<mjloggm ver="2.3"><GO type="169" lobby="0"/><UN n0="%E3%81%8A%E3%81%90%E3%82%89%E3%82%86%E3%81%84" n1="%E3%82%BC%E3%83%B3%E3%83%84%E5%9E%8B%50" n2="%E4%B9%85%E4%BF%9D%E3%82%B7%E3%82%AA%E3%83%AA" n3="%E3%81%8D%E3%82%83%E3%83%BC%E3%82%8D%E3%82%93" dan="16,16,16,16" rate="2027.89,2152.86,2016.97,2144.97" sx="M,M,M,M"/><TAIKYOKU oya="0"/><INIT seed="0,0,0,1,1,107" ten="250,250,250,250" oya="0" hai0="40,45,16,18,63,132,56,21,67,71,72,96,95" hai1="20,82,30,66,7,23,36,85,80,5,78,15,99" hai2="51,83,41,0,46,32,88,74,94,118,102,75,6" hai3="114,135,59,35,90,22,44,13,68,133,127,92,34"/><T65/><D132/><N who="3" m="50761" /><G68/><T106/><D106/><U93/><E36/><V64/><F32/><W126/><G114/><T52/><D72/><U62/><E82/><V38/><F118/><W84/><G44/><T43/><D18/><U53/><E53/><V17/><F102/><W10/><G22/><T131/><D131/><U117/><E117/><V49/><F64/><N who="0" m="24650" /><D71/><U98/><E98/><V125/><F125/><N who="3" m="47627" /><G59/><T39/><D39/><U33/><E33/><V1/><F1/><W60/><G60/><T110/><D110/><U70/><E23/><V120/><F120/><W50/><G50/><T61/><D61/><U31/><E31/><V2/><F2/><W128/><G128/><T14/><D45/><U113/><E113/><V134/><F49/><W9/><G9/><T87/><D87/><U27/><REACH who="1" step="1"/><E15/><REACH who="1" ten="250,240,250,250" step="2"/><V19/><F0/><W77/><G77/><T58/><D58/><U3/><E3/><V119/><F134/><W55/><G55/><T26/><D14/><U25/><E25/><V109/><F38/><W11/><G11/><T100/><AGARI ba="0,1" hai="16,21,26,40,43,52,56,63,95,96,100" m="24650" machi="100" ten="30,6000,0" yaku="8,1,54,2" doraHai="107" who="0" fromWho="0" sc="250,70,240,-20,250,-20,250,-20" /><INIT seed="0,1,0,5,4,107" ten="320,220,230,230" oya="0" hai0="4,96,75,94,7,106,50,41,119,95,121,34,27" hai1="19,109,3,65,47,6,125,1,11,113,42,0,122" hai2="82,76,67,130,56,9,37,57,15,36,86,52,12" hai3="78,132,135,87,92,14,43,115,101,102,93,66,70"/><T25/><D119/><U26/><E122/><V30/><F130/><W90/><G43/><T118/><D118/><U85/><E109/><V104/><F104/><W18/><G115/><T58/><D34/><U39/><E113/><V123/><F123/><W134/><G66/><T103/><D58/><U2/><E125/><V17/><F30/><W35/><G70/><T23/><D27/><U63/><E85/><V60/><REACH who="2" step="1"/><F12/><REACH who="2" ten="320,220,220,230" step="2"/><W8/><G35/><T69/><D106/><U22/><REACH who="1" step="1"/><E0/><REACH who="1" ten="320,210,220,230" step="2"/><V105/><F105/><W126/><G126/><T111/><D121/><U98/><E98/><V88/><F88/><N who="3" m="53279" /><G78/><T16/><D96/><AGARI ba="1,2" hai="8,14,18,90,93,96,101,102,132,134,135" m="53279" machi="96" ten="30,2000,0" yaku="20,1,54,1" doraHai="107" who="3" fromWho="0" sc="320,-23,210,0,220,0,230,43" /><INIT seed="1,0,0,4,5,88" ten="297,210,220,273" oya="1" hai0="2,84,25,124,92,93,129,3,61,72,122,20,12" hai1="119,56,118,47,55,10,105,59,125,112,108,0,4" hai2="66,7,113,31,104,9,120,5,94,64,33,67,29" hai3="35,103,60,74,44,16,86,28,73,58,68,41,57"/><U115/><E105/><V135/><F104/><W13/><G68/><T90/><D72/><U42/><E125/><V95/><F120/><W65/><G35/><T111/><D122/><U133/><E133/><V70/><F70/><W98/><G28/><T127/><D12/><U76/><E76/><V69/><F69/><W62/><G86/><T131/><D61/><U23/><E108/><V27/><F31/><W81/><G81/><N who="0" m="49423" /><D20/><U83/><E83/><V134/><F113/><W110/><G110/><T8/><D25/><U85/><E85/><V14/><REACH who="2" step="1"/><F5/><REACH who="2" ten="297,210,210,273" step="2"/><W53/><G74/><T96/><D111/><U32/><E115/><V11/><F11/><W30/><G73/><T43/><D8/><U52/><E112/><V107/><F107/><W97/><G30/><T19/><D127/><U22/><E119/><V40/><F40/><W117/><G117/><T82/><D43/><U109/><E118/><V18/><F18/><W50/><G103/><T126/><D19/><U63/><E109/><V91/><F91/><W100/><G100/><T51/><D126/><U37/><REACH who="1" step="1"/><E32/><REACH who="1" ten="297,200,210,273" step="2"/><V46/><F46/><W77/><G77/><T1/><D124/><U87/><E87/><V17/><F17/><W114/><G114/><T123/><D123/><U121/><E121/><V132/><AGARI ba="0,2" hai="7,9,14,27,29,33,64,66,67,94,95,132,134,135" machi="132" ten="40,8000,1" yaku="1,1,0,1,20,1,52,2,53,0" doraHai="88" doraHaiUra="39" who="2" fromWho="2" sc="297,-20,200,-40,210,100,273,-20" /><INIT seed="2,0,0,4,5,76" ten="277,160,310,253" oya="2" hai0="97,51,32,63,79,4,58,85,114,74,109,98,19" hai1="20,40,93,75,25,17,45,107,103,110,102,6,21" hai2="43,134,53,83,95,60,123,130,3,49,30,127,77" hai3="113,118,62,54,132,70,126,13,121,18,104,33,96"/><V106/><F106/><W84/><G121/><T94/><D74/><U34/><E110/><V38/><F123/><W12/><G118/><T80/><D114/><U39/><E34/><V119/><F119/><W29/><G132/><T42/><D32/><U71/><E71/><V26/><F3/><W105/><G126/><T87/><D4/><U7/><E75/><V56/><F127/><W111/><G111/><T67/><D19/><U78/><E107/><V92/><F38/><W86/><G18/><T48/><D109/><U115/><E115/><V120/><F130/><W99/><G54/><T16/><D16/><U124/><E124/><V46/><F134/><W47/><G47/><N who="0" m="25719" /><D51/><U91/><E78/><V15/><F15/><W73/><G73/><T133/><D133/><U59/><E59/><V14/><F14/><W24/><G33/><T27/><D27/><U64/><E64/><V31/><F120/><W112/><G70/><T55/><D67/><U122/><E122/><V125/><F125/><W88/><G24/><T52/><D55/><U35/><E35/><V11/><F11/><W23/><G62/><T116/><D116/><U0/><E21/><V81/><F77/><W65/><G65/><T41/><D41/><U82/><E7/><V44/><F44/><W22/><G29/><N who="2" m="10761" /><F26/><W90/><AGARI ba="0,0" hai="12,13,22,23,84,86,88,90,96,99,104,105,112,113" machi="90" ten="25,6400,0" yaku="0,1,22,2,54,1" doraHai="76" who="3" fromWho="3" sc="277,-16,160,-16,310,-32,253,64" /><INIT seed="3,0,0,0,1,101" ten="261,144,278,317" oya="3" hai0="124,19,104,38,135,17,21,62,91,120,31,0,58" hai1="128,134,56,78,132,80,55,60,121,63,44,29,72" hai2="1,119,53,112,28,46,50,86,49,93,23,34,92" hai3="131,51,105,48,73,3,41,30,33,117,127,87,22"/><W52/><G117/><T7/><D38/><U5/><E121/><V64/><F1/><W83/><G3/><T90/><D120/><U13/><E128/><V85/><F112/><W6/><G6/><T103/><D7/><U96/><E29/><V42/><F34/><W39/><G73/><T37/><D37/><U32/><E32/><V88/><F64/><W2/><G2/><T66/><D19/><U114/><E114/><V10/><F10/><W99/><G33/><T36/><D36/><U107/><E44/><V115/><F119/><W59/><G39/><T122/><D31/><U14/><E63/><V84/><F93/><W25/><G131/><T47/><D47/><U94/><E107/><V40/><F40/><W61/><G127/><T35/><D124/><U74/><E74/><V16/><F28/><W43/><G99/><T54/><D66/><U68/><E68/><V18/><F18/><W81/><G105/><T70/><D70/><U27/><E27/><V79/><F79/><N who="3" m="46527" /><G83/><T12/><D0/><U97/><E97/><V113/><F113/><W110/><G110/><T45/><D35/><U108/><E108/><V126/><F126/><W71/><G71/><T109/><D109/><U76/><E76/><V69/><F69/><W130/><G130/><T11/><D122/><U106/><E106/><V57/><F115/><W4/><G4/><T65/><D104/><U125/><E125/><V82/><F82/><W26/><G26/><AGARI ba="0,0" hai="16,23,26,42,46,49,50,53,57,84,85,86,88,92" machi="26" ten="30,7700,0" yaku="7,1,8,1,54,2" doraHai="101" who="2" fromWho="3" sc="261,0,144,0,278,77,317,-77" /><INIT seed="4,0,0,5,0,10" ten="261,144,355,240" oya="0" hai0="38,21,108,87,60,63,129,13,23,56,134,103,75" hai1="120,105,68,55,97,22,85,70,86,1,16,52,98" hai2="100,93,35,45,27,54,92,57,19,107,47,41,104" hai3="96,29,112,130,48,20,37,106,118,30,121,28,67"/><T78/><D75/><U124/><E120/><V18/><F35/><W101/><G118/><T11/><D38/><U44/><E1/><V5/><F27/><W8/><G37/><T46/><D129/><U31/><E31/><V95/><F5/><W33/><G130/><T110/><D134/><U25/><E124/><V128/><F128/><W26/><G112/><T119/><D46/><U99/><E105/><V43/><F100/><W80/><G121/><T122/><D119/><U135/><E135/><V34/><F34/><W51/><G67/><T131/><D63/><U74/><E74/><V32/><F32/><W62/><G62/><T126/><D103/><U3/><E3/><V61/><F104/><W66/><G66/><N who="0" m="39175" /><D126/><U113/><E113/><V15/><F107/><W94/><G106/><T58/><D58/><U114/><E114/><V49/><REACH who="2" step="1"/><F15/><REACH who="2" ten="261,144,345,240" step="2"/><W72/><G33/><T9/><D13/><U77/><E77/><V65/><F65/><W84/><G72/><T42/><D122/><U4/><E4/><V79/><F79/><N who="3" m="46111" /><G30/><T64/><D64/><U2/><E2/><V6/><F6/><W102/><G29/><T132/><D131/><U76/><E76/><V91/><F91/><W17/><G102/><T24/><D78/><U50/><REACH who="1" step="1"/><E55/><REACH who="1" ten="261,134,345,240" step="2"/><V71/><F71/><AGARI ba="0,2" hai="16,22,25,44,50,52,68,70,71,85,86,97,98,99" machi="71" ten="40,8000,1" yaku="1,1,2,1,54,2,53,0" doraHai="10" doraHaiUra="116" who="1" fromWho="2" sc="261,0,134,100,345,-80,240,0" /><INIT seed="5,0,0,1,0,46" ten="261,234,265,240" oya="1" hai0="92,53,82,24,134,81,60,119,73,122,65,8,128" hai1="44,97,39,91,96,30,116,41,109,70,111,57,76" hai2="22,36,78,115,32,127,123,23,18,56,6,31,87" hai3="106,99,63,34,29,16,45,131,28,110,12,59,124"/><U21/><E116/><V37/><F123/><W93/><G110/><N who="1" m="41994" /><E70/><V104/><F104/><W112/><G112/><T40/><D73/><U113/><E113/><V84/><F115/><W86/><G124/><T0/><D122/><U9/><E76/><V48/><F32/><W85/><G131/><T35/><D40/><U5/><E91/><V74/><F74/><W52/><G106/><T120/><D92/><U102/><E57/><V100/><F6/><W62/><G34/><T19/><D35/><U58/><E58/><V69/><F69/><W33/><G33/><T61/><D61/><U90/><E90/><V43/><F100/><N who="3" m="60527" /><G63/><T114/><D60/><U7/><E102/><V125/><F56/><W72/><G72/><T4/><D114/><U135/><E135/><V1/><F127/><W108/><G108/><T10/><D134/><U75/><E75/><V11/><F125/><W83/><G45/><T121/><D119/><U79/><E79/><V64/><F78/><N who="3" m="46327" /><G86/><T54/><D121/><U15/><E5/><V47/><F87/><W14/><G14/><T130/><D4/><U118/><E118/><V66/><F84/><W25/><G25/><AGARI ba="0,0" hai="7,9,15,21,25,30,39,41,44,96,97" m="41994" machi="25" ten="30,1500,0" yaku="10,1" doraHai="46" who="1" fromWho="3" sc="261,0,234,15,265,0,240,-15" /><INIT seed="5,1,0,4,5,97" ten="261,249,265,225" oya="1" hai0="101,25,40,81,41,99,91,76,77,123,133,50,43" hai1="15,58,103,34,60,31,19,112,57,119,39,55,104" hai2="126,131,26,95,71,94,108,75,88,65,47,51,4" hai3="100,38,73,115,20,74,135,9,72,66,92,61,113"/><U29/><E119/><V37/><F108/><W102/><G38/><T78/><D133/><U11/><E39/><V32/><F75/><W63/><G135/><T13/><D123/><U8/><E112/><N who="3" m="43082" /><G92/><N who="0" m="58599" /><D91/><U44/><E44/><V98/><F126/><W62/><G66/><T23/><D13/><U90/><E34/><V36/><F4/><W42/><G42/><T53/><D81/><U48/><E8/><V93/><F93/><W87/><G20/><T117/><D117/><U27/><E27/><V89/><F131/><W21/><G9/><T109/><D109/><U0/><E0/><V111/><F65/><W45/><G45/><N who="0" m="27855" /><D40/><U110/><E110/><V107/><F71/><W134/><G134/><T124/><D124/><U122/><E122/><V79/><F107/><W14/><G87/><T80/><D80/><U12/><E12/><V2/><F111/><W3/><G3/><T18/><AGARI ba="1,0" hai="18,23,25,41,43,76,77,78" m="27855,58599" machi="18" ten="30,2000,0" yaku="8,1,52,1" doraHai="97" who="0" fromWho="0" sc="261,23,249,-11,265,-6,225,-6" /><INIT seed="6,0,0,1,5,118" ten="284,238,259,219" oya="2" hai0="51,4,108,129,100,8,48,56,0,85,73,94,89" hai1="81,15,92,105,95,6,34,7,127,58,122,13,10" hai2="52,79,128,77,28,67,131,50,97,116,16,64,65" hai3="60,134,80,62,119,47,75,36,87,83,135,117,107"/><V46/><F116/><W61/><G107/><T106/><D73/><U43/><E105/><V130/><F28/><W112/><G75/><T54/><D108/><U23/><E34/><V68/><F68/><W26/><G26/><T86/><D86/><U98/><E127/><V31/><F31/><W78/><G112/><T69/><D69/><U2/><E2/><V121/><F121/><W49/><G36/><T1/><D129/><U76/><E43/><V33/><F33/><W71/><G83/><T132/><D132/><N who="3" m="50729" /><G71/><T104/><D104/><U115/><E115/><V110/><F110/><W40/><AGARI ba="0,0" hai="40,47,49,60,61,62,78,80,87,117,119" m="50729" machi="40" ten="30,1100,0" yaku="20,1" doraHai="118" who="3" fromWho="3" sc="284,-3,238,-3,259,-5,219,11" /><INIT seed="7,0,0,4,4,78" ten="281,235,254,230" oya="3" hai0="56,11,7,93,129,43,0,21,127,106,23,102,95" hai1="17,3,48,80,59,60,117,108,87,111,69,67,42" hai2="22,134,128,104,1,83,97,58,36,130,112,13,30" hai3="8,18,44,89,113,15,126,51,9,72,79,24,115"/><W70/><G70/><T5/><D5/><U57/><E3/><V99/><F36/><W27/><G126/><T25/><D23/><U37/><E117/><V75/><F112/><N who="3" m="43083" /><G89/><T74/><D74/><U16/><E111/><V52/><F1/><W33/><G9/><T122/><D122/><U114/><E114/><V61/><F134/><W6/><G33/><T116/><D116/><U64/><E108/><V31/><F31/><W110/><G110/><T107/><D107/><U105/><E105/><V39/><F39/><W101/><G101/><T49/><D102/><U32/><E32/><V86/><F104/><W81/><G6/><T92/><D129/><N who="2" m="49770" /><F75/><W98/><G98/><T29/><D106/><U109/><E109/><V119/><F119/><W38/><G38/><T14/><D127/><U133/><E133/><V35/><F35/><W50/><G50/><T132/><D132/><U71/><E37/><V131/><F131/><W85/><G72/><T62/><D0/><U19/><E67/><V47/><F99/><W41/><AGARI ba="0,0" hai="8,15,18,24,27,41,44,51,79,81,85" m="43083" machi="41" ten="30,3000,0" yaku="15,1,52,1" doraHai="78" who="3" fromWho="3" sc="281,-10,235,-10,254,-10,230,30" /><INIT seed="7,1,0,3,3,87" ten="271,225,244,260" oya="3" hai0="117,13,113,72,125,1,30,66,98,32,120,18,7" hai1="132,44,102,119,128,121,29,34,3,60,16,135,57" hai2="131,114,37,51,97,74,101,17,82,65,73,70,10" hai3="49,106,68,90,33,83,112,103,105,58,38,67,76"/><W12/><G38/><T130/><D117/><U93/><E121/><V62/><F37/><W91/><G33/><T124/><D72/><U94/><E3/><V108/><F108/><W75/><G68/><T8/><D66/><U47/><E119/><V26/><F114/><W5/><G5/><T14/><D98/><U129/><E29/><V115/><F131/><N who="1" m="50249" /><E34/><V79/><F115/><W42/><G112/><T96/><D96/><N who="1" m="59663" /><E94/><V25/><F73/><W81/><G75/><T45/><D120/><U61/><E61/><V85/><F74/><W78/><G67/><T122/><D122/><U2/><E2/><V88/><F79/><W123/><G123/><T43/><D113/><U116/><E116/><V15/><REACH who="2" step="1"/><F51/><REACH who="2" ten="271,225,234,260" step="2"/><W20/><G49/><T133/><D130/><U4/><E4/><V23/><F23/><W104/><G20/><T28/><D7/><U95/><E132/><V19/><F19/><W63/><G76/><T59/><D18/><U109/><E109/><V39/><F39/><W111/><G78/><T69/><D133/><U110/><E110/><V41/><F41/><W6/><G42/><T36/><D43/><U9/><E135/><V107/><AGARI ba="1,1" hai="10,15,17,25,26,62,65,70,82,85,88,97,101,107" machi="107" ten="20,12000,2" yaku="1,1,0,1,7,1,52,1,54,1,53,1" doraHai="87" doraHaiUra="80" who="2" fromWho="2" sc="271,-31,225,-31,234,133,260,-61" owari="240,4.0,194,-30.6,367,46.7,199,-20.1" /></mjloggm>