<mjloggm ver="2.3"><GO type="169" lobby="0"/><UN n0="%6B%6C%6F%6E%64%69%6B%65" n1="%E5%AE%8C%E5%85%A8%E5%AE%89%E7%89%8C" n2="%E3%81%93%E3%82%8C%E3%81%8C%E3%81%B5%E3%81%95%E3%81%B5%E3%81%95" n3="%6B%73%77%72%74" dan="16,17,16,16" rate="2163.34,2176.41,2140.18,2139.63" sx="M,M,M,M"/><TAIKYOKU oya="0"/><INIT seed="0,0,0,2,1,41" ten="250,250,250,250" oya="0" hai0="75,47,30,23,120,99,60,119,33,68,4,103,38" hai1="77,17,15,10,64,27,59,91,58,102,128,34,13" hai2="98,44,12,71,115,104,88,3,110,5,57,19,73" hai3="112,51,66,62,7,70,42,74,8,45,101,16,94"/><T21/><D119/><U9/><E128/><V92/><F71/><W65/><G112/><T108/><D120/><U14/><E102/><V18/><F115/><W25/><G74/><T69/><D75/><U86/><E77/><V135/><F135/><W83/><G66/><T127/><D4/><U56/><E64/><V123/><F123/><W130/><G130/><T24/><D127/><U22/><REACH who="1" step="1"/><E34/><REACH who="1" ten="250,240,250,250" step="2"/><V28/><F104/><W96/><G101/><T46/><D108/><U126/><E126/><V76/><F110/><W131/><G65/><T129/><D129/><U2/><E2/><V113/><F3/><W40/><G131/><T124/><D124/><U95/><AGARI ba="0,1" hai="9,10,13,14,15,17,22,27,56,58,59,86,91,95" machi="95" ten="30,4000,0" yaku="1,1,0,1,8,1,53,0" doraHai="41" doraHaiUra="78" who="1" fromWho="1" sc="250,-20,240,50,250,-10,250,-10" /><INIT seed="1,0,0,3,5,35" ten="230,290,240,240" oya="1" hai0="69,126,66,8,41,45,95,94,67,72,51,34,93" hai1="49,42,129,123,65,125,43,114,135,87,20,121,13" hai2="85,24,61,64,109,7,130,83,31,54,4,122,0" hai3="21,108,77,3,98,62,37,79,25,48,30,124,57"/><U107/><E107/><V73/><F73/><W23/><G108/><T111/><D34/><U84/><E20/><V96/><F109/><W127/><G37/><T63/><D111/><U104/><E104/><V59/><F130/><W112/><G112/><T88/><D72/><U118/><E13/><V81/><F122/><W16/><G3/><T38/><D126/><N who="3" m="48169" /><G48/><T36/><D67/><U119/><E65/><V80/><F0/><W89/><G89/><T53/><D8/><U100/><E125/><V44/><F85/><W134/><G98/><T15/><D15/><U40/><E49/><V33/><F96/><W60/><G134/><T133/><D133/><U90/><E90/><V86/><F86/><N who="1" m="32809" /><E135/><V29/><F29/><W10/><G10/><T47/><REACH who="0" step="1"/><D36/><REACH who="0" ten="220,290,240,240" step="2"/><U132/><E132/><V9/><F9/><W6/><G21/><T106/><D106/><U71/><E121/><V27/><F27/><W14/><G23/><T11/><D11/><U102/><E123/><V113/><F113/><W103/><G25/><T28/><D28/><U101/><E114/><V128/><F128/><W5/><G30/><T17/><D17/><U74/><E74/><V70/><F4/><W12/><G12/><T46/><D46/><U120/><E120/><V105/><F7/><W19/><G19/><T18/><D18/><U99/><E129/><V116/><F105/><W91/><G6/><T68/><D68/><U1/><E71/><V39/><F39/><W22/><G5/><T58/><D58/><U26/><E26/><V117/><F70/><W131/><G131/><T97/><AGARI ba="0,1" hai="38,41,45,47,51,53,63,66,69,88,93,94,95,97" machi="97" ten="20,8000,1" yaku="1,1,5,1,0,1,7,1,54,1,53,0" doraHai="35" doraHaiUra="55" who="0" fromWho="0" sc="220,90,290,-40,240,-20,240,-20" /><INIT seed="2,0,0,3,4,109" ten="310,250,220,220" oya="2" hai0="56,119,130,107,31,50,80,103,122,65,97,30,29" hai1="14,127,110,57,42,63,1,92,79,82,43,86,39" hai2="106,35,48,128,37,19,70,8,133,115,113,15,51" hai3="105,6,102,108,111,20,77,96,13,116,118,52,62"/><V85/><F106/><W90/><G77/><T7/><D122/><U0/><E110/><N who="3" m="42026" /><G90/><T49/><D130/><U53/><E127/><V120/><F120/><W121/><G121/><T73/><D119/><U23/><E39/><V27/><F37/><W66/><G66/><T87/><D73/><U98/><E1/><V84/><F70/><W117/><G20/><T67/><D7/><U45/><E0/><V68/><F68/><W5/><G13/><T135/><D135/><U41/><E45/><V89/><F128/><W83/><G83/><T114/><D114/><U33/><E33/><V4/><F133/><W9/><G9/><T76/><D67/><U60/><E23/><V58/><F84/><W69/><G69/><T64/><D65/><U123/><E14/><V75/><F75/><W78/><G78/><T25/><D25/><U101/><REACH who="1" step="1"/><E123/><REACH who="1" ten="310,240,220,220" step="2"/><V10/><F35/><W131/><G131/><T11/><D11/><U3/><E3/><V59/><F27/><W21/><G21/><T112/><D31/><U99/><E99/><V132/><F132/><W34/><G34/><T28/><D29/><U94/><E94/><V40/><F8/><W24/><G24/><T91/><D28/><U74/><E74/><V16/><F113/><W71/><G71/><T88/><D30/><U125/><E125/><V46/><F115/><W55/><G118/><T2/><D112/><U44/><E44/><V36/><F36/><W47/><G117/><T18/><D2/><U22/><E22/><V38/><F38/><W26/><G116/><T95/><D95/><U93/><E93/><RYUUKYOKU ba="0,1" sc="310,-10,240,30,220,-10,220,-10" hai1="41,42,43,53,57,60,63,79,82,86,92,98,101" /><INIT seed="3,1,1,1,3,95" ten="300,270,210,210" oya="3" hai0="132,61,84,22,113,70,53,50,108,2,49,72,74" hai1="85,135,32,134,18,123,16,0,75,28,3,94,37" hai2="79,48,26,71,68,133,21,119,131,92,69,120,115" hai3="31,40,112,67,5,11,51,90,117,30,39,96,82"/><W124/><G112/><T78/><D2/><N who="1" m="555" /><E85/><V62/><F115/><W91/><G117/><T77/><D113/><U57/><E57/><V118/><F120/><W87/><G124/><T93/><D49/><U65/><E65/><V44/><F133/><N who="1" m="50697" /><E75/><V98/><F79/><W104/><G39/><T58/><D132/><U60/><E60/><V126/><F126/><W102/><G67/><T59/><D108/><U6/><E94/><V86/><F86/><W66/><G66/><N who="0" m="39223" /><D72/><U20/><E37/><V15/><F15/><W34/><G34/><T109/><D70/><U103/><E103/><V105/><F105/><W128/><G128/><T56/><D74/><U27/><E123/><V80/><F80/><W23/><G91/><N who="0" m="53479" /><D109/><U8/><E32/><V97/><F62/><W99/><G51/><N who="0" m="30783" /><D22/><U73/><E73/><V45/><F131/><W33/><G23/><T35/><D35/><U29/><E6/><V63/><F63/><W106/><G33/><T122/><D122/><U12/><AGARI ba="1,1" hai="8,12,16,18,20,27,28,29" m="50697,555" machi="12" ten="40,8000,1" yaku="20,1,34,2,54,1" doraHai="95" who="1" fromWho="1" sc="300,-21,270,93,210,-21,210,-41" /><INIT seed="4,0,0,4,4,60" ten="279,363,189,169" oya="0" hai0="45,108,51,53,79,127,28,80,39,12,8,100,93" hai1="16,94,98,116,17,115,54,87,2,64,19,55,52" hai2="112,121,62,130,20,50,13,3,58,24,124,134,36" hai3="105,29,129,128,33,90,10,6,26,73,48,4,46"/><T123/><D123/><U47/><E116/><V25/><F121/><W31/><G105/><T135/><D127/><U32/><E32/><V9/><F36/><W27/><G73/><T118/><D118/><U67/><E2/><V114/><F124/><W92/><G128/><T99/><D135/><U74/><E74/><V95/><F130/><W91/><G129/><T78/><D108/><U63/><E115/><N who="2" m="44075" /><F134/><W97/><G90/><T57/><D28/><U133/><E133/><V75/><F75/><W96/><G96/><T65/><D80/><U83/><E63/><V102/><F50/><W44/><G48/><N who="0" m="30887" /><D39/><U66/><E47/><V38/><F38/><W111/><G111/><T70/><D65/><U71/><E71/><V42/><F42/><W7/><REACH who="3" step="1"/><G10/><REACH who="3" ten="279,363,189,159" step="2"/><T34/><D70/><U126/><E126/><V35/><F102/><W40/><G40/><N who="0" m="24999" /><D34/><AGARI ba="0,1" hai="4,6,7,26,27,29,31,33,34,44,46,91,92,97" machi="34" ten="40,5200,0" yaku="1,1,9,1,53,1" doraHai="60" doraHaiUra="89" who="3" fromWho="0" sc="279,-52,363,0,189,0,159,62" /><INIT seed="5,0,0,4,1,96" ten="227,363,189,221" oya="1" hai0="48,73,27,111,108,88,30,43,112,123,114,83,47" hai1="20,125,32,18,11,90,102,53,131,80,15,103,31" hai2="113,56,97,70,29,78,23,128,110,4,82,46,67" hai3="74,94,51,42,85,99,106,117,133,44,54,87,98"/><U122/><E122/><V37/><F110/><W118/><G74/><T7/><D123/><U100/><E125/><V89/><F70/><W0/><G0/><T135/><D135/><U33/><E131/><V45/><F4/><W132/><G106/><T41/><D41/><U6/><E31/><V24/><F37/><W107/><G107/><T3/><D7/><U12/><REACH who="1" step="1"/><E53/><REACH who="1" ten="227,353,189,221" step="2"/><V9/><F128/><W72/><G54/><T57/><D111/><U13/><E13/><V28/><F29/><W35/><G133/><T124/><D3/><U16/><E16/><V52/><F113/><W19/><G132/><T104/><D108/><U34/><E34/><V105/><F67/><W25/><G35/><T5/><D124/><U109/><E109/><V127/><F127/><W14/><G14/><T81/><D114/><U120/><E120/><V93/><F9/><W75/><G19/><T63/><D112/><U79/><E79/><V17/><F28/><W76/><G76/><T39/><D5/><U26/><E26/><V95/><F105/><W126/><G25/><T101/><D27/><U38/><E38/><V22/><F22/><W58/><G126/><T91/><D30/><U130/><E130/><V71/><F71/><W50/><G118/><T129/><D129/><U65/><E65/><V77/><F77/><W36/><G117/><T68/><D39/><U116/><E116/><V92/><F78/><W62/><G36/><T49/><D68/><U59/><E59/><V84/><REACH who="2" step="1"/><F97/><REACH who="2" ten="227,353,179,221" step="2"/><W134/><G99/><T60/><D104/><U2/><E2/><V66/><F66/><RYUUKYOKU ba="0,2" sc="227,-15,353,15,179,15,221,-15" hai1="6,11,12,15,18,20,32,33,80,90,100,102,103" hai2="17,23,24,45,46,52,56,82,84,89,92,93,95" /><INIT seed="5,1,2,1,1,48" ten="212,368,194,206" oya="1" hai0="81,35,77,22,54,52,32,74,103,45,80,131,46" hai1="108,100,43,44,19,36,31,6,72,76,133,117,119" hai2="79,109,30,59,123,85,75,86,120,112,47,98,66" hai3="96,62,27,15,99,121,2,40,93,69,134,56,12"/><U87/><E133/><V64/><F109/><W42/><G121/><T115/><D103/><U58/><E108/><V3/><F3/><W7/><G69/><T104/><D104/><U126/><E126/><V130/><F130/><W24/><G2/><T34/><D131/><U89/><E31/><V102/><F30/><W5/><G134/><T25/><D115/><U116/><E100/><V90/><F47/><W0/><G0/><T9/><D9/><U84/><E6/><N who="3" m="2058" /><G12/><T128/><D128/><U10/><E89/><V4/><F4/><W118/><G15/><T107/><D107/><U73/><E10/><V16/><F16/><W18/><G118/><T91/><D45/><U17/><E19/><V13/><F13/><W55/><G99/><T61/><D46/><U101/><E17/><V29/><F29/><W20/><G27/><T38/><D38/><U68/><E68/><V83/><F112/><W26/><G26/><T82/><D61/><U63/><E73/><V39/><F39/><W106/><G106/><T11/><D11/><U71/><E71/><V125/><F75/><W105/><G105/><T110/><D110/><U21/><E36/><V122/><F98/><W49/><G49/><T33/><N who="0" m="8192" /><DORA hai="67" /><T127/><D127/><U65/><E72/><V23/><F122/><W111/><G111/><T88/><D74/><U50/><E117/><V114/><F120/><W129/><G129/><T41/><D77/><U124/><E116/><V113/><F123/><W51/><G62/><T95/><D41/><U14/><E43/><V28/><F113/><W78/><G78/><RYUUKYOKU ba="1,2" sc="212,-10,368,-10,194,-10,206,30" hai3="18,20,24,40,42,51,55,56,93,96" /><INIT seed="6,2,2,3,2,132" ten="202,358,184,236" oya="2" hai0="32,6,107,98,60,114,9,54,10,66,65,29,52" hai1="99,81,19,113,91,94,43,93,101,3,86,97,89" hai2="50,106,64,121,4,38,102,26,25,7,134,28,125" hai3="45,2,30,12,16,35,18,14,111,58,85,36,70"/><V105/><F121/><W87/><G111/><T33/><D114/><U5/><E113/><V129/><F38/><W104/><G70/><T90/><D29/><U41/><E3/><V95/><F134/><W109/><G104/><N who="2" m="40041" /><F64/><W67/><G2/><T118/><D118/><U56/><E5/><N who="2" m="2123" /><F50/><W21/><G109/><T92/><D107/><U79/><E101/><V24/><F28/><W131/><G131/><T48/><D10/><U22/><E56/><V1/><F1/><W72/><G72/><T127/><D66/><U108/><E108/><V71/><F71/><W11/><G36/><T73/><D73/><U122/><E122/><V17/><F17/><W49/><G35/><T103/><D54/><U63/><E63/><V110/><F110/><W112/><G30/><T80/><D33/><U0/><E0/><V135/><F135/><W123/><G123/><T68/><D32/><U77/><E79/><V20/><F20/><W76/><G76/><T82/><D103/><U83/><E83/><V59/><F59/><W27/><G112/><T53/><D80/><U44/><E44/><V126/><F129/><W39/><G39/><T69/><D82/><U116/><E116/><V15/><F15/><AGARI ba="2,2" hai="15,19,22,41,43,77,81,86,89,91,93,94,97,99" machi="15" ten="30,3900,0" yaku="7,1,9,1,8,1" doraHai="132" who="1" fromWho="2" sc="202,0,358,65,184,-45,236,0" /><INIT seed="7,0,0,1,5,17" ten="202,423,139,236" oya="3" hai0="71,116,69,48,5,77,26,72,123,74,32,109,24" hai1="113,76,4,104,108,13,127,33,60,30,117,124,0" hai2="102,59,8,132,130,47,82,52,18,103,15,101,122" hai3="84,55,112,43,97,107,21,128,19,96,57,79,1"/><W27/><G112/><T39/><D48/><U2/><E108/><V68/><F132/><W54/><G1/><T49/><D49/><U94/><E104/><V95/><F130/><W75/><G75/><T133/><D5/><U83/><E117/><V134/><F134/><W44/><G107/><T98/><D98/><U29/><E94/><V119/><F119/><W42/><G54/><T41/><D116/><U51/><E60/><V106/><F106/><W9/><G9/><T87/><D87/><U46/><E13/><V99/><F68/><N who="0" m="26186" /><D24/><N who="1" m="18599" /><E113/><V25/><F122/><W93/><G128/><T56/><D56/><U7/><E30/><V70/><F70/><W105/><G105/><T10/><D10/><U88/><E88/><V14/><F47/><W12/><G27/><T81/><D72/><N who="1" m="43399" /><E7/><V22/><F82/><N who="3" m="47199" /><G44/><N who="0" m="23615" /><D133/><U16/><E4/><V111/><F111/><W31/><G31/><N who="0" m="19575" /><D109/><U121/><E121/><AGARI ba="0,0" hai="74,77,81,121,123" m="19575,23615,26186" machi="121" ten="30,1000,0" yaku="23,1" doraHai="17" who="0" fromWho="1" sc="202,10,423,-10,139,0,236,0" owari="212,-18.8,413,51.3,139,-36.1,236,3.6" /></mjloggm>