<mjloggm ver="2.3"><GO type="169" lobby="0"/><UN n0="%52%59%4F%40%53%53" n1="%E3%83%AA%E3%83%BC%E3%83%81%E3%83%89%E3%83%A9%33" n2="%E7%8A%AC%E5%B1%B1" n3="%E6%9E%95%E9%AD%9A" dan="17,16,16,16" rate="2218.99,2171.21,2056.23,2105.22" sx="M,M,M,F"/><TAIKYOKU oya="0"/><INIT seed="0,0,0,3,1,87" ten="250,250,250,250" oya="0" hai0="46,25,119,92,18,23,24,10,51,124,128,35,112" hai1="47,73,33,56,96,2,85,30,121,5,99,53,19" hai2="123,60,120,84,86,15,108,64,77,26,69,8,6" hai3="65,89,41,36,57,83,71,134,122,48,11,63,68"/><T4/><D112/><U70/><E121/><V95/><F108/><W55/><G11/><T14/><D119/><U58/><E73/><V133/><F133/><W117/><G117/><T98/><D124/><U45/><E70/><V88/><REACH who="2" step="1"/><F26/><REACH who="2" ten="250,250,240,250" step="2"/><W12/><G134/><T76/><D128/><U101/><E2/><V115/><F115/><W91/><G122/><T13/><D35/><U107/><E33/><V110/><F110/><W32/><G32/><T113/><D113/><U62/><E47/><V50/><F50/><W9/><G71/><T109/><D109/><U34/><E45/><V31/><F31/><W105/><G36/><T90/><REACH who="0" step="1"/><D76/><REACH who="0" ten="240,250,240,250" step="2"/><U111/><E34/><V135/><F135/><W49/><G68/><T130/><D130/><U93/><E111/><V27/><F27/><W118/><G118/><T132/><D132/><U0/><E0/><V61/><F61/><W72/><G63/><T52/><AGARI ba="0,2" hai="4,10,13,14,18,23,24,25,46,51,52,90,92,98" machi="52" ten="20,18000,2" yaku="1,1,0,1,7,1,8,1,52,1,54,1,53,0" doraHai="87" doraHaiUra="129" who="0" fromWho="0" sc="240,200,250,-60,240,-60,250,-60" /><INIT seed="0,1,0,4,3,5" ten="440,190,180,190" oya="0" hai0="60,59,109,17,50,117,70,68,114,80,48,116,112" hai1="54,18,134,78,39,83,88,108,63,133,16,121,66" hai2="75,42,9,98,105,131,41,73,94,30,101,92,85" hai3="77,91,95,64,57,103,6,0,25,125,52,10,12"/><T55/><D80/><U122/><E39/><V61/><F131/><W46/><G125/><T97/><D97/><U89/><E54/><V27/><F105/><W118/><G118/><N who="0" m="45675" /><D17/><N who="1" m="6763" /><E108/><V49/><F61/><W3/><G64/><T84/><D84/><N who="1" m="48247" /><E121/><V14/><F49/><N who="0" m="19050" /><D109/><U11/><E11/><V62/><F62/><W31/><G46/><T37/><D37/><U34/><E34/><V20/><F75/><W130/><G103/><T123/><D123/><U126/><E126/><V65/><F73/><W135/><G77/><T81/><D81/><U28/><E28/><V40/><F65/><W74/><G74/><T113/><AGARI ba="1,0" hai="55,59,60,68,70,112,113,114" m="19050,45675" machi="113" ten="40,3900,0" yaku="34,2" doraHai="5" who="0" fromWho="0" sc="440,42,190,-14,180,-14,190,-14" /><INIT seed="0,2,0,1,1,56" ten="482,176,166,176" oya="0" hai0="111,71,120,48,93,118,29,3,44,94,109,14,69" hai1="41,79,130,68,30,116,9,12,88,101,90,123,99" hai2="77,96,108,74,80,39,100,73,58,1,42,35,52" hai3="43,13,87,54,8,114,25,78,86,38,61,135,119"/><T49/><D118/><U67/><E116/><V46/><F35/><W27/><G114/><T128/><D3/><U122/><E41/><V82/><F1/><W59/><G119/><T10/><D29/><U50/><E79/><V57/><F108/><N who="0" m="41546" /><D120/><U6/><E30/><V16/><F82/><W36/><G135/><T51/><D44/><U131/><E50/><V132/><F132/><W72/><G72/><T84/><D128/><N who="1" m="49195" /><E123/><V129/><F129/><W17/><G43/><T4/><D84/><U0/><E0/><V102/><F58/><W47/><G86/><T75/><D75/><U7/><E7/><V107/><F74/><W124/><G47/><T64/><D64/><U45/><E45/><V98/><F98/><W22/><G36/><T37/><D37/><U21/><E21/><V92/><F107/><W133/><G38/><T19/><D4/><U32/><E32/><V125/><F125/><W76/><G124/><T23/><D23/><U83/><E83/><V33/><F33/><W127/><G127/><T85/><D85/><U91/><E122/><V95/><F96/><W134/><G134/><T34/><D34/><U106/><E67/><V15/><F102/><W65/><G133/><T103/><D103/><U115/><E115/><V55/><F100/><W18/><G65/><T104/><D104/><U112/><E112/><V110/><F110/><W11/><G87/><T20/><D20/><U53/><E53/><V117/><F55/><W126/><G126/><T5/><D5/><U113/><E113/><V26/><F117/><W63/><G22/><T105/><D105/><RYUUKYOKU ba="2,0" sc="482,15,176,15,166,-15,176,-15" hai0="10,14,19,48,49,51,69,71,93,94" hai1="6,9,12,68,88,90,91,99,101,106" /><INIT seed="0,3,0,5,4,122" ten="497,191,151,161" oya="0" hai0="118,101,90,135,128,20,74,86,27,31,3,36,11" hai1="12,120,72,108,55,47,110,112,115,77,119,132,30" hai2="21,35,0,29,126,10,116,13,131,44,17,6,104" hai3="75,107,129,87,85,59,16,58,37,65,4,80,66"/><T39/><D118/><U22/><E119/><V54/><F104/><W24/><G37/><T68/><D68/><U106/><E120/><V94/><F44/><W7/><G107/><T92/><D74/><U95/><E106/><V67/><F54/><W117/><G75/><T124/><D124/><U49/><E132/><V99/><F67/><N who="3" m="25611" /><G129/><T91/><D101/><U26/><E95/><V50/><F50/><W40/><G40/><T79/><D79/><U25/><E12/><V1/><F94/><W5/><G117/><T23/><D135/><U133/><E133/><V97/><F97/><W19/><G24/><T64/><D64/><U62/><E62/><V38/><F99/><W8/><G8/><T33/><D128/><U109/><E26/><N who="2" m="18871" /><F38/><W96/><G96/><T98/><D11/><U52/><REACH who="1" step="1"/><E55/><REACH who="1" ten="497,181,151,161" step="2"/><V2/><F116/><W43/><G43/><T111/><D27/><U113/><E113/><V70/><F131/><W81/><G80/><AGARI ba="3,1" hai="22,25,30,47,49,52,72,77,80,108,109,110,112,115" machi="80" ten="50,12000,2" yaku="1,1,14,1,52,3,54,1,53,1" doraHai="122" doraHaiUra="42" who="1" fromWho="3" sc="497,0,181,139,151,0,161,-129" /><INIT seed="1,0,0,4,2,133" ten="497,320,151,32" oya="1" hai0="102,74,11,99,34,67,29,78,30,96,46,97,12" hai1="104,119,32,7,57,129,42,62,95,22,76,84,3" hai2="126,134,60,40,8,39,82,114,51,37,36,115,38" hai3="75,9,64,132,45,1,85,131,0,111,108,72,83"/><U88/><E119/><V122/><F82/><W86/><G64/><T135/><D135/><U35/><E104/><V53/><F8/><W63/><G132/><T19/><D67/><U94/><E129/><V116/><F134/><W43/><G63/><T69/><D69/><U14/><E3/><N who="3" m="1098" /><G9/><T2/><D2/><U27/><E76/><V92/><F92/><W33/><G33/><T54/><D78/><U91/><E42/><V80/><F80/><W4/><G83/><T68/><D68/><U90/><E14/><V41/><F122/><W128/><G45/><T109/><D109/><N who="3" m="42057" /><G43/><N who="2" m="16457" /><F116/><W25/><G25/><T5/><D5/><U93/><E7/><V113/><F60/><W16/><G16/><T89/><D19/><U59/><E84/><N who="3" m="32362" /><G4/><T28/><D11/><U123/><E123/><V124/><F39/><W81/><G81/><T125/><D12/><U117/><E117/><V50/><F50/><W31/><G31/><T56/><D29/><U24/><E22/><V66/><F66/><W87/><N who="3" m="32370" /><W65/><DORA hai="103" /><G65/><T49/><D28/><U106/><E62/><V10/><F10/><W47/><G47/><AGARI ba="0,0" hai="36,37,38,47,51,53,113,114,115,124,126" m="16457" machi="47" ten="40,8000,1" yaku="11,1,34,2,52,2" doraHai="133,103" who="2" fromWho="3" sc="497,0,320,0,151,80,32,-80" owari="497,59.7,320,12.0,231,-16.9,-48,-54.8" /></mjloggm>