<mjloggm ver="2.3"><GO type="169" lobby="0"/><UN n0="%E7%94%9F%E5%BE%92%E4%BC%9A%E3%80%90%E5%BA%8F%E3%80%91" n1="%6E%70%63%30%30%39" n2="%E3%83%A9%E3%83%96%E3%83%AC%E3%83%BC" n3="%E3%81%B3%E3%82%8D%E3%81%B4%E3%82%8D" dan="16,16,18,16" rate="2125.62,2121.84,2219.61,2166.84" sx="M,M,M,M"/><TAIKYOKU oya="0"/><INIT seed="0,0,0,0,5,94" ten="250,250,250,250" oya="0" hai0="127,59,98,111,95,112,36,117,128,72,101,109,6" hai1="7,91,113,84,27,74,34,97,30,57,10,92,100" hai2="3,82,20,131,90,19,76,70,106,130,21,121,126" hai3="68,48,33,12,41,86,71,5,28,73,83,77,132"/><T88/><D117/><U96/><E113/><V116/><F70/><W104/><G104/><T133/><D112/><U47/><E74/><V135/><F3/><W38/><G132/><T31/><D36/><U78/><E78/><V108/><F106/><W119/><G38/><T102/><D133/><U24/><E24/><V22/><F116/><W120/><G119/><T107/><D6/><U15/><E47/><V115/><F121/><W99/><G73/><T58/><D31/><U85/><REACH who="1" step="1"/><E57/><REACH who="1" ten="250,240,250,250" step="2"/><V51/><F115/><W134/><G134/><T66/><D72/><U103/><E103/><V2/><F135/><W56/><G56/><T54/><D102/><U64/><E64/><V124/><F131/><W43/><G68/><T16/><D128/><U118/><E118/><V1/><F130/><W0/><G71/><T53/><D66/><U62/><E62/><V81/><F126/><W55/><G77/><T25/><D127/><U63/><E63/><V79/><F124/><W14/><G120/><T129/><D129/><U17/><E17/><V13/><F79/><W35/><G28/><T42/><D59/><U49/><E49/><V67/><F76/><W87/><G48/><T9/><D25/><U26/><E26/><V61/><F51/><W18/><G18/><T110/><D42/><U89/><E89/><V4/><F61/><W65/><G43/><T80/><D58/><U93/><AGARI ba="0,1" hai="7,10,15,27,30,34,84,85,91,92,93,96,97,100" machi="93" ten="20,8000,1" yaku="1,1,0,1,7,1,52,2,53,0" doraHai="94" doraHaiUra="46" who="1" fromWho="1" sc="250,-40,240,90,250,-20,250,-20" /><INIT seed="1,0,0,0,3,22" ten="210,330,230,230" oya="1" hai0="49,51,1,88,102,94,7,107,15,32,64,33,57" hai1="87,129,115,86,110,13,128,117,79,101,41,55,114" hai2="25,35,85,44,23,119,48,84,112,4,58,75,74" hai3="3,52,122,100,46,17,54,30,53,90,91,11,27"/><U66/><E66/><V38/><F119/><W14/><G122/><T77/><D1/><U62/><E41/><V70/><F35/><W104/><G3/><T131/><D77/><U118/><E55/><V69/><F4/><W135/><G135/><T65/><D107/><U82/><E13/><V20/><F58/><W29/><G29/><T99/><D131/><N who="1" m="50251" /><E62/><V39/><F48/><W80/><G80/><T60/><D64/><U42/><E42/><V105/><F105/><W19/><G19/><T47/><D49/><U95/><E110/><V133/><F112/><N who="1" m="43049" /><E101/><V124/><F133/><W18/><G18/><T96/><D102/><U24/><E24/><V76/><F44/><W40/><G100/><T8/><REACH who="0" step="1"/><D96/><REACH who="0" ten="200,330,230,230" step="2"/><U93/><E87/><V113/><F113/><W111/><G111/><T45/><D45/><U56/><E56/><V130/><F130/><W81/><G104/><T126/><D126/><U34/><E34/><V92/><F124/><W5/><G46/><T120/><D120/><U6/><E6/><V116/><F85/><W97/><G5/><T36/><D36/><U10/><E10/><V98/><F84/><W89/><G11/><T125/><D125/><U12/><E95/><V31/><F92/><W9/><G9/><T73/><D73/><U16/><E93/><V121/><F121/><W71/><G97/><T108/><D108/><U103/><E103/><V61/><F98/><W63/><G63/><T59/><D59/><U21/><AGARI ba="0,1" hai="12,16,21,79,82,86,117,118" m="43049,50251" machi="21" ten="30,3000,0" yaku="19,1,54,1" doraHai="22" who="1" fromWho="1" sc="200,-10,330,40,230,-10,230,-10" /><INIT seed="1,1,0,3,2,8" ten="190,370,220,220" oya="1" hai0="98,16,57,77,67,113,110,25,90,119,134,24,131" hai1="53,105,97,48,0,46,42,117,29,76,38,121,39" hai2="73,43,89,35,17,101,106,28,14,49,44,50,63" hai3="64,18,59,84,2,20,114,10,92,78,83,4,94"/><U96/><E117/><V88/><F73/><W99/><G114/><T123/><D113/><U129/><E121/><V1/><F1/><W61/><REACH who="3" step="1"/><G99/><REACH who="3" ten="190,370,220,210" step="2"/><T5/><D119/><U81/><E97/><V9/><F106/><W12/><AGARI ba="1,1" hai="2,4,10,12,18,20,59,61,64,78,83,84,92,94" machi="12" ten="20,12000,2" yaku="1,1,2,1,0,1,7,1,52,1,53,1" doraHai="8" doraHaiUra="33" who="3" fromWho="3" sc="190,-31,370,-61,220,-31,210,133" /><INIT seed="2,0,0,5,2,5" ten="159,309,189,343" oya="2" hai0="4,129,37,6,122,66,130,77,83,47,82,124,44" hai1="75,45,91,2,88,112,84,65,46,42,94,0,87" hai2="9,111,7,71,12,62,22,63,81,39,34,30,76" hai3="61,23,121,38,102,68,3,31,56,35,133,29,132"/><V18/><F39/><W25/><G38/><T14/><D37/><U49/><E75/><V20/><F71/><W10/><G68/><T16/><D122/><U118/><E118/><V119/><F119/><W106/><G106/><T78/><D124/><U97/><E112/><V15/><F34/><W116/><G102/><T134/><D14/><U53/><E65/><V40/><F40/><W54/><G116/><T98/><D98/><U8/><E0/><V127/><F127/><W99/><G99/><T93/><D93/><U48/><REACH who="1" step="1"/><E91/><REACH who="1" ten="159,299,189,343" step="2"/><V17/><F111/><W114/><G114/><T36/><D66/><U64/><E64/><V96/><F96/><W100/><G121/><T26/><D130/><U109/><E109/><V50/><F30/><W80/><G31/><T86/><D129/><U33/><E33/><V105/><F105/><W135/><G35/><T85/><D134/><U24/><E24/><N who="2" m="14351" /><F50/><W21/><G132/><T11/><D36/><U58/><E58/><V95/><F95/><W70/><G133/><T32/><D32/><U72/><E72/><V104/><F104/><W110/><G135/><T57/><D57/><U59/><E59/><V52/><F63/><W69/><G110/><T103/><D26/><U113/><E113/><V43/><F62/><W117/><G117/><T115/><D115/><U128/><E128/><V90/><F90/><W41/><G69/><T19/><D103/><U67/><E67/><V126/><F126/><W89/><G70/><T1/><D1/><U51/><E51/><V13/><F22/><W60/><G21/><T92/><D92/><RYUUKYOKU ba="0,1" sc="159,15,299,15,189,-15,343,-15" hai0="4,6,11,16,19,44,47,77,78,82,83,85,86" hai1="2,8,42,45,46,48,49,53,84,87,88,94,97" /><INIT seed="3,1,1,3,5,118" ten="174,314,174,328" oya="3" hai0="87,4,45,46,131,114,68,69,128,15,100,90,88" hai1="111,130,119,40,6,108,110,104,72,116,0,132,101" hai2="44,7,13,122,25,61,79,36,50,93,22,112,12" hai3="17,38,73,47,52,19,51,57,107,81,24,103,66"/><W117/><G117/><N who="1" m="45130" /><E40/><V102/><F112/><W96/><G73/><T20/><D114/><U124/><E6/><V135/><F135/><W64/><G81/><T31/><D100/><U8/><E8/><V129/><F129/><N who="0" m="49738" /><D90/><U78/><E0/><V75/><F36/><W41/><G24/><N who="0" m="16775" /><D15/><U29/><E29/><V89/><F102/><W30/><REACH who="3" step="1"/><G30/><REACH who="3" ten="174,314,174,318" step="2"/><T59/><D4/><U86/><E130/><V10/><F75/><W95/><G95/><N who="0" m="54687" /><D59/><U58/><E58/><V85/><F7/><W99/><G99/><T92/><D92/><U9/><E72/><V77/><F93/><W109/><G109/><T1/><D1/><U91/><E110/><V105/><F85/><W55/><G55/><T28/><D28/><U43/><E108/><V127/><F10/><W37/><G37/><T23/><D23/><U74/><E111/><V42/><F22/><W134/><G134/><T98/><D98/><N who="1" m="61495" /><E132/><V83/><F83/><W21/><G21/><T97/><D97/><U70/><E74/><V65/><F105/><W106/><G106/><T16/><D16/><AGARI ba="1,2" hai="16,17,19,38,41,47,51,52,57,64,66,96,103,107" machi="16" ten="40,7700,0" yaku="1,1,54,2,53,0" doraHai="118" doraHaiUra="113" who="3" fromWho="0" sc="174,-80,314,0,174,0,318,100" /><INIT seed="3,2,0,4,0,32" ten="94,314,174,418" oya="3" hai0="43,4,55,110,133,93,89,9,0,126,39,17,100" hai1="59,120,12,52,58,6,25,124,78,16,8,1,79" hai2="107,96,46,90,11,14,56,80,121,50,53,18,36" hai3="27,3,127,22,37,109,130,87,91,24,40,2,72"/><W85/><G72/><T30/><D133/><U74/><E120/><V73/><F121/><W131/><G127/><T99/><D126/><U129/><E124/><V20/><F107/><W10/><G10/><T106/><D110/><U115/><E115/><V86/><F73/><W132/><G109/><T13/><D30/><U114/><E114/><V15/><F36/><W67/><G132/><T135/><D135/><U94/><E129/><N who="3" m="49162" /><G67/><T69/><D69/><U98/><E59/><V33/><F33/><W41/><G87/><T77/><D77/><U44/><E44/><V26/><F96/><W81/><G27/><T113/><D113/><U101/><E74/><V35/><F35/><W95/><G81/><T57/><D43/><N who="3" m="16457" /><G37/><T45/><D45/><U118/><E25/><V38/><F38/><W65/><G65/><T122/><D39/><U88/><E101/><V119/><F119/><W116/><G116/><T5/><D122/><U62/><E118/><V92/><F80/><W105/><G105/><T76/><D76/><U108/><E108/><V123/><F123/><W134/><G134/><T23/><D5/><U21/><AGARI ba="2,0" hai="1,6,8,12,16,21,52,58,62,78,79,88,94,98" machi="21" ten="20,12000,2" yaku="0,1,7,1,52,1,54,3" doraHai="32" who="1" fromWho="1" sc="94,-32,314,126,174,-32,418,-62" /><INIT seed="4,0,0,5,4,10" ten="62,440,142,356" oya="0" hai0="126,132,52,3,124,97,25,65,70,78,86,99,74" hai1="135,61,129,92,1,6,32,15,50,87,24,47,28" hai2="81,13,71,103,7,134,89,26,123,95,128,48,106" hai3="30,98,125,4,101,38,59,39,133,102,120,37,68"/><T53/><D3/><U44/><E135/><V110/><F123/><W66/><G68/><T111/><D74/><U0/><E129/><V93/><F71/><W14/><G30/><T33/><D132/><U104/><E104/><V20/><F110/><W114/><G133/><T119/><D119/><U115/><E115/><V73/><F128/><W58/><G114/><T41/><D41/><U63/><E44/><V34/><F34/><W62/><G120/><T54/><D111/><U85/><E85/><N who="2" m="50351" /><F106/><W42/><G42/><T16/><D33/><U49/><E49/><V117/><F117/><W109/><G109/><T18/><D65/><U17/><E87/><V127/><F127/><N who="0" m="48682" /><D70/><U64/><E92/><V84/><F84/><W22/><G125/><T29/><D29/><U67/><E67/><V35/><F35/><W45/><G45/><T12/><D25/><U5/><E1/><V88/><F103/><W56/><G101/><T72/><D72/><U80/><E80/><V108/><F73/><W43/><G43/><T122/><D122/><U9/><E64/><V23/><F108/><W2/><G2/><T19/><D12/><U79/><E79/><V27/><F27/><W90/><G90/><T107/><D107/><U105/><E105/><V8/><F88/><W57/><G102/><T83/><AGARI ba="0,0" hai="16,18,19,52,53,54,78,83,86,97,99" m="48682" machi="83" ten="40,7800,0" yaku="18,1,54,2" doraHai="10" who="0" fromWho="0" sc="62,78,440,-26,142,-26,356,-26" /><INIT seed="4,1,0,4,4,131" ten="140,414,116,330" oya="0" hai0="128,33,110,58,82,48,91,6,109,129,42,12,49" hai1="54,83,26,108,70,67,5,112,21,23,122,11,56" hai2="72,31,59,0,43,60,63,81,37,134,85,118,34" hai3="62,45,2,78,25,66,14,94,93,80,73,98,133"/><T41/><D33/><U30/><E108/><N who="0" m="41577" /><D6/><U76/><E122/><V38/><F72/><W100/><G2/><T4/><D4/><U40/><E112/><V126/><F0/><W50/><G133/><T64/><D12/><N who="1" m="5231" /><E70/><V84/><F43/><N who="0" m="16394" /><D91/><U115/><E40/><V107/><F107/><W104/><G14/><T95/><D95/><U35/><E35/><V130/><F130/><N who="0" m="50282" /><D82/><U13/><E115/><V119/><F59/><W117/><G25/><T19/><D19/><U36/><E83/><V96/><F81/><W61/><G93/><T106/><D106/><U77/><E13/><V116/><F34/><W99/><G99/><T121/><D121/><U79/><E21/><V53/><F96/><W125/><G94/><T32/><D32/><U86/><E86/><V90/><F119/><W97/><G117/><T68/><D68/><U55/><E30/><V89/><F31/><W10/><G98/><T88/><D88/><U102/><E102/><V28/><F28/><W1/><G97/><T24/><D24/><U15/><E15/><V57/><F118/><W20/><G100/><T123/><D123/><U111/><E26/><V124/><F116/><W75/><G104/><T52/><D64/><U74/><E23/><V8/><F8/><W71/><G20/><T65/><D65/><U135/><E111/><V17/><F17/><W46/><G66/><T47/><D47/><U27/><E27/><V3/><F3/><W132/><G45/><T22/><D22/><U16/><E16/><V39/><F90/><W87/><G1/><T92/><D92/><U120/><E120/><RYUUKYOKU ba="1,0" sc="140,30,414,-10,116,-10,330,-10" hai0="48,49,52,58" /><INIT seed="4,2,0,3,1,85" ten="170,404,106,320" oya="0" hai0="125,114,54,108,88,105,1,79,84,52,92,127,46" hai1="122,49,40,95,19,44,10,0,118,42,69,123,83" hai2="36,96,37,13,18,72,135,78,34,6,61,50,128" hai3="111,110,67,25,39,21,120,107,22,57,80,130,87"/><T90/><D105/><U116/><E83/><V11/><F128/><W45/><G107/><T81/><D1/><U64/><E95/><V32/><F135/><W20/><G130/><T28/><D28/><U33/><E19/><V43/><F61/><W53/><G120/><N who="1" m="46122" /><E10/><V41/><F50/><W65/><G39/><T113/><D108/><U31/><E31/><V70/><F70/><W17/><G45/><T98/><D79/><U93/><E93/><V102/><F18/><W27/><G21/><T76/><D76/><U16/><E16/><V9/><F78/><W134/><G134/><T109/><D109/><U56/><E0/><V133/><F133/><W63/><G110/><T73/><D73/><U8/><E8/><V99/><F13/><W129/><G129/><T12/><D12/><U132/><E33/><V5/><REACH who="2" step="1"/><F102/><REACH who="2" ten="170,404,96,320" step="2"/><W59/><G111/><T119/><D119/><U126/><E132/><V55/><F55/><N who="0" m="21034" /><D46/><N who="1" m="25799" /><E69/><V66/><F66/><W24/><G65/><T51/><D51/><U100/><E64/><V7/><F7/><W23/><G17/><T62/><D62/><U60/><E60/><V26/><F26/><W38/><G67/><T2/><D2/><U91/><E116/><V121/><F121/><W4/><G4/><T15/><D15/><U103/><E118/><V117/><F117/><W82/><G63/><T47/><D47/><U106/><E44/><V89/><F89/><W131/><G131/><T29/><D29/><U35/><E91/><V14/><F14/><W115/><G59/><T3/><D3/><U68/><E56/><V97/><F97/><RYUUKYOKU ba="2,1" sc="170,15,404,-15,96,15,320,-15" hai0="81,84,88,90,92,98,113,114,125,127" hai2="5,6,9,11,32,34,36,37,41,43,72,96,99" /><INIT seed="4,3,1,0,3,0" ten="185,389,111,305" oya="0" hai0="77,19,63,133,97,20,120,61,45,34,90,52,47" hai1="10,121,85,87,25,104,75,53,55,94,4,98,115" hai2="5,56,76,88,108,18,2,24,48,122,23,116,26" hai3="13,44,59,46,102,73,134,28,57,27,43,51,99"/><T89/><D34/><U70/><E121/><V60/><F122/><W16/><G134/><T93/><D120/><U15/><E75/><V125/><F108/><W9/><G44/><T21/><D77/><U103/><E70/><V124/><F76/><W100/><G73/><T86/><D133/><U130/><E130/><V40/><F116/><W129/><G129/><T95/><D21/><U127/><E127/><V30/><F48/><W31/><G100/><T42/><D42/><U39/><E39/><V82/><F40/><W58/><REACH who="3" step="1"/><G27/><REACH who="3" ten="185,389,111,295" step="2"/><T83/><D47/><U109/><E109/><V7/><F125/><W105/><AGARI ba="3,2" hai="9,13,16,28,31,43,46,51,57,58,59,99,102,105" machi="105" ten="30,7900,0" yaku="1,1,2,1,0,1,54,1,53,0" doraHai="0" doraHaiUra="110" who="3" fromWho="3" sc="185,-42,389,-23,111,-23,295,108" /><INIT seed="5,0,0,3,1,120" ten="143,366,88,403" oya="1" hai0="18,35,24,72,114,77,105,43,16,1,101,112,62" hai1="6,51,75,81,68,103,4,104,109,117,22,41,98" hai2="33,108,100,88,14,5,74,50,8,58,60,66,10" hai3="12,47,121,59,19,97,61,86,102,125,134,82,131"/><U20/><E68/><V130/><F74/><W133/><G121/><T78/><D1/><U107/><E41/><V119/><F119/><W30/><G30/><N who="0" m="19911" /><D43/><U36/><E51/><V21/><F130/><W129/><G47/><T113/><D62/><U126/><E81/><V85/><F33/><W26/><G26/><T54/><D54/><U11/><E11/><V92/><F108/><W115/><G115/><T123/><D123/><U17/><E17/><N who="0" m="6761" /><D72/><U111/><E75/><V67/><F21/><N who="1" m="8297" /><E36/><V127/><F127/><W63/><G12/><T45/><D45/><U0/><E126/><V7/><F100/><W70/><G19/><T96/><AGARI ba="0,0" hai="77,78,96,101,105,112,113,114" m="6761,19911" machi="96" ten="40,2700,0" yaku="15,1,54,1" doraHai="120" who="0" fromWho="0" sc="143,27,366,-13,88,-7,403,-7" /><INIT seed="6,0,0,5,5,99" ten="170,353,81,396" oya="2" hai0="85,19,22,64,92,120,122,104,124,61,51,35,132" hai1="4,113,73,112,91,121,53,126,44,55,93,81,48" hai2="135,28,6,116,98,30,56,106,114,94,33,72,88" hai3="125,32,7,110,9,67,18,46,59,34,57,77,29"/><V39/><F39/><W82/><G110/><T60/><D35/><U84/><E126/><V66/><F116/><W26/><G125/><T102/><D124/><U58/><E121/><V89/><F72/><W134/><G134/><T105/><D132/><U21/><E4/><V119/><F119/><W68/><G34/><T62/><D105/><U83/><E21/><V79/><F79/><W127/><G127/><T23/><D104/><U1/><E1/><V96/><F135/><W131/><G131/><T90/><D122/><U130/><E130/><V8/><F33/><W109/><G67/><T11/><D64/><U5/><E5/><V97/><F114/><N who="1" m="44137" /><E73/><V43/><F43/><W103/><G68/><T50/><D11/><U47/><E47/><V118/><F118/><W128/><G18/><T2/><D2/><U95/><E95/><V42/><F42/><W10/><G10/><T27/><D120/><U37/><E37/><V12/><F106/><W76/><G46/><T0/><D0/><U133/><E133/><V3/><F3/><W25/><G9/><T16/><D102/><U20/><E20/><V108/><F108/><W101/><G7/><T45/><D45/><U15/><E15/><AGARI ba="0,0" hai="15,16,19,22,23,27,50,51,60,61,62,85,90,92" machi="15" ten="40,2600,0" yaku="8,1,54,1" doraHai="99" who="0" fromWho="1" sc="170,26,353,-26,81,0,396,0" /><INIT seed="7,0,0,2,2,33" ten="196,327,81,396" oya="3" hai0="10,98,61,18,126,115,40,129,5,125,38,51,60" hai1="64,12,58,102,35,50,65,52,89,114,110,16,122" hai2="25,119,101,43,57,93,112,103,95,100,63,8,92" hai3="47,79,56,44,69,121,19,81,59,109,70,133,117"/><W39/><G117/><T22/><D129/><U91/><E110/><V4/><F119/><W76/><G121/><T104/><D38/><U29/><E114/><V124/><F112/><W46/><G39/><T34/><D34/><U45/><E122/><V7/><F43/><W53/><G109/><T28/><D28/><U130/><E130/><V32/><F32/><W71/><G133/><T106/><D51/><U20/><E102/><V13/><F25/><W108/><G108/><T84/><D84/><U83/><E35/><V6/><F124/><N who="0" m="47722" /><D40/><U36/><E36/><V82/><F82/><W62/><G19/><T26/><D98/><U37/><E37/><V99/><F99/><W111/><G111/><T135/><D135/><U66/><E29/><V11/><F13/><W15/><G15/><N who="0" m="5583" /><D115/><U14/><E83/><V127/><REACH who="2" step="1"/><F127/><REACH who="2" ten="196,327,71,396" step="2"/><W54/><G81/><T2/><D26/><U105/><E105/><V128/><F128/><W30/><G30/><T88/><D106/><U0/><E0/><V97/><F97/><W74/><G74/><T120/><D2/><U49/><E14/><V24/><F24/><W67/><G76/><T131/><D104/><U1/><E1/><V75/><F75/><W21/><G79/><T78/><D131/><U85/><E85/><V27/><F27/><W123/><G123/><T96/><D78/><U73/><E73/><V134/><F134/><W107/><G107/><T31/><D120/><U41/><AGARI ba="0,1" hai="12,16,20,41,45,49,50,52,58,64,65,66,89,91" machi="41" ten="30,7900,0" yaku="0,1,8,1,54,2" doraHai="33" who="1" fromWho="1" sc="196,-20,327,89,71,-20,396,-39" owari="176,-22.4,416,51.6,51,-44.9,357,15.7" /></mjloggm>