<mjloggm ver="2.3"><GO type="169" lobby="0"/><UN n0="%E3%81%82%E3%81%8A%E3%81%8D%E3%82%93%E3%81%90" n1="%EF%BC%AE%EF%BC%A1%EF%BC%AF%33%33%39" n2="%E3%81%82%E3%81%9F%E3%81%8B%E3%81%AA" n3="%28%E9%83%A8%E9%95%B7%29" dan="16,16,17,16" rate="2128.97,2132.45,2169.62,2121.76" sx="M,M,M,M"/><TAIKYOKU oya="0"/><INIT seed="0,0,0,1,4,12" ten="250,250,250,250" oya="0" hai0="99,5,7,92,27,13,124,67,98,19,79,97,24" hai1="95,31,133,105,36,128,69,57,87,84,90,113,75" hai2="16,114,89,80,76,21,23,37,110,127,100,64,65" hai3="106,55,104,62,29,129,78,6,10,107,94,103,42"/><T51/><D124/><U15/><E69/><V40/><F114/><W66/><G129/><T38/><D38/><U112/><E36/><V117/><F110/><W41/><G78/><T9/><D79/><U71/><E71/><V119/><F127/><W125/><G125/><T56/><D92/><U134/><E31/><V61/><F100/><W121/><G121/><T28/><D51/><U11/><E75/><V0/><F23/><W131/><G55/><T26/><REACH who="0" step="1"/><D28/><REACH who="0" ten="240,250,250,250" step="2"/><U54/><E105/><V48/><F48/><W39/><G29/><T52/><D52/><U85/><E128/><V115/><F115/><N who="1" m="44105" /><E133/><V101/><F37/><W91/><G131/><T116/><D116/><U47/><E134/><V45/><F76/><W93/><G93/><T126/><D126/><U2/><E47/><V73/><F73/><W33/><G39/><T120/><D120/><U18/><E2/><V81/><F0/><W118/><G118/><T109/><D109/><U122/><E122/><V96/><F117/><W132/><G132/><T20/><D20/><U88/><E95/><N who="2" m="58527" /><F119/><W8/><G103/><T82/><D82/><U32/><E32/><V43/><F45/><W63/><G33/><T30/><D30/><U46/><E46/><V74/><F74/><W72/><G72/><T35/><D35/><U17/><E90/><V86/><F81/><W58/><G91/><T3/><D3/><U77/><E77/><V53/><F43/><N who="3" m="16395" /><G94/><T44/><D44/><U135/><E135/><V123/><F40/><W83/><G83/><T22/><D22/><U34/><E34/><V130/><F130/><RYUUKYOKU ba="0,1" sc="240,30,250,-10,250,-10,250,-10" hai0="5,7,9,13,19,24,26,27,56,67,97,98,99" /><INIT seed="0,1,1,5,1,97" ten="270,240,240,240" oya="0" hai0="73,25,30,17,122,108,110,86,66,28,22,111,16" hai1="21,76,27,35,125,129,100,67,55,10,85,92,1" hai2="59,36,131,20,44,69,47,121,123,65,48,96,83" hai3="18,119,124,43,75,134,4,130,78,26,37,9,45"/><T94/><D122/><U29/><E67/><V82/><F131/><W74/><G119/><T101/><D73/><U42/><E42/><V91/><F123/><W33/><G124/><T87/><D66/><U13/><E129/><V14/><F121/><W70/><G134/><T109/><N who="0" m="27648" /><DORA hai="120" /><T105/><D105/><U60/><E125/><V102/><F91/><W51/><G130/><T114/><D114/><U15/><E35/><V3/><F3/><N who="3" m="159" /><G18/><N who="0" m="7275" /><D30/><U132/><E132/><V41/><F65/><W126/><G70/><T0/><D0/><U34/><E1/><V77/><F69/><W40/><G74/><T127/><D127/><U93/><E10/><V99/><F14/><W98/><G75/><T54/><D54/><U57/><E15/><V90/><F41/><W116/><G40/><T64/><D64/><U79/><E13/><V68/><F68/><W107/><G43/><T56/><D56/><U49/><E57/><V61/><F59/><W81/><G107/><T53/><D53/><U23/><E55/><V2/><F2/><W32/><G126/><T8/><D8/><U112/><E112/><V117/><F44/><W24/><G45/><T52/><D52/><U72/><E72/><V89/><F47/><W71/><G71/><T12/><D12/><U80/><E29/><V19/><F19/><W113/><G113/><T38/><D38/><U39/><E39/><V133/><F36/><W31/><G37/><T135/><D135/><U88/><E60/><V104/><F61/><W103/><G31/><T7/><D7/><U5/><E5/><V62/><F133/><RYUUKYOKU ba="1,1" sc="270,30,240,-10,240,-10,240,-10" hai0="22,25,28,86,87,94,101" /><INIT seed="0,2,1,4,1,98" ten="300,230,230,230" oya="0" hai0="107,77,58,6,89,120,94,85,118,117,86,129,119" hai1="125,64,39,41,135,75,70,134,12,63,9,76,15" hai2="29,38,57,59,34,25,28,19,124,83,14,110,126" hai3="30,33,3,35,46,122,0,20,45,79,133,102,105"/><T68/><D68/><U27/><E75/><V90/><F110/><W91/><G122/><T2/><D120/><U67/><E76/><V82/><F38/><W81/><G133/><N who="1" m="50698" /><E64/><V99/><F29/><W66/><G91/><T51/><D129/><U43/><E125/><N who="2" m="48235" /><F99/><N who="3" m="61663" /><G20/><T44/><D58/><N who="2" m="22026" /><F90/><W36/><G45/><T24/><D107/><U31/><E39/><V52/><F52/><W56/><G56/><T130/><D130/><U40/><E9/><AGARI ba="2,1" hai="9,14,19,25,28,34,82,83" m="22026,48235" machi="9" ten="30,1000,0" yaku="18,1" doraHai="98" who="2" fromWho="1" sc="300,0,230,-16,230,26,230,0" /><INIT seed="1,0,0,3,3,31" ten="300,214,256,230" oya="1" hai0="41,127,13,17,63,49,135,133,102,38,87,6,65" hai1="66,4,36,89,74,23,122,53,121,40,76,32,12" hai2="113,91,9,109,128,24,72,35,2,55,8,57,45" hai3="11,5,44,106,46,69,61,16,92,62,126,112,107"/><U105/><E105/><V29/><F109/><W95/><G112/><T75/><D75/><U37/><E66/><V78/><F128/><W111/><G111/><T51/><D6/><U27/><E76/><V20/><F113/><W59/><G126/><T22/><D127/><U68/><E68/><V39/><F2/><W54/><G69/><T26/><D102/><U67/><E67/><V7/><F7/><W124/><G124/><T85/><D38/><U88/><E74/><V118/><F118/><W134/><G62/><T129/><D129/><U93/><E89/><V52/><F20/><W125/><G134/><N who="0" m="51211" /><D41/><U100/><E100/><V42/><F91/><W18/><G106/><T79/><D79/><U47/><E37/><V73/><F73/><W104/><G104/><T103/><D103/><U130/><E130/><V33/><F33/><W97/><G107/><T120/><D120/><U48/><E32/><V132/><F132/><W117/><G117/><T64/><D64/><U90/><E90/><V0/><F0/><W21/><G125/><T70/><D13/><U56/><E4/><V96/><F96/><W83/><G83/><T101/><D101/><U58/><E12/><V82/><REACH who="2" step="1"/><F55/><REACH who="2" ten="300,214,246,230" step="2"/><W116/><G97/><T123/><D123/><U25/><E122/><V131/><F131/><W114/><G116/><T50/><AGARI ba="0,1" hai="17,22,26,49,50,51,63,65,70,85,87" m="51211" machi="50" ten="30,1100,0" yaku="20,1" doraHai="31" who="0" fromWho="0" sc="300,21,214,-5,246,-3,230,-3" /><INIT seed="2,0,0,0,2,115" ten="321,209,243,227" oya="2" hai0="19,15,34,81,87,38,116,65,25,80,66,42,5" hai1="68,43,98,27,39,91,37,104,48,8,124,101,86" hai2="118,51,62,2,117,75,32,135,94,54,13,73,111" hai3="84,6,17,49,61,113,44,45,10,128,121,63,126"/><V110/><F2/><W4/><G121/><T1/><D81/><U26/><E68/><V71/><F32/><W120/><G120/><T106/><D106/><U21/><E124/><V72/><F135/><W99/><G128/><T83/><D80/><U100/><E100/><V18/><F94/><W107/><G126/><T132/><D132/><U12/><E48/><V92/><F92/><W93/><G113/><T97/><D97/><U69/><E69/><V35/><F35/><W36/><G36/><T59/><D59/><U74/><E74/><V125/><F62/><W64/><G84/><T103/><D103/><U20/><E20/><V60/><F60/><N who="3" m="23115" /><G44/><T52/><D87/><U90/><E26/><V129/><F129/><W41/><G64/><T89/><D38/><U133/><E133/><V47/><F125/><W22/><G10/><T11/><D11/><U123/><E123/><V95/><F95/><W85/><G85/><T16/><D83/><U57/><E57/><V122/><F122/><W56/><G56/><T82/><D82/><U105/><E105/><V30/><F30/><W134/><G107/><T23/><D1/><U28/><E86/><V127/><F71/><W77/><G77/><T0/><D0/><U131/><E131/><V14/><F127/><W7/><G134/><T109/><D66/><U9/><E9/><N who="2" m="6447" /><F14/><N who="3" m="9527" /><G6/><T76/><D65/><U33/><E39/><V112/><F112/><W58/><G58/><T102/><D5/><N who="1" m="3087" /><E33/><V130/><F130/><W31/><G31/><T67/><D34/><U29/><E29/><V114/><F114/><W119/><G4/><RYUUKYOKU ba="0,0" sc="321,-15,209,15,243,15,227,-15" hai1="21,27,28,37,43,90,91,98,101,104" hai2="47,51,54,72,73,75,110,111,117,118" /><INIT seed="2,1,0,2,5,33" ten="306,224,258,212" oya="2" hai0="79,14,122,113,117,7,27,104,40,114,88,8,41" hai1="1,92,38,28,54,23,49,127,62,21,31,124,77" hai2="20,119,55,120,89,19,4,0,25,17,82,100,118" hai3="58,126,101,130,47,52,91,121,59,24,128,105,63"/><V73/><F100/><W109/><G121/><T67/><D104/><U9/><E38/><V32/><F89/><W65/><G91/><T13/><D79/><U12/><E77/><V66/><F82/><W6/><G24/><T83/><D122/><U51/><E62/><V70/><F73/><W86/><G86/><T107/><D107/><U10/><E92/><V42/><F55/><W50/><G6/><T5/><D67/><U60/><E60/><V18/><F42/><N who="3" m="24951" /><G101/><T129/><D27/><U46/><E46/><V99/><F99/><W125/><G105/><T16/><D117/><N who="2" m="44554" /><F70/><W115/><G115/><T96/><D8/><U103/><E54/><V71/><F71/><W97/><G97/><T108/><D96/><U78/><E78/><V57/><F57/><W72/><G72/><T87/><D41/><U3/><E12/><N who="0" m="4713" /><D40/><U74/><E103/><V85/><F85/><W64/><G109/><T134/><D108/><U131/><E131/><N who="3" m="50218" /><G59/><T84/><D87/><U95/><E95/><V69/><F120/><W39/><G39/><T98/><D84/><U132/><E74/><V48/><F32/><W68/><G68/><T45/><D98/><U116/><E116/><V123/><F123/><W34/><G34/><T61/><D83/><U36/><E36/><V76/><F76/><W112/><G112/><T135/><D129/><U11/><E11/><N who="2" m="2439" /><F25/><W80/><G80/><T133/><D114/><U37/><E37/><V44/><F20/><W111/><G111/><T90/><D113/><U15/><E15/><V56/><F69/><W81/><G81/><T2/><D90/><RYUUKYOKU ba="1,0" sc="306,-15,224,15,258,-15,212,15" hai1="1,3,9,10,21,23,28,31,49,51,124,127,132" hai3="52,58,63,64,65,125,126" /><INIT seed="3,2,0,5,2,44" ten="291,239,243,227" oya="3" hai0="108,74,92,20,68,14,89,70,9,77,18,113,90" hai1="12,40,91,32,11,26,75,98,80,104,13,5,19" hai2="8,84,6,22,29,47,78,112,131,56,114,15,61" hai3="55,73,53,93,57,0,105,122,60,99,97,64,28"/><W34/><G122/><T52/><D108/><U1/><E40/><V100/><F131/><W134/><G73/><T123/><D123/><U106/><E13/><V27/><F100/><W110/><G0/><T59/><D113/><U125/><E125/><V101/><F101/><W76/><G134/><T43/><D43/><U103/><E75/><V128/><F128/><W117/><G117/><T126/><D126/><U65/><E65/><V21/><F47/><W82/><G105/><T120/><D120/><U63/><E63/><V72/><F72/><W111/><G82/><T79/><D90/><U35/><E104/><V2/><F84/><W45/><G76/><T116/><D116/><U121/><E121/><V69/><F69/><W135/><G135/><T58/><D58/><U54/><E54/><V66/><F78/><W10/><G10/><T23/><D23/><U94/><E26/><V102/><F102/><N who="3" m="60719" /><G99/><N who="0" m="57743" /><D70/><U16/><E80/><V36/><F36/><W25/><G45/><T107/><D107/><U41/><E41/><V129/><F129/><W124/><G124/><T31/><D68/><U130/><E130/><V83/><F83/><W109/><AGARI ba="2,0" hai="25,28,34,53,55,57,60,64,109,110,111" m="60719" machi="109" ten="30,3000,0" yaku="14,1,10,1" doraHai="44" who="3" fromWho="3" sc="291,-12,239,-12,243,-12,227,36" /><INIT seed="3,3,0,0,3,119" ten="279,227,231,263" oya="3" hai0="128,99,35,17,32,16,86,100,30,22,49,122,105" hai1="125,12,85,39,67,94,46,109,93,129,7,80,115" hai2="31,11,37,56,36,0,112,120,89,42,14,95,2" hai3="44,53,5,133,59,66,18,113,25,20,121,15,9"/><W134/><G113/><T124/><D122/><U127/><E115/><V107/><F107/><W73/><G73/><T78/><D124/><N who="1" m="47691" /><E67/><V130/><F112/><W19/><G66/><T1/><D1/><U77/><E39/><V84/><F130/><W62/><G44/><T68/><D128/><U43/><E129/><V40/><F31/><W101/><G101/><T83/><D68/><U106/><E106/><V29/><F29/><W28/><REACH who="3" step="1"/><G121/><REACH who="3" ten="279,227,231,253" step="2"/><T21/><D100/><U135/><E46/><V61/><F120/><W8/><G8/><T103/><D103/><U87/><E135/><AGARI ba="3,1" hai="5,9,15,18,19,20,25,28,53,59,62,133,134,135" machi="135" ten="40,7700,0" yaku="1,1,20,1,53,1" doraHai="119" doraHaiUra="52" who="3" fromWho="1" sc="279,0,227,-86,231,0,253,96" /><INIT seed="3,4,0,2,2,98" ten="279,141,231,349" oya="3" hai0="87,27,65,58,46,125,31,68,117,32,95,88,26" hai1="132,34,101,126,119,2,81,83,111,120,103,16,70" hai2="107,0,59,54,42,76,109,37,43,124,21,123,100" hai3="91,122,108,62,45,9,24,17,116,75,93,112,60"/><W113/><G116/><T23/><D125/><U134/><E120/><V90/><F109/><W5/><G122/><T10/><D117/><U52/><E119/><V131/><F123/><W6/><G75/><T102/><D68/><U99/><E70/><V51/><F0/><W55/><G108/><T35/><D46/><U67/><E67/><V15/><F131/><W106/><G106/><T133/><D133/><N who="1" m="51307" /><E111/><V127/><F76/><W40/><G24/><T104/><D10/><U4/><E34/><V29/><F90/><W3/><G17/><T129/><D129/><U118/><E118/><V39/><F43/><W33/><G5/><T86/><D86/><U74/><E126/><N who="2" m="48171" /><F42/><W47/><G33/><T49/><D27/><U66/><E66/><V18/><F29/><W121/><G121/><T72/><D72/><U36/><E36/><V11/><F11/><W14/><G3/><T92/><D65/><U94/><E4/><V25/><F25/><W105/><G105/><T69/><D104/><U53/><E2/><V41/><F41/><W79/><G79/><T56/><D26/><U7/><E7/><V130/><F130/><W114/><G55/><N who="1" m="21066" /><E74/><V85/><F85/><W135/><G47/><T22/><D35/><U1/><E1/><V19/><F19/><W89/><G135/><T97/><D32/><U78/><E78/><V63/><F63/><W96/><REACH who="3" step="1"/><G89/><REACH who="3" ten="279,141,231,339" step="2"/><T48/><D88/><N who="1" m="55751" /><E16/><V57/><F18/><W8/><G8/><T64/><D69/><U28/><E28/><V20/><F54/><W71/><G71/><T12/><D31/><U80/><AGARI ba="4,1" hai="80,81,83,101,103" m="55751,21066,51307" machi="80" ten="40,12000,2" yaku="5,1,20,1,52,2,54,2" doraHai="98" who="1" fromWho="1" sc="279,-34,141,142,231,-34,339,-64" /><INIT seed="4,0,0,2,2,84" ten="245,283,197,275" oya="0" hai0="26,53,83,130,50,134,123,63,109,79,82,3,49" hai1="78,112,75,10,59,36,46,88,87,61,80,105,85" hai2="65,4,25,90,6,100,118,120,2,32,68,5,128" hai3="43,72,11,52,40,45,89,125,113,108,66,15,7"/><T29/><D123/><U99/><E36/><V91/><F120/><W104/><G108/><T19/><D3/><U101/><E46/><V77/><F2/><W92/><G104/><T107/><D107/><U132/><E10/><V58/><F68/><W119/><G119/><T122/><D122/><U62/><E132/><V127/><F118/><W67/><G72/><T121/><D121/><U8/><E8/><V131/><F127/><W102/><G102/><T21/><D134/><U98/><E61/><N who="2" m="38071" /><F77/><W44/><G113/><T9/><D109/><U117/><E117/><V23/><F32/><W34/><G34/><T39/><D39/><U60/><E60/><V106/><F100/><W129/><G129/><N who="2" m="49737" /><F106/><W31/><G31/><AGARI ba="0,0" hai="4,5,6,23,25,31,90,91" m="49737,38071" machi="31" ten="30,3900,0" yaku="19,1,52,2" doraHai="84" who="2" fromWho="3" sc="245,0,283,0,197,39,275,-39" /><INIT seed="5,0,0,2,1,0" ten="245,283,236,236" oya="1" hai0="115,70,60,21,118,4,48,133,114,1,31,78,62" hai1="37,125,65,104,113,3,41,11,91,49,110,75,66" hai2="58,103,117,50,111,77,73,42,99,88,52,90,44" hai3="26,55,22,132,120,59,109,38,51,57,123,35,72"/><U68/><E104/><V101/><F111/><W40/><G109/><T46/><D118/><U96/><E75/><V89/><F117/><W64/><G72/><T19/><D78/><U43/><E110/><V71/><F71/><W83/><G35/><T126/><D31/><U63/><E96/><V47/><F47/><N who="3" m="23959" /><G83/><T54/><D70/><U32/><E32/><V17/><F17/><W34/><G22/><T61/><D133/><U95/><E37/><V85/><F73/><W92/><G92/><T36/><D36/><U79/><E79/><V112/><F112/><N who="0" m="43050" /><D126/><U29/><E29/><V12/><F12/><W15/><G15/><N who="0" m="9471" /><D1/><U8/><E125/><V28/><F28/><W105/><G105/><T81/><D81/><U130/><E3/><V39/><F77/><W135/><G26/><T93/><D93/><U69/><E113/><V122/><F122/><N who="3" m="46635" /><G34/><T116/><D116/><U80/><E80/><V74/><F74/><W119/><G119/><T107/><D107/><U16/><E95/><V86/><REACH who="2" step="1"/><F101/><REACH who="2" ten="245,283,226,236" step="2"/><W30/><G30/><T23/><D23/><U56/><E16/><V6/><F6/><AGARI ba="0,1" hai="4,6,46,48,54,60,61,62" m="9471,43050" machi="6" ten="30,3900,0" yaku="15,1,52,2" doraHai="0" who="0" fromWho="2" sc="245,49,283,0,226,-39,236,0" /><INIT seed="6,0,0,2,4,3" ten="294,283,187,236" oya="2" hai0="119,13,24,92,40,88,31,54,126,102,53,4,22" hai1="25,95,58,81,94,106,8,0,1,131,37,130,21" hai2="125,124,74,34,5,30,115,27,44,93,79,38,12" hai3="59,91,110,123,114,90,61,73,86,29,48,28,76"/><V96/><F115/><W132/><G110/><T118/><D126/><N who="2" m="48746" /><F79/><W10/><G123/><T49/><D102/><U32/><E32/><V78/><F78/><W98/><G114/><T41/><D54/><U99/><E37/><V71/><F71/><W109/><G109/><T84/><D4/><N who="1" m="1031" /><E1/><V85/><F74/><W15/><G132/><T9/><D9/><U42/><E42/><N who="2" m="22615" /><F85/><W2/><G2/><T64/><D64/><U111/><E111/><V11/><F93/><N who="3" m="56631" /><G48/><T105/><D105/><U97/><E81/><V77/><F77/><W75/><G76/><T18/><D31/><U103/><E99/><AGARI ba="0,0" hai="5,11,12,27,30,34,96,99" m="22615,48746" machi="99" ten="30,2900,0" yaku="18,1,52,1" doraHai="3" who="2" fromWho="1" sc="294,0,283,-29,187,29,236,0" /><INIT seed="6,1,0,2,3,129" ten="294,254,216,236" oya="2" hai0="76,106,72,62,61,3,67,59,134,116,28,31,63" hai1="94,92,89,6,56,101,42,29,125,46,20,87,104" hai2="7,53,52,74,16,17,60,105,12,117,4,33,80" hai3="10,66,121,118,18,38,55,99,11,114,98,107,50"/><V23/><F117/><W15/><G38/><T79/><D106/><U19/><E6/><N who="2" m="2091" /><F33/><W65/><G118/><T97/><D3/><U14/><E125/><V115/><F74/><W86/><G121/><T83/><D79/><U2/><E2/><V127/><F105/><W41/><G114/><T77/><D76/><U68/><E68/><V81/><F115/><W36/><G36/><T34/><D62/><U24/><E104/><V25/><F127/><W132/><G41/><T93/><D34/><U128/><E128/><V39/><F39/><W100/><G98/><T37/><D63/><U111/><E111/><V48/><F60/><W1/><G1/><T119/><D37/><U26/><E56/><N who="2" m="32775" /><F53/><W40/><G40/><T51/><D51/><U54/><E54/><V135/><F135/><W71/><G71/><T32/><D134/><U45/><E42/><V9/><AGARI ba="1,0" hai="9,12,16,17,23,25,80,81" m="32775,2091" machi="9" ten="30,6000,0" yaku="8,1,54,2" doraHai="129" who="2" fromWho="2" sc="294,-21,254,-21,216,63,236,-21" /><INIT seed="6,2,0,1,0,2" ten="273,233,279,215" oya="2" hai0="41,57,52,67,86,130,74,87,12,55,32,103,63" hai1="89,11,108,116,40,96,104,14,46,73,45,90,82" hai2="102,61,98,135,29,56,53,106,30,33,110,71,97" hai3="100,15,28,47,125,34,79,126,50,120,88,17,70"/><V8/><F135/><W133/><G120/><T99/><D130/><U37/><E108/><V16/><F110/><W92/><G70/><T127/><D127/><N who="3" m="48649" /><G79/><T58/><D32/><U114/><E116/><V26/><F30/><W13/><G100/><T132/><D74/><U72/><E45/><V131/><F131/><W1/><G1/><T42/><D132/><U121/><E121/><V124/><F124/><W19/><G133/><T115/><D115/><U20/><E20/><V94/><F71/><W118/><G118/><T69/><D12/><N who="3" m="4681" /><G28/><T134/><D134/><U95/><E104/><V3/><F16/><N who="3" m="6219" /><G34/><T49/><D41/><U117/><E117/><V81/><F8/><W109/><G109/><T22/><D42/><U0/><E0/><V66/><F3/><W76/><G76/><T10/><D10/><U93/><E114/><V24/><F29/><W80/><G80/><T60/><REACH who="0" step="1"/><D22/><REACH who="0" ten="263,233,279,215" step="2"/><U51/><E73/><V128/><F33/><W112/><G112/><T18/><D18/><U83/><E72/><V122/><F128/><W5/><G5/><T78/><D78/><U105/><E11/><V36/><F122/><W44/><G50/><T23/><D23/><U62/><E51/><V119/><F119/><W7/><G7/><T59/><D59/><U85/><E14/><V39/><F36/><W65/><G65/><T91/><D91/><U21/><E21/><V75/><F39/><W111/><G111/><T9/><D9/><U84/><E62/><V77/><F66/><W31/><G31/><T64/><D64/><U129/><E129/><V25/><F25/><RYUUKYOKU ba="2,1" sc="263,0,233,0,279,0,215,0" hai0="49,52,55,57,58,60,63,67,69,86,87,99,103" hai1="37,40,46,82,83,84,85,89,90,93,95,96,105" hai2="24,26,53,56,61,75,77,81,94,97,98,102,106" hai3="44,47,88,92" /><INIT seed="6,3,1,4,3,87" ten="263,233,279,215" oya="2" hai0="55,113,14,24,71,13,42,10,46,102,114,54,94" hai1="127,44,124,31,0,103,19,75,48,77,12,37,38" hai2="2,28,115,112,98,85,3,65,52,61,26,18,33" hai3="51,9,58,83,117,120,72,63,81,122,5,110,40"/><V59/><F98/><W100/><G117/><T36/><D71/><U66/><E0/><V97/><F97/><W134/><G110/><T133/><D133/><U7/><E7/><V78/><F18/><W15/><G100/><T57/><D24/><U125/><E103/><V79/><F65/><W27/><G134/><T106/><D106/><U74/><E66/><V25/><F25/><W99/><G99/><N who="0" m="59767" /><D10/><N who="1" m="6551" /><E31/><V126/><F126/><N who="1" m="32257" /><U45/><DORA hai="76" /><E45/><V104/><F104/><W92/><G92/><T118/><D118/><U62/><E62/><V121/><F2/><W84/><G72/><N who="1" m="27690" /><E77/><V16/><F3/><W50/><G120/><T29/><D29/><U1/><E1/><V22/><F121/><W70/><G70/><T53/><D57/><U8/><E8/><V82/><F79/><W89/><G122/><T32/><D32/><U109/><E109/><V111/><F111/><W69/><G69/><T105/><D105/><U11/><E11/><V60/><F60/><W20/><G40/><AGARI ba="3,1" hai="37,38,40,44,48" m="27690,32257,6551" machi="40" ten="40,1300,0" yaku="18,1" doraHai="87,76" who="1" fromWho="3" sc="263,0,233,32,279,0,215,-22" /><INIT seed="7,0,0,2,2,108" ten="263,265,279,193" oya="3" hai0="24,130,75,104,110,56,34,87,95,81,113,100,85" hai1="65,44,63,74,42,106,80,59,71,54,3,51,122" hai2="39,21,123,125,119,33,7,25,11,0,112,68,131" hai3="50,121,66,132,76,109,35,103,78,96,67,127,30"/><W69/><G121/><T120/><D110/><U19/><E106/><V28/><F68/><W2/><G2/><T124/><D120/><U117/><E3/><V58/><F39/><W4/><G109/><T22/><D34/><U46/><E122/><V133/><F58/><W111/><G111/><T98/><D104/><U36/><E19/><V102/><F102/><W18/><G4/><T92/><D124/><U88/><E74/><V57/><F57/><W82/><G132/><T32/><D32/><U1/><E1/><V45/><F45/><W62/><G67/><T9/><D9/><U49/><E80/><V6/><F6/><W105/><G127/><T61/><D95/><U29/><E29/><V12/><F112/><W23/><G50/><T83/><D113/><U15/><E15/><V114/><F114/><W135/><G82/><N who="0" m="31243" /><D75/><U101/><E88/><V115/><F115/><W64/><G64/><N who="0" m="38951" /><D130/><U90/><E90/><V60/><F60/><W79/><G135/><T48/><D48/><U118/><E101/><V41/><F123/><W134/><G134/><T52/><D52/><AGARI ba="0,0" hai="36,42,44,46,49,51,52,54,59,63,65,71,117,118" machi="52" ten="40,12000,2" yaku="24,2,34,3,54,1" doraHai="108" who="1" fromWho="0" sc="263,-120,265,120,279,0,193,0" owari="143,-35.7,385,48.5,279,7.9,193,-20.7" /></mjloggm>