<mjloggm ver="2.3"><GO type="169" lobby="0"/><UN n0="%73%79%6C%76%65%6F%6E" n1="%68%7A%63" n2="%E7%AB%B9%E4%BA%95%E4%B9%85%EF%BC%A0%E9%83%A8%E9%95%B7" n3="%E3%82%B5%E3%83%B3%E3%83%89%E3%83%A9" dan="16,18,17,17" rate="2157.85,2229.56,2135.32,2217.65" sx="M,F,F,M"/><TAIKYOKU oya="0"/><INIT seed="0,0,0,2,5,2" ten="250,250,250,250" oya="0" hai0="99,56,55,20,36,46,57,48,95,1,6,59,15" hai1="93,91,17,129,37,65,90,79,103,38,16,53,84" hai2="70,5,134,132,64,113,108,126,33,89,96,21,109" hai3="121,41,78,75,23,115,98,22,61,116,68,7,52"/><T71/><D71/><U74/><E129/><V11/><F33/><W4/><G115/><T119/><D119/><U54/><E103/><V50/><F113/><W123/><G116/><T43/><D1/><U104/><E104/><V110/><F126/><W60/><G41/><T25/><D15/><U62/><E79/><V106/><F21/><N who="3" m="7691" /><G98/><T42/><D42/><U92/><E74/><V80/><F50/><W128/><G128/><T107/><D107/><U66/><E62/><N who="3" m="24170" /><G68/><T133/><D6/><N who="3" m="2089" /><G52/><T130/><D130/><U30/><REACH who="1" step="1"/><E84/><REACH who="1" ten="250,240,250,250" step="2"/><V83/><F106/><W26/><G78/><T114/><D114/><U44/><E44/><V39/><F109/><W127/><G75/><T27/><D46/><U14/><E14/><V122/><F108/><W12/><G12/><T69/><D99/><U85/><E85/><V28/><F110/><W86/><G86/><T0/><D0/><U47/><E47/><V124/><F96/><W45/><G45/><T73/><D73/><U31/><AGARI ba="0,1" hai="16,17,30,31,37,38,53,54,65,66,90,91,92,93" machi="31" ten="25,8000,1" yaku="1,1,0,1,22,2,54,1,53,0" doraHai="2" doraHaiUra="94" who="1" fromWho="1" sc="250,-40,240,90,250,-20,250,-20" /><INIT seed="1,0,0,1,4,102" ten="210,330,230,230" oya="1" hai0="13,21,42,5,123,20,103,98,83,122,135,4,71" hai1="119,106,90,24,91,82,124,61,17,53,46,7,94" hai2="12,118,22,105,100,27,55,70,14,47,6,89,120" hai3="66,69,133,121,34,25,43,54,111,1,0,96,36"/><U29/><E106/><V68/><F118/><W97/><G97/><T10/><D71/><U76/><E124/><V60/><F120/><N who="0" m="46122" /><D42/><U35/><E119/><V129/><F129/><W77/><G111/><T48/><D48/><U51/><E7/><N who="0" m="2633" /><D83/><U74/><E94/><V125/><F125/><W84/><G84/><T75/><D75/><U86/><E74/><V126/><F126/><W110/><G54/><T65/><D65/><U63/><E17/><V15/><F6/><W79/><G79/><T11/><D135/><U41/><E41/><V18/><F89/><W87/><G87/><T33/><D33/><U2/><E2/><V38/><F60/><N who="3" m="40135" /><G77/><T64/><D64/><U56/><E63/><V132/><F132/><W19/><G133/><T92/><D13/><U31/><E61/><V131/><F38/><W130/><G121/><T95/><D95/><U128/><E56/><V108/><F70/><W58/><G58/><T30/><D30/><U109/><E31/><V32/><F32/><W113/><G34/><T44/><D44/><U107/><E46/><V39/><F47/><N who="3" m="24039" /><G96/><T81/><D81/><U49/><E82/><V9/><F68/><W16/><G0/><T62/><D62/><U114/><E35/><V50/><F39/><W40/><G40/><T45/><D45/><U116/><E116/><V88/><F55/><W101/><G1/><T99/><D99/><U23/><E53/><V8/><F50/><W57/><G57/><T80/><D80/><U37/><E51/><V117/><F117/><W73/><G73/><T127/><D127/><U115/><E49/><RYUUKYOKU ba="0,0" sc="210,30,330,-10,230,-10,230,-10" hai0="10,11,20,21,92,98,103" /><INIT seed="2,1,0,1,3,7" ten="240,320,220,220" oya="2" hai0="110,5,132,86,0,99,64,76,87,16,104,96,79" hai1="112,56,18,121,82,53,27,84,9,114,46,65,57" hai2="42,98,33,67,107,21,24,17,91,44,11,2,6" hai3="74,73,135,58,41,19,23,40,131,123,103,85,39"/><V45/><F67/><W134/><G123/><T14/><D64/><U111/><E111/><V97/><F33/><W52/><G131/><T63/><D63/><U75/><E75/><N who="3" m="28682" /><G103/><T133/><D110/><U128/><E128/><V48/><F107/><W61/><G39/><T124/><D5/><U4/><E121/><V113/><F113/><W109/><G85/><N who="0" m="32267" /><D0/><U47/><E114/><V88/><REACH who="2" step="1"/><F45/><REACH who="2" ten="240,320,210,220" step="2"/><W81/><G109/><T122/><D122/><U94/><E47/><V102/><F102/><W43/><G81/><T12/><D104/><U116/><E46/><V71/><F71/><W127/><G127/><T93/><D124/><U30/><E112/><V77/><F77/><W92/><G92/><T89/><D132/><N who="3" m="50729" /><G41/><T119/><D133/><U90/><E94/><V125/><F125/><W55/><G55/><T25/><D79/><U101/><E101/><V78/><F78/><W72/><G72/><T15/><D76/><U130/><E130/><V59/><F59/><W50/><G43/><T22/><D119/><U120/><E116/><V68/><F68/><W49/><G40/><T26/><D93/><U3/><E120/><V60/><F60/><W10/><G61/><T31/><D89/><AGARI ba="1,1" hai="2,6,11,17,21,24,42,44,48,88,89,91,97,98" machi="89" ten="40,7700,0" yaku="1,1,52,1,54,1,53,0" doraHai="7" doraHaiUra="29" who="2" fromWho="0" sc="240,-80,320,0,210,90,220,0" /><INIT seed="2,2,0,2,2,81" ten="160,320,300,220" oya="2" hai0="9,29,39,86,46,123,104,76,26,13,130,38,23" hai1="50,33,12,118,108,105,57,125,75,30,95,2,102" hai2="61,21,53,27,47,56,62,60,96,55,114,135,66" hai3="15,101,129,74,107,103,72,71,89,68,112,97,90"/><V91/><F135/><W7/><G129/><T10/><D123/><U78/><E12/><V77/><F114/><W28/><G28/><T17/><D104/><U121/><E50/><N who="2" m="28895" /><F77/><W83/><G15/><T32/><D130/><U3/><E57/><V93/><F66/><W69/><G7/><T124/><D124/><U43/><E95/><V115/><F115/><W98/><G112/><T65/><D65/><U49/><E49/><V6/><F6/><W82/><REACH who="3" step="1"/><G71/><REACH who="3" ten="160,320,300,210" step="2"/><T122/><D122/><U131/><E131/><V34/><F34/><W134/><G134/><T20/><D32/><U4/><E4/><V73/><F73/><W59/><G59/><T18/><D46/><U37/><E121/><V14/><F14/><W70/><G70/><T11/><REACH who="0" step="1"/><D29/><AGARI ba="2,1" hai="21,27,29,55,56,60,61,62,91,93,96" m="28895" machi="29" ten="30,1500,0" yaku="8,1" doraHai="81" who="2" fromWho="0" sc="160,-21,320,0,300,31,210,0" /><INIT seed="2,3,0,4,5,45" ten="139,320,331,210" oya="2" hai0="4,121,113,65,91,110,125,109,11,48,99,106,97" hai1="134,44,111,28,41,101,35,132,39,72,135,70,76" hai2="77,115,55,119,62,16,61,58,89,64,105,38,63" hai3="102,69,68,74,12,88,7,15,96,66,90,20,85"/><V84/><F115/><W127/><G74/><T36/><D36/><U131/><E101/><V133/><F119/><W56/><G127/><T82/><D113/><U128/><E70/><V117/><F117/><W17/><G68/><T26/><D121/><U29/><E111/><N who="0" m="42505" /><D125/><U108/><E108/><V67/><F105/><W57/><G69/><T0/><D106/><U37/><E37/><V112/><F112/><W71/><G71/><T59/><D26/><N who="1" m="18839" /><E29/><V78/><F133/><N who="1" m="34049" /><U100/><DORA hai="80" /><E100/><V8/><F38/><W47/><G66/><N who="2" m="25129" /><F16/><N who="3" m="10247" /><G7/><T22/><D22/><U32/><E32/><V114/><F8/><N who="3" m="6375" /><G102/><T53/><D65/><U73/><E76/><N who="2" m="29291" /><F114/><W24/><G24/><T95/><D82/><AGARI ba="3,0" hai="55,58,61,62,63,82,84,89" m="29291,25129" machi="82" ten="30,2900,0" yaku="8,1,52,1" doraHai="45,80" who="2" fromWho="0" sc="139,-38,320,0,331,38,210,0" /><INIT seed="2,4,0,5,4,119" ten="101,320,369,210" oya="2" hai0="104,97,4,95,50,61,99,26,66,102,37,59,12" hai1="122,85,53,109,9,62,91,54,93,64,73,133,128" hai2="113,114,67,39,123,77,125,81,44,135,106,36,68" hai3="7,110,52,103,3,32,92,29,121,19,98,118,80"/><V88/><F106/><W101/><G118/><T89/><D37/><U71/><E109/><V28/><F135/><W132/><G110/><T56/><D26/><U69/><E133/><V115/><F125/><W124/><G124/><T108/><D108/><U57/><E128/><V40/><F123/><W38/><G38/><T107/><D50/><U86/><E122/><V23/><F39/><W60/><G32/><T126/><D126/><U41/><E73/><V20/><F28/><W18/><G29/><T129/><D129/><U15/><E41/><V14/><F14/><W70/><G121/><T43/><D43/><U30/><E30/><V76/><F88/><N who="3" m="55559" /><G70/><T46/><D46/><U42/><E42/><V55/><F55/><W13/><G3/><T33/><D33/><U72/><E72/><V31/><F31/><W131/><G131/><T75/><D75/><U6/><E54/><V82/><F82/><W45/><G132/><T25/><D25/><U48/><REACH who="1" step="1"/><E85/><REACH who="1" ten="101,310,369,210" step="2"/><V51/><F36/><W90/><G52/><T127/><D127/><U74/><E74/><V1/><F40/><W112/><G112/><T47/><D66/><U34/><E34/><V24/><F67/><W96/><G103/><T65/><D65/><U10/><E10/><V117/><F114/><W87/><G101/><T120/><D120/><U49/><E49/><V27/><F51/><W94/><G60/><T130/><D130/><U100/><E100/><V11/><F113/><W78/><G45/><AGARI ba="4,1" hai="6,9,15,45,48,53,57,62,64,69,71,86,91,93" machi="45" ten="30,2000,0" yaku="1,1,7,1,53,0" doraHai="119" doraHaiUra="22" who="1" fromWho="3" sc="101,0,310,42,369,0,210,-32" /><INIT seed="3,0,0,3,1,99" ten="101,352,369,178" oya="3" hai0="17,101,53,71,23,29,67,24,94,93,50,96,18" hai1="62,103,15,8,66,133,78,59,2,73,118,46,106" hai2="125,64,89,10,68,12,107,47,48,41,5,35,26" hai3="11,72,135,77,108,121,80,104,116,32,37,112,76"/><W30/><RYUUKYOKU type="yao9" ba="0,0" sc="101,0,352,0,369,0,178,0" hai3="11,30,32,37,72,76,77,80,104,108,112,116,121,135" /><INIT seed="3,1,0,3,0,55" ten="101,352,369,178" oya="3" hai0="131,65,92,42,26,95,90,28,12,47,70,69,89" hai1="99,93,134,43,98,1,63,11,59,82,122,106,112" hai2="109,21,6,79,118,68,52,39,102,72,58,44,38" hai3="8,103,0,81,84,62,50,46,116,37,71,33,78"/><W130/><G116/><T7/><D131/><U132/><E112/><V18/><F68/><W49/><G33/><T119/><D119/><U117/><E117/><V30/><F118/><W135/><G135/><N who="1" m="51754" /><E122/><V126/><F109/><W80/><G130/><T40/><D7/><N who="1" m="1519" /><E43/><V66/><F126/><W104/><G81/><T115/><D12/><U57/><E106/><V73/><F6/><W54/><G0/><T113/><D26/><U105/><E63/><V101/><F30/><W32/><G8/><T23/><D23/><U17/><E82/><V97/><F66/><W67/><G32/><T48/><D65/><U100/><E17/><V5/><F5/><W2/><G2/><T35/><D35/><U16/><E16/><V94/><F101/><AGARI ba="1,0" hai="57,59,93,98,99,100,101,105" m="1519,51754" machi="101" ten="30,3900,0" yaku="20,1,52,2" doraHai="55" who="1" fromWho="2" sc="101,0,352,42,369,-42,178,0" /><INIT seed="4,0,0,1,0,51" ten="101,394,327,178" oya="0" hai0="52,7,65,131,4,114,63,39,36,57,44,41,55" hai1="117,49,47,40,99,45,2,107,126,59,6,113,98" hai2="21,15,58,121,106,61,11,56,69,66,120,88,112" hai3="19,17,10,91,132,96,77,46,83,108,102,119,103"/><T13/><D114/><U95/><E117/><V23/><F106/><W105/><G108/><T20/><D131/><U123/><E123/><V84/><F112/><W22/><G119/><T92/><D39/><U60/><E126/><V14/><F120/><W25/><G132/><T37/><D37/><U125/><E125/><V93/><F121/><W78/><G103/><T64/><D92/><U104/><E113/><V79/><F79/><W129/><G129/><T111/><D111/><U109/><E109/><V24/><F23/><W135/><G135/><T42/><D42/><U100/><E47/><V28/><REACH who="2" step="1"/><F15/><REACH who="2" ten="101,394,317,178" step="2"/><W72/><G77/><T5/><REACH who="0" step="1"/><D65/><REACH who="0" ten="91,394,317,178" step="2"/><U80/><E107/><V130/><F130/><W54/><G105/><T26/><D26/><U33/><E104/><V110/><F110/><W0/><G25/><T87/><D87/><U90/><E99/><V115/><F115/><W30/><G96/><T1/><D1/><U82/><E2/><V101/><F101/><W31/><G102/><T94/><D94/><U9/><E100/><V75/><F75/><W67/><G72/><T124/><D124/><U68/><E98/><V76/><F76/><W122/><G78/><T38/><D38/><U62/><E95/><V18/><AGARI ba="0,2" hai="11,14,18,21,24,28,56,58,61,66,69,84,88,93" machi="18" ten="20,5200,0" yaku="1,1,0,1,7,1,54,1,53,0" doraHai="51" doraHaiUra="134" who="2" fromWho="2" sc="91,-26,394,-13,317,72,178,-13" /><INIT seed="5,0,0,3,0,79" ten="65,381,389,165" oya="1" hai0="63,95,40,103,72,101,94,99,110,124,115,122,84" hai1="65,135,70,64,53,45,96,88,13,75,119,6,34" hai2="54,86,77,58,55,17,33,93,42,109,97,100,116" hai3="85,0,43,82,22,46,114,19,27,71,44,14,67"/><U8/><E119/><V125/><F116/><W74/><G0/><T102/><D40/><U35/><E135/><V20/><F109/><W5/><G74/><T1/><D1/><U127/><E127/><V133/><F33/><W18/><G114/><T105/><D63/><U57/><E75/><V12/><F133/><W73/><G73/><T117/><D110/><U7/><E70/><V39/><F125/><W130/><G130/><T120/><D117/><U11/><E45/><V60/><F39/><W31/><G46/><T87/><D124/><U29/><E29/><V89/><F77/><N who="3" m="46287" /><G67/><T61/><D61/><U21/><E21/><V111/><F111/><W30/><G71/><T26/><D26/><U49/><E35/><V108/><F42/><W25/><G5/><T98/><D72/><U10/><E34/><V81/><REACH who="2" step="1"/><F108/><REACH who="2" ten="65,381,379,165" step="2"/><W52/><G43/><T104/><REACH who="0" step="1"/><D103/><REACH who="0" ten="55,381,379,165" step="2"/><U78/><E78/><V92/><F92/><W4/><G27/><T132/><D132/><U28/><E28/><V3/><F3/><W107/><G31/><T118/><D118/><U68/><E68/><V47/><F47/><W69/><G44/><T131/><D131/><U76/><E76/><V15/><F15/><W126/><G14/><T2/><D2/><U83/><E13/><V113/><F113/><AGARI ba="0,2" hai="84,87,94,95,98,99,101,102,104,105,113,115,120,122" machi="113" ten="25,12000,2" yaku="1,1,22,2,34,3,53,0" doraHai="79" doraHaiUra="36" who="0" fromWho="2" sc="55,140,381,0,379,-120,165,0" /><INIT seed="6,0,0,4,3,112" ten="195,381,259,165" oya="2" hai0="71,87,113,121,74,54,43,7,94,5,95,110,18" hai1="103,135,102,69,14,16,123,10,107,48,1,0,26" hai2="82,2,22,21,67,133,50,12,37,90,6,33,28" hai3="76,78,98,17,105,72,65,41,89,25,40,73,44"/><V128/><F37/><W130/><G130/><T120/><D110/><U4/><E135/><V30/><F2/><W101/><G65/><T46/><D74/><U35/><E69/><V84/><F33/><W51/><G41/><T47/><D71/><U125/><E125/><V63/><F128/><W32/><G89/><T60/><D113/><U56/><E123/><V117/><F117/><W129/><G129/><T66/><D54/><U114/><E114/><V27/><F133/><W59/><G59/><T70/><D18/><U88/><E107/><V15/><F6/><W118/><G118/><T132/><D132/><U62/><E48/><V23/><F50/><W79/><REACH who="3" step="1"/><G17/><REACH who="3" ten="195,381,259,155" step="2"/><T81/><D120/><U29/><E88/><V104/><F67/><W8/><G8/><T86/><D121/><U42/><E42/><V57/><F57/><W111/><G111/><T58/><D70/><U127/><E127/><V77/><F90/><W131/><G131/><T39/><D47/><U20/><E0/><V13/><F77/><W85/><G85/><T126/><D126/><U91/><E91/><V108/><F84/><W80/><G80/><T24/><D87/><U36/><E36/><V119/><F82/><W106/><G106/><T92/><D86/><U99/><E99/><V31/><F104/><W61/><G61/><T93/><D81/><U109/><E109/><V68/><F108/><W115/><G115/><T116/><D116/><U9/><E10/><V100/><F119/><W49/><G49/><T97/><N who="0" m="23552" /><DORA hai="124" /><T55/><D39/><U83/><E83/><V3/><F63/><RYUUKYOKU ba="0,1" sc="195,-15,381,15,259,-15,155,15" hai1="1,4,9,14,16,20,26,29,35,56,62,102,103" hai3="25,32,40,44,51,72,73,76,78,79,98,101,105" /><INIT seed="7,1,1,3,4,36" ten="180,396,244,170" oya="3" hai0="56,0,86,38,17,70,4,88,109,84,32,62,19" hai1="93,130,133,74,134,118,29,6,132,59,126,55,12" hai2="106,73,31,15,97,119,81,75,83,18,7,30,68" hai3="49,129,77,39,100,117,40,69,96,79,95,16,64"/><W92/><G117/><T123/><D109/><U14/><E74/><V1/><F68/><W51/><G129/><T43/><D123/><U57/><E118/><V94/><F106/><W53/><G69/><T104/><D70/><U89/><E130/><V71/><F71/><W52/><G64/><T91/><D104/><U102/><E126/><V45/><F1/><W41/><G39/><T26/><D32/><U8/><E29/><V122/><F7/><W25/><G25/><T127/><D127/><U13/><E102/><V63/><F122/><W65/><G65/><T22/><D0/><U115/><E115/><V98/><F63/><W50/><G16/><N who="0" m="12615" /><D4/><U47/><E47/><V128/><F128/><W113/><G113/><T67/><D38/><U124/><E124/><V105/><F105/><W61/><G95/><N who="0" m="54759" /><D43/><N who="3" m="16457" /><G61/><T80/><AGARI ba="1,1" hai="17,19,56,62,67,80,86,88" m="54759,12615" machi="80" ten="30,4000,0" yaku="8,1,54,2" doraHai="36" who="0" fromWho="0" sc="180,53,396,-11,244,-11,170,-21" owari="233,3.3,385,48.5,233,-16.7,149,-35.1" /></mjloggm>