<mjloggm ver="2.3"><GO type="169" lobby="0"/><UN n0="%E3%82%B8%E3%83%A7%E3%83%8B%E3%83%B2" n1="%E4%BA%AC%E9%83%BD%34%30" n2="%53%69%6C%65%6E%54" n3="%E9%9B%A8%E6%9C%88%E3%81%A4%E3%82%86" dan="16,16,16,16" rate="2134.94,2113.72,2156.09,2112.80" sx="M,M,F,M"/><TAIKYOKU oya="0"/><INIT seed="0,0,0,1,2,134" ten="250,250,250,250" oya="0" hai0="53,43,110,75,35,12,41,91,117,18,101,90,95" hai1="74,104,26,133,40,125,0,1,100,126,6,129,27" hai2="70,68,47,79,57,86,83,7,16,60,13,2,24" hai3="124,116,80,44,122,73,78,46,25,72,99,38,96"/><T113/><D117/><U33/><E74/><V84/><F24/><N who="1" m="9257" /><E40/><V88/><F47/><W50/><G116/><T56/><D75/><U37/><E37/><V58/><F7/><W29/><G122/><T89/><D35/><U49/><E49/><V59/><F2/><N who="1" m="1129" /><E100/><V135/><F135/><W62/><G72/><T17/><D113/><U130/><E104/><V22/><REACH who="2" step="1"/><F60/><REACH who="2" ten="250,250,240,250" step="2"/><W128/><G44/><T19/><D110/><U131/><E133/><V112/><F112/><W76/><G46/><T111/><D111/><U108/><E108/><V23/><F23/><W67/><G62/><T119/><D119/><U92/><E33/><V94/><AGARI ba="0,1" hai="13,16,22,57,58,59,68,70,79,83,84,86,88,94" machi="94" ten="30,7900,0" yaku="1,1,0,1,54,2,53,0" doraHai="134" doraHaiUra="51" who="2" fromWho="2" sc="250,-39,250,-20,240,89,250,-20" /><INIT seed="1,0,0,2,2,21" ten="211,230,329,230" oya="1" hai0="0,116,6,84,80,64,121,13,133,3,75,123,27" hai1="126,59,17,74,112,97,99,31,37,34,118,102,98" hai2="96,35,28,36,16,81,108,91,47,50,117,89,56" hai3="131,77,52,63,60,120,65,18,82,54,44,4,127"/><U115/><E118/><V11/><F117/><W85/><G120/><N who="0" m="46155" /><D116/><U95/><E37/><V14/><F36/><W70/><G127/><T24/><D75/><U87/><E126/><V25/><F108/><W66/><G131/><T29/><D64/><U105/><E74/><V129/><F129/><W114/><G114/><T83/><D133/><U19/><E59/><V111/><F111/><W7/><G18/><T69/><D69/><U46/><E17/><V71/><F71/><W100/><G100/><T109/><D109/><U42/><E19/><V130/><F96/><W5/><REACH who="3" step="1"/><G44/><REACH who="3" ten="211,230,329,220" step="2"/><T92/><D29/><U62/><E115/><V61/><F130/><W9/><G9/><N who="0" m="4279" /><D3/><U20/><E112/><V45/><F47/><W67/><G67/><T101/><D0/><U107/><E102/><V103/><F103/><W8/><G8/><T132/><D132/><U122/><E122/><V68/><F45/><W49/><G49/><T10/><D10/><U58/><E107/><V1/><F50/><W32/><G32/><T48/><D48/><U39/><E105/><V51/><F51/><W40/><G40/><T93/><D101/><U57/><E34/><V38/><F35/><W94/><G94/><N who="0" m="36459" /><D83/><U110/><E110/><V78/><F81/><W43/><G43/><T2/><D2/><U124/><E124/><V106/><F106/><W41/><G41/><T73/><D73/><U72/><E72/><V26/><F1/><W128/><G128/><T33/><D33/><U15/><E46/><V86/><F11/><W113/><G113/><T125/><D125/><U55/><E42/><RYUUKYOKU ba="0,1" sc="211,15,230,-15,329,-15,220,15" hai0="24,27,80,84" hai3="4,5,7,52,54,60,63,65,66,70,77,82,85" /><INIT seed="2,1,1,2,1,118" ten="226,215,314,235" oya="2" hai0="59,64,30,29,122,77,116,105,12,67,95,124,32" hai1="4,25,129,14,131,102,68,106,70,69,88,121,20" hai2="71,79,80,58,72,2,23,31,42,39,7,85,115" hai3="11,135,133,66,81,40,52,98,53,33,3,89,84"/><V132/><F115/><W119/><G119/><T9/><D105/><U62/><E62/><V104/><F132/><N who="3" m="50763" /><G33/><T87/><D116/><U48/><E48/><V125/><F125/><W78/><G66/><T100/><D124/><U120/><E102/><V16/><F31/><N who="0" m="11786" /><D32/><U13/><E106/><V117/><F71/><W75/><G40/><T36/><D36/><U51/><E25/><V103/><F58/><W109/><G109/><T74/><D74/><U0/><E51/><V5/><F42/><W86/><G86/><T18/><D59/><U41/><E41/><V27/><F39/><W34/><G34/><T114/><D114/><U35/><E35/><V127/><F127/><W17/><G98/><N who="0" m="59487" /><D122/><N who="1" m="47211" /><E88/><V44/><F103/><W54/><G89/><T108/><D108/><U130/><E20/><V92/><F23/><W101/><G101/><T107/><D107/><U63/><E63/><V90/><F104/><W73/><G3/><T96/><D96/><U49/><E49/><V76/><F2/><W111/><G111/><T113/><D113/><U50/><E50/><V123/><F117/><W56/><G56/><T55/><D55/><U57/><E57/><V24/><F123/><W83/><G83/><AGARI ba="1,1" hai="9,12,18,64,67,77,83,87" m="59487,11786" machi="83" ten="30,1000,0" yaku="8,1" doraHai="118" who="0" fromWho="3" sc="226,23,215,0,314,0,235,-13" /><INIT seed="3,0,0,0,1,113" ten="249,215,314,222" oya="3" hai0="56,31,46,23,119,52,127,24,99,129,29,125,30" hai1="51,118,82,41,16,72,132,60,120,35,130,3,20" hai2="84,106,63,9,67,21,42,116,126,26,110,89,133" hai3="98,111,11,115,22,47,77,124,74,15,112,94,104"/><W76/><G124/><N who="0" m="47691" /><D129/><U100/><E35/><V65/><F110/><W53/><G104/><T2/><D2/><U93/><E120/><V102/><F133/><W114/><G74/><T25/><D46/><U108/><E108/><V57/><F42/><W68/><G68/><T81/><D119/><U32/><E32/><V80/><F9/><W36/><G111/><T86/><D99/><U85/><E3/><V123/><F123/><W78/><G22/><T79/><D23/><U69/><E72/><V17/><F116/><W62/><G36/><T18/><D18/><U71/><E130/><V43/><F43/><W44/><G62/><AGARI ba="0,0" hai="24,25,29,30,31,52,56,62,79,81,86" m="47691" machi="62" ten="30,2000,0" yaku="18,1,54,1" doraHai="113" who="0" fromWho="3" sc="249,20,215,0,314,0,222,-20" /><INIT seed="4,0,0,0,2,127" ten="269,215,314,202" oya="0" hai0="72,21,14,33,99,12,128,81,30,43,27,66,49" hai1="117,107,57,78,89,92,32,39,91,93,60,68,4" hai2="56,105,73,115,74,83,121,97,45,120,31,79,95" hai3="22,96,10,109,65,29,47,15,110,134,16,11,17"/><T20/><D66/><U113/><E117/><V24/><F115/><W48/><G65/><T123/><D99/><U135/><E107/><V104/><F74/><W13/><G134/><T53/><D43/><U69/><E32/><V46/><F120/><W41/><REACH who="3" step="1"/><G96/><REACH who="3" ten="269,215,314,192" step="2"/><T8/><D123/><U61/><E135/><V2/><F97/><W3/><G3/><T124/><D124/><U1/><E1/><V133/><F2/><W132/><G132/><T116/><D116/><U40/><E113/><V98/><F98/><W122/><G122/><T88/><D72/><U106/><E106/><V71/><F73/><W94/><G94/><T23/><D8/><U85/><E93/><V51/><F95/><W19/><G19/><T125/><D125/><U101/><E92/><V80/><F104/><W44/><G44/><T90/><D81/><U75/><E75/><V103/><F80/><W54/><G54/><T18/><D18/><U64/><E64/><V63/><F83/><W35/><G35/><T34/><D33/><U6/><E101/><V58/><F103/><W100/><G100/><T108/><D34/><U38/><E85/><V84/><F84/><W87/><G87/><T7/><D53/><U102/><E102/><V59/><F133/><W130/><G130/><T0/><D128/><U118/><E118/><V26/><F121/><W55/><G55/><T50/><D0/><U36/><E4/><V129/><F129/><W42/><G42/><T9/><D7/><U119/><E6/><V111/><F105/><W5/><G5/><T28/><D28/><U70/><E119/><RYUUKYOKU ba="0,1" sc="269,-10,215,-10,314,-10,192,30" hai3="10,11,13,15,16,17,22,29,41,47,48,109,110" /><INIT seed="5,1,1,5,3,105" ten="259,205,304,222" oya="1" hai0="126,62,83,26,99,88,61,42,96,19,128,116,101" hai1="65,86,0,132,58,14,31,8,15,87,50,106,60" hai2="79,44,32,13,97,122,85,120,5,25,4,43,109" hai3="110,111,9,121,16,38,66,41,47,107,93,67,49"/><U45/><E106/><V55/><F109/><W24/><G107/><T135/><D116/><U131/><E131/><V23/><F32/><W22/><G121/><T71/><D42/><U117/><E117/><V59/><F97/><N who="0" m="37450" /><D71/><U11/><E132/><V90/><F79/><W51/><G38/><T20/><D101/><U7/><E31/><V54/><F54/><W57/><G93/><T98/><D126/><U127/><E127/><V119/><F119/><W12/><G110/><T103/><D135/><U76/><E76/><V94/><F13/><W115/><G115/><T52/><D128/><U77/><E77/><V74/><F74/><W37/><G111/><T2/><D2/><U3/><E3/><V36/><F120/><W27/><G27/><T91/><D83/><U69/><E69/><V33/><F33/><W108/><G108/><T104/><D62/><U80/><E80/><V114/><F114/><W6/><G37/><T118/><D118/><U53/><REACH who="1" step="1"/><E0/><REACH who="1" ten="259,195,304,222" step="2"/><V134/><F134/><W30/><G30/><T72/><D104/><U35/><E35/><V100/><F122/><W34/><G34/><T102/><D103/><U124/><E124/><V81/><F100/><W112/><G112/><T95/><D72/><U28/><E28/><N who="2" m="17471" /><F81/><W78/><G78/><T84/><D84/><U113/><E113/><V123/><F123/><W73/><G73/><T48/><D102/><U133/><E133/><V29/><F29/><W46/><REACH who="3" step="1"/><G57/><REACH who="3" ten="259,195,304,212" step="2"/><N who="0" m="32903" /><D91/><U75/><E75/><V56/><F59/><W68/><G68/><T92/><D92/><U40/><E40/><AGARI ba="1,3" hai="6,9,12,16,22,24,40,41,46,47,49,51,66,67" machi="40" ten="30,8000,1" yaku="1,1,7,1,9,1,8,1,54,1,53,0" doraHai="105" doraHaiUra="70" who="3" fromWho="1" sc="259,0,195,-83,304,0,212,113" /><INIT seed="6,0,0,1,5,49" ten="259,112,304,325" oya="2" hai0="86,91,66,85,77,20,33,7,22,45,76,134,94" hai1="101,2,27,114,88,93,89,38,43,57,118,52,34" hai2="129,104,3,121,98,58,87,96,106,28,84,55,47" hai3="63,19,54,107,125,31,14,130,97,69,53,108,120"/><V90/><F121/><W46/><G120/><T36/><D33/><U42/><E118/><V71/><F71/><W122/><G122/><T113/><D113/><U79/><E114/><V0/><F47/><W110/><G31/><T16/><D134/><U30/><E2/><V100/><F28/><W102/><G125/><T80/><D7/><U61/><E79/><V123/><F129/><W41/><G130/><T127/><D127/><U83/><E38/><V132/><F132/><W117/><G117/><T4/><D4/><U35/><E35/><V72/><F72/><W39/><G69/><T25/><D66/><U67/><E67/><V44/><F87/><W109/><REACH who="3" step="1"/><G63/><REACH who="3" ten="259,112,304,315" step="2"/><T50/><D36/><U78/><E101/><V92/><F123/><W15/><G15/><T32/><D32/><U17/><E17/><V10/><F100/><W13/><G13/><T124/><D124/><U75/><REACH who="1" step="1"/><E89/><REACH who="1" ten="259,102,304,315" step="2"/><V37/><F90/><W59/><G59/><T64/><D77/><U56/><E56/><V95/><F58/><W135/><G135/><T23/><REACH who="0" step="1"/><D64/><REACH who="0" ten="249,102,304,315" step="2"/><U81/><E81/><V115/><F115/><W48/><G48/><T68/><D68/><U103/><E103/><V1/><F37/><W65/><G65/><T82/><D82/><U24/><E24/><V73/><F0/><W70/><G70/><T21/><D21/><AGARI ba="0,3" hai="14,19,21,39,41,46,53,54,97,102,107,108,109,110" machi="21" ten="40,5200,0" yaku="1,1,52,2,53,0" doraHai="49" doraHaiUra="111" who="3" fromWho="0" sc="249,-52,102,0,304,0,315,82" /><INIT seed="7,0,0,5,3,68" ten="197,102,304,397" oya="3" hai0="19,73,23,114,74,109,66,120,64,72,2,39,78" hai1="8,82,47,48,25,59,121,85,98,32,119,129,52" hai2="14,17,51,104,22,53,49,133,58,118,37,97,96" hai3="128,100,80,46,1,115,34,0,67,108,61,99,91"/><W57/><G115/><T103/><D109/><U135/><E121/><V60/><F118/><W88/><G34/><T75/><D120/><U27/><E119/><V69/><F133/><W20/><G128/><T28/><D2/><U83/><E135/><V126/><F126/><W124/><G124/><T123/><D123/><U86/><E129/><V45/><F104/><W42/><G0/><T29/><D114/><U90/><E32/><V134/><F134/><W54/><G1/><T111/><D111/><U21/><E98/><V44/><F69/><W132/><G108/><T105/><D78/><U110/><E110/><V107/><F107/><W87/><G132/><T26/><N who="0" m="18432" /><DORA hai="95" /><T38/><D66/><U116/><E116/><V113/><F37/><W102/><G20/><T131/><D64/><U81/><E8/><V15/><F15/><W94/><G54/><T84/><D84/><U4/><E4/><V30/><F30/><W106/><G106/><T10/><D131/><U3/><E3/><V16/><F17/><W18/><G18/><T41/><D41/><U31/><E27/><V13/><F13/><W9/><G9/><T12/><REACH who="0" step="1"/><D29/><REACH who="0" ten="187,102,304,397" step="2"/><U63/><REACH who="1" step="1"/><E85/><REACH who="1" ten="187,92,304,397" step="2"/><V33/><F113/><W77/><G87/><T55/><D55/><AGARI ba="0,2" hai="21,25,31,47,48,52,55,59,63,81,82,83,86,90" machi="55" ten="30,8000,1" yaku="1,1,2,1,7,1,8,1,54,1,53,0" doraHai="68,95" doraHaiUra="70,65" who="1" fromWho="0" sc="187,-80,92,100,304,0,397,0" owari="107,-39.3,192,-20.8,304,10.4,397,49.7" /></mjloggm>