<mjloggm ver="2.3"><GO type="169" lobby="0"/><UN n0="%E4%BF%BA%E3%81%A7%E3%81%99" n1="%E5%B8%B0%E3%82%8A%E3%81%9F%E3%81%84%E3%80%82" n2="%E6%BC%A3%E5%A4%8F" n3="%E9%87%A3%E3%82%8A%E6%97%A5%E5%92%8C" dan="16,17,16,18" rate="2074.77,2212.64,2113.61,2231.72" sx="M,M,M,M"/><TAIKYOKU oya="0"/><INIT seed="0,0,0,5,4,71" ten="250,250,250,250" oya="0" hai0="49,1,108,84,88,10,123,32,38,79,91,83,93" hai1="34,11,40,64,17,9,60,92,58,125,20,63,74" hai2="131,99,41,27,76,3,75,46,72,119,107,61,24" hai3="13,112,102,134,14,12,110,0,19,103,117,18,4"/><T43/><D123/><U104/><E104/><V86/><F131/><W118/><G112/><T6/><D108/><U94/><E34/><V85/><F3/><W56/><G0/><T62/><D32/><U7/><E74/><V35/><F119/><W78/><G4/><T97/><D49/><U80/><E125/><V29/><F24/><W39/><G78/><T101/><REACH who="0" step="1"/><D62/><REACH who="0" ten="240,250,250,250" step="2"/><U68/><E63/><V59/><F61/><W2/><G110/><T111/><D111/><U30/><E60/><V124/><F35/><W96/><G117/><T82/><D82/><U98/><E80/><V57/><F124/><W33/><G33/><T65/><D65/><U77/><E64/><V105/><F72/><W116/><G118/><T22/><D22/><U122/><E20/><V70/><F75/><W31/><G116/><T69/><D69/><U115/><E68/><V87/><F70/><W42/><G56/><T114/><D114/><U21/><E58/><V120/><F59/><W126/><G126/><T15/><D15/><N who="1" m="7407" /><E115/><V67/><F57/><W26/><G13/><T109/><D109/><U28/><E21/><V121/><F67/><W81/><G14/><T128/><D128/><U5/><E122/><V37/><F121/><W51/><G51/><T47/><AGARI ba="0,1" hai="1,6,10,38,43,47,79,83,84,88,91,93,97,101" machi="47" ten="30,11700,0" yaku="1,1,0,1,52,1,54,1,53,0" doraHai="71" doraHaiUra="113" who="0" fromWho="0" sc="240,127,250,-39,250,-39,250,-39" /><INIT seed="0,1,0,4,0,86" ten="367,211,211,211" oya="0" hai0="117,105,36,90,7,59,111,40,65,61,64,6,37" hai1="60,118,54,79,112,104,77,44,35,102,92,28,4" hai2="127,31,96,78,103,70,129,66,19,56,26,93,53" hai3="106,109,3,133,52,33,5,91,72,114,68,16,38"/><T122/><D117/><U135/><E118/><V131/><F127/><W113/><RYUUKYOKU type="yao9" ba="1,0" sc="367,0,211,0,211,0,211,0" hai3="3,5,16,33,38,52,68,72,91,106,109,113,114,133" /><INIT seed="0,2,0,0,3,32" ten="367,211,211,211" oya="0" hai0="66,15,80,18,56,12,23,9,53,94,89,55,131" hai1="48,39,51,27,123,10,104,134,34,101,36,2,132" hai2="90,72,7,106,93,75,115,112,98,117,65,135,29" hai3="119,113,3,109,37,130,128,124,35,11,54,50,79"/><T74/><D131/><N who="3" m="50217" /><G113/><T1/><D66/><U100/><E104/><V61/><F135/><N who="1" m="51753" /><E34/><V19/><F117/><W59/><G119/><T20/><D1/><U77/><E77/><V52/><F106/><W99/><G35/><T78/><D23/><U96/><E27/><V108/><F108/><W49/><G37/><N who="1" m="14410" /><E123/><V68/><F29/><W76/><G109/><T85/><REACH who="0" step="1"/><D56/><REACH who="0" ten="357,211,211,211" step="2"/><U44/><E2/><V70/><F65/><W38/><G59/><T40/><D40/><U126/><E10/><V14/><F115/><W110/><G11/><T60/><D60/><U87/><E126/><V125/><F125/><W122/><G3/><T16/><AGARI ba="2,1" hai="9,12,15,16,18,20,53,55,74,78,80,85,89,94" machi="16" ten="20,7800,0" yaku="1,1,0,1,7,1,54,1,53,0" doraHai="32" doraHaiUra="57" who="0" fromWho="0" sc="357,94,211,-28,211,-28,211,-28" /><INIT seed="0,3,0,4,1,33" ten="451,183,183,183" oya="0" hai0="27,19,44,5,98,88,22,25,72,41,122,95,24" hai1="66,74,87,92,115,31,127,51,40,75,71,20,111" hai2="57,11,18,58,30,54,26,9,90,4,70,86,42" hai3="38,119,63,116,6,62,3,132,56,12,102,13,125"/><T59/><D122/><U106/><E106/><V65/><F70/><W101/><G38/><T118/><D118/><U84/><E111/><V36/><F65/><W32/><G32/><T121/><D121/><U45/><E127/><V8/><F18/><W131/><G125/><T114/><D114/><U23/><E115/><V15/><F57/><W53/><G132/><T34/><D72/><U133/><E133/><V112/><F42/><W21/><G131/><T94/><D5/><U39/><E75/><V68/><F68/><W91/><G91/><T2/><D2/><U64/><E74/><V14/><F14/><W69/><G69/><T113/><D113/><U120/><E120/><V129/><F36/><W43/><G43/><T108/><D108/><U10/><E39/><V67/><F67/><N who="1" m="25641" /><E31/><V55/><F129/><W17/><G12/><N who="0" m="9575" /><D34/><U83/><E71/><V134/><F55/><W93/><G63/><T1/><D1/><U78/><E10/><V50/><F134/><W77/><G77/><T60/><D95/><U49/><E49/><V37/><F37/><W35/><G35/><T16/><D41/><U0/><E0/><V126/><F126/><W61/><G61/><T117/><D117/><U105/><E105/><V82/><F112/><W28/><G93/><T79/><D79/><U81/><E92/><V110/><F110/><W107/><G107/><T104/><D104/><U80/><E83/><V52/><F54/><W103/><REACH who="3" step="1"/><G28/><REACH who="3" ten="451,183,183,173" step="2"/><T89/><D89/><AGARI ba="3,1" hai="20,23,40,45,51,78,80,81,84,87,89" m="25641" machi="89" ten="30,1000,0" yaku="8,1" doraHai="33" who="1" fromWho="0" sc="451,-19,183,29,183,0,173,0" /><INIT seed="1,0,0,3,3,99" ten="432,212,183,173" oya="1" hai0="109,21,131,113,49,3,129,66,24,82,35,81,13" hai1="2,103,85,59,90,117,102,53,44,67,134,114,19" hai2="46,91,55,121,5,54,23,50,78,105,57,32,69" hai3="30,83,98,119,42,72,94,9,20,128,101,60,41"/><U6/><E114/><V58/><F121/><W25/><G128/><N who="0" m="49227" /><D113/><U16/><E117/><V112/><F32/><W18/><G119/><T87/><D3/><U115/><E115/><V61/><F112/><W17/><G72/><T126/><D126/><U77/><E77/><V29/><F69/><W64/><G83/><T48/><D109/><U38/><E6/><V100/><F78/><W125/><G125/><T127/><D66/><U70/><E2/><V1/><F91/><W4/><G17/><N who="1" m="6730" /><E38/><V106/><F106/><W43/><G18/><N who="0" m="10447" /><D127/><U51/><E70/><V14/><F1/><W74/><G74/><T130/><D130/><U15/><E15/><V45/><F29/><W56/><G4/><T47/><D87/><U123/><E134/><V37/><F37/><W0/><G0/><T79/><D79/><U110/><E110/><V68/><F68/><W10/><AGARI ba="0,0" hai="9,10,20,25,30,41,42,43,56,60,64,94,98,101" machi="10" ten="30,8000,1" yaku="0,1,25,2,8,1,52,1" doraHai="99" who="3" fromWho="3" sc="432,-20,212,-40,183,-20,173,80" /><INIT seed="2,0,0,5,3,54" ten="412,172,163,253" oya="2" hai0="76,21,39,32,110,24,79,82,64,8,47,87,113" hai1="125,123,74,134,104,108,0,118,46,29,13,56,68" hai2="131,86,25,103,14,85,26,84,77,130,2,100,90" hai3="116,75,9,112,10,55,99,63,73,45,57,17,120"/><V43/><F2/><W126/><G116/><T49/><D113/><U20/><RYUUKYOKU type="yao9" ba="0,0" sc="412,0,172,0,163,0,253,0" hai1="0,13,20,29,46,56,68,74,104,108,118,123,125,134" /><INIT seed="2,1,0,2,3,135" ten="412,172,163,253" oya="2" hai0="49,15,48,62,8,106,58,81,50,121,104,74,59" hai1="119,26,100,10,42,47,71,19,63,23,95,13,131" hai2="18,116,118,123,114,80,14,101,103,27,134,99,102" hai3="20,44,92,22,91,84,29,120,105,72,21,76,133"/><V45/><F114/><W132/><G120/><T6/><D121/><U36/><E119/><V129/><F123/><W65/><G105/><T66/><REACH who="0" step="1"/><D59/><REACH who="0" ten="402,172,163,253" step="2"/><U1/><E71/><V3/><F118/><W35/><G132/><T64/><D64/><U89/><E131/><V61/><F116/><W5/><G65/><T16/><D16/><U68/><E68/><V52/><F18/><W57/><G57/><T31/><D31/><U54/><E19/><V109/><F129/><W2/><G29/><T73/><D73/><U41/><E42/><V96/><F134/><W51/><G72/><T40/><D40/><U98/><E41/><V82/><F109/><W11/><G133/><T12/><D12/><U39/><E13/><V94/><F14/><W79/><G35/><T30/><D30/><U56/><E56/><V87/><F3/><W107/><G2/><T113/><D113/><U122/><E1/><V112/><F112/><W93/><G5/><T43/><D43/><U0/><E122/><V25/><F25/><W85/><G44/><T125/><D125/><U34/><E47/><V124/><F27/><W67/><G67/><T9/><D9/><U37/><E10/><V88/><F124/><W130/><G11/><T24/><D24/><U28/><E0/><V126/><F126/><W110/><G110/><T69/><D69/><U53/><E34/><V4/><F4/><W17/><G17/><T55/><D55/><U83/><E54/><V60/><F45/><W86/><G130/><T115/><D115/><U75/><E28/><V32/><F32/><W108/><G108/><RYUUKYOKU ba="1,1" sc="402,30,172,-10,163,-10,253,-10" hai0="6,8,15,48,49,50,58,62,66,74,81,104,106" /><INIT seed="3,2,1,2,5,133" ten="432,162,153,243" oya="3" hai0="84,22,106,67,135,93,97,92,35,68,37,64,34" hai1="25,124,36,18,50,101,118,88,83,91,73,77,6" hai2="13,105,126,1,9,54,115,40,102,32,85,79,57" hai3="81,29,21,42,19,53,129,48,2,27,131,90,123"/><W114/><G114/><T66/><D135/><U10/><E36/><V104/><F32/><W17/><G2/><T107/><D37/><U70/><E70/><V132/><F115/><W95/><G42/><T14/><D84/><U116/><E101/><V72/><F72/><W41/><G41/><T125/><D14/><U47/><E18/><V74/><F74/><W63/><G63/><T0/><D22/><U59/><E59/><V60/><F1/><W75/><G123/><T16/><D16/><U122/><E25/><V23/><F40/><W62/><G62/><T71/><D64/><U99/><E99/><V15/><F102/><W33/><G81/><T86/><D86/><U94/><E94/><V5/><F23/><W110/><G110/><T52/><D97/><U56/><E56/><V24/><F24/><W7/><G7/><T127/><D52/><N who="1" m="29791" /><E124/><V30/><F126/><W20/><G75/><T26/><REACH who="0" step="1"/><D26/><REACH who="0" ten="422,162,153,243" step="2"/><U55/><E55/><V89/><F54/><W49/><G49/><T11/><D11/><U38/><E38/><V31/><F9/><W61/><G61/><T39/><D39/><U45/><E10/><V117/><F60/><W76/><G19/><T28/><D28/><U134/><E134/><V80/><F31/><W121/><G20/><T119/><D119/><U46/><E118/><V109/><F30/><W108/><G29/><T112/><D112/><U82/><E116/><V96/><F117/><W100/><G48/><T4/><D4/><U130/><E6/><V51/><F132/><W113/><G53/><T128/><D128/><U43/><E130/><RYUUKYOKU ba="2,2" sc="422,30,162,-10,153,-10,243,-10" hai0="0,34,35,66,67,68,71,92,93,106,107,125,127" /><INIT seed="4,3,2,5,1,29" ten="452,152,143,233" oya="0" hai0="9,86,101,113,37,1,36,33,51,67,87,97,25" hai1="55,108,34,52,7,68,102,84,126,71,15,32,12" hai2="31,56,48,2,75,122,64,23,107,14,40,114,111" hai3="135,66,27,92,79,129,19,43,99,18,110,96,70"/><T77/><D113/><U69/><E7/><V54/><F111/><W13/><G110/><T130/><D130/><U17/><E108/><V46/><F122/><W4/><G129/><T73/><D73/><U61/><E126/><V53/><F114/><W105/><G135/><T62/><D51/><U16/><E84/><V88/><F107/><W82/><G43/><T89/><D77/><U91/><E91/><V47/><F75/><W41/><G41/><T11/><D37/><U124/><E102/><V28/><F2/><W127/><G127/><T100/><D36/><U78/><E78/><V0/><F0/><W103/><G70/><T121/><D101/><U3/><E3/><V120/><F88/><W98/><G66/><T26/><D26/><U131/><E124/><V63/><F120/><W39/><G39/><T44/><D44/><U30/><E30/><N who="2" m="11307" /><F46/><W58/><G58/><T72/><D72/><U80/><E80/><V57/><F57/><W115/><G115/><T119/><D1/><U123/><E123/><V118/><F118/><W83/><G83/><T76/><D76/><U42/><E42/><V45/><F45/><W95/><G105/><T117/><D89/><U133/><E131/><V85/><F85/><N who="0" m="32266" /><D121/><U5/><E69/><V109/><F109/><W132/><G82/><T74/><D74/><U49/><E68/><V59/><F59/><W93/><G79/><T20/><D119/><U106/><E71/><V22/><F14/><W104/><G104/><N who="0" m="63503" /><D117/><U112/><E112/><V38/><F38/><W60/><G103/><T94/><D67/><U81/><E106/><RYUUKYOKU ba="3,2" sc="452,-10,152,-10,143,30,233,-10" hai2="22,23,40,47,48,53,54,56,63,64" /><INIT seed="5,4,2,3,4,64" ten="442,142,173,223" oya="1" hai0="18,131,87,113,80,120,65,0,78,123,7,62,27" hai1="82,127,90,119,41,5,19,135,122,104,121,56,4" hai2="89,102,66,53,103,69,42,105,106,97,95,50,108" hai3="54,12,92,16,48,75,84,21,126,2,117,1,15"/><U129/><E119/><V94/><F108/><W45/><G75/><T81/><D113/><U3/><E104/><V34/><F34/><W23/><G117/><T9/><D131/><U38/><E38/><V112/><F112/><W86/><G126/><T98/><D98/><U44/><E3/><V29/><F29/><W10/><G23/><N who="0" m="13815" /><D87/><N who="1" m="50551" /><E122/><N who="0" m="46633" /><D78/><U116/><E116/><V60/><F42/><W14/><G1/><T125/><D125/><U99/><E121/><V134/><F134/><W88/><G2/><T57/><AGARI ba="4,2" hai="0,7,9,57,62,65,80,81" m="46633,13815" machi="57" ten="30,1100,0" yaku="13,1" doraHai="64" who="0" fromWho="0" sc="442,43,142,-9,173,-7,223,-7" /><INIT seed="6,0,0,0,0,12" ten="485,133,166,216" oya="2" hai0="80,133,84,37,134,72,100,32,50,115,52,54,92" hai1="108,46,109,25,81,33,114,122,78,103,22,70,68" hai2="67,28,43,118,83,121,23,77,14,79,5,48,31" hai3="3,4,113,21,74,19,106,63,39,6,29,30,117"/><V94/><F118/><W27/><G39/><T47/><D115/><U7/><E114/><V112/><F121/><W76/><G113/><T97/><D32/><U9/><E103/><V120/><F120/><W59/><G106/><T15/><D37/><U132/><E122/><V57/><F112/><W1/><G74/><T36/><D36/><U98/><E98/><V135/><F135/><N who="0" m="51722" /><D15/><U58/><E58/><V8/><F94/><W17/><G76/><N who="2" m="29257" /><F83/><W35/><G59/><T24/><D24/><U91/><E33/><V53/><F67/><W0/><G63/><T42/><D72/><U87/><E132/><V96/><F96/><W129/><G129/><T62/><D62/><U40/><E70/><V49/><F23/><W124/><G117/><T51/><D51/><U16/><E68/><V41/><F49/><W125/><G35/><T38/><D38/><U107/><E107/><V44/><F44/><W128/><G128/><T127/><D127/><N who="3" m="48713" /><G30/><AGARI ba="0,0" hai="5,8,14,28,30,31,41,43,48,53,57" m="29257" machi="30" ten="30,1500,0" yaku="8,1" doraHai="12" who="2" fromWho="3" sc="485,0,133,0,166,15,216,-15" /><INIT seed="6,1,0,2,2,72" ten="485,133,181,201" oya="2" hai0="47,45,133,71,54,0,32,100,51,49,95,129,94" hai1="82,99,74,78,17,130,5,16,30,131,85,2,76" hai2="15,110,58,121,66,28,57,18,26,64,23,132,96" hai3="87,112,55,118,101,125,46,86,91,117,69,39,42"/><V126/><F121/><W67/><G125/><T33/><D0/><U105/><E30/><V14/><F126/><W68/><G101/><T53/><D71/><U79/><E105/><V127/><F127/><W31/><G31/><T10/><D10/><N who="1" m="2359" /><E99/><V36/><F132/><W20/><G87/><T40/><D133/><U12/><E74/><V70/><F36/><W111/><G111/><T115/><D115/><U81/><E81/><V1/><F1/><W50/><G20/><T109/><D129/><N who="1" m="49163" /><E17/><V116/><F116/><W135/><G135/><T60/><D60/><U44/><E44/><V8/><F110/><W92/><G112/><T11/><D11/><AGARI ba="1,0" hai="11,12,16,76,78,79,82,85" m="49163,2359" machi="11" ten="30,8000,1" yaku="19,1,52,3,54,1" doraHai="72" who="1" fromWho="0" sc="485,-83,133,83,181,0,201,0" /><INIT seed="7,0,0,5,2,57" ten="402,216,181,201" oya="3" hai0="37,77,123,86,96,18,85,90,27,82,134,14,55" hai1="68,9,130,107,29,118,93,64,112,52,45,127,98" hai2="67,44,79,0,87,117,38,121,51,25,41,101,108" hai3="70,39,92,116,119,16,75,15,80,11,120,42,53"/><W66/><G120/><T129/><D37/><U1/><E107/><V43/><F108/><W63/><G53/><T3/><D3/><U126/><E112/><V128/><F117/><W4/><G92/><T131/><D123/><U8/><E1/><V50/><F121/><W21/><G42/><T46/><D134/><U133/><E68/><V99/><F0/><W72/><G39/><T5/><D27/><U22/><E64/><V26/><F128/><W91/><G72/><T17/><D96/><U20/><E130/><V40/><F67/><W34/><G34/><T74/><D74/><U89/><E29/><V10/><F38/><W84/><REACH who="3" step="1"/><G75/><REACH who="3" ten="402,216,181,191" step="2"/><T100/><D131/><U115/><E52/><V54/><F50/><W71/><G71/><T122/><D129/><U78/><E93/><V125/><F125/><W94/><G94/><T110/><D122/><U12/><E127/><V69/><F69/><W103/><G103/><T2/><D100/><U83/><E126/><V19/><F101/><W111/><G111/><T36/><D110/><U81/><E133/><V31/><F99/><W104/><G104/><T97/><D97/><U113/><E98/><V56/><F41/><W59/><G59/><T48/><D36/><U73/><E73/><V114/><F43/><W35/><G35/><T61/><D55/><U24/><E115/><V62/><F114/><W95/><G95/><T135/><D135/><U76/><E113/><V49/><F40/><W105/><G105/><T124/><D124/><U33/><E33/><V88/><F56/><W32/><G32/><T47/><D47/><RYUUKYOKU ba="0,1" sc="402,-10,216,-10,181,-10,191,30" hai3="4,11,15,16,21,63,66,70,80,84,91,116,119" /><INIT seed="7,1,1,1,5,130" ten="392,206,171,221" oya="3" hai0="73,107,47,33,60,125,127,51,111,13,59,66,38" hai1="79,96,82,100,56,62,20,44,7,92,75,58,117" hai2="48,67,110,131,8,42,77,29,116,108,39,31,121" hai3="103,26,68,99,70,105,24,43,50,34,49,64,95"/><W91/><G43/><T84/><D73/><U87/><E117/><V101/><F116/><W17/><G26/><T27/><D107/><N who="1" m="63879" /><E7/><V40/><F131/><W98/><G70/><T71/><D111/><U128/><E128/><V132/><F39/><W65/><G64/><T21/><D13/><U80/><E80/><V89/><F77/><W1/><G1/><T104/><D104/><U54/><E20/><V109/><F121/><W32/><G32/><T126/><D33/><U2/><E2/><V37/><F37/><W4/><G17/><N who="0" m="12719" /><D84/><U14/><E58/><V23/><F101/><W5/><G50/><T114/><D114/><U120/><E14/><V28/><F23/><W12/><G49/><T18/><D18/><U55/><E44/><V76/><F76/><W86/><G99/><T129/><D129/><U30/><E30/><V94/><F8/><W74/><G12/><T6/><D6/><U41/><E41/><V57/><F132/><W112/><G112/><T63/><D38/><U52/><E120/><V11/><F11/><W118/><G74/><T15/><D15/><U113/><E113/><V85/><REACH who="2" step="1"/><F67/><REACH who="2" ten="392,206,161,221" step="2"/><W35/><G35/><T90/><D90/><AGARI ba="1,2" hai="52,54,55,56,62,75,79,82,87,90,92" m="63879" machi="90" ten="30,2000,0" yaku="24,1,54,1" doraHai="130" who="1" fromWho="0" sc="392,-23,206,43,161,0,221,0" owari="369,46.9,249,4.9,161,-33.9,221,-17.9" /></mjloggm>