<mjloggm ver="2.3"><GO type="169" lobby="0"/><UN n0="%E5%8D%83%E8%8D%89%E5%8F%B0" n1="%68%61%6B%75%30%37" n2="%73%68%6F%67%6F%6F" n3="%73%79%61%6D%6F" dan="17,18,16,16" rate="2118.95,2190.35,2093.97,2116.05" sx="M,M,M,M"/><TAIKYOKU oya="0"/><INIT seed="0,0,0,1,0,117" ten="250,250,250,250" oya="0" hai0="60,59,16,108,40,9,28,54,107,23,98,96,85" hai1="20,42,58,3,110,8,33,39,99,21,104,116,22" hai2="97,80,128,32,37,124,119,18,102,70,101,36,27" hai3="62,129,17,135,92,56,44,118,66,90,84,0,5"/><T121/><D108/><U111/><E33/><V133/><F119/><W10/><G118/><T72/><D72/><U68/><E68/><V86/><F70/><W127/><G135/><T134/><D134/><U95/><E116/><V93/><F133/><W76/><G127/><T55/><D40/><U13/><E104/><V2/><F2/><W122/><G129/><T30/><D121/><U24/><E3/><V91/><F128/><W49/><G17/><T103/><D96/><U65/><E65/><V71/><F71/><W12/><G76/><T69/><D69/><U51/><E39/><V61/><F61/><W25/><G25/><T4/><D55/><U123/><E123/><V64/><F64/><W115/><G115/><T1/><REACH who="0" step="1"/><D85/><REACH who="0" ten="240,250,250,250" step="2"/><U120/><E120/><V50/><F97/><W105/><G122/><T43/><D43/><U112/><E42/><V83/><F124/><W113/><G84/><T131/><D131/><U100/><E111/><V94/><F86/><W126/><G126/><T57/><D57/><U132/><E132/><V79/><F37/><W130/><G130/><T41/><D41/><U48/><E58/><V11/><F36/><W114/><G56/><T19/><D19/><N who="1" m="8615" /><E110/><V75/><F75/><W81/><G113/><T35/><D35/><U125/><E112/><V31/><F32/><W63/><G114/><T89/><D89/><U15/><E125/><V82/><F18/><W7/><G90/><T46/><D46/><U29/><E99/><V14/><F91/><W87/><G44/><T45/><D45/><U38/><E38/><V26/><F101/><RYUUKYOKU ba="0,1" sc="240,30,250,-10,250,-10,250,-10" hai0="1,4,9,16,23,28,30,54,59,60,98,103,107" /><INIT seed="0,1,1,3,3,81" ten="270,240,240,240" oya="0" hai0="31,1,42,46,72,30,108,9,6,127,25,73,80" hai1="119,75,56,21,28,86,45,16,124,94,130,105,117" hai2="71,88,15,47,54,78,123,18,40,29,36,35,53" hai3="109,68,17,67,96,59,125,5,60,110,33,112,77"/><T99/><D127/><U97/><E75/><V83/><F123/><W84/><G33/><T115/><D115/><U13/><E124/><V91/><F71/><W107/><G112/><T65/><D65/><U14/><E105/><V44/><F29/><W62/><G5/><T113/><D113/><U129/><E28/><V55/><F35/><W22/><G125/><T76/><D108/><N who="3" m="41577" /><G96/><T131/><D131/><N who="1" m="50187" /><E45/><V52/><N who="2" m="13312" /><DORA hai="34" /><V51/><F44/><W50/><G50/><T66/><D66/><U89/><E56/><V116/><F36/><W41/><G107/><T114/><D114/><U7/><E97/><V58/><F58/><W38/><G41/><T57/><D99/><U27/><E7/><V74/><REACH who="2" step="1"/><F116/><AGARI ba="1,1" hai="13,14,16,21,27,86,89,94,116,117,119" m="50187" machi="116" ten="30,3900,0" yaku="19,1,52,1,54,1" doraHai="81,34" who="1" fromWho="2" sc="270,0,240,52,240,-42,240,0" /><INIT seed="1,0,0,1,0,27" ten="270,292,198,240" oya="1" hai0="43,119,94,87,127,1,101,79,20,55,135,11,18" hai1="44,73,67,115,70,109,64,50,24,4,7,123,22" hai2="10,114,32,103,40,69,86,38,16,15,104,120,31" hai3="106,126,6,128,30,82,68,111,107,14,0,98,95"/><U80/><E115/><V89/><F120/><W28/><G68/><T81/><D119/><U8/><E123/><V122/><F122/><W47/><G0/><T51/><D43/><U54/><E109/><V97/><F114/><W42/><G111/><T49/><D51/><U52/><E70/><V63/><F40/><W131/><G126/><T134/><D127/><U78/><E54/><V23/><F38/><W65/><G65/><T37/><D37/><U130/><E130/><N who="3" m="49706" /><G82/><T118/><D118/><U48/><E48/><V90/><F10/><N who="3" m="4439" /><G95/><T110/><D110/><U59/><E59/><V66/><F86/><W74/><G74/><T26/><D1/><U25/><E25/><AGARI ba="0,0" hai="15,16,23,25,31,32,63,66,69,89,90,97,103,104" machi="25" ten="40,8000,1" yaku="25,2,52,1,54,1" doraHai="27" who="2" fromWho="1" sc="270,0,292,-80,198,80,240,0" /><INIT seed="2,0,0,4,1,46" ten="270,212,278,240" oya="2" hai0="32,70,13,99,49,81,132,133,43,98,120,48,56" hai1="12,16,134,96,41,64,60,130,131,25,14,18,31" hai2="62,115,113,24,52,105,78,86,67,22,111,54,45" hai3="91,126,135,61,106,59,83,121,85,1,68,110,79"/><V94/><F105/><W3/><G110/><T53/><D70/><U109/><E96/><V40/><F111/><W9/><G68/><T84/><D32/><U10/><E109/><V90/><F78/><W124/><G121/><T55/><D43/><U127/><E41/><V82/><F82/><W17/><G106/><T44/><D120/><U97/><E97/><V128/><F128/><N who="1" m="49193" /><E60/><V117/><F117/><W69/><G69/><T103/><D13/><U87/><E87/><V72/><F72/><W0/><G135/><N who="0" m="51787" /><D103/><U47/><E47/><V66/><F113/><W51/><G17/><N who="1" m="6762" /><E64/><V57/><F67/><W71/><G71/><T77/><AGARI ba="0,0" hai="44,48,49,53,55,56,77,81,84,98,99" m="51787" machi="77" ten="30,4000,0" yaku="20,1,52,2" doraHai="46" who="0" fromWho="0" sc="270,40,212,-10,278,-20,240,-10" /><INIT seed="3,0,0,1,5,7" ten="310,202,258,230" oya="3" hai0="29,33,112,61,2,53,50,126,99,71,46,60,56" hai1="132,37,125,83,68,49,59,85,88,109,18,84,117" hai2="123,114,17,43,98,104,8,107,23,78,105,39,76" hai3="69,19,63,129,118,124,110,89,82,91,79,121,47"/><W12/><G121/><T11/><D112/><U77/><E37/><V74/><F114/><W26/><G118/><T134/><D134/><U72/><E68/><V108/><F108/><W41/><G110/><T52/><D126/><U73/><E109/><V0/><F123/><W101/><G124/><T66/><D29/><U25/><E125/><V40/><F98/><W135/><G135/><T38/><D33/><U42/><E117/><V15/><F74/><W86/><G101/><T96/><D2/><U130/><E130/><V131/><F131/><W120/><G120/><T111/><D111/><U13/><E25/><V65/><F65/><W67/><G26/><T57/><D11/><U116/><E116/><V10/><F0/><W58/><G69/><T93/><D93/><U3/><E3/><V95/><F95/><W102/><G102/><T133/><D133/><U115/><E115/><V90/><F90/><W62/><G63/><T92/><D92/><U100/><E100/><V44/><REACH who="2" step="1"/><F43/><AGARI ba="0,0" hai="38,43,46,50,52,53,56,57,60,61,66,71,96,99" machi="43" ten="40,5200,0" yaku="24,2,54,1" doraHai="7" who="0" fromWho="2" sc="310,52,202,0,258,-52,230,0" /><INIT seed="4,0,0,0,2,94" ten="362,202,206,230" oya="0" hai0="99,74,49,22,124,45,54,36,96,77,105,6,82" hai1="52,29,80,57,109,47,13,16,134,72,37,116,114" hai2="78,33,93,86,100,128,46,41,73,0,55,107,110" hai3="30,126,15,95,25,4,7,89,132,34,123,118,43"/><T51/><D36/><U121/><E116/><V133/><F110/><W83/><G118/><T17/><D124/><U61/><E109/><V39/><F33/><W119/><G119/><T32/><D32/><U75/><E121/><V90/><F128/><W11/><G126/><T59/><D105/><U131/><E131/><V9/><F55/><W12/><G132/><T5/><D5/><U112/><E29/><V58/><F58/><W67/><G67/><T117/><D6/><U101/><E101/><V10/><F133/><W85/><G43/><T92/><D92/><U120/><E120/><V87/><F87/><W53/><G123/><T108/><D108/><U79/><E72/><V60/><F60/><W19/><G53/><T26/><D117/><U98/><E98/><N who="2" m="61847" /><F0/><W8/><REACH who="3" step="1"/><G19/><REACH who="3" ten="362,202,206,220" step="2"/><T63/><D51/><U106/><E134/><V122/><F122/><W113/><G113/><T48/><D49/><U20/><REACH who="1" step="1"/><E106/><REACH who="1" ten="362,192,206,220" step="2"/><V38/><F39/><W64/><G64/><AGARI ba="0,2" hai="17,22,26,45,48,54,59,63,64,74,77,82,96,99" machi="64" ten="30,5800,0" yaku="7,1,52,2" doraHai="94" who="0" fromWho="3" sc="362,78,192,0,206,0,220,-58" /><INIT seed="4,1,0,4,5,132" ten="440,192,206,162" oya="0" hai0="111,54,22,24,130,4,82,42,97,87,85,8,12" hai1="71,92,1,3,96,27,102,101,49,125,16,50,90" hai2="44,131,133,45,70,120,43,121,134,99,33,9,104" hai3="95,128,69,57,63,122,59,83,68,53,47,51,17"/><T40/><D111/><U65/><E125/><V135/><F33/><W58/><G95/><T76/><D130/><U110/><E110/><V14/><F131/><W113/><G83/><T34/><D34/><U80/><E71/><N who="3" m="27210" /><G17/><T116/><D116/><U123/><E123/><V13/><F70/><W79/><G79/><T81/><D97/><U11/><E65/><V60/><F60/><N who="3" m="35887" /><G122/><N who="2" m="47209" /><F43/><N who="3" m="25087" /><G128/><T108/><D108/><U74/><E74/><V127/><F14/><W93/><G93/><T103/><D103/><U35/><E1/><V10/><F10/><W55/><G113/><T115/><D115/><U91/><E3/><V64/><F64/><W117/><G117/><T100/><D100/><N who="1" m="38507" /><E35/><V73/><F73/><W89/><G89/><T20/><D20/><N who="1" m="13703" /><E11/><V26/><F99/><W88/><G88/><T36/><D22/><U114/><E114/><V19/><F104/><W18/><G18/><T119/><D12/><U72/><E72/><V6/><F26/><W29/><G29/><T15/><D24/><U7/><E7/><V118/><F6/><W56/><AGARI ba="1,0" hai="55,56,58,59,63" m="25087,35887,27210" machi="56" ten="30,8000,1" yaku="35,5" doraHai="132" who="3" fromWho="3" sc="440,-41,192,-21,206,-21,162,83" /><INIT seed="5,0,0,0,5,22" ten="399,171,185,245" oya="1" hai0="69,116,60,61,67,102,51,130,29,83,17,120,36" hai1="82,73,20,28,117,43,53,110,94,39,135,127,12" hai2="7,77,101,104,4,121,44,6,107,126,111,50,45" hai3="32,71,63,86,76,13,1,31,125,88,15,16,108"/><U92/><E117/><V40/><F111/><W33/><G108/><T103/><D36/><U41/><E110/><V56/><F121/><W58/><G1/><T34/><D116/><U54/><E135/><V91/><F126/><W18/><G71/><T3/><D3/><U14/><E127/><V26/><F77/><W118/><G76/><T112/><D61/><U30/><E20/><V19/><F91/><W124/><G118/><T95/><D83/><U72/><E39/><V109/><F109/><W55/><G32/><T93/><D17/><U129/><REACH who="1" step="1"/><E82/><REACH who="1" ten="399,161,185,245" step="2"/><V59/><F107/><W113/><G125/><T49/><D120/><U81/><E81/><V119/><F119/><W66/><G124/><T87/><D34/><U23/><E23/><N who="2" m="13695" /><F104/><W99/><G33/><T78/><D29/><U62/><E62/><V115/><F115/><W0/><G31/><T27/><D60/><U68/><E68/><V85/><F101/><W5/><G113/><T84/><D69/><U35/><E35/><V134/><F134/><W80/><G63/><T75/><D112/><U47/><E47/><V97/><F45/><W57/><G80/><T128/><D103/><U11/><E11/><V100/><F85/><W24/><G86/><T96/><D87/><U79/><E79/><V10/><F10/><W90/><G90/><T132/><D78/><U64/><E64/><V37/><F37/><W48/><G88/><T38/><D38/><U123/><E123/><V52/><F100/><W9/><G9/><T74/><D84/><U46/><E46/><N who="2" m="25927" /><F97/><W105/><G99/><T21/><D96/><RYUUKYOKU ba="0,1" sc="399,-15,161,15,185,15,245,-15" hai1="12,14,28,30,41,43,53,54,72,73,92,94,129" hai2="4,6,7,44,52,56,59" /><INIT seed="5,1,1,3,1,95" ten="384,176,200,230" oya="1" hai0="133,68,96,1,54,85,4,29,60,107,22,41,122" hai1="71,40,50,44,62,73,0,98,112,51,110,2,46" hai2="132,61,16,97,115,6,21,79,70,86,38,78,66" hai3="32,101,84,31,116,77,130,39,8,12,108,10,33"/><U120/><E120/><V81/><F38/><W63/><G108/><T64/><D41/><U129/><E73/><V55/><F132/><W124/><G39/><T25/><D133/><U127/><E112/><V99/><F115/><W121/><G121/><T9/><D122/><U65/><E129/><V126/><F126/><W105/><G124/><T75/><D75/><U56/><E127/><V52/><F78/><W57/><G130/><T72/><D72/><U36/><E110/><V106/><F6/><W3/><G3/><T58/><D107/><U93/><E71/><V123/><F123/><W113/><G113/><T11/><D85/><U118/><E118/><V17/><F17/><W30/><G116/><T74/><D74/><U13/><E13/><V5/><F5/><W43/><G43/><T69/><D11/><U88/><REACH who="1" step="1"/><E36/><REACH who="1" ten="384,166,200,230" step="2"/><V131/><F131/><W125/><G125/><T28/><D68/><U83/><E83/><V135/><F135/><W128/><G128/><T35/><D69/><U117/><E117/><V37/><F37/><W47/><G12/><T15/><D15/><U42/><AGARI ba="1,2" hai="0,2,40,42,44,46,50,51,56,62,65,88,93,98" machi="42" ten="20,18000,2" yaku="1,1,0,1,7,1,9,1,52,1,54,1,53,0" doraHai="95" doraHaiUra="114" who="1" fromWho="1" sc="384,-61,166,203,200,-61,230,-61" /><INIT seed="5,2,0,0,5,87" ten="323,369,139,169" oya="1" hai0="42,0,134,95,101,133,126,33,31,99,47,59,29" hai1="122,24,3,20,104,37,60,74,108,17,22,128,135" hai2="65,78,127,132,118,109,131,26,119,76,69,100,129" hai3="21,14,56,103,13,62,80,81,67,58,4,30,105"/><U52/><E122/><V102/><F26/><N who="3" m="16719" /><G105/><T44/><D0/><U94/><E104/><V83/><F65/><W36/><G36/><T45/><D126/><U125/><E37/><V8/><F8/><N who="3" m="4231" /><G103/><N who="2" m="39465" /><F69/><W40/><G40/><T73/><D73/><U106/><E106/><V25/><F25/><W64/><G14/><T124/><D33/><U120/><E120/><V39/><F39/><W116/><G116/><N who="2" m="44585" /><F109/><W84/><G84/><T90/><D42/><U23/><E3/><V82/><F127/><W16/><G16/><T123/><D123/><U51/><E108/><V85/><F132/><N who="0" m="50794" /><D124/><U1/><E135/><V121/><F121/><W96/><G96/><N who="0" m="57463" /><D59/><U48/><E125/><V61/><F61/><AGARI ba="2,0" hai="56,58,61,62,64,67,80,81" m="4231,16719" machi="61" ten="30,1000,0" yaku="8,1" doraHai="87" who="3" fromWho="2" sc="323,0,369,0,139,-16,169,16" /><INIT seed="6,0,0,2,2,91" ten="323,369,123,185" oya="2" hai0="52,85,134,67,40,84,119,22,110,16,76,2,79" hai1="101,72,123,41,120,19,21,98,92,133,35,124,44" hai2="59,17,71,125,128,7,61,113,118,129,53,49,69" hai3="68,87,135,111,116,9,11,8,34,28,4,26,80"/><V62/><F7/><W122/><G68/><N who="2" m="26185" /><F17/><W117/><G122/><N who="1" m="46634" /><E133/><V31/><F31/><W83/><G135/><T54/><D134/><U99/><E124/><V0/><F0/><W66/><G66/><T18/><D2/><U27/><E72/><V24/><F24/><W42/><G42/><T63/><D40/><U75/><E75/><V95/><F125/><W70/><G70/><T112/><D119/><U130/><E130/><N who="2" m="50283" /><F118/><W103/><G34/><T55/><D112/><U23/><E99/><V109/><F113/><W43/><G28/><T20/><D110/><U14/><E35/><V29/><F29/><W32/><G111/><T100/><D100/><U107/><E107/><V64/><F109/><W38/><G103/><T60/><D55/><U78/><E78/><V39/><F39/><W45/><G32/><T13/><D67/><U90/><E90/><V50/><F95/><W65/><G26/><T15/><AGARI ba="0,0" hai="13,15,16,18,20,22,52,54,60,63,76,79,84,85" machi="15" ten="25,12000,2" yaku="0,1,22,2,8,1,54,2" doraHai="91" who="0" fromWho="0" sc="323,120,369,-30,123,-60,185,-30" /><INIT seed="7,0,0,1,0,35" ten="443,339,63,155" oya="3" hai0="21,36,26,135,19,106,90,71,40,86,6,4,53" hai1="74,91,24,78,117,30,93,59,76,134,104,132,55" hai2="34,85,83,100,43,12,126,82,22,121,3,10,17" hai3="110,0,50,80,70,73,28,129,107,116,88,118,49"/><W105/><G70/><T47/><D71/><U38/><E104/><V96/><F126/><W124/><G28/><T58/><D106/><U79/><E38/><V97/><F34/><W41/><G124/><T1/><D1/><U72/><E117/><V68/><F68/><W92/><G129/><T103/><D103/><U113/><E113/><V130/><F130/><W32/><G32/><T44/><D135/><N who="1" m="51755" /><E24/><V13/><F121/><W102/><G110/><T39/><D39/><U122/><E122/><V27/><F43/><W65/><G65/><T77/><D77/><U51/><E30/><V89/><F83/><W33/><G33/><T75/><D75/><U14/><E14/><V115/><F115/><W25/><G25/><T84/><D84/><AGARI ba="0,0" hai="51,55,59,72,74,76,78,79,84,91,93" m="51755" machi="84" ten="30,1000,0" yaku="20,1" doraHai="35" who="1" fromWho="0" sc="443,-10,339,10,63,0,155,0" owari="433,53.3,349,14.9,63,-43.7,155,-24.5" /></mjloggm>