<mjloggm ver="2.3"><GO type="169" lobby="0"/><UN n0="%E3%82%BC%E3%83%B3%E3%83%84%E5%9E%8B%50" n1="%E6%99%AE%E9%9C%B2%E9%9C%B2" n2="%E3%83%8A%E3%82%AB%E3%81%AB%E3%81%97" n3="%E3%82%B0%E3%83%B3%E3%83%80%E3%83%AA%E3%83%BC" dan="16,16,16,19" rate="2150.86,2137.38,2104.34,2258.67" sx="M,M,M,M"/><TAIKYOKU oya="0"/><INIT seed="0,0,0,0,3,47" ten="250,250,250,250" oya="0" hai0="94,120,54,87,105,24,83,17,102,20,99,114,125" hai1="28,56,122,96,107,7,85,76,16,45,131,91,38" hai2="111,88,15,93,26,33,129,0,128,34,11,112,127" hai3="35,132,66,3,60,134,135,31,21,81,126,133,71"/><T117/><D114/><U12/><E122/><V50/><F112/><W10/><N who="3" m="33792" /><DORA hai="82" /><W49/><G126/><T90/><D125/><U104/><E7/><V62/><F127/><W108/><G108/><T48/><D120/><U64/><E76/><V43/><F111/><W57/><G81/><T55/><D117/><U118/><E131/><N who="2" m="50251" /><F26/><W98/><G98/><T67/><D67/><U44/><E28/><V30/><F30/><W101/><G101/><T106/><REACH who="0" step="1"/><D55/><REACH who="0" ten="240,250,250,250" step="2"/><U46/><E118/><V25/><F33/><W113/><G35/><T124/><D124/><U27/><E64/><V79/><F34/><W22/><G113/><T58/><AGARI ba="0,1" hai="17,20,24,48,54,58,83,87,90,94,99,102,105,106" machi="58" ten="20,18000,2" yaku="1,1,0,1,7,1,52,2,53,1" doraHai="47,82" doraHaiUra="68,89" who="0" fromWho="0" sc="240,190,250,-60,250,-60,250,-60" /><INIT seed="0,1,0,0,1,60" ten="430,190,190,190" oya="0" hai0="75,70,4,134,130,41,50,81,55,84,98,79,57" hai1="101,66,86,48,88,63,1,54,115,2,38,83,116" hai2="53,28,123,23,37,34,46,127,113,47,26,100,110" hai3="31,9,30,15,78,76,69,12,106,43,21,52,13"/><T111/><D130/><U20/><E116/><V121/><F113/><W71/><G106/><T96/><D134/><U107/><E38/><V32/><F110/><W7/><G43/><T85/><D111/><U3/><E115/><V14/><F127/><W97/><G97/><T18/><D70/><U125/><E125/><V11/><F100/><W64/><G21/><T126/><D126/><U36/><E36/><V56/><F32/><W65/><G15/><T45/><D4/><U92/><E20/><V24/><F37/><W62/><G52/><T35/><D35/><U132/><E107/><V99/><F99/><W17/><G17/><T131/><D131/><U90/><E101/><V29/><F121/><W58/><G58/><T109/><D109/><U61/><E132/><V10/><F123/><W72/><G72/><T80/><D18/><U67/><E61/><V108/><F10/><W39/><G39/><T16/><D16/><U128/><E63/><V82/><F82/><W117/><G62/><N who="0" m="36159" /><D75/><U103/><E103/><V42/><F42/><W51/><G51/><T104/><D104/><U49/><E128/><V6/><F108/><W33/><G33/><T59/><D59/><U129/><E129/><V120/><F120/><W112/><G112/><T0/><D0/><U44/><REACH who="1" step="1"/><E49/><AGARI ba="1,0" hai="6,11,14,23,24,26,28,29,34,46,47,49,53,56" machi="49" ten="30,1000,0" yaku="7,1" doraHai="60" who="2" fromWho="1" sc="430,0,190,-13,190,13,190,0" /><INIT seed="1,0,0,2,0,125" ten="430,177,203,190" oya="1" hai0="13,86,43,38,106,133,73,92,55,104,26,15,107" hai1="115,16,117,95,98,3,56,7,113,63,84,90,2" hai2="8,46,129,79,102,6,5,85,131,91,105,109,134" hai3="69,118,27,24,100,40,32,36,75,128,60,62,34"/><U96/><E117/><V64/><F109/><W20/><G75/><T25/><D73/><U44/><E44/><V33/><F33/><W81/><G81/><T59/><D133/><U122/><E122/><V41/><F134/><W14/><G14/><T127/><D127/><U10/><E3/><V126/><F64/><W47/><G118/><T111/><D111/><U82/><E16/><V12/><F126/><W49/><G100/><T93/><D43/><U1/><E1/><V67/><F67/><W72/><G72/><T132/><D38/><U99/><REACH who="1" step="1"/><E82/><REACH who="1" ten="430,167,203,190" step="2"/><N who="2" m="47327" /><F5/><W58/><G47/><T135/><D135/><U35/><E35/><V89/><F46/><W114/><G34/><T74/><D132/><U37/><E37/><V123/><F41/><W130/><G32/><T103/><D13/><U42/><E42/><V29/><F29/><W65/><G36/><T83/><D15/><U50/><E50/><V101/><F123/><W77/><G49/><T110/><D110/><U97/><N who="1" m="24576" /><DORA hai="48" /><U70/><E70/><V31/><F31/><N who="3" m="17799" /><G40/><T19/><D19/><U108/><E108/><V88/><F105/><W87/><G27/><T68/><D68/><U61/><E61/><V76/><F101/><W57/><G62/><N who="0" m="36223" /><D103/><U53/><AGARI ba="0,1" hai="2,7,10,53,56,63,84,90,95,113,115" m="24576" machi="53" ten="40,7800,0" yaku="1,1,0,1,52,1,53,0" doraHai="125,48" doraHaiUra="71,22" who="1" fromWho="1" sc="430,-26,167,88,203,-26,190,-26" /><INIT seed="1,1,0,3,2,0" ten="404,255,177,164" oya="1" hai0="64,123,107,96,34,112,66,115,95,84,38,74,116" hai1="71,7,130,23,98,6,20,97,1,126,88,124,57" hai2="19,53,92,48,17,5,61,65,86,128,22,29,18" hai3="87,51,129,85,134,133,109,33,94,4,31,72,49"/><U11/><E71/><V3/><F128/><W73/><G109/><T54/><D116/><U79/><E79/><V76/><F3/><W80/><G31/><T42/><D74/><U118/><E118/><V24/><F5/><N who="1" m="1545" /><E130/><V127/><F127/><N who="1" m="48681" /><E1/><V37/><F37/><W44/><G129/><T58/><D38/><U103/><E11/><V62/><F65/><W100/><G72/><T110/><D66/><U13/><E13/><V30/><F30/><W78/><G73/><T55/><D64/><U36/><E36/><V119/><F119/><W39/><G78/><T9/><D9/><U69/><E69/><V15/><F15/><W12/><G12/><T106/><D110/><U113/><E113/><V77/><F77/><W25/><G39/><T120/><D115/><U32/><E32/><V101/><F76/><W82/><G33/><T8/><D8/><U111/><E111/><V16/><N who="2" m="4096" /><DORA hai="105" /><V68/><F68/><W70/><G70/><T14/><D14/><U117/><E117/><V63/><F101/><W2/><G100/><T26/><D34/><U21/><E57/><V108/><F108/><W90/><G2/><T10/><D58/><U45/><E45/><V56/><REACH who="2" step="1"/><F62/><REACH who="2" ten="404,255,167,164" step="2"/><W41/><G4/><T35/><D10/><U28/><E103/><V47/><F47/><W59/><G44/><T135/><D112/><U50/><E28/><V60/><F60/><W43/><G59/><T40/><D123/><U52/><E88/><AGARI ba="1,1" hai="22,24,29,48,53,56,61,63,86,88,92" m="4096" machi="88" ten="50,8000,1" yaku="1,1,8,1,54,2,53,0" doraHai="0,105" doraHaiUra="67,93" who="2" fromWho="1" sc="404,0,255,-83,167,93,164,0" /><INIT seed="2,0,0,5,0,78" ten="404,172,260,164" oya="2" hai0="74,7,84,131,107,75,134,16,91,25,100,58,59" hai1="118,23,99,28,53,102,94,95,87,29,98,54,120" hai2="96,32,64,123,1,86,15,10,106,90,9,116,51" hai3="30,43,77,133,18,111,42,121,31,55,34,105,132"/><V109/><F116/><W114/><G105/><T27/><D131/><U128/><E120/><V47/><F123/><W33/><G121/><T22/><D134/><N who="3" m="51817" /><G77/><T63/><D7/><U97/><E118/><V49/><F32/><N who="3" m="12395" /><G55/><N who="1" m="21002" /><E128/><V44/><F64/><W61/><G18/><T17/><D107/><U126/><E126/><V81/><F106/><W48/><G48/><T72/><D100/><N who="1" m="60471" /><E99/><V69/><F96/><W62/><G111/><T40/><D40/><N who="3" m="15401" /><G114/><T38/><D38/><U130/><E130/><V52/><F109/><W76/><G76/><T85/><D63/><AGARI ba="0,0" hai="30,31,61,62,63" m="15401,12395,51817" machi="63" ten="40,5200,0" yaku="28,2,20,1" doraHai="78" who="3" fromWho="0" sc="404,-52,172,0,260,0,164,52" /><INIT seed="3,0,0,0,4,31" ten="352,172,260,216" oya="3" hai0="77,10,40,15,16,86,93,32,104,130,103,90,131" hai1="64,2,21,44,51,6,70,63,41,4,28,0,60" hai2="35,116,71,100,48,111,122,9,68,72,23,24,128" hai3="69,74,96,67,125,126,62,85,99,105,94,76,26"/><W78/><G74/><T43/><D77/><U47/><E60/><V117/><F72/><W45/><G45/><T81/><D104/><U89/><E2/><V19/><F111/><W25/><G105/><T33/><D103/><U114/><E114/><V12/><F100/><W3/><G3/><T115/><D81/><U107/><E107/><V119/><F128/><N who="0" m="49194" /><D115/><U97/><E0/><V134/><F134/><W75/><G75/><T56/><D56/><U49/><E28/><V92/><F92/><W133/><G133/><T52/><D52/><U102/><E21/><V55/><F122/><W7/><G7/><T54/><D54/><U88/><E102/><V82/><F82/><N who="3" m="47303" /><G78/><T83/><D83/><U87/><E97/><N who="3" m="37450" /><G94/><T121/><D121/><U27/><E27/><V37/><F37/><W39/><G39/><T34/><AGARI ba="0,0" hai="10,15,16,32,33,34,40,43,86,90,93" m="49194" machi="34" ten="40,8000,1" yaku="19,1,52,3,54,1" doraHai="31" who="0" fromWho="0" sc="352,80,172,-20,260,-20,216,-40" /><INIT seed="4,0,0,2,0,79" ten="432,152,240,176" oya="0" hai0="19,111,73,132,64,21,117,7,6,112,74,134,63" hai1="97,39,118,86,121,108,100,9,72,0,20,43,62" hai2="84,125,92,127,67,123,106,38,25,124,71,80,133" hai3="33,96,129,47,11,105,101,55,31,45,109,53,83"/><T56/><D117/><U98/><E108/><V1/><F123/><W93/><G109/><T3/><D111/><U104/><E121/><V69/><F38/><W49/><G129/><T51/><D112/><U46/><E118/><V66/><F106/><W107/><G11/><T24/><D51/><U42/><E42/><V26/><F92/><W65/><G65/><N who="2" m="24585" /><F1/><W60/><G33/><T122/><D122/><U22/><E62/><V61/><F61/><W85/><G31/><T82/><D3/><U88/><E98/><V27/><F133/><N who="0" m="51306" /><D73/><U135/><E72/><V4/><F4/><W15/><G15/><T90/><D90/><AGARI ba="0,0" hai="25,26,27,69,71,80,84,90,124,125,127" m="24585" machi="90" ten="40,2600,0" yaku="18,1,52,1" doraHai="79" who="2" fromWho="0" sc="432,-26,152,0,240,26,176,0" /><INIT seed="5,0,0,0,0,95" ten="406,152,266,176" oya="1" hai0="99,48,79,38,74,103,124,127,90,2,29,106,30" hai1="45,15,97,20,59,16,122,85,94,46,75,32,21" hai2="112,130,0,41,77,25,115,135,69,4,120,13,5" hai3="6,105,119,56,19,3,81,63,109,10,39,53,28"/><U83/><E122/><V65/><F120/><W67/><G109/><T91/><D38/><U111/><E111/><V125/><F77/><W96/><G39/><T72/><D2/><U8/><E32/><V86/><F41/><W117/><G28/><T34/><D48/><U116/><E75/><N who="0" m="28713" /><D34/><U23/><E116/><N who="3" m="44618" /><G81/><T40/><D40/><U123/><E123/><V110/><F86/><W31/><G31/><T37/><D37/><U131/><E59/><V84/><F84/><W107/><G19/><T11/><D11/><U42/><E131/><V71/><F125/><N who="0" m="48202" /><D29/><U134/><E134/><V126/><F135/><W102/><G53/><T43/><D30/><U26/><E26/><V57/><F0/><W118/><N who="3" m="44626" /><W129/><DORA hai="7" /><G129/><T24/><D24/><U60/><E42/><V18/><F25/><W121/><G121/><T128/><D43/><U68/><E68/><V101/><F130/><W80/><G80/><T44/><D44/><U73/><E73/><V92/><F69/><W64/><G64/><T132/><D128/><U17/><E17/><V27/><F27/><W61/><G61/><T55/><D55/><U70/><E60/><N who="2" m="38031" /><F71/><W88/><G88/><N who="0" m="33835" /><D79/><N who="1" m="46335" /><E70/><V52/><F52/><W62/><G62/><T35/><D35/><U12/><E12/><V47/><F47/><W54/><G54/><T50/><D50/><U113/><E113/><N who="2" m="43595" /><F126/><W87/><G87/><T82/><D82/><U133/><E133/><AGARI ba="0,0" hai="99,103,106,132,133" m="33835,48202,28713" machi="133" ten="40,8000,1" yaku="18,1,34,2,52,1,54,1" doraHai="95,7" who="0" fromWho="1" sc="406,80,152,-80,266,0,176,0" /><INIT seed="6,0,0,1,0,85" ten="486,72,266,176" oya="2" hai0="38,39,63,27,15,10,70,61,35,76,37,91,87" hai1="72,24,134,49,116,127,93,88,58,68,55,122,12" hai2="20,83,57,125,48,107,18,71,78,28,52,129,133" hai3="123,1,106,104,54,0,64,108,80,31,89,118,29"/><V84/><F107/><W26/><G108/><T50/><D76/><U119/><E72/><V74/><F71/><W81/><G123/><T16/><D50/><U111/><E111/><V7/><F129/><W2/><G64/><T128/><D128/><U96/><E68/><V135/><F125/><W32/><G118/><T34/><D27/><U103/><E122/><V60/><F7/><W8/><G8/><T100/><D100/><U101/><E127/><V82/><F28/><W43/><G43/><T44/><D44/><U33/><E134/><V41/><F41/><W75/><G31/><T94/><REACH who="0" step="1"/><D70/><REACH who="0" ten="476,72,266,176" step="2"/><U112/><E112/><V130/><F130/><W117/><G26/><T105/><D105/><U69/><E69/><V30/><F48/><W23/><G104/><T121/><D121/><U126/><E126/><V90/><REACH who="2" step="1"/><F30/><REACH who="2" ten="476,72,256,176" step="2"/><W77/><G29/><T73/><D73/><U124/><E124/><V115/><F115/><W53/><G106/><T66/><D66/><U97/><E119/><V47/><F47/><W3/><G117/><T114/><D114/><U36/><E116/><V40/><F40/><W45/><G75/><T110/><D110/><U86/><E49/><V132/><F132/><W5/><G45/><T67/><D67/><U62/><E36/><V113/><F113/><W92/><G5/><T9/><D9/><U102/><REACH who="1" step="1"/><E12/><AGARI ba="0,2" hai="12,18,20,52,57,60,74,78,82,83,84,90,133,135" machi="12" ten="40,7700,0" yaku="1,1,52,1,54,1,53,0" doraHai="85" doraHaiUra="109" who="2" fromWho="1" sc="476,0,72,-77,256,97,176,0" owari="476,57.6,-5,-50.5,353,15.3,176,-22.4" /></mjloggm>