<mjloggm ver="2.3"><GO type="169" lobby="0"/><UN n0="%E7%9B%AE%E5%8A%9B%36%30" n1="%E3%81%AA%E3%81%8C%E3%81%95%E3%82%8F%E3%81%BE%E3%81%95%E3%81%BF" n2="%E3%81%9F%E3%81%8B%E3%81%AF%E3%81%97%E3%81%83%E3%81%83%E3%81%83" n3="%E3%82%B8%E3%83%A3%E3%82%B9%E3%83%88%E3%81%B3%E3%81%83" dan="17,16,16,16" rate="2156.78,2077.45,2113.98,2151.21" sx="M,F,M,M"/><TAIKYOKU oya="0"/><INIT seed="0,0,0,2,3,42" ten="250,250,250,250" oya="0" hai0="84,132,67,118,58,61,103,16,30,34,98,17,108" hai1="109,45,117,131,6,122,88,68,62,89,11,134,79" hai2="37,128,47,76,130,100,65,23,27,35,39,66,5" hai3="73,105,51,41,0,114,99,60,95,85,106,110,107"/><T94/><D118/><U10/><E117/><V25/><F100/><W8/><G114/><T7/><D132/><U46/><E122/><V15/><F76/><W69/><G73/><T129/><D129/><U113/><E131/><V87/><F87/><W9/><G110/><T96/><D108/><U81/><E109/><V48/><F35/><W90/><G0/><T29/><D7/><U38/><E134/><V13/><F5/><W77/><G69/><T91/><D98/><U28/><E113/><V49/><REACH who="2" step="1"/><F23/><REACH who="2" ten="250,250,240,250" step="2"/><W78/><G77/><T31/><REACH who="0" step="1"/><D34/><REACH who="0" ten="240,250,240,250" step="2"/><U20/><E6/><V57/><F57/><W75/><G99/><T54/><D54/><U101/><E68/><V70/><F70/><W36/><G78/><T116/><D116/><U71/><E71/><V121/><F121/><W126/><G75/><T56/><D56/><U44/><E79/><V22/><F22/><W43/><G105/><AGARI ba="0,2" hai="16,17,29,30,31,58,61,67,84,91,94,96,103,105" machi="105" ten="40,12000,1" yaku="1,1,54,1,53,2" doraHai="42" doraHaiUra="12" who="0" fromWho="3" sc="240,140,250,0,240,0,250,-120" /><INIT seed="0,1,0,2,5,125" ten="380,250,240,130" oya="0" hai0="130,64,108,77,37,15,45,74,118,90,112,35,81" hai1="34,57,32,59,0,102,114,8,123,97,42,69,50" hai2="2,120,85,21,109,18,75,111,26,56,29,84,78" hai3="61,63,12,127,122,3,133,25,47,100,87,19,67"/><T51/><D112/><U58/><E123/><V79/><F120/><W115/><G3/><T70/><D118/><U38/><E69/><V105/><F105/><W68/><G122/><T66/><D37/><U23/><E38/><V106/><F106/><W7/><G115/><T128/><D35/><U124/><E124/><V107/><F107/><W30/><G127/><T104/><D104/><U126/><E126/><V22/><F2/><W65/><G7/><T4/><D108/><N who="2" m="41546" /><F56/><W39/><G133/><T96/><D96/><U71/><E71/><V134/><F134/><W73/><G73/><T53/><D90/><U88/><E102/><V92/><F92/><W28/><G100/><T94/><D94/><U132/><E97/><V9/><F9/><W116/><G87/><N who="2" m="33353" /><F75/><W13/><G116/><T31/><D31/><U24/><E8/><V52/><F52/><W83/><G83/><T101/><D101/><U16/><E0/><V110/><N who="2" m="41554" /><V117/><DORA hai="48" /><F117/><W55/><G30/><T36/><D70/><U33/><E132/><V11/><F11/><W99/><G99/><T72/><D72/><U89/><REACH who="1" step="1"/><E114/><REACH who="1" ten="380,240,240,130" step="2"/><V131/><F131/><N who="0" m="50218" /><D36/><U44/><AGARI ba="1,1" hai="16,23,24,32,33,34,42,44,50,57,58,59,88,89" machi="44" ten="40,12000,2" yaku="1,1,0,1,54,2,53,3" doraHai="125,48" doraHaiUra="103,54" who="1" fromWho="1" sc="380,-61,240,133,240,-31,130,-31" /><INIT seed="1,0,0,0,0,70" ten="319,373,209,99" oya="1" hai0="9,56,101,81,119,15,123,39,120,82,124,92,76" hai1="117,66,122,63,115,105,13,24,53,96,109,61,20" hai2="7,54,19,28,52,16,51,100,127,45,42,48,75" hai3="27,98,30,64,3,121,116,110,62,41,79,84,93"/><U102/><E115/><V132/><F132/><W135/><G121/><T2/><D119/><U118/><E122/><N who="0" m="46633" /><D2/><U29/><E109/><V104/><F75/><W73/><G135/><T113/><D124/><U78/><E78/><V55/><F127/><W14/><G3/><T11/><D82/><U43/><E43/><V23/><F7/><W134/><G110/><T31/><D31/><U49/><E61/><V85/><F85/><W40/><G73/><T106/><D106/><U114/><E114/><V32/><F32/><W125/><G116/><T58/><D9/><U126/><E126/><V68/><F68/><W131/><G131/><T25/><D25/><U44/><REACH who="1" step="1"/><E13/><REACH who="1" ten="319,363,209,99" step="2"/><V34/><F42/><W59/><G14/><T87/><D113/><U36/><E36/><V97/><F48/><W108/><G108/><T90/><D39/><U77/><E77/><V129/><F129/><W91/><G125/><T47/><D76/><U83/><E83/><V71/><F51/><W46/><G134/><T74/><D81/><U67/><E67/><V65/><F65/><W133/><G133/><T1/><D15/><U103/><E103/><V112/><F100/><W95/><G79/><T38/><D101/><U8/><E8/><V33/><F112/><W69/><G69/><AGARI ba="0,1" hai="20,24,29,44,49,53,63,66,69,96,102,105,117,118" machi="69" ten="30,2900,0" yaku="1,1,7,1,53,0" doraHai="70" doraHaiUra="107" who="1" fromWho="3" sc="319,0,363,39,209,0,99,-29" /><INIT seed="1,1,0,5,4,34" ten="319,402,209,70" oya="1" hai0="47,121,120,31,64,8,101,108,59,2,69,76,82" hai1="45,44,43,22,97,75,109,65,61,100,35,103,42" hai2="89,55,113,94,81,84,104,18,16,91,95,4,41" hai3="119,30,58,24,132,131,127,80,112,72,28,90,92"/><U123/><E123/><V57/><F104/><W17/><G112/><T130/><D69/><U46/><E35/><V40/><F113/><W62/><G119/><T67/><D108/><U133/><E75/><V125/><F125/><W63/><G127/><T7/><D130/><U36/><E133/><V99/><F4/><W9/><G131/><T126/><D31/><U52/><E109/><V110/><F110/><W134/><G72/><T115/><D115/><U60/><E22/><V48/><F81/><W14/><G80/><T107/><D59/><N who="1" m="34919" /><E97/><V83/><F83/><W66/><G63/><T15/><D2/><U26/><E26/><V50/><F50/><W85/><REACH who="3" step="1"/><G30/><REACH who="3" ten="319,402,209,60" step="2"/><T114/><D126/><U73/><E73/><V10/><F18/><W93/><G93/><T32/><D114/><U56/><E36/><V29/><F29/><W37/><G37/><T12/><D120/><U129/><E129/><V33/><F33/><AGARI ba="1,1" hai="9,14,17,24,28,33,58,62,66,85,90,92,132,134" machi="33" ten="40,1300,0" yaku="1,1,53,0" doraHai="34" doraHaiUra="68" who="3" fromWho="2" sc="319,0,402,0,209,-16,60,26" /><INIT seed="2,0,0,2,5,0" ten="319,402,193,86" oya="2" hai0="17,75,106,50,112,44,126,12,9,102,60,24,21" hai1="46,79,123,15,134,5,26,10,118,90,27,42,128" hai2="88,104,3,74,52,39,98,11,61,67,35,72,119" hai3="16,124,76,96,133,116,107,132,122,69,78,23,1"/><V22/><F35/><W7/><G69/><T101/><D126/><U43/><E118/><V82/><F119/><W14/><G116/><T73/><D112/><U110/><E110/><V111/><F39/><W56/><G122/><T20/><D106/><U93/><E134/><N who="3" m="51818" /><G124/><T13/><D75/><U47/><E128/><V18/><F111/><W84/><G56/><T4/><D60/><U121/><E79/><V80/><F104/><W49/><G49/><T37/><D73/><U105/><E105/><V34/><F34/><W66/><G66/><T125/><D37/><U99/><E123/><V53/><F72/><W103/><G84/><T32/><D32/><U45/><E121/><V33/><F33/><W95/><G107/><T68/><D68/><U19/><E19/><V130/><F130/><W87/><G87/><T85/><D85/><U51/><E46/><V57/><F74/><W86/><G86/><T65/><D65/><U29/><E29/><V30/><F30/><W83/><G83/><N who="2" m="31785" /><F3/><W117/><G117/><T97/><D97/><U64/><E64/><V120/><F120/><W127/><G127/><T62/><D62/><U28/><E28/><V89/><F11/><AGARI ba="0,0" hai="1,7,11,14,16,23,76,78,95,96,103" m="51818" machi="11" ten="30,3900,0" yaku="20,1,52,1,54,1" doraHai="0" who="3" fromWho="2" sc="319,0,402,0,193,-39,86,39" /><INIT seed="3,0,0,0,1,30" ten="319,402,154,125" oya="3" hai0="33,45,103,104,23,94,59,90,74,115,36,92,25" hai1="118,77,75,89,86,71,66,60,87,44,113,102,15" hai2="18,21,70,64,101,126,42,4,20,106,9,47,56" hai3="68,95,121,29,10,61,27,14,1,111,50,39,122"/><W62/><G39/><T46/><D104/><U131/><E113/><V80/><F70/><W57/><G1/><T123/><D123/><U96/><E131/><V31/><F126/><W107/><G107/><T52/><D74/><U34/><E118/><V51/><F31/><W78/><G111/><T91/><D33/><U128/><E86/><V16/><F80/><W85/><G50/><T63/><D115/><U24/><E15/><V116/><F116/><W54/><G68/><T12/><D12/><U5/><E5/><V129/><F129/><W73/><G62/><T135/><D135/><U19/><E44/><N who="0" m="17001" /><D36/><U72/><E77/><V117/><F117/><W112/><G112/><T6/><D6/><U2/><E19/><V28/><F101/><W120/><G73/><T100/><D91/><U11/><E11/><V53/><F64/><W81/><G95/><N who="0" m="36395" /><D90/><U32/><E2/><V82/><F82/><W65/><G65/><T119/><D119/><U67/><E67/><V99/><F99/><W125/><G125/><T26/><D26/><U35/><E24/><V17/><F106/><W13/><REACH who="3" step="1"/><G10/><REACH who="3" ten="319,402,154,115" step="2"/><T40/><D40/><U38/><E38/><V55/><F42/><W8/><G8/><T109/><D109/><U22/><E128/><V88/><F9/><W130/><G130/><T108/><D108/><U58/><E71/><V79/><F51/><W134/><G134/><T83/><D83/><N who="1" m="49407" /><E75/><V98/><F98/><W41/><G41/><T127/><D127/><U3/><E72/><V0/><F0/><W37/><G37/><T132/><D132/><U7/><E3/><RYUUKYOKU ba="0,1" sc="319,15,402,-15,154,-15,115,15" hai0="23,25,52,59,63,100,103" hai3="13,14,27,29,54,57,61,78,81,85,120,121,122" /><INIT seed="3,1,1,4,5,81" ten="334,387,139,130" oya="3" hai0="135,50,17,61,60,118,42,70,20,105,13,78,93" hai1="112,15,10,58,0,19,76,127,75,43,113,120,21" hai2="128,134,6,44,63,133,16,40,109,79,95,3,88" hai3="132,53,129,91,48,126,2,83,18,82,125,89,56"/><W108/><G2/><T30/><D105/><U68/><E68/><V123/><F109/><W66/><G108/><T23/><D118/><U49/><E120/><V41/><F123/><W80/><G129/><T84/><D135/><N who="2" m="51722" /><F128/><W130/><G130/><T77/><D70/><U57/><E127/><N who="3" m="48650" /><G132/><T72/><D72/><U26/><E0/><V54/><F79/><W117/><G117/><T115/><D115/><U11/><E76/><V69/><F6/><W92/><G66/><T111/><D111/><U12/><E75/><V37/><F3/><W104/><G104/><T64/><D64/><U32/><E43/><N who="2" m="22639" /><F69/><W38/><G38/><T36/><D36/><U97/><E97/><N who="2" m="57575" /><F16/><W46/><G18/><T25/><D78/><U4/><E113/><V102/><F102/><W59/><G91/><N who="0" m="53479" /><D77/><U71/><E71/><V47/><F47/><AGARI ba="1,1" hai="13,17,20,23,25,30,42,47,50,60,61" m="53479" machi="47" ten="30,2000,0" yaku="8,1,52,1" doraHai="81" who="0" fromWho="2" sc="334,33,387,0,139,-23,130,0" /><INIT seed="4,0,0,2,1,64" ten="367,387,116,130" oya="0" hai0="73,94,14,48,95,97,103,113,49,106,36,22,31" hai1="29,89,135,57,27,99,23,42,128,40,38,123,0" hai2="7,2,33,61,62,46,117,65,50,35,30,54,41" hai3="109,20,119,76,130,69,120,72,98,47,8,101,39"/><T115/><D36/><U125/><E123/><V121/><F121/><W43/><G120/><T110/><D73/><U133/><E0/><V15/><F2/><W83/><G109/><T16/><D110/><U25/><E128/><V102/><F117/><W129/><G119/><T45/><D31/><U18/><E125/><V80/><F102/><W44/><G20/><T11/><D11/><U84/><E99/><V52/><F80/><W81/><G81/><T82/><D82/><N who="1" m="49303" /><E57/><V74/><F74/><W34/><G47/><T59/><D59/><U88/><E88/><V17/><F7/><W108/><G108/><T116/><D116/><U63/><E63/><V90/><F90/><W19/><G19/><T112/><REACH who="0" step="1"/><D49/><REACH who="0" ten="357,387,116,130" step="2"/><U118/><E38/><V71/><F30/><W12/><G34/><T105/><D105/><U56/><E56/><V132/><F35/><W10/><G10/><T107/><D107/><U28/><E28/><V96/><F33/><W58/><G58/><T4/><D4/><U78/><E118/><V87/><F50/><W37/><G37/><T5/><D5/><U131/><E131/><V104/><F104/><N who="3" m="63543" /><G130/><T93/><D93/><U114/><E29/><V75/><F75/><W60/><G129/><T55/><AGARI ba="0,1" hai="14,16,22,45,48,55,94,95,97,103,106,112,113,115" machi="55" ten="30,12000,1" yaku="1,1,0,1,15,1,54,1,53,1" doraHai="64" doraHaiUra="51" who="0" fromWho="0" sc="357,130,387,-40,116,-40,130,-40" /><INIT seed="4,1,0,0,0,88" ten="487,347,76,90" oya="0" hai0="53,101,95,103,82,26,123,98,42,134,115,90,55" hai1="59,94,113,96,124,19,46,66,48,110,3,106,35" hai2="89,13,27,67,5,64,39,92,91,60,20,38,83" hai3="133,79,81,11,61,23,22,122,127,2,17,130,119"/><T1/><D123/><U37/><E110/><V132/><F132/><W31/><G119/><T125/><D115/><U65/><E106/><V120/><F120/><W77/><G122/><T104/><D1/><U112/><E35/><V84/><F5/><W109/><G109/><T129/><D125/><U74/><E74/><V25/><F13/><W56/><G133/><T41/><D129/><U102/><E3/><V135/><F135/><W10/><G130/><T12/><D134/><U85/><E124/><V70/><F64/><W111/><G111/><T44/><D26/><U50/><E85/><V72/><F25/><N who="3" m="16823" /><G2/><T107/><D107/><U97/><E19/><V24/><F27/><N who="3" m="14831" /><G127/><T21/><D104/><U116/><E37/><V121/><F121/><W47/><G47/><T99/><D21/><U29/><E29/><V16/><REACH who="2" step="1"/><F72/><REACH who="2" ten="487,347,66,90" step="2"/><W62/><G10/><T68/><D12/><U49/><E112/><V76/><F76/><W114/><G114/><T28/><D28/><U34/><E113/><V86/><AGARI ba="1,1" hai="16,20,24,38,39,60,67,70,83,84,86,89,91,92" machi="86" ten="20,12000,2" yaku="1,1,0,1,7,1,52,1,54,1,53,2" doraHai="88" doraHaiUra="87" who="2" fromWho="2" sc="487,-61,347,-31,66,133,90,-31" /><INIT seed="5,0,0,1,3,106" ten="426,316,199,59" oya="1" hai0="40,57,107,129,12,115,68,77,27,85,1,34,60" hai1="92,130,30,104,78,75,98,69,108,31,74,97,110" hai2="3,0,95,86,89,37,70,91,50,112,53,101,18" hai3="87,93,133,49,38,128,61,121,119,2,103,114,122"/><U55/><E69/><V134/><F134/><W58/><G2/><T102/><D1/><U21/><E130/><V39/><F70/><W9/><G38/><T16/><D115/><U25/><E31/><V105/><F39/><W72/><G114/><T99/><D68/><U7/><E78/><V19/><F37/><W42/><G128/><T20/><D129/><U90/><E7/><V76/><F19/><W5/><G133/><T88/><D40/><U41/><E41/><V118/><F118/><W48/><G119/><T28/><D77/><U79/><E79/><V24/><F76/><W82/><G72/><T26/><D26/><U4/><E4/><V131/><F131/><W6/><G49/><T94/><D57/><U29/><E29/><V66/><F66/><W54/><G121/><T116/><REACH who="0" step="1"/><D60/><REACH who="0" ten="416,316,199,59" step="2"/><U113/><E113/><V73/><F0/><W45/><G122/><T13/><D13/><U32/><E32/><V80/><F24/><W124/><G124/><T46/><D46/><U135/><E135/><V71/><F71/><W62/><G61/><T51/><D51/><U43/><E43/><V56/><F50/><W22/><G62/><T127/><D127/><U117/><E117/><AGARI ba="0,1" hai="12,16,20,27,28,34,85,88,94,99,102,107,116,117" machi="117" ten="40,8000,1" yaku="1,1,54,2,53,1" doraHai="106" doraHaiUra="11" who="0" fromWho="1" sc="416,90,316,-80,199,0,59,0" /><INIT seed="6,0,0,1,1,3" ten="506,236,199,59" oya="2" hai0="21,39,113,10,92,43,114,16,106,48,111,118,0" hai1="74,18,89,6,25,108,14,41,81,37,11,70,33" hai2="101,80,62,61,87,57,99,79,86,103,5,73,133" hai3="98,56,125,55,104,4,135,27,15,60,126,85,123"/><V47/><F133/><W120/><G135/><T116/><D106/><U58/><E70/><V82/><F47/><W129/><G129/><T2/><D39/><U117/><E117/><N who="0" m="45161" /><D111/><U124/><E108/><V66/><F73/><W44/><G85/><T84/><D84/><U75/><E124/><N who="3" m="47722" /><G27/><N who="0" m="14759" /><D92/><U105/><E105/><V128/><F128/><W53/><G98/><T78/><D78/><U51/><E25/><V32/><F32/><W22/><G104/><T17/><D17/><U64/><E18/><V9/><F99/><W110/><G22/><T7/><D0/><U35/><E33/><V59/><F86/><W52/><G110/><T83/><D83/><U29/><E81/><V65/><F80/><W132/><G132/><T109/><D109/><U100/><E35/><V31/><F31/><W19/><G19/><T68/><D68/><U134/><E29/><V63/><F63/><W72/><G72/><T91/><D91/><U24/><E89/><V71/><F71/><W30/><G30/><T36/><D36/><U90/><E90/><V40/><F40/><W69/><G69/><T34/><D34/><U131/><E37/><V8/><F8/><N who="3" m="4487" /><G44/><AGARI ba="0,0" hai="2,7,10,43,44,48,113,114" m="14759,45161" machi="44" ten="30,3900,0" yaku="12,1,52,1,54,1" doraHai="3" who="0" fromWho="3" sc="506,39,236,0,199,0,59,-39" /><INIT seed="7,0,0,5,1,52" ten="545,236,199,20" oya="3" hai0="102,30,64,54,107,70,58,83,62,78,48,93,23" hai1="27,71,59,85,11,22,110,36,41,119,31,0,4" hai2="105,96,2,26,45,116,28,81,98,128,61,109,104" hai3="29,125,43,87,97,49,76,12,131,9,112,66,73"/><W21/><G112/><T122/><D107/><U55/><E71/><V8/><F109/><W124/><G131/><T60/><D122/><U106/><E110/><V82/><F116/><W75/><G66/><T5/><D5/><U126/><E126/><N who="3" m="48746" /><G97/><T44/><D93/><U121/><E106/><V18/><F98/><W99/><G99/><T20/><D30/><U114/><E114/><V25/><F96/><W127/><N who="3" m="48754" /><W89/><DORA hai="13" /><G76/><T14/><D14/><U33/><E121/><V88/><F128/><W117/><G117/><T74/><D102/><U108/><E108/><V17/><F104/><W80/><G43/><AGARI ba="0,0" hai="20,23,43,44,48,54,58,60,62,64,70,74,78,83" machi="43" ten="30,2000,0" yaku="7,1,52,1" doraHai="52,13" who="0" fromWho="3" sc="545,20,236,0,199,0,20,-20" owari="565,66.5,236,3.6,199,-20.1,0,-50.0" /></mjloggm>