<mjloggm ver="2.3"><GO type="169" lobby="0"/><UN n0="%E3%81%AA%E3%81%BE%E3%81%8B%E3%82%84%E3%81%95%E3%81%AA%E3%81%9F" n1="%E7%88%86%E7%89%8C%E3%82%A6%E3%82%B7%E3%82%B8%E3%83%9E%E3%81%8F%E3%82%93" n2="%E6%96%B0%E6%89%8B%31%34%32%38%35%37" n3="%E3%81%A8%E3%81%B3%E3%81%BE%E3%81%93" dan="16,19,17,18" rate="2178.00,2245.04,2133.46,2228.47" sx="M,M,M,M"/><TAIKYOKU oya="0"/><INIT seed="0,0,0,5,3,93" ten="250,250,250,250" oya="0" hai0="42,0,97,38,91,108,26,95,33,68,80,60,28" hai1="119,81,45,59,110,98,127,17,19,12,114,40,82" hai2="29,115,96,118,34,9,16,20,23,10,36,130,112" hai3="78,101,107,121,71,109,18,25,53,43,24,61,65"/><T79/><D0/><U76/><E119/><V57/><F36/><W62/><G109/><T6/><D6/><U77/><E110/><V70/><F70/><W125/><G125/><T86/><D108/><U50/><E127/><V32/><F57/><W88/><G78/><T35/><D42/><U52/><E114/><V102/><F130/><W4/><G4/><T67/><REACH who="0" step="1"/><D38/><REACH who="0" ten="240,250,250,250" step="2"/><U74/><E12/><V5/><F5/><W27/><G121/><T8/><D8/><U133/><E133/><V89/><F9/><W131/><G43/><T132/><D132/><U87/><REACH who="1" step="1"/><E98/><REACH who="1" ten="240,240,250,250" step="2"/><V126/><F96/><W39/><G131/><T54/><D54/><U63/><AGARI ba="0,2" hai="17,19,40,45,50,52,59,63,74,76,77,81,82,87" machi="63" ten="20,8000,1" yaku="1,1,2,1,0,1,7,1,54,1,53,0" doraHai="93" doraHaiUra="129" who="1" fromWho="1" sc="240,-40,240,100,250,-20,250,-20" /><INIT seed="1,0,0,1,0,134" ten="200,340,230,230" oya="1" hai0="114,11,14,97,103,25,58,87,100,130,24,71,20" hai1="69,96,109,50,39,94,42,131,46,105,108,66,44" hai2="107,80,72,51,102,117,43,77,95,76,36,4,106" hai3="82,98,35,45,27,9,33,65,31,99,34,29,116"/><U75/><E75/><V19/><F4/><W92/><G116/><T78/><D130/><U84/><E105/><N who="2" m="39947" /><F36/><W62/><G45/><T28/><D71/><U15/><E84/><N who="2" m="48135" /><F19/><W133/><G82/><N who="0" m="47575" /><D114/><U132/><E132/><V83/><F51/><W91/><G98/><T8/><D97/><U3/><E3/><V90/><F43/><W23/><G9/><T48/><D25/><U127/><E15/><V13/><F13/><W67/><G133/><T64/><D11/><U60/><E131/><V89/><F117/><W111/><G111/><T12/><D12/><U112/><E112/><V104/><N who="2" m="39955" /><V120/><DORA hai="56" /><F120/><W55/><REACH who="3" step="1"/><G29/><REACH who="3" ten="200,340,230,220" step="2"/><T79/><D28/><U73/><E108/><V26/><F26/><W18/><G18/><T61/><D8/><U128/><E109/><V54/><F54/><W1/><G1/><T10/><D10/><U0/><E0/><V40/><F40/><W37/><G37/><T93/><D64/><U30/><E66/><V70/><F70/><W126/><G126/><T68/><D68/><U86/><E127/><V123/><F123/><W6/><G6/><T5/><D5/><U121/><E69/><V85/><F90/><W16/><G16/><T115/><D115/><U101/><E39/><V110/><F110/><W52/><G52/><T122/><D122/><U21/><E121/><V7/><F7/><W32/><N who="3" m="8192" /><DORA hai="129" /><W125/><G125/><T119/><D119/><U59/><E30/><V74/><F102/><W17/><G17/><T22/><D103/><U53/><E101/><V88/><F89/><W124/><G124/><RYUUKYOKU ba="0,1" sc="200,-15,340,-15,230,15,220,15" hai2="72,74,77,83,85,88,95" hai3="23,27,31,55,62,65,67,91,92,99" /><INIT seed="2,1,1,1,5,56" ten="185,325,245,235" oya="2" hai0="100,86,88,76,134,70,57,111,39,65,73,49,52" hai1="87,130,96,45,91,118,125,135,12,24,31,28,120" hai2="54,92,122,62,6,41,60,83,124,17,117,110,3" hai3="102,115,132,80,114,103,26,30,47,99,72,32,4"/><V14/><F117/><W64/><G132/><T107/><D134/><U112/><E135/><V9/><F122/><W27/><G4/><T18/><D111/><U48/><E112/><N who="3" m="43050" /><G64/><T43/><D18/><U109/><E118/><V22/><F124/><W69/><G69/><T50/><D50/><U10/><E125/><V105/><F105/><W21/><G47/><N who="0" m="24063" /><D73/><U63/><E130/><V58/><F110/><W67/><G67/><T129/><D129/><U128/><E128/><V25/><F41/><W121/><G121/><T29/><D29/><U98/><E109/><V20/><F83/><W53/><G53/><T61/><D76/><U38/><E31/><V71/><F71/><W68/><G68/><T33/><D33/><U104/><E104/><V55/><F92/><N who="3" m="58727" /><G103/><T131/><D131/><U101/><E101/><V94/><F94/><W133/><G133/><T44/><D44/><U13/><E45/><V19/><F55/><W34/><G27/><T106/><D100/><U85/><E24/><V90/><F90/><W37/><G37/><T123/><D123/><U74/><E38/><V1/><F1/><W79/><AGARI ba="1,1" hai="21,26,30,32,34,72,79,80" m="58727,43050" machi="79" ten="30,1100,0" yaku="11,1" doraHai="56" who="3" fromWho="3" sc="185,-4,325,-4,245,-6,235,24" /><INIT seed="3,0,0,2,5,6" ten="181,321,239,259" oya="3" hai0="102,51,48,125,40,128,115,41,67,39,134,100,60" hai1="3,88,116,36,43,72,28,18,113,24,16,98,61" hai2="70,103,81,80,91,0,117,52,66,104,34,92,111" hai3="110,119,1,25,89,120,2,75,73,106,8,84,94"/><W33/><G119/><T69/><D128/><U55/><E113/><V132/><F117/><W133/><G120/><T124/><D115/><U99/><E116/><V10/><F111/><W4/><G106/><T23/><D23/><U77/><E3/><V22/><F34/><W76/><G110/><T19/><D134/><U47/><E72/><V37/><F37/><W107/><G107/><T127/><D19/><U57/><E77/><V27/><F132/><W56/><G2/><T21/><D21/><U44/><E44/><V112/><F112/><W95/><G133/><T83/><D83/><U105/><E99/><V35/><F35/><W26/><G76/><T108/><D39/><U29/><E29/><V14/><F0/><W59/><G95/><T90/><D90/><U135/><E135/><V9/><F103/><N who="0" m="39466" /><D108/><U54/><E54/><V85/><F104/><W123/><G123/><T65/><D65/><U53/><E53/><V20/><F52/><W121/><G121/><T96/><D96/><U82/><E105/><V32/><F32/><W45/><G33/><T30/><D30/><U58/><E58/><N who="3" m="22058" /><G45/><T78/><D78/><U64/><E64/><V5/><F66/><W74/><G75/><T63/><D63/><U86/><E98/><V114/><F70/><W46/><G46/><T62/><D60/><U7/><E7/><V79/><F114/><W11/><G74/><T15/><D15/><U122/><E122/><V101/><F79/><W17/><G73/><T71/><D69/><U50/><E36/><V97/><F101/><W12/><G1/><T42/><AGARI ba="0,0" hai="40,41,42,48,51,62,67,71,124,125,127" m="39466" machi="42" ten="40,2700,0" yaku="5,1,18,1" doraHai="6" who="0" fromWho="0" sc="181,27,321,-7,239,-7,259,-13" /><INIT seed="4,0,0,5,3,89" ten="208,314,232,246" oya="0" hai0="72,41,40,102,64,28,92,78,7,26,12,122,124" hai1="98,84,112,95,121,13,38,65,24,96,129,130,86" hai2="97,54,128,77,108,33,14,42,91,61,110,71,0" hai3="116,37,49,73,8,90,99,63,15,3,113,17,45"/><T135/><D124/><U93/><E38/><V75/><F0/><W120/><G73/><T1/><D135/><U6/><E65/><V133/><F33/><W100/><G116/><T53/><D122/><U76/><E121/><V109/><F128/><N who="1" m="49257" /><E112/><V134/><F14/><W56/><G37/><T111/><D111/><U87/><E24/><V131/><F131/><W55/><G113/><T106/><D64/><U30/><E30/><V94/><F42/><W119/><G119/><T21/><D1/><U43/><E43/><V18/><F18/><W125/><G125/><T4/><D106/><U52/><E52/><V58/><F71/><W127/><G3/><T23/><D53/><U82/><E13/><V57/><F57/><W123/><G127/><T2/><D2/><U68/><E6/><V105/><F105/><W20/><G8/><T51/><D51/><U31/><E31/><V27/><F27/><W81/><G56/><T79/><D41/><U67/><E67/><V50/><F50/><W80/><G63/><T5/><D40/><U117/><E117/><V11/><F11/><W39/><G39/><T104/><D104/><U115/><E115/><V35/><F35/><W36/><G36/><T34/><D12/><U62/><E62/><V70/><F70/><W60/><G60/><T88/><D102/><N who="1" m="60687" /><E68/><V69/><F69/><W29/><G123/><T19/><D19/><U32/><E32/><V118/><F118/><W59/><G120/><T107/><D107/><U83/><E83/><V10/><F10/><W132/><G17/><T22/><D72/><U101/><AGARI ba="0,0" hai="76,82,84,86,87,95,98,101" m="60687,49257" machi="101" ten="30,12000,2" yaku="5,1,19,1,34,2,52,2" doraHai="89" who="1" fromWho="1" sc="208,-60,314,120,232,-30,246,-30" /><INIT seed="5,0,0,4,5,106" ten="148,434,202,216" oya="1" hai0="81,29,120,16,79,4,57,23,94,10,24,8,116" hai1="135,39,53,48,126,45,20,105,134,118,84,41,52" hai2="86,2,73,95,133,68,28,26,50,60,129,98,22" hai3="102,34,61,54,112,103,51,83,88,104,64,109,46"/><U44/><E105/><V71/><F2/><W87/><G109/><T82/><D116/><U1/><E1/><V12/><F129/><W67/><G34/><T55/><D120/><U119/><E20/><V49/><F133/><N who="1" m="50697" /><E84/><V123/><F86/><W128/><G112/><T30/><D94/><U74/><E74/><V18/><F73/><W76/><G128/><T89/><D89/><U130/><E130/><V66/><F71/><W21/><G104/><T124/><D124/><U85/><E85/><V91/><REACH who="2" step="1"/><F123/><REACH who="2" ten="148,434,192,216" step="2"/><W131/><G131/><T121/><D121/><U56/><E126/><V19/><F19/><W92/><G83/><N who="0" m="31755" /><D79/><U7/><E7/><V113/><F113/><W72/><G72/><T110/><D110/><U114/><E114/><V35/><AGARI ba="0,1" hai="12,18,22,26,28,35,49,50,60,66,68,91,95,98" machi="35" ten="20,2700,0" yaku="1,1,0,1,7,1,53,0" doraHai="106" doraHaiUra="96" who="2" fromWho="2" sc="148,-7,434,-13,192,37,216,-7" /><INIT seed="6,0,0,1,1,92" ten="141,421,229,209" oya="2" hai0="18,95,117,100,67,32,115,73,86,135,42,81,17" hai1="3,7,52,36,94,68,104,14,84,56,37,26,109" hai2="41,124,65,82,74,108,33,54,38,79,107,76,133" hai3="111,80,43,90,119,122,129,105,35,25,131,101,27"/><V69/><F124/><W125/><G119/><T71/><D115/><U63/><E104/><V134/><F54/><W11/><G122/><T34/><D117/><U20/><E109/><V44/><F108/><W60/><G111/><T5/><D135/><N who="2" m="51722" /><F79/><W53/><G43/><T88/><D5/><U121/><E3/><V16/><F33/><W28/><G11/><T57/><D71/><U50/><E121/><V126/><F126/><W120/><G120/><T128/><D128/><N who="3" m="49225" /><G27/><T102/><D42/><U98/><E68/><V78/><F78/><W123/><G125/><T89/><D34/><U93/><E63/><N who="2" m="40127" /><F107/><W46/><G60/><N who="0" m="38287" /><D32/><U47/><E52/><V19/><AGARI ba="0,0" hai="16,19,38,41,44,74,76,82" m="40127,51722" machi="19" ten="30,3000,0" yaku="20,1,54,1" doraHai="92" who="2" fromWho="2" sc="141,-10,421,-10,229,30,209,-10" /><INIT seed="6,1,0,2,4,134" ten="131,411,259,199" oya="2" hai0="68,122,135,120,6,102,51,44,125,62,133,32,104" hai1="108,18,21,90,16,46,103,110,8,1,48,7,53" hai2="54,93,77,121,55,78,25,15,84,36,94,27,89" hai3="9,10,37,74,79,81,4,61,118,24,83,20,109"/><V91/><F36/><W12/><G118/><T40/><D32/><U2/><E2/><V132/><F132/><N who="0" m="50762" /><D104/><U65/><E103/><V57/><F121/><N who="0" m="46698" /><D102/><U66/><E18/><V85/><F57/><W45/><G109/><T99/><D99/><U87/><E66/><V30/><F15/><W17/><G61/><T73/><D73/><U95/><E65/><V126/><REACH who="2" step="1"/><F30/><REACH who="2" ten="131,411,249,199" step="2"/><W124/><G37/><T98/><D6/><U105/><E105/><V113/><F113/><W127/><G45/><T82/><D44/><U92/><E92/><V50/><F50/><W131/><G131/><T0/><D51/><U29/><E29/><V56/><F56/><W96/><G10/><T49/><D49/><U80/><E95/><V69/><F69/><W33/><G9/><T123/><D68/><U88/><E108/><V115/><F115/><W19/><G12/><T130/><D123/><U38/><E110/><V26/><F26/><W119/><G24/><T3/><D3/><U76/><E38/><V59/><F59/><W75/><G4/><T97/><D0/><U5/><E5/><V11/><F11/><W13/><G13/><AGARI ba="1,1" hai="1,7,8,13,16,21,46,48,53,76,80,87,88,90" machi="13" ten="30,3900,0" yaku="7,1,54,2" doraHai="134" who="1" fromWho="3" sc="131,0,411,52,249,0,199,-42" /><INIT seed="7,0,0,0,3,23" ten="131,463,249,157" oya="3" hai0="15,103,132,78,3,121,119,75,133,131,81,38,92" hai1="111,20,124,105,17,106,60,58,13,40,96,83,2" hai2="107,46,126,6,5,64,8,45,95,87,65,76,134" hai3="7,110,44,74,71,69,109,104,0,135,80,30,51"/><W1/><G104/><T42/><D119/><U113/><E111/><N who="3" m="42506" /><G30/><T122/><D3/><N who="3" m="1097" /><G7/><T102/><D15/><U48/><E2/><V91/><F5/><W49/><G135/><N who="0" m="51787" /><D42/><U41/><E124/><V29/><F126/><W27/><G27/><T16/><D38/><U90/><E113/><V85/><F6/><W93/><G93/><T19/><D131/><U98/><E48/><N who="3" m="18506" /><G44/><T128/><D128/><U88/><E106/><V21/><F107/><W115/><G115/><T26/><D19/><U43/><E105/><V53/><F46/><W112/><G112/><T31/><D92/><U114/><E114/><V35/><F45/><W118/><G118/><T86/><D86/><N who="1" m="50271" /><E90/><V12/><F91/><W10/><G10/><T63/><D63/><U24/><E24/><V34/><F95/><W55/><G55/><AGARI ba="0,0" hai="13,17,20,40,41,43,55,58,60,96,98" m="50271" machi="55" ten="30,2000,0" yaku="8,1,54,1" doraHai="23" who="1" fromWho="3" sc="131,0,463,20,249,0,157,-20" owari="131,-36.9,483,58.3,249,4.9,137,-26.3" /></mjloggm>