<mjloggm ver="2.3"><GO type="169" lobby="0"/><UN n0="%E3%82%B0%E3%83%B3%E3%83%80%E3%83%AA%E3%83%BC" n1="%53%68%69%72%6C%65%79" n2="%4A%49%4D" n3="%4D%4A%E6%9C%80%E5%BC%B7%E4%BD%8D" dan="19,16,17,17" rate="2283.36,2067.93,2189.31,2220.14" sx="M,M,F,M"/><TAIKYOKU oya="0"/><INIT seed="0,0,0,3,2,12" ten="250,250,250,250" oya="0" hai0="68,104,10,87,17,11,5,58,24,52,26,16,108" hai1="46,106,79,23,38,66,62,18,107,35,47,91,89" hai2="94,93,15,127,115,105,39,32,92,72,65,48,78" hai3="54,13,0,124,88,25,135,31,61,69,3,110,80"/><T77/><D104/><U43/><E35/><V121/><F121/><W34/><G110/><T36/><D68/><U83/><E46/><V81/><F115/><W51/><G124/><T7/><D36/><U122/><E122/><V19/><F39/><W67/><G135/><T75/><D75/><U101/><E107/><V84/><F32/><W37/><G37/><T64/><D64/><U41/><E41/><V102/><F65/><W2/><G13/><T40/><D40/><U21/><E21/><V82/><F48/><W100/><G100/><T109/><D87/><U50/><E101/><V128/><F128/><W60/><G60/><T86/><D86/><U118/><E106/><V120/><F120/><W59/><G80/><T28/><D77/><U71/><E118/><V76/><F127/><W42/><G42/><T125/><D125/><U63/><E63/><V6/><F6/><N who="0" m="2058" /><D109/><U1/><E1/><V57/><F57/><W126/><G126/><T45/><D45/><U55/><E43/><V4/><F4/><W22/><G34/><T119/><D119/><U98/><E38/><V114/><F114/><W30/><REACH who="3" step="1"/><G88/><REACH who="3" ten="250,250,250,240" step="2"/><T132/><D132/><U73/><E98/><V95/><F105/><W133/><G133/><T44/><D108/><U85/><E73/><V49/><N who="2" m="23552" /><DORA hai="27" /><V129/><F102/><W113/><G113/><T130/><D130/><U96/><REACH who="1" step="1"/><E96/><REACH who="1" ten="250,240,250,240" step="2"/><V103/><F103/><W74/><G74/><T123/><D123/><U53/><E53/><V14/><F129/><W29/><AGARI ba="0,2" hai="0,2,3,22,25,29,30,31,51,54,59,61,67,69" machi="29" ten="40,12000,2" yaku="1,1,0,1,52,3,53,1" doraHai="12,27" doraHaiUra="20,131" who="3" fromWho="3" sc="250,-60,240,-30,250,-30,240,140" /><INIT seed="1,0,0,1,4,24" ten="190,210,220,380" oya="1" hai0="40,67,15,99,63,109,98,100,32,107,84,95,80" hai1="96,117,114,53,13,52,16,85,68,35,112,38,126" hai2="45,76,135,79,103,55,31,123,132,125,8,77,81" hai3="21,128,62,65,47,9,83,104,89,39,116,41,82"/><U61/><E38/><V48/><F123/><W28/><G104/><T66/><D109/><U10/><E117/><V29/><F125/><W59/><G116/><T12/><D32/><U1/><E126/><V110/><F110/><W60/><G128/><T131/><D40/><U2/><E96/><V133/><F103/><W22/><G9/><T27/><D131/><U0/><E35/><V50/><F8/><W129/><G129/><T124/><D27/><U7/><E7/><V69/><F69/><W42/><G42/><T51/><D51/><U73/><E73/><V111/><F111/><W5/><G5/><T64/><D63/><U33/><E33/><V121/><F121/><W17/><G89/><T118/><D118/><U44/><E85/><V34/><F34/><W90/><G90/><T75/><D124/><U120/><E120/><V115/><F115/><W78/><G82/><T101/><REACH who="0" step="1"/><D75/><REACH who="0" ten="180,210,220,380" step="2"/><U26/><E26/><V91/><F50/><W122/><G60/><T87/><D87/><AGARI ba="0,1" hai="29,31,45,48,55,76,77,79,81,87,91,132,133,135" machi="87" ten="50,6400,0" yaku="20,1,52,2" doraHai="24" who="2" fromWho="0" sc="180,-64,210,0,220,74,380,0" /><INIT seed="2,0,0,3,2,126" ten="116,210,294,380" oya="2" hai0="109,134,62,19,59,4,133,67,77,26,8,32,33" hai1="48,114,18,42,53,27,106,9,47,135,124,64,65" hai2="97,20,90,60,120,130,58,38,30,95,39,25,31" hai3="123,40,79,73,13,78,129,15,0,17,69,116,104"/><V68/><F120/><W45/><G0/><T28/><D109/><U91/><E114/><V94/><F68/><W132/><G69/><T6/><D77/><U29/><E124/><V108/><F108/><W74/><G104/><T110/><D110/><U117/><E117/><V56/><F31/><W63/><G63/><T88/><D33/><U70/><E135/><V72/><F72/><W127/><G127/><T16/><D4/><U34/><E106/><V24/><F24/><W98/><G98/><T131/><D131/><U43/><E91/><V105/><F105/><W10/><G123/><T111/><D111/><U83/><E83/><V49/><F130/><W102/><G102/><T85/><D134/><U118/><E118/><V41/><F95/><W122/><G122/><T11/><D11/><U7/><E18/><V107/><F107/><W87/><G129/><T36/><D36/><U22/><E34/><V61/><F61/><W23/><G132/><T55/><D67/><N who="1" m="25675" /><E70/><V14/><F14/><AGARI ba="0,0" hai="7,9,14,22,27,29,42,43,47,48,53" m="25675" machi="14" ten="30,1000,0" yaku="8,1" doraHai="126" who="1" fromWho="2" sc="116,0,210,10,294,-10,380,0" /><INIT seed="3,0,0,4,1,76" ten="116,220,284,380" oya="3" hai0="124,28,40,56,2,123,91,120,15,135,128,17,69" hai1="98,87,114,130,94,16,64,47,52,29,51,8,36" hai2="96,90,106,46,103,86,50,59,112,111,53,22,39" hai3="37,93,43,42,3,82,14,26,108,48,54,13,122"/><W35/><G3/><T85/><D124/><U118/><E114/><V116/><F112/><W74/><G122/><T65/><D128/><U34/><E130/><V10/><F116/><W31/><G108/><T95/><D135/><U70/><E118/><V30/><F111/><W104/><G104/><T68/><D2/><U57/><E70/><V61/><F39/><W19/><G37/><T75/><D75/><U5/><E5/><V109/><F10/><W62/><G62/><T101/><D40/><U60/><E36/><V67/><F109/><W18/><G93/><T92/><D28/><U38/><E38/><V21/><REACH who="2" step="1"/><F30/><REACH who="2" ten="116,220,274,380" step="2"/><W27/><G31/><T121/><D121/><U11/><E11/><V100/><F100/><W66/><G19/><T81/><D123/><U24/><E8/><V134/><F134/><W32/><G18/><T41/><D120/><U129/><E129/><V33/><F33/><W89/><G32/><T9/><D101/><U99/><E16/><V117/><F117/><W4/><G35/><T107/><D17/><U126/><E126/><V115/><F115/><W63/><G4/><T72/><D9/><U73/><E34/><V132/><F132/><W49/><G13/><T131/><D15/><U58/><E29/><V97/><F97/><W1/><G14/><T25/><D25/><U80/><E99/><V0/><F0/><W133/><G1/><T78/><D131/><U110/><E110/><V83/><AGARI ba="0,1" hai="21,22,46,50,53,59,61,67,83,86,90,96,103,106" machi="83" ten="20,8000,1" yaku="1,1,0,1,7,1,52,1,53,1" doraHai="76" doraHaiUra="44" who="2" fromWho="2" sc="116,-20,220,-20,274,90,380,-40" /><INIT seed="4,0,0,2,2,29" ten="96,200,364,340" oya="0" hai0="36,87,47,132,110,65,19,90,92,125,80,46,102" hai1="38,134,123,89,99,104,56,27,24,115,76,41,35" hai2="63,128,94,71,95,117,9,60,30,0,57,1,75" hai3="33,16,13,53,135,81,83,66,86,79,39,72,93"/><T96/><D132/><U34/><E123/><V42/><F75/><W98/><G39/><T59/><D125/><U112/><E76/><V17/><F71/><W113/><G66/><T97/><D110/><U84/><E134/><V78/><F78/><W70/><G70/><T107/><D36/><U103/><E56/><V114/><F114/><N who="1" m="43561" /><E41/><V10/><F42/><W85/><G135/><T73/><D73/><U109/><E38/><V7/><F128/><W126/><G126/><T22/><D65/><U45/><E45/><V25/><F117/><W18/><G113/><T62/><D59/><U68/><E109/><V23/><F63/><W44/><G33/><N who="1" m="12298" /><E68/><V69/><F69/><W55/><G44/><T124/><D62/><U20/><E20/><V14/><F60/><W74/><G79/><T100/><REACH who="0" step="1"/><D124/><REACH who="0" ten="86,200,364,340" step="2"/><U6/><E6/><V8/><F57/><W91/><G72/><T131/><D131/><U82/><AGARI ba="0,1" hai="24,27,82,84,89,99,103,104" m="12298,43561" machi="82" ten="30,8000,1" yaku="15,1,11,1,52,3" doraHai="29" who="1" fromWho="1" sc="86,-40,200,90,364,-20,340,-20" /><INIT seed="5,0,0,0,5,134" ten="46,290,344,320" oya="1" hai0="75,130,60,32,33,135,118,35,64,96,78,124,79" hai1="15,112,42,26,86,113,97,91,81,18,99,61,49" hai2="84,122,48,111,117,0,23,27,85,129,29,120,68" hai3="83,132,51,74,65,38,25,31,87,16,28,11,10"/><U102/><E26/><V39/><F111/><W37/><G74/><T9/><D118/><U105/><E61/><V93/><F39/><W66/><G132/><T24/><D135/><U59/><E99/><V12/><F117/><W73/><G73/><T30/><D130/><U92/><E42/><V71/><F0/><W119/><G119/><T13/><D79/><U103/><E105/><V19/><F129/><W82/><G25/><T2/><D13/><U125/><E102/><V106/><F106/><W50/><G87/><T90/><D90/><U5/><E5/><V100/><F84/><W108/><REACH who="3" step="1"/><G16/><REACH who="3" ten="46,290,344,310" step="2"/><T58/><D96/><U116/><E116/><V95/><F85/><W14/><G14/><T54/><D75/><U115/><E18/><V62/><F19/><W40/><G40/><T43/><D43/><U128/><E15/><V89/><F12/><W109/><AGARI ba="0,1" hai="10,11,28,31,37,38,50,51,65,66,82,83,108,109" machi="109" ten="25,6400,0" yaku="1,1,0,1,22,2,53,0" doraHai="134" doraHaiUra="127" who="3" fromWho="3" sc="46,-16,290,-32,344,-16,310,74" /><INIT seed="6,0,0,5,3,113" ten="30,258,328,384" oya="2" hai0="105,112,15,13,9,94,96,135,67,130,55,121,90" hai1="20,99,91,106,46,60,16,8,30,109,32,47,89" hai2="87,43,35,134,2,3,48,133,132,124,111,11,44" hai3="98,58,115,5,26,104,95,4,19,61,68,125,118"/><V83/><F35/><W7/><G104/><T77/><D130/><U17/><E109/><V79/><F111/><W36/><G68/><T82/><D135/><U63/><E32/><V93/><F124/><W128/><G36/><T29/><D121/><U126/><E8/><V41/><F41/><W97/><G115/><T116/><D112/><U107/><E99/><V57/><F93/><W59/><G118/><T31/><D105/><U53/><E20/><V38/><REACH who="2" step="1"/><F11/><REACH who="2" ten="30,258,318,384" step="2"/><W23/><G125/><T119/><D67/><U28/><E126/><V131/><F131/><W76/><G128/><T70/><D70/><U102/><E53/><AGARI ba="0,1" hai="2,3,38,43,44,48,53,57,79,83,87,132,133,134" machi="53" ten="40,3900,0" yaku="1,1,20,1,53,0" doraHai="113" doraHaiUra="62" who="2" fromWho="1" sc="30,0,258,-39,318,49,384,0" /><INIT seed="6,1,0,2,3,4" ten="30,219,367,384" oya="2" hai0="43,39,114,118,40,98,69,127,96,80,85,37,45" hai1="124,73,81,90,101,49,34,135,95,33,30,26,64" hai2="79,125,12,100,27,88,57,11,63,91,15,41,68" hai3="108,66,2,113,132,62,97,111,23,129,25,83,51"/><V107/><F68/><W102/><G2/><T22/><D114/><U53/><E101/><V16/><F79/><W65/><G113/><T54/><D127/><U133/><E64/><V7/><F125/><W78/><G51/><T24/><D118/><U14/><E124/><V61/><F27/><W1/><G1/><T20/><D69/><U115/><E115/><V3/><F3/><W6/><G6/><T52/><D24/><U46/><E14/><V77/><F77/><W10/><G66/><T110/><D85/><U17/><E17/><V70/><F70/><W126/><G10/><T31/><D80/><U121/><E121/><V29/><F29/><W122/><G122/><T13/><D13/><U74/><E34/><V9/><F41/><W35/><G35/><T36/><D36/><U92/><E92/><V60/><REACH who="2" step="1"/><F57/><REACH who="2" ten="30,219,357,384" step="2"/><N who="3" m="37071" /><G126/><T47/><REACH who="0" step="1"/><D31/><REACH who="0" ten="20,219,357,384" step="2"/><U99/><E30/><V112/><F112/><W93/><G25/><T86/><D86/><U105/><E26/><V0/><F0/><W94/><G108/><AGARI ba="1,2" hai="20,22,37,39,40,43,45,47,52,54,96,98,108,110" machi="108" ten="25,12000,2" yaku="1,1,22,2,54,1,53,2" doraHai="4" doraHaiUra="19" who="0" fromWho="3" sc="20,143,219,0,357,0,384,-123" /><INIT seed="7,0,0,0,4,21" ten="163,219,357,261" oya="3" hai0="42,121,86,10,63,22,52,4,111,103,26,91,113" hai1="50,89,57,38,117,69,15,118,87,3,39,92,94" hai2="47,132,80,134,61,19,31,112,12,65,107,17,40" hai3="29,124,37,58,82,23,95,129,14,49,45,96,106"/><W34/><G124/><T120/><D111/><U44/><E3/><V123/><F112/><W28/><G129/><T7/><D113/><U18/><E57/><V133/><F123/><W0/><G0/><T48/><D103/><U78/><E78/><V128/><F128/><W100/><G34/><T55/><D42/><N who="1" m="24855" /><E94/><V77/><F31/><W130/><G37/><T97/><D55/><U93/><E93/><V85/><F12/><W67/><G82/><T32/><D32/><U9/><E69/><N who="2" m="42159" /><F107/><W125/><G106/><T74/><D74/><U126/><E126/><V101/><F101/><W35/><G35/><T51/><D51/><AGARI ba="0,0" hai="17,19,40,47,51,77,80,85,132,133,134" m="42159" machi="51" ten="30,1000,0" yaku="20,1" doraHai="21" who="2" fromWho="0" sc="163,-10,219,0,357,10,261,0" owari="153,-34.7,219,-18.1,367,46.7,261,6.1" /></mjloggm>