<mjloggm ver="2.3"><GO type="169" lobby="0"/><UN n0="%E3%82%B1%E3%82%A4%E3%83%AD%E3%83%B3" n1="%E3%81%82%73%71%77%64" n2="%52%59%4F%40%53%53" n3="%67%2D%65%6E%6B%69" dan="16,17,17,16" rate="2104.59,2156.61,2201.19,2097.07" sx="M,M,M,M"/><TAIKYOKU oya="0"/><INIT seed="0,0,0,4,1,46" ten="250,250,250,250" oya="0" hai0="104,84,131,41,31,18,115,127,122,34,54,128,21" hai1="44,67,124,97,110,33,107,95,114,108,78,93,3" hai2="42,25,116,24,29,56,69,135,77,45,55,4,58" hai3="86,90,68,94,70,66,9,12,71,119,133,65,92"/><T53/><D122/><U120/><E33/><V109/><F69/><W132/><G119/><T74/><D74/><U59/><E3/><V57/><F109/><W103/><G103/><T28/><D104/><U10/><E120/><V130/><F130/><N who="0" m="49706" /><D115/><U125/><E10/><V50/><F135/><N who="3" m="51787" /><G94/><N who="1" m="35850" /><E44/><V105/><F105/><W100/><G100/><T48/><D127/><N who="1" m="48715" /><E59/><V79/><F4/><AGARI ba="0,0" hai="4,9,12,65,66,68,70,71,86,90,92" m="51787" machi="4" ten="40,1300,0" yaku="20,1" doraHai="46" who="3" fromWho="2" sc="250,0,250,0,250,-13,250,13" /><INIT seed="1,0,0,2,3,24" ten="250,250,237,263" oya="1" hai0="122,81,98,35,26,74,68,46,78,5,9,106,17" hai1="8,27,38,102,94,52,45,100,49,96,16,84,111" hai2="70,53,105,75,57,104,12,112,119,127,21,132,20" hai3="97,128,130,76,118,37,73,48,72,93,60,59,116"/><U92/><E111/><V91/><F70/><W129/><G37/><T65/><D122/><U55/><E38/><V44/><F75/><N who="3" m="28747" /><G48/><T86/><D46/><U56/><E84/><V34/><F34/><W42/><G42/><T85/><D17/><U18/><E8/><V101/><F119/><N who="3" m="45611" /><G59/><T1/><D98/><N who="1" m="59463" /><E27/><V58/><F12/><W79/><G60/><AGARI ba="0,0" hai="16,18,45,49,52,55,56,60,94,96,102" m="59463" machi="60" ten="30,5800,0" yaku="8,1,54,2" doraHai="24" who="1" fromWho="3" sc="250,0,250,58,237,0,263,-58" /><INIT seed="1,1,0,2,2,93" ten="250,308,237,205" oya="1" hai0="68,73,58,13,22,103,78,98,71,116,86,121,7" hai1="38,48,87,127,132,0,9,80,26,109,3,33,66" hai2="118,51,42,12,112,50,74,18,90,40,4,102,53" hai3="108,24,92,30,14,17,34,122,134,47,83,129,124"/><U125/><E38/><V105/><F118/><W59/><G108/><T15/><D73/><U94/><E66/><V54/><F74/><W75/><G122/><T91/><D116/><U131/><E131/><V19/><F112/><W96/><G129/><T28/><D121/><U11/><E48/><V69/><F69/><W70/><G70/><T21/><D78/><U120/><E120/><V99/><F4/><W6/><G6/><T67/><D7/><U8/><E94/><V49/><F90/><W41/><G124/><N who="1" m="47690" /><E132/><V37/><F19/><W76/><G59/><T55/><D71/><U57/><E57/><V56/><F37/><W79/><G134/><T36/><D36/><U113/><E113/><V115/><F115/><W10/><G83/><N who="0" m="49631" /><D68/><U111/><E87/><V46/><REACH who="2" step="1"/><F50/><REACH who="2" ten="250,308,227,205" step="2"/><W25/><G75/><T27/><D22/><AGARI ba="1,1" hai="12,18,22,40,42,46,49,51,53,54,56,99,102,105" machi="22" ten="30,7700,0" yaku="1,1,2,1,7,1,52,1,53,0" doraHai="93" doraHaiUra="106" who="2" fromWho="0" sc="250,-80,308,0,227,90,205,0" /><INIT seed="2,0,0,2,2,112" ten="170,308,317,205" oya="2" hai0="126,63,42,120,79,71,132,133,122,32,109,1,27" hai1="82,89,75,40,90,5,116,65,17,54,26,35,2" hai2="23,24,50,103,61,70,29,59,91,57,113,66,106" hai3="99,123,25,121,15,37,39,115,108,107,94,52,9"/><V92/><F113/><W6/><G115/><T100/><D1/><U84/><E75/><V14/><F106/><W114/><G114/><T34/><D79/><U0/><E65/><V41/><F103/><W97/><G107/><T67/><D100/><U95/><E40/><V45/><REACH who="2" step="1"/><F14/><REACH who="2" ten="170,308,307,205" step="2"/><W130/><G15/><T43/><D126/><U118/><E0/><V83/><F83/><W117/><G123/><N who="0" m="47147" /><D27/><U58/><E2/><V20/><F20/><W93/><G25/><T110/><D32/><U81/><E81/><V55/><F55/><W16/><G52/><T22/><D22/><U96/><E35/><V47/><F47/><W76/><G121/><T73/><D34/><U69/><E26/><V3/><F3/><W135/><G94/><T51/><D73/><U105/><E105/><V46/><F46/><W56/><G93/><T13/><D13/><U53/><E95/><V38/><F38/><W104/><G39/><T30/><D30/><U49/><E82/><V119/><F119/><W101/><G37/><T127/><D127/><U131/><E54/><V88/><F88/><W64/><G117/><T68/><D43/><U31/><E31/><V74/><F74/><W48/><G104/><T86/><D86/><AGARI ba="0,1" hai="23,24,29,41,45,50,57,59,61,66,70,86,91,92" machi="86" ten="30,5800,0" yaku="1,1,7,1,53,1" doraHai="112" doraHaiUra="19" who="2" fromWho="0" sc="170,-58,308,0,307,68,205,0" /><INIT seed="2,1,0,4,5,130" ten="112,308,375,205" oya="2" hai0="43,19,122,86,31,119,9,90,123,72,125,127,33" hai1="85,18,134,101,59,25,135,120,69,129,70,56,77" hai2="54,16,11,13,108,5,30,97,57,24,128,42,87" hai3="115,103,44,29,67,53,110,35,100,40,116,82,84"/><V81/><F128/><W74/><G116/><T91/><D43/><U126/><E129/><V133/><F108/><W63/><G74/><T76/><D9/><U51/><E101/><V58/><F42/><W99/><G110/><T106/><D19/><U79/><E126/><N who="0" m="48137" /><D33/><U49/><E85/><V55/><F133/><N who="1" m="50697" /><E120/><N who="0" m="46121" /><D106/><U113/><E113/><V37/><F37/><W22/><G35/><T6/><D6/><U75/><E75/><V102/><F5/><W83/><G22/><T109/><D31/><U28/><E18/><V2/><F2/><W17/><G29/><T124/><N who="0" m="48145" /><T104/><DORA hai="26" /><D104/><U12/><E12/><V80/><F80/><W89/><G40/><T34/><D34/><N who="1" m="20751" /><E59/><N who="2" m="22539" /><F102/><W52/><G103/><T15/><D109/><U41/><E41/><V132/><F97/><W105/><G99/><T21/><D119/><U92/><E92/><V45/><F132/><W78/><G105/><T39/><D72/><U71/><E56/><V38/><F87/><W112/><G84/><T46/><D15/><U118/><E118/><V98/><F98/><W88/><G100/><T65/><D86/><U4/><E4/><V20/><F81/><W114/><G83/><T48/><D39/><U131/><E131/><V61/><F38/><W50/><G82/><T64/><D90/><U93/><E93/><V27/><F27/><W0/><G89/><T66/><D91/><U8/><E8/><V3/><F24/><W7/><G88/><T47/><D46/><U1/><E1/><V62/><F11/><N who="3" m="2535" /><G44/><T10/><D10/><U68/><N who="1" m="17408" /><DORA hai="121" /><U117/><E117/><RYUUKYOKU ba="1,0" sc="112,-10,308,30,375,-10,205,-10" hai1="49,51,77,79" /><INIT seed="3,2,0,3,5,86" ten="102,338,365,195" oya="3" hai0="103,67,91,46,9,92,53,116,16,10,126,82,52" hai1="18,78,23,72,119,0,55,66,47,63,81,70,134" hai2="56,12,27,1,73,35,58,31,133,90,110,21,6" hai3="24,38,8,19,104,4,83,102,100,45,26,13,129"/><W77/><G129/><T29/><D126/><U43/><E134/><V30/><F133/><W60/><G104/><T25/><D116/><U124/><E124/><V131/><F73/><W130/><G130/><T20/><D67/><U65/><E119/><V121/><F31/><W76/><G38/><T37/><D37/><U14/><E0/><V36/><F36/><W97/><G45/><T61/><D103/><N who="3" m="39465" /><G97/><T98/><D82/><U69/><E55/><V113/><F113/><W33/><G33/><T80/><D80/><U105/><E105/><V39/><F39/><W135/><G83/><T111/><D111/><U15/><E47/><V93/><F110/><W44/><G44/><T87/><D87/><U62/><REACH who="1" step="1"/><E43/><REACH who="1" ten="102,328,365,195" step="2"/><V88/><F131/><W96/><G135/><T75/><D75/><U120/><E120/><V123/><F1/><W89/><G60/><T117/><D117/><U71/><E71/><V101/><F123/><W54/><G54/><N who="0" m="21099" /><D46/><U59/><E59/><V118/><F121/><W85/><G96/><T128/><D128/><U7/><E7/><V132/><F6/><W115/><G115/><T84/><D61/><U95/><E95/><V99/><F118/><W48/><G4/><T49/><D98/><U109/><E109/><V127/><F127/><W64/><G64/><T51/><D29/><U50/><E50/><AGARI ba="2,1" hai="9,10,16,20,25,49,50,51,84,91,92" m="21099" machi="50" ten="30,7700,0" yaku="8,1,52,1,54,2" doraHai="86" who="0" fromWho="1" sc="102,93,328,-83,365,0,195,0" /><INIT seed="4,0,0,3,0,88" ten="195,245,365,195" oya="0" hai0="24,83,102,70,115,13,30,85,42,12,57,98,108" hai1="99,60,132,50,19,2,0,117,100,6,128,125,17" hai2="124,76,120,67,104,90,84,72,113,51,52,106,63" hai3="49,20,107,129,32,9,40,110,71,94,134,81,22"/><T4/><D115/><U35/><E117/><V14/><F113/><W44/><G32/><T97/><D70/><U25/><E128/><V58/><F120/><W105/><G110/><T68/><D68/><U101/><E132/><V86/><F124/><W62/><G81/><T28/><D42/><U112/><E125/><V43/><F43/><W74/><G74/><T5/><D108/><U122/><E122/><V18/><F84/><W10/><G71/><T123/><D123/><U130/><E130/><V116/><F76/><W15/><G62/><T118/><D118/><U1/><E6/><V11/><F72/><W64/><G64/><T55/><D85/><U103/><E60/><V91/><F91/><W82/><G82/><T21/><D83/><U41/><E112/><V59/><F116/><W93/><G40/><T78/><D98/><U127/><E127/><V114/><F114/><W54/><G15/><N who="0" m="5707" /><D30/><U31/><E99/><V95/><AGARI ba="0,0" hai="11,14,18,51,52,58,59,63,67,86,90,95,104,106" machi="95" ten="20,5200,0" yaku="0,1,7,1,52,1,54,1" doraHai="88" who="2" fromWho="2" sc="195,-26,245,-13,365,52,195,-13" /><INIT seed="5,0,0,2,0,36" ten="169,232,417,182" oya="1" hai0="3,104,62,11,123,125,99,116,61,23,4,132,105" hai1="130,51,38,121,134,24,118,10,35,97,93,124,44" hai2="26,55,78,17,45,64,126,19,6,20,54,114,67" hai3="101,103,96,1,0,70,13,117,72,5,53,63,52"/><U2/><E118/><V40/><F126/><W131/><G72/><T42/><D116/><U98/><E121/><V108/><F108/><W65/><G117/><T80/><D125/><U81/><E124/><V75/><F6/><W15/><G131/><T46/><D132/><U59/><E130/><V7/><F7/><W73/><G73/><T68/><D123/><U31/><E38/><V43/><F75/><W22/><G22/><T71/><D23/><U122/><E122/><V8/><F78/><W112/><G5/><T100/><D80/><U87/><E2/><V113/><F8/><W56/><G112/><N who="2" m="43113" /><F17/><W92/><G103/><T76/><D76/><U91/><E10/><V66/><F43/><W128/><G53/><T127/><D127/><U82/><E134/><V94/><F94/><W21/><G128/><T57/><D105/><U120/><E120/><V115/><F115/><W88/><G101/><T32/><D32/><U58/><E82/><V18/><F18/><W34/><G34/><T106/><D106/><U49/><E81/><V50/><AGARI ba="0,0" hai="19,20,26,40,45,50,54,55,64,66,67" m="43113" machi="50" ten="30,4000,0" yaku="15,1,11,1,52,1" doraHai="36" who="2" fromWho="2" sc="169,-10,232,-20,417,40,182,-10" /><INIT seed="6,0,0,0,5,56" ten="159,212,457,172" oya="2" hai0="2,122,92,67,88,23,91,6,68,14,7,50,20" hai1="87,55,135,126,43,16,49,114,32,12,128,89,27" hai2="10,0,130,81,79,63,80,19,42,66,117,51,52" hai3="102,125,113,62,3,41,39,109,22,116,93,86,59"/><V77/><F117/><W29/><G116/><T46/><D122/><U64/><E114/><V97/><F42/><W99/><G109/><T107/><D107/><U134/><E128/><V5/><F130/><W131/><G3/><T78/><D78/><U65/><E43/><V104/><F19/><W76/><G131/><T15/><D2/><U24/><E126/><V118/><F118/><W72/><G125/><T103/><D68/><U108/><E65/><V38/><F38/><W101/><G101/><T30/><D67/><U17/><E64/><V4/><F4/><N who="0" m="1578" /><D103/><U74/><E17/><V60/><F97/><W133/><G72/><T110/><D110/><U95/><E74/><V54/><F54/><W106/><G106/><T13/><D30/><U83/><E108/><V9/><F9/><W70/><G70/><T124/><D124/><U123/><E123/><V53/><F53/><W98/><G76/><T69/><D69/><U121/><E121/><V100/><F100/><W73/><G73/><T84/><D91/><U35/><E89/><V36/><F36/><W119/><G29/><T1/><D1/><U61/><E135/><V28/><F28/><W11/><G39/><T75/><D75/><U85/><E134/><V40/><F66/><W26/><G102/><T105/><D105/><U82/><E35/><V25/><F104/><W31/><G31/><T47/><D47/><U120/><E32/><V44/><F77/><W21/><G133/><T112/><D112/><U132/><E132/><V58/><F79/><W96/><G113/><T48/><D46/><U8/><E120/><RYUUKYOKU ba="0,0" sc="159,30,212,-10,457,-10,172,-10" hai0="13,14,15,20,23,48,50,84,88,92" /><INIT seed="7,1,0,5,0,9" ten="189,202,447,162" oya="3" hai0="127,23,22,124,133,36,94,33,31,112,109,42,58" hai1="72,27,118,87,132,21,89,29,51,107,90,84,47" hai2="56,39,131,123,135,46,106,48,70,117,128,80,66" hai3="2,79,45,126,82,91,12,76,17,121,3,60,69"/><W103/><G121/><T74/><D74/><U26/><E72/><V100/><F117/><W14/><G103/><T102/><D109/><U81/><E107/><V43/><F135/><W110/><G45/><N who="0" m="23751" /><D133/><U85/><E132/><V134/><F123/><W73/><G79/><T115/><D58/><U28/><E118/><V96/><F80/><W105/><G105/><T113/><D102/><U97/><E97/><V20/><F20/><N who="0" m="7722" /><D94/><U50/><E50/><V40/><F40/><W19/><G110/><T6/><D6/><U24/><E29/><V104/><F104/><W53/><G69/><T15/><D15/><U37/><E37/><V129/><F134/><W8/><G91/><N who="1" m="34826" /><E81/><V10/><F10/><W1/><G60/><T54/><D54/><AGARI ba="1,0" hai="21,24,26,27,28,47,51,54,84,85,87" m="34826" machi="54" ten="30,1000,0" yaku="8,1" doraHai="9" who="1" fromWho="0" sc="189,-13,202,13,447,0,162,0" owari="176,-22.4,215,1.5,447,54.7,162,-33.8" /></mjloggm>