<mjloggm ver="2.3"><GO type="169" lobby="0"/><UN n0="%E3%82%A8%E3%82%B0%E3%83%81%E3%80%81" n1="%E6%A4%BF%E6%9C%AC%E3%82%B5%E3%83%83%E3%82%AB%E3%83%BC%E9%83%A8" n2="%E3%83%A9%E3%82%B9%E3%82%8B%E3%81%8B%E3%81%AA" n3="%6B%72%62" dan="16,16,17,16" rate="2143.45,2139.69,2218.50,2169.22" sx="M,M,M,F"/><TAIKYOKU oya="0"/><INIT seed="0,0,0,2,2,83" ten="250,250,250,250" oya="0" hai0="96,129,132,79,117,22,99,1,101,44,8,61,25" hai1="58,88,123,45,134,27,12,10,52,63,120,111,93" hai2="2,107,37,60,125,14,54,20,106,133,90,38,48" hai3="87,17,66,74,131,34,118,26,128,89,30,77,109"/><T6/><D129/><U124/><E111/><V121/><F2/><W82/><G109/><T126/><D126/><U104/><E124/><V72/><F72/><W18/><G66/><T28/><D132/><U55/><E104/><V73/><F73/><W75/><G75/><T116/><D79/><U23/><E134/><V84/><F60/><W11/><G118/><T67/><D44/><U119/><E119/><V127/><F121/><W24/><G24/><T56/><REACH who="0" step="1"/><D99/><REACH who="0" ten="240,250,250,250" step="2"/><U80/><E123/><V65/><F133/><W97/><G97/><T92/><AGARI ba="0,1" hai="1,6,8,22,25,28,56,61,67,92,96,101,116,117" machi="92" ten="20,24000,3" yaku="1,1,2,1,0,1,7,1,25,2,53,2" doraHai="83" doraHaiUra="115" who="0" fromWho="0" sc="240,250,250,-80,250,-80,250,-80" /><INIT seed="0,1,0,3,4,32" ten="490,170,170,170" oya="0" hai0="64,1,134,132,46,23,57,99,77,19,59,27,15" hai1="33,58,50,4,89,61,21,88,60,16,14,24,44" hai2="48,13,69,43,112,91,41,114,95,20,34,10,79" hai3="111,90,92,100,25,74,108,2,42,125,81,28,104"/><T35/><D77/><U122/><E122/><V30/><F69/><W127/><G42/><T70/><D46/><U109/><E109/><N who="3" m="42058" /><G104/><T120/><D120/><U68/><E68/><V45/><F34/><W117/><G100/><T51/><D99/><U84/><E33/><V62/><F62/><W6/><G117/><T7/><D51/><U31/><E4/><V38/><F79/><N who="3" m="44279" /><G25/><T124/><D124/><U65/><E61/><V135/><F135/><N who="0" m="51754" /><D64/><U123/><E123/><V121/><F121/><W56/><G28/><N who="0" m="19871" /><D70/><U129/><E129/><V131/><F131/><W63/><G63/><T40/><D40/><U72/><E72/><V22/><F41/><W71/><G56/><T8/><AGARI ba="1,0" hai="1,7,8,15,19,23,57,59" m="19871,51754" machi="8" ten="30,6000,0" yaku="24,1,20,1,52,1" doraHai="32" who="0" fromWho="0" sc="490,63,170,-21,170,-21,170,-21" /><INIT seed="0,2,0,2,4,104" ten="553,149,149,149" oya="0" hai0="54,114,112,1,67,65,127,51,7,28,4,94,15" hai1="115,41,105,91,107,128,118,53,40,113,0,80,9" hai2="12,42,45,133,74,116,87,103,25,131,20,73,60" hai3="96,79,134,85,14,109,34,5,126,89,117,78,48"/><T75/><D1/><U83/><E53/><V110/><F110/><W135/><G34/><T86/><D28/><U93/><E0/><V8/><F131/><W33/><G33/><T26/><D26/><U3/><E3/><V122/><F122/><W99/><G117/><T123/><D127/><U55/><E55/><V50/><F133/><N who="3" m="50699" /><G48/><T21/><D75/><U57/><E118/><V71/><F116/><W88/><G109/><T84/><D21/><U77/><E57/><V76/><F103/><W121/><G126/><T125/><D125/><U92/><E128/><V35/><F35/><W129/><G129/><T119/><D54/><U29/><E29/><V130/><F130/><W82/><G14/><T46/><D46/><U6/><E91/><N who="3" m="34890" /><G5/><T63/><D15/><U106/><E6/><N who="2" m="3095" /><F60/><W16/><G16/><T32/><D51/><U111/><E9/><V47/><F47/><W22/><G22/><T70/><D32/><U18/><E18/><N who="2" m="12439" /><F71/><W101/><G121/><T24/><D63/><U43/><E111/><V59/><F59/><W17/><G17/><T68/><D24/><U62/><E62/><V66/><F66/><W108/><G108/><T58/><D58/><U44/><E44/><V81/><AGARI ba="2,0" hai="42,45,50,73,74,76,81,87" m="12439,3095" machi="81" ten="30,4000,0" yaku="25,1,52,2" doraHai="104" who="2" fromWho="2" sc="553,-22,149,-12,149,46,149,-12" /><INIT seed="1,0,0,5,5,3" ten="531,137,195,137" oya="1" hai0="51,30,31,75,38,92,82,105,56,64,104,65,18" hai1="135,88,12,85,79,126,45,72,5,131,44,121,133" hai2="132,127,78,53,125,103,110,46,112,129,134,68,25" hai3="22,47,24,89,124,15,76,52,116,57,41,69,4"/><U111/><E121/><V55/><F103/><W71/><G124/><N who="2" m="47689" /><F78/><W6/><G116/><T61/><D38/><U86/><E126/><V59/><F25/><W58/><G76/><T8/><D75/><U21/><E72/><V117/><F117/><W97/><G58/><T113/><D82/><N who="1" m="47327" /><E131/><V99/><F99/><W87/><G97/><T130/><D31/><U120/><E120/><V50/><F110/><W36/><G69/><T37/><D30/><U34/><E34/><V109/><F109/><W33/><G71/><T67/><D37/><U91/><E91/><V83/><F83/><W94/><G15/><T35/><D35/><U40/><E111/><V23/><F23/><W29/><G33/><T28/><D28/><U0/><E0/><V128/><F68/><W106/><G106/><T115/><D105/><U43/><E43/><V96/><F96/><W74/><G74/><T123/><D104/><U102/><E102/><V42/><F55/><W98/><G98/><T14/><D130/><N who="2" m="50282" /><F112/><W7/><REACH who="3" step="1"/><G7/><REACH who="3" ten="531,137,195,127" step="2"/><T118/><D123/><U107/><E107/><V20/><F20/><W90/><G90/><T2/><D118/><U27/><E88/><V66/><F66/><W13/><G13/><T101/><D67/><U62/><E12/><V11/><F11/><W93/><G93/><T1/><D65/><U10/><E10/><V54/><F59/><W9/><G9/><T119/><D119/><U114/><E114/><V73/><F73/><W32/><G32/><T80/><D115/><U77/><E77/><V39/><F39/><W49/><AGARI ba="0,1" hai="4,6,22,24,29,36,41,47,49,52,57,87,89,94" machi="49" ten="20,12000,2" yaku="1,1,0,1,7,1,52,2,54,1,53,0" doraHai="3" doraHaiUra="108" who="3" fromWho="3" sc="531,-30,137,-60,195,-30,127,130" /><INIT seed="2,0,0,0,0,10" ten="501,77,165,257" oya="2" hai0="51,7,27,102,18,92,105,9,73,74,128,59,26" hai1="50,5,104,88,110,21,56,64,121,117,125,3,129" hai2="53,78,81,24,132,106,127,54,113,91,96,94,100" hai3="19,44,111,99,57,80,25,49,8,46,114,14,67"/><V69/><F69/><W71/><G111/><T116/><D105/><U23/><E110/><V135/><F113/><W28/><G114/><T118/><D128/><U58/><E117/><N who="0" m="45161" /><D51/><U29/><E104/><V107/><F107/><W124/><G124/><T60/><D92/><U122/><E129/><V4/><F127/><W1/><G71/><T95/><D95/><U13/><E125/><V61/><F24/><N who="0" m="9258" /><D18/><U62/><E29/><V120/><F120/><W84/><G99/><T15/><D102/><U11/><E3/><V22/><F22/><N who="1" m="8201" /><E122/><V109/><F109/><W98/><G1/><T85/><D85/><U75/><E75/><N who="2" m="43231" /><F4/><W134/><G98/><T31/><D31/><U68/><E68/><V2/><F2/><W126/><G126/><T89/><D89/><U63/><E121/><V82/><F82/><W16/><G28/><T33/><D33/><U97/><E50/><V76/><F76/><W52/><G67/><AGARI ba="0,0" hai="7,9,15,59,60,67,73,74" m="9258,45161" machi="67" ten="30,2000,0" yaku="12,1,52,1" doraHai="10" who="0" fromWho="3" sc="501,20,77,0,165,0,257,-20" /><INIT seed="3,0,0,5,2,46" ten="521,77,165,237" oya="3" hai0="116,122,27,37,28,50,43,53,121,103,52,114,26" hai1="42,41,16,66,133,95,101,34,68,128,96,129,127" hai2="23,29,15,99,14,112,33,76,135,85,59,24,97" hai3="131,65,25,111,71,75,74,18,119,117,73,22,19"/><W45/><G131/><T100/><D116/><U39/><E34/><V93/><F112/><W3/><G3/><T60/><D114/><U32/><E32/><V87/><F135/><W6/><G6/><T113/><D113/><U11/><E39/><V2/><F2/><W51/><G111/><T86/><D37/><U8/><E133/><V84/><F76/><W110/><G110/><T20/><D43/><U104/><E127/><V123/><F123/><W77/><G65/><T9/><D60/><U54/><E54/><V58/><F33/><W31/><G71/><T89/><D53/><U61/><E95/><V82/><F82/><W106/><G106/><T17/><D122/><U4/><E8/><V124/><F124/><W55/><REACH who="3" step="1"/><G77/><REACH who="3" ten="521,77,165,227" step="2"/><T40/><D121/><U35/><E4/><V21/><F21/><W83/><G83/><T70/><D70/><U126/><E126/><V0/><F0/><W30/><G30/><T7/><D7/><U12/><E35/><V92/><F15/><W49/><G49/><T134/><D134/><U64/><E64/><V109/><F14/><W98/><G98/><T1/><D1/><U91/><E128/><V38/><F109/><W132/><G132/><T62/><D20/><U48/><E129/><V78/><F78/><W120/><G120/><T5/><D5/><U81/><E48/><V125/><F125/><W115/><G115/><T90/><D50/><U80/><E80/><V13/><F13/><W72/><N who="3" m="18432" /><DORA hai="94" /><W44/><G44/><T130/><D130/><U56/><E68/><V105/><F105/><W10/><G10/><RYUUKYOKU ba="0,1" sc="521,-15,77,15,165,-15,227,15" hai1="11,12,16,41,42,56,61,66,81,91,96,101,104" hai3="18,19,22,25,31,45,51,55,117,119" /><INIT seed="3,1,1,1,0,34" ten="506,92,150,242" oya="3" hai0="27,12,69,76,79,94,9,123,0,103,75,64,29" hai1="83,121,66,62,120,109,70,87,81,84,102,117,24" hai2="116,6,134,86,92,132,126,42,80,104,28,105,60" hai3="73,65,113,110,90,106,41,35,91,57,19,40,11"/><W114/><G73/><T48/><D123/><U61/><E109/><V22/><F116/><W44/><G35/><T89/><D103/><U1/><E117/><V98/><F42/><W72/><G72/><T39/><D39/><U107/><E61/><V53/><F6/><W8/><G106/><T45/><D0/><U36/><E36/><V32/><F32/><W3/><G65/><T125/><D64/><U49/><E1/><V119/><F119/><W50/><G110/><T13/><D69/><U16/><E49/><V130/><F130/><W23/><G57/><T15/><D9/><U93/><E107/><V31/><F126/><W30/><G30/><N who="2" m="11305" /><F22/><W88/><G40/><T85/><D125/><U124/><E124/><V46/><F46/><W97/><G97/><T63/><D63/><U59/><E70/><V38/><F38/><W20/><G20/><N who="0" m="15591" /><D75/><U43/><E43/><AGARI ba="1,1" hai="12,13,15,43,45,48,76,79,85,89,94" m="15591" machi="43" ten="30,1000,0" yaku="8,1" doraHai="34" who="0" fromWho="1" sc="506,23,92,-13,150,0,242,0" /><INIT seed="4,0,0,2,3,76" ten="529,79,150,242" oya="0" hai0="33,58,123,31,95,52,6,20,98,116,9,133,124" hai1="61,75,131,55,22,8,68,96,25,134,1,94,111" hai2="86,23,30,90,108,66,16,57,3,92,7,19,59" hai3="89,105,62,32,84,107,118,10,79,106,17,43,54"/><T130/><D33/><U12/><E75/><V5/><F108/><W119/><G32/><T15/><D124/><U100/><E111/><V67/><F30/><W125/><G43/><T27/><D130/><U103/><E131/><V88/><F3/><W26/><G125/><T0/><D133/><U63/><E134/><V44/><F44/><W115/><G115/><T82/><D116/><U45/><E1/><V97/><F59/><W13/><G79/><T34/><D123/><U85/><E68/><V102/><F90/><W49/><G62/><T14/><D34/><U93/><E85/><V78/><F78/><W112/><G26/><T99/><D82/><U47/><E94/><V81/><F19/><W80/><REACH who="3" step="1"/><G112/><REACH who="3" ten="529,79,150,232" step="2"/><T117/><D117/><U109/><E109/><V104/><F104/><W39/><G39/><T83/><D27/><U101/><E101/><V110/><F110/><W18/><G18/><T74/><D31/><N who="1" m="17847" /><E103/><V51/><F5/><W4/><G4/><T53/><D6/><N who="1" m="3095" /><E63/><V2/><F7/><W69/><G69/><T42/><D42/><U73/><E73/><V126/><F126/><W113/><G113/><T36/><D74/><U121/><E121/><V48/><F2/><W132/><G132/><T77/><D36/><U29/><E29/><V38/><F38/><W11/><G11/><T135/><D9/><U41/><E41/><V71/><F71/><W72/><G72/><T50/><D0/><U64/><E64/><V120/><F120/><W28/><G28/><T21/><D135/><U35/><E35/><V24/><F67/><W91/><G91/><RYUUKYOKU ba="0,1" sc="529,-30,79,10,150,10,232,10" hai1="45,47,55,61,93,96,100" hai2="16,23,24,48,51,57,66,81,86,88,92,97,102" hai3="10,13,17,49,54,80,84,89,105,106,107,118,119" /><INIT seed="5,1,1,3,0,31" ten="499,89,160,242" oya="1" hai0="15,94,62,0,96,84,54,87,67,69,59,117,129" hai1="124,47,35,40,73,58,132,93,104,27,20,12,11" hai2="29,128,71,100,111,24,10,134,61,77,23,49,127" hai3="66,131,34,3,109,76,38,51,88,108,56,89,14"/><U133/><E104/><V122/><F122/><W2/><G38/><T8/><D0/><U99/><E73/><V110/><F128/><W123/><G76/><T33/><D33/><U7/><E124/><V121/><F121/><W107/><G107/><T112/><D112/><U70/><E70/><V63/><F127/><W126/><G126/><T120/><D117/><U37/><E58/><V81/><F134/><W44/><G123/><T103/><D129/><U90/><REACH who="1" step="1"/><E35/><REACH who="1" ten="499,79,160,242" step="2"/><V83/><F71/><W91/><G34/><T74/><D74/><U75/><E75/><V113/><F113/><W102/><G131/><T135/><D120/><U36/><E36/><V50/><F111/><W118/><G109/><T6/><D135/><U4/><E4/><V19/><F110/><W82/><G108/><T41/><D41/><U125/><E125/><V28/><F50/><AGARI ba="1,2" hai="6,8,15,50,54,59,62,67,69,84,87,94,96,103" machi="50" ten="30,1000,0" yaku="7,1" doraHai="31" who="0" fromWho="2" sc="499,33,79,0,160,-13,242,0" /><INIT seed="6,0,0,2,4,100" ten="532,79,147,242" oya="2" hai0="104,59,65,130,95,24,87,105,7,16,71,2,83" hai1="133,128,33,38,129,112,0,92,81,98,56,84,48" hai2="37,5,91,54,6,60,20,31,115,109,125,14,108" hai3="67,89,78,97,17,49,79,53,44,11,69,111,46"/><V13/><F37/><W58/><G111/><N who="2" m="42569" /><F91/><W101/><G69/><T88/><D71/><U82/><E38/><V3/><F60/><N who="3" m="38295" /><G101/><T63/><D130/><N who="1" m="50283" /><E33/><V93/><F93/><N who="3" m="56495" /><G44/><T121/><D121/><U43/><E0/><V70/><F70/><W8/><G17/><T90/><D7/><N who="2" m="2570" /><F54/><W40/><G53/><T99/><REACH who="0" step="1"/><D2/><REACH who="0" ten="522,79,147,242" step="2"/><U107/><E133/><V118/><F3/><W18/><G8/><T126/><D126/><U102/><E112/><V36/><F125/><W34/><G34/><T47/><D47/><N who="1" m="25727" /><E56/><V68/><F68/><W32/><G32/><T122/><D122/><U50/><E50/><V26/><F36/><W51/><G51/><T80/><D80/><N who="1" m="30827" /><E84/><V27/><F115/><W94/><G49/><T106/><D106/><AGARI ba="0,1" hai="92,98,102,106,107" m="30827,25727,50283" machi="106" ten="30,3900,0" yaku="19,1,52,2" doraHai="100" who="1" fromWho="0" sc="522,-39,79,49,147,0,242,0" /><INIT seed="7,0,0,5,3,63" ten="483,128,147,242" oya="3" hai0="57,29,115,74,116,17,8,78,72,92,68,5,65" hai1="67,27,71,41,89,109,127,107,126,23,90,83,28" hai2="79,91,59,80,73,0,62,22,36,12,49,31,95" hai3="87,121,76,6,69,110,70,105,24,15,9,119,48"/><W130/><G119/><T129/><D17/><U18/><E107/><V32/><F36/><W96/><G121/><T51/><D57/><U88/><E109/><V38/><F38/><W113/><G110/><T43/><D51/><U125/><E41/><V58/><F0/><W86/><G130/><T33/><D65/><U50/><E50/><V133/><F32/><W84/><G113/><T77/><D78/><U106/><E106/><V101/><F101/><W75/><G75/><T37/><D92/><U11/><E67/><V112/><F133/><W53/><G105/><T123/><D8/><U52/><E52/><V13/><F112/><W19/><G96/><T132/><D29/><U108/><E71/><V100/><F100/><W47/><G70/><T39/><D43/><U2/><E108/><V85/><F49/><W55/><G69/><T21/><D21/><U54/><E54/><V111/><F111/><W14/><G24/><T114/><D77/><U26/><E2/><V104/><F104/><W103/><G103/><T16/><D68/><U45/><E45/><V99/><F73/><W30/><G30/><T4/><D129/><U7/><E7/><V64/><F59/><W1/><G1/><T122/><D33/><N who="1" m="20631" /><E11/><V10/><F10/><N who="3" m="4439" /><G55/><T66/><D116/><U117/><E117/><V82/><F82/><AGARI ba="0,0" hai="9,15,19,47,48,53,76,82,84,86,87" m="4439" machi="82" ten="30,1500,0" yaku="8,1" doraHai="63" who="3" fromWho="2" sc="483,0,128,0,147,-15,242,15" /><AGARI ba="0,0" hai="18,23,27,82,83,88,89,90,125,126,127" m="20631" machi="82" ten="40,2600,0" yaku="18,1,54,1" doraHai="63" who="1" fromWho="2" sc="483,0,128,26,132,-26,257,0" /><INIT seed="7,1,0,1,1,120" ten="483,154,106,257" oya="3" hai0="69,62,124,86,58,125,10,126,70,35,64,132,122" hai1="84,93,61,41,106,79,27,92,11,49,73,26,55" hai2="19,36,65,114,100,13,51,102,25,24,101,47,115" hai3="81,74,103,4,67,87,131,77,75,60,44,107,123"/><W2/><G123/><T94/><D122/><U45/><E106/><V38/><F65/><W54/><G131/><T82/><D132/><U32/><E73/><V9/><F25/><N who="1" m="9225" /><E32/><V68/><F68/><N who="0" m="26218" /><D35/><U96/><E11/><V37/><REACH who="2" step="1"/><F24/><REACH who="2" ten="483,154,96,257" step="2"/><W50/><G67/><T30/><D125/><U88/><E61/><V52/><AGARI ba="1,1" hai="9,13,19,36,37,38,47,51,52,100,101,102,114,115" machi="52" ten="40,8000,1" yaku="1,1,2,1,0,1,54,1,53,1" doraHai="120" doraHaiUra="14" who="2" fromWho="2" sc="483,-21,154,-21,96,93,257,-41" owari="462,56.2,133,-36.7,189,-21.1,216,1.6" /></mjloggm>