<mjloggm ver="2.3"><GO type="169" lobby="0"/><UN n0="%E7%9C%9F%E3%81%AE%E9%9B%80%E5%A3%AB%E3%81%86%E3%81%BE%E3%81%9F%E3%82%93" n1="%53%65%72%69%61" n2="%E6%96%90%E6%B5%85" n3="%6D%79%6D%65%6C%6F%58%58" dan="17,16,16,16" rate="2131.07,2120.31,2081.79,2107.98" sx="M,M,M,F"/><TAIKYOKU oya="0"/><INIT seed="0,0,0,3,1,8" ten="250,250,250,250" oya="0" hai0="49,57,126,129,14,75,9,41,101,90,94,51,47" hai1="133,85,22,106,114,130,112,84,97,70,62,15,4" hai2="7,24,105,18,1,26,89,86,20,45,16,13,39" hai3="124,72,3,104,96,127,40,48,91,81,119,10,27"/><T25/><D126/><N who="3" m="48169" /><G27/><T60/><D129/><U38/><E38/><V23/><F105/><W92/><G119/><T30/><D75/><U36/><E36/><V115/><F115/><N who="1" m="44073" /><E130/><V44/><F7/><N who="3" m="1407" /><G104/><T5/><D101/><N who="1" m="62767" /><E133/><V6/><F1/><W95/><G95/><T77/><D77/><U28/><E4/><V74/><F74/><W98/><G72/><T33/><D49/><U120/><E120/><V66/><F66/><W29/><G29/><T53/><D94/><U61/><E28/><N who="2" m="17415" /><F6/><W52/><G81/><T121/><REACH who="0" step="1"/><D90/><REACH who="0" ten="240,250,250,250" step="2"/><U65/><E62/><V63/><F63/><W46/><G98/><T93/><D93/><U111/><E111/><V76/><F39/><W107/><G107/><T131/><D131/><U67/><E67/><V68/><F76/><W21/><G21/><T78/><D78/><U135/><E135/><V71/><F89/><W103/><G91/><T113/><D113/><U82/><E82/><V50/><F50/><W125/><G125/><T134/><D134/><U87/><E87/><V88/><F86/><W12/><G40/><T80/><D80/><U42/><E42/><V32/><F88/><W69/><G69/><T117/><D117/><U79/><E79/><V64/><F71/><W110/><G110/><T2/><D2/><U11/><E85/><V122/><F68/><W35/><G35/><T0/><D0/><U37/><E84/><V54/><F32/><W58/><G46/><T116/><D116/><U108/><E108/><V102/><F45/><W59/><G59/><T43/><D43/><U56/><E70/><V83/><F83/><RYUUKYOKU ba="0,1" sc="240,15,250,-15,250,-15,250,15" hai0="5,9,14,25,30,33,41,47,51,53,57,60,121" hai3="12,48,52,58,92,96,103" /><INIT seed="0,1,1,4,1,49" ten="255,235,235,265" oya="0" hai0="104,17,21,22,30,38,32,54,46,16,126,94,25" hai1="31,48,129,135,79,43,80,61,107,3,91,101,117" hai2="120,7,20,97,125,14,108,36,133,50,45,119,102" hai3="9,75,132,127,66,40,42,69,12,56,84,114,41"/><T47/><D104/><U11/><E117/><V86/><F120/><W71/><G75/><T85/><D126/><U55/><E129/><V52/><F125/><W124/><G114/><T68/><D68/><U0/><E135/><V10/><F133/><W81/><G132/><T58/><D32/><U99/><E31/><V76/><F108/><W90/><G71/><T82/><D38/><U51/><E61/><V74/><F74/><W4/><REACH who="3" step="1"/><G69/><REACH who="3" ten="255,235,235,255" step="2"/><T128/><D128/><U8/><E3/><V116/><F116/><W77/><G77/><N who="0" m="46287" /><D94/><U98/><E0/><V118/><F119/><W1/><G1/><T100/><D100/><U92/><E43/><V44/><F118/><W110/><G110/><T23/><D30/><U15/><E79/><V24/><F76/><W34/><G34/><T26/><D23/><U2/><E2/><V109/><F109/><W89/><G89/><T27/><D27/><U62/><E91/><V60/><F24/><W18/><G18/><T72/><D72/><U105/><E101/><V88/><F20/><W53/><G53/><T95/><D95/><U73/><E73/><V57/><F102/><W33/><G33/><T106/><D106/><U5/><E105/><V131/><F52/><W115/><G115/><T35/><D35/><U121/><E55/><V39/><F131/><W93/><G93/><T78/><D78/><U28/><E92/><V65/><F88/><W29/><G29/><T87/><D87/><U122/><E28/><V83/><F86/><W103/><G103/><T130/><D130/><U113/><E113/><V63/><F83/><RYUUKYOKU ba="1,2" sc="255,15,235,-15,235,-15,255,15" hai0="16,17,21,22,25,26,46,47,54,58" hai3="4,9,12,40,41,42,56,66,81,84,90,124,127" /><INIT seed="0,2,2,5,3,71" ten="270,220,220,270" oya="0" hai0="95,54,100,0,59,92,86,104,132,19,28,105,13" hai1="114,50,21,120,63,66,29,12,57,128,39,83,91" hai2="70,24,37,82,102,56,74,109,53,107,22,9,36" hai3="77,122,126,96,111,52,110,11,75,130,25,123,49"/><T65/><D0/><U2/><E120/><N who="3" m="46122" /><G126/><T35/><D65/><U93/><E2/><V73/><F70/><W135/><G135/><T4/><D4/><U103/><E128/><V88/><F109/><N who="3" m="41483" /><G130/><T23/><D132/><U3/><E3/><V7/><F102/><W90/><G11/><T46/><D46/><U64/><E39/><V134/><F107/><W5/><G5/><T26/><D95/><U98/><E114/><V60/><F134/><W42/><G42/><T106/><D100/><U47/><E66/><V38/><F9/><W81/><G25/><T72/><D72/><U129/><E129/><V33/><F7/><W32/><G90/><N who="0" m="53335" /><D106/><U118/><E118/><V34/><F74/><W127/><G127/><T84/><D84/><N who="1" m="50591" /><E12/><V117/><F117/><W69/><G69/><T124/><D124/><U40/><E21/><V41/><F41/><W17/><G96/><T79/><D79/><U101/><E101/><V87/><REACH who="2" step="1"/><F73/><REACH who="2" ten="270,220,210,270" step="2"/><W121/><G121/><T108/><D108/><U15/><E103/><V61/><F61/><W16/><G32/><T55/><D105/><U99/><E40/><V58/><F58/><AGARI ba="2,3" hai="16,17,49,52,58,75,77,81" m="41483,46122" machi="58" ten="30,7700,0" yaku="13,1,14,1,54,2" doraHai="71" who="3" fromWho="2" sc="270,0,220,0,210,-83,270,113" /><INIT seed="1,0,0,3,0,19" ten="270,220,127,383" oya="1" hai0="75,103,41,128,102,95,13,108,104,111,83,80,38" hai1="123,5,97,117,31,67,99,133,69,127,33,51,92" hai2="25,76,105,120,20,71,61,42,81,89,44,56,63" hai3="113,110,14,66,36,6,48,106,50,93,11,84,78"/><U4/><E117/><V62/><F105/><W64/><G106/><T109/><D38/><U94/><E123/><V70/><F89/><W29/><G36/><T8/><D41/><U100/><E133/><V98/><F98/><W112/><G110/><T65/><D104/><U10/><E127/><V39/><F56/><W126/><G126/><T18/><D128/><U119/><E119/><V129/><F129/><W85/><G29/><T27/><D65/><U15/><E51/><V131/><F131/><W54/><G50/><T34/><D95/><U121/><E121/><V114/><F114/><W28/><G28/><N who="0" m="19743" /><D75/><U116/><E116/><V22/><F120/><W9/><G9/><T30/><D30/><U1/><E31/><V122/><F122/><W2/><G2/><T21/><D8/><U58/><E33/><V16/><REACH who="2" step="1"/><F22/><REACH who="2" ten="270,220,117,383" step="2"/><W40/><G113/><T91/><D91/><N who="1" m="55455" /><E69/><V46/><F46/><W72/><G112/><T0/><D108/><U47/><E47/><V86/><AGARI ba="0,1" hai="16,20,25,39,42,44,61,62,63,70,71,76,81,86" machi="86" ten="30,7900,0" yaku="1,1,0,1,52,1,54,1,53,0" doraHai="19" doraHaiUra="55" who="2" fromWho="2" sc="270,-20,220,-39,117,89,383,-20" /><INIT seed="2,0,0,2,5,101" ten="250,181,206,363" oya="2" hai0="117,85,26,30,7,71,48,121,68,13,14,95,74" hai1="78,27,39,82,56,1,3,50,66,86,55,96,52" hai2="104,28,53,16,129,34,61,23,70,51,60,44,73" hai3="76,89,97,58,18,43,21,107,32,109,98,122,99"/><V118/><F118/><W84/><G122/><T80/><D117/><U116/><E116/><V131/><F73/><W59/><G32/><T15/><D121/><U19/><E39/><V72/><F72/><W12/><G107/><T69/><D74/><U2/><E66/><V88/><F70/><W17/><G109/><T112/><D112/><U105/><E55/><V31/><F104/><W63/><G43/><T133/><D133/><U110/><E110/><V115/><F115/><W49/><G49/><T38/><D95/><U57/><E57/><V22/><F22/><W35/><G35/><T128/><D128/><N who="2" m="49226" /><F88/><W25/><G76/><T77/><D38/><U135/><E135/><V111/><F111/><W120/><G63/><N who="2" m="24137" /><F34/><W47/><G120/><T79/><D48/><U91/><E91/><V102/><F102/><W83/><G47/><T124/><D79/><U90/><E90/><V9/><F9/><AGARI ba="0,0" hai="9,12,17,18,21,25,58,59,83,84,89,97,98,99" machi="9" ten="40,1300,0" yaku="8,1" doraHai="101" who="3" fromWho="2" sc="250,0,181,0,206,-13,363,13" /><INIT seed="3,0,0,5,0,106" ten="250,181,193,376" oya="3" hai0="11,45,77,29,91,36,89,69,31,71,8,4,58" hai1="103,90,40,131,118,24,10,23,68,64,83,116,19" hai2="67,34,38,88,37,121,39,82,43,44,51,17,113" hai3="125,49,85,46,101,108,16,72,65,62,94,100,6"/><W53/><G125/><T25/><D77/><U107/><E131/><V50/><F113/><W74/><G6/><T79/><D79/><U124/><E124/><V135/><F34/><W63/><G108/><T120/><D58/><U86/><E40/><V128/><F121/><W14/><G63/><T59/><D59/><U70/><E10/><V80/><F135/><W61/><G61/><T60/><D60/><U33/><E64/><V109/><F109/><W87/><G85/><T98/><D98/><N who="1" m="61943" /><E33/><V2/><F2/><W105/><G105/><T12/><D120/><U133/><E133/><V9/><F67/><W28/><G28/><T129/><D31/><U99/><E99/><V111/><F111/><W104/><G104/><T21/><D129/><U48/><E48/><V54/><F128/><W5/><G5/><T95/><D8/><U134/><E134/><V123/><F123/><W15/><G15/><T93/><D36/><U126/><E126/><V20/><F9/><N who="3" m="6223" /><G101/><T96/><REACH who="0" step="1"/><D45/><REACH who="0" ten="240,181,193,376" step="2"/><U56/><E56/><N who="2" m="32855" /><F39/><W119/><G100/><T92/><D92/><U47/><E47/><V26/><F38/><W84/><G94/><T32/><D32/><U3/><E3/><V22/><F37/><W122/><G122/><T57/><D57/><U75/><E75/><V66/><F66/><W114/><G74/><T73/><D73/><U42/><E70/><V112/><F22/><W41/><G72/><T1/><D1/><U110/><E68/><V102/><F102/><W35/><G35/><T81/><D81/><N who="2" m="31338" /><F88/><W0/><G0/><T132/><D132/><U52/><E110/><RYUUKYOKU ba="0,1" sc="240,15,181,-15,193,15,376,-15" hai0="4,11,12,21,25,29,69,71,89,91,93,95,96" hai2="17,20,26,43,44,51,112" /><INIT seed="4,1,1,5,4,128" ten="255,166,208,361" oya="0" hai0="48,8,132,101,131,119,73,25,99,133,106,4,32" hai1="89,72,77,23,80,3,45,108,71,17,82,135,88" hai2="81,13,67,9,30,16,29,121,111,95,63,49,43" hai3="86,85,55,94,79,57,134,60,51,91,74,75,76"/><T20/><D119/><U66/><E108/><V12/><F111/><W112/><G112/><T65/><D131/><U11/><E135/><N who="0" m="51785" /><D73/><U64/><E45/><N who="2" m="25791" /><F121/><W38/><G38/><T110/><D110/><U127/><E127/><V90/><F81/><W52/><G134/><T118/><D118/><U113/><E113/><V122/><F122/><W69/><G69/><T104/><D65/><U59/><E71/><V54/><F67/><W56/><G75/><T36/><D36/><U18/><E59/><N who="2" m="35319" /><F13/><W130/><G74/><T28/><D48/><U24/><E89/><V125/><F125/><W105/><G105/><N who="0" m="63679" /><D32/><U61/><E61/><V116/><F116/><W6/><G130/><T115/><D115/><U2/><E2/><AGARI ba="1,1" hai="2,4,8,20,25,28,104,106" m="63679,51785" machi="2" ten="30,11600,0" yaku="20,1,52,3" doraHai="128" who="0" fromWho="1" sc="255,129,166,-119,208,0,361,0" /><INIT seed="4,2,0,0,0,97" ten="384,47,208,361" oya="0" hai0="78,20,65,88,77,134,64,135,100,49,2,31,51" hai1="7,46,67,73,33,32,69,63,128,132,61,80,94" hai2="125,59,121,99,6,83,9,102,104,15,122,22,120" hai3="89,47,44,119,107,60,126,11,13,28,92,3,62"/><T12/><D2/><U113/><E128/><V75/><F125/><W5/><G119/><T127/><D127/><U96/><E113/><V29/><F59/><W55/><G107/><T103/><D88/><U19/><E132/><V90/><F29/><W43/><G126/><T24/><D12/><U108/><E108/><V21/><F90/><W131/><G131/><T41/><D41/><U79/><E7/><V118/><F118/><W82/><G28/><T71/><D71/><U98/><E19/><V58/><F58/><W115/><G82/><T114/><D114/><U116/><E116/><V42/><F42/><W110/><G110/><T34/><D34/><U129/><E129/><V74/><REACH who="2" step="1"/><F83/><REACH who="2" ten="384,47,198,361" step="2"/><W85/><G115/><T45/><D135/><U86/><E63/><V14/><F14/><W91/><G3/><T133/><D134/><U39/><E46/><V112/><F112/><W36/><G47/><T76/><D133/><U124/><E124/><V106/><F106/><W123/><G123/><T81/><D81/><U1/><E1/><V30/><F30/><W109/><G109/><T70/><D70/><U111/><E111/><V95/><F95/><W68/><G68/><T117/><D117/><U37/><E33/><V56/><F56/><N who="3" m="34847" /><G91/><T40/><REACH who="0" step="1"/><D51/><REACH who="0" ten="374,47,198,361" step="2"/><U18/><E39/><V87/><F87/><W35/><G35/><T130/><D130/><U26/><E37/><V8/><F8/><W17/><G62/><T25/><D25/><U72/><E32/><V10/><F10/><W54/><G5/><T23/><D23/><AGARI ba="2,2" hai="6,9,15,21,22,23,74,75,99,102,104,120,121,122" machi="23" ten="40,2600,0" yaku="1,1,52,1,53,0" doraHai="97" doraHaiUra="50" who="2" fromWho="0" sc="374,-32,47,0,198,52,361,0" /><INIT seed="5,0,0,4,1,29" ten="342,47,250,361" oya="1" hai0="39,9,129,121,126,19,115,24,86,17,34,45,55" hai1="64,99,132,33,135,14,50,52,92,57,102,27,28" hai2="47,65,75,93,60,51,125,26,21,118,101,78,69" hai3="81,114,79,109,11,134,72,32,15,120,4,122,87"/><U67/><REACH who="1" step="1"/><E14/><REACH who="1" ten="342,37,250,361" step="2"/><V83/><F118/><W113/><G15/><T110/><D121/><U22/><E22/><V2/><F2/><W42/><G122/><T124/><D124/><U41/><E41/><V131/><F125/><W7/><G42/><T97/><D126/><U0/><E0/><V82/><F131/><W77/><G120/><T16/><D129/><U95/><E95/><V90/><F93/><W54/><G114/><T31/><D115/><U37/><E37/><V112/><F112/><W94/><G113/><T5/><D39/><U133/><AGARI ba="0,1" hai="27,28,33,50,52,57,64,67,92,99,102,132,133,135" machi="133" ten="30,18000,2" yaku="21,2,0,1,20,1,52,1,54,1,53,1" doraHai="29" doraHaiUra="48" who="1" fromWho="1" sc="342,-60,37,190,250,-60,361,-60" /><INIT seed="5,1,0,4,3,74" ten="282,227,190,301" oya="1" hai0="21,15,86,1,64,66,18,109,46,25,108,4,49" hai1="135,81,48,95,78,102,71,114,115,94,24,103,91" hai2="27,16,32,99,128,13,122,129,82,88,40,54,23" hai3="58,6,28,89,36,133,87,55,11,98,124,68,37"/><U17/><E71/><V3/><F122/><W35/><G68/><T38/><D38/><U92/><E48/><V33/><F3/><W105/><G124/><T19/><D109/><U70/><E70/><V56/><F40/><W41/><G133/><T77/><D108/><U97/><E17/><V132/><F132/><W10/><G35/><T45/><D1/><U9/><E9/><V14/><F33/><W8/><G28/><T62/><D4/><U51/><E51/><V112/><F112/><N who="1" m="43049" /><E24/><V2/><F2/><W60/><G6/><T84/><D49/><U22/><E22/><V39/><F39/><W47/><G37/><T100/><D62/><U34/><E34/><V130/><F32/><W43/><G43/><T61/><D61/><U75/><E135/><V65/><F65/><W113/><G113/><T121/><D25/><U111/><E111/><V104/><F104/><W63/><G63/><T125/><D21/><U7/><E7/><V90/><F82/><W44/><G44/><T123/><D15/><N who="2" m="5642" /><F99/><W85/><G105/><T73/><D64/><U126/><E126/><V69/><F69/><W42/><G42/><T117/><D66/><U119/><E119/><V80/><F80/><W118/><G118/><T79/><D117/><U107/><E103/><V131/><N who="2" m="32768" /><DORA hai="31" /><V57/><F57/><W110/><G110/><T50/><D125/><U29/><E29/><V0/><F0/><W134/><G134/><T30/><D30/><U26/><E26/><V93/><F93/><N who="3" m="56623" /><G36/><T12/><D12/><U76/><E75/><V120/><F120/><W52/><G41/><RYUUKYOKU ba="1,0" sc="282,-30,227,10,190,10,301,10" hai1="76,78,81,91,92,94,95,97,102,107" hai2="16,23,27,54,56,88,90" hai3="8,10,11,47,52,55,58,60,85,87" /><INIT seed="5,2,0,1,4,13" ten="252,237,200,311" oya="1" hai0="131,73,114,109,53,100,122,51,5,24,80,101,88" hai1="22,12,26,105,44,25,66,57,58,83,23,30,72" hai2="104,60,116,106,38,54,21,92,77,41,110,132,43" hai3="7,78,126,17,36,65,112,70,32,49,19,76,62"/><U59/><E105/><V11/><F116/><W55/><G32/><T39/><D109/><U31/><E12/><V14/><F110/><W98/><G7/><T111/><D111/><U27/><E44/><V1/><F1/><W16/><G112/><T108/><D39/><U113/><E113/><V67/><F38/><W94/><G36/><T37/><D37/><U50/><E50/><V81/><F54/><W71/><G71/><T119/><D122/><U99/><E99/><V135/><F92/><W95/><G95/><T82/><D73/><U97/><E97/><V45/><F21/><W46/><REACH who="3" step="1"/><G126/><REACH who="3" ten="252,237,200,301" step="2"/><T123/><D114/><U48/><E83/><V4/><F104/><W74/><G74/><T3/><D108/><U118/><E72/><V107/><F106/><W56/><G56/><T34/><D34/><U8/><E118/><V35/><F35/><W68/><G68/><T64/><D119/><U120/><E48/><V28/><F107/><W33/><G33/><T69/><D69/><U61/><E120/><V124/><F124/><W130/><G130/><T91/><D131/><U18/><E8/><V0/><F81/><W6/><G6/><T63/><D123/><U90/><E61/><V85/><F60/><W115/><G115/><T9/><D63/><U42/><E59/><V40/><F4/><W93/><G93/><T103/><D5/><U96/><E58/><V52/><F0/><W89/><AGARI ba="2,1" hai="16,17,19,46,49,55,62,65,70,76,78,89,94,98" machi="89" ten="30,12000,2" yaku="1,1,0,1,52,3,54,1,53,0" doraHai="13" doraHaiUra="129" who="3" fromWho="3" sc="252,-32,237,-62,200,-32,301,136" /><INIT seed="6,0,0,1,4,101" ten="220,175,168,437" oya="2" hai0="100,115,76,15,31,85,25,32,109,33,10,39,9" hai1="72,13,35,127,62,128,96,112,75,34,90,103,116" hai2="135,91,104,63,23,24,87,44,61,86,114,82,64" hai3="20,92,49,97,110,89,81,73,48,108,18,79,36"/><V60/><F114/><W42/><G36/><T50/><D39/><U106/><E116/><V1/><F1/><W28/><G28/><T78/><D109/><U51/><E112/><V84/><F104/><W52/><G48/><T77/><D115/><U123/><E128/><V65/><F44/><W111/><G42/><T29/><D100/><U47/><E127/><V16/><F135/><W6/><G6/><T71/><D71/><U113/><E113/><V58/><REACH who="2" step="1"/><F63/><REACH who="2" ten="220,175,158,437" step="2"/><W124/><G110/><T105/><D105/><U66/><E123/><V95/><F95/><W133/><G133/><T45/><D45/><U21/><E35/><V125/><F125/><W22/><G124/><T41/><D33/><U88/><E34/><V40/><F40/><W14/><G20/><T117/><D41/><U98/><E47/><AGARI ba="0,1" hai="14,18,22,47,49,52,73,79,81,89,92,97,108,111" machi="47" ten="30,2000,0" yaku="7,1,54,1" doraHai="101" who="3" fromWho="1" sc="220,0,175,-20,158,0,437,30" /><INIT seed="7,0,0,4,1,133" ten="220,155,158,467" oya="3" hai0="3,48,0,35,49,83,105,95,4,52,100,71,43" hai1="96,36,106,18,116,134,94,41,60,65,121,67,39" hai2="6,80,40,128,70,78,98,74,79,102,115,85,26" hai3="32,113,38,84,77,122,135,73,44,125,50,1,68"/><W64/><RYUUKYOKU type="yao9" ba="0,0" sc="220,0,155,0,158,0,467,0" hai3="1,32,38,44,50,64,68,73,77,84,113,122,125,135" /><INIT seed="7,1,0,3,5,70" ten="220,155,158,467" oya="3" hai0="132,71,60,85,73,91,92,20,74,128,28,44,15" hai1="40,112,55,107,65,84,13,24,99,124,79,78,56" hai2="121,72,49,53,69,86,123,33,104,21,127,32,106" hai3="50,22,130,135,16,64,81,9,103,120,68,101,1"/><W134/><G120/><N who="2" m="46153" /><F72/><W131/><G81/><T11/><D128/><N who="3" m="49193" /><G50/><T109/><D132/><N who="3" m="50729" /><G64/><T61/><D61/><U19/><E124/><V63/><F127/><W113/><G113/><T7/><D60/><N who="1" m="38023" /><E112/><V58/><F21/><W47/><G68/><T59/><D71/><U98/><E107/><N who="2" m="41003" /><F86/><W3/><G47/><T14/><D44/><U133/><E133/><V35/><F69/><W6/><G3/><T66/><D73/><U39/><E39/><V54/><F49/><W23/><G23/><T108/><D20/><N who="1" m="13343" /><E40/><V48/><F48/><W25/><AGARI ba="1,0" hai="1,6,9,16,22,25,101,103" m="50729,49193" machi="25" ten="30,6000,0" yaku="19,1,20,1,54,1" doraHai="70" who="3" fromWho="3" sc="220,-21,155,-21,158,-21,467,63" owari="199,-0.1,134,-36.6,137,-26.3,530,63.0" /></mjloggm>