<mjloggm ver="2.3"><GO type="169" lobby="0"/><UN n0="%6B%69%6D%38" n1="%E6%98%8E%E6%98%9F%E5%B8%82%E6%B0%91" n2="%53%E6%9C%A8" n3="%E6%BC%AB%E6%89%8D%E9%BA%BB%E5%B0%86%E5%91%86%E5%91%86" dan="19,17,17,16" rate="2300.96,2211.60,2182.51,2028.66" sx="M,M,M,F"/><TAIKYOKU oya="0"/><INIT seed="0,0,0,1,2,14" ten="250,250,250,250" oya="0" hai0="101,79,72,6,39,118,23,32,75,111,36,117,12" hai1="43,41,31,120,46,90,28,27,104,13,132,123,116" hai2="113,26,4,38,34,56,76,119,62,102,115,89,99" hai3="64,65,134,124,59,18,95,105,17,5,131,42,122"/><T84/><D32/><U88/><E132/><V71/><F38/><W33/><G105/><T82/><D111/><U121/><E104/><V3/><F119/><W96/><G134/><T55/><D39/><U66/><E116/><V133/><F89/><W94/><G33/><T52/><D36/><U74/><E74/><V47/><F47/><W24/><G124/><T127/><D127/><U54/><E66/><V107/><F76/><W112/><G112/><T15/><D101/><U49/><E13/><V29/><F56/><W98/><G131/><T125/><D125/><U97/><E31/><V63/><F63/><N who="3" m="38015" /><G42/><T86/><D79/><U30/><E30/><V58/><F58/><W92/><G122/><T35/><D23/><U51/><E41/><V0/><F133/><W130/><G5/><T44/><D35/><U100/><E100/><V53/><F53/><W83/><G130/><T91/><D91/><U9/><E9/><N who="2" m="2183" /><F3/><W19/><G83/><T110/><D6/><U61/><E61/><V129/><F129/><W128/><G65/><AGARI ba="0,0" hai="26,29,34,62,65,71,99,102,107,113,115" m="2183" machi="65" ten="30,2000,0" yaku="25,1,23,1" doraHai="14" who="2" fromWho="3" sc="250,0,250,0,250,20,250,-20" /><INIT seed="1,0,0,1,0,59" ten="250,250,270,230" oya="1" hai0="105,27,115,17,43,21,48,96,53,91,126,113,9" hai1="36,41,116,65,66,33,81,19,5,129,85,47,86" hai2="15,25,69,60,6,130,20,97,98,31,133,52,45" hai3="26,40,1,131,8,56,16,7,18,112,54,71,73"/><U70/><E129/><V135/><F130/><W23/><G71/><T2/><D126/><U22/><E33/><V57/><F69/><W55/><G112/><T13/><D2/><U64/><E5/><V132/><REACH who="2" step="1"/><F45/><REACH who="2" ten="250,250,260,230" step="2"/><W122/><G131/><T82/><D115/><U89/><E116/><V117/><F117/><W63/><G122/><T118/><D113/><U72/><E72/><V124/><F124/><W107/><G73/><T67/><D118/><U51/><E36/><V109/><F109/><W128/><G128/><T50/><D50/><U121/><E121/><V94/><F94/><W101/><G107/><T114/><D105/><U90/><E70/><V28/><F28/><W102/><G40/><T100/><D43/><U78/><REACH who="1" step="1"/><E85/><REACH who="1" ten="250,240,260,230" step="2"/><V75/><F75/><W76/><G18/><T46/><D17/><U87/><E87/><V77/><F77/><W74/><G76/><T79/><D79/><U12/><AGARI ba="0,2" hai="12,19,22,41,47,51,64,65,66,78,81,86,89,90" machi="12" ten="30,6000,0" yaku="1,1,0,1,8,1,53,0" doraHai="59" doraHaiUra="127" who="1" fromWho="1" sc="250,-20,240,80,260,-20,230,-20" /><INIT seed="1,1,0,1,1,110" ten="230,320,240,210" oya="1" hai0="40,76,51,53,10,13,92,83,9,100,126,106,30" hai1="60,131,36,19,50,41,49,61,20,133,97,79,132" hai2="54,77,124,68,11,129,39,102,125,87,5,52,117" hai3="120,95,8,6,43,2,70,84,134,62,72,44,74"/><U93/><E79/><V96/><F117/><W3/><G120/><T58/><D126/><N who="2" m="48746" /><F68/><W22/><G134/><N who="1" m="51818" /><E36/><V15/><F39/><W64/><G2/><T21/><D106/><U115/><E115/><V16/><F129/><W29/><G84/><T128/><D128/><U88/><E131/><V24/><F87/><W7/><G95/><T57/><D40/><U59/><E41/><V109/><F77/><W31/><G7/><T101/><D58/><U25/><E61/><V48/><F48/><W45/><G45/><T130/><D130/><U33/><E33/><V34/><F109/><W73/><REACH who="3" step="1"/><G22/><REACH who="3" ten="230,320,240,200" step="2"/><T67/><D92/><U82/><E82/><V32/><F32/><W75/><N who="3" m="18432" /><DORA hai="28" /><W38/><AGARI ba="1,1" hai="3,6,8,29,31,38,43,44,62,64,70" m="18432" machi="38" ten="60,8000,1" yaku="1,1,4,1,0,1,53,1" doraHai="110,28" doraHaiUra="12,69" who="3" fromWho="3" sc="230,-21,320,-41,240,-21,200,93" /><INIT seed="2,0,0,1,0,128" ten="209,279,219,293" oya="2" hai0="9,96,65,58,121,28,22,71,4,12,135,15,38" hai1="97,44,70,79,63,133,39,100,14,111,20,132,92" hai2="52,86,124,117,18,88,51,101,30,49,95,116,11" hai3="23,127,120,115,81,25,84,103,89,114,19,34,36"/><V130/><F130/><W31/><G120/><T110/><D121/><U62/><E111/><V1/><F124/><W46/><G127/><T90/><D38/><U61/><E79/><V129/><F129/><W29/><G103/><T106/><D110/><U122/><E122/><V87/><F49/><W53/><G36/><T118/><D71/><U76/><E76/><V113/><F113/><N who="3" m="43019" /><G34/><T83/><D106/><U6/><E70/><V104/><F30/><W112/><G112/><T45/><D45/><U98/><E98/><V67/><F67/><W0/><G0/><T85/><D118/><U123/><E123/><V3/><F3/><W37/><G53/><T109/><D109/><U69/><E69/><V80/><F104/><W55/><G55/><T108/><D96/><U94/><E94/><V2/><F2/><W66/><G66/><T78/><D108/><U35/><E35/><V74/><F74/><W93/><G93/><T50/><D50/><U47/><E39/><V77/><F101/><W21/><G23/><T126/><D126/><U105/><E105/><V40/><F40/><AGARI ba="0,0" hai="19,21,25,29,31,37,40,46,81,84,89" m="43019" machi="40" ten="30,1000,0" yaku="11,1" doraHai="128" who="3" fromWho="2" sc="209,0,279,0,219,-10,293,10" /><INIT seed="3,0,0,1,5,132" ten="209,279,209,303" oya="3" hai0="81,36,39,28,97,84,65,128,12,87,49,61,121" hai1="126,131,125,94,18,108,19,0,35,119,41,100,78" hai2="80,75,115,42,27,85,91,64,109,7,135,57,90" hai3="55,10,105,14,46,124,117,116,43,96,106,103,50"/><W86/><G105/><T77/><D121/><U13/><E108/><V102/><F109/><W92/><G124/><N who="1" m="47722" /><E131/><V70/><F57/><W69/><G69/><T37/><D128/><U24/><E0/><V53/><F53/><W101/><G101/><T11/><D97/><N who="1" m="59447" /><E119/><V120/><F102/><W56/><G86/><T34/><D87/><U21/><E41/><V16/><F42/><W9/><G106/><T48/><D28/><N who="1" m="19847" /><E18/><V40/><F16/><W123/><G123/><T59/><D34/><U113/><E78/><V51/><F40/><W25/><G25/><T29/><D29/><U20/><E113/><V118/><F115/><W63/><REACH who="3" step="1"/><G10/><AGARI ba="0,0" hai="10,13,19,20,21" m="19847,59447,47722" machi="10" ten="30,7700,0" yaku="18,1,52,3" doraHai="132" who="1" fromWho="3" sc="209,0,279,77,209,0,303,-77" /><INIT seed="4,0,0,4,4,76" ten="209,356,209,226" oya="0" hai0="121,56,63,25,99,46,92,67,127,80,110,4,72" hai1="32,82,11,3,123,103,47,51,113,84,31,104,35" hai2="128,89,36,9,118,45,20,135,132,43,27,106,93" hai3="53,21,95,115,86,37,69,130,6,16,2,107,91"/><T73/><D121/><U116/><E123/><V8/><F106/><W23/><G107/><T85/><D110/><U24/><E116/><V75/><F75/><W66/><G37/><T117/><D117/><U17/><E103/><V83/><F118/><W133/><G133/><N who="2" m="51273" /><F83/><W14/><G115/><T48/><D4/><U119/><E104/><V71/><F71/><W38/><G38/><T18/><D127/><U94/><E94/><V120/><F128/><W58/><G130/><T42/><D18/><U40/><E113/><V78/><F78/><W108/><G108/><T57/><D57/><U64/><E64/><V96/><F120/><W61/><G6/><T33/><D33/><U10/><E3/><V124/><F124/><W26/><G2/><T5/><D5/><U49/><E35/><V7/><F7/><W41/><G41/><T100/><REACH who="0" step="1"/><D25/><REACH who="0" ten="199,356,209,226" step="2"/><U70/><E17/><AGARI ba="0,1" hai="8,9,17,20,27,36,43,45,89,93,96" m="51273" machi="17" ten="30,1000,0" yaku="20,1" doraHai="76" who="2" fromWho="1" sc="199,0,356,-10,209,20,226,0" /><INIT seed="5,0,0,3,4,108" ten="199,346,229,226" oya="1" hai0="45,123,56,65,59,27,62,124,104,9,94,84,42" hai1="129,22,106,81,52,47,26,10,12,69,131,125,115" hai2="79,102,48,36,49,31,35,4,126,91,88,120,96" hai3="15,6,89,63,54,116,11,30,18,82,114,58,85"/><U77/><E115/><V74/><F120/><W51/><G114/><T50/><D124/><U92/><E69/><V40/><F126/><W86/><G116/><T98/><D123/><U80/><E106/><V33/><F4/><W39/><G39/><T107/><D84/><U103/><E125/><V135/><F36/><W23/><G30/><T24/><D104/><U46/><E46/><V71/><F71/><W1/><REACH who="3" step="1"/><G85/><REACH who="3" ten="199,346,229,216" step="2"/><T127/><D127/><U101/><E131/><V37/><F31/><W55/><G55/><T60/><D107/><U29/><E129/><V128/><F128/><W53/><G53/><N who="0" m="33807" /><D9/><U57/><E47/><V64/><F74/><W2/><G2/><T73/><D73/><U117/><E117/><V78/><F37/><W43/><G43/><T109/><D109/><U75/><E81/><V134/><F40/><W61/><AGARI ba="0,1" hai="1,6,11,15,18,23,51,54,58,61,63,82,86,89" machi="61" ten="30,2000,0" yaku="1,1,0,1,53,0" doraHai="108" doraHaiUra="97" who="3" fromWho="3" sc="199,-5,346,-10,229,-5,216,30" /><INIT seed="6,0,0,4,0,22" ten="194,336,224,246" oya="2" hai0="110,16,6,96,63,65,2,43,95,55,24,122,45" hai1="73,86,80,114,38,7,104,113,108,58,12,3,102" hai2="42,72,97,133,134,25,124,46,116,109,26,83,47" hai3="68,118,82,76,87,129,99,33,78,0,17,135,130"/><V48/><F116/><W37/><G118/><T120/><D110/><U94/><E38/><V5/><F109/><W15/><G68/><T66/><D2/><U36/><E36/><V75/><F5/><W107/><G37/><T117/><D6/><U28/><E3/><V34/><F34/><W70/><G0/><T126/><D126/><U93/><E28/><V91/><F124/><W62/><G33/><T23/><D117/><U10/><E73/><N who="2" m="28235" /><F46/><W59/><G70/><T20/><D120/><U27/><E27/><N who="2" m="10251" /><F97/><W101/><G76/><T132/><D23/><U67/><E10/><V89/><F83/><W60/><G62/><T44/><D122/><U61/><E80/><V40/><F42/><W56/><G60/><T128/><D44/><U84/><E61/><V9/><F9/><W81/><G82/><T74/><D43/><U39/><E7/><V92/><F92/><W52/><G56/><N who="0" m="35231" /><D45/><U32/><E58/><V31/><F31/><W103/><G59/><T127/><D127/><U111/><E94/><V125/><F125/><W14/><G81/><T85/><D74/><U4/><E93/><V106/><F106/><W115/><G99/><T105/><D105/><U98/><E98/><V51/><F51/><W90/><G107/><T79/><D79/><U41/><E41/><V19/><F19/><W71/><G17/><T30/><D16/><U54/><E104/><V121/><F121/><W49/><G78/><T77/><D77/><U21/><E111/><V50/><F50/><W35/><G49/><T1/><D96/><U53/><E108/><V57/><F57/><RYUUKYOKU ba="0,0" sc="194,-10,336,-10,224,30,246,-10" hai2="40,47,48,89,91,133,134" /><INIT seed="6,1,0,1,5,111" ten="184,326,254,236" oya="2" hai0="69,83,6,130,38,120,94,72,104,95,74,116,128" hai1="51,42,14,39,109,12,56,85,75,24,125,21,79" hai2="37,49,135,45,101,47,131,5,66,68,44,113,29" hai3="78,17,61,36,97,114,27,26,57,60,124,63,62"/><V93/><F135/><W84/><G36/><T10/><D69/><U4/><E125/><V31/><F131/><N who="0" m="50218" /><D38/><U88/><E75/><N who="0" m="28713" /><D10/><U33/><E79/><V2/><F37/><W118/><G118/><T122/><D6/><U40/><E39/><V3/><F68/><W35/><G124/><T7/><D7/><U121/><E33/><V59/><F5/><W73/><G35/><T11/><D11/><U102/><E102/><V58/><F101/><W105/><G27/><T110/><D110/><U103/><E121/><N who="0" m="46697" /><D116/><U127/><E127/><V16/><F66/><W117/><G117/><T20/><D20/><U67/><E21/><V9/><F9/><W22/><G57/><T8/><D8/><U50/><E67/><V115/><F49/><W32/><G32/><T43/><D43/><U18/><E50/><V30/><F16/><W129/><G63/><T123/><N who="0" m="46705" /><T108/><DORA hai="64" /><D108/><U91/><E51/><V70/><F70/><W54/><G62/><T34/><D34/><U112/><E18/><V25/><F25/><W23/><G61/><T82/><D104/><U48/><E24/><V77/><F45/><W80/><G23/><T107/><D107/><U126/><E48/><V89/><F30/><W90/><G129/><T41/><D41/><U134/><E40/><V96/><F29/><W0/><G60/><T53/><D53/><U15/><E42/><V13/><F31/><W119/><G119/><T76/><D82/><U19/><E4/><V106/><F106/><W52/><G105/><T1/><D1/><U133/><E109/><V28/><F2/><RYUUKYOKU ba="1,0" sc="184,30,326,-10,254,-10,236,-10" hai0="76,83,94,95" /><INIT seed="7,2,0,1,0,134" ten="214,316,244,226" oya="3" hai0="30,57,113,12,96,18,112,78,17,25,130,92,10" hai1="15,119,95,111,36,52,24,125,49,19,109,72,108" hai2="65,127,54,58,61,39,28,60,105,21,114,133,20" hai3="22,31,67,4,41,70,75,34,102,0,44,123,76"/><W124/><G123/><T74/><D130/><U99/><E125/><V115/><F127/><W79/><G22/><N who="0" m="15671" /><D78/><U32/><E36/><V23/><F39/><N who="3" m="21567" /><G76/><T46/><D74/><U42/><E42/><V9/><F105/><W26/><G102/><N who="0" m="60679" /><D46/><U117/><E72/><V122/><F133/><W104/><G124/><T2/><D2/><U37/><E37/><V128/><F128/><W126/><G126/><T68/><D68/><U16/><E32/><V5/><F28/><W73/><G104/><T116/><D116/><N who="1" m="44619" /><E24/><V132/><F132/><W88/><G88/><T48/><D113/><N who="2" m="43018" /><F122/><W38/><G79/><T103/><D112/><U89/><E15/><N who="2" m="5551" /><F20/><W11/><G38/><T62/><D103/><U13/><E13/><V101/><F101/><W71/><G71/><AGARI ba="2,0" hai="21,23,54,58,60,61,65,71" m="5551,43018" machi="71" ten="30,1000,0" yaku="15,1" doraHai="134" who="2" fromWho="3" sc="214,0,316,0,244,16,226,-16" owari="214,-18.6,316,41.6,260,6.0,210,-29.0" /></mjloggm>