<mjloggm ver="2.3"><GO type="169" lobby="0"/><UN n0="%E3%83%8A%E3%82%B4%E3%83%A0" n1="%E3%82%86%E3%81%86%E3%82%8C%E3%81%84%E3%81%84%E3%81%8B" n2="%EF%BC%A9%EF%BC%A3%EF%BC%A8%EF%BC%A9" n3="%66%53" dan="18,17,17,16" rate="2234.33,2190.69,2118.44,2116.68" sx="M,M,M,M"/><TAIKYOKU oya="0"/><INIT seed="0,0,0,5,1,91" ten="250,250,250,250" oya="0" hai0="28,116,34,124,70,54,40,72,99,71,133,105,87" hai1="73,123,0,45,5,49,26,39,8,134,11,97,94" hai2="130,98,41,52,27,38,36,95,51,125,96,74,68" hai3="131,100,17,83,120,48,77,107,81,22,76,63,67"/><T3/><D54/><U93/><E123/><V19/><F74/><W18/><G131/><T84/><D40/><U128/><E39/><V110/><F130/><W132/><G107/><T64/><D87/><U37/><E128/><V103/><F68/><N who="0" m="26154" /><D84/><U82/><E37/><V80/><F80/><W69/><G100/><N who="0" m="62623" /><D64/><U32/><E134/><V35/><F41/><W13/><G132/><T92/><D92/><U4/><E97/><V2/><F98/><W12/><G120/><T53/><D53/><U126/><E126/><V43/><F52/><W14/><G48/><T57/><D57/><U58/><E58/><V108/><F51/><W122/><G122/><T75/><D133/><U114/><E114/><V102/><F43/><W7/><G7/><T55/><D55/><U42/><E32/><V88/><F35/><W65/><G67/><T21/><D21/><U117/><E26/><V119/><F27/><W127/><G127/><T62/><D62/><U85/><E73/><N who="0" m="28233" /><D124/><U109/><E117/><V121/><F125/><W16/><REACH who="3" step="1"/><G22/><REACH who="3" ten="250,250,250,240" step="2"/><T29/><D116/><U44/><E109/><V113/><F110/><W47/><G47/><T25/><D29/><U23/><E45/><V118/><F118/><W61/><G61/><T79/><D79/><AGARI ba="0,1" hai="12,13,14,16,17,18,63,65,69,76,77,79,81,83" machi="79" ten="40,2600,0" yaku="1,1,54,1,53,0" doraHai="91" doraHaiUra="6" who="3" fromWho="0" sc="250,-26,250,0,250,0,240,36" /><INIT seed="1,0,0,1,5,66" ten="224,250,250,276" oya="1" hai0="94,97,50,23,4,61,32,12,81,130,103,20,70" hai1="110,111,118,18,30,78,2,10,104,117,107,54,9" hai2="7,113,84,85,82,72,64,37,83,100,27,76,87" hai3="17,86,13,51,109,62,116,112,49,121,74,8,33"/><U31/><E78/><V68/><F37/><W89/><G121/><T120/><D32/><U16/><REACH who="1" step="1"/><E54/><REACH who="1" ten="224,240,250,276" step="2"/><V55/><F55/><W114/><G112/><T36/><D120/><U102/><E102/><V128/><F100/><W57/><G114/><T119/><D103/><U122/><E122/><V123/><F123/><W80/><G116/><T124/><D119/><U24/><E24/><V39/><F27/><W60/><G109/><T52/><D52/><U42/><E42/><V28/><F76/><W65/><G74/><T135/><D130/><U129/><E129/><V40/><F72/><W95/><G33/><T88/><D135/><U106/><E106/><V29/><F113/><W47/><G47/><T77/><D77/><U98/><E98/><V73/><F73/><W19/><G62/><T14/><D97/><U38/><E38/><V133/><F133/><W34/><G34/><T53/><D36/><U15/><E15/><V92/><F39/><W44/><G44/><T90/><D14/><U11/><E11/><V126/><F40/><W131/><G131/><T48/><D12/><U59/><E59/><V35/><F35/><W105/><G105/><T115/><D115/><U67/><E67/><V91/><F64/><W63/><G63/><T0/><D61/><U58/><E58/><V101/><F101/><W99/><REACH who="3" step="1"/><G19/><REACH who="3" ten="224,240,250,266" step="2"/><T108/><D108/><U132/><E132/><V26/><F128/><W43/><G43/><T41/><D41/><U56/><E56/><V93/><F29/><W69/><G69/><T1/><D70/><U25/><E25/><V75/><F68/><RYUUKYOKU ba="0,2" sc="224,-15,240,15,250,-15,266,15" hai1="2,9,10,16,18,30,31,104,107,110,111,117,118" hai3="8,13,17,49,51,57,60,65,80,86,89,95,99" /><INIT seed="1,1,2,3,4,66" ten="209,255,235,281" oya="1" hai0="120,86,8,26,15,11,61,101,9,118,103,127,64" hai1="2,104,52,48,36,3,117,109,69,110,19,124,106" hai2="131,96,113,57,23,100,0,114,14,58,63,55,25" hai3="135,81,129,84,62,70,74,102,88,40,99,59,37"/><U38/><E117/><V107/><F0/><N who="1" m="41" /><E19/><V16/><F131/><W60/><G129/><T115/><D118/><U27/><E27/><V111/><F111/><N who="1" m="42505" /><E124/><V56/><F114/><W85/><G135/><T80/><D115/><U51/><E69/><V28/><REACH who="2" step="1"/><F113/><REACH who="2" ten="209,255,225,281" step="2"/><W4/><G70/><T5/><D127/><U39/><E51/><V98/><F98/><W72/><G37/><T75/><D120/><U1/><E1/><V35/><AGARI ba="1,3" hai="14,16,23,25,28,35,55,56,57,58,63,96,100,107" machi="35" ten="20,5200,0" yaku="1,1,0,1,7,1,54,1,53,0" doraHai="66" doraHaiUra="105" who="2" fromWho="2" sc="209,-14,255,-27,225,85,281,-14" /><INIT seed="2,0,0,0,5,104" ten="195,228,310,267" oya="2" hai0="7,68,69,77,2,36,94,127,18,99,62,41,42" hai1="58,17,51,105,129,117,83,89,110,102,55,108,95" hai2="35,26,13,39,67,124,79,6,122,114,73,25,80" hai3="60,131,40,125,11,33,57,59,9,21,87,61,90"/><V49/><F114/><W128/><G33/><T78/><D127/><U28/><E117/><V134/><F39/><W106/><G106/><T14/><D2/><U107/><E28/><V135/><F122/><W86/><G40/><T116/><D116/><U72/><E129/><N who="3" m="49738" /><G21/><T45/><D7/><U32/><E32/><V1/><F1/><W75/><G75/><T91/><D42/><U109/><E17/><V84/><F124/><W3/><G3/><T70/><REACH who="0" step="1"/><D62/><REACH who="0" ten="185,228,310,267" step="2"/><N who="3" m="24169" /><G125/><T53/><D53/><U119/><E119/><V103/><F6/><W111/><G111/><T10/><AGARI ba="0,1" hai="10,14,18,36,41,45,68,69,70,77,78,91,94,99" machi="10" ten="30,2000,0" yaku="1,1,0,1,53,0" doraHai="104" doraHaiUra="46" who="0" fromWho="0" sc="185,30,228,-5,310,-10,267,-5" /><INIT seed="3,0,0,4,4,79" ten="215,223,300,262" oya="3" hai0="64,115,34,7,20,81,54,2,1,125,114,3,78" hai1="134,36,92,59,55,17,135,4,68,112,83,22,90" hai2="99,40,44,126,106,41,74,93,131,47,46,107,86" hai3="21,108,26,130,50,82,120,118,12,29,31,13,19"/><W51/><G118/><T27/><D64/><U70/><E36/><V16/><F74/><W63/><G120/><T94/><D125/><U10/><E112/><N who="0" m="43049" /><D94/><U43/><E43/><V88/><F126/><W38/><G38/><T117/><D54/><U24/><E70/><V105/><F131/><W98/><G130/><T96/><D96/><U69/><E68/><V49/><F16/><N who="3" m="12583" /><G108/><T11/><D117/><U0/><E69/><V123/><F123/><W58/><G98/><T32/><D81/><U23/><E23/><V129/><F129/><W128/><G82/><T57/><D57/><U5/><E5/><V116/><F116/><W18/><G128/><T56/><D56/><U52/><E83/><V45/><REACH who="2" step="1"/><F99/><REACH who="2" ten="215,223,290,262" step="2"/><W61/><G18/><N who="0" m="12695" /><D78/><U102/><E17/><V119/><F119/><W85/><G19/><T113/><N who="0" m="43057" /><T53/><DORA hai="111" /><D53/><AGARI ba="0,1" hai="40,41,44,45,46,47,49,53,86,88,93,105,106,107" machi="53" ten="50,6400,0" yaku="1,1,54,1,53,1" doraHai="79,111" doraHaiUra="87,77" who="2" fromWho="0" sc="215,-64,223,0,290,74,262,0" /><INIT seed="4,0,0,4,0,123" ten="151,223,364,262" oya="0" hai0="10,87,107,25,48,73,68,74,72,9,89,3,8" hai1="115,102,96,40,24,26,91,34,105,37,132,117,28" hai2="41,22,55,69,31,116,38,101,56,111,108,84,46" hai3="125,44,133,6,135,45,97,131,106,64,7,81,35"/><T67/><D107/><U134/><E117/><V95/><F116/><W83/><G35/><T20/><D68/><U127/><E127/><V51/><F69/><W47/><G64/><T104/><D104/><U122/><E122/><V112/><F112/><W0/><G125/><T19/><D67/><U110/><E115/><V57/><F57/><W17/><G131/><T42/><D42/><U50/><E50/><V118/><F118/><W53/><G53/><T121/><D121/><U15/><E15/><V16/><F31/><W39/><G39/><T86/><D48/><U71/><E91/><N who="2" m="53735" /><F101/><W2/><G17/><T128/><D128/><U103/><E103/><V109/><F111/><W76/><G97/><T58/><D58/><U92/><E92/><V70/><F70/><W99/><G99/><T59/><D59/><U61/><E26/><V98/><F98/><W62/><G62/><T66/><D66/><N who="1" m="41423" /><E110/><V36/><F36/><W75/><G106/><T60/><D60/><U78/><E78/><V14/><AGARI ba="0,0" hai="14,16,22,38,41,46,51,55,56,108,109" m="53735" machi="14" ten="30,7900,0" yaku="25,1,52,2,54,1" doraHai="123" who="2" fromWho="2" sc="151,-39,223,-20,364,79,262,-20" /><INIT seed="5,0,0,5,2,33" ten="112,203,443,242" oya="1" hai0="15,24,109,67,49,124,0,6,50,74,119,43,87" hai1="30,20,127,77,41,52,111,104,110,70,72,31,129" hai2="27,48,13,5,35,42,68,69,59,99,135,84,63" hai3="103,89,29,60,71,7,11,108,66,36,9,25,95"/><U96/><E70/><V17/><F135/><W94/><G108/><N who="1" m="41514" /><E41/><V120/><F120/><W55/><G36/><T92/><D74/><U21/><E127/><V91/><F99/><W85/><G55/><T8/><D109/><U12/><E129/><V101/><F101/><W1/><G11/><T23/><D119/><U2/><E2/><V58/><F5/><W53/><G53/><T34/><D124/><U86/><E72/><V19/><F19/><W98/><G25/><T57/><D43/><U40/><E40/><V116/><F27/><W28/><AGARI ba="0,0" hai="1,7,9,28,29,60,66,71,85,89,94,95,98,103" machi="28" ten="30,2000,0" yaku="0,1,52,1" doraHai="33" who="3" fromWho="3" sc="112,-5,203,-10,443,-5,242,20" /><INIT seed="6,0,0,1,0,78" ten="107,193,438,262" oya="2" hai0="100,32,130,98,57,36,46,134,25,19,111,86,132" hai1="61,97,64,123,117,76,65,106,58,92,104,69,20" hai2="119,122,129,24,81,54,126,35,135,121,1,68,88" hai3="124,23,42,73,11,44,7,39,113,75,21,31,18"/><V29/><F119/><W80/><G124/><T133/><D111/><U131/><E117/><V82/><F1/><N who="3" m="495" /><G73/><T10/><D130/><U71/><E131/><V99/><F129/><W70/><G70/><T16/><D57/><U89/><E123/><V50/><F68/><W4/><G4/><T48/><D36/><U93/><E58/><V120/><F126/><W59/><G59/><T91/><D10/><U83/><E93/><V56/><F135/><W27/><G113/><T94/><D32/><U63/><REACH who="1" step="1"/><E20/><REACH who="1" ten="107,183,438,262" step="2"/><V38/><F122/><W17/><G23/><T125/><D125/><U14/><E14/><V3/><F121/><W60/><G60/><T90/><D25/><U5/><E5/><V105/><F24/><W41/><G41/><T52/><REACH who="0" step="1"/><D91/><REACH who="0" ten="97,183,438,262" step="2"/><U96/><E96/><V28/><F99/><W72/><G44/><T77/><D77/><U127/><E127/><V85/><F120/><W107/><G21/><T112/><D112/><U2/><E2/><V55/><F3/><W34/><G27/><T43/><D43/><U66/><E66/><V40/><F40/><W15/><G34/><T114/><D114/><U6/><E6/><V0/><F0/><W103/><G42/><T95/><AGARI ba="0,2" hai="16,19,46,48,52,86,90,94,95,98,100,132,133,134" machi="95" ten="30,12000,2" yaku="1,1,0,1,20,1,54,2,53,1" doraHai="78" doraHaiUra="47" who="0" fromWho="0" sc="97,140,183,-30,438,-60,262,-30" /><INIT seed="7,0,0,2,3,42" ten="237,153,378,232" oya="3" hai0="117,23,29,90,113,15,28,118,61,114,105,14,37" hai1="98,27,12,48,1,47,72,81,82,134,63,44,59" hai2="25,64,13,84,69,120,7,8,101,2,91,119,73" hai3="68,78,77,65,88,56,75,79,52,39,22,71,21"/><W132/><G39/><T74/><D105/><U125/><E1/><V85/><F73/><W30/><G75/><T131/><D74/><U110/><E110/><V116/><F101/><W126/><G132/><T49/><D37/><U46/><E134/><V135/><F135/><W3/><G3/><T70/><D90/><U40/><E125/><V51/><F85/><W86/><G126/><T121/><D121/><U129/><E129/><V109/><F109/><W32/><G32/><T128/><D49/><U10/><E27/><V17/><F25/><W9/><G9/><T87/><D87/><U16/><E98/><V83/><F120/><W57/><G30/><N who="0" m="11883" /><D61/><U66/><E72/><V53/><F69/><W107/><G107/><T0/><D70/><U103/><E103/><V76/><F91/><W130/><G130/><N who="0" m="49707" /><D0/><U58/><E58/><V133/><F64/><W11/><G68/><T111/><D111/><U6/><E6/><V89/><F89/><W102/><G102/><T92/><D92/><U60/><E60/><V20/><F133/><W124/><G124/><T122/><D122/><U36/><E36/><V94/><F94/><N who="3" m="54551" /><G71/><T50/><D50/><U45/><AGARI ba="0,0" hai="10,12,16,40,44,45,46,47,48,59,63,66,81,82" machi="45" ten="30,12000,2" yaku="0,1,8,1,52,4,54,1" doraHai="42" who="1" fromWho="1" sc="237,-30,153,120,378,-30,232,-60" owari="207,-19.3,273,7.3,348,44.8,172,-32.8" /></mjloggm>