<mjloggm ver="2.3"><GO type="169" lobby="0"/><UN n0="%73%61%6E%64%69%72%69%73" n1="%E3%81%BB%E3%83%BC%E3%82%8A%E3%83%BC" n2="%E3%81%8A%E3%81%98%E3%81%95%E3%82%93" n3="%78%69%61%6F%6B%61%6B%61" dan="17,17,19,17" rate="2180.06,2256.84,2274.21,2250.68" sx="M,M,M,M"/><TAIKYOKU oya="0"/><INIT seed="0,0,0,2,0,91" ten="250,250,250,250" oya="0" hai0="34,15,96,0,33,125,45,115,61,131,95,83,98" hai1="101,28,10,124,123,29,71,121,79,119,11,44,128" hai2="9,56,1,69,59,105,113,135,19,82,25,40,94" hai3="130,54,74,6,80,81,35,118,13,133,97,100,104"/><T84/><D115/><U24/><E71/><V103/><F113/><W116/><G35/><T73/><D0/><U3/><E79/><V50/><F69/><W4/><G54/><T57/><D125/><U134/><E101/><V120/><F120/><W77/><G13/><T53/><D131/><U58/><E58/><V42/><F105/><W93/><G6/><T55/><D73/><U7/><E44/><V112/><F135/><W62/><G62/><T129/><D129/><U78/><E78/><V18/><F82/><W52/><G4/><T26/><D15/><U17/><E128/><V39/><F39/><W48/><G81/><T86/><D26/><U107/><E107/><V126/><F25/><W106/><G130/><T27/><D27/><U43/><E43/><V2/><F103/><W87/><G133/><T67/><D33/><U30/><E134/><V85/><F85/><W66/><G66/><T60/><D34/><U90/><E90/><V117/><F9/><W114/><G114/><T31/><D31/><N who="1" m="11851" /><E119/><V76/><F117/><W75/><G106/><T51/><D96/><U49/><E49/><V102/><F112/><W89/><G75/><T5/><D5/><U63/><E63/><V64/><F50/><W109/><G109/><T46/><D46/><AGARI ba="0,0" hai="46,48,52,74,77,80,87,89,93,97,100,104,116,118" machi="46" ten="30,8000,1" yaku="7,1,24,2,52,1,54,1" doraHai="91" who="3" fromWho="0" sc="250,-80,250,0,250,0,250,80" /><INIT seed="1,0,0,2,3,9" ten="170,250,250,330" oya="1" hai0="5,124,89,97,2,73,31,135,70,59,112,40,68" hai1="32,16,64,18,90,30,125,66,82,37,95,61,101" hai2="107,46,126,54,75,41,13,74,15,111,86,43,10" hai3="71,108,88,48,8,129,38,65,55,49,52,134,22"/><U93/><E37/><V128/><F107/><W21/><G38/><T62/><D112/><U33/><E125/><V7/><F126/><W72/><G72/><T36/><D31/><U47/><E47/><V116/><F116/><W133/><G8/><T109/><D124/><U12/><E18/><V57/><F111/><W77/><G77/><T127/><D127/><U34/><E30/><V121/><F121/><W114/><G129/><T1/><D73/><U67/><E61/><V51/><F128/><W76/><G76/><T115/><D115/><U117/><E117/><V60/><F43/><W103/><G103/><T131/><D131/><U113/><E113/><V79/><F15/><W35/><G35/><T102/><D89/><U4/><E4/><V83/><AGARI ba="0,0" hai="7,10,13,41,46,51,54,57,60,74,75,79,83,86" machi="83" ten="30,7900,0" yaku="0,1,25,2,52,1" doraHai="9" who="2" fromWho="2" sc="170,-20,250,-39,250,79,330,-20" /><INIT seed="2,0,0,1,0,38" ten="150,211,329,310" oya="2" hai0="47,70,115,122,102,16,131,67,4,52,0,94,75" hai1="31,105,88,46,57,5,65,15,12,60,90,126,73" hai2="97,81,120,66,59,117,6,56,98,68,8,18,7" hai3="28,101,20,36,33,108,64,113,82,104,95,127,89"/><V86/><F117/><W133/><G36/><T110/><D122/><U116/><E105/><V1/><F120/><W45/><G33/><T125/><D115/><U3/><E73/><V11/><F18/><W130/><G64/><T35/><D35/><U123/><E3/><V10/><F68/><W25/><G127/><T14/><D75/><U119/><E123/><V37/><F37/><W92/><G104/><T17/><D0/><U26/><E126/><V87/><F1/><W55/><G130/><T2/><D2/><U135/><E135/><V48/><F66/><W91/><G108/><T24/><D110/><U132/><E132/><V76/><F48/><N who="3" m="29071" /><G82/><T23/><D131/><U42/><E116/><V9/><F9/><W124/><G113/><T27/><D4/><U84/><E90/><N who="3" m="34314" /><G124/><T129/><D70/><U128/><E5/><N who="2" m="1547" /><F87/><W118/><G133/><T85/><D67/><U77/><E128/><V112/><F112/><W32/><G32/><T22/><D129/><U51/><E77/><V58/><AGARI ba="0,0" hai="8,10,11,56,58,59,76,81,86,97,98" m="1547" machi="58" ten="40,2100,0" yaku="8,1" doraHai="38" who="2" fromWho="2" sc="150,-7,211,-7,329,21,310,-7" /><INIT seed="2,1,0,2,2,71" ten="143,204,350,303" oya="2" hai0="101,34,90,31,22,103,44,8,15,33,132,47,88" hai1="126,125,109,25,99,113,127,58,106,91,98,28,39" hai2="72,105,5,65,18,42,129,59,115,77,84,96,45" hai3="128,32,116,36,56,130,6,118,131,87,52,102,81"/><V78/><F115/><W107/><G6/><T120/><D120/><U54/><E113/><V46/><F72/><W11/><G32/><T29/><D22/><U80/><E109/><V92/><F129/><W35/><G35/><T10/><REACH who="0" step="1"/><D15/><REACH who="0" ten="133,204,350,303" step="2"/><U123/><E123/><V75/><F75/><W61/><G118/><T7/><D7/><U26/><E26/><V30/><F5/><W69/><G116/><T89/><D89/><U12/><E12/><V13/><F13/><W53/><G131/><T111/><D111/><U68/><E91/><V21/><F21/><W38/><G130/><T66/><D66/><U97/><E25/><V73/><F73/><W9/><G128/><T49/><D49/><U124/><E124/><V14/><F14/><W119/><G119/><T85/><D85/><U55/><E126/><V27/><F84/><W50/><G11/><T16/><D16/><U24/><E24/><V60/><F18/><W70/><G9/><T74/><D74/><U133/><E125/><V17/><F17/><W82/><G87/><T2/><D2/><U95/><E127/><V4/><F4/><W3/><G3/><T121/><D121/><U79/><E28/><V100/><F27/><W63/><G50/><T86/><D86/><U108/><E79/><V57/><F30/><W110/><G110/><T51/><D51/><U94/><E108/><V112/><F77/><W114/><G114/><T37/><D37/><U41/><E39/><V23/><F78/><W0/><G0/><T62/><D62/><U93/><E80/><V134/><F112/><W19/><G82/><RYUUKYOKU ba="1,1" sc="133,30,204,-10,350,-10,303,-10" hai0="8,10,29,31,33,34,44,47,88,90,101,103,132" /><INIT seed="3,2,1,1,3,22" ten="163,194,340,293" oya="3" hai0="101,70,113,116,3,114,51,103,90,95,94,96,16" hai1="36,115,85,97,18,74,21,121,0,76,54,8,35" hai2="131,120,53,128,40,30,73,105,23,118,4,67,119" hai3="46,20,68,75,57,55,31,72,25,64,48,106,71"/><W84/><G106/><T14/><D116/><U93/><E35/><V65/><F73/><W98/><G98/><T117/><D117/><N who="2" m="44554" /><F105/><W135/><G135/><T86/><D3/><U43/><E115/><N who="0" m="44041" /><D70/><U122/><E85/><V27/><F40/><W38/><G84/><T63/><D63/><U112/><E54/><V2/><F120/><W1/><G1/><T7/><D7/><N who="1" m="1127" /><E112/><V124/><F124/><W56/><G57/><T104/><D51/><U13/><E93/><V24/><F53/><W12/><G12/><T91/><D104/><U127/><E97/><V100/><F100/><W77/><G77/><T19/><D19/><U52/><E52/><V32/><F65/><W132/><G132/><T45/><D45/><N who="1" m="23783" /><E127/><V50/><F67/><W28/><G71/><T110/><D110/><U34/><E34/><V17/><F50/><W92/><G92/><T59/><D59/><U88/><E88/><V133/><F133/><W111/><G111/><T49/><D49/><U11/><E11/><AGARI ba="2,1" hai="2,4,11,17,23,24,27,30,32,128,131" m="44554" machi="11" ten="30,7700,0" yaku="34,2,52,2" doraHai="22" who="2" fromWho="1" sc="163,0,194,-83,340,93,293,0" /><AGARI ba="2,0" hai="11,14,16,86,90,91,94,95,96,101,103" m="44041" machi="11" ten="30,2000,0" yaku="11,1,54,1" doraHai="22" who="0" fromWho="1" sc="163,20,111,-20,433,0,293,0" /><INIT seed="4,0,0,3,1,75" ten="183,91,433,293" oya="0" hai0="44,5,135,9,8,62,92,133,81,71,72,126,0" hai1="1,102,20,124,93,122,119,106,91,125,116,109,12" hai2="17,129,46,70,31,37,23,56,3,60,107,22,57" hai3="61,66,39,6,115,52,96,7,103,35,99,50,98"/><T101/><D126/><N who="1" m="48747" /><E1/><V13/><F107/><W73/><G73/><T54/><D9/><U87/><E12/><V15/><F3/><W77/><G39/><T34/><D34/><U127/><E20/><V67/><F129/><W4/><G115/><T30/><D30/><U97/><N who="1" m="48755" /><U108/><DORA hai="131" /><E122/><V40/><REACH who="2" step="1"/><F13/><REACH who="2" ten="183,91,423,293" step="2"/><W94/><G35/><T43/><D0/><U10/><E10/><V89/><F89/><W45/><REACH who="3" step="1"/><G77/><REACH who="3" ten="183,91,423,283" step="2"/><T76/><D76/><U28/><E28/><V69/><F69/><AGARI ba="0,2" hai="4,6,7,45,50,52,61,66,69,94,96,98,99,103" machi="69" ten="40,8000,1" yaku="1,1,2,1,54,1,53,1" doraHai="75,131" doraHaiUra="53,51" who="3" fromWho="2" sc="183,0,91,0,423,-80,283,100" /><INIT seed="5,0,0,4,4,54" ten="183,91,343,383" oya="1" hai0="55,1,102,116,65,134,125,29,107,83,118,85,135" hai1="4,66,81,64,45,0,13,108,58,100,22,9,128" hai2="97,87,89,39,56,28,41,57,106,49,3,92,5" hai3="114,18,91,8,36,82,90,123,113,121,110,105,35"/><U25/><E128/><V42/><F39/><W27/><G36/><T31/><D1/><U96/><E108/><V34/><F34/><W75/><G18/><T44/><D65/><U130/><E130/><V62/><F28/><N who="3" m="19871" /><G105/><T115/><D115/><N who="3" m="44041" /><G8/><T69/><D69/><U109/><E109/><V129/><F129/><W117/><G110/><T59/><D44/><U101/><E45/><V80/><F106/><W133/><G133/><N who="0" m="50699" /><D125/><U88/><E0/><V79/><F5/><W21/><G21/><T74/><D74/><U67/><E58/><N who="2" m="22635" /><F3/><W103/><G103/><T15/><D15/><U16/><REACH who="1" step="1"/><E96/><REACH who="1" ten="183,81,343,383" step="2"/><V68/><F68/><W30/><G123/><T23/><D116/><U61/><E61/><V72/><F62/><W10/><G117/><T40/><D118/><U95/><E95/><V124/><F124/><W76/><G121/><T17/><D59/><U120/><E120/><V43/><F72/><W111/><G75/><T73/><D73/><U99/><E99/><V104/><F104/><W93/><G93/><T52/><D107/><U127/><E127/><V46/><AGARI ba="0,1" hai="41,42,43,46,49,79,80,87,89,92,97" m="22635" machi="46" ten="30,7900,0" yaku="8,1,52,3" doraHai="54" who="2" fromWho="2" sc="183,-20,81,-39,343,89,383,-20" /><INIT seed="6,0,0,5,1,126" ten="163,42,432,363" oya="2" hai0="13,99,4,66,92,12,100,16,35,50,75,134,0" hai1="73,42,135,113,9,79,45,14,128,115,44,106,41" hai2="31,70,65,26,61,2,78,77,22,17,8,67,23" hai3="86,93,37,60,132,15,81,27,129,74,24,54,7"/><V72/><F72/><W69/><G74/><T98/><D35/><U89/><E73/><V53/><F67/><W108/><G37/><T121/><D121/><U118/><E106/><V1/><F53/><W30/><G108/><T32/><D32/><U25/><E79/><V107/><F107/><W64/><G132/><T56/><D0/><U117/><E25/><V38/><F38/><W91/><G54/><T80/><D134/><U33/><E33/><V47/><F47/><N who="1" m="17993" /><E89/><V133/><F133/><W124/><G124/><T120/><D120/><U104/><E104/><V110/><F110/><W101/><G30/><T6/><D13/><U58/><E14/><V90/><F90/><W114/><G114/><N who="1" m="43530" /><E9/><V52/><F1/><W21/><G27/><T83/><D98/><U130/><E58/><V131/><F23/><W49/><G21/><T57/><D4/><U43/><E135/><V71/><F71/><W125/><G69/><T68/><D6/><U34/><E34/><V5/><F31/><W28/><G28/><T46/><D68/><U18/><E18/><V116/><F26/><W19/><G19/><T119/><D57/><U36/><E36/><V109/><F17/><W40/><G24/><T103/><D56/><U55/><E55/><V63/><F22/><W76/><G7/><T122/><D75/><U97/><E97/><V102/><F109/><W112/><G112/><T20/><D20/><U51/><E51/><V11/><F70/><W88/><G49/><T39/><D50/><U111/><E111/><V48/><F48/><W82/><G15/><T105/><D12/><RYUUKYOKU ba="0,0" sc="163,-10,42,30,432,-10,363,-10" hai1="41,42,43,117,118,128,130" /><INIT seed="7,1,0,5,1,43" ten="153,72,422,353" oya="3" hai0="9,126,112,127,15,40,104,53,10,55,114,85,132" hai1="94,64,99,88,20,13,26,92,42,120,5,17,16" hai2="105,129,59,48,7,79,95,90,62,113,58,4,54" hai3="130,45,125,72,91,35,103,3,41,109,96,68,97"/><W133/><G133/><T115/><D132/><U30/><E120/><V22/><F105/><W118/><G118/><T121/><D121/><U12/><E64/><N who="2" m="38999" /><F113/><W52/><G35/><T39/><D104/><U1/><E1/><V84/><F129/><W102/><G72/><T76/><D40/><U93/><E5/><N who="2" m="2123" /><F22/><W122/><G122/><T57/><D39/><U61/><E61/><V73/><F73/><W110/><G3/><T116/><D116/><U6/><E6/><V33/><F33/><W8/><G8/><N who="0" m="3179" /><D15/><U82/><E42/><V71/><F71/><W69/><G130/><T19/><D19/><U128/><E128/><V23/><F23/><W117/><G117/><T107/><D107/><U86/><E99/><V24/><F24/><W50/><G97/><T21/><D21/><U89/><E89/><V0/><F0/><W56/><G91/><T98/><D98/><U49/><E49/><V65/><F65/><W77/><G77/><AGARI ba="1,0" hai="48,54,59,77,79,84,90,95" m="2123,38999" machi="77" ten="30,1000,0" yaku="8,1" doraHai="43" who="2" fromWho="3" sc="153,0,72,0,422,13,353,-13" owari="153,-24.7,72,-42.8,435,53.5,340,14.0" /></mjloggm>