<mjloggm ver="2.3"><GO type="169" lobby="0"/><UN n0="%28%E9%83%A8%E9%95%B7%29" n1="%59%75%49%74%6F" n2="%73%79%6C%76%65%6F%6E" n3="%E3%81%A1%E3%82%80%E3%81%8A" dan="16,16,16,16" rate="2129.75,2058.04,2168.82,2055.22" sx="M,M,M,M"/><TAIKYOKU oya="0"/><INIT seed="0,0,0,2,3,68" ten="250,250,250,250" oya="0" hai0="83,113,111,75,90,64,32,100,135,13,66,19,60" hai1="53,61,109,105,11,132,18,22,51,6,104,82,58" hai2="59,54,36,27,39,21,38,45,95,114,16,85,42" hai3="25,121,9,106,115,91,7,5,1,101,47,48,8"/><T0/><D113/><U116/><E109/><V88/><REACH who="2" step="1"/><F114/><REACH who="2" ten="250,250,240,250" step="2"/><W15/><G115/><T108/><D108/><U89/><E116/><V31/><F31/><W76/><G121/><T86/><D111/><U49/><E132/><V65/><F65/><W125/><G125/><T92/><D66/><U46/><E105/><V33/><F33/><W4/><G106/><T128/><D32/><U81/><E104/><V123/><F123/><W10/><G1/><T62/><D0/><U17/><E51/><AGARI ba="0,1" hai="16,21,27,36,38,39,42,45,51,54,59,85,88,95" machi="51" ten="30,16000,3" yaku="21,2,7,1,52,3,54,2,53,0" doraHai="68" doraHaiUra="57" who="2" fromWho="1" sc="250,0,250,-160,240,170,250,0" /><INIT seed="1,0,0,0,1,95" ten="250,90,410,250" oya="1" hai0="92,74,129,22,3,126,30,44,82,29,50,2,28" hai1="56,9,36,120,60,111,35,6,1,27,114,11,80" hai2="70,101,19,65,76,63,102,52,20,13,113,115,91" hai3="25,112,53,55,47,69,45,88,117,99,97,84,105"/><U59/><E114/><N who="2" m="43531" /><F76/><W71/><G112/><T119/><D119/><U21/><E120/><V4/><F4/><W122/><G122/><T58/><D126/><U78/><E36/><V96/><F52/><N who="3" m="20043" /><G117/><T67/><D129/><U41/><E41/><V42/><F42/><W54/><G105/><T93/><D22/><U38/><E38/><V12/><F12/><W24/><G71/><T133/><D133/><U17/><E35/><V87/><F96/><N who="3" m="36939" /><G69/><T124/><D124/><U16/><E16/><BYE who="1" /><V108/><F108/><W40/><G40/><T135/><D135/><U128/><E128/><V23/><F23/><W14/><G14/><T15/><D15/><U66/><E66/><V33/><F33/><W107/><G107/><T64/><D64/><U109/><E109/><V98/><F98/><W48/><G45/><T79/><D2/><U123/><E123/><V49/><F102/><W5/><G5/><T51/><D3/><U94/><E94/><AGARI ba="0,0" hai="24,25,47,48,54,84,88,94" m="36939,20043" machi="94" ten="30,12000,2" yaku="8,1,52,3,54,2" doraHai="95" who="3" fromWho="1" sc="250,0,90,-120,410,0,250,120" owari="250,-15.0,-30,-53.0,410,51.0,370,17.0" /></mjloggm>