<mjloggm ver="2.3"><GO type="169" lobby="0"/><UN n0="%E3%81%8B%E3%81%A4%E3%81%BF%E3%82%93%E3%81%94%EF%BC%81" n1="%E8%82%89%E5%9B%A3%E5%AD%90%E5%85%88%E7%94%9F" n2="%E3%81%97%E3%82%83%E3%82%93%E3%81%8A%E3%81%98" n3="%E7%9B%9B%E5%B2%A1%E3%81%AE%E3%83%AA%E3%83%BC%E3%83%81%E8%B6%85%E4%BA%BA" dan="16,16,16,17" rate="2178.00,2049.86,2201.11,2189.45" sx="M,M,F,M"/><TAIKYOKU oya="0"/><INIT seed="0,0,0,0,4,85" ten="250,250,250,250" oya="0" hai0="92,45,10,27,133,70,2,100,9,113,5,1,102" hai1="41,44,21,56,12,6,17,60,74,122,58,26,61" hai2="90,84,29,18,80,52,51,95,66,109,81,107,97" hai3="68,35,48,8,11,76,79,78,4,114,50,24,59"/><T40/><D133/><U131/><E74/><V34/><F109/><W71/><G114/><T0/><D113/><U64/><E122/><V105/><F66/><W15/><G35/><T65/><D27/><U32/><E131/><V117/><F117/><W63/><G24/><T31/><D31/><U123/><E123/><V23/><F29/><W91/><G68/><T28/><D28/><U43/><E32/><V112/><F34/><W20/><G20/><T69/><D9/><U47/><E6/><V116/><F116/><W115/><G71/><T132/><D132/><U88/><E12/><V13/><F112/><W14/><G91/><T86/><D70/><U42/><REACH who="1" step="1"/><E88/><REACH who="1" ten="250,240,250,250" step="2"/><V30/><F30/><W96/><G115/><T99/><D100/><U39/><E39/><V72/><F72/><W110/><G110/><T25/><D25/><U103/><E103/><V53/><F80/><W33/><G33/><T87/><D0/><U125/><E125/><V134/><F134/><W49/><G96/><T124/><D1/><U75/><E75/><V55/><REACH who="2" step="1"/><F51/><REACH who="2" ten="250,240,240,250" step="2"/><W62/><G49/><T108/><D108/><U22/><E22/><V7/><F7/><N who="3" m="3359" /><G50/><T104/><D5/><U73/><E73/><V67/><F67/><AGARI ba="0,2" hai="17,21,26,41,42,43,44,47,56,58,60,61,64,67" machi="67" ten="40,5200,0" yaku="1,1,9,1,8,1,53,0" doraHai="85" doraHaiUra="3" who="1" fromWho="2" sc="250,0,240,72,240,-52,250,0" /><INIT seed="1,0,0,1,5,62" ten="250,312,188,250" oya="1" hai0="42,70,47,55,53,101,30,104,130,117,135,97,109" hai1="9,89,10,63,25,75,86,64,78,121,99,123,6" hai2="91,112,12,102,8,39,2,122,113,127,69,133,34" hai3="125,21,120,31,73,46,22,68,85,96,3,16,76"/><U26/><E75/><V27/><F102/><W61/><G120/><T33/><D109/><U83/><E9/><V59/><F59/><W37/><G3/><T81/><D117/><U41/><E41/><V106/><F91/><W118/><G125/><T82/><D130/><U58/><E123/><V77/><F77/><W93/><G118/><T52/><D135/><U1/><REACH who="1" step="1"/><E121/><REACH who="1" ten="250,302,188,250" step="2"/><V13/><F8/><W38/><G73/><T66/><D42/><U88/><E88/><V84/><F122/><W23/><G76/><T119/><D119/><U14/><E14/><V50/><F12/><W95/><G37/><T114/><D114/><U5/><E5/><V40/><F13/><W45/><G38/><T115/><D115/><U128/><E128/><V92/><F112/><W87/><G85/><T132/><D132/><U124/><E124/><V19/><F84/><W35/><G87/><T129/><D129/><U110/><E110/><V111/><F113/><W71/><G96/><T79/><D79/><U28/><E28/><V65/><F111/><W60/><G31/><T4/><D4/><U17/><E17/><V67/><F133/><W36/><G16/><T105/><D30/><U48/><E48/><V57/><F39/><W29/><G29/><T24/><D97/><U131/><E131/><V18/><F127/><W0/><G36/><T98/><D98/><U90/><E90/><V20/><F19/><W100/><G0/><T74/><D74/><U94/><AGARI ba="0,1" hai="1,6,10,25,26,58,63,64,78,83,86,89,94,99" machi="94" ten="30,6000,0" yaku="1,1,0,1,52,1,53,0" doraHai="62" doraHaiUra="43" who="1" fromWho="1" sc="250,-20,302,70,188,-20,250,-20" /><INIT seed="1,1,0,4,2,71" ten="230,372,168,230" oya="1" hai0="113,83,32,8,39,19,106,47,13,127,12,72,53" hai1="100,74,80,60,3,42,109,54,57,62,5,92,56" hai2="135,133,105,16,9,4,41,15,2,10,114,55,65" hai3="64,110,81,0,126,111,129,102,58,115,112,128,107"/><U93/><E3/><V121/><F105/><W87/><G0/><T95/><D113/><N who="3" m="43593" /><G64/><T76/><D127/><U7/><E42/><V18/><F114/><W29/><G58/><T20/><D106/><U26/><E109/><N who="3" m="41482" /><G29/><T116/><D116/><U35/><E80/><V22/><F65/><W119/><G126/><T82/><D82/><U104/><E74/><V51/><F41/><W1/><G1/><T25/><D95/><U30/><E104/><V120/><F51/><W63/><G63/><T69/><D69/><U124/><E124/><V134/><REACH who="2" step="1"/><F55/><REACH who="2" ten="230,372,158,230" step="2"/><W101/><G119/><T77/><D53/><U37/><E54/><V66/><F66/><W79/><G107/><T89/><D47/><U36/><E62/><V11/><F11/><W103/><AGARI ba="1,1" hai="79,81,87,101,102,103,128,129" m="41482,43593" machi="103" ten="40,5200,0" yaku="14,1,34,2" doraHai="71" who="3" fromWho="3" sc="230,-14,372,-27,158,-14,230,65" /><INIT seed="2,0,0,1,3,2" ten="216,345,144,295" oya="2" hai0="119,10,24,50,8,127,82,91,132,19,47,134,12" hai1="124,105,77,13,40,70,45,11,9,6,1,31,21" hai2="108,37,39,33,25,69,59,72,101,7,116,113,62" hai3="51,49,20,4,66,53,129,118,42,85,28,46,84"/><V90/><F113/><W107/><G118/><T36/><D36/><U54/><E105/><V103/><F116/><W16/><G107/><T88/><D119/><U128/><E124/><V60/><F72/><W112/><G129/><T56/><D127/><U55/><E70/><V100/><F69/><W95/><G66/><T122/><D122/><U111/><E111/><V18/><F108/><W41/><G28/><T121/><D121/><U15/><E77/><V79/><F79/><W22/><G112/><T87/><D56/><U78/><E78/><V110/><F110/><W68/><G4/><T58/><D58/><U5/><E128/><V17/><F90/><N who="3" m="53703" /><G20/><T64/><D64/><U52/><E1/><V115/><F115/><W38/><G38/><T73/><D73/><U43/><E45/><V97/><F37/><W75/><G85/><T44/><D24/><AGARI ba="0,0" hai="5,6,9,11,13,15,21,24,31,40,43,52,54,55" machi="24" ten="40,8000,1" yaku="9,1,8,1,52,2,54,1" doraHai="2" who="1" fromWho="0" sc="216,-80,345,80,144,0,295,0" /><INIT seed="3,0,0,2,1,2" ten="136,425,144,295" oya="3" hai0="115,34,102,112,21,131,124,14,15,107,74,63,28" hai1="92,76,46,26,100,110,86,35,44,24,132,89,0" hai2="118,82,111,83,52,18,9,104,58,40,45,130,20" hai3="43,79,1,135,71,4,134,84,69,98,49,81,10"/><W7/><G98/><T33/><D74/><U108/><E0/><V96/><F118/><W99/><G99/><T122/><D102/><U53/><E100/><V64/><F111/><W48/><G7/><T73/><D73/><U66/><E66/><V121/><F104/><W22/><G22/><T31/><D63/><U23/><E76/><V25/><F130/><W94/><G94/><T129/><D107/><U78/><E78/><V101/><F121/><W117/><G117/><T87/><D87/><U88/><E132/><N who="3" m="50730" /><G43/><T55/><D55/><U103/><E103/><V39/><F64/><W13/><G1/><T37/><D37/><U133/><E133/><V114/><F114/><W77/><G77/><T72/><D72/><U90/><E35/><N who="0" m="13321" /><D124/><U97/><E90/><V3/><F96/><W125/><G125/><T80/><D80/><U56/><E108/><V30/><F101/><W93/><G93/><T65/><D65/><U59/><E110/><V120/><F120/><W36/><G36/><T128/><D122/><U68/><E92/><V95/><F95/><W11/><G11/><T47/><D47/><U70/><E97/><V50/><F83/><W29/><G29/><N who="0" m="11339" /><D21/><U38/><E23/><V85/><F85/><W41/><G41/><T91/><D91/><U51/><E38/><V32/><F82/><W12/><G69/><T8/><D14/><N who="3" m="5737" /><G71/><T62/><D62/><U60/><E60/><V61/><F39/><W67/><G67/><T126/><D126/><U116/><E70/><V57/><F40/><W17/><G81/><T127/><D127/><U123/><E68/><RYUUKYOKU ba="0,0" sc="136,30,425,-10,144,-10,295,-10" hai0="8,15,112,115,128,129,131" /><INIT seed="4,1,0,2,3,91" ten="166,415,134,285" oya="0" hai0="123,117,59,109,100,29,133,88,8,61,76,112,78" hai1="122,83,33,89,34,42,66,56,24,62,38,99,90" hai2="108,134,128,113,120,98,40,43,19,11,23,130,52" hai3="27,48,15,54,7,39,87,17,65,25,106,64,135"/><T53/><D112/><U110/><E110/><V67/><F108/><W93/><G39/><T132/><D117/><U14/><E122/><V74/><F120/><W9/><G106/><T58/><D123/><U60/><E38/><V114/><F74/><W70/><G135/><N who="0" m="51787" /><D100/><U85/><E42/><N who="2" m="15915" /><F67/><N who="3" m="25675" /><G70/><T103/><D103/><U6/><E62/><V86/><F98/><W28/><G28/><T101/><D101/><U57/><E56/><V96/><F96/><W79/><G7/><T47/><D59/><U102/><E24/><N who="2" m="14463" /><F134/><W104/><G104/><T51/><D29/><U97/><E97/><V75/><F75/><W5/><G5/><T3/><D109/><U63/><E6/><V105/><F105/><W71/><G71/><T81/><D8/><U44/><E102/><V73/><F73/><W22/><G9/><T125/><D3/><U111/><E111/><V94/><F11/><W119/><G119/><T126/><D126/><U84/><E66/><V37/><F113/><W1/><G1/><T49/><D125/><U18/><E34/><V32/><F114/><W92/><G25/><T35/><D35/><U69/><E33/><V12/><F32/><W45/><G27/><T31/><D31/><U41/><E69/><V26/><F26/><W95/><G79/><N who="0" m="30251" /><D47/><U72/><E44/><V118/><F118/><W10/><G10/><T127/><D127/><U13/><E57/><V2/><F2/><W121/><G121/><T68/><D68/><U55/><E72/><V21/><F12/><W20/><G20/><T30/><D30/><U50/><E13/><V16/><F21/><RYUUKYOKU ba="1,0" sc="166,15,415,-15,134,-15,285,15" hai0="49,51,53,58,61,81,88" hai3="15,17,22,45,48,54,87,92,93,95" /><INIT seed="4,2,0,4,2,61" ten="181,400,119,300" oya="0" hai0="133,30,122,75,34,35,36,1,4,130,54,128,23" hai1="11,58,8,118,74,86,99,76,82,3,16,14,59" hai2="101,52,49,33,89,51,85,55,64,93,134,21,37" hai3="123,100,15,5,19,48,111,43,62,120,44,63,110"/><T102/><D122/><N who="3" m="46633" /><G5/><T6/><D75/><U127/><E118/><V38/><F33/><N who="0" m="12298" /><D102/><U115/><E115/><V129/><F134/><W50/><G100/><T25/><D54/><U96/><E127/><V9/><F129/><N who="0" m="49770" /><D36/><U117/><E3/><V71/><F9/><N who="3" m="6639" /><G48/><T24/><D133/><U68/><E8/><V112/><F112/><W13/><G13/><T47/><D47/><U104/><E68/><V106/><F21/><W114/><G114/><T135/><D135/><U90/><E117/><V125/><F125/><W108/><AGARI ba="2,0" hai="43,44,50,62,63,108,110,111" m="6639,46633" machi="108" ten="40,1500,0" yaku="13,1" doraHai="61" who="3" fromWho="3" sc="181,-9,400,-6,119,-6,300,21" /><INIT seed="5,0,0,1,3,16" ten="172,394,113,321" oya="1" hai0="39,120,30,107,73,79,52,89,115,87,130,112,103" hai1="126,111,18,93,71,17,123,108,54,55,26,66,95" hai2="76,104,10,125,75,45,38,110,51,124,43,56,109" hai3="5,21,23,57,135,28,41,133,29,37,42,102,119"/><U81/><E123/><V98/><F10/><W94/><G5/><T20/><D39/><U88/><E81/><V50/><F76/><W7/><G7/><T78/><D130/><U53/><E71/><V113/><F75/><W85/><G57/><T97/><D120/><U128/><E66/><V121/><F98/><N who="3" m="59735" /><G85/><T131/><D131/><U6/><E6/><V4/><F4/><W70/><G70/><T84/><D84/><U1/><E1/><V24/><F104/><W77/><G37/><T3/><D3/><U25/><E128/><V36/><F24/><N who="1" m="9321" /><E126/><N who="2" m="48747" /><F121/><W49/><G77/><T91/><D30/><N who="3" m="11881" /><G119/><T82/><D79/><U86/><E95/><V31/><F31/><W0/><G0/><T127/><D127/><U83/><E93/><V132/><F36/><W72/><G72/><T33/><D33/><U48/><E48/><N who="2" m="18475" /><F56/><W114/><G49/><T32/><D32/><U96/><E96/><V35/><F35/><W61/><G41/><T105/><D105/><U22/><E111/><N who="2" m="42507" /><F113/><N who="0" m="43594" /><D73/><U100/><E108/><V62/><F62/><W69/><G114/><T134/><D78/><U34/><E34/><V27/><F27/><W65/><G42/><T44/><D87/><U47/><E86/><V68/><F68/><W129/><G129/><T13/><D107/><U116/><E116/><V8/><F8/><W60/><G60/><T118/><D118/><U90/><E83/><V15/><F15/><W67/><G61/><T74/><D74/><U106/><E106/><V58/><F58/><W9/><G69/><T11/><D13/><U92/><E92/><V63/><F63/><RYUUKYOKU ba="0,0" sc="172,-10,394,-10,113,30,321,-10" hai2="38,43,45,132" /><INIT seed="6,1,0,0,2,10" ten="162,384,143,311" oya="2" hai0="81,38,98,124,21,96,36,11,85,39,78,17,27" hai1="84,135,133,26,107,32,75,76,103,116,57,40,43" hai2="19,62,88,3,5,110,90,134,128,7,67,117,24" hai3="64,118,129,56,69,31,120,108,89,111,2,130,44"/><V80/><F117/><W42/><G2/><T72/><D124/><U49/><E75/><V77/><F134/><W100/><G89/><T35/><D35/><U121/><E121/><V45/><F128/><N who="3" m="49259" /><G31/><T86/><D72/><U29/><E116/><V51/><F110/><W125/><G100/><T66/><D66/><U95/><E103/><V58/><F24/><W102/><G102/><T16/><D85/><U131/><E107/><V119/><F19/><W15/><G118/><T61/><D61/><U14/><E131/><V115/><F115/><W83/><G83/><T9/><D9/><U87/><E95/><V48/><F119/><W99/><G99/><T82/><D81/><U41/><E76/><V46/><F3/><W59/><G15/><T23/><REACH who="0" step="1"/><D11/><REACH who="0" ten="152,384,143,311" step="2"/><U63/><E135/><V54/><F5/><W34/><G34/><T25/><AGARI ba="1,1" hai="16,17,21,23,25,27,36,38,39,78,82,86,96,98" machi="25" ten="30,12000,2" yaku="1,1,2,1,0,1,9,1,54,1,53,1" doraHai="10" doraHaiUra="74" who="0" fromWho="0" sc="152,133,384,-31,143,-61,311,-31" /><INIT seed="7,0,0,2,3,117" ten="285,353,82,280" oya="3" hai0="53,3,23,103,76,90,127,120,119,100,126,110,34" hai1="36,37,55,26,109,130,107,50,47,114,92,40,58" hai2="27,108,95,89,5,135,118,35,64,77,28,18,6" hai3="71,73,38,134,128,132,74,80,125,1,4,78,33"/><W52/><G128/><T48/><D110/><U56/><E109/><V12/><F108/><W15/><G125/><N who="0" m="47627" /><D119/><U116/><E107/><V133/><F77/><W84/><G33/><T19/><D34/><U25/><E114/><V98/><F64/><W115/><G1/><T60/><D3/><U22/><E92/><V11/><F118/><W69/><G38/><T67/><D76/><U99/><E99/><V96/><F96/><W61/><G115/><T124/><N who="0" m="47635" /><T39/><DORA hai="94" /><D39/><U54/><E47/><V113/><REACH who="2" step="1"/><F113/><REACH who="2" ten="285,353,72,280" step="2"/><W86/><G73/><T10/><D67/><U51/><E116/><V129/><F129/><W82/><G74/><T104/><D104/><U121/><E130/><V85/><F85/><W13/><G69/><T42/><D100/><U79/><E79/><V2/><F2/><W123/><G71/><T41/><D103/><U72/><E72/><V91/><F91/><W88/><G88/><T122/><D90/><U24/><E36/><V93/><F93/><W0/><G78/><T46/><D10/><U62/><E37/><V105/><F105/><W66/><G0/><T29/><D29/><U30/><E30/><V44/><F44/><W101/><G101/><T111/><D111/><U31/><E31/><V9/><F9/><W21/><G66/><T97/><D97/><U16/><E58/><V7/><F7/><W106/><G4/><T32/><D46/><U102/><E56/><V63/><F63/><W20/><G106/><T17/><D60/><U112/><E62/><V45/><F45/><W65/><G61/><T75/><D75/><RYUUKYOKU ba="0,1" sc="285,-10,353,-10,72,30,280,-10" hai2="5,6,11,12,18,27,28,35,89,95,98,133,135" owari="275,7.5,353,45.3,102,-39.8,270,-13.0" /></mjloggm>