<mjloggm ver="2.3"><GO type="169" lobby="0"/><UN n0="%53%65%72%69%61" n1="%E5%8D%88%E5%BE%8C%E3%82%B4%E3%83%AA%E3%83%A9" n2="%E3%81%95%E3%82%84%E3%81%95%E3%82%84" n3="%67%2D%65%6E%6B%69" dan="16,16,16,16" rate="2119.61,2151.85,2122.40,2099.24" sx="M,M,M,M"/><TAIKYOKU oya="0"/><INIT seed="0,0,0,2,3,1" ten="250,250,250,250" oya="0" hai0="15,25,20,104,63,9,121,134,17,24,83,86,40" hai1="22,16,31,110,8,122,5,46,44,89,72,0,38" hai2="114,90,97,66,92,33,10,106,131,13,2,124,99" hai3="135,61,37,120,133,87,60,95,34,56,12,100,80"/><T51/><D134/><N who="3" m="51209" /><G37/><T78/><D104/><U67/><E122/><V129/><F33/><W91/><G34/><T36/><D121/><U82/><E67/><V48/><F2/><W68/><G68/><T53/><D36/><U50/><E31/><V70/><F114/><W21/><G120/><T126/><D126/><U108/><E38/><V58/><F70/><W11/><G21/><T23/><D63/><N who="3" m="24137" /><G56/><T64/><D64/><U57/><E57/><V49/><F106/><W84/><G100/><T119/><D40/><U27/><E72/><V29/><F124/><W19/><G84/><T28/><D119/><U81/><E89/><V59/><F29/><W109/><G109/><N who="1" m="42090" /><E46/><V32/><F32/><W111/><G111/><T7/><REACH who="0" step="1"/><D51/><REACH who="0" ten="240,250,250,250" step="2"/><U14/><E0/><V112/><F48/><W98/><G98/><T4/><D4/><U69/><E69/><V77/><F49/><W62/><G62/><T128/><D128/><U123/><E123/><V76/><F97/><W54/><G54/><AGARI ba="0,1" hai="7,9,15,17,20,23,24,25,28,53,54,78,83,86" machi="54" ten="40,7700,0" yaku="1,1,8,1,52,1,53,0" doraHai="1" doraHaiUra="101" who="0" fromWho="3" sc="240,87,250,0,250,0,250,-77" /><AGARI ba="0,0" hai="5,8,14,16,22,27,44,50,54,81,82" m="42090" machi="54" ten="30,3900,0" yaku="14,1,52,1,54,1" doraHai="1" who="1" fromWho="3" sc="327,0,250,39,250,0,173,-39" /><INIT seed="0,1,0,2,3,98" ten="327,289,250,134" oya="0" hai0="58,26,130,126,20,27,54,72,50,4,91,117,133" hai1="99,77,89,32,28,65,70,49,59,114,44,103,63" hai2="61,19,57,118,46,43,81,125,17,53,34,101,97" hai3="41,62,122,25,96,55,132,95,100,123,16,75,105"/><T116/><D130/><U56/><E114/><V60/><F118/><W124/><G75/><T33/><D133/><U78/><E89/><V82/><F125/><W73/><G73/><T76/><D126/><U67/><E67/><V64/><F34/><W2/><G2/><T108/><D108/><U131/><E131/><V15/><F17/><W31/><G41/><T127/><D127/><U83/><E59/><V3/><F3/><W42/><G42/><T18/><D4/><U24/><E56/><V71/><F15/><W102/><G124/><T115/><D115/><U35/><E83/><V112/><F19/><W47/><G31/><T40/><D40/><U119/><E35/><V94/><REACH who="2" step="1"/><F112/><REACH who="2" ten="327,289,240,134" step="2"/><W11/><G132/><T113/><D113/><U93/><E119/><V29/><F29/><W85/><G25/><T1/><D1/><U106/><REACH who="1" step="1"/><E93/><REACH who="1" ten="327,279,240,134" step="2"/><V120/><F120/><W88/><G123/><T38/><D117/><U45/><E45/><V8/><F8/><W10/><G122/><T134/><D116/><U80/><E80/><V69/><F69/><W52/><G10/><T110/><D134/><U74/><E74/><V22/><F22/><W51/><G11/><T14/><D33/><U86/><E86/><V128/><F128/><W30/><G95/><T21/><D21/><U7/><E7/><V36/><AGARI ba="1,2" hai="36,43,46,53,57,60,61,64,71,81,82,94,97,101" machi="36" ten="20,5200,0" yaku="1,1,0,1,7,1,52,1,53,0" doraHai="98" doraHaiUra="109" who="2" fromWho="2" sc="327,-27,279,-14,240,75,134,-14" /><INIT seed="1,0,0,0,5,100" ten="300,265,315,120" oya="1" hai0="50,81,32,102,62,28,82,75,116,2,66,123,68" hai1="58,56,105,35,42,46,0,117,16,25,37,124,79" hai2="51,60,14,61,30,126,113,95,73,65,70,120,128" hai3="135,129,92,87,72,83,1,55,118,74,53,88,99"/><U93/><E0/><V13/><F120/><W41/><G1/><T33/><D116/><U127/><E117/><V6/><F113/><W108/><G118/><T40/><D123/><U36/><E36/><V107/><F73/><W43/><G108/><T54/><D2/><U8/><E79/><V23/><F107/><W71/><G71/><T132/><D132/><U125/><E93/><V18/><F128/><W80/><G135/><T130/><D130/><U48/><E37/><V34/><F126/><W94/><G87/><T49/><D102/><U7/><E105/><V109/><F109/><W45/><G45/><T31/><D40/><U52/><E7/><V119/><F119/><W91/><REACH who="3" step="1"/><G99/><REACH who="3" ten="300,265,315,110" step="2"/><T77/><D68/><U101/><E42/><V84/><F70/><W111/><G111/><T115/><D115/><U29/><REACH who="1" step="1"/><E101/><REACH who="1" ten="300,255,315,110" step="2"/><V15/><F6/><W90/><G90/><T39/><D77/><U76/><E76/><V134/><F134/><W114/><G114/><T20/><D75/><U4/><E4/><V59/><F34/><W27/><G27/><T17/><D33/><U133/><E133/><V85/><F13/><AGARI ba="0,2" hai="8,13,16,25,29,35,46,48,52,56,58,124,125,127" machi="13" ten="40,12000,1" yaku="1,1,18,1,54,2,53,0" doraHai="100" doraHaiUra="69" who="1" fromWho="2" sc="300,0,255,140,315,-120,110,0" /><INIT seed="1,1,0,4,4,10" ten="300,395,195,110" oya="1" hai0="88,91,120,104,113,44,84,105,66,79,124,65,86" hai1="34,20,1,80,77,78,133,121,49,95,62,131,119" hai2="63,18,85,41,48,5,58,23,26,17,68,96,32" hai3="70,4,69,97,127,125,108,122,54,89,6,8,24"/><U22/><E1/><V21/><F68/><W33/><G122/><T60/><D113/><U67/><E34/><V128/><F128/><W130/><G6/><T107/><D120/><U25/><E119/><V52/><F32/><W50/><G130/><T19/><D124/><U13/><E133/><V59/><F5/><W43/><G43/><T81/><D44/><U90/><E131/><V30/><F96/><W116/><G89/><T115/><D115/><U92/><E49/><V76/><F41/><W129/><G129/><T106/><N who="0" m="26624" /><DORA hai="55" /><T135/><D135/><U40/><E95/><V109/><F109/><W103/><G116/><T46/><D46/><U3/><E3/><V7/><F7/><W45/><G97/><T72/><D19/><N who="1" m="10351" /><E40/><V16/><F85/><W29/><G103/><T31/><D31/><N who="1" m="17847" /><E80/><V74/><F74/><W101/><G101/><T14/><D14/><U2/><E2/><V126/><F76/><W110/><G70/><T114/><D114/><U82/><E82/><V15/><F126/><N who="3" m="48139" /><G69/><T117/><D117/><U42/><E42/><V36/><REACH who="2" step="1"/><F36/><REACH who="2" ten="300,395,185,110" step="2"/><W12/><AGARI ba="1,1" hai="4,8,12,24,29,33,45,50,54,108,110" m="48139" machi="12" ten="30,2000,0" yaku="18,1,52,1" doraHai="10,55" who="3" fromWho="3" sc="300,-6,395,-11,185,-6,110,33" /><INIT seed="2,0,0,0,5,65" ten="294,384,179,143" oya="2" hai0="106,130,113,99,64,79,77,35,118,23,4,66,68" hai1="17,18,95,48,85,119,114,111,28,107,56,15,120" hai2="30,96,47,32,74,34,19,76,55,110,13,40,43" hai3="69,44,78,7,129,134,45,73,86,80,67,103,27"/><V0/><F0/><W101/><G134/><T24/><D113/><U12/><E107/><V132/><F132/><W3/><G129/><T115/><D115/><U59/><E114/><V33/><F110/><W108/><G108/><T53/><D130/><U122/><E111/><V51/><F96/><W88/><G27/><T20/><D118/><U50/><E28/><V97/><F97/><W38/><G7/><T109/><D35/><U83/><E95/><V75/><F30/><W11/><G11/><T1/><D109/><U71/><E85/><V93/><F93/><W42/><G45/><T39/><D39/><U25/><E25/><V52/><F76/><W2/><G3/><T58/><D4/><U16/><E18/><V131/><F131/><W61/><REACH who="3" step="1"/><G2/><REACH who="3" ten="294,384,179,133" step="2"/><T14/><D24/><U22/><E119/><V36/><F47/><W121/><G121/><T54/><D1/><U135/><E135/><V72/><F36/><W49/><G49/><T89/><D14/><U116/><E116/><V37/><F37/><W8/><G8/><T91/><D20/><U21/><E12/><V82/><F51/><W100/><G100/><T10/><D23/><U102/><E15/><V126/><F126/><W117/><G117/><T6/><D10/><U98/><E102/><V127/><F127/><W84/><G84/><T9/><D9/><U31/><E31/><V90/><F74/><W92/><AGARI ba="0,1" hai="38,42,44,61,67,69,73,78,80,86,88,92,101,103" machi="92" ten="20,12000,2" yaku="1,1,0,1,7,1,52,1,54,1,53,1" doraHai="65" doraHaiUra="41" who="3" fromWho="3" sc="294,-30,384,-30,179,-60,133,130" /><INIT seed="3,0,0,1,2,28" ten="264,354,119,263" oya="3" hai0="24,103,78,48,134,71,40,21,7,5,135,18,104" hai1="132,107,77,41,59,106,49,58,43,108,114,93,73" hai2="10,0,102,67,115,37,133,122,88,44,64,31,121" hai3="62,123,85,87,20,61,86,12,45,6,29,130,19"/><W17/><G130/><T52/><D71/><U54/><E114/><V2/><F115/><W55/><G123/><N who="2" m="47113" /><F102/><W89/><G6/><T74/><D40/><U94/><E108/><V119/><F119/><W38/><G29/><T16/><D18/><U101/><E132/><N who="0" m="50729" /><D78/><U90/><E77/><V99/><F133/><W66/><G38/><T76/><D76/><U124/><E73/><V3/><F31/><W118/><G66/><N who="2" m="25129" /><F10/><W26/><G89/><T79/><D79/><U51/><E101/><V96/><F88/><W8/><REACH who="3" step="1"/><G118/><REACH who="3" ten="264,354,119,253" step="2"/><T9/><D74/><U109/><E90/><V120/><N who="2" m="47121" /><V69/><DORA hai="131" /><F69/><W30/><G30/><T83/><D5/><U91/><E91/><V56/><F37/><W82/><G82/><T13/><D83/><U53/><E124/><V23/><F99/><W68/><G68/><T117/><D117/><U100/><E100/><V60/><F96/><W63/><G63/><T111/><D103/><U70/><E70/><V126/><F60/><W33/><G33/><T11/><D7/><U129/><E129/><V1/><N who="2" m="0" /><DORA hai="116" /><V35/><F126/><W36/><G36/><T47/><D111/><U81/><E81/><V57/><F35/><W95/><G95/><T113/><D113/><U127/><E127/><V50/><F23/><W39/><G39/><T128/><D128/><U42/><E109/><V4/><F4/><W125/><G125/><T80/><D80/><U14/><E107/><V46/><F50/><AGARI ba="0,1" hai="8,12,17,19,20,26,45,50,55,61,62,85,86,87" machi="50" ten="40,3900,0" yaku="1,1,8,1,53,0" doraHai="28,131,116" doraHaiUra="98,97,84" who="3" fromWho="2" sc="264,0,354,0,119,-39,253,49" /><INIT seed="3,1,0,1,3,91" ten="264,354,80,302" oya="3" hai0="98,30,134,92,1,7,97,74,89,126,2,128,67" hai1="6,76,50,70,105,90,109,9,94,45,10,42,131" hai2="106,41,40,81,125,82,65,108,80,61,53,95,135" hai3="101,49,129,87,44,55,118,11,26,58,104,130,52"/><W102/><G118/><T116/><D116/><U23/><E105/><V34/><F34/><W79/><G104/><T71/><D128/><N who="3" m="49257" /><G26/><T110/><D110/><U27/><E131/><V99/><F108/><W133/><G11/><T123/><D123/><U88/><E109/><V63/><F125/><W16/><G16/><T12/><D126/><U96/><E70/><V48/><F106/><W38/><G133/><T33/><D74/><U111/><E111/><V115/><F135/><W124/><G124/><T77/><D77/><U73/><E73/><V122/><F115/><W119/><G119/><T46/><D134/><U20/><E76/><V64/><F122/><W3/><G3/><T60/><D46/><U8/><E6/><V112/><F112/><W72/><G72/><T117/><D117/><U22/><REACH who="1" step="1"/><E90/><REACH who="1" ten="264,344,80,302" step="2"/><V43/><F48/><N who="3" m="30983" /><G38/><T59/><D7/><U28/><AGARI ba="1,1" hai="8,9,10,20,22,23,27,28,42,45,50,88,94,96" machi="28" ten="30,16000,3" yaku="1,1,0,1,8,1,52,1,54,1,53,3" doraHai="91" doraHaiUra="5" who="1" fromWho="1" sc="264,-41,344,173,80,-41,302,-81" /><INIT seed="4,0,0,4,0,31" ten="223,517,39,221" oya="0" hai0="9,30,130,33,13,94,75,10,102,135,100,64,93" hai1="20,47,62,105,51,113,82,107,122,74,121,60,98" hai2="16,114,129,58,19,119,84,21,125,112,2,124,46" hai3="48,83,55,35,109,12,73,97,76,86,131,92,132"/><T106/><D130/><U40/><E113/><N who="2" m="43627" /><F46/><W17/><G109/><T32/><D135/><U44/><E82/><V63/><F84/><W71/><G132/><T128/><D128/><U43/><E20/><V65/><F2/><W45/><G131/><T29/><D64/><U120/><E74/><V87/><F129/><W23/><G71/><T117/><D75/><U0/><E0/><V28/><F119/><W4/><G73/><T67/><D67/><U22/><E22/><V115/><N who="2" m="43635" /><V5/><DORA hai="24" /><F5/><W108/><G108/><T39/><D13/><U66/><E98/><V88/><F28/><N who="0" m="10858" /><D39/><U123/><E123/><V14/><F19/><W68/><G68/><T1/><D106/><U126/><E126/><V127/><F124/><W36/><G4/><T6/><D117/><U41/><E66/><V50/><F50/><W110/><G110/><T52/><D52/><U81/><E51/><V18/><F18/><W11/><G36/><T56/><D56/><U37/><E81/><AGARI ba="0,0" hai="14,16,21,58,63,65,81,87,88,125,127" m="43635" machi="81" ten="40,5200,0" yaku="15,1,54,2" doraHai="31,24" who="2" fromWho="1" sc="223,0,517,-52,39,52,221,0" /><INIT seed="5,0,0,3,3,98" ten="223,465,91,221" oya="1" hai0="61,77,57,3,113,39,52,28,117,90,125,105,130" hai1="10,66,124,43,16,7,11,133,109,15,91,53,62" hai2="59,0,54,48,24,30,74,128,68,32,56,9,5" hai3="13,85,93,44,96,102,134,99,132,131,73,82,97"/><U18/><E133/><N who="3" m="51306" /><G44/><T40/><D117/><U41/><E124/><V87/><F128/><W1/><G1/><T2/><D125/><U118/><E118/><V47/><F68/><W84/><G13/><T55/><D130/><U72/><E72/><V4/><F74/><W120/><G131/><T112/><D105/><U122/><E122/><V29/><F29/><W107/><G120/><T111/><D77/><U23/><E53/><V69/><F69/><W95/><G107/><T46/><D111/><U103/><E91/><V70/><F70/><W116/><G116/><T50/><D90/><U75/><E75/><V8/><REACH who="2" step="1"/><F87/><REACH who="2" ten="223,465,81,221" step="2"/><N who="3" m="33355" /><G95/><T58/><REACH who="0" step="1"/><D28/><REACH who="0" ten="213,465,81,221" step="2"/><U121/><E109/><V127/><F127/><W6/><G6/><T81/><D81/><U106/><E7/><V83/><F83/><W45/><G45/><T67/><D67/><U21/><E66/><V101/><F101/><W114/><G114/><AGARI ba="0,2" hai="2,3,39,40,46,50,52,55,57,58,61,112,113,114" machi="114" ten="40,5200,0" yaku="1,1,15,1,54,1,53,0" doraHai="98" doraHaiUra="104" who="0" fromWho="3" sc="213,72,465,0,81,0,221,-52" /><INIT seed="6,0,0,0,3,57" ten="285,465,81,169" oya="2" hai0="130,47,56,84,27,127,42,116,105,49,15,35,51" hai1="58,101,93,48,26,11,2,20,52,8,38,68,128" hai2="12,32,40,83,97,120,6,34,108,129,72,24,123" hai3="104,41,36,99,70,44,16,30,31,112,61,110,115"/><V60/><F129/><W91/><G110/><T74/><D74/><U78/><E38/><V75/><F40/><W14/><G104/><T76/><D130/><U50/><E128/><V9/><F108/><W21/><G99/><T92/><D105/><U77/><E68/><V64/><F97/><W111/><G91/><T28/><D127/><U69/><E69/><V66/><F66/><N who="3" m="41295" /><G111/><T131/><D131/><U118/><E118/><V29/><F32/><W1/><G1/><T10/><D116/><U96/><E48/><V45/><F45/><W124/><G124/><T0/><D0/><U132/><E132/><V79/><REACH who="2" step="1"/><F72/><REACH who="2" ten="285,465,71,169" step="2"/><W17/><G17/><T106/><D35/><U114/><E96/><V122/><F122/><W46/><G44/><T59/><D47/><U107/><E107/><V39/><F39/><W80/><G36/><T71/><D42/><U37/><E37/><V117/><F117/><W4/><G46/><T82/><D106/><U113/><E101/><V94/><F94/><W90/><G41/><T125/><D92/><U134/><E93/><V100/><F100/><W25/><G80/><T87/><D82/><U67/><E67/><V102/><F102/><W3/><G90/><T33/><D33/><U43/><E43/><V95/><F95/><W13/><G3/><T5/><D125/><U126/><E2/><V121/><F121/><W18/><G4/><T54/><D5/><U55/><E126/><V88/><F88/><W65/><G65/><T86/><D84/><U22/><E55/><V85/><F85/><W133/><G133/><T23/><D54/><RYUUKYOKU ba="0,1" sc="285,-10,465,-10,71,30,169,-10" hai2="6,9,12,24,29,34,60,64,75,79,83,120,123" /><INIT seed="6,1,1,4,2,75" ten="275,455,101,159" oya="2" hai0="99,64,43,34,45,105,90,35,8,6,27,71,32" hai1="97,53,0,107,4,48,5,81,17,56,123,106,49" hai2="26,24,61,52,31,76,68,70,102,7,89,69,96" hai3="120,50,92,84,82,22,134,42,12,86,65,1,2"/><V133/><F133/><W10/><G134/><T110/><D110/><U9/><E5/><V114/><F114/><W73/><G120/><T128/><D128/><U33/><E33/><V66/><F7/><W109/><G109/><T126/><D126/><U79/><E123/><V54/><F89/><W87/><G22/><T85/><D27/><U116/><E116/><V80/><F69/><W67/><G92/><T18/><D18/><U98/><E17/><V36/><F36/><W57/><G2/><T132/><D132/><U122/><E48/><V119/><F70/><W91/><G1/><T108/><D108/><U127/><E127/><V78/><F24/><W39/><G39/><T115/><D115/><U125/><E125/><V14/><F14/><W13/><G91/><T62/><D105/><U29/><E29/><V58/><F119/><W55/><G13/><T124/><D99/><U63/><E122/><V74/><F78/><W93/><G93/><T41/><D124/><U51/><E51/><V15/><F15/><W88/><G73/><T44/><D43/><U3/><E3/><V131/><F131/><W113/><G42/><T77/><D77/><U19/><E107/><N who="2" m="63943" /><F58/><W23/><G113/><T59/><D71/><U94/><E106/><V118/><F118/><W129/><G23/><T103/><D41/><U21/><E94/><V40/><F40/><W20/><G20/><T37/><D37/><U100/><E100/><V101/><F101/><W95/><G129/><T47/><D103/><U30/><E21/><V135/><F135/><W60/><G95/><N who="0" m="54735" /><D6/><U117/><E4/><RYUUKYOKU ba="1,1" sc="275,15,455,-15,101,15,159,-15" hai0="8,32,34,35,44,45,47,59,62,64" hai2="26,31,52,54,61,66,68,74,76,80" /><INIT seed="6,2,1,2,3,101" ten="290,440,116,144" oya="2" hai0="125,75,83,34,69,88,109,44,132,115,57,70,110" hai1="82,72,0,2,68,58,6,103,92,37,98,29,84" hai2="7,3,89,112,42,102,4,104,54,47,32,97,46" hai3="123,39,50,128,26,33,93,40,90,56,106,55,35"/><V119/><F112/><W14/><G123/><T99/><D115/><U5/><E68/><V63/><F119/><W15/><G128/><T20/><D34/><U27/><E37/><V111/><F32/><W122/><G122/><T28/><D132/><U51/><E72/><V38/><F111/><W95/><G39/><T41/><D125/><U43/><E2/><V124/><F124/><W60/><G106/><T8/><D57/><U66/><E0/><V49/><F3/><W87/><G95/><T74/><D8/><U67/><E43/><V18/><F63/><W16/><G15/><T48/><D70/><U22/><E51/><V126/><F126/><W52/><G40/><T31/><D69/><U113/><E113/><V86/><REACH who="2" step="1"/><F18/><REACH who="2" ten="290,440,106,144" step="2"/><W17/><G17/><T30/><D110/><U127/><E127/><V135/><F135/><W105/><G26/><T19/><D109/><U78/><E67/><V1/><F1/><W120/><G120/><T62/><D62/><AGARI ba="2,2" hai="5,6,22,27,29,58,62,66,78,82,84,92,98,103" machi="62" ten="40,5200,0" yaku="25,2,8,1" doraHai="101" who="1" fromWho="0" sc="290,-58,440,78,106,0,144,0" /><INIT seed="7,0,0,0,3,46" ten="232,518,106,144" oya="3" hai0="43,106,30,76,61,101,48,58,40,133,6,1,37" hai1="19,22,63,121,4,16,26,79,39,111,95,119,7" hai2="83,129,23,75,116,36,131,33,17,29,94,81,65" hai3="54,20,71,115,2,60,123,130,18,98,51,67,59"/><W69/><G123/><T47/><D133/><U57/><E39/><V70/><F36/><W41/><G2/><T89/><D76/><U87/><E111/><V5/><F65/><W25/><G115/><T103/><D30/><U68/><E68/><V114/><F70/><W62/><G130/><N who="2" m="49673" /><F75/><W120/><G120/><T113/><D113/><U13/><E119/><V109/><F83/><W27/><G41/><T91/><D40/><U135/><E135/><V28/><F94/><W56/><G98/><T3/><D6/><U38/><E38/><V82/><F81/><W112/><G112/><T107/><D103/><U73/><E19/><V15/><F82/><W49/><G71/><T122/><D122/><U12/><E13/><N who="2" m="9647" /><F114/><W126/><G69/><T88/><D37/><U84/><E22/><V74/><F74/><W31/><G126/><T99/><D107/><U124/><E16/><V53/><F53/><W117/><G117/><T97/><D97/><U42/><E12/><V85/><F85/><W77/><G77/><T90/><D90/><U96/><E7/><V86/><F86/><W100/><G100/><T72/><D72/><U92/><E26/><N who="2" m="18583" /><F116/><W8/><G8/><T127/><D61/><U78/><E124/><V0/><F109/><W132/><G132/><T14/><D58/><U134/><E121/><V44/><F44/><W32/><AGARI ba="0,0" hai="18,20,25,27,31,32,49,51,54,56,59,60,62,67" machi="32" ten="20,7800,0" yaku="0,1,7,1,52,2" doraHai="46" who="3" fromWho="3" sc="232,-26,518,-26,106,-26,144,78" /><INIT seed="7,1,0,1,2,118" ten="206,492,80,222" oya="3" hai0="0,103,93,1,44,45,111,48,123,121,12,36,105" hai1="70,100,99,88,83,122,126,11,116,114,78,17,56" hai2="32,46,135,51,82,47,130,91,109,58,23,106,124" hai3="30,119,62,128,115,90,107,29,79,89,108,71,60"/><W16/><G119/><T14/><D105/><U52/><E70/><V26/><F109/><W74/><G107/><T87/><D111/><U49/><E122/><N who="0" m="46601" /><D87/><U73/><E126/><V9/><F124/><W57/><G108/><T54/><D36/><U24/><E114/><V63/><F130/><W8/><G71/><T59/><D93/><U120/><E116/><V25/><F135/><W94/><G115/><T39/><D39/><U72/><E120/><V37/><F106/><W38/><G128/><T6/><D103/><U85/><E78/><V34/><F37/><W76/><G38/><T75/><D75/><U33/><E33/><V3/><F32/><W117/><G90/><T20/><D59/><U134/><E134/><V65/><F34/><W133/><G74/><T64/><D64/><U22/><E11/><V104/><F104/><AGARI ba="1,0" hai="17,22,24,49,52,56,72,73,83,85,88,99,100,104" machi="104" ten="30,3900,0" yaku="7,1,54,2" doraHai="118" who="1" fromWho="2" sc="206,0,492,42,80,-42,222,0" owari="206,-19.4,534,63.4,38,-46.2,222,2.2" /></mjloggm>