<mjloggm ver="2.3"><GO type="169" lobby="0"/><UN n0="%E3%82%A2%E3%82%AB%E3%82%AE%E3%82%B7%E3%82%B2%E3%83%A9%E3%83%8A%E3%82%A4" n1="%42%41%4E%44%49%54" n2="%E3%81%A6%E3%82%8A%E3%81%86%E3%82%80" n3="%E3%83%8A%E3%82%AB%E3%81%AB%E3%81%97" dan="16,16,16,16" rate="2037.39,2122.70,2095.53,2107.01" sx="M,M,M,M"/><TAIKYOKU oya="0"/><INIT seed="0,0,0,1,1,122" ten="250,250,250,250" oya="0" hai0="56,71,10,66,91,46,129,28,23,67,85,103,121" hai1="76,96,105,81,26,114,2,98,55,88,78,99,125" hai2="44,0,130,84,7,63,113,36,72,74,6,108,38" hai3="75,47,54,29,50,15,132,32,124,134,101,51,64"/><T123/><D129/><U110/><E2/><V49/><F113/><W45/><G75/><T68/><D103/><U52/><E114/><V43/><F130/><W100/><G124/><T92/><D56/><U135/><E125/><V127/><F127/><W41/><G64/><T126/><D126/><U65/><E135/><N who="3" m="51754" /><G15/><T20/><D10/><U69/><E105/><V30/><F30/><W97/><G97/><N who="1" m="37482" /><E69/><V86/><F49/><W12/><G12/><T48/><D67/><U109/><E65/><V39/><F63/><W120/><G120/><T17/><D68/><U102/><E26/><AGARI ba="0,0" hai="26,29,32,41,45,47,50,51,54,100,101" m="51754" machi="26" ten="30,1000,0" yaku="20,1" doraHai="122" who="3" fromWho="1" sc="250,0,250,-10,250,0,250,10" /><INIT seed="1,0,0,2,4,105" ten="250,240,250,260" oya="1" hai0="7,54,19,28,132,16,91,27,3,64,2,113,107" hai1="82,71,92,47,127,131,121,83,0,15,53,81,120" hai2="112,59,77,8,126,31,74,11,79,17,94,135,10" hai3="14,38,48,34,116,85,39,69,33,108,50,6,123"/><U96/><E0/><V40/><F126/><W122/><G108/><T9/><D107/><U36/><E71/><V115/><F31/><W75/><G69/><T26/><D64/><U106/><E127/><V68/><F68/><W51/><G85/><T104/><D104/><U86/><E106/><V4/><F135/><W76/><G14/><T66/><D66/><U97/><E131/><V129/><F129/><W93/><G93/><T24/><D91/><U134/><E134/><V73/><F40/><W42/><G42/><T20/><D54/><U89/><E36/><N who="3" m="13866" /><G6/><N who="0" m="1239" /><D113/><N who="2" m="43594" /><F4/><W84/><G84/><T109/><D109/><U58/><E47/><V98/><F17/><N who="0" m="6730" /><D132/><U13/><E121/><N who="3" m="46090" /><G76/><N who="2" m="29257" /><F59/><W55/><G55/><T125/><D125/><U90/><E120/><V87/><F87/><W43/><G43/><T110/><D110/><U49/><REACH who="1" step="1"/><E97/><REACH who="1" ten="250,230,250,260" step="2"/><V52/><F52/><W60/><G116/><T29/><D29/><U63/><E63/><V30/><F30/><W45/><G60/><T12/><D3/><U102/><E102/><AGARI ba="0,1" hai="8,10,11,73,74,94,98,102" m="29257,43594" machi="102" ten="30,3900,0" yaku="11,1,52,2" doraHai="105" who="2" fromWho="1" sc="250,0,230,-39,250,49,260,0" /><INIT seed="2,0,0,1,3,62" ten="250,191,299,260" oya="2" hai0="59,9,127,130,109,5,91,23,76,28,45,126,31" hai1="93,68,90,132,19,100,64,81,38,52,32,134,99" hai2="7,121,83,135,61,88,103,115,4,120,84,3,44" hai3="102,12,92,41,97,48,15,26,18,114,16,25,129"/><V43/><F115/><W78/><G129/><T63/><D109/><U46/><E32/><V54/><F135/><N who="1" m="51753" /><E19/><V65/><F103/><W128/><G78/><T96/><D76/><U67/><E68/><V20/><F54/><W107/><G107/><T8/><D45/><U71/><E71/><V87/><F87/><W70/><G70/><T73/><D73/><U118/><E118/><V29/><F29/><W105/><G105/><T66/><D9/><U113/><E113/><V33/><F33/><W35/><G128/><T108/><D23/><U104/><E81/><V75/><F20/><N who="3" m="11271" /><G114/><T24/><D24/><U11/><E11/><V95/><F83/><W17/><G17/><T79/><D79/><U82/><E82/><V6/><F3/><W133/><G35/><T57/><D108/><U40/><E52/><V60/><F75/><W106/><G106/><T42/><D59/><U69/><E69/><V131/><F131/><W1/><G1/><T49/><D130/><U27/><E27/><V53/><F53/><W36/><G133/><T101/><D31/><U122/><E122/><V37/><REACH who="2" step="1"/><F61/><REACH who="2" ten="250,191,289,260" step="2"/><W58/><G25/><T111/><D28/><U123/><E123/><V55/><F55/><N who="3" m="32103" /><G26/><T10/><D111/><U0/><E0/><V14/><F14/><W74/><G74/><T21/><D21/><U110/><E110/><V86/><F86/><AGARI ba="0,1" hai="38,40,46,64,67,86,90,93,99,100,104" m="51753" machi="86" ten="30,3900,0" yaku="20,1,52,2" doraHai="62" who="1" fromWho="2" sc="250,0,191,49,289,-39,260,0" /><INIT seed="3,0,0,5,4,75" ten="250,240,250,260" oya="3" hai0="127,44,118,51,25,83,20,105,69,71,81,88,7" hai1="41,61,68,115,56,72,110,50,58,100,119,63,21" hai2="114,134,67,35,131,93,19,40,92,46,16,73,77" hai3="87,99,64,22,42,85,55,33,2,82,103,101,123"/><W59/><G33/><T122/><D118/><U60/><E72/><V26/><F114/><W52/><G123/><T53/><D122/><U12/><E115/><V121/><F121/><W135/><G2/><T86/><D105/><U89/><E110/><V106/><F106/><W128/><G135/><T3/><D127/><U94/><E100/><N who="3" m="38474" /><G128/><T90/><D7/><U97/><E68/><V15/><F67/><W37/><G37/><T24/><D24/><U84/><E119/><V96/><F134/><W65/><G99/><T54/><D3/><U11/><E21/><V120/><F120/><W66/><G42/><N who="0" m="24983" /><D71/><U117/><E117/><V57/><F57/><W129/><G129/><T23/><D23/><U13/><E97/><V113/><F113/><W132/><G132/><T80/><D69/><U47/><REACH who="1" step="1"/><E13/><REACH who="1" ten="250,230,250,260" step="2"/><V17/><F15/><W8/><G22/><T130/><D130/><U28/><E28/><V39/><F96/><W5/><G87/><N who="0" m="50279" /><D81/><U125/><E125/><V29/><REACH who="2" step="1"/><F131/><REACH who="2" ten="250,230,240,260" step="2"/><W1/><G1/><T32/><D32/><U48/><E48/><V4/><F4/><AGARI ba="0,2" hai="4,11,12,41,47,50,56,58,60,61,63,84,89,94" machi="4" ten="40,5200,0" yaku="1,1,8,1,53,1" doraHai="75" doraHaiUra="0" who="1" fromWho="2" sc="250,0,230,72,240,-52,260,0" /><INIT seed="4,0,0,4,0,130" ten="250,302,188,260" oya="0" hai0="125,73,75,116,4,77,76,119,55,1,121,9,135" hai1="89,21,84,16,94,72,19,49,106,14,68,93,2" hai2="29,113,26,134,131,115,92,52,107,62,80,129,100" hai3="65,101,103,53,50,54,97,91,61,120,99,83,15"/><T64/><D121/><U123/><E106/><V43/><F43/><W133/><G120/><T117/><D125/><U90/><E123/><V46/><F107/><W44/><G133/><T96/><D96/><U34/><E34/><V109/><F109/><W12/><G83/><T86/><D86/><U25/><E2/><V41/><F80/><W102/><G54/><T112/><D64/><U33/><E68/><V111/><F111/><W126/><G126/><T17/><D112/><N who="2" m="43082" /><F92/><W105/><G91/><T3/><D55/><U23/><E33/><V108/><F100/><W67/><G67/><T18/><D117/><U22/><E72/><V74/><F74/><W0/><G0/><T104/><D104/><U40/><E23/><V28/><F108/><W87/><G87/><T114/><D114/><U48/><E40/><V42/><F29/><W79/><G79/><T38/><D38/><U59/><E59/><N who="2" m="35175" /><F46/><W132/><G105/><T20/><D20/><U95/><E94/><V31/><F134/><W6/><G132/><T82/><D135/><U69/><E69/><V51/><F31/><W60/><G102/><T47/><D47/><U30/><E30/><V71/><F71/><W7/><G44/><T27/><D82/><U35/><E35/><N who="2" m="20887" /><F51/><W70/><G70/><T127/><D127/><U37/><E37/><V5/><F5/><W45/><G45/><T128/><D4/><U36/><E36/><V39/><F39/><W63/><G50/><T118/><D118/><U32/><E32/><V13/><F13/><W8/><G12/><T110/><D116/><U24/><E14/><RYUUKYOKU ba="0,0" sc="250,-15,302,15,188,15,260,-15" hai1="16,19,21,22,24,25,48,49,84,89,90,93,95" hai2="41,42,129,131" /><INIT seed="5,1,0,3,5,126" ten="235,317,203,245" oya="1" hai0="112,104,2,102,16,119,88,38,67,55,0,36,100" hai1="125,93,54,57,23,90,65,56,127,45,43,35,81" hai2="37,113,61,85,71,131,49,82,39,66,108,20,10" hai3="73,22,129,86,70,122,17,18,135,33,83,62,123"/><U115/><E35/><V64/><F108/><W58/><G33/><T41/><D119/><U80/><E115/><V117/><F117/><W15/><G73/><T19/><D55/><U99/><E65/><V48/><F20/><W72/><G72/><T30/><D41/><U28/><E28/><V133/><F10/><W109/><G109/><T94/><D94/><U97/><E97/><V32/><F32/><W92/><G70/><T68/><D68/><U69/><E69/><N who="2" m="42127" /><F85/><W84/><G135/><T79/><D79/><U114/><E114/><V116/><F82/><N who="1" m="31849" /><E23/><V111/><F111/><W89/><G18/><T132/><D67/><U77/><E77/><V3/><F3/><W26/><G26/><T76/><D76/><U25/><E25/><V29/><F29/><W4/><G4/><T74/><D74/><U107/><E107/><V6/><F6/><W96/><G86/><T91/><D104/><U134/><E134/><V101/><F101/><W8/><G22/><T98/><D132/><U63/><E57/><V50/><F116/><W52/><REACH who="3" step="1"/><G129/><REACH who="3" ten="235,317,203,235" step="2"/><T9/><D112/><U95/><E127/><V42/><F113/><W121/><G121/><T31/><D98/><U5/><E5/><V40/><F133/><W110/><G110/><T120/><D9/><U60/><E125/><V51/><N who="2" m="12288" /><DORA hai="46" /><V118/><F118/><W14/><G14/><T12/><D120/><U11/><E99/><V75/><F75/><W106/><G106/><T53/><D12/><U44/><E11/><V59/><F71/><W130/><G130/><T27/><D27/><U128/><E128/><RYUUKYOKU ba="1,1" sc="235,15,317,-15,203,-15,235,15" hai0="0,2,16,19,30,31,36,38,53,88,91,100,102" hai3="8,15,17,52,58,62,83,84,89,92,96,122,123" /><INIT seed="6,2,1,2,0,53" ten="250,302,188,250" oya="2" hai0="39,97,18,91,112,46,0,31,121,68,70,123,50" hai1="94,22,5,15,120,56,63,45,122,62,85,33,41" hai2="48,69,64,135,127,77,101,78,126,80,10,110,23" hai3="25,130,75,73,88,27,34,103,76,51,105,111,8"/><V42/><F135/><W129/><G111/><T118/><D0/><U82/><E33/><V131/><F131/><N who="3" m="50187" /><G76/><T43/><D31/><U108/><E108/><V92/><F101/><W102/><G8/><T61/><D112/><U17/><E94/><V106/><F106/><W57/><G27/><T36/><D18/><U55/><E5/><V125/><F110/><W99/><G103/><T79/><D79/><U128/><E128/><V86/><F92/><N who="3" m="56711" /><G34/><T109/><D91/><N who="1" m="51639" /><E45/><N who="2" m="25655" /><F10/><W52/><G25/><T98/><D109/><U9/><E41/><V7/><F7/><W26/><G26/><T20/><D43/><U40/><E40/><V119/><F119/><W1/><G1/><T19/><D118/><U2/><E2/><V30/><F78/><W29/><G29/><T133/><D98/><AGARI ba="2,1" hai="51,52,57,73,75,98,102,105" m="56711,50187" machi="98" ten="30,7700,0" yaku="19,1,52,1,54,2" doraHai="53" who="3" fromWho="0" sc="250,-83,302,0,188,0,250,93" /><INIT seed="7,0,0,5,3,128" ten="167,302,188,343" oya="3" hai0="133,52,68,26,70,8,51,10,31,42,112,106,64" hai1="14,37,77,134,119,40,104,69,76,126,107,124,97" hai2="82,54,79,129,122,96,50,110,132,18,74,115,23" hai3="87,84,12,16,35,125,89,102,15,127,48,95,4"/><W62/><G35/><T109/><D109/><U34/><E34/><V56/><F132/><W123/><G123/><T49/><D106/><N who="1" m="40491" /><E69/><V120/><F115/><W6/><G102/><T86/><D133/><U73/><E37/><V43/><F129/><W59/><G48/><T58/><D112/><U108/><E40/><V25/><F110/><W94/><G94/><T130/><D130/><U113/><E113/><V117/><F117/><W75/><G75/><T19/><D86/><N who="3" m="32809" /><G89/><T100/><D100/><U67/><E108/><V60/><F96/><W29/><G95/><T1/><D64/><U116/><E67/><V111/><F111/><W24/><G15/><T44/><D10/><U13/><E97/><V39/><F39/><W131/><G24/><T0/><D19/><U3/><E3/><V28/><F18/><W114/><G29/><T9/><D9/><U91/><E134/><V61/><F43/><W85/><G16/><T21/><REACH who="0" step="1"/><D0/><REACH who="0" ten="157,302,188,343" step="2"/><U98/><E119/><V78/><REACH who="2" step="1"/><F79/><REACH who="2" ten="157,302,178,343" step="2"/><W65/><G114/><T36/><D36/><U32/><E77/><V105/><F105/><W17/><G17/><T5/><AGARI ba="0,2" hai="1,5,8,21,26,31,42,44,49,51,52,58,68,70" machi="5" ten="30,4000,0" yaku="1,1,0,1,54,1,53,0" doraHai="128" doraHaiUra="83" who="0" fromWho="0" sc="157,60,302,-10,178,-10,343,-20" owari="217,-18.3,292,9.2,168,-33.2,323,42.3" /></mjloggm>