<mjloggm ver="2.3"><GO type="169" lobby="0"/><UN n0="%E5%A5%88%E8%89%AF%E3%82%B7%E3%82%AB%E3%83%9E%E3%83%AB%EF%BC%81" n1="%E5%AF%BF%E4%BA%BA%E6%B5%81%E7%89%8C%E6%89%8B" n2="%6B%73%77%72%74" n3="%E3%83%A9%E3%82%B9%E3%82%8B%E3%81%8B%E3%81%AA" dan="16,16,16,17" rate="2138.54,2097.98,2136.99,2210.84" sx="M,M,M,M"/><TAIKYOKU oya="0"/><INIT seed="0,0,0,5,0,95" ten="250,250,250,250" oya="0" hai0="105,69,121,78,116,40,91,45,17,12,114,123,110" hai1="0,93,38,6,86,134,48,59,90,64,102,8,126" hai2="1,98,132,57,50,75,79,115,44,122,30,13,19" hai3="82,104,32,21,124,47,131,85,113,26,37,92,129"/><T60/><D114/><U4/><E38/><V76/><F115/><W111/><G104/><T67/><D116/><U65/><E134/><V87/><F122/><W103/><G32/><T61/><D78/><U55/><E126/><V96/><F75/><W83/><G113/><T128/><D128/><N who="3" m="49225" /><G111/><T27/><D110/><U46/><E4/><V56/><F1/><W118/><G118/><T117/><D117/><U36/><REACH who="1" step="1"/><E102/><REACH who="1" ten="250,240,250,250" step="2"/><V39/><F132/><W58/><G103/><T119/><D119/><U52/><E52/><N who="2" m="29767" /><F39/><W70/><G37/><T88/><D123/><U77/><E77/><N who="2" m="29771" /><F87/><W74/><G85/><T130/><D121/><U14/><E14/><V108/><F108/><W33/><G124/><T112/><D130/><U43/><AGARI ba="0,1" hai="0,6,8,36,43,46,48,55,59,64,65,86,90,93" machi="43" ten="30,7900,0" yaku="1,1,0,1,53,2" doraHai="95" doraHaiUra="63" who="1" fromWho="1" sc="250,-39,240,89,250,-20,250,-20" /><INIT seed="1,0,0,3,1,105" ten="211,329,230,230" oya="1" hai0="15,30,80,0,131,66,90,20,6,77,19,72,62" hai1="78,84,58,1,126,42,54,4,97,100,114,92,111" hai2="109,60,12,34,68,117,93,86,110,122,10,33,59" hai3="13,23,83,31,96,65,69,95,99,45,43,29,9"/><U115/><E126/><V35/><F68/><W116/><G116/><T17/><D131/><U40/><E1/><V22/><F122/><W71/><G96/><T55/><D55/><U120/><E120/><V7/><F117/><W124/><G124/><T101/><D101/><U48/><E4/><V38/><F38/><W74/><G69/><T21/><D30/><U119/><E119/><V106/><F106/><W130/><G130/><T47/><D47/><U53/><E111/><N who="2" m="42507" /><F22/><W129/><G23/><T70/><D6/><U123/><E123/><V108/><N who="2" m="42515" /><V89/><DORA hai="49" /><F34/><W57/><G71/><T36/><D0/><U121/><E121/><V112/><F112/><W28/><G129/><T25/><REACH who="0" step="1"/><D90/><REACH who="0" ten="201,329,230,230" step="2"/><U82/><REACH who="1" step="1"/><E54/><AGARI ba="0,1" hai="7,10,12,33,35,54,59,60,86,89,93" m="42515" machi="54" ten="40,2600,0" yaku="14,1,52,1" doraHai="105,49" who="2" fromWho="1" sc="201,0,329,-26,230,36,230,0" /><INIT seed="2,0,0,0,0,14" ten="201,303,266,230" oya="2" hai0="57,62,96,44,42,27,13,87,79,18,110,31,128" hai1="88,66,117,135,54,82,48,71,75,33,89,102,114" hai2="21,74,106,78,95,115,77,19,76,85,43,58,26" hai3="41,64,11,10,25,116,108,73,98,59,104,23,118"/><V50/><F115/><W15/><G73/><T86/><D110/><U127/><E114/><V109/><F106/><W53/><G64/><T1/><D1/><U67/><E117/><V122/><F122/><W105/><G41/><T83/><D128/><U97/><E33/><V29/><F109/><W16/><G11/><T119/><D119/><U22/><E135/><V47/><F74/><W101/><G105/><T63/><D96/><U112/><E127/><V20/><F58/><W60/><REACH who="3" step="1"/><G108/><REACH who="3" ten="201,303,266,220" step="2"/><T52/><D86/><U46/><E67/><V84/><REACH who="2" step="1"/><F95/><REACH who="2" ten="201,303,256,220" step="2"/><W132/><G132/><T12/><D83/><U17/><E82/><V5/><F5/><AGARI ba="0,2" hai="5,10,15,16,23,25,53,59,60,98,101,104,116,118" machi="5" ten="30,7700,0" yaku="1,1,7,1,52,1,54,1,53,0" doraHai="14" doraHaiUra="130" who="3" fromWho="2" sc="201,0,303,0,256,-77,220,97" /><INIT seed="3,0,0,2,5,126" ten="201,303,179,317" oya="3" hai0="108,23,114,6,123,112,38,63,83,26,11,116,74" hai1="42,52,69,13,92,5,73,58,46,40,111,39,37" hai2="72,132,51,96,91,12,113,119,128,99,18,95,89" hai3="14,68,71,53,81,107,129,85,133,130,17,60,20"/><W86/><G107/><T36/><D116/><U90/><E73/><V67/><F119/><W55/><G133/><T102/><D123/><U70/><E111/><V4/><F132/><W93/><G93/><T0/><D108/><U65/><E65/><V31/><F72/><W88/><G86/><T47/><D102/><U19/><E5/><V101/><F113/><N who="0" m="43626" /><D63/><U135/><E40/><V50/><F4/><W15/><G15/><T24/><D47/><U105/><E37/><N who="0" m="14441" /><D23/><U56/><E56/><V115/><F115/><W94/><G81/><T45/><D45/><U97/><E105/><V33/><F67/><N who="3" m="41063" /><G71/><T87/><D74/><U49/><REACH who="1" step="1"/><E135/><REACH who="1" ten="201,293,179,317" step="2"/><V2/><F2/><W35/><G35/><T16/><D16/><U79/><E79/><AGARI ba="0,1" hai="0,6,11,24,26,79,83,87" m="14441,43626" machi="79" ten="30,1000,0" yaku="11,1" doraHai="126" who="0" fromWho="1" sc="201,20,293,-10,179,0,317,0" /><INIT seed="4,0,0,5,4,0" ten="221,283,179,317" oya="0" hai0="93,15,108,6,69,85,101,37,79,46,36,100,87" hai1="40,42,114,48,21,7,32,103,73,91,31,38,30" hai2="105,131,70,34,54,128,78,121,67,45,4,97,8" hai3="55,10,12,75,14,60,107,90,125,126,44,115,57"/><T20/><D69/><U83/><E38/><V113/><F113/><W66/><G75/><T82/><D108/><U89/><E32/><V58/><F121/><W62/><G107/><T49/><D37/><U76/><E103/><V35/><F78/><W5/><G115/><T50/><D36/><U104/><E104/><V119/><F119/><W53/><G44/><T123/><D123/><U129/><E114/><V22/><F22/><W135/><G135/><T106/><D106/><U68/><E68/><V13/><F45/><W2/><G2/><T74/><D49/><U94/><E129/><N who="2" m="49739" /><F67/><W116/><G116/><T59/><D59/><U41/><E48/><N who="2" m="31047" /><F70/><W56/><G66/><T109/><D109/><U122/><E21/><V29/><F29/><W124/><G90/><N who="0" m="53455" /><D20/><U98/><E122/><V27/><F27/><W80/><G80/><T117/><D74/><U134/><E134/><V23/><F23/><W88/><G88/><N who="0" m="51319" /><D117/><U33/><E33/><V3/><F3/><W133/><G133/><T92/><D92/><U65/><E65/><V84/><F84/><W18/><G14/><T118/><D79/><U43/><E91/><V99/><F99/><W64/><G64/><T130/><D118/><U112/><E112/><V120/><F120/><W24/><G24/><T47/><D47/><U52/><E73/><V39/><F39/><W132/><G132/><T86/><D130/><U102/><E76/><V81/><F81/><W1/><G1/><T16/><D86/><U111/><E83/><V61/><F61/><W19/><AGARI ba="0,0" hai="5,10,12,18,19,53,55,56,57,60,62,124,125,126" machi="19" ten="40,8000,1" yaku="0,1,9,1,18,1,52,1" doraHai="0" who="3" fromWho="3" sc="221,-40,283,-20,179,-20,317,80" /><INIT seed="5,0,0,2,4,95" ten="181,263,159,397" oya="1" hai0="5,84,78,1,22,6,73,9,52,93,38,66,20" hai1="37,32,3,56,116,134,10,61,77,90,83,110,104" hai2="96,30,39,105,122,108,67,36,114,48,106,51,8" hai3="21,31,92,19,120,132,33,7,89,23,107,103,82"/><U124/><E116/><V91/><F122/><W62/><G120/><T55/><D38/><U17/><E37/><V2/><F108/><W131/><G7/><N who="0" m="2571" /><D73/><U41/><E32/><V79/><F30/><W101/><G33/><T24/><D1/><U34/><E34/><V75/><F67/><W16/><G107/><T99/><D66/><U47/><E41/><V127/><F127/><W28/><G82/><N who="0" m="47191" /><D9/><U94/><E104/><V102/><F114/><W72/><G72/><T125/><D125/><U74/><E3/><V109/><F109/><W0/><G0/><T42/><D42/><U45/><E124/><V126/><F126/><W53/><G132/><T68/><D68/><U98/><E134/><V60/><F106/><W44/><G131/><T100/><D22/><U87/><E74/><V15/><F2/><W59/><G44/><T18/><AGARI ba="0,0" hai="18,20,24,52,55,93,99,100" m="47191,2571" machi="18" ten="30,4000,0" yaku="8,1,52,1,54,1" doraHai="95" who="0" fromWho="0" sc="181,40,263,-20,159,-10,397,-10" /><INIT seed="6,0,0,5,0,133" ten="221,243,149,387" oya="2" hai0="72,13,15,3,4,113,78,110,80,117,30,45,106" hai1="88,1,58,70,57,127,54,126,104,124,39,21,32" hai2="79,9,75,118,25,100,37,29,6,82,5,56,12" hai3="22,64,68,102,99,40,130,74,134,81,27,2,105"/><V89/><F118/><W103/><G2/><T63/><D110/><U86/><E32/><V42/><F100/><W14/><G134/><T7/><D106/><U52/><E70/><V23/><F56/><N who="1" m="21609" /><E104/><V90/><REACH who="2" step="1"/><F6/><REACH who="2" ten="221,243,139,387" step="2"/><W91/><G102/><T132/><D7/><U119/><E119/><V85/><F85/><W111/><G103/><T47/><D4/><U125/><E125/><V87/><F87/><W95/><G68/><T108/><D117/><U128/><E128/><V33/><F33/><W35/><G35/><T107/><D72/><U43/><E1/><V120/><F120/><W83/><G74/><T66/><D3/><U129/><E129/><V11/><F11/><W44/><G130/><T121/><D121/><U76/><E21/><V49/><F49/><W77/><G22/><T36/><D108/><U131/><E131/><V65/><F65/><W55/><G64/><T20/><D66/><U60/><E60/><V16/><F16/><W98/><G111/><T73/><D63/><U97/><E97/><V92/><F92/><W115/><G95/><T18/><D132/><U101/><E101/><V38/><F38/><W19/><G99/><T24/><D36/><U17/><E17/><V62/><F62/><W135/><G19/><T69/><D69/><U26/><E127/><V67/><F67/><W123/><G98/><T10/><D107/><U109/><E126/><V114/><F114/><W96/><G105/><T0/><D113/><U51/><E124/><V61/><F61/><W50/><G135/><T28/><D0/><U93/><E109/><V122/><F122/><RYUUKYOKU ba="0,1" sc="221,-10,243,-10,139,30,387,-10" hai2="5,9,12,23,25,29,37,42,75,79,82,89,90" /><INIT seed="6,1,1,2,0,7" ten="211,233,169,377" oya="2" hai0="43,55,0,64,101,58,24,124,117,26,88,109,102" hai1="63,20,41,50,31,28,12,78,100,32,73,93,66" hai2="35,71,60,96,15,57,116,135,106,77,17,46,10" hai3="92,131,18,5,121,42,25,132,6,54,3,130,126"/><V114/><F116/><W27/><G121/><T83/><D109/><U125/><E125/><V52/><F114/><W21/><G126/><T23/><D0/><U98/><E32/><V40/><F35/><W105/><G105/><T9/><D117/><U86/><E73/><V122/><F122/><W44/><G54/><T68/><D43/><U51/><E41/><V37/><F135/><W81/><G132/><T84/><D9/><U56/><E28/><V95/><F77/><W59/><G59/><T128/><D128/><N who="3" m="49193" /><G3/><T91/><D26/><N who="3" m="9737" /><G92/><T34/><D34/><U16/><E31/><V115/><F115/><W14/><G81/><AGARI ba="1,1" hai="12,16,20,50,51,56,63,66,78,81,86,93,98,100" machi="81" ten="40,2600,0" yaku="8,1,54,1" doraHai="7" who="1" fromWho="3" sc="211,0,233,39,169,0,377,-29" /><INIT seed="7,0,0,3,2,0" ten="211,272,169,348" oya="3" hai0="107,73,99,6,114,120,7,104,102,33,98,8,14" hai1="115,72,77,25,66,17,47,86,124,103,92,1,36" hai2="76,108,39,12,42,64,101,111,23,61,3,135,20" hai3="18,32,45,74,127,60,131,59,65,106,54,44,52"/><W67/><G74/><T71/><D120/><U83/><E1/><V29/><F3/><W118/><G106/><T121/><D121/><U89/><E115/><V24/><F135/><W88/><G32/><T22/><D33/><U53/><E66/><N who="3" m="25098" /><G118/><T26/><D73/><U38/><E47/><N who="3" m="17994" /><G127/><T13/><D71/><U119/><E53/><V58/><F39/><W11/><G131/><T95/><D114/><U91/><E124/><V63/><F42/><W123/><G123/><T80/><D80/><U49/><E49/><V51/><F51/><W21/><G88/><T125/><D125/><U37/><E91/><V30/><F76/><W87/><G87/><T62/><D62/><U128/><E128/><V122/><F122/><W2/><G2/><T116/><D116/><U28/><E17/><V96/><F63/><W97/><G97/><T130/><D130/><U40/><E40/><V4/><F30/><W84/><G84/><T90/><D104/><U70/><E70/><V34/><F34/><W133/><G133/><T78/><D78/><U126/><E119/><V75/><F75/><W79/><G79/><T15/><D8/><U55/><E126/><V132/><F132/><W93/><G93/><T56/><D56/><U31/><E31/><V69/><F69/><W109/><G11/><T10/><D10/><U134/><E134/><V9/><REACH who="2" step="1"/><F23/><REACH who="2" ten="211,272,159,348" step="2"/><W81/><G21/><T129/><D129/><U105/><E72/><V41/><F41/><W48/><G60/><T43/><D43/><U117/><E77/><V112/><F112/><W94/><G48/><T46/><D22/><RYUUKYOKU ba="0,1" sc="211,-10,272,-10,159,30,348,-10" hai2="4,9,12,20,24,29,58,61,64,96,101,108,111" owari="201,-19.9,262,6.2,189,-31.1,348,44.8" /></mjloggm>