<mjloggm ver="2.3"><GO type="169" lobby="0"/><UN n0="%66%61%74%65%34%32%39%38" n1="%73%79%6C%76%65%6F%6E" n2="%E3%83%AA%E3%83%84%E3%83%9F%E3%82%B5%E3%83%B3" n3="%74%61%6B%61%74%6F%72%69" dan="16,16,17,16" rate="2049.88,2119.72,2226.23,2053.97" sx="M,M,M,M"/><TAIKYOKU oya="0"/><INIT seed="0,0,0,3,2,31" ten="250,250,250,250" oya="0" hai0="98,36,124,104,24,61,80,113,62,103,71,18,19" hai1="28,42,105,59,70,72,85,13,6,107,2,106,5" hai2="50,4,35,99,51,48,83,55,40,52,115,88,10" hai3="67,46,111,57,15,79,134,95,84,116,63,92,109"/><T22/><D113/><U131/><E2/><V74/><F115/><W101/><G116/><T118/><D118/><U14/><E72/><V121/><F121/><W58/><G134/><T39/><D124/><U56/><E70/><V75/><F35/><W34/><G46/><T96/><D19/><U120/><E120/><V30/><F30/><W60/><G101/><T102/><D80/><U54/><E42/><V11/><F40/><W45/><G45/><T97/><D97/><U27/><E131/><V43/><F43/><W9/><G34/><T73/><D73/><U29/><E85/><V25/><F25/><W135/><G135/><T82/><D82/><U0/><E0/><V86/><F11/><W125/><G125/><T65/><REACH who="0" step="1"/><D61/><REACH who="0" ten="240,250,250,250" step="2"/><U122/><E122/><V89/><F75/><W127/><G127/><T100/><D100/><U53/><E107/><AGARI ba="0,1" hai="18,22,24,36,39,62,65,71,96,98,102,103,104,107" machi="107" ten="30,5800,0" yaku="1,1,7,1,9,1,53,0" doraHai="31" doraHaiUra="108" who="0" fromWho="1" sc="240,68,250,-58,250,0,250,0" /><INIT seed="0,1,0,3,5,122" ten="308,192,250,250" oya="0" hai0="119,64,115,94,72,83,112,90,135,109,45,51,9" hai1="124,89,31,75,121,37,57,18,88,110,116,134,60" hai2="76,19,103,74,27,36,65,68,120,13,70,92,49" hai3="48,63,3,41,4,95,25,133,67,8,131,32,12"/><T47/><D119/><U123/><E116/><V102/><F36/><W82/><G131/><T69/><D135/><U105/><E105/><V106/><F106/><W11/><G133/><T93/><D69/><U85/><E134/><V34/><F76/><W118/><G118/><T20/><D64/><U30/><E75/><V71/><F74/><W23/><G32/><T2/><D20/><U10/><E37/><V107/><F107/><W16/><G95/><T44/><D51/><U62/><E124/><V127/><F65/><W101/><G101/><T14/><D2/><U80/><E18/><V43/><F19/><W104/><G82/><T58/><D58/><U15/><E110/><V26/><F68/><W1/><G1/><T53/><D53/><U6/><E60/><V81/><F49/><W24/><G104/><T0/><D0/><U42/><E42/><V126/><F43/><W52/><G41/><T99/><D93/><U96/><E96/><V35/><F92/><W28/><G11/><T33/><D33/><U91/><E121/><V86/><F120/><W40/><G40/><T38/><D109/><U84/><E123/><V87/><F13/><W39/><G39/><T97/><D97/><U100/><E100/><V111/><F81/><W79/><G28/><N who="1" m="10794" /><E85/><V66/><F66/><AGARI ba="1,0" hai="6,10,15,57,62,66,80,84,88,89,91" m="10794" machi="66" ten="30,2000,0" yaku="8,1,54,1" doraHai="122" who="1" fromWho="2" sc="308,0,192,23,250,-23,250,0" /><INIT seed="1,0,0,0,5,40" ten="308,215,227,250" oya="1" hai0="103,1,41,71,132,53,77,117,84,7,86,56,32" hai1="127,24,107,36,118,92,89,25,93,81,16,85,0" hai2="49,18,98,119,9,109,65,130,115,44,116,59,133" hai3="8,3,47,30,50,106,58,21,27,34,31,74,33"/><U135/><E118/><V66/><F109/><W90/><G106/><T26/><D71/><U128/><E0/><V110/><F110/><W78/><G58/><T35/><D117/><U68/><E107/><V43/><F133/><W101/><G101/><T17/><D132/><U20/><E135/><V62/><F130/><W14/><G31/><T104/><D7/><U51/><E36/><V82/><F115/><W72/><G3/><T67/><D67/><U64/><E128/><V80/><F66/><W76/><G90/><T15/><D1/><U79/><E127/><V108/><F108/><W105/><G105/><T37/><D103/><U73/><E93/><V57/><F57/><W22/><G22/><T122/><D122/><U54/><E64/><V60/><F60/><W2/><G78/><T94/><D26/><U38/><E38/><V96/><F119/><W10/><G10/><T99/><D104/><U88/><E89/><V39/><F39/><W42/><G76/><T46/><D77/><U52/><E68/><V19/><F19/><N who="3" m="10487" /><G34/><T134/><D32/><U45/><E25/><V6/><F18/><W123/><G123/><T112/><D112/><U126/><E126/><V102/><F116/><W5/><AGARI ba="0,0" hai="2,5,8,27,30,33,42,47,50,72,74" m="10487" machi="5" ten="30,2000,0" yaku="24,1,52,1" doraHai="40" who="3" fromWho="3" sc="308,-5,215,-10,227,-5,250,20" /><INIT seed="2,0,0,3,3,97" ten="303,205,222,270" oya="2" hai0="100,23,9,114,31,89,66,6,102,130,56,120,0" hai1="126,106,72,91,68,13,125,86,121,46,75,28,59" hai2="27,101,37,92,33,134,124,60,129,87,78,73,45" hai3="115,81,133,79,83,107,116,5,85,128,111,1,74"/><V17/><F73/><W109/><G5/><T41/><D114/><U10/><E68/><V82/><F124/><N who="1" m="47721" /><E121/><V3/><F129/><W36/><G36/><T71/><D71/><U61/><E28/><V51/><F3/><W84/><G116/><T96/><D120/><U12/><E46/><V70/><F134/><W7/><G7/><T123/><D123/><U95/><E106/><V69/><F37/><W110/><G1/><T80/><D41/><U93/><E93/><V99/><F60/><W16/><G16/><T113/><D113/><U22/><E22/><V11/><F11/><W25/><G25/><T8/><D8/><U32/><E32/><V52/><REACH who="2" step="1"/><F17/><REACH who="2" ten="303,205,212,270" step="2"/><W49/><G128/><T2/><D2/><U19/><E13/><V117/><F117/><W38/><G133/><T62/><D130/><U94/><E75/><V67/><F67/><W131/><G38/><T58/><D62/><U18/><E72/><V54/><F54/><W43/><G131/><T132/><D66/><N who="1" m="39231" /><E19/><V47/><F47/><N who="3" m="25855" /><G115/><T65/><D65/><U122/><E122/><V105/><F105/><W35/><G107/><N who="0" m="63879" /><D132/><U4/><E18/><V112/><F112/><W77/><G74/><T15/><D0/><U48/><E48/><V127/><F127/><W108/><G108/><T29/><D9/><U21/><E10/><V42/><F42/><W135/><G135/><T88/><D6/><U119/><E119/><V40/><F40/><W63/><G63/><T57/><D15/><U24/><E4/><V55/><F55/><W104/><G104/><T50/><D50/><U98/><E12/><RYUUKYOKU ba="0,1" sc="303,-15,205,-15,212,15,270,15" hai2="27,33,45,51,52,69,70,78,82,87,92,99,101" hai3="35,77,79,81,83,84,85,109,110,111" /><INIT seed="2,1,1,5,1,128" ten="288,190,227,285" oya="2" hai0="28,75,77,66,33,126,112,79,117,88,105,61,114" hai1="106,50,101,69,95,98,32,2,46,27,62,12,21" hai2="67,78,133,91,68,81,24,87,23,47,36,55,64" hai3="25,48,34,84,38,90,19,129,115,45,1,14,127"/><V37/><F68/><W35/><G129/><T26/><D126/><U42/><E2/><V7/><F7/><W119/><G38/><T104/><D88/><U97/><E32/><V82/><F37/><W94/><G1/><T43/><D79/><U22/><E12/><V122/><F122/><W49/><G119/><T121/><D121/><U93/><E106/><V20/><F20/><W6/><G49/><T76/><D76/><U52/><E27/><V10/><F10/><W39/><G39/><T63/><D63/><U86/><E86/><V0/><F0/><W72/><G72/><T135/><D43/><U85/><E85/><N who="2" m="50607" /><F36/><W59/><G6/><T103/><D135/><U44/><E69/><V70/><F133/><W30/><G59/><T54/><D117/><U31/><E31/><N who="2" m="17823" /><F70/><W124/><G35/><T58/><D104/><U5/><E5/><V120/><F120/><W11/><REACH who="3" step="1"/><G115/><REACH who="3" ten="288,190,227,275" step="2"/><T57/><D112/><U71/><E71/><V80/><F80/><W109/><G109/><T41/><D114/><U96/><E50/><AGARI ba="1,2" hai="47,50,55,64,67,78,82,87" m="17823,50607" machi="50" ten="30,1500,0" yaku="8,1" doraHai="128" who="2" fromWho="1" sc="288,0,190,-18,227,38,275,0" /><INIT seed="2,2,0,1,5,9" ten="288,172,265,275" oya="2" hai0="102,27,59,133,109,71,24,5,37,39,88,36,18" hai1="58,31,63,98,25,3,42,67,86,92,38,40,73" hai2="48,17,100,26,119,69,8,44,28,110,121,118,85" hai3="33,35,127,81,83,126,124,111,51,91,79,21,130"/><V43/><F69/><W57/><G111/><T4/><D71/><U113/><E113/><V97/><F121/><W87/><G130/><T7/><D109/><U101/><E73/><V75/><F75/><W80/><G21/><T53/><D102/><U22/><E3/><V125/><F85/><W90/><G79/><T96/><D133/><U134/><E134/><V123/><F125/><W56/><G51/><T103/><D18/><U66/><E38/><V135/><F123/><W116/><G116/><T122/><D122/><U104/><E104/><V68/><F68/><W94/><REACH who="3" step="1"/><G91/><REACH who="3" ten="288,172,265,265" step="2"/><T76/><D88/><U74/><E74/><V65/><F110/><W129/><G129/><T54/><D76/><U6/><E6/><V131/><F135/><W14/><G14/><T89/><D89/><U106/><E106/><V47/><F131/><W52/><G52/><T77/><D53/><U82/><E67/><V16/><F65/><W10/><G10/><T55/><D55/><U120/><E120/><V117/><F8/><W41/><G41/><T128/><D77/><AGARI ba="2,1" hai="22,25,31,40,42,58,63,66,77,82,86,92,98,101" machi="77" ten="30,7700,0" yaku="7,1,25,2,8,1" doraHai="9" who="1" fromWho="0" sc="288,-83,172,93,265,0,265,0" /><INIT seed="3,0,0,5,1,9" ten="205,265,265,265" oya="3" hai0="8,0,7,52,85,77,63,94,57,134,132,60,4" hai1="89,17,46,23,64,121,44,26,36,98,27,117,110" hai2="78,82,112,113,20,49,28,34,131,55,58,37,125" hai3="32,120,118,40,103,76,129,6,24,15,5,19,61"/><W12/><G118/><T119/><D119/><U99/><E117/><V111/><F37/><W38/><G120/><T65/><D4/><U54/><E121/><V100/><F34/><W21/><G103/><T68/><REACH who="0" step="1"/><D94/><REACH who="0" ten="195,265,265,265" step="2"/><U73/><E110/><V97/><F111/><W101/><G5/><T48/><D48/><U33/><E36/><V93/><F131/><W86/><G6/><T80/><AGARI ba="0,1" hai="0,7,8,52,57,60,63,65,68,77,80,85,132,134" machi="80" ten="30,8000,1" yaku="1,1,0,1,54,1,53,2" doraHai="9" doraHaiUra="59" who="0" fromWho="0" sc="195,90,265,-20,265,-20,265,-40" /><INIT seed="4,0,0,4,1,124" ten="285,245,245,225" oya="0" hai0="89,6,55,123,47,15,77,53,21,35,116,88,37" hai1="133,86,113,91,50,87,1,26,132,75,24,128,82" hai2="54,33,32,90,110,83,126,49,107,105,27,61,76" hai3="117,101,135,97,10,4,66,112,118,39,72,68,85"/><T80/><D116/><U28/><E1/><V71/><F110/><W134/><G85/><T56/><D35/><U36/><E36/><V5/><F5/><W125/><G112/><T3/><D123/><U114/><E75/><V31/><F33/><W67/><G67/><T78/><D3/><U38/><E38/><V92/><F61/><W42/><G125/><T130/><D77/><N who="1" m="46415" /><E50/><V45/><F71/><W29/><G29/><T93/><D130/><U18/><E18/><V7/><F7/><W41/><G72/><T30/><D30/><U102/><E102/><V127/><F127/><W69/><G42/><T120/><D120/><U98/><E98/><V48/><F48/><W96/><G96/><T16/><D6/><U51/><E51/><V84/><REACH who="2" step="1"/><F126/><REACH who="2" ten="285,245,235,225" step="2"/><W23/><G69/><T25/><D37/><U34/><E114/><V52/><F52/><W73/><G68/><T70/><D55/><U43/><E113/><V12/><F12/><W62/><G62/><T9/><D70/><U119/><E119/><V22/><F22/><W14/><G23/><T129/><D21/><U63/><E63/><V19/><F19/><W111/><G118/><T59/><D16/><U104/><E34/><V2/><F2/><W81/><G117/><T131/><D53/><U60/><E60/><V103/><F103/><W108/><G101/><T17/><D15/><U65/><E28/><V57/><F57/><W109/><G14/><N who="0" m="7375" /><D56/><U46/><E26/><V95/><F95/><W79/><G109/><T74/><D25/><U58/><E24/><V8/><F8/><W115/><G108/><RYUUKYOKU ba="0,1" sc="285,-10,245,-10,235,30,225,-10" hai2="27,31,32,45,49,54,76,83,84,90,92,105,107" /><INIT seed="5,1,1,5,3,51" ten="275,235,265,215" oya="1" hai0="47,129,75,44,52,112,125,66,110,78,13,58,5" hai1="40,70,127,1,111,84,38,46,100,128,43,30,48" hai2="18,91,71,81,16,32,90,105,73,19,7,89,72" hai3="108,36,31,133,118,103,97,67,0,104,45,2,131"/><U101/><E1/><V10/><F71/><W76/><G108/><T53/><D110/><U68/><E111/><V12/><F32/><W34/><G131/><T114/><D129/><U60/><E128/><V115/><F105/><W4/><G133/><T86/><D75/><U28/><E127/><V69/><F69/><W8/><G118/><T83/><D125/><U3/><E3/><V77/><F115/><N who="0" m="44074" /><D66/><U113/><E113/><V35/><F35/><W54/><G0/><T55/><D58/><U79/><E38/><V106/><F106/><W41/><G54/><N who="0" m="13827" /><T25/><DORA hai="22" /><D25/><U88/><E70/><V49/><F49/><W116/><G67/><T20/><D20/><U96/><E43/><V80/><F73/><W42/><G42/><T14/><D5/><U126/><E126/><V119/><F119/><W120/><G116/><T65/><D65/><U56/><E68/><V132/><F132/><W62/><G62/><T59/><D59/><U85/><E56/><V37/><F37/><W29/><G4/><T123/><D123/><U23/><E23/><V39/><F39/><W98/><G36/><T124/><D124/><U92/><E60/><V82/><AGARI ba="1,1" hai="7,10,12,16,18,19,72,77,80,81,82,89,90,91" machi="82" ten="40,2700,0" yaku="0,1,54,1" doraHai="51,22" who="2" fromWho="2" sc="275,-8,235,-14,265,40,215,-8" /><INIT seed="6,0,0,3,2,55" ten="267,221,305,207" oya="2" hai0="84,48,131,73,29,67,64,61,65,1,97,129,63" hai1="102,3,87,91,37,0,45,81,24,34,23,52,77" hai2="32,107,74,47,88,18,57,120,42,51,41,134,126" hai3="130,104,89,11,66,100,16,49,13,117,7,46,19"/><V85/><F120/><W83/><G117/><T8/><D73/><U58/><E34/><V10/><F74/><W33/><G33/><T94/><D29/><U116/><E116/><V118/><F107/><W76/><G130/><N who="0" m="49675" /><D48/><U127/><E127/><V59/><F126/><W103/><G89/><N who="0" m="53543" /><D97/><U6/><E102/><V86/><F32/><W28/><G28/><T68/><D68/><U122/><E122/><V124/><F124/><W82/><G82/><T38/><D38/><U12/><E37/><V135/><F86/><N who="3" m="48487" /><G66/><T95/><D95/><U43/><E77/><V31/><F31/><W20/><G104/><T128/><N who="0" m="49683" /><T69/><DORA hai="79" /><D63/><U115/><E45/><V80/><F42/><N who="3" m="24791" /><G7/><AGARI ba="0,0" hai="1,7,8,61,64,65,67,69" m="53543,49683" machi="7" ten="40,1300,0" yaku="19,1" doraHai="55,79" who="0" fromWho="3" sc="267,13,221,0,305,0,207,-13" /><INIT seed="7,0,0,4,5,58" ten="280,221,305,194" oya="3" hai0="106,121,38,132,111,53,19,130,35,26,135,27,96" hai1="107,48,76,92,91,52,28,24,102,99,23,125,29" hai2="116,100,127,15,84,59,56,39,112,75,10,119,41" hai3="90,89,8,74,60,22,7,33,42,18,94,32,128"/><W97/><G74/><T95/><D106/><U101/><E125/><V108/><F75/><W86/><G128/><T11/><D111/><U78/><E29/><V122/><F108/><W105/><G42/><T12/><D121/><U73/><E73/><V2/><F100/><W88/><G90/><T0/><D38/><U109/><E109/><V71/><F2/><W57/><G105/><T13/><D0/><U47/><REACH who="1" step="1"/><E102/><REACH who="1" ten="280,211,305,194" step="2"/><V4/><F127/><W81/><G7/><T134/><D130/><U54/><E54/><V93/><F4/><W65/><REACH who="3" step="1"/><G8/><REACH who="3" ten="280,211,305,184" step="2"/><T66/><D11/><U20/><E20/><V120/><F10/><W5/><G5/><T70/><D134/><U21/><E21/><V50/><F41/><W64/><G64/><T115/><D66/><U103/><E103/><V62/><F122/><W126/><G126/><T87/><D132/><U6/><E6/><V72/><F72/><W16/><G16/><T83/><D19/><U31/><E31/><V45/><F120/><W131/><G131/><T36/><D135/><U114/><E114/><V82/><F112/><W113/><G113/><T124/><D115/><U80/><E80/><V133/><F82/><W43/><G43/><T68/><D83/><U61/><E61/><V104/><F62/><W40/><G40/><T117/><D124/><U69/><E69/><V77/><F71/><W51/><G51/><T1/><D68/><U98/><AGARI ba="0,2" hai="23,24,28,47,48,52,76,78,91,92,98,99,101,107" machi="98" ten="20,5200,0" yaku="1,1,0,1,7,1,54,1,53,0" doraHai="58" doraHaiUra="34" who="1" fromWho="1" sc="280,-13,211,72,305,-13,184,-26" /><INIT seed="8,0,0,5,5,113" ten="267,283,292,158" oya="0" hai0="1,97,21,45,7,42,57,108,128,62,37,88,96" hai1="14,104,9,77,76,94,56,127,107,85,26,31,33" hai2="49,18,35,124,12,32,23,130,135,125,54,64,39" hai3="123,103,82,67,44,92,95,25,27,8,119,16,30"/><T48/><D128/><U68/><E68/><V66/><F39/><W70/><G123/><T74/><D74/><U112/><E112/><V17/><F135/><W116/><G82/><T99/><D108/><U69/><E69/><V4/><F4/><W46/><G70/><T100/><D100/><U61/><E127/><N who="2" m="48715" /><F18/><W47/><G67/><N who="2" m="25641" /><F130/><W81/><G81/><T71/><D71/><U43/><E43/><V80/><F80/><W126/><G126/><T83/><D37/><U34/><E34/><V6/><F6/><W78/><G78/><T122/><D122/><U52/><E104/><V58/><AGARI ba="0,0" hai="12,17,23,32,35,49,54,58" m="25641,48715" machi="58" ten="30,1100,0" yaku="18,1" doraHai="113" who="2" fromWho="2" sc="267,-5,283,-3,292,11,158,-3" owari="262,-13.8,280,8.0,303,40.3,155,-34.5" /></mjloggm>