<mjloggm ver="2.3"><GO type="169" lobby="0"/><UN n0="%6D%61%6A%75%6E%69%61" n1="%76%61%6C%6B%79%72%69%65" n2="%E3%81%94%E3%82%8B%E3%81%AF%E3%82%80%33%30" n3="%67%61%79%75%6E%79" dan="16,17,17,17" rate="2130.35,2204.45,2107.76,2210.42" sx="M,F,F,M"/><TAIKYOKU oya="0"/><INIT seed="0,0,0,5,3,1" ten="250,250,250,250" oya="0" hai0="31,111,108,63,68,17,58,46,75,80,105,135,66" hai1="121,20,130,84,78,41,24,45,128,34,102,19,33" hai2="132,72,67,134,70,109,37,29,81,113,36,42,18" hai3="8,55,98,13,115,96,126,76,112,23,94,117,91"/><T53/><D105/><U69/><E69/><V64/><F113/><W62/><G126/><T116/><D31/><U59/><E121/><V93/><F29/><W47/><G117/><T11/><D75/><U85/><E102/><V89/><F109/><N who="0" m="42058" /><D17/><U90/><E59/><V65/><F70/><W82/><G23/><T83/><D11/><U10/><E10/><V6/><F18/><W124/><G124/><T40/><D116/><U22/><E22/><V131/><F131/><N who="1" m="50217" /><E78/><V123/><F123/><W38/><G38/><N who="0" m="21783" /><D135/><N who="2" m="51754" /><F42/><W14/><G115/><T12/><D12/><U9/><E9/><V2/><F81/><W54/><G112/><T125/><D125/><U44/><E44/><V133/><F72/><W39/><G13/><T74/><D74/><U25/><E25/><V110/><F110/><W56/><G14/><T106/><D106/><U107/><E107/><V26/><F26/><W0/><G8/><T15/><D15/><U97/><E97/><V118/><F118/><W3/><G98/><T129/><D129/><U60/><E85/><V4/><F133/><W51/><G39/><N who="2" m="14921" /><F2/><W99/><G99/><AGARI ba="0,0" hai="4,6,64,65,67,89,93,99" m="14921,51754" machi="99" ten="40,5200,0" yaku="20,1,52,2" doraHai="1" who="2" fromWho="3" sc="250,0,250,0,250,52,250,-52" /><INIT seed="1,0,0,0,0,12" ten="250,250,302,198" oya="1" hai0="57,116,41,58,97,24,92,107,125,94,119,68,43" hai1="90,112,93,48,115,88,67,102,73,50,18,78,103" hai2="42,64,135,101,27,126,55,114,61,95,83,84,79" hai3="19,104,52,32,35,99,4,28,117,8,109,96,5"/><U2/><E2/><V105/><F126/><W98/><G104/><T113/><D125/><U121/><E121/><V31/><F135/><W74/><G109/><T16/><D113/><U54/><E67/><V25/><F114/><W82/><G117/><T132/><D68/><U3/><E3/><V36/><F36/><W80/><G74/><T51/><D107/><U59/><E90/><V29/><F42/><W134/><G134/><T133/><D97/><U21/><E115/><V26/><F55/><W129/><G28/><T72/><D24/><U128/><E128/><V85/><F105/><W63/><G32/><T45/><D51/><N who="1" m="31199" /><E112/><V14/><F14/><N who="3" m="7623" /><G35/><T127/><D72/><U110/><E78/><V17/><F101/><N who="1" m="38409" /><E73/><V86/><F95/><W70/><G70/><T33/><D33/><U130/><E130/><V15/><F29/><W120/><G129/><T23/><D23/><U49/><E110/><V40/><F31/><W6/><G120/><T100/><D100/><U38/><E38/><V60/><F40/><W122/><G122/><T131/><D127/><U34/><E34/><V9/><REACH who="2" step="1"/><F61/><REACH who="2" ten="250,250,292,198" step="2"/><W30/><G30/><T69/><D131/><U22/><E50/><V65/><F65/><W62/><G52/><T0/><D132/><U56/><E49/><V46/><F46/><W47/><G47/><T11/><D45/><U39/><E39/><V87/><F87/><W7/><N who="3" m="1024" /><DORA hai="76" /><W71/><G71/><AGARI ba="0,1" hai="9,15,17,25,26,27,60,64,71,79,83,84,85,86" machi="71" ten="40,5200,0" yaku="1,1,52,2,53,0" doraHai="12,76" doraHaiUra="123,108" who="2" fromWho="3" sc="250,0,250,0,292,62,198,-52" /><INIT seed="2,0,0,0,0,70" ten="250,250,354,146" oya="2" hai0="18,95,54,115,34,51,8,124,103,30,79,83,24" hai1="36,0,129,82,42,52,101,64,116,29,105,98,26" hai2="1,40,25,76,48,100,33,122,6,74,97,120,77" hai3="132,4,118,15,92,43,63,102,127,96,109,134,55"/><V67/><F67/><W31/><G118/><T13/><D115/><U57/><E116/><V14/><F1/><W133/><G109/><T114/><D114/><U87/><E129/><V23/><F33/><W73/><G73/><T47/><D124/><U37/><E0/><V21/><F74/><W123/><G123/><T131/><D131/><U11/><E64/><V81/><F120/><W110/><G110/><T72/><D95/><U88/><E11/><V108/><F81/><W91/><G127/><T10/><D103/><U53/><E42/><V27/><F122/><W56/><G43/><T93/><D93/><U60/><REACH who="1" step="1"/><E53/><REACH who="1" ten="250,240,354,146" step="2"/><V22/><F108/><W94/><G31/><T20/><AGARI ba="0,1" hai="8,10,13,18,20,24,30,34,47,51,54,72,79,83" machi="20" ten="20,1500,0" yaku="0,1,7,1" doraHai="70" who="0" fromWho="0" sc="250,25,240,-4,354,-7,146,-4" /><INIT seed="3,0,0,3,5,52" ten="275,236,347,142" oya="3" hai0="83,113,123,63,89,54,65,16,27,93,19,5,119" hai1="100,18,82,106,101,8,55,122,53,34,47,60,87" hai2="20,42,59,45,135,22,58,14,111,128,7,64,9" hai3="56,46,57,62,105,84,33,97,99,1,115,81,98"/><W95/><G105/><T15/><D119/><U103/><E122/><V12/><F111/><W31/><G1/><T68/><D113/><U26/><E106/><V32/><F32/><W79/><G115/><T30/><D123/><U131/><E131/><V114/><F114/><W41/><G31/><T91/><D83/><U69/><E34/><V67/><F128/><W11/><G11/><T35/><D5/><U70/><E70/><V102/><F102/><W86/><G33/><T132/><D132/><U112/><E112/><V13/><F135/><W127/><G127/><T88/><D54/><U76/><E47/><V43/><F7/><W51/><G62/><T36/><D36/><U121/><E121/><V74/><F74/><W134/><G134/><T92/><REACH who="0" step="1"/><D19/><REACH who="0" ten="265,236,347,142" step="2"/><U3/><E55/><V6/><F6/><W44/><G44/><T110/><D110/><U29/><E53/><V118/><F118/><W24/><G24/><T78/><D78/><U124/><E18/><V28/><F9/><AGARI ba="0,1" hai="9,15,16,27,30,35,63,65,68,88,89,91,92,93" machi="9" ten="40,5200,0" yaku="1,1,54,2,53,0" doraHai="52" doraHaiUra="48" who="0" fromWho="2" sc="265,62,236,0,347,-52,142,0" /><INIT seed="4,0,0,3,1,115" ten="327,236,295,142" oya="0" hai0="24,116,124,97,118,79,82,51,96,17,92,126,76" hai1="121,66,129,37,81,122,68,11,2,65,117,20,108" hai2="109,71,64,99,59,5,28,15,53,50,19,130,70" hai3="21,111,69,0,101,26,90,52,75,84,61,91,16"/><T40/><D40/><U3/><E108/><V133/><F109/><W134/><G111/><T62/><D62/><U6/><E2/><V33/><F5/><W104/><G75/><T29/><D17/><U22/><E37/><V94/><F130/><W114/><G0/><T107/><D51/><U34/><E34/><V73/><F73/><W45/><G114/><T72/><D76/><U89/><E129/><V36/><F36/><W1/><G1/><T100/><D24/><U47/><E47/><V27/><F133/><W67/><G134/><T32/><D29/><U86/><E117/><N who="0" m="45161" /><D32/><U38/><E38/><V54/><F54/><W87/><G101/><AGARI ba="0,0" hai="72,79,82,92,96,97,100,101,107,124,126" m="45161" machi="101" ten="30,12000,1" yaku="34,2,52,3" doraHai="115" who="0" fromWho="3" sc="327,120,236,0,295,0,142,-120" /><INIT seed="4,1,0,5,5,47" ten="447,236,295,22" oya="0" hai0="70,37,44,90,62,98,83,130,51,74,68,22,106" hai1="96,77,100,33,81,121,120,6,97,38,5,64,118" hai2="10,54,52,13,105,45,109,30,92,127,86,31,32" hai3="50,124,128,14,88,40,46,102,80,122,99,112,116"/><T21/><D130/><U87/><E118/><V84/><F105/><W59/><G116/><T93/><D37/><U85/><E38/><V11/><F109/><W20/><G128/><T89/><D70/><U108/><E108/><V49/><F127/><W28/><G124/><T1/><D1/><U133/><E133/><V56/><F32/><W134/><G112/><T71/><D71/><U34/><E64/><V39/><F39/><W76/><G134/><T18/><D106/><U16/><E81/><V24/><F24/><W104/><G122/><T110/><D110/><U78/><E100/><V107/><F107/><W129/><G129/><T72/><D22/><U25/><E25/><V75/><F75/><W48/><G59/><T79/><D74/><U111/><E111/><V125/><F10/><W12/><G50/><T36/><D36/><U7/><E7/><V103/><F103/><W43/><G40/><T19/><D89/><U123/><E123/><V132/><F132/><W17/><G28/><N who="2" m="10793" /><F92/><W9/><G88/><T63/><D68/><U114/><REACH who="1" step="1"/><E16/><REACH who="1" ten="447,226,295,22" step="2"/><N who="2" m="8255" /><F125/><W58/><G58/><T95/><D19/><U4/><E4/><V42/><F42/><W91/><G91/><T53/><REACH who="0" step="1"/><D93/><REACH who="0" ten="437,226,295,22" step="2"/><U27/><E27/><AGARI ba="1,2" hai="18,21,27,44,51,53,62,63,72,79,83,90,95,98" machi="27" ten="30,11600,0" yaku="1,1,2,1,7,1,52,1,53,0" doraHai="47" doraHaiUra="3" who="0" fromWho="1" sc="437,139,226,-119,295,0,22,0" /><INIT seed="4,2,0,4,0,89" ten="576,107,295,22" oya="0" hai0="120,7,17,35,3,112,0,37,23,60,26,29,52" hai1="71,95,16,104,55,5,10,113,134,118,78,70,31" hai2="128,76,84,121,62,133,109,130,117,98,49,83,22" hai3="75,92,6,127,85,116,48,1,46,129,11,122,110"/><T30/><D120/><U27/><E118/><V87/><F109/><W34/><G110/><T2/><D37/><U40/><E134/><V53/><F121/><W79/><G116/><T69/><D69/><U54/><E104/><V114/><F117/><W24/><G122/><T124/><D60/><U50/><E40/><V82/><F133/><W36/><G129/><T59/><D59/><U108/><E108/><V103/><F62/><W25/><G127/><T135/><D52/><U41/><E41/><V58/><F22/><W96/><G34/><T77/><D77/><U93/><E78/><V65/><F65/><W125/><G125/><T13/><D124/><U105/><E105/><V132/><F132/><W67/><G67/><T88/><D88/><U126/><E126/><V8/><F8/><W102/><G85/><T119/><D135/><U111/><E111/><V51/><F114/><W73/><G36/><T115/><D119/><U74/><E74/><V19/><F19/><W91/><G91/><T131/><D131/><U68/><E113/><N who="0" m="43593" /><D30/><U100/><E100/><V101/><F76/><W107/><G107/><T57/><D57/><U86/><E68/><V21/><F58/><W39/><G39/><T28/><D29/><U66/><E31/><V38/><F38/><W94/><G94/><T80/><D80/><U45/><E70/><V64/><F64/><W4/><G4/><AGARI ba="2,0" hai="0,2,3,4,7,13,17,23,26,28,35" m="43593" machi="4" ten="40,7700,0" yaku="15,1,34,2" doraHai="89" who="0" fromWho="3" sc="576,83,107,0,295,0,22,-83" owari="659,75.9,107,-29.3,295,9.5,-61,-56.1" /></mjloggm>