<mjloggm ver="2.3"><GO type="169" lobby="0"/><UN n0="%E7%9B%AE%E5%8A%9B%36%30" n1="%E6%98%8E%E6%98%9F%E5%B8%82%E6%B0%91" n2="%E7%BE%8E%E6%A8%B9%E2%98%86%E3%81%95%E3%82%84%E3%81%8B" n3="%E5%B0%8F%E6%B1%A0%E7%BE%8E%E6%B3%A2%E2%8A%BF" dan="17,17,16,18" rate="2164.89,2221.23,2149.89,2230.75" sx="M,M,F,M"/><TAIKYOKU oya="0"/><INIT seed="0,0,0,5,1,18" ten="250,250,250,250" oya="0" hai0="67,106,40,9,86,52,44,90,56,26,76,129,118" hai1="77,88,113,59,3,103,119,97,82,34,71,89,54" hai2="74,73,58,28,55,92,85,47,30,95,13,21,84" hai3="33,27,4,45,70,115,126,109,57,49,87,32,36"/><T91/><D118/><U111/><E3/><V50/><F73/><W2/><G115/><T132/><D106/><U81/><E34/><V41/><F74/><W8/><G70/><T105/><D105/><U122/><E71/><V93/><F28/><W110/><G36/><T108/><D132/><U43/><E43/><V112/><F112/><W75/><G75/><T31/><D129/><U120/><E111/><V62/><REACH who="2" step="1"/><F13/><REACH who="2" ten="250,250,240,250" step="2"/><W125/><G110/><T78/><D108/><U42/><E113/><V114/><F114/><W6/><G109/><T127/><D31/><U22/><E119/><V121/><F121/><W24/><G2/><T53/><D127/><U20/><E122/><V68/><F68/><W65/><G126/><T128/><D128/><U107/><E120/><V63/><F63/><W29/><G29/><T17/><D26/><AGARI ba="0,1" hai="21,26,30,41,47,50,55,58,62,84,85,92,93,95" machi="26" ten="40,5200,0" yaku="1,1,8,1,52,1,53,0" doraHai="18" doraHaiUra="72" who="2" fromWho="0" sc="250,-52,250,0,240,62,250,0" /><INIT seed="1,0,0,3,1,126" ten="198,250,302,250" oya="1" hai0="85,109,81,115,16,108,1,13,27,76,122,30,70" hai1="78,100,44,5,56,104,35,93,67,49,31,77,48" hai2="82,114,61,65,71,55,113,0,133,121,129,26,18" hai3="88,124,29,75,119,107,57,63,79,105,66,19,102"/><U95/><E104/><V12/><F0/><W6/><G124/><T21/><D122/><U34/><E5/><V54/><F121/><W50/><G6/><T46/><D115/><N who="2" m="44042" /><F133/><W11/><G119/><T132/><D70/><U25/><E35/><V4/><F129/><W83/><G102/><T20/><D1/><U23/><E34/><V40/><F40/><W118/><G118/><T28/><D132/><U33/><E33/><V103/><F103/><W24/><G50/><N who="1" m="19562" /><E44/><V73/><F26/><W120/><G120/><T89/><D46/><U69/><E69/><V22/><F4/><W10/><G19/><T91/><REACH who="0" step="1"/><D30/><REACH who="0" ten="188,250,302,250" step="2"/><U125/><E125/><V38/><F38/><W53/><G29/><T92/><D92/><N who="1" m="35403" /><E100/><V64/><F71/><W60/><G107/><T135/><D135/><U59/><E59/><V9/><F82/><W39/><G57/><T97/><D97/><U15/><E15/><V2/><F12/><W37/><G83/><T98/><D98/><U99/><E99/><V58/><F2/><W47/><G105/><T80/><D80/><U87/><E87/><V112/><F112/><W84/><G84/><T74/><D74/><U111/><E111/><AGARI ba="0,1" hai="13,16,20,21,27,28,76,81,85,89,91,108,109,111" machi="111" ten="40,5200,0" yaku="1,1,14,1,54,1,53,0" doraHai="126" doraHaiUra="52" who="0" fromWho="1" sc="188,62,250,-52,302,0,250,0" /><INIT seed="2,0,0,4,1,126" ten="250,198,302,250" oya="2" hai0="61,105,103,26,76,14,79,21,102,58,17,71,42" hai1="37,99,134,109,18,132,125,28,84,0,113,29,43" hai2="13,91,108,55,81,53,123,122,10,75,30,80,39" hai3="73,117,94,112,19,66,36,8,95,63,41,32,59"/><V83/><F39/><W3/><G117/><T6/><D71/><U54/><E113/><V106/><F106/><W86/><G73/><T78/><D105/><U44/><E0/><V34/><F108/><W48/><G36/><T11/><REACH who="0" step="1"/><D42/><REACH who="0" ten="240,198,302,250" step="2"/><U51/><E109/><V120/><F120/><W46/><G112/><T9/><D9/><U121/><E121/><V62/><F10/><W130/><G32/><T27/><D27/><U5/><E125/><V87/><F34/><W57/><G8/><T135/><D135/><U97/><E134/><V115/><F115/><W89/><G3/><T16/><D16/><U93/><E18/><V110/><F110/><W45/><G19/><T23/><D23/><U85/><E132/><V129/><F123/><W50/><G95/><T124/><D124/><U92/><E5/><V98/><F122/><W4/><G4/><T118/><D118/><U60/><E93/><V88/><F80/><W38/><G130/><T104/><D104/><U77/><E92/><V68/><F83/><W72/><G41/><T74/><D74/><U127/><E127/><V35/><F75/><W49/><G72/><T69/><D69/><U15/><E43/><V20/><F68/><W101/><G101/><T133/><D133/><U116/><E116/><V100/><F129/><W25/><G25/><T52/><AGARI ba="0,1" hai="6,11,14,17,21,26,52,58,61,76,78,79,102,103" machi="52" ten="30,7900,0" yaku="1,1,0,1,8,1,54,1,53,0" doraHai="126" doraHaiUra="128" who="0" fromWho="0" sc="240,89,198,-20,302,-39,250,-20" /><INIT seed="3,0,0,1,4,119" ten="329,178,263,230" oya="3" hai0="9,85,23,28,41,79,18,67,27,68,81,92,86" hai1="24,99,107,123,133,104,36,90,12,98,10,66,112" hai2="11,111,80,60,56,30,135,54,19,20,61,62,21" hai3="105,116,75,115,87,51,74,48,55,122,131,49,58"/><W108/><G115/><T88/><D68/><U35/><E112/><V126/><F111/><W78/><G116/><T65/><D41/><U8/><E36/><V59/><F135/><W52/><G105/><T91/><D79/><U6/><E133/><V53/><F126/><W71/><G71/><T50/><D50/><U89/><E66/><V129/><F129/><W110/><G131/><T43/><D43/><U118/><E118/><V45/><F45/><W82/><G122/><T29/><D9/><U64/><E64/><AGARI ba="0,0" hai="18,23,27,28,29,64,65,67,81,85,86,88,91,92" machi="64" ten="40,2600,0" yaku="8,1,54,1" doraHai="119" who="0" fromWho="1" sc="329,26,178,-26,263,0,230,0" /><INIT seed="4,0,0,2,2,27" ten="355,152,263,230" oya="0" hai0="100,89,36,61,75,81,119,117,103,96,99,63,31" hai1="125,131,66,93,32,106,23,111,53,129,7,45,80" hai2="121,67,60,135,62,33,113,13,29,6,65,30,0" hai3="132,2,118,4,70,86,42,77,97,44,127,76,49"/><T87/><D36/><U72/><E32/><V20/><F121/><W28/><G118/><T130/><D130/><U18/><E106/><V83/><F113/><W26/><G70/><T105/><D75/><U56/><E111/><V108/><F33/><W78/><G132/><T102/><D102/><U134/><E134/><V104/><F108/><W88/><G127/><T110/><D110/><U120/><E120/><V114/><F114/><W115/><G115/><T11/><D11/><U38/><E125/><V69/><F104/><W22/><G97/><T3/><D3/><U19/><E7/><V43/><F135/><W47/><G47/><T71/><D31/><U90/><E72/><V51/><F0/><W85/><G2/><T17/><D17/><U58/><E80/><V14/><F83/><N who="3" m="47335" /><G4/><T74/><D74/><U73/><E19/><V84/><F84/><W126/><G126/><T116/><REACH who="0" step="1"/><D71/><REACH who="0" ten="345,152,263,230" step="2"/><U101/><E73/><V123/><F69/><W35/><G35/><T82/><D82/><AGARI ba="0,1" hai="22,26,28,42,44,49,77,78,82,86,88" m="47335" machi="82" ten="30,3900,0" yaku="8,1,52,1,54,1" doraHai="27" who="3" fromWho="0" sc="345,-39,152,0,263,0,230,49" /><INIT seed="5,0,0,3,1,27" ten="306,152,263,279" oya="1" hai0="69,47,106,119,1,16,93,80,11,58,97,96,49" hai1="8,95,18,14,40,23,118,113,65,89,74,34,38" hai2="124,61,131,87,64,120,105,126,86,54,88,31,57" hai3="77,91,9,44,25,128,121,37,134,125,48,20,115"/><U116/><E113/><V68/><F120/><W122/><G115/><T0/><D69/><U33/><E74/><V50/><F105/><W129/><G37/><T22/><D119/><U103/><E103/><V45/><F131/><N who="3" m="50251" /><G134/><T10/><D0/><U43/><E65/><V29/><F86/><W81/><G91/><T46/><D106/><U78/><E78/><V15/><F68/><W35/><G35/><T6/><D11/><U133/><E133/><V30/><REACH who="2" step="1"/><F15/><REACH who="2" ten="306,152,253,279" step="2"/><W82/><G122/><T41/><D97/><U99/><E34/><V76/><F76/><W98/><G77/><T90/><D80/><AGARI ba="0,1" hai="29,30,31,45,50,54,57,61,64,80,87,88,124,126" machi="80" ten="40,8000,1" yaku="1,1,52,3,54,1,53,0" doraHai="27" doraHaiUra="101" who="2" fromWho="0" sc="306,-80,152,0,253,90,279,0" /><INIT seed="6,0,0,2,5,57" ten="226,152,343,279" oya="2" hai0="102,104,72,109,18,29,107,86,84,8,113,122,134" hai1="65,20,15,5,79,70,0,45,17,88,99,53,27" hai2="16,31,112,78,127,132,126,125,11,129,12,114,35" hai3="76,71,128,32,47,42,75,121,58,14,106,116,90"/><V82/><F129/><W61/><G116/><T19/><D109/><U97/><E70/><V91/><F91/><W131/><G121/><T80/><D122/><U41/><E65/><V25/><REACH who="2" step="1"/><F132/><REACH who="2" ten="226,152,333,279" step="2"/><W28/><G90/><T66/><D134/><U4/><E79/><V110/><F110/><W40/><G76/><T43/><D113/><U3/><E88/><V95/><F95/><W51/><G131/><T6/><D107/><U73/><E99/><V1/><F1/><W69/><G106/><T49/><D104/><U56/><E97/><V48/><F48/><W26/><G51/><T120/><D49/><U23/><E0/><V98/><F98/><W2/><G2/><T100/><D120/><U103/><E3/><V55/><F55/><W60/><G128/><T36/><D36/><U59/><E103/><V119/><F119/><W22/><G40/><T124/><D102/><U111/><E111/><V34/><F34/><W85/><G42/><T87/><D43/><U7/><E73/><AGARI ba="0,1" hai="11,12,16,25,31,35,73,78,82,112,114,125,126,127" machi="73" ten="40,12000,1" yaku="1,1,18,1,54,1,53,1" doraHai="57" doraHaiUra="30" who="2" fromWho="1" sc="226,0,152,-120,333,130,279,0" /><INIT seed="6,1,0,3,0,71" ten="226,32,463,279" oya="2" hai0="72,5,99,0,70,52,88,128,9,37,132,1,118" hai1="58,33,53,30,105,91,19,36,69,17,109,121,89" hai2="29,54,96,11,6,90,73,133,12,122,13,57,78" hai3="61,108,41,26,75,3,103,22,23,8,76,126,130"/><V112/><F112/><W74/><G108/><T101/><D132/><U39/><E105/><V7/><F133/><W80/><G130/><T21/><D128/><U67/><E109/><V18/><F122/><W116/><G116/><T51/><D70/><U85/><E121/><V42/><F29/><W125/><G103/><T24/><D72/><U63/><E30/><V123/><F123/><W4/><G75/><T28/><D118/><U113/><E33/><V66/><F66/><W27/><G61/><T65/><D65/><U83/><E113/><V35/><F35/><W16/><REACH who="3" step="1"/><G41/><REACH who="3" ten="226,32,463,269" step="2"/><T43/><D43/><U95/><E17/><AGARI ba="1,1" hai="3,4,8,16,17,22,23,26,27,74,76,80,125,126" machi="17" ten="40,8000,1" yaku="1,1,2,1,9,1,54,1,53,0" doraHai="71" doraHaiUra="92" who="3" fromWho="1" sc="226,0,32,-83,463,0,269,93" owari="226,-17.4,-51,-55.1,463,56.3,362,16.2" /></mjloggm>