<mjloggm ver="2.3"><GO type="169" lobby="0"/><UN n0="%E3%82%B3%E3%81%98%E3%81%95%E3%82%93%EF%BC%9F" n1="%74%61%6E%70%69%6E%38" n2="%E7%89%8C%E6%B5%81%E7%8A%B6%E6%85%8B%E9%BA%BB%E9%9B%80" n3="%E7%9C%BC%E9%8F%A1%E3%81%AE%E7%94%B7%E3%81%AE%E5%AD%90" dan="17,16,16,16" rate="2147.14,2132.68,2172.79,2102.25" sx="M,M,M,M"/><TAIKYOKU oya="0"/><INIT seed="0,0,0,0,2,10" ten="250,250,250,250" oya="0" hai0="38,44,4,27,59,78,75,111,29,129,124,108,48" hai1="50,42,58,132,101,120,17,90,66,57,6,84,127" hai2="52,104,73,109,2,61,121,40,31,68,96,83,91" hai3="82,64,106,51,67,131,56,72,114,3,8,102,76"/><T113/><D113/><U71/><E120/><V117/><F121/><W19/><G114/><T87/><D124/><U85/><E132/><V0/><F109/><N who="0" m="42058" /><D129/><U7/><E101/><V125/><F125/><W110/><G131/><T60/><D38/><U105/><E105/><V100/><F117/><W25/><G3/><T43/><D4/><U9/><E71/><V62/><F40/><W115/><G115/><T97/><D97/><U80/><E127/><V15/><F31/><W63/><G51/><T89/><D78/><U107/><E107/><V119/><F119/><W34/><G34/><N who="0" m="20799" /><D75/><U134/><E134/><V20/><F73/><W46/><G76/><T69/><D69/><U70/><E70/><V37/><F68/><W21/><G72/><T53/><D87/><U32/><E85/><V5/><F37/><W93/><G106/><T45/><D44/><N who="1" m="25879" /><E32/><V24/><F104/><W14/><G46/><T47/><D47/><U49/><E6/><V130/><F5/><W135/><G135/><T23/><D23/><U126/><E7/><V28/><F20/><W133/><G133/><T12/><D89/><U118/><E118/><V92/><F91/><W123/><G123/><T103/><D103/><U95/><E90/><V33/><F100/><W81/><G110/><T16/><D16/><U11/><E17/><V79/><F130/><W22/><G22/><T74/><D74/><U116/><E84/><V128/><F128/><W13/><G13/><AGARI ba="0,0" hai="12,13,43,45,48,53,59,60" m="20799,42058" machi="13" ten="30,11600,0" yaku="14,1,10,1,52,2" doraHai="10" who="0" fromWho="3" sc="250,116,250,0,250,0,250,-116" /><INIT seed="0,1,0,2,0,120" ten="366,250,250,134" oya="0" hai0="104,72,24,53,135,75,61,18,73,94,117,28,57" hai1="42,80,21,13,32,26,37,76,66,23,74,107,8" hai2="115,101,14,121,67,108,85,49,3,51,109,55,68" hai3="123,99,110,69,71,44,50,43,65,70,112,118,111"/><T100/><D117/><U124/><E107/><V17/><F3/><W47/><G99/><T128/><D104/><U95/><E124/><V54/><F121/><W36/><G123/><T7/><D7/><U77/><E77/><V9/><F115/><W103/><G103/><T122/><D122/><U4/><E66/><V0/><F0/><W2/><G2/><T78/><D135/><U45/><E32/><V10/><F101/><W125/><G112/><T92/><D128/><U22/><REACH who="1" step="1"/><E95/><REACH who="1" ten="366,240,250,134" step="2"/><V89/><F67/><W25/><G125/><T35/><D78/><U15/><E15/><V86/><F14/><W131/><G25/><AGARI ba="1,1" hai="4,8,13,21,22,23,25,26,37,42,45,74,76,80" machi="25" ten="40,2600,0" yaku="1,1,53,1" doraHai="120" doraHaiUra="1" who="1" fromWho="3" sc="366,0,240,39,250,0,134,-29" /><INIT seed="1,0,0,5,2,117" ten="366,279,250,105" oya="1" hai0="63,1,107,82,15,111,105,3,33,129,34,44,66" hai1="89,101,72,31,104,90,28,39,6,83,55,48,59" hai2="80,23,11,32,26,51,58,116,57,42,4,87,12" hai3="67,93,115,71,75,86,41,112,18,17,122,110,77"/><U133/><E39/><V64/><F32/><W96/><G41/><T2/><D15/><U47/><E133/><V62/><F116/><W35/><G35/><N who="0" m="13323" /><D82/><U38/><E6/><V74/><F74/><W128/><G67/><T108/><D44/><U45/><E101/><V95/><F95/><W102/><G71/><N who="0" m="42463" /><D129/><U121/><E104/><AGARI ba="0,0" hai="1,2,3,104,105,107,108,111" m="42463,13323" machi="104" ten="40,1300,0" yaku="23,1" doraHai="117" who="0" fromWho="1" sc="366,13,279,-13,250,0,105,0" /><INIT seed="2,0,0,2,2,100" ten="379,266,250,105" oya="2" hai0="116,72,3,28,109,0,12,27,107,1,37,49,115" hai1="33,135,128,4,24,114,97,32,75,131,125,88,31" hai2="96,23,36,82,132,54,113,90,8,30,111,67,68" hai3="86,92,44,85,42,108,65,95,127,17,22,130,101"/><V16/><F113/><W58/><G108/><T133/><D37/><U70/><E75/><V25/><F132/><W74/><G74/><T91/><D115/><U102/><E70/><V89/><F111/><W6/><G130/><N who="1" m="49706" /><E114/><V105/><F36/><W122/><G127/><T123/><D49/><U78/><E78/><V13/><F54/><W84/><G6/><T93/><D12/><U73/><E73/><V41/><F41/><W5/><G5/><T64/><D93/><U11/><E125/><V129/><F129/><W34/><G34/><T104/><D91/><U98/><E33/><V59/><F68/><W94/><G122/><T48/><D48/><U51/><E51/><V38/><F38/><W62/><G44/><T76/><D64/><U110/><E135/><V50/><F82/><W56/><G42/><T69/><D69/><U10/><E10/><V15/><F15/><W9/><G9/><T66/><D66/><U99/><E88/><V120/><F120/><W106/><G58/><T61/><D61/><U134/><E134/><V79/><F79/><W46/><G46/><T87/><D76/><U7/><E7/><V52/><REACH who="2" step="1"/><F67/><REACH who="2" ten="379,266,240,105" step="2"/><W18/><REACH who="3" step="1"/><G22/><REACH who="3" ten="379,266,240,95" step="2"/><T124/><D109/><U21/><E21/><V19/><F19/><W117/><G117/><T60/><D116/><U71/><E71/><V119/><F119/><W80/><G80/><T47/><D123/><U43/><E43/><V57/><F57/><W112/><G112/><T39/><D133/><U2/><E110/><V40/><F40/><W26/><G26/><T77/><D27/><U20/><E20/><RYUUKYOKU ba="0,2" sc="379,-30,266,10,240,10,95,10" hai1="2,4,11,24,31,32,97,98,99,102" hai2="8,13,16,23,25,30,50,52,59,89,90,96,105" hai3="17,18,56,62,65,84,85,86,92,94,95,101,106" /><INIT seed="2,1,2,0,3,90" ten="349,276,250,105" oya="2" hai0="111,42,75,110,112,61,85,2,128,71,68,127,14" hai1="36,119,9,34,5,62,57,59,83,121,96,49,81" hai2="29,79,15,76,1,80,23,133,106,78,43,56,93" hai3="97,35,33,69,134,113,10,47,125,20,38,107,32"/><V67/><F106/><W11/><G69/><T24/><D75/><U123/><E36/><V131/><F1/><W39/><G47/><T88/><D2/><U31/><E119/><V124/><F131/><W63/><G63/><T117/><D112/><U3/><E31/><V53/><F124/><W102/><G125/><T122/><D127/><U87/><E34/><V18/><F133/><W99/><G134/><T95/><D122/><N who="1" m="46603" /><E96/><V64/><F43/><W22/><G113/><T98/><D24/><U100/><E100/><V17/><F29/><W115/><G115/><T118/><D42/><U73/><E49/><V120/><F80/><W66/><G66/><N who="0" m="41039" /><D71/><U37/><E37/><N who="3" m="13834" /><G102/><N who="0" m="60767" /><D14/><U46/><E46/><V44/><F44/><W0/><G107/><T48/><D48/><U26/><E26/><V41/><F41/><W114/><G0/><T132/><D128/><U27/><E27/><V135/><F120/><W60/><G60/><T55/><D55/><U12/><E3/><V130/><F130/><W77/><G114/><T28/><D28/><U4/><E62/><N who="2" m="36111" /><F135/><W86/><G35/><T82/><D132/><U103/><E103/><V58/><F58/><W25/><G33/><T126/><D126/><U7/><E59/><V109/><F18/><N who="3" m="12439" /><G32/><T101/><D101/><U70/><E57/><V13/><F13/><W104/><G104/><T89/><D89/><N who="1" m="51439" /><E70/><V51/><F51/><W52/><G52/><T40/><D40/><U19/><E19/><V108/><F67/><W74/><G74/><T16/><D16/><N who="1" m="8207" /><E73/><V6/><F64/><W91/><G91/><T21/><D21/><RYUUKYOKU ba="1,2" sc="349,15,276,15,250,-15,105,-15" hai0="82,85,88,110,111,117,118" hai1="4,5,7,83" /><INIT seed="3,2,2,4,5,17" ten="364,291,235,90" oya="3" hai0="76,115,83,60,63,53,61,93,98,38,59,109,85" hai1="9,122,2,25,3,94,95,40,86,8,126,102,12" hai2="21,33,128,89,111,20,96,67,45,46,39,14,64" hai3="4,97,90,105,26,36,48,134,52,57,56,82,75"/><W110/><G36/><T1/><D109/><U0/><E122/><V16/><F33/><W69/><G69/><T117/><D117/><U135/><E135/><V41/><F111/><W130/><G110/><T6/><D38/><U55/><E40/><V108/><F108/><W49/><G134/><T127/><D127/><U74/><E74/><V131/><F46/><W118/><G118/><T79/><D115/><U44/><E126/><V35/><F35/><W7/><G130/><N who="2" m="49705" /><F21/><W100/><G26/><T22/><D6/><U106/><E8/><V120/><F120/><W114/><G114/><T119/><D1/><U81/><E106/><V51/><F39/><W11/><G11/><T43/><D43/><U62/><E25/><V32/><F32/><W99/><G99/><T87/><D22/><U70/><E102/><V66/><F89/><W31/><G31/><T19/><D19/><U5/><E44/><V113/><F96/><W34/><G34/><T71/><D71/><U77/><REACH who="1" step="1"/><E55/><REACH who="1" ten="364,281,235,90" step="2"/><V29/><F113/><W80/><G75/><T101/><D119/><U92/><E92/><V58/><F29/><W54/><REACH who="3" step="1"/><G80/><AGARI ba="2,3" hai="53,59,60,61,63,76,79,80,83,85,87,93,98,101" machi="80" ten="40,2600,0" yaku="9,1,8,1" doraHai="17" who="0" fromWho="3" sc="364,62,281,0,235,0,90,-32" /><INIT seed="4,0,0,1,2,21" ten="426,281,235,58" oya="0" hai0="39,62,33,9,7,59,120,28,64,41,135,56,112" hai1="73,98,109,101,126,94,133,119,27,86,15,60,49" hai2="105,24,117,2,53,4,63,130,100,47,108,50,132" hai3="57,95,67,127,61,58,19,30,46,76,45,6,88"/><T36/><D120/><U93/><E73/><V8/><F108/><W87/><G127/><T124/><D124/><U80/><E119/><V97/><F117/><W72/><G6/><T17/><D112/><U79/><E126/><V40/><F130/><W37/><G37/><T91/><D17/><U65/><E109/><V77/><F132/><W66/><G19/><T68/><D135/><U16/><E133/><V99/><F77/><W34/><G72/><T103/><D91/><U29/><E49/><V74/><F74/><W122/><G122/><T84/><D84/><U81/><E81/><V23/><F99/><W31/><G76/><T82/><D82/><U123/><E123/><V92/><F105/><W20/><G34/><T107/><D41/><U115/><E94/><V26/><F23/><W54/><G67/><T35/><D59/><U10/><E115/><V75/><F75/><W14/><G31/><T96/><D56/><N who="1" m="36999" /><E29/><V69/><REACH who="2" step="1"/><F40/><REACH who="2" ten="426,281,225,58" step="2"/><W18/><REACH who="3" step="1"/><G30/><REACH who="3" ten="426,281,225,48" step="2"/><T51/><D28/><U85/><E85/><V78/><F78/><W38/><G38/><T125/><D125/><U90/><E79/><V121/><F121/><W0/><G0/><T89/><D36/><U134/><E134/><V43/><F43/><W116/><G116/><T106/><D39/><U70/><E86/><V52/><F52/><W83/><G83/><T42/><D33/><U48/><E80/><V44/><F44/><W22/><G22/><T102/><D35/><U110/><E110/><V11/><F11/><W1/><G1/><N who="0" m="239" /><D42/><U118/><E118/><V3/><F3/><W71/><G71/><RYUUKYOKU ba="0,2" sc="426,-15,281,-15,225,15,48,15" hai2="2,4,8,24,26,47,50,53,63,69,92,97,100" hai3="14,18,20,45,46,54,57,58,61,66,87,88,95" /><INIT seed="5,1,2,0,3,29" ten="411,266,240,63" oya="1" hai0="45,27,85,33,83,19,77,91,125,103,8,100,59" hai1="20,126,24,71,106,81,112,30,25,122,47,34,50" hai2="58,70,129,97,6,76,116,15,48,40,21,36,86" hai3="51,55,82,90,57,31,18,104,94,105,49,118,64"/><U123/><E106/><V110/><F110/><W132/><G132/><T88/><D125/><U61/><E112/><V10/><F70/><W101/><G118/><T102/><D33/><U117/><E117/><V98/><F36/><W95/><G82/><T135/><D135/><U11/><E126/><V53/><F116/><W120/><G120/><T22/><D45/><U12/><E81/><N who="2" m="47399" /><F129/><W16/><G105/><T39/><D39/><U127/><E127/><V1/><F1/><W17/><G104/><T67/><D8/><U124/><E124/><V69/><F69/><W13/><G64/><T78/><D78/><U130/><E130/><V26/><F40/><W60/><G31/><AGARI ba="1,2" hai="6,10,15,21,26,31,48,53,58,97,98" m="47399" machi="31" ten="30,1000,0" yaku="8,1" doraHai="29" who="2" fromWho="3" sc="411,0,266,0,240,33,63,-13" /><INIT seed="6,0,0,3,0,58" ten="411,266,273,50" oya="2" hai0="53,124,91,52,23,57,19,47,62,118,73,5,114" hai1="126,83,49,55,92,109,51,7,31,24,50,125,113" hai2="80,41,54,98,76,105,15,12,99,39,34,35,131" hai3="40,21,74,37,56,26,117,42,87,97,133,132,95"/><V102/><F131/><W77/><G117/><T63/><D73/><U120/><E109/><V122/><F122/><W78/><G74/><T90/><D118/><U111/><E111/><V110/><F110/><W38/><G87/><T82/><D114/><U116/><E116/><V129/><F129/><W85/><G85/><T69/><D124/><N who="1" m="47723" /><E113/><V32/><F99/><W44/><G44/><T61/><D5/><U112/><E112/><V75/><F41/><W60/><G42/><T11/><D11/><U106/><E106/><V71/><F39/><W65/><G40/><T79/><D69/><U10/><E83/><V18/><F71/><W22/><G22/><T121/><D47/><N who="1" m="28095" /><E92/><V3/><F3/><W104/><G104/><T72/><D121/><U135/><E135/><N who="3" m="51786" /><G38/><T94/><D53/><U0/><E120/><V8/><F12/><W115/><G37/><T88/><REACH who="0" step="1"/><D94/><REACH who="0" ten="401,266,273,50" step="2"/><U84/><E10/><V25/><REACH who="2" step="1"/><F54/><REACH who="2" ten="401,266,263,50" step="2"/><W46/><G115/><T48/><D48/><U66/><E51/><V20/><F20/><W119/><G119/><T96/><D96/><U27/><E50/><V13/><F13/><AGARI ba="0,2" hai="13,19,23,52,57,61,62,63,72,79,82,88,90,91" machi="13" ten="40,16000,3" yaku="1,1,52,3,54,2,53,3" doraHai="58" doraHaiUra="59" who="0" fromWho="2" sc="401,180,266,0,263,-160,50,0" /><INIT seed="7,0,0,3,1,7" ten="581,266,103,50" oya="3" hai0="35,63,102,43,120,97,18,8,12,16,131,54,130" hai1="125,86,122,53,133,123,27,113,33,83,51,87,90" hai2="5,95,24,45,3,55,79,21,118,15,59,104,100" hai3="109,17,14,52,65,91,67,62,124,29,23,28,72"/><W34/><G72/><T75/><D35/><U31/><E113/><V128/><F104/><W25/><G124/><T1/><D1/><U69/><E69/><V135/><F3/><W61/><G109/><T6/><D43/><U22/><E133/><V82/><F118/><W108/><G108/><T127/><D120/><U20/><E125/><V40/><F128/><N who="0" m="49194" /><D127/><U68/><E68/><V26/><F135/><W41/><G41/><T106/><D75/><U60/><E60/><V110/><F110/><W9/><G29/><T57/><AGARI ba="0,0" hai="6,8,12,16,18,54,57,63,97,102,106" m="49194" machi="57" ten="30,4000,0" yaku="19,1,52,1,54,1" doraHai="7" who="0" fromWho="0" sc="581,40,266,-10,103,-10,50,-20" owari="621,72.1,256,5.6,93,-30.7,30,-47.0" /></mjloggm>