<mjloggm ver="2.3"><GO type="169" lobby="0"/><UN n0="%E6%98%8E%E6%98%9F%E5%B8%82%E6%B0%91" n1="%67%6F%67%6F%2D%E3%82%B4%E3%83%AA%E3%83%A9" n2="%61%6B%69%62%61%62%61%6E" n3="%4F%56%4F" dan="17,17,17,16" rate="2218.56,2157.66,2198.80,2064.48" sx="M,M,M,M"/><TAIKYOKU oya="0"/><INIT seed="0,0,0,0,2,120" ten="250,250,250,250" oya="0" hai0="110,121,127,83,52,35,79,133,81,30,126,102,65" hai1="7,90,57,42,2,67,98,17,50,46,72,68,12" hai2="95,106,118,61,59,51,49,128,103,41,104,115,93" hai3="33,75,87,32,71,19,96,89,53,116,62,60,124"/><T112/><D112/><U8/><E72/><V29/><F115/><W40/><G116/><T14/><D121/><U58/><E68/><V125/><F118/><W91/><G75/><T43/><D65/><U130/><E130/><V47/><F128/><W25/><G124/><N who="0" m="47659" /><D43/><U117/><E117/><V108/><F125/><W16/><G40/><T70/><D70/><U94/><REACH who="1" step="1"/><E67/><REACH who="1" ten="250,240,250,250" step="2"/><V34/><F106/><W114/><G71/><T69/><D69/><U39/><E39/><V4/><F104/><W109/><G114/><T20/><D133/><U1/><E1/><V55/><F41/><W99/><G53/><T56/><D102/><U28/><E28/><V37/><F55/><W26/><REACH who="3" step="1"/><G87/><REACH who="3" ten="250,240,250,240" step="2"/><T82/><D52/><U45/><E45/><V113/><F47/><W78/><G78/><T85/><D56/><U76/><E76/><V3/><F59/><W9/><G9/><AGARI ba="0,2" hai="2,7,8,9,12,17,42,46,50,57,58,90,94,98" machi="9" ten="30,3900,0" yaku="1,1,7,1,53,1" doraHai="120" doraHaiUra="92" who="1" fromWho="3" sc="250,0,240,59,250,0,240,-39" /><INIT seed="1,0,0,0,1,32" ten="250,299,250,201" oya="1" hai0="133,110,72,63,44,46,55,2,60,81,112,66,47" hai1="4,74,37,107,34,3,76,67,25,118,124,86,24" hai2="69,85,91,53,87,115,108,135,39,68,84,102,64" hai3="35,100,19,94,78,109,127,14,120,38,23,52,43"/><U18/><E118/><V90/><F108/><W21/><G120/><T73/><D112/><U0/><E74/><V97/><F115/><W57/><G35/><T17/><D72/><U59/><E107/><V82/><F39/><W134/><G109/><T10/><D110/><U51/><E37/><V116/><F116/><W104/><G104/><T16/><D55/><U101/><E101/><V93/><F135/><W26/><G134/><T6/><D133/><U9/><E124/><V30/><F30/><W122/><G122/><T50/><D50/><U96/><E96/><V132/><F132/><W13/><G127/><T33/><D33/><U130/><E130/><V49/><F64/><W71/><G71/><T15/><D17/><U92/><E3/><V12/><F12/><W58/><G78/><T56/><D63/><U61/><E34/><V54/><F54/><W11/><G43/><T128/><D128/><U129/><E129/><V98/><F98/><N who="3" m="59479" /><G38/><T22/><REACH who="0" step="1"/><D44/><REACH who="0" ten="240,299,250,201" step="2"/><U70/><E18/><V8/><F53/><W89/><G52/><T41/><D41/><U42/><E51/><V29/><F49/><W119/><G119/><T113/><D113/><U77/><E42/><V5/><F29/><W20/><G19/><T40/><D40/><U106/><E61/><V48/><F48/><W62/><G62/><T131/><D131/><U105/><E67/><V99/><F102/><W79/><G58/><T80/><D80/><U83/><E59/><V27/><F82/><W125/><G57/><T31/><D31/><U88/><E83/><V75/><F75/><W36/><G36/><RYUUKYOKU ba="0,1" sc="240,30,299,-10,250,-10,201,-10" hai0="2,6,10,15,16,22,46,47,56,60,66,73,81" /><INIT seed="2,1,1,2,5,104" ten="270,289,240,191" oya="2" hai0="85,116,63,105,72,133,52,118,41,81,43,97,94" hai1="69,87,57,123,121,77,59,2,103,79,126,21,91" hai2="113,80,109,18,124,31,4,82,36,16,34,11,39" hai3="102,61,134,50,12,106,10,17,95,98,19,5,32"/><V26/><F113/><W130/><G32/><T33/><D33/><U27/><E69/><V8/><F124/><W114/><G114/><T131/><D131/><U115/><E2/><V9/><F4/><W23/><G130/><T38/><D133/><U7/><E7/><V75/><F109/><W73/><G134/><T110/><D105/><U76/><E115/><V49/><F49/><W89/><G61/><T119/><D38/><U117/><E117/><V74/><F36/><W71/><G71/><T58/><D110/><U56/><E103/><V55/><F55/><W65/><G65/><T86/><D86/><U0/><E0/><V64/><F64/><W84/><G50/><T46/><D46/><U60/><E126/><V3/><F3/><W13/><REACH who="3" step="1"/><G5/><REACH who="3" ten="270,289,240,181" step="2"/><T125/><D125/><U88/><E60/><V48/><F48/><W92/><G92/><T67/><D67/><U28/><REACH who="1" step="1"/><E87/><REACH who="1" ten="270,279,240,181" step="2"/><V6/><F6/><W90/><G90/><AGARI ba="1,3" hai="21,27,28,56,57,59,76,77,79,88,90,91,121,123" machi="90" ten="50,6400,0" yaku="1,1,2,1,54,1,53,0" doraHai="104" doraHaiUra="30" who="1" fromWho="3" sc="270,0,279,97,240,0,181,-67" /><INIT seed="3,0,0,3,4,83" ten="270,376,240,114" oya="3" hai0="94,16,96,117,74,68,20,85,116,56,130,82,17" hai1="57,75,78,22,41,71,112,81,10,97,101,27,98" hai2="2,61,34,76,30,21,39,3,51,131,129,19,113" hai3="35,25,29,63,45,52,93,33,133,135,95,128,69"/><W64/><G128/><N who="2" m="49225" /><F39/><W36/><G35/><T50/><D68/><U53/><E71/><V13/><F61/><W114/><G114/><T102/><D74/><U80/><E112/><V119/><F51/><N who="3" m="28783" /><G36/><T126/><D130/><U88/><E41/><V77/><F113/><W43/><G43/><T66/><D126/><U42/><E42/><V37/><F37/><W32/><G32/><T104/><D104/><U49/><E10/><V127/><F127/><W0/><G0/><N who="2" m="41" /><F119/><W99/><G99/><T90/><D117/><U24/><E22/><V107/><F107/><W89/><G89/><T58/><D20/><U84/><REACH who="1" step="1"/><E98/><REACH who="1" ten="270,366,240,114" step="2"/><V12/><F12/><W62/><G62/><N who="0" m="38215" /><D116/><U18/><E18/><V55/><F13/><W70/><G70/><T11/><D11/><U122/><E122/><V15/><F15/><W65/><G65/><T60/><D60/><U73/><E73/><V9/><F19/><W23/><G33/><T14/><D14/><U125/><E125/><V87/><F9/><W72/><G72/><T1/><D1/><U40/><E40/><V54/><F34/><W106/><G69/><T132/><D132/><U105/><AGARI ba="0,1" hai="24,27,49,53,57,75,78,80,81,84,88,97,101,105" machi="105" ten="20,8000,1" yaku="1,1,0,1,7,1,52,1,54,1,53,0" doraHai="83" doraHaiUra="59" who="1" fromWho="1" sc="270,-20,366,90,240,-20,114,-40" /><INIT seed="4,0,0,3,3,34" ten="250,456,220,74" oya="0" hai0="55,98,76,33,84,16,92,78,0,132,30,56,115" hai1="127,88,81,134,91,8,45,49,96,47,37,79,35" hai2="133,103,22,61,10,36,119,112,99,85,64,62,6" hai3="69,89,113,60,25,83,58,100,71,24,50,44,101"/><T123/><D123/><U130/><E130/><V29/><F112/><W20/><G113/><T42/><D132/><U27/><E127/><V11/><F133/><W74/><G71/><T135/><D135/><U43/><E134/><V38/><F11/><W93/><G69/><T121/><D121/><U39/><E39/><V118/><F85/><W41/><G83/><T104/><D42/><U120/><E120/><V111/><F22/><W70/><G70/><T7/><D104/><U12/><E27/><V122/><F29/><W65/><G74/><T18/><D30/><U2/><E96/><V54/><F111/><W23/><G23/><T114/><D33/><U57/><E57/><N who="2" m="34999" /><F62/><W31/><REACH who="3" step="1"/><G24/><REACH who="3" ten="250,456,220,64" step="2"/><T109/><D115/><U95/><E81/><V32/><F122/><W125/><G125/><T63/><D114/><U3/><E35/><V77/><F32/><W90/><G90/><T102/><D109/><U131/><E91/><V66/><F77/><W5/><G5/><T94/><D76/><U53/><E79/><V1/><F118/><W126/><G126/><T110/><D110/><U108/><E108/><V75/><F75/><W17/><G17/><T46/><D16/><U19/><E131/><V80/><F80/><W73/><G73/><T59/><D18/><U48/><E37/><V117/><F36/><W4/><G4/><T124/><D7/><U106/><E106/><N who="2" m="63871" /><F38/><W116/><G116/><T26/><D26/><U9/><E8/><V82/><F82/><W128/><G128/><T67/><D124/><U51/><E51/><V28/><F28/><W13/><G13/><RYUUKYOKU ba="0,1" sc="250,-30,456,10,220,10,64,10" hai1="2,3,9,12,19,43,45,47,48,49,53,88,95" hai2="1,6,10,64,66,117,119" hai3="20,25,31,41,44,50,58,60,65,89,93,100,101" /><INIT seed="5,1,1,3,1,42" ten="220,466,230,74" oya="1" hai0="15,59,132,77,88,112,2,95,36,105,43,83,10" hai1="18,125,12,68,92,87,80,118,97,55,104,23,90" hai2="17,7,13,108,85,27,14,109,117,67,25,4,51" hai3="120,73,133,5,119,58,28,75,116,24,122,60,98"/><U81/><E118/><N who="3" m="45098" /><G5/><N who="2" m="2121" /><F51/><W45/><G98/><T22/><D132/><U79/><E125/><V84/><F67/><W39/><G133/><T130/><D105/><U62/><E104/><V93/><F93/><W94/><G94/><T53/><D2/><U76/><E68/><V19/><F85/><W32/><G58/><T121/><D112/><U89/><E62/><V115/><F84/><W66/><G60/><T135/><D130/><U134/><E134/><V107/><F107/><W70/><G66/><T99/><D121/><N who="3" m="46697" /><G70/><T57/><D22/><U52/><REACH who="1" step="1"/><E90/><REACH who="1" ten="220,456,230,74" step="2"/><V131/><F117/><W21/><G21/><T46/><D135/><U30/><E30/><V74/><F131/><W101/><G101/><T124/><D124/><U1/><E1/><V41/><F115/><W38/><G38/><T96/><D96/><U106/><E106/><V71/><F71/><W78/><G78/><T29/><D29/><U82/><E82/><V35/><F109/><W49/><G49/><T9/><D83/><U3/><E3/><V111/><F111/><W26/><G26/><T127/><D77/><U100/><E100/><V8/><F108/><W129/><G129/><T128/><D128/><U31/><E31/><V40/><F27/><W65/><G39/><T72/><D99/><U103/><E103/><V48/><F48/><W56/><G24/><T91/><D36/><U86/><AGARI ba="1,2" hai="12,18,23,52,55,76,79,80,81,86,87,89,92,97" machi="86" ten="20,18000,2" yaku="1,1,0,1,7,1,9,1,8,1,54,1,53,0" doraHai="42" doraHaiUra="126" who="1" fromWho="1" sc="220,-61,456,203,230,-61,74,-61" /><INIT seed="5,2,0,1,0,20" ten="159,659,169,13" oya="1" hai0="45,10,66,8,106,112,94,99,35,27,69,100,128" hai1="129,67,79,127,65,70,21,116,7,36,85,108,82" hai2="133,59,53,30,57,74,2,76,125,31,78,123,87" hai3="26,104,105,44,3,48,49,58,81,97,5,91,75"/><U101/><E116/><V15/><F123/><W43/><G3/><T46/><D128/><U132/><E129/><V50/><F2/><W122/><G5/><T119/><D112/><U56/><E132/><V14/><F133/><W60/><G122/><T121/><D119/><U84/><E127/><V6/><F74/><W13/><G13/><N who="2" m="4617" /><F6/><W52/><G75/><T118/><D121/><U12/><E36/><V93/><F125/><W55/><G105/><T83/><D83/><U124/><E70/><V72/><F72/><W24/><G104/><T11/><D94/><U9/><E108/><V32/><F32/><W47/><REACH who="3" step="1"/><G97/><REACH who="3" ten="159,659,169,3" step="2"/><T88/><D118/><U77/><E124/><V113/><F113/><W63/><G63/><T92/><D106/><U103/><E7/><V22/><F87/><AGARI ba="2,1" hai="24,26,43,44,47,48,49,52,55,58,60,81,87,91" machi="87" ten="40,12000,2" yaku="1,1,8,1,52,2,54,1,53,1" doraHai="20" doraHaiUra="86" who="3" fromWho="2" sc="159,0,659,0,169,-126,3,136" /><INIT seed="6,0,0,0,4,134" ten="159,659,43,139" oya="2" hai0="110,132,7,23,17,11,54,74,36,9,118,16,6" hai1="111,117,66,89,72,77,57,24,94,98,65,29,87" hai2="126,131,120,130,32,99,69,47,13,50,41,107,1" hai3="67,28,113,10,121,59,78,60,93,73,26,109,81"/><V119/><F120/><W53/><G109/><T75/><D36/><U42/><E111/><V64/><F1/><W115/><G121/><T39/><D39/><U2/><E117/><V51/><F32/><W91/><G10/><T52/><D110/><U45/><E72/><V128/><F119/><W30/><G67/><T21/><REACH who="0" step="1"/><D118/><REACH who="0" ten="149,659,43,139" step="2"/><U124/><E66/><V20/><F64/><W35/><REACH who="3" step="1"/><G30/><REACH who="3" ten="149,659,43,129" step="2"/><T68/><D68/><U88/><E29/><V135/><F69/><W63/><G63/><T49/><D49/><U125/><E65/><V127/><F135/><AGARI ba="0,2" hai="6,7,9,11,16,17,21,23,52,54,74,75,132,135" machi="135" ten="25,8000,1" yaku="1,1,22,2,54,2,53,0" doraHai="134" doraHaiUra="84" who="0" fromWho="2" sc="149,100,659,0,43,-80,129,0" owari="249,4.9,659,75.9,-37,-53.7,129,-27.1" /></mjloggm>