<mjloggm ver="2.3"><GO type="169" lobby="0"/><UN n0="%E3%81%91%E3%83%BC%E3%81%9E%E3%81%88" n1="%41%4C%50%45%52%49%4E" n2="%68%69%72%61%6A%75%6E" n3="%E3%82%B7%E3%83%A9%2E" dan="17,16,16,16" rate="2163.10,2133.35,2081.36,2188.86" sx="F,M,M,M"/><TAIKYOKU oya="0"/><INIT seed="0,0,0,2,1,30" ten="250,250,250,250" oya="0" hai0="130,114,131,73,135,3,68,7,36,91,83,111,10" hai1="22,129,35,13,133,51,44,90,34,59,134,2,96" hai2="8,102,53,27,21,45,82,64,92,48,112,1,9" hai3="55,42,120,11,54,95,15,104,132,127,50,89,93"/><T78/><D114/><U4/><E2/><V19/><F112/><W29/><G132/><N who="1" m="50794" /><E129/><N who="0" m="49161" /><D135/><U118/><E118/><V105/><F105/><W49/><G127/><T101/><D111/><U41/><E59/><V107/><F107/><W18/><G104/><T17/><D36/><U43/><E43/><V39/><F1/><W123/><G29/><T62/><D91/><U20/><E4/><V46/><F64/><W108/><G108/><T12/><D62/><U16/><E20/><V116/><F116/><W58/><G42/><T75/><D101/><U25/><E25/><V87/><F39/><W126/><G126/><T109/><D68/><U0/><E0/><V76/><REACH who="2" step="1"/><F46/><REACH who="2" ten="250,250,240,250" step="2"/><W106/><G106/><T60/><D109/><U37/><E37/><V52/><F52/><W110/><G110/><T23/><D60/><U28/><E28/><V86/><F86/><AGARI ba="0,1" hai="3,7,10,12,17,23,73,75,78,83,86" m="49161" machi="86" ten="30,1500,0" yaku="19,1" doraHai="30" who="0" fromWho="2" sc="250,25,250,0,240,-15,250,0" /><INIT seed="0,1,0,2,5,28" ten="275,250,225,250" oya="0" hai0="135,67,102,118,87,34,126,76,14,40,65,115,25" hai1="44,125,27,121,81,98,21,0,97,72,20,53,45" hai2="46,43,120,100,23,91,35,116,134,74,95,88,4" hai3="49,133,3,54,2,7,127,83,60,86,29,55,32"/><T24/><D118/><U92/><E121/><V111/><F120/><W93/><G133/><T22/><D115/><U132/><E0/><V11/><F116/><W8/><G127/><T42/><D126/><U41/><E125/><V13/><F111/><W104/><G104/><T16/><D135/><U73/><E132/><V128/><F128/><W31/><G2/><T66/><D102/><U50/><E81/><V37/><F134/><W51/><G60/><T80/><REACH who="0" step="1"/><D24/><REACH who="0" ten="265,250,225,250" step="2"/><U78/><E27/><V56/><F100/><W108/><G108/><T70/><D70/><U18/><E73/><V9/><F74/><W82/><G32/><T58/><D58/><U62/><E72/><V129/><F35/><W30/><G93/><T71/><D71/><U109/><E92/><V103/><F129/><W33/><G33/><T38/><D38/><U12/><E109/><V59/><F59/><W131/><G131/><T84/><D84/><U17/><E98/><V124/><F124/><W15/><G86/><T106/><D106/><U26/><E97/><V39/><F39/><W94/><G94/><T77/><D77/><U5/><E78/><V75/><F75/><W119/><G119/><T110/><D110/><U61/><REACH who="1" step="1"/><E5/><REACH who="1" ten="265,240,225,250" step="2"/><V105/><F105/><W90/><G7/><T123/><D123/><U101/><E101/><V85/><F103/><W113/><G83/><T52/><D52/><U79/><E79/><V114/><F4/><W117/><G82/><T48/><D48/><AGARI ba="1,2" hai="12,17,18,20,21,26,41,44,45,48,50,53,61,62" machi="48" ten="30,3900,0" yaku="1,1,7,1,8,1,53,0" doraHai="28" doraHaiUra="68" who="1" fromWho="0" sc="265,-42,240,62,225,0,250,0" /><INIT seed="1,0,0,1,3,107" ten="223,302,225,250" oya="1" hai0="77,113,45,133,57,92,132,110,34,8,4,109,123" hai1="5,31,94,25,118,22,117,106,2,60,20,115,71" hai2="85,50,29,40,84,48,121,61,102,54,80,100,59" hai3="73,27,108,1,55,131,112,111,6,72,83,35,128"/><U12/><E106/><V66/><F121/><W15/><G83/><T93/><D34/><U36/><E36/><V64/><F29/><N who="3" m="19903" /><G15/><N who="0" m="5511" /><D113/><U75/><E115/><V44/><F66/><W70/><G70/><T105/><D105/><U67/><E94/><N who="0" m="36457" /><D123/><U46/><E46/><V3/><F3/><W0/><G55/><T63/><D45/><U21/><E75/><N who="3" m="28746" /><G112/><T11/><D77/><U56/><E71/><V49/><F49/><W62/><G62/><T124/><D11/><U37/><E37/><V97/><F97/><W33/><G33/><T88/><D88/><U18/><E2/><N who="3" m="1130" /><G6/><T74/><D74/><U119/><E5/><V52/><F54/><W24/><G24/><T53/><D124/><U39/><E21/><V103/><REACH who="2" step="1"/><F80/><REACH who="2" ten="223,302,215,250" step="2"/><W116/><G116/><T42/><D42/><U65/><E119/><V125/><F125/><W82/><G82/><T99/><D99/><U47/><E118/><V76/><F76/><W30/><G30/><T78/><D78/><U89/><E117/><V79/><F79/><W90/><G90/><T58/><D58/><AGARI ba="0,1" hai="40,44,48,50,52,58,59,61,64,84,85,100,102,103" machi="58" ten="40,5200,0" yaku="1,1,8,1,54,1,53,0" doraHai="107" doraHaiUra="10" who="2" fromWho="0" sc="223,-52,302,0,215,62,250,0" /><INIT seed="2,0,0,1,3,25" ten="171,302,277,250" oya="2" hai0="59,39,132,60,6,44,66,71,109,4,106,1,24" hai1="80,98,61,129,52,35,0,119,68,128,7,93,42" hai2="101,34,112,133,14,118,117,92,54,100,32,45,17" hai3="105,56,30,104,62,90,9,57,67,113,134,124,86"/><V88/><F112/><W50/><G113/><T121/><D121/><U76/><E119/><V94/><F133/><W82/><G124/><T18/><D132/><U49/><E35/><V11/><F32/><W47/><G134/><T19/><D109/><U130/><E0/><V127/><F127/><W122/><G122/><T131/><D131/><U2/><E2/><V84/><F34/><W23/><G56/><T16/><D106/><U20/><E7/><V97/><REACH who="2" step="1"/><F101/><REACH who="2" ten="171,302,267,250" step="2"/><W69/><G69/><T123/><D123/><U78/><E68/><V96/><F96/><W65/><G65/><T46/><D24/><U135/><E98/><V58/><F58/><W120/><G120/><T85/><D71/><U107/><E135/><V10/><F10/><W70/><G70/><T114/><D114/><U83/><E130/><V99/><F99/><W103/><G103/><T64/><D1/><U95/><E129/><V73/><F73/><W5/><G9/><T21/><D21/><U51/><E20/><V125/><F125/><W79/><G23/><T75/><D75/><U91/><E128/><V48/><AGARI ba="0,1" hai="11,14,17,45,48,54,84,88,92,94,97,100,117,118" machi="48" ten="30,6000,0" yaku="1,1,0,1,54,1,53,0" doraHai="25" doraHaiUra="53" who="2" fromWho="2" sc="171,-20,302,-20,267,70,250,-20" /><INIT seed="2,1,0,3,5,53" ten="151,282,337,230" oya="2" hai0="97,73,52,98,7,114,17,85,120,116,106,110,0" hai1="20,23,70,124,93,12,6,22,88,83,56,75,92" hai2="57,126,104,103,131,15,5,9,74,40,42,100,132" hai3="4,122,129,41,127,67,28,90,63,102,16,105,50"/><V11/><F126/><W123/><G127/><T25/><D73/><U60/><E70/><V24/><F131/><W47/><G129/><T118/><D120/><U58/><E124/><V54/><F132/><W72/><G72/><T31/><D114/><U87/><E75/><V30/><F74/><W71/><G4/><T109/><D17/><U99/><E60/><V26/><F11/><W108/><G108/><N who="0" m="41579" /><D7/><U61/><E61/><V130/><F130/><W1/><G1/><T95/><D0/><U51/><E51/><V55/><F55/><W14/><G28/><T44/><D85/><U128/><E128/><V18/><F18/><W8/><REACH who="3" step="1"/><G90/><REACH who="3" ten="151,282,337,220" step="2"/><T133/><D133/><U38/><E38/><V94/><F30/><W111/><G111/><T65/><D31/><U64/><E64/><V10/><F5/><W3/><G3/><T134/><D134/><U33/><E33/><V62/><F9/><W49/><G49/><N who="0" m="28711" /><D65/><U81/><E6/><V89/><F10/><W119/><G119/><T69/><D118/><U43/><E12/><V117/><F15/><W45/><G45/><T80/><D116/><U13/><E13/><V32/><F117/><W37/><G37/><T19/><D19/><U86/><E23/><V121/><F32/><W96/><AGARI ba="1,1" hai="8,14,16,41,47,50,63,67,71,96,102,105,122,123" machi="96" ten="30,7900,0" yaku="1,1,0,1,54,1,53,1" doraHai="53" doraHaiUra="39" who="3" fromWho="3" sc="151,-21,282,-21,337,-40,220,92" /><INIT seed="3,0,0,0,3,1" ten="130,261,297,312" oya="3" hai0="106,97,71,110,49,9,93,116,36,108,68,55,98" hai1="117,78,79,39,130,57,126,113,76,4,70,47,58" hai2="56,87,59,14,73,30,15,54,77,41,12,100,29" hai3="96,88,111,24,86,104,66,19,105,64,40,114,92"/><W26/><G114/><T102/><D116/><U63/><E113/><V8/><F73/><W35/><G35/><T61/><D36/><U72/><E72/><V25/><F41/><W133/><G133/><T31/><D9/><U5/><E70/><V51/><F100/><W132/><G132/><T38/><D38/><U0/><E0/><V53/><F8/><W22/><G111/><T135/><D135/><U129/><E126/><V83/><REACH who="2" step="1"/><F25/><REACH who="2" ten="130,261,287,312" step="2"/><W80/><G40/><T27/><D110/><U11/><E11/><V89/><F89/><W20/><G105/><T99/><D108/><U94/><E117/><V127/><F127/><W50/><G104/><T2/><D2/><U3/><E3/><V37/><F37/><W32/><G32/><T62/><D106/><U23/><E39/><V121/><F121/><W85/><G50/><AGARI ba="0,1" hai="12,14,15,29,30,50,51,53,54,56,59,77,83,87" machi="50" ten="40,5200,0" yaku="1,1,9,1,8,1,53,0" doraHai="1" doraHaiUra="18" who="2" fromWho="3" sc="130,0,261,0,287,62,312,-52" /><INIT seed="4,0,0,3,0,130" ten="130,261,349,260" oya="0" hai0="98,45,46,80,105,27,118,94,125,48,58,67,104" hai1="43,97,0,124,21,20,121,131,103,26,106,117,134" hai2="82,110,93,34,61,55,135,53,9,126,39,102,17" hai3="57,23,54,88,96,101,25,112,83,65,128,81,108"/><T4/><D125/><U29/><E121/><V59/><F110/><W13/><G112/><T90/><D118/><U18/><E117/><V119/><F126/><W37/><G128/><T79/><D4/><U49/><E124/><V30/><F119/><W120/><G120/><T122/><D122/><U51/><E131/><V44/><F82/><W1/><G108/><T31/><D105/><U107/><E0/><V12/><F34/><W127/><G127/><T38/><D38/><U73/><E73/><V84/><F30/><W56/><G1/><T85/><D104/><U76/><E76/><V123/><F123/><W6/><G37/><T89/><D79/><U14/><E107/><V77/><F39/><W3/><G3/><T71/><D71/><U7/><E7/><V52/><F44/><W72/><G72/><T68/><D68/><U22/><E43/><V87/><F77/><W116/><G116/><T109/><D109/><U86/><E86/><N who="2" m="32811" /><F135/><W28/><G101/><T15/><D15/><U10/><REACH who="1" step="1"/><E134/><REACH who="1" ten="130,251,349,260" step="2"/><V92/><F92/><N who="3" m="56327" /><G65/><T35/><REACH who="0" step="1"/><D67/><REACH who="0" ten="120,251,349,260" step="2"/><U70/><E70/><V100/><F100/><W113/><G6/><T33/><D33/><AGARI ba="0,2" hai="10,14,18,20,21,22,26,29,33,49,51,97,103,106" machi="33" ten="40,8000,1" yaku="1,1,53,3" doraHai="130" doraHaiUra="16" who="1" fromWho="0" sc="120,-80,251,100,349,0,260,0" /><INIT seed="5,0,0,0,1,62" ten="40,351,349,260" oya="1" hai0="25,48,57,110,4,20,37,61,12,8,9,64,40" hai1="33,75,116,28,103,134,42,1,83,96,7,6,0" hai2="23,54,50,13,63,129,10,56,3,125,82,38,132" hai3="67,14,41,15,81,16,105,95,128,91,19,86,45"/><U26/><E116/><V113/><F38/><W127/><G127/><T123/><D123/><U124/><E124/><V130/><F125/><W5/><G128/><N who="2" m="49257" /><F132/><W51/><G105/><T108/><D37/><U121/><E121/><V30/><F82/><W58/><G5/><T32/><D32/><U99/><E134/><V21/><F113/><W80/><G58/><T114/><D114/><U133/><E133/><V79/><F79/><W65/><G81/><T2/><D48/><U73/><E42/><V84/><F84/><W109/><G80/><T92/><D40/><U68/><E68/><V11/><F30/><W85/><G85/><T106/><D106/><U46/><E46/><N who="2" m="27991" /><F3/><W100/><G100/><T93/><D110/><U55/><E7/><N who="2" m="3295" /><F11/><N who="3" m="6655" /><G109/><T52/><D108/><U120/><E0/><V107/><F107/><W31/><G31/><T78/><D78/><U72/><E83/><V44/><F44/><W70/><G70/><T122/><D122/><U60/><E120/><V49/><F49/><W118/><G118/><T89/><D89/><U126/><E126/><V36/><F36/><W102/><G102/><T77/><D77/><U29/><E29/><V71/><F71/><W111/><G111/><T87/><D87/><U17/><E17/><V24/><F24/><W131/><G131/><T97/><D97/><U88/><E103/><V98/><F98/><W66/><G16/><T74/><D74/><U35/><E88/><V112/><F112/><W18/><G18/><N who="0" m="12439" /><D2/><U117/><E117/><V34/><F34/><W47/><G47/><T115/><D115/><U59/><E35/><RYUUKYOKU ba="0,0" sc="40,-30,351,10,349,10,260,10" hai1="1,6,26,28,33,55,59,60,72,73,75,96,99" hai2="21,23,56,63" hai3="14,41,45,51,65,66,67,86,91,95" /><INIT seed="5,1,0,4,4,135" ten="10,361,359,270" oya="1" hai0="112,30,51,131,75,78,47,67,66,33,109,120,53" hai1="99,92,48,93,122,72,107,108,17,69,64,124,121" hai2="106,43,116,57,62,28,6,24,35,46,22,132,87" hai3="4,119,18,115,59,127,104,70,101,96,111,129,130"/><U88/><E107/><V26/><F116/><W49/><G18/><T71/><D109/><U61/><E72/><V8/><F132/><W81/><G4/><T50/><D131/><N who="3" m="50185" /><G59/><T20/><D112/><U16/><E108/><V128/><F128/><W56/><G56/><T25/><D120/><U52/><E124/><V7/><F106/><W98/><G49/><T86/><D75/><U39/><E39/><V118/><F118/><W82/><G70/><T36/><D36/><U91/><E121/><V10/><F87/><W54/><G54/><T123/><D123/><U15/><E122/><V31/><F7/><W12/><G12/><T134/><D134/><U65/><E65/><V11/><F6/><W29/><G29/><T125/><D125/><U55/><E48/><V58/><REACH who="2" step="1"/><F62/><REACH who="2" ten="10,361,349,270" step="2"/><W19/><G111/><T103/><D103/><U94/><E17/><V117/><F117/><W5/><G119/><T74/><D74/><U37/><E37/><AGARI ba="1,1" hai="8,10,11,22,24,26,28,31,35,37,43,46,57,58" machi="37" ten="40,1300,0" yaku="1,1,53,0" doraHai="135" doraHaiUra="63" who="2" fromWho="1" sc="10,0,361,-16,349,26,270,0" /><INIT seed="6,0,0,5,3,35" ten="10,345,375,270" oya="2" hai0="38,60,1,80,57,7,89,110,49,135,104,115,123" hai1="18,12,46,32,96,36,62,14,83,91,81,120,127" hai2="50,58,22,117,27,73,19,101,54,90,16,118,92" hai3="125,3,95,11,44,52,15,94,4,29,108,85,42"/><V13/><F73/><W124/><G108/><T39/><D110/><U128/><E32/><V33/><F101/><W78/><G29/><T77/><D104/><U20/><E128/><V132/><F132/><W130/><G42/><T82/><D135/><U30/><E127/><N who="3" m="48714" /><G15/><T2/><D123/><U5/><E30/><V134/><F134/><W79/><G130/><T103/><D115/><U37/><E120/><V107/><F107/><W64/><G64/><T9/><D103/><U56/><E46/><V69/><F69/><W112/><G112/><T121/><D121/><U55/><E36/><V6/><F6/><W75/><G75/><T23/><D23/><U116/><E37/><V114/><F114/><W106/><G106/><T34/><D34/><U24/><E116/><V65/><F65/><W28/><G28/><T48/><D39/><U113/><E113/><V84/><F33/><W87/><G87/><T126/><D38/><U53/><E53/><V17/><F17/><W111/><G111/><T67/><D126/><U31/><E5/><V0/><F0/><W70/><G70/><T86/><REACH who="0" step="1"/><D2/><REACH who="0" ten="0,345,375,270" step="2"/><U76/><E20/><AGARI ba="0,1" hai="13,16,19,20,22,27,50,54,58,84,90,92,117,118" machi="20" ten="30,11600,0" yaku="7,1,25,2,54,1" doraHai="35" who="2" fromWho="1" sc="0,0,345,-116,375,126,270,0" /><INIT seed="6,1,0,0,4,68" ten="0,229,501,270" oya="2" hai0="64,36,118,116,76,37,100,3,4,7,11,74,96" hai1="32,99,87,73,133,109,35,77,2,31,5,114,51" hai2="25,78,90,34,101,129,42,79,97,105,8,104,95" hai3="127,130,84,40,70,9,10,53,112,125,13,93,131"/><V103/><F42/><W29/><G70/><T43/><D43/><U65/><E109/><V1/><F1/><W44/><G112/><T124/><D64/><U0/><E114/><V61/><F61/><W54/><G29/><T63/><D63/><U92/><E133/><V26/><F8/><W108/><G108/><T128/><D128/><N who="3" m="49193" /><G84/><T86/><D86/><U28/><E73/><V52/><F52/><N who="3" m="20075" /><G93/><T62/><D7/><U57/><E32/><V123/><F34/><W113/><G113/><T17/><D17/><U66/><E35/><V21/><F129/><W20/><G20/><T58/><D58/><U46/><E2/><V12/><F21/><W50/><G10/><T135/><D62/><N who="1" m="38095" /><E66/><V41/><F105/><W121/><G121/><T106/><D135/><U60/><E0/><V98/><F104/><W122/><G122/><T38/><D124/><U48/><E60/><V110/><F95/><W132/><G132/><T91/><D91/><N who="1" m="55711" /><E5/><AGARI ba="1,0" hai="5,9,13,40,44,50,125,127" m="20075,49193" machi="5" ten="30,2000,0" yaku="19,1,54,1" doraHai="68" who="3" fromWho="1" sc="0,0,229,-23,501,0,270,23" /><INIT seed="7,0,0,1,4,92" ten="0,206,501,293" oya="3" hai0="128,45,3,95,117,7,20,123,49,18,53,94,72" hai1="125,134,78,76,10,79,52,100,28,11,6,131,109" hai2="54,64,97,121,126,47,15,88,101,40,82,120,89" hai3="32,19,83,110,39,127,113,21,91,71,93,102,1"/><W87/><G32/><T118/><D72/><U51/><E109/><V69/><F126/><W111/><G1/><T26/><D123/><N who="2" m="47178" /><F54/><W68/><G39/><T14/><D128/><U57/><E131/><V67/><F15/><W90/><G102/><T85/><D118/><U56/><E125/><V24/><F24/><W84/><G113/><T116/><D117/><U108/><E134/><V58/><F58/><W119/><G119/><T59/><D116/><U66/><E108/><N who="3" m="41514" /><G127/><T75/><D75/><U105/><E28/><V35/><F35/><W62/><G62/><T103/><D3/><U4/><E105/><N who="2" m="63663" /><F82/><W81/><G81/><T104/><D104/><U135/><E100/><V63/><F67/><W124/><G124/><T34/><D34/><U112/><E112/><V99/><F99/><W48/><G48/><AGARI ba="0,0" hai="40,47,48,63,64,69,88,89" m="63663,47178" machi="48" ten="30,3900,0" yaku="13,1,52,1,54,1" doraHai="92" who="2" fromWho="3" sc="0,0,206,0,501,39,293,-39" owari="0,-50.0,206,-19.4,540,64.0,254,5.4" /></mjloggm>