<mjloggm ver="2.3"><GO type="169" lobby="0"/><UN n0="%67%61%79%75%6E%79" n1="%43%E3%82%A8%E3%83%BC%E3%82%B8%E3%82%A7%E3%83%B3%E3%83%88" n2="%69%50%68%6F%6E%65%31" n3="%4D%4C%5A%4E%55%2D%53%4B" dan="17,17,17,17" rate="2208.34,2215.27,2144.19,2152.72" sx="M,M,M,M"/><TAIKYOKU oya="0"/><INIT seed="0,0,0,1,0,111" ten="250,250,250,250" oya="0" hai0="13,44,122,118,85,95,10,104,57,45,43,37,69" hai1="17,23,109,25,107,16,100,123,62,12,35,49,89" hai2="68,74,93,28,86,31,125,101,29,88,42,130,134" hai3="129,83,132,65,9,58,64,8,19,15,22,96,4"/><T52/><D104/><U108/><E123/><V47/><F130/><W102/><G129/><T67/><D118/><U26/><E89/><V121/><F121/><W14/><G132/><T18/><D122/><U116/><E49/><V6/><F134/><W56/><G83/><T128/><D128/><U79/><E79/><V97/><F125/><W20/><G56/><T5/><D45/><U114/><E62/><V72/><F6/><W115/><G115/><T106/><D106/><U131/><E100/><V60/><F60/><W24/><G58/><T113/><D113/><U110/><E107/><V84/><F68/><W1/><G1/><T50/><D5/><U39/><E39/><V82/><REACH who="2" step="1"/><F86/><REACH who="2" ten="250,250,240,250" step="2"/><W105/><REACH who="3" step="1"/><G22/><REACH who="3" ten="250,250,240,240" step="2"/><T126/><D126/><U40/><E131/><V117/><F117/><W32/><G32/><T91/><D69/><U30/><E116/><V112/><F112/><W103/><G103/><T53/><D53/><U78/><E114/><V61/><F61/><W135/><G135/><T0/><REACH who="0" step="1"/><D0/><REACH who="0" ten="240,250,240,240" step="2"/><U2/><E2/><V59/><F59/><W34/><G34/><T51/><D51/><AGARI ba="0,3" hai="28,29,31,42,47,51,72,74,82,84,88,93,97,101" machi="51" ten="40,5200,0" yaku="1,1,54,1,53,1" doraHai="111" doraHaiUra="81" who="2" fromWho="0" sc="240,-52,250,0,240,82,240,0" /><INIT seed="1,0,0,2,5,102" ten="188,250,322,240" oya="1" hai0="80,29,126,43,24,124,25,39,36,34,87,99,105" hai1="6,22,44,57,33,20,54,67,49,26,52,60,77" hai2="106,40,100,46,55,79,120,116,114,45,42,21,19" hai3="68,75,63,115,90,91,41,135,38,15,37,3,58"/><U118/><E118/><V10/><F116/><W14/><G68/><T4/><D4/><U61/><E77/><V89/><F120/><W35/><G35/><T50/><D50/><U121/><E121/><V127/><F79/><W11/><G75/><T92/><D25/><U48/><E6/><V97/><F127/><N who="0" m="48682" /><D43/><U70/><REACH who="1" step="1"/><E61/><REACH who="1" ten="188,240,322,240" step="2"/><V110/><F114/><W30/><G63/><T53/><D53/><U134/><E134/><V112/><F112/><W62/><G135/><T122/><D122/><U78/><E78/><V123/><F123/><W88/><G115/><T65/><D65/><U16/><E16/><V9/><F55/><W27/><G62/><T7/><D7/><U1/><E1/><V17/><F17/><W83/><G3/><T103/><D105/><U98/><E98/><V69/><F97/><W108/><G41/><T32/><D32/><U82/><E82/><V125/><F106/><W109/><G83/><T59/><D59/><U113/><E113/><V18/><F42/><W86/><G58/><T128/><D128/><U84/><E84/><V5/><F40/><W56/><G86/><T47/><D47/><U13/><E13/><V23/><F46/><W8/><G56/><T129/><D129/><U133/><E133/><V12/><F125/><W119/><G14/><T111/><D111/><N who="3" m="42569" /><G15/><T81/><D81/><U96/><E96/><V72/><F110/><W73/><G119/><T71/><D71/><U104/><E104/><V66/><F69/><W31/><G37/><T101/><D101/><U85/><E85/><V95/><F12/><W131/><G38/><RYUUKYOKU ba="0,1" sc="188,15,240,15,322,-15,240,-15" hai0="24,29,34,36,39,80,87,92,99,103" hai1="20,22,26,33,44,48,49,52,54,57,60,67,70" /><INIT seed="1,1,1,1,1,114" ten="203,255,307,225" oya="1" hai0="5,85,67,86,132,84,63,100,39,74,131,28,76" hai1="25,108,134,89,53,20,106,93,111,124,40,83,61" hai2="81,133,97,90,135,77,30,3,127,48,98,105,16" hai3="119,82,36,118,68,99,4,6,18,38,51,50,92"/><U125/><E40/><V24/><F3/><W101/><G68/><T91/><D39/><N who="3" m="14889" /><G18/><T31/><D132/><U26/><E83/><V116/><F127/><N who="1" m="48713" /><E106/><V110/><F110/><N who="1" m="42025" /><E134/><V78/><F81/><W10/><G4/><T14/><D131/><U59/><E20/><V42/><F105/><W96/><G82/><T54/><D76/><U103/><E103/><V60/><F78/><W29/><G101/><T21/><D100/><U64/><E64/><V80/><F77/><W34/><G92/><T0/><D74/><U102/><E102/><V15/><F80/><W41/><G41/><T121/><D67/><U79/><E79/><V17/><F42/><W113/><G113/><T109/><D109/><U32/><E32/><V11/><F135/><W88/><G88/><T7/><D91/><U87/><AGARI ba="1,1" hai="25,26,53,59,61,87,89,93" m="42025,48713" machi="87" ten="30,6000,0" yaku="18,1,14,1,10,1" doraHai="114" who="1" fromWho="1" sc="203,-21,255,73,307,-21,225,-21" /><INIT seed="1,2,0,4,3,55" ten="182,328,286,204" oya="1" hai0="48,50,63,44,65,80,37,57,109,92,110,85,103" hai1="75,104,43,3,21,118,115,15,113,83,23,106,130" hai2="68,102,88,121,89,33,111,4,120,41,1,64,70" hai3="114,8,24,94,20,28,66,67,0,2,29,36,76"/><U119/><E3/><V98/><F33/><W39/><G94/><T129/><D129/><U132/><E43/><V46/><F111/><N who="0" m="42506" /><D92/><U9/><E83/><V84/><F4/><W60/><G76/><N who="0" m="46215" /><D103/><U82/><E82/><V54/><F1/><W133/><G8/><T32/><D32/><U45/><E45/><V93/><F54/><W77/><G20/><T127/><D127/><U51/><E51/><V13/><F13/><W95/><G77/><T35/><D35/><U71/><E71/><V100/><F89/><W78/><G78/><T58/><D37/><U11/><E15/><V131/><F102/><W112/><G95/><T81/><D81/><U42/><E42/><V86/><F86/><W87/><G87/><T40/><D50/><U18/><E132/><V5/><F131/><W12/><G36/><T49/><D48/><U73/><E130/><V117/><F100/><W72/><G39/><T61/><D61/><U10/><E10/><V90/><F98/><W123/><G60/><T116/><D116/><U7/><REACH who="1" step="1"/><E18/><REACH who="1" ten="182,318,286,204" step="2"/><V30/><F41/><W91/><G133/><T31/><D31/><U125/><E125/><V6/><F30/><W34/><G28/><T122/><D122/><U124/><E124/><V52/><F121/><W25/><G123/><T128/><D128/><U74/><E74/><V107/><F120/><W27/><G72/><T79/><D79/><U97/><E97/><V19/><F84/><W108/><G29/><T53/><D40/><U96/><E96/><V47/><F90/><W101/><G91/><T26/><D26/><U126/><E126/><RYUUKYOKU ba="2,1" sc="182,15,318,15,286,-15,204,-15" hai0="44,49,53,57,58,63,65" hai1="7,9,11,21,23,73,75,104,106,113,115,118,119" /><INIT seed="1,3,1,0,2,14" ten="197,333,271,189" oya="1" hai0="34,64,79,28,91,135,77,120,63,121,29,45,6" hai1="76,130,41,62,49,107,103,39,115,60,134,104,117" hai2="69,26,48,56,78,55,71,132,40,68,58,0,124" hai3="32,125,9,53,21,25,42,70,106,90,114,73,118"/><U37/><E115/><V97/><F0/><W82/><G32/><T116/><D116/><U122/><E117/><V99/><F124/><W10/><G70/><T35/><D45/><U19/><E122/><N who="0" m="47209" /><D91/><U72/><E130/><V20/><F132/><W109/><G109/><T38/><D38/><U105/><E134/><V44/><F58/><W111/><G111/><T101/><D101/><U85/><E103/><V94/><F78/><N who="0" m="29706" /><D6/><U110/><E72/><V96/><F94/><W95/><G73/><T89/><D89/><U12/><E49/><V1/><F1/><W74/><G90/><T46/><D46/><U59/><E62/><V123/><F123/><W102/><G74/><T57/><D135/><U75/><E41/><V126/><F126/><W100/><G42/><T108/><D108/><U61/><E60/><V93/><F93/><W86/><G95/><T88/><D88/><U92/><E75/><V66/><F40/><W4/><G100/><T27/><D29/><U52/><E92/><V3/><F44/><W113/><G102/><T22/><AGARI ba="3,1" hai="22,27,28,34,35,57,63,64" m="29706,47209" machi="22" ten="30,1100,0" yaku="13,1" doraHai="14" who="0" fromWho="0" sc="197,30,333,-8,271,-6,189,-6" /><INIT seed="2,0,0,1,1,3" ten="227,325,265,183" oya="2" hai0="108,120,111,51,103,131,95,98,52,106,36,91,20" hai1="70,124,134,27,6,116,37,0,44,47,77,112,43" hai2="99,4,28,129,9,53,79,2,75,85,133,16,97" hai3="101,33,30,57,117,122,60,45,15,10,107,7,81"/><V90/><F129/><W68/><G117/><T109/><D36/><U67/><E112/><V123/><F123/><W88/><G122/><T104/><D120/><U61/><E116/><V86/><F133/><W64/><G45/><T80/><D131/><U69/><E77/><V128/><F128/><W78/><G57/><T59/><D80/><U66/><E27/><V74/><F86/><W63/><G63/><T71/><D71/><U115/><E115/><V8/><F28/><W58/><G58/><T14/><D103/><U41/><E6/><V83/><F53/><W114/><G88/><T118/><D118/><U24/><E24/><V32/><F32/><W35/><G30/><T38/><D38/><N who="1" m="21559" /><E0/><V127/><F127/><W62/><G62/><T110/><N who="0" m="27648" /><DORA hai="87" /><T135/><D135/><U39/><E134/><V125/><F125/><W84/><REACH who="3" step="1"/><G114/><REACH who="3" ten="227,325,265,173" step="2"/><T55/><D55/><U54/><E124/><V121/><F121/><W11/><G11/><T119/><D119/><U96/><E37/><V102/><F90/><W49/><G49/><T76/><D76/><U23/><E96/><AGARI ba="0,1" hai="7,10,15,33,35,60,64,68,78,81,84,96,101,107" machi="96" ten="40,5200,0" yaku="1,1,52,1,53,1" doraHai="3,87" doraHaiUra="17,72" who="3" fromWho="1" sc="227,0,325,-52,265,0,173,62" /><INIT seed="3,0,0,0,0,73" ten="227,273,265,235" oya="3" hai0="46,8,68,38,89,127,101,65,67,54,87,104,2" hai1="21,17,56,25,33,37,125,0,83,53,93,27,14" hai2="94,35,115,78,63,75,72,15,59,107,106,111,11" hai3="92,13,43,126,76,3,124,86,122,66,134,85,105"/><W112/><G3/><T16/><D127/><N who="3" m="48681" /><G66/><T28/><D28/><U50/><E125/><V36/><F36/><W120/><G43/><T118/><D68/><U42/><E0/><V109/><F115/><W48/><G48/><T29/><D29/><U74/><E33/><V6/><F35/><W84/><G13/><T82/><D118/><U31/><E31/><V131/><F131/><W71/><G71/><T12/><D2/><U23/><E93/><V19/><F94/><W18/><G18/><T99/><D38/><U7/><E7/><V64/><F19/><W24/><G24/><T108/><D108/><N who="2" m="41546" /><F78/><W116/><G116/><T47/><D47/><U102/><E102/><V96/><F96/><W51/><G51/><AGARI ba="0,0" hai="8,12,16,46,51,54,65,67,82,87,89,99,101,104" machi="51" ten="40,5200,0" yaku="25,2,54,1" doraHai="73" who="0" fromWho="3" sc="227,52,273,0,265,0,235,-52" /><INIT seed="4,0,0,1,3,70" ten="279,273,265,183" oya="0" hai0="118,109,15,98,114,18,84,16,13,119,95,116,28" hai1="124,66,27,135,57,128,24,120,72,2,44,11,91" hai2="31,113,62,51,125,130,110,73,55,133,54,106,9" hai3="39,59,19,97,69,47,88,103,14,49,53,94,0"/><T131/><D114/><U8/><E72/><V77/><F106/><W3/><G69/><T4/><D131/><U35/><E120/><V99/><F99/><W93/><G59/><T132/><D132/><U100/><E100/><V126/><F31/><W112/><G112/><T79/><D28/><U10/><E2/><V75/><F9/><W58/><G58/><T101/><D109/><U43/><E124/><V67/><F113/><W80/><G80/><T34/><D34/><U117/><E117/><V121/><F51/><W37/><G3/><T61/><D61/><U90/><E128/><V5/><F5/><W6/><G6/><T74/><D74/><U127/><E127/><V87/><F87/><W26/><G26/><T22/><D4/><U89/><E35/><V42/><F42/><W111/><G0/><T115/><D115/><U92/><E92/><V123/><F62/><W85/><G111/><T129/><D129/><U50/><E135/><V1/><F1/><W38/><G38/><T63/><D63/><AGARI ba="0,0" hai="8,10,11,24,27,43,44,50,57,63,66,89,90,91" machi="63" ten="40,1300,0" yaku="8,1" doraHai="70" who="1" fromWho="0" sc="279,-13,273,13,265,0,183,0" /><INIT seed="5,0,0,3,0,77" ten="266,286,265,183" oya="1" hai0="106,82,36,58,121,38,49,70,35,78,50,34,94" hai1="81,24,63,107,37,96,67,5,120,99,75,103,86" hai2="114,42,84,97,33,129,20,22,109,95,79,111,41" hai3="29,83,98,28,91,90,56,12,118,48,74,124,14"/><U92/><E120/><V123/><F33/><W10/><G124/><T130/><D106/><U40/><E5/><V19/><F123/><W125/><G125/><T115/><D70/><U60/><E75/><V87/><F129/><W80/><G74/><T72/><D130/><U71/><E60/><V89/><F114/><W117/><G56/><T9/><D34/><U122/><E122/><V105/><F22/><W110/><G48/><T102/><D35/><U52/><E52/><V13/><F87/><W44/><G44/><T23/><D38/><U8/><E8/><V59/><F59/><W134/><G98/><T39/><D36/><U18/><E18/><V27/><F13/><W88/><G134/><T15/><D23/><U31/><E96/><V53/><F53/><W45/><G45/><T93/><D39/><U101/><E101/><V64/><F64/><W2/><G2/><T113/><D121/><U132/><E132/><V43/><F105/><W21/><G21/><T26/><D26/><U4/><E4/><V65/><F65/><W126/><G126/><T69/><D69/><U17/><E17/><V104/><F104/><W3/><G3/><T11/><D102/><U32/><E37/><V66/><F66/><W61/><G61/><T0/><D0/><U119/><E119/><N who="3" m="45578" /><G110/><T133/><D133/><U25/><E25/><V16/><F111/><W116/><N who="3" m="45586" /><W51/><DORA hai="76" /><G51/><N who="0" m="19467" /><D58/><U6/><E6/><V73/><F109/><W30/><G12/><T85/><D72/><U7/><E7/><AGARI ba="0,0" hai="7,10,14,28,29,30,80,83,88,90,91" m="45586" machi="7" ten="50,12000,2" yaku="12,1,52,4,54,1" doraHai="77,76" who="3" fromWho="1" sc="266,0,286,-120,265,0,183,120" /><INIT seed="6,0,0,2,5,1" ten="266,166,265,303" oya="2" hai0="125,27,106,56,55,30,48,65,17,4,123,23,80" hai1="122,19,86,33,133,111,135,101,132,43,97,119,89" hai2="83,129,57,77,24,28,13,109,38,49,127,107,91" hai3="14,90,46,92,37,61,63,131,60,87,117,100,5"/><V124/><F38/><W2/><G2/><T10/><D106/><N who="1" m="63791" /><E19/><V79/><F107/><W110/><G110/><T59/><D125/><N who="2" m="48202" /><F109/><W41/><G131/><T3/><D123/><U105/><E43/><V70/><F70/><W45/><G100/><T76/><D65/><U134/><N who="1" m="33792" /><DORA hai="42" /><U72/><E33/><V68/><F68/><W130/><G130/><T113/><D113/><U26/><E26/><V116/><F116/><W54/><G117/><T36/><D36/><U104/><E119/><V32/><F129/><W98/><G98/><T44/><REACH who="0" step="1"/><D30/><REACH who="0" ten="256,166,265,303" step="2"/><U18/><E111/><V112/><F112/><W95/><G37/><T7/><D7/><U21/><E122/><V102/><F102/><W114/><G5/><T67/><D67/><U29/><E29/><V121/><F121/><W74/><G114/><T15/><D15/><N who="1" m="9439" /><E72/><AGARI ba="0,1" hai="3,4,10,17,23,27,44,48,55,56,59,72,76,80" machi="72" ten="30,7700,0" yaku="1,1,7,1,52,2,53,0" doraHai="1,42" doraHaiUra="118,128" who="0" fromWho="1" sc="256,87,166,-77,265,0,303,0" /><INIT seed="7,0,0,1,0,69" ten="343,89,265,303" oya="3" hai0="100,60,48,13,115,78,7,54,103,79,53,35,129" hai1="25,99,26,75,120,109,15,46,14,87,114,1,9" hai2="124,125,19,22,81,47,42,117,20,95,67,96,113" hai3="98,61,76,135,116,23,59,49,82,110,63,44,27"/><W64/><G116/><T83/><D35/><U34/><E87/><V92/><F117/><W112/><G112/><T12/><D129/><U94/><E46/><V93/><F113/><W38/><G135/><T2/><D2/><U18/><E94/><V71/><F96/><W97/><G61/><T74/><D115/><U111/><E99/><V4/><F4/><W89/><G89/><T32/><D32/><U21/><E75/><V90/><F67/><W88/><G38/><T107/><D107/><U29/><E114/><V130/><F71/><W58/><G58/><N who="0" m="34903" /><D74/><U72/><E72/><V105/><F105/><W10/><G10/><N who="0" m="4191" /><D13/><U70/><E70/><V108/><F108/><W50/><G76/><N who="0" m="29227" /><D83/><U123/><E14/><V55/><F130/><W102/><G49/><T65/><D65/><U33/><E33/><V43/><F22/><W80/><G102/><T62/><D62/><U3/><E3/><V51/><F125/><W6/><G6/><T121/><D121/><U57/><E57/><AGARI ba="0,0" hai="48,53,57,100,103" m="29227,4191,34903" machi="57" ten="30,1000,0" yaku="8,1" doraHai="69" who="0" fromWho="1" sc="343,10,89,-10,265,0,303,0" owari="353,45.3,79,-42.1,265,-13.5,303,10.3" /></mjloggm>