<mjloggm ver="2.3"><GO type="169" lobby="0"/><UN n0="%79%69%6E%6E%65%72%30%36" n1="%EF%BC%A0%E6%AC%A1%E7%94%B7" n2="%E5%90%89%E6%88%90%E5%89%9B" n3="%63%68%69%73%73" dan="17,16,16,16" rate="2199.30,2107.30,2081.62,2166.62" sx="F,M,M,M"/><TAIKYOKU oya="0"/><INIT seed="0,0,0,2,4,39" ten="250,250,250,250" oya="0" hai0="46,93,84,1,13,45,88,57,42,81,5,15,74" hai1="38,54,90,24,3,106,77,120,47,16,85,107,103" hai2="11,56,55,75,82,94,86,119,92,43,36,133,32" hai3="22,17,60,111,121,62,118,95,132,115,129,64,21"/><T91/><D1/><U69/><E120/><V26/><F119/><W70/><G115/><T33/><D33/><U87/><E3/><V19/><F75/><W2/><G118/><T40/><D74/><U117/><E69/><V48/><F133/><W59/><G132/><T29/><D29/><U20/><E117/><V114/><F114/><W12/><G111/><T25/><D25/><U122/><E122/><V101/><F32/><W110/><G110/><T125/><D57/><U105/><E103/><V51/><F36/><W76/><G129/><T97/><D125/><U44/><E77/><V58/><F101/><W131/><G131/><T108/><D108/><U134/><E134/><V68/><F68/><W130/><G2/><T35/><D35/><U99/><E99/><V112/><F112/><W65/><G121/><T37/><D5/><U135/><E135/><V72/><F72/><W89/><G76/><T113/><D113/><U52/><E87/><V116/><F116/><W31/><G31/><T100/><D100/><U23/><E23/><N who="2" m="13695" /><F11/><W109/><G109/><T18/><D18/><U28/><E28/><V96/><F96/><W14/><G130/><T9/><D9/><U124/><E124/><V73/><F73/><W49/><G21/><T78/><D78/><U0/><E0/><V104/><F104/><W7/><G7/><T41/><D37/><U128/><E128/><V34/><F34/><W61/><G14/><AGARI ba="0,0" hai="13,14,15,40,41,42,45,46,81,84,88,91,93,97" machi="14" ten="40,12000,1" yaku="8,1,52,3,54,1" doraHai="39" who="0" fromWho="3" sc="250,120,250,0,250,0,250,-120" /><INIT seed="0,1,0,1,4,28" ten="370,250,250,130" oya="0" hai0="106,64,67,125,60,118,0,59,70,86,71,48,89" hai1="108,40,112,65,50,33,29,122,45,4,129,5,57" hai2="56,119,36,101,123,128,117,24,7,32,76,78,73" hai3="131,38,134,9,84,68,30,72,27,97,95,93,88"/><T74/><D0/><U105/><E122/><V85/><F123/><W1/><G131/><T75/><D118/><N who="2" m="45066" /><F36/><W49/><G38/><T91/><D106/><U47/><E129/><V126/><F73/><W109/><G109/><T44/><D125/><U55/><E108/><V83/><F101/><W43/><G68/><T61/><D59/><U90/><E112/><V103/><F103/><W66/><G72/><T120/><D120/><U69/><E105/><V11/><F56/><W51/><G134/><T121/><D121/><U19/><E69/><V100/><F100/><W18/><G66/><T63/><D63/><U23/><E65/><V116/><F128/><W82/><G1/><T22/><D22/><U127/><E127/><V62/><F62/><W41/><G9/><T31/><D31/><U52/><E47/><V99/><F99/><W114/><G18/><T8/><D8/><U132/><E132/><V35/><F24/><W26/><G114/><T79/><D79/><N who="2" m="30250" /><F126/><W124/><G124/><T54/><REACH who="0" step="1"/><D91/><REACH who="0" ten="360,250,250,130" step="2"/><U17/><E90/><N who="2" m="51519" /><F116/><W3/><G88/><T37/><D37/><U46/><E57/><V21/><F21/><W111/><G111/><T58/><D58/><U94/><E23/><V2/><AGARI ba="1,1" hai="2,7,11,32,35" m="51519,30250,45066" machi="2" ten="30,4000,0" yaku="12,1,52,2" doraHai="28" who="2" fromWho="2" sc="360,-21,250,-11,250,53,130,-11" /><INIT seed="1,0,0,5,1,67" ten="339,239,303,119" oya="1" hai0="81,107,22,54,111,45,2,103,73,49,40,68,104" hai1="27,125,109,60,16,36,85,25,37,79,20,62,5" hai2="8,32,70,61,110,126,66,129,74,4,58,19,48" hai3="10,9,7,121,78,96,131,65,116,63,17,95,21"/><U3/><E125/><V94/><F126/><W6/><G116/><T127/><D2/><U115/><E115/><V35/><F74/><W52/><G121/><T132/><D127/><U47/><E109/><V84/><F110/><W1/><G78/><T43/><D132/><U33/><E79/><V76/><F129/><W69/><G131/><T55/><D104/><U113/><E113/><V92/><F19/><W71/><G65/><T18/><D68/><U26/><E85/><V88/><F76/><W42/><G42/><T112/><D40/><U101/><E101/><V120/><F120/><W97/><G63/><T31/><D31/><U72/><E72/><V15/><F92/><W24/><G52/><T114/><D111/><U108/><E108/><V128/><F128/><W50/><G50/><T118/><D118/><U90/><E90/><V134/><F134/><W86/><G86/><T83/><D73/><U124/><E124/><V77/><F77/><W46/><G46/><T34/><D55/><U57/><E62/><V130/><F130/><W98/><REACH who="3" step="1"/><G95/><REACH who="3" ten="339,239,303,109" step="2"/><T123/><D114/><U30/><E47/><V38/><F38/><W12/><AGARI ba="0,1" hai="1,6,7,9,10,12,17,21,24,69,71,96,97,98" machi="12" ten="30,8000,1" yaku="1,1,2,1,0,1,52,2,53,0" doraHai="67" doraHaiUra="89" who="3" fromWho="3" sc="339,-20,239,-40,303,-20,109,90" /><INIT seed="2,0,0,1,5,63" ten="319,199,283,199" oya="2" hai0="17,82,27,68,55,116,89,50,18,73,30,57,113" hai1="84,104,26,85,7,122,101,15,52,41,23,129,53" hai2="37,111,2,42,35,83,123,121,125,28,19,131,79" hai3="33,95,100,54,78,115,119,8,118,66,106,60,126"/><V77/><F19/><W80/><G115/><T93/><D113/><U97/><E129/><V86/><F131/><W102/><G33/><T1/><D1/><U39/><E122/><V47/><F125/><W90/><G126/><T71/><D116/><U49/><E39/><V65/><F79/><W44/><G8/><T81/><D68/><U51/><E41/><V59/><F2/><W4/><G4/><T94/><D94/><U62/><E62/><V98/><F98/><W132/><G44/><T48/><D71/><U127/><E127/><V21/><F35/><W36/><G54/><T108/><D108/><U117/><E117/><V45/><F45/><W46/><G102/><T109/><D50/><U14/><E53/><V67/><F59/><W0/><G0/><T110/><D73/><U135/><E51/><V96/><F96/><N who="3" m="61703" /><G46/><T24/><D109/><U74/><E74/><V112/><F112/><W120/><G36/><T31/><D110/><U91/><E7/><V133/><F123/><W56/><G120/><T40/><D40/><U12/><E91/><V92/><F121/><W64/><G64/><N who="2" m="24649" /><F111/><W103/><G119/><T20/><D17/><U25/><E25/><N who="2" m="16431" /><F92/><W10/><G95/><T76/><D76/><U16/><REACH who="1" step="1"/><E135/><REACH who="1" ten="319,189,283,199" step="2"/><V13/><F133/><W5/><G132/><T134/><D134/><U99/><E99/><V70/><F70/><W61/><G118/><T124/><D124/><U107/><E107/><V114/><F114/><W11/><G5/><T38/><D38/><U34/><E34/><V6/><F6/><W29/><G78/><T75/><D75/><RYUUKYOKU ba="0,1" sc="319,-15,189,15,283,15,199,-15" hai1="12,14,15,16,23,26,49,52,84,85,97,101,104" hai2="13,37,42,47,77,83,86" /><INIT seed="2,1,1,3,2,102" ten="304,204,298,184" oya="2" hai0="134,73,106,77,101,76,24,59,12,100,119,113,60" hai1="37,104,29,71,96,115,47,31,83,3,64,86,48" hai2="18,123,97,126,82,23,20,135,130,57,36,122,70" hai3="39,44,112,40,121,38,95,89,61,19,132,99,4"/><V17/><F70/><W114/><G121/><T30/><D113/><N who="3" m="43625" /><G132/><T117/><D134/><U21/><E37/><V74/><F36/><N who="3" m="21511" /><G4/><T49/><D49/><U75/><E75/><V43/><F43/><W13/><G61/><T33/><D12/><U35/><E3/><V72/><F135/><W46/><G46/><T105/><D100/><U34/><E115/><V88/><F57/><W103/><G89/><T84/><D101/><U32/><E64/><V87/><F97/><W52/><G52/><N who="0" m="33895" /><D84/><U85/><E71/><V10/><F10/><AGARI ba="1,1" hai="10,13,19,38,39,95,99,103" m="21511,43625" machi="10" ten="30,1000,0" yaku="11,1" doraHai="102" who="3" fromWho="2" sc="304,0,204,0,298,-13,184,23" /><INIT seed="3,0,0,5,5,100" ten="304,204,285,207" oya="3" hai0="120,63,46,109,89,4,76,5,67,82,0,106,10" hai1="51,24,131,112,71,121,104,36,23,73,122,132,126" hai2="54,20,88,91,28,96,55,56,130,95,117,65,72" hai3="50,13,85,111,128,39,86,81,58,18,21,53,1"/><W77/><G128/><T68/><D120/><U26/><RYUUKYOKU type="yao9" ba="0,0" sc="304,0,204,0,285,0,207,0" hai1="23,24,26,36,51,71,73,104,112,121,122,126,131,132" /><INIT seed="3,1,0,0,1,67" ten="304,204,285,207" oya="3" hai0="116,123,54,75,18,71,47,0,131,115,125,41,99" hai1="95,34,61,25,92,49,109,117,42,89,65,36,52" hai2="62,32,102,119,93,85,6,90,105,130,22,96,87" hai3="77,3,9,84,27,15,46,7,133,57,70,2,26"/><W24/><G133/><T10/><D99/><U33/><E109/><V68/><F119/><W112/><G112/><T72/><D54/><U103/><E117/><V51/><F130/><W97/><G70/><T39/><D18/><U111/><E111/><V83/><F6/><W56/><G46/><T134/><D10/><U40/><E103/><V50/><F22/><W101/><G77/><T129/><D47/><U44/><E95/><V38/><F38/><W100/><G84/><T17/><D17/><U63/><E63/><V5/><F5/><W23/><G100/><T108/><D41/><U132/><E25/><V64/><REACH who="2" step="1"/><F32/><REACH who="2" ten="304,204,275,207" step="2"/><W107/><REACH who="3" step="1"/><G23/><REACH who="3" ten="304,204,275,197" step="2"/><T19/><D131/><U126/><E33/><V110/><F110/><W66/><G66/><T88/><D129/><U29/><E34/><V120/><F120/><W86/><G86/><T104/><D123/><U69/><E65/><V35/><F35/><W43/><G43/><T4/><D108/><U114/><E42/><V82/><F82/><W37/><G37/><T79/><D39/><U13/><E40/><V30/><F30/><W21/><G21/><T113/><D113/><U121/><E29/><V73/><F73/><W118/><G118/><T55/><D75/><U76/><E36/><V98/><F98/><W12/><G12/><T106/><D72/><U127/><E13/><V124/><F124/><W53/><G53/><T48/><D55/><U94/><E52/><V80/><F80/><W20/><G20/><T60/><D125/><U58/><E127/><V11/><F11/><W28/><G28/><T135/><D115/><RYUUKYOKU ba="1,2" sc="304,-15,204,-15,275,15,197,15" hai2="50,51,62,64,68,83,85,87,90,93,96,102,105" hai3="2,3,7,9,15,24,26,27,56,57,97,101,107" /><INIT seed="3,2,2,1,5,40" ten="289,189,290,212" oya="3" hai0="58,123,18,43,84,83,128,122,130,86,99,71,47" hai1="54,39,95,135,26,127,15,105,115,30,97,17,133" hai2="7,12,3,103,106,104,90,8,28,29,134,63,121" hai3="2,9,37,59,80,16,75,11,111,21,102,109,89"/><W25/><G37/><T68/><D58/><U1/><E1/><V88/><F63/><W44/><G102/><T60/><D18/><U42/><E105/><V19/><F134/><N who="1" m="51209" /><E115/><V110/><F110/><N who="3" m="41995" /><G2/><T23/><D23/><N who="1" m="11711" /><E127/><V131/><F131/><N who="0" m="50218" /><D99/><U33/><E54/><V119/><F119/><W85/><G75/><T124/><D124/><U22/><E42/><V108/><F108/><W64/><G44/><T27/><D27/><U24/><E39/><V38/><F38/><W101/><G101/><T78/><D86/><U117/><E117/><V126/><F126/><W94/><G94/><T36/><D68/><U10/><E10/><N who="3" m="3594" /><G59/><T96/><D96/><U76/><E76/><V100/><F3/><W46/><G46/><T125/><D125/><U45/><E45/><V118/><F118/><W41/><G41/><T32/><D71/><U55/><E55/><V20/><F106/><W116/><G116/><T14/><D43/><U72/><E72/><V65/><F104/><W82/><G82/><T51/><D83/><U13/><E13/><V107/><F107/><W132/><G132/><T6/><D14/><U91/><E26/><V120/><F12/><W73/><G73/><T61/><D36/><U4/><E4/><V56/><F7/><W50/><G50/><T113/><D51/><U48/><E48/><V69/><F69/><W129/><G129/><T74/><D74/><U34/><AGARI ba="2,2" hai="22,24,30,33,34,91,95,97" m="11711,51209" machi="34" ten="30,1100,0" yaku="20,1" doraHai="40" who="1" fromWho="1" sc="289,-5,189,37,290,-5,212,-7" /><INIT seed="4,0,0,5,4,135" ten="284,226,285,205" oya="0" hai0="104,103,98,59,72,87,97,133,106,66,89,61,74" hai1="30,101,42,122,43,109,15,75,55,19,108,24,105" hai2="39,114,92,25,35,127,64,28,131,17,128,5,117" hai3="113,40,86,34,51,119,115,21,112,83,82,116,31"/><T13/><D133/><U123/><E75/><V6/><F39/><W52/><G34/><T129/><D129/><N who="2" m="49738" /><F64/><W94/><G40/><T132/><D132/><U76/><E76/><V107/><F107/><W49/><G49/><T118/><D118/><U73/><E73/><V67/><F67/><W60/><G60/><T102/><REACH who="0" step="1"/><D13/><REACH who="0" ten="274,226,285,205" step="2"/><U56/><E15/><V63/><F117/><W130/><G130/><T0/><D0/><U27/><E123/><V99/><F114/><W23/><G119/><T100/><D100/><U29/><E101/><V110/><F110/><W96/><G116/><T125/><D125/><U4/><E122/><V77/><F127/><W22/><G31/><T68/><D68/><U1/><E1/><V33/><F28/><W45/><G86/><T121/><D121/><U32/><E109/><V11/><F99/><W90/><AGARI ba="0,1" hai="21,22,23,45,51,52,82,83,90,94,96,112,113,115" machi="90" ten="40,5200,0" yaku="0,1,15,1,54,1" doraHai="135" who="3" fromWho="3" sc="274,-26,226,-13,285,-13,205,62" /><INIT seed="5,0,0,4,0,101" ten="248,213,272,267" oya="1" hai0="80,122,129,19,57,68,118,64,84,27,48,39,35" hai1="56,81,89,11,18,8,3,133,100,71,91,52,33" hai2="30,75,65,67,38,98,121,86,14,88,58,134,37" hai3="59,21,119,42,79,130,135,55,107,10,66,90,0"/><U128/><E133/><V4/><F121/><W69/><G79/><T54/><D118/><U45/><E128/><V83/><F134/><W16/><G90/><T132/><D132/><U114/><E71/><V61/><F30/><W109/><G130/><T87/><D39/><U25/><E114/><V62/><F75/><W40/><G109/><T103/><D129/><U32/><E100/><V78/><F78/><W115/><G115/><T127/><D127/><U49/><E3/><V108/><F108/><W97/><G66/><T46/><D84/><N who="1" m="50319" /><E33/><V106/><F4/><W13/><G69/><T36/><D103/><U124/><E32/><V47/><F106/><W94/><G107/><T104/><D104/><U50/><E124/><V111/><F98/><W131/><G119/><T5/><D5/><U95/><E25/><V105/><F105/><W1/><G1/><T72/><D72/><U26/><E26/><V29/><F29/><W15/><G0/><T6/><D6/><U43/><E18/><V28/><F28/><W120/><G131/><T102/><D102/><U31/><E31/><V123/><F111/><W9/><G135/><T17/><D35/><U116/><E116/><V112/><F112/><W99/><G120/><T63/><D27/><U34/><E34/><V125/><F125/><W24/><G15/><T41/><REACH who="0" step="1"/><D122/><REACH who="0" ten="238,213,272,267" step="2"/><U51/><E51/><V96/><F123/><W20/><G24/><T82/><D82/><U110/><E110/><V117/><F117/><W2/><G94/><T7/><D7/><U76/><E76/><AGARI ba="0,1" hai="17,19,36,41,46,48,54,57,63,64,68,76,80,87" machi="76" ten="30,8000,1" yaku="1,1,7,1,24,2,53,1" doraHai="101" doraHaiUra="44" who="0" fromWho="1" sc="238,90,213,-80,272,0,267,0" /><INIT seed="6,0,0,3,0,127" ten="328,133,272,267" oya="2" hai0="135,19,74,62,53,17,110,98,2,79,87,122,123" hai1="109,58,119,57,18,13,11,9,108,43,0,93,32" hai2="80,3,28,82,100,77,49,125,116,65,88,51,126" hai3="102,38,92,30,46,59,1,105,27,96,64,8,6"/><V39/><F3/><W111/><G111/><T99/><D2/><U131/><E119/><V86/><F116/><W69/><G59/><N who="0" m="35183" /><D74/><U70/><E70/><V12/><F39/><W129/><G92/><T35/><D35/><U103/><E32/><V56/><F28/><W4/><G4/><T61/><D110/><U41/><E103/><V75/><F12/><W94/><G94/><T76/><D135/><U50/><E93/><V45/><F100/><W117/><G117/><T113/><D113/><U71/><E71/><V81/><F81/><W101/><G101/><T20/><D19/><U68/><E68/><V25/><F25/><W47/><G38/><T84/><D61/><U63/><E0/><V34/><F34/><N who="3" m="20831" /><G129/><T130/><D130/><U33/><E33/><V124/><REACH who="2" step="1"/><F45/><REACH who="2" ten="328,133,262,267" step="2"/><W15/><G1/><T121/><D121/><U90/><E131/><V104/><F104/><W23/><G46/><T97/><D123/><U120/><E120/><V134/><F134/><W44/><G47/><T31/><D122/><U10/><E109/><V112/><F112/><W72/><G44/><T42/><D31/><U132/><E132/><V67/><F67/><W91/><G64/><T89/><D42/><N who="1" m="15883" /><E108/><V7/><F7/><W106/><G6/><T115/><D115/><U16/><E13/><V24/><F24/><W85/><G15/><T48/><D17/><U107/><E107/><V66/><F66/><W29/><G106/><T14/><D14/><U21/><E18/><V5/><F5/><W55/><G105/><T26/><D26/><U83/><E16/><V40/><F40/><RYUUKYOKU ba="0,1" sc="328,-10,133,-10,262,30,267,-10" hai2="49,51,56,65,75,77,80,82,86,88,124,125,126" /><INIT seed="6,1,1,3,5,129" ten="318,123,292,257" oya="2" hai0="91,22,44,37,8,70,89,131,72,30,134,61,73" hai1="78,1,57,110,106,58,52,26,115,117,43,56,68" hai2="36,111,79,101,97,120,21,86,19,18,75,71,23" hai3="127,46,76,90,0,66,105,132,108,100,82,54,116"/><V80/><F120/><W114/><G0/><T25/><D131/><U31/><E106/><V81/><F71/><W39/><G108/><T121/><D121/><U5/><E117/><V133/><F36/><W4/><G4/><T6/><D134/><U65/><E110/><V45/><F111/><W102/><G116/><T67/><D89/><U51/><E115/><V35/><F35/><W13/><G66/><T62/><D91/><U15/><E1/><V27/><F45/><W74/><G90/><T84/><D84/><U85/><E43/><V50/><F50/><W32/><G13/><T99/><D62/><U107/><E107/><V109/><F109/><W12/><G32/><T126/><D99/><U122/><E122/><V119/><F119/><W28/><G28/><T11/><D11/><U47/><E68/><V77/><F133/><W128/><G132/><T130/><D126/><U49/><E65/><V20/><REACH who="2" step="1"/><F19/><REACH who="2" ten="318,123,282,257" step="2"/><W103/><G39/><T112/><D130/><U10/><E51/><V9/><F9/><W94/><G46/><T123/><D123/><U64/><E64/><V41/><F41/><W29/><G128/><T17/><D17/><U34/><REACH who="1" step="1"/><E47/><REACH who="1" ten="318,113,282,257" step="2"/><V104/><AGARI ba="1,3" hai="18,20,21,23,27,75,77,79,80,81,86,97,101,104" machi="104" ten="20,3900,0" yaku="1,1,0,1,7,1,53,0" doraHai="129" doraHaiUra="87" who="2" fromWho="2" sc="318,-14,113,-14,282,72,257,-14" /><INIT seed="6,2,0,1,3,90" ten="304,99,354,243" oya="2" hai0="129,47,82,43,121,36,62,127,61,64,25,9,35" hai1="120,12,13,58,16,84,69,37,27,52,76,53,91" hai2="75,34,40,60,115,83,106,85,130,44,10,99,94" hai3="67,55,54,134,109,101,78,17,31,93,131,133,1"/><V26/><F130/><W51/><G1/><T28/><D129/><U65/><E37/><V38/><F115/><W103/><G109/><T5/><D121/><U73/><E120/><V2/><F60/><W68/><G131/><T125/><D82/><U97/><E73/><V32/><F106/><W124/><G124/><N who="0" m="47691" /><D64/><U66/><E69/><V111/><F26/><W49/><G78/><T114/><D114/><U71/><E71/><V21/><F21/><W39/><G39/><T88/><D88/><U132/><E132/><V50/><F38/><W126/><G126/><T33/><D33/><U128/><E128/><V105/><F105/><W122/><G31/><T14/><AGARI ba="2,0" hai="5,9,14,25,28,35,36,43,47,61,62" m="47691" machi="14" ten="30,1100,0" yaku="18,1" doraHai="90" who="0" fromWho="0" sc="304,17,99,-5,354,-7,243,-5" /><INIT seed="7,0,0,3,1,71" ten="321,94,347,238" oya="3" hai0="2,104,122,48,107,7,82,135,118,10,9,22,28" hai1="62,29,120,111,88,14,45,106,70,38,69,72,41" hai2="42,19,13,30,63,25,68,83,98,54,43,32,125" hai3="92,93,8,89,132,1,18,77,15,105,115,58,113"/><W23/><G105/><T3/><D122/><U81/><E14/><V126/><F83/><W94/><G132/><T79/><D118/><U20/><E20/><V16/><F98/><W44/><G77/><T61/><D135/><U4/><E88/><V110/><F110/><W97/><G58/><T51/><D61/><U78/><E111/><V99/><F99/><W0/><G0/><T37/><D37/><U73/><E120/><V117/><F117/><W59/><G59/><T57/><D28/><U17/><E17/><N who="2" m="6731" /><F54/><W60/><G60/><T100/><D22/><U35/><E73/><V101/><F101/><W90/><G44/><T21/><D21/><U127/><E127/><N who="2" m="48651" /><F13/><W121/><G121/><T40/><D40/><U64/><E70/><V5/><F5/><N who="3" m="1071" /><G97/><T131/><D100/><U112/><E112/><AGARI ba="0,0" hai="15,18,23,89,90,92,93,94,112,113,115" m="1071" machi="112" ten="30,1500,0" yaku="15,1" doraHai="71" who="3" fromWho="1" sc="321,0,94,-15,347,0,238,15" /><INIT seed="7,1,0,5,1,67" ten="321,79,347,253" oya="3" hai0="132,58,87,125,45,76,3,70,65,119,17,21,104" hai1="118,68,24,105,43,98,83,100,90,13,2,123,40" hai2="89,73,114,92,9,121,6,5,75,84,18,72,74" hai3="35,115,69,113,71,25,79,126,27,66,86,61,109"/><W63/><G126/><T8/><D119/><U102/><E2/><V130/><F130/><W120/><G120/><T124/><D104/><U81/><E123/><V54/><F121/><W82/><G109/><T47/><D132/><U28/><E118/><V117/><F117/><W62/><G66/><T0/><D58/><U51/><E13/><V91/><F114/><N who="3" m="43531" /><G35/><T59/><D59/><U10/><E10/><V41/><F41/><W29/><G29/><T107/><D107/><U64/><E100/><V32/><F32/><W111/><G111/><T127/><D87/><U96/><E96/><V80/><F54/><W133/><G133/><T112/><D76/><U37/><E51/><V7/><F18/><W52/><G52/><T48/><D112/><U85/><E37/><V122/><F122/><W36/><G36/><T46/><D48/><U49/><E49/><V95/><F80/><W30/><G30/><T12/><D21/><U116/><E83/><V110/><F110/><W4/><G4/><T60/><AGARI ba="1,0" hai="0,3,8,12,17,45,46,47,60,65,70,124,125,127" machi="60" ten="40,5200,0" yaku="0,1,18,1,52,1" doraHai="67" who="0" fromWho="0" sc="321,55,79,-14,347,-14,253,-27" owari="376,47.6,65,-43.5,333,13.3,226,-17.4" /></mjloggm>