<mjloggm ver="2.3"><GO type="169" lobby="0"/><UN n0="%E5%90%89%E7%A5%A5%E5%AF%BA%4B%47" n1="%73%65%37%37%65%6E" n2="%E3%82%B5%E3%83%96%E3%82%A2%E3%83%A9%E3%83%89" n3="%41%6D%61%79%62%65" dan="16,16,16,16" rate="2126.73,2050.84,2040.06,2133.26" sx="F,M,M,M"/><TAIKYOKU oya="0"/><INIT seed="0,0,0,4,3,69" ten="250,250,250,250" oya="0" hai0="1,32,104,101,22,119,107,5,90,16,36,0,54" hai1="18,37,10,43,42,46,65,2,60,82,134,89,76" hai2="4,102,124,47,123,50,112,126,98,21,111,79,86" hai3="17,23,7,53,94,78,117,84,110,108,127,95,27"/><T12/><D119/><U52/><E134/><V63/><F123/><W34/><G117/><T118/><D118/><U45/><E89/><V116/><F116/><W11/><G127/><N who="2" m="48681" /><F112/><W55/><G34/><T91/><D54/><U88/><E88/><V64/><F4/><W24/><G24/><T87/><D91/><U130/><E130/><V71/><F21/><W44/><G78/><T70/><D70/><U59/><E18/><V122/><F111/><N who="3" m="42539" /><G84/><T85/><D85/><U29/><E29/><V129/><F129/><W67/><G67/><T121/><D121/><U99/><E99/><V132/><F132/><W128/><G128/><T6/><D6/><U48/><E10/><V81/><F122/><W20/><G20/><T33/><D0/><U30/><E30/><V61/><F64/><W31/><G31/><T92/><D107/><U8/><E8/><V35/><F35/><W113/><G113/><T66/><D66/><U68/><E2/><V109/><F109/><W9/><G9/><N who="0" m="2223" /><D104/><U41/><E45/><V15/><F71/><W77/><G53/><T28/><D28/><U40/><E40/><N who="2" m="24935" /><F15/><W135/><G135/><T13/><D13/><U14/><E14/><V93/><AGARI ba="0,0" hai="61,63,79,81,86,93,98,102" m="24935,48681" machi="93" ten="30,1100,0" yaku="18,1" doraHai="69" who="2" fromWho="2" sc="250,-5,250,-3,250,11,250,-3" /><INIT seed="1,0,0,3,0,130" ten="245,247,261,247" oya="1" hai0="59,104,126,11,75,5,95,37,36,14,129,15,55" hai1="20,9,2,69,116,83,122,98,64,118,25,112,33" hai2="16,22,113,24,49,53,132,28,99,67,73,10,68" hai3="43,42,38,34,84,57,91,106,12,71,0,87,78"/><U77/><E122/><V4/><F73/><W45/><G0/><T89/><D129/><U8/><E112/><V115/><F99/><W6/><G34/><T105/><D126/><U79/><E33/><V134/><F67/><W21/><G71/><T131/><D131/><U86/><E98/><V61/><F61/><W44/><G106/><T48/><D75/><U128/><E79/><V46/><F68/><W63/><G78/><T39/><REACH who="0" step="1"/><D15/><REACH who="0" ten="235,247,261,247" step="2"/><U81/><E128/><V13/><REACH who="2" step="1"/><F4/><REACH who="2" ten="235,247,251,247" step="2"/><W60/><G6/><T76/><D76/><U26/><E77/><V88/><F88/><W58/><G91/><T30/><D30/><U23/><E116/><V1/><F1/><W52/><G84/><AGARI ba="0,2" hai="5,11,14,36,37,39,48,55,59,84,89,95,104,105" machi="84" ten="40,1300,0" yaku="1,1,53,0" doraHai="130" doraHaiUra="127" who="0" fromWho="3" sc="235,33,247,0,251,0,247,-13" /><INIT seed="2,0,0,4,4,100" ten="268,247,251,234" oya="2" hai0="116,82,95,104,36,127,45,60,13,15,12,22,111" hai1="30,8,78,77,113,23,0,44,17,79,7,10,89" hai2="90,131,69,118,52,88,71,125,63,96,26,98,27" hai3="107,1,39,6,86,109,43,73,38,51,83,64,34"/><V114/><F118/><W94/><G34/><T47/><D116/><U103/><E113/><V21/><F114/><W5/><G109/><T92/><D111/><U110/><E103/><V115/><F115/><W97/><G64/><T40/><D127/><U101/><E101/><V55/><F63/><W3/><G73/><T120/><D120/><U53/><E30/><V33/><F33/><W54/><G43/><T46/><D104/><U72/><E72/><V99/><F125/><W58/><G107/><T14/><D82/><U11/><E110/><V81/><F81/><W56/><G94/><T59/><D36/><U93/><E44/><V126/><F126/><W42/><G97/><T108/><D40/><U133/><E53/><N who="2" m="20555" /><F21/><W91/><G56/><T134/><D108/><U67/><E67/><V106/><F131/><W80/><G42/><T74/><D74/><U70/><E70/><N who="2" m="26635" /><F106/><W2/><G80/><T25/><D59/><U129/><E129/><V20/><F20/><W84/><G84/><T132/><D60/><U66/><E66/><V29/><F29/><W4/><AGARI ba="0,0" hai="1,2,3,4,5,6,38,39,51,54,58,83,86,91" machi="4" ten="40,1500,0" yaku="0,1" doraHai="100" who="3" fromWho="3" sc="268,-4,247,-4,251,-7,234,15" /><INIT seed="3,0,0,4,2,52" ten="264,243,244,249" oya="3" hai0="7,96,40,76,1,117,132,37,61,81,45,19,55" hai1="33,34,22,128,35,135,32,103,79,51,127,27,60" hai2="102,95,8,92,119,26,85,30,68,87,11,73,111" hai3="65,41,17,80,126,124,3,71,64,134,38,106,4"/><W116/><G116/><T9/><D132/><U97/><E135/><V14/><F68/><W0/><G134/><T36/><D117/><U28/><E127/><N who="3" m="48682" /><G106/><T10/><D96/><U44/><E79/><V69/><F69/><W63/><G64/><T114/><D114/><U108/><E128/><V77/><F111/><W90/><G17/><T12/><D55/><U75/><E75/><V89/><F119/><W23/><G23/><T50/><REACH who="0" step="1"/><D61/><REACH who="0" ten="254,243,244,249" step="2"/><U21/><E60/><V53/><F53/><W74/><G41/><T83/><D83/><U62/><E62/><V98/><F73/><AGARI ba="0,1" hai="1,7,9,10,12,19,36,37,40,45,50,73,76,81" machi="73" ten="30,2000,0" yaku="1,1,7,1,53,0" doraHai="52" doraHaiUra="94" who="0" fromWho="2" sc="254,30,243,0,244,-20,249,0" /><INIT seed="4,0,0,4,0,57" ten="284,243,224,249" oya="0" hai0="110,39,99,77,14,71,61,53,96,79,113,72,93" hai1="0,19,98,90,49,64,45,24,116,56,13,17,109" hai2="129,65,103,18,15,86,50,60,36,80,119,23,133" hai3="35,22,76,54,67,11,92,9,16,59,63,124,132"/><T6/><D39/><U102/><E116/><V20/><F119/><W120/><G35/><T94/><D113/><U130/><E0/><V33/><F33/><W48/><G132/><T46/><D110/><U55/><E130/><V30/><F129/><W118/><G118/><T85/><D72/><U126/><E126/><V83/><F36/><W26/><G124/><T37/><D85/><U38/><E90/><V1/><F1/><W41/><G120/><T135/><D135/><U82/><E82/><V27/><F133/><W44/><G76/><T5/><D37/><U73/><E73/><V12/><F103/><W91/><G67/><T97/><D71/><U47/><E109/><V127/><F127/><W78/><G78/><N who="0" m="29707" /><D46/><U105/><E45/><V29/><F86/><AGARI ba="0,0" hai="9,11,16,22,26,41,44,48,54,59,63,86,91,92" machi="86" ten="30,7700,0" yaku="7,1,8,1,52,1,54,1" doraHai="57" who="3" fromWho="2" sc="284,0,243,0,224,-77,249,77" /><INIT seed="5,0,0,0,3,106" ten="284,243,147,326" oya="1" hai0="55,84,101,39,21,60,15,92,107,59,4,2,88" hai1="97,32,20,105,72,95,78,96,124,122,41,40,80" hai2="131,85,31,63,46,86,52,24,75,135,30,1,62" hai3="133,82,48,47,26,67,33,3,8,7,112,6,128"/><U61/><E32/><V118/><F118/><W111/><G111/><T23/><D39/><U37/><E122/><V36/><F1/><W104/><G104/><T116/><D116/><U130/><E130/><V91/><F131/><W12/><G112/><T123/><D2/><U74/><E124/><V5/><F5/><W87/><G67/><T18/><D4/><U90/><E61/><V119/><F119/><W25/><G133/><T114/><D114/><U93/><E105/><V45/><F135/><W108/><G108/><T10/><REACH who="0" step="1"/><D123/><REACH who="0" ten="274,243,147,326" step="2"/><U109/><E109/><V99/><F36/><W125/><G128/><T19/><D19/><U51/><E37/><V42/><F31/><W113/><G113/><T29/><D29/><U76/><E51/><V79/><F30/><W38/><G38/><T127/><D127/><U65/><E65/><V35/><F63/><W0/><G125/><T44/><D44/><U94/><E20/><V103/><F46/><W73/><G3/><T98/><AGARI ba="0,1" hai="10,15,18,21,23,55,59,60,84,88,92,98,101,107" machi="98" ten="30,4000,0" yaku="1,1,0,1,54,1,53,0" doraHai="106" doraHaiUra="69" who="0" fromWho="0" sc="274,50,243,-20,147,-10,326,-10" /><INIT seed="6,0,0,2,3,75" ten="324,223,137,316" oya="2" hai0="6,84,53,63,78,41,122,115,116,123,13,46,104" hai1="77,15,99,48,91,26,124,34,43,131,69,1,108" hai2="83,51,36,105,30,33,57,0,82,97,110,89,129" hai3="16,58,49,88,106,112,80,100,119,21,37,103,7"/><V74/><F110/><W39/><G119/><T72/><D104/><U87/><E69/><V134/><F36/><W10/><G106/><T125/><D72/><U3/><E124/><V111/><F111/><W94/><G112/><T107/><D107/><U135/><E108/><V12/><F0/><W92/><G39/><T132/><D115/><U11/><E135/><V22/><F134/><W121/><G37/><T118/><D132/><U102/><E26/><V24/><F129/><W40/><G121/><T61/><D125/><U60/><E34/><V2/><F2/><W52/><G40/><T101/><D101/><N who="3" m="38985" /><G10/><N who="0" m="4311" /><D41/><U86/><E60/><V35/><F105/><W95/><G7/><T18/><D18/><U9/><E9/><V65/><F74/><W70/><G70/><T120/><D53/><U50/><E102/><V93/><F65/><W67/><G67/><T14/><D14/><U4/><E99/><V27/><F35/><W29/><G80/><N who="0" m="47127" /><D46/><U114/><E114/><V81/><F12/><N who="3" m="9351" /><G29/><T44/><D44/><U76/><E43/><V127/><F127/><W19/><G19/><T20/><D20/><U85/><E131/><V64/><F64/><W42/><G42/><T117/><AGARI ba="0,0" hai="61,63,116,117,118,120,122,123" m="47127,4311" machi="117" ten="40,2700,0" yaku="12,1,52,1" doraHai="75" who="0" fromWho="0" sc="324,27,223,-7,137,-13,316,-7" /><INIT seed="7,0,0,2,2,78" ten="351,216,124,309" oya="3" hai0="46,131,42,26,29,34,97,8,64,81,118,2,56" hai1="28,1,134,133,88,6,105,125,36,59,60,100,66" hai2="111,70,63,14,53,35,113,21,73,9,82,120,45" hai3="83,94,92,116,68,102,119,76,96,16,5,84,54"/><W10/><G68/><T55/><D64/><U30/><E36/><V20/><F111/><W103/><G54/><T52/><D131/><U37/><E37/><V114/><F120/><W109/><G109/><T50/><D118/><U48/><E125/><V15/><F35/><W25/><G25/><T80/><D97/><U99/><E48/><V39/><F70/><W13/><G5/><T31/><D31/><U74/><E74/><V32/><F32/><W104/><G104/><T77/><D77/><U41/><E41/><V7/><F15/><W90/><G103/><T18/><D55/><U89/><E6/><V128/><F128/><W17/><G17/><T51/><D2/><U91/><E1/><V95/><F95/><W47/><G47/><T69/><D69/><U61/><E61/><V40/><F63/><W110/><G110/><T23/><D8/><U112/><E112/><V79/><REACH who="2" step="1"/><F53/><REACH who="2" ten="351,216,114,309" step="2"/><W12/><G13/><AGARI ba="0,1" hai="13,18,23,26,29,34,42,46,50,51,52,56,80,81" machi="13" ten="30,7700,0" yaku="7,1,52,2,54,1" doraHai="78" who="0" fromWho="3" sc="351,87,216,0,114,0,309,-77" owari="438,53.8,216,-18.4,114,-38.6,232,3.2" /></mjloggm>