<mjloggm ver="2.3"><GO type="169" lobby="0"/><UN n0="%E6%AF%94%E5%98%89%E7%A7%80%E4%BB%81" n1="%70%65%6C%75%73%61%5F" n2="%E3%81%97%E3%82%89%E3%81%99%EF%BC%A1" n3="%41%4C%50%45%52%49%4E" dan="16,16,16,16" rate="2072.58,2087.52,2102.60,2131.40" sx="M,M,M,M"/><TAIKYOKU oya="0"/><INIT seed="0,0,0,1,3,56" ten="250,250,250,250" oya="0" hai0="27,37,26,94,29,49,134,10,15,22,74,88,86" hai1="45,104,44,35,54,91,64,83,113,14,89,107,71" hai2="119,52,46,69,111,16,51,47,36,78,59,13,67" hai3="0,114,92,1,5,7,120,40,68,110,23,101,81"/><T31/><D134/><U128/><E35/><V112/><F112/><W102/><G68/><T6/><D37/><U76/><E128/><V79/><F111/><W82/><G40/><T108/><D108/><U116/><E54/><V70/><F119/><W100/><G110/><T24/><D74/><U65/><E14/><V63/><F69/><W132/><G114/><T38/><D38/><U2/><E71/><V115/><F115/><W123/><G92/><T42/><REACH who="0" step="1"/><D22/><REACH who="0" ten="240,250,250,250" step="2"/><U4/><E113/><V61/><F36/><W11/><G23/><T80/><D80/><U39/><E83/><V18/><F18/><W21/><G21/><T34/><D34/><U53/><E39/><V72/><F72/><W17/><G132/><T121/><D121/><N who="3" m="46665" /><G82/><T87/><D87/><U62/><E116/><V43/><F47/><AGARI ba="0,1" hai="6,10,15,24,26,27,29,31,42,47,49,86,88,94" machi="47" ten="40,7700,0" yaku="1,1,8,1,54,1,53,0" doraHai="56" doraHaiUra="106" who="0" fromWho="2" sc="240,87,250,0,250,-77,250,0" /><INIT seed="0,1,0,5,0,61" ten="327,250,173,250" oya="0" hai0="12,32,5,78,62,119,56,55,2,58,43,31,76" hai1="126,130,0,91,47,17,80,28,11,97,95,112,118" hai2="123,79,89,23,42,33,121,99,114,25,131,26,20" hai3="106,4,74,50,73,27,86,54,48,93,102,81,35"/><T66/><D2/><U101/><E118/><V36/><F114/><W105/><G4/><T103/><D119/><U127/><E112/><V53/><F33/><W125/><G125/><T82/><D43/><U37/><E28/><V68/><F68/><W57/><G93/><T134/><D134/><U94/><E80/><V6/><F79/><W115/><G115/><T109/><D109/><U7/><E130/><V117/><F6/><W29/><G50/><T87/><D103/><U108/><E108/><V128/><F42/><W3/><G3/><T77/><D31/><U107/><E37/><V49/><F36/><W70/><G70/><T111/><D32/><U40/><E17/><V1/><F1/><W45/><G45/><T67/><D111/><U72/><E72/><V129/><F117/><W64/><G64/><N who="0" m="24619" /><D58/><U75/><E75/><V30/><F89/><W65/><G74/><T51/><D51/><N who="1" m="27111" /><E91/><V34/><F34/><W22/><G73/><T21/><D5/><U133/><E133/><V92/><F121/><W14/><G102/><T63/><D63/><U60/><E60/><V59/><F123/><W15/><G35/><T39/><D39/><U120/><E120/><V13/><F30/><W9/><G105/><T52/><D55/><U122/><E122/><V124/><F128/><W135/><G106/><T90/><D90/><U18/><E18/><AGARI ba="1,0" hai="12,18,21,52,56,62,76,77,78,82,87" m="24619" machi="18" ten="30,12000,1" yaku="8,1,52,3,54,1" doraHai="61" who="0" fromWho="1" sc="327,123,250,-123,173,0,250,0" /><INIT seed="0,2,0,0,3,41" ten="450,127,173,250" oya="0" hai0="12,115,11,52,39,63,116,73,84,43,135,108,82" hai1="42,96,58,30,77,22,61,127,72,83,118,109,10" hai2="6,33,57,119,120,23,98,35,21,128,9,106,81" hai3="47,88,104,34,60,44,28,14,87,55,111,40,31"/><T78/><D116/><U1/><E118/><V79/><F119/><W50/><G104/><T130/><D115/><U71/><E127/><V100/><F120/><W29/><G111/><T93/><D108/><U45/><E109/><V105/><F128/><W13/><G34/><T67/><D130/><U76/><E71/><V125/><F106/><W102/><G102/><T5/><D135/><U3/><E76/><V49/><F125/><W110/><G110/><T101/><D39/><U80/><E80/><V86/><F35/><W68/><G68/><T113/><D43/><U37/><E96/><V25/><F57/><W36/><REACH who="3" step="1"/><G60/><REACH who="3" ten="450,127,173,240" step="2"/><T129/><D101/><U16/><E30/><V94/><F105/><W99/><G99/><T4/><D63/><U24/><REACH who="1" step="1"/><E10/><REACH who="1" ten="450,117,173,240" step="2"/><V17/><F9/><W70/><G70/><T64/><D11/><U132/><E132/><V27/><F98/><W131/><G131/><T48/><D129/><U75/><E75/><V134/><F134/><W91/><G91/><T126/><D126/><U133/><E133/><V90/><F100/><W97/><G97/><T65/><D73/><U122/><E122/><V19/><F90/><W51/><G51/><T124/><D124/><U26/><E26/><V7/><F49/><W66/><G66/><AGARI ba="2,2" hai="1,3,16,22,24,37,42,45,58,61,66,72,77,83" machi="66" ten="30,8000,1" yaku="1,1,7,1,52,1,54,1,53,1" doraHai="41" doraHaiUra="107" who="1" fromWho="3" sc="450,0,117,106,173,0,240,-86" /><INIT seed="1,0,0,2,1,105" ten="450,223,173,154" oya="1" hai0="26,68,118,111,107,61,82,6,63,40,112,130,69" hai1="94,96,108,56,9,93,20,87,47,43,50,131,123" hai2="1,13,19,81,85,128,109,2,39,44,89,52,79" hai3="53,66,98,100,116,55,60,122,36,23,88,73,41"/><U102/><E131/><V14/><F109/><W12/><G122/><T125/><D111/><U99/><E108/><V62/><F14/><W15/><G116/><T27/><D118/><U113/><E123/><V17/><F128/><W129/><G129/><T37/><D130/><U124/><E124/><V95/><F19/><W35/><G35/><T45/><D125/><U4/><E20/><V133/><F39/><W54/><G73/><T110/><D110/><U0/><E56/><V34/><F34/><W70/><G23/><T74/><D107/><U101/><E87/><V75/><F133/><W67/><G67/><T127/><D127/><U135/><REACH who="1" step="1"/><E113/><REACH who="1" ten="450,213,173,154" step="2"/><V77/><F44/><W83/><G70/><T103/><D69/><U5/><E5/><V114/><F114/><W32/><G32/><T18/><D68/><U58/><E58/><V115/><F115/><W121/><G121/><T64/><D112/><U29/><E29/><V10/><F77/><W84/><G60/><T78/><D63/><U76/><E76/><V48/><F62/><W33/><G33/><T117/><D6/><U97/><E97/><V22/><F22/><W132/><G132/><AGARI ba="0,1" hai="0,4,9,43,47,50,93,94,96,99,101,102,132,135" machi="132" ten="40,3900,0" yaku="1,1,9,1,53,0" doraHai="105" doraHaiUra="104" who="1" fromWho="3" sc="450,0,213,49,173,0,154,-39" /><INIT seed="1,1,0,3,2,135" ten="450,262,173,115" oya="1" hai0="67,14,73,33,70,79,86,55,42,34,29,32,7" hai1="44,17,104,48,60,51,57,121,103,59,9,54,85" hai2="118,38,25,5,64,49,113,106,4,65,82,129,56" hai3="88,110,124,93,120,69,26,61,97,18,95,41,125"/><U53/><E121/><V111/><F118/><W63/><G120/><T21/><D73/><U37/><E104/><V80/><F38/><W8/><G110/><T47/><D55/><U133/><E133/><V11/><F111/><W107/><G107/><T75/><D75/><U6/><E103/><V1/><F106/><W109/><G109/><T99/><D99/><U52/><E37/><V12/><F129/><W116/><G116/><T72/><D72/><U31/><E31/><V98/><F113/><W94/><G41/><T122/><D122/><U130/><E85/><V123/><F123/><W36/><G36/><T100/><D100/><U39/><E39/><V96/><F25/><W102/><G94/><T115/><D115/><U105/><E105/><V35/><F35/><W119/><G119/><T71/><D67/><U2/><E17/><V13/><F1/><W27/><G27/><T128/><D128/><U46/><E130/><V58/><F49/><W0/><G69/><T50/><D29/><U62/><E54/><V28/><F28/><W83/><G83/><N who="0" m="47487" /><D21/><U134/><E134/><V89/><F89/><W77/><G77/><T19/><D19/><U132/><E132/><V24/><F24/><W126/><G26/><T66/><D66/><U40/><E40/><V112/><F112/><W22/><G22/><T23/><D23/><U84/><E84/><V131/><F131/><W87/><G18/><T90/><D90/><U20/><E20/><V15/><F15/><W43/><G43/><T101/><D101/><U68/><E68/><V30/><F30/><W78/><G78/><RYUUKYOKU ba="1,0" sc="450,0,262,0,173,0,115,0" hai0="7,14,32,33,34,42,47,50,70,71" hai1="2,6,9,44,46,48,51,52,53,57,59,60,62" hai2="4,5,11,12,13,56,58,64,65,80,82,96,98" hai3="0,8,61,63,87,88,93,95,97,102,124,125,126" /><INIT seed="1,2,0,4,0,81" ten="450,262,173,115" oya="1" hai0="0,13,54,132,72,86,27,52,21,125,23,11,78" hai1="123,1,109,121,48,58,110,128,89,16,129,45,114" hai2="65,2,116,73,55,120,96,20,30,103,9,12,63" hai3="24,102,33,119,134,57,17,47,95,74,84,75,38"/><U133/><E1/><V19/><F116/><W26/><G119/><T39/><D0/><U111/><E114/><V87/><F73/><W18/><G134/><T42/><D72/><U108/><E133/><V60/><F120/><W28/><G57/><T43/><D132/><U85/><E58/><V36/><F36/><W8/><G102/><T10/><D125/><U61/><E61/><V49/><F65/><W56/><G56/><T117/><D117/><U6/><E6/><V40/><F40/><N who="0" m="15402" /><D39/><U130/><E16/><V35/><F35/><W59/><G38/><T127/><D127/><U104/><E104/><V80/><F2/><W46/><G74/><T90/><D78/><U37/><E37/><V83/><F83/><W92/><G75/><T115/><D115/><U70/><E70/><V29/><F63/><W118/><G118/><T34/><D34/><U7/><E7/><V93/><F20/><N who="0" m="7754" /><D27/><U107/><E107/><V71/><F60/><W126/><G126/><T105/><D105/><U88/><E111/><V131/><F131/><W112/><G112/><T44/><D44/><U51/><E45/><N who="2" m="28079" /><F71/><W64/><G33/><T82/><D11/><U53/><E121/><V101/><F101/><W15/><G8/><T113/><D113/><U98/><E123/><V69/><F69/><W135/><G135/><T94/><D82/><N who="1" m="49207" /><E53/><V41/><F41/><W97/><G47/><T79/><D79/><AGARI ba="2,0" hai="9,12,19,29,30,79,80,87,93,96,103" m="28079" machi="79" ten="30,2000,0" yaku="8,1,52,1" doraHai="81" who="2" fromWho="0" sc="450,-26,262,0,173,26,115,0" /><INIT seed="2,0,0,3,3,12" ten="424,262,199,115" oya="2" hai0="40,130,83,5,3,44,123,47,34,125,45,66,71" hai1="69,28,63,1,61,106,57,17,36,85,60,33,51" hai2="58,92,22,4,48,25,88,103,15,10,132,127,120" hai3="42,96,2,59,54,134,81,53,100,98,112,117,128"/><V104/><F120/><W73/><G117/><T8/><D123/><U6/><E36/><V110/><F132/><W101/><G2/><T52/><D130/><U89/><E106/><V91/><F127/><W64/><G128/><T99/><D125/><U49/><E69/><V129/><F104/><W114/><G134/><T18/><D34/><U76/><E76/><V75/><F75/><W39/><G64/><T90/><D71/><U16/><E28/><V80/><F110/><W107/><G39/><T35/><D66/><U121/><E33/><V124/><F124/><W74/><G42/><T97/><D35/><U115/><E115/><N who="3" m="44074" /><G81/><T27/><D40/><U79/><E79/><V41/><F80/><W14/><G14/><T118/><D118/><U46/><E6/><V102/><F129/><W108/><G108/><T82/><D52/><N who="3" m="20073" /><G59/><T21/><D82/><U29/><E57/><V111/><F58/><W50/><G50/><T116/><D116/><U56/><E56/><V105/><F111/><W19/><G19/><T95/><REACH who="0" step="1"/><D83/><REACH who="0" ten="414,262,199,115" step="2"/><U86/><E61/><V131/><F131/><W67/><G67/><T94/><D94/><AGARI ba="0,1" hai="73,74,94,96,98,100,101,107" m="20073,44074" machi="94" ten="30,2000,0" yaku="11,1,54,1" doraHai="12" who="3" fromWho="0" sc="414,-20,262,0,199,0,115,30" /><INIT seed="3,0,0,0,3,0" ten="394,262,199,145" oya="3" hai0="78,68,112,86,114,42,73,76,47,100,107,15,70" hai1="122,43,69,116,11,113,9,92,134,132,108,25,80" hai2="53,99,36,31,82,32,126,130,23,64,91,72,46" hai3="22,102,50,67,127,52,121,66,30,96,87,103,58"/><W62/><G121/><T56/><D73/><U60/><E80/><V104/><F130/><W55/><G127/><T33/><D33/><U118/><E92/><V39/><F126/><W106/><G103/><T38/><D107/><U101/><E101/><V88/><F32/><W4/><G87/><T7/><D100/><U17/><E43/><V40/><F39/><W129/><G129/><T133/><D133/><N who="1" m="51307" /><E60/><V3/><F64/><W28/><G4/><T41/><D41/><U135/><E69/><V89/><F53/><W2/><G2/><T35/><D35/><U18/><E122/><V128/><F128/><W109/><G109/><T111/><D111/><U120/><E120/><V5/><F104/><W44/><REACH who="3" step="1"/><G22/><REACH who="3" ten="394,262,199,135" step="2"/><T29/><D86/><U94/><E108/><V115/><F99/><W79/><G79/><T26/><D78/><U95/><E135/><V123/><F123/><W6/><G6/><T16/><D76/><U48/><E118/><V93/><F5/><W19/><G19/><T34/><D7/><U81/><E18/><V10/><F3/><W65/><AGARI ba="0,1" hai="28,30,44,50,52,55,58,62,65,66,67,96,102,106" machi="65" ten="30,6000,0" yaku="1,1,0,1,54,1,53,0" doraHai="0" doraHaiUra="131" who="3" fromWho="3" sc="394,-20,262,-20,199,-20,135,70" /><INIT seed="3,1,0,1,4,62" ten="374,242,179,205" oya="3" hai0="75,92,93,87,55,76,132,88,95,112,16,15,71" hai1="41,46,22,67,73,7,69,129,130,27,125,110,49" hai2="108,29,65,109,61,51,81,50,10,6,120,85,1" hai3="111,82,128,60,90,126,66,131,116,23,4,42,45"/><W39/><G116/><T34/><D132/><U103/><E73/><V3/><F3/><W134/><G134/><T47/><D34/><U9/><E110/><N who="2" m="42603" /><F29/><W5/><G111/><T36/><D71/><U100/><E125/><V33/><F33/><W25/><G126/><T54/><D112/><U106/><E106/><V26/><F26/><W89/><G5/><T11/><D75/><U133/><E133/><V118/><F120/><W52/><G4/><T2/><D76/><U38/><E38/><V84/><F84/><W77/><G77/><T20/><D2/><U113/><E69/><N who="2" m="42159" /><F118/><W114/><G114/><T80/><REACH who="0" step="1"/><D20/><REACH who="0" ten="364,242,179,205" step="2"/><U57/><E113/><V78/><AGARI ba="1,1" hai="1,6,10,50,51,78,81,85" m="42159,42603" machi="78" ten="30,2000,0" yaku="14,1,52,1" doraHai="62" who="2" fromWho="2" sc="364,-6,242,-6,179,33,205,-11" /><INIT seed="4,0,0,4,2,48" ten="358,236,212,194" oya="0" hai0="21,105,109,8,0,122,85,121,126,79,80,77,111" hai1="124,1,116,64,28,63,114,17,112,50,82,10,45" hai2="62,132,74,89,92,135,125,86,84,24,20,107,103" hai3="87,96,44,30,51,32,83,102,25,110,67,22,97"/><T94/><D21/><U26/><E116/><V40/><F40/><W46/><G110/><N who="0" m="41995" /><D8/><U101/><E101/><V58/><F74/><W15/><G67/><T23/><D23/><U128/><E124/><V68/><F68/><W72/><G72/><T42/><D42/><U52/><E82/><V2/><F2/><W53/><G102/><T88/><D0/><U104/><E104/><V29/><F125/><W57/><G32/><T19/><D19/><U60/><E128/><V73/><F73/><W35/><G35/><T6/><D6/><U133/><E133/><N who="2" m="51275" /><F107/><W119/><G119/><T33/><D33/><N who="1" m="20631" /><E64/><N who="2" m="38999" /><F103/><W47/><REACH who="3" step="1"/><G15/><REACH who="3" ten="358,236,212,184" step="2"/><T31/><D126/><U41/><E1/><V49/><F24/><W5/><G5/><T90/><D105/><U37/><E112/><V76/><F29/><W38/><G38/><T134/><D31/><U54/><E114/><V106/><F106/><W18/><G18/><T120/><D134/><U129/><E17/><V78/><F20/><W56/><G56/><T91/><D77/><AGARI ba="0,1" hai="22,25,30,44,46,47,51,53,57,77,83,87,96,97" machi="77" ten="40,5200,0" yaku="1,1,8,1,52,1,53,0" doraHai="48" doraHaiUra="131" who="3" fromWho="0" sc="358,-52,236,0,212,0,184,62" /><INIT seed="5,0,0,4,5,9" ten="306,236,212,246" oya="1" hai0="16,86,0,107,116,53,132,88,10,38,68,52,23" hai1="110,49,8,92,117,63,20,44,95,118,15,79,60" hai2="103,81,45,94,14,125,112,11,70,76,26,56,124" hai3="64,105,66,122,37,31,32,109,78,82,25,39,75"/><U55/><E110/><V111/><F70/><W65/><G109/><T104/><D116/><U62/><E117/><V30/><F111/><W101/><REACH who="3" step="1"/><G122/><REACH who="3" ten="306,236,212,236" step="2"/><T69/><D132/><U3/><E118/><V51/><F125/><W114/><G114/><T102/><D69/><U74/><E3/><V47/><F124/><W4/><G4/><T58/><D68/><U85/><E74/><V127/><F112/><W73/><G73/><T13/><D0/><U29/><E29/><V27/><F127/><W123/><G123/><T6/><D6/><N who="1" m="3479" /><E20/><V61/><F30/><W33/><G33/><T98/><D23/><U133/><E133/><V2/><F2/><W119/><G119/><T72/><D72/><U121/><E121/><V90/><F27/><W126/><G126/><T22/><D22/><U96/><E96/><AGARI ba="0,1" hai="25,31,32,37,39,64,65,66,75,78,82,96,101,105" machi="96" ten="40,1300,0" yaku="1,1,53,0" doraHai="9" doraHaiUra="128" who="3" fromWho="1" sc="306,0,236,-13,212,0,236,23" /><INIT seed="6,0,0,3,3,42" ten="306,223,212,259" oya="2" hai0="25,76,48,63,60,55,80,90,89,34,120,9,44" hai1="104,54,73,91,107,97,26,2,56,20,130,71,37" hai2="131,110,114,85,127,119,50,53,4,88,39,87,134" hai3="58,108,82,126,8,21,94,106,27,116,105,22,70"/><V6/><F119/><W111/><G70/><T64/><D120/><U45/><E2/><V86/><F39/><W31/><G116/><T24/><D9/><U95/><E71/><V19/><F114/><W93/><G8/><T117/><D117/><U135/><E73/><V77/><F134/><W96/><G126/><T32/><D32/><U103/><E135/><V17/><F127/><W14/><G82/><T125/><D125/><U66/><E130/><V67/><F131/><W79/><G79/><T33/><D33/><U38/><E66/><V115/><F67/><W100/><G94/><T41/><D41/><U47/><E38/><V61/><F61/><W7/><G58/><T62/><D64/><U36/><E36/><V1/><F110/><W13/><G7/><N who="2" m="2601" /><F1/><W59/><G106/><T124/><D124/><U112/><E112/><V98/><F77/><W84/><G105/><T11/><D11/><U92/><E37/><V121/><F121/><W3/><G3/><T12/><D12/><U16/><E107/><V133/><F115/><W43/><G111/><T49/><D49/><N who="1" m="30799" /><E104/><V101/><F101/><W28/><G100/><T74/><D34/><U5/><E5/><V65/><F65/><W128/><G108/><T78/><D78/><U123/><E123/><V23/><F23/><W18/><G128/><T118/><D118/><U15/><E15/><V29/><F133/><W129/><G129/><T40/><D40/><U75/><E75/><V81/><F29/><W83/><G28/><T102/><D102/><U57/><E57/><N who="2" m="32951" /><F81/><W132/><G83/><T35/><D35/><RYUUKYOKU ba="0,0" sc="306,10,223,10,212,10,259,-30" hai0="24,25,44,48,55,60,62,63,74,76,80,89,90" hai1="16,20,26,45,47,91,92,95,97,103" hai2="17,19,85,86,87,88,98" /><INIT seed="6,1,0,5,4,3" ten="316,233,222,229" oya="2" hai0="77,78,5,30,104,32,41,44,58,46,15,100,47" hai1="52,123,103,49,59,56,12,111,27,99,90,116,133" hai2="85,80,70,86,113,107,72,28,42,126,96,29,22" hai3="37,124,97,39,118,17,10,13,8,9,61,106,76"/><V120/><F120/><W33/><G118/><T24/><D104/><U84/><E111/><V69/><F113/><W34/><G124/><T65/><D100/><U20/><E133/><V6/><F126/><W43/><G76/><T67/><D41/><U35/><E35/><V127/><F127/><W81/><G81/><T63/><REACH who="0" step="1"/><D67/><REACH who="0" ten="306,233,222,229" step="2"/><U71/><E103/><V94/><F42/><W134/><G43/><T119/><D119/><U132/><E116/><V115/><F107/><W16/><G106/><T36/><D36/><U128/><E123/><V130/><F115/><W73/><G39/><T2/><D2/><U74/><E132/><V112/><F112/><W83/><G134/><T40/><D40/><U108/><E108/><V135/><F135/><W68/><G37/><T7/><D7/><U55/><E55/><V131/><F6/><W62/><G62/><T60/><D60/><U11/><E52/><V75/><F130/><W121/><G61/><T23/><D23/><U18/><E20/><V93/><F22/><W95/><G121/><T89/><D89/><U53/><E90/><V105/><F105/><W19/><G34/><T4/><D4/><U57/><E53/><V54/><F54/><W117/><G33/><T91/><D91/><U102/><E102/><V129/><F96/><W48/><G117/><T98/><D98/><U0/><E99/><V79/><F79/><N who="3" m="44527" /><G48/><T51/><D51/><U122/><E122/><V87/><F87/><W1/><G1/><T101/><D101/><U45/><E128/><V21/><F21/><N who="3" m="11439" /><G68/><T38/><D38/><U92/><E71/><RYUUKYOKU ba="1,1" sc="306,10,233,-30,222,10,229,10" hai0="5,15,24,30,32,44,46,47,58,63,65,77,78" hai2="28,29,69,70,72,75,80,85,86,93,94,129,131" hai3="8,9,10,16,19,95,97" /><INIT seed="6,2,1,4,3,72" ten="316,203,232,239" oya="2" hai0="13,113,34,98,60,89,35,33,121,39,111,80,3" hai1="133,54,123,71,76,53,41,17,97,62,119,19,25" hai2="101,135,66,20,44,105,38,82,65,5,68,129,4" hai3="122,23,100,30,125,78,81,116,9,32,96,29,75"/><V103/><F135/><W120/><G116/><T77/><D121/><U110/><E123/><V115/><F115/><W12/><G125/><T26/><D113/><U1/><E119/><V58/><F68/><W70/><G70/><T11/><D111/><U48/><E110/><V124/><F129/><W2/><G23/><T134/><D39/><U95/><E1/><V52/><F105/><W14/><G14/><T94/><D3/><U46/><E133/><V18/><F44/><W83/><G2/><T64/><D134/><U92/><E76/><V128/><F82/><W67/><G67/><N who="2" m="25609" /><F38/><W40/><G40/><T107/><D107/><U56/><E71/><V31/><F31/><W106/><G83/><T43/><D43/><U131/><E131/><V10/><F10/><W104/><G104/><T42/><D42/><U90/><E25/><N who="2" m="14487" /><F124/><W22/><G32/><T86/><D26/><U55/><E92/><V28/><F28/><W118/><G118/><T51/><D51/><U88/><E90/><V84/><F84/><W6/><REACH who="3" step="1"/><G29/><REACH who="3" ten="316,203,232,229" step="2"/><T79/><D13/><U69/><E69/><V57/><F128/><W91/><G91/><T73/><D11/><U37/><E37/><V36/><F36/><W99/><G99/><T45/><D35/><U112/><E112/><V93/><F93/><W61/><G61/><T109/><D109/><U130/><E130/><V50/><F103/><W126/><G126/><T27/><D34/><U21/><E21/><V117/><F117/><W7/><G7/><N who="2" m="2633" /><F101/><W127/><G127/><T114/><D33/><U0/><E0/><V132/><F132/><RYUUKYOKU ba="2,2" sc="316,-30,203,10,232,10,229,10" hai1="17,19,41,46,48,53,54,55,56,62,88,95,97" hai2="50,52,57,58" hai3="6,9,12,22,30,75,78,81,96,100,106,120,122" /><INIT seed="6,3,2,4,1,116" ten="286,213,242,239" oya="2" hai0="127,6,51,82,95,69,47,110,16,8,80,0,15" hai1="40,38,135,10,98,131,9,19,111,107,106,32,103" hai2="71,34,14,24,109,35,87,56,128,42,59,28,25" hai3="122,91,113,29,123,63,118,77,81,88,17,104,124"/><V37/><F71/><W83/><G118/><T105/><D105/><U67/><E111/><V79/><F128/><W54/><G104/><T43/><D110/><U100/><E131/><V36/><F109/><W20/><G29/><T97/><D69/><U21/><E32/><V57/><F42/><W76/><G124/><T120/><D127/><U33/><E33/><V93/><F14/><W130/><G130/><T90/><REACH who="0" step="1"/><D120/><REACH who="0" ten="276,213,242,239" step="2"/><U115/><E106/><V41/><F35/><W108/><G108/><T23/><AGARI ba="3,3" hai="0,6,8,15,16,23,43,47,51,80,82,90,95,97" machi="23" ten="20,8000,1" yaku="1,1,2,1,0,1,7,1,54,1,53,0" doraHai="116" doraHaiUra="31" who="0" fromWho="0" sc="276,119,213,-23,242,-43,239,-23" /><INIT seed="7,0,0,3,4,14" ten="395,190,199,216" oya="3" hai0="77,28,135,128,110,98,64,93,50,37,96,89,120" hai1="15,34,26,78,45,123,131,129,53,104,43,54,108" hai2="27,5,105,75,42,88,33,51,36,118,32,132,47" hai3="130,85,49,58,7,13,82,40,3,38,61,52,2"/><W119/><G119/><T102/><D120/><U70/><E123/><V29/><F118/><W83/><G130/><N who="1" m="49674" /><E108/><V0/><F105/><W133/><G133/><T76/><D50/><N who="1" m="26943" /><E104/><V68/><F68/><W39/><G83/><T59/><D89/><U31/><E70/><V112/><F112/><W125/><G125/><T16/><D96/><U67/><E67/><V6/><F132/><W1/><G40/><T10/><D16/><U63/><E63/><V44/><F75/><W30/><G30/><T126/><D10/><U11/><E78/><V124/><F124/><W114/><G114/><T24/><D93/><U35/><E34/><V113/><F113/><W41/><G41/><T97/><D24/><U71/><E71/><V18/><F33/><W65/><G65/><T72/><D37/><U86/><E86/><V4/><F88/><W62/><G39/><T9/><D59/><U99/><E99/><V92/><F92/><W91/><REACH who="3" step="1"/><G38/><REACH who="3" ten="395,190,199,206" step="2"/><T81/><D81/><U74/><E74/><V90/><F36/><W12/><G12/><T22/><D28/><U94/><E94/><V87/><F29/><W8/><AGARI ba="0,1" hai="1,2,3,7,8,13,49,52,58,61,62,82,85,91" machi="8" ten="40,12000,1" yaku="1,1,0,1,54,1,53,2" doraHai="14" doraHaiUra="56" who="3" fromWho="3" sc="395,-40,190,-40,199,-40,206,130" /><INIT seed="7,1,0,0,3,65" ten="355,150,159,336" oya="3" hai0="8,121,57,73,41,92,59,34,40,10,67,112,107" hai1="98,90,9,39,133,131,118,4,58,18,114,129,87" hai2="13,19,36,71,78,77,27,117,74,46,55,134,0" hai3="7,26,125,94,99,97,11,128,14,105,135,16,88"/><W3/><G125/><T83/><D121/><U1/><E118/><V54/><F117/><W50/><G135/><T109/><D107/><U96/><E133/><V93/><F0/><W108/><G128/><N who="1" m="49226" /><E114/><V48/><F71/><W29/><G108/><T2/><D112/><U47/><E58/><V69/><F69/><W15/><G3/><T32/><D92/><N who="1" m="54367" /><E18/><V22/><F36/><W124/><G124/><T101/><D101/><U24/><E24/><V6/><F74/><W44/><G105/><T12/><D12/><U30/><E30/><V23/><F134/><W38/><G38/><T20/><D20/><U62/><E62/><V33/><F33/><W82/><G82/><T89/><D89/><U119/><E119/><V106/><F106/><W51/><G99/><T130/><D130/><U72/><E72/><V122/><F122/><W100/><G100/><T5/><D73/><U95/><E95/><V91/><F54/><W53/><G51/><T37/><D37/><U110/><E110/><V85/><F6/><W17/><G15/><T75/><D109/><U28/><E28/><AGARI ba="1,0" hai="13,19,22,23,27,28,46,48,55,77,78,85,91,93" machi="28" ten="30,2000,0" yaku="7,1,8,1" doraHai="65" who="2" fromWho="1" sc="355,0,150,-23,159,23,336,0" owari="355,45.5,127,-37.3,182,-21.8,336,13.6" /></mjloggm>