<mjloggm ver="2.3"><GO type="169" lobby="0"/><UN n0="%E9%9B%B2%E3%81%AE%E3%83%95%E3%83%89%E3%82%A6" n1="%E3%81%AD%E3%81%93%E3%81%AB%E3%82%83%E3%82%93" n2="%E3%83%A2%E3%83%AD%E3%83%98%E3%82%A4%E3%83%A4" n3="%E3%83%8F%E3%82%BA%E3%83%AC" dan="16,16,16,17" rate="2091.98,2148.02,2158.56,2194.55" sx="M,F,M,M"/><TAIKYOKU oya="0"/><INIT seed="0,0,0,5,4,100" ten="250,250,250,250" oya="0" hai0="35,9,69,37,24,102,1,73,129,22,112,3,7" hai1="134,107,78,12,99,70,29,8,106,94,58,131,36" hai2="51,45,119,31,48,122,88,17,92,91,115,60,117" hai3="19,85,65,114,108,97,15,32,127,125,0,66,71"/><T105/><D37/><U113/><E70/><V98/><F115/><W103/><G32/><T38/><D112/><U43/><E113/><V132/><F122/><W10/><G114/><T133/><D133/><U86/><E29/><V57/><F132/><W5/><G85/><T95/><D95/><U93/><E134/><V53/><F31/><W75/><G75/><T30/><D22/><U81/><E94/><V14/><F91/><W28/><G28/><T84/><D84/><U39/><E131/><V21/><REACH who="2" step="1"/><F51/><REACH who="2" ten="250,250,240,250" step="2"/><W55/><G127/><T54/><D129/><U111/><E39/><V26/><F26/><W128/><G125/><T67/><D38/><U20/><E36/><V124/><F124/><W63/><G128/><T82/><D54/><AGARI ba="0,1" hai="14,17,21,45,48,53,54,57,60,88,92,98,117,119" machi="54" ten="40,5200,0" yaku="1,1,54,1,53,1" doraHai="100" doraHaiUra="90" who="2" fromWho="0" sc="250,-52,250,0,240,62,250,0" /><INIT seed="1,0,0,3,3,57" ten="198,250,302,250" oya="1" hai0="94,35,43,84,5,12,86,99,118,107,64,20,91" hai1="79,0,83,114,115,98,47,77,127,129,103,62,4" hai2="67,109,131,7,120,13,117,74,112,30,122,90,110" hai3="24,102,126,100,14,45,27,78,123,65,15,51,53"/><U19/><E129/><V71/><F74/><W18/><G123/><T29/><D118/><U80/><E127/><V97/><F90/><W69/><G126/><T124/><D124/><U26/><E47/><V21/><F97/><W59/><G78/><T28/><D35/><U119/><E119/><V81/><F81/><W32/><G69/><T87/><D107/><U101/><E0/><V134/><F117/><W23/><G14/><T54/><D43/><U95/><E4/><V93/><F93/><W132/><G132/><T22/><D5/><U96/><E26/><N who="3" m="9770" /><G32/><T55/><D64/><U76/><E19/><N who="2" m="10479" /><F67/><W60/><AGARI ba="0,0" hai="15,18,23,45,51,53,59,60,65,100,102" m="9770" machi="60" ten="30,2000,0" yaku="8,1,52,1" doraHai="57" who="3" fromWho="3" sc="198,-5,250,-10,302,-5,250,20" /><INIT seed="2,0,0,2,3,54" ten="193,240,297,270" oya="2" hai0="76,75,48,126,42,7,49,77,103,35,56,13,109" hai1="102,69,10,108,101,117,1,12,9,47,21,63,53" hai2="43,46,67,66,121,0,52,100,114,28,83,128,68" hai3="91,6,25,70,110,89,99,95,29,105,11,57,45"/><V124/><F0/><W24/><G70/><T60/><D109/><U96/><E108/><V80/><F114/><W107/><G110/><T71/><D126/><U64/><E117/><V32/><F121/><W8/><G8/><T31/><D71/><U132/><E132/><V73/><F124/><W4/><G4/><T82/><D103/><U39/><E102/><V23/><F32/><W38/><G89/><T116/><D116/><U27/><E1/><V2/><F2/><W93/><G93/><T78/><D35/><U36/><E10/><V17/><F28/><W33/><G25/><T127/><D127/><U113/><E53/><V18/><F128/><W122/><G122/><T44/><D31/><U79/><E47/><V74/><F100/><W115/><G115/><T3/><D3/><U98/><E98/><V41/><F68/><W15/><REACH who="3" step="1"/><G57/><REACH who="3" ten="193,240,297,260" step="2"/><T134/><D134/><U81/><E113/><V86/><F83/><W112/><G112/><T85/><D75/><U129/><E81/><V65/><F80/><W59/><G59/><T97/><D97/><U120/><E120/><V88/><F74/><W133/><G133/><T111/><D111/><U58/><E69/><V26/><F73/><W118/><G118/><T51/><D77/><U20/><E79/><V34/><F88/><W125/><G125/><T106/><D76/><U50/><E96/><V90/><F90/><W119/><G119/><T92/><D92/><U16/><E101/><V84/><F84/><W123/><G123/><T130/><D78/><U131/><E27/><N who="2" m="14831" /><F86/><W5/><G5/><T72/><D7/><RYUUKYOKU ba="0,1" sc="193,-10,240,-10,297,-10,260,30" hai3="6,11,15,24,29,33,38,45,91,95,99,105,107" /><INIT seed="3,1,1,4,5,54" ten="183,230,287,290" oya="3" hai0="31,41,117,52,94,1,44,45,59,18,133,4,98" hai1="6,40,108,79,93,19,126,99,48,12,7,111,78" hai2="49,122,22,33,106,5,34,72,15,68,124,130,39" hai3="35,97,70,100,82,20,3,66,118,125,51,127,38"/><W73/><G35/><T16/><D117/><U9/><E126/><N who="3" m="48138" /><G118/><T104/><D104/><U57/><E40/><V28/><F39/><W46/><G38/><T121/><D121/><U29/><E29/><V109/><F72/><W42/><G3/><T76/><D133/><U81/><E108/><V87/><F68/><W129/><G129/><T30/><D1/><U123/><E111/><V69/><F69/><W47/><G47/><N who="0" m="17995" /><D41/><U115/><E115/><V26/><F106/><N who="3" m="63759" /><G20/><T77/><D4/><U36/><E36/><V11/><F5/><N who="1" m="1545" /><E81/><V88/><F22/><W62/><G82/><T56/><D56/><U17/><E17/><N who="0" m="6761" /><D31/><U63/><E48/><V65/><F49/><W2/><G2/><T90/><D30/><U32/><E32/><V101/><F28/><W67/><G67/><T119/><D119/><U103/><E123/><V80/><F65/><AGARI ba="1,1" hai="9,12,19,57,63,65,78,79,93,99,103" m="1545" machi="65" ten="30,2000,0" yaku="8,1,52,1" doraHai="54" who="1" fromWho="2" sc="183,0,230,33,287,-23,290,0" /><INIT seed="4,0,0,2,0,70" ten="183,263,264,290" oya="0" hai0="27,46,41,34,111,64,112,62,72,92,89,32,33" hai1="69,85,21,3,129,124,18,39,20,49,53,93,24" hai2="78,13,82,109,101,29,74,128,58,31,15,35,103" hai3="17,67,51,80,91,73,22,116,95,55,6,37,2"/><T97/><D112/><U119/><E69/><V123/><F109/><W132/><G132/><T100/><D111/><U81/><E3/><V11/><F123/><W71/><G116/><T77/><D27/><U113/><E119/><V130/><F15/><W12/><G37/><T68/><D77/><U60/><E60/><V63/><F101/><W61/><G73/><T122/><D72/><U30/><E113/><V102/><F103/><W131/><G131/><N who="2" m="50217" /><F102/><W19/><G19/><T45/><D122/><U4/><E4/><N who="2" m="3303" /><F35/><W108/><G108/><T38/><D46/><U44/><E93/><V8/><F8/><W65/><G6/><T114/><D114/><U104/><E104/><V59/><F59/><W50/><G2/><T52/><REACH who="0" step="1"/><D100/><REACH who="0" ten="173,263,264,290" step="2"/><U57/><E44/><V10/><F74/><W86/><G91/><T66/><D66/><U54/><E24/><V56/><F78/><W110/><G67/><T14/><D14/><U0/><E129/><V118/><F118/><W16/><G110/><T107/><D107/><U79/><E79/><V75/><F75/><W9/><G65/><T125/><D125/><U47/><E124/><V25/><F25/><W87/><G12/><T98/><D98/><U84/><E47/><V83/><F31/><W28/><G28/><T99/><D99/><U126/><E30/><V23/><F29/><W43/><G86/><T134/><D134/><U106/><E85/><V135/><F135/><W94/><G87/><T42/><D42/><U40/><E84/><V1/><F1/><W36/><G43/><T121/><D121/><U117/><E40/><RYUUKYOKU ba="0,1" sc="173,30,263,-10,264,-10,290,-10" hai0="32,33,34,38,41,45,52,62,64,68,89,92,97" /><INIT seed="4,1,1,3,2,22" ten="203,253,254,280" oya="0" hai0="98,48,56,23,71,38,72,62,9,3,8,112,34" hai1="109,92,99,53,117,131,39,85,54,15,47,2,61" hai2="44,55,107,90,13,95,59,119,94,27,57,105,50" hai3="33,24,130,43,60,37,88,0,135,58,100,40,1"/><T41/><D34/><U63/><E2/><V86/><F119/><W127/><G127/><T116/><D116/><U108/><E117/><V6/><F107/><W42/><G135/><T5/><D72/><U125/><E85/><V115/><F105/><W82/><G130/><T65/><D9/><U121/><E15/><V20/><F115/><W76/><G37/><T91/><D112/><U110/><E92/><V133/><F133/><W52/><G100/><T51/><D23/><U74/><E99/><V14/><F95/><W7/><G7/><T35/><D35/><U80/><E80/><V4/><F14/><W79/><G79/><T77/><D77/><U132/><E74/><V32/><F32/><W111/><G111/><T36/><D51/><U83/><E83/><V122/><F122/><W12/><G12/><T118/><D118/><U11/><E11/><N who="2" m="4327" /><F6/><W64/><G64/><T78/><D78/><U30/><E132/><V126/><F126/><W67/><G67/><T45/><REACH who="0" step="1"/><D71/><REACH who="0" ten="193,253,254,280" step="2"/><U87/><E110/><V46/><F46/><W10/><G10/><T75/><D75/><U129/><E47/><V102/><F102/><W17/><G33/><T101/><D101/><U49/><E109/><V28/><AGARI ba="1,2" hai="20,27,28,44,50,55,57,59,86,90,94" m="4327" machi="28" ten="30,2000,0" yaku="8,1,52,1" doraHai="22" who="2" fromWho="2" sc="193,-11,253,-6,254,43,280,-6" /><INIT seed="5,0,0,4,3,83" ten="182,247,297,274" oya="1" hai0="105,63,97,7,43,1,54,17,29,99,28,122,132" hai1="19,56,57,73,66,104,95,91,80,119,90,40,68" hai2="120,116,30,9,26,33,48,2,3,79,64,42,44" hai3="108,51,100,22,109,81,69,59,125,32,37,39,31"/><U128/><E104/><V118/><F120/><W130/><G69/><T47/><D122/><U12/><E119/><V55/><F64/><W21/><G32/><T101/><D132/><U113/><E128/><V84/><F3/><W62/><G130/><T115/><D115/><U111/><E113/><V61/><F2/><W41/><G100/><T74/><D74/><U103/><E111/><V45/><F9/><W134/><G134/><T16/><D97/><U72/><E103/><V15/><F15/><W23/><G31/><T52/><D29/><U60/><E40/><V36/><F61/><W0/><G0/><T35/><D1/><U11/><E73/><V5/><F5/><W89/><G51/><T96/><D96/><U18/><E18/><V34/><F34/><W53/><G125/><T4/><D4/><U106/><E106/><V49/><F36/><W88/><G89/><T50/><D7/><U110/><E110/><V131/><F131/><W112/><G112/><T135/><D135/><U77/><REACH who="1" step="1"/><E91/><REACH who="1" ten="182,237,297,274" step="2"/><V93/><F79/><W76/><G88/><T67/><D17/><U70/><E70/><V8/><F118/><W127/><G127/><T86/><D16/><U129/><E129/><V124/><F116/><W38/><REACH who="3" step="1"/><G41/><REACH who="3" ten="182,237,297,264" step="2"/><T24/><REACH who="0" step="1"/><D86/><AGARI ba="0,2" hai="11,12,19,56,57,60,66,68,72,77,80,86,90,95" machi="86" ten="30,11600,0" yaku="1,1,7,1,52,1,53,1" doraHai="83" doraHaiUra="6" who="1" fromWho="0" sc="182,-116,237,136,297,0,264,0" /><AGARI ba="0,0" hai="21,22,23,37,38,39,53,59,62,76,81,86,108,109" machi="86" ten="50,6400,0" yaku="1,1,2,1,52,1,53,0" doraHai="83" doraHaiUra="6" who="3" fromWho="0" sc="66,-64,373,0,297,0,264,64" /><INIT seed="5,1,0,1,1,130" ten="2,373,297,328" oya="1" hai0="128,15,84,132,87,39,58,99,94,91,66,6,30" hai1="24,13,10,107,75,90,79,9,61,21,126,12,16" hai2="73,0,85,89,26,74,102,29,134,46,37,59,71" hai3="28,127,101,97,96,2,27,22,56,111,78,34,1"/><U103/><E126/><V69/><F0/><W93/><G111/><T135/><D128/><U83/><E107/><V63/><F102/><W20/><G127/><T81/><D39/><U52/><E103/><V44/><F74/><W45/><G78/><T35/><D30/><U38/><E38/><V124/><F73/><W64/><G45/><T11/><D35/><U53/><E90/><V54/><F124/><W50/><G96/><T131/><D131/><U133/><E133/><N who="0" m="51273" /><D81/><U123/><E123/><V7/><F7/><W82/><G82/><T32/><D32/><U100/><E100/><V77/><F77/><W17/><G34/><T88/><D91/><U42/><E42/><V116/><F116/><W25/><REACH who="3" step="1"/><G50/><REACH who="3" ten="2,373,297,318" step="2"/><T109/><D109/><U3/><E61/><AGARI ba="1,1" hai="1,2,17,20,22,25,27,28,56,61,64,93,97,101" machi="61" ten="40,12000,2" yaku="1,1,2,1,25,2,53,2" doraHai="130" doraHaiUra="19" who="3" fromWho="1" sc="2,0,373,-123,297,0,318,133" /><AGARI ba="1,0" hai="6,11,15,58,61,66,84,87,88,94,99" m="51273" machi="61" ten="30,8000,1" yaku="20,1,52,3,54,1" doraHai="130" who="0" fromWho="1" sc="2,80,250,-80,297,0,451,0" /><INIT seed="6,0,0,2,1,96" ten="82,170,297,451" oya="2" hai0="82,63,74,41,108,7,10,104,24,58,113,119,123" hai1="133,81,46,48,106,28,135,122,69,6,0,53,80" hai2="44,4,55,8,100,12,66,124,99,132,67,92,34" hai3="11,101,126,97,20,54,121,21,128,64,51,109,42"/><V86/><F34/><W40/><G109/><T77/><D123/><U75/><E69/><V29/><F29/><W70/><G121/><T2/><D108/><U79/><E122/><V50/><F132/><W131/><G126/><T52/><D113/><U68/><E68/><V90/><REACH who="2" step="1"/><F124/><REACH who="2" ten="82,170,287,451" step="2"/><W19/><G128/><T35/><D119/><U91/><E28/><V95/><AGARI ba="0,1" hai="4,8,12,44,50,55,66,67,86,90,92,95,99,100" machi="95" ten="20,24000,3" yaku="1,1,2,1,0,1,7,1,8,1,52,1,53,2" doraHai="96" doraHaiUra="89" who="2" fromWho="2" sc="82,-80,170,-80,287,250,451,-80" /><INIT seed="6,1,0,2,0,41" ten="2,90,537,371" oya="2" hai0="125,104,82,69,51,65,42,14,20,111,28,60,39" hai1="0,11,19,78,122,95,117,105,80,106,34,88,92" hai2="44,112,29,118,84,75,36,9,40,127,126,57,113" hai3="107,43,124,132,35,50,87,98,4,67,12,115,54"/><V79/><F118/><W15/><G115/><N who="2" m="44105" /><F84/><W90/><G124/><N who="2" m="47657" /><F29/><W49/><G132/><T55/><D111/><U91/><E34/><V32/><F32/><W52/><G35/><T73/><D125/><U128/><E19/><V23/><F23/><W68/><G68/><T8/><D104/><U72/><E11/><V2/><F57/><W6/><G67/><T5/><D82/><U121/><E0/><V108/><F108/><W102/><G43/><T59/><D73/><U10/><E10/><V71/><F71/><W93/><G6/><T133/><D133/><U1/><E1/><V7/><F79/><W33/><G33/><T129/><D129/><U45/><E128/><V86/><F86/><W77/><G77/><T97/><D97/><U114/><E78/><V48/><F48/><W110/><G110/><T47/><D20/><U103/><E114/><V22/><F22/><W37/><G37/><T13/><D28/><U89/><E117/><V27/><F27/><W76/><G76/><T101/><D101/><U26/><E103/><V135/><F135/><W25/><G25/><T100/><D100/><U74/><E26/><V61/><F61/><W3/><G3/><AGARI ba="1,0" hai="3,5,8,13,14,39,42,47,51,55,59,60,65,69" machi="3" ten="30,7700,0" yaku="7,1,24,2,52,1" doraHai="41" who="0" fromWho="3" sc="2,80,90,0,537,0,371,-80" /><INIT seed="7,0,0,2,2,38" ten="82,90,537,291" oya="3" hai0="87,2,27,19,41,33,123,96,126,90,29,55,40" hai1="64,109,124,127,80,14,81,3,108,102,122,134,112" hai2="67,69,22,79,115,91,110,54,95,5,135,13,92" hai3="0,45,34,23,101,44,30,12,131,72,52,104,105"/><W66/><G0/><T49/><D123/><U97/><E3/><V113/><F110/><W71/><G131/><T11/><D96/><U117/><E64/><V47/><F79/><W17/><G72/><T114/><D126/><N who="1" m="48171" /><E122/><V121/><F121/><W94/><G104/><T84/><D114/><U86/><E112/><V77/><F77/><W51/><G105/><T93/><D84/><U36/><E36/><V58/><F47/><W21/><G34/><T61/><D61/><U24/><E117/><V129/><F67/><W106/><G106/><T82/><D93/><N who="1" m="58671" /><E134/><V60/><F69/><W88/><G101/><T37/><D37/><U35/><E14/><V50/><F60/><W4/><G4/><T68/><D68/><U119/><E119/><V10/><F135/><W76/><G76/><T73/><D73/><U26/><E81/><V62/><F62/><W78/><G78/><T133/><D133/><U98/><E98/><V132/><F132/><W48/><G71/><T6/><D19/><U111/><E35/><V128/><F95/><W65/><G30/><T120/><D120/><U100/><E100/><V75/><F75/><W7/><G7/><T83/><D82/><U53/><E53/><V56/><F56/><AGARI ba="0,0" hai="2,6,11,27,29,33,40,41,49,55,56,83,87,90" machi="56" ten="30,3900,0" yaku="7,1,52,2" doraHai="38" who="0" fromWho="2" sc="82,39,90,0,537,-39,291,0" owari="121,-27.9,90,-41.0,498,59.8,291,9.1" /></mjloggm>