<mjloggm ver="2.3"><GO type="169" lobby="0"/><UN n0="%E5%A4%A9%E5%AE%89%E9%96%80%E5%BF%98%E5%8D%B4" n1="%41%6E%73%6F%6E%4C%61%6D" n2="%53%69%6C%65%6E%54" n3="%E8%8D%92%E6%9C%A8%E6%AF%94%E5%A5%88" dan="16,16,16,16" rate="2053.35,2110.33,2157.96,2162.34" sx="M,M,F,F"/><TAIKYOKU oya="0"/><INIT seed="0,0,0,3,1,73" ten="250,250,250,250" oya="0" hai0="2,95,69,0,29,98,1,88,96,114,48,78,103" hai1="92,117,44,64,10,83,94,24,27,16,90,67,91" hai2="28,25,17,30,123,35,60,7,5,76,82,81,23" hai3="63,129,113,134,37,22,130,110,126,55,58,11,135"/><T93/><D114/><U34/><E117/><V52/><F123/><W102/><G102/><T57/><D69/><U46/><E34/><V70/><F81/><W42/><G11/><T49/><D29/><U65/><E83/><V128/><F128/><N who="3" m="49259" /><G22/><T80/><REACH who="0" step="1"/><D57/><REACH who="0" ten="240,250,250,250" step="2"/><U40/><E40/><V8/><F70/><W3/><G113/><T53/><D53/><U31/><E31/><V127/><F30/><W62/><G3/><T97/><D97/><U107/><E67/><V87/><F35/><W133/><G126/><T124/><D124/><U89/><E65/><V47/><F127/><W79/><G110/><T75/><AGARI ba="0,1" hai="0,1,2,48,49,75,78,80,88,93,95,96,98,103" machi="75" ten="30,11700,0" yaku="1,1,0,1,52,1,54,1,53,0" doraHai="73" doraHaiUra="19" who="0" fromWho="0" sc="240,127,250,-39,250,-39,250,-39" /><INIT seed="0,1,0,5,3,104" ten="367,211,211,211" oya="0" hai0="9,54,97,21,120,11,18,132,14,98,118,23,53" hai1="29,24,22,87,74,106,58,129,108,93,80,127,134" hai2="8,107,43,49,52,48,133,102,65,61,117,68,95" hai3="20,63,69,47,109,15,83,119,79,131,17,44,42"/><T77/><D118/><U0/><E108/><V125/><F117/><W100/><G119/><T12/><D120/><U41/><E127/><V116/><F116/><W70/><G109/><T105/><D132/><U32/><E106/><V7/><F125/><W110/><G110/><T35/><D35/><U30/><E134/><V115/><F115/><W99/><G131/><T40/><D105/><U103/><E129/><V135/><F43/><W56/><G70/><T2/><D2/><U46/><E0/><V6/><F6/><W75/><G69/><T4/><D40/><U31/><E58/><V36/><F36/><W55/><REACH who="3" step="1"/><G42/><REACH who="3" ten="367,211,211,201" step="2"/><T13/><D9/><U113/><E41/><V122/><F68/><W51/><G51/><T85/><D11/><U73/><E113/><V92/><F49/><W64/><G64/><T123/><D123/><U112/><E112/><V39/><F65/><W5/><G5/><T111/><D4/><U67/><E67/><V26/><F8/><W91/><G91/><T28/><D111/><U27/><E31/><V94/><F7/><W88/><G88/><T34/><D28/><U57/><E57/><V60/><F122/><W82/><G82/><T25/><D54/><U86/><E46/><V81/><F135/><W62/><G62/><T89/><D53/><U10/><E10/><V66/><F61/><W128/><G128/><T90/><D90/><U114/><E114/><V72/><F133/><W84/><G84/><N who="1" m="32298" /><E80/><V3/><F81/><W130/><G130/><T121/><D121/><U59/><E59/><N who="2" m="33159" /><F66/><W38/><G38/><T1/><D89/><RYUUKYOKU ba="1,1" sc="367,-15,211,15,211,-15,201,15" hai1="22,24,27,29,30,32,73,74,93,103" hai3="15,17,20,44,47,55,56,63,75,79,83,99,100" /><INIT seed="1,2,1,0,0,86" ten="352,226,196,216" oya="1" hai0="102,107,111,82,95,115,5,67,89,49,65,109,8" hai1="54,12,46,91,43,56,116,134,133,132,15,122,33" hai2="21,93,40,45,48,9,10,22,99,29,61,64,103" hai3="121,72,100,39,112,3,69,113,114,37,110,75,6"/><U11/><E116/><V88/><F103/><W119/><G100/><T1/><D115/><U131/><E122/><V35/><F35/><W0/><G6/><T25/><D82/><U19/><E131/><V38/><F38/><N who="3" m="14347" /><G121/><T60/><D107/><U135/><E33/><V59/><REACH who="2" step="1"/><F29/><REACH who="2" ten="352,226,186,216" step="2"/><W70/><G119/><T18/><D102/><U41/><E132/><V66/><F66/><W28/><G28/><T62/><D67/><U17/><E133/><V73/><F73/><N who="3" m="28235" /><G110/><T36/><D111/><U77/><E134/><V84/><F84/><W79/><G79/><T128/><D65/><U34/><E77/><V55/><F55/><W14/><G14/><T2/><D109/><U118/><E34/><V126/><F126/><W120/><G120/><T98/><D1/><AGARI ba="2,2" hai="0,1,3,69,70,112,113,114" m="28235,14347" machi="1" ten="40,12000,2" yaku="28,2,26,2,31,2" doraHai="86" who="3" fromWho="0" sc="352,-126,226,0,186,0,216,146" /><INIT seed="2,0,0,5,0,109" ten="226,226,186,362" oya="2" hai0="93,65,80,56,20,118,33,39,54,94,38,62,2" hai1="74,42,60,72,27,78,120,100,55,44,66,87,131" hai2="57,96,112,106,92,21,105,22,1,85,81,133,47" hai3="14,63,24,6,82,90,30,115,8,122,99,103,73"/><V37/><F1/><W36/><G122/><T77/><D33/><U64/><E131/><V75/><F133/><W107/><G36/><T3/><D118/><U97/><E120/><V58/><F75/><W9/><G115/><T101/><D38/><U134/><E134/><V116/><F116/><W49/><G49/><T48/><D39/><U91/><E27/><V4/><F4/><W119/><G119/><T31/><D3/><U125/><E125/><V5/><F5/><W126/><G126/><T111/><D2/><U45/><E91/><V95/><F47/><W79/><G63/><T18/><D31/><U25/><E87/><V41/><F41/><W13/><G90/><T53/><D101/><U88/><E88/><N who="2" m="51247" /><F37/><W129/><G129/><T128/><D128/><U67/><E42/><V110/><F112/><W28/><REACH who="3" step="1"/><G24/><REACH who="3" ten="226,226,186,352" step="2"/><T52/><D48/><U121/><E25/><V135/><F135/><W11/><G11/><T40/><D40/><U68/><E121/><V89/><F89/><W130/><G130/><T16/><D111/><U29/><E60/><V12/><F110/><W102/><G102/><T71/><D71/><U51/><E100/><V84/><F106/><W127/><G127/><T123/><D123/><U61/><E61/><V59/><F105/><W124/><G124/><T86/><REACH who="0" step="1"/><D18/><AGARI ba="0,1" hai="6,8,9,13,14,18,28,30,73,79,82,99,103,107" machi="18" ten="30,2000,0" yaku="1,1,7,1,53,0" doraHai="109" doraHaiUra="46" who="3" fromWho="0" sc="226,-20,226,0,186,0,352,30" /><INIT seed="3,0,0,4,2,69" ten="206,226,186,382" oya="3" hai0="58,105,122,107,85,83,93,14,121,130,99,106,135" hai1="8,117,7,59,104,119,22,111,79,110,61,4,10" hai2="68,129,74,87,101,131,70,112,95,72,57,55,47" hai3="15,77,115,41,98,94,78,1,88,125,43,71,48"/><W84/><G1/><T25/><D25/><U12/><E79/><V5/><F112/><W38/><G115/><T28/><D28/><U81/><E81/><V20/><F5/><N who="1" m="2121" /><E104/><V27/><F47/><W30/><G71/><T35/><D35/><U133/><E61/><V86/><F70/><W11/><G30/><T37/><D37/><U3/><E59/><V65/><F65/><W90/><G38/><T42/><D42/><N who="3" m="15881" /><G125/><T62/><D130/><U17/><E133/><V39/><F39/><W113/><G48/><T114/><D135/><U116/><E3/><V92/><F68/><W102/><G102/><T36/><D36/><U126/><E126/><V23/><F101/><W124/><G113/><T32/><D106/><U80/><E80/><V66/><F66/><W64/><G64/><T56/><D105/><U97/><E97/><V67/><F67/><W89/><G124/><T127/><D107/><U19/><E19/><V34/><F129/><W21/><G21/><T50/><D114/><U82/><E82/><V63/><F23/><W54/><G54/><T73/><D83/><U40/><E40/><V53/><F131/><W118/><G118/><N who="1" m="30210" /><U109/><AGARI ba="0,0" hai="8,10,12,17,22,109,110,111" m="30210,2121" machi="109" ten="50,8000,1" yaku="4,1,14,1,12,1,34,2" doraHai="69" who="1" fromWho="1" sc="206,-20,226,80,186,-20,382,-40" /><INIT seed="4,0,0,4,2,0" ten="186,306,166,342" oya="0" hai0="111,122,59,68,57,87,109,2,103,77,52,84,99" hai1="128,83,96,135,63,107,61,95,112,71,131,31,76" hai2="134,37,93,132,40,114,123,9,58,70,91,117,69" hai3="33,29,89,42,100,14,15,45,126,98,1,75,4"/><T21/><D122/><U20/><E135/><N who="2" m="51755" /><F123/><W97/><G75/><T39/><D68/><U27/><E112/><V10/><F114/><W3/><G126/><T102/><D39/><U130/><E107/><V104/><F104/><W6/><G89/><T118/><D2/><U32/><E32/><V101/><F101/><N who="0" m="38410" /><D99/><U62/><E71/><V17/><F117/><W19/><G33/><T8/><D8/><U120/><E120/><V86/><F9/><W85/><G85/><N who="0" m="32843" /><D77/><U125/><E125/><V74/><F70/><W65/><G100/><T64/><D118/><U53/><E96/><V78/><F69/><W22/><G97/><T92/><D92/><U79/><E95/><V94/><F93/><W106/><G98/><T129/><D129/><U46/><E83/><N who="2" m="45527" /><F37/><W127/><G106/><T72/><D72/><U116/><E116/><V115/><F115/><W35/><G127/><T54/><D21/><U60/><N who="1" m="15360" /><DORA hai="121" /><U12/><REACH who="1" step="1"/><E12/><REACH who="1" ten="186,296,166,342" step="2"/><V67/><F94/><W110/><G14/><T51/><D64/><U119/><E119/><V16/><F67/><W11/><G65/><T5/><D111/><U38/><E38/><V113/><F113/><W133/><G133/><T41/><D109/><U73/><E73/><V49/><F91/><W105/><G105/><T56/><D5/><N who="3" m="2153" /><G110/><T26/><D26/><U47/><E47/><AGARI ba="0,1" hai="41,47,51,52,54,56,57,59" m="32843,38410" machi="47" ten="30,2900,0" yaku="8,1,54,1" doraHai="0,121" who="0" fromWho="1" sc="186,39,296,-29,166,0,342,0" /><INIT seed="4,1,0,5,2,60" ten="225,267,166,342" oya="0" hai0="124,21,129,77,105,91,17,72,94,22,16,134,118" hai1="79,23,127,69,67,86,85,34,97,14,109,7,38" hai2="15,71,32,5,126,0,106,89,48,103,65,8,10" hai3="53,56,3,82,44,78,27,37,93,59,4,96,55"/><T54/><D118/><U25/><E109/><V39/><F39/><W49/><G37/><T45/><D105/><U111/><E127/><V83/><F126/><W101/><G27/><T57/><D124/><U13/><E111/><V74/><F32/><W107/><G107/><T29/><D129/><U68/><E38/><V70/><F103/><W123/><G123/><T80/><D45/><U133/><E133/><V31/><F31/><W18/><G18/><T1/><D1/><U114/><E114/><V99/><F106/><W35/><G35/><T117/><D134/><U73/><E73/><V130/><F130/><W46/><G4/><T66/><D66/><U24/><E34/><V115/><F115/><W52/><G53/><T131/><D117/><U88/><E69/><V63/><F74/><W104/><G104/><T92/><D92/><U112/><E112/><V110/><F110/><W121/><G3/><T120/><D120/><U41/><E41/><V30/><F30/><W64/><G64/><T28/><D21/><U81/><E97/><V51/><F71/><W90/><G101/><T102/><D102/><U100/><E100/><V135/><F135/><W58/><G121/><T128/><D128/><U116/><E116/><V20/><F20/><W42/><G44/><T125/><D125/><U108/><E108/><V47/><F47/><W61/><G42/><T50/><D131/><U12/><E67/><V113/><F113/><W62/><G62/><T132/><D132/><U6/><E68/><V2/><F83/><W19/><G19/><N who="0" m="7243" /><D22/><U43/><E23/><V40/><F0/><RYUUKYOKU ba="1,0" sc="225,15,267,-15,166,-15,342,15" hai0="28,29,50,54,57,72,77,80,91,94" hai3="46,49,52,55,56,58,59,61,78,82,90,93,96" /><INIT seed="4,2,0,4,0,66" ten="240,252,151,357" oya="0" hai0="124,86,7,31,57,134,17,58,39,101,74,10,128" hai1="106,95,79,38,100,12,81,85,130,96,22,110,49" hai2="8,133,93,114,126,75,44,3,77,63,119,26,70" hai3="48,6,123,23,92,98,25,50,18,121,61,46,87"/><T115/><D74/><U69/><E110/><V72/><F119/><W76/><G6/><T15/><D115/><U16/><E130/><V45/><F114/><W116/><G116/><T89/><D128/><U83/><E38/><V104/><F104/><W113/><G113/><T88/><D134/><U40/><E69/><V135/><F93/><W32/><G32/><T125/><D39/><U14/><E106/><V55/><F55/><W120/><G61/><T64/><D101/><U99/><E99/><V71/><F126/><N who="0" m="48746" /><D31/><U0/><E0/><V73/><F77/><W35/><G35/><T30/><D30/><U82/><REACH who="1" step="1"/><E12/><REACH who="1" ten="240,242,151,357" step="2"/><V117/><F117/><W132/><G132/><T122/><D122/><U33/><E33/><V37/><F37/><W108/><G108/><T109/><D109/><U19/><E19/><V94/><F135/><W20/><G18/><T11/><D64/><U53/><E53/><V78/><F133/><W105/><G105/><T5/><D17/><U90/><E90/><N who="0" m="34921" /><D86/><U2/><E2/><AGARI ba="2,1" hai="2,5,7,10,11,15,57,58" m="34921,48746" machi="2" ten="30,2900,0" yaku="18,1,54,1" doraHai="66" who="0" fromWho="1" sc="240,45,242,-35,151,0,357,0" /><INIT seed="4,3,0,1,4,43" ten="285,207,151,357" oya="0" hai0="58,51,59,119,68,24,9,41,113,6,131,133,127" hai1="37,60,134,109,2,35,81,11,80,117,96,3,27" hai2="23,8,128,92,28,91,5,72,29,33,4,36,65" hai3="15,88,66,103,83,55,52,0,78,12,118,42,115"/><T107/><D107/><U121/><E109/><V25/><F72/><W94/><G118/><T95/><D119/><U26/><E117/><V76/><F76/><W16/><G0/><T122/><D68/><U22/><E121/><V105/><F105/><W69/><G103/><T126/><D122/><U34/><E37/><V89/><F128/><W106/><G106/><T32/><D113/><U75/><E134/><V124/><F124/><N who="0" m="47658" /><D95/><U112/><E112/><V61/><F36/><W84/><G42/><T73/><D73/><U86/><E75/><V39/><F39/><W99/><G12/><T98/><D98/><U49/><E60/><V74/><F74/><W120/><G115/><T79/><D79/><U123/><E123/><V85/><F91/><W53/><G120/><T129/><D133/><U111/><E111/><V116/><F116/><W56/><G69/><T17/><D41/><U48/><E96/><V14/><F33/><W101/><G66/><T64/><D64/><U13/><E86/><V104/><F104/><W97/><G101/><T110/><D110/><U63/><E81/><V40/><F40/><W44/><G44/><T62/><D62/><U82/><E63/><V54/><F65/><W21/><G97/><T46/><D32/><U50/><E35/><V93/><F93/><W135/><G135/><T71/><D129/><U7/><E34/><V1/><F61/><AGARI ba="3,0" hai="15,16,21,52,53,55,56,61,78,83,84,88,94,99" machi="61" ten="30,8000,1" yaku="7,1,8,1,54,3" doraHai="43" who="3" fromWho="2" sc="285,0,207,0,151,-89,357,89" /><INIT seed="5,0,0,2,3,37" ten="285,207,62,446" oya="1" hai0="92,115,61,60,25,65,20,117,27,53,59,14,78" hai1="0,48,125,130,73,42,28,95,127,94,66,72,24" hai2="33,86,69,135,62,70,56,87,131,83,71,74,108" hai3="96,11,23,55,132,47,93,39,19,134,4,113,100"/><U112/><E112/><V109/><F33/><W49/><G39/><T8/><D117/><U5/><E130/><V38/><F131/><W79/><G79/><T84/><D115/><U114/><E114/><V99/><F135/><N who="3" m="51755" /><G113/><T97/><D84/><U101/><E66/><V103/><F38/><W89/><G23/><T64/><D78/><U126/><E0/><V77/><F87/><W12/><G100/><T123/><D123/><U133/><E5/><AGARI ba="0,0" hai="4,5,11,12,19,47,49,55,89,93,96" m="51755" machi="5" ten="30,1000,0" yaku="20,1" doraHai="37" who="3" fromWho="1" sc="285,0,207,-10,62,0,446,10" /><INIT seed="6,0,0,2,2,120" ten="285,197,62,456" oya="2" hai0="52,20,135,69,44,63,101,62,46,96,85,76,90" hai1="43,28,37,65,108,58,4,99,132,91,56,14,49" hai2="130,93,7,13,55,70,16,109,53,92,107,94,41" hai3="122,40,47,71,100,26,121,39,79,64,134,1,32"/><V105/><F70/><W48/><G134/><T124/><D135/><U33/><E132/><V127/><F127/><W116/><G116/><T29/><D76/><U111/><E37/><V98/><F130/><W123/><G100/><T114/><D114/><U24/><E4/><V115/><F115/><W9/><G79/><T2/><D2/><U113/><E113/><V18/><F41/><W89/><G89/><T38/><D38/><U66/><E14/><V31/><F31/><N who="3" m="19575" /><G48/><N who="0" m="28679" /><D46/><U25/><E25/><V54/><F109/><W34/><G34/><T60/><D69/><U106/><E66/><V81/><F81/><W80/><G80/><N who="0" m="49447" /><D124/><U42/><E42/><V23/><F7/><N who="3" m="1263" /><G121/><T17/><D29/><U15/><E15/><V68/><F68/><W61/><AGARI ba="0,0" hai="39,40,47,61,64,71,122,123" m="1263,19575" machi="61" ten="30,1100,0" yaku="23,1" doraHai="120" who="3" fromWho="3" sc="285,-3,197,-3,62,-5,456,11" /><INIT seed="7,0,0,3,5,56" ten="282,194,57,467" oya="3" hai0="33,19,92,84,104,10,54,103,17,1,93,65,39" hai1="118,74,115,25,46,89,107,78,86,64,109,43,73" hai2="129,81,55,50,126,95,20,2,36,79,59,125,5" hai3="111,123,31,88,121,27,53,91,34,130,11,99,32"/><W70/><G111/><T62/><D33/><U110/><E109/><V6/><F129/><W82/><G130/><T96/><D39/><U124/><E110/><V28/><F36/><W68/><G34/><T16/><D54/><U47/><E115/><V60/><F2/><W23/><G32/><T48/><D48/><U8/><E124/><V85/><F125/><W87/><G121/><T77/><D77/><U117/><E107/><V0/><F0/><W127/><G127/><T42/><D42/><U22/><E64/><V102/><F126/><W30/><G30/><T135/><D84/><U120/><E120/><V122/><F122/><W134/><G134/><T133/><D10/><U40/><E78/><V108/><F108/><W45/><G11/><T15/><D15/><U131/><E8/><V113/><F113/><W9/><G9/><T41/><D41/><U90/><E131/><V13/><F50/><W69/><G123/><T58/><D1/><U52/><E86/><V112/><F112/><W67/><G67/><T128/><D128/><U3/><E3/><V26/><F13/><W21/><G21/><T44/><D44/><U119/><E22/><V49/><F49/><W38/><G23/><T72/><D72/><N who="1" m="27755" /><E25/><V132/><F132/><AGARI ba="0,0" hai="16,17,19,58,62,65,92,93,96,103,104,132,133,135" machi="132" ten="40,5200,0" yaku="20,1,52,1,54,1" doraHai="56" who="0" fromWho="2" sc="282,52,194,0,57,-52,467,0" owari="334,13.4,194,-20.6,5,-49.5,467,56.7" /></mjloggm>