<mjloggm ver="2.3"><GO type="169" lobby="0"/><UN n0="%74%61%6E%70%69%6E%38" n1="%E5%B9%BB%E6%B5%B7" n2="%50%73%79%63%68%65" n3="%E3%82%B5%E3%83%96%E3%82%A2%E3%83%A9%E3%83%89" dan="16,17,17,16" rate="2122.45,2140.55,2128.91,2034.30" sx="M,M,M,M"/><TAIKYOKU oya="0"/><INIT seed="0,0,0,3,1,110" ten="250,250,250,250" oya="0" hai0="28,53,99,59,123,64,62,79,43,89,107,70,61" hai1="97,67,85,132,54,121,65,116,95,3,9,72,75" hai2="55,108,35,48,68,31,15,105,87,18,91,56,69" hai3="78,52,101,112,2,5,106,127,104,73,83,90,39"/><T14/><D123/><U102/><E116/><V17/><F105/><W103/><G39/><T4/><D79/><U60/><E121/><V36/><F36/><W96/><G5/><T32/><D43/><U119/><E119/><V23/><F108/><W37/><G37/><T47/><D47/><U115/><E132/><V0/><F0/><W26/><G26/><T21/><D32/><U77/><E54/><V126/><F126/><W58/><G2/><T134/><D134/><U41/><E41/><V135/><F135/><W131/><G127/><T66/><D53/><U124/><E124/><V82/><REACH who="2" step="1"/><F18/><REACH who="2" ten="250,250,240,250" step="2"/><W22/><G131/><T120/><D107/><U80/><E3/><V10/><F10/><W46/><G106/><T11/><D120/><U117/><E117/><V27/><AGARI ba="0,1" hai="15,17,23,27,31,35,48,55,56,68,69,82,87,91" machi="27" ten="30,2000,0" yaku="1,1,0,1,53,0" doraHai="110" doraHaiUra="128" who="2" fromWho="2" sc="250,-10,250,-5,240,30,250,-5" /><INIT seed="1,0,0,5,5,118" ten="240,245,270,245" oya="1" hai0="66,52,98,47,30,60,133,134,49,45,110,74,37" hai1="113,125,26,71,121,9,92,94,48,15,22,35,106" hai2="38,124,112,42,10,87,24,90,34,19,68,76,14" hai3="41,53,86,18,99,21,0,97,39,82,63,56,111"/><U55/><E113/><V83/><F68/><W61/><G111/><T16/><D74/><U8/><E106/><V20/><F112/><W88/><G0/><T128/><D30/><U28/><E125/><V107/><F107/><W43/><G39/><T135/><D110/><U46/><E71/><V58/><F124/><W73/><G73/><T102/><D128/><U115/><E115/><V44/><F34/><W29/><G29/><T85/><D85/><U69/><E69/><V96/><F58/><W33/><G33/><T116/><D116/><U6/><E121/><V65/><F65/><W95/><G99/><T2/><D2/><U78/><E78/><V40/><F40/><W57/><G57/><N who="0" m="37135" /><D16/><U89/><E9/><V117/><F117/><W59/><G59/><N who="0" m="33167" /><D37/><U13/><REACH who="1" step="1"/><E89/><REACH who="1" ten="240,235,270,245" step="2"/><V67/><F90/><N who="3" m="55543" /><G63/><T79/><D79/><U80/><E80/><V91/><F76/><W84/><G84/><T64/><D64/><U25/><E25/><AGARI ba="0,1" hai="18,21,25,41,43,53,56,61,82,86,88" m="55543" machi="25" ten="30,3900,0" yaku="25,1,8,1,54,1" doraHai="118" who="3" fromWho="1" sc="240,0,235,-39,270,0,245,49" /><INIT seed="2,0,0,4,0,53" ten="240,196,270,294" oya="2" hai0="48,82,15,131,81,95,18,79,7,122,125,44,21" hai1="46,66,9,41,22,60,4,30,76,38,43,70,32" hai2="111,134,16,87,115,128,2,124,27,35,93,13,31" hai3="10,75,47,25,118,120,55,117,52,61,63,135,0"/><V68/><F68/><W108/><G75/><T103/><D122/><U69/><E43/><V98/><F115/><W106/><G106/><T51/><D131/><U49/><E32/><V24/><F128/><W57/><G120/><T119/><D125/><U96/><E76/><V45/><F124/><W11/><G108/><T65/><D65/><U5/><E5/><V1/><F111/><W17/><G135/><T33/><D33/><U26/><E96/><V91/><F134/><W42/><G0/><T40/><D7/><U23/><E38/><V133/><F133/><W99/><G99/><T132/><D119/><U50/><E50/><V130/><F27/><W112/><G112/><T34/><D34/><U54/><E23/><V100/><F45/><W74/><G74/><T71/><D71/><U116/><E116/><V107/><REACH who="2" step="1"/><F130/><REACH who="2" ten="240,196,260,294" step="2"/><W20/><G118/><T110/><D110/><U85/><E70/><V67/><F67/><W72/><G117/><T62/><D44/><U28/><E41/><V102/><F102/><W3/><G47/><T121/><D103/><U101/><E101/><V113/><F113/><W86/><G42/><T90/><D40/><U58/><E69/><V114/><F114/><W127/><G127/><T64/><D132/><U109/><E109/><V94/><F94/><W6/><G25/><T39/><D95/><U92/><E92/><V77/><F77/><W78/><G78/><T97/><D79/><U83/><E83/><V12/><F12/><W36/><G72/><T126/><D126/><U37/><E66/><V84/><F84/><W105/><G86/><RYUUKYOKU ba="0,1" sc="240,-10,196,-10,260,30,294,-10" hai2="1,2,13,16,24,31,35,87,91,93,98,100,107" /><INIT seed="2,1,1,0,1,50" ten="230,186,290,284" oya="2" hai0="86,44,27,58,52,36,125,22,96,43,11,70,82" hai1="89,110,32,111,23,40,18,95,94,88,101,104,129" hai2="7,42,63,6,120,19,71,107,54,9,121,98,64" hai3="68,109,39,0,127,56,31,26,14,78,77,90,87"/><V8/><F42/><W66/><G0/><T2/><D125/><U118/><E118/><V99/><F19/><W5/><G127/><T106/><D70/><U55/><E32/><V83/><F83/><W132/><G109/><N who="1" m="41482" /><E40/><V61/><F107/><W37/><G132/><T17/><D2/><U47/><E104/><V1/><F1/><W115/><G115/><T133/><D133/><U34/><E34/><V92/><F92/><N who="1" m="35369" /><E101/><V112/><F71/><W45/><G68/><T46/><D11/><U114/><E129/><V91/><F64/><W105/><G105/><T67/><D67/><U33/><E33/><V113/><REACH who="2" step="1"/><F91/><REACH who="2" ten="230,186,280,284" step="2"/><W97/><G90/><T30/><D17/><U122/><E114/><V60/><F60/><W48/><G66/><T3/><D3/><U51/><E122/><V134/><F134/><W79/><G5/><T20/><D43/><U81/><E81/><V74/><F74/><W123/><G123/><T62/><D82/><U100/><E100/><V49/><F49/><W38/><G48/><T72/><D72/><U10/><E10/><V57/><F57/><W108/><G56/><T126/><D58/><U119/><E119/><V24/><F24/><AGARI ba="1,2" hai="18,23,24,47,51,55,88,89" m="35369,41482" machi="24" ten="30,3900,0" yaku="14,1,52,1,54,1" doraHai="50" who="1" fromWho="2" sc="230,0,186,62,280,-42,284,0" /><INIT seed="3,0,0,1,2,107" ten="230,248,238,284" oya="3" hai0="98,68,129,28,35,34,7,124,66,97,128,135,71" hai1="90,1,100,80,4,57,22,126,64,11,52,5,18" hai2="45,36,44,133,46,86,60,27,81,94,42,101,10" hai3="75,39,16,88,123,78,118,95,96,85,51,73,102"/><W33/><G33/><N who="0" m="12299" /><D7/><U30/><E126/><V53/><F133/><W106/><G39/><T38/><D38/><U69/><E5/><V83/><F27/><W3/><G3/><T21/><D66/><U104/><E30/><V6/><F101/><W119/><G51/><T125/><D28/><U111/><E111/><V58/><F94/><W127/><G16/><T105/><D21/><U72/><E64/><V113/><F83/><N who="3" m="47351" /><G123/><T87/><D87/><U63/><E69/><N who="0" m="26697" /><D105/><U61/><E61/><V40/><F40/><W24/><G24/><T56/><D56/><U43/><E43/><V55/><F55/><W131/><G131/><N who="0" m="50251" /><D135/><U134/><E134/><V15/><REACH who="2" step="1"/><F113/><REACH who="2" ten="230,248,228,284" step="2"/><W130/><G130/><T65/><D65/><U82/><E100/><V37/><F37/><W110/><G110/><T103/><D103/><U50/><E104/><V29/><F29/><W41/><G41/><T25/><D25/><U122/><E52/><V117/><F117/><N who="3" m="44555" /><G127/><AGARI ba="0,1" hai="97,98,124,125,127" m="50251,26697,12299" machi="127" ten="40,8000,1" yaku="28,2,18,1,19,1" doraHai="107" who="0" fromWho="3" sc="230,90,248,0,228,0,284,-80" /><INIT seed="4,0,0,3,4,44" ten="320,248,228,204" oya="0" hai0="14,94,105,17,63,34,74,51,117,19,127,9,68" hai1="120,29,43,10,81,72,90,23,75,128,100,73,3" hai2="119,131,109,99,57,24,87,80,126,40,113,121,27" hai3="129,50,84,62,66,64,11,59,98,4,42,88,82"/><T18/><D105/><U112/><E120/><V92/><F109/><W78/><G129/><T49/><D117/><U32/><E128/><V25/><F121/><W110/><G110/><T7/><D74/><U60/><E32/><V13/><F119/><W76/><G98/><T21/><D34/><U70/><E100/><V77/><F131/><W97/><G97/><T12/><D127/><U93/><E43/><V16/><F126/><W61/><G61/><T56/><D68/><U65/><E112/><V8/><F113/><W91/><G76/><T124/><D124/><U79/><E23/><V35/><F40/><W2/><REACH who="3" step="1"/><G66/><REACH who="3" ten="320,248,228,194" step="2"/><N who="0" m="39271" /><D94/><U106/><E93/><V107/><F107/><W130/><G130/><T6/><D19/><U31/><E106/><V122/><F122/><W5/><G5/><AGARI ba="0,1" hai="5,6,7,9,12,14,17,18,21,49,51" m="39271" machi="5" ten="30,5800,0" yaku="8,1,52,2" doraHai="44" who="0" fromWho="3" sc="320,68,248,0,228,0,194,-58" /><INIT seed="4,1,0,4,5,123" ten="388,248,228,136" oya="0" hai0="39,53,13,2,110,64,95,96,51,81,46,35,21" hai1="135,109,47,122,29,112,36,76,74,22,83,78,82" hai2="20,79,89,5,37,66,125,11,98,94,69,71,33" hai3="127,40,108,100,120,105,14,28,6,27,58,88,24"/><T92/><D2/><U119/><E119/><V70/><F33/><W54/><G120/><T52/><D35/><U87/><E122/><V104/><F37/><W77/><G77/><T118/><D39/><U1/><E135/><V60/><F125/><W134/><G40/><T50/><D118/><U84/><E112/><V131/><F131/><W67/><G67/><T44/><D110/><U43/><E1/><V23/><F104/><W49/><G108/><T45/><D64/><U124/><E109/><V0/><REACH who="2" step="1"/><F79/><REACH who="2" ten="388,248,218,136" step="2"/><W73/><G127/><T12/><D81/><U26/><REACH who="1" step="1"/><E124/><REACH who="1" ten="388,238,218,136" step="2"/><V59/><AGARI ba="1,2" hai="0,5,11,20,23,59,60,66,69,70,71,89,94,98" machi="59" ten="30,4000,0" yaku="1,1,2,1,0,1,53,0" doraHai="123" doraHaiUra="102" who="2" fromWho="2" sc="388,-21,238,-11,218,63,136,-11" /><INIT seed="5,0,0,3,3,71" ten="367,227,281,125" oya="1" hai0="106,83,126,109,107,72,110,57,46,53,121,31,128" hai1="3,115,133,66,65,67,92,84,55,68,117,6,56" hai2="9,75,99,48,60,10,129,12,11,36,39,123,37" hai3="63,29,1,13,135,0,74,49,59,96,51,32,26"/><U105/><E117/><V52/><F123/><W43/><G135/><T41/><D128/><U38/><E105/><V35/><F35/><W4/><G74/><T111/><D126/><U33/><E33/><V64/><F75/><W40/><G96/><T86/><D72/><U2/><E133/><V95/><F129/><W79/><G79/><T108/><D121/><U20/><E115/><V103/><F12/><W80/><G80/><T69/><D69/><U132/><E132/><V81/><F81/><W114/><G114/><T89/><D31/><U7/><E68/><V90/><F60/><W54/><G13/><T116/><D116/><U22/><E38/><V88/><REACH who="2" step="1"/><F64/><REACH who="2" ten="367,227,271,125" step="2"/><W104/><G0/><T125/><D111/><U23/><E3/><V14/><F14/><W18/><G1/><T27/><D125/><U16/><E2/><V62/><F62/><W77/><G32/><T34/><D34/><U130/><E130/><V45/><AGARI ba="0,1" hai="9,10,11,36,37,39,45,48,52,88,90,95,99,103" machi="45" ten="40,12000,2" yaku="1,1,0,1,52,3,54,2,53,0" doraHai="71" doraHaiUra="15" who="2" fromWho="2" sc="367,-30,227,-60,271,130,125,-30" /><INIT seed="6,0,0,3,1,29" ten="337,167,401,95" oya="2" hai0="99,6,106,48,21,115,73,71,132,37,130,22,42" hai1="89,5,34,0,85,3,84,75,51,131,60,111,1" hai2="74,44,64,125,86,129,107,16,112,97,4,98,55" hai3="47,38,94,52,82,35,23,31,101,68,66,105,49"/><V103/><F74/><W100/><G82/><T11/><D73/><U93/><E75/><V24/><F112/><W17/><G94/><T33/><D33/><U116/><E116/><V119/><F119/><W113/><G113/><T53/><D71/><U45/><E111/><V62/><F4/><W40/><G105/><T79/><D115/><U127/><E34/><V117/><F117/><W18/><G18/><T134/><D79/><U56/><E131/><V25/><F129/><W69/><G69/><T95/><D106/><U30/><E30/><V128/><F128/><W77/><G77/><T19/><D42/><U9/><E85/><V88/><F98/><W110/><G110/><T96/><D37/><U70/><E70/><V32/><F32/><W28/><G35/><T90/><D99/><U58/><E127/><V7/><F7/><W63/><G31/><T12/><D130/><U81/><E93/><V46/><F125/><W43/><G43/><T123/><D123/><U108/><E108/><V83/><F55/><W15/><REACH who="3" step="1"/><G28/><REACH who="3" ten="337,167,401,85" step="2"/><T65/><D19/><U91/><E81/><V50/><F16/><W2/><G2/><T57/><D65/><U72/><E3/><V41/><F64/><W36/><G36/><T26/><D95/><U124/><E1/><V8/><F107/><W114/><G114/><T126/><D126/><U109/><E109/><V92/><F41/><W10/><G10/><T59/><D11/><U20/><E0/><V122/><F8/><W61/><G61/><T120/><D6/><U67/><E124/><V102/><F62/><W80/><G80/><RYUUKYOKU ba="0,1" sc="337,-10,167,-10,401,-10,85,30" hai3="15,17,23,38,40,47,49,52,63,66,68,100,101" /><INIT seed="7,1,1,5,5,131" ten="327,157,391,115" oya="3" hai0="93,110,62,20,47,2,10,126,29,89,85,42,36" hai1="35,105,53,128,31,82,69,117,21,34,45,113,101" hai2="41,8,119,7,60,106,68,107,58,72,28,26,24" hai3="67,103,56,37,94,23,76,6,66,112,46,13,100"/><W115/><G76/><T86/><D110/><U111/><E111/><V39/><F119/><W50/><G37/><T73/><D73/><U11/><E69/><V44/><F72/><W38/><G38/><T123/><D123/><U0/><E128/><V15/><F68/><W80/><G80/><T27/><D126/><U9/><E113/><N who="3" m="43594" /><G56/><T65/><D2/><U61/><E82/><V51/><F39/><W14/><G94/><T63/><D10/><N who="1" m="3595" /><E0/><V57/><F57/><W109/><G109/><T77/><D77/><U54/><E117/><V59/><F59/><W102/><G6/><T134/><D134/><U30/><E105/><V5/><F5/><W88/><G88/><T121/><D121/><U133/><E133/><V95/><F95/><W32/><G32/><T4/><D4/><U98/><E35/><V3/><F3/><W18/><G13/><T124/><D124/><U135/><E34/><V125/><F125/><W83/><G83/><T12/><D12/><U92/><E135/><V84/><F107/><W132/><G132/><T122/><D122/><U78/><E78/><V1/><F106/><W25/><G14/><T97/><REACH who="0" step="1"/><D63/><REACH who="0" ten="317,157,391,115" step="2"/><U40/><E61/><V79/><F1/><W99/><G99/><T33/><D33/><U22/><E98/><V74/><F74/><W48/><G48/><T91/><D91/><U52/><E101/><N who="3" m="25858" /><W43/><AGARI ba="1,2" hai="18,23,25,43,46,50,66,67" m="25858,43594" machi="43" ten="40,3900,0" yaku="4,1,15,1" doraHai="131" who="3" fromWho="3" sc="317,-14,157,-14,391,-14,115,62" /><INIT seed="7,2,0,3,3,13" ten="303,143,377,177" oya="3" hai0="105,59,20,38,115,83,79,53,61,56,36,5,1" hai1="63,25,11,84,54,14,133,74,78,40,135,114,8" hai2="112,109,89,73,47,62,65,67,27,103,126,24,99" hai3="66,87,75,100,12,46,80,45,58,10,21,117,98"/><W22/><G117/><T44/><D105/><U128/><E74/><V28/><F109/><W71/><G71/><T48/><D115/><U110/><E114/><V4/><F73/><W81/><G75/><T31/><D1/><U96/><E110/><V125/><F112/><W34/><G34/><T107/><D5/><U32/><E128/><V134/><F4/><W120/><G120/><T124/><D107/><U30/><E40/><V101/><F47/><W127/><G127/><N who="2" m="48649" /><F134/><W86/><G58/><T9/><D9/><U70/><E96/><V91/><F27/><W76/><G66/><N who="2" m="25097" /><F62/><W82/><G76/><T0/><D0/><U29/><E29/><V77/><F77/><W93/><G46/><T92/><D59/><U39/><E39/><V26/><F26/><W33/><G45/><T119/><D119/><U108/><E108/><V15/><F15/><W69/><G69/><T102/><D124/><U51/><E70/><V7/><F7/><N who="3" m="3167" /><G33/><T37/><D56/><U64/><E64/><V42/><F42/><W90/><G87/><N who="0" m="48639" /><D61/><U68/><E63/><V113/><F113/><W18/><G86/><T132/><D132/><U131/><E68/><V121/><F121/><W97/><G97/><N who="0" m="59687" /><D36/><U17/><E11/><V57/><F57/><W106/><G106/><T6/><D6/><U19/><E131/><V122/><F122/><W50/><G100/><N who="2" m="38473" /><F99/><W118/><G118/><T49/><D49/><U3/><E3/><V85/><F85/><W41/><G50/><T2/><D2/><U116/><E116/><V129/><F129/><W130/><G130/><T55/><D55/><RYUUKYOKU ba="2,0" sc="303,15,143,-15,377,15,177,-15" hai0="20,31,37,38,44,48,53" hai2="24,28,89,91" owari="318,11.8,128,-37.2,392,49.2,162,-23.8" /></mjloggm>