<mjloggm ver="2.3"><GO type="169" lobby="0"/><UN n0="%E3%81%86%E3%81%A1%E3%83%BC" n1="%E3%81%9F%E3%81%8B%E3%81%AF%E3%81%97%E3%81%83%E3%81%83%E3%81%83" n2="%E3%81%9F%E3%81%BE%E5%AD%90" n3="%43%72%37" dan="16,16,17,17" rate="2135.24,2099.62,2225.58,2186.01" sx="M,M,M,M"/><TAIKYOKU oya="0"/><INIT seed="0,0,0,0,2,40" ten="250,250,250,250" oya="0" hai0="114,104,123,79,43,88,28,93,72,97,118,47,14" hai1="30,50,27,90,1,26,11,65,67,124,63,87,21" hai2="18,69,39,49,52,57,25,4,83,106,110,24,75" hai3="130,126,0,36,105,86,6,85,60,41,101,73,34"/><T119/><D114/><U96/><E124/><V103/><F69/><W7/><G34/><T31/><D123/><U12/><E1/><V29/><F110/><W84/><G105/><T56/><D104/><U37/><E37/><V135/><F135/><W71/><G101/><T89/><D89/><U127/><E127/><V33/><F39/><W61/><G130/><T2/><D2/><U8/><E96/><V66/><F4/><W80/><G71/><T102/><D102/><U59/><E12/><V19/><F66/><W35/><G35/><T116/><D56/><U13/><E13/><V51/><F25/><W23/><G23/><T45/><D14/><U133/><E133/><V48/><F103/><W5/><G126/><T107/><D107/><U53/><E26/><V68/><F68/><W117/><G117/><T38/><REACH who="0" step="1"/><D47/><REACH who="0" ten="240,250,250,250" step="2"/><U32/><E67/><V76/><REACH who="2" step="1"/><F106/><REACH who="2" ten="240,250,240,250" step="2"/><W129/><G0/><T131/><D131/><U15/><E15/><V54/><F54/><W112/><G129/><T94/><D94/><U74/><E53/><V100/><F100/><W108/><G5/><T44/><D44/><U95/><E95/><V62/><AGARI ba="0,2" hai="18,19,24,29,33,48,49,51,52,57,62,75,76,83" machi="62" ten="30,4000,0" yaku="1,1,0,1,54,1,53,0" doraHai="40" doraHaiUra="3" who="2" fromWho="2" sc="240,-20,250,-10,240,60,250,-10" /><INIT seed="1,0,0,1,4,103" ten="220,240,300,240" oya="1" hai0="131,96,26,116,18,43,60,17,119,44,105,42,118" hai1="128,79,75,134,124,81,73,4,111,58,15,47,8" hai2="98,48,59,100,102,56,113,46,129,31,97,121,20" hai3="7,72,123,114,106,25,41,14,65,66,108,49,125"/><U22/><E124/><V83/><F121/><W1/><G123/><T122/><D122/><U78/><E128/><V120/><F120/><W86/><G72/><T61/><D131/><U57/><E134/><V80/><F129/><W101/><G114/><T2/><D2/><U117/><E117/><V68/><F68/><W89/><G1/><T87/><D87/><U33/><E33/><V71/><F71/><W132/><G108/><T74/><D74/><U133/><E133/><V40/><F113/><W130/><G132/><T21/><D17/><U36/><E111/><V24/><F83/><W3/><G3/><T11/><D11/><U76/><E22/><V91/><F91/><W64/><G25/><T45/><D96/><U82/><REACH who="1" step="1"/><E78/><REACH who="1" ten="220,230,300,240" step="2"/><V19/><F31/><W0/><G125/><T28/><D28/><U53/><E53/><V13/><F24/><W99/><G130/><T50/><REACH who="0" step="1"/><D105/><REACH who="0" ten="210,230,300,240" step="2"/><U63/><E63/><V51/><F20/><W16/><G106/><T37/><AGARI ba="0,2" hai="18,21,26,37,42,43,44,45,50,60,61,116,118,119" machi="37" ten="30,4000,0" yaku="1,1,2,1,0,1,53,0" doraHai="103" doraHaiUra="34" who="0" fromWho="0" sc="210,60,230,-20,300,-10,240,-10" /><INIT seed="2,0,0,3,0,22" ten="270,210,290,230" oya="2" hai0="63,110,83,129,71,75,134,117,95,32,120,55,86" hai1="135,46,52,37,48,15,23,0,119,84,99,10,88" hai2="122,14,80,70,133,18,107,54,7,29,111,106,100" hai3="115,68,96,62,58,40,19,74,132,92,79,78,43"/><V124/><F122/><W6/><G132/><T103/><D120/><U61/><E119/><V11/><F133/><W26/><G68/><T59/><D110/><U41/><E135/><V101/><F124/><W36/><G6/><T116/><D134/><U42/><E0/><V113/><F113/><W109/><G109/><T9/><D32/><U93/><E37/><V50/><F111/><W127/><G127/><T69/><D75/><U1/><E1/><V2/><F70/><W131/><G131/><T30/><D30/><U90/><E23/><V97/><F80/><W67/><G74/><T126/><D126/><U66/><E61/><V53/><F29/><W25/><G115/><T104/><D104/><U3/><E66/><V91/><F91/><N who="3" m="55327" /><G19/><T76/><D9/><U27/><E27/><N who="3" m="10250" /><G36/><T72/><D72/><U21/><E3/><V128/><F128/><W17/><G17/><T39/><D39/><U125/><E125/><V51/><F106/><W16/><G16/><T44/><D129/><U114/><E114/><V56/><F107/><W28/><G28/><T81/><D71/><U33/><E33/><V105/><F105/><W77/><AGARI ba="0,0" hai="40,43,58,62,67,77,78,79" m="10250,55327" machi="77" ten="30,7900,0" yaku="8,1,52,3" doraHai="22" who="3" fromWho="3" sc="270,-20,210,-20,290,-39,230,79" /><INIT seed="3,0,0,2,5,81" ten="250,190,251,309" oya="3" hai0="99,89,30,108,77,0,103,132,134,113,85,119,71" hai1="94,32,9,57,58,92,44,76,116,115,62,66,31" hai2="23,11,34,29,97,46,118,100,2,117,93,126,75" hai3="14,21,27,35,47,15,19,41,70,68,33,4,7"/><W87/><G35/><T54/><D0/><U114/><E116/><V124/><F75/><W79/><G70/><T51/><D119/><U73/><E73/><V16/><F46/><W74/><G68/><T101/><D71/><U42/><E76/><V110/><F110/><W128/><G128/><T125/><D108/><U1/><E31/><V102/><F102/><W78/><G74/><T22/><D125/><N who="2" m="48234" /><F34/><W43/><G33/><T133/><D77/><U17/><E32/><V67/><F67/><W122/><G122/><T12/><D99/><U83/><E83/><V123/><F123/><W13/><G78/><T59/><D113/><U65/><E92/><V111/><F29/><W135/><G135/><T36/><D36/><U98/><E58/><V53/><F53/><W52/><G43/><T72/><D72/><U20/><E65/><V24/><F111/><W37/><REACH who="3" step="1"/><G52/><REACH who="3" ten="250,190,251,299" step="2"/><T112/><D112/><U28/><E42/><V131/><F131/><W104/><G104/><T120/><D120/><U3/><E114/><V130/><F130/><W45/><G45/><T84/><D133/><U6/><E44/><V5/><AGARI ba="0,1" hai="2,5,11,16,23,24,93,97,100,117,118" m="48234" machi="5" ten="30,2000,0" yaku="18,1,54,1" doraHai="81" who="2" fromWho="2" sc="250,-5,190,-5,251,30,299,-10" /><INIT seed="4,0,0,1,3,47" ten="245,185,281,289" oya="0" hai0="115,108,22,64,15,127,35,78,18,71,91,14,96" hai1="69,97,40,7,46,72,42,95,60,132,66,89,118" hai2="90,125,101,113,124,135,122,110,82,57,116,3,80" hai3="85,38,93,32,49,119,133,58,129,52,36,109,67"/><T9/><D35/><U87/><E118/><V88/><F3/><W28/><G119/><T83/><D115/><U62/><E72/><V24/><F116/><W92/><G109/><T98/><D127/><N who="2" m="48714" /><F110/><W5/><G133/><T17/><D108/><U134/><E7/><V27/><F122/><W56/><G5/><T104/><D104/><U16/><E62/><V19/><F135/><W121/><G129/><T48/><D64/><U105/><E40/><V11/><F101/><W114/><G114/><T53/><D71/><U37/><E105/><V100/><F100/><W84/><G121/><T2/><D91/><N who="2" m="34858" /><F57/><W107/><G107/><T0/><D2/><U33/><E33/><V30/><F113/><W77/><G32/><T131/><D131/><U29/><E97/><V31/><F19/><W41/><G28/><N who="2" m="10793" /><F11/><W75/><G93/><T128/><D0/><U76/><E29/><V44/><F44/><W4/><G92/><T25/><D128/><U23/><REACH who="1" step="1"/><E76/><REACH who="1" ten="245,175,281,289" step="2"/><V117/><F117/><W43/><G4/><T94/><D98/><U65/><E65/><V79/><F79/><W55/><G67/><T120/><D120/><U45/><E45/><V51/><F51/><N who="3" m="30751" /><G77/><T63/><D63/><U126/><E126/><V102/><F102/><W1/><G1/><T12/><D96/><U111/><E111/><V123/><F123/><W103/><G103/><T50/><D50/><U73/><E73/><V130/><F130/><W54/><G75/><N who="0" m="43487" /><D94/><U99/><E99/><V20/><F20/><W10/><G49/><T59/><D48/><U112/><E112/><V6/><F6/><RYUUKYOKU ba="0,1" sc="245,10,175,10,281,10,289,-30" hai0="9,12,14,15,17,18,22,25,53,59" hai1="16,23,37,42,46,60,66,69,87,89,95,132,134" hai2="24,27,80,82" /><INIT seed="4,1,1,0,3,132" ten="255,185,291,259" oya="0" hai0="49,109,36,6,55,12,112,120,117,65,59,62,94" hai1="131,42,88,50,51,79,16,72,22,30,47,3,15" hai2="33,92,103,89,64,39,95,75,57,115,111,2,27" hai3="100,9,96,130,106,98,87,61,34,123,102,13,82"/><T46/><D112/><U21/><E131/><V126/><F111/><W86/><G130/><T43/><D109/><U127/><E3/><V119/><F2/><W83/><G34/><T24/><D120/><U77/><E127/><V128/><F128/><W124/><G123/><T40/><D24/><N who="1" m="16655" /><E72/><V58/><F39/><W84/><G61/><T70/><D94/><U7/><E7/><V93/><F75/><W133/><G133/><T29/><D29/><U122/><E122/><V38/><F38/><W1/><G1/><T69/><D6/><U116/><E116/><V25/><F115/><W37/><G37/><T63/><D12/><U60/><E60/><V114/><F114/><W23/><G23/><T78/><D78/><N who="1" m="29707" /><E50/><V73/><F73/><W105/><REACH who="3" step="1"/><G124/><REACH who="3" ten="255,185,291,249" step="2"/><T54/><D117/><U11/><E22/><V14/><F33/><W5/><AGARI ba="1,2" hai="5,9,13,82,83,84,86,87,96,98,100,102,105,106" machi="5" ten="30,7900,0" yaku="1,1,2,1,0,1,9,1,53,0" doraHai="132" doraHaiUra="20" who="3" fromWho="3" sc="255,-40,185,-21,291,-21,249,102" /><INIT seed="5,0,0,1,3,28" ten="215,164,270,351" oya="1" hai0="3,14,19,104,74,83,119,99,8,115,128,20,70" hai1="62,81,37,0,93,107,75,109,71,129,67,68,40" hai2="135,15,29,114,32,59,100,4,80,95,16,27,84" hai3="56,30,63,92,91,36,12,130,60,101,57,51,45"/><U13/><E107/><V48/><F135/><W42/><G130/><T50/><D119/><U111/><E0/><V116/><F116/><W61/><G101/><T134/><D115/><U25/><E129/><V113/><F4/><W55/><G12/><T46/><D70/><U87/><E68/><V7/><F7/><W120/><G30/><T58/><D134/><U1/><E1/><V85/><F100/><W117/><G117/><T44/><D3/><U132/><E132/><V112/><F95/><W54/><G120/><T66/><D99/><AGARI ba="0,0" hai="36,42,45,51,54,55,56,57,60,61,63,91,92,99" machi="99" ten="30,1000,0" yaku="7,1" doraHai="28" who="3" fromWho="0" sc="215,-10,164,0,270,0,351,10" /><INIT seed="6,0,0,3,2,129" ten="205,164,270,361" oya="2" hai0="54,57,24,127,128,32,51,73,64,27,75,7,118" hai1="14,33,28,35,65,61,12,96,20,84,4,0,97" hai2="13,120,55,8,104,105,69,44,21,39,119,58,22" hai3="66,82,50,43,45,70,100,26,34,99,30,16,72"/><V89/><F119/><W10/><G72/><T122/><D122/><U95/><E0/><V5/><F120/><W71/><G82/><T130/><D118/><U19/><E84/><V114/><F69/><W90/><G90/><T25/><D32/><U63/><E96/><V88/><F114/><W113/><G113/><T92/><D127/><U9/><E28/><V47/><F105/><W29/><G29/><T91/><D64/><U94/><E94/><V2/><F104/><W31/><G31/><T62/><D62/><U17/><E4/><V81/><F39/><W53/><G66/><T80/><D7/><U111/><E111/><V101/><F101/><W131/><G131/><N who="0" m="50219" /><D80/><U87/><E87/><AGARI ba="0,0" hai="24,25,27,51,54,57,73,75,87,91,92" m="50219" machi="87" ten="30,1000,0" yaku="19,1" doraHai="129" who="0" fromWho="1" sc="205,10,164,-10,270,0,361,0" /><INIT seed="7,0,0,1,5,75" ten="215,154,270,361" oya="3" hai0="89,120,7,96,24,111,64,5,118,17,126,102,115" hai1="54,85,76,78,80,117,124,114,68,30,35,8,29" hai2="81,69,119,91,26,105,18,55,38,61,103,86,12" hai3="67,133,45,41,92,22,13,74,60,116,9,71,127"/><W15/><G74/><T104/><D118/><U51/><E117/><V56/><F38/><W47/><G116/><T73/><D73/><U82/><E114/><V130/><F119/><W43/><G127/><T70/><D111/><U125/><E68/><V50/><F130/><W65/><G65/><T72/><D72/><U37/><E37/><V132/><F132/><W128/><G128/><T88/><D7/><U106/><E106/><V31/><F105/><W63/><G63/><T10/><D126/><U34/><E85/><V123/><F103/><W98/><G22/><T122/><D64/><U1/><E54/><V79/><F123/><W48/><G9/><T16/><D115/><U121/><E8/><V36/><F36/><W21/><G21/><T94/><D89/><U52/><E52/><V113/><F113/><W99/><G99/><T112/><D70/><U33/><E33/><V42/><F42/><W46/><G46/><T97/><D112/><U131/><E121/><V25/><F31/><W135/><G45/><T32/><D120/><U4/><E4/><V90/><F61/><W129/><G43/><T62/><D62/><U44/><E44/><V2/><F69/><W109/><G109/><T0/><D122/><U107/><E107/><V66/><F66/><W11/><G129/><T58/><D58/><U14/><E131/><V28/><F56/><W23/><G71/><T93/><D104/><U53/><E53/><V95/><F55/><W101/><G135/><T100/><D10/><U6/><E6/><V77/><F86/><W27/><G67/><T49/><D32/><RYUUKYOKU ba="0,0" sc="215,0,154,0,270,0,361,0" owari="215,-18.5,154,-34.6,270,7.0,361,46.1" /></mjloggm>