<mjloggm ver="2.3"><GO type="169" lobby="0"/><UN n0="%44%61%72%6B%72%69%64%65" n1="%E3%82%82%E3%81%93%E2%97%AF" n2="%E7%94%9F%E5%BE%92%E4%BC%9A%E3%80%90%E5%BA%8F%E3%80%91" n3="%E3%83%9C%E3%82%AF%E3%81%A1%E3%82%83%E3%82%93" dan="16,16,16,16" rate="2186.33,2102.36,2122.24,2073.60" sx="M,M,M,M"/><TAIKYOKU oya="0"/><INIT seed="0,0,0,5,3,18" ten="250,250,250,250" oya="0" hai0="7,12,34,95,104,15,28,88,87,69,55,85,22" hai1="2,53,130,119,105,25,84,131,4,80,96,108,42" hai2="24,68,74,33,40,117,57,129,124,66,27,70,107" hai3="90,106,5,64,111,37,54,78,128,36,97,62,50"/><T32/><D69/><U20/><E119/><V120/><F57/><W1/><G128/><T83/><D104/><U94/><E105/><V10/><F40/><W126/><G126/><T91/><D55/><U61/><E42/><V63/><F24/><W132/><G1/><T99/><D99/><U41/><E41/><V67/><F10/><W114/><G5/><T122/><D122/><U45/><E108/><V112/><F27/><W82/><G111/><T135/><D135/><U49/><E4/><V43/><F43/><W110/><G114/><T109/><D109/><U127/><E2/><V115/><F63/><W73/><G132/><T11/><D28/><U23/><E61/><V123/><F107/><W76/><G76/><T103/><REACH who="0" step="1"/><D103/><REACH who="0" ten="240,250,250,250" step="2"/><U8/><E130/><V77/><F129/><W21/><G106/><T118/><D118/><U46/><E131/><V47/><F117/><W121/><G97/><T14/><D14/><U92/><E96/><V58/><F70/><W9/><G110/><T26/><D26/><U101/><E101/><V13/><F68/><W86/><G121/><T56/><D56/><U72/><E25/><V93/><F123/><W0/><G0/><T19/><AGARI ba="0,1" hai="7,11,12,15,19,22,32,34,83,85,87,88,91,95" machi="19" ten="30,11700,0" yaku="1,1,0,1,52,1,54,1,53,0" doraHai="18" doraHaiUra="134" who="0" fromWho="0" sc="240,127,250,-39,250,-39,250,-39" /><INIT seed="0,1,0,3,3,21" ten="367,211,211,211" oya="0" hai0="90,92,73,75,114,86,61,102,31,54,82,72,131" hai1="104,22,17,81,3,96,49,108,98,43,113,130,78" hai2="24,121,12,124,23,30,89,133,13,20,48,112,44" hai3="120,134,83,52,122,68,55,27,65,25,5,36,85"/><T64/><D114/><U93/><E108/><V132/><F112/><W91/><G36/><T127/><D131/><U53/><E113/><V79/><F79/><W88/><G134/><N who="2" m="51817" /><F121/><N who="3" m="46699" /><G5/><T126/><D31/><U34/><E34/><V1/><F1/><W47/><G91/><T45/><D45/><U57/><E3/><V80/><F124/><N who="0" m="47658" /><D54/><N who="3" m="20521" /><G47/><T56/><D102/><U7/><E7/><V60/><F60/><AGARI ba="1,0" hai="25,27,60,65,68,83,85,88" m="20521,46699" machi="60" ten="30,8000,1" yaku="13,1,52,2,54,2" doraHai="21" who="3" fromWho="2" sc="367,0,211,0,211,-83,211,83" /><INIT seed="1,0,0,0,4,110" ten="367,211,128,294" oya="1" hai0="29,82,65,114,92,68,109,108,89,116,95,87,11" hai1="1,85,47,106,83,130,105,74,13,97,91,33,129" hai2="102,38,12,3,31,94,50,90,5,66,104,62,84" hai3="0,51,36,45,72,101,23,107,57,124,42,117,73"/><U96/><E1/><V49/><F38/><W2/><G124/><T123/><D29/><U134/><E33/><V15/><F3/><N who="3" m="1067" /><G23/><T26/><D26/><U55/><E13/><V46/><F31/><W128/><G57/><T28/><D28/><U86/><E47/><V48/><F5/><W99/><G51/><T16/><D65/><U17/><E55/><V119/><F119/><W54/><G54/><T21/><D116/><U19/><E19/><V103/><F46/><W81/><G81/><T64/><D64/><U58/><E17/><V37/><F37/><W43/><G43/><T67/><D67/><U14/><E14/><V135/><F135/><W131/><G117/><T9/><D68/><U100/><E58/><N who="2" m="37207" /><F104/><W132/><G132/><T71/><D71/><U22/><E22/><V76/><F76/><W69/><G69/><T93/><D21/><U113/><E134/><V111/><F111/><N who="0" m="42570" /><D123/><U34/><E34/><V25/><F25/><W127/><G127/><T115/><D16/><U32/><E32/><V75/><F75/><AGARI ba="0,0" hai="36,42,45,72,73,75,99,101,107,128,131" m="1067" machi="75" ten="30,1000,0" yaku="23,1" doraHai="110" who="3" fromWho="2" sc="367,0,211,0,128,-10,294,10" /><INIT seed="2,0,0,4,4,3" ten="367,211,118,304" oya="2" hai0="59,2,41,38,47,43,27,72,75,48,36,93,49" hai1="60,1,17,71,73,68,128,56,116,94,70,6,76" hai2="66,92,79,101,111,54,20,123,22,133,107,19,35" hai3="88,118,39,74,109,28,87,89,104,33,18,10,108"/><V105/><F123/><W113/><G74/><T86/><D2/><U8/><E116/><V130/><F35/><W55/><G118/><T67/><D72/><U57/><E128/><V84/><F66/><W16/><G104/><T61/><D75/><U5/><E94/><V32/><F32/><W53/><G39/><T63/><D27/><U29/><E29/><V15/><F130/><W85/><G33/><T80/><D93/><U52/><E56/><V110/><F133/><W44/><G28/><T135/><D86/><U102/><E102/><V122/><F122/><W129/><G129/><T112/><D80/><U78/><E73/><V100/><F54/><W82/><G113/><T83/><D83/><U119/><E119/><V46/><F46/><W37/><G37/><T4/><D4/><U121/><E121/><V77/><F92/><N who="3" m="54287" /><G18/><T69/><D135/><U58/><E6/><V30/><F30/><W26/><G26/><T125/><D125/><U0/><E0/><V23/><F84/><W120/><G120/><T34/><D34/><U97/><E97/><V9/><F107/><W45/><G45/><N who="0" m="25647" /><D112/><U99/><E99/><N who="2" m="61599" /><F101/><W115/><G115/><T31/><D31/><U65/><REACH who="1" step="1"/><E17/><REACH who="1" ten="367,201,118,304" step="2"/><V62/><F62/><AGARI ba="0,1" hai="1,5,8,52,57,58,60,62,65,68,70,71,76,78" machi="62" ten="40,8000,1" yaku="1,1,2,1,52,1,54,1,53,0" doraHai="3" doraHaiUra="103" who="1" fromWho="2" sc="367,0,201,90,118,-80,304,0" /><INIT seed="3,0,0,3,3,93" ten="367,291,38,304" oya="3" hai0="54,59,105,85,128,117,65,70,67,76,48,86,60" hai1="15,109,27,61,9,19,127,29,42,39,26,16,83" hai2="78,38,72,119,66,56,125,74,131,114,6,53,64" hai3="24,118,20,32,116,122,101,21,82,79,33,135,97"/><W30/><G122/><T103/><D117/><U69/><E109/><V63/><F119/><W108/><G135/><T90/><D128/><U41/><E127/><V40/><F6/><W10/><G108/><T91/><D76/><U100/><E100/><V121/><F78/><W112/><G112/><T2/><D2/><U104/><E104/><V94/><F94/><W28/><G10/><T34/><D34/><U77/><E39/><V92/><F92/><W126/><G126/><T43/><D67/><U36/><E36/><V95/><F95/><W47/><G47/><T5/><D5/><U4/><E69/><V89/><F89/><W84/><G116/><T31/><D31/><U132/><E132/><V81/><F81/><W49/><G49/><T62/><D90/><U73/><E61/><V106/><F106/><W134/><G134/><T88/><D86/><U111/><E111/><V102/><F102/><W14/><G118/><T51/><D85/><U129/><E129/><V17/><F131/><W0/><G0/><T110/><D110/><U130/><E130/><V107/><F107/><W80/><G80/><T1/><D1/><U22/><REACH who="1" step="1"/><E4/><REACH who="1" ten="367,281,38,304" step="2"/><V7/><F7/><W71/><G71/><T3/><D62/><U133/><E133/><V68/><F125/><W115/><G101/><T87/><D3/><U124/><E124/><V96/><F68/><W98/><G115/><T12/><D105/><U52/><E52/><V57/><F53/><W46/><G82/><T55/><D103/><U11/><E11/><V18/><F114/><W58/><G79/><T44/><D70/><RYUUKYOKU ba="0,1" sc="367,-10,281,30,38,-10,304,-10" hai1="9,15,16,19,22,26,27,29,41,42,73,77,83" /><INIT seed="4,1,1,0,0,5" ten="357,311,28,294" oya="0" hai0="106,98,85,76,15,46,134,99,7,119,86,59,82" hai1="73,116,80,107,28,117,125,26,12,65,14,123,122" hai2="66,92,62,121,88,79,83,127,56,96,39,74,68" hai3="110,135,16,70,115,19,41,102,95,105,63,75,64"/><T118/><D59/><U133/><E65/><V103/><F121/><N who="1" m="46089" /><E107/><V47/><F127/><W129/><G105/><T100/><D46/><U24/><E80/><V124/><F124/><W18/><G110/><T128/><D128/><U93/><E93/><V104/><F47/><W114/><G129/><T130/><D130/><U32/><E73/><V0/><F0/><W38/><G75/><T72/><D134/><U42/><E42/><V55/><F39/><W4/><G4/><T31/><D31/><N who="1" m="19559" /><E125/><V81/><F81/><W49/><G135/><T77/><D77/><U20/><E133/><V97/><REACH who="2" step="1"/><F55/><REACH who="2" ten="357,311,18,294" step="2"/><W108/><G38/><T2/><D2/><U30/><E30/><V101/><F101/><W37/><G37/><T51/><D118/><AGARI ba="1,2" hai="12,14,20,26,28,116,117,118" m="19559,46089" machi="118" ten="30,2000,0" yaku="34,2" doraHai="5" who="1" fromWho="0" sc="357,-23,311,43,18,0,294,0" /><INIT seed="5,0,0,5,4,62" ten="334,354,18,294" oya="1" hai0="96,43,117,81,94,101,57,19,98,13,91,109,24" hai1="58,11,18,70,42,28,40,17,52,16,88,59,76" hai2="39,132,2,31,35,80,115,66,48,20,97,123,21" hai3="12,71,63,30,120,27,37,4,86,69,68,83,95"/><U118/><E118/><V107/><F39/><W84/><G37/><T100/><D117/><U6/><E70/><V99/><F123/><W54/><G120/><T79/><D109/><U25/><E76/><V33/><F2/><W51/><G95/><T61/><D43/><U23/><E88/><V36/><F36/><W7/><G63/><T72/><D96/><N who="2" m="36938" /><F107/><W108/><G108/><T5/><D5/><U14/><E58/><V106/><F106/><W60/><G60/><AGARI ba="0,0" hai="6,11,14,16,17,18,23,25,28,40,42,52,59,60" machi="60" ten="40,7700,0" yaku="8,1,54,2" doraHai="62" who="1" fromWho="3" sc="334,0,354,77,18,0,294,-77" /><INIT seed="5,1,0,0,5,97" ten="334,431,18,217" oya="1" hai0="102,8,38,107,83,87,82,125,51,128,63,106,10" hai1="117,2,105,7,3,40,133,43,129,69,33,54,90" hai2="12,58,94,89,61,55,104,126,66,65,118,85,44" hai3="30,18,88,1,60,15,39,79,64,32,100,52,130"/><U29/><E117/><V25/><F104/><W93/><G1/><T92/><D38/><U17/><E69/><V0/><F0/><W99/><G39/><T35/><D35/><U131/><E105/><V47/><F118/><W112/><G112/><T91/><D128/><N who="1" m="49227" /><E133/><V13/><F126/><W84/><G130/><T20/><D125/><U101/><E101/><V109/><F25/><W5/><G79/><T56/><D106/><U28/><E17/><V68/><F109/><W124/><G5/><T96/><D82/><U72/><E72/><V122/><F122/><W135/><G135/><T75/><D20/><U57/><E90/><V45/><REACH who="2" step="1"/><F68/><REACH who="2" ten="334,431,8,217" step="2"/><W6/><G124/><T116/><D116/><U50/><E2/><V19/><F19/><W111/><G111/><T78/><REACH who="0" step="1"/><D51/><REACH who="0" ten="324,431,8,217" step="2"/><U11/><E33/><V121/><F121/><W14/><G32/><T103/><D103/><U120/><E120/><V36/><F36/><W37/><G37/><T74/><D74/><U134/><E134/><V71/><F71/><W22/><G30/><AGARI ba="1,2" hai="3,7,11,28,29,30,40,43,50,54,57" m="49227" machi="30" ten="30,1500,0" yaku="19,1" doraHai="97" who="1" fromWho="3" sc="324,0,431,38,8,0,217,-18" /><INIT seed="5,2,0,1,1,27" ten="324,469,8,199" oya="1" hai0="28,33,47,49,39,131,62,72,56,63,59,7,114" hai1="103,84,43,121,86,50,26,58,92,9,71,5,124" hai2="61,99,68,109,116,135,91,129,55,70,65,112,69" hai3="132,93,89,40,38,41,115,54,46,133,24,52,75"/><U20/><E121/><V127/><F91/><W120/><G75/><T34/><D7/><U60/><E71/><N who="2" m="27211" /><F99/><W101/><G41/><T110/><D72/><U130/><E130/><V57/><F116/><W80/><G120/><T74/><D74/><U118/><E118/><V77/><F77/><W125/><G125/><T16/><D131/><U95/><E124/><V51/><F129/><W126/><G126/><T94/><D39/><U128/><E128/><V66/><F127/><W98/><G115/><T44/><D114/><U102/><E43/><V1/><F1/><W134/><G24/><T97/><D110/><U96/><E50/><V48/><F112/><W87/><REACH who="3" step="1"/><G80/><REACH who="3" ten="324,469,8,189" step="2"/><T35/><D35/><U6/><E26/><V0/><F109/><W107/><AGARI ba="2,1" hai="38,40,46,52,54,87,89,93,98,101,107,132,133,134" machi="107" ten="30,8000,1" yaku="1,1,2,1,0,1,20,1,54,1,53,0" doraHai="27" doraHaiUra="25" who="3" fromWho="3" sc="324,-22,469,-42,8,-22,189,96" owari="302,10.2,427,52.7,-14,-51.4,285,-11.5" /></mjloggm>