<mjloggm ver="2.3"><GO type="169" lobby="0"/><UN n0="%E6%9C%8B%E4%B9%9F%40" n1="%E3%81%82%E3%81%84%E3%81%93%E3%81%99" n2="%74%77%69%74%63%68" n3="%E3%81%9B%E3%81%A9%E3%81%AA%E3%82%8A%E3%81%82%E3%82%93" dan="16,16,16,17" rate="2171.83,2143.27,2152.59,2168.70" sx="F,M,F,M"/><TAIKYOKU oya="0"/><INIT seed="0,0,0,2,1,27" ten="250,250,250,250" oya="0" hai0="128,134,74,107,24,15,121,130,4,82,79,13,109" hai1="88,64,99,129,59,105,44,73,45,47,98,135,72" hai2="102,125,29,103,6,5,31,60,94,67,97,132,46" hai3="65,50,122,48,39,51,32,9,38,12,11,21,92"/><T84/><D121/><U37/><E37/><V66/><F132/><W2/><G32/><T95/><D134/><U7/><E135/><V33/><F33/><W26/><G122/><T3/><D107/><U23/><E129/><N who="0" m="49769" /><D109/><U104/><E7/><V57/><F125/><W115/><G115/><T78/><D3/><U119/><E119/><V53/><F103/><W49/><G65/><N who="2" m="24585" /><F46/><W75/><G75/><T69/><D69/><U71/><E71/><V96/><F96/><W68/><G68/><T108/><D108/><U61/><E73/><V54/><F54/><W36/><G2/><T93/><D24/><U91/><E72/><V16/><F16/><W10/><N who="3" m="12288" /><DORA hai="80" /><W34/><G34/><T18/><D4/><AGARI ba="0,0" hai="4,5,6,29,31,53,57,60,94,97,102" m="24585" machi="4" ten="30,3900,0" yaku="8,1,52,2" doraHai="27,80" who="2" fromWho="0" sc="250,-39,250,0,250,39,250,0" /><INIT seed="1,0,0,0,2,84" ten="211,250,289,250" oya="1" hai0="73,41,34,22,20,74,124,109,17,19,134,80,72" hai1="38,89,57,97,103,66,39,106,113,12,130,25,37" hai2="101,117,133,26,8,95,61,96,98,78,125,99,65" hai3="120,108,55,0,14,54,46,79,47,111,15,75,86"/><U119/><E119/><V48/><F117/><W67/><G120/><T40/><D34/><U77/><E113/><V131/><F133/><W9/><G0/><T123/><D134/><U121/><E121/><V88/><F131/><W82/><G67/><T126/><D123/><U1/><E1/><V6/><F125/><N who="0" m="48234" /><D80/><U90/><E77/><V33/><F78/><W13/><G9/><T129/><D109/><N who="3" m="42057" /><G75/><T4/><D4/><U112/><E112/><V69/><F48/><W76/><G79/><T10/><D10/><U42/><E42/><N who="0" m="16489" /><D129/><U11/><E25/><V28/><REACH who="2" step="1"/><F101/><REACH who="2" ten="211,250,279,250" step="2"/><W58/><G55/><T60/><D60/><AGARI ba="0,1" hai="13,14,15,46,47,54,58,60,76,82,86" m="42057" machi="60" ten="30,1000,0" yaku="14,1" doraHai="84" who="3" fromWho="0" sc="211,-10,250,0,279,0,250,20" /><INIT seed="2,0,0,4,3,19" ten="201,250,279,270" oya="2" hai0="133,80,0,121,4,132,69,98,128,30,25,73,46" hai1="57,113,39,131,22,43,119,82,89,41,81,87,20" hai2="103,75,35,27,63,48,44,88,38,3,23,51,72" hai3="71,28,77,91,85,67,59,110,135,58,118,33,40"/><V49/><F35/><W92/><G118/><T76/><D121/><U83/><E119/><V45/><F3/><W66/><G110/><T84/><D84/><U6/><E6/><V105/><F38/><W34/><G40/><N who="1" m="15434" /><E39/><V9/><F103/><W100/><G77/><T95/><D46/><U101/><E101/><V29/><F105/><W15/><G135/><N who="0" m="51787" /><D69/><U37/><E37/><V53/><F9/><W74/><G74/><T62/><D62/><U1/><E1/><V11/><F11/><W50/><G71/><T129/><D4/><U124/><E113/><V90/><F72/><W7/><G33/><N who="0" m="20687" /><D0/><U108/><E108/><V93/><F75/><W26/><G100/><AGARI ba="0,0" hai="73,76,80,95,98,100,128,129" m="20687,51787" machi="100" ten="30,1000,0" yaku="20,1" doraHai="19" who="0" fromWho="3" sc="201,10,250,0,279,0,270,-10" /><INIT seed="3,0,0,1,4,74" ten="211,250,279,260" oya="3" hai0="38,111,102,31,13,29,43,19,94,45,129,52,134" hai1="123,58,68,8,12,108,42,105,95,120,33,107,54" hai2="97,109,48,2,0,89,34,51,90,16,127,110,50" hai3="35,57,7,93,69,4,36,46,132,106,126,24,117"/><W73/><G57/><T122/><D122/><U87/><E68/><V112/><F112/><W66/><G93/><T114/><D111/><N who="2" m="42506" /><F127/><W76/><G7/><T28/><D129/><U9/><E33/><V59/><F34/><W84/><G84/><T82/><D134/><U115/><E108/><V18/><F59/><W125/><G4/><T60/><D114/><U124/><E42/><V113/><F113/><W128/><G117/><T63/><D52/><U78/><E124/><N who="3" m="47722" /><G106/><T96/><REACH who="0" step="1"/><D82/><REACH who="0" ten="201,250,279,260" step="2"/><U64/><E115/><V131/><F131/><W53/><G53/><T98/><D98/><U5/><E54/><V103/><F97/><W77/><G128/><T130/><D130/><U88/><E123/><V116/><F116/><W49/><G132/><T6/><D6/><U99/><E120/><V22/><F103/><W81/><G81/><T37/><D37/><U70/><E99/><V61/><F61/><N who="3" m="40143" /><G36/><T44/><D44/><U101/><E5/><V118/><F118/><W91/><G91/><N who="2" m="34825" /><F22/><AGARI ba="0,1" hai="13,19,22,28,29,31,38,43,45,60,63,94,96,102" machi="22" ten="40,1300,0" yaku="1,1,53,0" doraHai="74" doraHaiUra="3" who="0" fromWho="2" sc="201,23,250,0,279,-13,260,0" /><INIT seed="4,0,0,4,1,119" ten="224,250,266,260" oya="0" hai0="32,55,90,98,76,31,22,127,114,88,16,4,15" hai1="58,71,126,79,44,37,132,5,109,50,0,110,106" hai2="83,124,93,59,65,38,10,51,46,41,95,100,97" hai3="73,30,1,27,42,115,74,105,72,113,122,129,86"/><T12/><D114/><N who="3" m="43529" /><G1/><T118/><D118/><U82/><E132/><V123/><F124/><W131/><G105/><T128/><D128/><N who="3" m="49225" /><G42/><T57/><D127/><U78/><E78/><V64/><F123/><W19/><G86/><T26/><D76/><U120/><E126/><V68/><F83/><W117/><G19/><T112/><D98/><U52/><E71/><V47/><F68/><W84/><G84/><T45/><D45/><U104/><E120/><V3/><F59/><W2/><G2/><T130/><D130/><U21/><E21/><V111/><F111/><W53/><G53/><T56/><D56/><U6/><E110/><V54/><F3/><W13/><G13/><T60/><REACH who="0" step="1"/><D112/><REACH who="0" ten="214,250,266,260" step="2"/><U14/><E109/><V96/><REACH who="2" step="1"/><F10/><AGARI ba="0,1" hai="4,10,12,15,16,22,26,31,32,55,57,60,88,90" machi="10" ten="40,12000,1" yaku="1,1,2,1,54,2,53,0" doraHai="119" doraHaiUra="91" who="0" fromWho="2" sc="214,130,250,0,266,-120,260,0" /><INIT seed="4,1,0,5,3,94" ten="344,250,146,260" oya="0" hai0="34,43,69,114,65,83,109,117,38,95,80,23,75" hai1="61,13,37,68,100,11,52,132,131,60,22,84,2" hai2="5,93,4,78,107,108,16,73,62,89,33,126,127" hai3="115,18,130,90,21,10,49,125,53,79,67,71,86"/><T97/><D117/><U77/><E132/><V35/><F108/><W47/><G115/><T29/><D109/><U87/><E37/><V24/><F107/><W112/><G112/><T27/><D114/><U32/><E32/><V56/><F78/><W42/><G130/><T98/><D34/><U3/><E131/><V122/><F73/><W124/><G79/><T121/><D121/><U134/><E134/><V76/><F76/><W14/><G21/><T92/><D75/><U57/><E22/><N who="2" m="13383" /><F122/><W103/><G103/><N who="0" m="60839" /><D69/><U58/><E68/><V99/><F33/><W8/><G8/><T20/><D38/><U40/><E40/><V25/><F25/><W104/><G104/><T64/><D43/><U96/><E77/><V133/><F35/><W17/><G17/><T15/><D15/><U82/><E82/><N who="0" m="31273" /><D20/><U12/><E2/><V102/><F102/><AGARI ba="1,0" hai="23,27,29,64,65,95,98,102" m="31273,60839" machi="102" ten="30,5800,0" yaku="8,1,52,2" doraHai="94" who="0" fromWho="2" sc="344,61,250,0,146,-61,260,0" /><INIT seed="4,2,0,0,2,65" ten="405,250,85,260" oya="0" hai0="110,20,57,82,112,14,40,66,2,52,100,59,108" hai1="5,18,19,91,95,84,43,106,72,85,49,93,89" hai2="80,61,113,45,122,78,87,33,58,128,102,92,27" hai3="8,119,105,115,46,67,34,96,121,60,37,94,1"/><T117/><D117/><U118/><E118/><V71/><F122/><W76/><G76/><T127/><D2/><U97/><E72/><V130/><F113/><W36/><G94/><T98/><D127/><U135/><E135/><V48/><F33/><W99/><G96/><T41/><D112/><U56/><E5/><V79/><F27/><W69/><G115/><T101/><D82/><U4/><E4/><V11/><F11/><W81/><G81/><T77/><D77/><U132/><E132/><V35/><F35/><W90/><G90/><T75/><D75/><U68/><E68/><V30/><F30/><W64/><G64/><T55/><D66/><U88/><E106/><V50/><F79/><W129/><G119/><T114/><D114/><U124/><E124/><V3/><F3/><W47/><G47/><T16/><D98/><U103/><E103/><N who="0" m="39497" /><D110/><U73/><E73/><V12/><F71/><W123/><G34/><T44/><D44/><N who="1" m="25759" /><E56/><N who="0" m="21577" /><D108/><U120/><E120/><N who="3" m="46154" /><G99/><T131/><D131/><U0/><E0/><V74/><F128/><W83/><G105/><T15/><D15/><U38/><E38/><N who="3" m="14954" /><G46/><T134/><D134/><U70/><E70/><V9/><F130/><W29/><G83/><AGARI ba="2,0" hai="18,19,83,84,85,88,89,91,93,95,97" m="25759" machi="83" ten="30,2000,0" yaku="8,1,54,1" doraHai="65" who="1" fromWho="3" sc="405,0,250,26,85,0,260,-26" /><INIT seed="5,0,0,2,5,100" ten="405,276,85,234" oya="1" hai0="55,16,12,131,48,129,1,33,24,68,42,65,28" hai1="84,64,59,117,62,10,89,49,66,127,125,58,36" hai2="18,6,76,40,81,126,106,96,3,70,103,25,112" hai3="120,135,34,101,111,57,23,114,50,91,41,63,87"/><U134/><E117/><V11/><F126/><W130/><G120/><T2/><D42/><U61/><E36/><V133/><F133/><W72/><G34/><T90/><D65/><U80/><E134/><V44/><F112/><W124/><G72/><T7/><D90/><U93/><E10/><V13/><F70/><W99/><G111/><T9/><D68/><U19/><E19/><V77/><F25/><W31/><G114/><T22/><D1/><U56/><E80/><V119/><F119/><W83/><G130/><T69/><D69/><U27/><E27/><V15/><F18/><W26/><G124/><T78/><D78/><U108/><E108/><V79/><REACH who="2" step="1"/><F81/><REACH who="2" ten="405,276,75,234" step="2"/><W116/><G135/><T45/><AGARI ba="0,1" hai="2,7,9,12,16,22,24,28,33,45,48,55,129,131" machi="45" ten="30,7900,0" yaku="0,1,24,2,54,1" doraHai="100" who="0" fromWho="0" sc="405,89,276,-39,75,-20,234,-20" /><INIT seed="6,0,0,0,1,9" ten="494,237,55,214" oya="2" hai0="21,112,14,24,128,57,18,107,45,90,67,123,51" hai1="109,47,15,5,40,108,20,121,95,122,17,42,70" hai2="92,72,0,130,113,63,85,39,116,41,46,52,31" hai3="124,78,6,129,32,33,1,64,12,8,81,135,35"/><V102/><F116/><W56/><G135/><T76/><D107/><U7/><E70/><V87/><F72/><W49/><G129/><T27/><D123/><N who="1" m="47115" /><E95/><V97/><F113/><W110/><G124/><T44/><D128/><U26/><E42/><V86/><F130/><W80/><G110/><N who="1" m="42602" /><E26/><N who="0" m="9769" /><D76/><U55/><E55/><V16/><F31/><W13/><G80/><T77/><D77/><U100/><E100/><V106/><F0/><W117/><G117/><T11/><D112/><U38/><AGARI ba="0,0" hai="5,7,15,17,20,38,40,47" m="42602,47115" machi="38" ten="30,2000,0" yaku="13,1,52,1" doraHai="9" who="1" fromWho="1" sc="494,-5,237,20,55,-10,214,-5" /><INIT seed="7,0,0,5,2,122" ten="489,257,45,209" oya="3" hai0="78,89,135,32,47,37,134,112,128,72,86,126,106" hai1="81,15,61,87,26,49,39,123,96,79,74,62,4" hai2="51,66,55,114,3,36,99,20,101,48,64,100,117" hai3="69,110,34,91,104,22,18,42,31,133,84,121,129"/><W41/><G121/><T68/><RYUUKYOKU type="yao9" ba="0,0" sc="489,0,257,0,45,0,209,0" hai0="32,37,47,68,72,78,86,89,106,112,126,128,134,135" /><INIT seed="7,1,0,0,1,22" ten="489,257,45,209" oya="3" hai0="46,114,79,117,89,11,41,44,61,96,128,17,70" hai1="55,12,95,5,73,68,20,101,100,118,4,126,94" hai2="75,51,122,82,29,7,47,40,35,72,76,97,26" hai3="71,60,36,135,125,81,86,13,98,0,52,2,28"/><W62/><G36/><T45/><D117/><U59/><E68/><V34/><F122/><W91/><G135/><T105/><D128/><U33/><E33/><V77/><F7/><N who="1" m="2633" /><E73/><V124/><F124/><W112/><G112/><T18/><D114/><U58/><E126/><V104/><F104/><W23/><G125/><T64/><D89/><U108/><E108/><V132/><F132/><W102/><G62/><T127/><D79/><U25/><E12/><V50/><F97/><W30/><G30/><T113/><D18/><N who="1" m="12439" /><E59/><V78/><F78/><W120/><G120/><T43/><D61/><N who="1" m="36063" /><E118/><V10/><F10/><W65/><G52/><T21/><D96/><U99/><E94/><V134/><F134/><W133/><G133/><T9/><D105/><U24/><E24/><V19/><F19/><W49/><G49/><T83/><D83/><U80/><E80/><V42/><F34/><W106/><G13/><T92/><D43/><U111/><E111/><V57/><F57/><W1/><G23/><T38/><D38/><U115/><E115/><V88/><F88/><AGARI ba="1,0" hai="88,95,99,100,101" m="36063,12439,2633" machi="88" ten="30,7700,0" yaku="25,1,8,1,52,1,54,1" doraHai="22" who="1" fromWho="2" sc="489,0,257,80,45,-80,209,0" owari="489,58.9,337,13.7,-35,-53.5,209,-19.1" /></mjloggm>