<mjloggm ver="2.3"><GO type="169" lobby="0"/><UN n0="%E3%83%AA%E3%83%B3%E3%83%8D%E3%83%B3" n1="%E3%81%84%E3%81%A1" n2="%E3%81%8A%E3%81%98%E3%81%95%E3%82%93" n3="%56%69%76%79" dan="16,16,19,16" rate="2031.65,2074.83,2283.45,2113.93" sx="F,M,M,F"/><TAIKYOKU oya="0"/><INIT seed="0,0,0,0,4,5" ten="250,250,250,250" oya="0" hai0="79,127,62,34,93,32,35,128,101,106,131,113,85" hai1="87,42,4,22,121,84,122,25,107,130,105,90,16" hai2="3,100,36,96,39,19,31,135,1,26,67,69,70" hai3="92,98,77,82,75,21,24,76,51,27,60,2,97"/><T64/><D113/><U45/><E130/><N who="0" m="49705" /><D127/><U68/><E68/><N who="2" m="26219" /><F67/><W120/><G77/><T29/><D106/><U112/><E112/><V47/><F19/><W38/><G38/><N who="2" m="14377" /><F47/><W71/><G2/><T28/><D101/><U41/><E4/><V99/><F99/><W74/><G74/><T134/><D93/><U56/><E56/><V115/><F135/><W114/><G114/><T89/><D134/><U40/><E45/><V111/><F111/><W53/><G120/><T78/><D89/><U125/><E125/><V20/><F20/><W57/><G21/><T15/><D79/><U66/><E66/><V124/><F124/><W17/><G98/><T37/><D37/><U33/><E90/><V49/><F49/><W54/><G17/><T12/><D29/><U91/><E91/><V14/><F14/><W58/><REACH who="3" step="1"/><G71/><REACH who="3" ten="250,250,250,240" step="2"/><N who="0" m="42391" /><D28/><U126/><E126/><V104/><F115/><W94/><G94/><T65/><D78/><U80/><E105/><V83/><F83/><W119/><G119/><T73/><D73/><U11/><E80/><V63/><F31/><W6/><G6/><T52/><D34/><U48/><E33/><V23/><F96/><W61/><G61/><T59/><D32/><U9/><E107/><V46/><F63/><W43/><G43/><T0/><D35/><U95/><E95/><V133/><F133/><W55/><G55/><T123/><D123/><U18/><E122/><V88/><F104/><W13/><G13/><N who="0" m="5195" /><D0/><U10/><E121/><V102/><F1/><W116/><G116/><T81/><D52/><U44/><E18/><V72/><F3/><RYUUKYOKU ba="0,1" sc="250,-15,250,15,250,-15,240,15" hai1="9,10,11,16,22,25,40,41,42,44,48,84,87" hai3="24,27,51,53,54,57,58,60,75,76,82,92,97" /><INIT seed="1,1,1,1,4,10" ten="235,265,235,255" oya="1" hai0="96,98,106,33,86,72,0,57,5,105,19,88,89" hai1="131,124,108,84,121,95,28,83,101,32,46,63,22" hai2="132,115,17,27,85,123,55,21,116,58,45,54,15" hai3="39,126,65,128,78,59,102,23,69,31,93,51,80"/><U127/><E121/><V6/><F123/><W13/><G39/><T35/><D72/><U118/><E118/><V18/><F116/><W129/><G126/><N who="1" m="48170" /><E32/><V14/><F132/><W61/><G69/><T77/><D5/><U94/><E131/><N who="3" m="50250" /><G51/><T49/><D0/><U12/><E108/><V97/><F115/><W29/><G93/><T79/><D19/><N who="1" m="10599" /><E28/><V3/><F3/><W112/><G102/><T125/><D125/><U119/><E119/><V47/><F97/><W107/><G107/><T4/><D4/><U76/><E101/><V67/><F85/><N who="3" m="48279" /><G112/><T40/><D86/><U25/><E25/><V41/><F6/><W52/><G65/><T90/><D106/><U7/><E7/><V111/><F111/><W70/><G70/><T60/><D105/><U135/><E135/><V104/><F104/><W71/><G71/><T75/><D75/><U117/><E117/><V74/><F74/><W42/><G42/><T53/><D33/><U26/><E46/><N who="2" m="17419" /><F41/><W48/><G31/><T73/><D73/><U56/><E26/><V114/><F114/><W38/><G29/><T92/><D35/><U100/><E100/><V113/><F113/><W91/><G91/><N who="0" m="34827" /><D98/><U81/><E83/><V133/><F133/><W130/><G130/><T36/><D36/><U64/><AGARI ba="1,1" hai="56,63,64,76,81,84,94,95" m="10599,48170" machi="64" ten="30,3000,0" yaku="18,1,52,1" doraHai="10" who="1" fromWho="1" sc="235,-11,265,43,235,-11,255,-11" /><INIT seed="1,2,0,1,5,1" ten="224,308,224,244" oya="1" hai0="12,39,80,2,21,100,0,60,118,95,124,126,131" hai1="79,6,4,112,107,32,108,87,19,70,41,11,86" hai2="61,89,64,33,46,128,15,24,77,122,14,102,5" hai3="82,31,75,49,83,104,28,121,69,58,110,134,74"/><U78/><E112/><V43/><F122/><W30/><G121/><T135/><D118/><U59/><E70/><V106/><F128/><W92/><G69/><T113/><D113/><U115/><E32/><V103/><F77/><N who="1" m="29193" /><E107/><V99/><F102/><W123/><G104/><T51/><D39/><U120/><E120/><V93/><F33/><W56/><G110/><T76/><D131/><U42/><E59/><V22/><F61/><W109/><G109/><T133/><D60/><U71/><E71/><V127/><F64/><W81/><G123/><T29/><D51/><U62/><E62/><V3/><F127/><N who="0" m="48682" /><D100/><U44/><E115/><V26/><F26/><W66/><G49/><T16/><D29/><U8/><E19/><V130/><F130/><W52/><G66/><T72/><D95/><U50/><E42/><V88/><F3/><AGARI ba="2,0" hai="0,2,3,12,16,21,72,76,80,133,135" m="48682" machi="3" ten="30,2000,0" yaku="18,1,54,1" doraHai="1" who="0" fromWho="2" sc="224,26,308,0,224,-26,244,0" /><INIT seed="2,0,0,4,3,81" ten="250,308,198,244" oya="2" hai0="84,126,50,105,32,129,7,25,90,87,44,18,46" hai1="49,61,34,112,57,107,111,17,21,60,52,75,23" hai2="101,59,19,102,86,58,30,53,132,13,70,96,41" hai3="29,26,125,131,35,114,20,115,37,33,92,45,135"/><V98/><F70/><W73/><G73/><T120/><D120/><U117/><E112/><N who="3" m="43050" /><G125/><T127/><D105/><U82/><E117/><V54/><F41/><N who="3" m="22703" /><G131/><T74/><D74/><U42/><E34/><N who="3" m="12810" /><G92/><T79/><D129/><U12/><E111/><V56/><F132/><AGARI ba="0,0" hai="20,26,29,132,135" m="12810,22703,43050" machi="132" ten="40,1300,0" yaku="11,1" doraHai="81" who="3" fromWho="2" sc="250,0,308,0,198,-13,244,13" /><INIT seed="3,0,0,1,0,8" ten="250,308,185,257" oya="3" hai0="49,67,102,71,97,118,40,94,25,73,123,27,87" hai1="63,20,6,70,69,81,89,96,44,92,19,58,15" hai2="62,17,117,125,9,79,41,33,90,30,106,38,59" hai3="60,122,11,88,99,50,130,28,21,121,105,109,116"/><W43/><G116/><T64/><D73/><U74/><E6/><V53/><F117/><W14/><G130/><T85/><D123/><U113/><E113/><V32/><F125/><W1/><G1/><T124/><D124/><U51/><E74/><V91/><F106/><W128/><G128/><T52/><D40/><U3/><E3/><V131/><F131/><W114/><G114/><T34/><D118/><U65/><REACH who="1" step="1"/><E81/><REACH who="1" ten="250,298,185,257" step="2"/><V127/><F127/><W37/><G121/><T100/><D71/><U48/><E48/><V46/><F38/><W78/><G50/><T111/><D111/><U119/><E119/><V101/><F33/><W2/><G37/><T5/><D5/><U95/><E95/><V108/><F32/><W129/><G109/><T16/><D34/><U0/><E0/><V61/><F108/><W54/><G2/><T10/><D94/><U26/><E26/><V77/><F62/><W75/><G60/><T135/><D25/><U47/><E47/><V42/><F46/><W76/><G75/><T4/><D27/><U36/><E36/><V57/><F61/><W83/><G83/><T134/><D4/><U39/><E39/><V120/><F120/><W84/><G122/><T80/><D80/><U35/><E35/><V115/><F115/><W22/><G129/><T110/><D110/><U23/><E23/><V107/><F107/><W31/><G22/><T18/><D49/><U112/><E112/><V55/><F9/><W93/><G11/><T68/><D10/><U45/><E45/><V103/><F30/><W132/><G105/><T133/><D68/><RYUUKYOKU ba="0,1" sc="250,-15,298,15,185,15,257,-15" hai1="15,19,20,44,51,58,63,65,69,70,89,92,96" hai2="17,41,42,53,55,57,59,77,79,90,91,101,103" /><INIT seed="4,1,1,3,1,73" ten="235,313,200,242" oya="0" hai0="99,124,114,22,44,11,126,110,20,72,25,48,8" hai1="62,30,32,34,133,131,105,54,5,12,18,39,56" hai2="38,130,28,57,70,69,116,63,102,97,33,111,19" hai3="76,115,0,122,60,84,118,24,108,1,127,109,71"/><T27/><D72/><U49/><E39/><V64/><F111/><W61/><G118/><T83/><D110/><U106/><E5/><V79/><F38/><W103/><G103/><T82/><D99/><U35/><E131/><V87/><F130/><W16/><G115/><T41/><D114/><U67/><E30/><V86/><F116/><W92/><G127/><N who="0" m="48683" /><D22/><U47/><REACH who="1" step="1"/><E133/><REACH who="1" ten="235,303,200,242" step="2"/><V90/><F28/><W51/><G109/><T78/><D27/><U125/><E125/><V75/><F19/><W93/><G16/><N who="0" m="12423" /><D83/><U36/><E36/><V15/><F33/><W26/><G26/><T42/><D42/><U10/><AGARI ba="1,2" hai="10,12,18,32,34,35,47,49,54,56,62,67,105,106" machi="10" ten="30,2000,0" yaku="1,1,0,1,53,0" doraHai="73" doraHaiUra="96" who="1" fromWho="1" sc="235,-11,303,43,200,-6,242,-6" /><INIT seed="5,0,0,2,0,112" ten="224,346,194,236" oya="1" hai0="25,34,97,42,79,89,61,24,105,109,91,67,45" hai1="59,101,73,29,92,52,77,37,116,134,87,53,40" hai2="123,30,27,26,126,13,129,83,51,99,1,120,71" hai3="132,6,130,103,72,60,127,19,117,104,11,119,5"/><U22/><E116/><N who="3" m="44618" /><G127/><T135/><D109/><U36/><E134/><V114/><F1/><W106/><G132/><T78/><D135/><U70/><E70/><V31/><F71/><W111/><G72/><T8/><D8/><U16/><E29/><V33/><F126/><W113/><G111/><T48/><D89/><N who="1" m="53311" /><E101/><V3/><F3/><N who="3" m="447" /><G113/><T50/><D48/><N who="1" m="31111" /><E53/><V98/><F114/><W128/><G6/><T76/><D34/><U86/><E86/><V96/><F33/><W62/><G19/><T2/><D105/><N who="3" m="40553" /><G103/><T64/><D2/><U17/><E17/><V131/><F31/><W39/><G39/><T80/><D25/><U110/><E110/><V85/><F27/><W35/><G35/><T43/><D24/><U102/><E102/><V115/><F115/><W56/><G62/><T7/><D61/><U125/><E125/><V9/><F26/><W84/><G84/><T58/><D7/><U0/><E0/><V82/><F30/><W54/><AGARI ba="0,0" hai="54,56,60,128,130" m="40553,447,44618" machi="54" ten="40,8000,1" yaku="12,1,52,3" doraHai="112" who="3" fromWho="3" sc="224,-20,346,-40,194,-20,236,80" /><INIT seed="6,0,0,1,4,132" ten="204,306,174,316" oya="2" hai0="110,108,94,48,52,27,72,85,93,69,33,49,99" hai1="5,28,16,117,101,102,114,98,109,56,59,90,9" hai2="111,66,23,130,73,81,17,21,32,14,71,79,13" hai3="40,122,77,0,87,134,129,4,26,74,31,106,68"/><V119/><F119/><W100/><G87/><T131/><D72/><U62/><E109/><V53/><F32/><N who="3" m="20599" /><G122/><T80/><D131/><U12/><E117/><V133/><F133/><W76/><G76/><T35/><D69/><U47/><E114/><V29/><F130/><W112/><G112/><T89/><D49/><U44/><E28/><V18/><F29/><W3/><G40/><T75/><D27/><U22/><E90/><V58/><F111/><W60/><G4/><T51/><D51/><U50/><E62/><V124/><F124/><W38/><G38/><T97/><D75/><U41/><E44/><V54/><REACH who="2" step="1"/><F58/><REACH who="2" ten="204,306,164,316" step="2"/><W15/><G129/><T24/><D110/><U78/><E59/><V116/><F116/><W96/><G134/><T37/><D108/><U84/><E56/><V118/><F118/><W120/><G120/><T115/><D115/><U61/><E61/><AGARI ba="0,1" hai="13,14,17,18,21,23,53,54,61,66,71,73,79,81" machi="61" ten="40,3900,0" yaku="1,1,9,1,53,0" doraHai="132" doraHaiUra="125" who="2" fromWho="1" sc="204,0,306,-39,164,49,316,0" /><INIT seed="6,1,0,1,3,114" ten="204,267,213,316" oya="2" hai0="107,85,131,35,53,70,43,16,76,18,133,55,47" hai1="44,8,28,64,7,12,36,62,126,56,34,86,24" hai2="6,61,106,31,51,19,108,30,83,63,10,13,134" hai3="54,41,97,20,117,42,116,71,15,48,96,23,103"/><V37/><F37/><W104/><G71/><T124/><D35/><U22/><E126/><V68/><F106/><W5/><G5/><T112/><D70/><U58/><E58/><V119/><F119/><W101/><G15/><T78/><D107/><U123/><E123/><V52/><F134/><W11/><G11/><T129/><D112/><U74/><E74/><V21/><F108/><W125/><G125/><T99/><D99/><U109/><E109/><V46/><F83/><W89/><G89/><T66/><D66/><U120/><E120/><V79/><F79/><N who="0" m="30250" /><D85/><U33/><REACH who="1" step="1"/><E86/><REACH who="1" ten="204,257,213,316" step="2"/><V69/><F69/><W80/><G80/><T84/><D84/><U65/><E65/><V91/><F68/><W2/><G2/><T17/><D124/><U95/><E95/><V115/><F115/><W130/><G104/><T59/><D59/><U57/><E57/><V39/><F39/><W135/><G135/><T88/><D133/><U75/><E75/><V105/><F105/><W100/><G96/><T38/><D38/><U87/><E87/><V0/><REACH who="2" step="1"/><F91/><REACH who="2" ten="204,257,203,316" step="2"/><W110/><G110/><T102/><D88/><U72/><E72/><V93/><F93/><W9/><G116/><T4/><D102/><U40/><AGARI ba="1,2" hai="7,8,12,22,24,28,33,34,36,40,44,56,62,64" machi="40" ten="30,2000,0" yaku="1,1,0,1,53,0" doraHai="114" doraHaiUra="14" who="1" fromWho="1" sc="204,-6,257,43,203,-11,316,-6" /><INIT seed="7,0,0,0,4,5" ten="198,300,192,310" oya="3" hai0="56,108,75,66,133,119,62,10,76,52,118,122,88" hai1="43,121,102,73,100,30,86,21,25,11,67,112,63" hai2="17,135,45,130,123,110,44,104,35,127,61,13,12" hai3="134,117,114,59,57,98,16,1,132,20,89,77,22"/><W125/><G117/><T47/><D122/><U115/><E121/><V33/><F123/><W116/><G116/><T70/><D108/><U14/><E73/><V129/><F110/><W58/><G1/><T68/><D76/><U36/><E36/><V15/><F104/><W51/><G114/><N who="1" m="43562" /><E86/><V71/><F127/><W2/><G2/><T41/><D70/><N who="1" m="42367" /><E43/><V8/><F135/><N who="3" m="51755" /><G125/><T69/><D69/><U4/><AGARI ba="0,0" hai="4,11,14,21,25,30,100,102" m="42367,43562" machi="4" ten="30,2000,0" yaku="15,1,52,1" doraHai="5" who="1" fromWho="1" sc="198,-5,300,20,192,-5,310,-10" owari="193,-20.7,320,42.0,187,-31.3,300,10.0" /></mjloggm>