<mjloggm ver="2.3"><GO type="169" lobby="0"/><UN n0="%6D%73%64%31%31%32%30" n1="%E7%99%BD%E3%81%AE%E7%A9%BA" n2="%EF%BC%AE%EF%BC%A1%EF%BC%AF%33%33%39" n3="%E3%83%9F%E3%83%8D%E3%83%A9%E3%83%AB" dan="17,17,16,18" rate="2204.43,2145.34,2127.00,2275.74" sx="M,M,M,M"/><TAIKYOKU oya="0"/><INIT seed="0,0,0,3,5,56" ten="250,250,250,250" oya="0" hai0="75,47,79,4,37,61,29,58,105,26,57,110,126" hai1="125,40,134,122,62,90,124,59,100,1,76,21,22" hai2="30,132,123,95,115,97,69,89,33,7,88,135,3" hai3="10,111,119,38,60,85,104,19,44,96,24,41,78"/><T15/><D105/><U131/><E122/><V107/><F107/><W92/><G119/><T50/><D126/><U28/><E76/><V17/><F123/><W20/><G111/><T18/><D37/><U77/><E77/><V68/><F115/><W35/><G104/><T23/><D4/><U66/><E131/><V99/><F17/><W73/><G73/><T102/><D102/><U93/><E134/><N who="2" m="51243" /><F30/><W27/><G10/><T84/><D75/><U45/><E1/><V53/><F33/><W121/><G121/><T64/><D110/><U74/><E74/><V118/><F118/><W133/><G133/><T42/><D79/><U65/><E65/><V86/><F53/><W103/><G85/><T81/><D81/><U82/><E82/><N who="2" m="49239" /><F99/><W129/><G129/><T12/><D84/><U71/><E28/><V101/><F101/><W94/><G94/><T116/><D116/><U63/><E100/><V11/><AGARI ba="0,0" hai="3,7,11,68,69,89,95,97" m="49239,51243" machi="11" ten="30,2000,0" yaku="20,1,54,1" doraHai="56" who="2" fromWho="2" sc="250,-10,250,-5,250,20,250,-5" /><INIT seed="1,0,0,3,0,44" ten="240,245,270,245" oya="1" hai0="88,76,52,55,78,72,21,46,111,120,60,109,124" hai1="0,6,37,1,132,51,20,130,41,82,34,84,11" hai2="125,39,3,17,54,107,117,29,74,58,115,40,129" hai3="18,49,35,108,31,122,100,106,7,15,96,102,101"/><U80/><E34/><V45/><F107/><W73/><G73/><T42/><D120/><U10/><E132/><V50/><F74/><W116/><G122/><T13/><D124/><U95/><E130/><V63/><F3/><W77/><G77/><T97/><D78/><U28/><E37/><V113/><F29/><W33/><G108/><N who="0" m="41547" /><D76/><U19/><E28/><V24/><F24/><W85/><G85/><T68/><D72/><U57/><E95/><V135/><F17/><W25/><G116/><T94/><D21/><U27/><E84/><V110/><F110/><W71/><G7/><T131/><D13/><U118/><E118/><V43/><F117/><W23/><G35/><T67/><D131/><U62/><E10/><V133/><F129/><W38/><G38/><AGARI ba="0,0" hai="38,42,46,52,55,60,67,68,88,94,97" m="41547" machi="38" ten="30,3900,0" yaku="14,1,54,2" doraHai="44" who="0" fromWho="3" sc="240,39,245,0,270,0,245,-39" /><INIT seed="2,0,0,3,4,64" ten="279,245,270,206" oya="2" hai0="115,93,9,84,55,69,39,56,58,41,20,108,24" hai1="44,131,15,79,1,70,25,36,14,60,73,10,76" hai2="77,13,12,4,117,48,80,61,47,125,32,124,34" hai3="74,19,103,90,49,82,52,83,75,42,46,106,66"/><V88/><F117/><W94/><G106/><T28/><D108/><U107/><E131/><V62/><F62/><W22/><G103/><T95/><D39/><U123/><E123/><V11/><F13/><W96/><G66/><T135/><D41/><U43/><E107/><V126/><F61/><W67/><G67/><T113/><D58/><U6/><E76/><V101/><F101/><W86/><G42/><T105/><D105/><U54/><E25/><V116/><F116/><W119/><G119/><T18/><D69/><U38/><E38/><V120/><F120/><W71/><G71/><T37/><D37/><U57/><REACH who="1" step="1"/><E70/><REACH who="1" ten="279,235,270,206" step="2"/><V99/><F77/><W78/><REACH who="3" step="1"/><G82/><AGARI ba="0,1" hai="1,6,10,14,15,36,43,44,54,57,60,73,79,82" machi="82" ten="40,8000,1" yaku="1,1,2,1,25,2,53,1" doraHai="64" doraHaiUra="72" who="1" fromWho="3" sc="279,0,235,90,270,0,206,-80" /><INIT seed="3,0,0,0,5,43" ten="279,325,270,126" oya="3" hai0="80,14,119,27,24,85,92,70,16,29,104,0,11" hai1="71,106,10,75,19,53,113,61,121,135,86,72,78" hai2="109,22,65,41,56,90,89,45,50,126,118,51,134" hai3="79,69,58,28,48,99,74,125,130,97,59,84,52"/><W20/><G130/><T124/><D70/><U91/><E121/><V31/><F118/><W6/><G125/><T105/><D119/><U98/><E113/><V110/><F126/><W127/><G127/><T76/><D0/><U133/><E78/><V42/><F31/><W40/><G74/><T12/><D124/><U66/><E53/><V102/><F102/><W83/><G69/><T26/><D92/><U35/><E35/><V47/><F22/><W95/><G6/><T116/><D116/><U73/><E98/><V107/><F107/><W39/><G39/><T18/><REACH who="0" step="1"/><D29/><REACH who="0" ten="269,325,270,126" step="2"/><U25/><E106/><V37/><F134/><W82/><G82/><T128/><D128/><U120/><E133/><V33/><F33/><W60/><G95/><T67/><D67/><U115/><E135/><V103/><F103/><W114/><G114/><T46/><D46/><U63/><E115/><V111/><F65/><W123/><G123/><T36/><D36/><U5/><E120/><V13/><F13/><W3/><G3/><T32/><D32/><U96/><E66/><V30/><F30/><W112/><G112/><T8/><AGARI ba="0,1" hai="8,11,12,14,16,18,24,26,27,76,80,85,104,105" machi="8" ten="30,12000,2" yaku="1,1,0,1,9,1,54,1,53,3" doraHai="43" doraHaiUra="21" who="0" fromWho="0" sc="269,130,325,-30,270,-30,126,-60" /><INIT seed="4,0,0,5,1,24" ten="399,295,240,66" oya="0" hai0="35,114,80,5,69,122,9,18,57,100,104,6,83" hai1="7,106,34,87,58,98,125,44,124,79,127,25,119" hai2="4,51,96,134,81,28,109,102,59,0,123,92,56" hai3="103,95,36,128,94,11,133,22,43,111,19,38,40"/><T46/><D122/><U99/><E119/><V70/><F70/><W131/><G111/><T63/><D69/><U21/><E34/><V2/><F109/><W93/><G11/><T118/><D118/><U105/><E7/><V129/><F123/><W107/><G107/><N who="1" m="40970" /><E44/><V126/><F126/><W1/><G1/><T67/><D35/><U13/><E13/><V53/><F4/><W10/><G10/><T74/><D74/><U89/><E58/><V17/><F17/><W90/><G103/><T86/><D18/><N who="1" m="12471" /><E79/><V62/><F2/><W132/><G90/><T85/><D6/><U29/><E29/><V32/><F0/><W73/><G73/><T130/><D100/><U112/><E112/><V116/><F116/><W110/><G110/><T120/><D114/><U97/><E87/><V101/><F101/><W8/><G8/><T55/><D120/><U68/><E68/><V78/><F28/><W48/><G48/><N who="0" m="29079" /><D104/><U113/><E113/><V23/><F32/><W91/><G91/><AGARI ba="0,0" hai="89,91,97,98,99,124,125,127" m="12471,40970" machi="91" ten="40,1300,0" yaku="18,1" doraHai="24" who="1" fromWho="3" sc="399,0,295,13,240,0,66,-13" /><INIT seed="5,0,0,0,0,89" ten="399,308,240,53" oya="1" hai0="69,2,73,21,32,134,26,36,51,76,63,48,19" hai1="7,101,72,84,88,87,50,67,114,132,98,41,46" hai2="44,78,99,107,61,25,52,9,39,110,65,49,24" hai3="133,57,125,6,77,45,58,1,22,4,15,124,3"/><U43/><E72/><V90/><F110/><W121/><G45/><T129/><D134/><U122/><E122/><V35/><F35/><W42/><G42/><T53/><D36/><U94/><E132/><V95/><F107/><W60/><G133/><T100/><D2/><U131/><E131/><V5/><F78/><W27/><G77/><T14/><D73/><U54/><E114/><V80/><F80/><W12/><G60/><T47/><D76/><U128/><E128/><V37/><F37/><W74/><G74/><T127/><D127/><N who="3" m="48713" /><G57/><T126/><D126/><U11/><E67/><V111/><F111/><W86/><G58/><T17/><D100/><U79/><E87/><V118/><F118/><W38/><G86/><T71/><D32/><U34/><E34/><V96/><F96/><W116/><G38/><T119/><D129/><U59/><E79/><V97/><F97/><W62/><G62/><T56/><D51/><U10/><E7/><N who="3" m="2602" /><G121/><T91/><D119/><U109/><E109/><V103/><F103/><W117/><G117/><T40/><D91/><U82/><E43/><V23/><F39/><AGARI ba="0,0" hai="10,11,39,41,46,50,54,59,82,84,88,94,98,101" machi="39" ten="30,5800,0" yaku="7,1,52,1,54,1" doraHai="89" who="1" fromWho="2" sc="399,0,308,58,240,-58,53,0" /><INIT seed="5,1,0,3,1,130" ten="399,366,182,53" oya="1" hai0="1,112,46,47,70,107,8,28,102,20,76,127,21" hai1="99,90,131,81,10,122,118,2,79,87,6,52,111" hai2="93,85,53,22,4,3,55,113,92,25,57,24,82" hai3="108,109,61,97,115,56,96,62,18,17,105,103,32"/><U0/><E118/><V16/><F113/><W66/><G115/><T12/><D70/><U9/><E122/><V71/><F71/><W101/><G32/><T48/><D127/><U88/><E131/><V64/><F3/><W78/><G78/><T98/><D1/><U110/><E52/><N who="2" m="20043" /><F4/><W35/><G35/><T39/><D39/><U45/><E45/><V68/><F68/><W133/><G56/><T59/><D59/><U73/><E99/><V51/><F25/><W72/><G72/><T42/><D47/><U60/><E60/><N who="2" m="37903" /><F51/><W38/><G38/><T26/><D76/><AGARI ba="1,0" hai="16,22,24,76,82,85,92,93" m="37903,20043" machi="76" ten="30,3900,0" yaku="8,1,54,2" doraHai="130" who="2" fromWho="0" sc="399,-42,366,0,182,42,53,0" /><INIT seed="6,0,0,0,3,99" ten="357,366,224,53" oya="2" hai0="26,3,1,12,37,113,22,50,52,104,70,19,40" hai1="133,119,112,106,131,32,130,13,85,61,69,88,114" hai2="123,91,135,93,20,94,98,111,25,121,14,118,92" hai3="34,23,63,58,59,62,10,8,21,127,55,36,56"/><V87/><F118/><W4/><G34/><T83/><D70/><U27/><E119/><V129/><F129/><N who="1" m="49161" /><E133/><V96/><F135/><W7/><G127/><T16/><D104/><U76/><E106/><V66/><F66/><W97/><G36/><T2/><D113/><N who="1" m="43627" /><E76/><V24/><F111/><W31/><G97/><T105/><D105/><U95/><E13/><V48/><F48/><W75/><G75/><T43/><D37/><U53/><E69/><V81/><F121/><W57/><G31/><T67/><D83/><U38/><E38/><V126/><F126/><W6/><N who="3" m="14336" /><DORA hai="42" /><W11/><REACH who="3" step="1"/><G55/><REACH who="3" ten="357,366,224,43" step="2"/><T5/><D52/><U107/><E53/><V72/><F72/><W77/><G77/><T28/><D28/><N who="1" m="19487" /><E107/><V68/><F123/><W124/><G124/><T108/><D108/><U110/><E110/><V60/><F68/><W125/><G125/><T132/><D132/><U90/><E90/><V100/><F60/><AGARI ba="0,1" hai="4,6,7,8,10,11,21,23,60,62,63" m="14336" machi="60" ten="60,12000,2" yaku="1,1,29,2,28,2,8,1,53,0" doraHai="99,42" doraHaiUra="33,47" who="3" fromWho="2" sc="357,0,366,0,224,-120,43,130" /><AGARI ba="0,0" hai="60,61,85,88,95" m="19487,43627,49161" machi="60" ten="30,3900,0" yaku="19,1,15,1,54,1" doraHai="99,42" who="1" fromWho="2" sc="357,0,366,39,104,-39,173,0" /><INIT seed="7,0,0,3,1,68" ten="357,405,65,173" oya="3" hai0="131,20,112,126,28,10,36,32,18,105,58,115,96" hai1="37,107,89,30,39,40,97,103,61,100,43,123,14" hai2="114,64,41,102,71,99,23,8,60,65,86,12,26" hai3="84,57,121,42,55,91,31,132,135,67,22,95,82"/><W5/><G121/><T109/><D109/><U45/><E123/><V130/><F114/><N who="0" m="43562" /><D58/><U73/><E73/><V92/><F130/><W16/><G67/><T125/><D105/><U62/><E30/><V0/><F0/><W117/><G117/><T98/><D36/><U13/><E89/><V113/><F113/><W79/><G5/><T9/><D98/><U94/><E107/><V59/><F71/><W2/><G2/><T127/><D96/><U93/><E97/><V83/><F41/><W116/><G116/><T7/><D131/><U33/><E45/><V122/><F122/><W66/><G66/><T134/><D134/><N who="3" m="51241" /><G31/><T110/><D110/><U1/><E1/><V34/><F34/><AGARI ba="0,0" hai="13,14,33,34,37,39,40,43,61,62,93,94,100,103" machi="34" ten="25,6400,0" yaku="22,2,52,2" doraHai="68" who="1" fromWho="2" sc="357,0,405,64,65,-64,173,0" owari="357,15.7,469,56.9,1,-49.9,173,-22.7" /></mjloggm>