<mjloggm ver="2.3"><GO type="169" lobby="0"/><UN n0="%E3%81%9F%E3%81%8B%E3%81%AF%E3%81%97%E3%81%83%E3%81%83%E3%81%83" n1="%70%61%77%61" n2="%E5%BE%A1%E5%BD%B1%E3%82%86%E3%81%9A%E3%81%8D" n3="%67%6F%67%6F%2D%E3%82%B4%E3%83%AA%E3%83%A9" dan="16,18,16,17" rate="2100.84,2310.18,2140.37,2172.28" sx="M,M,M,M"/><TAIKYOKU oya="0"/><INIT seed="0,0,0,5,4,12" ten="250,250,250,250" oya="0" hai0="40,31,42,6,35,130,107,55,39,30,90,22,128" hai1="7,51,105,26,5,81,20,127,126,15,17,8,44" hai2="70,134,54,119,101,32,82,13,14,2,59,28,104" hai3="1,46,49,0,62,33,80,57,56,113,63,115,66"/><T135/><D135/><U95/><E105/><V36/><F2/><W11/><G33/><T120/><D120/><U93/><E81/><V131/><F36/><W73/><G73/><T83/><D107/><U132/><E132/><V123/><F70/><W60/><G80/><T76/><D35/><U45/><E45/><V48/><F82/><W72/><G72/><T18/><D6/><U84/><E5/><V23/><F32/><W38/><G38/><T106/><D106/><U125/><REACH who="1" step="1"/><E84/><REACH who="1" ten="250,240,250,250" step="2"/><V24/><F104/><W37/><G46/><T74/><D83/><U77/><E77/><V71/><F134/><W41/><G115/><T61/><D76/><U34/><E34/><V98/><F123/><W92/><G113/><T109/><D74/><U65/><E65/><V64/><F64/><W79/><G66/><T21/><D128/><U96/><E96/><V102/><F131/><W25/><G79/><T133/><D130/><U89/><E89/><V29/><F101/><W58/><G0/><T69/><D90/><U78/><E78/><V3/><F3/><W118/><G1/><T91/><D91/><U88/><E88/><V97/><F102/><W122/><G122/><T108/><D133/><U111/><E111/><V100/><F100/><W86/><G86/><T50/><D108/><U129/><E129/><V47/><F97/><W114/><G114/><T10/><D109/><U52/><AGARI ba="0,1" hai="7,8,15,17,20,26,44,51,52,93,95,125,126,127" machi="52" ten="30,8000,1" yaku="1,1,0,1,18,1,52,1,54,1,53,0" doraHai="12" doraHaiUra="87" who="1" fromWho="1" sc="250,-40,240,90,250,-20,250,-20" /><INIT seed="1,0,0,0,3,32" ten="210,330,230,230" oya="1" hai0="53,85,101,92,1,2,49,0,63,91,68,108,24" hai1="9,69,89,131,6,31,56,127,28,40,134,60,93" hai2="3,110,64,70,78,27,124,111,51,38,76,17,88" hai3="102,130,4,67,125,39,47,86,45,30,123,118,95"/><U14/><E69/><V22/><F38/><W46/><G123/><T18/><D108/><N who="2" m="41514" /><F124/><W62/><G125/><T94/><D24/><U20/><E127/><V15/><F51/><W59/><G130/><T90/><D18/><U128/><E134/><V133/><F133/><W23/><G118/><T132/><D101/><U58/><E40/><V100/><F100/><W81/><G39/><T113/><D132/><U61/><E128/><V54/><F54/><W48/><G4/><T83/><D113/><U121/><E121/><V10/><F88/><W79/><G23/><T115/><D115/><U8/><E8/><V13/><F3/><W120/><G30/><T7/><D7/><U34/><E34/><V82/><F82/><W119/><G119/><T36/><D36/><U42/><E42/><V21/><F21/><W114/><G114/><T12/><D12/><N who="2" m="4682" /><F10/><W43/><G120/><T41/><D41/><U112/><E112/><V135/><F135/><W73/><G73/><T126/><D126/><U44/><E44/><V29/><F29/><N who="1" m="11337" /><E20/><V19/><F19/><W107/><G107/><T35/><D35/><U57/><E131/><V37/><F37/><W52/><REACH who="3" step="1"/><G43/><REACH who="3" ten="210,330,230,220" step="2"/><T55/><D90/><U80/><E80/><V87/><F22/><W5/><G5/><T50/><D83/><U97/><AGARI ba="0,1" hai="6,9,14,56,57,58,60,61,89,93,97" m="11337" machi="97" ten="30,1500,0" yaku="8,1" doraHai="32" who="1" fromWho="1" sc="210,-5,330,25,230,-5,220,-5" /><INIT seed="1,1,0,3,5,97" ten="205,355,225,215" oya="1" hai0="52,5,10,40,64,62,7,117,42,131,133,14,124" hai1="1,84,134,63,46,108,102,12,89,116,70,92,115" hai2="32,54,135,47,18,96,20,87,95,6,125,68,39" hai3="93,121,82,57,71,44,86,101,77,8,41,122,51"/><U114/><E116/><V26/><F68/><W106/><G71/><T16/><D117/><U2/><E134/><V98/><F135/><W23/><G106/><T11/><D133/><U127/><E127/><V35/><F125/><W4/><G23/><T111/><D124/><U107/><E46/><V33/><F6/><W38/><G38/><T94/><D111/><U60/><E12/><V109/><F109/><W90/><G57/><N who="0" m="35111" /><D131/><U88/><E108/><V50/><F39/><W21/><G21/><T25/><D64/><U78/><E78/><V74/><F74/><W105/><G105/><T45/><D25/><U59/><E70/><V99/><REACH who="2" step="1"/><F87/><REACH who="2" ten="205,355,215,215" step="2"/><W130/><G130/><T112/><D112/><U36/><E36/><V19/><F19/><W72/><REACH who="3" step="1"/><G101/><AGARI ba="1,1" hai="18,20,26,32,33,35,47,50,54,95,96,98,99,101" machi="101" ten="40,8000,1" yaku="1,1,52,1,53,3" doraHai="97" doraHaiUra="28" who="2" fromWho="3" sc="205,0,355,0,215,93,215,-83" /><INIT seed="2,0,0,5,2,21" ten="205,355,308,132" oya="2" hai0="75,122,14,49,93,38,56,17,82,106,78,89,28" hai1="53,61,84,116,8,70,47,30,115,117,40,88,41" hai2="42,108,101,125,5,76,10,13,113,65,2,129,68" hai3="66,22,11,77,24,126,34,107,46,71,23,124,92"/><V130/><F113/><W109/><G107/><T55/><D38/><U100/><E115/><V90/><F101/><W7/><G109/><T103/><D122/><U72/><E72/><V131/><F76/><W3/><G77/><T54/><D28/><U19/><E100/><V69/><F42/><W96/><G46/><T44/><D103/><U64/><E30/><V43/><F43/><W83/><G83/><T37/><D106/><U133/><E133/><V9/><F108/><W95/><G34/><T127/><D127/><N who="3" m="48681" /><G96/><T119/><D119/><U86/><E86/><V105/><F105/><W18/><G23/><T79/><D37/><U62/><E116/><V0/><F125/><W48/><G48/><N who="0" m="30791" /><D82/><N who="1" m="49175" /><E62/><AGARI ba="0,0" hai="3,7,11,18,22,24,62,66,71,92,95" m="48681" machi="62" ten="30,2000,0" yaku="18,1,52,1" doraHai="21" who="3" fromWho="1" sc="205,0,355,-20,308,0,132,20" /><INIT seed="3,0,0,2,0,78" ten="205,335,308,152" oya="3" hai0="121,123,13,73,118,126,107,42,122,39,29,63,3" hai1="134,80,41,79,66,119,99,95,14,22,49,19,93" hai2="52,4,116,35,32,98,94,50,20,92,26,127,114" hai3="85,77,30,101,60,44,1,47,37,72,57,131,120"/><W83/><G120/><T90/><D3/><U132/><E66/><V48/><F116/><W59/><G131/><T68/><D118/><U53/><E41/><V34/><F114/><W46/><G1/><T27/><D126/><U115/><E115/><V23/><F4/><W71/><G37/><T51/><D107/><U10/><E10/><V67/><F67/><W17/><G30/><T117/><D117/><U111/><E111/><V128/><F127/><W125/><G125/><T74/><D39/><U9/><E9/><V133/><F133/><N who="1" m="51305" /><E99/><V61/><F20/><W103/><G71/><T110/><D110/><U130/><E130/><V8/><F8/><W25/><G72/><T7/><D68/><U62/><E62/><V33/><F33/><W5/><G5/><T105/><D105/><U102/><E102/><V24/><F61/><W56/><REACH who="3" step="1"/><G60/><REACH who="3" ten="205,335,308,142" step="2"/><T6/><D73/><N who="1" m="43119" /><E119/><V112/><F128/><W81/><G81/><T31/><D121/><U11/><E11/><V135/><F135/><W58/><N who="3" m="14336" /><DORA hai="21" /><W2/><G2/><T70/><D122/><U43/><E53/><V76/><F52/><W88/><G88/><T16/><D90/><U104/><E104/><V109/><F109/><W38/><G38/><T0/><D0/><U113/><E113/><V18/><F112/><W64/><G64/><T12/><D70/><U100/><E100/><V75/><F75/><W129/><G129/><T55/><D74/><U108/><E108/><V40/><F76/><W97/><G97/><T87/><D63/><U45/><AGARI ba="0,1" hai="14,19,22,43,45,49,93,95" m="43119,51305" machi="45" ten="30,2000,0" yaku="20,1,52,1" doraHai="78,21" who="1" fromWho="1" sc="205,-5,335,30,308,-5,142,-10" /><INIT seed="4,0,0,3,0,48" ten="200,365,303,132" oya="0" hai0="131,127,36,91,21,20,100,40,94,74,60,133,80" hai1="79,8,98,96,111,42,109,88,54,19,15,3,41" hai2="126,13,128,107,26,6,124,18,101,86,118,52,103" hai3="69,34,0,125,89,45,49,10,46,53,70,31,22"/><T73/><D127/><N who="2" m="48682" /><F118/><W134/><G125/><T76/><D131/><U110/><E79/><V132/><F107/><W50/><G134/><T122/><D122/><U102/><E3/><V77/><F6/><W108/><G108/><T9/><D133/><U56/><E98/><V130/><F26/><W67/><G34/><T71/><D74/><U97/><E96/><V4/><F4/><W55/><G67/><T116/><D100/><U47/><E47/><V29/><F29/><W106/><G106/><T57/><D71/><U37/><E37/><V66/><F66/><W129/><G129/><N who="2" m="49769" /><F132/><W84/><G10/><T123/><D116/><U23/><E8/><N who="2" m="6439" /><F86/><W43/><G0/><T87/><D123/><U99/><E99/><V81/><F81/><W121/><G121/><T33/><D33/><U93/><REACH who="1" step="1"/><E102/><REACH who="1" ten="200,355,303,132" step="2"/><V104/><F77/><W72/><G72/><T5/><D36/><U7/><E7/><V1/><F1/><W61/><G89/><T59/><D9/><U51/><AGARI ba="0,1" hai="15,19,23,41,42,51,54,56,88,93,97,109,110,111" machi="51" ten="30,8000,1" yaku="1,1,0,1,52,1,54,1,53,1" doraHai="48" doraHaiUra="17" who="1" fromWho="1" sc="200,-40,355,90,303,-20,132,-20" /><INIT seed="5,0,0,2,5,66" ten="160,445,283,112" oya="1" hai0="126,42,133,92,18,6,102,72,13,98,68,113,35" hai1="108,93,82,119,21,38,134,61,76,107,86,39,73" hai2="26,3,87,96,16,94,19,125,120,130,32,49,28" hai3="44,97,89,37,77,127,131,30,40,104,7,5,116"/><U85/><E119/><V12/><F120/><W83/><G116/><T100/><D72/><U101/><E134/><V118/><F118/><W109/><G109/><T69/><D35/><U63/><E21/><V75/><F75/><W20/><G131/><T90/><D133/><U17/><E17/><V64/><F3/><W53/><G127/><T43/><D126/><U22/><E22/><V51/><F125/><W9/><G53/><T112/><D6/><U57/><E63/><V45/><F64/><W47/><G47/><T25/><D25/><U27/><E27/><V99/><F51/><W36/><G36/><T1/><D1/><U23/><E23/><V122/><F122/><W60/><G60/><T52/><D52/><N who="1" m="33959" /><E86/><V15/><F130/><W106/><G7/><T4/><D4/><U8/><E8/><V78/><F12/><W10/><G9/><N who="0" m="6447" /><D42/><U62/><E62/><V91/><F78/><W132/><G132/><T56/><D56/><U70/><E70/><N who="0" m="27241" /><D43/><U41/><E41/><V121/><F121/><W24/><G5/><T84/><D84/><U115/><E85/><V55/><F19/><W81/><G10/><AGARI ba="0,0" hai="10,15,16,26,28,32,45,49,55,87,91,94,96,99" machi="10" ten="30,2000,0" yaku="7,1,54,1" doraHai="66" who="2" fromWho="3" sc="160,0,445,0,283,20,112,-20" /><INIT seed="6,0,0,0,4,85" ten="160,445,303,92" oya="2" hai0="1,88,66,54,75,76,117,109,131,135,105,115,103" hai1="32,6,78,42,112,96,101,92,43,34,64,30,72" hai2="134,22,25,98,24,82,58,67,77,118,84,61,104" hai3="95,35,70,87,5,41,13,12,116,23,49,18,37"/><V44/><F118/><W86/><G116/><T31/><D109/><U38/><E112/><V9/><F134/><W125/><G125/><T65/><D117/><U106/><E6/><V133/><F133/><W108/><G108/><T20/><D135/><U15/><E15/><V71/><F44/><W123/><G35/><T128/><D1/><U60/><E92/><V111/><F111/><W107/><G107/><T53/><D115/><U39/><E43/><V89/><F9/><W90/><G70/><T121/><D121/><U21/><E21/><V40/><F40/><W74/><G74/><T51/><D76/><U93/><E93/><V83/><F71/><W27/><G37/><N who="1" m="13834" /><E30/><V132/><F132/><W126/><G126/><T129/><D75/><U80/><E42/><V2/><F2/><W114/><G123/><T99/><D20/><U46/><E46/><V29/><F24/><W33/><G114/><T81/><D31/><U57/><E57/><V7/><F7/><W110/><G33/><T94/><D81/><U102/><E102/><V56/><F56/><W79/><G5/><T97/><D53/><U62/><E62/><V55/><F104/><W91/><G79/><T45/><AGARI ba="0,0" hai="45,51,54,65,66,88,94,97,99,103,105,128,129,131" machi="45" ten="30,7900,0" yaku="0,1,19,1,52,1,54,1" doraHai="85" who="0" fromWho="0" sc="160,79,445,-20,303,-39,92,-20" /><INIT seed="7,0,0,2,2,41" ten="239,425,264,72" oya="3" hai0="119,58,135,5,29,24,6,21,120,112,67,30,95" hai1="100,116,40,72,44,59,83,105,126,107,114,74,49" hai2="22,82,27,131,52,62,125,84,37,121,75,132,85" hai3="91,43,1,98,32,16,36,14,55,33,47,68,130"/><W86/><G1/><T118/><D120/><U127/><E116/><V122/><F37/><W117/><G117/><T104/><D104/><N who="1" m="40011" /><E100/><V64/><F131/><W56/><G130/><T133/><D112/><U81/><E59/><N who="2" m="35175" /><F125/><N who="1" m="47625" /><E114/><V8/><F64/><W9/><G68/><T23/><D95/><U12/><E12/><V15/><F132/><W94/><REACH who="3" step="1"/><G98/><REACH who="3" ten="239,425,264,62" step="2"/><T93/><D118/><U99/><E99/><V18/><F122/><W70/><G70/><T66/><D119/><U63/><E63/><AGARI ba="0,1" hai="9,14,16,32,33,36,43,47,55,56,63,86,91,94" machi="63" ten="30,12000,1" yaku="1,1,7,1,52,1,54,1,53,1" doraHai="41" doraHaiUra="4" who="3" fromWho="1" sc="239,0,425,-120,264,0,62,130" /><INIT seed="7,1,0,4,4,23" ten="239,305,264,192" oya="3" hai0="66,94,86,16,89,92,36,97,19,12,98,100,67" hai1="134,84,121,123,22,11,104,10,74,7,34,58,35" hai2="57,95,64,31,38,131,101,42,32,63,41,117,132" hai3="5,52,102,80,79,14,82,87,18,81,77,119,65"/><W48/><G119/><T96/><D36/><U20/><E74/><V44/><F117/><W93/><G5/><T124/><D124/><U116/><E116/><V126/><F126/><W43/><G43/><T24/><D96/><U13/><E104/><V71/><F42/><W106/><G106/><T70/><D70/><U120/><E84/><V127/><F127/><W56/><G65/><T39/><D39/><U17/><E58/><V37/><F37/><W75/><G75/><T25/><D86/><U135/><E22/><V91/><F101/><W69/><G69/><T15/><D89/><U50/><E50/><V99/><F132/><N who="1" m="50729" /><E11/><V2/><F2/><AGARI ba="1,0" hai="2,7,10,13,17,20,34,35,120,121,123" m="50729" machi="2" ten="40,5200,0" yaku="20,1,34,2" doraHai="23" who="1" fromWho="2" sc="239,0,305,55,264,-55,192,0" owari="239,3.9,360,46.0,209,-19.1,192,-30.8" /></mjloggm>