<mjloggm ver="2.3"><GO type="169" lobby="0"/><UN n0="%E4%BA%BA%E7%8B%BC" n1="%4C%C3%97%57%C3%97%4C" n2="%E3%83%AC%E3%82%A4%E3%83%88%E3%83%B3%E5%87%86%E6%95%99%E6%8E%88" n3="%6B%73%77%72%74" dan="16,16,18,16" rate="2047.54,2150.73,2276.22,2135.79" sx="M,M,M,M"/><TAIKYOKU oya="0"/><INIT seed="0,0,0,4,2,54" ten="250,250,250,250" oya="0" hai0="24,77,8,28,67,114,93,115,26,133,95,104,109" hai1="56,97,108,30,31,60,126,125,124,122,135,48,5" hai2="79,87,58,12,61,81,116,83,86,106,110,44,14" hai3="121,47,32,62,3,25,13,7,72,39,70,84,29"/><T103/><D133/><U111/><E122/><V102/><F110/><N who="1" m="42025" /><E5/><V2/><F2/><W46/><G121/><T0/><D109/><U74/><E74/><V27/><F116/><W1/><G72/><T16/><D77/><U130/><E135/><V21/><F44/><W22/><G84/><T98/><D0/><U18/><E130/><V11/><F11/><N who="3" m="2543" /><G39/><T64/><D104/><U40/><E18/><V71/><F71/><W52/><G3/><T96/><D8/><U89/><E48/><V119/><F102/><W69/><G69/><T20/><D114/><U131/><E40/><V6/><F6/><W94/><G94/><T99/><D115/><U113/><E131/><V91/><F106/><W80/><G80/><T4/><D4/><U92/><E113/><V17/><REACH who="2" step="1"/><F119/><REACH who="2" ten="250,250,240,250" step="2"/><W49/><G70/><T118/><D118/><U35/><E35/><V66/><AGARI ba="0,1" hai="12,14,17,21,27,58,61,66,79,81,83,86,87,91" machi="66" ten="20,12000,2" yaku="1,1,2,1,0,1,7,1,8,1,52,1,53,0" doraHai="54" doraHaiUra="50" who="2" fromWho="2" sc="250,-60,250,-30,240,130,250,-30" /><INIT seed="1,0,0,1,5,52" ten="190,220,370,220" oya="1" hai0="58,63,129,35,42,87,7,11,10,16,103,66,81" hai1="37,67,72,55,8,100,121,132,80,47,94,17,19" hai2="73,117,39,105,14,2,135,51,99,77,70,79,21" hai3="115,71,32,127,25,85,78,131,123,110,61,46,93"/><U82/><E121/><V23/><F2/><W22/><G123/><T86/><D129/><U29/><E132/><V128/><F39/><W45/><G115/><T44/><D35/><U9/><E29/><V18/><F117/><W74/><G32/><T59/><D103/><U101/><E67/><V91/><F128/><W107/><G107/><T104/><D104/><U97/><E72/><V98/><F70/><W1/><G1/><T133/><D133/><U26/><E101/><V120/><F120/><W3/><G3/><T108/><D108/><U119/><E119/><V134/><F105/><W13/><G127/><T75/><D7/><U109/><E109/><V122/><F122/><W112/><G112/><T53/><D75/><U49/><E37/><V56/><F73/><W60/><G110/><T12/><D11/><N who="1" m="4171" /><E26/><V116/><F116/><W54/><G71/><T36/><REACH who="0" step="1"/><D81/><AGARI ba="0,0" hai="17,19,47,49,55,80,81,82,94,97,100" m="4171" machi="81" ten="30,1500,0" yaku="8,1" doraHai="52" who="1" fromWho="0" sc="190,-15,220,15,370,0,220,0" /><INIT seed="1,1,0,4,3,58" ten="175,235,370,220" oya="1" hai0="130,54,79,111,15,32,72,18,91,1,38,87,110" hai1="97,115,113,25,105,47,135,102,21,88,26,126,36" hai2="17,121,101,83,55,9,103,35,131,2,23,62,98" hai3="70,85,95,59,20,43,4,80,31,93,8,22,63"/><U24/><E135/><V116/><F116/><W81/><G70/><T109/><D1/><U46/><E126/><V16/><F121/><W71/><G71/><T99/><D130/><U39/><E21/><V27/><F35/><W29/><G43/><T10/><D38/><U125/><E125/><V19/><F131/><W44/><G44/><T67/><D32/><U33/><E33/><V92/><F101/><W90/><G22/><T12/><D99/><U48/><E47/><V100/><F100/><W124/><G124/><T6/><D54/><U106/><E106/><V75/><F75/><W107/><G107/><T132/><D132/><U94/><E36/><V117/><F83/><W11/><G11/><T13/><D6/><U118/><E39/><V14/><F2/><W114/><G81/><N who="0" m="45287" /><D67/><U86/><REACH who="1" step="1"/><E118/><REACH who="1" ten="175,225,370,220" step="2"/><V45/><F117/><W7/><G20/><T120/><D120/><U66/><E66/><V53/><F45/><W129/><G129/><T82/><AGARI ba="1,1" hai="10,12,13,15,18,82,87,91,109,110,111" m="45287" machi="82" ten="30,1100,0" yaku="14,1" doraHai="58" who="0" fromWho="0" sc="175,24,225,-6,370,-4,220,-4" /><INIT seed="2,0,0,5,3,58" ten="199,219,366,216" oya="2" hai0="86,57,22,9,7,78,2,111,88,83,6,116,128" hai1="135,134,101,35,34,31,20,79,43,44,36,56,46" hai2="80,99,17,114,11,50,25,106,107,37,4,69,53" hai3="127,98,65,100,89,87,62,90,14,102,13,96,32"/><V97/><F114/><W68/><G127/><T70/><D111/><U41/><E79/><V3/><F37/><W123/><G123/><T27/><D128/><U129/><E129/><V61/><F80/><W42/><G32/><T71/><D116/><U10/><E101/><V74/><F74/><W73/><G42/><T12/><D57/><U16/><E10/><V64/><F97/><W49/><G49/><T104/><D104/><U30/><E56/><V119/><F119/><W110/><G110/><T124/><D124/><U15/><E35/><V105/><F99/><W19/><G73/><T63/><D2/><U72/><E72/><V130/><F130/><W81/><G90/><T120/><D120/><U66/><E66/><V94/><F94/><W95/><REACH who="3" step="1"/><G19/><REACH who="3" ten="199,219,366,206" step="2"/><T48/><D48/><N who="1" m="26639" /><E34/><V132/><F50/><W118/><G118/><T29/><D78/><U47/><E47/><V84/><F17/><W113/><G113/><T125/><D125/><U126/><E126/><V117/><F117/><W115/><G115/><T51/><D51/><U24/><E31/><V82/><F132/><N who="1" m="50729" /><E30/><V26/><REACH who="2" step="1"/><F53/><REACH who="2" ten="199,219,356,206" step="2"/><W40/><G40/><T103/><D29/><U21/><E43/><V18/><F18/><W23/><G23/><T38/><D22/><U77/><E21/><V45/><F45/><W122/><G122/><T39/><D38/><U75/><E36/><V108/><F108/><W109/><G109/><T112/><D39/><U0/><E46/><V133/><F133/><W91/><G91/><AGARI ba="0,2" hai="3,4,11,25,26,61,64,69,82,84,91,105,106,107" machi="91" ten="40,3900,0" yaku="1,1,52,1,53,0" doraHai="58" doraHaiUra="121" who="2" fromWho="3" sc="199,0,219,0,356,59,206,-39" /><INIT seed="2,1,0,4,1,21" ten="199,219,415,167" oya="2" hai0="57,14,53,126,58,37,5,101,115,73,74,47,40" hai1="107,43,119,34,99,16,77,24,59,61,83,121,84" hai2="100,128,105,25,56,131,33,36,22,3,45,110,133" hai3="104,85,87,120,46,39,91,54,81,113,63,66,71"/><V30/><F133/><W62/><G120/><T42/><D115/><U55/><E119/><V97/><F56/><W64/><G104/><T96/><D126/><U17/><E121/><V67/><F67/><W112/><G87/><T26/><D40/><U65/><E43/><N who="2" m="22759" /><F22/><W38/><G54/><T135/><D135/><U19/><E107/><V88/><F88/><W4/><G4/><T82/><D58/><N who="1" m="37047" /><E34/><V106/><F106/><W2/><G2/><T52/><D53/><U28/><E28/><V31/><F31/><W1/><G1/><T48/><D82/><U94/><E59/><V124/><F124/><W79/><G91/><T134/><D134/><U125/><E55/><V20/><F3/><W109/><G109/><T0/><D0/><U23/><E125/><V12/><F110/><W92/><G92/><T103/><D103/><AGARI ba="1,0" hai="16,17,19,23,24,77,83,84,94,99,103" m="37047" machi="103" ten="30,3900,0" yaku="8,1,52,1,54,1" doraHai="21" who="1" fromWho="0" sc="199,-42,219,42,415,0,167,0" /><INIT seed="3,0,0,0,4,63" ten="157,261,415,167" oya="3" hai0="95,6,106,19,97,128,3,125,69,48,135,46,5" hai1="92,41,10,39,4,55,40,57,31,11,36,20,89" hai2="108,51,115,25,68,123,24,61,77,62,49,122,60" hai3="82,98,84,59,67,130,44,78,114,131,113,91,54"/><W70/><G70/><T72/><D72/><U71/><E71/><V116/><F116/><W126/><G126/><T129/><D106/><U94/><E31/><V8/><F68/><W58/><G44/><T15/><D125/><U2/><E11/><V87/><F115/><W86/><G98/><T93/><D3/><U112/><E112/><V134/><F108/><W56/><G54/><T109/><D109/><U79/><E79/><V17/><F134/><W107/><G107/><T80/><D80/><U66/><E20/><V120/><F8/><W27/><G27/><N who="2" m="10313" /><F17/><W76/><G76/><T132/><D6/><U34/><E34/><V117/><F117/><W74/><G74/><T23/><D5/><U81/><E81/><AGARI ba="0,0" hai="49,51,60,61,62,77,81,87,120,122,123" m="10313" machi="81" ten="40,1300,0" yaku="13,1" doraHai="63" who="2" fromWho="1" sc="157,0,261,-13,415,13,167,0" /><INIT seed="4,0,0,4,4,102" ten="157,248,428,167" oya="0" hai0="135,112,1,48,18,55,72,86,124,120,85,74,134" hai1="40,37,12,57,97,60,61,7,110,109,58,45,73" hai2="78,105,127,36,34,125,66,130,43,116,75,47,93" hai3="54,46,103,49,69,19,131,13,65,108,32,91,6"/><T8/><D120/><U59/><E73/><V87/><F34/><W119/><G108/><N who="1" m="41578" /><E97/><V28/><F130/><W22/><G119/><T80/><D112/><U52/><E12/><V111/><F111/><W2/><G131/><T133/><D124/><U64/><E7/><V20/><F105/><W4/><G103/><T114/><D114/><U88/><E88/><V76/><F66/><W53/><G32/><T99/><D99/><U113/><E113/><V31/><F116/><W5/><G69/><AGARI ba="0,0" hai="37,40,45,52,57,58,59,60,61,64,69" m="41578" machi="69" ten="30,3900,0" yaku="34,2,54,1" doraHai="102" who="1" fromWho="3" sc="157,0,248,39,428,0,167,-39" /><INIT seed="5,0,0,5,1,120" ten="157,287,428,128" oya="1" hai0="81,118,82,1,18,124,50,79,3,44,37,77,65" hai1="29,92,22,96,90,13,19,126,99,28,39,43,117" hai2="104,86,25,115,45,58,87,114,21,129,27,35,135" hai3="26,36,125,34,24,91,64,11,71,12,80,108,66"/><U134/><E117/><V133/><F104/><W106/><G36/><T72/><D118/><U95/><E134/><N who="2" m="51211" /><F129/><W93/><G125/><T107/><D124/><U57/><E126/><V101/><F101/><W68/><G106/><T78/><D107/><U54/><E43/><V123/><F123/><W128/><G128/><T30/><D30/><U94/><E39/><V53/><F45/><W84/><G71/><T112/><D112/><N who="2" m="43050" /><F35/><W55/><G34/><T32/><D32/><U61/><REACH who="1" step="1"/><E94/><REACH who="1" ten="157,277,428,128" step="2"/><V89/><F25/><W8/><G26/><T132/><D37/><U111/><E111/><V127/><F127/><W69/><G108/><T40/><D132/><U105/><E105/><V102/><F102/><AGARI ba="0,1" hai="13,19,22,28,29,54,57,61,90,92,95,96,99,102" machi="102" ten="30,5800,0" yaku="1,1,7,1,8,1,53,0" doraHai="120" doraHaiUra="42" who="1" fromWho="2" sc="157,0,277,68,428,-58,128,0" /><INIT seed="5,1,0,4,5,16" ten="157,345,370,128" oya="1" hai0="99,116,92,132,114,49,6,44,94,7,39,66,61" hai1="37,123,3,41,129,130,68,75,118,80,73,36,96" hai2="110,18,108,24,27,120,113,107,67,1,35,62,117" hai3="56,126,119,65,97,63,29,135,133,90,53,74,0"/><U78/><E118/><V71/><F117/><W38/><G0/><T15/><D116/><U82/><E123/><V131/><F120/><W25/><G74/><T21/><D132/><N who="3" m="50761" /><G119/><T124/><D124/><U112/><E96/><V43/><F1/><W86/><G38/><N who="1" m="14954" /><E41/><V33/><F43/><W47/><G126/><T5/><D114/><U51/><E51/><V122/><F113/><W50/><G97/><T42/><D39/><U34/><E112/><V59/><F122/><W69/><G86/><T57/><D99/><U103/><E103/><V85/><F85/><W28/><G90/><T134/><D134/><U64/><E34/><V98/><F33/><W77/><G77/><T95/><D7/><U125/><E3/><V88/><F35/><N who="3" m="20879" /><G29/><T13/><D13/><U30/><E30/><V115/><F115/><W45/><AGARI ba="1,0" hai="45,47,50,53,56,63,65,69" m="20879,50761" machi="45" ten="30,1100,0" yaku="20,1" doraHai="16" who="3" fromWho="3" sc="157,-4,345,-6,370,-4,128,14" /><INIT seed="6,0,0,0,0,8" ten="153,339,366,142" oya="2" hai0="13,126,108,54,96,103,58,127,107,121,94,45,33" hai1="88,72,43,111,5,82,17,59,4,130,16,71,97" hai2="131,55,79,115,41,116,80,49,120,98,63,52,74" hai3="132,7,91,14,106,123,21,26,46,57,83,62,112"/><V87/><F116/><W10/><G123/><T48/><D108/><U119/><E71/><V113/><F120/><W92/><G132/><T109/><D109/><U23/><E119/><V117/><F117/><W134/><G134/><T44/><D121/><U22/><E130/><V31/><F131/><W50/><G106/><T34/><D107/><U135/><E135/><V68/><F31/><W0/><G112/><N who="2" m="43081" /><F98/><W73/><G73/><T61/><D13/><N who="1" m="9487" /><E72/><V124/><F124/><N who="0" m="47658" /><D44/><U1/><E1/><V128/><F128/><W40/><G83/><T9/><D9/><U36/><E36/><V133/><F74/><W20/><G0/><T99/><D96/><U28/><E28/><V64/><F133/><W129/><G26/><T105/><D105/><U85/><E43/><AGARI ba="0,0" hai="33,34,43,45,48,54,58,61,94,99,103" m="47658" machi="43" ten="30,1000,0" yaku="18,1" doraHai="8" who="0" fromWho="1" sc="153,10,339,-10,366,0,142,0" /><INIT seed="7,0,0,3,1,131" ten="163,329,366,142" oya="3" hai0="58,15,53,103,107,36,39,23,72,100,99,128,43" hai1="134,13,129,4,7,60,82,25,127,114,88,37,33" hai2="8,118,135,17,18,85,41,77,84,6,56,83,46" hai3="5,65,64,55,59,67,130,81,79,113,119,61,40"/><W63/><G113/><T102/><D72/><U27/><E37/><V48/><F135/><W98/><G130/><T121/><D121/><U19/><E129/><V57/><F118/><W94/><G119/><T24/><D128/><U16/><E134/><V66/><F85/><W14/><G40/><T50/><D15/><U125/><E114/><V87/><F87/><W133/><G133/><T28/><REACH who="0" step="1"/><D36/><REACH who="0" ten="153,329,366,142" step="2"/><U105/><E105/><V20/><F6/><N who="1" m="2089" /><E60/><V112/><F112/><W110/><G110/><T71/><D71/><U10/><E82/><V26/><F66/><W38/><G38/><T91/><D91/><U0/><E88/><V92/><F92/><W78/><G63/><T106/><D106/><U1/><E1/><V132/><F132/><W29/><G81/><T111/><D111/><U47/><E47/><AGARI ba="0,1" hai="23,24,28,39,43,47,50,53,58,99,100,102,103,107" machi="47" ten="40,2600,0" yaku="1,1,53,1" doraHai="131" doraHaiUra="51" who="0" fromWho="1" sc="153,36,329,-26,366,0,142,0" owari="189,-21.1,303,10.3,366,46.6,142,-35.8" /></mjloggm>