<mjloggm ver="2.3"><GO type="169" lobby="0"/><UN n0="%E3%83%AA%E3%83%BC%E3%83%81%E3%83%89%E3%83%A9" n1="%E3%81%B3%E3%82%8D%E3%81%B4%E3%82%8D" n2="%E7%88%86%E7%89%8C%E3%82%A6%E3%82%B7%E3%82%B8%E3%83%9E%E3%81%8F%E3%82%93" n3="%E3%81%93%E3%81%9A" dan="17,16,19,16" rate="2185.45,2187.96,2242.53,2041.76" sx="M,M,M,M"/><TAIKYOKU oya="0"/><INIT seed="0,0,0,3,4,123" ten="250,250,250,250" oya="0" hai0="110,53,69,109,131,24,97,49,3,32,106,2,125" hai1="31,70,29,78,116,124,43,121,84,16,12,47,22" hai2="119,21,15,92,74,101,113,51,61,117,57,127,23" hai3="105,35,4,103,108,73,83,41,90,118,76,134,45"/><T48/><D69/><U107/><E116/><V46/><F74/><W67/><G118/><T93/><D106/><U13/><E121/><V91/><F101/><W87/><G134/><T80/><D80/><U54/><E124/><V89/><F127/><W120/><G120/><T62/><D62/><U94/><E107/><V75/><F75/><W17/><G35/><T66/><D66/><U72/><E70/><V135/><F113/><W39/><G67/><T11/><D125/><U28/><E54/><V52/><F135/><W0/><G17/><T82/><D82/><U64/><E64/><V79/><F79/><W6/><G108/><N who="0" m="41579" /><D131/><U100/><E72/><V5/><F117/><W102/><G102/><N who="0" m="60719" /><D11/><U18/><E78/><V58/><F91/><W33/><G33/><T85/><D85/><U19/><E22/><V65/><F119/><W96/><REACH who="3" step="1"/><G0/><REACH who="3" ten="250,250,250,240" step="2"/><N who="0" m="43" /><D53/><U9/><E100/><V7/><F65/><W10/><G10/><T99/><D99/><U59/><E9/><V27/><F23/><W34/><G34/><T88/><D88/><N who="1" m="53511" /><E59/><V42/><F58/><W38/><G38/><T111/><N who="0" m="41587" /><T37/><DORA hai="122" /><D37/><U63/><E43/><V130/><F42/><W8/><G8/><T129/><D129/><U128/><E128/><V14/><F130/><W36/><G36/><T68/><D68/><U104/><E104/><V50/><F57/><W112/><G112/><T25/><D32/><U26/><E47/><V81/><F46/><W133/><G133/><T95/><D95/><AGARI ba="0,1" hai="4,6,39,41,45,73,76,83,87,90,95,96,103,105" machi="95" ten="30,12000,2" yaku="1,1,7,1,24,2,53,2" doraHai="123,122" doraHaiUra="1,55" who="3" fromWho="0" sc="250,-120,250,0,250,0,240,130" /><INIT seed="1,0,0,4,5,106" ten="130,250,250,370" oya="1" hai0="56,36,123,1,33,83,78,115,128,27,73,32,70" hai1="39,103,20,30,130,90,69,46,64,50,16,67,26" hai2="8,2,81,47,6,134,111,29,63,41,109,55,124" hai3="15,49,88,126,74,98,25,129,18,135,66,120,105"/><U99/><E130/><V89/><F134/><W125/><G120/><T34/><D128/><U11/><E39/><V110/><F29/><W80/><G129/><T61/><D123/><U53/><E69/><V119/><F119/><W131/><G131/><T104/><D115/><U101/><E90/><V21/><F124/><N who="3" m="47723" /><G135/><T118/><D118/><U92/><E103/><V22/><F63/><W76/><G25/><T59/><D104/><U45/><E45/><V127/><F55/><W116/><G116/><T57/><D36/><U95/><E95/><V72/><F127/><W114/><G66/><T100/><D100/><U7/><REACH who="1" step="1"/><E30/><REACH who="1" ten="130,240,250,370" step="2"/><V23/><F89/><W31/><G31/><T54/><D70/><U3/><AGARI ba="0,1" hai="3,7,11,16,20,26,46,50,53,64,67,92,99,101" machi="3" ten="20,18000,2" yaku="1,1,2,1,0,1,7,1,54,1,53,2" doraHai="106" doraHaiUra="60" who="1" fromWho="1" sc="130,-60,240,190,250,-60,370,-60" /><INIT seed="1,1,0,2,1,126" ten="70,430,190,310" oya="1" hai0="84,135,64,52,0,9,61,8,122,68,24,76,32" hai1="35,89,101,86,85,65,125,82,21,31,100,6,106" hai2="92,94,48,51,67,95,26,1,33,107,128,127,98" hai3="4,96,34,15,3,46,12,115,132,7,28,118,116"/><U70/><E125/><V75/><F1/><W47/><G96/><T36/><D135/><U110/><E110/><V104/><F127/><W97/><G97/><T16/><D122/><U129/><E106/><V83/><F67/><W69/><G69/><T114/><D114/><U58/><E70/><V14/><F14/><N who="3" m="5163" /><G115/><T74/><D36/><U42/><E35/><V79/><F128/><W38/><G38/><T11/><D74/><U71/><E71/><V99/><F104/><W20/><G132/><T81/><D52/><U17/><E6/><N who="3" m="2090" /><G34/><T19/><REACH who="0" step="1"/><D0/><REACH who="0" ten="60,430,190,310" step="2"/><U108/><E108/><V23/><F107/><W80/><G3/><T120/><D120/><U5/><E129/><V37/><F37/><W55/><G55/><T90/><D90/><U63/><E89/><V53/><F53/><W117/><G80/><T124/><D124/><U133/><E82/><V121/><F121/><W109/><G109/><T59/><D59/><U13/><E58/><V39/><F39/><W78/><G78/><T91/><D91/><U112/><E133/><V73/><F73/><W66/><G66/><T54/><D54/><U77/><E65/><V87/><F75/><W60/><G60/><T45/><D45/><U29/><E63/><V2/><F2/><W130/><G130/><T72/><D72/><U62/><E62/><V123/><F123/><W93/><G47/><T50/><D50/><U40/><E77/><V44/><F51/><W134/><G46/><T111/><D111/><U102/><E112/><V88/><F44/><W119/><G134/><T105/><D105/><U103/><E40/><RYUUKYOKU ba="1,1" sc="60,30,430,-10,190,-10,310,-10" hai0="8,9,11,16,19,24,32,61,64,68,76,81,84" /><INIT seed="2,2,1,4,2,56" ten="90,420,180,300" oya="2" hai0="96,108,124,26,74,87,1,0,39,12,121,75,43" hai1="90,11,6,132,133,30,27,18,35,114,49,20,85" hai2="97,45,36,59,22,15,92,16,33,70,44,115,81" hai3="46,99,122,89,54,4,65,125,80,23,73,113,29"/><V86/><F70/><W25/><G122/><T51/><D121/><U66/><E66/><V94/><F115/><W10/><G125/><T41/><D124/><U123/><E123/><V52/><F33/><W53/><G113/><T82/><D39/><U88/><E114/><V21/><F36/><W111/><G111/><T3/><D108/><U106/><E106/><V71/><F22/><W38/><G65/><T110/><D110/><U84/><E49/><V13/><F13/><W116/><G116/><T76/><D96/><U100/><E100/><V64/><F64/><W107/><G107/><T93/><D93/><N who="2" m="35946" /><F97/><W83/><G99/><T68/><D68/><U47/><E47/><V61/><F71/><W19/><G80/><T131/><D131/><U127/><E127/><V57/><F59/><W24/><G83/><T48/><D26/><N who="1" m="14615" /><E84/><V40/><F40/><W5/><G73/><T112/><D112/><U119/><E85/><V103/><F103/><W128/><G128/><T105/><D105/><U62/><E119/><V78/><AGARI ba="2,1" hai="15,16,21,44,45,52,57,61,78,81,86" m="35946" machi="78" ten="30,11700,0" yaku="8,1,52,1,54,2" doraHai="56" who="2" fromWho="2" sc="90,-41,420,-41,180,133,300,-41" /><INIT seed="2,3,0,4,4,64" ten="49,379,313,259" oya="2" hai0="113,1,129,20,119,135,82,95,65,66,5,28,6" hai1="81,43,46,34,69,3,106,96,84,57,19,86,60" hai2="125,70,38,121,75,73,87,101,50,109,114,115,112" hai3="89,74,100,103,53,94,31,36,132,29,18,117,16"/><V27/><F27/><W71/><G117/><T61/><D119/><U90/><E3/><V104/><F50/><W85/><G74/><N who="2" m="28169" /><F70/><W32/><G132/><T130/><D113/><U45/><E34/><V13/><F13/><W52/><G36/><T33/><D135/><U37/><E69/><V91/><F38/><W21/><G32/><T4/><D33/><U76/><E46/><V56/><F56/><W49/><G71/><T120/><D120/><U108/><E19/><N who="3" m="7210" /><G53/><T7/><D82/><U15/><E15/><V68/><F68/><W116/><G116/><T126/><D95/><U83/><E57/><V77/><F121/><W47/><G21/><T22/><D126/><U23/><E60/><V39/><F39/><W51/><G51/><T110/><D110/><U62/><E108/><V67/><F67/><N who="0" m="25610" /><D61/><U124/><E62/><V12/><F12/><W55/><G55/><T118/><D118/><U107/><E124/><V92/><F109/><W24/><G24/><N who="0" m="16391" /><D22/><U111/><E23/><V40/><F125/><W35/><G35/><T102/><D102/><AGARI ba="3,0" hai="29,31,47,49,52,85,89,94,100,102,103" m="7210" machi="102" ten="30,3900,0" yaku="8,1,54,2" doraHai="64" who="3" fromWho="0" sc="49,-48,379,0,313,0,259,48" /><INIT seed="3,0,0,2,5,77" ten="1,379,313,307" oya="3" hai0="85,128,32,22,51,89,7,10,5,126,55,82,29" hai1="27,97,129,47,11,68,34,15,52,78,9,40,66" hai2="37,48,130,95,88,124,81,30,26,69,98,113,103" hai3="131,118,105,79,4,107,41,94,53,8,134,122,50"/><W24/><G118/><T84/><D128/><U111/><E111/><V31/><F37/><W46/><G122/><T99/><D126/><U119/><E129/><V39/><F39/><W86/><G131/><T0/><D32/><U49/><E119/><V115/><F130/><W121/><G121/><T123/><D123/><U67/><E78/><V132/><F69/><W23/><G134/><T106/><D7/><U45/><E68/><V91/><F124/><W96/><G79/><T70/><D70/><U57/><E47/><V110/><F110/><W61/><G86/><T73/><D73/><U42/><E42/><V17/><F132/><W87/><G87/><T35/><D35/><U112/><E112/><V80/><F113/><W28/><G61/><T125/><D125/><U64/><E97/><V21/><F115/><W56/><G41/><T54/><D85/><U60/><E34/><V65/><F65/><W25/><G25/><N who="0" m="16567" /><D51/><U20/><E15/><V101/><F48/><W12/><REACH who="3" step="1"/><G46/><REACH who="3" ten="1,379,313,297" step="2"/><T62/><D62/><U93/><E93/><V90/><F101/><AGARI ba="0,1" hai="4,8,12,23,24,28,50,53,56,94,96,101,105,107" machi="101" ten="30,11600,0" yaku="1,1,2,1,7,1,53,1" doraHai="77" doraHaiUra="2" who="3" fromWho="2" sc="1,0,379,0,313,-116,297,126" /><INIT seed="3,1,0,4,1,1" ten="1,379,197,423" oya="3" hai0="26,44,101,16,3,106,118,12,7,71,2,50,109" hai1="119,55,83,10,11,17,0,35,87,42,116,64,100" hai2="54,98,84,114,134,130,56,31,59,27,53,104,36" hai3="110,63,41,62,13,82,61,107,45,96,65,76,24"/><W131/><G131/><T37/><D118/><N who="1" m="45099" /><E35/><V102/><F36/><W57/><G110/><T48/><D71/><U8/><E64/><V94/><F114/><W123/><G123/><T69/><D69/><U30/><E42/><V9/><F130/><W47/><G24/><T112/><D37/><U28/><E100/><V66/><F134/><W125/><G125/><T73/><D73/><U113/><E55/><V34/><F9/><W19/><G96/><T111/><D112/><U18/><E113/><V79/><F79/><W108/><G107/><T127/><D127/><U75/><E75/><V121/><F121/><W129/><G129/><T91/><D91/><U90/><E90/><V22/><F34/><W6/><G6/><T105/><D101/><U5/><E87/><V33/><F33/><W95/><G95/><T38/><D38/><U60/><E60/><N who="2" m="38175" /><F104/><N who="0" m="40042" /><D26/><U68/><E83/><V97/><F97/><W93/><G93/><T43/><D50/><U88/><E88/><V32/><F32/><W86/><G108/><N who="0" m="41547" /><D7/><U20/><E68/><V117/><F117/><W122/><G122/><T103/><D103/><U132/><E132/><V21/><F84/><W92/><G92/><T85/><D85/><U120/><E120/><V70/><F70/><W29/><G29/><N who="1" m="11370" /><E18/><V74/><F74/><W51/><G47/><T25/><D25/><AGARI ba="1,0" hai="0,5,8,10,11,17,20,25" m="11370,45099" machi="25" ten="30,7700,0" yaku="12,1,34,2,52,1" doraHai="1" who="1" fromWho="0" sc="1,-80,379,80,197,0,423,0" owari="-79,-57.9,459,55.9,197,-20.3,423,22.3" /></mjloggm>