<mjloggm ver="2.3"><GO type="169" lobby="0"/><UN n0="%E5%B3%B6%E7%94%B0%E7%9C%9F%E5%A4%A2" n1="%E9%95%B7%E5%A4%A7%E3%82%92%E5%87%BA%E3%81%9F%E3%81%91%E3%82%8C%E3%81%A9" n2="%6D%61%74%6F%30%36%30%33" n3="%E7%89%8C%E6%B5%81%E7%8A%B6%E6%85%8B%E9%BA%BB%E9%9B%80" dan="16,16,17,16" rate="2174.11,2150.82,2209.72,2142.30" sx="F,M,M,M"/><TAIKYOKU oya="0"/><INIT seed="0,0,0,4,3,16" ten="250,250,250,250" oya="0" hai0="89,0,25,109,1,54,110,91,12,122,55,45,33" hai1="57,116,90,32,30,80,58,86,127,114,50,98,84" hai2="129,83,68,46,82,96,63,21,108,69,78,70,19" hai3="61,34,40,17,66,113,5,92,36,77,124,42,41"/><T112/><D122/><U31/><E127/><V134/><F108/><N who="0" m="41578" /><D112/><U74/><E116/><V4/><F129/><W120/><G113/><T100/><D100/><U117/><E74/><V65/><F134/><W56/><G124/><T131/><D131/><U101/><E117/><V87/><F4/><W72/><G120/><T2/><D12/><U23/><E32/><V13/><F96/><W7/><G36/><T48/><D54/><U81/><E50/><V59/><F46/><W119/><G119/><T133/><D133/><U14/><E114/><V95/><F95/><W115/><G92/><T102/><D102/><U97/><E101/><V39/><F39/><W128/><G128/><T18/><D33/><U121/><E121/><V44/><F44/><W104/><G34/><T118/><D118/><U88/><E14/><V10/><REACH who="2" step="1"/><F83/><REACH who="2" ten="250,250,240,250" step="2"/><W3/><G115/><T15/><D25/><U94/><REACH who="1" step="1"/><E94/><REACH who="1" ten="250,240,240,250" step="2"/><V52/><F52/><W60/><G40/><T53/><D53/><U123/><E123/><V76/><F76/><W71/><G41/><T79/><D79/><U20/><AGARI ba="0,2" hai="20,23,30,31,57,58,80,81,84,86,88,90,97,98" machi="20" ten="25,16000,3" yaku="1,1,0,1,22,2,8,1,52,2,54,1,53,0" doraHai="16" doraHaiUra="73" who="1" fromWho="1" sc="250,-80,240,180,240,-40,250,-40" /><INIT seed="1,0,0,5,1,108" ten="170,420,200,210" oya="1" hai0="81,120,112,11,12,58,101,51,52,15,48,28,41" hai1="5,39,114,104,93,82,34,56,105,100,36,50,59" hai2="25,67,33,109,83,111,27,47,2,16,0,26,99" hai3="42,90,57,54,103,131,60,49,107,21,135,68,31"/><U94/><E34/><V73/><F33/><W55/><G131/><T30/><D120/><U17/><E5/><V116/><F116/><W132/><G42/><T14/><D101/><U37/><E100/><V20/><F67/><W77/><G77/><T9/><D81/><U95/><E50/><V6/><F99/><W115/><G90/><T129/><D129/><U130/><E82/><V118/><F118/><W127/><G127/><T40/><D112/><U80/><E80/><V110/><F47/><W53/><G68/><T72/><D72/><U35/><E35/><V70/><F70/><W46/><G53/><T89/><D89/><U43/><E43/><N who="0" m="16457" /><D48/><U92/><E130/><V91/><F91/><W45/><G45/><T98/><D98/><U97/><E17/><V29/><F29/><AGARI ba="0,0" hai="9,11,12,14,15,28,29,30,51,52,58" m="16457" machi="29" ten="30,2000,0" yaku="8,1,54,1" doraHai="108" who="0" fromWho="2" sc="170,20,420,0,200,-20,210,0" /><INIT seed="2,0,0,2,2,75" ten="190,420,180,210" oya="2" hai0="25,116,92,103,114,45,69,126,1,95,59,6,91" hai1="125,124,44,0,88,18,28,36,121,42,15,34,109" hai2="87,41,70,29,133,65,60,50,2,51,22,71,117" hai3="99,56,61,12,23,57,108,47,63,62,9,37,84"/><V40/><F117/><W94/><G108/><T86/><D114/><U17/><E109/><V123/><F2/><W112/><G112/><T8/><D69/><N who="2" m="26122" /><F87/><W67/><G23/><T74/><D116/><U20/><E0/><V66/><F22/><W5/><G57/><T64/><D74/><U54/><E121/><V48/><F29/><W24/><G24/><T33/><D45/><U85/><E34/><V35/><F35/><W89/><G37/><T46/><D46/><U101/><E28/><V127/><F123/><W113/><G47/><T43/><D43/><N who="2" m="16458" /><F127/><W120/><G113/><T14/><D126/><U111/><E101/><V21/><F21/><W38/><G38/><T110/><D110/><U68/><E111/><V132/><F60/><W13/><G120/><T93/><D1/><U100/><E100/><V128/><F128/><W78/><G13/><T4/><D4/><U55/><E17/><V52/><F52/><W98/><G98/><N who="0" m="59847" /><D33/><U96/><E55/><V80/><F80/><AGARI ba="0,0" hai="5,9,12,56,61,62,63,67,78,80,84,89,94,99" machi="80" ten="40,2600,0" yaku="8,1,52,1" doraHai="75" who="3" fromWho="2" sc="190,0,420,0,180,-26,210,26" /><INIT seed="3,0,0,2,1,88" ten="190,420,154,236" oya="3" hai0="17,105,86,40,2,81,85,135,58,111,106,134,125" hai1="20,44,99,28,71,95,48,119,59,55,16,34,51" hai2="97,104,96,47,38,76,41,101,84,107,13,120,11" hai3="93,65,14,29,124,54,103,61,5,35,27,90,129"/><W6/><G129/><T130/><D2/><U127/><E71/><V24/><F120/><W114/><G114/><T132/><D111/><U102/><E127/><V115/><F115/><W63/><G124/><T37/><D125/><U69/><E69/><V62/><F24/><W15/><G103/><T121/><D121/><U74/><E74/><V100/><F62/><W45/><G14/><T46/><D130/><U118/><E34/><V92/><F76/><W52/><G45/><T3/><D3/><U30/><E119/><V89/><F13/><W9/><G5/><T42/><D42/><N who="1" m="24599" /><E118/><V31/><REACH who="2" step="1"/><F11/><REACH who="2" ten="190,420,144,236" step="2"/><W18/><G63/><T91/><D17/><U60/><E60/><V49/><F49/><W112/><G112/><T21/><D21/><U98/><E51/><V133/><F133/><W10/><G10/><T53/><D58/><U82/><E59/><V94/><F94/><W79/><G79/><N who="0" m="46271" /><D53/><U109/><E55/><V36/><F36/><W1/><G18/><T26/><D26/><U87/><E109/><V64/><F64/><W19/><G19/><T4/><D4/><U123/><E123/><V72/><F72/><W68/><REACH who="3" step="1"/><G15/><REACH who="3" ten="190,420,144,226" step="2"/><T66/><D66/><U116/><E16/><V80/><F80/><AGARI ba="0,2" hai="37,40,46,80,86,91,105,106,132,134,135" m="46271" machi="80" ten="30,1000,0" yaku="20,1" doraHai="88" who="0" fromWho="2" sc="190,30,420,0,144,-10,226,0" /><INIT seed="4,0,0,4,5,44" ten="220,420,134,226" oya="0" hai0="129,17,48,47,71,114,100,36,15,53,0,45,94" hai1="135,105,5,119,46,32,92,64,56,19,70,1,52" hai2="81,22,115,72,124,123,61,117,112,99,62,121,83" hai3="8,80,133,23,85,67,10,35,69,43,125,65,20"/><T9/><D129/><U110/><E105/><V79/><F22/><W41/><G35/><T55/><D71/><U49/><E32/><V34/><F34/><W127/><G69/><T84/><D114/><N who="2" m="43562" /><F62/><W7/><G85/><T38/><D0/><U31/><E119/><V106/><F61/><W120/><G80/><T90/><D100/><U116/><E135/><V107/><F117/><W11/><G7/><T98/><D98/><U82/><E92/><V108/><F108/><W118/><G118/><T33/><D33/><U12/><E82/><V76/><F124/><N who="3" m="47691" /><G120/><N who="2" m="46153" /><F99/><W132/><G20/><T25/><D25/><U39/><E31/><V93/><F93/><W58/><G23/><T13/><D15/><U74/><E5/><V42/><F42/><N who="3" m="15883" /><G58/><T50/><AGARI ba="0,0" hai="9,13,17,36,38,45,47,48,50,53,55,84,90,94" machi="50" ten="30,11700,0" yaku="0,1,9,1,52,2" doraHai="44" who="0" fromWho="0" sc="220,117,420,-39,134,-39,226,-39" /><INIT seed="4,1,0,5,3,26" ten="337,381,95,187" oya="0" hai0="49,27,94,73,58,76,2,7,69,48,29,117,25" hai1="36,68,59,124,105,135,30,92,60,42,56,103,13" hai2="128,127,52,70,32,96,81,67,5,131,12,44,20" hai3="126,129,66,43,18,53,51,120,31,15,1,9,17"/><T109/><D69/><U3/><E3/><V87/><F127/><W106/><G106/><T130/><D117/><U64/><E124/><V88/><F32/><W110/><G110/><T8/><D109/><U22/><E135/><V24/><F96/><W133/><G126/><T119/><D25/><N who="1" m="16695" /><E105/><V89/><F89/><W91/><G133/><T115/><D119/><U28/><E68/><V102/><F102/><W33/><G129/><N who="2" m="49737" /><F70/><W55/><G91/><T78/><D130/><U77/><E28/><N who="2" m="17415" /><F67/><W19/><G66/><T0/><D76/><U63/><E77/><V99/><F99/><W62/><G33/><T16/><D78/><U4/><E36/><V122/><F122/><W38/><G38/><T6/><D73/><U72/><E42/><V101/><F101/><W85/><G43/><T47/><D94/><U79/><E79/><V95/><F95/><W134/><G120/><T65/><D65/><N who="1" m="39047" /><E72/><V10/><F44/><W86/><G134/><T80/><D47/><U104/><E104/><V123/><F123/><W34/><G34/><T111/><D111/><U21/><E103/><V50/><F50/><W118/><G51/><T132/><D49/><U71/><E92/><V61/><F61/><W45/><G62/><T93/><D93/><U46/><E46/><V82/><F82/><W37/><G118/><T112/><D80/><U97/><E97/><V114/><F114/><W121/><G45/><T98/><D98/><U125/><E71/><V108/><F108/><W41/><G37/><T75/><D132/><U83/><E125/><V74/><F74/><W40/><G121/><RYUUKYOKU ba="1,0" sc="337,-10,381,-10,95,30,187,-10" hai2="5,10,12,52,81,87,88" /><INIT seed="5,2,0,5,3,63" ten="327,371,125,177" oya="1" hai0="12,113,30,74,134,111,66,115,37,9,105,35,52" hai1="5,27,95,93,127,103,72,10,25,133,78,31,0" hai2="17,28,121,106,42,112,26,130,118,102,86,7,44" hai3="50,56,73,70,125,16,81,22,49,65,123,117,84"/><U18/><E133/><V6/><F118/><W110/><G110/><T128/><D105/><U131/><E127/><V132/><F121/><W69/><G123/><T71/><D74/><U107/><E131/><V108/><F108/><W2/><G2/><T119/><D37/><U39/><E107/><V76/><F130/><W45/><G73/><T51/><D111/><U38/><E103/><V97/><F132/><W29/><G29/><T32/><D134/><U94/><E18/><V41/><F17/><W122/><G125/><T59/><D128/><U21/><REACH who="1" step="1"/><E25/><REACH who="1" ten="327,361,125,177" step="2"/><V64/><F26/><W83/><G16/><T36/><D119/><U14/><E14/><V55/><F106/><W23/><G117/><T4/><D12/><U62/><E62/><V48/><F102/><W104/><G104/><T19/><D19/><U8/><E8/><V90/><F6/><W120/><G120/><T129/><D9/><U126/><E126/><V3/><F7/><W60/><G122/><T82/><D4/><U13/><E13/><V61/><F3/><W67/><G60/><T33/><D129/><U15/><E15/><V40/><F61/><W114/><G70/><T11/><D71/><U54/><E54/><V98/><F55/><W87/><G69/><T1/><D52/><U88/><E88/><V20/><F90/><W101/><G101/><T89/><D1/><U47/><E47/><V100/><F100/><W53/><G53/><T92/><D89/><U116/><E116/><V124/><F124/><W46/><G56/><T109/><D109/><U57/><E57/><V75/><F44/><RYUUKYOKU ba="2,1" sc="327,-15,361,15,125,-15,177,15" hai1="0,5,10,21,27,31,38,39,72,78,93,94,95" hai3="22,23,45,46,49,50,65,67,81,83,84,87,114" /><INIT seed="5,3,1,2,2,115" ten="312,376,110,192" oya="1" hai0="40,86,123,18,116,93,56,79,31,64,108,45,128" hai1="73,97,12,59,80,77,88,134,98,66,26,96,133" hai2="37,67,82,103,58,5,3,122,16,54,120,119,14" hai3="55,28,11,24,132,44,81,127,78,69,33,129,89"/><U72/><E26/><V114/><F114/><W111/><G111/><T70/><D116/><U76/><E12/><V135/><F135/><N who="1" m="51721" /><E59/><V131/><F131/><W53/><G129/><T91/><D108/><U63/><E63/><V74/><F37/><W38/><G127/><T42/><D123/><U47/><E47/><V109/><F109/><W60/><G132/><T4/><D128/><U83/><E66/><V30/><F119/><W2/><G89/><AGARI ba="3,1" hai="72,73,76,77,80,83,88,89,96,97,98" m="51721" machi="89" ten="30,11600,0" yaku="20,1,34,2,54,1" doraHai="115" who="1" fromWho="3" sc="312,0,376,135,110,0,192,-125" /><INIT seed="5,4,0,0,3,100" ten="312,511,110,67" oya="1" hai0="17,86,76,16,9,60,53,56,96,93,134,132,14" hai1="71,109,43,73,126,18,102,90,61,22,68,124,129" hai2="48,91,83,2,42,103,123,24,125,88,120,81,97" hai3="112,41,37,10,67,94,36,19,130,108,28,85,77"/><U13/><E73/><V104/><F2/><W66/><G108/><T118/><D118/><U80/><E109/><V64/><F64/><W6/><G112/><T114/><D114/><U12/><E129/><V31/><F125/><W63/><G130/><T115/><D115/><U0/><E0/><V44/><F81/><W30/><G19/><T55/><D76/><U39/><E12/><V51/><F51/><W15/><G67/><T45/><D86/><U5/><E5/><V107/><F107/><W111/><G111/><T11/><D45/><U54/><E102/><V72/><F72/><W57/><G41/><T8/><D55/><U133/><E133/><N who="0" m="51305" /><D14/><U84/><E39/><V26/><F26/><W79/><G36/><T82/><D82/><U122/><E43/><V21/><REACH who="2" step="1"/><F83/><REACH who="2" ten="312,511,100,67" step="2"/><W95/><G37/><T117/><D117/><U59/><E124/><V135/><F135/><W69/><G69/><T116/><D116/><U40/><E71/><V74/><F74/><W50/><G50/><T92/><D92/><U20/><E68/><V106/><F106/><W98/><G95/><T1/><D1/><U25/><E126/><V27/><F27/><W87/><G77/><T4/><D4/><U46/><E25/><V7/><F7/><W119/><G119/><T49/><D49/><U23/><E80/><V75/><F75/><W99/><G79/><T32/><D93/><U65/><E65/><V131/><F131/><W52/><G66/><T110/><D110/><U70/><E70/><V34/><F34/><W58/><G94/><T78/><D32/><U89/><E13/><RYUUKYOKU ba="4,1" sc="312,-10,511,-10,100,30,67,-10" hai2="21,24,31,42,44,48,88,91,97,103,104,120,123" /><INIT seed="6,5,1,5,2,12" ten="302,501,130,57" oya="2" hai0="36,57,11,58,47,31,72,79,18,60,39,68,84" hai1="88,122,41,121,27,113,101,80,53,23,130,129,134" hai2="87,116,8,111,5,133,65,29,103,107,20,86,32" hai3="128,100,40,92,131,35,6,49,126,52,104,34,44"/><V71/><F116/><W96/><G126/><T0/><D31/><U97/><E113/><V43/><F20/><W45/><G6/><T120/><D120/><N who="1" m="46187" /><E134/><V132/><F43/><W21/><G104/><T14/><D68/><U17/><E53/><V4/><F111/><W102/><G102/><T10/><D72/><U56/><E56/><V30/><F5/><W69/><G69/><T78/><D47/><U7/><E41/><V94/><F30/><W28/><G21/><T89/><D58/><U81/><E7/><V74/><F74/><W48/><REACH who="3" step="1"/><G28/><REACH who="3" ten="302,501,130,47" step="2"/><T85/><D0/><U67/><E101/><V55/><F107/><W110/><G110/><T93/><D10/><U105/><E105/><V106/><F106/><W51/><G51/><T95/><D39/><U83/><E67/><V123/><F123/><W61/><G61/><T66/><D36/><U3/><E3/><V46/><F29/><W90/><G90/><AGARI ba="5,2" hai="11,14,18,57,60,66,78,79,84,85,89,90,93,95" machi="90" ten="40,5200,0" yaku="9,1,8,1,52,1" doraHai="12" who="0" fromWho="3" sc="302,87,501,0,130,0,47,-67" owari="389,18.9,501,60.1,130,-27.0,-20,-52.0" /></mjloggm>