<mjloggm ver="2.3"><GO type="169" lobby="0"/><UN n0="%E4%B9%9D%E5%B0%BE%E3%81%AE%E3%83%8D%E3%82%B3" n1="%E2%80%A0%E7%99%BD%E5%85%8E%E2%80%A0" n2="%E7%8C%AB%E5%A8%98%E5%A4%A7%E5%A5%BD%E3%81%8D" n3="%78%78%62%6D%6D" dan="16,18,17,17" rate="2078.35,2196.59,2138.84,2197.76" sx="M,M,M,M"/><TAIKYOKU oya="0"/><INIT seed="0,0,0,4,5,10" ten="250,250,250,250" oya="0" hai0="38,120,31,117,131,26,96,114,13,98,124,134,108" hai1="63,119,71,9,135,122,48,12,82,14,16,34,94" hai2="91,103,100,121,97,88,5,25,92,132,58,20,87" hai3="75,68,2,116,15,70,44,123,46,8,22,18,54"/><T11/><D38/><U28/><E119/><V127/><F121/><W36/><G116/><T85/><D117/><U66/><E122/><V69/><F69/><W55/><G123/><T95/><D120/><U133/><E94/><V7/><F132/><N who="1" m="50761" /><E48/><V128/><F128/><W104/><G104/><T59/><D134/><U23/><E82/><N who="2" m="49655" /><F127/><W110/><G75/><T118/><D124/><U65/><E65/><V32/><F32/><W56/><G110/><T107/><D131/><U111/><E111/><V113/><F58/><W74/><G74/><T29/><D108/><U42/><E42/><V4/><F113/><W40/><G46/><T86/><D114/><U125/><E125/><V90/><F103/><W84/><G84/><T6/><D107/><U101/><E101/><V53/><F53/><W37/><G54/><T77/><D118/><U76/><E76/><V52/><F52/><W41/><G41/><T115/><D115/><U64/><E64/><V60/><F60/><W73/><G73/><T24/><D59/><U106/><E106/><V105/><F105/><W72/><G72/><T30/><D77/><U49/><E49/><V93/><F93/><W17/><G36/><T130/><D130/><U78/><E78/><V89/><F100/><W50/><REACH who="3" step="1"/><G2/><REACH who="3" ten="250,250,250,240" step="2"/><T112/><D112/><U43/><E43/><V61/><F61/><W83/><G83/><T33/><D95/><U126/><E126/><V109/><F109/><W21/><G21/><T27/><D33/><U129/><E129/><V80/><F80/><W51/><G51/><T57/><D57/><U1/><E34/><RYUUKYOKU ba="0,1" sc="250,10,250,-30,250,10,240,10" hai0="6,11,13,24,26,27,29,30,31,85,86,96,98" hai2="4,5,7,20,25,88,89,90,92,97" hai3="8,15,17,18,22,37,40,44,50,55,56,68,70" /><INIT seed="0,1,1,4,3,85" ten="260,220,260,250" oya="0" hai0="1,129,72,88,2,19,118,38,90,66,52,83,28" hai1="125,8,112,61,40,37,108,132,106,80,3,116,119" hai2="103,49,29,130,91,100,12,68,109,110,6,78,84" hai3="94,14,133,71,9,35,86,59,17,47,74,0,64"/><T124/><D118/><U121/><RYUUKYOKU type="yao9" ba="1,1" sc="260,0,220,0,260,0,250,0" hai1="3,8,37,40,61,80,106,108,112,116,119,121,125,132" /><INIT seed="0,2,1,4,4,109" ten="260,220,260,250" oya="0" hai0="35,59,88,17,70,47,95,120,117,27,14,11,4" hai1="54,118,22,49,41,135,25,128,86,89,98,28,38" hai2="83,69,123,48,31,76,105,131,110,29,107,18,66" hai3="102,74,121,50,62,122,33,80,21,132,130,124,8"/><T108/><D117/><U103/><E118/><V44/><F123/><W72/><G33/><T24/><D120/><N who="3" m="46185" /><G21/><T71/><D108/><U77/><E128/><V126/><F110/><W6/><G102/><T113/><D113/><U34/><E135/><V42/><F131/><W101/><G101/><T79/><D79/><U87/><E38/><V73/><F126/><W94/><G94/><T55/><D47/><U10/><E41/><V96/><F107/><W134/><G50/><T133/><D133/><N who="3" m="51305" /><G130/><T30/><D27/><U78/><E34/><V32/><F32/><W106/><G106/><T85/><REACH who="0" step="1"/><D17/><REACH who="0" ten="250,220,260,250" step="2"/><U104/><E25/><V39/><F18/><W43/><G124/><T56/><D56/><U45/><E78/><V16/><F16/><W67/><G43/><T20/><D20/><U40/><E22/><V61/><F42/><W2/><G80/><T68/><D68/><AGARI ba="2,2" hai="2,6,8,62,67,68,72,74" m="51305,46185" machi="68" ten="30,3900,0" yaku="13,1,20,1,23,1" doraHai="109" who="3" fromWho="0" sc="250,-45,220,0,260,0,250,65" /><INIT seed="1,0,0,1,1,109" ten="205,220,260,315" oya="1" hai0="27,24,102,98,112,135,108,12,37,127,30,95,38" hai1="35,126,11,3,18,78,59,69,19,111,62,20,41" hai2="115,73,89,57,68,100,5,49,42,121,114,87,67" hai3="131,99,45,1,71,97,85,14,134,88,53,50,52"/><U80/><E35/><V90/><F121/><W32/><G1/><T15/><D108/><U116/><E111/><V92/><F73/><W66/><G131/><T120/><D120/><U4/><E116/><V119/><F119/><W54/><G134/><T23/><D135/><U9/><E126/><V83/><F100/><W33/><G71/><T105/><D127/><U16/><E69/><V75/><F68/><W21/><G66/><T133/><D133/><U113/><E41/><V65/><F5/><W128/><G33/><T40/><D38/><U26/><E113/><N who="2" m="43019" /><F75/><W103/><G32/><T125/><D112/><U64/><REACH who="1" step="1"/><E9/><REACH who="1" ten="205,210,260,315" step="2"/><V132/><F132/><W74/><G128/><T91/><D125/><U110/><E110/><V44/><F57/><W122/><G122/><T28/><D40/><U94/><E94/><V47/><F47/><W36/><G45/><T118/><D118/><U8/><E8/><V48/><F48/><W43/><G50/><T31/><D37/><U55/><E55/><V2/><F2/><W60/><G43/><T72/><D105/><U107/><E107/><V76/><F76/><W17/><G36/><T63/><D63/><U6/><E6/><V123/><F123/><W96/><G60/><T10/><D10/><U129/><E129/><V81/><F81/><N who="3" m="49199" /><G74/><AGARI ba="0,1" hai="3,4,11,16,18,19,20,26,59,62,64,74,78,80" machi="74" ten="30,5800,0" yaku="1,1,7,1,54,1,53,0" doraHai="109" doraHaiUra="70" who="1" fromWho="3" sc="205,0,210,68,260,0,315,-58" /><INIT seed="1,1,0,5,2,59" ten="205,278,260,257" oya="1" hai0="108,114,41,73,104,116,110,71,83,14,113,125,53" hai1="129,89,47,9,55,13,69,67,35,61,37,128,95" hai2="120,54,99,97,19,0,101,60,81,32,112,51,46" hai3="38,68,77,6,36,72,87,90,39,57,134,29,85"/><U88/><E35/><V11/><F120/><W117/><G68/><T21/><D104/><U20/><E20/><V130/><F130/><N who="1" m="50281" /><E95/><V18/><F32/><W17/><G134/><T30/><D73/><U62/><E37/><V49/><F112/><W119/><G6/><T70/><D114/><U133/><E133/><V126/><F126/><W102/><G102/><T86/><D125/><U31/><E31/><V84/><F99/><W122/><G29/><T48/><D113/><U78/><E78/><V43/><F97/><W103/><G103/><T79/><D116/><U40/><E40/><V28/><F101/><W115/><G38/><T92/><D92/><U42/><E42/><V105/><F28/><W34/><G34/><T50/><D41/><U109/><E109/><V65/><F105/><W5/><G77/><T33/><D33/><U2/><E2/><V100/><F100/><W106/><G106/><T82/><D30/><U25/><E25/><V75/><F0/><W93/><G93/><T118/><D118/><U58/><E47/><V52/><F43/><W121/><G115/><T15/><D79/><U66/><E66/><V12/><F65/><W44/><G39/><T91/><D21/><U24/><E24/><V22/><F22/><W74/><G36/><T27/><D27/><U98/><E98/><V56/><F46/><W3/><G117/><T45/><D45/><U76/><E76/><V26/><F26/><W8/><G44/><T64/><D64/><U4/><AGARI ba="1,0" hai="4,9,13,55,58,61,62,67,69,88,89" m="50281" machi="4" ten="30,11700,0" yaku="19,1,52,2,54,1" doraHai="59" who="1" fromWho="1" sc="205,-40,278,120,260,-40,257,-40" /><INIT seed="1,2,0,5,5,57" ten="165,398,220,217" oya="1" hai0="82,116,71,61,9,3,127,26,124,101,76,83,113" hai1="64,24,90,52,46,33,4,59,19,74,65,10,69" hai2="21,37,97,85,118,89,18,34,8,125,5,75,110" hai3="29,6,134,47,86,94,98,49,27,62,35,104,68"/><U70/><E74/><V20/><F118/><W107/><G134/><T80/><D116/><U45/><E90/><V129/><F75/><W93/><G6/><T79/><D113/><U0/><E65/><V111/><F37/><W17/><G17/><T131/><D131/><U7/><E7/><V122/><F122/><W43/><G86/><T50/><D50/><U41/><E64/><V72/><F72/><W28/><G28/><T13/><D3/><U106/><E106/><V38/><F5/><W115/><G115/><T130/><D130/><U114/><E114/><V48/><F89/><W92/><G98/><T42/><D26/><U78/><E78/><V16/><F97/><W12/><G12/><T108/><D42/><U96/><E96/><V15/><F15/><W91/><G91/><T121/><D121/><U44/><E41/><V102/><F102/><W14/><G14/><T51/><D51/><U81/><E81/><V54/><F48/><W128/><G128/><T109/><D101/><U117/><E117/><V99/><F99/><W112/><G112/><T100/><D100/><U31/><REACH who="1" step="1"/><E19/><REACH who="1" ten="165,388,220,217" step="2"/><V2/><F18/><W25/><G107/><T1/><D79/><U84/><E84/><V40/><F16/><W32/><G104/><T88/><D76/><U95/><E95/><V56/><F40/><W53/><G43/><T63/><D88/><U103/><E103/><V120/><F129/><W126/><G94/><T58/><D83/><U67/><E67/><V39/><F85/><W105/><G105/><T73/><D73/><U23/><E23/><V60/><F21/><RYUUKYOKU ba="2,1" sc="165,-10,388,30,220,-10,217,-10" hai1="0,4,10,24,31,33,44,45,46,52,59,69,70" /><INIT seed="1,3,1,5,1,45" ten="155,418,210,207" oya="1" hai0="94,42,124,44,38,58,98,64,115,0,66,59,90" hai1="73,117,65,128,118,24,51,60,78,49,82,12,129" hai2="101,18,61,7,91,99,40,111,34,81,68,110,96" hai3="83,89,122,135,43,33,104,127,133,108,106,105,22"/><U103/><E103/><V1/><F34/><W120/><G33/><T31/><D115/><U28/><E12/><V84/><F40/><W10/><G22/><T35/><D124/><U57/><E117/><V113/><F113/><W25/><G25/><T54/><D0/><U19/><E19/><V109/><F18/><W9/><G43/><T62/><D31/><U69/><E118/><V16/><F7/><W116/><G116/><T29/><D35/><N who="1" m="20871" /><E69/><V76/><F1/><W53/><G53/><T20/><D29/><U79/><E79/><V75/><F16/><W27/><G27/><T23/><REACH who="0" step="1"/><D66/><REACH who="0" ten="145,418,210,207" step="2"/><U85/><E73/><V50/><F75/><W100/><G127/><T11/><D11/><U70/><E70/><V4/><F68/><W56/><G9/><T15/><D15/><U80/><E80/><V32/><F81/><W130/><G10/><T37/><D37/><U97/><E65/><V63/><F32/><W95/><G83/><T126/><D126/><U125/><E125/><V30/><F30/><W55/><G122/><T8/><D8/><U52/><E97/><V39/><F99/><W67/><G120/><T93/><D93/><U86/><E86/><V134/><F96/><W2/><G95/><T47/><D47/><U112/><E112/><V77/><F84/><W48/><G2/><T119/><D119/><U41/><E85/><V71/><F71/><W26/><G67/><T88/><D88/><U36/><E82/><V72/><F91/><W92/><G89/><T131/><D131/><N who="1" m="50251" /><E78/><V21/><F77/><W74/><G130/><T3/><D3/><RYUUKYOKU ba="3,2" sc="145,15,418,15,210,-15,207,-15" hai0="20,23,38,42,44,54,58,59,62,64,90,94,98" hai1="36,41,49,51,52,57,60" /><INIT seed="1,4,2,3,5,117" ten="160,433,195,192" oya="1" hai0="111,46,10,13,89,52,4,86,129,39,99,5,3" hai1="92,65,135,134,64,116,114,18,14,105,0,107,121" hai2="12,29,51,75,69,11,34,119,17,81,2,118,57" hai3="9,108,104,72,54,36,78,82,23,80,131,56,63"/><U74/><E116/><V58/><F69/><W30/><G108/><T24/><D111/><U126/><E0/><V106/><F106/><N who="1" m="40457" /><E114/><V77/><F58/><W95/><G104/><T113/><D113/><U120/><E74/><V87/><F75/><W79/><G131/><T68/><D68/><U110/><E92/><V124/><F124/><W26/><G36/><T103/><D129/><U35/><E35/><V102/><F102/><W66/><G95/><T91/><D103/><U67/><E110/><V55/><REACH who="2" step="1"/><F2/><REACH who="2" ten="160,433,185,192" step="2"/><W115/><G115/><T76/><D3/><U98/><E126/><V47/><F47/><W19/><G66/><T48/><D46/><U22/><E98/><V84/><F84/><W31/><G9/><T125/><D10/><U43/><E43/><V8/><F8/><W130/><G130/><T27/><D86/><AGARI ba="4,3" hai="19,23,26,30,31,54,56,63,72,78,79,80,82,86" machi="86" ten="30,1000,0" yaku="7,1" doraHai="117" who="3" fromWho="0" sc="160,-22,433,0,185,0,192,52" /><INIT seed="2,0,0,2,1,35" ten="138,433,185,244" oya="2" hai0="37,22,59,61,127,81,57,86,23,89,113,11,128" hai1="104,129,25,27,46,70,110,62,48,68,77,56,40" hai2="42,7,72,32,99,98,5,116,135,120,79,84,85" hai3="74,20,71,31,47,60,55,111,75,114,58,106,10"/><V108/><F116/><W12/><G111/><T125/><D113/><U34/><E104/><V49/><F120/><W94/><G106/><T133/><D37/><U119/><E119/><V18/><F32/><W121/><G121/><T21/><D128/><U2/><E110/><V19/><F108/><W50/><G114/><T45/><D133/><U132/><E129/><V131/><F131/><W80/><G71/><T100/><D100/><U38/><E77/><V130/><F130/><W14/><G94/><T29/><D45/><U43/><E25/><V96/><F72/><W52/><G80/><T44/><D44/><N who="1" m="25607" /><E27/><V97/><F135/><W93/><G93/><T107/><D107/><U54/><E2/><V73/><F73/><W28/><G74/><T92/><D92/><U39/><E34/><V76/><F99/><W90/><G90/><T36/><D36/><N who="1" m="13867" /><E132/><V1/><F1/><W126/><G75/><T124/><D29/><U16/><E16/><N who="2" m="6187" /><F49/><AGARI ba="0,0" hai="43,46,49,54,56,62,68,70" m="13867,25607" machi="49" ten="30,8000,1" yaku="35,5" doraHai="35" who="1" fromWho="2" sc="138,0,433,80,185,-80,244,0" /><INIT seed="3,0,0,1,4,0" ten="138,513,105,244" oya="3" hai0="61,8,59,58,116,106,5,94,45,118,133,84,135" hai1="122,17,128,51,65,57,29,114,77,36,4,87,11" hai2="21,14,49,100,79,82,85,62,66,105,42,112,12" hai3="55,86,129,41,119,63,39,108,93,102,73,121,3"/><W124/><G119/><T126/><D106/><U76/><E36/><V92/><F105/><W134/><G121/><T127/><D45/><U115/><E122/><V74/><F112/><W54/><G73/><T47/><D47/><U50/><E29/><V52/><F42/><W60/><G3/><T35/><D35/><U117/><E17/><V37/><F37/><W31/><G31/><T22/><D94/><U95/><E128/><V103/><F74/><W13/><G102/><T64/><D84/><U15/><E117/><V83/><F83/><W69/><G93/><T19/><D59/><U70/><E70/><V68/><F21/><W26/><G26/><T6/><D22/><U67/><E115/><V40/><F40/><W75/><G13/><N who="0" m="5263" /><D19/><U91/><E114/><V110/><F110/><W71/><G86/><T46/><D46/><U99/><E87/><V33/><F33/><W101/><G75/><T38/><D6/><U113/><E113/><V32/><F32/><W107/><G108/><T125/><D38/><U24/><E24/><V104/><F104/><W78/><G107/><T23/><D23/><U96/><E96/><V56/><REACH who="2" step="1"/><F103/><REACH who="2" ten="138,513,95,244" step="2"/><W109/><G101/><T81/><D81/><U130/><E130/><V123/><F123/><W2/><G129/><T80/><D80/><U16/><E95/><V27/><F27/><W120/><G109/><T43/><D43/><U72/><E72/><V10/><F10/><W88/><G39/><T9/><D9/><U20/><E11/><V1/><F1/><W90/><G2/><T25/><D25/><U7/><E20/><RYUUKYOKU ba="0,1" sc="138,15,513,-15,95,15,244,-15" hai0="58,61,64,116,118,125,126,127,133,135" hai2="12,14,49,52,56,62,66,68,79,82,85,92,100" /><INIT seed="4,1,1,5,0,21" ten="153,498,110,229" oya="0" hai0="34,11,63,134,44,129,7,112,8,117,31,98,91" hai1="40,29,64,23,45,126,102,73,35,95,86,48,75" hai2="128,105,69,46,1,93,101,53,113,18,24,103,70" hai3="43,115,84,22,80,20,72,3,82,61,97,59,14"/><T83/><D117/><U104/><E126/><V65/><F1/><W122/><G3/><T107/><D112/><U47/><E35/><V0/><F0/><W51/><G122/><T71/><D129/><U100/><E64/><V133/><F113/><W28/><G115/><T42/><D134/><U121/><E121/><V87/><F128/><W68/><G72/><T130/><D130/><U55/><E104/><V39/><F133/><W57/><G68/><T17/><D17/><U52/><E73/><V116/><F116/><W81/><G97/><T90/><D7/><U96/><E75/><V62/><F70/><W54/><G43/><T38/><D83/><U78/><E102/><V37/><F105/><W135/><G135/><T67/><D91/><U26/><E47/><V66/><F66/><W106/><G106/><T85/><D85/><U16/><E29/><V89/><F103/><W77/><G22/><T49/><D90/><U19/><E19/><V120/><F101/><W30/><G14/><T36/><D36/><U76/><E86/><V41/><F120/><W10/><G10/><T15/><D15/><U88/><E100/><V12/><F39/><W60/><G30/><T92/><D107/><U6/><E6/><V123/><F123/><W4/><G4/><T25/><D38/><U33/><E33/><V99/><F53/><AGARI ba="1,1" hai="16,23,26,40,45,48,52,53,55,76,78,88,95,96" machi="53" ten="40,8000,1" yaku="8,1,52,1,54,3" doraHai="21" who="1" fromWho="2" sc="153,0,498,93,110,-83,229,0" /><INIT seed="5,0,0,3,2,62" ten="153,591,27,229" oya="1" hai0="40,132,61,72,48,123,74,28,31,124,94,96,84" hai1="125,100,106,111,104,13,101,82,112,2,11,65,107" hai2="20,27,134,73,29,115,24,9,56,105,88,113,71" hai3="0,120,70,95,122,108,131,64,41,127,90,36,47"/><U49/><E2/><V103/><F73/><W91/><G0/><T42/><D123/><U10/><E112/><N who="2" m="43083" /><F71/><W23/><G108/><T75/><D84/><U93/><E125/><V46/><F134/><W35/><G35/><T117/><D124/><U92/><E49/><V133/><F133/><W39/><G39/><T33/><D33/><U8/><E13/><V54/><F9/><W7/><G7/><T1/><D1/><U43/><E43/><V6/><F6/><W67/><G70/><T76/><D132/><U12/><E12/><V116/><F46/><W25/><G127/><T45/><D117/><U80/><E65/><V4/><F4/><W44/><G44/><T38/><D38/><U63/><E63/><N who="2" m="36247" /><F27/><W85/><G120/><T66/><D42/><U118/><E118/><V79/><F79/><W53/><G122/><T5/><D76/><U121/><E111/><V99/><F116/><W57/><G47/><T68/><REACH who="0" step="1"/><D5/><REACH who="0" ten="143,591,27,229" step="2"/><U37/><E37/><V83/><F83/><N who="1" m="31785" /><E121/><V102/><F105/><W81/><G41/><T59/><D59/><U15/><E107/><V19/><F29/><W30/><G36/><T21/><D21/><U26/><E106/><V34/><F34/><W16/><G30/><T58/><D58/><U109/><E104/><V97/><F97/><W98/><G57/><T3/><D3/><U22/><E109/><V130/><F130/><W51/><G131/><T86/><D86/><U52/><E22/><V17/><F17/><W32/><G32/><T129/><D129/><U119/><E119/><V55/><F55/><W126/><G126/><RYUUKYOKU ba="0,1" sc="143,10,591,-30,27,10,229,10" hai0="28,31,40,45,48,61,66,68,72,74,75,94,96" hai2="19,20,24,88,99,102,103" hai3="16,23,25,51,53,64,67,81,85,90,91,95,98" /><INIT seed="6,1,1,1,4,88" ten="153,561,37,239" oya="2" hai0="40,12,114,101,52,125,120,72,113,31,41,108,54" hai1="79,27,66,86,123,129,13,28,67,80,81,111,89" hai2="57,117,2,26,30,78,109,50,9,53,42,118,68" hai3="14,64,10,74,135,61,59,58,24,134,62,3,95"/><V18/><F68/><W4/><G74/><T1/><D120/><U93/><E111/><V127/><F109/><W55/><G24/><T103/><D108/><U100/><E123/><V112/><F112/><N who="0" m="43114" /><D72/><U132/><E129/><V37/><F127/><W107/><G107/><T33/><D12/><U97/><E132/><N who="3" m="50730" /><G95/><T77/><D77/><U19/><E28/><V6/><F18/><W90/><G90/><T92/><D1/><AGARI ba="1,1" hai="1,3,4,10,14,55,58,59,61,62,64" m="50730" machi="1" ten="30,1000,0" yaku="20,1" doraHai="88" who="3" fromWho="0" sc="153,-13,561,0,37,0,239,23" /><INIT seed="7,0,0,5,3,128" ten="140,561,37,262" oya="3" hai0="122,117,28,8,98,114,85,16,67,127,10,73,59" hai1="135,66,89,14,105,123,1,90,54,7,92,52,31" hai2="68,11,50,118,104,96,62,38,101,18,36,97,107" hai3="125,46,51,2,22,95,41,9,83,131,94,44,93"/><W103/><G131/><T15/><D122/><U120/><E105/><V53/><F118/><W129/><G129/><T74/><D117/><U12/><E1/><V79/><F79/><W71/><G71/><T13/><D114/><U56/><E31/><V26/><F11/><W5/><G125/><T88/><D74/><U81/><E56/><V0/><F0/><W39/><G22/><T58/><D73/><U80/><E92/><V91/><F50/><W70/><G70/><T47/><D28/><U126/><E66/><V87/><F87/><W124/><G124/><T109/><D109/><U60/><E60/><V72/><F72/><W82/><G103/><T30/><D30/><U25/><E25/><V33/><F53/><W86/><G86/><T34/><D34/><U49/><E49/><V21/><F91/><W116/><G116/><T19/><D67/><U102/><E7/><V4/><F4/><W84/><G84/><T119/><D119/><U75/><E75/><V65/><F21/><W27/><G27/><T29/><D29/><U20/><E20/><V99/><F99/><W115/><G115/><T57/><D98/><U100/><E126/><V55/><F55/><W110/><G110/><T43/><D127/><U130/><E130/><V69/><F18/><W24/><G24/><T121/><D121/><U113/><E113/><V37/><F69/><W78/><G5/><T132/><D85/><U23/><E23/><V133/><F133/><AGARI ba="0,0" hai="12,14,52,54,80,81,89,90,100,102,120,123,133,135" machi="133" ten="25,8000,1" yaku="22,2,52,2,54,1" doraHai="128" who="1" fromWho="2" sc="140,0,561,80,37,-80,262,0" owari="140,-26.0,641,74.1,-43,-54.3,262,6.2" /></mjloggm>