<mjloggm ver="2.3"><GO type="169" lobby="0"/><UN n0="%E3%81%A4%E3%81%B0%E3%83%A1" n1="%41%6E%6B%6F%61%6E%6B%6F" n2="%E3%83%8E%E3%82%AA%E3%83%81%E3%83%A3%E3%83%99%E3%82%B9" n3="%E3%83%93%E3%83%81%E3%83%A3%E5%B1%B1%E3%83%93%E3%83%81%E3%83%A3%E7%94%B7" dan="16,17,16,16" rate="2078.23,2180.50,2137.88,2106.70" sx="M,F,M,M"/><TAIKYOKU oya="0"/><INIT seed="0,0,0,0,4,44" ten="250,250,250,250" oya="0" hai0="26,131,81,91,69,15,133,49,24,51,63,74,38" hai1="130,78,67,25,97,68,1,19,35,5,34,55,48" hai2="122,109,11,95,110,126,45,102,59,32,43,119,73" hai3="62,61,57,99,114,134,17,85,116,106,40,77,71"/><T70/><D38/><U6/><E130/><V60/><F73/><W50/><G134/><T84/><D131/><U104/><E78/><V21/><F32/><W7/><G114/><T89/><D133/><U90/><E1/><V33/><F33/><W129/><G116/><T46/><D74/><U105/><E19/><V47/><F122/><W112/><G112/><T88/><D15/><U42/><E42/><V3/><F119/><W94/><G7/><T75/><D75/><U52/><E90/><N who="0" m="34313" /><D70/><U87/><E87/><V111/><F21/><W64/><G106/><T10/><D69/><U76/><E76/><V8/><F126/><W118/><G118/><T80/><D63/><U30/><E68/><V127/><F127/><W58/><G129/><T9/><D81/><U86/><E86/><V37/><F47/><N who="3" m="25959" /><G17/><T54/><D51/><U120/><E120/><V123/><F3/><W101/><G71/><T0/><D0/><U93/><E48/><V12/><F123/><W41/><G41/><T13/><D9/><U83/><E83/><V103/><F11/><W72/><G72/><T66/><D66/><U121/><E67/><N who="2" m="39327" /><F95/><W82/><G62/><T22/><D22/><U92/><E121/><V18/><AGARI ba="0,0" hai="8,12,18,37,43,45,102,103,109,110,111" m="39327" machi="18" ten="30,1100,0" yaku="14,1" doraHai="44" who="2" fromWho="2" sc="250,-5,250,-3,250,11,250,-3" /><INIT seed="1,0,0,1,5,25" ten="245,247,261,247" oya="1" hai0="126,74,2,57,66,125,100,44,37,92,40,94,101" hai1="91,121,23,50,31,93,132,58,106,134,81,11,63" hai2="130,115,26,53,79,122,27,39,78,12,95,60,120" hai3="28,20,75,54,3,80,48,9,97,14,69,135,124"/><U32/><E121/><V68/><F39/><W5/><G69/><T21/><D74/><U128/><E106/><V41/><F41/><W102/><G124/><N who="0" m="47723" /><D2/><U65/><E128/><V7/><F130/><W76/><G135/><N who="1" m="51754" /><E32/><V90/><F115/><W22/><G3/><T117/><D117/><U19/><E81/><V42/><F42/><W96/><G96/><T62/><D21/><U10/><E50/><V107/><F107/><W45/><REACH who="3" step="1"/><G28/><REACH who="3" ten="245,247,261,237" step="2"/><T59/><D59/><U38/><E31/><V109/><F122/><W1/><G1/><T51/><D37/><U73/><E38/><V46/><F120/><W129/><G129/><T108/><D108/><U47/><E47/><V84/><F109/><W87/><G87/><T105/><D101/><U116/><E73/><V30/><F68/><W112/><G112/><T64/><D64/><U36/><E36/><V15/><F46/><W114/><G114/><T131/><D131/><U29/><E29/><V119/><F30/><W118/><G118/><T61/><D100/><U83/><E116/><V6/><F119/><W103/><G103/><T89/><D66/><U49/><E58/><N who="2" m="34895" /><F7/><W24/><G24/><T17/><D57/><U98/><E65/><V56/><F27/><W88/><G88/><T71/><D89/><U43/><E91/><V52/><F26/><W34/><G34/><T82/><D71/><U99/><E98/><V33/><F33/><W18/><G18/><T113/><D17/><U85/><E19/><V67/><F67/><W55/><G55/><T0/><D113/><U70/><E70/><V16/><F6/><RYUUKYOKU ba="0,1" sc="245,-10,247,-10,261,-10,237,30" hai3="5,9,14,20,22,45,48,54,75,76,80,97,102" /><INIT seed="2,1,1,2,4,114" ten="235,237,251,267" oya="2" hai0="108,101,50,131,48,38,76,130,11,36,61,47,77" hai1="124,37,103,72,62,16,87,5,44,71,40,78,116" hai2="54,57,104,85,22,25,29,90,65,14,80,58,52" hai3="84,56,20,118,67,70,86,39,74,126,30,115,107"/><V17/><F104/><W97/><G126/><T3/><D108/><U99/><E124/><V26/><F65/><W68/><G74/><T21/><D101/><U31/><E31/><V82/><F82/><W129/><G129/><N who="0" m="49163" /><D61/><U92/><E5/><V120/><F120/><W121/><G39/><N who="0" m="14891" /><D21/><U42/><E42/><V119/><F119/><W91/><G86/><T105/><D105/><U93/><E116/><V113/><F113/><W35/><G121/><T24/><D24/><U19/><E72/><V98/><F98/><W135/><G135/><T63/><D63/><U89/><REACH who="1" step="1"/><E78/><REACH who="1" ten="235,227,251,267" step="2"/><N who="0" m="30313" /><D47/><U9/><E9/><V110/><F110/><W109/><G109/><T132/><D132/><U46/><E46/><V2/><F2/><W75/><G118/><T34/><D34/><U123/><E123/><V7/><F7/><AGARI ba="1,2" hai="3,7,11,48,50" m="30313,14891,49163" machi="7" ten="40,1300,0" yaku="19,1" doraHai="114" who="0" fromWho="2" sc="235,36,227,0,251,-16,267,0" /><INIT seed="3,0,0,1,4,26" ten="271,227,235,267" oya="3" hai0="51,113,59,94,96,105,49,128,55,25,44,95,75" hai1="99,27,42,89,45,70,5,17,88,63,74,60,20" hai2="97,125,112,114,133,98,103,43,13,61,104,66,16" hai3="15,67,46,24,124,64,3,19,106,102,4,115,80"/><W37/><G124/><T57/><D128/><U69/><E74/><V100/><F43/><W10/><G115/><T117/><D117/><U91/><E5/><V134/><F125/><W29/><G80/><T28/><D113/><U82/><E82/><V40/><F40/><W85/><G37/><T118/><D118/><U111/><E111/><V50/><F50/><W7/><G46/><T36/><D75/><U35/><E35/><V72/><F72/><W79/><G79/><T48/><D105/><U0/><E0/><V53/><F53/><W1/><G85/><T83/><D83/><U68/><REACH who="1" step="1"/><E99/><REACH who="1" ten="271,217,235,267" step="2"/><V76/><F114/><W90/><G7/><T6/><D6/><U14/><E14/><V77/><F112/><W34/><G1/><T31/><D25/><U18/><E18/><V127/><F127/><W71/><G71/><T131/><D96/><U8/><E8/><V81/><F81/><W62/><G19/><T52/><D131/><U130/><E130/><V23/><F77/><W12/><G15/><T86/><D86/><U101/><E101/><V126/><F76/><W2/><G12/><T73/><D73/><U107/><E107/><V135/><F126/><W122/><G102/><N who="2" m="38953" /><F104/><W87/><G106/><T11/><D11/><U56/><E56/><AGARI ba="0,1" hai="13,16,23,56,61,66,97,98,133,134,135" m="38953" machi="56" ten="30,2000,0" yaku="20,1,54,1" doraHai="26" who="2" fromWho="1" sc="271,0,217,-20,235,30,267,0" /><INIT seed="4,0,0,0,4,133" ten="271,197,265,267" oya="0" hai0="34,86,53,35,113,30,126,25,98,27,50,85,48" hai1="16,130,70,77,95,19,84,76,110,88,32,118,124" hai2="107,11,122,99,26,89,15,52,74,12,14,94,106" hai3="80,20,6,36,2,63,114,127,61,47,132,56,22"/><T24/><D113/><U46/><E118/><V104/><F74/><W75/><G132/><T109/><D109/><U43/><E110/><V112/><F112/><W97/><G63/><T123/><D123/><U13/><E130/><V103/><F122/><W8/><G97/><T100/><D126/><U134/><E134/><V117/><F117/><W41/><G114/><T59/><D50/><U135/><E135/><V101/><F11/><W65/><REACH who="3" step="1"/><G127/><REACH who="3" ten="271,197,265,257" step="2"/><T3/><D3/><U90/><E124/><V68/><F68/><W5/><G5/><T58/><D58/><U81/><E70/><V62/><F26/><W83/><G83/><T33/><REACH who="0" step="1"/><D30/><REACH who="0" ten="261,197,265,257" step="2"/><U129/><E129/><V42/><F42/><W49/><G49/><T66/><D66/><U87/><E43/><V121/><F121/><W67/><G67/><T128/><D128/><U44/><E44/><V39/><F39/><W23/><G23/><T72/><D72/><U29/><E46/><V78/><F62/><W18/><G18/><T131/><D131/><U57/><E57/><V54/><F54/><W102/><G102/><T7/><D7/><U10/><E19/><V93/><F52/><W96/><G96/><T125/><D125/><U91/><E29/><V120/><F120/><W111/><G111/><T45/><D45/><U115/><E115/><V38/><F103/><W9/><G9/><T28/><D28/><U71/><E71/><V37/><F101/><W82/><G82/><T119/><D119/><U17/><E17/><V31/><F31/><W40/><G40/><T1/><D1/><U69/><E69/><RYUUKYOKU ba="0,2" sc="261,15,197,-15,265,-15,257,15" hai0="24,25,27,33,34,35,48,53,59,85,86,98,100" hai3="2,6,8,20,22,36,41,47,56,61,65,75,80" /><INIT seed="4,1,2,3,2,57" ten="276,182,250,272" oya="0" hai0="99,28,71,106,53,13,49,66,117,127,26,100,72" hai1="110,56,27,34,16,132,25,85,24,82,120,105,10" hai2="33,134,41,124,111,38,1,11,96,30,43,95,54" hai3="51,70,93,39,44,112,81,6,69,94,4,91,50"/><T84/><D117/><U123/><E110/><V22/><F111/><W32/><G32/><T45/><D127/><U19/><E132/><V102/><F33/><W8/><G112/><T5/><D72/><U36/><E36/><V116/><F38/><W14/><G39/><T46/><D84/><U2/><E105/><V125/><F134/><W75/><G4/><T48/><D5/><U68/><E68/><V61/><F11/><W18/><G51/><T64/><D13/><U59/><E34/><V73/><F1/><W23/><G93/><T3/><D3/><U67/><E2/><V79/><F79/><W104/><G104/><T131/><D131/><U7/><E7/><V55/><F55/><W52/><G81/><T115/><D115/><U17/><E10/><V133/><F73/><W47/><G47/><T60/><D66/><U20/><E20/><V78/><F78/><W129/><G75/><T118/><D118/><U29/><E29/><V87/><F87/><W21/><G21/><T103/><D103/><U76/><REACH who="1" step="1"/><E67/><REACH who="1" ten="276,172,250,272" step="2"/><V126/><F133/><W101/><G129/><T42/><REACH who="0" step="1"/><D28/><REACH who="0" ten="266,172,250,272" step="2"/><U37/><E37/><V114/><F114/><W74/><G6/><T15/><D15/><U113/><E113/><V130/><F130/><W65/><G65/><T119/><D119/><U35/><E35/><V9/><F116/><W92/><G14/><T58/><D58/><AGARI ba="1,4" hai="16,17,19,24,25,27,56,58,59,76,82,85,120,123" machi="58" ten="40,2600,0" yaku="1,1,54,1,53,0" doraHai="57" doraHaiUra="128" who="1" fromWho="0" sc="266,-29,172,69,250,0,272,0" /><INIT seed="5,0,0,4,4,77" ten="237,241,250,272" oya="1" hai0="40,111,42,36,73,25,89,64,5,15,41,56,29" hai1="62,63,113,110,4,2,66,101,97,20,109,75,102" hai2="16,19,79,23,18,92,122,69,99,129,14,46,83" hai3="94,134,27,93,59,32,57,84,95,51,88,132,78"/><U126/><E113/><V85/><F69/><W34/><G78/><T47/><D111/><N who="1" m="42507" /><E126/><V71/><F71/><W70/><G70/><T0/><D0/><U38/><E75/><V115/><F122/><W86/><G27/><T8/><D73/><U50/><E38/><V22/><F115/><W54/><G59/><T9/><D89/><U6/><E50/><V100/><F129/><W3/><G3/><T10/><D10/><U52/><E20/><V125/><F125/><W91/><REACH who="3" step="1"/><G95/><REACH who="3" ten="237,241,250,262" step="2"/><T12/><D56/><N who="1" m="35079" /><E2/><V119/><F119/><W124/><G124/><T49/><D64/><U130/><E130/><V21/><F46/><W43/><G43/><T80/><D36/><U33/><E33/><AGARI ba="0,1" hai="32,33,34,51,54,57,84,86,88,91,93,94,132,134" machi="33" ten="40,5200,0" yaku="1,1,9,1,54,1,53,0" doraHai="77" doraHaiUra="106" who="3" fromWho="1" sc="237,0,241,-52,250,0,262,62" /><INIT seed="6,0,0,1,2,110" ten="237,189,250,324" oya="2" hai0="40,51,27,93,105,102,108,133,130,59,135,113,29" hai1="120,72,64,123,86,15,124,22,53,121,28,125,2" hai2="87,111,112,106,134,9,63,25,126,84,57,96,21" hai3="60,66,70,32,129,41,81,3,76,54,39,75,97"/><V89/><F111/><W13/><G32/><T36/><D108/><U24/><E72/><V42/><F134/><N who="0" m="51210" /><D130/><U109/><E109/><V52/><F126/><N who="1" m="48745" /><E64/><V18/><F42/><W1/><G97/><N who="0" m="61647" /><D36/><U49/><E86/><V71/><F71/><W47/><G129/><T127/><D127/><U37/><E37/><V8/><F106/><W50/><G13/><T6/><D6/><U31/><E53/><V46/><F46/><AGARI ba="0,0" hai="1,3,39,41,46,47,50,54,60,66,70,75,76,81" machi="46" ten="30,1000,0" yaku="7,1" doraHai="110" who="3" fromWho="2" sc="237,0,189,0,250,-10,324,10" /><INIT seed="7,0,0,5,5,17" ten="237,189,240,334" oya="3" hai0="115,104,6,99,7,133,22,52,123,132,98,105,56" hai1="126,11,5,90,13,9,27,39,93,75,25,59,85" hai2="43,3,24,60,53,23,34,33,2,76,92,58,109" hai3="94,72,16,32,48,118,73,127,77,67,66,68,106"/><W110/><G106/><N who="0" m="41067" /><D123/><U112/><E126/><V83/><F109/><W131/><G32/><T63/><D22/><U55/><E112/><V79/><F79/><W81/><G131/><T54/><D115/><U19/><E75/><V91/><F43/><W70/><G118/><T122/><D122/><U78/><E78/><V96/><F34/><W49/><G94/><T69/><D69/><U102/><E102/><V29/><REACH who="2" step="1"/><F33/><REACH who="2" ten="237,189,230,334" step="2"/><W18/><G77/><T107/><D133/><U51/><REACH who="1" step="1"/><E39/><REACH who="1" ten="237,179,230,334" step="2"/><V28/><F28/><W134/><G134/><T111/><D132/><U64/><E64/><V10/><F10/><W114/><G127/><T87/><D111/><U108/><E108/><V14/><F14/><AGARI ba="0,2" hai="5,9,11,13,14,19,25,27,51,55,59,85,90,93" machi="14" ten="30,3900,0" yaku="1,1,7,1,8,1,53,0" doraHai="17" doraHaiUra="130" who="1" fromWho="2" sc="237,0,179,59,230,-39,334,0" owari="237,-16.3,238,3.8,191,-30.9,334,43.4" /></mjloggm>