<mjloggm ver="2.3"><GO type="169" lobby="0"/><UN n0="%E2%91%A3%E9%81%BF%E9%81%8A%E6%88%AF%E3%80%90%E6%9D%B1%E5%8D%97%E3%80%91" n1="%61%6D%61%69%6B%61" n2="%E3%81%9D%E3%81%86%E3%81%9F%E3%81%A3%E3%81%9F" n3="%E5%9C%92%E5%9F%8E%E5%AF%BA%E2%98%86%E6%80%9C" dan="17,17,16,16" rate="2158.31,2191.15,2065.18,2157.56" sx="M,M,M,F"/><TAIKYOKU oya="0"/><INIT seed="0,0,0,0,2,5" ten="250,250,250,250" oya="0" hai0="21,77,80,101,69,12,30,74,17,31,33,97,58" hai1="123,15,94,96,111,1,61,32,129,85,18,135,78" hai2="99,38,109,24,90,59,3,9,66,39,87,22,28" hai3="92,122,2,120,13,106,20,70,16,105,75,102,119"/><T134/><D134/><U121/><E111/><V133/><F133/><W55/><G75/><T86/><D69/><U124/><E135/><V45/><F109/><W95/><G119/><T8/><D33/><U68/><E32/><V118/><F99/><W114/><G114/><T79/><D77/><U81/><E1/><V23/><F23/><W113/><G113/><T4/><D74/><U27/><E27/><V52/><F66/><W82/><G70/><T131/><D58/><U34/><E34/><V7/><F45/><W42/><G82/><T60/><D60/><U51/><E129/><V116/><F118/><W44/><G55/><T64/><D64/><U107/><E107/><V36/><F116/><W127/><G2/><T63/><D63/><U72/><E61/><V11/><F11/><W104/><G127/><T67/><D67/><U76/><E68/><V10/><F10/><W54/><G54/><T126/><D126/><U125/><E51/><V83/><REACH who="2" step="1"/><F38/><REACH who="2" ten="250,250,240,250" step="2"/><W47/><G44/><T132/><D132/><U25/><E125/><V43/><F43/><W35/><G35/><T88/><D131/><U6/><E124/><V91/><F91/><W49/><REACH who="3" step="1"/><G102/><REACH who="3" ten="250,250,240,240" step="2"/><T93/><REACH who="0" step="1"/><D101/><REACH who="0" ten="240,250,240,240" step="2"/><U57/><E121/><AGARI ba="0,3" hai="13,16,20,42,47,49,92,95,104,105,106,120,121,122" machi="121" ten="50,8000,1" yaku="1,1,2,1,13,1,54,1,53,1" doraHai="5" doraHaiUra="14" who="3" fromWho="1" sc="240,0,250,-80,240,0,240,110" /><INIT seed="1,0,0,0,5,66" ten="240,170,240,350" oya="1" hai0="108,73,75,97,37,28,130,14,81,49,89,121,123" hai1="86,35,50,0,71,57,7,45,98,33,80,27,36" hai2="3,63,96,118,115,102,62,83,120,12,87,109,55" hai3="41,70,21,1,64,112,116,52,128,99,117,79,103"/><U23/><E36/><V39/><F3/><W122/><G122/><T92/><D37/><U59/><E98/><V24/><F109/><W58/><G1/><T13/><D28/><U48/><E7/><V4/><F118/><N who="3" m="45675" /><G41/><T129/><D49/><U46/><E0/><V111/><F83/><W8/><G8/><T9/><D14/><U113/><E113/><V101/><F62/><N who="3" m="40215" /><G128/><N who="0" m="49259" /><D108/><U32/><E71/><V42/><F24/><W34/><G34/><T68/><D68/><U125/><E125/><V60/><F60/><N who="3" m="35911" /><G79/><N who="0" m="44271" /><D75/><U43/><E23/><V127/><F127/><W74/><G74/><T61/><D61/><U85/><E27/><V10/><F63/><W51/><G51/><T72/><D72/><U53/><REACH who="1" step="1"/><E85/><REACH who="1" ten="240,160,240,350" step="2"/><V47/><F87/><W90/><G21/><T20/><D20/><U15/><E15/><V67/><F39/><W134/><G112/><T100/><D100/><U104/><E104/><V106/><F102/><W11/><G11/><T17/><AGARI ba="0,1" hai="9,13,17,89,92,97,121,123" m="44271,49259" machi="17" ten="30,1100,0" yaku="19,1" doraHai="66" who="0" fromWho="0" sc="240,21,160,-5,240,-3,350,-3" /><INIT seed="2,0,0,0,4,99" ten="261,155,237,347" oya="2" hai0="33,113,135,67,1,102,78,89,3,104,8,103,70" hai1="61,75,9,98,4,94,90,76,20,85,0,132,50" hai2="6,92,73,17,43,34,21,5,64,116,107,28,115" hai3="45,86,83,30,131,130,118,119,74,134,23,112,91"/><V16/><F107/><W49/><G30/><T72/><D113/><U37/><E132/><V57/><F116/><W106/><G134/><T55/><D135/><U22/><E37/><V15/><F73/><W27/><G112/><T59/><D104/><U129/><E129/><N who="3" m="49162" /><G106/><T39/><D33/><U65/><E75/><V56/><F115/><W127/><G127/><T42/><D3/><U66/><E66/><V13/><F43/><W87/><G74/><T68/><D68/><U18/><E18/><V46/><F46/><W88/><G23/><T11/><D11/><U124/><E124/><V32/><F92/><N who="3" m="54295" /><G27/><T133/><D89/><U101/><E50/><V19/><F19/><W44/><G44/><N who="0" m="23647" /><D67/><U82/><REACH who="1" step="1"/><E76/><REACH who="1" ten="261,145,237,347" step="2"/><V38/><F64/><W24/><G24/><T126/><D126/><U71/><AGARI ba="0,1" hai="0,4,9,20,22,61,65,71,82,85,90,94,98,101" machi="71" ten="20,8000,1" yaku="1,1,2,1,0,1,7,1,52,1,53,0" doraHai="99" doraHaiUra="54" who="1" fromWho="1" sc="261,-20,145,90,237,-40,347,-20" /><INIT seed="3,0,0,4,0,117" ten="241,235,197,327" oya="3" hai0="14,23,9,95,109,101,40,94,77,15,74,107,34" hai1="43,21,112,116,2,71,0,56,48,7,108,106,6" hai2="57,38,61,47,50,76,5,28,113,55,91,33,45" hai3="59,82,8,132,119,32,35,24,125,129,85,79,25"/><W58/><G119/><T135/><D109/><U92/><E106/><V4/><F113/><W37/><G37/><T134/><D34/><U19/><E112/><V26/><F76/><W103/><G125/><T98/><D40/><U93/><E71/><V44/><F38/><W123/><G123/><T51/><D51/><U52/><E108/><V131/><F131/><W49/><G132/><N who="0" m="50731" /><D23/><U102/><E116/><V114/><F114/><W30/><G129/><T10/><D77/><U39/><E0/><V73/><F73/><W41/><G103/><T70/><D74/><U66/><E66/><V118/><F118/><W105/><G105/><T127/><D70/><U115/><E115/><V80/><REACH who="2" step="1"/><F50/><REACH who="2" ten="241,235,187,327" step="2"/><W110/><G110/><T69/><D127/><U29/><E39/><V89/><F89/><W20/><G49/><T120/><D101/><U86/><E102/><V13/><F13/><W11/><G25/><T42/><D15/><U126/><E126/><V75/><F75/><W128/><G128/><T124/><D14/><U27/><E43/><V130/><F130/><W22/><G41/><T31/><D42/><U63/><E48/><V97/><F97/><W1/><G1/><T65/><D98/><U122/><E2/><V78/><F78/><W18/><G79/><T68/><D124/><U36/><E36/><V99/><F99/><W100/><G100/><T46/><D107/><U133/><E133/><V96/><F96/><W81/><G24/><T111/><D111/><U53/><E27/><V54/><F54/><W121/><G85/><AGARI ba="0,1" hai="4,5,26,28,33,44,45,47,55,57,61,80,85,91" machi="85" ten="40,1300,0" yaku="1,1,53,0" doraHai="117" doraHaiUra="72" who="2" fromWho="3" sc="241,0,235,0,187,23,327,-13" /><INIT seed="4,0,0,1,5,81" ten="241,235,210,314" oya="0" hai0="134,34,64,67,38,83,54,51,95,123,48,36,19" hai1="93,40,47,116,50,135,70,85,112,18,133,111,94" hai2="69,13,120,104,118,119,101,131,79,8,3,7,32" hai3="102,97,46,33,17,82,126,52,37,24,28,74,84"/><T41/><D34/><U106/><E111/><V16/><F69/><W57/><G74/><T11/><D123/><U78/><E106/><V73/><F73/><W26/><G126/><T87/><D38/><U103/><E70/><V31/><F79/><W1/><G1/><T86/><D36/><U130/><E116/><N who="2" m="44587" /><F101/><W71/><G71/><T107/><D107/><U9/><E130/><V20/><F104/><W55/><G37/><T0/><D41/><U108/><E108/><V88/><F88/><W115/><G115/><T129/><D129/><U132/><E112/><V25/><F131/><W21/><G46/><T42/><D0/><U44/><E44/><V4/><F4/><W117/><G57/><T66/><D42/><U100/><E93/><V15/><F120/><W68/><G68/><T22/><D11/><U12/><REACH who="1" step="1"/><E94/><REACH who="1" ten="241,225,210,314" step="2"/><V62/><F62/><W128/><G128/><T5/><D95/><U65/><E65/><V75/><F75/><W2/><G117/><T39/><D67/><U29/><E29/><V121/><F121/><W113/><G113/><T35/><D66/><U58/><E58/><V127/><F127/><W92/><G55/><T90/><D64/><U63/><E63/><V45/><F45/><W59/><G52/><T14/><D54/><U114/><E114/><V125/><F125/><W96/><G59/><T56/><D56/><U122/><E122/><V23/><F3/><W105/><G2/><T91/><D39/><U30/><E30/><V43/><F43/><W109/><G105/><T99/><D51/><U98/><E98/><V27/><F32/><RYUUKYOKU ba="0,1" sc="241,-15,225,15,210,15,314,-15" hai1="9,12,18,40,47,50,78,85,100,103,132,133,135" hai2="7,8,13,15,16,20,23,25,27,31" /><INIT seed="5,1,1,1,1,108" ten="226,240,225,299" oya="1" hai0="122,112,78,5,57,96,17,14,94,105,69,88,7" hai1="56,125,9,95,131,18,70,22,53,75,35,27,87" hai2="6,49,89,129,52,3,25,42,118,24,47,104,71" hai3="82,40,90,111,62,8,77,64,101,73,110,60,132"/><U109/><E75/><V46/><F118/><W38/><G132/><T55/><D69/><U92/><E70/><V16/><F104/><W85/><G101/><T43/><D122/><U19/><E131/><V1/><F71/><W117/><G117/><T21/><D105/><U102/><E125/><V45/><F129/><W124/><G124/><T126/><D126/><U54/><E35/><V99/><F6/><W61/><G64/><T68/><D68/><U84/><E109/><V119/><F119/><W10/><G10/><T32/><D32/><U86/><E102/><V113/><F113/><W36/><G36/><T2/><D112/><U13/><REACH who="1" step="1"/><E53/><REACH who="1" ten="226,230,225,299" step="2"/><V28/><F52/><W33/><G33/><T116/><D116/><U4/><E4/><V0/><F0/><W91/><G110/><T98/><D2/><U106/><E106/><V15/><F1/><W83/><G111/><T103/><D7/><U41/><E41/><V23/><F3/><W59/><G40/><T127/><D5/><U123/><E123/><V51/><F42/><W133/><G73/><T65/><D127/><U93/><E93/><N who="2" m="56751" /><F28/><W29/><G29/><T50/><D43/><U114/><E114/><V11/><F11/><W67/><G8/><T31/><D103/><U100/><E100/><V20/><F20/><W66/><G38/><T135/><D31/><U128/><E128/><V130/><F130/><W72/><G72/><T37/><D37/><U121/><E121/><V58/><F58/><W12/><G59/><T34/><D57/><U74/><E74/><V39/><F39/><W80/><G67/><RYUUKYOKU ba="1,2" sc="226,-15,230,15,225,15,299,-15" hai1="9,13,18,19,22,27,54,56,84,86,87,92,95" hai2="15,16,23,24,25,45,46,47,49,51" /><INIT seed="5,2,2,3,2,57" ten="211,245,240,284" oya="1" hai0="37,23,40,10,86,69,131,103,77,60,22,96,82" hai1="97,65,110,31,56,118,5,32,123,111,34,80,14" hai2="18,135,112,20,38,114,67,88,84,76,26,126,1" hai3="28,36,108,128,92,41,72,55,9,113,17,59,21"/><U16/><E118/><V7/><F38/><W27/><G108/><N who="1" m="41514" /><E123/><V13/><F126/><W95/><G113/><N who="2" m="43625" /><F135/><W91/><G128/><T85/><D131/><U100/><E5/><V106/><F106/><W24/><G72/><T4/><D86/><U53/><E65/><V117/><F117/><W66/><G66/><T134/><D134/><U125/><E80/><N who="2" m="49159" /><F67/><W119/><G119/><T124/><D69/><U48/><E31/><V78/><F1/><W39/><G41/><T98/><D40/><U44/><E44/><V46/><F46/><W54/><G54/><T107/><D37/><U6/><E6/><V11/><AGARI ba="2,2" hai="7,11,13,18,20,26,76,78" m="49159,43625" machi="11" ten="30,4000,0" yaku="15,1,11,1,54,1" doraHai="57" who="2" fromWho="2" sc="211,-12,245,-22,240,66,284,-12" /><INIT seed="6,0,0,3,4,59" ten="199,223,306,272" oya="2" hai0="135,42,1,118,49,58,60,78,46,63,43,127,27" hai1="89,80,87,53,13,8,26,81,50,2,24,76,54" hai2="79,126,55,86,70,0,56,84,67,62,47,122,104" hai3="114,93,36,100,71,30,103,106,65,94,6,41,37"/><V68/><F0/><W110/><G110/><T75/><D1/><U115/><E115/><V72/><F122/><W132/><G132/><T9/><D135/><U111/><E111/><V131/><F104/><W45/><G37/><T21/><D118/><U20/><E2/><V12/><F126/><W88/><G6/><T129/><D127/><U85/><E20/><V39/><F70/><W11/><G11/><T40/><D129/><U123/><E123/><V28/><F28/><W15/><G15/><T105/><D105/><U130/><E130/><V112/><F12/><W52/><G94/><T82/><D9/><U33/><E33/><V3/><F112/><W10/><G10/><T125/><D125/><U44/><REACH who="1" step="1"/><E54/><REACH who="1" ten="199,213,306,272" step="2"/><V5/><F55/><W38/><G114/><T90/><D90/><U32/><E32/><V102/><F131/><W95/><G52/><T99/><D99/><U4/><AGARI ba="0,1" hai="4,8,13,24,26,44,50,53,76,80,81,85,87,89" machi="4" ten="20,5200,0" yaku="1,1,0,1,7,1,8,1,53,0" doraHai="59" doraHaiUra="101" who="1" fromWho="1" sc="199,-13,213,62,306,-26,272,-13" /><INIT seed="7,0,0,3,4,62" ten="186,275,280,259" oya="3" hai0="7,39,95,111,84,82,11,43,91,19,117,0,112" hai1="63,132,100,96,18,28,92,87,54,37,50,89,56" hai2="41,78,2,79,74,53,103,23,101,48,83,30,13" hai3="15,49,71,122,29,42,21,104,106,94,12,8,9"/><W76/><G122/><T14/><D117/><U57/><E37/><V16/><F2/><W133/><G133/><T128/><D111/><U107/><E132/><V40/><F79/><W58/><G71/><T72/><D128/><U81/><E28/><V59/><REACH who="2" step="1"/><F30/><REACH who="2" ten="186,275,270,259" step="2"/><W5/><G76/><T38/><D112/><U99/><E18/><V31/><F31/><W105/><G29/><T35/><D35/><U80/><E96/><V44/><F44/><W124/><G124/><T98/><D72/><U66/><AGARI ba="0,1" hai="50,54,56,57,63,66,80,81,87,89,92,99,100,107" machi="66" ten="20,2700,0" yaku="0,1,7,1,52,1" doraHai="62" who="1" fromWho="1" sc="186,-7,275,37,270,-7,259,-13" owari="179,-32.1,312,41.2,263,6.3,246,-15.4" /></mjloggm>