<mjloggm ver="2.3"><GO type="169" lobby="0"/><UN n0="%E3%81%93%E3%82%8D%E3%81%86%E3%81%BE%E3%82%8B" n1="%E3%81%B6%E3%83%BC%E3%81%95%E3%82%93%E3%81%AE%E4%BC%91%E6%81%AF%E2%99%AA" n2="%E4%BF%BA%E3%81%A7%E3%81%99" n3="%E3%80%90%E7%BD%AA%E6%AD%8C%E3%80%91" dan="16,16,16,18" rate="2057.68,2132.38,2083.55,2278.33" sx="M,M,M,M"/><TAIKYOKU oya="0"/><INIT seed="0,0,0,2,4,12" ten="250,250,250,250" oya="0" hai0="30,3,25,79,126,76,46,54,118,123,4,94,41" hai1="32,103,45,74,66,72,128,39,38,60,127,26,7" hai2="57,1,90,48,116,61,15,31,85,56,120,10,97" hai3="92,13,112,88,102,82,77,80,83,134,99,71,16"/><T5/><D118/><U130/><E127/><V111/><F120/><W22/><G134/><T17/><D123/><U53/><E7/><V114/><F114/><W35/><G35/><T49/><D126/><U42/><E38/><V36/><F36/><W24/><G71/><T87/><D3/><U19/><E53/><V2/><F111/><W109/><G109/><T33/><D17/><U68/><E103/><V101/><F31/><N who="3" m="17815" /><G112/><T18/><D18/><U98/><E98/><V44/><F97/><W93/><G77/><T122/><D122/><U69/><E69/><V115/><F101/><W133/><G133/><T70/><D70/><U64/><E64/><V59/><F61/><W20/><G93/><T135/><D135/><U75/><REACH who="1" step="1"/><E19/><REACH who="1" ten="250,240,250,250" step="2"/><V14/><F116/><W117/><G117/><T50/><D4/><U95/><E95/><V129/><F115/><W119/><G119/><T104/><D5/><U125/><E125/><V37/><F37/><W65/><G65/><T121/><D121/><U55/><E55/><V9/><F1/><W106/><G106/><T67/><D67/><U105/><E105/><V73/><F2/><W23/><G20/><T110/><D110/><U27/><E27/><V131/><F129/><W52/><G52/><T113/><D104/><U21/><E21/><V34/><F131/><W0/><G0/><T124/><D124/><U78/><E78/><V89/><F34/><W40/><G40/><T100/><D113/><U6/><E6/><V86/><F9/><W107/><G107/><T108/><D108/><U8/><E8/><V43/><F10/><RYUUKYOKU ba="0,1" sc="250,-15,240,15,250,-15,250,15" hai1="26,32,39,42,45,60,66,68,72,74,75,128,130" hai3="13,16,23,80,82,83,88,92,99,102" /><INIT seed="1,1,1,4,3,79" ten="235,255,235,265" oya="1" hai0="48,134,106,128,80,82,17,2,39,60,111,32,75" hai1="122,11,90,103,62,97,135,125,29,94,13,45,59" hai2="126,83,10,14,15,65,70,34,85,38,105,121,50" hai3="113,64,1,56,36,4,9,31,99,43,20,19,5"/><U44/><E135/><V30/><F121/><W101/><G113/><T67/><D39/><U57/><E125/><V24/><F38/><W109/><G109/><T74/><D106/><U55/><E122/><V108/><F108/><W71/><G5/><T132/><D111/><U22/><E59/><V33/><F126/><W115/><G115/><T127/><D127/><U16/><E29/><V41/><F105/><W37/><G43/><T84/><D128/><U40/><E40/><V87/><F34/><W107/><G56/><T114/><D114/><U25/><REACH who="1" step="1"/><E103/><REACH who="1" ten="235,245,235,265" step="2"/><V35/><F41/><W116/><G31/><T18/><D134/><U78/><E78/><V93/><F30/><W53/><G53/><T66/><D132/><U130/><E130/><V91/><F70/><W61/><REACH who="3" step="1"/><G116/><REACH who="3" ten="235,245,235,255" step="2"/><T86/><D67/><U42/><E42/><V7/><F65/><W3/><G3/><T124/><D2/><U88/><E88/><V21/><F91/><W119/><G119/><T73/><D124/><U6/><AGARI ba="1,3" hai="6,11,13,16,22,25,44,45,55,57,62,90,94,97" machi="6" ten="20,18000,2" yaku="1,1,0,1,7,1,25,2,8,1,54,1,53,0" doraHai="79" doraHaiUra="133" who="1" fromWho="1" sc="235,-61,245,213,235,-61,255,-61" /><INIT seed="1,2,0,4,2,52" ten="174,458,174,194" oya="1" hai0="4,53,110,59,123,82,43,65,33,5,25,122,44" hai1="92,74,108,40,91,64,90,135,132,60,96,112,14" hai2="121,34,131,27,48,51,7,134,87,130,85,76,28" hai3="70,80,47,107,41,50,98,31,67,105,78,45,117"/><U75/><E40/><V120/><F134/><N who="1" m="51241" /><E14/><V106/><F106/><W63/><G117/><T102/><D110/><U26/><E26/><V95/><F7/><W101/><G47/><T57/><D102/><U1/><E1/><V61/><F61/><W12/><G12/><T99/><D99/><U73/><E60/><V124/><F124/><W10/><G10/><T126/><D82/><U125/><E64/><V56/><F76/><W93/><REACH who="3" step="1"/><G31/><REACH who="3" ten="174,458,174,184" step="2"/><N who="0" m="19695" /><D126/><U55/><E125/><V115/><F28/><W23/><G23/><T6/><D65/><U79/><E108/><V94/><F121/><N who="0" m="46090" /><D53/><U129/><E55/><V83/><F120/><W119/><G119/><T42/><D42/><U24/><E24/><V54/><F27/><W32/><G32/><T16/><D16/><U89/><E112/><V133/><F34/><W22/><G22/><T116/><D116/><U104/><E129/><V114/><F133/><W13/><G13/><T37/><AGARI ba="2,1" hai="4,5,6,37,43,44,57,59" m="46090,19695" machi="37" ten="30,4000,0" yaku="13,1,52,2" doraHai="52" who="0" fromWho="0" sc="174,56,458,-22,174,-12,184,-12" /><INIT seed="2,0,0,3,3,58" ten="230,436,162,172" oya="2" hai0="93,85,12,37,54,45,3,14,118,19,50,123,91" hai1="31,8,24,116,47,46,86,29,83,35,49,23,44" hai2="112,130,115,64,88,39,27,81,30,56,67,134,62" hai3="120,51,100,109,119,20,10,7,33,135,104,16,71"/><V113/><F130/><W59/><G71/><T84/><D123/><U0/><E116/><V5/><F134/><W36/><G36/><T38/><D3/><U52/><E31/><V66/><F39/><W102/><G120/><T106/><D118/><U98/><E98/><V133/><F133/><W18/><G33/><T125/><D125/><U74/><E74/><V65/><F5/><W70/><G70/><T103/><D12/><U122/><E122/><V127/><F127/><W21/><G104/><T121/><D121/><U26/><E26/><V77/><F88/><W6/><G10/><T9/><D106/><U63/><E63/><V48/><F48/><W117/><G59/><T15/><D103/><U17/><E0/><V22/><REACH who="2" step="1"/><F115/><REACH who="2" ten="230,436,152,172" step="2"/><W43/><G51/><T101/><D101/><U90/><E35/><V34/><F34/><W69/><G135/><T114/><D114/><U41/><E41/><V1/><F1/><W57/><G43/><T126/><D126/><U61/><E61/><V95/><F95/><W94/><G94/><T108/><D93/><U80/><E83/><V92/><F92/><W25/><G102/><T105/><D105/><U75/><E75/><AGARI ba="0,1" hai="22,27,30,56,62,64,65,66,67,75,77,81,112,113" machi="75" ten="40,7700,0" yaku="1,1,52,1,53,1" doraHai="58" doraHaiUra="55" who="2" fromWho="1" sc="230,0,436,-77,152,87,172,0" /><INIT seed="2,1,0,0,0,55" ten="230,359,239,172" oya="2" hai0="100,126,39,123,115,66,17,125,29,59,32,68,72" hai1="134,14,57,106,132,60,7,62,42,28,96,22,97" hai2="118,45,51,85,91,30,117,40,37,44,54,65,76" hai3="13,31,80,49,4,10,127,79,94,84,124,3,113"/><V61/><F76/><W99/><G113/><T46/><D115/><U129/><E129/><V135/><F30/><W71/><G71/><T109/><D123/><U24/><E42/><V108/><F135/><W52/><G31/><T102/><D72/><U67/><E106/><V77/><F77/><W82/><G82/><T121/><D68/><U8/><REACH who="1" step="1"/><E60/><REACH who="1" ten="230,349,239,172" step="2"/><V43/><F43/><W75/><G75/><T103/><D121/><U93/><E93/><V41/><F41/><W19/><G94/><T89/><D125/><U81/><E81/><V86/><F108/><W119/><G119/><T1/><D126/><U64/><E64/><V27/><F61/><W11/><REACH who="3" step="1"/><G99/><AGARI ba="1,1" hai="7,8,14,22,24,28,57,62,67,96,97,99,132,134" machi="99" ten="40,2600,0" yaku="1,1,52,1,53,0" doraHai="55" doraHaiUra="50" who="1" fromWho="3" sc="230,0,349,39,239,0,172,-29" /><INIT seed="3,0,0,4,5,110" ten="230,388,239,143" oya="3" hai0="74,62,108,24,66,55,21,17,42,127,102,124,93" hai1="113,28,3,45,23,14,69,15,48,0,130,77,56" hai2="44,60,129,128,54,101,27,4,84,32,6,73,112" hai3="80,105,22,29,96,90,97,98,47,25,38,49,39"/><W70/><G105/><T50/><D108/><U92/><E69/><V121/><F73/><W10/><G70/><T89/><D102/><U94/><E77/><V52/><F121/><W40/><G90/><T131/><D131/><N who="2" m="50250" /><F101/><W99/><N who="3" m="24576" /><DORA hai="11" /><W1/><REACH who="3" step="1"/><G80/><REACH who="3" ten="230,388,239,133" step="2"/><T35/><D89/><U68/><E68/><V119/><F119/><W63/><G63/><T7/><D62/><U43/><E130/><V123/><F60/><W18/><G18/><T109/><D17/><U117/><E117/><V118/><F118/><W88/><G88/><T126/><D126/><U79/><E28/><V46/><F123/><W76/><G76/><T125/><D125/><U26/><E79/><V87/><F84/><W95/><G95/><T67/><D93/><U71/><E94/><V78/><F87/><W107/><G107/><T37/><D127/><U83/><E92/><V91/><F91/><W103/><G103/><T133/><D124/><U134/><E83/><V41/><F78/><W13/><G13/><T120/><D109/><U12/><E15/><V61/><F61/><W59/><G59/><T33/><D120/><U19/><E56/><V86/><F86/><W65/><G65/><T72/><D66/><U75/><E14/><V53/><F6/><AGARI ba="0,1" hai="1,6,10,22,25,29,38,39,40,47,49" m="24576" machi="6" ten="50,2400,0" yaku="1,1,53,0" doraHai="110,11" doraHaiUra="114,85" who="3" fromWho="2" sc="230,0,388,0,239,-24,133,34" /><INIT seed="3,1,0,2,2,18" ten="230,388,215,167" oya="3" hai0="105,32,118,15,74,82,66,128,127,91,96,65,28" hai1="55,23,112,48,80,134,72,5,115,71,93,75,111" hai2="69,64,40,87,76,59,39,79,88,81,6,99,67" hai3="107,109,3,11,31,121,117,120,1,7,62,63,44"/><W52/><G107/><T4/><D118/><U51/><E71/><V85/><F69/><W30/><G117/><T36/><D36/><U34/><E34/><V42/><F6/><W123/><G1/><T122/><D122/><U12/><E72/><V57/><F39/><W38/><G109/><T2/><D2/><U35/><E35/><V100/><F99/><W53/><G38/><T130/><D28/><U77/><E134/><V113/><F113/><W0/><G44/><T49/><D49/><U33/><E33/><V13/><F13/><W73/><G73/><T58/><D32/><U132/><E132/><V56/><F100/><W86/><G86/><T19/><D4/><U114/><E111/><V8/><F8/><W106/><G106/><T125/><D105/><U116/><E116/><V22/><F22/><W14/><G14/><T9/><D96/><U89/><E5/><V50/><F50/><W20/><G3/><T95/><D82/><U37/><E37/><V84/><F84/><W17/><G17/><T92/><D92/><U41/><E41/><N who="2" m="15979" /><F79/><W108/><G108/><T101/><D74/><U133/><E133/><V29/><F29/><W27/><REACH who="3" step="1"/><G31/><REACH who="3" ten="230,388,215,157" step="2"/><T26/><D19/><N who="1" m="10727" /><E115/><V124/><F124/><W61/><AGARI ba="1,1" hai="0,7,11,20,27,30,52,53,61,62,63,120,121,123" machi="61" ten="40,12000,1" yaku="1,1,0,1,52,1,54,1,53,0" doraHai="18" doraHaiUra="94" who="3" fromWho="3" sc="230,-41,388,-41,215,-41,157,133" /><INIT seed="3,2,0,5,2,106" ten="189,347,174,290" oya="3" hai0="3,125,6,41,127,38,80,25,134,11,0,50,78" hai1="14,115,105,44,60,72,10,18,133,135,16,43,82" hai2="46,35,30,116,83,19,52,74,130,97,102,128,120" hai3="5,32,108,118,94,81,45,67,96,65,117,15,86"/><W27/><G108/><T31/><D50/><U93/><E105/><V132/><F116/><W123/><G123/><T40/><D0/><U12/><E115/><V84/><F120/><W33/><G118/><T13/><D13/><U8/><E93/><V69/><F69/><W124/><G124/><T89/><D89/><U7/><E60/><V66/><F66/><W85/><G117/><T76/><D76/><U101/><E101/><V39/><F74/><W68/><G68/><T104/><D104/><U75/><E7/><V90/><F19/><W56/><G86/><T34/><D134/><N who="1" m="51211" /><E82/><V103/><F132/><W2/><G2/><T58/><D58/><U53/><E53/><V37/><F128/><W51/><G56/><T55/><D55/><U22/><E22/><V59/><F130/><W63/><G63/><T92/><D92/><U122/><E122/><V28/><F35/><W73/><G32/><T71/><D71/><U24/><E24/><V47/><F103/><N who="3" m="60823" /><G27/><T70/><D70/><U107/><E107/><V91/><F102/><W49/><G33/><T1/><D1/><U21/><E21/><V95/><F30/><W79/><G85/><T20/><D20/><U99/><E99/><V113/><F28/><W23/><G23/><T54/><D54/><U4/><E4/><V26/><F26/><W36/><G67/><T100/><D100/><U61/><E61/><N who="2" m="36071" /><F113/><W87/><G65/><T48/><D127/><U77/><E77/><V62/><F62/><W29/><G29/><T121/><D121/><U9/><E9/><V110/><F110/><W126/><G126/><RYUUKYOKU ba="2,0" sc="189,-15,347,15,174,15,290,-15" hai1="8,10,12,14,16,18,43,44,72,75" hai2="37,39,46,47,83,84,90,91,95,97" /><INIT seed="4,3,0,5,1,63" ten="174,362,189,275" oya="0" hai0="109,13,91,76,130,98,84,79,5,11,16,127,53" hai1="125,97,49,85,132,47,92,134,10,42,128,68,59" hai2="32,21,1,28,102,64,100,46,87,103,70,75,106" hai3="56,2,6,93,20,69,114,135,55,105,31,34,121"/><T52/><D130/><U26/><E68/><V94/><F75/><W110/><G105/><T60/><D127/><U62/><E85/><V57/><F1/><W66/><G110/><T9/><D109/><U43/><E43/><V71/><F32/><W101/><G34/><T12/><D98/><U89/><E125/><V35/><F35/><W67/><G69/><T129/><D129/><U4/><E26/><N who="2" m="16463" /><F106/><W83/><G83/><T108/><D108/><U27/><E27/><V90/><F46/><W23/><G6/><T78/><REACH who="0" step="1"/><D60/><REACH who="0" ten="164,362,189,275" step="2"/><U112/><E128/><V133/><F103/><W48/><G101/><T17/><D17/><U80/><E62/><V24/><F102/><W104/><G104/><T86/><D86/><U54/><E97/><V119/><F100/><W25/><G121/><T0/><D0/><U29/><E134/><V45/><F133/><W38/><G2/><T72/><D72/><U36/><E132/><V113/><F87/><W41/><G135/><T15/><D15/><U116/><E116/><V50/><F119/><W81/><G25/><T123/><D123/><U73/><E73/><V122/><F24/><W126/><G126/><T8/><D8/><U30/><E10/><V51/><F122/><W39/><G31/><T19/><D19/><U111/><E111/><V107/><F107/><W88/><G23/><T22/><D22/><U61/><E30/><V82/><F113/><W14/><G20/><T74/><D74/><U120/><E29/><V77/><F71/><W95/><G114/><T118/><D118/><U115/><E112/><V3/><F70/><RYUUKYOKU ba="3,1" sc="164,30,362,-10,189,-10,275,-10" hai0="5,9,11,12,13,16,52,53,76,78,79,84,91" /><INIT seed="4,4,1,3,2,33" ten="194,352,179,265" oya="0" hai0="88,26,38,37,5,78,72,57,40,64,89,76,132" hai1="29,121,21,6,4,91,53,66,104,131,110,23,93" hai2="12,10,95,92,47,94,117,105,96,130,103,67,119" hai3="82,42,79,59,19,16,55,51,9,113,0,85,80"/><T127/><D127/><U111/><E104/><V120/><F120/><W70/><G70/><T43/><D5/><U46/><E66/><V49/><F67/><W13/><G113/><T65/><D57/><U123/><E131/><V8/><F130/><W75/><G42/><T48/><D48/><U81/><E81/><V18/><REACH who="2" step="1"/><F10/><REACH who="2" ten="194,352,169,265" step="2"/><W109/><G109/><T60/><D132/><U68/><E111/><V129/><F129/><W44/><G0/><T17/><D64/><U20/><E110/><V54/><AGARI ba="4,2" hai="8,12,18,47,49,54,92,94,95,96,103,105,117,119" machi="54" ten="30,2000,0" yaku="1,1,0,1,53,0" doraHai="33" doraHaiUra="25" who="2" fromWho="2" sc="194,-14,352,-9,169,52,265,-9" /><INIT seed="5,0,0,1,2,63" ten="180,343,221,256" oya="1" hai0="119,132,22,11,55,56,134,80,123,8,23,74,13" hai1="120,34,58,5,77,53,115,1,79,59,75,87,118" hai2="20,54,24,70,62,81,131,98,44,112,78,35,61" hai3="19,47,94,33,110,109,26,106,73,60,97,3,49"/><U32/><E75/><V82/><F131/><W124/><G73/><T102/><D119/><U50/><E120/><V48/><F35/><W9/><G106/><T17/><D123/><U10/><E115/><V85/><F112/><W15/><G124/><T96/><D74/><U42/><E42/><V28/><F70/><W40/><G3/><T130/><D130/><U7/><E7/><V111/><F111/><W101/><REACH who="3" step="1"/><G60/><REACH who="3" ten="180,343,221,246" step="2"/><T113/><D113/><U31/><E1/><V46/><F82/><W65/><G65/><T52/><D80/><U105/><E105/><V129/><F129/><W107/><G107/><T71/><D134/><U30/><E118/><V135/><F135/><W66/><G66/><T21/><D132/><U88/><E34/><V127/><F127/><W27/><G27/><T121/><D121/><U108/><E32/><V86/><F62/><W89/><G89/><T25/><D25/><U76/><E108/><V57/><F98/><W95/><G95/><T125/><D125/><U100/><E100/><V64/><F86/><W104/><G104/><T45/><D96/><U4/><E88/><V39/><F61/><W36/><G36/><T37/><D102/><U83/><E87/><V18/><F39/><W14/><G14/><T69/><D37/><U6/><E83/><V117/><F64/><W67/><G67/><T90/><D90/><U92/><E92/><V41/><F117/><W122/><G122/><T99/><D99/><U84/><E84/><V43/><F85/><W91/><G91/><T116/><D116/><U51/><E79/><V2/><F78/><RYUUKYOKU ba="0,1" sc="180,-10,343,-10,221,-10,246,30" hai3="9,15,19,26,33,40,47,49,94,97,101,109,110" /><INIT seed="6,1,1,4,5,86" ten="170,333,211,276" oya="2" hai0="127,126,0,91,112,18,3,88,46,119,80,24,7" hai1="13,49,26,41,36,33,78,73,6,51,72,64,45" hai2="117,90,98,16,82,108,42,71,66,47,87,29,30" hai3="116,133,10,131,50,9,8,120,57,75,20,135,95"/><V69/><F117/><W111/><G111/><T65/><D119/><U58/><E36/><V39/><F108/><W81/><G116/><T48/><D112/><U77/><E33/><V134/><F134/><N who="3" m="51211" /><G120/><T5/><D65/><U63/><E26/><V124/><F124/><N who="0" m="47658" /><D80/><U129/><E129/><V40/><F40/><W84/><G75/><T123/><D123/><U94/><E72/><V43/><F43/><W2/><G95/><T32/><D18/><U96/><E73/><V103/><F66/><W102/><G102/><T1/><D24/><U99/><E51/><V110/><F110/><W44/><G20/><T56/><D56/><U19/><E6/><N who="0" m="2057" /><D32/><U97/><E94/><V128/><F128/><W79/><G57/><T105/><D105/><U125/><E125/><V93/><REACH who="2" step="1"/><F16/><REACH who="2" ten="170,333,201,276" step="2"/><W101/><G131/><T60/><D60/><U114/><E114/><V15/><F15/><W27/><G27/><T59/><D59/><U53/><E64/><V54/><F54/><AGARI ba="1,2" hai="0,1,3,46,48,54,88,91" m="2057,47658" machi="54" ten="40,8000,1" yaku="18,1,52,2,54,1" doraHai="86" who="0" fromWho="2" sc="170,103,333,0,201,-83,276,0" /><INIT seed="7,0,0,0,0,119" ten="273,333,118,276" oya="3" hai0="35,24,116,110,73,94,49,101,38,72,27,2,5" hai1="129,26,92,25,11,93,132,18,76,135,53,58,75" hai2="3,13,105,123,88,89,77,108,104,61,17,39,36" hai3="31,62,43,121,33,96,99,48,125,134,128,126,103"/><W63/><G33/><T7/><D110/><U59/><E129/><V117/><F108/><W60/><G31/><T0/><D116/><U91/><E75/><V64/><F117/><W69/><G69/><T112/><D49/><U55/><E76/><V78/><F3/><W45/><G128/><T14/><D14/><N who="1" m="7519" /><E55/><V130/><F13/><W50/><G134/><N who="1" m="51242" /><E59/><V42/><F130/><W111/><G111/><T47/><D94/><N who="1" m="36459" /><E91/><V67/><F17/><W87/><G87/><T131/><D131/><U20/><E20/><V97/><F97/><W8/><G8/><T90/><D90/><U95/><E95/><V68/><F68/><W28/><G28/><T12/><D12/><U113/><E113/><V98/><F98/><W124/><G99/><T37/><D47/><U32/><E32/><V71/><F71/><W81/><G81/><T21/><D35/><U79/><E79/><V84/><F84/><W107/><G121/><T74/><D74/><U51/><AGARI ba="0,0" hai="25,26,51,53,58" m="36459,51242,7519" machi="51" ten="30,1100,0" yaku="20,1" doraHai="119" who="1" fromWho="1" sc="273,-3,333,11,118,-3,276,-5" owari="270,-13.0,344,44.4,115,-38.5,271,7.1" /></mjloggm>