<mjloggm ver="2.3"><GO type="169" lobby="0"/><UN n0="%E3%81%97%E3%82%87%E3%81%BC%E3%82%93%EF%BD%8E" n1="%6D%61%6A%75%6E%69%61" n2="%6F%73%72%67" n3="%E7%A9%B6%E6%A5%B5%56%E3%83%A2%E3%83%B3%E3%82%AD%E3%83%BC" dan="17,16,16,16" rate="2212.33,2139.58,2148.32,2074.25" sx="M,M,M,M"/><TAIKYOKU oya="0"/><INIT seed="0,0,0,0,0,79" ten="250,250,250,250" oya="0" hai0="135,51,104,5,31,44,3,86,119,32,84,61,56" hai1="46,89,106,50,70,68,38,97,40,114,111,121,0" hai2="6,112,124,88,77,27,133,83,10,80,37,33,99" hai3="39,26,128,64,2,75,59,74,55,123,102,95,85"/><T134/><D119/><U65/><E121/><V25/><F112/><W30/><G123/><T28/><D104/><U132/><E114/><V29/><F37/><W71/><G128/><T19/><D3/><U101/><E132/><V8/><F133/><W62/><G39/><T18/><D5/><U81/><E111/><V110/><F110/><W20/><G2/><T45/><D32/><U17/><E0/><V98/><F124/><W87/><G87/><T125/><D125/><U47/><E65/><V58/><F27/><W72/><G85/><T107/><D107/><U78/><E89/><V91/><F58/><W36/><G36/><T90/><D56/><U49/><E17/><V60/><F60/><W108/><G108/><T127/><D127/><U113/><E113/><V14/><F10/><W122/><G122/><T24/><D61/><U16/><E16/><N who="0" m="6185" /><D135/><U93/><E106/><V34/><F34/><W52/><REACH who="3" step="1"/><G71/><REACH who="3" ten="250,250,250,240" step="2"/><T94/><D134/><U96/><E38/><V100/><F99/><AGARI ba="0,1" hai="20,26,30,52,55,59,62,64,72,74,75,95,99,102" machi="99" ten="40,8000,1" yaku="1,1,2,1,25,2,54,1,53,0" doraHai="79" doraHaiUra="76" who="3" fromWho="2" sc="250,0,250,0,250,-80,240,90" /><INIT seed="1,0,0,4,0,75" ten="250,250,170,330" oya="1" hai0="64,45,57,110,48,27,52,32,35,1,38,133,50" hai1="6,3,44,109,31,28,73,20,97,135,86,99,84" hai2="106,4,12,2,90,10,78,23,61,122,132,108,5" hai3="58,17,46,24,123,59,111,9,82,131,68,34,80"/><U42/><E135/><V66/><F122/><W120/><G68/><T11/><D110/><U25/><E109/><V14/><F106/><W22/><G111/><T67/><D133/><U83/><E31/><V13/><F108/><W53/><G131/><T77/><D38/><U74/><E84/><V125/><F132/><W40/><G34/><T19/><D35/><U104/><E3/><V100/><F100/><W71/><G71/><T39/><D39/><U126/><E6/><V134/><F134/><W81/><G9/><T115/><D115/><U96/><E104/><V88/><F125/><W127/><G127/><T36/><D36/><U76/><REACH who="1" step="1"/><E126/><REACH who="1" ten="250,240,170,330" step="2"/><V29/><F5/><W63/><REACH who="3" step="1"/><G58/><REACH who="3" ten="250,240,170,320" step="2"/><T70/><D57/><U55/><E55/><V121/><F121/><W33/><G33/><T49/><D52/><U130/><E130/><V112/><F112/><W7/><G7/><T65/><D32/><U26/><E26/><V0/><F0/><W119/><G119/><T43/><D1/><U89/><E89/><V114/><F114/><W102/><G102/><T91/><D91/><U124/><E124/><V129/><F129/><W30/><G30/><T51/><D70/><U93/><E93/><V118/><F118/><W56/><G56/><T47/><N who="0" m="12288" /><DORA hai="60" /><T105/><D105/><U95/><E95/><V8/><F90/><W85/><G85/><T62/><D19/><U107/><E107/><V41/><F88/><W117/><G117/><T98/><D27/><U72/><E72/><V37/><F2/><W21/><G21/><T116/><D116/><U92/><E92/><RYUUKYOKU ba="0,2" sc="250,-15,240,15,170,-15,320,15" hai1="20,25,28,42,44,73,74,76,83,86,96,97,99" hai3="17,22,24,40,46,53,59,63,80,81,82,120,123" /><INIT seed="1,1,2,3,1,2" ten="235,255,155,335" oya="1" hai0="80,17,129,133,51,8,54,61,59,31,121,119,122" hai1="88,64,125,14,40,84,74,29,128,26,112,1,16" hai2="62,37,107,58,12,130,109,117,68,44,38,78,118" hai3="135,108,106,87,67,77,79,81,131,132,114,60,65"/><U120/><E120/><N who="0" m="46185" /><D119/><U43/><E112/><V32/><F107/><W30/><G114/><T113/><D113/><U104/><E74/><V95/><F32/><W7/><G108/><T102/><D129/><U6/><E104/><V27/><F78/><W101/><G131/><T83/><D133/><N who="3" m="51273" /><G30/><T41/><D102/><U73/><E128/><V46/><F130/><W70/><G7/><T93/><D93/><U13/><E73/><V42/><F27/><W24/><G24/><T69/><D31/><U76/><E76/><V110/><F95/><W4/><G4/><T116/><D116/><N who="2" m="44650" /><F12/><W19/><G79/><T92/><D92/><U21/><E125/><V57/><F68/><W124/><G124/><T35/><D35/><N who="1" m="20919" /><E64/><N who="2" m="38991" /><F58/><W3/><G3/><T56/><D69/><U99/><E99/><V126/><F126/><W71/><G67/><N who="0" m="39335" /><D41/><AGARI ba="1,2" hai="37,38,41,42,44,46,109,110" m="38991,44650" machi="41" ten="30,2000,0" yaku="34,2" doraHai="2" who="2" fromWho="0" sc="235,-23,255,0,155,43,335,0" /><INIT seed="2,0,0,1,1,34" ten="212,255,198,335" oya="2" hai0="28,121,1,23,125,80,6,22,59,4,99,41,130" hai1="113,122,8,3,117,115,13,83,27,78,50,10,49" hai2="36,7,134,91,82,53,30,52,109,61,133,31,135" hai3="48,107,35,104,112,103,81,25,114,120,17,86,132"/><V88/><F36/><W108/><G120/><T126/><D41/><U66/><E122/><V110/><F7/><W21/><G108/><N who="2" m="41577" /><F61/><W89/><G132/><T118/><D121/><U76/><E117/><V72/><F72/><W9/><G35/><T29/><D59/><U96/><E66/><V37/><F37/><W63/><G103/><T129/><D99/><U70/><E70/><V56/><F82/><W5/><G63/><T102/><D102/><U106/><E27/><V16/><F16/><W90/><G90/><N who="2" m="34345" /><F56/><W95/><G48/><T79/><D80/><U44/><E113/><N who="3" m="43626" /><G81/><T94/><D79/><U124/><E78/><V47/><F47/><W38/><G38/><T68/><D68/><U60/><E83/><V46/><F46/><W15/><AGARI ba="0,0" hai="5,9,15,17,21,25,86,89,95,104,107" m="43626" machi="15" ten="30,1100,0" yaku="11,1" doraHai="34" who="3" fromWho="3" sc="212,-3,255,-3,198,-5,335,11" /><INIT seed="3,0,0,4,5,36" ten="209,252,193,346" oya="3" hai0="41,81,6,68,30,83,109,48,0,108,15,117,24" hai1="111,132,113,134,103,25,23,67,54,79,123,33,118" hai2="12,14,78,34,59,95,89,72,29,122,31,98,28" hai3="46,91,39,38,13,9,125,43,16,56,127,5,20"/><W92/><G56/><T88/><D117/><U80/><E118/><V128/><F34/><W130/><G130/><T86/><D0/><U84/><E113/><V45/><F128/><W73/><G73/><T53/><D68/><U37/><E123/><V85/><F122/><W47/><G39/><T94/><D6/><U74/><E33/><V44/><F72/><W61/><G61/><T63/><D15/><U3/><E3/><V10/><F59/><W124/><G47/><N who="0" m="25711" /><D53/><U82/><E103/><V4/><F14/><W116/><G116/><T71/><D63/><U2/><E2/><V100/><REACH who="2" step="1"/><F78/><REACH who="2" ten="209,252,183,346" step="2"/><W96/><REACH who="3" step="1"/><G5/><REACH who="3" ten="209,252,183,336" step="2"/><T105/><D71/><U51/><E74/><V64/><F64/><W70/><G70/><T99/><D109/><U17/><E67/><V19/><F19/><W35/><G35/><T97/><D108/><U57/><E111/><V129/><F129/><W40/><G40/><T66/><D66/><U90/><E132/><V7/><F7/><W126/><N who="3" m="31744" /><DORA hai="50" /><W76/><G76/><T110/><D110/><U1/><E134/><V22/><F22/><AGARI ba="0,2" hai="9,13,16,20,22,38,43,46,91,92,96" m="31744" machi="22" ten="70,12000,1" yaku="1,1,18,1,52,1,54,1,53,1" doraHai="36,50" doraHaiUra="11,131" who="3" fromWho="2" sc="209,0,252,0,183,-120,336,140" /><INIT seed="3,1,0,0,1,121" ten="209,252,63,476" oya="3" hai0="38,86,110,46,57,45,13,42,64,28,51,35,2" hai1="56,17,54,98,84,77,127,129,18,24,68,8,26" hai2="15,14,101,55,58,111,133,103,60,131,87,27,69" hai3="44,107,5,105,7,117,20,41,31,6,43,88,125"/><W61/><G117/><T92/><D2/><U85/><E127/><V109/><F133/><W100/><G125/><T115/><D115/><U76/><E129/><V90/><F131/><W65/><G100/><T112/><D112/><U130/><E68/><V119/><F119/><W11/><G11/><T81/><D35/><U73/><E130/><V48/><F27/><N who="1" m="10281" /><E73/><V71/><F103/><W12/><G31/><T116/><D28/><U1/><E1/><V134/><F101/><W114/><G114/><T29/><D29/><U70/><E70/><V36/><F36/><W75/><G75/><T83/><D92/><U99/><E85/><V135/><F14/><W126/><G126/><T4/><D83/><N who="1" m="47207" /><E77/><V19/><F134/><W33/><G33/><T47/><D38/><U94/><E8/><V104/><F104/><W82/><G105/><T106/><D106/><U9/><BYE who="3" /><E9/><V102/><F102/><W113/><G113/><T37/><D37/><U3/><E3/><V10/><F135/><W21/><G21/><T93/><D93/><U122/><E122/><V50/><F71/><W118/><G118/><T49/><D116/><UN n3="%E7%A9%B6%E6%A5%B5%56%E3%83%A2%E3%83%B3%E3%82%AD%E3%83%BC" /><U30/><E30/><V63/><F50/><W89/><G107/><T120/><D120/><U52/><E94/><N who="2" m="54623" /><F69/><W22/><G82/><T97/><D51/><N who="1" m="30751" /><E54/><V59/><F59/><N who="3" m="37055" /><G44/><T32/><D46/><U108/><E108/><AGARI ba="1,0" hai="10,15,19,48,55,58,60,63,108,109,111" m="54623" machi="108" ten="30,7700,0" yaku="14,1,52,3" doraHai="121" who="2" fromWho="1" sc="209,0,252,-80,63,80,476,0" /><INIT seed="4,0,0,5,5,54" ten="209,172,143,476" oya="0" hai0="53,97,89,1,39,36,127,104,8,124,35,25,118" hai1="130,9,69,30,51,101,76,86,45,33,111,85,72" hai2="58,84,105,103,21,73,117,106,95,64,77,75,41" hai3="81,115,26,56,20,7,6,134,80,61,5,135,122"/><T16/><D118/><U49/><E111/><V24/><F117/><W18/><G115/><T74/><D74/><U15/><E130/><V37/><F37/><W43/><G43/><T113/><D113/><U120/><E120/><V10/><F41/><W67/><G122/><T78/><D78/><U23/><E69/><V34/><F34/><W13/><REACH who="3" step="1"/><G26/><REACH who="3" ten="209,172,143,466" step="2"/><T52/><D25/><U94/><E33/><V27/><F24/><W32/><G32/><T87/><D35/><U68/><E30/><V83/><F10/><W22/><G22/><T126/><D8/><U107/><E23/><V70/><F106/><W62/><G62/><T71/><D104/><U40/><E40/><V93/><F105/><W2/><G2/><T102/><D1/><U99/><E107/><V17/><F70/><W96/><G96/><T47/><D71/><U108/><E99/><V50/><F27/><W42/><G42/><N who="0" m="23007" /><D36/><U116/><E116/><V133/><F21/><W66/><G66/><T131/><D97/><U123/><E123/><V3/><F64/><W90/><G90/><T119/><D119/><U112/><E112/><V28/><F3/><W63/><G63/><T12/><D102/><U100/><E101/><V129/><F103/><W57/><G57/><T19/><D131/><U60/><E68/><V79/><F129/><W59/><G59/><T128/><D128/><U88/><E60/><V98/><F58/><W44/><G44/><T109/><D126/><U0/><E45/><V132/><F28/><W92/><G92/><T82/><D127/><U91/><E0/><V31/><F95/><RYUUKYOKU ba="0,1" sc="209,-10,172,-10,143,-10,466,30" hai3="5,6,7,13,18,20,56,61,67,80,81,134,135" /><INIT seed="5,1,1,3,3,38" ten="199,162,133,496" oya="1" hai0="127,128,54,67,4,105,51,30,3,89,58,97,57" hai1="115,6,21,25,47,18,10,55,110,98,77,26,65" hai2="68,24,35,13,36,100,103,125,59,123,28,80,48" hai3="72,85,16,31,94,73,93,122,61,126,104,71,52"/><U87/><E115/><V130/><F123/><W9/><G122/><T29/><D128/><U70/><E110/><V63/><F36/><W15/><G104/><T124/><D4/><U19/><E70/><V119/><F119/><W45/><G126/><N who="0" m="48171" /><D3/><U121/><E121/><V20/><F125/><W81/><G31/><N who="0" m="11787" /><D89/><U90/><E65/><V88/><F130/><W109/><G109/><T101/><D67/><U37/><E77/><V84/><F68/><W120/><G120/><T99/><D99/><U12/><E98/><V53/><F35/><W42/><G72/><T112/><D112/><U118/><E118/><V23/><F63/><W40/><G73/><T132/><D132/><U83/><E37/><V14/><REACH who="2" step="1"/><F20/><REACH who="2" ten="199,162,123,496" step="2"/><W95/><G71/><T43/><D43/><U60/><E60/><V91/><F91/><N who="3" m="51631" /><G61/><T117/><D117/><U32/><E32/><V50/><F50/><AGARI ba="1,2" hai="9,15,16,40,42,45,50,52,93,94,95" m="51631" machi="50" ten="30,12000,2" yaku="25,1,8,1,52,2,54,2" doraHai="38" who="3" fromWho="2" sc="199,0,162,0,123,-123,496,143" /><INIT seed="6,0,0,4,2,38" ten="199,162,0,639" oya="2" hai0="18,31,98,43,112,95,134,60,16,77,127,52,117" hai1="107,110,133,24,94,115,62,45,101,75,8,46,42" hai2="128,73,81,12,4,79,9,124,69,37,0,5,71" hai3="113,82,21,10,1,44,74,23,15,76,67,68,114"/><V130/><F12/><W80/><G1/><T19/><D112/><N who="3" m="43113" /><G67/><T132/><D127/><U65/><E115/><V57/><F4/><W92/><G68/><N who="2" m="26185" /><F57/><W63/><G63/><T47/><D117/><U64/><E75/><V99/><F99/><W123/><G123/><T30/><D77/><U17/><E107/><V6/><F6/><W125/><G125/><T34/><D34/><U87/><E133/><N who="0" m="51305" /><D52/><U106/><E110/><V84/><F124/><W51/><G82/><T2/><D60/><U3/><E106/><V40/><F84/><W61/><G61/><T33/><D33/><U78/><E3/><V116/><F116/><W50/><G50/><N who="0" m="27007" /><D2/><U66/><E62/><V96/><F96/><W102/><G92/><T122/><D122/><U126/><E126/><V29/><F29/><W90/><G90/><AGARI ba="0,0" hai="16,18,19,30,31,90,95,98" m="27007,51305" machi="90" ten="30,3900,0" yaku="20,1,52,1,54,1" doraHai="38" who="0" fromWho="3" sc="199,39,162,0,0,0,639,-39" /><INIT seed="7,0,0,1,4,70" ten="238,162,0,600" oya="3" hai0="5,111,82,17,58,110,42,48,25,94,134,122,78" hai1="52,4,92,106,95,132,84,19,26,62,133,85,127" hai2="73,32,80,24,121,113,41,128,43,90,103,131,83" hai3="76,2,91,93,61,88,117,124,68,112,35,13,72"/><W15/><G117/><T20/><D122/><U87/><E127/><V51/><F113/><W89/><G2/><T28/><D134/><U6/><E106/><V59/><F103/><W125/><G35/><T11/><D94/><U69/><E69/><V45/><F121/><W60/><G112/><T135/><D135/><U105/><E105/><V23/><F32/><W120/><G120/><T3/><D58/><U38/><E87/><V108/><F108/><W39/><G93/><T99/><D99/><U107/><E107/><V109/><F109/><W31/><G39/><T8/><D48/><U101/><E101/><V114/><F114/><W21/><G76/><T67/><D42/><U40/><E40/><V29/><F59/><W50/><G50/><T57/><D57/><U130/><E19/><V22/><F22/><W53/><G72/><T12/><D67/><U74/><E74/><AGARI ba="0,0" hai="3,5,8,11,12,17,20,25,28,74,78,82,110,111" machi="74" ten="30,1000,0" yaku="7,1" doraHai="70" who="0" fromWho="1" sc="238,10,162,-10,0,0,600,0" owari="248,4.8,152,-24.8,0,-50.0,600,70.0" /></mjloggm>