<mjloggm ver="2.3"><GO type="169" lobby="0"/><UN n0="%42%41%4E%44%49%54" n1="%76%61%6C%6B%79%72%69%65" n2="%6B%61%7A%72%73%61" n3="%E3%81%BF%E3%82%84%E3%81%AF%E3%82%89" dan="16,17,16,16" rate="2124.54,2198.53,2020.01,2063.06" sx="M,F,M,M"/><TAIKYOKU oya="0"/><INIT seed="0,0,0,0,5,38" ten="250,250,250,250" oya="0" hai0="24,71,72,107,8,78,14,54,110,49,44,1,63" hai1="92,83,65,61,10,118,36,91,0,30,26,123,101" hai2="74,97,109,55,103,127,42,66,67,59,17,51,75" hai3="56,119,108,52,93,50,125,6,120,22,12,116,129"/><T99/><D1/><U112/><E123/><V128/><F109/><W113/><G108/><T90/><D110/><U9/><E118/><V124/><F128/><W81/><G113/><T105/><D24/><U96/><E112/><V121/><F121/><W48/><G120/><T115/><D115/><U132/><E132/><V69/><F17/><W88/><G129/><T98/><D78/><U43/><E0/><V131/><F131/><W73/><G125/><N who="2" m="48201" /><F42/><W37/><G37/><T134/><D72/><N who="2" m="27690" /><F69/><W4/><G50/><T94/><D134/><U68/><E83/><V39/><F39/><W19/><G119/><T3/><D3/><U64/><E64/><V23/><F23/><W7/><G116/><T2/><D2/><U117/><E91/><V86/><F86/><N who="3" m="52375" /><G7/><T53/><D99/><U5/><E5/><V16/><F16/><W29/><G29/><T70/><D70/><U33/><REACH who="1" step="1"/><E117/><REACH who="1" ten="250,240,250,250" step="2"/><V135/><F135/><W58/><G81/><T27/><D90/><U47/><AGARI ba="0,1" hai="9,10,26,30,33,36,43,47,61,65,68,92,96,101" machi="47" ten="30,7900,0" yaku="1,1,2,1,0,1,52,1,53,0" doraHai="38" doraHaiUra="85" who="1" fromWho="1" sc="250,-39,240,89,250,-20,250,-20" /><INIT seed="1,0,0,1,1,113" ten="211,329,230,230" oya="1" hai0="82,92,14,45,56,109,120,66,17,123,122,117,110" hai1="93,105,24,33,60,29,7,52,41,62,132,34,63" hai2="94,43,69,134,101,75,11,0,121,118,53,32,68" hai3="22,114,59,119,67,78,133,77,81,99,23,36,31"/><U85/><E105/><V64/><F121/><W21/><G114/><T12/><D45/><U76/><E132/><V40/><F75/><W116/><G36/><T88/><D82/><U83/><E41/><V80/><F80/><W49/><G133/><T71/><D71/><U107/><E107/><V106/><F106/><W95/><G31/><T61/><D117/><N who="3" m="45129" /><G81/><T58/><D58/><U108/><E108/><N who="0" m="41577" /><D17/><U65/><E34/><V51/><F32/><W98/><G98/><AGARI ba="0,0" hai="12,14,56,61,66,88,92,98,120,122,123" m="41577" machi="98" ten="40,5200,0" yaku="13,1,14,1,54,1" doraHai="113" who="0" fromWho="3" sc="211,52,329,0,230,0,230,-52" /><INIT seed="2,0,0,0,1,134" ten="263,329,230,178" oya="2" hai0="115,37,24,10,79,129,27,105,1,103,15,100,55" hai1="135,117,4,123,29,125,7,121,96,50,17,19,90" hai2="94,98,126,120,57,87,8,53,70,84,128,64,5" hai3="78,59,113,80,21,36,88,76,61,2,71,14,30"/><V31/><F120/><N who="1" m="46153" /><E135/><V58/><F128/><W44/><G2/><T67/><D1/><U20/><E50/><V101/><F31/><W131/><G71/><T130/><D37/><U93/><E117/><V68/><F58/><W133/><G131/><N who="0" m="50187" /><D115/><U127/><E29/><V82/><F126/><N who="1" m="48137" /><E17/><V54/><F70/><W108/><G133/><T35/><D67/><U42/><E42/><V91/><F68/><W75/><G113/><T112/><D112/><U40/><E40/><V9/><F64/><W33/><G30/><T77/><D55/><U60/><E60/><V83/><F54/><W69/><G61/><T6/><D35/><U18/><E18/><V118/><F118/><W22/><G33/><T25/><D105/><U65/><E65/><V47/><F47/><W23/><G44/><T89/><D89/><U74/><E74/><V46/><F46/><W81/><G88/><T43/><D43/><U32/><E32/><V109/><F53/><W63/><G75/><T48/><D48/><U107/><E107/><V73/><F73/><W111/><G63/><T114/><D114/><U28/><E28/><V39/><F91/><W34/><G34/><T26/><N who="0" m="6144" /><DORA hai="102" /><T0/><D6/><U95/><E93/><V12/><F94/><W66/><G36/><T38/><D38/><U86/><E96/><V85/><F98/><W124/><G66/><T116/><D116/><U110/><E110/><V49/><F109/><W56/><G69/><T3/><D10/><U41/><E41/><V11/><F9/><W132/><G124/><T72/><D72/><U13/><AGARI ba="0,0" hai="4,7,13,19,20,86,90,95" m="48137,46153" machi="13" ten="30,12000,2" yaku="5,1,13,1,18,1,52,3" doraHai="134,102" who="1" fromWho="1" sc="263,-30,329,120,230,-60,178,-30" /><INIT seed="3,0,0,5,2,111" ten="233,449,170,148" oya="3" hai0="27,52,57,125,16,69,13,121,21,38,96,94,33" hai1="107,80,37,36,40,42,79,46,24,53,47,28,50" hai2="132,117,6,66,101,118,87,104,127,95,82,91,17" hai3="88,25,29,65,15,108,18,89,76,2,5,92,74"/><W106/><G106/><T110/><D110/><U11/><E107/><V103/><F127/><W59/><G108/><T122/><D69/><U55/><E11/><V41/><F6/><W20/><G74/><T134/><D38/><U90/><E90/><V63/><F41/><W22/><G76/><T131/><D125/><U26/><E50/><V116/><F132/><W86/><G2/><T30/><D134/><U115/><E115/><V112/><F112/><W77/><G5/><T44/><D44/><U114/><E114/><V75/><F75/><W61/><REACH who="3" step="1"/><G92/><REACH who="3" ten="233,449,170,138" step="2"/><T70/><D94/><U93/><E93/><V3/><F3/><W54/><G54/><T97/><D52/><U84/><E53/><V105/><F105/><W100/><G100/><T45/><D122/><U51/><E55/><V78/><F104/><W8/><G8/><T43/><D121/><U14/><E79/><V126/><F126/><W35/><G35/><T48/><D33/><U71/><E42/><V83/><F78/><W60/><G60/><T34/><D34/><U32/><E40/><V109/><F109/><W128/><G128/><T9/><D131/><U7/><E32/><V123/><F123/><W12/><G12/><T4/><D4/><U39/><E14/><V64/><F63/><W124/><G124/><T49/><D9/><U72/><E7/><V133/><F103/><W85/><G85/><T73/><D73/><U129/><E72/><V0/><F0/><W130/><G130/><T98/><D13/><U56/><E129/><V113/><F101/><W10/><G10/><T102/><D102/><RYUUKYOKU ba="0,1" sc="233,-10,449,-10,170,-10,138,30" hai3="15,18,20,22,25,29,59,61,65,77,86,88,89" /><INIT seed="3,1,1,5,3,34" ten="223,439,160,168" oya="3" hai0="30,43,69,48,15,130,57,5,87,36,58,9,42" hai1="32,75,131,118,10,112,120,85,114,49,1,94,97" hai2="122,80,104,3,45,2,113,106,11,6,100,81,67" hai3="0,102,116,52,18,38,126,60,26,65,47,14,56"/><W66/><G116/><T123/><D123/><U8/><E75/><V12/><F113/><W107/><G126/><T133/><D36/><U33/><E120/><V93/><F122/><W28/><G0/><T95/><D69/><U103/><E118/><V27/><F67/><W20/><G107/><T53/><D133/><U135/><E131/><V17/><F104/><W121/><G121/><T24/><D130/><U4/><E135/><V68/><F68/><W77/><G102/><T31/><D58/><U74/><E74/><V79/><F106/><W105/><G105/><T88/><REACH who="0" step="1"/><D31/><REACH who="0" ten="213,439,160,168" step="2"/><U29/><E112/><V23/><F45/><W98/><G98/><T124/><D124/><U25/><E97/><V111/><F111/><W132/><G132/><T96/><D96/><U109/><E29/><V82/><F79/><W129/><G129/><T108/><D108/><U64/><E109/><V63/><F100/><W71/><G71/><T51/><D51/><U13/><E49/><V86/><REACH who="2" step="1"/><F63/><REACH who="2" ten="213,439,150,168" step="2"/><W115/><G115/><T70/><D70/><U84/><E103/><V91/><AGARI ba="1,3" hai="2,3,6,11,12,17,23,27,80,81,82,86,91,93" machi="91" ten="30,8000,1" yaku="1,1,2,1,0,1,52,2,53,0" doraHai="34" doraHaiUra="37" who="2" fromWho="2" sc="213,-21,439,-21,150,113,168,-41" /><INIT seed="4,0,0,2,0,37" ten="192,418,263,127" oya="0" hai0="71,94,79,18,92,93,6,0,69,72,113,115,82" hai1="91,67,129,70,13,108,134,88,78,50,54,125,103" hai2="17,124,36,59,57,48,49,42,118,35,46,7,34" hai3="106,47,41,62,56,74,102,39,2,101,11,29,85"/><T104/><D104/><U5/><E108/><V32/><F124/><W84/><G106/><T119/><D119/><U15/><E125/><V73/><F73/><W14/><G29/><T132/><D132/><U63/><E129/><V20/><F7/><W127/><G74/><T60/><D18/><U66/><E134/><V126/><F126/><W81/><G2/><T75/><D75/><U52/><E78/><V76/><F76/><W109/><G109/><T131/><D131/><U86/><E103/><V65/><F118/><W30/><G30/><T121/><D121/><U9/><E67/><V64/><F59/><W16/><G127/><T107/><D107/><U99/><E99/><V112/><F112/><N who="0" m="43082" /><D60/><U98/><E98/><V96/><F96/><W135/><G135/><T111/><D111/><U80/><E91/><V117/><F117/><W28/><G28/><T45/><D45/><U26/><E26/><V8/><F8/><AGARI ba="0,0" hai="0,6,8,69,71,72,79,82,92,93,94" m="43082" machi="8" ten="30,1500,0" yaku="15,1" doraHai="37" who="0" fromWho="2" sc="192,15,418,0,263,-15,127,0" /><INIT seed="4,1,0,1,0,54" ten="207,418,248,127" oya="0" hai0="55,115,92,17,21,122,45,120,29,79,75,105,128" hai1="43,116,77,66,22,46,110,101,58,15,23,48,88" hai2="7,30,119,52,94,114,112,11,19,32,96,80,27" hai3="125,51,123,40,90,91,134,71,2,59,57,10,34"/><T81/><D105/><U64/><E110/><V5/><F119/><W76/><G71/><T24/><D128/><U1/><E1/><V12/><F80/><W104/><G104/><T127/><D115/><N who="2" m="44074" /><F52/><W132/><G34/><T9/><D127/><U18/><E116/><V103/><AGARI ba="1,0" hai="5,7,11,12,19,27,30,32,94,96,103" m="44074" machi="103" ten="30,1100,0" yaku="15,1" doraHai="54" who="2" fromWho="2" sc="207,-6,418,-4,248,14,127,-4" /><INIT seed="5,0,0,5,4,84" ten="201,414,262,123" oya="1" hai0="31,121,27,92,44,34,79,19,55,118,18,54,6" hai1="52,115,82,40,93,135,70,26,96,39,23,68,75" hai2="57,53,80,85,61,2,98,71,108,15,47,48,12" hai3="131,103,30,16,36,66,94,105,73,100,7,25,132"/><U101/><E115/><V109/><F2/><W17/><G131/><T51/><D118/><U21/><E135/><V126/><F126/><W65/><G132/><T59/><D121/><U88/><E39/><V64/><F98/><W120/><G120/><T67/><D67/><U4/><E40/><V122/><F122/><W29/><G73/><T45/><D79/><U35/><E35/><V49/><F108/><W102/><G36/><T89/><D6/><U9/><E23/><V125/><F125/><W110/><G110/><T58/><D45/><U97/><E52/><V91/><REACH who="2" step="1"/><F109/><REACH who="2" ten="201,414,252,123" step="2"/><W42/><G105/><T74/><D74/><U117/><E97/><V111/><F111/><W95/><G103/><T10/><D10/><U41/><E117/><V43/><AGARI ba="0,1" hai="12,15,43,47,48,49,53,57,61,64,71,80,85,91" machi="43" ten="20,5200,0" yaku="1,1,0,1,7,1,52,1,53,0" doraHai="84" doraHaiUra="123" who="2" fromWho="2" sc="201,-13,414,-26,252,62,123,-13" /><INIT seed="6,0,0,2,2,76" ten="188,388,314,110" oya="2" hai0="49,89,4,114,23,86,131,134,22,111,96,57,78" hai1="125,27,77,82,103,41,120,117,35,110,7,10,26" hai2="95,93,44,90,101,34,12,81,63,104,106,13,92" hai3="71,122,124,5,118,45,58,112,60,29,66,94,75"/><V80/><F34/><W88/><G118/><T85/><D111/><U126/><E117/><V84/><F104/><W102/><G122/><T113/><D131/><U91/><E110/><V108/><F108/><W28/><G124/><N who="1" m="47722" /><E120/><V69/><F106/><W47/><G75/><T21/><D134/><U24/><E103/><V55/><F69/><W115/><G102/><T30/><D30/><N who="1" m="19911" /><E41/><V6/><F13/><W97/><G5/><T17/><D4/><U73/><E91/><V132/><F132/><W43/><G71/><T116/><D116/><U100/><E100/><V20/><F6/><W83/><G47/><T87/><D78/><U0/><AGARI ba="0,0" hai="0,7,10,26,27,73,77,82" m="19911,47722" machi="0" ten="30,2000,0" yaku="18,1,52,1" doraHai="76" who="1" fromWho="1" sc="188,-5,388,20,314,-10,110,-5" /><INIT seed="7,0,0,3,3,54" ten="183,408,304,105" oya="3" hai0="73,1,123,29,85,95,90,45,87,96,25,15,111" hai1="69,105,19,38,20,75,120,70,53,106,48,102,76" hai2="63,119,82,2,127,71,66,79,39,67,128,114,30" hai3="24,118,93,77,94,26,7,125,81,52,104,18,78"/><W83/><G118/><T6/><D111/><U84/><E38/><V0/><F114/><W124/><G104/><T61/><D1/><U37/><E37/><V35/><F39/><W55/><REACH who="3" step="1"/><G18/><REACH who="3" ten="183,408,304,95" step="2"/><T116/><D116/><U12/><E105/><V74/><F119/><W89/><G89/><T50/><D123/><U80/><E106/><V99/><F79/><W134/><G134/><T22/><D73/><U108/><E76/><V23/><F74/><W131/><G131/><T86/><D61/><U8/><E75/><V101/><F63/><W98/><G98/><T129/><D129/><U107/><E108/><V31/><F99/><W44/><G44/><T135/><D135/><U33/><E107/><V34/><F128/><W100/><G100/><T3/><D3/><U14/><E102/><V91/><F101/><W122/><G122/><T115/><D115/><U13/><E19/><V40/><F91/><W36/><G36/><T113/><D113/><U64/><E120/><V72/><F72/><W46/><G46/><T133/><D133/><U126/><E126/><V9/><F127/><W112/><G112/><T10/><D96/><U11/><E84/><V57/><F0/><W5/><AGARI ba="0,1" hai="5,7,24,26,52,55,77,78,81,83,93,94,124,125" machi="5" ten="25,18000,2" yaku="1,1,0,1,22,2,54,1,53,2" doraHai="54" doraHaiUra="49" who="3" fromWho="3" sc="183,-60,408,-60,304,-60,95,190" /><INIT seed="7,1,0,4,2,102" ten="123,348,244,285" oya="3" hai0="79,22,73,94,85,120,71,104,116,114,9,42,25" hai1="90,1,31,49,98,35,46,113,37,109,67,112,2" hai2="63,10,29,19,17,118,21,12,134,48,65,58,119" hai3="24,131,111,133,61,66,23,69,26,7,123,62,96"/><W88/><G123/><T28/><D120/><U56/><E109/><V117/><F134/><W40/><G133/><T0/><D116/><U14/><E37/><V128/><F128/><W72/><G131/><T99/><D71/><U54/><E14/><V121/><F121/><W5/><G72/><T115/><D42/><U57/><E31/><V84/><F84/><W77/><G77/><T87/><D0/><N who="1" m="107" /><E35/><V53/><F29/><W33/><G40/><T97/><D9/><U129/><E129/><V47/><REACH who="2" step="1"/><F117/><REACH who="2" ten="123,348,234,285" step="2"/><W50/><G111/><T39/><D39/><U75/><E75/><V6/><F6/><W86/><G33/><T95/><D73/><U60/><E113/><N who="0" m="43017" /><D28/><U107/><E112/><V30/><F30/><W32/><G32/><T101/><D25/><AGARI ba="1,1" hai="10,12,17,19,21,25,47,48,53,58,63,65,118,119" machi="25" ten="30,3900,0" yaku="1,1,7,1,53,1" doraHai="102" doraHaiUra="51" who="2" fromWho="0" sc="123,-42,348,0,234,52,285,0" owari="81,-41.9,348,44.8,286,8.6,285,-11.5" /></mjloggm>