<mjloggm ver="2.3"><GO type="169" lobby="0"/><UN n0="%61%6D%61%69%6B%61" n1="%E4%BF%BA%E3%81%A0%E3%81%91%E5%8D%B3%E8%A3%8F%E7%84%A1%E3%81%97" n2="%73%73%73%31%39%33%33" n3="%E3%81%86%E3%81%98%E3%81%93" dan="17,16,16,16" rate="2168.60,2097.62,2139.13,2103.74" sx="M,M,F,M"/><TAIKYOKU oya="0"/><INIT seed="0,0,0,2,2,41" ten="250,250,250,250" oya="0" hai0="129,70,12,111,0,19,112,86,128,65,124,62,69" hai1="99,133,125,73,77,56,22,131,21,32,33,71,10" hai2="113,66,85,1,81,92,39,127,102,42,101,119,122" hai3="93,48,76,88,18,13,67,29,36,84,107,60,50"/><T75/><D75/><U130/><E71/><V27/><F113/><W46/><G107/><T72/><D72/><U24/><E73/><V4/><F122/><W59/><G29/><T108/><D112/><U105/><E77/><V123/><F123/><W106/><G106/><T44/><D0/><U74/><E74/><V3/><F127/><W43/><REACH who="3" step="1"/><G76/><REACH who="3" ten="250,250,250,240" step="2"/><T38/><D124/><U2/><E105/><V68/><F119/><W120/><G120/><T40/><D70/><U5/><E125/><V79/><F68/><W134/><G134/><T110/><REACH who="0" step="1"/><D86/><REACH who="0" ten="240,250,250,240" step="2"/><U103/><E133/><V83/><F85/><W15/><G15/><T23/><AGARI ba="0,2" hai="12,19,23,38,40,44,62,65,69,108,110,111,128,129" machi="23" ten="40,18000,2" yaku="1,1,2,1,0,1,14,1,10,1,52,1,53,1" doraHai="41" doraHaiUra="64" who="0" fromWho="0" sc="240,200,250,-60,250,-60,240,-60" /><INIT seed="0,1,0,1,0,121" ten="440,190,190,180" oya="0" hai0="107,110,7,124,69,17,30,56,54,5,63,90,22" hai1="96,40,34,21,36,45,129,81,2,59,83,29,9" hai2="24,8,74,102,55,72,92,64,97,116,117,60,37" hai3="53,95,106,18,82,118,130,32,13,28,68,4,49"/><T0/><D107/><U108/><E34/><V26/><F37/><W104/><G118/><N who="2" m="45673" /><F55/><W1/><G68/><T112/><D112/><U99/><E129/><V84/><F84/><W70/><G70/><T39/><D39/><U113/><E113/><V103/><F8/><W77/><G4/><T12/><D69/><U101/><E96/><V52/><F103/><W85/><G1/><T80/><D124/><U19/><E59/><N who="2" m="34919" /><F64/><W119/><G130/><T47/><D47/><U122/><E81/><V87/><F87/><W91/><G119/><T42/><D42/><U62/><E83/><V58/><F58/><W65/><G65/><T11/><D5/><U133/><E62/><V10/><F10/><W100/><G100/><T126/><D126/><U50/><E9/><V120/><F120/><W38/><G38/><T127/><D127/><U33/><E45/><V98/><F98/><W31/><G104/><T15/><D0/><U131/><E2/><V46/><F46/><W114/><G106/><T134/><D7/><U75/><E99/><V79/><F79/><W132/><G77/><T20/><D11/><U35/><E131/><V66/><F66/><W61/><G82/><T109/><D80/><U115/><E36/><V3/><F3/><W86/><G85/><T123/><D123/><U57/><E122/><V111/><F111/><N who="0" m="42506" /><D90/><U6/><E108/><V67/><F67/><W78/><G91/><T43/><D43/><U93/><E115/><V48/><F48/><W135/><G49/><T105/><D105/><U71/><E71/><V94/><F94/><W128/><G95/><RYUUKYOKU ba="1,0" sc="440,-10,190,-10,190,30,180,-10" hai2="24,26,72,74,92,97,102" /><INIT seed="1,2,0,3,5,119" ten="430,180,220,170" oya="1" hai0="135,128,123,115,1,13,76,41,23,106,10,107,116" hai1="133,14,120,44,64,45,89,108,49,78,104,124,117" hai2="22,67,101,12,11,126,94,63,88,83,43,50,28" hai3="38,26,125,87,52,46,72,32,8,53,34,24,80"/><U103/><E117/><V112/><F126/><W102/><G125/><T37/><D115/><U90/><E124/><V48/><F112/><W114/><G114/><T62/><D128/><U93/><E78/><V118/><F101/><W134/><G72/><T121/><D116/><U66/><E104/><V36/><F83/><W85/><G102/><T60/><D76/><U130/><E103/><V105/><F105/><N who="0" m="39946" /><D23/><U17/><E130/><V25/><F43/><W58/><G8/><T113/><D1/><U15/><E133/><V68/><F36/><W86/><G134/><T100/><D100/><U54/><E108/><V18/><REACH who="2" step="1"/><F118/><REACH who="2" ten="430,180,210,170" step="2"/><W31/><G80/><T82/><D82/><U59/><E93/><V79/><F79/><W95/><G95/><T57/><D113/><U96/><E89/><V47/><F47/><W98/><G38/><T109/><D135/><U81/><E45/><V77/><F77/><W35/><G46/><T56/><D41/><U0/><E44/><V27/><F27/><W69/><G24/><T75/><D37/><U91/><E91/><V4/><F4/><W21/><G26/><T2/><D75/><U111/><E90/><V84/><AGARI ba="2,1" hai="11,12,18,22,25,28,48,50,63,67,68,84,88,94" machi="84" ten="20,5200,0" yaku="1,1,0,1,7,1,54,1,53,0" doraHai="119" doraHaiUra="122" who="2" fromWho="2" sc="430,-15,180,-28,210,68,170,-15" /><INIT seed="2,0,0,0,1,75" ten="415,152,278,155" oya="2" hai0="124,36,113,85,30,74,46,3,82,61,45,44,87" hai1="80,22,78,114,128,67,29,43,91,4,101,111,130" hai2="28,40,86,133,16,47,129,60,96,6,39,25,119" hai3="100,103,21,14,11,64,58,110,7,18,94,121,92"/><V31/><F119/><W76/><G110/><T127/><D3/><U73/><E111/><V5/><F133/><W24/><G121/><T65/><D113/><U104/><E114/><V69/><F129/><W135/><G135/><T2/><D2/><U109/><E109/><V35/><F31/><W108/><G108/><T34/><D36/><U134/><E134/><V63/><F63/><W19/><G94/><T10/><D10/><U33/><E22/><V132/><F132/><W88/><G76/><N who="0" m="44311" /><D30/><U38/><E67/><V26/><F96/><W126/><G126/><N who="0" m="48171" /><D34/><U70/><E91/><V23/><REACH who="2" step="1"/><F86/><REACH who="2" ten="415,152,268,155" step="2"/><N who="3" m="52247" /><G19/><T42/><D42/><U118/><E118/><V8/><F8/><W90/><G11/><T49/><D49/><U55/><E43/><V117/><F117/><W20/><G18/><T131/><D131/><U95/><E130/><V102/><F102/><W13/><G100/><T79/><D87/><U27/><E128/><V50/><F50/><W106/><G103/><T105/><D85/><U125/><E125/><V116/><F116/><W71/><G7/><T37/><D37/><U56/><E38/><V62/><F62/><W107/><G21/><T9/><D9/><U53/><E4/><V120/><F120/><W112/><G20/><T72/><D72/><U15/><E33/><V32/><F32/><W83/><G112/><T0/><D0/><U41/><E73/><V77/><F77/><W48/><G48/><T97/><D79/><U12/><E78/><V54/><F54/><W84/><G84/><T59/><D97/><N who="1" m="59583" /><E55/><V81/><F81/><W1/><G83/><RYUUKYOKU ba="0,1" sc="415,15,152,-15,268,15,155,-15" hai0="44,45,46,59,61,65,105" hai2="5,6,16,23,25,26,28,35,39,40,47,60,69" /><BYE who="2" /><UN n2="%73%73%73%31%39%33%33" /><INIT seed="2,1,1,3,5,98" ten="430,137,283,140" oya="2" hai0="41,10,46,53,2,14,35,133,129,43,87,108,127" hai1="6,121,9,75,50,58,132,51,28,103,96,23,94" hai2="33,113,30,89,126,131,72,74,45,36,12,73,60" hai3="81,95,101,67,61,15,37,86,39,24,16,125,104"/><V78/><F113/><W25/><G125/><T100/><D108/><U105/><E132/><V123/><F123/><W49/><G104/><T83/><D35/><U32/><E32/><V62/><F126/><W97/><G49/><T21/><D127/><U124/><E121/><V57/><F78/><W17/><G39/><T135/><D2/><U88/><E75/><V20/><F33/><W18/><G15/><T0/><D0/><U70/><E70/><V99/><F62/><W59/><REACH who="3" step="1"/><G37/><REACH who="3" ten="430,137,283,130" step="2"/><T109/><D14/><U22/><E124/><V8/><F36/><W11/><G11/><T38/><D10/><U115/><E51/><V19/><F8/><W134/><G134/><T71/><D38/><U64/><E115/><V77/><F12/><W68/><G68/><T55/><D71/><U106/><E106/><V69/><F69/><W120/><G120/><T79/><D133/><U130/><E105/><V90/><F131/><W7/><G7/><T76/><D129/><U13/><E130/><V91/><F60/><W85/><G85/><T65/><D87/><U5/><E6/><V122/><F72/><W54/><G54/><T116/><D53/><U29/><E23/><V84/><F20/><W110/><G110/><T102/><D55/><N who="1" m="32119" /><E22/><V4/><F74/><W114/><G114/><T31/><D21/><U128/><E128/><V26/><F73/><W34/><G34/><T92/><D109/><U27/><E27/><V111/><F122/><W66/><G66/><T1/><D65/><U112/><E64/><V47/><F111/><W3/><G3/><T107/><D1/><RYUUKYOKU ba="1,2" sc="430,-10,137,-10,283,-10,130,30" hai3="16,17,18,24,25,59,61,67,81,86,95,97,101" /><INIT seed="3,2,2,1,5,56" ten="420,127,273,160" oya="3" hai0="64,112,108,30,45,96,104,48,122,58,18,15,79" hai1="32,49,36,101,93,51,132,1,42,4,50,37,115" hai2="84,21,72,94,25,29,89,107,19,38,24,130,123" hai3="7,126,12,78,69,80,76,91,83,116,111,41,121"/><W55/><G116/><T103/><D122/><U106/><E115/><V100/><F123/><W27/><G121/><T10/><D108/><U97/><E32/><V128/><F38/><W54/><G126/><T8/><D112/><U53/><E132/><V131/><F72/><W90/><G69/><T120/><D120/><U85/><E1/><V2/><F2/><W127/><G127/><T5/><D30/><U17/><E4/><V125/><F125/><W105/><G105/><T28/><D28/><U43/><E53/><N who="3" m="19978" /><G41/><T33/><D33/><U70/><E70/><V88/><F107/><W60/><G60/><T113/><D79/><N who="3" m="30249" /><G27/><T62/><D113/><U11/><E37/><V73/><F73/><W86/><G111/><T57/><D57/><U0/><E36/><V77/><F77/><N who="3" m="46351" /><G83/><T20/><D5/><U81/><E106/><V47/><F47/><W119/><G119/><T40/><AGARI ba="2,2" hai="8,10,15,18,20,40,45,48,58,62,64,96,103,104" machi="40" ten="20,2700,0" yaku="0,1,7,1,52,1" doraHai="56" who="0" fromWho="0" sc="420,53,127,-9,273,-9,160,-15" /><INIT seed="4,0,0,5,4,71" ten="473,118,264,145" oya="0" hai0="124,54,29,117,33,83,18,119,79,12,13,92,60" hai1="114,24,4,95,100,52,132,84,97,133,20,125,77" hai2="131,122,109,113,51,17,99,128,89,19,129,42,93" hai3="11,107,110,47,87,127,16,134,15,111,121,35,8"/><T80/><D124/><U102/><E125/><V49/><F109/><W50/><G127/><T74/><D12/><U62/><E4/><V85/><F122/><W69/><G134/><T103/><D33/><U108/><E108/><V27/><F113/><W81/><G121/><T61/><D29/><U40/><E40/><V105/><F105/><W65/><G35/><T53/><D83/><N who="1" m="47215" /><E114/><V123/><F123/><W75/><G75/><T31/><D31/><U66/><E66/><V78/><F78/><W48/><G107/><T58/><D103/><U45/><E132/><V94/><F27/><W68/><G50/><N who="2" m="18953" /><F42/><W10/><G110/><T64/><D92/><U23/><E133/><V9/><F9/><W55/><G111/><T63/><D63/><U88/><E45/><V14/><F14/><W3/><G3/><T56/><REACH who="0" step="1"/><D64/><REACH who="0" ten="463,118,264,145" step="2"/><U46/><E46/><V86/><F94/><W7/><G65/><T0/><D0/><U82/><E82/><V90/><F93/><W96/><G7/><T118/><D118/><U43/><E24/><V6/><F131/><W104/><G104/><T26/><D26/><U98/><E100/><V112/><F129/><W72/><G15/><T1/><D1/><U5/><E102/><V30/><F30/><W116/><G81/><T126/><D126/><U73/><E95/><V21/><F128/><W37/><G96/><T22/><AGARI ba="0,1" hai="13,18,22,53,54,56,58,60,61,74,79,80,117,119" machi="22" ten="20,7800,0" yaku="1,1,0,1,7,1,9,1,53,0" doraHai="71" doraHaiUra="130" who="0" fromWho="0" sc="463,88,118,-26,264,-26,145,-26" /><INIT seed="4,1,0,0,3,30" ten="551,92,238,119" oya="0" hai0="102,8,67,50,122,123,9,107,98,26,66,19,118" hai1="43,56,38,20,109,47,128,58,104,48,130,76,94" hai2="13,105,21,121,24,17,88,100,114,3,35,77,68" hai3="46,133,92,33,85,52,11,83,103,34,115,25,97"/><T65/><D118/><U120/><E104/><V95/><F121/><W59/><G133/><T69/><D69/><U117/><E109/><V82/><F68/><W55/><G115/><T84/><D50/><U4/><E4/><V91/><F3/><W129/><G129/><N who="1" m="49770" /><E120/><V124/><F124/><W39/><G11/><T37/><D37/><U131/><N who="1" m="49778" /><U99/><DORA hai="61" /><E117/><V51/><F51/><W36/><G25/><T80/><D8/><U72/><E76/><V81/><F81/><W108/><G108/><T5/><D19/><U18/><E72/><V6/><F6/><W2/><G2/><T90/><REACH who="0" step="1"/><D26/><REACH who="0" ten="541,92,238,119" step="2"/><N who="1" m="14615" /><E38/><V42/><F24/><W60/><G39/><T75/><D75/><U12/><E12/><AGARI ba="1,1" hai="5,9,12,65,66,67,80,84,90,98,102,107,122,123" machi="12" ten="40,12000,1" yaku="1,1,52,3,53,1" doraHai="30,61" doraHaiUra="93,73" who="0" fromWho="1" sc="541,133,92,-123,238,0,119,0" owari="674,77.4,-31,-53.1,238,3.8,119,-28.1" /></mjloggm>