<mjloggm ver="2.3"><GO type="169" lobby="0"/><UN n0="%70%6F%6B%6B%6F" n1="%79%75%62%65" n2="%73%73%73%31%39%33%33" n3="%6C%75%6E%61%32%33%34%35" dan="16,16,16,16" rate="2028.81,2200.81,2125.91,2084.97" sx="M,M,F,F"/><TAIKYOKU oya="0"/><INIT seed="0,0,0,5,2,123" ten="250,250,250,250" oya="0" hai0="1,43,12,98,85,73,75,48,32,109,76,8,64" hai1="78,16,23,22,95,28,67,47,102,125,119,87,6" hai2="34,100,61,46,2,130,86,112,17,74,129,107,127" hai3="54,20,18,50,52,0,14,89,63,5,131,57,113"/><T110/><D1/><U105/><E119/><V108/><F74/><W58/><G131/><T40/><D32/><U11/><E125/><V26/><F112/><W70/><G113/><T41/><D64/><U80/><E67/><V10/><F127/><W126/><G126/><T118/><D118/><U30/><E23/><V72/><F72/><W99/><G70/><T91/><D98/><U19/><E19/><V45/><F61/><W120/><G120/><T39/><D39/><U115/><BYE who="0" /><E105/><V122/><F122/><W53/><G0/><UN n0="%70%6F%6B%6B%6F" /><T59/><D76/><U77/><E77/><V83/><F100/><W56/><G5/><T128/><D128/><U132/><E132/><V38/><F107/><W106/><G106/><T25/><D25/><U27/><E47/><V93/><F93/><W49/><G89/><T114/><D114/><U135/><E135/><V24/><F24/><W4/><G4/><T42/><N who="0" m="10240" /><DORA hai="133" /><T13/><D73/><U104/><E104/><V68/><F26/><W29/><G99/><T51/><D75/><U82/><E82/><V71/><F2/><W31/><AGARI ba="0,0" hai="14,18,20,29,31,49,50,52,53,54,56,57,58,63" machi="31" ten="30,7900,0" yaku="0,1,9,1,8,1,54,1" doraHai="123,133" who="3" fromWho="3" sc="250,-39,250,-20,250,-20,250,79" /><INIT seed="1,0,0,3,3,41" ten="211,230,230,329" oya="1" hai0="0,87,46,81,98,122,65,75,68,125,120,67,18" hai1="90,99,109,123,95,111,97,36,79,31,54,52,121" hai2="101,44,53,6,50,104,22,89,131,49,84,93,38" hai3="78,61,74,30,16,72,12,47,130,2,82,128,39"/><U60/><E79/><V14/><F131/><N who="3" m="50219" /><G2/><T58/><D75/><U94/><E36/><V107/><F38/><W112/><G112/><T40/><D125/><U92/><E31/><V105/><F50/><W119/><G119/><T11/><D68/><U19/><E19/><V100/><REACH who="2" step="1"/><F22/><REACH who="2" ten="211,230,220,329" step="2"/><N who="3" m="11527" /><G61/><T55/><D120/><U134/><E60/><V118/><F118/><W124/><G124/><T64/><D122/><U132/><E94/><V7/><F7/><W26/><G72/><T33/><D11/><AGARI ba="0,1" hai="6,11,14,44,49,53,84,89,93,100,101,104,105,107" machi="11" ten="40,2600,0" yaku="1,1,52,1,53,0" doraHai="41" doraHaiUra="115" who="2" fromWho="0" sc="211,-26,230,0,220,36,329,0" /><INIT seed="2,0,0,1,3,51" ten="185,230,256,329" oya="2" hai0="111,62,93,12,42,106,131,125,103,133,116,14,84" hai1="73,95,89,78,17,76,45,130,16,25,77,58,38" hai2="22,97,112,8,49,23,98,66,85,123,86,0,34" hai3="91,21,61,52,44,109,80,79,126,26,11,120,4"/><V46/><F34/><W9/><G120/><T63/><D111/><U72/><E130/><V81/><F112/><W27/><G109/><T59/><D106/><U105/><E105/><V41/><F66/><W96/><G126/><T118/><D125/><U68/><E68/><V70/><F70/><W88/><G26/><T20/><D133/><U53/><E45/><V107/><F86/><N who="3" m="48415" /><G4/><T100/><D131/><U115/><E38/><V6/><F123/><W87/><G96/><T19/><D42/><U55/><E115/><V71/><F71/><W65/><G65/><T10/><D63/><U43/><E43/><V30/><F30/><W128/><G128/><T32/><D32/><U117/><E117/><N who="0" m="45161" /><D84/><U33/><E73/><V102/><REACH who="2" step="1"/><F98/><REACH who="2" ten="185,230,246,329" step="2"/><W99/><G99/><T134/><D134/><U1/><E33/><V47/><F47/><W135/><G44/><T7/><D93/><U28/><E58/><V108/><F108/><W67/><G87/><T104/><D104/><U39/><E72/><V92/><F92/><W35/><G35/><T75/><D75/><U121/><E121/><V24/><F24/><W13/><G27/><T69/><D69/><U18/><E28/><V36/><F36/><W50/><G135/><T57/><D57/><U64/><E39/><V40/><F40/><W113/><G113/><T56/><D56/><U37/><E37/><V31/><F31/><W3/><G67/><AGARI ba="0,1" hai="7,10,12,14,19,20,59,62,67,100,103" m="45161" machi="67" ten="30,1000,0" yaku="12,1" doraHai="51" who="0" fromWho="3" sc="185,20,230,0,246,0,329,-10" /><INIT seed="3,0,0,0,5,95" ten="205,230,246,319" oya="3" hai0="29,123,64,104,28,98,42,84,63,71,37,72,25" hai1="23,112,38,69,131,10,18,80,62,122,91,9,49" hai2="134,4,86,106,32,45,1,58,48,103,75,51,53" hai3="117,65,133,22,128,20,57,85,16,6,26,120,94"/><W99/><G117/><T125/><D29/><U129/><E38/><V76/><F75/><W66/><G120/><T21/><D123/><U33/><E122/><V68/><F32/><W34/><G133/><T87/><D125/><U127/><E112/><V41/><F68/><W89/><G128/><N who="1" m="49226" /><E33/><V27/><F27/><W46/><G34/><T110/><D110/><U67/><E49/><V52/><F134/><W114/><G114/><T111/><D72/><U102/><E102/><V96/><F4/><W30/><G6/><T132/><D132/><U82/><E127/><V124/><F1/><W8/><G8/><N who="1" m="3178" /><E91/><V109/><F109/><W113/><G113/><T126/><D111/><U43/><E43/><V59/><F124/><W12/><G46/><T88/><D126/><U13/><AGARI ba="0,0" hai="13,18,23,62,67,69,80,82" m="3178,49226" machi="13" ten="30,1100,0" yaku="19,1" doraHai="95" who="1" fromWho="1" sc="205,-3,230,11,246,-3,319,-5" /><INIT seed="4,0,0,3,1,100" ten="202,241,243,314" oya="0" hai0="78,109,96,12,115,14,41,1,56,65,76,83,90" hai1="108,9,72,134,81,44,23,110,42,10,64,126,54" hai2="43,107,84,40,55,85,35,20,34,21,31,19,68" hai3="87,102,114,48,53,24,6,5,18,0,7,121,52"/><T46/><D1/><U3/><E134/><V47/><F68/><W13/><G114/><T71/><D71/><U69/><E126/><V128/><F128/><W101/><G121/><T32/><D32/><U16/><E54/><V124/><F55/><W74/><G74/><T127/><D127/><U113/><E113/><V125/><F19/><W119/><G119/><T37/><D115/><U82/><E82/><V62/><F62/><W4/><G24/><T30/><D30/><U91/><E64/><V45/><REACH who="2" step="1"/><F31/><REACH who="2" ten="202,241,233,314" step="2"/><W29/><G29/><T86/><D109/><U116/><E69/><V130/><F130/><W75/><G53/><T94/><REACH who="0" step="1"/><D76/><REACH who="0" ten="192,241,233,314" step="2"/><U22/><E110/><V112/><F112/><W28/><G28/><T49/><D49/><U118/><E108/><V106/><AGARI ba="0,2" hai="20,21,34,35,40,43,45,47,84,85,106,107,124,125" machi="106" ten="25,12000,2" yaku="1,1,0,1,22,2,52,2,53,0" doraHai="100" doraHaiUra="15" who="2" fromWho="2" sc="192,-60,241,-30,233,140,314,-30" /><INIT seed="5,0,0,3,1,34" ten="132,211,373,284" oya="1" hai0="76,45,43,134,80,51,81,66,38,63,70,68,124" hai1="106,92,4,114,125,119,75,93,110,101,39,19,33" hai2="60,126,42,56,95,129,14,1,100,94,122,24,27" hai3="30,58,79,49,127,85,90,88,37,5,123,120,107"/><U52/><E119/><V105/><F1/><W12/><G127/><T22/><D124/><U62/><E125/><V112/><F42/><W108/><G108/><T25/><D134/><U11/><E110/><V130/><F122/><W13/><G37/><T89/><D89/><U16/><E75/><V18/><F126/><W35/><G107/><T116/><D116/><U64/><E33/><V54/><F105/><W109/><G109/><T40/><D40/><U77/><E77/><V55/><F55/><W74/><G74/><T99/><D70/><U131/><E39/><V32/><F100/><W46/><G58/><T29/><D99/><U97/><E131/><V53/><F53/><W72/><G72/><T6/><D76/><U67/><E114/><V28/><F27/><W9/><G12/><T113/><D113/><U135/><E135/><V115/><F115/><W104/><G104/><T87/><D87/><U86/><E64/><V2/><F2/><W17/><G85/><T83/><D6/><U73/><E73/><V21/><F112/><W36/><G5/><T103/><D103/><U20/><E67/><V7/><F7/><W31/><G36/><T117/><D117/><U23/><E23/><V15/><F15/><W102/><G79/><T0/><REACH who="0" step="1"/><D38/><REACH who="0" ten="122,211,373,284" step="2"/><U65/><E86/><V121/><F121/><W71/><G120/><T91/><D91/><U44/><E4/><V8/><F130/><W48/><G90/><T128/><D128/><U132/><E132/><V78/><F78/><W69/><G123/><T41/><D41/><U133/><E133/><V84/><F129/><RYUUKYOKU ba="0,1" sc="122,30,211,-10,373,-10,284,-10" hai0="0,22,25,29,43,45,51,63,66,68,80,81,83" /><INIT seed="6,1,1,0,0,104" ten="152,201,363,274" oya="2" hai0="101,103,29,10,88,34,134,105,51,13,15,61,41" hai1="32,129,62,18,36,100,121,82,54,119,37,87,17" hai2="75,72,16,50,76,135,67,24,111,23,73,55,38" hai3="99,42,90,85,31,52,93,97,102,48,79,22,84"/><V77/><F38/><W7/><G7/><T98/><D134/><U132/><E119/><V0/><F0/><W2/><G2/><T27/><D103/><U95/><E132/><V45/><F135/><W66/><G66/><T107/><D107/><U86/><E32/><V120/><F120/><W118/><G118/><T1/><D1/><U80/><E129/><V117/><F117/><W56/><G42/><T4/><D61/><U63/><E54/><V108/><REACH who="2" step="1"/><F67/><REACH who="2" ten="152,201,353,274" step="2"/><W12/><G102/><T11/><D41/><U71/><E100/><V39/><F39/><W69/><G69/><T130/><D130/><U9/><E71/><V60/><F60/><W124/><G124/><T116/><D51/><U30/><E121/><V83/><F83/><N who="3" m="47231" /><G31/><T113/><D116/><U26/><E30/><V49/><F49/><W33/><G33/><T59/><D113/><U68/><E68/><V57/><F57/><W46/><G56/><T115/><D59/><U131/><E131/><V125/><F125/><W21/><G48/><T25/><D115/><U5/><E62/><V92/><F92/><W65/><G65/><T109/><D109/><AGARI ba="1,2" hai="16,23,24,45,50,55,72,73,75,76,77,108,109,111" machi="109" ten="50,18000,2" yaku="1,1,10,1,52,3,54,1,53,1" doraHai="104" doraHaiUra="44" who="2" fromWho="0" sc="152,-183,201,0,353,203,274,0" owari="-31,-53.1,201,-19.9,556,65.6,274,7.4" /></mjloggm>