<mjloggm ver="2.3"><GO type="169" lobby="0"/><UN n0="%E3%81%8B%E3%81%B6%E8%8C%B6" n1="%E6%9C%AA%E6%9D%A5%E5%B0%91%E5%B9%B4" n2="%E3%81%8B%E3%82%81%E3%81%98%E3%82%8D%E3%81%86" n3="%6D%73%64%31%31%32%30" dan="17,16,16,17" rate="2151.20,2155.85,2093.45,2222.75" sx="M,F,M,M"/><TAIKYOKU oya="0"/><INIT seed="0,0,0,3,1,48" ten="250,250,250,250" oya="0" hai0="67,130,35,15,24,45,69,116,131,72,101,61,29" hai1="57,31,6,93,106,2,121,46,94,28,118,12,108" hai2="40,88,19,81,23,73,80,112,0,5,126,85,82" hai3="98,68,127,115,54,119,41,77,56,52,58,66,49"/><T128/><D116/><U105/><E118/><V60/><F126/><W8/><G115/><T30/><D72/><U86/><E121/><V113/><F40/><W90/><G77/><T51/><D30/><U27/><E2/><V3/><F73/><W1/><G127/><T120/><D120/><U100/><E108/><V123/><F123/><W39/><G119/><T44/><D15/><U91/><E46/><V122/><F122/><W4/><G39/><T74/><D74/><U110/><E110/><V62/><F112/><W78/><G78/><T38/><D38/><U10/><E31/><V50/><F113/><W135/><G135/><T53/><REACH who="0" step="1"/><D101/><REACH who="0" ten="240,250,250,250" step="2"/><U13/><E13/><V89/><F0/><W71/><G1/><T17/><D17/><U84/><E100/><V109/><F109/><W33/><G4/><T129/><N who="0" m="32768" /><DORA hai="104" /><T70/><D70/><U124/><E124/><V65/><F3/><W11/><G68/><T132/><D132/><U64/><E28/><V83/><F5/><W42/><G71/><T96/><D96/><U92/><E27/><V36/><F36/><W9/><G33/><T76/><D76/><U16/><E6/><V55/><F19/><W114/><G114/><T95/><D95/><U21/><E106/><V25/><F25/><W32/><G32/><T125/><D125/><U133/><E105/><V117/><F117/><W43/><G98/><T107/><D107/><U22/><E133/><V47/><F85/><N who="1" m="32873" /><E91/><V59/><F88/><W103/><G90/><T111/><D111/><U37/><E37/><V20/><N who="2" m="20480" /><DORA hai="63" /><V97/><F89/><RYUUKYOKU ba="0,1" sc="240,15,250,15,250,-15,250,-15" hai0="24,29,35,44,45,51,53,61,67,69" hai1="10,12,16,21,22,57,64,92,93,94" /><INIT seed="0,1,1,1,1,59" ten="255,265,235,235" oya="0" hai0="70,25,38,36,126,97,129,67,0,43,91,112,27" hai1="119,109,107,16,20,92,11,135,13,128,103,100,61" hai2="105,31,6,56,28,47,8,104,19,96,88,41,12" hai3="58,52,114,50,57,37,66,87,93,72,1,17,21"/><T7/><D112/><U134/><E119/><V53/><F104/><W120/><G37/><T111/><D0/><U81/><E107/><V68/><F68/><W94/><G1/><T45/><D7/><U26/><E109/><V115/><F115/><W33/><G33/><T40/><D126/><U80/><E128/><V77/><F77/><W86/><G72/><T76/><D129/><U84/><E80/><V131/><F131/><W133/><G133/><N who="1" m="50698" /><E92/><V130/><F130/><W95/><G120/><T121/><D121/><U118/><E118/><V18/><F105/><W49/><G114/><T78/><D111/><U113/><E113/><V83/><F96/><W127/><G127/><T132/><D132/><U10/><E61/><N who="2" m="35983" /><F31/><W102/><G102/><N who="1" m="38954" /><E26/><V63/><F28/><W75/><G75/><T73/><D73/><U42/><E42/><V65/><F65/><W15/><G50/><T62/><D76/><AGARI ba="1,1" hai="10,11,13,16,20,76,81,84" m="38954,50698" machi="76" ten="30,2000,0" yaku="20,1,54,1" doraHai="59" who="1" fromWho="0" sc="255,-23,265,33,235,0,235,0" /><INIT seed="1,0,0,0,5,78" ten="232,298,235,235" oya="1" hai0="8,84,128,133,17,54,36,91,79,75,11,37,135" hai1="112,18,65,32,87,74,106,5,113,81,77,60,94" hai2="35,66,92,25,80,121,101,26,59,55,64,124,14" hai3="70,58,40,134,23,131,73,57,3,110,4,22,97"/><U12/><E32/><V90/><F121/><W56/><G70/><T15/><D128/><U109/><E5/><V116/><F116/><W103/><G110/><T89/><D75/><U63/><E106/><V111/><F111/><W82/><G134/><N who="0" m="51211" /><D79/><U83/><E94/><V50/><F124/><W49/><G3/><T52/><D89/><U0/><E0/><V67/><F14/><W118/><G4/><T41/><D8/><U44/><E44/><V125/><F125/><W24/><G131/><T20/><D11/><U10/><E109/><V68/><F68/><W129/><G129/><T53/><D41/><U34/><E34/><V126/><F126/><W1/><G1/><T29/><D29/><U33/><E33/><V104/><F35/><W31/><G23/><T107/><D107/><U51/><E51/><V62/><F104/><W117/><G40/><T47/><D47/><U114/><REACH who="1" step="1"/><E65/><REACH who="1" ten="232,288,235,235" step="2"/><V72/><F50/><W69/><G49/><T6/><D6/><U43/><E43/><V2/><F2/><W120/><G118/><T95/><AGARI ba="0,1" hai="15,17,20,36,37,52,53,54,84,91,95" m="51211" machi="95" ten="30,2000,0" yaku="20,1,54,1" doraHai="78" who="0" fromWho="0" sc="232,30,288,-10,235,-5,235,-5" /><INIT seed="2,0,0,5,3,115" ten="262,278,230,230" oya="2" hai0="103,28,56,79,50,63,6,126,36,37,101,122,96" hai1="41,66,106,44,3,90,9,1,78,124,24,109,5" hai2="64,99,35,134,60,108,29,62,129,71,125,46,72" hai3="93,73,25,114,45,133,33,18,47,57,131,77,17"/><V82/><F125/><W104/><G104/><T61/><D122/><U27/><E106/><V11/><F129/><W112/><G133/><T84/><D126/><U105/><E124/><V86/><F134/><W58/><G73/><T88/><D37/><U54/><E105/><V21/><F72/><W94/><G77/><T81/><D36/><U51/><E1/><V10/><F35/><W16/><G33/><T59/><D6/><U92/><E109/><V26/><F108/><W49/><G25/><T100/><D28/><U55/><E78/><V130/><F130/><W15/><G15/><T20/><D20/><U132/><E66/><V97/><F46/><N who="3" m="17419" /><G49/><T67/><D50/><U23/><E132/><V70/><F11/><W39/><G39/><T83/><D96/><U48/><E23/><V68/><F10/><W34/><G34/><T8/><D8/><U76/><E76/><V74/><F74/><W116/><G116/><T22/><D22/><U89/><E89/><V42/><F42/><W14/><G14/><T53/><REACH who="0" step="1"/><D79/><REACH who="0" ten="252,278,230,230" step="2"/><U0/><E0/><V102/><F62/><W12/><G131/><T98/><D98/><U110/><E110/><V95/><REACH who="2" step="1"/><F99/><REACH who="2" ten="252,278,220,230" step="2"/><W87/><G114/><T4/><D4/><U69/><E41/><V30/><F30/><W40/><G112/><T32/><D32/><U118/><E5/><V7/><F7/><W113/><G40/><T117/><D117/><U91/><E118/><V31/><F31/><W128/><G113/><T135/><D135/><U120/><E9/><V85/><F85/><W13/><G87/><T19/><D19/><RYUUKYOKU ba="0,2" sc="252,15,278,-15,220,15,230,-15" hai0="53,56,59,61,63,67,81,83,84,88,100,101,103" hai2="21,26,29,60,64,68,70,71,82,86,95,97,102" /><INIT seed="2,1,2,1,4,75" ten="267,263,235,215" oya="2" hai0="99,50,78,121,14,37,79,19,20,26,29,0,134" hai1="85,101,80,74,82,48,17,76,109,122,34,44,23" hai2="58,135,72,36,32,108,127,45,105,4,91,66,59" hai3="18,13,98,70,120,31,102,24,124,114,107,60,89"/><V10/><F105/><W47/><G120/><T94/><D37/><U68/><E122/><V41/><F32/><W25/><G124/><T38/><D38/><U16/><E109/><V1/><F127/><W57/><G47/><T118/><D121/><U9/><E34/><V81/><F108/><W69/><G89/><T3/><D3/><U5/><E101/><V62/><F135/><W61/><G61/><T21/><D0/><U35/><E23/><V93/><F93/><W110/><G110/><T64/><D118/><U133/><E68/><V83/><F83/><W22/><G24/><T132/><D64/><U49/><E35/><V119/><F119/><W33/><REACH who="3" step="1"/><G114/><REACH who="3" ten="267,263,235,205" step="2"/><T117/><D117/><U30/><E133/><N who="0" m="51305" /><D50/><U6/><E49/><V92/><F59/><W7/><G7/><T28/><D29/><U51/><E30/><V104/><F104/><W112/><G112/><T116/><D116/><U111/><E111/><V115/><F115/><W87/><G87/><T43/><D43/><U63/><E63/><V113/><F113/><W77/><G77/><T40/><D40/><U12/><E5/><V126/><F126/><W54/><AGARI ba="1,3" hai="13,18,22,25,31,33,54,57,60,69,70,98,102,107" machi="54" ten="20,8000,1" yaku="1,1,0,1,7,1,53,2" doraHai="75" doraHaiUra="65" who="3" fromWho="3" sc="267,-21,263,-21,235,-41,205,113" /><INIT seed="3,0,0,3,3,83" ten="246,242,194,318" oya="3" hai0="85,16,82,108,105,97,49,67,134,77,25,20,21" hai1="44,35,59,52,115,93,128,43,17,130,33,120,99" hai2="31,60,39,29,32,24,55,68,80,111,73,84,91" hai3="40,50,23,38,117,133,48,12,1,65,126,78,88"/><W74/><G117/><T131/><D108/><U129/><E120/><V41/><F111/><W6/><G133/><T135/><D131/><U110/><E17/><V112/><F112/><W104/><G104/><T92/><D105/><U56/><E56/><V61/><F31/><W121/><G65/><T30/><D67/><U18/><E18/><V27/><F27/><W87/><G126/><T125/><D49/><U58/><E58/><V103/><F103/><W109/><G121/><T64/><D64/><U14/><E14/><V51/><F68/><W70/><G70/><T118/><D125/><U26/><E26/><V3/><F3/><W86/><G86/><T116/><D134/><U101/><E115/><V42/><F73/><W71/><G71/><T122/><D135/><U106/><E106/><V102/><F102/><W11/><G23/><T13/><REACH who="0" step="1"/><D122/><REACH who="0" ten="236,242,194,318" step="2"/><U10/><E110/><V114/><F114/><W96/><G109/><T34/><D34/><U76/><E35/><V95/><F39/><W66/><G66/><T94/><D94/><U119/><E33/><V19/><F61/><W132/><G50/><T127/><D127/><U98/><E93/><V7/><F60/><W90/><G48/><T62/><D62/><U28/><E128/><V124/><F124/><W53/><G38/><T63/><D63/><U8/><E129/><V9/><F95/><W4/><G132/><T54/><D54/><U22/><E52/><V107/><F107/><W0/><G53/><T47/><D47/><U69/><E44/><N who="2" m="28135" /><F7/><W57/><G6/><T100/><AGARI ba="0,1" hai="13,16,20,21,25,30,77,82,85,92,97,100,116,118" machi="100" ten="20,12000,2" yaku="1,1,0,1,7,1,52,1,54,1,53,1" doraHai="83" doraHaiUra="72" who="0" fromWho="0" sc="236,130,242,-30,194,-30,318,-60" /><INIT seed="4,0,0,4,3,102" ten="366,212,164,258" oya="0" hai0="76,94,88,132,98,118,135,37,61,117,31,93,90" hai1="86,89,101,82,119,67,112,57,127,50,72,40,113" hai2="107,77,73,33,62,15,16,69,47,46,13,95,2" hai3="23,125,6,8,9,126,60,7,85,130,52,123,30"/><T43/><D37/><U74/><E119/><V65/><F2/><W96/><G130/><T41/><D31/><U120/><E120/><V83/><F33/><W106/><G123/><T71/><D76/><U5/><E127/><N who="3" m="48650" /><G85/><T21/><D21/><U56/><E5/><N who="3" m="1546" /><G30/><T84/><D71/><U104/><E40/><N who="0" m="15433" /><D61/><N who="1" m="38319" /><E50/><V68/><F68/><W26/><G96/><T100/><D90/><U18/><E56/><V122/><F122/><W128/><G106/><T39/><D39/><U78/><E18/><V0/><F0/><W87/><G87/><T48/><D48/><U75/><E78/><V111/><F111/><W34/><G34/><T20/><D20/><U99/><E99/><V59/><F107/><W108/><G108/><T105/><D94/><U80/><E104/><V134/><F95/><W124/><G128/><T121/><D121/><U53/><E82/><V32/><F32/><W12/><G12/><T91/><D91/><U103/><E101/><V64/><F13/><W3/><G3/><T114/><D114/><N who="1" m="44139" /><E103/><V17/><F15/><W10/><G124/><T79/><D79/><U29/><E29/><V27/><F27/><W129/><G129/><T4/><D4/><U44/><E44/><V97/><F47/><W81/><G81/><T66/><D66/><U35/><E35/><V115/><F46/><W36/><G36/><T58/><D58/><U54/><AGARI ba="0,0" hai="53,54,72,74,75,80,86,89" m="44139,38319" machi="54" ten="40,2700,0" yaku="15,1,11,1" doraHai="102" who="1" fromWho="1" sc="366,-13,212,27,164,-7,258,-7" /><INIT seed="5,0,0,0,0,87" ten="353,239,157,251" oya="1" hai0="1,48,20,119,27,30,85,55,23,35,10,42,127" hai1="46,69,132,83,128,99,101,72,100,25,117,52,75" hai2="22,82,43,104,121,36,95,81,84,5,86,51,88" hai3="54,94,114,92,105,17,2,13,9,49,67,107,8"/><U19/><E117/><V34/><F34/><W60/><G114/><T24/><D119/><U50/><E69/><V115/><F121/><W118/><G118/><T0/><D42/><U109/><E128/><V103/><F115/><W4/><G105/><T113/><D113/><U14/><E132/><V111/><F111/><W123/><G107/><T122/><D127/><U59/><E109/><V56/><F36/><W124/><G124/><T135/><D135/><U125/><E125/><V110/><F110/><W39/><G39/><T29/><D35/><U71/><E71/><V129/><F129/><W130/><G130/><T47/><D122/><U98/><E25/><V62/><F5/><W40/><G40/><T80/><REACH who="0" step="1"/><D10/><REACH who="0" ten="343,239,157,251" step="2"/><N who="1" m="6615" /><E72/><V7/><F22/><W134/><G134/><T21/><D21/><U70/><E75/><V26/><F26/><W33/><G33/><T11/><D11/><U90/><E70/><V76/><F7/><W31/><G123/><T61/><D61/><U53/><E101/><V91/><F43/><W79/><G9/><T38/><D38/><U93/><E100/><V45/><F103/><W28/><G8/><T102/><D102/><U44/><E50/><V68/><F104/><W108/><G49/><T66/><D66/><U106/><E106/><V78/><F68/><W15/><G4/><T131/><D131/><U57/><E53/><N who="2" m="29935" /><F95/><W18/><G94/><T32/><D32/><U12/><E52/><AGARI ba="0,1" hai="52,56,62,76,78,81,82,84,86,88,91" m="29935" machi="52" ten="30,8000,1" yaku="8,1,52,2,54,2" doraHai="87" who="2" fromWho="1" sc="343,0,239,-80,157,90,251,0" /><INIT seed="6,0,0,4,3,79" ten="343,159,247,251" oya="2" hai0="72,61,81,98,102,70,104,38,100,85,44,57,66" hai1="42,47,123,87,86,29,117,4,43,120,14,92,71" hai2="55,51,67,36,133,12,52,84,17,0,1,33,83" hai3="31,109,114,126,23,13,8,10,122,131,63,113,30"/><V121/><F121/><W46/><G122/><N who="1" m="46634" /><E117/><V91/><F36/><W119/><G119/><T95/><D70/><U97/><E71/><V77/><F33/><W45/><G109/><T16/><D72/><U37/><E42/><V34/><F34/><W68/><G131/><T24/><D38/><U89/><E29/><V80/><F67/><W103/><G103/><N who="0" m="60895" /><D104/><U19/><E4/><V26/><F26/><W5/><G126/><T7/><D7/><U105/><E105/><V115/><F133/><W69/><G23/><AGARI ba="0,0" hai="14,19,23,37,43,47,86,87,89,92,97" m="46634" machi="23" ten="30,1000,0" yaku="13,1" doraHai="79" who="1" fromWho="3" sc="343,0,159,10,247,0,251,-10" /><INIT seed="7,0,0,4,0,111" ten="343,169,247,241" oya="3" hai0="32,82,42,133,102,94,117,9,76,53,44,18,126" hai1="56,120,58,74,75,100,47,24,7,46,109,127,110" hai2="113,116,123,2,10,40,108,11,65,48,38,22,31" hai3="134,3,15,21,128,36,104,64,121,67,84,1,55"/><W29/><G121/><T132/><D117/><U119/><E120/><V91/><F108/><W19/><G104/><T81/><D32/><U88/><E119/><V62/><F123/><W93/><G36/><T63/><D126/><U98/><E127/><V5/><F116/><W105/><G105/><T87/><D81/><U12/><E24/><V33/><F33/><W85/><G134/><N who="0" m="51819" /><D63/><U57/><E100/><V20/><F38/><W107/><G128/><T125/><D53/><U112/><E112/><V68/><F113/><W124/><G107/><T131/><D125/><U90/><E58/><V95/><F31/><W23/><G1/><T97/><D18/><U92/><E12/><V25/><F11/><W115/><G3/><T78/><D9/><U17/><E17/><V30/><F22/><W0/><G0/><T101/><D101/><U39/><E39/><V8/><F8/><W130/><G124/><T79/><D131/><U69/><E92/><V80/><F80/><W52/><G115/><T86/><D82/><U122/><E122/><V50/><F40/><W45/><G130/><T118/><D118/><U49/><E49/><AGARI ba="0,0" hai="42,44,49,76,78,79,86,87,94,97,102" m="51819" machi="49" ten="30,1000,0" yaku="20,1" doraHai="111" who="0" fromWho="1" sc="343,10,169,-10,247,0,241,0" owari="353,45.3,159,-34.1,247,4.7,241,-15.9" /></mjloggm>