<mjloggm ver="2.3"><GO type="169" lobby="0"/><UN n0="%E7%95%B3%E9%87%8E" n1="%E4%BB%99%E5%A2%83%E5%B0%BE%E7%80%AC%E6%B2%BC%E8%8A%B1%E3%81%AE%E5%8E%9F" n2="%E8%B2%A1%E5%89%8D%E5%8F%88%E4%B8%80" n3="%E3%81%B1%E3%83%BC%E3%81%9B%E3%82%93%E3%81%A8%E4%BE%8D" dan="16,16,17,18" rate="2183.19,2012.23,2189.00,2193.03" sx="F,F,M,M"/><TAIKYOKU oya="0"/><INIT seed="0,0,0,0,4,46" ten="250,250,250,250" oya="0" hai0="0,70,59,121,41,22,108,85,96,38,5,122,128" hai1="120,50,19,2,1,53,37,95,78,56,80,130,83" hai2="87,68,75,110,126,112,55,61,44,35,15,100,91" hai3="66,101,16,42,127,14,23,93,26,92,103,65,17"/><T13/><D70/><U123/><E37/><V39/><F75/><W125/><G42/><T135/><D0/><U12/><E130/><V115/><F35/><W36/><G36/><T45/><D128/><U54/><E1/><V25/><F25/><W29/><G29/><T71/><D71/><U98/><E2/><V8/><F100/><W11/><G103/><T118/><D118/><U24/><E24/><V90/><F90/><W57/><G57/><T79/><D135/><U10/><E83/><V21/><F21/><W40/><G40/><T32/><D32/><U88/><REACH who="1" step="1"/><E53/><REACH who="1" ten="250,240,250,250" step="2"/><V7/><F55/><W9/><G26/><T86/><D38/><U47/><E47/><V33/><F44/><W6/><G14/><T89/><D45/><U113/><E113/><V76/><F15/><W81/><G81/><T129/><D13/><U27/><E27/><V117/><F115/><W107/><G127/><T20/><D129/><U82/><E82/><V64/><F126/><W133/><G125/><T109/><D41/><U69/><E69/><V18/><F68/><W102/><G133/><T67/><D121/><U63/><E63/><V48/><F61/><W97/><G66/><T131/><D122/><U52/><E52/><V134/><F64/><W58/><G65/><T94/><D67/><U99/><E99/><V4/><F112/><W119/><G97/><T116/><D131/><U73/><AGARI ba="0,1" hai="10,12,19,50,54,56,73,78,80,88,95,98,120,123" machi="73" ten="20,12000,2" yaku="1,1,0,1,7,1,52,1,54,1,53,1" doraHai="46" doraHaiUra="72" who="1" fromWho="1" sc="250,-60,240,130,250,-30,250,-30" /><INIT seed="1,0,0,2,3,63" ten="190,370,220,220" oya="1" hai0="24,48,54,93,32,95,109,59,58,16,74,124,86" hai1="2,98,81,91,131,129,43,3,53,102,42,115,125" hai2="68,135,20,4,61,92,14,19,117,30,35,101,108" hai3="69,132,87,21,67,56,73,122,12,52,11,27,110"/><U75/><E115/><V116/><F108/><W9/><G122/><T111/><D74/><U118/><E118/><V99/><F135/><W79/><G110/><N who="0" m="41995" /><D124/><U60/><E125/><V49/><F4/><W97/><G73/><T44/><D32/><U71/><E42/><V66/><REACH who="2" step="1"/><F49/><REACH who="2" ten="190,370,210,220" step="2"/><W36/><G132/><T50/><D50/><U13/><E131/><V29/><F29/><W123/><G123/><T105/><D48/><U25/><E129/><V0/><F0/><W15/><G36/><T94/><D16/><U70/><E2/><V40/><F40/><W104/><G11/><T114/><D114/><U134/><E3/><V17/><F17/><W37/><G9/><T77/><D44/><U1/><E1/><V38/><F38/><W23/><G37/><T119/><D119/><U47/><E47/><V96/><F96/><W65/><G97/><T80/><D59/><U90/><E98/><V76/><F76/><W33/><G79/><T84/><D58/><U82/><E43/><V113/><F113/><W121/><G56/><T100/><D77/><U83/><E134/><V127/><F127/><W34/><G121/><T5/><D5/><U46/><E46/><V103/><F103/><W120/><G120/><T10/><D100/><U41/><E41/><V62/><F62/><W7/><G7/><T88/><D10/><U26/><E60/><V126/><F126/><W39/><G39/><T85/><D88/><U130/><E91/><V55/><F55/><W64/><G52/><T28/><D54/><U18/><E90/><V112/><F112/><W6/><G6/><RYUUKYOKU ba="0,1" sc="190,-10,370,-10,210,30,220,-10" hai2="14,19,20,30,35,61,66,68,92,99,101,116,117" /><INIT seed="2,1,1,3,0,11" ten="180,360,240,210" oya="2" hai0="24,46,55,40,19,108,8,58,16,103,71,89,29" hai1="57,53,135,109,95,50,130,36,114,127,43,45,125" hai2="115,61,85,104,28,13,2,7,105,117,15,64,128" hai3="54,76,82,62,33,99,131,42,69,10,35,5,63"/><V73/><F115/><W113/><G131/><T12/><D71/><U60/><E95/><V4/><F117/><W22/><G113/><T41/><D108/><U44/><E114/><V91/><F73/><W116/><G116/><T70/><D70/><U133/><E109/><V21/><F105/><W118/><G118/><T49/><D103/><U68/><E130/><V88/><F104/><W112/><G42/><T3/><D3/><U31/><E31/><V52/><F64/><W32/><G69/><T97/><D19/><U66/><REACH who="1" step="1"/><E44/><REACH who="1" ten="180,350,240,210" step="2"/><V59/><F128/><W26/><G112/><T81/><D46/><U27/><E27/><N who="2" m="16495" /><F2/><W93/><G93/><T84/><REACH who="0" step="1"/><D97/><REACH who="0" ten="170,350,240,210" step="2"/><U94/><E94/><N who="2" m="54543" /><F91/><W18/><G99/><T126/><D126/><AGARI ba="1,3" hai="36,43,45,50,53,57,60,66,68,125,126,127,133,135" machi="126" ten="40,12000,2" yaku="1,1,24,2,18,1,34,3,53,0" doraHai="11" doraHaiUra="25" who="1" fromWho="0" sc="170,-123,350,153,240,0,210,0" /><INIT seed="3,0,0,2,3,101" ten="47,503,240,210" oya="3" hai0="14,129,45,120,69,130,91,114,83,59,100,11,94" hai1="6,135,132,51,96,75,66,16,21,1,89,105,98" hai2="24,10,63,103,37,28,47,113,78,133,17,52,50" hai3="116,2,104,35,46,95,73,88,57,62,85,81,13"/><W0/><G116/><T124/><D69/><U18/><E75/><V80/><F113/><W111/><G35/><T99/><D120/><U34/><E34/><V5/><F103/><W44/><G104/><T72/><D114/><U7/><E66/><V76/><F133/><W115/><G115/><T15/><D124/><U102/><E18/><V90/><F17/><W107/><G107/><T42/><D59/><U122/><E122/><V79/><F63/><W125/><G125/><T20/><D20/><U49/><E49/><V127/><F90/><W41/><G13/><T4/><D14/><U126/><E126/><V54/><F54/><W3/><G111/><T92/><D83/><U33/><E33/><V97/><F97/><W55/><REACH who="3" step="1"/><G41/><REACH who="3" ten="47,503,240,200" step="2"/><T67/><D129/><U36/><E105/><V82/><F127/><W74/><G74/><T56/><D130/><U8/><E135/><V53/><F53/><W134/><G134/><T70/><D72/><U84/><E132/><V43/><F43/><W77/><AGARI ba="0,1" hai="0,2,3,44,46,55,57,62,73,77,81,85,88,95" machi="77" ten="40,7800,0" yaku="1,1,0,1,54,1,53,0" doraHai="101" doraHaiUra="60" who="3" fromWho="3" sc="47,-26,503,-26,240,-26,200,88" /><INIT seed="3,1,0,2,0,44" ten="21,477,214,288" oya="3" hai0="120,38,71,41,88,98,53,104,70,102,131,126,81" hai1="93,89,134,20,86,108,79,112,113,22,52,115,101" hai2="3,9,123,17,107,109,97,106,58,110,51,54,49" hai3="100,114,11,91,130,75,43,118,5,72,121,39,60"/><W14/><G121/><T28/><D120/><U15/><E108/><N who="2" m="41579" /><F123/><W24/><G114/><T30/><D131/><U42/><E42/><V0/><F17/><W132/><G118/><T129/><D129/><U73/><E134/><V135/><F135/><W76/><G132/><T69/><D126/><U31/><E31/><V7/><F3/><W65/><G76/><T29/><D53/><U40/><E40/><V26/><F26/><W95/><G100/><T66/><D66/><U78/><E101/><N who="2" m="62767" /><F107/><W117/><G117/><T4/><D4/><U8/><E20/><V2/><F2/><W77/><G77/><T99/><D99/><U94/><E22/><V59/><F59/><W37/><G24/><T68/><N who="0" m="17408" /><DORA hai="62" /><T34/><D34/><U1/><E1/><V12/><F12/><W116/><G116/><T25/><D25/><U125/><E15/><V124/><F124/><W85/><G130/><T50/><D38/><U64/><E125/><V87/><F87/><W67/><G60/><AGARI ba="1,0" hai="0,7,9,49,51,54,58,60" m="62767,41579" machi="60" ten="30,3900,0" yaku="14,1,52,2" doraHai="44,62" who="2" fromWho="3" sc="21,0,477,0,214,42,288,-42" /><INIT seed="4,0,0,1,3,97" ten="21,477,256,246" oya="0" hai0="25,102,122,4,40,101,114,19,36,83,132,46,2" hai1="27,90,106,21,120,30,134,37,121,117,15,71,93" hai2="57,41,3,10,89,111,68,0,128,87,45,86,85" hai3="124,74,76,127,125,47,51,43,65,20,50,62,70"/><T103/><D122/><U42/><E117/><V92/><F111/><W39/><REACH who="3" step="1"/><G20/><REACH who="3" ten="21,477,256,236" step="2"/><T118/><D118/><U107/><E21/><V33/><F33/><W88/><G88/><T63/><D114/><U126/><E90/><V67/><F89/><W98/><G98/><T91/><D132/><U133/><E134/><V112/><F112/><W131/><G131/><T38/><D63/><U75/><E133/><V7/><F128/><W81/><AGARI ba="0,1" hai="39,43,47,50,51,62,65,70,74,76,81,124,125,127" machi="81" ten="40,8000,1" yaku="21,2,0,1,18,1,53,0" doraHai="97" doraHaiUra="24" who="3" fromWho="3" sc="21,-40,477,-20,256,-20,236,90" owari="-19,-51.9,457,55.7,236,-16.4,326,12.6" /></mjloggm>