<mjloggm ver="2.3"><GO type="169" lobby="0"/><UN n0="%E3%82%A8%E3%82%B0%E3%83%81%E3%80%81" n1="%E3%81%BF%E3%82%84%E3%81%AF%E3%82%89" n2="%E8%B1%A1" n3="%E3%81%8B%E3%81%B6%E8%8C%B6" dan="16,16,16,17" rate="2149.82,2063.63,2149.41,2138.31" sx="M,M,M,M"/><TAIKYOKU oya="0"/><INIT seed="0,0,0,5,2,46" ten="250,250,250,250" oya="0" hai0="3,19,130,100,30,120,56,114,133,49,68,87,2" hai1="57,5,126,1,15,22,4,60,134,31,119,51,32" hai2="11,97,27,108,35,79,52,89,37,14,29,72,92" hai3="75,90,76,122,82,71,116,96,115,99,44,28,12"/><T132/><D114/><U9/><E119/><V107/><F108/><W0/><G0/><T70/><D120/><U43/><E126/><V33/><F37/><W45/><G71/><N who="0" m="27179" /><D30/><U124/><E134/><N who="0" m="51817" /><D130/><U117/><E117/><V131/><F107/><W91/><G28/><T118/><D100/><U20/><E124/><V58/><F131/><W17/><G116/><T127/><D127/><U77/><E77/><V81/><F27/><W69/><G69/><T16/><D87/><U85/><E85/><V39/><F39/><W105/><G115/><T80/><D80/><U62/><E5/><V88/><F89/><W34/><G34/><T42/><D118/><U121/><E121/><V113/><F29/><W123/><G123/><T110/><D110/><U106/><E106/><V65/><F65/><W40/><G122/><T10/><D10/><U109/><E109/><V18/><REACH who="2" step="1"/><F113/><REACH who="2" ten="250,250,240,250" step="2"/><W86/><G105/><T93/><D93/><U24/><E31/><V94/><F94/><W7/><G90/><T78/><D78/><U55/><E24/><V54/><F54/><W103/><G91/><T101/><D101/><U111/><E55/><V67/><F67/><W104/><G103/><T21/><D42/><U66/><E43/><V83/><F83/><W98/><G104/><T13/><D19/><U102/><E102/><V23/><F23/><N who="3" m="11687" /><G40/><T128/><D128/><U74/><E111/><V112/><F112/><W63/><G76/><T8/><D21/><U53/><E20/><V41/><F41/><W47/><G82/><T36/><D36/><U25/><E22/><V129/><F129/><RYUUKYOKU ba="0,1" sc="250,15,250,-15,240,15,250,-15" hai0="2,3,8,13,16,49,56" hai2="11,14,18,33,35,52,58,72,79,81,88,92,97" /><INIT seed="0,1,1,5,4,117" ten="265,235,255,235" oya="0" hai0="50,116,74,125,28,119,135,75,47,110,114,10,52" hai1="68,66,14,55,56,118,103,131,67,87,9,12,64" hai2="24,4,106,0,85,91,133,122,69,104,8,79,34" hai3="48,107,37,105,81,92,102,13,42,73,90,65,86"/><T124/><D114/><U129/><E118/><N who="0" m="45097" /><D135/><U78/><E103/><V84/><F133/><W22/><G37/><T115/><D115/><U33/><E33/><V99/><F69/><W31/><G65/><T82/><D82/><N who="1" m="47575" /><E68/><V3/><F3/><W45/><G31/><T18/><D28/><U109/><E109/><V98/><F34/><W21/><G107/><T11/><D110/><U101/><E101/><V51/><F79/><N who="3" m="44271" /><G13/><N who="0" m="7479" /><D11/><U30/><E30/><V44/><F24/><W32/><G32/><T43/><D43/><U70/><E70/><V61/><F104/><W7/><G7/><T1/><D1/><U20/><E20/><V26/><F26/><W57/><G57/><T108/><D108/><U72/><E72/><V127/><F106/><W80/><G80/><T71/><D71/><U111/><E9/><V96/><F61/><W59/><G59/><T36/><D36/><U94/><E94/><V53/><F85/><W23/><G22/><T19/><D19/><U126/><E111/><V41/><F41/><W5/><G5/><T16/><D16/><U46/><E12/><V97/><N who="2" m="24576" /><DORA hai="29" /><V89/><F84/><W100/><G21/><T54/><D54/><U120/><E14/><V113/><F113/><W130/><G23/><T6/><D6/><U39/><E55/><V27/><F27/><W123/><G42/><T49/><D49/><U121/><E39/><V132/><F132/><W128/><G48/><T112/><D112/><U76/><E67/><V63/><F51/><W58/><G102/><T62/><D62/><U77/><E66/><V134/><F134/><RYUUKYOKU ba="1,1" sc="265,30,235,-10,255,-10,235,-10" hai0="47,50,52,74,75,124,125" /><INIT seed="0,2,1,1,2,14" ten="295,225,245,225" oya="0" hai0="129,84,22,100,98,15,8,59,109,23,44,69,124" hai1="7,32,33,18,2,90,130,25,85,135,127,97,116" hai2="134,83,21,31,55,95,47,89,115,50,113,19,42" hai3="62,5,26,120,40,56,99,37,36,82,46,48,73"/><T88/><D69/><U77/><E116/><V86/><F134/><W60/><G120/><T54/><D124/><U81/><E135/><V111/><F111/><W87/><G73/><T13/><D129/><U11/><E130/><V66/><F66/><W101/><G26/><T104/><D44/><U114/><E127/><V38/><F31/><W24/><G5/><T79/><D79/><U34/><E114/><V125/><F125/><W17/><G37/><T72/><D72/><U49/><E49/><V27/><REACH who="2" step="1"/><F83/><REACH who="2" ten="295,225,235,225" step="2"/><W110/><G82/><T76/><D109/><U74/><E34/><V112/><F112/><W118/><G110/><T93/><D76/><U35/><E35/><V1/><F1/><W133/><G133/><T121/><D121/><U29/><E33/><V92/><F92/><W80/><G80/><N who="0" m="49159" /><D104/><U45/><E32/><V61/><F61/><W102/><G62/><N who="0" m="36215" /><D15/><U57/><E2/><V123/><F123/><W91/><G60/><T3/><D3/><U30/><E29/><V64/><F64/><W12/><G12/><T63/><D63/><U75/><E30/><V94/><F94/><W103/><G118/><T68/><D68/><U10/><E81/><V51/><F51/><W107/><G48/><T16/><AGARI ba="2,2" hai="8,13,16,22,23,93,98,100" m="36215,49159" machi="16" ten="30,11700,0" yaku="8,1,52,1,54,2" doraHai="14" who="0" fromWho="0" sc="295,143,225,-41,235,-41,225,-41" /><INIT seed="0,3,0,3,5,29" ten="438,184,194,184" oya="0" hai0="26,102,21,64,60,119,109,81,93,108,10,49,48" hai1="110,46,121,85,58,16,100,72,133,74,83,59,117" hai2="122,47,38,92,6,94,56,25,96,131,62,35,77" hai3="124,99,88,134,68,69,132,123,66,80,14,89,39"/><T37/><D37/><U101/><E117/><V79/><F122/><W97/><G39/><T95/><D119/><U7/><E121/><V45/><F131/><W19/><G123/><T103/><D81/><U82/><E110/><N who="0" m="42601" /><D10/><U30/><E7/><V120/><F6/><W126/><G80/><T33/><D33/><U31/><E82/><V34/><F25/><W115/><G14/><T2/><D2/><U43/><E133/><N who="3" m="51306" /><G19/><N who="0" m="12607" /><D95/><U12/><E74/><V111/><F38/><W18/><G18/><T114/><D93/><U36/><E72/><V70/><F120/><W0/><G66/><T50/><D114/><U41/><E41/><V67/><F111/><W106/><G0/><T1/><D1/><U9/><E31/><V87/><F70/><AGARI ba="3,0" hai="48,49,50,60,64,70,102,103" m="12607,42601" machi="70" ten="30,2900,0" yaku="14,1,10,1" doraHai="29" who="0" fromWho="2" sc="438,38,184,0,194,-38,184,0" /><INIT seed="0,4,0,2,3,36" ten="476,184,156,184" oya="0" hai0="12,129,81,6,21,99,132,15,55,121,74,39,111" hai1="80,49,131,60,50,102,35,54,117,47,90,118,46" hai2="78,45,106,68,123,17,16,126,128,22,66,96,127" hai3="56,4,115,9,7,76,122,119,95,77,64,101,110"/><T14/><D121/><U107/><E131/><V70/><F123/><W114/><G119/><T5/><D39/><U92/><E35/><V103/><F128/><W32/><G122/><T125/><D129/><U51/><E107/><V29/><F78/><W134/><G32/><T105/><D125/><N who="2" m="47626" /><F66/><W133/><G110/><T97/><D132/><N who="3" m="50793" /><G64/><T69/><D69/><N who="2" m="26730" /><F45/><W61/><G76/><T48/><D105/><U58/><E102/><V27/><AGARI ba="4,0" hai="16,17,22,27,29,96,103,106" m="26730,47626" machi="27" ten="40,2700,0" yaku="18,1,54,1" doraHai="36" who="2" fromWho="2" sc="476,-17,184,-11,156,39,184,-11" /><INIT seed="1,0,0,0,1,132" ten="459,173,195,173" oya="1" hai0="109,116,110,7,32,125,118,70,123,99,115,20,112" hai1="50,95,82,22,60,81,131,6,73,26,56,94,30" hai2="42,16,87,37,2,34,17,124,64,52,5,119,18" hai3="106,135,33,27,9,89,117,54,29,65,76,105,129"/><U96/><E131/><V108/><F119/><N who="0" m="45610" /><D70/><U104/><E6/><V39/><F108/><N who="0" m="41578" /><D99/><U4/><E4/><V102/><F34/><W98/><G117/><T100/><D100/><U74/><E95/><V67/><F102/><W121/><G121/><T44/><D44/><U69/><E69/><V11/><F124/><W114/><G114/><N who="0" m="43563" /><D125/><U72/><E104/><V14/><F2/><W59/><G59/><T1/><D32/><U88/><REACH who="1" step="1"/><E50/><REACH who="1" ten="459,163,195,173" step="2"/><V62/><F39/><W103/><G105/><T120/><D20/><U43/><E43/><V93/><F42/><W61/><G106/><T8/><AGARI ba="0,1" hai="1,7,8,120,123" m="43563,41578,45610" machi="8" ten="40,32000,5" yakuman="50" doraHai="132" who="0" fromWho="0" sc="459,330,163,-160,195,-80,173,-80" /><INIT seed="2,0,0,3,5,104" ten="789,3,115,93" oya="2" hai0="71,105,117,47,126,81,121,90,34,40,6,25,5" hai1="77,82,96,112,80,42,14,128,30,37,65,129,4" hai2="101,48,99,122,36,73,13,45,125,17,28,16,115" hai3="131,49,56,84,97,43,31,127,8,74,134,107,106"/><V7/><F115/><W44/><G74/><T124/><D121/><U59/><E112/><V26/><F122/><W27/><G131/><N who="1" m="50250" /><E30/><V58/><F36/><W55/><G127/><N who="0" m="48683" /><D71/><U9/><E96/><V120/><F73/><W52/><G134/><T29/><D105/><U32/><E32/><V78/><F78/><W111/><G111/><T18/><D18/><U20/><E20/><V94/><F58/><W89/><G8/><T85/><D117/><U69/><E69/><V88/><F125/><W50/><G97/><T46/><D46/><N who="1" m="23887" /><E77/><V119/><F119/><W24/><G43/><T92/><D92/><U72/><E72/><V113/><F113/><W79/><G79/><T135/><D135/><U21/><E21/><N who="2" m="15439" /><F101/><W75/><G75/><T102/><D102/><U66/><E66/><V63/><F120/><W86/><G24/><T95/><D95/><U12/><E14/><V3/><F3/><W68/><G84/><T83/><D83/><U64/><E64/><V91/><F91/><W15/><G15/><T110/><D110/><U130/><N who="1" m="50258" /><U41/><DORA hai="57" /><E41/><N who="2" m="24623" /><F7/><W51/><G68/><T109/><D109/><U54/><E65/><V61/><F17/><W114/><G114/><T132/><D132/><U10/><E9/><AGARI ba="0,0" hai="9,13,16,61,63,88,94,99" m="24623,15439" machi="9" ten="30,12000,1" yaku="8,1,52,2,54,2" doraHai="104,57" who="2" fromWho="1" sc="789,0,3,-120,115,120,93,0" owari="789,88.9,-117,-61.7,235,3.5,93,-30.7" /></mjloggm>