<mjloggm ver="2.3"><GO type="169" lobby="0"/><UN n0="%E7%8C%AA%E7%8B%A9%E5%AE%88" n1="%E3%81%BE%E3%82%8B%E3%81%A8%E3%83%BC" n2="%E6%AE%8B%E9%85%B7%E3%81%AA%E5%A4%A9%E4%BD%BF%E3%83%8F%E3%83%9E%E3%83%BC" n3="%E4%BA%BA%E7%8B%BC" dan="17,16,16,16" rate="2174.03,2062.20,2117.48,2046.74" sx="M,M,M,M"/><TAIKYOKU oya="0"/><INIT seed="0,0,0,5,5,0" ten="250,250,250,250" oya="0" hai0="15,40,45,76,20,104,70,80,97,109,13,14,54" hai1="132,116,74,12,131,91,100,123,4,90,126,52,85" hai2="64,8,81,86,9,37,6,36,63,79,122,129,39" hai3="31,92,125,128,110,115,78,16,94,83,47,34,21"/><T114/><D114/><U89/><E123/><V84/><F122/><W106/><G115/><T72/><D70/><U134/><E116/><V46/><F129/><W11/><G110/><T121/><D121/><U44/><E74/><V43/><F86/><W22/><G128/><T75/><D109/><U98/><E131/><V58/><REACH who="2" step="1"/><F9/><REACH who="2" ten="250,250,240,250" step="2"/><W119/><G11/><T133/><D75/><U41/><E85/><V67/><F67/><W68/><G119/><T24/><D133/><U108/><E132/><V19/><F19/><W33/><G16/><T56/><D97/><U38/><E134/><V25/><F25/><W55/><G33/><T69/><D69/><U42/><E108/><V57/><F57/><W88/><G34/><T59/><D59/><U27/><E27/><V111/><F111/><W2/><G22/><T23/><D24/><U18/><E18/><V35/><F35/><W17/><G21/><T82/><D23/><U107/><E98/><V73/><F73/><W77/><G17/><T95/><D20/><U26/><E26/><V135/><F135/><W96/><G96/><T99/><D104/><U130/><E107/><V101/><F101/><W7/><G106/><T5/><D99/><U113/><E100/><V32/><F32/><W1/><G68/><T93/><D72/><U120/><E130/><V66/><F66/><W102/><G102/><T124/><D56/><U87/><E120/><V103/><F103/><W61/><G31/><T65/><D65/><U50/><E87/><V62/><F62/><W127/><G61/><T71/><D71/><U49/><E113/><RYUUKYOKU ba="0,1" sc="250,-10,250,-10,240,30,250,-10" hai2="6,8,36,37,39,43,46,58,63,64,79,81,84" /><INIT seed="1,1,1,3,1,120" ten="240,240,270,240" oya="1" hai0="4,64,81,3,43,73,85,83,10,86,126,40,68" hai1="30,89,87,80,18,121,2,17,90,110,109,113,24" hai2="82,125,26,107,56,39,1,35,103,55,93,57,114" hai3="42,135,91,60,45,98,15,61,34,102,124,67,66"/><U11/><E121/><V12/><F1/><W49/><G124/><T7/><D126/><U74/><E113/><V134/><F125/><W94/><G135/><T69/><D64/><U16/><E74/><V92/><F114/><W101/><G34/><T22/><D73/><U112/><E112/><V79/><F39/><W53/><G15/><T71/><D22/><U76/><E2/><V59/><F134/><W97/><G42/><T115/><D115/><U130/><E11/><V27/><F107/><W32/><G32/><T70/><N who="0" m="17408" /><DORA hai="105" /><T37/><D37/><U58/><E130/><V38/><F38/><W96/><G66/><T132/><D132/><U128/><E128/><V28/><F12/><W21/><G21/><T0/><D0/><U41/><E41/><V44/><F103/><W29/><G29/><T31/><D31/><U47/><E47/><V100/><F100/><N who="3" m="38507" /><G67/><T104/><D7/><U84/><E58/><V127/><F26/><W14/><G14/><T108/><D108/><N who="1" m="41579" /><E84/><AGARI ba="1,1" hai="45,49,53,60,61,84,91,94,96,97,98" m="38507" machi="84" ten="30,1000,0" yaku="8,1" doraHai="120,105" who="3" fromWho="1" sc="240,0,240,-13,270,0,240,23" /><INIT seed="2,0,0,0,5,25" ten="240,227,270,263" oya="2" hai0="72,127,20,48,65,59,32,64,103,2,109,81,21" hai1="133,101,31,40,51,7,53,60,19,1,3,100,16" hai2="124,113,115,13,66,132,36,96,84,35,63,33,45" hai3="29,11,120,114,50,0,15,95,38,44,68,22,58"/><V117/><F117/><W75/><G120/><T85/><D109/><U92/><E133/><V70/><F132/><W4/><G75/><T91/><D127/><U9/><E1/><V102/><F124/><W61/><G114/><T125/><D125/><U54/><E40/><V111/><F111/><W55/><G95/><T17/><D2/><U106/><E106/><N who="2" m="63815" /><F84/><W57/><G57/><T42/><D32/><N who="2" m="12362" /><F13/><W73/><G73/><T71/><D72/><U39/><E39/><V78/><F78/><W46/><G0/><T52/><D103/><U93/><E60/><V5/><F5/><W62/><G62/><T28/><D71/><U135/><E135/><V47/><F47/><W87/><G87/><T97/><D42/><AGARI ba="0,0" hai="36,42,45,63,66,70,113,115" m="12362,63815" machi="42" ten="30,1500,0" yaku="23,1" doraHai="25" who="2" fromWho="0" sc="240,-15,227,0,270,15,263,0" /><INIT seed="2,1,0,0,3,42" ten="225,227,285,263" oya="2" hai0="23,134,130,39,132,115,133,43,89,94,15,90,88" hai1="26,21,49,123,31,79,87,116,126,129,131,104,36" hai2="40,101,135,118,68,32,109,38,10,127,75,108,81" hai3="60,82,44,22,24,124,16,64,18,102,45,70,56"/><V128/><RYUUKYOKU type="yao9" ba="1,0" sc="225,0,227,0,285,0,263,0" hai2="10,32,38,40,68,75,81,101,108,109,118,127,128,135" /><INIT seed="2,2,0,3,4,78" ten="225,227,285,263" oya="2" hai0="108,124,111,132,82,74,39,23,38,48,112,101,123" hai1="131,14,126,103,63,59,60,34,102,69,92,10,52" hai2="1,93,28,53,130,115,83,50,58,89,95,11,116" hai3="119,7,134,61,77,37,99,110,35,135,94,3,42"/><V49/><F115/><W43/><G119/><T117/><D123/><U24/><E126/><V66/><F116/><W125/><G110/><N who="0" m="42027" /><D112/><U6/><E131/><V71/><F130/><W12/><G35/><T47/><D117/><U20/><E34/><V17/><F28/><W15/><G125/><T107/><D132/><N who="3" m="50729" /><G61/><T19/><D124/><U87/><E69/><V4/><F17/><W118/><G118/><T8/><D8/><U72/><E72/><V122/><F122/><W85/><G3/><T121/><D101/><U97/><E87/><V2/><F2/><W88/><G37/><T22/><D107/><U41/><E41/><N who="3" m="15370" /><G7/><T29/><D29/><N who="1" m="17543" /><E63/><V109/><F109/><W127/><G127/><T57/><D57/><U45/><E45/><V54/><F71/><W13/><G77/><N who="0" m="44343" /><D121/><U129/><E129/><V73/><F66/><W21/><G21/><N who="0" m="7691" /><D19/><U31/><E31/><V86/><REACH who="2" step="1"/><F73/><REACH who="2" ten="225,227,275,263" step="2"/><W44/><G44/><AGARI ba="2,1" hai="1,4,11,44,49,50,53,54,58,83,86,89,93,95" machi="44" ten="30,12000,1" yaku="1,1,2,1,7,1,52,1,53,1" doraHai="78" doraHaiUra="32" who="2" fromWho="3" sc="225,0,227,0,275,136,263,-126" /><INIT seed="2,3,0,2,1,32" ten="225,227,411,137" oya="2" hai0="131,132,94,33,84,106,105,86,109,18,40,42,112" hai1="74,59,55,72,89,10,62,127,75,63,36,82,45" hai2="27,4,31,108,117,1,135,53,49,76,9,47,7" hai3="8,130,2,70,114,91,66,30,20,102,51,25,128"/><V126/><F117/><W110/><G110/><T29/><D112/><U35/><E35/><V133/><F126/><W21/><G114/><T46/><D109/><U121/><E127/><V54/><F108/><W22/><G102/><T96/><D132/><N who="2" m="50762" /><F76/><W83/><G51/><T92/><D131/><N who="3" m="50217" /><G70/><T111/><D111/><U122/><E63/><V5/><F54/><W88/><G66/><T39/><D33/><AGARI ba="3,0" hai="1,4,5,7,9,27,31,33,47,49,53" m="50762" machi="33" ten="30,2900,0" yaku="20,1,52,1" doraHai="32" who="2" fromWho="0" sc="225,-38,227,0,411,38,137,0" /><INIT seed="2,4,0,3,5,75" ten="187,227,449,137" oya="2" hai0="54,55,7,80,63,76,58,5,51,40,120,97,128" hai1="10,42,83,79,31,87,86,132,68,37,32,116,34" hai2="49,96,100,104,70,89,13,0,131,3,95,91,64" hai3="105,53,21,41,27,85,8,94,93,72,81,22,9"/><V6/><F131/><W115/><G105/><T24/><D120/><U101/><E68/><V84/><F49/><W30/><G72/><T38/><D128/><U129/><E116/><V106/><F106/><W65/><G65/><T122/><D122/><U66/><E129/><V77/><F77/><N who="3" m="46255" /><G41/><T121/><D38/><U52/><E66/><V102/><F102/><W16/><G115/><T18/><D40/><U14/><E101/><V48/><F48/><W78/><G53/><T74/><D97/><U15/><E42/><V2/><F91/><W62/><G62/><T111/><D111/><U36/><E52/><V119/><F119/><W90/><G78/><T112/><D112/><U47/><E47/><V98/><F98/><N who="3" m="57655" /><G94/><T57/><REACH who="0" step="1"/><D121/><REACH who="0" ten="177,227,449,137" step="2"/><U33/><E37/><V110/><F110/><W123/><G123/><T11/><D11/><U1/><E36/><V39/><F39/><W67/><G67/><T133/><D133/><U44/><E10/><V17/><F64/><W35/><G35/><T25/><D25/><AGARI ba="4,1" hai="8,9,16,21,22,25,27,30" m="57655,46255" machi="25" ten="30,3900,0" yaku="8,1,52,1,54,1" doraHai="75" who="3" fromWho="0" sc="177,-51,227,0,449,0,137,61" /><INIT seed="3,0,0,3,3,47" ten="126,227,449,198" oya="3" hai0="13,59,43,95,70,18,106,103,54,65,105,39,102" hai1="115,7,83,87,20,31,40,48,35,134,33,14,92" hai2="80,129,96,121,56,99,104,60,131,135,114,6,79" hai3="23,88,50,111,84,116,62,76,58,29,75,41,4"/><W16/><G116/><T64/><D106/><U67/><E115/><V44/><F114/><W53/><G4/><T123/><D105/><U132/><E67/><V94/><F104/><W0/><G0/><T98/><D70/><U12/><E92/><V1/><F121/><W71/><G111/><T52/><D103/><U28/><E31/><V69/><F69/><W19/><G75/><T73/><D73/><U51/><E40/><V78/><F135/><N who="1" m="51753" /><E28/><V77/><F44/><N who="3" m="25871" /><G76/><T15/><D39/><U46/><E46/><V10/><F80/><N who="3" m="49159" /><G71/><T11/><D43/><U22/><E7/><V110/><F110/><W100/><G100/><T113/><D54/><U25/><E33/><V126/><F126/><W130/><G130/><N who="2" m="49673" /><F94/><W66/><G66/><AGARI ba="0,0" hai="1,6,10,56,60,66,77,78,79,96,99" m="49673" machi="66" ten="30,1000,0" yaku="19,1" doraHai="47" who="2" fromWho="3" sc="126,0,227,0,449,10,198,-10" /><INIT seed="4,0,0,1,3,126" ten="126,227,459,188" oya="0" hai0="46,74,62,122,132,111,47,21,71,70,82,130,61" hai1="30,93,64,98,75,118,13,11,18,106,72,68,29" hai2="134,5,54,24,22,100,53,52,49,34,89,26,57" hai3="108,90,50,51,84,76,77,79,133,88,36,8,27"/><T65/><D122/><U116/><E106/><V4/><F134/><W109/><G36/><T91/><D111/><U83/><E30/><V102/><F34/><W32/><G8/><T59/><D74/><U15/><E29/><V78/><F78/><W31/><G133/><T66/><D82/><U41/><E41/><V107/><F89/><W94/><REACH who="3" step="1"/><G90/><REACH who="3" ten="126,227,459,178" step="2"/><T97/><D91/><N who="1" m="55615" /><E11/><V85/><F4/><W58/><G58/><N who="0" m="37047" /><D132/><U124/><E68/><N who="0" m="26153" /><D21/><U101/><E118/><V95/><F22/><W80/><G80/><T125/><D125/><U131/><E83/><V115/><F5/><W20/><G20/><T7/><D7/><U28/><E116/><V23/><F23/><W45/><G45/><N who="0" m="16907" /><D97/><U48/><E124/><V10/><F10/><W117/><G117/><T1/><D1/><U81/><E81/><V33/><F24/><W99/><G99/><T114/><D114/><U135/><E135/><V121/><F115/><W0/><G0/><T6/><D6/><U12/><E75/><V44/><F26/><W103/><G103/><T128/><AGARI ba="0,1" hai="59,62,66,128,130" m="16907,26153,37047" machi="128" ten="40,12000,1" yaku="34,2,52,2" doraHai="126" who="0" fromWho="0" sc="126,130,227,-40,459,-40,178,-40" /><INIT seed="4,1,0,3,1,129" ten="256,187,419,138" oya="0" hai0="107,46,135,88,9,131,116,62,20,23,69,81,70" hai1="71,18,49,1,105,30,56,58,27,95,60,52,38" hai2="80,35,106,117,29,61,84,122,7,34,36,124,42" hai3="104,120,39,0,132,87,110,85,92,125,133,13,55"/><T108/><D116/><U51/><E105/><V33/><F122/><W64/><G110/><T82/><D107/><U121/><E1/><V123/><F123/><W37/><G120/><T103/><D103/><U8/><E121/><V130/><F106/><W11/><G104/><T73/><D131/><U97/><E38/><V24/><F130/><W15/><G64/><T102/><D102/><U44/><E71/><V32/><F7/><N who="3" m="1511" /><G55/><T41/><D73/><U59/><E8/><V111/><F111/><W77/><G87/><T43/><D9/><U25/><E18/><V76/><F124/><W50/><G50/><N who="1" m="18954" /><E44/><V128/><F128/><W114/><G114/><T79/><D79/><U57/><E30/><V67/><F117/><W66/><G66/><T127/><D62/><U21/><E21/><V2/><F2/><W6/><G125/><T40/><D127/><U48/><E48/><V94/><F36/><N who="3" m="13899" /><G6/><T12/><D108/><U99/><E99/><V68/><F42/><W26/><G26/><T91/><D43/><U19/><E19/><V78/><F78/><W126/><G126/><T100/><D12/><U63/><E63/><V53/><F53/><W75/><G75/><T89/><D46/><U28/><E28/><V74/><F74/><W54/><G54/><T118/><D41/><U119/><E119/><V112/><F112/><W10/><G10/><T90/><D40/><U5/><E5/><V47/><F47/><W86/><G86/><T17/><D118/><U134/><E25/><V72/><F72/><W14/><G77/><T65/><N who="0" m="22528" /><DORA hai="98" /><T4/><D4/><RYUUKYOKU ba="1,0" sc="256,-15,187,-15,419,15,138,15" hai2="24,29,32,33,34,35,61,67,68,76,80,84,94" hai3="13,14,15,85,92,132,133" /><INIT seed="5,2,0,2,1,27" ten="241,172,434,153" oya="1" hai0="8,17,120,6,86,16,56,18,43,112,121,3,4" hai1="133,24,116,63,11,55,32,7,95,70,84,97,130" hai2="111,47,71,107,124,33,66,31,1,5,96,81,38" hai3="23,0,30,25,42,20,83,100,21,26,40,28,58"/><U22/><E116/><V102/><F111/><W53/><G0/><T65/><D43/><N who="3" m="16425" /><G100/><T46/><D46/><U35/><E84/><V92/><F124/><W10/><G10/><N who="0" m="2335" /><D56/><U129/><E133/><V89/><F38/><W2/><G2/><N who="0" m="87" /><D65/><N who="1" m="41279" /><E11/><V73/><F47/><W72/><G72/><T127/><D86/><U62/><E7/><V79/><F5/><W59/><G83/><T99/><D99/><U110/><E62/><V68/><F1/><W101/><G101/><T44/><D44/><U91/><E55/><V118/><F118/><W78/><G78/><T15/><D112/><U132/><E110/><V14/><F66/><W85/><G85/><T50/><D50/><U77/><E77/><V48/><F48/><N who="3" m="31015" /><G59/><T37/><D37/><U75/><E75/><V12/><F71/><W125/><G125/><T69/><D69/><U135/><E135/><V131/><F68/><W39/><G39/><T88/><D88/><U49/><E132/><V104/><F73/><W54/><G54/><T117/><D117/><U82/><E82/><V51/><F81/><W93/><G93/><T109/><D109/><U64/><E64/><V80/><F80/><W106/><G106/><T114/><D114/><U74/><E74/><V9/><F107/><W123/><G123/><N who="0" m="47179" /><D127/><U108/><E108/><V76/><F76/><W13/><G13/><AGARI ba="2,0" hai="13,15,16,17,18" m="47179,87,2335" machi="13" ten="30,7700,0" yaku="13,1,34,2,54,1" doraHai="27" who="0" fromWho="3" sc="241,83,172,0,434,0,153,-83" /><INIT seed="6,0,0,0,1,37" ten="324,172,434,70" oya="2" hai0="117,13,104,42,55,116,56,0,3,81,47,111,73" hai1="112,52,127,118,134,50,78,68,84,126,99,89,129" hai2="115,107,65,120,96,36,51,108,86,62,75,14,45" hai3="48,113,64,128,135,53,100,8,97,109,71,21,24"/><V5/><F120/><W110/><G128/><T114/><D111/><U130/><E68/><V35/><F75/><W92/><G135/><T44/><D104/><U103/><E118/><N who="0" m="45673" /><D44/><N who="1" m="27719" /><E78/><V40/><F108/><W119/><G119/><T18/><D81/><N who="1" m="49295" /><E112/><V94/><F35/><W88/><G113/><T10/><D73/><U29/><E29/><V66/><F115/><W23/><G8/><T32/><D32/><U95/><E134/><V9/><F107/><W58/><G23/><T7/><D18/><U4/><E4/><V87/><F36/><W38/><G38/><N who="0" m="21975" /><D114/><U60/><E60/><AGARI ba="0,0" hai="0,3,7,10,13,55,56,60" m="21975,45673" machi="60" ten="30,2000,0" yaku="12,1,52,1" doraHai="37" who="0" fromWho="1" sc="324,20,172,-20,434,0,70,0" /><INIT seed="7,0,0,2,5,52" ten="344,152,434,70" oya="3" hai0="8,113,78,133,91,108,84,74,22,70,103,32,9" hai1="95,14,5,88,102,10,92,26,112,3,83,120,72" hai2="96,41,100,129,104,86,58,71,118,31,12,67,18" hai3="98,50,27,7,59,130,107,77,85,49,105,11,125"/><W97/><G125/><T135/><D108/><U6/><E120/><V106/><F71/><W43/><G130/><T13/><D32/><U23/><E112/><V30/><F104/><W17/><G105/><T69/><D9/><U132/><E132/><V110/><F41/><W37/><G37/><T93/><D22/><U126/><E126/><V39/><F39/><W65/><G107/><T44/><D113/><U124/><E124/><V20/><F110/><W82/><G27/><T117/><D117/><U134/><E134/><V60/><F118/><W122/><G17/><T64/><D64/><U68/><E68/><V55/><F129/><W46/><G122/><T75/><D75/><U62/><E3/><V99/><F99/><W16/><G7/><T80/><D69/><U36/><E36/><V24/><F86/><W115/><G115/><T94/><D70/><U19/><E5/><V33/><F31/><W73/><G73/><T76/><D76/><U47/><E72/><V114/><F114/><W15/><REACH who="3" step="1"/><G49/><REACH who="3" ten="344,152,434,60" step="2"/><T79/><D74/><U90/><E26/><V101/><F106/><W123/><G123/><T109/><D135/><U121/><E19/><V57/><F18/><W128/><G128/><T48/><D133/><U25/><E6/><V35/><F24/><W34/><G34/><T56/><D109/><U63/><E25/><V61/><F35/><W21/><G21/><T40/><D48/><U28/><E23/><V45/><F33/><W119/><G119/><T111/><D111/><U81/><E121/><V42/><F20/><W29/><G29/><T89/><D8/><RYUUKYOKU ba="0,1" sc="344,-10,152,-10,434,-10,60,30" hai3="11,15,16,43,46,50,59,65,77,82,85,97,98" /><INIT seed="7,1,1,3,1,37" ten="334,142,424,90" oya="3" hai0="36,7,57,72,83,19,129,10,125,115,118,77,23" hai1="26,114,4,126,32,47,134,76,54,102,119,63,3" hai2="41,120,86,117,16,70,35,116,69,124,101,25,39" hai3="99,28,98,56,132,62,21,53,78,103,8,92,123"/><W58/><G132/><T15/><D118/><U52/><E102/><V14/><F101/><W105/><G123/><T135/><D125/><U112/><E76/><V91/><F35/><W17/><G78/><T130/><D115/><N who="1" m="44075" /><E134/><V82/><F25/><W111/><G111/><T74/><D74/><U44/><E126/><V121/><F124/><W38/><G38/><T110/><D110/><U67/><E119/><V12/><F12/><N who="3" m="7303" /><G105/><T96/><D57/><N who="1" m="37359" /><E4/><V107/><F107/><W27/><G58/><T80/><D80/><U81/><E81/><V73/><F73/><W48/><G99/><T59/><D59/><U104/><E104/><V90/><F117/><W87/><G87/><T100/><D135/><U97/><E3/><V55/><F116/><W89/><G103/><T22/><D96/><U51/><E97/><V127/><F127/><W85/><G98/><T18/><D100/><U128/><E128/><V33/><F39/><W11/><G11/><T131/><D23/><U40/><E44/><V20/><F70/><W13/><G13/><T88/><D36/><U43/><E54/><V46/><F69/><W29/><G29/><AGARI ba="1,1" hai="26,29,32,40,43,47,51,52" m="37359,44075" machi="29" ten="30,7700,0" yaku="15,1,52,2,54,1" doraHai="37" who="1" fromWho="3" sc="334,0,142,90,424,0,90,-80" owari="334,13.4,232,-16.8,424,52.4,10,-49.0" /></mjloggm>