<mjloggm ver="2.3"><GO type="169" lobby="0"/><UN n0="%E3%83%90%E3%83%AA%E3%83%88%E3%83%B3" n1="%70%61%77%61" n2="%E3%83%94%E3%82%AC%E3%82%B7" n3="%E5%A0%B4%E6%B3%81%E5%8E%A8" dan="17,18,17,17" rate="2233.30,2294.67,2204.85,2189.24" sx="M,M,M,F"/><TAIKYOKU oya="0"/><INIT seed="0,0,0,5,4,64" ten="250,250,250,250" oya="0" hai0="25,118,105,122,13,50,28,57,14,90,68,92,116" hai1="29,11,104,85,38,98,114,115,66,109,78,61,88" hai2="60,117,87,127,123,132,47,0,52,43,75,70,56" hai3="58,84,129,17,35,77,100,9,67,112,96,15,95"/><T124/><D122/><U103/><E38/><V62/><F75/><W44/><G129/><T40/><D105/><U24/><E109/><V73/><F73/><W99/><G112/><T30/><D124/><U31/><E78/><V2/><F123/><W59/><G35/><T131/><D131/><U48/><E48/><V91/><F127/><W74/><G74/><T69/><D118/><U101/><E11/><V54/><F132/><W41/><G67/><T128/><D116/><U5/><E5/><V53/><F117/><W130/><G130/><T18/><D14/><U108/><E103/><V113/><F113/><N who="1" m="43017" /><E24/><V72/><F72/><W80/><REACH who="3" step="1"/><G99/><REACH who="3" ten="250,250,250,240" step="2"/><T65/><D128/><U42/><E108/><V94/><F60/><W86/><G86/><T3/><D65/><U20/><E61/><V32/><F32/><W110/><G110/><T107/><D107/><U39/><E66/><V37/><REACH who="2" step="1"/><F70/><REACH who="2" ten="250,250,240,240" step="2"/><W16/><G16/><T21/><D68/><U23/><E31/><V34/><F34/><W7/><G7/><T55/><D69/><U10/><E29/><V134/><F134/><W111/><G111/><T63/><D28/><U33/><E33/><V126/><F126/><W36/><AGARI ba="0,2" hai="9,15,17,36,41,44,58,59,77,80,84,95,96,100" machi="36" ten="20,5200,0" yaku="1,1,0,1,7,1,53,1" doraHai="64" doraHaiUra="79" who="3" fromWho="3" sc="250,-26,250,-13,240,-13,240,72" /><INIT seed="1,0,0,1,0,123" ten="224,237,227,312" oya="1" hai0="32,121,23,62,72,133,67,14,59,81,53,35,98" hai1="38,74,83,10,131,79,56,24,37,70,63,48,43" hai2="28,101,94,113,107,66,117,97,18,85,122,41,111" hai3="89,5,9,42,80,1,75,116,92,102,135,22,51"/><U40/><E131/><V2/><F122/><W57/><G135/><T13/><D133/><U33/><E70/><V120/><F120/><W78/><G116/><T87/><D72/><U55/><E10/><V0/><F117/><W103/><G22/><T130/><D130/><U29/><REACH who="1" step="1"/><E48/><REACH who="1" ten="224,227,227,312" step="2"/><V127/><F113/><W34/><G51/><T84/><D121/><U31/><E31/><V52/><F28/><W112/><G9/><T134/><D134/><U114/><E114/><V90/><F127/><W19/><G112/><T3/><D3/><U20/><E20/><V71/><F2/><W26/><G1/><T77/><D23/><U7/><E7/><V91/><F0/><W36/><G5/><T105/><D32/><U128/><E128/><V93/><F18/><W39/><G34/><T16/><D35/><U64/><E64/><V129/><F129/><W15/><G19/><T76/><D67/><U27/><E27/><V65/><F71/><W50/><G26/><T104/><D16/><U49/><E49/><V45/><F66/><W119/><G119/><T46/><D13/><U58/><E58/><V99/><F65/><W115/><G115/><T4/><D14/><U17/><E17/><V11/><F11/><W21/><G15/><T68/><D4/><U73/><E73/><V118/><F118/><W12/><G12/><T132/><D68/><U110/><E110/><V86/><F111/><W69/><G21/><T108/><D108/><U30/><E30/><V109/><F109/><W47/><G57/><T124/><D132/><U54/><E54/><V25/><F52/><RYUUKYOKU ba="0,1" sc="224,-10,227,30,227,-10,312,-10" hai1="24,29,33,37,38,40,43,55,56,63,74,79,83" /><INIT seed="1,1,1,0,3,102" ten="214,257,217,302" oya="1" hai0="79,63,124,120,95,39,29,2,23,125,83,119,81" hai1="58,121,9,7,15,36,105,82,74,103,3,134,12" hai2="129,123,64,128,10,55,98,131,85,91,47,30,56" hai3="6,89,45,87,132,49,90,106,94,126,17,93,111"/><U92/><E121/><V62/><F123/><W21/><G111/><T127/><D120/><U43/><E92/><V34/><F10/><W57/><G132/><T108/><D119/><U122/><E58/><V117/><F117/><W22/><G126/><T31/><D108/><U5/><E5/><V28/><F98/><W77/><G77/><T40/><D2/><U18/><E18/><V1/><F1/><W70/><G70/><T114/><D114/><U50/><E50/><N who="2" m="29151" /><F34/><W60/><G106/><T14/><D63/><U51/><E51/><V86/><F86/><W101/><G101/><T104/><D104/><U8/><E8/><V116/><F116/><W113/><G6/><T52/><D52/><U53/><E53/><V33/><F33/><W109/><G113/><T107/><D107/><U59/><E59/><V72/><F72/><W71/><G71/><T37/><D95/><AGARI ba="1,1" hai="28,30,56,62,64,85,91,95,128,129,131" m="29151" machi="95" ten="30,1000,0" yaku="19,1" doraHai="102" who="2" fromWho="0" sc="214,-13,257,0,217,23,302,0" /><INIT seed="2,0,0,4,2,61" ten="201,257,240,302" oya="2" hai0="79,49,123,57,125,100,86,34,77,6,108,126,82" hai1="55,1,38,75,15,135,102,43,30,67,95,110,107" hai2="7,31,98,109,28,12,83,78,23,87,37,76,117" hai3="20,130,27,26,99,51,66,120,0,4,119,105,92"/><V114/><F114/><W5/><G119/><T33/><D123/><U58/><E1/><V47/><F117/><W97/><G120/><T104/><D108/><U11/><E75/><V90/><F109/><W134/><G130/><T89/><D6/><U129/><E107/><V53/><F37/><W73/><G73/><T62/><D49/><U32/><E135/><V68/><F68/><W115/><G105/><T96/><D33/><U29/><E32/><V101/><F47/><W132/><G51/><T133/><D34/><U116/><E38/><V21/><F53/><W71/><G0/><T52/><REACH who="0" step="1"/><D133/><REACH who="0" ten="191,257,240,302" step="2"/><U46/><E110/><V50/><F50/><W121/><G121/><T80/><D80/><U74/><E129/><V124/><F7/><W112/><G4/><T22/><D22/><U60/><E116/><V84/><F23/><W111/><G20/><T10/><D10/><U39/><E74/><V81/><F124/><AGARI ba="0,1" hai="52,57,62,77,79,82,86,89,96,100,104,124,125,126" machi="124" ten="40,5200,0" yaku="1,1,18,1,54,1,53,0" doraHai="61" doraHaiUra="16" who="0" fromWho="2" sc="191,62,257,0,240,-52,302,0" /><INIT seed="3,0,0,5,5,58" ten="253,257,188,302" oya="3" hai0="68,45,65,30,104,53,29,13,3,26,12,111,113" hai1="10,55,84,37,7,132,90,112,6,83,77,41,73" hai2="56,36,60,32,115,109,127,63,88,4,124,99,72" hai3="131,5,22,89,2,64,49,1,74,39,96,52,133"/><W67/><G39/><T69/><D3/><U38/><E112/><V43/><F72/><W54/><G74/><T8/><D111/><U95/><E132/><V116/><F115/><W0/><G5/><T62/><D69/><U24/><E24/><V27/><F116/><W31/><G131/><T71/><D68/><U79/><E79/><V91/><F109/><W78/><G78/><T125/><D125/><N who="2" m="48202" /><F4/><W86/><G96/><T75/><D75/><U80/><E80/><V122/><F122/><W85/><G85/><T98/><D29/><U44/><E38/><V9/><F9/><W61/><G133/><T118/><D118/><U87/><E55/><V93/><F56/><W46/><G31/><T81/><D81/><U20/><E20/><V18/><F91/><W108/><G22/><T129/><D129/><U117/><E6/><V19/><F19/><W103/><G103/><N who="0" m="62583" /><D8/><U14/><REACH who="1" step="1"/><E117/><REACH who="1" ten="253,247,188,302" step="2"/><V50/><F36/><W66/><G108/><T21/><D21/><U121/><E121/><V17/><F17/><W120/><G54/><T114/><D114/><U92/><E92/><V33/><F18/><W11/><G120/><T15/><D113/><U128/><E128/><V16/><F16/><W106/><G106/><T76/><D76/><U107/><E107/><V110/><F110/><W25/><G25/><T134/><D134/><U123/><E123/><V35/><F27/><W51/><G11/><T130/><D130/><U48/><E48/><V105/><F105/><W40/><G51/><N who="0" m="28911" /><D26/><U97/><AGARI ba="0,1" hai="7,10,14,37,41,44,73,77,83,84,87,90,95,97" machi="97" ten="20,2700,0" yaku="1,1,0,1,7,1,53,0" doraHai="58" doraHaiUra="119" who="1" fromWho="1" sc="253,-7,247,37,188,-7,302,-13" /><INIT seed="4,0,0,0,2,64" ten="246,284,181,289" oya="0" hai0="76,50,19,80,27,30,41,54,49,111,97,69,91" hai1="75,105,40,70,99,72,101,124,25,127,48,29,135" hai2="28,114,79,87,58,12,7,26,122,73,113,20,34" hai3="132,119,37,133,35,62,15,61,103,89,67,108,107"/><T9/><D111/><U74/><E135/><N who="3" m="51786" /><G37/><T33/><D41/><U123/><E123/><V125/><F73/><W57/><G35/><T112/><D112/><N who="2" m="43114" /><F122/><W47/><G119/><T110/><D110/><U1/><E1/><V55/><F125/><N who="1" m="48201" /><E48/><N who="2" m="31079" /><F79/><W21/><G47/><T96/><D50/><U60/><E40/><V86/><F7/><W42/><G42/><T36/><D36/><U98/><E98/><V11/><F11/><W66/><G89/><T5/><D91/><U43/><E43/><V56/><F56/><W102/><G107/><T118/><D19/><AGARI ba="0,0" hai="12,19,20,26,28,34,86,87" m="31079,43114" machi="19" ten="30,1000,0" yaku="15,1" doraHai="64" who="2" fromWho="0" sc="246,-10,284,0,181,10,289,0" /><INIT seed="5,0,0,3,4,38" ten="236,284,191,289" oya="1" hai0="57,34,1,61,3,86,113,105,18,126,112,125,6" hai1="122,79,12,36,45,26,81,19,16,110,21,82,129" hai2="42,73,27,75,66,94,100,64,10,108,121,0,99" hai3="133,65,25,95,52,67,51,127,93,89,33,101,22"/><U83/><E122/><V78/><F108/><W41/><G33/><T98/><D86/><U54/><E129/><V37/><F121/><W20/><G133/><T96/><D34/><U87/><E110/><V135/><F135/><W116/><G127/><N who="0" m="48651" /><D18/><U107/><E107/><V111/><F111/><W102/><G20/><T56/><D56/><U128/><E128/><V58/><F27/><W70/><G70/><T88/><D98/><U30/><E19/><V39/><F39/><W9/><G9/><N who="0" m="2255" /><D3/><U130/><E130/><V103/><F103/><N who="3" m="39435" /><G95/><N who="0" m="56423" /><D105/><U134/><E134/><V114/><F114/><W28/><G116/><T55/><AGARI ba="0,0" hai="55,57,61,112,113" m="56423,2255,48651" machi="55" ten="30,2000,0" yaku="18,1,54,1" doraHai="38" who="0" fromWho="0" sc="236,20,284,-10,191,-5,289,-5" /><INIT seed="6,0,0,2,1,21" ten="256,274,186,284" oya="2" hai0="92,79,61,100,81,111,24,88,52,117,29,3,99" hai1="38,133,10,120,87,46,34,57,118,56,12,0,128" hai2="40,5,86,27,114,93,113,66,16,41,121,126,45" hai3="69,6,18,132,33,47,122,42,125,58,64,130,74"/><V15/><F121/><W131/><G33/><T55/><D111/><U26/><E0/><V17/><F126/><W94/><G74/><T39/><D117/><U65/><E118/><V124/><F124/><W129/><G125/><T101/><D39/><U80/><E128/><V89/><F66/><W97/><G122/><T62/><D3/><U2/><E2/><V54/><F54/><W14/><G6/><T77/><D61/><U31/><E133/><V71/><F71/><W82/><G82/><T35/><D79/><U72/><E72/><V73/><F73/><W1/><G1/><T63/><D62/><U44/><E120/><V104/><F104/><W103/><G58/><T96/><D63/><U13/><E13/><V85/><F5/><W23/><G132/><T53/><REACH who="0" step="1"/><D99/><REACH who="0" ten="246,274,186,284" step="2"/><U95/><E38/><V127/><F127/><W11/><G131/><T106/><D106/><U36/><E36/><V116/><F116/><W105/><G105/><T19/><D19/><U30/><E65/><V43/><F85/><AGARI ba="0,1" hai="24,29,35,52,53,55,77,81,85,88,92,96,100,101" machi="85" ten="40,8000,1" yaku="1,1,52,1,54,2,53,0" doraHai="21" doraHaiUra="8" who="0" fromWho="2" sc="246,90,274,0,186,-80,284,0" /><INIT seed="7,0,0,3,0,101" ten="336,274,106,284" oya="3" hai0="125,7,91,75,90,105,71,19,50,52,2,60,135" hai1="26,42,100,118,64,17,127,3,22,89,69,95,114" hai2="78,43,5,122,115,39,24,92,0,44,107,130,53" hai3="112,15,46,94,103,102,13,63,34,84,99,9,20"/><W81/><G34/><T58/><D75/><U33/><E3/><V18/><F18/><W40/><G112/><T121/><D105/><U83/><E114/><V35/><F92/><W120/><G120/><T106/><D106/><U88/><E127/><V73/><F53/><W70/><G103/><T133/><D121/><U32/><E118/><V104/><F115/><W65/><G20/><T37/><D37/><U31/><E42/><V10/><F130/><W4/><G15/><T131/><D131/><U72/><E33/><V30/><REACH who="2" step="1"/><F122/><REACH who="2" ten="336,274,96,284" step="2"/><W12/><G94/><T132/><D19/><U80/><E17/><V76/><F76/><W47/><G40/><T123/><D123/><U85/><E95/><V74/><F74/><W59/><G46/><T79/><D79/><U124/><E72/><V14/><F14/><W66/><G47/><T11/><D125/><U1/><E124/><V57/><F57/><W38/><G13/><T97/><D135/><U98/><E83/><AGARI ba="0,1" hai="0,5,10,24,30,35,39,43,44,73,78,83,104,107" machi="83" ten="40,16000,3" yaku="1,1,25,2,33,3,52,2,53,0" doraHai="101" doraHaiUra="129" who="2" fromWho="1" sc="336,0,274,-160,96,170,284,0" owari="336,43.6,114,-38.6,266,-13.4,284,8.4" /></mjloggm>