<mjloggm ver="2.3"><GO type="169" lobby="0"/><UN n0="%4C%C3%97%57%C3%97%4C" n1="%E7%90%86%E5%B7%A5%E3%83%95%E3%83%AA%E3%83%86%E3%83%B3%E5%A4%A7%E5%B8%AB" n2="%E8%A6%9A%E9%86%92%E3%81%97%E3%81%9F%E3%81%A8%E3%81%BE%E3%81%A8" n3="%E3%83%A9%E3%83%96%E3%83%AC%E3%83%BC" dan="16,16,17,18" rate="2132.88,2111.21,2246.91,2220.72" sx="M,F,M,M"/><TAIKYOKU oya="0"/><INIT seed="0,0,0,4,4,128" ten="250,250,250,250" oya="0" hai0="94,67,74,107,82,87,25,117,20,76,95,105,101" hai1="30,115,69,62,26,114,49,106,75,40,81,13,39" hai2="96,48,24,59,85,36,54,126,120,108,125,109,43" hai3="86,80,50,116,35,100,111,88,53,38,15,98,112"/><T132/><BYE who="3" /><D117/><U97/><E39/><V119/><F24/><W12/><G12/><T71/><D67/><UN n3="%E3%83%A9%E3%83%96%E3%83%AC%E3%83%BC" /><U33/><E40/><V29/><F85/><W134/><G112/><T72/><D71/><U31/><E31/><V14/><F96/><W104/><G35/><T91/><D20/><U129/><E49/><V57/><F14/><W70/><G38/><T19/><D19/><U9/><E129/><V0/><F29/><W65/><G111/><N who="2" m="42569" /><F0/><W68/><G116/><T56/><D56/><U123/><E123/><V28/><F28/><W47/><G65/><T135/><D25/><U17/><E81/><V131/><F119/><W27/><G134/><N who="0" m="51243" /><D72/><U2/><E75/><V41/><F131/><W99/><G27/><T93/><D101/><N who="1" m="62767" /><E2/><V18/><F18/><W110/><G110/><T61/><D61/><U21/><E21/><V4/><F120/><W73/><G73/><T23/><D23/><U34/><E34/><V7/><F59/><W78/><G15/><T118/><D118/><U113/><E114/><V89/><F57/><W1/><G1/><T8/><D8/><U60/><E60/><V127/><F127/><W83/><G70/><T22/><D22/><U84/><E62/><V102/><F126/><W5/><G68/><T44/><D44/><U10/><E69/><V103/><F125/><W90/><G47/><T130/><D130/><U124/><E124/><V32/><F32/><W46/><G46/><T55/><D55/><U133/><E133/><V122/><F122/><W92/><G53/><T77/><D74/><U11/><E84/><V16/><F54/><RYUUKYOKU ba="0,0" sc="250,15,250,15,250,-15,250,-15" hai0="76,77,82,87,91,93,94,95,105,107" hai1="9,10,11,13,17,26,30,33,113,115" /><INIT seed="0,1,0,5,1,65" ten="265,265,235,235" oya="0" hai0="131,117,46,61,62,125,24,60,78,4,44,72,6" hai1="5,49,34,26,3,31,124,81,132,77,102,92,20" hai2="55,104,12,80,84,118,41,82,64,88,39,126,71" hai3="95,17,112,56,48,32,35,106,79,67,114,27,129"/><T59/><D117/><U45/><E132/><V86/><F118/><W11/><G106/><T37/><D131/><U70/><E124/><V119/><F119/><W15/><G129/><T7/><D125/><U123/><E123/><V101/><F126/><W107/><G107/><T130/><D130/><U1/><E34/><V134/><F134/><W97/><G79/><T43/><D72/><U98/><E5/><V36/><F41/><W10/><G35/><T85/><D24/><U135/><E135/><V16/><F55/><W57/><G57/><T105/><D105/><U42/><REACH who="1" step="1"/><E70/><REACH who="1" ten="265,255,235,235" step="2"/><V75/><F71/><W76/><G32/><T28/><D28/><U69/><E69/><V8/><F64/><W115/><G67/><T93/><D46/><U18/><E18/><V89/><REACH who="2" step="1"/><F75/><AGARI ba="1,1" hai="1,3,20,26,31,42,45,49,75,77,81,92,98,102" machi="75" ten="30,3900,0" yaku="1,1,7,1,53,1" doraHai="65" doraHaiUra="22" who="1" fromWho="2" sc="265,0,255,52,235,-42,235,0" /><INIT seed="1,0,0,3,1,44" ten="265,307,193,235" oya="1" hai0="46,12,70,98,67,51,132,17,29,122,123,131,83" hai1="104,115,36,16,26,94,90,68,1,10,81,79,111" hai2="5,37,0,58,93,96,49,77,86,112,78,119,52" hai3="13,48,54,127,129,66,47,125,3,134,40,100,56"/><U43/><E115/><V59/><F119/><W6/><G3/><T22/><D132/><U11/><E68/><V102/><F37/><W60/><G100/><T73/><D131/><U19/><E104/><V8/><F112/><W117/><G6/><T113/><D113/><U4/><E111/><V101/><F101/><W15/><G129/><T34/><D98/><U32/><E32/><V57/><REACH who="2" step="1"/><F86/><REACH who="2" ten="265,307,183,235" step="2"/><W33/><G117/><T116/><D116/><U75/><E36/><V97/><F97/><W130/><G130/><T80/><D73/><U135/><E135/><V87/><F87/><W121/><G134/><T92/><D123/><U88/><E75/><V63/><F63/><W14/><G121/><T23/><D122/><U55/><E94/><V28/><F28/><W85/><G85/><T99/><D92/><U42/><E81/><V103/><F103/><W27/><G127/><T120/><D99/><U128/><E128/><V41/><F41/><W114/><G125/><T39/><D39/><U61/><E43/><V133/><F133/><W124/><G114/><T118/><D118/><U126/><E42/><V71/><F71/><W7/><G124/><T72/><D72/><U30/><E30/><V25/><F25/><W9/><G40/><N who="0" m="25031" /><D120/><U105/><E126/><V76/><AGARI ba="0,1" hai="0,5,8,49,52,57,58,59,76,77,78,93,96,102" machi="76" ten="30,8000,1" yaku="1,1,0,1,52,1,54,1,53,1" doraHai="44" doraHaiUra="89" who="2" fromWho="2" sc="265,-20,307,-40,183,90,235,-20" /><INIT seed="2,0,0,1,3,32" ten="245,267,273,215" oya="2" hai0="89,118,44,26,71,51,67,42,59,73,109,130,120" hai1="49,23,54,106,101,102,81,80,121,76,36,112,19" hai2="34,50,97,134,126,56,39,53,40,6,111,55,72" hai3="5,84,27,64,123,47,119,13,10,98,132,7,107"/><V99/><F134/><W8/><G132/><T2/><D120/><U1/><E112/><V128/><F34/><W131/><G123/><T62/><D73/><U46/><E121/><V103/><F126/><W82/><G119/><T41/><D118/><U17/><E36/><V48/><F128/><W3/><G131/><T124/><D130/><U129/><E129/><V74/><F111/><W52/><G64/><T15/><D109/><U68/><E68/><V60/><F60/><W78/><G27/><T115/><D115/><U93/><E106/><V28/><F28/><W45/><G107/><T75/><D75/><U43/><E1/><V11/><F40/><W30/><G30/><T114/><D124/><U38/><E93/><V90/><F90/><W83/><G98/><T116/><D116/><U117/><E117/><V65/><F65/><W31/><G83/><T122/><D2/><U79/><E80/><V33/><F33/><W70/><G31/><T100/><D71/><U20/><E81/><V108/><F39/><W95/><G95/><T133/><D133/><U91/><E91/><V104/><F99/><W14/><G70/><T135/><D114/><U113/><E113/><V125/><F108/><W61/><G3/><T87/><D122/><U29/><E29/><V18/><F18/><N who="1" m="6665" /><E79/><V4/><F125/><W35/><G35/><T77/><D135/><U22/><E76/><V25/><F6/><W92/><G92/><T0/><D0/><U37/><E38/><V69/><F69/><W12/><G12/><T127/><D127/><U88/><E88/><V96/><F104/><RYUUKYOKU type="nm" ba="0,0" sc="245,80,267,-20,273,-40,215,-20" hai1="20,22,23,37,43,46,49,54,101,102" hai3="5,7,8,10,13,14,45,47,52,61,78,82,84" /><INIT seed="3,1,0,3,0,20" ten="325,247,233,195" oya="3" hai0="90,117,93,16,48,120,133,82,5,59,100,44,127" hai1="27,9,18,119,99,37,96,69,94,108,115,43,66" hai2="71,65,105,109,29,75,129,68,4,19,89,42,107" hai3="31,47,122,131,14,38,50,53,123,62,8,49,102"/><W87/><G131/><T76/><D117/><U0/><E115/><V70/><F129/><W111/><G102/><T28/><D120/><U104/><E108/><V10/><F109/><W60/><G111/><T54/><D133/><U7/><E119/><V73/><F65/><W101/><G101/><T97/><D127/><U106/><E69/><V22/><F29/><W1/><G1/><T36/><D5/><U74/><E66/><V132/><F42/><W79/><G38/><T61/><D36/><U39/><E39/><V130/><F132/><W83/><G31/><T92/><D28/><U110/><E110/><V25/><F89/><W112/><G112/><T67/><D16/><U84/><E74/><V124/><F124/><W3/><G3/><T113/><D113/><U81/><E43/><V103/><F130/><W40/><G123/><T125/><D125/><U80/><E37/><V86/><F86/><W58/><REACH who="3" step="1"/><G122/><REACH who="3" ten="325,247,233,185" step="2"/><T77/><D82/><U95/><E80/><V26/><F103/><W78/><G78/><T56/><D77/><U46/><E81/><V41/><F107/><W63/><G63/><T33/><D76/><U24/><E104/><V121/><F105/><W91/><G91/><T57/><D33/><U21/><E106/><V64/><F121/><W35/><G35/><T51/><D51/><U118/><E118/><V116/><F116/><W128/><G128/><T15/><D100/><U98/><E94/><V126/><F126/><W23/><G23/><T88/><D93/><U134/><E134/><V13/><F22/><W135/><G135/><T30/><D92/><RYUUKYOKU ba="1,1" sc="325,-10,247,-10,233,-10,185,30" hai3="8,14,40,47,49,50,53,58,60,62,79,83,87" /><INIT seed="3,2,1,2,2,60" ten="315,237,223,215" oya="3" hai0="91,3,59,6,11,123,115,92,106,133,127,116,39" hai1="46,105,42,107,114,35,29,130,104,81,102,112,75" hai2="14,86,124,7,129,76,84,97,56,1,4,18,17" hai3="37,78,58,119,98,72,89,63,15,12,125,30,93"/><W44/><G119/><T69/><RYUUKYOKU type="yao9" ba="2,1" sc="315,0,237,0,223,0,215,0" hai0="3,6,11,39,59,69,91,92,106,115,116,123,127,133" /><INIT seed="3,3,1,1,4,118" ten="315,237,223,215" oya="3" hai0="4,23,49,28,119,101,60,113,122,21,92,42,18" hai1="108,70,66,62,97,45,8,76,48,81,53,102,104" hai2="20,117,77,9,55,114,80,71,89,6,106,105,51" hai3="83,95,127,131,44,69,7,100,67,43,75,1,15"/><W26/><G26/><N who="0" m="16463" /><D122/><U123/><E108/><V130/><F114/><W11/><G127/><T46/><D119/><U14/><E123/><V19/><F117/><W58/><G131/><T91/><D113/><U120/><E120/><V78/><F71/><W64/><G69/><T5/><D60/><U135/><E135/><V61/><F89/><W68/><G68/><T85/><D101/><U36/><E8/><V107/><F61/><W50/><G58/><T0/><D0/><U22/><E22/><V84/><F130/><W110/><G110/><T29/><D29/><U30/><E30/><V41/><F41/><W57/><G57/><T115/><D115/><U65/><E14/><AGARI ba="3,1" hai="4,5,14,18,23,42,46,49,85,91,92" m="16463" machi="14" ten="30,1000,0" yaku="8,1" doraHai="118" who="0" fromWho="1" sc="315,29,237,-19,223,0,215,0" /><INIT seed="4,0,0,2,4,18" ten="344,218,223,215" oya="0" hai0="36,61,38,45,100,71,102,130,59,75,62,7,79" hai1="10,30,22,15,119,8,115,116,84,60,28,1,55" hai2="99,63,35,67,16,51,24,50,49,109,97,114,117" hai3="85,48,34,93,131,101,21,2,90,68,72,42,27"/><T74/><D7/><N who="1" m="1135" /><E55/><V41/><F109/><W44/><G131/><T31/><D31/><N who="1" m="11819" /><E60/><V32/><F114/><W122/><G122/><T121/><D121/><U47/><E47/><V78/><F117/><N who="1" m="45129" /><E84/><V80/><F41/><W135/><G68/><T25/><D45/><U54/><E54/><V57/><F99/><W82/><G2/><T110/><D79/><U39/><E39/><V17/><F97/><W132/><G34/><T26/><D59/><U134/><E134/><N who="3" m="51242" /><G101/><T83/><D71/><U124/><E124/><V127/><F127/><W106/><G106/><T0/><D0/><U86/><E86/><V105/><F105/><W6/><G6/><T125/><D125/><U87/><E87/><V70/><F70/><W129/><G129/><T4/><D130/><U113/><E10/><V37/><F37/><W13/><G72/><T107/><D107/><U118/><N who="1" m="45137" /><U98/><DORA hai="19" /><E98/><V91/><F91/><W23/><G82/><T104/><D83/><U112/><E15/><V40/><F40/><W81/><G13/><T103/><D104/><U12/><E12/><V76/><F80/><W53/><G42/><T14/><D14/><U126/><E126/><V88/><F78/><W29/><G81/><T33/><D100/><U69/><E69/><V11/><F76/><W123/><G123/><T120/><D120/><U94/><E94/><V92/><F11/><W89/><G90/><T73/><D73/><U96/><E96/><N who="2" m="57351" /><F35/><N who="3" m="20927" /><G93/><T3/><D33/><U66/><E66/><V43/><F43/><W46/><G44/><T95/><D95/><U111/><E111/><RYUUKYOKU ba="0,0" sc="344,-30,218,10,223,10,215,10" hai1="22,112,113,115" hai2="16,17,24,32,49,50,51,57,63,67" hai3="21,23,46,48,53,85,89" /><INIT seed="5,1,0,4,2,24" ten="314,228,233,225" oya="1" hai0="51,3,2,27,111,73,72,48,16,86,28,58,20" hai1="107,69,78,101,119,128,14,130,118,50,89,65,135" hai2="122,131,15,98,134,17,103,32,97,56,43,61,55" hai3="85,35,104,62,9,37,67,127,79,60,100,96,46"/><U64/><E135/><V7/><F122/><W95/><G127/><T74/><D111/><U13/><E78/><V88/><F32/><W53/><G35/><T83/><D51/><U126/><E126/><V41/><F134/><W6/><G67/><N who="1" m="25674" /><E50/><V84/><F131/><N who="1" m="50217" /><E89/><V121/><F7/><W80/><G53/><T11/><D48/><U40/><E40/><N who="2" m="15435" /><F103/><W4/><G6/><T5/><D58/><U23/><E23/><N who="2" m="11711" /><F121/><W21/><G21/><T47/><D47/><U12/><E69/><V77/><F77/><W117/><G46/><T39/><D39/><U90/><E90/><V102/><F102/><W18/><G37/><T133/><D133/><U42/><E42/><V31/><F31/><W71/><G71/><T30/><REACH who="0" step="1"/><D2/><REACH who="0" ten="304,228,233,225" step="2"/><U123/><E123/><V82/><AGARI ba="1,1" hai="55,56,61,82,84,88,97,98" m="11711,15435" machi="82" ten="30,2000,0" yaku="8,1,54,1" doraHai="24" who="2" fromWho="2" sc="304,-6,228,-11,233,33,225,-6" /><INIT seed="6,0,0,4,1,18" ten="298,217,266,219" oya="2" hai0="32,133,28,43,63,52,68,61,16,22,55,64,118" hai1="15,51,50,72,47,77,53,134,83,89,19,20,130" hai2="5,74,87,81,25,26,102,60,132,91,27,8,109" hai3="128,73,131,44,69,115,82,3,125,2,33,98,127"/><V80/><F132/><W62/><G98/><T31/><D133/><U104/><E134/><V57/><F109/><W23/><G44/><T37/><D118/><U30/><E130/><N who="3" m="49706" /><G33/><T84/><D32/><U124/><E124/><N who="3" m="47690" /><G115/><T14/><D84/><U42/><E104/><V110/><F110/><W71/><G23/><T45/><REACH who="0" step="1"/><D55/><REACH who="0" ten="288,217,266,219" step="2"/><U10/><E53/><V48/><F87/><W97/><G97/><T41/><D41/><U0/><E42/><V54/><F54/><W129/><G129/><T59/><AGARI ba="0,1" hai="14,16,22,28,31,37,43,45,52,59,61,63,64,68" machi="59" ten="30,8000,1" yaku="1,1,0,1,52,1,54,2,53,0" doraHai="18" doraHaiUra="112" who="0" fromWho="0" sc="288,90,217,-20,266,-40,219,-20" /><INIT seed="7,0,0,5,0,21" ten="378,197,226,199" oya="3" hai0="39,114,112,91,80,93,105,44,29,123,102,17,111" hai1="86,46,92,62,36,53,130,87,101,32,109,106,35" hai2="1,83,61,30,96,108,94,95,135,68,31,129,118" hai3="26,5,9,75,10,99,58,77,78,8,12,88,81"/><W13/><G78/><T27/><D123/><U7/><E109/><V63/><F118/><W45/><G45/><T14/><D111/><U56/><E130/><V73/><F108/><W132/><G132/><T52/><D80/><U116/><E116/><V125/><F1/><W89/><G99/><T43/><D105/><U23/><E106/><V71/><F125/><W51/><G10/><T64/><D64/><U113/><E113/><N who="0" m="43625" /><D102/><U18/><E7/><V82/><F129/><W20/><G51/><T54/><D17/><U24/><E101/><V15/><F83/><W50/><G50/><T85/><D14/><U48/><E36/><V66/><F82/><W22/><G58/><T59/><D59/><U2/><E2/><V55/><F66/><W70/><G70/><T49/><D49/><U134/><E134/><V119/><F135/><W104/><G104/><T126/><D126/><U57/><E57/><V128/><F71/><W41/><G41/><T117/><D117/><U11/><E11/><V74/><F68/><W84/><G75/><T28/><D28/><U100/><E100/><V107/><F119/><W33/><G33/><AGARI ba="0,0" hai="27,29,33,39,43,44,52,54,85,91,93" m="43625" machi="33" ten="30,7700,0" yaku="15,1,11,1,52,1,54,1" doraHai="21" who="0" fromWho="3" sc="378,77,197,0,226,0,199,-77" owari="455,55.5,197,-20.3,226,2.6,122,-37.8" /></mjloggm>