<mjloggm ver="2.3"><GO type="169" lobby="0"/><UN n0="%4E%4F%54%41" n1="%E3%81%8D%E3%81%84%E3%81%AA" n2="%76%61%6C%6B%79%72%69%65" n3="%E3%81%AE%E3%81%99%E3%81%AE%E3%81%99%E3%81%AE" dan="16,16,17,16" rate="2116.33,2111.72,2207.53,2095.12" sx="M,M,F,M"/><TAIKYOKU oya="0"/><INIT seed="0,0,0,2,3,11" ten="250,250,250,250" oya="0" hai0="114,37,118,124,32,123,129,57,81,90,101,92,68" hai1="2,31,9,105,78,42,12,104,91,95,103,24,80" hai2="100,50,96,26,51,65,18,107,128,115,121,125,29" hai3="47,7,94,14,0,132,10,111,13,117,71,122,44"/><T61/><D118/><U33/><E2/><V15/><F121/><W113/><G113/><T40/><D123/><U46/><E103/><V119/><F115/><W89/><G122/><T21/><D114/><U93/><E93/><V88/><F119/><W5/><G117/><T38/><D32/><U98/><E80/><V131/><F65/><W116/><G116/><T82/><D68/><U30/><E30/><V112/><F112/><W52/><G71/><T8/><D101/><U54/><E54/><V69/><F69/><W41/><G111/><T86/><D129/><N who="2" m="49738" /><F125/><W43/><G132/><T49/><D124/><U16/><REACH who="1" step="1"/><E78/><REACH who="1" ten="250,240,250,250" step="2"/><V67/><F67/><W66/><G0/><T74/><D81/><U85/><E85/><V72/><F72/><W126/><G126/><T135/><D74/><U20/><E20/><N who="2" m="11359" /><F88/><W1/><G66/><T127/><D127/><U39/><AGARI ba="0,1" hai="9,12,16,24,31,33,39,42,46,91,95,98,104,105" machi="39" ten="20,8000,1" yaku="1,1,0,1,7,1,52,1,54,1,53,0" doraHai="11" doraHaiUra="110" who="1" fromWho="1" sc="250,-40,240,90,250,-20,250,-20" /><INIT seed="1,0,0,0,1,36" ten="210,330,230,230" oya="1" hai0="24,101,4,125,117,17,59,18,10,132,85,127,0" hai1="34,54,113,50,128,78,31,47,114,88,66,3,106" hai2="134,69,9,89,129,74,60,42,111,115,135,27,52" hai3="48,79,37,82,19,102,92,116,14,126,39,122,28"/><U123/><E123/><V67/><F74/><W77/><G122/><T75/><D75/><U6/><E128/><V2/><F129/><W76/><G126/><N who="0" m="48139" /><D117/><U22/><E34/><V87/><F111/><W12/><G116/><T73/><D73/><U119/><E119/><V5/><F115/><W44/><G28/><T70/><D70/><U63/><E106/><V64/><F64/><W109/><G109/><T23/><D101/><U71/><E78/><V16/><F42/><W98/><G82/><T86/><D132/><U25/><E6/><V94/><REACH who="2" step="1"/><F52/><REACH who="2" ten="210,330,220,230" step="2"/><W62/><G62/><T26/><D59/><U46/><E46/><V61/><F61/><W45/><G44/><T91/><D91/><U131/><E131/><V120/><F120/><W51/><G45/><T49/><D49/><U110/><E110/><V35/><F35/><W83/><G51/><T15/><D26/><U68/><E113/><V96/><F96/><W108/><G48/><T105/><D105/><U124/><E114/><V21/><AGARI ba="0,1" hai="2,5,9,16,21,27,60,67,69,87,89,94,134,135" machi="21" ten="30,4000,0" yaku="1,1,0,1,54,1,53,0" doraHai="36" doraHaiUra="99" who="2" fromWho="2" sc="210,-10,330,-20,220,50,230,-10" /><INIT seed="2,0,0,3,2,134" ten="200,310,270,220" oya="2" hai0="121,132,27,32,109,102,65,112,125,28,37,40,15" hai1="24,11,91,14,128,118,133,16,67,7,82,93,86" hai2="129,78,58,80,90,122,114,92,69,88,63,120,126" hai3="99,39,98,43,5,68,123,25,42,96,38,22,87"/><V106/><F114/><W74/><G123/><T117/><D112/><U6/><E118/><V51/><F106/><W100/><G74/><T94/><D117/><U31/><E133/><V77/><F129/><W124/><G100/><T9/><D132/><U3/><E128/><V35/><F35/><W104/><G104/><T130/><D121/><U21/><E67/><V135/><F135/><W66/><G5/><T2/><D130/><U47/><E47/><V84/><F69/><W57/><G68/><T71/><D109/><U23/><REACH who="1" step="1"/><E7/><REACH who="1" ten="200,300,270,220" step="2"/><V44/><F120/><W19/><G66/><T49/><D65/><U108/><E108/><V116/><F122/><W89/><G57/><T46/><D71/><U75/><E75/><V107/><F116/><W33/><G39/><T1/><D37/><U45/><E45/><V36/><F36/><W64/><G64/><T105/><D46/><U79/><E79/><V30/><F78/><W55/><G38/><T70/><D70/><U52/><E52/><V56/><F44/><W72/><G55/><T26/><D40/><U17/><E17/><V113/><F77/><W115/><G72/><T29/><D29/><U111/><E111/><V13/><F113/><W85/><G115/><T76/><D28/><U41/><E41/><V101/><F30/><W54/><G54/><T18/><D18/><U12/><E12/><V34/><F13/><W119/><G119/><T127/><D15/><U97/><E97/><V20/><F58/><W103/><G99/><T4/><D76/><U62/><E62/><V53/><F56/><W73/><G43/><RYUUKYOKU ba="0,1" sc="200,-10,300,30,270,-10,220,-10" hai1="3,6,11,14,16,21,23,24,31,82,86,91,93" /><INIT seed="3,1,1,3,3,133" ten="190,330,260,210" oya="3" hai0="104,5,101,41,134,23,109,91,87,16,10,78,36" hai1="110,130,84,90,68,56,44,14,103,58,127,24,117" hai2="52,80,49,9,2,128,88,111,33,40,27,15,86" hai3="120,114,11,17,45,12,43,124,22,57,26,62,59"/><W73/><G114/><T105/><D134/><U108/><E68/><V51/><F2/><W13/><G120/><T66/><D109/><N who="1" m="42091" /><E130/><V96/><F111/><W123/><G123/><T70/><D78/><U95/><E117/><V63/><F128/><W1/><G73/><T94/><D101/><U79/><E127/><V126/><F126/><W99/><G124/><T107/><D70/><U61/><E79/><V42/><F96/><W100/><G1/><T34/><D66/><U81/><E44/><V77/><F77/><W46/><G13/><T0/><D34/><U30/><E14/><V20/><F33/><W93/><G43/><T125/><D125/><U39/><E39/><V72/><F63/><W118/><G57/><T82/><D41/><U121/><E121/><V53/><F49/><W106/><G106/><T116/><D116/><U112/><E112/><V37/><F53/><W3/><G3/><T48/><D48/><U74/><E74/><V4/><F37/><W89/><G118/><T113/><D36/><U6/><E6/><V92/><F92/><W21/><G100/><T132/><D132/><U129/><E129/><V115/><F72/><W76/><G76/><T75/><D75/><U54/><E58/><N who="2" m="33055" /><F115/><W19/><REACH who="3" step="1"/><G11/><REACH who="3" ten="190,330,260,200" step="2"/><T65/><D113/><U7/><E103/><V8/><F9/><W131/><G131/><T135/><D135/><U102/><E102/><V35/><F8/><W18/><G18/><T32/><D105/><U50/><E56/><V29/><F4/><W60/><G60/><T98/><D107/><U38/><E7/><V31/><F15/><RYUUKYOKU ba="1,2" sc="190,-15,330,-15,260,15,200,15" hai2="20,27,29,31,35,40,42,80,86,88" hai3="12,17,19,21,22,26,45,46,59,62,89,93,99" /><INIT seed="3,2,2,4,3,110" ten="175,315,275,215" oya="3" hai0="0,22,86,51,42,20,69,135,55,72,74,101,128" hai1="127,37,87,107,67,41,134,48,108,125,105,57,95" hai2="38,112,66,90,31,70,26,106,18,53,75,17,56" hai3="60,122,13,131,52,6,68,123,102,130,91,71,14"/><W111/><G102/><T39/><D0/><U119/><E108/><V88/><F75/><W62/><G111/><T12/><D69/><N who="3" m="26697" /><G91/><T126/><D101/><U1/><E1/><V23/><F106/><W93/><G93/><T98/><D98/><U92/><E134/><V73/><F73/><W124/><G6/><T117/><D135/><U27/><E119/><V43/><F17/><W25/><G25/><T4/><D117/><U113/><E37/><V116/><F31/><W9/><G9/><T3/><D3/><U58/><E48/><N who="2" m="30759" /><F116/><W11/><G11/><T114/><D114/><U44/><E44/><N who="2" m="23671" /><F112/><W63/><G124/><T24/><D126/><U78/><E87/><V30/><F30/><W35/><G35/><T85/><D74/><U99/><E99/><V81/><F81/><W115/><G115/><T34/><D72/><U96/><E96/><V65/><F65/><W120/><G52/><T2/><D34/><U46/><E113/><V118/><F118/><W19/><G19/><T15/><D86/><U121/><E105/><V10/><F10/><W59/><G59/><T54/><D85/><U97/><E107/><V8/><F8/><W28/><G28/><T104/><D104/><U100/><E97/><V5/><F5/><W49/><G49/><T133/><D51/><U77/><E125/><V50/><F50/><W21/><G21/><T45/><D4/><U103/><E127/><V80/><F80/><W47/><G47/><T16/><D45/><U32/><E103/><V29/><F29/><W132/><G132/><T61/><D133/><U76/><E100/><RYUUKYOKU ba="2,2" sc="175,-15,315,-15,275,15,215,15" hai2="18,23,26,66,70,88,90" hai3="13,14,60,62,63,120,122,123,130,131" /><INIT seed="3,3,2,4,1,92" ten="160,300,290,230" oya="3" hai0="60,32,5,18,105,119,129,64,103,39,44,40,131" hai1="77,42,24,123,134,59,41,98,52,102,31,100,111" hai2="99,53,8,67,74,90,14,45,35,97,122,23,22" hai3="112,84,126,36,69,3,87,17,1,27,85,124,15"/><W120/><G112/><T83/><D119/><U0/><E123/><V106/><F106/><W107/><G120/><T11/><D32/><U55/><E0/><V2/><F2/><W33/><G36/><T26/><D26/><U81/><E111/><V37/><F35/><W38/><G38/><T7/><D18/><U135/><E42/><V70/><F74/><W116/><G116/><T93/><D93/><U65/><E41/><V133/><F37/><W95/><G107/><T127/><D83/><U80/><E65/><V101/><F101/><W125/><G69/><N who="0" m="42119" /><D127/><U21/><E81/><V117/><F117/><W13/><G95/><T63/><D63/><U47/><E80/><V94/><F122/><W58/><G33/><T6/><D11/><U75/><E77/><V61/><F133/><N who="1" m="50697" /><E75/><V66/><F66/><W71/><G71/><T110/><D110/><U79/><E79/><V30/><F30/><W54/><G27/><T12/><D12/><N who="3" m="4681" /><G17/><T34/><D34/><U9/><E9/><V91/><F67/><W115/><G115/><T121/><D121/><U20/><E102/><V46/><F70/><W78/><G78/><T16/><D16/><U49/><E24/><V114/><F8/><W96/><G96/><N who="0" m="61671" /><D5/><U50/><E31/><V57/><F114/><W130/><G130/><N who="0" m="49675" /><D6/><U132/><E132/><V48/><F14/><W51/><AGARI ba="3,2" hai="1,3,51,54,58,84,85,87,124,125,126" m="4681" machi="51" ten="40,2100,0" yaku="18,1" doraHai="92" who="3" fromWho="3" sc="160,-10,300,-10,290,-10,230,50" /><INIT seed="3,4,0,2,1,74" ten="150,290,280,280" oya="3" hai0="11,31,25,133,123,81,18,8,38,128,24,88,56" hai1="129,127,102,126,33,115,21,63,98,85,23,22,134" hai2="78,79,97,19,96,112,91,101,131,87,83,80,41" hai3="95,28,93,13,135,132,61,72,76,1,4,70,20"/><W65/><G1/><T5/><D123/><U26/><E115/><V66/><F112/><W12/><G4/><T60/><D38/><U54/><E129/><V118/><F66/><W67/><G28/><T106/><D128/><U62/><E134/><N who="3" m="51242" /><G67/><T99/><D133/><U44/><E85/><N who="2" m="48287" /><F41/><W104/><G104/><T14/><D106/><U84/><E84/><N who="2" m="48247" /><F131/><W107/><G107/><T92/><D81/><U59/><E62/><V71/><F71/><W68/><G70/><T90/><D90/><U45/><E26/><V15/><F118/><W105/><G105/><T64/><REACH who="0" step="1"/><D31/><REACH who="0" ten="140,290,280,280" step="2"/><U75/><E102/><V2/><F101/><W9/><G72/><T43/><D43/><U108/><E75/><V50/><F2/><AGARI ba="4,1" hai="2,5,8,11,14,18,24,25,56,60,64,88,92,99" machi="2" ten="30,7700,0" yaku="1,1,7,1,54,1,53,1" doraHai="74" doraHaiUra="89" who="0" fromWho="2" sc="140,99,290,0,280,-89,280,0" /><INIT seed="4,0,0,0,4,43" ten="239,290,191,280" oya="0" hai0="86,130,114,26,53,100,42,87,41,68,125,75,40" hai1="61,95,129,24,30,94,131,70,38,104,127,3,58" hai2="115,83,103,92,37,134,113,21,111,2,8,17,39" hai3="82,73,22,123,9,32,112,7,99,88,120,56,108"/><T66/><D75/><U80/><E104/><V126/><F111/><W55/><G108/><T121/><D121/><N who="3" m="46665" /><G32/><T4/><D114/><U96/><E127/><V31/><F126/><W62/><G112/><N who="2" m="43081" /><F134/><W74/><G22/><T93/><D130/><N who="1" m="49675" /><E38/><V23/><F83/><W65/><G65/><T44/><D125/><U49/><E3/><V84/><F31/><W16/><G16/><T11/><D26/><U15/><E70/><V90/><F103/><W79/><G99/><N who="0" m="59503" /><D66/><U33/><E49/><V118/><F118/><W107/><G107/><T117/><D68/><U45/><E80/><V64/><F64/><W25/><G25/><T128/><D117/><U5/><E24/><N who="2" m="14383" /><F23/><W52/><G74/><T47/><D128/><U101/><E30/><V71/><F71/><W105/><G105/><T14/><D53/><U57/><E33/><V98/><F98/><W1/><G55/><T20/><D20/><U122/><E96/><V36/><F8/><W72/><G73/><T6/><D6/><U102/><E5/><V132/><F132/><W10/><G9/><T67/><D67/><U51/><E122/><V76/><F76/><W35/><G35/><T19/><D4/><U34/><E34/><V46/><F2/><W12/><G1/><T77/><D77/><U109/><E109/><V119/><F119/><W78/><G79/><T13/><D13/><U91/><E15/><V28/><F28/><W89/><AGARI ba="0,0" hai="7,10,12,52,56,62,72,78,82,88,89" m="46665" machi="89" ten="30,4000,0" yaku="13,1,54,2" doraHai="43" who="3" fromWho="3" sc="239,-20,290,-10,191,-10,280,40" /><INIT seed="5,0,0,3,4,134" ten="219,280,181,320" oya="1" hai0="110,42,3,48,1,23,8,87,82,95,102,85,93" hai1="79,111,86,125,38,37,55,98,28,61,70,13,7" hai2="116,32,80,62,106,130,58,99,127,124,54,53,22" hai3="88,66,76,27,115,75,69,132,40,92,49,96,45"/><U12/><E111/><V21/><F116/><W57/><G115/><T81/><D110/><U41/><E28/><V0/><F32/><W30/><G132/><T128/><D128/><U126/><E98/><V46/><F130/><W114/><G114/><T25/><D102/><U120/><E120/><V29/><F0/><W51/><G69/><T108/><D108/><U44/><E38/><V103/><F80/><W94/><G75/><T74/><D74/><U33/><E33/><V43/><F54/><W59/><G76/><T117/><D117/><U10/><E13/><V47/><F47/><W113/><G66/><T121/><D121/><U36/><E36/><V135/><F135/><W101/><G51/><T56/><D8/><U52/><E86/><V109/><F109/><W107/><G107/><T89/><D1/><U129/><E79/><V84/><F84/><N who="3" m="52231" /><G113/><T5/><D5/><U105/><E105/><V78/><F78/><W83/><G83/><T2/><D2/><U90/><E90/><V91/><F91/><W118/><G118/><T122/><D3/><U63/><E129/><V97/><F97/><W133/><G133/><T9/><D122/><U72/><E72/><V71/><F71/><W15/><G15/><T67/><D82/><U112/><E112/><V11/><F11/><W34/><G34/><T64/><D9/><U19/><E7/><V17/><F29/><W18/><G30/><N who="0" m="17727" /><D87/><U31/><E31/><V100/><F100/><W60/><G60/><N who="1" m="23114" /><E70/><V131/><F131/><W20/><AGARI ba="0,0" hai="18,20,27,40,45,49,57,59,94,96,101" m="52231" machi="20" ten="30,2000,0" yaku="8,1,54,1" doraHai="134" who="3" fromWho="3" sc="219,-5,280,-10,181,-5,320,20" /><INIT seed="6,0,0,1,2,71" ten="214,270,176,340" oya="2" hai0="14,90,132,73,36,108,22,28,10,134,48,43,42" hai1="133,114,0,74,109,18,34,30,118,105,55,125,79" hai2="76,66,57,95,33,41,19,102,130,12,83,119,21" hai3="54,16,123,101,29,75,135,31,93,35,1,17,37"/><V104/><F119/><W70/><G123/><T107/><D108/><U65/><RYUUKYOKU type="yao9" ba="0,0" sc="214,0,270,0,176,0,340,0" hai1="0,18,30,34,55,65,74,79,105,109,114,118,125,133" /><INIT seed="6,1,0,3,4,117" ten="214,270,176,340" oya="2" hai0="2,86,17,9,35,53,57,85,101,93,107,81,41" hai1="47,25,37,63,130,69,24,127,100,119,105,28,82" hai2="122,68,39,43,77,66,110,48,11,70,34,103,27" hai3="29,60,56,8,116,55,38,14,96,5,51,26,125"/><V92/><F110/><W131/><G116/><T113/><D35/><U108/><E119/><V102/><F122/><W95/><G38/><T1/><D113/><U22/><E108/><V45/><F77/><W75/><G75/><T132/><D107/><U6/><E127/><V59/><F11/><W7/><G125/><T31/><D31/><U135/><E130/><V80/><F80/><W12/><G131/><T13/><D41/><U62/><E135/><V33/><F70/><W40/><G40/><T115/><D115/><U19/><E6/><V121/><F121/><W64/><G14/><T44/><D44/><U21/><E69/><V98/><F103/><W118/><G118/><T74/><D74/><U32/><E32/><V46/><F27/><W91/><G5/><T128/><D128/><U67/><E67/><V78/><F78/><W89/><G89/><T109/><D132/><U65/><E65/><V10/><F10/><W126/><G126/><T73/><D73/><U97/><E37/><V112/><F112/><W106/><G106/><T87/><D81/><U58/><E58/><V88/><F102/><W49/><G64/><T54/><D109/><U123/><E47/><V42/><REACH who="2" step="1"/><F68/><REACH who="2" ten="214,270,166,340" step="2"/><W94/><G8/><T104/><D9/><U111/><E123/><V114/><F114/><W23/><G7/><T72/><D101/><U36/><E111/><V16/><F16/><W76/><G76/><T124/><D17/><U20/><E82/><V99/><F99/><N who="3" m="57823" /><G12/><T61/><D13/><U120/><E120/><V83/><F83/><W84/><G84/><T71/><D124/><RYUUKYOKU ba="1,1" sc="214,-15,270,-15,166,15,340,15" hai2="33,34,39,42,43,45,46,48,59,66,88,92,98" hai3="23,26,29,49,51,55,56,60,95,96" /><INIT seed="6,2,1,3,2,57" ten="199,255,181,355" oya="2" hai0="54,67,103,78,17,115,82,74,91,94,43,34,13" hai1="80,79,65,98,114,3,11,117,1,105,76,99,40" hai2="10,39,4,51,69,81,21,12,30,95,120,22,72" hai3="8,66,83,126,75,35,16,19,55,121,42,107,77"/><V56/><F120/><W25/><G121/><T112/><D34/><U70/><E117/><V111/><F39/><W118/><G118/><T129/><D129/><U100/><E114/><N who="0" m="43561" /><D43/><U119/><E119/><V46/><F69/><W96/><G126/><T87/><D67/><U92/><E40/><V128/><F128/><W2/><G66/><T32/><D32/><U59/><E70/><V5/><F111/><W102/><G42/><T38/><D38/><U26/><E26/><V53/><F4/><W85/><G55/><T44/><D103/><U45/><E45/><V89/><F30/><W62/><G62/><T64/><D64/><U33/><E33/><V14/><F14/><W127/><G127/><T36/><D36/><U108/><E108/><V93/><F46/><W86/><G35/><T125/><D125/><U133/><E65/><V23/><REACH who="2" step="1"/><F72/><REACH who="2" ten="199,255,171,355" step="2"/><W24/><G75/><T18/><D13/><U84/><E1/><V63/><F63/><W60/><G60/><T48/><AGARI ba="2,2" hai="17,18,44,48,54,74,78,82,87,91,94" m="43561" machi="48" ten="30,1100,0" yaku="15,1" doraHai="57" who="0" fromWho="0" sc="199,37,255,-5,171,-7,355,-5" /><INIT seed="7,0,0,4,4,134" ten="236,250,164,350" oya="3" hai0="111,103,58,133,62,99,131,43,39,46,53,100,49" hai1="121,18,35,47,40,114,127,6,30,113,17,4,124" hai2="25,26,2,118,7,36,123,110,22,83,50,112,28" hai3="66,1,13,48,9,63,59,122,81,97,54,27,42"/><W109/><G122/><T60/><D111/><U101/><E101/><V10/><F36/><W38/><G1/><T115/><D133/><U8/><E47/><V52/><F110/><W119/><G119/><T73/><D73/><U96/><E96/><V57/><F118/><W32/><G109/><T37/><D131/><U130/><E40/><V31/><F123/><W64/><G38/><T120/><D120/><U102/><E102/><V86/><F112/><N who="1" m="43113" /><E121/><V80/><REACH who="2" step="1"/><F86/><REACH who="2" ten="236,250,154,350" step="2"/><W104/><G97/><T70/><D115/><U91/><E130/><V129/><F129/><W65/><G65/><T75/><D75/><U82/><E35/><AGARI ba="0,1" hai="2,7,10,22,25,26,28,31,35,50,52,57,80,83" machi="35" ten="30,3900,0" yaku="1,1,7,1,54,1,53,0" doraHai="134" doraHaiUra="72" who="2" fromWho="1" sc="236,0,250,-39,154,49,350,0" owari="236,3.6,211,-18.9,203,-29.7,350,45.0" /></mjloggm>