<mjloggm ver="2.3"><GO type="169" lobby="0"/><UN n0="%50%73%79%63%68%65" n1="%E4%BE%8D" n2="%50%6F%6F%48%65%3F" n3="%52%59%4F%40%53%53" dan="16,18,16,17" rate="2113.90,2279.75,2157.62,2189.59" sx="M,M,F,M"/><TAIKYOKU oya="0"/><INIT seed="0,0,0,5,4,79" ten="250,250,250,250" oya="0" hai0="102,13,39,97,129,6,101,63,10,74,45,109,31" hai1="110,25,37,92,14,117,29,76,122,18,95,54,121" hai2="132,96,82,58,124,59,35,112,85,103,19,119,23" hai3="90,111,120,72,44,87,41,68,48,134,40,28,64"/><T114/><D114/><U107/><E117/><V80/><F119/><W43/><G72/><T106/><D129/><U99/><E37/><V16/><F112/><W57/><G111/><T91/><D109/><U30/><E110/><V24/><F132/><W128/><G134/><T131/><D131/><U108/><E108/><V7/><F124/><W81/><G128/><T65/><D102/><U3/><E3/><V47/><F7/><W93/><G120/><T113/><D113/><U125/><E107/><V89/><F47/><W5/><G28/><T49/><D39/><U26/><E76/><V71/><F71/><W20/><G68/><T32/><D74/><U21/><E125/><V12/><F80/><W133/><G133/><T38/><D38/><U27/><E54/><V1/><F1/><W9/><G20/><T50/><D91/><U61/><E61/><V0/><F0/><W98/><G57/><T100/><D100/><U22/><E27/><V42/><F42/><W53/><G64/><T77/><D77/><U51/><E51/><V86/><F86/><W4/><REACH who="3" step="1"/><G9/><REACH who="3" ten="250,250,250,240" step="2"/><T84/><D31/><U83/><E122/><V127/><F127/><W67/><G67/><T130/><D130/><U70/><E70/><V8/><REACH who="2" step="1"/><F35/><REACH who="2" ten="250,250,240,240" step="2"/><W118/><G118/><T126/><D32/><U62/><E121/><V66/><F66/><W11/><G11/><T2/><D126/><U135/><E135/><V15/><F15/><W105/><G105/><AGARI ba="0,2" hai="8,12,16,19,23,24,58,59,82,85,89,96,103,105" machi="105" ten="30,7700,0" yaku="1,1,7,1,52,1,54,1,53,0" doraHai="79" doraHaiUra="34" who="2" fromWho="3" sc="250,0,250,0,240,97,240,-77" /><INIT seed="1,0,0,1,4,106" ten="250,250,337,163" oya="1" hai0="108,126,12,94,88,111,52,3,133,62,29,135,99" hai1="43,2,64,42,25,73,105,115,10,102,78,132,101" hai2="76,130,34,114,92,104,77,9,91,70,96,0,21" hai3="85,55,40,37,39,90,120,127,36,24,18,1,28"/><U17/><E115/><V20/><F34/><W27/><G1/><T48/><D3/><U83/><E132/><N who="0" m="50761" /><D29/><U131/><E131/><V33/><F33/><W56/><G120/><T75/><D62/><U125/><E125/><V98/><F70/><W129/><G129/><T15/><D126/><U72/><E64/><V110/><F130/><W87/><G127/><T95/><D95/><U63/><E63/><V69/><F69/><W84/><G40/><T79/><D79/><U89/><E89/><V58/><F114/><W60/><G18/><T100/><D100/><U57/><E57/><V22/><F110/><N who="0" m="42026" /><D75/><U66/><E73/><V30/><F30/><W82/><REACH who="3" step="1"/><G27/><REACH who="3" ten="250,250,337,153" step="2"/><T53/><D53/><U26/><E25/><V14/><F0/><W109/><G109/><T112/><D112/><U23/><E43/><V6/><F104/><W35/><AGARI ba="0,1" hai="24,28,35,36,37,39,55,56,60,82,84,85,87,90" machi="35" ten="30,2000,0" yaku="1,1,0,1,53,0" doraHai="106" doraHaiUra="32" who="3" fromWho="3" sc="250,-5,250,-10,337,-5,153,30" /><INIT seed="2,0,0,4,3,58" ten="245,240,332,183" oya="2" hai0="8,125,7,70,101,87,64,52,13,51,41,96,104" hai1="127,115,45,97,39,62,120,57,43,6,77,102,128" hai2="103,10,1,15,121,129,40,83,111,112,63,53,116" hai3="134,19,68,110,85,32,78,93,135,98,37,89,27"/><V16/><F121/><W95/><G37/><T28/><D125/><U122/><E6/><V23/><F116/><W31/><G68/><T54/><D28/><U35/><E35/><V26/><F112/><W88/><G110/><T61/><REACH who="0" step="1"/><D87/><REACH who="0" ten="235,240,332,183" step="2"/><U94/><E127/><V67/><F111/><W65/><G78/><T56/><D56/><U113/><E77/><V79/><F129/><W92/><G135/><T5/><D5/><U72/><E72/><V9/><F103/><W118/><G134/><T108/><D108/><U133/><E128/><V100/><F100/><W36/><G118/><T114/><D114/><U18/><E133/><V22/><F1/><W71/><G19/><T14/><D14/><U74/><E74/><V17/><F40/><W50/><G71/><T11/><D11/><U60/><E115/><V81/><F79/><W21/><G89/><T99/><D99/><U91/><E113/><V131/><F131/><W126/><G98/><T49/><D49/><U4/><E4/><V25/><F15/><W132/><G132/><T2/><D2/><U12/><E57/><V90/><F90/><W86/><G126/><T109/><D109/><U44/><E91/><V75/><F75/><W33/><G50/><T80/><D80/><U106/><E122/><V73/><F73/><W29/><G86/><T0/><D0/><U124/><E120/><V24/><F24/><N who="3" m="18535" /><G36/><T42/><D42/><N who="1" m="22623" /><E124/><V76/><F76/><W34/><G85/><T30/><D30/><U123/><E123/><V3/><F3/><W55/><G88/><T48/><D48/><N who="1" m="26687" /><E106/><V117/><F117/><RYUUKYOKU ba="0,1" sc="235,15,240,15,332,-15,183,-15" hai0="7,8,13,41,51,52,54,61,64,70,96,101,104" hai1="12,18,60,62,94,97,102" /><INIT seed="3,1,1,5,0,55" ten="250,255,317,168" oya="3" hai0="22,35,58,10,93,43,90,128,45,88,52,42,135" hai1="123,47,109,112,107,20,40,76,61,31,122,67,24" hai2="56,39,49,77,50,16,32,17,60,25,30,108,98" hai3="127,126,104,68,105,7,75,14,37,99,13,96,132"/><W78/><G68/><T0/><D35/><U94/><E112/><V15/><F39/><W2/><G37/><T12/><D135/><U11/><E107/><N who="3" m="41034" /><G7/><N who="0" m="3167" /><D0/><U101/><E76/><V133/><F133/><W83/><G2/><T18/><D45/><U115/><E115/><V34/><F108/><W38/><G38/><T113/><D128/><U64/><E109/><V1/><F1/><W70/><G70/><T125/><D125/><N who="3" m="47625" /><G132/><T129/><D129/><U80/><E80/><V4/><F32/><W29/><G29/><T6/><D6/><U8/><E67/><V41/><F4/><W44/><G44/><T114/><D114/><U66/><E64/><V28/><F17/><W3/><G3/><T5/><D5/><U53/><E53/><V69/><F69/><W46/><G46/><T48/><D113/><U62/><E47/><V23/><F30/><W26/><G26/><N who="0" m="14679" /><D90/><U71/><E40/><V134/><F134/><W33/><G33/><T87/><AGARI ba="1,1" hai="42,43,48,52,58,87,88,93" m="14679,3167" machi="87" ten="30,7900,0" yaku="8,1,52,1,54,2" doraHai="55" who="0" fromWho="0" sc="250,92,255,-21,317,-21,168,-40" /><INIT seed="4,0,0,0,2,119" ten="342,234,296,128" oya="0" hai0="9,39,35,42,94,134,46,37,121,106,32,62,31" hai1="69,81,126,61,43,84,133,88,17,14,110,102,105" hai2="78,52,54,48,4,56,132,111,66,129,99,13,89" hai3="51,82,122,59,44,90,117,6,47,0,70,98,58"/><T22/><D106/><U91/><E110/><V95/><F111/><W19/><G117/><T25/><D134/><U10/><E126/><V20/><F129/><W40/><G70/><T79/><D39/><U131/><E131/><V86/><F132/><W72/><G72/><T45/><D45/><U108/><E108/><V28/><F66/><W97/><G6/><T113/><D113/><U12/><E133/><V75/><F75/><W96/><G0/><T109/><D109/><U87/><E43/><V29/><F54/><W63/><G122/><T30/><D79/><U2/><E2/><V93/><F78/><W101/><G101/><T67/><D31/><U21/><E102/><V80/><F95/><W3/><G3/><T49/><D37/><U100/><E100/><V41/><F41/><W26/><G47/><T83/><D83/><U123/><E105/><V5/><F5/><W74/><G74/><T107/><D107/><U85/><E123/><V15/><F4/><W73/><G73/><T16/><D94/><U50/><E50/><V33/><F33/><W112/><G112/><T103/><D103/><U55/><E91/><V92/><F92/><W18/><G59/><T128/><D121/><U135/><E135/><V125/><F125/><W38/><G26/><T36/><D36/><U130/><E130/><V115/><F115/><W53/><REACH who="3" step="1"/><G38/><REACH who="3" ten="342,234,296,118" step="2"/><T8/><D128/><U65/><E55/><V68/><F68/><W114/><G114/><T7/><D7/><AGARI ba="0,1" hai="7,10,12,14,17,21,61,65,69,81,84,85,87,88" machi="7" ten="30,2000,0" yaku="7,1,54,1" doraHai="119" who="1" fromWho="0" sc="342,-20,234,30,296,0,118,0" /><INIT seed="5,0,0,4,3,97" ten="322,264,296,118" oya="1" hai0="21,85,32,116,83,98,134,22,67,99,68,74,47" hai1="52,123,28,132,129,107,31,95,112,13,119,34,40" hai2="130,9,37,30,8,120,109,59,56,78,91,70,127" hai3="23,66,131,25,76,26,115,113,128,41,24,57,55"/><U6/><E107/><V82/><F120/><W36/><G76/><T38/><D116/><U103/><E119/><V51/><F109/><W124/><G23/><T10/><D32/><U18/><E123/><V39/><F70/><W118/><G118/><T35/><D35/><U63/><E34/><V87/><F130/><N who="3" m="49707" /><G24/><T104/><D74/><U27/><E129/><V4/><F127/><W54/><G25/><T3/><D68/><U75/><E75/><V81/><F30/><N who="1" m="11305" /><E112/><N who="3" m="43082" /><G26/><T2/><D22/><N who="1" m="13783" /><E132/><V42/><F9/><W101/><G101/><T122/><D21/><U11/><E40/><V110/><F110/><W93/><G93/><T48/><D10/><U92/><E103/><V49/><F37/><W5/><G5/><T65/><D38/><U125/><E125/><V90/><F39/><W86/><G86/><T79/><D85/><U106/><E106/><V29/><F29/><W126/><G66/><T45/><D67/><U50/><E95/><V46/><F82/><W102/><G102/><T1/><D83/><U15/><E92/><V114/><F114/><W133/><G133/><T44/><D134/><U53/><E13/><N who="2" m="5255" /><F78/><W0/><G0/><T71/><D79/><U121/><E121/><V19/><F91/><W58/><G55/><T80/><D122/><U61/><E53/><N who="2" m="31791" /><F19/><W88/><G88/><T20/><D80/><U64/><E64/><V73/><F73/><W33/><G33/><T17/><D65/><U14/><E14/><V117/><F117/><W72/><G72/><T60/><D3/><U111/><E111/><V43/><F43/><W12/><G126/><RYUUKYOKU ba="0,0" sc="322,-15,264,15,296,15,118,-15" hai1="6,11,15,50,52,61,63" hai2="42,46,51,59,81,87,90" /><INIT seed="5,1,0,5,1,61" ten="307,279,311,103" oya="1" hai0="130,89,49,17,53,60,82,132,76,14,88,90,117" hai1="10,36,38,62,85,6,46,123,44,81,95,114,112" hai2="129,57,29,116,121,68,52,4,5,37,72,0,91" hai3="115,22,16,55,21,40,32,78,86,9,48,27,135"/><U54/><E95/><V18/><F121/><W39/><G115/><N who="1" m="44074" /><E123/><V73/><F116/><W26/><G135/><T83/><D117/><U124/><E124/><V93/><F37/><N who="1" m="14441" /><E54/><V3/><F68/><W58/><G32/><T120/><D132/><U107/><E107/><V74/><F29/><W97/><G39/><T15/><D120/><U59/><E59/><V35/><F35/><W113/><G113/><T51/><D130/><U98/><E62/><V109/><F109/><W122/><G122/><T133/><D133/><U105/><E98/><V1/><F18/><W20/><G40/><T127/><D127/><U110/><E105/><V19/><F19/><W64/><G97/><T87/><D83/><U111/><E46/><V65/><F65/><W43/><G43/><T103/><D103/><U118/><E44/><V50/><REACH who="2" step="1"/><F129/><REACH who="2" ten="307,279,301,103" step="2"/><W134/><G134/><T41/><D17/><U96/><E118/><V126/><F126/><W12/><REACH who="3" step="1"/><G64/><REACH who="3" ten="307,279,301,93" step="2"/><T100/><D41/><U102/><E111/><V23/><F23/><W25/><G25/><T80/><D53/><U24/><E24/><V56/><F56/><W2/><G2/><T13/><D13/><U11/><E110/><V128/><F128/><W66/><G66/><T30/><D15/><U104/><E6/><V69/><F69/><W108/><G108/><T125/><D14/><U94/><E104/><V77/><F77/><AGARI ba="1,2" hai="10,11,77,81,85,94,96,102" m="14441,44074" machi="77" ten="30,1500,0" yaku="15,1" doraHai="61" who="1" fromWho="2" sc="307,0,279,38,301,-18,93,0" /><INIT seed="5,2,0,2,1,30" ten="307,317,283,93" oya="1" hai0="125,51,123,47,27,109,129,94,69,43,3,40,71" hai1="15,79,77,58,67,135,62,89,95,80,24,130,59" hai2="118,68,113,36,72,9,63,14,78,44,45,106,97" hai3="34,73,21,70,96,4,29,16,37,38,33,11,65"/><U131/><E135/><V133/><F118/><W2/><G73/><T105/><D105/><U122/><E122/><V99/><F133/><W42/><G29/><T114/><D109/><U56/><E15/><V64/><F113/><W7/><G7/><T53/><D3/><U26/><E89/><V61/><F36/><W108/><G108/><T13/><D114/><U132/><E95/><V107/><F72/><W39/><G42/><T91/><D123/><U102/><E102/><V17/><F78/><N who="1" m="29705" /><E80/><V115/><F115/><W5/><G5/><T19/><D27/><N who="1" m="10283" /><E132/><V31/><F31/><W52/><G96/><T12/><D12/><U83/><E83/><V48/><F106/><W111/><G111/><T66/><D71/><U22/><E22/><V8/><F107/><W124/><G124/><T134/><D125/><U86/><E86/><V82/><F82/><W119/><G119/><T85/><D134/><U112/><E112/><V54/><F8/><W74/><G74/><T41/><D69/><U98/><E98/><V87/><F87/><W104/><G104/><T88/><D91/><U120/><E120/><V49/><REACH who="2" step="1"/><F63/><REACH who="2" ten="307,317,273,93" step="2"/><W75/><G75/><T10/><D85/><U32/><E131/><V57/><F57/><W1/><G1/><T103/><D129/><U93/><E130/><V20/><F20/><W116/><G116/><T18/><D10/><U28/><E93/><V100/><F100/><W92/><G92/><T0/><D103/><U25/><E59/><V6/><F6/><W81/><G81/><T117/><D94/><U23/><E58/><V101/><F101/><RYUUKYOKU ba="2,1" sc="307,-15,317,15,273,15,93,-15" hai1="23,25,28,32,56,62,67" hai2="9,14,17,44,45,48,49,54,61,64,68,97,99" /><INIT seed="5,3,1,1,2,21" ten="292,332,288,78" oya="1" hai0="71,96,69,110,75,74,104,54,38,44,129,132,60" hai1="0,49,100,72,20,125,3,14,119,97,98,6,51" hai2="118,41,68,123,113,93,43,10,1,126,25,73,32" hai3="18,36,35,131,48,16,80,56,11,58,84,120,133"/><U17/><E119/><V42/><F123/><W91/><G120/><T22/><D110/><U90/><E72/><V15/><F118/><W53/><G35/><T7/><D7/><U115/><E115/><V79/><F113/><W103/><G36/><T13/><D71/><U26/><E125/><V62/><F126/><W101/><G131/><T66/><D132/><U85/><E0/><V63/><F1/><W2/><G133/><T107/><D107/><U82/><E3/><V8/><F68/><W27/><G2/><T9/><D9/><N who="1" m="4407" /><E100/><V111/><F111/><W95/><G58/><T64/><D64/><U39/><E39/><V70/><F93/><W76/><G18/><T77/><D77/><U12/><E12/><V29/><F70/><W112/><G112/><T81/><D81/><U28/><E28/><V45/><F45/><W47/><G47/><T106/><D106/><U127/><E127/><V121/><F8/><W34/><G34/><T135/><D135/><U5/><E5/><V130/><F130/><W57/><G57/><T124/><D124/><U105/><E105/><V116/><F116/><W67/><G67/><T109/><D109/><U78/><E78/><V46/><F46/><W89/><G89/><T30/><D129/><U99/><AGARI ba="3,1" hai="17,20,26,49,51,82,85,90,97,98,99" m="4407" machi="99" ten="30,3000,0" yaku="8,1,52,1" doraHai="21" who="1" fromWho="1" sc="292,-13,332,49,288,-13,78,-13" /><INIT seed="5,4,0,5,0,63" ten="279,381,275,65" oya="1" hai0="75,65,69,104,27,76,132,58,46,62,85,22,125" hai1="102,93,4,103,50,79,48,124,39,59,113,31,77" hai2="70,130,64,18,122,45,86,66,115,107,43,83,24" hai3="47,101,98,92,5,114,82,21,1,94,6,135,9"/><U0/><E39/><V71/><F122/><W2/><G114/><T78/><D104/><U97/><E113/><V11/><F107/><W121/><G121/><T126/><D75/><U20/><E124/><N who="0" m="47721" /><D132/><U53/><E0/><V33/><F130/><W61/><G135/><T57/><D46/><U29/><E4/><V90/><F115/><W67/><G47/><T81/><D78/><N who="1" m="29707" /><E103/><V25/><F71/><W7/><G82/><T120/><D120/><U111/><E111/><V129/><F129/><W14/><G1/><T52/><D52/><N who="1" m="32135" /><E20/><V108/><F70/><W60/><G60/><T128/><D128/><U95/><E93/><V49/><F108/><W134/><G134/><T42/><D42/><U10/><E10/><V8/><F33/><W119/><G119/><T73/><D73/><U96/><E96/><V131/><F131/><W100/><G2/><T26/><D22/><U28/><E28/><V109/><F109/><W110/><G110/><T3/><D3/><U74/><E74/><V89/><F89/><W38/><G38/><T117/><D117/><U40/><E40/><V54/><F43/><W15/><G94/><T80/><D80/><U55/><E55/><V88/><F90/><W32/><G32/><T19/><D19/><U13/><E13/><N who="2" m="7463" /><F11/><W16/><REACH who="3" step="1"/><G100/><REACH who="3" ten="279,381,275,55" step="2"/><T12/><D81/><U105/><E105/><V106/><F106/><W87/><G87/><T72/><D85/><U37/><E37/><V36/><F36/><W23/><G23/><T68/><D72/><U127/><E127/><V112/><F112/><W84/><G84/><T41/><D76/><RYUUKYOKU ba="4,1" sc="279,-30,381,10,275,10,55,10" hai1="29,31,50,53,95,97,102" hai2="24,25,45,49,54,64,66,83,86,88" hai3="5,6,7,9,14,15,16,21,61,67,92,98,101" /><INIT seed="5,5,1,4,2,119" ten="249,391,285,65" oya="1" hai0="53,68,133,115,50,52,114,64,111,134,100,30,65" hai1="92,80,75,1,33,107,123,0,126,18,69,48,5" hai2="57,13,125,54,82,117,61,128,10,129,124,39,121" hai3="51,120,26,131,71,59,29,46,35,12,110,83,89"/><U27/><E92/><V90/><F39/><W79/><G110/><T42/><D100/><U91/><E48/><V101/><F121/><W85/><G71/><T73/><D73/><U38/><E123/><V37/><F37/><W87/><G131/><N who="2" m="50249" /><F101/><W96/><G59/><T81/><D81/><U106/><E91/><V47/><F47/><W67/><G67/><N who="0" m="25675" /><D30/><N who="1" m="19679" /><E18/><N who="2" m="8503" /><F117/><W7/><G96/><T8/><D8/><U4/><E38/><V36/><F36/><W15/><G7/><T22/><D22/><U9/><E69/><V63/><F63/><W135/><BYE who="2" /><G135/><N who="0" m="51723" /><D68/><U97/><E97/><V11/><F11/><W45/><G45/><N who="0" m="25911" /><D111/><UN n2="%50%6F%6F%48%65%3F" /><U72/><E4/><V3/><F3/><W78/><G120/><T41/><D41/><U103/><E0/><V94/><F82/><W127/><G127/><T28/><D28/><U32/><E80/><V34/><F34/><W88/><G79/><T6/><D6/><U86/><E32/><V66/><F66/><W49/><G78/><T108/><D108/><U60/><E75/><V25/><F25/><W21/><G35/><T76/><D76/><U43/><E72/><V130/><N who="2" m="50257" /><V98/><AGARI ba="5,1" hai="54,57,61,90,94,98,124,125" m="8503,50257" machi="98" ten="40,2700,0" yaku="4,1,19,1" doraHai="119" who="2" fromWho="2" sc="249,-12,391,-18,285,52,65,-12" /><INIT seed="6,0,0,4,1,28" ten="237,373,337,53" oya="2" hai0="117,4,49,124,127,112,23,12,30,100,25,39,83" hai1="38,35,134,10,84,90,85,64,116,13,70,82,42" hai2="111,102,37,14,118,87,16,132,50,91,40,31,101" hai3="21,5,135,122,15,24,66,92,79,54,9,51,126"/><V47/><F118/><W60/><G122/><T107/><D39/><U56/><E116/><V2/><F2/><W104/><G104/><T114/><D117/><U18/><E134/><V133/><F111/><W17/><G126/><N who="0" m="48171" /><D83/><U108/><E108/><V74/><F74/><W7/><G135/><T27/><D49/><U98/><E70/><V73/><F73/><W57/><G79/><T53/><D53/><U89/><E98/><V121/><F31/><W43/><G43/><T119/><D119/><U120/><E120/><V3/><F3/><W103/><G92/><T63/><D63/><U59/><E64/><V45/><F121/><W58/><REACH who="3" step="1"/><G103/><REACH who="3" ten="237,373,337,43" step="2"/><T11/><D100/><U128/><E42/><V99/><F132/><W62/><G62/><T105/><D105/><U129/><E90/><V44/><F133/><W75/><G75/><T97/><D107/><U71/><E89/><V78/><F78/><W29/><AGARI ba="0,1" hai="5,7,9,15,17,21,24,29,51,54,57,58,60,66" machi="29" ten="20,8000,1" yaku="1,1,0,1,7,1,8,1,53,1" doraHai="28" doraHaiUra="19" who="3" fromWho="3" sc="237,-20,373,-20,337,-40,43,90" /><INIT seed="7,0,0,3,1,86" ten="217,353,297,133" oya="3" hai0="55,75,112,56,130,11,101,99,41,4,127,82,10" hai1="8,69,17,22,84,115,97,28,119,39,40,74,108" hai2="37,0,66,24,51,30,88,63,59,132,100,125,131" hai3="36,126,2,90,120,49,87,26,80,32,52,102,67"/><W20/><G120/><T54/><D41/><U134/><E108/><V96/><F37/><W53/><G36/><T122/><D122/><U33/><E74/><V114/><F0/><W47/><G126/><T61/><D127/><U31/><E69/><V9/><F125/><W16/><G2/><T129/><D112/><U135/><E119/><V27/><F114/><W70/><G32/><T12/><D11/><U68/><E68/><V71/><F132/><N who="1" m="50729" /><E33/><V121/><F121/><W35/><G35/><T116/><D116/><U43/><E84/><V98/><F131/><N who="0" m="50186" /><D82/><U7/><E97/><V57/><F9/><W3/><G3/><T5/><D75/><U104/><E104/><V78/><F78/><W85/><G102/><T93/><D55/><U73/><E73/><V89/><F98/><W111/><G111/><T94/><D5/><U103/><E103/><V79/><F79/><N who="3" m="46239" /><G70/><T42/><D42/><N who="1" m="15915" /><E115/><V95/><F71/><W18/><G53/><T128/><N who="0" m="50194" /><T117/><DORA hai="77" /><D117/><U1/><E39/><V118/><F118/><W21/><G67/><T81/><D81/><U107/><E107/><AGARI ba="0,0" hai="4,10,12,54,56,61,93,94,99,101,107" m="50194" machi="107" ten="40,1300,0" yaku="19,1" doraHai="86,77" who="0" fromWho="1" sc="217,13,353,-13,297,0,133,0" owari="230,-17.0,340,44.0,297,9.7,133,-36.7" /></mjloggm>