<mjloggm ver="2.3"><GO type="169" lobby="0"/><UN n0="%6B%6B%65%65%6E%74%61%61" n1="%68%69%73%61%74%6F%E6%A3%92" n2="%74%61%6B%65%33" n3="%EF%BC%A0%E6%AC%A1%E7%94%B7" dan="17,16,17,17" rate="2153.03,2049.82,2209.04,2119.24" sx="M,M,M,M"/><TAIKYOKU oya="0"/><INIT seed="0,0,0,4,4,25" ten="250,250,250,250" oya="0" hai0="36,12,121,78,59,86,66,26,20,120,42,45,127" hai1="67,11,38,43,10,51,99,81,7,8,18,72,37" hai2="97,92,134,65,104,90,49,103,68,79,76,129,33" hai3="69,15,98,50,48,112,133,96,70,40,2,44,107"/><T95/><D127/><U85/><E99/><V122/><F122/><W130/><G2/><T106/><D106/><U61/><E72/><V115/><F115/><W116/><G112/><T91/><D78/><U4/><E18/><V58/><F68/><W118/><G15/><T105/><D105/><U23/><E23/><V57/><F129/><W71/><G130/><T14/><D66/><U30/><E30/><V55/><F134/><W74/><G74/><T80/><D59/><U52/><E43/><V46/><F33/><W32/><G32/><T75/><D75/><U3/><E61/><V88/><F90/><W41/><G107/><T63/><D63/><U22/><E22/><V125/><F125/><W35/><G35/><T28/><REACH who="0" step="1"/><D80/><REACH who="0" ten="240,250,250,250" step="2"/><U17/><E67/><V102/><F65/><W94/><G133/><T34/><D34/><U89/><E3/><V114/><F114/><W82/><G82/><T21/><D21/><U109/><E8/><V101/><F104/><W93/><G71/><T126/><D126/><U124/><E124/><V132/><F132/><W83/><G83/><T29/><D29/><U0/><E10/><V135/><F135/><W5/><G44/><T16/><D16/><U128/><E17/><V100/><N who="2" m="25600" /><DORA hai="19" /><V47/><F58/><W111/><G5/><T62/><D62/><U24/><E7/><V131/><F131/><W84/><G70/><T31/><D31/><U54/><E128/><V73/><F73/><W9/><G69/><T60/><D60/><U6/><E4/><V119/><F119/><W123/><G116/><T108/><D108/><RYUUKYOKU ba="0,1" sc="240,15,250,-15,250,15,250,-15" hai0="12,14,20,26,28,36,42,45,86,91,95,120,121" hai2="46,47,49,55,57,76,79,88,92,97" /><INIT seed="0,1,1,4,0,90" ten="255,235,265,235" oya="0" hai0="18,86,21,127,41,58,7,25,93,29,122,112,69" hai1="107,117,123,134,85,46,3,51,47,61,28,81,96" hai2="115,116,124,99,43,110,104,30,131,94,33,120,92" hai3="82,129,35,83,53,114,62,109,13,44,40,87,88"/><T97/><D112/><U15/><E117/><V66/><F120/><W80/><G114/><T125/><D122/><U38/><E3/><V23/><F115/><W113/><G113/><T100/><D69/><U54/><E134/><V108/><F33/><W65/><G109/><N who="2" m="42089" /><F116/><W24/><G129/><T119/><D119/><U60/><E28/><V118/><F118/><W64/><G13/><T121/><D121/><U16/><E46/><V34/><F34/><W105/><G105/><T48/><D7/><U1/><E38/><V14/><F131/><W135/><G135/><T32/><D86/><U10/><E1/><V11/><F66/><W84/><G24/><T91/><D91/><N who="1" m="51631" /><E123/><V73/><F43/><W68/><G35/><T63/><D48/><U6/><E6/><N who="2" m="3447" /><F73/><W79/><G82/><T75/><D41/><U52/><E54/><V132/><F132/><W76/><G53/><T39/><D39/><U103/><AGARI ba="1,1" hai="10,15,16,47,51,52,60,61,96,103,107" m="51631" machi="103" ten="30,4000,0" yaku="25,1,54,2" doraHai="90" who="1" fromWho="1" sc="255,-21,235,53,265,-11,235,-11" /><INIT seed="1,0,0,2,2,5" ten="234,288,254,224" oya="1" hai0="120,101,45,48,13,78,10,29,7,79,103,67,100" hai1="119,87,132,55,80,50,111,123,53,60,77,14,43" hai2="114,84,36,82,110,74,95,9,96,41,54,8,105" hai3="76,27,39,40,21,85,17,69,127,117,3,72,51"/><U12/><E123/><V61/><F110/><W31/><G127/><T106/><D120/><U37/><E37/><V24/><F114/><W73/><G69/><T4/><D106/><U19/><E119/><V30/><F74/><W126/><G126/><T2/><D29/><U113/><E132/><V0/><F105/><W18/><G39/><T135/><D135/><U70/><E113/><V1/><F0/><W38/><G38/><T91/><D67/><U83/><E14/><V121/><F1/><W26/><G3/><T46/><D45/><U112/><E111/><V108/><F41/><W93/><G117/><T98/><D2/><U133/><E133/><V131/><F36/><W102/><G73/><T59/><D59/><U68/><E60/><V86/><F86/><W118/><G72/><T89/><D7/><U97/><E83/><V25/><F108/><W94/><G118/><T16/><D4/><U71/><E97/><V75/><F75/><W109/><G109/><T22/><D22/><U28/><E28/><V23/><F25/><W99/><G18/><T128/><D128/><U116/><E116/><V34/><F34/><W6/><G6/><T134/><D134/><U125/><E125/><V104/><F104/><W63/><G63/><T64/><D64/><U56/><E112/><V88/><F131/><W58/><G58/><T49/><D49/><U130/><E130/><V33/><F121/><W122/><G122/><T42/><D98/><U66/><E66/><V15/><F33/><N who="3" m="20727" /><G99/><T129/><D129/><U35/><E35/><V52/><F96/><W115/><G115/><RYUUKYOKU ba="0,0" sc="234,30,288,-10,254,-10,224,-10" hai0="10,13,16,42,46,48,78,79,89,91,100,101,103" /><INIT seed="2,1,0,2,5,7" ten="264,278,244,214" oya="2" hai0="114,67,14,48,40,17,125,118,24,91,99,28,115" hai1="30,50,49,27,4,86,29,106,43,21,121,52,59" hai2="65,90,31,93,6,116,47,119,73,94,72,51,32" hai3="45,123,79,34,124,102,56,66,8,38,68,3,18"/><V74/><F65/><W12/><G123/><T57/><D125/><U10/><E106/><V16/><F6/><W98/><G124/><T130/><D130/><U25/><E86/><V35/><F94/><W22/><G68/><T2/><D2/><U132/><E132/><V36/><F36/><W82/><G34/><T39/><D118/><U41/><E49/><V69/><F69/><W61/><G3/><T23/><D39/><U81/><E81/><V15/><F35/><W97/><G45/><T55/><D67/><U44/><E44/><V100/><F100/><W126/><G126/><T76/><D76/><U83/><E83/><V101/><F101/><W77/><G38/><T87/><D99/><N who="3" m="37897" /><G102/><T95/><REACH who="0" step="1"/><D40/><REACH who="0" ten="254,278,244,214" step="2"/><U108/><E121/><V11/><F119/><W109/><G109/><T37/><D37/><U64/><E64/><V5/><F116/><W0/><G0/><T63/><D63/><U33/><E108/><V112/><F112/><W88/><G79/><T135/><D135/><U53/><E53/><V117/><F117/><W84/><G77/><T134/><D134/><U80/><E80/><V62/><F62/><W26/><G26/><T96/><D96/><U113/><E113/><V75/><F93/><W133/><G133/><T9/><AGARI ba="1,1" hai="9,14,17,23,24,28,48,55,57,87,91,95,114,115" machi="9" ten="20,5200,0" yaku="1,1,0,1,7,1,52,1,53,0" doraHai="7" doraHaiUra="105" who="0" fromWho="0" sc="254,65,278,-14,244,-27,214,-14" /><INIT seed="3,0,0,3,5,110" ten="319,264,217,200" oya="3" hai0="33,104,37,98,107,95,96,45,114,24,120,58,100" hai1="129,2,13,119,99,92,84,69,17,87,66,81,122" hai2="29,108,60,23,124,102,51,32,105,126,36,116,30" hai3="78,55,70,67,121,75,18,21,101,53,63,64,4"/><W46/><G121/><T130/><D120/><U117/><E122/><V109/><F36/><W112/><G112/><T3/><D3/><U40/><E2/><V7/><F105/><W52/><G4/><T42/><D130/><U90/><E87/><V131/><F102/><W48/><G67/><T54/><D33/><U38/><E129/><V56/><F51/><W79/><G101/><T26/><D107/><U47/><E66/><V27/><F131/><W39/><G39/><T77/><D77/><U88/><REACH who="1" step="1"/><E69/><REACH who="1" ten="319,254,217,200" step="2"/><V94/><F109/><W85/><G85/><T93/><D98/><U25/><E25/><V1/><F108/><W83/><REACH who="3" step="1"/><G78/><REACH who="3" ten="319,254,217,190" step="2"/><T125/><D96/><U34/><E34/><V20/><F32/><W15/><AGARI ba="0,2" hai="15,18,21,46,48,52,53,55,63,64,70,75,79,83" machi="15" ten="20,18000,2" yaku="1,1,2,1,0,1,7,1,54,1,53,1" doraHai="110" doraHaiUra="59" who="3" fromWho="3" sc="319,-60,254,-60,217,-60,190,200" /><INIT seed="3,1,0,5,0,107" ten="259,194,157,390" oya="3" hai0="3,115,43,95,61,17,76,51,57,21,129,15,48" hai1="25,14,108,134,122,99,11,18,114,36,86,125,55" hai2="78,97,47,79,49,109,82,126,72,8,80,0,42" hai3="133,123,100,103,87,132,128,38,118,33,4,112,110"/><W88/><G33/><T69/><D3/><U68/><E114/><V1/><F109/><W28/><G38/><T63/><D115/><U41/><E122/><V77/><F126/><W116/><G28/><T7/><D129/><U117/><E134/><N who="3" m="51818" /><G4/><T40/><D69/><U6/><E68/><V102/><F8/><W39/><G39/><T70/><D70/><U124/><E41/><V62/><F62/><W23/><G23/><T106/><D106/><U130/><E36/><V127/><F127/><N who="1" m="48713" /><E99/><V74/><REACH who="2" step="1"/><F78/><REACH who="2" ten="259,194,147,390" step="2"/><W93/><G110/><T45/><D76/><U131/><E108/><V53/><F53/><W5/><G112/><T37/><D63/><U10/><E55/><V105/><AGARI ba="1,1" hai="0,1,42,47,49,72,74,77,79,80,82,97,102,105" machi="105" ten="20,12000,2" yaku="1,1,0,1,7,1,9,1,52,2,53,0" doraHai="107" doraHaiUra="135" who="2" fromWho="2" sc="259,-31,194,-31,147,133,390,-61" /><INIT seed="4,0,0,1,3,119" ten="228,163,280,329" oya="0" hai0="89,62,28,132,20,105,22,73,84,29,126,33,43" hai1="41,102,64,130,6,82,8,19,23,9,51,114,113" hai2="100,45,38,58,40,78,90,36,128,85,66,3,94" hai3="70,75,91,10,2,57,106,123,55,15,47,110,18"/><T121/><D73/><U76/><E130/><V79/><F128/><W14/><G70/><T30/><D105/><U24/><E102/><V116/><F116/><W61/><G2/><T135/><D33/><U133/><E64/><V124/><F124/><W101/><G110/><T99/><D126/><U96/><E96/><V50/><F3/><W72/><G101/><T83/><D43/><U93/><E93/><V109/><F109/><W60/><G106/><T68/><D99/><U71/><E71/><V39/><F100/><W16/><G91/><T120/><D22/><U7/><E133/><N who="0" m="51273" /><D20/><U11/><E41/><V32/><F32/><W115/><G115/><N who="1" m="44042" /><E51/><V49/><F49/><W54/><G123/><N who="0" m="47179" /><D68/><U104/><E104/><V81/><F36/><W46/><G10/><N who="1" m="2562" /><U34/><DORA hai="107" /><E34/><V52/><F38/><W134/><G134/><T37/><D37/><U131/><E131/><V112/><F112/><W108/><G108/><T48/><D48/><U27/><E27/><V44/><F44/><W86/><G86/><AGARI ba="0,0" hai="6,7,19,23,24,76,82,86" m="2562,44042" machi="86" ten="40,2600,0" yaku="15,1,11,1" doraHai="119,107" who="1" fromWho="3" sc="228,0,163,26,280,0,329,-26" /><INIT seed="5,0,0,3,1,61" ten="228,189,280,303" oya="1" hai0="15,88,63,24,2,97,117,39,102,68,12,58,120" hai1="90,23,119,22,57,55,19,104,74,36,105,52,43" hai2="7,3,0,62,14,54,59,21,35,115,130,93,100" hai3="122,64,125,40,65,30,118,96,131,110,71,42,56"/><U5/><E119/><V25/><F130/><W84/><G110/><T60/><D117/><U114/><E5/><V124/><F124/><W38/><G118/><T37/><D2/><U17/><E74/><V82/><F35/><W85/><G122/><T20/><D120/><U31/><E31/><V113/><F82/><W49/><G96/><T6/><D68/><U112/><E43/><V11/><F100/><W103/><G103/><T50/><D63/><U79/><E57/><V29/><REACH who="2" step="1"/><F93/><REACH who="2" ten="228,189,270,303" step="2"/><W107/><G131/><T108/><D102/><U132/><E132/><V127/><F127/><W13/><G125/><T106/><D106/><U121/><E121/><V47/><F47/><W72/><G107/><T75/><D108/><U99/><E90/><V80/><F80/><W44/><G44/><T41/><D88/><U26/><E79/><V87/><F87/><W45/><G45/><T101/><D101/><U83/><E83/><V27/><F27/><W123/><G85/><T81/><D81/><U73/><E26/><V92/><F92/><W51/><G84/><T66/><D24/><U109/><E73/><V135/><F135/><W129/><G72/><T78/><D75/><U128/><E109/><V95/><F95/><W4/><G129/><T46/><D78/><U32/><E128/><V33/><F33/><W8/><G123/><T133/><D133/><U9/><E32/><V126/><F126/><W1/><G42/><T86/><D86/><U94/><E94/><V89/><F89/><W91/><G40/><T34/><D34/><U18/><E104/><V98/><F98/><RYUUKYOKU ba="0,1" sc="228,-10,189,-10,270,30,303,-10" hai2="0,3,7,11,14,21,25,29,54,59,62,113,115" /><INIT seed="6,1,1,3,2,108" ten="218,179,300,293" oya="2" hai0="25,96,77,23,21,57,73,127,100,0,27,31,3" hai1="5,45,18,84,131,92,62,37,34,6,129,126,39" hai2="85,124,36,123,48,54,104,61,132,46,120,41,47" hai3="38,119,97,134,12,72,94,52,53,86,106,111,19"/><V117/><F104/><W9/><G111/><T33/><D127/><U15/><E34/><V135/><F117/><W102/><G119/><T24/><D73/><U28/><E28/><V11/><F85/><W20/><G38/><T128/><D77/><U50/><E62/><V91/><F91/><W130/><G130/><T60/><D128/><U89/><E126/><V99/><F99/><W64/><G134/><N who="2" m="51241" /><F11/><W10/><G64/><T43/><D43/><U63/><E129/><V29/><F29/><W113/><G72/><T69/><D69/><U93/><E93/><V107/><F107/><W51/><G53/><T2/><D33/><U71/><E131/><V98/><F98/><W44/><G113/><T26/><D31/><U114/><E114/><V103/><F103/><W4/><G4/><T88/><N who="0" m="6144" /><DORA hai="35" /><T68/><D88/><U95/><E92/><V115/><F115/><W79/><G106/><T32/><D32/><U101/><E101/><V13/><F13/><W125/><G125/><T133/><D100/><U116/><E116/><V87/><F124/><W8/><G10/><T122/><D133/><U110/><E110/><V112/><F112/><W22/><G8/><T49/><D96/><U81/><E5/><V80/><F61/><W76/><G76/><T83/><D83/><AGARI ba="1,1" hai="9,12,19,20,22,44,51,52,79,83,86,94,97,102" machi="83" ten="40,2600,0" yaku="8,1,54,1" doraHai="108,35" who="3" fromWho="0" sc="218,-29,179,0,300,0,293,39" /><INIT seed="7,0,0,0,3,5" ten="189,179,300,332" oya="3" hai0="71,135,85,2,122,55,126,43,4,131,133,64,94" hai1="96,27,51,41,83,62,66,124,102,28,98,26,14" hai2="13,121,67,19,46,31,7,48,103,104,110,97,134" hai3="99,108,119,114,123,9,49,86,88,127,77,24,72"/><W10/><G119/><T118/><D118/><U79/><E124/><V75/><F110/><W106/><G123/><T84/><D122/><U16/><E28/><V91/><F121/><W40/><G108/><T92/><D126/><U68/><E96/><V33/><F134/><N who="0" m="51210" /><D43/><U125/><E125/><V90/><F75/><W6/><G114/><T50/><D2/><U113/><E113/><V74/><F74/><W80/><G6/><T37/><D37/><U70/><E68/><V78/><F78/><W29/><G127/><T38/><D38/><U59/><E79/><V100/><F7/><W130/><G130/><T3/><D131/><U58/><E83/><V101/><F67/><W61/><G61/><N who="0" m="40335" /><D3/><U95/><E70/><V93/><F104/><W73/><G73/><T35/><D35/><U20/><E41/><V81/><F33/><N who="3" m="20647" /><G49/><T12/><D12/><U30/><E30/><V112/><F31/><W105/><G105/><T17/><D17/><U52/><AGARI ba="0,0" hai="14,16,20,26,27,51,52,58,59,62,66,95,98,102" machi="52" ten="30,7900,0" yaku="0,1,8,1,54,2" doraHai="5" who="1" fromWho="1" sc="189,-20,179,79,300,-20,332,-39" /><INIT seed="8,0,0,1,4,23" ten="169,258,280,293" oya="0" hai0="61,48,37,9,134,91,100,104,107,71,89,130,32" hai1="69,39,97,27,7,50,2,19,17,26,110,80,3" hai2="20,117,86,85,118,109,90,119,127,51,67,55,13" hai3="35,121,42,111,58,36,60,33,8,84,40,101,120"/><T28/><D37/><U5/><E39/><V11/><F109/><W70/><G70/><T87/><D134/><U56/><E69/><V81/><F127/><W14/><G111/><T102/><D130/><U10/><E110/><V112/><F112/><W31/><G101/><T49/><D9/><U15/><E80/><V88/><F20/><W128/><G84/><N who="2" m="32361" /><F67/><N who="3" m="39319" /><G31/><T113/><D113/><U79/><E79/><V53/><F81/><W76/><G76/><T129/><D129/><U114/><E97/><V64/><F64/><W38/><G128/><T123/><D123/><N who="3" m="47177" /><G36/><T68/><D87/><U1/><E56/><N who="2" m="32831" /><F55/><W92/><G92/><T103/><D103/><U29/><E50/><V65/><F65/><W47/><G42/><T22/><D22/><N who="1" m="13663" /><E114/><V54/><F54/><W16/><AGARI ba="0,0" hai="8,14,16,33,35,38,40,47" m="47177,39319" machi="16" ten="30,2000,0" yaku="13,1,54,1" doraHai="23" who="3" fromWho="3" sc="169,-10,258,-5,280,-5,293,20" owari="159,-34.1,253,-14.7,275,7.5,313,41.3" /></mjloggm>