<mjloggm ver="2.3"><GO type="169" lobby="0"/><UN n0="%E3%81%B7%E3%83%BC%E3%82%84%E3%82%93" n1="%E5%BE%A1%E5%BD%B1%E3%82%86%E3%81%9A%E3%81%8D" n2="%68%69%72%61%6A%75%6E" n3="%E3%81%8B%E3%81%B6%E8%8C%B6" dan="17,16,16,17" rate="2170.18,2148.26,2069.17,2167.19" sx="M,M,M,M"/><TAIKYOKU oya="0"/><INIT seed="0,0,0,4,1,62" ten="250,250,250,250" oya="0" hai0="114,92,41,24,4,115,1,117,25,2,76,127,89" hai1="98,103,108,40,125,112,119,36,107,60,94,30,58" hai2="45,124,97,102,37,61,12,90,126,99,83,46,80" hai3="118,57,44,35,71,16,73,106,130,82,100,49,31"/><T39/><D117/><U29/><E119/><V85/><F12/><W128/><G71/><T104/><D104/><U101/><E112/><V3/><F3/><W134/><G118/><T22/><D76/><U116/><E116/><V43/><F80/><W133/><G106/><T18/><D127/><U113/><E125/><V5/><F5/><W21/><G100/><T111/><D111/><U129/><E113/><V74/><F74/><W55/><G31/><T6/><D41/><U15/><E108/><V51/><F61/><W120/><G35/><T65/><D39/><U91/><E129/><N who="3" m="49770" /><G120/><T81/><D81/><U54/><E101/><V7/><F7/><W87/><G44/><T88/><D92/><U79/><E79/><V9/><F9/><W122/><G122/><T68/><D68/><U13/><E40/><V121/><F121/><W77/><G73/><T67/><D18/><U66/><E36/><V26/><F26/><AGARI ba="0,0" hai="16,21,26,49,55,57,77,82,87,133,134" m="49770" machi="26" ten="30,2000,0" yaku="19,1,54,1" doraHai="62" who="3" fromWho="2" sc="250,0,250,0,250,-20,250,20" /><INIT seed="1,0,0,1,0,127" ten="250,250,230,270" oya="1" hai0="134,69,107,97,13,48,114,104,73,85,120,105,49" hai1="43,20,102,21,128,37,32,130,72,113,18,119,12" hai2="124,27,100,88,59,0,68,91,122,135,103,56,96" hai3="70,126,86,8,7,24,108,6,47,84,80,131,66"/><U101/><E32/><V36/><F122/><W89/><G126/><T5/><D73/><U44/><E119/><V34/><F124/><W109/><G70/><T118/><D118/><U29/><E72/><V78/><F0/><W30/><G66/><T95/><D114/><U50/><E113/><V129/><F36/><W2/><G6/><T106/><D120/><U16/><E29/><V53/><F68/><W4/><G4/><T51/><D134/><U81/><E81/><V90/><F78/><W55/><G131/><N who="1" m="50218" /><E37/><V123/><F123/><W61/><G84/><T31/><D31/><U111/><E111/><V19/><F129/><W125/><G125/><T39/><D39/><U99/><E99/><V52/><F135/><W11/><G11/><T79/><D97/><U112/><E112/><V74/><F74/><W35/><G47/><T117/><D117/><U40/><E43/><V28/><F19/><W41/><G41/><T75/><D75/><U82/><E82/><V94/><REACH who="2" step="1"/><F103/><REACH who="2" ten="250,250,220,270" step="2"/><W45/><G109/><T65/><D79/><U64/><E64/><V25/><F25/><AGARI ba="0,1" hai="12,16,18,20,21,25,40,44,50,101,102" m="50218" machi="25" ten="30,12000,1" yaku="19,1,52,3,54,1" doraHai="127" who="1" fromWho="2" sc="250,0,250,130,220,-120,270,0" /><INIT seed="1,1,0,5,1,122" ten="250,380,100,270" oya="1" hai0="89,16,66,118,84,117,24,60,71,59,3,91,127" hai1="100,26,49,64,5,90,126,123,106,132,109,61,105" hai2="31,87,67,92,2,125,131,43,8,80,129,32,133" hai3="45,19,107,12,63,56,37,70,10,110,124,51,53"/><U15/><E123/><V42/><F67/><W99/><G124/><T104/><D3/><U121/><E121/><V27/><F92/><W20/><G107/><T65/><D104/><U120/><E120/><V97/><F97/><W115/><G115/><T23/><D127/><U79/><E79/><V11/><F125/><W75/><G75/><T103/><D103/><U14/><E90/><V77/><F133/><W68/><G110/><T46/><D46/><U78/><E78/><V18/><F8/><W0/><G99/><T33/><D33/><U85/><E49/><V135/><F135/><W21/><G37/><T95/><REACH who="0" step="1"/><D91/><REACH who="0" ten="240,380,100,270" step="2"/><U1/><E100/><V13/><REACH who="2" step="1"/><F2/><REACH who="2" ten="240,380,90,270" step="2"/><W30/><G0/><T130/><D130/><AGARI ba="1,2" hai="11,13,18,27,31,32,42,43,77,80,87,129,130,131" machi="130" ten="40,8000,1" yaku="1,1,2,1,19,1,53,1" doraHai="122" doraHaiUra="72" who="2" fromWho="0" sc="240,-83,380,0,90,103,270,0" /><INIT seed="2,0,0,3,4,0" ten="157,380,193,270" oya="2" hai0="110,134,75,59,3,86,127,53,71,69,47,121,97" hai1="27,88,78,89,36,115,79,52,32,73,54,7,108" hai2="44,10,128,85,60,1,67,84,123,16,103,120,9" hai3="101,99,81,6,50,94,55,124,37,82,70,19,14"/><V95/><F128/><W18/><G37/><T39/><D75/><U45/><E115/><V5/><F44/><W105/><G70/><N who="0" m="26635" /><D86/><U91/><E108/><V61/><F61/><W65/><G65/><T72/><D97/><U129/><E129/><V119/><F119/><W42/><G105/><T109/><D3/><U13/><E73/><V40/><F40/><W102/><G102/><T112/><D72/><U49/><E36/><V25/><F85/><W62/><G124/><T63/><D112/><U104/><E104/><V135/><F135/><W87/><G62/><T30/><D30/><U11/><E32/><V28/><F84/><W131/><G42/><N who="0" m="23007" /><D121/><U125/><E125/><V22/><F95/><W130/><G130/><T51/><D127/><U12/><E54/><V68/><REACH who="2" step="1"/><F103/><REACH who="2" ten="157,380,183,270" step="2"/><W17/><G87/><T111/><D134/><U46/><E46/><V90/><F90/><W34/><G131/><T96/><D96/><U8/><E27/><V35/><F35/><W66/><G34/><T122/><D122/><U83/><E83/><V117/><F117/><W126/><G126/><T56/><D56/><U41/><E41/><V58/><F58/><N who="3" m="33143" /><G66/><T118/><D118/><U98/><E98/><V29/><F29/><W43/><G43/><T23/><D63/><U76/><E91/><V24/><F24/><W113/><G113/><T106/><D106/><U57/><E57/><V107/><F107/><W100/><G100/><T133/><D133/><U132/><E132/><V21/><F21/><AGARI ba="0,1" hai="21,23,51,53,59,109,110,111" m="23007,26635" machi="21" ten="40,1300,0" yaku="14,1" doraHai="0" who="0" fromWho="2" sc="157,23,380,0,183,-13,270,0" /><INIT seed="3,0,0,3,5,44" ten="180,380,170,270" oya="3" hai0="65,49,50,33,6,119,68,23,57,79,2,56,38" hai1="85,135,81,18,70,10,128,27,3,72,95,105,131" hai2="25,99,60,74,130,113,92,77,30,124,43,53,107" hai3="106,127,26,69,58,104,52,7,62,97,15,34,98"/><W93/><G127/><T88/><D33/><U89/><E70/><V39/><F113/><W24/><G69/><T109/><D38/><U48/><E105/><V16/><F124/><W123/><G123/><T78/><D119/><U1/><E135/><V82/><F130/><N who="1" m="49705" /><E48/><N who="0" m="18537" /><D68/><U71/><E71/><V90/><F107/><W19/><G34/><T112/><D2/><U67/><E67/><V42/><F39/><W134/><G134/><T66/><D112/><U51/><E51/><V63/><F30/><W11/><G106/><T36/><D36/><U28/><E28/><V17/><F63/><W4/><G104/><T96/><D6/><N who="3" m="2089" /><G98/><T110/><D23/><N who="1" m="13815" /><E10/><V80/><F80/><W9/><G9/><T126/><D126/><U46/><E46/><V133/><F133/><W83/><G83/><T120/><D120/><U76/><AGARI ba="0,0" hai="1,3,72,76,81,85,89,95" m="13815,49705" machi="76" ten="30,1100,0" yaku="19,1" doraHai="44" who="1" fromWho="1" sc="180,-3,380,11,170,-3,270,-5" /><INIT seed="4,0,0,0,4,24" ten="177,391,167,265" oya="0" hai0="43,23,104,21,68,101,27,19,36,97,117,10,9" hai1="75,110,128,32,119,48,35,65,80,71,90,70,8" hai2="34,134,39,69,100,28,84,92,96,16,107,29,74" hai3="60,12,95,46,67,62,0,18,113,3,76,4,82"/><T103/><D117/><U108/><E8/><V126/><F39/><W64/><G113/><T1/><D68/><U86/><E119/><V73/><F69/><W120/><G120/><T115/><D115/><U41/><E75/><V109/><F109/><W79/><G95/><T89/><D1/><U57/><E32/><V61/><F34/><W88/><G46/><T17/><D101/><U81/><E35/><V49/><F61/><W63/><G4/><T105/><D105/><U129/><E81/><V99/><F49/><W111/><G0/><T118/><D118/><U7/><E7/><V5/><F5/><W40/><G40/><T26/><REACH who="0" step="1"/><D89/><REACH who="0" ten="167,391,167,265" step="2"/><U2/><E2/><V132/><F107/><W77/><G3/><T66/><D66/><U85/><E65/><V31/><F100/><W93/><G111/><T114/><D114/><U131/><E110/><V53/><F126/><W13/><G67/><T44/><AGARI ba="0,1" hai="9,10,17,19,21,23,26,27,36,43,44,97,103,104" machi="44" ten="30,11700,0" yaku="1,1,0,1,9,1,53,1" doraHai="24" doraHaiUra="38" who="0" fromWho="0" sc="167,127,391,-39,167,-39,265,-39" /><INIT seed="4,1,0,4,4,90" ten="294,352,128,226" oya="0" hai0="12,21,5,18,34,53,8,115,41,97,26,87,79" hai1="61,71,49,113,54,31,23,106,98,93,7,10,128" hai2="20,51,52,121,120,92,133,24,108,127,4,50,28" hai3="103,19,36,129,3,57,64,29,89,130,82,119,86"/><T102/><D115/><U125/><E106/><V135/><F108/><W104/><G119/><T22/><D41/><U126/><E113/><V109/><F109/><W134/><G36/><T33/><D79/><U1/><E128/><V81/><F4/><W96/><G3/><T14/><D87/><U27/><E71/><V25/><F81/><W38/><G38/><T75/><D53/><U91/><REACH who="1" step="1"/><E61/><REACH who="1" ten="294,342,128,226" step="2"/><V48/><F121/><W15/><G104/><T45/><D75/><U9/><E9/><V47/><F120/><W83/><G129/><T37/><D37/><U67/><E67/><V123/><F123/><W16/><G64/><T74/><D74/><U73/><E73/><V66/><F66/><W60/><G60/><T105/><REACH who="0" step="1"/><D45/><AGARI ba="1,1" hai="1,7,10,23,27,31,45,49,54,91,93,98,125,126" machi="45" ten="40,2600,0" yaku="1,1,52,1,53,0" doraHai="90" doraHaiUra="111" who="1" fromWho="0" sc="294,-29,342,39,128,0,226,0" /><INIT seed="5,0,0,0,2,101" ten="265,381,128,226" oya="1" hai0="56,27,91,106,87,71,89,108,0,41,23,85,25" hai1="73,64,34,54,52,121,45,132,131,50,16,93,28" hai2="49,8,61,130,97,46,63,43,117,2,13,128,67" hai3="6,123,48,83,58,99,20,11,3,127,70,81,102"/><U92/><E73/><V17/><F117/><W26/><G70/><T10/><D71/><U40/><E121/><V118/><F118/><W79/><G123/><T21/><D108/><U126/><E132/><V74/><F74/><W105/><G127/><T30/><D41/><U51/><E126/><V133/><F133/><W120/><G120/><T125/><D125/><U65/><E34/><V75/><F75/><W98/><G98/><T76/><D106/><U33/><E33/><V9/><F97/><W14/><G3/><T113/><D113/><U114/><E131/><V57/><REACH who="2" step="1"/><F63/><REACH who="2" ten="265,381,118,226" step="2"/><W80/><G79/><T24/><D76/><U84/><E114/><V104/><F104/><W100/><G99/><T37/><D85/><U60/><E60/><V94/><F94/><W96/><G96/><T38/><D87/><U112/><E92/><V124/><F124/><W135/><G105/><T66/><D89/><U5/><E84/><V22/><F22/><W15/><G135/><T119/><D23/><U68/><E93/><V39/><F39/><W115/><G115/><T88/><D37/><U116/><E112/><V4/><AGARI ba="0,1" hai="2,4,8,9,13,17,43,46,49,57,61,67,128,130" machi="4" ten="30,2000,0" yaku="1,1,0,1,53,0" doraHai="101" doraHaiUra="18" who="2" fromWho="2" sc="265,-5,381,-10,118,30,226,-5" /><INIT seed="6,0,0,1,5,104" ten="260,371,148,221" oya="2" hai0="66,46,30,79,13,42,73,101,112,76,35,90,49" hai1="89,84,29,78,113,7,64,1,19,118,9,4,48" hai2="110,77,111,82,47,31,44,72,94,134,80,17,124" hai3="8,91,18,69,120,107,14,38,70,68,126,24,67"/><V37/><F134/><W3/><G120/><T108/><D108/><N who="2" m="41514" /><F31/><W25/><G38/><T122/><D122/><U21/><E118/><V12/><F124/><W125/><G107/><T117/><D101/><U98/><E113/><V102/><F37/><W133/><G133/><T97/><D112/><U53/><E64/><V36/><F36/><W61/><G3/><T85/><D97/><U28/><E98/><N who="2" m="59735" /><F82/><W52/><G52/><T27/><D66/><U87/><E7/><V123/><F123/><W54/><G54/><T63/><D117/><U23/><E78/><V59/><F59/><N who="3" m="37311" /><G91/><T75/><D79/><U128/><E28/><V39/><F39/><W83/><G83/><T103/><D103/><U88/><E29/><V131/><F131/><W95/><G95/><T50/><D76/><U33/><E33/><V71/><F71/><W57/><G57/><T34/><D30/><U99/><E99/><V129/><F129/><W106/><G106/><T56/><D35/><U127/><E127/><AGARI ba="0,0" hai="8,14,18,24,25,68,69,70,125,126,127" m="37311" machi="127" ten="40,1300,0" yaku="18,1" doraHai="104" who="3" fromWho="1" sc="260,0,371,-13,148,0,221,13" /><INIT seed="7,0,0,4,1,44" ten="260,358,148,234" oya="3" hai0="39,6,43,127,70,128,108,85,1,3,122,9,11" hai1="40,19,129,67,53,106,126,7,131,74,114,89,27" hai2="16,91,120,134,59,118,111,135,116,86,98,97,121" hai3="32,24,60,77,38,33,88,47,73,81,51,95,119"/><W87/><G119/><T117/><D117/><N who="2" m="45162" /><F59/><W35/><G38/><T79/><D108/><U69/><E126/><V109/><F16/><W80/><G60/><T93/><D122/><N who="2" m="47210" /><F86/><W13/><G13/><T50/><D128/><U45/><E74/><V112/><F91/><W25/><REACH who="3" step="1"/><G81/><REACH who="3" ten="260,358,148,224" step="2"/><T94/><D39/><U130/><E131/><V66/><F66/><W22/><G22/><T62/><D62/><U14/><E67/><V41/><F41/><AGARI ba="0,1" hai="24,25,32,33,35,41,47,51,73,77,80,87,88,95" machi="41" ten="40,12000,1" yaku="1,1,52,1,54,1,53,2" doraHai="44" doraHaiUra="23" who="3" fromWho="2" sc="260,0,358,0,148,-120,224,130" /><INIT seed="7,1,0,1,0,10" ten="260,358,28,354" oya="3" hai0="17,62,111,84,52,7,61,66,119,92,126,72,41" hai1="69,45,3,108,24,40,4,50,78,81,93,99,34" hai2="16,90,130,79,96,57,12,134,56,11,70,110,97" hai3="117,125,116,75,80,59,48,77,44,35,20,132,54"/><W131/><G35/><T27/><D111/><U68/><E108/><V18/><F110/><W135/><G131/><T14/><D119/><U100/><E3/><V82/><F130/><W94/><G125/><T86/><D72/><U74/><REACH who="1" step="1"/><E4/><REACH who="1" ten="260,348,28,354" step="2"/><V31/><F134/><N who="3" m="51243" /><G20/><T95/><D126/><U122/><E122/><V120/><F120/><W8/><G8/><T112/><D112/><U105/><E105/><V47/><F70/><W65/><G94/><T1/><D41/><U55/><E55/><V121/><F121/><W133/><G133/><T106/><D106/><U46/><E46/><V42/><F31/><AGARI ba="1,1" hai="24,31,34,40,45,50,68,69,74,78,81,93,99,100" machi="31" ten="40,1300,0" yaku="1,1,53,0" doraHai="10" doraHaiUra="124" who="1" fromWho="2" sc="260,0,348,26,28,-16,354,0" owari="260,-14.0,374,47.4,12,-48.8,354,15.4" /></mjloggm>