<mjloggm ver="2.3"><GO type="169" lobby="0"/><UN n0="%E8%8D%92%E6%9C%A8%E6%AF%94%E5%A5%88" n1="%E3%81%82%E3%81%9F%E3%81%8B%E3%81%AA" n2="%61%63%74%79" n3="%E3%83%AC%E3%82%A4%E3%83%88%E3%83%B3%E5%87%86%E6%95%99%E6%8E%88" dan="16,17,16,18" rate="2170.13,2177.15,2031.45,2274.03" sx="F,M,M,M"/><TAIKYOKU oya="0"/><INIT seed="0,0,0,5,2,51" ten="250,250,250,250" oya="0" hai0="65,60,71,124,98,128,131,61,58,44,52,113,84" hai1="63,96,45,115,40,82,11,15,119,103,28,102,75" hai2="93,46,68,94,78,42,117,133,73,10,79,62,90" hai3="5,125,64,31,114,21,16,72,86,36,13,95,32"/><T100/><D113/><U135/><E119/><V43/><F117/><W109/><G114/><T25/><D124/><U55/><E115/><V12/><F133/><W110/><G72/><T26/><D84/><U107/><E28/><V87/><F42/><W3/><G36/><T132/><D132/><U106/><E135/><V20/><F20/><W35/><G64/><T56/><D44/><U24/><E24/><V85/><F73/><W8/><G95/><T41/><D41/><U111/><E111/><N who="3" m="42506" /><G86/><T30/><D71/><U23/><E23/><V105/><F105/><W18/><G31/><T108/><D108/><U54/><E63/><V22/><F62/><W81/><G81/><T80/><D80/><U19/><E103/><V6/><F22/><N who="3" m="11535" /><G125/><T7/><D7/><U104/><E106/><V134/><F68/><W76/><G76/><T127/><D127/><U33/><E104/><V17/><F134/><W70/><G70/><T29/><D29/><U59/><E33/><V123/><F78/><W83/><G83/><T4/><D4/><U47/><E82/><V116/><F79/><W101/><G101/><T89/><D30/><U53/><E75/><V1/><F94/><W88/><G88/><T99/><D89/><U9/><E9/><V2/><F90/><W27/><AGARI ba="0,0" hai="3,5,8,18,21,27,32,35" m="11535,42506" machi="27" ten="30,7900,0" yaku="14,1,34,2,54,1" doraHai="51" who="3" fromWho="3" sc="250,-39,250,-20,250,-20,250,79" /><INIT seed="1,0,0,3,0,18" ten="211,230,230,329" oya="1" hai0="33,133,13,111,82,38,17,95,54,23,12,11,77" hai1="68,58,128,131,26,94,87,130,84,64,35,1,59" hai2="56,57,110,75,135,51,25,116,121,46,72,45,71" hai3="39,43,101,65,53,67,61,104,126,4,40,16,47"/><U86/><E1/><V3/><F3/><W107/><G126/><T132/><D38/><U96/><E68/><V62/><F25/><W85/><G43/><T79/><D33/><U37/><E37/><V78/><F78/><W34/><G34/><T52/><D95/><U81/><E81/><V69/><F72/><W55/><G4/><T44/><D111/><U66/><E35/><V29/><F75/><W98/><G104/><T90/><D90/><U120/><E120/><V10/><F29/><W127/><G67/><N who="1" m="25642" /><E26/><V36/><F10/><W60/><G60/><T31/><D44/><U100/><AGARI ba="0,0" hai="58,59,84,86,87,94,96,100,128,130,131" m="25642" machi="100" ten="40,2100,0" yaku="19,1" doraHai="18" who="1" fromWho="1" sc="211,-7,230,21,230,-7,329,-7" /><INIT seed="1,1,0,4,1,82" ten="204,251,223,322" oya="1" hai0="22,53,104,121,100,77,28,67,106,80,98,75,129" hai1="96,43,54,1,27,2,127,117,92,115,90,23,95" hai2="59,84,50,24,0,3,41,32,99,55,72,118,18" hai3="17,122,36,25,8,40,93,58,6,133,83,20,112"/><U123/><E115/><V87/><F72/><W120/><G112/><T9/><D129/><U38/><E117/><V63/><F118/><W30/><G133/><T111/><D111/><U5/><E123/><V91/><F0/><W60/><G40/><T110/><D110/><U66/><E127/><V14/><F3/><W42/><G42/><T48/><D67/><U119/><E119/><V88/><F99/><W7/><G36/><T128/><D128/><U124/><E5/><V37/><F37/><W103/><G83/><T70/><D70/><U31/><E124/><V52/><F41/><W13/><G120/><T78/><D78/><U45/><E66/><V46/><F24/><W11/><G11/><T85/><D75/><U29/><E29/><V102/><F32/><W33/><G33/><T131/><D131/><U79/><E79/><V10/><F102/><W81/><G81/><T101/><D9/><U19/><E54/><V105/><F105/><W97/><G122/><T125/><D125/><U130/><E130/><V39/><F39/><W57/><G57/><T62/><D62/><U56/><E56/><V114/><F114/><W107/><G107/><T44/><D121/><U71/><E71/><V68/><F68/><W26/><G26/><T132/><D132/><U51/><E38/><V134/><F134/><W16/><G6/><T116/><D116/><U49/><E49/><V89/><AGARI ba="1,0" hai="10,14,18,46,50,52,55,59,63,84,87,88,89,91" machi="89" ten="30,12000,2" yaku="0,1,8,1,52,2,54,2" doraHai="82" who="2" fromWho="2" sc="204,-31,251,-61,223,123,322,-31" /><INIT seed="2,0,0,2,1,107" ten="173,190,346,291" oya="2" hai0="29,11,3,49,127,10,0,21,87,79,128,39,125" hai1="54,23,63,65,47,106,9,25,108,75,44,40,117" hai2="1,72,15,99,133,62,55,20,51,32,64,73,103" hai3="102,53,85,109,33,48,52,26,59,105,37,6,41"/><V84/><F1/><W81/><G109/><T95/><D39/><U17/><E108/><V112/><F32/><W82/><G6/><T100/><D128/><U93/><E106/><V58/><F112/><W114/><G114/><T57/><D3/><U76/><E117/><V19/><F84/><W50/><G37/><T98/><D0/><U134/><E134/><V28/><F28/><W118/><G41/><T120/><D120/><U91/><E54/><V92/><REACH who="2" step="1"/><F133/><REACH who="2" ten="173,190,336,291" step="2"/><W88/><G118/><T135/><D135/><U45/><E75/><V16/><F16/><W2/><G2/><T18/><D29/><U74/><E74/><V124/><F124/><W27/><G33/><T8/><D127/><U42/><E76/><V13/><F13/><W66/><G26/><T60/><D125/><U104/><E17/><V89/><F89/><W61/><G27/><N who="0" m="14775" /><D87/><U34/><E34/><V78/><F78/><W22/><G85/><T86/><D86/><U5/><E25/><V69/><AGARI ba="0,1" hai="15,19,20,51,55,58,62,64,69,72,73,92,99,103" machi="69" ten="20,12000,1" yaku="1,1,0,1,7,1,52,2,53,0" doraHai="107" doraHaiUra="38" who="2" fromWho="2" sc="173,-40,190,-40,336,130,291,-40" /><INIT seed="2,1,0,1,1,13" ten="133,150,466,251" oya="2" hai0="112,9,33,12,34,56,40,58,32,120,88,62,45" hai1="7,128,31,123,85,23,14,81,79,26,82,0,102" hai2="87,101,36,76,52,121,100,84,134,118,119,66,126" hai3="21,50,111,3,20,11,4,103,92,63,39,97,72"/><V89/><F36/><W78/><G111/><T114/><D120/><U116/><E116/><V6/><F66/><W24/><G39/><T133/><D133/><U90/><E128/><V61/><F121/><W38/><G38/><T22/><D22/><U51/><E123/><V93/><F6/><W132/><G132/><T17/><D56/><U91/><E0/><V42/><F42/><W80/><G50/><T99/><D45/><U43/><E102/><V135/><F61/><W8/><G8/><T35/><N who="0" m="8192" /><DORA hai="109" /><T94/><REACH who="0" step="1"/><D40/><REACH who="0" ten="123,150,466,251" step="2"/><U105/><E23/><V48/><F134/><W54/><G24/><T46/><D46/><U95/><E43/><V59/><F135/><W74/><G21/><T53/><AGARI ba="1,1" hai="9,12,17,53,58,62,88,94,99,112,114" m="8192" machi="53" ten="60,16000,3" yaku="1,1,0,1,52,3,54,1,53,4" doraHai="13,109" doraHaiUra="28,18" who="0" fromWho="0" sc="123,173,150,-41,466,-81,251,-41" /><INIT seed="3,0,0,1,1,38" ten="296,109,385,210" oya="3" hai0="5,85,134,63,65,56,23,103,133,123,35,17,86" hai1="18,31,67,87,64,84,73,1,95,101,14,66,16" hai2="6,55,68,0,130,20,32,108,45,132,115,30,44" hai3="124,47,135,24,4,70,118,88,83,57,61,116,129"/><W82/><G135/><N who="0" m="51723" /><D123/><U46/><E1/><V105/><F132/><W27/><G70/><T36/><D35/><U128/><E73/><V72/><F32/><W11/><G129/><T117/><D36/><U51/><E128/><V54/><F105/><W77/><G124/><T58/><D117/><U100/><E31/><V50/><F68/><W97/><G47/><T110/><D110/><U60/><E60/><V78/><F108/><W104/><G104/><T90/><D103/><N who="1" m="39499" /><E95/><V119/><F119/><W13/><G118/><T19/><D5/><U96/><E96/><V112/><F0/><W127/><G127/><T125/><D125/><U93/><E93/><V62/><F72/><W48/><G97/><T25/><D86/><N who="1" m="32811" /><E14/><V76/><F130/><W53/><G116/><T120/><D120/><U9/><E9/><V79/><F30/><W102/><G102/><T113/><D113/><U21/><E21/><V114/><F20/><W91/><G61/><N who="0" m="38055" /><D23/><U59/><E59/><V122/><F6/><W52/><G4/><T81/><D25/><U121/><E121/><V42/><F122/><W131/><G131/><T74/><D74/><U71/><E71/><V12/><F12/><W99/><G13/><T41/><D58/><U106/><E106/><V8/><F8/><W107/><G57/><T89/><D63/><U37/><E37/><N who="2" m="21583" /><F62/><W80/><G107/><T2/><D2/><U109/><E109/><V43/><F115/><W126/><G11/><T111/><D111/><U7/><E7/><V10/><F10/><W39/><G126/><T49/><D90/><N who="3" m="34345" /><G24/><T3/><D3/><RYUUKYOKU ba="0,0" sc="296,10,109,10,385,10,210,-30" hai0="17,19,41,49,81,85,89" hai1="16,18,46,51,64,66,67" hai2="43,45,50,54,55,76,78,79,112,114" /><INIT seed="4,1,0,4,1,118" ten="306,119,395,180" oya="0" hai0="25,62,16,12,106,98,33,123,102,88,28,0,9" hai1="73,97,120,56,113,5,87,29,129,74,2,58,65" hai2="52,10,49,32,84,68,117,79,89,11,37,18,77" hai3="95,7,130,134,78,131,20,122,50,132,92,105,126"/><T111/><D111/><U69/><E2/><V67/><F117/><W133/><G105/><T6/><D123/><U55/><E5/><V116/><F37/><W3/><G78/><T135/><D135/><U82/><E129/><N who="3" m="49162" /><G122/><T36/><D36/><U103/><E58/><V108/><F32/><W90/><G20/><N who="0" m="11271" /><D62/><U109/><E109/><V104/><F104/><W46/><G3/><T114/><D114/><U121/><E74/><V115/><F115/><W1/><G1/><T38/><D38/><U13/><E73/><V31/><F67/><W41/><G7/><T127/><D127/><U53/><E113/><V86/><F68/><W119/><G119/><T100/><D106/><U39/><E39/><V42/><F42/><W80/><G126/><T4/><D4/><U72/><E72/><V70/><F70/><W44/><G44/><T34/><D33/><U81/><E13/><V47/><F108/><W45/><G45/><T60/><D60/><U71/><E65/><V26/><F77/><W61/><G61/><T101/><D101/><U14/><E14/><V93/><F84/><AGARI ba="1,0" hai="41,46,50,80,84,90,92,95,132,133,134" m="49162" machi="84" ten="40,2600,0" yaku="20,1,19,1" doraHai="118" who="3" fromWho="2" sc="306,0,119,0,395,-29,180,29" /><INIT seed="5,0,0,2,5,105" ten="306,119,366,209" oya="1" hai0="14,124,60,87,10,36,50,37,35,79,84,53,39" hai1="106,65,56,40,117,70,54,127,20,132,67,31,111" hai2="75,3,118,9,13,64,125,78,121,15,69,74,29" hai3="109,73,120,76,26,22,63,5,112,119,88,46,19"/><U42/><E117/><V62/><F118/><W85/><G119/><T43/><D35/><U32/><E106/><V93/><F121/><W110/><G120/><T100/><D124/><U103/><E127/><V27/><F125/><W96/><G112/><T90/><D100/><U98/><E132/><V41/><F41/><N who="1" m="15977" /><E32/><V8/><F3/><W116/><G96/><T91/><D79/><U52/><E70/><V72/><F78/><W61/><G116/><T33/><D33/><U71/><E71/><V130/><F130/><W128/><G128/><T48/><D60/><N who="1" m="38023" /><E67/><V77/><F77/><W68/><G68/><T113/><D113/><U89/><E89/><V101/><F93/><W30/><G63/><T86/><D43/><U131/><E131/><V133/><F101/><W81/><G61/><T66/><D66/><U44/><E44/><V28/><F133/><W12/><G46/><T2/><D2/><U83/><E83/><V24/><F28/><W34/><REACH who="3" step="1"/><G5/><REACH who="3" ten="306,119,366,199" step="2"/><T1/><D37/><U97/><E111/><V99/><F99/><N who="1" m="37897" /><E103/><V115/><F115/><W18/><G18/><T16/><D36/><U11/><E11/><V57/><F69/><W102/><G102/><T80/><D39/><U126/><E126/><V4/><REACH who="2" step="1"/><F29/><REACH who="2" ten="306,119,356,199" step="2"/><W95/><AGARI ba="0,2" hai="12,19,22,26,30,34,73,76,81,85,88,95,109,110" machi="95" ten="20,8000,1" yaku="1,1,0,1,7,1,52,1,54,1,53,0" doraHai="105" doraHaiUra="47" who="3" fromWho="3" sc="306,-20,119,-40,356,-20,199,100" /><INIT seed="6,0,0,0,5,79" ten="286,79,336,299" oya="2" hai0="45,124,22,24,119,122,99,14,78,51,15,52,48" hai1="128,33,102,3,121,30,131,36,92,43,6,101,75" hai2="39,25,37,86,64,100,26,93,132,32,62,21,72" hai3="19,35,77,5,107,57,56,89,11,44,29,59,12"/><V88/><F72/><W7/><G107/><T83/><D122/><U60/><E60/><V106/><F132/><W134/><G134/><T38/><D38/><U28/><E36/><V126/><F126/><W54/><G77/><T0/><D0/><U114/><E43/><V63/><F63/><W34/><G29/><T115/><D99/><U10/><E75/><V9/><F9/><W118/><G118/><T123/><D115/><U97/><E114/><V8/><F8/><W50/><G35/><T13/><D123/><U41/><E41/><V74/><F74/><W65/><G34/><T105/><D105/><U27/><E121/><V68/><F26/><W58/><G89/><T116/><D124/><U18/><E30/><N who="2" m="19535" /><F21/><W82/><G82/><T111/><D111/><U46/><E46/><V40/><F40/><W69/><G69/><T117/><D48/><U70/><E70/><V71/><F71/><W130/><G130/><T81/><REACH who="0" step="1"/><D78/><REACH who="0" ten="276,79,336,299" step="2"/><U120/><E120/><V90/><F90/><W1/><G1/><T103/><D103/><U85/><E101/><V112/><F112/><W129/><G129/><T80/><D80/><U96/><E96/><AGARI ba="0,1" hai="37,39,62,64,68,86,88,93,96,100,106" m="19535" machi="96" ten="30,2900,0" yaku="25,1,54,1" doraHai="79" who="2" fromWho="1" sc="276,0,79,-29,336,39,299,0" /><INIT seed="6,1,0,3,5,19" ten="276,50,375,299" oya="2" hai0="13,3,47,100,45,0,76,49,87,75,108,133,21" hai1="111,72,46,63,14,121,40,57,29,35,50,117,105" hai2="118,53,6,44,80,102,84,56,82,122,27,8,9" hai3="91,11,20,55,4,38,78,58,33,64,90,83,94"/><V69/><F69/><W36/><G33/><T51/><D108/><U131/><E105/><V123/><F118/><W12/><G64/><T39/><D75/><U81/><E35/><V66/><F102/><W129/><G129/><T70/><D70/><U16/><E29/><V71/><F71/><W120/><G120/><T68/><D68/><U24/><E24/><V25/><F66/><W135/><G135/><T32/><D32/><U88/><E111/><V18/><F44/><W103/><G103/><T86/><D133/><U65/><E131/><V113/><F113/><W1/><G90/><T54/><D100/><U28/><E117/><V2/><F80/><W110/><G110/><T15/><D76/><U99/><E28/><V109/><F109/><W59/><G59/><T41/><D39/><U73/><E121/><V132/><F132/><W104/><G104/><T5/><D5/><U23/><REACH who="1" step="1"/><E81/><REACH who="1" ten="276,40,375,299" step="2"/><V22/><F25/><W98/><G83/><T37/><D37/><U130/><E130/><V60/><F8/><W97/><G38/><T7/><D41/><U89/><E89/><AGARI ba="1,1" hai="2,6,9,18,22,27,53,56,60,82,84,89,122,123" machi="89" ten="30,2900,0" yaku="7,1,52,1" doraHai="19" who="2" fromWho="1" sc="276,0,40,-32,375,42,299,0" /><INIT seed="6,2,0,0,2,36" ten="276,8,417,299" oya="2" hai0="33,45,73,38,3,112,6,75,117,16,109,122,30" hai1="67,129,42,77,74,78,96,133,44,82,64,125,53" hai2="79,84,134,12,37,115,100,106,5,52,2,116,13" hai3="81,119,89,14,65,99,118,72,35,103,132,123,88"/><V69/><F69/><W25/><G123/><T27/><D122/><U62/><E125/><V56/><F116/><W21/><G132/><T54/><D117/><U26/><E133/><V105/><F2/><W127/><G127/><T0/><D54/><U32/><E129/><V102/><F37/><W98/><G35/><T48/><D48/><U60/><E96/><V19/><F134/><W121/><G121/><T92/><D92/><U29/><E78/><V94/><F105/><W17/><G65/><T39/><D16/><U1/><E1/><N who="0" m="585" /><D6/><U135/><E135/><V90/><F79/><W97/><G103/><T15/><D15/><U11/><E11/><N who="2" m="4207" /><F115/><W24/><G119/><T43/><D112/><U101/><E101/><V128/><F128/><W18/><G118/><T61/><D109/><U58/><E60/><N who="2" m="35847" /><F106/><W34/><G72/><T9/><D9/><AGARI ba="2,0" hai="9,13,19,84,90,94,100,102" m="35847,4207" machi="9" ten="30,2900,0" yaku="8,1,54,1" doraHai="36" who="2" fromWho="0" sc="276,-35,8,0,417,35,299,0" /><INIT seed="6,3,0,3,2,69" ten="241,8,452,299" oya="2" hai0="99,46,32,92,12,8,85,0,36,57,134,127,78" hai1="38,120,60,26,96,135,98,131,21,48,83,6,121" hai2="91,41,64,15,52,128,107,106,10,88,79,17,119" hai3="94,100,130,71,2,122,49,4,43,90,123,20,33"/><V23/><F119/><W70/><G33/><T16/><D127/><U31/><E83/><V66/><F106/><W109/><G109/><T50/><D134/><U126/><E126/><V72/><F107/><W18/><G130/><T27/><D36/><U24/><E135/><V74/><F41/><W14/><G100/><T105/><D105/><U112/><E112/><V133/><F133/><W30/><G71/><T89/><D57/><U86/><E86/><V125/><F128/><W40/><G70/><T101/><D0/><U104/><E131/><V114/><F114/><W59/><G30/><T132/><D132/><U22/><E104/><V116/><F74/><W84/><G2/><T51/><D78/><U77/><E77/><V108/><F108/><W7/><G43/><T95/><REACH who="0" step="1"/><D46/><REACH who="0" ten="231,8,452,299" step="2"/><U47/><E60/><V28/><F79/><W102/><G59/><T39/><D39/><U103/><E38/><V9/><F125/><W5/><REACH who="3" step="1"/><G102/><REACH who="3" ten="231,8,452,289" step="2"/><T42/><D42/><N who="1" m="24695" /><E103/><V82/><F116/><W3/><G3/><T111/><D111/><U129/><E129/><V35/><F35/><W65/><G65/><T13/><D13/><U25/><E6/><V37/><F15/><W56/><G56/><T117/><D117/><U113/><E113/><V1/><F64/><W11/><G11/><T75/><D75/><U45/><E45/><AGARI ba="3,2" hai="4,5,7,14,18,20,40,45,49,84,90,94,122,123" machi="45" ten="40,1300,0" yaku="1,1,53,0" doraHai="69" doraHaiUra="93" who="3" fromWho="1" sc="231,0,8,-22,452,0,289,42" owari="231,-16.9,-14,-51.4,452,55.2,331,13.1" /></mjloggm>