<mjloggm ver="2.3"><GO type="169" lobby="0"/><UN n0="%E8%82%89%E5%9B%A3%E5%AD%90%E5%85%88%E7%94%9F" n1="%E3%83%9E%E3%83%BC%E3%83%9C%E3%82%A6" n2="%68%7A%63" n3="%E3%82%B3%E3%81%98%E3%81%95%E3%82%93%EF%BC%9F" dan="16,16,18,17" rate="2084.18,2113.95,2237.49,2099.65" sx="M,M,F,M"/><TAIKYOKU oya="0"/><INIT seed="0,0,0,4,1,76" ten="250,250,250,250" oya="0" hai0="26,90,95,46,96,18,115,73,17,13,51,79,126" hai1="42,6,14,1,122,53,0,36,110,65,118,41,60" hai2="59,29,62,117,106,67,129,104,19,128,43,107,92" hai3="109,2,37,130,101,15,78,35,32,75,71,68,111"/><T28/><D115/><U34/><E118/><V114/><F114/><W91/><G15/><T5/><D126/><U120/><E34/><N who="3" m="12842" /><G91/><T24/><D24/><U89/><E53/><V63/><F29/><W38/><G101/><T108/><D108/><N who="3" m="41545" /><G2/><T11/><D79/><U55/><E55/><V64/><F43/><W82/><G130/><T133/><D73/><U27/><E14/><V61/><F117/><W54/><G54/><T8/><D133/><U87/><E27/><V50/><F92/><W124/><G124/><T72/><D72/><U102/><E102/><V45/><F19/><W123/><G123/><T132/><D132/><U57/><E110/><V83/><F129/><W81/><G81/><T56/><D56/><U119/><E119/><V135/><F128/><W40/><G40/><N who="0" m="25031" /><D11/><U94/><E120/><V49/><F135/><W85/><G85/><T20/><AGARI ba="0,0" hai="5,8,13,17,18,20,26,28,90,95,96" m="25031" machi="20" ten="30,1500,0" yaku="8,1" doraHai="76" who="0" fromWho="0" sc="250,15,250,-5,250,-5,250,-5" /><INIT seed="0,1,0,0,1,67" ten="265,245,245,245" oya="0" hai0="130,117,42,108,4,44,57,114,100,113,118,54,45" hai1="86,13,123,28,124,66,16,62,12,119,70,68,38" hai2="105,58,3,103,72,35,43,121,125,64,7,107,10" hai3="75,127,26,30,14,94,87,126,41,96,40,93,91"/><T129/><D100/><U11/><E119/><N who="0" m="45577" /><D4/><U0/><E123/><V31/><F58/><W122/><G75/><T47/><D42/><U104/><E124/><N who="3" m="47658" /><G14/><T135/><D135/><U85/><E104/><V81/><F125/><W78/><G122/><T116/><N who="0" m="45585" /><T6/><DORA hai="2" /><D6/><U46/><E0/><V20/><F20/><N who="3" m="15687" /><G78/><T63/><D108/><U48/><E38/><V19/><F19/><W102/><AGARI ba="1,0" hai="40,41,87,91,93,94,96,102" m="15687,47658" machi="102" ten="30,1100,0" yaku="18,1" doraHai="67,2" who="3" fromWho="3" sc="265,-6,245,-4,245,-4,245,14" /><INIT seed="1,0,0,3,2,67" ten="259,241,241,259" oya="1" hai0="107,11,30,26,19,56,71,31,49,18,21,2,115" hai1="50,38,93,59,39,129,87,119,86,78,43,116,134" hai2="108,130,89,131,68,25,32,124,103,95,126,46,62" hai3="98,1,27,22,83,0,47,123,91,88,84,113,24"/><U120/><E120/><V112/><F103/><W58/><G113/><T42/><D107/><U69/><E129/><N who="2" m="49163" /><F46/><W105/><G123/><T70/><D115/><U90/><E134/><V99/><F112/><W4/><G47/><T117/><D117/><U3/><E3/><V101/><F89/><W102/><G4/><T53/><D42/><U9/><E9/><V44/><F44/><W5/><G5/><T10/><D2/><U76/><E59/><V122/><F122/><W12/><G12/><T36/><D36/><U77/><E77/><V106/><F95/><W85/><G27/><T75/><D75/><U35/><E93/><V34/><F108/><W74/><G74/><T13/><D31/><U45/><E35/><N who="2" m="13355" /><F25/><W80/><REACH who="3" step="1"/><G58/><REACH who="3" ten="259,241,241,249" step="2"/><T65/><D65/><AGARI ba="0,1" hai="62,65,68,99,101,106,124,126" m="13355,49163" machi="65" ten="40,5200,0" yaku="19,1,23,1,52,1" doraHai="67" who="2" fromWho="0" sc="259,-52,241,0,241,62,249,0" /><INIT seed="2,0,0,0,5,97" ten="207,241,303,249" oya="2" hai0="107,79,51,52,57,128,114,98,116,34,65,14,66" hai1="91,55,5,36,115,131,133,123,0,10,85,9,61" hai2="7,129,99,64,86,126,118,72,54,56,120,108,6" hai3="39,83,16,28,24,47,41,69,68,71,12,1,33"/><V25/><F72/><W43/><G1/><T81/><D114/><U119/><E115/><V87/><F118/><W58/><G43/><T37/><D37/><U105/><E119/><V106/><F120/><W59/><REACH who="3" step="1"/><G83/><REACH who="3" ten="207,241,303,239" step="2"/><T60/><D116/><U49/><E0/><V102/><F108/><W113/><G113/><T95/><D128/><U35/><E123/><V75/><F129/><W8/><AGARI ba="0,1" hai="8,12,16,24,28,33,39,41,47,58,59,68,69,71" machi="8" ten="30,4000,0" yaku="1,1,0,1,54,1,53,0" doraHai="97" doraHaiUra="124" who="3" fromWho="3" sc="207,-10,241,-10,303,-20,239,50" /><INIT seed="3,0,0,1,4,101" ten="197,231,283,289" oya="3" hai0="75,37,57,90,3,126,38,125,6,123,93,68,14" hai1="5,56,80,28,12,132,87,103,17,105,94,76,133" hai2="106,70,48,27,21,120,24,97,18,35,118,41,95" hai3="8,108,20,31,7,81,51,88,119,0,55,32,62"/><W26/><G119/><T36/><D68/><U72/><E5/><V79/><F70/><W130/><G130/><T69/><D69/><U49/><E28/><V124/><F118/><W86/><G108/><T104/><D75/><U19/><E19/><V16/><F124/><N who="0" m="47722" /><D3/><U115/><E115/><V114/><F114/><W98/><G98/><N who="0" m="57655" /><D123/><U84/><E84/><V96/><F120/><W113/><G113/><T33/><D33/><U71/><E71/><V89/><F79/><W43/><G62/><T127/><D57/><U63/><E49/><V85/><F106/><W53/><REACH who="3" step="1"/><G32/><REACH who="3" ten="197,231,283,279" step="2"/><T111/><D111/><U102/><E63/><V50/><F35/><W74/><G74/><T99/><D127/><U1/><E72/><V2/><F97/><W78/><G78/><T23/><D99/><U29/><E76/><V9/><F96/><W67/><G67/><T117/><D117/><U47/><E103/><V25/><F85/><W128/><G128/><T44/><D104/><U64/><E105/><V129/><F129/><W34/><G34/><T58/><D37/><U45/><E102/><V39/><F39/><W121/><G121/><T13/><D36/><U83/><E87/><V112/><F112/><W82/><G82/><T46/><D38/><U61/><E83/><V15/><F95/><W116/><G116/><T54/><D23/><U77/><E94/><V42/><F89/><W134/><G134/><T40/><D40/><U60/><E133/><V66/><F42/><W22/><G22/><T131/><D131/><U10/><E132/><V59/><F41/><W4/><G4/><RYUUKYOKU ba="0,1" sc="197,-10,231,-10,283,-10,279,30" hai3="0,7,8,20,26,31,43,51,53,55,81,86,88" /><INIT seed="3,1,1,3,3,82" ten="187,221,273,309" oya="3" hai0="24,94,115,114,90,19,74,5,117,88,97,26,10" hai1="105,104,39,34,123,112,69,59,13,48,89,87,108" hai2="84,128,75,72,43,110,41,46,16,113,30,81,116" hai3="23,135,21,68,4,127,25,22,11,45,27,91,54"/><W129/><G68/><T79/><D117/><U60/><E123/><V6/><F116/><W57/><G127/><T100/><D74/><U109/><E112/><N who="0" m="43049" /><D79/><U73/><E39/><V99/><F30/><W121/><G121/><T67/><D67/><U52/><E34/><V7/><F113/><W71/><G71/><T103/><D19/><U18/><E73/><V62/><F75/><W35/><G129/><T44/><D44/><U38/><E38/><V118/><F72/><W119/><G45/><T95/><D100/><U125/><E125/><V42/><F110/><N who="1" m="42601" /><E60/><V51/><F128/><W111/><G35/><T107/><D107/><U76/><E76/><N who="2" m="46119" /><F118/><W1/><G119/><T85/><D103/><U47/><E69/><V64/><F99/><W61/><G111/><T58/><D58/><U93/><E47/><V31/><F31/><W80/><REACH who="3" step="1"/><G135/><REACH who="3" ten="187,221,273,299" step="2"/><T126/><D126/><U133/><E133/><V124/><F124/><W86/><AGARI ba="1,2" hai="1,4,11,21,22,23,25,27,54,57,61,80,86,91" machi="86" ten="30,11700,0" yaku="1,1,2,1,0,1,52,1,53,0" doraHai="82" doraHaiUra="98" who="3" fromWho="3" sc="187,-40,221,-40,273,-40,299,140" /><INIT seed="3,2,0,4,0,118" ten="147,181,233,439" oya="3" hai0="19,104,116,29,42,66,27,70,107,38,127,13,21" hai1="0,48,65,105,94,46,125,41,129,32,49,51,34" hai2="58,90,3,78,75,59,39,112,57,82,119,134,9" hai3="15,56,54,44,52,103,120,10,98,111,20,43,117"/><W128/><G120/><T67/><D116/><U101/><E105/><V30/><F112/><W31/><G117/><T93/><D127/><U2/><E125/><V72/><F134/><W64/><G128/><T16/><D19/><U73/><E73/><V36/><F119/><W6/><G111/><T121/><D121/><U69/><E129/><V5/><F72/><W122/><G122/><T131/><D131/><U83/><E83/><V97/><REACH who="2" step="1"/><F30/><REACH who="2" ten="147,181,223,439" step="2"/><W102/><G31/><T37/><D104/><U61/><E32/><V18/><F18/><W11/><G103/><T124/><D107/><U81/><E34/><V86/><F86/><W132/><G102/><T76/><D29/><U53/><E101/><V92/><AGARI ba="2,1" hai="3,5,9,36,39,57,58,59,75,78,82,90,92,97" machi="92" ten="30,2000,0" yaku="1,1,0,1,53,0" doraHai="118" doraHaiUra="17" who="2" fromWho="2" sc="147,-7,181,-7,223,36,439,-12" /><INIT seed="4,0,0,4,5,72" ten="140,174,259,427" oya="0" hai0="121,46,97,63,57,91,43,5,130,18,122,124,21" hai1="116,74,41,47,39,33,2,131,100,4,51,10,128" hai2="17,11,81,58,73,56,13,83,16,42,92,66,109" hai3="95,68,30,135,34,134,12,93,102,64,103,8,71"/><T111/><D124/><U112/><E116/><V120/><F109/><W29/><G12/><T119/><D119/><U48/><E33/><V62/><F120/><W75/><G75/><T1/><D130/><N who="1" m="49707" /><E112/><V32/><F32/><W99/><G34/><T105/><D111/><U19/><E100/><V86/><F42/><W27/><G8/><T126/><D5/><U107/><E107/><V113/><F113/><W67/><G27/><T79/><D1/><U61/><E61/><N who="2" m="38183" /><F73/><W117/><G99/><T59/><D126/><U25/><E74/><V132/><F132/><W6/><G6/><T44/><D105/><U133/><E133/><V115/><F115/><W26/><G26/><T20/><D97/><U52/><E52/><N who="2" m="34119" /><F17/><W87/><G87/><T98/><D98/><U85/><E85/><V50/><F50/><W55/><G55/><T114/><D63/><U7/><E7/><V23/><F23/><AGARI ba="0,0" hai="2,4,10,19,23,25,39,41,47,48,51" m="49707" machi="23" ten="30,1000,0" yaku="19,1" doraHai="72" who="1" fromWho="2" sc="140,0,174,10,259,-10,427,0" /><INIT seed="5,0,0,1,1,79" ten="140,184,249,427" oya="1" hai0="51,72,123,21,37,31,109,13,110,129,97,117,128" hai1="102,84,54,68,98,35,11,60,108,9,130,124,22" hai2="120,46,106,65,64,20,80,48,36,3,1,126,131" hai3="99,29,50,112,95,16,42,28,30,118,52,7,6"/><U107/><E35/><V23/><F106/><W67/><G112/><T76/><D37/><U103/><E124/><V49/><F46/><W125/><G125/><T33/><D117/><U58/><E130/><N who="0" m="50281" /><D33/><U127/><E127/><V71/><F126/><W121/><G121/><T88/><D51/><U14/><E108/><V82/><F131/><W47/><G67/><T75/><D123/><U100/><E68/><V62/><F62/><W5/><G118/><T86/><D97/><U26/><E84/><V83/><F120/><W18/><G42/><T119/><D119/><U104/><E104/><V19/><F19/><W114/><G114/><T111/><D76/><U40/><E40/><V94/><F94/><W34/><G34/><T135/><D135/><U63/><E63/><V77/><F77/><W132/><G132/><T101/><D101/><AGARI ba="0,0" hai="5,6,7,16,18,28,29,30,47,50,52,95,99,101" machi="101" ten="40,5200,0" yaku="8,1,54,2" doraHai="79" who="3" fromWho="0" sc="140,-52,184,0,249,0,427,52" /><INIT seed="6,0,0,0,1,70" ten="88,184,249,479" oya="2" hai0="107,135,17,27,81,131,38,16,65,18,134,3,130" hai1="0,100,35,59,127,66,4,74,13,22,49,111,20" hai2="24,77,45,61,114,93,73,123,67,11,50,21,69" hai3="48,112,103,10,98,28,36,124,76,9,12,118,14"/><V108/><F114/><W71/><G36/><T42/><D107/><U51/><E111/><V99/><F108/><W23/><G71/><T32/><D65/><U89/><E74/><V105/><F105/><W56/><G76/><T125/><D81/><U94/><E35/><V41/><F123/><W119/><G112/><T82/><D82/><U121/><E0/><V53/><F11/><W106/><G124/><T86/><D86/><U79/><E79/><V113/><F113/><W31/><G48/><T102/><D102/><U47/><E127/><V122/><F122/><W83/><G56/><T63/><D63/><U46/><E100/><V1/><F1/><W7/><G83/><T101/><D101/><U115/><E115/><V85/><F77/><W6/><G23/><T30/><D3/><U78/><E78/><V117/><F117/><AGARI ba="0,0" hai="6,7,9,10,12,14,28,31,98,103,106,117,118,119" machi="117" ten="40,1300,0" yaku="9,1" doraHai="70" who="3" fromWho="2" sc="88,0,184,0,249,-13,479,13" /><INIT seed="7,0,0,5,1,81" ten="88,184,236,492" oya="3" hai0="94,122,49,54,60,79,104,9,112,127,17,29,82" hai1="16,5,114,4,92,6,64,48,106,62,56,86,32" hai2="50,51,20,42,132,124,118,11,100,74,43,57,110" hai3="37,128,70,113,71,18,12,55,95,14,34,123,25"/><W66/><G95/><T72/><D127/><U67/><E106/><V28/><F74/><W75/><G55/><T117/><D117/><U63/><E32/><V21/><F110/><W131/><G18/><T126/><D122/><U93/><E48/><N who="2" m="18475" /><F132/><W19/><G19/><T30/><D126/><U40/><E40/><N who="2" m="15403" /><F124/><W87/><G12/><T26/><D104/><U15/><E114/><V24/><F118/><W129/><G14/><T133/><D112/><U121/><E121/><V23/><F100/><W38/><G25/><T73/><D133/><U130/><E130/><V116/><F116/><W101/><G101/><T90/><D72/><U69/><REACH who="1" step="1"/><E86/><REACH who="1" ten="88,174,236,492" step="2"/><V125/><F125/><W107/><G87/><T77/><D79/><U44/><E44/><V109/><F109/><W85/><G85/><T76/><D77/><U2/><E2/><V96/><F96/><W41/><G107/><T78/><D76/><U91/><E91/><V27/><F28/><W52/><G75/><T84/><D60/><U111/><E111/><V59/><F11/><AGARI ba="0,1" hai="4,5,6,11,15,16,56,62,63,64,67,69,92,93" machi="11" ten="40,2600,0" yaku="1,1,54,1,53,0" doraHai="81" doraHaiUra="115" who="1" fromWho="2" sc="88,0,174,36,236,-26,492,0" owari="88,-41.2,210,1.0,210,-19.0,492,59.2" /></mjloggm>