<mjloggm ver="2.3"><GO type="169" lobby="0"/><UN n0="%E3%81%BC%E3%81%AE" n1="%E3%82%86%E3%83%BC%E3%82%84%2E%74" n2="%4D%6B%72%74%72" n3="%E3%82%82%E3%81%93%E2%97%AF" dan="16,17,16,16" rate="2152.12,2192.67,2150.24,2114.85" sx="M,M,M,M"/><TAIKYOKU oya="0"/><INIT seed="0,0,0,4,0,132" ten="250,250,250,250" oya="0" hai0="107,56,52,63,73,108,81,64,102,67,83,42,93" hai1="7,27,54,125,82,25,36,119,47,33,75,109,24" hai2="12,14,45,135,35,91,96,105,23,62,26,65,50" hai3="41,98,112,87,6,89,134,80,28,130,94,118,74"/><T97/><D108/><U69/><E119/><V11/><F135/><W90/><G118/><T1/><D1/><U117/><E69/><V131/><F131/><W39/><G134/><T126/><D126/><U21/><E33/><V120/><F120/><W88/><G112/><T48/><D107/><U66/><E66/><V70/><F11/><W46/><G130/><T95/><D95/><U57/><E117/><V122/><F122/><W104/><G28/><T128/><D128/><U68/><E68/><V55/><F35/><W19/><G19/><T59/><D73/><U129/><E7/><V22/><F22/><W78/><G6/><T76/><D76/><U116/><E109/><V16/><REACH who="2" step="1"/><F91/><REACH who="2" ten="250,250,240,250" step="2"/><W3/><G3/><T101/><D101/><AGARI ba="0,1" hai="12,14,16,23,26,45,50,55,62,65,70,96,101,105" machi="101" ten="40,5200,0" yaku="1,1,2,1,54,1,53,0" doraHai="132" doraHaiUra="124" who="2" fromWho="0" sc="250,-52,250,0,240,62,250,0" /><AGARI ba="0,0" hai="39,41,46,74,78,80,87,88,89,90,94,98,101,104" machi="101" ten="40,5200,0" yaku="24,2,54,1" doraHai="132" who="3" fromWho="0" sc="198,-52,250,0,302,0,250,52" /><INIT seed="1,0,0,2,5,78" ten="146,250,302,302" oya="1" hai0="86,70,39,73,74,55,17,113,92,83,3,106,13" hai1="103,18,53,46,23,75,47,4,68,26,11,101,120" hai2="15,51,34,52,79,117,64,69,9,100,105,44,97" hai3="49,129,1,81,66,31,112,62,77,41,95,10,40"/><U110/><E120/><V88/><F117/><W87/><G112/><T123/><D106/><U32/><E68/><V36/><F34/><W38/><G129/><T7/><D70/><U29/><E75/><V115/><F115/><W21/><G38/><T132/><D39/><U33/><E33/><V27/><F79/><W99/><G49/><T59/><D132/><U35/><E35/><V90/><F36/><W89/><G1/><T0/><D123/><U6/><E6/><V111/><F27/><N who="3" m="16879" /><G10/><T22/><D113/><U37/><E110/><V8/><F8/><W16/><G16/><T71/><D71/><U45/><E53/><V94/><F111/><W96/><G96/><T118/><D92/><U127/><E127/><V42/><F42/><W126/><G126/><T2/><D7/><U14/><REACH who="1" step="1"/><E37/><REACH who="1" ten="146,240,302,302" step="2"/><V121/><F121/><W122/><G122/><T72/><D118/><U116/><E116/><V130/><F130/><W102/><G77/><T30/><D73/><U50/><E50/><V93/><F69/><W5/><G5/><T19/><D74/><U85/><E85/><V108/><F108/><W98/><G98/><T57/><D72/><U24/><AGARI ba="0,1" hai="4,11,14,18,23,24,26,29,32,45,46,47,101,103" machi="24" ten="30,3000,0" yaku="1,1,0,1,53,0" doraHai="78" doraHaiUra="56" who="1" fromWho="1" sc="146,-10,240,40,302,-10,302,-10" /><INIT seed="1,1,0,2,2,85" ten="136,280,292,292" oya="1" hai0="71,124,21,127,11,28,96,134,120,118,130,125,53" hai1="90,50,42,1,70,32,82,20,115,35,111,33,101" hai2="41,29,0,26,40,117,114,94,61,113,76,105,116" hai3="131,133,119,92,84,88,66,102,123,109,59,122,107"/><U79/><E115/><N who="2" m="44043" /><F105/><W83/><G66/><T69/><D118/><N who="2" m="45674" /><F0/><W48/><G119/><T45/><D120/><U54/><E70/><V3/><F3/><W104/><G59/><T126/><D126/><U91/><E1/><V108/><F76/><W27/><G48/><T60/><D130/><U135/><E135/><V25/><F108/><W86/><G27/><N who="2" m="10249" /><F29/><W75/><G109/><T39/><D28/><U65/><E111/><V97/><F61/><W128/><G133/><T30/><D30/><U77/><E77/><V46/><F46/><W38/><G38/><T56/><D39/><U74/><E20/><V31/><F31/><W98/><G75/><T64/><D21/><U52/><E101/><AGARI ba="1,0" hai="40,41,94,97,101" m="10249,45674,44043" machi="101" ten="30,1000,0" yaku="11,1" doraHai="85" who="2" fromWho="1" sc="136,0,280,-13,292,13,292,0" /><INIT seed="2,0,0,2,4,3" ten="136,267,305,292" oya="2" hai0="70,78,40,37,125,35,103,134,15,53,84,12,112" hai1="86,14,16,33,41,107,126,87,20,110,105,57,123" hai2="13,120,106,27,133,93,28,38,92,44,10,34,83" hai3="18,124,58,43,46,76,39,102,8,32,7,56,127"/><V4/><F120/><W23/><G32/><T131/><D112/><U36/><E123/><V100/><F133/><W22/><G102/><T64/><D35/><U74/><E74/><V1/><F106/><W97/><G97/><T72/><D103/><U77/><E110/><V63/><F100/><W69/><G69/><T111/><D72/><U0/><E126/><N who="3" m="48170" /><G76/><T114/><D114/><U52/><E0/><V108/><F108/><W61/><G18/><T96/><D96/><U48/><E33/><V55/><F83/><W29/><G29/><T9/><D78/><U98/><E98/><V91/><F91/><W121/><G56/><T60/><D70/><U104/><REACH who="1" step="1"/><E77/><REACH who="1" ten="136,257,305,292" step="2"/><V25/><F1/><N who="3" m="111" /><G121/><T115/><D111/><U99/><E99/><V75/><F34/><W113/><G113/><T71/><D115/><U95/><E95/><V49/><F93/><W118/><G118/><T117/><D117/><U21/><E21/><V132/><F92/><W116/><G116/><T128/><D125/><U119/><E119/><V80/><F75/><W109/><G109/><T79/><D79/><U42/><E42/><V31/><F80/><W30/><G30/><T59/><D40/><U50/><E50/><V2/><F49/><W129/><G129/><T45/><D131/><U122/><E122/><V17/><F31/><W82/><G82/><T19/><D128/><U101/><E101/><V6/><F28/><W81/><G81/><T73/><D73/><U26/><E26/><V68/><F27/><W65/><AGARI ba="0,1" hai="22,23,39,43,46,58,61,65" m="111,48170" machi="65" ten="30,2000,0" yaku="18,1,52,1" doraHai="3" who="3" fromWho="3" sc="136,-5,257,-5,305,-10,292,30" /><INIT seed="3,0,0,3,0,70" ten="131,252,295,322" oya="3" hai0="117,17,48,62,128,16,71,77,51,79,130,131,82" hai1="4,85,88,119,91,50,58,9,96,92,19,27,97" hai2="33,43,59,132,8,40,120,100,26,36,66,3,47" hai3="61,45,68,86,1,134,30,67,7,41,103,63,11"/><W60/><G134/><T81/><D62/><U135/><E135/><V56/><F132/><W42/><G103/><T83/><D71/><U109/><E109/><V22/><F33/><W102/><G102/><T34/><D34/><U18/><E119/><V123/><F100/><W124/><G124/><T87/><D117/><U25/><E96/><V121/><F66/><W69/><G30/><T65/><D65/><U2/><E27/><V0/><F43/><W39/><G69/><T111/><D111/><U37/><E37/><V129/><F129/><W114/><G114/><T133/><D87/><U80/><REACH who="1" step="1"/><E25/><REACH who="1" ten="131,242,295,322" step="2"/><V44/><F26/><W46/><REACH who="3" step="1"/><G86/><REACH who="3" ten="131,242,295,312" step="2"/><T31/><D133/><U74/><E74/><V107/><F123/><W116/><G116/><T112/><D112/><U72/><E72/><V57/><F121/><W54/><G54/><AGARI ba="0,2" hai="2,4,9,18,19,50,54,58,80,85,88,91,92,97" machi="54" ten="40,2600,0" yaku="1,1,54,1,53,0" doraHai="70" doraHaiUra="118" who="1" fromWho="3" sc="131,0,242,46,295,0,312,-26" /><INIT seed="4,0,0,2,3,19" ten="131,288,295,286" oya="0" hai0="133,40,43,131,35,127,119,16,80,58,59,132,101" hai1="108,122,89,63,60,64,97,17,73,41,54,52,124" hai2="21,129,72,36,8,83,66,11,117,126,92,74,130" hai3="79,135,23,50,115,15,27,118,2,109,42,99,106"/><T33/><D119/><U114/><E108/><V24/><F36/><W13/><G109/><T128/><D101/><U12/><E122/><V10/><F117/><W98/><G118/><T45/><D80/><U31/><E73/><V57/><F126/><W100/><G2/><T82/><D82/><U44/><E31/><V3/><F3/><W18/><G115/><T90/><D90/><U104/><E124/><V78/><F74/><W88/><G135/><N who="0" m="51787" /><D127/><U111/><E111/><V29/><REACH who="2" step="1"/><F92/><REACH who="2" ten="131,288,285,286" step="2"/><W107/><G107/><T0/><D0/><U4/><E104/><V55/><F55/><W38/><G38/><N who="0" m="21655" /><D43/><U134/><E41/><V46/><F46/><W49/><G42/><T121/><D121/><U116/><E44/><V56/><F56/><W14/><REACH who="3" step="1"/><G79/><REACH who="3" ten="131,288,285,276" step="2"/><T48/><D131/><U61/><E116/><V22/><F22/><W77/><G77/><T95/><D128/><U84/><E134/><V1/><F1/><W51/><G51/><T123/><D48/><U113/><E114/><V65/><F65/><W68/><G68/><T70/><D70/><U53/><E64/><V32/><F32/><W96/><G96/><T76/><D76/><U62/><E113/><V85/><F85/><W26/><G26/><T69/><D69/><U6/><E97/><V9/><N who="2" m="2048" /><DORA hai="103" /><V87/><F87/><W25/><G25/><T125/><D125/><U30/><E84/><V39/><F39/><W5/><G5/><T20/><D123/><U81/><E6/><V37/><F37/><W34/><G34/><N who="0" m="12811" /><D95/><AGARI ba="0,2" hai="13,14,15,18,23,27,49,50,88,95,98,99,100,106" machi="95" ten="40,8000,1" yaku="1,1,52,2,54,1,53,1" doraHai="19,103" doraHaiUra="7,102" who="3" fromWho="0" sc="131,-80,288,0,285,0,276,100" /><INIT seed="5,0,0,2,2,36" ten="51,288,285,376" oya="1" hai0="86,74,103,48,105,76,15,125,12,68,30,69,51" hai1="97,121,2,61,101,18,28,130,29,46,109,64,60" hai2="135,87,129,118,72,113,96,24,120,43,19,62,115" hai3="117,107,106,82,104,1,11,111,116,131,78,20,128"/><U41/><E121/><V27/><F72/><N who="3" m="43335" /><G20/><T99/><D125/><U75/><E130/><N who="3" m="49706" /><G111/><T17/><D30/><U4/><E75/><V0/><F129/><W31/><G31/><T110/><D110/><U59/><E109/><V65/><F118/><N who="3" m="45675" /><G11/><T42/><D15/><U122/><E122/><V9/><F120/><W54/><G54/><T108/><D74/><U95/><E18/><V79/><F19/><W81/><G1/><T100/><D100/><U91/><E101/><V126/><F0/><W21/><G21/><T37/><D108/><U98/><E98/><V32/><F9/><W55/><G55/><T67/><D67/><U52/><E4/><V114/><F32/><W35/><G35/><T53/><D51/><U25/><E25/><V7/><F7/><W34/><G34/><T40/><D37/><U127/><E2/><V23/><F23/><W39/><G39/><T14/><D14/><U26/><E26/><V70/><F24/><W66/><G66/><T71/><D53/><U49/><REACH who="1" step="1"/><E127/><REACH who="1" ten="51,278,285,376" step="2"/><V77/><F126/><W44/><G106/><T133/><D133/><U38/><E38/><V57/><F135/><W102/><G102/><T47/><D86/><U94/><E94/><V84/><F84/><W13/><G104/><T58/><D103/><U85/><E85/><V10/><F87/><W83/><G107/><T119/><D105/><U134/><E134/><V73/><F27/><W88/><G13/><T92/><D119/><U56/><AGARI ba="0,1" hai="28,29,41,46,49,52,56,59,60,61,64,91,95,97" machi="56" ten="20,18000,2" yaku="1,1,0,1,7,1,8,1,52,1,54,1,53,0" doraHai="36" doraHaiUra="132" who="1" fromWho="1" sc="51,-60,278,190,285,-60,376,-60" owari="-9,-50.9,468,56.8,225,-17.5,316,11.6" /></mjloggm>