<mjloggm ver="2.3"><GO type="169" lobby="0"/><UN n0="%61%6E%5F" n1="%43%72%37" n2="%E8%B1%86%E3%83%80%E3%83%9E%E8%AD%A6%E5%AF%9F" n3="%46%75%77%61" dan="17,17,16,17" rate="2124.55,2202.32,2148.31,2181.55" sx="M,M,M,M"/><TAIKYOKU oya="0"/><INIT seed="0,0,0,4,4,58" ten="250,250,250,250" oya="0" hai0="78,9,28,42,129,15,127,98,87,82,7,38,135" hai1="2,50,18,114,92,62,20,61,57,70,35,37,97" hai2="122,73,105,118,66,32,106,103,115,95,81,6,111" hai3="60,102,134,11,75,55,1,23,10,12,34,79,43"/><T69/><D129/><U21/><E35/><V80/><F6/><W45/><G134/><T133/><D127/><U51/><E37/><V125/><F66/><W27/><G34/><T112/><D112/><U120/><E120/><V31/><F31/><W48/><G102/><T63/><D28/><U77/><E2/><V46/><F46/><W124/><G124/><T0/><D98/><U93/><E77/><V91/><F32/><W100/><G100/><T76/><D76/><U84/><E70/><V64/><F64/><W131/><G131/><T104/><D104/><U68/><E68/><V71/><F71/><W116/><G116/><T119/><D119/><U47/><E57/><V19/><F19/><W59/><G1/><T22/><D42/><N who="1" m="24951" /><E51/><V25/><F125/><W40/><G40/><T49/><D49/><U108/><E21/><V96/><F118/><W101/><G12/><T85/><D38/><U36/><E36/><V113/><F25/><W126/><G126/><T89/><D22/><U54/><E54/><V72/><F122/><W41/><G41/><T132/><D0/><U53/><E53/><V39/><F39/><W44/><G44/><T83/><D69/><U74/><E74/><N who="2" m="28779" /><F111/><W128/><G128/><T52/><D52/><U65/><E65/><V33/><F33/><W17/><REACH who="3" step="1"/><G101/><REACH who="3" ten="250,250,250,240" step="2"/><T67/><D67/><U107/><E108/><V94/><F113/><W13/><G13/><T4/><D4/><U24/><E114/><V90/><F115/><W26/><G26/><T29/><D29/><U3/><E3/><V8/><F103/><W123/><G123/><RYUUKYOKU ba="0,1" sc="250,15,250,-15,250,-15,240,15" hai0="7,9,15,63,78,82,83,85,87,89,132,133,135" hai3="10,11,17,23,27,43,45,48,55,59,60,75,79" /><INIT seed="0,1,1,1,3,109" ten="265,235,235,255" oya="0" hai0="13,64,56,96,71,131,132,74,115,102,95,72,84" hai1="67,128,61,77,50,66,26,87,0,123,21,39,53" hai2="76,25,16,23,129,124,90,86,108,78,135,42,47" hai3="126,44,119,91,68,60,104,17,110,51,52,34,69"/><T106/><D71/><N who="3" m="27209" /><G104/><T4/><D131/><U43/><E128/><V81/><F124/><W57/><G91/><N who="0" m="53735" /><D64/><U22/><E0/><V130/><F135/><W94/><G94/><T49/><D4/><U98/><E39/><V29/><F108/><W5/><G5/><T93/><D13/><U79/><E98/><V97/><F129/><W38/><G110/><T19/><D56/><N who="1" m="34959" /><E21/><V28/><F130/><W120/><G34/><T9/><D49/><U111/><E123/><V30/><REACH who="2" step="1"/><F97/><REACH who="2" ten="265,235,225,255" step="2"/><W122/><G126/><T89/><D132/><U82/><E111/><V1/><F1/><W59/><G122/><T45/><D96/><U80/><E77/><V55/><F55/><N who="3" m="33855" /><G120/><T36/><D106/><U99/><E99/><V62/><F62/><N who="3" m="36199" /><G119/><T92/><D102/><U7/><E79/><V65/><F65/><W112/><G17/><T63/><D19/><U133/><E67/><V48/><AGARI ba="1,2" hai="16,23,25,28,29,30,42,47,48,76,78,81,86,90" machi="48" ten="30,7900,0" yaku="1,1,0,1,8,1,54,1,53,0" doraHai="109" doraHaiUra="114" who="2" fromWho="2" sc="265,-40,235,-21,225,102,255,-21" /><INIT seed="1,0,0,2,2,77" ten="225,214,327,234" oya="1" hai0="28,111,134,13,72,81,45,37,7,15,57,99,33" hai1="4,73,68,90,125,102,63,65,106,129,19,20,17" hai2="47,115,103,51,10,132,32,120,2,8,3,58,18" hai3="61,36,69,116,87,66,109,121,101,12,135,11,122"/><U75/><E129/><V46/><F120/><W14/><G36/><T104/><D15/><U97/><E125/><V38/><F32/><W60/><G135/><T21/><D57/><U31/><E4/><V41/><F103/><W119/><G101/><T76/><D134/><U124/><E124/><V26/><F132/><W67/><G87/><T118/><D21/><U126/><E126/><V93/><F58/><W50/><G50/><T128/><D13/><N who="3" m="5225" /><G11/><T52/><D7/><U133/><E133/><V6/><F6/><W56/><G109/><T83/><D111/><U24/><E17/><V49/><F93/><W5/><G5/><T80/><D33/><U108/><E108/><V91/><F91/><W98/><G98/><T92/><D28/><U88/><REACH who="1" step="1"/><E31/><REACH who="1" ten="225,204,327,234" step="2"/><V78/><F18/><W86/><G122/><T64/><D128/><U110/><E110/><V127/><F127/><W105/><G121/><T39/><D118/><U40/><E40/><V96/><F41/><W0/><G119/><T44/><D37/><U55/><E55/><V107/><F38/><W62/><G116/><T74/><D52/><U16/><E16/><V117/><F117/><W48/><G0/><T79/><D39/><U131/><E131/><V114/><F2/><W89/><G67/><T34/><D64/><U42/><E42/><N who="2" m="24791" /><F3/><W43/><G43/><T100/><D74/><AGARI ba="0,1" hai="19,20,24,63,65,68,73,74,75,88,90,97,102,106" machi="74" ten="40,3900,0" yaku="1,1,54,1,53,0" doraHai="77" doraHaiUra="112" who="1" fromWho="0" sc="225,-39,204,49,327,0,234,0" /><INIT seed="1,1,0,5,5,103" ten="186,253,327,234" oya="1" hai0="94,90,85,102,62,42,2,110,123,100,132,0,131" hai1="108,86,71,126,54,96,39,8,31,89,25,47,35" hai2="133,98,128,74,64,107,45,44,135,38,122,80,117" hai3="17,27,20,69,127,72,61,1,26,114,93,92,129"/><U13/><E126/><V34/><F45/><W75/><G114/><T51/><D110/><U49/><E108/><V65/><F65/><W109/><G109/><T83/><D132/><U60/><E39/><V53/><F53/><W9/><G129/><T28/><D131/><U59/><E71/><V41/><F128/><W125/><G27/><T76/><D123/><U50/><E96/><V124/><F122/><W105/><G105/><T21/><D62/><U78/><E78/><N who="2" m="44119" /><F117/><W56/><G69/><T119/><D119/><U14/><E8/><V23/><F23/><W106/><G106/><T120/><D2/><U81/><REACH who="1" step="1"/><E50/><REACH who="1" ten="186,243,327,234" step="2"/><V63/><F124/><W68/><G127/><T48/><D48/><U95/><E95/><V99/><F99/><W116/><G125/><T58/><D94/><U84/><E84/><V46/><F133/><W73/><G68/><T112/><D76/><U29/><E29/><V36/><F135/><W16/><G116/><T57/><D85/><U130/><E130/><V15/><F98/><W104/><G104/><T3/><D51/><U7/><E7/><V87/><F87/><W115/><G115/><T18/><D28/><U4/><E4/><V91/><F107/><W19/><G93/><T66/><D112/><U5/><E5/><V118/><F38/><W52/><G92/><T11/><D11/><U10/><E10/><V37/><F37/><W55/><G9/><T134/><D134/><U33/><E33/><V101/><F34/><W121/><G121/><T43/><D120/><U88/><E88/><V24/><F118/><W70/><G70/><RYUUKYOKU ba="1,1" sc="186,-10,243,30,327,-10,234,-10" hai1="13,14,25,31,35,47,49,54,59,60,81,86,89" /><INIT seed="1,2,1,0,4,102" ten="176,273,317,224" oya="1" hai0="28,47,43,26,78,18,40,9,33,13,93,84,44" hai1="89,57,64,68,77,129,98,14,27,31,79,104,22" hai2="121,99,23,87,54,24,17,65,88,15,82,110,125" hai3="81,52,50,59,111,29,62,61,60,94,6,112,56"/><U116/><E116/><V48/><F121/><W11/><G111/><T106/><D106/><U113/><E113/><V75/><F125/><W114/><G112/><T117/><D117/><U131/><E57/><V0/><F0/><W4/><G114/><T39/><D78/><U109/><E109/><V16/><F110/><W10/><G29/><T42/><D39/><U71/><E14/><V49/><F75/><W120/><G120/><T100/><D100/><N who="1" m="62487" /><E89/><V37/><F37/><W83/><G94/><T91/><AGARI ba="2,1" hai="9,13,18,26,28,33,40,42,43,44,47,84,91,93" machi="91" ten="30,1100,0" yaku="0,1" doraHai="102" who="0" fromWho="0" sc="176,27,273,-7,317,-5,224,-5" /><INIT seed="2,0,0,2,0,94" ten="203,266,312,219" oya="2" hai0="66,88,0,25,90,86,62,74,67,26,46,20,69" hai1="92,40,71,99,61,73,1,125,8,11,44,75,21" hai2="103,51,104,107,109,13,6,22,77,33,47,34,3" hai3="59,54,119,17,56,134,124,101,41,27,45,15,122"/><V38/><F38/><W97/><G122/><T106/><D74/><U78/><E125/><V2/><F77/><W116/><G124/><T133/><D133/><U85/><E85/><V127/><F51/><W36/><G134/><T16/><D0/><U110/><E110/><V100/><F47/><W14/><G119/><T70/><D106/><U37/><E21/><V35/><F127/><W63/><G116/><T64/><D46/><U50/><E50/><V55/><F55/><W113/><G113/><T32/><D62/><U53/><E1/><V39/><F39/><W83/><G83/><T84/><D84/><U118/><E118/><V24/><F35/><W87/><G87/><T135/><D135/><U121/><E121/><V112/><F6/><W72/><G72/><T68/><REACH who="0" step="1"/><D86/><REACH who="0" ten="193,266,312,219" step="2"/><U120/><E120/><V31/><F107/><W115/><G115/><T93/><D93/><U57/><E73/><V10/><F104/><W131/><G131/><T52/><D52/><U76/><E71/><V9/><F2/><W80/><G80/><T123/><D123/><U19/><E75/><V23/><F3/><W82/><G82/><T49/><D49/><U114/><E114/><V12/><F112/><W132/><G132/><T89/><D89/><N who="1" m="55695" /><E78/><V65/><F109/><W96/><G54/><T18/><D18/><U7/><E76/><V81/><F81/><W58/><G63/><T42/><D42/><U43/><E7/><V48/><F48/><W108/><G108/><T28/><AGARI ba="0,1" hai="16,20,25,26,28,32,64,66,67,68,69,70,88,90" machi="28" ten="40,8000,1" yaku="1,1,0,1,54,2,53,0" doraHai="94" doraHaiUra="91" who="0" fromWho="0" sc="193,90,266,-20,312,-40,219,-20" /><INIT seed="3,0,0,1,5,48" ten="283,246,272,199" oya="3" hai0="73,60,9,68,102,52,90,113,116,85,40,3,10" hai1="75,28,58,91,33,89,122,16,133,83,59,50,80" hai2="37,5,88,121,55,64,44,93,110,81,120,7,130" hai3="13,30,111,103,15,109,71,65,53,131,27,20,46"/><W101/><G131/><T119/><D73/><U118/><E122/><N who="2" m="47211" /><F110/><N who="3" m="41995" /><G65/><T22/><D102/><N who="3" m="38921" /><G71/><T56/><D40/><U41/><E33/><V106/><F106/><W76/><G76/><T105/><D10/><U72/><E28/><V94/><F64/><W25/><G25/><T12/><D105/><U87/><E133/><V127/><F127/><W1/><G1/><T84/><D113/><U23/><E118/><V92/><F37/><W6/><G6/><N who="2" m="2057" /><F130/><W74/><G74/><T19/><D68/><U115/><E115/><V61/><F81/><W11/><G11/><T67/><D67/><U100/><E100/><V2/><F2/><W62/><G46/><T125/><D3/><U57/><E83/><V86/><F44/><W82/><G82/><T21/><D116/><U108/><E108/><V38/><F38/><W26/><G26/><T32/><D119/><U66/><E66/><V29/><F29/><W98/><G98/><T70/><D70/><U49/><E75/><V97/><F97/><W117/><G117/><T54/><D9/><U51/><E72/><V17/><F17/><W104/><G104/><T134/><D19/><U8/><E8/><V79/><F79/><W63/><G63/><T45/><D60/><U129/><E129/><V126/><F126/><W99/><G99/><T42/><D125/><U132/><E132/><V78/><F78/><W24/><G24/><T47/><D134/><U96/><E96/><V31/><F31/><W69/><G69/><T77/><D77/><U128/><E128/><V123/><F123/><W34/><G34/><T107/><D32/><RYUUKYOKU ba="0,0" sc="283,-15,246,-15,272,15,199,15" hai2="55,61,86,88,92,93,94" hai3="13,15,20,27,30,53,62" /><INIT seed="3,1,0,2,5,100" ten="268,231,287,214" oya="3" hai0="105,10,57,107,38,135,97,13,95,17,115,125,20" hai1="47,69,18,112,53,114,127,77,117,8,15,16,49" hai2="43,29,65,110,9,48,99,71,27,87,3,113,37" hai3="89,36,58,6,84,68,82,24,119,78,0,61,55"/><W103/><G119/><T79/><D38/><U126/><E117/><V59/><F113/><W23/><G36/><T60/><D115/><U91/><E69/><V101/><F87/><W25/><G103/><T80/><D135/><U41/><E77/><V124/><F48/><W4/><G68/><T128/><D10/><U56/><E91/><V102/><F102/><W39/><G39/><T134/><D125/><N who="1" m="47627" /><E18/><V52/><F52/><W63/><G63/><AGARI ba="1,0" hai="8,15,16,41,47,49,53,56,63,112,114" m="47627" machi="63" ten="30,2000,0" yaku="18,1,54,1" doraHai="100" who="1" fromWho="3" sc="268,0,231,23,287,0,214,-23" /><INIT seed="4,0,0,3,0,23" ten="268,254,287,191" oya="0" hai0="45,55,118,121,11,78,34,90,75,73,71,76,114" hai1="91,53,36,93,83,89,109,123,92,10,15,49,85" hai2="0,79,52,43,115,122,3,99,106,42,101,125,59" hai3="117,120,60,77,112,29,66,24,82,68,25,56,131"/><T70/><D34/><U40/><E123/><V5/><F122/><W126/><G117/><T94/><D121/><U51/><E109/><V39/><F115/><W116/><G120/><T21/><D118/><U133/><E133/><V26/><F125/><W67/><G116/><T81/><D11/><U9/><E36/><V65/><F65/><W27/><G112/><T7/><D7/><U17/><E40/><V108/><F108/><W128/><G128/><T80/><D114/><U18/><E51/><V129/><F79/><W132/><G132/><T62/><D21/><U12/><REACH who="1" step="1"/><E89/><REACH who="1" ten="268,244,287,191" step="2"/><V61/><F39/><W33/><G131/><T74/><D62/><U104/><E104/><V2/><F129/><W130/><G130/><T30/><D73/><U64/><E64/><V97/><F43/><W8/><G126/><T102/><D90/><U107/><E107/><V105/><F42/><W57/><G67/><T48/><D30/><U111/><E111/><V103/><REACH who="2" step="1"/><F26/><REACH who="2" ten="268,244,277,191" step="2"/><W95/><G25/><T41/><D41/><U13/><E13/><V63/><F63/><W38/><G24/><T54/><D55/><U86/><E86/><V1/><F1/><W35/><G38/><T47/><D74/><U88/><E88/><V119/><F119/><W50/><G60/><T20/><D75/><U16/><E16/><V44/><F44/><AGARI ba="0,2" hai="9,10,12,15,17,18,44,49,53,83,85,91,92,93" machi="44" ten="30,16000,3" yaku="1,1,7,1,9,1,25,2,8,1,53,2" doraHai="23" doraHaiUra="14" who="1" fromWho="2" sc="268,0,244,180,277,-160,191,0" /><INIT seed="5,0,0,4,1,72" ten="268,424,117,191" oya="1" hai0="113,8,65,28,123,129,81,68,64,131,33,93,26" hai1="112,83,78,4,36,11,61,135,130,9,31,12,45" hai2="87,44,97,110,62,105,77,18,128,79,73,16,76" hai3="23,37,52,54,69,84,94,75,35,56,104,47,86"/><U10/><E112/><V34/><F73/><W57/><G104/><T80/><D113/><U21/><E135/><V74/><F74/><W53/><G35/><T51/><D123/><U101/><E130/><V38/><F110/><W29/><G75/><T118/><D118/><U107/><E107/><V42/><F34/><W46/><G69/><T30/><D30/><U41/><E101/><V1/><F128/><N who="0" m="49226" /><D93/><U102/><E102/><V117/><F117/><W82/><G94/><T134/><D51/><N who="1" m="27055" /><E61/><V70/><F1/><W48/><G37/><T115/><D134/><U43/><E43/><V116/><F116/><W49/><G54/><T91/><D68/><U127/><E127/><V3/><F3/><W114/><G114/><T50/><D50/><U98/><E98/><V108/><F108/><W60/><G60/><T126/><D126/><U106/><E36/><V5/><F5/><W39/><G39/><T19/><D115/><U120/><E106/><V103/><REACH who="2" step="1"/><F87/><REACH who="2" ten="268,424,107,191" step="2"/><N who="3" m="33323" /><G82/><T15/><D80/><U32/><E32/><V85/><F85/><AGARI ba="0,1" hai="8,15,19,26,28,33,64,65,81,85,91" m="49226" machi="85" ten="30,1000,0" yaku="19,1" doraHai="72" who="0" fromWho="2" sc="268,20,424,0,107,-10,191,0" /><INIT seed="6,0,0,4,0,46" ten="288,424,97,191" oya="2" hai0="24,11,0,82,19,66,74,43,69,118,25,71,31" hai1="8,62,2,60,34,4,6,51,59,45,89,17,73" hai2="93,97,3,63,20,120,1,40,100,92,79,42,123" hai3="135,70,114,15,121,30,128,68,116,122,29,91,56"/><V94/><F79/><W64/><G116/><T113/><D71/><U44/><E73/><V87/><F87/><W9/><G135/><T133/><D69/><U72/><E34/><V47/><F63/><W55/><G128/><T101/><D101/><U7/><E44/><V22/><F47/><W88/><G114/><T115/><D43/><U12/><E72/><V18/><F18/><N who="3" m="8559" /><G68/><T65/><D82/><U61/><E89/><N who="3" m="34378" /><G70/><T103/><D74/><U98/><E98/><V125/><F125/><W39/><G39/><T14/><D118/><U126/><E2/><V27/><F94/><W38/><G38/><T58/><D133/><U106/><E106/><V130/><F27/><W78/><G122/><T76/><D25/><U26/><E126/><V23/><F23/><W111/><G111/><T32/><BYE who="3" /><D24/><UN n3="%46%75%77%61" /><U119/><E119/><V105/><F105/><W104/><G104/><T90/><D115/><U129/><E129/><V131/><REACH who="2" step="1"/><F100/><REACH who="2" ten="288,424,87,191" step="2"/><W86/><G121/><T21/><D103/><U83/><E26/><V127/><F127/><W108/><G108/><T85/><D21/><U48/><E45/><V67/><F67/><W35/><G64/><T107/><D66/><U84/><E59/><V77/><F77/><W16/><G35/><T5/><D32/><U132/><E132/><V10/><F10/><W102/><G102/><T52/><D11/><U124/><E124/><V53/><F53/><W57/><G16/><T80/><D19/><U37/><E37/><V13/><F13/><W33/><G33/><T28/><D14/><U54/><E54/><V134/><F134/><RYUUKYOKU ba="0,1" sc="288,-15,424,15,87,15,191,-15" hai1="4,6,7,8,12,17,48,51,60,61,62,83,84" hai2="1,3,20,22,40,42,92,93,97,120,123,130,131" /><INIT seed="6,1,1,4,4,106" ten="273,439,102,176" oya="2" hai0="88,16,38,83,95,124,94,36,121,111,91,119,68" hai1="77,53,30,60,122,40,79,134,133,48,10,1,69" hai2="63,132,55,98,43,12,81,66,90,34,21,84,62" hai3="80,65,117,101,125,128,58,61,130,110,107,113,29"/><V22/><F34/><W87/><G117/><T8/><D111/><U41/><E30/><V102/><F43/><N who="1" m="16457" /><E122/><V32/><F32/><W72/><G110/><T114/><D68/><U13/><E1/><V75/><F132/><N who="1" m="50793" /><E60/><V129/><F129/><N who="3" m="49771" /><G125/><T115/><D124/><U71/><E77/><V18/><F22/><W86/><G113/><N who="0" m="43019" /><D121/><U56/><E79/><V57/><F75/><W74/><G29/><T6/><D16/><AGARI ba="1,1" hai="10,13,16,48,53,56,69,71" m="50793,16457" machi="16" ten="30,2000,0" yaku="20,1,54,1" doraHai="106" who="1" fromWho="0" sc="273,-23,439,33,102,0,176,0" /><INIT seed="7,0,0,4,4,107" ten="250,472,102,176" oya="3" hai0="113,119,52,37,92,86,130,22,25,112,55,83,39" hai1="72,47,102,38,124,11,120,50,75,57,70,106,54" hai2="42,80,90,85,135,98,44,34,6,97,134,100,2" hai3="71,91,78,96,79,133,15,76,64,59,16,88,26"/><W131/><G71/><T111/><D111/><U45/><E120/><V9/><F34/><W69/><G69/><T104/><D104/><U94/><E106/><V46/><F134/><W128/><G133/><T14/><D14/><U74/><E70/><V61/><F135/><W49/><G26/><T32/><D92/><U110/><E110/><V123/><F123/><W68/><G68/><T28/><D130/><N who="3" m="49705" /><G96/><T35/><D119/><U7/><E124/><V58/><F46/><W29/><G29/><T0/><D0/><U63/><E38/><N who="0" m="14345" /><D32/><U101/><E94/><V1/><F1/><W48/><G64/><T56/><D56/><U84/><E84/><V77/><F100/><W3/><G3/><T121/><D35/><U8/><E45/><V114/><F114/><N who="0" m="44138" /><D121/><U93/><E93/><V4/><F4/><W62/><G62/><T5/><D5/><U60/><E60/><V17/><F17/><W87/><G59/><T27/><D27/><U65/><REACH who="1" step="1"/><E7/><REACH who="1" ten="250,462,102,176" step="2"/><V43/><F43/><W116/><G116/><T105/><D105/><U99/><E99/><V81/><F44/><W12/><G87/><T23/><D23/><U103/><AGARI ba="0,1" hai="8,11,47,50,54,57,63,65,72,74,75,101,102,103" machi="103" ten="40,12000,2" yaku="1,1,0,1,52,3,53,1" doraHai="107" doraHaiUra="53" who="1" fromWho="1" sc="250,-30,462,130,102,-30,176,-60" owari="220,2.0,592,69.2,72,-42.8,116,-28.4" /></mjloggm>