<mjloggm ver="2.3"><GO type="169" lobby="0"/><UN n0="%E3%83%AC%E3%82%AA%E3%83%B3%E3%83%8F%E3%83%AB%E3%83%88" n1="%E3%81%86%E3%81%91%E3%81%AA%E3%81%8C%E3%81%97%E3%81%BE%E3%81%9B%E3%82%93" n2="%43%E3%82%A8%E3%83%BC%E3%82%B8%E3%82%A7%E3%83%B3%E3%83%88" n3="%68%61%72%75%6B%61%73" dan="17,16,17,18" rate="2158.70,2118.52,2216.07,2208.54" sx="M,F,M,M"/><TAIKYOKU oya="0"/><INIT seed="0,0,0,3,1,122" ten="250,250,250,250" oya="0" hai0="108,47,34,12,94,72,68,21,36,115,88,49,66" hai1="74,76,64,44,109,124,117,45,0,90,97,65,67" hai2="63,95,111,120,62,32,58,102,19,25,121,37,92" hai3="85,110,105,119,28,89,135,57,10,46,80,13,18"/><T104/><D115/><U56/><E117/><V77/><F37/><W126/><G119/><T101/><D34/><U99/><E0/><V26/><F77/><W52/><G105/><T132/><D132/><U55/><E124/><V41/><F41/><W6/><G126/><T11/><D72/><U130/><E130/><V78/><F78/><W59/><G110/><T2/><D36/><U17/><E109/><V54/><F32/><W53/><G135/><T9/><D108/><U79/><E79/><V33/><F33/><W114/><G114/><T27/><D2/><U5/><E5/><V84/><F111/><W87/><G28/><T4/><D9/><U16/><E76/><V103/><F84/><W43/><G18/><N who="1" m="7274" /><E74/><V116/><F19/><W113/><G85/><T118/><D118/><U107/><E107/><V20/><F116/><W125/><G113/><T91/><D66/><U129/><E129/><V93/><F20/><W82/><G82/><T30/><D68/><U50/><E99/><V15/><F15/><W48/><G125/><T40/><REACH who="0" step="1"/><D104/><REACH who="0" ten="240,250,250,250" step="2"/><U83/><E83/><V39/><F39/><W73/><G73/><T70/><D70/><U134/><E134/><V96/><F121/><W123/><G123/><T42/><D42/><U1/><E1/><V71/><F120/><W60/><REACH who="3" step="1"/><G57/><REACH who="3" ten="240,250,250,240" step="2"/><T38/><D38/><U128/><E128/><V23/><F71/><W7/><G7/><T61/><D61/><U29/><E29/><V75/><F75/><W22/><G22/><T100/><D100/><N who="2" m="38442" /><F63/><W24/><G24/><N who="2" m="9321" /><F23/><W133/><G133/><T51/><D51/><RYUUKYOKU ba="0,2" sc="240,0,250,0,250,0,240,0" hai0="4,11,12,21,27,30,40,47,49,88,91,94,101" hai1="44,45,50,55,56,64,65,67,90,97" hai2="54,58,62,92,93,95,96" hai3="6,10,13,43,46,48,52,53,59,60,80,87,89" /><INIT seed="0,1,2,1,5,116" ten="240,250,250,240" oya="0" hai0="63,84,92,72,125,78,97,36,108,52,39,25,30" hai1="1,94,40,2,29,111,11,102,128,131,64,46,80" hai2="42,53,49,47,130,5,126,127,93,58,109,19,31" hai3="106,134,71,74,6,13,112,21,22,65,121,24,32"/><T61/><D72/><U26/><E111/><V129/><F5/><W69/><G74/><T91/><D125/><N who="2" m="47626" /><F19/><N who="3" m="10479" /><G65/><T120/><D120/><U3/><E64/><V90/><F31/><N who="3" m="19559" /><G106/><T70/><D108/><U68/><E68/><V100/><F100/><W98/><G98/><T133/><D133/><U59/><E59/><V45/><F109/><W117/><G71/><T119/><D119/><U43/><E11/><V10/><F10/><W99/><G99/><T110/><D70/><U87/><E94/><V124/><N who="2" m="47634" /><V107/><DORA hai="123" /><F107/><W88/><G88/><T20/><D110/><U67/><E67/><V79/><F79/><W35/><G69/><T135/><D135/><U114/><E102/><V17/><F17/><W82/><G82/><T113/><D113/><U18/><E18/><V55/><F53/><W57/><G121/><T37/><REACH who="0" step="1"/><D52/><REACH who="0" ten="230,250,250,240" step="2"/><U76/><E114/><V62/><F45/><W101/><G112/><T60/><D60/><U86/><E46/><V77/><F77/><W44/><G44/><T4/><D4/><U7/><E7/><V50/><F62/><W81/><G117/><T122/><D122/><U54/><E54/><V104/><F104/><W83/><G134/><T28/><D28/><U15/><E29/><V48/><F48/><W115/><G115/><T16/><D16/><U27/><E76/><V132/><F132/><W56/><G6/><T38/><N who="0" m="9216" /><DORA hai="9" /><T8/><D8/><U105/><E105/><V0/><F0/><W96/><G35/><T75/><D75/><U51/><E1/><V12/><F12/><W33/><G33/><RYUUKYOKU ba="1,3" sc="230,15,250,-15,250,15,240,-15" hai0="20,25,30,61,63,78,84,91,92,97" hai2="42,47,49,50,55,58,90,93,129,130" /><INIT seed="0,2,3,1,2,130" ten="245,235,265,225" oya="0" hai0="17,45,36,79,35,23,97,25,85,1,88,93,39" hai1="62,37,92,134,5,113,86,26,98,30,41,65,7" hai2="90,131,43,132,104,111,67,29,19,55,128,31,2" hai3="66,33,57,115,117,124,80,0,40,122,21,119,18"/><T54/><D1/><U74/><E74/><V133/><F104/><W60/><G115/><T96/><D35/><U105/><E113/><V38/><F2/><W24/><G0/><T9/><D9/><U94/><E105/><V28/><F67/><W76/><G124/><T20/><D20/><U56/><E134/><N who="2" m="51819" /><F111/><W51/><G33/><T123/><D123/><U135/><E135/><V125/><F125/><W50/><G122/><T15/><D15/><U109/><E109/><V53/><F90/><W13/><G13/><T112/><D112/><U3/><E3/><V34/><F34/><W52/><G50/><T63/><D97/><U89/><E37/><V95/><F95/><W47/><REACH who="3" step="1"/><G66/><REACH who="3" ten="245,235,265,215" step="2"/><T100/><D36/><U91/><E41/><V11/><F43/><W82/><G82/><T46/><D39/><U99/><REACH who="1" step="1"/><E86/><AGARI ba="2,4" hai="18,21,24,40,47,51,52,57,60,76,80,86,117,119" machi="86" ten="30,3900,0" yaku="1,1,7,1,54,1,53,0" doraHai="130" doraHaiUra="129" who="3" fromWho="1" sc="245,0,235,-45,265,0,215,85" /><INIT seed="1,0,0,3,1,8" ten="245,190,265,300" oya="1" hai0="100,75,24,80,72,35,90,66,95,54,116,77,51" hai1="110,23,32,68,47,124,69,29,127,83,82,88,3" hai2="62,108,33,52,115,2,129,0,14,99,123,46,40" hai3="38,92,44,31,132,89,126,61,19,42,37,105,130"/><U86/><E3/><V6/><F33/><W50/><G105/><T30/><D116/><U41/><E32/><V102/><F108/><W79/><G132/><T98/><D66/><U65/><E110/><V134/><F134/><W1/><G1/><T28/><D28/><U7/><E7/><V9/><F129/><W34/><G79/><T58/><REACH who="0" step="1"/><D100/><REACH who="0" ten="235,190,265,300" step="2"/><U109/><E109/><V57/><F115/><W43/><G31/><T67/><D67/><U49/><E83/><V45/><F123/><W56/><G130/><T131/><D131/><U118/><E118/><V84/><F84/><AGARI ba="0,1" hai="24,30,35,51,54,58,72,75,77,80,84,90,95,98" machi="84" ten="30,3900,0" yaku="1,1,7,1,53,1" doraHai="8" doraHaiUra="53" who="0" fromWho="2" sc="235,49,190,0,265,-39,300,0" /><INIT seed="2,0,0,5,2,104" ten="284,190,226,300" oya="2" hai0="29,122,44,77,37,49,21,66,56,92,47,81,100" hai1="63,48,61,98,82,102,89,30,68,14,15,13,60" hai2="38,115,103,36,121,119,46,76,79,93,27,17,28" hai3="110,116,113,74,91,55,62,43,109,3,59,130,22"/><V127/><F115/><W9/><G116/><T84/><D122/><U41/><E68/><V6/><F119/><W0/><G113/><T107/><D107/><U19/><E30/><V31/><F121/><W5/><G43/><T99/><D37/><U45/><E102/><V24/><F6/><W58/><G3/><T128/><D128/><U105/><E105/><V118/><F17/><W2/><G2/><T57/><D66/><U23/><REACH who="1" step="1"/><E82/><REACH who="1" ten="284,180,226,300" step="2"/><V67/><F118/><W85/><G130/><T80/><D80/><U90/><E90/><V112/><F103/><W129/><G129/><T51/><D81/><U53/><E53/><V126/><F112/><W96/><G55/><T78/><D100/><U101/><E101/><V95/><F46/><W35/><G91/><T134/><D44/><U120/><E120/><V69/><F69/><W20/><G35/><T123/><D47/><U34/><E34/><V73/><REACH who="2" step="1"/><F67/><REACH who="2" ten="284,180,216,300" step="2"/><W87/><G59/><T75/><D56/><U117/><E117/><V54/><F54/><W39/><G58/><T72/><D57/><U52/><E52/><V135/><F135/><W42/><G62/><T16/><D123/><U114/><E114/><V65/><F65/><W108/><G108/><T83/><D134/><U97/><E97/><V125/><F125/><W18/><G96/><T4/><D99/><U86/><E86/><V8/><F8/><W11/><G85/><T132/><D84/><U124/><E124/><V33/><F33/><W111/><G87/><T88/><D132/><U50/><E50/><V133/><F133/><W25/><G109/><RYUUKYOKU ba="0,2" sc="284,-15,180,15,216,15,300,-15" hai1="13,14,15,19,23,41,45,48,60,61,63,89,98" hai2="24,27,28,31,36,38,73,76,79,93,95,126,127" /><INIT seed="2,1,2,0,3,105" ten="269,195,231,285" oya="2" hai0="118,8,127,15,110,93,54,4,95,94,103,2,10" hai1="123,67,13,135,61,5,96,89,121,55,86,73,117" hai2="14,115,28,59,76,45,11,130,100,16,108,113,92" hai3="51,0,64,22,77,23,70,19,47,133,112,98,20"/><V99/><F130/><W75/><G0/><T18/><D110/><U3/><E117/><V129/><F129/><W40/><G133/><T38/><D118/><U26/><E135/><V65/><F108/><W42/><G112/><T72/><D127/><U21/><E3/><V24/><F76/><W62/><G42/><T36/><D103/><U83/><E55/><V125/><F45/><W69/><G69/><T90/><D90/><U78/><E96/><V25/><F25/><W63/><G63/><T43/><D43/><U7/><E13/><V122/><F122/><W68/><G68/><T126/><D126/><U80/><E5/><V134/><F134/><W33/><G33/><T52/><REACH who="0" step="1"/><D72/><REACH who="0" ten="259,195,231,285" step="2"/><U71/><REACH who="1" step="1"/><E7/><REACH who="1" ten="259,185,231,285" step="2"/><V1/><F125/><W39/><G40/><T31/><D31/><AGARI ba="1,4" hai="21,26,31,61,67,71,73,78,80,83,86,89,121,123" machi="31" ten="40,5200,0" yaku="1,1,2,1,52,1,53,0" doraHai="105" doraHaiUra="131" who="1" fromWho="0" sc="259,-55,185,95,231,0,285,0" /><INIT seed="3,0,0,4,3,30" ten="204,280,231,285" oya="3" hai0="27,96,45,59,111,121,24,63,58,107,123,106,53" hai1="72,82,120,65,33,38,29,115,51,32,2,47,85" hai2="80,132,92,37,69,90,99,28,79,66,40,77,42" hai3="23,57,122,9,94,118,68,87,135,129,10,1,91"/><W21/><G118/><T78/><D111/><U105/><E120/><V100/><F132/><W70/><G122/><T36/><D78/><U11/><E105/><V98/><F28/><W97/><G135/><T48/><D123/><U14/><E29/><V50/><F37/><W81/><G129/><T131/><D121/><U75/><E2/><V128/><F128/><W56/><G70/><T116/><D116/><U43/><E115/><V86/><F79/><W60/><G57/><T6/><D131/><U22/><E22/><N who="3" m="8202" /><G68/><T74/><D74/><U26/><E26/><V25/><F25/><W41/><G41/><T49/><D6/><N who="1" m="3447" /><E65/><V134/><F134/><W8/><G1/><T15/><D15/><U93/><E93/><V20/><F20/><W114/><G114/><T16/><D16/><U133/><E38/><V119/><F119/><W54/><G9/><T17/><D17/><U110/><E110/><V12/><F12/><W19/><G19/><T46/><D36/><U130/><E130/><V44/><F66/><W73/><G73/><N who="1" m="28234" /><E133/><V7/><F7/><W0/><G0/><T39/><D39/><U95/><E95/><N who="2" m="58463" /><F69/><W83/><G83/><T112/><D112/><U117/><E117/><V3/><F3/><W109/><G109/><T101/><D107/><U55/><E55/><AGARI ba="0,0" hai="40,42,44,50,55,77,80,86,90,92,99" m="58463" machi="55" ten="30,1000,0" yaku="8,1" doraHai="30" who="2" fromWho="1" sc="204,0,280,-10,231,10,285,0" /><INIT seed="4,0,0,5,4,63" ten="204,270,241,285" oya="0" hai0="45,16,77,42,121,75,23,52,55,25,70,92,18" hai1="90,15,40,114,120,36,69,47,22,95,43,60,109" hai2="48,21,86,4,26,102,106,9,111,7,20,80,116" hai3="81,104,98,96,35,110,28,119,108,41,93,24,32"/><T5/><D121/><U64/><E120/><V3/><F111/><W50/><G119/><T12/><D70/><U56/><E109/><V30/><F116/><W113/><G113/><T107/><D107/><U133/><E133/><V122/><F122/><W10/><G35/><T105/><D105/><U74/><E74/><V112/><F112/><W49/><G81/><T135/><D135/><U128/><E128/><V76/><F4/><W94/><G104/><T14/><D75/><U2/><E2/><V88/><F48/><W117/><G117/><T0/><D77/><U11/><E43/><V123/><F123/><W103/><G49/><N who="0" m="26807" /><D0/><U100/><E114/><V57/><F57/><W61/><G41/><T39/><D39/><U54/><E22/><V89/><REACH who="2" step="1"/><F21/><REACH who="2" ten="204,270,231,285" step="2"/><W134/><G50/><T71/><D71/><U131/><E131/><V73/><F73/><W1/><G134/><T29/><D5/><U19/><E69/><V91/><F91/><W84/><G110/><T44/><D44/><U130/><E130/><V51/><F51/><W118/><G108/><T66/><D23/><U97/><REACH who="1" step="1"/><E90/><REACH who="1" ten="204,260,231,285" step="2"/><V34/><F34/><W126/><G118/><T53/><D12/><U82/><E82/><V99/><AGARI ba="0,2" hai="3,7,9,20,26,30,76,80,86,88,89,99,102,106" machi="99" ten="30,4000,0" yaku="1,1,0,1,54,1,53,0" doraHai="63" doraHaiUra="68" who="2" fromWho="2" sc="204,-20,260,-10,231,60,285,-10" /><INIT seed="5,0,0,3,0,16" ten="184,250,291,275" oya="1" hai0="49,109,81,55,28,46,42,80,34,128,15,92,107" hai1="120,67,38,131,25,118,83,123,33,86,127,96,48" hai2="122,24,93,97,6,26,117,13,57,82,70,90,4" hai3="56,134,52,9,72,5,100,126,119,12,73,78,74"/><U69/><E118/><V43/><F70/><W115/><G119/><T75/><D107/><U68/><E38/><V95/><F122/><W47/><G115/><T102/><D109/><U76/><E69/><V121/><F121/><W106/><G126/><T110/><D110/><U3/><E3/><V84/><F43/><W20/><G134/><T1/><D1/><U23/><E127/><V59/><F93/><W116/><G116/><T94/><D128/><U18/><E131/><V105/><F105/><W11/><G47/><T45/><D34/><U27/><E48/><V10/><F4/><W79/><G100/><T54/><D28/><U132/><E96/><V101/><F117/><W112/><G106/><T41/><D75/><U0/><E0/><V66/><F66/><W114/><G11/><T111/><D111/><U99/><E99/><V32/><F32/><W88/><G88/><T17/><D102/><U19/><E132/><V124/><F124/><W40/><G40/><T108/><D108/><U87/><E87/><V125/><F125/><W22/><G78/><T2/><D2/><U36/><E36/><V29/><F29/><W14/><G79/><T61/><D81/><U50/><E50/><V104/><F104/><W103/><G103/><T64/><D80/><U21/><E33/><V129/><F129/><W133/><G133/><T85/><D85/><U130/><E130/><V60/><F60/><AGARI ba="0,0" hai="18,19,21,23,25,27,60,67,68,76,83,86,120,123" machi="60" ten="40,7700,0" yaku="9,1,52,2" doraHai="16" who="1" fromWho="2" sc="184,0,250,77,291,-77,275,0" /><INIT seed="5,1,0,1,5,51" ten="184,327,214,275" oya="1" hai0="54,17,89,85,97,45,20,59,116,71,125,106,112" hai1="131,35,100,110,9,88,134,101,76,3,122,40,95" hai2="132,129,58,38,87,65,24,104,44,86,66,120,127" hai3="91,99,13,108,68,8,103,75,15,78,26,114,49"/><U34/><E122/><V43/><F104/><W31/><G114/><T22/><D116/><U123/><E123/><V63/><F120/><W77/><G68/><T90/><D112/><U53/><E110/><V30/><F127/><W121/><G108/><T14/><D125/><U133/><E40/><V1/><F1/><W93/><G121/><T42/><D71/><U50/><E76/><V60/><F129/><W82/><G78/><T52/><D106/><U2/><E131/><V135/><F135/><N who="1" m="51721" /><E9/><V25/><F132/><W69/><G69/><T73/><D73/><U102/><E35/><V83/><F83/><W115/><G115/><T6/><D6/><U67/><E67/><V107/><F107/><W19/><G15/><T55/><D97/><N who="1" m="57575" /><E34/><V33/><REACH who="2" step="1"/><F25/><REACH who="2" ten="184,327,204,275" step="2"/><W96/><G103/><T94/><D89/><U70/><E70/><AGARI ba="1,1" hai="24,30,33,38,43,44,58,60,63,65,66,70,86,87" machi="70" ten="30,3900,0" yaku="1,1,2,1,7,1,53,0" doraHai="51" doraHaiUra="98" who="2" fromWho="1" sc="184,0,327,-42,204,52,275,0" /><INIT seed="6,0,0,0,3,69" ten="184,285,256,275" oya="2" hai0="72,115,113,63,28,70,22,101,71,3,62,10,84" hai1="32,116,33,125,59,93,74,4,83,85,19,130,21" hai2="92,80,90,103,76,49,117,2,104,127,1,53,35" hai3="82,73,34,37,39,77,98,47,88,44,56,89,110"/><V29/><F117/><W20/><G34/><T86/><D72/><U109/><E116/><V13/><F127/><W78/><G110/><T95/><D101/><U46/><E109/><V5/><F29/><W118/><G118/><T111/><D111/><U102/><E125/><V64/><F64/><W99/><G20/><T25/><D3/><U26/><E130/><V135/><F35/><W23/><G23/><T43/><D10/><U65/><E74/><V58/><F135/><W27/><G56/><T91/><D84/><U131/><E131/><V6/><F13/><W112/><G73/><T123/><D123/><U60/><E46/><V41/><F41/><W18/><G82/><T108/><D43/><U54/><E65/><V14/><F14/><W61/><G61/><N who="0" m="23051" /><D108/><U8/><E102/><V129/><F129/><W79/><G79/><T68/><D68/><U94/><E33/><V133/><F133/><W67/><G67/><T97/><D97/><U87/><E87/><N who="2" m="52319" /><F1/><W105/><G18/><T107/><D107/><U81/><E32/><V48/><F48/><W0/><G0/><T7/><D7/><U12/><REACH who="1" step="1"/><E83/><REACH who="1" ten="184,275,256,275" step="2"/><V38/><F80/><W114/><G105/><T119/><D119/><U128/><E128/><V132/><F104/><W15/><G44/><T55/><D86/><U42/><E42/><V40/><F40/><W36/><G47/><T17/><D55/><U66/><E66/><V45/><F45/><W96/><G96/><N who="0" m="57471" /><D70/><U30/><E30/><V51/><F53/><W106/><G99/><T16/><D71/><U120/><E120/><V57/><F103/><RYUUKYOKU ba="0,1" sc="184,15,275,15,256,-15,275,-15" hai0="16,17,22,25,28,113,115" hai1="4,8,12,19,21,26,54,59,60,81,85,93,94" /><INIT seed="7,1,1,1,1,86" ten="199,290,241,260" oya="3" hai0="117,0,4,15,91,126,1,88,61,85,12,25,100" hai1="77,78,134,109,33,128,89,19,95,97,47,93,87" hai2="20,5,54,118,10,64,120,41,72,17,23,99,106" hai3="127,133,124,114,59,65,60,102,110,70,31,84,83"/><W52/><G114/><T76/><D117/><U37/><E109/><V39/><F118/><W129/><G110/><T112/><D0/><U62/><E33/><V26/><F72/><W98/><G31/><T9/><D112/><U14/><E128/><V104/><F64/><W94/><G129/><T21/><D126/><N who="3" m="48169" /><G133/><T103/><D61/><U7/><E7/><V38/><F120/><W90/><G52/><T75/><D75/><U35/><E35/><V56/><F20/><W24/><G24/><T51/><D51/><U131/><E131/><V132/><F132/><W111/><G111/><T69/><D69/><AGARI ba="1,1" hai="59,60,65,69,70,83,84,90,94,98,102" m="48169" machi="69" ten="30,2900,0" yaku="18,1,52,1" doraHai="86" who="3" fromWho="0" sc="199,-32,290,0,241,0,260,42" owari="167,-33.3,290,9.0,241,-15.9,302,40.2" /></mjloggm>