<mjloggm ver="2.3"><GO type="169" lobby="0"/><UN n0="%E3%83%8A%E3%82%B4%E3%83%A0" n1="%E3%81%A1%E3%82%87%E3%82%8A%E3%81%8A" n2="%41%72%64%62%65%47" n3="%46%75%4B%61" dan="18,16,16,16" rate="2225.31,2122.07,2028.80,2073.06" sx="M,M,M,M"/><TAIKYOKU oya="0"/><INIT seed="0,0,0,0,5,89" ten="250,250,250,250" oya="0" hai0="7,122,112,114,116,3,14,76,5,103,75,127,39" hai1="21,46,9,121,20,113,66,105,118,80,33,108,52" hai2="133,32,83,123,2,132,85,24,88,0,62,55,19" hai3="49,41,36,42,98,86,45,77,26,64,79,48,35"/><T96/><D116/><U95/><E105/><V16/><F123/><W60/><G35/><T74/><D122/><U97/><E33/><V1/><F32/><W130/><G130/><T59/><D3/><U44/><E121/><V22/><F19/><W31/><G36/><T131/><D39/><U38/><E118/><V58/><AGARI ba="0,0" hai="0,1,2,16,22,24,55,58,62,83,85,88,132,133" machi="58" ten="40,5200,0" yaku="0,1,54,2" doraHai="89" who="2" fromWho="2" sc="250,-26,250,-13,250,52,250,-13" /><INIT seed="1,0,0,2,3,99" ten="224,237,302,237" oya="1" hai0="110,7,18,129,108,31,61,53,57,86,37,116,83" hai1="15,39,71,34,91,124,43,115,93,2,85,6,96" hai2="80,109,10,41,117,127,130,38,64,27,20,17,101" hai3="105,4,45,106,74,40,119,48,90,97,3,113,24"/><U30/><E115/><V52/><F117/><W26/><G119/><T73/><D116/><U114/><E114/><V132/><F64/><W94/><G113/><T128/><D37/><U120/><E120/><V135/><F109/><N who="0" m="42090" /><D73/><U79/><E71/><V59/><F80/><W36/><G74/><T134/><D31/><U81/><E2/><V11/><F127/><W51/><G51/><T56/><D7/><U33/><E124/><V46/><F130/><N who="0" m="50282" /><D18/><U5/><E30/><V77/><F77/><W54/><G4/><T50/><D86/><U111/><E111/><V121/><F121/><W107/><REACH who="3" step="1"/><G3/><REACH who="3" ten="224,237,302,227" step="2"/><T28/><D28/><U131/><E131/><V58/><F38/><W60/><G60/><T72/><D72/><U8/><E5/><V13/><F17/><W123/><G123/><T29/><D29/><U22/><E34/><V78/><F135/><W49/><G49/><T32/><D32/><U88/><E33/><V82/><F132/><W70/><G70/><T87/><D134/><U62/><E62/><V25/><F59/><AGARI ba="0,1" hai="24,26,36,40,45,48,54,59,90,94,97,105,106,107" machi="59" ten="40,2600,0" yaku="1,1,53,1" doraHai="99" doraHaiUra="42" who="3" fromWho="2" sc="224,0,237,0,302,-26,227,36" /><INIT seed="2,0,0,3,4,57" ten="224,237,276,263" oya="2" hai0="74,54,88,104,123,13,81,75,98,29,55,94,97" hai1="112,63,50,96,68,41,47,61,0,28,64,78,1" hai2="108,107,48,67,4,79,122,38,58,135,119,51,91" hai3="23,36,27,115,26,71,35,99,53,22,132,100,127"/><V15/><F38/><W120/><G120/><T2/><D123/><U46/><E112/><V77/><F122/><W84/><G115/><T95/><D2/><U31/><E78/><V89/><F107/><W34/><G53/><T76/><D29/><U30/><E96/><V3/><F3/><W70/><G36/><T82/><D13/><U45/><E45/><V86/><F119/><W73/><G127/><T110/><D110/><U43/><REACH who="1" step="1"/><E61/><REACH who="1" ten="224,227,276,263" step="2"/><V21/><F79/><W83/><G99/><T111/><D111/><U92/><E92/><V80/><F108/><W65/><G83/><T37/><D37/><AGARI ba="0,1" hai="0,1,28,30,31,37,41,43,46,47,50,63,64,68" machi="37" ten="40,2600,0" yaku="1,1,52,1,53,0" doraHai="57" doraHaiUra="109" who="1" fromWho="0" sc="224,-26,227,36,276,0,263,0" /><INIT seed="3,0,0,5,1,85" ten="198,263,276,263" oya="3" hai0="45,78,122,115,32,67,72,68,57,70,54,44,4" hai1="16,43,65,14,109,37,2,58,112,104,64,95,121" hai2="52,125,75,22,130,15,114,110,59,63,61,90,47" hai3="30,94,120,48,111,89,107,79,23,126,0,8,128"/><W27/><G120/><T135/><D32/><U116/><E104/><V33/><F33/><W82/><G126/><T108/><D122/><U26/><E2/><V99/><F114/><W46/><G128/><T132/><D4/><U41/><E112/><V55/><F75/><W40/><G107/><T39/><D78/><U53/><E37/><V134/><F130/><W117/><G117/><T25/><D25/><U131/><E121/><V50/><F125/><W83/><G111/><T123/><D72/><U127/><E127/><V91/><F110/><W101/><G101/><T18/><D18/><U29/><E109/><V118/><F118/><W36/><G36/><T17/><D17/><U97/><E26/><V84/><F134/><N who="0" m="51242" /><D123/><U73/><E29/><V51/><F99/><W66/><G79/><T20/><D20/><N who="1" m="11287" /><E73/><V28/><F84/><W21/><G21/><T19/><D19/><U11/><E11/><V88/><F15/><W35/><G35/><T76/><D76/><U87/><E87/><V92/><F92/><W56/><G0/><T71/><D108/><U81/><E81/><V86/><F86/><N who="3" m="52535" /><G8/><T93/><D93/><U12/><E12/><V80/><F80/><W98/><G98/><T1/><D1/><U42/><E131/><V62/><F22/><W38/><G38/><T119/><D119/><U103/><E116/><V6/><F28/><W133/><G133/><T13/><D115/><U77/><E77/><V10/><F10/><W74/><G74/><T124/><D124/><U5/><E5/><AGARI ba="0,0" hai="5,6,47,50,51,52,55,59,61,62,63,88,90,91" machi="5" ten="40,12000,2" yaku="8,1,52,3,54,2" doraHai="85" who="2" fromWho="1" sc="198,0,263,-120,276,120,263,0" /><INIT seed="4,0,0,0,5,125" ten="198,143,396,263" oya="0" hai0="13,76,10,16,45,127,72,132,18,27,119,112,52" hai1="100,35,89,133,28,104,39,80,90,0,105,117,92" hai2="42,56,82,44,126,57,128,51,91,75,135,36,94" hai3="74,71,49,2,131,129,73,41,86,7,55,19,79"/><T50/><D119/><U54/><E117/><V38/><F126/><W70/><G41/><T108/><D127/><U111/><E39/><V46/><F135/><W97/><G86/><T93/><D132/><U110/><E0/><V121/><F121/><W124/><G124/><T32/><D112/><U81/><E28/><V122/><F122/><W120/><G120/><T61/><D108/><U23/><E23/><V102/><F102/><W88/><G19/><T96/><D72/><U8/><E8/><V95/><F91/><N who="1" m="34825" /><E54/><V34/><F82/><N who="1" m="31849" /><E35/><V65/><F65/><W134/><G134/><T3/><D3/><U40/><E40/><V63/><F34/><W115/><G115/><T47/><D76/><U101/><E92/><V53/><F75/><N who="3" m="28683" /><G79/><T22/><D32/><U62/><E62/><V87/><F87/><W1/><G7/><T15/><D61/><U59/><E59/><V33/><F94/><N who="3" m="56519" /><G1/><T20/><D47/><U48/><E48/><V58/><F63/><W109/><G109/><N who="1" m="41482" /><E133/><V85/><F42/><W107/><G2/><T78/><D78/><U26/><E26/><V30/><F33/><W6/><G6/><T98/><D93/><U12/><E12/><V123/><F95/><W9/><G9/><T11/><D22/><U84/><E84/><V118/><F85/><W4/><G4/><AGARI ba="0,0" hai="4,10,11,13,15,16,18,20,27,45,50,52,96,98" machi="4" ten="30,11600,0" yaku="7,1,8,1,54,2" doraHai="125" who="0" fromWho="3" sc="198,116,143,0,396,0,263,-116" /><INIT seed="4,1,0,4,2,124" ten="314,143,396,147" oya="0" hai0="81,114,58,103,75,57,43,72,39,109,74,132,12" hai1="45,118,70,66,17,35,64,69,108,100,62,92,135" hai2="22,0,33,34,15,20,115,67,9,53,123,55,111" hai3="73,32,21,83,89,130,26,48,27,127,47,82,7"/><T85/><D114/><U79/><E118/><V131/><F111/><W86/><G7/><T125/><D132/><U4/><E35/><V99/><F123/><W117/><G127/><T59/><D125/><U128/><E79/><V102/><F0/><W60/><G117/><T65/><D109/><U101/><E4/><V107/><F67/><W91/><G32/><T36/><D65/><U14/><E108/><V80/><F22/><W13/><G60/><T28/><D103/><U84/><E45/><V122/><F20/><W119/><G119/><T97/><D97/><U19/><E135/><V50/><F115/><W42/><G73/><T121/><D121/><U46/><E46/><V68/><F55/><W24/><G13/><T126/><D126/><U95/><E84/><V1/><F1/><W61/><G61/><T40/><D12/><U116/><E62/><V54/><F68/><W112/><G112/><T38/><REACH who="0" step="1"/><D28/><REACH who="0" ten="304,143,396,147" step="2"/><U11/><E14/><V77/><F99/><W8/><G8/><T133/><D133/><U5/><E116/><V63/><F102/><W104/><G104/><T25/><D25/><U105/><E11/><V56/><F9/><W76/><G24/><T93/><D93/><U87/><E105/><V98/><F15/><W52/><G26/><T106/><D106/><U37/><E5/><V2/><F107/><W3/><G3/><T29/><D29/><U78/><E101/><V41/><F98/><W16/><G42/><T110/><D110/><U88/><E100/><V10/><F122/><W23/><G27/><T134/><D134/><U120/><E120/><RYUUKYOKU ba="1,1" sc="304,30,143,-10,396,-10,147,-10" hai0="36,38,39,40,43,57,58,59,72,74,75,81,85" /><INIT seed="4,2,1,2,3,120" ten="334,133,386,137" oya="0" hai0="65,110,77,97,26,73,109,22,91,124,67,49,106" hai1="102,62,101,113,1,63,40,25,68,45,105,123,30" hai2="24,94,10,41,70,128,13,135,81,127,99,32,64" hai3="33,38,21,56,50,47,84,121,96,74,18,125,14"/><T61/><D124/><U89/><E123/><V29/><F127/><W2/><G121/><T87/><D73/><U114/><E1/><V95/><F128/><W92/><G125/><T35/><D35/><U59/><E68/><V23/><F135/><W6/><G74/><T66/><D49/><U129/><E129/><V34/><F41/><W93/><G38/><T37/><D37/><U7/><E7/><V86/><F64/><W130/><G130/><T98/><D61/><N who="1" m="23051" /><E105/><V85/><F95/><W78/><G56/><T52/><D52/><U79/><E89/><V71/><F86/><W118/><G33/><T112/><D77/><U60/><N who="1" m="23059" /><U57/><DORA hai="4" /><E79/><V27/><F34/><W42/><G118/><T11/><D11/><U3/><E3/><V15/><F15/><W100/><G6/><T116/><D112/><N who="1" m="43115" /><E30/><V111/><F29/><W134/><G2/><T43/><D43/><U5/><E5/><V69/><F69/><W28/><G28/><N who="0" m="17495" /><D106/><U115/><N who="1" m="43123" /><U75/><DORA hai="82" /><E25/><V16/><F27/><W8/><G134/><T12/><D12/><U44/><E75/><V48/><F24/><W72/><G72/><T20/><D116/><U76/><E76/><V36/><F70/><W90/><REACH who="3" step="1"/><G78/><REACH who="3" ten="334,133,386,127" step="2"/><T103/><D65/><U131/><E131/><V51/><F71/><W31/><G31/><T107/><D66/><U58/><E45/><V55/><F36/><AGARI ba="2,2" hai="36,40,44,57,58,59,101,102" m="43123,23059" machi="36" ten="50,3200,0" yaku="15,1,11,1" doraHai="120,4,82" who="1" fromWho="2" sc="334,0,133,58,386,-38,127,0" /><INIT seed="5,0,0,4,5,110" ten="334,191,348,127" oya="1" hai0="65,43,71,67,130,59,70,57,74,63,75,123,35" hai1="88,68,51,80,29,72,126,97,92,33,36,58,55" hai2="109,103,76,98,128,52,16,15,4,73,47,53,49" hai3="21,90,120,50,107,38,56,115,121,40,129,14,66"/><U7/><E68/><N who="0" m="26153" /><D35/><U9/><E36/><V32/><F109/><W37/><G14/><T64/><D75/><U99/><E126/><V11/><F32/><W48/><G21/><T81/><D81/><U134/><E134/><V116/><F116/><W6/><G6/><T0/><D74/><U22/><E33/><V69/><F69/><W112/><G90/><T61/><D0/><U79/><E29/><V132/><F132/><W39/><G107/><T111/><D111/><U106/><E22/><V133/><F133/><W93/><G93/><T10/><D10/><U131/><E131/><V118/><F128/><W104/><G104/><T23/><D23/><U95/><E106/><V113/><F76/><W44/><G129/><T127/><D130/><U62/><E62/><N who="0" m="23561" /><D127/><U83/><E83/><V20/><F118/><W91/><G91/><T5/><D5/><U100/><E7/><V117/><F73/><W60/><G50/><T77/><D77/><U114/><E9/><V82/><F82/><W105/><G105/><T3/><D3/><U119/><REACH who="1" step="1"/><E119/><REACH who="1" ten="334,181,348,127" step="2"/><V122/><F117/><W102/><REACH who="3" step="1"/><G102/><REACH who="3" ten="334,181,348,117" step="2"/><T13/><D123/><AGARI ba="0,2" hai="37,38,39,40,44,48,56,60,66,112,115,120,121,123" machi="123" ten="50,12000,2" yaku="1,1,2,1,34,3,52,2,53,0" doraHai="110" doraHaiUra="78" who="3" fromWho="0" sc="334,-120,181,0,348,0,117,140" /><INIT seed="6,0,0,0,2,20" ten="214,181,348,257" oya="2" hai0="76,65,14,115,67,24,124,51,10,105,112,114,37" hai1="84,43,1,116,118,72,108,97,62,47,98,6,117" hai2="109,27,53,130,3,8,107,57,17,34,38,75,25" hai3="2,68,32,12,85,129,131,95,54,125,94,55,19"/><V35/><F38/><W121/><G121/><T119/><D37/><U122/><E72/><V7/><F75/><W39/><G39/><T66/><D105/><U88/><E108/><V101/><F109/><W33/><G2/><T90/><D124/><U127/><E127/><V71/><F71/><W50/><G125/><T135/><D135/><U110/><E110/><V134/><F134/><W44/><G68/><T58/><D119/><U23/><E122/><V113/><F107/><W49/><G85/><T128/><D128/><N who="3" m="49225" /><G95/><T36/><D36/><U70/><E47/><V132/><F130/><W64/><G64/><T78/><D90/><U69/><E43/><V40/><F40/><W81/><G94/><T59/><D24/><U89/><E6/><V16/><F101/><W9/><G81/><T48/><D58/><AGARI ba="0,0" hai="9,12,19,32,33,44,49,50,54,55,58" m="49225" machi="58" ten="30,1000,0" yaku="19,1" doraHai="20" who="3" fromWho="0" sc="214,-10,181,0,348,0,257,10" /><INIT seed="7,0,0,2,1,120" ten="204,181,348,267" oya="3" hai0="102,4,113,86,78,67,105,63,104,82,108,53,106" hai1="17,123,72,70,12,1,64,99,100,94,71,66,21" hai2="29,103,127,46,9,6,87,58,77,81,44,128,15" hai3="121,16,32,83,88,57,43,22,55,31,68,89,8"/><W93/><G121/><T116/><D116/><U56/><E72/><V97/><F128/><W45/><G68/><T48/><D108/><U5/><E123/><V131/><F131/><W35/><G8/><T38/><D38/><U74/><E74/><V26/><F127/><W11/><G11/><T41/><D41/><U37/><E37/><V109/><F109/><W84/><G31/><T27/><D4/><U117/><E117/><V85/><F85/><W98/><G45/><T19/><D113/><U47/><E47/><V91/><F77/><W133/><G133/><T79/><D79/><U95/><E1/><V65/><F65/><W33/><G43/><T30/><D19/><U69/><E5/><V107/><F58/><W119/><G119/><T3/><D3/><U52/><REACH who="1" step="1"/><E95/><REACH who="1" ten="204,171,348,267" step="2"/><V90/><F46/><W59/><REACH who="3" step="1"/><G55/><REACH who="3" ten="204,171,348,257" step="2"/><T42/><D53/><U14/><E14/><AGARI ba="0,2" hai="14,16,22,32,33,35,57,59,83,84,88,89,93,98" machi="14" ten="40,12000,1" yaku="1,1,2,1,54,2,53,0" doraHai="120" doraHaiUra="39" who="3" fromWho="1" sc="204,0,171,-120,348,0,257,140" owari="204,-19.6,51,-44.9,348,14.8,397,49.7" /></mjloggm>