<mjloggm ver="2.3"><GO type="169" lobby="0"/><UN n0="%68%61%72%75%6B%61%73" n1="%6E%6F%73%75%6B%65" n2="%E3%81%8B%E3%81%A3%E9%A3%9B%E3%81%B0%E3%81%9B%E5%85%A8%E9%83%A8" n3="%E6%B2%B3%E7%AB%A5%E3%81%AE%E3%83%AF%E3%82%AB%E3%83%9E%E3%83%84" dan="18,16,17,19" rate="2219.88,2133.87,2185.77,2309.96" sx="M,M,M,M"/><TAIKYOKU oya="0"/><INIT seed="0,0,0,4,2,117" ten="250,250,250,250" oya="0" hai0="87,88,79,77,62,112,134,75,32,48,69,103,58" hai1="125,47,38,44,128,54,12,43,82,94,96,25,89" hai2="95,20,100,5,61,4,31,7,41,0,35,126,70" hai3="110,15,24,34,114,45,17,108,59,39,111,19,104"/><T129/><D112/><U50/><E125/><V3/><F41/><N who="3" m="22719" /><G114/><T84/><D32/><U107/><E128/><V71/><F100/><W121/><G104/><T30/><D30/><U72/><E107/><V63/><F95/><W102/><G102/><T14/><D103/><U109/><E109/><V135/><F35/><W65/><G121/><T115/><D75/><U52/><E25/><V73/><F73/><W16/><G15/><T113/><D69/><U122/><E122/><V80/><F80/><W83/><G83/><T91/><D129/><U131/><E131/><V132/><F20/><N who="3" m="13319" /><G34/><T97/><D97/><U98/><E54/><V105/><F105/><W29/><G29/><T55/><D14/><U18/><E72/><V127/><F4/><W57/><G57/><T74/><D74/><U120/><E120/><V123/><F123/><W53/><G65/><T42/><D115/><U40/><E40/><V1/><F1/><W93/><G93/><N who="0" m="54407" /><D113/><U60/><E60/><AGARI ba="0,0" hai="17,19,53,59,60,108,110,111" m="13319,22719" machi="60" ten="30,2000,0" yaku="14,1,54,1" doraHai="117" who="3" fromWho="1" sc="250,0,250,-20,250,0,250,20" /><INIT seed="1,0,0,3,1,24" ten="250,230,250,270" oya="1" hai0="96,47,0,52,17,107,60,36,104,11,89,19,8" hai1="85,53,114,127,75,76,103,94,72,6,37,63,132" hai2="57,121,67,97,5,20,10,128,116,100,3,9,22" hai3="30,90,71,65,40,18,70,16,101,56,13,83,43"/><U134/><E37/><V39/><F116/><W46/><G101/><T88/><D36/><U32/><E6/><V27/><F121/><W21/><G30/><T50/><D0/><U129/><E32/><V82/><F128/><W62/><G43/><T99/><D60/><U35/><E35/><V73/><F39/><W112/><G112/><T120/><D50/><U111/><E114/><V12/><F67/><W130/><G130/><T61/><D61/><U42/><E42/><V48/><F73/><W106/><G106/><T7/><D7/><U68/><E129/><V33/><F82/><W84/><REACH who="3" step="1"/><G18/><REACH who="3" ten="250,230,250,260" step="2"/><T59/><D120/><U28/><E28/><V25/><F100/><W29/><G29/><T131/><D131/><U54/><E103/><V124/><F5/><W87/><G87/><T95/><D19/><U34/><E85/><V14/><F97/><W108/><G108/><T26/><D104/><U93/><E111/><V49/><F33/><W105/><G105/><T125/><D107/><U98/><E98/><V110/><F110/><W115/><G115/><T79/><D17/><U118/><E34/><V74/><F74/><W92/><G92/><T31/><D31/><U66/><E75/><V122/><F122/><W41/><G41/><T123/><D123/><U133/><E72/><V2/><F124/><W51/><AGARI ba="0,1" hai="13,16,21,40,46,51,56,62,65,70,71,83,84,90" machi="51" ten="20,5200,0" yaku="1,1,0,1,7,1,54,1,53,0" doraHai="24" doraHaiUra="23" who="3" fromWho="3" sc="250,-13,230,-26,250,-13,260,62" /><INIT seed="2,0,0,0,4,78" ten="237,204,237,322" oya="2" hai0="56,104,20,48,7,54,121,101,0,35,65,134,42" hai1="85,98,95,61,84,41,129,40,64,53,28,50,66" hai2="45,71,90,108,74,125,107,105,89,72,70,25,110" hai3="76,24,132,30,93,99,19,33,21,77,2,106,27"/><V102/><F25/><W49/><G132/><T118/><D35/><U9/><E129/><V122/><F45/><W111/><G111/><N who="2" m="42537" /><F122/><W126/><G126/><T43/><D134/><U5/><E28/><V11/><F102/><W38/><G38/><T115/><D115/><U4/><E41/><V46/><F11/><W88/><G2/><T15/><D118/><U67/><E40/><V130/><F46/><W26/><G106/><N who="2" m="40457" /><F125/><W91/><G26/><T82/><D101/><U87/><E61/><V47/><F47/><W6/><G6/><T80/><D104/><U10/><E10/><V117/><F130/><W13/><G49/><T73/><D121/><U22/><E9/><V39/><F117/><W44/><G44/><T1/><D1/><U51/><E22/><V14/><F14/><W81/><REACH who="3" step="1"/><G27/><REACH who="3" ten="237,204,237,312" step="2"/><T63/><D0/><U55/><E51/><V75/><F39/><W31/><G31/><T114/><D7/><U133/><E133/><V112/><F112/><W124/><G124/><T23/><D114/><U109/><E109/><V127/><F127/><W135/><G135/><T68/><D42/><U37/><E37/><V62/><F62/><W113/><G113/><T119/><D43/><U131/><E131/><V123/><F123/><W57/><G57/><T8/><D119/><U52/><E50/><V94/><F94/><W86/><AGARI ba="0,1" hai="13,19,21,24,30,33,76,77,81,86,88,91,93,99" machi="86" ten="30,8000,1" yaku="1,1,0,1,52,1,54,1,53,1" doraHai="78" doraHaiUra="16" who="3" fromWho="3" sc="237,-20,204,-20,237,-40,312,90" /><INIT seed="3,0,0,0,4,11" ten="217,184,197,402" oya="3" hai0="68,12,134,24,125,43,53,131,42,120,26,77,8" hai1="127,1,71,64,106,108,103,70,18,118,61,82,104" hai2="128,23,16,39,13,89,80,72,55,81,109,37,84" hai3="133,30,48,105,75,85,112,123,74,0,98,86,21"/><W7/><G0/><T38/><D120/><U94/><E108/><V6/><F109/><W63/><G7/><T19/><D68/><U126/><E118/><V17/><F128/><W73/><G48/><T14/><D131/><U132/><E132/><V15/><F6/><W3/><G3/><T124/><D134/><U121/><E121/><V51/><F72/><W41/><G41/><N who="0" m="15371" /><D77/><U20/><E1/><V29/><F29/><W101/><G123/><T44/><D38/><U35/><E35/><V95/><F37/><W47/><G47/><T58/><D44/><U100/><E71/><V31/><F31/><W93/><G133/><T110/><D110/><U60/><E60/><V46/><F39/><W49/><G49/><N who="0" m="31023" /><D125/><N who="1" m="47627" /><E82/><V22/><AGARI ba="0,0" hai="13,15,16,17,22,23,46,51,55,80,81,84,89,95" machi="22" ten="20,12000,2" yaku="0,1,7,1,9,1,8,1,52,2,54,1" doraHai="11" who="2" fromWho="2" sc="217,-30,184,-30,197,120,402,-60" /><INIT seed="4,0,0,4,5,14" ten="187,154,317,342" oya="0" hai0="115,33,37,65,82,100,70,109,121,47,35,39,104" hai1="52,85,97,0,114,81,4,6,42,56,126,132,112" hai2="2,134,129,79,24,91,22,34,102,27,103,98,19" hai3="15,106,64,117,48,127,1,60,55,25,118,40,32"/><T17/><D121/><U77/><E126/><V90/><F134/><W28/><G1/><T41/><D115/><N who="1" m="44075" /><E132/><V3/><F129/><W45/><G127/><T8/><D109/><U73/><E42/><V44/><F79/><W131/><G131/><T12/><D39/><U120/><E120/><V75/><F75/><W101/><G15/><T68/><D82/><N who="1" m="45359" /><E97/><V10/><F44/><W78/><G78/><T61/><REACH who="0" step="1"/><D70/><REACH who="0" ten="177,154,317,342" step="2"/><U13/><E0/><V125/><F125/><W74/><G74/><T16/><D16/><U59/><E59/><V92/><F2/><W122/><G122/><T26/><D26/><U62/><E13/><V43/><F3/><W83/><G83/><T116/><D116/><U51/><E62/><V86/><F24/><W63/><G60/><T71/><D71/><U88/><AGARI ba="0,1" hai="4,6,51,52,56,81,85,88" m="45359,44075" machi="88" ten="30,7900,0" yaku="15,1,11,1,54,2" doraHai="14" who="1" fromWho="1" sc="177,-39,154,89,317,-20,342,-20" /><INIT seed="5,0,0,0,5,51" ten="138,243,297,322" oya="1" hai0="102,2,72,117,85,112,7,74,75,61,109,77,57" hai1="29,114,96,10,78,130,132,35,73,113,3,12,103" hai2="46,55,8,64,116,58,120,24,1,127,128,101,38" hai3="31,118,59,99,50,47,84,105,27,92,121,6,17"/><U134/><E78/><V34/><F116/><W41/><G121/><T115/><D109/><U33/><E73/><V23/><F120/><W60/><G118/><T79/><D117/><U71/><E71/><V19/><F127/><W107/><G6/><T14/><D2/><U135/><E130/><V126/><F126/><W110/><G84/><T125/><D125/><U108/><E108/><V5/><F128/><W49/><G49/><T119/><D119/><U70/><E70/><V68/><F101/><W91/><G110/><T83/><D102/><U86/><E86/><V56/><F56/><W88/><G91/><T40/><D40/><U76/><E76/><V36/><F46/><W69/><G69/><T131/><D131/><U22/><E3/><V94/><F34/><N who="1" m="12809" /><E96/><V43/><F43/><W90/><G90/><T81/><D7/><N who="1" m="3167" /><E103/><V9/><F94/><W62/><G31/><T100/><D100/><U82/><E82/><V123/><F123/><W93/><G93/><T66/><REACH who="0" step="1"/><D14/><REACH who="0" ten="128,243,297,322" step="2"/><U11/><E135/><V67/><F5/><W98/><G41/><T42/><D42/><U25/><E134/><V28/><F1/><W133/><G133/><T111/><D111/><U15/><E132/><V4/><F4/><AGARI ba="0,1" hai="4,11,15,22,25,29,113,114" m="3167,12809" machi="4" ten="30,2900,0" yaku="34,2" doraHai="51" who="1" fromWho="2" sc="128,0,243,39,297,-29,322,0" /><INIT seed="5,1,0,1,5,115" ten="128,282,268,322" oya="1" hai0="85,105,40,133,112,120,67,18,5,81,58,114,48" hai1="45,12,25,2,126,13,103,91,42,17,19,62,24" hai2="9,64,134,31,23,30,96,46,78,33,127,98,26" hai3="86,73,92,8,56,54,119,60,44,36,43,72,11"/><U34/><E126/><V15/><F127/><W27/><G119/><T68/><D105/><U101/><E2/><V95/><F134/><W76/><G27/><T104/><D104/><U32/><E62/><V94/><F78/><W118/><G118/><T113/><D133/><U125/><E125/><V21/><F64/><W71/><G71/><T57/><D120/><U130/><E91/><V49/><F95/><W106/><G106/><T121/><D121/><U55/><E55/><V16/><F30/><W37/><G37/><T41/><D5/><U100/><E130/><V110/><F110/><W29/><G29/><T109/><D109/><U3/><E3/><V108/><F108/><W61/><G61/><N who="0" m="40047" /><D18/><U6/><E6/><V132/><F132/><W74/><REACH who="3" step="1"/><G92/><REACH who="3" ten="128,282,268,312" step="2"/><T117/><D117/><U111/><E25/><V83/><F83/><AGARI ba="1,1" hai="8,11,36,43,44,54,56,60,72,73,74,76,83,86" machi="83" ten="40,2600,0" yaku="1,1,2,1,53,0" doraHai="115" doraHaiUra="116" who="3" fromWho="2" sc="128,0,282,0,268,-29,312,39" /><INIT seed="6,0,0,2,2,70" ten="128,282,239,351" oya="2" hai0="84,126,117,24,128,54,18,44,125,20,11,103,80" hai1="88,10,113,4,72,57,133,97,49,122,107,135,89" hai2="52,105,19,92,65,131,43,42,79,29,36,14,98" hai3="34,53,109,64,86,25,78,1,94,71,8,35,51"/><V134/><F134/><N who="1" m="51209" /><E72/><V48/><F131/><W96/><G109/><T69/><D128/><U58/><E113/><V5/><F105/><W37/><G37/><T40/><D69/><U112/><E112/><V39/><F65/><W22/><G86/><T60/><D117/><U41/><E41/><V120/><F120/><W3/><G78/><T116/><D116/><U130/><E130/><V55/><F29/><W46/><G64/><T111/><D103/><U100/><E122/><V90/><F5/><W74/><G74/><T13/><D111/><U21/><E21/><V93/><F79/><W75/><G75/><T33/><D33/><U0/><E49/><V23/><F55/><W66/><G66/><T95/><D60/><U9/><E9/><V115/><F115/><W119/><G71/><T27/><D54/><U45/><E45/><V102/><F42/><W61/><G61/><T62/><D62/><U121/><E121/><V123/><F43/><W15/><G1/><T127/><D11/><U50/><E50/><V28/><F28/><N who="3" m="17463" /><G3/><T82/><D95/><U99/><E99/><V106/><F93/><W83/><G83/><T77/><REACH who="0" step="1"/><D82/><REACH who="0" ten="118,282,239,351" step="2"/><U91/><AGARI ba="0,1" hai="0,4,10,57,58,88,89,91,97,100,107" m="51209" machi="91" ten="30,2000,0" yaku="20,1,54,1" doraHai="70" who="1" fromWho="1" sc="118,-5,282,30,239,-10,351,-5" /><INIT seed="7,0,0,4,4,80" ten="113,312,229,346" oya="3" hai0="82,22,72,43,1,107,5,132,66,124,112,74,3" hai1="114,129,44,73,56,79,93,47,101,9,42,57,54" hai2="91,85,89,111,69,103,15,27,116,122,78,90,4" hai3="60,17,52,106,51,87,18,59,118,130,86,0,34"/><W30/><G118/><T53/><D107/><U135/><E114/><V49/><F111/><W119/><G119/><T70/><D22/><U63/><E135/><V45/><F116/><W41/><G106/><T134/><D82/><U110/><E110/><V26/><F122/><W31/><G0/><T128/><D66/><U71/><E129/><V94/><F69/><W125/><G125/><T67/><D67/><U96/><E71/><V109/><F109/><W37/><G37/><T33/><D70/><U97/><E79/><V20/><F103/><W24/><G31/><T6/><D43/><U48/><E73/><V99/><F78/><W55/><G41/><T81/><D81/><U115/><E115/><V123/><F123/><W25/><G130/><T76/><D76/><U40/><E9/><V120/><F120/><W88/><G25/><T16/><D112/><U29/><E29/><V92/><F90/><W28/><G28/><T77/><D77/><U62/><E97/><V21/><F4/><W46/><G87/><T75/><D75/><U23/><E23/><N who="2" m="8779" /><F15/><W65/><G65/><T14/><D128/><U19/><E19/><V8/><F8/><W95/><AGARI ba="0,0" hai="17,18,24,30,34,46,51,52,55,59,60,86,88,95" machi="95" ten="20,12000,1" yaku="0,1,7,1,52,1,54,2" doraHai="80" who="3" fromWho="3" sc="113,-40,312,-40,229,-40,346,120" owari="73,-42.7,272,7.2,189,-21.1,466,56.6" /></mjloggm>