<mjloggm ver="2.3"><GO type="169" lobby="0"/><UN n0="%E5%85%AD%E9%83%A8%E5%9C%AD" n1="%74%61%6B%65%2D%79%6F%75" n2="%E4%B9%9D%E5%B0%BE%E3%81%AE%E3%83%8D%E3%82%B3" n3="%E6%9D%BE%E5%8E%9F%E4%B8%8D%E7%8B%97" dan="16,16,16,16" rate="2042.21,2162.19,2060.74,2089.50" sx="M,M,M,M"/><TAIKYOKU oya="0"/><INIT seed="0,0,0,4,5,83" ten="250,250,250,250" oya="0" hai0="104,61,111,66,52,90,94,97,37,32,54,15,115" hai1="62,70,18,64,28,73,25,114,126,22,93,20,82" hai2="68,98,123,80,35,30,101,50,59,130,48,79,4" hai3="14,63,92,119,121,96,113,27,31,134,102,44,8"/><T122/><D115/><U53/><E126/><V77/><F123/><W21/><G134/><T107/><D122/><U112/><E53/><V132/><F68/><W39/><G121/><T2/><D2/><U106/><E106/><V3/><F132/><W105/><G113/><N who="1" m="43626" /><E93/><V108/><F130/><W38/><G119/><T100/><D32/><N who="1" m="20495" /><E18/><V36/><F36/><W56/><G105/><T87/><D107/><U10/><E10/><V29/><F108/><W117/><G117/><T127/><D37/><U118/><E118/><V12/><F3/><W91/><G44/><T6/><D127/><U135/><E135/><V5/><F35/><W72/><G39/><T69/><REACH who="0" step="1"/><D111/><REACH who="0" ten="240,250,250,250" step="2"/><U13/><E13/><V71/><F12/><W34/><G38/><T57/><D57/><U40/><E40/><V9/><F59/><W86/><G56/><T49/><D49/><U43/><E43/><V85/><F50/><W84/><G14/><T26/><D26/><U7/><E7/><V103/><F48/><W124/><G27/><T46/><D46/><U131/><E131/><V11/><F71/><W1/><G124/><T16/><D16/><U116/><E116/><V17/><F17/><W47/><G47/><T75/><D75/><U78/><AGARI ba="0,1" hai="20,22,62,64,70,73,78,82" m="20495,43626" machi="78" ten="30,1100,0" yaku="11,1" doraHai="83" who="1" fromWho="1" sc="240,-5,250,21,250,-3,250,-3" /><INIT seed="1,0,0,1,3,9" ten="235,271,247,247" oya="1" hai0="5,129,31,15,3,84,13,30,11,102,65,12,45" hai1="108,127,27,78,118,58,47,109,126,80,110,77,122" hai2="98,130,49,24,26,46,21,117,88,99,52,16,111" hai3="33,135,56,40,70,95,128,114,39,2,43,86,51"/><U67/><E27/><N who="2" m="14759" /><F117/><W62/><G2/><T93/><D129/><U50/><E122/><V66/><F130/><W35/><G114/><T32/><D65/><U96/><E96/><N who="2" m="36907" /><F66/><W10/><G135/><T7/><D102/><U73/><E118/><V91/><F111/><W107/><G107/><T134/><D134/><U81/><E67/><V74/><F74/><W75/><G75/><T55/><D7/><U100/><E100/><V115/><F115/><W83/><G128/><T23/><D23/><U104/><E104/><V36/><F36/><W59/><G39/><T19/><D19/><U106/><E106/><V54/><F54/><W6/><G70/><T89/><REACH who="0" step="1"/><D32/><REACH who="0" ten="225,271,247,247" step="2"/><U133/><E133/><V63/><F63/><W123/><G62/><T4/><D4/><U38/><E38/><V92/><F91/><W60/><G35/><T61/><D61/><U121/><E121/><V28/><F28/><W90/><G33/><T116/><D116/><U125/><E58/><V8/><F8/><W25/><G10/><T97/><D97/><AGARI ba="0,1" hai="24,26,46,49,52,88,92,97" m="36907,14759" machi="97" ten="30,7700,0" yaku="8,1,54,3" doraHai="9" who="2" fromWho="0" sc="225,-77,271,0,247,87,247,0" /><INIT seed="2,0,0,4,4,72" ten="148,271,334,247" oya="2" hai0="71,101,128,32,85,41,39,52,5,10,30,49,87" hai1="83,9,16,4,124,44,26,129,14,51,106,121,50" hai2="62,3,31,114,13,123,53,47,1,119,91,59,2" hai3="134,90,117,125,65,80,17,100,57,111,102,60,96"/><V27/><F119/><W88/><G117/><T108/><D71/><U36/><E106/><V46/><F123/><W107/><G111/><T45/><D108/><U97/><E129/><V7/><F114/><W0/><G0/><T15/><D128/><U37/><E124/><V131/><F131/><W82/><G125/><T86/><D101/><U94/><E121/><V130/><F130/><W56/><G134/><T55/><REACH who="0" step="1"/><D39/><REACH who="0" ten="138,271,334,247" step="2"/><U8/><E36/><V69/><F69/><W84/><G102/><T73/><D73/><U19/><E37/><V43/><F91/><W38/><G38/><T120/><D120/><U42/><E51/><V109/><F109/><W63/><G17/><T34/><D34/><U112/><E112/><V70/><F70/><W99/><G100/><T23/><D23/><U20/><E83/><V113/><F113/><W35/><G35/><T67/><D67/><U92/><REACH who="1" step="1"/><E97/><REACH who="1" ten="138,261,334,247" step="2"/><V33/><F62/><W133/><G99/><T78/><D78/><U11/><E11/><V116/><F116/><W76/><G76/><T66/><D66/><U103/><E103/><V95/><F95/><W75/><G96/><T21/><D21/><U98/><E98/><V77/><F77/><W127/><G65/><T12/><D12/><AGARI ba="0,2" hai="4,8,9,12,14,16,19,20,26,42,44,50,92,94" machi="12" ten="30,7700,0" yaku="1,1,7,1,8,1,54,1,53,0" doraHai="72" doraHaiUra="132" who="1" fromWho="0" sc="138,-77,261,97,334,0,247,0" /><INIT seed="3,0,0,4,0,12" ten="61,358,334,247" oya="3" hai0="58,29,84,42,80,52,67,104,34,70,91,6,108" hai1="106,73,120,92,99,49,57,5,28,23,103,76,113" hai2="88,105,10,124,18,94,27,48,133,81,11,16,64" hai3="110,68,126,39,129,51,132,19,54,74,85,83,101"/><W66/><G74/><T72/><D104/><U55/><E120/><V61/><F105/><W98/><G39/><T7/><D42/><U20/><E113/><V69/><F81/><W2/><G2/><T33/><D108/><U26/><E5/><V36/><F36/><W3/><G3/><T37/><D37/><U117/><E117/><V71/><F71/><W13/><G110/><T121/><D121/><U40/><E40/><V125/><F48/><W111/><G111/><T114/><D114/><U109/><E109/><V107/><F107/><W128/><G66/><T62/><D72/><U8/><E8/><N who="2" m="3115" /><F27/><W118/><G68/><T100/><D100/><U46/><E106/><V115/><F133/><W30/><G132/><T134/><D134/><U86/><E73/><V47/><F47/><W89/><G118/><T17/><D17/><U56/><REACH who="1" step="1"/><E23/><REACH who="1" ten="61,348,334,247" step="2"/><V43/><F43/><W75/><G75/><T0/><D0/><U79/><E79/><V90/><F115/><W14/><G128/><T131/><D131/><U97/><E97/><N who="2" m="57543" /><F90/><W78/><G89/><T32/><REACH who="0" step="1"/><D29/><REACH who="0" ten="51,348,334,247" step="2"/><U122/><E122/><V9/><F9/><N who="3" m="6575" /><G30/><T50/><AGARI ba="0,2" hai="6,7,32,33,34,50,52,58,62,67,70,80,84,91" machi="50" ten="30,4000,0" yaku="1,1,0,1,54,1,53,0" doraHai="12" doraHaiUra="116" who="0" fromWho="0" sc="51,60,348,-10,334,-10,247,-20" /><INIT seed="4,0,0,0,5,109" ten="111,338,324,227" oya="0" hai0="17,92,94,15,63,111,108,73,80,70,60,27,84" hai1="77,7,113,112,79,42,78,74,2,114,16,8,1" hai2="31,119,20,103,125,75,116,123,47,69,50,117,59" hai3="0,86,43,21,28,127,41,49,85,55,102,130,12"/><T6/><D73/><U51/><E16/><V40/><F75/><W96/><G0/><T44/><D6/><U52/><E42/><V126/><F103/><W104/><G130/><T57/><D70/><U26/><E26/><N who="2" m="16839" /><F69/><W61/><G127/><N who="2" m="48649" /><F59/><W36/><G36/><T98/><D27/><U62/><E62/><V24/><F24/><W91/><G86/><T129/><D129/><U83/><E2/><V87/><F87/><W39/><G39/><T68/><D68/><U65/><E65/><V18/><F18/><W99/><G102/><T89/><D44/><AGARI ba="0,0" hai="1,7,8,44,51,52,74,77,78,79,83,112,113,114" machi="44" ten="40,12000,2" yaku="15,1,11,1,52,3,54,1" doraHai="109" who="1" fromWho="0" sc="111,-120,338,120,324,0,227,0" owari="-9,-50.9,458,55.8,324,12.4,227,-17.3" /></mjloggm>