<mjloggm ver="2.3"><GO type="169" lobby="0"/><UN n0="%44%61%72%6B%72%69%64%65" n1="%E3%81%91%E3%83%BC%E3%81%9E%E3%81%88" n2="%E3%81%8A%E3%81%98%E3%81%95%E3%82%93" n3="%E3%81%A1%E3%82%87%E3%82%8A%E3%81%8A" dan="16,17,19,16" rate="2201.51,2158.97,2281.72,2135.85" sx="M,F,M,M"/><TAIKYOKU oya="0"/><INIT seed="0,0,0,0,1,11" ten="250,250,250,250" oya="0" hai0="97,46,70,107,108,86,26,73,83,13,21,77,106" hai1="72,81,40,69,17,74,101,95,67,15,19,115,2" hai2="43,129,36,85,103,102,124,59,71,110,92,37,18" hai3="47,119,104,63,135,62,132,94,87,6,51,121,25"/><T24/><D70/><U29/><E2/><V99/><F71/><W60/><G104/><T133/><D133/><U122/><E122/><V109/><F124/><W58/><G119/><T90/><D108/><N who="2" m="41578" /><F129/><W82/><G6/><T123/><D123/><U57/><E115/><V76/><F103/><W23/><G94/><T0/><D0/><U79/><E69/><V105/><F43/><W42/><G121/><T68/><D68/><U54/><E29/><V50/><F18/><W27/><G58/><T30/><D26/><U114/><E19/><V45/><F59/><W16/><REACH who="3" step="1"/><G27/><REACH who="3" ten="250,250,250,240" step="2"/><T53/><D106/><U28/><E57/><V10/><F92/><W125/><G125/><T52/><D46/><U38/><E95/><V7/><F45/><W3/><G3/><T33/><D107/><U66/><E114/><V1/><F50/><W32/><G32/><T128/><D128/><U117/><E117/><V89/><F105/><W31/><G31/><T116/><D116/><U20/><E28/><V131/><F131/><W130/><G130/><T48/><D48/><U22/><E38/><V120/><F120/><W91/><AGARI ba="0,1" hai="16,23,25,42,47,51,60,62,63,82,87,91,132,135" machi="91" ten="30,4000,0" yaku="1,1,0,1,54,1,53,0" doraHai="11" doraHaiUra="88" who="3" fromWho="3" sc="250,-20,250,-10,250,-10,240,50" /><INIT seed="1,0,0,0,5,11" ten="230,240,240,290" oya="1" hai0="92,117,56,17,48,2,27,46,111,107,22,47,45" hai1="84,106,94,96,79,52,132,23,70,131,1,69,34" hai2="33,51,115,19,35,67,9,85,62,93,29,102,7" hai3="68,63,118,89,54,18,13,24,60,100,120,75,83"/><U134/><E34/><V101/><F115/><W14/><G120/><T15/><D2/><U12/><E1/><V124/><F124/><W25/><G100/><T49/><D107/><U65/><E106/><V39/><F39/><W74/><G68/><T126/><D117/><U87/><E131/><V6/><F19/><W3/><G3/><T41/><D126/><U119/><E119/><V28/><F51/><W20/><G75/><T114/><D114/><U77/><E65/><V38/><F38/><W130/><G74/><T110/><D92/><U36/><E36/><V31/><F85/><N who="3" m="50367" /><G130/><T121/><D121/><U50/><E70/><V88/><F102/><W95/><G118/><T108/><D27/><N who="3" m="10313" /><G95/><T78/><D78/><N who="1" m="29707" /><E69/><V105/><F101/><W55/><G14/><T122/><D122/><U61/><E61/><AGARI ba="0,0" hai="13,18,20,54,55,60,61,63" m="10313,50367" machi="61" ten="30,2000,0" yaku="8,1,52,1" doraHai="11" who="3" fromWho="1" sc="230,0,240,-20,240,0,290,20" /><INIT seed="2,0,0,4,4,71" ten="230,220,240,310" oya="2" hai0="77,55,27,10,70,94,20,66,50,35,24,38,8" hai1="11,121,127,131,18,48,61,96,135,58,89,64,87" hai2="12,25,13,78,129,76,63,122,21,49,128,133,4" hai3="23,114,16,26,97,102,19,92,31,57,95,54,56"/><V14/><F122/><W101/><G114/><T108/><D77/><N who="2" m="29802" /><F133/><W83/><G83/><T72/><D72/><U67/><E127/><V90/><F63/><W34/><G34/><T29/><D108/><U46/><E131/><N who="2" m="50251" /><F90/><W28/><G28/><T80/><D80/><U118/><E96/><V43/><F49/><N who="3" m="30799" /><G57/><T65/><D70/><U36/><E36/><V82/><F43/><W60/><G60/><T15/><D38/><U103/><E103/><V123/><F82/><W53/><G53/><T111/><D111/><U126/><E126/><V40/><F40/><W120/><G120/><T22/><D35/><U79/><E79/><V99/><F99/><AGARI ba="0,0" hai="16,19,23,26,31,92,95,97,99,101,102" m="30799" machi="99" ten="30,2000,0" yaku="8,1,54,1" doraHai="71" who="3" fromWho="2" sc="230,0,220,0,240,-20,310,20" /><INIT seed="3,0,0,4,3,23" ten="230,220,220,330" oya="3" hai0="57,133,27,105,48,16,88,37,92,96,17,50,107" hai1="69,117,75,32,61,11,118,125,113,91,124,24,26" hai2="97,33,120,55,74,7,122,25,46,6,78,130,41" hai3="31,20,110,12,44,102,126,45,14,36,49,77,8"/><W100/><G36/><T59/><D37/><U83/><E32/><V114/><F114/><W34/><G34/><T84/><D133/><U68/><E113/><V135/><F135/><W127/><G77/><T82/><D105/><U65/><E69/><V87/><F74/><W4/><G45/><T111/><D107/><U106/><E106/><V72/><F72/><W80/><G80/><T35/><D111/><U13/><E91/><V86/><F97/><W47/><G47/><T10/><D35/><U28/><E28/><N who="2" m="19599" /><F55/><W101/><G110/><T39/><D39/><U63/><E63/><V51/><F130/><W115/><G115/><T103/><D17/><N who="1" m="8383" /><E83/><N who="2" m="47479" /><F87/><W60/><G60/><T104/><D104/><U98/><E98/><V108/><F108/><W56/><G56/><N who="0" m="21579" /><D10/><U43/><E43/><V129/><F129/><W15/><G31/><T54/><D54/><U19/><E19/><V109/><F109/><W134/><G134/><T0/><D0/><U2/><E2/><V58/><F58/><W93/><G20/><AGARI ba="0,0" hai="16,20,27,48,50,82,84,88,92,96,103" m="21579" machi="20" ten="30,7700,0" yaku="8,1,52,1,54,2" doraHai="23" who="0" fromWho="3" sc="230,77,220,0,220,0,330,-77" /><INIT seed="4,0,0,4,2,129" ten="307,220,220,253" oya="0" hai0="53,99,35,46,114,51,127,1,131,105,71,12,120" hai1="54,45,43,4,135,21,42,78,126,28,27,50,118" hai2="13,97,17,133,47,7,130,86,88,115,121,59,124" hai3="79,18,34,39,91,67,37,14,49,125,75,2,68"/><T83/><D71/><U32/><E126/><V110/><F121/><W82/><G2/><T98/><D1/><U61/><E118/><V48/><F110/><W25/><G125/><T30/><D127/><U134/><E4/><V31/><F124/><W66/><G49/><T107/><D120/><U119/><E119/><V73/><F73/><W63/><G67/><T95/><D131/><U92/><E78/><V6/><F130/><W58/><G68/><T9/><D114/><U90/><E32/><V57/><F115/><W74/><G74/><T16/><D98/><U117/><E117/><V123/><F97/><W15/><G15/><T22/><D35/><U5/><E5/><N who="2" m="1547" /><F31/><W0/><G0/><T101/><REACH who="0" step="1"/><D83/><REACH who="0" ten="297,220,220,253" step="2"/><U40/><REACH who="1" step="1"/><E61/><REACH who="1" ten="297,210,220,253" step="2"/><V80/><F123/><W65/><G34/><T108/><D108/><U8/><E8/><N who="2" m="6311" /><F133/><W64/><G63/><T87/><D87/><AGARI ba="0,2" hai="21,27,28,40,42,43,45,50,54,87,90,92,134,135" machi="87" ten="40,5200,0" yaku="1,1,52,2,53,0" doraHai="129" doraHaiUra="111" who="1" fromWho="0" sc="297,-52,210,72,220,0,253,0" /><INIT seed="5,0,0,4,4,32" ten="245,282,220,253" oya="1" hai0="122,52,135,115,100,23,22,10,41,126,4,59,72" hai1="106,40,96,16,56,67,93,37,133,2,120,18,30" hai2="81,90,65,36,51,121,57,91,42,19,14,101,0" hai3="107,76,123,104,116,62,20,75,28,9,17,11,83"/><U117/><E120/><V85/><F121/><W55/><G123/><T24/><D122/><RYUUKYOKU type="kaze4" ba="0,0" sc="245,0,282,0,220,0,253,0" /><INIT seed="5,1,0,2,4,74" ten="245,282,220,253" oya="1" hai0="86,119,113,100,17,116,65,126,135,95,53,29,16" hai1="43,91,132,50,121,36,39,92,15,6,60,129,64" hai2="94,38,71,14,58,44,80,68,83,4,111,75,42" hai3="81,2,125,8,131,87,97,114,18,127,107,23,130"/><U89/><E121/><V5/><F111/><W98/><G2/><T47/><D65/><U20/><E129/><N who="3" m="49162" /><G23/><T54/><D29/><U28/><E132/><V99/><F58/><W55/><G8/><T51/><D135/><U134/><E134/><V59/><F59/><W104/><G18/><T11/><D126/><N who="3" m="48137" /><G55/><T76/><D113/><U128/><E128/><V118/><F118/><W115/><G87/><T96/><D54/><U90/><E6/><V32/><F32/><W22/><G81/><N who="0" m="47399" /><D119/><U9/><E20/><V66/><F4/><W40/><G40/><T120/><D116/><U63/><E43/><V124/><F124/><W88/><G22/><T73/><D73/><U21/><E9/><V27/><F75/><W117/><G88/><N who="0" m="55399" /><D120/><U123/><E91/><V108/><F42/><W1/><G1/><T103/><D17/><U82/><E89/><V45/><F5/><W106/><G117/><T19/><D19/><U34/><E90/><V78/><F66/><W52/><G52/><T31/><D31/><U0/><E64/><V37/><F83/><W110/><G110/><T41/><D41/><U67/><E82/><V72/><F108/><W57/><G57/><T85/><D85/><U79/><E67/><V49/><F80/><W3/><G3/><T105/><D105/><U56/><E0/><V62/><F94/><W70/><G70/><T61/><D61/><U46/><E63/><V26/><F62/><W69/><G69/><T33/><D33/><U7/><E60/><V30/><F71/><W109/><G109/><T102/><D16/><N who="1" m="10399" /><E34/><N who="2" m="20823" /><F68/><W10/><G10/><AGARI ba="1,0" hai="10,11,47,51,53,100,102,103" m="55399,47399" machi="10" ten="30,7700,0" yaku="6,1,8,1,52,1,54,1" doraHai="74" who="0" fromWho="3" sc="245,80,282,0,220,0,253,-80" /><INIT seed="6,0,0,0,3,114" ten="325,282,220,173" oya="2" hai0="26,93,75,122,87,118,59,111,132,112,6,35,131" hai1="104,99,5,92,103,83,2,40,18,38,41,100,119" hai2="25,13,54,46,101,107,128,129,84,9,77,48,113" hai3="124,65,105,109,89,130,30,81,95,110,64,3,66"/><V11/><F113/><W58/><G105/><T4/><D75/><U27/><E119/><V20/><F101/><W45/><G3/><T49/><D112/><U121/><E38/><V73/><F73/><W126/><G30/><T123/><D111/><U71/><E71/><V47/><F107/><W97/><G45/><T82/><D93/><U7/><E121/><V86/><F47/><W116/><G130/><N who="2" m="50281" /><F77/><W70/><G70/><T0/><D131/><U19/><E104/><V43/><F43/><W61/><G81/><T78/><D0/><U10/><E83/><V94/><F94/><W135/><G135/><T55/><D132/><U32/><E92/><V17/><F9/><W29/><G29/><AGARI ba="0,0" hai="11,13,17,20,25,29,46,48,54,84,86" m="50281" machi="29" ten="30,1500,0" yaku="19,1" doraHai="114" who="2" fromWho="3" sc="325,0,282,0,220,15,173,-15" /><INIT seed="6,1,0,3,0,111" ten="325,282,235,158" oya="2" hai0="59,3,40,93,135,21,25,29,128,118,35,117,110" hai1="18,1,95,105,120,132,13,84,134,89,97,98,78" hai2="56,99,48,66,10,0,57,125,65,30,8,61,53" hai3="36,28,76,9,79,101,129,94,34,130,80,112,73"/><V46/><F125/><W82/><G36/><T68/><D68/><U87/><E1/><V74/><F74/><W69/><G69/><T113/><D40/><U88/><E120/><V102/><F0/><W4/><G34/><T64/><D3/><U92/><E78/><V39/><F30/><W63/><G63/><N who="0" m="38015" /><D110/><U52/><E105/><V114/><F114/><W109/><G28/><T72/><D72/><U26/><E26/><V6/><F6/><W121/><G4/><T133/><D113/><U127/><E127/><V131/><F131/><N who="3" m="50187" /><G9/><T38/><D38/><U91/><E52/><V51/><F39/><W107/><G109/><T55/><D93/><U37/><E37/><V31/><F31/><W5/><G5/><T12/><D55/><U85/><REACH who="1" step="1"/><E91/><REACH who="1" ten="325,272,235,158" step="2"/><V32/><F66/><W119/><G121/><T75/><D128/><U23/><AGARI ba="1,1" hai="13,18,23,84,85,87,88,89,92,95,97,98,132,134" machi="23" ten="30,8000,1" yaku="1,1,2,1,0,1,9,1,54,1,53,0" doraHai="111" doraHaiUra="54" who="1" fromWho="1" sc="325,-21,272,93,235,-41,158,-21" /><INIT seed="7,0,0,1,3,29" ten="304,365,194,137" oya="3" hai0="48,119,111,32,99,103,81,88,69,109,106,45,21" hai1="73,43,42,134,133,123,0,57,14,120,110,129,36" hai2="101,4,17,125,5,20,82,13,127,49,30,9,97" hai3="93,86,11,63,96,50,10,128,56,90,7,91,68"/><W70/><G50/><T58/><D69/><U1/><E110/><V37/><F37/><W51/><G51/><T60/><D119/><U18/><E73/><V59/><F82/><W61/><G128/><T22/><D109/><U126/><E126/><N who="2" m="48139" /><F30/><W8/><G7/><T92/><D111/><U28/><E57/><V105/><F9/><W100/><G90/><T117/><D117/><U118/><E28/><V23/><F23/><W3/><G3/><T121/><D121/><U75/><E75/><V25/><F25/><W54/><REACH who="3" step="1"/><G63/><REACH who="3" ten="304,365,194,127" step="2"/><T16/><D48/><U135/><E129/><V112/><F112/><W27/><G27/><T80/><D60/><U2/><E118/><V115/><F115/><W83/><AGARI ba="0,1" hai="8,10,11,54,56,61,68,70,83,86,91,93,96,100" machi="83" ten="30,3000,0" yaku="1,1,0,1,53,0" doraHai="29" doraHaiUra="12" who="3" fromWho="3" sc="304,-10,365,-10,194,-10,127,40" /><INIT seed="7,1,0,2,1,131" ten="294,355,184,167" oya="3" hai0="108,84,97,124,72,103,71,104,60,129,85,59,135" hai1="111,30,93,58,117,112,65,45,31,28,7,86,34" hai2="110,52,13,94,39,4,92,98,105,5,46,126,56" hai3="115,29,101,17,80,54,8,70,61,35,43,83,15"/><W14/><G43/><T53/><D108/><U19/><E112/><V125/><F110/><W79/><G101/><T50/><D129/><U49/><E117/><V113/><F113/><W27/><G115/><T12/><D124/><N who="2" m="47722" /><F105/><W33/><G33/><T16/><D72/><U38/><E38/><V77/><F77/><W20/><G70/><T122/><D122/><U0/><E0/><V1/><F1/><W120/><G120/><T22/><D135/><U57/><E34/><V107/><F107/><W41/><G41/><T102/><D102/><U114/><E7/><N who="2" m="2635" /><F13/><W130/><G130/><T127/><D127/><U48/><E65/><V44/><F39/><W95/><G95/><N who="2" m="36393" /><F98/><W89/><G89/><T67/><AGARI ba="1,0" hai="12,16,22,50,53,59,60,67,71,84,85,97,103,104" machi="67" ten="30,2000,0" yaku="0,1,54,1" doraHai="131" who="0" fromWho="0" sc="294,23,355,-6,184,-6,167,-11" owari="317,11.7,349,44.9,178,-22.2,156,-34.4" /></mjloggm>