<mjloggm ver="2.3"><GO type="169" lobby="0"/><UN n0="%6A%61%63%6B%74" n1="%74%61%6B%61%74%6F%72%69" n2="%E3%81%BE%E3%83%BC%E3%81%86" n3="%E5%90%89%E7%A5%A5%E5%AF%BA%4B%47" dan="16,16,16,16" rate="2135.99,2053.47,2069.72,2128.45" sx="M,M,M,F"/><TAIKYOKU oya="0"/><INIT seed="0,0,0,3,2,75" ten="250,250,250,250" oya="0" hai0="2,105,45,13,31,56,131,14,70,127,6,110,36" hai1="108,95,126,96,57,60,72,92,28,62,124,49,103" hai2="135,81,7,61,102,16,117,119,10,5,47,51,116" hai3="123,63,125,29,129,101,0,109,9,112,35,55,100"/><T50/><D70/><U40/><E108/><V97/><F135/><W22/><G112/><T121/><D105/><U73/><E95/><V26/><F61/><W59/><G109/><T114/><D121/><U66/><E60/><V54/><F81/><W42/><G123/><T115/><D110/><U120/><E120/><V89/><F89/><W82/><G35/><T85/><D36/><U18/><E18/><V23/><REACH who="2" step="1"/><F10/><REACH who="2" ten="250,250,240,250" step="2"/><W15/><G9/><T83/><D83/><U11/><E11/><V68/><F68/><W53/><G63/><T69/><D69/><U84/><E126/><V4/><F4/><W88/><G82/><T19/><D6/><U122/><E124/><V37/><F37/><W52/><G88/><T27/><D127/><U90/><E122/><V33/><F33/><W91/><G91/><T107/><D115/><U77/><E90/><V20/><F20/><W12/><G22/><T128/><D114/><U41/><E62/><V21/><F21/><W1/><G125/><T80/><D80/><U98/><E66/><V24/><F24/><W104/><G101/><T134/><D27/><U39/><E103/><V58/><F58/><W113/><G59/><T106/><D56/><U8/><E39/><V64/><F64/><W132/><G100/><T93/><D134/><U133/><E57/><V94/><AGARI ba="0,1" hai="5,7,16,23,26,47,51,54,94,97,102,116,117,119" machi="94" ten="30,7900,0" yaku="1,1,0,1,12,1,54,1,53,0" doraHai="75" doraHaiUra="32" who="2" fromWho="2" sc="250,-39,250,-20,240,89,250,-20" /><INIT seed="1,0,0,5,5,4" ten="211,230,329,230" oya="1" hai0="88,18,127,6,46,132,48,90,92,106,117,94,3" hai1="61,103,20,112,73,68,50,134,97,120,75,62,99" hai2="44,10,36,108,98,41,115,118,0,13,95,59,21" hai3="25,34,9,131,30,89,80,31,93,54,26,52,43"/><U79/><E112/><V122/><F108/><W24/><G131/><T91/><D117/><U74/><E120/><V130/><F130/><W14/><G43/><T17/><D106/><U105/><E134/><V101/><F118/><W29/><G80/><T100/><D127/><U67/><E61/><V12/><F122/><W32/><G32/><T42/><D132/><U126/><E126/><V121/><F115/><W82/><G82/><T114/><D114/><U135/><E135/><V87/><F21/><W133/><G34/><T53/><D3/><U58/><E97/><V55/><F87/><N who="3" m="52415" /><G133/><T47/><D6/><AGARI ba="0,0" hai="6,9,14,24,25,26,29,30,31,52,54" m="52415" machi="6" ten="30,3900,0" yaku="8,1,52,1,54,1" doraHai="4" who="3" fromWho="0" sc="211,-39,230,0,329,0,230,39" /><INIT seed="2,0,0,1,4,77" ten="172,230,329,269" oya="2" hai0="134,32,6,64,65,16,114,58,99,89,121,97,120" hai1="57,131,70,35,87,79,98,118,108,8,115,125,33" hai2="59,82,129,112,45,50,69,24,54,78,102,53,103" hai3="101,47,46,52,113,127,88,34,122,123,2,110,43"/><V100/><F112/><W74/><G34/><T48/><D114/><U107/><E8/><V73/><F69/><W42/><G113/><T124/><D32/><U128/><E57/><V51/><F129/><W91/><G101/><T0/><D0/><U11/><E11/><V117/><F117/><W130/><G74/><T90/><D6/><U19/><E19/><V14/><F14/><W44/><G2/><T72/><D72/><U20/><E20/><V133/><F133/><W26/><G26/><T62/><D48/><U13/><E13/><V132/><F132/><W25/><G25/><T84/><D134/><U12/><E12/><V15/><F15/><W28/><G28/><T76/><D76/><U86/><E79/><V1/><F1/><W3/><G3/><T105/><D105/><U67/><E67/><V83/><F82/><W17/><G17/><T55/><D124/><U93/><E93/><V22/><REACH who="2" step="1"/><F100/><REACH who="2" ten="172,230,319,269" step="2"/><W30/><G130/><T75/><D121/><U135/><E70/><V126/><F126/><W10/><G127/><T61/><D120/><U49/><E135/><V36/><F36/><W111/><G123/><T109/><D65/><U29/><E118/><V116/><F116/><W71/><G122/><T94/><D64/><U41/><E115/><V85/><F85/><W66/><G71/><T27/><D84/><U5/><E87/><V37/><F37/><W38/><G66/><T21/><D75/><U95/><E86/><V63/><F63/><W60/><G60/><N who="0" m="35935" /><D109/><U9/><E108/><V56/><F56/><W68/><G111/><T92/><AGARI ba="0,1" hai="16,21,27,61,62,89,90,92,94,97,99" m="35935" machi="92" ten="30,7900,0" yaku="5,1,25,1,8,1,54,1" doraHai="77" who="0" fromWho="0" sc="172,89,230,-20,319,-39,269,-20" /><INIT seed="3,0,0,0,5,30" ten="261,210,280,249" oya="3" hai0="104,58,80,129,59,48,100,22,93,84,8,60,98" hai1="90,65,44,49,19,0,64,36,116,5,66,115,33" hai2="110,123,12,121,114,112,23,27,82,68,125,46,135" hai3="13,20,9,77,62,133,119,32,53,1,67,28,6"/><W106/><G119/><T61/><D129/><U91/><E115/><N who="2" m="44075" /><F68/><W75/><G133/><T54/><D104/><U134/><E36/><V99/><F99/><W103/><G53/><T69/><D69/><U132/><E116/><V92/><F92/><W131/><G131/><T126/><D126/><U130/><E130/><V15/><F82/><W14/><G20/><T41/><D8/><N who="1" m="2087" /><E19/><N who="2" m="12799" /><F46/><W31/><G31/><T128/><D128/><U85/><E85/><V29/><F135/><N who="1" m="51753" /><E33/><V105/><F105/><W11/><G11/><T127/><D127/><U73/><E73/><V52/><F52/><AGARI ba="0,0" hai="44,49,52,64,65,66,90,91" m="51753,2087" machi="52" ten="30,2000,0" yaku="20,1,54,1" doraHai="30" who="1" fromWho="2" sc="261,0,210,20,280,-20,249,0" /><INIT seed="4,0,0,4,1,78" ten="261,230,260,249" oya="0" hai0="61,134,15,109,71,1,72,129,17,22,130,114,128" hai1="32,107,81,97,31,46,27,8,102,3,125,57,73" hai2="41,82,9,60,33,132,25,106,94,112,42,7,122" hai3="59,68,119,52,29,80,26,123,100,64,101,24,6"/><T104/><D104/><U124/><E57/><V0/><F106/><W38/><G119/><T79/><D114/><U91/><E91/><V11/><F112/><W118/><G118/><T10/><D134/><U84/><E46/><V50/><F122/><W23/><G38/><T92/><D109/><U126/><E84/><V83/><F60/><W5/><G123/><T70/><D92/><U111/><E111/><V69/><F69/><W110/><G110/><T39/><D39/><U99/><E99/><V20/><F33/><W93/><G64/><T14/><D1/><U117/><E117/><V36/><F36/><W86/><G68/><T113/><D61/><U35/><E35/><V21/><F94/><W66/><G26/><T13/><D113/><U44/><E44/><V74/><F74/><W51/><G66/><T43/><D43/><N who="2" m="16394" /><F50/><W54/><G54/><T127/><D127/><U85/><E85/><V76/><F76/><N who="3" m="46343" /><G101/><T121/><D121/><U37/><E37/><V65/><F25/><W108/><G108/><T67/><D67/><U18/><E18/><V30/><F30/><W89/><G100/><T19/><REACH who="0" step="1"/><D14/><REACH who="0" ten="251,230,260,249" step="2"/><U116/><E116/><V88/><F65/><W28/><G28/><T135/><D135/><U12/><E12/><V49/><F132/><W87/><AGARI ba="0,1" hai="5,6,23,24,29,51,52,59,87,89,93" m="46343" machi="87" ten="30,4000,0" yaku="8,1,52,1,54,1" doraHai="78" who="3" fromWho="3" sc="251,-20,230,-10,260,-10,249,50" /><INIT seed="5,0,0,4,5,70" ten="231,220,250,299" oya="1" hai0="35,64,55,11,102,101,31,76,5,12,113,15,103" hai1="2,68,112,131,80,117,1,45,107,78,6,9,19" hai2="121,109,96,85,133,26,7,27,52,118,116,114,46" hai3="135,120,50,98,16,105,63,91,95,51,57,84,89"/><U24/><E117/><V44/><F109/><W81/><G120/><T3/><D113/><U40/><E107/><V97/><F7/><W66/><G135/><T22/><D64/><U100/><E100/><V62/><F85/><W33/><G33/><T34/><D76/><U127/><E2/><V54/><F62/><W53/><G105/><T119/><D119/><U108/><E112/><V93/><F93/><W130/><G130/><T74/><D74/><U111/><E131/><V28/><F114/><W87/><G66/><T73/><D73/><U60/><E127/><V59/><F59/><W86/><G86/><T123/><D123/><U65/><E19/><V18/><F18/><W38/><G38/><T8/><D55/><U14/><E24/><V129/><F28/><W36/><G36/><T126/><D126/><U92/><E92/><V88/><F88/><N who="3" m="51215" /><G16/><T43/><D3/><U49/><REACH who="1" step="1"/><E1/><REACH who="1" ten="231,210,250,299" step="2"/><V0/><F0/><W94/><AGARI ba="0,1" hai="50,51,53,57,63,87,89,91,94,95,98" m="51215" machi="94" ten="30,2000,0" yaku="8,1,54,1" doraHai="70" who="3" fromWho="3" sc="231,-5,210,-10,250,-5,299,30" /><INIT seed="6,0,0,2,1,6" ten="226,200,245,329" oya="2" hai0="104,120,40,41,88,1,98,51,57,111,84,71,81" hai1="74,8,2,43,121,134,130,122,25,68,70,96,116" hai2="94,133,0,124,79,80,105,31,113,129,102,24,32" hai3="12,26,38,72,50,83,22,65,36,27,117,56,75"/><V54/><F113/><W4/><G117/><T126/><D120/><N who="1" m="46187" /><E116/><V78/><F94/><W103/><G103/><T89/><D111/><U123/><N who="1" m="46195" /><U33/><DORA hai="3" /><E74/><V9/><F54/><W109/><G27/><T7/><D71/><N who="1" m="27179" /><E130/><V92/><F92/><W73/><G83/><T95/><D126/><U60/><E60/><V19/><F19/><W114/><G38/><T100/><D57/><U91/><E43/><V16/><F16/><W28/><G73/><T58/><D58/><U63/><E63/><V15/><F79/><W85/><G75/><T67/><D67/><U118/><E118/><V64/><F64/><W11/><G56/><T34/><D34/><U76/><E76/><V132/><F15/><W10/><G12/><T39/><D39/><U18/><E134/><V110/><F129/><W99/><G36/><T131/><D51/><U125/><E125/><V59/><F124/><W69/><G50/><T135/><D135/><U90/><E96/><N who="2" m="61639" /><F59/><W17/><G65/><T61/><D61/><U108/><E108/><V37/><F37/><W115/><G109/><T21/><D131/><U66/><E66/><V112/><F110/><W42/><G69/><T46/><D46/><U48/><E48/><V23/><F78/><W52/><G114/><T49/><D49/><U87/><E87/><V128/><F112/><W14/><G42/><T82/><D41/><U119/><E119/><V47/><F128/><W101/><G52/><T29/><D40/><U97/><E97/><V127/><F127/><W86/><G115/><T5/><D98/><U106/><E106/><RYUUKYOKU ba="0,0" sc="226,0,200,0,245,0,329,0" /><INIT seed="7,1,0,4,4,22" ten="226,200,245,329" oya="3" hai0="81,62,99,53,107,67,54,123,50,44,9,84,85" hai1="73,15,74,115,32,122,56,108,132,63,12,134,25" hai2="35,20,78,79,49,6,40,94,103,130,41,64,90" hai3="87,36,33,114,7,26,89,120,76,77,65,19,46"/><W121/><G114/><T60/><D123/><U116/><E122/><V97/><F130/><W11/><G65/><T83/><D107/><U93/><E108/><V112/><F35/><W135/><G77/><N who="0" m="46127" /><D67/><U86/><E115/><V118/><F6/><W14/><G76/><N who="2" m="29225" /><F118/><W71/><G135/><N who="1" m="51754" /><E116/><V101/><F64/><W16/><G71/><T102/><D102/><N who="2" m="38922" /><F112/><W30/><G19/><T31/><D31/><N who="1" m="19567" /><E93/><V104/><F104/><W109/><G109/><T61/><D99/><U100/><E100/><V18/><F49/><W24/><G36/><T13/><D85/><U57/><E86/><V126/><F126/><W70/><G70/><T0/><D83/><U37/><E37/><V72/><F72/><N who="1" m="27753" /><E57/><V28/><F28/><W42/><G87/><T27/><D0/><U43/><E43/><V51/><F51/><W88/><G121/><T59/><D27/><AGARI ba="1,0" hai="18,20,27,40,41,90,94,97" m="38922,29225" machi="27" ten="30,2000,0" yaku="8,1,52,1" doraHai="22" who="2" fromWho="0" sc="226,-23,200,0,245,23,329,0" owari="203,-19.7,200,-30.0,268,6.8,329,42.9" /></mjloggm>