<mjloggm ver="2.3"><GO type="169" lobby="0"/><UN n0="%E3%81%97%E3%81%BE%E3%81%A0%E3%81%BE%32" n1="%E3%81%8B%E3%82%81%E3%81%98%E3%82%8D%E3%81%86" n2="%E3%82%8C%E3%81%8A%E3%81%A8%E3%81%BE%E3%81%8A" n3="%E3%81%98%E3%82%83%E3%82%80%E3%82%8A" dan="16,16,16,16" rate="2120.12,2146.43,2105.76,2061.66" sx="M,M,M,F"/><TAIKYOKU oya="0"/><INIT seed="0,0,0,0,2,114" ten="250,250,250,250" oya="0" hai0="93,130,56,109,21,135,116,43,2,74,69,1,17" hai1="40,31,63,15,67,44,72,87,57,106,95,112,127" hai2="77,98,48,49,47,121,105,111,20,80,85,51,64" hai3="107,65,120,83,133,100,128,7,14,33,131,9,37"/><T22/><D69/><U8/><E106/><V38/><F111/><W88/><G37/><T73/><D43/><U25/><E72/><V134/><F121/><W34/><G133/><T92/><D135/><U103/><E112/><V102/><F134/><W110/><G110/><T19/><D109/><U54/><E127/><V66/><F38/><W118/><G65/><T122/><D130/><N who="3" m="49705" /><G120/><T108/><D108/><U129/><E129/><V101/><F47/><W50/><G50/><T126/><D122/><U23/><E87/><V36/><F36/><W11/><G9/><T28/><D28/><U113/><E113/><V79/><F102/><W81/><G88/><T75/><D56/><U86/><E86/><V55/><F55/><W30/><G30/><T115/><D115/><U132/><E132/><V76/><F66/><W82/><G118/><T119/><REACH who="0" step="1"/><D73/><REACH who="0" ten="240,250,250,250" step="2"/><U13/><E54/><V18/><REACH who="2" step="1"/><F64/><REACH who="2" ten="240,250,240,250" step="2"/><W16/><G34/><T99/><D99/><N who="1" m="59903" /><E8/><V94/><F94/><W84/><G33/><T0/><D0/><U52/><E40/><V91/><F91/><W12/><G11/><T125/><AGARI ba="0,2" hai="1,2,17,19,21,22,74,75,92,93,116,119,125,126" machi="125" ten="25,18000,2" yaku="1,1,0,1,22,2,52,2,53,0" doraHai="114" doraHaiUra="4" who="0" fromWho="0" sc="240,200,250,-60,240,-60,250,-60" /><INIT seed="0,1,0,0,2,103" ten="440,190,180,190" oya="0" hai0="100,88,79,66,95,93,44,63,57,29,27,123,106" hai1="114,2,120,45,53,47,38,73,16,126,124,70,18" hai2="39,135,30,113,37,42,68,128,46,25,23,28,8" hai3="1,9,119,6,58,4,69,35,52,83,3,96,89"/><T22/><D123/><U20/><E120/><V31/><F68/><W11/><G119/><T62/><D79/><U112/><E73/><V127/><F113/><N who="1" m="43625" /><E2/><V131/><F39/><W12/><G69/><T24/><D44/><N who="1" m="16971" /><E70/><V7/><F127/><N who="1" m="48681" /><E38/><V109/><F135/><W74/><G35/><T51/><D51/><U15/><E53/><V21/><F109/><W82/><G74/><T110/><D63/><U115/><N who="1" m="43633" /><U55/><DORA hai="60" /><E55/><V54/><F54/><W84/><G3/><T133/><D133/><U87/><E87/><V75/><F75/><W132/><G132/><T98/><D110/><U108/><E18/><V14/><REACH who="2" step="1"/><F23/><REACH who="2" ten="440,190,170,190" step="2"/><W49/><REACH who="3" step="1"/><G96/><REACH who="3" ten="440,190,170,180" step="2"/><T26/><D98/><U97/><E97/><V134/><F134/><W92/><AGARI ba="1,2" hai="1,4,6,9,11,12,49,52,58,82,83,84,89,92" machi="92" ten="20,12000,2" yaku="1,1,2,1,0,1,7,1,54,1,53,2" doraHai="103,60" doraHaiUra="105,5" who="3" fromWho="3" sc="440,-61,190,-31,170,-31,180,143" /><INIT seed="1,0,0,1,3,112" ten="379,159,139,323" oya="1" hai0="114,123,89,127,121,117,134,32,21,6,59,77,34" hai1="101,52,62,47,71,42,0,85,125,126,50,108,55" hai2="13,128,135,78,25,107,63,46,43,19,57,87,58" hai3="90,102,26,99,53,96,37,73,100,110,80,48,64"/><U70/><E0/><V39/><F107/><W33/><G37/><T98/><D114/><U131/><E101/><V29/><F128/><W79/><G110/><T38/><D77/><U132/><E85/><V104/><F104/><W51/><G64/><T11/><D21/><U54/><E131/><V91/><F135/><W24/><G90/><T56/><D38/><U2/><E2/><V93/><F78/><W130/><G130/><T28/><D134/><U4/><E4/><V49/><F39/><W45/><G33/><T10/><D28/><U67/><E132/><V115/><F115/><W36/><G36/><T27/><D27/><U95/><E95/><V60/><F63/><W113/><G51/><T81/><D6/><U120/><E120/><V30/><F58/><W61/><G61/><T82/><D89/><U76/><E76/><V97/><F87/><W74/><G74/><T68/><D68/><N who="1" m="42103" /><E108/><V88/><F91/><W8/><G8/><T84/><D84/><U106/><E106/><V92/><F93/><W16/><G113/><T122/><D122/><U65/><E65/><N who="2" m="39055" /><F25/><W72/><G72/><T116/><D98/><N who="3" m="37417" /><G26/><T129/><D129/><U9/><E9/><AGARI ba="0,0" hai="9,13,19,29,30,43,46,49,88,92,97" m="39055" machi="9" ten="30,2000,0" yaku="8,1,54,1" doraHai="112" who="2" fromWho="1" sc="379,0,159,-20,139,20,323,0" /><INIT seed="2,0,0,5,3,36" ten="379,139,159,323" oya="2" hai0="79,122,107,111,93,134,118,17,26,113,129,59,72" hai1="23,128,13,103,9,31,21,90,108,52,121,44,105" hai2="28,74,54,102,95,48,96,65,35,20,58,100,135" hai3="47,77,8,85,99,124,4,60,97,69,34,70,81"/><V64/><F74/><W15/><G34/><T29/><D107/><U127/><E108/><V51/><F35/><W24/><G124/><T80/><D111/><U67/><E127/><V92/><F135/><W114/><G114/><T117/><D122/><U27/><E121/><V87/><F28/><W101/><G24/><T32/><D129/><U84/><E128/><V10/><F10/><W41/><G60/><T42/><D113/><U5/><E67/><V109/><F109/><W88/><G77/><T89/><D59/><U46/><E105/><V25/><F48/><W131/><G99/><T133/><D17/><U33/><E103/><V38/><F38/><W66/><G66/><T112/><D42/><U18/><E23/><V56/><F56/><W125/><G125/><T16/><D16/><U76/><E76/><V2/><F2/><W6/><G6/><T83/><D83/><U7/><E33/><V0/><F0/><W71/><G131/><T115/><D115/><U98/><E98/><N who="2" m="59463" /><F87/><W104/><REACH who="3" step="1"/><G70/><REACH who="3" ten="379,139,159,313" step="2"/><T82/><D112/><U61/><E7/><V73/><F73/><W50/><AGARI ba="0,1" hai="4,8,15,41,47,50,69,71,81,85,88,97,101,104" machi="50" ten="20,12000,2" yaku="1,1,2,1,0,1,7,1,52,1,54,1,53,0" doraHai="36" doraHaiUra="14" who="3" fromWho="3" sc="379,-30,139,-30,159,-60,313,130" /><INIT seed="3,0,0,3,1,124" ten="349,109,99,443" oya="3" hai0="79,36,95,6,120,10,4,72,89,11,53,91,47" hai1="132,45,1,18,2,127,93,97,110,99,102,61,7" hai2="37,12,16,8,75,121,58,96,119,83,106,107,33" hai3="21,122,69,85,81,25,62,60,3,38,86,101,68"/><W59/><G122/><T84/><D120/><U54/><E127/><V98/><F119/><W105/><G3/><T32/><D32/><U9/><E110/><V112/><F33/><W135/><G38/><T117/><D117/><U51/><E132/><V52/><F121/><W5/><G5/><T15/><D72/><U29/><E29/><V27/><F37/><W49/><G135/><T57/><D79/><U40/><E18/><V130/><F130/><W39/><G39/><T87/><D47/><U20/><E20/><V65/><F65/><W80/><G49/><T74/><D74/><U108/><E108/><V133/><F112/><W73/><G73/><T114/><D36/><U63/><E2/><V48/><F27/><W13/><G13/><T50/><D114/><U116/><E116/><V14/><F133/><W118/><G101/><T134/><D134/><U129/><E129/><V76/><REACH who="2" step="1"/><F14/><REACH who="2" ten="349,109,89,443" step="2"/><W78/><G25/><T109/><D109/><U44/><E97/><AGARI ba="0,1" hai="8,12,16,48,52,58,75,76,83,96,97,98,106,107" machi="97" ten="40,8000,1" yaku="1,1,2,1,54,2,53,0" doraHai="124" doraHaiUra="41" who="2" fromWho="1" sc="349,0,109,-80,89,90,443,0" /><INIT seed="4,0,0,4,2,94" ten="349,29,179,443" oya="0" hai0="14,99,133,105,68,86,66,32,80,83,5,11,113" hai1="116,117,23,20,31,8,62,109,69,22,60,34,74" hai2="81,127,95,51,58,121,61,43,88,13,46,110,112" hai3="104,30,103,16,72,75,55,115,26,17,106,2,25"/><T132/><D32/><U39/><E74/><V12/><F121/><W134/><G2/><T85/><D113/><U40/><E109/><V131/><F112/><W128/><G115/><T64/><D68/><U49/><E39/><V108/><F127/><W18/><G134/><T45/><D132/><U4/><E34/><V53/><F131/><W101/><G55/><T123/><D123/><U129/><E31/><V96/><REACH who="2" step="1"/><F81/><REACH who="2" ten="349,29,169,443" step="2"/><W37/><G128/><T41/><D133/><U0/><E129/><V120/><F120/><W125/><G125/><T130/><D130/><U10/><E116/><V118/><F118/><W82/><G82/><T135/><D135/><U119/><E117/><V70/><F70/><W87/><G75/><T124/><D124/><U90/><E69/><V15/><AGARI ba="0,1" hai="12,13,15,43,46,51,53,58,61,88,95,96,108,110" machi="15" ten="30,8000,1" yaku="1,1,0,1,52,1,54,1,53,1" doraHai="94" doraHaiUra="92" who="2" fromWho="2" sc="349,-40,29,-20,169,90,443,-20" /><INIT seed="5,0,0,0,0,72" ten="309,9,259,423" oya="1" hai0="27,10,23,46,69,97,129,124,63,48,108,28,60" hai1="121,100,5,18,76,94,81,1,116,131,22,102,20" hai2="34,40,0,113,114,38,110,92,123,107,130,26,128" hai3="64,80,2,36,104,25,122,8,47,31,30,135,79"/><U35/><E116/><V7/><F107/><W109/><G109/><T78/><D108/><U49/><E121/><V24/><F110/><W89/><G122/><T13/><D124/><U74/><E35/><V15/><F123/><W67/><G104/><T43/><D129/><N who="2" m="49770" /><F92/><W41/><G89/><T62/><D97/><U52/><E131/><V91/><F91/><W119/><G135/><T134/><D134/><U21/><E1/><V42/><F38/><W65/><G25/><N who="2" m="9833" /><F0/><W14/><G119/><T77/><D69/><U68/><E68/><V12/><F7/><AGARI ba="0,0" hai="7,10,13,23,27,28,43,46,48,60,62,63,77,78" machi="7" ten="40,5200,0" yaku="8,1,52,2" doraHai="72" who="0" fromWho="2" sc="309,52,9,0,259,-52,423,0" /><INIT seed="6,0,0,5,3,92" ten="361,9,207,423" oya="2" hai0="35,36,64,45,63,112,68,84,110,34,42,50,116" hai1="118,75,14,102,66,33,41,23,65,2,7,5,0" hai2="67,59,128,15,8,38,13,96,19,101,107,119,58" hai3="11,26,109,132,135,18,55,125,47,111,123,57,12"/><V121/><F119/><W60/><G123/><T17/><D110/><U56/><E75/><V10/><F121/><W124/><G26/><T130/><D112/><U131/><E118/><V4/><F38/><W105/><G105/><T27/><D130/><U25/><E131/><V43/><F43/><W48/><G111/><T51/><D116/><U71/><E71/><V99/><F128/><W37/><G37/><T82/><D17/><U91/><E41/><V77/><F67/><N who="3" m="39311" /><G109/><T126/><D126/><AGARI ba="0,0" hai="11,12,18,47,48,55,124,125,126,132,135" m="39311" machi="126" ten="30,1000,0" yaku="18,1" doraHai="92" who="3" fromWho="0" sc="361,-10,9,0,207,0,423,10" /><INIT seed="7,0,0,4,3,37" ten="351,9,207,433" oya="3" hai0="69,93,48,59,58,50,33,80,91,13,99,55,119" hai1="46,75,92,85,61,18,135,128,65,25,16,122,81" hai2="110,39,30,62,47,121,2,38,107,74,88,67,3" hai3="34,103,129,73,86,72,49,84,26,42,14,11,114"/><W53/><G114/><T29/><D69/><U112/><E122/><V35/><F88/><W108/><G129/><T101/><D119/><U43/><E128/><V90/><F90/><W45/><G108/><T31/><D33/><U109/><E109/><V118/><F47/><W78/><G103/><T79/><D13/><U133/><E112/><V125/><F39/><W51/><G34/><T132/><D132/><U123/><E123/><V27/><F62/><W0/><G0/><T70/><D70/><U105/><E105/><V56/><F56/><W57/><G26/><T131/><D131/><U28/><E75/><V7/><F67/><W66/><G66/><T15/><D15/><U98/><E133/><V117/><F7/><N who="3" m="3455" /><G86/><T23/><D91/><U95/><E135/><V19/><F19/><W82/><AGARI ba="0,0" hai="42,45,49,51,53,57,72,73,78,82,84" m="3455" machi="82" ten="30,3000,0" yaku="25,1,52,1" doraHai="37" who="3" fromWho="3" sc="351,-10,9,-10,207,-10,433,30" owari="341,14.1,-1,-50.1,197,-20.3,463,56.3" /></mjloggm>