<mjloggm ver="2.3"><GO type="169" lobby="0"/><UN n0="%E3%82%A8%E3%82%B0%E3%83%81%E3%80%81" n1="%E9%9B%B2%E3%81%AE%E3%83%95%E3%83%89%E3%82%A6" n2="%E3%81%97%E3%82%83%E3%82%93%E3%81%8A%E3%81%98" n3="%E7%8C%AA%E7%8B%A9%E5%AE%88" dan="16,16,16,17" rate="2145.44,2089.94,2197.14,2173.45" sx="M,M,F,M"/><TAIKYOKU oya="0"/><INIT seed="0,0,0,1,1,45" ten="250,250,250,250" oya="0" hai0="121,13,88,65,106,6,63,8,73,69,75,10,54" hai1="125,101,108,70,4,37,26,117,79,124,128,16,119" hai2="29,133,90,38,48,89,100,78,64,34,127,57,39" hai3="102,52,85,91,116,47,118,62,46,9,25,60,72"/><T41/><D121/><U32/><E101/><V92/><F133/><W19/><G72/><T76/><D106/><U94/><E94/><V112/><F112/><W44/><G102/><T1/><D41/><U82/><E70/><V130/><F127/><N who="1" m="48713" /><E37/><V99/><F78/><W49/><G116/><T59/><D76/><U61/><E61/><N who="3" m="23658" /><G118/><T131/><D131/><U129/><E4/><V18/><F130/><N who="1" m="50281" /><E32/><V51/><F64/><W98/><G98/><T120/><D120/><U84/><E108/><V126/><F126/><W21/><G9/><T77/><D77/><U95/><E95/><AGARI ba="0,0" hai="19,21,25,44,46,47,49,52,85,91,95" m="23658" machi="95" ten="30,3900,0" yaku="8,1,52,1,54,1" doraHai="45" who="3" fromWho="1" sc="250,0,250,-39,250,0,250,39" /><INIT seed="1,0,0,3,3,41" ten="250,211,250,289" oya="1" hai0="134,42,108,45,54,128,63,39,131,130,76,105,47" hai1="13,83,135,18,125,55,122,8,44,85,116,57,99" hai2="33,62,48,94,95,132,133,65,7,5,96,66,100" hai3="121,75,6,21,71,110,10,15,58,87,12,64,19"/><U31/><E116/><V102/><F48/><W59/><G121/><T52/><D108/><U129/><E122/><V104/><F33/><W17/><G75/><T70/><D105/><U127/><E135/><V30/><F30/><W72/><G72/><T89/><D76/><U56/><E129/><V124/><F124/><N who="1" m="47689" /><E31/><V27/><F27/><W49/><G110/><T93/><D134/><U35/><E99/><V25/><F25/><W9/><G71/><T11/><D11/><U79/><E35/><V16/><F96/><W4/><G64/><N who="0" m="41247" /><D89/><U28/><E28/><V36/><F62/><W97/><G97/><T126/><D93/><U91/><E79/><V115/><F36/><W103/><G103/><T23/><D23/><U37/><E37/><V43/><F104/><W61/><G61/><T69/><D126/><U53/><E53/><N who="0" m="20585" /><D69/><U3/><E3/><V74/><F133/><W77/><G21/><T117/><D47/><U113/><E113/><V80/><F115/><W14/><G14/><T111/><D111/><U107/><E107/><V67/><F132/><W88/><G77/><T1/><D1/><U50/><AGARI ba="0,0" hai="8,13,18,44,50,55,56,57,83,85,91" m="47689" machi="50" ten="30,6000,0" yaku="25,1,18,1,52,1" doraHai="41" who="1" fromWho="1" sc="250,-20,211,60,250,-20,289,-20" /><INIT seed="1,1,0,1,1,116" ten="230,271,230,269" oya="1" hai0="114,59,63,76,73,36,57,68,10,121,115,69,34" hai1="21,94,3,28,9,105,29,71,23,15,83,124,120" hai2="131,47,75,39,88,67,119,109,98,56,24,65,80" hai3="4,49,37,38,117,78,64,1,48,126,30,104,20"/><U70/><E105/><V0/><F119/><W118/><G104/><T108/><D34/><U35/><E83/><V72/><F0/><W133/><G133/><T79/><D10/><U22/><E94/><V82/><F109/><W129/><G129/><T103/><D103/><U40/><E40/><V6/><F6/><W96/><G126/><T97/><D97/><U93/><E93/><V51/><F39/><W12/><G1/><T66/><D73/><U134/><E71/><N who="0" m="27209" /><D79/><U123/><E70/><V55/><F131/><W5/><G30/><N who="1" m="11882" /><E134/><V45/><F24/><W90/><G20/><N who="1" m="7786" /><E124/><V87/><F98/><W46/><G12/><T54/><D76/><U110/><E110/><V43/><F80/><W11/><G46/><N who="2" m="17417" /><F43/><W102/><G64/><N who="2" m="24649" /><F72/><W53/><G96/><T2/><D108/><U111/><E111/><V44/><F75/><W41/><G78/><T61/><D2/><U31/><E3/><V25/><F25/><W77/><G77/><T132/><D132/><U81/><E81/><V86/><F44/><W50/><G41/><T26/><D26/><N who="1" m="16863" /><E35/><V99/><F99/><W84/><G102/><T100/><D100/><U19/><AGARI ba="1,0" hai="9,15,19,120,123" m="16863,7786,11882" machi="19" ten="30,11700,0" yaku="34,2,52,2" doraHai="116" who="1" fromWho="1" sc="230,-40,271,120,230,-40,269,-40" /><INIT seed="1,2,0,5,3,97" ten="190,391,190,229" oya="1" hai0="107,53,83,7,61,122,54,109,100,128,8,125,127" hai1="52,32,80,85,103,6,17,60,72,0,40,29,86" hai2="31,12,9,101,79,41,19,102,45,129,131,36,134" hai3="66,116,47,108,113,91,23,64,18,50,1,99,123"/><U37/><E72/><V70/><F70/><W110/><G123/><T95/><D109/><N who="3" m="42089" /><G1/><T42/><D107/><U73/><E17/><V20/><F79/><W48/><G113/><T56/><D122/><U16/><E29/><V132/><F31/><W68/><G68/><T33/><D33/><U115/><E32/><V30/><F30/><W49/><G47/><T58/><D128/><N who="2" m="49226" /><F20/><W111/><N who="3" m="42097" /><W76/><DORA hai="21" /><G76/><T46/><D83/><U51/><E60/><V81/><F81/><W104/><G116/><T106/><D106/><U55/><E16/><V105/><F105/><W78/><G78/><T119/><D119/><U120/><E120/><V124/><F124/><N who="0" m="47690" /><D46/><N who="1" m="23823" /><E51/><V26/><F26/><N who="3" m="14711" /><G104/><T96/><D42/><U4/><E115/><V135/><AGARI ba="2,0" hai="9,12,19,36,41,45,101,102,132,134,135" m="49226" machi="135" ten="40,8000,1" yaku="20,1,19,1,52,2" doraHai="97,21" who="2" fromWho="2" sc="190,-22,391,-42,190,86,229,-22" /><INIT seed="2,0,0,4,5,42" ten="168,349,276,207" oya="2" hai0="43,82,96,28,32,86,93,68,5,123,53,6,80" hai1="50,98,120,127,15,103,23,48,40,36,11,47,55" hai2="16,115,57,30,76,100,116,88,66,44,124,14,67" hai3="58,13,73,1,99,12,18,3,131,63,24,113,10"/><V105/><F115/><W75/><G113/><T94/><D123/><U102/><E127/><V117/><F76/><W9/><G131/><T118/><D68/><U90/><E120/><V56/><F124/><W21/><G75/><T64/><D118/><U51/><E23/><V121/><F121/><W29/><G73/><T0/><D64/><N who="2" m="24618" /><F105/><W125/><G99/><T72/><D0/><N who="3" m="73" /><G58/><N who="2" m="22633" /><F116/><W78/><G63/><T8/><D8/><N who="3" m="3177" /><G78/><T60/><D72/><U17/><E55/><V112/><F100/><W37/><G37/><T122/><D122/><U62/><E62/><V77/><F77/><W35/><G125/><T108/><D60/><U38/><E38/><V59/><F59/><W114/><G114/><T84/><D53/><U129/><E129/><V4/><F112/><W71/><G71/><T97/><D32/><U85/><E98/><V134/><F117/><W69/><G69/><T7/><D43/><U79/><REACH who="1" step="1"/><E79/><REACH who="1" ten="168,339,276,207" step="2"/><V104/><F134/><W133/><G133/><T91/><D97/><U130/><E130/><V107/><F107/><W45/><G45/><T74/><D96/><U52/><E52/><V135/><F104/><W81/><G81/><AGARI ba="0,1" hai="11,15,17,36,40,47,48,50,51,81,85,90,102,103" machi="81" ten="40,2600,0" yaku="1,1,52,1,53,0" doraHai="42" doraHaiUra="26" who="1" fromWho="3" sc="168,0,339,36,276,0,207,-26" /><INIT seed="3,0,0,2,3,28" ten="168,375,276,181" oya="3" hai0="80,134,70,119,93,18,133,68,82,79,54,71,77" hai1="132,16,97,58,99,90,7,13,118,86,30,113,24" hai2="81,131,40,8,108,27,69,110,78,135,83,10,122" hai3="111,64,129,19,103,67,0,101,91,44,51,46,39"/><W128/><G0/><T62/><D119/><U72/><E113/><V49/><F69/><W104/><G104/><T125/><D93/><U1/><E72/><V29/><F135/><N who="0" m="51722" /><D18/><U89/><E58/><V73/><F131/><N who="3" m="50251" /><G39/><T115/><D125/><U95/><E118/><V98/><F122/><W42/><G111/><N who="2" m="42537" /><F98/><W56/><G91/><T88/><D115/><U41/><E41/><V100/><F100/><N who="3" m="38475" /><G56/><N who="0" m="35095" /><D88/><N who="1" m="53655" /><E132/><V47/><F83/><AGARI ba="0,0" hai="68,70,71,77,79,80,82,83" m="35095,51722" machi="83" ten="40,1300,0" yaku="20,1" doraHai="28" who="0" fromWho="2" sc="168,13,375,0,276,-13,181,0" /><INIT seed="4,0,0,5,0,111" ten="181,375,263,181" oya="0" hai0="9,6,88,10,127,36,65,66,64,44,95,16,22" hai1="14,15,5,92,79,12,89,39,118,69,33,55,21" hai2="24,47,114,59,100,108,11,54,116,87,28,105,23" hai3="106,98,120,27,103,81,128,72,80,97,25,135,133"/><T26/><D127/><U0/><E69/><V38/><F108/><W20/><G20/><T50/><D36/><U115/><E39/><V112/><F116/><W131/><G25/><T85/><REACH who="0" step="1"/><D6/><REACH who="0" ten="171,375,263,181" step="2"/><U132/><E5/><V1/><F38/><W7/><G7/><T43/><AGARI ba="0,1" hai="9,10,16,22,26,43,44,50,64,65,66,85,88,95" machi="43" ten="30,24000,3" yaku="1,1,2,1,0,1,8,1,54,2,53,3" doraHai="111" doraHaiUra="61" who="0" fromWho="0" sc="171,250,375,-80,263,-80,181,-80" /><INIT seed="4,1,0,3,0,63" ten="421,295,183,101" oya="0" hai0="60,93,106,34,19,101,50,35,49,97,67,46,85" hai1="32,73,99,86,62,6,61,12,103,15,83,3,105" hai2="38,123,112,0,71,65,36,47,120,135,88,45,109" hai3="75,58,87,126,91,114,44,81,25,31,104,130,33"/><T70/><D50/><U59/><E32/><V134/><F0/><W78/><G114/><T133/><D133/><N who="2" m="50698" /><F88/><W48/><G130/><T40/><D106/><U66/><E73/><V68/><F109/><W116/><G126/><T16/><REACH who="0" step="1"/><D85/><REACH who="0" ten="411,295,183,101" step="2"/><U77/><E3/><V82/><F112/><W13/><G104/><T90/><D90/><U115/><E115/><V21/><F120/><W9/><G116/><T14/><D14/><U108/><E108/><V43/><F123/><W22/><G75/><T124/><D124/><U72/><E6/><V121/><F121/><W119/><G119/><T107/><D107/><U132/><E132/><V30/><F36/><W64/><G91/><T29/><D29/><U96/><E96/><V131/><F30/><W128/><G128/><T113/><D113/><U51/><E51/><V129/><F38/><W127/><G127/><T28/><D28/><U2/><E2/><V79/><F131/><W10/><G13/><T84/><D84/><U11/><E72/><V102/><F129/><W118/><G118/><T125/><D125/><U23/><E15/><V98/><F102/><W20/><G33/><AGARI ba="1,1" hai="16,19,33,34,35,40,46,49,60,67,70,93,97,101" machi="33" ten="40,7700,0" yaku="1,1,52,1,54,1,53,0" doraHai="63" doraHaiUra="52" who="0" fromWho="3" sc="411,90,295,0,183,0,101,-80" /><INIT seed="4,2,0,0,2,88" ten="501,295,183,21" oya="0" hai0="121,52,70,54,32,77,33,3,81,28,107,65,117" hai1="55,90,123,115,131,9,71,38,79,76,64,63,0" hai2="104,110,96,21,51,125,34,132,62,53,16,75,98" hai3="111,56,13,135,85,14,37,61,105,7,95,49,29"/><T30/><D117/><U116/><E116/><V119/><F119/><W130/><G111/><T48/><D121/><U82/><E123/><V11/><F34/><W92/><G37/><T1/><D107/><U23/><E38/><V10/><F75/><W118/><G105/><T106/><D106/><U45/><E131/><V134/><F62/><W108/><G108/><T68/><D48/><U59/><E115/><V127/><F110/><W109/><G109/><T41/><D81/><U89/><E23/><V57/><F10/><N who="3" m="4319" /><G130/><T40/><D77/><U35/><E35/><V84/><F11/><W67/><G118/><T25/><D65/><U94/><E89/><V43/><F43/><W114/><G114/><T69/><D69/><U113/><E113/><V18/><F84/><W101/><G135/><N who="2" m="51753" /><F18/><W19/><G29/><T129/><D25/><U12/><E0/><V22/><F22/><N who="3" m="11639" /><G101/><T5/><D5/><U72/><E76/><V133/><N who="2" m="51761" /><V91/><DORA hai="97" /><F104/><W100/><G100/><T4/><D4/><U26/><E26/><N who="2" m="14631" /><F91/><W47/><G85/><T126/><D129/><U86/><E45/><V122/><F122/><W8/><G8/><T15/><D15/><U103/><E103/><V99/><AGARI ba="2,0" hai="51,53,57,96,98,99,125,127" m="14631,51761" machi="99" ten="50,3200,0" yaku="20,1,54,1" doraHai="88,97" who="2" fromWho="2" sc="501,-18,295,-10,183,38,21,-10" /><INIT seed="5,0,0,4,0,4" ten="483,285,221,11" oya="1" hai0="19,110,105,133,81,124,112,113,76,64,135,130,111" hai1="20,65,23,14,29,22,70,109,106,117,21,118,116" hai2="128,61,50,125,34,121,32,37,5,88,9,101,74" hai3="102,31,38,40,123,39,73,108,52,129,58,35,99"/><U85/><E106/><V56/><F121/><W72/><G123/><T78/><D64/><U95/><E70/><V45/><F37/><W90/><G108/><N who="0" m="41515" /><D19/><N who="1" m="10359" /><E65/><V127/><F74/><W126/><G126/><N who="2" m="48137" /><F101/><W131/><G90/><T51/><D51/><U48/><E48/><V25/><F25/><W44/><G39/><T89/><D124/><U97/><E85/><V15/><F128/><N who="3" m="49227" /><G31/><T11/><D11/><U13/><E95/><V87/><F56/><W66/><G35/><T120/><D120/><U63/><E97/><V17/><F5/><W41/><G41/><T91/><D105/><U107/><E63/><V62/><F62/><N who="3" m="36167" /><G66/><T80/><D130/><U46/><E109/><V55/><F61/><W84/><G84/><N who="0" m="48135" /><D91/><U43/><E46/><V83/><AGARI ba="0,0" hai="9,15,17,32,34,45,50,55,83,87,88" m="48137" machi="83" ten="30,7900,0" yaku="25,1,18,1,52,1,54,1" doraHai="4" who="2" fromWho="2" sc="483,-20,285,-39,221,79,11,-20" owari="463,56.3,246,-15.4,300,10.0,-9,-50.9" /></mjloggm>