<mjloggm ver="2.3"><GO type="169" lobby="0"/><UN n0="%6B%73%77%72%74" n1="%E6%B5%81%E3%82%8C%E3%81%AF%E3%81%82%E3%82%8A%E3%81%BE%E3%81%99%EF%BC%81" n2="%61%63%74%79" n3="%E7%88%86%E7%89%8C%E3%82%A6%E3%82%B7%E3%82%B8%E3%83%9E%E3%81%8F%E3%82%93" dan="16,17,16,19" rate="2131.46,2153.15,2032.02,2254.95" sx="M,M,M,M"/><TAIKYOKU oya="0"/><INIT seed="0,0,0,3,0,91" ten="250,250,250,250" oya="0" hai0="44,38,72,40,88,67,19,123,119,28,100,45,126" hai1="94,31,22,48,16,77,108,114,11,81,70,105,29" hai2="90,71,132,96,87,104,66,118,55,41,37,17,128" hai3="134,36,129,62,52,130,50,30,106,13,133,39,26"/><T1/><D119/><U107/><E108/><V63/><F63/><W113/><BYE who="2" /><G106/><T4/><D123/><U117/><E117/><UN n2="%61%63%74%79" /><V92/><F118/><W53/><G13/><T97/><D126/><U82/><E70/><V101/><F128/><N who="3" m="49259" /><G113/><T131/><D72/><U112/><E11/><V8/><F132/><N who="3" m="50795" /><G62/><T102/><D131/><U111/><E111/><V56/><F66/><W110/><G110/><T54/><D67/><U124/><E107/><V86/><F71/><W122/><G122/><T98/><D1/><U49/><E105/><V135/><F104/><W127/><G127/><T69/><D69/><U0/><E0/><V51/><F101/><W83/><G83/><T43/><D102/><U115/><E124/><V3/><F135/><W95/><G95/><T64/><D100/><U33/><E94/><V21/><F3/><W125/><G125/><T99/><D64/><U18/><E82/><V10/><F86/><W59/><G53/><T109/><D109/><U9/><E9/><V84/><F87/><W89/><G89/><T80/><D54/><U85/><E33/><AGARI ba="0,0" hai="26,30,33,36,39,50,52,59" m="50795,49259" machi="33" ten="30,3900,0" yaku="19,1,20,1,54,1" doraHai="91" who="3" fromWho="1" sc="250,0,250,-39,250,0,250,39" /><INIT seed="1,0,0,4,1,85" ten="250,211,250,289" oya="1" hai0="8,57,107,88,125,23,17,66,111,118,108,40,84" hai1="106,99,42,93,132,116,127,50,65,64,53,11,1" hai2="105,12,32,115,101,89,102,48,74,3,37,10,95" hai3="33,96,67,81,55,120,87,44,69,31,117,36,114"/><U0/><E116/><V134/><F37/><W122/><G114/><T61/><D118/><U113/><E113/><V28/><F134/><W133/><G117/><T131/><D131/><U130/><E130/><V129/><F74/><W22/><G133/><T43/><D107/><U6/><E132/><V83/><F3/><W86/><G33/><T13/><D125/><U47/><E127/><V63/><F105/><W30/><G96/><T59/><D59/><U52/><E1/><V123/><F123/><W124/><G124/><T109/><REACH who="0" step="1"/><D8/><REACH who="0" ten="240,211,250,289" step="2"/><U19/><E106/><V7/><F10/><W51/><G120/><T21/><D21/><U73/><E73/><V94/><F129/><W76/><G22/><T110/><N who="0" m="27648" /><DORA hai="119" /><T82/><AGARI ba="0,1" hai="13,17,23,40,43,57,61,66,82,84,88" m="27648" machi="82" ten="60,16000,3" yaku="1,1,4,1,0,1,14,1,52,1,54,1,53,2" doraHai="85,119" doraHaiUra="15,18" who="0" fromWho="0" sc="240,170,211,-80,250,-40,289,-40" /><INIT seed="2,0,0,0,1,55" ten="410,131,210,249" oya="2" hai0="81,22,3,48,65,99,126,56,73,36,103,12,130" hai1="28,110,31,1,131,30,62,70,16,0,89,104,35" hai2="77,116,8,53,79,118,14,10,29,64,127,19,95" hai3="102,101,96,100,113,38,98,94,54,27,47,106,5"/><V111/><F64/><W21/><G113/><T120/><D36/><U41/><E35/><V128/><F29/><W133/><G133/><T57/><D3/><U11/><E110/><V40/><F40/><W122/><G122/><T109/><D120/><U61/><E131/><V78/><F128/><W50/><G5/><T119/><D109/><U15/><E104/><V71/><F71/><W60/><G38/><T123/><D123/><U2/><E70/><V37/><F37/><W68/><G68/><T93/><D130/><U125/><E125/><V121/><F111/><W72/><G72/><T88/><D126/><U84/><REACH who="1" step="1"/><E41/><REACH who="1" ten="410,121,210,249" step="2"/><V85/><F127/><W24/><G106/><T63/><D119/><U32/><E32/><V91/><F121/><W34/><G34/><T39/><D39/><U51/><E51/><V112/><F112/><W76/><G60/><N who="0" m="38023" /><D48/><U135/><E135/><V87/><F116/><W75/><G50/><T13/><D73/><U26/><E26/><V132/><F118/><W90/><G27/><T33/><D33/><U86/><E86/><V124/><F132/><W49/><G75/><T108/><D108/><U97/><E97/><V105/><F105/><W45/><G96/><T46/><D99/><U115/><E115/><V52/><F124/><W25/><G25/><T74/><D74/><U44/><E44/><V67/><F85/><W82/><G47/><T134/><D46/><U42/><E42/><V107/><F107/><W4/><G101/><T83/><D103/><U43/><E43/><V17/><F67/><W80/><G100/><T23/><D134/><RYUUKYOKU ba="0,1" sc="410,-15,121,15,210,15,249,-15" hai1="0,1,2,11,15,16,28,30,31,61,62,84,89" hai2="8,10,14,17,19,52,53,77,78,79,87,91,95" /><INIT seed="2,1,1,1,3,14" ten="395,136,225,234" oya="2" hai0="91,125,17,46,121,25,54,32,88,2,98,115,102" hai1="47,106,127,104,90,103,117,132,45,55,80,108,130" hai2="5,11,95,114,51,62,86,20,58,30,131,77,38" hai3="56,48,3,24,84,57,92,35,12,89,13,83,50"/><V122/><F38/><W129/><G3/><T82/><D115/><U73/><E117/><V26/><F114/><W74/><G129/><T4/><D121/><U41/><E108/><V119/><F131/><W111/><G111/><T99/><D125/><U126/><E130/><V22/><F122/><W59/><G35/><T27/><D2/><U123/><E132/><V81/><F119/><W6/><G6/><T8/><D32/><U43/><E55/><V65/><F95/><W100/><G24/><N who="0" m="9291" /><D4/><U37/><E123/><V135/><F135/><W44/><G74/><T10/><D102/><U134/><E134/><V64/><F51/><N who="3" m="19499" /><G44/><T16/><D54/><U87/><E73/><V19/><F65/><W9/><G9/><N who="0" m="3691" /><D46/><U128/><E128/><V120/><F120/><W33/><G33/><T116/><D116/><U76/><E106/><V39/><F39/><W133/><G133/><T93/><D99/><AGARI ba="1,1" hai="12,13,56,57,59,83,84,89,92,99,100" m="19499" machi="99" ten="30,1000,0" yaku="8,1" doraHai="14" who="3" fromWho="0" sc="395,-13,136,0,225,0,234,23" /><INIT seed="3,0,0,3,1,75" ten="382,136,225,257" oya="3" hai0="35,55,54,109,40,26,105,68,126,19,4,18,107" hai1="29,53,73,0,16,97,119,14,83,79,132,10,5" hai2="128,92,108,122,48,72,120,134,70,130,47,11,23" hai3="49,86,121,50,123,41,67,31,42,135,90,76,61"/><W39/><G31/><T100/><D109/><U62/><E132/><V43/><F72/><W37/><G135/><T127/><D68/><U77/><E119/><V46/><F134/><W30/><G30/><T117/><D4/><U111/><E111/><V8/><F92/><W34/><G34/><T78/><D40/><U60/><E79/><V56/><F23/><W101/><G101/><T104/><D100/><U22/><E97/><V38/><F70/><W63/><G90/><T125/><D117/><U64/><E64/><V112/><F8/><W91/><G91/><T124/><D124/><U106/><E106/><V44/><F11/><W102/><G102/><T110/><D110/><U13/><E13/><V99/><F99/><W74/><G74/><T6/><D6/><U36/><E36/><V25/><F25/><W95/><G86/><T114/><D114/><U88/><E53/><N who="0" m="19977" /><D78/><U66/><E66/><V58/><F112/><W57/><G76/><T32/><D26/><U65/><E65/><V133/><F133/><W45/><G95/><T71/><D71/><U2/><E2/><V9/><F108/><W7/><G7/><T20/><D20/><U113/><E113/><V17/><F9/><W24/><G24/><T28/><D28/><U59/><E29/><V12/><F38/><N who="3" m="14347" /><G67/><T93/><D93/><U33/><E33/><AGARI ba="0,0" hai="18,19,32,33,35,104,105,107,125,126,127" m="19977" machi="33" ten="50,6400,0" yaku="28,2,18,1" doraHai="75" who="0" fromWho="1" sc="382,64,136,-64,225,0,257,0" /><INIT seed="4,0,0,3,1,68" ten="446,72,225,257" oya="0" hai0="61,106,17,42,126,23,123,15,119,118,53,39,109" hai1="64,41,80,66,114,70,37,32,29,51,59,116,16" hai2="81,96,47,12,84,103,21,45,10,19,127,50,24" hai3="8,110,55,67,86,77,44,99,48,1,89,97,121"/><T25/><D123/><U82/><E116/><V102/><F127/><W6/><G121/><T91/><D106/><U74/><E74/><V132/><F132/><W73/><G110/><T71/><D126/><U111/><E111/><V104/><F103/><W87/><G73/><T75/><D75/><U58/><E29/><V33/><F33/><W2/><G2/><T79/><D79/><U60/><E32/><V30/><REACH who="2" step="1"/><F50/><REACH who="2" ten="446,72,215,257" step="2"/><W101/><G101/><T131/><D119/><U112/><E51/><V133/><F133/><W78/><G48/><T57/><D118/><U4/><E114/><V93/><F93/><W46/><G78/><AGARI ba="0,1" hai="10,12,19,21,24,30,45,47,78,81,84,96,102,104" machi="78" ten="30,2000,0" yaku="1,1,7,1,53,0" doraHai="68" doraHaiUra="85" who="2" fromWho="3" sc="446,0,72,0,215,30,257,-20" /><INIT seed="5,0,0,2,0,85" ten="446,72,245,237" oya="1" hai0="62,61,2,18,16,56,0,73,24,132,69,5,117" hai1="120,102,99,51,124,19,6,84,11,119,82,33,106" hai2="108,42,25,37,39,115,22,98,97,8,131,27,45" hai3="114,94,104,134,26,7,103,4,76,78,122,32,123"/><U13/><E124/><V133/><F108/><W72/><G114/><T100/><D73/><U30/><E119/><V44/><F115/><W80/><G134/><T70/><D24/><U59/><E120/><V29/><F133/><W77/><G104/><T135/><D56/><U74/><E74/><V107/><F131/><W71/><G71/><T48/><D48/><U129/><E129/><V86/><F107/><W3/><G3/><T95/><D95/><U88/><E30/><V57/><F57/><W111/><G111/><T31/><D31/><U10/><E33/><V121/><F121/><W58/><G58/><T49/><D49/><U17/><REACH who="1" step="1"/><E11/><REACH who="1" ten="446,62,245,237" step="2"/><V92/><F8/><W118/><G118/><T75/><D117/><U110/><E110/><V35/><F29/><W66/><G122/><T9/><D75/><U101/><E101/><V46/><F35/><W87/><G123/><T126/><D9/><U40/><E40/><V68/><F42/><W113/><G72/><T23/><D100/><U60/><E60/><V52/><F37/><W90/><G103/><T89/><D126/><U38/><E38/><V91/><F39/><W54/><G32/><T20/><D62/><U65/><E65/><V128/><F128/><W64/><G66/><T96/><D61/><U109/><E109/><V53/><F53/><AGARI ba="0,1" hai="6,10,13,17,19,51,53,59,82,84,88,99,102,106" machi="53" ten="40,7700,0" yaku="1,1,52,1,54,1,53,0" doraHai="85" doraHaiUra="125" who="1" fromWho="2" sc="446,0,62,87,245,-77,237,0" /><INIT seed="5,1,0,2,1,64" ten="446,149,168,237" oya="1" hai0="0,58,66,57,3,68,36,34,105,27,129,24,52" hai1="78,133,2,20,111,14,21,65,114,71,125,28,25" hai2="18,59,100,17,40,7,98,94,5,120,63,103,119" hai3="109,135,113,44,37,102,95,93,23,51,4,43,83"/><U15/><E2/><V60/><F119/><W82/><G109/><T56/><D129/><U116/><E116/><V33/><F33/><W88/><G113/><T97/><D36/><U30/><E114/><V108/><F108/><W1/><G135/><T67/><D52/><U55/><E111/><V106/><F120/><W39/><G1/><T134/><D134/><U85/><E133/><V127/><F127/><W26/><G4/><T132/><D132/><U124/><E55/><V19/><F40/><W101/><G39/><T128/><D128/><U47/><E47/><V11/><F5/><W91/><G37/><T118/><D118/><U16/><E78/><V46/><F46/><W49/><G49/><T38/><D38/><U53/><E53/><V81/><F81/><N who="3" m="30731" /><G95/><T80/><D80/><U42/><E42/><V76/><F76/><W121/><G91/><T115/><D115/><U99/><E99/><V126/><F126/><N who="1" m="48745" /><E85/><V84/><F63/><W73/><G73/><T48/><D97/><U6/><E30/><V112/><F112/><W89/><G121/><T45/><D45/><U13/><E6/><V79/><F7/><W92/><G102/><T69/><D3/><U110/><E110/><V104/><F103/><W54/><G54/><T72/><D0/><U74/><E74/><V41/><F41/><W87/><G101/><T96/><D96/><U130/><E130/><V131/><F131/><W50/><G44/><T8/><D72/><U122/><E122/><V75/><F75/><W10/><G43/><T12/><D67/><U123/><E123/><V86/><F100/><RYUUKYOKU ba="1,0" sc="446,-10,149,30,168,-10,237,-10" hai1="13,14,15,16,20,21,25,28,65,71" /><INIT seed="5,2,0,3,5,17" ten="436,179,158,227" oya="1" hai0="115,41,60,85,0,118,50,40,87,2,67,72,96" hai1="83,100,113,124,13,84,123,79,131,69,70,6,80" hai2="27,104,1,12,64,108,103,43,47,112,110,92,109" hai3="19,4,34,10,3,98,30,99,8,62,117,59,78"/><U134/><E123/><V88/><F1/><W125/><G125/><T16/><D72/><U32/><E124/><V33/><F64/><W11/><G117/><T97/><D118/><U116/><E116/><V119/><F119/><W29/><G78/><T102/><D50/><U51/><E113/><V21/><F112/><W36/><G36/><T49/><D49/><U89/><E134/><V66/><F66/><W128/><G128/><T77/><D67/><U121/><E121/><V81/><F81/><W101/><G34/><T71/><D77/><U133/><E32/><V106/><F12/><W107/><G98/><T14/><D14/><U82/><E133/><V46/><F103/><W20/><G30/><T129/><D102/><U7/><E131/><V23/><F47/><W120/><G29/><T55/><D55/><U18/><E100/><V93/><F93/><W26/><G120/><T122/><D60/><U38/><E38/><V31/><F104/><W127/><G127/><T68/><D115/><U126/><E126/><V44/><F106/><W45/><G45/><T37/><D37/><U63/><E63/><V42/><F44/><W94/><G107/><T39/><D39/><U105/><E51/><V111/><N who="2" m="27648" /><DORA hai="74" /><V86/><REACH who="2" step="1"/><F46/><REACH who="2" ten="436,179,148,227" step="2"/><W132/><G132/><T135/><D135/><U56/><E105/><V90/><F90/><W15/><G3/><T76/><D0/><U22/><E56/><V57/><F57/><W9/><G59/><T61/><D2/><U75/><REACH who="1" step="1"/><E82/><REACH who="1" ten="436,169,148,227" step="2"/><V24/><F24/><W52/><G62/><T54/><D61/><U25/><E25/><RYUUKYOKU ba="2,2" sc="436,-30,169,10,148,10,227,10" hai1="6,7,13,18,22,69,70,75,79,80,83,84,89" hai2="21,23,27,31,33,42,43,86,88,92" hai3="4,8,9,10,11,15,19,20,26,52,94,99,101" /><INIT seed="5,3,2,4,5,108" ten="406,179,158,237" oya="1" hai0="36,20,100,89,131,113,24,57,128,43,84,60,44" hai1="16,127,61,101,62,118,67,82,25,22,29,130,11" hai2="129,49,10,111,95,93,86,120,56,110,135,115,26" hai3="81,109,38,80,105,72,58,63,4,71,75,97,47"/><U34/><E118/><V126/><F10/><W65/><G109/><T39/><D100/><U103/><E127/><V90/><F120/><W134/><G134/><T73/><D73/><U35/><E130/><N who="0" m="49705" /><D113/><U104/><E104/><V114/><F129/><W15/><G80/><N who="0" m="49287" /><D44/><U40/><E40/><V27/><F126/><W5/><G47/><T121/><D43/><U46/><E46/><V132/><F56/><W76/><G58/><T94/><D94/><U85/><E34/><V70/><F49/><W28/><G63/><T102/><D102/><U17/><E62/><V42/><F42/><W13/><G38/><T99/><D99/><U66/><E11/><V96/><F70/><W2/><G97/><T32/><D32/><U79/><E67/><V53/><F53/><W106/><G65/><N who="0" m="39055" /><D121/><U133/><E133/><N who="2" m="51275" /><F26/><W119/><G75/><T14/><D14/><U48/><E48/><V117/><F27/><W78/><G15/><T41/><D41/><U30/><E103/><N who="2" m="60815" /><F117/><W51/><G119/><T116/><D116/><U112/><E101/><V12/><F12/><W69/><G13/><T123/><D123/><U87/><E66/><V64/><F64/><W21/><G106/><T18/><AGARI ba="3,2" hai="18,20,24,36,39" m="39055,49287,49705" machi="18" ten="30,1100,0" yaku="19,1" doraHai="108" who="0" fromWho="0" sc="406,40,179,-8,158,-6,237,-6" /><INIT seed="6,0,0,5,3,117" ten="446,171,152,231" oya="2" hai0="28,7,108,46,86,72,39,18,125,2,97,79,82" hai1="31,11,9,85,6,80,55,70,57,35,27,38,107" hai2="124,17,132,115,54,52,58,113,92,61,16,77,62" hai3="104,25,12,93,51,106,15,56,66,60,45,5,94"/><V37/><F37/><W118/><G118/><T133/><D28/><U65/><E107/><V47/><F124/><W123/><G123/><T121/><D18/><U101/><E38/><V109/><F132/><W19/><G106/><T41/><D108/><U131/><E101/><V48/><F109/><W3/><G104/><T78/><D78/><U135/><E131/><V71/><F77/><W90/><G3/><T112/><D112/><N who="2" m="43082" /><F92/><N who="3" m="35435" /><G90/><T10/><D97/><U29/><E80/><V24/><F24/><W33/><G33/><T130/><D130/><U1/><E27/><V44/><F44/><W91/><G91/><T127/><D133/><U64/><E135/><V99/><F99/><W0/><G0/><T74/><D74/><U21/><E35/><V100/><F100/><W105/><G5/><T87/><D72/><U49/><E85/><V22/><F22/><N who="3" m="13535" /><G105/><T30/><D87/><U120/><E1/><V59/><F71/><W14/><G14/><T89/><D79/><U68/><E68/><V73/><F73/><W34/><G34/><T8/><D2/><U110/><E70/><V128/><F128/><W43/><AGARI ba="0,0" hai="12,15,43,45,51,56,60,66" m="13535,35435" machi="43" ten="30,1100,0" yaku="8,1" doraHai="117" who="3" fromWho="3" sc="446,-3,171,-3,152,-5,231,11" /><INIT seed="7,0,0,2,0,127" ten="443,168,147,242" oya="3" hai0="23,1,35,69,29,113,99,39,4,107,5,100,9" hai1="17,93,0,12,130,79,11,108,42,95,94,25,55" hai2="106,13,82,126,67,65,58,40,8,110,3,105,52" hai3="73,48,59,124,27,76,85,134,30,98,61,103,24"/><W32/><G124/><T41/><D5/><U72/><E108/><V16/><F126/><W120/><G134/><T57/><D57/><U109/><E109/><V119/><F110/><W132/><G132/><T83/><D113/><U123/><E123/><V117/><F117/><W112/><G112/><T21/><D83/><U15/><E0/><V92/><F119/><W54/><G120/><T7/><D7/><U20/><E72/><V77/><F3/><W84/><G27/><T14/><D14/><U80/><E42/><V45/><F92/><W38/><G38/><T118/><D118/><U47/><E130/><V60/><F105/><W74/><G85/><T22/><D69/><U102/><E102/><V62/><F60/><W63/><G63/><T75/><D75/><U104/><E104/><V128/><F128/><W115/><G115/><T121/><D121/><U26/><E55/><V28/><F28/><W46/><G84/><T53/><D53/><U49/><E80/><V116/><F106/><W50/><G54/><T66/><D66/><U122/><E79/><V37/><REACH who="2" step="1"/><F116/><REACH who="2" ten="443,168,137,242" step="2"/><W44/><G30/><T131/><D22/><U91/><E122/><V43/><F43/><W111/><G61/><T125/><D4/><N who="1" m="3175" /><E95/><V2/><F2/><W101/><G111/><T6/><D99/><N who="1" m="57791" /><E94/><V34/><F34/><W31/><G98/><T88/><D39/><U10/><E20/><V89/><F89/><W64/><G32/><T129/><D125/><U81/><E81/><V36/><F36/><W78/><G31/><T33/><D35/><U51/><E51/><V114/><F114/><RYUUKYOKU ba="0,1" sc="443,-15,168,15,137,15,242,-15" hai1="10,15,17,25,26,47,49" hai2="8,13,16,37,40,45,52,58,62,65,67,77,82" owari="438,53.8,183,-21.7,152,-34.8,227,2.7" /></mjloggm>