<mjloggm ver="2.3"><GO type="169" lobby="0"/><UN n0="%E3%83%A1%E3%82%BF%E3%83%93%E3%83%BC%E3%83%88" n1="%E3%83%AC%E3%82%A4%E3%81%A1%E3%82%83%E3%82%93" n2="%E3%83%80%E3%82%AF%E3%82%BF%E3%83%BC%E3%82%AF%E3%83%AA%E3%83%83%E3%83%97" n3="%E3%81%B3%E3%82%8D%E3%81%B4%E3%82%8D" dan="18,16,17,16" rate="2223.66,2132.50,2214.17,2193.97" sx="M,M,M,M"/><TAIKYOKU oya="0"/><INIT seed="0,0,0,0,4,84" ten="250,250,250,250" oya="0" hai0="9,42,5,73,78,55,20,133,62,57,21,125,46" hai1="38,26,85,114,65,36,127,100,31,94,56,105,10" hai2="110,89,50,18,7,75,87,54,108,122,1,8,76" hai3="99,53,64,86,22,82,80,102,107,45,97,83,4"/><T23/><D125/><U30/><E127/><V68/><F122/><W35/><G35/><T37/><D133/><U119/><E119/><V106/><F68/><W77/><G64/><T28/><D28/><U41/><E31/><V17/><F106/><W48/><G4/><T59/><D59/><U25/><E25/><V34/><F34/><W69/><G69/><T24/><D24/><U121/><E105/><V11/><F76/><W90/><G77/><T113/><D113/><U19/><E41/><V70/><F75/><W33/><G33/><T6/><REACH who="0" step="1"/><D9/><REACH who="0" ten="240,250,250,250" step="2"/><U0/><E114/><V117/><F70/><W14/><G14/><T71/><D71/><U27/><E27/><V130/><F11/><W115/><G115/><T91/><D91/><U13/><E26/><V81/><F117/><W29/><G29/><T134/><D134/><U74/><E30/><V40/><F89/><W49/><G22/><T12/><D12/><U51/><E13/><V79/><F8/><W118/><G118/><T66/><D66/><U103/><E10/><V95/><F110/><W116/><G116/><T128/><D128/><U88/><E88/><V135/><F108/><W32/><G32/><T129/><D129/><U111/><E111/><V131/><F135/><W120/><G120/><T16/><D16/><U126/><E19/><V92/><F18/><W3/><G3/><T43/><D43/><U61/><E0/><V2/><F17/><W98/><G98/><T60/><D60/><U123/><E126/><V39/><F131/><W44/><G99/><T52/><D52/><AGARI ba="0,1" hai="44,45,48,49,52,53,80,82,83,86,90,97,102,107" machi="52" ten="30,7700,0" yaku="7,1,9,1,52,1,54,1" doraHai="84" who="3" fromWho="0" sc="240,-77,250,0,250,0,250,87" /><INIT seed="1,0,0,5,4,58" ten="163,250,250,337" oya="1" hai0="79,93,6,117,32,131,74,66,61,130,104,114,102" hai1="103,57,48,29,128,129,13,71,96,68,120,46,4" hai2="113,33,38,22,49,81,84,118,62,21,132,73,77" hai3="112,126,1,107,122,60,127,9,86,26,5,67,119"/><U99/><E120/><V43/><F118/><W36/><G112/><T2/><D93/><U51/><E29/><V98/><F33/><W20/><G119/><T17/><D117/><U111/><E111/><V109/><F109/><W64/><G64/><T87/><D87/><U7/><E57/><V97/><F38/><W91/><G107/><T23/><D32/><U11/><E13/><V134/><F73/><W19/><G36/><T50/><D50/><U85/><E85/><V105/><F113/><W135/><G135/><T56/><D114/><U25/><E11/><V108/><F108/><W106/><G106/><T115/><D115/><U37/><E37/><V15/><F105/><W8/><G8/><T40/><D40/><U125/><E25/><V75/><F75/><W89/><G122/><T31/><D31/><U94/><E94/><V116/><F22/><W47/><G47/><T0/><D6/><U24/><E24/><V18/><F116/><W3/><G3/><T63/><D102/><U45/><E125/><N who="3" m="47626" /><G86/><T78/><D104/><U55/><REACH who="1" step="1"/><E55/><REACH who="1" ten="163,240,250,337" step="2"/><V80/><F84/><W59/><AGARI ba="0,1" hai="1,5,9,19,20,26,59,60,67,89,91" m="47626" machi="59" ten="30,2000,0" yaku="18,1,52,1" doraHai="58" who="3" fromWho="3" sc="163,-5,240,-10,250,-5,337,30" /><INIT seed="2,0,0,1,4,56" ten="158,230,245,367" oya="2" hai0="90,102,135,134,80,101,26,98,12,128,86,130,24" hai1="19,46,123,17,81,112,110,108,54,69,68,66,53" hai2="111,116,70,74,77,105,7,76,18,58,91,119,33" hai3="114,65,59,122,13,3,6,45,106,79,9,118,113"/><V63/><F70/><N who="1" m="27241" /><E81/><V75/><F105/><W96/><G122/><T121/><D12/><U117/><E112/><N who="3" m="43114" /><G118/><T109/><D24/><U34/><E34/><V131/><F33/><W78/><G45/><T20/><D109/><N who="1" m="42091" /><E117/><V50/><F50/><W97/><G3/><T94/><D121/><U132/><E123/><V16/><F91/><W82/><G106/><T22/><D22/><U25/><E25/><V44/><F44/><W87/><G79/><T93/><D20/><U73/><E73/><V40/><F7/><W71/><G71/><T62/><D26/><U2/><E2/><V95/><F95/><W37/><G37/><T61/><D94/><U30/><E30/><V51/><F111/><W32/><G32/><T29/><D29/><U48/><E132/><N who="0" m="50729" /><D101/><U104/><E104/><V103/><F103/><W67/><G59/><T92/><D92/><U36/><E36/><V23/><F58/><W126/><G126/><T11/><D11/><U129/><E17/><V15/><F18/><W4/><G4/><T124/><D124/><U57/><E19/><V133/><F16/><W83/><G83/><T5/><D5/><U14/><E14/><V39/><F15/><W107/><G107/><T88/><D102/><U60/><E129/><AGARI ba="0,0" hai="61,62,80,86,88,90,93,98,128,129,130" m="50729" machi="129" ten="30,8000,1" yaku="19,1,20,1,52,2,54,1" doraHai="56" who="0" fromWho="1" sc="158,80,230,-80,245,0,367,0" /><INIT seed="3,0,0,2,1,37" ten="238,150,245,367" oya="3" hai0="73,116,108,56,4,50,87,112,91,25,20,88,10" hai1="110,97,24,19,89,115,67,98,13,62,68,119,72" hai2="65,2,7,52,102,11,35,15,8,12,130,26,6" hai3="134,124,17,117,125,21,83,29,53,118,77,132,71"/><W99/><G71/><T121/><D108/><U133/><E72/><V32/><F65/><W34/><G53/><T95/><D116/><U66/><E115/><V28/><F102/><W57/><G57/><T93/><D73/><U54/><E110/><V86/><F130/><W96/><G83/><T14/><D121/><U127/><E67/><V100/><F100/><W22/><G77/><T38/><D38/><U5/><E5/><N who="2" m="1079" /><F52/><W128/><G34/><N who="2" m="12841" /><F86/><W135/><G96/><T63/><D50/><U111/><E98/><V76/><F76/><W31/><G99/><T104/><D104/><U49/><E97/><V18/><F12/><N who="3" m="9383" /><G128/><T1/><D112/><U74/><E89/><N who="0" m="34377" /><D1/><U47/><E68/><V114/><F114/><W36/><G36/><T45/><D87/><U30/><E111/><V120/><F120/><W59/><G59/><T60/><D60/><U0/><E66/><V78/><F78/><W64/><G64/><N who="0" m="39015" /><D45/><U33/><E62/><V131/><F131/><W23/><G117/><T85/><D85/><U51/><E119/><V16/><F6/><W48/><G118/><T92/><D92/><U69/><E69/><V82/><F82/><W61/><G48/><T113/><D113/><U39/><E39/><V101/><F101/><W46/><G46/><T79/><D79/><U126/><E74/><V41/><F7/><W103/><G61/><T3/><D3/><U44/><E0/><V55/><F55/><W27/><G103/><T123/><D123/><U81/><E81/><V129/><F129/><W75/><G75/><T43/><D43/><U94/><E54/><RYUUKYOKU ba="0,0" sc="238,15,150,-15,245,-15,367,15" hai0="4,10,14,20,25,93,95" hai3="22,23,27,29,31,124,125,132,134,135" /><INIT seed="3,1,0,0,0,130" ten="253,135,230,382" oya="3" hai0="94,71,18,89,64,134,99,129,67,45,73,66,128" hai1="61,98,44,29,113,76,132,85,63,49,80,116,27" hai2="131,55,8,91,9,56,123,120,78,87,7,5,14" hai3="62,36,90,10,38,106,83,107,81,15,97,24,70"/><W34/><G106/><T48/><D73/><U30/><E113/><V121/><F78/><W92/><G107/><T47/><D134/><U3/><E3/><V112/><F112/><W119/><G119/><T25/><D71/><U58/><E116/><V111/><F111/><W41/><G34/><T104/><D104/><U32/><E30/><V50/><F131/><N who="0" m="50250" /><D48/><U42/><E98/><V21/><F21/><AGARI ba="1,0" hai="18,21,25,45,47,64,66,67,89,94,99" m="50250" machi="21" ten="30,1000,0" yaku="19,1" doraHai="130" who="0" fromWho="2" sc="253,13,135,0,230,-13,382,0" /><INIT seed="4,0,0,4,2,119" ten="266,135,217,382" oya="0" hai0="41,32,132,67,125,130,19,73,98,35,96,134,128" hai1="93,42,65,69,55,81,45,6,79,121,20,51,10" hai2="8,66,100,107,76,17,59,14,53,64,43,54,1" hai3="4,72,22,126,110,18,36,135,62,31,23,87,89"/><T49/><D73/><U122/><E20/><V124/><F124/><W108/><G72/><T113/><D113/><U44/><E93/><V103/><F1/><W117/><G117/><T92/><D67/><U24/><E24/><V127/><F127/><W50/><G36/><T11/><D125/><U94/><E94/><V30/><F43/><W16/><G126/><T2/><D49/><U86/><E65/><V26/><F54/><W40/><G4/><N who="0" m="1431" /><D41/><U116/><E69/><V61/><F76/><W90/><G62/><T118/><D118/><U80/><E80/><V48/><F107/><W38/><G38/><T104/><D104/><U109/><E109/><V123/><F123/><W3/><G40/><T47/><D47/><U78/><E79/><V5/><F5/><W102/><G50/><T63/><D63/><U29/><E29/><V7/><F7/><W39/><G39/><T27/><D19/><U97/><E97/><N who="0" m="37481" /><D92/><U70/><E70/><V91/><F91/><W77/><G16/><T56/><D56/><U0/><E116/><V105/><F66/><W58/><G18/><T21/><D21/><U52/><E55/><V106/><F106/><W15/><G58/><T33/><D27/><U101/><E101/><V82/><F105/><W85/><G23/><T34/><D34/><U68/><E68/><V99/><F99/><W111/><G22/><T37/><D37/><AGARI ba="0,0" hai="0,6,10,37,42,44,45,51,52,78,81,86,121,122" machi="37" ten="30,7700,0" yaku="7,1,52,2,54,1" doraHai="119" who="1" fromWho="0" sc="266,-77,135,77,217,0,382,0" /><INIT seed="5,0,0,4,1,99" ten="189,212,217,382" oya="1" hai0="46,98,90,134,71,61,82,1,87,94,113,14,121" hai1="60,85,129,17,80,53,122,15,21,0,131,79,100" hai2="101,3,68,124,105,10,52,62,6,111,51,23,66" hai3="106,7,19,35,43,63,97,40,25,120,49,130,39"/><U73/><E122/><V123/><F111/><W24/><G120/><T92/><D113/><U83/><E0/><V64/><F123/><W70/><G39/><T67/><D134/><U96/><E60/><V115/><F66/><W56/><G70/><T117/><D117/><U132/><E53/><V16/><F115/><W2/><G2/><T89/><D1/><U95/><REACH who="1" step="1"/><E132/><REACH who="1" ten="189,202,217,382" step="2"/><V30/><F52/><W4/><G63/><T18/><D121/><U93/><E93/><V88/><F62/><W28/><G106/><T34/><D92/><U55/><E55/><V59/><F105/><W125/><G43/><T13/><D61/><U31/><E31/><V75/><F30/><W91/><G40/><T37/><D67/><U78/><AGARI ba="0,1" hai="15,17,21,73,78,79,80,83,85,95,96,100,129,131" machi="78" ten="30,6000,0" yaku="1,1,0,1,52,1,53,0" doraHai="99" doraHaiUra="114" who="1" fromWho="1" sc="189,-20,202,70,217,-20,382,-20" /><INIT seed="5,1,0,0,5,74" ten="169,272,197,362" oya="1" hai0="50,46,81,111,54,71,57,115,69,120,112,55,104" hai1="34,65,77,15,110,128,129,47,60,103,21,12,121" hai2="40,1,132,68,37,31,6,87,80,134,109,133,85" hai3="113,101,17,130,70,106,36,135,43,49,84,28,7"/><U25/><E121/><V124/><F109/><W24/><G36/><T64/><D104/><U16/><E110/><V61/><F124/><W100/><G7/><T93/><D111/><U79/><E103/><V18/><F31/><W125/><G70/><T114/><D93/><U67/><E47/><N who="2" m="23951" /><F18/><W22/><G113/><T19/><D120/><U99/><E99/><V102/><F102/><W90/><G135/><T32/><D32/><U23/><E34/><V48/><F48/><W127/><G130/><N who="1" m="50282" /><E12/><V5/><F87/><W35/><G49/><N who="0" m="28983" /><D19/><N who="1" m="12479" /><E67/><N who="2" m="41071" /><F1/><W29/><G106/><T73/><D64/><U58/><AGARI ba="1,0" hai="15,16,23,58,60,65,77,79" m="12479,50282" machi="58" ten="30,11700,0" yaku="19,1,52,2,54,1" doraHai="74" who="1" fromWho="1" sc="169,-40,272,120,197,-40,362,-40" /><INIT seed="5,2,0,3,2,3" ten="129,392,157,322" oya="1" hai0="29,107,2,62,106,132,71,25,129,74,115,15,96" hai1="75,99,47,92,34,89,112,66,117,76,113,130,17" hai2="119,109,4,84,20,61,43,27,128,19,108,59,67" hai3="85,122,114,121,95,26,28,45,98,13,104,46,86"/><U30/><E117/><V7/><F128/><W131/><G131/><T8/><D129/><U101/><E130/><V60/><F119/><W123/><G114/><T14/><D115/><N who="1" m="44107" /><E66/><V78/><F43/><W42/><G104/><T6/><D74/><U1/><E1/><V35/><F35/><W63/><G13/><T91/><D132/><U103/><E30/><V82/><REACH who="2" step="1"/><F60/><REACH who="2" ten="129,392,147,322" step="2"/><W127/><G42/><T9/><D62/><U68/><E34/><V105/><F105/><W5/><G63/><T79/><D106/><U110/><E110/><AGARI ba="2,1" hai="4,7,19,20,27,59,61,67,78,82,84,108,109,110" machi="110" ten="40,8000,1" yaku="1,1,52,2,53,1" doraHai="3" doraHaiUra="57" who="2" fromWho="1" sc="129,0,392,-86,147,96,322,0" /><INIT seed="6,0,0,3,3,14" ten="129,306,243,322" oya="2" hai0="119,107,88,123,99,13,134,62,98,82,97,53,108" hai1="122,103,29,50,63,101,68,73,59,121,41,1,26" hai2="128,67,40,28,94,34,15,27,132,18,23,120,72" hai3="84,19,130,115,102,74,47,33,36,106,125,54,24"/><V69/><F132/><W55/><G74/><T9/><D108/><U32/><E1/><V25/><F128/><W45/><G106/><T52/><D123/><N who="1" m="47115" /><E73/><V80/><F120/><W11/><G102/><T46/><D119/><U22/><E68/><V92/><F40/><W83/><G33/><T70/><D134/><U21/><E32/><V104/><F104/><W133/><G133/><T16/><D107/><U71/><E71/><V110/><F110/><W17/><G36/><T113/><D113/><U30/><E50/><V12/><F67/><W43/><G43/><T78/><D70/><U64/><E41/><V58/><F58/><W87/><G130/><T38/><D38/><U76/><E76/><V116/><F69/><W5/><G5/><T60/><D78/><U81/><E81/><V57/><F57/><W100/><G100/><T35/><D35/><U3/><E3/><V95/><F116/><W7/><G7/><T96/><N who="0" m="24576" /><DORA hai="114" /><T8/><D8/><U79/><E79/><V109/><F109/><W2/><G2/><T4/><D4/><U124/><E124/><V31/><F72/><W49/><G115/><T117/><D117/><U90/><E90/><V48/><F80/><W66/><G125/><T61/><D46/><U44/><E44/><V127/><F127/><W6/><G6/><T105/><D105/><U89/><E89/><V39/><F39/><W51/><G83/><T86/><AGARI ba="0,0" hai="9,13,16,52,53,60,61,62,82,86,88" m="24576" machi="86" ten="50,12000,2" yaku="0,1,8,1,52,1,54,3" doraHai="14,114" who="0" fromWho="0" sc="129,120,306,-30,243,-60,322,-30" /><INIT seed="7,0,0,1,2,14" ten="249,276,183,292" oya="3" hai0="87,78,75,94,38,16,93,128,118,60,25,11,54" hai1="29,70,98,111,39,79,36,66,127,61,112,48,19" hai2="59,56,129,7,41,69,32,4,104,9,89,53,34" hai3="51,108,0,18,49,74,55,96,105,99,26,84,23"/><W13/><G74/><T100/><D38/><U6/><E111/><V130/><F69/><W63/><G0/><T90/><D118/><U77/><E6/><V68/><F68/><W15/><G108/><T82/><D128/><N who="2" m="49258" /><F104/><W103/><G105/><T20/><D11/><U122/><E122/><V132/><F132/><W62/><G51/><T113/><D113/><U28/><E39/><V110/><F110/><W58/><G84/><T119/><D119/><U37/><E37/><V30/><F41/><W92/><G99/><T120/><D120/><U115/><E36/><V72/><F72/><W40/><G40/><T45/><D100/><U17/><E127/><V5/><F30/><N who="1" m="11881" /><E98/><V116/><F116/><W133/><G133/><T125/><D125/><U42/><E79/><V10/><F89/><W65/><G62/><T109/><D109/><U21/><E77/><V83/><F83/><W46/><AGARI ba="0,0" hai="13,15,18,23,26,46,49,55,58,63,65,92,96,103" machi="46" ten="20,7800,0" yaku="0,1,7,1,8,1,52,1" doraHai="14" who="3" fromWho="3" sc="249,-26,276,-26,183,-26,292,78" owari="223,-17.7,250,5.0,157,-34.3,370,47.0" /></mjloggm>