<mjloggm ver="2.3"><GO type="169" lobby="0"/><UN n0="%73%65%69%67%65%6E" n1="%6B%75%73%6F%E6%AD%A3%E5%AE%97" n2="%E5%85%A8%E9%80%9F%E3%82%86%E3%83%BC%E3%81%B8%E3%81%84" n3="%E3%81%8B%E3%82%81%E3%81%98%E3%82%8D%E3%81%86" dan="16,16,18,16" rate="2053.23,2084.53,2237.58,2124.93" sx="M,M,M,M"/><TAIKYOKU oya="0"/><INIT seed="0,0,0,3,5,14" ten="250,250,250,250" oya="0" hai0="23,5,8,108,87,79,0,61,83,123,31,113,98" hai1="90,26,44,134,71,84,120,10,46,62,112,78,9" hai2="47,72,11,67,96,2,105,52,16,129,92,121,132" hai3="69,124,34,4,30,54,37,36,35,49,6,18,56"/><T99/><D113/><U15/><E120/><V91/><F121/><W131/><G124/><T118/><D123/><U117/><E117/><V27/><F72/><W74/><G131/><T110/><D118/><U126/><E126/><V125/><F125/><W45/><G74/><T93/><D61/><U53/><E134/><V19/><F132/><W101/><G101/><T88/><D31/><U102/><E102/><V42/><F105/><W51/><G69/><T75/><REACH who="0" step="1"/><D23/><REACH who="0" ten="240,250,250,250" step="2"/><U38/><E62/><V25/><F129/><W77/><G30/><T33/><D33/><U13/><E112/><V43/><F67/><W100/><G34/><T109/><AGARI ba="0,1" hai="0,5,8,75,79,83,87,88,93,98,99,108,109,110" machi="109" ten="30,12000,1" yaku="1,1,0,1,14,1,10,1,54,1,53,0" doraHai="14" doraHaiUra="119" who="0" fromWho="0" sc="240,130,250,-40,250,-40,250,-40" /><INIT seed="0,1,0,3,5,31" ten="370,210,210,210" oya="0" hai0="7,116,132,41,102,72,120,59,28,106,64,54,76" hai1="95,135,98,51,130,39,69,88,10,66,19,63,128" hai2="119,123,103,0,97,90,11,56,60,117,94,118,32" hai3="92,78,2,9,42,46,48,40,68,125,110,29,17"/><T75/><D120/><U38/><E135/><V21/><F123/><W52/><G68/><T1/><D116/><U45/><E19/><V4/><F21/><W3/><G125/><T62/><D132/><U34/><E34/><V100/><REACH who="2" step="1"/><F32/><REACH who="2" ten="370,210,200,210" step="2"/><W108/><G110/><T37/><D75/><U107/><E10/><V27/><F27/><W105/><G108/><T25/><D72/><U114/><E114/><V26/><F26/><W23/><G23/><T13/><D25/><U6/><E107/><V16/><F16/><W99/><G105/><T24/><D24/><U121/><E6/><V129/><F129/><N who="1" m="49769" /><E121/><V91/><F91/><W57/><G9/><T96/><D7/><U82/><E82/><V5/><F5/><W85/><G17/><T43/><D106/><U87/><E87/><V12/><F12/><W20/><G20/><T65/><D13/><U53/><AGARI ba="1,1" hai="38,39,45,51,53,63,66,69,88,95,98" m="49769" machi="53" ten="30,2000,0" yaku="19,1,54,1" doraHai="31" who="1" fromWho="1" sc="370,-11,210,33,200,-6,210,-6" /><INIT seed="1,0,0,2,4,36" ten="359,243,194,204" oya="1" hai0="7,124,66,9,0,13,72,68,107,111,83,23,126" hai1="40,104,25,134,47,135,85,121,80,64,89,28,130" hai2="18,75,91,3,56,108,26,30,69,120,61,63,70" hai3="97,81,21,77,117,58,60,35,27,34,54,101,113"/><U118/><E118/><V88/><F120/><W16/><G113/><T116/><D107/><U112/><E121/><V86/><F75/><W78/><G117/><T38/><D116/><U46/><E112/><V51/><F3/><W41/><G78/><T53/><D38/><U131/><E64/><V76/><F76/><W74/><REACH who="3" step="1"/><G41/><REACH who="3" ten="359,243,194,194" step="2"/><T29/><D124/><U50/><E46/><V33/><F108/><W49/><G49/><T87/><D111/><U4/><E104/><AGARI ba="0,1" hai="16,21,27,34,35,54,58,60,74,77,81,97,101,104" machi="104" ten="30,3900,0" yaku="1,1,7,1,54,1,53,0" doraHai="36" doraHaiUra="119" who="3" fromWho="1" sc="359,0,243,-39,194,0,194,49" /><INIT seed="2,0,0,1,4,51" ten="359,204,194,243" oya="2" hai0="49,79,16,25,23,32,13,108,99,44,62,101,68" hai1="43,80,87,33,115,123,119,30,42,39,67,78,10" hai2="128,91,126,83,98,133,22,113,77,131,93,48,35" hai3="5,107,132,14,111,125,63,135,17,92,26,15,97"/><V34/><F113/><W56/><G107/><T95/><D108/><U8/><E115/><V129/><F126/><W45/><G111/><T70/><D79/><U20/><E33/><V4/><F133/><N who="3" m="51275" /><G125/><T66/><D32/><U110/><E119/><V31/><F4/><W37/><G45/><T50/><D70/><U1/><E1/><V134/><F134/><W81/><G81/><T59/><D68/><U73/><E73/><V94/><F94/><W19/><G37/><T117/><D117/><U102/><E123/><V53/><F22/><N who="3" m="13663" /><G5/><T47/><D47/><U76/><E39/><V74/><REACH who="2" step="1"/><F31/><REACH who="2" ten="359,204,184,243" step="2"/><W58/><G17/><N who="0" m="12527" /><D44/><AGARI ba="0,1" hai="34,35,44,48,53,74,77,83,91,93,98,128,129,131" machi="44" ten="40,7700,0" yaku="1,1,19,1,52,1,53,0" doraHai="51" doraHaiUra="38" who="2" fromWho="0" sc="359,-77,204,0,184,87,243,0" /><INIT seed="2,1,0,3,4,102" ten="282,204,271,243" oya="2" hai0="30,114,1,67,76,85,133,94,92,19,88,41,40" hai1="44,56,80,93,18,17,91,2,8,98,58,110,71" hai2="14,65,45,90,77,112,28,11,38,7,79,127,34" hai3="68,22,74,66,95,12,15,132,123,26,106,33,55"/><V0/><F112/><W99/><G123/><T24/><D1/><U21/><E71/><V46/><F127/><W118/><G118/><T69/><D114/><U120/><E110/><V113/><F113/><W84/><G74/><T37/><D133/><U32/><E32/><V121/><F121/><W125/><G132/><T122/><D122/><U83/><E120/><V115/><F115/><W35/><G125/><T86/><D37/><U134/><E134/><V51/><F65/><W27/><G55/><T3/><D3/><U53/><E2/><V63/><F63/><W75/><G75/><T4/><D4/><U72/><E72/><V101/><F90/><W97/><G84/><T81/><D19/><U135/><E135/><V52/><F14/><W9/><G9/><T23/><REACH who="0" step="1"/><D94/><REACH who="0" ten="272,204,271,243" step="2"/><U100/><E18/><V48/><F38/><W16/><G12/><T78/><D78/><U73/><E17/><V62/><F79/><W108/><G108/><T39/><D39/><U117/><E117/><V107/><F77/><W129/><G15/><T119/><D119/><U103/><E93/><V96/><F28/><W10/><G10/><T124/><D124/><U36/><E8/><V13/><F0/><W42/><G95/><T70/><D70/><U47/><E36/><V126/><F126/><W104/><G68/><T50/><D50/><U116/><E116/><V130/><F51/><W31/><G16/><T6/><D6/><U128/><E80/><V20/><F13/><W59/><G31/><T60/><AGARI ba="1,1" hai="23,24,30,40,41,60,67,69,76,81,85,86,88,92" machi="60" ten="30,4000,0" yaku="1,1,0,1,54,1,53,0" doraHai="102" doraHaiUra="111" who="0" fromWho="0" sc="272,53,204,-11,271,-21,243,-11" /><INIT seed="3,0,0,5,4,21" ten="325,193,250,232" oya="3" hai0="130,123,57,69,35,120,113,79,111,114,51,12,7" hai1="118,129,77,109,83,40,60,66,87,84,70,3,92" hai2="4,133,22,65,89,16,47,55,28,80,100,58,94" hai3="41,131,20,132,27,50,93,108,45,39,37,125,2"/><W32/><G125/><T82/><D69/><U95/><E109/><V106/><F133/><W0/><G132/><T134/><D134/><U122/><E122/><V74/><F4/><W68/><G131/><T29/><D111/><U13/><E3/><V11/><F106/><W128/><G128/><T5/><D130/><U119/><E129/><V91/><F74/><W53/><G108/><T36/><D36/><U42/><E13/><N who="2" m="7231" /><F65/><W96/><G68/><T23/><D57/><U135/><E135/><V85/><F100/><W38/><G32/><T116/><D51/><U88/><REACH who="1" step="1"/><E95/><REACH who="1" ten="325,183,250,232" step="2"/><V46/><F94/><W104/><G104/><T73/><D123/><U71/><E71/><V14/><F91/><W1/><G41/><AGARI ba="0,1" hai="40,41,42,60,66,70,77,83,84,87,88,92,118,119" machi="41" ten="40,2600,0" yaku="1,1,54,1,53,0" doraHai="21" doraHaiUra="15" who="1" fromWho="3" sc="325,0,183,36,250,0,232,-26" /><INIT seed="4,0,0,1,0,47" ten="325,219,250,206" oya="0" hai0="79,102,2,46,104,57,50,35,32,131,14,128,0" hai1="40,52,63,45,51,110,30,76,38,54,75,74,49" hai2="53,122,42,106,93,81,91,130,100,7,69,112,126" hai3="12,90,77,115,58,19,3,87,98,129,96,56,121"/><T99/><D79/><U92/><E110/><V28/><F122/><W73/><G3/><T34/><D57/><U95/><E30/><V20/><F69/><W60/><G121/><T133/><D14/><U105/><E105/><V97/><F42/><W23/><G129/><N who="0" m="49739" /><D133/><U15/><E63/><V61/><F7/><W6/><G115/><T16/><D16/><U70/><E70/><V43/><F112/><W123/><G123/><T62/><D62/><U72/><E76/><V82/><F130/><W37/><G37/><T108/><D108/><U85/><E15/><V107/><F28/><W114/><G6/><T101/><D101/><U119/><E119/><V27/><F100/><W78/><G114/><T55/><AGARI ba="0,0" hai="0,2,32,34,35,46,50,55,99,102,104" m="49739" machi="55" ten="40,3900,0" yaku="19,1,52,1" doraHai="47" who="0" fromWho="0" sc="325,39,219,-13,250,-13,206,-13" /><INIT seed="4,1,0,3,2,96" ten="364,206,237,193" oya="0" hai0="126,39,56,63,116,73,58,97,83,51,88,78,85" hai1="10,5,16,129,37,134,26,100,62,13,114,87,7" hai2="115,67,131,133,25,55,48,111,98,50,79,54,27" hai3="120,82,20,109,32,72,121,80,3,8,36,34,6"/><T101/><D39/><U93/><E37/><V118/><F111/><W15/><G109/><T77/><D126/><U17/><E129/><V106/><F131/><W29/><G36/><T127/><D127/><U135/><E114/><V74/><F115/><W104/><G104/><T53/><D116/><U122/><E122/><N who="3" m="47210" /><G72/><T110/><D110/><U14/><E26/><V60/><F133/><N who="1" m="50697" /><E62/><V92/><F106/><W64/><G64/><T21/><D21/><N who="1" m="11407" /><E87/><V35/><F79/><W124/><G124/><T46/><D58/><U43/><E43/><V12/><F74/><W84/><G84/><T95/><REACH who="0" step="1"/><D73/><REACH who="0" ten="354,206,237,193" step="2"/><U42/><E42/><AGARI ba="1,1" hai="42,46,51,53,56,63,77,78,83,85,88,95,97,101" machi="42" ten="30,18000,2" yaku="1,1,2,1,7,1,8,1,52,1,54,1,53,1" doraHai="96" doraHaiUra="59" who="0" fromWho="1" sc="354,193,206,-183,237,0,193,0" /><INIT seed="4,2,0,5,5,18" ten="547,23,237,193" oya="0" hai0="89,128,36,19,14,72,61,99,117,10,110,116,41" hai1="0,70,75,79,83,22,80,98,43,17,42,39,33" hai2="58,53,126,67,4,81,20,69,27,104,37,62,55" hai3="13,118,93,1,35,21,25,122,113,121,103,78,15"/><T64/><D72/><U123/><E123/><N who="3" m="47114" /><G78/><T52/><D128/><U92/><E0/><V135/><F104/><W112/><G103/><T108/><D41/><U50/><E33/><V101/><F37/><W8/><G35/><T105/><D36/><U102/><E39/><V91/><F126/><W94/><G93/><N who="0" m="56751" /><D105/><U130/><E130/><V107/><F135/><W26/><G94/><T49/><D61/><U54/><E80/><V24/><F4/><N who="3" m="1039" /><G118/><T11/><D11/><U87/><E70/><V127/><F127/><W84/><G84/><T73/><D64/><U82/><E82/><V85/><F69/><W119/><G119/><T3/><D3/><U86/><E86/><V88/><F107/><W76/><G76/><T60/><D60/><U28/><E28/><N who="2" m="17415" /><F101/><W133/><G133/><T32/><D73/><U134/><E75/><V23/><F91/><W65/><G65/><T96/><D96/><U9/><E134/><V131/><F131/><W97/><G97/><T6/><D32/><U31/><E31/><AGARI ba="2,0" hai="23,27,31,53,55,58,62,67,81,85,88" m="17415" machi="31" ten="30,7700,0" yaku="8,1,52,2,54,1" doraHai="18" who="2" fromWho="1" sc="547,0,23,-83,237,83,193,0" owari="547,64.7,-60,-56.0,320,12.0,193,-20.7" /></mjloggm>