<mjloggm ver="2.3"><GO type="169" lobby="0"/><UN n0="%74%61%6B%61%74%6F%72%69" n1="%E6%9F%8A%E5%92%B2%E5%A4%9C" n2="%E3%81%8B%E3%82%8F%E3%81%97%E3%81%83" n3="%E9%87%8E%E4%B8%AD%E6%99%B4" dan="16,16,16,16" rate="2042.97,2149.48,2109.75,2057.41" sx="M,M,M,F"/><TAIKYOKU oya="0"/><INIT seed="0,0,0,1,0,76" ten="250,250,250,250" oya="0" hai0="120,89,105,123,39,66,21,95,0,104,23,58,38" hai1="65,129,97,35,43,37,107,70,12,56,44,9,32" hai2="80,128,83,26,94,88,2,46,15,98,132,112,114" hai3="110,55,14,102,124,16,11,57,8,1,122,85,75"/><T135/><D0/><U10/><E129/><V30/><F2/><W4/><G110/><T41/><D135/><U68/><E9/><V20/><F128/><W109/><G109/><T6/><D6/><U78/><E56/><V116/><F132/><W54/><G124/><T121/><D58/><U133/><E133/><V74/><F116/><W47/><G122/><T50/><D66/><U127/><E127/><V49/><F74/><W111/><G111/><T45/><D21/><U108/><E108/><V90/><F114/><W99/><G75/><T130/><D130/><U64/><E64/><V87/><F112/><W86/><G55/><T22/><D22/><U84/><E97/><V69/><F69/><W73/><G47/><T81/><D23/><U125/><E107/><V53/><F15/><W113/><G73/><T19/><D19/><U48/><E37/><V63/><F63/><W131/><G113/><T29/><D29/><U25/><E25/><V13/><F13/><W28/><G28/><T82/><D105/><U71/><E65/><V61/><F61/><W72/><G72/><T77/><D104/><U100/><E100/><V106/><F106/><W119/><G119/><T134/><D77/><U34/><E125/><V24/><F24/><W117/><G117/><T5/><D5/><N who="1" m="3151" /><E35/><V27/><F27/><W51/><G131/><T33/><D33/><U60/><E60/><V59/><F59/><W52/><G54/><T115/><D115/><U118/><E118/><V36/><F36/><N who="0" m="13866" /><D134/><U92/><E78/><V67/><F67/><W18/><G18/><T101/><D101/><RYUUKYOKU ba="0,0" sc="250,0,250,0,250,0,250,0" hai0="41,45,50,81,82,89,95,120,121,123" hai1="32,34,43,44,48,68,70,71,84,92" hai2="20,26,30,46,49,53,80,83,87,88,90,94,98" hai3="1,4,8,11,14,16,51,52,57,85,86,99,102" /><INIT seed="0,1,0,2,1,1" ten="250,250,250,250" oya="0" hai0="114,33,110,7,135,12,107,99,82,105,124,123,62" hai1="126,118,97,66,54,39,93,48,75,37,46,64,63" hai2="36,21,88,70,132,58,90,119,92,55,42,103,43" hai3="68,56,14,5,94,98,76,109,15,38,87,13,84"/><T49/><D114/><U128/><E118/><V81/><F70/><W35/><G68/><T3/><D123/><U96/><E128/><V26/><F132/><W80/><G38/><T111/><D3/><U59/><E75/><V108/><F108/><N who="0" m="41514" /><D33/><U133/><E133/><V77/><F119/><W52/><G109/><T20/><D135/><U71/><E126/><V113/><F113/><W131/><G131/><T0/><D0/><U53/><E97/><N who="2" m="57479" /><F103/><W121/><G35/><T34/><D34/><U45/><E96/><V102/><F102/><N who="3" m="60759" /><G87/><T32/><D32/><U60/><E93/><V40/><F36/><N who="1" m="13897" /><E45/><V18/><F77/><W91/><G76/><T30/><D124/><U101/><E101/><V47/><F47/><W120/><G120/><T6/><D82/><U130/><E130/><V115/><F115/><W122/><G122/><T69/><D49/><U2/><E2/><V106/><F106/><N who="0" m="40458" /><D99/><U127/><E127/><V65/><F65/><AGARI ba="1,0" hai="46,48,53,54,59,60,63,64,65,66,71" m="13897" machi="65" ten="30,8000,1" yaku="35,5" doraHai="1" who="1" fromWho="2" sc="250,0,250,83,250,-83,250,0" /><INIT seed="1,0,0,1,2,13" ten="250,333,167,250" oya="1" hai0="41,60,49,85,66,1,134,16,46,56,108,99,81" hai1="54,57,80,91,59,62,53,4,97,61,96,88,86" hai2="20,14,103,31,114,90,92,68,29,63,58,35,104" hai3="9,133,131,107,72,110,25,130,45,17,95,117,43"/><U76/><REACH who="1" step="1"/><E4/><REACH who="1" ten="250,323,167,250" step="2"/><V24/><F114/><W116/><G130/><T113/><D113/><U65/><E65/><V119/><F119/><W64/><G131/><T15/><D134/><U79/><E79/><V82/><F68/><W22/><G117/><T18/><D1/><U40/><E40/><V100/><F104/><W93/><G107/><T44/><D108/><U129/><E129/><V71/><F71/><W127/><G116/><T39/><D99/><AGARI ba="0,1" hai="53,54,57,59,61,62,76,80,86,88,91,96,97,99" machi="99" ten="40,12000,1" yaku="21,2,9,1,8,1,54,1,53,0" doraHai="13" doraHaiUra="102" who="1" fromWho="0" sc="250,-120,323,130,167,0,250,0" /><INIT seed="1,1,0,1,4,115" ten="130,453,167,250" oya="1" hai0="6,26,124,113,109,59,29,125,63,66,57,134,110" hai1="5,130,133,96,135,85,104,77,112,12,91,52,38" hai2="80,46,83,15,58,117,20,16,19,42,54,37,87" hai3="64,17,0,62,78,88,102,93,127,105,48,23,118"/><U8/><E112/><V18/><F80/><W47/><G127/><N who="0" m="48715" /><D113/><U55/><E38/><V94/><F117/><W92/><G0/><T49/><D6/><U21/><E130/><V36/><F36/><W75/><G118/><T53/><D29/><U2/><E77/><V60/><REACH who="2" step="1"/><F94/><REACH who="2" ten="130,453,157,250" step="2"/><W129/><G129/><T95/><D95/><U35/><E133/><V39/><F39/><W43/><G105/><T71/><D134/><U30/><E135/><V68/><F68/><W4/><G102/><T72/><D72/><U90/><E104/><V14/><F14/><W9/><G75/><T114/><D114/><U31/><E2/><V81/><F81/><W10/><G4/><T116/><D26/><U51/><E12/><V119/><F119/><W69/><G92/><T28/><D116/><U33/><E90/><AGARI ba="1,1" hai="15,16,18,19,20,37,42,46,54,58,60,83,87,90" machi="90" ten="30,3900,0" yaku="1,1,7,1,54,1,53,0" doraHai="115" doraHaiUra="25" who="2" fromWho="1" sc="130,0,453,-42,157,52,250,0" /><INIT seed="2,0,0,0,2,63" ten="130,411,209,250" oya="2" hai0="32,70,7,59,116,54,21,50,114,81,94,84,130" hai1="123,24,88,48,128,135,45,91,121,5,96,99,39" hai2="115,75,104,38,17,3,12,77,79,37,34,42,133" hai3="76,87,28,125,102,19,15,26,16,46,20,112,43"/><V35/><F115/><W131/><G125/><T66/><D114/><U61/><E135/><V65/><F3/><W29/><G131/><T0/><D32/><U14/><E128/><V127/><F127/><W30/><G112/><T83/><D130/><U25/><E39/><V103/><F133/><W71/><G71/><T118/><D7/><U13/><E61/><V47/><F38/><W120/><G120/><N who="1" m="46154" /><E96/><V129/><F129/><W107/><G107/><T41/><D0/><U11/><E14/><V62/><F34/><W92/><G102/><T132/><D132/><U33/><E99/><V86/><F35/><W101/><G101/><T51/><D21/><U119/><E119/><V10/><F75/><W117/><G117/><T23/><D23/><U106/><E106/><V110/><F110/><W78/><G92/><T2/><D2/><U67/><E67/><V44/><F86/><W89/><G89/><N who="1" m="34378" /><E33/><V100/><F47/><W93/><G93/><T113/><D113/><U27/><E27/><V90/><F90/><W1/><G1/><T97/><D118/><U31/><E31/><V4/><F4/><W36/><REACH who="3" step="1"/><G87/><REACH who="3" ten="130,411,209,240" step="2"/><T73/><D84/><U49/><E49/><V108/><F108/><W22/><AGARI ba="0,1" hai="15,16,19,20,22,26,28,29,30,36,43,46,76,78" machi="22" ten="30,8000,1" yaku="1,1,2,1,0,1,54,1,53,1" doraHai="63" doraHaiUra="8" who="3" fromWho="3" sc="130,-20,411,-20,209,-40,240,90" /><INIT seed="3,0,0,2,5,56" ten="110,391,169,330" oya="3" hai0="31,130,39,93,9,79,27,98,113,81,28,51,74" hai1="131,21,115,76,84,34,11,78,35,117,25,32,54" hai2="13,40,0,77,44,1,96,85,116,41,87,5,26" hai3="88,107,110,20,14,43,18,69,64,123,126,132,23"/><W60/><G123/><T102/><D39/><U22/><E115/><V80/><F116/><W94/><G132/><T65/><D130/><U122/><E122/><V63/><F40/><W129/><G126/><T24/><D113/><U75/><E75/><V109/><F109/><W59/><G129/><T118/><D118/><U53/><E131/><V16/><F87/><W86/><G110/><T119/><D119/><U124/><E117/><V101/><F26/><W71/><G107/><T29/><D51/><U104/><E124/><V58/><F5/><W66/><G43/><T4/><REACH who="0" step="1"/><D65/><REACH who="0" ten="100,391,169,330" step="2"/><U10/><E104/><V15/><F41/><W30/><G66/><T83/><D83/><U91/><E54/><V42/><F42/><W125/><G125/><T48/><D48/><U135/><E53/><V12/><F44/><W72/><G72/><T114/><D114/><U89/><E135/><V8/><F0/><AGARI ba="0,1" hai="0,4,9,24,27,28,29,31,74,79,81,93,98,102" machi="0" ten="40,2600,0" yaku="1,1,53,1" doraHai="56" doraHaiUra="6" who="0" fromWho="2" sc="100,36,391,0,169,-26,330,0" /><INIT seed="4,0,0,4,5,70" ten="136,391,143,330" oya="0" hai0="92,126,125,44,36,124,55,11,38,26,99,94,12" hai1="46,67,28,54,49,73,112,45,83,79,107,97,0" hai2="24,60,115,32,34,101,134,81,122,5,66,84,85" hai3="90,82,130,75,51,56,30,114,111,35,76,113,128"/><T118/><D118/><U43/><E0/><V88/><F122/><W13/><G35/><T80/><D80/><U39/><E67/><V20/><F115/><N who="3" m="44043" /><G30/><T69/><D69/><U87/><E112/><V93/><F134/><W117/><G13/><T29/><D55/><U21/><E107/><V86/><F101/><W103/><G56/><T40/><D99/><U50/><E97/><V8/><F34/><W123/><G51/><N who="0" m="27015" /><D94/><U48/><REACH who="1" step="1"/><E73/><REACH who="1" ten="136,381,143,330" step="2"/><V17/><F93/><W15/><G117/><T42/><D42/><U33/><E33/><V25/><F32/><W109/><G123/><T23/><D92/><U96/><E96/><V127/><F127/><W53/><G103/><T16/><AGARI ba="0,1" hai="11,12,16,23,26,29,36,38,124,125,126" m="27015" machi="16" ten="30,11700,0" yaku="18,1,52,2,54,1" doraHai="70" who="0" fromWho="0" sc="136,127,381,-39,143,-39,330,-39" /><INIT seed="4,1,0,3,3,16" ten="263,342,104,291" oya="0" hai0="50,67,24,27,18,111,39,44,112,77,10,58,128" hai1="124,47,99,14,8,29,64,53,17,125,76,11,15" hai2="84,85,35,113,21,12,121,6,108,28,104,3,132" hai3="120,116,73,96,20,72,71,81,126,48,78,86,54"/><T75/><D128/><U127/><E76/><V90/><F104/><W87/><G116/><T122/><D122/><U65/><E29/><V40/><F40/><W66/><G120/><T55/><D112/><U69/><E69/><V37/><F37/><W60/><G126/><T131/><D131/><U133/><E133/><V9/><F121/><W36/><G36/><T13/><D111/><U43/><E53/><V70/><F70/><W117/><G117/><T25/><D75/><U23/><E99/><V46/><F108/><W100/><G73/><T106/><D106/><U102/><E102/><V134/><F46/><W129/><G129/><T61/><D39/><N who="1" m="22015" /><E8/><V89/><F113/><W30/><G48/><T34/><REACH who="0" step="1"/><D77/><REACH who="0" ten="253,342,104,291" step="2"/><U91/><E91/><V62/><F89/><W74/><G72/><T45/><D45/><U4/><AGARI ba="1,1" hai="4,11,14,15,17,23,64,65,124,125,127" m="22015" machi="4" ten="30,2000,0" yaku="18,1,52,1" doraHai="16" who="1" fromWho="1" sc="253,-11,342,33,104,-6,291,-6" /><INIT seed="5,0,0,1,4,128" ten="242,375,98,285" oya="1" hai0="106,85,92,29,44,56,120,37,48,10,0,124,78" hai1="62,1,90,99,119,27,4,26,103,68,12,5,73" hai2="129,40,49,118,75,101,110,35,38,14,15,104,80" hai3="102,108,54,34,93,86,39,53,64,45,2,105,89"/><U96/><E119/><V134/><F118/><W21/><G34/><T32/><D106/><U130/><E73/><V16/><F110/><W8/><G108/><T81/><D37/><U33/><E1/><V61/><F38/><W109/><G109/><T133/><D124/><U17/><E90/><V28/><F129/><W125/><G125/><T100/><D56/><U9/><E96/><V132/><F14/><W58/><G64/><T23/><D32/><U135/><E130/><V112/><F112/><W51/><G105/><T67/><D67/><N who="1" m="41079" /><E26/><N who="2" m="18839" /><F61/><W20/><G102/><T19/><D29/><N who="1" m="19647" /><E135/><N who="2" m="51755" /><F101/><W13/><G2/><T57/><D133/><U95/><E5/><V111/><F111/><W114/><G114/><T22/><D100/><U70/><E4/><V11/><F104/><W127/><G127/><T107/><D107/><U43/><E12/><V77/><F40/><W126/><G126/><T84/><D0/><U63/><E43/><V72/><F49/><N who="3" m="31023" /><G39/><T55/><D48/><U116/><E63/><V36/><F36/><W97/><G13/><T131/><D131/><U117/><E116/><V52/><F52/><W115/><G115/><T82/><D55/><U113/><E117/><V123/><F72/><W41/><G54/><T25/><D57/><U71/><E113/><V65/><F65/><W98/><G41/><T31/><D25/><U6/><E6/><V88/><F88/><W42/><G89/><T7/><D7/><U76/><E71/><V79/><F77/><W74/><G74/><T24/><D78/><U83/><E70/><V66/><F66/><W87/><G42/><RYUUKYOKU ba="0,0" sc="242,-10,375,-10,98,30,285,-10" hai2="11,15,16,75,79,80,123" /><INIT seed="6,1,0,0,1,8" ten="232,365,128,275" oya="2" hai0="48,49,120,4,99,13,92,22,112,127,65,58,90" hai1="91,24,86,88,7,33,53,66,10,135,107,123,20" hai2="80,97,98,6,89,1,15,29,26,72,71,42,52" hai3="64,81,30,3,28,55,57,35,41,129,25,45,50"/><V87/><F71/><W5/><G129/><T119/><D120/><U122/><E135/><V75/><F1/><W39/><G30/><T47/><D112/><U9/><E107/><V101/><F42/><W11/><G81/><T0/><D0/><U78/><E33/><V125/><F125/><W63/><REACH who="3" step="1"/><G64/><REACH who="3" ten="232,365,128,265" step="2"/><T100/><D65/><U115/><E66/><V111/><F111/><W43/><G43/><T46/><D127/><U106/><E115/><V85/><F85/><W17/><G17/><T134/><D134/><U14/><E86/><V59/><F97/><W38/><AGARI ba="1,1" hai="3,5,11,25,28,35,38,39,41,45,50,55,57,63" machi="38" ten="30,4000,0" yaku="1,1,0,1,53,1" doraHai="8" doraHaiUra="54" who="3" fromWho="3" sc="232,-11,365,-11,128,-21,265,53" /><INIT seed="7,0,0,0,2,55" ten="221,354,107,318" oya="3" hai0="1,35,104,97,107,90,31,83,92,49,10,40,134" hai1="124,135,65,48,113,15,67,66,128,77,129,112,120" hai2="126,56,127,57,43,125,13,33,101,123,50,85,89" hai3="96,0,19,51,75,9,14,94,23,103,72,30,22"/><W118/><G118/><T27/><D134/><U34/><E124/><V111/><F33/><W5/><G30/><T86/><D40/><U61/><E135/><V131/><F101/><W46/><REACH who="3" step="1"/><G22/><REACH who="3" ten="221,354,107,308" step="2"/><T73/><D31/><U133/><E133/><V18/><F111/><W38/><G38/><T71/><D35/><U12/><E120/><V108/><F108/><W130/><G130/><N who="1" m="50282" /><E34/><V91/><F131/><W84/><G84/><T78/><D86/><U6/><E77/><V80/><F123/><W68/><G68/><T53/><D71/><U45/><E61/><V63/><F91/><W58/><G58/><T59/><D78/><U28/><E28/><V37/><F37/><W29/><G29/><T39/><D39/><U114/><E6/><V87/><F87/><W62/><G62/><T44/><D90/><U32/><E32/><V42/><F63/><W93/><G93/><T95/><D95/><U60/><E60/><V11/><REACH who="2" step="1"/><F42/><AGARI ba="0,1" hai="0,5,9,14,19,23,42,46,51,72,75,94,96,103" machi="42" ten="30,2900,0" yaku="1,1,7,1,53,0" doraHai="55" doraHaiUra="132" who="3" fromWho="2" sc="221,0,354,0,107,-29,308,39" /><AGARI ba="0,0" hai="12,15,42,45,48,65,66,67,112,113,114" m="50282" machi="42" ten="40,2600,0" yaku="15,1,19,1" doraHai="55" who="1" fromWho="2" sc="221,0,354,26,78,-26,347,0" /><INIT seed="7,1,0,5,0,21" ten="221,380,52,347" oya="3" hai0="112,39,53,113,116,94,79,103,98,85,125,29,47" hai1="73,38,18,3,96,56,15,64,11,123,133,24,110" hai2="46,16,89,25,60,68,37,28,34,84,55,7,134" hai3="80,109,95,10,22,127,61,8,120,78,126,5,2"/><W129/><G120/><T93/><D39/><U135/><E110/><V76/><F134/><N who="1" m="51209" /><E123/><V130/><F130/><W117/><G117/><T23/><D53/><U27/><E38/><V81/><F7/><N who="3" m="1143" /><G109/><T30/><D47/><U102/><E73/><V107/><F107/><W45/><G129/><T65/><D23/><U59/><E3/><V99/><F68/><W101/><G61/><T54/><D54/><U100/><E100/><V90/><F37/><W31/><G45/><T92/><D65/><U26/><E64/><V72/><F72/><N who="3" m="43079" /><G101/><T32/><D30/><U0/><E0/><V104/><F104/><AGARI ba="1,0" hai="11,15,18,24,26,27,56,59,96,102,104" m="51209" machi="104" ten="30,7700,0" yaku="20,1,52,3" doraHai="21" who="1" fromWho="2" sc="221,0,380,80,52,-80,347,0" owari="221,-17.9,460,56.0,-28,-52.8,347,14.7" /></mjloggm>