<mjloggm ver="2.3"><GO type="169" lobby="0"/><UN n0="%E4%B9%9D%E5%B0%BE%E3%81%AE%E3%83%8D%E3%82%B3" n1="%4D%75%64%46%6C%6F%77" n2="%E3%83%A9%E3%82%B9%E3%82%8B%E3%81%8B%E3%81%AA" n3="%6D%61%6A%75%6E%69%61" dan="16,17,17,16" rate="2053.48,2182.88,2203.20,2136.10" sx="M,M,M,M"/><TAIKYOKU oya="0"/><INIT seed="0,0,0,0,5,87" ten="250,250,250,250" oya="0" hai0="26,113,58,21,93,102,89,117,119,104,23,101,27" hai1="39,49,14,30,44,118,1,124,43,16,111,120,45" hai2="83,105,82,84,100,129,54,18,60,37,99,79,114" hai3="74,0,131,86,57,17,116,80,53,32,65,67,108"/><T70/><D113/><U125/><E118/><V94/><F37/><W25/><G108/><T48/><D70/><U122/><E1/><V62/><F114/><W121/><G121/><T73/><D73/><U3/><E3/><V107/><F129/><W133/><G116/><T46/><D104/><U134/><E30/><V52/><F107/><W78/><G133/><T106/><D106/><U20/><E111/><V22/><F83/><W38/><G38/><T128/><D128/><U42/><REACH who="1" step="1"/><E134/><REACH who="1" ten="250,240,250,250" step="2"/><V29/><F29/><W66/><G0/><T19/><D117/><U81/><E81/><V2/><F2/><W35/><G131/><T126/><D119/><U115/><E115/><V56/><F105/><W33/><G17/><N who="0" m="12591" /><D126/><AGARI ba="0,1" hai="14,16,20,39,42,43,44,45,49,120,122,124,125,126" machi="126" ten="40,8000,1" yaku="1,1,18,1,54,1,53,2" doraHai="87" doraHaiUra="40" who="1" fromWho="0" sc="250,-80,240,90,250,0,250,0" /><INIT seed="1,0,0,3,2,61" ten="170,330,250,250" oya="1" hai0="32,88,21,93,27,123,110,103,114,100,83,86,82" hai1="40,63,127,122,60,62,14,48,131,97,46,22,20" hai2="9,31,119,75,71,57,43,16,76,115,70,52,73" hai3="117,44,132,5,36,84,4,10,81,98,121,80,17"/><U72/><E122/><V38/><F119/><W50/><G121/><T65/><D123/><U1/><E1/><V53/><F31/><W104/><G117/><T0/><D0/><U92/><E72/><V79/><F43/><W95/><G36/><T78/><D32/><U94/><E131/><V19/><F57/><W118/><G118/><T108/><D114/><U6/><E127/><V28/><F28/><W18/><G132/><T106/><D65/><U24/><E24/><V3/><F3/><W39/><G39/><T89/><D106/><U105/><E105/><V120/><F120/><W90/><G104/><T49/><D49/><U68/><E68/><V102/><F38/><W25/><G25/><T7/><D7/><N who="3" m="2633" /><G10/><T47/><D47/><U34/><E34/><V116/><F116/><W23/><G23/><N who="1" m="8746" /><E97/><V126/><F9/><AGARI ba="0,0" hai="6,9,14,40,46,48,60,62,63,92,94" m="8746" machi="9" ten="30,1500,0" yaku="8,1" doraHai="61" who="1" fromWho="2" sc="170,0,330,15,250,-15,250,0" /><INIT seed="1,1,0,2,2,113" ten="170,345,235,250" oya="1" hai0="34,81,84,128,109,13,36,42,101,12,93,41,51" hai1="65,61,133,125,67,58,6,86,121,117,124,94,114" hai2="78,25,97,85,38,17,2,108,104,26,126,105,33" hai3="19,88,89,122,83,23,111,98,10,66,77,9,21"/><U52/><E114/><V103/><F38/><W62/><G111/><T56/><D34/><U32/><E32/><V72/><F2/><W82/><G122/><T116/><D116/><U123/><E117/><V43/><F43/><W102/><G21/><T0/><D0/><U79/><E6/><V59/><F108/><W39/><G39/><T7/><D36/><U4/><E4/><V91/><F105/><W112/><G112/><T120/><D120/><N who="1" m="46155" /><E94/><V90/><F90/><W107/><G10/><N who="0" m="4191" /><D109/><U8/><E8/><V45/><F17/><W95/><G9/><T71/><D71/><U106/><E106/><V110/><F110/><W80/><G77/><N who="0" m="46127" /><D13/><U127/><E133/><V55/><F33/><W1/><G1/><T75/><D75/><U70/><E70/><V31/><F72/><W44/><G107/><T46/><D128/><U68/><E68/><V60/><F104/><W118/><G118/><T14/><D14/><U27/><E27/><V24/><F24/><W135/><G135/><T47/><D56/><U35/><E35/><V28/><F25/><N who="3" m="14591" /><G44/><N who="0" m="16939" /><D51/><U3/><E3/><V5/><F45/><W69/><G69/><T131/><D131/><U48/><E48/><V64/><F26/><W63/><G63/><T87/><D101/><U130/><E130/><V11/><F60/><W74/><G74/><T18/><D18/><U30/><E30/><V100/><F31/><W92/><G92/><T96/><D96/><U50/><E50/><V53/><F28/><W115/><G115/><T134/><D134/><U37/><E37/><V129/><F129/><W76/><G76/><RYUUKYOKU ba="1,0" sc="170,10,345,10,235,-30,250,10" hai0="41,42,87,93" hai1="52,58,61,65,67,79,86,124,125,127" hai3="62,66,80,82,83,88,89,95,98,102" /><INIT seed="1,2,0,4,1,123" ten="180,355,205,260" oya="1" hai0="134,108,13,5,51,10,59,127,86,49,79,52,87" hai1="77,76,41,11,40,112,128,33,66,89,71,104,32" hai2="83,31,65,0,63,25,100,81,18,21,133,37,34" hai3="27,23,85,45,1,35,91,116,55,121,17,115,88"/><U29/><E112/><V93/><F37/><W6/><G115/><T70/><D70/><U57/><E104/><V84/><F133/><W125/><G121/><T102/><D134/><U92/><E71/><V68/><F0/><W135/><G135/><T103/><D127/><U12/><E128/><V94/><F81/><W36/><G125/><T105/><D105/><U74/><E32/><V80/><F83/><W4/><G35/><T107/><D107/><U64/><E29/><V38/><F38/><W54/><G1/><T78/><D108/><U56/><E33/><V58/><F68/><W113/><G113/><T62/><D87/><U43/><E74/><V9/><F100/><N who="0" m="38442" /><D86/><N who="1" m="52279" /><E57/><V106/><F106/><W7/><G116/><T118/><D118/><U16/><E56/><V126/><F126/><W2/><G2/><T22/><D22/><U90/><E90/><V110/><F110/><W24/><G24/><T130/><D130/><U46/><E46/><V132/><F132/><W20/><G20/><T124/><D124/><U39/><E39/><V47/><F47/><W96/><G96/><T98/><D98/><U72/><E72/><V69/><F69/><W30/><G30/><T50/><AGARI ba="2,0" hai="5,10,13,49,50,51,52,59,62,78,79" m="38442" machi="50" ten="30,2000,0" yaku="8,1,54,1" doraHai="123" who="0" fromWho="0" sc="180,26,355,-12,205,-7,260,-7" /><INIT seed="2,0,0,2,3,93" ten="206,343,198,253" oya="2" hai0="26,112,42,12,84,96,129,78,39,86,68,99,97" hai1="75,14,25,47,44,67,89,128,118,51,107,38,21" hai2="28,63,33,50,40,37,76,102,135,15,122,100,7" hai3="120,94,80,74,77,131,90,121,72,4,8,53,123"/><V41/><F122/><W111/><G111/><T119/><D112/><U109/><E75/><V18/><F37/><W3/><G131/><T114/><D114/><U124/><E118/><V17/><F135/><W81/><G53/><T117/><D68/><U31/><E124/><V1/><F76/><W105/><G105/><T16/><D78/><U6/><E107/><V92/><F63/><W32/><G32/><T24/><D129/><U34/><E109/><V125/><F125/><W87/><REACH who="3" step="1"/><G80/><REACH who="3" ten="206,343,198,243" step="2"/><T65/><D65/><U71/><E34/><V126/><F33/><W45/><G45/><T58/><D58/><U49/><E44/><V127/><F127/><W5/><G5/><T64/><D64/><U101/><E6/><V30/><F7/><W22/><G22/><N who="0" m="11527" /><D42/><U95/><E67/><V52/><F41/><W29/><G29/><T46/><D46/><U0/><E31/><V10/><F40/><W132/><G132/><T133/><D133/><U60/><E47/><N who="2" m="27743" /><F126/><W13/><G13/><T130/><D130/><U103/><E14/><N who="2" m="7383" /><F1/><W110/><G110/><T54/><D54/><U116/><E0/><V9/><F30/><W62/><G62/><T82/><D39/><U61/><E61/><V11/><F28/><W20/><G20/><T59/><D59/><U55/><E60/><V91/><F11/><W113/><G113/><T35/><D35/><U83/><E38/><V98/><AGARI ba="0,1" hai="9,15,18,91,92,98,100,102" m="7383,27743" machi="98" ten="30,6000,0" yaku="8,1,52,1,54,1" doraHai="93" who="2" fromWho="2" sc="206,-20,343,-20,198,70,243,-20" /><INIT seed="2,1,0,5,5,35" ten="186,323,268,223" oya="2" hai0="11,21,57,33,103,76,83,40,70,118,62,12,113" hai1="42,126,13,89,66,49,32,59,105,94,96,17,24" hai2="121,51,67,86,69,110,75,99,92,120,2,111,15" hai3="95,74,135,9,10,72,132,41,123,14,60,18,39"/><V87/><F51/><W65/><G123/><N who="2" m="47177" /><F15/><W30/><G30/><T68/><D33/><U47/><E126/><V106/><F67/><W46/><G95/><T97/><D113/><U80/><E105/><V122/><F69/><W28/><G28/><T117/><D40/><U73/><E32/><V55/><F55/><W1/><G10/><T48/><D48/><U63/><E24/><V31/><F31/><W3/><G72/><N who="0" m="43399" /><D21/><U114/><E114/><V79/><F2/><W131/><G131/><T108/><D108/><N who="2" m="41514" /><F106/><W6/><G74/><T45/><D45/><U54/><E73/><V4/><F4/><W29/><G29/><T0/><D0/><U7/><E7/><V43/><F43/><W19/><G19/><N who="0" m="8607" /><D57/><U56/><E59/><V52/><F122/><W84/><G84/><T127/><D127/><U22/><E42/><V20/><F20/><W128/><G128/><T129/><D129/><U124/><E124/><V125/><F125/><W16/><G18/><T104/><D62/><U130/><E130/><V88/><F75/><W102/><G102/><T38/><D38/><U91/><E17/><V107/><F107/><W58/><REACH who="3" step="1"/><G3/><REACH who="3" ten="186,323,268,213" step="2"/><T36/><D36/><U61/><E22/><V109/><F109/><W27/><G27/><T5/><D5/><U8/><E8/><V116/><F92/><W98/><G98/><T115/><D115/><U81/><E96/><V23/><F99/><W93/><G93/><T90/><D90/><U64/><E91/><V119/><F88/><W44/><G44/><T37/><D37/><U25/><E47/><V134/><F87/><RYUUKYOKU ba="1,1" sc="186,15,323,-15,268,-15,213,15" hai0="68,70,97,103,104,117,118" hai3="1,6,9,14,16,39,41,46,58,60,65,132,135" /><INIT seed="3,2,1,2,3,40" ten="201,308,253,228" oya="3" hai0="46,72,115,7,22,0,28,91,111,103,55,82,79" hai1="2,64,84,97,102,130,68,8,21,10,70,90,19" hai2="85,15,132,43,76,52,23,49,11,31,34,125,14" hai3="65,108,114,32,54,4,129,48,24,20,104,77,120"/><W133/><G120/><T42/><D111/><U119/><E130/><V75/><F75/><W51/><G114/><T39/><D115/><U127/><E127/><V57/><F34/><W116/><G116/><T134/><D134/><U3/><E119/><V44/><F125/><W62/><G32/><T105/><D91/><U41/><E41/><V37/><F132/><W81/><G129/><T30/><D55/><U88/><E90/><V25/><REACH who="2" step="1"/><F11/><REACH who="2" ten="201,308,243,228" step="2"/><W29/><G133/><T89/><D22/><U53/><E8/><V95/><F95/><W123/><G104/><T73/><D73/><U131/><E10/><V5/><F5/><W69/><G123/><T96/><D89/><U126/><E88/><V87/><F87/><W92/><G92/><T121/><D121/><U71/><E84/><V26/><F26/><W100/><G108/><T47/><D47/><U38/><E126/><V109/><F109/><W56/><G4/><T60/><D60/><U58/><E131/><V78/><F78/><W93/><G93/><T16/><REACH who="0" step="1"/><D16/><REACH who="0" ten="191,308,243,228" step="2"/><U86/><E19/><V113/><F113/><W36/><G100/><T106/><D106/><U13/><E102/><V128/><F128/><W74/><REACH who="3" step="1"/><G36/><REACH who="3" ten="191,308,243,218" step="2"/><T27/><D27/><U9/><E38/><V12/><F12/><W101/><G101/><T122/><D122/><U99/><E13/><V63/><F63/><AGARI ba="2,4" hai="20,24,29,48,51,54,56,62,63,65,69,74,77,81" machi="63" ten="30,5800,0" yaku="1,1,7,1,53,1" doraHai="40" doraHaiUra="66" who="3" fromWho="2" sc="191,0,308,0,243,-64,218,104" /><INIT seed="3,3,0,3,4,14" ten="191,308,179,322" oya="3" hai0="124,1,67,24,107,64,51,114,87,117,53,35,97" hai1="23,99,27,32,33,38,111,57,79,86,66,65,63" hai2="96,69,19,121,105,2,58,80,13,102,115,43,46" hai3="130,21,25,29,10,116,88,68,73,50,39,30,48"/><W135/><G116/><T45/><D117/><U77/><E111/><V131/><F69/><W89/><G68/><T55/><D1/><U0/><E38/><V72/><F2/><W110/><G73/><T101/><D124/><U112/><E0/><V12/><F115/><W56/><G110/><T5/><D5/><U22/><E66/><V34/><F34/><W7/><G39/><T122/><D122/><U61/><E61/><V85/><F131/><W47/><G130/><T104/><D114/><U120/><E120/><V52/><F72/><W126/><G126/><T8/><D107/><U132/><E132/><V82/><F121/><W103/><G103/><T54/><D8/><U70/><E70/><V118/><F118/><W44/><G29/><T81/><D67/><U134/><E134/><V90/><F82/><W36/><G36/><T28/><REACH who="0" step="1"/><D64/><REACH who="0" ten="181,308,179,322" step="2"/><U133/><E112/><V31/><F31/><W125/><G125/><T20/><D20/><U78/><E23/><V106/><F105/><W60/><G135/><T76/><AGARI ba="3,1" hai="24,28,35,45,51,53,54,55,76,81,87,97,101,104" machi="76" ten="20,2700,0" yaku="1,1,0,1,7,1,53,0" doraHai="14" doraHaiUra="108" who="0" fromWho="0" sc="181,46,308,-10,179,-10,322,-16" /><INIT seed="4,0,0,0,1,78" ten="227,298,169,306" oya="0" hai0="52,135,10,13,120,73,22,129,11,45,99,76,86" hai1="43,84,115,20,121,77,35,3,17,36,25,67,130" hai2="88,82,134,63,8,50,72,126,85,15,59,103,44" hai3="133,27,71,37,39,123,49,131,0,19,41,109,80"/><T70/><D120/><U104/><E121/><V93/><F126/><W33/><G123/><T69/><D73/><U96/><E3/><V95/><F134/><W48/><G133/><T105/><D135/><U40/><E130/><V65/><F103/><W47/><G109/><T91/><D76/><U97/><E36/><V9/><F72/><W101/><G0/><T30/><D129/><U100/><E115/><V16/><F8/><W92/><G71/><T62/><D70/><U42/><E97/><V108/><F108/><W117/><G117/><T38/><D105/><U113/><E113/><V68/><F68/><W64/><G64/><T90/><D69/><U122/><E67/><V29/><F29/><W127/><G127/><T18/><D38/><U51/><E35/><V7/><F7/><W106/><G106/><T28/><D99/><U107/><E107/><V74/><F74/><W14/><G92/><T110/><D91/><U55/><E122/><V58/><F58/><W5/><G101/><T124/><D124/><U66/><E66/><V118/><F118/><W4/><G49/><N who="0" m="28719" /><D110/><U79/><E84/><V2/><F2/><W125/><G39/><T12/><D62/><U61/><E61/><V26/><F26/><W132/><G37/><T56/><D56/><U116/><E116/><V89/><F89/><W21/><G125/><T94/><D11/><U32/><E32/><V23/><F23/><W1/><G132/><T87/><D87/><U98/><E96/><V46/><F46/><W128/><G128/><T112/><D112/><U53/><E51/><V75/><F75/><RYUUKYOKU ba="0,0" sc="227,10,298,10,169,10,306,-30" hai0="10,12,13,18,22,28,30,86,90,94" hai1="17,20,25,40,42,43,53,55,77,79,98,100,104" hai2="9,15,16,44,50,59,63,65,82,85,88,93,95" /><INIT seed="4,1,0,0,2,71" ten="237,308,179,276" oya="0" hai0="97,135,11,38,95,103,67,2,122,81,30,0,1" hai1="78,119,70,27,132,89,33,104,107,40,114,41,99" hai2="106,18,91,90,101,86,8,127,113,29,80,77,26" hai3="53,117,100,25,121,108,60,68,31,120,58,126,69"/><T96/><D122/><N who="3" m="47209" /><G108/><T72/><D67/><U75/><E119/><V118/><F113/><W64/><G117/><T61/><D135/><U131/><E70/><N who="3" m="27242" /><G100/><T3/><D61/><U65/><E65/><V19/><F118/><W4/><G4/><T66/><D66/><U50/><E33/><V47/><F127/><W88/><G88/><T56/><D56/><U98/><E89/><V102/><F47/><W79/><G79/><T74/><D30/><U59/><E78/><V35/><F102/><W10/><G10/><T32/><D32/><U92/><E92/><V73/><F91/><W111/><G111/><T37/><D96/><U115/><E59/><V13/><F101/><W9/><G9/><T105/><D95/><U46/><E46/><V36/><F106/><W129/><G64/><T42/><D42/><U112/><E107/><V51/><F19/><W52/><G53/><T12/><D12/><U76/><E104/><V128/><F77/><W84/><G84/><T93/><D93/><U63/><E76/><V87/><F87/><W94/><G94/><T124/><D124/><U110/><E114/><V55/><F73/><N who="0" m="28266" /><D81/><U85/><E112/><V22/><F8/><W28/><G126/><T130/><D130/><U34/><E131/><V21/><F128/><W125/><G125/><T6/><AGARI ba="1,0" hai="0,1,2,3,6,11,37,38,97,103,105" m="28266" machi="6" ten="40,12000,1" yaku="33,2,52,2" doraHai="71" who="0" fromWho="0" sc="237,123,308,-41,179,-41,276,-41" /><INIT seed="4,2,0,1,1,107" ten="360,267,138,235" oya="0" hai0="79,31,43,130,41,65,58,11,22,82,89,42,12" hai1="21,45,129,133,86,110,46,92,62,15,126,54,94" hai2="2,19,108,132,70,24,10,8,23,135,59,96,71" hai3="29,88,36,53,67,125,98,113,97,122,84,104,77"/><T134/><D130/><U27/><E110/><V56/><F108/><W44/><G113/><T40/><D134/><N who="2" m="51242" /><F96/><W119/><G119/><T51/><D89/><N who="1" m="53303" /><E129/><V115/><F115/><W114/><G114/><T78/><D82/><U95/><E126/><V66/><F66/><W6/><G122/><T9/><D9/><N who="2" m="3690" /><F2/><W121/><G121/><T76/><D65/><U105/><E105/><V123/><F123/><W57/><G6/><T83/><D83/><U26/><E15/><V0/><F0/><W69/><G29/><T131/><D131/><U7/><E7/><V68/><AGARI ba="2,0" hai="19,23,24,56,59,68,70,71" m="3690,51242" machi="68" ten="40,1500,0" yaku="20,1" doraHai="107" who="2" fromWho="2" sc="360,-9,267,-6,138,21,235,-6" /><INIT seed="5,0,0,2,3,129" ten="351,261,159,229" oya="1" hai0="7,50,93,73,23,105,83,98,97,9,81,104,95" hai1="20,41,116,18,4,126,2,128,122,82,37,94,16" hai2="102,76,112,43,117,64,25,109,5,30,80,59,19" hai3="133,115,12,44,32,70,123,55,111,65,127,130,113"/><U85/><E116/><V118/><F109/><W11/><G123/><T87/><D9/><U103/><E122/><V51/><F19/><W99/><G130/><T27/><D23/><U31/><E126/><V110/><F110/><W40/><G127/><T61/><D7/><U58/><E4/><V96/><F5/><W10/><G32/><T6/><D27/><N who="1" m="16871" /><E37/><V1/><F1/><W0/><G111/><T34/><D6/><U106/><E106/><N who="0" m="41065" /><D61/><U46/><E2/><V66/><F43/><W69/><G0/><T13/><D50/><N who="1" m="26959" /><E128/><V134/><F117/><W48/><G40/><T33/><D13/><U26/><E26/><V74/><F118/><W42/><G42/><T125/><D125/><U77/><E58/><V132/><F51/><W121/><G121/><T88/><D34/><U75/><E75/><V56/><F56/><W57/><G69/><T53/><D53/><U14/><E14/><V78/><F78/><W119/><G12/><T17/><D17/><U91/><E77/><V24/><F24/><W62/><G119/><T131/><D33/><U35/><E35/><N who="2" m="20943" /><F59/><W3/><G70/><T38/><D38/><U15/><E15/><V54/><F54/><W101/><G3/><T92/><D131/><U89/><E103/><V28/><F28/><W49/><G49/><T86/><D73/><U36/><E36/><V21/><F21/><W120/><G120/><T63/><D63/><U90/><E90/><AGARI ba="0,0" hai="81,83,86,87,88,90,92,93,95,97,98" m="41065" machi="90" ten="30,12000,2" yaku="35,5,54,1" doraHai="129" who="0" fromWho="1" sc="351,120,261,-120,159,0,229,0" /><INIT seed="6,0,0,3,1,117" ten="471,141,159,229" oya="2" hai0="55,119,114,100,64,56,26,3,118,50,34,93,107" hai1="125,28,0,51,31,101,5,44,84,88,72,48,122" hai2="96,77,67,73,58,62,15,46,19,68,124,52,6" hai3="42,18,21,135,39,123,80,53,81,8,134,49,22"/><V13/><F124/><W110/><G123/><T121/><D3/><U1/><E125/><V74/><F77/><W116/><G110/><T98/><D121/><U120/><E72/><V40/><F6/><W108/><G108/><T65/><D114/><U45/><E5/><V128/><F128/><W129/><G116/><N who="0" m="44587" /><D93/><U54/><E101/><V131/><F131/><W105/><G42/><T11/><D11/><U115/><E54/><V85/><F85/><W92/><G105/><T89/><D89/><U60/><E60/><V20/><F13/><N who="3" m="7463" /><G92/><T91/><D91/><U113/><REACH who="1" step="1"/><E88/><REACH who="1" ten="471,131,159,229" step="2"/><V82/><F96/><W90/><G90/><T70/><D70/><U99/><E99/><V43/><F82/><W111/><G53/><T94/><D107/><U109/><E109/><V41/><REACH who="2" step="1"/><F46/><REACH who="2" ten="471,131,149,229" step="2"/><W36/><G81/><T37/><D98/><U63/><E63/><AGARI ba="0,2" hai="15,19,20,40,41,43,52,58,62,63,67,68,73,74" machi="63" ten="40,7700,0" yaku="1,1,2,1,54,1,53,0" doraHai="117" doraHaiUra="7" who="2" fromWho="1" sc="471,0,131,-77,149,97,229,0" /><INIT seed="6,1,0,1,4,106" ten="471,54,246,229" oya="2" hai0="92,76,77,4,89,20,129,10,1,62,101,75,91" hai1="79,94,58,9,73,26,23,68,57,74,112,98,109" hai2="133,114,120,83,107,55,11,110,87,47,103,104,19" hai3="80,115,24,67,126,108,50,128,95,71,53,48,96"/><V18/><F120/><W30/><G108/><T44/><D129/><U42/><E109/><V105/><F110/><W51/><G128/><T41/><D77/><U81/><E68/><V40/><F114/><W134/><G134/><T28/><D101/><U78/><E112/><V127/><F127/><W93/><G126/><T130/><D130/><U117/><E117/><V88/><F133/><W63/><G80/><T64/><D28/><U125/><E125/><V33/><F33/><W25/><G115/><T85/><D20/><U2/><E42/><V135/><F135/><W124/><G124/><T123/><D123/><U13/><E2/><V22/><F55/><W15/><G15/><T46/><D91/><U116/><E116/><V38/><F11/><W86/><G86/><T27/><D27/><U36/><E36/><V60/><F60/><W31/><G24/><T84/><D84/><U5/><E79/><V119/><F119/><W17/><G17/><T37/><D46/><U32/><E32/><V66/><F66/><W99/><G53/><T69/><D76/><U35/><E35/><V90/><F90/><W82/><G82/><T7/><D7/><U121/><E121/><V72/><F72/><W29/><G25/><T97/><REACH who="0" step="1"/><D85/><REACH who="0" ten="461,54,246,229" step="2"/><U39/><E73/><AGARI ba="1,1" hai="1,4,10,37,41,44,62,64,69,73,75,89,92,97" machi="73" ten="40,8000,1" yaku="1,1,2,1,52,2,53,0" doraHai="106" doraHaiUra="131" who="0" fromWho="1" sc="461,93,54,-83,246,0,229,0" owari="554,65.4,-29,-52.9,246,4.6,229,-17.1" /></mjloggm>