<mjloggm ver="2.3"><GO type="169" lobby="0"/><UN n0="%E6%96%B0%E6%89%8B%31%34%32%38%35%37" n1="%E3%81%BF%E3%81%8B%E3%81%82" n2="%E3%82%AD%E3%83%AA%E3%83%B3%E3%83%AA%E3%82%AD%E5%BF%AB" n3="%48%79" dan="16,16,17,16" rate="2120.32,2011.13,2202.58,2128.48" sx="M,M,M,F"/><TAIKYOKU oya="0"/><INIT seed="0,0,0,2,0,122" ten="250,250,250,250" oya="0" hai0="60,40,121,58,77,15,69,75,93,78,38,4,66" hai1="21,68,96,47,118,43,16,30,61,135,31,124,11" hai2="90,5,9,111,101,133,29,106,2,110,63,14,80" hai3="84,27,48,103,73,62,117,25,44,42,26,0,97"/><T89/><D121/><U81/><E118/><V41/><F133/><W3/><G73/><T71/><D40/><U85/><E135/><V79/><F41/><W17/><G117/><T67/><D38/><U107/><E11/><V46/><F46/><W6/><G6/><T74/><D4/><U35/><E124/><V23/><F90/><W10/><G84/><T127/><D15/><U112/><E35/><V130/><F130/><W20/><G10/><T56/><D93/><U72/><E72/><V32/><F63/><W51/><G62/><T126/><D60/><U123/><E96/><V109/><F32/><W39/><G39/><T94/><D94/><U24/><E107/><V128/><F128/><W18/><G51/><T125/><D125/><U99/><E99/><N who="2" m="61759" /><F29/><W87/><G87/><T120/><D120/><U104/><E104/><V82/><F79/><W13/><REACH who="3" step="1"/><G18/><AGARI ba="0,0" hai="2,5,9,14,18,23,80,82,109,110,111" m="61759" machi="18" ten="30,7700,0" yaku="14,1,52,3" doraHai="122" who="2" fromWho="3" sc="250,0,250,0,250,77,250,-77" /><INIT seed="1,0,0,4,1,87" ten="250,250,327,173" oya="1" hai0="102,133,21,74,70,37,116,79,7,51,49,128,14" hai1="80,119,94,121,124,77,126,41,60,52,3,99,98" hai2="4,13,97,130,62,17,100,127,47,91,45,50,29" hai3="33,88,135,72,76,103,109,110,28,129,57,71,30"/><U84/><E121/><V54/><F130/><W44/><G71/><T22/><D116/><U108/><E3/><V59/><F127/><N who="1" m="48681" /><E119/><V93/><F4/><W36/><G129/><T2/><D70/><U65/><E41/><V16/><F29/><W120/><G120/><T8/><D133/><U56/><E108/><N who="3" m="41578" /><G135/><T39/><D102/><N who="1" m="60759" /><E99/><V34/><F34/><W25/><G103/><T1/><D128/><U69/><E69/><V67/><F45/><W78/><G72/><T10/><D74/><U112/><E112/><V104/><F104/><W118/><G118/><T82/><D82/><U66/><AGARI ba="0,0" hai="52,56,60,65,66,77,80,84" m="60759,48681" machi="66" ten="30,3000,0" yaku="18,1,54,1" doraHai="87" who="1" fromWho="1" sc="250,-10,250,30,327,-10,173,-10" /><INIT seed="1,1,0,5,0,126" ten="240,280,317,163" oya="1" hai0="78,113,99,41,82,121,17,124,32,13,14,109,8" hai1="68,117,84,48,23,107,80,100,101,75,120,89,135" hai2="88,29,133,130,103,59,125,93,53,87,49,1,70" hai3="46,30,105,55,118,43,127,6,90,4,85,62,72"/><U81/><E68/><V112/><F125/><W50/><G127/><T66/><D113/><U129/><E120/><V58/><F70/><W40/><G72/><T79/><D109/><U39/><E39/><V98/><F112/><W108/><G105/><T110/><D110/><U19/><E117/><V64/><F133/><W36/><G108/><T22/><D32/><U54/><E107/><V57/><F1/><W73/><G73/><T42/><D121/><U76/><E129/><V28/><F130/><W44/><G118/><T128/><D128/><U16/><E19/><V2/><F2/><W119/><G119/><T18/><D66/><U20/><E23/><V3/><F3/><W33/><G33/><T7/><D124/><U132/><E135/><V115/><F115/><W56/><REACH who="3" step="1"/><G30/><REACH who="3" ten="240,280,317,153" step="2"/><T102/><D7/><U35/><E35/><V96/><F28/><W11/><G11/><T71/><D71/><U25/><E132/><V5/><F29/><W31/><G31/><T106/><D79/><U0/><E0/><V61/><F5/><W97/><G97/><T67/><D67/><U26/><E25/><V21/><F21/><W131/><G131/><T45/><D45/><AGARI ba="1,1" hai="16,20,26,45,48,54,75,76,80,81,84,89,100,101" machi="45" ten="30,2900,0" yaku="7,1,54,1" doraHai="126" who="1" fromWho="0" sc="240,-32,280,42,317,0,153,0" /><INIT seed="1,2,0,2,2,94" ten="208,322,317,153" oya="1" hai0="79,99,72,19,37,67,123,134,26,40,128,77,10" hai1="71,66,63,0,4,48,96,105,113,53,121,91,132" hai2="95,13,12,90,93,29,3,82,117,57,126,115,118" hai3="50,109,41,78,87,39,55,124,101,64,8,106,17"/><U102/><E121/><V24/><F3/><W23/><G109/><T84/><D72/><U18/><E113/><V43/><F115/><W31/><G124/><T76/><D128/><U1/><E4/><V80/><F126/><W51/><G39/><T103/><D134/><U44/><E132/><V42/><F57/><W15/><G64/><T32/><D123/><U116/><E116/><V20/><F118/><W88/><G78/><T30/><D67/><U28/><E18/><V16/><F95/><W73/><G73/><T85/><D40/><N who="2" m="15402" /><F117/><W130/><G130/><T59/><D59/><U11/><E11/><N who="2" m="6175" /><F13/><W131/><G131/><T81/><D37/><U60/><E60/><V114/><F114/><W133/><G133/><T35/><D35/><U54/><E54/><V52/><F52/><W27/><G41/><T129/><D129/><U135/><E135/><V92/><F92/><W47/><G50/><T22/><D10/><U104/><E105/><V65/><F65/><W58/><G106/><T2/><D2/><U25/><E91/><V83/><F80/><N who="3" m="49255" /><G58/><T70/><D81/><U7/><E7/><V89/><F89/><W36/><G36/><T112/><D112/><U33/><AGARI ba="2,0" hai="0,1,25,28,33,44,48,53,63,66,71,96,102,104" machi="33" ten="20,12000,1" yaku="0,1,7,1,25,2,52,1" doraHai="94" who="1" fromWho="1" sc="208,-42,322,126,317,-42,153,-42" /><INIT seed="1,3,0,5,3,19" ten="166,448,275,111" oya="1" hai0="114,92,49,93,43,5,58,125,59,1,28,88,65" hai1="115,54,64,33,94,29,57,118,120,85,18,46,9" hai2="61,11,135,111,35,73,100,4,81,6,90,119,21" hai3="71,74,44,97,106,36,127,131,38,2,129,68,56"/><U101/><E120/><V76/><F119/><W20/><G74/><T96/><D114/><U79/><E118/><V123/><F123/><W27/><G2/><T86/><D125/><U34/><E29/><V17/><F35/><W67/><G127/><T78/><D1/><U24/><E34/><V99/><F111/><W82/><G82/><T50/><D5/><U63/><E33/><V105/><F135/><W66/><G106/><T62/><D43/><U113/><E113/><V14/><F61/><N who="3" m="38183" /><G97/><T104/><D104/><U89/><E79/><V72/><F72/><W128/><G67/><T13/><D59/><U69/><E46/><V0/><F4/><W10/><G10/><T84/><D13/><U52/><E69/><N who="3" m="26698" /><G44/><T121/><D121/><U122/><E122/><V91/><AGARI ba="3,0" hai="0,6,11,14,17,21,73,76,81,90,91,99,100,105" machi="91" ten="30,2000,0" yaku="0,1,52,1" doraHai="19" who="2" fromWho="2" sc="166,-8,448,-13,275,29,111,-8" /><INIT seed="2,0,0,0,3,94" ten="158,435,304,103" oya="2" hai0="59,95,111,1,44,82,24,88,73,42,28,39,10" hai1="57,103,67,50,9,114,112,47,43,91,14,131,87" hai2="110,124,109,119,66,23,21,98,135,72,76,52,120" hai3="61,106,128,2,12,68,29,115,60,4,65,100,32"/><V31/><F119/><W113/><G12/><T26/><D111/><N who="2" m="42506" /><F120/><W64/><G128/><T105/><D105/><U122/><E131/><V20/><F135/><W127/><G127/><T36/><D36/><U54/><E122/><V86/><F124/><W130/><G130/><T134/><D59/><U19/><E67/><V34/><F66/><W18/><G18/><T81/><D134/><U116/><E103/><V53/><F72/><W30/><G4/><N who="0" m="1295" /><D81/><U46/><E116/><V69/><F69/><N who="3" m="42119" /><G2/><T37/><D37/><U108/><E108/><V129/><F129/><W0/><G29/><T96/><D28/><U102/><E102/><V63/><F63/><W62/><G62/><T33/><D33/><U38/><E47/><V56/><F56/><W132/><G132/><T7/><D7/><U107/><E107/><V51/><F51/><W55/><G55/><N who="2" m="21065" /><F34/><W121/><G0/><T77/><AGARI ba="0,0" hai="24,26,39,42,44,73,77,82,88,95,96" m="1295" machi="77" ten="30,4000,0" yaku="25,1,52,1,54,1" doraHai="94" who="0" fromWho="0" sc="158,40,435,-10,304,-20,103,-10" /><INIT seed="3,0,0,1,2,75" ten="198,425,284,93" oya="3" hai0="51,54,53,104,43,28,17,10,49,82,77,105,112" hai1="64,97,24,46,83,67,42,118,121,87,37,81,123" hai2="34,22,130,30,96,110,88,61,103,59,132,99,133" hai3="15,21,134,95,2,60,114,122,48,68,39,57,9"/><W72/><G114/><T100/><D28/><U109/><E109/><V13/><F110/><W129/><G122/><T76/><D112/><U113/><E83/><V101/><F130/><W27/><G2/><T6/><D17/><U45/><E113/><V20/><F34/><W98/><G39/><T62/><D62/><U91/><E118/><V11/><F30/><W38/><G38/><T44/><D43/><U94/><E46/><V8/><F13/><W117/><G117/><T108/><D108/><U0/><E0/><V92/><F59/><W25/><G134/><T69/><D69/><U36/><E37/><V33/><F33/><W4/><G129/><T66/><D66/><U106/><E106/><V23/><F61/><W7/><G72/><T85/><D100/><U56/><E24/><V5/><F5/><N who="3" m="3503" /><G48/><T90/><D105/><U86/><E123/><V3/><F3/><W89/><G68/><T115/><D104/><U79/><E121/><V124/><F124/><W74/><G74/><T80/><D115/><U50/><E97/><V71/><F71/><W1/><G1/><T131/><D131/><U14/><E14/><V55/><F96/><W119/><G119/><T29/><D29/><U58/><E36/><V26/><F133/><W35/><G35/><T107/><D107/><U84/><E87/><V102/><F132/><W70/><G70/><T116/><D116/><U78/><E86/><V120/><F120/><W65/><G25/><T19/><D6/><U16/><E50/><V63/><F26/><W41/><G41/><T126/><D51/><U47/><E42/><RYUUKYOKU ba="0,0" sc="198,-15,425,-15,284,15,93,15" hai2="8,11,20,22,23,55,63,88,92,99,101,102,103" hai3="4,7,21,27,57,60,65,89,95,98" /><INIT seed="3,1,0,5,1,48" ten="183,410,299,108" oya="3" hai0="27,46,79,89,88,87,37,45,72,109,131,53,49" hai1="78,35,107,9,93,81,44,40,70,51,31,47,32" hai2="28,7,104,60,66,43,86,77,114,65,105,103,54" hai3="128,12,90,22,129,133,91,134,64,69,24,126,116"/><W101/><G116/><T17/><D109/><U61/><E107/><V2/><F114/><W23/><G101/><T26/><D131/><N who="3" m="50249" /><G69/><T108/><D108/><U97/><E9/><V58/><F43/><W63/><G12/><T42/><D72/><U4/><E47/><V124/><F124/><W123/><G123/><T0/><D0/><U80/><E4/><V125/><F125/><W15/><G126/><T95/><D79/><U92/><E92/><V41/><F41/><W57/><G15/><T3/><D3/><U67/><E81/><V102/><F2/><W73/><G73/><T11/><D11/><U74/><E31/><V75/><F75/><W130/><N who="3" m="50257" /><W120/><DORA hai="106" /><G120/><T118/><D118/><U113/><E113/><V122/><F122/><W21/><G24/><T117/><D117/><U8/><E8/><V62/><F7/><W115/><G115/><T19/><REACH who="0" step="1"/><D89/><AGARI ba="1,0" hai="32,35,40,44,51,61,67,70,74,78,80,89,93,97" machi="89" ten="30,2000,0" yaku="7,1,52,1" doraHai="48,106" who="1" fromWho="0" sc="183,-23,410,23,299,0,108,0" /><AGARI ba="1,0" hai="21,22,23,57,63,64,89,90,91,133,134" m="50257" machi="89" ten="50,2400,0" yaku="19,1" doraHai="48,106" who="3" fromWho="0" sc="160,-24,433,0,299,0,108,24" /><INIT seed="3,2,0,1,5,61" ten="136,433,299,132" oya="3" hai0="103,52,85,35,14,32,2,29,107,47,70,54,78" hai1="57,129,96,69,97,8,73,10,18,4,59,49,16" hai2="50,56,37,36,121,86,91,79,65,94,134,58,98" hai3="87,42,135,9,92,126,115,46,80,45,34,120,104"/><W110/><G115/><T100/><D2/><U12/><E69/><V124/><F124/><W13/><G120/><T40/><D70/><U3/><E73/><V81/><F134/><W128/><G104/><T95/><D107/><U84/><E129/><V43/><F121/><W119/><G119/><T28/><D14/><U123/><E123/><V51/><F56/><W114/><G114/><T116/><D116/><U21/><E84/><V118/><F118/><W89/><G34/><T133/><D133/><U101/><E49/><V93/><F93/><W44/><G135/><T41/><D95/><U71/><E71/><V111/><F111/><W130/><G126/><T131/><D85/><U113/><E113/><V122/><F122/><W106/><G106/><T74/><D47/><U20/><E10/><V19/><F19/><W112/><G112/><T31/><D31/><U38/><E38/><V75/><F75/><W63/><G110/><T39/><D74/><U23/><E21/><V82/><F82/><W99/><G63/><T24/><D78/><U102/><E101/><V11/><F11/><W77/><REACH who="3" step="1"/><G42/><REACH who="3" ten="136,433,299,122" step="2"/><T0/><D131/><U108/><E108/><V15/><F43/><W60/><G60/><T76/><D39/><U30/><E30/><V17/><F36/><W7/><AGARI ba="2,1" hai="7,9,13,44,45,46,77,80,87,89,92,99,128,130" machi="7" ten="30,3000,0" yaku="1,1,0,1,53,0" doraHai="61" doraHaiUra="67" who="3" fromWho="3" sc="136,-12,433,-12,299,-12,122,46" /><INIT seed="3,3,0,5,2,9" ten="124,421,287,168" oya="3" hai0="112,129,48,57,72,45,50,12,47,17,91,32,96" hai1="63,82,38,43,4,101,29,46,103,134,76,123,74" hai2="60,133,94,128,81,102,59,127,117,120,64,79,66" hai3="135,13,125,111,83,26,124,21,121,115,22,8,118"/><W54/><G115/><T85/><D72/><U35/><E123/><V113/><F113/><W68/><G68/><T42/><D129/><U36/><E36/><V24/><F117/><W23/><G121/><T25/><D112/><U49/><E134/><V6/><F120/><W16/><G118/><T70/><D70/><U15/><E63/><V1/><F133/><W30/><G135/><T87/><D32/><U67/><E67/><V33/><F128/><W75/><G54/><T89/><D25/><U62/><E62/><V106/><F127/><N who="3" m="48715" /><G111/><T114/><D57/><U93/><E29/><V55/><F55/><W7/><G83/><T110/><D110/><U44/><E35/><V14/><F81/><W97/><G97/><T116/><D116/><U126/><E93/><V73/><F64/><W61/><G61/><T34/><D34/><U88/><E126/><V100/><F60/><W107/><G75/><T19/><D114/><U51/><E74/><V71/><F66/><W122/><G122/><T37/><D96/><U53/><E76/><V80/><F80/><W104/><G21/><T130/><D130/><U86/><E38/><V58/><F71/><W31/><G31/><T5/><D37/><U108/><E108/><V3/><F33/><W78/><G78/><T11/><D87/><U28/><E28/><V0/><F79/><W18/><G30/><T27/><D85/><U84/><E86/><V52/><F73/><W56/><G56/><T2/><D45/><U10/><AGARI ba="3,0" hai="4,10,15,43,44,46,49,51,53,82,84,88,101,103" machi="10" ten="30,7900,0" yaku="0,1,8,1,52,1,54,1" doraHai="9" who="1" fromWho="1" sc="124,-23,421,88,287,-23,168,-42" /><INIT seed="4,0,0,2,2,37" ten="101,509,264,126" oya="0" hai0="63,105,91,100,26,54,97,53,70,23,131,122,43" hai1="99,42,15,127,21,34,20,51,74,14,113,28,86" hai2="8,87,66,112,25,24,80,10,60,129,108,47,62" hai3="40,111,65,75,107,98,22,59,125,101,67,64,6"/><T69/><D122/><U33/><E74/><V31/><F108/><W71/><G111/><T96/><D131/><U27/><E99/><V36/><F129/><W132/><G71/><T106/><D91/><U103/><E103/><V57/><F112/><W61/><G132/><T50/><D63/><U55/><E34/><V119/><F119/><W135/><G135/><T56/><D54/><U1/><E1/><V90/><F25/><W45/><G75/><T52/><D53/><U109/><E109/><V72/><F72/><W12/><G125/><T48/><D97/><U124/><E86/><V17/><F17/><W88/><G88/><T0/><D0/><U13/><E113/><V2/><F2/><W39/><REACH who="3" step="1"/><G22/><REACH who="3" ten="101,509,264,116" step="2"/><T121/><D121/><U4/><E21/><V29/><F90/><W73/><G73/><T30/><REACH who="0" step="1"/><D106/><REACH who="0" ten="91,509,264,116" step="2"/><U134/><E127/><V11/><F80/><W16/><G16/><T3/><D3/><U110/><E124/><V77/><F77/><W18/><G18/><T82/><D82/><U120/><E120/><V128/><F128/><W83/><G83/><T38/><D38/><U104/><E104/><V94/><F36/><W46/><G46/><AGARI ba="0,2" hai="23,26,30,43,46,48,50,52,56,69,70,96,100,105" machi="46" ten="40,7700,0" yaku="1,1,52,1,54,1,53,0" doraHai="37" doraHaiUra="85" who="0" fromWho="3" sc="91,97,509,0,264,0,116,-77" /><INIT seed="4,1,0,1,0,109" ten="188,509,264,39" oya="0" hai0="118,7,38,81,91,26,71,84,82,29,115,64,124" hai1="21,57,4,41,27,53,56,80,11,14,95,77,54" hai2="135,44,116,69,61,10,63,47,134,83,110,117,74" hai3="8,22,3,128,102,48,75,97,72,25,126,28,60"/><T46/><D118/><N who="2" m="45674" /><F10/><W52/><G128/><T2/><D124/><U105/><E105/><V35/><F35/><W17/><G126/><T12/><D2/><U18/><E41/><V103/><F103/><W19/><G60/><N who="2" m="23113" /><F83/><W133/><G133/><N who="2" m="50697" /><F74/><W112/><G112/><T59/><D115/><U36/><E36/><V87/><F87/><W104/><G17/><T79/><D38/><U67/><E95/><V37/><F110/><W106/><G106/><T85/><D12/><U119/><E119/><V51/><F69/><W39/><G39/><T40/><D71/><U114/><E114/><V101/><F101/><W120/><G120/><T88/><D7/><U13/><E14/><V130/><F130/><W121/><G121/><T62/><D79/><U45/><E80/><V94/><F94/><W73/><G3/><T30/><D26/><U1/><E77/><V0/><F0/><W32/><G8/><T5/><D5/><U90/><E1/><V6/><F6/><W66/><G66/><T123/><D123/><U15/><E67/><V132/><N who="2" m="50705" /><V24/><DORA hai="99" /><F24/><W58/><REACH who="3" step="1"/><G19/><REACH who="3" ten="188,509,264,29" step="2"/><T20/><D20/><AGARI ba="1,1" hai="20,22,25,28,32,48,52,58,72,73,75,97,102,104" machi="20" ten="40,8000,1" yaku="1,1,2,1,52,1,54,1,53,1" doraHai="109,99" doraHaiUra="50,111" who="3" fromWho="0" sc="188,-83,509,0,264,0,29,93" /><INIT seed="5,0,0,4,4,60" ten="105,509,264,122" oya="1" hai0="120,26,133,101,50,110,79,66,112,108,125,5,65" hai1="32,86,4,54,121,119,129,0,109,53,69,7,105" hai2="58,47,24,43,71,83,57,100,74,97,64,12,103" hai3="92,2,99,22,131,15,27,44,76,95,135,31,89"/><U9/><E105/><V81/><F103/><W126/><G2/><T67/><D112/><U37/><E37/><V77/><F81/><W23/><G131/><T30/><D125/><U6/><E86/><V1/><F1/><W29/><G135/><T17/><D133/><U40/><E40/><V114/><F114/><W45/><G126/><T39/><D39/><U41/><E41/><V132/><F132/><W123/><G123/><T61/><D120/><U59/><E54/><V111/><F111/><W128/><G128/><T11/><D17/><U85/><E69/><V107/><F12/><W55/><G76/><T130/><D130/><U104/><E104/><V35/><F47/><W38/><G38/><T28/><D79/><U127/><E127/><V20/><F43/><W116/><G116/><T124/><D124/><U134/><E134/><V70/><F35/><W16/><G31/><T13/><D61/><U73/><E32/><V87/><F74/><W91/><REACH who="3" step="1"/><G55/><REACH who="3" ten="105,509,264,112" step="2"/><T80/><D30/><U36/><E121/><V88/><F77/><W72/><G72/><T8/><D108/><U84/><E36/><V96/><F71/><W106/><G106/><T10/><D110/><U102/><E73/><V49/><F70/><W56/><G56/><T25/><D28/><U115/><E129/><V21/><F57/><W52/><G52/><T78/><D101/><U117/><E109/><V93/><F100/><W51/><G51/><T19/><D50/><U46/><E102/><V3/><F49/><W75/><G75/><N who="0" m="43103" /><D5/><U48/><E48/><V82/><F107/><W33/><G33/><RYUUKYOKU ba="0,1" sc="105,15,509,-15,264,-15,112,15" hai0="8,10,11,13,19,25,26,65,66,67" hai3="15,16,22,23,27,29,44,45,89,91,92,95,99" /><INIT seed="6,1,1,4,0,108" ten="120,494,249,127" oya="2" hai0="70,102,43,57,28,104,61,101,50,118,13,22,15" hai1="79,125,59,39,123,25,84,85,17,103,29,107,5" hai2="76,111,72,109,54,98,92,6,34,83,122,55,126" hai3="20,48,18,130,90,64,73,134,52,44,129,113,80"/><V135/><F122/><W38/><G134/><T105/><D70/><U63/><E39/><V131/><F34/><W31/><G31/><T35/><D35/><U10/><E17/><V110/><F135/><W74/><G64/><N who="0" m="38959" /><D105/><U4/><E4/><V69/><F69/><W100/><G100/><N who="0" m="38507" /><D118/><U33/><E125/><V128/><F126/><W95/><G38/><T23/><D104/><U9/><E9/><V14/><F6/><W12/><G113/><T19/><D28/><U133/><E103/><N who="2" m="60871" /><F14/><N who="0" m="5130" /><D19/><U53/><E133/><V127/><F127/><W77/><REACH who="3" step="1"/><G73/><REACH who="3" ten="120,494,249,117" step="2"/><T119/><D119/><U51/><E107/><V58/><F110/><W78/><G78/><T1/><D1/><U26/><E123/><V120/><F120/><W16/><G16/><T132/><D132/><U96/><E96/><AGARI ba="1,2" hai="12,18,20,44,48,52,74,77,80,90,95,96,129,130" machi="96" ten="40,5200,0" yaku="1,1,54,1,53,1" doraHai="108" doraHaiUra="49" who="3" fromWho="1" sc="120,0,494,-55,249,0,117,75" /><INIT seed="7,0,0,3,0,102" ten="120,439,249,192" oya="3" hai0="38,101,7,69,23,64,107,54,35,8,79,95,34" hai1="2,45,63,94,40,90,59,135,132,56,86,3,61" hai2="122,70,15,119,11,85,103,115,99,47,65,62,117" hai3="75,84,104,108,68,51,110,124,116,48,12,39,55"/><W91/><G116/><T73/><D23/><U134/><E59/><V50/><F115/><W67/><G39/><T24/><D54/><N who="1" m="33943" /><E63/><V77/><F122/><W36/><G36/><AGARI ba="0,0" hai="2,3,36,40,45,86,90,94,132,134,135" m="33943" machi="36" ten="30,1000,0" yaku="20,1" doraHai="102" who="1" fromWho="3" sc="120,0,439,10,249,0,192,-10" owari="120,-38.0,449,54.9,249,4.9,182,-21.8" /></mjloggm>