<mjloggm ver="2.3"><GO type="169" lobby="0"/><UN n0="%E3%81%A8%E3%81%B3%E3%81%BE%E3%81%93" n1="%E3%81%BD%E3%81%A3%E3%81%91%E3%81%95%E3%82%93" n2="%74%61%6E%61%4B%61" n3="%E3%82%88%E3%81%97%E3%81%A0%E3%81%84%E3%81%9F%E3%82%8B" dan="18,16,18,17" rate="2230.54,2091.32,2217.81,2157.11" sx="M,M,M,M"/><TAIKYOKU oya="0"/><INIT seed="0,0,0,5,1,129" ten="250,250,250,250" oya="0" hai0="125,97,41,131,23,66,42,62,100,51,75,11,73" hai1="57,134,132,50,6,96,8,74,70,64,34,118,119" hai2="80,85,27,86,58,71,123,48,24,98,91,72,103" hai3="126,109,36,5,33,65,102,55,90,88,13,18,47"/><T116/><D116/><U111/><E74/><V60/><F72/><W45/><G109/><T28/><D131/><U104/><E34/><V61/><F123/><W101/><G33/><T127/><D73/><U9/><E111/><V0/><F0/><W56/><G126/><N who="0" m="48139" /><D75/><U113/><E113/><V15/><F15/><W120/><G5/><T114/><D114/><U81/><E81/><V54/><F86/><W14/><G65/><T21/><D11/><U95/><E104/><V128/><F128/><W87/><G120/><T76/><D76/><U7/><E70/><V25/><REACH who="2" step="1"/><F71/><REACH who="2" ten="250,250,240,250" step="2"/><W133/><G87/><T39/><D97/><U19/><E118/><V4/><F4/><W29/><G13/><T108/><D108/><U105/><E119/><V53/><F53/><W135/><G14/><T35/><D41/><U16/><E7/><V124/><F124/><W31/><G55/><T69/><D42/><U110/><E110/><V82/><F82/><W117/><G117/><T68/><D66/><U46/><E64/><V89/><F89/><W112/><G112/><T30/><D68/><U44/><E6/><V43/><F43/><W59/><G18/><T26/><D69/><U122/><E122/><V49/><F49/><W99/><G99/><T107/><D51/><U2/><E50/><V10/><F10/><W77/><G77/><T106/><D39/><AGARI ba="0,1" hai="29,31,36,39,45,47,56,59,88,90,101,102,133,135" machi="39" ten="25,8000,1" yaku="22,2,52,2,54,1" doraHai="129" who="3" fromWho="0" sc="250,-80,250,0,240,0,250,90" /><INIT seed="1,0,0,0,5,114" ten="170,250,240,340" oya="1" hai0="82,17,67,49,135,38,9,2,21,31,85,102,19" hai1="41,26,11,94,113,77,14,65,99,72,98,8,126" hai2="24,68,7,120,42,51,63,121,125,6,10,58,29" hai3="15,88,53,93,112,69,37,91,39,101,116,36,4"/><U89/><E113/><V122/><F125/><W16/><G112/><T130/><D38/><U103/><E126/><V33/><F68/><W133/><G133/><T40/><D135/><U97/><E41/><V47/><REACH who="2" step="1"/><F10/><REACH who="2" ten="170,250,230,340" step="2"/><W111/><G69/><T12/><D9/><U64/><E8/><V54/><AGARI ba="0,1" hai="6,7,24,29,33,42,47,51,54,58,63,120,121,122" machi="54" ten="30,4000,0" yaku="1,1,2,1,0,1,53,0" doraHai="114" doraHaiUra="83" who="2" fromWho="2" sc="170,-10,250,-20,230,50,340,-10" /><INIT seed="2,0,0,2,1,58" ten="160,230,280,330" oya="2" hai0="70,118,7,6,40,63,75,27,38,48,43,45,105" hai1="124,39,32,42,72,125,53,123,102,30,84,20,121" hai2="134,8,60,52,4,57,104,133,89,129,9,109,36" hai3="101,24,120,116,110,79,93,33,64,106,126,88,114"/><V0/><F36/><W11/><G116/><T74/><D118/><U17/><E72/><V122/><F122/><N who="1" m="46601" /><E102/><V50/><F104/><W130/><G11/><T34/><D105/><U31/><E84/><V59/><F129/><W18/><G18/><T131/><D131/><U25/><E53/><V99/><F8/><W100/><G24/><T46/><D75/><U103/><E103/><V44/><F109/><W92/><G33/><T112/><D112/><U56/><E56/><V62/><F59/><W1/><G1/><T77/><D77/><U12/><E42/><V80/><F60/><W54/><G54/><T71/><D74/><U95/><E95/><V81/><F99/><W94/><G64/><T97/><D97/><U85/><E85/><V65/><REACH who="2" step="1"/><F89/><REACH who="2" ten="160,230,270,330" step="2"/><W90/><G90/><T3/><D70/><U107/><E39/><V135/><AGARI ba="0,1" hai="0,4,9,44,50,52,57,62,65,80,81,133,134,135" machi="135" ten="30,18000,2" yaku="1,1,2,1,0,1,20,1,52,1,54,1,53,0" doraHai="58" doraHaiUra="111" who="2" fromWho="2" sc="160,-60,230,-60,270,190,330,-60" /><INIT seed="2,1,0,4,0,97" ten="100,170,460,270" oya="2" hai0="79,81,18,19,75,132,44,101,33,51,7,124,69" hai1="30,118,23,93,53,39,21,135,104,1,65,94,42" hai2="111,83,91,117,112,128,10,40,31,45,70,115,8" hai3="133,55,28,73,17,68,9,34,107,64,110,78,59"/><V15/><F117/><W103/><G110/><T89/><D69/><U108/><E104/><V90/><F70/><W86/><G133/><T96/><D132/><U29/><E1/><V122/><F122/><W2/><G73/><T22/><D33/><U98/><E53/><V80/><F31/><W43/><G43/><T54/><D124/><U63/><E135/><V66/><F66/><W131/><G86/><T0/><D89/><U109/><E118/><V52/><F40/><W123/><G78/><T92/><D0/><U116/><E116/><V11/><F15/><W120/><G131/><T61/><D7/><U106/><E106/><V58/><F45/><W130/><G130/><T114/><D114/><U26/><E23/><V25/><F25/><N who="3" m="18703" /><G55/><T38/><D38/><U49/><E49/><V129/><F111/><N who="1" m="42569" /><E30/><V71/><F71/><W99/><G59/><T4/><D4/><U12/><E12/><V6/><F6/><N who="3" m="1239" /><G17/><T46/><D61/><AGARI ba="1,0" hai="61,64,68,99,103,107,120,123" m="1239,18703" machi="61" ten="30,3900,0" yaku="25,1,23,1,52,1" doraHai="97" who="3" fromWho="0" sc="100,-42,170,0,460,0,270,42" /><INIT seed="3,0,0,4,5,76" ten="58,170,460,312" oya="3" hai0="97,25,117,88,112,75,1,37,51,124,92,13,110" hai1="60,35,52,72,68,23,118,70,21,7,18,87,105" hai2="44,78,131,115,47,22,99,79,67,53,94,101,39" hai3="84,62,11,66,20,133,129,90,119,128,113,63,41"/><W29/><G113/><T59/><D37/><U77/><E35/><V40/><F115/><W54/><G119/><T64/><D112/><U17/><E72/><V42/><F131/><N who="3" m="50251" /><G41/><T10/><D110/><U14/><E105/><V3/><F3/><W125/><G11/><T4/><D124/><U93/><E7/><V69/><F53/><W58/><G125/><T57/><D75/><U121/><E121/><V82/><F67/><W123/><G123/><T95/><D117/><U108/><E108/><V24/><F69/><W19/><G29/><T45/><D1/><U109/><E118/><V116/><F116/><W30/><G30/><T85/><D25/><U27/><E109/><V120/><F120/><W73/><G73/><T9/><D64/><U56/><REACH who="1" step="1"/><E93/><REACH who="1" ten="58,160,460,312" step="2"/><V122/><F122/><W135/><G135/><T33/><D33/><U8/><E8/><V86/><F78/><W49/><G133/><T65/><D10/><U36/><E36/><V107/><F107/><W34/><G34/><T81/><D92/><U55/><E55/><V89/><F39/><W103/><G66/><T61/><D65/><U31/><E31/><N who="2" m="17815" /><F79/><W46/><G46/><AGARI ba="0,1" hai="40,42,44,46,47,82,86,89,94,99,101" m="17815" machi="46" ten="30,2000,0" yaku="8,1,52,1" doraHai="76" who="2" fromWho="3" sc="58,0,160,0,460,30,312,-20" /><INIT seed="4,0,0,1,2,91" ten="58,160,490,292" oya="0" hai0="19,65,124,27,42,121,128,31,86,72,14,29,24" hai1="58,41,117,100,51,76,75,79,39,120,18,81,59" hai2="106,22,64,33,38,96,119,88,63,107,28,3,10" hai3="35,126,115,74,109,95,13,113,129,103,12,66,84"/><T108/><D72/><U116/><E120/><V15/><F38/><W4/><G109/><T98/><D121/><U61/><E79/><V62/><F33/><W93/><G74/><T123/><D123/><U53/><E100/><V97/><F3/><W68/><G35/><T83/><D108/><U60/><E60/><V90/><F22/><W118/><G118/><T32/><D124/><U40/><E18/><V133/><F28/><W94/><G103/><T104/><D128/><U52/><REACH who="1" step="1"/><E39/><REACH who="1" ten="58,150,490,292" step="2"/><V5/><F63/><N who="3" m="40031" /><G129/><T78/><D104/><U11/><E11/><V125/><F107/><W57/><G126/><T67/><D42/><AGARI ba="0,1" hai="40,41,42,51,52,53,58,59,61,75,76,81,116,117" machi="42" ten="40,2600,0" yaku="1,1,54,1,53,0" doraHai="91" doraHaiUra="23" who="1" fromWho="0" sc="58,-26,150,36,490,0,292,0" /><INIT seed="5,0,0,3,1,8" ten="32,186,490,292" oya="1" hai0="29,35,109,18,99,82,95,107,123,19,89,62,55" hai1="121,88,85,65,105,77,114,106,71,50,120,68,58" hai2="131,34,90,2,1,38,14,32,15,134,100,59,48" hai3="101,135,54,36,60,91,7,64,45,63,0,72,66"/><U61/><E77/><V70/><F70/><W20/><G72/><T22/><D109/><U5/><E114/><V128/><F38/><W78/><G78/><T12/><D123/><U49/><E5/><V56/><F100/><W113/><G101/><T6/><D107/><U129/><E129/><V42/><F90/><W33/><G33/><T124/><D124/><U47/><E71/><V92/><F92/><W53/><G20/><T116/><D116/><U83/><E68/><V39/><F39/><W75/><G91/><T81/><D35/><U46/><E106/><V115/><F48/><W26/><G26/><T52/><D29/><U40/><REACH who="1" step="1"/><E105/><REACH who="1" ten="32,176,490,292" step="2"/><V87/><F115/><W37/><G7/><T126/><D126/><U102/><E102/><V119/><F131/><W41/><G113/><T31/><D31/><U98/><E98/><V96/><F96/><W13/><G75/><T9/><D19/><U16/><E16/><V122/><F128/><W44/><G0/><T24/><REACH who="0" step="1"/><D55/><AGARI ba="0,1" hai="40,46,47,49,50,55,58,61,65,83,85,88,120,121" machi="55" ten="30,5800,0" yaku="1,1,7,1,54,1,53,0" doraHai="8" doraHaiUra="127" who="1" fromWho="0" sc="32,-58,176,68,490,0,292,0" owari="-26,-52.6,244,-15.6,490,59.0,292,9.2" /></mjloggm>