<mjloggm ver="2.3"><GO type="169" lobby="0"/><UN n0="%76%61%6C%6B%79%72%69%65" n1="%E3%81%98%E3%82%93%31%33" n2="%E3%81%8B%E3%81%B6%E8%8C%B6" n3="%E6%84%9A%E5%85%84%E3%81%8C%E6%84%9A%E5%BD%A2" dan="17,17,17,16" rate="2210.61,2238.41,2138.91,2120.28" sx="F,M,M,M"/><TAIKYOKU oya="0"/><INIT seed="0,0,0,3,0,4" ten="250,250,250,250" oya="0" hai0="83,66,62,36,98,80,95,94,89,88,75,30,32" hai1="35,28,65,92,43,96,15,126,130,61,47,81,21" hai2="63,34,114,0,19,11,103,69,109,55,135,26,9" hai3="73,101,76,20,50,123,67,49,51,5,113,91,2"/><T71/><D75/><U40/><E130/><V111/><F114/><W105/><G113/><T39/><D39/><U48/><E126/><V33/><F103/><W124/><G124/><T131/><D131/><U60/><E35/><N who="2" m="13323" /><F55/><W78/><G67/><T37/><D37/><U121/><E121/><V10/><F63/><W108/><G108/><N who="2" m="41545" /><F69/><W12/><G91/><T106/><D106/><U45/><E81/><V90/><F90/><W102/><G123/><T17/><D36/><U14/><E28/><V117/><F117/><W116/><G116/><T122/><D122/><U132/><E132/><V58/><F58/><W129/><G129/><T97/><REACH who="0" step="1"/><D17/><REACH who="0" ten="240,250,250,250" step="2"/><U57/><E60/><V3/><F135/><W82/><G105/><T77/><D77/><U18/><E61/><V52/><F52/><W119/><G76/><T100/><D100/><U133/><E133/><V54/><F54/><W24/><G119/><T23/><D23/><AGARI ba="0,1" hai="0,3,9,10,11,19,23,26" m="41545,13323" machi="23" ten="40,12000,2" yaku="14,1,34,2,52,3" doraHai="4" who="2" fromWho="0" sc="240,-120,250,0,250,130,250,0" /><INIT seed="1,0,0,2,3,58" ten="120,250,380,250" oya="1" hai0="4,13,60,113,104,110,47,90,45,7,21,49,97" hai1="72,135,36,98,83,134,93,95,73,101,28,30,55" hai2="19,118,127,23,132,39,107,11,3,17,117,5,120" hai3="2,78,86,82,33,94,38,77,80,31,12,75,122"/><U16/><E36/><V8/><F107/><W67/><G2/><T35/><D113/><U87/><E93/><V51/><F39/><W25/><G122/><T59/><D110/><U133/><E55/><V92/><F120/><W54/><G38/><T102/><D35/><U70/><E70/><V64/><F64/><W125/><G125/><T91/><D45/><U62/><E62/><V40/><F127/><W111/><G111/><T89/><D21/><U0/><E0/><V52/><F40/><W115/><G115/><T124/><D124/><U37/><E37/><V121/><F121/><W61/><G12/><T130/><D130/><U53/><E53/><V116/><F11/><W15/><G15/><T103/><D103/><U22/><E72/><V63/><F63/><W27/><G27/><T10/><D4/><U9/><E9/><V66/><F66/><W126/><G126/><T112/><D112/><U65/><E65/><V131/><F131/><W44/><G54/><T79/><D79/><U100/><E101/><V43/><F43/><W129/><G129/><T32/><D32/><U85/><E73/><V123/><F123/><W41/><G94/><T68/><D68/><U29/><REACH who="1" step="1"/><E83/><REACH who="1" ten="120,240,380,250" step="2"/><V128/><F128/><W96/><G67/><T6/><D102/><U84/><E84/><V56/><F92/><W105/><G61/><T106/><D60/><U18/><E18/><V99/><F19/><W88/><G41/><T109/><D10/><U26/><AGARI ba="0,1" hai="16,22,26,28,29,30,85,87,95,98,100,133,134,135" machi="26" ten="40,12000,1" yaku="1,1,0,1,20,1,54,1,53,1" doraHai="58" doraHaiUra="20" who="1" fromWho="1" sc="120,-40,240,130,380,-40,250,-40" /><INIT seed="1,1,0,3,1,35" ten="80,370,340,210" oya="1" hai0="118,54,31,92,42,48,14,68,9,133,18,116,29" hai1="15,105,38,64,104,80,126,107,10,43,84,93,122" hai2="115,98,124,30,131,51,113,128,19,74,73,102,0" hai3="13,123,6,127,59,135,4,106,134,44,28,33,47"/><U8/><E122/><V55/><F30/><W86/><G106/><T94/><D133/><U112/><E112/><N who="2" m="43083" /><F19/><W91/><G123/><T79/><D68/><U75/><E126/><V110/><F0/><W63/><G33/><T82/><D42/><U24/><E75/><N who="2" m="28683" /><F124/><W121/><G28/><T67/><D67/><U101/><E64/><V97/><F51/><W96/><G96/><T103/><D118/><U27/><E43/><V25/><F25/><W60/><G60/><T81/><D116/><U22/><E38/><V109/><F97/><W7/><G13/><T50/><D50/><U89/><E8/><V70/><F55/><N who="3" m="34303" /><G121/><T125/><D125/><U57/><E57/><V45/><F45/><W32/><G32/><T120/><D29/><U119/><E119/><V37/><F70/><W52/><G127/><T17/><D31/><U1/><E1/><V95/><F37/><W100/><G52/><T36/><D36/><U114/><E114/><V21/><F21/><W117/><G117/><T76/><D17/><U58/><E58/><V130/><AGARI ba="1,0" hai="95,98,102,109,110,128,130,131" m="28683,43083" machi="130" ten="40,8000,1" yaku="19,1,11,1,34,2" doraHai="35" who="2" fromWho="2" sc="80,-21,370,-41,340,83,210,-21" /><INIT seed="2,0,0,4,0,40" ten="59,329,423,189" oya="2" hai0="36,124,22,130,25,20,89,111,86,71,113,62,93" hai1="37,34,91,7,68,76,82,125,19,16,134,38,114" hai2="72,5,8,58,6,96,81,92,121,107,67,63,42" hai3="15,131,50,18,45,106,64,98,43,103,101,120,75"/><V53/><F121/><W61/><G131/><T27/><D113/><U112/><E34/><V59/><F107/><W127/><G127/><T29/><D130/><U11/><E125/><V108/><F108/><W97/><G75/><T21/><D124/><U123/><E68/><V117/><F117/><W55/><G120/><T88/><D111/><U104/><E123/><V57/><F42/><W102/><G43/><T85/><D36/><U94/><E104/><V74/><F5/><W44/><G44/><T69/><D62/><U30/><E30/><V1/><F81/><W56/><REACH who="3" step="1"/><G106/><REACH who="3" ten="59,329,423,179" step="2"/><T78/><D78/><U48/><E112/><V47/><F47/><W46/><G46/><T13/><D13/><U73/><E114/><V66/><F66/><W118/><G118/><T17/><REACH who="0" step="1"/><D20/><AGARI ba="0,1" hai="15,18,20,45,50,55,56,61,64,97,98,101,102,103" machi="20" ten="40,8000,1" yaku="1,1,8,1,52,1,53,1" doraHai="40" doraHaiUra="41" who="3" fromWho="0" sc="59,-80,329,0,423,0,179,90" owari="-21,-52.1,329,12.9,423,52.3,269,-13.1" /></mjloggm>