<mjloggm ver="2.3"><GO type="169" lobby="0"/><UN n0="%E3%81%8B%E3%81%9F%32%36%E3%82%8A" n1="%E3%81%8B%E3%82%8F%E3%81%97%E3%81%83" n2="%61%73%61%64%61%31%32" n3="%E6%96%B9%E5%86%86%E8%87%AA%E5%9C%A8" dan="16,16,17,17" rate="2093.01,2112.21,2183.35,2202.05" sx="M,M,M,M"/><TAIKYOKU oya="0"/><INIT seed="0,0,0,4,0,9" ten="250,250,250,250" oya="0" hai0="102,37,25,14,71,38,21,98,107,97,100,133,106" hai1="7,130,117,119,89,110,104,73,36,92,16,99,4" hai2="27,105,82,114,61,85,47,39,72,127,62,55,15" hai3="75,22,10,13,132,43,40,34,51,128,24,8,115"/><T11/><D133/><U45/><E73/><V23/><F72/><W134/><G115/><T68/><D21/><U88/><E110/><V48/><F127/><W78/><G34/><T42/><D25/><U63/><E104/><V120/><F120/><W12/><G128/><T19/><REACH who="0" step="1"/><D42/><REACH who="0" ten="240,250,250,250" step="2"/><U17/><E130/><V46/><F114/><W96/><G22/><T113/><D113/><U94/><E117/><V57/><F27/><W81/><G24/><T18/><D18/><N who="1" m="7275" /><E119/><V60/><F23/><W20/><G20/><T91/><D91/><U125/><E125/><V28/><F28/><W109/><G43/><T126/><D126/><U50/><E36/><AGARI ba="0,1" hai="11,14,19,36,37,38,68,71,97,98,100,102,106,107" machi="36" ten="40,12000,1" yaku="1,1,9,1,52,1,53,2" doraHai="9" doraHaiUra="103" who="0" fromWho="1" sc="240,130,250,-120,250,0,250,0" /><INIT seed="0,1,0,0,4,15" ten="370,130,250,250" oya="0" hai0="23,73,92,95,76,80,2,132,7,126,85,21,114" hai1="55,48,49,0,127,34,50,13,36,26,133,29,107" hai2="97,98,57,66,42,120,100,128,20,121,30,94,108" hai3="109,28,56,40,58,35,110,125,12,9,72,105,119"/><T124/><D114/><U91/><E36/><V112/><F112/><W38/><G105/><T84/><D2/><U134/><E0/><V77/><F128/><W101/><G101/><T8/><D132/><U123/><E107/><V43/><F108/><W22/><G35/><T135/><D135/><N who="1" m="51723" /><E123/><V70/><F70/><W79/><G119/><T44/><D44/><U87/><E127/><N who="0" m="48681" /><D8/><U64/><E64/><V41/><F98/><W83/><G125/><T5/><D73/><U31/><E31/><V131/><F77/><W86/><G72/><T4/><D80/><N who="1" m="49639" /><E13/><V78/><F78/><W118/><G118/><T10/><D10/><U11/><E11/><V51/><F131/><W93/><G93/><N who="0" m="35915" /><D76/><U54/><AGARI ba="1,0" hai="26,29,34,48,49,50,54,55" m="49639,51723" machi="54" ten="40,1500,0" yaku="20,1" doraHai="15" who="1" fromWho="1" sc="370,-8,130,18,250,-5,250,-5" /><INIT seed="1,0,0,5,1,100" ten="362,148,245,245" oya="1" hai0="106,115,47,76,18,28,9,69,82,55,77,52,38" hai1="65,73,98,1,30,125,0,92,31,35,17,45,7" hai2="71,117,67,48,14,112,89,19,94,131,124,24,22" hai3="107,134,75,42,26,57,21,34,74,4,126,53,50"/><U72/><E65/><V132/><F117/><W64/><G126/><T40/><D115/><U128/><E125/><V43/><F124/><W105/><G34/><T133/><D106/><U10/><E128/><V91/><F132/><W104/><G134/><T119/><D119/><U54/><E0/><V97/><F131/><W90/><G4/><T49/><D69/><U116/><E116/><V37/><F37/><W114/><G114/><T95/><D133/><U39/><E17/><V120/><F120/><W108/><G108/><T3/><D28/><U109/><E109/><V101/><F71/><W27/><G27/><T12/><D95/><U81/><E35/><V23/><F67/><W79/><G79/><T93/><D3/><U68/><E68/><V25/><F112/><W58/><G90/><N who="2" m="34313" /><F22/><W29/><REACH who="3" step="1"/><G42/><REACH who="3" ten="362,148,245,235" step="2"/><T80/><D76/><N who="1" m="44167" /><E73/><V51/><F43/><W2/><G2/><T41/><D41/><N who="1" m="22719" /><E54/><N who="0" m="20521" /><D77/><U56/><E56/><V33/><F33/><W8/><G8/><T5/><D5/><U70/><E70/><V16/><F25/><W15/><G15/><T66/><D66/><U62/><E62/><AGARI ba="0,1" hai="21,26,29,50,53,57,58,62,64,74,75,104,105,107" machi="62" ten="40,8000,1" yaku="1,1,52,3,53,0" doraHai="100" doraHaiUra="84" who="3" fromWho="1" sc="362,0,148,-80,245,0,235,90" /><INIT seed="2,0,0,1,3,117" ten="362,68,245,325" oya="2" hai0="99,23,49,29,126,17,94,107,10,48,35,131,43" hai1="111,88,36,96,91,132,129,90,70,53,59,12,76" hai2="55,62,97,77,103,115,75,95,22,0,28,46,24" hai3="133,2,57,114,14,64,54,86,125,26,120,74,124"/><V128/><F0/><W106/><G120/><T68/><D107/><U40/><E111/><V47/><F115/><W4/><G74/><T20/><D68/><U69/><E129/><V85/><F75/><W101/><G2/><T41/><D35/><U52/><E132/><V104/><F128/><W78/><G133/><T109/><D109/><U105/><E76/><V81/><F104/><W135/><G64/><T80/><D10/><U102/><E53/><V27/><F24/><W9/><G135/><T37/><D80/><U11/><E40/><N who="0" m="15433" /><D37/><U6/><REACH who="1" step="1"/><E36/><REACH who="1" ten="362,58,245,325" step="2"/><V73/><F73/><W87/><G78/><T58/><D131/><U38/><E38/><V118/><F118/><W60/><G114/><T44/><D126/><U65/><E65/><V127/><F127/><W119/><G124/><T66/><D66/><U67/><E67/><V56/><AGARI ba="0,1" hai="22,27,28,46,47,55,56,62,77,81,85,95,97,103" machi="56" ten="30,3000,0" yaku="0,1,8,1" doraHai="117" who="2" fromWho="2" sc="362,-10,58,-10,245,40,325,-10" /><INIT seed="2,1,0,1,1,60" ten="352,48,285,315" oya="2" hai0="38,84,48,71,18,88,14,73,61,15,10,40,92" hai1="26,75,116,28,57,4,106,127,105,85,110,76,45" hai2="94,112,131,96,41,19,35,34,115,125,134,21,63" hai3="97,8,25,104,109,24,82,81,50,11,77,117,130"/><V99/><F131/><W79/><G117/><T100/><D73/><U121/><E116/><V124/><F41/><W54/><G130/><T23/><D38/><U55/><E121/><V9/><F9/><W17/><G97/><N who="2" m="37449" /><F94/><W90/><G90/><T126/><D126/><N who="2" m="48746" /><F63/><W102/><G102/><T119/><D100/><U5/><E127/><V83/><F83/><N who="3" m="31755" /><G104/><T64/><D119/><U33/><E110/><V1/><F1/><W74/><G109/><T43/><REACH who="0" step="1"/><D48/><REACH who="0" ten="342,48,285,315" step="2"/><U37/><E75/><V58/><F134/><W62/><G50/><T59/><D59/><U13/><E76/><V31/><F58/><N who="3" m="35159" /><G74/><T103/><D103/><U52/><E85/><V80/><F80/><W114/><G79/><T107/><D107/><U46/><E105/><V39/><F39/><W56/><G77/><T133/><D133/><U89/><E106/><V36/><F36/><W53/><G56/><T135/><D135/><U86/><E37/><V108/><F108/><W67/><G114/><N who="2" m="43561" /><F31/><W29/><G29/><T16/><AGARI ba="1,1" hai="10,14,15,16,18,23,40,43,61,64,71,84,88,92" machi="16" ten="20,12000,2" yaku="1,1,0,1,7,1,52,1,54,2,53,1" doraHai="60" doraHaiUra="6" who="0" fromWho="0" sc="342,133,48,-31,285,-61,315,-31" /><INIT seed="3,0,0,0,2,50" ten="475,17,224,284" oya="3" hai0="65,36,26,15,51,62,110,125,67,21,83,82,29" hai1="116,33,61,103,75,56,133,57,85,93,102,96,37" hai2="24,94,28,114,22,100,40,19,18,84,70,54,42" hai3="30,0,43,78,97,63,35,95,74,59,127,34,118"/><W90/><G118/><T115/><D36/><U131/><E75/><V134/><F70/><W86/><G0/><T27/><D110/><U32/><E37/><V11/><F114/><W41/><G74/><T107/><D107/><U10/><E131/><V111/><F111/><W89/><G78/><T53/><D125/><U47/><E133/><V17/><F134/><W122/><G122/><T109/><D115/><U46/><E116/><V79/><F11/><W60/><G127/><T3/><D3/><U132/><E132/><V7/><F7/><W113/><G63/><T108/><D108/><U87/><E10/><V38/><F38/><W31/><G34/><T8/><D27/><U121/><E61/><V124/><F124/><W1/><G1/><T49/><D49/><U2/><E2/><V72/><F72/><W44/><G35/><T58/><D109/><U25/><E25/><V73/><F73/><W4/><G44/><N who="0" m="27879" /><D67/><U120/><E93/><V88/><F100/><W64/><G4/><AGARI ba="0,0" hai="4,8,15,21,26,29,58,62,65,82,83" m="27879" machi="4" ten="30,2000,0" yaku="8,1,52,1" doraHai="50" who="0" fromWho="3" sc="475,20,17,0,224,0,284,-20" /><INIT seed="4,0,0,4,3,69" ten="495,17,224,264" oya="0" hai0="103,64,25,7,116,67,46,62,52,73,39,14,133" hai1="106,128,41,100,93,114,108,68,55,2,53,118,48" hai2="89,40,31,90,72,70,5,104,125,111,91,16,36" hai3="21,75,115,129,88,6,96,76,27,45,120,35,124"/><T30/><D73/><U119/><E93/><V94/><F70/><W4/><G115/><T34/><D116/><U13/><E100/><V126/><F104/><W95/><G35/><T77/><D77/><U51/><E13/><V87/><F72/><W81/><G124/><N who="2" m="47721" /><F5/><W26/><G129/><T113/><D133/><U29/><E106/><V3/><F31/><W37/><G120/><T10/><D103/><U18/><E18/><V44/><F3/><W135/><G135/><T127/><D113/><U110/><E29/><V105/><F105/><W32/><G32/><T123/><D123/><U97/><E97/><V79/><F79/><W8/><G21/><T109/><D109/><U82/><E82/><V117/><F111/><W49/><G37/><T47/><D127/><U102/><E102/><V60/><F60/><W99/><G99/><T54/><D39/><U50/><E2/><V58/><F58/><W85/><G75/><T1/><D1/><U112/><E50/><V19/><F117/><W134/><G134/><T86/><D62/><U130/><E68/><V98/><F90/><W65/><G65/><T132/><D132/><U38/><E41/><V122/><F122/><W28/><G28/><T12/><D30/><U107/><E107/><V0/><F0/><W61/><G61/><T11/><D34/><U74/><E74/><V24/><F24/><N who="3" m="9259" /><G8/><T121/><D25/><U84/><E84/><V56/><F56/><W9/><G9/><T15/><D121/><U78/><E78/><V71/><F71/><W92/><G92/><AGARI ba="0,0" hai="16,19,36,40,44,87,89,91,92,94,98" m="47721" machi="92" ten="30,3900,0" yaku="18,1,52,1,54,1" doraHai="69" who="2" fromWho="3" sc="495,0,17,0,224,39,264,-39" /><INIT seed="5,0,0,0,2,80" ten="495,17,263,225" oya="1" hai0="130,75,20,10,61,79,115,117,134,92,42,100,102" hai1="25,1,78,7,73,56,104,39,128,51,91,116,108" hai2="12,87,6,40,113,114,97,22,65,63,21,38,5" hai3="94,85,76,106,23,0,131,64,84,19,57,8,43"/><U107/><E116/><V24/><F97/><W2/><G106/><T32/><D32/><U33/><E128/><V121/><F121/><W132/><G76/><T18/><D42/><U11/><E108/><V93/><F40/><W110/><G110/><T13/><D75/><U122/><E122/><V119/><F38/><W109/><G109/><T4/><D79/><U89/><E39/><V86/><F93/><W112/><G94/><T77/><D77/><U71/><E71/><V125/><F125/><W37/><G8/><T60/><D115/><N who="2" m="44042" /><F119/><W99/><G99/><T81/><D134/><U35/><E78/><V31/><F22/><W48/><G37/><T127/><D81/><U83/><E73/><V45/><F45/><N who="3" m="25663" /><G112/><T54/><D127/><U95/><E83/><V59/><F6/><W69/><G2/><T72/><D72/><U9/><E9/><AGARI ba="0,0" hai="5,9,12,21,24,31,59,63,65,86,87" m="44042" machi="9" ten="30,7700,0" yaku="15,1,11,1,52,2" doraHai="80" who="2" fromWho="1" sc="495,0,17,-77,263,77,225,0" owari="495,59.5,-60,-56.0,340,14.0,225,-17.5" /></mjloggm>