<mjloggm ver="2.3"><GO type="169" lobby="0"/><UN n0="%E6%84%9A%E5%85%84%E3%81%8C%E6%84%9A%E5%BD%A2" n1="%70%65%6E%74%6F%6C%61" n2="%73%79%6C%76%65%6F%6E" n3="%E3%81%A7%E3%82%93%E3%81%A4%E3%81%86" dan="16,18,16,18" rate="2080.49,2212.11,2178.31,2201.15" sx="M,M,M,M"/><TAIKYOKU oya="0"/><INIT seed="0,0,0,1,0,132" ten="250,250,250,250" oya="0" hai0="92,66,104,35,110,85,24,121,123,11,72,7,112" hai1="97,130,100,83,64,124,62,36,18,47,125,10,45" hai2="73,91,19,117,76,44,38,114,39,48,32,127,6" hai3="86,79,28,9,90,26,29,2,23,13,34,75,68"/><T54/><D112/><U51/><E130/><V106/><F114/><W108/><G68/><T17/><D104/><U15/><E36/><V80/><F106/><W59/><G108/><T126/><D72/><U12/><E83/><V87/><F32/><W52/><G79/><T31/><D66/><U88/><E15/><V77/><F117/><W67/><G75/><T37/><D37/><U3/><E3/><V21/><F6/><W107/><G107/><T101/><D54/><U99/><E100/><V55/><F77/><W57/><G2/><T113/><D113/><U98/><E88/><V5/><F5/><W56/><G67/><T71/><D71/><U30/><E30/><V82/><F127/><N who="1" m="48713" /><E51/><V58/><F39/><W95/><G29/><T43/><D101/><U120/><E120/><V41/><F38/><W25/><G25/><T40/><D126/><U96/><N who="1" m="24576" /><DORA hai="42" /><U4/><E4/><V134/><F80/><W65/><G65/><T8/><D7/><U84/><E84/><V33/><F73/><W133/><G28/><T122/><D31/><U135/><E135/><V53/><F134/><W49/><G49/><T16/><D85/><U22/><E10/><V74/><F74/><W129/><G9/><T61/><D11/><U27/><E27/><N who="2" m="14783" /><F76/><W115/><G133/><T109/><D8/><U94/><E94/><V102/><F102/><W1/><G1/><T131/><D121/><U20/><E20/><V81/><F81/><W70/><G95/><T93/><D92/><U69/><AGARI ba="0,0" hai="12,18,22,45,47,62,64,69" m="24576,48713" machi="69" ten="50,12000,2" yaku="18,1,52,5" doraHai="132,42" who="1" fromWho="1" sc="250,-60,250,120,250,-30,250,-30" /><INIT seed="1,0,0,5,0,134" ten="190,370,220,220" oya="1" hai0="58,84,116,31,120,13,54,103,55,125,6,73,65" hai1="129,117,15,132,22,127,112,121,98,131,52,26,97" hai2="104,108,5,94,37,78,126,49,18,17,123,71,4" hai3="44,24,99,56,85,35,118,79,82,20,43,74,110"/><U39/><E39/><V25/><F37/><W48/><G110/><T106/><D116/><U33/><E112/><V107/><F123/><W88/><G35/><T8/><D73/><U96/><E117/><V114/><F71/><W90/><G118/><T76/><D120/><U119/><E119/><V101/><F108/><W12/><G12/><T64/><D31/><U105/><E105/><V59/><F114/><W50/><G99/><T122/><D122/><U40/><E40/><V14/><F78/><W81/><G56/><T16/><D54/><U92/><E92/><V51/><F94/><W113/><G113/><T93/><D106/><U83/><E83/><V29/><F59/><W135/><G135/><T23/><D76/><U21/><E121/><V100/><F14/><W80/><G50/><T27/><D125/><U34/><E127/><V3/><F3/><W95/><REACH who="3" step="1"/><G90/><REACH who="3" ten="190,370,220,210" step="2"/><N who="0" m="53447" /><D103/><U89/><E132/><V61/><F61/><AGARI ba="0,1" hai="6,8,13,16,23,27,55,58,61,64,65" m="53447" machi="61" ten="30,2000,0" yaku="8,1,54,1" doraHai="134" who="0" fromWho="2" sc="190,30,370,0,220,-20,210,0" /><INIT seed="2,0,0,2,0,42" ten="220,370,200,210" oya="2" hai0="104,49,28,0,34,100,47,96,16,18,71,38,79" hai1="124,25,3,113,99,40,36,52,67,115,95,21,73" hai2="92,84,125,44,56,98,72,77,122,8,117,107,30" hai3="101,80,48,31,4,27,6,20,120,75,114,62,10"/><V32/><F117/><W33/><G120/><T35/><D0/><U5/><E73/><V59/><F122/><W7/><G114/><T39/><D71/><U15/><E3/><V66/><F125/><W51/><G101/><T127/><D79/><U85/><E67/><V55/><F107/><W2/><G62/><T11/><D127/><U88/><E124/><V29/><F72/><W74/><G74/><T54/><D28/><N who="2" m="10858" /><F32/><W22/><G22/><T130/><D130/><U93/><E40/><V134/><F134/><W64/><G64/><T17/><REACH who="0" step="1"/><D11/><REACH who="0" ten="210,370,200,210" step="2"/><U14/><E115/><V23/><F8/><W105/><G33/><AGARI ba="0,1" hai="16,17,18,33,34,35,38,39,47,49,54,96,100,104" machi="33" ten="40,8000,1" yaku="1,1,2,1,52,1,54,1,53,0" doraHai="42" doraHaiUra="65" who="0" fromWho="3" sc="210,90,370,0,200,0,210,-80" /><INIT seed="3,0,0,2,4,86" ten="300,370,200,130" oya="3" hai0="127,29,111,59,130,5,71,84,33,48,47,107,21" hai1="113,3,87,103,117,70,109,23,17,97,49,80,74" hai2="35,98,19,123,14,104,95,65,121,9,124,82,45" hai3="1,99,102,119,115,134,101,52,125,36,78,69,77"/><W30/><G115/><T11/><D107/><U10/><E113/><V66/><F104/><W13/><G119/><T73/><D73/><U89/><E70/><V60/><F35/><W132/><G1/><T28/><D71/><U108/><E117/><V72/><F124/><W37/><G69/><T110/><D130/><U53/><E74/><V96/><F45/><W62/><G30/><T91/><D59/><U135/><E3/><V90/><F60/><W46/><G125/><T122/><D33/><U27/><E10/><V133/><F133/><N who="3" m="51307" /><G13/><N who="0" m="5359" /><D21/><U8/><E8/><V120/><REACH who="2" step="1"/><F98/><REACH who="2" ten="300,370,190,130" step="2"/><W25/><G25/><T88/><D127/><U32/><E135/><V41/><F41/><N who="3" m="22823" /><G37/><T39/><D39/><U42/><E42/><V105/><F105/><N who="3" m="63679" /><G102/><T93/><D122/><U7/><E103/><V4/><F4/><W0/><G0/><T26/><D26/><U15/><E7/><V118/><F118/><W126/><G126/><T12/><D12/><U63/><E97/><V68/><F68/><W129/><G129/><T94/><D47/><U112/><E112/><V43/><F43/><W128/><G128/><T83/><D48/><U55/><E49/><V81/><F81/><W57/><AGARI ba="0,1" hai="52,57,62,77,78" m="63679,22823,51307" machi="57" ten="30,3000,0" yaku="20,1,54,1" doraHai="86" who="3" fromWho="3" sc="300,-10,370,-10,190,-10,130,40" /><INIT seed="3,1,0,4,0,0" ten="290,360,180,170" oya="3" hai0="108,128,53,122,26,126,72,129,112,66,78,29,132" hai1="68,123,20,42,19,97,84,54,58,50,33,18,15" hai2="6,131,9,25,27,124,98,71,89,28,114,8,7" hai3="60,107,118,12,14,95,86,23,70,35,90,75,65"/><W10/><G118/><T64/><D122/><U120/><E68/><V105/><F71/><W16/><G35/><T51/><D108/><U5/><E33/><V47/><F114/><W130/><G130/><N who="0" m="50283" /><D126/><U39/><E97/><V43/><F131/><W22/><G107/><T36/><D36/><U74/><E74/><V110/><F110/><W38/><G38/><T106/><D106/><U91/><E19/><V113/><F113/><W121/><G121/><T55/><D55/><U76/><E76/><V1/><F124/><W57/><G75/><T31/><D31/><U109/><E109/><V59/><F59/><W92/><G70/><T13/><D13/><U88/><E91/><V83/><F105/><W40/><G40/><T46/><D132/><U67/><E67/><V80/><F98/><W34/><G34/><N who="0" m="20791" /><D112/><U41/><E41/><V45/><F43/><W93/><REACH who="3" step="1"/><G22/><REACH who="3" ten="290,360,180,160" step="2"/><T101/><D72/><U77/><E42/><V30/><REACH who="2" step="1"/><F1/><REACH who="2" ten="290,360,170,160" step="2"/><W134/><G134/><T103/><D64/><U61/><E39/><V82/><F82/><W11/><G11/><T79/><D66/><U4/><E123/><V49/><F49/><W56/><G56/><T135/><D135/><U102/><E120/><V48/><F48/><W24/><G24/><T32/><D32/><U69/><E50/><V52/><F52/><W99/><G99/><T96/><D96/><U73/><E69/><V111/><F111/><W117/><G117/><T3/><D3/><U85/><E54/><V115/><F115/><W100/><G100/><AGARI ba="1,2" hai="46,51,53,78,79,100,101,103" m="20791,50283" machi="100" ten="30,1000,0" yaku="19,1" doraHai="0" who="0" fromWho="3" sc="290,33,360,0,170,0,160,-13" /><INIT seed="4,0,0,1,3,107" ten="323,360,170,147" oya="0" hai0="22,17,56,50,98,122,88,29,97,3,47,66,48" hai1="92,73,44,132,82,128,21,37,106,80,109,135,52" hai2="103,31,32,4,23,89,36,127,101,67,0,84,114" hai3="6,25,134,7,100,16,120,51,9,79,83,102,5"/><T24/><D122/><U119/><E106/><V94/><F36/><W108/><G108/><T96/><D3/><U95/><E119/><V55/><F32/><W125/><G120/><T12/><D66/><U11/><E109/><V62/><F114/><W68/><G68/><T91/><D56/><U87/><E128/><V113/><F113/><W64/><G125/><T116/><D50/><N who="1" m="28743" /><E37/><V49/><F127/><W19/><G134/><N who="1" m="51242" /><E21/><V133/><F133/><W81/><G64/><T60/><D60/><U93/><E11/><V86/><F0/><W14/><G51/><T2/><D2/><U76/><E82/><V34/><F34/><W45/><G45/><T118/><D118/><U104/><E104/><V42/><F42/><W71/><G71/><T131/><D131/><U61/><E61/><V90/><F23/><N who="3" m="13543" /><G83/><T59/><D59/><U105/><E105/><V111/><F111/><W18/><G18/><T33/><REACH who="0" step="1"/><D116/><REACH who="0" ten="313,360,170,147" step="2"/><U27/><E27/><V30/><F62/><W129/><G129/><T1/><D1/><U35/><E35/><V28/><F67/><W65/><G65/><T10/><D10/><U124/><E124/><V63/><F63/><W8/><G8/><T54/><AGARI ba="0,1" hai="12,17,22,24,29,33,47,48,54,88,91,96,97,98" machi="54" ten="30,11700,0" yaku="1,1,0,1,54,1,53,1" doraHai="107" doraHaiUra="15" who="0" fromWho="0" sc="313,127,360,-39,170,-39,147,-39" /><INIT seed="4,1,0,4,3,110" ten="440,321,131,108" oya="0" hai0="34,73,23,2,24,124,132,13,114,90,62,28,129" hai1="72,10,86,20,48,16,94,133,26,112,32,4,51" hai2="39,35,128,57,6,95,121,104,103,1,76,130,53" hai3="69,81,9,3,46,27,109,15,12,68,80,65,59"/><T8/><D73/><U87/><E72/><V67/><F121/><W43/><G109/><T79/><D79/><U77/><E133/><V40/><F104/><W66/><G3/><T105/><D105/><U100/><E32/><V126/><F35/><W115/><G27/><T41/><D41/><U125/><E125/><V58/><F126/><W29/><G59/><T38/><D38/><U74/><E74/><V7/><F76/><W56/><G56/><T22/><D124/><U119/><E119/><V120/><F120/><W63/><G29/><T55/><D129/><U19/><E19/><V49/><F103/><W70/><G70/><T14/><D2/><U36/><E36/><V83/><F95/><W113/><G46/><T30/><D90/><U82/><E112/><N who="3" m="43082" /><G43/><T135/><D114/><U89/><E100/><V61/><F1/><AGARI ba="1,0" hai="1,4,10,16,20,26,48,51,77,82,86,87,89,94" machi="1" ten="30,2000,0" yaku="7,1,54,1" doraHai="110" who="1" fromWho="2" sc="440,0,321,23,131,-23,108,0" /><INIT seed="5,0,0,3,5,71" ten="440,344,108,108" oya="1" hai0="77,74,17,95,69,42,50,68,120,130,38,84,91" hai1="114,113,64,24,58,100,30,4,81,108,106,66,126" hai2="28,87,131,129,11,53,55,65,20,93,88,112,119" hai3="6,128,72,99,29,80,92,36,82,46,37,135,125"/><U121/><E121/><V97/><F119/><W33/><G125/><T54/><D130/><N who="2" m="49674" /><F65/><W22/><G33/><T110/><D110/><U118/><E118/><V21/><F112/><W34/><G34/><T31/><D31/><U63/><E126/><V32/><F11/><W43/><G128/><T1/><D1/><U49/><E4/><V115/><F115/><N who="1" m="44041" /><E81/><N who="2" m="49263" /><F32/><W90/><G135/><T19/><D120/><U109/><E66/><V12/><F12/><W26/><G72/><T123/><D123/><U25/><E49/><V124/><F124/><W40/><G6/><T13/><D68/><U23/><E25/><N who="2" m="16423" /><F21/><W56/><G56/><T105/><D69/><U103/><E106/><V44/><F44/><AGARI ba="0,0" hai="22,26,29,36,37,40,43,44,46,80,82,90,92,99" machi="44" ten="40,5200,0" yaku="9,1,52,2" doraHai="71" who="3" fromWho="2" sc="440,0,344,0,108,-52,108,52" /><INIT seed="6,0,0,5,2,9" ten="440,344,56,160" oya="2" hai0="125,93,42,55,63,73,133,21,23,94,66,121,101" hai1="104,96,83,72,116,135,106,27,50,91,10,30,98" hai2="16,62,61,25,14,78,60,132,126,36,122,87,120" hai3="26,7,56,77,99,79,111,57,8,97,33,44,22"/><V34/><F36/><W31/><G111/><T115/><D115/><U119/><E135/><V92/><F132/><W130/><G33/><T24/><D125/><U105/><E50/><V65/><F126/><W117/><G117/><T6/><D73/><U124/><E124/><V19/><F65/><W134/><G130/><T110/><D110/><U76/><E10/><V67/><F67/><W39/><G134/><T127/><D121/><U113/><E113/><V35/><F35/><W46/><G97/><T48/><D42/><U75/><E27/><V15/><F120/><W85/><G99/><N who="1" m="37930" /><E30/><V47/><F122/><W129/><G129/><T70/><D101/><U1/><E1/><V86/><F34/><W68/><G68/><T128/><D128/><U81/><E91/><N who="2" m="53367" /><F25/><W2/><G39/><T49/><D24/><U108/><E108/><V29/><F29/><W74/><G74/><N who="1" m="28202" /><E76/><V59/><F47/><W100/><G79/><T114/><D114/><U40/><E40/><V112/><F112/><W54/><G100/><T43/><D43/><U90/><E90/><V41/><F41/><W0/><G0/><T32/><D32/><U84/><E84/><V71/><F71/><W17/><G31/><T102/><D70/><U18/><E18/><N who="2" m="6699" /><F59/><N who="3" m="22603" /><G54/><T52/><D55/><U53/><E53/><V89/><F78/><W12/><G2/><T103/><D127/><U131/><E131/><V28/><F28/><W123/><G123/><T4/><D66/><U20/><E20/><V64/><F64/><W45/><G77/><T11/><D133/><U13/><E119/><V58/><F58/><RYUUKYOKU ba="0,0" sc="440,-15,344,-15,56,15,160,15" hai2="14,15,60,61,62,87,89" hai3="7,8,12,17,22,26,44,45,46,85" /><INIT seed="6,1,0,5,5,74" ten="425,329,71,175" oya="2" hai0="12,82,134,59,7,69,70,87,117,96,53,41,63" hai1="120,21,91,27,79,124,38,3,11,80,45,128,71" hai2="40,39,111,86,107,99,135,67,76,0,112,127,22" hai3="35,130,101,109,81,115,133,15,37,29,122,9,46"/><V52/><F0/><W8/><G109/><T48/><D134/><U119/><E71/><V100/><F67/><W88/><G122/><T57/><D96/><U6/><E119/><V30/><F39/><W62/><G115/><T20/><D117/><U121/><E91/><V126/><F40/><W78/><G101/><T92/><D92/><U90/><E90/><V104/><F112/><W131/><G133/><T77/><D41/><N who="1" m="22711" /><E124/><N who="2" m="47659" /><F135/><W113/><G113/><T14/><D14/><U25/><E128/><N who="3" m="49194" /><G88/><T83/><D83/><U73/><E21/><V84/><F111/><W18/><G62/><T33/><D33/><U132/><E132/><V66/><F66/><W95/><G95/><T89/><D89/><U43/><E43/><V94/><F52/><W114/><G114/><T44/><D44/><U13/><E13/><V34/><F34/><W5/><G46/><T54/><D20/><U58/><E58/><V118/><F118/><W98/><G98/><T110/><D110/><U61/><E61/><V42/><F42/><W50/><G50/><T2/><D2/><U64/><E64/><V102/><F102/><W16/><G37/><T47/><D47/><U56/><E56/><V125/><N who="2" m="47667" /><V32/><DORA hai="103" /><F32/><W31/><G35/><T24/><D69/><U55/><E55/><V75/><F75/><N who="3" m="43231" /><G18/><T105/><D70/><U129/><E129/><V23/><F30/><W60/><G60/><T97/><D63/><U51/><E51/><V17/><F17/><W93/><G93/><T108/><D108/><U36/><E36/><V85/><F76/><W1/><AGARI ba="1,0" hai="1,5,8,9,15,16,29,31" m="43231,49194" machi="1" ten="30,7900,0" yaku="5,1,19,1,52,1,54,1" doraHai="74,103" who="3" fromWho="3" sc="425,-21,329,-21,71,-40,175,82" /><INIT seed="7,0,0,1,1,121" ten="404,308,31,257" oya="3" hai0="129,66,43,130,123,5,39,16,20,133,115,38,82" hai1="8,32,53,40,7,46,52,34,105,49,83,51,119" hai2="77,109,4,47,128,61,87,132,48,135,107,58,6" hai3="94,69,0,70,12,118,30,75,110,112,42,14,21"/><W2/><G75/><T65/><D123/><U78/><E105/><V27/><F107/><W62/><G42/><T113/><D5/><U79/><E119/><V117/><F117/><W96/><G118/><T100/><D100/><U103/><E103/><V93/><F128/><N who="0" m="49258" /><D82/><U15/><E78/><V74/><F74/><W126/><G112/><N who="0" m="43083" /><D133/><U120/><E120/><V80/><F27/><W131/><G126/><T57/><D57/><U114/><E114/><V116/><F116/><W29/><G131/><T3/><D3/><U19/><E19/><V41/><F109/><W86/><G86/><T127/><D127/><U9/><E9/><V35/><F93/><W124/><G124/><T92/><D92/><U125/><E125/><V84/><F84/><W44/><G44/><N who="0" m="23671" /><D39/><U17/><E7/><V22/><F35/><W101/><G110/><T23/><D23/><U56/><REACH who="1" step="1"/><E40/><REACH who="1" ten="404,298,31,257" step="2"/><V63/><F6/><W71/><G62/><T1/><D1/><U85/><AGARI ba="0,1" hai="8,15,17,32,34,46,49,51,52,53,56,79,83,85" machi="85" ten="20,12000,2" yaku="1,1,2,1,0,1,7,1,54,1,53,2" doraHai="121" doraHaiUra="45" who="1" fromWho="1" sc="404,-30,298,130,31,-30,257,-60" owari="374,17.4,428,52.8,1,-49.9,197,-20.3" /></mjloggm>