<mjloggm ver="2.3"><GO type="169" lobby="0"/><UN n0="%E3%81%A8%E3%81%A3%E3%81%A8%E3%83%BC" n1="%6D%65%67%75%72%75%32" n2="%E4%BA%BA%E7%8B%BC" n3="%E3%83%AC%E3%82%AA%E3%83%B3%E3%83%8F%E3%83%AB%E3%83%88" dan="16,16,16,17" rate="2093.17,2093.95,2055.58,2158.15" sx="M,M,M,M"/><TAIKYOKU oya="0"/><INIT seed="0,0,0,4,0,123" ten="250,250,250,250" oya="0" hai0="18,40,3,113,118,89,70,62,91,39,101,128,96" hai1="121,98,100,114,126,132,69,112,57,10,67,30,60" hai2="45,49,97,77,31,64,78,72,130,0,11,79,36" hai3="134,48,27,117,59,58,63,107,110,76,124,115,53"/><T41/><D113/><N who="1" m="43627" /><E121/><V131/><F72/><W88/><G115/><T12/><D118/><U15/><E132/><V125/><F125/><W111/><G117/><T116/><D116/><U34/><E126/><V35/><F64/><W135/><G124/><T42/><D3/><U2/><E2/><V86/><F97/><W56/><G107/><T90/><D128/><N who="2" m="49194" /><F36/><W7/><G76/><T32/><D32/><U22/><E22/><V127/><F127/><W13/><G88/><T19/><D39/><U106/><E15/><V51/><F51/><W17/><G7/><T52/><D12/><U85/><E85/><V1/><F11/><N who="3" m="6335" /><G27/><T23/><D23/><U66/><E10/><V50/><F86/><W5/><G5/><T84/><D84/><U95/><E67/><V38/><F49/><W6/><G6/><T81/><D81/><U94/><E57/><N who="3" m="22122" /><G48/><T26/><D26/><AGARI ba="0,0" hai="26,30,34,60,66,69,94,95,98,100,106" m="43627" machi="26" ten="30,2000,0" yaku="25,1,11,1" doraHai="123" who="1" fromWho="0" sc="250,-20,250,20,250,0,250,0" /><INIT seed="1,0,0,4,1,73" ten="230,270,250,250" oya="1" hai0="79,125,111,5,72,112,95,55,20,117,131,4,64" hai1="16,98,86,100,19,14,39,9,11,53,70,69,47" hai2="119,36,10,13,54,25,32,18,51,115,40,128,24" hai3="43,92,109,0,71,80,74,133,15,110,1,33,123"/><U124/><E124/><V28/><F119/><W65/><G123/><T42/><D112/><U49/><E39/><V66/><F128/><W121/><G121/><T107/><D117/><U6/><E86/><V99/><F115/><W12/><G33/><T50/><D107/><U63/><E63/><V38/><F40/><W116/><G116/><T31/><D125/><U68/><REACH who="1" step="1"/><E11/><REACH who="1" ten="230,260,250,250" step="2"/><V37/><F38/><W90/><G74/><T91/><D72/><U61/><E61/><V59/><F36/><W2/><G133/><T44/><D131/><U105/><AGARI ba="0,1" hai="6,9,14,16,19,47,49,53,68,69,70,98,100,105" machi="105" ten="30,6000,0" yaku="1,1,0,1,54,1,53,0" doraHai="73" doraHaiUra="134" who="1" fromWho="1" sc="230,-20,260,70,250,-20,250,-20" /><INIT seed="1,1,0,0,5,65" ten="210,330,230,230" oya="1" hai0="63,64,20,81,45,80,109,62,76,105,90,60,22" hai1="6,131,100,122,106,1,94,58,88,29,73,132,52" hai2="101,44,114,95,102,50,9,118,0,16,21,24,89" hai3="119,84,47,124,27,42,25,93,82,35,31,55,12"/><U30/><E122/><V110/><F110/><W129/><G129/><T7/><D105/><U71/><E71/><V133/><F133/><W126/><G119/><T92/><D109/><U41/><E73/><V49/><F118/><W43/><G55/><T128/><D128/><U68/><E68/><V19/><F114/><W53/><G53/><T10/><D64/><U39/><E131/><V59/><F59/><W11/><G93/><T97/><D45/><U26/><E132/><V135/><F135/><W36/><G27/><T66/><D66/><U34/><E100/><V70/><F70/><W2/><G2/><T67/><D67/><U116/><E30/><V33/><F33/><W3/><G3/><T17/><D17/><U121/><E121/><V75/><F75/><W56/><G56/><T18/><D18/><U111/><E106/><V87/><F49/><W28/><G42/><T15/><REACH who="0" step="1"/><D81/><REACH who="0" ten="200,330,230,230" step="2"/><U127/><E111/><V120/><F120/><W103/><G47/><T83/><D83/><U79/><E116/><V37/><F37/><W115/><G82/><T104/><D104/><U96/><E79/><V38/><F38/><W123/><G36/><T77/><D77/><U46/><E127/><V48/><F48/><W108/><G126/><T85/><AGARI ba="1,1" hai="7,10,15,20,22,60,62,63,76,80,85,90,92,97" machi="85" ten="30,4000,0" yaku="1,1,0,1,8,1,53,0" doraHai="65" doraHaiUra="54" who="0" fromWho="0" sc="200,53,330,-21,230,-11,230,-11" /><INIT seed="2,0,0,2,5,43" ten="253,309,219,219" oya="2" hai0="99,1,81,74,111,38,135,79,126,80,118,21,90" hai1="57,4,108,72,31,105,0,55,114,101,16,93,27" hai2="69,64,6,2,102,130,84,131,71,86,75,129,40" hai3="122,113,46,51,7,76,11,58,56,68,14,52,85"/><V133/><F75/><W103/><G122/><T62/><D111/><U42/><E114/><V123/><F123/><W18/><G68/><T117/><D1/><U44/><E105/><V107/><F133/><W53/><G113/><T91/><D38/><U125/><E72/><V98/><F64/><W67/><G103/><T120/><D120/><U97/><E108/><V45/><F6/><W17/><G67/><T36/><D36/><U8/><E125/><V77/><F2/><W83/><G58/><T3/><D62/><AGARI ba="0,0" hai="7,11,14,17,18,46,51,52,53,56,62,76,83,85" machi="62" ten="30,7700,0" yaku="7,1,8,1,52,1,54,1" doraHai="43" who="3" fromWho="0" sc="253,-77,309,0,219,0,219,77" /><INIT seed="3,0,0,2,3,81" ten="176,309,219,296" oya="3" hai0="97,24,73,59,60,20,2,133,10,51,5,29,36" hai1="33,123,7,131,109,61,92,79,87,26,54,3,117" hai2="57,27,15,40,49,55,75,101,111,99,110,121,86" hai3="18,47,95,30,85,94,103,102,127,34,0,42,78"/><W128/><G0/><T37/><D133/><U63/><E123/><V48/><F75/><W35/><G128/><T104/><D73/><U39/><E39/><V66/><F121/><W125/><G18/><T21/><D104/><U67/><E131/><V52/><F40/><W76/><G42/><T69/><D69/><U126/><E109/><N who="2" m="41483" /><F15/><W8/><G47/><T106/><D51/><U32/><E126/><V17/><F17/><W82/><G8/><T23/><D106/><U53/><E7/><V80/><F27/><W118/><G30/><T74/><D74/><U43/><E3/><V22/><F22/><W50/><G50/><N who="2" m="19561" /><F57/><W46/><G46/><T41/><D41/><U90/><E43/><V114/><F66/><W98/><G118/><T13/><D2/><U70/><E117/><V88/><F114/><W96/><REACH who="3" step="1"/><G76/><REACH who="3" ten="176,309,219,286" step="2"/><T107/><D37/><U100/><E79/><V1/><F1/><W62/><G62/><T68/><D36/><U105/><E63/><V89/><F89/><W119/><G119/><T31/><D31/><N who="1" m="19575" /><E33/><AGARI ba="0,1" hai="33,34,35,78,82,85,94,95,96,98,102,103,125,127" machi="33" ten="40,18000,2" yaku="1,1,9,1,52,1,53,3" doraHai="81" doraHaiUra="28" who="3" fromWho="1" sc="176,0,309,-180,219,0,286,190" /><INIT seed="3,1,0,3,0,17" ten="176,129,219,476" oya="3" hai0="84,105,16,39,6,85,2,102,38,72,114,95,109" hai1="108,26,124,103,61,128,112,101,20,96,99,81,121" hai2="131,110,127,118,69,135,8,106,115,119,12,4,132" hai3="33,100,130,50,90,29,73,35,25,3,98,45,64"/><W14/><G130/><T80/><D114/><U31/><E112/><V48/><F106/><W122/><G3/><T5/><D109/><U47/><E121/><V133/><F69/><W116/><G116/><T27/><D105/><U71/><E108/><V13/><F48/><W55/><G122/><T44/><D72/><U15/><E128/><V10/><F115/><W129/><G129/><T117/><D117/><N who="2" m="44554" /><F131/><W46/><G73/><T32/><D32/><U87/><E124/><V57/><F57/><W41/><G64/><T68/><D68/><U40/><E61/><V88/><F88/><W36/><G14/><T126/><D2/><U43/><E15/><V82/><F82/><W79/><G90/><T21/><D126/><U62/><E62/><V67/><F67/><W51/><G79/><T24/><D102/><U125/><E125/><V52/><F52/><W28/><G29/><T97/><D80/><U18/><E71/><V93/><F93/><W30/><G28/><T113/><D95/><N who="1" m="58527" /><E31/><V111/><F127/><W58/><G35/><T63/><D113/><U60/><E60/><V104/><F104/><W76/><G76/><T75/><D63/><U91/><E47/><V77/><F77/><W0/><G0/><T70/><D70/><U74/><E74/><V78/><F78/><W123/><G123/><T49/><D75/><U120/><E120/><V42/><F42/><W54/><G100/><T94/><D94/><AGARI ba="1,0" hai="18,20,26,40,43,81,87,91,94,99,103" m="58527" machi="94" ten="30,2000,0" yaku="8,1,52,1" doraHai="17" who="1" fromWho="0" sc="176,-23,129,23,219,0,476,0" /><INIT seed="4,0,0,1,0,84" ten="153,152,219,476" oya="0" hai0="76,34,112,27,42,59,85,82,118,111,51,128,115" hai1="108,1,117,32,20,18,80,72,29,120,101,67,135" hai2="113,105,104,64,7,63,40,96,10,87,15,30,12" hai3="69,66,88,43,95,47,74,22,100,2,49,21,92"/><T57/><D118/><U90/><E108/><V83/><F113/><N who="0" m="43594" /><D111/><U65/><E117/><V97/><F104/><W46/><G74/><T93/><D128/><U35/><E120/><V33/><F105/><W107/><G2/><T131/><D131/><U3/><E101/><V106/><F106/><W60/><G107/><T53/><D93/><U121/><E121/><V70/><F15/><W4/><G4/><T26/><D42/><U71/><E135/><V13/><F13/><W75/><G75/><T31/><D26/><U91/><E72/><V36/><F36/><W98/><G47/><AGARI ba="0,0" hai="27,31,34,47,51,53,57,59,76,82,85" m="43594" machi="47" ten="30,1500,0" yaku="15,1" doraHai="84" who="0" fromWho="3" sc="153,15,152,0,219,0,476,-15" /><INIT seed="4,1,0,1,3,57" ten="168,152,219,461" oya="0" hai0="113,83,48,77,89,19,51,18,132,27,126,93,104" hai1="63,50,53,7,92,1,54,26,116,13,86,17,41" hai2="80,99,4,46,101,55,21,79,40,20,33,0,6" hai3="98,16,127,68,56,39,9,5,76,12,100,130,114"/><T60/><D113/><U131/><E116/><V11/><F33/><W70/><G39/><T72/><D132/><U32/><E131/><V36/><F55/><W43/><G43/><T78/><D78/><U123/><E123/><V31/><F31/><W88/><G76/><T30/><D104/><U38/><E38/><V28/><F28/><W109/><G109/><T14/><D126/><U134/><E134/><V108/><F108/><W103/><G130/><T69/><D48/><U62/><E1/><V65/><F65/><W8/><G114/><T84/><D51/><U45/><E7/><V102/><F6/><W122/><G127/><T94/><D93/><U135/><E26/><V118/><F102/><W121/><G56/><T34/><REACH who="0" step="1"/><D14/><REACH who="0" ten="158,152,219,461" step="2"/><U112/><E112/><V119/><F118/><W10/><G12/><T66/><AGARI ba="1,1" hai="18,19,27,30,34,60,66,69,72,77,83,84,89,94" machi="66" ten="30,12000,1" yaku="1,1,2,1,0,1,52,1,53,1" doraHai="57" doraHaiUra="74" who="0" fromWho="0" sc="158,133,152,-41,219,-41,461,-41" /><INIT seed="4,2,0,4,1,41" ten="291,111,178,420" oya="0" hai0="30,93,81,21,129,42,82,3,9,126,32,111,34" hai1="119,120,71,10,70,130,77,0,58,14,11,13,125" hai2="49,97,84,28,91,64,45,48,116,131,86,99,122" hai3="20,87,69,132,18,35,118,107,31,27,22,124,57"/><T33/><D111/><U23/><E120/><V121/><F131/><W44/><G69/><T6/><D129/><U101/><E130/><V123/><F116/><W37/><G107/><T78/><D126/><U83/><E119/><V46/><F28/><W5/><G118/><T134/><D134/><U95/><E0/><V7/><F7/><W1/><G124/><T94/><D82/><U98/><E125/><V74/><F74/><W113/><G113/><T73/><D30/><U80/><E58/><V24/><F24/><W38/><G132/><T72/><D72/><U52/><E23/><V55/><F64/><W92/><G57/><T43/><D21/><U68/><E83/><V96/><REACH who="2" step="1"/><F91/><REACH who="2" ten="291,111,168,420" step="2"/><W110/><G5/><T54/><D32/><U105/><E105/><V85/><F85/><W106/><G87/><T26/><D26/><U108/><E108/><V53/><AGARI ba="2,1" hai="45,46,48,49,53,55,84,86,96,97,99,121,122,123" machi="53" ten="40,8000,1" yaku="1,1,0,1,9,1,52,2,53,0" doraHai="41" doraHaiUra="19" who="2" fromWho="2" sc="291,-42,111,-22,168,96,420,-22" /><INIT seed="5,0,0,5,0,6" ten="249,89,264,398" oya="1" hai0="134,34,93,53,126,71,8,121,22,0,61,33,57" hai1="125,7,98,105,70,103,3,30,62,113,119,112,58" hai2="59,82,128,23,2,43,90,123,38,86,133,129,15" hai3="13,76,88,49,24,35,41,29,20,84,85,127,91"/><U31/><E70/><V18/><F123/><W16/><G127/><T106/><D106/><U67/><E119/><V95/><F133/><W83/><G85/><T111/><D111/><U78/><E78/><V124/><F124/><W72/><G72/><T96/><D134/><U109/><E125/><V89/><F59/><W19/><G19/><T21/><D121/><U26/><E109/><V81/><F2/><W130/><G130/><N who="2" m="50281" /><F90/><W40/><G40/><T79/><D71/><U10/><REACH who="1" step="1"/><E31/><REACH who="1" ten="249,79,264,398" step="2"/><V42/><F38/><W108/><G108/><T28/><D79/><U36/><E36/><V56/><F56/><W45/><AGARI ba="0,1" hai="13,16,20,24,29,35,41,45,49,76,83,84,88,91" machi="45" ten="30,4000,0" yaku="0,1,54,2" doraHai="6" who="3" fromWho="3" sc="249,-10,79,-20,264,-10,398,50" /><INIT seed="6,0,0,0,1,133" ten="239,59,254,448" oya="2" hai0="92,57,58,79,29,28,52,27,51,41,69,100,65" hai1="53,78,20,19,131,44,93,9,119,94,37,88,47" hai2="14,46,114,45,40,33,55,98,64,8,0,89,118" hai3="22,109,10,49,71,62,87,31,59,97,21,91,128"/><V34/><F118/><W117/><G117/><T12/><D69/><U85/><E119/><V115/><F0/><W120/><G109/><T1/><D1/><U4/><E131/><V67/><F55/><W30/><G120/><T13/><D79/><U132/><E132/><V102/><F89/><W23/><G71/><T84/><D41/><U111/><E111/><V17/><F64/><W3/><G128/><T24/><D24/><U75/><E53/><V104/><F67/><W70/><G70/><T110/><D110/><U61/><E61/><V35/><REACH who="2" step="1"/><F46/><REACH who="2" ten="239,59,244,448" step="2"/><W105/><G91/><N who="0" m="53351" /><D65/><U42/><E47/><V116/><F116/><W135/><G3/><T106/><D58/><U124/><E78/><V125/><F125/><W74/><G59/><T103/><D103/><U134/><E134/><V68/><F68/><W50/><G135/><T86/><D100/><U60/><E60/><V112/><F112/><W16/><G62/><T56/><D56/><U82/><E75/><V32/><N who="2" m="8192" /><DORA hai="54" /><V63/><F63/><W96/><G31/><T113/><D28/><U95/><E124/><V81/><F81/><W25/><G30/><T99/><D29/><U129/><E129/><V39/><AGARI ba="0,1" hai="8,14,17,39,40,45,98,102,104,114,115" m="8192" machi="39" ten="60,6000,0" yaku="1,1,0,1,53,0" doraHai="133,54" doraHaiUra="26,73" who="2" fromWho="2" sc="239,-20,59,-20,244,70,448,-20" /><INIT seed="6,1,0,0,1,60" ten="219,39,314,428" oya="2" hai0="13,26,99,2,44,29,41,9,1,85,106,45,90" hai1="61,72,10,95,0,113,47,25,121,111,62,23,129" hai2="39,97,30,92,76,53,34,46,55,32,135,19,68" hai3="96,91,108,100,40,122,79,117,81,114,48,7,63"/><V22/><F135/><W70/><G108/><T77/><D45/><U27/><E111/><V89/><F68/><W42/><G117/><T4/><D106/><U83/><E95/><V54/><F30/><W115/><G122/><T50/><D99/><U20/><E47/><V5/><F5/><W12/><G91/><T35/><REACH who="0" step="1"/><D90/><REACH who="0" ten="209,39,314,428" step="2"/><U127/><E121/><V71/><F71/><W8/><G96/><T132/><D132/><U80/><E113/><V119/><F119/><W82/><G70/><T57/><D57/><U58/><E58/><V133/><F133/><W65/><G114/><T120/><D120/><U43/><E43/><V14/><REACH who="2" step="1"/><F76/><REACH who="2" ten="209,39,304,428" step="2"/><W128/><G79/><T131/><D131/><U110/><E129/><V134/><F134/><W73/><G128/><T59/><D59/><U107/><E110/><V98/><F98/><W104/><G115/><T105/><D105/><U15/><E107/><V88/><F88/><W109/><G104/><T51/><D51/><U11/><E127/><V16/><F16/><W124/><G48/><T3/><D3/><U31/><E0/><V56/><F56/><W69/><G124/><T74/><D74/><U38/><E72/><V118/><F118/><W66/><G109/><T21/><D21/><U87/><E23/><V52/><N who="2" m="13312" /><DORA hai="78" /><V116/><F116/><W49/><G73/><T130/><D130/><U102/><E20/><V28/><F28/><W17/><G69/><T64/><D64/><U126/><E31/><V37/><F37/><W36/><G36/><T6/><D6/><U67/><E38/><V112/><F112/><RYUUKYOKU ba="1,2" sc="209,15,39,-15,304,15,428,-15" hai0="1,2,4,9,13,26,29,35,41,44,50,77,85" hai2="14,19,22,32,34,39,46,89,92,97" /><INIT seed="6,2,2,5,4,89" ten="224,24,319,413" oya="2" hai0="11,119,8,36,58,7,81,26,85,47,65,110,80" hai1="92,91,16,27,121,87,10,0,98,97,79,37,48" hai2="53,57,133,100,77,9,17,75,102,28,68,78,126" hai3="33,39,66,56,41,30,134,60,20,62,4,40,108"/><V86/><F126/><W6/><G108/><T115/><D110/><U120/><E37/><V135/><F68/><W124/><G33/><T49/><D115/><U112/><E112/><V73/><F73/><W55/><G124/><T127/><D127/><U74/><E0/><V12/><F28/><W114/><G114/><T63/><D36/><U72/><E48/><N who="2" m="30887" /><F75/><N who="1" m="28713" /><E27/><V31/><F31/><W111/><G134/><N who="2" m="51209" /><F86/><W23/><G111/><T70/><D119/><U101/><E16/><V113/><F113/><W103/><G30/><T95/><D70/><U45/><E45/><V129/><F129/><W14/><G39/><T38/><D38/><U107/><E10/><N who="0" m="3625" /><D26/><U117/><E117/><V61/><F61/><W46/><G46/><T42/><D7/><U96/><E79/><AGARI ba="2,2" hai="9,12,17,77,78,79,100,102" m="51209,30887" machi="79" ten="30,1500,0" yaku="20,1" doraHai="89" who="2" fromWho="1" sc="224,0,24,-21,319,41,413,0" /><INIT seed="6,3,0,4,3,66" ten="224,3,360,413" oya="2" hai0="108,44,107,132,104,91,35,93,16,94,74,81,39" hai1="41,70,68,51,114,134,45,80,7,15,31,53,52" hai2="101,12,58,119,27,32,105,113,112,79,75,123,120" hai3="13,23,116,118,109,14,71,95,111,21,115,19,28"/><V98/><F32/><W129/><G71/><N who="1" m="27178" /><E80/><N who="2" m="45183" /><F27/><N who="3" m="16495" /><G95/><T135/><D35/><U121/><E31/><V87/><F58/><W48/><G48/><T86/><D39/><N who="1" m="21695" /><E15/><N who="3" m="5642" /><G129/><T100/><D44/><N who="1" m="27751" /><E7/><V126/><F12/><W106/><G106/><N who="0" m="40491" /><D16/><U73/><E73/><V97/><F119/><W42/><G19/><T24/><D24/><U78/><E78/><V92/><F87/><W59/><G23/><T103/><D108/><U124/><E121/><N who="2" m="46667" /><F126/><W33/><G33/><T34/><D34/><U11/><E11/><V50/><F50/><W127/><G118/><T43/><D43/><U85/><E85/><V40/><F40/><W76/><G42/><T49/><D49/><U131/><E124/><V46/><F46/><W61/><G127/><T22/><D22/><U0/><E0/><V3/><F3/><W37/><G116/><T77/><D94/><U1/><E1/><V88/><AGARI ba="3,0" hai="88,92,97,98,101,105,112,113" m="46667,45183" machi="88" ten="30,6000,0" yaku="34,2,54,1" doraHai="66" who="2" fromWho="2" sc="224,-23,3,-23,360,69,413,-23" owari="201,-19.9,-20,-52.0,429,52.9,390,19.0" /></mjloggm>