<mjloggm ver="2.3"><GO type="169" lobby="0"/><UN n0="%73%73%73%31%39%33%33" n1="%6B%61%73%68%69%61" n2="%E3%82%B1%E3%82%A4%E3%83%AD%E3%83%B3" n3="%E3%81%82%E3%81%84%E3%81%93%E3%81%99" dan="16,16,16,16" rate="2119.77,2047.20,2153.95,2147.84" sx="F,M,M,M"/><TAIKYOKU oya="0"/><INIT seed="0,0,0,1,1,132" ten="250,250,250,250" oya="0" hai0="1,55,35,133,32,134,67,73,62,120,22,106,98" hai1="48,13,119,101,103,46,51,14,71,77,74,57,93" hai2="76,79,72,94,107,122,95,80,41,6,3,87,0" hai3="45,7,38,60,33,8,68,34,10,113,128,39,99"/><T56/><D1/><U42/><E71/><V91/><F41/><W47/><G113/><T58/><D120/><U66/><E119/><V31/><F31/><W121/><G121/><T100/><D73/><U114/><E114/><V19/><F19/><W131/><G99/><T53/><D22/><U111/><E111/><V28/><F28/><W61/><G7/><T110/><D110/><U104/><E104/><V36/><F36/><W25/><G25/><T127/><D127/><U115/><E74/><N who="2" m="43031" /><F6/><W21/><G21/><T130/><D130/><U112/><E77/><V90/><F0/><W17/><G17/><T116/><D116/><U124/><E124/><V118/><F3/><W88/><G88/><N who="2" m="33833" /><F107/><W85/><G85/><T50/><REACH who="0" step="1"/><D67/><REACH who="0" ten="240,250,250,250" step="2"/><U117/><E66/><V16/><F122/><W37/><G37/><T11/><D11/><U63/><E115/><V102/><F72/><W20/><G20/><T43/><D43/><U26/><E42/><V23/><F118/><W69/><AGARI ba="0,1" hai="8,10,33,34,38,39,45,47,60,61,68,69,128,131" machi="69" ten="25,3200,0" yaku="0,1,22,2" doraHai="132" who="3" fromWho="3" sc="240,-16,250,-8,250,-8,250,42" /><INIT seed="1,0,0,2,1,95" ten="224,242,242,292" oya="1" hai0="129,27,96,94,107,41,13,97,133,124,30,68,15" hai1="58,43,114,70,44,16,34,81,116,18,22,24,72" hai2="130,37,47,61,123,85,28,65,7,86,60,134,29" hai3="32,20,51,11,73,112,5,74,78,83,69,89,118"/><U21/><E114/><V50/><F123/><W48/><G112/><T105/><D68/><U82/><E70/><V14/><F37/><W64/><G32/><T115/><D115/><U102/><E34/><V128/><F134/><W103/><G74/><T33/><D133/><U57/><E116/><V2/><F2/><W87/><G20/><T100/><D41/><U52/><E102/><V36/><F36/><W113/><G113/><T77/><D77/><U9/><E9/><N who="2" m="4415" /><F85/><W106/><G64/><T55/><D124/><U111/><E111/><V76/><F28/><W92/><G69/><T38/><D38/><U25/><E72/><V109/><F29/><W62/><G62/><T26/><D107/><U75/><E75/><V93/><F109/><W110/><G110/><T40/><D40/><U91/><E91/><V135/><F135/><W125/><G125/><T35/><D129/><N who="2" m="49770" /><F65/><W6/><G6/><T98/><D105/><U127/><E127/><V88/><F76/><W117/><G118/><T104/><D104/><U121/><E121/><V80/><F80/><N who="1" m="30825" /><E43/><AGARI ba="0,0" hai="43,47,50,60,61,86,88,93" m="49770,4415" machi="43" ten="30,2000,0" yaku="19,1,54,1" doraHai="95" who="2" fromWho="1" sc="224,0,242,-20,242,20,292,0" /><INIT seed="2,0,0,0,0,122" ten="224,222,262,292" oya="2" hai0="111,39,81,125,116,96,71,88,35,123,52,23,128" hai1="127,19,27,40,13,62,79,10,65,50,83,99,85" hai2="74,44,63,104,135,94,46,110,119,130,60,115,95" hai3="3,77,102,82,5,70,67,106,21,20,117,57,15"/><V33/><F104/><W93/><G117/><T97/><D35/><U34/><E127/><V108/><F74/><W114/><G106/><T91/><D123/><U56/><E34/><V84/><F33/><W69/><G69/><T1/><D1/><U43/><E99/><V17/><F119/><W22/><G70/><T6/><D116/><U58/><REACH who="1" step="1"/><E27/><REACH who="1" ten="224,212,262,292" step="2"/><V72/><F115/><W98/><G114/><T80/><D125/><U47/><E47/><N who="2" m="17963" /><F72/><W101/><G101/><T28/><D128/><U90/><E90/><V59/><F130/><W37/><G37/><T14/><D39/><U29/><E29/><V75/><F75/><W9/><G77/><T0/><D91/><U87/><E87/><V32/><F32/><W8/><G82/><T109/><D88/><U73/><E73/><V126/><F126/><W120/><G120/><T100/><D28/><U25/><E25/><V92/><F84/><W18/><G102/><T7/><D100/><U78/><E78/><V30/><F30/><W64/><G98/><T133/><D97/><U131/><E131/><V68/><F135/><W4/><G93/><T107/><D133/><U76/><E76/><V16/><F68/><W51/><G3/><T66/><D71/><U41/><E41/><V121/><F121/><W61/><G4/><T55/><D0/><U36/><E36/><V134/><F134/><W45/><G5/><T42/><D7/><U124/><E124/><V38/><F38/><W86/><G86/><T26/><D6/><U54/><AGARI ba="0,1" hai="10,13,19,40,43,50,54,56,58,62,65,79,83,85" machi="54" ten="30,4000,0" yaku="1,1,0,1,8,1,53,0" doraHai="122" doraHaiUra="129" who="1" fromWho="1" sc="224,-10,212,50,262,-20,292,-10" /><INIT seed="3,0,0,0,1,40" ten="214,262,242,282" oya="3" hai0="76,81,74,2,3,72,92,79,53,125,97,102,101" hai1="134,8,106,89,59,108,49,132,104,58,34,84,120" hai2="110,48,56,77,107,20,60,117,103,6,88,4,22" hai3="83,0,111,57,9,55,135,17,44,39,42,91,114"/><W33/><G114/><T28/><D28/><U95/><E120/><V37/><F37/><W12/><G135/><N who="1" m="51754" /><E34/><V123/><F117/><W43/><G43/><T31/><D31/><U98/><E108/><V71/><F71/><W46/><G111/><T131/><D53/><N who="1" m="32047" /><E59/><V64/><F123/><W128/><G128/><T121/><D121/><U19/><E84/><V112/><F112/><W11/><G33/><T10/><D131/><U26/><E26/><V69/><F77/><W14/><G0/><T50/><D50/><U94/><E94/><V23/><F110/><W5/><G39/><T1/><D125/><U47/><E47/><N who="3" m="17962" /><G42/><T100/><D10/><U52/><E52/><N who="2" m="31751" /><F107/><W80/><G91/><T61/><D61/><AGARI ba="0,0" hai="5,9,11,12,14,17,55,57,61,80,83" m="17962" machi="61" ten="30,11600,0" yaku="8,1,52,3" doraHai="40" who="3" fromWho="0" sc="214,-116,262,0,242,0,282,116" /><INIT seed="3,1,0,1,5,21" ten="98,262,242,398" oya="3" hai0="52,34,16,38,2,85,111,62,5,130,33,61,106" hai1="67,24,3,4,71,1,96,59,7,36,69,29,127" hai2="99,117,116,76,55,31,18,125,32,88,95,86,41" hai3="103,6,46,82,70,56,30,75,39,118,105,114,109"/><W23/><G118/><T28/><D38/><U14/><E36/><V11/><F41/><W90/><G114/><T43/><D43/><U26/><E96/><V129/><F125/><W64/><G70/><T27/><D106/><U108/><E127/><V58/><F129/><W120/><G120/><T77/><D130/><U131/><E131/><V53/><F53/><W15/><G109/><T44/><D111/><U60/><E108/><V50/><F11/><W8/><G105/><T84/><D34/><U87/><E71/><V128/><F128/><W74/><G103/><T102/><D102/><U92/><E14/><V35/><F18/><W80/><G46/><T42/><D42/><U20/><E69/><V47/><F47/><W49/><G39/><T119/><D119/><U101/><E101/><V63/><F63/><W83/><G90/><T81/><D85/><U135/><E135/><V91/><F76/><W45/><G56/><T126/><D126/><U66/><E66/><V25/><REACH who="2" step="1"/><F35/><REACH who="2" ten="98,262,232,398" step="2"/><W22/><G64/><T57/><D44/><U19/><E3/><V112/><F112/><W9/><G8/><T73/><D62/><U89/><E1/><V51/><F51/><W134/><G23/><AGARI ba="1,1" hai="4,7,19,20,23,24,26,29,59,60,67,87,89,92" machi="23" ten="30,7700,0" yaku="7,1,8,1,52,2" doraHai="21" who="1" fromWho="3" sc="98,0,262,90,232,0,398,-80" /><INIT seed="4,0,0,0,2,15" ten="98,352,232,318" oya="0" hai0="67,74,107,28,98,57,115,82,106,124,53,133,14" hai1="60,117,135,66,81,44,6,108,111,134,1,116,21" hai2="24,88,132,113,76,94,114,54,70,18,123,92,45" hai3="40,41,89,101,8,23,3,32,13,78,51,65,112"/><T0/><D0/><U59/><E81/><V102/><F70/><W125/><G112/><N who="2" m="43113" /><F123/><W27/><G125/><T93/><D115/><U31/><E6/><V35/><F76/><W110/><G110/><N who="1" m="42026" /><E21/><N who="2" m="13367" /><F35/><W103/><G32/><T109/><D109/><U20/><E20/><V73/><F73/><W56/><G78/><T2/><D2/><U91/><E91/><V42/><F132/><N who="1" m="50729" /><E31/><V71/><F71/><W130/><G3/><T48/><D133/><U62/><E1/><V63/><F102/><W47/><G41/><T39/><D124/><U9/><E9/><V129/><F129/><W5/><G130/><T30/><D39/><U55/><E44/><V77/><F77/><W100/><G89/><T84/><D74/><U16/><E16/><V11/><F11/><W58/><REACH who="3" step="1"/><G65/><REACH who="3" ten="98,352,232,308" step="2"/><T7/><D67/><U128/><E128/><V96/><F88/><W80/><G80/><T118/><D82/><U83/><E83/><V69/><F94/><W61/><G61/><T34/><D93/><U4/><E4/><V12/><F92/><W104/><G104/><T75/><D107/><U10/><E10/><V22/><F22/><W26/><G26/><T46/><D106/><U43/><E43/><V119/><F42/><W79/><G79/><T37/><D34/><U105/><E105/><V120/><F120/><W95/><G95/><T126/><D75/><U122/><E122/><V33/><F33/><W64/><G64/><T99/><D126/><U38/><E38/><V17/><F69/><AGARI ba="0,1" hai="55,59,60,62,66,69,116,117" m="50729,42026" machi="69" ten="30,3900,0" yaku="20,1,34,2" doraHai="15" who="1" fromWho="2" sc="98,0,352,49,232,-39,308,0" /><INIT seed="5,0,0,0,1,25" ten="98,401,193,308" oya="1" hai0="26,107,16,114,50,14,110,115,57,85,23,90,126" hai1="123,7,83,49,118,101,68,42,39,63,124,18,119" hai2="44,43,129,59,99,135,92,53,62,97,133,81,38" hai3="21,66,11,17,127,100,3,74,55,132,122,106,34"/><U67/><E123/><V69/><F129/><W113/><G122/><T134/><D110/><U128/><E128/><V10/><F10/><W93/><G113/><N who="0" m="43019" /><D107/><U70/><E101/><V87/><F92/><W19/><G34/><T91/><D126/><U45/><E7/><V5/><F5/><W30/><G66/><T51/><D134/><N who="2" m="51210" /><F69/><W108/><G108/><T8/><D57/><U22/><E124/><V111/><F111/><W52/><G106/><T104/><D104/><U82/><E83/><V20/><F20/><W15/><G74/><T47/><D85/><U28/><E70/><V89/><AGARI ba="0,0" hai="38,43,44,53,59,62,81,87,89,97,99" m="51210" machi="89" ten="30,1100,0" yaku="20,1" doraHai="25" who="2" fromWho="2" sc="98,-3,401,-5,193,11,308,-3" /><INIT seed="6,0,0,3,4,133" ten="95,396,204,305" oya="2" hai0="53,94,129,35,41,128,51,10,3,38,75,12,48" hai1="54,31,132,49,91,19,28,34,106,59,93,24,102" hai2="22,39,101,55,27,77,5,37,45,116,26,127,11" hai3="115,13,43,103,110,95,90,44,126,20,61,120,134"/><V33/><F116/><W68/><G120/><T30/><D75/><U100/><E132/><V2/><F101/><W98/><G110/><T84/><D3/><U4/><E106/><V130/><F130/><W25/><G134/><T36/><D30/><U8/><E19/><V92/><F92/><W79/><G79/><T78/><D35/><U111/><E28/><N who="2" m="19607" /><F55/><W76/><G76/><T50/><D41/><U7/><E7/><V118/><F77/><W104/><G13/><T21/><D21/><U58/><E58/><V124/><F45/><W105/><G115/><T87/><D53/><U62/><E49/><V0/><F118/><W63/><G105/><T123/><D123/><U88/><E91/><V89/><F89/><W40/><G40/><T83/><D94/><U85/><E111/><V82/><F82/><W1/><G1/><AGARI ba="0,0" hai="1,4,8,24,31,34,54,59,62,85,88,93,100,102" machi="1" ten="30,2000,0" yaku="7,1,54,1" doraHai="133" who="1" fromWho="3" sc="95,0,396,20,204,0,305,-20" /><INIT seed="7,0,0,5,3,51" ten="95,416,204,285" oya="3" hai0="40,88,27,110,46,23,127,4,114,106,6,59,112" hai1="25,121,19,9,95,17,105,28,109,82,123,22,32" hai2="34,24,130,80,52,58,76,120,102,44,97,12,94" hai3="86,2,62,87,134,31,50,35,61,41,117,26,125"/><W71/><G117/><T53/><D106/><U85/><E105/><V131/><F120/><W100/><G2/><T104/><D104/><U68/><E68/><V39/><F12/><W65/><G134/><T11/><D110/><U116/><E109/><V42/><F24/><W36/><G125/><T129/><D129/><U81/><E81/><V118/><F34/><W98/><G36/><T5/><D127/><U119/><E95/><V45/><F45/><W1/><G62/><T47/><D11/><U38/><E38/><V111/><F111/><W64/><G65/><T16/><D40/><U21/><E85/><V66/><F66/><W20/><G1/><T92/><D47/><U103/><E82/><V122/><F122/><N who="1" m="46601" /><E103/><V93/><F94/><W55/><G20/><N who="1" m="7786" /><E9/><V49/><REACH who="2" step="1"/><F118/><AGARI ba="0,0" hai="17,19,25,28,32,116,118,119" m="7786,46601" machi="118" ten="30,3900,0" yaku="12,1,34,2" doraHai="51" who="1" fromWho="2" sc="95,0,416,39,204,-39,285,0" owari="95,-40.5,455,55.5,165,-23.5,285,8.5" /></mjloggm>