<mjloggm ver="2.3"><GO type="169" lobby="0"/><UN n0="%E5%88%9D%E5%BF%83%E8%80%85%70%61%77%6E" n1="%59%54%39%38%39%39" n2="%44%75%64%65" n3="%68%61%6B%75%30%37" dan="16,17,16,18" rate="2142.59,2173.21,2084.80,2197.16" sx="M,M,M,M"/><TAIKYOKU oya="0"/><INIT seed="0,0,0,5,4,99" ten="250,250,250,250" oya="0" hai0="75,3,67,16,80,0,96,111,91,81,15,127,116" hai1="109,4,78,133,60,62,40,64,61,5,68,128,38" hai2="1,48,30,112,124,126,54,110,13,72,36,44,103" hai3="122,19,10,101,84,29,113,25,8,22,130,83,7"/><T106/><D116/><U95/><E128/><V45/><F1/><W58/><G113/><T69/><D127/><N who="2" m="48682" /><F72/><W2/><G130/><T51/><D111/><U119/><E109/><V120/><F110/><W132/><G132/><T42/><D69/><U31/><E78/><V59/><F30/><W90/><G122/><T82/><D67/><U66/><E133/><V33/><F33/><W37/><G37/><T89/><D75/><U55/><E119/><V47/><F13/><W123/><G123/><T50/><D91/><U32/><E31/><V21/><F21/><W92/><G58/><T105/><D89/><U6/><E32/><V100/><F120/><W70/><G70/><T20/><D106/><U85/><E68/><V52/><F112/><W107/><G107/><T118/><D118/><U76/><E38/><V74/><F74/><W34/><G8/><T98/><D98/><U23/><E23/><V56/><F36/><W71/><G71/><T12/><D12/><U46/><E40/><V88/><F88/><W97/><G19/><T24/><D15/><U43/><E43/><V49/><AGARI ba="0,0" hai="44,45,47,48,49,52,54,56,59,100,103" m="48682" machi="49" ten="30,7900,0" yaku="18,1,52,2,54,1" doraHai="99" who="2" fromWho="2" sc="250,-39,250,-20,250,79,250,-20" /><INIT seed="1,0,0,2,2,43" ten="211,230,329,230" oya="1" hai0="24,27,106,126,71,74,112,91,88,105,54,124,69" hai1="41,52,6,13,29,40,37,121,95,116,129,97,39" hai2="119,102,26,9,93,94,66,21,12,110,42,14,30" hai3="8,47,82,132,75,103,7,84,25,104,68,28,79"/><U33/><E121/><V133/><F119/><W11/><G68/><T125/><D54/><U122/><E116/><V22/><F110/><W109/><G109/><T100/><D74/><U45/><E129/><V59/><F133/><W0/><G132/><T99/><D112/><U118/><E122/><V89/><F42/><W111/><G111/><T31/><D106/><U34/><E118/><V3/><F3/><W96/><G8/><T117/><D117/><U101/><E29/><V56/><F102/><W53/><G75/><T48/><D48/><U44/><E52/><V92/><F89/><N who="0" m="34378" /><D27/><U61/><E61/><V70/><F70/><W83/><G83/><T62/><D62/><U73/><E73/><V16/><REACH who="2" step="1"/><F66/><REACH who="2" ten="211,230,319,230" step="2"/><W128/><G128/><T60/><D60/><U123/><E123/><V98/><F98/><W90/><G90/><T19/><D19/><AGARI ba="0,1" hai="9,12,14,16,19,21,22,26,30,56,59,92,93,94" machi="19" ten="40,8000,1" yaku="1,1,8,1,54,1,53,1" doraHai="43" doraHaiUra="20" who="2" fromWho="0" sc="211,-80,230,0,319,90,230,0" /><INIT seed="2,0,0,5,4,113" ten="131,230,409,230" oya="2" hai0="118,0,134,93,133,96,30,26,37,119,29,78,132" hai1="73,120,3,14,123,83,5,7,115,16,95,76,101" hai2="88,97,38,52,18,31,104,8,11,62,98,127,13" hai3="128,19,51,36,91,92,69,75,28,50,35,70,64"/><V99/><F38/><W41/><G75/><T122/><D37/><U121/><E115/><V90/><F127/><W130/><G19/><T12/><D78/><U23/><E3/><V72/><F104/><W126/><G28/><T124/><D0/><U102/><E95/><V10/><F72/><W6/><G6/><AGARI ba="0,0" hai="5,6,7,14,16,23,73,76,83,101,102,120,121,123" machi="6" ten="40,2600,0" yaku="13,1,54,1" doraHai="113" who="1" fromWho="3" sc="131,0,230,26,409,0,230,-26" /><INIT seed="3,0,0,1,0,20" ten="131,256,409,204" oya="3" hai0="57,55,51,75,7,40,73,68,17,67,90,65,44" hai1="1,125,111,84,0,46,60,105,42,12,10,5,33" hai2="109,120,116,132,6,19,27,91,81,103,100,122,4" hai3="52,77,118,61,32,39,30,14,21,127,25,101,71"/><W3/><G118/><T94/><D7/><U62/><E105/><V130/><F116/><W26/><G3/><T9/><D68/><U23/><E125/><V104/><F109/><W113/><G113/><T134/><D134/><U38/><E111/><V99/><F132/><W133/><G133/><T69/><D69/><U13/><E1/><V47/><F130/><W114/><G114/><T2/><D75/><U63/><E33/><V110/><F110/><W64/><G39/><T126/><D73/><U117/><E117/><V108/><F108/><W123/><G123/><N who="2" m="47145" /><F103/><W106/><G127/><T36/><D126/><U37/><E37/><V59/><F59/><W85/><G14/><T131/><D131/><U88/><REACH who="1" step="1"/><E23/><REACH who="1" ten="131,246,409,204" step="2"/><N who="2" m="13823" /><F47/><W56/><G106/><T8/><D2/><U43/><E43/><V50/><F50/><W87/><G101/><T83/><D36/><U86/><E86/><AGARI ba="0,1" hai="4,6,81,86,91,99,100,104" m="13823,47145" machi="86" ten="30,2000,0" yaku="13,1,52,1" doraHai="20" who="2" fromWho="1" sc="131,0,246,-20,409,30,204,0" /><INIT seed="4,0,0,4,2,71" ten="131,226,439,204" oya="0" hai0="133,11,111,23,69,6,92,74,47,44,122,89,5" hai1="36,61,110,85,68,64,78,135,3,53,128,87,118" hai2="27,13,103,80,130,129,94,31,72,66,49,48,21" hai3="70,0,35,91,12,82,54,117,100,55,7,34,105"/><T14/><D122/><U126/><E3/><V107/><F107/><W96/><G117/><T84/><D69/><U46/><E118/><V33/><F66/><W18/><G70/><T56/><D74/><U123/><E110/><V20/><F103/><W28/><G7/><T26/><D111/><U10/><E123/><V116/><F116/><W112/><G0/><T8/><D56/><U106/><E106/><V115/><F115/><W73/><G112/><T62/><D62/><U42/><E126/><V95/><F80/><W30/><G30/><T104/><D104/><U29/><E128/><N who="2" m="49259" /><F72/><W4/><G4/><T16/><REACH who="0" step="1"/><D133/><REACH who="0" ten="121,226,439,204" step="2"/><U75/><E135/><V113/><F113/><W43/><G105/><T101/><D101/><U67/><E75/><V38/><F33/><W40/><G34/><T15/><AGARI ba="0,1" hai="5,6,8,11,14,15,16,23,26,44,47,84,89,92" machi="15" ten="20,18000,2" yaku="1,1,0,1,7,1,9,1,8,1,54,1,53,0" doraHai="71" doraHaiUra="132" who="0" fromWho="0" sc="121,190,226,-60,439,-60,204,-60" /><INIT seed="4,1,0,1,2,61" ten="311,166,379,144" oya="0" hai0="26,102,124,127,7,85,11,19,112,67,93,105,13" hai1="97,62,92,43,125,53,20,50,36,31,78,111,21" hai2="98,133,48,46,129,35,118,79,120,116,2,119,115" hai3="24,37,30,45,100,3,90,40,128,10,122,84,66"/><T16/><D112/><U42/><E125/><N who="0" m="48201" /><D105/><U72/><E111/><V110/><F110/><W41/><G128/><T101/><D67/><U88/><E78/><V82/><F120/><W58/><G122/><T65/><D65/><U96/><E72/><V44/><F2/><W0/><G100/><N who="0" m="38507" /><D26/><N who="1" m="16839" /><E62/><V117/><F129/><W123/><G123/><T91/><AGARI ba="1,0" hai="7,11,13,16,19,85,91,93" m="38507,48201" machi="91" ten="30,3000,0" yaku="18,1,54,1" doraHai="61" who="0" fromWho="0" sc="311,33,166,-11,379,-11,144,-11" /><INIT seed="4,2,0,5,1,26" ten="344,155,368,133" oya="0" hai0="69,57,16,45,33,129,35,71,60,49,1,110,84" hai1="82,21,18,5,40,19,96,106,62,46,97,100,98" hai2="68,109,56,44,48,91,58,95,2,130,22,118,51" hai3="54,65,29,47,102,6,112,114,30,39,59,117,12"/><T24/><D1/><U116/><E116/><V92/><F109/><W31/><G117/><T61/><D110/><U132/><E132/><V38/><F118/><W0/><G0/><T119/><D119/><U94/><E5/><V105/><F105/><W111/><G111/><T10/><D129/><U107/><E106/><V4/><F68/><W72/><G72/><T50/><D84/><U7/><E7/><V108/><F108/><W64/><G102/><T90/><D90/><U115/><E115/><N who="3" m="44074" /><G47/><T3/><D3/><U9/><E82/><V15/><F2/><W74/><G39/><T42/><D49/><U11/><E19/><V128/><F38/><W73/><G73/><T122/><D122/><U52/><E96/><V34/><F34/><W27/><G27/><T104/><D104/><U124/><E124/><V99/><F4/><W13/><G74/><T43/><D43/><U77/><E40/><V25/><F15/><N who="3" m="5707" /><G6/><T134/><D134/><U121/><E121/><V133/><F133/><W103/><G103/><T88/><D42/><U53/><E107/><V126/><F126/><W120/><G120/><T79/><D45/><U23/><E46/><V131/><F95/><W101/><G101/><T75/><D75/><U55/><E94/><V66/><F44/><W125/><G125/><T28/><D10/><U17/><E100/><V20/><F131/><W89/><G89/><T93/><D88/><U32/><E11/><V86/><F130/><W63/><AGARI ba="2,0" hai="29,30,31,54,59,63,64,65" m="5707,44074" machi="63" ten="40,8000,1" yaku="15,1,52,3" doraHai="26" who="3" fromWho="3" sc="344,-42,155,-22,368,-22,133,86" /><INIT seed="5,0,0,4,5,29" ten="302,133,346,219" oya="1" hai0="23,55,18,30,103,102,5,84,72,47,101,81,20" hai1="87,7,64,34,99,50,48,116,110,8,27,19,26" hai2="21,43,107,93,66,40,60,80,104,95,106,62,113" hai3="35,56,96,89,74,52,92,38,25,42,63,33,134"/><U49/><E116/><V53/><F80/><W4/><G74/><T132/><D72/><U88/><E110/><V58/><F113/><W75/><G75/><T67/><D132/><U37/><E37/><V78/><F78/><W130/><G134/><T16/><D5/><U12/><E99/><V22/><F66/><W83/><G130/><T69/><D69/><U129/><E129/><V98/><F62/><W3/><G83/><T73/><D73/><U79/><E79/><V2/><F2/><W45/><REACH who="3" step="1"/><G25/><REACH who="3" ten="302,133,346,209" step="2"/><T13/><D81/><N who="1" m="49263" /><E64/><V65/><F65/><W120/><G120/><T85/><D67/><U91/><E34/><V121/><F121/><W32/><G32/><T112/><D112/><U39/><E39/><V54/><F107/><W44/><G44/><T124/><D124/><U14/><E91/><V11/><F106/><W9/><AGARI ba="0,1" hai="3,4,9,33,35,38,42,45,52,56,63,89,92,96" machi="9" ten="30,12000,2" yaku="1,1,0,1,52,2,54,1,53,1" doraHai="29" doraHaiUra="90" who="3" fromWho="3" sc="302,-30,133,-60,346,-30,209,130" /><INIT seed="6,0,0,4,1,70" ten="272,73,316,339" oya="2" hai0="22,94,135,112,108,83,73,53,63,51,27,60,118" hai1="45,43,132,131,31,76,47,39,115,133,81,21,1" hai2="75,123,97,105,35,99,95,62,59,102,77,111,126" hai3="24,8,26,125,127,3,100,92,134,33,16,89,121"/><V82/><F126/><N who="3" m="48139" /><G121/><T61/><D108/><U65/><E131/><V11/><F111/><W42/><G134/><T48/><D135/><U124/><E115/><V54/><F35/><W56/><G100/><T36/><D112/><U104/><E124/><V50/><F123/><W88/><G42/><T91/><D118/><U2/><E104/><V68/><F11/><W18/><G56/><T32/><D32/><U78/><E65/><V41/><F68/><W120/><G120/><T85/><D36/><U7/><E21/><V80/><F80/><W58/><G58/><T25/><D73/><U23/><E23/><V72/><F72/><W113/><G113/><T30/><D53/><U34/><E78/><V44/><REACH who="2" step="1"/><F99/><REACH who="2" ten="272,73,306,339" step="2"/><W13/><G33/><T114/><D114/><U12/><E1/><V103/><F103/><W90/><G3/><T49/><D27/><N who="3" m="10281" /><G18/><T15/><D15/><U29/><E12/><V71/><F71/><W86/><AGARI ba="0,1" hai="8,13,16,86,88,89,90,92" m="10281,48139" machi="86" ten="30,4000,0" yaku="18,1,54,2" doraHai="70" who="3" fromWho="3" sc="272,-10,73,-10,306,-20,339,50" /><INIT seed="7,0,0,3,0,19" ten="262,63,286,389" oya="3" hai0="113,60,40,10,34,16,97,69,4,133,94,24,81" hai1="128,104,6,114,51,75,102,105,98,39,18,89,78" hai2="9,127,124,116,50,112,5,107,59,96,80,3,62" hai3="131,100,57,30,61,31,110,87,48,121,99,84,49"/><W32/><G121/><T123/><D123/><U13/><E51/><V109/><F112/><W132/><G132/><T8/><D133/><U36/><E6/><V11/><F109/><W37/><G37/><T1/><D113/><U55/><E128/><V106/><F116/><W120/><G120/><T23/><D40/><U130/><E130/><V115/><F115/><W117/><G117/><T76/><D34/><U82/><E105/><V38/><F38/><W27/><G30/><T92/><D8/><U21/><E114/><V42/><F80/><W28/><G28/><T56/><D69/><U119/><E119/><V95/><F11/><W54/><G131/><T33/><D33/><U52/><E39/><V90/><F50/><W118/><G110/><T22/><D97/><U71/><E71/><V53/><REACH who="2" step="1"/><F42/><REACH who="2" ten="262,63,276,389" step="2"/><W129/><G118/><T93/><D23/><U29/><E29/><V85/><F85/><W73/><G48/><T70/><D70/><U25/><E36/><V64/><F64/><W74/><G84/><T0/><D0/><U12/><E13/><V66/><F66/><W86/><G86/><T126/><D126/><AGARI ba="0,1" hai="3,5,9,53,59,62,90,95,96,106,107,124,126,127" machi="126" ten="40,2600,0" yaku="1,1,18,1,53,0" doraHai="19" doraHaiUra="17" who="2" fromWho="0" sc="262,-26,63,0,276,36,389,0" owari="236,-16.4,63,-43.7,312,11.2,389,48.9" /></mjloggm>