<mjloggm ver="2.3"><GO type="169" lobby="0"/><UN n0="%6D%61%6A%75%6E%69%61" n1="%E9%AB%98%E5%A4%A9%E3%81%AE%E6%AD%8C" n2="%E3%81%82%E3%81%84%E3%81%93%E3%81%99" n3="%73%79%6C%76%65%6F%6E" dan="16,16,16,16" rate="2142.34,2091.68,2147.28,2140.69" sx="M,M,M,M"/><TAIKYOKU oya="0"/><INIT seed="0,0,0,5,3,73" ten="250,250,250,250" oya="0" hai0="92,38,98,53,88,106,59,121,4,81,117,32,119" hai1="44,96,100,19,0,2,43,40,48,83,6,112,16" hai2="128,3,104,127,122,24,76,47,15,39,45,56,34" hai3="120,14,114,90,54,108,115,94,107,111,17,89,95"/><T105/><D38/><U9/><E9/><V65/><BYE who="1" /><F122/><UN n1="%E9%AB%98%E5%A4%A9%E3%81%AE%E6%AD%8C" /><W84/><G54/><T77/><D121/><U20/><E112/><N who="3" m="43050" /><G14/><T33/><D4/><U25/><E43/><V28/><F3/><W50/><G50/><T86/><D106/><U113/><E113/><V18/><F127/><W58/><G58/><T135/><D135/><U66/><E66/><V131/><F104/><W8/><G17/><T87/><D105/><U11/><E83/><V78/><F56/><W60/><G60/><T99/><D87/><U63/><E63/><V52/><F65/><W124/><G8/><T70/><D70/><U55/><E40/><V22/><F45/><W67/><G67/><T51/><REACH who="0" step="1"/><D99/><REACH who="0" ten="240,250,250,250" step="2"/><U91/><E6/><V26/><F39/><W85/><G120/><T29/><D29/><U7/><E96/><V74/><F74/><W30/><G30/><T49/><D49/><U129/><E7/><V46/><F28/><W21/><G107/><T36/><D36/><U23/><E19/><V102/><F34/><AGARI ba="0,1" hai="32,33,34,51,53,59,77,81,86,88,92,98,117,119" machi="34" ten="40,7700,0" yaku="1,1,52,1,54,1,53,0" doraHai="73" doraHaiUra="35" who="0" fromWho="2" sc="240,87,250,0,250,-77,250,0" /><INIT seed="0,1,0,3,5,30" ten="327,250,173,250" oya="0" hai0="97,103,118,38,102,134,40,22,131,132,95,80,9" hai1="94,65,67,96,44,68,99,0,121,36,63,24,115" hai2="129,82,2,72,37,111,28,70,46,120,56,47,135" hai3="98,11,17,73,133,71,106,79,26,85,119,57,105"/><T75/><D38/><U16/><E0/><V77/><F120/><W108/><G119/><T34/><D40/><U91/><E121/><V4/><F70/><W13/><G71/><T25/><D118/><U76/><E115/><V54/><F111/><W29/><G73/><T89/><D9/><U3/><E3/><V53/><F135/><N who="0" m="51754" /><D131/><U50/><E65/><V5/><F129/><W49/><G133/><T35/><D75/><U104/><E36/><V122/><F122/><W15/><G108/><T51/><D51/><U124/><E76/><V48/><F28/><W117/><G117/><T59/><D59/><U81/><E124/><V21/><F21/><W88/><G79/><T123/><D123/><U7/><E81/><V23/><F2/><W33/><G98/><T112/><D112/><U31/><E7/><V127/><F127/><W61/><G15/><T42/><D42/><U27/><E99/><V107/><F47/><W128/><G49/><T90/><D90/><U100/><E91/><V14/><F37/><W110/><G110/><T43/><D43/><U101/><E101/><N who="0" m="38409" /><D80/><U45/><E50/><V114/><F114/><W84/><G84/><T58/><D58/><U130/><E130/><V113/><F113/><W19/><G128/><T62/><D62/><U74/><E74/><V32/><F72/><W18/><G106/><T116/><D116/><U93/><E93/><V69/><F107/><W66/><REACH who="3" step="1"/><G105/><REACH who="3" ten="327,250,173,240" step="2"/><T20/><D25/><U41/><E104/><V126/><F48/><W12/><G12/><T6/><D6/><U39/><E39/><V10/><F126/><RYUUKYOKU ba="1,1" sc="327,15,250,-15,173,-15,240,15" hai0="20,22,34,35,89,95,97" hai3="11,13,17,18,19,26,29,33,57,61,66,85,88" /><INIT seed="0,2,1,3,0,4" ten="342,235,158,255" oya="0" hai0="14,81,135,97,57,60,15,6,50,8,48,131,45" hai1="32,10,95,1,78,75,113,5,55,61,35,103,100" hai2="98,119,23,82,92,47,77,51,13,87,58,84,112" hai3="31,85,3,9,80,18,41,117,39,22,67,2,73"/><T74/><D135/><U83/><E113/><V107/><F112/><W111/><G117/><T86/><D131/><U33/><REACH who="1" step="1"/><E95/><REACH who="1" ten="342,225,158,255" step="2"/><V53/><F119/><W116/><G116/><T30/><D97/><U66/><E66/><V124/><F124/><W0/><G67/><T43/><D74/><U120/><E120/><V102/><F107/><W36/><G73/><T71/><D71/><U62/><E62/><V127/><F127/><W49/><G111/><T20/><D50/><U17/><E17/><N who="2" m="10671" /><F87/><W26/><G18/><N who="0" m="10327" /><D30/><U121/><E121/><V104/><F104/><W123/><G49/><T134/><D134/><U125/><E125/><V68/><F68/><W106/><G39/><T72/><D72/><U122/><E122/><V108/><F108/><W93/><G123/><T29/><D29/><U118/><E118/><V59/><AGARI ba="2,2" hai="47,51,53,58,59,77,82,84,92,98,102" m="10671" machi="59" ten="30,1100,0" yaku="8,1" doraHai="4" who="2" fromWho="2" sc="342,-7,225,-5,158,37,255,-5" /><INIT seed="1,0,0,5,5,33" ten="335,220,195,250" oya="1" hai0="41,62,52,85,34,68,75,90,48,43,129,58,30" hai1="101,6,98,3,78,87,127,80,133,119,100,63,77" hai2="123,35,27,86,23,55,40,71,93,47,116,36,88" hai3="96,12,8,1,49,115,24,111,132,22,25,125,117"/><U9/><E119/><V13/><F123/><W106/><G115/><T118/><D118/><U134/><E127/><V84/><F116/><W60/><G117/><T18/><D75/><U73/><E100/><V79/><F35/><W26/><G125/><T64/><D129/><U113/><E113/><V59/><F71/><W11/><G49/><T29/><D18/><U120/><E120/><V5/><F5/><N who="3" m="1071" /><G60/><T122/><D122/><U91/><E63/><V39/><F39/><W65/><G96/><T4/><D4/><U108/><E108/><V15/><F79/><W97/><G97/><T17/><D17/><U109/><E109/><V20/><F86/><W103/><G65/><T0/><D0/><U44/><E44/><V31/><REACH who="2" step="1"/><F23/><REACH who="2" ten="335,220,185,250" step="2"/><W102/><G111/><T99/><D34/><U82/><REACH who="1" step="1"/><E77/><REACH who="1" ten="335,210,185,250" step="2"/><V37/><F37/><W19/><G106/><AGARI ba="0,2" hai="3,6,9,73,78,80,82,87,91,98,101,106,133,134" machi="106" ten="40,12000,1" yaku="1,1,2,1,52,1,53,1" doraHai="33" doraHaiUra="107" who="1" fromWho="3" sc="335,0,210,140,185,0,250,-120" /><INIT seed="1,1,0,2,2,130" ten="335,350,185,130" oya="1" hai0="96,111,73,32,89,16,2,55,75,9,127,116,4" hai1="20,93,18,101,98,125,52,21,104,7,85,99,76" hai2="14,39,123,41,43,1,110,115,134,84,0,87,131" hai3="94,77,36,17,79,90,132,81,47,97,29,88,28"/><U100/><E125/><V31/><F123/><W105/><G105/><T65/><D116/><U71/><E71/><V72/><F72/><W22/><G132/><T120/><D120/><U6/><E20/><V26/><F131/><W19/><G36/><T37/><D127/><U5/><E76/><V25/><F14/><W61/><G47/><T24/><D37/><U15/><E85/><V12/><F12/><W30/><G61/><T48/><D65/><U91/><E91/><V69/><F39/><W53/><G53/><T118/><D118/><U45/><REACH who="1" step="1"/><E5/><REACH who="1" ten="335,340,185,130" step="2"/><V10/><F69/><W64/><G64/><T59/><D32/><U103/><E103/><V133/><F87/><N who="3" m="50543" /><G19/><T126/><D126/><U57/><E57/><V40/><F84/><W38/><G38/><T70/><D70/><U83/><E83/><V35/><F115/><W135/><G135/><N who="2" m="51721" /><F110/><W51/><G79/><T128/><D111/><U129/><E129/><V124/><F124/><W80/><G77/><T49/><D128/><U112/><E112/><V117/><F117/><W34/><G80/><T82/><D73/><U23/><E23/><N who="2" m="15807" /><F10/><W3/><G34/><T42/><D9/><U109/><E109/><V27/><F27/><W68/><G68/><T102/><D24/><U78/><E78/><V121/><F121/><W119/><G119/><T74/><D75/><U63/><E63/><V44/><F44/><W56/><G88/><T122/><D89/><U67/><E67/><V113/><F113/><W46/><G46/><T62/><D62/><U60/><E60/><V33/><F33/><W95/><G56/><RYUUKYOKU ba="1,1" sc="335,-15,340,15,185,15,130,-15" hai1="6,7,15,18,21,45,52,93,98,99,100,101,104" hai2="0,1,26,35,40,41,43" /><INIT seed="1,2,1,0,5,3" ten="320,355,200,115" oya="1" hai0="41,105,48,98,134,17,103,104,18,116,110,16,128" hai1="69,40,82,89,122,15,30,12,59,115,44,86,120" hai2="107,55,71,60,32,119,1,7,65,22,96,111,34" hai3="79,25,5,6,23,92,81,36,130,4,74,61,45"/><U8/><E69/><V52/><F119/><W35/><G35/><T75/><D116/><U87/><E115/><V85/><F111/><W46/><G130/><T13/><D110/><U135/><E135/><V72/><F72/><W109/><G109/><T31/><D128/><U47/><E30/><V51/><F22/><W117/><G117/><T132/><D75/><U26/><E26/><V39/><F39/><W42/><G46/><N who="0" m="25679" /><D31/><U56/><E44/><V11/><F55/><W54/><G92/><T67/><D67/><U43/><E43/><V88/><F96/><W62/><REACH who="3" step="1"/><G54/><REACH who="3" ten="320,355,200,105" step="2"/><T21/><D105/><U20/><E47/><V78/><F107/><W38/><G38/><T129/><D129/><U127/><E122/><V57/><F78/><W14/><G14/><T94/><D94/><AGARI ba="2,2" hai="1,7,11,32,34,51,52,57,60,65,71,85,88,94" machi="94" ten="30,7700,0" yaku="7,1,52,1,54,2" doraHai="3" who="2" fromWho="0" sc="320,-83,355,0,200,103,105,0" /><INIT seed="2,0,0,0,0,75" ten="237,355,303,105" oya="2" hai0="21,76,134,115,119,89,103,96,18,15,69,30,108" hai1="78,52,39,41,68,28,81,131,109,66,71,133,6" hai2="10,7,32,49,0,82,50,16,86,34,58,29,63" hai3="53,83,121,74,24,113,80,118,110,72,130,51,57"/><V70/><F70/><W65/><G118/><T62/><D115/><U90/><E109/><V23/><F29/><W5/><G121/><T13/><D108/><U14/><E131/><V94/><F94/><W91/><G110/><T19/><D119/><U9/><E133/><V126/><F126/><W77/><G130/><T116/><D116/><U114/><E114/><V37/><F37/><W129/><G129/><T95/><D30/><U79/><E28/><V112/><F34/><W22/><G113/><T40/><D40/><U47/><E68/><V93/><F93/><W20/><G5/><T46/><D134/><U8/><E66/><V45/><F45/><W26/><G65/><T67/><D46/><U85/><E71/><V87/><F32/><W123/><G123/><T3/><D3/><U122/><E122/><V73/><F73/><W64/><G64/><T127/><D127/><U31/><E31/><V99/><F99/><W36/><G36/><T101/><REACH who="0" step="1"/><D76/><REACH who="0" ten="227,355,303,105" step="2"/><U128/><E128/><V98/><F112/><W102/><G102/><T33/><D33/><U11/><E6/><V125/><F125/><W56/><G91/><T43/><D43/><U84/><E14/><V88/><F7/><W2/><G2/><T25/><D25/><U111/><E111/><V124/><F0/><W135/><G135/><T60/><D60/><U117/><E117/><V120/><F124/><W61/><G61/><T4/><D4/><U97/><E97/><V38/><F63/><W59/><G51/><T1/><D1/><U44/><E85/><V27/><F120/><W48/><G48/><AGARI ba="0,1" hai="8,9,11,39,41,44,47,48,52,78,79,81,84,90" machi="48" ten="40,8000,1" yaku="6,1,52,2,54,1" doraHai="75" who="1" fromWho="3" sc="227,0,355,90,303,0,105,-80" /><INIT seed="3,0,0,1,3,103" ten="227,445,303,25" oya="3" hai0="41,54,86,47,90,101,56,92,81,68,69,77,75" hai1="119,15,64,113,120,26,115,84,117,0,48,82,52" hai2="27,110,100,31,88,111,36,38,46,105,89,129,39" hai3="65,58,5,20,97,93,8,94,50,85,135,128,63"/><W37/><G128/><T2/><D2/><U107/><E0/><V112/><F112/><W21/><G37/><T121/><D101/><U62/><E120/><V134/><F129/><W34/><G34/><T45/><D121/><U28/><E15/><V67/><F67/><W32/><G32/><T17/><D17/><U109/><E109/><N who="2" m="41483" /><F46/><W11/><G135/><T61/><REACH who="0" step="1"/><D47/><REACH who="0" ten="217,445,303,25" step="2"/><U83/><E115/><V116/><F134/><W43/><G43/><T72/><D72/><U132/><E113/><V114/><F114/><W53/><G85/><T30/><D30/><U79/><E132/><V44/><F44/><W1/><G11/><T35/><D35/><U74/><E84/><V12/><F116/><W14/><G1/><T108/><D108/><U4/><E74/><V131/><F131/><W9/><G9/><T70/><D70/><U71/><E117/><V49/><F12/><W55/><G55/><T76/><D76/><U106/><E119/><V10/><F10/><W95/><REACH who="3" step="1"/><G97/><REACH who="3" ten="217,445,303,15" step="2"/><T3/><D3/><U127/><E52/><V118/><F118/><W99/><G99/><T24/><D24/><U91/><E26/><V33/><F27/><W60/><G60/><T73/><D73/><U104/><E62/><V80/><F33/><W125/><G125/><T124/><D124/><U6/><E127/><V133/><F133/><W19/><G19/><T123/><D123/><U51/><E6/><V16/><F16/><W96/><G96/><T87/><D87/><U66/><E4/><V40/><F40/><W25/><G25/><T18/><D18/><U22/><E28/><RYUUKYOKU ba="0,2" sc="217,15,445,-15,303,-15,15,15" hai0="41,45,54,56,61,68,69,75,77,81,86,90,92" hai3="5,8,14,20,21,50,53,58,63,65,93,94,95" /><INIT seed="3,1,2,3,3,98" ten="232,430,288,30" oya="3" hai0="117,30,84,65,103,19,44,48,124,11,93,116,105" hai1="62,1,132,121,24,119,96,47,59,94,40,21,38" hai2="36,110,76,35,69,114,115,113,104,17,133,77,34" hai3="26,130,16,2,13,70,39,81,32,27,87,64,108"/><W107/><G39/><T109/><D30/><U72/><E132/><V118/><F133/><W20/><G130/><T56/><D124/><U78/><E119/><V102/><F118/><W91/><G2/><T88/><D109/><U111/><E1/><V42/><F110/><W22/><G108/><T6/><D19/><U5/><E5/><V37/><F17/><W134/><G134/><T120/><D120/><U8/><E8/><V106/><F69/><W125/><G125/><T31/><D31/><U135/><E135/><V90/><F90/><W54/><G54/><T49/><D49/><U50/><E38/><V60/><F60/><W79/><G107/><T112/><D112/><U68/><E68/><V100/><F115/><W97/><G32/><T12/><D56/><U7/><E7/><V126/><F42/><W52/><G70/><T45/><D65/><U18/><E121/><V28/><F28/><W57/><G64/><T29/><D29/><U23/><E23/><V129/><F126/><W55/><G22/><T131/><D131/><AGARI ba="1,2" hai="34,35,36,37,76,77,100,102,104,106,113,114,129,131" machi="131" ten="25,6400,0" yaku="22,2,52,2" doraHai="98" who="2" fromWho="0" sc="232,-67,430,0,288,87,30,0" /><INIT seed="4,0,0,4,2,105" ten="165,430,375,30" oya="0" hai0="97,36,80,103,45,71,46,34,133,28,130,62,69" hai1="7,41,12,61,0,93,73,39,8,112,58,31,113" hai2="2,114,14,43,92,115,99,85,102,11,18,104,51" hai3="84,52,128,42,49,124,125,56,110,27,78,79,6"/><T94/><D130/><U29/><E73/><V91/><REACH who="2" step="1"/><F2/><REACH who="2" ten="165,430,365,30" step="2"/><W122/><G110/><T74/><D133/><U9/><E0/><V33/><F33/><W111/><G111/><T66/><D69/><U131/><E112/><V86/><F86/><W89/><G128/><T96/><D96/><U64/><E131/><V40/><F40/><W77/><G122/><T38/><D38/><U63/><E113/><V121/><F121/><W75/><G75/><T59/><D36/><U16/><E41/><V119/><F119/><W17/><G42/><T67/><D71/><U123/><E39/><V55/><F55/><W76/><N who="3" m="19456" /><DORA hai="81" /><W135/><G135/><T88/><D67/><U101/><E123/><V47/><AGARI ba="0,1" hai="11,14,18,43,47,51,85,91,92,99,102,104,114,115" machi="47" ten="30,7900,0" yaku="21,2,0,1,52,1,53,0" doraHai="105,81" doraHaiUra="65,70" who="2" fromWho="2" sc="165,-39,430,-20,365,89,30,-20" /><INIT seed="5,0,0,5,1,46" ten="126,410,454,10" oya="1" hai0="105,48,20,79,5,131,126,7,26,70,121,125,2" hai1="0,64,68,44,130,96,18,86,45,56,36,135,101" hai2="133,29,85,55,33,119,116,128,66,134,124,118,11" hai3="110,73,69,98,82,42,122,108,97,78,72,9,15"/><U4/><E68/><V99/><F128/><W23/><G69/><T17/><D105/><U61/><E135/><N who="2" m="51723" /><F124/><N who="0" m="47722" /><D70/><U91/><E130/><V89/><F66/><W71/><G122/><T60/><D60/><U41/><E0/><V19/><F99/><W52/><G71/><T63/><D63/><U80/><E4/><V38/><F38/><W10/><G73/><T32/><D79/><U103/><E96/><V58/><F29/><W102/><G42/><T117/><D117/><U28/><E28/><V90/><F33/><W40/><G40/><T25/><D131/><U88/><E91/><V47/><F47/><W75/><G75/><T81/><D48/><U120/><E120/><V104/><F104/><W57/><G23/><T59/><D59/><U37/><E18/><V39/><F39/><W107/><G9/><N who="0" m="2231" /><D81/><U74/><E74/><V30/><F30/><W95/><G98/><T106/><D106/><U43/><AGARI ba="0,0" hai="36,37,41,43,44,45,56,61,64,80,86,88,101,103" machi="43" ten="30,6000,0" yaku="0,1,9,1,54,1" doraHai="46" who="1" fromWho="1" sc="126,-20,410,60,454,-20,10,-20" owari="106,-29.4,470,57.0,434,23.4,-10,-51.0" /></mjloggm>