<mjloggm ver="2.3"><GO type="169" lobby="0"/><UN n0="%E3%81%93%E3%82%8C%E3%81%8C%E3%81%B5%E3%81%95%E3%81%B5%E3%81%95" n1="%E3%82%B8%E3%83%A3%E3%82%B9%E3%83%88%E3%81%B3%E3%81%83" n2="%46%75%4B%61" n3="%41%4C%50%45%52%49%4E" dan="16,16,16,16" rate="2128.30,2158.13,2071.51,2114.99" sx="M,M,M,M"/><TAIKYOKU oya="0"/><INIT seed="0,0,0,2,0,131" ten="250,250,250,250" oya="0" hai0="25,44,33,73,57,36,81,83,61,103,101,80,109" hai1="23,91,93,134,132,39,24,38,16,0,64,62,124" hai2="9,108,28,87,78,79,130,13,35,112,42,22,104" hai3="59,21,49,67,70,100,88,6,110,10,89,95,5"/><T74/><D109/><U3/><E124/><V126/><F130/><W20/><G110/><T122/><D122/><U116/><E116/><V11/><F126/><W60/><G100/><T105/><D36/><U7/><E38/><V114/><F104/><W50/><G5/><T55/><D44/><U68/><E39/><V99/><F108/><W30/><G89/><T31/><REACH who="0" step="1"/><D105/><REACH who="0" ten="240,250,250,250" step="2"/><U32/><E32/><V63/><F63/><W47/><G47/><T97/><D97/><N who="1" m="57535" /><E7/><V96/><F99/><W45/><G45/><T115/><D115/><U26/><E26/><V2/><F96/><W46/><G46/><T1/><D1/><U58/><E68/><V123/><F112/><W4/><G70/><T12/><D12/><U18/><E18/><V14/><F13/><W98/><G4/><T19/><D19/><U72/><E72/><AGARI ba="0,1" hai="25,31,33,55,57,61,72,73,74,80,81,83,101,103" machi="72" ten="40,12000,1" yaku="1,1,53,3" doraHai="131" doraHaiUra="106" who="0" fromWho="1" sc="240,130,250,-120,250,0,250,0" /><INIT seed="0,1,0,2,0,69" ten="370,130,250,250" oya="0" hai0="45,64,132,36,48,96,88,52,102,112,63,109,54" hai1="56,55,66,83,4,11,99,1,25,51,87,123,13" hai2="97,14,9,89,121,98,27,22,6,53,5,80,59" hai3="134,90,20,21,46,131,84,7,106,78,128,70,23"/><T95/><D112/><U107/><E123/><V62/><F121/><W18/><G70/><T32/><D132/><U31/><E66/><V65/><F5/><W0/><G106/><T42/><D32/><U114/><E114/><V77/><F65/><W49/><G78/><T19/><D109/><U124/><E124/><V74/><F89/><W12/><G7/><T129/><D129/><N who="3" m="49737" /><G0/><T115/><D115/><U130/><E130/><V30/><AGARI ba="1,0" hai="6,9,14,22,27,30,53,59,62,74,77,80,97,98" machi="30" ten="20,1500,0" yaku="0,1,7,1" doraHai="69" who="2" fromWho="2" sc="370,-8,130,-5,250,18,250,-5" /><INIT seed="1,0,0,5,4,72" ten="362,125,268,245" oya="1" hai0="4,126,47,128,55,70,49,43,25,6,69,0,14" hai1="11,97,31,88,102,48,73,77,22,127,92,113,51" hai2="37,15,122,3,110,115,114,101,21,54,81,5,120" hai3="105,123,23,112,98,62,53,71,85,39,1,107,90"/><U17/><E113/><N who="2" m="43019" /><F37/><W129/><G112/><T36/><D128/><U8/><E127/><V94/><F94/><W83/><G123/><N who="2" m="47145" /><F101/><W95/><G39/><T61/><D126/><U66/><E66/><V125/><F125/><W27/><G1/><T32/><D0/><U20/><E102/><V87/><F54/><W86/><G86/><T131/><D131/><U104/><E104/><V45/><F45/><W93/><G93/><T44/><D14/><U135/><E135/><V103/><F103/><W134/><G129/><T2/><D2/><U65/><E65/><V7/><F3/><W10/><G134/><T67/><D70/><U58/><E58/><V12/><F110/><W28/><G71/><T40/><D40/><U18/><E31/><V78/><F21/><N who="1" m="8297" /><E73/><V99/><F99/><W33/><G23/><T52/><D55/><U16/><E77/><V91/><F91/><W109/><G109/><T80/><D69/><U84/><E97/><V63/><F63/><W76/><G62/><T24/><D67/><U57/><E57/><V119/><F119/><W26/><G107/><T50/><D61/><U9/><AGARI ba="0,0" hai="8,9,11,16,17,18,48,51,84,88,92" m="8297" machi="9" ten="40,7800,0" yaku="8,1,54,2" doraHai="72" who="1" fromWho="1" sc="362,-26,125,78,268,-26,245,-26" /><INIT seed="1,1,0,5,3,8" ten="336,203,242,219" oya="1" hai0="87,12,76,16,31,89,56,68,7,40,50,121,83" hai1="34,109,118,57,19,75,135,105,10,61,5,88,14" hai2="41,35,101,127,39,46,132,92,26,45,44,62,130" hai3="82,51,36,103,58,60,11,94,65,42,67,95,3"/><U91/><E118/><V119/><F119/><W4/><G36/><T104/><D104/><U74/><E105/><V33/><F127/><W15/><G3/><T110/><D110/><U32/><E109/><V70/><F132/><W59/><G103/><T63/><D68/><U6/><E135/><V126/><F126/><W112/><G112/><T111/><D31/><U124/><E124/><V128/><F26/><W99/><G82/><T29/><D29/><U134/><E134/><V114/><F114/><W79/><G79/><T115/><D7/><N who="1" m="2571" /><E74/><V48/><F101/><W23/><G23/><N who="0" m="11655" /><D115/><U66/><E75/><V27/><F27/><W20/><G20/><T117/><D117/><U49/><E34/><V86/><F33/><W81/><G81/><T122/><D111/><U25/><E32/><V129/><F35/><W18/><G4/><T53/><D121/><U78/><E25/><V107/><F107/><W84/><G84/><T90/><D122/><U71/><E71/><V0/><F0/><W47/><G99/><T80/><D80/><U97/><E78/><V93/><F86/><W52/><REACH who="3" step="1"/><G67/><REACH who="3" ten="336,203,242,209" step="2"/><T28/><D28/><U24/><E24/><V2/><F2/><W98/><G98/><T73/><D73/><U30/><E30/><V125/><F125/><W131/><G131/><T69/><D76/><U17/><E17/><V123/><F123/><W100/><G100/><T113/><D113/><U9/><E97/><V37/><F39/><W77/><G77/><T1/><D1/><U38/><E38/><V54/><F45/><W120/><G120/><T96/><D96/><RYUUKYOKU ba="1,1" sc="336,-15,203,-15,242,15,209,15" hai2="37,41,44,46,48,54,62,70,92,93,128,129,130" hai3="11,15,18,42,47,51,52,58,59,60,65,94,95" /><INIT seed="2,2,1,4,5,52" ten="321,188,257,224" oya="2" hai0="29,54,103,55,1,58,80,20,67,74,8,117,135" hai1="19,68,122,48,129,111,130,59,41,113,7,61,21" hai2="28,104,77,126,72,81,82,112,39,43,79,30,17" hai3="133,101,35,0,131,93,50,51,57,70,31,91,92"/><V107/><F112/><W100/><G70/><T60/><D135/><U10/><E113/><V89/><F39/><W42/><G0/><T62/><D117/><U38/><E111/><V115/><F115/><W110/><G110/><T65/><D103/><U26/><E122/><V49/><F126/><W116/><G116/><T40/><D40/><U9/><E38/><V37/><F37/><W25/><G133/><T127/><D127/><U90/><E68/><V15/><F89/><W33/><G33/><T53/><D74/><U18/><E18/><V56/><F104/><W106/><G106/><T84/><D8/><U132/><E132/><V109/><F107/><W34/><G131/><N who="1" m="50186" /><E90/><V85/><F109/><W73/><G73/><T69/><D1/><U124/><E124/><V75/><F85/><W105/><G105/><T123/><D123/><U128/><N who="1" m="50194" /><U76/><DORA hai="87" /><E76/><V95/><F95/><W27/><G42/><T22/><REACH who="0" step="1"/><D29/><REACH who="0" ten="311,188,257,224" step="2"/><U108/><E108/><V118/><F118/><W119/><G31/><T98/><D98/><U121/><E121/><V12/><F43/><W64/><G119/><T88/><AGARI ba="2,2" hai="20,22,53,54,55,58,60,62,65,67,69,80,84,88" machi="88" ten="30,8000,1" yaku="1,1,0,1,52,2,54,1,53,0" doraHai="52,87" doraHaiUra="4,114" who="0" fromWho="0" sc="311,106,188,-22,257,-42,224,-22" /><INIT seed="3,0,0,1,2,31" ten="417,166,215,202" oya="3" hai0="47,120,26,111,13,127,100,125,105,70,9,115,102" hai1="72,112,89,66,121,97,68,50,36,124,77,122,6" hai2="14,67,4,25,83,92,135,134,21,99,16,3,10" hai3="63,39,119,82,65,43,34,88,28,38,113,59,81"/><W91/><G113/><T57/><D111/><U49/><E36/><V17/><F83/><W52/><G119/><T5/><D120/><U131/><E112/><V80/><F80/><W101/><G101/><T23/><D70/><U54/><E6/><V130/><F67/><W40/><G39/><T132/><D132/><N who="2" m="50730" /><F92/><W1/><G1/><T129/><D129/><U42/><E131/><V22/><F99/><W64/><G38/><T126/><D105/><U0/><E77/><V11/><F130/><W85/><G65/><T116/><D116/><U110/><E72/><V27/><F11/><W90/><G64/><T24/><D24/><AGARI ba="0,0" hai="3,4,10,14,16,17,21,22,24,25,27" m="50730" machi="24" ten="30,7700,0" yaku="20,1,34,2,54,1" doraHai="31" who="2" fromWho="0" sc="417,-77,166,0,215,77,202,0" /><INIT seed="4,0,0,3,4,53" ten="340,166,292,202" oya="0" hai0="14,80,122,68,92,0,85,43,39,62,93,135,74" hai1="99,66,1,107,106,22,94,17,132,29,100,20,111" hai2="127,37,103,58,10,69,86,101,112,24,77,76,34" hai3="56,79,109,5,133,96,113,134,4,63,110,119,2"/><T18/><D135/><N who="3" m="51721" /><G113/><T116/><D0/><U38/><E132/><V3/><F69/><W51/><G119/><T102/><D74/><U35/><E111/><N who="3" m="42506" /><G79/><T120/><D116/><U117/><E117/><V41/><F76/><W7/><G96/><T25/><D25/><U45/><E1/><V57/><F77/><W49/><G2/><T78/><D102/><U60/><E35/><V90/><F103/><W128/><G128/><T9/><D43/><U32/><E32/><V71/><F101/><W50/><G63/><T108/><D39/><U98/><E98/><V115/><F71/><W15/><G15/><T125/><D108/><U75/><E75/><V65/><F24/><W91/><G91/><T23/><D62/><U31/><E106/><V8/><F34/><W82/><G82/><T16/><D68/><U105/><E107/><V26/><F26/><W73/><G73/><T88/><D93/><U30/><E105/><V95/><F115/><W40/><G40/><T104/><D104/><U129/><E129/><V47/><F112/><W11/><G11/><T118/><D118/><U67/><E60/><V83/><F10/><W44/><G44/><T121/><D78/><U59/><E45/><V6/><F83/><W87/><G87/><T131/><D131/><U12/><E38/><V72/><F72/><W48/><N who="3" m="12288" /><DORA hai="89" /><W46/><G46/><T84/><D84/><U126/><E100/><V33/><F65/><W123/><G123/><T54/><D121/><U42/><E67/><V52/><F52/><W97/><G97/><N who="0" m="57479" /><D120/><U28/><N who="1" m="7168" /><DORA hai="13" /><U124/><E99/><RYUUKYOKU ba="0,0" sc="340,-10,166,-10,292,-10,202,30" hai3="4,5,7,56" /><INIT seed="5,1,0,4,4,54" ten="330,156,282,232" oya="1" hai0="34,86,13,57,53,125,114,45,4,73,14,126,7" hai1="115,58,64,79,133,19,109,16,49,87,103,110,69" hai2="65,131,3,43,130,92,72,118,15,134,26,129,29" hai3="68,39,123,104,76,98,117,38,105,95,106,97,63"/><U102/><E115/><V27/><F72/><W35/><G123/><T70/><D73/><U100/><E69/><V67/><F3/><W30/><G117/><T48/><D70/><U0/><E0/><V18/><F118/><W71/><G76/><T66/><D34/><U17/><E133/><V2/><F2/><W52/><G71/><T108/><D108/><N who="1" m="41579" /><E79/><V121/><F121/><W90/><G98/><T42/><D66/><U28/><E28/><V80/><F80/><W93/><G93/><T83/><D114/><U119/><E119/><V132/><F43/><W41/><G68/><T116/><D116/><U23/><E87/><V6/><F6/><N who="0" m="2090" /><D126/><U84/><E84/><V46/><F46/><W62/><G62/><N who="0" m="36143" /><D125/><U32/><E32/><N who="2" m="20535" /><F27/><W88/><G41/><T21/><D21/><U91/><E91/><AGARI ba="1,0" hai="13,14,42,45,48,83,86,91" m="36143,2090" machi="91" ten="30,2000,0" yaku="8,1,52,1" doraHai="54" who="0" fromWho="1" sc="330,23,156,-23,282,0,232,0" /><INIT seed="6,0,0,0,5,30" ten="353,133,282,232" oya="2" hai0="105,130,42,73,60,56,78,126,25,96,115,36,51" hai1="75,20,114,106,107,74,3,93,52,1,7,14,46" hai2="37,24,64,110,67,129,81,89,10,112,121,123,113" hai3="90,50,13,85,55,22,4,57,17,45,104,58,72"/><V118/><F37/><W99/><G72/><T23/><D36/><U76/><E114/><N who="2" m="44139" /><F129/><W59/><G104/><T19/><D115/><U9/><E75/><V61/><F10/><W11/><G99/><T21/><D130/><U62/><E106/><V28/><F118/><W65/><G65/><T29/><D126/><U131/><E107/><V92/><F81/><W127/><G127/><T16/><D78/><U39/><E131/><V88/><F110/><W120/><G120/><N who="2" m="46153" /><F64/><W84/><REACH who="3" step="1"/><G90/><REACH who="3" ten="353,133,282,222" step="2"/><T116/><D73/><U100/><E74/><V15/><F92/><W66/><G66/><T80/><D96/><U5/><E76/><V43/><F43/><W70/><G70/><T133/><D105/><U41/><E100/><V83/><F83/><W47/><G47/><T44/><D80/><U134/><E93/><V32/><F15/><AGARI ba="0,1" hai="4,11,13,15,17,22,45,50,55,57,58,59,84,85" machi="15" ten="40,2600,0" yaku="1,1,8,1,53,0" doraHai="30" doraHaiUra="102" who="3" fromWho="2" sc="353,0,133,0,282,-26,222,36" /><INIT seed="7,0,0,1,3,32" ten="353,133,256,258" oya="3" hai0="89,99,76,17,133,98,103,16,47,73,1,72,79" hai1="90,114,26,101,78,5,60,66,46,10,69,6,58" hai2="91,18,108,40,110,61,105,33,104,134,42,19,70" hai3="122,12,128,71,93,34,125,15,57,131,65,56,132"/><W74/><G122/><T54/><D1/><U45/><E114/><V51/><F51/><W77/><G34/><T13/><D133/><U94/><E69/><V92/><F92/><W126/><G93/><N who="0" m="58831" /><D72/><U21/><E78/><N who="0" m="29737" /><D73/><U81/><E81/><V63/><F33/><W29/><G29/><T80/><D13/><N who="3" m="5193" /><G71/><T68/><D68/><U59/><E59/><N who="3" m="22602" /><G65/><T30/><D30/><U84/><E101/><V43/><F70/><W87/><G74/><T48/><D99/><U64/><E64/><V14/><F14/><W49/><G49/><T41/><D41/><U28/><REACH who="1" step="1"/><E10/><REACH who="1" ten="353,123,256,258" step="2"/><V7/><F7/><AGARI ba="0,1" hai="5,6,7,21,26,28,45,46,58,60,66,84,90,94" machi="7" ten="40,5200,0" yaku="1,1,2,1,8,1,53,0" doraHai="32" doraHaiUra="116" who="1" fromWho="2" sc="353,0,123,62,256,-52,258,0" owari="353,45.3,185,-31.5,204,-19.6,258,5.8" /></mjloggm>