<mjloggm ver="2.3"><GO type="169" lobby="0"/><UN n0="%E3%81%8A%E3%81%AE%E3%81%BE" n1="%E3%82%B8%E3%83%A7%E3%83%8B%E3%83%B2" n2="%E4%BE%8D" n3="%E3%81%8A%E3%81%90%E3%82%89%E3%82%86%E3%81%84" dan="16,16,18,16" rate="2131.94,2128.89,2236.12,2027.88" sx="F,M,M,M"/><TAIKYOKU oya="0"/><INIT seed="0,0,0,1,0,34" ten="250,250,250,250" oya="0" hai0="38,15,105,124,66,84,120,126,63,83,35,119,23" hai1="88,114,39,110,12,89,75,20,129,32,26,130,59" hai2="7,121,111,1,92,65,5,73,117,58,69,41,51" hai3="98,27,21,106,44,104,17,94,33,86,43,53,77"/><T67/><D119/><U90/><E110/><V13/><F121/><W40/><G53/><T100/><D120/><U87/><E75/><V57/><F73/><W82/><G43/><T93/><D38/><U37/><E114/><V18/><F69/><W91/><REACH who="3" step="1"/><G33/><REACH who="3" ten="250,250,250,240" step="2"/><T52/><D35/><U72/><E39/><AGARI ba="0,1" hai="17,21,27,39,40,44,77,82,86,91,94,98,104,106" machi="39" ten="30,3900,0" yaku="1,1,2,1,7,1,53,0" doraHai="34" doraHaiUra="49" who="3" fromWho="1" sc="250,0,250,-39,250,0,240,49" /><INIT seed="1,0,0,5,5,22" ten="250,211,250,289" oya="1" hai0="128,88,120,82,91,25,99,93,73,65,109,96,55" hai1="135,94,132,4,87,108,84,50,119,28,16,43,105" hai2="129,123,100,6,74,37,18,54,110,72,133,76,52" hai3="11,31,44,71,59,67,117,47,15,66,114,92,125"/><U17/><E119/><V62/><F123/><W81/><G114/><T80/><D120/><U45/><E105/><V102/><F37/><W9/><G125/><T30/><D109/><U0/><E108/><V121/><F110/><W27/><G71/><T86/><D128/><U106/><E106/><V78/><F121/><W21/><G9/><T113/><D113/><U68/><E68/><V5/><F62/><W79/><G92/><T104/><D65/><U38/><E0/><V118/><F18/><W34/><G34/><T124/><D124/><U13/><E28/><V63/><F63/><W75/><G117/><T29/><D55/><U69/><E69/><V41/><F41/><W3/><G3/><T48/><D48/><U39/><E17/><V58/><F58/><W83/><G83/><T35/><D30/><U24/><E4/><V33/><F33/><W36/><G59/><T56/><D56/><U53/><E39/><V95/><F95/><W126/><G126/><T116/><D116/><U57/><E24/><V111/><F111/><W127/><G127/><T130/><D130/><U19/><E19/><V26/><F118/><W40/><REACH who="3" step="1"/><G44/><REACH who="3" ten="250,211,250,279" step="2"/><T107/><REACH who="0" step="1"/><D99/><REACH who="0" ten="240,211,250,279" step="2"/><U134/><REACH who="1" step="1"/><E94/><REACH who="1" ten="240,201,250,279" step="2"/><V77/><F129/><W8/><G8/><AGARI ba="0,3" hai="8,13,16,38,43,45,50,53,57,84,87,132,134,135" machi="8" ten="40,12000,1" yaku="1,1,2,1,20,1,54,1,53,0" doraHai="22" doraHaiUra="115" who="1" fromWho="3" sc="240,0,201,150,250,0,279,-120" /><INIT seed="1,1,0,2,1,27" ten="240,351,250,159" oya="1" hai0="47,52,1,49,132,23,5,29,129,112,53,76,77" hai1="123,22,97,85,25,39,82,37,30,44,105,119,120" hai2="15,59,118,17,9,2,103,18,134,126,89,26,107" hai3="71,83,10,43,74,64,81,4,111,46,69,108,28"/><U63/><E119/><V86/><F118/><W114/><G114/><T70/><D112/><U92/><E105/><V36/><F36/><W61/><G71/><T60/><D129/><U99/><E99/><V127/><F2/><W65/><G65/><T101/><D132/><U48/><E63/><V93/><F134/><W57/><G57/><T94/><D1/><U45/><E44/><V78/><F78/><W90/><G90/><T66/><D5/><U87/><E87/><V40/><F40/><W13/><G28/><T31/><D53/><U19/><E39/><V3/><F3/><W88/><G83/><T80/><D23/><U95/><E95/><V21/><F59/><W8/><G8/><T20/><D20/><U12/><E85/><V38/><F38/><W104/><G104/><T130/><D130/><U124/><E82/><V100/><REACH who="2" step="1"/><F107/><REACH who="2" ten="240,351,240,159" step="2"/><W125/><G43/><T56/><D70/><U58/><E58/><V133/><F133/><W14/><G69/><T68/><D68/><U115/><E37/><V41/><F41/><W106/><G106/><T121/><D121/><U34/><E115/><V135/><F135/><W51/><G46/><T0/><D0/><U117/><E117/><V32/><F32/><W6/><G74/><T84/><REACH who="0" step="1"/><D76/><REACH who="0" ten="230,351,240,159" step="2"/><U50/><E123/><V131/><F131/><W35/><G35/><T54/><D54/><U42/><E120/><V11/><F11/><W116/><G10/><T91/><D91/><U98/><E34/><V33/><F33/><W128/><G88/><T72/><D72/><U24/><E42/><V7/><F7/><RYUUKYOKU ba="1,2" sc="230,15,351,-15,240,15,159,-15" hai0="29,31,47,49,52,56,60,66,77,80,84,94,101" hai2="9,15,17,18,21,26,86,89,93,100,103,126,127" /><INIT seed="2,2,2,4,3,109" ten="245,336,255,144" oya="2" hai0="14,127,116,32,96,34,43,135,7,117,40,6,93" hai1="49,25,53,52,110,95,125,63,9,69,134,18,132" hai2="77,133,64,88,129,81,28,22,31,102,118,131,80" hai3="44,101,21,113,78,105,13,130,12,60,97,103,74"/><V47/><F118/><N who="0" m="45674" /><D127/><U82/><E125/><V86/><F133/><W119/><G119/><T106/><D135/><N who="1" m="51755" /><E110/><V5/><F102/><W71/><G103/><T57/><D57/><U55/><E95/><V87/><F64/><W121/><G121/><T73/><D73/><U8/><E82/><V46/><F5/><N who="0" m="1546" /><D14/><N who="1" m="7495" /><E25/><N who="2" m="16439" /><F31/><W112/><G130/><AGARI ba="2,2" hai="46,47,77,80,81,86,87,88,129,130,131" m="16439" machi="130" ten="30,2900,0" yaku="19,1,54,1" doraHai="109" who="2" fromWho="3" sc="245,0,336,0,255,55,144,-35" /><INIT seed="2,3,0,0,4,1" ten="245,336,310,109" oya="2" hai0="129,49,121,101,99,126,72,13,108,32,95,2,69" hai1="85,131,24,133,66,77,11,31,94,46,38,127,16" hai2="81,17,0,117,40,96,122,51,68,19,67,132,37" hai3="50,70,135,65,106,105,54,84,130,3,90,80,47"/><V57/><F122/><W6/><G135/><T119/><RYUUKYOKU type="yao9" ba="3,0" sc="245,0,336,0,310,0,109,0" hai0="2,13,32,49,69,72,95,99,101,108,119,121,126,129" /><INIT seed="2,4,0,2,2,53" ten="245,336,310,109" oya="2" hai0="44,82,124,72,111,54,99,37,57,36,9,69,21" hai1="132,131,35,117,15,67,123,42,12,34,47,81,92" hai2="38,98,107,0,66,84,49,26,31,128,11,8,2" hai3="32,28,27,113,86,50,125,129,93,55,75,29,4"/><V3/><F38/><W52/><G125/><T60/><D124/><U33/><E117/><V65/><F84/><W1/><G129/><T78/><D111/><U16/><E131/><V114/><F114/><W88/><G75/><T77/><D69/><U122/><E132/><V6/><F49/><W95/><G113/><T87/><D21/><U102/><E81/><V85/><F128/><W130/><G130/><T23/><D78/><U41/><E67/><V110/><F85/><W40/><G29/><T61/><D61/><U97/><E15/><V68/><F11/><W109/><G109/><T22/><D87/><U119/><E119/><V135/><F66/><W91/><G4/><T62/><D62/><U25/><E25/><V108/><F135/><W59/><G1/><N who="2" m="617" /><F65/><W46/><REACH who="3" step="1"/><G59/><REACH who="3" ten="245,336,310,99" step="2"/><T106/><D57/><U118/><E118/><V79/><F68/><W103/><G103/><T56/><D56/><U71/><E71/><V58/><F58/><W116/><G116/><T100/><D100/><U105/><E47/><V45/><F45/><W134/><G134/><T17/><D44/><U101/><E102/><N who="2" m="62935" /><F79/><W64/><G64/><T74/><D74/><U43/><REACH who="1" step="1"/><E105/><REACH who="1" ten="245,326,310,99" step="2"/><V39/><F110/><W133/><G133/><T96/><D106/><U18/><E18/><V83/><F108/><W112/><G112/><T80/><D17/><U104/><E104/><V30/><F30/><W10/><G10/><AGARI ba="4,2" hai="10,12,16,33,34,35,41,42,43,92,97,101,122,123" machi="10" ten="50,3200,0" yaku="1,1,54,1,53,0" doraHai="53" doraHaiUra="120" who="1" fromWho="3" sc="245,0,326,64,310,0,99,-44" /><INIT seed="3,0,0,0,5,47" ten="245,390,310,55" oya="3" hai0="121,127,73,79,42,18,129,2,63,97,24,87,48" hai1="94,72,1,93,35,71,125,98,28,36,84,37,91" hai2="126,119,7,3,22,64,76,96,135,89,70,107,114" hai3="111,110,105,100,33,11,78,12,10,56,50,60,68"/><W117/><G117/><T17/><D121/><U23/><E71/><V74/><F89/><W38/><G38/><T101/><D73/><U51/><E1/><V85/><F22/><W0/><G33/><T80/><D2/><U124/><E72/><V115/><F85/><W21/><G78/><T31/><D129/><U118/><E35/><V66/><F66/><W15/><G100/><T19/><D127/><N who="1" m="48715" /><E51/><V92/><F92/><W57/><G105/><T54/><D63/><U41/><E41/><V69/><F135/><W120/><G120/><T122/><D42/><U58/><E58/><N who="3" m="22634" /><G0/><T14/><D122/><U99/><E118/><V39/><F119/><W62/><G68/><T49/><D14/><N who="3" m="5161" /><G21/><N who="0" m="15759" /><D54/><U81/><E23/><V4/><F39/><W109/><G50/><N who="0" m="19563" /><D101/><N who="1" m="60623" /><E28/><V67/><F3/><W20/><G20/><T132/><D132/><U130/><E130/><V8/><F126/><W30/><G30/><T6/><D97/><U16/><E16/><V77/><F74/><W45/><G45/><T128/><D128/><U90/><AGARI ba="0,0" hai="36,37,81,84,90,91,94,99" m="60623,48715" machi="90" ten="30,1100,0" yaku="18,1" doraHai="47" who="1" fromWho="1" sc="245,-3,390,11,310,-3,55,-5" /><INIT seed="4,0,0,4,5,95" ten="242,401,307,50" oya="0" hai0="49,97,21,20,9,113,111,60,0,6,4,103,50" hai1="96,133,102,104,15,85,83,87,19,130,48,45,126" hai2="46,31,101,33,109,56,94,82,30,72,78,92,36" hai3="25,115,73,8,107,17,38,89,123,76,53,37,122"/><T28/><D111/><U14/><E126/><V116/><F109/><W67/><G67/><T79/><D113/><U131/><E133/><V22/><F33/><W99/><G53/><T10/><D79/><U112/><E112/><V132/><F132/><W63/><G63/><T71/><D60/><U44/><E44/><V24/><F30/><W42/><G17/><T120/><D71/><U51/><E51/><V75/><F75/><W64/><G25/><T127/><D127/><U3/><E3/><V135/><F135/><W43/><G8/><T39/><D39/><U27/><E27/><V118/><F56/><W13/><G64/><T124/><D124/><U90/><E87/><V52/><F101/><W12/><G76/><T54/><D120/><U88/><E90/><V18/><F31/><W2/><G89/><T23/><D28/><U35/><E35/><V114/><F114/><W80/><G80/><T91/><D91/><U32/><E32/><V119/><REACH who="2" step="1"/><F36/><REACH who="2" ten="242,401,297,50" step="2"/><W41/><G115/><T110/><D110/><U105/><E102/><V134/><F134/><W58/><G73/><T86/><D86/><U106/><E85/><V93/><F93/><W84/><G84/><T69/><D69/><U74/><E106/><V34/><F34/><W121/><G38/><T66/><D66/><U55/><E105/><V128/><F128/><W29/><G37/><T70/><D70/><U47/><E104/><V11/><F11/><W16/><G29/><T5/><D9/><U7/><E131/><V1/><F1/><W59/><G2/><T26/><D10/><U68/><E130/><RYUUKYOKU ba="0,1" sc="242,-10,401,-10,297,30,50,-10" hai2="18,22,24,46,52,72,78,82,92,94,116,118,119" /><INIT seed="5,1,1,0,0,40" ten="232,391,327,40" oya="1" hai0="3,61,97,54,46,67,0,106,91,90,114,80,12" hai1="111,51,45,124,102,70,52,72,17,131,43,5,44" hai2="66,37,122,29,103,112,50,48,130,84,14,15,95" hai3="22,58,9,94,10,127,93,49,47,60,116,133,75"/><U13/><E72/><V31/><F122/><W135/><G127/><T129/><D114/><U19/><E124/><V88/><F37/><W34/><G34/><T26/><D129/><U99/><E70/><V2/><F2/><W6/><G75/><T23/><D12/><N who="2" m="4650" /><F130/><W82/><G82/><T25/><D25/><U11/><E111/><V1/><F1/><W53/><G22/><T128/><D128/><U59/><E131/><V57/><F103/><W55/><G116/><T74/><D0/><U18/><REACH who="1" step="1"/><E43/><REACH who="1" ten="232,381,327,40" step="2"/><V4/><F112/><W96/><G6/><T87/><D74/><U24/><E24/><V35/><F4/><W98/><G133/><T21/><D26/><U41/><E41/><V110/><F110/><W77/><G135/><T36/><D3/><U86/><E86/><V68/><F68/><W89/><REACH who="3" step="1"/><G77/><REACH who="3" ten="232,381,327,30" step="2"/><T104/><D80/><U117/><E117/><V115/><F115/><W83/><G83/><T105/><D21/><U38/><E38/><V113/><F113/><W101/><AGARI ba="1,3" hai="9,10,47,49,53,55,58,60,89,93,94,96,98,101" machi="101" ten="20,8000,1" yaku="1,1,0,1,7,1,8,1,52,1,53,0" doraHai="40" doraHaiUra="134" who="3" fromWho="3" sc="232,-21,381,-41,327,-21,30,113" /><INIT seed="6,0,0,0,5,70" ten="211,340,306,143" oya="2" hai0="38,14,108,13,3,135,120,30,91,0,103,1,92" hai1="59,81,25,33,98,110,126,55,111,31,78,62,4" hai2="97,28,132,15,63,22,90,89,66,113,52,85,36" hai3="106,41,80,95,34,44,45,56,60,82,64,96,86"/><V109/><F113/><W133/><G133/><T51/><D108/><U130/><E126/><V128/><F132/><W118/><G118/><T125/><D135/><U42/><E130/><V72/><F72/><W84/><G34/><T124/><D120/><U131/><E131/><V61/><F128/><W101/><G106/><T100/><D30/><U79/><E79/><V21/><F36/><W53/><G64/><T114/><D114/><U2/><E42/><V17/><F109/><W57/><G57/><T87/><D51/><U68/><E4/><V69/><F97/><W122/><G122/><T40/><D40/><U20/><E2/><V74/><F74/><W99/><G99/><T39/><D13/><U58/><E68/><V116/><F116/><W94/><G94/><T121/><D14/><U134/><E134/><V32/><F32/><W18/><G18/><T43/><D43/><U102/><E59/><N who="2" m="37183" /><F28/><W19/><G19/><T50/><D50/><U35/><E35/><V73/><F73/><W76/><REACH who="3" step="1"/><G41/><REACH who="3" ten="211,340,306,133" step="2"/><T112/><D121/><U8/><E33/><V88/><F69/><W10/><G10/><T65/><D65/><U47/><E8/><V29/><F29/><W23/><G23/><T5/><D112/><U117/><E117/><V7/><F22/><W127/><G127/><N who="0" m="48715" /><D5/><U115/><E115/><V75/><F7/><W9/><G9/><T93/><D92/><U71/><E71/><V54/><F21/><W83/><G83/><T107/><D107/><N who="1" m="63959" /><E47/><V49/><F17/><W123/><G123/><T77/><D93/><U105/><E105/><V104/><F104/><RYUUKYOKU ba="0,1" sc="211,-15,340,15,306,-15,133,15" hai1="20,25,31,55,58,62,78,81,110,111" hai3="44,45,53,56,60,76,80,82,84,86,95,96,101" /><INIT seed="7,1,1,1,2,111" ten="196,355,291,148" oya="3" hai0="26,51,4,48,19,132,44,122,79,129,75,58,17" hai1="91,35,81,124,16,63,128,74,66,107,24,83,98" hai2="135,65,100,3,22,118,109,38,53,11,52,49,116" hai3="131,82,102,80,120,50,20,64,43,25,94,104,30"/><W31/><G120/><T115/><D122/><U103/><E128/><V127/><F109/><W27/><G104/><T12/><D129/><U47/><E124/><V101/><F38/><W60/><G131/><T125/><D125/><U134/><E134/><V84/><F127/><W96/><G50/><T62/><D132/><U61/><E83/><V57/><F135/><W56/><G43/><T34/><D115/><U46/><E63/><V89/><F65/><W67/><REACH who="3" step="1"/><G64/><REACH who="3" ten="196,355,291,138" step="2"/><T33/><D51/><U88/><E66/><V73/><F53/><W77/><G77/><T0/><D79/><U5/><E107/><V13/><F118/><W45/><G45/><T119/><D48/><U18/><E47/><V70/><F116/><W114/><G114/><T76/><D44/><U41/><E61/><V32/><F52/><W90/><G90/><T37/><D119/><U95/><E91/><V55/><F89/><W108/><G108/><T2/><D76/><U42/><E42/><V28/><F55/><W85/><G85/><T87/><D87/><U106/><E46/><V133/><F84/><W14/><G14/><T8/><D12/><U112/><E41/><V71/><F13/><W7/><G7/><T99/><D4/><U68/><E5/><V105/><F105/><W86/><G86/><T69/><D62/><U23/><E112/><V126/><F49/><W72/><G72/><T40/><D75/><U6/><E6/><N who="2" m="1503" /><F126/><W130/><G130/><T9/><D40/><U121/><E121/><V113/><F133/><W123/><G123/><T97/><D0/><U15/><E74/><RYUUKYOKU ba="1,2" sc="196,-10,355,-10,291,-10,138,30" hai3="20,25,27,30,31,56,60,67,80,82,94,96,102" /><INIT seed="7,2,2,4,2,99" ten="186,345,281,168" oya="3" hai0="80,128,124,4,113,67,45,58,114,21,60,57,94" hai1="72,117,74,2,22,47,95,15,20,135,118,92,16" hai2="107,64,103,61,131,42,84,0,70,1,38,134,28" hai3="98,10,122,111,17,11,104,69,54,115,39,125,49"/><W31/><G122/><T110/><D110/><U130/><E135/><V37/><F84/><W73/><G73/><N who="1" m="28266" /><E130/><V32/><F131/><W93/><G39/><N who="2" m="14857" /><F42/><W26/><G104/><T120/><D120/><U132/><E132/><V62/><F62/><W123/><G69/><T71/><D124/><U100/><E2/><V66/><F66/><W63/><G123/><T46/><D128/><U102/><E47/><N who="0" m="17929" /><D4/><U87/><E22/><V68/><F68/><W75/><G75/><T82/><D94/><N who="1" m="35883" /><E87/><V14/><F14/><W24/><G63/><T9/><D9/><U55/><E55/><V27/><F134/><W53/><G125/><T8/><D8/><U6/><E6/><V5/><F5/><W133/><G111/><T30/><D21/><U50/><E50/><V85/><F85/><W90/><G133/><T83/><D30/><U35/><E35/><V91/><F91/><W12/><G49/><T51/><D51/><U76/><E76/><V3/><F3/><W77/><G77/><T126/><D126/><U112/><E112/><AGARI ba="2,2" hai="57,58,60,67,71,80,82,83,112,113,114" m="17929" machi="112" ten="30,2000,0" yaku="15,1,11,1" doraHai="99" who="0" fromWho="1" sc="186,46,345,-26,281,0,168,0" owari="232,-16.8,319,41.9,281,8.1,168,-33.2" /></mjloggm>