<mjloggm ver="2.3"><GO type="169" lobby="0"/><UN n0="%E3%83%8F%E3%82%AC%E3%82%BF%E3%82%AB%E3%81%AE%E3%81%88%E3%81%98%E3%81%8D" n1="%E6%9C%AA%E6%9D%A5%E5%B0%91%E5%B9%B4" n2="%E6%9C%A8%E5%8E%9F%E8%B1%AA%E4%B8%80" n3="%4D%4A%E3%82%A2%E3%83%B3%E3%82%B0%E3%83%A9%E3%83%BC" dan="17,16,17,16" rate="2147.21,2145.90,2140.49,2071.52" sx="M,F,M,M"/><TAIKYOKU oya="0"/><INIT seed="0,0,0,5,1,27" ten="250,250,250,250" oya="0" hai0="16,73,1,113,19,34,76,56,89,2,97,122,107" hai1="127,67,52,33,129,111,79,71,39,101,91,30,21" hai2="28,23,74,63,95,130,72,22,104,10,42,115,11" hai3="38,100,86,75,109,14,17,128,105,92,60,68,26"/><T31/><D113/><U12/><E39/><V25/><F104/><W98/><G38/><T0/><D122/><U58/><E111/><V96/><F115/><W108/><G75/><T7/><D7/><U81/><E127/><V116/><F130/><W114/><G114/><T48/><D76/><U65/><E71/><V120/><F120/><W24/><G128/><T54/><D73/><U40/><E40/><V110/><F110/><W94/><G86/><T134/><D134/><U8/><E91/><V47/><F11/><W6/><G6/><T66/><D66/><U13/><E101/><V125/><F116/><W44/><G44/><T132/><D132/><U41/><E41/><V123/><F125/><W119/><G119/><T55/><D55/><U18/><E33/><V131/><F10/><W9/><G109/><T32/><D89/><U15/><E15/><V49/><F123/><W69/><G69/><T29/><D34/><U50/><E129/><V99/><F99/><W51/><G108/><T117/><D117/><U126/><E126/><V70/><F23/><W124/><G124/><T64/><D64/><U59/><E59/><V37/><F37/><W121/><G121/><T20/><D32/><U80/><E80/><V85/><F85/><W103/><G103/><N who="0" m="62959" /><D19/><U84/><REACH who="1" step="1"/><E30/><REACH who="1" ten="250,240,250,250" step="2"/><V135/><F131/><W35/><G35/><T90/><D90/><U118/><E118/><V112/><F135/><W82/><G82/><T45/><D56/><U46/><E46/><V78/><F112/><W106/><G68/><T53/><D53/><U4/><AGARI ba="0,1" hai="4,8,12,13,18,21,50,52,58,65,67,79,81,84" machi="4" ten="20,12000,2" yaku="1,1,0,1,7,1,8,1,54,1,53,1" doraHai="27" doraHaiUra="3" who="1" fromWho="1" sc="250,-60,240,130,250,-30,250,-30" /><INIT seed="1,0,0,2,0,73" ten="190,370,220,220" oya="1" hai0="69,12,42,37,106,117,1,28,93,68,32,103,110" hai1="9,119,129,16,84,101,30,100,57,52,130,80,116" hai2="18,34,118,45,76,98,29,48,51,83,5,56,113" hai3="134,91,10,89,58,77,3,120,21,132,22,15,114"/><U60/><E30/><V59/><F118/><W46/><G3/><T43/><D1/><U99/><E116/><V20/><F113/><W19/><G114/><T44/><D117/><U133/><E133/><V104/><F5/><W71/><G71/><T97/><D110/><U126/><E126/><V111/><F34/><W25/><G120/><T26/><D12/><N who="1" m="7183" /><E99/><V127/><F29/><W39/><G58/><T122/><D122/><U79/><E119/><V109/><F51/><W78/><G46/><T75/><D43/><U50/><E60/><V33/><F33/><W38/><G25/><T55/><D55/><U61/><E61/><V11/><F11/><W131/><G131/><AGARI ba="0,0" hai="50,52,57,79,80,84,100,101,129,130,131" m="7183" machi="131" ten="30,11600,0" yaku="19,1,52,1,54,2" doraHai="73" who="1" fromWho="3" sc="190,0,370,116,220,0,220,-116" /><INIT seed="1,1,0,3,4,27" ten="190,486,220,104" oya="1" hai0="94,102,97,14,79,45,87,69,95,1,124,75,64" hai1="54,17,107,127,36,28,84,61,15,106,22,116,108" hai2="110,83,57,130,5,104,99,3,49,25,18,42,58" hai3="11,37,55,12,66,40,88,6,120,101,96,63,41"/><U111/><E116/><V76/><F3/><W112/><G112/><T16/><D124/><U109/><E36/><V31/><F5/><W114/><G114/><T13/><D1/><U117/><E117/><V60/><F110/><W65/><G120/><T56/><D69/><U68/><E127/><V93/><F104/><W73/><G73/><T72/><D13/><U70/><E84/><V24/><F18/><W133/><G133/><T125/><D125/><U103/><E103/><V126/><F25/><W38/><G38/><T0/><D0/><U46/><E28/><V48/><F58/><W44/><G41/><T92/><D45/><U21/><E21/><V33/><F42/><W26/><G26/><T20/><D87/><U78/><E78/><V121/><F130/><W7/><G7/><T50/><D79/><U19/><E19/><V10/><F10/><W82/><G82/><T35/><D35/><U32/><E32/><V23/><F33/><W77/><G77/><T51/><D51/><N who="1" m="29047" /><E61/><V4/><F4/><W59/><REACH who="3" step="1"/><G88/><REACH who="3" ten="190,486,220,94" step="2"/><T115/><D115/><U89/><E89/><N who="2" m="55727" /><F121/><W30/><G30/><T90/><D90/><U81/><E81/><V29/><F29/><W91/><G91/><T43/><D43/><U128/><E128/><V8/><F126/><W122/><G122/><T2/><D75/><U134/><E134/><V135/><F135/><W67/><G67/><T98/><D72/><U118/><E118/><V71/><F83/><W123/><G123/><T52/><D64/><U53/><E53/><V100/><F76/><W129/><G129/><T80/><D52/><RYUUKYOKU ba="1,1" sc="190,-15,486,15,220,-15,94,15" hai1="15,17,22,68,70,106,107,108,109,111" hai3="6,11,12,37,40,44,55,59,63,65,66,96,101" /><INIT seed="1,2,1,3,3,83" ten="175,501,205,109" oya="1" hai0="113,75,126,23,4,82,133,37,3,15,53,63,41" hai1="0,112,90,32,45,56,33,76,52,91,20,127,28" hai2="17,43,21,131,35,72,93,104,85,36,19,135,57" hai3="89,25,94,65,98,86,44,27,48,130,97,123,116"/><U62/><E112/><V119/><F104/><W1/><G123/><T54/><D113/><U71/><E0/><V26/><F119/><W67/><G1/><T100/><D126/><U38/><E127/><V58/><F72/><W42/><G116/><T2/><D133/><U9/><E76/><V13/><F131/><W18/><G130/><T10/><D100/><U95/><E71/><V118/><F118/><W11/><G27/><T109/><D109/><U49/><E38/><V128/><F135/><W64/><G25/><T46/><D63/><U115/><E9/><V29/><F128/><W110/><G110/><T124/><D124/><U40/><E115/><V16/><F19/><W87/><REACH who="3" step="1"/><G97/><REACH who="3" ten="175,501,205,99" step="2"/><T60/><D2/><U88/><E33/><V59/><F35/><W68/><G68/><T120/><D120/><U111/><E32/><V8/><F29/><W106/><G106/><T84/><D3/><U5/><E111/><V66/><F26/><W107/><G107/><T81/><D15/><AGARI ba="2,2" hai="11,15,18,42,44,48,64,65,67,86,87,89,94,98" machi="15" ten="40,8000,1" yaku="1,1,8,1,52,2,53,0" doraHai="83" doraHaiUra="125" who="3" fromWho="0" sc="175,-86,501,0,205,0,99,106" /><INIT seed="2,0,0,1,0,51" ten="89,501,205,205" oya="2" hai0="113,3,119,97,109,77,8,107,79,22,87,47,85" hai1="55,68,81,72,125,106,114,11,19,35,99,82,71" hai2="93,70,52,20,135,27,57,33,133,60,95,15,64" hai3="130,0,31,58,73,96,21,44,59,128,34,63,13"/><V10/><F33/><W98/><G0/><T39/><D109/><U84/><E114/><V16/><F70/><W86/><G73/><T48/><D113/><U56/><E35/><V14/><F14/><W131/><G44/><T117/><D39/><U53/><E125/><V111/><F111/><W25/><G86/><T65/><D65/><U38/><E38/><V2/><F2/><W101/><G59/><T28/><D107/><U43/><E43/><V49/><F135/><W69/><G69/><T120/><D97/><U40/><E40/><V66/><F133/><W115/><G115/><T26/><D120/><U41/><E41/><V104/><F104/><W124/><G124/><T118/><D85/><U76/><E99/><V127/><F127/><W132/><G132/><T42/><REACH who="0" step="1"/><D87/><REACH who="0" ten="79,501,205,205" step="2"/><U102/><E106/><V7/><F60/><W54/><G101/><T134/><D134/><U112/><E84/><V12/><F12/><W122/><G122/><T91/><D91/><U1/><E112/><V105/><F105/><W36/><G36/><T9/><D9/><U6/><E11/><V80/><F80/><W67/><G67/><AGARI ba="0,1" hai="7,10,15,16,20,27,49,52,57,64,66,67,93,95" machi="67" ten="40,12000,1" yaku="8,1,52,1,54,2" doraHai="51" who="2" fromWho="3" sc="79,0,501,0,205,130,205,-120" /><INIT seed="2,1,0,4,1,102" ten="79,501,335,85" oya="2" hai0="51,101,14,50,55,22,97,133,88,104,129,120,15" hai1="29,2,100,17,105,16,83,134,57,30,3,18,28" hai2="127,81,91,110,56,99,94,118,80,109,90,119,69" hai3="124,62,113,8,106,71,85,31,87,108,93,43,86"/><V121/><F69/><W76/><G113/><T84/><D120/><U38/><E38/><V72/><F56/><W24/><G43/><T41/><D129/><U54/><E134/><V53/><F53/><W126/><G76/><T60/><D133/><U13/><E13/><V45/><F45/><W74/><G74/><T82/><D41/><U33/><E33/><V46/><F46/><W32/><G8/><T59/><REACH who="0" step="1"/><D22/><REACH who="0" ten="69,501,335,85" step="2"/><U52/><E2/><V35/><F121/><W12/><G126/><T44/><D44/><U5/><E3/><V130/><F130/><W58/><G124/><T73/><D73/><U48/><E5/><V6/><F6/><W96/><G71/><T10/><D10/><U0/><E0/><V63/><F127/><W47/><G47/><T42/><D42/><U125/><E125/><V4/><F4/><W112/><G112/><T26/><D26/><U123/><E123/><V95/><F72/><W92/><G12/><AGARI ba="1,1" hai="12,14,15,50,51,55,59,60,82,84,88,97,101,104" machi="12" ten="40,8000,1" yaku="1,1,52,1,54,1,53,1" doraHai="102" doraHaiUra="77" who="0" fromWho="3" sc="69,93,501,0,335,0,85,-83" /><INIT seed="3,0,0,3,3,86" ten="162,501,335,2" oya="3" hai0="131,113,15,18,128,57,87,30,112,65,98,49,105" hai1="117,3,115,4,78,74,55,92,89,28,33,60,23" hai2="124,52,71,16,8,61,97,58,123,50,40,45,46" hai3="13,11,29,9,70,94,76,99,38,14,67,63,24"/><W1/><G38/><T54/><D30/><U120/><E120/><V75/><F75/><W43/><G43/><T102/><D65/><U101/><E33/><V85/><F124/><W134/><G76/><T47/><D47/><U122/><E122/><V34/><F34/><W84/><G84/><T108/><D87/><U31/><E101/><V20/><F123/><W0/><G134/><T119/><D108/><U68/><E117/><V73/><F73/><W111/><G111/><T83/><D83/><U35/><E35/><V62/><F97/><W42/><G42/><T130/><D119/><U126/><E126/><V121/><F121/><W103/><G29/><T127/><D127/><U125/><E125/><V79/><F71/><W100/><G24/><T69/><D69/><U6/><E78/><V118/><F118/><W12/><G103/><T2/><D2/><U109/><E74/><V82/><F8/><AGARI ba="0,0" hai="8,15,18,49,54,57,98,102,105,112,113,128,130,131" machi="8" ten="40,1300,0" yaku="19,1" doraHai="86" who="0" fromWho="2" sc="162,13,501,0,335,-13,2,0" /><INIT seed="4,0,0,3,5,87" ten="175,501,322,2" oya="0" hai0="81,90,131,66,96,62,11,25,13,29,49,102,110" hai1="97,44,36,127,109,135,7,23,33,100,76,115,89" hai2="91,14,5,34,71,61,113,47,75,121,22,126,122" hai3="83,92,128,111,73,80,53,68,93,16,10,77,112"/><T51/><D131/><U30/><E109/><V70/><F34/><W59/><G111/><T27/><D110/><U99/><E33/><V134/><F75/><W74/><G68/><T104/><D25/><U26/><E127/><V12/><F47/><W98/><G112/><T45/><D45/><U117/><E117/><V2/><F2/><W52/><G128/><T60/><D81/><U9/><E135/><V105/><F105/><W18/><G10/><T119/><D90/><U4/><E115/><V82/><F82/><W58/><G77/><T6/><D62/><U24/><E76/><V57/><F134/><W86/><G86/><T120/><D120/><U69/><E89/><V67/><F113/><W8/><G8/><T55/><D55/><U35/><E9/><V101/><F101/><W123/><G123/><T19/><D6/><U28/><E100/><V85/><F5/><W114/><G114/><T42/><D42/><U103/><E103/><V65/><F65/><W48/><G48/><T15/><D15/><U64/><E44/><V50/><F12/><W31/><G31/><T94/><D119/><U84/><E7/><V130/><F130/><W129/><G129/><T106/><D106/><U124/><E4/><V46/><F121/><W108/><G108/><T54/><D54/><U3/><E26/><V37/><F122/><W79/><G79/><T95/><D104/><U72/><E24/><V21/><F71/><W20/><G20/><N who="2" m="7785" /><F70/><W116/><G116/><T88/><D27/><U63/><E69/><V125/><F125/><W107/><G107/><T1/><D29/><RYUUKYOKU ba="0,0" sc="175,-10,501,-10,322,-10,2,30" hai3="16,18,52,53,58,59,73,74,80,83,92,93,98" /><INIT seed="5,1,0,0,3,121" ten="165,491,312,32" oya="1" hai0="46,23,122,12,5,103,65,91,97,90,100,82,120" hai1="80,48,105,14,98,22,43,101,116,104,47,53,0" hai2="44,58,27,99,84,130,135,95,42,76,17,69,50" hai3="49,71,57,67,33,26,73,118,110,60,28,78,11"/><U79/><E116/><V30/><F69/><W34/><G118/><T59/><D46/><U119/><E119/><V61/><F135/><W3/><G49/><T81/><D59/><U75/><E0/><V93/><F130/><W126/><G57/><T62/><D62/><U117/><E117/><V39/><F17/><W87/><G87/><T4/><D97/><U25/><E14/><V86/><F39/><W113/><G113/><T123/><D65/><U125/><E125/><V131/><F131/><W29/><G126/><T45/><D45/><U88/><E88/><N who="0" m="33833" /><D23/><U132/><E132/><V85/><F76/><W31/><G31/><T13/><D13/><U36/><E105/><V128/><F128/><W16/><G16/><T72/><D12/><U6/><E6/><N who="0" m="2665" /><D72/><U109/><E22/><N who="2" m="15735" /><F99/><W66/><G66/><AGARI ba="1,0" hai="42,44,50,58,61,66,84,85,86,93,95" m="15735" machi="66" ten="30,1000,0" yaku="8,1" doraHai="121" who="2" fromWho="3" sc="165,0,491,0,312,13,32,-13" /><INIT seed="6,0,0,2,1,114" ten="165,491,325,19" oya="2" hai0="48,17,54,90,125,49,64,116,9,119,59,123,5" hai1="75,104,18,11,46,20,107,127,1,4,27,102,74" hai2="16,76,33,89,55,12,61,67,113,84,29,37,133" hai3="77,2,97,10,7,19,34,126,21,56,24,65,25"/><V28/><F37/><W43/><G43/><T73/><D73/><U32/><E127/><V22/><F113/><W86/><G126/><T62/><D123/><U68/><E68/><V106/><F106/><W92/><G77/><T72/><D72/><U96/><E107/><V91/><F133/><W83/><G34/><T45/><D17/><U110/><E110/><V13/><F76/><W66/><G25/><T80/><D125/><U44/><E32/><V0/><F0/><W6/><G7/><T100/><D100/><U36/><E36/><V95/><F55/><W41/><G41/><T60/><D90/><U30/><E30/><V98/><F13/><W128/><G128/><T57/><D80/><U39/><E39/><V8/><F8/><W121/><G121/><T112/><D112/><U111/><E111/><V47/><F47/><W103/><REACH who="3" step="1"/><G56/><REACH who="3" ten="165,491,325,9" step="2"/><T79/><D79/><U122/><E122/><V135/><F33/><W85/><G85/><T50/><REACH who="0" step="1"/><D45/><REACH who="0" ten="155,491,325,9" step="2"/><U69/><E74/><V38/><F29/><W53/><G53/><T134/><D134/><U81/><E75/><V26/><F135/><W23/><G23/><T124/><D124/><U3/><E18/><V130/><F28/><W101/><G101/><T31/><D31/><U120/><E102/><V87/><F16/><W42/><G42/><T131/><D131/><U71/><E46/><V58/><F130/><W52/><G52/><T78/><D78/><U118/><E44/><V115/><F115/><W99/><G99/><T94/><D94/><U35/><E104/><V88/><F98/><W93/><G93/><RYUUKYOKU ba="0,2" sc="155,15,491,-15,325,-15,9,15" hai0="5,9,48,49,50,54,57,59,60,62,64,116,119" hai3="2,6,10,19,21,24,65,66,83,86,92,97,103" /><INIT seed="7,1,2,3,0,109" ten="170,476,310,24" oya="3" hai0="121,30,86,94,134,54,99,53,81,74,123,58,124" hai1="1,102,105,55,115,14,3,112,79,107,113,28,118" hai2="52,38,11,19,48,93,51,7,90,37,135,82,24" hai3="34,130,4,117,104,78,2,43,44,47,119,0,129"/><W42/><G104/><N who="1" m="40010" /><E118/><N who="3" m="45066" /><G34/><T27/><D124/><U116/><E116/><V17/><F51/><W61/><G61/><T84/><D84/><U62/><BYE who="0" /><E102/><UN n0="%E3%83%8F%E3%82%AC%E3%82%BF%E3%82%AB%E3%81%AE%E3%81%88%E3%81%98%E3%81%8D" /><V60/><F60/><W39/><G78/><T23/><D134/><U69/><E79/><V9/><F37/><N who="3" m="21583" /><G4/><T35/><D74/><U10/><E28/><V70/><F38/><W126/><G126/><T72/><D72/><U103/><E103/><V13/><F135/><W36/><G36/><T110/><D23/><U50/><E62/><V57/><F19/><W132/><G132/><T26/><D121/><U49/><E69/><V40/><F70/><W18/><G18/><T87/><D81/><U114/><E114/><V22/><F82/><W108/><G108/><T5/><D5/><N who="1" m="3407" /><E50/><V63/><F40/><W21/><G21/><T128/><D35/><U41/><E41/><V76/><F76/><W6/><G6/><T46/><D46/><AGARI ba="1,2" hai="1,3,46,49,55,112,113,115" m="3407,40010" machi="46" ten="40,8000,1" yaku="15,1,52,3" doraHai="109" who="1" fromWho="0" sc="170,-83,476,103,310,0,24,0" owari="87,-31.3,579,67.9,310,11.0,24,-47.6" /></mjloggm>