<mjloggm ver="2.3"><GO type="169" lobby="0"/><UN n0="%E3%83%A2%E3%82%A4%E3%83%92%E3%83%A3%E3%83%B3" n1="%E6%BC%82%E3%81%86" n2="%E6%B2%B3%E7%AB%A5%E3%81%AE%E3%83%AF%E3%82%AB%E3%83%9E%E3%83%84" n3="%6B%73%77%72%74" dan="17,16,19,16" rate="2138.50,2121.58,2333.50,2135.48" sx="M,M,M,M"/><TAIKYOKU oya="0"/><INIT seed="0,0,0,0,5,101" ten="250,250,250,250" oya="0" hai0="46,60,103,55,127,39,63,9,79,76,80,19,33" hai1="35,41,54,4,22,110,81,109,56,38,45,121,108" hai2="28,123,94,53,42,74,112,115,50,71,61,126,26" hai3="99,1,69,6,131,102,125,87,52,114,128,12,97"/><T135/><D33/><U77/><E35/><V18/><F123/><W5/><G114/><T51/><D135/><U100/><E121/><V64/><F126/><W96/><G125/><T17/><D127/><U36/><E36/><V107/><F74/><W70/><G1/><T82/><D39/><U24/><E4/><N who="3" m="1642" /><G12/><T106/><D80/><U84/><E100/><V68/><F68/><N who="3" m="26219" /><G87/><T14/><D19/><U129/><E129/><N who="3" m="49738" /><G52/><T66/><D66/><U49/><REACH who="1" step="1"/><E108/><REACH who="1" ten="250,240,250,250" step="2"/><V92/><F112/><W95/><AGARI ba="0,1" hai="95,96,97,99,102" m="49738,26219,1642" machi="95" ten="40,1500,0" yaku="19,1" doraHai="101" who="3" fromWho="3" sc="250,-7,240,-4,250,-4,250,25" /><INIT seed="1,0,0,2,5,3" ten="243,236,246,275" oya="1" hai0="97,42,132,12,40,63,25,100,133,122,34,59,53" hai1="22,44,57,124,65,32,7,84,56,58,91,61,89" hai2="74,5,70,18,68,36,131,11,86,96,128,73,79" hai3="101,92,64,90,60,81,75,94,71,99,109,121,72"/><U27/><E32/><V16/><F36/><W135/><G121/><T4/><D122/><U66/><E124/><V98/><F86/><W51/><G109/><T95/><D34/><U125/><E125/><V28/><F28/><W37/><G37/><T43/><REACH who="0" step="1"/><D25/><REACH who="0" ten="233,236,246,275" step="2"/><U21/><E27/><V108/><F108/><W130/><G75/><T110/><D110/><U114/><E114/><V112/><F112/><W82/><G72/><T26/><D26/><U6/><E44/><V15/><F74/><W129/><G130/><T106/><D106/><U30/><E30/><V62/><F128/><W123/><G129/><T1/><D1/><U23/><E61/><V87/><F73/><W118/><G123/><T83/><D83/><N who="1" m="49311" /><E91/><V20/><F131/><W105/><G105/><T80/><D80/><U38/><E38/><V113/><F113/><W31/><G31/><T19/><D19/><U9/><E9/><AGARI ba="0,1" hai="4,9,12,40,42,43,53,59,63,95,97,100,132,133" machi="9" ten="40,5200,0" yaku="1,1,52,1,53,1" doraHai="3" doraHaiUra="0" who="0" fromWho="1" sc="233,62,236,-52,246,0,275,0" /><INIT seed="2,0,0,1,3,107" ten="295,184,246,275" oya="2" hai0="101,112,79,111,30,56,102,132,1,121,83,59,3" hai1="96,126,48,64,61,117,55,95,14,75,25,40,110" hai2="44,86,7,82,77,108,99,127,129,35,63,28,58" hai3="2,125,57,11,0,118,16,115,12,22,5,122,19"/><V39/><F129/><W87/><G118/><T84/><D121/><U6/><E117/><V47/><F127/><W94/><G122/><T24/><D112/><U46/><E110/><V42/><F108/><W54/><G125/><T119/><D119/><U33/><E126/><V114/><F114/><W41/><G115/><T130/><D111/><U60/><E75/><V51/><F99/><W103/><G41/><T89/><D130/><U116/><E116/><V36/><F47/><W78/><G19/><T123/><D123/><U76/><E76/><V106/><F106/><W43/><G43/><T15/><D89/><U100/><E33/><V124/><F124/><W135/><G135/><T29/><D132/><U34/><E34/><V70/><F70/><W26/><G78/><T45/><D15/><U53/><E25/><V69/><F69/><W98/><REACH who="3" step="1"/><G87/><REACH who="3" ten="295,184,246,265" step="2"/><T88/><D84/><U92/><E40/><V73/><F86/><W50/><AGARI ba="0,1" hai="0,2,5,11,12,16,22,26,50,54,57,94,98,103" machi="50" ten="20,8000,1" yaku="1,1,2,1,0,1,7,1,54,1,53,0" doraHai="107" doraHaiUra="104" who="3" fromWho="3" sc="295,-20,184,-20,246,-40,265,90" /><INIT seed="3,0,0,5,5,6" ten="275,164,206,355" oya="3" hai0="94,81,21,44,58,88,57,12,116,29,5,31,123" hai1="76,19,112,115,60,10,105,46,97,33,40,25,83" hai2="84,117,4,132,38,114,121,128,50,39,82,15,102" hai3="119,53,51,129,30,7,37,26,125,122,32,74,61"/><W91/><G74/><T89/><D123/><U47/><E112/><V98/><F114/><W68/><G119/><T103/><D116/><U99/><E115/><V75/><F117/><W28/><G122/><T24/><D31/><U69/><E47/><V133/><F75/><W56/><G125/><T80/><D103/><U120/><E120/><V71/><F71/><W16/><G129/><T134/><D134/><N who="2" m="51818" /><F121/><W65/><G37/><T73/><D44/><U101/><E99/><V126/><F50/><W77/><G77/><T35/><D89/><U1/><E19/><V17/><F4/><W104/><G104/><T59/><D73/><U131/><E131/><V106/><F126/><W27/><G7/><T34/><D34/><U93/><E93/><V41/><F41/><W79/><G79/><T9/><REACH who="0" step="1"/><D35/><REACH who="0" ten="265,164,206,355" step="2"/><U127/><E127/><V42/><F128/><W20/><G91/><T8/><D8/><U87/><E10/><N who="2" m="6391" /><F42/><W92/><G28/><T96/><AGARI ba="0,1" hai="5,9,12,21,24,29,57,58,59,80,81,88,94,96" machi="96" ten="30,8000,1" yaku="1,1,0,1,8,1,52,1,54,1,53,0" doraHai="6" doraHaiUra="62" who="0" fromWho="0" sc="265,90,164,-20,206,-20,355,-40" /><INIT seed="4,0,0,4,2,97" ten="355,144,186,315" oya="0" hai0="57,131,108,20,13,126,58,37,110,40,73,114,55" hai1="28,88,30,72,87,48,83,75,11,90,45,65,59" hai2="32,80,95,134,106,127,70,74,14,22,10,25,84" hai3="125,52,41,63,54,62,133,121,12,77,92,107,26"/><T109/><D114/><U112/><E75/><V6/><F70/><W17/><G107/><T38/><D73/><U124/><E72/><V9/><F106/><W3/><G3/><T79/><D79/><U103/><E112/><V101/><F134/><W67/><G125/><T56/><D126/><U85/><E11/><V117/><F127/><W64/><G133/><T76/><D76/><U33/><E33/><V93/><F74/><W44/><G77/><T102/><D102/><U132/><E132/><V129/><F129/><W135/><G26/><T78/><D78/><U8/><E8/><V61/><F117/><W81/><G81/><T19/><D131/><U21/><E21/><V23/><F61/><W47/><G121/><T123/><D123/><U60/><E103/><V15/><F32/><W51/><G92/><N who="2" m="35401" /><F101/><W16/><G135/><T18/><D40/><N who="1" m="24615" /><E124/><V4/><F25/><W69/><G12/><T71/><D71/><U29/><E83/><V31/><F31/><N who="1" m="7937" /><U35/><DORA hai="100" /><E35/><V104/><F104/><W42/><G69/><T98/><D98/><U1/><E1/><V130/><F130/><W27/><G51/><N who="0" m="30847" /><D19/><U115/><E115/><V82/><F84/><AGARI ba="0,0" hai="59,60,65,84,85,87,88,90" m="7937,24615" machi="84" ten="30,2000,0" yaku="8,1,54,1" doraHai="97,100" who="1" fromWho="2" sc="355,0,144,20,186,-20,315,0" /><INIT seed="5,0,0,5,1,23" ten="355,164,166,315" oya="1" hai0="38,75,43,54,40,22,93,89,106,27,13,49,127" hai1="41,4,1,77,36,45,46,57,7,26,91,99,28" hai2="50,86,24,131,104,14,3,47,134,32,113,72,2" hai3="101,25,103,122,61,66,10,115,109,74,111,71,82"/><U84/><E1/><V39/><F72/><W83/><G122/><T6/><D106/><U56/><E77/><V76/><F104/><W85/><G115/><T94/><D75/><U60/><E99/><V130/><F39/><W125/><G125/><T128/><D38/><U12/><E46/><V124/><F14/><W9/><G74/><T78/><D78/><U69/><E69/><V37/><F37/><W107/><G83/><T65/><D65/><U116/><E116/><V108/><F108/><W52/><G10/><N who="0" m="4311" /><D127/><U67/><E12/><V53/><F124/><W123/><G123/><T59/><D128/><N who="2" m="49194" /><F134/><W70/><G70/><T42/><D89/><U48/><E57/><V44/><F44/><W58/><G9/><T132/><D132/><U105/><E36/><V33/><F113/><W98/><G103/><T30/><AGARI ba="0,0" hai="22,27,30,40,42,43,49,54,59,93,94" m="4311" machi="30" ten="30,2000,0" yaku="8,1,52,1" doraHai="23" who="0" fromWho="0" sc="355,20,164,-10,166,-5,315,-5" /><INIT seed="6,0,0,1,2,15" ten="375,154,161,310" oya="2" hai0="65,90,73,33,28,37,131,64,98,128,21,10,1" hai1="121,52,92,123,5,99,76,91,11,24,134,49,23" hai2="59,118,108,16,20,88,113,71,35,54,101,120,27" hai3="63,84,42,126,2,9,4,80,6,69,8,46,41"/><V102/><F120/><N who="1" m="46153" /><E76/><V67/><F118/><W70/><G126/><T25/><D37/><U122/><N who="1" m="46161" /><U100/><DORA hai="72" /><E134/><V61/><F113/><W17/><G63/><T124/><D73/><U83/><E83/><V119/><F119/><W47/><G17/><T85/><D98/><U51/><E91/><V81/><F35/><W104/><G104/><T78/><D78/><U79/><E79/><V0/><F0/><W77/><G47/><T95/><D33/><U132/><E132/><V62/><REACH who="2" step="1"/><F108/><REACH who="2" ten="375,154,151,310" step="2"/><W30/><G2/><T39/><D1/><N who="1" m="431" /><E52/><V55/><F55/><W68/><G42/><T29/><D131/><U112/><E112/><V115/><F115/><W74/><G41/><T7/><D128/><U87/><E87/><AGARI ba="0,1" hai="16,20,27,54,59,61,62,67,71,81,87,88,101,102" machi="87" ten="40,18000,2" yaku="1,1,52,1,54,2,53,2" doraHai="15,72" doraHaiUra="133,96" who="2" fromWho="1" sc="375,0,154,-180,151,190,310,0" owari="375,47.5,-26,-52.6,341,14.1,310,-9.0" /></mjloggm>