<mjloggm ver="2.3"><GO type="169" lobby="0"/><UN n0="%68%7A%63" n1="%E3%82%AD%E3%83%AA%E3%83%B3%E3%83%AA%E3%82%AD%E5%BF%AB" n2="%6A%61%63%6B%74" n3="%E7%99%BD%E9%AB%AA%E9%AC%BC" dan="18,17,16,16" rate="2191.53,2198.17,2132.09,2122.43" sx="F,M,M,M"/><TAIKYOKU oya="0"/><INIT seed="0,0,0,1,0,44" ten="250,250,250,250" oya="0" hai0="101,0,121,106,68,96,88,90,115,26,83,74,111" hai1="91,135,63,7,53,61,59,8,29,39,112,125,127" hai2="3,22,82,12,124,129,33,104,43,80,113,50,41" hai3="130,55,10,58,98,13,25,15,21,126,105,132,81"/><T23/><D115/><U97/><E112/><V66/><F113/><W32/><G32/><T77/><D121/><U103/><E39/><V65/><F3/><W20/><G130/><T17/><D68/><U45/><E135/><V35/><F12/><W131/><G131/><T60/><D0/><U36/><E29/><V109/><F129/><W117/><G117/><T110/><REACH who="0" step="1"/><D60/><REACH who="0" ten="240,250,250,250" step="2"/><U2/><E63/><V51/><F124/><W62/><G126/><T120/><D120/><U75/><E127/><V11/><F109/><AGARI ba="0,1" hai="17,23,26,74,77,83,88,90,96,101,106,109,110,111" machi="109" ten="40,12000,1" yaku="1,1,14,1,10,1,54,1,53,0" doraHai="44" doraHaiUra="108" who="0" fromWho="2" sc="240,130,250,0,250,-120,250,0" /><INIT seed="0,1,0,3,0,109" ten="370,250,130,250" oya="0" hai0="7,44,87,40,105,132,75,70,107,111,104,115,84" hai1="69,66,56,123,38,30,39,34,26,99,103,100,88" hai2="11,1,130,79,47,19,93,57,112,4,134,74,106" hai3="12,117,33,119,17,16,118,55,6,63,65,96,68"/><T54/><D111/><U0/><E123/><V24/><F106/><W28/><G55/><T58/><D132/><U95/><E56/><V29/><F134/><W91/><G6/><T35/><D75/><U14/><E0/><V32/><F130/><W31/><G33/><T22/><D35/><U2/><E2/><V101/><F57/><W62/><G62/><T121/><D70/><U131/><E131/><V53/><F53/><W42/><G42/><T64/><D64/><U52/><E52/><V85/><F101/><W25/><G25/><T102/><D121/><U67/><E14/><V108/><F108/><W127/><G127/><T41/><D7/><U133/><E66/><V120/><F120/><W114/><G114/><T50/><D102/><U77/><E77/><V94/><F112/><W90/><G17/><T80/><D115/><U128/><E128/><V5/><F5/><W49/><G49/><T71/><D71/><U61/><REACH who="1" step="1"/><E133/><REACH who="1" ten="370,240,130,250" step="2"/><V129/><F129/><W110/><G110/><T60/><D41/><U81/><E81/><V48/><F1/><W37/><G118/><T9/><D80/><U83/><E83/><N who="2" m="47359" /><F74/><W97/><G119/><T10/><D40/><U73/><E73/><V86/><F47/><W3/><G3/><T45/><D45/><U23/><E23/><V126/><F32/><W122/><G122/><T21/><D21/><U13/><E13/><V27/><F126/><W15/><G117/><T78/><D78/><U124/><E124/><V36/><F24/><W46/><G12/><T116/><D116/><U113/><E113/><V8/><F27/><RYUUKYOKU ba="1,1" sc="370,-10,240,30,130,-10,250,-10" hai1="26,30,34,38,39,61,67,69,88,95,99,100,103" /><INIT seed="1,2,1,1,4,8" ten="360,270,120,240" oya="1" hai0="58,91,90,102,2,76,77,130,15,83,63,31,12" hai1="62,51,57,118,85,20,67,116,52,122,9,103,108" hai2="50,88,5,94,74,3,98,96,135,29,61,25,73" hai3="107,49,109,38,100,28,11,18,99,114,89,110,79"/><U59/><E122/><V106/><F135/><W93/><G38/><T27/><D2/><U120/><E120/><V0/><F5/><W132/><G132/><T48/><D130/><U4/><E108/><N who="3" m="41578" /><G114/><T84/><D102/><U55/><E103/><V34/><F50/><W123/><G123/><T40/><D91/><U78/><E20/><V17/><F106/><W60/><G28/><T101/><D101/><U82/><REACH who="1" step="1"/><E67/><REACH who="1" ten="360,260,120,240" step="2"/><V87/><F34/><W112/><G100/><T80/><D31/><U127/><E127/><V42/><F29/><W53/><G107/><T23/><D23/><U129/><E129/><V97/><F0/><AGARI ba="2,2" hai="0,4,9,51,52,55,57,59,62,78,82,85,116,118" machi="0" ten="30,5800,0" yaku="1,1,7,1,54,1,53,0" doraHai="8" doraHaiUra="14" who="1" fromWho="2" sc="360,0,260,84,120,-64,240,0" /><INIT seed="1,3,0,3,4,47" ten="360,344,56,240" oya="1" hai0="70,56,36,72,50,108,116,40,104,11,114,49,133" hai1="74,69,58,91,125,42,122,21,107,9,90,1,33" hai2="109,131,6,76,135,110,31,112,77,111,17,115,5" hai3="60,59,34,75,35,88,71,67,128,29,63,81,37"/><U15/><E122/><V26/><F76/><W99/><G37/><T64/><D104/><U127/><E69/><V85/><F85/><W52/><G128/><T4/><D114/><N who="2" m="43562" /><F77/><W92/><G75/><T24/><D72/><U12/><E33/><N who="2" m="20727" /><F131/><W38/><G38/><T113/><D113/><U126/><E74/><V55/><F55/><W93/><G81/><T19/><D116/><U118/><E118/><V2/><F2/><W103/><REACH who="3" step="1"/><G29/><REACH who="3" ten="360,344,56,230" step="2"/><T100/><D36/><U61/><E126/><V45/><F135/><W79/><G79/><T14/><D133/><U27/><E125/><V73/><F73/><W83/><G83/><T44/><D108/><U0/><E127/><V129/><F129/><W16/><G16/><T13/><D19/><U78/><E78/><V123/><F123/><W51/><G51/><T41/><D50/><U98/><E61/><V89/><F89/><W22/><G22/><T18/><D49/><U130/><E90/><V65/><F45/><W39/><G39/><T54/><D44/><U28/><E91/><V82/><F82/><W23/><G23/><T30/><D18/><U105/><E130/><V8/><F65/><W10/><G10/><T57/><D64/><U101/><E9/><V66/><F66/><W62/><G62/><T46/><D46/><U43/><E43/><V120/><F120/><W117/><G117/><T119/><D119/><U94/><E42/><V106/><F106/><W20/><G20/><T48/><D41/><U124/><E124/><V95/><F95/><W53/><G53/><N who="0" m="31783" /><D40/><U86/><E107/><V80/><F80/><RYUUKYOKU ba="3,1" sc="360,-15,344,-15,56,15,230,15" hai2="5,6,8,17,109,110,111" hai3="34,35,52,59,60,63,67,71,88,92,93,99,103" /><INIT seed="2,4,1,1,1,117" ten="345,329,71,245" oya="2" hai0="101,131,127,10,134,82,40,95,70,77,112,110,125" hai1="120,89,65,34,21,73,52,25,111,1,28,43,96" hai2="0,124,48,113,54,121,76,27,88,98,8,50,41" hai3="87,63,107,53,11,14,123,78,90,102,116,35,23"/><V29/><F113/><W92/><G116/><T119/><D70/><U133/><E73/><V59/><F124/><N who="0" m="47690" /><D10/><U38/><E1/><V58/><F76/><W45/><G35/><T83/><D40/><U39/><E111/><V64/><F121/><W100/><G107/><T79/><D119/><U67/><E133/><V74/><F74/><W36/><G78/><N who="0" m="29707" /><D112/><U81/><E34/><V71/><F71/><W5/><G123/><T69/><D69/><U33/><E33/><V108/><F108/><W118/><G118/><T44/><D44/><U24/><E43/><V46/><F0/><W93/><G36/><T17/><D17/><U97/><E38/><V32/><F8/><W6/><G6/><T84/><D110/><U105/><E39/><V3/><F3/><W86/><G23/><T7/><D7/><U26/><E21/><V37/><F37/><W13/><G13/><T57/><D57/><U104/><E28/><V62/><REACH who="2" step="1"/><F98/><REACH who="2" ten="345,329,61,245" step="2"/><W61/><G11/><T16/><D134/><U132/><E132/><V99/><F99/><W94/><G5/><T122/><D122/><U30/><E120/><V91/><AGARI ba="4,2" hai="27,29,32,41,46,48,50,54,58,59,62,64,88,91" machi="91" ten="30,6000,0" yaku="1,1,0,1,54,1,53,0" doraHai="117" doraHaiUra="19" who="2" fromWho="2" sc="345,-24,329,-24,61,92,245,-24" /><INIT seed="2,5,0,5,1,58" ten="321,305,153,221" oya="2" hai0="39,99,3,111,19,32,10,110,67,49,6,45,9" hai1="93,103,1,106,47,133,25,63,37,56,119,50,115" hai2="0,17,73,43,7,125,46,123,15,33,116,124,61" hai3="31,57,41,76,11,64,132,54,13,78,51,52,97"/><V134/><F116/><W34/><G132/><T14/><D39/><U40/><E119/><V42/><F123/><W102/><G41/><T104/><D32/><U2/><E115/><V62/><F73/><W100/><G64/><T71/><D99/><U27/><E133/><V118/><F118/><W60/><G31/><T130/><D104/><U90/><E37/><V5/><F134/><W20/><G20/><T22/><D22/><U109/><E109/><V127/><F33/><W128/><G34/><T4/><D19/><U83/><E83/><V79/><F79/><N who="3" m="30251" /><G128/><T86/><D86/><U114/><E103/><N who="3" m="39466" /><G97/><T21/><D21/><U70/><E106/><V117/><F117/><W24/><G24/><T101/><D101/><U108/><E114/><V92/><F92/><W87/><G87/><T75/><D75/><U30/><E108/><N who="0" m="41513" /><D130/><U16/><E70/><V84/><F84/><W74/><G74/><T91/><D91/><U68/><E68/><V55/><F55/><N who="3" m="33855" /><G51/><T85/><D85/><U96/><E25/><V107/><F107/><W28/><G28/><T48/><D48/><U80/><E80/><V112/><F112/><W18/><AGARI ba="5,0" hai="11,13,18,52,54" m="33855,39466,30251" machi="18" ten="30,4000,0" yaku="8,1,52,1,54,1" doraHai="58" who="3" fromWho="3" sc="321,-15,305,-15,153,-25,221,55" /><INIT seed="3,0,0,2,0,73" ten="306,290,128,276" oya="3" hai0="79,60,38,114,41,121,13,25,120,88,4,84,5" hai1="8,111,101,89,51,132,77,97,105,19,90,1,30" hai2="43,80,104,129,61,78,28,133,7,117,29,27,110" hai3="62,103,48,87,21,113,63,59,35,93,115,95,55"/><W52/><G35/><T124/><D38/><U57/><E111/><V102/><F110/><W71/><G71/><T118/><D118/><U99/><E132/><V54/><F133/><W130/><G130/><T131/><D41/><U16/><E30/><V128/><F117/><W100/><G21/><T69/><D131/><N who="2" m="50250" /><F43/><W6/><G6/><T108/><D108/><U2/><E8/><V68/><F7/><W0/><G0/><T24/><D124/><U81/><E1/><V3/><F3/><W23/><G23/><T86/><D114/><U75/><E2/><V17/><F17/><W135/><G135/><T20/><D60/><U112/><E112/><V40/><F40/><W32/><G32/><T47/><D47/><U66/><E51/><V125/><F125/><W18/><G18/><N who="0" m="10319" /><D69/><U56/><E56/><N who="2" m="34967" /><F68/><W67/><G87/><T85/><D121/><U26/><E26/><N who="0" m="10345" /><D86/><U45/><E45/><V46/><F46/><W15/><G48/><T33/><D33/><U10/><E10/><V109/><F109/><W50/><G50/><T9/><D120/><U72/><E19/><V127/><F127/><W94/><G15/><N who="0" m="5543" /><D5/><U83/><E57/><V64/><F27/><W119/><G119/><T123/><D123/><U134/><E134/><V31/><F64/><W76/><G67/><T44/><D44/><U122/><E66/><V65/><F65/><W107/><G115/><T126/><D126/><U70/><E70/><V106/><F102/><N who="3" m="38955" /><G113/><T74/><D88/><N who="1" m="33899" /><E122/><V39/><F39/><W42/><G42/><T82/><D82/><U11/><E101/><V53/><F53/><RYUUKYOKU ba="0,0" sc="306,15,290,-15,128,15,276,-15" hai0="74,79,84,85" hai2="28,29,31,78,80,104,106" /><INIT seed="4,1,0,5,1,28" ten="321,275,143,261" oya="0" hai0="5,99,131,43,93,35,25,51,107,133,98,124,65" hai1="83,32,87,84,41,68,120,59,82,110,39,63,85" hai2="80,112,121,106,6,118,44,45,16,135,123,127,55" hai3="62,119,11,116,40,125,134,109,71,10,42,15,101"/><T81/><D124/><U102/><E110/><V53/><F106/><W69/><G109/><T22/><D131/><U12/><E120/><V21/><F127/><W47/><G125/><T23/><D133/><U50/><E39/><V70/><F70/><W48/><G101/><T46/><D65/><U33/><E68/><V36/><F6/><W92/><G134/><T64/><D64/><U94/><E12/><V58/><F135/><W78/><G78/><T86/><D5/><U4/><E4/><V24/><F112/><W57/><G92/><T100/><D25/><U13/><E13/><V90/><F118/><W49/><G15/><T126/><D126/><U122/><E122/><V52/><F58/><W30/><G30/><T79/><REACH who="0" step="1"/><D35/><REACH who="0" ten="311,275,143,261" step="2"/><U77/><E32/><V129/><F129/><W20/><G119/><T75/><D75/><U17/><E33/><V96/><F123/><W73/><G73/><T3/><D3/><U9/><E17/><V91/><F121/><W8/><G116/><T114/><D114/><U104/><E77/><V113/><F113/><W130/><G130/><T117/><D117/><U34/><E34/><V1/><F1/><W29/><G29/><T89/><AGARI ba="1,1" hai="22,23,43,46,51,79,81,86,89,93,98,99,100,107" machi="89" ten="20,3900,0" yaku="1,1,0,1,7,1,53,0" doraHai="28" doraHaiUra="67" who="0" fromWho="0" sc="311,52,275,-14,143,-14,261,-14" /><INIT seed="4,2,0,3,1,128" ten="363,261,129,247" oya="0" hai0="100,38,60,47,69,51,61,126,90,135,4,13,116" hai1="78,123,37,30,95,121,20,129,101,68,54,43,11" hai2="120,113,110,93,98,15,28,65,89,83,45,114,9" hai3="46,31,85,17,23,7,36,74,72,41,103,80,12"/><T34/><D34/><U81/><E68/><V2/><F120/><W42/><G42/><T33/><D33/><U118/><E118/><V16/><F110/><W71/><G71/><T56/><D100/><U6/><E129/><V104/><F104/><W59/><G103/><T53/><D116/><U40/><E54/><V0/><F28/><W66/><G31/><T87/><D126/><U73/><E40/><V8/><F65/><W18/><G7/><T109/><D109/><U64/><E64/><V50/><F83/><W124/><G124/><T63/><D38/><U52/><E52/><V25/><F25/><W32/><G32/><T62/><D69/><U35/><E20/><V77/><F77/><W102/><G102/><T48/><D135/><U117/><E117/><V112/><REACH who="2" step="1"/><F8/><REACH who="2" ten="363,261,119,247" step="2"/><W1/><G66/><T111/><D111/><U86/><E30/><V134/><F134/><W75/><G80/><N who="0" m="49511" /><D47/><U96/><E35/><V76/><F76/><W84/><G59/><T88/><D56/><U22/><E22/><V127/><F127/><W57/><G57/><T27/><D27/><U5/><E11/><V39/><F39/><W131/><G36/><T44/><D44/><N who="1" m="23663" /><E73/><V55/><AGARI ba="2,1" hai="0,2,9,15,16,45,50,55,89,93,98,112,113,114" machi="55" ten="30,7900,0" yaku="1,1,0,1,15,1,54,1,53,0" doraHai="128" doraHaiUra="106" who="2" fromWho="2" sc="363,-41,261,-22,119,95,247,-22" /><INIT seed="5,0,0,0,0,34" ten="322,239,214,225" oya="1" hai0="103,45,72,118,10,117,23,18,116,100,42,88,111" hai1="40,41,49,109,91,56,32,104,8,63,130,39,62" hai2="133,36,53,0,21,90,115,110,24,124,37,6,31" hai3="108,25,131,7,16,3,44,86,54,57,99,80,126"/><U43/><E32/><V64/><F110/><W96/><G108/><T125/><D72/><U26/><E104/><V2/><F6/><W66/><G131/><T59/><D111/><U114/><E109/><V9/><F64/><W105/><G105/><T52/><D10/><U129/><E26/><V76/><F76/><W97/><G126/><T30/><D30/><U101/><E101/><V61/><F9/><W107/><G107/><T134/><D134/><U95/><E39/><V102/><F102/><W47/><G66/><T71/><D71/><U82/><E82/><V122/><F122/><W11/><G25/><T22/><D125/><U127/><E127/><V38/><F124/><W70/><G70/><T75/><D75/><U94/><E8/><V123/><F123/><W77/><REACH who="3" step="1"/><G16/><REACH who="3" ten="322,239,214,215" step="2"/><T35/><D18/><U87/><E130/><V121/><F121/><W135/><G135/><T112/><D118/><U69/><E129/><V15/><F133/><W84/><G84/><T28/><D117/><U120/><E120/><V60/><F24/><W13/><G13/><T74/><D74/><U50/><E69/><V48/><F15/><W55/><G55/><T79/><D52/><U29/><E87/><V128/><F128/><W89/><G89/><T67/><D88/><U20/><E91/><V5/><F90/><W19/><G19/><T17/><D17/><U27/><E114/><V81/><F115/><W78/><G78/><T1/><D79/><U65/><E63/><AGARI ba="0,1" hai="3,7,11,44,47,54,57,63,77,80,86,96,97,99" machi="63" ten="40,2600,0" yaku="1,1,52,1,53,0" doraHai="34" doraHaiUra="119" who="3" fromWho="1" sc="322,0,239,-26,214,0,215,36" /><INIT seed="6,0,0,2,4,10" ten="322,213,214,251" oya="2" hai0="38,30,134,129,16,64,4,135,92,31,12,83,23" hai1="104,6,44,18,73,88,21,33,48,102,82,90,47" hai2="109,13,97,22,79,63,126,89,35,72,71,124,42" hai3="60,122,49,20,32,128,7,114,111,68,1,101,76"/><V3/><F3/><W121/><G111/><T95/><D38/><U45/><E33/><V78/><F35/><W55/><G32/><T91/><D129/><U87/><E6/><V29/><F109/><W46/><G128/><T17/><D64/><U132/><E132/><N who="0" m="50729" /><D4/><U96/><E73/><V94/><F42/><W19/><G114/><T2/><D2/><U52/><E90/><V125/><F72/><W93/><G76/><N who="2" m="29225" /><F29/><N who="0" m="10762" /><D17/><U61/><E61/><V118/><F118/><W54/><G7/><T112/><D112/><U59/><E59/><V115/><F115/><W25/><G1/><T85/><AGARI ba="0,0" hai="12,16,23,83,85,91,92,95" m="10762,50729" machi="85" ten="30,4000,0" yaku="20,1,52,1,54,1" doraHai="10" who="0" fromWho="0" sc="322,40,213,-10,214,-20,251,-10" /><INIT seed="7,0,0,5,2,10" ten="362,203,194,241" oya="3" hai0="42,127,45,119,52,115,94,113,55,77,114,28,82" hai1="129,3,74,69,118,64,56,116,53,59,29,57,105" hai2="92,15,110,133,4,73,8,90,117,88,84,126,22" hai3="123,40,106,103,46,134,111,97,130,70,38,79,49"/><W25/><G123/><T62/><D119/><N who="1" m="45611" /><E129/><V11/><F117/><W37/><G130/><T63/><D94/><U47/><E3/><V5/><F110/><W135/><G111/><T102/><D102/><U27/><E74/><V44/><F73/><W87/><G70/><T0/><D28/><U101/><E69/><V65/><F133/><W43/><G25/><T128/><D127/><U66/><E101/><V12/><F126/><W132/><REACH who="3" step="1"/><G40/><REACH who="3" ten="362,203,194,231" step="2"/><T9/><D42/><U26/><E26/><V39/><F65/><W93/><G93/><T109/><D109/><U14/><E105/><V33/><F33/><W76/><G76/><T6/><D128/><U122/><E122/><V86/><F22/><W124/><G124/><T41/><D55/><U17/><E66/><V61/><F61/><W21/><G21/><T83/><D52/><U36/><E64/><V81/><F44/><W100/><G100/><T99/><D63/><U96/><E47/><V60/><F60/><W80/><AGARI ba="0,1" hai="37,38,43,46,49,79,80,87,97,103,106,132,134,135" machi="80" ten="40,7800,0" yaku="1,1,0,1,20,1,53,0" doraHai="10" doraHaiUra="120" who="3" fromWho="3" sc="362,-26,203,-26,194,-26,231,88" /><INIT seed="7,1,0,1,2,25" ten="336,177,168,319" oya="3" hai0="102,114,49,61,127,16,60,82,11,29,111,62,37" hai1="83,20,129,64,52,38,134,63,45,86,1,7,107" hai2="116,92,24,2,97,35,79,59,119,99,22,93,55" hai3="53,120,56,54,76,112,74,30,109,100,77,28,42"/><W115/><G120/><T32/><D37/><U103/><E129/><V6/><F35/><W84/><G74/><T36/><D36/><U98/><E134/><V67/><F79/><W73/><G73/><T105/><D111/><U133/><E133/><V0/><F6/><W26/><G109/><T70/><D82/><U12/><E1/><V128/><F128/><W121/><G121/><T124/><D49/><U108/><E108/><V51/><F67/><W10/><G100/><T21/><D11/><U17/><E7/><V81/><F81/><W41/><G10/><T44/><D44/><U72/><E72/><V125/><F125/><N who="0" m="48202" /><D114/><N who="3" m="43561" /><G84/><T5/><D5/><U65/><E38/><V31/><F119/><W58/><G77/><T96/><D32/><U123/><E123/><V43/><F116/><W8/><G8/><T122/><D122/><U47/><E86/><V9/><F9/><W95/><G95/><T89/><D89/><U88/><E88/><V113/><F113/><W131/><G76/><T106/><D106/><U104/><E104/><V126/><F126/><W78/><G78/><T13/><D29/><N who="3" m="11369" /><G26/><T23/><D23/><U130/><E130/><V69/><F43/><N who="3" m="16395" /><G131/><T4/><D4/><U27/><E83/><V66/><F93/><W68/><G68/><AGARI ba="1,0" hai="13,16,21,60,61,62,68,70,96,102,105" m="48202" machi="68" ten="30,2000,0" yaku="18,1,54,1" doraHai="25" who="0" fromWho="3" sc="336,23,177,0,168,0,319,-23" owari="359,45.9,177,-22.3,168,-33.2,296,9.6" /></mjloggm>