<mjloggm ver="2.3"><GO type="169" lobby="0"/><UN n0="%46%75%77%61" n1="%74%77%69%74%63%68" n2="%E5%AE%8C%E5%85%A8%E5%AE%89%E7%89%8C" n3="%E7%B4%99%E4%BB%A3%E3%81%AA%E3%81%A4%E3%82%81" dan="17,16,17,16" rate="2185.86,2151.38,2182.85,2063.68" sx="M,F,M,F"/><TAIKYOKU oya="0"/><INIT seed="0,0,0,2,0,32" ten="250,250,250,250" oya="0" hai0="109,30,132,81,73,42,97,63,117,45,20,40,103" hai1="92,134,101,72,43,53,31,11,0,99,86,111,110" hai2="125,78,60,77,16,44,116,89,26,23,106,118,51" hai3="12,36,112,124,8,135,33,64,54,127,69,59,35"/><T62/><D117/><N who="2" m="45162" /><F106/><W27/><G36/><T55/><D132/><U88/><E72/><V17/><F125/><N who="3" m="48203" /><G112/><T3/><D3/><U82/><E134/><V120/><F120/><W2/><G2/><T57/><D109/><N who="1" m="41483" /><E31/><V85/><F60/><N who="3" m="40071" /><G27/><N who="0" m="16743" /><D63/><U6/><E43/><N who="0" m="16425" /><D45/><U102/><E53/><N who="2" m="29927" /><F17/><N who="3" m="8327" /><G135/><T108/><D108/><U50/><E50/><AGARI ba="0,0" hai="33,35,50,54,59" m="8327,40071,48203" machi="50" ten="30,1000,0" yaku="18,1" doraHai="32" who="3" fromWho="1" sc="250,0,250,-10,250,0,250,10" /><INIT seed="1,0,0,2,4,2" ten="250,240,250,260" oya="1" hai0="96,67,126,83,132,71,90,32,49,45,42,53,10" hai1="65,23,36,112,99,115,0,101,133,127,114,103,81" hai2="134,116,29,97,43,84,108,122,87,30,93,119,58" hai3="14,80,57,104,118,9,47,59,105,12,20,62,120"/><U40/><E133/><V107/><F122/><W37/><G120/><T13/><D126/><U135/><E127/><V5/><F134/><W55/><G118/><T46/><D132/><U21/><E135/><V100/><F108/><W38/><G80/><T8/><D32/><U1/><E65/><V16/><F43/><W54/><G20/><T25/><D25/><U22/><E81/><V89/><F87/><W34/><G34/><T51/><D71/><U98/><E40/><V27/><F58/><W121/><G121/><T125/><D125/><U70/><E70/><V111/><F111/><W109/><G109/><T28/><D28/><U78/><E78/><V85/><F85/><W50/><G14/><T7/><D67/><U63/><E63/><V18/><F29/><W68/><G68/><T74/><D10/><U19/><E19/><V41/><F41/><W82/><G82/><T94/><REACH who="0" step="1"/><D83/><REACH who="0" ten="240,240,250,260" step="2"/><U73/><E73/><AGARI ba="0,1" hai="7,8,13,42,45,46,49,51,53,73,74,90,94,96" machi="73" ten="40,5200,0" yaku="1,1,2,1,52,1,53,0" doraHai="2" doraHaiUra="129" who="0" fromWho="1" sc="240,62,240,-52,250,0,260,0" /><INIT seed="2,0,0,4,2,100" ten="302,188,250,260" oya="2" hai0="73,60,131,6,42,26,79,27,14,24,25,98,44" hai1="32,70,12,113,18,90,29,75,109,36,128,43,92" hai2="5,19,130,124,54,132,41,91,114,83,63,55,28" hai3="133,108,125,74,123,35,22,61,2,45,115,57,58"/><V49/><F114/><W86/><G35/><T68/><D131/><U51/><E113/><V34/><F124/><W116/><G74/><T15/><D68/><U39/><E70/><V67/><F132/><W59/><G2/><T122/><D122/><U16/><E75/><V106/><F5/><W56/><G22/><T38/><D60/><U13/><E109/><V110/><F28/><W53/><G86/><T4/><D98/><U135/><E135/><V104/><F34/><W88/><G123/><T1/><N who="0" m="6144" /><DORA hai="78" /><T127/><D127/><U89/><E128/><V10/><F41/><W17/><G125/><T101/><D101/><U31/><E32/><V84/><F130/><W112/><G108/><T62/><D62/><U50/><E92/><V52/><F49/><W30/><G30/><T81/><REACH who="0" step="1"/><D6/><REACH who="0" ten="292,188,250,260" step="2"/><U111/><REACH who="1" step="1"/><E111/><REACH who="1" ten="292,178,250,260" step="2"/><V94/><F110/><W87/><G112/><T20/><D20/><U77/><E77/><V8/><F8/><AGARI ba="0,2" hai="1,4,8,14,15,38,42,44,73,79,81" m="6144" machi="8" ten="50,8000,1" yaku="1,1,25,2,52,1,53,0" doraHai="100,78" doraHaiUra="96,65" who="0" fromWho="2" sc="292,100,178,0,250,-80,260,0" /><INIT seed="3,0,0,3,1,103" ten="392,178,170,260" oya="3" hai0="26,88,101,60,32,24,128,63,38,16,39,37,34" hai1="47,13,124,68,86,21,12,77,62,84,30,43,9" hai2="19,54,113,8,25,134,135,56,107,31,89,27,102" hai3="23,45,2,114,76,75,99,109,33,49,112,79,105"/><W111/><G33/><T116/><D116/><U6/><E124/><V3/><F113/><W48/><G2/><T92/><D128/><U110/><E110/><N who="3" m="41994" /><G49/><T127/><D127/><U125/><E125/><V69/><F69/><W120/><G120/><T72/><D72/><U18/><E30/><V15/><F3/><W22/><G75/><T67/><D101/><U29/><E29/><V4/><F4/><W57/><G57/><T98/><D63/><U87/><E62/><N who="2" m="36119" /><F89/><W90/><G76/><T14/><D34/><U117/><E68/><V126/><F31/><W40/><G79/><T7/><D7/><U97/><E97/><N who="2" m="61903" /><F126/><W11/><G11/><T64/><D64/><U104/><E104/><V82/><F82/><W53/><G53/><T119/><D119/><U93/><E117/><V58/><F58/><W78/><G78/><T122/><D122/><U52/><E93/><V71/><F71/><W28/><G28/><T10/><REACH who="0" step="1"/><D32/><REACH who="0" ten="382,178,170,260" step="2"/><U59/><E77/><V132/><AGARI ba="0,1" hai="8,15,19,25,27,132,134,135" m="61903,36119" machi="132" ten="30,2000,0" yaku="20,1,52,1" doraHai="103" who="2" fromWho="2" sc="382,-5,178,-5,170,30,260,-10" /><INIT seed="4,0,0,2,0,29" ten="377,173,200,250" oya="0" hai0="135,47,31,66,109,72,7,84,133,107,85,35,88" hai1="119,129,106,3,14,86,2,132,1,96,65,43,67" hai2="79,103,50,105,49,51,99,90,8,40,13,102,81" hai3="89,44,108,118,113,24,78,30,26,0,101,58,116"/><T9/><D72/><U5/><E119/><V12/><F102/><W18/><G0/><T123/><D123/><U16/><E132/><N who="0" m="50761" /><D107/><U98/><E129/><V60/><F60/><W131/><G108/><T57/><D47/><U95/><E43/><V124/><F124/><W36/><G113/><T6/><D109/><U77/><E5/><V45/><F90/><W28/><G101/><T112/><D112/><U15/><E15/><V130/><F130/><W41/><G131/><T91/><D6/><U93/><E106/><V68/><F68/><W82/><G89/><T10/><D10/><U53/><E53/><V21/><F21/><W115/><G58/><T64/><D85/><U38/><E38/><V94/><F105/><W114/><G114/><T61/><D66/><U32/><E32/><V120/><F120/><W104/><G104/><T54/><D64/><U39/><E39/><V87/><REACH who="2" step="1"/><F13/><REACH who="2" ten="377,173,190,250" step="2"/><W48/><G115/><T71/><D71/><U42/><E14/><V127/><F127/><W73/><G116/><T20/><D20/><U75/><E1/><V100/><F100/><W83/><G118/><T70/><D70/><U19/><E3/><V110/><F110/><W55/><G78/><T122/><D122/><U59/><E2/><V92/><F92/><W134/><G134/><T33/><D91/><U11/><E95/><V46/><F46/><W125/><G125/><T80/><D31/><U69/><E93/><V117/><F117/><W126/><G28/><T111/><D111/><U34/><E34/><V128/><F128/><W121/><G30/><T56/><D56/><RYUUKYOKU ba="0,1" sc="377,15,173,-15,190,15,250,-15" hai0="7,9,33,35,54,57,61,80,84,88" hai2="8,12,40,45,49,50,51,79,81,87,94,99,103" /><INIT seed="4,1,1,0,2,25" ten="392,158,205,235" oya="0" hai0="52,116,35,120,94,70,96,117,14,55,104,102,53" hai1="46,118,65,92,7,135,78,34,72,100,50,36,122" hai2="54,89,16,48,77,91,86,0,68,107,126,6,97" hai3="131,19,74,105,43,10,127,69,67,134,8,130,13"/><T79/><D120/><U12/><E118/><V26/><F68/><W59/><G105/><T9/><D70/><U73/><E122/><V44/><F126/><W95/><G74/><T103/><D79/><U38/><E34/><V90/><F0/><W60/><G127/><T66/><D66/><U21/><E135/><V114/><F114/><W99/><G134/><T125/><D125/><U5/><E38/><V113/><F113/><W80/><G43/><T106/><D35/><U24/><E36/><V40/><F6/><W101/><G80/><T18/><REACH who="0" step="1"/><D103/><REACH who="0" ten="382,158,205,235" step="2"/><U29/><E78/><V62/><F77/><W27/><G69/><T15/><D15/><U76/><E76/><V111/><F111/><W22/><REACH who="3" step="1"/><G8/><REACH who="3" ten="382,158,205,225" step="2"/><T11/><D11/><U4/><E72/><V17/><F107/><AGARI ba="1,3" hai="9,14,18,52,53,55,94,96,102,104,106,107,116,117" machi="107" ten="40,3900,0" yaku="1,1,54,1,53,0" doraHai="25" doraHaiUra="42" who="0" fromWho="2" sc="382,72,158,0,205,-42,225,0" /><INIT seed="4,2,0,4,4,33" ten="454,158,163,225" oya="0" hai0="92,115,18,4,99,59,120,135,74,91,1,48,62" hai1="107,119,58,46,125,16,13,109,3,71,97,57,66" hai2="31,86,21,93,26,56,87,134,85,61,35,124,44" hai3="39,55,98,101,67,88,76,121,108,34,129,63,95"/><T65/><D120/><U50/><E119/><V94/><F134/><W79/><G34/><T37/><D37/><U126/><E109/><V28/><F124/><N who="1" m="47721" /><E71/><V128/><F128/><W80/><G39/><T47/><D135/><U14/><E14/><V102/><F35/><W51/><G129/><T27/><D74/><U42/><E66/><N who="2" m="39207" /><F44/><W6/><G108/><T112/><D18/><U19/><E19/><N who="2" m="12607" /><F102/><W113/><G6/><T123/><D27/><U12/><E12/><V49/><F49/><W69/><G113/><N who="0" m="43595" /><D123/><U23/><E3/><V96/><F96/><W68/><G69/><T52/><D4/><U5/><E5/><V111/><F111/><W25/><G25/><T70/><D70/><U8/><E8/><V36/><F36/><W9/><G9/><T114/><D114/><U41/><E41/><V32/><F32/><W104/><G121/><T38/><D38/><U78/><E78/><V116/><F116/><W22/><G22/><T118/><D118/><U89/><E89/><V11/><F11/><W60/><G79/><T0/><AGARI ba="2,0" hai="0,1,47,48,52,59,62,65,91,92,99" m="43595" machi="0" ten="30,11700,0" yaku="15,1,52,2,54,1" doraHai="33" who="0" fromWho="0" sc="454,123,158,-41,163,-41,225,-41" /><INIT seed="4,3,0,3,3,61" ten="577,117,122,184" oya="0" hai0="30,128,88,89,9,68,37,12,118,133,26,72,7" hai1="85,6,62,59,75,19,31,74,67,81,17,45,16" hai2="5,27,24,90,13,65,79,103,108,36,0,43,101" hai3="41,2,73,29,97,78,119,53,40,18,111,123,82"/><T52/><D118/><U99/><E6/><V3/><F108/><W102/><G119/><T94/><D37/><U124/><E124/><V115/><F115/><W110/><G2/><T34/><D72/><U33/><E99/><V39/><F79/><W28/><G123/><T20/><D133/><U93/><E93/><V69/><F13/><W4/><G4/><T44/><D68/><U92/><E92/><V91/><F5/><W15/><G53/><T23/><D128/><U87/><E87/><V121/><F69/><W35/><G111/><T21/><REACH who="0" step="1"/><D94/><REACH who="0" ten="567,117,122,184" step="2"/><U48/><E33/><V1/><F39/><W80/><G35/><T38/><D38/><U83/><E83/><V58/><F36/><W117/><G82/><T113/><D113/><U98/><E98/><V64/><F121/><W32/><G117/><T100/><D100/><U46/><E81/><V76/><F101/><W130/><G32/><T22/><N who="0" m="5120" /><DORA hai="25" /><T51/><AGARI ba="3,1" hai="7,9,12,26,30,34,44,51,52,88,89" m="5120" machi="51" ten="40,18000,2" yaku="1,1,4,1,0,1,52,1,54,2,53,0" doraHai="61,25" doraHaiUra="60,106" who="0" fromWho="0" sc="567,199,117,-63,122,-63,184,-63" /><INIT seed="4,4,0,2,0,9" ten="766,54,59,121" oya="0" hai0="129,28,92,68,5,78,49,53,58,23,116,45,85" hai1="55,18,105,118,87,112,0,47,101,3,100,76,82" hai2="108,94,34,114,24,64,14,10,121,120,52,63,60" hai3="98,113,103,29,31,128,111,20,115,88,106,123,37"/><T35/><D116/><U69/><E118/><V19/><F108/><W80/><G111/><T25/><D68/><U44/><E69/><V15/><F114/><N who="3" m="43531" /><G37/><T32/><D129/><U2/><E105/><V26/><F34/><W89/><G128/><T39/><D5/><U83/><E112/><V84/><F120/><W134/><G134/><T93/><D39/><U71/><E71/><V119/><F121/><W40/><G40/><T67/><D32/><U102/><E55/><V79/><F119/><W42/><G42/><T133/><D35/><U61/><E61/><N who="2" m="23627" /><F64/><W126/><G123/><T117/><D133/><U13/><REACH who="1" step="1"/><E83/><REACH who="1" ten="766,44,59,121" step="2"/><N who="2" m="47231" /><F52/><W33/><G80/><N who="0" m="47255" /><D117/><U56/><E56/><V109/><F109/><W57/><G57/><T125/><D125/><U77/><E77/><V11/><F94/><N who="0" m="36458" /><D67/><U96/><E96/><V91/><F91/><W12/><G126/><T1/><D1/><U86/><E86/><V27/><F27/><W107/><G106/><T70/><D70/><U30/><E30/><V130/><F130/><W43/><G31/><T59/><AGARI ba="4,1" hai="23,25,28,45,49,53,58,59" m="36458,47255" machi="59" ten="30,1500,0" yaku="8,1" doraHai="9" who="0" fromWho="0" sc="766,37,44,-9,59,-9,121,-9" /><INIT seed="4,5,0,4,2,3" ten="803,35,50,112" oya="0" hai0="33,78,102,68,113,107,128,12,55,76,126,17,83" hai1="30,32,81,93,86,118,2,25,71,120,40,116,45" hai2="110,115,97,29,11,91,38,92,8,50,111,127,58" hai3="89,119,101,37,114,69,23,28,21,122,135,7,64"/><T14/><D33/><U61/><E120/><V56/><F115/><W51/><G37/><T77/><D68/><U27/><E2/><V74/><F38/><W124/><G119/><T9/><D113/><U103/><E25/><V60/><F74/><W134/><G114/><T82/><D128/><U15/><E15/><V66/><F127/><W96/><G124/><T18/><D126/><U49/><E103/><V132/><F132/><N who="3" m="50731" /><G89/><T67/><D67/><U72/><E72/><V35/><F35/><W79/><G79/><T108/><D108/><U130/><E130/><V90/><F29/><W62/><G28/><T73/><D73/><U75/><E75/><V4/><F11/><W129/><G129/><T84/><D107/><U57/><E93/><V95/><F50/><W6/><G51/><T22/><D102/><U109/><E71/><V117/><F58/><W42/><G42/><T26/><D84/><U70/><E70/><V106/><F106/><N who="3" m="63783" /><G122/><T94/><D94/><U0/><E0/><V43/><F43/><W88/><G88/><T112/><D112/><U36/><E36/><V63/><F63/><W53/><G53/><T87/><D87/><U39/><E39/><V31/><F31/><W131/><G131/><T10/><REACH who="0" step="1"/><D55/><REACH who="0" ten="793,35,50,112" step="2"/><U99/><E109/><V123/><F123/><W44/><G64/><T85/><D85/><U19/><E99/><N who="2" m="57751" /><F110/><W46/><G69/><T52/><D52/><N who="1" m="33959" /><E118/><V125/><F111/><W59/><G59/><T105/><D105/><U41/><E116/><V54/><F125/><W20/><G62/><T98/><D98/><U65/><E65/><RYUUKYOKU ba="5,1" sc="793,15,35,-15,50,-15,112,15" hai0="9,10,12,14,17,18,22,26,76,77,78,82,83" hai3="6,7,20,21,23,44,46" /><INIT seed="4,6,1,2,1,13" ten="808,20,35,127" oya="0" hai0="41,10,55,46,1,130,94,114,95,127,37,133,97" hai1="126,17,63,11,105,14,47,44,120,31,117,49,125" hai2="101,78,69,12,35,103,15,128,72,18,115,25,80" hai3="34,60,32,131,98,33,5,119,73,129,23,26,88"/><T89/><D114/><U58/><E105/><V116/><F115/><W76/><G119/><T108/><D108/><U84/><E117/><V85/><F116/><W28/><G5/><T66/><D130/><N who="3" m="49673" /><G60/><T38/><D133/><U86/><E120/><V61/><F128/><W111/><G111/><T7/><D127/><N who="1" m="48651" /><E31/><V50/><F72/><W62/><G62/><T24/><D38/><U6/><E6/><V96/><F50/><W123/><G123/><T113/><D113/><U99/><E99/><V92/><F101/><W81/><G98/><T4/><D4/><U64/><E47/><V45/><F45/><W79/><G79/><T82/><D66/><U107/><E107/><V71/><F61/><W8/><G8/><T40/><D40/><AGARI ba="6,1" hai="11,14,17,40,44,49,58,63,64,84,86" m="48651" machi="40" ten="30,2000,0" yaku="18,1,52,1" doraHai="13" who="1" fromWho="0" sc="808,-38,20,48,35,0,127,0" /><INIT seed="5,0,0,1,0,19" ten="770,68,35,127" oya="1" hai0="24,30,46,97,11,129,1,28,13,50,126,34,81" hai1="39,125,115,73,27,67,62,32,56,85,60,130,12" hai2="75,96,103,42,23,66,48,41,20,105,100,55,98" hai3="122,87,68,15,127,92,99,35,10,7,9,47,90"/><U31/><E73/><V59/><F75/><W119/><G122/><T101/><D129/><U26/><E115/><V18/><F66/><W54/><G35/><T128/><D126/><U51/><E39/><V61/><F61/><W3/><G68/><T4/><D128/><U22/><E130/><V124/><F124/><W108/><G108/><T64/><D30/><U118/><E125/><V109/><F109/><W70/><G70/><T49/><D81/><U5/><E118/><V71/><F71/><W114/><G114/><T110/><D110/><U6/><E12/><V132/><F132/><W107/><G119/><T43/><D64/><U83/><E51/><V79/><F79/><W33/><G33/><T121/><D121/><U77/><REACH who="1" step="1"/><E60/><REACH who="1" ten="770,58,35,127" step="2"/><V29/><F29/><AGARI ba="0,1" hai="5,6,22,26,27,29,31,32,56,62,67,77,83,85" machi="29" ten="30,11600,0" yaku="1,1,2,1,7,1,52,1,53,0" doraHai="19" doraHaiUra="38" who="1" fromWho="2" sc="770,0,58,126,35,-116,127,0" owari="770,87.0,184,-1.6,-81,-58.1,127,-27.3" /></mjloggm>