<mjloggm ver="2.3"><GO type="169" lobby="0"/><UN n0="%74%61%6B%65%33" n1="%E3%81%97%E3%82%83%E3%82%93%E3%81%8A%E3%81%98" n2="%E3%81%BD%E3%81%A3%E3%81%91%E3%81%95%E3%82%93" n3="%E9%A7%92%E5%B8%AB%E6%97%A5%E5%90%91" dan="17,16,16,16" rate="2215.77,2207.38,2128.04,2100.75" sx="M,F,M,M"/><TAIKYOKU oya="0"/><INIT seed="0,0,0,2,0,21" ten="250,250,250,250" oya="0" hai0="41,109,45,28,123,30,119,7,91,72,108,89,55" hai1="62,97,113,50,43,117,52,31,35,44,38,49,99" hai2="13,118,96,22,4,15,103,112,61,79,130,116,80" hai3="129,39,86,78,53,90,8,10,58,121,60,17,12"/><T135/><D119/><U29/><E117/><V6/><F112/><W51/><G39/><T110/><D123/><U87/><E113/><V37/><F37/><W19/><G129/><T24/><D72/><U98/><E87/><V5/><F130/><W56/><G78/><T77/><D77/><U47/><E38/><V70/><F116/><W81/><G121/><T122/><D122/><U132/><E132/><V133/><F133/><W83/><G8/><T57/><D7/><U69/><REACH who="1" step="1"/><E35/><REACH who="1" ten="250,240,250,250" step="2"/><V131/><F118/><W32/><G32/><N who="0" m="20487" /><D135/><U40/><E40/><V2/><F131/><W120/><G120/><T48/><D30/><U100/><E100/><V85/><F2/><W36/><G36/><AGARI ba="0,1" hai="36,41,45,48,55,57,89,91,108,109,110" m="20487" machi="36" ten="30,5800,0" yaku="14,1,10,1,52,1" doraHai="21" who="0" fromWho="3" sc="250,68,240,0,250,0,250,-58" /><INIT seed="0,1,0,2,1,89" ten="318,240,250,192" oya="0" hai0="121,128,64,120,131,1,61,34,109,11,103,16,115" hai1="87,111,12,27,122,95,76,132,2,75,29,66,124" hai2="23,99,73,5,18,36,35,70,134,88,98,90,14" hai3="45,78,46,33,57,83,129,119,125,43,104,42,79"/><T93/><D34/><U6/><E111/><V97/><F35/><W22/><G33/><T74/><D74/><U20/><E122/><V28/><F36/><W9/><G119/><T17/><D115/><U81/><E132/><V41/><F41/><W67/><G104/><T112/><D112/><U68/><E2/><V48/><F70/><W69/><G69/><T100/><D1/><U21/><E124/><V55/><F73/><W37/><G125/><T26/><D109/><U54/><E68/><V130/><F134/><W123/><G123/><T133/><D133/><U56/><E66/><V30/><F5/><W127/><G127/><T47/><D47/><U101/><E75/><V59/><F130/><N who="0" m="49706" /><D17/><U15/><E6/><V113/><F113/><W82/><G129/><T106/><D106/><U51/><REACH who="1" step="1"/><E21/><REACH who="1" ten="318,230,250,192" step="2"/><V91/><AGARI ba="1,1" hai="14,18,23,28,30,48,55,59,88,90,91,97,98,99" machi="91" ten="30,4000,0" yaku="0,1,8,1,54,1" doraHai="89" who="2" fromWho="2" sc="318,-21,230,-11,250,53,192,-11" /><INIT seed="1,0,0,4,0,72" ten="297,219,303,181" oya="1" hai0="132,134,114,93,98,49,83,3,25,99,123,19,85" hai1="100,11,75,97,39,125,105,116,84,30,86,61,110" hai2="68,112,94,27,115,34,128,78,88,103,56,5,79" hai3="38,71,58,45,96,117,130,87,76,81,73,21,10"/><U9/><E116/><V44/><F68/><W124/><G71/><T13/><D3/><U57/><E39/><V108/><F103/><W1/><G117/><T90/><D114/><N who="2" m="43562" /><F108/><W16/><G130/><T35/><D123/><U48/><E125/><V63/><F5/><N who="3" m="1327" /><G87/><T0/><D0/><U36/><E36/><V40/><F128/><W41/><G58/><T28/><D49/><U33/><E75/><V54/><F44/><W104/><G96/><T66/><D66/><U8/><E48/><V22/><F34/><W37/><G37/><T69/><D69/><U106/><E106/><V67/><F54/><W15/><G104/><T23/><REACH who="0" step="1"/><D99/><REACH who="0" ten="287,219,303,181" step="2"/><U95/><E110/><V42/><F42/><W43/><G41/><T120/><D120/><U29/><E105/><V31/><F40/><W6/><G6/><T65/><D65/><U2/><E2/><V70/><F70/><W60/><G60/><T18/><D18/><U119/><E119/><V127/><F127/><AGARI ba="0,1" hai="15,16,21,38,43,45,73,76,81,124,127" m="1327" machi="127" ten="30,3900,0" yaku="25,1,52,1,54,1" doraHai="72" who="3" fromWho="2" sc="287,0,219,0,303,-39,181,49" /><INIT seed="2,0,0,0,1,24" ten="287,219,264,230" oya="2" hai0="130,97,53,81,7,10,110,52,0,82,13,69,123" hai1="65,109,87,51,15,23,37,61,114,12,46,89,9" hai2="32,135,108,91,84,64,122,44,38,25,60,35,85" hai3="70,74,83,78,56,96,54,76,66,103,26,127,40"/><V118/><F118/><W58/><G127/><T22/><D123/><U107/><E109/><V33/><F122/><W63/><G78/><T59/><D69/><U18/><E107/><V19/><F108/><W11/><G40/><T88/><D110/><U133/><E133/><V30/><F135/><W98/><G98/><T5/><D130/><U77/><E37/><V62/><F19/><W8/><G58/><T28/><D53/><U117/><E114/><V57/><F62/><W14/><G14/><T100/><D5/><U73/><E73/><V134/><F134/><W20/><G54/><T129/><D129/><U41/><E77/><V119/><F119/><W115/><G70/><T45/><D45/><U27/><E117/><V132/><F132/><W48/><G48/><T124/><D124/><U102/><E102/><V86/><REACH who="2" step="1"/><F91/><REACH who="2" ten="287,219,254,230" step="2"/><W2/><G115/><T16/><D88/><U101/><E101/><V95/><F95/><W75/><G75/><T39/><D39/><U121/><E121/><V105/><F105/><W17/><G2/><T99/><D100/><U21/><E61/><V90/><F90/><W31/><G17/><T43/><D82/><U111/><E111/><V6/><F6/><W36/><G36/><T106/><D81/><U92/><E92/><AGARI ba="0,1" hai="8,11,20,26,31,56,63,66,74,76,83,92,96,103" machi="92" ten="30,7700,0" yaku="7,1,25,2,52,1" doraHai="24" who="3" fromWho="1" sc="287,0,219,-77,254,0,230,87" /><INIT seed="3,0,0,2,5,113" ten="287,142,254,317" oya="3" hai0="99,127,22,19,84,29,134,103,90,89,11,6,41" hai1="116,124,120,61,57,71,4,37,79,67,131,66,119" hai2="95,98,40,97,52,118,106,0,50,102,129,114,38" hai3="109,36,9,27,133,128,43,23,60,49,64,48,70"/><W5/><G36/><T12/><D127/><U13/><E79/><V108/><F114/><W45/><G49/><T73/><D73/><U7/><E120/><V25/><F0/><W135/><G128/><T82/><D134/><U111/><E37/><V115/><F115/><W132/><G109/><T94/><D29/><U44/><E111/><V100/><F108/><W42/><G43/><T123/><D123/><U78/><E124/><V105/><F129/><W26/><REACH who="3" step="1"/><G23/><REACH who="3" ten="287,142,254,307" step="2"/><T10/><D41/><U117/><E131/><V104/><F38/><W54/><G54/><T32/><D32/><U101/><E44/><V55/><F40/><W51/><G51/><T72/><D72/><U88/><E116/><V1/><F118/><W126/><G126/><T35/><D35/><U75/><E75/><V20/><F55/><W85/><G85/><T15/><REACH who="0" step="1"/><D22/><REACH who="0" ten="277,142,254,307" step="2"/><U39/><E117/><V107/><F20/><W21/><G21/><T47/><D47/><U76/><E119/><V121/><F121/><W53/><G53/><T46/><D46/><U3/><E39/><V125/><F52/><W65/><G65/><T122/><D122/><U16/><E67/><V112/><F125/><W59/><G59/><T92/><D92/><U86/><E57/><V31/><F105/><W2/><AGARI ba="0,2" hai="2,5,9,26,27,42,45,48,60,64,70,132,133,135" machi="2" ten="30,11700,0" yaku="1,1,0,1,20,1,53,1" doraHai="113" doraHaiUra="33" who="3" fromWho="3" sc="277,-39,142,-39,254,-39,307,137" /><INIT seed="3,1,0,3,5,133" ten="238,103,215,444" oya="3" hai0="86,68,14,84,93,104,48,118,12,71,119,36,13" hai1="34,15,107,116,3,121,99,1,102,37,75,35,114" hai2="130,103,38,65,92,123,70,83,111,135,54,5,44" hai3="134,69,79,85,74,16,131,82,64,105,2,30,41"/><W61/><G134/><T100/><D36/><U125/><RYUUKYOKU type="yao9" ba="1,0" sc="238,0,103,0,215,0,444,0" hai1="1,3,15,34,35,37,75,99,102,107,114,116,121,125" /><INIT seed="3,2,0,3,3,90" ten="238,103,215,444" oya="3" hai0="41,62,107,1,48,19,50,86,95,42,47,2,100" hai1="28,54,12,22,24,108,0,66,125,76,127,80,118" hai2="56,67,113,133,135,75,9,32,59,114,17,53,27" hai3="65,111,73,96,131,110,31,49,18,14,89,130,122"/><W72/><G122/><T29/><D29/><U36/><E0/><V69/><F75/><W81/><G31/><T123/><D123/><U94/><E66/><V109/><F32/><W71/><G49/><T117/><D117/><U46/><E108/><N who="3" m="41514" /><G65/><T58/><D107/><U55/><E118/><V61/><F109/><W43/><G43/><T132/><D132/><N who="2" m="50762" /><F9/><W77/><G71/><T68/><D68/><U101/><E12/><V119/><F119/><W128/><G18/><T57/><D19/><U30/><E30/><V15/><F15/><W88/><G14/><T115/><D115/><N who="2" m="44042" /><F53/><W112/><G112/><T45/><D58/><U83/><E36/><V102/><F102/><W106/><G72/><T103/><D103/><AGARI ba="2,0" hai="73,77,81,88,89,96,103,106,128,130,131" m="41514" machi="103" ten="40,18000,2" yaku="19,1,14,1,10,1,34,2,54,1" doraHai="90" who="3" fromWho="0" sc="238,-186,103,0,215,0,444,186" /><INIT seed="3,3,0,4,0,46" ten="52,103,215,630" oya="3" hai0="85,91,112,30,84,12,11,13,40,87,99,58,96" hai1="42,71,31,94,36,127,45,124,97,67,130,102,106" hai2="100,109,44,95,105,76,63,55,34,2,39,104,27" hai3="70,17,77,1,28,23,75,113,133,74,61,14,60"/><W135/><G1/><T26/><D112/><U89/><E130/><V52/><F2/><W80/><G113/><T19/><D40/><U128/><E128/><V129/><F129/><W43/><G74/><T25/><D13/><U107/><E31/><V22/><F34/><W103/><G103/><T66/><D91/><U49/><E71/><V116/><F76/><W118/><G118/><T33/><D26/><U119/><E119/><V7/><F7/><W125/><G125/><N who="1" m="48202" /><E67/><V81/><F81/><W65/><G43/><T18/><D18/><U64/><E64/><V73/><F73/><W10/><G61/><T4/><D66/><U90/><E36/><V9/><F63/><W68/><G70/><T59/><D59/><U20/><E20/><V88/><F39/><W16/><REACH who="3" step="1"/><G28/><REACH who="3" ten="52,103,215,620" step="2"/><T101/><D101/><U120/><E120/><V21/><F100/><W131/><G131/><T108/><D30/><U93/><E102/><V35/><F116/><W3/><G3/><T37/><D33/><U79/><E106/><V56/><F35/><W47/><G47/><T132/><D58/><U111/><E107/><V50/><F56/><W32/><G32/><T92/><D37/><U38/><E38/><V53/><F44/><W8/><G8/><T123/><D11/><U86/><E45/><V98/><F9/><W115/><G115/><T54/><D123/><U41/><E41/><V51/><F104/><W69/><G69/><T6/><D25/><AGARI ba="3,1" hai="10,14,16,17,23,25,60,65,68,75,77,80,133,135" machi="25" ten="40,7700,0" yaku="1,1,54,1,53,1" doraHai="46" doraHaiUra="5" who="3" fromWho="0" sc="52,-86,103,0,215,0,620,96" owari="-34,-53.4,103,-29.7,215,1.5,716,81.6" /></mjloggm>