<mjloggm ver="2.3"><GO type="169" lobby="0"/><UN n0="%46%75%77%61" n1="%E8%8B%B1%E5%9B%BD%E5%A3%B2%E5%8D%B4" n2="%E3%81%97%E3%82%83%E3%82%93%E3%81%8A%E3%81%98" n3="%45%72%77%69%6E%52%64" dan="17,18,16,16" rate="2175.16,2242.41,2205.80,2144.82" sx="M,M,F,M"/><TAIKYOKU oya="0"/><INIT seed="0,0,0,3,5,59" ten="250,250,250,250" oya="0" hai0="135,104,1,47,23,53,95,54,130,66,38,84,5" hai1="16,79,118,13,0,24,108,92,112,22,102,114,89" hai2="44,19,10,36,12,110,40,111,28,43,73,94,88" hai3="37,93,7,117,83,3,105,49,2,6,71,101,106"/><T35/><D104/><U128/><E118/><V33/><F73/><W60/><G37/><T20/><D35/><U55/><E0/><V69/><F69/><W65/><G117/><T131/><D66/><U86/><E128/><N who="0" m="49193" /><D135/><U4/><E108/><V107/><F107/><W9/><G83/><T125/><D125/><U103/><E79/><V29/><F40/><W82/><G82/><T119/><D119/><U50/><E4/><V116/><F116/><W34/><G34/><T32/><D32/><U91/><E91/><V122/><F122/><W77/><G77/><T51/><D38/><U31/><E114/><V98/><REACH who="2" step="1"/><F33/><REACH who="2" ten="250,250,240,250" step="2"/><W81/><G105/><T134/><D134/><U115/><E112/><V45/><F45/><W127/><G106/><T72/><D72/><U11/><E115/><V85/><F85/><W120/><G120/><T27/><D84/><U8/><E8/><V74/><F74/><W121/><G121/><T58/><D58/><AGARI ba="0,1" hai="11,13,16,22,24,31,50,55,58,86,89,92,102,103" machi="58" ten="30,3900,0" yaku="7,1,8,1,54,1" doraHai="59" who="1" fromWho="0" sc="250,-39,250,49,240,0,250,0" /><INIT seed="1,0,0,4,2,63" ten="211,299,240,250" oya="1" hai0="11,6,33,70,62,60,116,64,103,21,96,7,102" hai1="52,100,95,29,92,112,42,120,37,111,47,14,50" hai2="44,31,69,49,30,66,122,125,51,81,4,58,54" hai3="56,94,15,8,107,133,130,22,34,110,128,98,91"/><U55/><E112/><V108/><F122/><W93/><G110/><T118/><D33/><U24/><E120/><V129/><F108/><W59/><G34/><T16/><D62/><U53/><E111/><V19/><F125/><W12/><G107/><T79/><D79/><U86/><E14/><V41/><F129/><W38/><G38/><T123/><D123/><U131/><E131/><N who="3" m="50218" /><G133/><T17/><D7/><U32/><E100/><V109/><F109/><W127/><G127/><T80/><D80/><U132/><E132/><V117/><F4/><N who="3" m="3079" /><G94/><T83/><D83/><U134/><E134/><V9/><F117/><W57/><G57/><T87/><D116/><U27/><E27/><V10/><F81/><W1/><G1/><T85/><D118/><U28/><E28/><N who="2" m="10795" /><F69/><W135/><G135/><T78/><D78/><U101/><E95/><V77/><F77/><W43/><G43/><T26/><D17/><AGARI ba="0,0" hai="15,17,22,56,59,91,93,98" m="3079,50218" machi="17" ten="30,1000,0" yaku="19,1" doraHai="63" who="3" fromWho="0" sc="211,-10,299,0,240,0,250,10" /><INIT seed="2,0,0,1,1,32" ten="201,299,240,260" oya="2" hai0="80,130,15,122,117,17,66,79,30,97,13,128,89" hai1="102,22,16,113,57,42,71,29,18,36,55,100,31" hai2="11,126,62,0,101,44,107,105,65,106,40,54,37" hai3="67,12,92,72,74,63,8,46,119,10,108,33,109"/><V9/><F126/><W134/><G119/><T20/><D122/><U90/><E71/><V27/><F54/><W115/><G33/><T111/><D111/><N who="3" m="42569" /><G115/><T39/><D117/><U131/><E113/><V81/><F27/><W82/><G134/><T96/><D39/><U50/><E131/><N who="0" m="50217" /><D66/><U4/><E4/><N who="2" m="1159" /><F81/><W59/><G92/><T84/><D30/><U23/><E36/><V116/><F11/><N who="3" m="4139" /><G12/><T123/><D123/><U43/><E90/><V98/><F116/><W26/><G26/><T6/><D6/><U75/><E75/><N who="3" m="28714" /><G82/><T34/><D15/><U121/><E121/><V104/><F104/><W93/><G93/><T38/><D34/><U56/><E50/><V28/><F28/><W110/><G110/><T64/><D38/><U3/><E55/><V129/><F129/><W14/><G14/><T60/><D79/><U76/><REACH who="1" step="1"/><E76/><REACH who="1" ten="201,289,240,260" step="2"/><V45/><F45/><AGARI ba="0,1" hai="45,46,59,63,67" m="28714,4139,42569" machi="45" ten="40,1300,0" yaku="14,1" doraHai="32" who="3" fromWho="2" sc="201,0,289,0,240,-13,260,23" /><INIT seed="3,0,0,5,1,1" ten="201,289,227,283" oya="3" hai0="128,21,32,94,47,33,96,76,31,107,131,110,119" hai1="62,11,83,20,42,6,80,100,125,25,134,2,27" hai2="0,127,12,24,60,67,16,38,78,106,104,97,116" hai3="135,73,91,30,51,124,39,40,35,23,95,70,103"/><W65/><G35/><T114/><D119/><U4/><E125/><V58/><F127/><W102/><G124/><T132/><D107/><U75/><E134/><V120/><F116/><W117/><G39/><T34/><D132/><U118/><E118/><V89/><F0/><W54/><G40/><T84/><D110/><U90/><E2/><V74/><F38/><W17/><G30/><T72/><D114/><U52/><E11/><V64/><F120/><W113/><G73/><T10/><D72/><U81/><E75/><V3/><F3/><W71/><G113/><T36/><D10/><U48/><E100/><V85/><F64/><W26/><G117/><T108/><D108/><U9/><E9/><V50/><F24/><N who="1" m="9289" /><E20/><V133/><F133/><W18/><G18/><T44/><D21/><U122/><E122/><V77/><F50/><W112/><G112/><T88/><D31/><U22/><E22/><V87/><F74/><W98/><G135/><T49/><D36/><U28/><E28/><V15/><F106/><W115/><G115/><T130/><REACH who="0" step="1"/><D49/><REACH who="0" ten="191,289,227,283" step="2"/><U29/><E29/><V8/><F104/><W55/><G51/><T37/><D37/><U68/><E68/><V13/><F8/><W61/><G71/><T7/><D7/><N who="1" m="2603" /><E62/><V82/><F16/><W46/><G70/><T57/><D57/><N who="1" m="32903" /><E42/><V109/><F109/><W19/><G19/><T126/><D126/><U93/><E93/><V123/><F123/><W101/><G46/><T5/><D5/><U43/><E43/><V53/><F60/><W79/><G61/><T63/><D63/><U14/><E14/><RYUUKYOKU ba="0,1" sc="191,15,289,15,227,-15,283,-15" hai0="32,33,34,44,47,76,84,88,94,96,128,130,131" hai1="80,81,83,90" /><INIT seed="4,1,1,5,1,108" ten="206,304,212,268" oya="0" hai0="34,46,14,87,6,73,66,4,26,122,113,57,5" hai1="115,28,59,9,32,135,129,54,51,126,58,17,72" hai2="82,0,101,95,41,123,76,111,42,96,55,89,29" hai3="21,102,63,134,124,19,24,35,7,109,71,88,78"/><T2/><D73/><U12/><E135/><V110/><F0/><W104/><G109/><T99/><D122/><U117/><E117/><V18/><F123/><W119/><G119/><T8/><D99/><U56/><E126/><V47/><F29/><W128/><G78/><T37/><D87/><U121/><E121/><V61/><F111/><W22/><G124/><T15/><D37/><U116/><E116/><V65/><F110/><W36/><G36/><T23/><D46/><U132/><E132/><V91/><F55/><W120/><G134/><T25/><D57/><U84/><E72/><V16/><F89/><W112/><G128/><T74/><D66/><U64/><E129/><V43/><F101/><W127/><G7/><N who="0" m="2635" /><D74/><U20/><E32/><V75/><REACH who="2" step="1"/><F47/><REACH who="2" ten="206,304,202,268" step="2"/><W45/><G102/><T27/><D34/><U40/><E64/><V60/><F60/><W103/><G63/><T62/><D62/><U118/><E54/><V48/><F48/><W69/><G103/><T68/><D68/><AGARI ba="1,2" hai="16,18,41,42,43,61,65,68,75,76,82,91,95,96" machi="68" ten="40,2600,0" yaku="1,1,54,1,53,0" doraHai="108" doraHaiUra="11" who="2" fromWho="0" sc="206,-29,304,0,202,49,268,0" /><INIT seed="5,0,0,1,4,100" ten="177,304,251,268" oya="1" hai0="71,14,31,54,98,13,63,41,105,122,89,123,96" hai1="19,75,60,37,55,115,73,69,35,82,16,85,45" hai2="81,102,129,76,120,22,94,87,33,109,111,83,72" hai3="68,30,15,135,10,3,124,28,4,118,49,17,110"/><U64/><E115/><V47/><F33/><W84/><G68/><T61/><D41/><U50/><E35/><V18/><F120/><N who="0" m="46122" /><D31/><U134/><E134/><V112/><F129/><W36/><G36/><T104/><D54/><U39/><E39/><V130/><F130/><W88/><G110/><T91/><D71/><U46/><E46/><V7/><F7/><W128/><G135/><T27/><D27/><U86/><E86/><V132/><F112/><W121/><G121/><T24/><D24/><U114/><E114/><V32/><F32/><W62/><G128/><T93/><D14/><U78/><REACH who="1" step="1"/><E37/><REACH who="1" ten="177,294,251,268" step="2"/><V1/><F132/><W57/><G118/><T5/><D98/><U79/><E79/><V117/><F47/><W8/><G124/><T119/><D119/><U23/><E23/><V59/><F117/><W67/><REACH who="3" step="1"/><G49/><REACH who="3" ten="177,294,251,258" step="2"/><T107/><D63/><U116/><E116/><V51/><F51/><W53/><G53/><T20/><D61/><U126/><E126/><V66/><F111/><W25/><G25/><T74/><D74/><AGARI ba="0,2" hai="16,19,45,50,55,60,64,69,73,74,75,78,82,85" machi="74" ten="40,3900,0" yaku="1,1,54,1,53,0" doraHai="100" doraHaiUra="6" who="1" fromWho="0" sc="177,-39,294,59,251,0,258,0" /><INIT seed="5,1,0,5,5,2" ten="138,353,251,258" oya="1" hai0="64,110,28,41,78,20,16,98,119,99,56,100,14" hai1="123,24,87,95,128,129,43,103,38,135,53,84,59" hai2="13,126,45,4,124,106,96,50,91,65,63,61,18" hai3="125,130,1,93,49,97,102,5,55,37,48,39,132"/><U92/><E123/><V108/><F108/><W107/><G130/><T94/><D110/><U113/><E113/><V70/><F63/><W88/><G125/><T44/><D119/><U6/><E135/><V0/><F0/><W120/><G120/><T3/><D3/><U60/><E43/><V86/><F96/><W68/><G68/><T54/><D64/><U32/><E38/><V62/><F62/><W69/><G69/><T66/><D66/><U46/><E46/><V131/><F106/><W101/><G48/><T31/><D78/><U22/><E32/><V85/><F131/><N who="1" m="50249" /><E6/><V82/><F85/><N who="1" m="32841" /><E103/><V114/><F4/><W29/><G132/><T11/><D20/><U58/><E58/><V74/><F114/><W34/><G101/><T26/><D26/><U51/><E51/><V122/><F122/><W104/><G37/><T117/><D117/><U109/><E109/><V72/><F126/><W35/><G39/><T42/><D44/><U21/><E21/><V111/><F124/><W36/><G36/><T115/><D115/><U27/><E27/><V112/><F112/><W7/><G1/><T67/><D67/><U80/><E80/><V73/><F111/><W79/><G34/><T127/><D127/><U8/><E8/><V76/><F76/><W121/><G79/><T15/><D15/><U118/><E118/><V105/><F13/><W90/><G121/><T83/><D83/><U47/><E47/><V116/><F116/><W57/><G5/><T33/><D33/><U89/><E89/><N who="3" m="34410" /><G7/><T134/><D134/><U75/><E75/><V10/><F73/><RYUUKYOKU ba="1,0" sc="138,-15,353,15,251,-15,258,15" hai1="22,24,53,59,60,92,95" hai3="29,35,49,55,57,93,97,102,104,107" /><INIT seed="5,2,0,3,2,101" ten="123,368,236,273" oya="1" hai0="77,54,115,37,78,28,49,18,91,19,109,39,10" hai1="94,70,40,85,8,3,100,122,4,112,87,25,76" hai2="55,5,69,20,13,2,26,1,125,86,116,22,34" hai3="80,89,16,135,98,27,33,56,97,47,9,102,59"/><U6/><E112/><V53/><F69/><W105/><G135/><T24/><D109/><U103/><E122/><V44/><F116/><W41/><G33/><T57/><D115/><U83/><E70/><V132/><F132/><W0/><G0/><T66/><D66/><U35/><E6/><V11/><F125/><W134/><G134/><T126/><D126/><U120/><E120/><V17/><F86/><W128/><G128/><T23/><D39/><U61/><E61/><V48/><F34/><W31/><G31/><T46/><D37/><U79/><E40/><V43/><REACH who="2" step="1"/><F1/><REACH who="2" ten="123,368,226,273" step="2"/><W42/><G97/><T68/><D68/><U123/><E123/><V88/><F88/><W104/><G89/><T65/><D91/><U51/><E87/><V107/><F107/><W114/><G104/><T62/><REACH who="0" step="1"/><D10/><REACH who="0" ten="113,368,226,273" step="2"/><U71/><E8/><V110/><F110/><W92/><G9/><T36/><D36/><U133/><E71/><V131/><F131/><W127/><G127/><T72/><D72/><U60/><E133/><V73/><F73/><W117/><G117/><T81/><D81/><U129/><E83/><V63/><F63/><W113/><G80/><T111/><D111/><U96/><E60/><V32/><F32/><W58/><G113/><T74/><D74/><U82/><E35/><V7/><F7/><W99/><G114/><T50/><D50/><U38/><E51/><V29/><AGARI ba="2,2" hai="2,5,11,13,17,20,22,26,29,43,44,48,53,55" machi="29" ten="20,5200,0" yaku="1,1,0,1,7,1,53,1" doraHai="101" doraHaiUra="12" who="2" fromWho="2" sc="113,-15,368,-28,226,78,273,-15" /><INIT seed="6,0,0,4,5,89" ten="98,340,304,258" oya="2" hai0="98,35,77,125,32,48,76,39,79,18,107,69,72" hai1="111,4,114,44,105,10,134,20,88,115,128,58,127" hai2="84,13,0,82,5,16,97,21,57,86,53,119,24" hai3="102,74,50,81,40,92,112,67,2,33,59,54,110"/><V19/><F119/><W94/><G110/><T108/><D108/><U64/><E111/><V22/><F0/><W91/><G2/><T26/><D39/><U117/><E117/><V25/><F82/><W123/><G123/><T130/><D72/><U100/><E127/><V133/><F133/><W106/><G33/><T87/><D125/><U73/><E73/><V30/><F5/><W113/><G40/><T129/><D69/><U55/><E128/><V63/><REACH who="2" step="1"/><F97/><REACH who="2" ten="98,340,294,258" step="2"/><N who="3" m="61775" /><G67/><T71/><D129/><U131/><E64/><V85/><F85/><N who="3" m="50607" /><G74/><T37/><D130/><U103/><E131/><V68/><F68/><W31/><G31/><T1/><D71/><U126/><E4/><V109/><F109/><W135/><G135/><T93/><D1/><U9/><E134/><V7/><F7/><W62/><G62/><T70/><D70/><U90/><E126/><V99/><F99/><W41/><G41/><T66/><D66/><U6/><E6/><V95/><F95/><W45/><G45/><T46/><D46/><U80/><E44/><V3/><F3/><W75/><G75/><T34/><D98/><U17/><E80/><V43/><F43/><W11/><G11/><AGARI ba="0,1" hai="11,13,16,19,21,22,24,25,30,53,57,63,84,86" machi="11" ten="30,11600,0" yaku="1,1,7,1,8,1,54,1,53,0" doraHai="89" doraHaiUra="28" who="2" fromWho="3" sc="98,0,340,0,294,126,258,-116" /><INIT seed="6,1,0,4,3,15" ten="98,340,420,142" oya="2" hai0="101,34,119,47,120,86,110,113,116,45,102,82,129" hai1="35,3,112,32,80,91,133,61,118,103,78,97,27" hai2="17,26,52,84,131,2,57,50,37,11,68,12,83" hai3="108,109,6,115,38,56,43,107,54,114,4,5,95"/><V65/><F131/><W98/><G107/><T39/><D110/><U63/><E118/><N who="0" m="45097" /><D120/><U1/><E112/><N who="3" m="43050" /><G38/><T28/><D39/><U18/><E133/><V124/><F124/><W130/><G130/><T99/><D113/><U8/><E91/><V94/><F37/><W67/><G67/><T92/><D129/><U29/><E35/><V117/><F117/><W77/><G43/><T59/><D59/><U106/><E63/><V79/><F2/><W64/><G64/><T40/><D102/><U87/><REACH who="1" step="1"/><E61/><REACH who="1" ten="98,330,420,142" step="2"/><V51/><F65/><W69/><G108/><T105/><D101/><U66/><E66/><V48/><F68/><W72/><G69/><T122/><D122/><U20/><E20/><N who="2" m="13583" /><F94/><W89/><G109/><T134/><D92/><U60/><E60/><V100/><F100/><W104/><G104/><T31/><D134/><U127/><E127/><V93/><F93/><W23/><G95/><T126/><D105/><U71/><E71/><V128/><F128/><W22/><G98/><T14/><D99/><U25/><E25/><V73/><F73/><W81/><G89/><N who="0" m="51415" /><D34/><U123/><E123/><V9/><F9/><W42/><G22/><T74/><D126/><U75/><E75/><V62/><F62/><W44/><G23/><T21/><D74/><U111/><E111/><V36/><F11/><W125/><G125/><T10/><D21/><U33/><E33/><V16/><F84/><W55/><G72/><T70/><D70/><U88/><E88/><V0/><F79/><W13/><G77/><T135/><D135/><U41/><E41/><V46/><F83/><RYUUKYOKU ba="1,1" sc="98,-10,330,30,420,-10,142,-10" hai1="1,3,8,18,27,29,32,78,80,87,97,103,106" /><INIT seed="7,2,1,5,3,92" ten="88,360,410,132" oya="3" hai0="81,40,51,116,80,5,48,25,45,105,84,121,96" hai1="76,49,75,55,112,111,98,29,65,70,54,28,125" hai2="119,50,62,118,20,42,117,31,135,82,115,88,24" hai3="63,52,123,43,10,124,126,11,110,95,15,107,104"/><W27/><G123/><T99/><D116/><U14/><E111/><V2/><F2/><W101/><G43/><T36/><D121/><U47/><E125/><V120/><F120/><W33/><G33/><T37/><D105/><U6/><E112/><V127/><F115/><W53/><G27/><T106/><D106/><U4/><E75/><V30/><F127/><W60/><G95/><T38/><D5/><U89/><E76/><V114/><F114/><W91/><G101/><T34/><D51/><U44/><E65/><V26/><F135/><W46/><G91/><T77/><REACH who="0" step="1"/><D81/><REACH who="0" ten="78,360,410,132" step="2"/><U56/><E70/><V130/><F50/><N who="3" m="28759" /><G104/><T129/><D129/><U57/><E49/><V113/><F82/><W22/><G107/><T3/><D3/><U8/><E6/><V0/><F113/><W21/><G124/><T100/><D100/><U1/><E1/><V86/><F0/><W66/><G126/><T59/><D59/><N who="1" m="22603" /><E47/><V19/><F130/><W128/><G128/><T17/><D17/><U67/><E44/><V132/><F119/><W39/><G110/><T69/><D69/><U13/><E67/><V12/><F118/><W109/><G109/><T79/><D79/><U122/><E122/><V93/><F117/><W72/><G66/><T134/><D134/><U85/><E55/><V83/><F132/><W18/><G53/><T74/><D74/><U97/><E54/><V108/><F108/><W71/><G72/><T58/><D58/><U64/><E64/><V131/><F131/><W133/><G133/><T90/><D90/><U78/><E78/><V23/><F88/><RYUUKYOKU ba="2,2" sc="78,30,360,-10,410,-10,132,-10" hai0="25,34,36,37,38,40,45,48,77,80,84,96,99" owari="108,-39.2,350,15.0,420,52.0,122,-27.8" /></mjloggm>