<mjloggm ver="2.3"><GO type="169" lobby="0"/><UN n0="%E3%83%A4%E3%83%A0%E3%83%81%E3%83%A3%E7%84%A1%E6%95%B5" n1="%E6%84%9A%E5%85%84%E3%81%8C%E6%84%9A%E5%BD%A2" n2="%E7%90%86%E5%B7%A5%E3%83%95%E3%83%AA%E3%83%86%E3%83%B3%E5%A4%A7%E5%B8%AB" n3="%E2%98%86%E5%AD%AB%E7%87%95%E5%A7%BF%E2%98%86" dan="18,16,16,17" rate="2234.74,2078.02,2131.49,2236.80" sx="M,M,M,M"/><TAIKYOKU oya="0"/><INIT seed="0,0,0,5,0,127" ten="250,250,250,250" oya="0" hai0="112,20,85,125,13,103,75,79,67,49,15,60,64" hai1="41,24,32,68,10,119,33,61,4,21,88,51,1" hai2="9,97,123,22,57,40,101,84,121,135,16,37,19" hai3="65,43,134,122,109,118,113,69,29,2,106,91,132"/><T133/><D112/><U107/><E107/><V54/><F135/><W28/><G43/><T108/><D125/><U93/><E119/><V7/><F84/><W110/><G65/><T45/><D133/><N who="3" m="51305" /><G91/><T59/><D75/><U81/><E81/><V90/><F90/><W47/><G47/><T77/><D108/><N who="3" m="41577" /><G69/><T5/><D103/><U50/><E68/><V26/><F37/><W0/><G106/><T56/><D5/><U66/><E66/><V12/><F40/><W46/><G46/><T23/><D85/><U72/><E72/><V39/><F39/><W105/><G105/><T71/><D71/><U86/><E61/><V114/><F114/><W11/><G113/><T70/><D70/><U53/><E50/><V44/><F44/><W99/><G99/><T126/><D126/><U124/><E41/><V27/><F97/><W73/><G73/><T92/><D92/><U62/><E62/><V25/><F101/><W3/><G122/><T48/><D45/><U63/><E63/><AGARI ba="0,0" hai="13,15,20,23,48,49,56,59,60,63,64,67,77,79" machi="63" ten="25,4800,0" yaku="22,2,8,1" doraHai="127" who="0" fromWho="1" sc="250,48,250,-48,250,0,250,0" /><INIT seed="0,1,0,4,5,93" ten="298,202,250,250" oya="0" hai0="77,40,113,125,4,1,108,100,70,0,89,122,14" hai1="97,117,6,50,129,90,75,120,92,132,71,27,54" hai2="15,22,91,56,96,29,135,69,17,85,66,106,128" hai3="80,51,35,52,73,33,104,102,88,127,37,112,28"/><T44/><D113/><U24/><E117/><V105/><F135/><W16/><G112/><T58/><D122/><U26/><E132/><V41/><F128/><W19/><G37/><T84/><D70/><U3/><E129/><V60/><F41/><W39/><G39/><T43/><D125/><U25/><E75/><V126/><F126/><W121/><G127/><T68/><D68/><U79/><E79/><V65/><F29/><W5/><G5/><T34/><D34/><U31/><E71/><V111/><F111/><W21/><G28/><T116/><D40/><U107/><E120/><V55/><F96/><W57/><G19/><T64/><D116/><U76/><E76/><V38/><F38/><W11/><G11/><T45/><D45/><U131/><E131/><V78/><F78/><W110/><G73/><T109/><D100/><U86/><E6/><V9/><F9/><W124/><G121/><T99/><D77/><U42/><E42/><V119/><F119/><W59/><G59/><T20/><D99/><U62/><E3/><N who="0" m="1097" /><D58/><U7/><E107/><V74/><F74/><W63/><G124/><T87/><D64/><N who="2" m="24682" /><F69/><W13/><G110/><N who="0" m="42603" /><D89/><U118/><E118/><V94/><F106/><W30/><G104/><T18/><D4/><U95/><E7/><V130/><F105/><W61/><G102/><T53/><D53/><U12/><E31/><V48/><F130/><W47/><G30/><T114/><D114/><U133/><E133/><V32/><F32/><N who="3" m="12363" /><G47/><T8/><D8/><U98/><N who="1" m="6144" /><DORA hai="82" /><U103/><E54/><V67/><N who="2" m="24690" /><V2/><DORA hai="49" /><F2/><RYUUKYOKU ba="1,0" sc="298,10,202,-30,250,10,250,10" hai0="14,18,20,43,44,84,87" hai2="15,17,22,48,55,56,60,85,91,94" hai3="13,16,21,51,52,57,61,63,80,88" /><INIT seed="0,2,0,4,0,113" ten="308,172,260,260" oya="0" hai0="111,89,47,66,29,43,93,24,38,62,20,1,76" hai1="3,2,21,50,81,53,28,79,11,7,23,97,12" hai2="44,112,18,4,90,16,133,22,69,70,130,105,9" hai3="45,87,94,104,75,51,126,82,77,84,108,71,109"/><T74/><D1/><U52/><E97/><V127/><F112/><W55/><G104/><T101/><D111/><N who="3" m="42569" /><G126/><T99/><D74/><U5/><E53/><V125/><F105/><W110/><N who="3" m="42577" /><W131/><DORA hai="13" /><G131/><T64/><D76/><U26/><E21/><V98/><F130/><W25/><G71/><N who="2" m="27145" /><F22/><W6/><G6/><T106/><REACH who="0" step="1"/><D62/><REACH who="0" ten="298,172,260,260" step="2"/><U32/><E2/><N who="2" m="151" /><F133/><W34/><G94/><T134/><D134/><U19/><E3/><V124/><F44/><W103/><G103/><T135/><D135/><U88/><E79/><V61/><F61/><W85/><G75/><T35/><D35/><U60/><E32/><V114/><F114/><W56/><G45/><T100/><D100/><U42/><E60/><V96/><F90/><W10/><G77/><T8/><D8/><U65/><E65/><V102/><F102/><W95/><G95/><T17/><D17/><AGARI ba="2,1" hai="16,17,18,96,98,124,125,127" m="151,27145" machi="17" ten="40,8000,1" yaku="18,1,52,3,54,1" doraHai="113,13" who="2" fromWho="0" sc="298,-86,172,0,260,96,260,0" /><INIT seed="1,0,0,2,5,38" ten="212,172,356,260" oya="1" hai0="135,11,29,65,15,116,58,71,55,80,39,44,114" hai1="40,0,107,56,35,111,86,25,18,102,131,121,4" hai2="27,104,57,52,10,88,83,91,103,68,123,22,64" hai3="133,28,12,8,125,36,87,122,81,47,54,33,74"/><U120/><E131/><V13/><F123/><W132/><G122/><T82/><D114/><U96/><E56/><V130/><F130/><W53/><G74/><T49/><D135/><N who="3" m="51785" /><G125/><T48/><D116/><U93/><E111/><V34/><F83/><W79/><G28/><T50/><D29/><U95/><E35/><V97/><F34/><W45/><G33/><T98/><D39/><U99/><E107/><V16/><F64/><W90/><G90/><T1/><D1/><U21/><E86/><V26/><F68/><W101/><G101/><T134/><D134/><U112/><E112/><V60/><REACH who="2" step="1"/><F26/><REACH who="2" ten="212,172,346,260" step="2"/><W117/><G117/><T76/><D71/><U129/><E129/><V63/><F63/><W70/><G70/><T89/><D65/><U51/><E120/><V62/><F62/><W19/><G36/><T85/><D82/><U6/><E121/><V5/><AGARI ba="0,1" hai="5,10,13,16,22,27,52,57,60,88,91,97,103,104" machi="5" ten="20,12000,2" yaku="1,1,0,1,7,1,54,3,53,1" doraHai="38" doraHaiUra="2" who="2" fromWho="2" sc="212,-30,172,-60,346,130,260,-30" /><INIT seed="2,0,0,0,0,111" ten="182,112,476,230" oya="2" hai0="22,35,112,101,94,45,23,34,39,19,72,38,115" hai1="8,97,84,68,96,12,52,134,107,60,54,131,73" hai2="62,110,118,114,16,56,13,88,2,14,58,123,59" hai3="95,103,32,18,87,71,91,125,128,41,48,75,116"/><V81/><F123/><W49/><G116/><T90/><D72/><U98/><E73/><V50/><F118/><W129/><G71/><T130/><D101/><U46/><E131/><N who="3" m="50250" /><G75/><T99/><D130/><U79/><E134/><V126/><F2/><W82/><G32/><T9/><D9/><U47/><E107/><V76/><F76/><W10/><G125/><T70/><D70/><U53/><E60/><V43/><F126/><W28/><G28/><T3/><D3/><U51/><E68/><V7/><F7/><W1/><G41/><T105/><D23/><U0/><E0/><V78/><F78/><W122/><G122/><T133/><D105/><U113/><E113/><V127/><F127/><W11/><G18/><T37/><D133/><U64/><E64/><V36/><F114/><W109/><G109/><T20/><D20/><U6/><REACH who="1" step="1"/><E51/><REACH who="1" ten="182,102,476,230" step="2"/><V21/><F110/><W74/><G49/><T66/><D66/><U42/><E42/><V65/><F50/><W26/><G48/><T57/><D112/><U63/><E63/><V4/><F43/><W106/><G1/><T121/><D115/><U117/><E117/><V100/><F36/><W24/><G106/><T86/><D121/><U5/><E5/><V135/><F135/><W55/><G55/><T33/><D57/><U69/><E69/><V93/><F4/><W85/><G74/><T108/><D108/><U92/><E92/><V83/><F65/><W124/><G124/><T25/><D45/><U27/><E27/><N who="3" m="10282" /><G103/><N who="0" m="60919" /><D38/><U17/><E17/><V102/><F16/><W119/><G119/><T15/><D25/><RYUUKYOKU ba="0,1" sc="182,10,102,10,476,-30,230,10" hai0="15,19,22,33,34,35,37,39,86,90" hai1="6,8,12,46,47,52,53,54,79,84,96,97,98" hai3="10,11,82,85,87,91,95" /><INIT seed="3,1,1,3,1,60" ten="192,112,446,240" oya="3" hai0="57,25,99,106,120,21,74,116,2,111,94,46,91" hai1="30,123,33,133,9,3,35,51,115,135,1,71,82" hai2="22,66,4,72,132,41,43,134,121,87,68,122,10" hai3="117,14,114,73,24,112,97,36,56,62,124,104,113"/><W5/><G117/><T45/><D116/><U89/><E115/><V129/><F72/><W53/><G73/><T79/><D120/><N who="2" m="46186" /><F22/><W100/><G36/><T61/><D2/><U55/><E71/><V110/><F110/><W125/><REACH who="3" step="1"/><G24/><REACH who="3" ten="192,112,446,230" step="2"/><T107/><D111/><U118/><E118/><V40/><F129/><W6/><G6/><T11/><D74/><U23/><E123/><V103/><F4/><W101/><G101/><T70/><D25/><U50/><E133/><V85/><F103/><W84/><G84/><T69/><D106/><U88/><E135/><V19/><F87/><W95/><G95/><T78/><D107/><U48/><E82/><V7/><F85/><W20/><G20/><T37/><D21/><U0/><E23/><V126/><F7/><W119/><G119/><T109/><D109/><U96/><E33/><V58/><F134/><W44/><G44/><T102/><D102/><U47/><E35/><V16/><F132/><W29/><G29/><T54/><D46/><U34/><E34/><V130/><F10/><AGARI ba="1,2" hai="5,10,14,53,56,62,97,100,104,112,113,114,124,125" machi="10" ten="50,2400,0" yaku="1,1,53,0" doraHai="60" doraHaiUra="13" who="3" fromWho="2" sc="192,0,112,0,446,-27,230,47" /><INIT seed="3,2,0,4,4,19" ten="192,112,419,277" oya="3" hai0="40,45,42,90,24,93,128,1,120,43,131,12,34" hai1="112,30,134,108,88,124,127,86,119,68,27,52,51" hai2="96,82,14,3,94,80,4,92,114,113,22,13,39" hai3="41,49,98,18,8,25,133,70,104,102,71,59,109"/><W38/><G133/><T15/><D1/><U35/><E112/><V21/><F96/><W95/><G38/><T60/><D120/><U63/><E134/><V85/><F85/><W66/><G109/><T11/><D60/><U81/><E119/><V50/><F50/><W46/><G104/><T110/><D110/><U91/><E91/><V74/><F3/><W7/><G59/><T115/><D45/><U117/><E117/><V2/><F2/><W130/><G66/><T129/><D115/><U56/><REACH who="1" step="1"/><E108/><REACH who="1" ten="192,102,419,277" step="2"/><V126/><F113/><W55/><G102/><T89/><D89/><U28/><E28/><V29/><F29/><W106/><G130/><T20/><D34/><U9/><E9/><V105/><F114/><W37/><G8/><T48/><D11/><U100/><E100/><V54/><F126/><W5/><G5/><T84/><REACH who="0" step="1"/><D48/><REACH who="0" ten="182,102,419,277" step="2"/><U72/><E72/><V78/><F39/><W75/><G37/><T47/><D47/><U23/><E23/><V111/><F22/><W83/><G75/><T32/><D32/><U125/><E125/><V77/><F21/><W76/><G49/><T10/><D10/><U103/><E103/><V97/><F111/><W6/><G46/><T99/><D99/><U57/><E57/><V61/><F74/><W122/><G98/><T44/><D44/><U107/><E107/><V73/><F73/><N who="3" m="43407" /><G106/><T87/><D87/><U0/><E0/><V67/><F105/><W53/><G7/><T79/><D79/><N who="2" m="30218" /><F4/><W26/><G6/><T65/><D65/><AGARI ba="2,2" hai="27,30,35,51,52,56,63,65,68,81,86,88,124,127" machi="65" ten="40,5200,0" yaku="1,1,54,2,53,0" doraHai="19" doraHaiUra="69" who="1" fromWho="0" sc="182,-58,102,78,419,0,277,0" /><INIT seed="4,0,0,4,0,46" ten="124,180,419,277" oya="0" hai0="36,89,55,51,69,80,22,133,130,29,82,117,9" hai1="87,63,84,13,19,7,125,77,113,31,10,59,49" hai2="97,12,14,37,88,115,107,16,60,6,3,96,79" hai3="127,47,32,68,101,24,30,81,28,11,114,91,18"/><T98/><D117/><U34/><E125/><V135/><F135/><W5/><G68/><T35/><D36/><U132/><E132/><V53/><F37/><W17/><G101/><T86/><D69/><U116/><E116/><V58/><F115/><W75/><G30/><T121/><D121/><U76/><E34/><V99/><F79/><W118/><G118/><T85/><D35/><U100/><E100/><V103/><F3/><W70/><G70/><T48/><D130/><U20/><E31/><V38/><F38/><W1/><G114/><T50/><D98/><U62/><E84/><V72/><F72/><W123/><G127/><T110/><D110/><U104/><E104/><V39/><F39/><W67/><G67/><T0/><D133/><U65/><E63/><V131/><F131/><W45/><G123/><T109/><D109/><U129/><E113/><V26/><F99/><W83/><G83/><T8/><D55/><U41/><E87/><V95/><F6/><W122/><G122/><T33/><D0/><U52/><E41/><V64/><F64/><W61/><G75/><T23/><D33/><U134/><E134/><V43/><F43/><W111/><G111/><T66/><D66/><U27/><E129/><V112/><F112/><W105/><G105/><T106/><D106/><U15/><E15/><V93/><F107/><W92/><G32/><T44/><D44/><AGARI ba="0,0" hai="7,10,13,19,20,27,44,49,52,59,62,65,76,77" machi="44" ten="30,7700,0" yaku="7,1,8,1,52,1,54,1" doraHai="46" who="1" fromWho="0" sc="124,-77,180,77,419,0,277,0" /><INIT seed="5,0,0,3,5,80" ten="47,257,419,277" oya="1" hai0="100,75,71,19,46,126,20,88,84,25,40,14,79" hai1="119,110,64,118,132,72,109,130,103,5,90,56,45" hai2="125,18,0,96,61,24,27,114,7,6,117,41,11" hai3="76,111,4,48,26,28,94,121,22,92,99,105,101"/><U67/><E72/><V50/><F117/><W106/><G111/><N who="1" m="42506" /><E103/><V35/><F61/><W54/><G121/><T95/><D126/><U97/><E5/><V39/><F39/><W116/><G116/><T81/><D71/><U82/><E132/><V3/><F41/><W9/><G76/><T15/><REACH who="0" step="1"/><D100/><REACH who="0" ten="37,257,419,277" step="2"/><U68/><E68/><V86/><F125/><W33/><G106/><T1/><D1/><U133/><E118/><V66/><F0/><W107/><G107/><T55/><D55/><U63/><E119/><V13/><F3/><W104/><G104/><T37/><AGARI ba="0,1" hai="14,15,19,20,25,37,40,46,75,79,81,84,88,95" machi="37" ten="20,12000,2" yaku="1,1,0,1,7,1,52,1,54,1,53,1" doraHai="80" doraHaiUra="87" who="0" fromWho="0" sc="37,130,257,-60,419,-30,277,-30" /><INIT seed="6,0,0,0,1,6" ten="167,197,389,247" oya="2" hai0="90,121,120,33,51,27,126,21,40,39,58,107,130" hai1="129,135,20,86,29,42,97,134,53,13,64,91,26" hai2="36,131,9,2,82,18,38,46,41,23,17,8,98" hai3="1,11,77,117,47,14,118,111,95,115,19,100,123"/><V37/><F2/><W50/><G111/><T87/><D130/><U59/><E129/><V5/><F5/><W103/><G123/><T132/><D132/><U101/><E42/><V3/><F3/><W125/><G125/><T94/><D126/><U28/><E28/><V52/><F41/><W122/><G122/><T63/><D39/><U73/><E73/><V66/><F66/><W60/><G1/><T35/><D107/><U89/><E13/><V102/><F82/><W70/><G77/><T106/><D106/><U25/><E25/><V78/><F78/><W113/><G60/><T80/><D121/><U105/><E64/><V75/><F18/><W96/><G103/><T31/><D120/><U54/><E89/><V110/><F110/><W124/><G70/><T24/><D24/><U4/><E4/><V65/><F65/><W45/><G45/><T56/><D80/><U71/><E71/><V10/><F75/><W79/><G79/><T133/><D133/><N who="1" m="50699" /><E59/><V119/><F119/><W15/><G15/><T61/><D58/><U108/><E108/><V7/><F7/><W69/><G69/><T32/><REACH who="0" step="1"/><D56/><REACH who="0" ten="157,197,389,247" step="2"/><U76/><E76/><V34/><F131/><W92/><G124/><T67/><D67/><U93/><AGARI ba="0,1" hai="20,26,29,53,54,86,91,93,97,101,105" m="50699" machi="93" ten="30,1100,0" yaku="20,1" doraHai="6" who="1" fromWho="1" sc="157,-3,197,21,389,-5,247,-3" /><INIT seed="7,0,0,1,0,89" ten="154,218,384,244" oya="3" hai0="118,17,23,12,48,66,94,44,134,133,76,126,103" hai1="36,79,13,74,109,9,71,64,119,26,123,45,72" hai2="81,107,14,128,27,56,58,68,10,135,61,52,120" hai3="21,115,124,32,100,33,116,4,130,125,46,111,19"/><W70/><G70/><T90/><D118/><U55/><E109/><V50/><F107/><W101/><G116/><T8/><D126/><N who="3" m="48745" /><G4/><T131/><D131/><U41/><E79/><V29/><F120/><W80/><G115/><T92/><D76/><U105/><E105/><V3/><F3/><W38/><G80/><T11/><D66/><U53/><E123/><V16/><F68/><W110/><G46/><T57/><D57/><U88/><E26/><V30/><F128/><W77/><G38/><T0/><D0/><U96/><E64/><N who="2" m="38951" /><F135/><W91/><G91/><T106/><D106/><U39/><E39/><V2/><F2/><W122/><G77/><T83/><D83/><U108/><E71/><V114/><F114/><W129/><G122/><T84/><D134/><U34/><E119/><V1/><F1/><W51/><G51/><T82/><D133/><U54/><E34/><N who="3" m="13418" /><G101/><T28/><D103/><U5/><E108/><N who="3" m="41514" /><G100/><T86/><D86/><U63/><E36/><V67/><F81/><W98/><G98/><T59/><D59/><U43/><E96/><V127/><F127/><W104/><G104/><T75/><D75/><U87/><E72/><V47/><F47/><W69/><G69/><T42/><D8/><U37/><E74/><V40/><F40/><W78/><G78/><T85/><D85/><U93/><E41/><V6/><F67/><W62/><G62/><T65/><D65/><U99/><E63/><V49/><F50/><W117/><G117/><T132/><D132/><U73/><E73/><V121/><F121/><W18/><G130/><T20/><D11/><RYUUKYOKU ba="0,0" sc="154,10,218,10,384,10,244,-30" hai0="12,17,20,23,28,42,44,48,82,84,90,92,94" hai1="5,9,13,37,43,45,53,54,55,87,88,93,99" hai2="6,10,14,16,27,29,30,49,52,58" owari="164,-33.6,228,2.8,394,49.4,214,-18.6" /></mjloggm>