<mjloggm ver="2.3"><GO type="169" lobby="0"/><UN n0="%52%4F%59%5F%54" n1="%E3%82%A8%E3%82%B9%E3%82%B1%E3%83%BC%2E" n2="%E3%83%97%E3%83%AC%E3%82%AF%E3%83%A9%E3%82%B9%E3%83%8B%E3%83%BC" n3="%59%75%49%74%6F" dan="16,17,16,16" rate="2054.91,2209.48,2176.05,2063.52" sx="M,M,M,M"/><TAIKYOKU oya="0"/><INIT seed="0,0,0,0,4,101" ten="250,250,250,250" oya="0" hai0="31,96,22,27,51,112,85,32,1,10,133,92,75" hai1="29,50,41,128,100,90,123,43,35,78,70,83,54" hai2="76,65,7,107,106,26,12,86,46,21,74,120,117" hai3="72,58,8,108,3,64,39,132,69,125,88,73,63"/><T122/><D112/><U42/><E123/><V49/><F120/><W94/><G108/><T28/><D122/><U81/><E70/><V38/><F38/><W87/><G125/><T55/><D75/><U130/><E100/><V67/><F74/><W57/><G39/><T53/><D133/><U129/><E29/><V134/><F134/><W6/><G132/><T103/><D85/><U66/><E66/><V68/><F117/><W104/><G69/><T9/><D55/><U71/><E71/><V111/><F111/><W89/><G104/><T34/><D1/><U30/><E30/><V79/><F79/><W52/><REACH who="3" step="1"/><G89/><REACH who="3" ten="250,250,250,240" step="2"/><T23/><D34/><U119/><E35/><V135/><F68/><W98/><G98/><T127/><D32/><U93/><E119/><V126/><F135/><W5/><G5/><T109/><D127/><U37/><E37/><V59/><F126/><W56/><G56/><N who="0" m="32831" /><D109/><U47/><REACH who="1" step="1"/><E78/><REACH who="1" ten="250,240,250,240" step="2"/><V45/><F76/><W61/><AGARI ba="0,2" hai="3,6,8,52,57,58,61,63,64,72,73,87,88,94" machi="61" ten="20,8000,1" yaku="1,1,0,1,7,1,54,2,53,0" doraHai="101" doraHaiUra="115" who="3" fromWho="3" sc="250,-40,240,-20,250,-20,240,100" /><INIT seed="1,0,0,3,4,110" ten="210,220,230,340" oya="1" hai0="48,44,68,50,93,104,69,87,102,123,75,10,57" hai1="45,0,67,118,101,122,124,42,70,41,19,125,134" hai2="34,2,36,51,133,117,30,83,31,80,5,121,96" hai3="60,73,11,76,37,53,108,59,119,90,88,77,43"/><U16/><E122/><V111/><F111/><W55/><G108/><T28/><D75/><U1/><E118/><V98/><F36/><W23/><G73/><T106/><D28/><U113/><E101/><V65/><F65/><W107/><G107/><T78/><D57/><U29/><E29/><V100/><F34/><W26/><G43/><N who="1" m="16394" /><E67/><V15/><F51/><W85/><G37/><T109/><D44/><U74/><E74/><V38/><F38/><W66/><G11/><T84/><D102/><U54/><E45/><V21/><F100/><W129/><G129/><T7/><D106/><U132/><E54/><N who="3" m="20490" /><G119/><T82/><D104/><U115/><E70/><V58/><F2/><N who="1" m="1129" /><E16/><V89/><F117/><W62/><G62/><T3/><D123/><U14/><E14/><V32/><F15/><W120/><G120/><T91/><REACH who="0" step="1"/><D109/><REACH who="0" ten="200,220,230,340" step="2"/><U17/><E17/><V112/><F121/><W25/><G90/><T135/><D135/><N who="1" m="51755" /><E19/><V126/><F133/><W79/><G23/><T6/><D6/><U8/><E8/><V64/><F21/><W72/><G72/><T61/><D61/><U105/><E105/><V20/><F20/><W22/><G22/><T35/><D35/><U49/><E49/><AGARI ba="0,1" hai="3,7,10,48,49,50,68,69,78,82,84,87,91,93" machi="49" ten="40,1300,0" yaku="1,1,53,0" doraHai="110" doraHaiUra="95" who="0" fromWho="1" sc="200,23,220,-13,230,0,340,0" /><INIT seed="2,0,0,4,0,126" ten="223,207,230,340" oya="2" hai0="86,107,32,88,11,72,21,5,87,81,17,37,73" hai1="54,49,114,0,61,52,55,100,106,69,23,103,33" hai2="22,119,84,83,78,4,9,123,99,66,46,51,1" hai3="71,44,15,2,74,53,30,98,91,122,56,12,25"/><V120/><F119/><W14/><G2/><T79/><D32/><U117/><E33/><V20/><F66/><W105/><G74/><T97/><D37/><U96/><E117/><V121/><REACH who="2" step="1"/><F99/><REACH who="2" ten="223,207,220,340" step="2"/><W115/><G98/><T129/><D97/><U125/><E125/><V94/><F94/><W41/><G105/><T45/><D107/><U50/><E114/><V16/><F16/><W39/><G115/><T75/><D17/><U76/><E100/><V36/><F36/><W62/><G122/><T7/><D7/><U35/><E96/><V24/><F24/><W34/><G71/><T26/><D26/><U38/><E38/><V113/><F113/><W48/><G39/><T29/><D5/><U47/><E69/><V104/><F104/><W10/><G91/><T6/><D6/><AGARI ba="0,1" hai="6,10,12,14,15,25,30,34,41,44,48,53,56,62" machi="6" ten="30,1000,0" yaku="7,1" doraHai="126" who="3" fromWho="0" sc="223,-10,207,0,220,0,340,20" /><INIT seed="3,0,0,4,3,2" ten="213,207,220,360" oya="3" hai0="34,134,26,104,63,59,43,86,44,89,122,83,1" hai1="29,109,56,110,9,126,27,28,53,101,68,112,45" hai2="115,54,37,4,3,133,82,113,95,16,50,106,69" hai3="131,65,48,77,64,8,73,117,114,120,60,119,90"/><W52/><G120/><T55/><D122/><U35/><E68/><V31/><F106/><W67/><G114/><T19/><D134/><U74/><E74/><V85/><F133/><W62/><G90/><T58/><D104/><U66/><E112/><V123/><F123/><W94/><G94/><T116/><D1/><U18/><E126/><V121/><F69/><W42/><G77/><T61/><D116/><U70/><E70/><V11/><F121/><W124/><G73/><T14/><D26/><U13/><E29/><V12/><F37/><W36/><G8/><T5/><D34/><U40/><E66/><V30/><F95/><W130/><G124/><T47/><D43/><U79/><E79/><V99/><F99/><W32/><G32/><T111/><D111/><U128/><E101/><V24/><F24/><W108/><G108/><T78/><D78/><U98/><E98/><V125/><F125/><W127/><G127/><T81/><D81/><U0/><E0/><V25/><F25/><W93/><G93/><T41/><D41/><U75/><E75/><V103/><F103/><W80/><G80/><T33/><D33/><U57/><E57/><N who="2" m="32983" /><F113/><W6/><G6/><T17/><D5/><U135/><E135/><V96/><F96/><W51/><G36/><T102/><D102/><U49/><REACH who="1" step="1"/><E128/><REACH who="1" ten="213,197,220,360" step="2"/><N who="3" m="49194" /><G42/><T71/><D71/><U97/><E97/><V107/><F107/><W100/><G100/><T132/><D132/><U92/><E92/><V72/><F72/><W21/><G119/><T84/><D83/><U76/><E76/><N who="2" m="46279" /><F115/><W20/><G117/><T46/><D59/><RYUUKYOKU ba="0,1" sc="213,-15,197,15,220,15,360,-15" hai1="9,13,18,27,28,35,40,45,49,53,56,109,110" hai2="3,4,11,12,16,30,31" /><INIT seed="4,1,1,1,2,123" ten="198,212,235,345" oya="0" hai0="43,10,86,130,17,54,70,35,116,126,90,4,11" hai1="81,112,79,45,5,42,110,93,41,92,105,96,21" hai2="95,34,131,16,71,32,38,6,87,91,51,108,88" hai3="47,103,46,13,97,36,74,118,33,53,102,129,76"/><T31/><D116/><U113/><E110/><V78/><F38/><W106/><G118/><T48/><D70/><U134/><E134/><V27/><F108/><W100/><G33/><T132/><D132/><U50/><E5/><V75/><F71/><W125/><G125/><T28/><D130/><U99/><E41/><V22/><F131/><W73/><G73/><T82/><D126/><U135/><E135/><V39/><F39/><W44/><G36/><T109/><D43/><U64/><E64/><V111/><F111/><W24/><G24/><T58/><D35/><U101/><E21/><V89/><F6/><W55/><G129/><T68/><D68/><U52/><E42/><V80/><F34/><W133/><G13/><N who="0" m="5319" /><D109/><U128/><E128/><V19/><F32/><W20/><G20/><T56/><D58/><U60/><E60/><V8/><REACH who="2" step="1"/><F51/><REACH who="2" ten="198,212,225,345" step="2"/><W104/><G133/><T127/><D127/><U12/><E12/><AGARI ba="1,2" hai="8,12,16,19,22,27,75,78,80,87,88,89,91,95" machi="12" ten="40,8000,1" yaku="1,1,2,1,54,2,53,0" doraHai="123" doraHaiUra="98" who="2" fromWho="1" sc="198,0,212,-83,225,103,345,0" /><AGARI ba="1,0" hai="11,12,17,28,31,48,54,56,82,86,90" m="5319" machi="12" ten="30,1500,0" yaku="8,1" doraHai="123" who="0" fromWho="1" sc="198,15,129,-15,328,0,345,0" /><INIT seed="4,2,0,5,0,45" ten="213,114,328,345" oya="0" hai0="52,106,91,78,81,101,87,43,111,118,32,115,12" hai1="83,122,134,116,96,46,22,129,34,24,94,121,67" hai2="50,18,84,37,38,14,53,72,92,99,27,49,13" hai3="0,68,4,127,125,47,132,8,2,104,54,61,41"/><T16/><D118/><U74/><E34/><V15/><F72/><W1/><G132/><T133/><D32/><U6/><E116/><V3/><F3/><W100/><G54/><T119/><D119/><U56/><E134/><V65/><F65/><W102/><G61/><T51/><D133/><U7/><E129/><V19/><F84/><W114/><G68/><T85/><D115/><U124/><E124/><N who="3" m="47690" /><G114/><T40/><D101/><N who="3" m="39017" /><G104/><T62/><D62/><U63/><E74/><V98/><F53/><W131/><G131/><T88/><D111/><U108/><E83/><V58/><F58/><W29/><G29/><T90/><D85/><U20/><E108/><V17/><F27/><W48/><AGARI ba="2,0" hai="0,1,2,4,8,41,47,48" m="39017,47690" machi="48" ten="30,2000,0" yaku="18,1,52,1" doraHai="45" who="3" fromWho="3" sc="213,-12,114,-7,328,-7,345,26" /><INIT seed="5,0,0,4,5,33" ten="201,107,321,371" oya="1" hai0="61,24,13,67,17,131,31,5,60,114,84,124,42" hai1="29,53,104,120,69,11,51,117,103,16,94,135,7" hai2="20,12,63,113,6,65,43,99,95,25,54,44,79" hai3="110,27,97,47,3,129,35,134,21,22,87,9,62"/><U81/><E120/><V68/><F113/><W83/><G110/><T123/><D114/><U2/><E117/><V64/><F79/><W85/><G134/><T101/><D131/><U58/><E104/><V115/><F115/><W78/><G35/><T92/><D124/><U107/><E107/><V10/><F65/><W39/><G87/><T59/><D42/><U93/><E69/><V112/><F54/><W76/><G22/><T32/><D5/><U14/><E135/><V48/><F112/><W89/><G97/><T130/><D130/><U26/><E81/><V96/><F95/><W66/><G47/><T75/><D75/><U50/><E50/><V28/><AGARI ba="0,0" hai="6,10,12,20,25,28,43,44,48,63,64,68,96,99" machi="28" ten="20,1500,0" yaku="0,1,7,1" doraHai="33" who="2" fromWho="2" sc="201,-4,107,-7,321,15,371,-4" /><INIT seed="6,0,0,3,3,123" ten="197,100,336,367" oya="2" hai0="131,17,113,82,68,132,87,134,16,76,96,114,1" hai1="104,48,69,32,46,42,74,13,88,15,10,57,84" hai2="106,30,24,109,129,108,37,125,5,90,65,103,29" hai3="31,102,34,53,41,105,28,20,9,58,95,115,98"/><V62/><F37/><W79/><G34/><T7/><D68/><U35/><E69/><N who="2" m="42167" /><F5/><W64/><G64/><T36/><D36/><U111/><E74/><V72/><F72/><W133/><G133/><N who="0" m="51307" /><D131/><U21/><E104/><V61/><F129/><W23/><G41/><T89/><D7/><U50/><E15/><V86/><F61/><W51/><G79/><T27/><D1/><U70/><E70/><V112/><F30/><N who="3" m="11307" /><G105/><T71/><D71/><U107/><E107/><V81/><F112/><N who="0" m="43114" /><D27/><U54/><E111/><N who="2" m="42571" /><F125/><W39/><G39/><T6/><D6/><U99/><E99/><N who="2" m="61823" /><F29/><W126/><G126/><T94/><AGARI ba="0,0" hai="16,17,76,82,87,89,94,96" m="43114,51307" machi="94" ten="40,5200,0" yaku="20,1,15,1,54,1" doraHai="123" who="0" fromWho="0" sc="197,52,100,-13,336,-26,367,-13" /><INIT seed="7,0,0,0,2,83" ten="249,87,310,354" oya="3" hai0="36,50,133,63,82,48,29,1,110,101,115,68,11" hai1="70,51,7,21,46,32,84,33,64,94,78,8,6" hai2="41,60,34,56,75,19,52,124,91,25,45,4,111" hai3="118,57,72,127,87,35,40,104,125,123,126,23,71"/><W81/><BYE who="1" /><G118/><T120/><D110/><U10/><E10/><V102/><F111/><W17/><G123/><T73/><D36/><U47/><E47/><V76/><F102/><W12/><G35/><T130/><D120/><U3/><E3/><V112/><F124/><W135/><G135/><T116/><D116/><U28/><E28/><V107/><F112/><W103/><G71/><T0/><D101/><U90/><E90/><V109/><F109/><W20/><G72/><T117/><D117/><U122/><E122/><V69/><F107/><W100/><G40/><T22/><D29/><U58/><E58/><V88/><F4/><W24/><G57/><T54/><D54/><U74/><E74/><V30/><F69/><W131/><G104/><T132/><D68/><U97/><E97/><V38/><REACH who="2" step="1"/><F19/><REACH who="2" ten="249,87,300,354" step="2"/><N who="3" m="12319" /><G131/><T92/><D73/><U66/><E66/><V113/><F113/><W27/><G27/><T89/><D115/><U59/><E59/><V14/><F14/><W16/><G17/><T114/><D114/><U134/><E134/><V79/><F79/><AGARI ba="0,1" hai="12,16,23,79,81,87,100,103,125,126,127" m="12319" machi="79" ten="30,5800,0" yaku="18,1,52,1,54,1" doraHai="83" who="3" fromWho="2" sc="249,0,87,0,300,-58,354,68" owari="249,4.9,87,-41.3,242,-15.8,422,52.2" /></mjloggm>