<mjloggm ver="2.3"><GO type="169" lobby="0"/><UN n0="%67%6F%67%6F%2D%E3%82%B4%E3%83%AA%E3%83%A9" n1="%E4%B9%85%E4%BF%9D%E3%82%B7%E3%82%AA%E3%83%AA" n2="%E5%BE%A1%E5%BD%B1%E3%82%86%E3%81%9A%E3%81%8D" n3="%6B%75%73%6F%E6%AD%A3%E5%AE%97" dan="17,16,16,16" rate="2166.33,2023.87,2138.58,2096.96" sx="M,M,M,M"/><TAIKYOKU oya="0"/><INIT seed="0,0,0,4,0,22" ten="250,250,250,250" oya="0" hai0="60,72,75,113,111,85,1,43,29,40,36,77,12" hai1="76,53,47,103,99,128,120,96,4,80,112,63,67" hai2="87,48,25,11,13,52,7,78,95,42,46,33,66" hai3="59,94,124,30,15,31,14,100,127,131,121,3,92"/><T0/><D113/><U115/><E120/><V18/><F66/><W9/><G59/><T58/><D111/><U91/><E128/><V28/><F95/><N who="3" m="36395" /><G3/><T98/><D98/><U16/><E91/><V73/><F73/><W126/><G9/><T69/><D69/><U32/><E4/><V89/><F89/><W119/><G131/><T35/><D85/><U38/><E32/><V88/><F88/><W57/><G57/><T71/><D12/><N who="3" m="4649" /><G119/><T23/><D23/><U102/><E103/><V101/><F101/><W49/><G49/><T82/><D75/><U61/><E102/><V64/><F64/><W74/><G74/><T123/><D123/><U5/><E63/><V109/><F109/><W114/><G100/><T44/><D40/><U81/><E61/><V55/><REACH who="2" step="1"/><F7/><REACH who="2" ten="250,250,240,250" step="2"/><W26/><G121/><T68/><D68/><U129/><E5/><V50/><F50/><W108/><G108/><T97/><D97/><U135/><E99/><V130/><F130/><W19/><G114/><T27/><REACH who="0" step="1"/><D71/><REACH who="0" ten="240,250,240,250" step="2"/><U2/><E96/><V20/><F20/><AGARI ba="0,2" hai="19,20,26,30,31,124,126,127" m="4649,36395" machi="20" ten="40,2600,0" yaku="18,1,52,1" doraHai="22" who="3" fromWho="2" sc="240,0,250,0,240,-26,250,46" /><INIT seed="1,0,0,2,4,74" ten="240,250,214,296" oya="1" hai0="83,118,122,101,18,52,88,7,130,46,117,64,65" hai1="53,96,70,41,123,42,68,110,116,50,80,19,92" hai2="8,87,58,49,67,33,34,107,22,119,94,76,85" hai3="89,134,82,57,99,40,93,27,120,26,10,20,81"/><U15/><E123/><V47/><F107/><W73/><G120/><T86/><D122/><U126/><E126/><V100/><F119/><W1/><G134/><T77/><D130/><U78/><E110/><V31/><F8/><W111/><G111/><T131/><D131/><U14/><E116/><V104/><F104/><W54/><G40/><T21/><D101/><U59/><E70/><V4/><F4/><W127/><G127/><T91/><D7/><U72/><E68/><V95/><F34/><W37/><G37/><T23/><D118/><U3/><E3/><V84/><F33/><W114/><G114/><T66/><D117/><U135/><E135/><V32/><F32/><W124/><G27/><N who="0" m="14775" /><D23/><U97/><E97/><V62/><F100/><W43/><G43/><T36/><D36/><U39/><E39/><V121/><F121/><W9/><G124/><T0/><D0/><U79/><E79/><V109/><F76/><W103/><G103/><T38/><D38/><U112/><E14/><V44/><F109/><W133/><G133/><T90/><D90/><U48/><E48/><AGARI ba="0,0" hai="46,48,52,64,65,66,77,83,86,88,91" m="14775" machi="48" ten="30,7700,0" yaku="8,1,52,1,54,2" doraHai="74" who="0" fromWho="1" sc="240,77,250,-77,214,0,296,0" /><INIT seed="2,0,0,5,3,64" ten="317,173,214,296" oya="2" hai0="69,101,91,112,86,50,25,6,71,102,106,80,105" hai1="3,123,12,41,104,45,134,39,94,54,27,128,116" hai2="32,11,114,63,121,82,99,83,53,111,124,38,122" hai3="37,1,18,9,73,72,49,19,29,113,61,21,95"/><V96/><F38/><W43/><G37/><T109/><D112/><U117/><E123/><V108/><F32/><W58/><G113/><T33/><D6/><U115/><E115/><V40/><F114/><W14/><G29/><T13/><D13/><U15/><E134/><V59/><F40/><W20/><G20/><T28/><D109/><N who="2" m="42058" /><F11/><W107/><G107/><T62/><D50/><U120/><E128/><V16/><F124/><W60/><G60/><T67/><REACH who="0" step="1"/><D69/><REACH who="0" ten="307,173,214,296" step="2"/><U76/><E12/><V130/><F122/><W87/><G1/><T47/><D47/><U68/><E3/><V42/><F121/><W118/><G49/><T85/><D85/><U129/><E68/><V56/><F56/><W79/><G72/><T93/><D93/><U110/><E110/><V65/><F130/><W34/><G73/><T77/><D77/><U44/><E129/><V26/><F99/><W51/><G58/><T31/><D31/><U98/><E120/><V23/><F96/><W5/><G79/><T66/><D66/><U70/><E70/><N who="2" m="42303" /><F42/><W97/><G97/><T90/><D90/><U52/><E45/><V75/><F75/><W92/><G43/><T135/><D135/><U125/><E41/><V88/><F88/><W119/><G87/><T30/><D30/><U46/><E44/><V48/><AGARI ba="0,1" hai="16,23,26,48,53,59,82,83" m="42303,42058" machi="48" ten="30,11700,0" yaku="14,1,10,1,52,1,54,1" doraHai="64" who="2" fromWho="2" sc="307,-39,173,-39,214,127,296,-39" /><INIT seed="2,1,0,0,0,112" ten="268,134,341,257" oya="2" hai0="118,124,17,9,54,5,61,127,98,36,91,75,82" hai1="58,2,125,26,130,45,60,92,66,101,102,106,123" hai2="3,89,53,121,52,46,67,44,8,133,22,14,11" hai3="38,59,104,76,71,78,24,13,63,105,41,15,4"/><V68/><F121/><W114/><G71/><T39/><D17/><U135/><E135/><V31/><F133/><W18/><G114/><T99/><D118/><U73/><E73/><V100/><F100/><W108/><G108/><T20/><D20/><U7/><E130/><V70/><F3/><W51/><G38/><T132/><D132/><U96/><E125/><N who="0" m="48201" /><D75/><U72/><E72/><V40/><F31/><W128/><G105/><T12/><D82/><U122/><E7/><V23/><F89/><W10/><G104/><T74/><D74/><U88/><E2/><V109/><F40/><W42/><G24/><T107/><D99/><U49/><E26/><V77/><F14/><W93/><G93/><N who="0" m="56639" /><D107/><U62/><E62/><V1/><F1/><W110/><G110/><T57/><AGARI ba="1,0" hai="5,9,12,36,39,54,57,61" m="56639,48201" machi="57" ten="30,1100,0" yaku="18,1" doraHai="112" who="0" fromWho="0" sc="268,14,134,-4,341,-6,257,-4" /><INIT seed="3,0,0,2,1,44" ten="282,130,335,253" oya="3" hai0="76,68,96,81,45,116,47,60,10,111,64,5,118" hai1="75,70,27,109,86,117,21,92,63,18,106,23,2" hai2="7,107,94,90,115,11,17,0,105,31,130,8,53" hai3="78,51,3,50,20,135,99,103,52,43,132,37,24"/><W46/><G3/><T49/><D111/><U101/><E109/><V38/><F115/><W28/><G78/><T15/><D47/><U35/><E2/><V95/><F38/><W41/><G41/><T16/><D96/><U131/><E75/><V26/><F95/><W25/><G24/><T33/><D33/><U87/><E131/><V89/><F89/><W112/><G112/><T56/><D68/><U67/><E117/><V97/><F130/><W4/><G4/><T62/><D60/><U85/><E18/><V29/><F29/><W124/><G124/><T74/><REACH who="0" step="1"/><D5/><REACH who="0" ten="272,130,335,253" step="2"/><U71/><E71/><V59/><F7/><W22/><G22/><T133/><D133/><N who="3" m="51273" /><G52/><AGARI ba="0,1" hai="10,15,16,45,49,52,56,62,64,74,76,81,116,118" machi="52" ten="30,8000,1" yaku="1,1,7,1,52,1,54,2,53,0" doraHai="44" doraHaiUra="102" who="0" fromWho="3" sc="272,90,130,0,335,0,253,-80" /><INIT seed="4,0,0,4,3,90" ten="362,130,335,173" oya="0" hai0="4,129,59,64,54,35,1,85,116,49,122,65,73" hai1="76,100,121,41,108,13,58,57,107,30,55,115,23" hai2="101,5,47,43,123,131,14,130,27,72,16,132,97" hai3="86,91,9,105,62,81,2,6,53,39,109,22,75"/><T124/><D73/><U112/><E108/><V44/><F72/><W7/><G109/><T42/><D35/><U92/><E121/><V103/><F123/><W18/><G105/><T48/><D122/><U99/><E58/><V96/><F5/><W111/><G39/><T12/><D1/><U21/><E41/><V33/><F132/><W69/><G7/><T20/><D116/><U40/><E40/><V102/><F33/><W135/><G135/><T52/><D129/><N who="2" m="49162" /><F27/><W83/><G111/><T71/><D124/><U80/><E107/><V46/><F43/><W17/><G17/><T24/><D71/><U61/><E13/><V10/><AGARI ba="0,0" hai="10,14,16,44,46,47,96,97,101,102,103" m="49162" machi="10" ten="40,2700,0" yaku="19,1,54,1" doraHai="90" who="2" fromWho="2" sc="362,-13,130,-7,335,27,173,-7" /><INIT seed="5,0,0,2,5,45" ten="349,123,362,166" oya="1" hai0="58,61,107,47,19,130,117,124,38,95,76,33,62" hai1="78,94,31,54,85,118,127,74,92,97,87,6,101" hai2="109,12,27,2,25,24,98,3,39,96,66,51,93" hai3="135,13,42,84,8,69,22,111,106,126,68,14,23"/><U26/><E118/><V90/><F39/><W114/><G111/><T20/><D107/><U110/><E110/><V73/><F73/><W50/><G106/><T40/><D33/><U44/><E127/><V128/><F128/><W10/><G126/><T11/><D124/><U63/><E6/><V65/><F3/><W112/><G84/><T132/><D117/><U1/><E1/><V17/><F2/><W71/><G135/><T4/><D130/><U103/><E74/><V55/><F98/><W67/><G67/><T5/><D76/><U100/><E78/><V131/><F131/><W115/><G50/><T133/><D95/><U29/><E29/><V89/><F89/><W15/><REACH who="3" step="1"/><G42/><REACH who="3" ten="349,123,362,156" step="2"/><T91/><D40/><U46/><E87/><V129/><F109/><W41/><G41/><T60/><D133/><U70/><E85/><V48/><F129/><W113/><N who="3" m="28672" /><DORA hai="35" /><W79/><G79/><T123/><D132/><U88/><E94/><V21/><F48/><W36/><G36/><T43/><D43/><U9/><E70/><V49/><F49/><W99/><G99/><T108/><D38/><U125/><E125/><V121/><F121/><W80/><G80/><T83/><D83/><U18/><E97/><V134/><F134/><W104/><G104/><T32/><D123/><U30/><E92/><V72/><F72/><W75/><G75/><T16/><D108/><U119/><E119/><V64/><F66/><W37/><G37/><T77/><D77/><U116/><E116/><V52/><F55/><W122/><G122/><T56/><D61/><U0/><E63/><RYUUKYOKU ba="0,1" sc="349,-15,123,-15,362,15,156,15" hai2="12,17,21,24,25,27,51,52,64,65,90,93,96" hai3="8,10,13,14,15,22,23,68,69,71" /><INIT seed="6,1,1,1,5,96" ten="334,108,377,171" oya="2" hai0="23,98,93,73,34,41,21,20,110,40,81,6,75" hai1="46,30,16,79,112,94,31,18,123,97,64,124,25" hai2="115,15,125,1,106,13,7,69,95,33,11,82,134" hai3="120,74,80,52,66,28,2,87,36,128,3,71,100"/><V92/><F69/><W132/><G120/><T0/><D110/><U77/><E124/><V58/><F106/><W131/><G74/><T63/><D34/><U102/><E123/><V10/><F33/><W65/><G36/><T133/><D133/><U108/><E108/><V107/><F107/><W117/><G117/><T62/><D0/><N who="3" m="41" /><G28/><N who="1" m="10794" /><E112/><V39/><F115/><W43/><G43/><T122/><D122/><U8/><E64/><V68/><F68/><W126/><G126/><T55/><D6/><U42/><E42/><V12/><F39/><W5/><G5/><T45/><D41/><U29/><N who="1" m="10802" /><U101/><DORA hai="19" /><E46/><V105/><F105/><W76/><G71/><T24/><D24/><U90/><E25/><V35/><F35/><W86/><G86/><T57/><D63/><U54/><E54/><V44/><F134/><W53/><G132/><T70/><D81/><U118/><E118/><V130/><F7/><W59/><G53/><T27/><D27/><U103/><E16/><V85/><F1/><W91/><G65/><T17/><D17/><U78/><E78/><V47/><F47/><W67/><G67/><T50/><REACH who="0" step="1"/><D70/><REACH who="0" ten="324,108,377,171" step="2"/><U129/><E129/><V135/><F130/><W89/><G128/><T109/><D109/><U48/><E48/><V49/><F135/><W51/><G131/><T38/><D38/><U116/><E116/><V104/><F49/><W127/><G127/><T114/><D114/><U88/><E90/><AGARI ba="1,2" hai="20,21,23,40,45,50,55,57,62,73,75,90,93,98" machi="90" ten="40,8000,1" yaku="1,1,52,3,53,1" doraHai="96,19" doraHaiUra="61,84" who="0" fromWho="1" sc="324,103,108,-83,377,0,171,0" /><INIT seed="7,0,0,5,2,106" ten="427,25,377,171" oya="3" hai0="89,32,131,12,94,3,123,25,43,104,27,53,122" hai1="78,37,59,124,7,116,5,22,119,56,92,101,71" hai2="118,66,40,49,61,80,86,125,74,9,13,133,76" hai3="120,60,126,14,33,109,105,18,77,42,100,128,11"/><W108/><G120/><T72/><D72/><U24/><E37/><V129/><F118/><W26/><G42/><T4/><D104/><U84/><E71/><V88/><F133/><W63/><G105/><T111/><D111/><N who="3" m="42569" /><G100/><T117/><D117/><U23/><E124/><V103/><F103/><W34/><G126/><T30/><D3/><U52/><E116/><V79/><F125/><W10/><G77/><T64/><D131/><U135/><E135/><V41/><F129/><W70/><G70/><T58/><D64/><U51/><E119/><V15/><F79/><W54/><G54/><T130/><D130/><U98/><E22/><V132/><F132/><W107/><G107/><T31/><D43/><U99/><E99/><V48/><F40/><W69/><G69/><T112/><D12/><U68/><E68/><V1/><F1/><W82/><G82/><T102/><D4/><U75/><E75/><V110/><F110/><W121/><G121/><T55/><D55/><U127/><E127/><V46/><F49/><W29/><G34/><T96/><D112/><U85/><E84/><V81/><REACH who="2" step="1"/><F9/><REACH who="2" ten="427,25,367,171" step="2"/><N who="3" m="6479" /><G128/><T65/><D102/><U17/><E78/><V38/><F38/><W73/><G73/><T0/><D0/><U39/><E39/><V28/><F28/><W19/><G10/><T87/><D122/><U36/><E36/><V83/><F83/><W91/><G91/><T93/><D123/><U90/><REACH who="1" step="1"/><E59/><AGARI ba="0,1" hai="13,15,41,46,48,59,61,66,74,76,80,81,86,88" machi="59" ten="30,7700,0" yaku="1,1,7,1,52,1,54,1,53,0" doraHai="106" doraHaiUra="97" who="2" fromWho="1" sc="427,0,25,-77,367,87,171,0" owari="427,22.7,-52,-55.2,454,55.4,171,-22.9" /></mjloggm>