<mjloggm ver="2.3"><GO type="169" lobby="0"/><UN n0="%E9%AB%98%E6%A9%8B%E8%89%AF%E5%A4%AA" n1="%E7%AE%B1%E4%B8%8B%E3%81%AE%E3%82%B1%E3%83%B3%E5%9D%8A" n2="%E4%BA%BA%E7%8B%BC" n3="%E3%82%8A%E3%82%87%E3%81%91%E3%81%99" dan="16,16,16,17" rate="2150.25,2123.74,2048.59,2170.97" sx="M,M,M,M"/><TAIKYOKU oya="0"/><INIT seed="0,0,0,2,2,67" ten="250,250,250,250" oya="0" hai0="127,65,82,23,16,43,80,121,79,55,46,99,14" hai1="19,102,90,81,3,84,8,31,92,83,100,104,75" hai2="77,70,53,38,13,116,114,113,76,68,126,89,112" hai3="58,11,134,95,96,52,132,64,115,71,56,51,5"/><T18/><D121/><U125/><E125/><V39/><F53/><N who="3" m="31807" /><G95/><T28/><D127/><U130/><E31/><V22/><F126/><W85/><G85/><T1/><D1/><U117/><E3/><V62/><F62/><N who="3" m="40343" /><G96/><T97/><D55/><U10/><E19/><V45/><F89/><W20/><G20/><T40/><D40/><U54/><E54/><V26/><F13/><W120/><G11/><T110/><D65/><U48/><E48/><V101/><F101/><W61/><G5/><T17/><D110/><U15/><E10/><V29/><F116/><W107/><G107/><T42/><D42/><U124/><E15/><V78/><REACH who="2" step="1"/><F45/><REACH who="2" ten="250,250,240,250" step="2"/><W7/><G7/><T60/><D60/><U111/><E90/><V93/><F93/><W35/><G35/><T63/><D63/><U72/><E92/><V21/><F21/><W133/><G120/><T59/><D14/><U103/><E102/><V49/><F49/><W57/><G57/><T105/><D59/><U118/><E124/><V37/><AGARI ba="0,1" hai="22,26,29,37,38,39,68,70,76,77,78,112,113,114" machi="37" ten="50,12000,2" yaku="1,1,0,1,29,2,52,2,53,0" doraHai="67" doraHaiUra="50" who="2" fromWho="2" sc="250,-60,250,-30,240,130,250,-30" /><INIT seed="1,0,0,2,3,63" ten="190,220,370,220" oya="1" hai0="90,18,7,70,99,34,94,12,33,104,59,24,23" hai1="118,43,84,67,131,61,87,119,105,13,58,57,32" hai2="16,26,108,72,117,126,65,31,115,20,125,30,74" hai3="49,5,88,116,132,111,2,6,109,134,124,50,55"/><U133/><E105/><V71/><F108/><N who="3" m="41547" /><G55/><T0/><D0/><U10/><E32/><V86/><F86/><W92/><G124/><N who="2" m="47721" /><F117/><W44/><G116/><T123/><D70/><U46/><E119/><V97/><F97/><W102/><G102/><T127/><D127/><U85/><E118/><V56/><F71/><W120/><G120/><T98/><D123/><U11/><E131/><V73/><F115/><W60/><G60/><AGARI ba="0,0" hai="16,20,26,30,31,56,60,65,72,73,74" m="47721" machi="60" ten="40,5200,0" yaku="18,1,52,1,54,1" doraHai="63" who="2" fromWho="3" sc="190,0,220,0,370,52,220,-52" /><INIT seed="2,0,0,0,1,8" ten="190,220,422,168" oya="2" hai0="65,51,32,77,99,55,31,53,39,85,67,45,76" hai1="52,1,118,116,49,37,2,72,26,129,98,29,54" hai2="74,66,87,6,35,109,7,58,115,84,3,22,17" hai3="111,78,83,4,68,81,34,36,103,59,23,125,70"/><V105/><F115/><W101/><G34/><T10/><D39/><U92/><E37/><V11/><F74/><W21/><G36/><T95/><D31/><U80/><E129/><V9/><F105/><W113/><G59/><T119/><D32/><U43/><E43/><V60/><F35/><W44/><G44/><T62/><D119/><U56/><E116/><V93/><F93/><W122/><G4/><T96/><D96/><U57/><E118/><V100/><F100/><W117/><G117/><T33/><D10/><U28/><E80/><V90/><F90/><W14/><G122/><T133/><D133/><U124/><E124/><V13/><REACH who="2" step="1"/><F109/><REACH who="2" ten="190,220,412,168" step="2"/><W130/><G111/><T24/><D33/><U19/><E72/><V25/><AGARI ba="0,1" hai="3,6,7,9,11,13,17,22,25,58,60,66,84,87" machi="25" ten="20,12000,1" yaku="1,1,2,1,0,1,7,1,52,1,53,0" doraHai="8" doraHaiUra="110" who="2" fromWho="2" sc="190,-40,220,-40,412,130,168,-40" /><INIT seed="2,1,0,3,1,111" ten="150,180,542,128" oya="2" hai0="17,49,80,85,132,33,36,95,123,51,14,61,18" hai1="87,118,68,35,113,75,29,5,128,86,54,110,30" hai2="125,93,81,46,26,126,50,106,52,62,98,121,88" hai3="101,59,65,11,115,102,66,19,12,1,60,43,116"/><V58/><F121/><W73/><G116/><T32/><D36/><U114/><E68/><V15/><F15/><W131/><G131/><T40/><D123/><U47/><E75/><V100/><F26/><W44/><G73/><T99/><D18/><U79/><E118/><V39/><F39/><W63/><G1/><T28/><D61/><U109/><E5/><V45/><F81/><W77/><G77/><T67/><D67/><U96/><E96/><V8/><F8/><W42/><G115/><N who="1" m="44042" /><E35/><V20/><F20/><W25/><G25/><T94/><D94/><U41/><E54/><V124/><F62/><W76/><G76/><T48/><D40/><U135/><E79/><V117/><F117/><W82/><G82/><T23/><D28/><N who="1" m="10859" /><E128/><V70/><F70/><W105/><G105/><T24/><D24/><U92/><E92/><V21/><F21/><W27/><G27/><T3/><D3/><U34/><E34/><V74/><F74/><W37/><G43/><T10/><D23/><U78/><E78/><V38/><F38/><W2/><G2/><T6/><D6/><U133/><E47/><V83/><F83/><W120/><G65/><T9/><D32/><U90/><E41/><V53/><F53/><W97/><G66/><T134/><D33/><U91/><E110/><V31/><F31/><W55/><G55/><T127/><D80/><U112/><N who="1" m="44050" /><U119/><DORA hai="16" /><E109/><V56/><F46/><W22/><G44/><T57/><D48/><U104/><E104/><V0/><F0/><W64/><G42/><T71/><D57/><N who="2" m="22122" /><F106/><W89/><G37/><RYUUKYOKU ba="1,0" sc="150,-10,180,-10,542,30,128,-10" hai2="45,50,52,88,93,98,100,124,125,126" /><INIT seed="2,2,0,2,5,16" ten="140,170,572,118" oya="2" hai0="102,75,132,65,74,84,9,80,85,110,10,127,130" hai1="99,70,67,77,30,128,105,90,96,98,87,126,12" hai2="129,55,121,81,32,114,47,61,58,86,97,24,20" hai3="45,35,1,124,26,38,60,54,19,17,117,72,69"/><V66/><F114/><W115/><G117/><T62/><D102/><U51/><E70/><V83/><F121/><W36/><G1/><T135/><D110/><U39/><E39/><V0/><F0/><W91/><G72/><N who="0" m="27691" /><D130/><U18/><E67/><V31/><F129/><W76/><G76/><T13/><D127/><U46/><E128/><V4/><F4/><W56/><G124/><T15/><D80/><U37/><E37/><V53/><F97/><W95/><G69/><T40/><D40/><U33/><E33/><V93/><F32/><W101/><G101/><T43/><D43/><N who="1" m="25055" /><E30/><V50/><F66/><W48/><G19/><T64/><D64/><U11/><E105/><V28/><F28/><W5/><G5/><T63/><D65/><U107/><E107/><V42/><F42/><W34/><G34/><T119/><D119/><U52/><E52/><V68/><F68/><W29/><G115/><T27/><D62/><U103/><E103/><V104/><F104/><W49/><G49/><T3/><D63/><U125/><E125/><V2/><F2/><W41/><G17/><T120/><D3/><U92/><E126/><V7/><F7/><W25/><G25/><T89/><D27/><U78/><AGARI ba="2,0" hai="11,12,18,77,78,87,90,92,96,98,99" m="25055" machi="78" ten="30,1100,0" yaku="8,1" doraHai="16" who="1" fromWho="1" sc="140,-5,170,17,572,-7,118,-5" /><INIT seed="3,0,0,1,5,116" ten="135,187,565,113" oya="3" hai0="8,58,4,107,33,104,110,24,85,75,71,36,50" hai1="57,109,80,14,60,127,73,97,19,105,48,26,90" hai2="79,10,52,117,115,100,129,72,130,112,91,69,78" hai3="125,76,70,31,13,49,111,63,30,65,99,45,12"/><W67/><G125/><T7/><D75/><U131/><E109/><V124/><F69/><W37/><G111/><T123/><D36/><U18/><E131/><V35/><F35/><W86/><G65/><T103/><D71/><U21/><E127/><V128/><F124/><W38/><G99/><T83/><D7/><U39/><E39/><V54/><F117/><W126/><G126/><T22/><D33/><U82/><E48/><V120/><F120/><W68/><G68/><T44/><D103/><U56/><E73/><V81/><F100/><W2/><G2/><T88/><D58/><U102/><E90/><V20/><F20/><W66/><G66/><T0/><D123/><U51/><E51/><V6/><F91/><W1/><G1/><T9/><D9/><U64/><REACH who="1" step="1"/><E57/><REACH who="1" ten="135,177,565,113" step="2"/><V47/><F79/><W108/><G37/><T118/><D110/><U3/><E3/><N who="2" m="351" /><F47/><W132/><G38/><T87/><D118/><U106/><E106/><V92/><F92/><W17/><G108/><T96/><D87/><U121/><E121/><V23/><F115/><W135/><G45/><T113/><D113/><U41/><E41/><V40/><F40/><W62/><G49/><T28/><D96/><U59/><E59/><V25/><F112/><W27/><G70/><T89/><D89/><U15/><E15/><V34/><F34/><W114/><G13/><T84/><D85/><U42/><E42/><AGARI ba="0,1" hai="0,4,8,22,24,28,42,44,50,83,84,88,104,107" machi="42" ten="30,2000,0" yaku="7,1,54,1" doraHai="116" who="0" fromWho="1" sc="135,30,177,-20,565,0,113,0" /><INIT seed="4,0,0,0,5,126" ten="165,157,565,113" oya="0" hai0="77,29,107,114,105,78,59,49,2,60,44,101,84" hai1="35,70,48,130,54,39,128,117,12,113,8,10,111" hai2="115,106,31,3,27,63,76,1,99,14,22,82,90" hai3="98,133,92,55,95,19,87,40,62,21,104,64,102"/><T81/><D2/><U73/><E111/><V13/><F115/><W66/><G133/><T16/><D29/><U112/><E117/><V30/><F3/><W121/><G121/><T0/><D0/><U23/><E73/><V15/><F1/><W100/><G40/><T34/><D34/><U80/><E70/><V124/><F124/><W97/><G104/><T131/><D101/><U134/><E39/><V18/><F63/><W122/><G122/><T43/><D78/><U93/><E35/><V36/><F36/><W9/><G9/><N who="1" m="3690" /><E80/><V120/><F120/><W108/><G108/><T45/><D114/><N who="1" m="44139" /><E93/><V42/><F42/><W75/><G75/><T65/><D44/><N who="1" m="27911" /><E134/><V24/><F106/><W46/><G87/><T89/><D131/><U103/><E103/><V52/><F99/><W88/><G102/><T68/><D77/><U129/><E23/><V91/><F76/><W32/><G32/><T135/><D135/><U17/><E17/><V47/><F82/><W28/><G28/><T110/><D110/><U5/><E12/><V25/><F18/><W7/><G7/><AGARI ba="0,0" hai="5,7,128,129,130" m="27911,44139,3690" machi="7" ten="40,12000,2" yaku="19,1,15,1,11,1,52,3" doraHai="126" who="1" fromWho="3" sc="165,0,157,120,565,0,113,-120" owari="165,-23.5,277,7.7,565,66.5,-7,-50.7" /></mjloggm>