<mjloggm ver="2.3"><GO type="169" lobby="0"/><UN n0="%4E%49%4B%55%59%41" n1="%E3%83%87%E3%82%B8%E3%82%BF%E3%83%AB%E5%85%88%E7%94%9F" n2="%E7%A9%B6%E6%A5%B5%56%E3%83%A2%E3%83%B3%E3%82%AD%E3%83%BC" n3="%E5%B3%B6%E7%94%B0%E7%9C%9F%E5%A4%A2" dan="17,16,16,16" rate="2212.22,2150.82,2105.36,2158.87" sx="M,M,M,F"/><TAIKYOKU oya="0"/><INIT seed="0,0,0,1,1,5" ten="250,250,250,250" oya="0" hai0="58,39,15,64,99,33,61,124,105,112,79,71,72" hai1="10,122,82,7,48,110,22,0,118,84,60,26,28" hai2="94,123,108,13,115,36,126,50,41,114,63,75,135" hai3="93,44,121,78,90,91,117,34,59,98,40,9,4"/><T55/><D112/><U103/><E118/><V30/><F123/><W16/><G117/><T116/><D116/><U70/><E122/><V128/><F108/><W104/><G34/><T130/><D33/><U8/><E110/><V45/><F75/><W81/><G121/><T51/><D130/><U125/><E125/><V129/><F30/><W92/><G104/><T85/><D72/><U86/><E103/><V69/><F94/><W76/><G59/><T80/><D124/><U42/><E70/><V97/><F97/><W87/><G81/><T113/><D113/><N who="2" m="43018" /><F13/><W107/><G107/><T53/><D39/><U43/><E60/><V106/><F106/><W67/><G67/><T47/><D15/><U29/><E29/><V74/><F74/><W109/><G109/><T35/><D35/><U23/><E23/><V25/><F25/><W20/><G40/><T52/><REACH who="0" step="1"/><D71/><REACH who="0" ten="240,250,250,250" step="2"/><U49/><E0/><V132/><F126/><W77/><G44/><T1/><D1/><U83/><E26/><V2/><F2/><W131/><G131/><N who="2" m="50249" /><F36/><W17/><REACH who="3" step="1"/><G20/><REACH who="3" ten="240,250,250,240" step="2"/><T119/><D119/><U24/><E22/><V62/><F69/><W31/><G31/><T127/><D127/><U56/><E28/><V89/><F45/><W14/><AGARI ba="0,2" hai="4,9,14,16,17,76,77,78,87,90,91,92,93,98" machi="14" ten="30,8000,1" yaku="1,1,0,1,8,1,52,1,54,1,53,0" doraHai="5" doraHaiUra="46" who="3" fromWho="3" sc="240,-40,250,-20,250,-20,240,100" /><INIT seed="1,0,0,4,0,27" ten="200,230,230,340" oya="1" hai0="29,114,78,108,107,26,16,37,44,132,89,23,38" hai1="7,3,25,121,126,49,103,73,116,0,11,80,111" hai2="122,8,125,124,84,119,12,14,10,74,117,94,134" hai3="32,34,70,22,42,53,97,81,39,55,79,52,115"/><U30/><E121/><V47/><F74/><W102/><G70/><T113/><D107/><U109/><E116/><V127/><F122/><W120/><G120/><T83/><D108/><N who="1" m="41547" /><E103/><V98/><F134/><W64/><G64/><T13/><D132/><U31/><E126/><V61/><F84/><W105/><G115/><T69/><D69/><U58/><E3/><V86/><F86/><W88/><G22/><T77/><D89/><U133/><E133/><V85/><F85/><W21/><G21/><T20/><D44/><U104/><E104/><V123/><F61/><W110/><G110/><T112/><REACH who="0" step="1"/><D83/><REACH who="0" ten="190,230,230,340" step="2"/><U75/><E80/><V48/><F123/><W76/><G88/><T82/><D82/><U90/><E90/><V87/><F117/><W19/><G81/><T50/><D50/><U5/><E75/><V129/><F119/><W51/><G51/><T54/><D54/><N who="1" m="32079" /><E73/><V118/><F118/><W71/><G105/><T56/><D56/><U59/><E59/><V63/><F125/><W36/><G71/><T43/><D43/><U91/><E91/><N who="2" m="55647" /><F127/><W4/><G42/><T101/><D101/><U45/><E45/><V6/><F124/><W15/><G102/><T65/><D65/><U100/><E100/><V128/><F87/><W41/><G41/><T60/><D60/><U93/><E93/><V35/><F63/><W67/><G67/><T106/><D106/><U24/><E7/><N who="2" m="3103" /><F48/><W9/><G4/><T62/><D62/><U99/><E99/><V135/><F47/><W46/><G97/><T40/><D40/><U68/><E68/><V96/><F135/><RYUUKYOKU ba="0,1" sc="190,15,230,15,230,-15,340,-15" hai0="13,16,20,23,26,29,37,38,77,78,112,113,114" hai1="0,5,11,24,25,30,31" /><INIT seed="1,1,1,3,0,61" ten="205,245,215,325" oya="1" hai0="4,120,16,11,89,74,134,49,19,107,59,104,106" hai1="72,100,56,0,31,18,82,83,121,6,32,60,101" hai2="76,20,112,98,51,37,34,26,125,77,7,13,132" hai3="113,38,2,9,40,85,95,75,80,79,23,99,97"/><U33/><E121/><V62/><F37/><W115/><G23/><T67/><D74/><U122/><E122/><V24/><F132/><W93/><G40/><T111/><D120/><U69/><E69/><V109/><F109/><W135/><G9/><T129/><D111/><U65/><E18/><V116/><F116/><W21/><G21/><T81/><D134/><U46/><E46/><V14/><F125/><W55/><G55/><T124/><D124/><U12/><E0/><V66/><F112/><N who="3" m="43083" /><G2/><T117/><D117/><U130/><E130/><V119/><F119/><W5/><G5/><T84/><D129/><U68/><E68/><V30/><F51/><W8/><G8/><T50/><D50/><U28/><E32/><V127/><F127/><W10/><G10/><T29/><D29/><N who="1" m="11339" /><E72/><V36/><F36/><W123/><G38/><T44/><D59/><U43/><E43/><V91/><F7/><W22/><G22/><T45/><D67/><U35/><E35/><V54/><F54/><W1/><G1/><T131/><D131/><U57/><E57/><N who="2" m="37199" /><F26/><W48/><G123/><T70/><D70/><U90/><E33/><V52/><F52/><W27/><G27/><T15/><REACH who="0" step="1"/><D45/><REACH who="0" ten="195,245,215,325" step="2"/><U53/><E65/><V94/><F34/><W128/><G128/><T108/><D108/><U87/><E6/><V41/><F41/><AGARI ba="1,2" hai="4,11,15,16,19,41,44,49,81,84,89,104,106,107" machi="41" ten="40,2600,0" yaku="1,1,54,1,53,0" doraHai="61" doraHaiUra="110" who="0" fromWho="2" sc="195,49,245,0,215,-29,325,0" /><INIT seed="2,0,0,4,5,23" ten="244,245,186,325" oya="2" hai0="104,67,132,6,35,4,90,16,49,14,42,53,118" hai1="78,113,109,43,46,66,131,70,129,56,24,31,86" hai2="25,125,0,102,32,97,19,91,108,128,80,68,81" hai3="48,135,63,111,72,10,99,98,134,11,87,52,100"/><V83/><F68/><W64/><G72/><T50/><D104/><U62/><E113/><V65/><F65/><W47/><G111/><T38/><D38/><U71/><E78/><V57/><F0/><W114/><G87/><T18/><D35/><U34/><E86/><V79/><F128/><N who="1" m="49225" /><E109/><V117/><F108/><W120/><G120/><T9/><D67/><U101/><E101/><V82/><F117/><W84/><G84/><T103/><D103/><U122/><E122/><V76/><F125/><W33/><G33/><T124/><D124/><U54/><E54/><V130/><F130/><W44/><G44/><N who="0" m="25751" /><D118/><U20/><E34/><V107/><F91/><W77/><G77/><T15/><D90/><U2/><E2/><V73/><F57/><N who="3" m="36975" /><G99/><T59/><D132/><N who="3" m="50729" /><G114/><T95/><D95/><AGARI ba="0,0" hai="10,11,47,48,52,95,98,100" m="50729,36975" machi="95" ten="30,2000,0" yaku="20,1,54,1" doraHai="23" who="3" fromWho="0" sc="244,-20,245,0,186,0,325,20" /><INIT seed="3,0,0,5,1,48" ten="224,245,186,345" oya="3" hai0="44,89,114,12,14,71,72,15,55,5,57,24,16" hai1="108,42,66,6,11,40,69,113,95,91,39,23,54" hai2="130,41,105,101,1,58,118,87,94,92,21,124,97" hai3="34,120,56,115,100,129,83,22,93,78,74,4,125"/><W60/><G120/><T17/><D71/><U80/><E113/><V29/><F118/><W122/><G122/><T73/><D114/><U75/><E69/><V106/><F1/><W85/><G34/><T49/><D5/><U103/><E66/><V65/><F130/><W86/><G129/><T7/><D7/><U104/><E23/><V67/><F124/><W43/><G43/><T135/><D135/><U111/><E39/><V59/><F41/><W99/><G125/><T37/><D37/><U109/><E104/><V45/><F45/><W88/><G4/><T96/><D44/><U119/><E119/><V3/><F3/><W81/><G22/><T53/><D55/><U8/><E103/><V116/><F116/><W131/><G131/><T38/><D38/><U134/><E134/><V76/><F65/><W70/><G70/><T30/><D89/><U82/><E75/><V27/><F59/><W25/><G25/><T20/><REACH who="0" step="1"/><D96/><REACH who="0" ten="214,245,186,345" step="2"/><N who="1" m="57471" /><E42/><V112/><F112/><W84/><G115/><T132/><D132/><U33/><E40/><V35/><F35/><W98/><G98/><T31/><D31/><U127/><E33/><V126/><F126/><W19/><G19/><AGARI ba="0,1" hai="12,14,15,16,17,19,20,24,30,49,53,57,72,73" machi="19" ten="40,5200,0" yaku="1,1,52,1,54,1,53,0" doraHai="48" doraHaiUra="90" who="0" fromWho="3" sc="214,62,245,0,186,0,345,-52" /><INIT seed="4,0,0,3,0,30" ten="276,245,186,293" oya="0" hai0="51,66,38,124,99,131,86,128,110,17,2,61,126" hai1="26,69,70,122,85,84,28,95,121,34,112,16,35" hai2="19,83,129,41,135,24,94,65,106,40,118,77,102" hai3="58,113,117,11,31,37,12,133,45,103,80,44,7"/><T4/><D86/><U123/><E112/><V3/><F3/><W57/><G117/><T5/><D99/><U39/><E39/><V76/><F106/><W63/><G113/><T50/><D17/><U75/><E75/><V82/><F118/><W62/><G133/><T59/><D2/><U49/><E49/><N who="0" m="18441" /><D4/><U33/><E16/><V81/><F135/><W101/><G80/><T79/><D5/><U53/><E53/><V132/><F132/><W105/><G31/><T104/><D79/><U88/><REACH who="1" step="1"/><E85/><REACH who="1" ten="276,235,186,293" step="2"/><V114/><F114/><W72/><G72/><T91/><D38/><U107/><E107/><V100/><F19/><W42/><G105/><T18/><D18/><U8/><E8/><V109/><F109/><W68/><G37/><T46/><D104/><U98/><E98/><V97/><F129/><N who="0" m="49738" /><D110/><U90/><E90/><V130/><F130/><W29/><G11/><T64/><D91/><U13/><E13/><V27/><F77/><W87/><G87/><T89/><D89/><U125/><E125/><N who="0" m="48233" /><D46/><U10/><E10/><V25/><F76/><W22/><G44/><T115/><D115/><U73/><E73/><V15/><F100/><W47/><G45/><T116/><D116/><U14/><E14/><V1/><F15/><W111/><G12/><T56/><D66/><U60/><E60/><V71/><F1/><W52/><G111/><T0/><D0/><U67/><E67/><V92/><F65/><W78/><G78/><T119/><D119/><U74/><E74/><V96/><F96/><W20/><G103/><T55/><D55/><U32/><AGARI ba="0,1" hai="26,28,32,33,34,35,69,70,84,88,95,121,122,123" machi="32" ten="40,16000,3" yaku="1,1,5,1,0,1,52,4,54,1,53,0" doraHai="30" doraHaiUra="54" who="1" fromWho="1" sc="276,-80,235,170,186,-40,293,-40" /><INIT seed="5,0,0,1,0,41" ten="196,405,146,253" oya="1" hai0="79,15,111,116,8,36,94,78,60,7,74,133,23" hai1="56,17,129,4,67,72,104,39,50,16,2,75,97" hai2="109,88,71,24,46,63,48,82,118,31,93,73,130" hai3="58,9,44,125,29,105,52,81,127,106,120,42,121"/><U51/><E39/><V53/><F109/><W113/><G29/><T27/><D116/><U99/><E2/><V62/><F118/><W22/><G22/><T59/><D111/><U70/><E70/><V37/><F130/><W25/><G25/><T87/><D36/><U128/><E56/><V33/><F37/><N who="3" m="21583" /><G9/><T26/><D74/><U68/><E68/><V13/><F71/><W12/><G12/><T54/><D133/><U86/><E67/><V30/><F30/><W108/><G81/><T61/><D60/><U10/><E86/><V55/><F55/><W96/><G96/><T65/><D65/><U102/><E4/><V0/><F0/><W98/><G98/><T43/><D43/><U64/><E64/><V14/><F73/><W18/><G18/><T123/><D123/><N who="3" m="47177" /><G108/><T132/><D132/><U95/><E95/><V119/><F119/><W57/><G57/><T103/><D103/><U114/><E10/><V49/><F82/><W135/><G135/><T20/><D20/><U131/><E131/><V80/><F80/><W112/><G106/><T134/><D134/><U34/><E104/><V124/><F33/><W92/><G92/><T47/><D26/><U117/><E34/><V5/><F5/><W21/><G21/><T83/><D94/><U11/><E117/><V115/><F24/><W101/><G101/><T107/><D107/><U76/><E102/><V6/><F6/><W91/><G91/><N who="0" m="51711" /><D47/><U45/><E45/><V84/><F46/><W32/><G32/><T35/><D35/><U85/><E129/><V19/><F93/><W77/><G105/><RYUUKYOKU ba="0,0" sc="196,30,405,-10,146,-10,253,-10" hai0="7,8,15,23,27,54,59,61,78,79" /><INIT seed="6,1,0,4,5,103" ten="226,395,136,243" oya="2" hai0="80,124,32,109,94,86,88,36,104,53,85,61,106" hai1="30,54,134,130,18,59,34,71,122,16,79,12,5" hai2="22,128,116,105,6,19,8,132,119,15,48,9,3" hai3="100,25,117,126,33,4,40,41,27,121,66,68,77"/><V44/><F132/><W108/><G121/><T81/><D36/><U62/><E134/><V78/><F128/><W111/><G117/><T56/><D109/><U123/><E130/><V24/><F78/><W93/><G77/><T64/><D32/><U63/><E34/><V0/><F105/><W65/><G4/><T89/><D124/><U125/><E30/><V51/><F51/><W110/><G126/><T20/><D20/><U73/><E5/><N who="2" m="1063" /><F48/><W55/><G55/><T1/><D1/><U90/><E90/><V115/><F44/><W31/><G25/><T97/><D53/><U91/><E91/><AGARI ba="1,0" hai="56,61,64,80,81,85,86,88,89,91,94,97,104,106" machi="91" ten="30,8000,1" yaku="7,1,9,1,52,2,54,1" doraHai="103" who="0" fromWho="1" sc="226,83,395,-83,136,0,243,0" /><INIT seed="7,0,0,1,4,70" ten="309,312,136,243" oya="3" hai0="52,127,3,130,135,80,21,58,121,28,110,31,33" hai1="7,30,50,113,89,134,2,8,60,37,48,122,32" hai2="25,86,112,22,131,34,13,38,36,59,78,73,55" hai3="71,43,11,100,90,56,81,65,114,104,68,41,57"/><W132/><G132/><T118/><D118/><U18/><E134/><V27/><F73/><W46/><G90/><T29/><D110/><U16/><E122/><V62/><F112/><W53/><G81/><T10/><D135/><U74/><E113/><V69/><F131/><W75/><G11/><T35/><D121/><U123/><E123/><V14/><F69/><N who="3" m="26699" /><G100/><T9/><D130/><U26/><E60/><V98/><F98/><W61/><G104/><T84/><D127/><U72/><E37/><V129/><F129/><W92/><G92/><T85/><D21/><U24/><E89/><V45/><F34/><W117/><G75/><T76/><D84/><U42/><E18/><V99/><F99/><W39/><G117/><T19/><D10/><U54/><E48/><V115/><F115/><W17/><G17/><T105/><D105/><U51/><E50/><V119/><F119/><W47/><G114/><T124/><D124/><U120/><E42/><N who="3" m="15882" /><G39/><T106/><D106/><U6/><E6/><V102/><F102/><W103/><G103/><T111/><D111/><U83/><E83/><V116/><F116/><W95/><G95/><T23/><D9/><U82/><E82/><V4/><F4/><W108/><G108/><T20/><D3/><U77/><E77/><V128/><F128/><W63/><AGARI ba="0,0" hai="46,47,53,56,57,61,63,65" m="15882,26699" machi="63" ten="30,12000,1" yaku="35,5" doraHai="70" who="3" fromWho="3" sc="309,-40,312,-40,136,-40,243,120" owari="269,-13.1,272,7.2,96,-40.4,363,46.3" /></mjloggm>