<mjloggm ver="2.3"><GO type="169" lobby="0"/><UN n0="%6F%73%72%67" n1="%E5%A4%96%E5%B7%9D%E7%AB%9C%E6%88%90" n2="%6E%6F%73%75%6B%65" n3="%73%65%69%6A%69%64%6F%6E" dan="16,16,17,16" rate="2141.94,2174.12,2167.98,2114.00" sx="M,M,M,M"/><TAIKYOKU oya="0"/><INIT seed="0,0,0,3,2,65" ten="250,250,250,250" oya="0" hai0="127,26,72,32,130,87,13,85,99,113,105,92,63" hai1="17,33,104,3,34,30,76,68,117,71,22,25,93" hai2="21,116,1,115,123,8,134,4,50,53,27,12,118" hai3="16,86,51,108,44,43,73,56,57,7,5,80,69"/><T10/><D113/><U75/><E117/><V19/><F115/><W40/><G73/><T67/><D72/><U95/><E104/><V66/><F66/><W9/><G108/><T52/><D130/><U48/><E48/><V122/><F53/><W128/><G128/><T47/><D127/><U41/><E41/><V131/><F50/><W133/><G133/><T78/><D105/><U36/><E36/><V60/><F60/><W109/><G109/><T98/><D98/><U24/><E3/><V23/><F131/><W64/><G43/><T61/><D78/><U112/><E112/><V15/><F134/><W58/><G69/><T6/><D32/><U11/><E11/><V102/><F102/><W31/><G31/><T94/><D26/><U74/><E76/><V0/><F0/><W111/><G64/><T29/><D29/><U42/><E42/><V119/><F1/><W81/><G81/><T45/><D94/><U37/><E37/><V103/><F103/><W55/><G40/><T38/><D38/><U79/><E79/><V82/><F82/><W124/><G124/><T46/><D63/><U114/><E114/><V89/><F89/><N who="3" m="51399" /><G111/><T2/><D2/><U39/><E39/><V83/><F83/><W106/><G106/><T62/><D62/><U35/><E35/><V20/><F27/><W88/><G88/><N who="0" m="55687" /><D67/><U90/><E33/><V120/><AGARI ba="0,0" hai="4,8,12,15,19,20,21,23,116,118,119,120,122,123" machi="120" ten="40,8000,1" yaku="0,1,12,1,34,3" doraHai="65" who="2" fromWho="2" sc="250,-40,250,-20,250,80,250,-20" /><INIT seed="1,0,0,0,4,42" ten="210,230,330,230" oya="1" hai0="94,107,92,19,93,70,59,49,64,71,125,81,112" hai1="124,56,25,43,13,23,121,102,24,131,134,76,80" hai2="11,0,101,15,111,85,77,12,109,89,55,118,72" hai3="98,117,106,41,29,57,126,128,4,104,127,83,75"/><U5/><E121/><V9/><F118/><W74/><G41/><T130/><D107/><N who="3" m="41001" /><G29/><T95/><D112/><U38/><E124/><N who="3" m="47658" /><G57/><T132/><D125/><U62/><E102/><V34/><F34/><W36/><G4/><T2/><D2/><U129/><E134/><V87/><F101/><W65/><G65/><T73/><D132/><U8/><E43/><V48/><F72/><N who="3" m="27691" /><G36/><T20/><D130/><N who="1" m="49675" /><E38/><V68/><F68/><W108/><G128/><T33/><D33/><U103/><E103/><V16/><F0/><W122/><G122/><T88/><D49/><U37/><E37/><V69/><F69/><W135/><G135/><T51/><D51/><U82/><E76/><V46/><F77/><W113/><G98/><T14/><D73/><U84/><E24/><V110/><REACH who="2" step="1"/><F89/><REACH who="2" ten="210,230,320,230" step="2"/><W78/><G117/><T67/><D71/><U7/><E7/><AGARI ba="0,1" hai="7,9,11,12,15,16,46,48,55,85,87,109,110,111" machi="7" ten="40,12000,2" yaku="1,1,2,1,14,1,52,1,54,1,53,2" doraHai="42" doraHaiUra="10" who="2" fromWho="1" sc="210,0,230,-120,320,130,230,0" /><INIT seed="2,0,0,4,3,89" ten="210,110,450,230" oya="2" hai0="45,27,32,7,13,5,75,73,113,53,106,88,17" hai1="52,24,62,109,133,63,68,95,56,67,58,81,84" hai2="40,115,70,38,76,14,21,49,54,12,51,124,50" hai3="120,101,99,10,18,74,25,26,105,35,41,65,102"/><V129/><F115/><W79/><G120/><T118/><D106/><U104/><E109/><V57/><F124/><W128/><G128/><T119/><D113/><U82/><E133/><V20/><F129/><W86/><G101/><T83/><D7/><U123/><E123/><V42/><F70/><W59/><G41/><N who="2" m="15977" /><F38/><W108/><G65/><T23/><D45/><U44/><E104/><V125/><F125/><W66/><G59/><T132/><D53/><U94/><E24/><V96/><F76/><W4/><G18/><T91/><D132/><U130/><E130/><V135/><F135/><W90/><G35/><T122/><D122/><U8/><E8/><V71/><F71/><W19/><G19/><T28/><D5/><U0/><E0/><V16/><F96/><W114/><G66/><T116/><REACH who="0" step="1"/><D83/><REACH who="0" ten="200,110,450,230" step="2"/><U34/><E82/><V1/><F1/><W131/><G114/><T61/><D61/><U93/><E44/><V29/><F54/><W72/><G4/><T121/><D121/><U78/><E68/><V48/><F48/><W103/><G105/><T39/><D39/><U77/><E34/><V64/><F51/><W126/><G126/><T6/><D6/><U30/><E30/><V134/><F50/><W37/><G37/><T11/><D11/><U85/><REACH who="1" step="1"/><E78/><REACH who="1" ten="200,100,450,230" step="2"/><V2/><F2/><W69/><G79/><T127/><D127/><U98/><E98/><V43/><F134/><W46/><G99/><T3/><D3/><U47/><E47/><V9/><F9/><W87/><G46/><T110/><D110/><U33/><E33/><V55/><F43/><RYUUKYOKU ba="0,2" sc="200,15,100,15,450,-15,230,-15" hai0="13,17,23,27,28,32,73,75,88,91,116,118,119" hai1="52,56,58,62,63,67,77,81,84,85,93,94,95" /><INIT seed="3,1,2,3,3,108" ten="215,115,435,215" oya="3" hai0="7,39,70,50,14,123,28,135,103,104,92,17,95" hai1="110,127,55,35,102,131,23,47,119,57,9,72,77" hai2="42,3,6,79,128,124,97,53,111,32,16,98,25" hai3="134,15,76,60,45,129,94,71,30,115,61,113,13"/><W12/><G129/><T67/><D39/><U22/><E35/><V96/><F111/><W132/><G76/><T64/><D123/><U68/><E68/><V26/><F128/><W46/><G94/><T81/><D7/><U120/><E120/><V41/><F124/><W31/><G15/><T58/><D70/><AGARI ba="1,2" hai="12,13,30,31,45,46,60,61,70,71,113,115,132,134" machi="70" ten="25,9600,0" yaku="22,2,52,2" doraHai="108" who="3" fromWho="0" sc="215,-99,115,0,435,0,215,119" /><INIT seed="3,2,0,2,2,132" ten="116,115,435,334" oya="3" hai0="71,60,73,46,95,43,106,81,99,129,56,66,92" hai1="27,72,0,49,78,104,55,86,80,101,54,19,69" hai2="88,123,90,9,21,40,17,100,89,39,127,94,105" hai3="85,25,32,117,77,122,11,34,44,114,14,83,38"/><W98/><G122/><T47/><D129/><U4/><E69/><V96/><F123/><W119/><G114/><T110/><D110/><U51/><E72/><V120/><F120/><W59/><G59/><T61/><D106/><U62/><E62/><V26/><F127/><W134/><G134/><T125/><D125/><U57/><E104/><V65/><F65/><W5/><G98/><T12/><D92/><U70/><E70/><V18/><F39/><W6/><G6/><T20/><D73/><U2/><E101/><V111/><F111/><W128/><G128/><T45/><D81/><U68/><E68/><V13/><REACH who="2" step="1"/><F40/><REACH who="2" ten="116,115,425,334" step="2"/><W58/><G38/><T108/><D108/><U82/><E4/><V131/><F131/><W102/><G5/><T97/><D43/><U112/><E112/><V41/><F41/><W116/><G117/><T29/><D71/><U35/><E0/><V75/><F75/><W121/><G121/><T53/><D66/><U133/><E2/><V76/><F76/><W84/><G77/><T107/><D107/><AGARI ba="2,1" hai="9,13,17,18,21,26,88,89,90,94,96,100,105,107" machi="107" ten="40,2600,0" yaku="1,1,54,1,53,0" doraHai="132" doraHaiUra="113" who="2" fromWho="0" sc="116,-32,115,0,425,42,334,0" /><INIT seed="4,0,0,5,1,125" ten="84,115,467,334" oya="0" hai0="117,86,106,61,107,104,87,31,33,7,70,129,112" hai1="102,115,118,41,77,1,132,68,28,95,42,53,5" hai2="44,9,81,110,123,30,25,116,21,39,19,71,12" hai3="2,99,3,113,130,56,122,82,34,79,20,55,111"/><T57/><D117/><U96/><E118/><V0/><F116/><W10/><G34/><T65/><D112/><U131/><E68/><V48/><F110/><W69/><G113/><T89/><D7/><U80/><E132/><V105/><F123/><W66/><G122/><T45/><D70/><U59/><E115/><V74/><F71/><W18/><G69/><T38/><D33/><U93/><E28/><V126/><F126/><W108/><G66/><T60/><D31/><U101/><E5/><V72/><F105/><W49/><G99/><T43/><D61/><U51/><E1/><V40/><F0/><W128/><G10/><T127/><D127/><U103/><E131/><N who="3" m="50218" /><G3/><T47/><D129/><U24/><E24/><V6/><F30/><W75/><G2/><T92/><D47/><U50/><E96/><V73/><REACH who="2" step="1"/><F39/><REACH who="2" ten="84,115,457,334" step="2"/><W114/><G114/><T120/><D120/><U11/><E103/><V91/><F91/><W83/><G83/><AGARI ba="0,1" hai="6,9,12,19,21,25,40,44,48,72,73,74,81,83" machi="83" ten="40,2600,0" yaku="1,1,53,1" doraHai="125" doraHaiUra="37" who="2" fromWho="3" sc="84,0,115,0,457,36,334,-26" /><INIT seed="5,0,0,1,0,9" ten="84,115,493,308" oya="1" hai0="124,94,90,98,116,74,107,87,39,42,16,61,108" hai1="19,112,103,21,35,8,113,71,100,111,119,68,15" hai2="97,106,46,131,0,105,73,134,30,7,92,18,50" hai3="118,37,89,104,55,117,2,13,25,29,79,11,126"/><U3/><E119/><N who="3" m="45578" /><G104/><T47/><D116/><U115/><E111/><V91/><F134/><W101/><G37/><T75/><D108/><U49/><E49/><V130/><F73/><W95/><G2/><T40/><D40/><U114/><N who="1" m="28672" /><DORA hai="72" /><U66/><E35/><V121/><F30/><W38/><G38/><T56/><D124/><U52/><E3/><V69/><F69/><N who="1" m="26697" /><E66/><V102/><F121/><W22/><G101/><N who="1" m="38986" /><E52/><V86/><F50/><W88/><G55/><T128/><D107/><U65/><E65/><V20/><F102/><W85/><G126/><T53/><D98/><U6/><E21/><V96/><F20/><W122/><G122/><T123/><D123/><U109/><E109/><V129/><F106/><W64/><G64/><T4/><D4/><AGARI ba="0,0" hai="4,6,8,15,19" m="38986,26697,28672" machi="4" ten="60,5800,0" yaku="15,1,52,1" doraHai="9,72" who="1" fromWho="0" sc="84,-58,115,58,493,0,308,0" /><INIT seed="5,1,0,2,1,86" ten="26,173,493,308" oya="1" hai0="99,15,120,38,113,14,44,19,103,77,55,11,117" hai1="58,123,50,124,3,51,115,2,102,63,97,106,127" hai2="67,101,20,70,81,43,54,0,108,26,112,57,78" hai3="31,72,4,87,64,65,56,110,60,82,119,33,45"/><U95/><E123/><V8/><F108/><W49/><G110/><T135/><D120/><U114/><E106/><V118/><F118/><W79/><G119/><T13/><D117/><U116/><E116/><V24/><F112/><N who="1" m="43049" /><E2/><V105/><F43/><W22/><G33/><T96/><D113/><U73/><E73/><V75/><F67/><W89/><G4/><T5/><D135/><U59/><E3/><V122/><F70/><W62/><G31/><T40/><D77/><U36/><E36/><V34/><F34/><W9/><G9/><T27/><D99/><U46/><E46/><V91/><F101/><W52/><G22/><T6/><D55/><N who="1" m="34271" /><E59/><V100/><F57/><W25/><G25/><T35/><D6/><U71/><E71/><V12/><F26/><W10/><G62/><T69/><D69/><U42/><E42/><V133/><F24/><W126/><G65/><T129/><D129/><U84/><E84/><V30/><F105/><W23/><G56/><T107/><REACH who="0" step="1"/><D19/><REACH who="0" ten="16,173,493,308" step="2"/><U130/><E130/><V134/><F134/><W1/><G79/><T131/><D131/><U28/><E28/><AGARI ba="1,1" hai="5,11,13,14,15,27,28,35,38,40,44,96,103,107" machi="28" ten="40,1300,0" yaku="1,1,53,0" doraHai="86" doraHaiUra="61" who="0" fromWho="1" sc="16,26,173,-16,493,0,308,0" /><INIT seed="6,0,0,5,2,5" ten="42,157,493,308" oya="2" hai0="83,61,96,52,85,57,27,58,60,105,14,6,67" hai1="0,87,64,122,117,74,49,95,103,94,76,99,46" hai2="88,118,54,119,44,72,66,112,107,91,10,48,59" hai3="79,3,32,12,113,120,26,116,56,18,111,30,71"/><V65/><F72/><W62/><G120/><T73/><D73/><U110/><E0/><V135/><F112/><W93/><G116/><T34/><D34/><U82/><E64/><V42/><F107/><W35/><G111/><T15/><D6/><U121/><E49/><N who="2" m="26775" /><F135/><W126/><G113/><T70/><D27/><U115/><E46/><V130/><F130/><W78/><G35/><T127/><D127/><U80/><E117/><V131/><F131/><W97/><G126/><T125/><D125/><U29/><E29/><V55/><F119/><W90/><G3/><T45/><D45/><U89/><E110/><V101/><F101/><W40/><G40/><T13/><D105/><N who="1" m="63743" /><E115/><V9/><F55/><W31/><G71/><T98/><REACH who="0" step="1"/><D70/><REACH who="0" ten="32,157,493,308" step="2"/><U4/><E4/><V50/><F118/><W38/><G32/><T128/><D128/><U75/><E74/><V86/><F50/><W11/><G38/><T43/><D43/><U21/><E122/><V7/><F7/><W102/><G26/><T51/><D51/><U129/><E121/><V109/><F109/><W41/><G41/><T33/><D33/><U63/><E129/><V123/><F123/><W81/><G62/><T53/><D53/><U8/><E63/><V92/><F66/><W124/><G124/><T100/><D100/><U47/><E47/><V2/><F65/><W17/><G102/><T69/><D69/><U68/><E68/><V106/><F106/><W84/><G56/><T36/><D36/><U114/><E114/><V1/><F59/><W77/><G18/><T39/><D39/><U133/><E75/><RYUUKYOKU ba="0,1" sc="32,15,157,-15,493,-15,308,15" hai0="13,14,15,52,57,58,60,61,67,83,85,96,98" hai3="11,12,17,30,31,77,78,79,81,84,90,93,97" /><INIT seed="7,1,1,1,3,55" ten="47,142,478,323" oya="3" hai0="20,84,34,72,10,113,124,88,108,106,17,76,23" hai1="56,60,18,96,78,107,37,1,4,54,47,25,122" hai2="94,80,35,85,45,41,9,130,129,53,99,63,65" hai3="116,61,21,70,133,132,92,131,24,26,29,73,36"/><W109/><G73/><T68/><D34/><U123/><E78/><V125/><F35/><W66/><G116/><T91/><D108/><U69/><E1/><V126/><F53/><W27/><G109/><T110/><D110/><U13/><E4/><V74/><F9/><W90/><G36/><T121/><D121/><U22/><E69/><N who="2" m="42175" /><F74/><W32/><G32/><T62/><D124/><N who="2" m="47722" /><F85/><W59/><G70/><T71/><D106/><U48/><E13/><V82/><F82/><W19/><G131/><T7/><D72/><U2/><E37/><N who="2" m="21679" /><F80/><W128/><G128/><T114/><D76/><U5/><E5/><V117/><F117/><W81/><G81/><T103/><D103/><AGARI ba="1,1" hai="94,99,103,129,130" m="21679,47722,42175" machi="103" ten="30,1000,0" yaku="18,1" doraHai="55" who="2" fromWho="0" sc="47,-13,142,0,478,23,323,0" owari="34,-46.6,142,-25.8,501,60.1,323,12.3" /></mjloggm>