<mjloggm ver="2.3"><GO type="169" lobby="0"/><UN n0="%E3%81%9F%E3%81%8B%E3%81%AF%E3%81%97%E3%81%83%E3%81%83%E3%81%83" n1="%70%65%6E%74%6F%6C%61" n2="%E3%83%8F%E3%82%BA%E3%83%AC" n3="%E3%82%8A%E3%82%87%E3%81%91%E3%81%99" dan="16,18,17,17" rate="2133.66,2221.34,2206.09,2180.12" sx="M,M,M,M"/><TAIKYOKU oya="0"/><INIT seed="0,0,0,3,3,54" ten="250,250,250,250" oya="0" hai0="41,52,130,49,28,123,122,7,48,44,106,73,99" hai1="116,26,102,19,18,91,108,32,47,33,27,118,21" hai2="135,15,129,16,46,79,53,86,57,125,12,58,29" hai3="109,25,13,107,81,67,98,55,68,8,120,24,84"/><T87/><D73/><U89/><E102/><V76/><F125/><W121/><G109/><T126/><D126/><U82/><E47/><V69/><F69/><W124/><G124/><T50/><D130/><U134/><E82/><N who="2" m="47431" /><F129/><W70/><G98/><T127/><D127/><U88/><E108/><V62/><F135/><W6/><G107/><T78/><D28/><U5/><E5/><V111/><F111/><W96/><G96/><T93/><D7/><U20/><REACH who="1" step="1"/><E134/><REACH who="1" ten="250,240,250,250" step="2"/><V90/><F79/><W17/><G6/><T110/><D110/><U45/><E45/><V100/><F100/><W59/><G120/><T104/><D122/><U133/><E133/><V75/><F75/><W30/><G121/><T115/><D123/><U60/><E60/><N who="2" m="35887" /><F46/><W119/><G119/><AGARI ba="0,1" hai="18,19,20,21,26,27,32,33,88,89,91,116,118,119" machi="119" ten="40,5200,0" yaku="1,1,9,1,54,1,53,0" doraHai="54" doraHaiUra="51" who="1" fromWho="3" sc="250,0,240,62,250,0,250,-52" /><INIT seed="1,0,0,3,4,101" ten="250,302,250,198" oya="1" hai0="100,57,127,106,34,56,38,63,73,26,18,5,70" hai1="43,7,36,105,110,121,132,21,19,90,33,2,41" hai2="39,51,12,10,6,87,29,119,28,16,30,113,114" hai3="115,107,124,62,14,27,126,54,94,66,99,112,131"/><U120/><E90/><V3/><F39/><W22/><G54/><T128/><D73/><U111/><E132/><V88/><F51/><W135/><G14/><T97/><D38/><U67/><E67/><V133/><F119/><W102/><G131/><T31/><D128/><U1/><E33/><V74/><F74/><W4/><G4/><T68/><D127/><N who="3" m="48681" /><G135/><T125/><D125/><U95/><E95/><V104/><F104/><W130/><G130/><T9/><D18/><U103/><E7/><V58/><F58/><N who="3" m="37207" /><G94/><T13/><REACH who="0" step="1"/><D56/><REACH who="0" ten="240,302,250,198" step="2"/><U92/><E36/><V122/><F133/><W64/><G64/><AGARI ba="0,1" hai="5,9,13,26,31,34,57,63,64,68,70,97,100,106" machi="64" ten="30,8000,1" yaku="1,1,2,1,7,1,52,1,53,1" doraHai="101" doraHaiUra="11" who="0" fromWho="3" sc="240,90,302,0,250,0,198,-80" /><INIT seed="2,0,0,4,3,39" ten="330,302,250,118" oya="2" hai0="43,50,27,26,1,56,134,85,3,64,74,13,38" hai1="135,118,20,95,114,22,21,6,84,67,78,17,58" hai2="88,113,81,29,41,101,76,120,59,68,15,28,130" hai3="75,105,127,108,31,128,36,122,112,57,66,37,69"/><V46/><F120/><W71/><RYUUKYOKU type="yao9" ba="0,0" sc="330,0,302,0,250,0,118,0" hai3="31,36,37,57,66,69,71,75,105,108,112,122,127,128" /><INIT seed="2,1,0,2,0,19" ten="330,302,250,118" oya="2" hai0="123,10,119,109,6,39,2,13,100,7,118,124,20" hai1="48,87,85,103,78,59,45,38,69,131,121,47,72" hai2="71,73,11,36,89,3,105,132,24,110,96,134,128" hai3="102,4,62,65,58,74,94,93,18,21,70,29,125"/><V5/><F128/><W12/><G125/><T44/><D100/><U112/><E69/><V91/><F71/><W56/><G74/><T67/><D67/><U23/><E112/><V88/><F36/><W34/><G102/><T129/><D44/><U95/><E72/><V42/><F42/><W104/><G104/><T60/><D60/><U28/><E131/><V1/><F1/><W130/><G130/><T127/><D39/><U108/><E108/><V97/><F73/><W50/><G4/><N who="0" m="1303" /><D129/><U26/><E121/><V9/><F110/><W61/><G70/><T31/><D109/><U8/><E8/><V63/><F11/><W114/><G114/><T82/><D82/><U75/><E75/><V101/><F97/><W90/><G50/><T99/><D99/><N who="1" m="59903" /><E38/><V111/><F111/><W115/><G115/><T57/><D57/><U66/><E78/><V27/><REACH who="2" step="1"/><F63/><REACH who="2" ten="330,302,240,118" step="2"/><W113/><G113/><T25/><D123/><U117/><E117/><N who="0" m="44553" /><D6/><U83/><E87/><V84/><F84/><W135/><G61/><T54/><D7/><U64/><E85/><V92/><F92/><W41/><G41/><T79/><D124/><U14/><E83/><V49/><F49/><W116/><G116/><T15/><D127/><U133/><E48/><V126/><F126/><W86/><G94/><T35/><D79/><U53/><E133/><AGARI ba="1,1" hai="3,5,9,24,27,88,89,91,96,101,105,132,133,134" machi="133" ten="40,7700,0" yaku="1,1,20,1,54,1,53,0" doraHai="19" doraHaiUra="107" who="2" fromWho="1" sc="330,0,302,-80,240,90,118,0" /><INIT seed="2,2,0,0,5,58" ten="330,222,330,118" oya="2" hai0="44,71,110,52,34,112,8,123,23,55,0,118,32" hai1="21,47,17,111,22,96,42,46,35,10,6,98,81" hai2="85,124,126,45,108,3,38,30,128,116,97,83,135" hai3="2,94,105,43,109,25,57,1,72,75,130,16,69"/><V14/><F3/><W127/><G105/><T15/><D123/><U104/><E35/><V93/><F116/><W133/><G69/><T132/><D112/><U120/><E111/><V7/><F30/><W24/><G43/><T100/><D110/><U26/><E120/><V40/><F108/><W13/><G109/><T20/><D132/><U91/><E22/><V102/><F128/><W62/><G133/><T36/><D71/><U9/><E104/><V56/><F135/><W79/><G127/><N who="2" m="48681" /><F56/><W64/><G130/><T53/><D100/><U54/><E54/><V4/><F14/><W74/><G79/><AGARI ba="2,0" hai="4,7,38,40,45,79,83,85,93,97,102" m="48681" machi="79" ten="30,1500,0" yaku="18,1" doraHai="58" who="2" fromWho="3" sc="330,0,222,0,330,21,118,-21" /><INIT seed="2,3,0,5,4,31" ten="330,222,351,97" oya="2" hai0="8,65,23,78,29,18,73,123,10,46,19,103,83" hai1="81,102,107,56,106,129,71,82,5,94,54,28,97" hai2="39,4,92,32,99,14,12,40,20,42,13,62,67" hai3="89,93,114,57,104,84,133,131,130,48,11,24,44"/><V77/><F77/><W98/><G133/><T66/><D123/><U60/><E129/><N who="3" m="49162" /><G57/><T64/><D103/><U45/><E71/><V120/><F120/><W25/><G114/><T86/><D73/><U33/><E5/><V79/><F79/><W58/><G58/><T35/><D46/><U88/><E107/><V95/><F4/><W110/><G110/><T115/><D115/><U34/><E28/><V116/><F116/><W127/><G11/><N who="0" m="4139" /><D35/><U122/><E122/><V50/><F32/><W9/><G9/><T109/><D109/><U135/><E135/><V101/><F39/><W26/><G127/><T72/><D72/><U96/><E82/><V87/><F50/><W0/><G0/><T61/><D61/><U117/><E117/><V27/><F87/><W55/><G104/><T69/><D69/><U1/><E1/><V16/><REACH who="2" step="1"/><F95/><REACH who="2" ten="330,222,341,97" step="2"/><W21/><G84/><T125/><D125/><U113/><E113/><V91/><F91/><W47/><G47/><T74/><D74/><U6/><E6/><V63/><F63/><W112/><G112/><T53/><D86/><U30/><E81/><V124/><F124/><W75/><G75/><T51/><D83/><U49/><REACH who="1" step="1"/><E30/><AGARI ba="3,1" hai="21,24,25,26,30,44,48,55,89,93,98" m="49162" machi="30" ten="30,1000,0" yaku="19,1" doraHai="31" who="3" fromWho="1" sc="330,0,222,-19,341,0,97,29" /><INIT seed="3,0,0,1,0,1" ten="330,203,341,126" oya="3" hai0="66,77,120,92,56,57,15,9,16,29,20,6,133" hai1="28,135,64,46,117,91,68,10,134,38,22,61,105" hai2="32,104,108,71,121,59,84,80,39,48,21,88,34" hai3="100,53,69,47,50,74,130,45,75,43,49,2,33"/><W83/><G130/><T111/><D120/><U19/><E105/><V73/><F39/><W31/><G69/><T30/><D111/><U41/><E117/><V95/><F71/><W115/><G115/><T58/><D133/><U51/><E91/><V110/><F104/><W132/><G132/><N who="1" m="50730" /><E10/><V126/><F126/><W60/><G100/><T114/><D114/><U44/><E28/><N who="0" m="10857" /><D77/><U12/><E46/><V36/><F36/><AGARI ba="0,0" hai="12,19,22,36,38,41,44,51,61,64,68" m="50730" machi="36" ten="30,1000,0" yaku="20,1" doraHai="1" who="1" fromWho="2" sc="330,0,203,10,341,-10,126,0" /><INIT seed="4,0,0,2,5,105" ten="330,213,331,126" oya="0" hai0="12,27,64,86,18,21,51,22,68,58,120,117,36" hai1="75,66,82,13,53,26,67,16,77,97,118,72,61" hai2="73,87,17,121,108,94,80,84,99,130,90,57,100" hai3="126,102,24,3,69,15,9,81,106,131,89,114,39"/><T54/><D117/><U11/><E118/><V79/><F108/><W40/><G69/><T34/><D120/><U113/><E113/><V115/><F115/><W70/><G70/><T5/><D36/><U107/><E107/><V95/><F121/><W47/><G114/><T123/><D123/><U60/><E97/><N who="2" m="59447" /><F57/><W37/><G126/><T8/><D34/><U10/><E53/><V45/><F45/><W116/><G116/><T38/><D38/><U96/><E96/><N who="2" m="57463" /><F17/><W23/><G3/><T2/><D86/><N who="2" m="32810" /><F130/><W101/><G106/><T62/><REACH who="0" step="1"/><D21/><REACH who="0" ten="320,213,331,126" step="2"/><U43/><E11/><V83/><F99/><W48/><G37/><T134/><D134/><U122/><E122/><V128/><F128/><W104/><G39/><T127/><D127/><U20/><E10/><V63/><F63/><W25/><G131/><T98/><D98/><U52/><E61/><V93/><F93/><W78/><G104/><T4/><D4/><U92/><E92/><V1/><F1/><AGARI ba="0,1" hai="1,2,5,8,12,18,22,27,51,54,58,62,64,68" machi="1" ten="40,3900,0" yaku="1,1,53,1" doraHai="105" doraHaiUra="0" who="0" fromWho="2" sc="320,49,213,0,331,-39,126,0" /><INIT seed="4,1,0,1,0,10" ten="369,213,292,126" oya="0" hai0="33,58,131,101,75,64,117,49,112,74,85,132,88" hai1="34,27,20,70,2,42,127,56,43,53,134,122,108" hai2="116,35,102,13,67,17,59,55,95,11,18,57,129" hai3="128,37,69,22,80,21,44,92,61,71,72,114,93"/><T83/><D117/><U46/><E70/><V119/><F35/><W98/><G114/><T94/><D33/><U50/><E122/><V110/><F110/><W38/><G72/><T89/><D112/><U82/><E2/><V135/><F135/><W125/><G44/><T91/><D132/><U6/><E6/><V79/><F79/><W84/><G84/><N who="0" m="50207" /><D49/><U66/><E34/><V3/><F3/><W9/><G98/><N who="0" m="59607" /><D58/><U123/><E127/><V7/><F129/><W45/><G80/><N who="0" m="49319" /><D64/><U54/><E108/><V32/><F32/><W19/><G45/><T12/><D12/><U99/><E66/><V1/><F1/><W4/><G125/><T81/><D131/><U111/><E123/><V77/><F116/><W97/><G128/><T73/><D91/><U113/><E111/><V62/><F119/><W29/><G29/><T130/><D130/><U90/><E113/><V5/><F5/><W36/><G61/><T115/><D115/><U120/><E120/><V47/><F47/><W86/><G22/><T41/><D41/><U124/><E124/><V48/><F77/><AGARI ba="1,0" hai="73,74,75,77,81" m="49319,59607,50207" machi="77" ten="30,18000,2" yaku="35,5,54,1" doraHai="10" who="0" fromWho="2" sc="369,183,213,0,292,-183,126,0" /><INIT seed="4,2,0,4,5,96" ten="552,213,109,126" oya="0" hai0="6,97,99,60,123,14,76,86,1,47,27,117,77" hai1="91,113,10,127,79,119,54,94,134,2,103,125,5" hai2="133,56,69,130,111,15,82,28,78,53,52,42,129" hai3="67,8,92,108,89,95,115,66,135,105,13,57,109"/><T26/><D1/><U44/><E119/><V29/><F69/><W61/><G105/><T73/><D73/><U11/><E134/><V3/><F3/><W22/><G115/><T68/><D123/><U122/><E79/><V24/><F42/><W50/><G135/><T101/><D97/><U118/><E118/><V32/><F111/><W58/><G22/><T131/><D131/><U80/><E122/><V100/><F133/><W88/><G50/><T114/><D114/><U45/><E11/><V65/><F29/><W106/><G106/><T16/><D47/><U81/><E113/><V37/><F37/><W41/><G41/><T102/><D6/><U49/><E45/><V87/><F15/><W7/><G95/><T120/><D120/><U85/><REACH who="1" step="1"/><E103/><REACH who="1" ten="552,203,109,126" step="2"/><N who="0" m="39433" /><D117/><U98/><E98/><V64/><F100/><W51/><G89/><T43/><D99/><U93/><E93/><V4/><F4/><W9/><G92/><T74/><D76/><U70/><E70/><V83/><F83/><AGARI ba="2,1" hai="2,5,10,44,49,54,80,81,83,85,91,94,125,127" machi="83" ten="40,1300,0" yaku="1,1,53,0" doraHai="96" doraHaiUra="12" who="1" fromWho="2" sc="552,0,203,29,109,-19,126,0" /><INIT seed="5,0,0,0,1,132" ten="552,232,90,126" oya="1" hai0="70,71,57,67,37,23,106,35,68,131,87,62,80" hai1="117,112,91,4,108,76,5,39,0,115,86,1,113" hai2="20,13,11,56,116,109,29,79,52,42,12,19,55" hai3="9,111,3,53,27,22,16,24,107,44,49,89,77"/><U31/><E39/><V130/><F109/><W72/><G111/><T17/><D35/><U128/><E76/><V114/><F116/><W65/><G107/><T38/><D106/><U45/><E108/><V100/><F130/><W73/><G65/><T43/><D43/><U84/><E45/><V122/><F122/><W121/><G121/><T99/><D99/><U26/><E117/><V110/><F110/><W82/><G89/><T25/><REACH who="0" step="1"/><D131/><REACH who="0" ten="542,232,90,126" step="2"/><U124/><E128/><V101/><F114/><W6/><REACH who="3" step="1"/><G73/><REACH who="3" ten="542,232,90,116" step="2"/><T33/><D33/><U119/><E119/><V34/><F34/><W10/><G10/><T21/><D21/><U133/><E115/><V28/><F20/><W30/><G30/><T102/><D102/><U69/><E31/><V135/><F11/><W41/><G41/><T59/><D59/><U78/><E113/><V60/><F42/><W126/><G126/><T47/><D47/><U129/><E124/><V103/><F103/><W58/><G58/><T54/><D54/><U90/><E129/><V46/><F46/><W127/><G127/><T123/><D123/><U88/><E112/><V51/><F56/><W92/><G92/><T81/><D81/><U83/><E83/><V104/><F104/><W94/><G94/><T75/><D75/><U97/><E97/><V85/><F28/><W134/><G134/><T120/><D120/><U61/><E133/><V15/><F29/><W66/><G66/><T125/><D125/><U95/><E95/><V2/><F135/><W118/><G118/><T50/><D50/><U40/><E40/><V48/><F48/><RYUUKYOKU ba="0,2" sc="542,15,232,-15,90,-15,116,15" hai0="17,23,25,37,38,57,62,67,68,70,71,80,87" hai3="3,6,9,16,22,24,27,44,49,53,72,77,82" /><INIT seed="6,1,2,4,1,40" ten="557,217,75,131" oya="2" hai0="18,27,133,37,87,66,126,74,115,68,15,116,33" hai1="53,67,132,103,2,34,78,109,13,131,93,57,125" hai2="28,29,1,129,52,108,76,54,50,97,4,69,22" hai3="84,64,86,14,92,41,30,61,26,100,36,114,96"/><V0/><F69/><W88/><G114/><T80/><D37/><U43/><E2/><V51/><F129/><W60/><G84/><T23/><D74/><U71/><E34/><V112/><F112/><W35/><G14/><T121/><D121/><U101/><E109/><V5/><F97/><W111/><G111/><T123/><D123/><U89/><E78/><V73/><F108/><W106/><G36/><T12/><D126/><U65/><E71/><V63/><F63/><W25/><G41/><T81/><D81/><U48/><E132/><V45/><F76/><W58/><G60/><T7/><D116/><U85/><E125/><V46/><REACH who="2" step="1"/><F22/><REACH who="2" ten="557,217,65,131" step="2"/><W59/><G26/><T119/><D23/><U107/><E131/><V16/><F16/><W128/><G128/><T130/><D18/><U99/><E99/><V38/><F38/><W20/><G20/><T6/><D68/><AGARI ba="1,3" hai="25,30,35,58,59,61,64,68,86,88,92,96,100,106" machi="68" ten="30,7700,0" yaku="7,1,25,2,54,1" doraHai="40" who="3" fromWho="0" sc="557,-80,217,0,65,0,131,110" /><INIT seed="7,0,0,5,0,114" ten="477,217,65,241" oya="3" hai0="122,124,79,25,7,102,68,90,1,69,33,15,46" hai1="132,75,133,32,110,116,11,0,40,74,101,52,70" hai2="49,105,31,5,51,96,88,45,64,29,12,9,86" hai3="26,37,84,125,81,94,129,8,2,48,117,118,66"/><W44/><G37/><T99/><D122/><U85/><E32/><V43/><F105/><W28/><G66/><T120/><D1/><U21/><E70/><V92/><F64/><W72/><G72/><T109/><D109/><U123/><E123/><V128/><F128/><W18/><G94/><T103/><D103/><U13/><E40/><V93/><REACH who="2" step="1"/><F51/><REACH who="2" ten="477,217,55,241" step="2"/><W83/><G129/><T59/><D90/><U78/><E101/><V76/><F76/><W106/><G106/><T39/><D79/><U4/><E78/><V62/><F62/><W126/><G48/><T14/><D69/><U23/><E110/><V134/><F134/><W111/><G111/><T112/><D68/><U65/><E133/><V98/><F98/><W91/><G91/><T27/><D99/><U34/><E65/><V82/><F82/><W113/><G81/><T38/><D38/><U135/><E132/><V121/><F121/><W87/><G83/><T100/><D100/><U6/><E135/><V131/><F131/><W35/><G125/><T47/><D102/><U71/><E71/><V30/><F30/><W80/><G126/><T60/><D60/><U89/><E89/><V55/><F55/><W20/><G80/><T50/><D50/><U73/><E52/><V57/><F57/><W77/><G77/><T19/><D59/><U104/><E104/><V115/><F115/><W42/><G113/><T67/><D112/><U108/><E75/><V17/><F17/><W95/><G18/><T58/><D19/><U41/><E74/><V130/><F130/><W10/><G28/><T107/><D124/><RYUUKYOKU ba="0,1" sc="477,-10,217,-10,55,30,241,-10" hai2="5,9,12,29,31,43,45,49,86,88,92,93,96" owari="477,57.7,207,-19.3,85,-41.5,231,3.1" /></mjloggm>