<mjloggm ver="2.3"><GO type="169" lobby="0"/><UN n0="%E8%82%89%E5%9B%A3%E5%AD%90%E5%85%88%E7%94%9F" n1="%E4%BE%8D" n2="%E8%BE%9B%E5%8F%A3%E3%82%AB%E3%83%AC%E3%83%BC%E3%83%A9%E3%82%A4%E3%82%B9" n3="%E5%9C%A8%E5%8E%9F%E4%B8%83%E6%B5%B7%E5%A4%A7%E5%A5%BD%E3%81%8D" dan="16,18,16,17" rate="2051.78,2223.62,2128.28,2221.68" sx="M,M,M,M"/><TAIKYOKU oya="0"/><INIT seed="0,0,0,4,2,35" ten="250,250,250,250" oya="0" hai0="18,125,17,122,4,79,54,23,131,91,103,29,84" hai1="77,113,12,60,42,38,90,97,68,33,66,63,52" hai2="58,45,117,124,51,10,50,61,27,93,89,112,26" hai3="105,39,21,19,99,107,98,130,72,3,5,86,15"/><T81/><D122/><U133/><E133/><V28/><F112/><W22/><G72/><T47/><D131/><U31/><E113/><V14/><F124/><W7/><G39/><T40/><D125/><U132/><E132/><V119/><F119/><W120/><G86/><T135/><D135/><U53/><E77/><V1/><F1/><W128/><G15/><T49/><D4/><U104/><E12/><V0/><F0/><W127/><G127/><T96/><D79/><U123/><E123/><V13/><F117/><W87/><G87/><T55/><D29/><U88/><E42/><V71/><F71/><W65/><G65/><T74/><D74/><U94/><E38/><V100/><F100/><W76/><G76/><T80/><D80/><U2/><E2/><V57/><F14/><W115/><G3/><T73/><D73/><U9/><E9/><V101/><F101/><W126/><G126/><T20/><D20/><U46/><E63/><V34/><F27/><W16/><REACH who="3" step="1"/><G115/><REACH who="3" ten="250,250,250,240" step="2"/><T37/><D37/><U48/><E104/><V69/><F13/><W44/><G44/><T59/><D40/><U41/><REACH who="1" step="1"/><E90/><REACH who="1" ten="250,240,250,240" step="2"/><V70/><F89/><W114/><G114/><T111/><D91/><U56/><E56/><V134/><F58/><W121/><AGARI ba="0,2" hai="5,7,16,19,21,22,98,99,105,107,120,121,128,130" machi="121" ten="25,8000,1" yaku="1,1,0,1,22,2,54,1,53,0" doraHai="35" doraHaiUra="82" who="3" fromWho="3" sc="250,-40,240,-20,250,-20,240,100" /><INIT seed="1,0,0,0,3,61" ten="210,220,230,340" oya="1" hai0="58,71,100,29,126,13,89,75,48,132,72,36,28" hai1="53,66,82,22,135,65,26,87,16,11,39,40,10" hai2="31,35,119,115,117,55,98,60,83,114,14,77,80" hai3="94,20,90,41,30,125,120,133,49,57,0,85,96"/><U81/><E135/><V108/><F14/><W43/><G0/><T46/><D100/><U116/><E116/><N who="2" m="44619" /><F31/><W37/><G120/><T109/><D36/><U134/><E134/><V4/><F4/><W103/><G37/><T33/><D71/><U19/><E39/><V97/><F35/><W42/><G125/><T6/><D126/><U130/><E130/><V88/><F55/><W34/><G34/><T62/><D89/><U50/><E40/><V76/><F60/><W78/><G78/><N who="2" m="30313" /><F108/><W68/><G68/><T79/><D109/><U54/><E87/><N who="2" m="50279" /><F83/><N who="1" m="31753" /><E53/><V32/><F32/><W106/><G133/><T63/><D79/><U27/><E27/><V118/><N who="2" m="44627" /><V59/><DORA hai="67" /><F59/><W84/><G57/><T110/><D33/><U112/><E112/><AGARI ba="0,0" hai="97,98,112,114,115" m="50279,30313,44627" machi="112" ten="50,8000,1" yaku="11,1,34,2,54,1" doraHai="61,67" who="2" fromWho="1" sc="210,0,220,-80,230,80,340,0" /><INIT seed="2,0,0,2,5,27" ten="210,140,310,340" oya="2" hai0="75,134,107,100,53,31,73,46,12,74,18,88,91" hai1="25,122,93,7,36,132,105,37,72,3,32,116,109" hai2="57,71,5,22,84,92,10,39,40,77,61,114,111" hai3="95,123,51,17,20,6,44,23,49,121,108,106,9"/><V28/><F114/><W97/><G106/><T130/><D134/><U83/><RYUUKYOKU type="yao9" ba="0,0" sc="210,0,140,0,310,0,340,0" hai1="3,7,25,32,36,37,72,83,93,105,109,116,122,132" /><INIT seed="2,1,0,0,0,79" ten="210,140,310,340" oya="2" hai0="69,58,127,50,42,16,21,6,109,103,0,112,17" hai1="86,135,19,81,15,93,61,41,82,51,108,132,77" hai2="11,80,26,33,72,94,116,130,125,35,59,131,22" hai3="25,124,49,31,96,133,3,9,85,104,67,60,74"/><V78/><F116/><W40/><G49/><T70/><D109/><U64/><E108/><V65/><F125/><W134/><G40/><T73/><D112/><U120/><E93/><V101/><F11/><W83/><G124/><T34/><D34/><U2/><E2/><V97/><F59/><W10/><G74/><T129/><D73/><U54/><E41/><V87/><F65/><W32/><G3/><T18/><D103/><U84/><E120/><V14/><F14/><W23/><G23/><T12/><D129/><N who="2" m="49162" /><F87/><W106/><G9/><T24/><D127/><U27/><E27/><V29/><AGARI ba="1,0" hai="22,26,29,33,35,72,78,80,94,97,101" m="49162" machi="29" ten="30,3000,0" yaku="19,1,52,1" doraHai="79" who="2" fromWho="2" sc="210,-11,140,-11,310,33,340,-11" /><INIT seed="2,2,0,5,3,106" ten="199,129,343,329" oya="2" hai0="78,119,128,67,22,58,83,89,49,62,50,35,37" hai1="3,34,109,60,29,14,129,100,1,94,113,130,56" hai2="91,92,42,5,122,80,44,21,88,4,124,7,10" hai3="15,102,8,13,9,123,76,135,85,114,75,26,121"/><V16/><F122/><W111/><G102/><T112/><D112/><U30/><E100/><V68/><F68/><W125/><G85/><T74/><D128/><N who="1" m="49259" /><E94/><V97/><F124/><W120/><G76/><T73/><D37/><U71/><E71/><V127/><F127/><W41/><G41/><T59/><D35/><U52/><E113/><V77/><F91/><W32/><G75/><T25/><D119/><U133/><E109/><V99/><F99/><W28/><G125/><T53/><D89/><U48/><E133/><V93/><F93/><W96/><G96/><T33/><D33/><U40/><E14/><V70/><F70/><W2/><G114/><T86/><REACH who="0" step="1"/><D50/><REACH who="0" ten="189,129,343,329" step="2"/><U95/><E34/><V12/><F77/><W115/><G115/><T27/><D27/><U134/><E134/><V104/><F104/><W54/><G135/><T103/><D103/><U66/><E95/><V24/><F80/><W39/><G39/><AGARI ba="2,1" hai="4,5,7,10,12,16,21,24,39,42,44,88,92,97" machi="39" ten="30,5800,0" yaku="7,1,54,2" doraHai="106" who="2" fromWho="3" sc="189,0,129,0,343,74,329,-64" /><INIT seed="2,3,0,2,4,43" ten="189,129,417,265" oya="2" hai0="49,82,68,78,132,42,115,112,118,116,95,96,5" hai1="3,26,103,33,13,14,74,123,88,25,48,57,52" hai2="32,113,41,70,50,8,30,31,7,126,36,60,24" hai3="15,6,45,27,0,72,130,17,4,16,18,99,128"/><V47/><F113/><N who="0" m="43594" /><D68/><U92/><E3/><V83/><F126/><W80/><G72/><N who="0" m="43335" /><D5/><N who="3" m="2153" /><G80/><T89/><D42/><U90/><E74/><V135/><F135/><W84/><G99/><T107/><D49/><U105/><E123/><V40/><F31/><W22/><G84/><N who="0" m="52647" /><D132/><U122/><E122/><V10/><F83/><W101/><G101/><AGARI ba="3,0" hai="96,101,107,116,118" m="52647,43335,43594" machi="101" ten="30,3900,0" yaku="24,1,34,2" doraHai="43" who="0" fromWho="3" sc="189,48,129,0,417,0,265,-48" /><INIT seed="3,0,0,2,0,109" ten="237,129,417,217" oya="3" hai0="42,54,55,105,28,9,63,102,17,104,35,18,53" hai1="80,125,38,78,27,65,3,59,66,43,26,120,49" hai2="12,50,126,90,82,113,116,60,77,91,135,22,10" hai3="45,134,129,96,0,128,68,34,133,44,81,122,84"/><W112/><G34/><T119/><D119/><U32/><E120/><V41/><F116/><W56/><G0/><T98/><D42/><U47/><E125/><V33/><F33/><W99/><G68/><T19/><D105/><U24/><E32/><V127/><F135/><N who="3" m="51723" /><G56/><T108/><D108/><U6/><E49/><V85/><F22/><W131/><G122/><T5/><D28/><U62/><E65/><V72/><F60/><W88/><G112/><T114/><D35/><U46/><E46/><AGARI ba="0,0" hai="44,45,46,81,84,88,96,99,128,129,131" m="51723" machi="46" ten="40,7700,0" yaku="19,1,20,1,54,1" doraHai="109" who="3" fromWho="1" sc="237,0,129,-77,417,0,217,77" /><INIT seed="3,1,0,5,2,117" ten="237,52,417,294" oya="3" hai0="103,3,124,105,58,54,130,62,16,61,93,69,65" hai1="24,76,30,26,122,73,98,43,22,17,52,121,81" hai2="53,60,112,118,37,20,115,79,116,6,38,35,27" hai3="75,10,91,114,49,94,111,2,9,5,125,32,44"/><W64/><G114/><T126/><D3/><U42/><E98/><V108/><F35/><W50/><G75/><T90/><D130/><U119/><E119/><V51/><F79/><W97/><G125/><T83/><D83/><U102/><E102/><V18/><F108/><W47/><G32/><T87/><D105/><U48/><E43/><V63/><F6/><W56/><G111/><T29/><D29/><U100/><E42/><V39/><F116/><W45/><G10/><T113/><D103/><U21/><REACH who="1" step="1"/><E100/><REACH who="1" ten="237,42,417,294" step="2"/><V84/><F118/><W57/><G64/><T25/><D113/><U123/><E123/><V104/><F112/><W86/><G97/><T135/><D135/><U13/><E13/><V71/><F115/><W55/><REACH who="3" step="1"/><G57/><AGARI ba="1,1" hai="17,21,22,24,26,30,48,52,57,73,76,81,121,122" machi="57" ten="30,12000,2" yaku="1,1,7,1,52,2,54,1,53,1" doraHai="117" doraHaiUra="15" who="1" fromWho="3" sc="237,0,42,133,417,0,294,-123" /><INIT seed="4,0,0,5,2,74" ten="237,175,417,171" oya="0" hai0="63,17,135,76,82,78,22,75,68,27,105,102,69" hai1="7,89,21,70,100,109,67,85,125,34,6,13,96" hai2="118,19,126,24,117,25,9,32,133,106,127,103,20" hai3="108,4,26,98,48,121,131,16,15,50,60,87,18"/><T81/><D135/><U11/><E109/><V93/><F106/><W110/><G131/><T23/><D63/><U35/><E125/><N who="2" m="47627" /><F133/><W119/><G119/><N who="2" m="45577" /><F93/><W61/><G121/><T129/><D129/><U124/><E124/><V101/><F9/><N who="3" m="4519" /><G110/><T86/><REACH who="0" step="1"/><D22/><REACH who="0" ten="227,175,417,171" step="2"/><U40/><E21/><N who="2" m="13375" /><F32/><W113/><G108/><T107/><D107/><U12/><E34/><V29/><AGARI ba="0,1" hai="20,25,29,101,103" m="13375,45577,47627" machi="29" ten="30,2000,0" yaku="18,1,12,1" doraHai="74" who="2" fromWho="2" sc="227,-10,175,-5,417,30,171,-5" /><INIT seed="5,0,0,1,2,24" ten="217,170,447,166" oya="1" hai0="2,72,97,33,127,46,130,75,57,52,34,64,135" hai1="110,117,47,87,25,3,1,94,81,28,18,103,85" hai2="38,131,99,95,14,115,13,82,67,17,119,98,125" hai3="53,84,102,62,32,43,36,7,9,15,35,105,16"/><U54/><E117/><V70/><F119/><W124/><G124/><T73/><D127/><U37/><E110/><V12/><F125/><W30/><G43/><T23/><D135/><U5/><E18/><V63/><F131/><W41/><G41/><T104/><D2/><U128/><E128/><V39/><F115/><W69/><G36/><T55/><D64/><U122/><E122/><V111/><F111/><W40/><G40/><T58/><D46/><U49/><E37/><V60/><F82/><W123/><G123/><T74/><D74/><U44/><E44/><V8/><F99/><W11/><G102/><T114/><D114/><U10/><E1/><V78/><F78/><W79/><G105/><T80/><D80/><U76/><E103/><V96/><F98/><W91/><G79/><T0/><D0/><U93/><REACH who="1" step="1"/><E85/><REACH who="1" ten="217,160,447,166" step="2"/><V113/><F39/><W45/><G30/><T77/><D130/><U48/><E48/><V51/><F51/><N who="3" m="28911" /><G62/><T27/><D72/><U132/><E132/><V56/><F38/><W65/><G7/><T100/><D73/><U118/><E118/><V129/><F129/><W109/><G109/><T126/><D75/><U92/><E92/><V134/><F134/><W6/><G6/><T116/><D116/><U88/><E88/><V101/><F113/><W19/><G91/><T42/><D126/><U133/><E133/><V66/><AGARI ba="0,1" hai="8,12,13,14,17,56,60,63,66,67,70,95,96,101" machi="66" ten="20,1500,0" yaku="0,1,7,1" doraHai="24" who="2" fromWho="2" sc="217,-4,160,-7,447,25,166,-4" /><INIT seed="6,0,0,5,1,110" ten="213,153,472,162" oya="2" hai0="44,35,29,122,34,28,88,58,17,93,20,87,21" hai1="123,59,119,112,26,52,61,99,41,85,60,69,51" hai2="72,38,27,117,70,3,22,129,36,43,107,100,108" hai3="131,15,49,1,4,94,14,13,73,79,57,37,56"/><V54/><F117/><W135/><G37/><T45/><D122/><U6/><E119/><V48/><F3/><W90/><G135/><T103/><D103/><U40/><E123/><V132/><F72/><W125/><G131/><T63/><D35/><U121/><E121/><V81/><F132/><W66/><G125/><T75/><D34/><U113/><E6/><V0/><F129/><W101/><G101/><T46/><D75/><U64/><E26/><V128/><F0/><W77/><G73/><T109/><D109/><U106/><E85/><V127/><F128/><W105/><G105/><T5/><D5/><U80/><E80/><V24/><F24/><W42/><G1/><T67/><REACH who="0" step="1"/><D20/><REACH who="0" ten="203,153,472,162" step="2"/><U53/><E106/><V32/><F100/><W84/><G4/><T68/><D68/><U96/><E99/><V62/><F22/><W11/><G11/><T86/><D86/><U19/><E96/><V16/><F107/><W10/><G10/><T83/><D83/><U124/><E124/><V7/><F32/><W114/><G114/><N who="1" m="44138" /><E19/><V50/><F16/><W2/><G84/><T116/><D116/><U9/><E9/><V33/><F7/><W89/><G2/><T47/><N who="0" m="11264" /><DORA hai="23" /><T12/><AGARI ba="0,1" hai="12,17,21,28,29,58,63,67,87,88,93" m="11264" machi="12" ten="40,8000,1" yaku="1,1,4,1,0,1,8,1,54,1,53,0" doraHai="110,23" doraHaiUra="78,126" who="0" fromWho="0" sc="203,90,153,-20,472,-40,162,-20" /><INIT seed="7,0,0,5,3,86" ten="293,133,432,142" oya="3" hai0="81,39,119,72,1,61,125,130,17,11,33,91,19" hai1="20,49,15,6,31,93,132,89,90,71,94,124,84" hai2="59,10,5,77,97,117,51,34,80,66,55,101,99" hai3="83,36,108,76,24,14,104,21,115,114,56,68,0"/><W102/><G68/><T112/><D119/><U4/><E71/><V45/><F117/><W96/><G0/><T53/><D112/><U121/><E121/><V133/><F133/><W50/><G36/><T35/><D39/><U28/><E124/><V134/><F34/><W95/><G108/><T113/><D113/><N who="3" m="43017" /><G14/><T12/><D72/><U37/><E37/><V54/><F66/><W135/><G135/><T57/><D1/><U63/><E132/><V29/><F29/><N who="1" m="11337" /><E63/><V85/><F101/><W38/><G38/><T70/><D130/><U128/><E128/><V7/><F7/><N who="1" m="2601" /><E49/><V109/><F109/><W41/><G104/><T2/><D125/><U100/><E100/><V64/><F64/><W42/><G50/><T107/><D107/><U88/><E84/><V82/><F5/><W75/><G56/><T3/><D70/><U120/><E120/><V110/><F59/><W73/><G75/><T67/><D67/><U92/><E20/><V105/><F51/><W131/><G131/><T129/><D129/><U23/><E23/><V22/><F22/><W44/><G44/><T118/><D35/><U116/><E15/><V122/><F105/><W25/><G21/><T30/><D33/><U126/><E126/><V48/><F134/><W58/><G58/><T78/><D57/><U16/><E16/><V40/><F45/><W43/><AGARI ba="0,0" hai="24,25,41,42,43,73,76,83,95,96,102" m="43017" machi="43" ten="30,1500,0" yaku="15,1" doraHai="86" who="3" fromWho="3" sc="293,-5,133,-5,432,-5,142,15" /><INIT seed="7,1,0,1,5,49" ten="288,128,427,157" oya="3" hai0="46,60,101,78,57,75,92,30,12,5,95,68,94" hai1="84,100,97,42,127,58,14,37,83,128,25,50,47" hai2="36,98,88,91,59,51,24,27,61,43,8,76,104" hai3="53,13,0,39,80,111,105,82,122,125,70,34,31"/><W108/><G0/><T130/><D68/><U123/><E123/><V56/><F36/><W77/><G70/><T113/><D30/><U26/><E127/><V124/><F124/><W90/><G39/><T40/><D130/><U87/><E128/><V62/><F76/><W48/><G105/><T19/><D5/><U21/><E14/><V120/><F120/><W86/><G13/><T109/><D109/><N who="3" m="42057" /><G31/><T64/><D75/><U11/><E11/><V73/><F104/><W9/><G9/><T99/><D78/><U74/><E74/><V16/><F8/><W96/><G34/><T23/><D113/><U116/><E116/><V17/><F27/><W33/><G33/><T2/><D2/><U133/><E133/><V71/><F24/><W45/><G96/><T15/><D15/><U110/><E110/><V4/><F98/><W119/><G125/><T66/><D66/><U28/><E25/><V67/><F67/><W72/><G119/><T121/><D121/><AGARI ba="1,0" hai="45,48,53,72,77,80,82,86,90,121,122" m="42057" machi="121" ten="30,2900,0" yaku="10,1,52,1" doraHai="49" who="3" fromWho="0" sc="288,-32,128,0,427,0,157,32" /><INIT seed="7,2,0,1,4,134" ten="256,128,427,189" oya="3" hai0="109,81,8,118,83,68,127,55,112,115,30,32,80" hai1="77,105,106,73,14,9,95,114,41,91,1,103,65" hai2="53,38,75,34,3,62,133,108,4,88,31,67,70" hai3="119,101,87,102,85,131,49,89,17,86,51,61,25"/><W33/><G119/><T76/><D127/><U122/><E1/><V63/><F108/><W124/><G131/><T28/><D109/><U60/><E122/><V54/><F75/><W72/><G72/><T10/><D68/><U130/><E130/><V11/><F133/><W64/><G89/><T26/><D30/><U117/><E117/><V84/><F38/><W121/><G124/><T16/><D118/><U120/><E120/><V37/><F37/><W94/><G33/><T45/><D76/><U15/><E114/><N who="0" m="43561" /><D16/><U56/><E41/><V98/><F98/><W39/><G102/><T19/><D19/><U40/><E40/><V46/><F46/><W7/><G51/><AGARI ba="2,0" hai="8,10,26,28,32,45,51,55,80,81,83" m="43561" machi="51" ten="30,2000,0" yaku="15,1,11,1" doraHai="134" who="0" fromWho="3" sc="256,26,128,0,427,0,189,-26" owari="282,8.2,128,-37.2,427,52.7,163,-23.7" /></mjloggm>