<mjloggm ver="2.3"><GO type="169" lobby="0"/><UN n0="%6B%E3%81%AE" n1="%E3%83%A9%E3%82%B9%E3%82%8B%E3%81%8B%E3%81%AA" n2="%E5%B3%B6%E7%94%B0%E7%9C%9F%E5%A4%A2" n3="%E3%81%8D%E3%82%83%E3%83%BC%E3%82%8D%E3%82%93" dan="17,17,16,16" rate="2210.85,2200.94,2143.08,2144.51" sx="M,M,F,M"/><TAIKYOKU oya="0"/><INIT seed="0,0,0,2,0,51" ten="250,250,250,250" oya="0" hai0="59,3,35,108,25,21,91,116,33,71,18,80,95" hai1="70,101,40,6,2,122,103,131,66,10,56,38,64" hai2="93,117,115,67,52,102,54,105,42,77,61,17,65" hai3="19,43,107,22,113,81,26,98,36,86,1,118,37"/><T29/><D116/><U55/><E122/><V94/><F115/><W44/><G113/><T7/><D71/><U41/><E131/><V123/><F123/><W135/><G135/><T24/><D80/><U0/><E0/><V112/><F112/><W16/><G1/><T85/><D108/><U88/><E41/><V14/><F105/><W127/><G127/><T69/><D69/><U79/><E79/><V124/><F124/><W27/><G118/><T110/><D110/><U8/><E8/><V76/><F42/><W114/><G114/><T104/><D104/><U74/><E74/><V31/><F31/><W4/><G4/><T63/><D7/><U48/><E66/><N who="2" m="25099" /><F117/><W23/><G107/><T134/><D3/><U58/><E58/><N who="2" m="35015" /><F54/><W12/><G98/><T126/><D126/><U57/><E57/><V89/><F102/><W90/><REACH who="3" step="1"/><G12/><REACH who="3" ten="250,250,250,240" step="2"/><T111/><D134/><U92/><E70/><V97/><F94/><W28/><G28/><T46/><D111/><U125/><E125/><V20/><AGARI ba="0,1" hai="14,17,20,76,77,89,93,97" m="35015,25099" machi="20" ten="30,4000,0" yaku="8,1,52,1,54,1" doraHai="51" who="2" fromWho="2" sc="250,-20,250,-10,250,50,240,-10" /><INIT seed="1,0,0,3,5,11" ten="230,240,300,230" oya="1" hai0="130,92,83,23,113,104,76,50,24,27,112,60,53" hai1="26,43,84,75,44,96,87,30,32,126,117,90,61" hai2="134,120,28,33,6,123,4,124,38,132,79,0,48" hai3="69,77,85,5,8,46,70,55,108,10,47,66,105"/><U99/><E117/><V133/><F79/><W78/><G105/><T128/><D104/><U51/><E75/><V56/><F38/><W118/><G118/><T9/><D60/><U45/><E126/><V63/><F48/><W1/><G108/><T42/><D42/><U31/><E87/><V57/><F124/><W88/><G66/><T16/><D92/><U110/><E110/><V35/><F28/><W21/><G70/><T3/><D27/><U65/><E44/><V102/><F102/><W135/><G135/><T91/><D91/><U18/><E18/><V68/><F68/><W15/><G21/><T82/><D82/><U54/><E54/><V40/><F40/><W72/><G69/><T20/><D20/><U73/><E73/><V127/><F127/><W86/><G86/><N who="0" m="48487" /><D9/><U125/><E30/><V95/><F95/><W13/><G72/><T89/><D89/><U17/><E17/><V39/><F39/><W58/><G1/><T7/><D7/><N who="2" m="2602" /><F0/><W71/><G71/><T106/><D106/><U103/><E103/><V22/><F22/><W107/><G107/><T25/><D25/><U131/><E131/><N who="0" m="50217" /><D3/><U52/><E43/><V81/><F81/><N who="3" m="49199" /><G78/><T29/><D29/><U111/><E111/><V34/><F63/><N who="3" m="36319" /><G77/><T115/><D115/><U74/><E74/><V116/><F116/><W37/><G37/><T129/><D129/><U121/><E125/><V59/><AGARI ba="0,0" hai="33,34,35,56,57,59,120,123,132,133,134" m="2602" machi="59" ten="50,8000,1" yaku="29,2,28,2,20,1" doraHai="11" who="2" fromWho="2" sc="230,-20,240,-40,300,80,230,-20" /><INIT seed="2,0,0,1,0,27" ten="210,200,380,210" oya="2" hai0="53,25,92,89,5,21,79,6,76,95,84,129,35" hai1="3,105,62,77,134,54,26,12,70,68,130,114,58" hai2="122,72,112,97,116,11,121,99,44,48,15,19,102" hai3="56,119,80,50,107,83,45,8,78,132,88,55,106"/><V22/><F116/><W124/><G124/><T90/><D35/><U31/><E3/><V47/><F112/><W4/><G132/><T13/><D129/><U51/><E105/><V10/><F72/><W115/><G115/><T67/><D67/><U32/><E114/><V101/><F48/><W36/><G119/><T30/><D53/><U96/><E134/><V103/><F122/><W65/><G83/><T16/><D5/><U75/><E130/><V113/><F121/><W9/><G9/><N who="2" m="3081" /><F113/><W104/><G65/><T135/><D6/><U42/><E12/><V60/><F60/><W128/><G128/><T131/><D135/><U133/><E133/><V23/><F22/><W37/><G88/><T85/><D131/><U71/><E96/><AGARI ba="0,0" hai="15,19,23,44,47,96,97,99,101,102,103" m="3081" machi="96" ten="30,1500,0" yaku="8,1" doraHai="27" who="2" fromWho="1" sc="210,0,200,-15,380,15,210,0" /><INIT seed="2,1,0,0,3,19" ten="210,185,395,210" oya="2" hai0="50,47,92,38,80,97,129,99,101,131,6,116,8" hai1="133,84,15,118,81,64,89,53,41,78,98,104,31" hai2="30,56,43,83,28,29,39,115,24,107,60,132,18" hai3="67,114,76,16,61,3,121,86,75,105,0,36,20"/><V135/><F115/><W33/><G121/><T73/><D116/><U93/><E118/><V69/><F107/><W9/><G33/><T79/><D99/><U106/><E133/><N who="2" m="51275" /><F69/><W35/><G36/><T45/><D45/><U90/><E64/><V126/><F126/><W58/><G35/><T85/><D85/><U13/><E41/><V72/><F43/><W87/><G105/><T82/><D82/><U65/><E65/><N who="2" m="39047" /><F39/><W62/><G114/><T5/><D38/><U2/><E2/><V127/><F127/><W44/><G44/><T42/><REACH who="0" step="1"/><D8/><REACH who="0" ten="200,185,395,210" step="2"/><U94/><E104/><V68/><F83/><W22/><G9/><T48/><D48/><U95/><E106/><V63/><F72/><W7/><G62/><T54/><D54/><U25/><E53/><V37/><F37/><W113/><G113/><T4/><AGARI ba="1,1" hai="4,5,6,42,47,50,73,79,80,92,97,101,129,131" machi="4" ten="30,2000,0" yaku="1,1,0,1,53,0" doraHai="19" doraHaiUra="117" who="0" fromWho="0" sc="200,33,185,-6,395,-11,210,-6" /><INIT seed="3,0,0,4,5,13" ten="233,179,384,204" oya="3" hai0="2,30,108,130,100,21,52,64,33,134,25,17,23" hai1="27,5,82,70,79,51,127,14,9,126,96,103,55" hai2="44,63,78,75,10,93,36,88,117,86,39,114,71" hai3="20,84,99,94,105,24,132,110,122,101,60,37,131"/><W77/><G122/><T41/><D108/><U76/><E70/><V49/><F117/><W61/><G37/><T66/><D41/><U125/><E27/><V38/><F114/><W45/><G131/><T89/><D130/><U15/><E15/><V48/><F10/><W43/><G132/><T8/><D100/><U34/><E34/><V0/><F0/><W74/><G110/><T42/><D42/><U113/><E113/><V106/><F106/><W62/><G74/><T102/><D102/><U54/><E51/><V120/><F120/><W80/><G105/><T47/><D89/><U90/><E90/><V124/><F124/><W7/><G7/><N who="0" m="1143" /><D23/><U73/><REACH who="1" step="1"/><E79/><REACH who="1" ten="233,169,384,204" step="2"/><V69/><F48/><N who="3" m="26687" /><G62/><T40/><D134/><U65/><E65/><V22/><F63/><W112/><G112/><T4/><D66/><U135/><E135/><V68/><F49/><W26/><G26/><T32/><D64/><U67/><E67/><V95/><F78/><W104/><G104/><AGARI ba="0,1" hai="5,9,14,54,55,73,76,82,96,103,104,125,126,127" machi="104" ten="40,2600,0" yaku="1,1,18,1,53,0" doraHai="13" doraHaiUra="81" who="1" fromWho="3" sc="233,0,169,36,384,0,204,-26" /><INIT seed="4,0,0,4,0,72" ten="233,205,384,178" oya="0" hai0="114,91,60,83,90,128,61,58,133,57,112,16,64" hai1="48,40,63,12,87,105,119,117,44,7,38,100,25" hai2="11,86,124,49,29,42,93,73,9,116,95,125,32" hai3="65,55,71,33,82,113,74,79,31,4,85,6,84"/><T88/><D128/><U14/><E25/><N who="2" m="18479" /><F73/><W66/><G113/><T68/><D133/><U97/><E63/><V2/><F86/><W34/><G71/><T131/><D131/><U23/><E38/><V121/><F121/><W101/><G101/><T69/><D83/><U129/><E129/><V10/><F2/><W28/><G74/><T1/><D1/><U15/><E7/><V81/><F81/><W0/><G0/><T78/><D78/><U47/><E47/><N who="2" m="25847" /><F116/><W3/><G3/><T103/><D103/><U132/><E132/><V75/><F75/><W118/><G55/><T70/><REACH who="0" step="1"/><D16/><REACH who="0" ten="223,205,384,178" step="2"/><U110/><E117/><V96/><F125/><W51/><G82/><T89/><N who="0" m="22528" /><DORA hai="59" /><T39/><D39/><U77/><E119/><V111/><F124/><W54/><G118/><T26/><D26/><U36/><E36/><V135/><F135/><W56/><G79/><T21/><D21/><U35/><E23/><V107/><F11/><W108/><G34/><T123/><D123/><U46/><E35/><V24/><F10/><W41/><G33/><T122/><D122/><U17/><E17/><V80/><F24/><W53/><G6/><T109/><D109/><U130/><E110/><V22/><F9/><W115/><G4/><T5/><D5/><U18/><E130/><V13/><F80/><W94/><G115/><T126/><D126/><U92/><E18/><V50/><F111/><W8/><G8/><T45/><D45/><N who="1" m="25639" /><E77/><V102/><F22/><W52/><G108/><T134/><D134/><U98/><E87/><V120/><F120/><W76/><G85/><RYUUKYOKU ba="0,1" sc="223,15,205,15,384,-15,178,-15" hai0="57,58,60,61,64,68,69,70,112,114" hai1="12,14,15,44,46,92,97,98,100,105" /><INIT seed="4,1,1,1,1,56" ten="238,220,369,163" oya="0" hai0="52,115,102,74,124,73,22,4,125,27,133,112,18" hai1="93,29,19,126,98,17,31,127,80,66,95,122,121" hai2="88,91,130,0,7,94,28,35,111,62,81,99,107" hai3="89,55,123,51,92,1,120,116,84,87,106,39,113"/><T16/><D133/><U110/><E66/><V42/><F111/><W97/><G39/><T131/><D102/><U128/><E80/><V49/><F42/><W82/><G1/><T23/><D4/><U43/><E43/><V58/><F49/><W129/><G116/><T67/><D67/><U54/><E54/><V69/><F130/><W119/><G119/><T48/><D131/><U10/><E10/><V36/><F36/><W77/><G129/><T26/><D48/><U114/><E128/><V65/><F7/><W105/><G55/><AGARI ba="1,1" hai="16,18,22,23,26,27,52,55,73,74,112,115,124,125" machi="55" ten="25,9600,0" yaku="22,2,54,2" doraHai="56" who="0" fromWho="3" sc="238,109,220,0,369,0,163,-99" /><INIT seed="4,2,0,2,4,41" ten="347,220,369,64" oya="0" hai0="13,15,33,125,28,132,60,75,50,116,8,126,6" hai1="55,29,111,81,7,85,26,74,67,14,5,43,53" hai2="70,98,27,66,97,89,21,57,45,76,121,88,18" hai3="117,25,107,123,10,109,118,95,82,3,110,37,52"/><T130/><D75/><U49/><E74/><V69/><F121/><W4/><G107/><T19/><D60/><U92/><E111/><V124/><F124/><N who="0" m="47722" /><D50/><U120/><E120/><V122/><F122/><W84/><G123/><T9/><D116/><U46/><E92/><V30/><F70/><W40/><G95/><T80/><D80/><U64/><E64/><V93/><F69/><W91/><G25/><N who="0" m="18575" /><D130/><U51/><E67/><V23/><F76/><W78/><G91/><N who="2" m="34889" /><F93/><W119/><REACH who="3" step="1"/><G52/><REACH who="3" ten="347,220,369,54" step="2"/><T127/><D127/><U54/><E54/><V68/><F66/><W58/><G58/><T44/><D44/><AGARI ba="2,1" hai="3,4,10,37,40,44,78,82,84,109,110,117,118,119" machi="44" ten="40,5200,0" yaku="1,1,52,1,53,1" doraHai="41" doraHaiUra="77" who="3" fromWho="0" sc="347,-58,220,0,369,0,54,68" /><INIT seed="5,0,0,4,2,51" ten="289,220,369,122" oya="1" hai0="114,24,82,31,90,88,115,44,83,135,80,84,111" hai1="70,128,42,50,116,32,21,37,110,33,2,36,28" hai2="18,26,97,6,43,11,130,113,105,4,0,45,95" hai3="22,20,81,55,89,101,56,63,69,107,19,102,49"/><U109/><E2/><V48/><F130/><W7/><G107/><T40/><D111/><N who="1" m="42507" /><E70/><V14/><F105/><W79/><G7/><T59/><D135/><U122/><E116/><V1/><F113/><N who="0" m="43018" /><D59/><U104/><E104/><V119/><F119/><W121/><G121/><T77/><D90/><U67/><E67/><V132/><F132/><W76/><G22/><N who="0" m="15767" /><D77/><U25/><E122/><V57/><F1/><W65/><G89/><T23/><D23/><U9/><E9/><V91/><F0/><W8/><G8/><T124/><D124/><U35/><E128/><V85/><F26/><W103/><REACH who="3" step="1"/><G81/><REACH who="3" ten="289,220,369,112" step="2"/><T64/><D82/><U87/><E21/><V34/><F34/><W126/><G126/><T71/><D83/><U92/><E33/><V123/><F123/><W133/><G133/><T29/><D88/><N who="1" m="53279" /><E35/><V125/><F125/><W73/><G73/><T108/><D108/><U72/><E72/><V94/><F4/><W120/><G120/><T17/><D80/><U106/><E106/><V10/><F6/><W112/><G112/><T60/><D84/><U75/><E75/><V117/><F117/><W129/><G129/><T47/><D29/><U53/><E42/><V61/><F10/><W66/><G66/><T100/><D40/><U98/><E98/><V99/><F95/><W74/><G74/><T13/><D100/><U131/><E131/><V46/><F99/><W39/><G39/><T15/><D17/><U41/><E41/><V5/><F97/><W78/><G78/><T58/><D71/><U134/><E134/><V86/><F5/><W3/><G3/><RYUUKYOKU ba="0,1" sc="289,10,220,10,369,-30,112,10" hai0="13,15,44,47,58,60,64" hai1="25,28,32,36,37,50,53" hai3="19,20,49,55,56,63,65,69,76,79,101,102,103" /><INIT seed="5,1,1,1,0,46" ten="299,230,339,122" oya="1" hai0="75,39,68,60,41,94,117,8,80,51,48,14,95" hai1="114,4,17,25,11,45,37,129,20,81,28,130,82" hai2="127,7,111,126,72,10,116,102,119,132,92,118,40" hai3="113,87,110,112,35,133,42,108,134,91,43,49,77"/><U125/><E37/><V30/><F72/><W54/><G35/><T128/><D117/><U89/><E89/><V26/><F111/><N who="3" m="42539" /><G87/><T96/><D128/><N who="1" m="49259" /><E45/><V1/><F40/><N who="3" m="15403" /><G77/><T21/><D41/><U101/><E114/><N who="3" m="44138" /><G91/><T27/><D39/><U122/><E122/><V83/><F83/><N who="1" m="31753" /><E101/><V58/><F102/><W53/><G49/><T57/><D80/><U76/><E76/><V33/><F92/><W61/><G61/><T74/><D94/><U22/><E125/><V66/><F126/><W6/><G6/><T97/><D75/><U107/><E107/><V71/><F127/><W13/><G13/><T31/><D74/><U56/><E17/><V103/><F103/><W47/><G47/><T98/><D95/><U84/><E84/><V79/><F79/><W73/><G73/><T85/><D85/><U3/><E20/><V55/><F116/><W100/><G100/><T29/><D98/><U65/><E65/><V131/><F118/><W99/><G99/><T34/><D97/><U105/><E105/><V36/><F119/><W109/><N who="3" m="42547" /><W0/><DORA hai="15" /><G0/><T64/><D96/><U50/><E50/><N who="2" m="31095" /><F131/><W78/><G78/><T123/><D48/><U59/><AGARI ba="1,1" hai="3,4,11,22,25,28,56,59" m="31753,49259" machi="59" ten="30,1500,0" yaku="19,1" doraHai="46,15" who="1" fromWho="1" sc="299,-6,230,28,339,-6,122,-6" /><INIT seed="5,2,0,0,5,112" ten="293,258,333,116" oya="1" hai0="130,22,7,42,31,21,59,50,93,5,92,82,127" hai1="26,39,19,135,28,8,25,57,111,47,69,27,37" hai2="85,100,67,119,117,14,114,81,73,79,53,64,11" hai3="10,124,74,107,55,61,68,49,87,91,45,34,3"/><U20/><E69/><V29/><F100/><W36/><G107/><T125/><D130/><U89/><E135/><V33/><F114/><W133/><G74/><T54/><D42/><U128/><E128/><V83/><F29/><W1/><G34/><T97/><D82/><U84/><E111/><V123/><F33/><W121/><G121/><T90/><D93/><U41/><E39/><V16/><F123/><W103/><G103/><T95/><D95/><U62/><E8/><V48/><F67/><W18/><G133/><T60/><D50/><U104/><E104/><V15/><F15/><W24/><G124/><N who="0" m="47691" /><D31/><U70/><E70/><V99/><F64/><W101/><G101/><T63/><D63/><U6/><E6/><AGARI ba="2,0" hai="5,6,7,21,22,54,59,60,90,92,97" m="47691" machi="6" ten="30,1000,0" yaku="18,1" doraHai="112" who="0" fromWho="1" sc="293,16,258,-16,333,0,116,0" /><INIT seed="6,0,0,3,0,83" ten="309,242,333,116" oya="2" hai0="27,71,135,17,92,128,26,91,20,125,36,109,63" hai1="41,51,24,23,95,56,134,40,86,104,108,114,16" hai2="43,11,25,49,78,30,74,93,68,129,52,45,48" hai3="7,106,120,123,73,37,42,0,90,21,47,81,113"/><V111/><F68/><W8/><G106/><T84/><D109/><U53/><E104/><V82/><F111/><W72/><G113/><T35/><D36/><U12/><E134/><V62/><F129/><W65/><G65/><T55/><D128/><U39/><E39/><V77/><F77/><W103/><G103/><T96/><D125/><U3/><E3/><V126/><F126/><W94/><G21/><T32/><D135/><U112/><E108/><V70/><F70/><W87/><G72/><T46/><D26/><U22/><E112/><V76/><F76/><AGARI ba="0,0" hai="0,7,8,37,42,47,73,76,81,87,90,94,120,123" machi="76" ten="40,5200,0" yaku="25,2,52,1" doraHai="83" who="3" fromWho="2" sc="309,0,242,0,333,-52,116,52" /><INIT seed="7,0,0,3,1,69" ten="309,242,281,168" oya="3" hai0="22,1,13,29,18,135,47,111,55,61,45,54,82" hai1="32,102,74,42,108,53,128,44,83,68,85,15,97" hai2="77,57,3,98,132,64,31,40,93,115,133,70,81" hai3="51,78,96,84,76,33,6,104,114,107,24,117,8"/><W129/><G117/><T123/><D111/><U39/><E108/><V19/><F3/><W7/><G129/><T127/><D123/><U66/><E32/><V105/><F105/><W14/><G114/><T23/><D1/><U120/><E120/><V4/><F70/><W65/><G7/><T12/><D127/><U86/><E128/><V0/><F31/><W118/><G118/><T60/><D82/><U131/><E131/><V41/><F19/><W36/><G36/><T34/><D34/><U116/><E116/><V113/><F4/><W2/><G65/><T112/><D135/><N who="2" m="51786" /><F0/><W25/><G2/><T52/><D112/><N who="2" m="43082" /><F57/><W20/><G107/><T10/><D23/><U5/><E53/><V73/><F64/><W109/><G33/><T125/><D125/><U103/><E68/><V43/><F43/><W72/><G72/><T99/><D99/><U49/><E66/><V119/><F119/><W121/><G121/><T110/><D110/><U35/><E35/><V100/><AGARI ba="0,0" hai="40,41,73,77,81,93,98,100" m="43082,51786" machi="100" ten="30,2000,0" yaku="20,1,15,1" doraHai="69" who="2" fromWho="2" sc="309,-5,242,-5,281,20,168,-10" owari="304,40.4,237,-16.3,301,10.1,158,-34.2" /></mjloggm>