<mjloggm ver="2.3"><GO type="169" lobby="0"/><UN n0="%E3%81%93%E3%82%8D%E3%81%86%E3%81%BE%E3%82%8B" n1="%63%68%69%73%73" n2="%70%6F%70%E2%98%86%63%6F%72%6E" n3="%E5%A6%B9%E5%A9%9A%2D%E3%82%B7%E3%82%B9%E3%82%B3%E3%83%B3%2D" dan="16,16,17,17" rate="2045.28,2184.42,2161.16,2182.24" sx="M,M,M,M"/><TAIKYOKU oya="0"/><INIT seed="0,0,0,1,3,108" ten="250,250,250,250" oya="0" hai0="28,84,98,94,127,14,126,65,20,23,39,76,31" hai1="26,72,80,79,37,64,6,29,120,32,52,10,60" hai2="17,49,33,24,70,74,54,8,61,66,100,117,92" hai3="112,115,69,36,125,0,130,47,56,133,106,19,16"/><T63/><D39/><U114/><E120/><V4/><F74/><W131/><G106/><T62/><D76/><U99/><E99/><V43/><F117/><W73/><G69/><T101/><D84/><U59/><E37/><V34/><F43/><N who="3" m="23015" /><G0/><T3/><D3/><U27/><E27/><V85/><F17/><N who="3" m="6731" /><G73/><T21/><D14/><U41/><E41/><V121/><F121/><W124/><G56/><T45/><D45/><U22/><E32/><V119/><F24/><W109/><G109/><T122/><D122/><U118/><E118/><V71/><F71/><W78/><G78/><T93/><D93/><U104/><E104/><V1/><F119/><W132/><G112/><T91/><D101/><U55/><REACH who="1" step="1"/><E114/><REACH who="1" ten="250,240,250,250" step="2"/><V83/><F33/><W128/><G115/><T82/><D98/><U50/><E50/><V107/><F34/><W116/><G116/><T129/><D62/><U11/><E11/><V88/><F107/><W110/><G110/><T25/><D63/><U18/><E18/><V81/><REACH who="2" step="1"/><F100/><REACH who="2" ten="250,240,240,250" step="2"/><W51/><G51/><T111/><D111/><U96/><E96/><V67/><F67/><W95/><G95/><T113/><D65/><U86/><E86/><V12/><F12/><AGARI ba="0,2" hai="6,10,12,22,26,29,52,55,59,60,64,72,79,80" machi="12" ten="30,7700,0" yaku="1,1,7,1,54,1,53,1" doraHai="108" doraHaiUra="75" who="1" fromWho="2" sc="250,0,240,97,240,-77,250,0" /><INIT seed="1,0,0,3,4,37" ten="250,337,163,250" oya="1" hai0="30,119,70,25,66,104,38,49,59,48,125,72,44" hai1="5,92,95,106,111,10,27,96,126,20,86,31,3" hai2="46,91,23,129,82,87,71,80,53,133,131,62,22" hai3="76,79,67,132,54,56,84,40,77,34,26,43,81"/><U118/><E118/><V58/><F133/><W14/><G132/><T112/><D72/><U12/><E126/><V113/><F113/><W89/><G67/><T61/><D112/><U63/><E111/><V103/><F103/><W42/><G14/><T50/><D104/><U73/><E73/><V107/><F107/><W8/><G8/><T6/><D6/><U93/><E106/><V69/><F80/><W99/><G99/><T100/><D100/><U32/><E63/><V60/><F46/><W130/><G130/><T115/><D115/><U75/><E75/><V65/><REACH who="2" step="1"/><F69/><REACH who="2" ten="250,337,153,250" step="2"/><W9/><G9/><T110/><D70/><U52/><E96/><V90/><F90/><W108/><G108/><T17/><D110/><U11/><E86/><V1/><F1/><W4/><G4/><T18/><D119/><U64/><E3/><V105/><F105/><W28/><REACH who="3" step="1"/><G89/><REACH who="3" ten="250,337,153,240" step="2"/><T68/><D68/><U128/><E5/><V24/><F24/><W55/><G55/><T83/><D25/><U122/><E27/><V21/><AGARI ba="0,2" hai="21,22,23,53,58,60,62,65,71,82,87,91,129,131" machi="21" ten="30,2000,0" yaku="1,1,0,1,53,0" doraHai="37" doraHaiUra="98" who="2" fromWho="2" sc="250,-5,337,-10,153,40,240,-5" /><INIT seed="2,0,0,2,3,98" ten="245,327,193,235" oya="2" hai0="116,95,9,26,102,21,57,48,51,72,87,121,19" hai1="18,35,37,78,16,91,41,94,77,129,86,128,74" hai2="73,1,60,105,59,49,93,71,131,55,108,66,123" hai3="31,4,96,61,62,27,44,42,83,134,89,30,92"/><V3/><F123/><W107/><G134/><T115/><D121/><U104/><E35/><V119/><F119/><W53/><G4/><T12/><D116/><U15/><E104/><V5/><F105/><W135/><G135/><T38/><D38/><U125/><E125/><V127/><F73/><W90/><G107/><T25/><D72/><U133/><E133/><V14/><F127/><W32/><G30/><T0/><D115/><U65/><E65/><V80/><F131/><N who="1" m="50249" /><E74/><V68/><F80/><W122/><G122/><T70/><D70/><U36/><E18/><V17/><F108/><W28/><G28/><T29/><D0/><U113/><E113/><V100/><F5/><W109/><G109/><T67/><D26/><U45/><E37/><V110/><F68/><W23/><G53/><T112/><D112/><U11/><AGARI ba="0,0" hai="11,15,16,36,41,45,77,78,86,91,94" m="50249" machi="11" ten="30,2000,0" yaku="19,1,54,1" doraHai="98" who="1" fromWho="1" sc="245,-5,327,20,193,-10,235,-5" /><INIT seed="3,0,0,0,1,9" ten="240,347,183,230" oya="3" hai0="121,50,96,41,91,65,84,38,70,6,103,127,93" hai1="24,0,59,87,78,18,79,80,48,75,36,83,52" hai2="85,109,98,95,129,7,45,31,16,68,55,74,10" hai3="4,20,60,23,77,33,3,115,135,123,124,19,134"/><W64/><G123/><T116/><D121/><U37/><REACH who="1" step="1"/><E0/><REACH who="1" ten="240,337,183,230" step="2"/><V34/><F129/><W89/><G115/><T112/><D112/><U28/><E28/><V26/><F109/><W104/><G104/><T53/><D116/><U66/><E66/><V125/><F125/><W105/><G105/><T29/><D29/><U5/><E5/><V76/><F7/><W108/><G124/><T17/><D6/><U114/><E114/><V35/><F31/><W13/><G108/><T131/><D127/><U102/><E102/><V130/><F130/><W25/><G3/><T117/><D131/><U111/><E111/><V119/><F119/><W73/><G4/><T62/><D117/><U42/><E42/><V101/><F101/><W72/><G33/><T128/><D128/><U71/><E71/><V14/><F68/><N who="3" m="41991" /><G89/><T30/><D30/><U88/><E88/><N who="2" m="55655" /><F34/><W110/><G77/><T107/><D41/><U8/><E8/><V47/><F35/><W67/><G67/><T11/><D11/><U106/><E106/><V90/><F76/><W57/><G110/><T40/><D40/><U56/><E56/><V32/><F32/><W12/><G57/><T46/><D17/><U63/><E63/><V69/><F69/><W2/><G2/><T1/><D1/><U27/><E27/><V49/><F26/><W61/><G61/><T94/><D107/><U133/><E133/><N who="3" m="50698" /><G23/><AGARI ba="0,1" hai="18,23,24,36,37,48,52,59,75,78,79,80,83,87" machi="23" ten="40,5200,0" yaku="21,2,54,1,53,0" doraHai="9" doraHaiUra="92" who="1" fromWho="3" sc="240,0,337,62,183,0,230,-52" /><INIT seed="4,0,0,4,3,48" ten="240,399,183,178" oya="0" hai0="114,11,20,42,55,93,28,9,96,131,73,68,22" hai1="15,95,21,25,127,27,62,92,60,85,44,113,122" hai2="37,86,111,57,74,10,135,99,77,106,35,33,65" hai3="50,4,66,84,39,18,13,78,5,8,52,108,116"/><T58/><D68/><U53/><E122/><V102/><F37/><W47/><G116/><T24/><D73/><U38/><E38/><V19/><F111/><W0/><G108/><T97/><D114/><U41/><E127/><V98/><F135/><W88/><G66/><T124/><D124/><U34/><E113/><V132/><F74/><W26/><G78/><T67/><D131/><U76/><E34/><V72/><F72/><W83/><G0/><T80/><D42/><U45/><E15/><N who="2" m="7671" /><F33/><W16/><G39/><T134/><D134/><U7/><E41/><V129/><F35/><W112/><G112/><T104/><D80/><U81/><E7/><V118/><F118/><W89/><G89/><T29/><D67/><U14/><E14/><V90/><F129/><W119/><G119/><T120/><D120/><U75/><E75/><V49/><F77/><W128/><G128/><T115/><D115/><U82/><E76/><V30/><F30/><W6/><G18/><T117/><D117/><U101/><E101/><V79/><F79/><W71/><G71/><T123/><D123/><U87/><E21/><AGARI ba="0,0" hai="4,5,6,8,13,16,21,26,47,50,52,83,84,88" machi="21" ten="40,8000,1" yaku="8,1,52,1,54,3" doraHai="48" who="3" fromWho="1" sc="240,0,399,-80,183,0,178,80" /><INIT seed="5,0,0,3,2,109" ten="240,319,183,258" oya="1" hai0="82,75,12,4,115,21,15,57,10,85,59,117,99" hai1="111,43,37,127,123,86,22,81,48,120,17,61,42" hai2="74,72,32,5,65,39,114,116,134,27,104,100,2" hai3="129,0,49,58,36,108,28,70,125,69,68,55,30"/><U90/><E111/><V107/><F100/><W124/><G0/><T110/><D110/><U98/><E127/><N who="3" m="48714" /><G108/><T44/><D117/><U56/><E37/><V67/><F116/><W9/><G36/><T46/><D75/><U52/><E120/><V66/><F39/><W83/><G83/><T29/><D115/><U112/><E112/><V16/><F134/><W77/><G77/><T119/><D99/><U11/><E11/><V25/><F5/><W135/><G135/><T54/><D59/><U106/><E123/><V96/><F96/><W31/><G9/><T47/><D119/><U63/><E98/><V89/><F89/><W23/><G23/><T26/><D15/><U14/><E106/><V3/><F67/><W80/><G80/><T92/><D92/><U133/><E133/><V122/><F122/><W131/><AGARI ba="0,0" hai="28,30,31,49,55,58,68,69,70,129,131" m="48714" machi="131" ten="50,1600,0" yaku="18,1" doraHai="109" who="3" fromWho="3" sc="240,-4,319,-8,183,-4,258,16" /><INIT seed="6,0,0,4,4,38" ten="236,311,179,274" oya="2" hai0="116,62,70,102,107,127,103,117,135,42,114,126,91" hai1="86,112,3,131,95,21,0,50,24,10,78,132,80" hai2="30,133,73,124,79,115,52,4,63,28,44,111,130" hai3="83,101,27,45,67,110,49,57,109,108,64,106,54"/><V77/><F115/><W32/><G106/><T97/><D114/><U8/><E112/><V71/><F133/><W14/><G101/><T26/><D135/><U51/><E132/><V89/><F130/><W75/><G14/><T66/><D103/><U74/><E131/><V122/><F122/><W120/><G120/><T41/><D91/><U123/><E123/><V37/><F124/><N who="0" m="47658" /><D26/><U22/><E22/><V18/><F4/><W39/><G39/><T93/><D107/><U58/><E3/><V35/><F73/><W43/><G75/><T40/><AGARI ba="0,0" hai="40,41,42,62,66,70,93,97,102,116,117" m="47658" machi="40" ten="40,8000,1" yaku="18,1,52,3" doraHai="38" who="0" fromWho="0" sc="236,80,311,-20,179,-40,274,-20" /><INIT seed="7,0,0,5,1,128" ten="316,291,139,254" oya="3" hai0="23,41,36,127,67,123,96,38,61,11,83,33,87" hai1="116,125,119,75,132,77,115,74,2,118,7,5,107" hai2="98,40,50,112,10,133,57,99,56,135,81,53,21" hai3="103,49,117,82,51,111,110,130,80,3,105,76,22"/><W15/><G3/><T63/><D123/><U79/><E107/><V31/><F112/><W52/><G117/><N who="1" m="29954" /><U12/><DORA hai="134" /><E115/><V91/><F10/><W45/><G130/><T129/><D129/><U32/><E32/><V85/><F40/><N who="3" m="24743" /><G105/><T44/><D33/><U78/><E132/><N who="2" m="50763" /><F56/><N who="3" m="32799" /><G103/><T122/><D36/><U42/><E125/><V97/><F21/><W24/><G15/><T114/><D127/><U84/><E2/><V30/><AGARI ba="0,0" hai="30,31,50,53,57,81,85,91,97,98,99" m="50763" machi="30" ten="40,8000,1" yaku="20,1,52,3" doraHai="128,134" who="2" fromWho="2" sc="316,-20,291,-20,139,80,254,-40" /><INIT seed="8,0,0,3,2,17" ten="296,271,219,214" oya="0" hai0="11,106,119,104,23,82,24,29,80,129,62,5,72" hai1="86,132,83,107,88,48,61,99,117,78,51,36,77" hai2="90,114,121,94,135,19,8,118,44,54,49,127,60" hai3="63,59,52,126,71,30,45,108,95,89,33,37,65"/><T87/><D129/><U66/><E36/><V133/><F121/><W101/><G101/><T31/><D119/><U85/><E117/><V112/><F118/><W32/><G126/><T75/><D62/><U14/><E132/><N who="2" m="50763" /><F127/><W57/><G108/><T131/><D131/><U103/><E14/><N who="2" m="7623" /><F60/><W73/><G73/><T92/><D92/><U96/><E96/><AGARI ba="0,0" hai="44,49,54,90,94,96,112,114" m="7623,50763" machi="96" ten="30,1000,0" yaku="20,1" doraHai="17" who="2" fromWho="1" sc="296,0,271,-10,219,10,214,0" /><INIT seed="9,0,0,3,5,59" ten="296,261,229,214" oya="1" hai0="113,127,117,128,34,1,118,28,48,114,68,47,112" hai1="4,50,19,42,81,37,89,82,99,14,126,110,3" hai2="10,40,13,78,97,11,103,102,20,122,101,88,32" hai3="123,39,17,27,105,133,51,65,131,15,71,85,25"/><U94/><E126/><V106/><F122/><W9/><G39/><T129/><D127/><U12/><E37/><V125/><F32/><W116/><G123/><T76/><D68/><U16/><E3/><V73/><F125/><W72/><G72/><T69/><D69/><U23/><E4/><V8/><F40/><W79/><G105/><T66/><D66/><U93/><E110/><V35/><F35/><W80/><G133/><T120/><D1/><U49/><E94/><N who="2" m="56519" /><F73/><W44/><G131/><N who="0" m="50251" /><D76/><U56/><E42/><V96/><F106/><W130/><G130/><T83/><D83/><N who="1" m="31755" /><E56/><V104/><F104/><W6/><G116/><N who="0" m="44651" /><D120/><U26/><E26/><V57/><F78/><W124/><G124/><T135/><D135/><U132/><E132/><V134/><F134/><W98/><G98/><T46/><D48/><U33/><E33/><V0/><F96/><W75/><G75/><T61/><D61/><U29/><E29/><V115/><F0/><W121/><G121/><T7/><D7/><U77/><E77/><V95/><F115/><W84/><G84/><T52/><D52/><U119/><E119/><V60/><F95/><W67/><G71/><T41/><D41/><U31/><E31/><V92/><F92/><W91/><G79/><T109/><D109/><U108/><E108/><V74/><F74/><W87/><G87/><T54/><D54/><U21/><AGARI ba="0,0" hai="12,14,16,19,21,23,49,50,89,93,99" m="31755" machi="21" ten="30,3000,0" yaku="8,1,54,1" doraHai="59" who="1" fromWho="1" sc="296,-10,261,30,229,-10,214,-10" /><INIT seed="9,1,0,1,0,31" ten="286,291,219,204" oya="1" hai0="24,14,66,37,75,19,47,127,3,38,122,29,130" hai1="83,61,9,86,135,11,74,60,87,76,84,12,134" hai2="41,133,79,53,44,132,52,125,58,15,2,91,126" hai3="56,93,101,68,7,115,34,124,71,110,104,20,100"/><U119/><E119/><V88/><F79/><W45/><G110/><T129/><D3/><U78/><E78/><V107/><F15/><W98/><G115/><T105/><D75/><U114/><E114/><V18/><F18/><W40/><G34/><N who="0" m="20775" /><D105/><U13/><E13/><V5/><F107/><W94/><G7/><T1/><D1/><U70/><E11/><N who="2" m="2487" /><F44/><W85/><G124/><N who="2" m="47721" /><F41/><W22/><G104/><T118/><D118/><U0/><E0/><V8/><F8/><W50/><G56/><T23/><D127/><U116/><E116/><V99/><F53/><W17/><G22/><T36/><D66/><U69/><E69/><V28/><F28/><W16/><G17/><T33/><D122/><U48/><E70/><V27/><F27/><W26/><REACH who="3" step="1"/><G85/><REACH who="3" ten="286,291,219,194" step="2"/><T80/><D47/><U123/><E84/><V109/><F109/><W21/><G21/><T111/><D111/><U106/><E106/><V102/><F102/><W42/><G42/><T108/><D108/><U117/><E86/><V35/><F35/><W89/><G89/><N who="2" m="34377" /><F99/><AGARI ba="1,1" hai="16,20,26,40,45,50,68,71,93,94,98,99,100,101" machi="99" ten="40,8000,1" yaku="1,1,9,1,54,1,53,1" doraHai="31" doraHaiUra="43" who="3" fromWho="2" sc="286,0,291,0,219,-83,194,93" /><INIT seed="10,0,0,3,3,110" ten="286,291,136,287" oya="2" hai0="41,16,71,20,54,18,112,11,6,78,108,59,118" hai1="116,77,101,87,28,126,103,43,22,104,119,92,2" hai2="35,27,85,127,99,57,23,37,128,130,89,125,96" hai3="61,84,10,5,93,68,97,115,70,72,50,91,106"/><V38/><F57/><W39/><G39/><N who="2" m="14857" /><F35/><W9/><G72/><T82/><D112/><U107/><E126/><N who="2" m="48139" /><F85/><W56/><G50/><T60/><D108/><U47/><E2/><V55/><F55/><W44/><G44/><T3/><D118/><N who="1" m="45099" /><E77/><V75/><F75/><W76/><G115/><T121/><D121/><U131/><E131/><N who="2" m="50219" /><F89/><W83/><G84/><T7/><D41/><U100/><E43/><V8/><F8/><W105/><G10/><T134/><D11/><U98/><E47/><V123/><F123/><W86/><G9/><T63/><D59/><U15/><E87/><V14/><F14/><W73/><G56/><T69/><D54/><U17/><E28/><V109/><F109/><W66/><G73/><T53/><D53/><U19/><E19/><V94/><F94/><W49/><G93/><T111/><D111/><U24/><E15/><V58/><F58/><W81/><G86/><T62/><D18/><U26/><E26/><V132/><F132/><W67/><G91/><AGARI ba="0,0" hai="17,22,24,91,92,98,100,101,103,104,107" m="45099" machi="91" ten="30,1000,0" yaku="16,1" doraHai="110" who="1" fromWho="3" sc="286,0,291,10,136,0,287,-10" owari="286,8.6,301,40.1,136,-36.4,277,-12.3" /></mjloggm>