<mjloggm ver="2.3"><GO type="169" lobby="0"/><UN n0="%70%61%77%61" n1="%6A%61%63%6B%74" n2="%E3%83%9F%E3%83%8D%E3%83%A9%E3%83%AB" n3="%32%30%30%E6%88%A6%E5%8D%87%E7%89%B9" dan="18,16,18,17" rate="2294.04,2122.73,2258.12,2188.21" sx="M,M,M,M"/><TAIKYOKU oya="0"/><INIT seed="0,0,0,3,5,54" ten="250,250,250,250" oya="0" hai0="100,72,95,105,124,28,57,40,13,115,21,20,87" hai1="62,34,134,85,127,77,70,5,104,82,84,67,65" hai2="68,131,58,69,38,110,59,25,24,78,42,121,132" hai3="109,22,19,3,8,103,12,113,89,43,90,117,2"/><T39/><D115/><U64/><E134/><V106/><F106/><W56/><G113/><T45/><D72/><U83/><E127/><V50/><F121/><W46/><G117/><T49/><D124/><U32/><E104/><V130/><F110/><W18/><G109/><T11/><D105/><U99/><E5/><V92/><F78/><W1/><G103/><T122/><D122/><U47/><E99/><V31/><F132/><W128/><G128/><N who="2" m="49193" /><F38/><W63/><G19/><T123/><D123/><U74/><E74/><V29/><F92/><W17/><G17/><T35/><D35/><U55/><E47/><N who="2" m="25975" /><F68/><W76/><G76/><T0/><D0/><U119/><E119/><V27/><F69/><W94/><G94/><T101/><D101/><U75/><E75/><V53/><F53/><W133/><G133/><T41/><D28/><AGARI ba="0,0" hai="24,25,27,28,29,31,58,59" m="25975,49193" machi="28" ten="30,3900,0" yaku="19,1,52,2" doraHai="54" who="2" fromWho="0" sc="250,-39,250,0,250,39,250,0" /><INIT seed="1,0,0,0,4,44" ten="211,250,289,250" oya="1" hai0="24,51,119,54,85,20,84,123,99,81,69,91,5" hai1="65,124,10,72,4,0,43,120,127,33,80,131,87" hai2="106,17,64,50,79,107,122,113,53,36,42,102,8" hai3="28,47,25,112,126,83,77,34,58,103,63,133,93"/><U40/><E120/><V74/><F122/><W73/><G112/><T2/><D123/><U130/><E33/><V23/><F64/><W7/><G126/><N who="1" m="48170" /><E72/><V117/><F8/><W118/><G118/><T60/><D119/><U32/><E32/><V38/><F117/><W129/><G129/><N who="1" m="49162" /><E65/><V6/><F113/><W52/><G133/><T89/><D2/><U11/><E11/><V39/><F6/><W49/><G7/><T128/><D5/><U57/><E57/><V125/><F42/><W46/><G103/><T121/><D121/><U97/><E97/><V111/><F102/><W59/><REACH who="3" step="1"/><G93/><REACH who="3" ten="211,250,289,240" step="2"/><T132/><D128/><U56/><E56/><V95/><F95/><W92/><G92/><T12/><D69/><U15/><E0/><V3/><F3/><W114/><G114/><T82/><D99/><U30/><E30/><V70/><F70/><W29/><G29/><T13/><D132/><U108/><E108/><V135/><F111/><W115/><G115/><T37/><D60/><U94/><E94/><V110/><F135/><W19/><G19/><T14/><D82/><U48/><E48/><V116/><F110/><W90/><G90/><AGARI ba="0,1" hai="4,10,15,40,43,80,87,90" m="49162,48170" machi="90" ten="30,2900,0" yaku="18,1,19,1" doraHai="44" who="1" fromWho="3" sc="211,0,250,39,289,0,240,-29" /><INIT seed="1,1,0,0,2,119" ten="211,289,289,211" oya="1" hai0="105,21,99,17,28,84,120,5,121,117,16,32,74" hai1="50,22,130,135,111,131,114,30,3,88,24,90,36" hai2="6,103,83,15,104,118,52,47,25,125,55,124,0" hai3="132,81,63,123,39,46,89,86,93,129,61,56,33"/><U112/><E36/><V122/><F118/><W127/><G33/><T109/><D117/><U18/><E3/><V70/><F70/><W9/><G127/><N who="2" m="48713" /><F0/><W133/><G129/><N who="1" m="49162" /><E135/><N who="3" m="51786" /><G9/><T57/><D74/><U29/><E50/><N who="2" m="28767" /><F25/><W49/><G39/><T94/><D109/><U59/><E59/><V76/><F55/><N who="3" m="30135" /><G123/><N who="0" m="47179" /><D5/><U82/><E111/><V41/><F41/><W38/><G38/><T37/><D37/><U71/><E71/><V58/><F58/><W67/><G63/><T42/><D42/><U80/><E82/><AGARI ba="1,0" hai="56,61,67,81,82,86,89,93" m="30135,51786" machi="82" ten="30,1000,0" yaku="20,1" doraHai="119" who="3" fromWho="1" sc="211,0,289,-13,289,0,211,13" /><INIT seed="2,0,0,2,2,116" ten="211,276,289,224" oya="2" hai0="125,59,73,12,38,10,49,4,39,30,23,40,29" hai1="95,57,72,131,94,69,8,100,86,44,130,126,76" hai2="96,84,77,97,27,103,90,65,35,133,66,92,28" hai3="14,109,50,26,132,43,85,41,51,61,112,127,128"/><V135/><F96/><W17/><G112/><T34/><D73/><U134/><E69/><V47/><F77/><W56/><G109/><T37/><D125/><U78/><E57/><V82/><REACH who="2" step="1"/><F47/><REACH who="2" ten="211,276,279,224" step="2"/><W99/><G99/><T89/><D89/><U32/><E44/><V45/><F45/><W9/><G127/><T105/><D105/><U81/><E126/><V0/><F0/><W122/><G128/><T24/><D40/><U108/><E76/><V64/><AGARI ba="0,1" hai="27,28,35,64,65,66,82,84,90,92,97,103,133,135" machi="64" ten="30,3000,0" yaku="1,1,0,1,53,0" doraHai="116" doraHaiUra="52" who="2" fromWho="2" sc="211,-10,276,-10,279,40,224,-10" /><INIT seed="2,1,0,0,1,8" ten="201,266,319,214" oya="2" hai0="127,17,105,97,56,18,52,113,33,50,24,15,90" hai1="83,114,16,10,135,71,5,79,94,12,4,103,133" hai2="41,119,75,109,23,2,46,84,54,77,78,68,131" hai3="21,123,62,45,57,121,63,34,115,9,0,72,38"/><V98/><F75/><W28/><G72/><T110/><D113/><U35/><E71/><V95/><F119/><W93/><G34/><T30/><D110/><U59/><E35/><V20/><F68/><W102/><G115/><T64/><D127/><U101/><E114/><V69/><F69/><W118/><G118/><T88/><D64/><U82/><E59/><V126/><F126/><W125/><G125/><T67/><D67/><U120/><E120/><V117/><F117/><W6/><G62/><T99/><D18/><U60/><E60/><V55/><F2/><W43/><G102/><N who="1" m="38922" /><E94/><V37/><F131/><W19/><G28/><T61/><D61/><U130/><E130/><V85/><F109/><W111/><G93/><T66/><D66/><U1/><E1/><V129/><F129/><W128/><G128/><T3/><D3/><U29/><E29/><V14/><F37/><W104/><G111/><T11/><REACH who="0" step="1"/><D105/><REACH who="0" ten="191,266,319,214" step="2"/><U80/><E79/><V48/><F78/><W100/><G104/><T124/><D124/><U107/><E107/><V116/><F77/><W86/><G123/><T36/><D36/><U134/><AGARI ba="1,1" hai="4,5,10,12,16,80,82,83,133,134,135" m="38922" machi="134" ten="40,5200,0" yaku="20,1,52,1,54,1" doraHai="8" who="1" fromWho="1" sc="191,-14,266,65,319,-27,214,-14" /><INIT seed="3,0,0,4,5,57" ten="177,331,292,200" oya="3" hai0="101,92,64,69,56,67,94,50,128,103,62,106,121" hai1="51,19,6,127,125,30,104,113,22,88,26,28,91" hai2="45,0,41,23,13,107,115,79,55,20,133,15,66" hai3="27,53,3,132,114,16,32,71,111,60,83,49,59"/><W58/><G114/><T120/><D128/><U117/><E113/><V35/><F107/><W112/><G112/><T118/><D118/><U43/><E104/><V80/><F35/><W75/><G3/><T122/><D106/><U72/><E72/><V14/><F0/><W96/><G71/><T38/><D38/><U5/><E43/><V124/><F133/><W10/><G132/><T90/><D94/><U119/><E51/><N who="2" m="27055" /><F66/><W1/><G111/><T12/><D12/><U86/><E86/><N who="2" m="48415" /><F115/><W84/><G75/><T95/><D95/><U44/><E44/><V36/><F36/><W99/><G32/><T89/><D89/><U135/><E135/><V81/><F124/><N who="1" m="47689" /><E91/><V18/><F81/><W17/><G1/><T68/><D50/><U130/><E88/><V85/><F85/><W65/><G10/><T87/><D56/><U102/><E102/><V7/><F7/><N who="1" m="2569" /><E130/><V31/><F31/><AGARI ba="0,0" hai="19,22,26,28,30,31,117,119" m="2569,47689" machi="31" ten="30,3900,0" yaku="18,1,34,2" doraHai="57" who="1" fromWho="2" sc="177,0,331,39,292,-39,200,0" /><INIT seed="4,0,0,3,4,62" ten="177,370,253,200" oya="0" hai0="92,116,125,112,22,107,110,85,66,25,123,61,37" hai1="6,70,109,34,24,71,93,119,73,68,128,74,29" hai2="95,5,124,129,38,76,99,131,101,57,49,48,8" hai3="50,10,19,53,91,88,67,15,55,11,105,16,31"/><T104/><D116/><U114/><E109/><V126/><F38/><W42/><G105/><T80/><D123/><U1/><E119/><V111/><F111/><W59/><G31/><T81/><D110/><U98/><E128/><N who="2" m="49227" /><F76/><W0/><G42/><T63/><D37/><U28/><E28/><V12/><F57/><W87/><G0/><T83/><D112/><U65/><E114/><V135/><F135/><W69/><G69/><T17/><D125/><AGARI ba="0,0" hai="5,8,12,48,49,95,99,101,124,125,126" m="49227" machi="125" ten="30,2000,0" yaku="18,1,19,1" doraHai="62" who="2" fromWho="0" sc="177,-20,370,0,253,20,200,0" /><INIT seed="5,0,0,2,1,55" ten="157,370,273,200" oya="1" hai0="23,90,124,48,19,15,117,51,5,97,7,68,14" hai1="11,94,128,110,62,32,29,118,67,75,56,45,102" hai2="100,24,78,113,81,134,52,88,18,40,131,49,63" hai3="127,82,114,21,112,71,107,106,8,3,25,76,87"/><U70/><E118/><V66/><F131/><W46/><G71/><T121/><D117/><U69/><E75/><V86/><F134/><W26/><G127/><T41/><D124/><U99/><E128/><V27/><F113/><N who="3" m="43627" /><G46/><T42/><D68/><U4/><E110/><V91/><F100/><W101/><G101/><T133/><D133/><U60/><E45/><V0/><F0/><W92/><G92/><T38/><D121/><U37/><E37/><V95/><F40/><W64/><G64/><T31/><D38/><U83/><E83/><V59/><F18/><N who="3" m="12471" /><G26/><N who="2" m="9769" /><F95/><W115/><G115/><T132/><D132/><U50/><E32/><V17/><F17/><W61/><G61/><T126/><D126/><U43/><E29/><V77/><F91/><W65/><G65/><T39/><D39/><U47/><REACH who="1" step="1"/><E62/><REACH who="1" ten="157,360,273,200" step="2"/><V9/><F9/><W30/><G30/><T13/><D31/><U58/><E58/><AGARI ba="0,1" hai="49,52,58,59,63,66,77,78,81,86,88" m="9769" machi="58" ten="30,8000,1" yaku="8,1,52,2,54,2" doraHai="55" who="2" fromWho="1" sc="157,0,360,-80,273,90,200,0" /><INIT seed="6,0,0,0,1,85" ten="157,280,363,200" oya="2" hai0="52,34,5,118,60,99,56,121,101,104,77,131,103" hai1="8,61,122,37,75,95,10,107,97,14,32,69,27" hai2="0,100,90,81,48,3,102,116,33,20,117,70,31" hai3="55,94,76,93,132,80,86,68,47,112,73,113,39"/><V17/><F70/><W43/><G68/><T58/><D121/><U29/><E122/><V25/><F100/><W96/><G132/><T46/><D131/><U89/><E75/><V127/><F102/><W59/><G73/><T2/><D118/><U13/><E37/><V124/><F48/><W7/><G7/><T114/><D114/><N who="3" m="44137" /><G96/><T119/><D119/><N who="2" m="45642" /><F90/><W128/><G128/><T66/><D34/><U98/><E107/><V83/><F81/><W125/><G125/><N who="2" m="48201" /><F83/><W23/><G23/><T110/><D110/><U26/><E98/><V18/><F18/><W129/><G129/><T36/><D103/><U109/><E109/><V88/><F88/><N who="3" m="53399" /><G80/><T40/><D77/><U63/><E69/><V1/><F1/><W22/><G76/><T4/><REACH who="0" step="1"/><D2/><REACH who="0" ten="147,280,363,200" step="2"/><U24/><E89/><V87/><F87/><W64/><G94/><T54/><D54/><U65/><E95/><V35/><F33/><W57/><G55/><T19/><D19/><U38/><E97/><V106/><F106/><W30/><G64/><T130/><D130/><U82/><E65/><V44/><F35/><W15/><G30/><T28/><D28/><U84/><E29/><V126/><F31/><W108/><G108/><T16/><D16/><AGARI ba="0,1" hai="15,16,22,39,43,47,57,59" m="53399,44137" machi="16" ten="30,8000,1" yaku="15,1,11,1,52,1,54,2" doraHai="85" who="3" fromWho="0" sc="147,-80,280,0,363,0,200,90" /><INIT seed="7,0,0,1,3,32" ten="67,280,363,290" oya="3" hai0="67,71,122,55,99,98,54,13,119,16,108,57,106" hai1="10,64,127,46,39,7,11,40,91,25,30,125,124" hai2="78,28,89,68,116,9,70,14,95,0,132,113,69" hai3="96,29,112,102,51,1,90,130,23,79,80,58,109"/><W65/><G1/><T128/><D128/><U118/><E118/><V105/><F105/><W66/><G112/><T77/><D119/><U59/><E91/><V81/><F116/><W121/><G121/><T6/><D122/><U35/><E7/><V63/><F28/><W114/><G114/><T104/><D108/><U82/><E82/><V129/><F113/><W24/><G109/><T3/><D71/><U103/><E103/><V115/><F115/><W61/><G130/><T83/><D67/><U126/><N who="1" m="31744" /><DORA hai="111" /><U107/><REACH who="1" step="1"/><E107/><REACH who="1" ten="67,270,363,290" step="2"/><V43/><F81/><W120/><G120/><T123/><D123/><U62/><AGARI ba="0,1" hai="10,11,25,30,35,39,40,46,59,62,64" m="31744" machi="62" ten="60,8000,1" yaku="1,1,2,1,0,1,18,1,53,1" doraHai="32,111" doraHaiUra="22,2" who="1" fromWho="1" sc="67,-20,270,90,363,-20,290,-40" owari="47,-45.3,360,46.0,343,14.3,250,-15.0" /></mjloggm>