<mjloggm ver="2.3"><GO type="169" lobby="0"/><UN n0="%E7%AE%B1%E4%B8%8B%E3%81%AE%E3%82%B1%E3%83%B3%E5%9D%8A" n1="%E3%81%BD%E3%81%A3%E3%81%91%E3%81%95%E3%82%93" n2="%53%65%72%69%61" n3="%4F%56%4F" dan="16,16,16,16" rate="2135.49,2148.34,2114.27,2065.43" sx="M,M,M,M"/><TAIKYOKU oya="0"/><INIT seed="0,0,0,0,2,93" ten="250,250,250,250" oya="0" hai0="85,121,131,51,28,22,3,4,74,9,77,39,53" hai1="44,87,71,70,120,96,57,101,126,18,40,92,117" hai2="2,29,21,134,20,72,79,109,56,49,6,62,61" hai3="103,124,122,63,47,100,129,128,75,94,108,99,113"/><T17/><D121/><U118/><E120/><V1/><F109/><W23/><G122/><T104/><D39/><U32/><E32/><V42/><F134/><W84/><G108/><T48/><D131/><U132/><E132/><V59/><F72/><W0/><G0/><T105/><D74/><U38/><E126/><V36/><F79/><W98/><G113/><T123/><D48/><U107/><E57/><V33/><F33/><W127/><G63/><T115/><D115/><U34/><E34/><V90/><F36/><W83/><G47/><T112/><D28/><U95/><E18/><V73/><F73/><W116/><G23/><T135/><D112/><U10/><E10/><V31/><F90/><N who="3" m="51487" /><G75/><T27/><D135/><U82/><E95/><V7/><REACH who="2" step="1"/><F49/><REACH who="2" ten="250,250,240,250" step="2"/><W64/><G116/><T80/><REACH who="0" step="1"/><D123/><REACH who="0" ten="240,250,240,250" step="2"/><U5/><E118/><V60/><F60/><W111/><G111/><T55/><D55/><U13/><E117/><V54/><F54/><W97/><G64/><T8/><D8/><U15/><E38/><V86/><F86/><W67/><G67/><T24/><D24/><U68/><E87/><V37/><F37/><W52/><G52/><T130/><D130/><N who="3" m="50281" /><G98/><T133/><D133/><U76/><E96/><V45/><F45/><AGARI ba="0,2" hai="3,4,9,17,22,27,45,51,53,77,80,85,104,105" machi="45" ten="30,2900,0" yaku="1,1,7,1,53,0" doraHai="93" doraHaiUra="125" who="0" fromWho="2" sc="240,49,250,0,240,-29,250,0" /><INIT seed="0,1,0,4,3,61" ten="289,250,211,250" oya="0" hai0="40,83,119,134,56,91,51,125,127,52,35,99,54" hai1="128,92,57,120,131,118,86,34,97,42,30,49,95" hai2="26,60,63,66,14,130,39,121,124,117,15,88,75" hai3="58,13,55,53,76,46,126,8,73,9,115,129,29"/><T44/><D35/><U107/><E118/><V110/><F121/><W5/><G115/><T102/><D119/><U103/><E120/><V47/><F117/><W6/><G129/><T45/><D83/><U89/><E107/><V48/><F75/><W87/><G126/><N who="0" m="48139" /><D91/><U18/><E30/><V16/><F39/><W101/><G73/><T67/><D99/><U71/><E71/><V24/><F130/><N who="1" m="49705" /><E18/><V113/><F113/><W123/><G101/><T90/><D90/><U28/><E28/><V82/><F124/><W109/><G29/><T0/><D0/><U31/><E31/><V12/><F110/><W19/><G109/><T2/><D2/><U20/><E20/><N who="2" m="13319" /><F26/><W85/><G76/><T38/><D102/><U36/><E36/><V94/><F66/><W22/><G5/><T33/><D33/><U65/><E34/><V112/><F82/><W23/><G123/><T70/><D134/><U32/><E32/><V62/><F112/><W37/><G6/><T25/><D25/><U69/><E69/><V100/><F100/><W41/><G23/><T98/><D98/><U27/><E27/><V135/><F135/><W50/><G87/><T59/><D54/><U114/><E114/><V77/><F77/><W104/><G104/><T11/><D11/><U4/><E103/><V10/><F10/><W122/><G122/><T106/><D106/><U68/><E95/><V133/><F133/><W108/><G108/><T64/><D70/><U7/><E92/><V1/><F1/><W93/><G93/><T17/><D17/><U96/><E68/><V111/><F111/><RYUUKYOKU ba="1,0" sc="289,30,250,-10,211,-10,250,-10" hai0="38,40,44,45,51,52,56,59,64,67" /><INIT seed="0,2,0,0,0,31" ten="319,240,201,240" oya="0" hai0="130,4,20,90,28,62,1,79,2,45,48,85,121" hai1="98,87,81,25,21,19,33,107,12,112,65,66,86" hai2="26,50,74,124,58,99,91,118,113,39,104,135,92" hai3="35,73,133,43,22,10,120,126,27,131,47,41,40"/><T72/><D121/><U15/><E112/><V29/><F39/><W109/><G73/><T80/><D130/><U117/><E117/><V105/><F113/><W46/><G131/><T37/><D62/><U49/><E107/><V61/><F118/><W76/><G109/><T108/><D37/><U57/><E98/><V60/><F74/><W16/><G133/><T129/><D129/><U127/><E127/><V38/><F38/><W53/><G126/><T69/><D69/><U82/><E33/><V56/><F50/><W59/><G120/><T94/><D4/><U55/><E86/><V44/><F44/><W110/><G76/><T34/><D20/><U42/><E42/><V89/><F135/><W77/><G77/><T122/><D108/><U96/><E96/><V71/><F71/><W111/><G111/><T17/><D17/><U30/><E81/><V24/><F124/><W8/><G35/><T51/><D51/><U128/><E128/><V13/><F13/><N who="1" m="5193" /><E19/><V114/><F114/><W119/><G119/><T67/><D67/><U6/><E6/><V0/><F0/><W97/><G97/><T7/><D7/><U64/><E64/><V75/><F75/><W93/><G93/><T78/><D78/><AGARI ba="2,0" hai="21,25,30,49,55,57,65,66,78,82,87" m="5193" machi="78" ten="30,1000,0" yaku="8,1" doraHai="31" who="1" fromWho="0" sc="319,-16,240,16,201,0,240,0" /><INIT seed="1,0,0,3,1,115" ten="303,256,201,240" oya="1" hai0="78,43,63,48,51,55,8,36,49,77,7,80,1" hai1="68,54,127,65,13,44,81,93,24,111,109,10,119" hai2="53,11,113,3,42,4,59,96,21,105,110,34,5" hai3="18,16,27,88,121,60,97,132,57,74,120,30,32"/><U45/><E24/><V56/><F113/><W66/><G74/><T130/><D130/><U61/><E127/><V108/><F34/><W28/><G132/><T131/><D131/><U134/><E134/><V87/><F42/><W52/><G30/><T38/><D77/><U89/><E81/><V75/><F75/><W15/><G66/><T37/><D63/><U6/><E119/><V35/><F35/><W94/><G18/><T114/><D114/><U84/><REACH who="1" step="1"/><E54/><REACH who="1" ten="303,246,201,240" step="2"/><V70/><F53/><W118/><REACH who="3" step="1"/><G118/><REACH who="3" ten="303,246,201,230" step="2"/><T106/><D55/><U2/><E2/><V135/><F3/><W25/><G25/><T19/><D1/><U126/><E126/><V91/><F135/><W64/><G64/><T67/><D67/><U117/><E117/><V39/><F110/><AGARI ba="0,2" hai="6,10,13,44,45,61,65,68,84,89,93,109,110,111" machi="110" ten="40,7700,0" yaku="1,1,14,1,10,1,53,0" doraHai="115" doraHaiUra="12" who="1" fromWho="2" sc="303,0,246,97,201,-77,230,0" /><INIT seed="1,1,0,5,0,102" ten="303,343,124,230" oya="1" hai0="25,30,114,31,7,92,2,67,22,103,124,130,66" hai1="34,62,74,76,123,13,46,4,32,91,98,99,72" hai2="134,52,127,38,70,118,10,125,58,26,44,24,97" hai3="36,68,17,37,83,5,43,8,28,23,53,48,33"/><U1/><E1/><V40/><F118/><W113/><G113/><T129/><D92/><U78/><E46/><V50/><F134/><W51/><G68/><T61/><D114/><U54/><E13/><V47/><F10/><W11/><G28/><T131/><D103/><U115/><E115/><V69/><F97/><W20/><G33/><T15/><D124/><N who="2" m="47690" /><F26/><W9/><G5/><T77/><D77/><U82/><E4/><V109/><F24/><W21/><G17/><T0/><D30/><U93/><E123/><V133/><F133/><W116/><G116/><T117/><D117/><U42/><E99/><V94/><F94/><W84/><G43/><T110/><D110/><U96/><E98/><V108/><F47/><W122/><G122/><T71/><D66/><U18/><E18/><V85/><F85/><W73/><G73/><T81/><REACH who="0" step="1"/><D81/><REACH who="0" ten="293,343,124,230" step="2"/><U105/><E93/><V39/><F38/><W57/><REACH who="3" step="1"/><G51/><REACH who="3" ten="293,343,124,220" step="2"/><T107/><D107/><U104/><E105/><V100/><F100/><W60/><G60/><T89/><D89/><AGARI ba="1,2" hai="8,9,11,20,21,23,36,37,48,53,57,83,84,89" machi="89" ten="40,1300,0" yaku="1,1,53,0" doraHai="102" doraHaiUra="12" who="3" fromWho="0" sc="293,-16,343,0,124,0,220,36" /><INIT seed="2,0,0,4,5,50" ten="277,343,124,256" oya="2" hai0="8,32,7,64,98,61,28,33,55,81,126,80,25" hai1="108,95,46,42,79,60,49,112,124,110,134,5,122" hai2="121,3,19,91,2,17,51,135,118,69,99,119,72" hai3="132,130,109,86,128,54,56,47,120,59,105,116,97"/><V113/><F113/><W36/><G116/><T101/><D33/><U22/><E79/><V111/><F69/><W14/><G120/><T31/><D31/><U117/><E117/><V23/><F72/><W107/><G109/><N who="1" m="42090" /><E95/><V44/><F111/><W18/><G132/><T27/><D27/><U71/><E22/><V20/><F121/><W40/><G86/><T57/><D64/><N who="1" m="41351" /><E5/><V74/><F74/><W9/><G59/><T6/><D126/><U106/><E106/><V15/><F135/><W73/><G73/><T87/><D87/><U11/><E11/><V76/><F76/><W53/><G56/><T103/><D6/><U65/><E122/><V1/><F91/><W104/><REACH who="3" step="1"/><G97/><REACH who="3" ten="277,343,124,246" step="2"/><T13/><REACH who="0" step="1"/><D103/><REACH who="0" ten="267,343,124,246" step="2"/><U100/><E100/><V85/><F85/><W123/><G123/><T0/><D0/><U26/><E134/><V21/><F99/><W127/><G127/><T102/><D102/><U75/><E124/><V70/><F70/><W48/><G48/><T58/><D58/><U63/><E75/><V129/><F129/><AGARI ba="0,2" hai="9,14,18,36,40,47,53,54,104,105,107,128,129,130" machi="129" ten="50,8000,1" yaku="1,1,19,1,52,2,53,0" doraHai="50" doraHaiUra="45" who="3" fromWho="2" sc="267,0,343,0,124,-80,246,100" /><INIT seed="3,0,0,3,2,50" ten="267,343,44,346" oya="3" hai0="103,12,21,80,99,57,109,116,95,33,60,100,76" hai1="89,10,4,36,44,74,34,97,6,53,54,17,123" hai2="26,5,72,9,94,59,23,15,3,35,83,51,13" hai3="2,113,111,38,117,112,73,29,119,107,45,63,98"/><W93/><G73/><T48/><D109/><U108/><E123/><V86/><F72/><W122/><G2/><T128/><D128/><U68/><E108/><V78/><F94/><W75/><G75/><T129/><D129/><U124/><E34/><V134/><F35/><W58/><G111/><T14/><D33/><U62/><E74/><V85/><F85/><W16/><G107/><T106/><D48/><U1/><E6/><V118/><F134/><W132/><G29/><T67/><D116/><U121/><E121/><V77/><F118/><W115/><G122/><T131/><D131/><U84/><E97/><V88/><F15/><W39/><G132/><T31/><D103/><U81/><E124/><V101/><F101/><W42/><G38/><T110/><D106/><U18/><E68/><V87/><F87/><W79/><G79/><T41/><D41/><U127/><E127/><V96/><F96/><W114/><G16/><T91/><D76/><U104/><E104/><V70/><F70/><W49/><G39/><T102/><D110/><U130/><E130/><V25/><F3/><W24/><G24/><N who="2" m="9321" /><F23/><W47/><G114/><T27/><D100/><U37/><E37/><V0/><F0/><W71/><G71/><T20/><D20/><U40/><E62/><V90/><F78/><W125/><G125/><T22/><D21/><U66/><E66/><V64/><F64/><N who="3" m="39031" /><G119/><T46/><D46/><U28/><E28/><V43/><F59/><W135/><G117/><T52/><D67/><U69/><E69/><V133/><F133/><W8/><G135/><T32/><D32/><RYUUKYOKU ba="0,0" sc="267,10,343,10,44,10,346,-30" hai0="12,14,22,27,31,52,57,60,80,91,95,99,102" hai1="1,4,10,17,18,36,40,44,53,54,81,84,89" hai2="5,9,13,43,51,77,83,86,88,90" /><INIT seed="4,1,0,4,1,65" ten="277,353,54,316" oya="0" hai0="48,80,72,98,82,58,92,66,10,84,73,11,38" hai1="12,103,17,50,94,120,3,89,43,127,134,87,24" hai2="110,76,46,15,21,133,56,97,91,57,77,5,100" hai3="96,44,28,123,63,42,101,39,51,62,4,125,113"/><T124/><D38/><U59/><E3/><V20/><F110/><W126/><G4/><T128/><D128/><U119/><E119/><V47/><F133/><W81/><G28/><T121/><D121/><U14/><E120/><V7/><F91/><W86/><G113/><T49/><D124/><N who="3" m="47721" /><G39/><T135/><D135/><U18/><E134/><V117/><F117/><W2/><G2/><T122/><D122/><U112/><E112/><V118/><F118/><W95/><G123/><T52/><D66/><U61/><E103/><V78/><F97/><W6/><G6/><T116/><D116/><U105/><E105/><V0/><F77/><AGARI ba="1,0" hai="42,44,51,62,63,77,81,86,95,96,101" m="47721" machi="77" ten="30,1000,0" yaku="18,1" doraHai="65" who="3" fromWho="2" sc="277,0,353,0,54,-13,316,13" /><INIT seed="5,0,0,0,0,3" ten="277,353,41,329" oya="1" hai0="15,117,33,4,40,79,83,118,16,46,8,126,122" hai1="80,101,48,87,112,78,57,42,54,65,59,62,14" hai2="23,67,90,119,28,26,24,123,5,72,39,100,58" hai3="34,121,120,96,131,104,71,35,7,64,18,129,133"/><U99/><E112/><V6/><F119/><W47/><G133/><T125/><D33/><N who="3" m="12297" /><G18/><T135/><D135/><U85/><E42/><V56/><F123/><W106/><G47/><T109/><D109/><U51/><E14/><V91/><F72/><W20/><G20/><T102/><D102/><U61/><REACH who="1" step="1"/><E85/><REACH who="1" ten="277,343,41,329" step="2"/><V45/><F26/><W1/><G121/><T12/><D122/><U27/><E27/><V97/><F24/><W115/><G120/><T17/><D117/><U128/><E128/><N who="3" m="49226" /><G115/><T98/><D118/><U82/><E82/><V103/><F28/><W75/><G75/><T13/><D13/><U31/><E31/><V25/><F25/><W76/><G96/><T43/><D40/><U55/><E55/><V111/><F97/><W41/><G41/><T60/><D98/><U37/><E37/><V10/><F39/><W134/><G134/><T53/><D15/><U30/><E30/><V63/><F111/><W29/><G29/><T74/><D53/><U108/><E108/><V116/><F116/><W114/><G114/><T89/><D43/><U105/><AGARI ba="0,1" hai="48,51,54,57,59,61,62,65,78,80,87,99,101,105" machi="105" ten="20,3900,0" yaku="1,1,0,1,7,1,53,0" doraHai="3" doraHaiUra="84" who="1" fromWho="1" sc="277,-13,343,49,41,-13,329,-13" /><INIT seed="5,1,0,2,2,40" ten="264,392,28,316" oya="1" hai0="44,16,52,87,54,112,37,11,9,116,65,30,117" hai1="100,132,64,81,29,61,93,48,119,133,63,10,82" hai2="94,125,84,120,19,50,35,121,102,55,126,14,17" hai3="45,69,96,91,67,113,20,75,57,86,24,99,28"/><U85/><E119/><V90/><F35/><W101/><G75/><T103/><D116/><U77/><E29/><V27/><F102/><W56/><G113/><T49/><D117/><U43/><E10/><V53/><F27/><W60/><G99/><T83/><D37/><U71/><E63/><V38/><F38/><W134/><G134/><T72/><D72/><U42/><E82/><V59/><F55/><W109/><G109/><T106/><D30/><U98/><REACH who="1" step="1"/><E48/><REACH who="1" ten="264,382,28,316" step="2"/><V31/><F31/><W131/><G60/><T92/><D9/><U62/><E62/><V95/><F19/><W41/><G28/><T18/><D11/><U104/><E104/><V76/><F76/><W15/><G131/><T122/><D106/><U25/><E25/><V46/><F95/><W97/><G24/><T3/><D92/><U127/><E127/><N who="2" m="48651" /><F59/><W79/><G57/><T88/><D18/><U33/><E33/><V5/><F5/><W108/><G56/><T34/><D16/><U21/><E21/><AGARI ba="1,1" hai="14,17,21,46,50,53,84,90,94,120,121" m="48651" machi="21" ten="30,2000,0" yaku="18,1,52,1" doraHai="40" who="2" fromWho="1" sc="264,0,382,-23,28,33,316,0" /><INIT seed="6,0,0,5,2,113" ten="264,359,61,316" oya="2" hai0="28,89,40,14,62,81,12,38,65,67,63,47,125" hai1="105,122,70,109,53,32,31,71,35,68,61,126,100" hai2="39,86,97,10,118,76,49,94,58,78,131,135,30" hai3="132,88,91,13,54,83,55,73,79,92,17,124,74"/><V45/><F131/><W75/><G132/><T22/><D125/><U117/><E109/><V11/><F135/><W103/><G124/><T37/><D37/><U25/><E117/><V129/><F129/><W127/><G127/><T106/><D106/><U43/><E43/><V130/><F130/><W15/><G103/><T0/><D0/><U101/><E126/><V114/><F114/><W123/><G123/><T104/><D104/><U3/><E3/><V69/><F69/><W111/><G111/><T128/><D128/><U33/><E122/><V115/><F115/><W102/><G102/><T90/><D28/><U98/><E101/><V108/><F118/><W20/><G13/><T18/><D12/><U36/><E36/><V27/><F58/><W66/><G66/><T7/><D7/><U84/><E84/><V48/><F39/><W85/><REACH who="3" step="1"/><G91/><REACH who="3" ten="264,359,61,306" step="2"/><T2/><D2/><U99/><E100/><N who="2" m="60471" /><F108/><W112/><G112/><T29/><D67/><U42/><E105/><V8/><F86/><AGARI ba="0,1" hai="15,17,20,54,55,73,74,75,79,83,85,86,88,92" machi="86" ten="40,2600,0" yaku="1,1,54,1,53,0" doraHai="113" doraHaiUra="93" who="3" fromWho="2" sc="264,0,359,0,61,-26,306,36" /><INIT seed="7,0,0,1,4,112" ten="264,359,35,342" oya="3" hai0="39,81,129,16,17,79,133,29,117,86,115,76,31" hai1="1,55,91,47,37,36,72,3,101,27,51,110,118" hai2="12,26,98,123,131,95,40,57,128,73,100,113,75" hai3="6,74,13,21,102,134,2,48,4,22,58,7,50"/><W96/><G74/><T105/><D39/><U94/><E110/><V63/><F40/><W61/><G2/><T68/><D68/><U122/><E122/><V121/><F12/><W90/><G134/><T45/><D45/><U106/><E72/><V92/><F26/><W60/><G90/><T87/><D133/><U53/><E106/><V62/><F57/><W109/><G109/><T66/><D105/><U88/><E101/><V132/><F62/><W108/><G108/><T107/><D107/><U80/><E80/><V127/><F63/><W111/><G61/><T0/><D81/><U83/><E83/><V54/><F54/><N who="3" m="33879" /><G111/><T85/><D129/><U30/><E118/><V97/><F132/><W5/><G5/><T69/><D0/><U114/><E114/><V33/><F33/><W56/><G56/><T89/><D89/><N who="1" m="34379" /><E94/><V8/><F8/><W64/><G64/><T126/><D115/><U103/><E103/><V24/><F24/><W35/><G35/><T44/><D44/><N who="1" m="27879" /><E37/><V116/><F113/><W84/><G84/><T25/><D25/><U124/><E124/><V52/><F52/><W120/><G120/><T70/><D87/><U130/><E130/><V19/><F19/><N who="3" m="10479" /><G22/><T119/><REACH who="0" step="1"/><D66/><REACH who="0" ten="254,359,35,342" step="2"/><U49/><E36/><V38/><F38/><W93/><AGARI ba="0,1" hai="4,6,7,48,50,93,96,102" m="10479,33879" machi="93" ten="30,1500,0" yaku="8,1" doraHai="112" who="3" fromWho="3" sc="254,-5,359,-5,35,-5,342,25" owari="249,-15.1,354,15.4,30,-47.0,367,46.7" /></mjloggm>