<mjloggm ver="2.3"><GO type="169" lobby="0"/><UN n0="%E3%81%BB%E3%81%86%EF%BC%81" n1="%E7%A0%B2%E5%A7%90%E5%A7%90" n2="%E3%81%8B%E3%82%81%E3%81%98%E3%82%8D%E3%81%86" n3="%E9%AB%98%E5%A4%A9%E3%81%AE%E6%AD%8C" dan="16,16,16,16" rate="2114.15,2110.91,2084.46,2097.88" sx="M,F,M,M"/><TAIKYOKU oya="0"/><INIT seed="0,0,0,4,5,100" ten="250,250,250,250" oya="0" hai0="107,121,118,50,96,30,53,116,94,108,117,62,80" hai1="12,1,126,84,87,75,34,120,81,41,114,82,6" hai2="60,83,61,89,112,36,104,129,115,20,40,64,8" hai3="45,72,92,9,10,135,73,113,71,14,24,86,88"/><T103/><D121/><U124/><E120/><V95/><F129/><W47/><G113/><T131/><D131/><U29/><E114/><V110/><F110/><W16/><G135/><T28/><D108/><U43/><E75/><V48/><F83/><N who="1" m="31753" /><E1/><V44/><F8/><W128/><G71/><T26/><D62/><U58/><E58/><V13/><F60/><W33/><G128/><T78/><D94/><U7/><E12/><V32/><F32/><W130/><G130/><T99/><D96/><U74/><E29/><V19/><F36/><W68/><G68/><T35/><D30/><U69/><E34/><V85/><REACH who="2" step="1"/><F104/><REACH who="2" ten="250,250,240,250" step="2"/><W106/><G106/><T18/><D18/><U119/><E6/><V21/><F21/><W51/><G9/><T22/><D35/><U93/><E7/><V111/><F111/><W134/><G134/><T11/><D11/><U90/><E124/><V66/><F66/><W76/><G76/><T122/><D122/><U17/><E126/><V123/><F123/><W132/><G132/><T55/><REACH who="0" step="1"/><D50/><REACH who="0" ten="240,250,240,250" step="2"/><U52/><E17/><V0/><F0/><W46/><REACH who="3" step="1"/><G51/><REACH who="3" ten="240,250,240,240" step="2"/><T57/><D57/><AGARI ba="0,3" hai="13,19,20,40,44,48,57,61,64,85,89,95,112,115" machi="57" ten="30,2000,0" yaku="1,1,7,1,53,0" doraHai="100" doraHaiUra="3" who="2" fromWho="0" sc="240,-20,250,0,240,50,240,0" /><INIT seed="1,0,0,2,2,71" ten="220,250,290,240" oya="1" hai0="60,77,37,5,95,48,74,50,4,123,104,17,66" hai1="130,21,9,11,96,76,45,79,93,25,54,7,33" hai2="23,67,87,81,43,49,135,115,10,3,14,58,20" hai3="124,113,85,1,41,131,62,132,64,88,114,39,105"/><U134/><E130/><V119/><F119/><W82/><G131/><T102/><D104/><U112/><E134/><V35/><F35/><W110/><G110/><T101/><D123/><U26/><E33/><V59/><F135/><W51/><G132/><T117/><D74/><U122/><E122/><V18/><F115/><W46/><G124/><T99/><D77/><U56/><E45/><V30/><F67/><W15/><G1/><T78/><D78/><U106/><E106/><V28/><F58/><W86/><G105/><T40/><D102/><U22/><E112/><V32/><F32/><W103/><G103/><T27/><D4/><U24/><E11/><V100/><F100/><W55/><G15/><T91/><D5/><U34/><E34/><V13/><F3/><W97/><G97/><T129/><D91/><U111/><E111/><V133/><F133/><W126/><G85/><T127/><D127/><U80/><E80/><V53/><F43/><W19/><G19/><T29/><D17/><U94/><E79/><N who="2" m="46527" /><F20/><N who="1" m="7785" /><E76/><V63/><F49/><W44/><REACH who="3" step="1"/><G126/><REACH who="3" ten="220,250,290,230" step="2"/><T89/><D117/><U16/><E96/><V90/><F14/><W116/><G116/><T68/><D129/><U84/><E84/><V57/><F13/><W121/><G121/><T72/><D72/><U38/><E16/><V0/><F18/><W31/><G31/><T6/><D6/><U75/><E75/><V70/><F30/><W36/><G36/><T83/><D101/><U73/><E38/><V8/><F28/><W125/><G125/><T2/><D37/><U47/><E73/><V118/><F118/><RYUUKYOKU ba="0,1" sc="220,-10,250,-10,290,-10,230,30" hai3="39,41,44,46,51,55,62,64,82,86,88,113,114" /><INIT seed="2,1,1,5,0,72" ten="210,240,280,260" oya="2" hai0="124,59,62,92,78,21,3,63,130,82,10,48,42" hai1="35,75,113,46,38,41,54,16,121,53,97,135,100" hai2="22,112,60,123,27,84,111,47,79,125,86,120,49" hai3="132,34,8,14,85,83,28,126,87,71,115,128,55"/><V107/><F112/><W108/><G132/><T7/><D130/><U91/><E113/><V56/><F107/><W69/><G128/><T52/><D124/><U116/><E135/><V0/><F0/><W6/><G108/><T31/><D92/><U9/><E121/><V50/><F125/><W76/><G126/><T12/><D42/><U93/><E116/><V77/><F111/><W44/><G115/><T30/><D31/><U73/><E35/><V95/><F120/><W134/><G134/><T13/><D3/><U94/><E75/><V81/><F123/><W1/><G1/><T101/><D101/><U25/><E73/><V109/><F109/><W20/><G34/><T114/><D114/><U133/><E133/><V67/><F47/><W18/><G28/><T36/><D36/><U98/><REACH who="1" step="1"/><E9/><REACH who="1" ten="210,230,280,260" step="2"/><V89/><REACH who="2" step="1"/><F77/><REACH who="2" ten="210,230,270,260" step="2"/><W33/><G76/><T2/><D78/><U43/><E43/><V4/><F4/><W106/><G6/><T26/><D7/><U118/><E118/><V105/><F105/><W23/><G106/><T131/><D131/><U40/><E40/><V65/><F65/><W57/><G55/><T37/><D52/><U15/><E15/><V119/><F119/><W32/><G14/><T70/><D12/><U96/><E96/><V11/><F11/><W39/><G8/><T127/><D13/><U68/><E68/><V104/><F104/><W80/><G39/><T117/><D37/><U90/><E90/><V29/><AGARI ba="1,3" hai="22,27,29,49,50,56,60,67,79,81,84,86,89,95" machi="29" ten="20,18000,2" yaku="1,1,0,1,7,1,8,1,52,1,53,1" doraHai="72" doraHaiUra="24" who="2" fromWho="2" sc="210,-61,230,-61,270,213,260,-61" /><INIT seed="2,2,0,2,4,87" ten="149,169,483,199" oya="2" hai0="132,71,124,28,66,79,83,21,84,67,93,76,17" hai1="112,73,110,13,36,94,63,43,129,50,126,133,88" hai2="92,70,68,59,97,56,99,14,2,16,125,46,7" hai3="44,75,32,11,40,122,109,10,69,61,54,6,118"/><V78/><F125/><W60/><G75/><T101/><D124/><U127/><E112/><V51/><F78/><W90/><G32/><T115/><D115/><U4/><E36/><V12/><F2/><W45/><G118/><T64/><D28/><U52/><E73/><V27/><F70/><W19/><G122/><T23/><D23/><U89/><E110/><V85/><F85/><W9/><G109/><T37/><D37/><U119/><E119/><V29/><F68/><W104/><G104/><T120/><D132/><U49/><E133/><V35/><F7/><W82/><G6/><T81/><D120/><U3/><E3/><V80/><F80/><W62/><G69/><T72/><D101/><U100/><E129/><V18/><F14/><W20/><G54/><T135/><D93/><U15/><E43/><V25/><F25/><W34/><G34/><T123/><D123/><U41/><E41/><V8/><F18/><W128/><G40/><T86/><D72/><U5/><E100/><V117/><F117/><W113/><G128/><T102/><D102/><U26/><E26/><V24/><F24/><N who="3" m="14367" /><G113/><T38/><D38/><U131/><E131/><V48/><F48/><N who="1" m="18537" /><E126/><V98/><REACH who="2" step="1"/><F92/><REACH who="2" ten="149,169,473,199" step="2"/><W58/><G58/><T114/><D114/><U57/><E94/><V95/><F95/><W47/><G82/><T39/><D39/><U1/><E1/><V111/><F111/><W130/><G130/><T96/><D135/><U42/><E127/><V107/><F107/><W31/><G31/><T77/><D77/><U65/><E5/><V103/><F103/><W53/><G53/><AGARI ba="2,1" hai="8,12,16,27,29,35,46,51,53,56,59,97,98,99" machi="53" ten="40,7700,0" yaku="1,1,6,1,54,1,53,0" doraHai="87" doraHaiUra="91" who="2" fromWho="3" sc="149,0,169,0,473,93,199,-83" /><INIT seed="2,3,0,3,3,122" ten="149,169,566,116" oya="2" hai0="14,79,32,114,52,16,102,123,85,43,3,0,12" hai1="73,18,1,115,47,37,118,134,117,17,38,5,22" hai2="15,53,78,119,34,107,44,81,82,103,74,99,105" hai3="58,61,55,59,101,128,26,2,98,23,13,45,36"/><V130/><F119/><W95/><G128/><T83/><D123/><U86/><E115/><V110/><F130/><W77/><G2/><T4/><D114/><U135/><E73/><V9/><F34/><W24/><G77/><T96/><D32/><U132/><E86/><V6/><F82/><W111/><G111/><T56/><D43/><N who="1" m="23023" /><E38/><V21/><F21/><W64/><G36/><T69/><D69/><U126/><E126/><V48/><REACH who="2" step="1"/><F107/><REACH who="2" ten="149,169,556,116" step="2"/><W70/><G23/><T50/><D4/><U93/><E22/><V127/><F127/><W27/><G95/><T89/><D79/><U28/><E93/><V133/><F133/><W19/><G27/><T25/><D25/><U33/><E117/><V42/><F42/><W46/><G26/><T29/><D29/><U20/><E118/><V120/><F120/><W54/><G24/><T87/><D83/><U63/><E33/><V90/><F90/><W124/><G124/><T100/><D89/><U104/><E28/><V66/><F66/><W109/><G64/><T31/><D31/><U131/><E104/><V62/><F62/><W8/><G61/><T35/><D35/><U94/><E131/><V80/><F80/><W129/><G129/><T106/><D106/><U68/><E20/><V41/><F41/><W112/><G112/><T11/><D16/><N who="1" m="6251" /><E94/><V97/><F97/><W108/><G98/><T39/><D96/><U10/><E63/><V67/><F67/><W40/><G19/><T121/><D121/><U60/><E60/><V7/><F7/><W30/><G30/><T57/><D85/><U76/><E76/><RYUUKYOKU ba="3,1" sc="149,-15,169,15,556,15,116,-15" hai1="1,5,10,68,132,134,135" hai2="6,9,15,44,48,53,74,78,81,99,103,105,110" /><INIT seed="2,4,1,1,5,76" ten="134,184,571,101" oya="2" hai0="47,107,93,104,17,8,63,118,115,64,31,125,88" hai1="117,129,42,68,37,9,25,108,126,20,36,14,83" hai2="82,27,50,77,13,80,39,33,59,7,102,72,122" hai3="85,69,106,120,101,12,114,30,119,52,99,87,0"/><V35/><F122/><W65/><G0/><T127/><D115/><U10/><E117/><V89/><F39/><W56/><G119/><T26/><D47/><U103/><E108/><V32/><F102/><W61/><G114/><T75/><D75/><U44/><E68/><V111/><F111/><W67/><G120/><T70/><D8/><U135/><E135/><V62/><F50/><W18/><G30/><T124/><D17/><U46/><E129/><V92/><F27/><W28/><G28/><T94/><D94/><U109/><E109/><V57/><F57/><W113/><G113/><T49/><D49/><U128/><E103/><V24/><F24/><W53/><G53/><T74/><D74/><U90/><E126/><V41/><F41/><W22/><REACH who="3" step="1"/><G67/><REACH who="3" ten="134,184,571,91" step="2"/><T71/><D118/><U84/><E128/><V132/><F132/><W97/><G97/><N who="0" m="57511" /><D71/><U105/><E42/><V1/><F1/><W3/><G3/><T4/><D4/><U79/><E37/><V121/><F121/><W29/><G29/><T34/><AGARI ba="4,2" hai="26,31,34,63,64,70,104,107,124,125,127" m="57511" machi="34" ten="30,2000,0" yaku="18,1,54,1" doraHai="76" who="0" fromWho="0" sc="134,52,184,-9,571,-14,91,-9" /><INIT seed="3,0,0,4,5,47" ten="186,175,557,82" oya="3" hai0="56,112,34,106,132,37,127,101,123,63,87,93,69" hai1="50,83,36,128,41,71,52,120,86,125,113,31,105" hai2="79,129,109,25,133,98,59,130,117,40,70,49,12" hai3="13,33,103,58,115,27,94,67,107,20,2,111,95"/><W92/><G115/><T44/><D87/><U4/><E113/><V14/><F70/><W39/><G2/><T22/><D93/><U124/><E120/><V73/><F117/><W80/><G39/><T6/><D101/><U102/><E71/><V134/><F109/><W5/><G111/><T8/><D22/><U108/><E108/><V51/><F98/><N who="3" m="59847" /><G107/><T18/><D18/><U9/><E128/><N who="2" m="49259" /><F25/><W7/><G33/><T62/><D8/><U16/><E31/><V54/><F79/><W126/><G80/><T0/><D6/><N who="3" m="2057" /><G13/><N who="2" m="5225" /><F73/><W1/><G126/><N who="1" m="48746" /><E36/><V48/><F40/><W23/><G1/><T11/><D0/><U19/><E41/><V135/><AGARI ba="0,0" hai="48,49,51,54,59,133,134,135" m="5225,49259" machi="135" ten="40,8000,1" yaku="20,1,19,1,52,3" doraHai="47" who="2" fromWho="2" sc="186,-20,175,-20,557,80,82,-40" /><INIT seed="4,0,0,4,3,60" ten="166,155,637,42" oya="0" hai0="36,73,0,128,3,106,113,89,121,53,133,50,63" hai1="18,88,54,90,78,10,107,43,44,112,5,67,51" hai2="23,57,85,126,98,52,120,26,15,2,130,92,35" hai3="8,118,42,48,111,71,38,34,21,17,110,70,124"/><T59/><D121/><U31/><E107/><V87/><F120/><W7/><G118/><T12/><D36/><U108/><E108/><V82/><F2/><W30/><G38/><T93/><D113/><U4/><E112/><V127/><F15/><W96/><G124/><N who="2" m="47657" /><F35/><W101/><G110/><T83/><D106/><U84/><E31/><N who="2" m="17887" /><F82/><W66/><G111/><T49/><D128/><U94/><E78/><V134/><F130/><W64/><G34/><T47/><D49/><U75/><E75/><V1/><F1/><W80/><G30/><T19/><D83/><N who="1" m="49183" /><E67/><N who="3" m="25642" /><G70/><T55/><D73/><U32/><E32/><V62/><F134/><W27/><G71/><T115/><D115/><U45/><E43/><V61/><F61/><W40/><G80/><T125/><D133/><U99/><E44/><V29/><F29/><W114/><G114/><T129/><D129/><U119/><E119/><V9/><F9/><W58/><G7/><T46/><D47/><U122/><E122/><V13/><F13/><AGARI ba="0,0" hai="4,5,10,13,18,45,51,54,90,94,99" m="49183" machi="13" ten="30,3900,0" yaku="25,1,8,1,54,1" doraHai="60" who="1" fromWho="2" sc="166,0,155,39,637,-39,42,0" /><INIT seed="5,0,0,0,4,83" ten="166,194,598,42" oya="1" hai0="44,46,88,8,67,60,107,35,52,75,131,101,47" hai1="77,39,90,94,82,30,40,31,106,102,119,93,114" hai2="16,121,63,70,96,38,117,61,98,49,69,24,72" hai3="110,128,37,99,89,130,54,104,95,22,29,53,100"/><U81/><E119/><V123/><F72/><W48/><G37/><T3/><D75/><U135/><E114/><V71/><F117/><W126/><G110/><T134/><D35/><U42/><E135/><V12/><F38/><W21/><G126/><T133/><D131/><U41/><E39/><V45/><F123/><W127/><G127/><T73/><D73/><U124/><E124/><V34/><F121/><W18/><G29/><N who="1" m="10762" /><E106/><V66/><F24/><W0/><G0/><T14/><D101/><U36/><E77/><V6/><F6/><W92/><G53/><T116/><D107/><U15/><E36/><V19/><F34/><W62/><G62/><T10/><D10/><U43/><E43/><V26/><F26/><W59/><G104/><T78/><D78/><U58/><E58/><V91/><F63/><W109/><G109/><T51/><D3/><U76/><E76/><V111/><F111/><W25/><REACH who="3" step="1"/><G21/><REACH who="3" ten="166,194,598,32" step="2"/><T17/><D116/><U74/><E41/><V55/><F61/><W4/><G4/><T32/><D32/><U87/><E40/><V56/><F66/><W120/><G120/><T108/><D108/><U84/><E42/><V23/><F69/><W13/><G13/><T113/><D134/><U57/><E15/><V86/><F70/><W105/><G105/><T33/><D33/><U11/><E11/><V50/><F71/><W79/><G79/><T9/><D8/><U64/><E74/><V132/><F132/><W27/><G27/><T1/><D1/><U5/><E5/><V122/><F122/><W80/><G80/><T118/><D133/><RYUUKYOKU ba="0,1" sc="166,-10,194,-10,598,-10,32,30" hai3="18,22,25,48,54,59,89,92,95,99,100,128,130" /><INIT seed="6,1,1,3,5,59" ten="156,184,588,62" oya="2" hai0="10,16,26,73,112,108,22,80,50,85,119,46,11" hai1="75,30,123,114,8,49,17,1,130,100,103,5,32" hai2="37,74,29,44,28,71,79,127,23,135,41,42,82" hai3="133,77,60,3,86,21,109,120,128,48,25,96,24"/><V2/><F127/><W97/><G3/><T89/><D108/><U0/><E75/><V13/><F135/><W58/><G133/><T6/><D112/><U117/><E117/><V115/><F115/><W68/><G109/><T34/><D119/><U7/><E114/><V20/><F71/><W93/><G120/><T65/><D73/><U83/><E123/><V70/><F70/><W87/><G128/><T69/><D34/><U72/><E130/><V47/><F2/><W51/><G68/><T126/><D126/><U134/><E134/><V19/><REACH who="2" step="1"/><F23/><REACH who="2" ten="156,184,578,62" step="2"/><W27/><G21/><T53/><D69/><U45/><E0/><V31/><F31/><W131/><G131/><T113/><D113/><U33/><E30/><V36/><AGARI ba="1,2" hai="13,19,20,28,29,36,37,41,42,44,47,74,79,82" machi="36" ten="20,18000,2" yaku="1,1,0,1,7,1,9,1,53,2" doraHai="59" doraHaiUra="40" who="2" fromWho="2" sc="156,-61,184,-61,578,203,62,-61" /><INIT seed="6,2,0,2,5,115" ten="95,123,781,1" oya="2" hai0="47,71,27,46,53,78,62,114,30,4,108,110,24" hai1="51,7,3,82,128,117,94,96,68,10,77,105,58" hai2="109,118,129,104,14,52,107,125,83,23,70,6,95" hai3="37,50,40,2,22,90,16,76,111,15,123,133,91"/><V72/><F70/><W43/><G37/><T84/><D114/><U12/><E105/><V25/><F109/><W127/><G111/><T75/><D75/><U29/><E128/><V45/><F129/><W39/><G123/><T87/><D4/><U120/><E68/><V85/><F72/><W60/><G133/><T66/><D78/><U33/><E120/><V18/><F125/><W113/><G113/><T35/><D110/><U13/><E117/><V122/><F122/><W67/><G2/><T126/><D126/><U64/><E29/><V55/><F95/><W131/><G39/><T38/><D108/><U19/><E33/><V99/><F99/><W98/><G131/><T100/><D100/><U116/><E116/><V21/><F118/><W9/><G76/><T80/><D80/><U1/><E51/><N who="2" m="28783" /><F55/><W97/><G127/><T17/><D46/><U26/><E26/><V65/><F65/><W81/><G9/><T36/><D38/><U101/><E58/><V79/><F6/><W121/><G121/><T57/><D47/><U106/><E64/><V34/><F34/><W49/><G49/><N who="0" m="30895" /><D36/><U5/><E106/><V88/><F79/><W103/><G50/><T56/><D71/><U48/><E48/><V32/><F32/><W63/><G63/><T119/><D119/><U69/><E69/><V28/><F107/><N who="3" m="63983" /><G98/><T73/><D73/><N who="1" m="43311" /><E3/><V44/><F104/><W112/><G112/><T92/><D92/><U20/><E1/><V74/><F74/><W0/><G0/><T54/><D66/><U93/><E93/><N who="2" m="54415" /><F44/><W89/><G81/><AGARI ba="2,0" hai="14,18,21,23,25,28,81,83" m="54415,28783" machi="81" ten="30,5800,0" yaku="8,1,54,2" doraHai="115" who="2" fromWho="3" sc="95,0,123,0,781,64,1,-64" owari="95,-30.5,123,-7.7,845,94.5,-63,-56.3" /></mjloggm>