<mjloggm ver="2.3"><GO type="169" lobby="0"/><UN n0="%E3%81%BE%E3%82%8B%E3%81%A8%E3%83%BC" n1="%E3%81%84%E3%81%97%E3%81%A3%E3%81%93" n2="%73%65%37%37%65%6E" n3="%54%68%65%72%65%73%61%5F" dan="16,18,16,16" rate="2050.91,2239.72,2046.72,2096.72" sx="M,M,M,F"/><TAIKYOKU oya="0"/><INIT seed="0,0,0,5,1,57" ten="250,250,250,250" oya="0" hai0="55,113,116,46,121,104,75,49,77,21,47,100,119" hai1="88,13,101,59,56,60,1,19,28,34,99,22,117" hai2="109,39,14,103,50,17,29,71,42,16,15,7,114" hai3="89,125,30,128,11,27,23,111,66,106,5,133,4"/><T112/><D121/><U6/><E117/><V93/><F39/><W31/><G106/><T90/><D119/><U10/><E88/><V85/><F71/><W110/><G89/><T64/><D116/><U87/><E87/><V33/><F114/><W81/><G81/><T62/><D90/><U130/><E130/><V124/><F124/><W102/><G102/><T108/><D47/><U91/><E91/><V26/><F109/><N who="3" m="41483" /><G66/><T80/><D108/><U37/><E37/><V97/><F85/><W107/><G107/><T74/><D74/><U94/><REACH who="1" step="1"/><E60/><REACH who="1" ten="250,240,250,250" step="2"/><V82/><F82/><W134/><G128/><T96/><REACH who="0" step="1"/><D21/><REACH who="0" ten="240,240,250,250" step="2"/><U51/><E51/><V45/><F50/><W68/><G23/><T105/><D105/><U95/><E95/><V20/><F93/><W48/><G48/><T129/><D129/><U43/><E43/><V118/><F42/><W63/><G63/><T72/><D72/><U2/><E2/><V69/><F118/><W44/><G133/><T35/><D35/><U61/><E61/><V58/><F33/><W135/><G134/><T65/><D65/><U9/><E9/><V83/><F20/><W123/><G11/><T53/><D53/><U3/><E3/><V36/><F36/><W120/><G135/><T40/><D40/><U67/><E67/><V127/><F103/><W79/><G120/><T18/><D18/><U76/><E76/><V131/><F17/><W41/><G79/><T126/><D126/><U70/><E70/><AGARI ba="0,2" hai="46,49,55,62,64,70,75,77,80,96,100,104,112,113" machi="70" ten="30,11600,0" yaku="1,1,7,1,52,1,53,1" doraHai="57" doraHaiUra="98" who="0" fromWho="1" sc="240,136,240,-116,250,0,250,0" /><INIT seed="0,1,0,3,1,67" ten="376,124,250,250" oya="0" hai0="2,30,34,18,9,117,11,133,29,68,31,119,82" hai1="14,89,101,95,61,58,27,105,35,111,97,15,128" hai2="57,53,121,94,62,116,5,12,123,8,77,65,76" hai3="126,59,74,24,106,124,66,110,113,91,135,104,129"/><T87/><D68/><U28/><E111/><V131/><F131/><W54/><G113/><T84/><D34/><U78/><E128/><V75/><F116/><W21/><G129/><T16/><D133/><U39/><E39/><V100/><F75/><W80/><G110/><T83/><REACH who="0" step="1"/><D30/><REACH who="0" ten="366,124,250,250" step="2"/><U56/><E78/><V120/><F76/><W17/><G135/><T114/><D114/><U130/><E130/><V99/><F77/><W90/><G124/><T26/><D26/><U122/><E122/><V51/><REACH who="2" step="1"/><F121/><REACH who="2" ten="366,124,240,250" step="2"/><W49/><G126/><T45/><D45/><AGARI ba="1,2" hai="5,8,12,45,51,53,57,62,65,94,99,100,120,123" machi="45" ten="30,3900,0" yaku="1,1,2,1,7,1,53,0" doraHai="67" doraHaiUra="13" who="2" fromWho="0" sc="366,-42,124,0,240,62,250,0" /><INIT seed="1,0,0,0,3,117" ten="324,124,302,250" oya="1" hai0="18,124,27,86,10,54,100,122,79,84,17,1,3" hai1="78,9,116,57,74,88,130,59,56,123,5,50,97" hai2="82,71,107,70,96,135,55,53,98,101,12,14,83" hai3="113,129,119,125,69,106,132,51,43,23,110,104,13"/><U52/><E116/><V46/><F46/><W118/><G43/><T35/><D100/><U34/><E34/><V73/><F101/><W45/><G45/><T2/><D54/><U126/><E126/><V15/><F135/><W94/><G13/><N who="0" m="7351" /><D79/><U85/><E130/><V90/><F90/><W77/><G94/><T102/><D86/><U6/><E123/><V47/><F47/><W63/><G51/><T49/><D49/><U91/><E74/><V134/><F15/><W65/><G23/><N who="0" m="13815" /><D84/><U24/><E24/><V76/><F76/><W16/><G77/><T66/><D66/><U109/><E109/><V8/><F8/><W95/><G95/><T30/><D102/><U128/><E128/><V127/><F134/><W133/><G110/><T67/><D67/><U32/><E32/><V33/><F33/><W26/><G129/><T42/><D42/><U114/><E114/><V75/><F127/><W44/><G113/><T0/><D124/><U89/><E97/><V68/><F71/><W80/><G125/><T131/><D131/><U92/><E92/><V20/><F107/><W103/><G104/><T11/><D122/><U81/><E9/><V111/><F111/><W36/><G118/><T19/><D35/><U37/><E37/><V25/><F96/><N who="3" m="61799" /><G119/><T120/><D120/><U58/><AGARI ba="0,0" hai="5,6,50,52,56,57,58,59,78,81,85,88,89,91" machi="58" ten="30,11700,0" yaku="0,1,8,1,54,2" doraHai="117" who="1" fromWho="1" sc="324,-39,124,117,302,-39,250,-39" /><INIT seed="1,1,0,2,2,41" ten="285,241,263,211" oya="1" hai0="54,46,14,24,35,23,43,116,97,67,79,95,26" hai1="124,11,135,9,59,120,61,6,13,113,37,84,127" hai2="51,112,86,131,74,56,4,71,1,103,0,122,114" hai3="12,76,134,47,105,49,70,68,45,111,18,83,91"/><U10/><E113/><V85/><F71/><W75/><G105/><T118/><D67/><U39/><E120/><V34/><F122/><W99/><G111/><T72/><D54/><U33/><E33/><V88/><F74/><W2/><G2/><T80/><D14/><U78/><E135/><V87/><F34/><W21/><G134/><T109/><D109/><U17/><E78/><V129/><F103/><W19/><G19/><T102/><D35/><U40/><E84/><N who="2" m="32363" /><F56/><W82/><G82/><T93/><D93/><U28/><E28/><V104/><F104/><W101/><G101/><T48/><REACH who="0" step="1"/><D26/><REACH who="0" ten="275,241,263,211" step="2"/><U57/><E57/><V38/><F112/><W42/><REACH who="3" step="1"/><G47/><REACH who="3" ten="275,241,263,201" step="2"/><T94/><D94/><AGARI ba="1,2" hai="12,18,21,42,45,49,68,70,75,76,83,91,94,99" machi="94" ten="40,8000,1" yaku="1,1,2,1,52,1,53,1" doraHai="41" doraHaiUra="89" who="3" fromWho="0" sc="275,-83,241,0,263,0,201,103" /><INIT seed="2,0,0,0,4,70" ten="192,241,263,304" oya="2" hai0="95,57,47,96,88,17,102,56,84,105,94,76,20" hai1="49,13,77,65,40,128,125,4,114,87,124,41,113" hai2="18,130,69,48,23,61,129,46,111,91,39,11,79" hai3="5,44,116,67,126,36,45,15,59,14,28,117,63"/><V27/><F79/><W112/><G28/><T81/><D47/><U118/><E4/><V101/><F101/><W85/><G85/><T127/><D127/><N who="1" m="48715" /><E13/><V2/><F111/><W62/><G126/><T51/><D51/><U6/><E6/><V92/><F2/><W120/><G120/><T122/><D122/><U106/><E106/><V115/><F11/><W22/><G14/><T31/><D31/><U12/><E12/><V86/><F115/><W73/><G73/><T72/><D95/><U103/><E103/><V3/><F3/><W121/><G112/><T33/><D33/><U66/><E118/><V110/><F110/><W55/><G44/><T135/><D135/><U104/><E104/><V21/><F21/><W19/><G5/><T97/><D97/><U133/><E49/><V134/><F134/><W10/><G10/><T30/><D30/><U34/><E133/><V82/><F92/><W64/><G121/><T98/><D98/><U37/><E41/><V42/><REACH who="2" step="1"/><F48/><REACH who="2" ten="192,241,253,304" step="2"/><W50/><G116/><T24/><AGARI ba="0,1" hai="17,20,24,56,57,72,76,81,84,88,94,96,102,105" machi="24" ten="20,8000,1" yaku="0,1,7,1,24,2,54,1" doraHai="70" who="0" fromWho="0" sc="192,90,241,-20,253,-40,304,-20" /><INIT seed="3,0,0,5,0,0" ten="282,221,213,284" oya="3" hai0="52,9,107,122,22,6,61,84,67,66,48,39,74" hai1="4,118,50,89,121,36,44,60,105,45,37,33,128" hai2="15,135,127,125,126,27,41,78,124,108,81,38,109" hai3="75,99,100,90,7,11,110,129,106,56,21,55,87"/><W88/><G75/><T19/><D122/><U2/><E121/><V102/><F135/><W103/><G129/><T47/><D107/><U134/><E33/><V83/><F102/><W58/><G110/><N who="2" m="42601" /><F27/><W13/><G21/><T79/><D74/><U115/><E105/><V133/><F133/><W132/><G132/><T28/><D39/><U23/><E23/><V70/><F70/><W40/><G40/><T49/><D28/><U57/><E89/><V69/><F69/><W76/><G56/><T85/><D49/><U64/><E2/><V95/><F95/><N who="3" m="56807" /><G76/><T17/><D79/><U112/><E134/><V59/><F59/><W18/><G18/><N who="0" m="6667" /><D22/><U72/><E57/><V101/><F101/><W53/><G106/><T25/><D25/><U131/><E72/><N who="2" m="43207" /><F83/><N who="3" m="49535" /><G55/><T80/><D80/><U65/><E118/><V63/><F63/><AGARI ba="0,0" hai="7,11,13,53,58,63,100,103" m="49535,56807" machi="63" ten="30,5800,0" yaku="8,1,52,1,54,1" doraHai="0" who="3" fromWho="2" sc="282,0,221,0,213,-58,284,58" /><INIT seed="3,1,0,4,5,37" ten="282,221,155,342" oya="3" hai0="94,11,42,21,38,4,83,95,118,18,121,57,119" hai1="126,15,41,65,56,61,7,45,50,63,54,125,75" hai2="60,86,127,26,32,22,59,106,78,68,12,31,20" hai3="96,29,14,102,10,62,112,115,17,107,69,55,35"/><W70/><G55/><T48/><D121/><U120/><E75/><V130/><F106/><W105/><G105/><T43/><D38/><U36/><E7/><V8/><F68/><W58/><G58/><T16/><D119/><U134/><E15/><V135/><F135/><W66/><REACH who="3" step="1"/><G69/><REACH who="3" ten="282,221,155,332" step="2"/><T47/><D57/><N who="1" m="37039" /><E134/><V128/><F59/><W27/><AGARI ba="1,1" hai="10,14,17,27,29,35,62,66,70,96,102,107,112,115" machi="27" ten="30,11700,0" yaku="1,1,0,1,25,2,53,0" doraHai="37" doraHaiUra="116" who="3" fromWho="3" sc="282,-40,221,-40,155,-40,332,130" /><INIT seed="3,2,0,3,0,43" ten="242,181,115,462" oya="3" hai0="20,27,15,58,5,74,61,7,124,19,21,82,37" hai1="30,97,89,69,125,67,94,118,2,35,0,56,52" hai2="76,132,29,48,120,86,6,75,10,49,108,13,92" hai3="40,71,134,46,8,50,114,65,36,34,104,117,28"/><W41/><G104/><T70/><D70/><U105/><E125/><V22/><F120/><W93/><G114/><T77/><D124/><U44/><E118/><V63/><F108/><W57/><G117/><T99/><D37/><U115/><E115/><V103/><F132/><W12/><G134/><T128/><D128/><U11/><E105/><V45/><F75/><W64/><G28/><T102/><D99/><U72/><E72/><V123/><F123/><W38/><G34/><T79/><D79/><U3/><E69/><V16/><F63/><W87/><G71/><T73/><D102/><U17/><E67/><V42/><F29/><W33/><G33/><T81/><D81/><U1/><E44/><V32/><F103/><W14/><G14/><T68/><D68/><U53/><E56/><V122/><F32/><W90/><G40/><T9/><D74/><U25/><REACH who="1" step="1"/><E17/><REACH who="1" ten="242,171,115,462" step="2"/><V98/><F122/><W113/><G113/><T39/><D58/><U121/><E121/><V133/><F133/><W18/><G64/><T96/><D73/><U59/><E59/><V130/><F130/><W47/><G46/><T66/><D66/><U119/><E119/><V116/><F116/><W131/><G131/><T26/><D19/><U85/><E85/><V110/><F45/><W62/><AGARI ba="2,1" hai="8,12,18,36,38,41,47,50,57,62,65,87,90,93" machi="62" ten="30,3000,0" yaku="0,1,52,1" doraHai="43" who="3" fromWho="3" sc="242,-12,171,-12,115,-12,462,46" /><INIT seed="3,3,0,0,3,61" ten="230,159,103,508" oya="3" hai0="70,118,54,43,68,26,135,72,45,101,85,23,58" hai1="28,13,100,81,59,47,121,112,0,74,21,73,64" hai2="30,108,103,37,102,93,55,10,57,22,117,115,32" hai3="126,99,125,82,80,62,14,3,41,40,16,110,84"/><W104/><G3/><T94/><D118/><U105/><E0/><V119/><F37/><W12/><G12/><T31/><D72/><U42/><E112/><V29/><F115/><W8/><G110/><T95/><D135/><U130/><E105/><V131/><F108/><W128/><G128/><T4/><D4/><U50/><E100/><V65/><F131/><W38/><G38/><T75/><D75/><U96/><E96/><V33/><F22/><W83/><G84/><T15/><D15/><U116/><E121/><V24/><F10/><W76/><G76/><T2/><D2/><U9/><E81/><V133/><F133/><W51/><G51/><N who="0" m="27071" /><D101/><U6/><E116/><V5/><F5/><W60/><G99/><T87/><D68/><U17/><E28/><V124/><F93/><N who="0" m="35338" /><D70/><U7/><E7/><V88/><F103/><W90/><G104/><T111/><D111/><U39/><E130/><V25/><F102/><W66/><G90/><T120/><D120/><U134/><E134/><V53/><F88/><W92/><G92/><T20/><D20/><U27/><E39/><V107/><F107/><W49/><G82/><T34/><D34/><U18/><E6/><V123/><F123/><W106/><G80/><T77/><D77/><U63/><AGARI ba="3,0" hai="9,13,17,18,21,27,42,47,50,59,63,64,73,74" machi="63" ten="30,2000,0" yaku="0,1,52,1" doraHai="61" who="1" fromWho="1" sc="230,-8,159,29,103,-8,508,-13" /><INIT seed="4,0,0,0,4,55" ten="222,188,95,495" oya="0" hai0="121,128,66,32,13,93,27,123,120,67,95,25,110" hai1="56,71,105,26,116,47,133,98,19,39,24,18,84" hai2="83,73,64,102,37,48,113,90,51,129,69,61,107" hai3="115,87,42,119,97,31,29,65,72,10,82,101,114"/><T15/><D128/><U58/><E71/><V126/><F126/><W106/><G119/><T130/><D130/><U41/><E116/><V36/><F129/><W89/><G42/><T85/><D32/><U9/><E133/><V111/><F111/><W7/><G65/><T70/><D110/><U11/><E84/><V88/><F113/><N who="3" m="43019" /><G72/><T14/><D70/><U38/><E98/><V68/><F102/><W30/><G30/><T117/><D117/><U23/><E105/><V62/><F107/><W122/><G122/><T91/><REACH who="0" step="1"/><D95/><REACH who="0" ten="212,188,95,495" step="2"/><U77/><E77/><V54/><F83/><W6/><G6/><T63/><D63/><U79/><E79/><V80/><F80/><W127/><G127/><T43/><D43/><U76/><E76/><V0/><F64/><AGARI ba="0,1" hai="13,14,15,25,27,64,66,67,85,91,93,120,121,123" machi="64" ten="50,2400,0" yaku="1,1,53,0" doraHai="55" doraHaiUra="75" who="0" fromWho="2" sc="212,34,188,0,95,-24,495,0" /><INIT seed="4,1,0,2,2,46" ten="246,188,71,495" oya="0" hai0="91,106,123,113,109,49,89,50,63,40,127,100,69" hai1="43,104,60,128,39,67,3,76,37,19,87,117,62" hai2="110,54,58,4,7,26,52,103,59,90,15,1,64" hai3="29,6,42,93,78,8,95,112,32,22,20,75,68"/><T97/><D123/><U88/><E117/><V131/><F110/><W56/><G68/><T116/><D116/><U101/><E3/><V13/><F131/><W114/><G32/><T135/><D40/><U34/><E34/><V79/><F64/><W115/><G42/><T129/><D69/><U82/><E128/><V30/><F1/><N who="3" m="79" /><G56/><T96/><D129/><U57/><E43/><V28/><F103/><W23/><G29/><T12/><D12/><U108/><E108/><V134/><F90/><W24/><G24/><T38/><D38/><U48/><E60/><V18/><F26/><W84/><G84/><T9/><D9/><U122/><E122/><V132/><REACH who="2" step="1"/><F18/><REACH who="2" ten="246,188,61,495" step="2"/><W11/><G112/><T61/><D113/><U92/><E19/><V111/><F111/><W74/><G114/><T107/><D109/><U130/><E130/><V85/><F85/><W51/><G115/><T81/><D100/><U83/><E101/><V10/><F10/><W16/><G16/><T33/><D33/><U120/><E120/><V14/><F14/><W105/><BYE who="2" /><G11/><T86/><D86/><U45/><E104/><V17/><F17/><W70/><G105/><T77/><D77/><U35/><E82/><UN n2="%73%65%37%37%65%6E" /><V44/><F44/><W119/><G78/><T53/><D81/><U2/><E2/><V66/><F66/><W0/><G0/><T31/><D91/><U41/><E35/><V99/><F99/><AGARI ba="1,1" hai="37,39,41,45,48,57,62,67,76,83,87,88,92,99" machi="99" ten="30,3900,0" yaku="7,1,52,1,54,1" doraHai="46" who="1" fromWho="2" sc="246,0,188,52,61,-42,495,0" /><INIT seed="5,0,0,5,5,19" ten="246,240,19,495" oya="1" hai0="57,20,80,113,120,102,26,64,62,22,85,94,124" hai1="3,15,83,25,106,42,96,114,111,65,36,81,127" hai2="4,88,63,28,134,44,97,8,132,10,55,131,115" hai3="14,66,105,121,21,48,82,40,1,60,16,101,33"/><U13/><E3/><V71/><F131/><W78/><G33/><T130/><D130/><U31/><E65/><V59/><F28/><W87/><G1/><T61/><D124/><U17/><E127/><V49/><F115/><W5/><G5/><T56/><D113/><U108/><E114/><V135/><F71/><W45/><G121/><T29/><D120/><U118/><E118/><V100/><F4/><W0/><G0/><T6/><D6/><U99/><E42/><V110/><F110/><N who="1" m="42025" /><E36/><V122/><F122/><W95/><G105/><T128/><D128/><U84/><E13/><V68/><F68/><W38/><G38/><T54/><D26/><U123/><E123/><V35/><F35/><W24/><G14/><T125/><D125/><U90/><E83/><V43/><REACH who="2" step="1"/><F88/><REACH who="2" ten="246,240,9,495" step="2"/><W30/><G30/><T133/><D29/><U50/><E31/><V47/><F47/><W58/><G101/><T53/><D102/><U112/><E112/><V69/><F69/><W75/><G75/><T70/><D70/><U91/><E90/><V34/><F34/><W37/><G37/><T18/><D57/><U51/><E96/><V67/><F67/><W117/><G117/><T32/><D56/><U104/><E99/><V52/><F52/><W103/><G103/><T92/><D64/><U77/><E91/><V23/><F23/><W2/><G66/><T109/><D109/><U72/><E17/><V129/><F129/><W79/><G16/><T7/><D18/><U39/><E39/><V116/><F116/><W126/><G45/><T46/><D7/><U89/><E89/><RYUUKYOKU ba="0,1" sc="246,-10,240,-10,9,30,495,-10" hai2="8,10,43,44,49,55,59,63,97,100,132,134,135" /><INIT seed="6,1,1,1,5,60" ten="236,230,39,485" oya="2" hai0="97,103,81,43,53,71,74,76,99,120,78,11,22" hai1="40,48,16,18,72,45,91,128,82,12,64,25,13" hai2="115,51,61,10,26,125,62,114,21,85,3,133,38" hai3="121,63,106,70,30,126,73,24,8,35,118,112,93"/><V54/><F38/><W100/><G118/><T36/><D120/><U69/><E128/><V4/><F125/><W55/><G121/><T88/><D71/><U77/><E25/><V58/><F133/><W108/><G108/><T56/><D36/><U129/><E129/><V67/><F85/><W113/><G73/><T132/><D43/><U79/><E79/><V20/><F62/><W44/><G93/><T59/><D132/><U68/><E91/><V131/><F131/><W29/><G29/><T117/><D78/><U107/><E64/><V80/><F80/><W14/><G44/><T7/><D22/><U109/><E107/><V104/><F104/><W105/><G55/><T92/><D117/><U5/><E5/><V57/><REACH who="2" step="1"/><F21/><REACH who="2" ten="236,230,29,485" step="2"/><N who="3" m="15631" /><G105/><T94/><D81/><U83/><E82/><V122/><F122/><W15/><G106/><T19/><D74/><U41/><E72/><V33/><F33/><W89/><G35/><T2/><D99/><U123/><E123/><V66/><F66/><W119/><G63/><T135/><D135/><U102/><E83/><V116/><F116/><W27/><G126/><T1/><D97/><U124/><E124/><V127/><F127/><W96/><G96/><T6/><D94/><U31/><E77/><V23/><F23/><W37/><G37/><T50/><D76/><U95/><E95/><V42/><F42/><W34/><G34/><T130/><D130/><U90/><E41/><V87/><F87/><W17/><G119/><T65/><D92/><U32/><E40/><V47/><F47/><W9/><G112/><T84/><D84/><RYUUKYOKU ba="1,2" sc="236,-10,230,-10,29,30,485,-10" hai2="3,4,10,20,26,51,54,57,58,61,67,114,115" /><INIT seed="6,2,2,4,4,55" ten="226,220,59,475" oya="2" hai0="88,121,70,118,76,78,5,61,116,89,52,67,54" hai1="32,102,37,91,26,110,66,130,79,95,35,50,128" hai2="49,22,43,25,135,100,10,120,98,46,105,124,127" hai3="38,125,72,85,14,131,44,11,23,74,71,77,109"/><V56/><F120/><W96/><G109/><T31/><D121/><U115/><E37/><V28/><F135/><W24/><G71/><T87/><D5/><U129/><E110/><V80/><F80/><W75/><G125/><T90/><D31/><U51/><E115/><V68/><F68/><W134/><G131/><T63/><D87/><U123/><E102/><V21/><F10/><W119/><G134/><T122/><D122/><U92/><E123/><V107/><F107/><W64/><G64/><T117/><D54/><U0/><E0/><V53/><REACH who="2" step="1"/><F21/><REACH who="2" ten="226,220,49,475" step="2"/><W57/><G23/><T126/><D126/><U3/><E129/><V84/><F84/><W47/><G85/><T94/><D94/><U4/><E92/><V81/><F81/><W62/><G11/><T34/><D34/><U58/><E35/><V29/><F29/><W12/><G74/><T83/><D83/><U101/><E128/><V20/><F20/><W114/><G75/><T33/><D33/><U111/><E130/><V82/><F82/><W60/><G72/><T108/><D108/><U45/><E111/><V36/><AGARI ba="2,3" hai="22,25,28,36,43,46,49,53,56,98,100,105,124,127" machi="36" ten="30,6000,0" yaku="1,1,0,1,52,1,53,0" doraHai="55" doraHaiUra="113" who="2" fromWho="2" sc="226,-22,220,-22,49,96,475,-22" /><INIT seed="6,3,0,5,2,47" ten="204,198,145,453" oya="2" hai0="125,102,74,65,124,28,130,32,73,40,4,127,36" hai1="3,1,103,134,43,105,59,48,109,34,20,95,25" hai2="78,56,7,10,38,80,15,129,113,122,24,30,98" hai3="96,31,17,41,71,69,50,46,123,21,26,61,22"/><V6/><F122/><W132/><G132/><T66/><D102/><U86/><E109/><V88/><F88/><W0/><BYE who="2" /><G0/><T85/><D4/><U83/><E34/><V49/><F49/><W54/><G96/><T51/><D36/><UN n2="%73%65%37%37%65%6E" /><U135/><E105/><V76/><F113/><W53/><G123/><T77/><D130/><U72/><E72/><N who="0" m="27753" /><D28/><N who="1" m="17447" /><E95/><V35/><F38/><W60/><G69/><T81/><D32/><U79/><E103/><V45/><F129/><W18/><G31/><T93/><D93/><U62/><E48/><V9/><F45/><AGARI ba="3,0" hai="40,45,51,65,66,77,81,85,124,125,127" m="27753" machi="45" ten="40,2600,0" yaku="18,1,52,1" doraHai="47" who="0" fromWho="2" sc="204,35,198,0,145,-35,453,0" /><INIT seed="7,0,0,0,3,5" ten="239,198,110,453" oya="3" hai0="45,37,60,9,24,93,86,108,133,110,52,90,25" hai1="20,76,132,103,50,112,87,126,62,55,131,61,46" hai2="73,83,116,121,113,39,29,92,56,15,97,74,78" hai3="67,21,66,35,124,134,57,23,127,117,123,69,70"/><W77/><G57/><T82/><D133/><U115/><E103/><V1/><F39/><W33/><G77/><T53/><D37/><U84/><E132/><V16/><F121/><W32/><G32/><T95/><D110/><U14/><E126/><V7/><F116/><W47/><G117/><T98/><D108/><U100/><E100/><V28/><F113/><N who="1" m="43593" /><E131/><V30/><F1/><W38/><G47/><T11/><D95/><U8/><E20/><V106/><F106/><W6/><G6/><T71/><D71/><U102/><E102/><V41/><F7/><W43/><G43/><T96/><D96/><U135/><E135/><V17/><F41/><W58/><G58/><N who="0" m="34887" /><D53/><U129/><E129/><V118/><F17/><W48/><G38/><T42/><D42/><U105/><E105/><V68/><F68/><W94/><G33/><T122/><D45/><U27/><E27/><N who="0" m="10313" /><D122/><U89/><E76/><AGARI ba="0,0" hai="9,11,76,82,86,90,93,98" m="10313,34887" machi="76" ten="30,7700,0" yaku="8,1,52,2,54,1" doraHai="5" who="0" fromWho="1" sc="239,77,198,-77,110,0,453,0" owari="316,11.6,121,-27.9,110,-39.0,453,55.3" /></mjloggm>