<mjloggm ver="2.3"><GO type="169" lobby="0"/><UN n0="%67%6F%72%64%6F%6E%31%33" n1="%67%63%40%E6%BF%80%E8%BE%9B" n2="%41%72%64%62%65%47" n3="%E3%81%A1%E3%82%83%E3%82%93%E3%81%86%E3%82%81" dan="16,18,16,16" rate="2140.12,2185.02,2034.54,2110.45" sx="M,M,M,M"/><TAIKYOKU oya="0"/><INIT seed="0,0,0,1,1,61" ten="250,250,250,250" oya="0" hai0="101,14,133,17,66,15,87,78,72,49,127,60,131" hai1="30,106,111,84,43,69,134,110,115,94,95,125,54" hai2="70,86,32,45,10,92,80,112,124,82,90,48,71" hai3="103,34,64,100,50,75,33,25,81,8,16,65,91"/><T52/><D131/><U85/><E69/><V67/><F112/><W58/><G75/><T1/><D1/><U20/><E43/><V21/><F32/><W37/><G37/><T132/><D72/><U88/><E106/><V12/><F21/><N who="3" m="13479" /><G33/><T62/><D127/><U22/><E115/><V117/><F71/><W46/><G58/><N who="0" m="37143" /><D101/><N who="3" m="38985" /><G8/><T122/><D122/><U102/><E125/><V107/><F107/><W89/><G34/><T135/><D62/><U126/><E126/><V93/><F117/><W27/><G27/><T6/><D6/><U26/><E134/><V47/><F10/><W105/><G105/><T98/><D98/><U128/><E128/><V4/><F4/><W53/><G81/><N who="0" m="47543" /><D17/><U7/><E7/><V3/><F3/><W76/><G76/><T41/><D41/><U121/><E121/><V24/><F70/><W79/><G79/><T56/><AGARI ba="0,0" hai="14,15,49,52,56,132,133,135" m="47543,37143" machi="56" ten="30,6000,0" yaku="20,1,52,1,54,1" doraHai="61" who="0" fromWho="0" sc="250,60,250,-20,250,-20,250,-20" /><INIT seed="0,1,0,5,4,109" ten="310,230,230,230" oya="0" hai0="60,66,48,28,0,134,132,3,114,5,70,13,36" hai1="99,31,47,127,41,119,91,57,52,89,9,61,46" hai2="51,88,84,120,20,131,107,94,86,72,17,71,27" hai3="67,93,21,96,23,44,85,124,117,104,12,112,80"/><T125/><D36/><U24/><E119/><V42/><F107/><W82/><G117/><T62/><D125/><U130/><E127/><V81/><F131/><W25/><G124/><T129/><D129/><U97/><E130/><V78/><F71/><W22/><G104/><T45/><D28/><U43/><E9/><V123/><REACH who="2" step="1"/><F72/><REACH who="2" ten="310,230,220,230" step="2"/><W87/><G80/><T100/><D134/><U40/><E97/><V54/><F54/><W113/><G82/><T68/><D132/><U7/><E7/><V115/><F115/><W98/><G96/><T6/><D70/><U18/><E18/><V103/><F103/><W2/><G98/><T29/><D114/><U53/><E99/><V55/><F55/><W39/><G113/><T83/><D100/><U74/><E74/><V65/><F65/><W26/><G67/><T19/><D5/><U33/><REACH who="1" step="1"/><E53/><REACH who="1" ten="310,220,220,230" step="2"/><V35/><F35/><W37/><G112/><T4/><D6/><U69/><E69/><V122/><F122/><W59/><G87/><T32/><D4/><U77/><E77/><V64/><F64/><W56/><G85/><T16/><D68/><U1/><E1/><V108/><F108/><W90/><G2/><T102/><D66/><U92/><E92/><V50/><F50/><W105/><G93/><T14/><D0/><U34/><E34/><V118/><F118/><W10/><G39/><T63/><D3/><U30/><E30/><V135/><F135/><W11/><G37/><T110/><D29/><U106/><E106/><V116/><F116/><W73/><G105/><T8/><D32/><U15/><E15/><RYUUKYOKU ba="1,2" sc="310,-15,220,15,220,15,230,-15" hai1="24,31,33,40,41,43,46,47,52,57,61,89,91" hai2="17,20,27,42,51,78,81,84,86,88,94,120,123" /><INIT seed="1,2,2,0,5,81" ten="295,235,235,215" oya="1" hai0="107,70,12,126,108,6,82,22,36,90,128,11,39" hai1="125,18,26,94,9,17,69,23,14,89,47,111,113" hai2="85,116,20,32,61,131,98,24,7,54,41,135,64" hai3="122,43,134,77,45,86,104,99,27,60,109,123,117"/><U75/><E113/><V62/><F32/><W55/><G109/><T130/><D108/><U13/><E111/><V120/><F116/><W78/><G117/><T121/><D107/><U40/><E125/><V58/><F120/><W2/><G2/><T67/><D126/><U37/><E75/><V28/><F131/><N who="0" m="50218" /><D121/><U106/><E106/><V133/><F7/><W10/><G134/><N who="2" m="51209" /><F41/><W15/><G27/><T114/><D114/><U79/><E79/><V51/><F98/><W119/><G119/><T4/><D4/><U102/><E69/><V35/><F35/><W71/><G78/><T42/><D42/><U48/><E102/><V74/><F74/><W92/><G55/><T132/><D22/><U80/><E80/><V115/><F115/><W59/><G71/><T38/><D132/><U57/><E57/><V19/><F28/><W44/><G99/><T83/><D90/><U53/><E37/><V93/><F64/><W56/><G43/><T33/><D33/><U65/><E65/><V8/><F8/><W21/><G21/><T112/><D112/><U66/><E66/><V129/><F129/><W91/><G122/><T34/><D34/><U46/><E40/><V127/><F127/><W50/><G104/><T87/><D87/><N who="1" m="52543" /><E46/><V97/><F85/><W25/><G45/><T16/><D6/><U96/><E96/><V88/><AGARI ba="2,2" hai="19,20,24,51,54,58,61,62,88,93,97" m="51209" machi="88" ten="30,2000,0" yaku="20,1,54,1" doraHai="81" who="2" fromWho="2" sc="295,-7,235,-12,235,46,215,-7" /><INIT seed="2,0,0,0,2,78" ten="288,223,281,208" oya="2" hai0="109,119,75,62,53,20,125,55,6,82,87,56,30" hai1="131,37,135,123,92,57,128,17,1,13,85,111,58" hai2="69,91,60,29,43,10,28,124,9,39,93,117,44" hai3="99,80,72,129,4,35,77,19,48,45,52,110,31"/><V22/><F117/><W0/><G110/><T42/><D109/><U3/><E37/><V114/><F114/><W101/><G129/><N who="1" m="49738" /><E111/><V40/><F124/><W86/><G19/><T38/><D125/><U89/><E135/><V71/><F43/><W108/><G108/><T59/><D75/><U130/><E130/><V49/><F39/><W25/><G4/><T113/><D113/><U120/><E57/><V21/><F69/><W100/><G0/><N who="1" m="74" /><E58/><V70/><F70/><W127/><G127/><T102/><D102/><U126/><E126/><V54/><F40/><W15/><G15/><T106/><D106/><U122/><E122/><V63/><F71/><W118/><G118/><T7/><D42/><U105/><E105/><V104/><F104/><W74/><REACH who="3" step="1"/><G101/><REACH who="3" ten="288,223,281,198" step="2"/><T8/><D119/><U134/><E134/><V73/><F29/><W97/><G97/><T12/><D30/><U11/><AGARI ba="0,1" hai="11,13,17,85,89,92,120,123" m="74,49738" machi="11" ten="40,1500,0" yaku="19,1" doraHai="78" who="1" fromWho="1" sc="288,-4,223,25,281,-7,198,-4" /><INIT seed="3,0,0,2,3,67" ten="284,248,274,194" oya="3" hai0="8,101,27,53,5,14,107,51,61,2,57,128,30" hai1="65,112,81,94,50,26,80,130,33,44,78,111,47" hai2="79,92,16,12,85,124,10,13,88,97,109,132,46" hai3="77,118,54,35,17,108,58,70,116,29,66,86,45"/><W21/><G108/><T114/><D128/><U98/><E112/><V20/><F109/><W36/><G35/><T9/><D114/><U55/><E111/><V64/><F132/><W100/><G29/><T23/><D101/><U62/><E130/><V90/><F46/><W40/><G100/><T59/><D107/><U119/><E119/><V122/><F124/><W126/><G126/><T4/><REACH who="0" step="1"/><D61/><REACH who="0" ten="274,248,274,194" step="2"/><U6/><E6/><V60/><F122/><W56/><G118/><T41/><D41/><U115/><E115/><V106/><F106/><W135/><G116/><T63/><D63/><U18/><E62/><V74/><F60/><W127/><G127/><T43/><D43/><U42/><E65/><V68/><F64/><W134/><G135/><T71/><D71/><U84/><E42/><V113/><F68/><W19/><G134/><T24/><D24/><U37/><E26/><V28/><F113/><W69/><G66/><T72/><D72/><U48/><E55/><V129/><F74/><W133/><G133/><T1/><D1/><U73/><E73/><V93/><F129/><W49/><G70/><T52/><D52/><U34/><E34/><V95/><F28/><W22/><G69/><T120/><D120/><U102/><E33/><V121/><F121/><W104/><G104/><T87/><D87/><U76/><E84/><V131/><F131/><W7/><G86/><T25/><D25/><U38/><E102/><N who="2" m="60711" /><F79/><W39/><G77/><T105/><D105/><U31/><E98/><N who="2" m="57639" /><F13/><N who="3" m="9391" /><G40/><T103/><D103/><U83/><E31/><V89/><F89/><W11/><G54/><RYUUKYOKU ba="0,1" sc="274,15,248,-15,274,15,194,-15" hai0="2,4,5,8,9,14,23,27,30,51,53,57,59" hai2="10,12,16,20,85,90,95" /><INIT seed="4,1,1,5,3,110" ten="289,233,289,179" oya="0" hai0="17,104,35,63,134,79,26,48,78,15,58,43,21" hai1="49,126,41,66,55,87,54,83,82,77,76,91,44" hai2="7,90,132,135,32,75,101,67,86,47,25,30,20" hai3="71,70,8,99,3,95,69,2,119,46,52,10,81"/><T112/><D134/><N who="2" m="51242" /><F75/><W93/><G119/><T125/><D104/><U127/><E66/><V42/><F67/><W130/><G130/><T9/><D125/><N who="1" m="47627" /><E77/><V113/><F7/><W98/><G81/><T123/><D35/><U12/><E12/><V0/><F0/><W92/><G46/><N who="0" m="25695" /><D112/><U51/><E51/><N who="2" m="27127" /><F101/><W33/><G52/><N who="0" m="34247" /><D123/><U108/><E108/><V50/><F50/><W39/><G39/><T109/><D109/><U64/><E64/><V45/><F45/><W128/><G33/><T19/><AGARI ba="1,1" hai="9,15,17,19,21,26,78,79" m="34247,25695" machi="19" ten="30,3000,0" yaku="8,1,54,1" doraHai="110" who="0" fromWho="0" sc="289,43,233,-11,289,-11,179,-11" /><INIT seed="4,2,0,0,5,51" ten="332,222,278,168" oya="0" hai0="13,60,10,96,134,53,16,4,0,5,58,57,71" hai1="70,83,52,82,35,116,95,122,23,79,8,49,119" hai2="26,117,132,47,104,46,81,113,100,65,29,77,94" hai3="12,114,112,9,120,61,32,129,30,87,28,91,73"/><T88/><D134/><U18/><E35/><V48/><F104/><W55/><G73/><T41/><D71/><U127/><E122/><V59/><F132/><W84/><G120/><T108/><D108/><U124/><E70/><V74/><F113/><N who="3" m="43627" /><G129/><T90/><D41/><U78/><E8/><V99/><F117/><N who="1" m="45129" /><E95/><V107/><F65/><W17/><G32/><T31/><D31/><N who="3" m="11817" /><G91/><N who="0" m="34859" /><D0/><U36/><E36/><V11/><F107/><W19/><G17/><T24/><D24/><N who="1" m="14455" /><E78/><V133/><F133/><W67/><G55/><N who="0" m="33855" /><D96/><U39/><E79/><V115/><F115/><W125/><G125/><N who="1" m="48202" /><E39/><V131/><F131/><W6/><G19/><T109/><D109/><U56/><AGARI ba="2,0" hai="49,52,56,82,83" m="48202,14455,45129" machi="56" ten="30,4000,0" yaku="18,1,52,1,54,1" doraHai="51" who="1" fromWho="1" sc="332,-22,222,46,278,-12,168,-12" /><INIT seed="5,0,0,3,5,60" ten="310,268,266,156" oya="1" hai0="49,111,39,71,26,102,34,72,12,125,10,100,36" hai1="65,24,27,88,52,41,45,18,48,95,106,17,114" hai2="128,58,132,63,89,32,94,113,29,47,97,11,62" hai3="15,57,1,46,0,66,109,110,81,61,124,22,67"/><U40/><E114/><V42/><F113/><W121/><G121/><T91/><D111/><U35/><E106/><V80/><F11/><W83/><G124/><T13/><D72/><U9/><E65/><V16/><F32/><W133/><G133/><T76/><D76/><U23/><E35/><V123/><F29/><W70/><G46/><T2/><D2/><U93/><E93/><V31/><F31/><W68/><G57/><T64/><D125/><U54/><E40/><V85/><F63/><W87/><G22/><T30/><D49/><U135/><E135/><V99/><F128/><W75/><G15/><T90/><D71/><U78/><E78/><V118/><F118/><W56/><G56/><T131/><D10/><U14/><REACH who="1" step="1"/><E27/><REACH who="1" ten="310,258,266,156" step="2"/><V6/><F42/><W59/><G67/><T126/><D64/><U129/><E129/><V37/><F94/><W108/><G108/><T53/><D131/><U117/><E117/><V43/><F43/><W130/><G130/><T98/><D34/><U51/><E51/><V55/><F132/><W86/><G110/><T96/><D26/><U73/><E73/><V119/><F119/><W134/><G75/><T28/><D126/><U112/><E112/><V105/><F105/><W50/><G134/><T74/><D74/><U3/><E3/><N who="3" m="1098" /><G109/><T122/><D122/><U4/><E4/><V120/><F6/><W82/><G68/><T44/><D53/><U107/><E107/><V103/><F123/><W5/><G5/><T127/><D127/><U19/><E19/><V101/><F16/><W92/><G92/><T115/><D115/><RYUUKYOKU ba="0,1" sc="310,10,258,10,266,-30,156,10" hai0="12,13,28,30,36,39,44,90,91,96,98,100,102" hai1="9,14,17,18,23,24,41,45,48,52,54,88,95" hai3="50,59,61,66,70,81,82,83,86,87" /><INIT seed="5,1,1,3,2,91" ten="320,268,236,166" oya="1" hai0="67,58,110,103,108,20,133,16,106,65,28,30,66" hai1="129,45,120,26,85,82,6,72,101,76,112,84,113" hai2="35,31,36,94,89,123,21,71,38,134,127,81,77" hai3="52,32,46,69,2,44,95,131,10,51,41,122,73"/><U48/><E120/><V18/><F123/><W8/><G32/><T57/><D133/><U74/><E6/><V90/><F71/><W100/><G122/><T54/><D106/><U130/><E26/><V64/><F64/><W11/><G73/><N who="1" m="28266" /><E48/><V63/><F63/><W102/><G69/><T80/><D80/><N who="1" m="47111" /><E45/><V50/><F134/><W1/><G131/><N who="1" m="50186" /><E101/><V47/><F35/><W42/><G42/><T83/><D103/><U17/><E17/><V87/><F31/><W33/><G33/><T125/><D28/><U79/><AGARI ba="1,1" hai="79,82,85,112,113" m="50186,47111,28266" machi="79" ten="40,7800,0" yaku="19,1,34,2" doraHai="91" who="1" fromWho="1" sc="320,-27,268,91,236,-27,166,-27" /><INIT seed="5,2,0,3,3,22" ten="293,359,209,139" oya="1" hai0="55,20,6,54,76,107,5,37,75,24,67,68,8" hai1="42,59,64,119,83,110,46,7,51,44,11,23,108" hai2="122,82,2,58,135,79,130,98,39,52,10,121,129" hai3="61,43,28,117,35,26,25,15,111,34,81,128,50"/><U13/><E119/><V53/><F39/><W16/><G111/><T96/><D37/><U85/><E46/><V69/><F69/><W41/><G117/><T100/><D5/><U19/><E64/><V36/><F36/><W109/><G109/><T86/><D75/><U116/><E59/><V32/><F32/><W33/><G128/><N who="2" m="49257" /><F135/><W60/><G81/><T131/><D131/><U73/><E73/><N who="2" m="43375" /><F53/><W87/><G87/><T113/><D86/><U133/><E133/><V88/><F2/><W66/><G61/><T9/><D76/><U118/><E110/><V1/><F1/><W47/><G43/><T0/><D8/><U134/><E134/><V77/><F10/><W80/><G80/><T56/><D68/><U93/><E93/><N who="2" m="56615" /><F77/><W101/><G28/><T106/><D67/><U27/><E108/><V112/><F112/><W132/><G132/><T3/><D54/><U65/><E65/><V103/><F103/><W89/><G101/><T49/><D113/><U105/><E105/><V94/><F94/><W90/><G90/><AGARI ba="2,0" hai="7,11,13,19,23,27,42,44,51,83,85,90,116,118" machi="90" ten="30,2900,0" yaku="7,1,52,1" doraHai="22" who="1" fromWho="3" sc="293,0,359,35,209,0,139,-35" /><INIT seed="5,3,0,2,2,24" ten="293,394,209,104" oya="1" hai0="65,63,91,108,30,60,27,43,47,40,129,66,36" hai1="90,57,53,83,80,69,71,48,79,131,11,92,106" hai2="117,21,61,78,17,28,126,93,1,105,62,32,86" hai3="75,70,3,130,26,4,46,101,102,35,103,118,73"/><U64/><E106/><V85/><F1/><W82/><G70/><T111/><D91/><U99/><E131/><V88/><F105/><W84/><G130/><T123/><D129/><U19/><E64/><V25/><F126/><W125/><G125/><T33/><D123/><U113/><E113/><V16/><F117/><W38/><G118/><T59/><REACH who="0" step="1"/><D43/><REACH who="0" ten="283,394,209,104" step="2"/><U37/><E37/><V100/><F100/><W77/><G102/><T2/><D2/><U104/><E104/><V72/><F72/><W51/><G103/><T55/><D55/><U34/><E34/><V124/><F124/><W18/><G101/><T9/><D9/><U115/><E115/><V97/><F32/><W132/><G75/><T22/><D22/><U68/><E11/><V44/><F78/><W122/><G73/><T96/><D96/><U135/><E79/><V42/><F97/><W8/><G122/><T45/><D45/><U41/><E41/><V76/><F44/><W56/><G38/><T14/><D14/><U20/><REACH who="1" step="1"/><E135/><REACH who="1" ten="283,384,209,104" step="2"/><V13/><F42/><W89/><G132/><T7/><D7/><U6/><E6/><V95/><F76/><W120/><G120/><T133/><D133/><U31/><E31/><V54/><F54/><N who="3" m="31839" /><G77/><T119/><D119/><U127/><E127/><V23/><F17/><W116/><G116/><T110/><D110/><U107/><E107/><V29/><F28/><N who="3" m="19863" /><G18/><T49/><D49/><U109/><E109/><V0/><F0/><W39/><G46/><T15/><D15/><AGARI ba="3,2" hai="15,19,20,48,53,57,68,69,71,80,83,90,92,99" machi="15" ten="40,2000,0" yaku="1,1,53,0" doraHai="24" doraHaiUra="74" who="1" fromWho="0" sc="283,-29,384,49,209,0,104,0" /><INIT seed="5,4,0,1,2,120" ten="254,433,209,104" oya="1" hai0="17,89,86,84,36,54,48,7,112,66,95,106,105" hai1="99,44,111,110,28,104,108,55,117,68,0,65,33" hai2="123,70,69,47,16,58,114,125,129,8,131,135,115" hai3="27,13,80,73,67,3,4,90,133,98,92,71,119"/><U134/><E117/><V11/><F123/><W40/><G119/><T12/><D36/><U10/><E134/><V101/><F135/><W94/><G133/><T100/><D112/><N who="2" m="43050" /><F101/><W57/><G71/><N who="2" m="27145" /><F125/><W64/><G27/><T9/><D66/><U79/><E79/><V72/><F72/><W2/><G57/><T63/><D63/><N who="1" m="39999" /><E28/><V77/><F77/><W39/><G13/><T78/><D100/><N who="1" m="62495" /><E33/><V34/><F34/><W15/><G15/><T121/><D121/><U124/><E124/><V50/><F58/><W74/><G2/><T116/><D116/><U1/><E10/><N who="2" m="3627" /><F16/><W83/><G74/><T6/><D106/><U37/><E55/><AGARI ba="4,0" hai="47,50,55,129,131" m="3627,27145,43050" machi="55" ten="40,2600,0" yaku="15,1,11,1" doraHai="120" who="2" fromWho="1" sc="254,0,433,-38,209,38,104,0" /><INIT seed="6,0,0,3,2,42" ten="254,395,247,104" oya="2" hai0="98,11,73,31,89,92,40,126,45,130,38,116,120" hai1="117,52,105,36,59,102,101,4,65,0,56,35,30" hai2="68,104,85,12,87,121,17,109,86,134,63,132,27" hai3="62,29,34,112,20,113,93,70,67,96,58,95,41"/><V90/><F121/><W94/><G34/><T1/><D120/><U44/><E117/><V3/><F3/><W83/><G83/><T6/><D116/><U81/><E4/><V50/><F104/><W22/><G70/><T5/><D5/><U99/><E0/><V131/><F27/><W127/><G127/><T9/><D9/><U60/><E102/><V76/><F76/><W78/><G78/><T28/><D130/><U18/><E18/><V79/><F79/><W114/><G41/><T119/><D119/><U100/><E100/><V122/><F122/><W133/><G133/><T7/><D7/><U19/><E19/><V129/><F90/><W32/><REACH who="3" step="1"/><G96/><REACH who="3" ten="254,395,247,94" step="2"/><T106/><D126/><U82/><E81/><V110/><F68/><W135/><G135/><T115/><D73/><U128/><E82/><V54/><F134/><W80/><G80/><T13/><D98/><U72/><E72/><V88/><F132/><W118/><G118/><T124/><D124/><U48/><E35/><V47/><F131/><W25/><AGARI ba="0,1" hai="20,22,25,29,32,58,62,67,93,94,95,112,113,114" machi="25" ten="40,8000,1" yaku="1,1,0,1,15,1,11,1,53,0" doraHai="42" doraHaiUra="69" who="3" fromWho="3" sc="254,-20,395,-20,247,-40,94,90" /><INIT seed="7,0,0,0,1,26" ten="234,375,207,184" oya="3" hai0="96,63,8,115,129,89,25,77,39,64,133,31,21" hai1="54,94,36,95,111,22,91,9,28,118,59,104,124" hai2="88,7,131,43,74,14,112,2,32,87,44,47,35" hai3="126,23,71,50,98,11,69,83,49,81,19,93,4"/><W65/><BYE who="0" /><G126/><T13/><D13/><U61/><E111/><V60/><F2/><W10/><G71/><T82/><D82/><N who="3" m="31241" /><G69/><T57/><D57/><U99/><E104/><UN n0="%67%6F%72%64%6F%6E%31%33" /><V73/><F35/><W27/><G65/><T41/><D129/><U127/><E36/><V107/><F107/><W0/><G0/><T30/><D133/><U45/><E118/><V37/><F32/><W101/><G4/><T132/><D132/><U48/><E9/><AGARI ba="0,0" hai="9,10,11,19,23,27,49,50,93,98,101" m="31241" machi="9" ten="30,1500,0" yaku="8,1" doraHai="26" who="3" fromWho="1" sc="234,0,375,-15,207,0,184,15" /><INIT seed="7,1,0,5,1,97" ten="234,360,207,199" oya="3" hai0="118,47,49,53,37,19,18,67,74,21,9,58,39" hai1="90,24,61,113,89,3,99,70,64,116,110,2,92" hai2="38,81,28,129,104,82,35,107,127,101,44,124,20" hai3="65,119,133,105,13,23,76,93,26,0,98,79,94"/><W36/><G119/><T54/><D74/><U83/><E110/><V43/><F35/><W29/><G0/><T130/><D118/><U134/><E116/><V30/><F129/><W16/><G36/><T51/><D130/><U10/><E113/><V77/><F30/><W114/><G114/><T1/><D67/><U121/><E121/><V72/><F82/><W112/><G112/><T27/><D1/><U45/><E134/><V17/><F28/><W123/><G123/><T6/><D19/><U75/><E10/><V14/><REACH who="2" step="1"/><F101/><REACH who="2" ten="234,360,197,199" step="2"/><N who="3" m="60631" /><G105/><AGARI ba="1,1" hai="14,17,20,38,43,44,72,77,81,104,105,107,124,127" machi="105" ten="40,1300,0" yaku="1,1,53,0" doraHai="97" doraHaiUra="115" who="2" fromWho="3" sc="234,0,360,0,197,26,199,-16" owari="234,3.4,360,46.0,223,-17.7,183,-31.7" /></mjloggm>