<mjloggm ver="2.3"><GO type="169" lobby="0"/><UN n0="%E3%81%8B%E3%81%A4%E3%81%BF%E3%82%93%E3%81%94%EF%BC%81" n1="%E3%81%9F%E3%81%BE%E5%AD%90" n2="%E7%90%86%E5%B7%A5%E3%83%95%E3%83%AA%E3%83%86%E3%83%B3%E5%A4%A7%E5%B8%AB" n3="%61%63%74%79" dan="16,17,16,16" rate="2177.20,2225.10,2127.53,2038.56" sx="M,M,M,M"/><TAIKYOKU oya="0"/><INIT seed="0,0,0,2,3,121" ten="250,250,250,250" oya="0" hai0="30,39,79,53,4,17,54,117,87,82,67,88,95" hai1="114,94,18,102,103,91,62,14,129,11,57,25,33" hai2="13,100,22,74,134,29,66,84,99,116,93,97,112" hai3="27,41,20,47,36,58,46,92,108,9,10,80,16"/><T126/><D126/><U34/><E129/><V59/><F112/><W50/><G108/><T77/><D117/><U111/><E114/><V109/><F74/><W3/><G3/><T107/><D107/><U73/><E73/><V19/><F134/><W130/><G130/><T98/><D39/><U42/><E42/><V131/><F131/><W48/><G36/><T96/><D30/><U0/><E0/><V60/><F116/><W106/><G106/><T110/><D110/><U5/><E111/><V89/><F109/><W86/><G58/><T32/><D32/><U52/><E34/><V122/><F122/><W83/><G92/><T72/><D4/><U75/><E75/><V64/><F29/><W76/><REACH who="3" step="1"/><G83/><REACH who="3" ten="250,250,250,240" step="2"/><T37/><D37/><U7/><E33/><V71/><F71/><W43/><AGARI ba="0,1" hai="9,10,16,20,27,41,43,46,47,48,50,76,80,86" machi="43" ten="20,16000,3" yaku="1,1,2,1,0,1,7,1,9,1,8,1,54,1,53,2" doraHai="121" doraHaiUra="45" who="3" fromWho="3" sc="250,-80,250,-40,250,-40,240,170" /><INIT seed="1,0,0,4,4,34" ten="170,210,210,410" oya="1" hai0="74,18,6,110,19,28,33,50,123,91,15,21,9" hai1="75,70,105,121,61,38,72,122,128,2,96,135,120" hai2="97,125,85,129,13,114,80,37,64,8,45,108,22" hai3="62,54,116,83,11,20,67,78,10,16,43,53,66"/><U5/><E38/><V24/><F108/><W39/><G116/><T26/><D74/><N who="1" m="28203" /><E128/><V31/><F129/><W30/><G30/><T133/><D91/><U104/><E135/><V17/><F125/><W86/><G43/><T55/><D110/><U36/><E36/><V58/><F114/><W87/><G39/><T102/><D133/><U92/><E92/><V14/><F97/><W25/><G87/><T111/><D123/><U106/><E96/><V52/><F13/><W46/><G67/><T79/><D79/><U27/><E27/><V109/><F109/><W1/><G46/><T48/><D102/><U98/><E98/><V124/><F124/><W40/><G40/><T68/><D68/><U29/><E29/><V42/><F64/><W127/><G127/><T93/><D93/><U112/><E112/><V100/><F100/><W69/><REACH who="3" step="1"/><G11/><REACH who="3" ten="170,210,210,400" step="2"/><T134/><D111/><U132/><E132/><V71/><F85/><W89/><G89/><T32/><D134/><U90/><E90/><V118/><F37/><W65/><G65/><T107/><D55/><U51/><E122/><V103/><F52/><W84/><G84/><T73/><D73/><U59/><E121/><V126/><F126/><W0/><G0/><T44/><D44/><U82/><E120/><V7/><F45/><W63/><G63/><T131/><D131/><U115/><E115/><V76/><F42/><W117/><G117/><T47/><D47/><U113/><E113/><V95/><F118/><W23/><G23/><T94/><D21/><U77/><E61/><V12/><F22/><W88/><G88/><RYUUKYOKU ba="0,1" sc="170,-10,210,-10,210,-10,400,30" hai3="1,10,16,20,25,53,54,62,66,69,78,83,86" /><INIT seed="2,1,1,5,4,116" ten="160,200,200,430" oya="2" hai0="112,50,78,117,61,30,72,70,28,4,90,113,98" hai1="6,95,134,84,79,133,44,103,132,97,86,60,21" hai2="76,40,39,115,23,83,29,87,14,85,20,16,17" hai3="12,58,119,75,3,42,101,22,118,52,130,111,46"/><V36/><F115/><W25/><G3/><T35/><D117/><U93/><E6/><V47/><F29/><W9/><G111/><T64/><D4/><U1/><E1/><V73/><REACH who="2" step="1"/><F39/><REACH who="2" ten="160,200,190,430" step="2"/><W24/><G118/><T34/><D28/><U105/><E134/><V53/><F53/><W91/><G52/><T126/><D30/><U5/><E133/><V0/><F0/><W100/><G119/><T121/><D113/><U55/><E132/><V37/><F37/><W114/><G114/><T33/><D112/><U77/><E55/><V65/><F65/><W128/><G128/><T106/><D64/><U82/><E60/><V125/><F125/><W80/><G130/><T92/><D126/><U56/><E77/><V49/><F49/><W18/><G42/><T43/><D50/><U68/><E79/><V107/><F107/><W38/><G38/><T109/><D106/><U110/><E105/><V123/><F123/><W26/><G58/><T104/><D104/><U71/><E56/><V108/><F108/><W11/><G46/><T94/><D121/><U54/><E44/><V124/><F124/><W15/><G101/><N who="0" m="60615" /><D109/><U10/><E110/><V8/><F8/><W59/><G9/><T81/><D43/><U99/><E10/><V62/><F62/><W63/><G63/><T88/><D61/><U2/><E2/><V120/><F120/><W122/><G11/><T69/><D69/><U102/><E68/><V135/><F135/><W67/><G67/><T131/><D131/><U32/><E71/><V74/><F74/><W41/><G75/><T7/><D72/><RYUUKYOKU ba="1,2" sc="160,-10,200,-10,190,30,430,-10" hai2="14,16,17,20,23,36,40,47,73,76,83,85,87" /><INIT seed="2,2,2,4,1,94" ten="150,190,220,420" oya="2" hai0="111,135,89,39,21,24,108,126,72,5,31,25,83" hai1="117,110,62,70,91,0,131,40,10,85,107,109,113" hai2="87,67,132,127,17,8,129,15,32,9,41,23,77" hai3="45,78,7,71,53,35,36,92,38,105,56,97,46"/><V1/><F32/><W14/><G71/><T96/><D135/><U84/><E113/><V119/><F119/><W68/><G68/><T69/><D126/><U133/><E117/><V33/><F33/><W11/><G35/><T13/><D69/><U122/><E133/><V74/><F74/><W114/><G105/><T26/><D39/><U128/><E40/><V30/><F67/><W22/><G78/><T134/><D134/><U52/><E107/><V103/><F132/><W54/><G22/><T64/><D64/><N who="1" m="41239" /><E122/><V28/><F127/><W116/><G114/><T12/><D72/><U55/><E10/><V66/><F41/><W82/><G82/><T6/><D83/><N who="1" m="49567" /><E85/><V2/><F87/><W34/><G34/><T121/><D121/><U125/><E0/><N who="2" m="107" /><F77/><W100/><G116/><T43/><D43/><U18/><E18/><V60/><F66/><W112/><G112/><T20/><D89/><U76/><E76/><V37/><F103/><W106/><G100/><T50/><D50/><U27/><E27/><V81/><F81/><W47/><G36/><T88/><D25/><U98/><E98/><V73/><F73/><W93/><G38/><T124/><D124/><U90/><E90/><V49/><F37/><W120/><G97/><T29/><D88/><U4/><E4/><V16/><F49/><W63/><G120/><T19/><D19/><U48/><E125/><V130/><F60/><W104/><G53/><N who="1" m="20554" /><E48/><V42/><F42/><W80/><G80/><T51/><D51/><U118/><E118/><V79/><F79/><W86/><G86/><T123/><D123/><RYUUKYOKU ba="2,2" sc="150,10,190,10,220,-30,420,10" hai0="5,6,12,13,20,21,24,26,29,31,96,108,111" hai1="109,110,128,131" hai3="7,11,14,45,46,47,54,56,63,92,93,104,106" /><INIT seed="3,3,2,1,3,125" ten="160,200,190,430" oya="3" hai0="44,96,106,124,102,59,77,111,10,40,79,13,81" hai1="22,6,36,1,8,116,86,38,71,103,135,76,132" hai2="113,17,18,85,35,112,134,12,60,114,130,69,47" hai3="104,24,29,95,23,97,122,55,66,126,119,49,54"/><W64/><G119/><T7/><D111/><U68/><E116/><V65/><F134/><N who="1" m="51241" /><E103/><V91/><F35/><W42/><G122/><T107/><D124/><U70/><E22/><V39/><F130/><W57/><G104/><T84/><D59/><U51/><E51/><V67/><F67/><W26/><G126/><T25/><D25/><U21/><E21/><V46/><F39/><N who="1" m="14889" /><E86/><V108/><F108/><W37/><G42/><T27/><D27/><U0/><E76/><V43/><F43/><W128/><G37/><T78/><REACH who="0" step="1"/><D107/><REACH who="0" ten="150,200,190,430" step="2"/><U45/><E45/><V73/><F47/><W14/><G26/><T9/><D9/><U89/><E89/><V30/><F46/><W33/><G24/><T72/><D72/><U15/><AGARI ba="3,3" hai="0,1,6,8,15,68,70,71" m="14889,51241" machi="15" ten="40,1500,0" yaku="20,1" doraHai="125" who="1" fromWho="1" sc="150,-7,200,54,190,-7,430,-10" /><INIT seed="4,0,0,3,0,118" ten="143,254,183,420" oya="0" hai0="127,56,32,134,2,89,79,50,54,110,106,48,66" hai1="55,87,94,99,112,5,34,78,104,38,58,11,128" hai2="92,59,63,21,93,67,103,109,3,41,108,37,84" hai3="81,35,85,80,53,43,97,28,121,27,4,75,30"/><T76/><D134/><U8/><E128/><V17/><F3/><W115/><G43/><T64/><D127/><U96/><E112/><V117/><F117/><W100/><G115/><T126/><D126/><U90/><E34/><V16/><F37/><W120/><G4/><T102/><D2/><U122/><E38/><V0/><F41/><W72/><G53/><T101/><D32/><U60/><E122/><N who="3" m="47210" /><G30/><T130/><D130/><U95/><E104/><V91/><F0/><W9/><G9/><T40/><D106/><U1/><E11/><V26/><F17/><W116/><G116/><T119/><D119/><U14/><E1/><V123/><F123/><W25/><G27/><T46/><D89/><N who="1" m="55375" /><E78/><N who="0" m="29737" /><D110/><U133/><E133/><V31/><F16/><W77/><G81/><T71/><D71/><U57/><E57/><V86/><F84/><AGARI ba="0,0" hai="5,8,14,55,58,60,84,87,90,95,99" m="55375" machi="84" ten="30,1000,0" yaku="8,1" doraHai="118" who="1" fromWho="2" sc="143,0,254,10,183,-10,420,0" /><INIT seed="5,0,0,5,4,44" ten="143,264,173,420" oya="1" hai0="124,11,36,63,116,101,49,7,16,127,46,105,72" hai1="48,22,87,117,27,88,85,29,6,65,114,35,34" hai2="31,93,20,94,56,32,115,2,30,4,21,90,81" hai3="1,18,42,135,111,128,95,45,51,77,84,112,0"/><U134/><E117/><V97/><F115/><W59/><G111/><T118/><D72/><U47/><E114/><V130/><F130/><W15/><G135/><T133/><D133/><U107/><E134/><V19/><F2/><W76/><G128/><T125/><D36/><U53/><E107/><V66/><F4/><W68/><G68/><T23/><D63/><U73/><E73/><V79/><F32/><W120/><G120/><T108/><D108/><U132/><E132/><V61/><F93/><W10/><G76/><T75/><D75/><U25/><E65/><V89/><F89/><W96/><G59/><T58/><D58/><U14/><E85/><V80/><F80/><W82/><G112/><T92/><D105/><U3/><E3/><V123/><F123/><W57/><G57/><T99/><D11/><U60/><E60/><V119/><F119/><W86/><G86/><T70/><D7/><U64/><E64/><V131/><F131/><W38/><G38/><T74/><D70/><U9/><REACH who="1" step="1"/><E27/><REACH who="1" ten="143,254,173,420" step="2"/><V106/><F106/><W102/><AGARI ba="0,1" hai="0,1,10,15,18,42,45,51,77,82,84,95,96,102" machi="102" ten="20,2700,0" yaku="0,1,7,1,52,1" doraHai="44" who="3" fromWho="3" sc="143,-7,254,-13,173,-7,420,37" /><INIT seed="6,0,0,3,0,3" ten="136,241,166,457" oya="2" hai0="60,134,106,116,107,57,36,93,39,15,108,34,89" hai1="54,86,59,91,131,8,88,123,81,21,127,50,41" hai2="32,79,51,2,104,110,122,71,28,18,13,112,35" hai3="132,33,63,62,87,0,76,22,94,78,16,27,124"/><V19/><F122/><W130/><G0/><T83/><D108/><U11/><E131/><V129/><F129/><W20/><G33/><T6/><D34/><U69/><E69/><V43/><F71/><W117/><G117/><T44/><D134/><U72/><E127/><V30/><F104/><W105/><G105/><T133/><D133/><U113/><E72/><V119/><F119/><W55/><G124/><T121/><D121/><U48/><E113/><V10/><F112/><W5/><G5/><T82/><D106/><U42/><E123/><V80/><F2/><W135/><G130/><T74/><D107/><U12/><E91/><V125/><F125/><W75/><G63/><T31/><D31/><U97/><E97/><V38/><F38/><W102/><G75/><T25/><D25/><U23/><E8/><V103/><F103/><W64/><G55/><T95/><D95/><U46/><E41/><V73/><F110/><W98/><G132/><T109/><D109/><U84/><E84/><V66/><F66/><W1/><G87/><T114/><D114/><U118/><E118/><V52/><F43/><W26/><G1/><T90/><D116/><U47/><E59/><N who="2" m="33183" /><F18/><AGARI ba="0,0" hai="11,12,18,21,23,42,46,47,48,50,54,81,86,88" machi="18" ten="30,8000,1" yaku="7,1,25,2,8,1,54,1" doraHai="3" who="1" fromWho="2" sc="136,0,241,80,166,-80,457,0" /><INIT seed="7,0,0,5,5,54" ten="136,321,86,457" oya="3" hai0="36,34,9,127,124,126,134,5,61,27,41,123,20" hai1="80,117,2,28,77,8,4,57,38,82,7,99,60" hai2="114,111,86,29,39,12,66,14,17,45,118,92,0" hai3="26,135,40,15,97,109,47,32,31,131,120,81,23"/><W90/><G120/><T43/><D123/><U48/><E117/><V83/><F118/><W55/><G55/><T44/><D134/><U74/><E38/><V58/><F111/><W116/><G116/><T19/><D43/><U25/><E48/><V79/><F114/><W62/><G62/><T94/><D61/><U107/><E107/><V59/><F0/><W108/><G131/><T96/><D34/><U69/><E69/><V110/><F110/><W75/><G135/><T100/><D9/><U35/><E99/><V106/><F106/><W78/><G90/><T6/><AGARI ba="0,0" hai="5,6,19,20,27,36,41,44,94,96,100,124,126,127" machi="6" ten="40,2700,0" yaku="0,1,18,1" doraHai="54" who="0" fromWho="0" sc="136,27,321,-7,86,-7,457,-13" owari="163,-23.7,314,11.4,79,-42.1,444,54.4" /></mjloggm>