<mjloggm ver="2.3"><GO type="169" lobby="0"/><UN n0="%E3%81%8B%E3%81%A3%E9%A3%9B%E3%81%B0%E3%81%9B%E5%85%A8%E9%83%A8" n1="%E3%82%89%E3%81%84%E3%81%82%E3%82%93%E3%81%98%E3%82%83%E3%82%93" n2="%E3%82%A8%E3%82%B9%E3%82%B1%E3%83%BC%2E" n3="%E8%BC%9D%E5%A4%9C%E6%9C%88" dan="17,16,17,18" rate="2179.09,2087.18,2168.97,2191.90" sx="M,M,M,F"/><TAIKYOKU oya="0"/><INIT seed="0,0,0,2,2,29" ten="250,250,250,250" oya="0" hai0="83,12,116,95,67,64,86,108,90,1,72,130,7" hai1="112,88,104,60,23,21,133,121,63,36,92,22,25" hai2="30,26,6,40,50,91,0,81,69,8,53,127,2" hai3="101,33,39,113,123,109,94,105,106,44,98,51,70"/><T122/><D116/><U24/><E133/><V131/><F69/><W28/><G113/><T52/><D122/><U15/><E121/><V93/><F127/><W74/><G123/><T126/><D126/><U96/><E112/><V135/><F135/><W103/><G109/><T65/><D108/><U87/><E36/><V19/><F131/><W99/><G94/><T132/><D132/><U32/><E15/><V14/><F40/><W84/><G84/><T49/><D130/><U41/><E41/><V82/><F0/><W114/><G114/><T5/><D1/><U38/><E38/><V134/><F134/><W42/><G51/><T129/><D129/><U18/><E32/><V111/><F111/><W54/><G54/><T56/><REACH who="0" step="1"/><D12/><REACH who="0" ten="240,250,250,250" step="2"/><U57/><E25/><V43/><F2/><W73/><G70/><T76/><AGARI ba="0,1" hai="5,7,49,52,56,64,65,67,72,76,83,86,90,95" machi="76" ten="30,12000,1" yaku="1,1,2,1,0,1,54,1,53,1" doraHai="29" doraHaiUra="45" who="0" fromWho="0" sc="240,130,250,-40,250,-40,250,-40" /><INIT seed="0,1,0,3,3,69" ten="370,210,210,210" oya="0" hai0="7,106,21,9,81,12,37,8,15,4,63,105,36" hai1="33,54,102,123,60,55,122,6,109,78,13,44,121" hai2="93,32,126,88,110,23,28,91,58,5,73,35,74" hai3="66,47,112,72,59,94,41,101,64,24,53,56,86"/><T16/><D63/><U130/><E109/><V132/><F110/><W90/><G112/><T113/><D113/><U46/><E130/><V115/><F115/><W65/><G72/><T17/><D21/><U51/><E33/><V116/><F126/><W79/><G79/><T29/><D29/><U119/><E119/><V3/><F116/><W20/><G101/><T111/><REACH who="0" step="1"/><D81/><REACH who="0" ten="360,210,210,210" step="2"/><U57/><E121/><V92/><F23/><W19/><REACH who="3" step="1"/><G53/><REACH who="3" ten="360,210,210,200" step="2"/><T89/><D89/><U34/><E122/><V85/><F88/><W52/><G52/><T114/><D114/><U104/><E123/><V133/><F91/><W108/><G108/><AGARI ba="1,2" hai="4,7,8,9,12,15,16,17,36,37,105,106,108,111" machi="108" ten="25,24000,3" yaku="1,1,22,2,52,2,54,1,53,2" doraHai="69" doraHaiUra="103" who="0" fromWho="3" sc="360,263,210,0,210,0,200,-243" owari="623,72.3,210,1.0,210,-19.0,-43,-54.3" /></mjloggm>