<mjloggm ver="2.3"><GO type="169" lobby="0"/><UN n0="%44%65%63%65%6D%62%65%72" n1="%E3%81%8A%E3%81%9F%E3%81%BE%E3%82%8B" n2="%E3%82%8A%E3%82%87%E3%81%91%E3%81%99" n3="%6D%73%64%31%31%32%30" dan="16,16,17,17" rate="2072.05,2079.61,2184.85,2210.38" sx="M,M,M,M"/><TAIKYOKU oya="0"/><INIT seed="0,0,0,2,1,10" ten="250,250,250,250" oya="0" hai0="60,113,61,103,108,116,106,47,23,40,65,133,57" hai1="8,80,53,49,18,102,25,50,135,30,4,6,33" hai2="16,58,134,89,91,64,131,122,15,120,107,2,76" hai3="95,118,41,87,34,3,39,84,124,52,110,94,123"/><T36/><D116/><U126/><E126/><V32/><F2/><W54/><G110/><T21/><D113/><U55/><E135/><V62/><F32/><W13/><G34/><T92/><D133/><U132/><E132/><V63/><F134/><W97/><G3/><T82/><D106/><U43/><E102/><V78/><F107/><W51/><G124/><T128/><D128/><U125/><E125/><V121/><F131/><W20/><G39/><T24/><D108/><U75/><E43/><V79/><REACH who="2" step="1"/><F63/><REACH who="2" ten="250,250,240,250" step="2"/><W93/><G123/><T68/><D61/><U66/><E33/><V56/><F56/><W59/><G118/><T77/><D57/><U14/><E75/><V81/><F81/><W12/><G97/><T100/><D92/><U38/><E80/><V19/><F19/><W85/><G54/><T88/><D77/><U7/><E55/><V112/><F112/><W31/><G41/><T0/><D0/><U45/><E53/><V29/><F29/><W86/><G86/><T26/><D60/><U37/><E30/><V27/><F27/><AGARI ba="0,1" hai="12,13,20,27,31,51,52,59,84,85,87,93,94,95" machi="27" ten="40,8000,1" yaku="8,1,52,2,54,1" doraHai="10" who="3" fromWho="2" sc="250,0,250,0,240,-80,250,90" /><INIT seed="1,0,0,0,2,79" ten="250,250,160,340" oya="1" hai0="5,11,68,96,22,93,35,98,111,89,50,99,131" hai1="83,75,64,45,17,120,101,114,58,30,48,27,119" hai2="110,94,133,90,121,6,33,19,66,122,62,32,16" hai3="115,49,76,10,127,73,81,128,18,87,65,86,0"/><U102/><E119/><V118/><F118/><W34/><G34/><T80/><D111/><U108/><E120/><V51/><F110/><W103/><G128/><T57/><D68/><U56/><E114/><V8/><F133/><W77/><G65/><T134/><D131/><U52/><E108/><V116/><F116/><W20/><G127/><T7/><D35/><U14/><E75/><V23/><F32/><W69/><G69/><T105/><D105/><U15/><E15/><V42/><F33/><W59/><G77/><T36/><D36/><U95/><E83/><V84/><F42/><W31/><G31/><T2/><D22/><N who="1" m="15735" /><E95/><V113/><F51/><W54/><G103/><N who="1" m="39434" /><E64/><V130/><F113/><W107/><G107/><T100/><D134/><U85/><E85/><V28/><F28/><W71/><G71/><T44/><D57/><U37/><E37/><V135/><F135/><W24/><REACH who="3" step="1"/><G115/><REACH who="3" ten="250,250,160,330" step="2"/><T13/><D100/><U70/><E70/><V4/><F130/><W9/><G9/><AGARI ba="0,1" hai="9,14,17,45,48,52,56,58" m="39434,15735" machi="9" ten="30,2900,0" yaku="8,1,54,1" doraHai="79" who="1" fromWho="3" sc="250,0,250,39,160,0,330,-29" /><INIT seed="1,1,0,4,2,95" ten="250,289,160,301" oya="1" hai0="97,107,118,69,124,50,2,72,127,135,60,41,99" hai1="55,117,86,128,131,28,77,4,6,31,106,103,74" hai2="36,98,62,71,129,130,87,51,65,123,85,64,14" hai3="44,92,20,12,126,18,30,33,22,45,1,52,3"/><U39/><E117/><V94/><F36/><W37/><G37/><T121/><D72/><U15/><E39/><V89/><F123/><W29/><G126/><N who="0" m="48171" /><D121/><U46/><E74/><V58/><F14/><W104/><G104/><T53/><D2/><U132/><E132/><V82/><F87/><W27/><G92/><T34/><D34/><U122/><E122/><V119/><F119/><W7/><G45/><N who="0" m="25903" /><D118/><U19/><E55/><V54/><REACH who="2" step="1"/><F65/><REACH who="2" ten="250,289,150,301" step="2"/><W134/><G1/><T23/><D135/><U113/><E86/><V48/><F48/><W100/><G3/><T81/><D81/><U88/><E15/><V9/><F9/><W38/><G12/><T59/><D69/><U133/><E133/><V105/><F105/><W49/><G38/><T42/><D107/><U76/><E106/><V26/><F26/><W13/><G134/><T93/><D93/><U116/><E116/><V35/><F35/><W115/><G33/><T43/><D23/><U40/><E128/><V114/><F114/><W5/><G22/><T75/><D75/><U120/><E131/><V79/><AGARI ba="1,1" hai="51,54,58,62,64,71,79,82,85,89,94,98,129,130" machi="79" ten="30,4000,0" yaku="1,1,0,1,52,1,53,0" doraHai="95" doraHaiUra="101" who="2" fromWho="2" sc="250,-11,289,-21,150,53,301,-11" /><INIT seed="2,0,0,4,5,32" ten="239,268,203,290" oya="2" hai0="16,60,66,64,57,39,124,1,115,80,116,53,108" hai1="25,101,111,132,37,27,51,28,67,5,109,65,122" hai2="70,23,98,96,95,123,14,17,129,54,10,7,18" hai3="90,133,30,36,107,135,128,73,118,77,13,47,127"/><V56/><F129/><W11/><G118/><T20/><D115/><U84/><E37/><V49/><F123/><W68/><G68/><T62/><D108/><U46/><E122/><V0/><F70/><W92/><G30/><T89/><D124/><U83/><E132/><N who="3" m="50762" /><G107/><T103/><D103/><U3/><E101/><V42/><F42/><W100/><G100/><T121/><D39/><U74/><E74/><V21/><REACH who="2" step="1"/><F95/><REACH who="2" ten="239,268,193,290" step="2"/><W4/><G127/><T33/><D121/><U31/><E109/><V61/><F61/><W45/><G128/><T24/><D62/><U120/><E111/><V71/><F71/><W76/><G36/><T106/><D116/><U112/><E120/><V15/><AGARI ba="0,1" hai="0,7,10,14,15,17,18,21,23,49,54,56,96,98" machi="15" ten="20,12000,1" yaku="1,1,0,1,7,1,9,1,52,1,53,0" doraHai="32" doraHaiUra="126" who="2" fromWho="2" sc="239,-40,268,-40,193,130,290,-40" /><INIT seed="2,1,0,2,1,37" ten="199,228,323,250" oya="2" hai0="20,11,28,12,84,126,74,85,65,4,67,108,120" hai1="73,2,27,39,55,105,123,113,32,115,68,117,66" hai2="106,124,78,110,51,80,98,118,6,48,131,75,24" hai3="132,103,36,45,3,133,88,30,58,114,134,109,89"/><V17/><F118/><W35/><G109/><T7/><D108/><U15/><RYUUKYOKU type="yao9" ba="1,0" sc="199,0,228,0,323,0,250,0" hai1="2,15,27,32,39,55,66,68,73,105,113,115,117,123" /><INIT seed="2,2,0,1,4,91" ten="199,228,323,250" oya="2" hai0="26,33,69,2,76,47,61,84,7,0,82,29,122" hai1="86,24,43,42,132,9,98,78,27,96,30,105,53" hai2="95,120,112,135,79,113,50,106,13,104,114,115,124" hai3="74,6,58,19,64,109,67,55,34,18,80,66,116"/><V3/><F3/><W35/><G116/><T16/><D122/><U121/><E121/><V28/><F120/><W130/><G109/><T22/><D47/><U100/><E132/><V68/><F114/><W36/><G36/><T56/><D69/><U88/><E9/><V125/><F68/><W129/><G6/><T89/><D7/><U99/><E53/><V126/><F135/><W128/><G74/><T59/><D59/><U123/><E123/><V73/><F28/><W83/><G55/><T45/><D45/><U41/><E78/><V8/><F50/><W101/><G101/><T39/><D39/><U48/><E48/><V25/><F25/><W62/><G58/><T117/><D76/><U92/><REACH who="1" step="1"/><E24/><REACH who="1" ten="199,218,323,250" step="2"/><V71/><F79/><W97/><G62/><T63/><D63/><U51/><E51/><V54/><F54/><W10/><G10/><T108/><D117/><U85/><E85/><V44/><F8/><W23/><G97/><T52/><D108/><U57/><E57/><V17/><F71/><W133/><G133/><T11/><D11/><U131/><E131/><V49/><F49/><W134/><G134/><T31/><D31/><U87/><E87/><V5/><F5/><W70/><G70/><T21/><D33/><AGARI ba="2,1" hai="27,30,33,41,42,43,86,88,92,96,98,99,100,105" machi="33" ten="40,5200,0" yaku="1,1,52,1,54,1,53,0" doraHai="91" doraHaiUra="60" who="1" fromWho="0" sc="199,-58,218,68,323,0,250,0" /><INIT seed="3,0,0,2,5,129" ten="141,286,323,250" oya="3" hai0="52,15,6,124,5,74,38,90,69,134,17,9,83" hai1="32,39,104,53,64,98,57,122,112,50,31,109,103" hai2="115,24,12,88,87,135,49,121,34,80,60,35,117" hai3="48,75,101,119,67,54,58,120,22,41,82,132,123"/><W0/><G0/><T89/><D38/><U3/><E122/><V116/><F115/><W72/><G119/><T51/><D69/><U42/><E112/><V85/><F121/><W97/><G123/><T29/><D124/><U128/><E128/><V13/><F60/><W102/><G102/><T111/><D111/><U96/><E3/><V4/><F135/><W56/><G132/><T65/><D65/><U113/><E113/><V73/><F73/><W79/><G75/><T61/><D61/><U93/><E109/><V16/><F4/><W91/><G67/><T37/><D37/><U66/><E31/><V25/><F49/><W107/><G41/><T33/><D74/><U78/><E78/><V63/><F63/><W55/><G22/><T118/><D90/><U44/><REACH who="1" step="1"/><E32/><REACH who="1" ten="141,276,323,250" step="2"/><V26/><F34/><W131/><G131/><T10/><D134/><U1/><E1/><V125/><F35/><W2/><G2/><T126/><D29/><U46/><E46/><V76/><F117/><W95/><G120/><T100/><D33/><U84/><E84/><V36/><F116/><W108/><G108/><T92/><D118/><U71/><E71/><V130/><F87/><N who="3" m="52735" /><G54/><T7/><D126/><U45/><E45/><AGARI ba="0,1" hai="45,48,55,56,58,72,79,82,97,101,107" m="52735" machi="45" ten="30,1500,0" yaku="24,1" doraHai="129" who="3" fromWho="1" sc="141,0,276,-15,323,0,250,25" /><INIT seed="3,1,0,2,2,58" ten="141,261,323,275" oya="3" hai0="97,64,54,10,65,130,85,23,112,5,35,106,50" hai1="109,40,29,126,118,91,74,133,63,132,25,102,9" hai2="16,32,1,87,39,115,113,0,125,117,79,47,108" hai3="119,82,45,101,68,94,90,61,49,33,37,17,46"/><W80/><G33/><T93/><D130/><U77/><E109/><V6/><F117/><W127/><G127/><T92/><D35/><U67/><E118/><V2/><F108/><W8/><G101/><T107/><D112/><U51/><E126/><V31/><F6/><W103/><G103/><T12/><D107/><U42/><E102/><V22/><F125/><W95/><G95/><T3/><D106/><U81/><E9/><V56/><F56/><W21/><G37/><T134/><D134/><N who="1" m="51819" /><E51/><V34/><F34/><W30/><G45/><T110/><D110/><U26/><E91/><V14/><F79/><W55/><G30/><T27/><D3/><U36/><E36/><V48/><F39/><W44/><G44/><T18/><D85/><U60/><E25/><V99/><F99/><W78/><G78/><T71/><D93/><U89/><E89/><V13/><F13/><W59/><G68/><T122/><D71/><N who="1" m="42471" /><E63/><V24/><REACH who="2" step="1"/><F87/><REACH who="2" ten="141,261,313,275" step="2"/><N who="3" m="52575" /><G119/><T28/><D5/><U75/><E75/><V43/><AGARI ba="1,1" hai="0,1,2,14,16,22,24,31,32,43,47,48,113,115" machi="43" ten="30,4000,0" yaku="1,1,0,1,54,1,53,0" doraHai="58" doraHaiUra="84" who="2" fromWho="2" sc="141,-11,261,-11,313,53,275,-21" /><INIT seed="4,0,0,3,4,115" ten="130,250,366,254" oya="0" hai0="63,7,106,130,11,39,0,28,135,24,41,3,35" hai1="75,65,18,78,13,116,48,64,99,72,104,95,26" hai2="110,68,52,97,76,131,133,32,73,47,90,77,4" hai3="92,5,17,37,122,74,14,61,12,121,102,33,10"/><T40/><D106/><U109/><E109/><V6/><F32/><W129/><G74/><T46/><D135/><U70/><E104/><V98/><F110/><W100/><G37/><T9/><D130/><U21/><E116/><V50/><F68/><W124/><G33/><T58/><D41/><U108/><E108/><V57/><F73/><W125/><G61/><T80/><D80/><U54/><E70/><V91/><F133/><W134/><G134/><T132/><D132/><U96/><E72/><V128/><F57/><W93/><G129/><N who="2" m="49737" /><F91/><W71/><G71/><T89/><D89/><U79/><E96/><N who="2" m="36971" /><F90/><W20/><G93/><T16/><D16/><U101/><E75/><V29/><F29/><W45/><G92/><T60/><REACH who="0" step="1"/><D58/><REACH who="0" ten="120,250,366,254" step="2"/><N who="1" m="33095" /><E26/><V84/><F77/><AGARI ba="0,1" hai="13,18,21,64,65,77,78,79,95,99,101" m="33095" machi="77" ten="30,1000,0" yaku="8,1" doraHai="115" who="1" fromWho="2" sc="120,0,250,20,366,-10,254,0" /><INIT seed="5,0,0,0,0,96" ten="120,270,356,254" oya="1" hai0="115,134,13,68,80,120,21,51,10,1,130,105,118" hai1="55,22,46,108,16,7,74,9,121,126,131,109,111" hai2="103,6,36,128,78,14,18,23,113,19,100,17,12" hai3="48,64,2,52,72,89,94,70,125,110,24,76,54"/><U3/><E121/><V75/><F36/><W47/><G2/><T66/><D80/><U69/><E69/><V106/><F106/><W44/><G110/><T84/><D84/><U129/><E74/><V102/><F128/><N who="1" m="49225" /><E46/><V82/><REACH who="2" step="1"/><F113/><REACH who="2" ten="120,270,346,254" step="2"/><W123/><G123/><T88/><D105/><U101/><E126/><V56/><F56/><W57/><G125/><T32/><D115/><U107/><E107/><V8/><AGARI ba="0,1" hai="6,8,12,14,17,18,19,23,75,78,82,100,102,103" machi="8" ten="30,8000,1" yaku="1,1,0,1,52,3,53,0" doraHai="96" doraHaiUra="41" who="2" fromWho="2" sc="120,-20,270,-40,346,90,254,-20" /><INIT seed="6,0,0,2,5,17" ten="100,230,436,234" oya="2" hai0="0,39,42,78,64,56,112,75,20,133,96,122,47" hai1="12,98,3,89,68,5,66,81,51,101,61,110,13" hai2="16,25,52,72,117,18,129,92,119,15,41,22,97" hai3="50,2,36,19,67,14,132,43,24,62,28,109,125"/><V23/><F72/><W90/><G109/><T80/><D122/><U84/><E110/><V32/><F129/><W86/><G36/><T69/><D133/><U53/><E3/><V87/><F41/><W54/><G2/><T21/><D112/><U65/><E5/><V26/><F87/><W128/><G125/><T100/><D69/><U46/><REACH who="1" step="1"/><E66/><REACH who="1" ten="100,220,436,234" step="2"/><V57/><F119/><W37/><G132/><T114/><D114/><U103/><E103/><V123/><F117/><W134/><G134/><T30/><D0/><U11/><E11/><V106/><F123/><W44/><G128/><T94/><REACH who="0" step="1"/><D30/><REACH who="0" ten="90,220,436,234" step="2"/><U45/><E45/><V131/><F131/><W10/><G28/><T73/><D73/><U130/><E130/><V135/><F135/><W33/><G44/><T116/><D116/><U115/><E115/><V105/><F32/><W27/><G33/><T29/><D29/><U104/><AGARI ba="0,2" hai="12,13,46,51,53,61,65,68,81,84,89,98,101,104" machi="104" ten="20,2700,0" yaku="1,1,0,1,7,1,53,0" doraHai="17" doraHaiUra="6" who="1" fromWho="1" sc="90,-7,220,47,436,-13,234,-7" /><INIT seed="7,0,0,1,5,118" ten="83,267,423,227" oya="3" hai0="117,26,122,15,6,80,62,89,78,100,22,63,1" hai1="96,88,64,0,129,108,76,79,95,25,33,10,69" hai2="28,61,124,23,30,82,94,105,56,93,74,3,5" hai3="24,112,85,13,55,16,131,75,20,99,27,59,127"/><W11/><G112/><T103/><D117/><U18/><E108/><V114/><F105/><W130/><G75/><T70/><D15/><U36/><E36/><V83/><F3/><W110/><G110/><T65/><D89/><U32/><E129/><N who="3" m="49162" /><G127/><T31/><D103/><U8/><E0/><V41/><F5/><W120/><G99/><T84/><D100/><U134/><E134/><V49/><F74/><W21/><G85/><T72/><D84/><U14/><E32/><V9/><F9/><W67/><G67/><T19/><D19/><U86/><E33/><V34/><F34/><W92/><G92/><T106/><D106/><U66/><E69/><V97/><F94/><W125/><G125/><T60/><D63/><U58/><E25/><N who="3" m="9802" /><G120/><T123/><REACH who="0" step="1"/><D62/><AGARI ba="0,0" hai="11,13,16,20,21,55,59,62" m="9802,49162" machi="62" ten="30,2900,0" yaku="19,1,54,1" doraHai="118" who="3" fromWho="0" sc="83,-29,267,0,423,0,227,29" /><INIT seed="7,1,0,3,0,51" ten="54,267,423,256" oya="3" hai0="44,54,20,79,34,102,13,60,53,80,128,87,11" hai1="134,109,23,97,5,38,32,8,124,36,114,6,120" hai2="84,93,18,95,59,19,1,17,116,16,2,47,21" hai3="64,26,33,25,39,126,65,49,62,72,12,98,24"/><W123/><G123/><T3/><D128/><U56/><E120/><V42/><F116/><W101/><G72/><T103/><D34/><U27/><E109/><V43/><F1/><W90/><G39/><T31/><D3/><U22/><E114/><V45/><F2/><W15/><G33/><T122/><D122/><U82/><E124/><V83/><F59/><N who="3" m="36959" /><G65/><T71/><D71/><U14/><E134/><V0/><F0/><W118/><G126/><T131/><D131/><U125/><E125/><V92/><F43/><W55/><G118/><T9/><D44/><U61/><E32/><V99/><F99/><W52/><G101/><T111/><D111/><U76/><E38/><V58/><F58/><N who="3" m="33039" /><G55/><N who="0" m="21003" /><D60/><U63/><E36/><V135/><F135/><W121/><G121/><T91/><D91/><U88/><E88/><N who="2" m="51231" /><F42/><W132/><G132/><T78/><D78/><U104/><E76/><V105/><F105/><W108/><G108/><T115/><D115/><U69/><E104/><V68/><F68/><W70/><G70/><T96/><D96/><U10/><E69/><V57/><F57/><W100/><G100/><N who="0" m="38443" /><D31/><U67/><E56/><V30/><F30/><W94/><AGARI ba="1,0" hai="12,15,24,25,26,90,94,98" m="33039,36959" machi="94" ten="30,6000,0" yaku="8,1,52,1,54,1" doraHai="51" who="3" fromWho="3" sc="54,-21,267,-21,423,-21,256,63" /><INIT seed="7,2,0,5,2,57" ten="33,246,402,319" oya="3" hai0="129,135,112,0,133,32,49,43,123,124,88,104,74" hai1="20,27,63,33,64,23,9,128,31,70,4,47,72" hai2="59,105,107,77,83,127,8,84,62,55,73,13,25" hai3="58,115,76,132,91,7,39,11,40,16,81,37,26"/><W103/><G115/><T52/><D43/><U53/><E128/><V30/><F73/><W60/><G132/><T19/><D19/><U69/><E72/><V96/><F127/><W68/><G68/><T125/><D49/><U35/><E70/><V110/><F110/><W41/><G103/><T34/><D88/><U106/><E35/><V102/><F25/><W65/><G39/><T46/><D46/><U90/><E106/><V18/><F30/><W6/><G37/><T119/><D52/><U1/><REACH who="1" step="1"/><E90/><REACH who="1" ten="33,236,402,319" step="2"/><V130/><F130/><W3/><G91/><T108/><D34/><U99/><E99/><V116/><F116/><W114/><G114/><T51/><D135/><U111/><E111/><V134/><F134/><W48/><G48/><AGARI ba="2,1" hai="1,4,9,20,23,27,31,33,47,48,53,63,64,69" machi="48" ten="40,2600,0" yaku="1,1,52,1,53,0" doraHai="57" doraHaiUra="92" who="1" fromWho="3" sc="33,0,236,42,402,0,319,-32" owari="33,-46.7,278,-12.2,402,50.2,287,8.7" /></mjloggm>