<mjloggm ver="2.3"><GO type="169" lobby="0"/><UN n0="%65%76%61%63%61%6E%69%61" n1="%6B%61%74%65%72%69%6E%61" n2="%E3%83%AB%E3%83%89%E3%82%A6%E3%82%A3%E3%83%83%E3%82%B0" n3="%74%75%6B%69%74%61%6E%31" dan="16,17,16,16" rate="2176.74,2165.33,2117.60,2121.47" sx="M,M,M,M"/><TAIKYOKU oya="0"/><INIT seed="0,0,0,0,5,76" ten="250,250,250,250" oya="0" hai0="75,0,36,123,61,78,12,107,22,54,97,60,44" hai1="20,38,109,51,77,129,88,2,56,115,96,100,64" hai2="17,121,66,46,24,59,63,80,98,128,62,81,79" hai3="134,130,102,120,14,71,68,32,5,103,9,6,50"/><T74/><D123/><U126/><E38/><V23/><F121/><W52/><G134/><T28/><D0/><U26/><E2/><V33/><F128/><W42/><G130/><T113/><D113/><U85/><E129/><V35/><F35/><W16/><G32/><T122/><D122/><U8/><E126/><V118/><F118/><W65/><G42/><T119/><D119/><U117/><E117/><V90/><F33/><W131/><G131/><T25/><D12/><U58/><E109/><V10/><F10/><W11/><G120/><T84/><D84/><U27/><E77/><V125/><F125/><W70/><G65/><T114/><D114/><U86/><E86/><V99/><F79/><W110/><G110/><T132/><D132/><U41/><E8/><V73/><F73/><W53/><G53/><T57/><D61/><U48/><E27/><V101/><F90/><W116/><G116/><T34/><D34/><U108/><E108/><V21/><F46/><W94/><G94/><T47/><D36/><U91/><E91/><V3/><F3/><W30/><G30/><T55/><D55/><U29/><E64/><V39/><F39/><W40/><G40/><T4/><D4/><U111/><E111/><V82/><F101/><W72/><G72/><N who="0" m="27691" /><D78/><U83/><E115/><V124/><F124/><W89/><G89/><T7/><D7/><N who="3" m="2569" /><G9/><T37/><D37/><U43/><E43/><V31/><F63/><W93/><G93/><T127/><D127/><U19/><E29/><V135/><F135/><W105/><G105/><T69/><D69/><U45/><E51/><RYUUKYOKU ba="0,0" sc="250,0,250,0,250,0,250,0" hai0="22,25,28,44,47,54,57,60,97,107" hai1="19,20,26,41,45,48,56,58,83,85,88,96,100" hai2="17,21,23,24,31,59,62,66,80,81,82,98,99" hai3="11,14,16,50,52,68,70,71,102,103" /><INIT seed="0,1,0,0,0,135" ten="250,250,250,250" oya="0" hai0="49,19,17,74,60,70,18,26,90,115,114,134,13" hai1="8,4,63,105,14,94,79,132,97,91,129,21,6" hai2="103,59,55,66,89,37,69,100,38,22,39,120,46" hai3="92,86,121,25,0,52,106,57,72,83,133,82,40"/><T123/><D123/><U104/><E132/><V96/><F120/><W47/><G106/><T88/><D134/><U102/><E129/><V53/><F89/><W33/><G0/><T20/><D74/><U81/><E21/><V125/><F103/><W5/><G5/><T15/><D49/><U41/><E41/><V95/><F22/><W87/><G72/><T99/><D70/><U64/><E6/><V124/><F69/><W16/><G33/><T118/><D118/><U109/><E109/><V44/><F66/><W27/><G92/><T107/><D60/><U30/><E30/><V31/><F31/><W119/><G119/><T12/><D107/><U48/><E48/><N who="2" m="31207" /><F53/><W28/><G28/><T23/><D99/><U101/><E104/><V32/><F32/><W58/><G40/><T51/><D51/><U75/><REACH who="1" step="1"/><E105/><REACH who="1" ten="250,240,250,250" step="2"/><V78/><F46/><W85/><G47/><T9/><REACH who="0" step="1"/><D26/><REACH who="0" ten="240,240,250,250" step="2"/><U65/><E65/><V111/><F111/><W113/><G27/><T43/><D43/><U80/><E80/><V45/><F45/><W98/><G25/><T24/><D24/><U131/><E131/><V11/><F44/><W126/><G82/><T68/><D68/><AGARI ba="1,2" hai="4,8,14,63,64,68,75,79,81,91,94,97,101,102" machi="68" ten="30,2000,0" yaku="1,1,7,1,53,0" doraHai="135" doraHaiUra="36" who="1" fromWho="0" sc="240,-23,240,43,250,0,250,0" /><INIT seed="1,0,0,2,4,98" ten="217,283,250,250" oya="1" hai0="92,56,63,12,26,86,91,93,122,40,110,39,85" hai1="129,118,103,46,41,132,120,72,65,76,113,25,66" hai2="112,104,51,15,117,23,123,13,11,19,5,115,17" hai3="107,6,79,37,74,90,36,61,1,75,42,57,127"/><U59/><E113/><N who="2" m="43595" /><F104/><W125/><G107/><T45/><D110/><U71/><E118/><V80/><F80/><W130/><G130/><T77/><D122/><U53/><E120/><V9/><F123/><W50/><G50/><T99/><D77/><U8/><E129/><V64/><F51/><W18/><G6/><T24/><D12/><U35/><E71/><V16/><F64/><W94/><G1/><T82/><D86/><U70/><E132/><V89/><F89/><W10/><G42/><T34/><D34/><U4/><E76/><V114/><N who="2" m="43603" /><V95/><DORA hai="124" /><F95/><W111/><G111/><T52/><REACH who="0" step="1"/><D82/><REACH who="0" ten="207,283,250,250" step="2"/><U58/><E35/><V108/><F108/><W128/><G79/><T119/><D119/><U43/><E25/><N who="2" m="14591" /><F117/><W105/><G125/><T29/><D29/><U47/><E43/><V116/><F116/><W78/><G78/><T14/><D14/><U28/><E41/><V27/><F27/><W30/><G30/><T121/><D121/><U20/><E28/><V84/><F84/><W38/><G127/><T49/><D49/><U68/><E68/><V106/><F106/><W96/><G105/><T0/><D0/><U67/><E70/><V62/><F62/><W87/><G87/><T135/><D135/><U69/><E69/><V133/><F133/><W100/><G38/><T88/><AGARI ba="0,1" hai="24,26,39,40,45,52,56,63,85,88,91,92,93,99" machi="88" ten="20,12000,2" yaku="1,1,0,1,7,1,54,2,53,1" doraHai="98,124" doraHaiUra="54,126" who="0" fromWho="0" sc="207,130,283,-60,250,-30,250,-30" /><INIT seed="2,0,0,2,3,79" ten="337,223,220,220" oya="2" hai0="30,9,38,31,93,23,6,63,111,114,28,124,29" hai1="19,43,109,76,25,10,74,103,8,22,41,37,129" hai2="40,34,98,87,0,55,135,72,58,119,49,48,62" hai3="128,122,54,71,57,20,105,112,68,95,45,107,85"/><V80/><F119/><W56/><G128/><T52/><D38/><U91/><E109/><V16/><F72/><W18/><G45/><T14/><D114/><U26/><E129/><V123/><F123/><W21/><G95/><T120/><D120/><U130/><E103/><V13/><F0/><W78/><G78/><T12/><D111/><U83/><E130/><V126/><F34/><W118/><G85/><T17/><D124/><U104/><E104/><V121/><F121/><W73/><G73/><T39/><D39/><U89/><E26/><V81/><F126/><W46/><G46/><T77/><D77/><U33/><E33/><V60/><F135/><W15/><G15/><T51/><D63/><N who="2" m="24106" /><F87/><W44/><G44/><T106/><D106/><U131/><E131/><V7/><F7/><W134/><G134/><T102/><D31/><U47/><E43/><V50/><F98/><W36/><G36/><T86/><D102/><U99/><E99/><V1/><F1/><W66/><G122/><T113/><D113/><U127/><E127/><V35/><F35/><W4/><G4/><T65/><D65/><U84/><REACH who="1" step="1"/><E91/><REACH who="1" ten="337,213,220,220" step="2"/><V70/><F40/><W101/><G107/><T24/><D24/><U115/><E115/><V61/><F70/><W92/><G105/><T110/><D110/><U94/><AGARI ba="0,1" hai="8,10,19,22,25,37,41,47,74,76,83,84,89,94" machi="94" ten="20,5200,0" yaku="1,1,0,1,7,1,52,1,53,0" doraHai="79" doraHaiUra="64" who="1" fromWho="1" sc="337,-13,213,62,220,-26,220,-13" /><INIT seed="3,0,0,5,3,59" ten="324,275,194,207" oya="3" hai0="99,134,79,124,112,97,44,135,81,56,109,98,103" hai1="100,41,15,110,13,47,50,82,20,114,1,85,89" hai2="21,54,90,5,127,3,60,26,131,23,117,93,108" hai3="51,96,67,52,133,111,122,120,70,9,88,16,86"/><W58/><G133/><N who="0" m="50699" /><D109/><U77/><E110/><V128/><F108/><W87/><G111/><T80/><D124/><U94/><E114/><V64/><F117/><W35/><G35/><T107/><D112/><U102/><E1/><V55/><F127/><W14/><G96/><T37/><D56/><U91/><E91/><V118/><F118/><W132/><G132/><T71/><D71/><U101/><REACH who="1" step="1"/><E20/><REACH who="1" ten="324,265,194,207" step="2"/><V2/><F23/><W95/><REACH who="3" step="1"/><G86/><AGARI ba="0,1" hai="13,15,41,47,50,77,82,85,86,89,94,100,101,102" machi="86" ten="40,8000,1" yaku="1,1,2,1,8,1,53,1" doraHai="59" doraHaiUra="74" who="1" fromWho="3" sc="324,0,265,90,194,0,207,-80" /><INIT seed="4,0,0,1,2,4" ten="324,355,194,127" oya="0" hai0="7,129,44,89,31,135,1,125,108,85,38,29,23" hai1="126,82,61,39,93,87,47,134,110,34,18,68,52" hai2="63,76,13,112,41,65,79,54,104,86,71,55,64" hai3="2,102,14,15,115,3,58,56,83,51,103,123,11"/><T28/><D125/><U45/><E110/><V127/><F104/><W25/><G115/><T106/><D106/><U118/><E118/><V16/><F112/><W8/><G25/><T73/><D73/><U59/><E34/><V113/><F127/><W35/><G35/><T30/><D129/><U24/><E134/><V9/><F113/><W49/><REACH who="3" step="1"/><G83/><REACH who="3" ten="324,355,194,117" step="2"/><T130/><D130/><U60/><E82/><V109/><F109/><W117/><G117/><T21/><D108/><U62/><E24/><V120/><F120/><AGARI ba="0,1" hai="2,3,8,11,14,15,49,51,56,58,102,103,120,123" machi="120" ten="25,8000,1" yaku="1,1,22,2,52,2,53,0" doraHai="4" doraHaiUra="131" who="3" fromWho="2" sc="324,0,355,0,194,-80,117,90" /><INIT seed="5,0,0,5,3,9" ten="324,355,114,207" oya="1" hai0="35,89,103,102,20,46,42,86,131,111,7,25,17" hai1="12,53,91,127,29,18,24,80,105,81,64,100,120" hai2="23,77,13,2,52,21,122,97,40,118,135,56,49" hai3="115,88,99,62,16,15,75,26,107,106,112,93,54"/><U110/><E120/><V66/><F2/><W44/><G75/><T72/><D111/><U33/><E110/><V109/><F118/><W85/><G26/><T74/><D131/><U14/><E127/><V98/><F122/><W58/><G44/><T19/><D35/><U0/><E0/><V6/><F109/><W128/><G128/><T34/><D34/><U113/><E113/><N who="3" m="43594" /><G99/><T37/><D7/><U8/><E91/><V116/><F116/><W4/><G4/><T39/><D39/><U83/><E53/><V121/><F121/><W123/><G123/><T67/><D67/><U27/><E64/><V51/><F135/><W92/><G92/><T132/><D132/><U124/><E124/><V79/><F66/><W68/><G68/><T84/><D84/><U65/><E65/><V38/><F38/><W36/><G36/><T43/><D43/><U133/><E133/><V78/><F98/><W73/><G73/><T90/><D90/><U119/><E119/><V50/><F97/><W71/><G71/><T47/><D47/><U101/><E105/><V129/><F129/><W87/><G87/><T63/><D74/><U31/><E27/><V28/><F40/><W126/><G126/><T130/><D72/><U95/><E95/><V45/><F45/><W117/><G117/><T11/><D130/><U96/><E96/><V61/><F28/><W55/><G54/><T94/><REACH who="0" step="1"/><D63/><REACH who="0" ten="314,355,114,207" step="2"/><U48/><E33/><V108/><REACH who="2" step="1"/><F108/><REACH who="2" ten="314,355,104,207" step="2"/><W30/><G30/><T1/><D1/><U10/><E31/><V57/><F57/><W125/><G125/><T32/><D32/><RYUUKYOKU ba="0,2" sc="314,10,355,-30,104,10,207,10" hai0="11,17,19,20,25,37,42,46,86,89,94,102,103" hai2="6,13,21,23,49,50,51,52,56,61,77,78,79" hai3="15,16,55,58,62,85,88,93,106,107" /><INIT seed="6,1,2,0,1,135" ten="324,325,114,217" oya="2" hai0="131,126,8,3,33,127,114,120,31,61,5,85,90" hai1="79,122,68,63,84,69,108,116,89,54,119,87,16" hai2="20,134,62,10,28,109,76,111,97,80,115,30,38" hai3="77,103,67,11,133,49,56,24,9,7,78,100,82"/><V88/><F38/><W51/><G133/><T94/><D120/><U125/><E108/><N who="2" m="41547" /><F134/><W2/><G67/><T37/><D37/><U41/><E122/><V73/><F115/><W129/><G129/><T128/><D114/><U15/><E41/><V43/><F43/><W26/><G2/><T19/><D19/><U42/><E42/><V121/><F121/><W12/><G56/><T107/><D107/><U106/><E106/><V64/><F10/><W93/><G93/><T18/><D18/><U53/><E116/><V132/><F132/><W91/><G82/><T36/><D36/><U23/><E119/><V65/><F20/><W95/><G95/><T0/><D0/><U112/><E112/><V27/><F27/><W55/><G7/><T102/><D102/><U1/><E1/><V113/><F113/><W6/><G6/><T118/><D61/><U34/><E34/><V60/><F60/><W39/><G39/><T117/><D117/><U74/><E63/><V66/><F62/><W71/><G71/><T57/><D57/><U17/><E68/><V45/><F45/><W96/><G12/><T13/><D3/><U104/><E69/><V81/><F97/><W46/><G96/><T29/><D118/><U105/><E23/><V44/><F44/><W98/><G98/><T50/><D50/><U75/><E15/><V25/><F25/><W123/><G46/><T70/><D70/><U4/><E4/><V32/><F32/><W99/><G123/><T72/><D33/><U21/><E21/><V130/><F130/><N who="0" m="49706" /><D72/><U22/><E22/><V59/><F59/><RYUUKYOKU ba="1,2" sc="324,15,325,-15,114,15,217,-15" hai0="5,8,13,29,31,85,90,94,126,127" hai2="28,30,64,65,66,73,76,80,81,88" /><INIT seed="6,2,2,4,3,129" ten="339,310,129,202" oya="2" hai0="30,127,41,52,134,63,69,40,1,99,50,25,108" hai1="29,112,14,133,39,18,117,111,20,55,12,56,32" hai2="17,9,114,48,44,96,76,126,94,47,125,123,57" hai3="59,116,71,124,7,78,101,91,6,110,37,77,38"/><V46/><F123/><W72/><G110/><T23/><D108/><U35/><E117/><V24/><F114/><W70/><G124/><N who="2" m="47721" /><F76/><W28/><G101/><T16/><D127/><U80/><E111/><V115/><F115/><W128/><G128/><T88/><D134/><U62/><E133/><V98/><F98/><W95/><G28/><T130/><D130/><U11/><E112/><V43/><F57/><W92/><G59/><T131/><D131/><U113/><E113/><V27/><F9/><W54/><G72/><T84/><D1/><U53/><E39/><V120/><F120/><W67/><G67/><T10/><D63/><U90/><E53/><V85/><F85/><W33/><G54/><T119/><D99/><U75/><E29/><V81/><F81/><W2/><G2/><T79/><D79/><U93/><E80/><V109/><F109/><W121/><G116/><T83/><D69/><U0/><E75/><V66/><F66/><W65/><G65/><T86/><D86/><U61/><E0/><V68/><F68/><W118/><G118/><T87/><D87/><N who="1" m="52447" /><E35/><V89/><F27/><W4/><G121/><T60/><D60/><N who="1" m="35871" /><E32/><V97/><F97/><W73/><G33/><T45/><D119/><U107/><E107/><V105/><F105/><W8/><G73/><T104/><D104/><U36/><E36/><V51/><F43/><W58/><G71/><T64/><D64/><U102/><E102/><V13/><F24/><W106/><G70/><T22/><D10/><U21/><E11/><V31/><F31/><W5/><G8/><T15/><AGARI ba="2,2" hai="15,16,22,23,25,30,40,41,45,50,52,83,84,88" machi="15" ten="20,12000,2" yaku="5,1,0,1,7,1,8,1,54,3" doraHai="129" who="0" fromWho="0" sc="339,146,310,-32,129,-62,202,-32" /><INIT seed="7,0,0,2,3,113" ten="485,278,67,170" oya="3" hai0="134,10,125,133,28,26,57,64,59,22,69,107,31" hai1="34,0,60,66,116,132,120,109,89,128,80,96,30" hai2="98,13,112,88,46,75,6,17,9,94,23,63,41" hai3="83,56,76,119,50,33,40,71,42,127,95,44,20"/><W19/><G127/><T97/><D125/><U131/><E109/><V81/><F112/><W130/><G130/><N who="1" m="49706" /><E120/><V39/><F63/><W122/><G71/><T14/><D31/><U72/><E116/><V105/><F105/><W73/><G122/><T15/><D69/><N who="1" m="42183" /><E0/><V111/><F111/><W126/><G33/><T53/><D64/><U54/><E54/><V87/><F75/><W129/><G126/><T8/><D97/><U7/><E7/><V82/><REACH who="2" step="1"/><F98/><REACH who="2" ten="485,278,57,170" step="2"/><W135/><G73/><T84/><D107/><U77/><E72/><V114/><F114/><W91/><G129/><T58/><D84/><U55/><E96/><V5/><F5/><W117/><G117/><T49/><D15/><U68/><E68/><V11/><F11/><N who="0" m="4138" /><D14/><U99/><E99/><V93/><F93/><W86/><G95/><T36/><D36/><U65/><E80/><V45/><F45/><W85/><G44/><T62/><D62/><U21/><E77/><V78/><F78/><W25/><G76/><T124/><D124/><U48/><E89/><V104/><F104/><W90/><G135/><AGARI ba="0,1" hai="22,26,28,49,53,57,58,59,133,134,135" m="4138" machi="135" ten="30,1000,0" yaku="20,1" doraHai="113" who="0" fromWho="3" sc="485,20,278,0,57,0,170,-10" owari="505,60.5,278,7.8,57,-44.3,160,-24.0" /></mjloggm>