<mjloggm ver="2.3"><GO type="169" lobby="0"/><UN n0="%41%72%64%62%65%47" n1="%E5%A4%96%E5%B7%9D%E7%AB%9C%E6%88%90" n2="%E3%82%A4%E3%82%AB%E3%81%AB%E3%82%82%E6%9D%B1%E5%8C%97" n3="%73%79%6C%76%65%6F%6E" dan="16,16,17,16" rate="2027.32,2179.16,2176.86,2146.78" sx="M,M,M,M"/><TAIKYOKU oya="0"/><INIT seed="0,0,0,0,0,120" ten="250,250,250,250" oya="0" hai0="18,14,55,123,85,131,129,132,98,101,110,84,12" hai1="134,3,47,45,86,116,99,127,41,68,15,74,96" hai2="92,2,81,75,58,7,80,4,20,91,5,46,72" hai3="76,90,30,27,113,8,37,61,17,38,133,9,118"/><T65/><D123/><U34/><E74/><V70/><F70/><W124/><G113/><T78/><D132/><U52/><E3/><V130/><F2/><W16/><G118/><T128/><D65/><U82/><E34/><V107/><F107/><W39/><G133/><T48/><D14/><U117/><E68/><V64/><F130/><W126/><G76/><T22/><D78/><U56/><E47/><V73/><F46/><W106/><G106/><T13/><D13/><U95/><E99/><V0/><F0/><W69/><G90/><T109/><D85/><U51/><E134/><V25/><F58/><W24/><G61/><T87/><D87/><U119/><E127/><N who="3" m="48682" /><G69/><T50/><D84/><U31/><E31/><V23/><F64/><W32/><G27/><T100/><D50/><U104/><E104/><V28/><REACH who="2" step="1"/><F23/><REACH who="2" ten="250,250,240,250" step="2"/><W67/><G67/><T10/><D22/><U60/><E119/><V36/><F36/><W42/><G42/><T103/><D98/><AGARI ba="0,1" hai="4,5,7,20,25,28,72,73,75,80,81,91,92,98" machi="98" ten="50,1600,0" yaku="1,1,53,0" doraHai="120" doraHaiUra="135" who="2" fromWho="0" sc="250,-16,250,0,240,26,250,0" /><INIT seed="1,0,0,0,5,17" ten="234,250,266,250" oya="1" hai0="90,11,131,16,36,69,25,67,30,71,105,42,101" hai1="112,114,127,135,124,109,12,113,8,31,13,41,100" hai2="95,57,85,43,1,102,54,6,28,0,84,27,119" hai3="39,40,46,83,116,47,86,110,15,9,79,61,60"/><U99/><E41/><V29/><F119/><W128/><G116/><T98/><D67/><U50/><E50/><V38/><F38/><W18/><G110/><T129/><D90/><U70/><E70/><V10/><F43/><W104/><G104/><T55/><D55/><U66/><E66/><V35/><F0/><W130/><REACH who="3" step="1"/><G47/><REACH who="3" ten="234,250,266,240" step="2"/><T121/><D121/><U21/><E109/><V115/><F115/><W78/><G78/><T120/><D120/><U24/><E135/><V4/><F35/><W68/><G68/><T49/><D71/><U62/><E62/><AGARI ba="0,1" hai="9,15,18,39,40,46,60,61,62,79,83,86,128,130" machi="62" ten="40,1300,0" yaku="1,1,53,0" doraHai="17" doraHaiUra="26" who="3" fromWho="1" sc="234,0,250,-13,266,0,240,23" /><INIT seed="2,0,0,1,2,106" ten="234,237,266,263" oya="2" hai0="37,3,65,23,80,35,38,135,26,96,92,97,74" hai1="112,36,73,124,21,30,19,16,99,40,59,33,61" hai2="9,129,118,60,34,51,44,121,0,32,42,50,102" hai3="77,120,94,49,109,27,103,113,45,56,114,10,108"/><V70/><F129/><W58/><G120/><T75/><D3/><U85/><E112/><N who="3" m="43114" /><G77/><T123/><D123/><U86/><E124/><V87/><F118/><W68/><G10/><T12/><D65/><U110/><E110/><N who="3" m="42602" /><G27/><T54/><D80/><U4/><E4/><V115/><F102/><W46/><G94/><T130/><D97/><U71/><E86/><V101/><F101/><W133/><G103/><T6/><D54/><U72/><E85/><V132/><F87/><W122/><G122/><T119/><D119/><U83/><E99/><V98/><F98/><W15/><G15/><T78/><D78/><U93/><E93/><V47/><F9/><W95/><G95/><T127/><D127/><U131/><E131/><V1/><F115/><W8/><G8/><T29/><D130/><U125/><E125/><V117/><F117/><W41/><G133/><T2/><D135/><U18/><E83/><V43/><F132/><W53/><G68/><T84/><D84/><U107/><E71/><V104/><F104/><W116/><G116/><T11/><D92/><U66/><E107/><V91/><F91/><W63/><G63/><T39/><D96/><U67/><E61/><V82/><F82/><W17/><G17/><AGARI ba="0,0" hai="2,6,11,12,17,23,26,29,35,37,38,39,74,75" machi="17" ten="40,8000,1" yaku="24,2,52,2" doraHai="106" who="0" fromWho="3" sc="234,80,237,0,266,0,263,-80" /><INIT seed="3,0,0,5,4,123" ten="314,237,266,183" oya="3" hai0="72,107,7,102,105,23,104,78,114,135,100,57,21" hai1="82,71,132,91,122,9,106,60,108,87,66,73,76" hai2="94,97,85,13,133,63,16,51,101,46,53,33,129" hai3="47,59,43,4,31,36,41,70,111,118,15,37,24"/><W32/><G118/><T54/><D7/><U96/><E122/><V115/><F129/><W28/><G70/><T134/><D72/><U1/><E132/><N who="0" m="50729" /><D78/><U6/><E91/><V89/><F133/><W127/><G127/><T116/><D116/><U130/><E87/><V64/><F33/><W88/><G31/><T5/><D5/><U44/><E44/><V2/><F2/><W77/><G77/><T121/><D121/><U61/><E61/><V124/><F124/><W38/><G59/><T49/><D114/><U8/><E8/><V92/><F115/><W125/><G125/><T113/><D113/><U26/><E26/><V67/><REACH who="2" step="1"/><F63/><REACH who="2" ten="314,237,256,183" step="2"/><W34/><G34/><T128/><D128/><U45/><E130/><V27/><F27/><W131/><G131/><T50/><D50/><U29/><E29/><V112/><F112/><W48/><G32/><T120/><D120/><U80/><E60/><V95/><F95/><W11/><G28/><T117/><D117/><U56/><E1/><V65/><F65/><W68/><G24/><T30/><D30/><U110/><E66/><V84/><F84/><W74/><G38/><T109/><D49/><U12/><E73/><V20/><AGARI ba="0,1" hai="13,16,20,46,51,53,64,67,85,89,92,94,97,101" machi="20" ten="20,12000,2" yaku="1,1,0,1,7,1,8,1,54,1,53,1" doraHai="123" doraHaiUra="10" who="2" fromWho="2" sc="314,-30,237,-30,256,130,183,-60" /><INIT seed="4,0,0,0,5,26" ten="284,207,386,123" oya="0" hai0="33,124,17,97,101,75,3,30,88,24,13,14,38" hai1="55,130,69,80,7,100,96,64,0,2,99,98,48" hai2="133,93,52,32,123,50,115,15,74,86,19,107,84" hai3="58,62,10,73,43,34,37,4,59,31,95,90,39"/><T113/><D3/><U51/><E130/><V54/><F123/><W63/><G73/><T44/><D75/><U8/><E0/><V127/><F107/><W81/><G81/><T132/><D113/><U71/><E48/><V28/><F74/><W46/><G39/><T41/><D132/><U114/><E114/><V77/><F115/><W36/><G36/><T53/><D124/><U22/><E80/><V12/><F127/><W49/><G37/><T9/><D53/><U121/><E121/><V111/><F111/><W82/><G82/><T67/><D14/><U60/><E22/><V85/><F77/><W79/><G79/><T87/><D67/><U42/><E42/><V134/><F93/><W104/><G104/><T89/><REACH who="0" step="1"/><D87/><REACH who="0" ten="274,207,386,123" step="2"/><U72/><E72/><V129/><F85/><W5/><G43/><T56/><D56/><U70/><REACH who="1" step="1"/><E100/><REACH who="1" ten="274,197,386,123" step="2"/><V16/><F133/><W68/><G68/><T94/><AGARI ba="0,2" hai="9,13,17,24,30,33,38,41,44,88,89,94,97,101" machi="94" ten="20,12000,1" yaku="1,1,0,1,7,1,52,1,54,1,53,0" doraHai="26" doraHaiUra="126" who="0" fromWho="0" sc="274,140,197,-40,386,-40,123,-40" /><INIT seed="4,1,0,4,2,71" ten="414,157,346,83" oya="0" hai0="122,51,64,32,98,107,83,0,129,92,93,65,40" hai1="35,2,110,96,114,109,24,14,105,82,52,118,112" hai2="73,77,103,10,3,42,121,115,88,87,44,26,69" hai3="54,50,36,16,33,74,97,135,1,102,27,86,7"/><T25/><D122/><U30/><E82/><V94/><F121/><W75/><G135/><T29/><D0/><U104/><E2/><V106/><F69/><W21/><G33/><T123/><D123/><U59/><E118/><V126/><F115/><N who="1" m="44073" /><E14/><V43/><F126/><W79/><G86/><T130/><D83/><U84/><E84/><V20/><F73/><W66/><G66/><T91/><D93/><U47/><E47/><V22/><F77/><W63/><G79/><T70/><D107/><N who="1" m="41035" /><E96/><V48/><F42/><W108/><G1/><T95/><D95/><U34/><E34/><V46/><F44/><W120/><G97/><T90/><D90/><U125/><E125/><V99/><REACH who="2" step="1"/><F26/><REACH who="2" ten="414,157,336,83" step="2"/><W5/><G27/><T134/><D70/><U49/><AGARI ba="1,1" hai="24,30,35,49,52,59,109,110" m="41035,44073" machi="49" ten="30,4000,0" yaku="15,1,11,1,54,1" doraHai="71" who="1" fromWho="1" sc="414,-21,157,53,336,-11,83,-11" /><INIT seed="5,0,0,5,3,133" ten="393,210,325,72" oya="1" hai0="18,86,112,95,35,37,42,58,77,53,123,43,63" hai1="67,117,88,2,121,50,65,82,130,107,135,21,44" hai2="92,68,99,55,89,119,81,15,60,62,128,45,36" hai3="24,120,114,74,129,16,8,124,132,13,1,9,6"/><U11/><E117/><V115/><F119/><W118/><G74/><T25/><D112/><U31/><E121/><V22/><F115/><W38/><G38/><T0/><D0/><U59/><E107/><V17/><F128/><W71/><G71/><T102/><D37/><U12/><E130/><V110/><F110/><W94/><G114/><T3/><D3/><U101/><E101/><V75/><F68/><W69/><G118/><T39/><D39/><U97/><E2/><V51/><F36/><W28/><G69/><T87/><D35/><U49/><E135/><V52/><F75/><W125/><G129/><T109/><D109/><U100/><E100/><V27/><F81/><W108/><G108/><T79/><D43/><N who="1" m="24735" /><E21/><N who="2" m="11455" /><F55/><W19/><G132/><T14/><D42/><U91/><E31/><AGARI ba="0,0" hai="22,27,31,45,51,52,60,62,89,92,99" m="11455" machi="31" ten="30,2000,0" yaku="8,1,54,1" doraHai="133" who="2" fromWho="1" sc="393,0,210,-20,325,20,72,0" /><INIT seed="6,0,0,5,2,53" ten="393,190,345,72" oya="2" hai0="107,63,78,101,3,114,44,72,22,73,28,102,36" hai1="29,133,82,13,35,122,40,33,46,43,17,56,66" hai2="90,121,50,58,113,48,26,68,37,64,71,81,45" hai3="134,67,130,52,8,104,92,42,84,18,12,34,61"/><V24/><F121/><W111/><G130/><T93/><D3/><U97/><E122/><V39/><F81/><W11/><G134/><T6/><D6/><U54/><E133/><V87/><F113/><W79/><G111/><T9/><D9/><U4/><E4/><V125/><F125/><W91/><G104/><T132/><D107/><U127/><E127/><V74/><F74/><W51/><G34/><T115/><D102/><U59/><E29/><V0/><F0/><W109/><G109/><T47/><D36/><U19/><E35/><V100/><F100/><W38/><G38/><T129/><D73/><U25/><E33/><V126/><F50/><W21/><G42/><T103/><D103/><U119/><E119/><V65/><F65/><W99/><G79/><T7/><D78/><U86/><E97/><V1/><F1/><W27/><G27/><N who="2" m="10281" /><F68/><W94/><G61/><T2/><D63/><U131/><E131/><V75/><F71/><W88/><REACH who="3" step="1"/><G67/><REACH who="3" ten="393,190,345,62" step="2"/><T108/><D129/><U32/><E32/><V10/><F37/><W5/><G5/><T112/><D7/><U76/><E66/><V15/><F39/><W110/><G110/><T30/><D108/><U60/><E25/><V80/><F64/><W57/><AGARI ba="0,1" hai="8,11,12,18,21,51,52,57,84,88,91,92,94,99" machi="57" ten="20,16000,3" yaku="1,1,0,1,7,1,25,2,8,1,52,1,54,2,53,0" doraHai="53" doraHaiUra="77" who="3" fromWho="3" sc="393,-40,190,-40,345,-80,62,170" /><INIT seed="7,0,0,4,3,128" ten="353,150,265,232" oya="3" hai0="101,51,1,125,5,110,130,7,116,92,24,4,112" hai1="126,53,70,28,67,63,82,113,93,42,10,8,64" hai2="49,99,133,59,31,94,123,87,37,103,25,105,2" hai3="41,38,52,71,39,55,43,23,134,132,80,120,6"/><W95/><G120/><T117/><D110/><U65/><E113/><V88/><F37/><N who="3" m="13835" /><G6/><T35/><D1/><U62/><E126/><V96/><F133/><N who="3" m="51307" /><G71/><T79/><D79/><U122/><E122/><V61/><F2/><W85/><G23/><T77/><D125/><U68/><E42/><N who="3" m="15882" /><G95/><T19/><D92/><U18/><E93/><V75/><F94/><W60/><G60/><T108/><D7/><U127/><E127/><V135/><F61/><W107/><G107/><T104/><D5/><U15/><E67/><V121/><F105/><W74/><G74/><T0/><D4/><U40/><E40/><V100/><F75/><W102/><G102/><T76/><D101/><U111/><E111/><V33/><F100/><W20/><G20/><T54/><D108/><U72/><E53/><V44/><F103/><W69/><G69/><T48/><D0/><U109/><E109/><V84/><F123/><W78/><AGARI ba="0,0" hai="52,55,78,80,85" m="15882,51307,13835" machi="78" ten="40,12000,1" yaku="20,1,52,3,54,1" doraHai="128" who="3" fromWho="3" sc="353,-40,150,-40,265,-40,232,120" owari="313,11.3,110,-39.0,225,-17.5,352,45.2" /></mjloggm>