<mjloggm ver="2.3"><GO type="169" lobby="0"/><UN n0="%6F%73%72%67" n1="%E3%81%A8%E3%81%B3%E3%81%BE%E3%81%93" n2="%6D%61%6A%75%6E%69%61" n3="%E7%9C%BC%E9%8F%A1%E3%81%AE%E7%94%B7%E3%81%AE%E5%AD%90" dan="16,17,16,16" rate="2142.29,2212.52,2141.54,2095.63" sx="M,M,M,M"/><TAIKYOKU oya="0"/><INIT seed="0,0,0,4,0,66" ten="250,250,250,250" oya="0" hai0="135,72,16,119,125,122,27,42,132,124,107,29,127" hai1="74,8,68,114,129,32,95,21,84,43,46,93,24" hai2="81,50,30,123,2,130,20,15,14,44,97,112,5" hai3="22,86,101,103,115,47,55,11,133,53,9,12,131"/><T88/><D72/><U64/><E74/><V99/><F123/><W1/><G115/><T40/><D107/><U113/><E32/><V90/><F112/><N who="1" m="43113" /><E8/><V57/><F130/><W31/><G131/><T75/><D75/><U59/><E59/><V37/><F37/><W104/><G133/><N who="0" m="51275" /><D122/><U108/><E129/><V33/><F57/><W94/><G104/><T17/><D119/><U10/><E10/><V61/><F61/><W6/><G31/><T3/><D3/><U70/><E64/><V49/><F33/><W111/><G22/><N who="0" m="15607" /><D88/><N who="1" m="53383" /><E95/><V26/><F2/><W82/><G94/><T67/><D67/><U41/><E108/><V0/><F0/><W71/><G111/><T110/><D110/><U28/><E43/><AGARI ba="0,0" hai="16,17,40,42,43,124,125,127" m="15607,51275" machi="43" ten="40,7700,0" yaku="18,1,20,1,54,1" doraHai="66" who="0" fromWho="1" sc="250,77,250,-77,250,0,250,0" /><INIT seed="0,1,0,3,1,125" ten="327,173,250,250" oya="0" hai0="67,6,36,132,78,38,34,86,3,97,72,95,106" hai1="29,135,41,113,119,37,129,27,39,120,0,128,107" hai2="102,65,134,25,131,20,104,85,74,112,48,58,126" hai3="24,108,81,45,43,42,7,28,76,118,19,88,18"/><T75/><D34/><U50/><E107/><V133/><F74/><W71/><G71/><T79/><D67/><U1/><E119/><V14/><F112/><W94/><G7/><T31/><D31/><U96/><E120/><V54/><F126/><W87/><G118/><T12/><D12/><U17/><E113/><V91/><F14/><W77/><G77/><T55/><D132/><N who="2" m="50794" /><F65/><W111/><G42/><T59/><D106/><U8/><E135/><V89/><F102/><W62/><G62/><T30/><D30/><U47/><E96/><V21/><F104/><W52/><G111/><T66/><D66/><U110/><E110/><V22/><F25/><W69/><G69/><T68/><D68/><U84/><E84/><V101/><F101/><W80/><G80/><T2/><D86/><U56/><E17/><V53/><F53/><W92/><G92/><T82/><D6/><U123/><E123/><V109/><F109/><W23/><G52/><T4/><D4/><U5/><E1/><V64/><F64/><W117/><G117/><T13/><D13/><U51/><E39/><V121/><F121/><W40/><G40/><T116/><D116/><U49/><REACH who="1" step="1"/><E56/><REACH who="1" ten="327,163,250,250" step="2"/><V73/><F73/><W105/><G105/><T98/><D38/><U100/><E100/><V57/><F57/><W115/><G115/><T63/><D36/><U26/><E26/><V11/><F85/><W99/><REACH who="3" step="1"/><G108/><REACH who="3" ten="327,163,250,240" step="2"/><T35/><D75/><U90/><E90/><V44/><F89/><W114/><G114/><T127/><D72/><U60/><E60/><V9/><F91/><W130/><G130/><RYUUKYOKU ba="1,2" sc="327,-15,163,15,250,-15,240,15" hai1="0,5,8,27,29,37,41,47,49,50,51,128,129" hai3="18,19,23,24,28,43,45,76,81,87,88,94,99" /><INIT seed="1,2,2,4,0,36" ten="312,178,235,255" oya="1" hai0="28,6,33,56,117,27,128,41,120,24,65,5,107" hai1="44,115,94,23,70,106,13,49,77,82,15,78,125" hai2="32,18,108,85,22,97,2,57,118,8,17,95,113" hai3="48,135,105,26,3,35,12,91,134,54,111,110,73"/><U46/><E106/><V126/><F118/><W9/><G73/><T75/><D117/><U133/><E115/><V93/><F113/><W21/><G105/><T50/><D75/><U0/><E0/><V89/><F126/><W62/><G62/><T1/><D107/><U103/><E70/><V102/><F32/><W74/><G74/><T116/><D116/><U119/><E119/><V39/><F39/><W90/><G35/><T121/><D128/><U131/><E125/><V31/><F108/><N who="3" m="41515" /><G3/><T112/><D112/><U71/><E71/><V92/><F31/><N who="3" m="17871" /><G90/><T64/><D27/><U60/><E60/><V10/><F2/><W109/><G91/><T84/><D84/><N who="1" m="48207" /><E78/><V30/><F93/><W122/><G122/><N who="0" m="47211" /><D56/><U127/><E127/><V52/><F30/><W87/><G87/><T69/><D69/><U88/><E103/><V4/><F4/><N who="0" m="1642" /><D1/><U81/><E131/><V132/><F132/><W7/><N who="3" m="41523" /><W67/><DORA hai="66" /><G67/><T101/><D101/><U76/><E133/><V55/><F55/><W34/><G34/><T40/><D50/><U86/><E49/><V38/><F38/><W42/><G42/><AGARI ba="2,2" hai="24,28,33,40,41,42,64,65" m="1642,47211" machi="42" ten="30,7700,0" yaku="13,1,52,3" doraHai="36,66" who="0" fromWho="3" sc="312,103,178,0,235,0,255,-83" /><INIT seed="2,0,0,4,1,11" ten="415,178,235,172" oya="2" hai0="107,8,17,30,99,57,116,86,91,15,75,14,2" hai1="108,22,98,120,68,84,23,67,118,133,77,49,19" hai2="64,128,96,6,78,110,60,111,81,92,36,31,105" hai3="131,13,82,59,41,114,119,16,62,55,48,126,40"/><V56/><F128/><W109/><G109/><N who="2" m="41481" /><F105/><W58/><G126/><T44/><D75/><U94/><E108/><V28/><F36/><W51/><G131/><T43/><D2/><U10/><E118/><V79/><F6/><W33/><G33/><T125/><D125/><U104/><E133/><V87/><F79/><W21/><G119/><T25/><D116/><U85/><E104/><V93/><F93/><W123/><G123/><T66/><D99/><U24/><E10/><V70/><F70/><W89/><G114/><T53/><D66/><U127/><E120/><V72/><F72/><W101/><G101/><AGARI ba="0,0" hai="28,31,56,60,64,78,81,87,92,96,101" m="41481" machi="101" ten="30,2900,0" yaku="14,1,10,1" doraHai="11" who="2" fromWho="3" sc="415,0,178,0,235,29,172,-29" /><INIT seed="2,1,0,2,0,93" ten="415,178,264,143" oya="2" hai0="78,9,127,122,132,8,129,4,54,96,42,31,60" hai1="67,24,135,68,99,50,82,61,131,124,6,88,5" hai2="39,74,47,119,89,113,0,36,12,103,38,116,104" hai3="73,28,106,51,108,80,111,13,14,105,48,52,10"/><V64/><F113/><W69/><G69/><T83/><D122/><U44/><E124/><V126/><F126/><W115/><G115/><T65/><D127/><U7/><E131/><V94/><F0/><W85/><G73/><T77/><D129/><U11/><E135/><V81/><F64/><W121/><G121/><T40/><D31/><U114/><E24/><V134/><F134/><W37/><G37/><T16/><D54/><U27/><E27/><V62/><F62/><W18/><G51/><T17/><D132/><U79/><E114/><V125/><F125/><W117/><G28/><T22/><D42/><U26/><E26/><V128/><F128/><W86/><G86/><T63/><D40/><U53/><E79/><V112/><F112/><W90/><G14/><T76/><D83/><U71/><E71/><V123/><F123/><W97/><G117/><T29/><D29/><U21/><E21/><V91/><F12/><W95/><G111/><T59/><D63/><U23/><E23/><V49/><F104/><W34/><G34/><T92/><D4/><U15/><REACH who="1" step="1"/><E82/><REACH who="1" ten="415,168,264,143" step="2"/><V66/><F116/><W3/><G108/><T110/><D110/><U56/><E56/><V84/><F119/><W35/><G35/><T130/><D130/><U33/><E33/><V30/><F30/><W101/><REACH who="3" step="1"/><G3/><REACH who="3" ten="415,168,264,133" step="2"/><T102/><REACH who="0" step="1"/><D17/><REACH who="0" ten="405,168,264,133" step="2"/><U118/><E118/><V25/><F74/><W55/><G55/><T107/><D107/><U109/><E109/><V46/><F38/><W1/><G1/><T120/><D120/><U57/><E57/><AGARI ba="1,3" hai="10,13,18,48,52,57,80,85,90,95,97,101,105,106" machi="57" ten="30,7700,0" yaku="1,1,7,1,52,1,54,1,53,0" doraHai="93" doraHaiUra="41" who="3" fromWho="1" sc="405,0,168,-80,264,0,133,110" /><INIT seed="3,0,0,2,0,118" ten="405,88,264,243" oya="3" hai0="116,30,119,80,97,9,94,26,19,72,81,123,135" hai1="133,131,82,54,77,76,7,33,86,108,35,79,46" hai2="44,38,91,10,3,20,22,67,48,87,14,107,42" hai3="21,90,69,127,40,18,126,104,0,74,109,51,57"/><W13/><G69/><T95/><D135/><U4/><E133/><V60/><F107/><W24/><G0/><T134/><D134/><U120/><E108/><V117/><F3/><W124/><G104/><T68/><D68/><U36/><E131/><V39/><F117/><W115/><G115/><T101/><D9/><U89/><E54/><V1/><F1/><W41/><G74/><T128/><D19/><U84/><E36/><V12/><F39/><W32/><G109/><T103/><D128/><U98/><E98/><V130/><F38/><W58/><G32/><T62/><D62/><U43/><E46/><V5/><F12/><W122/><G122/><T6/><D6/><U114/><E43/><N who="3" m="16458" /><G51/><T65/><D65/><U8/><E114/><V64/><F130/><W105/><G105/><T111/><D111/><U55/><E55/><V88/><F91/><W17/><G90/><T16/><D30/><U73/><E73/><V113/><F113/><W112/><G112/><T70/><D70/><U93/><E120/><V11/><F11/><AGARI ba="0,0" hai="11,13,17,18,21,24,57,58,124,126,127" m="16458" machi="11" ten="30,1500,0" yaku="18,1" doraHai="118" who="3" fromWho="2" sc="405,0,88,0,264,-15,243,15" /><INIT seed="3,1,0,0,1,82" ten="405,88,249,258" oya="3" hai0="40,6,52,97,78,48,33,45,5,51,60,87,73" hai1="24,26,39,15,74,125,121,17,76,85,43,65,67" hai2="14,117,115,106,88,49,54,28,19,3,102,70,35" hai3="132,59,4,22,64,119,27,135,84,37,110,57,10"/><W75/><G75/><T105/><D33/><U23/><E74/><V8/><F117/><W53/><G119/><T29/><D73/><U118/><E121/><V13/><F115/><W36/><G110/><T83/><D29/><U32/><E118/><V80/><F70/><W18/><G59/><T127/><D127/><U120/><E120/><V1/><F35/><W104/><G64/><T71/><D71/><U55/><E125/><V50/><F28/><W66/><G66/><T58/><D105/><U114/><E114/><V109/><F109/><W134/><G104/><T126/><D126/><U100/><E100/><V41/><F41/><W108/><G84/><T2/><D2/><U116/><E116/><V112/><F112/><W44/><G44/><N who="0" m="25607" /><D97/><U133/><E133/><V77/><F50/><W56/><G56/><T93/><D93/><U21/><E32/><V38/><F38/><W90/><G90/><T129/><D129/><U86/><E76/><V31/><F31/><W95/><G95/><T72/><D72/><U79/><E79/><V101/><F14/><N who="3" m="5447" /><G108/><T94/><D94/><U47/><E55/><AGARI ba="1,0" hai="5,6,45,51,52,55,58,60,78,83,87" m="25607" machi="55" ten="30,3900,0" yaku="8,1,52,1,54,1" doraHai="82" who="0" fromWho="1" sc="405,42,88,-42,249,0,258,0" /><INIT seed="4,0,0,1,5,8" ten="447,46,249,258" oya="0" hai0="28,91,59,130,75,108,9,26,65,82,20,70,125" hai1="79,104,12,24,113,94,99,17,133,11,23,37,120" hai2="83,73,86,96,10,135,67,111,121,61,19,14,71" hai3="36,89,116,15,118,38,64,29,124,80,33,105,78"/><T35/><D130/><U63/><E120/><V25/><F121/><W109/><G109/><T22/><D108/><U68/><E37/><V30/><F135/><W16/><G105/><T60/><D125/><U90/><E133/><V0/><F111/><W72/><G124/><T53/><D91/><U88/><E104/><V44/><F44/><W54/><G64/><T47/><D47/><U95/><E113/><V123/><F123/><W52/><G36/><T4/><D82/><U31/><E68/><V34/><F96/><W57/><G38/><T106/><D75/><U101/><E79/><V115/><F115/><W76/><G76/><T46/><D46/><U126/><E126/><V66/><F66/><W131/><G54/><T48/><REACH who="0" step="1"/><D106/><REACH who="0" ten="437,46,249,258" step="2"/><U127/><E127/><V93/><F73/><W102/><G89/><T119/><D119/><U98/><E63/><V81/><F93/><W41/><G118/><T77/><D77/><U7/><REACH who="1" step="1"/><E90/><REACH who="1" ten="437,36,249,258" step="2"/><V32/><F61/><W62/><G62/><T56/><D56/><U3/><E3/><AGARI ba="0,2" hai="3,4,9,20,22,26,28,35,48,53,59,60,65,70" machi="3" ten="30,2900,0" yaku="1,1,7,1,53,0" doraHai="8" doraHaiUra="74" who="0" fromWho="1" sc="437,49,36,-29,249,0,258,0" /><INIT seed="4,1,0,5,4,107" ten="486,7,249,258" oya="0" hai0="36,72,54,24,28,92,25,48,41,70,6,47,64" hai1="76,110,105,58,124,121,38,3,59,34,67,56,126" hai2="16,17,0,85,132,66,114,53,101,131,10,97,112" hai3="128,45,51,8,96,79,74,109,2,29,42,83,19"/><T13/><D6/><U117/><E117/><V68/><F132/><W30/><G109/><T88/><D13/><U63/><E34/><V99/><F131/><W7/><G128/><T12/><D12/><U44/><E3/><V127/><F127/><N who="1" m="48681" /><E105/><V11/><F53/><W55/><G19/><N who="2" m="7241" /><F85/><W93/><G55/><T57/><D28/><U5/><E5/><V84/><F84/><W60/><G60/><N who="0" m="40199" /><D72/><U98/><E98/><AGARI ba="1,0" hai="24,25,36,41,47,48,54,57,88,92,98" m="40199" machi="98" ten="30,2900,0" yaku="24,1,54,1" doraHai="107" who="0" fromWho="1" sc="486,32,7,-32,249,0,258,0" owari="518,61.8,-25,-52.5,249,-15.1,258,5.8" /></mjloggm>