<mjloggm ver="2.3"><GO type="169" lobby="0"/><UN n0="%E3%81%8B%E3%81%A5%E3%81%8D%EF%BC%B8%EF%BC%A9" n1="%69%50%68%6F%6E%65%31" n2="%E3%83%91%E3%82%A1%E3%82%AF" n3="%6D%75%72%61%30%2B" dan="18,16,18,16" rate="2172.45,2128.79,2235.69,2133.27" sx="M,M,M,M"/><TAIKYOKU oya="0"/><INIT seed="0,0,0,2,1,134" ten="250,250,250,250" oya="0" hai0="127,105,12,58,47,32,15,79,66,126,103,56,100" hai1="49,1,111,3,74,75,133,4,108,122,81,7,18" hai2="70,52,35,73,132,107,92,113,60,54,87,13,0" hai3="64,33,95,124,94,123,25,9,27,110,16,131,106"/><T39/><D32/><U102/><E122/><V26/><F0/><N who="1" m="73" /><E81/><V14/><F73/><N who="1" m="27657" /><E49/><V23/><F107/><W28/><G106/><T38/><D79/><U19/><E102/><V86/><F132/><W82/><G110/><N who="1" m="42026" /><E133/><V135/><F35/><W10/><G82/><T67/><D105/><U51/><E51/><V90/><F113/><W128/><G95/><T76/><D76/><U46/><E46/><AGARI ba="0,0" hai="12,15,38,39,46,47,56,58,66,67,100,103,126,127" machi="46" ten="25,9600,0" yaku="22,2,52,2" doraHai="134" who="0" fromWho="1" sc="250,96,250,-96,250,0,250,0" /><INIT seed="0,1,0,4,5,94" ten="346,154,250,250" oya="0" hai0="107,82,64,61,84,20,125,44,101,32,88,18,69" hai1="6,0,23,110,130,135,77,51,68,28,103,55,66" hai2="86,52,16,124,91,58,15,109,74,50,59,108,29" hai3="53,48,87,56,45,132,11,89,17,100,7,92,120"/><T85/><D125/><U90/><E77/><V9/><F124/><W111/><G111/><N who="2" m="42569" /><F29/><W97/><G132/><T118/><D118/><U134/><E110/><V14/><F14/><W22/><G120/><T128/><D32/><U71/><E103/><V26/><F26/><W43/><G11/><T121/><D121/><U80/><E80/><N who="2" m="49607" /><F74/><W40/><G45/><AGARI ba="1,0" hai="9,15,16,45,50,52,58,59" m="49607,42569" machi="45" ten="30,7700,0" yaku="25,1,14,1,54,2" doraHai="94" who="2" fromWho="3" sc="346,0,154,0,250,80,250,-80" /><INIT seed="1,0,0,2,4,4" ten="346,154,330,170" oya="1" hai0="40,79,77,107,97,92,101,37,80,72,75,135,88" hai1="108,100,39,11,126,67,85,83,131,26,76,23,103" hai2="91,45,104,95,89,114,84,51,62,48,49,64,9" hai3="134,128,3,132,66,32,120,41,14,133,12,5,16"/><U25/><E131/><V68/><F104/><W129/><G66/><T21/><D40/><U24/><E126/><V90/><F114/><W115/><G41/><T0/><D0/><U20/><E108/><V34/><F34/><W86/><G86/><N who="0" m="52247" /><D37/><U102/><E39/><V18/><REACH who="2" step="1"/><F45/><REACH who="2" ten="346,154,320,170" step="2"/><W8/><G115/><T58/><D135/><U87/><E67/><V122/><F122/><W22/><G120/><T7/><D58/><U113/><E113/><V47/><F47/><W60/><G60/><T121/><D121/><U38/><E38/><V54/><F54/><W43/><G43/><T123/><D123/><U110/><E110/><V44/><F44/><W57/><G57/><T116/><D116/><U105/><E105/><V55/><F55/><W96/><G32/><T111/><D111/><U65/><E65/><V74/><F74/><W30/><G30/><T106/><D106/><U2/><REACH who="1" step="1"/><E87/><REACH who="1" ten="346,144,320,170" step="2"/><V53/><F53/><W93/><REACH who="3" step="1"/><G3/><REACH who="3" ten="346,144,320,160" step="2"/><T124/><D75/><U94/><E94/><V98/><F98/><W31/><G31/><T13/><D97/><U50/><E50/><V82/><F82/><W127/><G127/><T6/><D124/><U29/><E29/><V81/><F81/><W109/><G109/><T15/><D80/><U17/><E17/><V70/><F70/><W61/><G61/><T112/><D112/><U130/><E130/><V28/><F28/><W42/><G42/><T10/><D72/><U56/><E56/><V118/><F118/><W36/><G36/><T125/><D125/><U99/><E99/><V1/><F1/><W35/><G35/><RYUUKYOKU ba="0,3" sc="346,-30,144,10,320,10,160,10" hai1="2,11,20,23,24,25,26,76,83,85,100,102,103" hai2="9,18,48,49,51,62,64,68,84,89,90,91,95" hai3="5,8,12,14,16,22,93,96,128,129,132,133,134" /><INIT seed="1,1,3,0,5,87" ten="316,154,330,170" oya="1" hai0="133,106,93,12,77,96,43,92,113,20,134,35,75" hai1="55,54,72,42,73,31,128,56,15,27,25,8,4" hai2="103,89,19,33,100,22,26,39,52,104,17,83,118" hai3="50,124,131,123,97,58,80,122,129,30,41,95,28"/><U47/><E128/><N who="3" m="49226" /><G124/><T37/><D35/><U81/><E27/><V5/><F118/><W67/><G80/><N who="0" m="45119" /><D43/><U68/><E68/><V21/><F33/><W63/><G41/><T16/><D37/><U49/><E81/><V109/><F104/><W125/><G50/><T1/><D1/><U130/><E55/><V108/><F5/><W6/><G6/><T98/><D113/><U65/><E65/><V46/><F39/><W69/><G69/><T23/><D98/><U70/><E70/><V32/><F32/><W60/><G60/><T119/><D23/><U107/><E107/><V64/><F64/><W78/><G78/><T91/><D93/><U13/><E13/><N who="2" m="9391" /><F109/><W110/><G125/><T40/><D40/><U88/><E130/><V44/><F108/><W121/><G110/><T9/><D9/><U101/><E101/><AGARI ba="1,3" hai="28,30,58,63,67,95,97,101,121,122,123" m="49226" machi="101" ten="40,1300,0" yaku="19,1" doraHai="87" who="3" fromWho="1" sc="316,0,154,-16,330,0,170,46" /><INIT seed="2,0,0,0,3,65" ten="316,138,330,216" oya="2" hai0="127,49,78,91,7,64,71,68,122,56,40,12,13" hai1="102,85,135,47,124,11,0,19,125,126,106,74,62" hai2="95,84,76,15,9,18,119,59,129,60,29,42,79" hai3="48,115,130,28,27,55,46,110,26,44,89,53,6"/><V52/><F129/><W73/><G110/><T112/><D112/><U104/><E74/><V118/><F42/><W1/><G115/><T87/><D78/><U93/><E135/><V33/><F79/><W88/><G73/><T131/><D122/><U113/><E113/><V21/><F33/><W24/><G28/><T34/><D34/><U120/><E120/><V134/><F134/><W123/><G123/><T75/><D75/><U58/><E47/><V99/><F84/><W90/><G130/><T17/><D127/><U22/><E11/><V39/><F39/><W10/><REACH who="3" step="1"/><G46/><REACH who="3" ten="316,138,330,206" step="2"/><T121/><D131/><U70/><E126/><V100/><F76/><W8/><G8/><T86/><D121/><U132/><E125/><V5/><REACH who="2" step="1"/><F29/><REACH who="2" ten="316,138,320,206" step="2"/><W105/><G105/><T94/><D87/><U97/><E85/><V20/><F20/><W81/><G81/><T98/><D86/><U4/><E106/><V23/><F23/><W82/><G82/><T14/><D98/><U107/><E124/><V57/><F57/><W31/><G31/><T77/><D56/><U2/><E107/><V63/><F63/><W133/><G133/><T128/><D77/><U69/><E104/><V36/><F36/><W103/><G103/><T108/><D128/><U83/><E83/><V50/><F50/><W32/><G32/><T109/><D49/><U30/><E30/><V67/><F67/><W117/><G117/><T51/><D64/><N who="1" m="38999" /><E132/><V35/><F35/><W92/><G92/><T41/><D94/><U116/><E116/><V37/><F37/><W43/><AGARI ba="0,2" hai="1,6,10,24,26,27,43,44,48,53,55,88,89,90" machi="43" ten="30,4000,0" yaku="1,1,0,1,54,1,53,0" doraHai="65" doraHaiUra="114" who="3" fromWho="3" sc="316,-10,138,-10,320,-20,206,60" /><INIT seed="3,0,0,1,4,21" ten="306,128,300,266" oya="3" hai0="60,108,112,109,94,86,17,91,29,9,33,62,20" hai1="53,24,84,70,100,28,61,31,125,18,121,126,26" hai2="113,96,77,120,133,90,4,3,73,82,65,107,135" hai3="76,75,46,98,128,35,7,30,54,55,127,116,0"/><W43/><G116/><T80/><D112/><U110/><E121/><V83/><F4/><W106/><G127/><N who="1" m="48650" /><E18/><V93/><F3/><W111/><G128/><T51/><D9/><U6/><E6/><V89/><F65/><W41/><G41/><T102/><D29/><N who="1" m="11339" /><E110/><N who="0" m="42601" /><D33/><U44/><E100/><N who="2" m="62855" /><F113/><W10/><G111/><T40/><D102/><U34/><E34/><V2/><F2/><W5/><G98/><T11/><D11/><U123/><E123/><V49/><F49/><W8/><G106/><T27/><D80/><U85/><E44/><AGARI ba="0,0" hai="17,20,27,40,44,51,60,62,86,91,94" m="42601" machi="44" ten="30,2000,0" yaku="14,1,52,1" doraHai="21" who="0" fromWho="1" sc="306,20,128,-20,300,0,266,0" /><INIT seed="4,0,0,0,3,50" ten="326,108,300,266" oya="0" hai0="42,100,80,117,116,9,14,49,109,30,20,95,89" hai1="67,54,61,115,72,85,73,5,69,19,22,126,56" hai2="16,102,21,63,60,129,113,55,29,87,6,33,58" hai3="92,15,44,111,99,10,106,130,40,47,74,53,34"/><T17/><D109/><U77/><E126/><V4/><F113/><W71/><G111/><T127/><D127/><U45/><E115/><V8/><F129/><W104/><G34/><T76/><D100/><U12/><E45/><V84/><F102/><W48/><G74/><T133/><D133/><U114/><E114/><V13/><F33/><W0/><G71/><T3/><D3/><U46/><E46/><V122/><F29/><W93/><G0/><T105/><D105/><U64/><E64/><V7/><F122/><W37/><G93/><T36/><D36/><U78/><E5/><V98/><F98/><W110/><G110/><T125/><D125/><U121/><E121/><V70/><REACH who="2" step="1"/><F8/><REACH who="2" ten="326,108,290,266" step="2"/><W51/><G130/><T1/><D116/><U124/><E124/><V94/><F94/><W96/><G99/><T38/><D117/><U75/><REACH who="1" step="1"/><E85/><REACH who="1" ten="326,98,290,266" step="2"/><V86/><F86/><W90/><REACH who="3" step="1"/><G37/><REACH who="3" ten="326,98,290,256" step="2"/><T52/><D38/><U103/><E103/><V25/><F25/><W32/><G32/><T119/><D119/><U24/><E24/><V79/><F79/><W120/><G120/><T41/><D76/><U118/><E118/><V128/><F128/><W123/><G123/><T68/><D80/><U108/><E108/><V57/><F57/><W101/><G101/><T18/><D68/><U65/><E65/><AGARI ba="0,3" hai="4,6,7,13,16,21,55,58,60,63,65,70,84,87" machi="65" ten="40,5200,0" yaku="1,1,52,1,54,1,53,0" doraHai="50" doraHaiUra="112" who="2" fromWho="1" sc="326,0,98,-52,290,82,256,0" /><INIT seed="5,0,0,3,0,17" ten="326,46,372,256" oya="1" hai0="25,94,20,30,21,87,123,13,133,0,22,50,130" hai1="36,109,72,70,57,9,96,85,78,86,31,119,81" hai2="127,26,74,19,27,129,75,46,34,125,38,91,53" hai3="103,40,83,42,122,14,99,88,117,18,10,107,69"/><U37/><E70/><V33/><F129/><W45/><G122/><T23/><D0/><U71/><E71/><V55/><F19/><W77/><G117/><T110/><D110/><U95/><E119/><V32/><F91/><W105/><G69/><T97/><D123/><U63/><E109/><V15/><F15/><W121/><G121/><T11/><D130/><U79/><E9/><V82/><F82/><W52/><G105/><T134/><D87/><U90/><E31/><V24/><F46/><W56/><G45/><T7/><REACH who="0" step="1"/><D50/><REACH who="0" ten="316,46,372,256" step="2"/><U64/><REACH who="1" step="1"/><E72/><REACH who="1" ten="316,36,372,256" step="2"/><N who="2" m="27691" /><F38/><W68/><G68/><T41/><D41/><U66/><E66/><V100/><F34/><W112/><G112/><T8/><D8/><U102/><E102/><AGARI ba="0,2" hai="7,11,13,20,21,22,23,25,30,94,97,102,133,134" machi="102" ten="40,8000,1" yaku="1,1,52,4,53,0" doraHai="17" doraHaiUra="73" who="0" fromWho="1" sc="316,100,36,-80,372,0,256,0" owari="416,51.6,-44,-54.4,372,17.2,256,-14.4" /></mjloggm>