<mjloggm ver="2.3"><GO type="169" lobby="0"/><UN n0="%4B%4F%52%41%49%40%40%40" n1="%E3%83%9E%E3%83%9E%E3%83%AC%E3%83%BC%E3%83%89%E7%94%B7" n2="%36%39%33" n3="%E3%82%B7%E3%83%A9%2E" dan="17,16,16,16" rate="2173.96,2054.98,2029.47,2188.44" sx="M,M,M,M"/><TAIKYOKU oya="0"/><INIT seed="0,0,0,1,4,109" ten="250,250,250,250" oya="0" hai0="74,52,129,79,19,46,120,113,94,29,53,44,2" hai1="73,7,58,50,103,68,11,125,28,51,33,54,128" hai2="27,83,122,67,108,21,59,118,75,135,119,13,10" hai3="63,88,133,130,69,14,48,15,97,3,17,132,96"/><T81/><D120/><U5/><E73/><V25/><F108/><W91/><G3/><T123/><D123/><U84/><E68/><V76/><F122/><W93/><G48/><T31/><D2/><U43/><E125/><V23/><F135/><N who="3" m="51787" /><G130/><T85/><D74/><U64/><E128/><V60/><F25/><W78/><G78/><T37/><D37/><U127/><E127/><V106/><F106/><W42/><G42/><T35/><D35/><U82/><E103/><V99/><F99/><N who="3" m="37963" /><G93/><T49/><D129/><U38/><E64/><V34/><F34/><W110/><G110/><T134/><D113/><U101/><E101/><V45/><F45/><W80/><G80/><T61/><D134/><U98/><E98/><V89/><F89/><N who="3" m="34379" /><G17/><T102/><D102/><U40/><E38/><V0/><F0/><W117/><G117/><T77/><D94/><U24/><E50/><V92/><F92/><W72/><G72/><T105/><D105/><U41/><E11/><V56/><F23/><W62/><G69/><T104/><D104/><U6/><E82/><V47/><F47/><W116/><G116/><T124/><D79/><U100/><REACH who="1" step="1"/><E100/><REACH who="1" ten="250,240,250,250" step="2"/><V32/><F118/><W4/><G4/><T18/><D124/><U112/><E112/><V114/><F114/><W111/><G111/><T20/><D44/><U90/><E90/><V30/><F119/><W36/><G36/><T126/><D126/><U57/><E57/><V107/><F59/><W9/><G9/><T70/><D70/><U87/><AGARI ba="0,1" hai="5,6,7,24,28,33,40,41,43,51,54,58,84,87" machi="87" ten="40,2700,0" yaku="1,1,0,1,53,0" doraHai="109" doraHaiUra="8" who="1" fromWho="1" sc="250,-13,240,37,250,-7,250,-7" /><INIT seed="1,0,0,5,3,130" ten="237,277,243,243" oya="1" hai0="70,28,81,20,94,34,56,54,131,14,51,82,38" hai1="118,77,33,132,13,0,111,97,92,3,60,100,23" hai2="98,2,116,24,40,125,48,103,25,83,87,6,12" hai3="47,39,49,61,1,42,4,99,44,31,69,5,29"/><U22/><E33/><V134/><F116/><W86/><G99/><T133/><D38/><U7/><E118/><V43/><F2/><W65/><G86/><T52/><D70/><U27/><E111/><V8/><F125/><W102/><G102/><T107/><D107/><U46/><E77/><V135/><F25/><W89/><G89/><T21/><D34/><U84/><E132/><N who="2" m="50731" /><F48/><W11/><REACH who="3" step="1"/><G5/><REACH who="3" ten="237,277,243,233" step="2"/><T55/><D133/><U101/><E100/><V121/><F121/><W26/><G26/><T80/><D131/><U68/><E27/><V76/><F24/><W17/><G17/><N who="0" m="10295" /><D94/><AGARI ba="0,1" hai="6,8,12,40,43,76,83,87,94,98,103" m="50731" machi="94" ten="30,7700,0" yaku="20,1,52,3" doraHai="130" who="2" fromWho="0" sc="237,-77,277,0,243,87,233,0" /><INIT seed="2,0,0,4,3,0" ten="160,277,330,233" oya="2" hai0="72,43,51,65,12,35,42,24,103,60,74,28,29" hai1="66,10,135,47,25,76,122,106,50,133,110,129,5" hai2="100,75,6,97,96,2,126,56,132,31,123,32,95" hai3="69,67,15,111,21,107,73,13,83,20,77,41,23"/><V82/><F123/><W62/><G111/><T3/><D3/><U27/><E106/><V114/><F114/><W16/><G107/><T89/><D103/><U64/><E110/><V99/><F126/><W130/><G130/><T22/><D28/><U91/><E129/><V37/><F132/><W128/><G128/><T63/><D63/><U101/><E101/><V4/><F37/><W34/><G34/><T26/><D12/><U36/><E36/><V104/><F2/><W49/><REACH who="3" step="1"/><G15/><REACH who="3" ten="160,277,330,223" step="2"/><T117/><D35/><U55/><E133/><V125/><F104/><W90/><G90/><T115/><D89/><U121/><E135/><V86/><F100/><W57/><G57/><T45/><D115/><U79/><E91/><V116/><F56/><W88/><G88/><T46/><D117/><U70/><E121/><V1/><F116/><W127/><G127/><T93/><D93/><U48/><E122/><V58/><F58/><W18/><G18/><T11/><D24/><U98/><E25/><V119/><F119/><W68/><G68/><T120/><D120/><U17/><E17/><V131/><F131/><W105/><G105/><T38/><REACH who="0" step="1"/><D11/><REACH who="0" ten="150,277,330,223" step="2"/><U8/><E10/><V40/><F125/><W81/><G81/><T85/><D85/><U78/><E27/><V113/><F113/><W109/><G109/><T9/><D9/><U44/><E70/><AGARI ba="0,2" hai="22,26,29,38,42,43,45,46,51,60,65,70,72,74" machi="70" ten="30,2000,0" yaku="1,1,7,1,53,0" doraHai="0" doraHaiUra="92" who="0" fromWho="1" sc="150,40,277,-20,330,0,223,0" /><INIT seed="3,0,0,2,4,7" ten="190,257,330,223" oya="3" hai0="10,30,46,103,13,29,112,110,125,8,62,109,115" hai1="129,78,9,116,24,132,66,92,5,35,72,75,47" hai2="26,131,14,67,95,89,0,82,6,64,61,60,27" hai3="63,91,87,34,119,90,32,58,70,106,54,134,76"/><W37/><G119/><T59/><D125/><U135/><E116/><V25/><F0/><W111/><G134/><N who="1" m="51242" /><E129/><V94/><F82/><W39/><G106/><T121/><D103/><U21/><E35/><V97/><F131/><W126/><G126/><T128/><D128/><U15/><E66/><N who="2" m="25131" /><F94/><W120/><G120/><T19/><D121/><U130/><E130/><V49/><F49/><W28/><G70/><T52/><D46/><U113/><E113/><N who="0" m="43593" /><D10/><AGARI ba="0,0" hai="6,10,14,25,26,27,60,61,89,95,97" m="25131" machi="10" ten="30,2000,0" yaku="8,1,52,1" doraHai="7" who="2" fromWho="0" sc="190,-20,257,0,330,20,223,0" /><INIT seed="4,0,0,4,0,113" ten="170,257,350,223" oya="0" hai0="85,21,28,87,67,4,119,124,26,93,5,82,57" hai1="7,48,68,105,71,90,84,94,111,131,30,3,103" hai2="130,40,49,15,38,19,54,73,104,51,112,33,12" hai3="129,134,42,78,41,72,89,14,53,10,101,59,64"/><T95/><D124/><U11/><E111/><V117/><F73/><W133/><G101/><T121/><D121/><U116/><E116/><V58/><F38/><W18/><G64/><T47/><D119/><U80/><E131/><V70/><F70/><W16/><G129/><T43/><D67/><U97/><E30/><V50/><F117/><W63/><G89/><T76/><D57/><U106/><E106/><V118/><F118/><W13/><G78/><T127/><D127/><U1/><E1/><V96/><F33/><W44/><G72/><T100/><D100/><U99/><REACH who="1" step="1"/><E48/><REACH who="1" ten="170,247,350,223" step="2"/><V36/><F104/><W24/><G24/><T86/><D93/><U120/><E120/><V35/><F50/><W77/><G77/><AGARI ba="0,1" hai="3,7,11,68,71,77,80,84,90,94,97,99,103,105" machi="77" ten="30,3900,0" yaku="1,1,7,1,53,1" doraHai="113" doraHaiUra="98" who="1" fromWho="3" sc="170,0,247,49,350,0,223,-39" /><INIT seed="5,0,0,2,2,12" ten="170,296,350,184" oya="1" hai0="99,97,0,90,83,6,27,10,7,69,1,126,68" hai1="14,76,18,38,2,34,61,104,98,37,16,107,50" hai2="135,85,86,63,58,79,36,47,124,33,45,78,31" hai3="121,21,95,116,48,42,91,109,106,56,101,87,72"/><U100/><E2/><V23/><F33/><W112/><G121/><T62/><D126/><U122/><E122/><V19/><F31/><W118/><G109/><T70/><D62/><U110/><E34/><V120/><F120/><W13/><G112/><T125/><D125/><U49/><E107/><V71/><F71/><W82/><G42/><T32/><D83/><U115/><E115/><V114/><F124/><W55/><G106/><T89/><D32/><U80/><E110/><V75/><F135/><W129/><G129/><T26/><D68/><U128/><E128/><V39/><F39/><W65/><G65/><T29/><REACH who="0" step="1"/><D10/><REACH who="0" ten="160,296,350,184" step="2"/><U41/><E61/><V111/><F63/><W64/><G64/><T59/><D59/><U123/><E123/><V54/><F58/><W77/><REACH who="3" step="1"/><G101/><REACH who="3" ten="160,296,350,174" step="2"/><T131/><D131/><U92/><E104/><V73/><F111/><W66/><G66/><T67/><D67/><U134/><E134/><V40/><F114/><W5/><G5/><T11/><D11/><U57/><E92/><V119/><F119/><W17/><AGARI ba="0,2" hai="13,17,21,48,55,56,72,77,82,87,91,95,116,118" machi="17" ten="30,8000,1" yaku="1,1,0,1,25,2,52,1,53,0" doraHai="12" doraHaiUra="93" who="3" fromWho="3" sc="160,-20,296,-40,350,-20,174,100" /><INIT seed="6,0,0,3,4,123" ten="140,256,330,274" oya="2" hai0="49,40,27,16,114,12,100,37,14,26,60,55,23" hai1="69,126,58,20,13,22,54,8,3,84,116,51,93" hai2="42,31,44,39,11,53,80,134,124,34,128,9,120" hai3="104,43,38,0,4,135,61,6,97,103,5,121,95"/><V36/><F120/><W98/><G121/><T119/><D114/><U101/><E116/><V110/><F39/><W117/><G117/><T52/><D119/><U2/><E126/><V18/><F124/><W46/><G135/><T133/><D133/><U89/><E69/><V17/><F134/><W35/><G35/><T122/><D122/><U131/><E131/><V115/><F115/><W25/><G25/><T7/><D37/><U63/><E2/><V72/><F53/><W41/><G41/><T29/><D100/><U57/><E3/><V81/><F11/><W118/><G118/><T129/><D129/><U10/><E10/><V96/><F96/><W73/><G73/><T105/><D105/><U91/><E91/><V78/><F80/><W108/><G61/><T1/><D1/><U62/><E51/><V71/><F71/><W77/><G77/><T45/><D7/><N who="1" m="3231" /><E101/><V33/><F18/><W111/><REACH who="3" step="1"/><G0/><REACH who="3" ten="140,256,330,264" step="2"/><T28/><D28/><U68/><E68/><V102/><F31/><W48/><G48/><T30/><D29/><U85/><E85/><V113/><F34/><W109/><G109/><T32/><REACH who="0" step="1"/><D40/><REACH who="0" ten="130,256,330,264" step="2"/><U90/><E90/><AGARI ba="0,2" hai="4,5,6,38,43,46,90,95,97,98,103,104,108,111" machi="90" ten="40,5200,0" yaku="1,1,52,2,53,0" doraHai="123" doraHaiUra="74" who="3" fromWho="1" sc="130,0,256,-52,330,0,264,72" /><INIT seed="7,0,0,3,2,95" ten="130,204,330,336" oya="3" hai0="122,16,12,114,43,15,71,14,55,124,44,106,117" hai1="30,4,29,111,1,91,116,11,96,107,63,86,64" hai2="41,80,56,78,67,25,123,8,27,60,108,47,18" hai3="50,66,94,49,75,9,119,102,0,77,36,61,17"/><W93/><G119/><T28/><D106/><U99/><E111/><V52/><F108/><W59/><G36/><T83/><D71/><U128/><E128/><V65/><F123/><W2/><G2/><T101/><D117/><U57/><E116/><V24/><F8/><W34/><G34/><T39/><D122/><U13/><E1/><V130/><F18/><W133/><G133/><T68/><D68/><U26/><E107/><V135/><F135/><W88/><G75/><T79/><D124/><U40/><E40/><V85/><REACH who="2" step="1"/><F130/><REACH who="2" ten="130,204,320,336" step="2"/><W112/><G112/><T103/><D114/><U53/><E64/><V89/><F89/><W42/><G77/><T32/><D101/><U113/><E113/><V5/><F5/><W22/><G9/><T3/><D3/><U31/><E26/><V35/><F35/><W109/><G0/><T62/><D103/><U6/><E6/><V69/><F69/><W97/><G109/><T54/><D28/><U46/><E46/><V118/><F118/><W125/><G125/><T19/><D32/><U129/><E129/><V126/><F126/><W120/><G120/><T87/><D62/><U51/><E63/><V58/><F58/><W37/><G17/><T76/><D76/><U115/><E115/><V48/><AGARI ba="0,1" hai="24,25,27,41,47,48,52,56,60,65,67,78,80,85" machi="48" ten="30,8000,1" yaku="1,1,0,1,8,1,54,1,53,1" doraHai="95" doraHaiUra="38" who="2" fromWho="2" sc="130,-20,204,-20,320,90,336,-40" owari="110,-39.0,184,-21.6,410,51.0,296,9.6" /></mjloggm>