<mjloggm ver="2.3"><GO type="169" lobby="0"/><UN n0="%53%65%72%69%61" n1="%E3%81%9F%E3%81%BE%E5%AD%90" n2="%70%61%77%61" n3="%E7%A5%9E%E6%88%B8%E5%B0%8F%E9%B3%A5%E9%86%A4" dan="16,17,18,16" rate="2122.00,2238.49,2316.88,2054.94" sx="M,M,M,F"/><TAIKYOKU oya="0"/><INIT seed="0,0,0,2,4,54" ten="250,250,250,250" oya="0" hai0="10,114,23,107,57,68,125,49,79,76,17,104,20" hai1="84,82,92,19,111,83,41,2,56,134,72,69,117" hai2="9,33,22,39,12,113,38,112,64,62,59,88,52" hai3="87,51,133,105,30,101,27,106,100,77,132,99,16"/><T1/><D114/><U129/><E117/><V47/><F33/><W63/><G51/><T128/><D128/><U96/><E69/><V86/><F22/><W32/><G63/><T66/><D125/><U29/><E111/><V80/><F39/><W115/><G115/><T18/><D68/><U50/><E134/><N who="3" m="51818" /><G16/><T78/><D1/><U103/><E129/><V53/><F53/><W75/><G75/><T5/><D5/><U120/><E120/><V36/><F36/><W124/><G124/><T43/><D10/><U93/><E2/><V135/><F135/><W4/><G4/><T116/><D116/><U6/><E6/><V15/><F15/><W45/><G45/><T89/><D89/><U21/><E72/><V108/><F108/><W65/><G65/><T67/><D79/><U102/><E29/><V127/><F127/><W48/><G48/><T8/><D8/><U42/><E103/><N who="3" m="39498" /><G99/><T90/><D49/><U130/><E130/><V95/><F64/><W61/><G61/><T25/><D90/><N who="1" m="53319" /><E42/><V40/><F95/><W60/><G60/><T122/><D43/><U55/><E41/><V14/><F14/><AGARI ba="0,0" hai="14,19,21,50,55,56,82,83,93,96,102" m="53319" machi="14" ten="30,3900,0" yaku="25,1,8,1,52,1" doraHai="54" who="1" fromWho="2" sc="250,0,250,39,250,-39,250,0" /><INIT seed="1,0,0,2,4,99" ten="250,289,211,250" oya="1" hai0="3,63,105,34,61,113,64,7,85,19,86,30,12" hai1="35,59,51,102,31,124,39,38,110,90,9,28,118" hai2="108,77,134,78,92,130,60,37,10,79,32,127,54" hai3="128,111,8,0,53,72,100,55,80,14,106,87,58"/><U40/><E118/><V21/><F108/><W68/><G68/><T97/><D113/><U107/><E124/><V133/><F32/><W57/><G72/><T25/><D63/><U81/><E110/><V46/><F127/><W62/><G111/><T122/><D122/><U17/><E90/><V22/><F130/><W5/><G128/><T94/><D105/><U115/><E81/><V56/><F10/><W41/><G41/><T6/><D6/><U2/><E115/><V36/><F92/><W119/><G119/><T114/><D114/><U42/><E59/><V43/><REACH who="2" step="1"/><F37/><REACH who="2" ten="250,289,201,250" step="2"/><W1/><G1/><T52/><D3/><U71/><E35/><V126/><F126/><W82/><G0/><T33/><D33/><U18/><E9/><V70/><F70/><W20/><G20/><AGARI ba="0,1" hai="20,21,22,36,43,46,54,56,60,77,78,79,133,134" machi="20" ten="40,1300,0" yaku="1,1,53,0" doraHai="99" doraHaiUra="135" who="2" fromWho="3" sc="250,0,289,0,201,23,250,-13" /><INIT seed="2,0,0,5,5,114" ten="250,289,224,237" oya="2" hai0="16,92,126,131,128,76,26,93,106,73,6,127,96" hai1="69,18,40,33,15,119,10,60,124,63,75,53,102" hai2="43,80,66,22,133,56,58,67,30,42,13,64,31" hai3="83,118,29,109,89,28,38,84,115,108,86,88,104"/><V11/><F133/><W36/><G115/><T34/><D6/><U121/><E75/><V91/><F80/><W110/><G104/><T2/><D2/><U59/><E124/><N who="0" m="47657" /><D34/><U111/><E111/><V62/><F91/><W81/><G110/><T71/><D71/><U98/><E33/><V105/><F105/><W125/><G125/><T100/><D16/><U94/><E121/><V132/><F132/><W57/><REACH who="3" step="1"/><G57/><REACH who="3" ten="250,289,224,227" step="2"/><T48/><D106/><U12/><E69/><V74/><F58/><W49/><G49/><T112/><D48/><U77/><E63/><V122/><F122/><W130/><G130/><T32/><D112/><U78/><E40/><N who="2" m="15403" /><F74/><W103/><G103/><T55/><D100/><U79/><REACH who="1" step="1"/><E15/><REACH who="1" ten="250,279,224,227" step="2"/><V99/><F62/><W50/><G50/><T46/><D73/><U21/><E21/><V0/><F22/><W52/><G52/><T54/><D54/><U1/><E1/><V35/><F0/><W72/><G72/><T134/><D55/><U70/><E70/><V41/><F41/><W101/><G101/><T8/><D32/><U61/><E61/><V65/><F35/><W117/><AGARI ba="0,2" hai="28,29,36,38,81,83,84,86,88,89,108,109,117,118" machi="117" ten="25,16000,3" yaku="1,1,0,1,22,2,52,2,54,1,53,2" doraHai="114" doraHaiUra="85" who="3" fromWho="3" sc="250,-40,279,-40,224,-80,227,180" /><INIT seed="3,0,0,3,4,63" ten="210,239,144,407" oya="3" hai0="72,4,121,74,60,126,93,24,42,53,87,9,30" hai1="54,36,40,101,50,129,5,116,20,17,65,10,91" hai2="109,28,56,124,108,8,80,100,43,41,59,37,92" hai3="83,57,68,127,105,51,98,131,135,134,62,85,112"/><W34/><G112/><T96/><D121/><U3/><E129/><V21/><F80/><W89/><G34/><T33/><D126/><U125/><E125/><V11/><F124/><W67/><G131/><T35/><D35/><U2/><E2/><V22/><F92/><W119/><G127/><T15/><D42/><U47/><E116/><V69/><F69/><W88/><G119/><T26/><D26/><U29/><E101/><V6/><F100/><W46/><G68/><T0/><D87/><U1/><E1/><V107/><F37/><W122/><G122/><T16/><D53/><U19/><E91/><V95/><F95/><W103/><REACH who="3" step="1"/><G89/><REACH who="3" ten="210,239,144,397" step="2"/><T84/><D33/><U52/><E29/><V90/><F90/><W115/><G115/><T12/><D30/><U70/><E17/><V113/><F28/><W25/><G25/><T48/><D24/><U132/><E132/><V71/><F71/><W123/><G123/><T86/><D16/><U106/><E70/><V38/><F113/><W104/><G104/><T111/><D4/><U45/><E106/><V117/><F6/><W128/><G128/><T99/><D72/><U13/><REACH who="1" step="1"/><E65/><REACH who="1" ten="210,229,144,397" step="2"/><V18/><F18/><W58/><G58/><T133/><D133/><U66/><E66/><V76/><F107/><W7/><G7/><T61/><D0/><U114/><E114/><V82/><F117/><W73/><G73/><T78/><D74/><U64/><E64/><V55/><F109/><W32/><G32/><T39/><D111/><U110/><E110/><V120/><F108/><W23/><G23/><T94/><D86/><RYUUKYOKU ba="0,2" sc="210,-15,229,15,144,-15,397,15" hai1="3,5,10,13,19,20,36,40,45,47,50,52,54" hai3="46,51,57,62,67,83,85,88,98,103,105,134,135" /><INIT seed="3,1,2,0,0,104" ten="195,244,129,412" oya="3" hai0="135,3,60,113,55,44,26,61,132,14,63,50,134" hai1="127,15,22,114,120,101,84,131,123,16,87,51,99" hai2="82,41,102,8,117,32,93,128,72,95,43,42,19" hai3="40,91,107,34,74,112,2,4,69,54,122,86,92"/><W81/><G69/><T103/><D3/><U124/><E114/><V94/><F117/><W105/><G34/><T12/><D113/><U75/><E51/><V83/><F32/><W17/><G112/><T57/><D103/><U65/><E65/><V27/><F102/><W79/><G40/><T47/><REACH who="0" step="1"/><D26/><REACH who="0" ten="185,244,129,412" step="2"/><U7/><E123/><V39/><F39/><W73/><G122/><T10/><D10/><U70/><E120/><V13/><F128/><W33/><G105/><T11/><D11/><U106/><E131/><V35/><REACH who="2" step="1"/><F72/><REACH who="2" ten="185,244,119,412" step="2"/><W38/><G74/><T71/><D71/><U119/><E70/><V118/><F118/><W30/><G73/><T97/><D97/><U21/><E119/><V20/><F20/><W125/><G38/><T89/><D89/><U6/><E75/><V133/><F133/><W66/><G91/><T130/><D130/><U52/><E22/><V56/><F56/><W62/><G79/><T116/><D116/><U98/><E98/><V1/><F1/><W28/><G2/><T67/><D67/><U68/><E68/><V18/><F18/><W9/><G66/><T64/><D64/><U29/><E99/><V96/><F96/><W49/><G9/><T23/><D23/><U5/><E101/><V100/><F100/><W121/><G33/><T76/><D76/><U85/><E106/><V78/><F78/><W108/><G121/><T37/><D37/><U59/><E29/><AGARI ba="1,4" hai="8,13,19,27,29,35,41,42,43,82,83,93,94,95" machi="29" ten="40,1300,0" yaku="1,1,53,0" doraHai="104" doraHaiUra="0" who="2" fromWho="1" sc="185,0,244,-16,119,56,412,0" /><INIT seed="4,0,0,4,4,28" ten="185,228,175,412" oya="0" hai0="128,45,25,7,57,53,100,105,49,76,64,129,48" hai1="72,113,118,71,54,58,55,78,109,134,67,112,8" hai2="95,130,82,94,14,126,13,51,116,20,99,79,36" hai3="75,44,102,103,35,80,120,81,26,90,1,4,131"/><T119/><D76/><U32/><E109/><V98/><F36/><W87/><G131/><N who="0" m="50251" /><D7/><U10/><E118/><V68/><F130/><W30/><G120/><T63/><D100/><U89/><E134/><V84/><F68/><W77/><REACH who="3" step="1"/><G44/><REACH who="3" ten="185,228,175,402" step="2"/><N who="0" m="27815" /><D105/><U127/><E112/><V40/><F116/><W86/><G86/><T33/><D119/><U31/><E113/><V46/><F126/><W74/><G74/><T92/><D92/><U91/><E72/><V27/><F95/><W43/><G43/><N who="0" m="24639" /><D25/><U85/><E85/><V133/><F133/><W107/><G107/><T66/><D33/><U117/><E32/><V24/><F27/><W23/><G23/><T19/><D19/><U12/><E117/><V93/><F94/><W42/><G42/><T70/><D70/><U96/><E71/><V29/><REACH who="2" step="1"/><F99/><REACH who="2" ten="185,228,165,402" step="2"/><W73/><G73/><T18/><D18/><U111/><E96/><V121/><F121/><W9/><AGARI ba="0,2" hai="1,4,9,26,30,35,75,77,80,81,87,90,102,103" machi="9" ten="30,4000,0" yaku="1,1,0,1,52,1,53,0" doraHai="28" doraHaiUra="50" who="3" fromWho="3" sc="185,-20,228,-10,165,-10,402,60" /><INIT seed="5,0,0,1,4,18" ten="165,218,155,462" oya="1" hai0="89,83,119,104,42,65,36,16,3,124,22,94,72" hai1="106,111,59,44,40,32,93,103,57,77,95,112,130" hai2="68,117,118,66,134,108,113,12,7,109,128,17,19" hai3="132,29,114,126,41,56,129,21,31,15,123,37,125"/><U58/><E32/><V135/><F68/><W38/><G123/><T34/><D119/><N who="2" m="45578" /><F66/><W100/><G100/><T121/><D121/><U131/><E112/><V26/><F113/><W97/><G114/><T79/><D124/><N who="3" m="47721" /><G97/><T91/><D34/><U87/><E111/><N who="2" m="42571" /><F128/><N who="1" m="49193" /><E106/><V52/><F52/><W45/><G132/><N who="2" m="50729" /><F26/><W78/><G41/><T43/><D104/><U54/><E54/><V55/><F55/><W90/><G45/><T71/><D3/><U98/><E59/><V13/><F7/><W9/><G56/><T47/><D43/><U28/><E58/><V76/><F76/><W84/><G78/><T85/><D65/><U46/><E57/><V70/><F70/><W49/><G129/><T74/><D71/><U75/><E46/><V4/><F4/><W10/><G49/><T5/><D5/><U133/><E133/><V51/><F51/><W48/><G48/><T23/><D79/><U69/><E69/><V96/><F96/><W61/><G61/><T24/><D23/><U60/><E60/><V116/><N who="2" m="45586" /><V101/><DORA hai="25" /><F101/><W53/><G53/><T14/><D24/><U30/><E77/><V1/><F1/><W105/><G21/><T120/><D120/><U82/><E44/><V86/><F86/><AGARI ba="0,0" hai="14,16,22,36,42,47,72,74,83,85,86,89,91,94" machi="86" ten="30,3900,0" yaku="7,1,52,1,54,1" doraHai="18,25" who="0" fromWho="2" sc="165,39,218,0,155,-39,462,0" /><INIT seed="6,0,0,3,0,93" ten="204,218,116,462" oya="2" hai0="89,50,79,24,123,56,29,73,90,82,88,48,103" hai1="11,20,110,13,63,47,42,64,52,83,51,131,19" hai2="98,118,95,100,25,26,67,109,111,62,78,58,126" hai3="35,113,43,14,124,23,57,33,105,135,60,125,72"/><V65/><F118/><W66/><G72/><T15/><D123/><U133/><E110/><V86/><F126/><N who="3" m="48747" /><G105/><T108/><D108/><N who="2" m="41546" /><F67/><W54/><G113/><T4/><D103/><U46/><E131/><V77/><F86/><W8/><G135/><T115/><D115/><U94/><E133/><V96/><F96/><W129/><G129/><T74/><D74/><U69/><E83/><V91/><F91/><W80/><G80/><T102/><D102/><U45/><E94/><V70/><F70/><N who="3" m="42311" /><G23/><T116/><D116/><U119/><E119/><V28/><F26/><W121/><G43/><T112/><D112/><U18/><E42/><V85/><F85/><W53/><G121/><T122/><D122/><U134/><E134/><V32/><AGARI ba="0,0" hai="25,28,32,58,62,65,77,78,95,98,100" m="41546" machi="32" ten="30,3000,0" yaku="10,1,52,1" doraHai="93" who="2" fromWho="2" sc="204,-10,218,-10,116,30,462,-10" /><INIT seed="6,1,0,2,2,41" ten="194,208,146,452" oya="2" hai0="131,6,65,42,4,11,52,101,2,36,103,60,15" hai1="28,29,79,91,49,48,64,124,39,68,120,104,114" hai2="95,44,26,19,135,9,129,96,132,88,58,113,32" hai3="134,12,72,77,126,83,125,37,74,87,81,84,45"/><V100/><F113/><W128/><G128/><T34/><D131/><U27/><E39/><V24/><F129/><W51/><G37/><T97/><D34/><U80/><E104/><V98/><F58/><W110/><G134/><N who="2" m="51241" /><F32/><W38/><G38/><T78/><D78/><U69/><E114/><V92/><F44/><W67/><G67/><T40/><D36/><U53/><E64/><V112/><F112/><W50/><G110/><T127/><D127/><N who="3" m="48649" /><G12/><AGARI ba="1,0" hai="9,12,19,24,26,88,92,95,96,98,100" m="51241" machi="12" ten="30,2900,0" yaku="20,1,54,1" doraHai="41" who="2" fromWho="3" sc="194,0,208,0,146,32,452,-32" /><INIT seed="6,2,0,3,4,3" ten="194,208,178,420" oya="2" hai0="61,36,24,90,106,94,105,122,117,1,83,68,87" hai1="84,66,92,89,110,72,82,126,52,77,20,93,27" hai2="11,15,21,123,58,103,113,33,135,55,97,26,46" hai3="54,63,111,130,18,49,51,78,99,44,109,119,73"/><V125/><F123/><W74/><G119/><T131/><D122/><U37/><E110/><V129/><F113/><W30/><G130/><T64/><D131/><U12/><E37/><V98/><F129/><W9/><G30/><T10/><D117/><U56/><E126/><V32/><F135/><W118/><G118/><T70/><D70/><U19/><E66/><V45/><F125/><W47/><G99/><N who="2" m="37897" /><F32/><W7/><G18/><T8/><D36/><U31/><E72/><V4/><F33/><W23/><G63/><T14/><D24/><U114/><E77/><V2/><F2/><W104/><G23/><T38/><D38/><U0/><E0/><V41/><F41/><W42/><G104/><T60/><D60/><N who="1" m="35847" /><E114/><V50/><F103/><W25/><G25/><T5/><REACH who="0" step="1"/><D83/><REACH who="0" ten="184,208,178,420" step="2"/><U48/><E48/><V13/><F13/><N who="3" m="5311" /><G74/><T62/><D62/><U85/><E85/><V79/><F79/><W95/><G78/><T101/><D101/><U67/><E67/><V57/><F57/><W91/><G73/><T34/><D34/><U81/><E82/><V134/><F134/><W127/><G127/><T75/><D75/><U69/><E69/><V107/><F107/><W100/><G100/><T121/><D121/><U71/><E71/><V128/><F128/><W65/><G65/><T80/><D80/><U6/><E31/><AGARI ba="2,1" hai="4,11,15,21,26,31,45,46,50,55,58" m="37897" machi="31" ten="30,2900,0" yaku="8,1,52,1" doraHai="3" who="2" fromWho="1" sc="184,0,208,-35,178,45,420,0" /><INIT seed="6,3,0,2,0,87" ten="184,173,223,420" oya="2" hai0="70,66,96,111,126,24,43,127,8,114,48,71,80" hai1="98,103,83,25,92,11,0,85,32,46,58,16,50" hai2="99,55,54,28,56,82,22,124,10,74,42,38,4" hai3="130,12,31,75,9,52,121,101,132,27,20,129,89"/><V1/><F124/><N who="0" m="47658" /><D111/><U78/><E32/><V81/><F99/><W21/><G121/><T61/><D114/><U45/><E0/><V117/><F117/><W135/><G75/><T125/><N who="0" m="47666" /><T110/><DORA hai="5" /><D110/><U90/><E58/><V2/><F2/><W128/><G101/><T116/><D116/><U94/><E50/><V41/><F82/><W15/><G52/><T84/><D96/><N who="1" m="59783" /><E25/><N who="2" m="16439" /><F56/><W18/><G89/><N who="0" m="51335" /><D24/><U72/><E72/><V34/><F34/><W37/><G37/><T77/><D77/><U95/><E95/><V115/><F41/><W112/><G112/><T107/><D107/><U19/><E19/><AGARI ba="3,0" hai="9,12,15,18,19,20,21,27,31,128,129,130,132,135" machi="19" ten="50,8000,1" yaku="19,1,34,3,52,1" doraHai="87,5" who="3" fromWho="1" sc="184,0,173,-89,223,0,420,89" /><INIT seed="7,0,0,3,3,83" ten="184,84,223,509" oya="3" hai0="96,1,32,134,39,102,119,128,27,59,73,130,113" hai1="48,8,60,0,49,2,45,99,124,103,69,63,109" hai2="3,38,108,77,36,18,33,26,84,127,89,50,34" hai3="40,43,67,12,98,21,72,9,91,131,107,4,70"/><W71/><G72/><T101/><D119/><U51/><E109/><V56/><F3/><W82/><G131/><T85/><D1/><U95/><E124/><V66/><F77/><W104/><G71/><T7/><D7/><U135/><E135/><V16/><F108/><W15/><G70/><T10/><D10/><U41/><E69/><V29/><F34/><W105/><G67/><T11/><D11/><U110/><E110/><V126/><F50/><W6/><G98/><T120/><D59/><U25/><E0/><V13/><F56/><W118/><G118/><T74/><D27/><U52/><E48/><V65/><F65/><W76/><G91/><T111/><D32/><U122/><E122/><V53/><F53/><W116/><G116/><T133/><D111/><U64/><E64/><V23/><F18/><W31/><G6/><T94/><D96/><U46/><E2/><V117/><F66/><W78/><G4/><T90/><D39/><U61/><E8/><V80/><F117/><W100/><G9/><T62/><D62/><U75/><E75/><V88/><F38/><W115/><G115/><T5/><D74/><U123/><E123/><V81/><F36/><W129/><G129/><T44/><D73/><U86/><REACH who="1" step="1"/><E25/><REACH who="1" ten="184,74,223,509" step="2"/><V92/><F127/><W106/><G106/><T54/><D120/><U19/><E19/><V93/><F126/><W121/><G31/><T114/><D134/><U125/><E125/><V35/><F29/><W37/><G121/><T68/><D68/><U14/><E14/><V17/><F13/><W112/><G12/><T55/><D133/><RYUUKYOKU ba="0,1" sc="184,-10,74,30,223,-10,509,-10" hai1="41,45,46,49,51,52,60,61,63,86,95,99,103" owari="174,-22.6,104,-39.6,213,1.3,509,60.9" /></mjloggm>