<mjloggm ver="2.3"><GO type="169" lobby="0"/><UN n0="%E3%81%9F%E3%81%8B%E3%81%AA" n1="%E3%81%BD%E3%81%A3%E3%81%91%E3%81%95%E3%82%93" n2="%4D%72%52%41%4D%4F" n3="%74%61%6B%65%2D%79%6F%75" dan="16,16,16,16" rate="2156.29,2134.65,2108.62,2168.32" sx="M,M,M,M"/><TAIKYOKU oya="0"/><INIT seed="0,0,0,3,4,72" ten="250,250,250,250" oya="0" hai0="73,118,42,64,76,129,22,9,81,88,49,116,43" hai1="121,104,134,132,17,55,69,115,57,56,13,131,71" hai2="99,7,70,31,23,2,11,8,83,5,19,74,67" hai3="25,6,53,90,101,135,36,27,95,78,33,114,47"/><T85/><D129/><U125/><E104/><V30/><F70/><W63/><G114/><T0/><D64/><U3/><E3/><V34/><F67/><W119/><G119/><T14/><D0/><U65/><E13/><N who="2" m="5263" /><F99/><W1/><G135/><N who="1" m="51754" /><E131/><V96/><F96/><W75/><G101/><T46/><D22/><U38/><E121/><V127/><F83/><N who="3" m="45535" /><G33/><T109/><D43/><U45/><E115/><V130/><F74/><W86/><G53/><T60/><D60/><N who="1" m="38023" /><E125/><V93/><F93/><W41/><G63/><T50/><D50/><N who="1" m="30967" /><E17/><V21/><F130/><W28/><G28/><N who="2" m="10793" /><F127/><W29/><G29/><T117/><D109/><U10/><E10/><AGARI ba="0,0" hai="1,6,10,25,27,36,41,47,86,90,95" m="45535" machi="10" ten="30,2000,0" yaku="25,1,52,1" doraHai="72" who="3" fromWho="1" sc="250,0,250,-20,250,0,250,20" /><INIT seed="1,0,0,4,5,39" ten="250,230,250,270" oya="1" hai0="38,112,109,105,122,18,51,53,37,67,76,43,94" hai1="60,19,75,80,96,103,88,114,22,63,23,8,133" hai2="84,46,42,32,129,119,61,123,9,16,41,117,78" hai3="64,73,3,24,54,74,106,118,124,44,31,107,1"/><U58/><E114/><V134/><F123/><W20/><G124/><T82/><D112/><U65/><E133/><V72/><F32/><W102/><G118/><T100/><D109/><U28/><E28/><V95/><F72/><W7/><G64/><T91/><D67/><U62/><E8/><V130/><F134/><W29/><G29/><T36/><D122/><U113/><E23/><V92/><F61/><W132/><G132/><T52/><D18/><U35/><E35/><V108/><F108/><W57/><G73/><T59/><D105/><U70/><E113/><V115/><F115/><W50/><G74/><T101/><D53/><U49/><E49/><V127/><F127/><W11/><G3/><T12/><D12/><U104/><E70/><V79/><F46/><W126/><G126/><T90/><D43/><U2/><E2/><V121/><F84/><W33/><G102/><T26/><D26/><U77/><REACH who="1" step="1"/><E88/><REACH who="1" ten="250,220,250,270" step="2"/><V55/><F121/><W120/><G120/><T21/><D21/><U85/><E85/><V66/><F9/><W13/><G57/><T27/><D91/><U71/><E71/><V40/><F119/><W48/><G50/><T86/><REACH who="0" step="1"/><D27/><AGARI ba="0,1" hai="19,22,27,58,60,62,63,65,75,77,80,96,103,104" machi="27" ten="30,2900,0" yaku="1,1,7,1,53,0" doraHai="39" doraHaiUra="30" who="1" fromWho="0" sc="250,-29,220,39,250,0,270,0" /><INIT seed="1,1,0,0,4,62" ten="221,259,250,270" oya="1" hai0="76,72,115,122,25,90,92,22,101,56,89,87,111" hai1="103,28,48,13,99,35,45,24,109,49,134,43,131" hai2="55,67,116,60,119,34,20,23,120,114,69,29,26" hai3="96,4,97,64,80,127,16,108,84,91,9,11,110"/><U2/><E2/><V93/><F120/><W17/><G127/><T50/><D115/><U123/><E123/><V70/><F114/><W8/><G4/><T88/><D122/><U7/><E134/><V79/><F70/><W3/><G3/><T74/><D111/><N who="3" m="42537" /><G64/><T19/><D101/><U102/><E109/><V15/><F79/><W107/><G107/><T100/><D100/><U38/><E103/><V32/><F93/><N who="3" m="56383" /><G97/><T41/><D76/><AGARI ba="1,0" hai="8,9,11,16,17,76,80,84" m="56383,42537" machi="76" ten="30,2000,0" yaku="14,1,54,1" doraHai="62" who="3" fromWho="0" sc="221,-23,259,0,250,0,270,23" /><INIT seed="2,0,0,1,4,22" ten="198,259,250,293" oya="2" hai0="56,106,80,111,60,17,31,75,3,117,104,68,42" hai1="25,107,93,109,96,127,37,2,115,78,70,32,8" hai2="40,21,41,38,36,105,82,79,84,55,48,119,88" hai3="100,54,64,91,135,5,116,18,0,121,66,114,134"/><V62/><F119/><W29/><G121/><T73/><D68/><U1/><E93/><V9/><F105/><W44/><G116/><T132/><D117/><U58/><E96/><V15/><F38/><W95/><G100/><T45/><D3/><U90/><E90/><V113/><F113/><W27/><G18/><T35/><D111/><U86/><E86/><V57/><F36/><W61/><G5/><T67/><D17/><U52/><E78/><V34/><F34/><W77/><G77/><T11/><D11/><U26/><E37/><V83/><F21/><W85/><G0/><T102/><D132/><N who="3" m="50729" /><G114/><T28/><D28/><U69/><E8/><V112/><F112/><W4/><G4/><T129/><D129/><U108/><E115/><V92/><F83/><W133/><N who="3" m="50737" /><W81/><DORA hai="98" /><G81/><T10/><D10/><U49/><E107/><V72/><REACH who="2" step="1"/><F62/><REACH who="2" ten="198,259,240,293" step="2"/><W103/><G61/><T14/><D80/><U87/><E32/><V101/><F101/><W123/><G103/><T128/><D104/><U63/><E63/><V53/><F53/><W23/><G123/><T118/><D118/><U39/><E39/><V110/><F110/><W47/><G54/><T59/><D102/><U94/><E52/><V99/><F99/><W7/><G7/><AGARI ba="0,1" hai="7,9,15,40,41,48,55,57,72,79,82,84,88,92" machi="7" ten="30,5800,0" yaku="1,1,7,1,54,1,53,0" doraHai="22,98" doraHaiUra="30,97" who="2" fromWho="3" sc="198,0,259,0,240,68,293,-58" /><INIT seed="2,1,0,1,2,0" ten="198,259,308,235" oya="2" hai0="81,17,29,83,60,50,127,109,70,130,121,105,66" hai1="84,7,80,43,120,98,122,33,85,126,115,110,97" hai2="47,111,40,51,112,16,131,35,91,75,24,34,41" hai3="116,96,56,15,74,46,99,69,123,11,45,117,49"/><V73/><F112/><W78/><G69/><T5/><D121/><U26/><E43/><V90/><F131/><W77/><G123/><N who="1" m="47146" /><E33/><V2/><F2/><W108/><G108/><T94/><D105/><U103/><E26/><V135/><F135/><W62/><G116/><T25/><D109/><U55/><E55/><V128/><F128/><W3/><G3/><T27/><D130/><U133/><E110/><V129/><F129/><W38/><G38/><T52/><D127/><U132/><E7/><V58/><F111/><W87/><G117/><T54/><D5/><U14/><E14/><V53/><F40/><W68/><G46/><T100/><D17/><U28/><E28/><V44/><F44/><W88/><G45/><T104/><D94/><N who="1" m="58807" /><E115/><V48/><F35/><W31/><G31/><T92/><D92/><U8/><E8/><V22/><REACH who="2" step="1"/><F34/><REACH who="2" ten="198,259,298,235" step="2"/><W42/><G42/><T63/><D63/><U37/><E133/><V118/><F118/><W82/><G62/><T20/><D60/><U86/><E132/><V39/><F39/><W23/><G49/><T65/><D50/><U113/><E37/><V95/><F95/><W125/><G125/><T102/><D104/><U124/><E113/><V114/><F114/><W36/><G36/><T71/><D29/><U18/><E126/><V10/><F10/><W72/><G11/><T93/><D93/><U61/><E124/><V134/><F134/><W64/><G96/><T13/><D20/><U21/><E98/><V67/><F67/><W30/><G64/><T4/><D4/><U12/><E61/><V1/><F1/><RYUUKYOKU ba="1,1" sc="198,10,259,10,298,10,235,-30" hai0="13,25,27,52,54,65,66,70,71,81,83,100,102" hai1="12,18,21,80,84,85,86" hai2="16,22,24,41,47,48,51,53,58,73,75,90,91" /><INIT seed="2,2,1,5,4,34" ten="208,269,308,205" oya="2" hai0="92,83,27,69,117,106,31,10,22,20,122,95,32" hai1="89,72,62,86,118,39,113,115,128,78,45,79,5" hai2="7,59,74,132,40,109,104,30,35,112,135,111,126" hai3="46,18,44,50,33,51,94,17,19,3,57,103,71"/><V21/><F104/><W1/><G71/><T47/><D122/><U131/><E62/><V36/><F74/><W66/><G33/><T127/><D106/><U98/><E45/><N who="2" m="23687" /><F112/><N who="1" m="43081" /><E39/><V123/><F123/><W28/><G28/><T26/><D69/><U81/><E5/><V14/><F35/><W85/><G66/><T88/><D127/><U12/><E12/><V107/><F107/><W55/><G57/><T129/><D129/><N who="1" m="49739" /><E118/><V120/><F120/><W70/><G70/><T102/><D117/><U24/><E24/><N who="2" m="16655" /><F126/><W101/><G85/><T130/><D130/><U60/><E60/><V42/><F42/><W25/><G25/><T93/><D32/><U6/><E6/><V133/><F59/><W64/><G64/><T134/><D47/><U2/><E2/><V90/><F90/><W15/><G15/><T65/><D65/><U77/><E98/><V61/><F61/><W114/><G114/><T67/><D67/><U63/><E63/><V53/><F53/><W4/><G4/><T116/><D116/><U97/><E97/><V8/><AGARI ba="2,1" hai="7,8,14,109,111,132,133,135" m="16655,23687" machi="8" ten="40,2100,0" yaku="20,1" doraHai="34" who="2" fromWho="2" sc="208,-9,269,-9,308,37,205,-9" /><INIT seed="2,3,0,1,4,73" ten="199,260,345,196" oya="2" hai0="92,15,109,94,51,115,2,127,38,72,45,47,5" hai1="18,20,42,87,49,97,126,56,41,104,62,96,13" hai2="30,10,131,79,26,48,107,128,116,103,9,86,121" hai3="130,91,39,28,132,70,93,133,75,71,7,89,124"/><V85/><F116/><W29/><G39/><T78/><D115/><U36/><E36/><V6/><F121/><W113/><G130/><N who="2" m="49705" /><F48/><W120/><G120/><T122/><D122/><U11/><E126/><V112/><F112/><W106/><G113/><T21/><D2/><U67/><E104/><V25/><F25/><W80/><G106/><T19/><D127/><U40/><E49/><V50/><F50/><W52/><G7/><T81/><D109/><U22/><E87/><N who="2" m="33291" /><F79/><W98/><G124/><T8/><D38/><U108/><E108/><V88/><F88/><W102/><G89/><T66/><D66/><U57/><E56/><V58/><F58/><W114/><G114/><T77/><D77/><U0/><E0/><V123/><F123/><W46/><G91/><T55/><REACH who="0" step="1"/><D47/><REACH who="0" ten="189,260,345,196" step="2"/><U105/><E105/><V33/><F6/><W31/><G46/><T65/><D65/><U23/><AGARI ba="3,1" hai="11,13,18,20,22,23,40,41,42,57,62,67,96,97" machi="23" ten="30,2000,0" yaku="0,1,8,1" doraHai="73" who="1" fromWho="1" sc="189,-8,260,39,345,-13,196,-8" /><INIT seed="3,0,0,1,0,86" ten="181,299,332,188" oya="3" hai0="20,76,89,85,66,72,88,98,64,50,87,6,26" hai1="11,13,15,92,83,79,48,71,124,8,128,68,101" hai2="112,21,3,60,5,126,103,75,114,37,129,46,93" hai3="24,104,69,17,53,96,27,84,63,58,102,61,123"/><W25/><G123/><T31/><D72/><U70/><E124/><V91/><F75/><W100/><G100/><T10/><D98/><U38/><E38/><V94/><F126/><W90/><G17/><T121/><D121/><U47/><E128/><V120/><F120/><W74/><G74/><T34/><D34/><U59/><E59/><V105/><F105/><W111/><G111/><T95/><D50/><U133/><E133/><V78/><F78/><W44/><G44/><T115/><D76/><U132/><E132/><V49/><F37/><W22/><G69/><T32/><D32/><U109/><E109/><V134/><F134/><W125/><G125/><T45/><D45/><U130/><E130/><V18/><F129/><W7/><G7/><T127/><D115/><U82/><E79/><V108/><F108/><W12/><G12/><N who="0" m="5207" /><D127/><U39/><E39/><V1/><F60/><W28/><REACH who="3" step="1"/><G61/><REACH who="3" ten="181,299,332,178" step="2"/><T80/><AGARI ba="0,1" hai="20,26,31,64,66,80,85,87,88,89,95" m="5207" machi="80" ten="30,7900,0" yaku="8,1,52,2,54,1" doraHai="86" who="0" fromWho="0" sc="181,89,299,-20,332,-20,178,-39" /><INIT seed="4,0,0,3,2,91" ten="270,279,312,139" oya="0" hai0="44,117,127,84,23,65,111,57,17,16,56,2,132" hai1="130,101,77,64,12,62,30,24,55,112,52,40,49" hai2="10,120,32,46,86,50,1,94,67,95,93,76,60" hai3="53,70,134,35,98,68,110,0,22,5,75,115,33"/><T26/><D117/><U61/><E130/><V135/><F120/><W25/><G75/><T103/><D127/><U105/><E77/><V69/><F32/><N who="3" m="12363" /><G53/><T114/><D114/><U119/><E119/><V47/><F135/><W6/><G70/><T89/><D132/><U87/><E112/><V100/><F100/><W58/><G58/><T88/><D2/><U59/><E12/><V79/><F46/><W118/><G68/><T74/><D74/><U90/><E105/><V48/><F50/><W28/><G98/><T7/><D7/><N who="3" m="2569" /><G118/><T18/><D111/><U83/><E101/><V122/><F122/><W11/><G115/><T31/><D103/><U21/><E62/><V92/><F10/><W129/><G134/><T131/><D131/><U13/><E13/><V99/><F1/><W126/><G129/><T107/><D107/><U20/><E20/><V96/><N who="2" m="23552" /><DORA hai="102" /><V108/><F108/><W36/><G36/><T15/><D44/><AGARI ba="0,0" hai="21,24,30,40,44,49,52,55,59,61,64,83,87,90" machi="44" ten="40,2600,0" yaku="8,1,54,1" doraHai="91,102" who="1" fromWho="0" sc="270,-26,279,26,312,0,139,0" /><INIT seed="5,0,0,4,3,1" ten="244,305,312,139" oya="1" hai0="49,75,70,56,73,113,121,108,81,133,85,72,32" hai1="45,68,30,13,76,91,95,25,58,69,24,33,29" hai2="99,87,42,57,61,88,124,53,123,78,51,28,105" hai3="10,0,134,35,107,102,27,43,4,34,52,67,15"/><U37/><E76/><V26/><F123/><W130/><G130/><T50/><D70/><U93/><E58/><V23/><F124/><W60/><G134/><T65/><D108/><U17/><E37/><V115/><F115/><W74/><G74/><T2/><D32/><U18/><E45/><V104/><F78/><W54/><G43/><T71/><D113/><U63/><E63/><V126/><F126/><W92/><G92/><T83/><D71/><U119/><E119/><V20/><F99/><W80/><G80/><T86/><D133/><U114/><E114/><V62/><F20/><W84/><G84/><T94/><D2/><U79/><E79/><V110/><F110/><W7/><G102/><T19/><D94/><U111/><E13/><V120/><F120/><W6/><G107/><T117/><D117/><U38/><E38/><V103/><F103/><W127/><G127/><T39/><D39/><U100/><E111/><V106/><REACH who="2" step="1"/><F42/><REACH who="2" ten="244,305,302,139" step="2"/><W22/><G34/><T82/><D121/><U89/><E100/><V125/><F125/><W40/><G40/><T112/><D112/><U64/><E33/><V3/><F3/><W48/><G35/><T97/><D72/><U96/><E96/><V59/><F59/><N who="3" m="37279" /><G0/><T77/><D97/><U12/><E64/><V90/><F90/><W132/><G132/><T46/><D73/><U118/><E118/><V55/><F55/><N who="3" m="21035" /><G48/><T66/><D75/><U135/><E135/><V109/><F109/><W47/><G47/><T41/><D77/><U31/><E69/><V36/><F36/><W11/><G11/><T116/><D46/><RYUUKYOKU ba="0,1" sc="244,-15,305,-15,302,15,139,15" hai2="23,26,28,51,53,57,61,62,87,88,104,105,106" hai3="4,6,7,10,15,22,27" /><INIT seed="6,1,1,2,1,64" ten="229,290,317,154" oya="2" hai0="117,1,17,65,6,109,89,15,46,62,73,78,43" hai1="18,71,74,28,103,35,86,60,19,70,3,32,67" hai2="97,11,79,12,27,54,59,47,85,128,101,66,84" hai3="122,22,131,53,114,134,31,52,39,40,8,7,112"/><V127/><F128/><W68/><G122/><T83/><D109/><U104/><E74/><V56/><F127/><W87/><G134/><T99/><D117/><U91/><E3/><V48/><F79/><W119/><G119/><T63/><D89/><U36/><E36/><V10/><F27/><N who="3" m="16887" /><G87/><T75/><D75/><U110/><E110/><V50/><F66/><W92/><G92/><T57/><D99/><N who="1" m="61567" /><E70/><V129/><F129/><W80/><G80/><T44/><D43/><U116/><E35/><V113/><F113/><N who="3" m="43627" /><G131/><T0/><D62/><U76/><E76/><V55/><F47/><N who="3" m="23967" /><G68/><T81/><D81/><N who="1" m="49615" /><E116/><V82/><F82/><W88/><G88/><T9/><REACH who="0" step="1"/><D0/><AGARI ba="1,1" hai="0,7,8,52,53" m="23967,43627,16887" machi="0" ten="30,3900,0" yaku="15,1,11,1,54,1" doraHai="64" who="3" fromWho="0" sc="229,-42,290,0,317,0,154,52" /><INIT seed="7,0,0,0,5,111" ten="187,290,317,206" oya="3" hai0="8,60,9,11,25,98,115,93,1,56,67,43,95" hai1="49,70,135,90,37,105,133,109,68,40,34,101,32" hai2="119,57,83,19,99,16,38,55,7,15,127,58,79" hai3="86,53,89,125,6,66,117,106,26,121,108,64,96"/><W113/><G117/><T42/><D1/><U74/><E109/><V94/><F38/><W3/><G108/><T110/><D110/><U29/><E49/><V103/><F119/><W71/><G121/><T88/><D115/><U75/><E90/><V63/><F127/><W47/><G125/><T84/><D25/><U35/><E29/><V20/><F7/><W92/><G113/><T13/><D13/><U59/><E59/><V22/><F58/><W17/><G3/><T107/><D107/><U87/><E87/><N who="2" m="48639" /><F19/><W0/><G71/><N who="1" m="27178" /><E101/><AGARI ba="0,0" hai="8,9,11,42,43,56,60,67,84,88,93,95,98,101" machi="101" ten="40,2600,0" yaku="8,1,54,1" doraHai="111" who="0" fromWho="1" sc="187,26,290,-26,317,0,206,0" owari="213,-18.7,264,6.4,317,41.7,206,-29.4" /></mjloggm>