<mjloggm ver="2.3"><GO type="169" lobby="0"/><UN n0="%E3%81%9F%E3%81%8B%E3%81%AF%E3%81%97%E3%81%83%E3%81%83%E3%81%83" n1="%E6%9C%AA%E6%9D%A5%E5%B0%91%E5%B9%B4" n2="%E3%81%9F%E3%81%91%E3%81%B4%E3%83%BC%40%55%4E%50" n3="%E5%B8%B0%E3%82%8A%E3%81%9F%E3%81%84%E3%80%82" dan="16,16,16,17" rate="2128.30,2147.75,2119.61,2211.58" sx="M,F,M,M"/><TAIKYOKU oya="0"/><INIT seed="0,0,0,2,1,102" ten="250,250,250,250" oya="0" hai0="32,14,8,49,18,48,95,47,62,46,134,7,84" hai1="17,69,34,45,41,56,88,100,21,81,60,58,54" hai2="19,80,101,132,111,113,74,135,29,63,105,126,107" hai3="73,110,27,16,23,120,64,87,43,93,15,25,122"/><T5/><D32/><U72/><E34/><V67/><F113/><W104/><G73/><T78/><D134/><N who="2" m="51242" /><F111/><W20/><G110/><T4/><D62/><U91/><E69/><V115/><F115/><W36/><G36/><T77/><D95/><U35/><E35/><V3/><F126/><W96/><G43/><T75/><D75/><U103/><E58/><V33/><F3/><W98/><G64/><T112/><D112/><U94/><E81/><V92/><F19/><W26/><G104/><N who="2" m="40009" /><F101/><W57/><G16/><T30/><D30/><U125/><E125/><V123/><F92/><W9/><G15/><T11/><D11/><U119/><E119/><V71/><F123/><W76/><G9/><T131/><D131/><U90/><E94/><V44/><F44/><W128/><G128/><T37/><D37/><U124/><E124/><V55/><F55/><W133/><G133/><T38/><D38/><U10/><E10/><V65/><F65/><W22/><G93/><T79/><D84/><U31/><E72/><V1/><F1/><W85/><G85/><T129/><D129/><U99/><E31/><V82/><F74/><W6/><G120/><T51/><AGARI ba="0,0" hai="4,5,7,8,14,18,46,47,48,49,51,77,78,79" machi="51" ten="40,12000,1" yaku="0,1,29,2,8,1" doraHai="102" who="0" fromWho="0" sc="250,120,250,-40,250,-40,250,-40" /><INIT seed="0,1,0,5,2,56" ten="370,210,210,210" oya="0" hai0="130,110,81,131,3,46,48,27,121,79,61,124,109" hai1="89,63,30,122,126,57,10,114,62,60,17,95,71" hai2="18,111,16,5,112,77,75,101,55,72,68,25,135" hai3="73,93,106,11,2,134,83,7,133,108,87,44,40"/><T86/><D121/><U128/><E122/><V52/><F112/><W70/><G106/><T59/><D3/><U54/><E114/><V24/><F111/><N who="0" m="42506" /><D27/><U129/><E126/><V123/><F123/><W9/><G70/><T94/><D94/><U107/><E107/><V65/><F5/><W33/><G33/><T51/><D124/><U90/><E30/><V96/><F135/><N who="3" m="51723" /><G11/><T36/><D36/><U67/><E62/><V0/><F0/><W1/><G1/><T38/><D38/><U14/><REACH who="1" step="1"/><E95/><REACH who="1" ten="370,200,210,210" step="2"/><V28/><F28/><W41/><G108/><T6/><D6/><U19/><E19/><V64/><F16/><W42/><G93/><T26/><D26/><U120/><E120/><V82/><F24/><W12/><G2/><T115/><D115/><U84/><E84/><V47/><F18/><W45/><G73/><T100/><D61/><U132/><E132/><V125/><F25/><W32/><G32/><T99/><D130/><AGARI ba="1,1" hai="10,14,17,54,57,60,63,67,71,89,90,128,129,130" machi="130" ten="40,12000,2" yaku="1,1,19,1,52,2,53,2" doraHai="56" doraHaiUra="85" who="1" fromWho="0" sc="370,-123,200,133,210,0,210,0" /><INIT seed="1,0,0,1,5,89" ten="247,333,210,210" oya="1" hai0="103,68,106,128,114,97,119,8,36,38,63,30,72" hai1="125,90,132,71,32,120,51,26,102,92,62,99,78" hai2="0,75,135,34,76,48,84,16,105,79,110,53,46" hai3="118,5,22,82,9,69,47,115,42,77,11,93,18"/><U60/><E120/><V31/><F110/><W85/><G115/><T33/><D114/><U83/><E125/><V101/><F135/><W28/><G69/><T37/><D119/><U134/><E51/><V108/><F108/><W50/><G118/><T61/><D61/><U116/><E116/><V70/><F0/><W49/><G28/><T109/><D109/><U131/><E131/><V58/><F70/><W123/><G123/><T20/><D20/><U15/><E15/><V81/><F31/><W98/><G50/><T96/><D8/><U1/><E1/><V45/><F34/><W52/><G42/><T65/><D97/><U104/><E26/><V17/><F105/><W41/><G41/><T6/><D6/><U43/><E43/><V13/><F101/><N who="3" m="60623" /><G5/><T57/><D57/><U73/><E32/><V23/><F75/><W19/><G19/><T64/><D64/><U80/><E80/><V4/><F4/><W112/><G112/><T40/><D128/><U129/><E129/><V55/><F76/><W88/><G77/><T113/><D113/><U29/><E29/><V94/><F55/><W126/><G126/><T111/><D111/><U95/><E104/><V130/><F130/><W127/><G127/><T21/><D40/><U74/><E74/><V3/><F3/><W124/><G124/><T35/><D72/><U86/><E71/><V87/><F17/><W7/><G7/><T67/><D67/><U54/><E54/><V56/><F56/><W117/><G117/><T107/><D107/><U66/><E66/><V10/><F10/><W133/><G133/><AGARI ba="0,0" hai="60,62,73,78,83,86,90,92,95,99,102,132,133,134" machi="133" ten="40,12000,1" yaku="6,1,20,1,52,2" doraHai="89" who="1" fromWho="3" sc="247,0,333,120,210,0,210,-120" /><INIT seed="1,1,0,5,0,20" ten="247,453,210,90" oya="1" hai0="134,107,85,63,51,125,131,101,79,77,81,113,111" hai1="88,27,14,84,83,48,67,49,60,46,106,115,29" hai2="70,96,118,135,33,94,90,98,112,17,130,54,35" hai3="39,123,103,121,19,52,105,117,31,9,92,68,122"/><U76/><E115/><V87/><F118/><W66/><G39/><T6/><D113/><U93/><E106/><V133/><F112/><W4/><G117/><T124/><D51/><U97/><E14/><V99/><F70/><W30/><G105/><T100/><D63/><U34/><REACH who="1" step="1"/><E46/><REACH who="1" ten="247,443,210,90" step="2"/><V41/><F133/><W15/><G15/><T127/><D107/><U128/><E128/><V75/><F135/><W7/><G123/><T71/><D131/><U120/><E120/><V95/><F130/><W13/><G122/><T25/><D134/><U73/><E73/><V119/><F75/><W44/><G121/><T1/><D124/><U116/><E116/><V0/><F119/><W10/><G44/><T86/><D125/><U42/><E42/><V36/><F41/><W38/><G13/><T55/><D127/><U12/><E12/><V22/><F0/><W43/><G43/><T108/><D1/><U26/><E26/><V104/><F104/><W53/><G10/><T3/><D25/><U16/><E16/><V2/><F17/><W21/><G19/><T18/><D18/><U23/><E23/><V132/><F22/><W126/><G9/><T56/><D3/><U50/><E50/><V61/><F132/><W28/><G21/><T62/><D6/><U74/><E74/><V59/><F2/><W5/><G126/><T69/><D108/><U57/><AGARI ba="1,1" hai="27,29,34,48,49,57,60,67,76,83,84,88,93,97" machi="57" ten="20,12000,1" yaku="1,1,0,1,7,1,52,1,54,1,53,0" doraHai="20" doraHaiUra="114" who="1" fromWho="1" sc="247,-41,443,133,210,-41,90,-41" /><INIT seed="1,2,0,0,5,24" ten="206,576,169,49" oya="1" hai0="121,36,40,125,75,123,49,17,67,31,132,28,68" hai1="95,109,82,116,29,26,53,56,20,70,127,12,113" hai2="74,6,90,21,46,47,126,107,10,64,34,91,89" hai3="39,97,60,108,32,81,13,88,94,73,128,104,117"/><U33/><E113/><V135/><F34/><W0/><G0/><T58/><D75/><U35/><E116/><V19/><F107/><W41/><G39/><T130/><D130/><U105/><E105/><V92/><F74/><W102/><G41/><T77/><D77/><U112/><E112/><V100/><F135/><W1/><G1/><T134/><D125/><U50/><E70/><V99/><F64/><W55/><G32/><T42/><D17/><U62/><E127/><V69/><F69/><W76/><G108/><T61/><D36/><U7/><E109/><V98/><F98/><W93/><G128/><T38/><D38/><U65/><E82/><V122/><F122/><N who="0" m="46602" /><D40/><U84/><E12/><N who="2" m="5207" /><F126/><W14/><G94/><T114/><D114/><U18/><E7/><V44/><F100/><W4/><G4/><T2/><D2/><U11/><E11/><V63/><F63/><W8/><G8/><T37/><D37/><U101/><E18/><V80/><F80/><W71/><G117/><T103/><D103/><U27/><E27/><AGARI ba="2,0" hai="19,21,27,44,46,47,89,90,91,92,99" m="5207" machi="27" ten="30,1000,0" yaku="8,1" doraHai="24" who="2" fromWho="1" sc="206,0,576,-16,169,16,49,0" /><INIT seed="2,0,0,0,4,53" ten="206,560,185,49" oya="2" hai0="74,34,71,90,69,70,98,0,118,23,87,24,63" hai1="6,38,50,16,47,21,99,105,116,102,124,61,10" hai2="28,54,25,32,31,83,108,57,60,33,119,41,18" hai3="89,91,93,112,11,134,94,51,19,110,77,64,95"/><V85/><F119/><W7/><G110/><T3/><D74/><U13/><E124/><V80/><F108/><W49/><G134/><T121/><D121/><U22/><E116/><V123/><F123/><W45/><G112/><T37/><D37/><U109/><E109/><V86/><F41/><W17/><G77/><T103/><D34/><U30/><E38/><V2/><F2/><W132/><G132/><T68/><D63/><U36/><E36/><V92/><F18/><W40/><G64/><T117/><D117/><U5/><BYE who="0" /><E61/><V43/><F43/><UN n0="%E3%81%9F%E3%81%8B%E3%81%AF%E3%81%97%E3%81%83%E3%81%83%E3%81%83" /><W56/><G19/><T72/><D72/><U115/><E115/><V26/><REACH who="2" step="1"/><F92/><REACH who="2" ten="206,560,175,49" step="2"/><W67/><G17/><T111/><D0/><U128/><E16/><V104/><F104/><W73/><G73/><T15/><D3/><U126/><E105/><V107/><F107/><W113/><G113/><T120/><D15/><U58/><E13/><V88/><F88/><W8/><G7/><T135/><D90/><U76/><E5/><V84/><AGARI ba="0,1" hai="25,26,28,31,32,33,54,57,60,80,83,84,85,86" machi="84" ten="30,12000,1" yaku="1,1,0,1,9,1,52,1,53,1" doraHai="53" doraHaiUra="55" who="2" fromWho="2" sc="206,-40,560,-40,175,130,49,-40" /><INIT seed="2,1,0,5,1,119" ten="166,520,305,9" oya="2" hai0="32,99,57,44,132,41,113,15,61,66,82,74,46" hai1="53,6,102,24,116,117,3,101,30,95,124,50,85" hai2="135,42,126,16,77,20,25,21,5,80,121,7,49" hai3="79,12,56,33,68,133,118,106,84,100,98,18,72"/><V131/><F131/><W39/><G118/><T17/><D32/><U71/><E71/><V4/><F135/><W110/><G68/><T28/><D28/><U43/><E43/><V31/><F126/><W9/><G39/><T104/><D113/><U111/><E124/><V67/><F67/><W75/><G33/><T10/><D132/><U2/><E102/><V54/><F42/><W120/><G120/><T91/><D104/><U129/><E111/><V0/><F0/><W19/><G133/><T26/><D26/><U59/><E129/><V35/><F121/><W51/><G110/><T65/><D74/><U52/><E2/><V108/><F108/><W38/><G38/><T134/><D134/><U130/><E130/><V122/><F122/><W107/><G107/><T127/><D127/><U103/><E103/><V73/><REACH who="2" step="1"/><F16/><REACH who="2" ten="166,520,295,9" step="2"/><W13/><G56/><AGARI ba="1,1" hai="4,5,7,20,21,25,31,35,49,54,56,73,77,80" machi="56" ten="40,7700,0" yaku="1,1,2,1,53,1" doraHai="119" doraHaiUra="29" who="2" fromWho="3" sc="166,0,520,0,295,90,9,-80" owari="166,-23.4,520,62.0,385,18.5,-71,-57.1" /></mjloggm>