<mjloggm ver="2.3"><GO type="169" lobby="0"/><UN n0="%E3%83%8E%E3%82%AA%E3%83%81%E3%83%A3%E3%83%99%E3%82%B9" n1="%E3%81%8D%E3%82%83%E3%83%BC%E3%82%8D%E3%82%93" n2="%E3%82%A4%E3%82%AB%E3%81%AB%E3%82%82%E6%9D%B1%E5%8C%97" n3="%E3%81%9F%E3%81%8B%E3%81%A3%E3%81%A6%E3%81%83%E3%83%BC" dan="16,16,17,18" rate="2153.59,2148.91,2180.91,2187.73" sx="M,M,M,F"/><TAIKYOKU oya="0"/><INIT seed="0,0,0,1,3,85" ten="250,250,250,250" oya="0" hai0="8,5,105,117,26,18,31,19,36,111,108,17,62" hai1="103,65,95,100,54,67,22,59,46,107,135,125,58" hai2="43,52,63,10,21,15,129,29,118,55,33,123,44" hai3="130,69,60,50,49,34,77,128,70,131,109,133,115"/><T119/><D36/><U75/><E75/><V9/><F123/><W13/><G34/><T89/><D105/><U39/><E107/><V76/><F129/><W101/><G101/><T23/><D62/><U120/><E120/><V90/><F118/><W47/><G77/><T132/><D132/><U122/><E122/><V104/><F104/><W82/><G82/><T28/><D28/><U11/><E125/><V66/><F76/><W45/><G13/><T51/><D51/><N who="3" m="19465" /><G115/><T112/><D112/><U32/><E32/><V20/><F10/><W64/><G133/><T57/><D57/><U30/><E59/><V38/><F21/><W116/><G116/><N who="0" m="44619" /><D89/><U48/><E39/><V68/><F33/><W114/><G114/><T134/><D134/><U24/><E135/><V12/><F90/><W37/><G109/><N who="0" m="42059" /><D31/><U3/><E103/><V16/><REACH who="2" step="1"/><F29/><REACH who="2" ten="250,250,240,250" step="2"/><W1/><G130/><T91/><D91/><U84/><E30/><V88/><F88/><W79/><G131/><T81/><D81/><U113/><E100/><V86/><F86/><W97/><G128/><T42/><D42/><U61/><E84/><V106/><F106/><W2/><G79/><T99/><D99/><U127/><E113/><V41/><F41/><W40/><G97/><T25/><D23/><U92/><E22/><V73/><F73/><W94/><G40/><T4/><D8/><U6/><E11/><V126/><F126/><W71/><G2/><T83/><D83/><U96/><E3/><V98/><F98/><W78/><G1/><T27/><AGARI ba="0,1" hai="4,5,17,18,19,25,26,27" m="42059,44619" machi="27" ten="40,18000,2" yaku="28,2,14,1,10,1,34,2" doraHai="85" who="0" fromWho="0" sc="250,190,250,-60,240,-60,250,-60" /><INIT seed="0,1,0,3,4,23" ten="440,190,180,190" oya="0" hai0="76,27,9,18,2,96,55,131,88,83,52,54,95" hai1="115,135,120,16,63,114,125,118,65,13,56,42,41" hai2="72,77,12,31,71,101,0,38,29,87,84,94,111" hai3="93,92,89,82,10,58,67,99,130,134,34,57,39"/><T11/><D131/><U37/><E120/><V60/><F0/><W51/><G39/><T24/><D18/><U90/><E118/><V107/><F38/><W45/><G130/><T62/><D62/><U86/><E135/><V74/><F111/><W69/><G134/><T98/><D96/><U25/><E125/><V20/><F71/><W91/><G34/><T17/><D17/><U81/><E37/><V32/><F32/><W68/><G68/><T53/><N who="0" m="13312" /><DORA hai="59" /><T124/><D124/><U112/><REACH who="1" step="1"/><E25/><REACH who="1" ten="440,180,180,190" step="2"/><N who="0" m="9801" /><D2/><U64/><E64/><V109/><F109/><W5/><G67/><T40/><D40/><U78/><E78/><V108/><F77/><W30/><G51/><T26/><N who="0" m="9809" /><T7/><DORA hai="110" /><D7/><U85/><E85/><AGARI ba="1,1" hai="9,11,76,83,85,88,95,98" m="9809,13312" machi="85" ten="50,18000,2" yaku="8,1,52,4,54,2" doraHai="23,59,110" who="0" fromWho="1" sc="440,193,180,-183,180,0,190,0" owari="633,73.3,-3,-50.3,180,-22.0,190,-1.0" /></mjloggm>