<mjloggm ver="2.3"><GO type="169" lobby="0"/><UN n0="%65%6B%61%72%75%74%65" n1="%E3%81%94%E3%82%8B%E3%81%A3" n2="%76%61%6C%6B%79%72%69%65" n3="%E3%83%8F%E3%82%BA%E3%83%AC" dan="16,17,17,17" rate="2151.98,2182.09,2203.04,2185.47" sx="M,M,F,M"/><TAIKYOKU oya="0"/><INIT seed="0,0,0,3,2,61" ten="250,250,250,250" oya="0" hai0="106,130,31,67,38,66,72,102,132,119,82,69,104" hai1="21,96,115,15,55,35,2,71,25,117,11,7,30" hai2="6,83,19,8,46,93,88,124,18,17,126,29,1" hai3="129,48,23,22,59,113,131,111,94,109,86,122,4"/><T65/><D119/><U84/><E117/><V105/><F105/><W73/><G73/><T20/><D69/><U120/><E120/><V50/><F29/><W110/><G4/><T3/><D38/><U33/><E71/><V26/><F26/><W112/><G122/><T118/><D118/><U97/><E115/><N who="3" m="44106" /><G48/><T56/><D3/><U70/><E70/><V128/><F83/><W114/><N who="3" m="44114" /><W41/><DORA hai="27" /><G41/><T0/><D0/><U14/><E84/><V37/><F37/><W42/><G42/><T32/><D32/><U45/><E15/><V95/><F128/><N who="3" m="49227" /><G59/><T134/><D56/><U43/><E55/><V49/><F95/><W133/><G133/><N who="0" m="51307" /><D130/><U91/><E91/><AGARI ba="0,0" hai="22,23,86,91,94,109,110,111" m="49227,44114" machi="91" ten="50,3200,0" yaku="14,1,19,1" doraHai="61,27" who="3" fromWho="1" sc="250,0,250,-32,250,0,250,32" /><INIT seed="1,0,0,0,2,8" ten="250,218,250,282" oya="1" hai0="18,47,127,100,34,6,39,9,33,27,44,60,124" hai1="15,112,123,110,42,80,113,48,52,91,133,119,79" hai2="17,116,23,87,121,89,49,68,53,109,25,94,4" hai3="0,22,56,93,134,125,72,86,92,77,84,35,19"/><U29/><E119/><V59/><F116/><W106/><G106/><T85/><D100/><U63/><E123/><V97/><F121/><W114/><G35/><T36/><D60/><U65/><E133/><V115/><F109/><W102/><G0/><T83/><D18/><U58/><E110/><V88/><F115/><W67/><G114/><T10/><D85/><U108/><E108/><V3/><F68/><W71/><G71/><T5/><REACH who="0" step="1"/><D83/><REACH who="0" ten="240,218,250,282" step="2"/><U12/><E29/><V20/><F4/><W51/><G102/><T21/><D21/><U31/><E31/><V82/><F3/><W28/><G19/><T73/><D73/><U107/><E107/><V50/><F23/><W14/><G22/><T129/><D129/><U1/><E1/><V78/><F78/><W111/><G72/><T120/><D120/><U130/><E130/><V24/><F24/><AGARI ba="0,1" hai="5,6,9,10,24,27,33,34,36,39,44,47,124,127" machi="24" ten="25,8000,1" yaku="1,1,22,2,53,2" doraHai="8" doraHaiUra="7" who="0" fromWho="2" sc="240,90,218,0,250,-80,282,0" /><INIT seed="2,0,0,4,5,16" ten="330,218,170,282" oya="2" hai0="101,30,94,108,82,3,75,14,80,63,51,68,88" hai1="130,69,110,81,28,67,20,11,46,72,53,39,60" hai2="122,123,93,112,92,56,71,119,117,9,26,85,58" hai3="113,27,48,0,4,107,15,98,41,79,128,1,12"/><V87/><F9/><W10/><G128/><T127/><D3/><U43/><E130/><V106/><F26/><W40/><G113/><T55/><D108/><U126/><E110/><V135/><F112/><W23/><G79/><T86/><D127/><U70/><E126/><V134/><REACH who="2" step="1"/><F71/><REACH who="2" ten="330,218,160,282" step="2"/><W105/><G27/><T90/><D68/><U109/><E69/><V96/><F96/><W2/><G98/><N who="0" m="59607" /><D30/><U99/><E109/><V111/><F111/><W116/><G10/><T35/><D35/><U44/><E11/><V22/><F22/><W49/><G23/><T133/><D133/><U102/><E28/><V25/><F25/><W32/><G32/><T65/><D14/><U19/><E99/><V121/><F121/><W6/><REACH who="3" step="1"/><G2/><REACH who="3" ten="330,218,160,272" step="2"/><T54/><D75/><U59/><E72/><V42/><F42/><W21/><G21/><T34/><D34/><U31/><E31/><V45/><F45/><W125/><G125/><T131/><D131/><U114/><E46/><V18/><F18/><W76/><G76/><T33/><D33/><U74/><E114/><V120/><F120/><W97/><G97/><T57/><D86/><U118/><E74/><V8/><F8/><W29/><G29/><T100/><D100/><U7/><E102/><V66/><F66/><W95/><G95/><T24/><D24/><U37/><E20/><V77/><F77/><W132/><G132/><T124/><D124/><U5/><E19/><V61/><F61/><W103/><G103/><T52/><D65/><U38/><E67/><V62/><F62/><W84/><G84/><N who="0" m="50183" /><D63/><U13/><E60/><RYUUKYOKU ba="0,2" sc="330,10,218,-30,160,10,272,10" hai0="51,52,54,55,57,82,90" hai2="56,58,85,87,92,93,106,117,119,122,123,134,135" hai3="0,1,4,6,12,15,40,41,48,49,105,107,116" /><INIT seed="2,1,2,2,2,78" ten="340,188,170,282" oya="2" hai0="1,115,74,15,57,117,95,26,58,52,72,55,0" hai1="103,10,60,125,14,61,108,59,19,64,45,23,123" hai2="32,91,54,28,101,79,7,97,82,69,121,48,17" hai3="98,85,87,34,35,116,8,36,22,47,110,83,135"/><V118/><F118/><W104/><G116/><T76/><D117/><U107/><E108/><V128/><F121/><W38/><G135/><T112/><D15/><U122/><E125/><V99/><F128/><W21/><G110/><T31/><D95/><U13/><E45/><V11/><F69/><W120/><G120/><N who="1" m="46122" /><E60/><V49/><F17/><W44/><G98/><T25/><D76/><U88/><E103/><V73/><F91/><W6/><G8/><T86/><REACH who="0" step="1"/><D31/><REACH who="0" ten="330,188,170,282" step="2"/><U114/><E114/><V40/><F101/><W27/><G104/><T42/><D42/><U131/><E131/><V80/><F28/><W63/><G27/><T56/><D56/><U127/><E127/><V3/><F32/><W92/><G92/><T109/><D109/><U70/><E107/><V133/><F133/><W94/><G94/><T89/><D89/><U119/><E119/><V5/><F5/><W130/><G130/><T134/><D134/><U4/><E88/><V51/><F40/><W84/><G6/><T39/><D39/><U111/><E111/><V71/><F71/><AGARI ba="1,3" hai="4,10,13,14,19,23,59,61,64,70,71" m="46122" machi="71" ten="30,1000,0" yaku="13,1" doraHai="78" who="1" fromWho="2" sc="330,0,188,43,170,-13,282,0" /><INIT seed="3,0,0,0,4,30" ten="330,231,157,282" oya="3" hai0="112,123,72,111,119,12,42,2,22,65,41,92,16" hai1="31,62,36,34,103,20,24,106,23,26,4,1,53" hai2="33,130,68,0,97,77,129,15,134,109,82,121,93" hai3="27,10,125,35,32,131,108,128,61,76,50,56,95"/><W17/><G125/><T86/><D119/><U70/><E36/><V57/><F0/><W66/><G108/><T38/><D111/><U94/><E94/><V80/><F109/><W45/><G76/><T25/><D123/><U88/><E88/><N who="2" m="55463" /><F68/><W135/><G135/><T18/><D2/><U71/><E71/><V85/><F134/><W67/><G67/><T96/><D72/><U9/><E24/><V105/><F15/><N who="3" m="7415" /><G95/><T63/><D86/><U28/><E28/><V60/><F121/><W59/><G59/><N who="0" m="37119" /><D112/><U90/><E90/><N who="2" m="51495" /><F57/><W118/><G27/><T43/><D38/><U113/><E53/><V39/><F60/><W102/><G102/><N who="0" m="60679" /><D42/><U98/><REACH who="1" step="1"/><E113/><REACH who="1" ten="330,221,157,282" step="2"/><V5/><F105/><W100/><G100/><T84/><D84/><U37/><E37/><V58/><F39/><W75/><G75/><T29/><D29/><U117/><E117/><V89/><F89/><W52/><G118/><T81/><D81/><U79/><E79/><V73/><F82/><W104/><G104/><T114/><D114/><U49/><E49/><V19/><F77/><W48/><G48/><T87/><D87/><U132/><E132/><V74/><F73/><W133/><G133/><T126/><D126/><U14/><E14/><V99/><F74/><W110/><G110/><T51/><D51/><U11/><E11/><AGARI ba="0,1" hai="11,12,16,18,22,25,41,43" m="60679,37119" machi="11" ten="30,2000,0" yaku="8,1,54,1" doraHai="30" who="0" fromWho="1" sc="330,30,221,-20,157,0,282,0" /><INIT seed="4,0,0,4,0,11" ten="360,201,157,282" oya="0" hai0="10,88,71,42,49,92,37,123,119,16,107,122,56" hai1="8,6,108,39,67,115,20,23,35,100,41,19,99" hai2="90,98,106,51,116,38,130,12,60,63,46,96,95" hai3="82,31,17,128,127,61,27,113,25,112,85,15,133"/><T30/><D119/><U22/><E108/><V48/><F116/><W64/><G127/><T87/><D107/><U29/><E67/><V40/><F130/><W44/><G44/><T86/><D71/><U121/><E121/><V76/><F76/><W3/><G3/><T33/><D37/><U57/><E39/><V36/><F36/><W103/><G103/><T117/><D117/><U32/><E41/><V132/><F132/><W102/><G102/><T62/><D33/><N who="1" m="12875" /><E57/><V114/><F114/><N who="3" m="44139" /><G31/><T1/><D30/><U52/><E52/><V55/><F38/><W13/><G133/><T45/><D87/><U89/><E89/><V118/><F118/><W78/><G128/><T126/><D126/><U34/><E100/><V2/><F2/><W110/><G110/><T94/><D92/><U125/><E99/><V80/><F80/><W50/><G50/><T109/><D109/><U91/><E91/><V124/><F124/><W97/><G97/><T77/><D77/><U72/><E72/><V135/><F135/><W120/><G120/><T93/><D94/><U54/><E54/><V14/><F98/><W7/><G7/><N who="0" m="1391" /><D122/><U75/><E75/><V66/><F106/><W101/><G101/><T73/><D73/><U104/><E104/><V28/><F28/><W129/><G129/><T21/><D123/><U43/><E125/><V84/><F96/><W47/><G47/><T69/><D49/><U74/><E74/><V134/><F134/><W79/><G79/><T131/><D131/><U105/><E105/><V59/><F60/><W4/><G78/><T68/><D62/><RYUUKYOKU ba="0,0" sc="360,-10,201,-10,157,30,282,-10" hai2="12,14,40,46,48,51,55,59,63,66,84,90,95" /><INIT seed="5,1,0,3,3,26" ten="350,191,187,272" oya="1" hai0="124,8,130,93,98,89,54,63,0,15,92,65,10" hai1="18,45,100,28,25,49,122,129,131,123,95,69,90" hai2="60,114,117,53,78,17,107,62,32,14,12,105,61" hai3="43,82,4,115,57,103,36,70,33,127,126,47,67"/><U30/><E69/><V2/><F2/><W71/><G103/><T128/><D124/><N who="3" m="47657" /><G4/><T119/><D119/><U102/><E18/><V39/><F39/><W106/><G106/><T134/><D134/><U108/><E108/><V9/><F117/><W66/><G82/><T21/><D54/><U52/><E100/><V44/><F78/><W20/><G20/><T84/><D21/><U64/><E64/><N who="3" m="24618" /><G33/><T79/><D0/><U23/><E102/><V7/><F32/><W3/><G3/><T104/><D104/><U42/><E42/><V133/><F133/><W51/><G115/><T22/><D22/><U73/><E73/><V16/><F114/><W38/><G57/><N who="0" m="37103" /><D15/><U110/><E110/><V83/><F14/><W41/><G41/><T6/><D6/><U81/><E81/><V40/><F83/><W87/><G87/><T37/><D79/><U48/><E30/><V86/><F86/><W88/><G88/><T85/><D84/><U46/><E90/><V55/><F107/><W101/><G101/><T96/><D93/><U97/><E95/><V35/><F105/><W120/><G120/><T13/><D96/><U58/><E97/><V75/><F75/><W94/><G94/><T59/><D85/><U118/><E122/><V109/><F35/><W31/><G31/><T111/><D111/><U77/><E123/><V11/><F109/><W24/><G24/><T27/><D27/><U19/><E19/><N who="2" m="7243" /><F9/><N who="0" m="3690" /><D13/><U34/><E34/><V1/><F1/><W99/><G99/><T68/><D98/><U76/><E118/><V116/><F116/><W91/><G91/><RYUUKYOKU ba="1,0" sc="350,-15,191,-15,187,15,272,15" hai2="7,11,12,40,44,53,55,60,61,62" hai3="36,38,43,47,51,70,71" /><INIT seed="6,2,0,0,0,74" ten="335,176,202,287" oya="2" hai0="4,15,0,62,32,73,105,92,60,58,115,66,134" hai1="44,70,84,55,25,130,77,94,118,63,33,81,28" hai2="12,107,16,124,91,59,119,9,68,72,78,7,21" hai3="96,3,23,19,46,123,126,109,57,30,108,69,133"/><V95/><F119/><W102/><G69/><T41/><D105/><U104/><E104/><V125/><F68/><W61/><G3/><T5/><D0/><U76/><E118/><V17/><F107/><W48/><G30/><T110/><D110/><U128/><E94/><V37/><F37/><W38/><G38/><T99/><D32/><U49/><REACH who="1" step="1"/><E76/><REACH who="1" ten="335,166,202,287" step="2"/><V113/><F113/><W40/><G109/><T121/><D92/><U6/><E6/><V51/><F78/><W103/><G108/><T31/><D4/><U120/><E120/><V54/><F72/><W39/><G123/><T36/><D5/><U18/><E18/><V112/><F112/><W97/><G19/><T34/><D121/><U11/><E11/><V35/><F35/><W27/><G133/><T53/><D134/><U93/><E93/><V122/><F122/><W79/><G79/><T132/><D132/><U89/><E89/><V80/><F80/><W129/><G103/><T45/><D115/><U82/><E82/><V42/><F42/><W1/><G102/><T20/><D73/><U13/><E13/><V50/><F50/><W83/><G83/><T116/><D15/><U75/><E75/><V88/><F17/><W10/><G39/><T26/><D116/><U22/><E22/><V65/><F65/><AGARI ba="2,1" hai="25,28,33,44,49,55,63,65,70,77,81,84,128,130" machi="65" ten="40,2600,0" yaku="1,1,52,1,53,0" doraHai="74" doraHaiUra="14" who="1" fromWho="2" sc="335,0,166,42,202,-32,287,0" /><INIT seed="7,0,0,3,2,128" ten="335,208,170,287" oya="3" hai0="65,24,93,58,36,102,20,132,73,63,55,40,48" hai1="77,41,3,29,37,59,38,22,105,106,27,66,84" hai2="6,97,130,54,104,111,8,9,12,43,15,80,56" hai3="101,4,14,10,62,81,131,28,112,69,87,79,1"/><W17/><G112/><T30/><D132/><U50/><E3/><V25/><F130/><W78/><G131/><T126/><D73/><U90/><E77/><V67/><F111/><W23/><G101/><T64/><D126/><U103/><E37/><V0/><F0/><W7/><G79/><T11/><D36/><U16/><E38/><V82/><F67/><N who="0" m="25674" /><D11/><U35/><E103/><V26/><F43/><W49/><G49/><T92/><D102/><U86/><E86/><V95/><F104/><W91/><G62/><T46/><AGARI ba="0,0" hai="20,24,30,40,46,48,55,58,63,92,93" m="25674" machi="46" ten="30,1100,0" yaku="8,1" doraHai="128" who="0" fromWho="0" sc="335,11,208,-3,170,-3,287,-5" owari="346,44.6,205,-19.5,167,-33.3,282,8.2" /></mjloggm>