<mjloggm ver="2.3"><GO type="169" lobby="0"/><UN n0="%4E%49%4B%55%59%41" n1="%E7%A9%B6%E6%A5%B5%56%E3%83%A2%E3%83%B3%E3%82%AD%E3%83%BC" n2="%E4%B8%8B%E9%AB%98%E5%A4%AA%E9%83%8E" n3="%4D%4A%E6%9C%80%E5%BC%B7%E4%BD%8D" dan="17,16,16,17" rate="2210.43,2111.08,2121.52,2223.76" sx="M,M,M,M"/><TAIKYOKU oya="0"/><INIT seed="0,0,0,0,4,37" ten="250,250,250,250" oya="0" hai0="2,78,12,80,76,94,15,32,89,18,81,105,73" hai1="111,128,118,10,17,13,103,92,70,31,35,30,43" hai2="55,36,112,61,3,53,25,41,11,27,20,93,126" hai3="109,33,131,52,44,66,60,107,48,86,28,5,117"/><T68/><D2/><U90/><E118/><V26/><F112/><W102/><G117/><T22/><D68/><U47/><E70/><V114/><F114/><W123/><G123/><T127/><D127/><U40/><E111/><V91/><F126/><W84/><G109/><T8/><D105/><U110/><E110/><V104/><F104/><W95/><G5/><T85/><D32/><U99/><E128/><V34/><F34/><W7/><G7/><T24/><REACH who="0" step="1"/><D8/><REACH who="0" ten="240,250,250,250" step="2"/><U87/><E35/><V6/><F3/><W82/><G107/><T79/><D79/><U65/><E65/><V42/><F20/><W98/><G131/><T100/><D100/><U50/><REACH who="1" step="1"/><E43/><REACH who="1" ten="240,240,250,250" step="2"/><V116/><F116/><W49/><G33/><T1/><D1/><U23/><E23/><V97/><F42/><W64/><G66/><T121/><D121/><U58/><E58/><V51/><F41/><W21/><G64/><T56/><D56/><U130/><E130/><V132/><F53/><W4/><G21/><T38/><D38/><U108/><E108/><V129/><F36/><W96/><G52/><T63/><D63/><U124/><E124/><V120/><F61/><W134/><G60/><T19/><D19/><U135/><E135/><V59/><F132/><W101/><G134/><T57/><D57/><U133/><E133/><V119/><F129/><W46/><G4/><T69/><D69/><U83/><AGARI ba="0,2" hai="10,13,17,30,31,40,47,50,83,87,90,92,99,103" machi="83" ten="20,8000,1" yaku="1,1,0,1,7,1,8,1,52,1,53,0" doraHai="37" doraHaiUra="75" who="1" fromWho="1" sc="240,-40,240,100,250,-20,250,-20" /><INIT seed="1,0,0,5,3,103" ten="200,340,230,230" oya="1" hai0="37,82,69,83,41,2,60,89,114,94,126,40,122" hai1="97,99,95,104,64,51,93,31,21,118,24,120,68" hai2="34,90,98,54,135,35,132,5,39,0,119,76,47" hai3="32,63,13,128,131,19,18,92,78,52,33,49,1"/><U43/><E118/><V101/><F119/><W87/><G1/><T9/><D114/><U102/><E120/><V7/><F90/><N who="3" m="53343" /><G78/><T133/><D133/><N who="2" m="51274" /><F76/><W107/><G63/><T73/><D126/><U75/><E75/><V65/><F65/><W116/><G107/><T6/><D122/><U113/><E113/><V108/><F108/><W81/><G81/><T53/><D37/><U14/><E14/><V62/><F62/><W111/><G111/><T109/><D109/><U115/><E115/><V72/><F72/><W134/><G116/><T130/><D130/><N who="3" m="49705" /><G134/><T110/><D110/><U88/><E64/><V4/><F0/><W23/><G19/><T123/><D123/><U30/><E68/><V129/><F129/><W85/><G85/><T125/><D125/><U42/><E31/><V77/><F77/><W36/><G36/><T45/><D69/><U57/><REACH who="1" step="1"/><E104/><REACH who="1" ten="200,330,230,230" step="2"/><N who="2" m="63543" /><F39/><W84/><G84/><N who="0" m="52519" /><D73/><U71/><E71/><V38/><F38/><W29/><G29/><T67/><D67/><U100/><E100/><V74/><F74/><W96/><G96/><T3/><D3/><U20/><E20/><V48/><AGARI ba="0,1" hai="4,5,7,34,35,47,48,54" m="63543,51274" machi="48" ten="40,2700,0" yaku="20,1,52,1" doraHai="103" who="2" fromWho="2" sc="200,-7,330,-13,230,37,230,-7" /><INIT seed="2,0,0,1,2,71" ten="193,317,267,223" oya="2" hai0="128,37,124,121,33,98,106,5,41,30,53,126,67" hai1="117,118,110,105,59,83,101,51,48,34,14,97,9" hai2="68,20,75,76,43,127,120,50,3,73,54,65,15" hai3="57,95,13,129,113,80,119,69,78,28,17,12,4"/><V102/><F120/><W2/><G69/><T79/><D121/><U114/><E114/><V94/><F3/><W16/><G119/><T39/><D41/><U0/><E34/><V61/><F43/><W40/><G113/><T8/><D53/><U115/><E115/><V107/><F107/><W26/><G129/><T125/><D128/><U134/><E0/><V47/><F127/><W45/><G95/><T35/><D79/><U46/><E110/><V7/><F76/><W55/><G2/><N who="0" m="55" /><D67/><U130/><E130/><V72/><F7/><W31/><G4/><T104/><D104/><U42/><E134/><V122/><F122/><W64/><G64/><T49/><D49/><U62/><E51/><V11/><F11/><W91/><G91/><T38/><D30/><U63/><E83/><V109/><F109/><W112/><G112/><T19/><D19/><U21/><E21/><V132/><F132/><W22/><G28/><T70/><D70/><U100/><E100/><AGARI ba="0,0" hai="33,35,37,38,39,98,100,106,124,125,126" m="55" machi="100" ten="40,8000,1" yaku="18,1,23,1,52,3" doraHai="71" who="0" fromWho="1" sc="193,80,317,-80,267,0,223,0" /><INIT seed="3,0,0,0,3,30" ten="273,237,267,223" oya="3" hai0="88,8,18,28,127,106,120,32,84,0,76,13,29" hai1="6,68,87,39,47,107,23,37,62,4,73,15,3" hai2="135,128,35,98,85,90,97,121,10,46,24,64,71" hai3="44,25,55,112,94,102,34,132,109,118,105,65,43"/><W12/><G112/><T59/><D120/><U75/><E107/><V58/><F121/><W96/><G118/><T27/><D106/><U129/><E129/><V49/><F71/><W52/><G132/><T99/><D127/><U86/><E3/><V101/><F128/><W26/><G109/><T91/><D0/><U122/><E122/><V130/><F130/><W103/><G65/><T5/><D99/><U124/><E68/><V42/><F10/><W114/><G114/><T66/><D28/><U60/><E23/><V131/><F135/><W17/><G103/><T117/><D117/><U119/><E119/><V38/><F101/><W33/><G26/><T56/><D5/><U74/><E15/><V111/><F111/><W77/><G77/><T50/><D50/><U133/><E47/><V108/><F108/><W82/><G82/><T110/><D110/><U22/><E22/><V21/><F35/><W11/><G105/><T40/><D40/><U125/><REACH who="1" step="1"/><E73/><REACH who="1" ten="273,227,267,223" step="2"/><V113/><F131/><W92/><G25/><T78/><D59/><U1/><E1/><V134/><F134/><AGARI ba="0,1" hai="4,6,37,39,60,62,74,75,86,87,124,125,133,134" machi="134" ten="25,3200,0" yaku="1,1,22,2,53,0" doraHai="30" doraHaiUra="79" who="1" fromWho="2" sc="273,0,227,42,267,-32,223,0" /><INIT seed="4,0,0,5,3,4" ten="273,269,235,223" oya="0" hai0="119,128,50,74,26,104,91,14,82,125,28,45,134" hai1="123,38,64,127,55,67,49,60,89,12,44,86,23" hai2="40,90,18,35,132,117,21,92,53,95,25,110,3" hai3="34,0,11,31,71,96,58,126,113,98,84,76,122"/><T80/><D119/><U20/><E123/><V115/><F110/><W135/><G71/><T43/><D104/><U39/><E127/><V97/><F117/><W59/><G31/><T101/><D101/><U30/><E30/><V6/><F35/><W120/><G34/><T112/><D125/><U22/><E12/><V10/><F115/><W19/><G113/><T78/><D112/><U24/><E64/><V93/><F132/><W75/><G75/><T81/><D134/><U70/><REACH who="1" step="1"/><E24/><REACH who="1" ten="273,259,235,223" step="2"/><V102/><F40/><W63/><G126/><T2/><D2/><U32/><E32/><V111/><F111/><W37/><G135/><T85/><D14/><U47/><E47/><V33/><F33/><W69/><G0/><T36/><D26/><U54/><E54/><V56/><REACH who="2" step="1"/><F102/><REACH who="2" ten="273,259,225,223" step="2"/><W79/><G122/><T46/><D43/><U9/><E9/><V118/><F118/><W116/><G11/><T42/><D42/><U73/><E73/><V66/><F66/><W7/><G116/><T8/><D74/><U16/><E16/><V27/><F27/><W72/><G19/><T17/><D8/><U51/><E51/><AGARI ba="0,2" hai="3,6,10,18,21,25,51,53,56,90,92,93,95,97" machi="51" ten="30,3900,0" yaku="1,1,7,1,52,1,53,0" doraHai="4" doraHaiUra="124" who="2" fromWho="1" sc="273,0,259,-39,225,59,223,0" /><INIT seed="5,0,0,4,2,50" ten="273,220,284,223" oya="1" hai0="8,80,10,71,72,32,13,112,95,103,74,42,31" hai1="129,108,62,53,5,116,4,68,84,77,25,115,12" hai2="56,118,33,125,18,111,59,57,89,123,21,9,43" hai3="20,0,69,99,73,81,93,48,55,106,119,28,121"/><U83/><E116/><V120/><F33/><W14/><G0/><T17/><D71/><U19/><E115/><V128/><F111/><W96/><G69/><T102/><D112/><U30/><E129/><V60/><F128/><W109/><G109/><T67/><D67/><U88/><E108/><V58/><F118/><W29/><G121/><T133/><D133/><U26/><E77/><V134/><F134/><W23/><G119/><T78/><D74/><U45/><E68/><V70/><F125/><W86/><G73/><T16/><D42/><U85/><E85/><V131/><F131/><W76/><G106/><T22/><D32/><U6/><E30/><N who="3" m="11882" /><G14/><T41/><D41/><U132/><E132/><V117/><F117/><W135/><G99/><T107/><D107/><U64/><E64/><V44/><F70/><W126/><G126/><T100/><D31/><U35/><E35/><V63/><F123/><W127/><G127/><T37/><D37/><U61/><E61/><V65/><F120/><W52/><G135/><T87/><D17/><U39/><E39/><V40/><F40/><W97/><G97/><N who="0" m="59455" /><D72/><U38/><E38/><V36/><F89/><N who="3" m="55343" /><G55/><T94/><D94/><U90/><E90/><V47/><F43/><W34/><G34/><T1/><D1/><U113/><E113/><V110/><F36/><W101/><G101/><AGARI ba="0,0" hai="8,10,13,16,22,78,80,87,101,102,103" m="59455" machi="101" ten="30,2000,0" yaku="8,1,54,1" doraHai="50" who="0" fromWho="3" sc="273,20,220,0,284,0,223,-20" /><INIT seed="6,0,0,5,4,105" ten="293,220,284,203" oya="2" hai0="10,124,106,27,21,59,128,116,18,17,91,43,74" hai1="22,50,0,93,81,131,70,23,95,67,110,61,123" hai2="45,31,9,109,96,85,117,112,121,42,114,98,3" hai3="32,73,89,54,64,29,104,40,19,115,97,125,36"/><V11/><F117/><W78/><G125/><T132/><D106/><U2/><E110/><V16/><F121/><W129/><G129/><T38/><D38/><U53/><E131/><V107/><F109/><W88/><G115/><N who="2" m="44073" /><F31/><W100/><G54/><T52/><D43/><U7/><E123/><V134/><F134/><W79/><G19/><T126/><D128/><U86/><E0/><V111/><F111/><W84/><G64/><T46/><D46/><U57/><E7/><N who="2" m="1279" /><F85/><W127/><G127/><N who="0" m="48683" /><D132/><U69/><E2/><V90/><F90/><N who="3" m="34923" /><G40/><T87/><D116/><U13/><E69/><V77/><F77/><W68/><G68/><T72/><D17/><U12/><E86/><V122/><F107/><W62/><G62/><N who="0" m="36199" /><D10/><U133/><E133/><V47/><F47/><W113/><G36/><T30/><D18/><U44/><E70/><V63/><F63/><W51/><G51/><T24/><D27/><U80/><E23/><V20/><F11/><W118/><G118/><T15/><D15/><N who="1" m="5707" /><E22/><V4/><F4/><W8/><G8/><T76/><D76/><U101/><E101/><V37/><F122/><W65/><G113/><T120/><D120/><U119/><E119/><V33/><F33/><W39/><G39/><T130/><D130/><U102/><E102/><V56/><F56/><W49/><G32/><T71/><D71/><U66/><E66/><V34/><F34/><W5/><G65/><T14/><D14/><AGARI ba="0,0" hai="14,16,20,37,42,45,96,98" m="1279,44073" machi="14" ten="30,2900,0" yaku="15,1,54,1" doraHai="105" who="2" fromWho="0" sc="293,-29,220,0,284,29,203,0" /><INIT seed="6,1,0,4,2,32" ten="264,220,313,203" oya="2" hai0="51,56,45,82,92,29,53,48,84,72,80,83,46" hai1="121,113,94,17,63,97,106,114,99,23,124,66,36" hai2="134,125,18,126,39,57,87,103,75,42,77,1,78" hai3="119,15,5,109,49,117,110,68,54,47,26,71,33"/><V69/><F69/><N who="3" m="26699" /><G15/><T98/><D72/><U104/><E36/><V96/><F134/><W62/><G26/><T0/><D0/><U133/><E133/><V64/><F75/><W6/><G5/><T101/><D29/><U88/><E124/><V12/><F1/><W41/><G6/><T70/><D70/><N who="1" m="42335" /><E99/><V85/><F78/><W16/><G16/><T76/><REACH who="0" step="1"/><D56/><REACH who="0" ten="254,220,313,203" step="2"/><U13/><E121/><V79/><F57/><N who="3" m="35127" /><G33/><T130/><D130/><U93/><E93/><V28/><F28/><W128/><G128/><T60/><D60/><U44/><E44/><V127/><F127/><W11/><G11/><T27/><D27/><U89/><E104/><V90/><F126/><W131/><G131/><T4/><D4/><U30/><E106/><V43/><F125/><W108/><AGARI ba="1,1" hai="41,47,49,108,109,110,117,119" m="35127,26699" machi="108" ten="40,2700,0" yaku="34,2" doraHai="32" who="3" fromWho="3" sc="254,-8,220,-8,313,-14,203,40" /><INIT seed="7,0,0,2,2,33" ten="246,212,299,243" oya="3" hai0="73,116,132,87,75,86,41,9,24,48,16,69,55" hai1="4,96,110,30,92,80,78,99,119,103,118,85,26" hai2="28,31,126,59,111,56,36,34,83,22,89,67,18" hai3="81,102,97,37,54,106,100,112,127,12,42,19,50"/><W72/><G100/><T66/><D116/><U32/><E110/><V17/><F111/><W14/><G112/><T47/><D132/><U39/><E39/><V135/><F36/><W74/><G127/><T3/><D66/><U123/><E123/><V76/><F34/><W93/><G106/><T61/><D69/><U105/><REACH who="1" step="1"/><E4/><REACH who="1" ten="246,202,299,243" step="2"/><V21/><F135/><W38/><G37/><T43/><D43/><U62/><E62/><V7/><F7/><W84/><G38/><T130/><D61/><U133/><E133/><V82/><F126/><W5/><G5/><T15/><D41/><U46/><E46/><V107/><F67/><W114/><G42/><T40/><D40/><U11/><E11/><V95/><F107/><W8/><G114/><T94/><D47/><U53/><E53/><V70/><F70/><W90/><G14/><T98/><D55/><U134/><E134/><V45/><F45/><AGARI ba="0,1" hai="8,12,19,45,50,54,72,74,81,84,90,93,97,102" machi="45" ten="30,5800,0" yaku="7,1,25,2" doraHai="33" who="3" fromWho="2" sc="246,0,202,0,299,-58,243,68" owari="246,4.6,202,-29.8,241,-15.9,311,41.1" /></mjloggm>