<mjloggm ver="2.3"><GO type="169" lobby="0"/><UN n0="%E3%83%A9%E3%83%96%E3%83%AC%E3%83%BC" n1="%E3%82%A8%E3%82%B0%E3%83%81%E3%80%81" n2="%E3%83%90%E3%83%AA%E3%83%88%E3%83%B3" n3="%E7%9B%AE%E5%8A%9B%36%30" dan="18,17,17,17" rate="2208.70,2211.00,2230.28,2176.10" sx="M,M,M,M"/><TAIKYOKU oya="0"/><INIT seed="0,0,0,0,3,18" ten="250,250,250,250" oya="0" hai0="43,125,67,25,133,4,57,82,23,77,109,39,15" hai1="121,36,22,62,126,127,0,92,64,42,10,66,24" hai2="21,110,69,95,113,72,46,31,75,33,20,48,111" hai3="45,11,97,103,52,13,132,112,120,114,40,51,3"/><T63/><D125/><N who="1" m="47627" /><E121/><V100/><F69/><W102/><G3/><T134/><D109/><N who="2" m="41482" /><F113/><W47/><G132/><T86/><D39/><U115/><E115/><V87/><F33/><W119/><G119/><T123/><D123/><U85/><E42/><N who="2" m="24663" /><F31/><W84/><G84/><T124/><D43/><U94/><E36/><V17/><F17/><W76/><G76/><T79/><D124/><U28/><E85/><V59/><F59/><W61/><G103/><T89/><D134/><U107/><E107/><V88/><F100/><W70/><G120/><T9/><REACH who="0" step="1"/><D133/><REACH who="0" ten="240,250,250,250" step="2"/><U50/><E50/><V116/><F116/><W8/><G114/><T106/><D106/><U80/><E62/><V35/><F35/><W30/><G112/><T108/><D108/><U135/><E135/><V99/><F99/><W6/><G61/><T55/><D55/><U14/><E66/><V90/><F90/><W5/><G40/><T60/><D60/><U74/><E64/><V56/><F56/><W128/><G70/><T19/><AGARI ba="0,1" hai="4,9,15,19,23,25,57,63,67,77,79,82,86,89" machi="19" ten="20,18000,2" yaku="1,1,0,1,7,1,8,1,52,1,53,1" doraHai="18" doraHaiUra="58" who="0" fromWho="0" sc="240,190,250,-60,250,-60,250,-60" /><INIT seed="0,1,0,5,1,32" ten="430,190,190,190" oya="0" hai0="19,107,115,37,60,90,13,51,24,20,9,101,48" hai1="96,109,47,74,67,93,33,106,2,114,12,128,27" hai2="92,75,78,53,64,104,122,31,124,89,0,18,83" hai3="6,103,117,54,50,3,129,69,82,98,63,61,77"/><T56/><D115/><U85/><E109/><V30/><F122/><W38/><G38/><T121/><D37/><U95/><E74/><V23/><F124/><W34/><G34/><T70/><D70/><U26/><E128/><V44/><F104/><W97/><G129/><T5/><D121/><U131/><E131/><V80/><F64/><W49/><G49/><T88/><D101/><U41/><E2/><V39/><F83/><W4/><G4/><T66/><D107/><U134/><E134/><V120/><F0/><W46/><G117/><T94/><REACH who="0" step="1"/><D90/><REACH who="0" ten="420,190,190,190" step="2"/><U22/><E106/><V65/><F120/><W14/><G69/><T116/><D116/><U123/><E114/><V79/><F39/><W113/><G103/><T72/><D72/><U127/><E123/><V1/><F75/><W81/><G113/><T40/><D40/><U55/><E41/><V29/><F89/><W112/><G112/><T71/><D71/><U86/><E127/><V35/><F79/><W108/><G77/><T43/><D43/><U99/><E99/><AGARI ba="1,1" hai="5,9,13,19,20,24,48,51,56,60,66,88,94,99" machi="99" ten="30,12000,1" yaku="1,1,7,1,8,1,54,1,53,1" doraHai="32" doraHaiUra="15" who="0" fromWho="1" sc="420,133,190,-123,190,0,190,0" /><INIT seed="0,2,0,2,4,11" ten="553,67,190,190" oya="0" hai0="26,97,63,71,36,75,67,42,79,123,35,130,64" hai1="128,61,3,112,57,131,94,47,14,48,56,25,62" hai2="126,53,66,4,8,73,133,45,52,9,70,116,81" hai3="46,38,85,105,34,69,83,23,89,86,104,29,15"/><T90/><D123/><U101/><E3/><V98/><F133/><W135/><G69/><T134/><D134/><U117/><E117/><V106/><F126/><W49/><G38/><T92/><D130/><N who="1" m="49707" /><E25/><V60/><F116/><W0/><G0/><T72/><D79/><U80/><E80/><V24/><F9/><W6/><G34/><T21/><D35/><U91/><E101/><V107/><F24/><W132/><G135/><T65/><D36/><U76/><E76/><V87/><F73/><W10/><G132/><T118/><D118/><U7/><E7/><V124/><F124/><W55/><G29/><T13/><D42/><N who="1" m="24695" /><E14/><V19/><F19/><W103/><G103/><T129/><D129/><U84/><E112/><V100/><F45/><W17/><G86/><T82/><D82/><U109/><E109/><V95/><F106/><W18/><G6/><T20/><D75/><U125/><E125/><V99/><F99/><W51/><G51/><T27/><D27/><AGARI ba="2,0" hai="10,15,17,18,23,27,46,49,55,83,85,89,104,105" machi="27" ten="30,7700,0" yaku="7,1,25,2,52,1" doraHai="11" who="3" fromWho="0" sc="553,-83,67,0,190,0,190,83" /><INIT seed="1,0,0,5,5,38" ten="470,67,190,273" oya="1" hai0="66,91,110,30,48,4,97,22,68,26,28,118,43" hai1="92,132,109,71,29,70,84,56,18,90,100,13,98" hai2="54,115,36,21,119,128,112,9,104,24,31,14,77" hai3="19,35,87,127,126,93,107,47,99,85,101,59,122"/><U39/><E132/><V96/><F119/><W69/><G69/><T65/><D110/><U125/><E125/><N who="3" m="47626" /><G35/><T74/><D74/><U134/><E134/><V25/><F128/><W37/><G59/><T73/><D73/><U79/><E109/><V103/><F77/><W55/><G55/><T67/><D4/><U51/><E39/><V123/><F123/><W82/><G19/><N who="0" m="12639" /><D118/><U46/><E79/><V12/><F36/><W63/><G63/><T33/><D33/><U121/><E29/><V17/><F54/><W131/><G122/><T75/><D75/><U44/><E56/><V15/><REACH who="2" step="1"/><F9/><REACH who="2" ten="470,67,180,273" step="2"/><W34/><G37/><T52/><D52/><U88/><E121/><V124/><F124/><W62/><G131/><T117/><D117/><U120/><E120/><V78/><F78/><W111/><G111/><T130/><D130/><U45/><E51/><V86/><F86/><W20/><G85/><T80/><D48/><U116/><E116/><V5/><F5/><W32/><G87/><T105/><D67/><U53/><E53/><V7/><F7/><W0/><G0/><T81/><D66/><U27/><E45/><V113/><F113/><W76/><G47/><T57/><D65/><U72/><E46/><V135/><F135/><W40/><G76/><T61/><D61/><U10/><E72/><V89/><F89/><N who="1" m="34409" /><E44/><V41/><F41/><W6/><G40/><T60/><D43/><U102/><E84/><V94/><F94/><W49/><G93/><T133/><D60/><U64/><E64/><V50/><F50/><W23/><G49/><T108/><D133/><RYUUKYOKU ba="0,1" sc="470,-10,67,-10,180,30,273,-10" hai2="12,14,15,17,21,24,25,31,96,103,104,112,115" /><INIT seed="2,1,1,1,0,120" ten="460,57,210,263" oya="2" hai0="93,40,72,28,1,5,108,59,58,99,83,98,60" hai1="49,76,8,82,61,132,38,51,121,7,4,135,96" hai2="47,84,126,33,124,103,101,117,106,9,110,55,64" hai3="92,14,65,57,89,22,16,67,123,79,78,115,69"/><V52/><F117/><W29/><G123/><T66/><D40/><U122/><E38/><V71/><F33/><W116/><G69/><T3/><D5/><U53/><E61/><V128/><F128/><W48/><G116/><T11/><D11/><U20/><E20/><V27/><F27/><W111/><G115/><T90/><D28/><U87/><E96/><V30/><F30/><W88/><G89/><T15/><D15/><U45/><E51/><V39/><F84/><W36/><G36/><T37/><D83/><U119/><E119/><V75/><F75/><W24/><G67/><T46/><D46/><U95/><E95/><V0/><F0/><W44/><G57/><T43/><D43/><U23/><E23/><V107/><F9/><W13/><G65/><T113/><D72/><U114/><E4/><V42/><F64/><W85/><G13/><T70/><D70/><U94/><E94/><V35/><F35/><W21/><G111/><T41/><D41/><AGARI ba="1,1" hai="14,16,21,22,24,29,41,44,48,78,79,85,88,92" machi="41" ten="30,7700,0" yaku="7,1,8,1,54,2" doraHai="120" who="3" fromWho="0" sc="460,-80,57,0,210,0,263,90" /><INIT seed="3,0,0,3,1,22" ten="380,57,210,353" oya="3" hai0="82,51,76,114,133,109,125,110,31,72,80,60,19" hai1="40,20,64,29,68,23,89,92,18,30,135,12,101" hai2="102,129,108,39,10,26,78,90,54,77,32,120,81" hai3="47,83,131,112,115,67,9,16,25,113,57,34,1"/><W4/><G131/><T53/><D31/><U124/><E135/><V93/><F108/><N who="0" m="41578" /><D133/><U86/><E124/><V99/><F129/><W35/><G47/><N who="0" m="27903" /><D125/><U17/><E40/><V2/><F39/><W96/><G83/><T91/><D19/><U132/><E132/><V48/><F120/><W55/><G96/><T107/><D107/><U42/><E42/><V106/><F2/><W36/><G36/><T59/><D82/><U43/><E43/><V38/><F10/><W100/><G100/><T74/><D91/><U87/><E101/><V58/><F38/><W14/><G25/><T84/><D114/><U15/><E68/><V13/><F13/><W33/><G67/><AGARI ba="0,0" hai="59,60,67,72,74,76,80,84" m="27903,41578" machi="67" ten="30,1000,0" yaku="14,1" doraHai="22" who="0" fromWho="3" sc="380,10,57,0,210,0,353,-10" /><INIT seed="4,0,0,1,5,76" ten="390,57,210,343" oya="0" hai0="50,9,13,89,91,54,87,65,132,107,38,79,17" hai1="33,118,73,43,27,113,49,92,114,83,68,71,124" hai2="2,21,64,46,66,28,96,116,14,110,26,105,61" hai3="1,29,128,74,75,93,117,3,39,51,12,104,125"/><T115/><D38/><U32/><E118/><V19/><F110/><W24/><G39/><T34/><D34/><N who="1" m="13419" /><E92/><V42/><F2/><W18/><G104/><T52/><D107/><U90/><E27/><V5/><F5/><W78/><G117/><T123/><D132/><U40/><E124/><V100/><F116/><W10/><G125/><T4/><D65/><U77/><E90/><V15/><F19/><W59/><G128/><T119/><D123/><U101/><E101/><V36/><REACH who="2" step="1"/><F64/><REACH who="2" ten="390,57,200,343" step="2"/><W57/><G1/><T35/><D17/><U127/><E127/><V70/><AGARI ba="0,1" hai="14,15,21,26,28,36,42,46,61,66,70,96,100,105" machi="70" ten="20,5200,0" yaku="1,1,2,1,0,1,7,1,53,0" doraHai="76" doraHaiUra="106" who="2" fromWho="2" sc="390,-26,57,-13,200,62,343,-13" /><INIT seed="5,0,0,2,0,5" ten="364,44,262,330" oya="1" hai0="95,123,134,94,54,36,61,96,69,59,13,40,60" hai1="76,67,9,78,125,50,16,44,38,32,121,133,111" hai2="130,1,58,6,41,18,127,27,129,3,28,22,49" hai3="2,34,52,0,10,35,128,19,53,84,21,118,56"/><U46/><E121/><V30/><F41/><W7/><G128/><N who="2" m="49257" /><F49/><W103/><G118/><T82/><D134/><U45/><E133/><V66/><F58/><W11/><G103/><T26/><D123/><U99/><E125/><V42/><F66/><W105/><G105/><T51/><D26/><U64/><E32/><V77/><F42/><W112/><G112/><T72/><D72/><U23/><E38/><V98/><F98/><W17/><G84/><T126/><D126/><U100/><E50/><V87/><F87/><W39/><G39/><T83/><D13/><N who="1" m="7215" /><E111/><V97/><F97/><W116/><G7/><T124/><D124/><U122/><E122/><V4/><F77/><N who="1" m="29801" /><E23/><V119/><F127/><W109/><G21/><T15/><D69/><U24/><E24/><V88/><F119/><W85/><G116/><T106/><D106/><U62/><E62/><V89/><F4/><W55/><G109/><T25/><D61/><U117/><E117/><V102/><F102/><W104/><G104/><T14/><D51/><U86/><E86/><V12/><F30/><W74/><G85/><T65/><D36/><U113/><E113/><V63/><F63/><W132/><G74/><T75/><D75/><U70/><E70/><V120/><F120/><W107/><G107/><T79/><D79/><U108/><E108/><V20/><F6/><W8/><G132/><T80/><D60/><U135/><E135/><V81/><F89/><W101/><G101/><T43/><D83/><U92/><AGARI ba="0,0" hai="44,45,46,64,67,92,99,100" m="29801,7215" machi="92" ten="30,6000,0" yaku="8,1,52,1,54,1" doraHai="5" who="1" fromWho="1" sc="364,-20,44,60,262,-20,330,-20" /><INIT seed="5,1,0,5,1,86" ten="344,104,242,310" oya="1" hai0="56,96,45,93,52,54,106,131,81,55,99,3,24" hai1="91,89,28,71,50,126,72,88,38,13,130,82,127" hai2="75,35,135,44,34,41,112,70,98,47,16,2,108" hai3="48,7,95,31,0,23,53,125,58,36,120,117,107"/><U1/><E38/><V5/><F108/><W29/><G107/><T111/><D111/><U21/><E1/><V22/><F135/><W104/><G104/><T19/><D3/><U4/><E130/><V51/><F112/><W67/><G120/><T64/><D81/><U78/><E71/><V105/><F70/><W17/><G125/><N who="1" m="47626" /><E50/><V32/><F75/><W92/><G117/><T26/><D106/><U80/><E28/><V122/><F122/><W119/><G119/><T18/><D45/><U115/><E115/><V116/><F116/><W42/><G67/><T60/><D99/><U49/><E49/><V121/><F47/><W124/><G31/><T27/><D131/><U40/><E40/><V133/><F133/><W94/><G29/><T30/><D30/><U118/><E118/><V134/><F134/><W11/><G124/><T76/><D76/><N who="1" m="44039" /><E21/><V102/><F121/><W33/><G36/><T65/><D65/><U79/><E82/><V63/><F63/><W110/><G42/><T68/><D68/><U37/><E37/><V59/><F59/><W8/><G8/><AGARI ba="1,0" hai="4,8,13,78,79,88,89,91" m="44039,47626" machi="8" ten="30,12000,1" yaku="18,1,52,3,54,1" doraHai="86" who="1" fromWho="3" sc="344,0,104,123,242,0,310,-123" /><INIT seed="5,2,0,4,3,11" ten="344,227,242,187" oya="1" hai0="108,130,125,131,90,133,111,45,12,95,135,107,121" hai1="70,5,119,97,83,51,37,48,2,113,1,75,88" hai2="29,84,105,62,98,18,21,15,85,59,54,127,120" hai3="104,96,87,27,22,118,122,8,7,9,103,26,93"/><U16/><E119/><V69/><F120/><W110/><G110/><N who="0" m="42027" /><D45/><U92/><E37/><V46/><F127/><W38/><G38/><T126/><D107/><U101/><E70/><V53/><F69/><W74/><G74/><T65/><D65/><U94/><E113/><V77/><F29/><W99/><G122/><T134/><D121/><U57/><E5/><V76/><F105/><W71/><G71/><T73/><D73/><U63/><E2/><V19/><F98/><W132/><G118/><T128/><D12/><U56/><E1/><V42/><F54/><W49/><G87/><AGARI ba="2,0" hai="87,90,95,125,126,128,130,131,133,134,135" m="42027" machi="87" ten="50,12000,2" yaku="30,2,19,1,20,1,34,2" doraHai="11" who="0" fromWho="3" sc="344,126,227,0,242,0,187,-126" /><INIT seed="6,0,0,2,4,47" ten="470,227,242,61" oya="2" hai0="72,45,34,50,77,7,24,43,60,86,52,115,131" hai1="15,103,19,49,0,84,2,79,127,25,133,100,14" hai2="58,36,130,107,53,54,90,83,116,6,82,40,57" hai3="48,73,119,125,134,12,33,102,65,104,4,120,31"/><V89/><F107/><W128/><G73/><T118/><D115/><U29/><E127/><V123/><F116/><W124/><G120/><T3/><D118/><U62/><E133/><V68/><F68/><W114/><G119/><T74/><D131/><U80/><E62/><V121/><F6/><W44/><G114/><T17/><D60/><U96/><E2/><V27/><F27/><W97/><G134/><T106/><D52/><U87/><E0/><V56/><F40/><W64/><G31/><T5/><D5/><U93/><E103/><V8/><F36/><W92/><G33/><T63/><D63/><U110/><E110/><V10/><REACH who="2" step="1"/><F56/><REACH who="2" ten="470,227,232,61" step="2"/><W55/><G128/><AGARI ba="0,1" hai="8,10,53,54,57,58,82,83,89,90,121,123,128,130" machi="128" ten="25,9600,0" yaku="1,1,2,1,22,2,53,0" doraHai="47" doraHaiUra="105" who="2" fromWho="3" sc="470,0,227,0,232,106,61,-96" owari="470,57.0,227,-17.3,338,13.8,-35,-53.5" /></mjloggm>