<mjloggm ver="2.3"><GO type="169" lobby="0"/><UN n0="%31%35%2E%31%35%63%6D" n1="%E7%99%BD%E9%AB%AA%E9%AC%BC" n2="%E3%83%90%E3%82%AD" n3="%E6%BC%82%E3%81%86" dan="18,16,16,16" rate="2282.95,2115.11,2120.90,2112.13" sx="M,M,M,M"/><TAIKYOKU oya="0"/><INIT seed="0,0,0,0,0,106" ten="250,250,250,250" oya="0" hai0="62,123,99,18,59,78,51,128,57,122,1,52,134" hai1="113,97,92,14,66,53,100,61,74,8,36,79,10" hai2="41,91,20,87,86,126,44,42,81,0,107,102,33" hai3="85,101,94,17,58,7,50,19,6,27,130,49,29"/><T30/><D128/><U111/><E113/><V88/><F33/><W104/><G104/><T127/><D127/><U23/><E36/><V76/><F0/><W40/><G130/><T119/><D119/><U60/><E111/><V3/><F3/><W22/><G50/><T9/><D134/><U31/><E53/><V37/><F126/><W121/><G121/><T117/><D117/><U103/><E103/><V90/><F41/><W124/><G124/><T35/><D78/><U5/><E10/><V56/><F20/><W46/><G58/><T133/><D133/><U129/><E129/><V32/><F32/><W89/><REACH who="3" step="1"/><G101/><REACH who="3" ten="250,250,250,240" step="2"/><T38/><D59/><U108/><E108/><V24/><F56/><W45/><G45/><T105/><D51/><U25/><E61/><V77/><F102/><W2/><G2/><T84/><D1/><U131/><E131/><V73/><F107/><W55/><G55/><T109/><D105/><U16/><E60/><V120/><F120/><W82/><G82/><T69/><D109/><U67/><E67/><V125/><F125/><W132/><G132/><T114/><D62/><U70/><E66/><V80/><REACH who="2" step="1"/><F24/><REACH who="2" ten="250,250,240,240" step="2"/><W93/><G93/><AGARI ba="0,2" hai="37,42,44,73,76,77,80,81,86,87,88,90,91,93" machi="93" ten="30,8000,1" yaku="1,1,2,1,7,1,52,1,54,1,53,0" doraHai="106" doraHaiUra="65" who="2" fromWho="3" sc="250,0,250,0,240,100,240,-80" /><INIT seed="1,0,0,2,5,21" ten="250,250,340,160" oya="1" hai0="19,8,78,29,128,60,73,80,28,94,135,109,120" hai1="53,88,81,103,75,133,71,91,30,50,130,34,110" hai2="106,31,18,57,22,121,51,20,54,90,68,36,52" hai3="23,114,43,105,11,79,14,26,108,134,70,56,63"/><U47/><E71/><V89/><F121/><W48/><G108/><T15/><D109/><U59/><E110/><V37/><F68/><W3/><G114/><T82/><D120/><U40/><E130/><V67/><F106/><W24/><G105/><T55/><D128/><U61/><E133/><V10/><F67/><W27/><G70/><T33/><D135/><U39/><E103/><V32/><F32/><W76/><G3/><T69/><D33/><U42/><E42/><V84/><F90/><W111/><G23/><T45/><D94/><U16/><E39/><V96/><F96/><W102/><G102/><T112/><D112/><U62/><E62/><V38/><F10/><W77/><G111/><T117/><D117/><U92/><E75/><V17/><F54/><N who="3" m="34199" /><G134/><T49/><REACH who="0" step="1"/><D80/><REACH who="0" ten="240,250,340,160" step="2"/><U123/><E123/><V87/><F31/><W104/><G104/><T100/><D100/><U41/><E30/><V118/><F118/><W6/><G76/><T93/><D93/><U46/><E34/><V131/><F131/><W64/><G64/><AGARI ba="0,1" hai="8,15,19,28,29,45,49,55,60,64,69,73,78,82" machi="64" ten="40,1300,0" yaku="1,1,53,0" doraHai="21" doraHaiUra="115" who="0" fromWho="3" sc="240,23,250,0,340,0,160,-13" /><INIT seed="2,0,0,2,1,119" ten="263,250,340,147" oya="2" hai0="33,32,86,28,16,131,44,18,74,52,9,112,93" hai1="84,69,116,132,30,24,71,98,35,27,0,65,81" hai2="135,125,100,49,50,79,58,75,10,17,95,122,45" hai3="22,25,21,59,2,41,1,53,15,56,31,3,96"/><V61/><F122/><W97/><G41/><T121/><D112/><U94/><E116/><V39/><F125/><W7/><G56/><T87/><D74/><U128/><E128/><V42/><F135/><W4/><G96/><T90/><D131/><U120/><E0/><V114/><F114/><W62/><G97/><T54/><D28/><U46/><E132/><V107/><F95/><W113/><G113/><T64/><D64/><U124/><E124/><V133/><F133/><W88/><G88/><T55/><D121/><U105/><E24/><V110/><F110/><W101/><G101/><T77/><D44/><U108/><E108/><V12/><F100/><W43/><G43/><T118/><D118/><U60/><E46/><V68/><F107/><W57/><G59/><T6/><D33/><U38/><E38/><V13/><F68/><W48/><G62/><T51/><D32/><U73/><E71/><V14/><F49/><W103/><G103/><T26/><D26/><U109/><E109/><V83/><REACH who="2" step="1"/><F39/><REACH who="2" ten="263,250,330,147" step="2"/><W76/><G48/><T115/><D51/><U82/><E120/><V19/><F19/><W67/><G7/><T37/><D37/><U8/><E105/><V40/><F40/><W80/><G4/><T92/><D115/><U99/><E94/><V34/><F34/><W72/><G31/><T20/><D93/><U102/><E102/><V129/><F129/><W85/><G80/><N who="0" m="47375" /><D20/><U78/><E8/><V106/><F106/><W89/><G22/><T63/><D63/><U111/><E111/><V91/><F91/><AGARI ba="0,1" hai="27,30,35,60,65,69,73,78,81,82,84,91,98,99" machi="91" ten="30,1000,0" yaku="7,1" doraHai="119" who="1" fromWho="2" sc="263,0,250,20,330,-10,147,0" /><INIT seed="3,0,0,2,0,50" ten="263,270,320,147" oya="3" hai0="6,83,98,117,48,111,18,75,101,109,15,27,28" hai1="76,46,116,53,59,60,134,119,63,118,70,19,45" hai2="64,93,43,35,65,102,42,92,34,123,29,80,91" hai3="22,49,47,9,125,108,0,24,71,128,36,100,69"/><W4/><G36/><T120/><D117/><U58/><E76/><V16/><F123/><W31/><G128/><T3/><D120/><U14/><E134/><V99/><F80/><W79/><G125/><T56/><D75/><U21/><REACH who="1" step="1"/><E70/><REACH who="1" ten="263,260,320,147" step="2"/><V133/><F133/><W51/><G108/><T25/><D111/><U105/><E105/><V57/><F35/><W89/><G79/><T41/><D109/><U110/><E110/><V124/><F124/><W5/><G71/><T23/><D3/><U68/><E68/><V90/><F34/><W131/><G69/><T132/><D132/><U107/><E107/><V85/><F29/><W86/><G131/><T40/><D28/><U84/><E84/><V96/><F85/><W78/><G78/><T112/><D112/><U44/><E44/><V135/><F135/><W33/><G47/><T72/><D72/><U97/><E97/><V12/><F102/><W1/><G100/><T104/><D98/><U26/><E26/><V37/><F57/><W122/><G122/><T87/><D27/><U74/><E74/><V8/><REACH who="2" step="1"/><F37/><REACH who="2" ten="263,260,310,147" step="2"/><W114/><G33/><T115/><D101/><U30/><E30/><V7/><F7/><W94/><G114/><T38/><D115/><U130/><E130/><V32/><F32/><W113/><G113/><T10/><D38/><U13/><E13/><V55/><F55/><AGARI ba="0,2" hai="14,19,21,45,46,53,55,58,59,60,63,116,118,119" machi="55" ten="40,8000,1" yaku="1,1,9,1,12,1,52,2,53,0" doraHai="50" doraHaiUra="77" who="1" fromWho="2" sc="263,0,260,100,310,-80,147,0" /><INIT seed="4,0,0,4,3,78" ten="263,360,230,147" oya="0" hai0="86,50,127,126,73,27,26,23,14,112,30,33,76" hai1="5,62,106,56,31,29,128,96,108,36,61,48,133" hai2="82,116,70,93,125,121,35,87,99,49,105,55,95" hai3="12,17,66,129,85,45,28,77,25,3,114,43,92"/><T122/><D73/><U118/><E108/><V52/><F121/><W16/><G114/><T80/><D122/><U15/><E118/><V124/><F35/><W46/><G3/><T24/><D112/><U68/><E36/><V83/><F116/><W111/><G111/><T7/><D50/><U22/><E68/><V130/><F70/><W97/><G129/><T10/><REACH who="0" step="1"/><D27/><REACH who="0" ten="253,360,230,147" step="2"/><U115/><E48/><V6/><F49/><W109/><G109/><T58/><D58/><U37/><E56/><V94/><F125/><W120/><G120/><T4/><D4/><U42/><E5/><V40/><F124/><W71/><G46/><T101/><D101/><U100/><E115/><V19/><F6/><W98/><G45/><T8/><D8/><U57/><E57/><V110/><F110/><W54/><G71/><T119/><D119/><U9/><E9/><V104/><F130/><W32/><G43/><T113/><D113/><U2/><E128/><V13/><F40/><W67/><G54/><T64/><D64/><U79/><E42/><V20/><F87/><W134/><G67/><T65/><D65/><U102/><E102/><V117/><F117/><W107/><G66/><T89/><D89/><U91/><E91/><V60/><F55/><W18/><G25/><T38/><D38/><U131/><E37/><V41/><F41/><W81/><G134/><T74/><D74/><U39/><E133/><V84/><F84/><W123/><G123/><T44/><D44/><U51/><E51/><V11/><F52/><W21/><G85/><T34/><D34/><U90/><E131/><RYUUKYOKU ba="0,1" sc="253,30,360,-10,230,-10,147,-10" hai0="7,10,14,23,24,26,30,33,76,80,86,126,127" /><INIT seed="4,1,1,0,1,114" ten="283,350,220,137" oya="0" hai0="111,8,13,88,94,101,80,124,73,107,24,81,78" hai1="98,53,0,84,130,122,36,19,87,102,11,79,21" hai2="28,104,1,128,70,77,18,91,133,103,112,120,10" hai3="45,123,109,40,46,31,44,134,93,90,121,132,56"/><T23/><D124/><U39/><E122/><N who="3" m="46602" /><G31/><T63/><D111/><U131/><E53/><V110/><F120/><W52/><G93/><T14/><D81/><U75/><E75/><V15/><F112/><W117/><G90/><T69/><D63/><U57/><E57/><V3/><F110/><W35/><G35/><T119/><D69/><U95/><E11/><V82/><F70/><W113/><G113/><T60/><D60/><U58/><E58/><V32/><F128/><N who="1" m="49193" /><E0/><V54/><F133/><N who="3" m="51307" /><G109/><T85/><D8/><U33/><E33/><V47/><F32/><W106/><G106/><T61/><D13/><N who="1" m="9455" /><E79/><V20/><F77/><W105/><G105/><T62/><D14/><U9/><E9/><V127/><F1/><W125/><G125/><T115/><D115/><U66/><E66/><V68/><F127/><W76/><G76/><T4/><D4/><U118/><E87/><V71/><F3/><W72/><G72/><T116/><D62/><U38/><E84/><N who="2" m="50583" /><F10/><W41/><G117/><AGARI ba="1,1" hai="36,38,39,95,98,102,117,118" m="9455,49193" machi="117" ten="40,5200,0" yaku="19,1,52,2" doraHai="114" who="1" fromWho="3" sc="283,0,350,65,220,0,137,-55" /><INIT seed="5,0,0,2,1,94" ten="283,415,220,82" oya="1" hai0="121,65,48,28,63,27,130,52,4,62,122,135,6" hai1="75,42,2,82,72,51,105,92,69,37,71,54,79" hai2="38,88,39,45,23,40,59,15,81,101,33,76,123" hai3="43,55,68,116,57,100,127,61,125,115,133,85,18"/><U9/><E92/><V31/><F123/><N who="0" m="47114" /><D130/><U97/><E75/><V44/><F101/><W99/><G115/><T32/><D135/><U120/><E51/><V128/><F128/><W102/><G133/><T114/><D114/><U73/><E54/><V35/><F59/><W20/><G116/><T110/><D110/><U49/><E49/><V14/><F23/><W98/><G43/><T36/><D36/><U46/><E73/><V126/><F126/><N who="3" m="48139" /><G68/><N who="0" m="42039" /><D63/><U95/><E120/><V80/><F31/><W7/><G7/><T84/><D84/><U70/><E95/><V117/><F117/><W104/><G85/><T41/><D41/><U74/><E74/><V60/><F40/><W134/><G134/><T47/><AGARI ba="0,0" hai="4,6,27,28,32,47,48,52" m="42039,47114" machi="47" ten="30,2000,0" yaku="13,1,54,1" doraHai="94" who="0" fromWho="0" sc="283,20,415,-10,220,-5,82,-5" /><INIT seed="6,0,0,5,0,78" ten="303,405,215,77" oya="2" hai0="75,50,74,80,106,8,73,110,36,129,131,59,115" hai1="24,87,68,7,121,34,23,99,28,41,111,32,35" hai2="11,64,29,71,91,67,40,49,48,128,53,63,124" hai3="4,61,42,89,12,134,85,2,88,109,15,117,90"/><V70/><F29/><W43/><G109/><T6/><D36/><U60/><E111/><V76/><F76/><W62/><G117/><T93/><D110/><U120/><E41/><N who="3" m="15370" /><G2/><T94/><D106/><U45/><E45/><N who="2" m="25639" /><F91/><N who="3" m="23299" /><W133/><DORA hai="20" /><G85/><T105/><D105/><U65/><E87/><V96/><F96/><W0/><G0/><T102/><D115/><U98/><REACH who="1" step="1"/><E7/><REACH who="1" ten="303,395,215,77" step="2"/><V51/><F128/><W114/><G114/><T112/><D112/><U14/><E14/><N who="3" m="5162" /><G4/><T77/><D74/><U103/><E103/><V104/><F104/><W66/><G66/><T22/><D75/><U132/><E132/><AGARI ba="0,1" hai="61,62,132,133,134" m="5162,23299,15370" machi="132" ten="40,8000,1" yaku="28,2,20,1,54,1" doraHai="78,20" who="3" fromWho="1" sc="303,0,395,-80,215,0,77,90" /><INIT seed="7,0,0,2,4,16" ten="303,315,215,167" oya="3" hai0="25,113,4,36,21,9,41,59,96,43,67,87,93" hai1="132,117,98,83,7,126,88,45,124,6,18,55,94" hai2="13,23,122,10,53,47,49,106,17,101,74,114,65" hai3="62,133,15,50,119,105,115,92,42,107,84,33,118"/><W20/><G33/><T1/><D113/><U135/><E18/><V131/><F74/><W64/><G115/><T134/><D134/><N who="1" m="51243" /><E83/><V28/><F114/><W34/><G34/><T32/><D32/><U27/><E27/><V12/><F131/><W90/><G133/><T70/><D70/><U112/><E112/><V111/><F111/><W102/><G118/><T127/><D127/><N who="1" m="48683" /><E117/><V52/><F122/><W125/><G125/><T75/><D75/><U51/><AGARI ba="0,0" hai="6,7,45,51,55,88,94,98" m="48683,51243" machi="51" ten="40,5200,0" yaku="20,1,18,1,54,1" doraHai="16" who="1" fromWho="1" sc="303,-13,315,52,215,-13,167,-26" owari="290,9.0,367,46.7,202,-19.8,141,-35.9" /></mjloggm>