<mjloggm ver="2.3"><GO type="169" lobby="0"/><UN n0="%E3%81%A8%E3%81%B3%E3%81%BE%E3%81%93" n1="%E3%82%86%E3%81%86%E3%82%86%E3%81%8D" n2="%6D%61%6A%75%6E%69%61" n3="%E3%81%AA%E3%81%AA%E3%81%BF%EF%BC%A0%E5%8F%B2%E7%9A%AE%E8%BB%8D%E5%9B%A3" dan="18,16,16,17" rate="2219.63,2154.71,2148.03,2159.89" sx="M,M,M,M"/><TAIKYOKU oya="0"/><INIT seed="0,0,0,4,0,31" ten="250,250,250,250" oya="0" hai0="5,89,123,35,15,41,131,118,68,27,124,74,46" hai1="47,127,17,58,49,32,86,80,120,22,117,129,7" hai2="101,12,44,128,105,8,63,56,18,119,95,33,1" hai3="96,76,102,19,51,52,108,98,21,112,99,81,100"/><T77/><D118/><U111/><E120/><V130/><F105/><W45/><G112/><T26/><D68/><U25/><E111/><V121/><F119/><W134/><G108/><T10/><D123/><U135/><E135/><V3/><F44/><W11/><G11/><T126/><D89/><U87/><E127/><N who="0" m="48681" /><D131/><N who="2" m="50218" /><F121/><W60/><G134/><T109/><D109/><U114/><E114/><V72/><F72/><W14/><REACH who="3" step="1"/><G60/><REACH who="3" ten="250,250,250,240" step="2"/><T42/><D42/><U64/><E129/><V125/><F125/><W132/><G132/><T36/><D35/><U113/><E117/><V71/><F33/><W16/><G16/><T39/><D36/><U97/><E113/><V88/><F71/><W90/><G90/><T85/><D74/><AGARI ba="0,1" hai="14,19,21,45,51,52,74,76,81,96,98,99,100,102" machi="74" ten="40,2600,0" yaku="1,1,54,1,53,0" doraHai="31" doraHaiUra="0" who="3" fromWho="0" sc="250,-26,250,0,250,0,240,36" /><INIT seed="1,0,0,5,1,15" ten="224,250,250,276" oya="1" hai0="86,122,31,0,13,14,27,112,120,110,61,47,74" hai1="30,8,21,36,49,94,107,75,43,91,26,114,72" hai2="28,126,37,19,123,125,113,40,133,12,29,129,53" hai3="58,87,56,95,32,65,81,132,116,88,67,99,35"/><U52/><E114/><V90/><F113/><W109/><G109/><T79/><D74/><U9/><E107/><V131/><F123/><N who="0" m="47146" /><D112/><U48/><E36/><V7/><F90/><W2/><G132/><T59/><D0/><U115/><E115/><V76/><F76/><W16/><G2/><T128/><D110/><U118/><E118/><V134/><F53/><W73/><G73/><T89/><D79/><U78/><E78/><V44/><F7/><W102/><G32/><N who="0" m="20607" /><D47/><N who="1" m="25727" /><E75/><V100/><F100/><W5/><G35/><T54/><D128/><N who="2" m="49226" /><F28/><W41/><G41/><T68/><D68/><U45/><E72/><V24/><F24/><W50/><G5/><T85/><D85/><AGARI ba="0,0" hai="8,9,21,26,30,45,49,52,85,91,94" m="25727" machi="85" ten="30,2900,0" yaku="8,1,54,1" doraHai="15" who="1" fromWho="0" sc="224,-29,250,29,250,0,276,0" /><INIT seed="1,1,0,1,0,85" ten="195,279,250,276" oya="1" hai0="78,94,54,11,107,43,25,93,30,24,23,22,32" hai1="97,88,8,34,87,51,67,0,20,77,86,47,42" hai2="89,68,127,133,49,66,75,91,62,46,45,31,7" hai3="74,35,95,58,63,55,115,60,117,27,131,119,102"/><U57/><E34/><V48/><F75/><W40/><G115/><T37/><D107/><U126/><E126/><V106/><F106/><W64/><G131/><T108/><D108/><U83/><E0/><V2/><F127/><W109/><G109/><T52/><D78/><U59/><E8/><V98/><F98/><W14/><G74/><T50/><D37/><U116/><E116/><V128/><F128/><W5/><G40/><T72/><D72/><U21/><E97/><V6/><F31/><W16/><G5/><T69/><D69/><U99/><E99/><V26/><F26/><W112/><G112/><T130/><D11/><U92/><E67/><V123/><F123/><W113/><G113/><T76/><D76/><U105/><E105/><V71/><F133/><W104/><G104/><T36/><D32/><U29/><E29/><V44/><F68/><W96/><G35/><T38/><D30/><U101/><E101/><V18/><F18/><W9/><REACH who="3" step="1"/><G27/><REACH who="3" ten="195,279,250,266" step="2"/><T134/><D43/><U118/><E118/><V132/><F132/><W61/><G61/><T39/><D39/><U124/><E124/><V79/><F6/><W125/><G125/><T120/><D50/><U33/><E33/><V129/><F49/><W135/><G135/><T19/><D134/><U41/><E42/><V17/><F48/><W53/><G53/><T111/><D111/><U65/><E65/><V10/><F129/><W1/><G1/><T100/><D130/><U110/><E110/><V3/><F3/><W80/><G80/><T122/><D19/><U56/><AGARI ba="1,1" hai="20,21,41,47,51,56,57,59,77,83,86,87,88,92" machi="56" ten="30,11700,0" yaku="0,1,8,1,52,1,54,1" doraHai="85" who="1" fromWho="1" sc="195,-40,279,130,250,-40,266,-40" /><INIT seed="1,2,0,0,5,106" ten="155,409,210,226" oya="1" hai0="43,49,66,126,6,28,46,54,117,51,110,121,135" hai1="99,45,78,68,71,120,94,3,41,118,100,1,4" hai2="61,97,53,27,75,56,52,132,128,101,65,33,42" hai3="11,72,23,21,130,81,44,37,64,10,40,119,36"/><U108/><E120/><V103/><F128/><W7/><G130/><T105/><D105/><U59/><E118/><V50/><F132/><W109/><G109/><T77/><D135/><U35/><E35/><V8/><F75/><W26/><G11/><T67/><D117/><U113/><E113/><V58/><F42/><W83/><G119/><T122/><D28/><U9/><E3/><V88/><F8/><W34/><G64/><N who="0" m="24619" /><D77/><U5/><E5/><V80/><F65/><W12/><G37/><T104/><D104/><U76/><E108/><V14/><F14/><W114/><G81/><T39/><D110/><U24/><E24/><V127/><F127/><W96/><G114/><T84/><D84/><U69/><REACH who="1" step="1"/><E59/><REACH who="1" ten="155,399,210,226" step="2"/><V57/><F58/><W129/><G34/><T134/><D134/><U102/><E102/><V112/><F112/><W92/><G26/><T38/><D6/><U82/><E82/><V20/><F33/><W31/><G129/><T73/><D126/><U32/><E32/><V48/><F80/><W95/><G83/><T0/><D0/><U74/><E74/><V55/><F61/><W89/><G72/><T19/><D73/><U116/><E116/><V47/><F57/><W60/><G60/><T29/><D121/><U13/><E13/><V90/><F103/><W93/><G31/><T30/><D122/><U98/><E98/><V85/><F85/><W15/><G15/><T70/><D30/><U86/><E86/><V124/><F124/><W123/><G123/><T91/><D29/><U107/><E107/><N who="2" m="63919" /><F55/><W79/><G79/><T16/><D54/><RYUUKYOKU ba="2,1" sc="155,-30,399,10,210,10,226,10" hai1="1,4,9,41,45,68,69,71,76,78,94,99,100" hai2="20,27,47,48,50,52,53,56,88,90" hai3="7,10,12,21,23,36,40,44,89,92,93,95,96" /><INIT seed="1,3,1,4,0,25" ten="125,409,220,236" oya="1" hai0="101,48,117,70,57,95,71,87,103,74,20,114,73" hai1="1,47,61,17,85,53,90,37,65,121,77,60,13" hai2="99,126,107,7,33,82,42,83,93,81,9,14,36" hai3="110,41,19,45,10,105,18,55,68,113,34,88,62"/><U133/><E121/><V131/><F131/><W97/><G113/><T52/><D114/><U44/><E133/><V8/><F126/><W130/><G130/><T21/><D117/><U27/><E1/><V43/><F107/><W46/><G110/><T58/><D87/><U11/><E77/><V80/><F33/><W16/><G34/><T66/><D95/><U128/><E128/><V123/><F123/><W124/><G124/><T49/><REACH who="0" step="1"/><D66/><REACH who="0" ten="115,409,220,236" step="2"/><U108/><E65/><V67/><F67/><W104/><G104/><T63/><D63/><U84/><E84/><V89/><F36/><W5/><G105/><T129/><D129/><U112/><E112/><V64/><F64/><W135/><G62/><T92/><D92/><U91/><E61/><V51/><F51/><W125/><G125/><T120/><D120/><U119/><E119/><V54/><F54/><AGARI ba="3,2" hai="20,21,48,49,52,54,57,58,70,71,73,74,101,103" machi="54" ten="25,6400,0" yaku="1,1,22,2,54,1,53,0" doraHai="25" doraHaiUra="127" who="0" fromWho="2" sc="115,93,409,0,220,-73,236,0" /><INIT seed="2,0,0,1,0,121" ten="208,409,147,236" oya="2" hai0="8,63,133,18,77,79,93,36,86,102,120,4,111" hai1="70,48,49,116,11,50,47,62,96,130,29,98,10" hai2="118,68,115,25,35,23,100,75,78,85,94,26,9" hai3="6,39,114,64,92,99,34,104,69,88,52,123,76"/><V55/><F118/><W1/><G123/><T110/><D120/><U65/><E116/><V40/><F115/><W31/><G114/><T28/><D36/><U97/><E130/><V127/><F127/><W41/><G76/><T81/><D28/><U42/><REACH who="1" step="1"/><E29/><REACH who="1" ten="208,399,147,236" step="2"/><V44/><F35/><W32/><G31/><T57/><D133/><U51/><AGARI ba="0,1" hai="10,11,42,47,48,49,50,51,62,65,70,96,97,98" machi="51" ten="30,12000,2" yaku="1,1,2,1,0,1,53,4" doraHai="121" doraHaiUra="46" who="1" fromWho="1" sc="208,-30,399,130,147,-60,236,-30" /><INIT seed="3,0,0,4,5,46" ten="178,529,87,206" oya="3" hai0="18,132,70,131,31,105,6,8,1,52,75,106,92" hai1="84,11,94,72,65,95,32,120,48,113,93,71,21" hai2="44,41,33,119,78,110,68,126,100,57,76,108,115" hai3="118,14,87,88,43,125,56,50,13,45,64,116,69"/><W86/><G125/><T16/><D70/><U91/><E32/><V62/><F33/><W99/><G69/><T47/><D75/><U124/><E120/><V80/><F126/><W17/><G116/><T55/><D31/><U104/><E104/><V29/><F29/><W22/><G118/><T79/><D79/><U74/><E124/><V66/><F119/><W98/><G86/><T19/><D131/><U15/><E113/><V23/><F115/><W111/><G111/><N who="2" m="42537" /><F100/><W123/><G123/><T122/><D122/><U54/><E21/><V134/><F134/><W0/><G0/><T128/><D128/><U130/><E65/><V127/><F127/><W49/><G13/><T42/><D92/><U36/><E36/><N who="2" m="21543" /><F23/><W83/><G64/><T133/><D105/><U37/><E37/><V67/><F80/><W73/><G73/><T38/><REACH who="0" step="1"/><D106/><REACH who="0" ten="168,529,87,206" step="2"/><U30/><E30/><V109/><N who="2" m="42545" /><V101/><DORA hai="10" /><F78/><W107/><G107/><T35/><D35/><U51/><E130/><V60/><F76/><W135/><G135/><AGARI ba="0,1" hai="1,6,8,16,18,19,38,42,47,52,55,132,133,135" machi="135" ten="40,12000,2" yaku="1,1,20,1,54,2,53,2" doraHai="46,10" doraHaiUra="4,34" who="0" fromWho="3" sc="168,130,529,0,87,0,206,-120" /><INIT seed="4,0,0,0,1,16" ten="298,529,87,86" oya="0" hai0="85,120,52,90,98,127,9,27,77,13,78,102,35" hai1="124,58,38,125,79,81,118,103,53,18,4,43,99" hai2="51,95,91,80,119,126,104,96,62,29,14,112,6" hai3="101,70,25,15,24,36,122,11,123,82,133,86,67"/><T49/><D127/><N who="1" m="48715" /><E4/><V8/><F126/><W0/><G0/><T34/><D34/><U93/><E18/><V92/><F112/><W32/><G133/><T42/><D42/><U117/><E38/><V60/><F119/><W57/><G36/><T108/><D120/><N who="3" m="46121" /><G101/><T41/><D41/><U75/><E43/><V47/><F104/><W31/><G70/><T116/><D108/><U72/><E72/><V33/><F80/><W115/><G115/><T64/><D64/><U84/><E75/><V59/><F95/><W87/><G25/><T134/><D35/><U23/><E23/><V37/><F37/><W132/><G132/><T68/><D68/><U7/><E7/><V50/><F47/><W110/><G110/><T73/><D73/><U97/><E97/><V30/><F60/><AGARI ba="0,0" hai="53,58,60,79,81,84,93,99,103,117,118" m="48715" machi="60" ten="30,1000,0" yaku="18,1" doraHai="16" who="1" fromWho="2" sc="298,0,529,10,87,-10,86,0" /><INIT seed="5,0,0,1,0,101" ten="298,539,77,86" oya="1" hai0="92,76,60,85,9,97,53,121,123,5,72,65,64" hai1="94,70,133,95,116,86,104,124,114,111,17,42,29" hai2="89,84,22,14,100,99,115,26,127,68,21,40,98" hai3="75,93,125,34,77,28,82,71,128,33,51,61,118"/><U90/><E70/><V106/><F68/><W96/><G128/><T11/><D72/><U4/><E4/><V59/><F127/><W35/><G125/><T49/><D76/><U110/><E29/><V44/><F115/><W122/><G122/><N who="0" m="46603" /><D85/><U13/><E42/><V3/><F3/><W129/><G129/><T74/><D60/><U80/><E80/><V117/><F117/><W63/><G118/><T31/><D31/><U19/><E86/><V43/><F99/><W48/><G28/><T132/><D74/><U113/><E116/><V78/><F78/><W16/><G63/><T126/><D132/><U87/><E87/><V54/><F14/><W37/><G37/><T52/><D53/><U67/><E124/><V55/><F55/><W57/><G71/><T30/><D30/><U46/><E13/><V25/><F25/><W69/><G69/><T45/><D126/><U6/><E133/><V10/><F10/><N who="0" m="3594" /><D5/><U91/><E6/><V39/><F26/><W73/><G73/><T38/><D38/><U58/><E113/><V12/><F12/><W134/><G134/><T24/><D24/><U2/><E2/><V119/><F119/><W81/><G16/><T7/><D7/><U103/><E114/><V79/><F79/><W18/><G18/><T112/><D112/><U36/><E36/><V107/><F40/><W23/><G23/><T105/><D105/><U131/><E104/><V41/><F41/><W102/><REACH who="3" step="1"/><G81/><REACH who="3" ten="298,539,77,76" step="2"/><T88/><AGARI ba="0,1" hai="45,49,52,64,65,88,92,97" m="3594,46603" machi="88" ten="30,4000,0" yaku="13,1,54,2" doraHai="101" who="0" fromWho="0" sc="298,50,539,-20,77,-10,76,-10" /><INIT seed="6,0,0,5,5,78" ten="348,519,67,66" oya="2" hai0="11,76,71,123,103,59,14,55,7,60,129,73,27" hai1="64,130,17,91,16,33,19,107,45,115,13,96,22" hai2="49,124,12,72,36,83,101,0,2,135,75,8,98" hai3="88,26,118,81,65,53,82,42,35,100,99,24,21"/><V87/><F124/><W85/><G118/><T111/><D111/><U131/><E33/><V20/><F135/><W51/><G35/><T94/><D123/><U15/><E115/><V41/><F36/><W112/><G112/><T32/><D71/><U89/><E64/><V86/><F86/><N who="3" m="50263" /><G65/><T67/><D129/><N who="1" m="49163" /><E45/><V3/><F41/><W63/><G63/><T38/><D94/><U79/><E79/><V122/><F122/><W9/><G42/><T44/><D27/><N who="3" m="10281" /><G21/><T48/><D103/><N who="1" m="62951" /><E19/><V102/><F20/><AGARI ba="0,0" hai="13,15,16,17,20,22,89,91" m="62951,49163" machi="20" ten="30,2000,0" yaku="19,1,54,1" doraHai="78" who="1" fromWho="2" sc="348,0,519,20,67,-20,66,0" /><INIT seed="7,0,0,4,5,67" ten="348,539,47,66" oya="3" hai0="21,49,27,70,33,28,128,92,134,76,20,87,61" hai1="102,106,99,95,15,118,123,130,104,11,26,108,86" hai2="125,114,79,126,65,18,0,77,116,113,8,73,132" hai3="97,83,84,89,110,29,1,62,53,42,59,44,12"/><W133/><G133/><T85/><D49/><U112/><E108/><V9/><F116/><W88/><G110/><T101/><D128/><U22/><E112/><N who="2" m="43115" /><F65/><W34/><G1/><T39/><D39/><U66/><E123/><V111/><F111/><W122/><G122/><T80/><D33/><U3/><E3/><V93/><F93/><N who="3" m="56495" /><G34/><T64/><D134/><U109/><E109/><V117/><F117/><W60/><G29/><T107/><D92/><U2/><E2/><V4/><F73/><W131/><G131/><T135/><D135/><U48/><E118/><V24/><F132/><W69/><G12/><T46/><D46/><U121/><E121/><V75/><F75/><W119/><G119/><T50/><D50/><U63/><E48/><V41/><F41/><W127/><G127/><N who="2" m="48649" /><F9/><W5/><G69/><T19/><D87/><U129/><E86/><V40/><F40/><W103/><G103/><T54/><D54/><U57/><E106/><V36/><F36/><W74/><G74/><T31/><REACH who="0" step="1"/><D21/><AGARI ba="0,0" hai="0,4,8,18,21,24,77,79" m="48649,43115" machi="21" ten="30,2000,0" yaku="15,1,18,1" doraHai="67" who="2" fromWho="0" sc="348,-20,539,0,47,20,66,0" owari="328,12.8,539,63.9,67,-33.3,66,-43.4" /></mjloggm>