<mjloggm ver="2.3"><GO type="169" lobby="0"/><UN n0="%E6%A1%83%E3%81%A3%E3%81%BA" n1="%E4%BF%BA%E3%81%A7%E3%81%99" n2="%E3%83%97%E3%83%AC%E3%82%AF%E3%83%A9%E3%82%B9%E3%83%8B%E3%83%BC" n3="%43%4C%53" dan="16,16,16,20" rate="2072.79,2086.02,2177.73,2172.15" sx="M,M,M,M"/><TAIKYOKU oya="0"/><INIT seed="0,0,0,1,0,97" ten="250,250,250,250" oya="0" hai0="126,81,42,2,96,11,120,89,64,125,71,60,86" hai1="35,118,22,119,25,92,73,59,47,40,98,79,78" hai2="23,33,107,34,49,127,128,62,117,9,30,17,52" hai3="63,109,132,39,84,21,131,56,130,134,24,100,55"/><T67/><D120/><U76/><E35/><V88/><F117/><W83/><G39/><T123/><D123/><U53/><E73/><V99/><F128/><N who="3" m="49195" /><G84/><T41/><D67/><U48/><E119/><V66/><F127/><N who="0" m="48650" /><D96/><U19/><E118/><V101/><F30/><N who="3" m="17679" /><G83/><T111/><D111/><U20/><E20/><V29/><F29/><W91/><G91/><T122/><D122/><U110/><E110/><V57/><F88/><W0/><G0/><T106/><D106/><U65/><E65/><V75/><F75/><W133/><G109/><T26/><D26/><U45/><REACH who="1" step="1"/><E40/><REACH who="1" ten="250,240,250,250" step="2"/><V85/><F9/><W4/><G4/><AGARI ba="0,1" hai="2,4,11,41,42,60,64,71,81,86,89" m="48650" machi="4" ten="30,1500,0" yaku="18,1" doraHai="97" who="0" fromWho="3" sc="250,25,240,0,250,0,250,-15" /><INIT seed="0,1,0,5,1,131" ten="275,240,250,235" oya="0" hai0="9,28,90,83,42,71,89,124,20,25,115,96,64" hai1="27,56,79,66,99,19,11,97,45,59,72,84,132" hai2="14,86,68,94,129,93,88,67,113,51,118,29,116" hai3="60,123,52,3,92,2,78,134,21,104,41,76,103"/><T10/><D115/><U122/><E122/><V108/><F113/><W62/><G104/><T80/><D124/><U121/><E121/><V119/><F129/><W58/><G41/><T4/><D42/><U135/><E72/><V17/><F108/><W12/><G123/><T126/><D126/><U57/><E45/><V95/><F29/><W31/><G3/><T112/><D112/><U33/><E66/><V63/><REACH who="2" step="1"/><F51/><REACH who="2" ten="275,240,240,235" step="2"/><W82/><G31/><T98/><D71/><U65/><E33/><V7/><F7/><W55/><G2/><T38/><D38/><U111/><E111/><V117/><N who="2" m="29696" /><DORA hai="69" /><V125/><F125/><W13/><G62/><T53/><D4/><U75/><E65/><V43/><F43/><W128/><G60/><T6/><D6/><U110/><E110/><V81/><F81/><W48/><G82/><T5/><D5/><U109/><E109/><V106/><F106/><W30/><G30/><T8/><D64/><U24/><E19/><V18/><F18/><W1/><G1/><T37/><D37/><U22/><E75/><V15/><F15/><W85/><G12/><T44/><D83/><N who="1" m="47231" /><E27/><V74/><F74/><W36/><G36/><T16/><D28/><N who="1" m="17431" /><E11/><AGARI ba="1,1" hai="11,14,17,63,67,68,86,88,93,94,95" m="29696" machi="11" ten="70,8000,1" yaku="1,1,12,1,54,1,53,0" doraHai="131,69" doraHaiUra="46,70" who="2" fromWho="1" sc="275,0,240,-83,240,93,235,0" /><INIT seed="1,0,0,1,0,86" ten="275,157,333,235" oya="1" hai0="41,12,120,43,121,118,68,15,28,89,127,54,80" hai1="108,32,30,92,119,93,72,79,117,63,60,131,11" hai2="57,95,96,34,78,24,50,88,59,116,58,123,6" hai3="74,26,94,9,100,27,35,56,98,128,97,135,61"/><U47/><E131/><V76/><F123/><W3/><G135/><T114/><D68/><U126/><E126/><V53/><F116/><W69/><G74/><T52/><D118/><U49/><E108/><V70/><F70/><W109/><G109/><T110/><D110/><U67/><E119/><V2/><F2/><W85/><G69/><T102/><D102/><U37/><E117/><V16/><F6/><W18/><G3/><T71/><D71/><U39/><E11/><V113/><F113/><W83/><G35/><T10/><D28/><U87/><E72/><V129/><F129/><W1/><G97/><T0/><D0/><U25/><E39/><V23/><F34/><W90/><G128/><T19/><D127/><U20/><E32/><V124/><F124/><W103/><G103/><T48/><D54/><N who="1" m="30015" /><E37/><V21/><F21/><W4/><REACH who="3" step="1"/><G18/><REACH who="3" ten="275,157,333,225" step="2"/><N who="0" m="8471" /><D114/><U36/><E36/><V31/><F31/><W45/><G45/><AGARI ba="0,1" hai="16,23,24,45,50,53,57,58,59,76,78,88,95,96" machi="45" ten="40,8000,1" yaku="8,1,52,1,54,2" doraHai="86" who="2" fromWho="3" sc="275,0,157,0,333,90,225,-80" /><INIT seed="2,0,0,0,0,58" ten="275,157,423,145" oya="2" hai0="43,127,16,0,64,76,77,53,8,72,108,57,44" hai1="65,102,90,122,12,52,98,131,34,56,106,66,75" hai2="3,123,51,46,35,80,62,40,30,33,85,29,32" hai3="70,121,11,69,42,94,26,14,104,107,130,125,7"/><V36/><F123/><W6/><G121/><T74/><D108/><U24/><E131/><V93/><F3/><W10/><G42/><T129/><D64/><U110/><E110/><V49/><F93/><W79/><G94/><T15/><D129/><U55/><E75/><V23/><F23/><W84/><G84/><T91/><D0/><U73/><E73/><V133/><F133/><W1/><G26/><T81/><D91/><U78/><E78/><V20/><F62/><W28/><G28/><T114/><D114/><U71/><E55/><V17/><F36/><W89/><G89/><T86/><D127/><U5/><E71/><V87/><F51/><W99/><G79/><T92/><D77/><U132/><E90/><V96/><F96/><W61/><G99/><T13/><D13/><U101/><E132/><V25/><F85/><W4/><G4/><T31/><D31/><U27/><E102/><V19/><F30/><W37/><G37/><T119/><D119/><U116/><E34/><V112/><REACH who="2" step="1"/><F112/><REACH who="2" ten="275,157,413,145" step="2"/><W54/><G1/><T41/><D92/><U88/><E122/><V120/><F120/><W21/><G21/><T47/><D74/><U22/><E116/><V115/><F115/><W95/><G95/><T124/><D72/><U63/><E106/><V126/><F126/><W48/><G125/><T83/><D124/><U18/><E101/><V2/><F2/><N who="3" m="343" /><G130/><T60/><D83/><U38/><E38/><V100/><F100/><W9/><G104/><T105/><D105/><U39/><E39/><V128/><F128/><W111/><G107/><T45/><AGARI ba="0,1" hai="8,15,16,41,43,44,45,47,53,57,60,76,81,86" machi="45" ten="30,8000,1" yaku="5,1,0,1,8,1,52,1,54,1" doraHai="58" who="0" fromWho="0" sc="275,90,157,-20,413,-40,145,-20" /><INIT seed="3,0,0,3,5,113" ten="365,137,373,125" oya="3" hai0="48,29,10,43,21,73,27,99,111,70,86,105,22" hai1="124,82,19,17,122,25,74,123,3,30,114,9,104" hai2="44,53,41,49,129,100,98,61,103,64,45,94,65" hai3="24,66,125,121,63,4,0,1,84,14,15,28,130"/><W50/><G121/><N who="1" m="46090" /><E104/><V33/><F33/><W46/><G125/><T95/><D73/><U59/><E59/><V47/><F129/><W128/><G84/><T119/><D70/><U87/><E87/><V7/><F7/><W12/><G4/><T106/><D111/><U79/><E82/><V81/><F103/><W62/><G1/><T11/><D86/><U78/><E78/><V77/><F41/><W6/><G0/><T31/><D105/><U126/><E79/><V23/><F23/><W32/><G6/><T37/><D37/><U71/><E71/><V89/><F77/><W56/><REACH who="3" step="1"/><G63/><REACH who="3" ten="365,137,373,115" step="2"/><T133/><D31/><U52/><E74/><V108/><F108/><W115/><G115/><T110/><D29/><U5/><E114/><V40/><F61/><W20/><G20/><T69/><D21/><N who="1" m="15663" /><E52/><AGARI ba="0,1" hai="12,14,15,24,28,32,46,50,52,56,62,66,128,130" machi="52" ten="40,3900,0" yaku="1,1,54,1,53,0" doraHai="113" doraHaiUra="34" who="3" fromWho="1" sc="365,0,137,-39,373,0,115,49" /><INIT seed="3,1,0,1,5,12" ten="365,98,373,164" oya="3" hai0="55,35,44,0,3,57,42,90,41,82,95,38,91" hai1="25,116,86,43,135,100,97,125,130,23,59,129,9" hai2="15,126,34,14,31,79,120,61,92,106,27,68,50" hai3="2,63,47,131,17,87,28,4,29,52,18,80,104"/><W32/><G104/><T98/><D35/><U1/><E43/><V114/><F106/><W62/><G2/><T37/><D82/><U109/><E109/><V111/><F111/><W72/><G72/><T6/><D6/><N who="1" m="1231" /><E125/><V133/><F126/><W19/><G4/><T69/><D69/><U93/><E135/><V88/><F133/><W16/><G131/><N who="1" m="50186" /><E59/><V108/><F108/><W89/><N who="3" m="4096" /><DORA hai="70" /><W53/><G32/><T71/><D71/><U54/><E54/><N who="3" m="21098" /><G47/><T85/><D38/><U33/><E86/><V73/><F15/><W8/><G8/><T124/><D42/><U134/><E134/><V78/><F14/><W56/><G63/><T132/><D132/><U119/><E33/><V60/><F73/><W128/><G128/><T102/><D124/><U99/><E23/><V21/><F60/><W81/><G80/><T115/><D115/><U22/><E22/><V110/><F114/><W40/><G40/><T83/><D102/><N who="1" m="60719" /><E25/><V30/><F34/><W49/><G49/><AGARI ba="1,0" hai="0,3,37,41,44,49,55,57,83,85,90,91,95,98" machi="49" ten="30,2000,0" yaku="7,1,52,1" doraHai="12,70" who="0" fromWho="3" sc="365,23,98,0,373,0,164,-23" /><INIT seed="4,0,0,1,2,3" ten="388,98,373,141" oya="0" hai0="92,121,80,56,4,5,94,67,47,110,113,57,135" hai1="54,73,93,69,7,35,55,28,109,13,95,124,8" hai2="105,66,78,72,26,37,15,1,96,87,61,75,16" hai3="32,51,116,106,52,20,117,58,128,6,60,24,30"/><T107/><D121/><U70/><E109/><V0/><F37/><W101/><G128/><T11/><D107/><U84/><E73/><V65/><F1/><W39/><G39/><T10/><D110/><U83/><E124/><V79/><F0/><W126/><G126/><T12/><D113/><U64/><E28/><V86/><F26/><W68/><G20/><T132/><D47/><U2/><E35/><V102/><F75/><W133/><G133/><T88/><D80/><U46/><E2/><V127/><F72/><W99/><G6/><T104/><D104/><U125/><E125/><V59/><F127/><W38/><G38/><T100/><D100/><U82/><E82/><V53/><F86/><W74/><G74/><T103/><D103/><U25/><E25/><V44/><F87/><W131/><G131/><T115/><D115/><U31/><E31/><V48/><REACH who="2" step="1"/><F66/><AGARI ba="0,0" hai="24,30,32,51,52,58,60,66,68,99,101,106,116,117" machi="66" ten="40,5200,0" yaku="25,2,54,1" doraHai="3" who="3" fromWho="2" sc="388,0,98,0,373,-52,141,52" /><INIT seed="5,0,0,2,0,53" ten="388,98,321,193" oya="1" hai0="75,3,99,106,118,114,110,92,5,74,73,49,50" hai1="19,37,47,42,29,97,124,135,48,133,6,89,105" hai2="131,58,12,67,36,57,84,132,93,107,2,33,27" hai3="101,126,10,64,129,0,115,26,78,62,120,130,123"/><U122/><E122/><V128/><F107/><W76/><G101/><T71/><D106/><U66/><E124/><V94/><F36/><W24/><G0/><T51/><D71/><U40/><E6/><V104/><F2/><W117/><G10/><T59/><D110/><U7/><E7/><V45/><F104/><W1/><G1/><T60/><D114/><U103/><E29/><V116/><F116/><W41/><G41/><T109/><D3/><U43/><E66/><V21/><F33/><W113/><G64/><T15/><D109/><U86/><E19/><N who="2" m="12735" /><F67/><W70/><G62/><T32/><D32/><U91/><E91/><N who="2" m="53479" /><F45/><W72/><G70/><T30/><D30/><U79/><E79/><N who="3" m="30250" /><G72/><T82/><D82/><U9/><E9/><V77/><F77/><W14/><G14/><T121/><D121/><N who="3" m="46665" /><G126/><T34/><D118/><U83/><REACH who="1" step="1"/><E37/><REACH who="1" ten="388,88,321,193" step="2"/><V112/><F112/><N who="3" m="43083" /><G117/><T13/><D5/><U8/><E8/><V80/><F12/><W55/><G55/><AGARI ba="0,1" hai="40,42,43,47,48,55,83,86,89,97,103,105,133,135" machi="55" ten="40,2000,0" yaku="1,1,53,0" doraHai="53" doraHaiUra="25" who="1" fromWho="3" sc="388,0,88,30,321,0,193,-20" /><INIT seed="5,1,0,4,3,110" ten="388,118,321,173" oya="1" hai0="101,63,73,34,76,105,109,2,10,85,40,41,129" hai1="86,64,119,27,48,20,124,106,62,16,46,30,95" hai2="123,94,21,128,96,32,59,38,5,37,92,131,111" hai3="71,14,108,132,45,28,11,56,8,7,53,104,90"/><U13/><E119/><V29/><F32/><W49/><G108/><T23/><D109/><U113/><E124/><V117/><F111/><W67/><G104/><T33/><D73/><U97/><E106/><V4/><F117/><W60/><G132/><T81/><D129/><N who="2" m="49738" /><F123/><W93/><G11/><T126/><D126/><U31/><E113/><V65/><F65/><W80/><G28/><T74/><D23/><U12/><E86/><V54/><F92/><W127/><G127/><T50/><D85/><U6/><E31/><V15/><F38/><W43/><G80/><T17/><D41/><U100/><E6/><V135/><F37/><W118/><G118/><T70/><D50/><U114/><E114/><V55/><F55/><W98/><REACH who="3" step="1"/><G71/><REACH who="3" ten="388,118,321,163" step="2"/><T91/><D70/><U99/><E30/><V52/><F29/><W77/><G77/><T44/><D105/><U26/><E26/><V72/><F135/><W88/><G88/><T125/><D76/><U79/><E79/><V103/><F72/><W83/><G83/><T68/><D74/><U3/><E3/><V1/><F1/><W47/><G47/><T133/><D81/><U107/><E107/><V82/><F82/><W75/><G75/><T66/><D133/><U84/><E84/><V19/><F59/><W102/><G102/><T78/><D125/><U22/><E99/><V24/><F4/><W89/><G89/><T121/><D2/><U134/><E134/><V18/><F5/><W61/><G61/><T9/><D121/><U57/><E22/><AGARI ba="1,1" hai="15,18,19,21,22,24,52,54,94,96,103" m="49738" machi="22" ten="30,2000,0" yaku="19,1,54,1" doraHai="110" who="2" fromWho="1" sc="388,0,118,-23,321,33,163,0" /><INIT seed="6,0,0,2,2,74" ten="388,95,354,163" oya="2" hai0="89,50,128,64,30,27,25,96,0,95,67,93,86" hai1="85,19,134,126,98,73,117,102,44,72,52,32,133" hai2="132,129,47,15,59,2,63,35,62,112,99,81,28" hai3="109,40,8,10,39,1,33,79,100,65,83,12,29"/><V108/><F2/><W78/><G109/><T91/><D0/><U87/><E117/><V116/><F116/><W105/><G1/><T37/><D37/><U42/><E32/><V7/><F112/><W60/><G105/><T124/><D124/><U111/><E126/><V115/><F115/><W75/><G100/><T24/><D128/><U125/><E125/><V38/><F129/><W55/><G55/><T18/><D30/><U13/><E111/><V92/><F132/><W107/><G107/><T43/><D18/><U90/><E73/><V56/><F81/><W61/><G78/><T82/><D82/><U9/><E72/><V68/><F68/><W16/><G8/><T26/><D26/><U120/><E120/><V69/><F69/><W14/><G14/><T66/><D50/><N who="1" m="28743" /><E42/><AGARI ba="0,0" hai="24,25,27,42,43,64,66,67,86,89,91,93,95,96" machi="42" ten="40,1300,0" yaku="8,1" doraHai="74" who="0" fromWho="1" sc="388,13,95,-13,354,0,163,0" /><INIT seed="7,0,0,3,3,39" ten="401,82,354,163" oya="3" hai0="101,41,124,114,15,24,2,120,18,99,19,4,118" hai1="97,133,1,37,70,47,28,91,100,131,23,107,74" hai2="14,108,71,111,113,72,17,62,13,44,21,22,122" hai3="93,55,34,85,117,49,64,50,126,32,8,25,59"/><W53/><G117/><T27/><D118/><U45/><E133/><V77/><F72/><W121/><G121/><T127/><D120/><U31/><E131/><V82/><F122/><W40/><G64/><T87/><D2/><U106/><E74/><V129/><F129/><W69/><G69/><T67/><D4/><U56/><E70/><V57/><F113/><W132/><G132/><T58/><D41/><U0/><E107/><V119/><F71/><W103/><G126/><T94/><D19/><U96/><E56/><V84/><F44/><W75/><G75/><T20/><D114/><U109/><E47/><V7/><F119/><W52/><G8/><T63/><D87/><U88/><E109/><V78/><F78/><W61/><G34/><T130/><D130/><U73/><E73/><V3/><F3/><W12/><G32/><T35/><D35/><U102/><E1/><V60/><F60/><W6/><G25/><T98/><D98/><U104/><E0/><V30/><F30/><W43/><G12/><T79/><D79/><U128/><E128/><V110/><F7/><W92/><G6/><T5/><D5/><U90/><REACH who="1" step="1"/><E23/><REACH who="1" ten="401,72,354,163" step="2"/><V134/><F134/><W81/><G59/><T125/><AGARI ba="0,1" hai="15,18,20,24,27,58,63,67,94,99,101,124,125,127" machi="125" ten="30,2000,0" yaku="0,1,18,1" doraHai="39" who="0" fromWho="0" sc="401,30,72,-5,354,-5,163,-10" owari="431,53.1,67,-43.3,349,14.9,153,-24.7" /></mjloggm>