<mjloggm ver="2.3"><GO type="169" lobby="0"/><UN n0="%E9%80%9F%E6%B0%B4%E5%87%9B%E9%A6%99" n1="%E6%99%AE%E9%9C%B2%E9%9C%B2" n2="%64%61%6E%6E%63%68%69" n3="%6B%69%72%61%72%69%79%75" dan="17,16,17,16" rate="2130.14,2134.40,2184.61,2110.71" sx="F,M,M,M"/><TAIKYOKU oya="0"/><INIT seed="0,0,0,0,5,9" ten="250,250,250,250" oya="0" hai0="122,90,111,6,55,113,128,63,77,80,97,61,75" hai1="133,24,99,13,31,81,104,12,123,5,15,30,134" hai2="92,20,60,102,22,114,17,54,40,59,62,100,64" hai3="46,18,8,35,1,106,78,107,37,21,103,120,29"/><T7/><D122/><U65/><E123/><V86/><F114/><W53/><G120/><T49/><D113/><U79/><E65/><V115/><F40/><W66/><G66/><T19/><D128/><U44/><E5/><V88/><F115/><W70/><G70/><T51/><D51/><U48/><E99/><V125/><F125/><W91/><G78/><T98/><D98/><U45/><E104/><V82/><F82/><W11/><G91/><T83/><D111/><U87/><E45/><V25/><REACH who="2" step="1"/><F22/><REACH who="2" ten="250,250,240,250" step="2"/><W93/><G21/><T105/><D83/><U112/><E112/><V36/><F36/><W57/><G37/><T32/><D32/><U94/><E94/><V14/><F14/><W129/><G93/><T50/><D105/><U38/><E38/><V118/><F118/><W89/><G107/><T42/><D42/><U16/><E134/><V110/><F110/><W108/><G35/><T58/><D80/><U68/><E133/><V27/><F27/><W135/><G135/><T41/><D41/><N who="1" m="24591" /><E68/><AGARI ba="0,1" hai="17,20,25,54,59,60,62,64,68,86,88,92,100,102" machi="68" ten="30,7700,0" yaku="1,1,7,1,54,1,53,1" doraHai="9" doraHaiUra="85" who="2" fromWho="1" sc="250,0,250,-77,240,87,250,0" /><INIT seed="1,0,0,0,3,53" ten="250,173,327,250" oya="1" hai0="78,24,56,33,18,58,95,40,9,128,113,91,47" hai1="114,11,30,46,12,54,116,45,102,108,36,57,26" hai2="86,80,15,44,49,100,82,10,73,66,110,21,61" hai3="6,37,68,93,85,75,135,31,62,3,25,5,35"/><U98/><E116/><V89/><F110/><W13/><G75/><T65/><D113/><U20/><E114/><V17/><F100/><W0/><G37/><T99/><D128/><U70/><E70/><V32/><F32/><W14/><G135/><T122/><D122/><U4/><E36/><V112/><F112/><W120/><G120/><T118/><D118/><U127/><E127/><V1/><F73/><W96/><G85/><T59/><D78/><U109/><E109/><V69/><F80/><W124/><G124/><T115/><D115/><U28/><E28/><V74/><F74/><W107/><G107/><T81/><D81/><U27/><E27/><V60/><F60/><W63/><G68/><T83/><D83/><U42/><E42/><V97/><F97/><W87/><G87/><T105/><D105/><U94/><REACH who="1" step="1"/><E108/><REACH who="1" ten="250,163,327,250" step="2"/><V19/><F69/><W48/><G25/><T88/><D33/><U133/><E133/><V7/><F1/><W132/><G31/><T79/><D79/><U125/><E125/><V55/><F66/><W8/><G35/><T52/><D65/><U2/><E2/><V119/><F119/><W22/><G0/><T117/><D117/><U123/><E123/><V84/><F15/><W129/><G14/><N who="0" m="7503" /><D24/><U126/><E126/><V121/><F121/><W134/><G13/><T34/><D34/><U67/><E67/><V41/><F41/><W106/><G3/><T92/><D40/><U90/><E90/><N who="0" m="34345" /><D99/><U103/><E103/><V130/><F89/><W50/><G134/><T72/><D72/><U16/><E16/><V77/><F19/><RYUUKYOKU ba="0,1" sc="250,15,163,15,327,-15,250,-15" hai0="47,52,56,58,59,92,95" hai1="4,11,12,20,26,30,45,46,54,57,94,98,102" /><INIT seed="1,1,1,5,1,73" ten="265,178,312,235" oya="1" hai0="110,130,68,49,60,97,70,120,59,43,100,128,105" hai1="58,14,26,135,122,30,86,88,112,47,102,33,64" hai2="28,87,45,103,98,22,118,84,13,54,6,31,90" hai3="123,53,104,50,114,77,124,96,10,41,69,15,38"/><U108/><E122/><V11/><F118/><W116/><G123/><T65/><D120/><U25/><E112/><V76/><F84/><W44/><G114/><T131/><REACH who="0" step="1"/><D110/><REACH who="0" ten="255,178,312,235" step="2"/><U134/><E108/><V19/><F45/><AGARI ba="1,2" hai="43,45,49,59,60,65,68,70,97,100,105,128,130,131" machi="45" ten="40,8000,1" yaku="1,1,2,1,19,1,53,1" doraHai="73" doraHaiUra="52" who="0" fromWho="2" sc="255,103,178,0,312,-83,235,0" /><INIT seed="2,0,0,0,2,131" ten="358,178,229,235" oya="2" hai0="115,23,12,4,100,38,87,93,71,128,20,133,124" hai1="68,112,125,57,31,74,103,83,30,77,0,91,94" hai2="73,51,132,26,79,21,6,46,7,135,121,95,61" hai3="92,2,72,108,22,118,47,114,18,102,82,41,104"/><V84/><F121/><W88/><G118/><T44/><D71/><U130/><E68/><V39/><F39/><W36/><G108/><T89/><D115/><U86/><E112/><V129/><F129/><W42/><G114/><T96/><D128/><U110/><E130/><V52/><F73/><W34/><G34/><T29/><D124/><U16/><E110/><V8/><F61/><W106/><G2/><T15/><D29/><U48/><E0/><V58/><F58/><W27/><G102/><T127/><D127/><U85/><E125/><V98/><F84/><W10/><G10/><T78/><D78/><U67/><E103/><V19/><F79/><W33/><G33/><T97/><D97/><U40/><E74/><V45/><F45/><W32/><G32/><T101/><D101/><U25/><E67/><V64/><F64/><W50/><G72/><T70/><D70/><U5/><E5/><V109/><F109/><W13/><G82/><T116/><D44/><U126/><E126/><V56/><F46/><W54/><G13/><T69/><D38/><U63/><E63/><V134/><F8/><W14/><G14/><T117/><D69/><U11/><E40/><V43/><F43/><W90/><G41/><T123/><D123/><U119/><E119/><V28/><F28/><W60/><G60/><T81/><D4/><U9/><E9/><V55/><F55/><W66/><G66/><T49/><D117/><U24/><E30/><V75/><F75/><W99/><G90/><AGARI ba="0,0" hai="6,7,19,21,26,51,52,56,90,95,98,132,134,135" machi="90" ten="40,12000,1" yaku="20,1,52,3,54,1" doraHai="131" who="2" fromWho="3" sc="358,0,178,0,229,120,235,-120" /><INIT seed="2,1,0,3,3,18" ten="358,178,349,115" oya="2" hai0="130,78,4,25,10,50,90,82,31,74,17,60,16" hai1="119,29,61,110,95,9,59,49,100,91,113,8,2" hai2="43,15,132,96,57,128,129,5,124,14,133,125,0" hai3="54,52,131,32,39,65,19,64,92,118,63,109,98"/><V53/><F43/><W11/><G118/><T37/><D37/><U106/><E119/><V101/><F0/><W93/><G32/><T46/><D130/><N who="2" m="50282" /><F5/><W67/><G131/><T66/><D90/><U34/><E113/><V75/><F75/><W12/><G39/><T94/><D94/><U38/><E38/><V44/><F44/><W72/><G72/><T73/><D73/><U115/><E110/><V89/><F89/><W102/><G109/><T62/><D4/><U108/><E115/><V24/><F24/><W112/><G112/><T134/><D134/><N who="2" m="51818" /><F57/><W117/><G117/><T40/><D10/><U69/><E8/><V83/><F83/><W1/><G1/><T71/><REACH who="0" step="1"/><D60/><REACH who="0" ten="348,178,349,115" step="2"/><U123/><E61/><V28/><F28/><W58/><REACH who="3" step="1"/><G92/><REACH who="3" ten="348,178,349,105" step="2"/><T88/><D88/><U27/><E91/><V41/><F41/><W121/><G121/><T80/><D80/><U126/><E123/><V84/><F84/><W135/><G135/><T99/><D99/><U13/><E95/><N who="2" m="58527" /><F53/><AGARI ba="1,2" hai="11,12,19,52,53,54,58,63,64,65,67,93,98,102" machi="53" ten="40,5200,0" yaku="1,1,8,1,54,1,53,0" doraHai="18" doraHaiUra="3" who="3" fromWho="2" sc="348,0,178,0,349,-55,105,75" /><INIT seed="3,0,0,3,4,59" ten="348,178,294,180" oya="3" hai0="43,106,115,7,93,102,92,111,9,20,78,84,120" hai1="91,41,75,34,81,80,97,11,110,104,119,26,24" hai2="68,8,12,51,6,45,74,113,63,130,56,121,3" hai3="116,48,17,67,27,101,55,52,72,99,65,4,134"/><W44/><G116/><T105/><D120/><U135/><E119/><V132/><F74/><W21/><G72/><T19/><D111/><U76/><E110/><V28/><F68/><W90/><G134/><T125/><D125/><U123/><E135/><V79/><F113/><W58/><G4/><T127/><D115/><U82/><E123/><V40/><F132/><W5/><G5/><T133/><D133/><U128/><E128/><V85/><F130/><W18/><G18/><T112/><D112/><U126/><E41/><V25/><F121/><W61/><REACH who="3" step="1"/><G90/><REACH who="3" ten="348,178,294,170" step="2"/><T60/><D7/><U14/><E91/><V32/><F3/><W86/><G86/><T35/><D19/><U50/><E75/><V122/><F122/><W124/><G124/><T73/><D84/><U129/><E126/><V95/><F85/><W49/><G49/><T88/><D73/><U89/><E50/><V15/><F79/><W87/><G87/><T13/><D78/><U31/><E76/><V64/><F6/><W109/><G109/><T103/><D88/><U100/><E129/><V38/><F51/><W66/><G66/><T57/><D127/><U77/><E89/><V37/><F37/><W36/><G36/><T42/><D42/><U94/><E77/><V53/><F64/><W96/><G96/><T114/><D43/><U39/><E39/><V69/><F40/><W47/><G47/><T83/><D114/><U62/><E97/><V118/><F45/><W22/><G22/><T117/><D20/><U108/><E108/><V98/><F38/><W30/><G30/><T1/><D117/><RYUUKYOKU ba="0,1" sc="348,-10,178,-10,294,-10,170,30" hai3="17,21,27,44,48,52,55,58,61,65,67,99,101" /><INIT seed="3,1,1,3,5,17" ten="338,168,284,200" oya="3" hai0="95,123,62,82,73,115,0,76,2,89,100,5,50" hai1="61,114,110,14,37,66,55,134,103,72,22,11,63" hai2="4,41,16,88,127,86,68,19,94,112,91,57,81" hai3="84,30,51,8,128,54,20,43,6,10,36,47,69"/><W92/><G69/><T101/><D123/><U3/><E114/><V58/><F68/><W49/><G128/><T97/><D115/><U7/><E110/><V26/><F112/><W117/><G117/><T119/><D119/><U27/><E134/><V44/><F4/><W21/><G30/><T48/><D62/><U29/><E72/><V24/><F127/><W131/><G131/><T35/><D35/><U18/><E37/><V74/><F74/><W71/><G71/><T90/><D101/><U106/><E66/><V124/><F124/><W39/><G39/><T111/><D111/><U126/><E126/><V52/><F26/><W135/><G36/><T13/><D90/><U113/><E113/><V32/><F44/><N who="3" m="25759" /><G135/><T104/><D0/><U96/><REACH who="1" step="1"/><E55/><REACH who="1" ten="338,158,284,200" step="2"/><V42/><F42/><W25/><G54/><T79/><D73/><U28/><E28/><V118/><F41/><W102/><G8/><AGARI ba="1,2" hai="3,7,8,11,14,18,22,27,29,61,63,96,103,106" machi="8" ten="30,7700,0" yaku="1,1,7,1,52,1,53,1" doraHai="17" doraHaiUra="1" who="1" fromWho="3" sc="338,0,158,100,284,0,200,-80" /><INIT seed="4,0,0,2,5,96" ten="338,258,284,120" oya="0" hai0="133,25,74,13,52,38,97,124,33,12,100,122,78" hai1="62,58,132,131,69,47,34,73,118,134,1,125,95" hai2="31,27,89,83,114,23,54,20,37,32,8,104,72" hai3="35,43,67,53,105,85,42,50,76,80,26,107,45"/><T126/><D38/><U88/><E118/><V102/><F114/><W22/><G35/><T110/><D122/><U6/><E73/><V51/><F37/><W3/><G3/><T46/><D78/><U109/><E109/><V44/><F104/><W113/><G113/><T77/><D77/><U2/><E69/><V116/><F116/><W5/><G5/><T0/><D0/><U79/><E79/><V11/><F72/><W130/><G130/><T86/><D86/><U120/><E120/><V92/><F83/><W60/><G105/><T10/><D74/><U48/><E34/><V90/><F90/><W117/><G107/><T55/><D133/><N who="1" m="51307" /><E125/><N who="0" m="48233" /><D110/><U9/><E2/><V21/><REACH who="2" step="1"/><F102/><REACH who="2" ten="338,258,274,120" step="2"/><W66/><G117/><T70/><D100/><U29/><E131/><V49/><F49/><W111/><G111/><T106/><D106/><U121/><E121/><V101/><F101/><W99/><G60/><T56/><D70/><U115/><E115/><V16/><F16/><N who="3" m="12615" /><G99/><AGARI ba="0,1" hai="8,11,20,21,23,27,31,32,44,51,54,89,92,99" machi="99" ten="40,1300,0" yaku="1,1,53,0" doraHai="96" doraHaiUra="71" who="2" fromWho="3" sc="338,0,258,0,274,23,120,-13" /><INIT seed="5,0,0,3,3,18" ten="338,258,297,107" oya="1" hai0="7,40,34,133,20,73,102,91,132,15,2,33,32" hai1="28,113,94,31,74,85,47,104,14,101,19,56,29" hai2="118,92,9,38,103,1,78,76,23,39,59,97,75" hai3="58,98,109,62,35,87,82,65,120,110,96,66,130"/><U106/><E74/><V3/><F118/><W125/><G120/><T12/><D73/><U126/><E113/><V45/><F59/><W131/><G35/><T116/><D102/><U79/><E126/><V83/><F78/><W37/><G37/><T114/><D40/><U128/><E128/><V68/><F68/><W57/><G125/><T72/><D72/><U69/><E69/><V71/><F71/><W124/><G124/><T48/><D48/><U4/><E4/><V5/><F3/><W0/><G0/><T86/><D116/><U36/><E56/><V8/><F8/><W121/><G121/><T64/><D64/><U93/><E104/><V80/><F80/><W117/><G117/><T42/><D42/><U17/><E47/><V122/><F122/><W50/><G50/><T13/><D114/><U127/><E36/><V119/><F119/><W24/><G24/><T88/><D91/><U100/><E106/><V55/><F55/><W90/><G110/><T6/><D2/><U52/><E52/><V63/><F63/><W25/><G25/><T51/><D51/><U81/><E17/><V21/><F38/><W84/><G109/><T108/><D108/><U89/><E127/><V61/><F61/><W16/><G16/><N who="0" m="10247" /><D6/><U107/><E107/><V129/><F129/><N who="3" m="49163" /><G87/><T135/><D7/><U46/><E46/><V70/><F70/><W111/><G111/><T123/><D123/><U10/><E79/><V99/><F99/><N who="3" m="37931" /><G66/><T54/><D54/><U30/><N who="1" m="7168" /><DORA hai="43" /><U77/><E77/><V67/><F67/><W60/><G65/><T105/><D105/><RYUUKYOKU ba="0,0" sc="338,0,258,0,297,0,107,0" hai0="13,15,32,33,34,86,88,132,133,135" hai1="10,14,19,81,85,89,93,94,100,101" hai2="1,5,9,21,23,39,45,75,76,83,92,97,103" hai3="57,58,60,62,82,84,90" /><INIT seed="5,1,0,0,4,13" ten="338,258,297,107" oya="1" hai0="72,17,14,12,79,99,92,3,86,45,23,28,81" hai1="61,35,70,119,88,5,121,7,16,108,66,15,126" hai2="69,64,52,122,84,65,2,41,59,24,113,4,71" hai3="37,29,31,34,26,106,60,20,111,75,39,125,100"/><U0/><E119/><V76/><F122/><W68/><G111/><T73/><D3/><U110/><E121/><V135/><F2/><W116/><G20/><T115/><D115/><U27/><E126/><V46/><F113/><W98/><G31/><T93/><D93/><U67/><E67/><V56/><F4/><W80/><G125/><T85/><D73/><U48/><E48/><N who="2" m="30727" /><F24/><W109/><G109/><N who="1" m="42090" /><E0/><V51/><F76/><N who="3" m="44063" /><G116/><T105/><D105/><U87/><E27/><V134/><F84/><W128/><G128/><T94/><D94/><N who="1" m="54559" /><E35/><V10/><F10/><AGARI ba="1,0" hai="5,7,10,15,16,61,66,70" m="54559,42090" machi="10" ten="30,11600,0" yaku="10,1,52,1,54,2" doraHai="13" who="1" fromWho="2" sc="338,0,258,119,297,-119,107,0" /><INIT seed="5,2,0,5,4,47" ten="338,377,178,107" oya="1" hai0="95,105,37,79,93,110,103,75,71,76,128,112,72" hai1="67,43,41,40,77,87,82,104,119,86,61,130,111" hai2="131,17,121,42,36,56,33,114,11,68,126,98,123" hai3="25,107,35,74,46,78,32,5,133,64,132,23,89"/><U49/><E119/><V16/><F68/><W129/><G107/><T124/><D71/><U30/><E104/><V20/><F33/><W66/><G129/><T1/><D1/><U58/><E130/><V90/><F131/><W62/><G5/><T109/><D37/><U48/><E111/><N who="0" m="42505" /><D128/><U26/><REACH who="1" step="1"/><E87/><REACH who="1" ten="338,367,178,107" step="2"/><V10/><F121/><W117/><G117/><T52/><D112/><U113/><E113/><V8/><F114/><W88/><G74/><T135/><D135/><U21/><AGARI ba="2,1" hai="21,26,30,40,41,43,48,49,58,61,67,77,82,86" machi="21" ten="30,24000,3" yaku="1,1,0,1,8,1,52,2,53,3" doraHai="47" doraHaiUra="39" who="1" fromWho="1" sc="338,-82,367,256,178,-82,107,-82" /><INIT seed="5,3,0,5,0,125" ten="256,623,96,25" oya="1" hai0="134,127,108,29,101,11,16,43,41,50,96,66,59" hai1="34,62,87,131,95,5,83,119,42,60,104,98,40" hai2="80,37,99,111,46,36,45,123,109,114,82,88,75" hai3="35,73,23,116,13,132,31,30,86,130,27,4,133"/><U110/><E34/><V115/><F75/><W24/><G73/><T74/><D108/><U72/><E110/><V39/><F109/><W15/><G86/><T68/><D74/><U97/><E131/><V26/><F26/><W32/><G116/><T77/><D77/><U1/><E104/><V113/><F123/><W17/><REACH who="3" step="1"/><G130/><REACH who="3" ten="256,623,96,15" step="2"/><T79/><D127/><U33/><E87/><N who="2" m="50279" /><F111/><W93/><G93/><T70/><D134/><U81/><E95/><V65/><F99/><W121/><G121/><T58/><D96/><U38/><E97/><V71/><F82/><W21/><G21/><T47/><D101/><U3/><E81/><V53/><F53/><W100/><G100/><T92/><D92/><U9/><E83/><V10/><F10/><AGARI ba="3,1" hai="4,10,13,15,17,23,24,27,30,31,32,35,132,133" machi="10" ten="40,8000,1" yaku="1,1,9,1,34,3,53,0" doraHai="125" doraHaiUra="48" who="3" fromWho="2" sc="256,0,623,0,96,-89,15,99" /><INIT seed="6,0,0,4,4,97" ten="256,623,7,114" oya="2" hai0="123,46,60,130,107,28,2,23,39,115,102,43,11" hai1="66,84,48,65,118,101,33,41,116,25,128,106,52" hai2="112,63,55,94,47,21,93,77,72,114,64,85,12" hai3="111,62,80,127,71,31,45,73,76,67,8,4,91"/><V126/><F72/><W9/><G111/><T7/><D123/><U113/><E41/><V26/><F126/><W61/><G127/><T117/><D117/><U13/><E113/><N who="2" m="43627" /><F12/><W36/><G31/><T6/><D115/><U50/><E13/><V129/><F129/><W16/><G62/><T57/><D130/><U10/><E10/><V100/><F47/><W78/><G78/><T19/><D7/><U96/><E128/><V56/><F77/><W54/><G91/><T59/><D28/><U70/><E25/><V53/><F85/><W51/><G36/><T122/><D122/><U27/><E84/><V3/><F3/><W133/><G133/><T95/><D107/><U68/><E27/><V121/><F121/><W79/><G79/><T42/><D42/><U110/><E118/><V5/><F5/><W135/><G135/><T105/><D105/><U90/><E110/><V20/><F20/><W15/><REACH who="3" step="1"/><G4/><REACH who="3" ten="256,623,7,104" step="2"/><T14/><D6/><U29/><E29/><N who="2" m="17615" /><F93/><W132/><G132/><T82/><D95/><U88/><E106/><V22/><F22/><AGARI ba="0,1" hai="8,9,15,16,22,45,51,54,61,67,71,73,76,80" machi="22" ten="30,3900,0" yaku="1,1,7,1,54,1,53,0" doraHai="97" doraHaiUra="124" who="3" fromWho="2" sc="256,0,623,0,7,-39,104,49" owari="256,5.6,623,72.3,-32,-53.2,153,-24.7" /></mjloggm>