<mjloggm ver="2.3"><GO type="169" lobby="0"/><UN n0="%74%61%6D%69%74%61%6D%69" n1="%E5%A4%96%E5%B7%9D%E7%AB%9C%E6%88%90" n2="%6B%E3%81%AE" n3="%E3%81%82%E3%81%84%E3%81%93%E3%81%99" dan="16,16,17,16" rate="2047.91,2176.74,2224.78,2129.08" sx="M,M,M,M"/><TAIKYOKU oya="0"/><INIT seed="0,0,0,4,1,7" ten="250,250,250,250" oya="0" hai0="101,36,61,125,90,111,116,127,41,51,53,34,74" hai1="22,62,19,49,42,63,24,115,30,38,69,78,67" hai2="75,5,58,123,112,18,44,70,55,43,105,52,60" hai3="25,57,130,97,20,94,39,16,46,124,13,89,8"/><T85/><D74/><U73/><E115/><V128/><F123/><W66/><G130/><T3/><D34/><U0/><E0/><V17/><F112/><W11/><G124/><N who="0" m="47691" /><D3/><U6/><E6/><V95/><F105/><W56/><G39/><T65/><D101/><U64/><E38/><V15/><F75/><W98/><G46/><N who="0" m="23847" /><D90/><U2/><E2/><V92/><F70/><W4/><G66/><T59/><D85/><U99/><E99/><V37/><F55/><W110/><G110/><T113/><D113/><U120/><E120/><V48/><F37/><W126/><G126/><T45/><D116/><U122/><E122/><V31/><F31/><W27/><G11/><T102/><D102/><U79/><E73/><V108/><F108/><AGARI ba="0,0" hai="45,51,53,59,61,65,108,111" m="23847,47691" machi="108" ten="30,5800,0" yaku="18,1,34,2" doraHai="7" who="0" fromWho="2" sc="250,58,250,0,250,-58,250,0" /><INIT seed="0,1,0,5,0,29" ten="308,250,192,250" oya="0" hai0="127,56,41,33,126,45,43,76,78,66,129,96,30" hai1="89,32,58,102,65,74,86,8,134,120,123,84,1" hai2="85,71,108,99,35,54,110,70,47,63,46,64,114" hai3="14,0,94,26,24,132,12,101,93,34,28,9,37"/><T118/><D118/><U3/><E74/><V125/><F125/><N who="0" m="47626" /><D129/><U82/><E134/><V106/><F114/><W128/><G128/><T69/><D69/><U131/><E131/><V5/><F5/><W53/><G132/><T62/><D96/><U73/><E73/><V124/><F124/><W13/><G37/><N who="0" m="21679" /><D43/><U61/><E102/><V2/><F2/><W55/><G101/><T105/><D105/><U22/><E22/><V36/><F85/><W17/><G55/><T77/><D30/><U25/><E86/><V18/><F71/><W40/><G53/><T16/><D16/><U67/><E67/><V80/><F36/><W111/><G40/><T104/><D104/><U98/><E98/><V79/><F54/><W81/><G81/><T122/><D122/><U95/><E82/><V21/><F80/><W57/><G57/><T11/><D11/><U39/><E8/><V31/><F79/><W48/><G48/><T7/><D7/><U15/><E39/><V107/><F107/><W97/><G97/><T60/><D60/><U42/><E42/><V6/><F6/><N who="3" m="1223" /><G94/><T83/><D83/><U19/><E123/><V72/><F99/><W44/><G93/><T116/><D116/><U23/><E120/><V75/><F106/><W92/><G92/><T113/><D113/><U87/><E87/><V91/><F75/><W100/><G100/><T121/><D121/><U88/><E89/><V4/><F72/><W117/><G117/><T109/><D109/><N who="2" m="42090" /><F91/><W38/><G111/><T90/><D90/><U135/><E135/><V119/><F119/><W50/><G38/><RYUUKYOKU ba="1,0" sc="308,15,250,15,192,-15,250,-15" hai0="33,56,62,66,76,77,78" hai1="1,3,15,19,23,25,32,58,61,65,84,88,95" /><INIT seed="0,2,0,2,4,71" ten="323,265,177,235" oya="0" hai0="28,94,75,1,95,85,62,63,9,68,131,80,132" hai1="38,119,27,17,44,121,127,91,18,42,36,129,47" hai2="111,116,100,41,82,25,99,31,87,23,130,48,74" hai3="128,30,117,77,39,110,86,135,4,112,105,125,56"/><T32/><D75/><U73/><E119/><V78/><F111/><W93/><G110/><T20/><D32/><U49/><E121/><V59/><F130/><W104/><G128/><T60/><D68/><U64/><E73/><V29/><F116/><W79/><G112/><T35/><D35/><U61/><E129/><V108/><F108/><W133/><G117/><T83/><D131/><U12/><E127/><V72/><F31/><W66/><G30/><T107/><D107/><U21/><E91/><V122/><F122/><W14/><G39/><T88/><D132/><U13/><E47/><V103/><F103/><W84/><G125/><T26/><REACH who="0" step="1"/><D80/><REACH who="0" ten="313,265,177,235" step="2"/><U7/><E7/><AGARI ba="2,1" hai="1,7,9,20,26,28,60,62,63,83,85,88,94,95" machi="7" ten="40,7700,0" yaku="1,1,2,1,54,1,53,0" doraHai="71" doraHaiUra="118" who="0" fromWho="1" sc="313,93,265,-83,177,0,235,0" /><INIT seed="0,3,0,2,0,26" ten="406,182,177,235" oya="0" hai0="45,113,104,54,25,80,38,131,98,89,36,65,42" hai1="114,127,2,122,19,115,116,55,11,16,111,134,100" hai2="40,108,10,13,35,37,118,125,60,75,57,86,99" hai3="92,73,85,31,24,103,48,39,110,67,96,66,121"/><T12/><D113/><N who="1" m="43019" /><E100/><V14/><F108/><W77/><G110/><T47/><D131/><U43/><E111/><V17/><F75/><W112/><G39/><T90/><D65/><U124/><E43/><V44/><F125/><N who="1" m="48201" /><E55/><V83/><F118/><W29/><G73/><T6/><D80/><U50/><E50/><V22/><F35/><W109/><G109/><T79/><D79/><U70/><E70/><V71/><F99/><W126/><G126/><T51/><D38/><U8/><E116/><V56/><F71/><W59/><G121/><T7/><D89/><U52/><E122/><V63/><F63/><W23/><G112/><T105/><D105/><U107/><E107/><V64/><F57/><W34/><G34/><T84/><D84/><U81/><E81/><V62/><F56/><W30/><G67/><T74/><D74/><U78/><E78/><V95/><F95/><W32/><G32/><T94/><D104/><U119/><E119/><V15/><F64/><W82/><G48/><T133/><D98/><U132/><E52/><V53/><F53/><W58/><G59/><T5/><D90/><U61/><E61/><AGARI ba="3,0" hai="23,24,29,30,31,58,61,66,77,82,85,92,96,103" machi="61" ten="40,12000,2" yaku="25,2,8,1,52,3" doraHai="26" who="3" fromWho="1" sc="406,0,182,-129,177,0,235,129" /><INIT seed="1,0,0,1,4,109" ten="406,53,177,364" oya="1" hai0="58,36,89,125,114,70,65,110,32,71,130,11,86" hai1="104,85,67,42,101,66,30,4,60,62,40,61,106" hai2="43,23,57,31,35,45,100,72,107,93,131,97,102" hai3="135,96,3,132,98,112,90,24,55,64,25,1,37"/><U75/><E75/><V8/><F72/><W10/><G64/><N who="1" m="24618" /><E4/><V63/><F131/><W80/><G37/><T46/><D32/><U5/><E5/><V29/><F8/><W76/><G55/><T6/><D130/><U69/><E85/><V68/><F68/><W77/><G90/><T79/><D79/><U19/><E19/><V113/><F35/><W73/><G73/><T9/><D110/><U129/><E101/><V87/><F113/><W2/><G2/><T33/><D33/><U41/><E129/><V26/><F87/><W82/><G10/><T103/><D103/><U123/><E30/><V17/><F102/><W47/><G47/><T28/><D28/><U94/><E94/><V99/><F99/><W16/><G16/><T48/><D11/><U116/><E69/><V88/><F100/><W127/><G127/><T20/><D20/><U38/><E38/><V22/><F22/><W34/><G34/><T126/><D36/><U39/><E39/><N who="2" m="21759" /><F107/><N who="1" m="41001" /><E123/><V124/><F124/><W12/><G12/><N who="0" m="5175" /><D126/><U81/><E81/><V84/><F84/><W56/><G56/><T59/><D125/><U51/><E51/><V52/><AGARI ba="0,0" hai="17,23,26,29,31,52,57,63,88,93,97" m="21759" machi="52" ten="30,4000,0" yaku="25,1,54,2" doraHai="109" who="2" fromWho="2" sc="406,-10,53,-20,177,40,364,-10" /><INIT seed="2,0,0,4,5,97" ten="396,33,217,354" oya="2" hai0="117,88,42,14,0,99,124,62,82,89,106,104,30" hai1="85,51,111,11,60,40,41,71,22,20,65,36,94" hai2="70,21,114,127,57,120,8,59,9,102,43,6,45" hai3="134,133,128,135,86,132,123,27,125,56,29,116,118"/><V63/><F120/><W105/><G105/><T15/><D0/><U113/><E11/><V119/><F119/><W121/><G86/><T81/><D117/><N who="3" m="45161" /><G56/><T50/><D30/><U32/><E32/><V83/><F114/><W98/><G98/><T49/><D99/><U110/><E85/><V109/><F127/><W87/><G87/><T17/><D17/><U3/><E94/><V75/><F9/><W108/><G135/><T7/><D62/><U5/><E20/><V2/><F21/><W115/><G115/><T37/><D7/><U12/><E22/><V77/><F109/><W13/><G108/><T10/><D10/><U1/><E12/><V61/><F102/><W92/><G92/><T76/><D42/><U122/><E5/><V90/><F90/><W19/><G125/><T80/><D124/><U33/><E33/><V28/><F28/><W130/><G19/><T18/><D18/><U79/><E79/><V52/><F70/><W23/><G13/><T93/><D81/><U34/><E34/><V112/><F112/><W35/><G23/><T64/><D93/><U53/><E113/><V48/><REACH who="2" step="1"/><F59/><REACH who="2" ten="396,33,207,354" step="2"/><W84/><G84/><T67/><D76/><U69/><E122/><AGARI ba="0,1" hai="27,29,35,121,122,123,128,130,132,133,134" m="45161" machi="122" ten="40,8000,1" yaku="20,1,23,1,34,2" doraHai="97" who="3" fromWho="1" sc="396,0,33,-80,207,0,354,90" owari="396,19.6,-47,-54.7,207,-19.3,444,54.4" /></mjloggm>