<mjloggm ver="2.3"><GO type="169" lobby="0"/><UN n0="%E7%88%86%E5%8B%9D%E5%95%8F%E9%A1%8C" n1="%E5%A4%A9%E6%89%8D%E9%BA%BB%E5%B0%86%E6%9D%8F%E6%9D%8F" n2="%53%6F%6C%69%74%6F%6E" n3="%50%73%79%63%68%65" dan="16,16,17,17" rate="2080.21,2143.10,2155.17,2126.67" sx="M,F,M,M"/><TAIKYOKU oya="0"/><INIT seed="0,0,0,3,4,55" ten="250,250,250,250" oya="0" hai0="96,17,20,133,57,116,104,65,114,5,82,53,60" hai1="63,3,49,95,110,132,46,54,64,50,121,27,80" hai2="68,48,130,128,16,102,1,106,2,38,31,75,123" hai3="135,47,117,125,112,70,83,19,35,77,51,97,84"/><T98/><D114/><U13/><E121/><V61/><F123/><W85/><G117/><T10/><D116/><U52/><E3/><N who="2" m="1035" /><F31/><W87/><G70/><T73/><D133/><U9/><E132/><V26/><F75/><W100/><G135/><T24/><D104/><U120/><E120/><V90/><F38/><W78/><G112/><T23/><D23/><U25/><E110/><V129/><F48/><W107/><G35/><T45/><D45/><U113/><E95/><V28/><F90/><W93/><G125/><T4/><D4/><U14/><E113/><V43/><F43/><W67/><G67/><T122/><D122/><U36/><E80/><V11/><F102/><W92/><G19/><T41/><D41/><U58/><E36/><V21/><F106/><W44/><G44/><T115/><D115/><U118/><E118/><V99/><F99/><W59/><G47/><T76/><REACH who="0" step="1"/><D65/><REACH who="0" ten="240,250,250,250" step="2"/><U39/><E39/><V62/><F68/><W79/><REACH who="3" step="1"/><G83/><REACH who="3" ten="240,250,250,240" step="2"/><T40/><D40/><U32/><E32/><V72/><F130/><W7/><G7/><T33/><D33/><U69/><E14/><AGARI ba="0,2" hai="5,10,14,17,20,24,53,57,60,73,76,82,96,98" machi="14" ten="30,5800,0" yaku="1,1,7,1,52,1,53,0" doraHai="55" doraHaiUra="134" who="0" fromWho="1" sc="240,78,250,-58,250,0,240,0" /><INIT seed="0,1,0,4,2,133" ten="318,192,250,240" oya="0" hai0="65,79,24,110,128,16,17,47,52,107,103,75,31" hai1="81,33,106,21,112,130,93,55,84,27,18,56,91" hai2="57,25,101,32,41,89,131,120,134,83,26,14,97" hai3="4,23,70,36,48,80,29,71,109,49,113,115,100"/><T63/><D128/><U67/><E130/><V12/><F120/><W117/><G36/><T5/><D5/><U60/><E112/><V116/><F116/><W0/><G117/><T8/><D8/><U82/><E106/><V90/><F131/><W76/><G100/><T13/><D13/><U19/><E33/><V6/><F134/><W50/><G109/><T28/><D28/><U122/><E122/><V92/><F41/><W135/><G135/><T78/><D110/><U2/><E2/><V94/><F83/><W44/><G44/><T102/><D107/><U111/><E111/><V64/><F32/><W11/><G29/><T77/><D75/><U99/><E18/><N who="0" m="7273" /><D65/><U15/><E15/><N who="2" m="5675" /><F6/><W38/><G38/><T7/><D7/><U1/><E1/><V68/><F68/><W98/><G23/><N who="0" m="15775" /><D63/><U74/><E74/><V88/><F94/><W129/><G129/><T86/><D86/><U114/><E114/><V35/><F35/><W124/><G115/><T34/><D34/><U3/><E3/><V95/><F92/><W85/><G113/><T40/><D40/><U132/><E132/><V96/><F96/><W37/><G37/><T59/><D59/><U69/><REACH who="1" step="1"/><E84/><REACH who="1" ten="318,182,250,240" step="2"/><V125/><F64/><W123/><G123/><T104/><D104/><U54/><E54/><V20/><F57/><W126/><REACH who="3" step="1"/><G98/><REACH who="3" ten="318,182,250,230" step="2"/><T108/><D108/><U45/><E45/><V66/><F97/><W87/><G87/><T51/><AGARI ba="1,2" hai="47,51,52,77,78,79,102,103" m="15775,7273" machi="51" ten="30,6000,0" yaku="8,1,54,2" doraHai="133" who="0" fromWho="0" sc="318,83,182,-21,250,-21,230,-21" /><INIT seed="0,2,0,3,3,38" ten="401,161,229,209" oya="0" hai0="111,49,24,124,112,98,16,74,79,106,93,26,116" hai1="17,27,128,107,57,51,46,31,125,84,89,118,117" hai2="88,12,28,65,69,35,76,42,40,77,54,3,81" hai3="6,133,36,96,100,66,113,39,104,10,22,80,25"/><T95/><D112/><U32/><E107/><V108/><F3/><W23/><G113/><T5/><D116/><U20/><E128/><V64/><F69/><W123/><G133/><T0/><D124/><U94/><E125/><V60/><F35/><W21/><G123/><T18/><D106/><U43/><REACH who="1" step="1"/><E57/><REACH who="1" ten="401,151,229,209" step="2"/><N who="2" m="34871" /><F108/><W30/><G104/><T14/><D111/><U71/><E71/><V91/><F28/><W129/><G30/><T126/><D126/><U53/><E53/><V7/><F64/><W92/><G66/><T114/><D114/><U37/><E37/><V29/><F65/><W127/><G39/><T59/><D59/><U135/><E135/><V68/><F68/><W15/><G36/><T19/><D49/><U115/><E115/><V63/><F63/><W103/><G129/><T11/><D95/><U121/><E121/><V9/><F29/><W55/><G127/><T105/><D93/><U101/><E101/><V110/><F81/><W134/><G103/><T119/><D105/><U73/><E73/><V83/><F83/><W61/><G80/><T8/><D74/><U62/><E62/><V120/><F110/><W85/><G134/><T13/><D119/><U56/><E56/><V52/><F52/><W75/><G75/><T4/><D79/><N who="2" m="30282" /><F120/><W44/><G61/><T131/><D131/><U132/><E132/><V70/><F70/><W102/><G102/><T33/><D98/><U82/><E82/><V2/><F2/><W109/><G109/><T45/><D45/><U48/><E48/><V41/><AGARI ba="2,1" hai="7,9,12,40,41,42,88,91" m="30282,34871" machi="41" ten="30,8000,1" yaku="8,1,52,3,54,1" doraHai="38" who="2" fromWho="2" sc="401,-42,151,-22,229,96,209,-22" /><INIT seed="1,0,0,4,1,7" ten="359,129,325,187" oya="1" hai0="83,39,128,6,35,14,91,75,63,101,107,40,81" hai1="120,5,111,96,114,67,64,10,115,26,59,42,87" hai2="27,9,41,24,54,23,57,92,106,28,15,51,73" hai3="48,98,118,126,130,89,113,60,13,30,112,22,12"/><U133/><E120/><V61/><F106/><W105/><G118/><T25/><D128/><U72/><E72/><V33/><F73/><W102/><G130/><T45/><D107/><U121/><E121/><V31/><F92/><W109/><G109/><T124/><D101/><U85/><E133/><V94/><F94/><W129/><G129/><T86/><D124/><U52/><E111/><V37/><F37/><W125/><G89/><T88/><D63/><U90/><E42/><V84/><F84/><W65/><G48/><T16/><D6/><U108/><E108/><V29/><F29/><W77/><G77/><T93/><D75/><U104/><E26/><V103/><F103/><W43/><G43/><T76/><D76/><U123/><E123/><V20/><F33/><W66/><G66/><N who="1" m="25130" /><E104/><V78/><F78/><W95/><G105/><T56/><D56/><U2/><E96/><V3/><F3/><W55/><G55/><T17/><D91/><U1/><E1/><V47/><F15/><W71/><G13/><T117/><D117/><U18/><E18/><V38/><F38/><W131/><G131/><T11/><REACH who="0" step="1"/><D17/><REACH who="0" ten="349,129,325,187" step="2"/><U116/><E116/><V58/><F57/><W134/><G126/><T82/><D82/><N who="1" m="49463" /><E87/><V110/><F110/><W122/><G125/><T68/><D68/><U80/><E80/><V100/><F100/><W53/><G122/><T44/><D44/><U32/><E32/><V36/><F61/><W19/><G71/><T79/><D79/><U4/><E5/><V46/><F47/><W34/><G60/><T127/><D127/><U0/><E2/><RYUUKYOKU ba="0,1" sc="349,10,129,10,325,10,187,-30" hai0="11,14,16,25,35,39,40,45,81,83,86,88,93" hai1="0,4,10,52,59,114,115" hai2="9,20,23,24,27,28,31,36,41,46,51,54,58" /><INIT seed="1,1,1,4,2,82" ten="359,139,335,157" oya="1" hai0="73,128,53,18,99,92,135,85,61,80,81,83,84" hai1="108,41,102,47,48,11,16,56,12,4,35,71,46" hai2="123,133,42,107,98,72,130,100,52,119,25,89,101" hai3="43,44,28,115,20,26,57,10,114,33,70,62,22"/><U3/><E71/><V67/><F67/><W79/><G70/><T91/><D73/><U64/><E108/><V88/><F42/><W50/><G79/><T14/><D135/><U86/><E35/><V97/><F25/><W68/><G68/><T95/><D128/><U118/><E118/><V66/><F66/><W23/><REACH who="3" step="1"/><G10/><REACH who="3" ten="359,139,335,147" step="2"/><N who="0" m="6487" /><D95/><U132/><E132/><V129/><F107/><W6/><G6/><T78/><D78/><U116/><E116/><V124/><F133/><W111/><G111/><T112/><D112/><U121/><E4/><V58/><F119/><W106/><G106/><T94/><D94/><U122/><E11/><V127/><F123/><W45/><G45/><T0/><D0/><U59/><E3/><V120/><F120/><W9/><G9/><T90/><D90/><U24/><E47/><V69/><F58/><AGARI ba="1,2" hai="53,58,61,80,81,83,84,85,91,92,99" m="6487" machi="58" ten="30,3900,0" yaku="8,1,52,2" doraHai="82" who="0" fromWho="2" sc="359,62,139,0,335,-42,147,0" /><INIT seed="2,0,0,1,2,71" ten="421,139,293,147" oya="2" hai0="52,15,119,113,16,67,25,77,75,130,118,57,109" hai1="33,18,99,128,104,106,100,110,58,27,72,68,64" hai2="41,51,53,95,122,91,102,10,28,87,89,9,135" hai3="12,115,126,6,21,32,134,116,2,96,124,74,3"/><V97/><F122/><W88/><G116/><N who="0" m="44587" /><D113/><U31/><E110/><V17/><F135/><W42/><G74/><T47/><D109/><U54/><E128/><V24/><F41/><W37/><G32/><T40/><D130/><U85/><E72/><V34/><F17/><N who="3" m="10407" /><G134/><T7/><D67/><U29/><E106/><V60/><F60/><W92/><G6/><T63/><D7/><U105/><E105/><V123/><F123/><W0/><G115/><T86/><D25/><U14/><E31/><V13/><F13/><W120/><G120/><T103/><D103/><U39/><E85/><V79/><F91/><W20/><G20/><N who="0" m="11295" /><D86/><U133/><E133/><V73/><F79/><W111/><G111/><T131/><D131/><U59/><E68/><V93/><REACH who="2" step="1"/><F73/><REACH who="2" ten="421,139,283,147" step="2"/><W125/><G42/><T65/><D77/><U43/><E43/><V66/><F66/><W132/><G132/><T22/><D75/><U107/><E64/><V38/><F38/><AGARI ba="0,1" hai="0,2,3,37,38,88,92,96,124,125,126" m="10407" machi="38" ten="40,8000,1" yaku="18,1,52,2,54,1" doraHai="71" who="3" fromWho="2" sc="421,0,139,0,283,-80,147,90" /><INIT seed="3,0,0,0,3,13" ten="421,139,203,237" oya="3" hai0="119,16,112,6,63,50,43,72,64,38,98,23,41" hai1="37,107,21,87,117,88,2,104,14,111,9,25,48" hai2="90,125,131,36,45,108,12,1,74,122,129,35,84" hai3="102,123,10,19,77,39,29,81,78,114,0,42,4"/><W31/><G123/><T110/><D119/><U18/><E37/><V134/><RYUUKYOKU type="yao9" ba="0,0" sc="421,0,139,0,203,0,237,0" hai2="1,12,35,36,45,74,84,90,108,122,125,129,131,134" /><INIT seed="3,1,0,5,0,106" ten="421,139,203,237" oya="3" hai0="71,45,2,21,92,24,124,115,26,16,131,39,33" hai1="15,37,70,3,134,73,87,55,74,118,43,27,5" hai2="34,50,77,48,113,20,88,72,95,31,104,60,90" hai3="4,78,69,81,83,28,11,98,29,65,44,23,85"/><W123/><G123/><T52/><D2/><U99/><E70/><V122/><F104/><W59/><G69/><T62/><D124/><U6/><E3/><V129/><F113/><W108/><G108/><T126/><D131/><U35/><E134/><V91/><F34/><W42/><G98/><T116/><D116/><U76/><E118/><V14/><F129/><W100/><G100/><T114/><D126/><U109/><E109/><V19/><F95/><W105/><G105/><T0/><D0/><U36/><E99/><V82/><F122/><W7/><G83/><T49/><D92/><U75/><E55/><V130/><F130/><W54/><G65/><T101/><D101/><U96/><E96/><V40/><F31/><W102/><G102/><T79/><D79/><U135/><E135/><V63/><REACH who="2" step="1"/><F48/><REACH who="2" ten="421,139,193,237" step="2"/><W112/><G112/><N who="0" m="43051" /><D33/><U84/><E37/><V97/><F97/><W38/><G29/><T12/><D39/><U22/><E35/><V47/><AGARI ba="1,1" hai="14,19,20,40,47,50,60,63,72,77,82,88,90,91" machi="47" ten="30,7900,0" yaku="1,1,0,1,52,1,54,1,53,0" doraHai="106" doraHaiUra="67" who="2" fromWho="2" sc="421,-21,139,-21,193,92,237,-40" /><INIT seed="4,0,0,1,3,91" ten="400,118,285,197" oya="0" hai0="40,83,28,124,94,19,13,96,66,30,25,32,119" hai1="133,81,29,17,20,122,87,90,9,67,127,1,63" hai2="93,31,120,130,104,110,88,48,72,76,102,117,22" hai3="77,65,12,6,24,126,18,108,14,95,86,58,71"/><T132/><D119/><U113/><E122/><V123/><F48/><W118/><G118/><T35/><D124/><U61/><E127/><V57/><F57/><W11/><G126/><T80/><D132/><U42/><E133/><V0/><F31/><W125/><G125/><T116/><D116/><U79/><E113/><V103/><F22/><W114/><G114/><T15/><D66/><U5/><E42/><V39/><F0/><W38/><G38/><T37/><D40/><U129/><E129/><V64/><F64/><W46/><G71/><T101/><D37/><U54/><E29/><V73/><F39/><W47/><G24/><T97/><D30/><U43/><E43/><V8/><F8/><W36/><G36/><T45/><D45/><U52/><E79/><V49/><F49/><W34/><G34/><T4/><D35/><U3/><E3/><V50/><F50/><W89/><G77/><T75/><D75/><N who="2" m="28746" /><F76/><W69/><G69/><T107/><D4/><U41/><E41/><V51/><F51/><W33/><G33/><T56/><D56/><U111/><E111/><V53/><F104/><W135/><G108/><T60/><D60/><U59/><REACH who="1" step="1"/><E63/><REACH who="1" ten="400,108,285,197" step="2"/><V92/><F110/><W44/><G135/><T131/><D131/><U27/><AGARI ba="0,1" hai="1,5,9,17,20,27,52,54,59,61,67,81,87,90" machi="27" ten="20,12000,2" yaku="1,1,2,1,0,1,7,1,54,1,53,1" doraHai="91" doraHaiUra="23" who="1" fromWho="1" sc="400,-60,108,130,285,-30,197,-30" /><INIT seed="5,0,0,2,0,127" ten="340,238,255,167" oya="1" hai0="107,9,20,52,83,71,50,57,104,133,85,28,23" hai1="15,62,22,2,132,36,10,89,105,49,84,95,92" hai2="59,54,96,130,6,101,97,74,120,99,121,41,55" hai3="30,35,63,43,45,77,25,26,126,27,81,65,106"/><U102/><E105/><V18/><F74/><W70/><G126/><T114/><D71/><U87/><E36/><V5/><F101/><W82/><G82/><T91/><D114/><U80/><E132/><V110/><F110/><W68/><G68/><T39/><D39/><U123/><E123/><V19/><F41/><W112/><G112/><T90/><D133/><U72/><E2/><V75/><F75/><W53/><G53/><N who="2" m="19977" /><F59/><W33/><G33/><T34/><D34/><U79/><E22/><V98/><F98/><W40/><G40/><T60/><D23/><U69/><E49/><V93/><F93/><W118/><G118/><T125/><D125/><U88/><E102/><V47/><F47/><W12/><G12/><T94/><D9/><U103/><E103/><V32/><F32/><W86/><REACH who="3" step="1"/><G106/><REACH who="3" ten="340,238,255,157" step="2"/><T124/><D124/><U11/><REACH who="1" step="1"/><E15/><REACH who="1" ten="340,228,255,157" step="2"/><V76/><F121/><W100/><G100/><T29/><D107/><U108/><E108/><V117/><F120/><W67/><G67/><AGARI ba="0,2" hai="10,11,62,67,69,72,79,80,84,87,88,89,92,95" machi="67" ten="40,12000,1" yaku="1,1,9,1,54,1,53,2" doraHai="127" doraHaiUra="4" who="1" fromWho="3" sc="340,0,228,140,255,0,157,-120" /><INIT seed="5,1,0,1,2,42" ten="340,368,255,37" oya="1" hai0="59,121,74,46,83,100,78,15,49,116,55,106,62" hai1="50,40,14,82,85,105,60,109,72,111,65,92,68" hai2="114,22,41,134,97,133,48,16,12,39,19,103,7" hai3="104,90,120,77,26,79,113,115,124,29,67,61,129"/><U33/><E33/><V76/><F39/><W37/><G120/><T95/><D116/><U21/><E105/><V1/><F1/><W38/><G104/><T13/><D121/><U18/><E72/><V128/><F76/><W108/><G108/><N who="1" m="41546" /><E92/><V135/><F128/><W43/><G129/><T98/><REACH who="0" step="1"/><D106/><REACH who="0" ten="330,368,255,37" step="2"/><U88/><E40/><AGARI ba="1,1" hai="13,15,40,46,49,55,59,62,74,78,83,95,98,100" machi="40" ten="30,7700,0" yaku="1,1,2,1,7,1,52,1,53,0" doraHai="42" doraHaiUra="6" who="0" fromWho="1" sc="330,90,368,-80,255,0,37,0" /><INIT seed="6,0,0,5,1,59" ten="420,288,255,37" oya="2" hai0="58,38,4,57,50,48,28,55,100,19,116,80,62" hai1="35,54,133,70,86,131,27,75,81,60,41,91,107" hai2="64,3,112,63,103,128,43,9,76,33,69,14,46" hai3="88,17,93,65,18,16,118,124,15,51,102,119,120"/><V113/><F33/><W10/><G120/><T21/><D38/><U52/><E107/><V122/><F122/><W39/><G39/><T1/><D100/><U68/><E131/><V108/><F128/><W129/><G129/><T84/><D28/><U77/><E133/><V66/><F108/><W26/><G102/><T114/><D114/><N who="2" m="44138" /><F3/><W23/><G124/><T8/><D116/><U115/><E115/><V92/><F76/><W24/><G51/><T7/><D58/><U99/><E99/><V31/><F31/><W106/><G106/><T135/><D7/><U74/><E41/><V71/><F103/><W45/><G45/><T98/><D98/><U97/><E97/><V44/><F92/><W101/><G101/><T2/><D2/><U29/><E75/><V32/><F32/><W121/><G121/><T95/><D95/><U83/><REACH who="1" step="1"/><E70/><REACH who="1" ten="420,278,255,37" step="2"/><V13/><F43/><W87/><REACH who="3" step="1"/><G65/><AGARI ba="0,1" hai="27,29,35,52,54,60,65,68,74,77,81,83,86,91" machi="65" ten="40,8000,1" yaku="1,1,2,1,52,1,54,1,53,0" doraHai="59" doraHaiUra="47" who="1" fromWho="3" sc="420,0,278,90,255,0,37,-80" owari="420,52.0,368,16.8,255,-14.5,-43,-54.3" /></mjloggm>