<mjloggm ver="2.3"><GO type="169" lobby="0"/><UN n0="%53%6F%6C%69%74%6F%6E" n1="%E3%83%90%E3%83%AA%E3%83%88%E3%83%B3" n2="%E3%83%9E%E3%83%BC%E3%83%9C%E3%82%A6" n3="%E6%A9%98%E3%83%AF%E3%83%AB%E3%83%84" dan="17,17,17,16" rate="2151.86,2243.04,2123.44,2151.67" sx="M,M,M,M"/><TAIKYOKU oya="0"/><INIT seed="0,0,0,1,5,66" ten="250,250,250,250" oya="0" hai0="6,135,80,1,3,7,23,103,44,19,61,104,68" hai1="72,88,9,123,50,89,113,35,105,109,126,98,60" hai2="117,76,2,15,40,100,25,5,134,99,11,0,114" hai3="131,93,52,110,64,16,4,83,130,125,12,107,30"/><T78/><D135/><U34/><E72/><V82/><F114/><W121/><G107/><T36/><D6/><U33/><E113/><V54/><F134/><W53/><G121/><T20/><D23/><U46/><E123/><V47/><F25/><W45/><G30/><T81/><D81/><U129/><E109/><V29/><F54/><W8/><G110/><T67/><D7/><U71/><E129/><N who="3" m="49162" /><G64/><T70/><D68/><U59/><E9/><V32/><F32/><W31/><G31/><T69/><D69/><U55/><E126/><V26/><F26/><W43/><G93/><T10/><D10/><U94/><E105/><V133/><F29/><W79/><G125/><T90/><D90/><U91/><REACH who="1" step="1"/><E71/><REACH who="1" ten="250,240,250,250" step="2"/><V75/><F133/><W119/><G119/><T106/><D104/><U28/><E28/><V128/><F117/><W41/><G4/><T77/><D106/><U51/><E51/><V86/><F75/><N who="3" m="43519" /><G41/><AGARI ba="0,1" hai="33,34,35,41,46,50,55,59,60,88,89,91,94,98" machi="41" ten="40,2600,0" yaku="1,1,54,1,53,0" doraHai="66" doraHaiUra="96" who="1" fromWho="3" sc="250,0,240,36,250,0,250,-26" /><INIT seed="1,0,0,4,3,23" ten="250,276,250,224" oya="1" hai0="125,22,71,87,4,37,113,121,73,27,3,68,14" hai1="132,45,47,108,135,124,63,31,8,83,98,91,84" hai2="82,131,116,39,5,103,97,7,28,109,77,92,66" hai3="119,134,40,20,21,104,46,123,117,130,76,70,72"/><U44/><E124/><V26/><F109/><W93/><G104/><T16/><D73/><U101/><E108/><V67/><F131/><W33/><G33/><T96/><D113/><U60/><E8/><V85/><F39/><W51/><G70/><T86/><D37/><U6/><E6/><V24/><F116/><W50/><G123/><T94/><D125/><U81/><E81/><V100/><F100/><W42/><G130/><T25/><D3/><U19/><E19/><V105/><F105/><W58/><G72/><T111/><D111/><U126/><E31/><V54/><F54/><W11/><G76/><T1/><D1/><U78/><E78/><V48/><F48/><W114/><G114/><T49/><D68/><U35/><E35/><V13/><F28/><W52/><G134/><N who="1" m="51242" /><E126/><V43/><F43/><W64/><G64/><N who="2" m="24617" /><F13/><W2/><G42/><T56/><D71/><U0/><E0/><V15/><F15/><W32/><G32/><T61/><D4/><AGARI ba="0,0" hai="4,5,7,24,26,77,82,85,92,97,103" m="24617" machi="4" ten="30,3900,0" yaku="8,1,52,2" doraHai="23" who="2" fromWho="0" sc="250,-39,276,0,250,39,224,0" /><INIT seed="2,0,0,4,0,105" ten="211,276,289,224" oya="2" hai0="38,71,90,13,117,124,80,36,123,133,45,112,134" hai1="119,4,10,14,75,89,84,42,97,110,33,68,115" hai2="55,41,53,104,19,88,62,128,135,125,20,107,67" hai3="16,130,79,91,81,46,66,30,61,56,28,77,32"/><V35/><F35/><W44/><G130/><T17/><D71/><U60/><E115/><V43/><F128/><W114/><G114/><T2/><D2/><U58/><E119/><V73/><F125/><W100/><G100/><T34/><D34/><U47/><E110/><V99/><F135/><N who="0" m="51722" /><D112/><U111/><E111/><V101/><F104/><W23/><G91/><T31/><D123/><U39/><E68/><V120/><F73/><W63/><G32/><T12/><D124/><U113/><E97/><V131/><F131/><W121/><G121/><T86/><D31/><U132/><E132/><V102/><F102/><W7/><G7/><T1/><D1/><U15/><E75/><V108/><F108/><W51/><G63/><T85/><D117/><U50/><E113/><V98/><F62/><W96/><G96/><T116/><D116/><U109/><E109/><V25/><F120/><W92/><G92/><N who="0" m="54351" /><D45/><U8/><E39/><N who="0" m="14889" /><D17/><U59/><E33/><V21/><F19/><W37/><G46/><T87/><D87/><U95/><REACH who="1" step="1"/><E60/><REACH who="1" ten="211,266,289,224" step="2"/><V18/><F99/><W9/><G37/><T129/><D129/><U83/><E83/><V126/><F98/><W52/><G81/><T0/><D0/><U76/><E76/><AGARI ba="0,1" hai="12,13,76,80,86" m="14889,54351,51722" machi="76" ten="30,1000,0" yaku="20,1" doraHai="105" who="0" fromWho="1" sc="211,20,266,-10,289,0,224,0" /><INIT seed="3,0,0,2,3,130" ten="231,256,289,224" oya="3" hai0="45,67,123,65,101,58,122,82,119,74,6,4,79" hai1="35,78,134,133,38,124,99,42,97,91,34,120,107" hai2="25,68,108,135,0,96,56,83,59,102,15,89,46" hai3="118,61,39,76,75,23,52,27,28,48,104,17,44"/><W60/><G104/><T109/><D119/><U114/><E120/><V103/><F0/><W111/><G118/><T84/><D109/><U105/><E78/><V85/><F68/><W49/><G39/><T100/><D74/><U132/><E114/><V88/><F108/><W73/><G111/><T13/><D123/><U87/><E124/><V20/><F46/><W112/><G112/><T1/><D1/><U21/><E21/><V131/><F15/><W127/><G127/><T10/><D122/><U3/><E3/><V121/><F131/><W19/><G75/><T95/><D6/><U36/><E42/><V81/><F121/><W128/><G128/><T66/><D58/><U64/><E64/><V26/><F85/><W77/><G73/><T116/><D116/><U2/><E2/><V16/><F20/><W14/><G19/><T18/><D18/><U40/><E40/><V54/><F54/><W32/><G49/><T126/><D126/><U47/><E47/><V115/><F115/><W9/><G32/><N who="1" m="12330" /><E107/><V98/><F16/><W31/><REACH who="3" step="1"/><G31/><REACH who="3" ten="231,256,289,214" step="2"/><T37/><D37/><N who="1" m="14443" /><E105/><V110/><F110/><W24/><G24/><T113/><D113/><U69/><E69/><V57/><F25/><W71/><G71/><T55/><D66/><U125/><E125/><V94/><F26/><W8/><G8/><T93/><D65/><U92/><AGARI ba="0,1" hai="87,91,92,97,99,132,133,134" m="14443,12330" machi="92" ten="40,8000,1" yaku="20,1,52,3" doraHai="130" who="1" fromWho="1" sc="231,-20,256,90,289,-20,214,-40" /><INIT seed="4,0,0,2,2,127" ten="211,346,269,174" oya="0" hai0="55,125,92,98,111,94,104,90,84,26,131,79,89" hai1="88,22,124,46,8,37,100,15,19,7,106,27,97" hai2="3,133,91,18,14,52,60,69,93,117,50,44,61" hai3="81,75,85,66,51,128,2,126,77,32,25,109,115"/><T130/><D26/><U57/><E124/><V82/><F133/><W80/><G126/><T99/><D125/><U0/><E57/><V13/><F117/><W120/><G109/><T113/><D55/><U29/><E37/><V41/><F3/><W64/><G2/><T28/><D28/><U48/><E88/><V47/><F82/><W121/><G32/><T21/><D21/><U24/><REACH who="1" step="1"/><E29/><REACH who="1" ten="211,336,269,174" step="2"/><V17/><F69/><W76/><G115/><T74/><D111/><U63/><E63/><V73/><F60/><W129/><G51/><T58/><D58/><U83/><E83/><V116/><F61/><W62/><G25/><T112/><D74/><U87/><E87/><V45/><F73/><W36/><G36/><T108/><D108/><U132/><E132/><V33/><F116/><W11/><G11/><T114/><D79/><U43/><AGARI ba="0,1" hai="0,7,8,15,19,22,24,27,43,46,48,97,100,106" machi="43" ten="20,2700,0" yaku="1,1,0,1,7,1,53,0" doraHai="127" doraHaiUra="59" who="1" fromWho="1" sc="211,-13,336,37,269,-7,174,-7" /><INIT seed="5,0,0,3,5,84" ten="198,373,262,167" oya="1" hai0="90,94,33,66,16,129,104,32,77,56,76,110,79" hai1="4,63,29,108,107,117,128,99,15,31,46,61,74" hai2="52,18,81,133,6,112,2,78,20,125,103,28,75" hai3="40,25,21,13,50,91,22,14,38,132,45,101,53"/><U57/><E74/><V48/><F125/><W1/><G1/><T85/><D104/><U51/><E117/><V34/><F133/><W8/><G101/><T93/><D110/><U134/><E128/><V71/><F71/><W37/><G132/><T109/><D109/><U120/><E120/><V30/><F112/><W59/><G22/><T36/><D36/><U55/><E108/><V98/><F34/><W12/><G38/><T7/><D7/><U69/><E63/><V127/><F127/><W41/><G41/><T119/><D119/><U113/><E69/><V54/><F6/><W88/><REACH who="3" step="1"/><G8/><REACH who="3" ten="198,373,262,157" step="2"/><T42/><D42/><U115/><E134/><V58/><F2/><W68/><G68/><T121/><D121/><U130/><E115/><V44/><F20/><W17/><AGARI ba="0,1" hai="12,13,14,17,21,25,37,40,45,50,53,59,88,91" machi="17" ten="30,12000,2" yaku="1,1,0,1,52,2,54,1,53,1" doraHai="84" doraHaiUra="39" who="3" fromWho="3" sc="198,-30,373,-60,262,-30,157,130" /><INIT seed="6,0,0,4,5,12" ten="168,313,232,287" oya="2" hai0="74,92,77,81,25,66,76,27,22,68,84,83,98" hai1="7,110,8,134,32,116,33,17,16,37,71,91,90" hai2="112,117,101,85,122,132,86,58,2,128,23,14,59" hai3="135,51,72,15,88,94,93,131,113,119,129,89,11"/><V127/><F117/><W75/><G51/><T9/><D9/><U109/><E71/><V78/><F122/><W62/><G62/><T103/><D66/><U123/><E37/><V106/><F2/><W35/><G35/><T24/><REACH who="0" step="1"/><D68/><REACH who="0" ten="158,313,232,287" step="2"/><U107/><E8/><V39/><F127/><W38/><G119/><T108/><D108/><U87/><E116/><V96/><F128/><N who="3" m="49227" /><G38/><T55/><D55/><U73/><E110/><V57/><F39/><W44/><G135/><T82/><D82/><U102/><E134/><V0/><F132/><W40/><G113/><T34/><D34/><U5/><E33/><V133/><F112/><W45/><G40/><T1/><D1/><U99/><E32/><V20/><F0/><W36/><G36/><T111/><D111/><U95/><E109/><V52/><F52/><W125/><G125/><T70/><D70/><U43/><E43/><V67/><F67/><W80/><G80/><T130/><D130/><U53/><E53/><V46/><F133/><W31/><G45/><T10/><D10/><U64/><E64/><V3/><F3/><W26/><G44/><T97/><D97/><U21/><E99/><V100/><F46/><W4/><G94/><T28/><AGARI ba="0,1" hai="22,24,25,27,28,74,76,77,81,83,84,92,98,103" machi="28" ten="20,8000,1" yaku="1,1,0,1,7,1,53,2" doraHai="12" doraHaiUra="79" who="0" fromWho="0" sc="158,90,313,-20,232,-40,287,-20" /><INIT seed="7,0,0,5,4,117" ten="248,293,192,267" oya="3" hai0="50,45,5,101,78,57,129,121,71,93,47,102,134" hai1="86,10,25,84,14,41,17,55,9,85,87,49,44" hai2="128,66,96,109,29,58,12,21,20,130,76,6,46" hai3="83,8,35,36,51,32,99,34,88,113,119,100,116"/><W107/><G36/><T79/><D71/><U15/><E25/><V33/><F109/><W11/><G51/><T60/><D129/><N who="2" m="49770" /><F76/><N who="0" m="29226" /><D134/><U127/><E127/><V37/><F96/><W63/><G63/><T72/><D121/><U123/><E123/><V69/><F69/><W24/><G24/><T126/><D72/><U90/><E41/><N who="2" m="22831" /><F33/><W64/><G64/><N who="0" m="38927" /><D126/><U0/><E0/><V18/><F29/><W118/><REACH who="3" step="1"/><G113/><REACH who="3" ten="248,293,192,257" step="2"/><T111/><D50/><U97/><E49/><V43/><F43/><W56/><G56/><T54/><D47/><U98/><E44/><V61/><F6/><W131/><G131/><T77/><D45/><U91/><E55/><V40/><F40/><W27/><G27/><T105/><D54/><U19/><E91/><V16/><F18/><W124/><G124/><T132/><D5/><U52/><E52/><V81/><F81/><AGARI ba="0,1" hai="9,10,14,15,17,19,81,84,85,86,87,90,97,98" machi="81" ten="40,2600,0" yaku="9,1,8,1" doraHai="117" who="1" fromWho="2" sc="248,0,293,36,192,-26,257,0" owari="248,-15.2,329,42.9,166,-33.4,257,5.7" /></mjloggm>