<mjloggm ver="2.3"><GO type="169" lobby="0"/><UN n0="%61%6D%61%69%6B%61" n1="%E6%88%91%E5%8F%AF%E4%BB%A5" n2="%E3%81%93%E3%82%8C%E3%81%8C%E3%81%B5%E3%81%95%E3%81%B5%E3%81%95" n3="%E3%83%8A%E3%82%AB%E3%81%AB%E3%81%97" dan="17,16,16,16" rate="2193.36,2110.44,2190.25,2110.13" sx="M,M,M,M"/><TAIKYOKU oya="0"/><INIT seed="0,0,0,2,0,64" ten="250,250,250,250" oya="0" hai0="14,74,33,102,127,119,48,19,113,95,17,16,106" hai1="28,94,0,51,63,13,78,35,120,61,85,62,11" hai2="18,86,130,99,118,21,31,79,81,73,114,131,25" hai3="93,8,52,80,12,92,126,55,44,105,32,24,38"/><T121/><D113/><U135/><E0/><V47/><F114/><W104/><G126/><T96/><D119/><U60/><E120/><V15/><F118/><W112/><G112/><T117/><D117/><U91/><E135/><V50/><F73/><W101/><G80/><T2/><D121/><U1/><E1/><V83/><F83/><W82/><G82/><T111/><D2/><U46/><E78/><V133/><F99/><W72/><G72/><T107/><D74/><U40/><N who="1" m="15360" /><DORA hai="53" /><U128/><E128/><V22/><REACH who="2" step="1"/><F133/><REACH who="2" ten="250,250,240,250" step="2"/><W37/><G104/><T30/><D107/><U75/><E75/><V54/><AGARI ba="0,1" hai="15,18,21,22,25,31,47,50,54,79,81,86,130,131" machi="54" ten="30,4000,0" yaku="1,1,2,1,0,1,53,0" doraHai="64,53" doraHaiUra="29,65" who="2" fromWho="2" sc="250,-20,250,-10,240,50,250,-10" /><INIT seed="1,0,0,2,0,45" ten="230,240,290,240" oya="1" hai0="39,100,17,23,6,95,113,107,16,111,48,68,126" hai1="44,41,76,98,103,21,109,0,51,70,63,62,73" hai2="79,96,124,89,53,8,3,86,65,25,112,15,75" hai3="9,99,20,52,125,37,131,27,80,110,14,129,61"/><U56/><E0/><V77/><F124/><W57/><G37/><T134/><D113/><U24/><E109/><V93/><F3/><W50/><G110/><T55/><D111/><U36/><E36/><V71/><F112/><W60/><G125/><T2/><D126/><U1/><E1/><V34/><F75/><W42/><G80/><T38/><D68/><U128/><E128/><N who="3" m="49226" /><G42/><T106/><D134/><U64/><E76/><V78/><F65/><W7/><G99/><T123/><D123/><U40/><E73/><V117/><F71/><W120/><G120/><T108/><D108/><U31/><E41/><V97/><F117/><W127/><G127/><T72/><D72/><U29/><E29/><AGARI ba="0,0" hai="7,9,14,20,27,29,50,52,57,60,61" m="49226" machi="29" ten="30,3900,0" yaku="19,1,52,1,54,1" doraHai="45" who="3" fromWho="1" sc="230,0,240,-39,290,0,240,39" /><INIT seed="2,0,0,2,2,42" ten="230,201,290,279" oya="2" hai0="60,120,119,72,79,105,74,110,20,39,92,82,88" hai1="131,80,22,111,5,124,6,1,29,115,77,43,2" hai2="26,34,117,9,133,31,30,65,44,97,47,14,89" hai3="62,45,64,51,18,121,113,57,32,68,84,86,132"/><V69/><F117/><W114/><G121/><T96/><D110/><U35/><E115/><N who="3" m="44042" /><G32/><T116/><D39/><U94/><E111/><V53/><F133/><W52/><G132/><T107/><D20/><U98/><E35/><V108/><F30/><W7/><G7/><T90/><D60/><U0/><E124/><V73/><F73/><N who="0" m="28266" /><D120/><U49/><E131/><V3/><F3/><W118/><G118/><N who="0" m="45099" /><D90/><U102/><E29/><V8/><F108/><W100/><G100/><T12/><D12/><U126/><E126/><V13/><F53/><N who="3" m="29935" /><G18/><T19/><D19/><U125/><E125/><V56/><F69/><W81/><G81/><T85/><AGARI ba="0,0" hai="79,82,85,88,92,96,105,107" m="45099,28266" machi="85" ten="30,7900,0" yaku="12,1,34,2,54,1" doraHai="42" who="0" fromWho="0" sc="230,79,201,-20,290,-39,279,-20" /><INIT seed="3,0,0,5,4,60" ten="309,181,251,259" oya="3" hai0="107,135,32,63,100,12,126,5,44,26,119,10,72" hai1="39,88,13,58,81,21,97,17,128,69,65,62,122" hai2="18,57,89,108,1,64,7,34,84,19,2,77,67" hai3="118,59,91,82,125,133,114,92,124,54,36,130,83"/><W113/><G36/><T53/><D119/><U73/><E39/><V93/><F108/><W80/><G54/><T115/><D72/><U24/><E128/><V110/><F110/><W66/><G118/><T41/><D126/><N who="3" m="48745" /><G59/><T33/><D135/><U68/><E122/><V31/><F77/><W71/><G71/><T55/><D115/><N who="3" m="44041" /><G66/><T85/><D85/><U132/><E132/><V4/><F57/><W134/><G130/><T75/><D75/><U105/><E73/><V6/><F31/><W45/><G45/><T52/><D26/><U78/><E78/><V28/><F28/><W29/><G29/><T131/><D131/><U87/><REACH who="1" step="1"/><E24/><REACH who="1" ten="309,171,251,259" step="2"/><V20/><F1/><W95/><G95/><T46/><D107/><U51/><E51/><V22/><F2/><W16/><G16/><N who="2" m="6185" /><F34/><W23/><G23/><AGARI ba="0,1" hai="4,6,7,20,22,23,64,67,84,89,93" m="6185" machi="23" ten="30,7700,0" yaku="8,1,52,2,54,1" doraHai="60" who="2" fromWho="3" sc="309,0,171,0,251,87,259,-77" /><INIT seed="4,0,0,3,1,81" ten="309,171,338,182" oya="0" hai0="51,128,49,21,10,114,33,132,46,22,127,25,90" hai1="108,77,16,43,89,80,11,8,62,119,110,23,85" hai2="28,105,131,117,14,91,66,113,83,41,99,9,121" hai3="61,35,38,116,101,100,69,73,94,57,96,29,27"/><T75/><D75/><U106/><E119/><V135/><F121/><W45/><G116/><T70/><D70/><U68/><E106/><V124/><F117/><W53/><G73/><T17/><D114/><U126/><E126/><V65/><F113/><W95/><G69/><T4/><D127/><U5/><E43/><V102/><F124/><W134/><G134/><T48/><D128/><U52/><E77/><V34/><F131/><W50/><G38/><T47/><D132/><U111/><E5/><V0/><F0/><W130/><G130/><T93/><D22/><U31/><E31/><V74/><F135/><W64/><REACH who="3" step="1"/><G100/><REACH who="3" ten="309,171,338,172" step="2"/><T1/><REACH who="0" step="1"/><D33/><REACH who="0" ten="299,171,338,172" step="2"/><U87/><E68/><V125/><F125/><W88/><G88/><T32/><D32/><U71/><E71/><V133/><F91/><W78/><G78/><T20/><D20/><U122/><E89/><V30/><F34/><W123/><G123/><T2/><D2/><U84/><E122/><V60/><F133/><W72/><G72/><T26/><D26/><U56/><REACH who="1" step="1"/><E80/><REACH who="1" ten="299,161,338,172" step="2"/><V107/><F83/><W79/><G79/><T82/><D82/><U36/><E36/><V98/><F74/><W40/><G40/><T120/><D120/><U19/><E19/><V12/><F41/><W58/><G58/><T109/><D109/><U54/><E54/><V129/><F129/><W37/><G37/><T76/><D76/><U13/><AGARI ba="0,3" hai="8,11,13,16,23,52,56,62,84,85,87,108,110,111" machi="13" ten="40,12000,2" yaku="1,1,0,1,52,3,54,2,53,0" doraHai="81" doraHaiUra="42" who="1" fromWho="1" sc="299,-60,161,150,338,-30,172,-30" /><INIT seed="5,0,0,0,5,10" ten="239,311,308,142" oya="1" hai0="90,89,111,82,66,114,22,109,122,108,2,102,13" hai1="125,65,44,85,116,128,131,70,7,105,51,19,27" hai2="28,30,106,67,31,121,23,16,33,77,5,133,50" hai3="41,120,54,107,80,135,6,55,39,78,87,17,94"/><U118/><E105/><V59/><F121/><W48/><G120/><T32/><D122/><U130/><E7/><V3/><F106/><W42/><G107/><T29/><D2/><U36/><E85/><V1/><F133/><W127/><G135/><T83/><D32/><U79/><E79/><V53/><F77/><W63/><G127/><T84/><D102/><U18/><E36/><V100/><F100/><W72/><G39/><T98/><D114/><U112/><E112/><V34/><F67/><W21/><G6/><T52/><D66/><U97/><E97/><V8/><REACH who="2" step="1"/><F1/><REACH who="2" ten="239,311,298,142" step="2"/><W45/><G72/><T35/><D109/><U117/><E125/><V101/><F101/><W99/><G99/><T123/><D98/><U15/><E65/><V40/><F40/><W75/><G75/><T103/><D103/><U24/><E70/><V46/><F46/><W43/><G54/><T76/><D52/><N who="1" m="29799" /><E19/><V110/><F110/><W95/><REACH who="3" step="1"/><G63/><REACH who="3" ten="239,311,298,132" step="2"/><T14/><D123/><U11/><AGARI ba="0,2" hai="11,15,18,24,27,116,117,118,128,130,131" m="29799" machi="11" ten="40,7800,0" yaku="19,1,52,1,54,1" doraHai="10" who="1" fromWho="1" sc="239,-26,311,98,298,-26,132,-26" /><INIT seed="5,1,0,2,5,17" ten="213,409,272,106" oya="1" hai0="20,113,54,42,87,7,32,106,132,44,11,26,112" hai1="29,60,34,62,52,23,71,83,128,49,127,4,58" hai2="94,95,81,21,74,101,66,18,119,1,5,53,117" hai3="77,70,33,121,124,50,122,59,115,27,123,65,13"/><U31/><E127/><V24/><F66/><W15/><G77/><T67/><D106/><U14/><E128/><V39/><F39/><W131/><G70/><T129/><D67/><U98/><E34/><V86/><F74/><W48/><G65/><T12/><D129/><U105/><E83/><V76/><F53/><W104/><G104/><T51/><D132/><U126/><E126/><V130/><F130/><W61/><G131/><T41/><D32/><U0/><E0/><V88/><F101/><W116/><G124/><T100/><D100/><U91/><E71/><V9/><REACH who="2" step="1"/><F95/><REACH who="2" ten="213,409,262,106" step="2"/><W37/><G37/><T38/><D38/><U55/><E55/><V75/><AGARI ba="1,1" hai="1,5,9,18,21,24,75,76,81,86,88,94,117,119" machi="75" ten="20,12000,2" yaku="1,1,2,1,0,1,7,1,52,1,54,1,53,0" doraHai="17" doraHaiUra="47" who="2" fromWho="2" sc="213,-31,409,-61,262,133,106,-31" /><INIT seed="6,0,0,3,1,28" ten="182,348,395,75" oya="2" hai0="68,42,135,73,82,94,44,35,57,61,122,29,71" hai1="126,4,110,113,45,95,17,119,101,131,118,67,63" hai2="107,59,79,103,65,34,54,11,76,108,105,92,75" hai3="130,48,72,64,21,50,43,56,27,5,46,22,100"/><V117/><F117/><W58/><G72/><T112/><D112/><U40/><E113/><V18/><F34/><W10/><G130/><T115/><D115/><U0/><E110/><V116/><F65/><W74/><G74/><T120/><D94/><U32/><E126/><V86/><F116/><W93/><G22/><T77/><D135/><U62/><E17/><V16/><F108/><W51/><G58/><T20/><D20/><U47/><E131/><V30/><F30/><W15/><G56/><T66/><D57/><U96/><E32/><V24/><F18/><W6/><G6/><T81/><D81/><U31/><E31/><V104/><F75/><W83/><G83/><T114/><D71/><U55/><E55/><V133/><F133/><W109/><G64/><T36/><D114/><U111/><E111/><V88/><F103/><W26/><G109/><T52/><D52/><U127/><E127/><V128/><F128/><W134/><G134/><T60/><D60/><U9/><E45/><V19/><F19/><W39/><REACH who="3" step="1"/><G21/><REACH who="3" ten="182,348,395,65" step="2"/><T125/><D125/><U38/><REACH who="1" step="1"/><E63/><REACH who="1" ten="182,338,395,65" step="2"/><V33/><F33/><W84/><G84/><T37/><D61/><U2/><E2/><V129/><F129/><W41/><G41/><T97/><D42/><U106/><E106/><V132/><F132/><W25/><G25/><T87/><D87/><U53/><E53/><V3/><F24/><W12/><G12/><T14/><D14/><U121/><E121/><V124/><F124/><W7/><G7/><T69/><D122/><U49/><E49/><N who="2" m="31183" /><F3/><W89/><G89/><T23/><D120/><RYUUKYOKU ba="0,2" sc="182,-30,338,10,395,10,65,10" hai1="0,4,9,38,40,47,62,67,95,96,101,118,119" hai2="11,16,76,79,86,88,92,104,105,107" hai3="5,10,15,26,27,39,43,46,48,50,51,93,100" /><INIT seed="6,1,2,5,3,102" ten="152,348,405,75" oya="2" hai0="9,32,30,118,2,114,80,121,77,15,115,110,37" hai1="90,127,88,65,10,0,58,38,23,103,22,14,132" hai2="33,87,104,94,125,82,54,49,122,18,133,51,71" hai3="129,62,56,95,43,128,69,8,47,79,74,101,119"/><V34/><F122/><W123/><G119/><T27/><D37/><U61/><E0/><V13/><F71/><W67/><G123/><T85/><D121/><U11/><E38/><V35/><F133/><W70/><G8/><T7/><D110/><U134/><E103/><V126/><F94/><W17/><G17/><T83/><D118/><U86/><E127/><N who="2" m="48651" /><F104/><W55/><G79/><T48/><D48/><U20/><E10/><N who="2" m="6455" /><F54/><W66/><G74/><T112/><D80/><U31/><E31/><V75/><F75/><W131/><G95/><T96/><D96/><U52/><E65/><N who="3" m="24586" /><G101/><T98/><D98/><U50/><E50/><AGARI ba="1,2" hai="43,47,50,55,56,62,69,70,128,129,131" m="24586" machi="50" ten="30,3900,0" yaku="19,1,34,2" doraHai="102" who="3" fromWho="1" sc="152,0,348,-42,405,0,75,62" /><INIT seed="7,0,0,3,5,2" ten="152,306,405,137" oya="3" hai0="80,110,48,64,121,13,39,20,57,125,68,15,3" hai1="38,111,21,34,76,78,72,132,65,40,96,41,91" hai2="129,61,4,36,106,97,60,103,108,16,43,104,0" hai3="135,114,1,9,37,23,133,109,107,117,85,19,58"/><W50/><G107/><T102/><D110/><U35/><E111/><V69/><F108/><W12/><G109/><T32/><D32/><U77/><E72/><V84/><F129/><W101/><G37/><T71/><D3/><U55/><E65/><V75/><F75/><W59/><G117/><T89/><D39/><U94/><E132/><N who="3" m="50762" /><G101/><T98/><D125/><U18/><E55/><V112/><F112/><W124/><G114/><T42/><D121/><U5/><E38/><V63/><F69/><W33/><G124/><T51/><D71/><U127/><E127/><V30/><F30/><W92/><G33/><T56/><D68/><U99/><E99/><V123/><F123/><W81/><G92/><N who="0" m="58695" /><D42/><U70/><E70/><V17/><F43/><W52/><G58/><N who="0" m="22635" /><D64/><U6/><E34/><V130/><F36/><W126/><G126/><T24/><D89/><U105/><E105/><V95/><F106/><W11/><G1/><T54/><D80/><U62/><E35/><V115/><F115/><W66/><G66/><T44/><D51/><U10/><E62/><V27/><F104/><W86/><G86/><T28/><AGARI ba="0,0" hai="13,15,20,24,28,44,48,54" m="22635,58695" machi="28" ten="30,1100,0" yaku="8,1" doraHai="2" who="0" fromWho="0" sc="152,11,306,-3,405,-3,137,-5" owari="163,-23.7,303,10.3,402,50.2,132,-36.8" /></mjloggm>