<mjloggm ver="2.3"><GO type="169" lobby="0"/><UN n0="%E3%81%97%E3%82%83%E3%82%93%E3%81%8A%E3%81%98" n1="%73%79%6C%76%65%6F%6E" n2="%E3%82%AD%E3%83%AA%E3%83%B3%E3%83%AA%E3%82%AD%E5%BF%AB" n3="%52%59%4F%30%31%31%36" dan="16,16,17,16" rate="2190.51,2172.27,2215.18,2127.10" sx="F,M,M,M"/><TAIKYOKU oya="0"/><INIT seed="0,0,0,4,5,25" ten="250,250,250,250" oya="0" hai0="123,37,116,45,85,63,66,13,115,67,54,76,128" hai1="112,113,39,86,93,31,108,95,69,79,74,117,16" hai2="82,65,55,36,104,50,56,41,111,103,124,83,21" hai3="26,49,114,133,58,64,40,88,48,89,32,135,38"/><T27/><D115/><N who="1" m="44107" /><E69/><V23/><F111/><W57/><G114/><T44/><D116/><U28/><E39/><V73/><F124/><W35/><G26/><T30/><D123/><U110/><E117/><V92/><F104/><W46/><G38/><T20/><D128/><U121/><E121/><V132/><F132/><W68/><G68/><T84/><D13/><U120/><E120/><V1/><F1/><W61/><G46/><N who="0" m="18027" /><D37/><U53/><E53/><V8/><F36/><W6/><G6/><T91/><D76/><U5/><E5/><V130/><F41/><W3/><G61/><T29/><D29/><N who="1" m="11339" /><E16/><V131/><F55/><W78/><G78/><T10/><D10/><U71/><E71/><V81/><F8/><W98/><G40/><T90/><D54/><U100/><E74/><V119/><F73/><W22/><G22/><T105/><D66/><U127/><E127/><V129/><F21/><W60/><G64/><T99/><D67/><U75/><E75/><V7/><F23/><W4/><G4/><T126/><D126/><U15/><E15/><V97/><F7/><W72/><G72/><T9/><D9/><U33/><E33/><V19/><F119/><W59/><G3/><T118/><D118/><U70/><E70/><V43/><F65/><W52/><G135/><T109/><D30/><U17/><E17/><V42/><F19/><W77/><G133/><T51/><D27/><U134/><E134/><V96/><F42/><W62/><G32/><T18/><D18/><U2/><E2/><V107/><F130/><W47/><G35/><T0/><D0/><RYUUKYOKU ba="0,0" sc="250,0,250,0,250,0,250,0" /><INIT seed="1,1,0,5,0,135" ten="250,250,250,250" oya="1" hai0="24,27,61,131,49,8,76,86,78,20,68,39,17" hai1="0,7,129,60,41,37,77,80,101,104,71,11,23" hai2="83,133,10,48,112,4,118,70,93,79,53,29,125" hai3="43,111,87,134,65,19,122,14,15,54,123,59,30"/><U25/><E129/><V128/><F118/><W51/><G134/><T92/><D39/><U97/><E37/><V31/><F133/><W47/><G111/><T50/><D131/><U56/><E41/><V66/><F128/><W28/><G123/><T117/><D117/><U120/><E71/><V103/><F112/><W121/><G121/><T99/><D68/><U63/><E56/><V126/><F103/><W34/><G34/><T132/><D132/><U57/><E57/><V130/><F93/><W3/><G3/><T72/><D72/><U52/><E52/><V36/><F36/><W12/><G19/><T21/><D61/><U75/><REACH who="1" step="1"/><E120/><REACH who="1" ten="250,240,250,250" step="2"/><V6/><F130/><W84/><G122/><T73/><D49/><U2/><E2/><V13/><F70/><W45/><G65/><T33/><D50/><U38/><E38/><V115/><F66/><W26/><G47/><T62/><D62/><U107/><E107/><V55/><F55/><W116/><G116/><T110/><D110/><U18/><AGARI ba="1,1" hai="0,7,11,18,23,25,60,63,75,77,80,97,101,104" machi="18" ten="20,3900,0" yaku="1,1,0,1,7,1,53,0" doraHai="135" doraHaiUra="113" who="1" fromWho="1" sc="250,-14,240,52,250,-14,250,-14" /><INIT seed="1,2,0,0,1,89" ten="236,292,236,236" oya="1" hai0="64,77,14,54,109,35,63,20,28,48,116,18,16" hai1="78,26,43,52,37,90,106,110,104,69,107,117,130" hai2="12,108,88,93,98,8,32,60,50,29,45,76,94" hai3="66,122,53,135,118,13,34,59,33,99,68,7,70"/><U11/><E117/><V95/><F108/><W4/><G122/><T9/><D109/><U100/><E110/><V1/><F1/><W86/><G135/><T103/><D116/><U57/><E69/><V71/><F76/><W25/><G118/><T27/><D77/><U22/><E130/><V123/><F123/><W49/><G33/><T129/><D129/><U3/><E78/><V51/><F32/><W0/><G0/><T21/><D103/><U40/><E90/><V126/><F126/><W132/><G68/><T92/><D92/><N who="2" m="35434" /><F71/><W84/><G99/><T65/><D63/><U72/><E72/><V19/><F29/><W115/><G34/><T96/><D96/><U62/><E11/><V36/><F36/><W75/><G75/><T120/><D120/><U44/><E40/><N who="2" m="24871" /><F51/><W67/><G49/><T85/><D85/><U127/><E3/><V15/><F12/><W102/><G13/><N who="0" m="7215" /><D35/><U131/><E131/><V6/><F60/><W81/><G70/><T80/><D80/><U41/><E41/><V31/><F31/><W134/><G81/><T23/><D23/><U58/><E127/><V125/><F125/><W113/><G113/><T74/><D74/><U112/><E112/><V24/><F24/><W5/><G25/><T133/><D133/><N who="3" m="51305" /><G115/><T47/><AGARI ba="2,0" hai="14,18,20,21,27,28,47,48,54,64,65" m="7215" machi="47" ten="30,2000,0" yaku="8,1,54,1" doraHai="89" who="0" fromWho="0" sc="236,26,292,-12,236,-7,236,-7" /><INIT seed="2,0,0,2,4,39" ten="262,280,229,229" oya="2" hai0="110,118,30,105,13,9,21,7,111,93,19,26,108" hai1="64,11,92,4,50,41,47,33,40,121,66,28,126" hai2="114,70,61,123,46,17,134,48,76,35,116,127,95" hai3="94,98,1,84,122,16,86,115,15,55,128,132,54"/><V60/><F114/><W43/><G122/><T88/><D105/><U124/><E121/><V117/><F123/><W29/><G1/><T107/><D107/><U67/><E92/><V0/><F35/><W57/><G132/><T59/><D59/><U24/><REACH who="1" step="1"/><E41/><REACH who="1" ten="262,270,229,229" step="2"/><V31/><F95/><W36/><G115/><T8/><D118/><U23/><E23/><V32/><F116/><W53/><G128/><T102/><D102/><U73/><E73/><V112/><F117/><W52/><G43/><T90/><REACH who="0" step="1"/><D93/><REACH who="0" ten="252,270,229,229" step="2"/><U103/><E103/><V91/><F112/><W79/><G94/><T83/><D83/><U5/><E5/><V78/><F134/><W62/><G98/><T69/><D69/><U6/><E6/><V101/><F70/><W42/><G57/><T25/><D25/><U34/><E34/><V63/><F32/><W10/><G62/><T80/><D80/><U3/><AGARI ba="0,2" hai="3,4,11,24,28,33,40,47,50,64,66,67,124,126" machi="3" ten="30,4000,0" yaku="1,1,0,1,52,1,53,0" doraHai="39" doraHaiUra="49" who="1" fromWho="1" sc="252,-10,270,60,229,-20,229,-10" /><INIT seed="3,0,0,0,2,13" ten="242,330,209,219" oya="3" hai0="65,74,55,115,81,20,10,26,128,67,130,44,29" hai1="72,28,106,36,51,57,112,50,71,122,66,27,60" hai2="110,46,121,17,107,116,113,78,9,83,102,34,132" hai3="21,123,1,111,99,43,79,30,63,125,124,56,39"/><W5/><G123/><T3/><D115/><U0/><E72/><V32/><F113/><W127/><G79/><N who="0" m="44279" /><D55/><U61/><E106/><V104/><F116/><W114/><G114/><T45/><D65/><U18/><E112/><V41/><F121/><W118/><G118/><T90/><D90/><U59/><E122/><V131/><F110/><W40/><G111/><T119/><D67/><U88/><E36/><V77/><F77/><W22/><G39/><T129/><D119/><U58/><E0/><V91/><F91/><W54/><G1/><T62/><D62/><U38/><E38/><V93/><F93/><W2/><G99/><T68/><D68/><U96/><E61/><V103/><F107/><W101/><G101/><T75/><D75/><U12/><E96/><V70/><F70/><W42/><REACH who="3" step="1"/><G30/><REACH who="3" ten="242,330,209,209" step="2"/><T7/><AGARI ba="0,1" hai="3,7,10,20,26,29,44,45,128,129,130" m="44279" machi="7" ten="40,1500,0" yaku="19,1" doraHai="13" who="0" fromWho="0" sc="242,25,330,-4,209,-4,209,-7" /><INIT seed="4,0,0,1,0,8" ten="267,326,205,202" oya="0" hai0="39,110,82,58,21,101,132,67,62,108,27,133,126" hai1="26,36,13,83,85,91,127,2,93,32,61,131,78" hai2="45,115,104,43,29,114,95,35,68,51,119,128,47" hai3="24,25,41,129,134,55,11,122,31,105,22,33,34"/><T123/><D123/><U52/><E2/><V98/><F128/><W94/><G105/><T120/><D120/><U65/><E36/><V70/><F104/><W54/><G122/><T100/><D39/><U23/><E131/><V90/><F119/><W79/><G129/><T57/><D82/><U42/><E127/><V4/><F35/><W10/><G134/><N who="0" m="51819" /><D58/><U28/><E42/><V96/><F29/><W50/><G79/><T97/><D126/><U135/><E135/><V87/><F4/><W111/><G111/><N who="0" m="42539" /><D97/><U53/><E83/><V40/><F98/><W1/><G1/><T107/><D107/><U75/><E78/><V14/><F96/><W49/><G94/><T92/><D92/><U46/><E75/><V102/><F102/><W18/><G41/><T113/><D113/><N who="2" m="43018" /><F14/><W5/><G5/><T80/><D80/><U38/><E38/><AGARI ba="0,0" hai="38,40,43,45,47,51,68,70,87,90,95" m="43018" machi="38" ten="30,1000,0" yaku="15,1" doraHai="8" who="2" fromWho="1" sc="267,0,326,-10,205,10,202,0" /><INIT seed="5,0,0,2,3,76" ten="267,316,215,202" oya="1" hai0="61,9,60,69,24,29,82,130,54,117,109,95,73" hai1="30,53,51,88,7,114,123,78,119,134,67,3,124" hai2="135,47,66,92,14,55,64,87,118,83,15,68,57" hai3="12,34,105,42,38,62,74,90,115,43,32,120,8"/><U112/><E119/><V18/><F118/><W131/><G120/><T39/><D117/><U2/><E123/><V21/><F135/><W99/><G115/><N who="1" m="44074" /><E134/><V19/><F68/><W36/><G131/><T80/><D39/><U81/><E124/><V94/><F47/><W126/><G126/><T25/><D109/><U49/><E67/><V41/><F41/><W125/><G125/><T22/><D130/><U122/><E122/><V89/><F66/><W4/><G74/><T20/><D69/><U75/><E30/><V17/><F64/><W116/><G116/><T31/><D73/><U27/><E27/><V93/><REACH who="2" step="1"/><F21/><REACH who="2" ten="267,316,205,202" step="2"/><W79/><G43/><T96/><D9/><U1/><E53/><V40/><F40/><W6/><G42/><T46/><D46/><U37/><E37/><V129/><F129/><W98/><G8/><T103/><D54/><U63/><E63/><AGARI ba="0,1" hai="14,15,17,18,19,55,57,63,83,87,89,92,93,94" machi="63" ten="40,5200,0" yaku="1,1,8,1,52,1,53,0" doraHai="76" doraHaiUra="28" who="2" fromWho="1" sc="267,0,316,-52,205,62,202,0" /><AGARI ba="0,0" hai="20,22,24,25,29,31,60,61,63,80,82,95,96,103" machi="63" ten="40,8000,1" yaku="9,1,8,1,52,2" doraHai="76" who="0" fromWho="1" sc="267,80,264,-80,267,0,202,0" /><INIT seed="6,0,0,0,2,27" ten="347,184,267,202" oya="2" hai0="105,14,6,91,61,120,133,98,8,40,97,72,84" hai1="48,34,44,50,24,95,18,0,108,78,13,58,129" hai2="122,22,51,80,107,47,75,16,60,92,119,66,59" hai3="5,45,55,90,31,11,32,81,89,128,115,118,104"/><V76/><F122/><W131/><G118/><T21/><D120/><U99/><E108/><V68/><F119/><W110/><G110/><T77/><D133/><U35/><E0/><V121/><F121/><W132/><G104/><T123/><D123/><U54/><E129/><N who="3" m="49738" /><G132/><T12/><D105/><U7/><E7/><V74/><F107/><W117/><G117/><T113/><D113/><U134/><E134/><V94/><F68/><W83/><G45/><T57/><D40/><U49/><E78/><V67/><F67/><W126/><G55/><T15/><D77/><U86/><E86/><V2/><F2/><N who="3" m="439" /><G126/><T46/><D46/><U127/><E127/><V33/><F33/><W19/><G19/><N who="0" m="10471" /><D72/><U125/><E125/><V1/><F1/><W85/><G115/><T56/><D15/><U63/><E44/><V71/><F71/><W43/><G43/><T28/><D56/><U64/><E64/><V79/><F79/><N who="3" m="46271" /><G83/><T29/><D98/><U73/><E73/><V100/><F100/><W3/><G3/><T30/><D97/><U37/><E37/><V130/><F75/><W53/><G53/><N who="0" m="33967" /><D84/><U42/><E42/><V10/><F130/><W41/><G41/><T87/><D87/><U112/><E112/><V4/><F47/><W82/><G82/><T38/><D38/><U101/><REACH who="1" step="1"/><E24/><AGARI ba="0,0" hai="24,31,32,89,90" m="46271,439,49738" machi="24" ten="30,2000,0" yaku="19,1,52,1" doraHai="27" who="3" fromWho="1" sc="347,0,184,-20,267,0,202,20" /><INIT seed="7,0,0,4,1,19" ten="347,164,267,222" oya="3" hai0="61,78,35,124,27,17,13,14,120,3,127,47,133" hai1="104,134,126,16,57,125,102,68,84,103,63,119,108" hai2="74,1,49,54,48,60,123,73,31,90,70,115,96" hai3="10,12,65,40,38,88,7,97,93,76,91,109,0"/><W121/><G121/><T98/><D120/><U41/><E108/><V36/><F36/><W105/><G109/><T114/><D3/><U112/><E68/><V72/><F1/><W33/><G33/><T56/><D133/><U129/><E41/><V79/><F79/><W100/><G76/><T25/><D114/><U46/><E46/><V8/><F31/><W92/><G65/><T71/><D71/><U66/><E112/><V69/><F8/><W2/><G40/><T5/><D78/><U26/><E134/><V34/><F34/><W94/><G38/><T28/><D5/><U42/><E42/><V62/><F73/><W89/><AGARI ba="0,0" hai="0,2,7,10,12,88,89,91,92,93,94,97,100,105" machi="89" ten="30,3000,0" yaku="0,1,54,1" doraHai="19" who="3" fromWho="3" sc="347,-10,164,-10,267,-10,222,30" /><INIT seed="7,1,0,2,0,110" ten="337,154,257,252" oya="3" hai0="72,91,128,28,26,30,24,17,15,73,0,86,11" hai1="32,3,87,41,76,48,22,67,132,126,34,65,35" hai2="88,20,100,124,27,115,6,121,25,57,84,62,95" hai3="99,61,71,29,56,66,105,90,119,40,63,127,21"/><W113/><G119/><T33/><D0/><U133/><E3/><V125/><F121/><W38/><G127/><N who="2" m="48713" /><F115/><W14/><G113/><T93/><D128/><U106/><E126/><V68/><F68/><W54/><G40/><T89/><D89/><U46/><E106/><V107/><F6/><W114/><G38/><T81/><D81/><U130/><E130/><V117/><F117/><W96/><G114/><T111/><D111/><U49/><E22/><AGARI ba="1,0" hai="11,15,17,22,24,26,28,30,33,72,73,86,91,93" machi="22" ten="30,1000,0" yaku="7,1" doraHai="110" who="0" fromWho="1" sc="337,13,154,-13,257,0,252,0" owari="350,45.0,141,-35.9,257,5.7,252,-14.8" /></mjloggm>