<mjloggm ver="2.3"><GO type="169" lobby="0"/><UN n0="%E3%82%86%E3%83%BC%E3%82%84%2E%74" n1="%6D%75%72%61%30%2B" n2="%EF%BC%AE%EF%BC%A1%EF%BC%AF%33%33%39" n3="%E8%B1%86%E3%83%80%E3%83%9E%E8%AD%A6%E5%AF%9F" dan="17,16,16,17" rate="2186.42,2129.71,2124.55,2178.99" sx="M,M,M,M"/><TAIKYOKU oya="0"/><INIT seed="0,0,0,5,5,25" ten="250,250,250,250" oya="0" hai0="28,135,39,123,54,32,128,87,97,27,0,118,91" hai1="69,43,88,77,102,34,76,109,100,110,71,48,47" hai2="22,126,31,23,42,63,133,81,70,56,78,11,44" hai3="45,120,38,90,73,98,92,24,41,74,86,115,125"/><T8/><D118/><U18/><E34/><V84/><F70/><N who="1" m="26633" /><E18/><V75/><F133/><W132/><G115/><T62/><D123/><U49/><E88/><V89/><F126/><W19/><G125/><T3/><D135/><U124/><E49/><V6/><F31/><W35/><G120/><T52/><D39/><U113/><E113/><V112/><F112/><W79/><G132/><T103/><D128/><U58/><E58/><V114/><F114/><W66/><G66/><T80/><D62/><U60/><E60/><V106/><F106/><W9/><G9/><T85/><D85/><U121/><E121/><V101/><F101/><N who="1" m="39017" /><E124/><V17/><F17/><W7/><G19/><T122/><D122/><U30/><E30/><V57/><F57/><W12/><G12/><T53/><REACH who="0" step="1"/><D8/><REACH who="0" ten="240,250,250,250" step="2"/><U94/><E48/><V127/><F127/><W16/><G86/><T61/><D61/><U55/><E110/><V111/><F111/><W107/><G74/><T68/><D68/><U65/><E109/><V116/><F116/><W36/><G36/><T67/><D67/><U108/><E65/><V4/><F11/><W131/><G73/><T1/><D1/><U99/><E108/><V117/><F117/><W95/><G131/><T14/><D14/><U2/><E2/><V37/><F75/><W119/><G38/><T46/><D46/><U59/><E47/><V72/><F63/><W93/><G45/><T134/><D134/><U20/><E59/><V10/><F56/><W51/><G119/><T104/><AGARI ba="0,1" hai="0,3,27,28,32,52,53,54,80,87,91,97,103,104" machi="104" ten="30,12000,1" yaku="1,1,0,1,52,1,54,1,53,1" doraHai="25" doraHaiUra="29" who="0" fromWho="0" sc="240,130,250,-40,250,-40,250,-40" /><INIT seed="0,1,0,2,2,21" ten="370,210,210,210" oya="0" hai0="80,46,96,109,82,56,117,114,4,68,53,15,97" hai1="89,31,130,22,86,55,6,72,64,126,122,19,40" hai2="27,99,102,104,51,23,100,14,115,69,118,119,76" hai3="75,101,65,112,54,111,7,88,123,77,32,43,49"/><T35/><D114/><U29/><E72/><V47/><F115/><W5/><G112/><T18/><D117/><U38/><E122/><V50/><F69/><W1/><G111/><T131/><D68/><U3/><E126/><V58/><F76/><W85/><G65/><T103/><D131/><U44/><E64/><V16/><F102/><W92/><G1/><T25/><D46/><U133/><E133/><V74/><F74/><W34/><G43/><T0/><D0/><U134/><E134/><V39/><F58/><W11/><G101/><T73/><D97/><U36/><E36/><V79/><F79/><W30/><G123/><T120/><D73/><U116/><E116/><N who="2" m="44587" /><F14/><W91/><G91/><T20/><D109/><U107/><E107/><V132/><F132/><W28/><G77/><T17/><D4/><U48/><E6/><V113/><F113/><W124/><G124/><T81/><D120/><U135/><E130/><V95/><F104/><W106/><G106/><T41/><D41/><AGARI ba="1,0" hai="16,23,27,39,41,47,50,51,95,99,100" m="44587" machi="41" ten="30,3900,0" yaku="12,1,52,1,54,1" doraHai="21" who="2" fromWho="0" sc="370,-42,210,0,210,42,210,0" /><INIT seed="1,0,0,2,2,109" ten="328,210,252,210" oya="1" hai0="14,115,25,40,44,30,63,27,65,88,67,51,12" hai1="26,97,15,60,55,87,4,5,85,130,75,52,70" hai2="47,126,53,107,64,112,19,74,102,39,116,132,89" hai3="56,83,73,134,119,95,46,101,122,111,135,54,78"/><U29/><E130/><V90/><F116/><W131/><G122/><T128/><D115/><U35/><E75/><V59/><F74/><W118/><G111/><T127/><D127/><U72/><E72/><V81/><F107/><W41/><G95/><T49/><D128/><U0/><E0/><V91/><F102/><W71/><G101/><T79/><D79/><U77/><E97/><V82/><F64/><W94/><G94/><T16/><D49/><U86/><E77/><V21/><F126/><W42/><G71/><T93/><D14/><U125/><E125/><V124/><F124/><W100/><G100/><T10/><D30/><U6/><REACH who="1" step="1"/><E15/><REACH who="1" ten="328,200,252,210" step="2"/><V33/><F132/><N who="3" m="50731" /><G131/><T121/><D121/><U9/><E9/><V13/><F13/><W36/><G41/><T37/><D10/><U48/><E48/><AGARI ba="0,1" hai="36,42,46,48,54,56,73,78,83,118,119" m="50731" machi="48" ten="30,1000,0" yaku="20,1" doraHai="109" who="3" fromWho="1" sc="328,0,200,-10,252,0,210,20" /><INIT seed="2,0,0,4,0,96" ten="328,190,252,230" oya="2" hai0="83,42,19,97,114,120,130,103,70,54,41,71,17" hai1="99,94,13,109,90,27,93,63,79,24,95,72,67" hai2="60,98,123,0,105,31,4,44,28,106,104,115,111" hai3="121,135,52,7,102,131,1,12,38,16,26,88,127"/><V39/><F115/><W112/><G121/><T55/><D120/><U116/><E109/><V65/><F123/><W75/><G75/><T48/><D114/><U74/><E116/><V25/><F31/><W87/><G112/><T128/><D83/><U80/><E74/><V126/><F111/><W43/><G127/><T29/><D29/><U36/><E36/><V134/><F126/><W124/><G124/><T23/><D70/><U76/><E76/><V47/><F134/><W30/><G131/><N who="0" m="50219" /><D71/><U81/><E13/><V110/><F110/><W118/><G43/><N who="0" m="16395" /><D48/><U117/><E117/><V56/><F39/><W86/><G38/><T73/><D73/><U37/><E37/><V85/><F85/><W77/><G135/><T57/><D57/><U101/><E81/><V69/><F56/><W59/><G118/><T132/><D19/><U53/><E53/><V34/><F47/><W84/><G77/><T18/><D17/><U10/><E10/><N who="2" m="2311" /><F44/><W46/><G46/><T14/><D132/><U133/><E133/><V22/><F22/><N who="3" m="15703" /><G1/><T108/><D108/><U33/><E33/><V15/><F15/><W100/><G7/><T62/><D62/><U5/><E5/><V107/><F107/><AGARI ba="0,0" hai="14,18,23,54,55,97,103,107" m="16395,50219" machi="107" ten="30,2000,0" yaku="19,1,52,1" doraHai="96" who="0" fromWho="2" sc="328,20,190,0,252,-20,230,0" /><INIT seed="3,0,0,2,5,125" ten="348,190,232,230" oya="3" hai0="60,45,86,131,62,75,83,5,104,88,130,38,100" hai1="61,113,54,48,120,8,27,94,63,19,34,15,51" hai2="115,28,69,92,31,25,67,99,13,52,119,10,124" hai3="55,53,22,9,132,49,30,133,85,56,82,66,18"/><W108/><G66/><T46/><D5/><U81/><E113/><V111/><F115/><W29/><G108/><T11/><D11/><U123/><E34/><V116/><F111/><W80/><G80/><T4/><D4/><U65/><E54/><V117/><F124/><W32/><G32/><T70/><D75/><U35/><E35/><V91/><F67/><W74/><G74/><T110/><D110/><U134/><E27/><V76/><F69/><W96/><G96/><N who="0" m="61447" /><D70/><U72/><E94/><V2/><F2/><W105/><G105/><T112/><D112/><U93/><E93/><V12/><F76/><W14/><G55/><T42/><D45/><U47/><E47/><V126/><F126/><W1/><G1/><T26/><D26/><U114/><E114/><V97/><F97/><W40/><G40/><T128/><AGARI ba="0,0" hai="38,42,46,60,62,83,86,88,128,130,131" m="61447" machi="128" ten="30,8000,1" yaku="19,1,52,3,54,1" doraHai="125" who="0" fromWho="0" sc="348,80,190,-20,232,-20,230,-40" /><INIT seed="4,0,0,5,1,62" ten="428,170,212,190" oya="0" hai0="127,61,55,15,24,115,111,56,32,86,101,4,8" hai1="93,116,134,69,121,105,65,45,71,38,67,20,132" hai2="103,122,17,128,125,2,97,100,73,43,14,22,96" hai3="106,18,36,126,102,23,33,21,52,34,81,63,64"/><T72/><D72/><U91/><E105/><V94/><F122/><W113/><G36/><T7/><D115/><U123/><E20/><V39/><F73/><W51/><G113/><T60/><D127/><U74/><E74/><V135/><F2/><W46/><G126/><T59/><D111/><U58/><E116/><V68/><F68/><W25/><G81/><T13/><D101/><U110/><E110/><V98/><F125/><W26/><G102/><T84/><D24/><U28/><E28/><V35/><F35/><W92/><G92/><T1/><D32/><U82/><E82/><V80/><F80/><W70/><REACH who="3" step="1"/><G106/><REACH who="3" ten="428,170,212,180" step="2"/><T77/><D77/><U0/><E123/><V87/><F103/><W79/><G79/><T66/><D1/><U57/><E0/><V16/><F100/><W29/><AGARI ba="0,1" hai="18,21,23,25,26,29,33,34,46,51,52,63,64,70" machi="29" ten="20,8000,1" yaku="1,1,0,1,7,1,52,1,54,1,53,0" doraHai="62" doraHaiUra="104" who="3" fromWho="3" sc="428,-40,170,-20,212,-20,180,90" /><INIT seed="5,0,0,2,3,74" ten="388,150,192,270" oya="1" hai0="97,51,100,63,113,18,31,78,92,114,27,129,60" hai1="34,109,49,5,125,88,35,103,83,108,40,58,1" hai2="32,87,128,56,122,85,126,17,121,96,70,120,93" hai3="19,48,79,0,80,22,135,69,115,10,73,106,112"/><U118/><E118/><V81/><F70/><W75/><G106/><T116/><D116/><U43/><E125/><V101/><F32/><W44/><G69/><T130/><D78/><U68/><E68/><V3/><F3/><W39/><G135/><T66/><D18/><U94/><E103/><V37/><F37/><W98/><G98/><T36/><D51/><U26/><E83/><V21/><F126/><W7/><G75/><T11/><D11/><N who="1" m="2479" /><E58/><V55/><F128/><N who="0" m="49258" /><D36/><U62/><E62/><N who="0" m="23593" /><D66/><U28/><E49/><V111/><F111/><N who="1" m="42569" /><E35/><AGARI ba="0,0" hai="27,31,35,92,97,100,113,114" m="23593,49258" machi="35" ten="30,1000,0" yaku="19,1" doraHai="74" who="0" fromWho="1" sc="388,10,150,-10,192,0,270,0" /><INIT seed="6,0,0,4,2,24" ten="398,140,192,270" oya="2" hai0="104,92,85,94,16,32,42,101,95,88,114,58,126" hai1="1,107,46,106,108,65,81,30,103,7,82,87,86" hai2="34,122,40,118,69,125,52,109,71,6,91,21,3" hai3="134,25,38,56,55,36,78,5,48,115,89,44,60"/><V97/><F34/><W79/><G134/><T64/><D32/><U57/><E108/><V135/><F40/><W72/><G5/><T100/><D104/><U10/><E103/><V74/><F74/><W31/><G115/><T123/><D123/><U47/><E65/><V33/><F33/><W128/><G128/><T76/><D76/><U63/><E63/><V9/><F122/><W127/><G127/><T73/><D73/><U105/><E57/><V14/><F118/><W116/><G116/><T130/><D114/><U67/><E67/><V102/><F91/><W35/><G79/><T111/><D111/><U50/><E50/><V129/><F109/><W0/><G0/><T29/><D29/><U49/><E49/><V77/><F77/><W23/><G35/><T54/><D64/><U61/><E61/><V59/><F135/><W80/><REACH who="3" step="1"/><G89/><REACH who="3" ten="398,140,192,260" step="2"/><T19/><D88/><U45/><REACH who="1" step="1"/><E30/><REACH who="1" ten="398,130,192,260" step="2"/><V120/><F120/><W113/><G113/><T112/><D112/><U26/><E26/><V37/><F129/><W8/><G8/><T43/><D130/><U18/><E18/><V75/><F9/><W12/><G12/><T39/><D16/><U119/><E119/><V84/><F14/><W132/><G132/><T90/><D19/><U66/><E66/><AGARI ba="0,2" hai="23,25,31,36,38,44,48,55,56,60,66,72,78,80" machi="66" ten="30,3900,0" yaku="1,1,7,1,52,1,53,0" doraHai="24" doraHaiUra="98" who="3" fromWho="1" sc="398,0,130,-39,192,0,260,59" /><INIT seed="7,0,0,3,4,42" ten="398,91,192,319" oya="3" hai0="69,134,51,6,66,95,35,116,30,68,0,22,128" hai1="109,120,106,62,24,54,67,4,115,33,39,72,77" hai2="32,3,34,18,43,71,57,15,38,31,11,81,17" hai3="28,29,19,23,64,9,70,1,124,10,49,7,16"/><W75/><G75/><T83/><D116/><U47/><E106/><V94/><F71/><W132/><G64/><T100/><D35/><U45/><E4/><V113/><F94/><W48/><G70/><T50/><D134/><U90/><E90/><V13/><F57/><W41/><G132/><T118/><D118/><U111/><E24/><V133/><F133/><W85/><G124/><T14/><D0/><U93/><E93/><V101/><F101/><W105/><G105/><T96/><D128/><U53/><E33/><V55/><F55/><W89/><G49/><T119/><D119/><U126/><E77/><V86/><F3/><W25/><G19/><T84/><D66/><U65/><E72/><V8/><F31/><W87/><G10/><N who="0" m="4439" /><D68/><U12/><E12/><V102/><F102/><W117/><G117/><T114/><D114/><U135/><E135/><V129/><F129/><W60/><G60/><T44/><D44/><U88/><E88/><V125/><F113/><W27/><G89/><N who="0" m="51359" /><D69/><U21/><E21/><V107/><F125/><W92/><G92/><T46/><D46/><U78/><E78/><V73/><F73/><W98/><G98/><T61/><D61/><U5/><E5/><V121/><F107/><W63/><G63/><T36/><D36/><U82/><E62/><V123/><F86/><W112/><G112/><T80/><D80/><U91/><E115/><V52/><F81/><W122/><G122/><T104/><D104/><U59/><E120/><V2/><F123/><W20/><G29/><T58/><D58/><U76/><E126/><V131/><F121/><RYUUKYOKU ba="0,0" sc="398,15,91,-15,192,-15,319,15" hai0="22,30,50,51,95,96,100" hai3="1,7,9,16,20,23,25,27,28,41,48,85,87" /><INIT seed="7,1,0,0,1,29" ten="413,76,177,334" oya="3" hai0="111,12,64,22,53,84,56,1,107,30,132,10,133" hai1="109,54,119,52,7,32,45,104,65,0,82,74,39" hai2="120,47,122,94,97,77,19,112,106,59,81,16,102" hai3="4,25,5,105,24,121,33,2,58,9,78,135,36"/><W72/><G121/><N who="2" m="46697" /><F112/><W31/><G58/><T26/><D111/><U6/><E119/><V86/><F59/><W95/><G95/><T110/><D110/><U88/><E109/><V125/><F125/><W18/><G105/><T35/><D107/><U11/><E104/><V60/><F60/><W75/><G78/><T40/><D1/><U23/><E65/><V42/><F106/><W79/><G79/><T83/><D64/><U41/><E7/><V98/><F98/><W34/><G36/><AGARI ba="1,0" hai="16,19,36,42,47,77,81,86,94,97,102" m="46697" machi="36" ten="30,2000,0" yaku="13,1,54,1" doraHai="29" who="2" fromWho="3" sc="413,0,76,0,177,23,334,-23" owari="413,51.3,76,-42.4,200,-20.0,311,11.1" /></mjloggm>