<mjloggm ver="2.3"><GO type="169" lobby="0"/><UN n0="%E6%96%B0%E6%89%8B%31%34%32%38%35%37" n1="%E6%A4%8D%E9%87%8E" n2="%E7%A0%B2%E5%A7%90%E5%A7%90" n3="%E6%99%AE%E9%9C%B2%E9%9C%B2" dan="16,16,16,16" rate="2123.03,2131.16,2112.87,2135.42" sx="M,M,F,M"/><TAIKYOKU oya="0"/><INIT seed="0,0,0,5,0,114" ten="250,250,250,250" oya="0" hai0="103,63,42,71,8,57,98,55,33,60,54,96,69" hai1="105,99,15,116,21,28,76,92,95,34,89,111,13" hai2="70,14,17,122,4,30,16,82,62,113,39,117,35" hai3="75,112,121,77,91,94,115,22,118,126,7,119,65"/><T26/><D8/><U108/><E105/><V68/><F113/><N who="3" m="43595" /><G7/><T87/><D87/><U132/><E34/><V24/><F39/><W86/><G22/><T129/><D129/><U128/><E76/><V48/><F122/><W27/><G27/><T20/><D42/><U32/><E32/><V85/><F117/><N who="3" m="44555" /><G65/><T78/><D78/><U72/><E128/><V61/><F48/><W79/><G126/><T101/><D33/><U29/><E116/><V3/><F3/><W5/><G5/><T104/><D55/><U9/><E21/><V74/><F74/><W11/><G11/><T1/><D63/><U73/><E9/><V134/><F4/><W53/><G53/><T36/><D36/><U0/><E73/><V31/><F35/><W52/><G52/><T110/><D1/><U83/><E72/><V135/><F14/><W51/><G51/><T58/><D58/><U45/><E15/><V107/><F24/><W120/><G79/><T64/><D54/><U46/><E13/><V49/><F49/><W38/><G38/><T19/><REACH who="0" step="1"/><D110/><REACH who="0" ten="240,250,250,250" step="2"/><U133/><E0/><V81/><F61/><W106/><G106/><AGARI ba="0,1" hai="19,20,26,57,60,64,69,71,96,98,101,103,104,106" machi="106" ten="30,11600,0" yaku="1,1,2,1,7,1,9,1,53,0" doraHai="114" doraHaiUra="131" who="0" fromWho="3" sc="240,126,250,0,250,0,250,-116" /><INIT seed="0,1,0,2,1,43" ten="366,250,250,134" oya="0" hai0="3,77,40,53,55,75,98,71,1,23,128,62,86" hai1="119,112,31,117,87,125,17,93,52,127,6,70,67" hai2="49,68,45,57,65,30,129,114,104,115,37,74,2" hai3="108,81,106,90,11,34,16,107,47,126,121,7,10"/><T35/><D35/><U50/><E112/><V84/><F74/><W94/><G108/><T89/><D128/><U116/><E31/><V88/><F129/><W102/><G126/><N who="1" m="48138" /><E6/><V28/><F104/><W46/><G34/><T15/><D75/><U130/><E130/><V32/><F2/><W39/><G39/><T59/><D77/><U20/><E67/><V19/><F19/><W9/><G7/><T100/><D71/><U22/><E70/><V24/><F30/><W14/><G107/><T97/><D40/><U38/><E38/><V85/><F85/><N who="3" m="50479" /><G106/><T105/><D98/><U132/><E132/><V124/><F124/><W131/><G121/><T36/><D36/><U8/><E8/><N who="3" m="3178" /><G131/><T4/><D4/><U118/><E118/><V101/><F37/><W58/><G58/><T41/><D1/><U133/><E133/><V95/><F68/><W56/><G56/><T25/><D3/><U0/><E0/><V26/><F24/><W123/><G123/><T96/><D25/><U48/><E17/><V103/><F114/><W5/><G5/><T51/><D59/><N who="1" m="33159" /><E50/><V120/><F115/><W12/><G12/><T64/><D15/><U79/><E93/><V69/><F120/><W83/><G83/><AGARI ba="1,0" hai="20,22,79,83,87,116,117,119" m="33159,48138" machi="83" ten="40,2600,0" yaku="18,1,54,1" doraHai="43" who="1" fromWho="3" sc="366,0,250,29,250,0,134,-29" /><INIT seed="1,0,0,0,5,69" ten="366,279,250,105" oya="1" hai0="75,130,114,108,98,15,101,45,35,60,116,39,40" hai1="68,62,57,81,31,53,96,14,22,2,66,126,105" hai2="32,52,73,76,112,54,33,85,59,123,127,100,23" hai3="26,18,133,6,119,71,99,107,19,106,79,97,121"/><U50/><E126/><V78/><F123/><W24/><G121/><T29/><D114/><U46/><E2/><V47/><F127/><W93/><G71/><T48/><D116/><U51/><E81/><V28/><F112/><W7/><G93/><T44/><D108/><U70/><E105/><V58/><F100/><W92/><G92/><T13/><D130/><U36/><E96/><V8/><F73/><W55/><G55/><T120/><D75/><U111/><E111/><V16/><F32/><W132/><REACH who="3" step="1"/><G79/><REACH who="3" ten="366,279,250,95" step="2"/><T27/><D120/><U64/><E70/><V131/><F78/><W84/><G84/><T30/><D60/><U89/><E68/><V109/><F85/><W10/><G10/><T103/><D103/><U91/><E66/><V21/><F76/><W0/><G0/><T9/><D9/><U77/><E77/><V110/><F8/><W65/><G65/><T86/><D86/><U25/><E64/><V4/><F109/><W67/><G67/><T63/><D63/><U80/><E62/><V49/><F110/><W12/><G12/><T34/><D101/><U74/><E14/><V117/><F117/><AGARI ba="0,1" hai="6,7,18,19,24,26,97,99,106,107,117,119,132,133" machi="117" ten="25,8000,1" yaku="1,1,22,2,53,2" doraHai="69" doraHaiUra="102" who="3" fromWho="2" sc="366,0,279,0,250,-80,95,90" /><INIT seed="2,0,0,2,2,91" ten="366,279,170,185" oya="2" hai0="55,53,102,122,26,54,125,85,47,57,82,18,105" hai1="134,100,46,28,6,118,38,107,110,123,94,42,115" hai2="121,23,113,72,50,69,87,109,67,68,15,5,7" hai3="70,1,81,33,22,35,12,73,20,108,41,74,14"/><V25/><F113/><W120/><G120/><T19/><D122/><U52/><E115/><V126/><F121/><W40/><G70/><T43/><D125/><U112/><E112/><V114/><F72/><W129/><G81/><T92/><D105/><U127/><E123/><V65/><F114/><W39/><G1/><T130/><D130/><U98/><E118/><V27/><F126/><W11/><G11/><T75/><D75/><U89/><E127/><V8/><F109/><W131/><REACH who="3" step="1"/><G39/><REACH who="3" ten="366,279,170,175" step="2"/><T29/><D82/><U103/><E38/><V63/><F69/><W96/><G96/><T24/><D57/><U79/><E98/><V80/><F67/><W37/><G37/><T0/><D0/><U117/><E110/><AGARI ba="0,1" hai="12,14,20,22,33,35,40,41,73,74,108,110,129,131" machi="110" ten="25,3200,0" yaku="1,1,22,2,53,0" doraHai="91" doraHaiUra="21" who="3" fromWho="1" sc="366,0,279,-32,170,0,175,42" /><INIT seed="3,0,0,4,0,100" ten="366,247,170,217" oya="3" hai0="18,42,25,28,47,30,36,124,75,84,58,93,85" hai1="44,86,37,31,111,69,135,101,72,29,122,19,98" hai2="119,114,132,0,16,129,116,125,74,110,5,115,105" hai3="54,68,45,79,6,51,121,97,39,55,57,65,23"/><W49/><G79/><T67/><D75/><U50/><E72/><V117/><F16/><W133/><G6/><T27/><D124/><U103/><E111/><V82/><F5/><W22/><G121/><T108/><D108/><U109/><E109/><V126/><F82/><W104/><G133/><T87/><D93/><U60/><E37/><V12/><F12/><W77/><G77/><T120/><D120/><U83/><E135/><V123/><F116/><W62/><REACH who="3" step="1"/><G39/><REACH who="3" ten="366,247,170,207" step="2"/><T80/><D36/><U33/><E122/><V91/><F119/><W8/><G8/><T113/><D113/><U81/><E31/><V78/><F115/><W106/><G106/><T53/><D30/><U21/><E29/><V41/><F78/><W20/><G20/><T10/><D28/><U134/><E21/><V71/><F125/><W130/><G130/><T89/><D10/><U34/><E134/><V127/><F127/><W118/><G118/><T4/><D4/><U15/><E34/><V1/><F126/><W17/><G17/><T94/><D18/><U128/><E33/><V2/><F117/><W64/><G64/><T112/><D67/><U59/><E128/><V3/><F129/><W40/><G40/><T43/><D42/><U11/><E11/><V102/><F110/><W56/><G56/><T35/><D58/><U73/><E59/><V9/><F123/><W32/><G32/><T7/><D43/><U24/><E19/><V95/><F132/><W76/><G76/><T96/><D35/><U48/><E73/><V46/><F74/><W66/><G66/><T92/><D112/><RYUUKYOKU ba="0,1" sc="366,-10,247,-10,170,-10,207,30" hai3="22,23,45,49,51,54,55,57,62,65,68,97,104" /><INIT seed="3,1,1,5,3,11" ten="356,237,160,237" oya="3" hai0="127,5,81,117,128,104,93,20,12,27,119,40,44" hai1="58,25,85,111,74,31,4,29,42,39,43,122,80" hai2="65,95,10,89,60,18,94,131,55,30,19,68,67" hai3="23,56,98,14,97,47,90,38,105,45,91,75,109"/><W79/><G75/><T120/><D120/><U118/><E74/><V124/><F124/><W110/><G79/><T129/><D104/><U107/><E122/><V92/><F131/><N who="0" m="50250" /><D93/><U35/><E111/><N who="3" m="42506" /><G56/><T61/><D61/><U86/><E107/><V54/><F30/><W101/><G97/><T17/><D81/><U72/><E31/><V0/><F67/><W32/><G32/><T114/><D127/><U123/><E80/><V64/><F64/><W78/><G78/><T3/><D114/><U106/><E35/><V135/><F135/><W50/><G38/><N who="0" m="21527" /><D3/><U53/><E39/><V103/><F103/><W48/><G48/><T1/><D1/><U115/><E115/><V96/><F92/><W63/><G63/><T34/><D34/><U51/><E106/><V70/><F95/><W73/><G73/><T7/><D27/><U116/><E25/><V88/><F70/><W84/><G84/><T126/><D126/><U13/><E86/><V52/><REACH who="2" step="1"/><F89/><REACH who="2" ten="356,237,150,237" step="2"/><N who="3" m="33803" /><G50/><T133/><D133/><U113/><E51/><V57/><F57/><W83/><G83/><T77/><D77/><U41/><E58/><V100/><F100/><W121/><G121/><T36/><D36/><U102/><E102/><V130/><F130/><W26/><G101/><T28/><D28/><U125/><E125/><V69/><F69/><W24/><G105/><T9/><D117/><U8/><E123/><V21/><F21/><W134/><G134/><T16/><D119/><U108/><E108/><V132/><F132/><W66/><G66/><T37/><D37/><U2/><E118/><V33/><F33/><RYUUKYOKU ba="1,2" sc="356,15,237,-15,150,15,237,-15" hai0="5,7,9,12,16,17,20" hai2="0,10,18,19,52,54,55,60,65,68,88,94,96" /><INIT seed="4,2,2,3,1,21" ten="371,222,165,222" oya="0" hai0="126,11,109,36,37,88,101,76,31,45,89,83,70" hai1="98,65,85,60,87,99,110,114,118,105,67,9,23" hai2="97,0,68,84,125,43,120,28,15,122,33,5,41" hai3="129,44,29,91,80,117,134,119,59,64,74,1,113"/><T46/><D70/><U94/><E118/><V128/><F68/><W112/><G1/><T127/><D101/><U133/><E110/><V26/><F125/><N who="0" m="47626" /><D109/><U32/><E133/><V63/><F128/><W58/><G129/><T3/><D31/><U25/><E32/><V12/><F84/><N who="3" m="50567" /><G74/><N who="0" m="43415" /><D45/><U95/><E114/><N who="3" m="44138" /><G134/><T106/><D106/><U8/><E105/><V73/><F73/><W48/><G29/><T107/><D107/><U49/><E49/><V24/><F63/><N who="3" m="38007" /><G59/><T86/><D46/><U20/><REACH who="1" step="1"/><E60/><REACH who="1" ten="371,212,165,222" step="2"/><V82/><F33/><W10/><G10/><T39/><D86/><U111/><E111/><V54/><F120/><W93/><G93/><T47/><D47/><U51/><E51/><V102/><F122/><W108/><G108/><T40/><D40/><AGARI ba="2,3" hai="40,44,48,117,119" m="38007,44138,50567" machi="40" ten="30,1000,0" yaku="15,1" doraHai="21" who="3" fromWho="0" sc="371,-16,212,0,165,0,222,46" /><INIT seed="5,0,0,2,4,134" ten="355,212,165,268" oya="1" hai0="118,30,9,46,92,34,72,73,129,114,70,63,62" hai1="39,69,40,15,117,84,124,57,90,25,83,115,100" hai2="65,101,87,43,107,79,104,6,126,19,99,119,82" hai3="88,21,74,98,122,16,55,26,3,28,109,44,2"/><U31/><E117/><V66/><F119/><W56/><G109/><T130/><D114/><U125/><E115/><V68/><F6/><W102/><G74/><T11/><D92/><U80/><E69/><V36/><F68/><W29/><G122/><T112/><D112/><U51/><E100/><V85/><F104/><W33/><G44/><T132/><D70/><U131/><E131/><V53/><F87/><W27/><G29/><T108/><D46/><U111/><E111/><V20/><F36/><W91/><G3/><T24/><D108/><U60/><E39/><V48/><F43/><W23/><G2/><T7/><D132/><U95/><E15/><V58/><REACH who="2" step="1"/><F126/><REACH who="2" ten="355,212,155,268" step="2"/><N who="1" m="48745" /><E40/><V10/><F10/><W49/><G33/><T93/><D11/><U61/><E51/><V135/><F135/><W110/><G110/><T120/><D118/><U59/><E61/><V94/><F94/><AGARI ba="0,1" hai="16,21,23,26,27,28,49,55,56,88,91,94,98,102" machi="94" ten="30,7700,0" yaku="7,1,8,1,54,2" doraHai="134" who="3" fromWho="2" sc="355,0,212,0,155,-77,268,87" /><INIT seed="6,0,0,1,5,132" ten="355,212,78,355" oya="2" hai0="55,51,1,121,131,102,101,79,10,28,11,118,57" hai1="90,18,119,73,68,126,47,113,86,38,13,29,31" hai2="12,72,120,37,128,122,5,85,114,24,110,134,43" hai3="62,129,116,109,80,96,107,127,67,56,20,88,63"/><V99/><F72/><W98/><G127/><T3/><D121/><U65/><E73/><V103/><F114/><W108/><G116/><T77/><D131/><U105/><E105/><V23/><F128/><W93/><G129/><T22/><D118/><U84/><E113/><V130/><F130/><W35/><G35/><T36/><D36/><U69/><E38/><V81/><F134/><W70/><G80/><T15/><D1/><U100/><E100/><N who="0" m="38505" /><D3/><U46/><E13/><V21/><F110/><W64/><G107/><T30/><D10/><U45/><E18/><V61/><F21/><W106/><G106/><T97/><D97/><U8/><E8/><V42/><F37/><W27/><REACH who="3" step="1"/><G96/><REACH who="3" ten="355,212,78,345" step="2"/><T48/><D22/><U40/><E126/><V0/><F120/><W83/><G83/><T7/><D51/><U60/><E119/><V111/><F122/><W49/><G49/><T16/><D7/><U123/><E123/><V124/><F111/><W14/><G14/><T117/><D117/><U59/><E60/><V104/><F0/><W75/><G75/><T44/><D44/><U25/><E47/><V76/><F124/><W92/><G92/><T71/><D71/><U91/><E46/><V87/><F85/><W33/><G33/><T17/><D17/><AGARI ba="0,1" hai="17,20,27,56,62,63,64,67,70,88,93,98,108,109" machi="17" ten="30,3900,0" yaku="1,1,7,1,54,1,53,0" doraHai="132" doraHaiUra="82" who="3" fromWho="0" sc="355,-39,212,0,78,0,345,49" /><INIT seed="7,0,0,2,5,135" ten="316,212,78,394" oya="3" hai0="50,55,29,36,22,93,75,118,51,94,79,53,107" hai1="28,70,132,8,77,88,61,45,46,116,24,126,60" hai2="124,56,43,67,130,49,34,134,121,57,1,66,131" hai3="105,31,23,115,35,18,10,80,109,92,122,27,6"/><W103/><G115/><T12/><D107/><U42/><E77/><V59/><F1/><W98/><G122/><T86/><D36/><U90/><E132/><V62/><F34/><W125/><G125/><T119/><D75/><U63/><E126/><V71/><F134/><W104/><G109/><T11/><D29/><U41/><E70/><V110/><F110/><W30/><G80/><T9/><D22/><N who="1" m="15383" /><E8/><V133/><F133/><W65/><G65/><T89/><D79/><U102/><E102/><V113/><F121/><W100/><G100/><T91/><D12/><U73/><E73/><V38/><F113/><W95/><G95/><T120/><REACH who="0" step="1"/><D120/><REACH who="0" ten="306,212,78,394" step="2"/><U16/><E116/><V82/><F82/><W48/><G30/><T85/><AGARI ba="0,1" hai="9,11,50,51,53,55,85,86,89,91,93,94,118,119" machi="85" ten="25,8000,1" yaku="1,1,2,1,0,1,22,2,53,0" doraHai="135" doraHaiUra="111" who="0" fromWho="0" sc="306,90,212,-20,78,-20,394,-40" owari="396,49.6,192,-20.8,58,-44.2,354,15.4" /></mjloggm>