<mjloggm ver="2.3"><GO type="169" lobby="0"/><UN n0="%E7%81%AB%E9%9C%8A%E5%A4%A2" n1="%6D%61%6A%75%6E%69%61" n2="%E3%82%A8%E3%83%B3%E3%82%B8%E3%82%A7%E3%83%AB%E3%82%A6%E3%82%A3%E3%82%AD" n3="%79%69%6E%6E%65%72%30%36" dan="16,16,16,17" rate="2163.20,2125.25,2098.02,2205.00" sx="M,M,M,F"/><TAIKYOKU oya="0"/><INIT seed="0,0,0,5,5,118" ten="250,250,250,250" oya="0" hai0="39,90,131,4,36,62,113,60,78,128,12,66,76" hai1="21,117,10,74,51,58,25,105,77,5,107,123,23" hai2="17,120,48,61,110,13,30,33,47,73,84,92,121" hai3="26,38,28,101,95,57,135,37,65,55,31,97,40"/><T46/><D113/><U71/><E117/><V100/><F110/><W9/><G135/><T108/><D108/><U64/><E71/><V86/><F73/><W59/><G40/><T124/><D4/><U111/><E111/><V1/><F1/><W20/><G31/><T96/><D12/><U53/><E64/><V85/><F61/><N who="3" m="38063" /><G9/><T75/><D75/><U7/><E23/><V87/><N who="2" m="21504" /><DORA hai="79" /><V116/><F116/><W109/><G109/><T19/><D19/><U0/><E123/><V24/><F92/><W132/><G132/><T83/><D124/><U54/><E5/><V43/><REACH who="2" step="1"/><F100/><REACH who="2" ten="250,250,240,250" step="2"/><W115/><G115/><T122/><D78/><U45/><E77/><V80/><F80/><W134/><G134/><T119/><D119/><U52/><E74/><V94/><F94/><W126/><G126/><T127/><D127/><U8/><E105/><V32/><F32/><W44/><G101/><T22/><D60/><U72/><E107/><V82/><F82/><W68/><G95/><N who="0" m="56439" /><D83/><U50/><E72/><V49/><F49/><W93/><G93/><T56/><D76/><U125/><E125/><V130/><F130/><W11/><G97/><T133/><D133/><U89/><E51/><V14/><F14/><W114/><G114/><T98/><D98/><U18/><E89/><V112/><F112/><W70/><G38/><T16/><D36/><U103/><E103/><V42/><F42/><W129/><G37/><T88/><D88/><U3/><E3/><V104/><F104/><W67/><G129/><T35/><D131/><U102/><E102/><V34/><F34/><RYUUKYOKU ba="0,1" sc="250,-10,250,-10,240,30,250,-10" hai2="13,17,24,30,33,43,47,48,120,121" /><INIT seed="1,1,1,4,0,96" ten="240,240,270,240" oya="1" hai0="37,113,32,70,49,129,16,97,68,93,87,90,63" hai1="116,27,119,25,107,65,42,56,84,75,39,71,22" hai2="43,66,51,130,108,62,117,48,82,8,133,98,67" hai3="135,103,58,101,57,23,91,83,80,104,74,29,13"/><U33/><E75/><V46/><F108/><W31/><G104/><T44/><D113/><U77/><E71/><V17/><F130/><W110/><G110/><T61/><D37/><U100/><E39/><V6/><F133/><W9/><G135/><T124/><D32/><U54/><E33/><V41/><F117/><W4/><G74/><T88/><D129/><U73/><E42/><V105/><F17/><W18/><G58/><T0/><D0/><U102/><E65/><V19/><F19/><W72/><G57/><T99/><D68/><U78/><E73/><V126/><F126/><W106/><G106/><T125/><D70/><U36/><E36/><V111/><F82/><N who="3" m="31275" /><G91/><T28/><D28/><N who="3" m="10825" /><G72/><T60/><D16/><U50/><E107/><V81/><F81/><W20/><G20/><T127/><REACH who="0" step="1"/><D90/><REACH who="0" ten="230,240,270,240" step="2"/><U15/><E116/><V121/><F111/><W21/><G21/><T92/><D92/><U64/><E22/><V24/><F105/><W86/><G23/><T52/><AGARI ba="1,2" hai="44,49,52,60,61,63,87,88,93,97,99,124,125,127" machi="52" ten="40,12000,2" yaku="1,1,0,1,18,1,54,2,53,2" doraHai="96" doraHaiUra="94" who="0" fromWho="0" sc="230,143,240,-61,270,-31,240,-31" /><INIT seed="2,0,0,3,5,76" ten="373,179,239,209" oya="2" hai0="85,92,36,51,61,75,84,105,62,119,120,15,26" hai1="102,125,98,24,128,14,124,28,63,74,89,90,3" hai2="29,45,73,57,58,69,52,32,6,103,134,2,16" hai3="130,66,46,123,79,72,37,107,9,56,96,25,65"/><V20/><F69/><W93/><G123/><T83/><D105/><U49/><E3/><V59/><F73/><W48/><G130/><T87/><D36/><U35/><E128/><V100/><F134/><W116/><G116/><T126/><D120/><U22/><E74/><V12/><F32/><W118/><G107/><T43/><D126/><U1/><E1/><V30/><F6/><W70/><G70/><T34/><D75/><U41/><E63/><N who="0" m="24073" /><D34/><U91/><E14/><V99/><F2/><W88/><G37/><T42/><D26/><U44/><REACH who="1" step="1"/><E35/><REACH who="1" ten="373,169,239,209" step="2"/><V53/><F45/><W131/><G131/><T5/><D15/><U31/><E31/><N who="2" m="11787" /><F99/><W50/><G72/><T11/><D119/><U113/><E113/><V111/><F111/><W114/><G118/><T104/><D5/><U112/><E112/><V109/><F109/><W54/><G114/><T10/><D10/><U33/><E33/><V97/><F97/><W127/><G9/><T117/><D11/><U7/><E7/><V39/><F39/><W0/><G0/><T129/><D117/><U71/><E71/><V55/><AGARI ba="0,1" hai="12,16,20,52,53,55,57,58,59,100,103" m="11787" machi="55" ten="40,7800,0" yaku="8,1,54,2" doraHai="76" who="2" fromWho="2" sc="373,-26,169,-26,239,88,209,-26" /><INIT seed="2,1,0,1,3,17" ten="347,143,327,183" oya="2" hai0="26,10,114,9,31,72,99,93,88,64,28,124,90" hai1="19,1,76,81,132,106,24,78,13,42,121,39,85" hai2="44,75,129,71,131,74,2,115,119,134,80,32,77" hai3="60,92,57,34,0,87,66,46,47,3,14,65,63"/><V20/><F115/><W84/><G34/><T95/><D114/><U86/><E1/><V52/><F32/><W51/><G14/><T94/><D72/><U21/><E106/><V98/><F71/><W55/><G46/><T61/><D124/><U122/><E132/><V7/><F119/><W133/><G133/><T11/><D26/><U59/><E59/><V18/><F134/><W62/><G62/><T104/><D104/><U110/><E110/><V22/><F18/><W54/><G54/><T83/><D83/><U25/><E42/><V50/><F75/><W40/><G40/><T29/><REACH who="0" step="1"/><D99/><REACH who="0" ten="337,143,327,183" step="2"/><U45/><E121/><V56/><F98/><W116/><G116/><T103/><D103/><U53/><E81/><V68/><F68/><AGARI ba="1,1" hai="9,10,11,28,29,31,61,64,68,88,90,93,94,95" machi="68" ten="50,8000,1" yaku="1,1,29,2,54,1,53,0" doraHai="17" doraHaiUra="108" who="0" fromWho="2" sc="337,93,143,0,327,-83,183,0" /><INIT seed="3,0,0,4,2,125" ten="430,143,244,183" oya="3" hai0="37,104,91,92,85,134,36,84,88,124,132,110,59" hai1="45,131,83,42,55,102,8,118,26,103,97,105,82" hai2="122,40,57,87,76,28,20,130,0,128,75,14,65" hai3="95,30,47,3,44,54,66,101,67,108,7,12,49"/><W4/><G3/><T90/><D104/><U5/><E118/><V10/><F75/><W78/><G78/><T48/><D124/><U43/><E103/><V17/><F40/><W72/><G72/><T63/><D48/><U111/><E111/><V39/><F39/><W116/><G116/><T58/><D110/><U89/><E55/><V70/><F70/><W96/><G108/><T107/><D107/><U62/><E62/><V112/><F112/><W50/><G30/><T60/><D91/><U16/><E89/><V119/><F119/><W126/><G126/><T98/><D92/><U29/><E43/><V74/><F74/><W120/><G120/><T123/><D98/><U71/><E131/><N who="2" m="50219" /><F122/><AGARI ba="0,0" hai="36,37,58,59,60,63,84,85,88,90,122,123,132,134" machi="122" ten="25,3200,0" yaku="22,2,54,1" doraHai="125" who="0" fromWho="2" sc="430,32,143,0,244,-32,183,0" /><INIT seed="4,0,0,5,2,46" ten="462,143,212,183" oya="0" hai0="122,47,78,28,92,61,19,106,34,82,103,49,91" hai1="57,16,44,102,135,110,86,6,70,125,127,23,90" hai2="9,76,12,52,123,33,4,21,5,113,11,60,22" hai3="131,71,98,115,54,67,133,15,118,62,37,7,69"/><T132/><D122/><U63/><E70/><V68/><F123/><W20/><G118/><T17/><D132/><U45/><E110/><V109/><F109/><W89/><G133/><T64/><D34/><U59/><E135/><V0/><F33/><W99/><G37/><T134/><D28/><U72/><E72/><V124/><F124/><N who="1" m="47689" /><E102/><V10/><F10/><W14/><G131/><T121/><D121/><U25/><E6/><V53/><F113/><W97/><G69/><T73/><D103/><U96/><E59/><V3/><F76/><W36/><G115/><T108/><D106/><U1/><E1/><V94/><F94/><W129/><G129/><T32/><D32/><U105/><E96/><V95/><F95/><W75/><G75/><T88/><D91/><U77/><E77/><V18/><REACH who="2" step="1"/><F21/><REACH who="2" ten="462,143,202,183" step="2"/><W83/><G20/><T13/><D108/><U81/><E105/><V101/><F101/><W84/><G7/><T39/><D78/><U42/><E42/><V43/><F43/><W107/><G107/><T51/><D92/><U104/><E104/><V80/><F80/><W112/><G112/><T93/><D82/><U2/><E2/><V40/><F40/><W24/><G83/><T41/><D93/><U111/><E111/><V116/><F116/><W26/><G89/><T85/><D88/><U117/><E117/><V114/><F114/><W8/><G98/><T58/><D41/><U48/><E63/><V66/><AGARI ba="0,1" hai="0,3,4,5,9,11,12,18,22,52,53,60,66,68" machi="66" ten="30,12000,2" yaku="1,1,0,1,9,1,54,1,53,2" doraHai="46" doraHaiUra="50" who="2" fromWho="2" sc="462,-60,143,-30,202,130,183,-30" /><INIT seed="5,0,0,1,4,14" ten="402,113,332,153" oya="1" hai0="76,29,34,41,135,26,128,103,71,2,36,57,17" hai1="99,134,75,11,81,50,30,105,59,18,108,27,88" hai2="130,37,121,22,6,49,21,24,5,58,115,60,0" hai3="68,25,98,79,120,73,55,109,61,56,63,92,72"/><U86/><E108/><V96/><F37/><W90/><G109/><T122/><D2/><U133/><E75/><V62/><F121/><W102/><G120/><T65/><D122/><U93/><E105/><V40/><F0/><W97/><G79/><T66/><D71/><U78/><E59/><V84/><F130/><W126/><G126/><T13/><D128/><U4/><E50/><V45/><F62/><W35/><G35/><T67/><D135/><U23/><REACH who="1" step="1"/><E30/><REACH who="1" ten="402,103,332,153" step="2"/><V3/><F58/><W20/><G68/><T51/><D57/><U123/><E123/><V38/><F49/><W117/><G63/><T10/><D51/><U80/><E80/><V48/><F48/><W70/><G70/><T94/><D29/><U64/><E64/><V8/><F60/><W69/><G69/><T89/><D66/><U100/><E100/><V74/><F74/><W16/><G117/><T43/><D103/><U46/><E46/><V127/><F45/><W7/><G7/><T119/><D65/><U77/><E77/><V9/><F5/><W85/><REACH who="3" step="1"/><G98/><REACH who="3" ten="402,103,332,143" step="2"/><T32/><D76/><U44/><E44/><N who="2" m="23575" /><F96/><W53/><G53/><T113/><D67/><U33/><E33/><V112/><F6/><W125/><G125/><T42/><D32/><U12/><AGARI ba="0,2" hai="4,11,12,18,23,27,78,81,86,88,93,99,133,134" machi="12" ten="30,11700,0" yaku="1,1,0,1,52,1,54,1,53,0" doraHai="14" doraHaiUra="118" who="1" fromWho="1" sc="402,-39,103,137,332,-39,143,-39" /><INIT seed="5,1,0,1,4,3" ten="363,240,293,104" oya="1" hai0="103,65,121,95,87,29,31,41,48,14,63,7,92" hai1="43,60,81,132,1,19,39,75,94,74,0,97,54" hai2="123,59,120,52,76,72,71,126,27,10,6,49,8" hai3="11,9,96,116,129,5,130,89,127,122,119,128,68"/><U42/><E132/><V134/><F71/><W30/><G68/><T88/><D121/><U21/><E74/><V15/><F134/><W46/><G46/><N who="0" m="25679" /><D65/><U16/><E39/><V67/><F67/><W40/><G40/><T26/><D63/><U111/><E111/><V55/><F126/><W118/><G122/><T82/><D26/><N who="1" m="14631" /><E0/><V61/><F27/><W2/><G30/><N who="0" m="11275" /><D103/><U70/><E1/><V108/><F108/><W131/><N who="3" m="32768" /><DORA hai="4" /><W86/><G11/><AGARI ba="1,0" hai="7,11,14,82,87,88,92,95" m="11275,25679" machi="11" ten="30,7700,0" yaku="8,1,52,2,54,1" doraHai="3,4" who="0" fromWho="3" sc="363,80,240,0,293,0,104,-80" /><INIT seed="6,0,0,2,4,125" ten="443,240,293,24" oya="2" hai0="111,67,15,8,68,57,77,62,36,19,86,29,0" hai1="22,116,95,66,121,112,4,12,26,84,105,129,44" hai2="11,90,119,10,21,43,75,51,126,60,72,76,25" hai3="3,118,108,93,14,107,9,33,130,2,39,79,88"/><V96/><F119/><W28/><G118/><T110/><D36/><U103/><E116/><V38/><F126/><W89/><G108/><T55/><D29/><U92/><E112/><V56/><F38/><W42/><G107/><T102/><D102/><U71/><E121/><V78/><F72/><W100/><G79/><N who="2" m="30249" /><F75/><W131/><G100/><T52/><D0/><U91/><E44/><N who="2" m="26015" /><F90/><W85/><G89/><T24/><D24/><U54/><E105/><V120/><F96/><W69/><G69/><T115/><D115/><U45/><E103/><V27/><F120/><W97/><G97/><T114/><D114/><U40/><E54/><N who="2" m="33815" /><F27/><N who="3" m="18591" /><G42/><T113/><D113/><U63/><E95/><V47/><F47/><W81/><G39/><T32/><D32/><U74/><E74/><V132/><F132/><W13/><G93/><T101/><D101/><U58/><E45/><V94/><F94/><W128/><G14/><T123/><D123/><U18/><E71/><V82/><F82/><W30/><G30/><AGARI ba="0,0" hai="10,11,21,25,30" m="33815,26015,30249" machi="30" ten="30,1500,0" yaku="8,1" doraHai="125" who="2" fromWho="3" sc="443,0,240,0,293,15,24,-15" /><INIT seed="6,1,0,1,5,27" ten="443,240,308,9" oya="2" hai0="111,86,91,100,70,24,31,95,102,32,25,19,89" hai1="130,99,84,41,34,49,1,13,72,37,129,107,58" hai2="108,38,122,47,106,93,21,60,126,51,76,94,68" hai3="20,110,26,69,8,83,4,44,61,131,12,64,17"/><V101/><F122/><W15/><G131/><T113/><D111/><U104/><E1/><V42/><F108/><W90/><G110/><T36/><D36/><U117/><E72/><V80/><F126/><W46/><G83/><T116/><D70/><U9/><E117/><V10/><F106/><W40/><G90/><T52/><D116/><U18/><E34/><V125/><F125/><W97/><G97/><T22/><D113/><U105/><E99/><V96/><F93/><W5/><G40/><T33/><D33/><U73/><E73/><V7/><F68/><W135/><G135/><T120/><D120/><U74/><E74/><V121/><F121/><W85/><G85/><T2/><D2/><U132/><E84/><V87/><F60/><W23/><G4/><T57/><D91/><U134/><E37/><V78/><F21/><W43/><G43/><T56/><D56/><U124/><E124/><V65/><F65/><W53/><G53/><T114/><D114/><U82/><E82/><V128/><F128/><N who="1" m="49257" /><E58/><V28/><F38/><W123/><G123/><T127/><D127/><U81/><E81/><V30/><REACH who="2" step="1"/><F78/><REACH who="2" ten="443,240,298,9" step="2"/><W118/><G118/><T71/><D71/><U39/><E39/><V59/><F59/><W54/><G54/><T66/><D66/><U112/><E112/><V3/><AGARI ba="1,1" hai="3,7,10,28,30,42,47,51,76,80,87,94,96,101" machi="3" ten="20,12000,1" yaku="1,1,0,1,7,1,52,2,53,0" doraHai="27" doraHaiUra="67" who="2" fromWho="2" sc="443,-41,240,-41,298,133,9,-41" owari="402,20.2,199,-20.1,431,53.1,-32,-53.2" /></mjloggm>