<mjloggm ver="2.3"><GO type="169" lobby="0"/><UN n0="%E5%A0%B4%E6%B3%81%E5%8E%A8" n1="%E4%B9%85%E4%BF%9D%E3%82%B7%E3%82%AA%E3%83%AA" n2="%59%75%49%74%6F" n3="%E4%BF%BA%E3%81%A7%E3%81%99" dan="17,16,16,16" rate="2190.56,2021.98,2069.84,2094.34" sx="F,M,M,M"/><TAIKYOKU oya="0"/><INIT seed="0,0,0,4,5,13" ten="250,250,250,250" oya="0" hai0="79,109,111,120,84,105,1,61,85,43,82,75,98" hai1="45,119,132,28,34,128,44,101,57,0,32,135,80" hai2="24,123,117,104,59,91,106,133,86,35,89,39,87" hai3="22,41,67,88,83,55,95,93,129,118,54,27,103"/><T48/><D1/><U14/><E119/><V96/><F123/><W31/><G118/><T130/><D61/><U66/><E0/><V90/><F133/><W102/><G129/><T18/><D18/><U124/><E128/><V46/><F117/><W11/><G41/><T110/><D130/><U125/><E14/><V63/><F46/><N who="1" m="18025" /><E80/><V64/><F39/><W114/><G114/><T121/><D48/><U78/><E57/><V38/><F38/><W19/><G67/><T56/><D56/><U3/><E3/><V65/><F65/><W40/><G40/><T99/><D43/><U134/><E66/><V60/><F60/><W26/><G83/><T15/><D15/><U17/><E28/><V107/><F96/><N who="0" m="36906" /><D105/><U2/><E101/><N who="3" m="38410" /><G11/><T81/><D75/><U108/><E2/><V30/><AGARI ba="0,0" hai="24,30,35,59,63,64,86,87,89,90,91,104,106,107" machi="30" ten="40,1500,0" yaku="0,1" doraHai="13" who="2" fromWho="2" sc="250,-7,250,-4,250,15,250,-4" /><INIT seed="1,0,0,0,1,8" ten="243,246,265,246" oya="1" hai0="60,5,74,16,134,81,4,121,56,135,10,76,22" hai1="17,15,7,78,96,107,19,108,110,46,100,13,64" hai2="20,61,122,91,127,125,49,35,70,63,42,128,44" hai3="77,117,84,104,67,14,48,95,85,119,73,94,53"/><U41/><E64/><V2/><F35/><W26/><G104/><T40/><D40/><U62/><E62/><V83/><F2/><W88/><G67/><T28/><D28/><U34/><E78/><V31/><F122/><W12/><G73/><T25/><D121/><U43/><E34/><V115/><F128/><W133/><G133/><N who="0" m="50699" /><D10/><U1/><E1/><V58/><F70/><W80/><G26/><T111/><D111/><N who="1" m="42539" /><E7/><V55/><F63/><W131/><G131/><T126/><D126/><U114/><E114/><V47/><F115/><W99/><G119/><T118/><D118/><U38/><E41/><V54/><F83/><W23/><G23/><T33/><D33/><U105/><E105/><V21/><F91/><N who="3" m="55775" /><G117/><T79/><D79/><U30/><E30/><V57/><F31/><W89/><G89/><T72/><D72/><U68/><E68/><V27/><F42/><W82/><G82/><T45/><D45/><AGARI ba="0,0" hai="12,14,45,48,53,77,80,84,85,88,95" m="55775" machi="45" ten="30,7700,0" yaku="8,1,52,2,54,1" doraHai="8" who="3" fromWho="0" sc="243,-77,246,0,265,0,246,77" /><INIT seed="2,0,0,3,0,34" ten="166,246,265,323" oya="2" hai0="27,12,49,71,29,91,54,11,63,25,69,94,107" hai1="56,36,135,82,101,65,20,80,122,53,133,41,37" hai2="61,116,39,30,129,16,6,89,106,104,57,62,88" hai3="59,111,0,15,38,90,7,79,24,108,31,60,117"/><V70/><F116/><W46/><G117/><T81/><D107/><U14/><E101/><V114/><F114/><W93/><G79/><T110/><D110/><N who="3" m="42025" /><G15/><T112/><D112/><U109/><E109/><V128/><F39/><W13/><G13/><T85/><D94/><U43/><E20/><V75/><F75/><W86/><G7/><T44/><D63/><U74/><E14/><V19/><F30/><W2/><G46/><T125/><D125/><U78/><E122/><V113/><F113/><W99/><G86/><T33/><REACH who="0" step="1"/><D27/><REACH who="0" ten="156,246,265,323" step="2"/><U45/><E65/><V52/><F6/><AGARI ba="0,1" hai="6,11,12,25,29,33,44,49,54,69,71,81,85,91" machi="6" ten="30,3900,0" yaku="1,1,2,1,7,1,53,0" doraHai="34" doraHaiUra="124" who="0" fromWho="2" sc="156,49,246,0,265,-39,323,0" /><INIT seed="3,0,0,4,5,89" ten="205,246,226,323" oya="3" hai0="29,103,10,133,51,98,71,1,44,68,70,75,56" hai1="58,109,93,26,112,80,46,0,5,114,7,11,18" hai2="130,85,129,64,2,32,55,49,76,63,125,92,23" hai3="116,54,78,65,30,67,34,86,60,104,33,100,99"/><W94/><G116/><T62/><D75/><U110/><E46/><V105/><F105/><W42/><G42/><T113/><D133/><U35/><E58/><V3/><F32/><W15/><G54/><T14/><D1/><U43/><E43/><V119/><F119/><W47/><G47/><T41/><D29/><N who="1" m="19895" /><E93/><V72/><F125/><W48/><G48/><T123/><D123/><U19/><E80/><V102/><F23/><W97/><G15/><T9/><D113/><N who="1" m="43627" /><E7/><V96/><F72/><W126/><G126/><T61/><D14/><U118/><E118/><V79/><F79/><W50/><G50/><T135/><D135/><U128/><E128/><N who="2" m="49259" /><F49/><W91/><G67/><T28/><D28/><U95/><E95/><N who="2" m="58655" /><F55/><W74/><G99/><T59/><D62/><U31/><E31/><V131/><F131/><W21/><G78/><T111/><D56/><U134/><E134/><V16/><F16/><AGARI ba="0,0" hai="0,5,11,16,18,19,109,110" m="43627,19895" machi="16" ten="30,3900,0" yaku="34,2,54,1" doraHai="89" who="1" fromWho="2" sc="205,0,246,39,226,-39,323,0" /><INIT seed="4,0,0,4,0,28" ten="205,285,187,323" oya="0" hai0="113,60,80,66,37,122,116,64,35,52,25,73,41" hai1="118,0,75,55,20,96,5,81,108,124,131,126,114" hai2="121,70,71,92,59,23,132,133,57,19,104,112,135" hai3="110,82,115,11,69,128,65,22,93,130,107,17,56"/><T109/><D113/><U120/><E120/><V119/><F121/><W68/><G107/><T27/><D122/><U15/><E75/><V91/><F112/><W13/><G110/><T127/><D109/><U123/><E123/><V14/><F104/><W31/><G115/><T47/><D116/><U88/><E108/><V102/><F102/><W45/><G45/><T36/><D36/><U32/><E114/><V78/><F78/><W67/><G93/><T53/><D127/><N who="1" m="48683" /><E131/><N who="3" m="50218" /><G82/><T48/><D66/><N who="3" m="25097" /><G56/><T87/><D73/><U90/><E0/><V50/><F119/><W54/><G54/><T51/><D37/><U125/><E81/><V24/><F24/><AGARI ba="0,0" hai="11,13,17,22,24,31,68,69" m="25097,50218" machi="24" ten="30,1000,0" yaku="19,1" doraHai="28" who="3" fromWho="2" sc="205,0,285,0,187,-10,323,10" /><INIT seed="5,0,0,3,2,113" ten="205,285,177,333" oya="1" hai0="103,70,26,25,41,87,13,36,1,127,44,7,124" hai1="86,88,84,67,49,80,75,27,32,5,42,9,28" hai2="100,73,16,101,74,21,50,104,132,6,108,19,18" hai3="119,89,69,62,3,55,105,40,37,56,43,109,10"/><U122/><E122/><V114/><F108/><W22/><G109/><T15/><D70/><U65/><E75/><V96/><F114/><W95/><G105/><T123/><D123/><U45/><REACH who="1" step="1"/><E84/><REACH who="1" ten="205,275,177,333" step="2"/><V59/><F74/><W58/><G119/><T38/><D87/><U93/><E93/><V12/><F73/><W24/><G95/><T129/><D127/><U98/><E98/><V91/><F96/><W117/><G117/><T134/><D124/><U71/><E71/><V11/><F104/><W112/><G69/><T30/><D103/><U135/><E135/><V52/><F132/><W33/><G112/><T68/><D68/><U60/><E60/><V120/><F120/><W0/><G62/><T66/><D134/><U29/><E29/><V63/><F101/><W107/><G107/><T111/><D30/><U2/><AGARI ba="0,1" hai="2,5,9,27,28,32,42,45,49,65,67,80,86,88" machi="2" ten="20,7800,0" yaku="1,1,0,1,7,1,54,1,53,0" doraHai="113" doraHaiUra="57" who="1" fromWho="1" sc="205,-26,275,88,177,-26,333,-26" /><INIT seed="5,1,0,1,3,17" ten="179,363,151,307" oya="1" hai0="48,114,103,122,11,73,24,96,31,128,88,126,109" hai1="63,26,55,62,76,15,59,133,49,58,84,65,104" hai2="56,6,8,57,124,80,10,130,101,86,42,135,40" hai3="64,50,45,33,0,14,44,94,12,34,25,98,22"/><U81/><E104/><V32/><F124/><W106/><G0/><T13/><D73/><U125/><E125/><V112/><F135/><W38/><G106/><T74/><D74/><U20/><E15/><V67/><F130/><W23/><G64/><T78/><D78/><U110/><E133/><V102/><F32/><W16/><G38/><T77/><D77/><U70/><E110/><V120/><F120/><W39/><G39/><T95/><D126/><U82/><E82/><V123/><F123/><W85/><G85/><T61/><D122/><U30/><REACH who="1" step="1"/><E62/><REACH who="1" ten="179,353,151,307" step="2"/><V54/><F80/><W87/><G12/><T92/><D109/><U21/><E21/><V35/><F35/><W75/><G34/><T52/><D61/><U93/><E93/><V108/><F108/><W97/><G33/><T46/><D128/><U5/><E5/><V107/><F6/><W27/><G27/><T68/><D24/><U79/><E79/><V51/><F107/><W53/><G75/><T28/><D95/><U83/><E83/><V111/><F8/><W131/><G131/><T37/><D92/><U115/><E115/><V117/><F10/><W90/><REACH who="3" step="1"/><G44/><AGARI ba="1,1" hai="20,26,30,44,49,55,58,59,63,65,70,76,81,84" machi="44" ten="30,5800,0" yaku="1,1,7,1,52,1,53,0" doraHai="17" doraHaiUra="127" who="1" fromWho="3" sc="179,0,353,71,151,0,307,-61" /><INIT seed="5,2,0,2,3,14" ten="179,424,151,246" oya="1" hai0="82,135,87,101,78,45,15,47,44,113,130,109,16" hai1="89,67,79,48,53,9,85,46,114,63,5,6,128" hai2="1,70,20,103,51,125,134,132,11,0,73,56,68" hai3="64,41,112,86,94,35,129,34,62,50,25,61,88"/><U32/><E114/><V84/><F73/><W77/><G112/><T105/><D113/><U54/><E54/><V121/><F121/><W40/><G129/><T126/><D130/><U106/><E32/><V72/><F72/><W2/><G2/><T116/><D109/><U39/><E39/><V55/><F125/><W43/><G50/><T27/><D126/><U30/><E30/><V119/><F119/><W12/><G77/><T13/><D135/><N who="2" m="51754" /><F103/><W69/><G25/><T7/><D116/><U18/><E106/><V91/><F20/><W111/><G111/><T90/><D101/><U99/><E99/><V24/><F24/><W10/><REACH who="3" step="1"/><G62/><REACH who="3" ten="179,424,151,236" step="2"/><T110/><D110/><U107/><E79/><V28/><F0/><W42/><N who="3" m="10240" /><DORA hai="127" /><W117/><G117/><T123/><D27/><U92/><E63/><V80/><F28/><W22/><G22/><T131/><D131/><U124/><E124/><V66/><F1/><W115/><G115/><T81/><D78/><U108/><E108/><V29/><F29/><W52/><G52/><T98/><D44/><U58/><E46/><V104/><F51/><W93/><G93/><T71/><D45/><U21/><E21/><V133/><F55/><W65/><G65/><T31/><D47/><U33/><E128/><V3/><F66/><W74/><G74/><T17/><D105/><U4/><E107/><V23/><F104/><W76/><G76/><T36/><D81/><N who="1" m="49327" /><E48/><V96/><F23/><W60/><G60/><T26/><D82/><U75/><E75/><V100/><F133/><W97/><G97/><T102/><D98/><RYUUKYOKU ba="2,1" sc="179,-10,424,-10,151,-10,236,30" hai3="10,12,34,35,61,64,69,86,88,94" /><INIT seed="6,3,1,1,4,93" ten="169,414,141,266" oya="2" hai0="81,44,59,106,39,126,10,129,111,100,82,76,113" hai1="2,72,27,84,11,42,5,95,133,135,56,65,40" hai2="128,122,123,134,79,105,66,21,60,32,13,74,98" hai3="117,33,19,90,67,53,43,103,87,3,20,120,47"/><V36/><F32/><W9/><G117/><T64/><D111/><U115/><E115/><V31/><F36/><W46/><G120/><T58/><D113/><U91/><E72/><V112/><F112/><W48/><G67/><T18/><D129/><U70/><E70/><V24/><F128/><W119/><G33/><T99/><D126/><U30/><E56/><V1/><F1/><W62/><G119/><T49/><D39/><U23/><E65/><V68/><F13/><W73/><G73/><T124/><D124/><U16/><E30/><V57/><F134/><AGARI ba="3,1" hai="2,5,11,16,23,27,40,42,84,91,95,133,134,135" machi="134" ten="40,2600,0" yaku="20,1,54,1" doraHai="93" who="1" fromWho="2" sc="169,0,414,45,141,-35,266,0" /><INIT seed="7,0,0,3,5,88" ten="169,459,106,266" oya="3" hai0="71,42,96,50,5,98,111,77,118,51,104,132,78" hai1="8,82,54,119,29,19,38,120,70,108,40,55,128" hai2="66,110,117,34,41,14,75,67,133,127,74,97,115" hai3="124,83,2,105,68,48,102,26,49,45,89,126,60"/><W56/><G2/><T44/><D71/><U57/><E70/><V20/><F117/><W76/><G68/><T114/><D111/><U32/><E32/><V11/><F110/><W79/><G89/><T4/><D118/><U59/><E29/><V94/><F34/><W62/><G26/><T72/><D132/><U35/><E19/><V92/><F133/><W52/><G102/><T84/><D72/><U85/><E55/><V47/><F20/><W7/><G7/><N who="0" m="2635" /><D104/><U10/><E85/><V135/><F135/><W107/><G83/><N who="0" m="47215" /><D114/><U17/><E17/><V69/><F115/><W25/><G25/><T58/><D78/><U12/><E59/><V95/><F97/><W80/><G80/><T15/><D15/><U24/><E40/><V73/><F69/><W18/><G18/><T113/><D113/><U112/><E54/><AGARI ba="0,0" hai="42,44,50,51,54,58,96,98" m="47215,2635" machi="54" ten="30,1000,0" yaku="8,1" doraHai="88" who="0" fromWho="1" sc="169,10,459,-10,106,0,266,0" owari="179,-22.1,449,54.9,106,-39.4,266,6.6" /></mjloggm>