<mjloggm ver="2.3"><GO type="169" lobby="0"/><UN n0="%E5%A5%88%E8%89%AF%E3%82%B7%E3%82%AB%E3%83%9E%E3%83%AB%EF%BC%81" n1="%E3%81%9F%E3%81%8B%E3%81%AF%E3%81%97%E3%81%83%E3%81%83%E3%81%83" n2="%E3%81%A4%E3%81%B0%E3%83%A1" n3="%E9%9B%B2%E3%81%AE%E3%83%95%E3%83%89%E3%82%A6" dan="16,16,16,16" rate="2158.73,2127.42,2077.31,2079.79" sx="M,M,M,M"/><TAIKYOKU oya="0"/><INIT seed="0,0,0,4,0,97" ten="250,250,250,250" oya="0" hai0="46,130,103,24,80,121,43,89,90,52,18,44,123" hai1="108,81,131,114,110,128,15,68,19,35,135,32,57" hai2="61,93,56,25,64,34,33,37,59,53,77,78,8" hai3="83,105,51,87,49,124,42,20,125,11,134,71,50"/><T99/><D130/><N who="1" m="49707" /><E68/><V6/><F37/><W66/><G11/><T41/><D121/><U70/><E70/><V82/><F93/><W72/><G72/><T16/><D123/><U65/><E81/><V74/><F78/><W54/><G105/><T132/><D132/><U96/><E96/><V85/><F74/><W47/><G20/><N who="0" m="13319" /><D18/><U102/><E102/><V39/><F25/><W21/><G21/><T23/><D23/><N who="1" m="11775" /><E135/><V100/><F100/><W101/><G101/><T4/><D4/><U28/><E57/><V5/><F39/><N who="3" m="21983" /><G87/><N who="0" m="50407" /><D90/><U48/><E65/><V12/><REACH who="2" step="1"/><F5/><REACH who="2" ten="250,250,240,250" step="2"/><W26/><G26/><T7/><D7/><U88/><E88/><V31/><F31/><W22/><G134/><T9/><D46/><U119/><E28/><V17/><F17/><W116/><G83/><T13/><D103/><U107/><E107/><V92/><F92/><W45/><G22/><T55/><D99/><U63/><E32/><V84/><F84/><W111/><G116/><T29/><D29/><U109/><E35/><V112/><F112/><W133/><G133/><T75/><D75/><U10/><E114/><V86/><F86/><W98/><G98/><T40/><D44/><U91/><E91/><V126/><F126/><N who="3" m="48747" /><G111/><T76/><D76/><U115/><E119/><V117/><F117/><W94/><G94/><T36/><D36/><U58/><E115/><V118/><F118/><W113/><G113/><T127/><D127/><U30/><E30/><V95/><F95/><W60/><AGARI ba="0,1" hai="45,49,50,51,54,60,66,71" m="48747,21983" machi="60" ten="30,4000,0" yaku="18,1,34,2" doraHai="97" who="3" fromWho="3" sc="250,-20,250,-10,240,-10,250,50" /><INIT seed="1,0,0,5,2,52" ten="230,240,230,300" oya="1" hai0="106,98,15,87,117,25,47,100,44,75,68,126,99" hai1="114,79,69,101,83,110,81,124,22,26,96,91,40" hai2="50,67,54,125,11,80,53,55,119,48,6,90,108" hai3="32,37,14,43,118,65,5,13,38,116,10,88,56"/><U104/><E114/><V17/><F119/><N who="3" m="45611" /><G32/><T51/><D75/><U24/><E124/><V63/><F108/><W12/><G88/><T7/><D126/><U16/><E110/><V71/><F125/><W127/><G127/><T31/><D68/><U74/><E69/><V4/><F17/><W27/><G27/><T92/><D87/><U93/><E40/><V19/><F19/><W95/><G95/><T59/><D117/><U64/><E64/><V28/><F28/><W49/><G43/><T130/><D130/><U33/><E83/><V135/><F135/><W42/><G42/><T72/><D72/><U131/><E131/><V123/><F123/><W111/><G111/><T78/><D78/><U62/><E62/><V29/><F29/><W58/><G49/><T82/><D82/><U18/><E33/><V2/><REACH who="2" step="1"/><F4/><REACH who="2" ten="230,240,220,300" step="2"/><W23/><G23/><T132/><D132/><U120/><E120/><V94/><F94/><W105/><G105/><T97/><D106/><U45/><E18/><V77/><F77/><W36/><G65/><T128/><D128/><U112/><E112/><V113/><F113/><W107/><G107/><T57/><D31/><U73/><E24/><V41/><F41/><W0/><AGARI ba="0,1" hai="0,5,10,12,13,14,36,37,38,56,58" m="45611" machi="0" ten="40,5200,0" yaku="12,1,52,2" doraHai="52" who="3" fromWho="3" sc="230,-13,240,-26,220,-13,300,62" /><INIT seed="2,0,0,4,3,70" ten="217,214,207,362" oya="2" hai0="83,6,62,96,8,74,12,1,104,51,115,79,22" hai1="40,11,131,49,33,46,77,92,65,27,23,57,21" hai2="95,13,97,32,110,31,14,36,126,64,3,60,124" hai3="121,37,2,25,86,85,45,0,132,113,28,90,106"/><V82/><F3/><W107/><G121/><T5/><D115/><U7/><E131/><V50/><F50/><W75/><G75/><T135/><D135/><U116/><E116/><V38/><F82/><W128/><G86/><T16/><D6/><U122/><E122/><V29/><F110/><W53/><G132/><T127/><D127/><N who="2" m="48682" /><F14/><W24/><G24/><T93/><D104/><U123/><E123/><V101/><F13/><W111/><G111/><T108/><D62/><U41/><E77/><V78/><F78/><W63/><G128/><T112/><D108/><U99/><E40/><V19/><F19/><W118/><G107/><T18/><D112/><U66/><E33/><V30/><F32/><W120/><G106/><T94/><D51/><U26/><E26/><V89/><F101/><W91/><G113/><T52/><D18/><U4/><E23/><V10/><F10/><W61/><G118/><T47/><D96/><U76/><E76/><V102/><F102/><W54/><G120/><T87/><D74/><U103/><E11/><V73/><F73/><W17/><G17/><T130/><D130/><U134/><E134/><V56/><AGARI ba="0,0" hai="29,30,31,36,38,56,60,64,89,95,97" m="48682" machi="56" ten="30,6000,0" yaku="18,1,52,2" doraHai="70" who="2" fromWho="2" sc="217,-20,214,-20,207,60,362,-20" /><INIT seed="2,1,0,1,0,44" ten="197,194,267,342" oya="2" hai0="119,96,30,41,97,48,1,65,100,68,29,70,130" hai1="33,92,64,5,34,123,127,77,53,71,80,54,61" hai2="129,25,107,27,28,35,126,43,103,104,102,72,11" hai3="67,17,47,89,82,42,109,52,18,6,94,116,51"/><V56/><F72/><W99/><G116/><T0/><D65/><U59/><E127/><V4/><F126/><W87/><G109/><T24/><D24/><U118/><E118/><V83/><F129/><W58/><G6/><T95/><D119/><U86/><E123/><V134/><F134/><W73/><G67/><T20/><D130/><U78/><E5/><V57/><F83/><W117/><G73/><T2/><D20/><U105/><E105/><V3/><F43/><W49/><G117/><T15/><D15/><U26/><E78/><AGARI ba="1,0" hai="17,18,42,47,49,51,52,58,78,82,87,89,94,99" machi="78" ten="30,8000,1" yaku="7,1,8,1,52,2,54,1" doraHai="44" who="3" fromWho="1" sc="197,0,194,-83,267,0,342,83" /><INIT seed="3,0,0,3,1,73" ten="197,111,267,425" oya="3" hai0="42,97,43,50,10,71,24,20,2,27,82,65,80" hai1="125,11,25,14,21,105,75,61,83,102,92,108,39" hai2="5,47,48,110,37,32,4,19,87,70,106,29,17" hai3="30,22,132,8,31,84,134,28,72,18,52,115,128"/><W113/><G72/><T131/><D131/><U96/><E39/><V111/><F106/><W34/><G84/><T101/><D27/><U81/><E108/><N who="2" m="41515" /><F70/><W79/><G52/><T12/><D2/><U118/><E125/><V40/><F87/><W74/><G8/><T129/><D129/><U45/><E118/><V123/><F123/><W62/><G62/><T133/><D133/><N who="3" m="51305" /><G34/><T78/><D82/><U107/><E45/><N who="2" m="23695" /><F29/><W15/><G128/><T100/><D71/><U99/><E61/><V35/><F35/><W117/><G117/><T60/><D65/><U66/><E66/><V104/><F32/><W68/><G68/><T126/><D126/><U112/><E112/><V16/><F104/><W64/><G64/><T54/><D60/><U98/><E105/><V36/><F36/><W91/><G91/><T93/><D100/><U122/><E122/><V76/><F76/><W26/><G15/><T90/><D101/><U103/><E75/><V38/><F38/><W59/><G59/><N who="0" m="33239" /><D80/><AGARI ba="0,0" hai="18,22,26,28,30,31,74,79,80,113,115" m="51305" machi="80" ten="30,2900,0" yaku="20,1,52,1" doraHai="73" who="3" fromWho="0" sc="197,-29,111,0,267,0,425,29" /><INIT seed="3,1,0,2,2,104" ten="168,111,267,454" oya="3" hai0="88,20,78,48,74,70,16,85,113,32,50,47,124" hai1="40,89,35,5,105,27,98,72,120,36,34,115,22" hai2="33,63,96,66,46,117,31,75,26,1,116,23,71" hai3="87,45,107,13,67,79,11,0,41,68,119,4,54"/><W69/><G119/><T21/><D70/><U106/><E115/><V83/><F1/><W10/><G107/><T60/><D32/><U129/><E120/><V61/><F61/><W8/><G54/><T128/><D113/><U14/><E129/><V53/><F23/><W52/><G67/><T76/><D74/><U114/><E114/><V131/><F131/><W29/><G29/><T82/><D124/><U103/><E105/><V25/><F25/><W2/><G52/><N who="0" m="29727" /><D128/><U135/><E135/><V93/><F53/><W3/><G69/><T12/><D60/><U133/><E133/><V42/><F83/><N who="3" m="47615" /><G68/><T30/><D50/><AGARI ba="1,0" hai="0,2,3,4,8,10,11,13,41,45,50" m="47615" machi="50" ten="30,1500,0" yaku="25,1" doraHai="104" who="3" fromWho="0" sc="168,-18,111,0,267,0,454,18" /><INIT seed="3,2,0,3,3,14" ten="150,111,267,472" oya="3" hai0="118,52,128,60,106,11,97,73,23,108,50,26,65" hai1="69,84,12,36,16,37,27,78,88,54,82,0,31" hai2="61,130,91,42,43,81,109,18,129,38,64,105,111" hai3="80,30,74,39,35,59,96,41,120,99,3,5,87"/><W8/><G120/><T110/><D73/><U107/><E0/><V119/><F105/><W98/><G59/><T10/><D118/><U101/><E69/><V33/><F33/><W95/><G95/><T83/><D83/><U53/><E36/><V125/><F91/><W135/><G135/><T57/><D128/><N who="2" m="49258" /><F81/><W7/><G7/><T13/><D97/><U103/><E37/><V131/><F18/><W15/><G74/><T68/><D106/><U19/><E78/><V100/><F100/><N who="1" m="38473" /><E107/><V113/><F131/><W21/><G41/><N who="2" m="15369" /><F38/><W32/><G39/><T86/><D86/><U116/><E116/><V20/><F20/><W24/><REACH who="3" step="1"/><G3/><REACH who="3" ten="150,111,267,462" step="2"/><T127/><D127/><U67/><E67/><V66/><F119/><W58/><G58/><T132/><D57/><U47/><E47/><V22/><F125/><W124/><G124/><T94/><D65/><U28/><E53/><V40/><F66/><W117/><G117/><T29/><D52/><U9/><E54/><V34/><F64/><W112/><G112/><T45/><D45/><U48/><E48/><V93/><F93/><W123/><G123/><T79/><D94/><U17/><E27/><V25/><F25/><W77/><AGARI ba="2,1" hai="5,8,15,21,24,30,32,35,77,80,87,96,98,99" machi="77" ten="30,6000,0" yaku="1,1,0,1,53,1" doraHai="14" doraHaiUra="2" who="3" fromWho="3" sc="150,-22,111,-22,267,-22,462,76" /><INIT seed="3,3,0,3,2,34" ten="128,89,245,538" oya="3" hai0="89,103,69,5,119,91,65,130,111,114,122,134,82" hai1="79,40,123,121,115,17,96,11,105,133,87,101,88" hai2="30,57,81,54,113,39,116,7,104,2,71,26,14" hai3="61,124,78,118,132,13,127,4,10,84,16,41,93"/><W129/><G118/><T46/><D119/><U53/><E115/><V9/><F113/><W0/><G41/><T109/><D122/><U75/><E133/><V23/><F116/><W29/><G132/><T120/><D120/><U56/><E40/><V107/><F71/><W68/><G29/><T102/><D114/><U8/><E8/><V51/><F39/><W37/><G37/><T66/><D46/><U106/><E106/><V49/><F81/><W94/><G129/><T110/><D134/><U100/><E100/><N who="0" m="38441" /><D69/><U62/><E79/><V19/><REACH who="2" step="1"/><F51/><REACH who="2" ten="128,89,235,538" step="2"/><W80/><G68/><T76/><D130/><U1/><E121/><V92/><F92/><W6/><G93/><T63/><D111/><U21/><E123/><V48/><F48/><W64/><G94/><T74/><D110/><U47/><E105/><V28/><F28/><W43/><G61/><T90/><D63/><U70/><E62/><V31/><F31/><W38/><G38/><T126/><D109/><U67/><E70/><V20/><AGARI ba="3,1" hai="2,7,9,14,19,20,23,26,30,49,54,57,104,107" machi="20" ten="20,8000,1" yaku="1,1,0,1,7,1,52,1,53,1" doraHai="34" doraHaiUra="15" who="2" fromWho="2" sc="128,-23,89,-23,235,99,538,-43" /><INIT seed="4,0,0,4,1,56" ten="105,66,334,495" oya="0" hai0="47,99,72,121,16,68,18,116,84,29,2,118,13" hai1="96,42,22,114,110,64,88,76,135,111,8,133,66" hai2="130,12,105,98,95,92,45,39,20,86,100,62,27" hai3="103,7,11,124,93,4,53,74,46,106,44,40,9"/><T28/><D72/><U131/><E131/><V0/><F0/><W50/><G74/><T77/><D68/><U120/><E120/><V37/><F130/><W115/><G115/><T3/><D99/><U31/><E114/><V51/><F12/><W67/><G124/><T33/><D84/><U71/><E76/><V54/><F62/><W125/><G106/><T55/><D55/><U117/><E117/><N who="0" m="45161" /><D47/><U126/><E8/><V1/><F1/><N who="0" m="10" /><D77/><U112/><E22/><V41/><F86/><W85/><G67/><T61/><D61/><N who="1" m="40335" /><E31/><N who="0" m="11849" /><D33/><U90/><E112/><V23/><F39/><W59/><G46/><T65/><D65/><U36/><E66/><V75/><F75/><W48/><G125/><T69/><D69/><U80/><E126/><V132/><F54/><W82/><G93/><T127/><D127/><U102/><E42/><V113/><F95/><W94/><G94/><T15/><D121/><U63/><E63/><V19/><F105/><W79/><G103/><T78/><D78/><U21/><E36/><V14/><F113/><W57/><G57/><T17/><AGARI ba="0,0" hai="13,15,16,17,18" m="11849,10,45161" machi="17" ten="40,12000,1" yaku="28,2,34,2,54,1" doraHai="56" who="0" fromWho="0" sc="105,120,66,-40,334,-40,495,-40" /><INIT seed="4,1,0,4,4,72" ten="225,26,294,455" oya="0" hai0="23,35,34,62,111,93,33,127,61,133,132,103,83" hai1="95,126,53,100,55,5,56,64,73,13,85,89,45" hai2="92,59,79,3,81,6,131,119,47,71,51,87,60" hai3="28,115,77,15,9,2,69,101,105,36,29,107,99"/><T66/><D127/><U8/><E126/><V7/><F131/><W120/><G69/><T118/><D118/><U102/><E73/><V117/><F71/><W134/><G36/><T16/><D111/><U52/><REACH who="1" step="1"/><E45/><REACH who="1" ten="225,16,294,455" step="2"/><V21/><F119/><W114/><G120/><T24/><D133/><U27/><E27/><V40/><F117/><W68/><G134/><T82/><D132/><U124/><E124/><V112/><F47/><W10/><G114/><T113/><D113/><U44/><E44/><V109/><F112/><W49/><G115/><T67/><D67/><U50/><E50/><V19/><F51/><W25/><G49/><T96/><REACH who="0" step="1"/><D62/><AGARI ba="1,1" hai="5,8,13,52,53,55,56,62,64,85,89,95,100,102" machi="62" ten="40,5200,0" yaku="1,1,8,1,54,1,53,0" doraHai="72" doraHaiUra="18" who="1" fromWho="0" sc="225,-55,16,65,294,0,455,0" /><INIT seed="5,0,0,2,1,74" ten="170,81,294,455" oya="1" hai0="101,11,27,32,67,56,19,118,130,16,75,42,31" hai1="48,126,106,58,55,93,88,69,134,80,35,28,71" hai2="103,36,115,129,90,94,70,125,84,113,14,43,91" hai3="99,112,96,15,5,44,108,121,18,86,78,54,40"/><U81/><E106/><V68/><F129/><W131/><G108/><T83/><D118/><U38/><E38/><V135/><F135/><W33/><G33/><T107/><D130/><U133/><E126/><V127/><F103/><W60/><G131/><T66/><D42/><U122/><E122/><V132/><F132/><N who="1" m="50793" /><E28/><V20/><F43/><W25/><G121/><T65/><D11/><U2/><E2/><V23/><F36/><W8/><G112/><N who="2" m="43081" /><F91/><W29/><G5/><T111/><D107/><U61/><E35/><V63/><F63/><W76/><G86/><T119/><D111/><U17/><E17/><N who="2" m="10295" /><F23/><N who="3" m="15551" /><G40/><T117/><D101/><U30/><E30/><V51/><F51/><N who="3" m="29031" /><G60/><T77/><REACH who="0" step="1"/><D56/><REACH who="0" ten="160,81,294,455" step="2"/><U102/><E102/><V10/><F10/><W13/><G13/><T85/><D85/><N who="1" m="52367" /><E61/><V49/><F49/><W12/><G15/><T24/><D24/><U128/><E128/><V9/><F9/><W120/><G120/><T0/><D0/><U82/><AGARI ba="0,1" hai="48,55,58,69,71,80,81,82" m="52367,50793" machi="82" ten="30,3000,0" yaku="20,1,54,1" doraHai="74" who="1" fromWho="1" sc="160,-10,81,40,294,-10,455,-10" /><INIT seed="5,1,0,4,0,14" ten="150,121,284,445" oya="1" hai0="22,46,94,13,98,104,59,119,117,61,33,129,130" hai1="85,115,73,88,91,65,5,74,60,25,8,0,28" hai2="51,53,87,107,63,18,58,47,10,27,77,19,52" hai3="101,50,11,106,1,111,86,122,2,100,105,67,71"/><U96/><E115/><V97/><F107/><W108/><G11/><T69/><D104/><U34/><E96/><V133/><F133/><W124/><G50/><T17/><D69/><U131/><E131/><N who="0" m="50185" /><D46/><U36/><E36/><V92/><F10/><W113/><G86/><T90/><D33/><U110/><E110/><V41/><F27/><W20/><G20/><T89/><D89/><U45/><E45/><V29/><F29/><W64/><G71/><T79/><D79/><U37/><E37/><V81/><F41/><W35/><G35/><T78/><D78/><U7/><E7/><V38/><F38/><W43/><G43/><T48/><D48/><U54/><E54/><AGARI ba="1,0" hai="13,17,22,54,59,61,90,94,98,117,119" m="50185" machi="54" ten="30,2000,0" yaku="19,1,52,1" doraHai="14" who="0" fromWho="1" sc="150,23,121,-23,284,0,445,0" /><INIT seed="6,0,0,5,3,27" ten="173,98,284,445" oya="2" hai0="120,54,65,0,23,21,76,79,8,90,50,49,6" hai1="116,129,125,67,61,15,105,108,35,86,81,20,84" hai2="51,132,75,91,94,85,14,83,103,26,77,96,53" hai3="1,98,88,57,55,101,31,110,133,89,63,70,3"/><V100/><F132/><W109/><G133/><T134/><D120/><U9/><E108/><V82/><F14/><W95/><G70/><T74/><D134/><U68/><E116/><V39/><F39/><W48/><G31/><T59/><D65/><U37/><E35/><V24/><REACH who="2" step="1"/><F103/><REACH who="2" ten="173,98,274,445" step="2"/><W58/><G109/><T10/><D0/><U12/><E37/><V64/><F64/><N who="3" m="39023" /><G1/><T102/><D102/><U4/><E12/><V126/><F126/><W52/><G3/><T92/><D6/><U66/><E125/><V87/><F87/><W44/><G110/><T93/><D74/><U80/><E66/><V36/><F36/><W33/><G33/><T7/><D7/><U99/><E86/><V97/><F97/><W25/><G25/><T78/><D8/><U28/><E84/><V22/><F22/><W111/><G111/><T5/><D10/><U113/><E99/><V122/><F122/><W106/><G106/><T11/><D11/><U118/><E105/><V114/><F114/><W104/><G104/><T47/><D5/><U42/><E113/><V130/><F130/><W43/><G43/><N who="0" m="24831" /><D21/><U46/><E129/><V2/><F2/><W17/><G17/><T135/><D23/><U29/><E20/><V30/><F30/><W18/><G18/><T123/><D135/><U117/><E28/><V32/><F32/><W131/><G131/><T41/><D41/><U124/><E29/><V107/><F107/><W16/><G16/><T56/><D123/><U112/><E124/><V45/><AGARI ba="0,1" hai="24,26,45,51,53,75,77,82,83,85,91,94,96,100" machi="45" ten="20,3900,0" yaku="1,1,0,1,7,1,53,0" doraHai="27" doraHaiUra="13" who="2" fromWho="2" sc="173,-13,98,-13,274,49,445,-13" /><INIT seed="6,1,0,3,4,10" ten="160,85,323,432" oya="2" hai0="81,87,6,38,60,98,89,112,65,92,23,39,32" hai1="134,71,28,119,47,105,55,20,113,135,21,46,15" hai2="101,45,117,49,78,86,108,75,85,123,73,111,7" hai3="127,35,72,95,114,54,16,83,17,40,24,68,91"/><V109/><F117/><W129/><G68/><T33/><D112/><U62/><E119/><V34/><F34/><W93/><G93/><T58/><D6/><U12/><E105/><V14/><F123/><W124/><G40/><T107/><D107/><U5/><E113/><V3/><F3/><W96/><G114/><T29/><D32/><U116/><E116/><V8/><F101/><W100/><G35/><T115/><D33/><U27/><E5/><V36/><F36/><W130/><G54/><T11/><D11/><U128/><E128/><N who="3" m="49258" /><G24/><N who="0" m="16543" /><D115/><U76/><E76/><V74/><REACH who="2" step="1"/><F78/><REACH who="2" ten="160,85,313,432" step="2"/><N who="3" m="44487" /><G100/><N who="0" m="60487" /><D38/><U37/><E37/><V106/><F106/><W41/><G41/><AGARI ba="1,1" hai="7,8,14,41,45,49,73,74,75,85,86,108,109,111" machi="41" ten="50,12000,1" yaku="1,1,10,1,52,1,53,1" doraHai="10" doraHaiUra="9" who="2" fromWho="3" sc="160,0,85,0,313,133,432,-123" /><INIT seed="6,2,0,4,0,112" ten="160,85,446,309" oya="2" hai0="81,63,116,19,85,92,67,132,48,43,55,134,60" hai1="4,49,118,37,64,72,6,50,9,56,82,121,52" hai2="44,108,97,65,51,36,45,8,126,122,69,128,79" hai3="33,59,10,125,114,26,12,102,94,101,29,109,78"/><V77/><F122/><W98/><G109/><T18/><D43/><U90/><E37/><V15/><F108/><W115/><G125/><T93/><D92/><U39/><E39/><V80/><F126/><W17/><G78/><T23/><D93/><U35/><E121/><V105/><F128/><W74/><G74/><T91/><D116/><U124/><E124/><V2/><F2/><W70/><G70/><T1/><D1/><U99/><E35/><V107/><F36/><W100/><REACH who="3" step="1"/><G59/><REACH who="3" ten="160,85,446,299" step="2"/><T71/><D71/><U46/><E72/><V119/><F79/><W24/><G24/><T13/><D134/><U130/><E130/><V103/><F77/><W87/><G87/><T75/><D75/><U21/><E118/><V83/><F69/><W42/><G42/><T76/><D76/><U20/><E99/><V129/><F97/><W47/><G47/><T117/><D117/><U113/><E113/><AGARI ba="2,1" hai="10,12,17,26,29,33,94,98,100,101,102,113,114,115" machi="113" ten="40,5200,0" yaku="1,1,15,1,11,1,53,0" doraHai="112" doraHaiUra="106" who="3" fromWho="1" sc="160,0,85,-58,446,0,299,68" /><INIT seed="7,0,0,1,5,102" ten="160,27,446,367" oya="3" hai0="5,59,71,72,106,34,113,93,110,104,84,131,99" hai1="38,95,134,78,135,30,21,12,120,27,20,88,89" hai2="52,6,66,116,51,82,26,70,76,75,133,23,53" hai3="36,19,44,86,29,4,65,77,127,101,126,129,58"/><W7/><G29/><T45/><D71/><U132/><E38/><V91/><F116/><W68/><G68/><T48/><D34/><U90/><E120/><V100/><F133/><W35/><G35/><T97/><D72/><U124/><E124/><N who="3" m="47658" /><G129/><T81/><D59/><U87/><E78/><V31/><F100/><W28/><G28/><T62/><D99/><U111/><E111/><V107/><F107/><W1/><G101/><T67/><D5/><N who="3" m="2121" /><G1/><T39/><D110/><U98/><E12/><V60/><F6/><W125/><N who="3" m="47666" /><W61/><DORA hai="49" /><G19/><T80/><D104/><U0/><E0/><V54/><REACH who="2" step="1"/><F91/><REACH who="2" ten="160,27,436,367" step="2"/><W63/><G63/><T117/><D106/><U121/><E121/><V69/><F69/><W109/><G109/><T118/><D62/><U114/><E114/><V73/><F73/><W22/><G22/><T10/><D113/><U46/><E20/><V13/><F13/><W119/><G119/><T85/><D118/><U16/><E30/><V47/><AGARI ba="0,1" hai="23,26,31,47,51,52,53,54,60,66,70,75,76,82" machi="47" ten="20,16000,3" yaku="1,1,0,1,7,1,52,3,54,1,53,1" doraHai="102,49" doraHaiUra="115,42" who="2" fromWho="2" sc="160,-40,27,-40,436,170,367,-80" owari="120,-28.0,-13,-51.3,606,70.6,287,8.7" /></mjloggm>