<mjloggm ver="2.3"><GO type="169" lobby="0"/><UN n0="%E3%81%A1%E3%81%AA%E9%B7%B2" n1="%E5%88%9D%E5%BF%83%E8%80%85%70%61%77%6E" n2="%E3%83%A9%E3%83%96%E3%83%AC%E3%83%BC" n3="%E5%B9%BB%E9%9C%8A" dan="16,16,18,18" rate="2106.57,2140.63,2218.44,2252.62" sx="M,M,M,F"/><TAIKYOKU oya="0"/><INIT seed="0,0,0,3,1,127" ten="250,250,250,250" oya="0" hai0="63,111,24,66,79,86,21,31,107,23,57,42,15" hai1="116,45,53,25,46,69,4,70,132,91,130,19,50" hai2="48,88,128,115,84,38,58,118,14,98,0,49,30" hai3="11,113,102,9,59,5,1,117,124,75,64,89,81"/><T101/><D111/><U68/><E116/><V94/><F38/><W6/><G117/><T78/><D42/><U97/><E132/><V43/><F0/><W103/><G124/><T65/><D65/><U33/><E4/><V96/><F115/><W123/><G113/><T126/><D126/><U18/><E130/><V2/><F2/><W112/><G112/><T77/><D101/><U109/><E109/><V20/><F128/><W131/><G131/><T73/><D107/><U22/><E33/><V8/><F118/><W61/><G123/><T40/><D40/><U35/><E35/><V10/><F49/><W87/><G75/><T3/><D3/><AGARI ba="0,0" hai="1,3,5,6,9,11,59,61,64,81,87,89,102,103" machi="3" ten="30,2000,0" yaku="7,1,9,1" doraHai="127" who="3" fromWho="0" sc="250,-20,250,0,250,0,250,20" /><INIT seed="1,0,0,1,1,133" ten="230,250,250,270" oya="1" hai0="126,28,58,56,107,97,4,109,117,18,93,111,55" hai1="89,129,79,41,48,131,70,21,17,22,95,108,78" hai2="92,1,33,45,2,135,72,66,32,88,3,47,114" hai3="69,74,25,38,105,7,16,122,130,68,101,49,102"/><U90/><E70/><V24/><F72/><W11/><G38/><T99/><D117/><U37/><E37/><V5/><F5/><W60/><G122/><T50/><D4/><U10/><E108/><N who="0" m="41545" /><D28/><U27/><E10/><V124/><F135/><W76/><G130/><N who="1" m="49674" /><E90/><V46/><F66/><W86/><G74/><T52/><D18/><N who="1" m="12727" /><E48/><V20/><F114/><W15/><G49/><N who="0" m="30735" /><D107/><U94/><E41/><V116/><F116/><W0/><G105/><T84/><D126/><U113/><E95/><V62/><F124/><W98/><G0/><T30/><D30/><U119/><E113/><V14/><F14/><W75/><G75/><T26/><D26/><N who="1" m="14671" /><E119/><V96/><REACH who="2" step="1"/><F62/><REACH who="2" ten="230,250,240,270" step="2"/><W123/><G60/><T44/><D44/><U61/><E61/><V42/><F42/><W43/><G43/><T35/><D55/><U12/><E12/><V53/><F53/><W51/><G15/><T54/><D54/><U83/><E83/><V23/><F23/><W57/><G7/><T106/><D50/><U31/><E31/><AGARI ba="0,1" hai="1,2,3,20,24,31,32,33,45,46,47,88,92,96" machi="31" ten="50,3200,0" yaku="1,1,54,1,53,0" doraHai="133" doraHaiUra="112" who="2" fromWho="1" sc="230,0,250,-32,240,42,270,0" /><INIT seed="2,0,0,5,1,129" ten="230,218,282,270" oya="2" hai0="17,102,10,104,25,14,106,110,19,38,121,122,126" hai1="50,18,108,28,79,34,128,131,65,12,98,78,117" hai2="9,67,109,89,73,112,40,76,94,115,44,70,103" hai3="86,82,72,54,37,46,64,2,135,51,41,20,74"/><V118/><F118/><W84/><G2/><T132/><D38/><U32/><E117/><V52/><F103/><W87/><G135/><T22/><D110/><U113/><E113/><V57/><F76/><W59/><G82/><T95/><D126/><U66/><E108/><V8/><F73/><W91/><G91/><T125/><D125/><U75/><E98/><V56/><F109/><W127/><G127/><T0/><D0/><U27/><E34/><V92/><F70/><W5/><G5/><T62/><D62/><U45/><E66/><V97/><F67/><W42/><G42/><T61/><D61/><U4/><E4/><V107/><F107/><W26/><REACH who="3" step="1"/><G64/><REACH who="3" ten="230,218,282,260" step="2"/><T55/><D132/><U48/><E65/><V69/><F115/><W120/><G120/><T58/><D122/><U83/><E78/><V49/><F112/><W81/><G81/><T7/><D121/><U99/><E99/><N who="2" m="57743" /><F69/><W21/><G21/><T105/><D7/><U119/><E119/><V11/><F40/><W16/><AGARI ba="0,1" hai="16,20,26,37,41,46,51,54,59,72,74,84,86,87" machi="16" ten="30,4000,0" yaku="1,1,0,1,54,1,53,0" doraHai="129" doraHaiUra="116" who="3" fromWho="3" sc="230,-10,218,-10,282,-20,260,50" /><INIT seed="3,0,0,3,5,92" ten="220,208,262,310" oya="3" hai0="30,31,32,57,83,102,20,130,117,21,22,64,85" hai1="120,87,133,49,44,23,123,75,70,27,135,67,68" hai2="35,65,89,52,74,95,5,14,61,86,134,59,58" hai3="125,60,122,93,56,46,126,100,103,37,71,127,112"/><W48/><G112/><T54/><D117/><U115/><E75/><V91/><F74/><W11/><G122/><T90/><D130/><U128/><E115/><V104/><F104/><W50/><G71/><T4/><D32/><U29/><E87/><V28/><F134/><N who="1" m="51209" /><E128/><V13/><F5/><W79/><G79/><T118/><D118/><U69/><E67/><V110/><F110/><W96/><G11/><T34/><D34/><U26/><E26/><V18/><F35/><W84/><G84/><T9/><D64/><U6/><E6/><V41/><F41/><AGARI ba="0,0" hai="23,27,29,41,44,49,68,69,70,120,123" m="51209" machi="41" ten="40,1300,0" yaku="20,1" doraHai="92" who="1" fromWho="2" sc="220,0,208,13,262,-13,310,0" /><INIT seed="4,0,0,0,5,67" ten="220,221,249,310" oya="0" hai0="5,121,24,127,17,4,54,19,10,41,58,33,32" hai1="23,80,100,72,85,71,70,30,132,82,86,53,6" hai2="73,47,52,15,22,110,44,31,89,92,8,84,126" hai3="39,12,102,135,40,27,65,104,129,109,2,35,38"/><T103/><D121/><U3/><E72/><V66/><F73/><W77/><G109/><T75/><D127/><U7/><E132/><V113/><F126/><W42/><G2/><T119/><D119/><U74/><E74/><V95/><F110/><W55/><G77/><T118/><D118/><U26/><E100/><V123/><F113/><W28/><G135/><T90/><D75/><U108/><E108/><V116/><F66/><W45/><G129/><T91/><D41/><U81/><E53/><V48/><F123/><W94/><G65/><T96/><D33/><U115/><E115/><V56/><F116/><W37/><G104/><T46/><D46/><U59/><E59/><V69/><F69/><W93/><G12/><T79/><D79/><U20/><E3/><V25/><REACH who="2" step="1"/><F92/><REACH who="2" ten="220,221,239,310" step="2"/><W51/><G94/><N who="0" m="58775" /><D32/><U131/><E131/><V120/><F120/><W130/><G130/><T97/><D24/><N who="1" m="16647" /><E71/><V16/><AGARI ba="0,1" hai="8,15,16,22,25,31,44,47,48,52,56,84,89,95" machi="16" ten="20,12000,2" yaku="1,1,0,1,7,1,8,1,54,2,53,0" doraHai="67" doraHaiUra="107" who="2" fromWho="2" sc="220,-60,221,-30,239,130,310,-30" /><INIT seed="5,0,0,5,3,41" ten="160,191,369,280" oya="1" hai0="106,95,44,25,56,43,78,34,93,45,92,26,104" hai1="125,102,3,87,24,31,100,11,23,57,13,51,74" hai2="124,15,72,1,49,42,2,7,97,21,96,58,17" hai3="94,36,12,0,123,54,20,122,69,5,118,73,98"/><U4/><E74/><V112/><F72/><W121/><G73/><T129/><D129/><U88/><E125/><V19/><F124/><W85/><G36/><T113/><D113/><U68/><E68/><V91/><F112/><W59/><G69/><T108/><D108/><U135/><E135/><V105/><F7/><W29/><G118/><T35/><D78/><U14/><E14/><V39/><F39/><W127/><G127/><T27/><D43/><U53/><REACH who="1" step="1"/><E3/><REACH who="1" ten="160,181,369,280" step="2"/><V6/><F15/><W46/><G0/><T109/><D109/><U22/><E22/><V103/><F21/><W84/><G20/><T90/><D90/><U81/><AGARI ba="0,1" hai="4,11,13,23,24,31,51,53,57,81,87,88,100,102" machi="81" ten="20,12000,1" yaku="1,1,0,1,7,1,8,1,54,1,53,0" doraHai="41" doraHaiUra="110" who="1" fromWho="1" sc="160,-40,181,130,369,-40,280,-40" /><INIT seed="5,1,0,1,0,112" ten="120,311,329,240" oya="1" hai0="19,92,114,77,2,56,88,4,58,123,128,124,7" hai1="34,121,17,53,96,113,1,23,46,16,120,125,40" hai2="38,122,11,9,134,5,26,86,20,78,61,91,37" hai3="107,60,89,84,98,133,12,115,62,110,93,119,82"/><U116/><E34/><V22/><F122/><W101/><G115/><T105/><D105/><U83/><E1/><V72/><F72/><W69/><G110/><T43/><D114/><U8/><E113/><V64/><F78/><W25/><G133/><T39/><D123/><U108/><E125/><V75/><F75/><W129/><G129/><T48/><D39/><U29/><E108/><V70/><F134/><W0/><G0/><T52/><D43/><U51/><E116/><V126/><F22/><W54/><G119/><T55/><D77/><U87/><E121/><V73/><F73/><W50/><G69/><T103/><D103/><U31/><E120/><V14/><F11/><W135/><G135/><T3/><D124/><U106/><E106/><V27/><F27/><W94/><G25/><T15/><D128/><U118/><E118/><V63/><F61/><W100/><G107/><T35/><D35/><U97/><E40/><V111/><F126/><W42/><G42/><T65/><D65/><U79/><E8/><V104/><F104/><W68/><G68/><T66/><D66/><U28/><REACH who="1" step="1"/><E17/><REACH who="1" ten="120,301,329,240" step="2"/><V74/><F111/><W32/><G32/><T45/><D2/><U18/><E18/><V49/><F9/><W130/><G130/><T10/><D3/><U76/><E76/><V71/><F5/><W81/><G12/><AGARI ba="1,1" hai="12,16,23,28,29,31,46,51,53,79,83,87,96,97" machi="12" ten="40,7700,0" yaku="1,1,8,1,54,1,53,0" doraHai="112" doraHaiUra="33" who="1" fromWho="3" sc="120,0,301,90,329,0,240,-80" /><INIT seed="5,2,0,0,2,20" ten="120,391,329,160" oya="1" hai0="68,16,100,66,11,28,19,125,21,4,96,105,55" hai1="98,83,23,43,114,77,13,37,115,92,10,90,127" hai2="103,69,12,27,26,106,126,111,118,80,91,39,65" hai3="38,9,130,22,107,41,64,79,88,31,120,81,58"/><U56/><E127/><V86/><F39/><W62/><G120/><T70/><D125/><U50/><E37/><V133/><F126/><W46/><G107/><T110/><D110/><U59/><E23/><V24/><F111/><W18/><G130/><T54/><D28/><U109/><E109/><V116/><F133/><W129/><G129/><T35/><D35/><U99/><E99/><V1/><F1/><W131/><G131/><T72/><D72/><U15/><E15/><V95/><F106/><W123/><G31/><T73/><D73/><U14/><E14/><V124/><F124/><W101/><G101/><T25/><D19/><U97/><E97/><V93/><F12/><W42/><G9/><T8/><D8/><U53/><E43/><V113/><F113/><W112/><G112/><T85/><D85/><U75/><REACH who="1" step="1"/><E59/><REACH who="1" ten="120,381,329,160" step="2"/><V87/><F103/><W135/><G42/><T57/><D57/><U82/><E82/><V51/><F95/><W84/><G135/><T76/><D96/><U49/><E49/><V61/><REACH who="2" step="1"/><F51/><REACH who="2" ten="120,381,319,160" step="2"/><W29/><G38/><T36/><D100/><U132/><E132/><V44/><F44/><W52/><G46/><T102/><D102/><U5/><AGARI ba="2,2" hai="5,10,13,50,53,56,75,77,83,90,92,98,114,115" machi="5" ten="30,3000,0" yaku="1,1,0,1,53,0" doraHai="20" doraHaiUra="32" who="1" fromWho="1" sc="120,-12,381,56,319,-12,160,-12" /><INIT seed="5,3,0,1,5,26" ten="108,437,307,148" oya="1" hai0="60,63,83,69,129,72,22,124,87,68,81,128,104" hai1="33,53,3,18,119,29,88,78,9,28,25,118,106" hai2="130,134,43,115,13,19,120,80,90,20,123,86,48" hai3="109,37,91,132,56,50,10,66,57,77,105,135,116"/><U117/><E106/><V8/><F130/><N who="0" m="50282" /><D104/><U74/><E74/><V17/><F134/><W107/><G109/><T98/><D72/><U89/><E78/><V23/><F115/><W11/><G37/><T127/><D87/><U52/><E29/><V133/><F133/><W34/><G77/><T102/><D22/><U125/><E125/><N who="0" m="48201" /><D98/><U27/><E27/><V32/><F32/><W93/><G34/><T31/><D102/><U0/><E0/><V4/><F123/><W62/><G107/><T24/><D24/><U108/><E108/><V44/><F120/><W85/><G105/><T36/><D31/><U65/><E65/><V38/><F38/><W35/><G35/><T76/><D76/><U75/><E75/><V73/><F73/><W111/><G111/><T6/><D6/><U16/><E3/><V99/><F99/><W49/><G135/><T30/><D30/><U55/><REACH who="1" step="1"/><E16/><AGARI ba="3,0" hai="4,8,13,16,17,19,20,23,43,44,48,80,86,90" machi="16" ten="40,2600,0" yaku="8,1,54,1" doraHai="26" who="2" fromWho="1" sc="108,0,437,-35,307,35,148,0" /><INIT seed="6,0,0,1,5,58" ten="108,402,342,148" oya="2" hai0="44,28,99,60,0,98,45,114,75,47,121,11,97" hai1="92,94,111,106,43,74,68,24,84,101,35,22,34" hai2="49,102,18,103,31,2,39,93,126,135,70,9,134" hai3="55,46,21,116,42,107,62,8,86,5,38,50,52"/><V96/><F39/><W30/><G116/><T25/><D75/><U77/><E111/><V41/><F31/><W113/><G107/><T15/><D0/><U80/><E68/><V48/><F70/><W95/><G113/><T133/><D114/><U53/><E43/><V4/><F126/><W14/><G38/><T66/><D133/><N who="2" m="50698" /><F41/><W83/><G95/><T57/><D121/><U81/><E53/><V124/><F124/><W12/><G62/><T119/><D119/><U61/><E61/><V118/><F118/><W17/><REACH who="3" step="1"/><G30/><REACH who="3" ten="108,402,342,138" step="2"/><T73/><D73/><U82/><E106/><V6/><F93/><W7/><G7/><T19/><REACH who="0" step="1"/><D99/><REACH who="0" ten="98,402,342,138" step="2"/><U110/><E74/><V64/><F96/><W36/><G36/><T56/><D56/><U3/><E110/><V112/><F112/><W54/><G54/><T63/><D63/><U10/><E101/><V26/><F103/><W37/><G37/><T100/><D100/><U71/><E71/><V33/><F102/><W29/><G29/><T27/><D27/><U65/><E24/><V32/><F26/><W1/><G1/><T69/><D69/><U88/><E3/><V115/><F115/><W125/><G125/><T59/><D59/><U91/><E91/><AGARI ba="0,2" hai="5,8,12,14,17,21,42,46,50,52,55,83,86,91" machi="91" ten="30,7700,0" yaku="1,1,7,1,8,1,54,1,53,0" doraHai="58" doraHaiUra="129" who="3" fromWho="1" sc="98,0,402,-77,342,0,138,97" /><INIT seed="7,0,0,3,1,44" ten="98,325,342,235" oya="3" hai0="62,134,52,104,39,0,29,15,97,90,68,41,50" hai1="116,80,26,131,54,5,112,69,113,45,16,46,108" hai2="94,58,63,57,123,72,95,121,99,92,18,133,128" hai3="25,34,65,93,81,124,27,82,127,120,114,130,76"/><W9/><G120/><N who="2" m="46153" /><F72/><W22/><G114/><N who="1" m="44138" /><E108/><V56/><F128/><W33/><G130/><T11/><D0/><U117/><E69/><V103/><F133/><W2/><G65/><T96/><D134/><U20/><E131/><V60/><F18/><W101/><G93/><AGARI ba="0,0" hai="56,57,58,60,63,92,93,94,95,99,103" m="46153" machi="93" ten="40,1300,0" yaku="13,1" doraHai="44" who="2" fromWho="3" sc="98,0,325,0,342,13,235,-13" owari="98,-40.2,325,12.5,355,45.5,222,-17.8" /></mjloggm>