<mjloggm ver="2.3"><GO type="169" lobby="0"/><UN n0="%61%6D%61%69%6B%61" n1="%E3%83%88%E3%83%B3%E3%83%8D%E3%83%AB%E5%A4%A9%E5%9B%BD" n2="%43%E3%82%A8%E3%83%BC%E3%82%B8%E3%82%A7%E3%83%B3%E3%83%88" n3="%4D%4C%5A%4E%55%2D%53%4B" dan="17,18,17,17" rate="2202.07,2234.10,2209.10,2154.86" sx="M,M,M,M"/><TAIKYOKU oya="0"/><INIT seed="0,0,0,0,1,27" ten="250,250,250,250" oya="0" hai0="76,124,40,42,95,8,85,118,60,18,81,54,17" hai1="57,7,97,23,112,64,39,10,5,32,48,131,24" hai2="56,92,94,26,119,99,74,78,38,0,120,16,104" hai3="80,46,86,103,91,11,6,51,133,71,41,47,31"/><T67/><D124/><U77/><E131/><V111/><F38/><W121/><G71/><T29/><D118/><U98/><E39/><V1/><F119/><W132/><G103/><T19/><D54/><U3/><E32/><V79/><F111/><W125/><G125/><T66/><D8/><U55/><E112/><V62/><F104/><W101/><G101/><T28/><D95/><U15/><E77/><V65/><F94/><W128/><G128/><T49/><D66/><U105/><E105/><V25/><F25/><W122/><G47/><T130/><D130/><U75/><E75/><V13/><F26/><W59/><G59/><N who="0" m="37279" /><D49/><U135/><E135/><N who="3" m="51786" /><G31/><AGARI ba="0,0" hai="17,18,19,28,29,31,40,42,76,81,85" m="37279" machi="31" ten="30,11600,0" yaku="8,1,52,3" doraHai="27" who="0" fromWho="3" sc="250,116,250,0,250,0,250,-116" /><INIT seed="0,1,0,2,5,126" ten="366,250,250,134" oya="0" hai0="129,93,64,121,29,125,72,23,85,54,31,45,133" hai1="46,70,13,108,42,111,15,119,101,65,132,105,107" hai2="11,27,95,25,86,18,66,73,112,98,118,90,127" hai3="7,120,97,113,60,99,100,53,94,35,89,123,34"/><T16/><D72/><U69/><E119/><V92/><F73/><W80/><G7/><T52/><D121/><N who="3" m="46665" /><G113/><T5/><D129/><U91/><E91/><V115/><F127/><W32/><G80/><T78/><D133/><U20/><E132/><V61/><F118/><W36/><G36/><T74/><D74/><U4/><E20/><V33/><F33/><W37/><G37/><T0/><D125/><U116/><E116/><V22/><F11/><W26/><G53/><T39/><D0/><U38/><E65/><V51/><F51/><W12/><G12/><N who="1" m="4682" /><E4/><V82/><F27/><W8/><G60/><T104/><D104/><N who="1" m="40011" /><E101/><V76/><REACH who="2" step="1"/><F92/><REACH who="2" ten="366,250,240,134" step="2"/><N who="3" m="56463" /><G8/><T103/><D93/><U56/><E38/><V14/><F14/><W30/><AGARI ba="1,1" hai="26,30,32,34,35,94,99,100" m="56463,46665" machi="30" ten="30,1100,0" yaku="13,1" doraHai="126" who="3" fromWho="3" sc="366,-6,250,-4,240,-4,134,24" /><INIT seed="1,0,0,0,1,64" ten="360,246,236,158" oya="1" hai0="94,46,24,72,109,39,132,73,128,43,36,70,84" hai1="105,26,71,79,123,120,23,111,77,47,134,119,93" hai2="30,89,29,116,20,34,12,133,5,78,13,69,62" hai3="8,103,96,125,80,42,102,58,3,7,135,108,61"/><U131/><E119/><V106/><F106/><W130/><G108/><T1/><D109/><U75/><E111/><V90/><F116/><W21/><G125/><T115/><D115/><U4/><E105/><V76/><F5/><W17/><G130/><T122/><D1/><U45/><E131/><V87/><F34/><W32/><G135/><T55/><D36/><U49/><E134/><V25/><F30/><W114/><G32/><T92/><D128/><U0/><E93/><V113/><F90/><W48/><G80/><T85/><D122/><U41/><E41/><V86/><F86/><W127/><G127/><T100/><D55/><U74/><E49/><V19/><F12/><W10/><G10/><T37/><D24/><U44/><E4/><V98/><F98/><W6/><G6/><T117/><D117/><U88/><E88/><V50/><F50/><W99/><G114/><T112/><D112/><U81/><E71/><V121/><F121/><W63/><G96/><T53/><D70/><U31/><REACH who="1" step="1"/><E0/><REACH who="1" ten="360,236,236,158" step="2"/><V33/><F133/><W107/><G42/><T40/><D132/><U57/><E57/><V16/><F113/><W97/><G48/><T54/><D46/><U67/><E67/><V52/><F69/><W124/><G58/><T65/><D65/><U126/><E126/><V83/><F62/><W2/><G124/><T28/><D100/><U22/><E22/><N who="2" m="11535" /><F52/><W27/><G2/><T11/><D11/><U129/><E129/><V91/><F89/><W35/><G35/><T18/><D43/><U59/><E59/><V51/><F51/><W56/><G56/><RYUUKYOKU ba="0,1" sc="360,-30,236,10,236,10,158,10" hai1="23,26,31,44,45,47,74,75,77,79,81,120,123" hai2="19,20,25,29,33,76,78,83,87,91" hai3="3,7,8,17,21,27,61,63,97,99,102,103,107" /><INIT seed="1,1,1,4,0,39" ten="330,246,246,168" oya="1" hai0="102,104,68,127,112,18,7,77,45,95,82,100,88" hai1="59,90,56,5,96,86,8,76,0,134,66,63,9" hai2="13,24,57,129,69,37,55,70,118,50,19,43,92" hai3="81,122,14,105,30,110,121,87,109,4,89,35,53"/><U94/><E134/><V120/><F118/><W40/><G105/><T115/><D68/><U27/><E27/><V38/><F120/><W41/><G53/><T17/><D7/><U74/><E74/><V80/><F24/><N who="3" m="18887" /><G14/><T1/><D1/><U125/><E125/><V46/><F37/><W93/><G93/><T71/><D71/><U51/><E8/><V6/><F129/><W20/><G20/><T62/><D62/><U28/><E28/><V128/><F128/><W132/><G4/><T16/><D127/><U106/><E76/><V98/><F80/><W123/><G132/><T124/><D124/><U101/><REACH who="1" step="1"/><E51/><REACH who="1" ten="330,236,246,168" step="2"/><V33/><F6/><W135/><G135/><T47/><D112/><U130/><E130/><V97/><F33/><W133/><G133/><T23/><D115/><U48/><E48/><V36/><F38/><W72/><G72/><T117/><D117/><U58/><AGARI ba="1,2" hai="0,5,9,56,58,59,63,66,86,90,94,96,101,106" machi="58" ten="20,7800,0" yaku="1,1,0,1,7,1,53,1" doraHai="39" doraHaiUra="34" who="1" fromWho="1" sc="330,-27,236,101,246,-27,168,-27" /><INIT seed="1,2,0,5,5,5" ten="303,337,219,141" oya="1" hai0="72,7,104,36,62,24,56,21,58,66,37,3,29" hai1="65,48,91,135,115,18,42,73,17,63,28,98,126" hai2="23,61,95,133,31,51,94,50,67,90,25,64,2" hai3="27,14,20,130,120,57,113,118,53,79,105,132,6"/><U47/><E115/><V49/><F133/><W19/><G105/><T76/><D104/><U9/><E73/><V68/><F2/><W92/><G113/><T33/><D56/><U100/><E135/><V86/><REACH who="2" step="1"/><F67/><REACH who="2" ten="303,337,209,141" step="2"/><W127/><G132/><T11/><REACH who="0" step="1"/><D33/><REACH who="0" ten="293,337,209,141" step="2"/><U128/><E65/><V108/><F108/><W70/><G118/><T44/><D44/><U43/><E47/><V32/><F32/><W99/><G120/><T71/><D71/><U83/><E128/><V110/><F110/><W101/><G70/><T88/><D88/><U116/><E91/><V87/><F87/><W102/><G130/><T122/><D122/><U103/><E116/><V59/><F59/><W74/><G57/><T85/><D85/><U114/><E114/><V69/><F69/><W41/><G74/><T54/><D54/><U46/><E46/><V134/><F134/><W0/><G53/><T34/><D34/><U26/><E126/><V35/><F35/><W39/><G127/><T15/><D15/><U112/><E112/><V124/><F124/><W111/><G14/><T77/><D77/><U60/><E43/><V40/><F40/><W45/><G79/><T123/><D123/><U12/><E12/><V89/><F89/><N who="3" m="55695" /><G111/><T121/><D121/><U117/><E117/><V13/><F13/><W1/><G1/><T4/><D4/><U10/><E42/><V52/><F52/><W80/><G0/><T84/><D84/><U125/><E125/><V38/><F38/><W93/><G6/><T55/><D55/><U75/><E75/><V82/><AGARI ba="2,2" hai="23,25,31,49,50,51,61,64,68,82,86,90,94,95" machi="82" ten="30,2000,0" yaku="1,1,0,1,53,0" doraHai="5" doraHaiUra="30" who="2" fromWho="2" sc="293,-7,337,-12,209,46,141,-7" /><INIT seed="2,0,0,4,1,4" ten="286,325,255,134" oya="2" hai0="103,71,68,112,85,13,129,132,18,91,51,69,99" hai1="43,134,48,49,8,22,56,35,24,26,75,100,133" hai2="70,67,3,21,131,47,1,60,17,31,81,19,124" hai3="120,121,53,54,73,55,63,34,105,88,111,72,107"/><V23/><F131/><W77/><G34/><T101/><D112/><U32/><E75/><V108/><F124/><W39/><G39/><T125/><D129/><U113/><E100/><V15/><F31/><W95/><G63/><T27/><D125/><U61/><E8/><V127/><F127/><W79/><G111/><T20/><D132/><N who="1" m="50795" /><E26/><V41/><F81/><W59/><G59/><T76/><D76/><U97/><E97/><V66/><F66/><W117/><G117/><T58/><D99/><U128/><E113/><V114/><F108/><W7/><G7/><T115/><D115/><U2/><E2/><V46/><F46/><W104/><G95/><N who="0" m="54767" /><D27/><U14/><E14/><V5/><F5/><W119/><G88/><T78/><D78/><N who="3" m="29705" /><G119/><T82/><D82/><U62/><E62/><V64/><F64/><W98/><G98/><T36/><D36/><U40/><E49/><V45/><F114/><W52/><N who="3" m="13312" /><DORA hai="123" /><W28/><G28/><T135/><D135/><U109/><E109/><V93/><F93/><W42/><G42/><N who="1" m="15914" /><E48/><V89/><F89/><W86/><G86/><T84/><D84/><U130/><E130/><V83/><F83/><W96/><G96/><T9/><D103/><U106/><E106/><V0/><REACH who="2" step="1"/><F41/><REACH who="2" ten="286,325,245,134" step="2"/><W25/><G73/><T102/><D102/><U38/><E128/><V10/><F10/><W6/><G72/><T65/><D101/><U92/><E92/><V11/><F11/><W74/><G74/><T44/><D9/><U90/><E90/><V110/><F110/><W50/><G107/><T126/><D126/><U29/><E38/><RYUUKYOKU ba="0,1" sc="286,-15,325,15,245,15,134,-15" hai1="22,24,29,32,35,56,61" hai2="0,1,3,15,17,19,21,23,45,47,60,67,70" /><INIT seed="2,1,1,3,1,55" ten="271,340,260,119" oya="2" hai0="6,60,99,33,64,124,85,7,109,0,116,2,49" hai1="123,132,24,22,90,112,70,45,51,16,62,19,53" hai2="77,14,84,52,48,41,46,67,26,15,66,44,9" hai3="75,4,3,71,103,5,29,104,10,76,12,42,121"/><V36/><F26/><W23/><G121/><T115/><D115/><U129/><E112/><V21/><F21/><W80/><G5/><T131/><D33/><U91/><E129/><V30/><F30/><W107/><G103/><T56/><D109/><U120/><E132/><V88/><F77/><W61/><G12/><T27/><D131/><U81/><E81/><V25/><F25/><W13/><G13/><T113/><D113/><U98/><E98/><V130/><F14/><W119/><G23/><T47/><D27/><U34/><E19/><V92/><REACH who="2" step="1"/><F130/><REACH who="2" ten="271,340,250,119" step="2"/><W79/><G29/><T102/><D0/><U74/><E22/><V108/><F108/><W96/><G76/><T35/><D2/><U31/><E31/><V128/><F128/><W69/><G3/><T18/><D35/><U1/><E24/><V83/><F83/><W110/><G80/><T37/><D6/><AGARI ba="1,2" hai="6,9,15,36,41,44,46,48,52,66,67,84,88,92" machi="6" ten="30,12000,1" yaku="1,1,7,1,54,2,53,1" doraHai="55" doraHaiUra="11" who="2" fromWho="0" sc="271,-123,340,0,250,143,119,0" /><INIT seed="2,2,0,5,3,79" ten="148,340,393,119" oya="2" hai0="59,22,111,39,57,113,133,135,105,108,77,14,129" hai1="44,120,43,64,52,130,87,62,24,80,134,81,53" hai2="58,127,13,101,30,71,100,40,132,68,46,6,33" hai3="119,66,36,51,121,67,61,109,92,60,35,88,96"/><V7/><F132/><N who="0" m="50762" /><D105/><U26/><E134/><V73/><F127/><W47/><G35/><T45/><D113/><U85/><E130/><V18/><F73/><W1/><G1/><T42/><D129/><U123/><E64/><V16/><F58/><N who="0" m="22026" /><D77/><N who="1" m="46223" /><E62/><V0/><F0/><W25/><G36/><T50/><D39/><U117/><E43/><V56/><F56/><W118/><G121/><N who="1" m="46666" /><E117/><V95/><F95/><W21/><G118/><T128/><D128/><U106/><E106/><V76/><F76/><W93/><G119/><T83/><D83/><U4/><E4/><V29/><F40/><W84/><G61/><T86/><D86/><U104/><E104/><V74/><F74/><W23/><G60/><T125/><D125/><U94/><E94/><V11/><F33/><W10/><G67/><T9/><D22/><U114/><E114/><V49/><F49/><W103/><G21/><T131/><D131/><U37/><E37/><V102/><F71/><W5/><G66/><T112/><D112/><U15/><E44/><V19/><F46/><W110/><G47/><T75/><D75/><U55/><E15/><N who="2" m="7295" /><F68/><W34/><G51/><T97/><D97/><U17/><E17/><AGARI ba="2,0" hai="9,14,17,42,45,50,108,111" m="22026,50762" machi="17" ten="30,1000,0" yaku="20,1" doraHai="79" who="0" fromWho="1" sc="148,16,340,-16,393,0,119,0" /><INIT seed="3,0,0,5,2,117" ten="164,324,393,119" oya="3" hai0="40,126,101,98,64,57,99,39,7,44,33,38,133" hai1="35,121,109,10,115,25,82,131,9,124,97,42,47" hai2="49,132,13,8,74,16,45,59,110,80,72,130,85" hai3="30,118,135,6,125,14,100,107,4,18,114,75,89"/><W58/><G114/><T53/><D33/><U52/><E115/><V28/><F110/><W23/><G118/><T19/><D126/><U51/><E109/><V71/><F71/><W0/><G75/><T34/><D34/><U36/><E124/><V95/><F130/><W102/><G125/><T79/><D133/><U77/><E131/><V106/><F106/><W83/><G135/><T56/><D7/><U1/><E97/><V123/><F28/><W90/><G30/><T129/><D129/><U61/><E61/><V46/><F95/><W32/><G32/><T2/><D2/><U119/><E119/><V48/><F59/><W69/><G69/><T76/><D38/><U93/><E93/><V63/><F63/><W21/><G21/><T29/><D29/><U3/><E3/><V81/><F123/><W127/><G127/><T5/><D5/><N who="3" m="2153" /><G107/><T20/><D64/><U86/><E1/><V41/><F132/><W94/><G0/><T73/><D57/><U105/><E105/><V67/><F67/><W112/><G58/><T65/><D65/><U88/><E25/><V60/><F60/><W22/><G22/><T68/><D68/><U55/><E35/><V70/><F70/><W11/><G23/><T134/><D134/><U122/><E36/><V87/><F74/><W96/><G112/><T116/><D116/><U27/><E27/><V108/><F108/><W31/><G31/><T113/><D113/><U92/><E122/><V128/><F128/><W37/><G37/><T111/><D39/><U120/><E120/><V84/><F72/><W15/><G15/><RYUUKYOKU ba="0,0" sc="164,-15,324,-15,393,15,119,15" hai2="8,13,16,41,45,46,48,49,80,81,84,85,87" hai3="11,14,18,83,89,90,94,96,100,102" /><INIT seed="3,1,0,2,5,81" ten="149,309,408,134" oya="3" hai0="110,95,127,66,69,102,122,133,41,80,56,11,71" hai1="83,19,39,57,107,6,45,14,101,27,90,104,24" hai2="48,117,54,70,61,31,132,123,119,88,76,4,114" hai3="97,9,72,60,112,63,94,15,3,131,0,82,68"/><W99/><G112/><T135/><D122/><U78/><E90/><V20/><F114/><W87/><G72/><T67/><D11/><U130/><E130/><V34/><F34/><W113/><G113/><T129/><D129/><U42/><E6/><V65/><F76/><W35/><G35/><T49/><D80/><U108/><E57/><V126/><F4/><W28/><G28/><T84/><D102/><U53/><E53/><V21/><F132/><N who="0" m="50762" /><D95/><U23/><E108/><V17/><F126/><W26/><G26/><T62/><D84/><U13/><E14/><V125/><F125/><W25/><G25/><T22/><D22/><U36/><E36/><V105/><F105/><W96/><G94/><T40/><D127/><U10/><E101/><V89/><F123/><W128/><G128/><T30/><D30/><U8/><E8/><V47/><F21/><W134/><G134/><T2/><D2/><U52/><E24/><V38/><F31/><W93/><G93/><T73/><D73/><U111/><E111/><V103/><F38/><W85/><G85/><T109/><D109/><U16/><E52/><V59/><F70/><W51/><G68/><T64/><D110/><U44/><E44/><V116/><REACH who="2" step="1"/><F103/><REACH who="2" ten="149,309,398,134" step="2"/><W106/><G106/><T12/><D71/><U74/><AGARI ba="1,1" hai="10,13,16,19,23,27,39,42,45,74,78,83,104,107" machi="74" ten="20,2700,0" yaku="0,1,7,1,54,1" doraHai="81" who="1" fromWho="1" sc="149,-8,309,40,398,-8,134,-14" /><INIT seed="4,0,0,0,0,129" ten="141,349,390,120" oya="0" hai0="113,26,134,65,21,111,28,79,37,64,39,43,24" hai1="135,27,44,92,133,45,31,57,122,131,41,12,67" hai2="84,7,115,11,91,48,68,40,34,130,59,96,97" hai3="117,22,13,126,3,98,69,104,61,103,100,29,77"/><T46/><D113/><U73/><E73/><V72/><F72/><W127/><G3/><T32/><D111/><U108/><E122/><V101/><F34/><W19/><G77/><T49/><D79/><U123/><E123/><V87/><F68/><W109/><G109/><T81/><D81/><U17/><E108/><V70/><F70/><W4/><G117/><T71/><D134/><N who="1" m="51211" /><E92/><V5/><F130/><W0/><G100/><T110/><D110/><U74/><E74/><V83/><F87/><W90/><G90/><T25/><D25/><U93/><E93/><V75/><F75/><W53/><G29/><T10/><D10/><N who="1" m="6295" /><E41/><V63/><F11/><W50/><G104/><T47/><D71/><U102/><E102/><V15/><F115/><W107/><G69/><T82/><D82/><U38/><E38/><V106/><F97/><W33/><G103/><T80/><D80/><U119/><E119/><V42/><F40/><W132/><G98/><T58/><D37/><U124/><E124/><V18/><F42/><W52/><G107/><T2/><D39/><U114/><E114/><V86/><F86/><W1/><G132/><T105/><D43/><U116/><E116/><V20/><F5/><W9/><G127/><T30/><D105/><U120/><E131/><V36/><F7/><W55/><G126/><T85/><D85/><U118/><E118/><V60/><F36/><W56/><G4/><T14/><D46/><U95/><E120/><V99/><F99/><W16/><G0/><T76/><D2/><U62/><E95/><V121/><F121/><W89/><G1/><RYUUKYOKU ba="0,0" sc="141,-15,349,15,390,15,120,-15" hai1="27,31,44,45,57,62,67" hai2="15,18,20,48,59,60,63,83,84,91,96,101,106" /><INIT seed="5,1,0,1,5,67" ten="126,364,405,105" oya="1" hai0="55,25,94,124,51,122,84,10,132,134,77,133,81" hai1="111,107,65,130,79,101,11,43,58,44,86,47,2" hai2="92,16,37,99,20,33,125,116,104,78,48,52,57" hai3="96,14,38,112,59,100,62,83,53,128,118,108,28"/><U119/><E119/><V85/><F33/><W9/><G108/><T93/><D124/><U31/><E111/><V41/><F125/><W5/><G112/><T120/><D25/><U135/><E31/><V27/><F116/><W129/><G38/><T102/><D10/><U89/><E135/><V35/><F104/><W82/><G28/><T23/><D23/><U34/><E34/><V40/><F37/><W4/><G4/><T60/><D60/><U32/><E32/><V45/><F35/><W70/><G70/><T0/><D0/><U22/><E22/><V131/><F131/><N who="3" m="50251" /><G118/><T36/><D36/><U12/><E2/><V61/><F85/><W21/><G21/><T3/><D3/><U66/><E79/><V42/><F78/><W29/><G29/><T63/><D63/><N who="1" m="38135" /><E66/><V88/><AGARI ba="1,0" hai="16,20,27,40,41,42,45,48,52,57,61,88,92,99" machi="88" ten="20,16000,3" yaku="0,1,7,1,25,2,8,1,54,3" doraHai="67" who="2" fromWho="2" sc="126,-41,364,-81,405,163,105,-41" /><INIT seed="6,0,0,5,4,112" ten="85,283,568,64" oya="2" hai0="44,64,111,72,90,37,60,131,110,6,39,133,125" hai1="76,57,132,54,129,68,80,77,29,102,127,79,33" hai2="43,11,40,8,86,65,53,9,10,18,74,109,107" hai3="35,23,58,134,32,94,50,3,81,118,31,66,36"/><V88/><F74/><W30/><G36/><T124/><D72/><U85/><E68/><V21/><F107/><W69/><G3/><T62/><D6/><U116/><E29/><V89/><F65/><W105/><G105/><T106/><D106/><U45/><E33/><V34/><F8/><W113/><G69/><N who="0" m="42119" /><D90/><U52/><E102/><V115/><F115/><W17/><G81/><T0/><D0/><U101/><E101/><V114/><F109/><N who="0" m="41482" /><D133/><U70/><E70/><V67/><F67/><W119/><G94/><T117/><D131/><U130/><E132/><V120/><F120/><W95/><G95/><T135/><D135/><U27/><E79/><V92/><F34/><W99/><G99/><T73/><D73/><U41/><E77/><V121/><F89/><W84/><G84/><T5/><D5/><U104/><E76/><V100/><F121/><W78/><G78/><T55/><D117/><U61/><E116/><V14/><F100/><W51/><G113/><T42/><D37/><U2/><E80/><V26/><F26/><W59/><G134/><T38/><D38/><U12/><E85/><V25/><F25/><W98/><G98/><T48/><D62/><U1/><E27/><V47/><F114/><W19/><G66/><T22/><D22/><AGARI ba="0,0" hai="17,19,22,23,30,31,32,35,50,51,58,59,118,119" machi="22" ten="25,6400,0" yaku="22,2,52,2" doraHai="112" who="3" fromWho="0" sc="85,-64,283,0,568,0,64,64" /><INIT seed="7,0,0,4,1,40" ten="21,283,568,128" oya="3" hai0="16,113,119,78,108,132,26,12,35,50,15,117,125" hai1="83,120,74,93,42,96,97,29,24,9,88,115,75" hai2="86,49,67,101,3,71,121,95,63,22,112,31,118" hai3="39,54,85,72,105,135,80,124,109,64,7,129,127"/><W53/><G64/><T98/><D78/><U114/><E120/><V23/><F3/><W2/><G53/><T79/><D79/><N who="1" m="44535" /><E75/><V128/><F128/><W89/><G54/><T76/><D76/><U84/><E42/><V25/><F118/><W61/><G61/><T13/><D98/><U92/><E92/><V123/><F112/><N who="1" m="43049" /><E9/><V90/><F101/><W46/><G7/><T111/><D113/><U55/><E55/><V14/><F49/><W94/><G2/><T27/><D50/><U104/><E104/><V48/><F48/><W28/><G28/><T103/><D103/><U36/><E36/><V107/><F107/><W122/><G105/><T73/><D73/><U130/><E130/><V51/><F51/><W34/><G39/><T60/><D60/><U57/><E57/><V65/><F65/><W69/><G69/><T133/><D35/><AGARI ba="0,0" hai="24,29,35,84,88,93,96,97" m="43049,44535" machi="35" ten="30,2000,0" yaku="15,1,54,1" doraHai="40" who="1" fromWho="0" sc="21,-20,283,20,568,0,128,0" owari="1,-49.9,303,10.3,568,66.8,128,-27.2" /></mjloggm>