<mjloggm ver="2.3"><GO type="169" lobby="0"/><UN n0="%6B%72%62" n1="%E3%81%8B%E3%81%B6%E8%8C%B6" n2="%E8%BE%9B%E5%8F%A3%E3%82%AB%E3%83%AC%E3%83%BC%E3%83%A9%E3%82%A4%E3%82%B9" n3="%E3%83%AB%E3%83%89%E3%82%A6%E3%82%A3%E3%83%83%E3%82%B0" dan="16,17,16,16" rate="2171.22,2146.46,2133.47,2154.68" sx="F,M,M,M"/><TAIKYOKU oya="0"/><INIT seed="0,0,0,3,4,119" ten="250,250,250,250" oya="0" hai0="114,51,91,44,87,31,81,12,67,107,112,22,95" hai1="43,103,135,120,132,109,122,86,83,61,74,37,134" hai2="101,98,63,80,57,123,85,126,104,13,78,60,50" hai3="23,17,52,129,117,116,96,54,99,24,39,25,62"/><T113/><D107/><U115/><E37/><V42/><F126/><W26/><G39/><T53/><D67/><U105/><E43/><V20/><F123/><N who="1" m="47145" /><E109/><V133/><F133/><W88/><G129/><T66/><D66/><U100/><E61/><V90/><F42/><W84/><G117/><T82/><D31/><U48/><E105/><V73/><F50/><W58/><G54/><T97/><D22/><U76/><E115/><V40/><F40/><W49/><G116/><T128/><D128/><U11/><E48/><V9/><F20/><W45/><G45/><T131/><D131/><U47/><E47/><V106/><F57/><W110/><G110/><T1/><D1/><U130/><E130/><V55/><F55/><W30/><G49/><T121/><D121/><U16/><E74/><V89/><F89/><W7/><G30/><T46/><D46/><U75/><E75/><V77/><F77/><W34/><G34/><T36/><D36/><U14/><AGARI ba="0,0" hai="11,14,16,76,83,86,100,103,132,134,135" m="47145" machi="14" ten="40,8000,1" yaku="20,1,52,3,54,1" doraHai="119" who="1" fromWho="1" sc="250,-40,250,80,250,-20,250,-20" /><INIT seed="1,0,0,1,3,53" ten="210,330,230,230" oya="1" hai0="23,58,50,110,85,106,71,19,99,43,40,27,77" hai1="32,105,104,70,93,92,133,103,42,86,98,55,59" hai2="73,89,101,97,64,25,69,14,79,28,102,95,83" hai3="131,26,8,113,80,16,90,39,6,124,12,52,121"/><U117/><E70/><V3/><F3/><W34/><G121/><T46/><D71/><U35/><E117/><V11/><F64/><W45/><G113/><T30/><D110/><U29/><E42/><V75/><F75/><W9/><G131/><T111/><D111/><U128/><E128/><V10/><F69/><W125/><G39/><T76/><D43/><U84/><E133/><V44/><F44/><W96/><G26/><T108/><D108/><U82/><E29/><V56/><F56/><W21/><G34/><T20/><D106/><U65/><E65/><V112/><F112/><W63/><G6/><T94/><D85/><U41/><E41/><V118/><F118/><W126/><G45/><T122/><D122/><U107/><E92/><V37/><F37/><W74/><G96/><T2/><D2/><U127/><E86/><V13/><F13/><W135/><G135/><T24/><REACH who="0" step="1"/><D58/><REACH who="0" ten="200,330,230,230" step="2"/><U54/><E105/><V100/><REACH who="2" step="1"/><F14/><REACH who="2" ten="200,330,220,230" step="2"/><W5/><G74/><T78/><D78/><U57/><E57/><V7/><F7/><W1/><G5/><T67/><D67/><U119/><E59/><V114/><F114/><W51/><G1/><T38/><D38/><U49/><E119/><V120/><F120/><W87/><G124/><T81/><D81/><U0/><E82/><V47/><F47/><N who="3" m="27775" /><G126/><T33/><D33/><AGARI ba="0,2" hai="10,11,25,28,33,73,79,83,89,95,97,100,101,102" machi="33" ten="40,1300,0" yaku="1,1,53,0" doraHai="53" doraHaiUra="109" who="2" fromWho="0" sc="200,-13,330,0,220,33,230,0" /><INIT seed="2,0,0,0,5,81" ten="187,330,253,230" oya="2" hai0="41,68,55,125,96,6,39,22,52,10,95,54,13" hai1="131,132,40,8,17,107,70,103,51,63,49,31,5" hai2="46,78,73,101,35,84,77,19,100,60,106,79,18" hai3="133,11,92,14,116,24,91,44,33,9,30,112,23"/><V130/><F73/><W109/><G116/><T108/><D68/><U12/><E131/><V50/><F35/><W16/><G109/><T114/><D108/><U15/><E132/><V75/><F75/><W20/><G133/><T124/><D114/><U113/><E113/><V119/><F119/><W32/><G112/><T3/><D39/><U134/><E31/><V2/><F2/><W0/><G44/><T67/><D67/><U47/><E107/><V127/><F127/><W126/><G126/><T111/><D41/><U128/><E103/><N who="2" m="39499" /><F106/><W37/><G37/><T104/><D104/><U43/><E128/><V105/><F105/><W25/><G91/><T118/><D118/><U117/><E134/><V93/><F60/><W76/><G92/><T59/><D111/><U85/><E63/><V87/><F130/><W61/><G76/><T83/><D83/><U65/><E65/><V7/><F7/><N who="3" m="1255" /><G61/><T26/><D3/><U36/><E70/><V88/><F87/><W99/><G99/><T56/><D125/><U29/><E117/><V42/><AGARI ba="0,0" hai="18,19,42,46,50,77,78,79,84,88,93" m="39499" machi="42" ten="30,6000,0" yaku="8,1,52,1,54,1" doraHai="81" who="2" fromWho="2" sc="187,-20,330,-20,253,60,230,-20" /><INIT seed="2,1,0,4,3,94" ten="167,310,313,210" oya="2" hai0="108,5,134,79,55,23,78,69,65,91,0,48,112" hai1="35,3,27,71,16,88,17,67,125,45,95,44,113" hai2="89,34,128,86,50,120,20,73,105,97,1,52,123" hai3="87,21,101,84,12,36,75,74,99,63,130,24,121"/><V102/><F34/><W127/><G36/><T85/><D112/><U47/><E113/><V135/><F135/><W104/><G121/><T116/><D134/><U7/><E125/><V81/><F128/><W106/><G127/><T26/><D116/><U119/><E119/><V32/><F32/><W11/><G106/><T46/><D5/><U39/><E39/><V70/><F70/><W114/><G130/><T18/><D0/><U100/><E100/><V126/><F126/><W8/><G63/><T56/><D69/><U41/><E41/><V25/><F1/><W6/><G8/><T109/><D109/><U59/><E7/><V2/><F2/><W30/><REACH who="3" step="1"/><G114/><REACH who="3" ten="167,310,313,200" step="2"/><T64/><D108/><U33/><E71/><V82/><F120/><W132/><G132/><T80/><D65/><U90/><E67/><V54/><F123/><W131/><G131/><T115/><D115/><U9/><E9/><V14/><F50/><W28/><G28/><T42/><REACH who="0" step="1"/><D64/><REACH who="0" ten="157,310,313,200" step="2"/><U72/><E3/><V96/><F105/><W118/><G118/><T37/><AGARI ba="1,2" hai="18,23,26,37,42,46,48,55,56,78,79,80,85,91" machi="37" ten="20,5200,0" yaku="1,1,2,1,0,1,7,1,53,0" doraHai="94" doraHaiUra="111" who="0" fromWho="0" sc="157,75,310,-14,313,-27,200,-14" /><INIT seed="3,0,0,3,0,25" ten="232,296,286,186" oya="3" hai0="32,9,113,88,92,91,7,112,29,77,60,125,87" hai1="2,63,64,33,12,109,56,81,83,18,100,41,107" hai2="59,85,68,23,17,52,42,111,134,62,126,74,46" hai3="115,19,11,6,106,10,98,86,132,4,127,16,101"/><W37/><G115/><N who="0" m="44107" /><D125/><U50/><E2/><V128/><F126/><W118/><G127/><T65/><D77/><U96/><E109/><V95/><F111/><W39/><G118/><T103/><D103/><U5/><E5/><V48/><F134/><W13/><G132/><T89/><D32/><U121/><E33/><V130/><F74/><W57/><G57/><N who="0" m="37007" /><D29/><U90/><E90/><V67/><F95/><W1/><REACH who="3" step="1"/><G86/><REACH who="3" ten="232,296,286,176" step="2"/><T35/><D35/><U80/><E56/><V3/><F85/><W120/><G120/><T104/><D104/><U26/><E121/><V61/><REACH who="2" step="1"/><F3/><AGARI ba="0,1" hai="3,7,9,87,88,89,91,92" m="37007,44107" machi="3" ten="30,2000,0" yaku="11,1,54,1" doraHai="25" who="0" fromWho="2" sc="232,30,296,0,286,-20,176,0" /><INIT seed="4,0,0,3,1,30" ten="262,296,266,176" oya="0" hai0="62,25,49,71,92,95,72,65,26,130,99,80,132" hai1="60,42,70,97,91,121,106,52,8,96,75,67,66" hai2="105,1,10,13,36,98,55,64,27,18,0,2,107" hai3="35,17,20,29,77,94,128,40,47,23,110,109,41"/><T108/><D132/><U118/><E121/><V73/><F36/><W114/><G114/><T53/><D130/><U102/><E118/><V124/><F73/><W123/><G128/><T127/><D127/><U39/><E75/><V122/><F122/><W85/><G123/><T61/><D61/><U4/><E67/><V89/><F124/><W76/><G41/><T9/><D108/><U129/><E129/><V135/><F135/><W119/><G119/><T15/><D92/><U34/><E91/><V101/><F64/><W38/><G77/><T116/><D80/><U83/><E96/><V90/><F105/><W48/><G38/><T31/><D72/><U93/><E52/><V50/><REACH who="2" step="1"/><F27/><REACH who="2" ten="262,296,256,176" step="2"/><W33/><G110/><T84/><D116/><U45/><E93/><V103/><F103/><W88/><G109/><T54/><D26/><U126/><E83/><V16/><F16/><W87/><G29/><T86/><D25/><U28/><E126/><V69/><F69/><W3/><G17/><T134/><D31/><U117/><E28/><V113/><F113/><W133/><G133/><T79/><D134/><U112/><E117/><V32/><F32/><W78/><G35/><T22/><D65/><U57/><E112/><V11/><F11/><W19/><G33/><T100/><D71/><U59/><E34/><V12/><F12/><AGARI ba="0,1" hai="4,8,12,39,42,45,57,59,60,66,70,97,102,106" machi="12" ten="30,1000,0" yaku="7,1" doraHai="30" who="1" fromWho="2" sc="262,0,296,20,256,-10,176,0" /><INIT seed="5,0,0,5,2,134" ten="262,316,246,176" oya="1" hai0="122,104,19,61,13,1,53,65,131,10,121,60,26" hai1="107,113,25,43,117,40,49,9,119,15,0,17,31" hai2="58,73,74,8,63,64,62,88,110,70,79,80,47" hai3="27,72,29,7,52,116,68,96,55,18,22,125,123"/><U98/><E107/><V50/><F110/><W28/><G123/><N who="0" m="47115" /><D104/><U32/><E98/><V35/><F35/><W91/><G72/><T2/><D131/><U76/><E76/><V38/><F38/><W75/><G75/><T109/><D109/><U132/><E49/><V102/><F102/><W39/><G68/><N who="0" m="42023" /><D26/><U89/><E89/><V127/><F127/><W33/><G39/><T84/><D84/><U59/><E59/><AGARI ba="0,0" hai="1,2,10,13,19,53,59,61" m="42023,47115" machi="59" ten="30,1000,0" yaku="13,1" doraHai="134" who="0" fromWho="1" sc="262,10,316,-10,246,0,176,0" /><INIT seed="6,0,0,4,2,128" ten="272,306,246,176" oya="2" hai0="130,95,67,125,34,55,135,134,109,15,13,60,107" hai1="32,1,110,72,105,100,101,61,92,65,46,48,56" hai2="116,86,82,131,39,63,80,27,108,25,2,77,43" hai3="35,20,122,10,127,57,70,45,30,96,42,89,3"/><V4/><F116/><W90/><G70/><T126/><D107/><U28/><E110/><V79/><F131/><W74/><G74/><T133/><D130/><U132/><E1/><V78/><F108/><W0/><G122/><T87/><D34/><U124/><E72/><V51/><F39/><W94/><G35/><T49/><D87/><U118/><E105/><V24/><F63/><W37/><G127/><N who="0" m="48651" /><D95/><U9/><E124/><V84/><F2/><W8/><G57/><N who="0" m="37263" /><D109/><U117/><E100/><V73/><F4/><W71/><G71/><T47/><AGARI ba="0,0" hai="13,15,47,49,55,133,134,135" m="37263,48651" machi="47" ten="40,8000,1" yaku="20,1,18,1,52,3" doraHai="128" who="0" fromWho="0" sc="272,80,306,-20,246,-40,176,-20" /><INIT seed="7,0,0,0,1,80" ten="352,286,206,156" oya="3" hai0="9,30,93,86,39,15,47,125,48,67,65,115,23" hai1="69,106,6,96,31,49,43,52,5,84,46,110,29" hai2="25,28,24,112,50,95,22,82,7,73,107,76,100" hai3="102,17,131,59,104,75,10,118,111,20,45,66,21"/><W127/><G118/><T13/><D39/><U114/><E110/><V27/><F107/><W85/><G75/><T83/><D93/><U44/><E69/><V72/><F72/><W103/><G111/><T128/><D115/><U126/><E114/><V36/><F36/><W19/><G131/><T94/><D94/><U62/><E126/><V0/><F112/><W40/><G127/><T113/><D125/><U133/><E133/><V92/><F0/><W74/><G74/><T129/><D113/><U42/><E106/><V120/><F7/><W63/><G104/><T8/><D8/><U87/><E96/><V41/><F120/><W89/><G10/><T38/><D38/><U78/><E62/><V90/><F95/><N who="3" m="54703" /><G45/><T119/><D119/><U51/><E52/><V14/><F100/><N who="3" m="38443" /><G40/><T97/><D9/><U121/><REACH who="1" step="1"/><E78/><REACH who="1" ten="352,276,206,156" step="2"/><V2/><F76/><W71/><G71/><T105/><D105/><U60/><E60/><V99/><F99/><W58/><G58/><T26/><D97/><U34/><E34/><V124/><F124/><W33/><G33/><T123/><D129/><U130/><E130/><V4/><F41/><W81/><G81/><T35/><D35/><U56/><E56/><V54/><F82/><W64/><G64/><N who="0" m="24651" /><D128/><U1/><E1/><V77/><F2/><W37/><G37/><T70/><D70/><U55/><E55/><V135/><F54/><W91/><G91/><N who="0" m="51679" /><D123/><AGARI ba="0,1" hai="5,6,29,31,42,43,44,46,49,51,84,87,121,123" machi="123" ten="25,8000,1" yaku="1,1,22,2,52,2,53,0" doraHai="80" doraHaiUra="122" who="1" fromWho="0" sc="352,-80,276,90,206,0,156,0" owari="272,7.2,366,46.6,206,-19.4,156,-34.4" /></mjloggm>