<mjloggm ver="2.3"><GO type="169" lobby="0"/><UN n0="%50%6F%6F%48%65%3F" n1="%4D%75%64%46%6C%6F%77" n2="%E5%AF%BF%E4%BA%BA%E6%B5%81%E7%89%8C%E6%89%8B" n3="%E8%8B%B1%E5%9B%BD%E5%A3%B2%E5%8D%B4" dan="16,17,16,18" rate="2151.13,2202.57,2105.74,2252.78" sx="F,M,M,M"/><TAIKYOKU oya="0"/><INIT seed="0,0,0,5,2,62" ten="250,250,250,250" oya="0" hai0="21,54,1,124,43,76,102,78,70,87,84,37,113" hai1="86,28,68,77,93,80,65,16,66,34,50,30,57" hai2="79,3,32,14,52,44,132,125,114,129,9,91,104" hai3="7,40,81,19,120,92,97,11,53,58,2,121,60"/><T61/><D113/><U33/><E68/><V64/><F114/><W26/><G81/><T5/><D124/><U8/><E34/><V4/><F32/><W89/><REACH who="3" step="1"/><G40/><REACH who="3" ten="250,250,250,240" step="2"/><T74/><D43/><U17/><E33/><V72/><F125/><W101/><G101/><T67/><D74/><U95/><E93/><V106/><F72/><W73/><G73/><T25/><D37/><U31/><E95/><V0/><F106/><W22/><AGARI ba="0,1" hai="2,7,11,19,22,26,53,58,60,89,92,97,120,121" machi="22" ten="30,7900,0" yaku="1,1,0,1,25,2,53,0" doraHai="62" doraHaiUra="134" who="3" fromWho="3" sc="250,-39,250,-20,250,-20,240,89" /><INIT seed="1,0,0,2,0,57" ten="211,230,230,329" oya="1" hai0="78,101,47,54,0,105,16,112,56,46,44,4,42" hai1="13,27,109,108,81,34,61,130,10,32,64,22,30" hai2="87,123,76,20,100,33,126,49,111,94,72,23,17" hai3="28,69,89,50,93,43,116,114,79,15,129,124,5"/><U12/><E130/><V71/><F123/><W48/><G114/><T68/><D68/><U115/><E115/><V8/><F33/><W86/><G129/><T51/><D112/><U24/><E81/><V74/><F111/><N who="1" m="42569" /><E27/><V99/><F126/><W91/><G124/><T75/><D75/><U92/><E92/><V63/><F8/><W107/><G107/><T127/><D78/><U60/><E13/><V120/><F23/><W122/><G122/><T59/><D127/><U29/><E29/><V95/><F120/><W135/><G135/><T52/><D0/><U65/><E65/><V7/><F7/><W73/><G73/><T117/><D4/><N who="1" m="3143" /><E61/><V36/><F63/><W83/><G69/><AGARI ba="0,0" hai="22,24,30,32,34,60,64,69" m="3143,42569" machi="69" ten="30,5800,0" yaku="14,1,10,1,52,1" doraHai="57" who="1" fromWho="3" sc="211,0,230,58,230,0,329,-58" /><INIT seed="1,1,0,2,0,128" ten="211,288,230,271" oya="1" hai0="5,40,37,26,106,86,52,116,55,59,114,93,9" hai1="36,61,15,127,131,4,56,101,57,132,43,90,67" hai2="135,97,33,81,92,91,72,32,49,105,87,121,35" hai3="45,98,38,94,0,3,112,134,6,11,65,66,113"/><U82/><E131/><V96/><F121/><W71/><G134/><T104/><D116/><U70/><E127/><V50/><F135/><W30/><G3/><T95/><D114/><U18/><E4/><V119/><F119/><W10/><G30/><T8/><D26/><U122/><E101/><V126/><F126/><W7/><G71/><T27/><D27/><U123/><E132/><V118/><F118/><W2/><G45/><T69/><D69/><U63/><E43/><V88/><REACH who="2" step="1"/><F72/><REACH who="2" ten="211,288,220,271" step="2"/><W51/><G112/><T19/><D106/><U28/><E122/><V48/><F48/><W89/><G113/><T20/><D104/><U29/><E123/><V102/><AGARI ba="1,1" hai="32,33,35,49,50,81,87,88,91,92,96,97,102,105" machi="102" ten="40,5200,0" yaku="1,1,0,1,54,1,53,0" doraHai="128" doraHaiUra="107" who="2" fromWho="2" sc="211,-14,288,-27,220,65,271,-14" /><INIT seed="2,0,0,2,1,94" ten="197,261,285,257" oya="2" hai0="26,9,45,19,101,123,48,131,16,62,29,129,55" hai1="98,38,80,17,132,92,10,61,23,96,60,113,71" hai2="75,118,7,108,77,119,58,125,116,90,41,110,135" hai3="53,46,133,51,27,130,49,54,74,103,67,109,88"/><V52/><F41/><W78/><G109/><N who="2" m="42089" /><F135/><W134/><G103/><T84/><D123/><U40/><E113/><V2/><F125/><W44/><G130/><N who="0" m="49675" /><D84/><U37/><E10/><N who="2" m="2423" /><F90/><W15/><G67/><T20/><D101/><U56/><E132/><N who="3" m="50794" /><G15/><N who="0" m="7663" /><D62/><U128/><E128/><V1/><F1/><W24/><G88/><T5/><D5/><U25/><E60/><N who="2" m="35911" /><F77/><W105/><G78/><T43/><D43/><U70/><E40/><V112/><F75/><W28/><G74/><T82/><D82/><U32/><E80/><V22/><F22/><W36/><G36/><T3/><D3/><U34/><E37/><V127/><F127/><W14/><G49/><T11/><D11/><U12/><E38/><V76/><F76/><W121/><G51/><T79/><D79/><U85/><E34/><V115/><AGARI ba="0,0" hai="112,115,116,118,119" m="35911,2423,42089" machi="115" ten="40,7800,0" yaku="14,1,10,1,54,1" doraHai="94" who="2" fromWho="2" sc="197,-26,261,-26,285,78,257,-26" /><INIT seed="2,1,0,1,0,113" ten="171,235,363,231" oya="2" hai0="73,63,20,105,126,123,51,33,100,60,75,82,94" hai1="50,47,125,117,34,91,27,68,7,122,71,61,85" hai2="1,0,109,116,38,40,81,96,6,35,42,8,21" hai3="5,92,102,104,120,57,88,78,19,52,130,24,22"/><V44/><F35/><W74/><G130/><T41/><D123/><U127/><E7/><V89/><F40/><W58/><G120/><T14/><D33/><U43/><E122/><V9/><F109/><W66/><G104/><T108/><D105/><U70/><E61/><V12/><F116/><W64/><G58/><T3/><D3/><U30/><REACH who="1" step="1"/><E117/><REACH who="1" ten="171,225,363,231" step="2"/><V79/><F6/><W37/><G5/><T98/><D63/><U31/><E31/><V46/><F1/><W135/><G135/><T118/><D60/><U28/><E28/><V114/><F0/><W129/><G64/><T124/><D118/><U86/><E86/><V132/><F132/><W97/><G66/><T119/><D119/><U13/><E13/><V131/><F12/><W29/><G29/><T54/><D108/><U101/><E101/><V65/><F65/><W112/><G112/><T10/><D126/><U128/><E128/><V49/><F131/><W18/><G129/><T59/><D124/><U16/><E16/><V26/><F114/><W23/><G102/><T11/><D73/><U111/><E111/><V77/><F26/><W121/><G121/><T90/><D75/><U56/><E56/><V83/><F46/><W69/><G69/><T39/><D100/><U45/><E45/><V134/><F44/><W53/><G57/><T93/><D14/><U106/><E106/><V110/><F110/><W76/><G74/><T48/><D59/><U32/><E32/><V17/><F17/><W95/><G24/><T99/><D99/><U4/><E4/><V25/><F134/><W2/><G97/><RYUUKYOKU ba="1,1" sc="171,-10,225,30,363,-10,231,-10" hai1="27,30,34,43,47,50,68,70,71,85,91,125,127" /><INIT seed="3,2,1,1,3,108" ten="161,255,353,221" oya="3" hai0="69,6,101,52,90,111,49,62,82,25,38,79,0" hai1="33,63,34,121,76,74,75,126,110,4,43,28,130" hai2="13,39,36,134,60,20,124,73,119,35,133,7,70" hai3="29,66,100,55,106,127,120,80,16,83,65,37,54"/><W12/><G120/><T41/><D111/><U99/><E110/><V118/><F35/><W44/><G127/><T115/><D101/><U15/><E121/><V116/><F73/><W125/><G125/><T112/><D90/><U89/><E43/><V14/><F124/><W88/><G106/><T131/><D131/><U61/><E4/><V56/><F70/><W129/><G129/><T2/><D25/><U135/><E126/><V3/><F3/><W107/><G107/><T103/><D103/><U11/><E28/><V27/><F36/><W86/><G100/><T8/><D0/><U84/><E76/><V22/><F39/><W17/><G29/><T5/><D5/><U47/><E99/><V104/><F104/><W48/><G37/><T93/><D93/><U78/><E78/><V98/><F98/><W96/><G96/><T94/><D94/><U32/><E74/><V30/><F22/><W92/><G55/><T31/><D31/><U95/><E75/><V77/><F77/><W19/><G12/><T109/><D109/><U46/><E130/><V58/><F13/><W64/><AGARI ba="2,1" hai="16,17,19,44,48,54,64,65,66,80,83,86,88,92" machi="64" ten="30,11700,0" yaku="0,1,8,1,54,2" doraHai="108" who="3" fromWho="3" sc="161,-41,255,-41,353,-41,221,133" /><INIT seed="3,3,0,1,5,116" ten="120,214,312,354" oya="3" hai0="126,130,10,114,20,38,46,87,125,57,28,132,102" hai1="97,56,26,75,108,41,19,52,60,9,33,13,36" hai2="91,80,67,99,119,89,14,3,100,54,47,17,133" hai3="61,69,30,77,6,27,35,63,96,59,122,73,105"/><W58/><G6/><T95/><D132/><U12/><E108/><V78/><F3/><W81/><G122/><T15/><D130/><U4/><E75/><V135/><F67/><N who="3" m="41199" /><G63/><T134/><D114/><U76/><E76/><V8/><F119/><W115/><G115/><T90/><D134/><N who="2" m="51210" /><F47/><W32/><G32/><T111/><D111/><U16/><E97/><V23/><F54/><W129/><G129/><T11/><D102/><AGARI ba="3,0" hai="27,30,35,58,59,73,77,81,96,102,105" m="41199" machi="102" ten="30,1500,0" yaku="25,1" doraHai="116" who="3" fromWho="0" sc="120,-24,214,0,312,0,354,24" /><INIT seed="3,4,0,5,5,65" ten="96,214,312,378" oya="3" hai0="88,101,0,47,41,70,12,11,3,73,132,115,22" hai1="126,61,28,40,15,4,43,80,6,121,32,68,76" hai2="14,84,96,89,78,62,25,122,107,56,112,21,114" hai3="55,64,49,100,128,134,133,105,72,123,26,60,1"/><W46/><G123/><T9/><D73/><U27/><E126/><V135/><F135/><W82/><G1/><T103/><D70/><U67/><E121/><V77/><F122/><W109/><G128/><T13/><D132/><N who="3" m="50793" /><G109/><T113/><D22/><U91/><E91/><V2/><F2/><W81/><G72/><T42/><REACH who="0" step="1"/><D47/><REACH who="0" ten="86,214,312,378" step="2"/><U54/><E32/><V8/><F21/><W131/><G131/><T17/><D17/><U16/><E68/><V63/><F114/><W116/><G116/><T110/><D110/><U83/><E16/><V52/><F112/><W69/><G26/><T129/><D129/><U79/><E27/><V57/><F25/><W94/><G105/><T120/><D120/><U19/><E19/><N who="2" m="8647" /><F107/><W59/><G46/><T87/><D87/><U75/><E75/><V106/><F106/><W111/><G111/><T108/><D108/><U102/><E28/><V29/><F29/><W48/><G48/><T98/><D98/><AGARI ba="4,1" hai="49,55,59,60,64,69,81,82,94,98,100" m="50793" machi="98" ten="30,2900,0" yaku="20,1,52,1" doraHai="65" who="3" fromWho="0" sc="86,-41,214,0,312,0,378,51" /><INIT seed="3,5,0,2,5,121" ten="45,214,312,429" oya="3" hai0="42,113,69,87,116,83,114,37,29,61,84,59,17" hai1="110,20,23,58,45,52,35,4,63,12,38,39,93" hai2="71,107,28,62,3,65,68,102,117,0,46,76,120" hai3="8,123,127,19,30,2,55,44,135,122,86,32,115"/><W34/><G115/><T94/><D116/><U130/><E35/><V95/><F117/><W70/><G70/><T25/><D69/><U40/><E130/><V73/><F95/><W60/><G135/><T128/><D128/><U16/><E4/><V126/><F28/><W81/><G127/><T103/><D17/><U7/><E7/><V131/><F126/><W36/><G34/><T132/><D132/><U66/><E110/><V109/><F120/><W80/><G80/><T97/><D42/><U106/><E106/><V78/><F78/><W74/><G74/><T27/><D37/><U50/><E23/><V26/><F26/><W33/><G33/><T47/><D47/><U133/><E133/><V77/><F77/><W89/><G36/><T96/><D96/><U14/><E93/><V5/><F46/><W98/><G98/><T100/><D100/><U1/><E1/><N who="2" m="587" /><F5/><W43/><G2/><T51/><D51/><U75/><E75/><V99/><F71/><W9/><G8/><T105/><D105/><U53/><E12/><V72/><F131/><W54/><G30/><T82/><D82/><U92/><E92/><V41/><F41/><W104/><G32/><N who="0" m="20527" /><D27/><U90/><E90/><V108/><F76/><W13/><G104/><T129/><D129/><U79/><E79/><V118/><F118/><W119/><G119/><T22/><D22/><U6/><E6/><V48/><F48/><N who="3" m="28935" /><G43/><T15/><D83/><U21/><E21/><V56/><F68/><W57/><AGARI ba="5,0" hai="9,13,19,55,57,60,81,86,89,122,123" m="28935" machi="57" ten="30,1500,0" yaku="25,1" doraHai="121" who="3" fromWho="3" sc="45,-10,214,-10,312,-10,429,30" /><INIT seed="3,6,0,4,3,122" ten="35,204,302,459" oya="3" hai0="53,95,18,27,4,114,60,38,67,133,103,65,113" hai1="87,66,120,3,7,91,99,93,100,23,78,36,48" hai2="64,43,37,26,124,135,56,89,110,59,81,22,117" hai3="10,73,25,40,83,72,68,82,111,130,106,52,134"/><W70/><G130/><T46/><D133/><U33/><E33/><V58/><F117/><W5/><G134/><T32/><D4/><U9/><E36/><V51/><F37/><W6/><G40/><T0/><D0/><U49/><E120/><V39/><F39/><W94/><G94/><T92/><D38/><U76/><E66/><V96/><F124/><W34/><G25/><T11/><D46/><U75/><E23/><V116/><F116/><W88/><G10/><T54/><D67/><U125/><E125/><V129/><F129/><W107/><G34/><T57/><D11/><U84/><E84/><N who="2" m="50319" /><F96/><W80/><G80/><T24/><D24/><U30/><E30/><V85/><F85/><W8/><G8/><T90/><D103/><U71/><E71/><V86/><F86/><W123/><G123/><T105/><D105/><U62/><E62/><V17/><F135/><W128/><G128/><T121/><D95/><U119/><E119/><V126/><F126/><W109/><G52/><T28/><D18/><U44/><E75/><V35/><F35/><W21/><G21/><T55/><D121/><U2/><E2/><V14/><F26/><W118/><G118/><T29/><D29/><U98/><E98/><V63/><F43/><W127/><G127/><T47/><D47/><U42/><REACH who="1" step="1"/><E49/><REACH who="1" ten="35,194,302,459" step="2"/><V41/><F63/><W45/><G45/><T69/><D69/><U115/><E115/><N who="0" m="44041" /><D65/><U61/><E61/><V102/><F64/><W1/><G1/><T132/><D132/><U13/><E13/><V108/><F102/><W20/><G20/><T104/><D104/><AGARI ba="6,1" hai="3,7,9,42,44,48,76,78,87,91,93,99,100,104" machi="104" ten="30,3900,0" yaku="1,1,6,1,7,1,53,0" doraHai="122" doraHaiUra="50" who="1" fromWho="0" sc="35,-57,194,67,302,0,459,0" owari="-22,-52.2,261,-13.9,302,10.2,459,55.9" /></mjloggm>