<mjloggm ver="2.3"><GO type="169" lobby="0"/><UN n0="%E3%81%8B%E3%82%81%E3%81%98%E3%82%8D%E3%81%86" n1="%E6%9D%B1%E4%BA%AC%E9%9B%BB%E5%8A%9B" n2="%41%6D%69%63%68%61%6E" n3="%E5%A5%94%E4%BB%94" dan="16,17,16,17" rate="2112.92,2202.95,2075.98,2225.25" sx="M,M,F,M"/><TAIKYOKU oya="0"/><INIT seed="0,0,0,4,1,34" ten="250,250,250,250" oya="0" hai0="127,97,50,76,104,124,19,70,56,120,93,58,81" hai1="89,9,101,64,105,12,26,59,27,132,107,22,42" hai2="36,92,41,40,98,69,108,18,110,77,52,114,38" hai3="17,55,118,46,6,32,117,45,119,1,8,61,11"/><T75/><D120/><U14/><E132/><V48/><F77/><W79/><G32/><T100/><D70/><U4/><E42/><N who="2" m="16491" /><F69/><W23/><G79/><T122/><D122/><U29/><E101/><V91/><F18/><W85/><G85/><T109/><D109/><N who="2" m="42090" /><F114/><W10/><G61/><T95/><D19/><U133/><E133/><V73/><F73/><W123/><G123/><T28/><D28/><U51/><E89/><V134/><F134/><W44/><REACH who="3" step="1"/><G55/><REACH who="3" ten="250,250,250,240" step="2"/><T125/><D58/><AGARI ba="0,1" hai="36,38,48,52,58,91,92,98" m="42090,16491" machi="58" ten="30,2000,0" yaku="14,1,54,1" doraHai="34" who="2" fromWho="0" sc="250,-20,250,0,250,30,240,0" /><INIT seed="1,0,0,4,1,129" ten="230,250,280,240" oya="1" hai0="94,52,79,59,92,3,42,93,101,43,20,86,109" hai1="38,26,134,114,30,25,125,70,117,74,7,122,76" hai2="37,47,102,24,0,51,111,61,55,21,135,84,46" hai3="22,50,72,45,63,17,35,68,89,128,40,78,107"/><U11/><E70/><V34/><F0/><W116/><G35/><T106/><D3/><U97/><E114/><V119/><F119/><W10/><G107/><T23/><D109/><U53/><E125/><V87/><F111/><W41/><G128/><T110/><D110/><U90/><E38/><V9/><F34/><W39/><G10/><T88/><D79/><U104/><E122/><V103/><F61/><W57/><G72/><T12/><D106/><U100/><E53/><V64/><F64/><W127/><G78/><T121/><D121/><U44/><E44/><V118/><F9/><W123/><G127/><T36/><D36/><U69/><E69/><V73/><F73/><W133/><G89/><T15/><D101/><N who="2" m="38410" /><F37/><W54/><G116/><T91/><D93/><U77/><E117/><V108/><F118/><W96/><G96/><N who="0" m="57351" /><D15/><U1/><E74/><V99/><F99/><W16/><G123/><T18/><D20/><U2/><E2/><V98/><F98/><W105/><G105/><T120/><D120/><U13/><E1/><V80/><F80/><W62/><G22/><T19/><D19/><U32/><E104/><V48/><F108/><W65/><G17/><T28/><D28/><U60/><E100/><V67/><F21/><W58/><G16/><T82/><D82/><U27/><E32/><V81/><F24/><W66/><G40/><T29/><D29/><U85/><E30/><V112/><F112/><W131/><G131/><T71/><D71/><U49/><E11/><V132/><F81/><W56/><G68/><T113/><D113/><U126/><E25/><RYUUKYOKU ba="0,0" sc="230,15,250,-15,280,-15,240,15" hai0="12,18,23,42,43,52,59,86,91,94" hai3="39,41,45,50,54,56,57,58,62,63,65,66,133" /><INIT seed="2,1,0,1,5,12" ten="245,235,265,255" oya="2" hai0="74,131,121,129,5,99,21,91,47,93,8,65,49" hai1="22,15,111,118,130,82,56,120,7,67,0,70,38" hai2="25,18,97,2,112,109,62,115,57,31,81,19,126" hai3="35,13,53,14,113,24,127,124,84,54,11,110,79"/><V60/><F2/><W95/><G110/><T69/><D121/><U63/><E130/><V83/><F109/><W48/><G113/><T96/><D74/><U45/><E118/><V101/><F126/><W1/><G1/><T85/><D69/><U52/><E120/><V102/><F25/><W132/><G132/><T30/><D65/><U51/><E111/><V61/><F31/><W105/><G105/><T135/><D135/><U3/><E82/><N who="2" m="31243" /><F57/><W4/><G24/><T64/><D64/><U46/><E46/><V16/><F97/><W68/><G35/><T125/><D125/><U128/><E128/><N who="0" m="49225" /><D21/><U133/><E133/><V78/><F78/><W94/><G79/><T32/><D30/><U50/><E50/><V27/><F27/><W100/><G48/><T76/><D76/><U29/><E29/><V71/><F71/><W75/><G68/><T33/><D96/><U86/><E86/><V41/><F41/><W39/><G75/><T77/><D99/><U98/><E98/><V134/><F134/><W59/><G84/><T34/><D77/><U23/><E23/><V26/><F26/><W42/><G127/><T108/><D108/><U122/><E122/><V107/><F107/><W103/><G124/><T36/><D36/><U104/><E104/><V44/><F44/><W106/><G39/><T72/><D72/><U117/><E117/><V58/><F58/><W17/><G59/><T6/><D8/><N who="1" m="4511" /><E22/><V116/><F116/><W20/><G106/><T55/><AGARI ba="1,0" hai="5,6,32,33,34,47,49,55,85,91,93" m="49225" machi="55" ten="40,1500,0" yaku="19,1" doraHai="12" who="0" fromWho="0" sc="245,18,235,-5,265,-8,255,-5" /><INIT seed="3,0,0,4,1,105" ten="263,230,257,250" oya="3" hai0="40,20,113,120,116,117,106,74,84,29,3,10,4" hai1="43,104,59,95,6,71,131,19,92,100,46,72,54" hai2="115,129,78,18,85,70,126,122,36,55,5,79,67" hai3="97,91,0,77,58,17,9,7,83,87,109,44,64"/><W86/><G109/><T123/><D106/><U135/><E135/><V88/><F115/><W25/><G44/><T63/><D40/><U14/><E131/><V22/><F129/><W38/><G38/><T68/><D84/><U23/><E71/><V90/><F36/><W132/><G132/><T96/><D96/><U41/><E72/><V94/><F126/><W81/><G97/><T48/><D48/><U75/><E75/><V28/><F28/><W121/><G121/><N who="0" m="46667" /><D74/><U42/><E46/><V125/><F125/><W12/><G25/><N who="0" m="16551" /><D63/><U34/><E34/><V82/><F122/><W52/><G64/><T56/><D56/><U62/><E104/><V102/><F102/><W35/><G35/><T24/><D68/><U118/><E118/><N who="0" m="45673" /><D24/><N who="1" m="14463" /><E100/><V101/><F101/><W124/><G124/><T127/><D127/><U16/><E6/><V134/><F5/><W99/><G99/><T107/><D107/><U2/><E2/><V110/><F134/><W26/><G26/><T80/><D80/><U108/><E95/><V93/><F82/><W15/><REACH who="3" step="1"/><G17/><REACH who="3" ten="263,230,257,240" step="2"/><T69/><D69/><U119/><E119/><V89/><F70/><W66/><G66/><T73/><D113/><U33/><E33/><V51/><F67/><W111/><G111/><T65/><D65/><U39/><E108/><V45/><F110/><W103/><G103/><T60/><D4/><U76/><E39/><V11/><F45/><W61/><AGARI ba="0,1" hai="0,7,9,12,15,52,58,61,77,81,83,86,87,91" machi="61" ten="20,12000,1" yaku="1,1,0,1,7,1,54,1,53,1" doraHai="105" doraHaiUra="53" who="3" fromWho="3" sc="263,-40,230,-40,257,-40,240,130" /><INIT seed="3,1,0,1,2,35" ten="223,190,217,370" oya="3" hai0="4,2,94,18,74,123,118,91,58,50,6,65,78" hai1="72,42,20,44,85,11,26,55,21,7,75,129,133" hai2="101,81,99,62,8,135,38,61,97,23,105,56,108" hai3="76,87,16,28,1,9,34,32,3,27,130,79,107"/><W54/><G107/><T12/><D118/><U49/><E129/><V115/><F115/><W83/><G130/><T13/><D123/><U46/><E133/><V110/><F135/><W134/><G134/><T0/><D74/><U126/><E126/><V69/><F38/><W60/><G34/><T68/><D78/><U24/><E85/><V45/><F45/><W117/><G117/><T114/><D68/><U80/><E24/><V93/><F81/><W84/><G60/><T52/><D65/><U57/><E46/><V19/><F8/><W37/><G37/><T66/><D66/><U67/><E67/><V109/><F69/><W10/><G54/><T5/><D114/><U22/><E26/><N who="2" m="14719" /><F56/><W95/><G10/><T128/><D128/><U63/><REACH who="1" step="1"/><E80/><REACH who="1" ten="223,180,217,370" step="2"/><V25/><F25/><W104/><G83/><T31/><D31/><U112/><E112/><V100/><AGARI ba="1,1" hai="61,62,93,97,99,100,101,105,108,109,110" m="14719" machi="100" ten="40,1500,0" yaku="14,1" doraHai="35" who="2" fromWho="2" sc="223,-5,180,-5,217,28,370,-8" /><INIT seed="4,0,0,3,2,14" ten="218,175,245,362" oya="0" hai0="77,35,96,104,15,8,63,49,34,65,32,33,7" hai1="16,134,26,19,97,5,6,55,116,40,105,10,132" hai2="107,39,71,3,115,37,127,50,20,109,51,53,52" hai3="131,118,1,72,28,93,133,112,117,11,110,25,80"/><T59/><N who="0" m="8192" /><DORA hai="82" /><T122/><D122/><U27/><E40/><V62/><F107/><W120/><G93/><T90/><D77/><U47/><E116/><V30/><F3/><W38/><G110/><T43/><D43/><U94/><E105/><V124/><F30/><W76/><G112/><T64/><D49/><N who="2" m="18442" /><F20/><W85/><G38/><N who="2" m="14345" /><F115/><W121/><G72/><T130/><D130/><U46/><E55/><N who="2" m="21067" /><F109/><W58/><G1/><T78/><D78/><U45/><E94/><V18/><F18/><N who="1" m="6697" /><E97/><V135/><F135/><N who="1" m="51753" /><E10/><V98/><F98/><W29/><G11/><T92/><D104/><U106/><E106/><V12/><F12/><W102/><G133/><T87/><REACH who="0" step="1"/><D65/><AGARI ba="0,0" hai="62,65,71,124,127" m="21067,14345,18442" machi="65" ten="40,5200,0" yaku="34,2,54,1" doraHai="14,82" who="2" fromWho="0" sc="218,-52,175,0,245,52,362,0" /><INIT seed="5,0,0,0,4,70" ten="166,175,297,362" oya="1" hai0="17,42,72,33,125,95,101,29,2,39,43,81,51" hai1="24,84,89,38,67,90,79,13,120,44,116,28,113" hai2="132,12,60,99,59,27,5,0,134,123,115,98,4" hai3="87,119,30,76,85,96,74,50,66,3,93,71,35"/><U105/><E116/><V114/><F0/><W25/><G3/><T36/><D2/><U15/><E120/><V102/><F123/><W68/><G119/><T8/><D125/><U117/><E105/><V57/><F27/><W82/><G50/><T100/><D33/><U86/><E79/><V124/><F124/><W10/><G10/><T127/><D127/><U75/><E75/><V58/><F60/><W7/><G7/><N who="2" m="2633" /><F12/><W108/><G108/><T31/><D72/><U130/><E67/><V1/><F1/><W56/><G56/><T46/><D81/><U107/><E107/><V6/><N who="2" m="2641" /><V103/><DORA hai="91" /><F99/><W32/><G35/><T77/><D77/><U118/><E24/><V34/><F34/><W47/><G66/><T73/><D73/><U128/><E28/><V26/><F26/><W80/><G74/><T97/><D100/><N who="2" m="38442" /><F98/><W16/><G71/><T64/><D64/><U110/><E110/><V92/><F92/><W94/><G96/><T112/><D112/><AGARI ba="0,0" hai="57,58,59,112,114,115,132,134" m="38442,2641" machi="112" ten="40,8000,1" yaku="28,2,15,1,11,1" doraHai="70,91" who="2" fromWho="0" sc="166,-80,175,0,297,80,362,0" /><INIT seed="6,0,0,2,5,107" ten="86,175,377,362" oya="2" hai0="16,55,66,96,135,75,91,14,27,121,43,82,24" hai1="129,120,28,19,119,37,22,31,124,52,65,5,99" hai2="108,6,64,126,123,115,23,83,71,21,39,12,95" hai3="72,56,110,125,118,101,2,1,128,116,79,40,111"/><V34/><F123/><W46/><G56/><T77/><D121/><U15/><E124/><V10/><F34/><W85/><G85/><T102/><D135/><U57/><E129/><V87/><F39/><N who="3" m="21791" /><G101/><T78/><D43/><U26/><E119/><N who="3" m="45610" /><G125/><T131/><D131/><U132/><E132/><V3/><F126/><W60/><G60/><T109/><D109/><N who="3" m="41481" /><G128/><T9/><D66/><U92/><E65/><V127/><F64/><W36/><G36/><T89/><D78/><U70/><E37/><V50/><F71/><W69/><G69/><T59/><D89/><U42/><E70/><V0/><F50/><W25/><G25/><T98/><D91/><U104/><E104/><V62/><F62/><W20/><G20/><T38/><D38/><U18/><E120/><V100/><F100/><W90/><G90/><T114/><D96/><U53/><E42/><V73/><F127/><W54/><G54/><T80/><D114/><U117/><E53/><V17/><F115/><W81/><AGARI ba="0,0" hai="1,2,72,79,81" m="41481,45610,21791" machi="81" ten="40,2700,0" yaku="23,1,52,1" doraHai="107" who="3" fromWho="3" sc="86,-7,175,-7,377,-13,362,27" /><INIT seed="7,0,0,1,2,74" ten="79,168,364,389" oya="3" hai0="114,79,129,31,0,22,13,12,50,61,122,68,30" hai1="67,105,108,123,47,58,113,100,89,37,23,112,70" hai2="81,16,77,69,76,125,45,126,14,92,52,80,38" hai3="115,60,95,75,17,132,15,40,59,24,7,102,106"/><W121/><G121/><T29/><D122/><U26/><E89/><V118/><F69/><W104/><G75/><T53/><D129/><U72/><E100/><V71/><F71/><W46/><G115/><T39/><D0/><U109/><E23/><N who="2" m="11671" /><F118/><W86/><G7/><T116/><D116/><U78/><E47/><V42/><F52/><W97/><G24/><T10/><D39/><U83/><E83/><N who="2" m="31819" /><F92/><W25/><G25/><T124/><D124/><AGARI ba="0,0" hai="38,42,45,76,77,124,125,126" m="31819,11671" machi="124" ten="30,7700,0" yaku="18,1,52,2,54,1" doraHai="74" who="2" fromWho="0" sc="79,-77,168,0,364,77,389,0" owari="2,-49.8,168,-23.2,441,54.1,389,18.9" /></mjloggm>