<mjloggm ver="2.3"><GO type="169" lobby="0"/><UN n0="%E7%9B%AE%E5%8A%9B%36%30" n1="%E3%81%9F%E3%81%BE%E5%AD%90" n2="%E7%99%BD%E6%B2%B3%E3%81%97%E3%81%8A%E3%82%8A" n3="%31%35%2E%31%35%63%6D" dan="17,17,16,18" rate="2171.98,2255.65,2123.95,2308.35" sx="M,M,F,M"/><TAIKYOKU oya="0"/><INIT seed="0,0,0,5,0,28" ten="250,250,250,250" oya="0" hai0="87,128,116,133,39,118,83,119,43,122,40,1,35" hai1="127,51,95,50,14,22,71,135,25,9,77,115,58" hai2="45,12,31,29,10,64,92,113,55,18,102,121,16" hai3="93,114,90,49,125,7,34,110,17,63,99,53,132"/><T21/><D122/><U47/><E135/><V105/><F105/><W59/><G114/><T52/><D1/><U44/><E127/><V2/><F2/><W126/><G132/><T120/><D120/><U98/><E71/><V13/><F113/><W103/><G110/><T70/><D70/><U73/><E77/><V124/><F64/><W38/><G38/><T54/><D133/><U61/><E73/><V81/><F81/><W27/><G7/><T67/><D67/><U6/><E47/><V75/><F75/><W96/><G49/><T109/><D109/><U46/><E46/><V85/><F124/><W134/><G134/><T101/><D101/><U36/><E36/><V33/><F33/><W82/><G82/><T4/><D4/><U79/><E79/><V123/><F123/><W86/><G86/><T32/><D21/><U108/><E108/><V65/><F65/><W48/><G48/><T62/><D62/><U89/><E44/><V94/><F121/><W100/><G100/><T41/><D39/><U60/><E60/><V84/><F102/><W112/><G112/><T91/><REACH who="0" step="1"/><D128/><REACH who="0" ten="240,250,250,250" step="2"/><U88/><E115/><V78/><F10/><W19/><G126/><T68/><D68/><U42/><E42/><V0/><F0/><W129/><G129/><T8/><D8/><U74/><E9/><V69/><F69/><W56/><G125/><T117/><N who="0" m="29696" /><DORA hai="131" /><T72/><D72/><U37/><E74/><V66/><F66/><W30/><G103/><T3/><D3/><U106/><E37/><V76/><F55/><AGARI ba="0,1" hai="32,35,40,41,43,52,54,55,83,87,91" m="29696" machi="55" ten="70,12000,1" yaku="1,1,52,2,54,1,53,0" doraHai="28,131" doraHaiUra="107,23" who="0" fromWho="2" sc="240,130,250,0,250,-120,250,0" /><INIT seed="0,1,0,1,2,17" ten="370,250,130,250" oya="0" hai0="86,12,118,9,74,25,116,96,21,18,51,100,40" hai1="58,126,127,87,89,125,107,62,102,97,110,45,27" hai2="22,67,39,119,120,133,83,42,105,43,14,123,44" hai3="48,10,108,92,103,106,95,54,36,84,130,77,4"/><T59/><D74/><U31/><E110/><V29/><F133/><W78/><G36/><T117/><D86/><U70/><E45/><V35/><F119/><W53/><G108/><T26/><D40/><U6/><E6/><V101/><F42/><W124/><G130/><T23/><D26/><U3/><E3/><V88/><F35/><W13/><G124/><T5/><D51/><U68/><E58/><V28/><F28/><W134/><G106/><T66/><D59/><U69/><E62/><V32/><F32/><W91/><G134/><T57/><D57/><U109/><E109/><V128/><F128/><W73/><G73/><T114/><D66/><U63/><E63/><V2/><F2/><W61/><G61/><T131/><D114/><U65/><E65/><V99/><F67/><W94/><G103/><T113/><D113/><U75/><E75/><V76/><F76/><N who="3" m="29291" /><G48/><T60/><D60/><U20/><REACH who="1" step="1"/><E70/><REACH who="1" ten="370,240,130,250" step="2"/><V85/><REACH who="2" step="1"/><F14/><REACH who="2" ten="370,240,120,250" step="2"/><W15/><G13/><T112/><D131/><U104/><E104/><V129/><F129/><W16/><G4/><T115/><D112/><U50/><E50/><V19/><F19/><W7/><G7/><T55/><D115/><U49/><E49/><V132/><F132/><W90/><G16/><T46/><D5/><U24/><E24/><AGARI ba="1,2" hai="22,24,29,39,43,44,83,85,88,99,101,105,120,123" machi="24" ten="40,5200,0" yaku="1,1,52,1,54,1,53,0" doraHai="17" doraHaiUra="56" who="2" fromWho="1" sc="370,0,240,-55,120,75,250,0" /><INIT seed="1,0,0,0,5,112" ten="370,185,195,250" oya="1" hai0="118,8,96,42,65,2,60,56,13,5,24,40,119" hai1="129,61,79,14,86,110,23,126,113,75,38,12,47" hai2="106,103,88,34,101,84,43,45,85,35,52,91,70" hai3="32,26,16,21,125,68,134,72,99,69,41,54,57"/><U31/><E113/><V89/><F70/><W107/><G72/><T62/><D2/><U123/><E123/><V83/><F106/><W90/><G134/><T28/><D42/><U55/><E75/><V67/><F67/><W50/><G125/><T102/><D62/><U27/><E126/><V111/><F111/><W53/><G41/><T64/><D65/><U9/><E110/><V117/><F117/><W78/><G78/><T127/><D40/><U80/><E129/><V37/><F89/><W63/><G32/><T124/><D127/><U7/><E38/><V105/><F105/><W51/><G51/><T25/><D124/><U73/><E73/><V109/><F109/><W20/><G20/><T17/><D5/><U135/><E135/><V92/><REACH who="2" step="1"/><F52/><REACH who="2" ten="370,185,185,250" step="2"/><W122/><G107/><T95/><REACH who="0" step="1"/><D25/><REACH who="0" ten="360,185,185,250" step="2"/><U44/><E61/><V71/><F71/><W108/><G108/><T1/><D1/><U6/><E55/><V133/><F133/><W22/><G69/><T49/><D49/><U33/><E14/><V100/><AGARI ba="0,2" hai="34,35,37,43,45,83,84,85,88,91,92,100,101,103" machi="100" ten="30,4000,0" yaku="1,1,0,1,54,1,53,0" doraHai="112" doraHaiUra="131" who="2" fromWho="2" sc="360,-10,185,-20,185,60,250,-10" /><INIT seed="2,0,0,0,5,122" ten="350,165,245,240" oya="2" hai0="129,64,135,123,82,31,46,38,45,3,75,69,19" hai1="54,5,59,114,11,105,115,126,67,111,15,119,33" hai2="133,80,81,13,127,94,108,39,58,85,83,88,56" hai3="104,76,87,24,66,60,106,25,117,128,134,51,103"/><V4/><F39/><W92/><G117/><T44/><D123/><U57/><E119/><V130/><F130/><W97/><G128/><T28/><D3/><U62/><E105/><V27/><F133/><W132/><G51/><T14/><D38/><U40/><E126/><V124/><F108/><W118/><G118/><T112/><D112/><U89/><E33/><V7/><F27/><W18/><G76/><T116/><D129/><U23/><E40/><V12/><F124/><W68/><G18/><T41/><D41/><U71/><E71/><V32/><F32/><W17/><G17/><T110/><D116/><U1/><E1/><V95/><F95/><W107/><REACH who="3" step="1"/><G87/><REACH who="3" ten="350,165,245,230" step="2"/><T37/><D37/><U2/><E114/><V29/><F127/><W93/><G93/><T26/><D135/><AGARI ba="0,1" hai="24,25,60,66,68,92,97,103,104,106,107,132,134,135" machi="135" ten="50,6400,0" yaku="1,1,20,1,53,1" doraHai="122" doraHaiUra="96" who="3" fromWho="0" sc="350,-64,165,0,245,0,230,74" /><INIT seed="3,0,0,5,2,119" ten="286,165,245,304" oya="3" hai0="38,86,56,68,9,128,59,63,101,30,42,88,60" hai1="74,20,35,66,3,16,41,95,57,79,122,76,18" hai2="117,53,127,2,19,100,94,113,118,124,45,108,125" hai3="21,90,4,104,110,83,97,111,14,120,5,70,27"/><W131/><G70/><T15/><D128/><U91/><E35/><V26/><F2/><W106/><G131/><T50/><D38/><U52/><E3/><V32/><F113/><W22/><G83/><T7/><D101/><U130/><E130/><V96/><F108/><N who="3" m="41515" /><G90/><T23/><D68/><U0/><E0/><V85/><F85/><W92/><G92/><N who="0" m="54295" /><D42/><U132/><E132/><V61/><F32/><W109/><G109/><T58/><D50/><U89/><E122/><V129/><F129/><W24/><G97/><T51/><D51/><N who="1" m="30879" /><E41/><V80/><F80/><W40/><G40/><T46/><D46/><U6/><E6/><N who="3" m="2666" /><G120/><T10/><D10/><U29/><E74/><V75/><F75/><W62/><G62/><T47/><D47/><U115/><E115/><V73/><F73/><W87/><G87/><T81/><D81/><U69/><E69/><V55/><F61/><W31/><G14/><T102/><D102/><U33/><E91/><V64/><F45/><W116/><G116/><N who="2" m="44649" /><F64/><W49/><G49/><T28/><D63/><U11/><E66/><V37/><F37/><W48/><G48/><T98/><D98/><U107/><E107/><V72/><F72/><W13/><G13/><N who="0" m="5311" /><D60/><U36/><E36/><V112/><F112/><W126/><G106/><T44/><D44/><U99/><E99/><V93/><F93/><W77/><G104/><T39/><D39/><U123/><E95/><V34/><F55/><W67/><G67/><T134/><D134/><U17/><E123/><V103/><F53/><W121/><G121/><T25/><D15/><U12/><E12/><RYUUKYOKU ba="0,0" sc="286,30,165,-10,245,-10,304,-10" hai0="23,25,28,30,56,58,59" /><INIT seed="4,1,0,4,0,132" ten="316,155,235,294" oya="0" hai0="10,84,107,96,46,67,81,126,72,58,100,124,4" hai1="38,59,30,51,63,54,56,77,39,33,19,1,112" hai2="114,70,99,94,92,13,116,61,2,41,93,119,110" hai3="40,74,52,60,44,25,101,85,109,113,32,16,66"/><T31/><D72/><U57/><E1/><V73/><F2/><W23/><G109/><T3/><D31/><U21/><E112/><V42/><F73/><W83/><G113/><T26/><D26/><U117/><E117/><N who="2" m="45131" /><F114/><W17/><G32/><T71/><D71/><U36/><E77/><V37/><F110/><W98/><G74/><T129/><D46/><U47/><E30/><V24/><F24/><W123/><G123/><T108/><D129/><U15/><REACH who="1" step="1"/><E33/><REACH who="1" ten="316,145,235,294" step="2"/><V134/><F134/><W86/><G83/><T49/><D108/><U14/><E14/><V118/><F118/><W27/><G27/><T102/><D102/><U91/><E91/><V12/><F12/><W78/><G78/><T7/><D7/><U18/><E18/><V53/><F13/><W130/><G17/><T35/><D35/><U68/><E68/><V75/><F70/><W106/><G130/><T22/><D22/><U121/><E121/><V95/><F75/><W90/><G90/><T9/><D9/><U28/><E28/><V62/><F99/><W69/><G16/><T64/><D10/><U128/><E128/><V115/><F115/><W80/><G80/><T131/><D131/><U6/><E6/><V34/><F34/><W135/><G135/><T0/><D4/><U127/><E127/><N who="0" m="48681" /><D0/><U45/><E45/><V43/><F37/><N who="3" m="21519" /><G25/><T120/><D120/><U82/><E82/><V48/><N who="2" m="23552" /><DORA hai="8" /><V76/><F76/><W89/><G23/><T111/><D111/><U87/><E87/><N who="3" m="33290" /><G89/><N who="0" m="51343" /><D3/><U29/><E29/><V65/><F65/><AGARI ba="1,1" hai="15,19,21,36,38,39,47,51,54,56,57,59,63,65" machi="65" ten="40,5200,0" yaku="1,1,52,1,53,1" doraHai="132,8" doraHaiUra="50,104" who="1" fromWho="2" sc="316,0,145,65,235,-55,294,0" /><INIT seed="5,0,0,2,3,50" ten="316,210,180,294" oya="1" hai0="102,52,3,83,7,66,114,123,14,57,110,80,65" hai1="92,38,58,122,121,12,43,19,61,68,95,88,116" hai2="100,51,8,62,106,47,135,112,130,108,82,46,91" hai3="24,72,128,13,40,111,56,129,104,42,75,101,94"/><U10/><E116/><V127/><F108/><W35/><G111/><T0/><D110/><U86/><E68/><V126/><F135/><W29/><G104/><T117/><D117/><U84/><E43/><N who="3" m="16426" /><G13/><T16/><D114/><U39/><E84/><V9/><F130/><N who="3" m="50283" /><G56/><T74/><D123/><U33/><E33/><V107/><F112/><W22/><G35/><T5/><D0/><U49/><E49/><V85/><F62/><W78/><G78/><T67/><D3/><U54/><REACH who="1" step="1"/><E92/><REACH who="1" ten="316,200,180,294" step="2"/><V99/><F107/><W32/><G32/><T41/><D74/><U60/><E60/><V64/><F64/><W79/><G79/><T93/><D41/><U120/><AGARI ba="0,1" hai="10,12,19,38,39,54,58,61,86,88,95,120,121,122" machi="120" ten="30,11700,0" yaku="1,1,0,1,52,1,54,1,53,0" doraHai="50" doraHaiUra="26" who="1" fromWho="1" sc="316,-39,200,127,180,-39,294,-39" /><INIT seed="5,1,0,2,3,61" ten="277,327,141,255" oya="1" hai0="88,7,4,107,112,90,56,57,125,80,109,5,116" hai1="82,83,74,26,63,41,62,134,91,39,113,43,66" hai2="58,131,10,75,94,92,115,40,111,37,100,120,30" hai3="42,51,9,129,21,108,22,135,27,20,119,114,98"/><U12/><E113/><V49/><F120/><W17/><G108/><T46/><D109/><U14/><E134/><V34/><F111/><W122/><G122/><T103/><D112/><U11/><E74/><V71/><F71/><W130/><G114/><T48/><D116/><U53/><E39/><V93/><F75/><W44/><G135/><T78/><D125/><U76/><E76/><V102/><F131/><N who="3" m="50187" /><G119/><T68/><D68/><U65/><E26/><V16/><F115/><W132/><G132/><T77/><D103/><U70/><E53/><V55/><F30/><N who="3" m="17767" /><G98/><T50/><D107/><U8/><E70/><V32/><F32/><W84/><G84/><N who="0" m="48143" /><D78/><U29/><E91/><N who="0" m="34857" /><D50/><U35/><E29/><V38/><F34/><AGARI ba="1,0" hai="8,11,12,14,34,35,41,43,62,63,65,66,82,83" machi="34" ten="25,9600,0" yaku="22,2,52,2" doraHai="61" who="1" fromWho="2" sc="277,0,327,99,141,-99,255,0" /><INIT seed="5,2,0,0,1,5" ten="277,426,42,255" oya="1" hai0="9,79,133,118,112,86,41,26,39,101,102,25,23" hai1="130,52,57,47,75,71,33,30,4,6,124,65,16" hai2="108,36,80,77,89,35,103,99,43,87,134,61,119" hai3="8,44,105,29,69,58,88,117,104,10,49,95,45"/><U121/><E75/><V50/><F119/><W2/><G69/><T60/><D118/><U27/><E121/><V123/><F108/><W18/><G117/><T11/><D112/><U37/><E130/><V12/><F134/><W115/><G115/><T70/><D133/><U109/><E109/><V83/><F123/><W67/><G29/><T84/><D39/><U62/><E124/><V55/><F35/><W125/><G125/><T15/><D41/><U126/><E126/><V116/><F116/><W22/><G2/><T31/><D70/><U72/><E72/><V92/><F61/><N who="3" m="38327" /><G105/><T74/><D15/><U107/><E107/><V32/><F32/><W63/><G104/><T78/><D74/><U94/><E94/><V13/><F43/><N who="3" m="24735" /><G45/><T48/><D48/><N who="1" m="30855" /><E16/><V131/><F36/><W0/><G0/><T19/><D60/><U24/><E24/><V38/><F38/><W135/><G63/><T76/><D19/><U46/><E46/><V122/><F122/><W40/><G135/><T51/><D51/><U100/><E100/><N who="0" m="38505" /><D26/><U59/><E59/><V56/><REACH who="2" step="1"/><F131/><REACH who="2" ten="277,426,32,255" step="2"/><W17/><G40/><AGARI ba="2,1" hai="4,6,27,30,33,37,40,47,62,65,71" m="30855" machi="40" ten="30,2900,0" yaku="24,1,54,1" doraHai="5" who="1" fromWho="3" sc="277,0,426,45,32,0,255,-35" /><INIT seed="5,3,0,4,3,36" ten="277,471,32,220" oya="1" hai0="113,124,83,114,25,107,38,93,71,33,117,96,121" hai1="120,7,101,102,129,105,23,69,110,92,55,61,67" hai2="115,78,73,58,88,99,16,0,12,59,57,119,21" hai3="3,89,76,130,75,70,111,40,98,94,79,77,68"/><U13/><E120/><V52/><F119/><W103/><G3/><T100/><D117/><U32/><E32/><V133/><F0/><W18/><G111/><T46/><D71/><U116/><E116/><V85/><F133/><W11/><G70/><T19/><D124/><U4/><E105/><V42/><F115/><W26/><G68/><T112/><D121/><U29/><E129/><V65/><F65/><W20/><G130/><T8/><D83/><U108/><E55/><V53/><F99/><W87/><G11/><T43/><D8/><N who="1" m="4231" /><E92/><V17/><F17/><W62/><G62/><T50/><D38/><U81/><E81/><V86/><F73/><W106/><REACH who="3" step="1"/><G40/><REACH who="3" ten="277,471,32,210" step="2"/><T90/><D114/><U2/><E2/><V131/><F131/><W22/><G22/><T122/><D122/><U10/><E10/><V37/><F78/><W66/><G66/><T91/><D113/><U1/><E1/><V63/><F86/><W132/><G132/><T64/><D64/><U128/><E128/><V24/><F63/><W15/><G15/><T82/><D33/><U127/><E61/><V47/><REACH who="2" step="1"/><F12/><REACH who="2" ten="277,471,22,210" step="2"/><W54/><G54/><T125/><D112/><U49/><E67/><V14/><F14/><W109/><G109/><T28/><D125/><U135/><E127/><V97/><F97/><W39/><G39/><T41/><D96/><U80/><E135/><V51/><F51/><W31/><G31/><T44/><D28/><U45/><E110/><V60/><F60/><W72/><AGARI ba="3,2" hai="18,20,26,72,75,76,77,79,87,89,94,98,103,106" machi="72" ten="30,8000,1" yaku="1,1,0,1,53,3" doraHai="36" doraHaiUra="74" who="3" fromWho="3" sc="277,-23,471,-43,22,-23,210,109" owari="254,-14.6,428,52.8,-1,-50.1,319,11.9" /></mjloggm>