<mjloggm ver="2.3"><GO type="169" lobby="0"/><UN n0="%E3%82%AD%E3%83%AA%E3%83%B3%E3%83%AA%E3%82%AD%E5%BF%AB" n1="%E3%81%8B%E3%82%88%E3%81%A1%E3%82%83%E3%82%93%E3%81%AE%E6%97%A6%E9%82%A3" n2="%53%4F%49%43%48%49" n3="%E7%AE%B1%E4%B8%8B%E3%81%AE%E3%82%B1%E3%83%B3%E5%9D%8A" dan="17,16,16,16" rate="2214.87,2106.36,2101.50,2145.48" sx="M,M,M,M"/><TAIKYOKU oya="0"/><INIT seed="0,0,0,2,3,103" ten="250,250,250,250" oya="0" hai0="125,36,72,95,124,58,68,119,135,21,118,28,9" hai1="48,75,6,122,11,80,76,67,133,0,16,99,120" hai2="45,56,32,111,26,117,77,35,14,100,4,116,89" hai3="15,1,46,66,41,126,108,88,54,110,64,17,73"/><T102/><D68/><U86/><E133/><V123/><F123/><W5/><G73/><T30/><D36/><U115/><E115/><V114/><F114/><W27/><G126/><N who="0" m="48747" /><D72/><U81/><E67/><V90/><F111/><N who="3" m="42539" /><G54/><T13/><D58/><U33/><E33/><V42/><F100/><W82/><G27/><N who="0" m="16495" /><D95/><U97/><E120/><V44/><F56/><W31/><G31/><T98/><D98/><U25/><E122/><V109/><F109/><W53/><G53/><T65/><D65/><U130/><E130/><V129/><F129/><W127/><G127/><T105/><D102/><U8/><E48/><V57/><F57/><W55/><G55/><T24/><D105/><U85/><E75/><V106/><F106/><W83/><G83/><T38/><D38/><U3/><E76/><V61/><F77/><W78/><G78/><T91/><D91/><U12/><E81/><V60/><F42/><W69/><G88/><T7/><D135/><U18/><E86/><V37/><F37/><N who="3" m="21807" /><G82/><T49/><D49/><U52/><E52/><V96/><F96/><W22/><G69/><T87/><D87/><U101/><E80/><V134/><F134/><W112/><G112/><T128/><D128/><U2/><E85/><V50/><F50/><W113/><G113/><T84/><D84/><U74/><E74/><V47/><F47/><W94/><G94/><T43/><D43/><U107/><E99/><V20/><F44/><W51/><G51/><T10/><D10/><AGARI ba="0,0" hai="1,5,10,15,17,22,64,66" m="21807,42539" machi="10" ten="30,1000,0" yaku="14,1" doraHai="103" who="3" fromWho="0" sc="250,-10,250,0,250,0,250,10" /><INIT seed="1,0,0,4,4,45" ten="240,250,250,260" oya="1" hai0="128,64,47,118,100,5,53,74,124,41,36,66,72" hai1="38,86,126,65,113,102,8,83,122,85,127,110,60" hai2="70,31,16,29,80,28,130,2,55,58,39,69,95" hai3="54,56,131,52,111,123,25,132,13,97,94,101,27"/><U103/><E122/><V57/><F130/><W15/><G111/><T91/><D118/><U106/><E38/><V51/><F2/><W33/><G123/><T73/><D128/><U48/><E113/><V11/><F39/><W40/><G131/><T59/><D124/><N who="1" m="47659" /><E110/><V108/><F108/><W35/><G40/><T82/><D100/><U125/><E106/><V135/><F135/><W129/><G129/><T20/><D5/><U81/><E8/><V7/><F95/><W4/><G132/><T30/><D30/><U23/><E23/><V0/><F80/><N who="1" m="30793" /><E48/><V32/><F32/><W87/><G87/><N who="1" m="33290" /><E125/><V121/><F121/><W6/><G94/><T104/><D104/><U88/><E88/><V42/><F42/><W46/><G101/><T93/><D82/><U44/><E44/><V43/><F43/><W63/><G97/><T21/><D20/><U79/><E79/><V37/><F37/><W107/><G107/><T67/><D21/><U50/><E50/><V62/><REACH who="2" step="1"/><F16/><REACH who="2" ten="240,250,240,260" step="2"/><W89/><G35/><T133/><D133/><U9/><E9/><V75/><F75/><W68/><G33/><T120/><D120/><U17/><E17/><V19/><F19/><W10/><G10/><T119/><D93/><U1/><E1/><V115/><F115/><W96/><G6/><T49/><D91/><U134/><E134/><V117/><F117/><W99/><G4/><T24/><D119/><U98/><E98/><V3/><F3/><W26/><G89/><T112/><D112/><U92/><E92/><V61/><F61/><W34/><G34/><T84/><D84/><RYUUKYOKU ba="0,1" sc="240,10,250,10,240,10,260,-30" hai0="24,36,41,47,49,53,59,64,66,67,72,73,74" hai1="60,65,102,103" hai2="0,7,11,28,29,31,51,55,57,58,62,69,70" /><INIT seed="1,1,1,5,5,12" ten="250,260,250,230" oya="1" hai0="99,96,62,64,102,120,119,68,88,29,135,77,63" hai1="46,89,133,36,65,86,79,8,76,85,134,26,103" hai2="23,15,40,66,95,57,54,97,42,21,41,84,118" hai3="39,3,5,59,9,128,131,19,30,6,33,44,35"/><U55/><E65/><V92/><F118/><W34/><G59/><T49/><D119/><U43/><E103/><V100/><F66/><W61/><G61/><T11/><D135/><N who="1" m="51723" /><E86/><V82/><F92/><W13/><G44/><T32/><D120/><U1/><E55/><V93/><F93/><W28/><G39/><T83/><D62/><U111/><E111/><V78/><REACH who="2" step="1"/><F15/><REACH who="2" ten="250,260,240,230" step="2"/><W37/><G37/><T94/><D64/><U7/><E26/><V74/><F74/><W110/><G110/><T70/><D94/><AGARI ba="1,2" hai="1,7,8,36,43,46,76,79,85,89,94" m="51723" machi="94" ten="30,1500,0" yaku="20,1" doraHai="12" who="1" fromWho="0" sc="250,-18,260,38,240,0,230,0" /><INIT seed="1,2,0,4,3,5" ten="232,298,240,230" oya="1" hai0="25,87,117,70,72,77,121,26,103,51,67,24,120" hai1="8,63,82,108,10,100,128,124,4,129,123,41,34" hai2="36,133,93,3,19,40,61,106,22,113,0,86,31" hai3="37,23,11,13,114,49,32,12,127,6,52,131,28"/><U125/><E123/><N who="0" m="47177" /><D117/><U73/><E34/><V122/><F106/><W65/><G114/><T94/><D72/><U58/><E108/><V16/><F122/><W14/><G37/><T15/><D51/><U21/><E41/><V75/><F75/><W27/><G127/><N who="1" m="48714" /><E100/><V99/><F133/><W119/><G131/><N who="1" m="50250" /><E4/><V46/><F113/><W1/><G65/><T33/><D33/><U134/><E21/><V97/><F61/><W105/><G105/><T89/><D103/><U83/><E134/><V69/><F3/><W96/><G119/><T68/><D67/><N who="1" m="39415" /><E73/><V42/><F0/><W54/><G96/><N who="0" m="57423" /><D15/><N who="3" m="5705" /><G49/><T76/><D87/><U79/><E79/><AGARI ba="2,0" hai="24,25,26,68,70,76,77,79" m="57423,47177" machi="79" ten="30,1000,0" yaku="13,1" doraHai="5" who="0" fromWho="1" sc="232,16,298,-16,240,0,230,0" /><INIT seed="2,0,0,1,0,3" ten="248,282,240,230" oya="2" hai0="44,48,101,122,94,52,82,114,60,27,71,61,90" hai1="91,57,89,121,103,11,104,134,99,100,116,33,31" hai2="9,2,29,83,64,24,18,70,112,25,63,51,124" hai3="22,78,132,106,30,53,58,47,26,110,14,85,117"/><V79/><F112/><W35/><G110/><T0/><D114/><U67/><E116/><V113/><F113/><W38/><G117/><T125/><D122/><U108/><E108/><V65/><F124/><W36/><G106/><T119/><D119/><U21/><E134/><V130/><F130/><W80/><G132/><T135/><D135/><U76/><E121/><V5/><F65/><W39/><G47/><T111/><D111/><U1/><E76/><V118/><F118/><W133/><G133/><T102/><D125/><U50/><E103/><V16/><F51/><W86/><G14/><T96/><D0/><U37/><E37/><V84/><REACH who="2" step="1"/><F25/><REACH who="2" ten="248,282,230,230" step="2"/><W88/><G36/><T126/><D126/><U72/><E50/><V97/><F97/><W131/><G131/><T74/><D27/><U13/><E67/><V41/><F41/><W4/><G35/><AGARI ba="0,1" hai="2,5,9,16,18,24,29,35,63,64,70,79,83,84" machi="35" ten="30,12000,1" yaku="1,1,7,1,52,1,54,1,53,1" doraHai="3" doraHaiUra="7" who="2" fromWho="3" sc="248,0,282,0,230,130,230,-120" /><INIT seed="2,1,0,4,3,111" ten="248,282,360,110" oya="2" hai0="125,92,22,129,126,45,55,72,65,115,70,117,110" hai1="4,67,60,19,84,80,34,99,13,87,32,118,98" hai2="88,1,102,77,63,43,27,0,21,48,128,109,106" hai3="42,3,38,134,116,33,41,6,20,124,79,16,62"/><V135/><F109/><W96/><G116/><T83/><D110/><U101/><E118/><V18/><F128/><W108/><G108/><T46/><D117/><U81/><E4/><V119/><F119/><W103/><G33/><T107/><D107/><U49/><E49/><V58/><F77/><W61/><G124/><T59/><D92/><U90/><E98/><V74/><F74/><W91/><G134/><T50/><D22/><U132/><E132/><V37/><F37/><W17/><G79/><T23/><D23/><U86/><E86/><V56/><F56/><W64/><G3/><T130/><D83/><U133/><E133/><V54/><F135/><W121/><G6/><T12/><D12/><U8/><E87/><V127/><F127/><N who="0" m="48650" /><D115/><U75/><E81/><V53/><F43/><W52/><G91/><T71/><D72/><U14/><E14/><V51/><F102/><W26/><G121/><T36/><D36/><U97/><E97/><V39/><F106/><W31/><G38/><T15/><D15/><U47/><E75/><V44/><F39/><W100/><G100/><T95/><D95/><U25/><E25/><V5/><F5/><W28/><G28/><T78/><D78/><U73/><E73/><V94/><REACH who="2" step="1"/><F51/><REACH who="2" ten="248,282,350,110" step="2"/><W30/><G103/><T35/><D71/><N who="1" m="42471" /><E47/><N who="0" m="17929" /><D35/><U85/><E32/><V93/><F93/><W66/><G41/><T2/><D2/><U131/><E34/><V57/><F57/><W69/><G42/><T9/><D9/><U11/><E11/><V10/><F10/><W40/><G40/><T112/><D112/><U105/><E131/><RYUUKYOKU ba="1,1" sc="248,10,282,10,350,10,110,-30" hai0="50,55,59,65,70,129,130" hai1="8,13,19,80,84,85,90,99,101,105" hai2="0,1,18,21,27,44,48,53,54,58,63,88,94" /><INIT seed="2,2,1,4,1,135" ten="258,292,360,80" oya="2" hai0="57,25,79,44,37,74,48,40,84,45,129,87,78" hai1="41,56,61,12,96,125,118,120,49,117,32,19,109" hai2="31,108,4,2,16,26,111,121,88,29,7,5,34" hai3="128,119,11,81,33,123,93,60,46,127,132,90,35"/><V0/><F88/><W6/><G119/><T86/><D129/><U105/><E32/><V9/><F121/><W27/><G128/><T1/><D1/><N who="2" m="618" /><F29/><W124/><G123/><T85/><D74/><U23/><E120/><V51/><F51/><W47/><G81/><T76/><D57/><U43/><E43/><V102/><F102/><W3/><G132/><T97/><D97/><U22/><E22/><V69/><F69/><W15/><G3/><T38/><D25/><U50/><E50/><V20/><F9/><W14/><G14/><AGARI ba="2,1" hai="4,5,7,14,16,20,26,31,34,108,111" m="618" machi="14" ten="40,7700,0" yaku="34,2,54,1" doraHai="135" who="2" fromWho="3" sc="258,0,292,0,360,93,80,-83" owari="258,-14.2,292,9.2,453,55.3,-3,-50.3" /></mjloggm>