<mjloggm ver="2.3"><GO type="169" lobby="0"/><UN n0="%E3%80%8C%E3%83%92%E3%83%AD%E3%80%8D%34%30" n1="%73%73%73%31%39%33%33" n2="%E7%9B%AE%E5%8A%9B%36%30" n3="%E3%81%95%E3%82%93%E3%81%84%E3%81%A1%E3%82%8D%E3%81%8F%E3%81%94" dan="17,16,16,17" rate="2206.98,2131.64,2161.21,2096.36" sx="M,F,M,M"/><TAIKYOKU oya="0"/><INIT seed="0,0,0,0,1,8" ten="250,250,250,250" oya="0" hai0="78,98,10,94,120,73,135,40,129,104,102,123,30" hai1="72,76,132,87,1,48,69,22,83,26,57,101,96" hai2="110,54,32,46,111,106,75,33,80,91,109,50,39" hai3="64,5,85,133,89,25,71,15,47,3,107,88,27"/><T79/><D135/><U112/><E69/><V130/><F106/><W70/><G107/><T84/><D129/><U16/><E1/><V17/><F130/><W113/><G3/><T60/><D30/><U38/><E38/><V62/><F39/><W74/><G133/><T41/><D60/><U13/><E132/><V61/><F33/><W44/><G74/><T118/><D118/><U21/><E112/><V0/><F32/><W100/><G100/><T35/><D35/><U42/><E72/><V7/><F7/><W105/><G105/><T34/><D34/><U103/><E96/><V82/><F0/><W23/><G27/><T116/><D116/><U125/><E125/><V92/><F17/><W95/><G113/><T126/><D126/><U11/><E57/><V29/><F29/><W114/><G70/><T56/><D56/><U6/><E22/><V63/><REACH who="2" step="1"/><F75/><REACH who="2" ten="250,250,240,250" step="2"/><W51/><G114/><T49/><D73/><U4/><E6/><V108/><N who="2" m="27648" /><DORA hai="90" /><V55/><F55/><W18/><G5/><T59/><D104/><U2/><E2/><V53/><F53/><W19/><G18/><T117/><D117/><U12/><E26/><V93/><F93/><W20/><G95/><T99/><D94/><U14/><E14/><V28/><F28/><W128/><G15/><T24/><D24/><U36/><E36/><V65/><F65/><W77/><G64/><T121/><D121/><U68/><E68/><V67/><F67/><W43/><G71/><T124/><D123/><U115/><E115/><V81/><F81/><W134/><G128/><T119/><D120/><RYUUKYOKU ba="0,1" sc="250,-15,250,15,240,15,250,-15" hai1="4,11,12,13,16,21,42,48,76,83,87,101,103" hai2="46,50,54,61,62,63,80,82,91,92" /><INIT seed="1,1,1,5,2,0" ten="235,265,255,235" oya="1" hai0="58,43,38,95,49,125,87,132,13,68,61,28,93" hai1="116,86,10,18,41,118,69,33,112,134,114,12,37" hai2="107,89,46,2,90,57,44,3,53,8,104,70,59" hai3="109,67,32,60,133,135,102,76,100,122,106,11,16"/><U121/><E69/><V14/><F70/><W96/><G32/><T129/><D125/><U127/><E37/><V72/><F14/><N who="3" m="7263" /><G102/><T54/><D132/><N who="3" m="50761" /><G76/><T131/><D28/><U27/><E41/><V88/><F72/><W42/><G42/><T126/><D126/><U113/><E86/><V103/><F103/><W117/><G109/><T50/><D50/><U36/><E36/><V31/><F90/><W77/><G77/><T51/><D51/><U120/><E127/><V73/><F73/><W5/><G122/><N who="1" m="47210" /><E134/><V92/><F8/><W124/><G124/><T30/><D30/><AGARI ba="1,1" hai="10,12,18,27,30,33,112,113,114,116,118" m="47210" machi="30" ten="40,3900,0" yaku="34,2" doraHai="0" who="1" fromWho="0" sc="235,-42,265,52,255,0,235,0" /><INIT seed="1,2,0,4,3,82" ten="193,317,255,235" oya="1" hai0="76,60,95,78,68,77,128,7,34,1,132,90,125" hai1="66,105,15,103,23,24,116,96,2,89,44,45,57" hai2="119,97,110,131,22,102,129,112,118,130,29,33,93" hai3="64,86,18,62,3,49,70,0,41,53,52,65,5"/><U79/><E2/><V13/><F33/><W69/><G3/><T85/><D34/><U123/><E116/><V91/><F29/><W121/><G121/><T101/><D132/><U37/><E37/><V75/><F22/><W67/><G18/><T63/><D128/><U120/><E15/><V6/><F13/><W42/><G5/><T25/><D125/><U38/><E79/><V122/><F6/><W71/><G86/><T108/><D108/><U32/><E32/><V59/><F59/><N who="3" m="35175" /><G0/><T98/><D25/><U113/><E113/><V56/><F56/><AGARI ba="2,0" hai="41,42,49,53,56,64,65,67,69,70,71" m="35175" machi="56" ten="40,12000,2" yaku="35,5,54,1" doraHai="82" who="3" fromWho="2" sc="193,0,317,0,255,-126,235,126" /><INIT seed="2,0,0,4,5,50" ten="193,317,129,361" oya="2" hai0="24,25,72,112,40,42,123,75,101,67,118,10,60" hai1="92,86,109,4,1,106,56,74,84,134,43,6,8" hai2="53,26,37,27,35,66,13,128,108,17,89,130,73" hai3="122,127,36,7,83,11,63,0,51,65,29,23,97"/><V58/><F108/><W45/><G36/><T135/><D123/><U91/><E109/><V131/><F37/><W69/><G127/><T113/><D101/><U61/><E74/><V103/><F73/><W121/><G83/><T99/><D99/><U87/><E106/><V9/><F103/><W41/><G29/><T80/><D10/><U88/><E134/><V116/><F116/><W117/><G117/><T93/><D93/><U2/><E43/><V110/><F110/><W19/><REACH who="3" step="1"/><G97/><REACH who="3" ten="193,317,129,351" step="2"/><T115/><D118/><U119/><E119/><V3/><F35/><W133/><G133/><T46/><D135/><U94/><E87/><V90/><F66/><W32/><G32/><T64/><D80/><U70/><E70/><V18/><F3/><W114/><G114/><T14/><D115/><U120/><E120/><V104/><F104/><W47/><G47/><T52/><D46/><U68/><E68/><V125/><F125/><W132/><G132/><T55/><D113/><U16/><E2/><V82/><F82/><W95/><G95/><T102/><D112/><U33/><E1/><V85/><F85/><W124/><G124/><T31/><D75/><U57/><E33/><V59/><F59/><W30/><G30/><T96/><D31/><U100/><E57/><V5/><F90/><W21/><G21/><T81/><D72/><U22/><E100/><V79/><F89/><W12/><AGARI ba="0,1" hai="0,7,11,12,19,23,41,45,51,63,65,69,121,122" machi="12" ten="20,2700,0" yaku="1,1,0,1,7,1,53,0" doraHai="50" doraHaiUra="54" who="3" fromWho="3" sc="193,-7,317,-7,129,-13,351,37" /><INIT seed="3,0,0,2,5,70" ten="186,310,116,388" oya="3" hai0="77,105,53,107,33,26,130,87,10,89,133,38,20" hai1="102,1,25,36,115,56,135,50,71,54,35,0,42" hai2="47,30,29,44,64,79,117,45,119,111,31,72,62" hai3="114,74,104,49,46,88,112,14,8,116,13,76,41"/><W75/><G104/><T16/><D133/><U84/><E135/><V128/><F111/><W65/><G116/><T43/><D130/><U61/><E102/><V86/><F72/><W132/><G132/><T109/><D109/><U73/><E73/><V120/><F128/><W126/><G126/><T129/><D129/><U52/><E115/><V101/><F101/><W58/><G14/><T2/><D77/><U24/><E84/><V92/><F120/><W17/><G75/><T121/><D121/><U3/><E35/><V40/><F40/><W98/><G76/><T59/><D33/><U4/><E4/><V34/><F34/><W97/><G97/><T82/><D2/><U99/><E54/><V94/><F86/><W18/><G18/><T134/><D10/><U91/><E91/><V106/><F79/><W67/><G74/><T66/><D66/><N who="1" m="41423" /><E99/><V7/><F7/><W51/><G112/><T6/><D6/><U122/><E122/><V28/><N who="2" m="7168" /><DORA hai="11" /><V118/><REACH who="2" step="1"/><F106/><REACH who="2" ten="186,310,106,388" step="2"/><W96/><G114/><T90/><D134/><U78/><E78/><V55/><F55/><W15/><G98/><T23/><D107/><U22/><E42/><V48/><F48/><W110/><G51/><T57/><D105/><U127/><E36/><V123/><F123/><W37/><G110/><T32/><D38/><U93/><E50/><V12/><F12/><N who="3" m="7303" /><G37/><T83/><D32/><U124/><E3/><V68/><AGARI ba="0,1" hai="44,45,47,62,64,68,92,94,117,118,119" m="7168" machi="68" ten="50,8000,1" yaku="1,1,0,1,29,2,53,1" doraHai="70,11" doraHaiUra="63,80" who="2" fromWho="2" sc="186,-20,310,-20,106,90,388,-40" /><INIT seed="4,0,0,1,1,8" ten="166,290,196,348" oya="0" hai0="22,120,45,96,62,63,92,27,121,60,127,58,83" hai1="133,39,24,124,85,3,115,53,113,74,118,64,100" hai2="47,129,46,119,101,135,52,59,33,86,91,10,43" hai3="122,67,90,99,34,89,102,134,31,16,128,50,116"/><T9/><D127/><U61/><E74/><V5/><F33/><W70/><G116/><T130/><D130/><U11/><E118/><V15/><F119/><W20/><G128/><T26/><D121/><U126/><E39/><V56/><F129/><W6/><G6/><T94/><D120/><U69/><E133/><V111/><F135/><W114/><G114/><N who="1" m="43530" /><E100/><V84/><F111/><W44/><G134/><T107/><D107/><U13/><E3/><V38/><F101/><W95/><G34/><T103/><D45/><U112/><N who="1" m="43538" /><U125/><DORA hai="35" /><E24/><V77/><F47/><W88/><G31/><T1/><D27/><U37/><E37/><V18/><F59/><W28/><G28/><T123/><D123/><U25/><E25/><V73/><F73/><W29/><G29/><T49/><D83/><U68/><E85/><V48/><F77/><W0/><G0/><T7/><D92/><U76/><E53/><V93/><REACH who="2" step="1"/><F86/><REACH who="2" ten="166,290,186,348" step="2"/><W65/><G102/><T132/><D132/><U30/><E76/><V12/><F12/><W98/><G122/><T40/><D58/><N who="1" m="36919" /><E30/><V21/><F21/><W87/><G20/><T82/><D22/><U14/><E14/><V42/><F42/><W109/><G109/><T36/><D26/><U105/><E105/><V80/><F80/><W19/><G44/><N who="0" m="25735" /><D82/><U78/><E78/><V2/><F2/><W117/><G117/><T55/><D36/><U110/><E110/><V4/><AGARI ba="0,1" hai="4,5,10,15,18,38,43,46,48,52,56,84,91,93" machi="4" ten="30,8000,1" yaku="1,1,0,1,52,1,54,1,53,1" doraHai="8,35" doraHaiUra="41,106" who="2" fromWho="2" sc="166,-40,290,-20,186,90,348,-20" /><INIT seed="5,0,0,2,4,45" ten="126,270,276,328" oya="1" hai0="69,107,6,33,96,113,52,128,38,10,123,129,105" hai1="16,51,15,24,86,102,106,59,65,125,34,91,48" hai2="81,101,80,31,22,95,103,67,87,37,127,117,121" hai3="119,71,56,90,50,108,75,44,88,21,93,0,66"/><U89/><E125/><V70/><F117/><W49/><G108/><T58/><D113/><U73/><E73/><V23/><F121/><W27/><G75/><T43/><D123/><U13/><E106/><V60/><F127/><W104/><G0/><T115/><D115/><U124/><E102/><V53/><F37/><W40/><G104/><T83/><D69/><U64/><E34/><V77/><F81/><W26/><G71/><T19/><D33/><U114/><E114/><V39/><F39/><W118/><G90/><N who="1" m="34314" /><E86/><V41/><F41/><W12/><G12/><N who="1" m="4682" /><E124/><V72/><F72/><W25/><G118/><T61/><D107/><U85/><E85/><V62/><F103/><W112/><G112/><T54/><D83/><U79/><E79/><V32/><F101/><W55/><G119/><T35/><D35/><U7/><E7/><V122/><F95/><W17/><G66/><N who="1" m="25706" /><E59/><V133/><F122/><W3/><G3/><T131/><D6/><U78/><E78/><V4/><F4/><W11/><G11/><T20/><D105/><U135/><E135/><V97/><F133/><W74/><G74/><T92/><D10/><U29/><E29/><V57/><F97/><AGARI ba="0,0" hai="17,21,25,26,27,40,44,49,50,55,56,88,93,97" machi="97" ten="30,8000,1" yaku="7,1,8,1,52,2,54,1" doraHai="45" who="3" fromWho="2" sc="126,0,270,0,276,-80,328,80" /><INIT seed="6,0,0,5,1,120" ten="126,270,196,408" oya="2" hai0="59,79,86,14,131,74,1,18,92,94,36,34,101" hai1="128,88,58,80,42,93,132,39,44,23,105,7,15" hai2="26,70,45,9,110,4,130,51,109,19,90,47,6" hai3="111,124,56,60,75,135,125,87,82,0,13,27,112"/><V28/><F70/><W12/><G0/><T17/><D131/><U57/><E105/><V41/><F130/><W69/><G75/><T117/><D1/><U32/><E32/><V129/><F129/><W116/><G69/><T78/><D117/><U85/><E132/><V67/><F67/><W25/><G116/><T127/><D127/><N who="3" m="48713" /><G111/><N who="2" m="42505" /><F90/><N who="3" m="51575" /><G135/><T64/><D36/><U40/><E128/><V35/><F47/><W100/><G100/><T83/><D34/><U121/><E40/><V115/><F115/><W76/><G76/><T63/><D18/><U52/><E121/><V77/><F77/><W11/><G112/><T96/><D79/><U22/><E58/><V107/><F107/><W24/><G11/><T54/><D74/><U103/><E103/><V38/><F38/><W106/><G106/><T8/><REACH who="0" step="1"/><D92/><REACH who="0" ten="116,270,196,408" step="2"/><U16/><E93/><V3/><F3/><W114/><G114/><T62/><D62/><U5/><E23/><V10/><F19/><W21/><G21/><T89/><D89/><U81/><E80/><V108/><F108/><W53/><AGARI ba="0,1" hai="12,13,24,25,27,53,56,60" m="51575,48713" machi="53" ten="30,1100,0" yaku="18,1" doraHai="120" who="3" fromWho="3" sc="116,-3,270,-3,196,-5,408,21" /><INIT seed="7,0,0,5,0,49" ten="113,267,191,429" oya="3" hai0="47,69,95,33,93,72,94,80,16,55,18,71,74" hai1="56,75,19,114,129,46,1,87,37,98,89,83,130" hai2="67,125,29,111,4,91,109,76,101,113,32,45,116" hai3="61,96,10,73,27,115,2,121,17,60,30,11,13"/><W53/><G73/><T26/><D33/><U97/><E75/><V58/><F116/><W39/><G39/><T50/><D74/><U99/><E1/><V120/><F4/><W20/><G115/><T65/><D65/><U112/><E56/><V133/><F113/><N who="1" m="43625" /><E19/><V123/><F101/><W64/><G96/><T81/><D26/><U104/><E104/><V36/><F76/><W44/><G64/><T77/><REACH who="0" step="1"/><D80/><REACH who="0" ten="103,267,191,429" step="2"/><U88/><E83/><V110/><F110/><W124/><G27/><T85/><D85/><U34/><E87/><V128/><F109/><W52/><G121/><T40/><D40/><N who="1" m="22799" /><E34/><V100/><F111/><W6/><G2/><T92/><N who="0" m="23552" /><DORA hai="43" /><T132/><D132/><U5/><E130/><V54/><F133/><W82/><G82/><T78/><D78/><U90/><E129/><V126/><F128/><W63/><G13/><T25/><D25/><U127/><E127/><V21/><F32/><W0/><G124/><T84/><D84/><U42/><E42/><V3/><F126/><W107/><G0/><T102/><D102/><U15/><E15/><V106/><F100/><W24/><G24/><T9/><D9/><U23/><E23/><V48/><F125/><W31/><G20/><T66/><D66/><U22/><E22/><V70/><F67/><W118/><G11/><T79/><D79/><U59/><E90/><V131/><F123/><W105/><G10/><T35/><D35/><U62/><E88/><V7/><F131/><W41/><G41/><T12/><D12/><U108/><E89/><V68/><F120/><W14/><G14/><RYUUKYOKU ba="0,1" sc="103,30,267,-10,191,-10,429,-10" hai0="16,18,47,50,55,69,71,72,77,81" owari="133,-36.7,257,5.7,181,-21.9,429,52.9" /></mjloggm>