<mjloggm ver="2.3"><GO type="169" lobby="0"/><UN n0="%E3%81%8F%E3%81%8E%E3%82%85%E3%81%86%E3%81%86%E3%81%86%E3%81%86" n1="%E6%96%B0%E5%9F%8E%32%32%37%37" n2="%E3%81%97%E3%82%89%E3%81%99%EF%BC%A1" n3="%43%72%37" dan="18,16,16,17" rate="2249.59,2062.09,2100.07,2189.52" sx="M,M,M,M"/><TAIKYOKU oya="0"/><INIT seed="0,0,0,5,1,21" ten="250,250,250,250" oya="0" hai0="84,49,113,64,27,128,102,4,42,52,75,1,115" hai1="45,106,73,0,130,87,14,62,76,36,69,124,3" hai2="90,101,48,86,39,23,116,2,7,24,44,34,97" hai3="8,119,56,77,91,126,127,12,41,59,134,58,67"/><T38/><D75/><U132/><E14/><V103/><F34/><W33/><G119/><T50/><D128/><U10/><E87/><V95/><F39/><W13/><G33/><T15/><D1/><U111/><E132/><V78/><F116/><W109/><G134/><T57/><D38/><U72/><E124/><V30/><F2/><W43/><G77/><T85/><D102/><U131/><E106/><V35/><F7/><W82/><G67/><T5/><D64/><U65/><E73/><V92/><F35/><W55/><G55/><T66/><D66/><U11/><E11/><V122/><F122/><W9/><G91/><T71/><D71/><U68/><E69/><V32/><F32/><W20/><G20/><T40/><D15/><N who="3" m="5705" /><G82/><T6/><D115/><U117/><E10/><N who="3" m="4202" /><G109/><T114/><D114/><U133/><E111/><V123/><F123/><W80/><G80/><T46/><D113/><U22/><E117/><V105/><F78/><W94/><G94/><T98/><D98/><U89/><E133/><V61/><F61/><W120/><G120/><T79/><D42/><AGARI ba="0,0" hai="41,42,43,56,58,59,126,127" m="4202,5705" machi="42" ten="40,2600,0" yaku="28,2" doraHai="21" who="3" fromWho="0" sc="250,-26,250,0,250,0,250,26" /><INIT seed="1,0,0,1,1,100" ten="224,250,250,276" oya="1" hai0="8,102,108,111,18,107,19,113,31,123,82,30,128" hai1="7,28,53,14,117,73,23,130,56,88,25,44,4" hai2="87,101,68,65,43,51,42,69,16,127,134,67,38" hai3="9,26,66,125,57,34,61,50,39,62,135,126,99"/><U10/><E117/><V105/><F87/><W3/><G39/><T11/><D82/><U46/><E130/><V45/><F101/><W60/><G135/><T81/><D81/><U83/><E7/><V103/><F103/><W95/><G3/><T118/><D102/><U71/><E71/><N who="2" m="27211" /><F105/><W13/><G34/><T70/><D70/><U6/><E4/><V129/><F16/><N who="0" m="6186" /><D118/><U48/><E73/><V77/><F77/><W115/><G115/><T96/><D96/><U54/><E54/><N who="2" m="30063" /><F127/><N who="3" m="48651" /><G50/><T32/><D113/><U29/><E29/><N who="0" m="10761" /><D32/><U15/><REACH who="1" step="1"/><E14/><REACH who="1" ten="224,240,250,276" step="2"/><V79/><F129/><W72/><G72/><T92/><D128/><U12/><E12/><V41/><F134/><W104/><G104/><T35/><D107/><U0/><E0/><V84/><F65/><W2/><G2/><T85/><D111/><U27/><E27/><V20/><F67/><W1/><G26/><T131/><D108/><U76/><E76/><V86/><F79/><W97/><G1/><T90/><D131/><U98/><E98/><V94/><F84/><AGARI ba="0,1" hai="6,10,15,23,25,28,44,46,48,53,56,83,84,88" machi="84" ten="40,12000,1" yaku="1,1,8,1,54,1,53,1" doraHai="100" doraHaiUra="5" who="1" fromWho="2" sc="224,0,240,130,250,-120,276,0" /><INIT seed="1,1,0,1,2,18" ten="224,370,130,276" oya="1" hai0="29,86,93,37,69,22,24,97,44,50,32,19,0" hai1="53,6,45,92,51,67,102,15,104,77,39,30,94" hai2="63,41,133,80,60,17,84,49,129,113,76,25,55" hai3="81,90,99,38,65,33,59,7,105,116,20,70,79"/><U100/><E39/><V57/><F133/><W71/><G33/><T52/><D69/><U82/><E104/><V106/><F106/><W95/><G116/><T35/><D0/><U120/><E120/><V72/><F129/><W56/><G38/><T89/><D37/><U26/><E67/><V91/><F113/><W14/><G105/><T43/><D43/><U62/><E62/><V109/><F109/><W135/><G135/><T5/><D5/><U131/><E102/><V103/><F103/><W88/><G90/><T12/><REACH who="0" step="1"/><D97/><REACH who="0" ten="214,370,130,276" step="2"/><U126/><E6/><V101/><F41/><W42/><G42/><T66/><D66/><U68/><E53/><V11/><F101/><W47/><G7/><T132/><D132/><U16/><E68/><V122/><F122/><W9/><G71/><T107/><D107/><U61/><E100/><V96/><F96/><W128/><G70/><T87/><D87/><U31/><E82/><V54/><F54/><W1/><G65/><T58/><D58/><U112/><E112/><V134/><F134/><W28/><G59/><T2/><D2/><U78/><E45/><V108/><F108/><W130/><G47/><T36/><D36/><U21/><E92/><V3/><F3/><W46/><G46/><T127/><D127/><U8/><E94/><V74/><F74/><N who="3" m="43255" /><G56/><T48/><D48/><U64/><E51/><V75/><F75/><W125/><G125/><T13/><D13/><U73/><E73/><V83/><F25/><N who="3" m="16423" /><G1/><T40/><D40/><U10/><E126/><V115/><F115/><W114/><G114/><T4/><D4/><RYUUKYOKU ba="1,1" sc="214,10,370,-30,130,10,276,10" hai0="12,19,22,24,29,32,35,44,50,52,86,89,93" hai2="11,17,49,55,57,60,63,72,76,80,83,84,91" hai3="9,14,88,95,99,128,130" /><INIT seed="2,2,1,0,2,75" ten="224,340,140,286" oya="2" hai0="94,57,80,98,96,54,90,7,83,29,77,9,45" hai1="118,120,34,71,59,64,112,78,131,36,52,130,19" hai2="129,97,87,17,40,105,103,68,106,116,47,1,24" hai3="128,79,25,67,123,35,31,127,63,109,16,85,30"/><V4/><F116/><W102/><G123/><T107/><D29/><U2/><E112/><V125/><F129/><N who="1" m="49161" /><E2/><V37/><F125/><W134/><G128/><T0/><D83/><U44/><E34/><V56/><F68/><W13/><G127/><T10/><D45/><U20/><E64/><V101/><F4/><W133/><G31/><T53/><D9/><U66/><E66/><V62/><F1/><W124/><G102/><T113/><D113/><U110/><E110/><V126/><F126/><W51/><G51/><T117/><D117/><U49/><E71/><V41/><F41/><W23/><G109/><T61/><D107/><U135/><E135/><V115/><F115/><W28/><G28/><T81/><D81/><U33/><E33/><V11/><F87/><W55/><G55/><T100/><D54/><U121/><E36/><V43/><F43/><W104/><G104/><T88/><REACH who="0" step="1"/><D98/><REACH who="0" ten="214,340,140,286" step="2"/><U111/><E44/><V6/><F97/><W65/><G124/><T3/><D3/><U70/><E118/><V58/><F106/><W86/><G67/><T74/><AGARI ba="2,2" hai="0,7,10,53,57,61,74,77,80,88,90,94,96,100" machi="74" ten="20,8000,1" yaku="1,1,0,1,7,1,52,1,54,1,53,0" doraHai="75" doraHaiUra="15" who="0" fromWho="0" sc="214,106,340,-22,140,-42,286,-22" /><INIT seed="3,0,0,3,4,114" ten="320,318,98,264" oya="3" hai0="132,125,13,79,124,113,28,135,104,42,10,33,126" hai1="27,38,11,12,55,99,133,100,25,88,127,92,1" hai2="36,94,106,129,87,21,59,34,73,18,51,76,9" hai3="95,44,120,117,4,60,14,98,45,74,121,109,31"/><W96/><G74/><T24/><D104/><U67/><E127/><V26/><F36/><W6/><G14/><T29/><D79/><U65/><E38/><V128/><F34/><W97/><G60/><T108/><D42/><U130/><E130/><V70/><F70/><W71/><G95/><T0/><D113/><U16/><E1/><V123/><F106/><W69/><G31/><N who="0" m="19687" /><D0/><U64/><E133/><N who="0" m="51273" /><D108/><U66/><E66/><V75/><F123/><W54/><G54/><T61/><D61/><U101/><E55/><V47/><F59/><W119/><REACH who="3" step="1"/><G98/><REACH who="3" ten="320,318,98,254" step="2"/><T20/><D20/><U35/><E35/><V2/><F128/><W122/><G122/><T53/><D53/><U90/><E67/><V111/><F129/><W91/><G91/><T81/><D81/><U83/><E65/><V85/><F75/><W23/><G23/><T131/><D131/><U56/><E83/><V39/><F73/><W84/><G84/><T30/><D29/><U110/><E110/><AGARI ba="0,1" hai="4,6,44,45,69,71,96,97,109,110,117,119,120,121" machi="110" ten="25,12000,1" yaku="1,1,22,2,52,2,53,0" doraHai="114" doraHaiUra="72" who="3" fromWho="1" sc="320,0,318,-120,98,0,254,130" /><INIT seed="3,1,0,0,5,52" ten="320,198,98,384" oya="3" hai0="41,99,129,70,63,118,5,20,98,95,38,104,125" hai1="53,111,108,45,7,73,35,31,127,83,36,77,119" hai2="2,85,123,124,106,74,75,102,117,112,44,12,43" hai3="76,79,71,59,68,103,107,10,54,116,121,6,62"/><W130/><G116/><T9/><D118/><U69/><E119/><V60/><F2/><W0/><G121/><T114/><D129/><U34/><E127/><V101/><F117/><W37/><G37/><T120/><D120/><U128/><E53/><V14/><F123/><W135/><G130/><T27/><D125/><U32/><E128/><V96/><F112/><W115/><G115/><T11/><D104/><U49/><E49/><V40/><F124/><W4/><G135/><T57/><D70/><U13/><E69/><V89/><F101/><W132/><G4/><T8/><D114/><U1/><E13/><V39/><F43/><W50/><G71/><T42/><D5/><U58/><E31/><V122/><F122/><W16/><G132/><T92/><D92/><U93/><E93/><V51/><F39/><W19/><G103/><N who="0" m="60895" /><D99/><U46/><E46/><V81/><F60/><W88/><G107/><T100/><D100/><U78/><E77/><V61/><F61/><W22/><G88/><T48/><D48/><U30/><E7/><V65/><F65/><W17/><REACH who="3" step="1"/><G22/><REACH who="3" ten="320,198,98,374" step="2"/><T55/><D38/><U15/><E108/><V18/><REACH who="2" step="1"/><F12/><REACH who="2" ten="320,198,88,374" step="2"/><W86/><G86/><T80/><D80/><U133/><E15/><V26/><F26/><W56/><G56/><T67/><D67/><AGARI ba="1,2" hai="0,6,10,16,17,19,50,54,59,62,67,68,76,79" machi="67" ten="40,12000,1" yaku="1,1,52,1,54,1,53,1" doraHai="52" doraHaiUra="47" who="3" fromWho="0" sc="320,-123,198,0,88,0,374,143" /><INIT seed="3,2,0,3,4,117" ten="197,198,88,517" oya="3" hai0="115,132,54,102,15,94,59,37,99,129,18,84,4" hai1="118,20,33,75,57,51,46,41,27,100,116,32,62" hai2="90,86,60,28,85,133,97,73,114,89,61,77,50" hai3="91,71,101,42,93,67,88,87,16,13,96,112,95"/><W103/><G112/><T45/><D115/><U135/><E75/><V19/><F114/><W106/><G42/><T3/><D129/><U119/><E135/><V44/><F133/><W40/><G40/><T8/><D132/><U78/><E78/><V2/><F2/><W52/><G106/><T38/><D45/><U11/><E11/><V82/><F28/><W121/><G121/><T131/><D84/><U49/><E49/><V36/><F36/><W56/><G67/><T126/><D126/><U47/><E100/><V30/><F30/><W31/><G71/><T104/><D104/><U107/><E47/><V0/><F0/><W72/><G31/><T66/><D66/><U48/><E51/><V25/><F97/><W21/><G72/><T128/><D131/><U23/><E107/><V7/><F7/><W65/><G65/><T83/><D83/><U69/><E69/><V14/><F25/><W5/><G5/><T127/><D127/><U64/><E27/><V110/><F73/><W55/><REACH who="3" step="1"/><G52/><REACH who="3" ten="197,198,88,507" step="2"/><T105/><D105/><U122/><E122/><V53/><F110/><W109/><G109/><T70/><D70/><U120/><E120/><V22/><REACH who="2" step="1"/><F77/><REACH who="2" ten="197,198,78,507" step="2"/><W43/><G43/><T79/><D79/><U74/><E74/><V34/><F34/><AGARI ba="2,2" hai="20,23,32,33,34,41,46,48,57,62,64,116,118,119" machi="34" ten="50,1600,0" yaku="12,1" doraHai="117" who="1" fromWho="2" sc="197,0,198,42,78,-22,507,0" /><INIT seed="4,0,0,4,4,100" ten="197,240,56,507" oya="0" hai0="95,26,33,120,117,82,47,135,131,4,84,112,124" hai1="111,13,76,55,93,91,70,10,130,62,19,116,102" hai2="133,18,12,78,97,54,52,113,42,86,46,72,77" hai3="50,45,126,0,101,58,125,9,21,94,104,56,98"/><T85/><D117/><U3/><E116/><V16/><F113/><W109/><G109/><T65/><D120/><U61/><E111/><V127/><F127/><N who="3" m="48651" /><G21/><T22/><D33/><U31/><E3/><V83/><F133/><W7/><G94/><T32/><D32/><U37/><E37/><V132/><F132/><W2/><G0/><T110/><D65/><U27/><E76/><V99/><F72/><W64/><G64/><T48/><D4/><U11/><E11/><V49/><F77/><W59/><G59/><T115/><D95/><U71/><E102/><V128/><F128/><W81/><G81/><T87/><D82/><U118/><E130/><V44/><F18/><W41/><AGARI ba="0,0" hai="2,7,9,41,45,50,56,58,98,101,104" m="48651" machi="41" ten="30,2000,0" yaku="18,1,52,1" doraHai="100" who="3" fromWho="3" sc="197,-10,240,-5,56,-5,507,20" /><INIT seed="5,0,0,5,1,43" ten="187,235,51,527" oya="1" hai0="85,30,48,124,36,60,39,129,133,16,52,114,38" hai1="13,40,17,102,121,63,84,91,47,93,10,1,134" hai2="88,64,28,26,12,50,70,73,82,5,42,18,55" hai3="7,3,24,67,87,9,132,72,101,119,21,20,80"/><U92/><E134/><V15/><F42/><W95/><G132/><T104/><D133/><U103/><E1/><V120/><F120/><W105/><G105/><T46/><D104/><U2/><E2/><V31/><F73/><W97/><G72/><T96/><D30/><U8/><E8/><V135/><F135/><W116/><G67/><T53/><D96/><U71/><E93/><V65/><F5/><W90/><G24/><T59/><D114/><U49/><REACH who="1" step="1"/><E121/><REACH who="1" ten="187,225,51,527" step="2"/><V6/><F6/><W56/><G9/><T68/><D129/><U11/><E11/><V77/><F70/><W37/><G3/><T34/><D68/><U25/><E25/><V69/><F69/><W125/><G95/><T57/><D124/><U115/><E115/><V100/><F100/><W111/><G101/><T51/><D34/><U81/><E81/><V54/><F26/><W94/><G80/><T62/><D85/><U32/><E32/><V74/><F15/><W45/><G87/><T66/><D16/><U27/><E27/><V118/><F28/><W14/><G125/><T0/><D0/><U4/><E4/><V19/><F31/><W29/><G7/><T128/><D128/><U130/><E130/><V23/><F18/><W110/><G29/><T131/><D131/><U122/><E122/><V112/><F112/><W76/><G14/><T83/><D83/><U117/><E117/><V89/><F118/><W109/><G119/><T107/><D107/><U113/><E113/><V22/><F22/><N who="3" m="8811" /><G116/><T127/><D127/><U123/><E123/><V79/><F23/><W78/><G94/><RYUUKYOKU ba="0,1" sc="187,15,225,15,51,-15,527,-15" hai0="36,38,39,46,48,51,52,53,57,59,60,62,66" hai1="10,13,17,40,47,49,63,71,84,91,92,102,103" /><INIT seed="5,1,1,0,4,67" ten="202,240,36,512" oya="1" hai0="75,30,95,7,80,58,104,34,59,38,4,112,27" hai1="98,39,18,86,65,118,90,31,64,101,35,113,17" hai2="131,135,115,46,47,107,114,79,84,91,41,111,6" hai3="55,62,74,100,121,16,71,28,2,40,26,123,63"/><U60/><E118/><V15/><F111/><W85/><G74/><T19/><D104/><U1/><E1/><V125/><F107/><W103/><G2/><T12/><D38/><U14/><E39/><V20/><F135/><W126/><G40/><T3/><D112/><N who="2" m="43050" /><F79/><W37/><G37/><T117/><D117/><U50/><E31/><V73/><F73/><W5/><G5/><T127/><D127/><U24/><E35/><V78/><F78/><W110/><G110/><T53/><D75/><U10/><E50/><N who="2" m="26959" /><F131/><W109/><G71/><T130/><D130/><U0/><E0/><V52/><F125/><W129/><G85/><T122/><D122/><U94/><E113/><V11/><F20/><W56/><G28/><T120/><D120/><U133/><E133/><V92/><F47/><W54/><G26/><T116/><D27/><U119/><E119/><V61/><F61/><W105/><G56/><T134/><D59/><U106/><E60/><V69/><F52/><W25/><G25/><T77/><D53/><U81/><E106/><V21/><F21/><AGARI ba="1,1" hai="10,14,17,18,21,24,64,65,81,86,90,94,98,101" machi="21" ten="40,2000,0" yaku="8,1" doraHai="67" who="1" fromWho="2" sc="202,0,240,33,36,-23,512,0" /><INIT seed="5,2,0,3,1,59" ten="202,273,13,512" oya="1" hai0="41,126,117,54,62,4,101,65,50,15,60,14,56" hai1="7,110,0,20,111,1,86,108,12,113,6,99,9" hai2="78,22,25,76,77,48,115,132,123,124,23,84,105" hai3="118,95,100,119,96,17,81,16,5,10,61,97,11"/><U69/><E69/><V73/><F123/><W43/><G43/><T37/><D117/><N who="3" m="44553" /><G61/><N who="0" m="38055" /><D37/><U131/><E99/><V46/><F105/><N who="3" m="63623" /><G81/><T67/><D126/><U94/><E94/><V32/><F132/><W33/><G33/><T29/><D67/><U89/><E89/><V128/><F128/><W68/><G68/><T90/><D101/><U120/><E86/><V8/><F124/><W58/><G58/><N who="0" m="33111" /><D29/><U64/><E64/><V13/><F115/><W79/><G79/><T88/><D41/><U85/><E113/><V127/><F127/><W55/><G55/><T70/><D70/><U102/><E102/><V129/><F129/><W19/><G5/><T134/><D134/><U83/><E131/><V3/><F3/><W42/><G42/><T92/><D88/><AGARI ba="2,0" hai="10,11,16,17,19,88,95,97" m="63623,44553" machi="88" ten="30,3900,0" yaku="12,1,54,2" doraHai="59" who="3" fromWho="0" sc="202,-45,273,0,13,0,512,45" /><INIT seed="6,0,0,1,0,117" ten="157,273,13,557" oya="2" hai0="83,79,85,84,112,103,88,72,96,73,125,40,110" hai1="71,114,70,94,46,134,69,16,12,122,58,57,101" hai2="131,51,7,31,67,89,133,42,111,38,116,108,48" hai3="129,104,59,55,11,60,18,24,113,61,95,107,21"/><V25/><F116/><W76/><G129/><T49/><D110/><N who="2" m="42026" /><F7/><W33/><G113/><T50/><D112/><U15/><E134/><V66/><F89/><W63/><G33/><T23/><D125/><U82/><E82/><V120/><F25/><W132/><G132/><T86/><D23/><U75/><E75/><N who="0" m="28745" /><D49/><N who="2" m="19018" /><F133/><W26/><G76/><T92/><D50/><U124/><E15/><V126/><F31/><W27/><G24/><T105/><D40/><U0/><E16/><V36/><F131/><W123/><G27/><T135/><D135/><U17/><E17/><V118/><F118/><W14/><G14/><T93/><D85/><U99/><E12/><V62/><F126/><W22/><G26/><T52/><D52/><U41/><E124/><V97/><F97/><W43/><G55/><T44/><D44/><U32/><E99/><V5/><F5/><W34/><G18/><T20/><D20/><U54/><E32/><V106/><F106/><AGARI ba="0,0" hai="79,83,84,86,88,92,93,96,103,105,106" m="28745" machi="106" ten="30,12000,2" yaku="35,5,54,1" doraHai="117" who="0" fromWho="2" sc="157,120,273,0,13,-120,557,0" owari="277,7.7,273,-12.7,-107,-60.7,557,65.7" /></mjloggm>