<mjloggm ver="2.3"><GO type="169" lobby="0"/><UN n0="%E3%83%94%E3%82%AC%E3%82%B7" n1="%E3%81%BF%E3%82%84%E3%81%AF%E3%82%89" n2="%31%35%2E%31%35%63%6D" n3="%E3%81%AA%E3%81%BE%E3%81%8B%E3%82%84%E3%81%95%E3%81%AA%E3%81%9F" dan="17,16,18,16" rate="2191.90,2043.68,2300.99,2176.07" sx="M,M,M,M"/><TAIKYOKU oya="0"/><INIT seed="0,0,0,5,2,13" ten="250,250,250,250" oya="0" hai0="73,45,37,38,120,23,108,27,86,84,95,101,102" hai1="70,88,44,67,53,34,91,17,96,4,74,76,32" hai2="132,25,29,135,109,114,130,8,14,85,117,54,93" hai3="71,7,60,43,56,63,26,57,123,127,40,48,81"/><T128/><D120/><U21/><E4/><V24/><F114/><W51/><G7/><T87/><D73/><U107/><E70/><V64/><F64/><W59/><G81/><T77/><D128/><U31/><E67/><V83/><F93/><W39/><G26/><T18/><D108/><U133/><E133/><N who="2" m="51275" /><F130/><W111/><G111/><T82/><D45/><U79/><E74/><V30/><F54/><W105/><G105/><T19/><D38/><U6/><E6/><N who="2" m="3351" /><F109/><W15/><G15/><T65/><D37/><U16/><E31/><N who="2" m="11787" /><F117/><W0/><G71/><T10/><D65/><U97/><E44/><V72/><F72/><W129/><G129/><T49/><D49/><U9/><E53/><V112/><F112/><W68/><G68/><T89/><D87/><U113/><E113/><V11/><F11/><W124/><G39/><T78/><D78/><AGARI ba="0,0" hai="24,25,78,83,85" m="11787,3351,51275" machi="78" ten="30,1000,0" yaku="20,1" doraHai="13" who="2" fromWho="0" sc="250,-10,250,0,250,10,250,0" /><INIT seed="1,0,0,2,4,119" ten="240,250,260,250" oya="1" hai0="97,32,26,31,73,42,134,8,84,13,126,60,12" hai1="104,15,89,21,82,117,5,99,56,132,41,120,116" hai2="106,133,6,47,115,67,1,9,125,114,80,4,94" hai3="105,22,51,75,55,93,111,29,69,112,54,30,24"/><U50/><E132/><V27/><F106/><W127/><G105/><T102/><D73/><U58/><E41/><V62/><F133/><W25/><G111/><T40/><D134/><U79/><E120/><V70/><F125/><W107/><G127/><T81/><D126/><U49/><E117/><V86/><F6/><W129/><G107/><T18/><D60/><U109/><E116/><V87/><F27/><W43/><G75/><T101/><D101/><U28/><E109/><V23/><F23/><W124/><G124/><T3/><D3/><U91/><E104/><V76/><F94/><W123/><G112/><N who="2" m="43049" /><F47/><W92/><G69/><T96/><D96/><U61/><E58/><V17/><F17/><W113/><G113/><T131/><D131/><U83/><E83/><V71/><F71/><W10/><G129/><T78/><D97/><U110/><E110/><V90/><F87/><W122/><G43/><T88/><D102/><U0/><E0/><V59/><F70/><W16/><G10/><T45/><D13/><U63/><E99/><V53/><F67/><W100/><G100/><T48/><D78/><AGARI ba="0,0" hai="1,4,9,53,59,62,76,78,80,86,90" m="43049" machi="78" ten="30,1000,0" yaku="11,1" doraHai="119" who="2" fromWho="0" sc="240,-10,250,0,260,10,250,0" /><INIT seed="2,0,0,0,0,71" ten="230,250,270,250" oya="2" hai0="52,111,104,21,15,12,101,134,53,73,78,11,105" hai1="51,31,4,44,54,42,82,47,129,126,90,112,132" hai2="130,33,7,1,102,115,25,109,24,79,30,67,117" hai3="87,27,89,70,84,23,56,122,120,16,95,118,124"/><V26/><F79/><W97/><G118/><T38/><D111/><U6/><E112/><V94/><F117/><W98/><G70/><T74/><D134/><U0/><E132/><V17/><F67/><W96/><G124/><T10/><D21/><U9/><E126/><V133/><F133/><W41/><G41/><T66/><D66/><U28/><E129/><V116/><F116/><W110/><G110/><T135/><D135/><U45/><E6/><V114/><F109/><W55/><REACH who="3" step="1"/><G87/><REACH who="3" ten="230,250,270,240" step="2"/><T40/><D40/><U88/><E42/><V2/><F115/><W60/><AGARI ba="0,1" hai="16,23,27,55,56,60,84,89,95,96,97,98,120,122" machi="60" ten="30,12000,2" yaku="1,1,2,1,0,1,54,1,53,2" doraHai="71" doraHaiUra="119" who="3" fromWho="3" sc="230,-30,250,-30,270,-60,240,130" /><INIT seed="3,0,0,5,5,106" ten="200,220,210,370" oya="3" hai0="35,9,79,82,81,61,44,76,59,132,126,89,33" hai1="111,133,91,98,5,117,32,69,92,70,49,40,7" hai2="28,131,63,122,129,120,2,56,65,51,96,127,26" hai3="12,31,135,112,37,128,14,29,57,115,23,15,110"/><W108/><G37/><T53/><D132/><U105/><E111/><N who="3" m="42538" /><G57/><T94/><D126/><U121/><E121/><N who="2" m="46699" /><F2/><W124/><G124/><T20/><D9/><U80/><E32/><N who="2" m="20503" /><F127/><W130/><G135/><T107/><D107/><U24/><E133/><V13/><F96/><W90/><G90/><T72/><D20/><U54/><E40/><V46/><F13/><W102/><G102/><T77/><D44/><U43/><E43/><AGARI ba="0,0" hai="43,46,51,56,63,65,129,131" m="20503,46699" machi="43" ten="30,1000,0" yaku="13,1" doraHai="106" who="2" fromWho="1" sc="200,0,220,-10,210,10,370,0" /><INIT seed="4,0,0,0,4,43" ten="200,210,220,370" oya="0" hai0="107,0,54,94,56,100,55,33,23,89,109,122,59" hai1="66,135,48,79,63,64,91,124,81,134,68,131,93" hai2="76,102,28,117,16,8,78,11,31,61,40,80,84" hai3="69,121,47,103,29,53,9,72,5,105,104,123,115"/><T126/><D33/><U25/><E124/><V24/><F117/><W133/><G115/><T60/><D126/><U74/><E131/><V101/><F40/><W38/><G133/><N who="1" m="50698" /><E66/><V1/><F1/><W119/><G119/><T73/><D0/><U70/><E25/><V99/><F61/><W52/><G69/><T7/><D109/><U75/><E48/><V44/><F44/><W58/><G72/><T83/><D122/><U118/><E118/><V90/><F78/><W106/><G29/><N who="2" m="11337" /><F76/><W36/><G103/><N who="2" m="39433" /><F99/><W30/><G30/><T112/><D112/><U17/><E17/><V12/><F24/><W98/><G38/><T111/><D111/><U51/><E51/><V85/><F85/><W35/><G36/><T20/><D7/><U32/><E32/><V49/><F49/><W86/><G35/><T15/><D73/><N who="1" m="43247" /><E70/><V88/><F90/><W130/><G123/><T110/><D110/><U14/><E14/><V95/><F80/><W116/><G116/><T10/><D83/><U113/><E113/><V2/><F2/><W19/><G5/><N who="0" m="3535" /><D107/><U129/><E129/><V87/><F87/><AGARI ba="0,0" hai="63,64,68,74,75,87,91,93" m="43247,50698" machi="87" ten="30,1000,0" yaku="20,1" doraHai="43" who="1" fromWho="2" sc="200,0,210,10,220,-10,370,0" /><INIT seed="5,0,0,2,2,135" ten="200,220,210,370" oya="1" hai0="55,85,23,73,91,116,56,88,30,47,77,111,121" hai1="123,48,45,97,60,110,125,46,67,6,58,108,72" hai2="50,26,5,120,93,82,57,66,32,3,134,61,44" hai3="80,54,31,27,101,17,64,29,104,34,8,119,118"/><U62/><E72/><V15/><F120/><W74/><G64/><T59/><D111/><N who="1" m="42539" /><E6/><V49/><F134/><W69/><G69/><T79/><D116/><U132/><E97/><V75/><F3/><W86/><G74/><T114/><D121/><U12/><E12/><V0/><F0/><W109/><G109/><T126/><D114/><U42/><E132/><V9/><F32/><W117/><G31/><T63/><D73/><U1/><E1/><V96/><F26/><W84/><G101/><T130/><D130/><U36/><E123/><V22/><F22/><W33/><G104/><T38/><D38/><U124/><E62/><V25/><F25/><W103/><G103/><T94/><D47/><U102/><E102/><V83/><F75/><W68/><G33/><T41/><D41/><AGARI ba="0,0" hai="36,41,42,45,46,48,58,60,67,124,125" m="42539" machi="41" ten="30,12000,1" yaku="10,1,34,2,52,2" doraHai="135" who="1" fromWho="0" sc="200,-120,220,120,210,0,370,0" /><INIT seed="5,1,0,5,4,77" ten="80,340,210,370" oya="1" hai0="114,8,0,125,65,88,70,72,120,87,1,50,99" hai1="80,4,94,30,26,135,64,102,63,134,41,132,113" hai2="123,91,49,46,124,78,42,96,23,95,109,48,62" hai3="133,126,54,129,45,104,47,103,31,108,44,83,100"/><U14/><E113/><V13/><F123/><W61/><G108/><T73/><D114/><U52/><E41/><V130/><F109/><W131/><G133/><T36/><D36/><U12/><E80/><V128/><F124/><W110/><G110/><T9/><D120/><U122/><E122/><V58/><F78/><W21/><G126/><T84/><D125/><U38/><E38/><V71/><F71/><W18/><G31/><T19/><D70/><U32/><E4/><V119/><F119/><W15/><G104/><T22/><D65/><U89/><E102/><V117/><F117/><W57/><REACH who="3" step="1"/><G83/><REACH who="3" ten="80,340,210,360" step="2"/><T105/><D105/><U60/><E134/><V92/><F130/><AGARI ba="1,1" hai="15,18,21,44,45,47,54,57,61,100,103,129,130,131" machi="130" ten="40,8000,1" yaku="1,1,2,1,19,1,53,2" doraHai="77" doraHaiUra="97" who="3" fromWho="2" sc="80,0,340,0,210,-83,360,93" /><INIT seed="6,0,0,1,1,77" ten="80,340,127,453" oya="2" hai0="94,49,54,122,134,7,76,118,84,83,101,56,12" hai1="124,32,88,26,133,125,119,58,64,5,48,51,70" hai2="93,132,13,128,57,36,73,123,65,127,63,10,129" hai3="0,37,66,52,102,16,82,53,114,78,99,4,74"/><V81/><F123/><W130/><G37/><T43/><D122/><U126/><E119/><V98/><F36/><W34/><G34/><T19/><D134/><U46/><E133/><V45/><F132/><W11/><G130/><N who="2" m="50281" /><F45/><W131/><G131/><T106/><D118/><U80/><E5/><V87/><F73/><W68/><G114/><T39/><D7/><U103/><E103/><N who="2" m="60879" /><F127/><W61/><REACH who="3" step="1"/><G16/><REACH who="3" ten="80,340,127,443" step="2"/><T91/><D39/><U47/><E126/><V108/><F108/><W1/><G1/><T67/><D43/><U75/><E125/><V41/><F41/><W18/><G18/><T100/><D106/><AGARI ba="0,1" hai="0,4,11,52,53,61,66,68,74,78,82,99,102,106" machi="106" ten="30,7700,0" yaku="1,1,7,1,52,1,54,1,53,0" doraHai="77" doraHaiUra="90" who="3" fromWho="0" sc="80,-77,340,0,127,0,443,87" /><INIT seed="7,0,0,3,4,84" ten="3,340,127,530" oya="3" hai0="68,75,1,124,61,10,125,101,32,2,38,135,23" hai1="42,74,76,52,108,123,12,7,83,114,34,45,116" hai2="129,33,66,71,134,91,90,67,41,16,103,51,88" hai3="78,30,109,24,39,36,126,58,11,19,64,54,112"/><W50/><G112/><T110/><D61/><U80/><E108/><V35/><F103/><W94/><G126/><T26/><D101/><U29/><E123/><V107/><F107/><W14/><G78/><T132/><D23/><U37/><E114/><V4/><F71/><W104/><G104/><T43/><D43/><U70/><E70/><V127/><F127/><W92/><G109/><T5/><D10/><U81/><E116/><V46/><F4/><W20/><G64/><T100/><D100/><U65/><E65/><V48/><F134/><W22/><G94/><T55/><D55/><U89/><E89/><V115/><F115/><W62/><G92/><T77/><D5/><U60/><E29/><V3/><F3/><W122/><G122/><T49/><D49/><U69/><E34/><V106/><F106/><W113/><G113/><T6/><D77/><U59/><E69/><V8/><F129/><W27/><G50/><T47/><D6/><AGARI ba="0,0" hai="6,11,14,19,20,22,24,27,30,36,39,54,58,62" machi="6" ten="30,1500,0" yaku="7,1" doraHai="84" who="3" fromWho="0" sc="3,-15,340,0,127,0,530,15" owari="-12,-51.2,340,14.0,127,-27.3,545,64.5" /></mjloggm>