<mjloggm ver="2.3"><GO type="169" lobby="0"/><UN n0="%E3%82%86%E3%81%86%E3%82%86%E3%81%8D" n1="%41%E7%9F%B3%E6%A9%8B" n2="%E7%8B%82%E3%81%A3%E3%81%9F%E9%B7%B9" n3="%E4%B9%85%E4%BF%9D%E3%82%B7%E3%82%AA%E3%83%AA" dan="16,16,16,16" rate="2191.85,2128.50,2105.94,2016.66" sx="M,M,M,M"/><TAIKYOKU oya="0"/><INIT seed="0,0,0,4,0,45" ten="250,250,250,250" oya="0" hai0="76,63,24,50,64,17,3,41,68,111,134,53,43" hai1="77,90,69,129,5,1,34,120,21,87,80,116,127" hai2="7,131,96,84,61,110,8,119,81,72,126,128,86" hai3="51,56,135,78,75,19,2,105,62,13,32,49,106"/><T26/><D3/><U28/><E116/><V15/><F119/><W118/><G32/><T114/><D114/><U103/><E120/><V55/><F110/><W27/><G118/><T121/><D121/><U89/><E69/><V133/><F133/><W108/><G2/><T29/><D76/><U66/><E66/><V40/><F40/><W58/><G108/><T37/><D111/><U95/><E129/><V57/><F126/><W48/><G56/><T31/><D17/><U102/><E127/><V109/><F109/><W122/><G122/><T44/><D134/><U70/><E70/><V99/><F86/><W9/><G135/><T94/><D94/><U18/><E34/><V83/><F83/><W93/><G93/><T33/><REACH who="0" step="1"/><D37/><REACH who="0" ten="240,250,250,250" step="2"/><U117/><E117/><V101/><F131/><W59/><G27/><T52/><D52/><U35/><E77/><V107/><F55/><W104/><REACH who="3" step="1"/><G62/><REACH who="3" ten="240,250,250,240" step="2"/><T82/><D82/><AGARI ba="0,2" hai="9,13,19,48,49,51,58,59,75,78,82,104,105,106" machi="82" ten="50,8000,1" yaku="1,1,2,1,52,3,53,0" doraHai="45" doraHaiUra="92" who="3" fromWho="0" sc="240,-80,250,0,250,0,240,100" /><INIT seed="1,0,0,1,0,76" ten="160,250,250,340" oya="1" hai0="54,64,132,94,11,38,73,37,43,30,93,131,47" hai1="81,125,75,51,98,120,66,121,78,115,3,1,53" hai2="21,0,112,23,35,77,97,46,8,72,92,83,63" hai3="33,101,106,123,48,60,58,40,102,114,24,49,87"/><U62/><E115/><V6/><F112/><W12/><G114/><T71/><D73/><U70/><E125/><V9/><F35/><W104/><G123/><T34/><D38/><U127/><E127/><V41/><F63/><W44/><G104/><T129/><D132/><U96/><E96/><V52/><F52/><W55/><G106/><T91/><D11/><U68/><E68/><V86/><F86/><W109/><G109/><T85/><D30/><U56/><REACH who="1" step="1"/><E98/><REACH who="1" ten="160,240,250,340" step="2"/><V99/><F99/><W5/><G101/><T59/><D129/><U130/><E130/><V135/><F135/><W13/><G102/><T29/><D131/><U95/><E95/><V116/><F116/><W26/><G33/><T84/><D71/><U103/><E103/><V2/><F92/><W27/><G5/><T124/><D124/><U39/><E39/><N who="2" m="21823" /><F97/><W10/><G10/><T133/><D94/><U134/><E134/><V14/><F0/><AGARI ba="0,1" hai="0,1,3,51,53,56,62,66,70,75,78,81,120,121" machi="0" ten="40,3900,0" yaku="1,1,52,1,53,0" doraHai="76" doraHaiUra="89" who="1" fromWho="2" sc="160,0,240,49,250,-39,340,0" /><INIT seed="1,1,0,4,4,66" ten="160,289,211,340" oya="1" hai0="104,107,3,35,97,134,82,30,27,51,75,17,48" hai1="53,32,94,71,77,20,126,50,12,91,132,108,54" hai2="103,128,85,73,58,101,63,120,1,93,102,130,21" hai3="8,4,84,6,55,28,49,80,43,124,44,36,96"/><U83/><E126/><V57/><F73/><W115/><G124/><T65/><D3/><U79/><E132/><V116/><F116/><W121/><G121/><T45/><D134/><U122/><E122/><V86/><F1/><W100/><G28/><T98/><D17/><U33/><E108/><V37/><F37/><W78/><G115/><T2/><D2/><U135/><E135/><V7/><F7/><W90/><G90/><T5/><D5/><U31/><E71/><V109/><F109/><W70/><G70/><T117/><D51/><U131/><E131/><N who="2" m="50219" /><F58/><W119/><G119/><T19/><D65/><U129/><E129/><V118/><F120/><W105/><REACH who="3" step="1"/><G8/><REACH who="3" ten="160,289,211,330" step="2"/><T13/><D30/><U89/><E31/><V14/><F118/><W60/><G60/><T133/><D117/><U92/><E89/><V61/><F61/><W113/><G113/><T99/><D133/><U106/><E91/><V16/><F93/><W110/><G110/><T38/><D107/><U72/><E106/><V67/><AGARI ba="1,1" hai="14,16,21,57,63,67,85,86,101,102,103" m="50219" machi="67" ten="30,2000,0" yaku="19,1,54,1" doraHai="66" who="2" fromWho="2" sc="160,-6,289,-11,211,33,330,-6" /><INIT seed="2,0,0,1,4,100" ten="154,278,244,324" oya="2" hai0="16,68,125,53,91,115,43,89,13,3,127,70,61" hai1="113,112,92,84,109,93,103,98,134,69,6,106,116" hai2="101,0,110,27,119,73,18,26,30,126,41,51,94" hai3="14,54,117,1,8,7,62,66,37,36,78,20,121"/><V64/><F119/><W35/><G121/><T56/><D3/><U2/><E69/><V52/><F73/><W108/><G108/><T90/><D43/><U19/><E116/><V12/><F0/><W87/><G117/><T46/><D46/><U130/><E109/><V10/><F110/><W33/><G54/><T34/><D34/><U88/><E19/><V48/><F64/><W133/><G133/><T11/><REACH who="0" step="1"/><D115/><REACH who="0" ten="144,278,244,324" step="2"/><U102/><E2/><V82/><F41/><W15/><G35/><T79/><D79/><U83/><E6/><V107/><F126/><AGARI ba="0,1" hai="11,13,16,53,56,61,68,70,89,90,91,125,126,127" machi="126" ten="40,5200,0" yaku="1,1,18,1,54,1,53,0" doraHai="100" doraHaiUra="96" who="0" fromWho="2" sc="144,62,278,0,244,-52,324,0" /><INIT seed="3,0,0,0,1,135" ten="206,278,192,324" oya="3" hai0="69,101,72,23,12,115,112,111,82,106,37,132,102" hai1="71,30,17,50,2,35,122,7,114,59,91,64,29" hai2="121,13,103,95,78,88,58,87,93,62,79,81,84" hai3="63,4,85,27,44,134,98,5,108,31,19,18,57"/><W21/><G134/><T80/><D69/><U74/><E122/><V92/><F121/><W15/><G108/><T100/><D37/><U66/><E114/><N who="0" m="43561" /><D23/><U116/><E116/><V73/><F13/><W120/><G120/><T54/><D12/><U1/><E74/><V94/><F58/><W26/><G26/><T128/><D54/><U125/><E91/><V113/><F113/><W130/><G130/><T22/><D22/><U46/><E71/><V76/><F62/><W117/><G44/><T53/><D53/><U119/><E119/><V68/><F68/><W60/><G60/><T28/><D28/><U51/><E7/><V105/><F84/><W107/><G19/><T39/><D39/><U48/><E48/><V67/><F67/><W20/><G117/><T55/><D55/><U109/><E109/><V45/><F45/><W36/><G36/><T127/><D132/><U104/><E104/><V96/><AGARI ba="0,0" hai="73,76,78,79,81,87,88,92,93,94,95,96,103,105" machi="96" ten="30,16000,3" yaku="0,1,24,2,35,6,54,1" doraHai="135" who="2" fromWho="2" sc="206,-40,278,-40,192,160,324,-80" /><INIT seed="4,0,0,5,4,96" ten="166,238,352,244" oya="0" hai0="114,63,92,68,99,70,20,83,1,65,125,90,11" hai1="84,98,43,39,34,3,19,22,7,62,51,27,12" hai2="89,122,118,133,80,32,42,121,100,82,74,112,86" hai3="26,132,44,110,59,75,10,117,88,85,23,36,15"/><T79/><D114/><U130/><E130/><V5/><F32/><W47/><G110/><T104/><D125/><U76/><E39/><V0/><F112/><W21/><G75/><T106/><D70/><U119/><E119/><V111/><F118/><W103/><G117/><T29/><D1/><U128/><E128/><V58/><F42/><W124/><G132/><T115/><D115/><U64/><E3/><V28/><F28/><W72/><G72/><T69/><D69/><U13/><E7/><V129/><F133/><W97/><G59/><T77/><D11/><U81/><E34/><V73/><F5/><W67/><G67/><T134/><D134/><U123/><E123/><V45/><F58/><W40/><G44/><T49/><D49/><U25/><E25/><V116/><F45/><W2/><G2/><T46/><D46/><N who="1" m="26079" /><E98/><V109/><F116/><W94/><G26/><T108/><D108/><U6/><E6/><V18/><F0/><W126/><G126/><T105/><REACH who="0" step="1"/><D83/><REACH who="0" ten="156,238,352,244" step="2"/><U93/><E81/><V71/><F71/><W50/><G124/><T102/><D102/><U87/><E62/><V17/><F100/><W38/><G38/><T33/><D33/><U107/><E107/><V30/><F111/><W78/><G36/><T135/><D135/><U52/><E22/><V8/><F109/><W120/><G120/><T14/><D14/><U35/><E13/><V95/><F121/><W24/><G103/><T54/><D54/><U53/><E53/><V41/><F122/><W131/><G15/><T57/><D57/><U55/><E12/><V4/><F74/><RYUUKYOKU ba="0,1" sc="156,30,238,-10,352,-10,244,-10" hai0="20,29,63,65,68,77,79,90,92,99,104,105,106" /><INIT seed="4,1,1,1,4,54" ten="186,228,342,234" oya="0" hai0="33,28,98,64,31,55,120,44,77,62,66,2,109" hai1="51,105,61,35,29,79,47,70,67,60,13,103,72" hai2="40,119,16,90,45,5,131,38,58,15,88,65,113" hai3="53,41,94,135,124,126,25,9,111,96,26,1,68"/><T57/><D120/><U32/><E13/><V49/><F113/><W115/><G115/><T93/><D2/><U43/><E61/><N who="2" m="38071" /><F38/><W74/><G74/><T122/><D122/><U52/><E29/><N who="0" m="11337" /><D33/><U92/><E105/><V20/><F131/><W99/><G99/><T78/><D109/><U48/><E103/><V10/><F119/><W134/><G111/><T76/><D44/><U127/><E127/><N who="3" m="48682" /><G68/><T108/><D108/><U4/><E4/><V18/><F5/><N who="3" m="1199" /><G41/><T87/><D87/><U91/><E79/><N who="0" m="20225" /><T110/><DORA hai="75" /><D110/><U37/><E51/><V34/><F34/><W97/><G96/><T0/><D0/><U63/><E63/><V69/><F69/><W22/><G97/><T83/><D83/><U129/><E129/><V132/><F132/><W130/><G130/><T121/><D121/><U85/><REACH who="1" step="1"/><E72/><REACH who="1" ten="186,218,342,234" step="2"/><V14/><AGARI ba="1,2" hai="10,14,15,16,18,20,40,45,49,88,90" m="38071" machi="14" ten="30,7900,0" yaku="8,1,52,1,54,2" doraHai="54,75" who="2" fromWho="2" sc="186,-40,218,-21,342,102,234,-21" /><INIT seed="5,0,0,0,3,111" ten="146,197,444,213" oya="1" hai0="80,133,68,72,6,108,41,132,104,78,89,11,124" hai1="56,93,102,17,77,109,31,35,66,129,20,26,23" hai2="101,33,18,37,83,79,30,0,55,105,112,118,81" hai3="110,67,75,43,97,24,57,120,74,16,8,126,107"/><U46/><E109/><V86/><F118/><W69/><G120/><T39/><D108/><U135/><E129/><V14/><F0/><W61/><G110/><T84/><D68/><U76/><E135/><V9/><F37/><W28/><G126/><T51/><D124/><U70/><E70/><V99/><F33/><W130/><G130/><T113/><D51/><U34/><E34/><V117/><F30/><W38/><G38/><T119/><D119/><U123/><E123/><V5/><F55/><W19/><G43/><T22/><D22/><U94/><E46/><V121/><F117/><W65/><G57/><T10/><D104/><U4/><E4/><V62/><F62/><W125/><G65/><T29/><D29/><U13/><E35/><V96/><F96/><W63/><G63/><T36/><D11/><U47/><E47/><V49/><F83/><W127/><G125/><T52/><D52/><U15/><E15/><V115/><F49/><W21/><G127/><T64/><D64/><U32/><E32/><V40/><F40/><W27/><G97/><T91/><D39/><U48/><E48/><V3/><REACH who="2" step="1"/><F121/><REACH who="2" ten="146,197,434,213" step="2"/><W128/><G128/><T42/><D42/><U87/><E66/><V95/><F95/><W73/><G107/><T45/><D36/><U1/><E1/><V98/><F98/><W71/><G71/><T114/><D41/><U103/><E94/><V59/><F59/><W44/><G44/><T116/><D45/><U88/><E56/><V100/><F100/><AGARI ba="0,1" hai="13,17,20,23,26,31,76,77,87,88,93,100,102,103" machi="100" ten="40,3900,0" yaku="8,1,54,1" doraHai="111" who="1" fromWho="2" sc="146,0,197,49,434,-39,213,0" /><INIT seed="5,1,0,4,0,12" ten="146,246,395,213" oya="1" hai0="79,28,132,38,9,67,82,34,128,37,52,27,14" hai1="108,64,83,10,26,96,91,107,65,84,17,115,85" hai2="49,133,101,74,102,106,113,103,80,125,57,55,33" hai3="2,117,73,5,31,8,135,86,72,122,78,66,63"/><U51/><E115/><V40/><F113/><W0/><G122/><T42/><D128/><U75/><E108/><V32/><F106/><W120/><G120/><T45/><D132/><U19/><E75/><V129/><F40/><W69/><G135/><T3/><D67/><U23/><E107/><V21/><F133/><W112/><G112/><T119/><D119/><U53/><E96/><V15/><F125/><W13/><G117/><T88/><D3/><U110/><E110/><V97/><F97/><W109/><G109/><T131/><D131/><U105/><E105/><V61/><F61/><W16/><G31/><T25/><D25/><U59/><E85/><V100/><F100/><W11/><G0/><T24/><D24/><U114/><E114/><V104/><F104/><W81/><AGARI ba="1,0" hai="2,5,8,11,13,16,63,66,69,72,73,78,81,86" machi="81" ten="30,4000,0" yaku="0,1,52,1,54,1" doraHai="12" who="3" fromWho="3" sc="146,-11,246,-21,395,-11,213,43" /><INIT seed="6,0,0,3,1,11" ten="135,225,384,256" oya="2" hai0="25,111,58,123,91,16,100,4,64,67,2,39,79" hai1="51,31,22,62,117,18,106,97,45,63,88,104,135" hai2="115,15,12,77,128,78,82,27,120,73,124,126,85" hai3="119,5,127,33,107,23,87,21,1,121,9,8,130"/><V7/><F120/><W34/><G107/><T60/><D111/><U43/><E117/><V102/><F7/><W57/><G87/><T90/><D123/><U61/><E135/><V93/><F128/><W24/><G57/><T55/><D39/><U56/><E31/><V19/><F115/><W95/><G95/><T38/><D38/><U46/><E46/><V125/><F77/><W80/><G80/><T114/><D114/><U41/><E41/><V35/><F73/><W66/><G66/><T54/><D100/><U53/><E106/><V20/><F35/><N who="3" m="13323" /><G121/><T74/><D55/><U6/><E6/><V40/><F40/><W112/><G119/><T76/><D4/><U3/><E3/><V86/><F86/><W116/><G116/><T133/><D2/><U105/><E105/><V109/><F109/><W29/><G112/><T30/><D30/><U26/><E104/><V59/><F59/><W47/><G47/><T110/><D133/><U48/><E48/><V28/><F28/><W99/><G99/><AGARI ba="0,0" hai="12,15,19,20,27,78,82,85,93,99,102,124,125,126" machi="99" ten="40,7700,0" yaku="18,1,52,2" doraHai="11" who="2" fromWho="3" sc="135,0,225,0,384,77,256,-77" /><INIT seed="6,1,0,4,5,53" ten="135,225,461,179" oya="2" hai0="35,116,44,120,67,21,88,28,15,83,9,33,18" hai1="36,29,2,111,72,24,110,135,40,100,13,60,126" hai2="51,20,46,6,48,91,108,69,93,132,63,106,98" hai3="125,0,84,4,66,118,113,25,10,131,50,57,130"/><V17/><F132/><W104/><G118/><T70/><D120/><U56/><E2/><V87/><F108/><W77/><G104/><T22/><D116/><U86/><E72/><V107/><F6/><W64/><G125/><T133/><D133/><U62/><E135/><V71/><F51/><W79/><G113/><T99/><D70/><U59/><E126/><V114/><F114/><W7/><G25/><T92/><D67/><U115/><E115/><V101/><F63/><W102/><G102/><T41/><D83/><U75/><E75/><V127/><F107/><W47/><G84/><T49/><REACH who="0" step="1"/><D28/><REACH who="0" ten="125,225,461,179" step="2"/><U5/><E29/><V124/><F124/><W3/><G66/><T39/><D39/><U134/><E36/><V19/><F127/><W103/><G64/><T45/><D45/><U32/><E134/><V105/><F71/><W94/><G47/><T65/><D65/><U38/><E38/><V97/><F69/><W112/><G112/><T54/><D54/><U119/><E119/><V1/><F46/><W55/><G55/><T73/><D73/><U52/><E52/><V121/><F121/><W68/><G68/><T96/><D96/><U16/><E111/><V26/><F48/><W78/><G50/><T31/><D31/><U74/><E74/><V82/><F97/><W122/><G122/><T43/><D43/><U123/><E40/><V76/><F105/><W128/><G128/><T117/><D117/><U23/><E123/><V129/><F106/><W12/><G131/><T37/><D37/><U81/><E110/><V42/><F129/><W34/><G130/><RYUUKYOKU ba="1,1" sc="125,30,225,-10,461,-10,179,-10" hai0="9,15,18,21,22,33,35,41,44,49,88,92,99" /><INIT seed="7,2,1,4,4,26" ten="155,215,451,169" oya="3" hai0="122,99,53,1,21,78,86,104,69,30,47,113,112" hai1="92,56,128,107,4,38,111,45,72,15,57,46,90" hai2="48,88,14,13,129,135,6,132,123,62,40,87,32" hai3="95,82,23,18,75,52,85,100,109,25,91,0,44"/><W76/><G0/><T54/><D122/><U8/><E111/><V31/><F129/><W37/><G109/><T126/><D69/><U43/><E107/><V119/><F119/><W63/><G100/><N who="0" m="62495" /><D126/><U20/><E128/><V29/><F32/><W116/><G116/><T16/><D1/><U84/><E72/><V9/><F123/><W102/><G102/><T97/><D97/><U79/><E79/><V73/><F73/><W68/><G68/><T64/><D64/><U3/><E46/><N who="2" m="25671" /><F62/><W81/><G95/><T22/><D47/><U94/><E94/><N who="2" m="54559" /><F14/><W71/><G71/><T61/><D61/><U105/><E105/><V27/><F27/><W80/><G80/><T110/><D110/><U127/><E127/><V130/><F130/><W34/><G34/><T12/><D78/><U33/><E33/><V103/><F103/><W66/><G66/><T67/><D67/><U96/><E96/><V83/><F83/><W55/><G63/><T117/><D86/><U39/><E39/><V93/><F93/><W7/><G37/><T36/><D36/><U50/><E38/><V77/><F77/><W133/><G133/><AGARI ba="2,1" hai="6,9,13,29,31,132,133,135" m="54559,25671" machi="133" ten="30,7700,0" yaku="20,1,52,2,54,1" doraHai="26" who="2" fromWho="3" sc="155,0,215,0,451,93,169,-83" owari="155,-24.5,215,1.5,544,64.4,86,-41.4" /></mjloggm>