<mjloggm ver="2.3"><GO type="169" lobby="0"/><UN n0="%E7%8C%AA%E7%8B%A9%E5%AE%88" n1="%E6%84%9B%E5%AA%9B%E7%9C%8C%E7%94%A3%E3%81%BF%E3%81%8B%E3%82%93" n2="%E3%81%9F%E3%81%8F%E3%81%98%E3%82%8D%E3%81%86" n3="%63%68%69%73%73" dan="17,16,19,16" rate="2182.54,2160.30,2336.80,2168.04" sx="M,F,M,M"/><TAIKYOKU oya="0"/><INIT seed="0,0,0,2,3,19" ten="250,250,250,250" oya="0" hai0="25,56,71,26,37,6,63,74,78,109,135,8,36" hai1="131,16,23,118,27,100,117,13,83,12,82,29,5" hai2="7,1,127,90,47,120,116,0,95,14,103,110,112" hai3="40,80,94,79,45,124,68,55,38,69,99,35,28"/><T97/><D71/><U24/><E100/><V88/><F112/><W20/><G124/><T107/><D135/><U32/><E131/><V60/><F120/><W21/><G35/><T76/><D74/><U52/><E83/><V18/><F127/><W128/><G28/><T72/><D72/><U53/><E82/><V132/><F110/><W119/><G128/><T49/><D49/><U87/><E87/><V129/><F116/><N who="1" m="44649" /><E52/><V101/><F7/><W10/><G119/><T33/><D33/><U106/><E53/><V104/><F132/><W89/><G10/><T9/><D107/><U113/><E106/><V51/><F90/><W39/><G39/><T66/><D97/><U65/><E65/><V134/><F134/><W98/><G98/><T42/><D109/><U111/><E111/><V3/><F60/><W108/><G108/><T43/><D6/><U84/><E84/><V2/><N who="2" m="0" /><DORA hai="123" /><V126/><F104/><W133/><G133/><T15/><D56/><U61/><E61/><V86/><F126/><W48/><G69/><T62/><D15/><N who="1" m="5707" /><E113/><V102/><F129/><W130/><G68/><T11/><REACH who="0" step="1"/><D8/><REACH who="0" ten="240,250,250,250" step="2"/><U96/><E96/><V54/><REACH who="2" step="1"/><F103/><REACH who="2" ten="240,250,240,250" step="2"/><W58/><REACH who="3" step="1"/><G130/><REACH who="3" ten="240,250,240,240" step="2"/><T125/><D125/><U114/><E114/><V122/><F122/><W59/><G59/><T46/><D46/><U44/><E44/><V70/><F70/><W85/><AGARI ba="0,3" hai="20,21,38,40,45,48,55,58,79,80,85,89,94,99" machi="85" ten="20,12000,2" yaku="1,1,0,1,7,1,52,2,53,2" doraHai="19,123" doraHaiUra="92,91" who="3" fromWho="3" sc="240,-60,250,-30,240,-30,240,150" /><INIT seed="1,0,0,2,4,98" ten="180,220,210,390" oya="1" hai0="61,15,93,0,29,31,52,21,19,104,124,78,108" hai1="118,66,18,130,125,121,10,122,132,127,88,105,92" hai2="9,59,42,39,72,33,107,25,86,60,37,34,46" hai3="40,115,7,50,81,111,45,135,51,57,116,84,62"/><U17/><E66/><V26/><F72/><W134/><G115/><T58/><D108/><U87/><E10/><V94/><F107/><W28/><G111/><T128/><D128/><U30/><E30/><V106/><F106/><W56/><G116/><T49/><D124/><N who="1" m="47691" /><E17/><V23/><F39/><W79/><G28/><T68/><D0/><U63/><E63/><V1/><F26/><W47/><G7/><T133/><D133/><N who="3" m="50697" /><G62/><T97/><D104/><U129/><E18/><V43/><F43/><AGARI ba="0,0" hai="40,43,45,47,50,51,56,57,79,81,84" m="50697" machi="43" ten="30,1000,0" yaku="20,1" doraHai="98" who="3" fromWho="2" sc="180,0,220,0,210,-10,390,10" /><INIT seed="2,0,0,5,2,111" ten="180,220,200,400" oya="2" hai0="125,27,65,41,12,78,28,105,130,110,122,25,114" hai1="88,95,99,124,87,46,71,10,55,72,60,39,94" hai2="68,96,108,64,75,18,1,61,44,21,80,63,100" hai3="85,127,5,22,129,67,77,38,90,118,104,3,86"/><V30/><F1/><W45/><G104/><T37/><D122/><U121/><E124/><V112/><F108/><W4/><G118/><T102/><D110/><U131/><E131/><V128/><F128/><W8/><G129/><T59/><D125/><U23/><E72/><V0/><F0/><W133/><G133/><T113/><D78/><U107/><E121/><V73/><F112/><W33/><G33/><T56/><D25/><U103/><E10/><V7/><F7/><W66/><G5/><T34/><D12/><U58/><E71/><V40/><F63/><W35/><G35/><T93/><D41/><U50/><E23/><V109/><F80/><W119/><G119/><T135/><D37/><U106/><REACH who="1" step="1"/><E39/><REACH who="1" ten="180,210,200,400" step="2"/><V115/><F75/><W43/><G22/><T62/><D130/><U13/><E13/><V126/><F73/><W120/><G120/><T11/><D11/><U82/><E82/><V116/><F116/><W81/><G127/><T36/><D36/><U92/><E92/><AGARI ba="0,1" hai="3,4,8,38,43,45,66,67,77,81,85,86,90,92" machi="92" ten="30,1000,0" yaku="7,1" doraHai="111" who="3" fromWho="1" sc="180,0,210,-10,200,0,400,20" /><INIT seed="3,0,0,0,4,78" ten="180,200,200,420" oya="3" hai0="41,115,1,104,93,113,134,77,28,17,132,82,70" hai1="5,53,106,125,95,114,47,19,81,121,25,35,50" hai2="96,130,51,86,34,2,89,31,37,73,99,10,29" hai3="62,21,13,103,117,84,126,127,14,91,30,111,133"/><W54/><G117/><T74/><D1/><U38/><E121/><V39/><F73/><W0/><G0/><T27/><D70/><U42/><E114/><N who="0" m="43529" /><D17/><U116/><E125/><V90/><F130/><W46/><G133/><N who="0" m="51307" /><D41/><U45/><E106/><V135/><F135/><W4/><G111/><T100/><D93/><U58/><E116/><V101/><F2/><W79/><G126/><T43/><D43/><U15/><E95/><V66/><F31/><W33/><G127/><T8/><D8/><U107/><E107/><V80/><F10/><W55/><G103/><T68/><D68/><U98/><E5/><V105/><F29/><W63/><G4/><T44/><D44/><U12/><E47/><V40/><F40/><W118/><G46/><T92/><D92/><U119/><E119/><V65/><F39/><W22/><G30/><T108/><D108/><U24/><E19/><V6/><F37/><W83/><G33/><N who="0" m="20639" /><D100/><U60/><E35/><V59/><F34/><W52/><G118/><T56/><D56/><U16/><E38/><V123/><F123/><W48/><G48/><T26/><D26/><N who="1" m="10347" /><E98/><V57/><F6/><W129/><G14/><N who="1" m="5162" /><E16/><V88/><F99/><W23/><G13/><T124/><D124/><U7/><E7/><V67/><REACH who="2" step="1"/><F59/><REACH who="2" ten="180,200,190,420" step="2"/><W18/><G18/><T75/><D75/><U97/><E97/><V94/><F94/><W112/><G112/><T109/><D109/><U49/><E42/><V3/><F3/><W87/><G23/><T128/><D104/><U71/><E45/><V76/><F76/><N who="3" m="46183" /><G22/><T110/><D110/><U120/><E120/><RYUUKYOKU ba="0,1" sc="180,15,200,-15,190,15,420,-15" hai0="74,77,82,128" hai2="51,57,65,66,67,80,86,88,89,90,96,101,105" /><INIT seed="4,1,1,4,4,32" ten="195,185,205,405" oya="0" hai0="128,131,11,130,65,83,13,21,105,119,48,53,25" hai1="108,75,88,61,38,84,5,19,23,35,90,59,86" hai2="17,28,62,118,110,92,57,127,91,80,78,24,67" hai3="68,77,89,71,121,101,79,12,66,34,63,94,60"/><T29/><D105/><U39/><E35/><V120/><F110/><W104/><G121/><T45/><D65/><U33/><E33/><V111/><F111/><W37/><G37/><T64/><D64/><U99/><E75/><V122/><F118/><W95/><G34/><T132/><D83/><U87/><E108/><V70/><F70/><W134/><G66/><T40/><D132/><U8/><E39/><V124/><F28/><W112/><G12/><T107/><D107/><U1/><E38/><V85/><F17/><W3/><G104/><T18/><REACH who="0" step="1"/><D119/><REACH who="0" ten="185,185,205,405" step="2"/><U117/><E117/><V44/><F122/><W27/><G134/><T2/><D2/><U49/><E99/><V100/><F120/><W115/><G3/><T55/><AGARI ba="1,2" hai="11,13,18,21,25,29,40,45,48,53,55,128,130,131" machi="55" ten="40,12000,1" yaku="1,1,0,1,19,1,53,1" doraHai="32" doraHaiUra="9" who="0" fromWho="0" sc="185,143,185,-41,205,-41,405,-41" /><INIT seed="4,2,0,3,4,63" ten="328,144,164,364" oya="0" hai0="70,32,113,46,3,85,55,21,101,6,133,119,15" hai1="118,9,19,11,135,23,43,69,33,18,132,77,52" hai2="114,86,16,34,134,129,97,98,108,127,8,31,56" hai3="74,79,94,42,2,105,59,13,27,61,67,93,5"/><T17/><D119/><U39/><E33/><V110/><F114/><W88/><G105/><T123/><D123/><U87/><E118/><V104/><F129/><W50/><G2/><T49/><D113/><U112/><E112/><V60/><F127/><W75/><G79/><T103/><D70/><U25/><E69/><V73/><F73/><W36/><G36/><T28/><D133/><N who="1" m="51275" /><E43/><V102/><F134/><W100/><G27/><N who="0" m="18463" /><D85/><U84/><E39/><V65/><F31/><W99/><G42/><T0/><D0/><U131/><E131/><V64/><F34/><W4/><G50/><T76/><D76/><U53/><E87/><V122/><F122/><W107/><G107/><T78/><D78/><U47/><E47/><V66/><F98/><W81/><G81/><T128/><D128/><U120/><E120/><V44/><F86/><N who="3" m="52375" /><G75/><T22/><D22/><U12/><E9/><AGARI ba="2,0" hai="3,6,9,15,17,21,46,49,55,101,103" m="18463" machi="9" ten="30,1500,0" yaku="24,1" doraHai="63" who="0" fromWho="1" sc="328,21,144,-21,164,0,364,0" /><INIT seed="4,3,0,0,0,108" ten="349,123,164,364" oya="0" hai0="46,115,15,7,76,86,11,28,41,82,122,78,61" hai1="39,81,132,69,75,89,77,83,10,52,33,128,32" hai2="64,79,0,48,90,53,18,26,70,31,114,121,118" hai3="62,68,42,124,100,34,126,59,38,21,129,110,103"/><T125/><D122/><U95/><E128/><V50/><F0/><W123/><G110/><T135/><D135/><U36/><E132/><V2/><F2/><W63/><G123/><T25/><D125/><N who="3" m="48233" /><G34/><T109/><D61/><U27/><E69/><V98/><F18/><W49/><G129/><T6/><D109/><U96/><E10/><V37/><F37/><W8/><G38/><T17/><D78/><U3/><E3/><V91/><F79/><W120/><G8/><T87/><D87/><U43/><E83/><V54/><F98/><W66/><G21/><T47/><D115/><U67/><E67/><V24/><F118/><W72/><G72/><T88/><D76/><U65/><E65/><V94/><F64/><N who="3" m="39007" /><G120/><T117/><D117/><U55/><E33/><V29/><F70/><W106/><G106/><T40/><D40/><U19/><E39/><V107/><F121/><W58/><G58/><T134/><D134/><U9/><E9/><V60/><F60/><W97/><G97/><T102/><D102/><U12/><E12/><V73/><F73/><W84/><G84/><T71/><D41/><U85/><E75/><V93/><F107/><W112/><G112/><AGARI ba="3,0" hai="24,26,29,31,48,50,53,54,90,91,93,94,112,114" machi="112" ten="25,6400,0" yaku="22,2,52,2" doraHai="108" who="2" fromWho="3" sc="349,0,123,0,164,73,364,-73" /><INIT seed="5,0,0,2,2,25" ten="349,123,237,291" oya="1" hai0="37,68,131,120,95,51,124,116,86,117,9,107,18" hai1="8,17,93,76,67,129,41,85,19,102,59,61,91" hai2="2,47,83,132,23,111,70,106,81,84,62,135,12" hai3="103,79,36,4,113,115,3,88,15,105,38,48,119"/><U125/><E125/><V69/><F2/><W60/><G119/><T16/><D37/><U98/><E129/><V40/><F106/><W71/><G3/><T39/><D39/><U53/><E41/><V133/><F111/><W30/><G79/><T5/><D107/><U46/><E76/><V123/><F123/><W44/><G38/><T24/><D68/><U45/><E8/><V104/><F104/><W28/><G36/><T74/><D74/><U7/><E7/><V54/><F40/><W10/><G88/><T97/><D124/><U82/><REACH who="1" step="1"/><E53/><REACH who="1" ten="349,113,237,291" step="2"/><V21/><F54/><N who="3" m="29959" /><G10/><T118/><D131/><U42/><E42/><V1/><F133/><W32/><G4/><T55/><D9/><U0/><E0/><V126/><F1/><W20/><G113/><T122/><D5/><U75/><E75/><V89/><F135/><W13/><G115/><T58/><D120/><U90/><E90/><V130/><F130/><W94/><G103/><T52/><D122/><U110/><E110/><V65/><F126/><W96/><G15/><T14/><D55/><U99/><E99/><V112/><F12/><W35/><G13/><T127/><D127/><U128/><E128/><V77/><F132/><W109/><G96/><T22/><D116/><U108/><E108/><V121/><F121/><W100/><G109/><T11/><D86/><U27/><E27/><V49/><F112/><W29/><G100/><AGARI ba="0,1" hai="11,14,16,18,22,24,51,52,58,95,97,100,117,118" machi="100" ten="30,3900,0" yaku="7,1,54,2" doraHai="25" who="0" fromWho="3" sc="349,49,113,0,237,0,291,-39" /><INIT seed="6,0,0,2,0,32" ten="398,113,237,252" oya="2" hai0="135,122,27,41,89,10,112,113,110,3,127,43,30" hai1="81,28,79,24,4,47,70,57,44,8,33,97,39" hai2="129,77,98,37,65,86,6,109,130,17,69,54,26" hai3="115,50,102,21,18,59,31,134,95,60,40,104,42"/><V117/><F117/><W90/><G134/><T88/><D122/><U87/><E70/><V133/><F37/><W99/><G115/><N who="0" m="44107" /><D110/><U53/><E97/><V93/><F133/><W85/><G31/><T48/><D127/><U34/><E34/><V118/><F118/><W38/><G38/><T45/><D41/><U25/><E25/><V111/><F54/><W14/><REACH who="3" step="1"/><G50/><REACH who="3" ten="398,113,237,242" step="2"/><T128/><D135/><U66/><E39/><V114/><F114/><W94/><G94/><T120/><D120/><U67/><E47/><V71/><F93/><W73/><G73/><T23/><D128/><U52/><E44/><V92/><F92/><W58/><G58/><T20/><D20/><U64/><REACH who="1" step="1"/><E57/><REACH who="1" ten="398,103,237,242" step="2"/><V106/><F71/><W51/><G51/><T124/><D124/><U103/><E103/><V80/><F69/><W74/><G74/><T1/><D48/><U123/><E123/><V2/><F130/><W83/><G83/><T126/><D45/><U75/><E75/><V100/><F129/><W46/><G46/><T9/><D126/><U101/><E101/><V49/><F49/><W29/><G29/><T132/><D132/><U15/><AGARI ba="0,2" hai="4,8,15,24,28,33,52,53,64,66,67,79,81,87" machi="15" ten="30,7900,0" yaku="1,1,0,1,54,1,53,1" doraHai="32" doraHaiUra="22" who="1" fromWho="1" sc="398,-20,103,99,237,-39,242,-20" /><INIT seed="7,0,0,2,1,69" ten="378,202,198,222" oya="3" hai0="64,109,53,93,132,133,108,76,43,44,107,27,121" hai1="47,85,130,22,26,99,0,24,82,126,116,129,33" hai2="95,30,61,111,29,2,28,40,71,60,25,75,6" hai3="32,17,21,91,14,7,16,97,38,59,79,10,18"/><W36/><G32/><T101/><D76/><U77/><E0/><V88/><F111/><W104/><G21/><T8/><D121/><U41/><E33/><V113/><F75/><W66/><G79/><T57/><D64/><U120/><E120/><V15/><F2/><W54/><G66/><T72/><D72/><U125/><E99/><V78/><F78/><W68/><G68/><T89/><D101/><U31/><E26/><V35/><F113/><W13/><G13/><T131/><D8/><U103/><E103/><V19/><F6/><W65/><G65/><T106/><D27/><U73/><E116/><V90/><F40/><W86/><G97/><N who="0" m="57519" /><D106/><U94/><E94/><V52/><F71/><W117/><G104/><T87/><D87/><U37/><E73/><V55/><F25/><W98/><G98/><T39/><D131/><AGARI ba="0,0" hai="22,24,31,37,41,47,77,82,85,125,126,129,130,131" machi="131" ten="40,2600,0" yaku="19,1,52,1" doraHai="69" who="1" fromWho="0" sc="378,-26,202,26,198,0,222,0" owari="352,45.2,228,2.8,198,-30.2,222,-17.8" /></mjloggm>