<mjloggm ver="2.3"><GO type="169" lobby="0"/><UN n0="%E6%98%AF%E6%94%BF%E3%81%AE%E5%A4%95%E9%99%BD" n1="%E5%8D%B5%E3%81%8B%E3%81%91%E6%B6%85%E6%A7%83" n2="%E9%BB%92%E7%8C%AB%E3%81%AE%E3%83%8E%E3%83%B3" n3="%E3%83%9E%E3%83%9E%E3%83%AC%E3%83%BC%E3%83%89%E7%94%B7" dan="17,16,16,16" rate="2165.88,2150.95,2089.89,2038.79" sx="M,M,M,M"/><TAIKYOKU oya="0"/><INIT seed="0,0,0,5,5,61" ten="250,250,250,250" oya="0" hai0="27,70,72,81,103,89,123,91,0,20,83,105,4" hai1="73,102,11,113,12,80,26,62,46,114,53,56,7" hai2="132,109,52,108,63,38,14,37,18,31,25,41,39" hai3="17,86,85,5,35,22,9,57,30,130,51,33,97"/><T98/><D123/><U119/><E119/><V110/><F132/><W2/><G130/><T45/><D0/><U3/><E102/><V21/><F41/><W76/><G97/><T101/><D4/><U128/><E128/><V68/><F52/><W134/><G134/><T36/><D101/><U66/><E26/><V16/><REACH who="2" step="1"/><F14/><REACH who="2" ten="250,250,240,250" step="2"/><W28/><G2/><T88/><D45/><U92/><E3/><V111/><N who="2" m="27648" /><DORA hai="115" /><V125/><F125/><W64/><G51/><T112/><D112/><U10/><E114/><V79/><F79/><W47/><G76/><T127/><D127/><U71/><E113/><V118/><F118/><W74/><G47/><T59/><D36/><U116/><E46/><V48/><F48/><W78/><G78/><T44/><D44/><U99/><E116/><V67/><AGARI ba="0,1" hai="16,18,21,25,31,37,38,39,63,67,68" m="27648" machi="67" ten="70,8000,1" yaku="1,1,0,1,14,1,52,1,54,1,53,0" doraHai="61,115" doraHaiUra="55,75" who="2" fromWho="2" sc="250,-40,250,-20,240,90,250,-20" /><INIT seed="1,0,0,3,5,122" ten="210,230,330,230" oya="1" hai0="12,91,40,20,92,119,131,25,18,82,42,48,117" hai1="26,77,105,17,116,50,24,70,115,57,13,4,109" hai2="81,106,21,32,46,0,60,5,72,120,113,6,69" hai3="128,49,97,85,75,83,65,54,38,130,1,100,53"/><U114/><E70/><V39/><F21/><W121/><G121/><T90/><D131/><U23/><E116/><V9/><F120/><W93/><G38/><T76/><D117/><U11/><E105/><V134/><F6/><W78/><G1/><T59/><D90/><U79/><E114/><V110/><F113/><W67/><G54/><T34/><D59/><U47/><E115/><V51/><F51/><W107/><G65/><T19/><D48/><U56/><E109/><V102/><F134/><W127/><G67/><T37/><D37/><U2/><E2/><V118/><F118/><W61/><G61/><T22/><D34/><U95/><E24/><V124/><F60/><W87/><G127/><T43/><D119/><U44/><E44/><V62/><F62/><W73/><G73/><BYE who="3" /><T66/><D66/><U74/><E95/><V123/><F123/><W68/><G68/><T71/><D71/><U58/><REACH who="1" step="1"/><E74/><REACH who="1" ten="210,220,330,230" step="2"/><V14/><F69/><W15/><G15/><T84/><REACH who="0" step="1"/><D42/><AGARI ba="0,1" hai="4,11,13,17,23,26,42,47,50,56,57,58,77,79" machi="42" ten="40,7700,0" yaku="1,1,2,1,8,1,53,0" doraHai="122" doraHaiUra="35" who="1" fromWho="0" sc="210,-77,220,87,330,0,230,0" /><UN n3="%E3%83%9E%E3%83%9E%E3%83%AC%E3%83%BC%E3%83%89%E7%94%B7" /><INIT seed="1,1,0,1,3,46" ten="133,307,330,230" oya="1" hai0="90,115,105,130,12,45,119,64,84,116,7,11,73" hai1="38,61,132,67,118,93,25,76,39,59,17,51,69" hai2="34,106,16,8,65,26,86,103,109,20,23,80,92" hai3="82,1,40,78,127,71,102,126,33,4,101,0,41"/><U57/><E132/><V89/><F109/><W43/><G71/><T66/><D73/><U112/><E112/><V47/><F34/><W128/><G33/><T27/><D105/><U70/><E118/><V15/><F65/><W5/><G128/><T79/><D79/><U108/><E108/><V32/><F32/><W58/><G58/><T19/><D130/><U96/><E76/><V114/><F114/><W36/><G78/><T9/><D115/><U74/><E74/><V107/><F23/><W87/><G87/><T18/><D116/><U85/><E85/><V131/><F131/><W24/><G24/><T97/><D97/><U6/><E6/><N who="3" m="2666" /><G82/><T13/><D27/><U53/><E70/><V75/><F75/><W49/><G49/><T14/><D119/><U99/><E69/><V44/><F106/><W3/><G36/><T30/><D30/><U122/><E122/><V42/><F107/><W22/><G22/><T37/><D37/><U81/><E81/><V95/><F103/><AGARI ba="1,0" hai="0,1,3,40,41,43,101,102,103,126,127" m="2666" machi="103" ten="40,2600,0" yaku="28,2" doraHai="46" who="3" fromWho="2" sc="133,0,307,0,330,-29,230,29" /><INIT seed="2,0,0,3,4,128" ten="133,307,301,259" oya="2" hai0="70,126,116,130,71,18,103,54,121,17,77,55,124" hai1="81,59,51,88,109,85,104,113,61,110,4,50,56" hai2="44,106,125,52,79,60,11,129,108,2,37,95,105" hai3="3,40,64,69,28,32,57,65,9,1,39,30,47"/><V25/><F129/><W127/><G127/><T76/><D103/><U7/><E113/><V119/><F119/><W33/><G69/><T96/><D96/><U132/><E104/><V62/><F125/><W99/><G99/><T78/><D77/><U20/><E20/><V97/><F108/><N who="1" m="41577" /><E132/><V117/><F117/><W120/><G120/><T74/><D116/><U49/><E56/><V67/><F79/><W94/><G94/><T48/><D48/><N who="1" m="12291" /><U80/><DORA hai="83" /><E80/><V13/><F2/><W31/><G57/><T87/><D130/><U75/><E75/><V82/><F82/><W90/><G9/><T0/><D0/><U43/><E43/><V6/><F25/><W92/><G32/><T133/><D121/><U114/><E114/><V23/><F23/><W112/><G112/><T91/><D74/><U27/><E27/><V68/><F62/><W63/><G33/><T115/><D115/><U38/><E38/><V34/><F34/><W118/><G118/><T89/><REACH who="0" step="1"/><D87/><REACH who="0" ten="123,307,301,259" step="2"/><U41/><E41/><V14/><F97/><W72/><G72/><T53/><D53/><AGARI ba="0,1" hai="4,7,53,59,61,81,85,88" m="12291,41577" machi="53" ten="40,5200,0" yaku="14,1,52,1,54,1" doraHai="128,83" who="1" fromWho="0" sc="123,-52,307,62,301,0,259,0" /><INIT seed="3,0,0,4,5,37" ten="71,369,301,259" oya="3" hai0="109,49,19,25,81,43,15,50,106,88,87,63,18" hai1="65,20,7,36,125,48,92,128,131,31,79,134,21" hai2="14,111,41,78,52,127,83,23,120,22,62,126,29" hai3="91,27,13,133,30,104,97,0,76,101,74,67,80"/><W2/><G133/><T121/><D109/><U132/><E36/><V102/><F111/><W16/><G67/><T12/><D106/><U73/><E79/><V68/><F120/><W10/><REACH who="3" step="1"/><G91/><REACH who="3" ten="71,369,301,249" step="2"/><T39/><D121/><U85/><E65/><V71/><F126/><W55/><G55/><T28/><D63/><U4/><E134/><V17/><F127/><W130/><G130/><T26/><D39/><U105/><E132/><V58/><F102/><W94/><G94/><T103/><D103/><U44/><E92/><V32/><F52/><W40/><G40/><T82/><D43/><U77/><E125/><V69/><F41/><W6/><G6/><T100/><D100/><U61/><E4/><V114/><F62/><W119/><G119/><T124/><D124/><U38/><E7/><V98/><F71/><W116/><G116/><T122/><D122/><U135/><E61/><V56/><F69/><W84/><G84/><T93/><D93/><U123/><E85/><V72/><F68/><W129/><G129/><T35/><D87/><U64/><E135/><V59/><F72/><W70/><G70/><T95/><D95/><U1/><E64/><V53/><F53/><W51/><G51/><T34/><REACH who="0" step="1"/><D28/><REACH who="0" ten="61,369,301,249" step="2"/><U5/><E31/><V60/><F60/><W90/><G90/><AGARI ba="0,2" hai="12,15,18,19,25,26,34,35,49,50,81,82,88,90" machi="90" ten="25,8000,1" yaku="1,1,2,1,22,2,54,1,53,0" doraHai="37" doraHaiUra="113" who="0" fromWho="3" sc="61,100,369,0,301,0,249,-80" /><INIT seed="4,0,0,4,3,32" ten="161,369,301,169" oya="0" hai0="112,107,76,50,10,26,19,21,133,117,62,52,9" hai1="60,41,101,12,99,119,55,35,122,8,45,124,47" hai2="67,114,56,115,68,46,63,92,23,94,64,83,98" hai3="109,29,126,51,129,135,127,102,36,78,58,111,103"/><T54/><D117/><U97/><E124/><N who="3" m="47658" /><G29/><T22/><D107/><U77/><E122/><V15/><F46/><W13/><G13/><T69/><D112/><N who="2" m="43050" /><F83/><W132/><G58/><N who="0" m="35143" /><D69/><U57/><E35/><V75/><F75/><W4/><G4/><T95/><D133/><N who="3" m="51273" /><G51/><T17/><D76/><U2/><E77/><V53/><F68/><W5/><G5/><T90/><D50/><U118/><E2/><V85/><F23/><W73/><G36/><T3/><D3/><U43/><E99/><V16/><F85/><W88/><G88/><T120/><D120/><U96/><E97/><V59/><F98/><W25/><G25/><N who="0" m="14511" /><D54/><U100/><E45/><V0/><F0/><W6/><G6/><T39/><D39/><U34/><E34/><V33/><F33/><W79/><G79/><T70/><D70/><U121/><E41/><V20/><F67/><W82/><G129/><T87/><AGARI ba="0,0" hai="9,10,19,22,26,87,90,95" m="14511,35143" machi="87" ten="30,3000,0" yaku="8,1,54,1" doraHai="32" who="0" fromWho="0" sc="161,30,369,-10,301,-10,169,-10" /><INIT seed="4,1,0,2,3,59" ten="191,359,291,159" oya="0" hai0="112,17,120,73,79,16,130,111,86,29,117,84,65" hai1="119,68,35,70,99,101,80,91,27,55,66,88,90" hai2="102,9,11,124,34,87,126,5,123,131,46,15,89" hai3="105,51,49,62,96,12,106,53,36,107,42,69,44"/><T45/><D117/><U43/><E119/><V110/><F110/><W94/><G12/><T21/><D120/><U122/><E122/><V52/><F123/><W0/><G0/><T81/><D111/><U76/><E43/><V108/><F108/><W25/><G25/><T113/><D130/><U93/><E55/><V78/><F131/><W41/><G41/><T125/><D125/><U75/><REACH who="1" step="1"/><E66/><REACH who="1" ten="191,349,291,159" step="2"/><V13/><F124/><W121/><G121/><T85/><D65/><U48/><E48/><V58/><F52/><W57/><REACH who="3" step="1"/><G69/><REACH who="3" ten="191,349,291,149" step="2"/><T127/><D127/><U83/><E83/><V33/><F126/><W3/><G3/><T100/><D81/><U4/><E4/><V54/><F5/><W128/><G128/><T8/><D112/><U23/><E23/><V39/><F11/><W30/><G30/><AGARI ba="1,2" hai="27,30,35,68,70,75,76,80,88,90,91,93,99,101" machi="30" ten="40,5200,0" yaku="1,1,54,1,53,1" doraHai="59" doraHaiUra="92" who="1" fromWho="3" sc="191,0,349,75,291,0,149,-55" /><INIT seed="5,0,0,4,5,84" ten="191,424,291,94" oya="1" hai0="23,82,54,27,15,98,55,39,103,107,128,123,9" hai1="125,24,124,58,29,121,111,77,135,105,114,113,11" hai2="115,134,126,72,101,25,94,95,26,61,19,51,56" hai3="78,85,53,108,76,41,129,75,83,70,17,20,65"/><U52/><E105/><V68/><F72/><W81/><G108/><T64/><D39/><U122/><E77/><V6/><F134/><W59/><G129/><T33/><D33/><U80/><E80/><V40/><F126/><N who="1" m="48745" /><E11/><V106/><F68/><W5/><G5/><T38/><D38/><U99/><E99/><V127/><F127/><W22/><G41/><T47/><D47/><U63/><E111/><V16/><F6/><W60/><REACH who="3" step="1"/><G17/><REACH who="3" ten="191,424,291,84" step="2"/><T37/><D128/><U93/><E135/><V104/><F19/><W44/><G44/><T69/><D123/><N who="1" m="47115" /><E93/><V48/><F95/><W100/><G100/><T102/><D102/><U34/><AGARI ba="0,1" hai="24,29,34,52,58,63,113,114" m="47115,48745" machi="34" ten="40,3900,0" yaku="18,1,54,1" doraHai="84" who="1" fromWho="1" sc="191,-13,424,49,291,-13,84,-13" /><INIT seed="5,1,0,1,5,119" ten="178,473,278,71" oya="1" hai0="92,43,89,53,105,80,10,40,30,120,111,25,106" hai1="101,58,107,51,132,5,76,114,18,79,62,9,26" hai2="96,66,71,0,135,102,24,59,100,56,2,129,48" hai3="88,15,46,77,4,97,87,115,17,99,117,55,38"/><U23/><E114/><V110/><F110/><W109/><G115/><T35/><D111/><U49/><E132/><V81/><F135/><W130/><G130/><T7/><D53/><U33/><E33/><V69/><F129/><W20/><G109/><T98/><D80/><U126/><E126/><V91/><F24/><W68/><G68/><T122/><D40/><U118/><E118/><V37/><F37/><W3/><G117/><T45/><D43/><U104/><E101/><V11/><F11/><W72/><G77/><T123/><D45/><U86/><E107/><V94/><F91/><W82/><G72/><T13/><AGARI ba="1,0" hai="7,10,13,25,30,35,89,92,98,105,106,120,122,123" machi="13" ten="30,8000,1" yaku="0,1,13,1,52,3" doraHai="119" who="0" fromWho="0" sc="178,83,473,-41,278,-21,71,-21" /><INIT seed="6,0,0,5,4,2" ten="261,432,257,50" oya="2" hai0="83,67,60,120,3,100,18,98,70,66,24,13,1" hai1="101,74,42,116,59,87,65,107,112,75,0,23,90" hai2="111,30,105,20,134,36,14,27,44,40,35,8,37" hai3="15,21,63,82,11,48,129,4,115,32,43,22,93"/><V25/><F105/><W106/><G106/><T103/><D120/><U96/><E116/><V72/><F72/><W126/><G32/><T9/><D67/><U33/><E33/><V122/><F122/><W34/><G34/><T64/><D64/><U77/><E112/><V51/><F134/><W95/><G129/><T17/><D100/><U73/><E0/><V49/><F49/><W39/><G39/><T125/><D125/><U89/><E42/><V31/><REACH who="2" step="1"/><F111/><REACH who="2" ten="261,432,247,50" step="2"/><W57/><G115/><T16/><D24/><U118/><E118/><V110/><F110/><W113/><G113/><T47/><D60/><U53/><E74/><V52/><F52/><W38/><G38/><T26/><D26/><U56/><E53/><V88/><F88/><W117/><G117/><T84/><D66/><U85/><E73/><V109/><F109/><W45/><G126/><T76/><D70/><U123/><E75/><V104/><F104/><W28/><G63/><T55/><D55/><U68/><E90/><V69/><F69/><W80/><G57/><T92/><REACH who="0" step="1"/><D47/><REACH who="0" ten="251,432,247,50" step="2"/><U108/><E68/><V29/><F29/><W62/><G62/><T78/><D78/><U127/><E77/><V50/><F50/><W79/><G28/><T99/><D99/><N who="1" m="61887" /><E127/><V54/><F54/><W132/><G132/><T91/><D91/><U19/><E89/><V81/><F81/><W135/><G135/><T131/><D131/><U41/><E123/><V61/><F61/><W86/><REACH who="3" step="1"/><G80/><REACH who="3" ten="251,432,247,40" step="2"/><T46/><D46/><U94/><E108/><V6/><AGARI ba="0,3" hai="6,8,14,20,25,27,30,31,35,36,37,40,44,51" machi="6" ten="20,18000,2" yaku="1,1,0,1,7,1,52,1,53,2" doraHai="2" doraHaiUra="71" who="2" fromWho="2" sc="251,-60,432,-60,247,210,40,-60" owari="191,-20.9,372,17.2,457,55.7,-20,-52.0" /></mjloggm>