<mjloggm ver="2.3"><GO type="169" lobby="0"/><UN n0="%68%61%72%75%6B%61%73" n1="%E3%81%8B%E3%81%B6%E8%8C%B6" n2="%E6%AE%8B%E9%85%B7%E3%81%AA%E5%A4%A9%E4%BD%BF%E3%83%8F%E3%83%9E%E3%83%BC" n3="%E3%82%B1%E3%82%A4%E3%83%AD%E3%83%B3" dan="18,17,16,16" rate="2220.30,2140.62,2119.05,2091.50" sx="M,M,M,M"/><TAIKYOKU oya="0"/><INIT seed="0,0,0,5,3,98" ten="250,250,250,250" oya="0" hai0="86,97,55,57,36,113,117,69,29,75,119,11,62" hai1="26,22,92,66,51,123,96,67,128,85,18,70,15" hai2="1,35,42,7,49,78,71,23,44,64,132,83,9" hai3="31,121,127,30,126,52,45,111,102,87,59,13,46"/><T125/><D113/><U47/><E123/><V58/><F132/><W99/><G111/><T134/><D75/><U100/><E128/><V0/><F35/><W77/><G13/><T68/><D134/><U56/><E70/><V108/><F108/><W20/><G121/><T6/><D36/><U61/><E85/><V106/><F106/><W8/><G8/><T5/><D29/><N who="3" m="10761" /><G87/><T3/><D6/><U34/><E34/><V73/><F71/><W60/><G20/><T84/><D86/><U50/><E67/><V94/><F23/><W79/><G45/><T27/><D27/><U103/><E103/><V39/><F94/><N who="3" m="58743" /><G46/><T95/><D84/><U21/><REACH who="1" step="1"/><E47/><REACH who="1" ten="250,240,250,250" step="2"/><V114/><F114/><W101/><G101/><T53/><D69/><U80/><E80/><V90/><F83/><W135/><G135/><T43/><D68/><U41/><E41/><V54/><F42/><W89/><G89/><T129/><D43/><U116/><E116/><V19/><F90/><W109/><G109/><T48/><D129/><U2/><E2/><V130/><F0/><W24/><G24/><T115/><D115/><U28/><AGARI ba="0,1" hai="15,18,21,22,26,28,50,51,56,61,66,92,96,100" machi="28" ten="20,12000,2" yaku="1,1,0,1,7,1,25,2,8,1,52,1,53,0" doraHai="98" doraHaiUra="107" who="1" fromWho="1" sc="250,-60,240,130,250,-30,250,-30" /><INIT seed="1,0,0,3,0,81" ten="190,370,220,220" oya="1" hai0="76,128,110,132,35,55,74,103,54,117,115,60,13" hai1="26,59,40,133,126,71,39,34,5,45,102,16,85" hai2="30,75,7,92,64,108,78,3,98,91,77,49,122" hai3="25,121,12,124,53,9,29,10,101,62,130,83,118"/><U97/><E71/><V119/><F119/><W21/><G121/><T36/><D13/><U135/><E126/><V125/><F122/><W112/><G112/><T113/><D103/><U72/><E72/><V42/><F125/><W70/><G118/><T22/><D22/><N who="1" m="13639" /><E34/><V69/><F108/><W56/><G130/><T1/><D76/><U52/><E5/><V17/><F30/><W28/><G124/><T131/><D1/><U87/><E59/><V106/><F106/><W31/><G70/><T79/><D79/><U11/><E11/><V107/><F107/><W38/><G38/><T105/><D74/><U134/><E52/><V44/><F75/><W37/><G37/><T51/><D35/><U116/><E116/><V80/><F69/><W47/><G47/><T127/><D105/><AGARI ba="0,0" hai="39,40,45,85,87,97,102,105,133,134,135" m="13639" machi="105" ten="30,11600,0" yaku="20,1,52,2,54,1" doraHai="81" who="1" fromWho="0" sc="190,-116,370,116,220,0,220,0" /><INIT seed="1,1,0,1,5,39" ten="74,486,220,220" oya="1" hai0="64,89,118,72,87,98,6,22,103,12,126,111,16" hai1="109,57,82,68,19,97,5,8,9,67,130,51,101" hai2="117,96,91,1,18,114,58,55,25,73,122,107,33" hai3="28,88,115,17,35,127,132,113,30,84,129,43,34"/><U52/><E130/><V23/><F117/><W42/><G129/><T133/><D118/><U40/><E109/><V14/><F122/><W62/><G62/><T15/><D72/><U54/><E68/><V123/><F123/><W79/><G79/><T3/><D111/><U112/><E67/><V24/><F73/><W86/><G17/><T13/><D64/><U0/><E40/><V26/><F1/><W119/><G119/><T48/><D133/><U31/><E31/><V121/><F114/><W70/><G127/><T134/><D134/><U45/><E82/><V38/><F38/><W66/><G66/><T116/><D126/><U104/><E9/><V94/><F107/><W76/><G132/><T106/><D3/><U49/><REACH who="1" step="1"/><E19/><REACH who="1" ten="74,476,220,220" step="2"/><V44/><F121/><W59/><G70/><T77/><D116/><U47/><E47/><V2/><F44/><W99/><G59/><T80/><D6/><U69/><E69/><V125/><F125/><W65/><G65/><T7/><D7/><U29/><E29/><V32/><F2/><W53/><G53/><T102/><D16/><U128/><E128/><V81/><F81/><W10/><G10/><T92/><D22/><U36/><E36/><V63/><AGARI ba="1,1" hai="14,18,23,24,25,26,32,33,55,58,63,91,94,96" machi="63" ten="30,1100,0" yaku="0,1" doraHai="39" who="2" fromWho="2" sc="74,-4,476,-6,220,24,220,-4" /><INIT seed="2,0,0,2,2,104" ten="70,470,244,216" oya="2" hai0="127,106,26,51,66,59,91,113,126,135,53,1,23" hai1="25,73,2,134,36,133,34,4,7,57,130,27,92" hai2="132,42,119,103,31,62,64,5,74,24,93,16,45" hai3="33,128,107,94,61,116,117,35,54,18,102,77,88"/><V60/><F119/><W78/><G18/><T38/><D113/><U50/><E36/><V75/><F5/><W72/><G61/><T109/><D1/><U122/><E73/><V85/><F132/><N who="1" m="50793" /><E130/><V58/><F62/><W115/><G54/><T129/><D135/><U98/><E122/><V67/><F67/><W14/><G14/><T108/><D106/><U17/><E17/><V46/><F16/><W39/><G39/><T125/><D129/><U41/><E34/><V97/><F85/><N who="3" m="52495" /><G128/><T81/><D38/><U32/><E32/><N who="3" m="12362" /><G77/><T96/><D66/><U110/><E2/><V0/><F0/><W79/><G79/><T30/><REACH who="0" step="1"/><D81/><REACH who="0" ten="60,470,244,216" step="2"/><U10/><E110/><V44/><REACH who="2" step="1"/><F42/><REACH who="2" ten="60,470,234,216" step="2"/><W43/><G43/><T71/><D71/><U121/><E41/><V101/><F101/><W100/><G100/><T118/><D118/><U84/><E121/><V86/><F86/><W6/><G115/><T48/><D48/><U8/><E50/><V11/><F11/><W99/><G6/><T22/><D22/><AGARI ba="0,2" hai="22,24,31,44,45,46,58,60,64,74,75,93,97,103" machi="22" ten="40,18000,2" yaku="1,1,25,2,52,2,53,1" doraHai="104" doraHaiUra="21" who="2" fromWho="0" sc="60,-180,470,0,234,200,216,0" owari="-120,-62.0,470,57.0,434,23.4,216,-18.4" /></mjloggm>