<mjloggm ver="2.3"><GO type="169" lobby="0"/><UN n0="%E4%BF%BA%E3%81%A7%E3%81%99" n1="%E7%88%86%E5%8B%9D%E5%95%8F%E9%A1%8C" n2="%74%61%6B%61%74%6F%72%69" n3="%73%65%69%6A%69%64%6F%6E" dan="16,16,16,16" rate="2135.67,2080.67,2025.73,2116.18" sx="M,M,M,M"/><TAIKYOKU oya="0"/><INIT seed="0,0,0,1,0,71" ten="250,250,250,250" oya="0" hai0="32,4,53,121,43,22,79,2,46,129,13,111,108" hai1="88,78,119,6,135,37,93,94,35,96,56,81,76" hai2="116,82,123,124,33,103,14,59,90,75,133,100,18" hai3="70,39,126,67,113,134,52,9,16,38,104,80,15"/><T130/><D79/><U21/><E35/><V127/><F123/><W25/><G113/><T102/><D121/><U50/><E119/><V24/><F116/><W68/><G104/><T69/><D102/><U95/><E135/><V118/><F118/><W83/><G134/><T61/><D32/><U26/><E6/><V85/><F75/><W125/><G25/><T11/><D22/><U55/><E78/><V73/><F73/><W8/><G67/><N who="0" m="41199" /><D13/><U115/><E115/><V28/><F59/><W87/><G87/><T41/><D11/><U105/><E105/><V86/><F133/><W112/><G112/><T20/><D20/><U131/><E131/><N who="0" m="50185" /><D4/><U30/><REACH who="1" step="1"/><E37/><REACH who="1" ten="250,240,250,250" step="2"/><V120/><F120/><W10/><G39/><T54/><D2/><U74/><AGARI ba="0,1" hai="21,26,30,50,55,56,74,76,81,88,93,94,95,96" machi="74" ten="20,12000,2" yaku="1,1,2,1,0,1,7,1,54,1,53,1" doraHai="71" doraHaiUra="77" who="1" fromWho="1" sc="250,-60,240,130,250,-30,250,-30" /><INIT seed="1,0,0,4,2,54" ten="190,370,220,220" oya="1" hai0="9,12,1,49,106,96,103,102,42,105,109,83,72" hai1="101,80,57,121,50,90,8,37,26,45,43,129,135" hai2="56,0,87,82,70,107,18,126,47,91,117,95,133" hai3="112,110,127,69,114,93,66,108,63,122,27,31,25"/><U97/><E121/><V119/><F70/><W84/><G122/><T98/><D109/><N who="3" m="42089" /><G127/><T74/><D1/><U13/><E135/><V65/><F126/><W34/><G25/><T53/><D42/><U32/><E129/><V100/><F133/><W7/><G7/><T52/><D83/><U94/><E80/><V14/><F0/><W33/><G33/><T29/><D29/><U131/><E131/><V48/><F107/><W120/><G120/><T15/><REACH who="0" step="1"/><D49/><REACH who="0" ten="180,370,220,220" step="2"/><U11/><E37/><V67/><F82/><W17/><G17/><T38/><D38/><U46/><E43/><V39/><F39/><W68/><G114/><T104/><D104/><U21/><E32/><V2/><F2/><W62/><G112/><T113/><D113/><U132/><E132/><V88/><F119/><W89/><G63/><T6/><D6/><U73/><E73/><V5/><F5/><W128/><G128/><T36/><D36/><U55/><E101/><V124/><F100/><W61/><G62/><T22/><D22/><U115/><E115/><V30/><F30/><W23/><G23/><T28/><D28/><N who="1" m="17487" /><E11/><AGARI ba="0,1" hai="9,11,12,15,52,53,72,74,96,98,102,103,105,106" machi="11" ten="25,6400,0" yaku="1,1,22,2,54,1,53,0" doraHai="54" doraHaiUra="79" who="0" fromWho="1" sc="180,74,370,-64,220,0,220,0" /><INIT seed="2,0,0,4,4,24" ten="254,306,220,220" oya="2" hai0="39,103,32,46,50,132,52,14,18,87,6,22,91" hai1="28,45,23,0,89,79,2,86,13,63,47,109,35" hai2="56,5,76,58,68,75,51,36,54,97,98,130,119" hai3="33,60,15,74,16,90,88,118,7,20,106,48,42"/><V1/><F119/><W82/><G106/><T120/><D132/><U78/><E109/><V31/><F68/><W69/><G118/><T17/><D120/><U8/><E35/><V73/><F36/><W85/><G33/><T112/><D112/><U53/><E2/><V71/><F71/><W122/><G122/><T41/><D32/><U59/><E0/><V77/><F130/><W29/><G74/><T64/><D103/><U21/><E47/><V114/><F114/><W66/><G7/><T131/><D131/><U121/><E45/><V55/><F1/><W44/><REACH who="3" step="1"/><G29/><REACH who="3" ten="254,306,220,210" step="2"/><T96/><D6/><N who="1" m="3223" /><E121/><V104/><F5/><W101/><G101/><T108/><D108/><U25/><E23/><V34/><F34/><W62/><G62/><T135/><D135/><U27/><E27/><V37/><F104/><W11/><G11/><T123/><D123/><U10/><E10/><V67/><F37/><W70/><G70/><T127/><D18/><U128/><E128/><V4/><F4/><W100/><G100/><T12/><D22/><U30/><E30/><V116/><F116/><W57/><G57/><T26/><D26/><U84/><E84/><V99/><F31/><W61/><G61/><T124/><D17/><U125/><E125/><N who="0" m="48201" /><D87/><U83/><AGARI ba="0,1" hai="21,25,28,53,59,63,78,79,83,86,89" m="3223" machi="83" ten="30,2000,0" yaku="8,1,52,1" doraHai="24" who="1" fromWho="1" sc="254,-5,306,30,220,-10,210,-5" /><INIT seed="3,0,0,1,1,48" ten="249,336,210,205" oya="3" hai0="115,93,135,23,107,68,32,122,53,9,49,91,131" hai1="28,118,88,65,105,14,26,104,130,132,5,42,90" hai2="17,52,15,3,34,121,94,37,18,128,71,110,75" hai3="92,133,100,64,16,47,41,7,8,119,61,59,117"/><W129/><G129/><T58/><D32/><U33/><E130/><V55/><F3/><W97/><G133/><T63/><D107/><U20/><E132/><V82/><F128/><W99/><G99/><T134/><D122/><U112/><E112/><V127/><F34/><W124/><G124/><T45/><D115/><U2/><E118/><V21/><F71/><W108/><G108/><T109/><D109/><U102/><E65/><V86/><F110/><W95/><G92/><T81/><D81/><U69/><E42/><V35/><F35/><W70/><G70/><T36/><D131/><U51/><E51/><V77/><F37/><W6/><G119/><T43/><D23/><U74/><E74/><V0/><F0/><W19/><G117/><T83/><D83/><U73/><E73/><V25/><F127/><W85/><G85/><T11/><D135/><U113/><E69/><V60/><F121/><W80/><G80/><T22/><D22/><U10/><E113/><V24/><F60/><W123/><G123/><T44/><D134/><U126/><E126/><V103/><F75/><W38/><REACH who="3" step="1"/><G7/><REACH who="3" ten="249,336,210,195" step="2"/><T84/><REACH who="0" step="1"/><D68/><REACH who="0" ten="239,336,210,195" step="2"/><U120/><E120/><V31/><F31/><W98/><G98/><T54/><AGARI ba="0,2" hai="9,11,36,43,44,45,49,53,54,58,63,84,91,93" machi="54" ten="20,12000,2" yaku="1,1,2,1,0,1,7,1,52,2,53,0" doraHai="48" doraHaiUra="66" who="0" fromWho="0" sc="239,140,336,-30,210,-30,195,-60" /><INIT seed="4,0,0,1,2,22" ten="379,306,180,135" oya="0" hai0="42,10,31,122,99,8,12,101,87,107,123,4,110" hai1="13,65,125,36,23,35,113,74,14,111,102,63,0" hai2="81,50,88,69,55,54,44,120,39,130,2,40,32" hai3="117,51,104,19,52,108,3,37,72,90,126,94,28"/><T85/><D42/><U11/><E111/><V115/><F120/><W96/><G108/><T57/><D110/><U73/><E35/><V105/><F2/><W127/><G37/><T59/><D31/><U80/><E36/><V20/><F32/><W78/><G104/><T109/><D109/><U9/><E125/><N who="3" m="47626" /><G3/><T67/><D67/><U116/><E116/><V131/><F105/><W121/><G121/><T33/><D33/><U95/><E0/><V118/><F118/><W1/><G1/><T86/><D123/><U100/><E23/><V62/><F115/><W129/><G129/><N who="2" m="49161" /><F20/><W25/><G19/><T64/><D122/><U45/><E45/><N who="2" m="23711" /><F81/><N who="3" m="45255" /><G117/><T15/><REACH who="0" step="1"/><D64/><REACH who="0" ten="369,306,180,135" step="2"/><U66/><E66/><N who="2" m="41175" /><F55/><W17/><G52/><T114/><D114/><U43/><E113/><V16/><F54/><W5/><G28/><T75/><D75/><U83/><E74/><V91/><F44/><W21/><G5/><AGARI ba="0,1" hai="4,5,8,10,12,15,57,59,85,86,87,99,101,107" machi="5" ten="40,12000,1" yaku="1,1,9,1,53,2" doraHai="22" doraHaiUra="7" who="0" fromWho="3" sc="369,130,306,0,180,0,135,-120" /><INIT seed="4,1,0,0,2,4" ten="499,306,180,15" oya="0" hai0="23,122,107,111,85,97,72,130,112,110,127,16,83" hai1="0,131,81,91,115,62,67,3,48,25,135,56,95" hai2="96,15,73,58,63,18,119,77,61,118,51,36,14" hai3="104,7,42,92,41,68,55,94,33,34,108,128,102"/><T32/><D122/><U22/><E135/><V9/><F36/><W13/><G68/><T105/><D112/><U29/><E131/><V133/><F133/><W113/><G128/><T125/><D130/><U116/><E116/><V37/><F37/><W65/><G65/><T117/><D32/><U90/><E115/><V20/><F77/><W74/><G74/><T8/><D72/><U49/><E3/><V6/><F73/><W57/><G108/><N who="0" m="41515" /><D117/><N who="2" m="44554" /><F96/><W75/><G75/><T101/><D107/><U88/><E0/><V124/><F124/><W53/><G113/><T27/><D8/><U11/><E11/><N who="2" m="4471" /><F20/><W5/><G13/><T79/><AGARI ba="1,0" hai="16,23,27,79,83,85,97,101,105,125,127" m="41515" machi="79" ten="30,3000,0" yaku="10,1,54,1" doraHai="4" who="0" fromWho="0" sc="499,33,306,-11,180,-11,15,-11" /><INIT seed="4,2,0,1,2,108" ten="532,295,169,4" oya="0" hai0="4,12,116,45,96,127,18,109,21,10,32,134,85" hai1="125,44,6,76,88,51,72,79,35,7,67,43,126" hai2="106,84,61,22,19,80,39,104,98,14,89,121,66" hai3="48,34,16,110,57,20,63,25,93,53,130,129,54"/><T40/><D116/><U23/><E35/><V8/><F121/><W73/><G73/><T38/><D109/><U97/><E67/><V0/><F39/><W52/><G110/><T58/><D32/><U49/><E23/><V42/><F42/><W70/><G34/><T107/><D85/><U82/><E76/><V26/><F0/><W92/><G70/><T75/><D75/><U71/><E51/><V17/><REACH who="2" step="1"/><F98/><REACH who="2" ten="532,295,159,4" step="2"/><W90/><G92/><T47/><D96/><U114/><E71/><AGARI ba="2,1" hai="8,14,17,19,22,26,61,66,71,80,84,89,104,106" machi="71" ten="30,3900,0" yaku="1,1,2,1,7,1,53,0" doraHai="108" doraHaiUra="133" who="2" fromWho="1" sc="532,0,295,-45,159,55,4,0" /><INIT seed="5,0,0,2,4,55" ten="532,250,214,4" oya="1" hai0="88,28,39,83,76,90,22,70,87,23,15,43,131" hai1="32,20,108,11,73,60,77,64,61,18,105,5,118" hai2="106,1,19,130,99,4,93,128,122,134,124,129,86" hai3="68,85,0,126,44,100,94,12,117,16,3,119,132"/><U29/><E118/><N who="3" m="45066" /><G68/><T48/><D39/><U54/><E105/><V42/><F122/><W34/><G34/><T89/><D70/><U57/><E32/><V101/><F42/><W112/><G112/><T36/><D36/><U96/><E29/><V24/><F1/><W110/><G110/><T8/><D28/><U33/><E33/><V10/><F4/><W120/><G120/><T104/><D104/><U17/><E108/><V53/><F106/><W37/><G126/><T31/><D31/><U9/><E96/><V113/><F113/><W7/><G7/><N who="0" m="3487" /><D131/><U84/><E73/><V115/><F115/><W35/><G35/><T121/><D121/><U75/><E75/><V135/><F86/><W78/><G132/><N who="2" m="50729" /><F53/><W2/><G100/><T66/><D66/><U65/><E5/><V109/><F109/><W30/><G30/><T133/><D133/><U98/><E98/><V38/><F38/><W102/><G102/><T63/><D63/><U95/><E64/><V114/><F114/><W123/><G123/><T116/><D116/><U13/><E18/><V81/><F81/><N who="3" m="47287" /><G94/><T79/><D79/><U71/><REACH who="1" step="1"/><E95/><REACH who="1" ten="532,240,214,4" step="2"/><V49/><F124/><W58/><G58/><T21/><D87/><U103/><E103/><V107/><F107/><W47/><G37/><T72/><D72/><U59/><E59/><V14/><F129/><W91/><G91/><T50/><D90/><U25/><E25/><V74/><F24/><W45/><G16/><T67/><D89/><U56/><E56/><V69/><F69/><W40/><G40/><T6/><D43/><U127/><E127/><RYUUKYOKU ba="0,1" sc="532,-15,240,15,214,-15,4,15" hai1="9,11,13,17,20,54,57,60,61,65,71,77,84" hai3="0,2,3,12,44,45,47" /><INIT seed="5,1,1,0,3,97" ten="517,255,199,19" oya="1" hai0="86,126,74,58,122,121,50,35,19,82,102,1,20" hai1="33,114,98,57,87,2,28,127,70,45,37,120,7" hai2="100,25,95,31,116,42,66,89,77,81,68,18,83" hai3="85,108,90,115,52,5,48,113,133,55,38,119,75"/><U61/><E120/><V80/><F116/><W6/><G108/><T79/><D35/><U76/><E114/><N who="3" m="43530" /><G119/><T43/><D126/><U129/><E127/><V3/><F3/><W109/><G109/><T72/><D1/><U41/><E129/><V99/><F42/><W22/><G75/><T24/><D102/><U23/><E70/><V88/><F18/><W135/><G38/><T107/><D107/><U27/><E33/><V15/><F15/><W101/><G101/><T110/><D110/><U130/><E130/><V64/><F77/><W69/><G22/><T93/><D93/><U0/><E7/><N who="3" m="2570" /><G69/><T11/><D11/><U106/><E106/><V111/><F111/><W32/><G32/><T118/><D118/><U46/><E98/><V123/><F123/><W21/><G21/><T12/><D122/><U125/><E125/><V13/><F68/><W53/><G48/><T10/><D121/><U124/><E124/><V132/><F13/><W67/><G67/><T78/><D78/><U92/><E46/><V91/><F64/><W134/><G85/><T63/><D86/><U4/><E4/><V8/><F66/><W34/><G34/><T117/><D74/><U9/><E9/><V26/><F8/><W49/><G90/><T65/><D117/><U73/><E73/><V104/><F104/><W103/><G103/><T56/><D72/><U29/><E29/><V62/><F31/><W14/><G14/><T112/><D112/><U47/><E47/><V59/><F91/><W105/><G105/><T16/><D10/><U39/><E39/><V54/><F89/><RYUUKYOKU ba="1,1" sc="517,-10,255,-10,199,-10,19,30" hai3="49,52,53,55,133,134,135" /><INIT seed="6,2,1,0,2,55" ten="507,245,189,49" oya="2" hai0="83,58,73,86,104,106,26,20,103,99,112,88,44" hai1="15,115,90,1,24,110,7,75,113,102,56,59,87" hai2="65,120,28,93,17,66,117,0,72,4,100,68,70" hai3="14,40,125,118,96,94,64,76,29,49,127,21,116"/><V130/><F117/><W43/><G76/><T124/><D112/><N who="1" m="43083" /><E110/><V74/><F120/><W108/><G29/><T82/><D124/><N who="3" m="47689" /><G21/><T12/><D12/><U34/><E75/><V121/><F121/><W27/><G27/><T8/><D8/><N who="1" m="4511" /><E102/><V11/><F28/><W31/><G31/><T97/><D58/><N who="1" m="22059" /><E34/><V91/><F100/><W39/><G108/><T50/><D73/><U18/><E24/><V80/><F74/><W52/><G14/><T131/><D103/><U133/><E18/><V41/><F72/><W37/><G64/><T61/><D26/><U95/><E133/><V13/><F17/><W23/><G23/><T36/><D20/><U107/><E107/><V62/><F13/><W122/><G122/><T111/><D106/><U46/><E46/><V69/><F69/><W16/><G16/><T19/><D19/><U53/><E53/><V126/><F126/><W85/><G116/><T3/><D104/><U67/><E67/><V129/><F41/><N who="3" m="15947" /><G37/><T25/><D36/><U109/><E109/><V47/><F65/><W35/><G39/><T101/><D25/><U2/><AGARI ba="2,1" hai="1,2,87,90,95" m="22059,4511,43083" machi="2" ten="30,7900,0" yaku="15,1,52,3" doraHai="55" who="1" fromWho="1" sc="507,-22,245,95,189,-41,49,-22" /><INIT seed="7,0,0,3,5,36" ten="485,340,148,27" oya="3" hai0="13,111,10,99,122,63,66,91,88,56,96,53,25" hai1="87,130,115,5,43,34,100,57,24,126,120,41,121" hai2="78,21,17,128,51,45,102,26,54,131,75,60,59" hai3="106,1,22,12,98,20,104,93,101,65,124,134,132"/><W82/><G1/><T108/><D122/><U97/><E115/><V125/><F125/><W103/><G124/><T92/><D25/><U83/><E126/><V11/><F102/><W28/><G65/><T18/><D66/><U64/><E5/><V9/><F78/><W113/><G113/><T31/><D31/><U72/><E72/><V39/><F39/><W117/><G117/><T33/><D33/><U49/><E121/><V15/><F75/><W19/><G82/><T110/><D110/><U58/><E120/><V14/><F14/><W37/><G37/><T90/><D90/><U105/><E34/><V30/><F11/><W7/><G7/><T0/><D0/><U23/><E58/><V42/><AGARI ba="0,0" hai="9,15,17,21,26,30,42,45,51,54,59,60,128,131" machi="42" ten="30,2000,0" yaku="0,1,52,1" doraHai="36" who="2" fromWho="2" sc="485,-5,340,-5,148,20,27,-10" owari="480,58.0,335,13.5,168,-23.2,17,-48.3" /></mjloggm>