<mjloggm ver="2.3"><GO type="169" lobby="0"/><UN n0="%E6%BC%82%E3%81%86" n1="%32%30%31%33%36%31%32" n2="%41%4C%50%45%52%49%4E" n3="%E9%81%8A%E8%B5%B0" dan="16,17,16,16" rate="2114.93,2212.42,2115.86,2174.95" sx="M,M,M,F"/><TAIKYOKU oya="0"/><INIT seed="0,0,0,3,2,115" ten="250,250,250,250" oya="0" hai0="58,5,133,66,33,15,86,123,34,113,48,120,39" hai1="68,106,119,65,31,9,131,109,64,6,17,90,130" hai2="56,0,11,18,124,4,7,114,126,26,122,134,12" hai3="127,118,19,76,79,103,87,77,14,80,27,85,121"/><T129/><D39/><U16/><E106/><V82/><F56/><W117/><G121/><T111/><D113/><U46/><E109/><V45/><F45/><W42/><G127/><N who="2" m="48681" /><F82/><W81/><G42/><T88/><D120/><U96/><E31/><V62/><F62/><W72/><G72/><T67/><D123/><U74/><E74/><V100/><F100/><W43/><G79/><T32/><D129/><N who="1" m="49163" /><E46/><V61/><F61/><W101/><G27/><T110/><D133/><U57/><E57/><V37/><F37/><W10/><G43/><T36/><D36/><U51/><E51/><V69/><F69/><W1/><G1/><T44/><D15/><U3/><E68/><V94/><F94/><W91/><G91/><T23/><D23/><U22/><E22/><N who="2" m="13655" /><F122/><W83/><G83/><T13/><D13/><U135/><E65/><V2/><F114/><W20/><G10/><T53/><D5/><N who="2" m="2122" /><F134/><W54/><G54/><T97/><D97/><U99/><E64/><V21/><F21/><W28/><G28/><T105/><D105/><U78/><E135/><V63/><F63/><W125/><G125/><T75/><D75/><U59/><E96/><V38/><F38/><W95/><G103/><T104/><D104/><U116/><E59/><V29/><F29/><W108/><G108/><N who="0" m="41515" /><D44/><U93/><E78/><V98/><F98/><AGARI ba="0,0" hai="14,19,20,76,77,80,81,85,87,95,98,101,117,118" machi="98" ten="40,5200,0" yaku="9,1,52,2" doraHai="115" who="3" fromWho="2" sc="250,0,250,0,250,-52,250,52" /><INIT seed="1,0,0,4,0,126" ten="250,250,198,302" oya="1" hai0="134,28,61,117,114,65,71,6,87,31,48,34,39" hai1="92,9,120,5,107,123,72,60,74,11,89,110,90" hai2="23,78,42,19,57,18,98,0,108,44,97,2,77" hai3="99,119,102,68,13,103,66,27,53,84,63,38,33"/><U25/><E107/><V24/><F108/><W43/><G119/><T109/><D109/><U54/><E110/><V29/><F57/><W122/><G122/><T118/><D39/><U93/><E25/><V100/><F2/><W30/><G53/><T86/><D114/><U14/><E54/><V15/><F0/><W135/><G135/><T116/><D134/><U22/><E22/><V75/><F19/><W128/><G103/><T58/><D6/><U21/><E21/><V59/><F59/><W82/><G13/><T36/><D36/><U37/><E37/><V105/><F98/><W64/><G64/><T96/><D96/><U106/><E106/><V124/><F75/><W76/><G38/><T70/><D34/><U49/><E49/><V8/><F124/><W129/><REACH who="3" step="1"/><G43/><REACH who="3" ten="250,250,198,292" step="2"/><T56/><D48/><AGARI ba="0,1" hai="8,15,18,23,24,29,42,44,48,77,78,97,100,105" machi="48" ten="30,1000,0" yaku="7,1" doraHai="126" who="2" fromWho="0" sc="250,-10,250,0,198,20,292,0" /><INIT seed="2,0,0,5,3,62" ten="240,250,218,292" oya="2" hai0="118,28,15,7,119,27,73,13,101,135,61,0,29" hai1="50,30,6,106,78,93,79,31,26,49,65,110,91" hai2="128,121,47,53,55,4,105,89,104,33,133,22,80" hai3="12,52,32,94,70,40,74,20,45,60,88,63,37"/><V108/><F121/><W84/><G32/><T64/><D73/><U130/><E106/><V43/><F33/><W14/><G74/><T114/><D101/><U129/><E6/><V34/><F34/><W69/><G20/><N who="0" m="15463" /><D114/><U48/><E110/><V42/><F128/><N who="1" m="49257" /><E26/><V3/><F133/><W41/><G41/><T56/><D29/><N who="1" m="10763" /><E65/><V8/><F108/><W38/><G38/><T81/><D135/><U120/><E120/><V77/><F22/><W109/><G109/><T134/><D134/><U51/><N who="1" m="12288" /><DORA hai="97" /><U23/><E23/><V71/><F105/><W83/><G83/><T107/><D107/><U116/><E116/><N who="0" m="44585" /><D81/><U9/><E9/><AGARI ba="0,0" hai="0,7,9,13,15,56,61,64" m="44585,15463" machi="9" ten="30,2000,0" yaku="12,1,52,1" doraHai="62,97" who="0" fromWho="1" sc="240,20,250,-20,218,0,292,0" /><INIT seed="3,0,0,1,1,106" ten="260,230,218,292" oya="3" hai0="91,17,54,97,35,3,112,44,96,90,72,55,76" hai1="133,71,99,64,107,88,34,100,126,102,124,58,51" hai2="21,22,13,46,28,20,26,25,75,118,36,23,57" hai3="130,134,65,93,132,45,53,2,73,8,67,9,41"/><W79/><G53/><N who="0" m="19979" /><D72/><U129/><E58/><V10/><F57/><W95/><G130/><T109/><D35/><U27/><E51/><V120/><F46/><W69/><G93/><T131/><D3/><U66/><E66/><V38/><F118/><W89/><G95/><T43/><D76/><U29/><E129/><V56/><F56/><W6/><G9/><T83/><D109/><U5/><E133/><N who="3" m="51306" /><G89/><N who="0" m="33803" /><D131/><U4/><E100/><V1/><F75/><W87/><G87/><T108/><D108/><U113/><E88/><V0/><F38/><N who="3" m="21687" /><G69/><T74/><D74/><U68/><E68/><V12/><F36/><W52/><G52/><T127/><D112/><U15/><E113/><V94/><F94/><W80/><AGARI ba="0,0" hai="2,6,8,65,67,73,79,80" m="21687,51306" machi="80" ten="30,6000,0" yaku="25,1,20,1,52,1" doraHai="106" who="3" fromWho="3" sc="260,-20,230,-20,218,-20,292,60" /><INIT seed="3,1,0,2,4,123" ten="240,210,198,352" oya="3" hai0="7,132,19,63,126,111,23,9,122,90,112,110,83" hai1="104,30,108,105,127,68,25,94,106,70,33,51,34" hai2="31,118,3,44,40,22,43,129,121,27,95,18,107" hai3="53,14,48,5,2,124,17,49,130,74,50,13,45"/><W41/><G74/><T99/><D122/><U55/><E94/><V4/><F107/><W56/><G130/><T69/><D126/><U6/><E6/><V37/><F121/><W113/><G113/><T76/><D90/><U35/><E127/><V59/><F129/><W10/><G124/><T1/><D99/><U101/><E101/><V84/><F118/><W87/><G87/><T36/><D36/><U115/><E115/><V73/><F73/><W78/><G78/><T24/><D112/><U38/><E38/><V109/><F43/><W62/><REACH who="3" step="1"/><G2/><REACH who="3" ten="240,210,198,342" step="2"/><T11/><D132/><U103/><E103/><V80/><F3/><W117/><G117/><T75/><REACH who="0" step="1"/><D11/><AGARI ba="1,1" hai="5,10,11,13,14,17,41,45,48,49,50,53,56,62" machi="11" ten="30,11600,0" yaku="1,1,7,1,8,1,53,1" doraHai="123" doraHaiUra="15" who="3" fromWho="0" sc="240,-119,210,0,198,0,342,129" /><INIT seed="3,2,0,3,3,102" ten="121,210,198,471" oya="3" hai0="65,7,132,19,107,87,64,38,68,37,133,96,78" hai1="45,94,56,6,18,90,127,59,16,34,86,1,57" hai2="43,62,116,130,12,2,15,85,120,115,66,89,13" hai3="52,36,126,46,135,41,112,74,39,97,9,14,100"/><W44/><G112/><T83/><D7/><U40/><E34/><V26/><F116/><W61/><G135/><N who="0" m="51787" /><D19/><U99/><E127/><V104/><F120/><W35/><G35/><T4/><D4/><U114/><E114/><V54/><F115/><W58/><G74/><T20/><D20/><U111/><E111/><V71/><F130/><W92/><G126/><T93/><D68/><U109/><E109/><V0/><F104/><W110/><G110/><T75/><D75/><U105/><E6/><V125/><F125/><W30/><G30/><T53/><D53/><U11/><E1/><V28/><F54/><W72/><G72/><T121/><D121/><U60/><E60/><V113/><F113/><W91/><G91/><N who="0" m="55359" /><D107/><U8/><E11/><V122/><F43/><W42/><G14/><T84/><D87/><U17/><E8/><AGARI ba="2,0" hai="8,9,36,39,41,42,44,46,52,58,61,92,97,100" machi="8" ten="40,3900,0" yaku="9,1,54,1" doraHai="102" who="3" fromWho="1" sc="121,0,210,-45,198,0,471,45" /><INIT seed="3,3,0,2,0,62" ten="121,165,198,516" oya="3" hai0="129,34,88,132,107,131,56,54,10,41,47,83,19" hai1="0,134,31,135,84,96,112,126,20,73,87,116,65" hai2="50,5,95,59,123,75,1,92,33,45,101,80,30" hai3="105,38,125,74,81,103,94,18,21,58,109,90,3"/><W36/><G125/><T14/><D107/><U29/><E73/><V8/><F123/><W100/><G3/><T4/><D34/><U7/><E112/><V22/><F33/><W70/><G109/><T51/><D132/><U12/><E126/><V2/><F2/><W78/><G70/><T71/><D71/><U17/><E96/><V24/><F101/><W39/><G58/><T49/><D19/><U32/><E31/><V15/><F75/><W40/><G40/><T77/><REACH who="0" step="1"/><D88/><REACH who="0" ten="111,165,198,516" step="2"/><U52/><E32/><V117/><F117/><W85/><G105/><T11/><D11/><U111/><E116/><V99/><F80/><W98/><REACH who="3" step="1"/><G98/><REACH who="3" ten="111,165,198,506" step="2"/><T16/><D16/><U108/><E17/><V9/><F99/><W121/><G121/><T26/><D26/><AGARI ba="3,2" hai="18,21,26,36,38,39,74,78,81,85,90,94,100,103" machi="26" ten="40,2000,0" yaku="1,1,53,0" doraHai="62" doraHaiUra="43" who="3" fromWho="0" sc="111,-29,165,0,198,0,506,49" /><INIT seed="3,4,0,3,2,94" ten="82,165,198,555" oya="3" hai0="89,48,115,109,18,66,22,36,3,0,8,102,134" hai1="70,52,114,108,118,53,105,126,123,101,88,30,16" hai2="120,98,72,68,106,45,119,56,14,82,44,29,2" hai3="64,40,90,99,97,15,83,7,6,135,80,51,110"/><W35/><G35/><T95/><D36/><U104/><E123/><V86/><F2/><W132/><G64/><T17/><D109/><U112/><E70/><V54/><F68/><W96/><G110/><T93/><D134/><N who="3" m="51241" /><G90/><T21/><D115/><U92/><E30/><V111/><F72/><W24/><G24/><T79/><D79/><U125/><E108/><V65/><F65/><W12/><G51/><T55/><D66/><U127/><E118/><V42/><F111/><W26/><G26/><T28/><D28/><U75/><E75/><V38/><F29/><W74/><G40/><T47/><D3/><U10/><E112/><V37/><F42/><W46/><G46/><T103/><D0/><U107/><E114/><V27/><F45/><W84/><G74/><T19/><D8/><U130/><E101/><N who="0" m="38409" /><D89/><U43/><E43/><V128/><F37/><W122/><G122/><T58/><D47/><U57/><E57/><V23/><F56/><W60/><G60/><T62/><D62/><U91/><E91/><V124/><F44/><W41/><G41/><T81/><D81/><N who="3" m="31305" /><G84/><T50/><D50/><U1/><E1/><V67/><F86/><W4/><AGARI ba="4,0" hai="4,6,7,12,15,96,97,99" m="31305,51241" machi="4" ten="40,18000,2" yaku="28,2,20,1,52,3" doraHai="94" who="3" fromWho="3" sc="82,-64,165,-64,198,-64,555,192" /><INIT seed="3,5,0,1,2,38" ten="18,101,134,747" oya="3" hai0="70,118,21,29,22,27,75,15,23,112,59,110,54" hai1="76,26,79,8,30,28,58,105,20,90,85,106,78" hai2="45,41,1,64,126,121,135,13,95,74,0,108,103" hai3="71,62,16,129,68,40,9,84,80,33,36,32,128"/><W77/><G32/><T109/><D70/><U7/><E58/><V47/><F74/><W119/><G33/><T39/><D75/><U116/><E116/><V100/><F108/><N who="0" m="41578" /><D39/><U120/><E30/><V91/><F135/><W131/><G119/><T66/><D66/><U31/><E31/><V48/><F126/><W61/><G68/><T113/><D118/><U42/><E42/><N who="2" m="24695" /><F1/><W52/><G71/><T81/><D81/><U18/><E28/><V24/><F0/><W114/><G114/><N who="0" m="44139" /><D59/><U97/><E97/><V124/><F64/><W53/><G61/><T35/><D54/><U57/><E120/><V4/><F121/><W65/><G62/><T93/><D93/><U125/><E57/><V10/><F24/><W117/><G65/><T98/><D98/><U5/><E105/><V88/><F124/><W49/><G36/><T82/><D82/><U102/><E125/><V72/><F72/><W122/><G122/><T37/><D37/><U94/><E106/><V123/><F123/><W99/><G99/><T14/><AGARI ba="5,0" hai="14,15,21,22,23,27,29,35" m="44139,41578" machi="14" ten="40,8000,1" yaku="14,1,11,1,34,2" doraHai="38" who="0" fromWho="0" sc="18,95,101,-25,134,-25,747,-45" /><INIT seed="4,0,0,2,4,28" ten="113,76,109,702" oya="0" hai0="10,26,130,110,35,5,12,80,43,124,66,113,85" hai1="132,135,126,119,90,74,47,23,101,82,51,115,129" hai2="39,45,94,122,55,112,59,68,109,14,11,79,127" hai3="15,13,81,4,72,53,128,67,31,24,57,61,8"/><T89/><D113/><U19/><E119/><V96/><F68/><W2/><G128/><T60/><D130/><U88/><E129/><V38/><F109/><W93/><G93/><T125/><D43/><U99/><E126/><N who="0" m="48745" /><D110/><U29/><E29/><V52/><F127/><W69/><G72/><T36/><D36/><U91/><E115/><V117/><F122/><W118/><G81/><T76/><D89/><U97/><E74/><V48/><F112/><W64/><G118/><T87/><D85/><U123/><E123/><V21/><F21/><W17/><G69/><N who="0" m="42183" /><D26/><N who="1" m="14719" /><E101/><V103/><F79/><W84/><G84/><T30/><D30/><U50/><E82/><V54/><F117/><W133/><G133/><N who="1" m="51274" /><E51/><V25/><F25/><W78/><G78/><T58/><D58/><U116/><E116/><V100/><F100/><W32/><G13/><T20/><D20/><AGARI ba="0,0" hai="2,4,8,15,17,20,24,31,32,53,57,61,64,67" machi="20" ten="30,7700,0" yaku="7,1,24,2,52,1" doraHai="28" who="3" fromWho="0" sc="113,-77,76,0,109,0,702,77" /><INIT seed="5,0,0,1,5,82" ten="36,76,109,779" oya="1" hai0="3,45,36,59,71,94,69,86,119,105,68,75,89" hai1="27,126,42,50,22,131,80,18,78,111,20,96,34" hai2="17,117,112,35,72,13,64,30,52,103,114,53,99" hai3="67,62,108,135,55,60,8,41,88,100,102,5,124"/><U43/><E126/><V11/><F117/><W25/><G108/><T73/><D119/><U120/><E120/><V38/><F72/><W19/><G124/><T85/><D105/><U125/><E34/><V123/><F38/><W32/><G41/><T54/><D3/><U16/><E131/><V56/><F123/><W9/><G135/><T51/><D36/><U76/><E111/><V23/><F35/><W29/><G19/><T104/><D104/><U92/><E125/><V58/><F30/><W47/><G9/><T28/><D28/><U26/><E50/><V40/><F40/><W128/><G128/><T132/><D132/><U122/><E122/><V66/><F11/><W6/><G6/><T2/><D2/><U110/><E110/><V44/><F44/><W49/><G88/><T24/><D24/><U127/><E127/><V107/><F56/><W98/><G98/><T79/><REACH who="0" step="1"/><D59/><REACH who="0" ten="26,76,109,779" step="2"/><U1/><E1/><V90/><F58/><W95/><G62/><T33/><D33/><U97/><E92/><V81/><F107/><W134/><G134/><T7/><D7/><U10/><E10/><V109/><F109/><W74/><G95/><T77/><D77/><U115/><E115/><V70/><F114/><W133/><G133/><T14/><D14/><U101/><E101/><V21/><F13/><W91/><G100/><T113/><D113/><U4/><E4/><V121/><F103/><W37/><G102/><T106/><D106/><U61/><E80/><AGARI ba="0,1" hai="45,51,54,68,69,71,73,75,79,80,85,86,89,94" machi="80" ten="40,5200,0" yaku="1,1,52,2,53,0" doraHai="82" doraHaiUra="39" who="0" fromWho="1" sc="26,62,76,-52,109,0,779,0" /><INIT seed="6,0,0,2,5,99" ten="88,24,109,779" oya="2" hai0="51,7,68,9,25,121,73,133,110,52,39,126,76" hai1="40,66,105,102,53,69,56,94,129,74,20,91,77" hai2="54,100,122,106,87,55,19,101,49,132,58,135,47" hai3="48,89,5,119,75,82,0,123,128,131,78,117,112"/><V61/><F106/><W34/><G48/><T86/><D110/><U32/><E32/><V111/><F122/><W115/><G34/><T65/><D121/><U21/><E40/><V130/><F130/><N who="3" m="49707" /><G5/><T44/><D126/><U97/><E129/><V16/><F87/><W88/><G0/><T83/><D133/><N who="2" m="51274" /><F111/><W8/><G8/><T27/><D39/><U30/><E66/><V38/><F38/><W92/><G123/><T36/><D36/><U59/><E69/><V46/><F46/><W72/><G72/><T50/><D73/><U26/><E20/><V98/><F98/><N who="3" m="57607" /><G89/><T42/><D51/><U84/><REACH who="1" step="1"/><E53/><REACH who="1" ten="88,14,109,779" step="2"/><V29/><F29/><W63/><G63/><T85/><D42/><U35/><E35/><V67/><F55/><W125/><G125/><T71/><D65/><U31/><E31/><V37/><F37/><W81/><G81/><AGARI ba="0,1" hai="21,26,30,56,59,74,77,81,84,91,94,97,102,105" machi="81" ten="40,8000,1" yaku="1,1,24,2,52,1,53,1" doraHai="99" doraHaiUra="107" who="1" fromWho="3" sc="88,0,14,90,109,0,779,-80" /><INIT seed="7,0,0,2,0,103" ten="88,104,109,699" oya="3" hai0="28,87,88,60,73,10,30,33,6,127,135,9,59" hai1="116,83,102,130,89,112,81,76,0,78,39,16,44" hai2="86,36,53,22,79,51,7,38,12,63,104,46,55" hai3="67,85,66,13,24,52,114,5,94,133,31,107,106"/><W41/><G41/><T91/><D73/><U121/><E121/><V21/><F104/><W18/><G114/><T124/><D135/><U108/><E0/><V29/><F38/><W74/><G74/><T58/><D33/><U54/><E108/><V26/><F36/><W69/><G5/><T96/><D96/><U64/><E112/><V19/><F7/><W128/><G128/><T131/><D131/><U90/><E102/><V93/><F93/><W48/><G133/><T82/><D91/><N who="1" m="34827" /><E39/><V32/><F32/><W27/><G94/><T126/><D10/><U75/><E64/><V65/><F65/><W47/><G85/><T77/><D77/><N who="1" m="29803" /><E75/><V43/><F63/><W132/><G132/><T2/><D59/><U110/><E110/><V57/><F57/><W118/><G118/><T113/><D113/><U95/><E95/><V14/><F14/><W101/><G101/><T1/><D1/><U61/><E116/><V119/><F119/><W72/><G72/><T123/><D123/><U42/><E130/><V20/><F20/><W25/><G31/><T100/><D100/><U97/><E97/><V105/><F105/><W134/><G134/><T125/><N who="0" m="31744" /><DORA hai="71" /><T109/><D109/><U15/><E42/><V8/><F8/><W84/><G84/><T98/><D98/><U115/><E115/><V62/><F62/><W99/><G99/><T80/><D80/><AGARI ba="0,0" hai="12,19,21,22,26,29,43,46,51,53,55,79,80,86" machi="80" ten="40,1300,0" yaku="8,1" doraHai="103,71" who="2" fromWho="0" sc="88,-13,104,0,109,13,699,0" owari="75,-42.5,104,-29.6,122,-7.8,699,79.9" /></mjloggm>