<mjloggm ver="2.3"><GO type="169" lobby="0"/><UN n0="%63%68%69%73%73" n1="%6B%6C%6F%6E%64%69%6B%65" n2="%E6%B2%B3%E5%8F%A3%E7%A5%90%E5%B8%8C" n3="%E8%B1%86%E3%83%80%E3%83%9E%E8%AD%A6%E5%AF%9F" dan="16,16,16,17" rate="2172.15,2158.84,2039.55,2156.45" sx="M,M,M,M"/><TAIKYOKU oya="0"/><INIT seed="0,0,0,3,5,48" ten="250,250,250,250" oya="0" hai0="22,91,73,76,130,4,63,26,13,65,51,135,55" hai1="6,71,113,2,121,82,17,118,86,133,119,89,123" hai2="9,14,34,8,27,101,49,94,105,125,0,97,111" hai3="129,39,75,115,127,81,104,21,106,40,112,108,3"/><T132/><D130/><U100/><E71/><V25/><F125/><W69/><RYUUKYOKU type="yao9" ba="0,0" sc="250,0,250,0,250,0,250,0" hai3="3,21,39,40,69,75,81,104,106,108,112,115,127,129" /><INIT seed="0,1,0,5,5,44" ten="250,250,250,250" oya="0" hai0="54,41,25,19,126,106,60,40,103,110,30,99,83" hai1="11,36,84,65,93,49,31,7,27,28,57,86,22" hai2="2,95,100,102,94,42,131,96,63,128,21,1,114" hai3="59,15,105,20,77,37,78,90,51,72,74,26,81"/><T23/><D126/><U56/><E36/><V66/><F114/><W38/><G105/><T16/><D110/><U33/><E33/><V118/><F42/><W119/><G119/><T101/><D101/><U52/><E31/><V55/><F118/><W9/><G90/><T18/><REACH who="0" step="1"/><D83/><REACH who="0" ten="240,250,250,250" step="2"/><U104/><E104/><V47/><F102/><W115/><G115/><T109/><D109/><U91/><E65/><V13/><F66/><W120/><G120/><T34/><D34/><U64/><E64/><V62/><F100/><W80/><G77/><T125/><D125/><U71/><E71/><V135/><F128/><W29/><G80/><T112/><D112/><U8/><E57/><AGARI ba="1,1" hai="16,18,19,23,25,30,40,41,54,57,60,99,103,106" machi="57" ten="40,3900,0" yaku="1,1,54,1,53,0" doraHai="44" doraHaiUra="88" who="0" fromWho="1" sc="240,52,250,-42,250,0,250,0" /><INIT seed="0,2,0,2,1,77" ten="292,208,250,250" oya="0" hai0="121,88,116,26,54,44,89,115,79,90,31,48,76" hai1="125,78,21,65,9,133,70,22,20,52,82,114,128" hai2="86,10,49,101,46,95,83,17,25,43,106,118,129" hai3="42,58,117,38,27,64,96,28,102,66,104,6,40"/><T67/><D115/><U50/><E114/><V68/><F129/><W24/><G117/><T119/><D121/><U93/><E128/><V91/><F118/><W103/><G6/><T99/><D99/><U35/><E35/><V135/><F68/><W47/><G42/><T74/><D67/><U57/><E133/><V123/><F135/><W45/><G45/><T13/><D13/><U18/><E125/><V19/><F123/><W51/><G103/><T109/><D109/><U110/><E110/><V53/><F106/><W29/><G58/><T69/><D69/><U56/><E70/><V81/><F101/><W122/><G38/><T134/><D76/><U7/><E93/><V61/><F19/><W85/><G85/><T14/><D14/><U23/><E65/><V12/><F25/><W131/><G131/><T1/><D1/><U75/><E57/><AGARI ba="2,0" hai="10,12,17,43,46,49,53,57,61,81,83,86,91,95" machi="57" ten="40,5200,0" yaku="8,1,52,2" doraHai="77" who="2" fromWho="1" sc="292,0,208,-58,250,58,250,0" /><INIT seed="1,0,0,1,0,109" ten="292,150,308,250" oya="1" hai0="102,3,36,127,59,4,38,95,98,73,14,71,87" hai1="5,19,20,79,64,70,94,43,117,114,112,123,81" hai2="41,7,75,120,126,66,50,76,54,67,13,15,48" hai3="96,0,27,97,9,17,37,106,16,91,129,99,34"/><U116/><E70/><V128/><F120/><W61/><G37/><T29/><D73/><U68/><E123/><V125/><F76/><W82/><G129/><T83/><D71/><U74/><E5/><V24/><F75/><W31/><G106/><T92/><D3/><U78/><E78/><V132/><F24/><W25/><G25/><T55/><D29/><U8/><E8/><V103/><F103/><W2/><G61/><T135/><D135/><U28/><E28/><V32/><F7/><W80/><G91/><T10/><D95/><U1/><E1/><V100/><F32/><W58/><G58/><T113/><D127/><N who="2" m="48650" /><F100/><W115/><G99/><T18/><D4/><U72/><E72/><V108/><F108/><W42/><G27/><T46/><D113/><U39/><E94/><V119/><F13/><W62/><G31/><T111/><D111/><U122/><E122/><V26/><F15/><W85/><G85/><T124/><D124/><U105/><E105/><V53/><F26/><W44/><G62/><T90/><D59/><U52/><E52/><N who="2" m="20075" /><F119/><N who="1" m="45641" /><E19/><V84/><F84/><W63/><G9/><T134/><REACH who="0" step="1"/><D134/><REACH who="0" ten="282,150,308,250" step="2"/><U56/><E56/><V23/><F132/><W30/><G30/><T104/><D104/><U57/><E57/><V60/><F60/><W12/><G63/><T110/><D110/><U89/><E68/><V22/><F66/><W86/><G115/><N who="1" m="44074" /><E64/><V49/><F67/><W35/><G35/><T101/><D101/><U131/><E20/><N who="2" m="7723" /><F128/><W93/><G34/><T47/><D47/><AGARI ba="0,1" hai="41,47,48,49,50" m="7723,20075,48650" machi="47" ten="30,2000,0" yaku="18,1,54,1" doraHai="109" who="2" fromWho="0" sc="282,-20,150,0,308,30,250,0" /><INIT seed="2,0,0,1,2,96" ten="262,150,338,250" oya="2" hai0="13,61,3,93,38,122,113,68,44,6,119,1,116" hai1="100,58,16,7,9,33,37,104,57,19,56,107,77" hai2="59,15,71,42,86,60,88,97,50,99,31,112,85" hai3="130,14,110,115,74,30,29,65,91,135,73,67,55"/><V2/><F2/><W80/><G110/><T103/><D113/><U39/><E33/><V8/><F112/><W32/><G115/><T66/><D122/><U134/><E134/><V117/><F71/><W63/><G135/><T49/><D38/><U101/><E56/><V129/><F117/><W87/><G130/><T106/><D93/><U4/><E77/><V95/><F129/><W72/><G67/><T76/><D76/><U62/><E9/><V34/><F31/><W92/><G32/><T111/><D13/><U123/><REACH who="1" step="1"/><E62/><REACH who="1" ten="262,140,338,250" step="2"/><V127/><F34/><W17/><G63/><T84/><D61/><U52/><E52/><N who="2" m="33895" /><F127/><W10/><G65/><T82/><D66/><U22/><E22/><V124/><F124/><W18/><G55/><T26/><D116/><U24/><E24/><V35/><F35/><W89/><REACH who="3" step="1"/><G18/><REACH who="3" ten="262,140,338,240" step="2"/><T133/><D119/><U132/><E132/><V131/><F131/><W79/><G79/><T12/><D133/><U21/><E21/><V20/><F20/><W47/><G47/><T118/><D44/><U94/><E94/><V23/><F23/><W78/><G78/><T64/><D118/><U114/><E114/><V41/><F41/><W108/><G108/><T53/><D111/><U90/><E90/><N who="2" m="53711" /><F42/><W83/><G83/><T40/><D82/><U54/><E54/><V105/><F105/><W69/><G69/><T128/><D53/><U109/><E109/><V27/><F88/><W28/><G28/><T43/><D68/><U45/><E45/><V48/><F8/><W121/><G121/><AGARI ba="0,2" hai="4,7,16,19,37,39,57,58,100,101,104,107,121,123" machi="121" ten="25,12000,2" yaku="1,1,22,2,52,2,54,1,53,0" doraHai="96" doraHaiUra="75" who="1" fromWho="3" sc="262,0,140,140,338,0,240,-120" /><INIT seed="3,0,0,3,5,2" ten="262,280,338,120" oya="3" hai0="5,40,43,23,31,117,114,54,97,46,83,110,10" hai1="87,0,135,126,11,63,27,130,18,125,78,75,105" hai2="66,85,104,38,120,33,64,77,98,37,44,124,69" hai3="30,95,70,36,111,123,58,62,53,9,93,26,103"/><W115/><G115/><T6/><D117/><U122/><E87/><V22/><F85/><W24/><G123/><T79/><D114/><U109/><E18/><V8/><F22/><W72/><G72/><T28/><D110/><U34/><E63/><V39/><F98/><W20/><G111/><T106/><D106/><U60/><E60/><V118/><F77/><W59/><G36/><T113/><D113/><U45/><E45/><V55/><F8/><W21/><G70/><T133/><D133/><U84/><E84/><V42/><F104/><W82/><G103/><T108/><D97/><U12/><E12/><V86/><F86/><W100/><G100/><T65/><D65/><N who="2" m="25194" /><F33/><W51/><G82/><T81/><D108/><U1/><E1/><V94/><F94/><W35/><G35/><T102/><D102/><U112/><E78/><V61/><F118/><W25/><G9/><T48/><D10/><U52/><E11/><V7/><F7/><N who="0" m="2570" /><D23/><N who="3" m="8777" /><G30/><N who="0" m="11307" /><D79/><U73/><E75/><V96/><F96/><W88/><G88/><T132/><D132/><U67/><E105/><V127/><F120/><W80/><G80/><AGARI ba="0,0" hai="40,43,46,48,54,80,81,83" m="11307,2570" machi="80" ten="30,7700,0" yaku="8,1,52,3" doraHai="2" who="0" fromWho="3" sc="262,77,280,0,338,0,120,-77" /><INIT seed="4,0,0,2,1,101" ten="339,280,338,43" oya="0" hai0="53,109,44,19,103,32,1,5,52,65,89,11,2" hai1="81,6,73,20,84,68,104,102,46,58,120,23,79" hai2="80,24,60,67,14,135,47,76,22,125,133,36,62" hai3="134,17,119,35,94,40,39,54,38,0,43,25,16"/><T69/><D109/><U126/><E120/><V113/><F113/><W127/><G119/><T13/><D32/><U21/><E68/><V48/><F36/><W96/><G0/><T45/><D1/><U110/><E110/><V92/><F125/><W124/><G134/><N who="2" m="51209" /><F92/><W26/><G94/><T132/><D132/><U111/><E111/><V122/><F14/><W116/><G96/><T61/><D89/><U88/><E6/><V63/><F67/><W106/><G116/><T56/><D103/><U121/><E121/><V66/><F66/><W3/><G3/><T8/><REACH who="0" step="1"/><D53/><REACH who="0" ten="329,280,338,43" step="2"/><U85/><E88/><V50/><F122/><W41/><G41/><T70/><D70/><U10/><E102/><V71/><F71/><W37/><G37/><T77/><D77/><U55/><E79/><V95/><F76/><W51/><G54/><T112/><D112/><U93/><E55/><V118/><F118/><W29/><G35/><T105/><D105/><U108/><E104/><V49/><F80/><W12/><G106/><T83/><D83/><U129/><E81/><V114/><F114/><W33/><G33/><T107/><D107/><U123/><E108/><V97/><F95/><W57/><G39/><T59/><D59/><U18/><E58/><V72/><F72/><W128/><G38/><T98/><D98/><U130/><E93/><V74/><F97/><W64/><G57/><T90/><D90/><U42/><E73/><V86/><F74/><W15/><G64/><T99/><D99/><U131/><E123/><V7/><F86/><N who="1" m="33385" /><E129/><V28/><F47/><W31/><G128/><RYUUKYOKU ba="0,1" sc="329,10,280,-30,338,10,43,10" hai0="2,5,8,11,13,19,44,45,52,56,61,65,69" hai2="7,22,24,28,48,49,50,60,62,63" hai3="12,15,16,17,25,26,29,31,40,43,51,124,127" /><INIT seed="4,1,1,2,5,29" ten="339,250,348,53" oya="0" hai0="1,36,2,55,64,39,78,47,87,132,120,111,61" hai1="79,105,4,118,85,20,128,21,23,44,11,122,7" hai2="115,17,99,92,0,131,33,80,41,16,90,46,49" hai3="8,48,117,123,89,84,19,25,83,24,88,124,56"/><T34/><D120/><U14/><E122/><V42/><F0/><W97/><G123/><T94/><D111/><U77/><E118/><V9/><F131/><W114/><G117/><T54/><D132/><U104/><E128/><V18/><F115/><W69/><G69/><T53/><D34/><U50/><E105/><V66/><F66/><W28/><G114/><T30/><D30/><U15/><E104/><V135/><F135/><W35/><G124/><T95/><D78/><N who="1" m="29707" /><E85/><N who="2" m="50471" /><F33/><W91/><G97/><T71/><D39/><U96/><E96/><V72/><F72/><W58/><G58/><T100/><D100/><U121/><E121/><V22/><F9/><W73/><G73/><T129/><D129/><U110/><E110/><V67/><F67/><W37/><G37/><T134/><D134/><U133/><E133/><V127/><F127/><W59/><G59/><T103/><D103/><U68/><E68/><V125/><F41/><W102/><G102/><T52/><N who="0" m="13312" /><DORA hai="82" /><T112/><D112/><U40/><E15/><N who="2" m="9503" /><F99/><W31/><G56/><T76/><D2/><U119/><E119/><V13/><F92/><W70/><G70/><T6/><D95/><U86/><E86/><V63/><F63/><W60/><G60/><T62/><D62/><U101/><E101/><V113/><F113/><W98/><G98/><T57/><D71/><U10/><E10/><N who="2" m="6327" /><F125/><W108/><G108/><T65/><D65/><U26/><E4/><V74/><F74/><W27/><G8/><N who="0" m="2127" /><D94/><U38/><E38/><V107/><F107/><W43/><G35/><T3/><D3/><U109/><E109/><RYUUKYOKU ba="1,1" sc="339,-15,250,15,348,15,53,-15" hai1="7,11,14,20,21,23,26,40,44,50" hai2="18,42,46,49" /><INIT seed="5,2,1,1,4,50" ten="324,265,363,38" oya="1" hai0="73,40,94,53,72,96,60,41,59,13,86,71,79" hai1="134,16,56,113,119,48,89,45,7,103,46,8,4" hai2="126,104,101,107,108,124,24,65,123,0,76,15,62" hai3="58,83,93,122,112,2,130,49,21,31,80,110,121"/><U109/><E119/><V81/><F123/><W91/><G110/><T3/><D3/><U95/><E109/><V78/><F108/><W105/><G2/><T74/><D71/><U120/><E113/><V68/><F0/><W92/><G105/><T135/><D135/><U131/><E131/><V115/><F15/><W12/><G130/><T28/><D28/><U128/><E103/><V82/><F115/><W23/><G112/><T75/><D13/><N who="1" m="7207" /><E134/><V90/><F90/><W30/><G49/><T88/><N who="0" m="18432" /><DORA hai="27" /><T32/><REACH who="0" step="1"/><D32/><REACH who="0" ten="314,265,363,38" step="2"/><U42/><E120/><V33/><F33/><W38/><G12/><T67/><D67/><U35/><E35/><V55/><F65/><W84/><G58/><T98/><D98/><N who="1" m="57711" /><E128/><V102/><F68/><W26/><G26/><T132/><D132/><U18/><E56/><V5/><F24/><W61/><G38/><T39/><D39/><U22/><E46/><V117/><F117/><W97/><G97/><T1/><D1/><U125/><E125/><V44/><F124/><W99/><G99/><T133/><D133/><U57/><E57/><V100/><F126/><W129/><G129/><T52/><D52/><U69/><E69/><V118/><F118/><W11/><G61/><T63/><D63/><U25/><AGARI ba="2,2" hai="4,7,18,22,25,42,45,48" m="57711,7207" machi="25" ten="30,3000,0" yaku="8,1,54,1" doraHai="50,27" who="1" fromWho="1" sc="314,-12,265,56,363,-12,38,-12" /><INIT seed="5,3,0,0,0,94" ten="302,321,351,26" oya="1" hai0="133,86,123,105,7,14,132,128,6,81,107,31,36" hai1="50,68,103,127,76,95,116,17,75,38,118,90,9" hai2="82,122,72,84,16,34,99,65,44,4,120,77,92" hai3="126,71,125,29,117,15,112,124,13,113,52,70,101"/><U21/><E38/><V30/><F4/><W43/><G43/><T129/><D36/><U98/><E68/><N who="3" m="26154" /><G29/><T12/><D31/><U96/><E127/><V40/><F65/><W55/><G101/><T28/><D28/><U35/><E35/><V54/><F54/><N who="3" m="20523" /><G117/><T46/><D46/><U41/><E9/><V83/><F83/><W51/><G51/><T61/><D81/><U42/><E76/><V100/><F72/><W66/><G66/><T135/><D86/><U88/><E75/><V22/><F30/><W47/><G47/><T111/><D61/><U48/><E118/><V5/><F5/><N who="0" m="1546" /><D111/><U109/><E109/><V73/><F34/><W11/><G11/><T19/><D123/><U58/><E116/><V110/><F73/><W59/><G59/><T53/><D53/><N who="1" m="32039" /><E103/><V87/><F110/><W62/><G62/><T89/><D89/><N who="1" m="34411" /><E50/><V3/><F3/><W114/><AGARI ba="3,0" hai="13,15,112,113,114,124,125,126" m="20523,26154" machi="114" ten="50,8000,1" yaku="28,2,15,1,18,1,54,1" doraHai="94" who="3" fromWho="3" sc="302,-23,321,-43,351,-23,26,89" /><INIT seed="6,0,0,4,3,39" ten="279,278,328,115" oya="2" hai0="13,98,4,65,30,74,49,35,99,36,0,19,6" hai1="46,55,63,71,68,116,124,48,127,133,7,120,28" hai2="94,17,92,73,69,56,113,18,101,95,82,114,80" hai3="9,34,84,25,132,52,72,96,119,111,51,53,24"/><V27/><F69/><N who="1" m="26697" /><E7/><V32/><F101/><W59/><G119/><T70/><D36/><U102/><E102/><V8/><F8/><W37/><G72/><T50/><D74/><U61/><E28/><N who="2" m="19487" /><F56/><W2/><G111/><T115/><D115/><N who="2" m="44042" /><F73/><W62/><G132/><T64/><D30/><U100/><E100/><V126/><F126/><N who="1" m="48169" /><E116/><V125/><F125/><W76/><G37/><T16/><D70/><U93/><E93/><V117/><F117/><W47/><G34/><T15/><D35/><U134/><E120/><V21/><F17/><W86/><G96/><T107/><REACH who="0" step="1"/><D0/><REACH who="0" ten="269,278,328,115" step="2"/><U40/><E134/><V97/><F97/><W104/><G104/><AGARI ba="0,1" hai="4,6,13,15,16,19,49,50,64,65,98,99,104,107" machi="104" ten="25,12000,2" yaku="1,1,2,1,22,2,54,1,53,2" doraHai="39" doraHaiUra="1" who="0" fromWho="3" sc="269,130,278,0,328,0,115,-120" owari="399,49.9,278,-12.2,328,12.8,-5,-50.5" /></mjloggm>