<mjloggm ver="2.3"><GO type="169" lobby="0"/><UN n0="%E3%81%BD%E3%81%8F%E5%B9%B3%E3%81%8F%E3%82%93" n1="%E6%B2%B3%E5%8F%A3%E7%A5%90%E5%B8%8C" n2="%E6%B2%B3%E7%AB%A5%E3%81%AE%E3%83%AF%E3%82%AB%E3%83%9E%E3%83%84" n3="%E3%83%90%E3%83%AA%E3%83%88%E3%83%B3" dan="17,16,19,17" rate="2155.71,2057.41,2283.71,2237.23" sx="M,M,M,M"/><TAIKYOKU oya="0"/><INIT seed="0,0,0,4,2,120" ten="250,250,250,250" oya="0" hai0="24,5,88,118,38,126,84,64,4,69,93,80,104" hai1="41,16,21,87,127,14,90,123,49,81,25,39,89" hai2="59,98,68,17,1,55,34,130,29,43,15,94,72" hai3="37,27,135,97,102,52,107,110,125,108,116,132,28"/><T2/><D118/><U119/><E127/><V77/><F68/><W23/><G116/><T30/><D38/><U45/><E123/><V62/><F1/><W7/><G37/><T100/><D126/><U91/><E119/><V66/><F130/><W42/><G42/><T3/><D3/><U103/><E103/><V85/><F43/><W101/><G125/><T79/><D2/><U13/><E39/><V53/><F72/><W114/><G114/><T63/><D100/><U48/><REACH who="1" step="1"/><E49/><REACH who="1" ten="250,240,250,250" step="2"/><V32/><F32/><W73/><G102/><T76/><D104/><U117/><E117/><V111/><F34/><W95/><G107/><T121/><D121/><U112/><E112/><V31/><F29/><W50/><G73/><T60/><D60/><U109/><E109/><N who="3" m="42090" /><G7/><T124/><D124/><U9/><E9/><V56/><F111/><W74/><G74/><T44/><D4/><U18/><E18/><V82/><F31/><W99/><G99/><T115/><D5/><U8/><E8/><V54/><F98/><W131/><G131/><T61/><D115/><U122/><E122/><V46/><F17/><W105/><G105/><T129/><D129/><U47/><E47/><AGARI ba="0,1" hai="23,27,28,47,50,52,95,97,101,132,135" m="42090" machi="47" ten="30,8000,1" yaku="14,1,52,3,54,1" doraHai="120" who="3" fromWho="1" sc="250,0,240,-80,250,0,250,90" /><INIT seed="1,0,0,1,3,130" ten="250,160,250,340" oya="1" hai0="72,29,40,101,59,126,71,74,103,96,33,62,44" hai1="3,99,83,7,48,110,104,10,58,112,52,64,8" hai2="102,22,124,92,50,70,85,125,129,61,42,109,43" hai3="135,11,36,122,134,94,53,78,25,34,55,9,97"/><U82/><E112/><V57/><F22/><W91/><G122/><T75/><D126/><N who="2" m="48746" /><F85/><W45/><G78/><T73/><D71/><U28/><E110/><V27/><F27/><W56/><G34/><T4/><D4/><U108/><E108/><V89/><F102/><W16/><G11/><T32/><D101/><U116/><E116/><V113/><F109/><W84/><G84/><T114/><D29/><U68/><E28/><V123/><F92/><W23/><G9/><T41/><D41/><N who="2" m="15370" /><F89/><W77/><G77/><T132/><D132/><N who="3" m="50729" /><G56/><T54/><D114/><U17/><E99/><V98/><F98/><W128/><G128/><T19/><D75/><U51/><E104/><V2/><F2/><W118/><G118/><T100/><D74/><U81/><E10/><V12/><F113/><W93/><G93/><T87/><D87/><U15/><E7/><V106/><F106/><W60/><G60/><T133/><D133/><U95/><E3/><V5/><F123/><W26/><G25/><T24/><D33/><U131/><E95/><V13/><F129/><W30/><G30/><T39/><D32/><U49/><REACH who="1" step="1"/><E131/><REACH who="1" ten="250,150,250,340" step="2"/><V105/><F105/><W86/><G97/><T79/><D96/><U107/><E107/><V38/><F5/><W20/><G20/><N who="0" m="13343" /><D103/><U0/><E0/><V1/><F1/><W117/><G117/><T127/><D100/><U115/><E115/><V66/><F38/><W14/><G26/><T35/><D127/><U31/><E31/><V47/><F12/><W111/><G111/><T76/><D35/><U63/><AGARI ba="0,1" hai="8,15,17,48,49,51,52,58,63,64,68,81,82,83" machi="63" ten="30,11700,0" yaku="1,1,0,1,54,1,53,1" doraHai="130" doraHaiUra="65" who="1" fromWho="1" sc="250,-39,150,127,250,-39,340,-39" /><INIT seed="1,1,0,3,4,9" ten="211,277,211,301" oya="1" hai0="27,68,6,103,134,39,93,101,31,97,67,12,38" hai1="75,104,11,122,24,36,85,135,95,115,14,41,15" hai2="112,17,91,92,32,50,110,100,79,47,130,55,111" hai3="105,64,113,128,56,70,98,96,7,77,88,65,46"/><U84/><E122/><V53/><F32/><W61/><G113/><T54/><D134/><U37/><E75/><V80/><F112/><W71/><G128/><T30/><D103/><U116/><E104/><V34/><F130/><W25/><G77/><T4/><D4/><U119/><E24/><V60/><F34/><W109/><G109/><N who="2" m="41481" /><F100/><W44/><G7/><T132/><D31/><U29/><E29/><V102/><F102/><W118/><G118/><T59/><D67/><U13/><E115/><V78/><F17/><W72/><G72/><T73/><D68/><U89/><E135/><V16/><F80/><W106/><G56/><T76/><D76/><N who="2" m="29226" /><F16/><W49/><G25/><T74/><D132/><U35/><E11/><V10/><F10/><W107/><G88/><T82/><D82/><U21/><E35/><V58/><F91/><W81/><G81/><T33/><D74/><U66/><E21/><V133/><F133/><W83/><G83/><T63/><D73/><U86/><E66/><V94/><AGARI ba="1,0" hai="47,50,53,55,58,60,92,94" m="29226,41481" machi="94" ten="30,1100,0" yaku="14,1" doraHai="9" who="2" fromWho="2" sc="211,-4,277,-6,211,14,301,-4" /><INIT seed="2,0,0,1,4,117" ten="207,271,225,297" oya="2" hai0="36,59,39,2,20,127,115,29,55,58,105,111,14" hai1="68,84,108,130,78,124,129,50,69,134,47,27,89" hai2="49,66,24,114,21,10,1,128,12,54,16,116,32" hai3="131,96,91,120,23,43,62,25,94,67,53,83,88"/><V106/><F116/><W33/><G131/><N who="1" m="50186" /><E108/><V56/><F128/><W44/><G33/><T126/><D2/><U109/><E109/><V8/><F114/><W118/><G118/><T28/><D105/><U93/><E78/><V71/><F106/><W125/><G125/><N who="0" m="47627" /><D59/><U15/><E124/><V74/><F74/><W35/><G35/><T107/><D107/><U101/><E101/><V72/><F72/><W113/><G113/><T3/><D3/><U30/><E15/><V19/><F32/><W34/><G34/><T102/><D102/><U63/><E63/><V98/><F98/><W22/><G53/><T38/><D115/><U75/><E75/><V86/><F86/><W17/><G23/><T51/><D111/><U48/><E48/><V99/><F99/><W31/><G83/><T37/><N who="0" m="9216" /><DORA hai="46" /><T9/><D20/><N who="1" m="15719" /><E134/><V119/><F119/><W41/><G22/><T4/><AGARI ba="0,0" hai="4,9,14,28,29,51,55,58" m="9216,47627" machi="4" ten="60,4000,0" yaku="18,1,52,1" doraHai="117,46" who="0" fromWho="0" sc="207,40,271,-10,225,-20,297,-10" /><INIT seed="3,0,0,0,1,37" ten="247,261,205,287" oya="3" hai0="68,8,47,65,103,66,12,60,130,62,19,55,121" hai1="0,17,11,41,76,85,93,87,45,29,31,20,118" hai2="56,127,58,26,13,101,105,114,40,63,119,129,14" hai3="81,35,64,84,112,54,131,134,125,34,126,33,57"/><W6/><G112/><T48/><D130/><U22/><E118/><V115/><F119/><W7/><G64/><T9/><D121/><U28/><E76/><V75/><F75/><W108/><G134/><T69/><D103/><U86/><E0/><V61/><F26/><W98/><G98/><T128/><D128/><U109/><E109/><V71/><F129/><W15/><G108/><T88/><D88/><N who="1" m="53391" /><E11/><AGARI ba="0,0" hai="8,9,11,12,19,47,48,55,60,62,65,66,68,69" machi="11" ten="30,2000,0" yaku="7,1,9,1" doraHai="37" who="0" fromWho="1" sc="247,20,261,-20,205,0,287,0" /><INIT seed="4,0,0,1,1,117" ten="267,241,205,287" oya="0" hai0="20,77,59,80,11,44,54,57,86,18,114,109,93" hai1="33,29,125,47,97,25,14,85,76,135,83,101,16" hai2="132,58,61,108,67,51,96,10,75,79,116,126,6" hai3="91,100,127,55,69,71,66,124,72,115,84,36,41"/><T107/><D107/><U65/><E125/><N who="3" m="48202" /><G72/><T78/><D114/><U48/><E135/><V63/><F126/><W24/><G100/><T102/><D109/><U123/><E65/><V130/><F108/><W40/><G24/><T19/><D44/><U17/><E14/><V7/><F116/><W118/><G118/><T2/><D59/><U45/><E45/><V104/><F132/><W38/><G91/><T128/><D128/><U0/><E0/><V60/><F130/><W46/><G84/><T23/><D2/><U31/><E123/><V99/><F104/><W28/><G28/><T3/><D78/><U13/><E13/><V95/><F96/><W27/><G27/><T4/><D102/><U129/><E31/><V49/><F75/><W90/><G90/><T1/><D93/><U68/><E68/><N who="3" m="26186" /><G66/><T131/><D131/><U50/><E129/><V122/><F99/><W89/><G89/><T112/><D3/><U34/><E34/><V35/><F95/><W74/><G74/><T26/><D112/><U88/><E76/><V39/><F79/><W37/><G115/><T134/><D134/><U87/><E87/><V73/><F73/><W106/><G106/><T32/><D32/><U110/><E110/><V8/><F35/><W53/><G46/><T121/><D23/><U120/><E47/><V81/><F67/><W9/><G9/><T82/><D80/><U64/><E64/><V56/><F81/><W94/><G94/><T92/><D92/><N who="1" m="58535" /><E17/><V21/><F21/><W111/><G111/><T52/><D19/><U98/><E16/><V12/><F12/><RYUUKYOKU ba="0,0" sc="267,-10,241,-10,205,-10,287,30" hai3="36,37,38,40,41,53,55" /><INIT seed="5,1,0,5,4,78" ten="257,231,195,317" oya="1" hai0="75,15,4,60,34,29,63,98,125,59,7,106,121" hai1="132,50,116,104,118,57,31,71,3,90,27,44,39" hai2="12,95,97,43,52,8,111,114,129,68,123,115,134" hai3="88,126,19,17,102,46,54,23,135,113,74,101,20"/><U109/><E104/><V92/><F123/><W13/><G113/><N who="2" m="43017" /><F111/><W65/><G74/><T10/><D125/><U21/><E109/><V28/><F68/><W35/><G35/><T11/><D75/><U38/><E132/><V70/><F70/><W128/><G65/><T91/><D121/><U37/><E3/><V67/><F67/><W100/><G128/><T96/><D63/><U130/><E71/><V110/><F110/><W1/><G1/><T94/><D34/><U107/><E107/><V69/><F69/><W79/><G79/><T14/><D29/><U83/><E57/><V73/><F43/><W84/><G126/><T72/><D72/><U108/><E130/><V49/><F129/><W93/><G135/><T77/><D77/><U117/><E108/><V9/><F134/><W2/><G2/><T51/><D51/><U87/><REACH who="1" step="1"/><E117/><REACH who="1" ten="257,221,195,317" step="2"/><V42/><F73/><W76/><G76/><T47/><D106/><U56/><E56/><V5/><F92/><W45/><REACH who="3" step="1"/><G54/><AGARI ba="1,1" hai="21,27,31,37,38,39,44,50,54,83,87,90,116,118" machi="54" ten="40,3900,0" yaku="1,1,52,1,53,0" doraHai="78" doraHaiUra="131" who="1" fromWho="3" sc="257,0,221,52,195,0,317,-42" /><INIT seed="5,2,0,0,3,58" ten="257,273,195,275" oya="1" hai0="82,90,95,123,119,42,72,57,3,47,52,1,16" hai1="2,62,117,41,107,11,122,31,56,127,124,133,46" hai2="94,64,120,12,60,74,21,130,79,83,84,23,9" hai3="54,53,75,88,40,69,118,50,33,32,22,67,105"/><U8/><E117/><V45/><F120/><W86/><G75/><T78/><D123/><U98/><E122/><V134/><F130/><W6/><G105/><T113/><D113/><U116/><E31/><V70/><F134/><W104/><G104/><T30/><D30/><U77/><E133/><V36/><F74/><W5/><G40/><T103/><D103/><N who="1" m="62967" /><E77/><V35/><F35/><W25/><G118/><T65/><D65/><U0/><E116/><V29/><F29/><W131/><G131/><T38/><D16/><U76/><E76/><V99/><F45/><W80/><G32/><T87/><REACH who="0" step="1"/><D119/><REACH who="0" ten="247,273,195,275" step="2"/><U44/><E8/><V114/><F114/><W17/><G33/><T51/><AGARI ba="2,1" hai="1,3,38,42,47,51,52,57,72,78,82,87,90,95" machi="51" ten="20,8000,1" yaku="1,1,2,1,0,1,7,1,54,1,53,0" doraHai="58" doraHaiUra="111" who="0" fromWho="0" sc="247,96,273,-42,195,-22,275,-22" /><INIT seed="6,0,0,0,1,21" ten="343,231,173,253" oya="2" hai0="14,126,124,22,56,20,19,120,65,23,38,0,26" hai1="80,131,11,73,105,91,42,33,96,50,83,10,32" hai2="119,35,89,46,84,41,18,129,95,28,87,102,103" hai3="58,113,17,128,82,6,85,52,62,49,39,134,101"/><V122/><F122/><W112/><G39/><T48/><D38/><U53/><E73/><V9/><F119/><W74/><G134/><T100/><D120/><U97/><E131/><V1/><F129/><W70/><G128/><T45/><D0/><U8/><E42/><V27/><F84/><W15/><G74/><T13/><D100/><U86/><E80/><V47/><F47/><W24/><G101/><T43/><D14/><U118/><E118/><V5/><REACH who="2" step="1"/><F18/><REACH who="2" ten="343,231,163,253" step="2"/><W29/><G17/><T114/><D45/><U72/><E72/><V110/><F110/><W107/><G85/><T81/><D19/><U64/><E86/><V75/><F75/><W93/><G113/><T44/><D114/><U133/><E96/><V30/><F30/><W12/><G112/><T76/><D44/><U88/><E97/><V36/><AGARI ba="0,1" hai="1,5,9,27,28,35,36,41,46,87,89,95,102,103" machi="36" ten="20,7800,0" yaku="1,1,0,1,7,1,52,1,53,0" doraHai="21" doraHaiUra="125" who="2" fromWho="2" sc="343,-26,231,-26,163,88,253,-26" /><INIT seed="6,1,0,0,0,121" ten="317,205,251,227" oya="2" hai0="72,38,127,46,29,1,58,65,104,107,116,15,94" hai1="112,92,42,44,52,6,59,2,126,69,113,75,39" hai2="79,22,90,114,26,76,40,100,55,7,93,134,4" hai3="115,45,14,87,81,82,47,135,16,103,83,63,35"/><V123/><F123/><W96/><G35/><T124/><D1/><U62/><E75/><V111/><F114/><N who="1" m="44137" /><E126/><V11/><F134/><W24/><G135/><T37/><D29/><U32/><E32/><V67/><F100/><W70/><G24/><T34/><D15/><U102/><E102/><V51/><F40/><W71/><G87/><T89/><D46/><U0/><E92/><V130/><F67/><W78/><G78/><N who="2" m="29737" /><F11/><W28/><G28/><T21/><D65/><N who="1" m="41143" /><E6/><V19/><F111/><W88/><G115/><T133/><D89/><U95/><E95/><V86/><F130/><W23/><G88/><T13/><D133/><U99/><E99/><V3/><F3/><W118/><G118/><T53/><D94/><U33/><E33/><V25/><F25/><W68/><REACH who="3" step="1"/><G63/><AGARI ba="1,0" hai="0,2,39,42,44,52,59,63" m="41143,44137" machi="63" ten="30,2000,0" yaku="15,1,54,1" doraHai="121" who="1" fromWho="3" sc="317,0,205,23,251,0,227,-23" /><INIT seed="7,0,0,3,2,98" ten="317,228,251,204" oya="3" hai0="53,113,89,124,115,101,49,37,58,127,62,67,72" hai1="40,13,3,85,14,122,2,30,129,77,33,47,74" hai2="104,66,24,118,32,56,19,39,109,18,88,83,60" hai3="121,29,7,45,130,1,57,82,4,46,5,65,36"/><W133/><G121/><T135/><D101/><U38/><E122/><V70/><F109/><W119/><G119/><T35/><D35/><U6/><E129/><V105/><F118/><W17/><G1/><T100/><D100/><U10/><E85/><V11/><F39/><W134/><G130/><T84/><D37/><U16/><E2/><V116/><F116/><W75/><G29/><T93/><D72/><U120/><E120/><V63/><F32/><W25/><G65/><T99/><D84/><U91/><E91/><V79/><F88/><W76/><G57/><N who="0" m="32943" /><D135/><N who="3" m="51721" /><G36/><T126/><AGARI ba="0,0" hai="58,62,67,89,93,99,113,115,124,126,127" m="32943" machi="126" ten="40,1500,0" yaku="18,1" doraHai="98" who="0" fromWho="0" sc="317,15,228,-4,251,-4,204,-7" owari="332,43.2,224,-17.6,247,4.7,197,-30.3" /></mjloggm>