<mjloggm ver="2.3"><GO type="169" lobby="0"/><UN n0="%E3%83%95%E3%82%AF%E3%83%80%E3%83%B3%E3%83%81%E3%83%A7" n1="%46%75%77%61" n2="%52%65%63%61%6C%74%71" n3="%E3%81%A9%E3%82%89%E3%81%94%E3%82%93%33%2E%30" dan="16,17,16,16" rate="2113.02,2169.40,2134.83,2064.30" sx="M,M,M,M"/><TAIKYOKU oya="0"/><INIT seed="0,0,0,5,0,40" ten="250,250,250,250" oya="0" hai0="87,125,70,45,121,74,86,69,65,22,77,36,124" hai1="29,96,127,111,44,9,128,108,43,11,90,118,23" hai2="120,93,33,83,51,130,17,112,133,110,100,34,4" hai3="97,94,13,28,132,103,0,25,71,82,107,80,95"/><T131/><D121/><U92/><E118/><V109/><F4/><W5/><G71/><T1/><D1/><U113/><E128/><V72/><F120/><W7/><G132/><T60/><D70/><U105/><E127/><N who="0" m="48713" /><D131/><U12/><E105/><V73/><F130/><W55/><G0/><T122/><D122/><U91/><E91/><V106/><F106/><W24/><G107/><T15/><D74/><U37/><E113/><V135/><F17/><W85/><G95/><T53/><D77/><U63/><E63/><V64/><F64/><W56/><G13/><T10/><D22/><U81/><E81/><V119/><F119/><W3/><G3/><T48/><D36/><U57/><E57/><V104/><F104/><W116/><G116/><T54/><D53/><U18/><REACH who="1" step="1"/><E29/><REACH who="1" ten="250,240,250,250" step="2"/><V59/><F112/><W49/><G82/><T38/><D38/><U84/><E84/><V79/><F83/><W16/><G28/><T115/><D115/><U76/><E76/><V129/><F79/><W117/><G117/><T88/><D88/><U2/><E2/><V62/><F129/><W98/><G85/><T6/><AGARI ba="0,1" hai="6,10,15,45,48,54,60,65,69,86,87" m="48713" machi="6" ten="30,3000,0" yaku="18,1,52,1" doraHai="40" who="0" fromWho="0" sc="250,40,240,-10,250,-10,250,-10" /><INIT seed="0,1,0,4,0,25" ten="290,230,240,240" oya="0" hai0="26,16,70,82,64,84,40,98,97,49,67,45,2" hai1="71,99,109,89,123,47,122,73,129,63,15,69,57" hai2="102,8,107,29,94,106,68,33,121,132,52,77,85" hai3="96,53,66,22,13,19,0,125,1,36,101,61,27"/><T62/><D2/><U28/><E73/><V90/><F121/><W116/><G36/><T127/><D67/><U34/><E109/><V50/><F68/><W88/><G116/><T58/><D70/><U46/><E123/><V92/><F77/><W115/><G115/><T20/><REACH who="0" step="1"/><D127/><REACH who="0" ten="280,230,240,240" step="2"/><U131/><E122/><V133/><F133/><W75/><G125/><T128/><D128/><U80/><E71/><V30/><F132/><W134/><G134/><T100/><D100/><U76/><E69/><V9/><F33/><W32/><G101/><T114/><D114/><U14/><E131/><V124/><F124/><W3/><G66/><T91/><AGARI ba="1,1" hai="16,20,26,40,45,49,58,62,64,82,84,91,97,98" machi="91" ten="20,12000,1" yaku="1,1,0,1,7,1,8,1,54,1,53,0" doraHai="25" doraHaiUra="4" who="0" fromWho="0" sc="280,133,230,-41,240,-41,240,-41" /><INIT seed="0,2,0,1,0,65" ten="413,189,199,199" oya="0" hai0="6,118,96,8,119,30,81,105,101,36,88,51,98" hai1="134,128,111,59,34,122,7,71,90,113,24,53,25" hai2="93,47,64,75,99,135,84,74,35,82,54,72,26" hai3="66,32,104,110,40,38,42,130,18,13,92,114,20"/><T94/><D36/><U9/><E122/><V129/><F129/><W39/><G114/><T78/><D30/><U46/><E111/><V125/><F125/><W126/><G104/><T63/><D51/><U70/><E128/><V87/><F135/><W27/><G130/><T45/><D45/><U33/><E134/><V56/><F64/><W95/><G110/><T23/><D23/><U124/><E124/><V31/><F47/><W12/><G126/><T57/><D57/><U44/><E44/><V86/><F93/><W108/><G108/><T121/><D63/><U103/><E46/><V106/><F99/><W41/><G66/><T91/><D121/><U89/><E113/><V43/><F43/><W29/><REACH who="3" step="1"/><G13/><REACH who="3" ten="413,189,199,189" step="2"/><T37/><D118/><U62/><E34/><V79/><REACH who="2" step="1"/><F106/><REACH who="2" ten="413,189,189,189" step="2"/><W115/><G115/><T100/><D119/><U83/><E33/><V4/><F4/><W127/><G127/><T15/><REACH who="0" step="1"/><D37/><AGARI ba="2,2" hai="12,18,20,27,29,32,37,38,39,40,41,42,92,95" machi="37" ten="40,1300,0" yaku="1,1,53,0" doraHai="65" doraHaiUra="60" who="3" fromWho="0" sc="413,-19,189,0,189,0,189,39" /><INIT seed="1,0,0,5,0,133" ten="394,189,189,228" oya="1" hai0="2,78,12,117,132,30,124,89,84,48,119,38,123" hai1="7,112,41,58,79,54,26,60,94,106,93,13,11" hai2="61,99,33,5,37,114,10,76,39,109,34,130,72" hai3="8,82,127,23,102,15,47,27,20,1,35,36,59"/><U83/><E106/><V74/><F109/><W111/><G102/><T56/><D38/><U14/><E112/><V128/><F114/><W55/><G1/><T101/><D2/><U113/><E113/><V50/><F50/><W29/><G111/><T52/><D123/><U46/><E26/><V91/><F61/><W121/><G121/><T107/><D124/><U85/><REACH who="1" step="1"/><E14/><REACH who="1" ten="394,179,189,228" step="2"/><V120/><F120/><W32/><G15/><T88/><D12/><U51/><AGARI ba="0,1" hai="7,11,13,41,46,51,54,58,60,79,83,85,93,94" machi="51" ten="20,24000,3" yaku="1,1,2,1,0,1,7,1,25,2,8,1,53,1" doraHai="133" doraHaiUra="42" who="1" fromWho="1" sc="394,-80,179,250,189,-80,228,-80" /><INIT seed="1,1,0,1,1,4" ten="314,429,109,148" oya="1" hai0="53,88,52,50,30,17,49,10,99,14,79,101,119" hai1="78,37,97,107,118,33,127,58,54,113,82,23,18" hai2="89,36,59,111,51,110,95,26,74,11,28,98,80" hai3="41,106,90,77,45,117,43,34,121,104,134,125,65"/><U130/><E113/><V128/><F36/><W63/><G34/><T100/><D79/><U87/><E118/><V76/><F128/><W57/><G121/><T21/><D119/><U73/><E33/><V35/><F51/><N who="0" m="19466" /><D30/><U29/><E37/><V122/><F122/><W103/><G117/><T83/><D21/><U25/><E130/><V2/><REACH who="2" step="1"/><F59/><REACH who="2" ten="314,429,99,148" step="2"/><W66/><G57/><T61/><D61/><U64/><E58/><V24/><F24/><W116/><G63/><T93/><D83/><U1/><E82/><V86/><F86/><W114/><G116/><T102/><AGARI ba="1,1" hai="10,14,17,52,53,88,93,99,100,101,102" m="19466" machi="102" ten="30,7900,0" yaku="8,1,52,1,54,2" doraHai="4" who="0" fromWho="0" sc="314,92,429,-40,99,-21,148,-21" /><INIT seed="2,0,0,4,1,65" ten="406,389,78,127" oya="2" hai0="64,44,78,118,56,125,40,10,89,25,19,119,113" hai1="128,21,37,124,34,93,81,47,68,1,9,30,105" hai2="66,94,33,101,77,133,18,108,3,38,41,132,92" hai3="58,12,83,126,122,52,32,50,80,7,60,70,107"/><V73/><F33/><W51/><G122/><T134/><D113/><U57/><E105/><V114/><F3/><W127/><G107/><T29/><D78/><U16/><E68/><V96/><F114/><W31/><G32/><T90/><D125/><N who="3" m="47625" /><G31/><T69/><D69/><U61/><E124/><V62/><F108/><W23/><G51/><N who="0" m="27015" /><D134/><U115/><E115/><V79/><F92/><W74/><G74/><T121/><D121/><U109/><E109/><V45/><F18/><N who="3" m="10695" /><G7/><T26/><D56/><U98/><E128/><V135/><REACH who="2" step="1"/><F73/><REACH who="2" ten="406,389,68,127" step="2"/><W104/><G104/><T84/><D19/><U103/><E1/><V95/><F95/><W48/><G48/><T5/><D29/><U123/><E30/><V67/><F67/><AGARI ba="0,1" hai="50,52,58,60,67,70,80,83" m="10695,47625" machi="67" ten="30,3900,0" yaku="18,1,52,1,54,1" doraHai="65" who="3" fromWho="2" sc="406,0,389,0,68,-39,127,49" /><INIT seed="3,0,0,5,0,55" ten="406,389,29,176" oya="3" hai0="38,78,15,133,64,63,62,107,88,27,83,46,102" hai1="109,90,61,49,2,66,60,17,123,127,40,126,59" hai2="32,99,70,73,105,33,10,44,125,6,135,58,104" hai3="117,85,77,119,35,43,75,68,36,16,92,134,56"/><W76/><G35/><T54/><D133/><U82/><E123/><V79/><F135/><W97/><G68/><T114/><D114/><U103/><E2/><V11/><F125/><N who="1" m="47625" /><E103/><V74/><F70/><W120/><G120/><T94/><D102/><U52/><E109/><V14/><F44/><W96/><G134/><T121/><D107/><U113/><E113/><V50/><F99/><W110/><G75/><T122/><D27/><U9/><E9/><V89/><F89/><N who="3" m="53295" /><G36/><T45/><D38/><U12/><E12/><V95/><F95/><W69/><G69/><T53/><D15/><U28/><E28/><V111/><F111/><W106/><G43/><T42/><D42/><U81/><E17/><V93/><F93/><W116/><G110/><T24/><D24/><U67/><E90/><V72/><F79/><N who="3" m="30283" /><G16/><T84/><D121/><U23/><E23/><V47/><F47/><W131/><G106/><T26/><D26/><U91/><E91/><V0/><F105/><W80/><G80/><N who="1" m="30826" /><E40/><V3/><F104/><W101/><G101/><T39/><D39/><U128/><E128/><V5/><REACH who="2" step="1"/><F14/><REACH who="2" ten="406,389,19,176" step="2"/><W124/><G124/><T87/><D122/><U20/><E20/><V130/><F130/><W18/><G131/><T19/><D88/><U98/><E98/><V34/><F34/><W51/><G97/><T112/><D78/><U115/><E115/><V108/><F108/><W8/><G96/><T4/><D112/><U22/><E22/><V57/><F57/><W41/><G56/><T25/><D94/><U71/><E71/><V129/><F129/><W30/><G117/><RYUUKYOKU ba="0,1" sc="406,-15,389,15,19,15,176,-15" hai1="49,52,59,60,61,66,67" hai2="0,3,5,6,10,11,32,33,50,58,72,73,74" /><INIT seed="4,1,1,1,4,83" ten="391,404,34,161" oya="0" hai0="121,125,131,43,124,47,52,32,46,107,85,126,135" hai1="40,110,2,34,70,12,87,100,8,99,4,103,115" hai2="134,66,63,7,81,23,15,118,51,82,132,122,69" hai3="1,30,44,37,98,41,120,48,91,89,3,104,50"/><T5/><D107/><U17/><E110/><V38/><F122/><W0/><G30/><T75/><D121/><U20/><E70/><V53/><F38/><W76/><G120/><T13/><D32/><U31/><E115/><V97/><F118/><W16/><G76/><T95/><D75/><U101/><E40/><V130/><F130/><W59/><G37/><T54/><D135/><U113/><E113/><V117/><F117/><W19/><G104/><T61/><D61/><U79/><E99/><V35/><F35/><W84/><G98/><T9/><D131/><U6/><E6/><V55/><F55/><N who="0" m="21034" /><D43/><U26/><E79/><V108/><F108/><W133/><G133/><N who="2" m="51305" /><F97/><W88/><G84/><AGARI ba="1,1" hai="2,4,8,12,17,20,26,31,34,84,87,100,101,103" machi="84" ten="40,8000,1" yaku="24,2,52,2" doraHai="83" who="1" fromWho="3" sc="391,0,404,93,34,0,161,-83" /><INIT seed="5,0,0,0,2,68" ten="391,497,34,78" oya="1" hai0="48,50,83,74,132,66,44,43,99,51,96,84,33" hai1="15,80,34,128,39,90,12,49,77,104,29,121,11" hai2="95,3,126,123,64,73,76,65,25,92,23,22,116" hai3="87,1,18,24,17,46,101,19,114,86,124,45,40"/><U47/><E121/><V78/><F123/><W57/><G1/><T93/><D33/><U88/><E104/><V32/><F32/><W89/><G101/><T119/><D74/><U61/><E61/><V60/><F73/><W120/><G120/><T55/><D66/><U59/><E59/><V75/><F75/><W20/><G114/><T118/><D132/><U110/><E110/><V71/><F3/><W102/><G102/><T103/><D99/><U53/><E39/><V94/><F116/><W109/><G109/><T31/><D31/><U26/><E128/><V36/><F36/><W108/><G108/><T131/><D131/><U130/><E130/><V69/><F126/><W63/><G124/><T10/><D10/><U35/><E35/><V16/><REACH who="2" step="1"/><F23/><REACH who="2" ten="391,497,24,78" step="2"/><W37/><G20/><T6/><D118/><U125/><E125/><V127/><F127/><W58/><G24/><T106/><D119/><U79/><E34/><V7/><F7/><W21/><G21/><T72/><D6/><U62/><E11/><V112/><F112/><W4/><G4/><T14/><D72/><U42/><E77/><V5/><F5/><W85/><G89/><T115/><D115/><U70/><E79/><V28/><F28/><W54/><G37/><T41/><D103/><U97/><E90/><V98/><F98/><W9/><G9/><T81/><D96/><U129/><E97/><V91/><F91/><W122/><G122/><T113/><D113/><U107/><E88/><V82/><F82/><W8/><G8/><T67/><D83/><U133/><E80/><V100/><F100/><RYUUKYOKU ba="0,1" sc="391,-10,497,-10,24,30,78,-10" hai2="16,22,25,60,64,65,69,71,76,78,92,94,95" /><INIT seed="6,1,1,1,0,11" ten="381,487,54,68" oya="2" hai0="12,130,107,85,99,135,34,80,38,3,127,126,31" hai1="81,51,95,97,14,19,4,124,69,120,133,10,15" hai2="49,50,1,121,9,22,17,42,30,66,57,110,72" hai3="65,46,83,92,60,123,26,78,112,52,98,5,33"/><V75/><F121/><W122/><G5/><T117/><D3/><U41/><E69/><V7/><F110/><W67/><G112/><T118/><D38/><U74/><E120/><V36/><F36/><W61/><G33/><T63/><D63/><U86/><E74/><V84/><F30/><W128/><G128/><T45/><D45/><N who="1" m="26031" /><E124/><N who="0" m="47657" /><D135/><U44/><E44/><V43/><F72/><W114/><G114/><T18/><D130/><U59/><E59/><V64/><F75/><W134/><G134/><T102/><D31/><U28/><E28/><V70/><F70/><W13/><G26/><T100/><D100/><N who="1" m="60479" /><E133/><V2/><F2/><W39/><G39/><T35/><D34/><U82/><E86/><V91/><F43/><W29/><G29/><T104/><D104/><U77/><E77/><V47/><F50/><W71/><G61/><T25/><D25/><U53/><E53/><V116/><F57/><W106/><G106/><T0/><D0/><U27/><E27/><V109/><F109/><W21/><G67/><T111/><D35/><U108/><E108/><V105/><F105/><W131/><G131/><T125/><N who="0" m="47665" /><T32/><DORA hai="96" /><D32/><U48/><E48/><V90/><F116/><W40/><G122/><T24/><D24/><U93/><E93/><V101/><F101/><N who="3" m="60615" /><G123/><T73/><D73/><U55/><E55/><V94/><F91/><W16/><G52/><T129/><D129/><U113/><E113/><V37/><F37/><N who="3" m="21775" /><G78/><N who="0" m="46231" /><D111/><U23/><AGARI ba="1,1" hai="4,10,14,15,19,23,81,82" m="60479,26031" machi="23" ten="30,7900,0" yaku="8,1,52,3" doraHai="11,96" who="1" fromWho="1" sc="381,-21,487,92,54,-40,68,-21" /><INIT seed="7,0,0,5,3,95" ten="360,579,14,47" oya="3" hai0="5,111,125,21,135,99,52,97,126,131,112,68,37" hai1="134,55,123,25,6,17,109,87,0,43,78,27,122" hai2="69,15,104,98,23,12,81,88,60,89,32,94,91" hai3="75,30,35,47,101,70,71,38,14,11,29,118,100"/><W73/><G118/><T82/><D37/><U24/><E109/><V90/><F32/><W103/><G38/><T113/><D68/><U63/><E134/><V4/><F104/><W9/><G47/><T72/><D5/><U34/><E34/><V65/><F4/><W22/><G35/><T106/><D106/><U74/><E74/><N who="3" m="28170" /><G22/><T86/><D72/><U8/><E43/><V44/><F81/><W31/><G14/><T102/><D111/><U19/><E87/><V64/><F64/><W48/><G48/><T3/><D102/><U54/><E78/><V130/><F130/><W124/><G124/><T84/><D131/><U92/><E92/><V51/><REACH who="2" step="1"/><F23/><REACH who="2" ten="360,579,4,47" step="2"/><W59/><G59/><T96/><D21/><U105/><E63/><V10/><F10/><AGARI ba="0,1" hai="9,10,11,29,30,31,70,71,100,101,103" m="28170" machi="10" ten="40,3900,0" yaku="28,2" doraHai="95" who="3" fromWho="2" sc="360,0,579,0,4,-39,47,49" owari="360,16.0,579,67.9,-35,-53.5,96,-30.4" /></mjloggm>