<mjloggm ver="2.3"><GO type="169" lobby="0"/><UN n0="%E6%98%8E%E6%98%9F%E5%B8%82%E6%B0%91" n1="%73%75%70%6F%72%6F%4E" n2="%6D%61%6A%75%6E%69%61" n3="%6D%73%64%31%31%32%30" dan="17,17,17,17" rate="2194.87,2118.70,2178.76,2211.24" sx="M,M,M,M"/><TAIKYOKU oya="0"/><INIT seed="0,0,0,2,2,50" ten="250,250,250,250" oya="0" hai0="74,22,120,35,83,62,60,102,33,21,112,104,12" hai1="121,96,119,58,11,71,75,8,76,38,43,98,66" hai2="109,72,82,42,48,46,32,108,23,52,65,103,128" hai3="131,30,47,69,6,130,101,37,78,125,132,116,114"/><T67/><D112/><U61/><E119/><V15/><F32/><W29/><G78/><T94/><D104/><U16/><E121/><V54/><F128/><W19/><G101/><T5/><D62/><U41/><E75/><V124/><F124/><W34/><G69/><T126/><D126/><U97/><E76/><N who="2" m="44295" /><F65/><W25/><G37/><T85/><D120/><U40/><E38/><V122/><F103/><W36/><G47/><T57/><D74/><U123/><E123/><V45/><F122/><W95/><G95/><T7/><D35/><U2/><E2/><V53/><F15/><W28/><G36/><T134/><D33/><U64/><E71/><V84/><F84/><W105/><G105/><T106/><D106/><U24/><REACH who="1" step="1"/><E64/><REACH who="1" ten="250,240,250,250" step="2"/><V80/><F80/><W127/><G125/><T31/><D134/><U4/><E4/><V14/><F45/><W55/><G127/><T89/><D5/><U110/><E110/><N who="2" m="42603" /><F42/><W56/><G116/><T100/><D7/><U9/><E9/><V68/><F68/><W3/><G131/><T10/><D10/><U135/><E135/><V18/><AGARI ba="0,1" hai="14,18,23,46,48,52,53,54" m="42603,44295" machi="18" ten="30,8000,1" yaku="14,1,52,3,54,1" doraHai="50" who="2" fromWho="2" sc="250,-40,240,-20,250,90,250,-20" /><INIT seed="1,0,0,2,4,57" ten="210,220,340,230" oya="1" hai0="61,98,9,30,60,81,68,8,1,132,35,80,37" hai1="74,16,51,126,45,2,50,64,31,110,127,83,48" hai2="58,18,134,26,120,39,41,19,0,121,103,47,101" hai3="112,96,25,28,23,5,130,27,20,3,14,94,67"/><U85/><E2/><V107/><F0/><W38/><G38/><T135/><D68/><U78/><E31/><V73/><F73/><W70/><G130/><T46/><D1/><U36/><E64/><V34/><F134/><N who="0" m="51242" /><D98/><U105/><E105/><V24/><F58/><W99/><G3/><T125/><D125/><N who="1" m="47627" /><E110/><V53/><F53/><W15/><G5/><T72/><D72/><U69/><E69/><V84/><F84/><W7/><G7/><T62/><D30/><U116/><E116/><V117/><F117/><W87/><G70/><T59/><D59/><U42/><E74/><V63/><F63/><N who="0" m="16130" /><T76/><DORA hai="75" /><D35/><U113/><E113/><V89/><F34/><W88/><G67/><T54/><D81/><U4/><E4/><V97/><F97/><N who="3" m="37451" /><G112/><T79/><D80/><U124/><N who="1" m="47635" /><U29/><DORA hai="91" /><E29/><AGARI ba="0,0" hai="14,15,20,23,25,27,28,29,87,88,94" m="37451" machi="29" ten="30,3900,0" yaku="8,1,52,1,54,1" doraHai="57,75,91" who="3" fromWho="1" sc="210,0,220,-39,340,0,230,39" /><INIT seed="2,0,0,1,4,84" ten="210,181,340,269" oya="2" hai0="9,22,56,24,123,32,76,23,108,35,94,81,62" hai1="98,89,69,25,75,132,121,37,29,26,99,83,79" hai2="41,118,110,21,5,86,59,7,85,117,15,47,88" hai3="1,13,133,46,80,43,50,120,129,127,17,20,102"/><V18/><F110/><W90/><G120/><T70/><D108/><U34/><E121/><V42/><F86/><N who="3" m="50503" /><G133/><T116/><D70/><U55/><E132/><V101/><F101/><W52/><G1/><T2/><D116/><U14/><E69/><V135/><F135/><W64/><G129/><T93/><D23/><U51/><E37/><V103/><F103/><W115/><G127/><T8/><D35/><U96/><E14/><V39/><F42/><N who="3" m="24919" /><G64/><T58/><D32/><U67/><E26/><V119/><REACH who="2" step="1"/><F59/><REACH who="2" ten="210,181,330,269" step="2"/><W113/><G113/><T131/><D56/><U30/><E30/><V11/><F11/><W4/><G43/><T125/><D8/><U31/><E31/><V126/><F126/><W82/><G102/><T63/><D9/><U6/><E6/><V97/><F97/><W38/><G4/><T109/><D109/><U134/><E134/><V71/><F71/><W61/><G115/><T105/><D58/><U60/><E96/><V130/><F130/><W49/><G61/><T112/><D62/><U72/><E60/><V100/><F100/><W19/><G38/><T3/><D63/><U111/><E111/><V36/><F36/><W78/><G20/><T122/><D22/><U92/><E67/><V48/><F48/><W16/><G13/><T73/><D125/><U128/><E128/><V68/><F68/><W53/><G49/><T106/><D131/><U124/><E124/><V91/><F91/><W28/><G28/><T104/><D112/><U54/><E99/><V107/><F107/><W114/><G114/><T45/><D106/><U12/><E34/><RYUUKYOKU ba="0,1" sc="210,-15,181,-15,330,15,269,15" hai2="5,7,15,18,21,39,41,47,85,88,117,118,119" hai3="16,17,19,52,53,78,82" /><INIT seed="2,1,1,0,0,53" ten="195,166,345,284" oya="2" hai0="96,11,9,99,70,65,48,129,110,2,28,12,114" hai1="86,3,105,49,102,119,34,77,37,115,16,23,35" hai2="21,17,30,126,67,88,64,29,33,4,6,121,100" hai3="98,20,108,62,13,117,85,15,5,101,124,120,79"/><V80/><F121/><W0/><G108/><T8/><D129/><U18/><E37/><V107/><F107/><W31/><G117/><T95/><D114/><U66/><E115/><V90/><F33/><W109/><G109/><T71/><D2/><U135/><E119/><V131/><F131/><W94/><G124/><T76/><D12/><U113/><E3/><V55/><F100/><W51/><G0/><T122/><D28/><N who="2" m="10858" /><F55/><W72/><G72/><T134/><D134/><U24/><E135/><V19/><F126/><W81/><G5/><N who="2" m="2153" /><F80/><W43/><G120/><T14/><D110/><U56/><E105/><V118/><F118/><W25/><G62/><T127/><D71/><U54/><E102/><V84/><F84/><W116/><G116/><T50/><D70/><U92/><E113/><V123/><F123/><W45/><AGARI ba="1,1" hai="13,15,20,25,31,43,45,51,79,81,85,94,98,101" machi="45" ten="30,2000,0" yaku="0,1,8,1" doraHai="53" who="3" fromWho="3" sc="195,-6,166,-6,345,-11,284,33" /><INIT seed="3,0,0,4,1,27" ten="189,160,334,317" oya="3" hai0="72,81,62,60,109,101,104,70,128,94,79,85,119" hai1="31,40,95,46,96,100,93,113,14,122,103,61,65" hai2="56,7,4,30,20,57,76,120,80,6,127,21,74" hai3="45,84,68,29,82,67,55,99,0,92,22,114,8"/><W105/><G105/><T91/><D109/><U87/><E122/><V126/><F120/><W90/><G68/><T77/><D128/><U131/><E113/><V117/><F117/><W133/><G133/><T32/><D70/><U34/><E131/><V130/><F130/><W49/><G67/><T118/><D32/><U37/><E14/><V26/><REACH who="2" step="1"/><F21/><REACH who="2" ten="189,160,324,317" step="2"/><W19/><G114/><T108/><D119/><U43/><E34/><V50/><F50/><W135/><G135/><T35/><D118/><U106/><E37/><V25/><F25/><N who="3" m="16567" /><G0/><T36/><D35/><U38/><E38/><V3/><F3/><W17/><G8/><T42/><D108/><U16/><E106/><V12/><F12/><W134/><G134/><T1/><D1/><U98/><E100/><AGARI ba="0,1" hai="17,19,45,49,55,82,84,90,92,99,100" m="16567" machi="100" ten="30,2900,0" yaku="8,1,52,1" doraHai="27" who="3" fromWho="1" sc="189,0,160,-29,324,0,317,39" /><INIT seed="3,1,0,1,1,59" ten="189,131,324,356" oya="3" hai0="74,50,11,14,108,21,76,61,127,106,126,85,78" hai1="19,84,9,17,131,29,56,36,120,0,134,58,43" hai2="26,38,15,55,44,68,10,71,31,3,105,103,124" hai3="109,135,75,39,69,47,82,16,81,117,113,42,41"/><W25/><G113/><T24/><D74/><U100/><E120/><V8/><F124/><W46/><G117/><T73/><D73/><U111/><E111/><V72/><F72/><W104/><G104/><T89/><D106/><U129/><E100/><V91/><F3/><W102/><G102/><T95/><D50/><U99/><E99/><V92/><F105/><W18/><G69/><T107/><D107/><U20/><E36/><V70/><F103/><W52/><G135/><T96/><D108/><U93/><E43/><V48/><F38/><W98/><G98/><T65/><D85/><U63/><E58/><V87/><REACH who="2" step="1"/><F15/><REACH who="2" ten="189,131,314,356" step="2"/><W33/><G75/><T32/><D127/><U110/><E0/><V130/><F130/><W57/><G109/><T6/><D126/><U125/><E110/><V115/><F115/><W34/><G25/><T62/><D32/><AGARI ba="1,1" hai="8,10,26,31,32,44,48,55,68,70,71,87,91,92" machi="32" ten="40,2600,0" yaku="1,1,53,1" doraHai="59" doraHaiUra="23" who="2" fromWho="0" sc="189,-29,131,0,314,39,356,0" /><INIT seed="4,0,0,2,4,106" ten="160,131,353,356" oya="0" hai0="131,16,132,79,68,74,35,42,24,30,8,73,27" hai1="44,46,96,3,127,78,63,39,107,98,99,34,111" hai2="49,60,0,26,94,65,103,37,13,9,133,20,1" hai3="80,69,7,89,88,126,12,72,77,38,18,134,25"/><T50/><D68/><U119/><E119/><V21/><F37/><W23/><G69/><T67/><D67/><U40/><E111/><V101/><F133/><W105/><G105/><T87/><D131/><U41/><E127/><V121/><F121/><W66/><G38/><T48/><D132/><U53/><E34/><V70/><F21/><W83/><G66/><T75/><D42/><U31/><E31/><V118/><F118/><W62/><G62/><T130/><D130/><U82/><E3/><V59/><F70/><W122/><G122/><T2/><D2/><U52/><E63/><V28/><F49/><W84/><G126/><T54/><D54/><U32/><E32/><V91/><F0/><W97/><G97/><T116/><D116/><U58/><E58/><V64/><F65/><W33/><G134/><T125/><D125/><U5/><E5/><V100/><F1/><W117/><G7/><T15/><REACH who="0" step="1"/><D27/><REACH who="0" ten="150,131,353,356" step="2"/><U90/><E107/><V19/><REACH who="2" step="1"/><F91/><REACH who="2" ten="150,131,343,356" step="2"/><W123/><G117/><T135/><D135/><U43/><E90/><V51/><F51/><W76/><G123/><T47/><D47/><N who="1" m="17963" /><E39/><V120/><F120/><W129/><G129/><T113/><D113/><U36/><E36/><V86/><F86/><AGARI ba="0,2" hai="40,41,43,52,53,78,82,86,96,98,99" m="17963" machi="86" ten="30,2000,0" yaku="8,1,54,1" doraHai="106" who="1" fromWho="2" sc="150,0,131,40,343,-20,356,0" /><INIT seed="5,0,0,3,1,106" ten="150,171,323,356" oya="1" hai0="80,26,74,48,35,73,89,54,15,16,122,51,59" hai1="60,18,11,107,39,134,115,75,119,97,53,116,43" hai2="45,50,99,47,112,67,114,19,2,46,77,0,113" hai3="20,88,38,87,125,86,95,66,128,117,123,27,37"/><U17/><E115/><V98/><F67/><W21/><G123/><T33/><D122/><U44/><E134/><V124/><F77/><W83/><G128/><T104/><D104/><U127/><E127/><V110/><F124/><W56/><G125/><T49/><D26/><U36/><E36/><V65/><F65/><W64/><G64/><T63/><D89/><U31/><E31/><V108/><F19/><W55/><G66/><T5/><D5/><U129/><E129/><V57/><F57/><W78/><G20/><T10/><REACH who="0" step="1"/><D80/><REACH who="0" ten="140,171,323,356" step="2"/><U105/><E107/><V7/><F7/><W34/><G117/><T41/><D41/><U32/><E105/><V68/><F68/><W109/><G109/><N who="2" m="42089" /><F50/><W94/><G94/><T9/><D9/><U102/><E43/><V40/><F40/><W133/><G133/><T30/><D30/><U120/><E11/><V84/><F84/><W69/><G69/><T135/><D135/><U111/><E120/><V28/><F28/><W14/><G87/><T1/><D1/><AGARI ba="0,1" hai="0,1,2,45,46,47,98,99,112,113,114" m="42089" machi="1" ten="40,8000,1" yaku="28,2,15,1,11,1" doraHai="106" who="2" fromWho="0" sc="140,-80,171,0,323,90,356,0" /><INIT seed="6,0,0,4,5,38" ten="60,171,413,356" oya="2" hai0="87,67,120,1,32,84,54,56,39,7,69,59,72" hai1="96,60,107,5,11,123,116,86,128,89,132,14,83" hai2="33,81,100,8,124,37,40,55,47,17,21,50,82" hai3="115,53,112,9,41,28,48,23,105,10,46,49,78"/><V135/><F124/><W92/><G105/><T110/><D32/><U43/><E116/><V65/><F135/><W126/><G78/><T131/><D110/><U24/><E86/><V13/><F33/><W102/><G126/><T95/><D120/><U22/><E89/><V18/><F65/><W130/><G130/><T108/><D108/><U34/><E83/><V97/><F37/><W45/><G28/><T57/><D72/><U16/><E22/><V0/><F55/><W20/><G20/><T98/><D39/><U74/><E16/><V106/><REACH who="2" step="1"/><F0/><REACH who="2" ten="60,171,403,356" step="2"/><W113/><G23/><T104/><D54/><U25/><E132/><V19/><F19/><W93/><G102/><T101/><D1/><U3/><E3/><V61/><F61/><W109/><G109/><T68/><D67/><U42/><E60/><V125/><F125/><W90/><REACH who="3" step="1"/><G93/><REACH who="3" ten="60,171,403,346" step="2"/><T64/><D95/><U27/><E34/><V30/><F30/><W73/><G73/><T118/><D131/><U44/><E74/><V51/><F51/><W85/><AGARI ba="0,2" hai="9,10,41,45,46,48,49,53,85,90,92,112,113,115" machi="85" ten="30,8000,1" yaku="1,1,0,1,15,1,11,1,52,1,53,0" doraHai="38" doraHaiUra="12" who="3" fromWho="3" sc="60,-20,171,-20,403,-40,346,100" /><INIT seed="7,0,0,2,2,36" ten="40,151,363,446" oya="3" hai0="116,103,43,97,89,7,106,124,32,1,96,37,31" hai1="58,35,22,52,13,9,86,121,25,29,40,68,105" hai2="6,61,60,48,11,41,28,56,49,81,5,127,125" hai3="130,132,63,87,113,24,47,126,50,44,100,76,55"/><W59/><G113/><T77/><D116/><U70/><E52/><V64/><F28/><W114/><G114/><T91/><D91/><U117/><E58/><V118/><F118/><W20/><G132/><T16/><D89/><U57/><E86/><V27/><F27/><W73/><G73/><T12/><D97/><U26/><E57/><V82/><F11/><W99/><G130/><T122/><D122/><U107/><E22/><V65/><REACH who="2" step="1"/><F56/><REACH who="2" ten="40,151,353,446" step="2"/><W101/><G59/><T66/><D66/><U30/><E26/><V90/><F90/><W129/><G24/><T17/><D124/><U112/><E25/><V15/><F15/><W115/><G126/><T83/><D12/><U78/><E13/><V123/><F123/><W21/><G115/><T18/><D31/><U88/><E29/><V93/><F93/><W95/><G95/><T131/><D32/><U14/><E30/><V34/><F34/><W108/><G20/><T120/><D131/><U109/><E88/><V104/><F104/><W69/><G21/><T19/><D120/><U51/><E105/><V134/><F134/><W46/><G129/><T94/><D106/><U45/><E107/><V133/><F133/><W42/><G101/><T110/><D110/><U53/><E35/><V74/><F74/><W2/><G100/><T72/><N who="0" m="4096" /><DORA hai="80" /><T39/><REACH who="0" step="1"/><D43/><AGARI ba="0,1" hai="5,6,41,43,48,49,60,61,64,65,81,82,125,127" machi="43" ten="25,8000,1" yaku="1,1,22,2,52,2,53,0" doraHai="36,80" doraHaiUra="4,75" who="2" fromWho="0" sc="40,-80,151,0,353,90,446,0" owari="-40,-54.0,151,-24.9,443,24.3,446,54.6" /></mjloggm>