<mjloggm ver="2.3"><GO type="169" lobby="0"/><UN n0="%E7%B4%99%E4%BB%A3%E3%81%AA%E3%81%A4%E3%82%81" n1="%73%65%37%37%65%6E" n2="%E3%83%9D%E3%83%B3%E3%83%9D%E3%82%B3%E5%95%86%E4%BA%8B" n3="%4B%61%74%65%31%39%39%39" dan="16,16,16,16" rate="2055.29,2051.76,2072.90,2132.79" sx="F,M,M,M"/><TAIKYOKU oya="0"/><INIT seed="0,0,0,1,5,115" ten="250,250,250,250" oya="0" hai0="118,76,15,110,65,22,89,114,52,82,3,93,1" hai1="128,30,35,117,92,78,37,105,88,86,67,79,20" hai2="64,91,116,41,13,106,6,120,122,84,32,58,4" hai3="85,129,75,51,21,2,127,70,34,14,125,59,7"/><T38/><D114/><U101/><E37/><V53/><F64/><W100/><G75/><T8/><D38/><U40/><E40/><V81/><F106/><W11/><G70/><T47/><D65/><U83/><E128/><V46/><F32/><W133/><G100/><T102/><D102/><U94/><E35/><V28/><F28/><W26/><G85/><T69/><D110/><U19/><E30/><V44/><F44/><W99/><G99/><T123/><D69/><U131/><E131/><V12/><F12/><W66/><G129/><T16/><D123/><U72/><E79/><V134/><F134/><W36/><G36/><T96/><D118/><U27/><E94/><V0/><F0/><W24/><G51/><N who="0" m="28799" /><D1/><U109/><E67/><V48/><F116/><W42/><G42/><T39/><D39/><U5/><E5/><V121/><REACH who="2" step="1"/><F13/><REACH who="2" ten="250,250,240,250" step="2"/><W25/><G133/><T87/><D3/><U71/><E117/><V56/><F56/><W61/><G34/><T45/><D45/><U10/><E71/><V80/><F80/><W55/><G66/><T68/><D68/><U43/><E109/><V29/><F29/><W108/><G108/><T73/><D73/><U31/><E31/><V98/><F98/><W9/><REACH who="3" step="1"/><G21/><AGARI ba="0,1" hai="8,15,16,21,22,76,82,87,89,93,96" m="28799" machi="21" ten="30,5800,0" yaku="8,1,54,2" doraHai="115" who="0" fromWho="3" sc="250,68,250,0,240,0,250,-58" /><INIT seed="0,1,0,4,4,118" ten="318,250,240,192" oya="0" hai0="122,18,107,114,126,56,70,74,96,62,117,101,5" hai1="127,95,82,19,106,73,58,89,90,39,29,111,44" hai2="50,31,115,71,85,121,64,116,32,25,119,66,14" hai3="4,94,102,128,133,33,27,10,84,79,30,65,53"/><T0/><D117/><N who="2" m="45130" /><F71/><W48/><G128/><T23/><D114/><U99/><E111/><V41/><F115/><W63/><G133/><T100/><D74/><U1/><E1/><V51/><F51/><W113/><G113/><T109/><D70/><U12/><E127/><V112/><F112/><W108/><G108/><T81/><D101/><U83/><E29/><V88/><F14/><W24/><G24/><T103/><D103/><U49/><E106/><V37/><F37/><W72/><G72/><T77/><D109/><U80/><E39/><V120/><F50/><W91/><G102/><T61/><D0/><U28/><E58/><V45/><F45/><W125/><G79/><T132/><D62/><U13/><E28/><V135/><F41/><W54/><G125/><T130/><D126/><U124/><E12/><V34/><F32/><W46/><G54/><T104/><D107/><U98/><E73/><V16/><F16/><W40/><G40/><T35/><D5/><U57/><E57/><V9/><F9/><W78/><G78/><T92/><D35/><U36/><E36/><V86/><F86/><W67/><REACH who="3" step="1"/><G63/><REACH who="3" ten="318,250,240,182" step="2"/><T43/><D61/><U26/><E26/><V76/><F76/><W129/><G129/><T15/><D43/><N who="1" m="24735" /><E124/><V47/><F135/><W52/><G52/><T105/><D130/><U68/><E89/><V11/><F47/><W6/><G6/><T2/><D105/><U134/><E134/><V21/><F34/><W123/><G123/><N who="2" m="47177" /><F11/><W7/><G7/><T55/><D122/><U3/><E90/><V93/><AGARI ba="1,1" hai="21,25,31,64,66,85,88,93" m="47177,45130" machi="93" ten="30,8000,1" yaku="12,1,52,3,54,1" doraHai="118" who="2" fromWho="2" sc="318,-41,250,-21,240,93,182,-21" /><INIT seed="1,0,0,0,2,98" ten="277,229,333,161" oya="1" hai0="100,29,4,6,108,115,66,126,112,103,42,80,107" hai1="97,129,87,49,132,91,37,125,59,57,123,3,68" hai2="65,12,85,27,74,52,46,105,92,21,133,38,114" hai3="54,72,113,5,55,11,25,53,2,56,73,121,14"/><U135/><E123/><V16/><F74/><W63/><G113/><T120/><D107/><U15/><E3/><V119/><F105/><W36/><G121/><T31/><D120/><U7/><E37/><V33/><F119/><W76/><G36/><T89/><D42/><U35/><E68/><V43/><F114/><N who="0" m="43562" /><D80/><U124/><E35/><V24/><F65/><W79/><G25/><T22/><D22/><U61/><E97/><V90/><F33/><W134/><G134/><N who="1" m="51242" /><E15/><V9/><F133/><W48/><G2/><T18/><D18/><U51/><E7/><N who="0" m="2601" /><D66/><N who="1" m="39215" /><E59/><V40/><F40/><W95/><G73/><T39/><D39/><U20/><E20/><V0/><F0/><W110/><G72/><T94/><D126/><N who="1" m="48747" /><E129/><V1/><F1/><W64/><G56/><T28/><D89/><U60/><E60/><V62/><F62/><W77/><G63/><T81/><D81/><AGARI ba="0,0" hai="49,51,81,87,91" m="48747,39215,51242" machi="81" ten="30,2900,0" yaku="20,1,18,1" doraHai="98" who="1" fromWho="0" sc="277,-29,229,29,333,0,161,0" /><INIT seed="1,1,0,1,5,82" ten="248,258,333,161" oya="1" hai0="102,123,106,64,74,133,8,24,15,83,13,60,109" hai1="62,68,55,127,78,97,126,105,10,70,98,134,125" hai2="27,53,113,47,115,135,5,130,31,69,90,38,17" hai3="120,30,118,111,91,129,132,76,42,18,67,43,121"/><U51/><E134/><V12/><F69/><W79/><G30/><T66/><D109/><U95/><E78/><V112/><F5/><W37/><G67/><T44/><D133/><U124/><E62/><V58/><F130/><W45/><G132/><T57/><D123/><U3/><E105/><V54/><F135/><W22/><G129/><T93/><D106/><U4/><E98/><V89/><F38/><W28/><G28/><T107/><D107/><U16/><E16/><V85/><F47/><W96/><G111/><T114/><D114/><U104/><E104/><V52/><F90/><W99/><G118/><T49/><D24/><U108/><E108/><V75/><F75/><W65/><G65/><T9/><D74/><U25/><E25/><V11/><F58/><W101/><G101/><T32/><D32/><U116/><E116/><V84/><F89/><W41/><G41/><T122/><D83/><U63/><E63/><V73/><F73/><W48/><G37/><T92/><D66/><U80/><E80/><V40/><F40/><W81/><G42/><N who="0" m="24727" /><D102/><N who="1" m="60735" /><E125/><V6/><F6/><W72/><G76/><T33/><D33/><AGARI ba="1,0" hai="11,12,17,27,31,33,52,53,54,84,85,112,113,115" machi="33" ten="50,8000,1" yaku="11,1,52,2,54,1" doraHai="82" who="2" fromWho="0" sc="248,-83,258,0,333,83,161,0" /><INIT seed="2,0,0,4,2,45" ten="165,258,416,161" oya="2" hai0="49,99,46,61,114,52,17,31,44,0,130,36,67" hai1="110,25,66,87,134,2,21,135,27,78,105,32,59" hai2="94,107,3,34,13,115,18,37,116,122,126,129,40" hai3="4,132,77,98,43,7,51,76,104,55,106,92,64"/><V10/><RYUUKYOKU type="yao9" ba="0,0" sc="165,0,258,0,416,0,161,0" hai2="3,10,13,18,34,37,40,94,107,115,116,122,126,129" /><INIT seed="2,1,0,5,3,10" ten="165,258,416,161" oya="2" hai0="135,42,80,66,56,36,110,44,29,109,27,62,126" hai1="87,104,130,4,127,47,134,60,111,33,86,99,18" hai2="108,71,103,23,70,5,0,131,93,32,57,67,11" hai3="96,95,54,63,13,15,38,41,79,102,35,3,117"/><V12/><F131/><W45/><G117/><T20/><D126/><U120/><E127/><V116/><F116/><W2/><G35/><T123/><D123/><U26/><E120/><V100/><F100/><W22/><G79/><T50/><D135/><U91/><E130/><V61/><F108/><W82/><G82/><T74/><D74/><U97/><E111/><N who="0" m="42505" /><D80/><U75/><E4/><V25/><F32/><W28/><G28/><T46/><D46/><U125/><E125/><V118/><F0/><W53/><G22/><T21/><D21/><U69/><E47/><V6/><F6/><W37/><G37/><AGARI ba="1,0" hai="20,27,29,36,37,42,44,50,56,62,66" m="42505" machi="37" ten="30,1000,0" yaku="14,1" doraHai="10" who="0" fromWho="3" sc="165,13,258,0,416,0,161,-13" /><INIT seed="3,0,0,1,1,59" ten="178,258,416,148" oya="3" hai0="116,76,12,125,8,52,114,1,18,103,108,69,117" hai1="79,30,17,49,122,129,16,43,123,54,81,94,78" hai2="37,57,27,112,10,134,110,50,40,126,85,41,13" hai3="19,61,53,21,5,101,65,131,55,33,77,92,82"/><W24/><G131/><T120/><D69/><U20/><E43/><V6/><F37/><W96/><G33/><T100/><D120/><U51/><E129/><V88/><F126/><W60/><G5/><T124/><D76/><U32/><E94/><V111/><F134/><W26/><G26/><T105/><D1/><U68/><E68/><V74/><F74/><W95/><G95/><T115/><D52/><N who="3" m="20041" /><G65/><T87/><D87/><AGARI ba="0,0" hai="19,21,24,60,61,77,82,87,92,96,101" m="20041" machi="87" ten="30,11600,0" yaku="8,1,52,2,54,1" doraHai="59" who="3" fromWho="0" sc="178,-116,258,0,416,0,148,116" /><INIT seed="3,1,0,3,1,79" ten="62,258,416,264" oya="3" hai0="69,49,117,42,46,119,44,118,12,34,9,45,120" hai1="27,54,5,68,108,111,113,105,99,135,134,7,83" hai2="129,72,63,122,50,6,8,123,110,11,70,132,71" hai3="102,90,114,95,97,32,126,92,96,107,48,130,30"/><W58/><G114/><T38/><D120/><U18/><E68/><V1/><F110/><N who="1" m="42025" /><E54/><V62/><F132/><N who="1" m="50729" /><E113/><V61/><F129/><W89/><G126/><T26/><D69/><U47/><E47/><V101/><F72/><W13/><G130/><T80/><D34/><U31/><E18/><V14/><F50/><W57/><G13/><T128/><D26/><U25/><E25/><V75/><F75/><W60/><G30/><T84/><D128/><U73/><E99/><V24/><F24/><W23/><G32/><T131/><D131/><U116/><E105/><V53/><F53/><W15/><G48/><T55/><D45/><U115/><E115/><V93/><F93/><W28/><G28/><T0/><D0/><U51/><E51/><V37/><F37/><W2/><G2/><T29/><D29/><U65/><E65/><V43/><F43/><W16/><REACH who="3" step="1"/><G60/><REACH who="3" ten="62,258,416,254" step="2"/><T76/><REACH who="0" step="1"/><D118/><REACH who="0" ten="52,258,416,254" step="2"/><U64/><E116/><V77/><F71/><W52/><G52/><T121/><D121/><U103/><E27/><V35/><F70/><W81/><G81/><T82/><D82/><U94/><E31/><V22/><F35/><W36/><G36/><T20/><D20/><U109/><E109/><V66/><F22/><W10/><G10/><T21/><D21/><U40/><E83/><V59/><F11/><W88/><G88/><T39/><D39/><U133/><E133/><V104/><F1/><W74/><G74/><T67/><D67/><U85/><E73/><V98/><F77/><W86/><AGARI ba="1,2" hai="15,16,23,57,58,86,89,90,92,95,96,97,102,107" machi="86" ten="20,7800,0" yaku="1,1,0,1,7,1,54,1,53,0" doraHai="79" doraHaiUra="4" who="3" fromWho="3" sc="52,-27,258,-27,416,-27,254,101" /><INIT seed="3,2,0,0,4,59" ten="25,231,389,355" oya="3" hai0="23,55,83,40,1,38,44,117,72,60,101,50,81" hai1="82,98,94,74,68,7,30,64,48,49,2,13,17" hai2="105,124,107,129,39,116,25,15,28,0,65,56,127" hai3="103,79,29,26,67,121,114,8,27,135,99,42,118"/><W84/><G118/><T52/><D117/><U132/><E132/><V119/><F39/><W106/><G121/><T19/><D1/><U70/><E30/><V63/><F0/><W58/><G114/><T104/><D104/><N who="2" m="40010" /><F15/><W85/><G135/><T18/><D101/><U100/><E7/><V92/><F92/><W113/><G113/><T91/><D72/><U126/><E2/><V14/><F14/><W109/><G8/><T32/><D32/><U16/><E70/><V77/><F77/><W21/><G42/><T115/><D115/><U46/><E17/><V47/><F47/><W78/><G109/><T71/><D19/><U123/><E126/><N who="2" m="48171" /><F129/><W102/><G102/><T11/><D11/><U90/><E46/><V76/><F76/><W75/><G79/><T134/><D134/><U45/><E45/><V128/><F128/><W10/><G10/><T20/><D20/><AGARI ba="2,0" hai="20,25,28,56,63,65,116,119" m="48171,40010" machi="20" ten="30,2000,0" yaku="18,1,52,1" doraHai="59" who="2" fromWho="0" sc="25,-26,231,0,389,26,355,0" owari="-1,-50.1,231,-16.9,415,51.5,355,15.5" /></mjloggm>