<mjloggm ver="2.3"><GO type="169" lobby="0"/><UN n0="%E8%8A%B1%E9%81%93%E6%A1%9C%E6%9C%A8" n1="%E3%81%8B%E3%81%A4%E3%81%BF%E3%82%93%E3%81%94%EF%BC%81" n2="%E8%8C%B6%E5%BA%A6" n3="%48%4F%4D%4F%E5%A5%B3" dan="16,16,16,16" rate="2136.70,2175.02,2120.24,2057.11" sx="M,M,M,M"/><TAIKYOKU oya="0"/><INIT seed="0,0,0,3,0,123" ten="250,250,250,250" oya="0" hai0="134,94,124,14,52,12,1,135,70,79,25,110,56" hai1="114,59,44,85,82,89,2,43,76,109,9,131,32" hai2="112,93,129,10,116,36,119,28,71,61,78,53,86" hai3="107,113,58,35,41,22,97,65,66,90,24,126,73"/><T98/><D70/><U15/><E32/><V3/><F36/><W117/><G117/><T49/><D1/><U39/><E131/><V27/><F112/><W7/><G126/><T83/><D124/><U62/><E114/><V38/><F38/><W60/><G73/><T96/><D25/><U17/><E2/><V42/><F42/><W128/><G128/><T115/><D115/><U130/><E130/><V101/><F129/><W57/><G7/><T75/><D110/><U48/><E39/><V103/><F78/><W74/><G74/><T122/><D122/><U47/><E47/><V80/><F53/><W106/><G41/><T72/><D72/><U51/><E51/><V91/><F103/><W64/><G35/><T19/><D98/><U81/><E109/><V105/><F93/><W46/><G46/><T118/><D118/><U92/><REACH who="1" step="1"/><E76/><REACH who="1" ten="250,240,250,250" step="2"/><V77/><F77/><W5/><G113/><T87/><D75/><U54/><AGARI ba="0,1" hai="9,15,17,43,44,48,54,59,62,81,82,85,89,92" machi="54" ten="20,8000,1" yaku="1,1,2,1,0,1,7,1,8,1,53,0" doraHai="123" doraHaiUra="31" who="1" fromWho="1" sc="250,-40,240,90,250,-20,250,-20" /><INIT seed="1,0,0,4,2,106" ten="210,330,230,230" oya="1" hai0="20,91,2,64,131,61,109,69,43,135,51,19,73" hai1="128,52,86,57,53,111,88,134,30,14,62,80,16" hai2="44,60,49,32,127,0,70,81,75,101,95,25,63" hai3="56,8,68,99,130,41,78,54,105,11,42,46,125"/><U15/><E128/><V110/><F0/><W45/><G125/><T77/><D2/><U115/><E134/><V102/><F110/><W65/><G78/><T48/><D109/><U3/><E115/><V97/><F102/><W121/><G121/><T37/><D131/><U108/><E3/><V116/><F116/><W28/><G28/><T12/><D135/><U7/><E30/><V126/><F25/><W34/><G34/><T103/><D103/><U123/><E123/><V40/><F32/><W133/><G133/><T1/><D1/><U84/><E7/><V6/><F6/><W55/><G99/><T129/><D91/><U22/><E14/><V92/><F92/><W50/><G105/><T9/><D129/><U59/><REACH who="1" step="1"/><E84/><REACH who="1" ten="210,320,230,230" step="2"/><V112/><F112/><W13/><G130/><T21/><D12/><U119/><E119/><V10/><F127/><W83/><G13/><T35/><D19/><U118/><E118/><V132/><F126/><W72/><G8/><T114/><D9/><U87/><E87/><V39/><F132/><W31/><G11/><T124/><D124/><U94/><E94/><V79/><F10/><W67/><G31/><T26/><D114/><U4/><E4/><V122/><F122/><W107/><G107/><T18/><D18/><U29/><E29/><V82/><F82/><W36/><G83/><T27/><D35/><U23/><E23/><V93/><F93/><W66/><G72/><T96/><D27/><U89/><E89/><V58/><F70/><W100/><G100/><T33/><D33/><U47/><E47/><N who="2" m="23967" /><F58/><W24/><G68/><RYUUKYOKU ba="0,1" sc="210,-15,320,15,230,15,230,-15" hai1="15,16,22,52,53,57,59,62,80,86,88,108,111" hai2="44,49,60,63,75,79,81,95,97,101" /><INIT seed="1,1,1,4,2,68" ten="195,335,245,215" oya="1" hai0="103,77,108,0,82,66,15,53,85,38,115,2,79" hai1="36,74,98,83,121,48,56,86,105,133,55,32,23" hai2="50,78,51,21,95,42,99,102,117,75,114,131,123" hai3="14,19,58,13,116,4,122,91,69,73,126,72,17"/><U119/><E133/><V67/><F117/><W18/><G122/><T54/><D115/><U130/><E130/><V20/><F123/><W100/><G116/><T3/><D108/><U40/><E119/><V10/><F67/><W43/><G69/><T9/><D66/><U41/><E32/><V16/><F131/><W65/><G126/><T97/><D79/><U112/><E112/><V64/><F64/><W57/><G100/><T87/><D85/><U120/><E74/><V12/><F114/><W88/><G43/><T62/><D62/><U89/><E41/><V30/><F30/><W101/><G101/><T113/><D113/><U11/><E23/><V132/><F132/><W47/><G47/><T84/><D84/><U22/><E11/><V37/><F20/><W109/><G4/><T29/><D29/><U28/><E105/><V104/><F10/><W6/><G6/><T106/><REACH who="0" step="1"/><D38/><REACH who="0" ten="185,335,245,215" step="2"/><U134/><E134/><V24/><F78/><W45/><G65/><T31/><D31/><U76/><E76/><V27/><F75/><W59/><G109/><T34/><D34/><U1/><E121/><V118/><F118/><W26/><G73/><T8/><D8/><U7/><E120/><V81/><F37/><W110/><G72/><T124/><D124/><U33/><E33/><V129/><F129/><W125/><G110/><T60/><D60/><U96/><E28/><V5/><F21/><W44/><G125/><T46/><D46/><N who="3" m="18025" /><G26/><T111/><D111/><U92/><E36/><V25/><F25/><W63/><G63/><T71/><D71/><U49/><E40/><RYUUKYOKU ba="1,2" sc="185,15,335,-15,245,-15,215,15" hai0="0,2,3,9,15,53,54,77,82,87,97,103,106" hai3="13,14,17,18,19,57,58,59,88,91" /><INIT seed="2,2,2,0,3,122" ten="200,320,230,230" oya="2" hai0="24,34,92,4,0,99,65,37,110,15,49,89,31" hai1="32,94,14,29,102,130,123,105,88,22,2,90,87" hai2="132,46,35,82,5,64,55,66,126,93,18,74,47" hai3="17,19,124,16,104,60,100,43,30,45,38,78,98"/><V28/><BYE who="1" /><F132/><UN n1="%E3%81%8B%E3%81%A4%E3%81%BF%E3%82%93%E3%81%94%EF%BC%81" /><W20/><G78/><T109/><D37/><U117/><E117/><V36/><F126/><W71/><G124/><T91/><D0/><U54/><E2/><V48/><F5/><W26/><REACH who="3" step="1"/><G30/><REACH who="3" ten="200,320,230,220" step="2"/><T114/><D114/><U118/><E29/><V83/><F28/><W52/><G52/><T63/><D91/><U9/><E88/><V79/><F55/><W3/><G3/><T121/><D121/><U128/><E54/><V23/><F79/><W59/><G59/><T106/><D89/><U67/><E123/><V69/><F66/><AGARI ba="2,3" hai="16,17,19,20,26,38,43,45,60,66,71,98,100,104" machi="66" ten="40,5200,0" yaku="1,1,54,1,53,1" doraHai="122" doraHaiUra="56" who="3" fromWho="2" sc="200,0,320,0,230,-58,220,88" /><INIT seed="3,0,0,0,1,57" ten="200,320,172,308" oya="3" hai0="37,62,56,135,92,33,115,106,119,75,70,60,78" hai1="35,38,29,44,45,41,111,3,36,123,20,130,82" hai2="127,59,21,69,120,77,2,103,7,99,11,13,93" hai3="66,47,89,108,1,68,55,58,25,113,121,42,104"/><W76/><G121/><T18/><D106/><U110/><E20/><V90/><F127/><W39/><G113/><T101/><D119/><U40/><E123/><V67/><F120/><W6/><G104/><T118/><D118/><U132/><E132/><V86/><F77/><W54/><G76/><T14/><D33/><U16/><E16/><V15/><F69/><W100/><G100/><T5/><D37/><U32/><E82/><V109/><F109/><W30/><G108/><T73/><D135/><U114/><E130/><V83/><REACH who="2" step="1"/><F21/><REACH who="2" ten="200,320,162,308" step="2"/><W133/><G68/><T94/><D78/><U80/><E114/><V81/><F81/><W23/><G133/><T88/><D115/><U26/><E80/><V122/><F122/><W61/><REACH who="3" step="1"/><G89/><REACH who="3" ten="200,320,162,298" step="2"/><T107/><D70/><U63/><E111/><V27/><F27/><W65/><G65/><T84/><D88/><U4/><E110/><V116/><F116/><W74/><G74/><T0/><D75/><U72/><E72/><V50/><F50/><W97/><G97/><T91/><D73/><U31/><E26/><V9/><F9/><AGARI ba="0,2" hai="1,6,9,23,25,30,39,42,47,54,55,58,61,66" machi="9" ten="40,3900,0" yaku="1,1,52,1,53,0" doraHai="57" doraHaiUra="96" who="3" fromWho="2" sc="200,0,320,0,162,-39,298,59" /><INIT seed="3,1,0,3,5,39" ten="200,320,123,357" oya="3" hai0="49,20,6,123,40,130,31,37,129,86,56,133,122" hai1="18,16,120,5,68,38,96,110,121,100,65,41,12" hai2="85,32,60,64,22,115,134,106,43,9,24,75,105" hai3="67,63,83,97,61,109,114,35,52,0,21,71,2"/><W72/><G114/><T33/><D33/><U53/><E110/><V99/><F75/><W74/><G35/><T92/><D6/><U11/><E53/><V135/><F115/><W59/><G109/><T78/><D31/><U44/><E68/><V1/><F85/><W98/><G21/><T118/><D20/><U19/><REACH who="1" step="1"/><E65/><REACH who="1" ten="200,310,123,357" step="2"/><V7/><F64/><W125/><G125/><T89/><D123/><U113/><E113/><V15/><F135/><W46/><G46/><T94/><D122/><U13/><E13/><V119/><F134/><W124/><G124/><T81/><D133/><U10/><E10/><V47/><F15/><W34/><G0/><T3/><D3/><U55/><E55/><V17/><F9/><W14/><G2/><T25/><D130/><U128/><E128/><V66/><F66/><W77/><G14/><T45/><D129/><U102/><E102/><V103/><F103/><W88/><G34/><T76/><D45/><U116/><E116/><V79/><F119/><W70/><G71/><T50/><D118/><U69/><E69/><V28/><F32/><W132/><G132/><T51/><D25/><U4/><E4/><V30/><F7/><W107/><G107/><AGARI ba="1,1" hai="5,11,12,16,18,19,38,41,44,96,100,107,120,121" machi="107" ten="40,8000,1" yaku="1,1,52,1,54,1,53,1" doraHai="39" doraHaiUra="93" who="1" fromWho="3" sc="200,0,310,93,123,0,357,-83" /><INIT seed="4,0,0,2,3,26" ten="200,403,123,274" oya="0" hai0="86,13,84,58,109,1,66,30,60,100,113,43,126" hai1="93,85,2,123,24,102,19,107,68,6,120,82,95" hai2="89,96,124,16,56,8,22,90,104,129,62,40,23" hai3="37,108,101,4,44,7,73,59,3,57,69,48,45"/><T28/><D1/><U33/><E68/><V9/><F124/><W114/><G114/><T0/><D0/><U125/><E125/><V131/><F40/><W29/><G108/><T25/><D113/><U121/><E107/><V35/><F35/><W17/><G73/><T122/><D122/><U118/><E118/><V132/><F132/><W130/><G130/><T97/><D126/><U83/><E102/><V112/><F112/><W78/><G78/><T27/><D109/><U5/><E2/><V127/><F127/><W52/><G69/><T15/><D43/><U55/><E55/><V54/><F23/><W67/><G3/><T34/><D15/><U20/><E33/><V98/><F96/><W110/><G101/><T115/><D13/><U75/><E75/><V46/><F46/><W133/><G133/><T88/><D115/><U106/><E106/><V111/><F90/><W94/><G94/><T21/><REACH who="0" step="1"/><D88/><REACH who="0" ten="190,403,123,274" step="2"/><U49/><E121/><V63/><F111/><W99/><G110/><T103/><D103/><U11/><E123/><V53/><F89/><W32/><G99/><T72/><D72/><U18/><E120/><V10/><F98/><W76/><G76/><T31/><D31/><U12/><E12/><V77/><F77/><W36/><G29/><T61/><D61/><U119/><E119/><V51/><F63/><W50/><G4/><T91/><D91/><U71/><E5/><V87/><F87/><W38/><G7/><T41/><D41/><U81/><E85/><V128/><F128/><W70/><G17/><N who="1" m="6154" /><E6/><V79/><F131/><W116/><G116/><RYUUKYOKU ba="0,1" sc="190,30,403,-10,123,-10,274,-10" hai0="21,25,27,28,30,34,58,60,66,84,86,97,100" /><INIT seed="4,1,1,2,3,23" ten="220,393,113,264" oya="0" hai0="113,52,41,51,11,103,118,120,101,82,131,119,96" hai1="55,98,64,79,32,45,40,116,130,67,69,85,4" hai2="7,99,117,132,20,12,135,111,133,31,36,16,26" hai3="48,105,54,70,10,108,59,125,28,63,61,92,57"/><T75/><D113/><U34/><E116/><V14/><F36/><W18/><G108/><T83/><D120/><U74/><E74/><V38/><F38/><W1/><G105/><T129/><D41/><U112/><E130/><N who="0" m="49673" /><D11/><U77/><E112/><V109/><F99/><W104/><G104/><N who="0" m="63527" /><D103/><U102/><E4/><V90/><F90/><W44/><G125/><T124/><D124/><U95/><E55/><V49/><F49/><W27/><G70/><T115/><D115/><U25/><E69/><V35/><F117/><N who="0" m="44554" /><D75/><U13/><E102/><V86/><F86/><W30/><G1/><T88/><D88/><U122/><E85/><V19/><F7/><W68/><G68/><T127/><D127/><U60/><E40/><V80/><F80/><W71/><G71/><T110/><D110/><U93/><E122/><V56/><F56/><AGARI ba="1,1" hai="51,52,56,82,83" m="44554,63527,49673" machi="56" ten="30,2900,0" yaku="19,1,54,1" doraHai="23" who="0" fromWho="2" sc="220,42,393,0,113,-32,264,0" /><INIT seed="4,2,0,0,3,113" ten="262,393,81,264" oya="0" hai0="23,120,126,87,74,110,8,71,100,19,70,117,109" hai1="95,65,93,92,86,129,36,60,3,107,53,67,7" hai2="57,127,6,49,14,88,35,12,124,33,59,5,75" hai3="80,51,83,43,22,101,15,25,104,38,122,98,108"/><T85/><D74/><U68/><E107/><V29/><F75/><W58/><G122/><T119/><D120/><U63/><E129/><V82/><F49/><W54/><G108/><N who="0" m="41579" /><D100/><U114/><E114/><V44/><F44/><W66/><G66/><T105/><D105/><U73/><E73/><V16/><F29/><W112/><G112/><T10/><D126/><U61/><E36/><V133/><F133/><W1/><G1/><T135/><D135/><U72/><E72/><V50/><F50/><W69/><G69/><N who="0" m="26123" /><D10/><U56/><E3/><V62/><F62/><N who="1" m="24169" /><E68/><V132/><F132/><W21/><G38/><T55/><D8/><U102/><E7/><V0/><F0/><W34/><G43/><T111/><D55/><U41/><E41/><V76/><F76/><W4/><G34/><T78/><D111/><U26/><E102/><V96/><F96/><W99/><G99/><T40/><D40/><U134/><E134/><V116/><F82/><W79/><G79/><T31/><D31/><U18/><E86/><N who="0" m="32777" /><D78/><U89/><E89/><V28/><F28/><W17/><G4/><T9/><D9/><U42/><E42/><V46/><F88/><W130/><REACH who="3" step="1"/><G130/><REACH who="3" ten="262,393,81,254" step="2"/><T37/><D37/><U90/><E90/><V81/><F5/><W131/><G131/><T32/><D32/><U123/><E123/><V128/><F6/><W48/><G48/><T84/><D84/><U97/><E97/><V115/><F128/><W24/><G24/><AGARI ba="2,1" hai="19,23,24,117,119" m="32777,26123,41579" machi="24" ten="30,5800,0" yaku="10,1,52,2" doraHai="113" who="0" fromWho="3" sc="262,74,393,0,81,0,254,-64" /><INIT seed="4,3,0,2,5,133" ten="336,393,81,190" oya="0" hai0="16,128,66,80,15,6,90,85,13,115,113,52,123" hai1="60,69,41,87,78,0,94,8,48,5,76,117,63" hai2="1,122,127,47,101,34,67,39,51,54,22,57,71" hai3="130,2,74,45,25,32,18,129,119,126,95,104,31"/><T21/><D123/><U50/><E117/><V100/><F34/><W84/><G104/><T62/><D128/><N who="3" m="49257" /><G74/><T81/><D81/><U73/><E73/><V75/><F1/><W109/><G109/><T61/><D61/><U65/><E63/><N who="2" m="40447" /><F22/><W116/><G2/><T3/><D3/><U9/><E9/><V103/><F75/><W55/><G18/><T93/><D80/><U64/><E64/><V4/><F4/><W26/><G26/><T33/><D33/><U86/><E41/><N who="2" m="22975" /><F122/><W83/><G95/><T124/><D124/><AGARI ba="3,0" hai="51,54,57,100,101,103,124,127" m="22975,40447" machi="124" ten="30,3900,0" yaku="24,1,52,2" doraHai="133" who="2" fromWho="0" sc="336,-48,393,0,81,48,190,0" /><INIT seed="5,0,0,3,3,0" ten="288,393,129,190" oya="1" hai0="59,25,106,104,84,71,122,45,80,44,21,11,114" hai1="4,29,92,81,3,46,14,102,101,89,63,41,5" hai2="115,19,123,68,38,6,8,52,17,18,34,127,85" hai3="109,88,2,13,30,23,43,133,20,62,135,10,90"/><U131/><E3/><V49/><F38/><W111/><G43/><T103/><D71/><U75/><E131/><V119/><F34/><W93/><G2/><T36/><D114/><U40/><E29/><V129/><F68/><W48/><G62/><T94/><D122/><U79/><E63/><V60/><F119/><W33/><G48/><T42/><D59/><U126/><E126/><V83/><F127/><W97/><G90/><T15/><D45/><U55/><E55/><V98/><F129/><W130/><G130/><T9/><D94/><U118/><E41/><V113/><F123/><W105/><G105/><T76/><D103/><U1/><E1/><N who="2" m="79" /><F98/><W91/><G91/><T32/><D32/><U39/><E118/><V64/><F64/><W124/><G124/><T117/><D9/><U108/><E108/><N who="3" m="41546" /><G33/><T70/><D70/><U121/><E121/><V26/><F26/><W134/><G30/><T73/><D73/><U74/><E75/><V125/><F60/><W51/><G51/><T28/><REACH who="0" step="1"/><D117/><REACH who="0" ten="278,393,129,190" step="2"/><U78/><E102/><V12/><F125/><W61/><G61/><T77/><D77/><U110/><E110/><V47/><F83/><W27/><G134/><T107/><D107/><U54/><E101/><V100/><F100/><W95/><G133/><T56/><D56/><U67/><E79/><V82/><F115/><W66/><G135/><T37/><D37/><U31/><E39/><V96/><F113/><W120/><G120/><T132/><D132/><U86/><E74/><V87/><F47/><W50/><G95/><T7/><AGARI ba="0,1" hai="7,11,15,21,25,28,36,42,44,76,80,84,104,106" machi="7" ten="20,5200,0" yaku="1,1,0,1,7,1,52,1,53,0" doraHai="0" doraHaiUra="128" who="0" fromWho="0" sc="278,62,393,-26,129,-13,190,-13" /><INIT seed="6,0,0,5,2,125" ten="340,367,116,177" oya="2" hai0="77,46,39,72,38,28,18,56,93,101,133,70,96" hai1="34,107,16,80,66,98,97,120,3,94,67,123,55" hai2="51,129,59,109,81,99,15,89,27,0,84,63,116" hai3="76,43,54,10,40,75,9,102,79,53,14,30,58"/><V57/><F0/><W103/><G30/><T17/><D70/><U71/><E34/><V110/><F116/><W130/><G75/><T122/><D122/><N who="1" m="46635" /><E3/><V65/><F27/><W35/><G35/><T50/><D133/><U128/><E128/><V33/><F33/><W112/><G58/><T126/><D126/><U20/><E80/><V135/><F135/><W7/><G14/><T61/><D28/><U24/><E107/><V52/><F129/><W48/><G48/><T6/><D6/><U25/><E97/><V21/><REACH who="2" step="1"/><F99/><REACH who="2" ten="340,367,106,177" step="2"/><W100/><G130/><T12/><D96/><U4/><E25/><V32/><F32/><W132/><G132/><T115/><D12/><U69/><E98/><V42/><F42/><W31/><G112/><T23/><D115/><U47/><E24/><V68/><F68/><W1/><G1/><T78/><D101/><U36/><E69/><V62/><F62/><W114/><G114/><T113/><D61/><U131/><E131/><V105/><F105/><W90/><G43/><T45/><D113/><U106/><E106/><V83/><F83/><W19/><G40/><T91/><D93/><U29/><E94/><V60/><F60/><W95/><G100/><T74/><D50/><U86/><E71/><V104/><F104/><W108/><G102/><T82/><D82/><U2/><E2/><V121/><F121/><W92/><G103/><T37/><D37/><U88/><E36/><V49/><F49/><W64/><G31/><T134/><D134/><U119/><E29/><V13/><F13/><W44/><G79/><T111/><D78/><RYUUKYOKU ba="0,1" sc="340,-10,367,-10,106,30,177,-10" hai2="15,21,51,52,57,59,63,65,81,84,89,109,110" /><INIT seed="6,1,1,1,1,22" ten="330,357,136,167" oya="2" hai0="5,130,117,101,20,17,95,19,73,126,85,4,86" hai1="3,9,44,103,38,6,50,54,115,28,25,80,89" hai2="87,134,67,18,26,59,42,34,62,135,114,29,8" hai3="41,71,93,97,60,123,12,70,119,32,113,104,91"/><V118/><F118/><W49/><G119/><T65/><D117/><U133/><E115/><V94/><F114/><W120/><G113/><T102/><D73/><U106/><E133/><V99/><F42/><W27/><G71/><T122/><D122/><U74/><E38/><V128/><F87/><W15/><G15/><T45/><D130/><U21/><E106/><V10/><F128/><W2/><G2/><T37/><D126/><U98/><E74/><V100/><REACH who="2" step="1"/><F18/><REACH who="2" ten="330,357,126,167" step="2"/><W24/><G120/><T78/><D19/><U77/><E98/><V129/><F129/><W61/><G123/><T90/><D86/><U35/><E77/><V52/><F52/><W124/><G124/><T0/><D78/><U46/><E54/><V127/><F127/><W64/><G41/><T111/><D17/><U40/><E40/><V47/><F47/><W30/><G64/><T112/><D65/><U39/><E46/><V131/><F131/><W1/><G30/><T92/><D45/><U116/><E116/><V105/><F105/><W110/><G104/><T55/><D55/><U7/><E28/><V88/><F88/><W84/><G91/><T51/><D90/><U16/><E44/><V108/><F108/><W68/><G84/><T48/><D85/><U75/><E16/><V121/><F121/><W53/><G110/><T81/><D112/><U23/><E89/><V57/><F57/><W56/><G56/><T43/><D43/><U36/><E75/><V72/><F72/><W125/><G53/><T109/><D111/><U63/><E80/><V14/><F14/><W82/><G12/><RYUUKYOKU ba="1,2" sc="330,-10,357,-10,126,30,167,-10" hai2="8,10,26,29,34,59,62,67,94,99,100,134,135" /><INIT seed="6,2,2,4,1,104" ten="320,347,156,157" oya="2" hai0="100,16,70,10,63,51,106,25,41,98,93,111,112" hai1="3,116,39,97,121,35,94,49,119,91,15,22,120" hai2="34,88,128,127,24,0,28,55,38,17,101,40,5" hai3="59,87,131,12,132,18,64,129,23,95,21,75,103"/><V126/><F128/><N who="3" m="49227" /><G132/><T134/><D111/><U135/><E39/><V31/><F101/><W33/><G33/><T92/><D134/><U81/><E3/><V30/><F55/><W84/><G75/><T37/><D37/><U90/><E35/><V122/><F122/><N who="1" m="47209" /><E135/><V72/><F72/><W58/><G23/><T47/><D112/><U107/><E107/><V96/><F17/><W117/><G117/><T1/><D1/><U86/><E49/><V102/><F102/><W124/><G124/><N who="2" m="47657" /><F40/><W110/><G110/><T11/><D11/><U29/><E29/><N who="2" m="11371" /><F38/><W82/><G64/><T8/><D8/><U109/><E109/><V48/><F48/><W62/><G62/><T67/><REACH who="0" step="1"/><D25/><REACH who="0" ten="310,347,156,157" step="2"/><U7/><E7/><V85/><F0/><W20/><G21/><T44/><D44/><U52/><E22/><V99/><F5/><W53/><G20/><T78/><D78/><U83/><E15/><AGARI ba="2,3" hai="10,15,16,41,47,51,63,67,70,92,93,98,100,106" machi="15" ten="40,2600,0" yaku="1,1,54,1,53,0" doraHai="104" doraHaiUra="77" who="0" fromWho="1" sc="310,62,347,-32,156,0,157,0" /><INIT seed="7,0,0,4,2,61" ten="372,315,156,157" oya="3" hai0="94,127,24,48,125,68,123,33,66,4,44,93,126" hai1="26,82,52,98,100,1,23,92,34,72,85,7,109" hai2="16,43,28,56,27,67,59,95,130,10,90,86,102" hai3="60,45,20,57,6,0,39,73,108,131,89,124,25"/><W19/><G108/><T49/><D123/><U97/><E109/><V84/><F130/><W119/><G119/><T76/><D76/><U64/><E34/><V106/><F43/><W135/><G131/><T47/><D4/><U71/><E72/><V38/><F38/><W132/><G73/><T53/><D66/><U51/><E1/><V32/><F84/><W104/><G124/><T58/><D68/><U75/><E75/><V55/><F67/><W78/><G104/><T40/><D58/><U107/><E7/><V115/><F115/><W80/><G89/><T14/><D14/><U2/><E2/><V99/><F55/><W103/><G103/><T54/><D54/><U105/><E98/><V81/><F106/><W111/><G111/><T69/><D69/><U30/><E64/><V5/><F16/><W62/><G0/><AGARI ba="0,0" hai="0,5,10,27,28,32,56,59,81,86,90,95,99,102" machi="0" ten="30,1000,0" yaku="7,1" doraHai="61" who="2" fromWho="3" sc="372,0,315,0,156,10,157,-10" owari="372,47.2,315,11.5,166,-23.4,147,-35.3" /></mjloggm>