<mjloggm ver="2.3"><GO type="169" lobby="0"/><UN n0="%E7%9B%AE%E5%8A%9B%36%30" n1="%E6%BC%82%E3%81%86" n2="%67%6F%72%64%6F%6E%31%33" n3="%4D%75%64%46%6C%6F%77" dan="17,16,16,17" rate="2170.20,2108.81,2142.01,2176.69" sx="M,M,M,M"/><TAIKYOKU oya="0"/><INIT seed="0,0,0,4,0,9" ten="250,250,250,250" oya="0" hai0="106,11,45,73,82,35,117,131,116,20,55,16,87" hai1="67,72,46,96,130,135,40,97,111,24,91,14,75" hai2="115,60,90,0,49,25,89,4,76,109,88,132,112" hai3="77,98,30,123,38,107,128,27,99,84,120,58,95"/><T102/><D131/><U36/><E111/><V110/><F132/><W53/><G38/><T122/><D122/><N who="3" m="46633" /><G107/><T63/><D35/><U42/><E130/><V39/><F39/><W101/><G128/><T71/><D73/><U80/><E75/><V104/><F104/><W129/><G129/><T105/><D102/><U92/><E135/><V118/><F118/><W113/><G113/><T83/><D106/><U103/><E67/><V134/><F134/><W70/><G70/><T47/><D105/><U126/><E126/><V31/><F76/><W33/><G99/><T57/><D71/><U22/><E42/><V3/><F60/><N who="3" m="35919" /><G84/><T26/><D116/><U86/><E72/><V127/><F127/><W12/><G77/><T81/><D117/><U68/><E68/><V6/><F49/><W65/><G65/><T8/><D87/><U32/><E97/><V37/><F37/><W43/><G43/><T69/><D69/><U21/><E32/><V133/><F133/><W62/><G62/><T93/><D93/><U51/><E36/><V10/><F112/><W61/><G61/><T7/><REACH who="0" step="1"/><D8/><REACH who="0" ten="240,250,250,250" step="2"/><U100/><E100/><V114/><F10/><W13/><AGARI ba="0,1" hai="12,13,27,30,33,95,98,101" m="35919,46633" machi="13" ten="30,4000,0" yaku="13,1,52,2" doraHai="9" who="3" fromWho="3" sc="240,-20,250,-10,250,-10,250,50" /><INIT seed="1,0,0,0,1,3" ten="220,240,240,300" oya="1" hai0="37,23,71,69,21,59,68,30,62,66,111,107,67" hai1="118,84,80,54,124,50,128,88,64,112,29,51,49" hai2="25,75,10,15,104,99,46,32,77,97,76,14,34" hai3="57,2,70,123,119,130,12,8,48,61,96,17,60"/><U105/><E112/><V52/><F104/><W38/><G38/><T18/><D111/><U41/><E118/><V27/><F46/><W108/><G123/><T35/><D35/><U92/><E105/><V110/><F10/><W134/><G130/><T9/><D37/><U101/><E124/><V131/><F131/><W22/><G134/><T56/><D107/><U127/><E127/><V53/><REACH who="2" step="1"/><F75/><REACH who="2" ten="220,240,230,300" step="2"/><W44/><G44/><T95/><D9/><U85/><E128/><V7/><F7/><W100/><G8/><T55/><D23/><U39/><E39/><V125/><F125/><W81/><G22/><T89/><D30/><U6/><E29/><V26/><F26/><W31/><G31/><T135/><D135/><U126/><E126/><V79/><F79/><W40/><G119/><T121/><D121/><U133/><E133/><V43/><F43/><W87/><G40/><T98/><REACH who="0" step="1"/><D59/><REACH who="0" ten="210,240,230,300" step="2"/><N who="1" m="33231" /><E41/><V109/><AGARI ba="0,2" hai="14,15,25,27,32,34,52,53,76,77,97,99,109,110" machi="109" ten="25,8000,1" yaku="1,1,0,1,22,2,54,1,53,0" doraHai="3" doraHaiUra="102" who="2" fromWho="2" sc="210,-20,240,-40,230,100,300,-20" /><INIT seed="2,0,0,4,0,25" ten="190,200,330,280" oya="2" hai0="11,101,4,129,0,41,3,47,125,89,57,52,77" hai1="105,12,96,71,13,100,40,127,66,21,46,29,72" hai2="48,5,23,9,76,88,67,110,73,102,74,104,44" hai3="42,119,39,31,86,133,123,34,58,18,50,116,75"/><V118/><F118/><W114/><G75/><T65/><D129/><U131/><E72/><V111/><F67/><W87/><G123/><T14/><D125/><U130/><E127/><V17/><F102/><W15/><G133/><T20/><D65/><U19/><E13/><V63/><F104/><W10/><G114/><T99/><D89/><U1/><E1/><V45/><F63/><W103/><G103/><T59/><D57/><U124/><E124/><V126/><F45/><W82/><G39/><T90/><D90/><U94/><E105/><V97/><F76/><W6/><G87/><T49/><D20/><U33/><E71/><V68/><F68/><W16/><G116/><T26/><D26/><N who="1" m="18615" /><E66/><V53/><F126/><W78/><G119/><T60/><REACH who="0" step="1"/><D77/><REACH who="0" ten="180,200,330,280" step="2"/><U80/><E130/><V85/><F23/><W98/><G58/><T81/><D81/><U83/><E131/><V79/><F79/><W56/><G56/><T51/><D51/><N who="1" m="27079" /><E83/><V122/><F122/><W7/><G82/><T92/><AGARI ba="0,1" hai="0,3,4,11,14,41,47,49,52,59,60,92,99,101" machi="92" ten="20,12000,2" yaku="1,1,0,1,7,1,54,1,53,2" doraHai="25" doraHaiUra="32" who="0" fromWho="0" sc="180,130,200,-30,330,-60,280,-30" /><INIT seed="3,0,0,2,4,24" ten="310,170,270,250" oya="3" hai0="32,70,99,91,111,84,9,88,96,128,64,109,121" hai1="18,80,47,0,74,69,81,103,1,19,31,63,113" hai2="132,44,57,114,39,135,2,7,126,43,133,53,73" hai3="35,117,129,14,50,75,20,8,87,17,108,55,49"/><W94/><G117/><T52/><D121/><U22/><E113/><V90/><F73/><W107/><G107/><T98/><D128/><U12/><E1/><V72/><F72/><W3/><G75/><T27/><D64/><U62/><E0/><V131/><F7/><W51/><G129/><T29/><D70/><U23/><E69/><V38/><F2/><W120/><G35/><T93/><D9/><U59/><E103/><V112/><F90/><N who="3" m="53599" /><G120/><T21/><D32/><U37/><E74/><V76/><F76/><W115/><G115/><N who="2" m="44073" /><F131/><W95/><G108/><T122/><D122/><U42/><E62/><N who="2" m="36143" /><F126/><W15/><G95/><T46/><REACH who="0" step="1"/><D91/><REACH who="0" ten="300,170,270,250" step="2"/><U41/><E22/><V71/><F71/><W134/><G134/><T100/><D100/><U125/><E125/><V6/><F6/><N who="3" m="3351" /><G3/><T30/><D30/><U119/><E31/><V40/><F133/><W105/><G105/><T83/><D83/><U82/><E82/><V36/><F36/><W78/><G78/><T26/><D26/><U45/><E80/><V56/><F56/><AGARI ba="0,1" hai="15,17,20,49,50,51,55,56" m="3351,53599" machi="56" ten="30,2900,0" yaku="25,1,8,1" doraHai="24" who="3" fromWho="2" sc="300,0,170,0,270,-29,250,39" /><INIT seed="3,1,0,3,3,27" ten="300,170,241,289" oya="3" hai0="13,2,79,80,7,85,49,22,87,45,65,56,131" hai1="64,62,37,3,10,18,14,68,15,95,77,90,86" hai2="119,26,58,106,125,129,70,109,124,84,19,38,133" hai3="11,21,31,82,66,17,78,75,115,5,0,135,92"/><W16/><G115/><T83/><D131/><U33/><E37/><V126/><F84/><W23/><G135/><T41/><D2/><U93/><E33/><V53/><F106/><W118/><G118/><T60/><D22/><U103/><E77/><V134/><F119/><W44/><G66/><T97/><D97/><U32/><E32/><V52/><F19/><W29/><G92/><T99/><D99/><U69/><E3/><V59/><F26/><W28/><G44/><T12/><REACH who="0" step="1"/><D7/><REACH who="0" ten="290,170,241,289" step="2"/><U71/><E103/><V24/><F129/><W40/><G23/><T105/><D105/><U132/><E132/><V43/><F133/><W108/><G108/><T50/><D50/><U57/><REACH who="1" step="1"/><E15/><REACH who="1" ten="290,160,241,289" step="2"/><V128/><F134/><W130/><G130/><T116/><D116/><U98/><E98/><V73/><F128/><W127/><G0/><T104/><D104/><U102/><E102/><V51/><F51/><W122/><G122/><T121/><D121/><U47/><E47/><V111/><F111/><W81/><G127/><T89/><AGARI ba="1,2" hai="12,13,41,45,49,56,60,65,79,80,83,85,87,89" machi="89" ten="20,8000,1" yaku="1,1,0,1,7,1,8,1,53,1" doraHai="27" doraHaiUra="61" who="0" fromWho="0" sc="290,103,160,-21,241,-21,289,-41" /><INIT seed="4,0,0,5,4,100" ten="393,139,220,248" oya="0" hai0="116,81,26,106,134,88,61,83,90,89,22,45,50" hai1="11,124,135,107,66,102,73,52,16,15,133,86,5" hai2="112,35,123,71,63,29,54,37,60,93,56,130,0" hai3="118,108,59,3,80,128,47,87,76,14,41,27,69"/><T44/><D116/><U19/><E73/><V82/><F123/><W84/><G108/><T72/><D106/><U78/><E66/><V75/><F0/><W85/><G69/><T91/><D134/><N who="1" m="51211" /><E124/><V115/><F37/><W32/><G3/><T131/><D131/><U92/><E78/><N who="2" m="44383" /><F130/><W94/><G118/><T7/><D7/><U99/><E86/><V48/><F93/><W114/><G128/><T110/><D110/><U109/><E92/><V62/><F29/><W104/><G94/><T103/><D103/><U122/><E122/><V33/><F71/><W74/><G59/><T119/><D119/><U67/><E67/><V23/><F23/><W21/><G32/><T129/><D129/><U49/><E109/><V42/><F42/><W126/><G126/><T2/><D2/><U97/><E97/><V125/><F125/><W20/><G20/><T117/><D117/><U70/><E70/><V105/><F105/><W101/><G104/><T17/><D61/><U39/><E39/><V30/><F30/><W28/><G101/><T8/><D72/><U111/><E111/><V132/><F132/><W43/><G43/><T13/><N who="0" m="22528" /><DORA hai="113" /><T95/><D95/><U98/><E98/><V38/><F38/><W68/><G68/><T64/><D64/><U55/><E55/><V24/><F35/><W1/><G74/><T121/><D121/><U10/><E10/><V34/><F34/><W36/><G76/><T4/><D45/><AGARI ba="0,0" hai="5,11,15,16,19,45,49,52,99,102,107" m="51211" machi="45" ten="30,7700,0" yaku="20,1,52,1,54,2" doraHai="100,113" who="1" fromWho="0" sc="393,-77,139,77,220,0,248,0" /><INIT seed="5,0,0,4,1,26" ten="316,216,220,248" oya="1" hai0="33,80,16,121,10,56,77,4,71,130,109,119,81" hai1="63,85,12,34,32,50,111,3,8,101,103,99,107" hai2="133,47,123,15,25,40,102,76,89,49,41,1,9" hai3="87,46,43,5,6,122,128,105,115,88,61,23,74"/><U7/><E111/><V0/><F123/><W95/><G105/><T51/><D71/><U37/><E37/><V98/><F133/><W55/><G74/><T68/><D68/><U69/><E101/><V67/><F76/><W97/><G115/><T84/><D119/><U125/><E125/><V108/><F108/><W52/><G128/><T72/><D130/><U106/><E106/><V114/><F114/><W20/><G122/><T36/><D36/><U132/><E132/><V64/><F41/><W42/><G97/><T58/><D33/><U54/><E85/><V135/><F89/><W14/><G61/><T17/><D121/><U39/><E39/><V96/><F96/><W35/><G35/><T70/><D70/><U18/><E63/><V117/><F117/><W82/><G82/><T11/><D11/><U19/><E69/><V93/><F135/><W27/><G20/><T24/><D24/><U100/><E100/><V131/><F25/><W13/><G43/><T21/><D21/><U57/><E18/><V110/><F110/><W45/><G42/><T126/><D126/><U129/><E129/><V116/><F116/><W78/><G78/><T44/><D16/><U127/><E127/><V60/><F131/><W30/><G5/><T73/><D4/><U28/><E28/><V90/><F102/><W62/><G6/><T79/><D73/><U124/><E124/><V38/><F38/><W31/><G31/><T53/><D109/><U113/><E113/><V29/><F29/><W2/><G30/><T22/><D10/><AGARI ba="0,0" hai="3,7,8,10,12,19,32,34,50,54,57,99,103,107" machi="10" ten="30,1500,0" yaku="7,1" doraHai="26" who="1" fromWho="0" sc="316,-15,216,15,220,0,248,0" /><INIT seed="5,1,0,0,4,103" ten="301,231,220,248" oya="1" hai0="27,113,6,86,49,5,102,69,18,2,24,53,58" hai1="56,57,91,14,20,94,8,46,26,128,15,83,123" hai2="66,3,33,135,130,25,37,9,51,93,88,23,126" hai3="71,131,107,36,43,122,38,11,22,44,85,61,101"/><U106/><E106/><V65/><F37/><W99/><G122/><T75/><D75/><U7/><E123/><V104/><F33/><W28/><G131/><T52/><D69/><U29/><E128/><V30/><F130/><W110/><G110/><T19/><D113/><U31/><E83/><V63/><F126/><W115/><G115/><T34/><D102/><U116/><E116/><V12/><F3/><W16/><G28/><T80/><D2/><U105/><E105/><V112/><F135/><W129/><G129/><T89/><D34/><U90/><E31/><V121/><F104/><W73/><G73/><T81/><D80/><U127/><E127/><V117/><F117/><W108/><G11/><T74/><D74/><U97/><E91/><V59/><F51/><W39/><G85/><T100/><D100/><U132/><E132/><V48/><F48/><W55/><G108/><T134/><D53/><U78/><E78/><V125/><F125/><W77/><G77/><T64/><D64/><U35/><E46/><V72/><F72/><W92/><G92/><T118/><D118/><U62/><E62/><V70/><F112/><W17/><G17/><N who="0" m="6155" /><D134/><U133/><E133/><V32/><F32/><W87/><G87/><T60/><D60/><U50/><E50/><V13/><F121/><W4/><G4/><AGARI ba="1,0" hai="4,5,6,24,27,49,52,58,81,86,89" m="6155" machi="4" ten="30,2000,0" yaku="8,1,54,1" doraHai="103" who="0" fromWho="3" sc="301,23,231,0,220,0,248,-23" /><INIT seed="6,0,0,2,2,75" ten="324,231,220,225" oya="2" hai0="67,42,45,22,23,8,43,6,1,5,29,34,115" hai1="120,116,9,111,106,91,84,52,13,95,64,134,135" hai2="131,50,41,32,62,66,7,94,2,44,55,104,73" hai3="127,33,126,24,102,88,99,48,36,85,77,79,82"/><V110/><F104/><W60/><G36/><T128/><D67/><U20/><E111/><V97/><F32/><W90/><G90/><T35/><D45/><U125/><E116/><V130/><F73/><W70/><G48/><T68/><D68/><U108/><E108/><V122/><F110/><W78/><G70/><T133/><D115/><U124/><E120/><V47/><F7/><W74/><G60/><T100/><D100/><U121/><E121/><V101/><F2/><W112/><G112/><T38/><D38/><U118/><E106/><V76/><F76/><N who="3" m="29291" /><G24/><T27/><D43/><U107/><E107/><V113/><F113/><W69/><G69/><T123/><D42/><U72/><E72/><V11/><F122/><W54/><G54/><T17/><D123/><U57/><E64/><V21/><F41/><W10/><G10/><N who="0" m="2351" /><D133/><N who="1" m="50699" /><E118/><V86/><F11/><W46/><G46/><T96/><D96/><U83/><E95/><V31/><F47/><W65/><G65/><T56/><D56/><U98/><E98/><V40/><F40/><W129/><G33/><T59/><D59/><U81/><E20/><V109/><F109/><W53/><G53/><T71/><D71/><U25/><E25/><N who="2" m="16815" /><F86/><W103/><G99/><T26/><D35/><U93/><E57/><AGARI ba="0,0" hai="44,50,55,57,62,66,94,97,101,130,131" m="16815" machi="57" ten="30,1500,0" yaku="25,1" doraHai="75" who="2" fromWho="1" sc="324,0,231,-15,220,15,225,0" /><INIT seed="6,1,0,5,4,49" ten="324,216,235,225" oya="2" hai0="65,135,124,133,46,9,1,34,28,31,119,3,43" hai1="27,13,42,2,85,102,122,4,10,105,91,99,14" hai2="81,44,115,96,35,48,104,103,84,114,40,129,0" hai3="70,72,95,71,110,109,127,79,30,47,33,66,63"/><V29/><F0/><W92/><G127/><T53/><D65/><U32/><E122/><V68/><F68/><W112/><G71/><T24/><D124/><U18/><E42/><V58/><F129/><W22/><G33/><T55/><D31/><U93/><REACH who="1" step="1"/><E18/><REACH who="1" ten="324,206,235,225" step="2"/><V77/><F114/><W100/><G112/><T108/><D119/><U5/><E5/><V54/><F115/><W56/><G110/><T106/><D108/><U116/><E116/><V11/><F29/><AGARI ba="1,1" hai="2,4,10,13,14,27,29,32,85,91,93,99,102,105" machi="29" ten="40,2600,0" yaku="1,1,53,1" doraHai="49" doraHaiUra="25" who="1" fromWho="2" sc="324,0,206,39,235,-29,225,0" /><INIT seed="7,0,0,5,3,2" ten="324,245,206,225" oya="3" hai0="45,101,23,126,74,124,130,61,4,69,92,49,53" hai1="15,73,91,10,128,85,87,113,107,24,31,105,50" hai2="6,68,8,62,97,78,121,114,52,89,22,72,35" hai3="86,18,96,93,77,70,88,43,122,134,65,14,109"/><W123/><G134/><T133/><D74/><U33/><E73/><V21/><F35/><W108/><G43/><T1/><D130/><U37/><E37/><V103/><F114/><W51/><G51/><T83/><D83/><U71/><E87/><V13/><F121/><W125/><G125/><N who="0" m="48235" /><D23/><U0/><E71/><V39/><F39/><W9/><G77/><T34/><D34/><U82/><E113/><V54/><F89/><W11/><G11/><N who="0" m="2447" /><D133/><U25/><E128/><V28/><F78/><W44/><G44/><T127/><D127/><U112/><E112/><V119/><F119/><W64/><G86/><T84/><D101/><U117/><E117/><V75/><F75/><W79/><G79/><T30/><D30/><U120/><E120/><V118/><F72/><W135/><G135/><T36/><D36/><U16/><E25/><N who="2" m="16431" /><F118/><W41/><G122/><T66/><D84/><U90/><E90/><V129/><F129/><W67/><G123/><T106/><D92/><U99/><E99/><V132/><F132/><W27/><G27/><T3/><D3/><U29/><E29/><V104/><F22/><W46/><G70/><T57/><D106/><U110/><E0/><V59/><F68/><AGARI ba="0,0" hai="45,49,53,57,61,66,68,69" m="2447,48235" machi="68" ten="30,2000,0" yaku="18,1,52,1" doraHai="2" who="0" fromWho="2" sc="324,20,245,0,206,-20,225,0" owari="344,44.4,245,4.5,186,-31.4,225,-17.5" /></mjloggm>