<mjloggm ver="2.3"><GO type="169" lobby="0"/><UN n0="%4A%49%4D" n1="%E3%81%BB%E3%82%80%E3%82%89" n2="%E5%B9%BB%E6%B5%B7" n3="%E7%94%9F%E5%BE%92%E4%BC%9A%E3%80%90%E5%BA%8F%E3%80%91" dan="17,16,17,16" rate="2206.28,2085.68,2137.79,2116.81" sx="F,F,M,M"/><TAIKYOKU oya="0"/><INIT seed="0,0,0,4,4,15" ten="250,250,250,250" oya="0" hai0="90,85,56,28,27,109,63,102,62,124,47,72,10" hai1="69,123,40,129,84,0,42,83,70,81,77,110,24" hai2="105,117,3,6,57,71,20,130,34,97,31,103,50" hai3="80,13,67,11,115,64,41,66,89,23,43,75,2"/><T7/><D72/><U73/><E123/><V127/><F71/><W113/><G2/><T120/><D120/><U121/><E121/><V132/><F34/><W36/><G23/><T68/><D68/><U60/><E0/><V112/><F112/><W30/><G30/><T99/><D124/><U17/><E110/><V92/><F105/><W39/><G113/><T134/><D134/><U48/><E129/><V82/><F82/><W95/><G80/><T52/><D47/><U35/><E35/><V131/><F132/><W26/><G26/><T19/><D109/><U91/><E69/><V25/><F127/><W96/><G75/><T116/><D116/><U61/><E70/><V78/><F78/><W16/><REACH who="3" step="1"/><G115/><REACH who="3" ten="250,250,250,240" step="2"/><T12/><D28/><U86/><E73/><V106/><F20/><W4/><G4/><T55/><D27/><U51/><E24/><V111/><F25/><W21/><G21/><T88/><D7/><U135/><E135/><V118/><F31/><W125/><G125/><T104/><D85/><U98/><E77/><V33/><F33/><W58/><G58/><AGARI ba="0,1" hai="10,12,19,52,55,56,58,62,63,88,90,99,102,104" machi="58" ten="40,12000,1" yaku="9,1,52,1,54,2" doraHai="15" who="0" fromWho="3" sc="250,130,250,0,250,0,240,-120" /><INIT seed="0,1,0,0,3,53" ten="380,250,250,120" oya="0" hai0="3,12,44,100,39,78,120,124,111,30,107,50,134" hai1="16,128,42,11,8,117,13,133,129,64,52,91,10" hai2="49,82,93,135,9,51,84,95,22,108,99,72,92" hai3="67,18,29,54,26,27,25,102,58,116,130,32,105"/><T71/><D120/><U121/><E117/><V81/><F108/><W132/><G116/><T76/><D71/><U127/><E133/><V101/><F135/><W59/><G132/><T79/><D3/><U24/><E121/><V112/><F112/><W106/><G130/><N who="1" m="50282" /><E127/><V14/><F22/><W75/><G75/><T23/><D134/><U118/><E64/><V5/><F72/><W90/><G90/><T74/><D39/><U86/><E42/><V94/><REACH who="2" step="1"/><F82/><REACH who="2" ten="380,250,240,120" step="2"/><W97/><G106/><T110/><D74/><U6/><E118/><V98/><F98/><W40/><G40/><T114/><D114/><U17/><E6/><V83/><F83/><W19/><G19/><T20/><D111/><U41/><E17/><V7/><F7/><W65/><G18/><T37/><D23/><U77/><E24/><V57/><F57/><W123/><G123/><T62/><D20/><U2/><E10/><V68/><F68/><W61/><REACH who="3" step="1"/><G67/><REACH who="3" ten="380,250,240,110" step="2"/><T35/><D110/><U15/><E16/><V38/><F38/><W119/><G119/><T88/><D37/><U45/><E11/><V66/><F66/><W87/><G87/><T69/><D124/><U56/><E86/><V96/><F96/><W36/><G36/><T43/><D43/><U131/><E131/><V55/><F55/><W89/><G89/><AGARI ba="1,2" hai="5,9,14,49,51,81,84,89,92,93,94,95,99,101" machi="89" ten="40,2600,0" yaku="1,1,8,1,53,0" doraHai="53" doraHaiUra="33" who="2" fromWho="3" sc="380,0,250,0,240,49,110,-29" /><INIT seed="1,0,0,5,2,97" ten="380,250,289,81" oya="1" hai0="109,90,12,9,107,50,8,39,132,37,70,100,129" hai1="16,104,54,103,17,41,3,72,121,67,79,73,125" hai2="88,43,40,5,2,77,106,96,44,66,33,38,60" hai3="29,95,4,22,116,108,34,28,23,92,20,94,26"/><U128/><E121/><V31/><F43/><W76/><G4/><T42/><D70/><U75/><E3/><V30/><F77/><W87/><G108/><T45/><D109/><U83/><E128/><V120/><F120/><W114/><G114/><T117/><D117/><U55/><E125/><V63/><F63/><W13/><G116/><T133/><D129/><U36/><E67/><V84/><F5/><W11/><G34/><T81/><D8/><U53/><E36/><V91/><F2/><W0/><G0/><T131/><D131/><U118/><E41/><V59/><F33/><W32/><G32/><T65/><D65/><U14/><E118/><V99/><F91/><W15/><G11/><T51/><D51/><U122/><E122/><V61/><F61/><W24/><REACH who="3" step="1"/><G23/><REACH who="3" ten="380,250,289,71" step="2"/><T52/><D9/><U47/><E47/><V7/><F7/><W127/><G127/><T10/><D10/><U48/><E48/><V126/><F126/><W112/><G112/><T35/><D35/><U98/><REACH who="1" step="1"/><E14/><REACH who="1" ten="380,240,289,71" step="2"/><V82/><F44/><W74/><G74/><AGARI ba="0,2" hai="16,17,53,54,55,72,73,74,75,79,83,98,103,104" machi="74" ten="50,12000,1" yaku="1,1,2,1,52,1,54,1,53,0" doraHai="97" doraHaiUra="115" who="1" fromWho="3" sc="380,0,240,140,289,0,71,-120" owari="380,48.0,380,18.0,289,-11.1,-49,-54.9" /></mjloggm>