<mjloggm ver="2.3"><GO type="169" lobby="0"/><UN n0="%E4%BA%BA%E7%8B%BC" n1="%66%53" n2="%E3%82%B5%E3%83%96%E3%82%A2%E3%83%A9%E3%83%89" n3="%E3%81%A8%E3%81%A3%E3%81%A8%E3%83%BC" dan="16,16,16,16" rate="2057.47,2110.84,2043.04,2099.27" sx="M,M,M,M"/><TAIKYOKU oya="0"/><INIT seed="0,0,0,5,1,84" ten="250,250,250,250" oya="0" hai0="40,97,19,78,65,50,37,121,42,24,109,32,5" hai1="117,23,71,44,111,11,36,6,113,38,98,12,75" hai2="48,58,46,13,126,3,73,133,106,87,86,30,28" hai3="14,123,22,45,7,57,131,120,130,125,74,51,1"/><T16/><D121/><N who="3" m="46665" /><G74/><T29/><D78/><U70/><E117/><V90/><F73/><W33/><G57/><T104/><D37/><U20/><E75/><V95/><F3/><W72/><G72/><T52/><D5/><U96/><E111/><V18/><F106/><W59/><G59/><T17/><D65/><U112/><E6/><V54/><F126/><W49/><G33/><T26/><D26/><U99/><E11/><V27/><F27/><W62/><G62/><T128/><D128/><N who="3" m="49193" /><G45/><T53/><D109/><U115/><E12/><V83/><F133/><W114/><G114/><T8/><D8/><U66/><E66/><V9/><F58/><W103/><G103/><T2/><D2/><U56/><E56/><V85/><F85/><W132/><G132/><T88/><D104/><U4/><E4/><V116/><F116/><W89/><G89/><AGARI ba="0,0" hai="9,13,18,28,30,46,48,54,83,86,87,89,90,95" machi="89" ten="30,12000,2" yaku="7,1,25,2,8,1,52,2" doraHai="84" who="2" fromWho="3" sc="250,0,250,0,250,120,250,-120" /><INIT seed="1,0,0,1,0,117" ten="250,250,370,130" oya="1" hai0="85,15,115,59,133,132,134,98,114,121,81,29,30" hai1="107,41,76,55,130,123,18,77,32,19,64,120,126" hai2="84,71,118,131,39,91,67,10,37,94,99,69,135" hai3="40,92,62,125,54,7,38,6,103,89,68,28,53"/><U47/><E107/><V11/><F118/><W75/><G75/><T87/><D59/><U12/><E32/><V109/><F109/><W52/><G103/><T93/><D15/><U21/><E64/><V97/><F131/><W80/><G80/><T22/><D22/><U65/><E65/><V13/><F135/><W72/><G72/><T44/><D44/><U101/><E130/><V23/><F71/><W105/><G105/><T113/><D121/><U46/><E101/><V1/><F1/><W8/><G28/><T24/><D24/><U9/><E126/><V104/><F104/><W0/><G6/><T61/><D61/><U66/><E66/><V88/><F67/><W31/><G31/><T36/><D36/><U60/><E47/><V110/><F110/><W73/><G73/><T127/><D30/><U58/><E76/><V102/><F69/><W119/><G119/><T49/><D49/><U48/><REACH who="1" step="1"/><E77/><REACH who="1" ten="250,240,370,130" step="2"/><V74/><F102/><W106/><G106/><T16/><D127/><U51/><E51/><V63/><F39/><W83/><G125/><T79/><D29/><U33/><E33/><V82/><F37/><W108/><G108/><T45/><D45/><U17/><E17/><V124/><F124/><W26/><G68/><T86/><D16/><U4/><E4/><V14/><F63/><W100/><G62/><T57/><D57/><U3/><E3/><V43/><F43/><W2/><G2/><T20/><D20/><U95/><E95/><V116/><F23/><W50/><G38/><T96/><D93/><U35/><E35/><V129/><F129/><RYUUKYOKU ba="0,1" sc="250,15,240,15,370,-15,130,-15" hai0="79,81,85,86,87,96,98,113,114,115,132,133,134" hai1="9,12,18,19,21,41,46,48,55,58,60,120,123" /><INIT seed="1,1,1,5,3,81" ten="265,255,355,115" oya="1" hai0="11,90,7,80,87,12,63,59,2,118,102,126,108" hai1="100,85,64,49,104,22,60,96,66,97,23,14,51" hai2="25,119,115,111,3,106,76,88,44,57,20,21,134" hai3="48,130,132,43,30,95,121,125,73,83,10,114,56"/><U5/><E64/><V58/><F119/><W35/><G121/><T89/><D108/><U8/><E97/><V129/><F111/><W67/><G114/><T45/><D126/><U38/><E38/><V99/><F3/><W103/><G35/><T31/><D118/><U70/><E23/><V92/><F115/><W98/><G125/><T46/><D102/><U29/><E29/><V62/><F129/><W101/><G101/><T94/><D31/><U9/><E22/><V110/><F110/><W15/><G30/><T72/><D2/><U6/><REACH who="1" step="1"/><E85/><REACH who="1" ten="265,245,355,115" step="2"/><V79/><F20/><W123/><G130/><T39/><D39/><U135/><E135/><V33/><F134/><W40/><G132/><T54/><D72/><U0/><AGARI ba="1,2" hai="0,5,6,8,9,14,49,51,60,66,70,96,100,104" machi="0" ten="20,3900,0" yaku="1,1,0,1,7,1,53,0" doraHai="81" doraHaiUra="24" who="1" fromWho="1" sc="265,-14,245,62,355,-14,115,-14" /><INIT seed="1,2,0,0,1,11" ten="251,307,341,101" oya="1" hai0="50,115,84,79,93,109,70,135,17,30,54,122,44" hai1="43,105,104,1,0,74,12,37,2,85,120,111,123" hai2="22,62,91,80,118,87,23,100,21,106,28,88,29" hai3="82,73,24,9,112,38,15,75,59,48,98,10,8"/><U47/><E74/><V55/><F118/><W92/><G38/><T69/><D115/><U110/><E85/><N who="2" m="50215" /><F100/><W72/><G112/><T86/><D109/><N who="1" m="41483" /><E12/><V19/><F106/><AGARI ba="2,0" hai="0,1,2,37,43,47,104,105,106,120,123" m="41483" machi="106" ten="40,7700,0" yaku="14,1,10,1,23,1" doraHai="11" who="1" fromWho="2" sc="251,0,307,83,341,-83,101,0" /><INIT seed="1,3,0,2,0,46" ten="251,390,258,101" oya="1" hai0="124,127,5,71,73,19,4,96,82,64,14,129,60" hai1="43,119,91,105,17,111,61,120,88,99,76,103,97" hai2="110,133,53,104,101,34,41,24,52,80,115,131,70" hai3="23,20,112,123,3,89,39,126,121,21,92,26,62"/><U132/><E120/><V83/><F110/><W63/><G112/><T67/><D67/><U16/><E111/><V58/><F115/><W95/><G3/><T113/><D113/><U66/><E119/><V74/><F70/><W102/><G39/><T49/><D96/><U28/><E132/><V65/><F131/><W78/><G126/><N who="0" m="48171" /><D129/><U77/><E28/><V86/><F133/><W56/><G78/><N who="0" m="44367" /><D49/><U130/><E130/><V55/><F41/><W8/><G8/><AGARI ba="3,0" hai="4,5,8,14,19,60,64,71" m="44367,48171" machi="8" ten="30,1000,0" yaku="18,1" doraHai="46" who="0" fromWho="3" sc="251,19,390,0,258,0,101,-19" /><INIT seed="2,0,0,4,4,32" ten="270,390,258,82" oya="2" hai0="114,47,115,120,124,48,75,9,15,103,26,123,61" hai1="11,87,53,79,20,130,102,54,16,46,125,14,8" hai2="58,12,22,113,56,6,51,121,101,73,23,86,4" hai3="109,110,95,88,89,2,28,37,62,128,106,18,0"/><V68/><F121/><W19/><G106/><T119/><D75/><U43/><E125/><V81/><F113/><W94/><G62/><T59/><D103/><U92/><E130/><V50/><F68/><W84/><G37/><T29/><D124/><U17/><E79/><V7/><F73/><W135/><G28/><T39/><D39/><U133/><E133/><V129/><F129/><W1/><G128/><T21/><D119/><U93/><E11/><V100/><F12/><W127/><G127/><T30/><D30/><U63/><E87/><V33/><F33/><W83/><G135/><T104/><D104/><U90/><E102/><N who="2" m="39531" /><F81/><W69/><G83/><T99/><D99/><N who="1" m="57751" /><E63/><V64/><F86/><W41/><G41/><T49/><D114/><U36/><E36/><V38/><F38/><W52/><G69/><T10/><D10/><U98/><E46/><V66/><F58/><W134/><G134/><T57/><D59/><U116/><E98/><V74/><F74/><W45/><G0/><T122/><D47/><U97/><E97/><V34/><F34/><W117/><G84/><T76/><D76/><U108/><E14/><V65/><F56/><W80/><G80/><T71/><D71/><U107/><E107/><V131/><F131/><W67/><G45/><T72/><D72/><U112/><E93/><V31/><F31/><W105/><G105/><T3/><D115/><U27/><E116/><V70/><F70/><W85/><G85/><T42/><D42/><U118/><E112/><V82/><F82/><W24/><G117/><T91/><D122/><U96/><E118/><RYUUKYOKU ba="0,0" sc="270,-10,390,-10,258,30,82,-10" hai2="4,6,7,22,23,50,51,64,65,66" /><INIT seed="2,1,0,2,1,113" ten="260,380,288,72" oya="2" hai0="54,6,101,37,38,73,85,2,118,104,133,66,119" hai1="106,40,134,97,39,128,24,3,100,116,87,50,105" hai2="22,90,114,123,32,88,12,80,78,44,93,126,0" hai3="60,31,68,77,135,121,36,59,53,58,125,23,25"/><V132/><F114/><W57/><G121/><T43/><D73/><U72/><E3/><V99/><F123/><W45/><G135/><T34/><D34/><U49/><E105/><V14/><F132/><W69/><G125/><T76/><D133/><U63/><E72/><V67/><F126/><W29/><G77/><T33/><D33/><U27/><E87/><V16/><F32/><W65/><G69/><T9/><D66/><U127/><E63/><V84/><F0/><W83/><G83/><N who="0" m="47335" /><D54/><U1/><E1/><V8/><F67/><W51/><REACH who="3" step="1"/><G31/><REACH who="3" ten="260,380,288,62" step="2"/><T48/><D104/><U4/><E127/><V129/><F129/><W75/><G75/><T122/><D122/><U98/><E106/><V120/><F120/><W52/><G52/><T110/><D110/><U30/><E128/><V46/><F78/><W13/><G13/><T19/><D38/><AGARI ba="1,1" hai="23,25,29,36,38,45,51,53,57,58,59,60,65,68" machi="38" ten="40,8000,1" yaku="1,1,53,3" doraHai="113" doraHaiUra="55" who="3" fromWho="0" sc="260,-83,380,0,288,0,62,93" /><INIT seed="3,0,0,0,4,111" ten="177,380,288,155" oya="3" hai0="9,53,94,133,99,121,64,106,19,35,82,24,118" hai1="113,89,56,5,76,51,61,120,134,101,38,87,58" hai2="21,71,57,66,46,79,69,88,128,6,105,132,124" hai3="22,119,14,54,36,3,20,108,33,123,41,4,67"/><W47/><G123/><T18/><D118/><U122/><E113/><V109/><F109/><W95/><G119/><T96/><D121/><U98/><E38/><V13/><F124/><W15/><G33/><T107/><D133/><U125/><E134/><V131/><F132/><W50/><G108/><T110/><D110/><U60/><E125/><V17/><F105/><W116/><G116/><T129/><D129/><N who="2" m="49738" /><F79/><W12/><G67/><T97/><D94/><N who="1" m="58583" /><E76/><V65/><F6/><W11/><REACH who="3" step="1"/><G95/><REACH who="3" ten="177,380,288,145" step="2"/><T78/><D64/><U63/><E120/><V135/><F66/><W29/><G29/><T31/><D53/><N who="1" m="31807" /><E122/><V7/><F135/><W16/><G16/><T90/><D107/><U37/><E5/><V2/><F7/><W39/><G39/><T85/><D106/><U52/><E37/><V92/><F65/><W55/><G55/><T74/><REACH who="0" step="1"/><D9/><REACH who="0" ten="167,380,288,145" step="2"/><U25/><E52/><V117/><F117/><W68/><G68/><T80/><AGARI ba="0,2" hai="18,19,24,31,35,74,78,80,82,85,90,96,97,99" machi="80" ten="30,4000,0" yaku="1,1,2,1,0,1,53,0" doraHai="111" doraHaiUra="43" who="0" fromWho="0" sc="167,60,380,-10,288,-10,145,-20" /><INIT seed="4,0,0,3,4,25" ten="227,370,278,125" oya="0" hai0="41,69,74,61,38,91,96,17,88,5,1,10,60" hai1="131,35,59,123,121,126,102,64,33,46,7,85,127" hai2="6,90,107,9,68,108,47,0,87,34,92,98,82" hai3="71,132,79,56,133,77,18,4,40,106,45,118,81"/><T93/><D74/><U104/><E7/><V66/><F108/><W109/><G109/><T65/><D60/><N who="1" m="37919" /><E131/><V70/><F34/><N who="1" m="12809" /><E46/><V3/><F3/><W84/><G106/><T112/><D112/><U53/><E53/><V67/><F107/><W14/><G71/><T36/><D41/><U80/><E102/><V95/><F95/><W99/><G79/><T129/><D129/><U51/><E51/><V52/><F70/><W16/><G118/><T22/><REACH who="0" step="1"/><D91/><REACH who="0" ten="217,370,278,125" step="2"/><N who="1" m="51623" /><E104/><V119/><F119/><W114/><G114/><T49/><D49/><U135/><E135/><V83/><F68/><W117/><G117/><T73/><D73/><U124/><AGARI ba="0,1" hai="121,123,124,126,127" m="51623,12809,37919" machi="124" ten="40,1500,0" yaku="18,1" doraHai="25" who="1" fromWho="1" sc="217,-7,370,25,278,-4,125,-4" /><INIT seed="5,0,0,3,3,23" ten="210,395,274,121" oya="1" hai0="66,95,55,2,103,27,32,75,79,132,117,91,127" hai1="1,47,49,98,63,115,6,134,107,54,72,106,50" hai2="89,96,86,81,62,109,22,104,68,19,80,28,36" hai3="70,99,69,48,105,116,121,76,110,57,82,12,40"/><U42/><E72/><V29/><F109/><W43/><G110/><T84/><D117/><U123/><E123/><V71/><F36/><W65/><G121/><T46/><D127/><U111/><E111/><V93/><F104/><W85/><G116/><T4/><D132/><U3/><E134/><V124/><F124/><W13/><G69/><T129/><D129/><U44/><E115/><V37/><F37/><W73/><G70/><T10/><D66/><U35/><E35/><V67/><F80/><W122/><G73/><T60/><D103/><U58/><E98/><V78/><REACH who="2" step="1"/><F71/><REACH who="2" ten="210,395,264,121" step="2"/><W125/><G125/><T130/><D130/><U112/><E106/><V53/><F53/><W17/><G122/><T31/><D55/><U97/><E112/><V88/><F88/><W33/><G65/><T131/><D131/><U0/><E107/><V94/><F94/><W74/><G40/><T135/><D135/><U18/><E54/><V14/><AGARI ba="0,1" hai="14,19,22,28,29,62,67,68,78,81,86,89,93,96" machi="14" ten="20,5200,0" yaku="1,1,0,1,7,1,53,1" doraHai="23" doraHaiUra="59" who="2" fromWho="2" sc="210,-13,395,-26,264,62,121,-13" /><INIT seed="6,0,0,1,2,46" ten="197,369,326,108" oya="2" hai0="72,29,26,2,13,20,89,15,21,7,5,77,71" hai1="108,33,0,4,112,56,9,125,32,87,12,39,86" hai2="123,81,65,109,120,94,98,42,27,99,101,28,50" hai3="69,132,83,119,67,91,51,122,63,78,113,130,90"/><V23/><F109/><W18/><G119/><T11/><D71/><U115/><E108/><V107/><F81/><W37/><G132/><T25/><D72/><U80/><E39/><V54/><F42/><W84/><G130/><T116/><D89/><U104/><E104/><V110/><F65/><W68/><G122/><T85/><D85/><N who="1" m="32267" /><E80/><V75/><F75/><W22/><G37/><T3/><D116/><U118/><E118/><V43/><F43/><W73/><G68/><T53/><D53/><U64/><E125/><V126/><F126/><W14/><G113/><N who="1" m="43594" /><E0/><V129/><F129/><W131/><G131/><T111/><D111/><U97/><E97/><V6/><F6/><W41/><REACH who="3" step="1"/><G73/><REACH who="3" ten="197,369,326,98" step="2"/><T62/><D77/><U48/><E64/><V61/><F110/><W79/><G79/><T70/><D70/><U135/><E135/><V117/><F117/><W128/><G128/><T134/><D134/><U66/><E66/><V57/><REACH who="2" step="1"/><F61/><REACH who="2" ten="197,369,316,98" step="2"/><W38/><G38/><T34/><D62/><U121/><E121/><V124/><F124/><W44/><AGARI ba="0,2" hai="14,18,22,41,44,51,63,67,69,78,83,84,90,91" machi="44" ten="30,4000,0" yaku="1,1,0,1,52,1,53,0" doraHai="46" doraHaiUra="103" who="3" fromWho="3" sc="197,-10,369,-10,316,-20,98,60" /><INIT seed="7,0,0,5,2,58" ten="187,359,296,158" oya="3" hai0="122,94,40,110,28,78,26,36,22,87,53,74,93" hai1="101,41,118,15,39,100,13,135,25,29,60,59,130" hai2="91,34,106,86,103,62,16,61,3,47,4,71,49" hai3="97,48,104,45,7,96,80,77,72,88,128,116,38"/><W85/><G128/><T14/><D110/><U55/><E130/><V126/><F71/><W79/><G116/><T63/><D122/><U1/><E1/><V2/><F34/><W105/><G38/><T67/><D74/><U0/><E0/><V33/><F33/><W124/><G7/><T83/><D53/><U119/><E135/><V5/><F126/><W92/><G124/><T54/><D54/><U112/><E112/><V66/><F66/><W70/><G70/><T50/><D36/><U11/><E41/><N who="2" m="24815" /><F106/><N who="3" m="41067" /><G48/><T108/><D108/><U69/><E69/><V115/><F115/><W76/><G45/><N who="0" m="25895" /><D14/><N who="1" m="5131" /><E39/><V121/><F121/><W127/><G127/><T65/><D65/><U68/><E68/><V81/><F2/><W132/><G132/><T134/><D134/><U19/><E11/><V24/><F103/><W30/><G30/><T123/><D123/><U95/><E29/><V9/><F3/><W51/><G51/><T42/><D42/><U98/><E119/><V89/><F9/><W6/><G6/><N who="2" m="2665" /><F91/><N who="3" m="51623" /><G72/><T64/><D64/><U131/><E118/><V133/><F133/><W114/><G114/><T35/><D35/><U20/><E131/><V84/><F24/><W8/><G8/><T31/><D28/><U17/><E19/><V12/><F16/><W10/><G10/><T120/><D120/><U90/><AGARI ba="0,0" hai="17,20,25,55,59,60,90,95,98,100,101" m="5131" machi="90" ten="30,4000,0" yaku="25,1,8,1,52,1" doraHai="58" who="1" fromWho="1" sc="187,-10,359,40,296,-10,158,-20" owari="177,-22.3,399,49.9,286,8.6,138,-36.2" /></mjloggm>