<mjloggm ver="2.3"><GO type="169" lobby="0"/><UN n0="%E3%81%88%E3%82%89%E3%81%A6%E3%82%93" n1="%E3%81%B8%E3%81%84%E3%81%9E%E3%81%86%E3%81%95%E3%82%93" n2="%E3%82%B9%E3%82%AB%E3%83%9D%E3%83%B3" n3="%4E%49%4B%55%59%41" dan="17,16,17,17" rate="2211.44,2064.84,2132.93,2225.59" sx="M,M,M,M"/><TAIKYOKU oya="0"/><INIT seed="0,0,0,5,0,83" ten="250,250,250,250" oya="0" hai0="96,103,44,20,9,100,24,129,94,77,108,22,4" hai1="57,52,31,88,65,123,71,15,55,40,109,115,93" hai2="35,105,16,74,92,38,125,98,97,0,36,72,131" hai3="112,127,1,21,54,19,33,91,50,135,17,86,113"/><T121/><D121/><U122/><E109/><V78/><F131/><W58/><G33/><T13/><D129/><U42/><E115/><V10/><F125/><W128/><G128/><T67/><D108/><U124/><E124/><V37/><F35/><W82/><G127/><T12/><D77/><U106/><E106/><V99/><F0/><W81/><G135/><T63/><D44/><U6/><E31/><V104/><F92/><W25/><G1/><T119/><D119/><U111/><E71/><V80/><REACH who="2" step="1"/><F74/><REACH who="2" ten="250,250,240,250" step="2"/><W114/><REACH who="3" step="1"/><G81/><REACH who="3" ten="250,250,240,240" step="2"/><T14/><D100/><U27/><E111/><V130/><F130/><W62/><G62/><T69/><REACH who="0" step="1"/><D22/><REACH who="0" ten="240,250,240,240" step="2"/><U7/><E123/><V3/><F3/><W41/><G41/><T11/><D11/><U76/><E40/><V30/><F30/><AGARI ba="0,3" hai="17,19,21,25,30,50,54,58,82,86,91,112,113,114" machi="30" ten="40,5200,0" yaku="1,1,52,1,53,1" doraHai="83" doraHaiUra="48" who="3" fromWho="2" sc="240,0,250,0,240,-52,240,82" /><AGARI ba="0,0" hai="4,9,12,13,14,20,24,30,63,67,69,94,96,103" machi="30" ten="30,2900,0" yaku="1,1,7,1,53,0" doraHai="83" doraHaiUra="48" who="0" fromWho="2" sc="240,29,250,0,188,-29,322,0" /><INIT seed="0,1,0,2,3,55" ten="269,250,159,322" oya="0" hai0="120,50,77,115,21,59,109,72,125,42,119,117,90" hai1="135,123,58,126,29,133,121,103,39,51,3,101,49" hai2="61,85,37,95,2,64,66,24,34,17,91,1,113" hai3="54,70,45,107,130,16,127,20,83,94,129,38,92"/><T76/><D120/><N who="1" m="46155" /><E3/><V134/><F113/><W131/><G70/><T78/><D115/><U93/><E29/><V22/><F134/><N who="1" m="51209" /><E39/><V30/><F37/><W116/><G116/><T68/><D68/><U73/><E73/><V106/><F106/><W9/><G107/><T33/><D33/><U53/><E126/><V128/><F66/><W75/><G9/><T44/><D125/><U102/><E49/><V108/><F108/><W124/><G124/><T46/><D72/><U111/><E111/><V25/><REACH who="2" step="1"/><F128/><REACH who="2" ten="269,250,149,322" step="2"/><W81/><G127/><T31/><D109/><U65/><E65/><V6/><F6/><W27/><G38/><T99/><D117/><U7/><E7/><V41/><F41/><W19/><G129/><T60/><D119/><U15/><E15/><V40/><F40/><W118/><G130/><T0/><D42/><U52/><E53/><V5/><F5/><W35/><G54/><T82/><D0/><U88/><E103/><V11/><F11/><W26/><G131/><T69/><D69/><AGARI ba="1,1" hai="1,2,17,22,24,25,30,34,61,64,69,85,91,95" machi="69" ten="30,2000,0" yaku="1,1,7,1,53,0" doraHai="55" doraHaiUra="36" who="2" fromWho="0" sc="269,-23,250,0,149,33,322,0" /><INIT seed="1,0,0,5,4,70" ten="246,250,182,322" oya="1" hai0="83,80,126,100,34,61,87,59,8,82,86,88,76" hai1="32,110,93,64,121,24,108,45,19,18,43,50,11" hai2="65,106,117,10,9,79,47,4,125,105,57,17,29" hai3="46,111,1,16,20,74,114,66,41,22,130,85,56"/><U13/><E121/><V26/><F117/><W113/><G74/><T58/><D126/><U0/><E0/><V132/><F125/><W21/><G1/><T39/><D34/><U118/><E118/><V112/><F132/><W75/><G75/><T62/><D100/><U31/><E64/><V51/><F112/><W120/><G120/><T2/><D39/><U103/><E103/><V98/><F79/><W44/><G16/><T40/><D40/><U135/><E135/><V36/><F98/><W33/><G33/><T131/><D131/><U127/><E127/><V35/><F36/><W60/><G130/><T94/><D2/><U124/><E124/><V78/><F78/><W25/><G25/><T72/><D8/><U7/><E93/><V55/><F65/><W91/><G111/><AGARI ba="0,0" hai="7,11,13,18,19,24,31,32,43,45,50,108,110,111" machi="111" ten="40,3900,0" yaku="14,1,10,1" doraHai="70" who="1" fromWho="3" sc="246,0,250,39,182,0,322,-39" /><INIT seed="1,1,0,3,1,122" ten="246,289,182,283" oya="1" hai0="23,97,9,95,52,60,8,64,65,86,14,66,78" hai1="36,113,24,129,10,92,105,94,135,68,112,85,11" hai2="124,117,100,37,127,118,35,76,93,74,98,28,15" hai3="51,19,13,120,39,134,53,79,72,132,45,3,128"/><U108/><E105/><V58/><F37/><W47/><G120/><T25/><D78/><U63/><E36/><V109/><F58/><W116/><G3/><T38/><D38/><U88/><E135/><V89/><F15/><W21/><G128/><T57/><D86/><U80/><E129/><V75/><F28/><W67/><G67/><T42/><D42/><U119/><E119/><N who="2" m="45579" /><F35/><W2/><G2/><T62/><D62/><U1/><E24/><V56/><F56/><W44/><G116/><T133/><D133/><N who="3" m="51305" /><G39/><T111/><D111/><U17/><E108/><V40/><F40/><W91/><G91/><T54/><D54/><U18/><E63/><V87/><F109/><W55/><G53/><T104/><D104/><U121/><E68/><V43/><F43/><W83/><AGARI ba="1,0" hai="13,19,21,44,45,47,51,55,72,79,83" m="51305" machi="83" ten="30,1100,0" yaku="20,1" doraHai="122" who="3" fromWho="3" sc="246,-4,289,-6,182,-4,283,14" /><INIT seed="2,0,0,5,2,52" ten="242,283,178,297" oya="2" hai0="37,23,70,55,60,114,27,17,3,33,18,134,4" hai1="24,39,68,11,50,127,16,88,135,72,2,109,21" hai2="57,14,29,26,13,131,111,130,100,82,126,97,132" hai3="80,107,116,45,8,117,113,94,48,7,73,43,81"/><V110/><F132/><W102/><G107/><T118/><D114/><U62/><E39/><V30/><F82/><W128/><G113/><T31/><D134/><U63/><E135/><V78/><F78/><W56/><G128/><N who="2" m="49193" /><F126/><W101/><G81/><T59/><D37/><U19/><E72/><V5/><F57/><W108/><G108/><N who="2" m="41513" /><F5/><W34/><G56/><T44/><D118/><U92/><E109/><V79/><F79/><W90/><G80/><T40/><D70/><U54/><E68/><V86/><F86/><W75/><G73/><T25/><D3/><U77/><E77/><V47/><F47/><W129/><G75/><T6/><REACH who="0" step="1"/><D17/><REACH who="0" ten="232,283,178,297" step="2"/><U124/><E2/><V28/><F26/><W84/><G129/><T99/><D99/><N who="1" m="57735" /><E127/><V85/><F85/><W96/><G84/><T66/><D66/><U0/><E0/><V67/><F67/><W1/><G116/><T71/><D71/><U83/><E124/><V76/><F76/><W36/><G117/><T58/><D58/><N who="1" m="33111" /><E83/><V69/><F69/><W125/><G125/><T32/><D32/><U64/><E64/><V133/><F133/><W61/><G34/><T112/><D112/><U38/><E38/><V93/><AGARI ba="0,1" hai="13,14,28,29,30,93,97,100" m="41513,49193" machi="93" ten="40,7800,0" yaku="19,1,14,1,10,1" doraHai="52" who="2" fromWho="2" sc="232,-26,283,-26,178,88,297,-26" /><INIT seed="2,1,0,3,2,89" ten="206,257,266,271" oya="2" hai0="30,31,106,3,81,96,78,114,21,62,110,85,34" hai1="22,60,46,97,44,79,71,73,76,28,41,35,131" hai2="84,39,12,25,61,51,135,47,29,124,128,90,45" hai3="50,69,134,72,4,54,91,63,86,43,95,100,70"/><V14/><F135/><W20/><G72/><T105/><D114/><U123/><E35/><V75/><F75/><W129/><G134/><T99/><D3/><U104/><E131/><V38/><F124/><W40/><G129/><T9/><D110/><U77/><E123/><V59/><F39/><W36/><G4/><T5/><D34/><U48/><E71/><V111/><F38/><W33/><G33/><T130/><D130/><U103/><E60/><V6/><F111/><W8/><G8/><T107/><D62/><U121/><E121/><V133/><F47/><W93/><G36/><T120/><D120/><U125/><E46/><V80/><F6/><W2/><G2/><T15/><REACH who="0" step="1"/><D21/><REACH who="0" ten="196,257,266,271" step="2"/><U87/><E22/><N who="2" m="15543" /><F128/><W0/><G0/><T117/><D117/><U116/><E116/><V42/><F133/><W66/><G20/><T126/><D126/><U10/><E125/><V26/><F26/><W94/><G70/><T56/><D56/><U101/><E10/><V132/><F132/><W11/><G11/><T68/><D68/><U53/><E44/><V74/><F74/><W1/><G1/><T112/><D112/><U24/><E73/><V108/><F108/><W55/><G69/><T98/><AGARI ba="1,1" hai="5,9,15,30,31,78,81,85,96,98,99,105,106,107" machi="98" ten="40,5200,0" yaku="1,1,0,1,53,1" doraHai="89" doraHaiUra="7" who="0" fromWho="0" sc="196,65,257,-14,266,-27,271,-14" /><INIT seed="3,0,0,5,3,85" ten="261,243,239,257" oya="3" hai0="30,45,116,29,24,81,49,57,124,75,15,60,32" hai1="91,58,128,2,68,70,51,0,19,47,101,113,110" hai2="59,38,56,93,35,129,90,98,20,21,119,126,22" hai3="14,43,66,50,134,23,105,13,67,7,114,48,133"/><W95/><G105/><T109/><D109/><U9/><E113/><V31/><F119/><W78/><G114/><T42/><D116/><U6/><E0/><V76/><F129/><W46/><G78/><T130/><D130/><U79/><E128/><V64/><F126/><W44/><G95/><T82/><D124/><U80/><E101/><V25/><F38/><W122/><G23/><T18/><D75/><U11/><E58/><V4/><F4/><W84/><G84/><T112/><D112/><U92/><E19/><V12/><F12/><W123/><REACH who="3" step="1"/><G7/><REACH who="3" ten="261,243,239,247" step="2"/><T100/><D100/><U27/><E79/><V77/><F77/><W96/><G96/><T102/><D102/><U16/><E6/><V121/><F121/><W135/><G135/><T17/><D30/><U132/><E92/><V106/><F106/><W73/><G73/><T87/><D87/><U1/><E132/><V53/><F76/><W72/><G72/><T55/><D18/><U8/><E16/><V41/><F22/><AGARI ba="0,1" hai="15,17,22,24,29,32,42,45,49,55,57,60,81,82" machi="22" ten="30,1000,0" yaku="7,1" doraHai="85" who="0" fromWho="2" sc="261,20,243,0,239,-10,247,0" /><INIT seed="4,0,0,4,3,20" ten="281,243,229,247" oya="0" hai0="17,83,73,4,0,109,133,102,106,86,113,129,78" hai1="5,63,47,16,114,67,52,94,75,38,32,66,110" hai2="103,68,33,84,19,39,112,51,24,121,115,70,101" hai3="119,126,37,100,108,49,22,10,74,9,85,132,55"/><T111/><D0/><U13/><E110/><N who="0" m="41993" /><D4/><U116/><E116/><V57/><F121/><W28/><G74/><T50/><D50/><U42/><E32/><V98/><F84/><W131/><G37/><T117/><D17/><U79/><E5/><V77/><F77/><W125/><G119/><T130/><D117/><U60/><E114/><N who="2" m="43563" /><F39/><W123/><G123/><T11/><D11/><U54/><E79/><V53/><F19/><W58/><G9/><T25/><D25/><U93/><E75/><V26/><F103/><W64/><G10/><T21/><D21/><U43/><E38/><V99/><F99/><W82/><G22/><T89/><D113/><U95/><E47/><V30/><F26/><W69/><G108/><T96/><D133/><U36/><E36/><V90/><F90/><W48/><G132/><T2/><D2/><U12/><E95/><AGARI ba="0,0" hai="24,30,33,51,53,57,68,70,95,98,101" m="43563" machi="95" ten="30,2000,0" yaku="15,1,52,1" doraHai="20" who="2" fromWho="1" sc="281,0,243,-20,229,20,247,0" /><AGARI ba="0,0" hai="73,78,83,86,89,95,96,102,106,129,130" m="41993" machi="95" ten="30,11600,0" yaku="24,1,10,1,34,2" doraHai="20" who="0" fromWho="1" sc="281,116,223,-116,249,0,247,0" /><INIT seed="4,1,0,1,2,20" ten="397,107,249,247" oya="0" hai0="33,47,103,121,67,50,36,49,12,130,101,114,131" hai1="40,23,107,13,11,79,71,37,29,80,59,26,8" hai2="31,91,24,128,123,85,81,92,102,111,14,74,21" hai3="43,86,134,73,46,78,54,108,65,122,112,55,68"/><T6/><D121/><U135/><E71/><V118/><F111/><W96/><G73/><T106/><D33/><U35/><E135/><V56/><F123/><W84/><G96/><T17/><D6/><U93/><E107/><V2/><F2/><W90/><G122/><T100/><D106/><U57/><E93/><V44/><F128/><N who="0" m="49194" /><D67/><U97/><E97/><N who="2" m="59687" /><F74/><W39/><G65/><T115/><D36/><U119/><E119/><V109/><F109/><W83/><G68/><T58/><D58/><U99/><E99/><V82/><F118/><W98/><G98/><T75/><D75/><U38/><E35/><V77/><F44/><W42/><G46/><T113/><D47/><U3/><E3/><V89/><F14/><W28/><G39/><T9/><AGARI ba="1,0" hai="9,12,17,49,50,100,101,103,113,114,115" m="49194" machi="9" ten="40,3900,0" yaku="15,1,19,1" doraHai="20" who="0" fromWho="0" sc="397,42,107,-14,249,-14,247,-14" /><INIT seed="4,2,0,1,0,72" ten="439,93,235,233" oya="0" hai0="5,90,61,112,17,62,121,88,115,109,38,60,24" hai1="54,132,45,1,26,44,116,34,39,43,130,113,6" hai2="84,107,68,133,79,105,3,21,118,28,19,14,85" hai3="16,36,114,126,0,66,12,42,46,50,127,18,86"/><T13/><D121/><U55/><E116/><V111/><F111/><W20/><G0/><T69/><D38/><U65/><E1/><V2/><F68/><W104/><G104/><T7/><D109/><U58/><E6/><N who="0" m="2057" /><D24/><U64/><E26/><V57/><F133/><W80/><G114/><N who="0" m="43563" /><D69/><U32/><E32/><V119/><F28/><W110/><G110/><T103/><D103/><U52/><E34/><V37/><F37/><W108/><G108/><T93/><D93/><U117/><E113/><V11/><F107/><W94/><G94/><T95/><D95/><U29/><E29/><V78/><F105/><W33/><G33/><T59/><D59/><U83/><E83/><V9/><F57/><W47/><G18/><T15/><D17/><U31/><E31/><V75/><F19/><W63/><G36/><T81/><D81/><U97/><E97/><V8/><F75/><W101/><G101/><T74/><D74/><U53/><E117/><V125/><F2/><W96/><G96/><T76/><D76/><U40/><E130/><V73/><F73/><W22/><G22/><T30/><D30/><U131/><E131/><V49/><F3/><W98/><G98/><T48/><D48/><N who="1" m="26655" /><E132/><V10/><F119/><W71/><REACH who="3" step="1"/><G46/><REACH who="3" ten="439,93,235,223" step="2"/><T89/><AGARI ba="2,1" hai="13,15,60,61,62,88,89,90" m="43563,2057" machi="89" ten="40,12000,1" yaku="28,2,15,1,54,1" doraHai="72" who="0" fromWho="0" sc="439,136,93,-42,235,-42,223,-42" /><INIT seed="4,3,0,2,3,47" ten="575,51,193,181" oya="0" hai0="85,2,88,126,12,64,37,17,101,131,10,132,125" hai1="79,39,115,87,113,98,76,102,41,65,19,62,18" hai2="72,4,75,122,8,58,130,96,90,123,35,110,109" hai3="14,120,23,13,97,0,54,116,92,27,33,135,118"/><T45/><D131/><U73/><E73/><V80/><F35/><W128/><G0/><T93/><D132/><U42/><E87/><V117/><F58/><W3/><G3/><T31/><D31/><U28/><E28/><V111/><F8/><W20/><G33/><T63/><D101/><U51/><E39/><V46/><F46/><W56/><G128/><T32/><D32/><U103/><E98/><V44/><F44/><W61/><G120/><T29/><D29/><U7/><E62/><V21/><F21/><W25/><G135/><T84/><D2/><U133/><E133/><V121/><F4/><W48/><G116/><T57/><REACH who="0" step="1"/><D85/><REACH who="0" ten="565,51,193,181" step="2"/><U16/><E7/><V68/><F130/><W106/><G118/><T38/><D38/><U66/><REACH who="1" step="1"/><E18/><REACH who="1" ten="565,41,193,181" step="2"/><V82/><F123/><W95/><G97/><T53/><D53/><U99/><E99/><V107/><F122/><W11/><G54/><T15/><D15/><U24/><E24/><V81/><F121/><W49/><G14/><T89/><D89/><U78/><E78/><V1/><F90/><W114/><G13/><T6/><D6/><U40/><E40/><AGARI ba="3,2" hai="10,12,17,37,40,45,57,63,64,84,88,93,125,126" machi="40" ten="40,3900,0" yaku="1,1,54,1,53,0" doraHai="47" doraHaiUra="67" who="0" fromWho="1" sc="565,68,41,-48,193,0,181,0" owari="633,73.3,-7,-50.7,193,-0.7,181,-21.9" /></mjloggm>