<mjloggm ver="2.3"><GO type="169" lobby="0"/><UN n0="%E6%99%AE%E9%9C%B2%E9%9C%B2" n1="%E3%81%9D%E3%81%86%E3%81%9F%E3%81%A3%E3%81%9F" n2="%E8%B1%86%E3%83%80%E3%83%9E%E8%AD%A6%E5%AF%9F" n3="%E5%8F%A4%E6%96%AF%E5%A1%94%E5%A4%AB%E4%BA%8C%E4%B8%96" dan="16,16,16,16" rate="2153.85,2068.35,2150.47,2098.70" sx="M,M,M,M"/><TAIKYOKU oya="0"/><INIT seed="0,0,0,1,0,23" ten="250,250,250,250" oya="0" hai0="40,50,104,124,73,21,119,37,9,105,70,83,11" hai1="56,0,12,116,120,51,133,94,112,53,97,107,67" hai2="64,99,91,27,100,58,84,90,43,6,69,47,110" hai3="41,77,111,48,36,126,59,95,35,87,20,89,123"/><T24/><D119/><U29/><E0/><V127/><F110/><W66/><G35/><T88/><D70/><U61/><E120/><V52/><F127/><W18/><G126/><T114/><D37/><U22/><E133/><V3/><F3/><W44/><G123/><T65/><D124/><U117/><E107/><V134/><F134/><W92/><G111/><T132/><D132/><U122/><E112/><V79/><F6/><W30/><G30/><T54/><D114/><U128/><E128/><V68/><F79/><W39/><G77/><T78/><D40/><U14/><E122/><V71/><F64/><W101/><G101/><T55/><D65/><U19/><E14/><V113/><F27/><W102/><G102/><T74/><D55/><U57/><REACH who="1" step="1"/><E29/><REACH who="1" ten="250,240,250,250" step="2"/><V33/><F113/><W76/><G76/><T16/><D74/><U17/><E17/><V62/><F33/><W63/><REACH who="3" step="1"/><G95/><REACH who="3" ten="250,240,250,240" step="2"/><T82/><D104/><U26/><E26/><AGARI ba="0,2" hai="18,20,26,36,39,41,44,48,59,63,66,87,89,92" machi="26" ten="30,7700,0" yaku="1,1,2,1,7,1,52,1,53,0" doraHai="23" doraHaiUra="34" who="3" fromWho="1" sc="250,0,240,-77,250,0,240,97" /><INIT seed="1,0,0,1,0,116" ten="250,163,250,337" oya="1" hai0="41,91,58,115,45,131,25,61,133,47,83,94,65" hai1="54,2,39,129,108,67,121,57,20,64,53,42,5" hai2="43,79,126,73,101,125,60,35,11,21,3,78,6" hai3="1,40,0,76,52,86,100,99,81,13,84,106,10"/><U37/><E2/><V124/><F35/><W117/><G117/><T85/><D115/><U71/><E5/><V69/><F101/><W112/><G112/><T12/><D131/><U75/><E20/><V44/><F21/><W89/><G40/><T9/><D133/><U51/><E75/><V59/><F69/><W36/><G36/><N who="1" m="13898" /><E129/><V34/><F34/><W62/><G62/><T77/><D25/><U23/><E23/><V105/><F105/><W19/><REACH who="3" step="1"/><G52/><REACH who="3" ten="250,163,250,327" step="2"/><N who="1" m="20074" /><E108/><V33/><F60/><W135/><G135/><T92/><D41/><U32/><E71/><V68/><F68/><W107/><G107/><T29/><D29/><U27/><E42/><V114/><F43/><W46/><G46/><T88/><D47/><U26/><E51/><V74/><F44/><W109/><G109/><T130/><D45/><U123/><E57/><V56/><F114/><W102/><G102/><T49/><D49/><U82/><E64/><V8/><F125/><W24/><G24/><N who="1" m="9258" /><E67/><V72/><F33/><W28/><G28/><T22/><D130/><U120/><E82/><AGARI ba="0,1" hai="0,1,10,13,19,76,81,82,84,86,89,99,100,106" machi="82" ten="30,3900,0" yaku="1,1,7,1,53,1" doraHai="116" doraHaiUra="97" who="3" fromWho="1" sc="250,0,163,-39,250,0,327,49" /><INIT seed="2,0,0,1,1,61" ten="250,124,250,376" oya="2" hai0="66,121,100,9,17,67,130,73,92,111,65,49,20" hai1="63,115,131,93,77,13,4,79,114,123,44,105,94" hai2="33,27,53,16,135,32,103,90,88,21,7,26,101" hai3="87,36,126,38,96,97,64,35,127,82,86,52,116"/><V124/><F124/><N who="3" m="47659" /><G116/><T12/><D121/><U31/><E31/><V98/><F135/><W72/><G35/><T108/><D73/><U118/><E118/><V112/><F112/><W110/><G110/><N who="0" m="42027" /><D130/><U48/><E105/><V39/><F39/><W25/><G25/><T22/><D49/><U76/><E131/><V128/><F128/><W8/><G8/><T55/><D55/><U106/><E106/><V84/><F7/><W58/><G72/><T6/><D6/><U0/><E0/><V5/><F5/><W70/><G38/><T104/><D104/><U62/><E123/><V56/><F90/><N who="3" m="51543" /><G87/><T117/><D117/><U29/><E29/><V71/><F71/><W122/><G36/><T30/><D30/><U102/><E115/><V91/><F91/><W2/><G2/><T23/><D9/><N who="1" m="4263" /><E114/><V41/><F41/><W132/><G132/><T46/><D46/><U134/><E134/><V45/><F45/><W120/><G120/><T83/><D83/><U89/><E44/><V18/><F18/><W129/><G129/><T47/><D47/><U28/><E28/><V14/><F33/><W60/><G122/><T42/><D42/><U43/><E43/><V11/><F32/><W10/><G10/><T109/><D109/><U51/><E51/><AGARI ba="0,0" hai="51,52,58,60,64,70,96,97" m="51543,47659" machi="51" ten="30,3900,0" yaku="18,1,52,1,54,1" doraHai="61" who="3" fromWho="1" sc="250,0,124,-39,250,0,376,39" /><INIT seed="3,0,0,4,2,128" ten="250,85,250,415" oya="3" hai0="94,81,112,46,84,120,64,51,135,5,113,71,3" hai1="10,105,78,55,114,92,93,62,90,1,75,7,116" hai2="18,86,60,54,117,44,115,91,42,80,15,88,98" hai3="72,99,40,110,49,77,65,111,97,87,109,14,32"/><W38/><G32/><T132/><D120/><U106/><E114/><N who="0" m="44137" /><D94/><U74/><E116/><V50/><F115/><W9/><G38/><T104/><D104/><U68/><E93/><V26/><F117/><W4/><G65/><T122/><D122/><U103/><E103/><V82/><F98/><W21/><G21/><T6/><D6/><BYE who="0" /><U45/><E68/><V63/><F26/><W28/><G28/><T13/><D13/><U131/><E131/><V73/><F73/><W83/><G72/><T24/><D24/><U129/><E129/><V61/><F42/><W126/><G126/><T85/><D85/><U118/><E118/><V23/><REACH who="2" step="1"/><F82/><REACH who="2" ten="250,85,240,415" step="2"/><W101/><G101/><T47/><D47/><AGARI ba="0,1" hai="4,9,14,40,47,49,77,83,87,97,99,109,110,111" machi="47" ten="40,12000,1" yaku="25,2,14,1,10,1" doraHai="128" who="3" fromWho="0" sc="250,-120,85,0,240,0,415,130" /><INIT seed="3,1,0,3,2,124" ten="130,85,240,545" oya="3" hai0="25,33,34,49,122,76,103,63,77,72,22,24,84" hai1="94,39,20,53,36,30,61,0,123,32,43,19,64" hai2="14,71,45,1,23,108,47,117,92,44,120,4,41" hai3="51,68,74,17,37,62,88,113,102,29,3,7,129"/><W134/><G113/><T50/><D50/><U70/><E123/><V83/><F117/><W91/><G74/><UN n0="%E6%99%AE%E9%9C%B2%E9%9C%B2" /><T125/><D125/><U10/><BYE who="0" /><E43/><V98/><F71/><W109/><G37/><T42/><D42/><U86/><E53/><V95/><F108/><W101/><G134/><T127/><D127/><U131/><E30/><UN n0="%E6%99%AE%E9%9C%B2%E9%9C%B2" /><V99/><F41/><W133/><G133/><T114/><D103/><U111/><E32/><V35/><F35/><W60/><G29/><T55/><D63/><U54/><E111/><V57/><F1/><W104/><G109/><T115/><D84/><U38/><E54/><V87/><F57/><W6/><G3/><T8/><D8/><U40/><E40/><V26/><F120/><W128/><G51/><T73/><D22/><U66/><E66/><V106/><F106/><W89/><G89/><T132/><D49/><U52/><E52/><V130/><F130/><W11/><G11/><T135/><REACH who="0" step="1"/><D55/><REACH who="0" ten="120,85,240,545" step="2"/><U121/><E38/><V78/><F47/><W48/><G48/><T79/><D79/><U15/><E39/><V107/><F45/><W85/><G85/><T67/><D67/><U27/><E36/><V21/><F44/><W93/><G62/><T9/><D9/><U12/><E121/><AGARI ba="1,1" hai="24,25,33,34,72,73,76,77,114,115,121,122,132,135" machi="121" ten="25,3200,0" yaku="1,1,22,2,53,0" doraHai="124" doraHaiUra="80" who="0" fromWho="1" sc="120,45,85,-35,240,0,545,0" /><INIT seed="4,0,0,3,4,110" ten="165,50,240,545" oya="0" hai0="67,119,82,76,31,104,27,107,15,118,106,87,73" hai1="4,52,72,108,130,50,126,29,58,92,44,20,121" hai2="62,84,37,93,86,95,123,46,125,78,109,0,81" hai3="66,63,40,48,131,30,12,79,101,9,14,13,117"/><T129/><D67/><U3/><E108/><V53/><F123/><W42/><G117/><T26/><D129/><U38/><E121/><V114/><F0/><W68/><G131/><T99/><D15/><U5/><E130/><V94/><F109/><W85/><G101/><T19/><D19/><U34/><E34/><V32/><F32/><W71/><G30/><T102/><D26/><U11/><E126/><V75/><F37/><W112/><G112/><T69/><D69/><U80/><E5/><V55/><F46/><W16/><G71/><T70/><D70/><U28/><E92/><V133/><F62/><W60/><G60/><T33/><REACH who="0" step="1"/><D87/><REACH who="0" ten="155,50,240,545" step="2"/><U24/><E29/><V97/><F86/><W43/><G85/><T59/><D59/><U77/><REACH who="1" step="1"/><E38/><REACH who="1" ten="155,40,240,545" step="2"/><V47/><F125/><W103/><G16/><T23/><D23/><U128/><E128/><V21/><F21/><W74/><G68/><T25/><D25/><U122/><E122/><V100/><F133/><W98/><G14/><T49/><D49/><U18/><E18/><V64/><F97/><W116/><G48/><T54/><D54/><U96/><E96/><V105/><F55/><W41/><G98/><T51/><D51/><U56/><AGARI ba="0,2" hai="3,4,11,20,24,28,44,50,52,56,58,72,77,80" machi="56" ten="30,4000,0" yaku="1,1,0,1,54,1,53,0" doraHai="110" doraHaiUra="61" who="1" fromWho="1" sc="155,-20,40,60,240,-10,545,-10" /><INIT seed="5,0,0,4,1,31" ten="135,100,230,535" oya="1" hai0="33,130,70,99,78,131,8,93,25,30,55,14,116" hai1="11,95,113,77,52,109,111,32,125,97,16,129,41" hai2="2,50,19,118,91,128,72,56,122,112,49,36,43" hai3="120,6,114,48,9,67,94,5,126,73,79,46,38"/><U82/><E113/><V27/><F118/><W63/><G114/><T23/><D116/><U68/><E68/><V71/><F122/><W28/><G120/><T103/><D70/><U21/><E41/><V81/><F2/><W104/><G126/><T74/><D74/><U10/><E129/><N who="0" m="49161" /><D78/><U123/><E125/><V53/><F91/><W124/><G104/><T76/><D76/><U85/><E123/><V37/><F81/><W20/><G38/><T54/><D23/><U44/><E32/><V47/><F19/><AGARI ba="0,0" hai="8,14,19,25,30,33,54,55,93,99,103" m="49161" machi="19" ten="30,2000,0" yaku="19,1,52,1" doraHai="31" who="0" fromWho="2" sc="135,20,100,0,230,-20,535,0" /><INIT seed="6,0,0,5,0,75" ten="155,100,210,535" oya="2" hai0="22,31,65,117,81,32,67,62,47,103,34,129,15" hai1="64,8,50,126,52,83,6,14,85,3,73,53,23" hai2="68,90,77,100,46,61,110,49,20,79,17,91,124" hai3="105,82,35,1,135,93,111,59,44,121,118,2,30"/><V130/><F130/><W87/><G111/><T113/><D129/><U9/><E126/><V116/><F116/><W98/><G121/><T95/><D113/><U133/><E133/><V109/><F100/><W48/><G118/><T28/><D67/><U104/><E104/><V24/><F124/><W74/><G105/><T5/><D47/><U55/><E73/><V127/><F127/><W102/><G74/><T21/><D21/><U43/><E23/><V76/><F61/><W57/><G35/><T88/><D103/><U71/><E64/><V84/><F68/><W131/><G131/><T112/><D112/><U33/><E33/><V97/><F97/><W122/><G30/><T86/><D32/><U18/><E71/><V60/><F60/><W0/><G135/><T101/><D34/><U70/><E70/><V26/><F26/><W107/><G107/><T119/><D31/><U38/><E38/><V39/><F39/><W10/><G10/><T89/><D101/><U25/><E25/><V132/><F132/><W7/><G7/><T41/><D41/><U128/><E128/><V125/><F125/><W94/><G122/><T36/><D36/><U58/><REACH who="1" step="1"/><E43/><REACH who="1" ten="155,90,210,535" step="2"/><N who="2" m="24799" /><F110/><W72/><G72/><T78/><D117/><U19/><E19/><V51/><F109/><W16/><G16/><N who="0" m="10527" /><D119/><U106/><E106/><V96/><F17/><W134/><G134/><T80/><D28/><U56/><E56/><V11/><F24/><W120/><G120/><T115/><D115/><U42/><E42/><V108/><F108/><W63/><G59/><N who="0" m="37087" /><D5/><U27/><E27/><V45/><F45/><RYUUKYOKU ba="0,1" sc="155,-10,90,30,210,-10,535,-10" hai1="3,6,8,9,14,18,50,52,53,55,58,83,85" /><INIT seed="7,1,1,4,4,63" ten="145,120,200,525" oya="3" hai0="89,12,47,102,96,131,90,19,54,14,114,87,0" hai1="120,93,59,26,80,72,119,16,78,24,61,60,42" hai2="124,1,98,67,134,132,22,103,75,23,123,100,33" hai3="34,95,17,55,97,48,28,92,56,30,5,8,117"/><W109/><G117/><T70/><D0/><U84/><E120/><V39/><F33/><W57/><G109/><T88/><D70/><U37/><E119/><V113/><F75/><W73/><G34/><T65/><D131/><U115/><E115/><V46/><F113/><W3/><G73/><T129/><D129/><U64/><E37/><V130/><F130/><W32/><G32/><T35/><D35/><U10/><E42/><N who="2" m="22879" /><F1/><W85/><G57/><T105/><D65/><U66/><E72/><V76/><F76/><W7/><G7/><T38/><D12/><N who="1" m="7191" /><E61/><V53/><F67/><N who="1" m="25641" /><E93/><V86/><F123/><W99/><G85/><T51/><D38/><U20/><E20/><V11/><F86/><W52/><G55/><AGARI ba="1,1" hai="24,26,55,59,60,78,80,84" m="25641,7191" machi="55" ten="30,8000,1" yaku="8,1,52,3,54,1" doraHai="63" who="1" fromWho="3" sc="145,0,120,93,200,0,525,-83" owari="145,-35.5,213,1.3,200,-20.0,442,54.2" /></mjloggm>