<mjloggm ver="2.3"><GO type="169" lobby="0"/><UN n0="%E3%82%B9%E3%83%9E%E3%83%9B%E3%81%82%E3%81%96%E3%82%89%E3%81%97" n1="%E5%9D%8A%E3%82%84%E3%81%A1%E3%81%A4" n2="%E3%81%8A%E3%81%9F%E3%81%BE%E3%82%8B" n3="%E7%8A%AC%E5%B1%B1" dan="17,16,16,16" rate="2132.87,2059.93,2088.93,2049.14" sx="M,M,M,M"/><TAIKYOKU oya="0"/><INIT seed="0,0,0,2,1,93" ten="250,250,250,250" oya="0" hai0="62,9,70,45,13,121,51,1,116,33,68,92,80" hai1="96,88,125,53,50,14,109,35,30,6,10,61,123" hai2="129,48,8,110,29,103,42,94,87,105,98,69,117" hai3="97,17,120,111,38,67,19,81,32,118,21,46,59"/><T15/><D116/><U78/><E123/><V128/><F69/><W0/><G32/><T49/><D121/><U119/><E119/><V82/><F117/><W57/><G0/><T134/><D33/><U40/><E125/><V34/><F110/><W12/><G120/><T11/><D134/><U52/><E109/><V26/><F8/><W89/><G111/><T41/><D1/><U43/><E35/><V4/><F4/><W106/><G118/><T31/><D31/><U79/><E30/><V86/><F105/><W3/><G3/><T131/><D131/><N who="2" m="50250" /><F82/><W114/><G114/><T27/><D27/><U85/><E61/><V7/><F7/><W124/><G67/><T39/><D80/><N who="1" m="49191" /><E96/><V90/><F90/><W135/><G124/><T56/><D68/><U112/><E53/><V20/><F34/><W2/><G135/><T126/><D126/><U64/><E64/><V113/><F113/><W130/><G2/><T24/><D70/><U101/><E101/><V133/><F133/><W22/><G130/><T108/><D108/><U36/><E36/><V74/><F74/><W73/><G73/><T63/><D39/><U100/><E100/><V5/><F103/><W71/><G71/><T107/><D107/><U102/><E102/><V76/><F29/><W16/><G106/><T66/><D66/><U99/><E99/><V65/><F98/><W72/><G72/><T115/><D115/><U55/><E55/><V104/><F65/><W95/><G81/><T75/><D62/><U18/><E112/><V54/><F104/><W60/><G60/><T91/><D63/><RYUUKYOKU ba="0,0" sc="250,0,250,0,250,0,250,0" /><INIT seed="1,1,0,4,1,120" ten="250,250,250,250" oya="1" hai0="28,83,77,113,34,21,25,69,41,33,126,74,72" hai1="75,102,65,55,30,123,56,132,64,73,93,66,99" hai2="121,48,32,6,15,14,16,11,7,10,124,37,60" hai3="44,100,8,54,82,57,36,89,19,80,131,27,51"/><U114/><E123/><V26/><F37/><W40/><G131/><T50/><D113/><U109/><E114/><V92/><F121/><W105/><G105/><T2/><D126/><U4/><E132/><V106/><F106/><W125/><G100/><T115/><D115/><U81/><E4/><V49/><F124/><W76/><G125/><T67/><D50/><U119/><E119/><V85/><F60/><W95/><G76/><T46/><D21/><U24/><E81/><V58/><F58/><W78/><G78/><T112/><D112/><U87/><E87/><V111/><F111/><W129/><G129/><T13/><D13/><U42/><E42/><V71/><F71/><W97/><G8/><T91/><D91/><U84/><E84/><V53/><F53/><W135/><G135/><T101/><D101/><U127/><E109/><V122/><F122/><W116/><G116/><T52/><D52/><U62/><REACH who="1" step="1"/><E127/><REACH who="1" ten="250,240,250,250" step="2"/><V118/><F118/><W110/><G110/><T117/><D117/><U98/><E98/><V134/><F134/><W1/><G82/><T107/><D83/><U5/><E5/><V45/><F85/><W38/><G80/><T108/><D41/><U70/><E70/><V23/><F7/><W103/><G1/><T104/><D2/><U88/><E88/><V59/><F6/><W43/><G103/><T96/><D69/><U47/><E47/><V3/><F45/><W20/><G40/><T86/><D86/><U90/><E90/><V12/><F3/><W128/><G128/><T94/><D96/><U63/><E63/><AGARI ba="1,1" hai="19,20,27,36,38,43,44,51,54,57,63,89,95,97" machi="63" ten="30,3900,0" yaku="7,1,25,2" doraHai="120" who="3" fromWho="1" sc="250,0,240,-42,250,0,250,52" /><INIT seed="2,0,0,1,5,11" ten="250,198,250,302" oya="2" hai0="97,101,90,84,94,129,119,128,70,80,15,40,68" hai1="13,33,46,5,28,118,100,71,44,45,93,31,112" hai2="64,50,89,127,41,7,111,60,59,125,75,62,0" hai3="108,56,35,66,113,2,16,122,103,36,104,29,99"/><V83/><F0/><W43/><G2/><T47/><D119/><U4/><E118/><V12/><F111/><W131/><G122/><T9/><D47/><U69/><E112/><V32/><F32/><W81/><G113/><T14/><D40/><U18/><E71/><V42/><F75/><W57/><G43/><N who="2" m="16393" /><F89/><W76/><G36/><T3/><D3/><U27/><E69/><N who="0" m="26729" /><D9/><U88/><E100/><V63/><F83/><W53/><G66/><T25/><D25/><U133/><E133/><V20/><F7/><N who="1" m="2633" /><E27/><V134/><F134/><W8/><G29/><T24/><D24/><U106/><E106/><V37/><F37/><W107/><G35/><T72/><D72/><U109/><E109/><V30/><F30/><W91/><G108/><T34/><D34/><U117/><E117/><V135/><F135/><W38/><G38/><T110/><D110/><U61/><E61/><N who="2" m="23659" /><F20/><W120/><G107/><T17/><D17/><U102/><E102/><V95/><F95/><W87/><G104/><T77/><D101/><U98/><E33/><V51/><F12/><N who="0" m="4650" /><D77/><U85/><E98/><V96/><F96/><W39/><G99/><T67/><D97/><U48/><E48/><AGARI ba="0,0" hai="48,50,51,59,63,64,125,127" m="23659,16393" machi="48" ten="30,2900,0" yaku="34,2" doraHai="11" who="2" fromWho="1" sc="250,0,198,-29,250,29,302,0" /><INIT seed="2,1,0,4,0,93" ten="250,169,279,302" oya="2" hai0="69,115,118,97,48,117,116,47,94,71,40,108,84" hai1="43,50,11,128,37,91,86,18,67,28,5,33,127" hai2="110,45,85,134,63,88,105,135,133,6,38,20,89" hai3="123,57,81,32,106,132,68,66,83,49,104,101,22"/><V58/><F110/><W114/><G32/><T124/><D115/><U77/><E37/><V55/><F105/><W126/><G68/><T31/><D108/><U112/><E112/><V42/><F6/><W25/><G104/><T60/><D124/><U80/><E128/><V41/><F41/><W54/><G123/><T73/><D73/><U131/><E131/><V39/><F39/><W92/><G106/><T2/><D2/><U99/><E67/><V96/><F85/><W122/><G126/><T29/><D84/><U14/><E127/><V9/><F9/><W0/><G0/><T120/><D120/><U27/><E43/><V30/><REACH who="2" step="1"/><F96/><REACH who="2" ten="250,169,269,302" step="2"/><W95/><G122/><T75/><D75/><U62/><E5/><V13/><F13/><W16/><G114/><T129/><D129/><U70/><E99/><V103/><F103/><W98/><G132/><T17/><D97/><U107/><E107/><V121/><F121/><W21/><G92/><T74/><D94/><U19/><E86/><V23/><F23/><W125/><G125/><T79/><D74/><U34/><E34/><V10/><F10/><W59/><G22/><T130/><D130/><U76/><E33/><V119/><F119/><W102/><G101/><T64/><D116/><U26/><E11/><V15/><F15/><W78/><G78/><T46/><D79/><U36/><E77/><V109/><F109/><W65/><G83/><T87/><D117/><U51/><E80/><V12/><F12/><W4/><G81/><T113/><D118/><U82/><E82/><V24/><AGARI ba="1,1" hai="20,24,30,38,42,45,55,58,63,88,89,133,134,135" machi="24" ten="40,12000,1" yaku="1,1,0,1,20,1,54,1,53,0" doraHai="93" doraHaiUra="1" who="2" fromWho="2" sc="250,-41,169,-41,269,133,302,-41" /><INIT seed="2,2,0,2,1,118" ten="209,128,402,261" oya="2" hai0="44,97,11,22,72,86,121,134,107,19,39,35,133" hai1="76,30,89,21,18,122,71,15,16,73,3,125,78" hai2="4,40,82,43,33,120,110,47,92,74,31,132,1" hai3="127,117,56,129,46,108,26,7,45,85,93,115,109"/><V83/><F120/><W67/><G117/><T5/><D72/><U10/><E71/><V96/><F132/><N who="0" m="50794" /><D35/><U68/><E68/><V20/><F33/><W52/><G115/><T126/><D126/><U101/><E125/><V99/><F110/><W94/><G127/><T54/><D86/><U36/><E36/><V53/><F1/><W66/><G7/><T113/><D113/><U23/><E73/><V87/><F74/><W14/><G14/><T32/><D32/><U50/><E101/><V75/><F75/><W114/><G114/><T28/><D28/><U38/><E38/><V111/><F4/><W102/><G26/><T12/><D97/><U60/><E122/><V124/><F124/><W41/><G129/><T42/><D107/><U24/><E3/><V2/><F2/><W29/><G29/><T106/><D106/><U55/><E60/><V95/><F87/><W0/><G0/><N who="0" m="423" /><D54/><U84/><E30/><V34/><F34/><W77/><G85/><T63/><D63/><U17/><E76/><V112/><F53/><W80/><G77/><T81/><D81/><N who="1" m="49295" /><E78/><V6/><F31/><W37/><G80/><T8/><D8/><U65/><E65/><V27/><F112/><W130/><G102/><T49/><D39/><U58/><E10/><V61/><F61/><N who="3" m="35975" /><G37/><T13/><D13/><U131/><E131/><V105/><F105/><W64/><G130/><T69/><D69/><U91/><E91/><V79/><F79/><W70/><G70/><T128/><D128/><U98/><E98/><V90/><F96/><W9/><G9/><T62/><D62/><RYUUKYOKU ba="2,0" sc="209,15,128,15,402,-15,261,-15" hai0="12,19,22,42,44,49,121" hai1="15,16,17,18,21,23,24,50,55,58" /><INIT seed="3,3,0,2,1,14" ten="224,143,387,246" oya="3" hai0="56,31,132,29,79,51,58,126,113,116,124,9,122" hai1="40,83,93,11,125,98,97,19,88,91,64,30,78" hai2="105,85,26,24,62,13,50,47,18,107,55,10,82" hai3="101,96,52,134,41,2,39,115,63,15,44,92,123"/><W43/><G123/><T54/><D116/><U12/><E125/><N who="0" m="48233" /><D122/><U28/><E40/><N who="3" m="15434" /><G2/><T73/><D132/><U60/><E78/><V6/><F62/><W130/><G130/><T89/><D113/><U69/><REACH who="1" step="1"/><E83/><REACH who="1" ten="224,133,387,246" step="2"/><V0/><F107/><W20/><G134/><T128/><D79/><U70/><E70/><V34/><F105/><W81/><G115/><T94/><D128/><U99/><E99/><V75/><F75/><W131/><G131/><T49/><D73/><U16/><E16/><V84/><F84/><W95/><G81/><T71/><D71/><U127/><E127/><V35/><F85/><W72/><G72/><T109/><D109/><U5/><E5/><V48/><F82/><W17/><G39/><T4/><D4/><U1/><E1/><V133/><F133/><W119/><G119/><T111/><D111/><U65/><E65/><V27/><F0/><W33/><G33/><T120/><D120/><U135/><E135/><V121/><F6/><W114/><G114/><T112/><D112/><U32/><E32/><V80/><F121/><W86/><G86/><T7/><D7/><U117/><E117/><V45/><F80/><W102/><G96/><T37/><D37/><U106/><E106/><V104/><F104/><W57/><G44/><T22/><D29/><U36/><E36/><V42/><AGARI ba="3,1" hai="10,13,18,24,26,27,34,35,42,45,47,48,50,55" machi="42" ten="30,2000,0" yaku="0,1,52,1" doraHai="14" who="2" fromWho="2" sc="224,-8,133,-8,387,39,246,-13" /><INIT seed="4,0,0,3,0,100" ten="216,125,426,233" oya="0" hai0="127,42,48,93,70,40,106,59,133,61,2,12,123" hai1="112,41,89,130,10,54,0,91,7,67,86,15,17" hai2="88,78,134,45,82,76,107,5,44,1,39,132,68" hai3="128,121,101,51,23,69,57,111,8,131,30,46,97"/><T75/><D123/><U29/><E130/><N who="3" m="49706" /><G69/><T35/><D2/><U65/><E112/><V32/><F32/><W103/><G111/><T43/><D35/><U52/><E41/><V135/><F68/><W28/><G103/><T53/><D75/><U50/><E29/><V64/><F64/><W105/><G121/><T126/><D93/><U36/><E36/><V33/><F33/><W120/><G120/><T115/><D12/><U55/><E50/><V124/><F124/><N who="0" m="47658" /><D106/><U58/><E58/><V90/><F107/><W6/><G57/><N who="0" m="32935" /><D115/><U74/><E74/><N who="2" m="43287" /><F78/><W95/><G23/><T96/><D96/><U20/><REACH who="1" step="1"/><E89/><REACH who="1" ten="216,115,426,233" step="2"/><N who="2" m="34411" /><F39/><W19/><G28/><T71/><D133/><U114/><E114/><V104/><F132/><W85/><G30/><T37/><D37/><U31/><E31/><V108/><F135/><W92/><G85/><T84/><D84/><U87/><E87/><V16/><F134/><W27/><G51/><T21/><D70/><U98/><E98/><V99/><F99/><W11/><G46/><T25/><D71/><U118/><E118/><V110/><F45/><W94/><G97/><T56/><D56/><U34/><E34/><V63/><F44/><W80/><G101/><T26/><D59/><U38/><E38/><V119/><F119/><W49/><G49/><T79/><D42/><U13/><E13/><V4/><F108/><W73/><G73/><T66/><D40/><U60/><E60/><V22/><F63/><W116/><G116/><T24/><D43/><U102/><E102/><V125/><F110/><W9/><G27/><T117/><D25/><RYUUKYOKU ba="0,1" sc="216,-10,115,30,426,-10,233,-10" hai1="0,7,10,15,17,20,52,54,55,65,67,86,91" /><INIT seed="5,1,1,5,2,53" ten="206,145,416,223" oya="1" hai0="11,54,47,17,13,22,76,134,65,24,0,115,127" hai1="14,135,56,38,74,50,128,68,33,113,51,85,29" hai2="63,107,18,102,126,100,1,35,36,109,12,101,124" hai3="123,82,2,130,122,10,78,16,23,69,87,111,49"/><U37/><E74/><V80/><F109/><W89/><G111/><T42/><D115/><U72/><E72/><V8/><F36/><N who="1" m="13929" /><E14/><V94/><F107/><W83/><G69/><T117/><D117/><U84/><E68/><V132/><F132/><W43/><G130/><T97/><D134/><U4/><E135/><V58/><F35/><W39/><G39/><T105/><D127/><N who="2" m="48682" /><F80/><W30/><G30/><T120/><D76/><U98/><E29/><V121/><F121/><W96/><G2/><T93/><D105/><U90/><E33/><V60/><F1/><W103/><G10/><T119/><D119/><U40/><E128/><V91/><F58/><W41/><G83/><T61/><D0/><U73/><E73/><V118/><F118/><W112/><G78/><T44/><D42/><U62/><E40/><V57/><F57/><W92/><G41/><T28/><D120/><U55/><E113/><V5/><F5/><W34/><G112/><T106/><D106/><U108/><E108/><V46/><F46/><W6/><G34/><T52/><D44/><U45/><E4/><V129/><F129/><W131/><G131/><T116/><D47/><U3/><E3/><V70/><F70/><W20/><G6/><T64/><D116/><U77/><E77/><V19/><F19/><W133/><G133/><T27/><D27/><U125/><E125/><V71/><F71/><W15/><G122/><T79/><D79/><U59/><E59/><V104/><F104/><W67/><G123/><T88/><D61/><U75/><E75/><V48/><F48/><N who="1" m="18473" /><E45/><V66/><F66/><AGARI ba="1,1" hai="11,13,17,22,24,28,52,54,64,65,66,88,93,97" machi="66" ten="40,8000,1" yaku="6,1,8,1,54,2" doraHai="53" who="0" fromWho="2" sc="206,93,145,0,416,-83,223,0" /><INIT seed="6,0,0,4,3,37" ten="299,145,333,223" oya="2" hai0="71,53,44,29,119,82,65,125,31,67,92,56,101" hai1="16,58,94,106,14,35,63,74,20,27,6,84,55" hai2="126,26,87,28,9,2,105,34,11,43,69,89,47" hai3="15,13,78,61,134,129,133,90,4,108,100,10,23"/><V33/><F126/><W54/><G100/><T62/><D125/><U18/><E106/><V115/><F115/><W110/><G78/><T95/><D119/><U5/><E74/><V122/><F122/><W64/><G54/><T24/><D82/><U107/><E107/><V77/><F105/><W131/><G90/><T121/><D121/><U85/><E35/><V93/><F69/><W1/><G61/><T130/><D130/><N who="3" m="49673" /><G64/><N who="0" m="24651" /><D71/><U49/><E63/><V0/><F34/><W22/><G22/><N who="0" m="15511" /><D31/><U7/><REACH who="1" step="1"/><E94/><REACH who="1" ten="299,135,333,223" step="2"/><V36/><F93/><W52/><G110/><T21/><D92/><U111/><E111/><V51/><F33/><W118/><G108/><T32/><D95/><U41/><E41/><V48/><F43/><W66/><G118/><T104/><D62/><U103/><E103/><V124/><F124/><W120/><G120/><T38/><D32/><U79/><E79/><V68/><F77/><W39/><G66/><T50/><D101/><U12/><E12/><V73/><F73/><W25/><G52/><T59/><D53/><U60/><E60/><V102/><F102/><W88/><G88/><T99/><D104/><U123/><E123/><V81/><F89/><W83/><G83/><T40/><D99/><U19/><E19/><V3/><F81/><W96/><G96/><T45/><D40/><U72/><E72/><V76/><F76/><W80/><G80/><T128/><D128/><U86/><E86/><V135/><F87/><W70/><G15/><T75/><D75/><U112/><E112/><V113/><F113/><W30/><G13/><T132/><D132/><RYUUKYOKU ba="0,1" sc="299,-10,135,30,333,-10,223,-10" hai1="5,6,7,14,16,18,20,27,49,55,58,84,85" /><INIT seed="7,1,1,0,3,80" ten="289,165,323,213" oya="3" hai0="97,17,46,68,42,56,91,55,99,13,69,26,132" hai1="122,65,3,74,110,130,38,109,16,8,7,67,72" hai2="95,18,49,6,2,43,5,53,61,10,1,4,77" hai3="75,66,54,28,21,23,59,102,36,29,98,135,123"/><W57/><G123/><T81/><D26/><U19/><E122/><V94/><F77/><W70/><G75/><T14/><D132/><U79/><E38/><V12/><F2/><W125/><G135/><T89/><D68/><U71/><E130/><V63/><F1/><W37/><G70/><T73/><D69/><U83/><E74/><V64/><F43/><W124/><G66/><T92/><D73/><U50/><E50/><V112/><F112/><W104/><G59/><T62/><D17/><U126/><E126/><N who="3" m="48746" /><G23/><T31/><D31/><N who="3" m="11849" /><G21/><T84/><D97/><U114/><E114/><V105/><F105/><W121/><G121/><T96/><D96/><U131/><E131/><V82/><F64/><W45/><G45/><T40/><D40/><U85/><E67/><V129/><F129/><W103/><G103/><T111/><D111/><U48/><E72/><V22/><F22/><W86/><G86/><T27/><D27/><U119/><E119/><V39/><F39/><AGARI ba="1,1" hai="13,14,39,42,46,55,56,62,81,84,89,91,92,99" machi="39" ten="30,2000,0" yaku="7,1,52,1" doraHai="80" who="0" fromWho="2" sc="289,33,165,0,323,-23,213,0" owari="322,42.2,165,-33.5,300,10.0,213,-18.7" /></mjloggm>