<mjloggm ver="2.3"><GO type="169" lobby="0"/><UN n0="%E3%82%82%E3%81%93%E3%81%BF" n1="%70%61%77%61" n2="%28%E9%83%A8%E9%95%B7%29" n3="%6E%6F%73%75%6B%65" dan="16,18,16,17" rate="2060.31,2295.96,2114.08,2134.44" sx="M,M,M,M"/><TAIKYOKU oya="0"/><INIT seed="0,0,0,0,1,89" ten="250,250,250,250" oya="0" hai0="51,91,77,114,102,19,63,53,130,107,85,13,96" hai1="71,16,28,12,24,117,76,120,124,80,106,90,46" hai2="72,52,131,99,84,83,25,35,105,67,68,40,121" hai3="54,62,18,26,116,74,61,78,65,101,75,132,48"/><T23/><D130/><U0/><E117/><V45/><F121/><W79/><G116/><T27/><D114/><U111/><E120/><V122/><F122/><W49/><G132/><T39/><D39/><U32/><E111/><V41/><F72/><W50/><G75/><T129/><D129/><U97/><E124/><V37/><F41/><W6/><G6/><T86/><D63/><U81/><E0/><V70/><F131/><W69/><G74/><T8/><D77/><U115/><E115/><V15/><F67/><W56/><G18/><T5/><D91/><U47/><E71/><V118/><F15/><W64/><G26/><T123/><REACH who="0" step="1"/><D123/><REACH who="0" ten="240,250,250,250" step="2"/><U29/><E90/><V113/><F113/><W30/><G79/><T17/><D17/><U110/><E16/><V133/><F118/><W108/><G78/><T57/><AGARI ba="0,1" hai="5,8,13,19,23,27,51,53,57,85,86,96,102,107" machi="57" ten="20,3900,0" yaku="1,1,0,1,7,1,53,0" doraHai="89" doraHaiUra="42" who="0" fromWho="0" sc="240,49,250,-13,250,-13,250,-13" /><INIT seed="0,1,0,4,0,77" ten="289,237,237,237" oya="0" hai0="62,89,22,7,112,73,103,120,15,99,57,27,19" hai1="63,111,93,74,54,17,2,110,58,33,66,45,13" hai2="134,81,37,90,83,50,113,53,127,16,9,129,117" hai3="10,65,25,86,40,23,130,102,26,135,42,31,55"/><T94/><D112/><U48/><E2/><V76/><F113/><W12/><G135/><T20/><D120/><U70/><E33/><V107/><F37/><W68/><G130/><T46/><D73/><U61/><E74/><V128/><F107/><W115/><G115/><T119/><D119/><U4/><E4/><V75/><F134/><W109/><G109/><T123/><D123/><U69/><E93/><V133/><F133/><W95/><G65/><T11/><D46/><U8/><REACH who="1" step="1"/><E70/><REACH who="1" ten="289,227,237,237" step="2"/><V91/><F117/><W97/><G68/><T24/><D103/><U29/><E29/><V1/><F1/><W36/><G95/><T59/><REACH who="0" step="1"/><D62/><REACH who="0" ten="279,227,237,237" step="2"/><U21/><E21/><V41/><F75/><W124/><G23/><T67/><D67/><AGARI ba="1,2" hai="8,13,17,45,48,54,58,61,63,66,67,69,110,111" machi="67" ten="40,1300,0" yaku="1,1,53,0" doraHai="77" doraHaiUra="101" who="1" fromWho="0" sc="279,-16,227,36,237,0,237,0" /><INIT seed="1,0,0,4,5,48" ten="263,263,237,237" oya="1" hai0="31,73,26,17,3,112,2,52,84,91,47,56,104" hai1="122,53,114,19,115,13,65,85,94,49,103,88,21" hai2="120,22,54,44,87,95,92,66,82,126,0,34,123" hai3="18,83,113,75,121,41,108,86,135,38,118,64,127"/><U70/><E122/><V131/><F34/><W105/><RYUUKYOKU type="yao9" ba="0,0" sc="263,0,263,0,237,0,237,0" hai3="18,38,41,64,75,83,86,105,108,113,118,121,127,135" /><INIT seed="1,1,0,0,2,112" ten="263,263,237,237" oya="1" hai0="57,63,11,73,120,118,96,67,5,133,42,106,9" hai1="3,72,1,61,87,98,116,85,35,132,107,66,122" hai2="64,37,49,76,110,77,34,109,70,100,84,13,59" hai3="99,111,50,88,43,83,36,10,134,104,79,28,7"/><U101/><E122/><V46/><F34/><W45/><G111/><T6/><D133/><U24/><E132/><V17/><F70/><W25/><G134/><T75/><D120/><U69/><E72/><V48/><F100/><W53/><G104/><T117/><D42/><U30/><REACH who="1" step="1"/><E116/><REACH who="1" ten="263,253,237,237" step="2"/><V0/><F110/><W38/><G43/><T22/><D73/><U123/><E123/><V31/><F109/><W18/><G38/><T105/><D75/><U114/><E114/><V89/><F37/><W125/><G36/><T127/><D117/><U121/><E121/><V4/><F48/><W14/><G125/><T131/><D118/><U8/><E8/><V39/><F49/><W2/><G10/><T55/><D9/><U78/><E78/><V130/><F76/><W92/><G50/><T15/><D127/><U60/><E60/><V115/><F77/><W124/><G79/><T68/><D5/><U54/><E54/><V40/><F4/><W47/><G53/><T29/><D55/><U12/><E12/><V135/><F135/><W128/><G14/><T16/><D6/><U20/><E20/><V33/><F115/><W21/><G21/><T32/><D11/><U94/><E94/><V108/><F108/><W126/><G7/><T19/><D106/><U52/><E52/><V86/><F13/><W97/><G126/><T23/><D105/><U27/><E27/><V91/><F39/><W41/><G25/><T129/><D32/><U80/><E80/><V82/><F82/><W62/><G124/><T56/><D15/><U71/><E71/><V90/><F33/><RYUUKYOKU ba="1,1" sc="263,-10,253,30,237,-10,237,-10" hai1="1,3,24,30,35,61,66,69,85,87,98,101,107" /><INIT seed="1,2,1,5,4,80" ten="253,283,227,227" oya="1" hai0="36,14,56,121,43,50,19,64,2,42,0,9,127" hai1="88,71,4,59,85,72,82,70,119,128,133,12,60" hai2="78,132,37,20,99,31,62,75,96,113,135,92,28" hai3="55,6,101,98,84,25,95,47,126,29,18,104,79"/><U23/><E119/><V67/><F37/><W48/><G126/><T10/><D127/><U22/><E133/><V102/><F113/><W116/><G116/><T13/><D121/><U93/><E128/><V3/><F3/><W46/><G6/><T44/><D64/><U27/><E71/><V1/><F1/><W114/><G114/><T39/><D56/><U131/><E70/><V86/><F75/><W122/><G122/><T105/><D105/><U15/><E131/><V7/><F7/><W17/><G47/><T5/><D50/><U129/><E129/><V54/><F54/><W120/><G120/><T30/><D30/><U94/><E23/><V68/><F99/><W117/><G117/><T118/><D118/><U69/><E69/><V89/><F78/><W61/><G61/><T73/><D73/><U58/><E58/><V45/><F45/><AGARI ba="2,1" hai="0,2,5,9,10,13,14,19,36,39,42,43,44,45" machi="45" ten="40,1300,0" yaku="9,1" doraHai="80" who="0" fromWho="2" sc="253,29,283,0,227,-19,227,0" /><INIT seed="2,0,0,3,0,39" ten="282,283,208,227" oya="2" hai0="45,78,125,36,51,9,114,100,48,8,44,105,7" hai1="110,3,98,88,25,96,116,133,92,126,32,99,74" hai2="70,73,119,72,15,123,80,81,97,54,108,82,49" hai3="104,95,41,12,34,22,20,117,55,13,27,111,40"/><V63/><F119/><W60/><G104/><T52/><D125/><U58/><E116/><V43/><F123/><W2/><G2/><T77/><D114/><U67/><E3/><V46/><F108/><W101/><G117/><T76/><D36/><U124/><E74/><V109/><F109/><W47/><G34/><T71/><D71/><U87/><E133/><V86/><F86/><W50/><G111/><T132/><D132/><U66/><E110/><V1/><F1/><W84/><G60/><T102/><D105/><U35/><E58/><V11/><F97/><N who="3" m="59583" /><G84/><T4/><D77/><U118/><E118/><V107/><F107/><W134/><G134/><T91/><D91/><U53/><E53/><AGARI ba="0,0" hai="4,7,8,9,44,45,48,51,52,53,76,78,100,102" machi="53" ten="25,6400,0" yaku="22,2,8,1,54,1" doraHai="39" who="0" fromWho="1" sc="282,64,283,-64,208,0,227,0" /><INIT seed="3,0,0,0,4,92" ten="346,219,208,227" oya="3" hai0="2,135,122,115,68,23,134,42,72,56,38,33,84" hai1="45,113,105,121,127,48,103,64,52,97,36,57,50" hai2="62,65,74,95,110,1,102,15,128,39,35,131,79" hai3="96,100,26,89,70,85,31,21,126,94,86,73,91"/><W118/><G126/><T12/><D72/><U19/><E127/><V108/><F1/><W49/><G118/><T0/><D68/><U32/><E121/><V107/><F35/><W3/><G3/><T71/><D71/><U46/><E113/><V13/><F39/><W25/><G73/><T116/><D42/><U88/><E32/><V111/><F95/><W67/><G70/><T51/><D38/><U124/><E124/><V117/><F117/><W54/><G67/><T9/><D33/><U4/><E4/><V90/><F90/><N who="3" m="34315" /><G26/><T63/><D51/><U101/><E36/><V133/><F133/><W37/><G37/><T14/><D2/><U81/><E19/><V24/><F24/><W61/><G61/><T28/><D122/><U43/><E103/><V87/><F74/><W40/><G40/><T80/><D115/><U55/><E64/><V66/><F66/><W109/><G109/><T5/><D116/><U132/><E132/><V120/><F120/><W34/><G34/><T30/><D0/><U82/><REACH who="1" step="1"/><E88/><REACH who="1" ten="346,209,208,227" step="2"/><V20/><F108/><W7/><G7/><N who="0" m="3135" /><D135/><U47/><E47/><AGARI ba="0,1" hai="21,25,31,47,49,54,85,86,94,96,100" m="34315" machi="47" ten="30,2900,0" yaku="8,1,52,1" doraHai="92" who="3" fromWho="1" sc="346,0,209,-29,208,0,227,39" /><INIT seed="3,1,0,1,0,14" ten="346,180,208,266" oya="3" hai0="94,41,90,118,85,3,27,110,129,115,32,38,74" hai1="101,98,58,81,34,104,36,39,16,8,48,17,135" hai2="105,120,20,37,30,59,100,12,102,7,112,119,82" hai3="78,87,75,93,79,121,127,133,54,69,107,122,35"/><W103/><G69/><T33/><D118/><U57/><E34/><V125/><F112/><W13/><G35/><T130/><D3/><U80/><E135/><V53/><F37/><W61/><G133/><T21/><D110/><U23/><E39/><V49/><F119/><W111/><G127/><T83/><D115/><U84/><E36/><V25/><F125/><W46/><G111/><T65/><D65/><U28/><E81/><V47/><F120/><W9/><G75/><T22/><D22/><U134/><E134/><V95/><F105/><W109/><G109/><T63/><D63/><U4/><E28/><V45/><F82/><W126/><G126/><T131/><D41/><U99/><E99/><V72/><F72/><W5/><G107/><T128/><D38/><U64/><E64/><V24/><F24/><W66/><G122/><T68/><D68/><U1/><E48/><V52/><F95/><W0/><G0/><T88/><D74/><U26/><REACH who="1" step="1"/><E17/><REACH who="1" ten="346,170,208,266" step="2"/><V106/><F106/><W15/><G66/><T86/><N who="0" m="32768" /><DORA hai="55" /><T70/><D70/><U117/><E117/><V123/><F123/><W29/><G29/><AGARI ba="1,1" hai="21,27,29,32,33,83,85,86,88,90,94" m="32768" machi="29" ten="70,4500,0" yaku="19,1,54,1" doraHai="14,55" who="0" fromWho="3" sc="346,58,170,0,208,0,266,-48" /><INIT seed="4,0,0,0,1,21" ten="404,170,208,218" oya="0" hai0="110,114,113,59,85,98,106,10,0,61,71,84,33" hai1="125,108,81,117,123,5,74,7,63,80,118,24,134" hai2="132,23,119,90,82,43,62,64,44,17,105,26,101" hai3="76,111,91,37,32,47,104,45,13,131,41,94,60"/><T87/><D71/><U100/><E108/><V93/><F132/><W36/><G111/><T103/><D110/><U86/><E123/><V135/><F135/><W68/><G104/><T122/><D122/><U8/><E134/><V65/><F119/><W35/><G131/><T73/><D73/><U79/><E125/><V89/><F105/><W77/><G13/><T48/><D48/><U34/><E100/><V11/><F11/><W124/><G124/><T15/><D33/><U72/><E63/><V46/><F46/><W97/><G35/><T58/><D0/><U2/><E7/><V102/><F82/><W128/><G128/><T40/><D40/><U29/><E86/><V1/><F1/><W116/><G116/><T109/><D109/><U18/><E18/><V31/><F65/><W69/><G32/><T127/><D127/><U130/><E130/><V83/><F83/><W22/><G22/><T19/><REACH who="0" step="1"/><D59/><REACH who="0" ten="394,170,208,218" step="2"/><U28/><E28/><V27/><F43/><W30/><G69/><T96/><D96/><U12/><E12/><V51/><F51/><W112/><G68/><T20/><D20/><U50/><E50/><V55/><F23/><W14/><G41/><T99/><D99/><U25/><E25/><V88/><F27/><W54/><G97/><T66/><AGARI ba="0,1" hai="10,15,19,58,61,66,84,85,87,98,103,106,113,114" machi="66" ten="30,3000,0" yaku="1,1,0,1,53,0" doraHai="21" doraHaiUra="121" who="0" fromWho="0" sc="394,40,170,-10,208,-10,218,-10" /><INIT seed="4,1,0,1,0,83" ten="434,160,198,208" oya="0" hai0="4,41,47,36,32,8,118,74,132,88,18,65,61" hai1="52,95,82,90,71,86,63,85,45,33,131,101,100" hai2="23,29,48,122,111,87,58,62,39,73,15,22,124" hai3="34,129,19,106,99,123,110,75,2,97,21,91,120"/><T79/><D132/><U25/><E131/><V125/><F39/><W113/><G110/><T114/><D114/><U11/><E71/><V94/><F73/><W54/><G113/><T126/><D126/><U130/><E130/><V6/><F122/><N who="3" m="46635" /><G129/><T135/><D135/><U17/><E33/><V13/><F111/><W26/><G2/><T35/><D18/><U16/><E25/><V80/><F48/><W98/><G75/><T46/><D46/><U70/><E70/><V55/><F94/><W0/><G0/><N who="0" m="7" /><D88/><N who="1" m="51255" /><E11/><V67/><F6/><W128/><G128/><T42/><D42/><U84/><E84/><V119/><F119/><W24/><G106/><T57/><D118/><U134/><E134/><V5/><F5/><W60/><G34/><T50/><D50/><N who="1" m="28751" /><E63/><V133/><F133/><W103/><G26/><T89/><D35/><U3/><E3/><V68/><F124/><W14/><G24/><T44/><D32/><U93/><E93/><V81/><F125/><W59/><G103/><AGARI ba="1,0" hai="16,17,86,90,95,100,101,103" m="28751,51255" machi="103" ten="30,12000,2" yaku="8,1,52,2,54,3" doraHai="83" who="1" fromWho="3" sc="434,0,160,123,198,0,208,-123" /><INIT seed="5,0,0,5,4,13" ten="434,283,198,85" oya="1" hai0="118,51,32,88,3,79,60,121,135,36,43,127,123" hai1="16,21,129,65,11,101,57,93,37,49,96,53,83" hai2="115,59,7,105,120,63,22,134,58,75,25,44,62" hai3="2,103,27,131,26,17,77,0,68,66,130,40,33"/><U69/><E129/><N who="3" m="49162" /><G40/><T76/><D118/><U56/><E37/><V29/><F120/><W47/><G47/><T23/><D32/><U10/><E69/><V28/><F75/><W6/><G77/><T85/><D3/><N who="3" m="1065" /><G66/><T64/><D36/><U122/><E122/><V80/><F105/><W124/><G68/><T109/><D51/><U12/><E83/><V133/><F44/><W81/><G81/><T125/><D43/><U48/><E65/><V84/><F58/><W102/><G6/><T71/><D79/><U41/><E41/><V112/><F7/><W114/><G114/><N who="2" m="43561" /><F84/><W82/><G82/><T20/><D76/><U104/><E104/><V92/><F92/><W70/><G70/><T15/><D85/><U90/><E101/><N who="3" m="38410" /><G33/><T117/><D71/><U97/><E97/><V39/><F80/><W30/><G30/><T107/><D107/><U106/><E106/><V98/><F98/><W45/><G45/><T52/><D64/><U9/><E57/><V89/><F29/><W119/><G119/><T14/><D117/><U42/><E42/><V34/><F34/><W111/><G111/><T38/><D109/><U86/><E96/><V24/><F28/><W50/><G50/><AGARI ba="0,0" hai="9,10,11,12,16,21,48,49,50,53,56,86,90,93" machi="50" ten="40,12000,1" yaku="25,2,8,1,52,1,54,1" doraHai="13" who="1" fromWho="3" sc="434,0,283,120,198,0,85,-120" owari="434,53.4,403,20.3,198,-20.2,-35,-53.5" /></mjloggm>