<mjloggm ver="2.3"><GO type="169" lobby="0"/><UN n0="%4D%75%64%46%6C%6F%77" n1="%E5%8F%97%E3%81%91%E5%85%A5%E3%82%8C%E9%87%8D%E8%A6%96" n2="%E3%82%B0%E3%83%B3%E3%83%80%E3%83%AA%E3%83%BC" n3="%E3%81%8B%E3%81%A3%E9%A3%9B%E3%81%B0%E3%81%9B%E5%85%A8%E9%83%A8" dan="17,17,19,17" rate="2198.64,2161.46,2293.81,2175.82" sx="M,M,M,M"/><TAIKYOKU oya="0"/><INIT seed="0,0,0,1,3,3" ten="250,250,250,250" oya="0" hai0="91,106,132,78,9,14,96,100,4,103,79,66,17" hai1="50,105,129,21,97,122,68,2,81,128,18,130,30" hai2="85,124,111,84,80,5,77,65,126,133,94,123,101" hai3="110,61,15,36,39,6,67,55,114,69,41,38,89"/><T134/><D103/><U0/><E122/><V51/><F65/><W47/><G114/><T53/><D66/><U58/><E68/><V7/><F123/><W37/><G110/><T46/><D91/><U59/><E30/><V115/><F115/><W57/><G89/><T10/><D53/><U49/><E81/><V52/><F111/><W73/><G73/><T42/><D10/><U16/><E97/><N who="2" m="59575" /><F133/><N who="0" m="51306" /><D17/><N who="1" m="6763" /><E21/><V98/><F98/><W88/><G88/><T121/><D121/><U104/><E0/><V71/><F71/><W26/><G26/><T83/><D83/><U28/><E28/><V64/><F64/><W82/><G82/><T107/><D107/><N who="1" m="41035" /><E2/><V33/><F33/><W62/><G15/><T76/><D79/><U120/><E120/><V12/><F12/><W119/><G6/><N who="2" m="2057" /><F80/><W113/><G113/><T34/><D34/><U127/><E127/><N who="2" m="48683" /><F77/><W48/><G119/><T95/><D106/><U131/><E131/><V117/><F117/><W102/><G102/><T22/><D22/><U108/><E108/><V31/><F31/><W56/><G69/><T54/><D78/><U8/><E8/><V87/><F87/><W86/><G86/><T99/><D76/><U74/><E74/><V27/><F27/><W40/><G40/><T116/><D116/><U92/><E92/><V135/><F135/><W125/><G125/><T19/><D42/><U63/><E63/><AGARI ba="0,0" hai="36,37,38,39,41,47,48,55,56,57,61,62,63,67" machi="63" ten="40,12000,2" yaku="35,6" doraHai="3" who="3" fromWho="1" sc="250,0,250,-120,250,0,250,120" /><INIT seed="1,0,0,3,1,1" ten="250,130,250,370" oya="1" hai0="39,102,47,23,129,72,14,56,10,30,81,132,25" hai1="127,110,99,91,80,83,41,85,122,20,82,27,0" hai2="54,65,5,133,77,55,109,38,79,104,57,59,52" hai3="108,124,96,34,63,44,50,101,97,53,24,40,89"/><U48/><E0/><V87/><F109/><W18/><G108/><T135/><D129/><U90/><E110/><V123/><F123/><W64/><G124/><T61/><D102/><U113/><E122/><V121/><F121/><W11/><G34/><T67/><D39/><U111/><E111/><V60/><F133/><W31/><G31/><T100/><D47/><N who="1" m="25711" /><E113/><V58/><F104/><W107/><G40/><T106/><D100/><U128/><E128/><V84/><F38/><W103/><G89/><N who="1" m="33802" /><E127/><V94/><F5/><W116/><G116/><T49/><D106/><U26/><E27/><V117/><F117/><W130/><G130/><T62/><D72/><U22/><E99/><V16/><F94/><W36/><G36/><T66/><D81/><N who="1" m="31339" /><E26/><V42/><F42/><W45/><G24/><T43/><D43/><U115/><E115/><V105/><F105/><W131/><G131/><T2/><D2/><U70/><E70/><V17/><F60/><W71/><G63/><T15/><D49/><U92/><E92/><V126/><F65/><W114/><G64/><T9/><D132/><U74/><E74/><V134/><F126/><W98/><G71/><T78/><D135/><U6/><E6/><V35/><F35/><W88/><G114/><T51/><D51/><U12/><E12/><N who="0" m="4649" /><D78/><AGARI ba="0,0" hai="20,22,78,83,85" m="31339,33802,25711" machi="78" ten="30,1500,0" yaku="8,1" doraHai="1" who="1" fromWho="0" sc="250,-15,130,15,250,0,370,0" /><INIT seed="1,1,0,0,3,69" ten="235,145,250,370" oya="1" hai0="104,73,40,29,58,11,68,88,65,101,93,77,75" hai1="118,106,24,53,97,110,135,63,130,131,26,56,48" hai2="109,42,16,99,90,79,18,46,67,112,54,31,107" hai3="21,62,20,22,95,114,84,103,122,119,12,50,123"/><U70/><E118/><V25/><F109/><W85/><G114/><T28/><D68/><U38/><E135/><V19/><F112/><W13/><G119/><T117/><D117/><U36/><E110/><V116/><F116/><W60/><G50/><T81/><D73/><U133/><E133/><V32/><F67/><W98/><G123/><T80/><D80/><U78/><E78/><V83/><F54/><W74/><G74/><T91/><D91/><U71/><E71/><V125/><F125/><W59/><G60/><T57/><D11/><U44/><E70/><V23/><F90/><W89/><G122/><T124/><D124/><U92/><E106/><V9/><F9/><W10/><G10/><T113/><D113/><U121/><E121/><V1/><F1/><W102/><G84/><T52/><D40/><U49/><E48/><V45/><F32/><W66/><REACH who="3" step="1"/><G103/><REACH who="3" ten="235,145,250,360" step="2"/><T64/><D101/><N who="1" m="60583" /><E63/><V34/><F42/><W33/><G33/><T128/><D75/><U115/><E115/><V4/><F34/><W127/><G127/><T3/><D65/><U100/><E100/><V2/><F2/><W134/><G134/><T5/><D64/><U55/><E55/><V8/><F8/><W14/><G14/><T17/><D3/><U72/><E72/><V111/><F111/><W7/><G7/><T82/><D5/><U86/><E86/><N who="2" m="48511" /><F4/><W51/><G51/><T105/><D52/><U6/><E6/><V15/><F15/><W129/><G129/><N who="1" m="49162" /><E44/><V41/><F41/><W61/><G61/><T87/><D128/><U47/><E47/><V108/><F108/><RYUUKYOKU ba="1,1" sc="235,-30,145,10,250,10,360,10" hai1="24,26,36,38,49,53,56" hai2="16,18,19,23,25,31,45,46,99,107" hai3="12,13,20,21,22,59,62,66,85,89,95,98,102" /><INIT seed="1,2,1,2,2,45" ten="205,155,260,370" oya="1" hai0="57,98,33,81,74,134,22,32,119,107,55,83,48" hai1="103,89,25,96,61,80,44,91,95,20,84,47,78" hai2="13,120,59,85,87,88,0,53,36,104,39,5,125" hai3="76,23,46,79,62,128,49,94,15,65,26,106,130"/><U10/><E10/><V19/><F120/><W93/><G106/><T66/><D119/><U113/><E113/><V75/><F104/><W29/><G130/><T71/><D134/><U116/><E116/><V110/><F75/><W40/><G128/><T21/><D71/><U56/><E91/><V112/><F87/><W114/><G114/><T101/><D66/><U41/><E41/><V24/><F24/><W18/><G79/><T68/><D68/><U16/><REACH who="1" step="1"/><E103/><REACH who="1" ten="205,145,260,370" step="2"/><V90/><F112/><W86/><G76/><T117/><D117/><U132/><E132/><V133/><F90/><W135/><G135/><T99/><D101/><U115/><E115/><V77/><F88/><W123/><G123/><T6/><D6/><U31/><E31/><V118/><F5/><W131/><G131/><T38/><D81/><U7/><E7/><V11/><F11/><W124/><G124/><T43/><D83/><U42/><E42/><V60/><F125/><W121/><G121/><T63/><D43/><U17/><E17/><V34/><F19/><W27/><G29/><T52/><D38/><N who="2" m="14378" /><F118/><W126/><G126/><T51/><D99/><U70/><E70/><V69/><F69/><W9/><G18/><T100/><D98/><U102/><E102/><V111/><F133/><W73/><G9/><T92/><D100/><U3/><E3/><V82/><F0/><W50/><G40/><T8/><D8/><U129/><E129/><V2/><F82/><W14/><G23/><T12/><D22/><U30/><E30/><V64/><F2/><W4/><G4/><T58/><D21/><RYUUKYOKU ba="2,2" sc="205,-10,145,30,260,-10,370,-10" hai1="16,20,25,44,47,56,61,78,80,84,89,95,96" /><INIT seed="1,3,2,2,5,132" ten="195,175,250,360" oya="1" hai0="100,105,50,28,7,67,124,84,3,129,106,52,130" hai1="87,26,93,102,85,1,122,36,14,107,116,22,45" hai2="2,54,104,58,127,25,83,21,49,111,63,75,40" hai3="79,65,66,115,32,12,37,33,57,91,0,64,101"/><U109/><E1/><V27/><F2/><W97/><G115/><T34/><D67/><U6/><E116/><V53/><F104/><W125/><G0/><T110/><D110/><U94/><E107/><V24/><F111/><W16/><G37/><T29/><D84/><U43/><E122/><V69/><F127/><W13/><G79/><T15/><D3/><U55/><E109/><V123/><F123/><W80/><G12/><T90/><D90/><U17/><E55/><V41/><F69/><W39/><G39/><T126/><D7/><U62/><E62/><V96/><F96/><W82/><G57/><N who="0" m="32919" /><D15/><U20/><E6/><V8/><F8/><W61/><G61/><T44/><D44/><U72/><E72/><V5/><F5/><W119/><G119/><T131/><D106/><U9/><E9/><V59/><F75/><W74/><G74/><T108/><D108/><U98/><REACH who="1" step="1"/><E93/><REACH who="1" ten="195,165,250,360" step="2"/><V35/><F54/><W51/><G64/><T42/><D42/><U88/><E88/><V103/><F41/><W70/><G65/><T112/><D112/><U117/><E117/><V60/><F40/><W114/><G66/><T31/><D34/><U10/><E10/><V30/><F35/><W38/><G32/><T73/><D73/><U81/><E81/><V134/><F83/><W48/><G33/><T95/><D105/><U46/><E46/><V4/><F4/><W19/><G114/><T71/><D71/><U18/><AGARI ba="3,3" hai="14,17,18,20,22,26,36,43,45,85,87,94,98,102" machi="18" ten="20,3900,0" yaku="1,1,0,1,7,1,53,0" doraHai="132" doraHaiUra="113" who="1" fromWho="1" sc="195,-16,165,78,250,-16,360,-16" /><INIT seed="1,4,0,1,0,107" ten="179,243,234,344" oya="1" hai0="71,60,72,37,14,122,85,69,110,132,10,33,90" hai1="29,93,79,80,25,6,113,8,44,39,54,77,61" hai2="78,135,38,40,84,21,76,73,109,121,45,95,28" hai3="4,47,83,105,74,55,118,22,116,111,104,123,46"/><U42/><E113/><V99/><F121/><W19/><G123/><T66/><D122/><U68/><E93/><V102/><F109/><W131/><G111/><T24/><D110/><U108/><E108/><V114/><F135/><W58/><G131/><T57/><D37/><U23/><E80/><V92/><F114/><W75/><G4/><T70/><D132/><U134/><E134/><V35/><F35/><W89/><G105/><T117/><D117/><N who="3" m="45161" /><G104/><T48/><D24/><U50/><E61/><V52/><F73/><N who="3" m="27659" /><G89/><T115/><D72/><U27/><E27/><V13/><F78/><W64/><G64/><T15/><D115/><U16/><E29/><V98/><F76/><W112/><G83/><T67/><D67/><U87/><E68/><V41/><F92/><W36/><G36/><T53/><D70/><U130/><E87/><V17/><F84/><W125/><G125/><T34/><D71/><U2/><REACH who="1" step="1"/><E130/><REACH who="1" ten="179,233,234,344" step="2"/><V56/><F28/><W62/><G112/><T119/><D119/><U31/><E31/><V32/><F95/><W26/><AGARI ba="4,1" hai="19,22,26,46,47,55,58,62" m="27659,45161" machi="26" ten="30,7900,0" yaku="12,1,52,3" doraHai="107" who="3" fromWho="3" sc="179,-24,233,-43,234,-24,344,101" /><INIT seed="2,0,0,3,3,40" ten="155,190,210,445" oya="2" hai0="22,114,32,72,45,16,87,120,110,42,129,124,46" hai1="52,58,61,55,30,94,88,127,20,17,134,119,104" hai2="71,43,10,21,44,122,70,118,84,5,123,56,13" hai3="50,28,130,74,64,12,125,54,65,68,133,101,67"/><V121/><F118/><W112/><G74/><T115/><D72/><U85/><E119/><V49/><F84/><W48/><G28/><T23/><D32/><U38/><E38/><V0/><REACH who="2" step="1"/><F56/><REACH who="2" ten="155,190,200,445" step="2"/><W76/><G68/><T24/><D115/><U90/><E58/><V73/><F73/><W113/><G112/><T95/><D114/><U80/><E85/><V106/><F106/><W109/><G113/><T2/><D87/><U111/><E104/><V27/><F27/><W39/><G64/><T117/><D117/><U93/><E93/><V126/><F126/><W8/><G65/><T131/><D124/><U89/><E94/><V69/><F69/><W29/><G67/><T132/><D95/><U75/><E127/><V41/><F41/><W19/><G125/><T79/><D42/><U1/><E75/><V99/><F99/><W108/><G54/><T135/><D24/><U91/><E52/><V107/><F107/><W86/><G86/><T81/><D81/><U35/><E55/><V59/><F59/><W77/><G76/><T128/><D79/><U82/><E82/><V96/><F96/><W63/><G77/><T92/><D92/><U26/><E80/><V9/><F9/><W66/><G8/><T98/><D98/><U6/><E26/><V105/><F105/><W25/><G25/><T34/><D129/><U3/><E35/><V18/><AGARI ba="0,1" hai="0,5,10,13,18,21,43,44,49,70,71,121,122,123" machi="18" ten="40,7800,0" yaku="1,1,0,1,52,1,53,0" doraHai="40" doraHaiUra="31" who="2" fromWho="2" sc="155,-26,190,-26,200,88,445,-26" /><INIT seed="2,1,0,2,3,131" ten="129,164,288,419" oya="2" hai0="116,44,79,9,52,30,1,121,17,86,54,100,55" hai1="50,92,105,32,73,125,74,107,27,94,15,38,65" hai2="4,132,129,22,0,12,42,90,91,72,134,34,66" hai3="29,82,48,98,71,40,16,113,11,39,117,10,83"/><V108/><F34/><W97/><G117/><T75/><D121/><U37/><E65/><V112/><F112/><W133/><G113/><T89/><D116/><U95/><E125/><V120/><F120/><W51/><G71/><T118/><D118/><U111/><E111/><V104/><F72/><W49/><G29/><T23/><D100/><U88/><E15/><V6/><F104/><W93/><G133/><N who="2" m="51305" /><F129/><W78/><G98/><T47/><D30/><U63/><E63/><V56/><F42/><W62/><G62/><T109/><D109/><U124/><E124/><V84/><F108/><W128/><G128/><T99/><D75/><U43/><E73/><V103/><F103/><W115/><G115/><T45/><D99/><U36/><E74/><V85/><F56/><W25/><G40/><T28/><D28/><U61/><E61/><V81/><F66/><W35/><G35/><T126/><D126/><U46/><E32/><V119/><F0/><W26/><G39/><T110/><D110/><U135/><E135/><V130/><F130/><W69/><G48/><T101/><D101/><U114/><E114/><V8/><F22/><W76/><G49/><T2/><D23/><U58/><E58/><V31/><F31/><W59/><G51/><T33/><D33/><U3/><E3/><N who="2" m="31" /><F119/><W80/><G59/><T13/><D1/><U5/><E107/><V60/><F60/><W122/><G122/><T77/><REACH who="0" step="1"/><D2/><REACH who="0" ten="119,164,288,419" step="2"/><U106/><E106/><V53/><F85/><W57/><G97/><T70/><D70/><U21/><E105/><V102/><F84/><W14/><G69/><RYUUKYOKU ba="1,1" sc="119,30,164,-10,288,-10,419,-10" hai0="9,13,17,44,45,47,52,54,55,77,79,86,89" /><INIT seed="3,2,1,4,1,51" ten="149,154,278,409" oya="3" hai0="45,90,42,53,84,68,7,128,123,134,8,0,39" hai1="78,46,117,21,122,27,6,119,96,3,82,48,29" hai2="86,81,112,106,120,22,110,13,50,108,88,1,135" hai3="19,24,34,5,56,77,115,130,15,18,75,57,10"/><W114/><G130/><T87/><D123/><U9/><E96/><V12/><F112/><W4/><G75/><T44/><D128/><U17/><E29/><V126/><F1/><W66/><G77/><T54/><D134/><U83/><E122/><V99/><F120/><W133/><G133/><T59/><D68/><U62/><E62/><V43/><F135/><W109/><G109/><N who="2" m="42089" /><F126/><W91/><G91/><T20/><D20/><U69/><E69/><V118/><F118/><N who="1" m="45065" /><E78/><V95/><F22/><W33/><G15/><T93/><D45/><U67/><E67/><V37/><F106/><W104/><G104/><T30/><D30/><U41/><AGARI ba="2,1" hai="3,6,9,17,21,27,41,46,48,82,83" m="45065" machi="41" ten="30,1100,0" yaku="12,1" doraHai="51" who="1" fromWho="1" sc="149,-5,154,27,278,-5,409,-7" /><INIT seed="4,0,0,2,2,34" ten="144,181,273,402" oya="0" hai0="89,98,117,81,121,43,105,50,112,55,77,78,35" hai1="72,9,80,48,46,111,74,107,75,32,90,33,20" hai2="133,87,60,91,120,6,88,70,102,57,52,108,29" hai3="39,118,0,16,123,126,23,4,135,84,36,127,82"/><T104/><D117/><U10/><E107/><V27/><F108/><W119/><G135/><T42/><D121/><U124/><E111/><V85/><F120/><W122/><G123/><T128/><D112/><U41/><E124/><N who="3" m="47658" /><G122/><T54/><D35/><U93/><E80/><V31/><F133/><W26/><G4/><T130/><D81/><U79/><E79/><V68/><F102/><W5/><G5/><T103/><D89/><U125/><E125/><V69/><F6/><W8/><G8/><T86/><D86/><U67/><E67/><V15/><F15/><W114/><G0/><T45/><D105/><U14/><E20/><V109/><F27/><W11/><G11/><T59/><D55/><U53/><E9/><V131/><F131/><N who="0" m="50218" /><D43/><U17/><REACH who="1" step="1"/><E41/><REACH who="1" ten="144,171,273,402" step="2"/><V28/><F109/><W12/><G119/><T58/><D58/><U96/><AGARI ba="0,1" hai="10,14,17,32,33,46,48,53,72,74,75,90,93,96" machi="96" ten="30,4000,0" yaku="1,1,2,1,0,1,53,0" doraHai="34" doraHaiUra="62" who="1" fromWho="1" sc="144,-20,171,50,273,-10,402,-10" /><INIT seed="5,0,0,0,4,76" ten="124,221,263,392" oya="1" hai0="99,11,47,26,98,30,131,31,58,107,78,133,34" hai1="100,104,90,84,52,56,109,28,75,13,92,96,48" hai2="1,113,114,53,62,105,127,50,129,73,57,72,38" hai3="25,65,125,43,88,22,45,124,3,101,134,63,119"/><U41/><E109/><V111/><F111/><W0/><G134/><T60/><D133/><U49/><E75/><V7/><F38/><N who="3" m="21751" /><G101/><T51/><D131/><U27/><E13/><V115/><F105/><W71/><G88/><T121/><D121/><U29/><REACH who="1" step="1"/><E27/><REACH who="1" ten="124,211,263,392" step="2"/><V66/><F129/><W33/><G25/><T91/><D31/><U81/><E81/><V9/><REACH who="2" step="1"/><F127/><REACH who="2" ten="124,211,253,392" step="2"/><W97/><G125/><T132/><D132/><U130/><E130/><V12/><F12/><W59/><G124/><T46/><D26/><U69/><E69/><AGARI ba="0,2" hai="1,7,9,50,53,57,62,66,69,72,73,113,114,115" machi="69" ten="40,8000,1" yaku="1,1,15,1,11,1,53,1" doraHai="76" doraHaiUra="6" who="2" fromWho="1" sc="124,0,211,-80,253,100,392,0" /><INIT seed="6,0,0,2,0,132" ten="124,131,353,392" oya="2" hai0="68,82,60,5,114,87,63,93,54,55,62,107,40" hai1="42,86,70,105,116,106,101,13,45,102,31,39,11" hai2="104,14,36,19,113,110,22,27,96,103,10,75,130" hai3="124,6,99,12,0,67,129,119,131,23,20,74,53"/><V122/><F113/><W81/><G119/><T108/><D108/><U64/><E116/><V109/><F122/><W16/><G67/><T58/><D107/><U76/><E106/><V88/><F130/><N who="3" m="49675" /><G124/><T9/><D114/><U44/><E105/><V90/><F75/><W89/><G20/><T66/><D40/><U50/><E31/><V48/><F36/><W56/><G99/><T71/><D93/><U3/><E3/><V69/><F69/><W97/><G97/><T79/><D71/><U38/><E38/><V73/><F73/><W7/><G0/><T123/><D123/><U78/><E64/><V72/><F72/><W125/><G125/><T26/><D26/><U51/><E70/><V135/><F135/><W100/><G100/><T95/><D95/><U1/><E1/><V41/><F110/><W35/><G35/><T98/><D98/><U18/><E39/><V21/><F21/><W46/><G46/><T112/><D112/><U121/><E121/><V94/><F104/><W57/><G57/><T128/><D128/><U24/><E24/><V43/><F109/><W84/><G74/><T29/><D29/><U34/><E34/><V17/><REACH who="2" step="1"/><F43/><REACH who="2" ten="124,131,343,392" step="2"/><W134/><G134/><T4/><D9/><U28/><E42/><V133/><F133/><W111/><G111/><T126/><D126/><U118/><E118/><V32/><F32/><W120/><G120/><T117/><D117/><U80/><E11/><V52/><F52/><N who="0" m="20010" /><D68/><U8/><E8/><V25/><F25/><W33/><G33/><T92/><D66/><U61/><E28/><V77/><F77/><RYUUKYOKU ba="0,1" sc="124,-15,131,-15,343,15,392,15" hai2="10,14,17,19,22,27,41,48,88,90,94,96,103" hai3="6,7,12,16,23,53,56,81,84,89" /><INIT seed="6,1,1,4,5,130" ten="109,116,358,407" oya="2" hai0="49,89,17,52,59,3,135,15,98,65,38,63,19" hai1="12,22,77,64,58,107,32,96,66,86,9,18,48" hai2="62,84,106,36,113,127,93,68,94,73,74,111,134" hai3="117,37,92,91,119,67,7,30,79,1,69,25,26"/><V102/><F36/><W0/><G37/><T56/><D3/><U5/><E32/><V128/><F62/><W41/><G41/><T90/><D38/><U27/><E107/><V20/><F20/><W99/><G79/><T43/><D43/><U51/><E96/><N who="2" m="61767" /><F68/><W45/><G45/><T31/><D31/><U83/><REACH who="1" step="1"/><E58/><REACH who="1" ten="109,106,358,407" step="2"/><V103/><F128/><W23/><G99/><T29/><D98/><U55/><E55/><V76/><F111/><W50/><G69/><T123/><D123/><U44/><E44/><V109/><F109/><W33/><G33/><T75/><D75/><U10/><E10/><V105/><F105/><W97/><G97/><T125/><D125/><U85/><E85/><V71/><F71/><W129/><G129/><T16/><D135/><U2/><E2/><V24/><F134/><W21/><G0/><T101/><D101/><U120/><E120/><V60/><F127/><W42/><G1/><T124/><D124/><U70/><E70/><V4/><F103/><W78/><G42/><T13/><D29/><U88/><E88/><AGARI ba="1,2" hai="13,15,16,17,19,49,52,56,59,63,65,88,89,90" machi="88" ten="40,8000,1" yaku="8,1,54,3" doraHai="130" who="0" fromWho="1" sc="109,103,106,-83,358,0,407,0" /><INIT seed="7,0,0,0,3,133" ten="212,23,358,407" oya="3" hai0="52,33,6,79,56,28,103,135,62,36,80,63,26" hai1="86,22,76,78,92,96,118,64,117,45,126,57,106" hai2="88,102,10,43,134,112,108,113,14,125,0,55,130" hai3="24,128,95,3,60,25,85,9,109,123,40,119,1"/><W98/><G123/><T29/><D135/><U104/><E45/><V122/><F134/><W68/><G119/><T73/><D36/><U101/><E22/><V46/><F108/><W99/><G109/><T19/><D6/><U27/><E27/><V23/><F0/><W94/><G85/><T17/><D103/><U38/><E38/><V110/><F110/><W35/><G60/><T61/><D29/><U21/><E21/><V41/><F102/><W89/><G89/><T111/><D111/><U31/><E31/><V13/><F122/><W82/><G82/><T49/><AGARI ba="0,0" hai="17,19,26,28,33,49,52,56,61,62,63,73,79,80" machi="49" ten="30,2000,0" yaku="0,1,54,1" doraHai="133" who="0" fromWho="0" sc="212,20,23,-5,358,-5,407,-10" owari="232,-16.8,18,-48.2,353,15.3,397,49.7" /></mjloggm>