<mjloggm ver="2.3"><GO type="169" lobby="0"/><UN n0="%E3%81%AF%E3%83%BC%E3%81%A1%E3%82%83%E3%82%93" n1="%73%79%6C%76%65%6F%6E" n2="%E3%82%B3%E3%81%98%E3%81%95%E3%82%93%EF%BC%9F" n3="%4A%49%4D" dan="17,16,17,18" rate="2185.59,2124.01,2119.42,2235.27" sx="F,M,M,F"/><TAIKYOKU oya="0"/><INIT seed="0,0,0,5,3,46" ten="250,250,250,250" oya="0" hai0="58,11,40,20,104,62,90,41,5,27,102,47,85" hai1="109,7,83,74,25,31,24,100,133,134,72,16,17" hai2="78,113,89,76,33,9,1,126,21,103,36,98,101" hai3="96,37,93,127,69,122,105,79,80,39,13,114,110"/><T56/><D104/><U81/><E100/><V55/><F33/><W118/><G114/><T23/><D102/><U84/><E7/><V10/><F36/><W125/><G118/><T22/><D27/><U75/><E109/><V131/><F113/><W120/><G69/><T67/><D58/><U87/><E75/><V106/><F126/><N who="3" m="48139" /><G13/><T57/><D57/><U3/><REACH who="1" step="1"/><E31/><REACH who="1" ten="250,240,250,250" step="2"/><V115/><F101/><N who="3" m="60559" /><G110/><T128/><D128/><U116/><E116/><V8/><F103/><W135/><G105/><T32/><D32/><U38/><E38/><N who="3" m="14346" /><G135/><T70/><D5/><U44/><E44/><V43/><F131/><W88/><G88/><T132/><D47/><U107/><E107/><V59/><F89/><W34/><G34/><T52/><D132/><U124/><E124/><V54/><F106/><W60/><G60/><T119/><D119/><U95/><E95/><V73/><F115/><W82/><G82/><T68/><D62/><U0/><AGARI ba="0,1" hai="0,3,16,17,24,25,72,74,81,83,84,87,133,134" machi="0" ten="25,8000,1" yaku="1,1,0,1,22,2,54,1,53,0" doraHai="46" doraHaiUra="86" who="1" fromWho="1" sc="250,-40,240,90,250,-20,250,-20" /><INIT seed="1,0,0,0,1,134" ten="210,330,230,230" oya="1" hai0="59,114,100,130,69,19,26,120,46,53,10,115,88" hai1="15,14,27,110,65,18,43,38,33,129,11,124,102" hai2="74,121,42,105,66,112,5,128,78,64,125,6,2" hai3="29,93,91,63,9,109,3,79,55,68,12,7,51"/><U47/><E129/><V123/><F105/><W107/><G107/><T48/><D69/><U13/><E102/><V127/><F128/><W118/><G109/><T86/><D100/><U73/><E73/><V54/><F78/><W40/><G118/><T50/><D130/><U80/><E110/><V76/><F76/><W117/><G117/><T32/><D120/><N who="2" m="46154" /><F74/><W94/><G40/><T58/><D58/><U16/><E80/><V25/><F25/><W98/><G79/><T101/><D101/><U56/><E124/><N who="2" m="47691" /><F112/><W45/><G29/><T44/><D32/><U22/><E33/><V87/><F42/><W104/><G104/><T116/><D116/><U133/><E133/><V75/><F75/><W95/><G3/><T81/><D26/><U57/><E65/><N who="2" m="25195" /><F2/><W132/><G132/><T85/><D115/><U4/><REACH who="1" step="1"/><E15/><REACH who="1" ten="210,320,230,230" step="2"/><V70/><F70/><W20/><G12/><N who="0" m="7575" /><D114/><U41/><E41/><V36/><F36/><W0/><G0/><T62/><D81/><U17/><E17/><V39/><F39/><W72/><G72/><T92/><D92/><U96/><E96/><V77/><F54/><W135/><G135/><T8/><D53/><U24/><E24/><V131/><F131/><W34/><G55/><T60/><D85/><U122/><E122/><V61/><F61/><W21/><G63/><T108/><D86/><U111/><E111/><V83/><AGARI ba="0,1" hai="5,6,77,83,87" m="25195,47691,46154" machi="83" ten="40,8000,1" yaku="18,1,52,3" doraHai="134" who="2" fromWho="2" sc="210,-20,320,-40,230,90,230,-20" /><INIT seed="2,0,0,2,4,127" ten="190,280,320,210" oya="2" hai0="101,70,47,23,54,58,9,113,41,133,32,57,36" hai1="29,14,96,111,75,38,87,106,120,37,63,15,82" hai2="18,91,117,110,50,53,122,100,17,85,71,48,125" hai3="99,51,94,131,123,95,86,13,62,112,128,109,45"/><V79/><F117/><W76/><G123/><T68/><D32/><U77/><E120/><V56/><F122/><W98/><G109/><T102/><D9/><U92/><E111/><V126/><F110/><W119/><G119/><T7/><D23/><U69/><E29/><V66/><F79/><W64/><G112/><T0/><D7/><U27/><E27/><V108/><F108/><W134/><G134/><T20/><D20/><U72/><E72/><V88/><F100/><W107/><G107/><T116/><D0/><U104/><E104/><V35/><F35/><W40/><G13/><N who="1" m="4618" /><E63/><V3/><F3/><W67/><G67/><T124/><D102/><N who="1" m="62791" /><E69/><N who="0" m="26729" /><D101/><U33/><E33/><V103/><F103/><W26/><G26/><T129/><D116/><U28/><E28/><V105/><F105/><W115/><G115/><T10/><D10/><U132/><E132/><V6/><F6/><W22/><G22/><T65/><D133/><U21/><E21/><V81/><F91/><AGARI ba="0,0" hai="37,38,75,77,82,87,91,92" m="62791,4618" machi="91" ten="30,1000,0" yaku="24,1" doraHai="127" who="1" fromWho="2" sc="190,0,280,10,320,-10,210,0" /><INIT seed="3,0,0,5,5,90" ten="190,290,310,210" oya="3" hai0="59,97,66,110,76,52,113,85,53,39,73,16,107" hai1="56,104,8,68,128,99,11,123,96,133,60,117,40" hai2="126,34,111,42,64,22,89,121,19,101,77,44,32" hai3="54,122,2,131,4,70,118,116,46,26,6,17,27"/><W129/><G70/><T92/><D110/><U65/><E123/><V25/><F111/><W62/><G46/><T58/><D113/><U57/><E40/><V75/><F121/><W93/><G62/><N who="0" m="38231" /><D39/><U51/><E128/><N who="3" m="49226" /><G54/><T50/><D73/><U23/><E133/><V31/><F64/><W134/><G122/><T28/><D107/><U105/><E68/><V35/><F126/><W71/><G71/><T3/><D3/><U109/><E109/><V41/><F101/><W61/><G61/><T91/><D28/><U49/><E60/><V83/><F89/><W79/><G79/><T115/><D115/><U37/><E65/><V130/><F130/><W95/><G134/><T120/><D120/><U21/><REACH who="1" step="1"/><E37/><REACH who="1" ten="190,280,310,210" step="2"/><V1/><F42/><W102/><G118/><AGARI ba="0,1" hai="8,11,21,23,49,51,56,57,96,99,104,105,117,118" machi="118" ten="25,6400,0" yaku="1,1,2,1,22,2,53,0" doraHai="90" doraHaiUra="30" who="1" fromWho="3" sc="190,0,280,74,310,0,210,-64" /><INIT seed="4,0,0,5,3,46" ten="190,354,310,146" oya="0" hai0="92,119,28,23,12,16,121,22,25,105,83,125,118" hai1="128,64,50,51,71,96,58,14,35,126,112,7,110" hai2="62,2,69,47,11,56,85,30,26,38,48,68,76" hai3="39,134,107,3,13,95,97,106,27,114,60,101,87"/><T84/><D105/><U42/><E110/><V94/><F38/><W45/><G3/><T117/><D125/><U113/><E35/><V29/><F2/><W34/><G114/><N who="1" m="44138" /><E126/><V127/><F127/><W20/><G134/><T122/><REACH who="0" step="1"/><D92/><REACH who="0" ten="180,354,310,146" step="2"/><U129/><E129/><V102/><F94/><W132/><G107/><T31/><D31/><U72/><E128/><V33/><F30/><W109/><G106/><T6/><D6/><U111/><E7/><V65/><F29/><W133/><G132/><T131/><D131/><U108/><E108/><V32/><F32/><W21/><G133/><T55/><D55/><U10/><E111/><V41/><F33/><W104/><G109/><T37/><D37/><U67/><E67/><V116/><F65/><W115/><G115/><T44/><D44/><U98/><E64/><V93/><F47/><W5/><G104/><T53/><D53/><U75/><E42/><V74/><F93/><W70/><G39/><T82/><D82/><U120/><E120/><V99/><F41/><W49/><G34/><T4/><D4/><U123/><E123/><V79/><F68/><W130/><G70/><T8/><D8/><U81/><E71/><V61/><F11/><W15/><G130/><T19/><D19/><U89/><E81/><V86/><F69/><W63/><G5/><T0/><D0/><U1/><E1/><V17/><F17/><W24/><G95/><T43/><D43/><U52/><E10/><V77/><F99/><W9/><G97/><T57/><D57/><U73/><E98/><V103/><F56/><W66/><G9/><RYUUKYOKU ba="0,1" sc="180,30,354,-10,310,-10,146,-10" hai0="12,16,22,23,25,28,83,84,117,118,119,121,122" /><INIT seed="4,1,1,0,2,14" ten="210,344,300,136" oya="0" hai0="94,49,56,26,71,61,31,81,75,5,35,25,47" hai1="20,85,19,29,73,98,10,59,103,132,111,50,11" hai2="39,30,77,22,12,1,133,13,84,69,43,131,96" hai3="23,107,68,41,27,135,114,60,7,78,121,130,129"/><T126/><D126/><U119/><E111/><V40/><F1/><W97/><G114/><T38/><D5/><U54/><E73/><V17/><F69/><W64/><G135/><T33/><D71/><U79/><E119/><V46/><F133/><W95/><G107/><T80/><D38/><U134/><E29/><V93/><F131/><N who="3" m="50187" /><G121/><T9/><D9/><U65/><E134/><V83/><F30/><N who="3" m="17791" /><G7/><T0/><D0/><U86/><E65/><V45/><F12/><W2/><G2/><T106/><D106/><U18/><E18/><V32/><F32/><W110/><G78/><T113/><D113/><U122/><E122/><V109/><F109/><W91/><G41/><N who="2" m="15945" /><F39/><W52/><G52/><T58/><D31/><U92/><E132/><V24/><F13/><W104/><G104/><T70/><D70/><U120/><E120/><V123/><F123/><W90/><G110/><T55/><D55/><U44/><E79/><V36/><F36/><W124/><G124/><T125/><D125/><U127/><E127/><V4/><F4/><W21/><G21/><T87/><D49/><N who="1" m="28967" /><E10/><V62/><F62/><W63/><G60/><T117/><D61/><U99/><E11/><V67/><F67/><W112/><G112/><T37/><D37/><U82/><E20/><V8/><F8/><W28/><G28/><T115/><D115/><U48/><E48/><V66/><F66/><W88/><AGARI ba="1,1" hai="63,64,68,88,90,91,95,97" m="17791,50187" machi="88" ten="30,2000,0" yaku="19,1,54,1" doraHai="14" who="3" fromWho="3" sc="210,-11,344,-6,300,-6,136,33" /><INIT seed="5,0,0,1,3,122" ten="199,338,294,169" oya="1" hai0="130,77,65,118,127,20,28,29,134,21,117,34,58" hai1="42,35,48,51,27,10,64,46,33,62,36,98,57" hai2="97,101,32,4,86,78,45,12,11,110,13,79,22" hai3="66,129,54,120,88,115,83,26,5,56,105,114,135"/><U95/><E51/><V93/><F32/><W92/><G120/><T121/><D121/><U109/><E109/><V125/><F125/><W61/><G105/><T133/><D77/><U17/><E36/><V53/><F110/><W8/><G129/><T128/><D58/><U106/><E106/><V43/><F53/><W82/><G26/><T91/><D91/><U24/><E35/><V72/><F72/><W100/><G100/><T81/><D81/><U94/><E33/><V40/><F40/><W84/><G135/><T123/><D65/><U104/><E104/><V37/><F22/><W132/><G132/><T30/><D30/><U23/><E10/><V69/><F69/><W55/><G82/><T73/><D73/><U102/><REACH who="1" step="1"/><E95/><REACH who="1" ten="199,328,294,169" step="2"/><V119/><F11/><W71/><G92/><T6/><D34/><U19/><E19/><V96/><F37/><W85/><G8/><T3/><D123/><U38/><E38/><V90/><F93/><W108/><G108/><T0/><REACH who="0" step="1"/><D6/><REACH who="0" ten="189,328,294,169" step="2"/><U63/><E63/><V41/><F4/><W76/><G5/><T113/><D113/><U111/><E111/><V31/><F31/><W39/><G115/><T18/><D18/><U103/><E103/><V74/><F101/><W75/><G114/><T89/><D89/><U99/><E99/><V59/><F90/><W126/><G88/><T131/><D131/><U107/><E107/><V16/><F96/><W25/><G61/><T44/><D44/><U14/><AGARI ba="0,2" hai="14,17,23,24,27,42,46,48,57,62,64,94,98,102" machi="14" ten="20,12000,1" yaku="1,1,0,1,7,1,8,1,53,1" doraHai="122" doraHaiUra="60" who="1" fromWho="1" sc="189,-40,328,140,294,-40,169,-40" /><INIT seed="5,1,0,1,5,69" ten="149,468,254,129" oya="1" hai0="54,81,64,122,113,111,107,24,40,47,41,62,42" hai1="114,105,117,129,100,60,59,76,82,128,80,118,23" hai2="125,51,71,19,124,50,123,103,87,119,99,37,3" hai3="22,26,35,55,45,32,77,112,95,2,56,52,4"/><U34/><E34/><V134/><F119/><W110/><G110/><T8/><D107/><U16/><E100/><V89/><F123/><W130/><G112/><T67/><D111/><U48/><E48/><V57/><F71/><W101/><G130/><N who="1" m="50282" /><E105/><V20/><F3/><W120/><G120/><T108/><D113/><U17/><E17/><V74/><F74/><W46/><G77/><T104/><D104/><U21/><E21/><V75/><F75/><W9/><G32/><T93/><D108/><U36/><E36/><V27/><F37/><W10/><G10/><T79/><D122/><U66/><E82/><V49/><F134/><W63/><G55/><T31/><D93/><U94/><E94/><V86/><F57/><W61/><G61/><T13/><D62/><U102/><E102/><V121/><F121/><W11/><G11/><T33/><D54/><U135/><E135/><V126/><F103/><W38/><G38/><T83/><D83/><U97/><E97/><V68/><F68/><W12/><G35/><T115/><D115/><U72/><E114/><V78/><F78/><W116/><G116/><T15/><D47/><U28/><E28/><V5/><F5/><W127/><G46/><T39/><D39/><U98/><E98/><V44/><F44/><W88/><G45/><T90/><D90/><U25/><AGARI ba="1,0" hai="16,23,25,59,60,66,72,76,80,117,118" m="50282" machi="25" ten="30,3000,0" yaku="19,1,54,1" doraHai="69" who="1" fromWho="1" sc="149,-11,468,33,254,-11,129,-11" /><INIT seed="5,2,0,1,2,119" ten="138,501,243,118" oya="1" hai0="115,100,88,11,50,114,120,14,38,15,22,112,132" hai1="89,59,62,21,42,33,75,31,10,57,80,109,127" hai2="95,67,29,43,0,85,61,51,72,135,105,27,98" hai3="18,8,47,116,34,106,46,2,49,77,53,28,45"/><U73/><E33/><V1/><F72/><W32/><G106/><T86/><D38/><U103/><E127/><V126/><F135/><W7/><G116/><T104/><D132/><U54/><E89/><V131/><F131/><W113/><G113/><T97/><D22/><U90/><E54/><V108/><F85/><W110/><G110/><T12/><D50/><U71/><E59/><V48/><F108/><W91/><G77/><T99/><D99/><U65/><E90/><V93/><F93/><W83/><G28/><T55/><D55/><U118/><E57/><V124/><F105/><W5/><G5/><T70/><D70/><U23/><E23/><N who="2" m="15615" /><F0/><W117/><G117/><T129/><D129/><U128/><E80/><V84/><F1/><W25/><G34/><T101/><D101/><U82/><E103/><N who="2" m="60895" /><F84/><W130/><G130/><T58/><D58/><U63/><E75/><V17/><F17/><W68/><G68/><T26/><D26/><U111/><E71/><V13/><F13/><W19/><G32/><T125/><D125/><N who="2" m="48234" /><F43/><W74/><G25/><T30/><D30/><U41/><E42/><V121/><F121/><W52/><G74/><T6/><REACH who="0" step="1"/><D120/><REACH who="0" ten="128,501,243,118" step="2"/><U4/><E111/><V92/><F48/><N who="3" m="28687" /><G47/><T35/><D35/><U134/><E109/><V56/><F51/><W9/><G9/><T3/><D3/><U96/><E128/><V102/><F102/><W78/><G46/><T107/><D107/><U79/><E134/><V36/><F36/><W87/><G49/><T76/><D76/><U37/><E118/><V69/><F69/><W94/><G53/><RYUUKYOKU ba="2,1" sc="128,10,501,-30,243,10,118,10" hai0="6,11,12,14,15,86,88,97,100,104,112,114,115" hai2="56,61,67,92" hai3="2,7,8,18,19,78,83,87,91,94" /><INIT seed="6,3,1,3,4,0" ten="138,471,253,128" oya="2" hai0="102,134,73,28,91,113,32,81,57,11,44,117,46" hai1="15,120,115,26,41,83,80,33,75,56,99,86,135" hai2="6,101,18,59,132,22,65,4,104,45,1,119,112" hai3="82,16,50,76,129,70,30,55,8,29,23,128,66"/><V121/><F119/><W77/><G77/><T131/><D113/><U12/><E115/><V10/><F121/><W97/><G97/><T100/><D117/><U111/><E111/><V125/><F112/><W133/><G133/><T90/><D134/><U35/><E135/><V9/><F132/><W71/><G71/><T108/><D108/><U105/><E75/><V106/><F125/><W72/><G8/><T24/><D131/><N who="3" m="50249" /><G66/><T95/><D57/><U114/><E56/><V39/><F101/><W49/><G70/><T58/><D58/><U78/><E99/><V107/><F39/><W110/><G110/><T17/><D102/><U68/><E105/><V52/><F45/><N who="3" m="28079" /><G50/><T19/><D100/><U118/><E68/><V126/><F65/><W89/><G89/><T98/><D91/><U48/><E48/><V96/><F96/><W42/><G42/><T40/><D46/><U47/><E41/><V36/><F36/><W13/><AGARI ba="3,1" hai="13,16,23,29,30,72,76,82" m="28079,50249" machi="13" ten="30,2000,0" yaku="19,1,54,1" doraHai="0" who="3" fromWho="3" sc="138,-8,471,-8,253,-13,128,39" /><INIT seed="7,0,0,4,2,79" ten="130,463,240,167" oya="3" hai0="56,99,102,36,118,24,72,119,12,45,7,130,116" hai1="73,85,9,13,107,70,47,43,55,61,8,98,50" hai2="77,74,134,112,5,80,49,22,23,40,48,51,54" hai3="3,76,127,94,88,87,42,126,82,62,71,64,89"/><W10/><G42/><T27/><D130/><U28/><E73/><V26/><F112/><W20/><G20/><T100/><D100/><U30/><E107/><V78/><F134/><W106/><G106/><T60/><D72/><U111/><E98/><V95/><F77/><W52/><G89/><T92/><D36/><U68/><E111/><V128/><F40/><W57/><G10/><T32/><D45/><U46/><E85/><V21/><F128/><W115/><G3/><T6/><D12/><U53/><E43/><V41/><F41/><W2/><G2/><T69/><D69/><U18/><E13/><V86/><F5/><W66/><G115/><T84/><D84/><U0/><E0/><V133/><F133/><W129/><G129/><T16/><D27/><U59/><E18/><V37/><F37/><W83/><G66/><T114/><D114/><U110/><E110/><V123/><F123/><W132/><G132/><T105/><D105/><U17/><E17/><V19/><F54/><W113/><G113/><T58/><D58/><U101/><E59/><V33/><F33/><W15/><G15/><T117/><N who="0" m="29696" /><DORA hai="131" /><T38/><D38/><U11/><E101/><V109/><F109/><W120/><G120/><T108/><D108/><U63/><E8/><V35/><F35/><W97/><REACH who="3" step="1"/><G83/><REACH who="3" ten="130,463,240,157" step="2"/><T93/><D93/><U31/><E9/><V124/><F95/><W65/><G65/><N who="0" m="39047" /><D32/><U67/><E11/><V91/><F22/><W96/><G96/><T90/><D90/><U121/><E67/><V34/><F34/><W81/><G81/><T103/><D102/><RYUUKYOKU ba="0,1" sc="130,15,463,-15,240,-15,157,15" hai0="6,7,16,24,92,99,103" hai3="52,57,62,64,71,76,82,87,88,94,97,126,127" /><INIT seed="7,1,1,3,0,65" ten="145,448,225,172" oya="3" hai0="119,91,85,54,80,96,115,56,62,97,26,7,116" hai1="18,86,106,125,10,83,101,107,130,114,38,64,87" hai2="53,123,11,36,134,120,15,109,61,78,58,113,73" hai3="126,66,5,37,8,33,4,44,28,51,82,59,14"/><W105/><G105/><T12/><D115/><U79/><E38/><V102/><F109/><W17/><G126/><T20/><D119/><U42/><E42/><V111/><F111/><W110/><G110/><T128/><D116/><U112/><E125/><V118/><F118/><W100/><G100/><T77/><D128/><U63/><E130/><V121/><F36/><W81/><G37/><T46/><D46/><U104/><E18/><V117/><F117/><W131/><G131/><T6/><D12/><U103/><E10/><V94/><F134/><W89/><G28/><T16/><D97/><U72/><E64/><V9/><F113/><N who="1" m="43625" /><E63/><V50/><F61/><N who="3" m="38207" /><G33/><T32/><D32/><U2/><E2/><V74/><F78/><W122/><G122/><T95/><AGARI ba="1,1" hai="6,7,16,20,26,54,56,62,77,80,85,91,95,96" machi="95" ten="30,8000,1" yaku="0,1,25,2,8,1,54,1" doraHai="65" who="0" fromWho="0" sc="145,93,448,-21,225,-21,172,-41" owari="238,3.8,427,52.7,204,-19.6,131,-36.9" /></mjloggm>