<mjloggm ver="2.3"><GO type="169" lobby="0"/><UN n0="%E3%82%A4%E3%82%B1%33" n1="%53%69%65%72%72%61" n2="%E4%BF%BA%E3%81%A0%E3%81%91%E5%8D%B3%E8%A3%8F%E7%84%A1%E3%81%97" n3="%32%30%30%E6%88%A6%E5%8D%87%E7%89%B9" dan="17,16,16,17" rate="2109.61,2105.08,2113.02,2195.15" sx="M,M,M,M"/><TAIKYOKU oya="0"/><INIT seed="0,0,0,1,0,133" ten="250,250,250,250" oya="0" hai0="41,126,83,2,12,40,134,0,78,16,82,87,128" hai1="1,64,11,58,35,84,26,3,47,10,88,121,118" hai2="74,17,71,70,77,9,63,19,95,50,65,15,98" hai3="66,37,109,31,132,120,32,45,43,106,62,24,68"/><T117/><D134/><U104/><E118/><V39/><F39/><W25/><G132/><T116/><D128/><U14/><E121/><V27/><F50/><W73/><G120/><T79/><D126/><U100/><E100/><V67/><F77/><W112/><G112/><T69/><D69/><U91/><E104/><V135/><F74/><W115/><G115/><T42/><D116/><U113/><E113/><V44/><F44/><W94/><G109/><T90/><D117/><U48/><E58/><V101/><F135/><W103/><G94/><T130/><D130/><U54/><E64/><V22/><F65/><W28/><G73/><T5/><D5/><U131/><E91/><V60/><F60/><W96/><G25/><T33/><D33/><U49/><E49/><V97/><F98/><W99/><G99/><T89/><D0/><U29/><E11/><V81/><F81/><W122/><G122/><T55/><D55/><U80/><REACH who="1" step="1"/><E131/><REACH who="1" ten="250,240,250,250" step="2"/><V34/><F34/><W85/><G31/><T46/><D46/><U125/><E125/><V23/><F9/><W8/><G8/><N who="0" m="6151" /><D2/><U114/><E114/><V56/><AGARI ba="0,1" hai="15,17,19,22,23,27,56,63,67,70,71,95,97,101" machi="56" ten="20,1500,0" yaku="0,1,7,1" doraHai="133" who="2" fromWho="2" sc="250,-7,240,-4,250,25,250,-4" /><INIT seed="1,0,0,4,0,54" ten="243,236,275,246" oya="1" hai0="51,42,101,104,14,129,11,117,66,44,6,58,39" hai1="49,93,28,71,105,17,94,108,67,80,50,8,27" hai2="85,41,47,76,86,22,30,106,97,114,123,130,63" hai3="16,110,65,43,113,115,53,57,3,74,78,122,34"/><U60/><E105/><V26/><F123/><W55/><G122/><T9/><D117/><U1/><E80/><V121/><F121/><W91/><G34/><T32/><D32/><U31/><E108/><V52/><F130/><W75/><G3/><T46/><D129/><U82/><E82/><V92/><F106/><W12/><G110/><T77/><D77/><U64/><E64/><V111/><F114/><W38/><G65/><T120/><D120/><U45/><E49/><N who="2" m="26863" /><F76/><W95/><G53/><T5/><D101/><U131/><E131/><V37/><F37/><W70/><G70/><T62/><D104/><U69/><E69/><V19/><F30/><W103/><G103/><T96/><D96/><U68/><E68/><V72/><F72/><W15/><G15/><T127/><D127/><U126/><E126/><V79/><F79/><W25/><G25/><T124/><D124/><U7/><E17/><V112/><F112/><W119/><G119/><T13/><REACH who="0" step="1"/><D46/><REACH who="0" ten="233,236,275,246" step="2"/><U35/><REACH who="1" step="1"/><E31/><REACH who="1" ten="233,226,275,246" step="2"/><V134/><F111/><W109/><G109/><T89/><D89/><U118/><E118/><V40/><F92/><W100/><G78/><T21/><D21/><U10/><E10/><V132/><F22/><N who="3" m="11527" /><G113/><T73/><D73/><U88/><E88/><V133/><F132/><W87/><G115/><T61/><D61/><U102/><E102/><V59/><F133/><W125/><G100/><T4/><D4/><U18/><E18/><V128/><F134/><W83/><G125/><T135/><D135/><U29/><E29/><V23/><F128/><W90/><G95/><T24/><D24/><RYUUKYOKU ba="0,2" sc="233,15,226,15,275,-15,246,-15" hai0="5,6,9,11,13,14,39,42,44,51,58,62,66" hai1="1,7,8,27,28,35,45,50,60,67,71,93,94" /><INIT seed="1,1,2,3,1,17" ten="248,241,260,231" oya="1" hai0="101,71,9,83,116,29,81,77,111,90,130,18,84" hai1="6,118,105,74,78,100,14,52,132,80,22,68,121" hai2="114,33,23,103,4,35,39,31,41,117,26,102,47" hai3="70,133,46,44,13,7,42,50,53,122,65,2,107"/><U58/><E118/><V28/><F117/><W104/><G2/><T11/><D71/><U99/><E121/><V32/><F4/><W40/><G122/><T126/><D116/><U106/><E132/><V66/><F114/><W109/><G133/><T61/><D29/><U112/><E112/><V110/><F110/><W20/><G109/><T128/><D101/><U3/><E68/><V120/><F120/><W36/><G7/><T51/><D126/><U60/><E3/><V119/><F119/><W123/><G123/><T134/><D134/><U85/><E74/><V10/><F10/><W88/><G42/><T91/><D111/><U69/><E69/><V15/><F15/><W95/><G65/><T89/><D61/><U48/><E60/><V1/><F1/><W75/><G75/><T86/><D51/><U124/><E124/><V67/><REACH who="2" step="1"/><F28/><REACH who="2" ten="248,241,250,231" step="2"/><W34/><G70/><T76/><D11/><U113/><E113/><V19/><F19/><W64/><G13/><AGARI ba="1,3" hai="9,13,18,76,77,81,83,84,86,89,90,91,128,130" machi="13" ten="40,1300,0" yaku="9,1" doraHai="17" who="0" fromWho="3" sc="248,46,241,0,250,0,231,-16" /><INIT seed="2,0,0,2,0,120" ten="294,241,250,215" oya="2" hai0="77,44,21,104,30,72,29,95,33,133,48,20,66" hai1="128,121,37,49,130,117,8,38,94,59,22,107,79" hai2="134,4,62,78,93,64,43,53,40,76,132,42,28" hai3="108,1,88,5,106,90,84,96,75,3,119,85,9"/><V83/><F28/><W57/><G119/><T47/><D104/><U131/><E107/><V68/><F4/><W82/><G75/><T101/><D133/><U52/><E117/><V105/><F105/><W2/><G108/><T51/><D66/><U91/><E79/><V114/><F114/><W16/><G57/><T0/><D0/><U116/><E116/><V109/><F109/><W112/><G112/><T123/><D77/><U60/><E121/><V89/><F53/><W65/><G65/><T61/><D61/><U18/><E8/><V103/><F103/><W12/><G96/><T99/><D72/><U7/><E7/><V54/><F54/><W11/><REACH who="3" step="1"/><G106/><REACH who="3" ten="294,241,250,205" step="2"/><T81/><D99/><N who="1" m="57823" /><E49/><V113/><F113/><W46/><G46/><T135/><D44/><U36/><E36/><V126/><F126/><W58/><G58/><T13/><D51/><U71/><E71/><V56/><F68/><W26/><G26/><AGARI ba="0,1" hai="18,22,26,37,38,52,59,60,128,130,131" m="57823" machi="26" ten="30,3900,0" yaku="25,1,19,1,54,1" doraHai="120" who="1" fromWho="3" sc="294,0,241,49,250,0,205,-39" /><INIT seed="3,0,0,4,0,76" ten="294,290,250,166" oya="3" hai0="68,13,130,105,37,34,14,12,75,100,51,22,67" hai1="122,71,116,125,80,63,29,124,55,54,93,108,84" hai2="46,48,92,74,49,1,107,111,24,39,40,44,81" hai3="28,131,134,59,103,8,64,90,88,33,96,20,95"/><W119/><G119/><T56/><D37/><U50/><E122/><V30/><F111/><W0/><G33/><T129/><D34/><U5/><E108/><V86/><F107/><W17/><G131/><T11/><D75/><U36/><E36/><V121/><F121/><W128/><G128/><N who="0" m="49259" /><D68/><U89/><E116/><V58/><F1/><W132/><G0/><T102/><D105/><U104/><E104/><V98/><F58/><W126/><G126/><T31/><D31/><U72/><E5/><V115/><F115/><W85/><G28/><T70/><D22/><U16/><E29/><V114/><F74/><W73/><G73/><T135/><D135/><N who="3" m="51753" /><G8/><T60/><D11/><U57/><E71/><V99/><F114/><W65/><G59/><T32/><D32/><U18/><E93/><V117/><F92/><N who="3" m="56343" /><G103/><T78/><D100/><U61/><E72/><V47/><F117/><W66/><G64/><T97/><D97/><N who="2" m="36874" /><F39/><W91/><G91/><T10/><D102/><U62/><REACH who="1" step="1"/><E54/><REACH who="1" ten="294,280,250,166" step="2"/><V43/><F40/><W9/><G9/><T83/><D10/><U2/><E2/><V94/><F43/><W79/><G79/><T26/><D70/><U52/><E52/><V113/><F113/><W23/><G23/><T101/><D78/><U45/><E45/><V127/><F47/><W77/><G77/><T42/><D42/><U110/><E110/><V35/><F44/><W7/><G7/><T38/><D38/><U27/><E27/><AGARI ba="0,1" hai="17,20,27,65,66,85,88,95" m="56343,51753" machi="27" ten="30,2900,0" yaku="20,1,54,1" doraHai="76" who="3" fromWho="1" sc="294,0,280,-29,250,0,166,39" /><INIT seed="3,1,0,5,1,114" ten="294,251,250,205" oya="3" hai0="123,34,44,9,38,95,73,83,124,62,133,93,8" hai1="96,42,109,104,41,101,89,28,53,39,69,37,91" hai2="94,98,129,125,52,121,107,61,16,51,46,122,72" hai3="84,118,134,23,59,99,27,76,80,30,63,7,57"/><W31/><G134/><T117/><D123/><U20/><E109/><V78/><F107/><W100/><G7/><T106/><D106/><U120/><E120/><V90/><F129/><W21/><G59/><T3/><D34/><U55/><E69/><V87/><F72/><W127/><G127/><T0/><D62/><U132/><E132/><V68/><F125/><W47/><G47/><T10/><D133/><U119/><E104/><V65/><F78/><W92/><G118/><T102/><D102/><U40/><E20/><V64/><F65/><W24/><G57/><T25/><D25/><U6/><E6/><V35/><F35/><W110/><REACH who="3" step="1"/><G63/><REACH who="3" ten="294,251,250,195" step="2"/><T49/><D117/><U2/><E119/><V82/><F122/><W60/><G60/><T18/><D124/><U58/><E58/><V88/><F121/><W74/><G74/><T115/><D73/><U66/><E39/><V108/><F108/><AGARI ba="1,1" hai="21,23,24,27,30,31,76,80,84,92,99,100,108,110" machi="108" ten="40,12000,1" yaku="1,1,9,1,53,2" doraHai="114" doraHaiUra="26" who="3" fromWho="2" sc="294,0,251,0,250,-123,195,133" /><INIT seed="3,2,0,1,2,75" ten="294,251,127,328" oya="3" hai0="14,88,51,41,26,71,85,80,27,109,35,94,83" hai1="129,130,32,17,105,6,81,82,63,15,98,93,76" hai2="44,122,24,131,20,11,119,96,25,3,4,28,77" hai3="89,38,106,65,56,1,135,74,7,67,107,115,100"/><W16/><G115/><T57/><D109/><U42/><E32/><V49/><F49/><W43/><BYE who="2" /><G74/><T58/><D71/><U48/><E105/><UN n2="%E4%BF%BA%E3%81%A0%E3%81%91%E5%8D%B3%E8%A3%8F%E7%84%A1%E3%81%97" /><V128/><F96/><W29/><G29/><T114/><D114/><U103/><E63/><V23/><F44/><W2/><G7/><T124/><D124/><U112/><E112/><V0/><F77/><W108/><G89/><T39/><D14/><U10/><E17/><V47/><F47/><W37/><G56/><T118/><D118/><U126/><E81/><V113/><F113/><W54/><G54/><T68/><D68/><U50/><E126/><V70/><F70/><W69/><G69/><T110/><D110/><U78/><E48/><V132/><F119/><W34/><G135/><T21/><D39/><U22/><E22/><V36/><F36/><W125/><G125/><T13/><D35/><U123/><E123/><V133/><F122/><W73/><G73/><T12/><D57/><U101/><E101/><V64/><F64/><W84/><G84/><T90/><D21/><U120/><E120/><V59/><F59/><W79/><G34/><T52/><D41/><U61/><E61/><V46/><F46/><W92/><G92/><T102/><D102/><U60/><E60/><V62/><F62/><W86/><G86/><N who="0" m="50247" /><D94/><U33/><E33/><V97/><F97/><W9/><G100/><T72/><D72/><N who="1" m="43271" /><E78/><V31/><F0/><W117/><G79/><T121/><D121/><U111/><E111/><V45/><F45/><W87/><G108/><T116/><D116/><U127/><E127/><V40/><F40/><RYUUKYOKU ba="2,0" sc="294,10,251,10,127,10,328,-30" hai0="12,13,26,27,51,52,58,83,85,90" hai1="6,10,15,42,50,93,98,103,129,130" hai2="3,4,11,20,23,24,25,28,31,128,131,132,133" /><INIT seed="4,3,0,0,3,52" ten="304,261,137,298" oya="0" hai0="44,76,56,113,58,132,99,1,5,107,23,7,117" hai1="96,16,100,119,20,6,98,48,82,36,4,2,114" hai2="63,130,124,60,88,87,21,3,42,95,67,70,73" hai3="29,34,39,102,91,78,0,131,71,19,134,57,37"/><T41/><D113/><U35/><E119/><V109/><F109/><W105/><G71/><T103/><D117/><U84/><E36/><V69/><F130/><W43/><G0/><T10/><D132/><U90/><E35/><V25/><F124/><W27/><G131/><T12/><D76/><U122/><E122/><V129/><F129/><W50/><G134/><T61/><D61/><U51/><E114/><V112/><F112/><W123/><G123/><T92/><D107/><U49/><E2/><V79/><F3/><W72/><G91/><T83/><D83/><U106/><REACH who="1" step="1"/><E96/><REACH who="1" ten="304,251,137,298" step="2"/><V94/><F73/><W38/><G37/><T33/><D33/><U28/><E28/><V118/><F118/><W133/><G38/><T126/><D126/><U64/><E64/><V40/><F79/><W26/><G39/><T121/><D121/><U127/><E127/><V11/><F67/><W13/><G78/><T125/><D125/><U115/><E115/><V75/><F75/><W17/><G72/><T55/><D1/><U65/><E65/><V30/><F30/><W85/><G133/><T104/><D99/><U120/><E120/><V45/><F87/><W8/><G34/><T81/><D5/><U77/><E77/><V47/><F69/><W62/><G29/><T66/><D7/><U93/><E93/><V32/><F70/><W54/><G19/><T97/><D66/><U22/><E22/><V89/><F32/><W110/><G17/><N who="0" m="8343" /><D23/><U101/><E101/><V80/><F21/><W53/><G102/><T31/><D103/><U24/><AGARI ba="3,1" hai="4,6,16,20,24,48,49,51,82,84,90,98,100,106" machi="24" ten="30,4000,0" yaku="1,1,0,1,54,1,53,0" doraHai="52" doraHaiUra="9" who="1" fromWho="1" sc="304,-23,251,59,137,-13,298,-13" /><INIT seed="5,0,0,1,0,48" ten="281,310,124,285" oya="1" hai0="58,23,122,134,124,111,72,112,88,34,60,100,116" hai1="131,69,67,30,28,24,108,120,49,6,15,13,50" hai2="113,40,51,86,71,29,33,20,79,55,94,128,11" hai3="82,84,61,17,19,52,59,35,44,65,127,57,132"/><U42/><E120/><V102/><F128/><W7/><G127/><T56/><D34/><U91/><E131/><V77/><F71/><W2/><G132/><T5/><D72/><U32/><E108/><V93/><F33/><W31/><G44/><T25/><D111/><U63/><E30/><V37/><F37/><W133/><G133/><T75/><D75/><U8/><E42/><V99/><F40/><W119/><G119/><T21/><D100/><U90/><E15/><V130/><F130/><W110/><G110/><T78/><D78/><U81/><E81/><V45/><F113/><W126/><G126/><T106/><D106/><U10/><E10/><V36/><F36/><W68/><G68/><T18/><D112/><U38/><E38/><V87/><F11/><W80/><G7/><T4/><D116/><U9/><E9/><V115/><F115/><W97/><G2/><T43/><D43/><U85/><E90/><V66/><F66/><W135/><G97/><T39/><D88/><U95/><AGARI ba="0,0" hai="6,8,13,24,28,32,49,50,63,67,69,85,91,95" machi="95" ten="20,2100,0" yaku="0,1,7,1" doraHai="48" who="1" fromWho="1" sc="281,-7,310,21,124,-7,285,-7" /><INIT seed="5,1,0,4,5,35" ten="274,331,117,278" oya="1" hai0="62,60,74,102,61,23,110,119,91,123,79,112,113" hai1="51,29,66,22,116,129,26,108,82,9,49,48,107" hai2="127,18,38,45,12,58,71,96,8,124,34,5,76" hai3="36,98,57,41,125,0,42,27,56,128,39,40,78"/><U11/><E116/><V120/><F71/><W72/><G27/><T4/><D110/><U53/><E107/><V100/><F120/><W1/><G98/><T85/><D119/><U46/><E108/><V16/><F34/><W122/><G122/><T10/><D123/><U84/><E129/><V14/><F76/><W126/><G128/><T28/><D102/><U59/><E66/><V43/><F58/><N who="3" m="22635" /><G72/><T101/><D101/><U93/><E93/><V32/><F32/><W114/><G78/><T75/><D23/><U6/><E46/><V81/><F81/><W63/><G63/><T52/><D28/><U87/><E87/><V103/><F103/><W90/><G90/><T47/><D79/><U118/><E118/><V17/><REACH who="2" step="1"/><F12/><REACH who="2" ten="274,331,107,278" step="2"/><W133/><G133/><T64/><D75/><U70/><E70/><V25/><F25/><W50/><G114/><T54/><D74/><U69/><E69/><V88/><F88/><W109/><G109/><T105/><D113/><U130/><E130/><V15/><F15/><W121/><G121/><T65/><D112/><U24/><E24/><V73/><F73/><W68/><G68/><T80/><D64/><U55/><E59/><V104/><AGARI ba="1,1" hai="5,8,14,16,17,18,38,43,45,96,100,104,124,127" machi="104" ten="30,4000,0" yaku="1,1,0,1,54,1,53,0" doraHai="35" doraHaiUra="19" who="2" fromWho="2" sc="274,-11,331,-21,107,53,278,-11" /><INIT seed="6,0,0,4,1,56" ten="263,310,160,267" oya="2" hai0="14,113,65,66,80,74,18,131,34,59,24,58,29" hai1="114,40,102,87,116,33,67,110,39,60,49,75,118" hai2="111,6,57,62,48,127,2,95,16,104,121,73,79" hai3="89,78,23,84,31,123,12,134,27,63,76,20,93"/><V92/><F104/><W105/><G123/><T51/><D113/><U0/><E110/><V97/><F121/><W25/><G105/><T132/><D131/><U30/><E75/><V10/><F111/><W32/><G134/><T120/><D120/><U99/><E0/><V50/><F127/><W81/><G12/><T46/><D132/><U9/><E9/><V72/><F92/><W35/><G78/><T43/><D65/><U82/><E114/><V8/><F72/><W86/><REACH who="3" step="1"/><G63/><REACH who="3" ten="263,310,160,257" step="2"/><T45/><D66/><U83/><E60/><V112/><F112/><W61/><G61/><T130/><D130/><U119/><E67/><V106/><F106/><W68/><G68/><T64/><D64/><U55/><E119/><V107/><F107/><W17/><AGARI ba="0,1" hai="17,20,23,25,27,31,32,35,76,81,84,86,89,93" machi="17" ten="20,2700,0" yaku="1,1,0,1,7,1,53,0" doraHai="56" doraHaiUra="70" who="3" fromWho="3" sc="263,-7,310,-7,160,-13,257,37" /><INIT seed="7,0,0,3,0,107" ten="256,303,147,294" oya="3" hai0="113,70,114,101,112,45,7,118,58,52,105,79,34" hai1="21,82,23,29,122,38,32,37,92,102,62,125,53" hai2="4,13,76,42,11,109,66,131,51,110,40,0,72" hai3="33,44,10,1,124,22,54,121,104,87,80,39,5"/><W126/><G121/><T24/><D70/><U81/><E122/><V74/><F131/><W20/><G104/><T6/><D118/><U8/><E32/><V15/><F66/><W56/><G33/><T2/><D45/><U14/><E38/><V27/><F76/><N who="3" m="46471" /><G44/><T91/><D91/><U97/><E37/><V100/><F100/><W99/><G99/><N who="0" m="61631" /><D2/><U127/><E81/><V59/><F27/><W123/><G39/><T31/><D79/><U117/><E82/><V119/><F119/><W134/><G134/><T25/><D25/><U88/><E102/><V60/><F0/><W133/><G133/><T89/><D89/><U43/><E43/><V94/><F94/><W55/><G123/><T90/><D90/><U63/><E117/><V61/><F51/><AGARI ba="0,0" hai="6,7,24,31,34,51,52,58,112,113,114" m="61631" machi="51" ten="30,3900,0" yaku="15,1,11,1,54,1" doraHai="107" who="0" fromWho="2" sc="256,39,303,0,147,-39,294,0" owari="295,9.5,303,40.3,108,-39.2,294,-10.6" /></mjloggm>