<mjloggm ver="2.3"><GO type="169" lobby="0"/><UN n0="%E3%83%9C%E3%82%AF%E3%81%A1%E3%82%83%E3%82%93" n1="%E3%83%8F%E3%83%B3%E3%83%81%E3%83%A7%E3%82%A6%E5%A4%A7%E6%A7%BB" n2="%6B%E3%81%AE" n3="%E8%8A%B1%E9%81%93%E6%A1%9C%E6%9C%A8" dan="16,16,17,16" rate="2073.73,2110.11,2226.76,2146.71" sx="M,M,M,M"/><TAIKYOKU oya="0"/><INIT seed="0,0,0,0,1,86" ten="250,250,250,250" oya="0" hai0="34,135,24,43,1,109,14,59,51,60,50,133,3" hai1="127,130,15,117,71,104,5,107,91,103,26,33,129" hai2="47,39,125,10,114,8,45,52,40,94,61,120,101" hai3="27,82,102,16,96,105,110,67,134,2,57,106,64"/><T44/><D14/><U41/><E117/><V100/><F120/><W73/><G2/><T78/><D78/><U90/><E71/><V75/><F75/><W111/><G106/><N who="1" m="40490" /><E41/><V19/><F114/><W123/><G134/><N who="0" m="51211" /><D51/><U30/><E103/><V76/><F76/><N who="3" m="44303" /><G57/><T85/><D109/><N who="3" m="41481" /><G123/><T13/><D13/><U128/><E127/><V108/><F125/><W69/><G69/><T48/><D48/><U126/><E126/><V58/><F108/><W11/><G11/><AGARI ba="0,0" hai="5,11,15,26,30,33,90,91,128,129,130" m="40490" machi="11" ten="40,5200,0" yaku="19,1,52,2" doraHai="86" who="1" fromWho="3" sc="250,0,250,52,250,0,250,-52" /><INIT seed="1,0,0,4,3,64" ten="250,302,250,198" oya="1" hai0="14,130,134,111,135,36,95,18,87,17,37,129,20" hai1="61,94,112,40,70,59,100,75,22,65,81,39,116" hai2="83,128,45,85,60,46,69,16,24,23,28,82,119" hai3="7,1,122,52,62,42,5,35,80,13,15,27,68"/><U92/><E112/><V114/><F119/><W49/><G122/><T96/><D87/><U21/><E116/><V4/><F128/><N who="0" m="49258" /><D18/><U58/><E94/><V72/><F114/><W118/><G118/><T2/><D2/><U107/><E107/><V0/><F72/><W79/><G42/><T117/><D117/><U121/><E121/><V30/><F83/><W25/><G1/><T48/><D48/><U3/><E3/><V99/><F99/><W67/><G13/><T76/><D76/><U32/><E32/><V123/><F123/><W84/><G15/><T125/><D111/><U93/><E100/><V109/><F109/><W43/><G43/><T10/><D10/><U6/><E6/><V54/><F4/><W124/><G124/><T31/><D31/><N who="2" m="11818" /><F69/><W115/><G115/><T38/><D125/><U86/><E75/><V57/><F0/><W89/><G35/><T105/><D105/><U33/><E33/><V53/><F53/><W131/><G131/><T97/><D97/><U73/><E73/><V26/><F26/><W91/><G7/><T126/><D126/><U12/><E12/><V127/><F127/><W34/><G5/><T29/><D29/><U77/><E93/><V103/><F103/><AGARI ba="0,0" hai="14,17,20,36,37,38,95,96,103,134,135" m="49258" machi="103" ten="40,1300,0" yaku="19,1" doraHai="64" who="0" fromWho="2" sc="250,13,302,0,250,-13,198,0" /><INIT seed="2,0,0,0,3,9" ten="263,302,237,198" oya="2" hai0="134,78,60,64,122,126,10,51,108,42,118,63,41" hai1="74,129,21,105,23,68,93,70,46,20,94,16,104" hai2="128,89,1,109,44,123,102,14,81,86,133,91,27" hai3="83,88,36,48,92,19,17,12,110,62,103,58,96"/><V7/><F123/><W0/><G36/><T24/><D122/><U72/><E46/><V111/><F1/><W8/><G110/><N who="2" m="41993" /><F133/><W66/><G0/><T82/><D134/><U39/><E39/><V11/><F128/><W98/><G48/><T59/><D126/><U77/><E77/><N who="2" m="46383" /><F102/><W73/><G73/><T114/><D114/><U15/><E129/><V25/><F44/><W13/><G83/><T45/><D118/><U112/><E112/><V124/><F124/><W75/><G75/><T95/><D95/><U76/><E76/><V65/><F65/><W90/><REACH who="3" step="1"/><G98/><REACH who="3" ten="263,302,237,188" step="2"/><T101/><D82/><U80/><E80/><V6/><F6/><W99/><G99/><T55/><D108/><U115/><E115/><V33/><F33/><W5/><G5/><T30/><D78/><U40/><E74/><V131/><F131/><W69/><G69/><T113/><D113/><U29/><E72/><V43/><F43/><W117/><G117/><T84/><D42/><U100/><E40/><V97/><F97/><W61/><G61/><T121/><D63/><U85/><E68/><V135/><F135/><W4/><G4/><T120/><D41/><U54/><E70/><V52/><F52/><W31/><G31/><T67/><D30/><U32/><E54/><V119/><F119/><W2/><G2/><T57/><D60/><U116/><E116/><V26/><AGARI ba="0,1" hai="7,11,14,25,26,27,89,91" m="46383,41993" machi="26" ten="30,6000,0" yaku="14,1,10,1,52,1" doraHai="9" who="2" fromWho="2" sc="263,-20,302,-20,237,70,188,-20" /><INIT seed="2,1,0,2,0,7" ten="243,282,307,168" oya="2" hai0="69,125,131,9,54,83,133,26,122,124,10,115,30" hai1="92,112,108,120,15,60,77,52,56,62,61,86,33" hai2="93,27,134,96,110,82,100,91,90,43,113,97,98" hai3="71,23,39,80,50,135,3,21,95,128,114,42,101"/><V2/><F2/><W51/><G71/><T40/><D122/><U65/><E112/><V109/><F43/><W12/><G3/><T6/><D6/><U18/><E108/><N who="2" m="41579" /><F27/><W84/><G39/><T48/><D115/><U55/><E33/><V8/><F8/><N who="0" m="3178" /><D69/><U63/><E120/><V1/><F1/><W4/><G4/><T58/><D83/><N who="1" m="47471" /><E92/><N who="2" m="56343" /><F113/><W70/><G80/><T31/><D31/><U41/><E41/><V105/><F82/><W68/><G68/><T89/><D40/><U87/><E87/><V59/><F59/><W123/><G70/><T49/><D49/><U111/><E111/><V28/><F28/><W67/><G51/><T29/><D29/><U107/><E107/><V47/><F47/><W81/><G50/><T116/><D30/><U57/><E65/><V121/><F121/><W17/><G81/><T19/><D19/><U129/><E129/><V14/><F14/><W46/><G128/><T53/><D131/><U66/><E66/><V73/><F73/><W103/><G17/><T32/><D32/><U102/><E18/><V24/><F24/><W74/><G74/><T78/><D26/><U20/><E15/><V25/><F25/><W85/><G42/><T88/><D48/><N who="1" m="30727" /><E20/><V126/><F126/><W127/><G127/><T72/><D125/><U117/><E63/><V36/><F36/><W0/><G0/><T38/><D38/><U45/><E45/><V106/><F106/><W75/><G114/><T22/><D22/><U11/><E62/><V5/><F5/><W99/><G123/><T132/><D124/><U119/><E61/><RYUUKYOKU ba="1,0" sc="243,-10,282,-10,307,30,168,-10" hai2="91,93,97,98,100,105,134" /><INIT seed="2,2,0,2,4,1" ten="233,272,337,158" oya="2" hai0="69,131,90,44,114,99,58,48,113,130,97,42,29" hai1="109,72,23,31,25,3,88,103,11,76,124,10,129" hai2="122,32,91,118,128,8,43,87,132,35,9,12,38" hai3="16,84,100,15,22,57,40,68,20,107,78,93,50"/><V59/><F122/><W92/><G68/><T81/><D69/><U4/><E103/><V65/><F118/><W89/><G107/><T53/><D29/><U45/><E109/><V134/><F128/><N who="0" m="49194" /><D81/><U49/><E129/><V101/><F101/><W37/><G37/><N who="0" m="21583" /><D90/><U71/><E124/><V75/><F75/><W14/><G78/><T62/><D62/><U66/><E76/><V13/><F43/><W108/><G108/><T127/><D127/><U34/><E72/><V80/><F38/><W112/><G112/><AGARI ba="2,0" hai="48,53,58,97,99,112,113,114" m="21583,49194" machi="112" ten="30,1000,0" yaku="19,1" doraHai="1" who="0" fromWho="3" sc="233,16,272,0,337,0,158,-16" /><INIT seed="3,0,0,5,3,27" ten="249,272,337,142" oya="3" hai0="88,92,43,24,13,125,60,90,128,135,66,22,100" hai1="86,127,113,121,1,76,120,78,122,17,123,16,44" hai2="20,130,82,0,56,118,18,54,9,98,104,85,77" hai3="23,131,110,53,37,129,132,15,10,5,36,25,117"/><W107/><G117/><T29/><D128/><N who="3" m="49225" /><G107/><T71/><D135/><U3/><E113/><V99/><F130/><W124/><G132/><T106/><D125/><U33/><E127/><V75/><F118/><W8/><G124/><T101/><D106/><U45/><E33/><V21/><F75/><W62/><G10/><T73/><D73/><U14/><E86/><V2/><F2/><N who="1" m="521" /><E14/><N who="2" m="7503" /><F0/><W4/><G110/><T30/><D43/><U91/><E91/><V81/><F81/><W65/><G53/><T32/><D90/><U68/><E68/><V47/><F47/><N who="1" m="17993" /><E123/><V38/><F38/><W50/><G50/><T42/><D42/><U109/><E109/><V59/><F59/><N who="3" m="37087" /><G4/><T64/><D64/><U70/><E70/><V134/><F104/><W114/><G114/><T7/><D7/><U111/><E111/><V49/><F134/><W96/><G96/><AGARI ba="0,0" hai="20,21,49,54,56,77,82,85,96,98,99" m="7503" machi="96" ten="30,1000,0" yaku="8,1" doraHai="27" who="2" fromWho="3" sc="249,0,272,0,337,10,142,-10" /><INIT seed="4,0,0,1,5,121" ten="249,272,347,132" oya="0" hai0="14,33,105,60,90,42,23,93,111,52,79,134,99" hai1="108,77,75,48,73,95,19,129,96,85,110,0,114" hai2="131,125,92,53,103,87,26,31,118,89,40,113,127" hai3="61,63,106,65,81,38,28,41,9,13,82,104,56"/><T43/><D33/><U44/><E0/><V70/><F113/><W30/><G38/><T88/><D134/><U97/><E19/><V2/><F2/><W16/><G41/><T67/><D105/><U11/><E11/><V8/><F8/><W6/><G106/><T20/><D79/><U15/><E15/><V45/><F131/><W102/><G6/><T46/><D90/><U71/><E71/><V72/><F72/><N who="1" m="27721" /><E48/><V78/><F70/><W24/><G30/><T7/><D111/><N who="1" m="42539" /><E44/><V1/><F1/><W109/><G109/><T107/><D107/><U86/><E129/><V123/><F53/><W116/><G116/><T68/><D7/><U130/><E130/><V76/><F118/><W12/><G12/><T4/><D4/><U122/><E122/><V32/><F103/><W126/><G126/><N who="2" m="48137" /><F123/><W39/><G39/><AGARI ba="0,0" hai="26,31,32,39,40,45,76,78,87,89,92" m="48137" machi="39" ten="30,1000,0" yaku="18,1" doraHai="121" who="2" fromWho="3" sc="249,0,272,0,347,10,132,-10" /><INIT seed="5,0,0,1,0,87" ten="249,272,357,122" oya="1" hai0="26,68,31,101,44,59,33,38,77,85,49,27,63" hai1="19,78,133,69,11,99,48,10,117,125,80,104,21" hai2="67,43,56,53,106,3,134,72,50,17,40,9,12" hai3="1,22,92,20,18,82,36,126,23,45,7,112,121"/><U105/><E117/><V55/><F106/><W122/><G36/><T96/><D38/><U84/><E69/><V58/><F72/><W103/><G103/><T24/><D68/><U109/><E133/><V34/><F34/><W28/><G45/><T95/><D77/><U120/><E120/><V76/><F76/><W108/><G82/><T102/><D102/><U32/><E32/><V16/><F3/><W114/><G92/><T113/><D85/><U60/><E125/><V4/><F67/><W135/><G108/><T37/><D37/><U41/><E84/><V0/><F134/><W75/><G75/><T110/><D113/><N who="3" m="43625" /><G135/><T70/><D70/><U130/><E60/><N who="2" m="35855" /><F0/><W42/><G42/><AGARI ba="0,0" hai="4,9,12,16,17,40,42,43,50,55,58" m="35855" machi="42" ten="30,2000,0" yaku="8,1,54,1" doraHai="87" who="2" fromWho="3" sc="249,0,272,0,357,20,122,-20" /><INIT seed="6,0,0,2,2,16" ten="249,272,377,102" oya="2" hai0="54,127,98,28,106,84,70,58,42,133,87,29,89" hai1="134,14,35,123,79,76,101,36,19,63,118,26,92" hai2="71,68,23,64,7,117,94,105,44,1,75,62,74" hai3="25,51,43,38,104,53,96,128,47,114,73,18,41"/><V55/><F105/><W52/><G73/><T20/><D70/><U97/><E118/><V39/><F71/><W69/><G69/><T72/><D72/><U119/><E119/><V126/><F126/><W10/><G128/><T107/><D133/><U31/><E134/><V21/><F117/><W77/><G77/><T6/><D6/><U109/><E109/><V8/><F75/><W122/><G122/><T91/><D42/><U82/><E36/><V34/><F34/><W108/><G108/><T120/><D127/><U22/><E123/><V0/><F0/><W111/><G111/><T32/><D32/><U2/><E2/><V132/><F132/><W9/><G114/><T67/><D67/><U124/><E124/><V80/><F94/><W112/><G43/><T81/><D98/><U11/><E63/><V131/><F131/><W125/><G53/><T90/><D90/><U61/><E61/><V5/><F5/><W110/><G112/><T83/><D120/><U78/><REACH who="1" step="1"/><E35/><REACH who="1" ten="249,262,377,102" step="2"/><V30/><F39/><W60/><G110/><T49/><D106/><U33/><E33/><V48/><REACH who="2" step="1"/><F30/><REACH who="2" ten="249,262,367,102" step="2"/><W27/><G125/><T50/><D107/><U12/><E12/><V129/><F129/><W113/><G113/><T100/><D29/><U37/><E37/><V99/><F99/><W59/><G38/><T88/><D28/><U102/><E102/><V4/><F4/><W13/><G104/><T56/><D100/><U66/><E66/><V86/><F86/><AGARI ba="0,2" hai="11,14,19,22,26,31,76,78,79,82,86,92,97,101" machi="86" ten="30,7700,0" yaku="1,1,7,1,8,1,52,1,53,0" doraHai="16" doraHaiUra="57" who="1" fromWho="2" sc="249,0,262,97,367,-77,102,0" /><INIT seed="7,0,0,2,1,89" ten="249,359,290,102" oya="3" hai0="79,106,71,120,68,109,56,22,36,123,46,70,88" hai1="130,78,42,63,19,113,52,67,81,15,61,12,102" hai2="121,60,66,58,114,132,24,44,76,95,99,87,13" hai3="62,30,43,80,10,41,107,20,49,104,39,135,129"/><W21/><G129/><T47/><D106/><U105/><E130/><V45/><F114/><W117/><G135/><T18/><D79/><U53/><E42/><V6/><F121/><W57/><G117/><T35/><D35/><U90/><E113/><V111/><F111/><W112/><G39/><T3/><D3/><U16/><E90/><N who="2" m="55799" /><F24/><W91/><G112/><T119/><D109/><U28/><E28/><V126/><F126/><W33/><G33/><T72/><D72/><U32/><E32/><V93/><F132/><W40/><G49/><T1/><D1/><U108/><E102/><V122/><F122/><W31/><G107/><T134/><D134/><U83/><E105/><V75/><F75/><W110/><G104/><T73/><D73/><U14/><E67/><V118/><F118/><W59/><G110/><T101/><D101/><U84/><E108/><V51/><F51/><W11/><G91/><T86/><D119/><U48/><E83/><N who="2" m="47591" /><F93/><W77/><G77/><T17/><D36/><U54/><E48/><V69/><F69/><W116/><G116/><T65/><D123/><U100/><E100/><V97/><F97/><W4/><G80/><T74/><D74/><U9/><E14/><V64/><F64/><W133/><G133/><T34/><D34/><U29/><E29/><N who="3" m="10762" /><G62/><N who="0" m="38087" /><D120/><U5/><E5/><V38/><F38/><W115/><G115/><T94/><D18/><U85/><E85/><V25/><F25/><W27/><G27/><N who="0" m="14799" /><D71/><U103/><E103/><V82/><F82/><W50/><G4/><T23/><D70/><U131/><E131/><V0/><F0/><RYUUKYOKU ba="0,0" sc="249,-15,359,15,290,15,102,-15" hai1="9,12,15,16,19,52,53,54,61,63,78,81,84" hai2="6,13,44,45,58,60,66" owari="234,-16.6,374,47.4,305,10.5,87,-41.3" /></mjloggm>