<mjloggm ver="2.3"><GO type="169" lobby="0"/><UN n0="%E3%81%8A%E3%81%9F%E3%81%BE%E3%82%8B" n1="%53%4F%49%43%48%49" n2="%E3%82%A4%E3%82%B1%33" n3="%E2%91%A3%E9%81%BF%E9%81%8A%E6%88%AF%E3%80%90%E6%9D%B1%E5%8D%97%E3%80%91" dan="16,16,17,17" rate="2105.67,2111.99,2138.32,2138.28" sx="M,M,M,M"/><TAIKYOKU oya="0"/><INIT seed="0,0,0,1,4,22" ten="250,250,250,250" oya="0" hai0="113,5,40,31,121,89,99,117,12,129,123,3,103" hai1="86,68,88,19,6,42,32,81,73,84,53,34,105" hai2="115,11,20,100,50,9,26,76,24,51,131,98,80" hai3="74,62,134,2,25,1,126,82,60,133,107,128,135"/><T120/><D117/><U4/><E105/><V14/><F115/><W17/><G107/><T46/><D113/><U91/><E68/><V111/><F111/><W28/><G74/><T118/><D118/><U78/><E42/><V33/><F33/><W8/><G82/><T93/><D129/><U67/><E67/><V49/><F131/><W63/><G128/><T106/><D3/><U45/><E19/><V127/><F127/><W85/><G85/><T75/><D31/><U71/><E71/><V39/><F39/><W37/><G37/><T101/><D75/><U122/><E122/><V94/><F20/><N who="3" m="15399" /><G126/><T56/><D56/><U18/><E18/><V48/><N who="2" m="12288" /><DORA hai="58" /><V114/><F114/><W119/><G119/><T92/><D106/><U13/><E53/><V38/><F38/><W109/><G109/><T7/><D12/><AGARI ba="0,0" hai="1,2,8,12,17,60,62,63,133,134,135" m="15399" machi="12" ten="40,8000,1" yaku="20,1,52,4" doraHai="22,58" who="3" fromWho="0" sc="250,-80,250,0,250,0,250,80" /><INIT seed="1,0,0,1,0,96" ten="170,250,250,330" oya="1" hai0="128,43,1,123,52,119,135,36,8,49,85,75,18" hai1="93,16,20,117,92,116,31,99,120,115,71,11,105" hai2="58,65,32,6,83,118,50,74,98,69,9,44,29" hai3="39,110,26,80,59,109,2,134,107,25,28,106,12"/><U17/><E115/><V35/><F69/><W90/><G2/><T5/><D119/><U132/><E120/><V41/><F118/><W56/><G39/><T78/><D123/><U103/><E132/><V64/><F29/><W14/><G80/><T63/><D128/><U101/><E71/><V15/><F74/><W4/><G28/><T34/><D135/><U81/><E81/><V67/><F58/><W114/><G134/><T45/><D34/><U121/><E121/><V112/><F112/><W61/><G114/><T104/><D104/><U95/><E31/><V126/><F126/><W66/><G4/><T125/><D125/><U73/><E103/><V87/><REACH who="2" step="1"/><F98/><REACH who="2" ten="170,250,240,330" step="2"/><W55/><G59/><T22/><D75/><U53/><E73/><V124/><F124/><W108/><G66/><T21/><D63/><U62/><E116/><V13/><F13/><N who="3" m="5227" /><G90/><AGARI ba="0,1" hai="6,9,15,32,35,41,44,50,64,65,67,83,87,90" machi="90" ten="40,1300,0" yaku="1,1,53,0" doraHai="96" doraHaiUra="100" who="2" fromWho="3" sc="170,0,250,0,240,23,330,-13" /><INIT seed="2,0,0,0,3,81" ten="170,250,263,317" oya="2" hai0="71,64,129,118,132,77,67,104,33,113,8,74,96" hai1="109,53,32,41,30,47,10,112,75,105,3,13,35" hai2="127,50,86,1,34,38,23,27,29,37,73,24,115" hai3="69,106,114,48,134,49,61,31,44,57,66,46,126"/><V4/><F115/><W131/><G106/><T102/><D113/><U98/><E112/><V2/><F73/><W107/><G114/><T119/><D129/><U25/><E75/><V60/><F127/><W83/><G107/><T55/><D132/><U70/><E70/><V39/><F4/><W123/><G31/><T90/><D33/><U120/><E109/><V128/><F128/><W89/><G131/><T99/><D55/><U111/><E111/><V15/><F15/><W93/><G83/><N who="0" m="45495" /><D8/><U116/><E116/><N who="0" m="44585" /><D71/><U133/><E133/><V21/><F50/><W84/><G134/><T82/><D64/><U11/><E53/><V100/><F100/><W68/><G126/><T135/><D67/><U51/><E120/><V7/><F60/><W78/><G123/><T17/><D17/><U94/><E105/><V110/><F110/><W20/><G20/><T80/><D135/><U14/><E32/><V42/><F42/><W45/><G78/><T18/><D18/><U9/><REACH who="1" step="1"/><E3/><REACH who="1" ten="170,240,263,317" step="2"/><V56/><F2/><W62/><G69/><T19/><D104/><U40/><E40/><V12/><F1/><W63/><G68/><T101/><D101/><AGARI ba="0,1" hai="9,10,11,13,14,25,30,35,41,47,51,94,98,101" machi="101" ten="40,1300,0" yaku="1,1,53,0" doraHai="81" doraHaiUra="130" who="1" fromWho="0" sc="170,-13,240,23,263,0,317,0" /><INIT seed="3,0,0,0,1,34" ten="157,263,263,317" oya="3" hai0="104,86,112,23,21,78,61,50,52,94,120,123,124" hai1="98,91,66,92,117,118,22,53,69,15,55,84,110" hai2="109,18,62,87,121,80,5,51,9,39,36,27,45" hai3="41,17,99,85,32,81,105,14,82,89,47,133,88"/><W60/><G133/><T64/><D104/><U103/><E110/><V1/><F121/><W77/><G32/><T35/><D35/><U111/><E111/><V0/><F109/><W128/><G128/><T19/><D112/><U102/><E69/><V83/><F1/><W95/><G60/><T48/><D124/><U44/><E66/><V25/><F62/><W113/><G113/><T75/><D75/><U97/><E15/><V24/><F18/><W20/><G105/><T26/><D48/><U126/><E22/><V58/><F58/><W79/><REACH who="3" step="1"/><G82/><REACH who="3" ten="157,263,263,307" step="2"/><T11/><D120/><U107/><E126/><V100/><F80/><W119/><G119/><N who="1" m="45578" /><E44/><V31/><F31/><W42/><G42/><T101/><D123/><U116/><E116/><V131/><F131/><W122/><G122/><T132/><D132/><U6/><E6/><V108/><F108/><W2/><G2/><T127/><D61/><U28/><E28/><V67/><F67/><W93/><G93/><AGARI ba="0,1" hai="53,55,84,91,92,93,97,98,102,103,107" m="45578" machi="93" ten="30,1000,0" yaku="12,1" doraHai="34" who="1" fromWho="3" sc="157,0,263,20,263,0,307,-10" /><INIT seed="4,0,0,4,4,88" ten="157,283,263,297" oya="0" hai0="99,58,112,125,73,111,109,115,64,135,29,25,92" hai1="43,34,83,85,26,82,65,89,80,126,30,9,106" hai2="120,101,54,1,23,134,35,75,12,114,131,103,100" hai3="77,102,110,33,95,72,132,104,68,93,81,14,13"/><T28/><D73/><U8/><E126/><V60/><F120/><W2/><G68/><T105/><D105/><U63/><E106/><V48/><F35/><W10/><G33/><T50/><D125/><U121/><E121/><V86/><F1/><W27/><G110/><N who="0" m="41995" /><D135/><U49/><E49/><V42/><F75/><W22/><G132/><T15/><D15/><U79/><E43/><V117/><F131/><W47/><G2/><T19/><D19/><U94/><REACH who="1" step="1"/><E79/><REACH who="1" ten="157,273,263,297" step="2"/><V107/><F42/><W5/><G104/><T61/><D112/><U36/><E36/><V3/><F48/><W129/><G129/><T0/><D115/><U20/><E20/><V97/><F114/><W18/><G102/><T6/><D50/><U39/><E39/><V71/><F100/><W59/><G47/><T116/><D116/><U124/><E124/><V44/><F103/><W56/><REACH who="3" step="1"/><G27/><REACH who="3" ten="157,273,263,287" step="2"/><T76/><D25/><U17/><E17/><V62/><F44/><W78/><G78/><T21/><D76/><U84/><E84/><V55/><F86/><W91/><G91/><N who="0" m="55711" /><D21/><U16/><E16/><V4/><F23/><W98/><G98/><T96/><D96/><U40/><E40/><V24/><F97/><W53/><G53/><T32/><D32/><U51/><E51/><V37/><F55/><W69/><G69/><AGARI ba="0,2" hai="8,9,26,30,34,63,65,69,80,82,83,85,89,94" machi="69" ten="40,2600,0" yaku="1,1,52,1,53,0" doraHai="88" doraHaiUra="41" who="1" fromWho="3" sc="157,0,273,46,263,0,287,-26" /><INIT seed="5,0,0,4,1,102" ten="157,319,263,261" oya="1" hai0="25,0,70,32,68,96,53,128,113,80,93,107,12" hai1="21,37,17,47,51,87,30,24,42,39,57,38,52" hai2="89,91,84,81,5,82,106,118,133,92,72,22,66" hai3="86,103,99,116,125,71,40,18,45,4,100,132,127"/><U23/><REACH who="1" step="1"/><E87/><REACH who="1" ten="157,309,263,261" step="2"/><V74/><F84/><W16/><G86/><T101/><D113/><U3/><E3/><V112/><F74/><W29/><G125/><T20/><D0/><U15/><AGARI ba="0,1" hai="15,17,21,23,24,30,37,38,39,42,47,51,52,57" machi="15" ten="20,18000,2" yaku="21,2,0,1,7,1,54,1,53,1" doraHai="102" doraHaiUra="50" who="1" fromWho="1" sc="157,-60,309,190,263,-60,261,-60" /><INIT seed="5,1,0,3,4,109" ten="97,499,203,201" oya="1" hai0="52,81,63,17,15,130,124,49,31,128,80,102,84" hai1="110,0,64,16,101,65,36,7,133,35,33,20,122" hai2="71,19,10,22,39,99,114,26,54,106,107,6,95" hai3="134,37,105,74,135,38,85,82,79,18,30,111,121"/><U70/><E122/><V67/><F39/><W68/><G111/><T126/><D102/><U34/><E36/><V23/><F114/><W132/><G68/><T50/><D31/><U104/><E110/><V112/><F112/><W8/><G105/><T28/><D28/><U25/><E133/><V56/><F67/><W57/><G121/><T96/><D96/><U91/><E70/><V53/><F71/><W78/><G30/><T2/><D2/><U44/><E44/><V9/><F23/><W43/><G43/><T5/><D5/><U87/><E7/><V21/><F21/><W86/><G57/><T13/><D63/><U1/><E101/><V129/><F129/><N who="0" m="49770" /><D50/><U11/><E104/><V58/><F6/><W66/><G66/><T75/><D75/><U94/><E65/><V3/><F3/><W40/><G40/><T123/><D123/><U60/><E60/><N who="2" m="35863" /><F107/><W113/><G113/><T29/><D29/><U97/><E64/><V90/><F106/><W89/><G74/><T88/><D80/><U14/><E1/><V77/><F77/><N who="3" m="29195" /><G86/><T103/><D103/><U120/><E0/><V61/><AGARI ba="1,0" hai="9,10,19,22,26,53,58,61,90,95,99" m="35863" machi="61" ten="30,2000,0" yaku="25,1,8,1" doraHai="109" who="2" fromWho="2" sc="97,-6,499,-11,203,23,201,-6" /><INIT seed="6,0,0,4,3,88" ten="91,488,226,195" oya="2" hai0="107,55,19,42,127,121,13,31,117,135,118,67,29" hai1="11,38,119,76,120,83,89,20,47,53,26,109,128" hai2="34,51,18,63,59,7,112,68,101,80,40,27,46" hai3="33,25,65,115,106,73,24,28,78,95,16,84,52"/><V100/><F112/><W92/><G106/><T87/><D121/><U97/><E119/><V93/><F7/><W12/><G73/><T70/><D107/><U123/><E109/><V21/><F34/><W44/><G65/><T108/><D108/><U32/><E32/><V10/><F68/><W56/><G44/><T82/><D135/><U35/><E35/><V15/><F80/><W133/><G133/><T60/><D127/><U5/><E128/><V86/><F86/><W54/><G54/><T134/><D134/><U23/><E89/><V99/><F10/><W4/><G4/><T110/><D110/><U90/><E90/><N who="2" m="55735" /><F15/><W132/><G25/><T43/><D55/><AGARI ba="0,0" hai="18,21,27,40,46,51,55,59,63,100,101" m="55735" machi="55" ten="30,5800,0" yaku="25,1,8,1,52,1" doraHai="88" who="2" fromWho="0" sc="91,-58,488,0,226,58,195,0" /><INIT seed="6,1,0,1,0,58" ten="33,488,284,195" oya="2" hai0="118,116,123,47,81,122,104,36,127,57,5,1,74" hai1="84,54,37,51,93,29,92,80,71,28,11,72,113" hai2="73,23,129,62,19,106,17,0,126,43,100,79,130" hai3="76,46,63,66,8,99,64,7,6,27,121,56,86"/><V48/><F0/><W96/><G121/><T133/><D104/><U41/><E71/><V134/><F79/><W124/><G124/><T55/><D81/><U25/><E72/><V128/><F73/><W61/><G46/><T108/><D74/><U42/><E11/><V109/><F126/><W14/><G7/><T102/><D102/><U94/><E37/><V16/><F134/><W90/><G76/><T49/><D5/><U50/><E50/><V98/><F109/><W26/><G99/><T15/><D15/><U59/><E113/><V77/><F77/><W101/><G90/><T111/><D1/><U119/><E119/><N who="0" m="45609" /><D127/><U24/><E24/><V83/><F83/><W60/><G86/><T40/><D133/><U22/><E28/><V112/><F112/><W34/><G34/><T32/><D32/><U33/><E33/><V18/><F48/><W110/><G110/><AGARI ba="1,0" hai="36,40,47,49,55,57,108,110,111,122,123" m="45609" machi="110" ten="30,3900,0" yaku="12,1,34,2" doraHai="58" who="0" fromWho="3" sc="33,42,488,0,284,0,195,-42" /><INIT seed="7,0,0,2,0,107" ten="75,488,284,153" oya="3" hai0="104,33,98,57,132,44,29,85,39,1,38,32,16" hai1="128,71,76,121,51,8,84,87,79,18,48,111,55" hai2="68,7,95,134,89,131,26,72,43,27,77,52,75" hai3="47,129,124,108,31,91,59,58,115,35,22,96,19"/><W2/><G108/><T116/><D116/><U3/><E111/><V127/><F68/><W101/><G2/><T80/><D132/><U10/><E121/><V83/><F75/><W6/><G6/><T25/><D1/><U103/><E71/><V21/><F43/><W118/><G31/><T102/><D33/><U13/><E103/><V23/><F134/><W90/><G35/><T119/><D119/><U125/><E128/><V0/><F127/><W20/><G129/><T42/><D57/><U45/><E125/><V34/><F131/><W4/><G59/><T63/><D63/><U67/><E67/><V93/><F34/><W24/><G58/><T46/><D46/><N who="1" m="28055" /><E8/><V88/><F52/><W64/><G47/><T74/><D38/><U92/><E92/><V69/><F69/><W99/><G64/><T122/><D122/><U126/><E3/><V12/><F12/><W133/><G133/><T100/><D100/><U114/><E114/><V112/><F112/><W56/><G115/><T94/><D104/><U62/><E62/><V17/><F93/><W40/><G101/><T123/><D123/><U81/><E126/><V11/><F95/><W78/><G56/><T30/><D30/><AGARI ba="0,0" hai="0,7,11,17,21,23,26,27,30,72,77,83,88,89" machi="30" ten="30,3900,0" yaku="7,1,52,1,54,1" doraHai="107" who="2" fromWho="0" sc="75,-39,488,0,284,39,153,0" owari="36,-46.4,488,58.8,323,12.3,153,-24.7" /></mjloggm>