<mjloggm ver="2.3"><GO type="169" lobby="0"/><UN n0="%E4%BF%BA%E3%81%A7%E3%81%99" n1="%E3%83%88%E3%82%B7%E3%83%95%E3%83%BC%E3%83%8B" n2="%48%69%70%70%6F%5F" n3="%E6%AD%A6" dan="16,16,17,16" rate="2137.50,2143.22,2187.21,2127.39" sx="M,M,M,M"/><TAIKYOKU oya="0"/><INIT seed="0,0,0,2,1,132" ten="250,250,250,250" oya="0" hai0="94,12,34,19,33,79,3,2,69,107,53,43,115" hai1="8,112,63,5,47,100,73,29,14,22,51,42,25" hai2="72,135,117,108,9,38,123,40,36,1,89,96,110" hai3="92,13,64,83,20,15,78,114,88,24,59,67,93"/><T87/><D107/><U95/><E112/><V97/><F123/><W11/><G114/><T77/><D115/><U45/><E73/><V49/><F72/><W30/><G59/><T84/><D69/><U50/><E63/><V17/><F135/><W105/><G105/><T91/><D43/><U85/><E100/><V122/><F122/><W0/><G0/><T134/><D134/><U21/><E21/><V57/><F117/><W90/><G83/><T71/><D71/><U7/><E7/><V109/><F1/><W111/><G78/><T58/><D3/><U52/><E95/><N who="2" m="56431" /><F97/><W32/><G32/><T62/><D2/><U102/><E102/><V27/><F27/><W26/><G26/><T61/><D61/><U98/><E98/><V76/><F76/><W55/><G15/><T126/><D79/><U48/><REACH who="1" step="1"/><E51/><REACH who="1" ten="250,240,250,250" step="2"/><V101/><F101/><W104/><G104/><T56/><D34/><U81/><E81/><V99/><F99/><W130/><G92/><T124/><D33/><U39/><E39/><V44/><F36/><W133/><G93/><T80/><REACH who="0" step="1"/><D58/><REACH who="0" ten="240,240,250,250" step="2"/><U66/><E66/><V82/><F57/><W118/><G67/><T103/><D103/><U4/><E4/><V41/><F109/><W70/><G111/><T129/><D129/><U86/><AGARI ba="0,2" hai="5,8,14,22,25,29,42,45,47,48,50,52,85,86" machi="86" ten="30,7900,0" yaku="1,1,0,1,8,1,54,1,53,0" doraHai="132" doraHaiUra="54" who="1" fromWho="1" sc="240,-39,240,99,250,-20,250,-20" /><INIT seed="1,0,0,0,4,101" ten="201,339,230,230" oya="1" hai0="6,99,37,41,95,87,29,125,22,13,32,44,122" hai1="59,98,33,5,106,104,120,11,135,38,50,96,54" hai2="62,85,128,70,0,108,21,124,36,81,47,30,74" hai3="56,34,119,116,94,27,15,123,2,8,102,28,12"/><U90/><E38/><V35/><F35/><W3/><G56/><T19/><D125/><U78/><E120/><V83/><F0/><W126/><G123/><T23/><D122/><U51/><E78/><V97/><F124/><W9/><G102/><T75/><D75/><U55/><E33/><V127/><F127/><W91/><G126/><T31/><D6/><U17/><E17/><V72/><F108/><W129/><G94/><T80/><D32/><U111/><E111/><V82/><F128/><W26/><G91/><T4/><D4/><U40/><E40/><V16/><F30/><W45/><G45/><T86/><D23/><U43/><E43/><V20/><F20/><W117/><G27/><T88/><REACH who="0" step="1"/><D87/><REACH who="0" ten="191,339,230,230" step="2"/><U93/><E135/><V66/><F85/><W57/><G129/><T58/><D58/><U7/><E7/><V67/><F74/><W69/><G57/><T25/><D25/><U130/><E130/><V113/><F72/><W76/><G69/><T107/><D107/><U132/><E132/><V10/><F21/><W121/><G121/><T52/><D52/><U60/><E55/><V46/><F67/><W84/><G84/><T105/><D105/><U61/><E61/><V118/><F62/><W114/><G117/><T63/><D63/><U18/><E5/><V53/><F53/><W39/><G119/><T115/><D115/><U73/><E73/><V65/><F113/><W112/><G114/><T103/><AGARI ba="0,1" hai="13,19,22,29,31,37,41,44,80,86,88,95,99,103" machi="103" ten="20,5200,0" yaku="1,1,0,1,7,1,54,1,53,0" doraHai="101" doraHaiUra="48" who="0" fromWho="0" sc="191,62,339,-26,230,-13,230,-13" /><INIT seed="2,0,0,5,4,31" ten="253,313,217,217" oya="2" hai0="101,103,122,86,82,99,35,54,129,10,124,125,55" hai1="53,73,61,7,46,107,84,95,121,89,34,20,30" hai2="48,119,108,27,92,131,87,75,128,63,37,69,51" hai3="77,104,60,116,127,40,106,6,38,90,68,71,120"/><V76/><F119/><W5/><G116/><T12/><D122/><U13/><E107/><N who="3" m="41002" /><G60/><T11/><D129/><N who="2" m="49738" /><F37/><W45/><G90/><T70/><D70/><N who="3" m="26665" /><G120/><T56/><D35/><U47/><E73/><V32/><F75/><W109/><G6/><T64/><D64/><U91/><E121/><V93/><F108/><W118/><G118/><T9/><D12/><U62/><E34/><V81/><F69/><W133/><G109/><T59/><D99/><U43/><E7/><V114/><F63/><W80/><G5/><T4/><D4/><U110/><E110/><V58/><F114/><W50/><G50/><N who="2" m="18985" /><F58/><W15/><G127/><N who="0" m="48715" /><D59/><U74/><E62/><V67/><F67/><W29/><G38/><T112/><D112/><U3/><E61/><V22/><F32/><W83/><G45/><T1/><D56/><U105/><E47/><V19/><AGARI ba="0,0" hai="19,22,27,76,81,87,92,93" m="18985,49738" machi="19" ten="30,1500,0" yaku="19,1" doraHai="31" who="2" fromWho="2" sc="253,-5,313,-5,217,15,217,-5" /><INIT seed="2,1,0,4,1,31" ten="248,308,232,212" oya="2" hai0="79,109,128,116,60,130,90,56,17,102,30,89,32" hai1="23,113,55,44,68,61,54,5,62,120,64,7,87" hai2="53,75,25,122,119,39,118,47,117,127,3,36,104" hai3="100,46,74,21,135,99,115,26,134,2,106,50,133"/><V29/><F75/><W76/><G2/><T59/><D109/><U52/><E113/><V131/><F3/><W57/><G115/><T11/><D79/><U18/><E120/><V93/><F104/><W63/><G76/><T85/><D102/><U19/><E87/><V96/><F122/><W70/><G70/><T92/><D116/><U108/><E108/><V67/><F127/><W8/><G8/><T98/><D17/><U6/><E62/><V110/><F110/><W51/><G46/><T65/><D11/><U12/><REACH who="1" step="1"/><E19/><REACH who="1" ten="248,298,232,212" step="2"/><V107/><F118/><W40/><G74/><T41/><D60/><U10/><E10/><V24/><F119/><W9/><G9/><T66/><D85/><U125/><E125/><V80/><F117/><W13/><G40/><T105/><D66/><U83/><E83/><V82/><F82/><W16/><REACH who="3" step="1"/><G13/><REACH who="3" ten="248,298,232,202" step="2"/><T129/><D41/><U72/><E72/><V78/><F80/><W111/><G111/><T91/><D130/><U34/><E34/><V73/><F131/><W84/><G84/><T27/><D129/><U33/><E33/><V94/><F73/><W45/><G45/><AGARI ba="1,2" hai="5,6,7,12,18,23,44,45,52,54,55,61,64,68" machi="45" ten="40,2600,0" yaku="1,1,54,1,53,0" doraHai="31" doraHaiUra="71" who="1" fromWho="3" sc="248,0,298,49,232,0,202,-29" /><INIT seed="3,0,0,1,0,87" ten="248,347,232,173" oya="3" hai0="18,32,41,27,69,101,6,65,44,130,35,43,89" hai1="96,81,59,0,79,94,132,60,42,7,50,64,97" hai2="125,88,31,100,117,37,2,90,93,15,108,95,25" hai3="114,10,5,14,30,91,19,128,55,13,86,11,77"/><W66/><G114/><T105/><D6/><U129/><E129/><V80/><F117/><W103/><G128/><T133/><D130/><U135/><E0/><V92/><F2/><W104/><G66/><T22/><D133/><N who="1" m="51275" /><E7/><V73/><F37/><W106/><G77/><T113/><D113/><U120/><E120/><V126/><F100/><W68/><G68/><T122/><D122/><U107/><E107/><V29/><F108/><W53/><G30/><N who="2" m="11273" /><F25/><W1/><G1/><T8/><D43/><U12/><E12/><V17/><F80/><W121/><G121/><T127/><D127/><N who="2" m="48650" /><F73/><W26/><G26/><T63/><D101/><U70/><E94/><V82/><F82/><W4/><G19/><T112/><D105/><U36/><E36/><V54/><F54/><W23/><G23/><AGARI ba="0,0" hai="15,17,23,88,90,92,93,95" m="48650,11273" machi="23" ten="30,7700,0" yaku="18,1,52,2,54,1" doraHai="87" who="2" fromWho="3" sc="248,0,347,0,232,77,173,-77" /><INIT seed="4,0,0,2,0,60" ten="248,347,309,96" oya="0" hai0="106,79,45,61,71,76,66,16,47,99,101,126,131" hai1="93,24,108,30,64,120,1,2,89,107,88,63,15" hai2="127,40,43,33,96,27,74,6,104,51,20,28,62" hai3="135,118,18,3,31,56,134,0,75,98,12,9,111"/><T39/><D131/><U25/><E107/><V130/><F74/><W105/><G75/><T29/><D29/><U119/><E108/><V52/><F130/><W121/><G105/><T78/><D126/><U17/><E120/><V72/><F72/><W7/><G98/><T73/><D73/><U14/><E119/><V46/><F127/><W26/><G56/><T77/><N who="0" m="19456" /><DORA hai="41" /><T102/><D39/><U58/><E24/><V84/><F6/><W55/><G55/><T13/><REACH who="0" step="1"/><D102/><REACH who="0" ten="238,347,309,96" step="2"/><U69/><E30/><V67/><F84/><W10/><G118/><T34/><D34/><U94/><E89/><V133/><F133/><N who="3" m="50699" /><G121/><T4/><D4/><U103/><E88/><V125/><F125/><W129/><G129/><T8/><AGARI ba="0,1" hai="8,13,16,45,47,61,66,71,99,101,106" m="19456" machi="8" ten="40,18000,2" yaku="1,1,0,1,52,3,54,1,53,0" doraHai="60,41" doraHaiUra="68,109" who="0" fromWho="0" sc="238,190,347,-60,309,-60,96,-60" /><INIT seed="4,1,0,3,3,82" ten="428,287,249,36" oya="0" hai0="46,85,8,120,71,38,24,53,77,113,44,94,75" hai1="18,47,76,43,125,122,51,115,68,107,106,11,2" hai2="12,59,97,121,116,114,3,64,67,7,78,124,40" hai3="119,101,13,91,70,135,103,22,5,27,14,133,28"/><T108/><D120/><U134/><E122/><V10/><F121/><W48/><G70/><T21/><D71/><U16/><E68/><V92/><F114/><W37/><G37/><T132/><D75/><U98/><E115/><V62/><F124/><W93/><G119/><T35/><D113/><U79/><E125/><V60/><F116/><W42/><G135/><T26/><D132/><U19/><E134/><V110/><F110/><W111/><G111/><T130/><D35/><U41/><E41/><V65/><F40/><W88/><G133/><T57/><D38/><U96/><E107/><V55/><F78/><W80/><G80/><N who="0" m="47247" /><D26/><U6/><REACH who="1" step="1"/><E98/><REACH who="1" ten="428,277,249,36" step="2"/><V39/><F39/><W87/><G91/><T127/><D108/><U81/><E81/><V36/><F36/><W45/><G5/><T58/><D127/><U34/><E34/><V89/><REACH who="2" step="1"/><F3/><REACH who="2" ten="428,277,239,36" step="2"/><W20/><REACH who="3" step="1"/><G20/><REACH who="3" ten="428,277,239,26" step="2"/><T84/><D21/><U54/><E54/><V112/><F112/><W30/><G30/><T9/><D53/><U105/><E105/><V74/><F74/><W52/><G52/><T61/><D46/><U69/><E69/><AGARI ba="1,3" hai="7,10,12,55,59,60,62,64,65,67,69,89,92,97" machi="69" ten="30,3900,0" yaku="1,1,7,1,53,1" doraHai="82" doraHaiUra="86" who="2" fromWho="1" sc="428,0,277,-42,239,72,26,0" /><INIT seed="5,0,0,5,5,116" ten="428,235,311,26" oya="1" hai0="33,114,66,32,85,22,65,89,7,17,97,61,79" hai1="119,93,71,134,4,67,54,38,16,45,49,15,23" hai2="99,5,127,92,14,31,101,37,104,18,13,35,102" hai3="64,12,27,84,113,1,10,118,70,111,9,75,11"/><U56/><E119/><V68/><F37/><W21/><G118/><T126/><D79/><U110/><E110/><V76/><F68/><W82/><G75/><T43/><D7/><U58/><E134/><V57/><F127/><W87/><G111/><T105/><D43/><U69/><E38/><V123/><F123/><W34/><G34/><T25/><D66/><U3/><E93/><V121/><F121/><W55/><G1/><T132/><D114/><U91/><E91/><V8/><F76/><W83/><G113/><T133/><D97/><U108/><E108/><V88/><F31/><W122/><G122/><T50/><D50/><U117/><E117/><V40/><F35/><W2/><G2/><T28/><D105/><U59/><REACH who="1" step="1"/><E67/><REACH who="1" ten="428,225,311,26" step="2"/><V80/><F88/><N who="3" m="51223" /><G64/><T51/><D65/><U124/><E124/><V90/><F90/><N who="3" m="51583" /><G70/><T42/><D126/><U20/><E20/><V131/><F92/><W130/><G130/><T36/><D36/><U30/><E30/><V125/><F131/><W128/><G128/><T39/><D39/><U62/><E62/><V52/><F125/><W135/><G135/><N who="0" m="51787" /><D61/><U24/><E24/><V129/><F129/><W81/><G81/><N who="0" m="49327" /><D28/><U48/><E48/><V0/><F80/><W107/><G107/><T53/><D33/><U106/><E106/><V6/><F104/><W77/><G77/><T19/><D32/><U74/><E74/><V26/><F26/><W112/><G112/><T47/><D25/><U44/><E44/><V96/><F102/><W100/><G100/><T72/><D72/><U60/><E60/><V115/><F101/><RYUUKYOKU ba="0,1" sc="428,-10,225,30,311,-10,26,-10" hai1="3,4,15,16,23,45,49,54,56,58,59,69,71" /><INIT seed="5,1,1,2,3,97" ten="418,255,301,16" oya="1" hai0="116,62,6,65,41,22,131,47,87,23,114,14,84" hai1="68,48,89,128,76,111,24,127,71,50,20,7,56" hai2="45,77,9,8,0,73,75,36,124,10,110,119,43" hai3="133,102,4,134,98,30,95,3,49,17,105,129,59"/><U31/><E127/><V93/><F110/><W5/><G129/><T82/><D116/><U70/><E111/><V123/><F123/><W81/><G30/><T58/><D114/><U100/><E128/><V57/><F119/><W90/><G3/><T130/><D6/><U135/><E135/><N who="3" m="51722" /><G81/><T88/><D87/><U33/><E76/><V69/><F69/><W34/><G34/><T112/><D112/><U61/><E7/><N who="3" m="2634" /><G17/><T52/><D130/><U55/><E89/><V91/><F124/><W107/><G90/><T37/><D131/><U11/><E11/><V118/><F118/><W35/><G35/><T109/><D109/><U78/><E78/><V115/><F77/><W2/><G2/><T122/><D122/><U25/><REACH who="1" step="1"/><E100/><REACH who="1" ten="418,245,301,16" step="2"/><V92/><F0/><W99/><G99/><T74/><D74/><U46/><E46/><V16/><F45/><W19/><G19/><AGARI ba="1,2" hai="19,20,24,25,31,33,48,50,55,56,61,68,70,71" machi="19" ten="40,2000,0" yaku="1,1,53,0" doraHai="97" doraHaiUra="79" who="1" fromWho="3" sc="418,0,245,43,301,0,16,-23" owari="418,51.8,288,-11.2,301,10.1,-7,-50.7" /></mjloggm>