<mjloggm ver="2.3"><GO type="169" lobby="0"/><UN n0="%E5%9B%BD%E7%8E%8B" n1="%E7%9B%9B%E5%B2%A1%E3%81%AE%E3%83%AA%E3%83%BC%E3%83%81%E8%B6%85%E4%BA%BA" n2="%43%6F%66%66%65%65" n3="%E7%8A%AC%E5%B1%B1" dan="17,17,16,16" rate="2167.28,2187.04,2058.04,2081.85" sx="M,M,M,M"/><TAIKYOKU oya="0"/><INIT seed="0,0,0,1,5,101" ten="250,250,250,250" oya="0" hai0="42,58,43,66,22,21,71,11,73,13,84,68,129" hai1="72,97,114,98,62,91,115,53,52,120,70,113,23" hai2="1,61,46,92,31,74,105,119,26,77,4,127,32" hai3="135,76,133,67,5,75,85,126,116,30,93,78,111"/><T17/><D73/><U134/><E120/><V2/><F127/><W33/><G126/><T121/><D129/><U29/><E72/><V39/><F119/><W47/><G116/><T128/><D128/><U106/><E134/><V56/><F92/><W123/><G123/><T54/><D121/><U83/><E29/><V36/><F105/><W59/><G5/><T69/><D66/><N who="1" m="41303" /><E23/><V38/><F4/><W125/><G47/><T132/><D84/><N who="1" m="50591" /><E97/><V60/><F46/><W130/><G59/><T112/><D132/><U103/><AGARI ba="0,0" hai="52,53,98,103,106,113,114,115" m="50591,41303" machi="103" ten="40,5200,0" yaku="11,1,52,1,54,1" doraHai="101" who="1" fromWho="1" sc="250,-26,250,52,250,-13,250,-13" /><INIT seed="1,0,0,5,1,134" ten="224,302,237,237" oya="1" hai0="99,9,110,45,66,37,42,19,68,126,65,30,58" hai1="114,11,61,40,98,128,14,127,1,25,4,32,53" hai2="6,97,94,38,43,60,33,108,36,41,77,104,124" hai3="31,51,46,59,18,48,73,7,131,22,107,20,90"/><U49/><E114/><V47/><F108/><W83/><G107/><T70/><D110/><U26/><E128/><V78/><F33/><W39/><G39/><T118/><D30/><U71/><E40/><V120/><F120/><W100/><G100/><T93/><D118/><U27/><E127/><V17/><F104/><W82/><G7/><T52/><D126/><U64/><E98/><V23/><F124/><W106/><G106/><T29/><D29/><U119/><E119/><V80/><F6/><W102/><G102/><T13/><D68/><U113/><E113/><V122/><F122/><W50/><G73/><T54/><D70/><U115/><E115/><V132/><F132/><W12/><G131/><T105/><D54/><U67/><E67/><V125/><F125/><W101/><G101/><T72/><D72/><U91/><E91/><V133/><F133/><W92/><G59/><T89/><REACH who="0" step="1"/><D105/><REACH who="0" ten="214,302,237,237" step="2"/><U0/><REACH who="1" step="1"/><E32/><REACH who="1" ten="214,292,237,237" step="2"/><V3/><F43/><W35/><G35/><T111/><D111/><U121/><E121/><V103/><F41/><W84/><G46/><AGARI ba="0,2" hai="0,1,4,11,14,25,26,27,46,49,53,61,64,71" machi="46" ten="40,2000,0" yaku="1,1,53,0" doraHai="134" doraHaiUra="135" who="1" fromWho="3" sc="214,0,292,40,237,0,237,-20" /><INIT seed="1,1,0,5,4,59" ten="214,332,237,217" oya="1" hai0="99,118,96,12,104,53,114,31,111,49,124,46,89" hai1="13,121,25,35,134,44,30,70,36,110,93,11,74" hai2="19,63,56,117,16,126,75,81,76,9,57,41,129" hai3="60,102,109,61,65,79,133,51,0,105,62,94,113"/><U3/><E121/><V42/><F117/><W38/><G38/><T6/><D114/><U116/><E116/><V27/><F129/><W26/><G105/><T24/><D111/><U34/><E74/><V10/><F126/><W40/><G0/><T43/><D124/><U83/><E134/><V72/><F72/><W45/><G113/><T29/><D104/><U64/><E3/><V7/><F57/><N who="3" m="37007" /><G133/><T135/><D135/><U122/><E83/><V112/><F112/><W84/><G109/><T107/><D107/><U67/><E122/><V1/><F19/><W91/><G102/><T106/><D106/><U47/><E34/><V80/><F80/><N who="3" m="47135" /><G26/><T119/><D119/><U2/><E2/><V73/><F75/><W130/><G130/><T18/><D6/><U103/><E36/><V123/><F123/><W5/><G5/><T88/><D24/><U98/><E110/><V108/><F108/><W131/><G131/><T77/><D18/><U128/><E128/><V71/><F71/><W37/><G37/><T32/><D32/><U82/><E70/><V23/><REACH who="2" step="1"/><F10/><REACH who="2" ten="214,332,227,217" step="2"/><W54/><G40/><T100/><D43/><U8/><E8/><V17/><F17/><W97/><AGARI ba="1,1" hai="45,51,54,61,62,91,94,97" m="47135,37007" machi="97" ten="30,7900,0" yaku="8,1,52,3" doraHai="59" who="3" fromWho="3" sc="214,-21,332,-40,227,-21,217,92" /><INIT seed="2,0,0,4,1,45" ten="193,292,206,309" oya="2" hai0="31,131,129,88,66,103,10,118,55,106,44,108,5" hai1="90,124,101,50,114,4,12,65,36,132,64,134,95" hai2="83,119,74,30,92,0,57,41,34,69,39,71,120" hai3="93,70,80,63,62,77,113,7,8,67,49,104,97"/><V91/><F119/><W127/><G127/><T100/><D108/><U24/><E36/><V84/><F120/><W86/><G104/><T123/><D123/><U76/><E114/><V112/><F112/><W89/><G113/><T40/><D66/><U29/><E76/><V18/><F0/><W135/><G135/><N who="1" m="51754" /><E101/><V9/><F30/><W99/><G62/><T81/><D55/><U42/><E12/><V59/><F34/><W20/><G20/><T105/><D31/><U15/><E15/><V130/><F130/><N who="0" m="49674" /><D103/><U96/><E4/><V111/><F111/><W23/><G23/><T38/><D100/><U2/><E2/><V68/><F39/><W28/><G28/><T82/><D118/><U11/><E124/><V78/><REACH who="2" step="1"/><F41/><REACH who="2" ten="193,292,196,309" step="2"/><W19/><G7/><T61/><D38/><U128/><E128/><V107/><F107/><W102/><G19/><T1/><D106/><U13/><E42/><V35/><F35/><W79/><G8/><T98/><D105/><U115/><E115/><V32/><F32/><W53/><REACH who="3" step="1"/><G99/><REACH who="3" ten="193,292,196,299" step="2"/><T122/><D98/><U133/><E133/><V33/><F33/><W110/><G110/><T117/><D10/><U6/><E29/><V72/><F72/><W87/><G87/><T51/><D5/><U85/><E96/><V60/><F60/><W75/><G75/><T54/><D61/><U27/><E6/><V16/><F16/><W37/><G37/><T56/><D1/><U25/><E11/><V48/><F48/><W116/><G116/><T94/><D117/><U73/><E50/><V125/><F125/><W26/><G26/><RYUUKYOKU ba="0,2" sc="193,-15,292,-15,196,15,299,15" hai2="9,18,57,59,68,69,71,74,78,83,84,91,92" hai3="49,53,63,67,70,77,79,80,86,89,93,97,102" /><INIT seed="2,1,2,0,2,1" ten="178,277,211,314" oya="2" hai0="16,70,54,111,109,112,122,66,98,45,26,102,35" hai1="62,124,33,80,88,63,57,85,126,56,10,36,134" hai2="28,31,22,61,82,71,83,121,75,86,101,32,68" hai3="91,133,5,46,29,51,78,40,107,7,65,67,123"/><V8/><F121/><W52/><G107/><T41/><D112/><U59/><E134/><V120/><F120/><W106/><G106/><T104/><D122/><U58/><E36/><V129/><F32/><W44/><G133/><T21/><D35/><U130/><E130/><V115/><F115/><W17/><G29/><T11/><D54/><U128/><E128/><V96/><F129/><W38/><G78/><T79/><D79/><U93/><E33/><V4/><F75/><W12/><G91/><T72/><D72/><U87/><E10/><V105/><F82/><W84/><G84/><T103/><D103/><U42/><E42/><V18/><F31/><W76/><G76/><T13/><D66/><U69/><E69/><V50/><F50/><N who="3" m="26887" /><G123/><T64/><D64/><N who="3" m="24649" /><G38/><T14/><D70/><U47/><E85/><V100/><F28/><W108/><G108/><T94/><D104/><U37/><E80/><V116/><F116/><W24/><G24/><T73/><D73/><U131/><E131/><V6/><F100/><W97/><G97/><T9/><D9/><AGARI ba="1,2" hai="5,7,9,12,17,46,51,52" m="24649,26887" machi="9" ten="30,7700,0" yaku="8,1,52,2,54,1" doraHai="1" who="3" fromWho="0" sc="178,-80,277,0,211,0,314,100" /><INIT seed="3,0,0,5,3,11" ten="98,277,211,414" oya="3" hai0="90,84,33,28,63,5,12,8,106,52,47,65,86" hai1="51,15,75,2,125,97,131,7,80,70,85,24,10" hai2="6,68,45,126,22,109,71,20,54,110,56,40,99" hai3="128,0,101,103,120,49,73,98,32,94,113,38,123"/><W107/><G73/><T89/><D106/><U41/><E131/><V122/><F126/><W44/><G32/><T58/><D33/><U61/><E75/><V43/><F122/><W104/><G38/><T4/><D28/><U130/><E130/><V118/><F118/><W92/><G0/><T26/><D26/><U76/><E125/><V59/><F6/><W50/><G44/><T60/><D5/><U13/><E97/><V42/><F99/><W135/><G128/><T96/><D47/><U66/><E41/><N who="2" m="15979" /><F20/><W35/><G35/><T39/><D39/><U95/><E51/><N who="2" m="27071" /><F22/><W62/><G62/><T25/><D25/><U74/><REACH who="1" step="1"/><E24/><REACH who="1" ten="98,267,211,414" step="2"/><V36/><F36/><W3/><G98/><T93/><REACH who="0" step="1"/><D90/><AGARI ba="0,1" hai="2,7,10,13,15,61,66,70,74,76,80,85,90,95" machi="90" ten="40,8000,1" yaku="1,1,2,1,52,2,53,0" doraHai="11" doraHaiUra="108" who="1" fromWho="0" sc="98,-80,267,90,211,0,414,0" /><INIT seed="4,0,0,5,5,24" ten="18,357,211,414" oya="0" hai0="40,116,76,60,106,87,107,42,66,113,95,102,46" hai1="71,133,120,11,90,15,13,34,35,54,23,94,78" hai2="127,104,100,0,119,7,45,75,29,33,18,48,84" hai3="110,134,5,47,97,88,105,36,103,82,96,131,25"/><T43/><D113/><U132/><E71/><V86/><F75/><W123/><G134/><T63/><D116/><U126/><E78/><V64/><F127/><W115/><G110/><T9/><D9/><U55/><E120/><V4/><F119/><W53/><G5/><T27/><D46/><U114/><E126/><V52/><F64/><W81/><G131/><T98/><D60/><U37/><E37/><V93/><F104/><W41/><G115/><T22/><D76/><U2/><E2/><V69/><F69/><W124/><G124/><T21/><D87/><U129/><E114/><V14/><F4/><W91/><G123/><T122/><D21/><U51/><E23/><N who="2" m="11735" /><F93/><W101/><G53/><T79/><D79/><U44/><E54/><V121/><F100/><W12/><G12/><T58/><REACH who="0" step="1"/><D122/><REACH who="0" ten="8,357,211,414" step="2"/><U50/><E11/><N who="2" m="2535" /><F121/><W85/><G85/><T112/><D112/><U130/><E44/><V117/><F117/><W31/><G82/><T77/><D77/><U57/><E129/><V68/><F68/><W135/><G81/><T89/><D89/><U73/><E90/><V70/><F70/><W17/><G91/><T128/><D128/><U125/><E130/><V8/><F8/><W59/><G88/><T32/><D32/><U38/><E35/><V28/><F33/><W99/><G47/><T83/><D83/><U67/><E34/><V49/><F86/><W6/><G103/><T30/><AGARI ba="0,1" hai="22,27,30,40,42,43,58,63,66,95,98,102,106,107" machi="30" ten="30,18000,2" yaku="1,1,0,1,25,2,52,1,53,1" doraHai="24" doraHaiUra="56" who="0" fromWho="0" sc="8,190,357,-60,211,-60,414,-60" /><INIT seed="4,1,0,2,0,36" ten="198,297,151,354" oya="0" hai0="35,114,62,80,90,100,0,42,59,51,30,4,129" hai1="52,124,48,15,7,31,3,12,25,46,121,67,111" hai2="69,24,115,58,99,53,19,96,21,128,105,39,123" hai3="38,125,101,54,13,40,135,55,130,57,97,109,132"/><T66/><D114/><U26/><E111/><V126/><F123/><W37/><G109/><T70/><D129/><U22/><E121/><V11/><F115/><W103/><G130/><T134/><D134/><N who="3" m="51241" /><G54/><T28/><D100/><U120/><E120/><V85/><F128/><W72/><G72/><T131/><D35/><U106/><E106/><V47/><F69/><W82/><G82/><T50/><D131/><U29/><E124/><V81/><F126/><W76/><G76/><T119/><D119/><U5/><E67/><V113/><F113/><W78/><G78/><T68/><D4/><U16/><E3/><V27/><F105/><N who="3" m="63663" /><G40/><T71/><D0/><U116/><E116/><V88/><F24/><W49/><G125/><T98/><D51/><U64/><E64/><V63/><REACH who="2" step="1"/><F11/><REACH who="2" ten="198,297,141,354" step="2"/><W45/><G13/><T32/><D71/><U122/><E122/><V44/><F44/><W34/><G45/><N who="0" m="25911" /><D70/><U108/><E108/><V33/><F33/><W10/><G34/><T92/><D32/><U95/><E15/><V75/><F75/><W1/><G10/><T110/><D110/><U43/><E12/><V17/><F17/><W60/><G1/><T74/><D68/><U65/><E16/><V14/><F14/><W41/><G38/><T86/><D74/><U77/><E25/><V61/><F61/><W73/><G37/><T102/><AGARI ba="1,1" hai="28,30,59,62,66,80,86,90,92,98,102" m="25911" machi="102" ten="30,3000,0" yaku="8,1,52,1" doraHai="36" who="0" fromWho="0" sc="198,43,297,-11,141,-11,354,-11" /><INIT seed="4,2,0,0,0,58" ten="241,286,130,343" oya="0" hai0="60,33,63,9,121,112,125,43,74,102,14,30,87" hai1="56,118,80,103,78,89,24,11,73,135,41,16,108" hai2="98,52,129,67,131,54,127,76,57,69,50,35,42" hai3="109,49,110,115,12,101,96,28,122,19,22,23,75"/><T134/><D74/><U128/><E108/><V123/><F35/><W32/><G75/><T4/><D121/><U71/><E71/><V104/><F123/><W47/><G122/><T20/><D112/><U105/><E118/><V38/><F76/><W65/><G65/><T84/><D33/><U26/><E128/><N who="2" m="49227" /><F104/><W37/><G37/><T3/><D134/><U72/><E72/><V132/><F98/><W117/><G117/><T120/><D120/><U82/><E41/><V124/><F132/><W113/><G32/><T88/><D102/><U40/><E40/><V46/><F54/><N who="3" m="30015" /><G23/><T64/><D125/><U48/><E135/><V119/><F119/><W27/><G27/><N who="0" m="16743" /><D3/><U95/><E103/><V92/><F92/><N who="3" m="58503" /><G28/><T116/><D116/><U85/><E105/><V31/><F31/><W2/><G2/><T77/><D43/><U29/><E29/><V97/><F97/><W8/><G8/><T53/><D53/><U91/><E11/><V83/><F83/><W90/><G90/><T99/><D64/><U44/><E89/><V66/><F66/><W6/><G6/><T111/><D111/><U7/><E7/><V100/><F100/><W81/><G81/><N who="0" m="47151" /><D99/><U55/><E82/><AGARI ba="2,0" hai="4,9,14,60,63,82,87,88" m="47151,16743" machi="82" ten="30,11600,0" yaku="8,1,52,2,54,1" doraHai="58" who="0" fromWho="1" sc="241,122,286,-122,130,0,343,0" /><INIT seed="4,3,0,4,4,54" ten="363,164,130,343" oya="0" hai0="13,2,1,47,36,62,102,68,33,134,4,82,16" hai1="116,14,38,50,87,17,79,76,106,37,12,85,29" hai2="91,25,98,130,117,128,57,18,59,26,63,93,24" hai3="119,9,78,71,100,35,34,120,75,109,42,101,70"/><T69/><D33/><U8/><E106/><V89/><F117/><W125/><G109/><T92/><D134/><U6/><E116/><V88/><F18/><W43/><G119/><T39/><D82/><U52/><E29/><V129/><F63/><W15/><G15/><T44/><D4/><U126/><E126/><V28/><F28/><W113/><G78/><N who="1" m="29738" /><E38/><V96/><REACH who="2" step="1"/><F93/><REACH who="2" ten="363,164,120,343" step="2"/><W58/><G120/><T121/><D92/><U83/><E83/><V127/><F127/><W108/><G125/><T67/><D121/><U99/><E37/><V66/><F66/><W21/><G108/><T32/><D67/><U122/><E122/><V46/><F46/><W56/><G75/><T7/><D39/><U81/><E81/><V97/><AGARI ba="3,1" hai="24,25,26,57,59,88,89,91,96,97,98,128,129,130" machi="97" ten="50,32000,5" yakuman="40" doraHai="54" doraHaiUra="45" who="2" fromWho="2" sc="363,-163,164,-83,120,339,343,-83" /><INIT seed="5,0,0,1,1,36" ten="200,81,459,260" oya="1" hai0="51,31,87,27,131,97,33,94,81,38,46,122,37" hai1="101,116,39,10,48,100,23,106,103,93,123,61,73" hai2="54,18,92,96,55,56,77,99,74,21,50,112,29" hai3="124,133,28,19,15,78,135,83,118,34,89,134,109"/><U2/><E123/><V111/><F111/><W11/><G109/><T59/><D131/><U41/><E116/><V60/><F29/><W4/><G89/><T126/><D59/><U53/><E106/><V71/><F112/><W13/><G83/><T9/><D126/><U117/><E117/><V12/><F74/><W45/><G45/><T22/><D9/><U75/><E39/><V90/><F77/><W0/><G78/><T52/><D33/><U113/><E113/><V62/><F71/><W68/><G68/><T35/><D35/><U63/><E23/><V119/><F119/><W20/><G118/><T115/><D122/><U130/><E130/><V69/><F69/><W7/><G124/><T24/><D24/><U82/><E93/><N who="2" m="56375" /><F55/><W43/><G43/><T127/><D127/><U85/><E41/><V44/><F56/><W57/><G57/><T42/><D42/><U17/><E75/><V114/><F114/><W3/><G7/><T110/><D110/><U32/><E32/><V58/><F58/><W121/><G121/><T98/><D98/><U16/><E73/><V76/><F76/><W67/><G67/><T5/><D115/><U72/><E72/><V105/><F105/><W65/><G65/><T107/><D107/><U26/><E61/><V25/><F25/><AGARI ba="0,0" hai="0,3,4,11,13,15,19,20,25,28,34,133,134,135" machi="25" ten="40,8000,1" yaku="20,1,34,3" doraHai="36" who="3" fromWho="2" sc="200,0,81,0,459,-80,260,80" /><INIT seed="6,0,0,0,4,49" ten="200,81,379,340" oya="2" hai0="107,114,64,23,58,85,120,117,101,88,106,112,116" hai1="132,0,56,100,104,134,71,135,48,5,37,17,123" hai2="92,26,118,9,77,30,93,42,127,39,66,8,80" hai3="51,79,67,65,70,33,40,13,47,94,72,69,31"/><V109/><F118/><N who="0" m="45674" /><D23/><U98/><E37/><V105/><F105/><N who="0" m="39946" /><D120/><U102/><E71/><V133/><F133/><W103/><G31/><T90/><D64/><U95/><E123/><V15/><F127/><W52/><G33/><T89/><D58/><U60/><E17/><V54/><F66/><W76/><G13/><T6/><D101/><U35/><E35/><V16/><F109/><W78/><G70/><T57/><D57/><U12/><E48/><V2/><F39/><W128/><G69/><T86/><D6/><U83/><E83/><V28/><F42/><W73/><G67/><T87/><AGARI ba="0,0" hai="85,86,87,88,89,90,112,114" m="39946,45674" machi="87" ten="40,12000,2" yaku="28,2,12,1,34,2,54,1" doraHai="49" who="0" fromWho="0" sc="200,120,81,-30,379,-60,340,-30" /><INIT seed="7,0,0,1,0,25" ten="320,51,319,310" oya="3" hai0="82,78,19,99,120,9,128,98,88,49,29,22,86" hai1="117,67,92,97,108,93,7,58,46,94,113,54,133" hai2="17,62,71,81,69,31,64,37,60,3,16,0,5" hai3="51,101,33,124,4,65,111,42,53,45,2,129,103"/><W91/><G33/><T47/><D128/><U10/><E108/><V72/><F37/><W119/><G119/><T115/><D120/><U26/><E117/><V48/><F31/><W66/><G2/><T77/><D29/><U76/><E113/><V30/><F30/><W126/><G4/><T90/><D9/><U24/><E133/><V15/><F48/><N who="3" m="26679" /><G129/><T8/><D8/><U21/><E76/><N who="0" m="29289" /><D90/><U13/><E46/><V87/><F72/><W135/><G135/><T23/><D115/><U34/><E34/><V32/><F32/><W56/><G111/><T1/><D1/><U132/><E132/><V83/><F5/><W130/><G130/><T11/><D11/><U80/><E80/><V43/><F43/><W109/><G109/><T131/><D131/><U28/><E26/><V52/><F87/><W84/><G124/><T73/><D73/><U12/><E12/><V61/><F15/><W116/><G116/><T121/><D121/><U110/><E110/><V18/><F3/><W59/><G126/><T75/><D75/><U74/><E74/><V85/><F0/><W100/><G59/><T96/><D19/><U36/><E36/><V104/><F69/><W112/><G112/><T102/><D102/><U57/><E57/><N who="2" m="34855" /><F104/><W44/><G44/><T134/><D134/><U50/><REACH who="1" step="1"/><E67/><REACH who="1" ten="320,41,319,310" step="2"/><N who="2" m="41455" /><F85/><W89/><G89/><T35/><D35/><U114/><E114/><V14/><F14/><W40/><G40/><AGARI ba="0,1" hai="22,23,40,47,49,82,86,88,96,98,99" m="29289" machi="40" ten="30,2000,0" yaku="8,1,54,1" doraHai="25" who="0" fromWho="3" sc="320,30,41,0,319,0,310,-20" owari="350,45.0,41,-45.9,319,11.9,290,-11.0" /></mjloggm>