<mjloggm ver="2.3"><GO type="169" lobby="0"/><UN n0="%E2%98%86%41%64%72%69%61%6E" n1="%4F%77%4B" n2="%4E%49%4B%55%59%41" n3="%65%76%61%63%61%6E%69%61" dan="17,17,17,16" rate="2170.72,2184.17,2204.21,2196.18" sx="M,M,M,M"/><TAIKYOKU oya="0"/><INIT seed="0,0,0,1,5,56" ten="250,250,250,250" oya="0" hai0="94,116,5,63,1,18,65,24,102,71,78,123,20" hai1="38,67,107,135,44,90,49,53,66,98,75,96,57" hai2="39,133,110,55,6,46,58,62,82,100,105,31,59" hai3="19,47,50,83,91,131,112,22,14,8,30,118,80"/><T12/><D123/><U88/><E75/><V69/><F133/><W11/><G112/><T72/><D116/><U124/><E135/><V126/><F126/><W23/><G118/><T32/><D72/><U45/><E124/><V51/><F110/><W64/><G131/><T95/><D78/><U73/><E73/><V87/><F6/><W101/><G101/><T89/><D102/><U86/><E107/><V42/><F31/><W104/><G104/><T92/><D1/><U15/><E15/><V117/><F117/><W127/><G127/><T119/><D119/><U13/><E13/><V26/><F26/><N who="3" m="16727" /><G64/><N who="1" m="24618" /><E38/><V52/><F69/><W48/><G48/><T129/><D129/><U16/><E16/><V33/><F33/><W34/><G34/><T41/><D41/><U121/><E121/><V40/><F40/><N who="3" m="24935" /><G91/><N who="1" m="34858" /><E86/><V84/><REACH who="2" step="1"/><F82/><AGARI ba="0,0" hai="8,11,14,19,23,80,82,83" m="24935,16727" machi="82" ten="30,1000,0" yaku="8,1" doraHai="56" who="3" fromWho="2" sc="250,0,250,0,250,-10,250,10" /><INIT seed="1,0,0,1,2,34" ten="250,250,240,260" oya="1" hai0="16,113,82,101,93,13,5,103,75,49,125,54,81" hai1="52,15,128,111,7,79,28,68,43,115,91,92,20" hai2="30,104,66,23,50,135,122,48,116,42,8,126,98" hai3="27,129,51,2,58,64,121,31,19,132,65,33,32"/><U107/><E115/><V127/><F116/><W86/><G121/><T85/><D113/><U90/><E68/><V0/><F122/><W133/><G129/><T6/><D125/><U26/><E107/><V99/><F66/><W11/><G33/><T38/><D38/><U106/><E106/><V114/><F114/><W29/><G29/><T77/><D103/><U73/><E128/><V10/><F135/><N who="3" m="51787" /><G86/><T124/><D101/><U63/><E43/><V88/><F104/><W67/><G19/><T134/><D124/><N who="2" m="47658" /><F42/><W61/><G51/><N who="2" m="19497" /><F88/><N who="1" m="33833" /><E79/><V78/><F78/><W45/><G45/><T87/><D93/><U131/><E92/><V100/><F100/><W35/><G35/><T36/><D75/><U117/><E73/><V18/><F30/><W80/><G80/><T95/><D95/><U84/><E117/><V109/><F109/><W3/><G11/><N who="0" m="6207" /><D36/><U25/><E111/><V17/><F10/><W120/><G120/><T123/><D123/><U53/><E131/><V83/><F83/><W55/><AGARI ba="0,0" hai="2,3,27,31,32,55,58,61,64,65,67" m="51787" machi="55" ten="30,4000,0" yaku="20,1,52,2" doraHai="34" who="3" fromWho="3" sc="250,-10,250,-20,240,-10,260,40" /><INIT seed="2,0,0,3,4,124" ten="240,230,230,300" oya="2" hai0="88,3,27,46,58,16,43,109,73,130,103,11,24" hai1="105,100,62,0,38,29,63,33,26,78,87,72,101" hai2="15,77,45,123,121,49,6,135,57,2,9,34,110" hai3="83,61,97,67,47,131,99,64,65,112,95,114,7"/><V69/><F69/><W41/><G7/><T86/><D73/><U90/><E0/><V66/><F34/><W85/><G61/><T55/><D3/><U10/><E38/><V21/><F77/><W94/><G85/><T18/><D109/><U51/><E10/><V44/><F110/><W37/><G83/><T70/><D103/><U89/><E89/><V4/><F135/><W108/><G108/><T93/><D70/><U68/><E51/><V14/><F2/><W31/><G31/><T75/><D75/><U127/><E127/><V5/><F21/><W113/><REACH who="3" step="1"/><G131/><REACH who="3" ten="240,230,230,290" step="2"/><T128/><D130/><U79/><E72/><V82/><F82/><W53/><G53/><T106/><D128/><U91/><E87/><V116/><F4/><W119/><G119/><T111/><D111/><U28/><E63/><V104/><F116/><W134/><G134/><T92/><D86/><U1/><E62/><V96/><F5/><W8/><G8/><T80/><D11/><U13/><E29/><V98/><F6/><W20/><G20/><T84/><D80/><U52/><E28/><V23/><F23/><W81/><G81/><T35/><D84/><U22/><E22/><V48/><F9/><W39/><G39/><T122/><D55/><U107/><E52/><V74/><F74/><W126/><G126/><T54/><D54/><U132/><E132/><V60/><F60/><W59/><G59/><T71/><D58/><U42/><E68/><V115/><F57/><W50/><G50/><T32/><D71/><U76/><E1/><V129/><F129/><W56/><G56/><RYUUKYOKU ba="0,1" sc="240,-10,230,-10,230,-10,290,30" hai3="37,41,47,64,65,67,94,95,97,99,112,113,114" /><INIT seed="3,1,1,1,1,57" ten="230,220,220,320" oya="3" hai0="110,118,54,32,79,30,4,71,31,10,78,39,40" hai1="89,77,17,81,51,16,76,132,55,48,6,85,99" hai2="83,47,21,135,46,66,50,3,111,19,87,56,108" hai3="131,80,67,42,101,102,114,9,113,18,38,91,15"/><W63/><G131/><T103/><D118/><U49/><E132/><V59/><F3/><W13/><G38/><T90/><D71/><U88/><E6/><V72/><F72/><W129/><G42/><T34/><D103/><U14/><E55/><V29/><F29/><W68/><G129/><T107/><D107/><U92/><REACH who="1" step="1"/><E17/><REACH who="1" ten="230,210,220,320" step="2"/><V96/><F135/><W7/><G114/><T70/><D4/><U2/><E2/><V82/><F19/><W74/><G113/><T36/><D40/><U12/><E12/><V28/><F108/><W84/><REACH who="3" step="1"/><G74/><REACH who="3" ten="230,210,220,310" step="2"/><T120/><D110/><U86/><E86/><V8/><F87/><W69/><G69/><T75/><D70/><U106/><E106/><V100/><F111/><W52/><G52/><T104/><D54/><U64/><E64/><V128/><F66/><W65/><G65/><T26/><D104/><U33/><E33/><V5/><F128/><W95/><G95/><T60/><D34/><U0/><E0/><V61/><F82/><W27/><G27/><T25/><D25/><U35/><E35/><V24/><F83/><W124/><G124/><T122/><D26/><U94/><E94/><V45/><F24/><W58/><G58/><T112/><D32/><U105/><E105/><V43/><F59/><W117/><G117/><T119/><D75/><U134/><E134/><V97/><F56/><W98/><G98/><T22/><D119/><U62/><E62/><V37/><F61/><W109/><G109/><T93/><D60/><U1/><E1/><V123/><F96/><W130/><G130/><T53/><D93/><RYUUKYOKU ba="1,3" sc="230,-15,210,15,220,-15,310,15" hai1="14,16,48,49,51,76,77,81,85,88,89,92,99" hai3="7,9,13,15,18,63,67,68,80,84,91,101,102" /><INIT seed="3,2,3,5,4,53" ten="215,225,205,325" oya="3" hai0="13,47,90,127,97,125,71,108,128,59,62,126,42" hai1="101,94,36,84,48,41,75,109,114,28,87,18,115" hai2="40,52,99,122,63,60,135,65,46,130,44,0,54" hai3="121,2,70,117,55,56,134,131,11,73,16,111,112"/><W74/><RYUUKYOKU type="yao9" ba="2,3" sc="215,0,225,0,205,0,325,0" hai3="2,11,16,55,56,70,73,74,111,112,117,121,131,134" /><INIT seed="3,3,3,5,2,54" ten="215,225,205,325" oya="3" hai0="118,27,22,93,131,72,14,52,1,83,103,80,19" hai1="56,99,108,60,66,79,57,28,101,113,13,16,92" hai2="30,67,20,85,106,29,47,32,10,100,65,73,127" hai3="17,15,125,5,84,0,104,115,70,68,81,95,63"/><W96/><G104/><T71/><D1/><U126/><E108/><V112/><F73/><W105/><G115/><T3/><D3/><U88/><E126/><V36/><F32/><W12/><G105/><T7/><D71/><U53/><E113/><V55/><F106/><W129/><G125/><T62/><D72/><U130/><E130/><V91/><F36/><W94/><G129/><T76/><D118/><U44/><E44/><V89/><F100/><W75/><G0/><T8/><D76/><U116/><E116/><V6/><F112/><W18/><G5/><T87/><D131/><U117/><E117/><V45/><F45/><W41/><G41/><T128/><D128/><U26/><E79/><V132/><F91/><W46/><G46/><T11/><D11/><N who="1" m="6207" /><E101/><V49/><F132/><W58/><G75/><T123/><D123/><U35/><E35/><V50/><F50/><W33/><G33/><T114/><D114/><U97/><E26/><N who="2" m="16583" /><F30/><W38/><G38/><T98/><REACH who="0" step="1"/><D87/><REACH who="0" ten="205,225,205,325" step="2"/><N who="1" m="52255" /><E28/><V110/><F127/><W135/><G70/><T40/><D40/><U111/><E111/><V24/><F110/><W120/><G68/><T51/><D51/><AGARI ba="3,4" hai="51,53,56,57,60,66,97,99" m="52255,6207" machi="51" ten="30,8000,1" yaku="8,1,52,2,54,2" doraHai="54" who="1" fromWho="0" sc="205,-89,225,129,205,0,325,0" /><INIT seed="4,0,0,3,3,73" ten="116,354,205,325" oya="0" hai0="29,45,31,16,116,127,4,93,55,105,3,8,64" hai1="53,35,70,118,90,120,30,94,131,39,59,19,43" hai2="128,63,66,76,115,5,25,133,113,132,46,87,96" hai3="71,65,110,104,6,26,84,123,54,109,95,47,23"/><T103/><D116/><U108/><E108/><V49/><F5/><W86/><G104/><T32/><D105/><U51/><E120/><V62/><F96/><W22/><G123/><T122/><D122/><U40/><E118/><V126/><F25/><W21/><G26/><T68/><D127/><U28/><E131/><V124/><F87/><W78/><G6/><T20/><D32/><U33/><E70/><V121/><F76/><W15/><G15/><T61/><D45/><U114/><E35/><V89/><F89/><W85/><G95/><T60/><D60/><N who="2" m="23082" /><F66/><W52/><G65/><T130/><D55/><U102/><E53/><N who="3" m="20586" /><G71/><T135/><D135/><N who="2" m="51786" /><F128/><W9/><G9/><T27/><REACH who="0" step="1"/><D130/><REACH who="0" ten="106,354,205,325" step="2"/><U69/><E33/><V79/><F121/><W67/><G67/><T129/><D129/><U77/><E69/><V92/><F124/><W72/><G47/><T50/><D50/><U44/><E51/><V11/><F126/><W101/><G110/><T106/><D106/><U56/><E43/><V7/><F46/><W117/><G109/><T42/><D42/><U75/><E40/><V48/><F48/><W98/><G117/><T17/><D17/><U13/><E44/><V112/><F49/><W100/><G100/><T134/><D134/><U88/><E19/><V18/><F18/><W58/><G101/><T125/><D125/><U14/><E102/><V74/><F112/><W1/><G58/><T12/><D12/><U38/><E114/><V34/><F113/><W97/><G1/><T91/><D91/><U24/><E90/><V2/><F115/><W111/><G111/><RYUUKYOKU ba="0,1" sc="106,15,354,-15,205,-15,325,15" hai0="3,4,8,16,20,27,29,31,61,64,68,93,103" hai3="21,22,23,72,78,84,85,86,97,98" /><INIT seed="4,1,1,0,5,41" ten="121,339,190,340" oya="0" hai0="120,110,26,57,59,95,14,33,92,62,21,94,43" hai1="44,10,131,49,86,99,50,123,82,47,34,98,1" hai2="112,20,117,107,109,101,25,85,6,87,13,133,54" hai3="100,16,48,118,90,80,96,91,114,76,55,29,61"/><T88/><D120/><U9/><E123/><V72/><F109/><W7/><G118/><T4/><D33/><U74/><E74/><V104/><F72/><W56/><G114/><T93/><D110/><U30/><E131/><V53/><F112/><W42/><G29/><T17/><D43/><N who="1" m="24735" /><E34/><V51/><F53/><W23/><G7/><T40/><D40/><N who="1" m="24935" /><E30/><V111/><F104/><W15/><G42/><T46/><D46/><U135/><E1/><V28/><F107/><W37/><G37/><T132/><D132/><U103/><E135/><V36/><F36/><W2/><G61/><T68/><D68/><U122/><E122/><V125/><F28/><W127/><G2/><T105/><D105/><U0/><E0/><V128/><F51/><W78/><G127/><T102/><D102/><U39/><E39/><V130/><F101/><W84/><REACH who="3" step="1"/><G76/><REACH who="3" ten="121,339,190,330" step="2"/><T8/><REACH who="0" step="1"/><D62/><REACH who="0" ten="111,339,190,330" step="2"/><U18/><E103/><V35/><F111/><W58/><G58/><T11/><D11/><U67/><E10/><V126/><F133/><W116/><G116/><T119/><D119/><U24/><E9/><V89/><F117/><W121/><G121/><T66/><D66/><U64/><E64/><V63/><F63/><W83/><G83/><T81/><D81/><U12/><E67/><V69/><F125/><W129/><G129/><T75/><D75/><U31/><E82/><V73/><F126/><W108/><G108/><T106/><D106/><AGARI ba="1,3" hai="15,16,23,48,55,56,78,80,84,90,91,96,100,106" machi="106" ten="30,3900,0" yaku="1,1,7,1,54,1,53,0" doraHai="41" doraHaiUra="70" who="3" fromWho="0" sc="111,-42,339,0,190,0,330,72" /><INIT seed="5,0,0,2,0,92" ten="69,339,190,402" oya="1" hai0="27,125,41,6,48,65,58,105,88,96,106,21,104" hai1="111,52,70,16,47,32,26,110,91,132,12,64,90" hai2="45,77,135,81,87,109,44,85,123,128,72,17,49" hai3="22,7,76,23,78,99,3,126,130,20,75,35,1"/><U80/><E132/><V102/><F123/><W116/><G35/><T113/><D113/><U34/><E70/><V5/><F109/><N who="1" m="41481" /><E64/><V62/><F135/><W133/><G133/><T89/><D125/><U40/><E26/><V93/><F128/><W100/><G126/><T112/><D112/><U53/><E34/><V54/><F5/><W118/><G130/><T84/><D6/><U114/><E32/><V30/><F30/><W33/><G33/><T25/><D25/><U28/><E28/><V108/><F108/><W86/><G86/><T94/><D65/><U51/><E114/><V43/><F17/><W124/><G124/><T19/><D104/><U131/><E131/><V13/><F13/><W60/><G60/><T2/><D2/><N who="3" m="521" /><G75/><T67/><D67/><U117/><E117/><N who="3" m="45162" /><G7/><T37/><D37/><N who="1" m="21903" /><E80/><V134/><F134/><W18/><G18/><T56/><D106/><AGARI ba="0,0" hai="20,22,23,76,78,99,100,106" m="45162,521" machi="106" ten="40,2600,0" yaku="12,1,52,1" doraHai="92" who="3" fromWho="0" sc="69,-26,339,0,190,0,402,26" /><INIT seed="6,0,0,5,5,46" ten="43,339,190,428" oya="2" hai0="45,0,75,16,30,68,95,109,51,123,53,14,39" hai1="5,106,28,66,64,78,26,82,113,42,6,33,20" hai2="81,67,55,131,38,58,48,116,65,118,23,135,133" hai3="40,50,90,25,98,31,32,21,4,100,129,29,87"/><V19/><F81/><W7/><G129/><T72/><D123/><U117/><E117/><N who="2" m="45163" /><F23/><W89/><G32/><T69/><D109/><U49/><E106/><V56/><F19/><W74/><G74/><T70/><D0/><U121/><E113/><V54/><F38/><W119/><G29/><T120/><D120/><U96/><E96/><V22/><F22/><W24/><G24/><T127/><D39/><U93/><E93/><V94/><F94/><N who="3" m="58455" /><G119/><T134/><D30/><U111/><E111/><V71/><F131/><W13/><G13/><T41/><D127/><U91/><E33/><V17/><F17/><W83/><G90/><T2/><D2/><U36/><E36/><V63/><F67/><N who="1" m="25641" /><E78/><V52/><F55/><W115/><G115/><T124/><D124/><U77/><E77/><V122/><F122/><W1/><G1/><T47/><D134/><U35/><E35/><V73/><F73/><W132/><G132/><T114/><D114/><U60/><E121/><V9/><F9/><W105/><G105/><T59/><D95/><U57/><E82/><V37/><F37/><W12/><G12/><T130/><D130/><U43/><E91/><V18/><F18/><W110/><G110/><T128/><D128/><U103/><E103/><V88/><F88/><W62/><G89/><T76/><D76/><U27/><E27/><V3/><F3/><W10/><G83/><T61/><REACH who="0" step="1"/><D45/><REACH who="0" ten="33,339,190,428" step="2"/><U34/><E28/><V44/><F44/><W104/><G31/><T125/><D125/><U80/><E80/><V92/><F135/><W99/><G104/><T84/><D84/><RYUUKYOKU ba="0,1" sc="33,30,339,-10,190,-10,428,-10" hai0="14,16,41,47,51,53,59,61,68,69,70,72,75" /><INIT seed="7,1,1,0,5,53" ten="63,329,180,418" oya="3" hai0="76,79,14,91,105,69,66,54,81,19,78,123,16" hai1="120,63,61,124,18,130,121,84,97,33,34,129,112" hai2="39,104,49,75,131,110,74,30,32,43,127,115,5" hai3="108,6,22,62,98,12,80,11,40,113,29,65,56"/><W31/><G113/><T27/><D123/><U35/><E112/><V26/><F49/><W1/><G108/><T83/><D105/><U58/><E97/><V52/><F52/><W73/><G40/><T36/><D69/><U48/><E84/><V38/><F115/><W132/><G132/><T122/><D36/><U50/><E18/><V17/><F17/><W90/><G1/><T106/><D106/><U72/><E72/><V7/><F7/><W64/><G73/><T9/><D122/><N who="1" m="47211" /><E58/><V55/><F5/><W128/><G22/><T95/><D66/><U92/><E92/><V45/><F26/><W21/><G21/><T100/><D100/><U57/><E57/><V68/><F30/><W15/><G56/><T119/><D119/><U114/><E114/><V60/><F75/><W85/><G85/><T10/><D54/><U70/><E70/><V23/><F55/><W117/><G29/><T67/><D67/><U125/><E48/><V102/><F74/><W94/><G31/><T107/><D107/><U4/><E4/><V41/><F102/><W0/><G6/><T71/><D71/><U126/><E50/><V109/><F68/><W118/><G65/><T37/><D37/><U101/><E101/><V89/><F38/><W103/><G64/><T13/><REACH who="0" step="1"/><D27/><REACH who="0" ten="53,329,180,418" step="2"/><U51/><E51/><N who="2" m="27055" /><F104/><W96/><G103/><T82/><D82/><U46/><E46/><V44/><F44/><W86/><G117/><T20/><D20/><U87/><E87/><AGARI ba="1,2" hai="9,10,13,14,16,19,76,78,79,81,83,87,91,95" machi="87" ten="40,8000,1" yaku="1,1,9,1,8,1,54,1,53,0" doraHai="53" doraHaiUra="25" who="0" fromWho="1" sc="53,103,329,-83,180,0,418,0" owari="156,-34.4,246,4.6,180,-22.0,418,51.8" /></mjloggm>