<mjloggm ver="2.3"><GO type="169" lobby="0"/><UN n0="%E3%82%BF%E3%83%BC%E3%83%90%E3%83%B3%E9%87%8E%E5%8F%A3" n1="%E8%8D%92%E6%9C%A8%E6%AF%94%E5%A5%88" n2="%E3%83%AA%E3%83%84%E3%83%9F%E3%82%B5%E3%83%B3" n3="%E3%81%AB%E3%81%A3%E3%81%A1%E3%82%87" dan="17,16,17,17" rate="2178.68,2168.14,2220.82,2215.35" sx="M,F,M,M"/><TAIKYOKU oya="0"/><INIT seed="0,0,0,2,2,97" ten="250,250,250,250" oya="0" hai0="69,41,39,125,105,8,135,85,18,46,129,52,116" hai1="31,102,17,15,111,113,5,54,119,134,112,2,11" hai2="70,92,98,79,82,20,10,40,30,99,89,84,4" hai3="86,74,118,21,95,65,83,0,58,67,59,101,121"/><T77/><D116/><U35/><E54/><V44/><F70/><W64/><G0/><T131/><D69/><U47/><E47/><V117/><F117/><W50/><G74/><T88/><D105/><U132/><E102/><V133/><F133/><N who="1" m="51305" /><E119/><V106/><F20/><W55/><G121/><T68/><D68/><U9/><E111/><V87/><F30/><W43/><G21/><T45/><D135/><U3/><E3/><V61/><F61/><W16/><G43/><T94/><D77/><U115/><E31/><V32/><F32/><AGARI ba="0,0" hai="2,5,9,11,15,17,32,35,112,113,115" m="51305" machi="32" ten="40,8000,1" yaku="11,1,20,1,34,2" doraHai="97" who="1" fromWho="2" sc="250,0,250,80,250,-80,250,0" /><INIT seed="1,0,0,4,3,60" ten="250,330,170,250" oya="1" hai0="37,80,126,53,33,32,102,43,86,85,57,11,105" hai1="46,18,70,39,58,20,29,28,103,16,1,127,6" hai2="21,62,78,120,30,34,88,125,25,72,41,123,111" hai3="27,48,10,76,31,98,47,119,7,68,56,107,83"/><U75/><E70/><V24/><F111/><W22/><G68/><T133/><D126/><U59/><E75/><V26/><F125/><W3/><G119/><T15/><D133/><U23/><E127/><V64/><F41/><W87/><G56/><T131/><D131/><U63/><E103/><V65/><F26/><W94/><G107/><T89/><D85/><U84/><E84/><V12/><F12/><W112/><G112/><T124/><D124/><U79/><E79/><V55/><F55/><W129/><G129/><T36/><D105/><U9/><E39/><V38/><F38/><W66/><G66/><T4/><D102/><U118/><E46/><V117/><F117/><W97/><REACH who="3" step="1"/><G94/><REACH who="3" ten="250,330,170,240" step="2"/><T51/><D36/><U61/><E118/><V67/><F123/><W5/><G5/><T52/><D37/><U93/><E93/><V73/><F120/><W45/><G45/><T99/><D57/><U115/><E115/><V35/><F62/><W134/><G134/><T95/><D95/><U77/><E6/><V109/><F109/><W40/><AGARI ba="0,1" hai="3,7,10,22,27,31,40,47,48,76,83,87,97,98" machi="40" ten="20,2700,0" yaku="1,1,0,1,7,1,53,0" doraHai="60" doraHaiUra="13" who="3" fromWho="3" sc="250,-7,330,-13,170,-7,240,37" /><INIT seed="2,0,0,2,0,78" ten="243,317,163,277" oya="2" hai0="104,11,97,40,37,82,42,103,108,56,8,60,107" hai1="57,45,118,20,13,21,34,55,26,15,50,70,125" hai2="126,36,86,80,81,53,23,109,131,114,3,47,69" hai3="14,122,102,120,51,100,32,6,61,9,115,99,43"/><V22/><F114/><W54/><G32/><T105/><D108/><U49/><E118/><V67/><F3/><W38/><G115/><T59/><D37/><U91/><E70/><V96/><F126/><W88/><G61/><T87/><D97/><U89/><E34/><V113/><F113/><W18/><G43/><T31/><D103/><U71/><E71/><V72/><F131/><W24/><G38/><T39/><D31/><N who="1" m="17863" /><E125/><V28/><F67/><W119/><G119/><T41/><D39/><U121/><E121/><V65/><F65/><W27/><G27/><T64/><REACH who="0" step="1"/><D56/><REACH who="0" ten="233,317,163,277" step="2"/><U111/><E111/><V98/><F69/><W101/><G120/><T4/><D4/><U30/><E30/><V68/><F68/><W33/><G122/><T84/><D84/><U76/><E57/><V134/><F109/><W90/><G99/><T29/><D29/><U74/><E74/><V44/><F28/><W7/><G33/><T117/><D117/><U110/><E110/><V17/><F36/><W132/><G6/><T46/><D46/><U116/><E45/><V1/><F86/><W85/><G85/><T73/><D73/><U124/><E116/><V2/><F72/><W95/><G7/><T135/><D135/><U16/><E124/><V133/><REACH who="2" step="1"/><F17/><REACH who="2" ten="233,317,153,277" step="2"/><W130/><G18/><T25/><D25/><U63/><E16/><V52/><AGARI ba="0,2" hai="1,2,22,23,44,47,52,53,80,81,96,98,133,134" machi="52" ten="25,24000,3" yaku="1,1,2,1,0,1,22,2,52,2,54,1,53,2" doraHai="78" doraHaiUra="93" who="2" fromWho="2" sc="233,-80,317,-80,153,260,277,-80" /><INIT seed="2,1,0,1,2,80" ten="153,237,413,197" oya="2" hai0="132,20,110,34,29,115,94,116,121,131,114,24,42" hai1="0,4,65,28,58,87,7,46,70,44,13,64,3" hai2="107,98,103,35,77,38,59,82,43,119,51,118,5" hai3="68,91,55,76,16,14,36,45,88,31,69,112,9"/><V11/><F35/><W53/><G112/><N who="0" m="43051" /><D42/><U122/><E122/><V41/><F41/><W1/><G1/><T2/><D94/><U57/><E28/><V74/><F51/><W40/><G31/><T117/><D132/><U84/><REACH who="1" step="1"/><E13/><REACH who="1" ten="153,227,413,197" step="2"/><V99/><F119/><N who="0" m="45642" /><D131/><U129/><E129/><V71/><F118/><W120/><G120/><T93/><D121/><U104/><E104/><V6/><F107/><W79/><G69/><AGARI ba="1,1" hai="0,3,4,7,44,46,57,58,64,65,69,70,84,87" machi="69" ten="25,8000,1" yaku="1,1,22,2,52,2,53,0" doraHai="80" doraHaiUra="56" who="1" fromWho="3" sc="153,0,227,93,413,0,197,-83" /><INIT seed="3,0,0,5,4,7" ten="153,320,413,114" oya="3" hai0="19,118,56,60,2,79,131,73,31,64,69,114,9" hai1="55,82,22,103,52,102,99,100,96,3,105,12,13" hai2="15,45,58,78,17,84,93,91,37,62,98,30,120" hai3="24,128,36,44,112,33,117,122,89,77,29,86,48"/><W127/><G112/><T65/><D118/><U94/><E3/><V50/><F120/><W121/><G117/><T115/><D131/><U83/><E22/><V75/><F37/><W42/><G128/><T95/><D31/><U97/><E94/><V0/><F0/><W43/><G127/><T57/><D65/><U126/><E105/><V39/><F39/><W10/><G77/><T21/><D95/><U76/><E126/><V32/><F75/><W90/><G90/><T71/><D71/><U123/><E123/><V23/><F32/><W26/><G26/><N who="0" m="14655" /><D73/><U63/><E63/><V16/><F30/><W4/><G43/><T101/><D101/><U47/><E47/><V61/><F17/><W80/><REACH who="3" step="1"/><G36/><REACH who="3" ten="153,320,413,104" step="2"/><T67/><D79/><U135/><E76/><V81/><F78/><W134/><G134/><T125/><D125/><U132/><E132/><V59/><F81/><N who="1" m="30729" /><E135/><V66/><F91/><W119/><G119/><T133/><D133/><U70/><E70/><V68/><F68/><W111/><G111/><T35/><D69/><U51/><E102/><V46/><F84/><W116/><G116/><T107/><D114/><U88/><E88/><V14/><F98/><W54/><G54/><T5/><D115/><U104/><E100/><V41/><F41/><W20/><G20/><T25/><D25/><U28/><E55/><V106/><F23/><W11/><G11/><T109/><D109/><U53/><E53/><V110/><F110/><W72/><G72/><T113/><D113/><U92/><E103/><V34/><F66/><W27/><G27/><T49/><D64/><RYUUKYOKU ba="0,1" sc="153,-10,320,-10,413,-10,104,30" hai3="4,10,24,29,33,42,44,48,80,86,89,121,122" /><INIT seed="3,1,1,1,5,134" ten="143,310,403,134" oya="3" hai0="77,26,35,87,79,45,11,92,16,8,51,123,74" hai1="78,17,109,90,46,47,40,125,15,1,34,48,114" hai2="86,62,28,58,2,132,6,53,101,66,131,117,128" hai3="18,43,118,80,0,97,85,67,60,38,70,65,4"/><W122/><G118/><T59/><D123/><U14/><E114/><V108/><F117/><W110/><G122/><T68/><D68/><U30/><E1/><V103/><F108/><W27/><G110/><T50/><D74/><U96/><E109/><V75/><F75/><W42/><G67/><T13/><D35/><U63/><E78/><N who="0" m="29705" /><D26/><U95/><E125/><V5/><F28/><W82/><G38/><T113/><D113/><U41/><E63/><V23/><F23/><W9/><G80/><T119/><D119/><U10/><E34/><V73/><F73/><W71/><G70/><T116/><D116/><U52/><E30/><V25/><F25/><W124/><G124/><T106/><D106/><U12/><REACH who="1" step="1"/><E40/><REACH who="1" ten="143,300,403,134" step="2"/><V69/><F2/><W44/><G0/><T24/><D8/><U102/><E102/><V93/><F103/><W29/><G9/><T56/><D24/><U130/><E130/><V84/><F128/><W127/><G127/><T32/><D32/><U126/><E126/><V88/><F101/><W64/><G29/><T111/><D111/><U99/><E99/><V54/><F131/><W100/><G100/><T76/><D76/><U135/><E135/><V112/><F112/><W49/><G27/><T55/><D50/><AGARI ba="1,2" hai="10,12,14,15,17,41,46,47,48,50,52,90,95,96" machi="50" ten="30,7700,0" yaku="1,1,7,1,8,1,54,1,53,0" doraHai="134" doraHaiUra="57" who="1" fromWho="0" sc="143,-80,300,100,403,0,134,0" /><INIT seed="4,0,0,3,4,25" ten="63,400,403,134" oya="0" hai0="11,73,44,82,78,71,19,118,119,1,74,103,127" hai1="40,51,31,77,95,108,131,23,27,110,133,50,30" hai2="79,96,18,112,130,12,93,49,89,125,28,52,9" hai3="48,132,90,56,4,34,67,124,76,55,26,36,126"/><T75/><D127/><N who="3" m="48681" /><G36/><T91/><D71/><U102/><E131/><V66/><F125/><W15/><G76/><T80/><D103/><U60/><E133/><V61/><F112/><W117/><G117/><T14/><D1/><U3/><E3/><V97/><F79/><W104/><G104/><T113/><D113/><U0/><E0/><V121/><F121/><W63/><G90/><T92/><D44/><U43/><E77/><V22/><F130/><W107/><G107/><T85/><REACH who="0" step="1"/><D80/><REACH who="0" ten="53,400,403,134" step="2"/><U58/><E108/><V10/><F93/><W72/><G132/><T16/><D16/><U17/><E110/><V6/><F6/><W35/><G4/><T94/><D94/><U129/><E129/><V13/><F18/><W109/><G109/><T39/><D39/><U116/><E116/><AGARI ba="0,1" hai="11,14,19,73,74,75,78,82,85,91,92,116,118,119" machi="116" ten="40,3900,0" yaku="1,1,53,1" doraHai="25" doraHaiUra="81" who="0" fromWho="1" sc="53,49,400,-39,403,0,134,0" /><INIT seed="4,1,0,5,4,135" ten="102,361,403,134" oya="0" hai0="134,26,91,67,57,125,103,119,132,88,80,115,117" hai1="14,102,40,89,6,128,61,99,21,50,3,75,13" hai2="97,66,100,79,123,83,68,9,47,28,85,2,44" hai3="96,49,54,4,42,18,15,7,116,46,48,11,16"/><T45/><D45/><U121/><E75/><V78/><F123/><W51/><G116/><N who="0" m="44619" /><D26/><U72/><E121/><V24/><F79/><W0/><G0/><T92/><D67/><U23/><E72/><V30/><F30/><W39/><G96/><N who="0" m="59783" /><D57/><U10/><E61/><V43/><F2/><W71/><G71/><T107/><D107/><U25/><E21/><V109/><F9/><W55/><REACH who="3" step="1"/><G18/><REACH who="3" ten="102,361,403,124" step="2"/><T8/><D115/><U1/><E3/><V22/><F68/><W69/><G69/><T36/><D36/><U63/><E1/><V104/><F97/><W31/><G31/><T126/><D8/><U27/><E10/><V110/><F28/><W17/><G17/><T87/><D91/><U19/><E89/><V41/><F100/><W74/><G74/><T12/><D12/><U56/><E102/><V90/><F90/><W113/><G113/><T38/><D38/><U77/><E14/><V20/><F24/><W98/><G98/><T58/><D58/><U130/><E25/><V120/><F104/><W34/><G34/><T93/><D93/><U29/><E99/><V131/><F20/><W94/><G94/><T64/><D64/><U35/><E35/><V112/><F22/><W60/><G60/><T106/><D106/><U5/><E63/><V101/><F66/><W62/><G62/><T52/><D134/><U111/><E56/><V86/><F112/><W59/><G59/><T81/><D132/><U32/><E32/><V76/><F101/><W65/><G65/><T114/><D114/><U37/><E37/><V53/><F120/><W84/><G84/><RYUUKYOKU ba="1,1" sc="102,-10,361,-10,403,-10,124,30" hai3="4,7,11,15,16,39,42,46,48,49,51,54,55" /><INIT seed="5,2,1,1,4,38" ten="92,351,393,154" oya="1" hai0="20,98,15,69,64,10,82,86,23,129,19,81,133" hai1="1,56,132,51,58,39,91,44,115,131,94,65,63" hai2="102,35,61,45,62,104,99,106,97,125,29,68,4" hai3="24,124,79,116,100,32,60,128,93,108,121,40,66"/><U11/><E115/><V110/><F110/><W77/><G108/><T85/><D133/><U12/><E131/><V16/><F125/><W96/><G121/><T103/><D129/><U22/><E39/><V73/><F73/><W30/><G128/><T123/><D123/><U84/><E1/><V34/><F4/><W107/><G124/><T118/><D118/><U130/><E130/><V74/><F74/><W25/><G116/><T31/><D64/><U49/><E132/><V119/><F29/><W21/><G40/><T7/><D69/><U53/><E22/><V17/><F45/><W87/><G87/><T80/><D31/><U101/><E101/><V13/><F13/><W134/><G93/><T43/><D43/><U88/><E91/><V117/><F102/><W18/><REACH who="3" step="1"/><G134/><REACH who="3" ten="92,351,393,144" step="2"/><T6/><D85/><U67/><E51/><V52/><F68/><AGARI ba="2,2" hai="18,21,24,25,30,32,60,66,68,77,79,96,100,107" machi="68" ten="30,8000,1" yaku="1,1,2,1,7,1,25,2,53,0" doraHai="38" doraHaiUra="109" who="3" fromWho="2" sc="92,0,351,0,393,-86,144,106" /><INIT seed="6,0,0,1,0,74" ten="92,351,307,250" oya="2" hai0="59,18,12,47,2,121,67,48,26,5,89,41,116" hai1="132,21,75,125,29,105,10,113,120,54,15,100,37" hai2="94,111,68,102,63,65,123,55,98,34,90,87,53" hai3="109,92,135,96,28,80,35,119,128,86,69,45,17"/><V51/><F123/><W30/><G69/><T76/><D121/><U23/><E37/><V3/><F3/><W9/><G109/><T78/><D116/><U31/><E120/><V52/><F34/><W112/><G35/><T0/><D0/><U72/><E113/><V117/><F117/><W49/><G128/><T20/><D2/><U58/><E125/><V85/><F111/><W22/><G135/><T6/><D89/><U91/><E132/><V118/><F87/><W131/><G131/><T66/><D66/><U99/><E91/><V107/><REACH who="2" step="1"/><F118/><REACH who="2" ten="92,351,297,250" step="2"/><W50/><G119/><T16/><D67/><U36/><E72/><V84/><F84/><W7/><G86/><T42/><D59/><AGARI ba="0,1" hai="51,52,53,55,59,63,65,68,85,90,94,98,102,107" machi="59" ten="30,5800,0" yaku="1,1,7,1,54,1,53,0" doraHai="74" doraHaiUra="13" who="2" fromWho="0" sc="92,-58,351,0,297,68,250,0" /><INIT seed="6,1,0,4,4,83" ten="34,351,365,250" oya="2" hai0="27,41,127,52,73,92,121,67,46,31,36,112,3" hai1="68,25,80,130,115,85,49,20,69,101,82,97,134" hai2="124,96,35,135,81,14,1,106,30,19,78,95,57" hai3="79,40,91,93,17,71,39,118,129,76,34,51,16"/><V99/><F1/><W117/><G71/><T5/><D121/><U55/><E115/><V103/><F124/><W98/><G39/><T84/><D127/><U111/><E111/><V18/><F135/><W86/><G34/><T2/><D112/><U132/><E130/><V64/><F30/><W122/><G122/><T107/><D107/><U110/><E110/><V89/><F35/><W37/><G37/><T66/><D73/><U88/><E80/><V59/><F64/><W15/><G17/><T63/><D2/><U28/><E132/><V94/><F106/><W50/><G129/><T53/><D66/><U114/><E114/><V104/><F19/><W26/><G26/><T72/><D72/><U61/><E61/><V87/><REACH who="2" step="1"/><F104/><REACH who="2" ten="34,351,355,250" step="2"/><W70/><G16/><T10/><D92/><U11/><E134/><V21/><AGARI ba="1,1" hai="14,18,21,57,59,78,81,87,89,94,95,96,99,103" machi="21" ten="20,18000,2" yaku="1,1,2,1,0,1,7,1,8,1,52,1,53,0" doraHai="83" doraHaiUra="128" who="2" fromWho="2" sc="34,-61,351,-61,355,193,250,-61" owari="-27,-52.7,290,9.0,548,64.8,189,-21.1" /></mjloggm>