<mjloggm ver="2.3"><GO type="169" lobby="0"/><UN n0="%48%69%62%69%6B%69" n1="%E8%BC%9D%E5%A4%9C%E6%9C%88" n2="%E3%82%A4%E3%82%B1%33" n3="%E3%81%84%E3%81%A1" dan="16,18,17,16" rate="2098.50,2196.33,2125.91,2076.59" sx="F,F,M,M"/><TAIKYOKU oya="0"/><INIT seed="0,0,0,4,5,0" ten="250,250,250,250" oya="0" hai0="68,86,112,12,135,73,37,27,127,26,36,129,74" hai1="67,105,41,71,82,101,40,133,97,115,39,123,33" hai2="126,58,125,53,17,118,116,122,100,90,99,95,43" hai3="109,89,63,56,1,2,44,23,72,19,45,65,87"/><T121/><D121/><U85/><E123/><V108/><F43/><W9/><G109/><T104/><D112/><U13/><E115/><V134/><F122/><W59/><G72/><T50/><D104/><U6/><E133/><V4/><F134/><W5/><G56/><T78/><D135/><U15/><E39/><V57/><F108/><W81/><REACH who="3" step="1"/><G2/><REACH who="3" ten="250,250,250,240" step="2"/><T120/><D74/><U7/><E71/><V91/><F57/><W114/><G114/><T22/><D68/><U54/><E67/><V102/><F116/><W75/><G75/><T128/><D73/><U29/><E54/><V76/><F53/><W88/><G88/><T96/><D120/><U84/><E41/><V3/><F90/><W49/><G49/><T47/><D37/><U93/><E40/><V131/><F58/><W130/><G130/><T60/><D36/><U46/><E46/><V98/><F131/><W77/><G77/><T21/><D128/><U92/><E85/><V62/><F76/><W42/><G42/><T119/><D129/><U106/><E84/><V30/><F118/><W11/><G11/><T25/><D119/><U124/><E124/><V34/><F91/><W66/><G66/><T32/><D127/><N who="2" m="48650" /><F3/><W18/><G18/><T111/><D111/><U79/><E79/><V69/><F17/><W10/><G10/><T55/><D86/><U16/><E16/><V80/><F69/><W113/><G113/><T64/><D78/><U132/><E132/><V52/><F98/><W107/><G107/><T31/><D96/><N who="1" m="61607" /><E106/><V24/><F99/><W28/><G28/><T38/><D55/><RYUUKYOKU ba="0,1" sc="250,-10,250,-10,250,-10,240,30" hai3="1,5,9,19,23,44,45,59,63,65,81,87,89" /><INIT seed="1,1,1,2,5,71" ten="240,240,240,270" oya="1" hai0="102,84,111,62,91,109,12,65,116,6,105,99,125" hai1="124,9,76,80,95,63,108,10,20,38,106,40,58" hai2="100,57,21,120,131,50,34,0,77,126,5,119,27" hai3="23,46,54,45,103,13,43,97,87,122,69,134,36"/><U1/><E106/><V132/><F119/><W68/><G122/><T48/><D116/><U18/><E124/><V22/><F120/><W88/><G134/><T92/><D125/><U31/><E31/><V67/><F126/><W37/><G23/><T47/><D6/><U49/><E108/><V104/><F22/><W98/><G13/><T26/><D12/><U3/><E95/><V14/><F77/><W51/><G37/><T135/><D26/><U79/><E49/><V83/><F83/><W52/><G54/><T53/><REACH who="0" step="1"/><D135/><REACH who="0" ten="230,240,240,270" step="2"/><U66/><E1/><V28/><F0/><W16/><G16/><T32/><D32/><U86/><E3/><V25/><F5/><W64/><G64/><T41/><D41/><U81/><E18/><V61/><F14/><W11/><G11/><T74/><D74/><U112/><E20/><V114/><F25/><W118/><G118/><T82/><D82/><U123/><E123/><V93/><F34/><W121/><G121/><T2/><D2/><U101/><E9/><V130/><F132/><W39/><G43/><T72/><D72/><U70/><E10/><V17/><F17/><W89/><G52/><T29/><D29/><U60/><E40/><V19/><F19/><W129/><G68/><AGARI ba="1,2" hai="47,48,53,62,65,68,84,91,92,99,102,105,109,111" machi="68" ten="40,1300,0" yaku="1,1,53,0" doraHai="71" doraHaiUra="127" who="0" fromWho="3" sc="230,36,240,0,240,0,270,-16" /><INIT seed="2,0,0,5,5,21" ten="266,240,240,254" oya="2" hai0="60,28,95,69,55,10,32,67,129,25,48,63,50" hai1="12,78,70,105,61,65,45,59,56,24,26,16,133" hai2="100,87,29,27,54,110,107,104,113,90,111,11,82" hai3="85,116,96,130,77,7,115,106,98,22,119,84,94"/><V127/><F127/><W46/><G7/><T80/><D129/><U13/><E105/><V75/><F113/><W33/><G33/><T102/><D10/><N who="1" m="6167" /><E70/><V117/><F117/><W89/><G22/><T15/><D15/><U52/><E133/><V53/><F11/><W58/><G58/><T114/><D114/><U81/><E45/><V71/><F75/><W68/><G46/><T23/><D60/><N who="1" m="35847" /><E13/><V66/><F100/><N who="3" m="62727" /><G68/><T122/><D32/><U5/><E5/><V19/><F104/><W135/><G130/><T91/><D102/><U109/><E109/><N who="2" m="41483" /><F107/><W44/><G44/><T99/><D55/><N who="2" m="21002" /><F66/><W101/><G135/><T39/><D67/><U34/><E34/><N who="2" m="20799" /><F71/><W37/><G115/><T36/><D69/><U47/><E47/><V30/><F19/><W57/><G57/><T92/><D39/><U31/><E31/><AGARI ba="0,0" hai="30,31,82,87,90" m="20799,21002,41483" machi="31" ten="30,5800,0" yaku="14,1,10,1,52,1" doraHai="21" who="2" fromWho="1" sc="266,0,240,-58,240,58,254,0" /><INIT seed="2,1,0,5,5,20" ten="266,182,298,254" oya="2" hai0="87,65,134,12,107,50,56,112,76,93,33,69,74" hai1="100,84,109,22,82,60,102,48,129,133,18,45,110" hai2="89,42,126,47,86,116,92,123,127,1,15,40,96" hai3="103,63,115,46,34,95,101,14,58,99,117,108,7"/><V43/><F116/><W10/><G108/><N who="1" m="41578" /><E129/><V79/><F1/><W119/><G115/><T97/><D112/><U125/><E133/><V19/><F123/><W135/><G135/><T54/><D33/><U31/><E125/><N who="2" m="47627" /><F79/><W49/><G101/><T13/><D134/><U55/><E31/><V57/><F57/><W24/><G34/><T71/><D71/><U51/><E51/><N who="2" m="27111" /><F96/><W35/><G49/><T2/><D2/><U66/><E66/><V17/><F17/><W30/><REACH who="3" step="1"/><G46/><REACH who="3" ten="266,182,298,244" step="2"/><T62/><D50/><U16/><E60/><V32/><F32/><W41/><G41/><T52/><D62/><U106/><E106/><V9/><AGARI ba="1,1" hai="9,15,19,42,43,86,89,92" m="27111,47627" machi="9" ten="30,1500,0" yaku="18,1" doraHai="20" who="2" fromWho="2" sc="266,-6,182,-6,298,28,244,-6" /><INIT seed="2,2,0,1,5,8" ten="260,176,326,238" oya="2" hai0="76,1,117,128,66,132,46,33,10,19,53,36,87" hai1="40,42,131,74,55,97,32,41,9,135,52,104,121" hai2="54,51,109,20,99,116,84,18,78,129,98,31,16" hai3="81,86,65,96,60,27,133,45,103,85,134,94,11"/><V59/><F116/><W73/><G45/><T28/><D117/><U120/><E32/><V72/><F129/><W126/><G27/><T56/><D128/><U61/><E74/><V82/><F109/><W0/><G0/><T43/><D132/><N who="3" m="50793" /><G11/><T67/><D28/><U119/><E119/><V50/><F72/><W101/><G126/><T93/><D33/><U113/><E113/><V68/><F68/><W29/><G29/><T106/><D106/><U100/><E135/><V13/><F31/><W91/><G60/><T88/><D76/><U114/><E114/><V130/><F130/><W90/><G65/><T35/><D35/><U38/><E38/><V14/><F51/><W3/><G3/><T17/><D17/><U80/><E80/><V37/><F37/><W112/><G112/><T69/><D69/><U23/><E131/><V110/><F110/><W26/><G26/><T6/><REACH who="0" step="1"/><D19/><REACH who="0" ten="250,176,326,238" step="2"/><U39/><E104/><V12/><REACH who="2" step="1"/><F16/><REACH who="2" ten="250,176,316,238" step="2"/><W95/><G73/><T89/><D89/><AGARI ba="2,2" hai="81,85,86,89,90,91,94,95,96,101,103" m="50793" machi="89" ten="30,3900,0" yaku="20,1,34,2" doraHai="8" who="3" fromWho="0" sc="250,-45,176,0,316,0,238,65" /><INIT seed="3,0,0,0,3,115" ten="205,176,316,303" oya="3" hai0="81,66,70,24,39,44,34,72,1,48,79,84,133" hai1="56,27,90,35,47,126,100,132,74,110,99,28,59" hai2="7,25,61,10,37,20,3,16,118,19,77,12,40" hai3="116,52,108,17,92,117,86,127,69,112,30,32,80"/><W96/><G112/><T18/><D133/><U106/><E110/><V83/><F118/><W119/><G69/><T29/><D1/><U2/><E132/><V64/><F40/><W54/><G108/><T98/><D39/><U0/><E126/><V113/><F37/><W62/><G127/><T41/><D18/><U8/><E74/><V109/><F113/><W22/><G30/><T63/><REACH who="0" step="1"/><D98/><REACH who="0" ten="195,176,316,303" step="2"/><U5/><E0/><V6/><F3/><W95/><G32/><T134/><D134/><U121/><E121/><V14/><F109/><W85/><G62/><T49/><D49/><U129/><E129/><V58/><REACH who="2" step="1"/><F12/><REACH who="2" ten="195,176,306,303" step="2"/><W11/><G119/><T4/><D4/><U9/><E5/><V13/><F13/><W65/><G117/><T103/><D103/><U46/><E2/><V43/><F43/><W31/><G116/><T23/><D23/><U68/><E100/><V67/><F67/><W128/><G65/><T105/><D105/><U130/><E106/><V104/><F104/><W124/><G22/><T120/><D120/><U42/><E42/><V78/><F78/><W88/><G124/><T97/><D97/><U36/><E99/><V51/><F51/><W53/><G96/><T107/><D107/><U102/><E36/><V114/><F114/><W60/><G128/><T21/><D21/><N who="1" m="15471" /><E102/><V122/><F122/><W57/><G88/><T101/><D101/><U73/><E90/><V123/><F123/><W26/><G54/><T94/><D94/><U33/><E130/><V125/><F125/><W82/><G95/><T45/><D45/><U71/><E46/><RYUUKYOKU ba="0,2" sc="195,15,176,-15,306,15,303,-15" hai0="24,29,34,41,44,48,63,66,70,72,79,81,84" hai2="6,7,10,14,16,19,20,25,58,61,64,77,83" /><INIT seed="4,1,2,1,1,86" ten="210,161,321,288" oya="0" hai0="55,129,92,110,134,118,77,50,75,132,32,130,116" hai1="10,27,82,26,62,63,66,114,107,19,79,100,95" hai2="68,111,33,70,105,4,87,21,58,23,93,73,67" hai3="6,88,3,109,36,43,48,83,25,2,125,101,89"/><T97/><D32/><U52/><E107/><V128/><F105/><W20/><G109/><T78/><D55/><U94/><E114/><V106/><F106/><W112/><G36/><T121/><D50/><U42/><E42/><V38/><F111/><W72/><G112/><T34/><D34/><U14/><E66/><V133/><F33/><W96/><G125/><T7/><D7/><U64/><E64/><V22/><F73/><W85/><G72/><T44/><D44/><U56/><E63/><V53/><F38/><W24/><G101/><N who="0" m="60583" /><D110/><U98/><REACH who="1" step="1"/><E95/><REACH who="1" ten="210,151,321,288" step="2"/><V103/><F93/><N who="3" m="56359" /><G43/><T102/><D102/><U29/><E29/><V99/><F103/><W37/><G37/><T16/><D121/><U81/><E81/><V124/><F67/><W9/><G83/><T113/><D113/><U59/><E59/><V8/><F58/><W108/><G48/><T54/><D54/><U131/><E131/><N who="0" m="50185" /><D75/><AGARI ba="1,3" hai="10,14,19,26,27,52,56,62,75,79,82,94,98,100" machi="75" ten="30,7700,0" yaku="1,1,7,1,54,1,53,1" doraHai="86" doraHaiUra="104" who="1" fromWho="0" sc="210,-80,151,110,321,0,288,0" /><INIT seed="5,0,0,1,0,8" ten="130,261,321,288" oya="1" hai0="73,97,112,32,88,38,131,72,46,67,96,16,105" hai1="36,92,5,128,91,0,15,89,111,44,49,99,126" hai2="79,11,51,69,85,62,22,103,86,34,6,76,9" hai3="113,75,59,33,54,121,43,81,57,80,130,98,20"/><U37/><E0/><V60/><F34/><W55/><G121/><T19/><D112/><U52/><E128/><V135/><F103/><W40/><G33/><T133/><D131/><U42/><E126/><V77/><F69/><W48/><G130/><T68/><D32/><U83/><E111/><V30/><F51/><W114/><G98/><T87/><D133/><U14/><E5/><V120/><F120/><W63/><G20/><T84/><D67/><U1/><E1/><V117/><F117/><W82/><REACH who="3" step="1"/><G75/><REACH who="3" ten="130,261,321,278" step="2"/><T18/><D97/><U90/><E36/><V125/><F22/><W53/><G53/><T101/><D68/><U123/><E123/><V39/><F39/><W2/><G2/><T132/><D132/><U110/><E110/><V95/><F135/><W64/><G64/><T106/><D106/><U119/><E119/><V65/><F65/><W134/><G134/><T28/><D84/><N who="1" m="50335" /><E37/><V4/><F85/><W25/><G25/><T71/><D71/><U104/><E104/><V58/><F86/><W118/><G118/><T107/><D107/><U93/><E42/><AGARI ba="0,1" hai="40,42,43,48,54,55,57,59,63,80,81,82,113,114" machi="42" ten="40,1300,0" yaku="1,1,53,0" doraHai="8" doraHaiUra="12" who="3" fromWho="1" sc="130,0,261,-13,321,0,278,23" /><INIT seed="6,0,0,0,3,72" ten="130,248,321,301" oya="2" hai0="111,81,78,27,8,31,120,52,132,3,122,47,108" hai1="83,12,49,105,46,115,37,5,88,41,91,134,124" hai2="59,55,101,84,126,2,66,97,44,64,128,17,118" hai3="50,1,23,127,21,6,80,16,119,42,117,54,109"/><V103/><F118/><W77/><G109/><T125/><D125/><U11/><E105/><V102/><F128/><W7/><G127/><T86/><D132/><U93/><E124/><V71/><F2/><W10/><G42/><T123/><D3/><U34/><E134/><V63/><F126/><W45/><G6/><T116/><D8/><U53/><E115/><V0/><F0/><W89/><G89/><T29/><D116/><U121/><E121/><V68/><F68/><W110/><G110/><T30/><REACH who="0" step="1"/><D27/><REACH who="0" ten="120,248,321,301" step="2"/><U131/><E11/><V114/><F114/><W96/><G119/><T40/><D40/><U95/><E41/><V56/><F103/><W14/><G117/><T74/><D74/><U13/><E131/><V60/><F102/><W25/><G1/><T113/><D113/><U79/><E5/><V33/><F101/><W135/><G135/><T73/><D73/><U82/><E37/><V26/><F26/><W112/><G112/><T129/><D129/><U70/><E12/><V133/><F133/><W106/><G7/><T32/><D32/><U58/><E34/><V130/><F33/><W36/><G36/><T98/><D98/><U65/><E13/><V94/><F97/><W43/><G43/><T9/><D9/><U4/><E4/><V19/><F130/><W51/><G25/><T76/><D76/><U57/><E79/><V38/><F38/><W104/><G96/><T48/><AGARI ba="0,1" hai="29,30,31,47,48,52,78,81,86,108,111,120,122,123" machi="48" ten="40,8000,1" yaku="1,1,0,1,52,1,54,1,53,0" doraHai="72" doraHaiUra="61" who="0" fromWho="0" sc="120,90,248,-20,321,-40,301,-20" /><INIT seed="7,0,0,2,4,60" ten="210,228,281,281" oya="3" hai0="122,126,63,38,44,0,47,30,8,22,108,123,14" hai1="100,12,34,55,56,93,91,104,2,86,23,42,74" hai2="125,130,99,36,49,35,20,10,25,19,27,67,107" hai3="53,114,80,61,51,52,85,73,77,4,95,72,32"/><W110/><G32/><T109/><D38/><U133/><E34/><V18/><F36/><W64/><G114/><T3/><D63/><N who="1" m="36255" /><E2/><N who="0" m="553" /><D47/><U128/><E128/><V96/><F130/><W17/><G4/><N who="0" m="3335" /><D44/><U37/><E133/><V84/><F49/><W118/><G118/><T129/><D129/><U69/><E69/><V24/><F35/><W81/><G110/><N who="0" m="42603" /><D126/><U59/><E37/><V79/><F125/><W102/><G73/><T28/><D22/><U11/><E74/><V83/><F107/><W58/><G102/><T1/><N who="0" m="561" /><T111/><N who="0" m="42611" /><DORA hai="87" /><T62/><DORA hai="112" /><D62/><U31/><E104/><V94/><F96/><W121/><G72/><T78/><D78/><U106/><E106/><V48/><F48/><W132/><G51/><T76/><D76/><U103/><E59/><V89/><F67/><W113/><G113/><T29/><AGARI ba="0,0" hai="28,29,30,122,123" m="42611,3335,561" machi="29" ten="60,4000,0" yaku="34,2" doraHai="60,87,112" who="0" fromWho="0" sc="210,40,228,-10,281,-10,281,-20" /><INIT seed="8,0,0,5,4,23" ten="250,218,271,261" oya="0" hai0="10,126,55,97,114,24,21,7,34,120,100,38,46" hai1="6,106,51,50,15,65,64,28,131,111,134,5,108" hai2="48,95,31,71,88,132,96,79,112,93,69,42,118" hai3="41,84,18,130,1,89,102,9,20,81,80,0,56"/><T110/><D120/><U129/><E28/><V36/><F112/><W13/><G130/><N who="1" m="49674" /><E106/><V52/><F79/><W127/><G127/><T19/><D114/><U73/><E73/><V109/><F109/><N who="1" m="42057" /><E15/><V27/><F132/><W37/><G102/><T62/><D126/><U116/><E134/><V75/><F118/><W22/><G41/><T124/><D124/><U128/><N who="1" m="49682" /><U99/><DORA hai="77" /><E99/><V67/><F67/><N who="1" m="25673" /><E116/><V117/><F75/><W87/><G1/><T74/><D74/><U113/><E113/><V30/><F30/><W59/><G37/><T17/><D38/><U107/><E107/><V8/><F8/><W104/><G0/><T63/><D110/><U123/><E123/><V76/><F36/><W68/><G104/><T72/><D72/><U86/><E86/><V125/><F125/><W83/><G87/><T54/><D34/><U119/><E119/><V4/><F31/><W26/><G20/><T103/><D97/><U16/><E16/><V40/><F117/><W122/><G122/><T32/><D32/><U25/><E25/><V78/><F27/><W44/><G26/><T33/><D33/><U43/><E43/><V66/><F40/><W91/><G9/><T115/><D115/><U29/><E29/><V135/><F42/><W14/><G84/><T53/><D19/><U70/><E70/><V133/><F71/><W35/><G68/><T98/><D98/><U101/><E101/><V47/><F133/><W121/><G121/><T92/><D103/><U94/><E94/><V82/><F135/><W3/><G35/><T105/><D100/><RYUUKYOKU ba="0,0" sc="250,-10,218,30,271,-10,261,-10" hai1="5,6,50,51" /><INIT seed="9,1,0,3,0,20" ten="240,248,261,251" oya="1" hai0="72,87,6,65,5,22,101,75,51,19,13,25,60" hai1="63,33,38,93,14,27,80,99,103,61,78,131,67" hai2="0,10,130,35,39,70,58,117,76,62,73,107,102" hai3="17,66,98,41,94,16,126,31,91,105,55,30,64"/><U119/><E119/><V123/><RYUUKYOKU type="yao9" ba="1,0" sc="240,0,248,0,261,0,251,0" hai2="0,10,35,39,58,62,70,73,76,102,107,117,123,130" /><INIT seed="9,2,0,0,4,32" ten="240,248,261,251" oya="1" hai0="46,50,56,12,82,7,67,79,49,102,18,97,21" hai1="35,132,44,108,118,36,43,77,123,107,106,57,90" hai2="127,17,121,94,26,98,16,54,80,23,85,9,20" hai3="39,86,62,34,119,89,8,30,111,131,48,53,29"/><U4/><E123/><V84/><F127/><W42/><G111/><T2/><D2/><U104/><E108/><V120/><F9/><W99/><G39/><T52/><D7/><U22/><E35/><V70/><F70/><W5/><G99/><T92/><D67/><U73/><E118/><V15/><F54/><W100/><G100/><T74/><REACH who="0" step="1"/><D46/><REACH who="0" ten="230,248,261,251" step="2"/><U11/><E132/><V0/><F0/><W109/><G5/><T105/><D105/><U83/><E57/><V6/><F6/><W3/><G3/><T19/><D19/><U101/><E106/><V114/><F121/><W63/><G109/><T72/><D72/><U130/><E107/><V47/><F47/><W122/><G122/><T95/><D95/><U10/><E4/><V25/><F120/><W112/><G119/><T71/><D71/><U33/><E104/><V129/><F17/><W124/><G112/><T75/><D75/><U126/><E73/><V128/><F114/><W115/><G115/><T1/><D1/><U45/><E44/><V69/><F69/><W76/><G124/><T37/><D37/><U24/><E126/><V96/><F94/><W113/><G113/><T51/><AGARI ba="2,1" hai="12,18,21,49,50,51,52,56,74,79,82,92,97,102" machi="51" ten="20,8000,1" yaku="1,1,0,1,7,1,54,1,53,1" doraHai="32" doraHaiUra="88" who="0" fromWho="0" sc="230,96,248,-42,261,-22,251,-22" owari="326,42.6,206,-29.4,239,3.9,229,-17.1" /></mjloggm>