<mjloggm ver="2.3"><GO type="169" lobby="0"/><UN n0="%E6%96%B0%E5%9F%8E%32%32%37%37" n1="%63%2E%63%2D%76%2E%76" n2="%41%72%64%62%65%47" n3="%E7%89%8C%E6%B5%81%E7%8A%B6%E6%85%8B%E9%BA%BB%E9%9B%80" dan="16,16,16,16" rate="2069.05,2092.02,2020.61,2145.99" sx="M,F,M,M"/><TAIKYOKU oya="0"/><INIT seed="0,0,0,4,2,53" ten="250,250,250,250" oya="0" hai0="86,95,33,89,72,128,10,135,96,23,44,0,35" hai1="25,22,71,36,93,61,63,131,65,43,109,120,69" hai2="18,39,58,68,87,38,6,1,21,48,77,81,42" hai3="121,123,31,127,55,15,24,5,134,83,62,46,92"/><T102/><D128/><U122/><E131/><V60/><F68/><W9/><G134/><T74/><D135/><U50/><E109/><V40/><F1/><W99/><G127/><T16/><D44/><U37/><E93/><V19/><F6/><W11/><G83/><T52/><D0/><U3/><E3/><V75/><F75/><W64/><G11/><T59/><D10/><U103/><E103/><V47/><F42/><W119/><G119/><T26/><D74/><U79/><E79/><V80/><F80/><W34/><G55/><T113/><D72/><U90/><E90/><V101/><F101/><W56/><REACH who="3" step="1"/><G46/><REACH who="3" ten="250,250,250,240" step="2"/><T7/><D113/><U118/><E118/><V114/><F114/><W91/><AGARI ba="0,1" hai="5,9,15,24,31,34,56,62,64,91,92,99,121,123" machi="91" ten="30,7900,0" yaku="1,1,2,1,0,1,52,1,53,0" doraHai="53" doraHaiUra="108" who="3" fromWho="3" sc="250,-39,250,-20,250,-20,240,89" /><INIT seed="1,0,0,3,3,30" ten="211,230,230,329" oya="1" hai0="10,112,36,70,73,127,25,14,115,129,87,110,40" hai1="55,54,53,17,3,123,29,114,103,107,92,57,109" hai2="4,117,135,106,84,39,80,21,38,101,24,60,18" hai3="96,63,1,62,2,77,128,48,67,35,74,51,59"/><U20/><E114/><V69/><F117/><W34/><G128/><T88/><D73/><U46/><E123/><V7/><F135/><W86/><G74/><T134/><D134/><U71/><E71/><V104/><F4/><W42/><G96/><T99/><D70/><U64/><E3/><V45/><F7/><W0/><G63/><T47/><D127/><U124/><E124/><V75/><F75/><W91/><G77/><T65/><D65/><U16/><E107/><V125/><F125/><W113/><G113/><T43/><D43/><U66/><E109/><V120/><F120/><W93/><REACH who="3" step="1"/><G42/><REACH who="3" ten="211,230,230,319" step="2"/><T130/><D129/><U56/><E103/><V121/><F60/><W44/><G44/><T78/><D130/><U49/><E46/><V102/><F45/><W33/><AGARI ba="0,1" hai="0,1,2,33,34,35,48,51,59,62,67,86,91,93" machi="33" ten="40,8000,1" yaku="1,1,0,1,52,3,53,0" doraHai="30" doraHaiUra="98" who="3" fromWho="3" sc="211,-20,230,-40,230,-20,319,90" /><INIT seed="2,0,0,4,1,30" ten="191,190,210,409" oya="2" hai0="43,25,65,105,89,131,107,82,81,46,51,101,56" hai1="31,21,24,5,72,109,104,99,126,70,40,13,33" hai2="8,76,39,135,118,93,57,6,98,47,69,110,71" hai3="60,86,68,78,35,42,102,62,111,16,116,44,106"/><V11/><F118/><W1/><G116/><T2/><D2/><U15/><E72/><V17/><F76/><W64/><G1/><T23/><D131/><U52/><E109/><V36/><F110/><W108/><G62/><T83/><D89/><U96/><E126/><V74/><F74/><W37/><G78/><T27/><D27/><U34/><E40/><V112/><F112/><W26/><G86/><T103/><D107/><U75/><E75/><V22/><F11/><W28/><REACH who="3" step="1"/><G16/><REACH who="3" ten="191,190,210,399" step="2"/><N who="0" m="12519" /><D105/><U49/><E104/><V85/><F17/><W121/><G121/><T53/><D65/><U0/><E70/><V123/><F123/><W88/><G88/><T114/><D114/><U9/><E0/><V19/><F85/><W129/><G129/><T124/><D124/><U125/><E125/><V41/><F71/><W38/><G38/><T45/><D103/><U87/><E87/><V67/><F39/><W120/><G120/><T122/><D101/><U4/><E4/><V12/><F69/><W95/><G95/><T63/><D122/><U130/><E130/><V128/><F128/><W117/><G117/><T7/><D7/><U132/><E132/><V10/><F135/><W58/><G58/><T66/><D66/><U90/><E15/><V18/><F57/><W84/><G84/><T59/><D56/><U133/><E133/><V97/><F67/><W77/><G77/><T94/><D94/><U100/><E90/><N who="2" m="55479" /><F98/><AGARI ba="0,1" hai="26,28,35,37,42,44,60,64,68,98,102,106,108,111" machi="98" ten="40,12000,2" yaku="1,1,25,2,23,2,52,1,53,0" doraHai="30" doraHaiUra="113" who="3" fromWho="2" sc="191,0,190,0,210,-120,399,130" /><INIT seed="3,0,0,5,5,11" ten="191,190,90,529" oya="3" hai0="5,129,27,58,86,45,75,25,30,132,47,135,77" hai1="114,38,7,118,73,31,53,33,17,42,108,21,10" hai2="20,65,48,72,43,66,99,22,127,15,102,51,116" hai3="0,60,16,61,1,85,74,49,56,126,95,29,131"/><W106/><G74/><T71/><D71/><U41/><E108/><V83/><F116/><W101/><G131/><T39/><D75/><U19/><E114/><V69/><F127/><W37/><G37/><T92/><D39/><U78/><E73/><V81/><F72/><W115/><G115/><T3/><D27/><U6/><E78/><V133/><F133/><N who="0" m="51274" /><D58/><U134/><E134/><V12/><F69/><W32/><G106/><T35/><D77/><U105/><E105/><V67/><F43/><W125/><G56/><T120/><D120/><U50/><E33/><V124/><F124/><W79/><G79/><T64/><D64/><U59/><E31/><V90/><F102/><W123/><G123/><T28/><D30/><U87/><E38/><V63/><F63/><W23/><G61/><T62/><D62/><U55/><E55/><V54/><F99/><W13/><G60/><T89/><D129/><U80/><E118/><V103/><F103/><W97/><G85/><T18/><D18/><U82/><E19/><V119/><F119/><W44/><G126/><T130/><D130/><U111/><E111/><V34/><F34/><W93/><G125/><T122/><D122/><U76/><E6/><V107/><F107/><W40/><REACH who="3" step="1"/><G95/><REACH who="3" ten="191,190,90,519" step="2"/><T104/><D104/><U24/><REACH who="1" step="1"/><E80/><REACH who="1" ten="191,180,90,519" step="2"/><V113/><F113/><W84/><G84/><T100/><D86/><U14/><AGARI ba="0,2" hai="7,10,14,17,21,24,41,42,50,53,59,76,82,87" machi="14" ten="20,12000,2" yaku="1,1,2,1,0,1,7,1,8,1,52,1,53,0" doraHai="11" doraHaiUra="117" who="1" fromWho="1" sc="191,-30,180,140,90,-30,519,-60" /><INIT seed="4,0,0,2,0,42" ten="161,320,60,459" oya="0" hai0="51,44,71,116,32,78,126,94,122,73,6,50,104" hai1="83,60,47,4,70,15,33,36,113,22,92,48,131" hai2="19,80,99,45,132,72,101,53,123,93,89,85,31" hai3="77,129,18,106,27,127,79,62,130,30,69,1,52"/><T26/><D122/><U110/><E110/><V82/><F123/><W8/><G106/><T96/><D104/><U91/><E33/><V68/><F68/><W63/><G127/><T125/><D116/><U11/><E131/><V61/><F132/><W115/><G115/><T12/><D71/><U14/><E36/><V57/><F31/><W55/><G1/><T90/><D78/><N who="3" m="29705" /><G8/><N who="0" m="4119" /><D73/><U88/><E83/><V84/><F72/><W108/><G18/><T112/><D112/><U98/><E113/><V34/><F34/><N who="3" m="20831" /><G108/><T118/><D118/><U86/><E60/><N who="3" m="23082" /><G69/><T5/><D5/><U16/><E70/><V95/><F19/><W75/><G75/><T20/><D32/><U100/><E86/><V21/><F21/><W59/><G59/><T13/><D13/><U3/><E3/><V66/><F84/><W37/><G37/><T41/><D126/><U35/><E35/><V7/><F7/><W40/><G40/><AGARI ba="0,0" hai="4,11,14,15,16,22,40,47,48,88,91,92,98,100" machi="40" ten="30,8000,1" yaku="7,1,8,1,52,1,54,2" doraHai="42" who="1" fromWho="3" sc="161,0,320,80,60,0,459,-80" /><INIT seed="5,0,0,3,2,53" ten="161,400,60,379" oya="1" hai0="90,127,20,24,132,59,73,120,107,78,112,68,105" hai1="37,81,21,85,131,15,27,40,38,98,18,9,104" hai2="118,117,135,79,44,95,36,71,33,97,92,88,43" hai3="52,108,50,3,30,109,133,128,34,70,45,35,39"/><U51/><E131/><V23/><F33/><W67/><G3/><T17/><D68/><U111/><E111/><V99/><F71/><W126/><G128/><T26/><D120/><U60/><E104/><V29/><F79/><W82/><G126/><T42/><D112/><U102/><E102/><V46/><F135/><W129/><G129/><T7/><D42/><U101/><E101/><V113/><F113/><W47/><G133/><T89/><D7/><U41/><E98/><V19/><F29/><W103/><G103/><T114/><D132/><U57/><E38/><V76/><F76/><W11/><G11/><T80/><D127/><U106/><E106/><V49/><F95/><W62/><G82/><T125/><D114/><U25/><E51/><V75/><F75/><W14/><G14/><T10/><D125/><U83/><E27/><V72/><F99/><W4/><G4/><T115/><D115/><U32/><E32/><V54/><REACH who="2" step="1"/><F72/><REACH who="2" ten="161,400,50,379" step="2"/><W94/><G94/><T119/><D107/><U48/><E85/><V96/><F96/><W91/><G35/><T8/><D105/><U12/><E81/><V130/><F130/><W61/><G34/><T110/><D80/><U16/><E83/><V6/><F6/><W1/><G30/><T56/><D73/><U121/><E121/><V28/><F28/><W124/><G70/><T2/><D78/><U122/><E122/><V74/><F74/><W66/><G124/><T86/><D110/><U87/><E87/><V116/><F116/><W64/><G109/><T100/><D86/><U84/><E84/><V123/><F123/><RYUUKYOKU ba="0,1" sc="161,-10,400,-10,50,30,379,-10" hai2="19,23,36,43,44,46,49,54,88,92,97,117,118" /><INIT seed="6,1,1,1,3,30" ten="151,390,80,369" oya="2" hai0="94,127,104,107,52,24,86,108,63,78,75,130,84" hai1="28,134,16,76,68,41,99,80,40,70,102,4,26" hai2="133,90,91,12,124,62,49,117,71,77,7,101,132" hai3="3,61,131,17,1,110,118,48,111,85,34,113,125"/><V18/><F117/><W38/><G38/><T93/><D108/><U88/><E70/><V74/><F7/><W69/><G118/><T15/><D130/><U98/><E4/><V46/><F101/><W66/><G131/><T20/><D15/><U10/><E68/><V95/><F124/><W114/><G125/><T8/><D8/><U2/><E2/><N who="3" m="522" /><G34/><T97/><D75/><U115/><E115/><N who="3" m="44042" /><G48/><T119/><D119/><U67/><E67/><V19/><F71/><W11/><G85/><T82/><D86/><N who="1" m="50247" /><E134/><N who="2" m="51819" /><F62/><W37/><G37/><T43/><D127/><U96/><E76/><V58/><F58/><W89/><G89/><N who="2" m="33801" /><F95/><W65/><G65/><T59/><D94/><U129/><E102/><V45/><F45/><W5/><G5/><T22/><D107/><U135/><E135/><V31/><F31/><W116/><G116/><T122/><D104/><U73/><E73/><V126/><F126/><W27/><G111/><T54/><D93/><U51/><E129/><V112/><F112/><W44/><G44/><T53/><D97/><U14/><E51/><V60/><F60/><W109/><G109/><T9/><D63/><U92/><E92/><V29/><F29/><W6/><G110/><T0/><D0/><U42/><E98/><V64/><F64/><W56/><G69/><T128/><D128/><U105/><E105/><V87/><F74/><W123/><G6/><T50/><D50/><U35/><E96/><V72/><F72/><W55/><G66/><T81/><D84/><U32/><E99/><V13/><F87/><W79/><G61/><T121/><D59/><RYUUKYOKU ba="1,1" sc="151,-10,390,30,80,-10,369,-10" hai1="10,14,16,26,28,32,35,40,41,42" /><INIT seed="7,2,1,4,4,81" ten="141,420,70,359" oya="3" hai0="125,55,21,25,54,24,41,3,96,23,89,132,27" hai1="88,43,7,71,73,40,50,49,46,107,48,12,118" hai2="65,126,9,79,122,64,74,22,127,111,87,108,13" hai3="2,80,76,59,98,61,30,123,45,91,4,10,67"/><W17/><G123/><T5/><D125/><U83/><E107/><V102/><F74/><W20/><G30/><T39/><D39/><U97/><E73/><V99/><F122/><W82/><G45/><T42/><D5/><U124/><E124/><V135/><F135/><W16/><G76/><T75/><D75/><U56/><E71/><V26/><F127/><W100/><G91/><T113/><D3/><U114/><E114/><V131/><F126/><W63/><G61/><T6/><D6/><U18/><E7/><V134/><F134/><W109/><G109/><T8/><D8/><N who="1" m="6407" /><E118/><V66/><F131/><W11/><G11/><T37/><D37/><U35/><E35/><V121/><F121/><W117/><G17/><T86/><D96/><U19/><E19/><V110/><F9/><W94/><REACH who="3" step="1"/><G117/><REACH who="3" ten="141,420,70,349" step="2"/><T116/><D116/><U34/><E34/><V32/><F32/><W15/><AGARI ba="2,2" hai="2,4,10,15,16,20,59,63,67,80,82,94,98,100" machi="15" ten="20,12000,1" yaku="1,1,2,1,0,1,7,1,54,1,53,0" doraHai="81" doraHaiUra="130" who="3" fromWho="3" sc="141,-42,420,-42,70,-42,349,146" owari="99,-30.1,378,17.8,28,-47.2,495,59.5" /></mjloggm>