<mjloggm ver="2.3"><GO type="169" lobby="0"/><UN n0="%E3%82%BF%E3%83%BC%E3%83%90%E3%83%B3%E9%87%8E%E5%8F%A3" n1="%E4%B8%89%E5%B3%B6%E5%85%AB%E9%9B%B2" n2="%41%4C%50%45%52%49%4E" n3="%E5%B3%B6%E7%94%B0%E7%9C%9F%E5%A4%A2" dan="17,16,16,16" rate="2164.23,2186.98,2137.41,2134.79" sx="M,M,M,F"/><TAIKYOKU oya="0"/><INIT seed="0,0,0,1,3,109" ten="250,250,250,250" oya="0" hai0="105,39,14,8,54,100,118,85,119,87,92,57,47" hai1="23,61,81,90,37,103,29,60,121,44,116,49,6" hai2="1,10,41,123,50,82,98,68,96,91,111,22,101" hai3="106,11,132,84,124,113,35,64,128,40,9,18,134"/><T107/><D39/><U25/><E116/><V56/><F123/><W62/><G106/><T115/><D47/><U71/><E121/><V75/><F68/><W5/><G35/><T4/><D107/><U88/><E37/><V27/><F111/><W38/><G40/><T97/><D115/><U7/><E103/><V63/><F1/><W36/><G113/><T102/><D102/><U135/><E135/><N who="3" m="51754" /><G124/><T67/><D67/><U125/><E125/><V19/><F10/><W26/><G84/><T46/><D46/><U117/><E117/><V131/><F131/><W122/><G128/><T95/><D105/><U45/><E45/><N who="2" m="25903" /><F75/><W12/><G122/><T94/><D85/><N who="1" m="50223" /><E90/><V15/><F101/><W16/><G26/><T70/><D70/><U53/><E71/><V110/><F110/><W78/><G78/><T120/><D120/><U99/><E99/><V21/><F82/><W34/><G34/><T126/><D126/><U20/><E20/><V42/><F91/><W80/><G80/><T43/><D118/><U108/><E108/><V83/><F83/><W65/><G65/><T133/><D119/><U86/><E86/><V13/><F42/><W52/><G64/><T104/><D43/><U51/><E51/><V127/><F127/><W77/><G77/><T24/><D133/><U32/><E32/><V72/><F72/><W59/><G9/><T55/><D87/><U112/><E112/><V28/><F15/><W0/><G0/><T129/><D129/><U76/><E76/><V48/><F48/><W31/><G31/><T58/><D24/><U3/><E3/><RYUUKYOKU ba="0,0" sc="250,0,250,0,250,0,250,0" hai0="4,8,14,54,55,57,58,92,94,95,97,100,104" hai1="6,7,23,25,29,44,49,53,60,61" hai2="13,19,21,22,27,28,56,63,96,98" hai3="5,11,12,16,18,36,38,52,59,62" /><INIT seed="0,1,0,2,2,27" ten="250,250,250,250" oya="0" hai0="116,6,32,106,46,79,60,29,133,71,15,19,130" hai1="125,47,30,118,92,113,59,83,73,122,2,132,107" hai2="120,44,28,72,14,18,22,105,26,55,102,129,70" hai3="126,42,20,67,78,9,108,38,24,48,68,58,119"/><T114/><D116/><U63/><E118/><V85/><F120/><W25/><G119/><T50/><D114/><U61/><E122/><V115/><F115/><W52/><G126/><T99/><D133/><U109/><E107/><V93/><F72/><W4/><G108/><T88/><D130/><U37/><E109/><V41/><F70/><W62/><G78/><T31/><D32/><U91/><E2/><V123/><F123/><W117/><G117/><T89/><D79/><U104/><E104/><V80/><F105/><W3/><REACH who="3" step="1"/><G20/><REACH who="3" ten="250,250,250,240" step="2"/><T36/><D36/><U134/><E37/><V86/><F129/><W40/><G40/><T82/><D6/><U131/><E125/><V124/><F124/><W57/><G57/><T101/><D71/><U49/><E59/><V66/><F41/><W100/><G100/><T1/><D60/><U56/><E63/><V35/><F44/><AGARI ba="1,1" hai="3,4,9,24,25,38,42,44,48,52,58,62,67,68" machi="44" ten="40,8000,1" yaku="1,1,24,2,54,1,53,1" doraHai="27" doraHaiUra="51" who="3" fromWho="2" sc="250,0,250,0,250,-83,240,93" /><INIT seed="1,0,0,0,5,52" ten="250,250,167,333" oya="1" hai0="89,121,120,130,97,6,106,44,60,19,114,123,128" hai1="134,55,111,25,63,101,105,13,16,91,132,15,62" hai2="38,3,131,113,26,40,11,84,85,9,68,10,53" hai3="41,21,72,74,36,119,0,76,7,95,96,125,87"/><U18/><E101/><V34/><F3/><W67/><G119/><T57/><D114/><U51/><E105/><V80/><F68/><W24/><G125/><T64/><D6/><U22/><E111/><V108/><F108/><W29/><G67/><T20/><D44/><U12/><E18/><V110/><F110/><W8/><G87/><T35/><D35/><U58/><REACH who="1" step="1"/><E91/><REACH who="1" ten="250,240,167,333" step="2"/><V2/><F113/><W45/><G76/><T61/><D89/><AGARI ba="0,1" hai="0,7,8,21,24,29,36,41,45,72,74,89,95,96" machi="89" ten="30,1000,0" yaku="7,1" doraHai="52" who="3" fromWho="0" sc="250,-10,240,0,167,0,333,20" /><INIT seed="2,0,0,3,1,77" ten="240,240,167,353" oya="2" hai0="12,69,37,18,15,128,84,60,92,28,91,96,82" hai1="50,40,80,88,103,133,10,95,9,78,45,59,44" hai2="53,14,46,1,94,102,66,62,86,134,87,79,65" hai3="108,126,101,107,130,5,11,119,33,8,124,123,38"/><V26/><F134/><W110/><G38/><T35/><D128/><U58/><E133/><V51/><F1/><W4/><G107/><T135/><D135/><U98/><E45/><V29/><F14/><N who="3" m="5383" /><G101/><T64/><D37/><U90/><E59/><V23/><F79/><W72/><G72/><T30/><D35/><U71/><E71/><V120/><F120/><W54/><G123/><T21/><REACH who="0" step="1"/><D12/><REACH who="0" ten="230,240,167,353" step="2"/><U43/><E43/><V7/><F7/><W67/><G5/><T73/><D73/><U118/><E118/><V127/><F127/><W129/><G33/><T97/><D97/><U99/><E58/><N who="2" m="37079" /><F66/><W49/><G67/><T32/><D32/><U111/><E111/><V109/><F109/><W52/><G119/><T121/><D121/><U104/><REACH who="1" step="1"/><E90/><AGARI ba="0,1" hai="15,18,21,28,30,60,64,69,82,84,90,91,92,96" machi="90" ten="30,7700,0" yaku="1,1,7,1,52,1,53,1" doraHai="77" doraHaiUra="13" who="0" fromWho="1" sc="230,87,240,-77,167,0,353,0" /><INIT seed="3,0,0,2,0,126" ten="317,163,167,353" oya="3" hai0="119,21,96,125,71,75,99,92,40,131,3,24,93" hai1="84,72,104,82,91,11,0,129,52,98,6,134,50" hai2="97,25,68,14,37,48,4,106,13,29,16,30,83" hai3="46,62,85,100,55,26,44,109,47,18,57,123,89"/><W41/><G123/><T33/><D119/><U34/><E34/><V116/><F37/><W65/><G109/><T80/><D71/><U56/><E134/><V17/><F116/><W64/><G100/><T81/><D3/><U117/><E117/><V78/><F68/><W110/><G110/><T112/><D33/><U53/><E72/><V58/><F106/><W42/><G26/><T8/><D40/><N who="3" m="15465" /><G18/><T51/><D51/><U28/><E28/><V20/><F97/><W130/><G130/><T54/><D54/><U5/><E5/><V59/><F4/><W22/><G22/><T1/><D1/><U31/><E31/><V118/><F118/><W113/><G113/><T77/><D8/><U35/><E35/><V105/><F105/><W114/><G114/><T74/><D112/><U15/><E0/><V70/><F70/><W2/><G2/><T103/><D21/><U79/><E53/><V7/><F7/><W63/><G63/><T120/><D24/><U111/><E111/><V115/><F115/><W121/><G121/><T127/><D120/><U101/><REACH who="1" step="1"/><E129/><REACH who="1" ten="317,153,167,353" step="2"/><V27/><F30/><W132/><G132/><T102/><D131/><U133/><E133/><V38/><F29/><W76/><G55/><T90/><D90/><AGARI ba="0,1" hai="6,11,15,50,52,56,79,82,84,90,91,98,101,104" machi="90" ten="40,2600,0" yaku="1,1,54,1,53,0" doraHai="126" doraHaiUra="12" who="1" fromWho="0" sc="317,-26,153,36,167,0,353,0" /><INIT seed="4,0,0,3,2,127" ten="291,189,167,353" oya="0" hai0="66,25,54,126,39,11,99,65,93,36,29,61,30" hai1="117,120,113,88,12,59,4,96,134,0,10,83,97" hai2="79,90,19,2,45,7,46,26,63,131,21,80,20" hai3="107,132,41,43,81,102,109,133,75,27,129,94,67"/><T84/><D126/><U3/><E117/><V106/><F106/><W68/><G109/><T31/><D11/><U51/><E120/><V86/><F2/><W34/><G94/><T35/><D84/><U17/><E134/><N who="3" m="51818" /><G81/><T13/><D13/><U72/><E113/><V40/><F7/><W110/><G75/><T48/><D65/><U9/><E0/><V73/><F131/><W50/><G50/><T105/><D105/><U112/><E112/><V82/><F40/><W47/><G47/><T24/><D54/><U114/><E114/><V101/><F101/><W95/><G95/><T69/><D48/><U60/><E51/><V22/><F22/><W49/><G49/><T104/><D31/><U91/><E72/><V98/><F98/><N who="3" m="61911" /><G129/><T124/><D124/><U123/><E123/><V118/><F118/><W28/><G110/><T53/><D53/><U74/><E74/><V56/><REACH who="2" step="1"/><F20/><REACH who="2" ten="291,189,157,353" step="2"/><W111/><G111/><T115/><D115/><U8/><E97/><V5/><F5/><W37/><G37/><T103/><D104/><U85/><E3/><V121/><F121/><W71/><G41/><T108/><D108/><U119/><E4/><V15/><F15/><W32/><G43/><T16/><D16/><BYE who="0" /><U89/><E119/><V55/><AGARI ba="0,1" hai="19,21,26,45,46,55,56,63,73,79,80,82,86,90" machi="55" ten="20,2700,0" yaku="1,1,0,1,7,1,53,0" doraHai="127" doraHaiUra="100" who="2" fromWho="2" sc="291,-13,189,-7,157,37,353,-7" /><INIT seed="5,0,0,5,3,54" ten="278,182,194,346" oya="1" hai0="131,100,50,79,133,18,132,120,72,108,114,51,103" hai1="73,74,62,90,92,89,4,52,36,105,13,49,12" hai2="77,110,28,10,59,39,94,66,40,126,19,34,6" hai3="128,75,70,111,97,43,26,44,25,14,32,130,46"/><U22/><E36/><V71/><F110/><W85/><G75/><T24/><D24/><N who="3" m="9321" /><G70/><T119/><D119/><U95/><E105/><V69/><F34/><W20/><G32/><T118/><D118/><U27/><E62/><UN n0="%E3%82%BF%E3%83%BC%E3%83%90%E3%83%B3%E9%87%8E%E5%8F%A3" /><V99/><F28/><W53/><G111/><T80/><D108/><U113/><E113/><V68/><F126/><W21/><G97/><T125/><D114/><U107/><E107/><V56/><F66/><W76/><G14/><T116/><D116/><U48/><E48/><N who="0" m="18473" /><D120/><U91/><E73/><V64/><F64/><W78/><G53/><T0/><D0/><U37/><E74/><V117/><F19/><W58/><G58/><T101/><D18/><U84/><E37/><V63/><F63/><W96/><G96/><T61/><D61/><U31/><E4/><V98/><F77/><N who="3" m="29803" /><G85/><T9/><D9/><U3/><E3/><V87/><F87/><W86/><G86/><T2/><D2/><U29/><E29/><V38/><F117/><W129/><G43/><T109/><D109/><U127/><E127/><V17/><F17/><W102/><G102/><T81/><D125/><U135/><E89/><V11/><F98/><W15/><G15/><T88/><D80/><U124/><E124/><V7/><F38/><W106/><G106/><T55/><D88/><U33/><E33/><V121/><F121/><W115/><G115/><T41/><D41/><U35/><E35/><V45/><F7/><W47/><AGARI ba="0,0" hai="20,21,44,46,47,128,129,130" m="29803,9321" machi="47" ten="40,5200,0" yaku="28,2,19,1" doraHai="54" who="3" fromWho="3" sc="278,-13,182,-26,194,-13,346,52" /><INIT seed="6,0,0,4,2,42" ten="265,156,181,398" oya="2" hai0="40,88,9,15,125,0,16,31,99,27,19,47,76" hai1="69,73,59,45,13,52,135,116,134,8,84,6,37" hai2="113,1,100,34,127,50,108,62,72,38,26,28,77" hai3="120,124,74,112,70,133,14,80,53,81,55,79,118"/><V51/><F1/><W63/><G118/><T43/><D125/><U87/><E69/><V67/><F38/><W24/><G120/><T41/><D0/><U46/><E73/><V58/><F127/><W12/><G124/><T114/><D114/><U21/><E116/><V4/><F113/><W85/><G133/><N who="1" m="50698" /><E21/><V57/><F108/><W35/><G112/><T61/><D76/><U105/><E105/><V65/><F4/><W78/><G53/><T121/><D121/><U128/><E128/><V93/><F72/><W119/><G119/><T111/><D111/><U10/><E10/><V32/><F77/><W29/><G55/><T107/><D61/><N who="1" m="36071" /><E37/><V64/><F34/><W82/><G82/><T96/><D107/><U5/><E5/><V3/><F3/><W126/><G126/><T97/><D19/><U11/><E11/><V117/><F117/><W56/><G56/><T101/><D101/><U20/><E20/><V48/><REACH who="2" step="1"/><F58/><REACH who="2" ten="265,156,171,398" step="2"/><W18/><G35/><T91/><REACH who="0" step="1"/><D47/><AGARI ba="0,1" hai="6,8,13,45,46,47,84,87" m="36071,50698" machi="47" ten="30,8000,1" yaku="20,1,52,3,54,1" doraHai="42" who="1" fromWho="0" sc="265,-80,156,90,171,0,398,0" /><INIT seed="7,0,0,2,4,52" ten="185,246,171,398" oya="3" hai0="26,101,68,39,47,36,85,19,118,7,71,12,24" hai1="72,25,15,107,109,40,130,82,13,135,75,124,46" hai2="77,86,61,121,41,16,33,14,44,97,73,111,21" hai3="57,67,100,64,70,98,123,129,76,54,131,32,58"/><W133/><G133/><T43/><D118/><U48/><E109/><V69/><F33/><W83/><G32/><T102/><D7/><U51/><E107/><V113/><F111/><W84/><G123/><T1/><D1/><U125/><E25/><V28/><F73/><W80/><G80/><T45/><D85/><U59/><E82/><N who="2" m="47439" /><F69/><W122/><G122/><T35/><D35/><U50/><E130/><N who="3" m="49674" /><G70/><T3/><D3/><U18/><E13/><V92/><F121/><W65/><G54/><T88/><D88/><U22/><E135/><V128/><F128/><W62/><G62/><T4/><D4/><U119/><E119/><V74/><F74/><W63/><G63/><T108/><D108/><U49/><E72/><V115/><F61/><W94/><AGARI ba="0,0" hai="57,58,64,65,67,76,83,84,94,98,100" m="49674" machi="94" ten="30,6000,0" yaku="19,1,52,2" doraHai="52" who="3" fromWho="3" sc="185,-20,246,-20,171,-20,398,60" owari="165,-23.5,226,2.6,151,-34.9,458,55.8" /></mjloggm>