<mjloggm ver="2.3"><GO type="169" lobby="0"/><UN n0="%E3%83%88%E3%83%B3%E3%83%8D%E3%83%AB%E5%A4%A9%E5%9B%BD" n1="%E6%9F%8A%E5%92%B2%E5%A4%9C" n2="%4A%49%4D" n3="%63%6C%75%74%63%68%37%33" dan="18,16,18,17" rate="2235.93,2139.42,2230.65,2236.36" sx="M,M,F,M"/><TAIKYOKU oya="0"/><INIT seed="0,0,0,1,2,95" ten="250,250,250,250" oya="0" hai0="78,93,7,13,133,8,102,85,107,116,46,6,54" hai1="99,71,66,74,70,35,56,33,20,87,111,105,114" hai2="10,48,63,103,83,40,45,50,67,9,90,27,24" hai3="68,55,25,97,47,18,1,2,37,5,121,77,19"/><T127/><D116/><U41/><E74/><V64/><F103/><W84/><G68/><T76/><D107/><U59/><E41/><V86/><F50/><W17/><G121/><T57/><D133/><U125/><E87/><V58/><F67/><W32/><G5/><T14/><D127/><U92/><E111/><V49/><F48/><W112/><G112/><T15/><D46/><U98/><E92/><V110/><F110/><W113/><G113/><T0/><D7/><U30/><E114/><V73/><F73/><W4/><G4/><T43/><D43/><U104/><E20/><V124/><F124/><W21/><G32/><T16/><D16/><U79/><E79/><V39/><F39/><W96/><G2/><T109/><D109/><U42/><E42/><V117/><F117/><W100/><G1/><T122/><D122/><U94/><E94/><V131/><F131/><W135/><G100/><T69/><D69/><U108/><E108/><V123/><F123/><W89/><G77/><T65/><D65/><U22/><E22/><V60/><F63/><W29/><G135/><T75/><D75/><U120/><E120/><V23/><REACH who="2" step="1"/><F27/><REACH who="2" ten="250,250,240,250" step="2"/><W119/><G119/><T80/><D102/><U101/><E101/><V51/><F51/><N who="3" m="29183" /><G37/><T134/><D134/><U72/><E72/><V36/><F36/><W132/><G132/><T81/><D93/><AGARI ba="0,1" hai="17,18,19,21,25,29,84,89,93,96,97" m="29183" machi="93" ten="30,3900,0" yaku="8,1,52,2" doraHai="95" who="3" fromWho="0" sc="250,-39,250,0,240,0,250,49" /><INIT seed="1,0,0,3,3,93" ten="211,250,240,299" oya="1" hai0="18,73,134,97,2,125,37,23,44,76,72,42,79" hai1="107,130,105,98,96,29,132,50,77,61,12,95,80" hai2="24,78,16,49,59,126,122,5,62,43,64,57,115" hai3="28,104,124,117,101,22,33,127,52,94,118,38,99"/><U131/><E29/><V41/><F122/><W113/><G38/><T14/><D134/><U1/><E1/><V55/><F126/><N who="3" m="48171" /><G33/><T119/><D125/><U39/><E39/><V40/><F115/><W53/><G113/><T34/><D2/><U21/><E50/><V48/><F5/><W65/><G65/><T69/><D69/><U45/><E45/><V56/><F78/><W116/><G104/><N who="1" m="40010" /><E61/><N who="2" m="37927" /><F24/><AGARI ba="0,0" hai="22,24,28,52,53,94,99,101,116,117,118" m="48171" machi="24" ten="40,8000,1" yaku="12,1,18,1,52,1,54,1" doraHai="93" who="3" fromWho="2" sc="211,0,250,0,240,-80,299,80" /><INIT seed="2,0,0,4,4,36" ten="211,250,160,379" oya="2" hai0="68,77,78,42,57,60,23,25,41,112,58,126,76" hai1="52,18,80,11,45,9,13,108,34,12,1,124,79" hai2="95,30,127,120,89,50,29,125,20,118,39,133,10" hai3="82,43,128,121,110,2,94,49,69,129,111,103,131"/><V55/><F118/><W37/><G69/><T35/><D112/><U32/><E1/><V62/><F120/><W27/><G2/><T100/><D35/><U71/><E71/><V6/><F62/><W61/><G121/><T88/><D100/><U19/><E108/><V4/><F39/><W51/><G82/><T73/><D73/><U53/><E124/><N who="2" m="47691" /><F133/><W33/><G61/><T96/><D68/><U130/><E130/><V119/><F119/><W66/><G66/><N who="0" m="39183" /><D58/><U107/><E107/><V47/><F20/><W104/><G104/><T38/><D38/><U84/><REACH who="1" step="1"/><E53/><REACH who="1" ten="211,240,160,379" step="2"/><V85/><F6/><W123/><G110/><T74/><D126/><U83/><E83/><V132/><F132/><W98/><G111/><T122/><D122/><U101/><E101/><V115/><F115/><W59/><G123/><T87/><D74/><U28/><E28/><V24/><F24/><W109/><G109/><T99/><D99/><U81/><E81/><V135/><F135/><W65/><G98/><T75/><D96/><U106/><E106/><V54/><F55/><W26/><G131/><T56/><D75/><U7/><E7/><V15/><AGARI ba="0,1" hai="4,10,15,29,30,47,50,54,85,89,95" m="47691" machi="15" ten="30,1500,0" yaku="18,1" doraHai="36" who="2" fromWho="2" sc="211,-5,240,-5,160,25,379,-5" /><INIT seed="2,1,0,0,1,99" ten="206,235,185,374" oya="2" hai0="121,58,125,103,30,42,97,8,19,131,32,35,117" hai1="41,22,65,45,114,93,68,89,67,77,82,11,84" hai2="21,118,112,104,18,64,120,135,73,62,43,80,129" hai3="12,110,20,78,69,48,109,101,98,71,61,132,40"/><V24/><F112/><W55/><G132/><T108/><D121/><U100/><E114/><V38/><F118/><W28/><G78/><T87/><D117/><U47/><E68/><V74/><F120/><W85/><G85/><T7/><D108/><N who="3" m="41577" /><G40/><T17/><D131/><U105/><E105/><V133/><F129/><W107/><G61/><T88/><D125/><U59/><E11/><V36/><F104/><W130/><G130/><T96/><D42/><U134/><E134/><N who="2" m="51211" /><F80/><W51/><G51/><T76/><D76/><U1/><E1/><V2/><F2/><W81/><G81/><T50/><D30/><U124/><E124/><V113/><F113/><W52/><G55/><T29/><D29/><U94/><E22/><V91/><F91/><W92/><G107/><T33/><D50/><U39/><E47/><N who="2" m="24039" /><F38/><W72/><G72/><T86/><D58/><AGARI ba="1,0" hai="18,21,24,58,62,64,73,74" m="24039,51211" machi="58" ten="30,1500,0" yaku="20,1" doraHai="99" who="2" fromWho="0" sc="206,-18,235,0,185,18,374,0" /><INIT seed="2,2,0,3,5,35" ten="188,235,203,374" oya="2" hai0="31,133,68,18,29,5,4,0,33,114,120,102,119" hai1="80,28,100,75,67,61,66,121,54,6,44,64,117" hai2="12,70,51,105,84,41,126,32,96,78,71,81,60" hai3="49,127,30,99,86,95,26,135,112,110,107,58,97"/><V55/><F32/><W124/><G110/><T47/><D68/><U89/><E117/><V69/><F126/><N who="3" m="48171" /><G107/><T88/><D114/><U74/><E121/><V40/><F60/><W76/><G135/><T25/><D102/><U90/><E28/><V8/><F96/><W93/><G76/><T131/><D120/><U7/><E100/><V59/><REACH who="2" step="1"/><F105/><REACH who="2" ten="188,235,193,374" step="2"/><W85/><G99/><T11/><D33/><U103/><E61/><V92/><F92/><W16/><G95/><T128/><D119/><U10/><E103/><V50/><F50/><W46/><G93/><T134/><D134/><U22/><E89/><V27/><F27/><W37/><G97/><T125/><D88/><U23/><E90/><V91/><F91/><W108/><G49/><T87/><D133/><U48/><E80/><V111/><F111/><W123/><G108/><T79/><D125/><U19/><E48/><V72/><F72/><W38/><G86/><T65/><D87/><U52/><E75/><V63/><F63/><W45/><G85/><T17/><D128/><U9/><E74/><V43/><F43/><W129/><G26/><T116/><D25/><U101/><E101/><V42/><F42/><W94/><G94/><T56/><D131/><U21/><E54/><V132/><F132/><W14/><G129/><T77/><D116/><U115/><E52/><V13/><F13/><W1/><G14/><T106/><D106/><U20/><E115/><V118/><F118/><W109/><G112/><T15/><D15/><N who="1" m="9343" /><E44/><V39/><F39/><W62/><G109/><T113/><D113/><U73/><E73/><RYUUKYOKU ba="2,1" sc="188,-15,235,15,193,15,374,-15" hai1="6,7,9,10,21,22,23,64,66,67" hai2="8,12,40,41,51,55,59,69,70,71,78,81,84" /><INIT seed="2,3,1,1,2,87" ten="173,250,208,359" oya="2" hai0="11,102,76,128,114,30,54,16,118,116,111,99,46" hai1="4,33,115,56,42,106,5,89,80,32,61,113,94" hai2="130,92,119,104,22,91,68,90,53,20,135,65,124" hai3="12,38,40,52,107,95,36,133,3,60,78,112,127"/><V77/><F119/><N who="0" m="45610" /><D114/><U45/><E106/><V35/><F104/><W122/><G3/><T71/><D71/><U0/><E115/><V67/><F35/><W21/><G122/><T100/><D111/><U105/><E105/><V1/><F1/><W8/><G133/><T134/><D134/><U84/><E113/><V120/><F120/><W131/><G131/><T9/><D128/><U39/><E0/><V10/><F130/><W47/><G78/><T26/><D76/><U62/><E62/><V93/><F135/><W70/><G127/><T19/><D9/><U132/><E132/><V123/><F123/><W79/><G79/><T63/><D11/><U97/><E33/><V14/><F77/><W85/><G21/><N who="2" m="8297" /><F53/><W15/><G107/><N who="0" m="63903" /><D102/><U126/><E32/><V96/><F68/><W2/><G70/><T48/><D63/><U86/><E126/><V117/><F124/><W6/><G112/><T81/><D81/><U108/><E108/><V24/><F24/><W27/><G27/><T101/><D101/><U110/><E110/><V98/><F117/><W50/><G38/><T83/><D83/><U109/><E109/><V41/><F41/><W58/><G36/><T69/><D69/><U37/><E37/><V64/><F10/><W51/><G60/><T13/><D13/><AGARI ba="3,1" hai="13,14,64,65,67,90,91,92,93,96,98" m="8297" machi="13" ten="30,5800,0" yaku="8,1,52,2" doraHai="87" who="2" fromWho="0" sc="173,-67,250,0,208,77,359,0" /><INIT seed="2,4,0,4,1,100" ten="106,250,285,359" oya="2" hai0="15,48,128,21,51,98,75,27,66,29,52,32,131" hai1="123,118,39,91,99,90,8,74,79,65,111,83,23" hai2="61,68,63,134,28,14,62,64,55,87,126,114,113" hai3="0,3,50,1,72,80,93,41,53,18,22,42,107"/><V94/><F28/><W67/><G67/><T4/><D75/><U78/><E39/><V57/><F14/><W56/><G107/><T112/><D112/><U89/><E65/><N who="2" m="41007" /><F87/><W36/><G36/><T124/><D124/><U119/><E8/><V109/><F94/><W10/><G10/><T120/><D120/><U46/><E23/><V54/><F126/><W132/><G132/><T49/><D66/><U88/><E111/><V85/><F85/><W40/><G93/><T58/><D98/><U12/><E12/><V33/><F33/><W133/><G133/><T69/><D69/><U122/><E79/><V38/><F134/><W130/><G130/><T73/><D73/><U125/><E46/><V37/><F109/><W47/><G72/><T30/><D4/><U11/><E11/><V86/><F86/><W60/><REACH who="3" step="1"/><G80/><REACH who="3" ten="106,250,285,349" step="2"/><T116/><D116/><N who="1" m="44587" /><E125/><V76/><F114/><W43/><G43/><T13/><D131/><U26/><E26/><AGARI ba="4,1" hai="0,1,3,18,22,26,40,41,42,47,50,53,56,60" machi="26" ten="40,1300,0" yaku="1,1,53,0" doraHai="100" doraHaiUra="101" who="3" fromWho="1" sc="106,0,250,-25,285,0,349,35" /><INIT seed="3,0,0,0,1,48" ten="106,225,285,384" oya="3" hai0="1,18,115,9,53,3,120,110,22,50,94,76,75" hai1="20,104,90,127,83,10,109,101,33,79,99,126,100" hai2="11,128,41,118,2,68,130,60,57,134,88,111,98" hai3="122,59,96,69,87,5,6,112,85,113,123,28,42"/><W103/><G69/><T63/><D120/><U135/><E33/><V61/><F118/><W73/><G73/><T24/><D110/><U56/><E109/><V29/><F111/><W21/><G42/><T27/><D115/><U119/><E119/><V107/><F41/><W30/><G96/><T54/><D54/><U89/><E10/><V108/><F108/><W116/><G59/><T67/><D24/><U46/><E46/><V12/><F2/><W114/><G21/><T92/><D75/><U117/><E117/><V70/><F134/><W58/><G58/><T102/><D76/><U40/><E40/><V106/><F29/><W38/><G116/><T78/><D78/><U81/><E20/><V80/><F61/><W8/><G8/><T13/><D1/><U43/><E43/><V72/><F72/><W52/><G114/><T35/><D3/><U25/><E25/><V7/><F68/><W97/><G97/><T55/><D35/><U131/><E56/><V44/><F44/><W93/><G93/><T37/><D37/><U121/><E99/><V82/><F107/><W32/><G32/><T105/><D105/><U26/><E104/><V23/><F23/><W0/><G0/><T125/><D94/><U86/><E26/><V45/><F45/><W129/><G38/><T71/><D50/><U19/><E101/><N who="2" m="62775" /><F70/><W14/><G14/><T49/><D71/><U31/><E100/><V65/><F82/><W16/><G103/><T124/><D102/><U15/><E81/><V39/><F39/><W133/><G122/><T4/><D22/><U64/><E121/><RYUUKYOKU ba="0,0" sc="106,-10,225,-10,285,30,384,-10" hai2="7,11,12,57,60,65,80,88,128,130" /><INIT seed="4,1,0,4,5,94" ten="96,215,315,374" oya="0" hai0="41,38,86,52,13,34,11,123,126,70,116,69,63" hai1="79,106,108,131,132,87,4,76,135,10,80,19,109" hai2="14,112,118,107,9,99,23,68,33,85,114,30,50" hai3="81,92,36,17,75,35,0,2,65,129,122,54,119"/><T104/><D116/><U6/><E19/><V71/><F118/><W73/><G35/><T88/><D123/><U82/><E10/><V27/><F85/><W93/><G54/><T103/><D34/><U60/><E60/><V51/><F23/><W95/><G65/><T101/><D38/><U20/><E20/><V78/><F78/><W74/><G119/><T111/><D41/><U49/><E49/><V98/><F107/><W96/><G122/><T91/><D126/><U1/><E1/><V18/><F51/><W47/><G81/><T8/><D111/><U117/><E117/><V28/><F28/><W125/><G17/><T67/><D69/><N who="2" m="26698" /><F50/><W29/><G29/><T77/><D52/><U43/><E43/><V133/><F133/><W59/><G125/><T105/><D104/><U90/><E106/><V134/><F134/><W42/><G59/><T58/><D70/><U21/><E21/><V24/><F27/><W39/><G39/><T57/><D57/><U89/><E87/><V113/><AGARI ba="1,0" hai="9,14,18,24,30,33,98,99,112,113,114" m="26698" machi="113" ten="40,5200,0" yaku="15,1,52,2" doraHai="94" who="2" fromWho="2" sc="96,-27,215,-14,315,55,374,-14" /><INIT seed="5,0,0,1,3,29" ten="69,201,370,360" oya="1" hai0="108,74,82,71,19,33,7,9,6,38,92,41,121" hai1="28,50,37,40,88,0,84,23,89,43,133,20,76" hai2="107,134,13,8,2,119,69,112,25,83,1,80,123" hai3="48,58,46,116,66,16,94,17,128,98,12,117,85"/><U77/><E37/><V65/><F119/><N who="3" m="45643" /><G128/><T127/><D108/><U86/><E0/><V31/><F123/><W124/><G85/><T26/><D127/><U113/><E113/><V79/><F107/><W73/><G73/><T45/><D121/><U126/><E133/><V131/><F134/><W114/><G114/><T81/><D6/><U70/><E70/><V35/><F112/><W132/><G132/><T96/><D19/><U67/><E67/><V104/><F104/><W105/><G105/><T30/><D71/><U10/><E10/><V47/><F131/><W14/><G14/><T21/><D21/><U52/><E126/><V72/><F83/><W22/><G17/><T99/><D99/><U55/><E50/><V101/><F101/><W129/><G129/><T34/><D74/><U60/><REACH who="1" step="1"/><E28/><REACH who="1" ten="69,191,370,360" step="2"/><V5/><F2/><W125/><G66/><T91/><REACH who="0" step="1"/><D33/><REACH who="0" ten="59,191,370,360" step="2"/><U61/><AGARI ba="0,2" hai="20,23,40,43,52,55,60,61,76,77,84,86,88,89" machi="61" ten="25,24000,3" yaku="1,1,2,1,0,1,22,2,8,1,54,2,53,0" doraHai="29" doraHaiUra="4" who="1" fromWho="1" sc="59,-80,191,260,370,-80,360,-80" owari="-21,-52.1,451,55.1,290,9.0,280,-12.0" /></mjloggm>