<mjloggm ver="2.3"><GO type="169" lobby="0"/><UN n0="%E3%80%8C%E3%83%92%E3%83%AD%E3%80%8D%34%30" n1="%E3%82%B3%E3%81%98%E3%81%95%E3%82%93%EF%BC%9F" n2="%E7%8A%AC%E5%B1%B1" n3="%E4%BF%BA%E3%81%A7%E3%81%99" dan="17,17,16,16" rate="2197.69,2108.77,2088.89,2102.98" sx="M,M,M,M"/><TAIKYOKU oya="0"/><INIT seed="0,0,0,2,4,75" ten="250,250,250,250" oya="0" hai0="31,127,123,55,46,44,34,0,76,66,21,122,107" hai1="60,111,89,115,124,121,62,65,79,8,37,80,45" hai2="110,78,130,6,81,27,132,40,108,26,33,133,29" hai3="99,97,92,63,9,24,49,83,15,42,109,54,114"/><T90/><D107/><U48/><E121/><V10/><F40/><W102/><G114/><T88/><D34/><U11/><E115/><V13/><F27/><W4/><G109/><T61/><D0/><U117/><E117/><V104/><F104/><W22/><G42/><T93/><D127/><U77/><E111/><N who="2" m="42539" /><F81/><W2/><G63/><N who="1" m="24106" /><E65/><V96/><F78/><N who="1" m="29705" /><E37/><V94/><F130/><W20/><G83/><T129/><D76/><U41/><E124/><V87/><F87/><AGARI ba="0,0" hai="8,11,41,45,48,80,87,89" m="29705,24106" machi="87" ten="30,7700,0" yaku="8,1,52,3" doraHai="75" who="1" fromWho="2" sc="250,0,250,77,250,-77,250,0" /><INIT seed="1,0,0,3,3,81" ten="250,327,173,250" oya="1" hai0="30,72,101,57,46,92,74,50,110,100,25,10,94" hai1="54,35,26,122,16,6,120,48,67,55,59,20,68" hai2="4,128,34,36,131,104,91,106,126,58,105,117,127" hai3="1,3,69,12,33,14,44,8,124,64,11,103,51"/><U40/><E35/><V119/><F36/><W32/><G124/><N who="2" m="47657" /><F58/><W132/><G132/><T21/><D110/><U121/><E6/><V18/><F34/><W108/><G108/><T82/><D74/><U134/><E134/><V63/><F18/><W99/><G33/><T95/><D57/><U77/><E77/><V118/><F63/><W129/><G129/><N who="2" m="49737" /><F4/><W15/><G32/><T56/><D56/><U116/><E116/><V39/><F39/><W61/><G3/><T89/><D10/><U73/><E68/><V75/><F75/><W85/><G1/><T31/><D31/><U123/><E73/><V125/><N who="2" m="47665" /><V37/><DORA hai="27" /><F37/><W22/><G22/><T7/><D7/><U29/><E122/><V47/><F47/><W114/><G11/><T38/><D38/><U60/><E16/><V78/><F78/><W42/><G8/><T19/><D19/><U93/><E120/><V80/><F80/><W53/><G42/><N who="0" m="24919" /><D72/><U0/><E121/><V79/><F79/><W98/><G69/><T70/><D70/><U107/><E123/><V84/><F91/><W66/><G64/><T65/><D65/><U83/><E67/><V45/><F45/><W13/><G66/><T111/><D111/><U2/><E60/><V88/><F88/><W115/><G61/><T52/><D52/><U90/><E55/><V76/><F76/><W23/><G53/><T86/><AGARI ba="0,0" hai="21,25,30,82,86,89,92,94,95,100,101" m="24919" machi="86" ten="30,4000,0" yaku="8,1,52,2" doraHai="81,27" who="0" fromWho="0" sc="250,40,327,-20,173,-10,250,-10" /><INIT seed="2,0,0,1,5,123" ten="290,307,163,240" oya="2" hai0="58,35,95,30,11,82,2,9,43,60,93,42,34" hai1="108,3,131,62,106,23,118,45,119,111,51,125,116" hai2="0,56,107,102,47,36,69,18,28,120,53,103,4" hai3="70,6,24,13,10,79,29,25,86,59,54,61,115"/><V1/><F120/><W78/><G115/><T33/><D30/><U89/><E125/><V74/><F74/><W32/><G70/><T122/><D122/><U39/><E131/><V44/><F69/><W68/><G68/><T110/><D110/><N who="1" m="42027" /><E3/><V8/><F1/><W76/><REACH who="3" step="1"/><G25/><REACH who="3" ten="290,307,163,230" step="2"/><T94/><D2/><U132/><E118/><V96/><F28/><W37/><G37/><T112/><D112/><U88/><E39/><V90/><F36/><W55/><G55/><T101/><D43/><U75/><E116/><V135/><F135/><W128/><G128/><T57/><D42/><U121/><E119/><V127/><F127/><W104/><G104/><T87/><D101/><U113/><E106/><V83/><F103/><W72/><G72/><T12/><D35/><U17/><E75/><V22/><F107/><W133/><G133/><T21/><D34/><U26/><E132/><V16/><F102/><W91/><G91/><T130/><D33/><U38/><E113/><V66/><F66/><W105/><G105/><T14/><D130/><U114/><E114/><V97/><F0/><W109/><G109/><T46/><D14/><U129/><E38/><V41/><F41/><W73/><G73/><T49/><D12/><U117/><E129/><V134/><F134/><W98/><G98/><T64/><D64/><U5/><E117/><V67/><F97/><W40/><G40/><T92/><D87/><AGARI ba="0,1" hai="6,10,13,24,29,32,54,59,61,76,78,79,86,87" machi="87" ten="40,5200,0" yaku="1,1,53,2" doraHai="123" doraHaiUra="81" who="3" fromWho="0" sc="290,-52,307,0,163,0,230,62" /><INIT seed="3,0,0,4,1,113" ten="238,307,163,292" oya="3" hai0="20,79,83,120,77,67,103,114,108,130,125,18,14" hai1="32,92,73,33,70,94,7,69,64,5,126,21,104" hai2="15,110,43,65,9,101,1,39,62,19,80,3,85" hai3="54,75,71,117,13,24,4,37,81,12,133,102,6"/><W86/><G117/><T47/><D114/><U96/><E21/><V38/><F110/><W22/><G133/><T93/><D108/><U16/><E96/><V123/><F123/><W30/><G75/><T88/><D120/><U52/><E64/><V41/><F101/><W0/><G71/><T89/><D130/><U134/><E104/><V44/><F41/><W87/><G37/><T128/><D128/><U109/><E109/><V111/><F39/><W10/><G102/><T78/><D125/><U107/><E107/><V49/><F38/><W115/><G115/><T27/><D67/><U119/><E73/><V118/><F111/><W105/><G105/><T129/><D129/><U131/><E131/><V74/><F74/><W26/><G6/><T8/><D47/><U45/><E45/><V84/><F84/><W61/><G26/><T72/><D89/><U17/><E52/><V35/><F35/><W51/><G61/><T99/><REACH who="0" step="1"/><D103/><REACH who="0" ten="228,307,163,292" step="2"/><U95/><E126/><V63/><F118/><W97/><G97/><T66/><D66/><U31/><E119/><V23/><F63/><W11/><G87/><T42/><D42/><U127/><E127/><V82/><F62/><W68/><G68/><T98/><D98/><U48/><E69/><V112/><F65/><W121/><G121/><T116/><D116/><U90/><E70/><V57/><F112/><W122/><G122/><T56/><D56/><U50/><E90/><V46/><F57/><W53/><G86/><T91/><D91/><U132/><E132/><V55/><F85/><W60/><G60/><T2/><D2/><RYUUKYOKU ba="0,1" sc="228,30,307,-10,163,-10,292,-10" hai0="8,14,18,20,27,72,77,78,79,83,88,93,99" /><INIT seed="4,1,1,1,1,42" ten="258,297,153,282" oya="0" hai0="34,13,3,68,133,54,25,57,118,78,48,40,51" hai1="88,130,94,73,9,38,131,111,123,70,135,28,58" hai2="23,84,71,93,72,80,19,15,127,36,108,55,59" hai3="116,124,99,22,29,41,66,106,77,129,20,10,12"/><T39/><D118/><U46/><E111/><V62/><F127/><W109/><G109/><T56/><D3/><U85/><E123/><V45/><F108/><W100/><G116/><T134/><D68/><U60/><E70/><V47/><F36/><W125/><G129/><N who="1" m="49162" /><E73/><V49/><F72/><W102/><G66/><T5/><D78/><U35/><E9/><V105/><F105/><W76/><G102/><T113/><D113/><U61/><E135/><V83/><F83/><W53/><G41/><T26/><D5/><U110/><E110/><V119/><F119/><W87/><G53/><T98/><D13/><U69/><E69/><V11/><F11/><W8/><G8/><T37/><D40/><N who="1" m="22807" /><E58/><V16/><F19/><W103/><G125/><T2/><D2/><U64/><E64/><N who="2" m="41367" /><F80/><W120/><G120/><T97/><REACH who="0" step="1"/><D54/><REACH who="0" ten="248,297,153,282" step="2"/><U31/><E35/><AGARI ba="1,2" hai="25,26,34,35,37,39,48,51,56,57,97,98,133,134" machi="35" ten="25,9600,0" yaku="1,1,2,1,22,2,53,0" doraHai="42" doraHaiUra="122" who="0" fromWho="1" sc="248,119,297,-99,153,0,282,0" /><INIT seed="4,2,0,3,2,121" ten="367,198,153,282" oya="0" hai0="34,49,109,28,104,123,120,77,115,122,106,64,27" hai1="1,81,0,132,30,128,19,2,60,16,85,79,59" hai2="54,84,78,36,6,5,124,93,24,45,44,99,82" hai3="10,111,116,76,74,7,114,56,107,94,75,72,134"/><T129/><D115/><U105/><E132/><V66/><F124/><W103/><G116/><T38/><D38/><U25/><E105/><V32/><F66/><W26/><G134/><T97/><D129/><U91/><E79/><V15/><F36/><W108/><G114/><T21/><D77/><U67/><REACH who="1" step="1"/><E128/><REACH who="1" ten="367,188,153,282" step="2"/><V50/><F44/><W17/><G107/><T80/><D106/><U98/><E98/><V31/><REACH who="2" step="1"/><F15/><REACH who="2" ten="367,188,143,282" step="2"/><W52/><G26/><T57/><D27/><U41/><E41/><V35/><F35/><AGARI ba="2,2" hai="0,1,2,16,19,25,30,35,59,60,67,81,85,91" machi="35" ten="40,2600,0" yaku="1,1,54,1,53,0" doraHai="121" doraHaiUra="71" who="1" fromWho="2" sc="367,0,188,52,143,-32,282,0" /><INIT seed="5,0,0,2,4,133" ten="367,240,111,282" oya="1" hai0="100,134,65,34,89,107,8,101,74,64,76,104,131" hai1="108,67,9,99,20,124,92,55,105,97,30,18,39" hai2="37,87,118,81,128,13,119,32,84,28,38,48,5" hai3="11,70,121,31,96,106,17,4,88,91,112,130,71"/><U15/><E39/><V46/><F128/><W42/><G121/><T56/><D34/><U111/><E67/><V125/><F28/><W90/><G130/><T79/><D131/><U59/><E105/><V85/><F32/><W120/><G120/><T122/><D122/><U132/><E132/><V95/><F95/><W24/><G42/><T73/><D134/><U123/><E123/><V19/><F5/><W68/><G17/><T25/><D8/><U23/><E124/><V16/><F125/><W52/><G112/><T29/><D56/><U36/><E36/><V44/><F87/><W103/><G52/><T43/><D43/><U66/><E97/><V27/><F13/><W35/><REACH who="3" step="1"/><G71/><REACH who="3" ten="367,240,111,272" step="2"/><T86/><D65/><U49/><E66/><V127/><F127/><W109/><G109/><N who="1" m="42058" /><E30/><V82/><REACH who="2" step="1"/><F48/><REACH who="2" ten="367,240,101,272" step="2"/><W50/><G50/><T53/><D29/><U75/><E75/><V21/><F21/><W93/><G93/><T61/><D74/><U80/><E80/><V115/><F115/><W54/><G54/><T78/><D53/><U40/><E40/><V10/><F10/><W12/><AGARI ba="0,2" hai="4,11,12,24,31,35,68,70,88,90,91,96,103,106" machi="12" ten="30,4000,0" yaku="1,1,0,1,54,1,53,0" doraHai="133" doraHaiUra="51" who="3" fromWho="3" sc="367,-10,240,-20,101,-10,272,60" /><INIT seed="6,0,0,5,1,123" ten="357,220,91,332" oya="2" hai0="50,82,27,35,130,91,86,42,25,48,96,84,69" hai1="28,41,128,44,90,61,83,65,85,55,119,64,103" hai2="16,89,67,129,40,37,104,117,14,30,29,78,62" hai3="22,101,112,100,124,34,11,19,81,26,68,113,118"/><V115/><F117/><W18/><G118/><T71/><D96/><U98/><E119/><V107/><F40/><W17/><G34/><T133/><D130/><U12/><E28/><V56/><F37/><W70/><G124/><T93/><D133/><U36/><E128/><V51/><F129/><W39/><G39/><T6/><D6/><U1/><E1/><V23/><F78/><W45/><G45/><T106/><D106/><U132/><E132/><V31/><F115/><N who="3" m="44107" /><G81/><T33/><D42/><U38/><E12/><V4/><F4/><W15/><G18/><T77/><D35/><U49/><E41/><V120/><F120/><W0/><G0/><T9/><D9/><U53/><E53/><V20/><F20/><W87/><G87/><T121/><D121/><U105/><E64/><V57/><REACH who="2" step="1"/><F89/><REACH who="2" ten="357,220,81,332" step="2"/><W54/><G22/><T127/><D91/><U126/><E126/><V99/><F99/><W74/><G11/><T24/><D77/><U94/><E105/><V92/><F92/><W8/><G8/><T58/><D93/><U116/><E116/><V111/><F111/><W95/><G95/><T47/><D127/><U76/><E76/><V10/><F10/><W21/><G21/><T109/><D109/><U66/><E36/><V13/><F13/><W43/><G15/><T75/><D33/><U131/><E131/><V125/><F125/><W135/><G135/><T59/><D27/><U97/><E38/><V102/><F102/><W60/><G100/><T80/><D75/><U46/><E103/><V73/><F73/><W88/><G74/><T110/><D110/><RYUUKYOKU ba="0,1" sc="357,15,220,-15,81,15,332,-15" hai0="24,25,47,48,50,58,59,69,71,80,82,84,86" hai2="14,16,23,29,30,31,51,56,57,62,67,104,107" /><INIT seed="6,1,1,5,2,105" ten="372,205,96,317" oya="2" hai0="127,63,129,87,36,25,12,53,11,120,93,124,97" hai1="86,104,26,80,19,3,79,65,135,75,84,18,94" hai2="107,85,67,110,90,115,91,131,23,70,34,31,7" hai3="69,22,1,50,125,130,96,56,0,49,58,30,62"/><V38/><F38/><W116/><G116/><T57/><D120/><U68/><E3/><V47/><F107/><W42/><G130/><T83/><D129/><U77/><E104/><V113/><F131/><W118/><G118/><T6/><D36/><U20/><E135/><V132/><F132/><W74/><G74/><T121/><D121/><U40/><E40/><V99/><F34/><W123/><G123/><T76/><REACH who="0" step="1"/><D25/><REACH who="0" ten="362,205,96,317" step="2"/><U48/><E26/><N who="2" m="16863" /><F110/><W71/><G125/><T27/><D27/><U88/><E68/><V21/><F7/><W112/><G71/><T106/><D106/><U78/><E18/><V16/><F70/><W101/><G69/><T46/><D46/><U61/><E19/><V95/><F47/><W29/><G30/><T59/><D59/><U117/><E117/><V72/><F72/><W66/><G58/><T55/><D55/><U37/><E37/><V119/><F119/><W28/><G28/><T5/><D5/><U82/><E75/><V103/><F67/><W133/><G133/><T32/><D32/><U8/><E65/><V122/><F122/><W33/><G33/><T4/><D4/><U51/><E20/><V108/><F108/><W52/><G22/><T109/><D109/><U2/><E8/><V39/><F39/><W45/><G29/><T89/><AGARI ba="1,2" hai="6,11,12,53,57,63,76,83,87,89,93,97,124,127" machi="89" ten="30,2000,0" yaku="1,1,0,1,53,0" doraHai="105" doraHaiUra="44" who="0" fromWho="0" sc="362,43,205,-6,96,-11,317,-6" /><INIT seed="7,0,0,4,1,55" ten="405,199,85,311" oya="3" hai0="95,94,7,22,20,61,14,44,11,84,27,76,111" hai1="117,3,15,127,99,82,69,45,131,6,101,0,106" hai2="21,107,62,28,8,118,100,73,87,114,31,121,60" hai3="135,89,110,64,68,66,79,25,23,91,58,36,80"/><W81/><G36/><T120/><D111/><U56/><E69/><V128/><F87/><W52/><G110/><T53/><D120/><U42/><E131/><V129/><F100/><W77/><G135/><T102/><D102/><U32/><E32/><V78/><F21/><W30/><G68/><T43/><D76/><N who="3" m="29257" /><G91/><T88/><D95/><U38/><E127/><V33/><F78/><W35/><G35/><T50/><D27/><U10/><E82/><N who="3" m="31850" /><G89/><T75/><D75/><U103/><E117/><V4/><F33/><W93/><G93/><T123/><D123/><U105/><E103/><V96/><F118/><W12/><G12/><T126/><D126/><U122/><E105/><V70/><F107/><W74/><G74/><T2/><D2/><U51/><E122/><V5/><F121/><W116/><G116/><T9/><D9/><U72/><E72/><V125/><F73/><W85/><G85/><T119/><D119/><U108/><E108/><V113/><F8/><W130/><G130/><T109/><D109/><U104/><E104/><V1/><F1/><W71/><G71/><T124/><D124/><U48/><E38/><V134/><F70/><W39/><G39/><T83/><D83/><U65/><E0/><V92/><F125/><W59/><G52/><T26/><D53/><N who="1" m="31783" /><E3/><V112/><F112/><W13/><G13/><T46/><D14/><U17/><E65/><AGARI ba="0,0" hai="23,25,30,58,59,64,65,66" m="31850,29257" machi="65" ten="30,5800,0" yaku="8,1,52,2" doraHai="55" who="3" fromWho="1" sc="405,0,199,-58,85,0,311,58" /><INIT seed="7,1,0,0,5,124" ten="405,141,85,369" oya="3" hai0="16,51,126,17,118,6,57,9,35,20,13,25,121" hai1="28,77,107,42,109,69,127,24,70,80,88,110,58" hai2="41,132,4,123,65,104,34,46,99,119,39,32,1" hai3="122,7,134,81,79,97,89,43,74,26,103,48,114"/><W12/><G122/><T52/><D121/><U27/><E127/><V33/><F123/><W63/><G114/><T53/><D126/><U49/><E107/><V3/><F119/><W66/><G134/><T30/><D118/><U10/><E24/><V85/><F85/><W8/><G26/><T18/><REACH who="0" step="1"/><D53/><REACH who="0" ten="395,141,85,369" step="2"/><U29/><E109/><V83/><F132/><W130/><G130/><T135/><D135/><U84/><E110/><V37/><F83/><W101/><G43/><T111/><D111/><U128/><E80/><V15/><F65/><W59/><REACH who="3" step="1"/><G48/><REACH who="3" ten="395,141,85,359" step="2"/><T14/><AGARI ba="1,2" hai="6,9,13,14,16,17,18,20,25,30,35,51,52,57" machi="14" ten="20,8000,1" yaku="1,1,0,1,7,1,54,2,53,0" doraHai="124" doraHaiUra="112" who="0" fromWho="0" sc="395,103,141,-21,85,-21,359,-41" owari="498,59.8,120,-28.0,64,-43.6,318,11.8" /></mjloggm>