<mjloggm ver="2.3"><GO type="169" lobby="0"/><UN n0="%E5%B8%B0%E3%82%8A%E3%81%9F%E3%81%84%E3%80%82" n1="%E3%83%A2%E3%83%B3%E3%82%AD%E3%83%BC%E3%83%88%E3%83%AA%E3%83%83%E3%82%AF" n2="%E7%BD%AA%E5%88%91%E6%B3%95%E5%AE%9A%E4%B8%BB%E7%BE%A9" n3="%43%68%65" dan="16,16,17,16" rate="2190.59,2002.12,2205.89,2090.11" sx="M,M,M,M"/><TAIKYOKU oya="0"/><INIT seed="0,0,0,2,1,33" ten="250,250,250,250" oya="0" hai0="72,40,96,115,83,104,86,62,46,14,76,106,65" hai1="99,95,43,10,30,20,31,79,105,134,56,116,81" hai2="118,42,91,113,35,102,66,89,73,69,8,28,34" hai3="70,107,37,133,121,74,129,103,85,58,132,24,29"/><T44/><D115/><U109/><E116/><V60/><F113/><W7/><G74/><T77/><D46/><U48/><E105/><V2/><F73/><W125/><G37/><T47/><D47/><U18/><E109/><V16/><F42/><W23/><G70/><T17/><D96/><U26/><E10/><V101/><F118/><W68/><G68/><T124/><D124/><U64/><E134/><V1/><F16/><W4/><G121/><T80/><D14/><U108/><E108/><V0/><F8/><W38/><G38/><T135/><D17/><U88/><E43/><V59/><F59/><W52/><G125/><T36/><REACH who="0" step="1"/><D135/><REACH who="0" ten="240,250,250,250" step="2"/><U100/><E100/><V87/><F91/><W128/><G103/><T54/><D54/><U19/><E19/><V21/><F102/><W51/><G133/><T127/><D127/><U13/><E13/><V111/><F101/><W50/><G52/><T110/><D110/><U53/><REACH who="1" step="1"/><E64/><REACH who="1" ten="240,240,250,250" step="2"/><V45/><F111/><W98/><G132/><T93/><D93/><U67/><E67/><V39/><F39/><W130/><G107/><T75/><D75/><AGARI ba="0,2" hai="18,20,26,30,31,48,53,56,75,79,81,88,95,99" machi="75" ten="30,3900,0" yaku="1,1,7,1,54,1,53,0" doraHai="33" doraHaiUra="97" who="1" fromWho="0" sc="240,-39,240,59,250,0,250,0" /><INIT seed="1,0,0,0,5,59" ten="201,299,250,250" oya="1" hai0="67,45,53,56,10,123,77,24,23,6,60,115,57" hai1="121,35,75,89,11,48,52,5,119,38,15,19,92" hai2="39,83,132,66,69,26,1,78,61,131,54,37,127" hai3="120,44,129,50,34,8,17,16,0,110,135,20,3"/><U101/><E75/><V95/><F1/><W93/><G34/><T12/><D115/><U74/><E74/><V73/><F127/><W33/><G33/><T108/><D108/><U68/><E38/><V2/><F2/><W130/><G110/><T70/><D123/><U106/><E121/><V94/><F132/><W7/><G3/><T40/><D77/><U134/><E134/><V114/><F114/><W58/><G135/><T112/><D112/><U51/><E35/><V126/><F126/><W99/><G58/><T29/><REACH who="0" step="1"/><D53/><REACH who="0" ten="191,299,250,250" step="2"/><U98/><E119/><V41/><F131/><W64/><G120/><T9/><D9/><U80/><E68/><V97/><F54/><W32/><G8/><T104/><D104/><U102/><E106/><V47/><F37/><AGARI ba="0,1" hai="6,10,12,23,24,29,37,40,45,56,57,60,67,70" machi="37" ten="30,7700,0" yaku="1,1,7,1,52,1,53,1" doraHai="59" doraHaiUra="25" who="0" fromWho="2" sc="191,87,299,0,250,-77,250,0" /><INIT seed="2,0,0,3,4,28" ten="278,299,173,250" oya="2" hai0="10,62,124,37,90,52,122,14,108,3,113,48,9" hai1="47,87,99,85,68,119,120,13,33,123,58,132,64" hai2="4,127,88,26,32,55,51,15,40,35,71,96,20" hai3="57,82,44,38,66,42,102,53,8,97,61,104,128"/><V39/><F71/><W69/><G128/><T19/><D122/><N who="1" m="46635" /><E119/><V111/><F39/><W76/><G8/><T22/><D113/><U31/><E68/><V24/><F40/><W70/><REACH who="3" step="1"/><G66/><REACH who="3" ten="278,299,173,240" step="2"/><T23/><D10/><U74/><E64/><V115/><F115/><W75/><AGARI ba="0,1" hai="38,42,44,53,57,61,69,70,75,76,82,97,102,104" machi="75" ten="20,5200,0" yaku="1,1,2,1,0,1,7,1,53,0" doraHai="28" doraHaiUra="7" who="3" fromWho="3" sc="278,-13,299,-13,173,-26,240,62" /><INIT seed="3,0,0,4,2,68" ten="265,286,147,302" oya="3" hai0="13,69,81,39,58,74,51,106,102,7,130,22,40" hai1="57,11,44,95,62,116,4,32,43,26,66,54,113" hai2="83,89,31,65,60,33,73,84,46,59,107,128,79" hai3="94,111,20,29,3,92,78,67,97,105,36,5,64"/><W103/><G78/><T35/><D35/><U21/><E113/><V45/><F128/><W6/><G36/><T76/><D69/><U96/><E32/><V119/><F119/><W38/><G111/><T52/><D130/><U75/><E75/><V16/><F33/><W28/><G38/><T37/><D40/><U124/><E116/><V8/><F31/><W25/><G29/><T134/><D134/><U114/><E114/><V23/><F8/><W47/><G47/><T56/><D106/><U48/><E124/><V122/><F107/><W109/><G109/><T18/><D102/><U99/><E66/><V127/><F127/><W110/><G110/><T17/><D7/><U93/><E99/><V70/><F70/><W126/><G126/><T41/><D41/><U0/><REACH who="1" step="1"/><E96/><REACH who="1" ten="265,276,147,302" step="2"/><V112/><F112/><W98/><G105/><T117/><D117/><U86/><E86/><V121/><F122/><W55/><G67/><T125/><D125/><U30/><AGARI ba="0,1" hai="0,4,11,21,26,30,43,44,48,54,57,62,93,95" machi="30" ten="20,5200,0" yaku="1,1,0,1,7,1,53,1" doraHai="68" doraHaiUra="19" who="1" fromWho="1" sc="265,-13,276,62,147,-13,302,-26" /><INIT seed="4,0,0,2,5,59" ten="252,338,134,276" oya="0" hai0="69,34,12,33,10,27,78,19,53,29,104,62,11" hai1="36,119,61,135,118,25,39,37,63,93,54,9,60" hai2="21,30,42,2,99,120,76,105,113,20,49,72,52" hai3="56,8,22,109,41,95,116,66,81,127,15,57,98"/><T122/><D122/><U77/><E77/><V7/><F120/><W68/><G109/><T96/><D78/><U131/><E9/><V67/><F113/><W64/><G127/><T24/><D53/><U80/><E80/><V26/><F42/><W121/><G116/><T23/><D33/><U87/><E135/><V74/><F76/><W132/><G132/><T84/><D84/><U70/><E25/><V130/><F130/><W48/><G22/><T107/><D10/><U86/><E70/><V45/><F67/><W115/><G81/><T112/><D112/><U102/><E131/><V117/><F117/><N who="1" m="44553" /><E102/><V106/><F99/><W133/><G133/><T71/><D96/><U88/><E54/><V126/><F126/><W43/><G68/><T97/><D97/><U123/><E123/><V17/><F7/><W40/><G121/><T38/><D38/><U13/><E13/><V47/><F47/><W83/><G83/><T125/><D71/><U58/><E58/><N who="3" m="22634" /><G48/><T0/><D125/><U3/><E3/><V100/><F2/><W89/><G115/><T51/><D51/><U103/><E103/><V101/><F101/><W28/><G28/><T79/><D79/><U50/><E50/><V82/><F100/><W91/><G89/><T92/><D92/><U110/><E110/><V129/><F82/><W65/><G41/><T46/><D46/><U85/><E93/><V90/><F129/><W111/><G111/><T5/><D27/><U55/><E55/><V1/><F1/><W35/><G35/><T16/><D19/><AGARI ba="0,0" hai="8,15,19,40,43,64,65,66,91,95,98" m="22634" machi="19" ten="30,1000,0" yaku="8,1" doraHai="59" who="3" fromWho="0" sc="252,-10,338,0,134,0,276,10" /><INIT seed="5,0,0,4,0,47" ten="242,338,134,286" oya="1" hai0="84,7,124,18,64,15,37,10,96,12,22,51,4" hai1="23,1,73,26,135,133,70,29,92,71,95,58,39" hai2="59,120,104,55,91,69,34,114,115,0,49,128,30" hai3="42,78,103,97,106,127,85,13,107,21,118,6,41"/><U109/><E73/><V117/><F117/><W111/><G111/><T94/><D37/><U66/><E1/><V24/><F120/><W2/><G107/><T134/><D124/><U48/><E39/><V123/><F123/><W9/><G127/><T82/><D64/><U125/><E125/><V32/><F0/><W27/><G118/><T132/><D4/><U99/><E109/><V102/><F69/><W17/><G78/><T130/><D130/><U112/><E112/><N who="2" m="43051" /><F128/><W40/><G85/><T100/><REACH who="0" step="1"/><D51/><REACH who="0" ten="232,338,134,286" step="2"/><U25/><E48/><V14/><F34/><W72/><G72/><T63/><D63/><U76/><E66/><V19/><F104/><W65/><G65/><T75/><D75/><U110/><E110/><V61/><F102/><W88/><G106/><T43/><D43/><U36/><E36/><V35/><F32/><W87/><G103/><T33/><D33/><U57/><E70/><V131/><F131/><W93/><G2/><T31/><D31/><U62/><E71/><V101/><F101/><W77/><G42/><T86/><D86/><U108/><E62/><V5/><F5/><W20/><G41/><T121/><D121/><U28/><E108/><V119/><F119/><W122/><G40/><T56/><D56/><U11/><E28/><V44/><F61/><W98/><G122/><T60/><D60/><U81/><E29/><V46/><F91/><AGARI ba="0,1" hai="7,10,12,15,18,22,82,84,91,94,96,100,132,134" machi="91" ten="40,1300,0" yaku="1,1,53,0" doraHai="47" doraHaiUra="68" who="0" fromWho="2" sc="232,23,338,0,134,-13,286,0" /><INIT seed="6,0,0,0,1,65" ten="255,338,121,286" oya="2" hai0="68,23,135,14,56,67,41,82,99,59,84,102,85" hai1="11,47,53,10,75,19,128,110,119,15,98,81,17" hai2="93,27,35,62,76,71,77,97,114,26,72,57,116" hai3="117,13,66,36,63,78,87,131,33,52,95,7,74"/><V54/><F114/><W73/><G33/><T125/><D135/><U134/><E119/><V39/><F116/><W44/><G131/><T112/><D112/><U113/><E110/><V126/><F126/><W6/><G6/><T49/><D85/><U0/><E113/><V120/><F120/><W55/><G55/><T37/><D37/><U127/><E134/><V8/><F39/><W92/><G92/><N who="0" m="58727" /><D68/><U105/><E127/><V90/><F72/><W40/><G117/><T24/><D14/><U4/><E128/><V28/><F8/><W100/><G100/><T42/><D67/><U133/><E105/><V86/><F71/><W96/><G87/><T21/><D21/><U109/><E109/><V12/><F12/><W58/><G78/><N who="0" m="46167" /><D125/><U50/><E98/><V1/><F1/><W111/><G111/><T118/><D118/><U38/><E38/><V108/><F108/><W88/><REACH who="3" step="1"/><G66/><REACH who="3" ten="255,338,121,276" step="2"/><T16/><D42/><U31/><E133/><V2/><F2/><W83/><G83/><T106/><D106/><U91/><E75/><V79/><REACH who="2" step="1"/><F27/><REACH who="2" ten="255,338,111,276" step="2"/><W45/><G45/><AGARI ba="0,2" hai="16,23,24,41,45,49,56,59" m="46167,58727" machi="45" ten="30,2000,0" yaku="8,1,54,1" doraHai="65" who="0" fromWho="3" sc="255,40,338,0,111,0,276,-20" /><INIT seed="7,0,0,4,0,111" ten="295,338,111,256" oya="3" hai0="69,115,5,55,28,40,30,11,12,21,16,41,113" hai1="32,2,47,77,63,31,9,126,71,118,76,85,84" hai2="121,133,65,36,4,97,56,20,132,57,79,8,48" hai3="43,81,35,129,3,42,83,107,134,19,33,124,53"/><W106/><G3/><T131/><D69/><U59/><E71/><V91/><F79/><W103/><G103/><T18/><D55/><U58/><E32/><N who="3" m="12362" /><G53/><T90/><D90/><U64/><E31/><N who="0" m="11817" /><D131/><U75/><E75/><V135/><F36/><W62/><G62/><T105/><D105/><N who="3" m="39945" /><G19/><T74/><D74/><U24/><E24/><V52/><F121/><W67/><G67/><T37/><D37/><U6/><E118/><V38/><F38/><W128/><G124/><T68/><D68/><U82/><E126/><V127/><F127/><W39/><G134/><T61/><D61/><U80/><E58/><V95/><F65/><W73/><G73/><T44/><D44/><AGARI ba="0,0" hai="2,6,9,44,47,59,63,64,76,77,80,82,84,85" machi="44" ten="40,1300,0" yaku="9,1" doraHai="111" who="1" fromWho="0" sc="295,-13,338,13,111,0,256,0" owari="282,8.2,351,45.1,111,-38.9,256,-14.4" /></mjloggm>