<mjloggm ver="2.3"><GO type="169" lobby="0"/><UN n0="%E3%82%B7%E3%83%A3%E3%82%AD%E3%82%AA%E3%83%8B" n1="%E5%8F%A4%E6%96%AF%E5%A1%94%E5%A4%AB%E4%BA%8C%E4%B8%96" n2="%E3%83%88%E3%83%B3%E3%83%8D%E3%83%AB%E5%A4%A9%E5%9B%BD" n3="%E3%83%8A%E3%82%B4%E3%83%A0" dan="17,16,17,18" rate="2124.21,2050.64,2226.96,2247.68" sx="M,M,M,M"/><TAIKYOKU oya="0"/><INIT seed="0,0,0,5,5,2" ten="250,250,250,250" oya="0" hai0="52,59,6,128,28,123,83,38,96,63,78,27,42" hai1="55,9,77,50,20,117,124,17,74,53,19,104,7" hai2="102,46,0,68,43,90,44,87,81,16,130,72,103" hai3="101,108,56,105,127,88,82,116,119,111,22,73,75"/><T47/><BYE who="1" /><D123/><U40/><E40/><V114/><F114/><UN n1="%E5%8F%A4%E6%96%AF%E5%A1%94%E5%A4%AB%E4%BA%8C%E4%B8%96" /><W31/><G31/><T115/><D128/><U110/><E117/><N who="3" m="45130" /><G22/><T118/><D118/><U4/><E104/><V48/><F130/><W39/><G56/><T94/><D115/><U12/><E74/><N who="3" m="28170" /><G39/><T109/><D109/><N who="3" m="42057" /><G127/><T58/><D58/><U85/><E110/><V36/><F72/><W49/><G49/><T106/><D106/><U32/><E124/><V30/><F30/><W10/><G10/><T65/><D65/><U60/><E32/><V54/><F68/><W79/><G79/><T62/><D62/><U13/><E60/><V95/><F0/><W3/><G3/><T91/><D78/><U98/><E55/><V33/><F33/><W100/><G105/><T84/><D6/><U135/><E77/><V51/><F36/><W11/><G11/><T45/><D45/><U64/><E64/><V71/><F71/><W5/><G5/><T122/><D122/><U24/><E7/><V76/><REACH who="2" step="1"/><F16/><REACH who="2" ten="250,250,240,250" step="2"/><W129/><G129/><T121/><D121/><U18/><E19/><V93/><F93/><W120/><G120/><T99/><REACH who="0" step="1"/><D94/><REACH who="0" ten="240,250,240,250" step="2"/><U126/><E126/><V67/><F67/><W29/><G29/><T34/><AGARI ba="0,2" hai="27,28,34,38,42,47,52,59,63,83,84,91,96,99" machi="34" ten="20,12000,1" yaku="1,1,2,1,0,1,7,1,54,1,53,0" doraHai="2" doraHaiUra="132" who="0" fromWho="0" sc="240,140,250,-40,240,-40,250,-40" /><INIT seed="0,1,0,5,1,115" ten="380,210,200,210" oya="0" hai0="19,35,90,17,51,32,26,88,57,96,64,29,63" hai1="36,60,68,93,47,69,79,135,21,56,25,91,83" hai2="100,84,81,6,24,50,7,49,41,5,13,133,53" hai3="27,85,59,121,77,1,61,75,45,10,104,48,116"/><T15/><D35/><U8/><E135/><V12/><F133/><W120/><G104/><T23/><D51/><U65/><E8/><V113/><F113/><W54/><G75/><T132/><D132/><U44/><E69/><V80/><F100/><W3/><G27/><T94/><D19/><U112/><E68/><V95/><F24/><W0/><G10/><T102/><AGARI ba="1,0" hai="15,17,23,26,29,32,57,63,64,88,90,94,96,102" machi="102" ten="20,3900,0" yaku="0,1,7,1,54,1" doraHai="115" who="0" fromWho="0" sc="380,42,210,-14,200,-14,210,-14" /><INIT seed="0,2,0,4,2,20" ten="422,196,186,196" oya="0" hai0="134,61,112,85,95,15,119,66,70,27,123,78,10" hai1="90,97,18,11,40,59,68,22,109,50,52,16,4" hai2="116,87,67,49,33,36,131,54,72,84,117,2,46" hai3="19,100,101,62,79,17,9,58,1,103,30,13,14"/><T8/><D112/><U21/><E68/><V105/><F72/><W115/><G115/><T77/><D119/><N who="2" m="45642" /><F105/><W44/><G1/><T118/><D118/><U35/><E109/><V29/><F2/><W0/><G0/><T45/><D123/><U53/><E35/><V65/><F36/><W124/><G124/><T89/><D134/><U129/><E129/><V107/><F107/><W114/><G114/><T57/><D70/><U56/><E40/><V74/><F74/><W55/><G79/><T128/><D128/><U38/><E38/><V92/><F92/><W113/><G113/><T111/><D111/><U31/><E4/><V43/><F43/><W122/><G122/><T110/><D110/><U80/><E11/><V75/><F75/><W96/><G30/><T83/><D45/><U26/><E21/><V3/><F3/><W102/><G44/><T42/><D42/><U47/><E47/><V133/><F133/><W130/><G130/><T86/><D77/><U132/><E132/><V24/><F131/><W37/><G37/><T108/><D108/><U7/><E7/><V32/><F33/><W71/><G71/><T91/><D78/><U5/><E5/><V82/><F87/><W64/><G64/><T93/><D83/><U28/><E28/><V60/><F60/><W94/><REACH who="3" step="1"/><G103/><REACH who="3" ten="422,196,186,186" step="2"/><T99/><D99/><U127/><E127/><V104/><F104/><W106/><G106/><T120/><D120/><U48/><E97/><V63/><F63/><W41/><G41/><T81/><D86/><AGARI ba="2,1" hai="16,18,22,26,31,48,50,52,53,56,59,80,86,90" machi="86" ten="40,8000,1" yaku="9,1,8,1,52,1,54,2" doraHai="20" who="1" fromWho="0" sc="422,-86,196,96,186,0,186,0" /><INIT seed="1,0,0,5,5,121" ten="336,292,186,186" oya="1" hai0="125,129,91,5,94,118,48,103,37,116,52,124,62" hai1="53,74,9,96,46,114,47,76,85,115,11,36,33" hai2="110,101,32,117,13,126,22,79,107,120,69,58,90" hai3="122,16,73,64,30,3,84,82,57,43,131,112,10"/><U60/><E33/><V45/><F69/><W2/><G122/><T99/><D37/><U21/><E74/><V51/><F32/><W50/><G112/><T72/><D72/><U35/><E35/><V39/><F79/><W111/><G73/><T67/><D129/><U6/><E114/><V106/><F117/><W25/><G131/><T87/><D5/><U135/><E135/><V104/><F101/><W55/><G30/><T8/><D8/><U102/><E36/><V113/><F126/><N who="0" m="48746" /><D48/><U65/><E21/><V105/><F51/><W95/><G95/><N who="0" m="54783" /><D52/><U28/><E28/><V100/><F39/><W23/><G43/><T41/><D41/><U98/><E53/><V93/><F107/><W59/><G10/><T1/><D1/><U119/><E11/><V80/><F106/><W66/><G3/><T132/><D132/><U128/><E128/><V75/><F105/><W49/><G2/><T127/><D127/><U70/><E115/><V14/><F104/><W34/><G50/><T133/><D133/><U123/><E123/><V7/><F7/><W18/><G34/><T108/><D108/><U134/><E134/><V24/><F110/><W26/><G111/><T81/><D81/><N who="1" m="47271" /><E119/><V20/><F120/><W71/><G71/><AGARI ba="0,0" hai="62,67,71,94,99,103,116,118" m="54783,48746" machi="71" ten="30,1000,0" yaku="18,1" doraHai="121" who="0" fromWho="3" sc="336,10,292,0,186,0,186,-10" /><INIT seed="2,0,0,1,3,115" ten="346,292,186,176" oya="2" hai0="38,16,25,26,100,91,12,72,105,37,99,126,77" hai1="28,3,2,71,98,10,106,73,120,55,69,127,45" hai2="48,78,57,36,56,34,43,65,81,21,50,86,44" hai3="111,128,31,94,76,54,70,6,51,7,63,9,74"/><V11/><F34/><W68/><G111/><T40/><D126/><U0/><E127/><V96/><F21/><W13/><G128/><T113/><D113/><U66/><E120/><V41/><F65/><W1/><G31/><T116/><D77/><U46/><E73/><V112/><F112/><W19/><G74/><T121/><D72/><U60/><E71/><V53/><F36/><W22/><G76/><T80/><D121/><U58/><E28/><V39/><F39/><W102/><G7/><T79/><D79/><U5/><E106/><V90/><F11/><W30/><G63/><T84/><D38/><U49/><REACH who="1" step="1"/><E98/><REACH who="1" ten="346,282,186,176" step="2"/><V93/><REACH who="2" step="1"/><F56/><REACH who="2" ten="346,282,176,176" step="2"/><W118/><G68/><T85/><D37/><U32/><E32/><V114/><F114/><W122/><G70/><T110/><D110/><U35/><E35/><V61/><F61/><W132/><G122/><T17/><D26/><U123/><E123/><V4/><F4/><W88/><G6/><T18/><D25/><U89/><E89/><V67/><F67/><W108/><G88/><T29/><D91/><U42/><E42/><AGARI ba="0,2" hai="41,42,43,44,48,50,53,57,78,81,86,90,93,96" machi="42" ten="30,11600,0" yaku="1,1,7,1,8,1,53,1" doraHai="115" doraHaiUra="83" who="2" fromWho="1" sc="346,0,282,-116,176,136,176,0" /><INIT seed="2,1,0,2,5,2" ten="346,166,312,176" oya="2" hai0="44,64,74,42,57,16,79,22,46,126,81,8,30" hai1="13,98,35,115,15,19,80,92,113,129,90,12,103" hai2="25,62,6,17,9,106,11,107,134,89,3,82,95" hai3="108,21,48,70,26,119,105,38,102,86,28,69,110"/><V121/><F121/><W51/><G38/><T94/><D126/><U71/><E35/><V125/><F125/><W29/><G119/><T40/><D30/><U45/><E71/><N who="3" m="27146" /><G105/><T87/><D8/><U73/><E129/><V100/><F134/><W31/><G86/><T41/><D74/><U53/><E73/><V0/><F100/><W109/><G102/><T76/><D76/><U56/><E45/><V65/><F82/><W59/><G59/><T91/><D57/><U118/><E118/><V127/><F25/><W23/><G26/><T84/><REACH who="0" step="1"/><D64/><REACH who="0" ten="336,166,312,176" step="2"/><U78/><E78/><V111/><F127/><W20/><AGARI ba="1,1" hai="20,21,23,28,29,31,48,51,108,109,110" m="27146" machi="20" ten="50,8000,1" yaku="29,2,28,2,14,1" doraHai="2" who="3" fromWho="3" sc="336,-21,166,-21,312,-41,176,93" /><INIT seed="3,0,0,1,4,58" ten="315,145,271,269" oya="3" hai0="40,98,0,63,16,110,122,48,26,13,79,74,99" hai1="61,96,109,4,36,71,20,107,25,65,133,27,73" hai2="56,3,105,132,117,116,72,128,43,127,31,75,131" hai3="104,83,114,15,129,86,39,8,67,19,12,41,49"/><W120/><G114/><T135/><D122/><U118/><E109/><V85/><F3/><W60/><G120/><T108/><D0/><U94/><E133/><V51/><F31/><W18/><G129/><N who="2" m="49737" /><F105/><W59/><G104/><T22/><D135/><U125/><E107/><V7/><F7/><W5/><G39/><T89/><D79/><U97/><E36/><V115/><F115/><W32/><G32/><T17/><D74/><N who="2" m="28202" /><F127/><W121/><G121/><T126/><D126/><U38/><E38/><V2/><F2/><W57/><G57/><T42/><D48/><U95/><E73/><V106/><F106/><W123/><G123/><T102/><D102/><U1/><E125/><V130/><F130/><W62/><G62/><T100/><D100/><U119/><E1/><V112/><F112/><W34/><G34/><T21/><D63/><U44/><E4/><V35/><F35/><W29/><G29/><T90/><D26/><U24/><E20/><V37/><F85/><W81/><G86/><T103/><D103/><U52/><E97/><V23/><F23/><W113/><G113/><T82/><D82/><N who="3" m="31241" /><G15/><AGARI ba="0,0" hai="13,15,16,17,21,22,40,42,89,90,98,99,108,110" machi="15" ten="25,3200,0" yaku="22,2,54,1" doraHai="58" who="0" fromWho="3" sc="315,32,145,0,271,0,269,-32" /><INIT seed="4,0,0,1,1,120" ten="347,145,271,237" oya="0" hai0="11,75,44,9,114,80,34,115,124,98,95,7,107" hai1="63,30,81,72,118,68,91,57,82,1,99,125,52" hai2="74,32,117,50,89,129,70,101,58,116,77,96,3" hai3="93,18,48,46,31,16,38,67,78,62,36,71,49"/><T22/><D34/><U39/><E118/><N who="2" m="45675" /><F70/><W14/><G31/><T131/><D107/><U47/><E1/><V54/><F3/><W69/><G69/><T43/><D124/><U51/><E125/><V105/><F32/><W79/><G49/><T73/><D22/><U45/><E30/><V42/><F89/><W88/><G38/><T127/><D131/><U128/><E128/><V55/><F129/><W25/><G36/><T100/><D11/><U5/><E5/><V26/><F26/><W6/><G25/><T123/><D123/><U41/><E72/><V28/><F28/><W126/><G6/><T12/><D127/><U132/><E132/><V76/><F42/><W102/><G102/><T94/><D94/><U23/><E23/><V56/><F74/><W15/><G15/><T109/><D75/><U103/><E91/><V106/><F106/><W33/><G126/><T110/><D80/><U133/><E133/><V104/><F104/><W108/><G108/><N who="0" m="41579" /><D73/><U86/><E68/><V19/><F19/><W29/><G29/><T35/><D35/><U59/><E82/><V112/><F112/><W121/><G33/><T60/><D60/><AGARI ba="0,0" hai="50,54,55,56,58,60,76,77,96,101,105" m="45675" machi="60" ten="30,1000,0" yaku="12,1" doraHai="120" who="2" fromWho="0" sc="347,-10,145,0,271,10,237,0" /><INIT seed="5,0,0,4,4,35" ten="337,145,281,237" oya="1" hai0="131,106,76,14,24,30,135,9,4,112,97,117,48" hai1="43,100,65,51,38,46,36,20,99,28,122,13,69" hai2="37,115,109,91,114,25,80,93,40,6,119,50,84" hai3="3,118,1,113,133,92,0,10,104,8,39,11,134"/><U103/><E122/><V67/><F109/><W42/><G104/><T75/><D117/><U16/><E28/><V74/><F119/><W55/><G118/><T130/><D112/><N who="2" m="43050" /><F6/><W124/><G113/><T18/><D76/><U81/><E103/><V87/><F67/><W95/><G124/><T116/><D75/><U58/><E69/><V128/><F128/><N who="0" m="49194" /><D97/><U31/><E31/><V79/><F25/><W129/><G129/><T120/><D48/><U64/><E81/><V82/><F50/><W126/><G126/><T12/><D106/><U54/><REACH who="1" step="1"/><E36/><REACH who="1" ten="337,135,281,237" step="2"/><V123/><F123/><W27/><G27/><T73/><D120/><U61/><E61/><V53/><F80/><W102/><G102/><T110/><D116/><U7/><E7/><V34/><F82/><W59/><G39/><T19/><D4/><U71/><E71/><V132/><F37/><W96/><G42/><T17/><D30/><U83/><E83/><V78/><F40/><W98/><G95/><AGARI ba="0,1" hai="13,16,20,38,43,46,51,54,58,64,65,95,99,100" machi="95" ten="30,5800,0" yaku="1,1,7,1,54,1,53,0" doraHai="35" doraHaiUra="107" who="1" fromWho="3" sc="337,0,135,68,281,0,237,-58" /><INIT seed="5,1,0,0,1,131" ten="337,203,281,179" oya="1" hai0="19,128,73,5,28,3,86,67,99,102,29,82,107" hai1="41,50,46,122,30,31,80,108,81,62,65,92,87" hai2="21,72,114,105,54,96,52,11,94,68,58,124,100" hai3="91,78,1,129,61,16,97,88,121,75,119,43,132"/><U79/><E122/><V112/><F68/><W25/><G121/><T123/><D123/><U42/><E108/><V133/><F72/><W104/><G1/><T51/><D73/><U35/><E35/><V23/><F124/><W135/><G129/><T48/><D67/><U56/><E81/><V120/><F120/><W89/><G119/><T27/><D128/><U37/><E42/><V101/><F133/><N who="3" m="51275" /><G43/><T109/><D5/><U60/><E37/><V24/><F11/><W74/><G61/><T20/><D3/><U57/><REACH who="1" step="1"/><E92/><REACH who="1" ten="337,193,281,179" step="2"/><V118/><F94/><W76/><G75/><T53/><D109/><U44/><E44/><V10/><F118/><W7/><G74/><T70/><D82/><U38/><E38/><V47/><F47/><W2/><G104/><T93/><D107/><U134/><E134/><V63/><F105/><W113/><G113/><T32/><D32/><U126/><E126/><V0/><F114/><W84/><G97/><T111/><D111/><U64/><AGARI ba="1,1" hai="30,31,41,46,50,56,57,60,62,64,65,79,80,87" machi="64" ten="20,12000,1" yaku="1,1,0,1,7,1,9,1,8,1,53,0" doraHai="131" doraHaiUra="71" who="1" fromWho="1" sc="337,-41,193,133,281,-41,179,-41" /><INIT seed="5,2,0,1,1,7" ten="296,326,240,138" oya="1" hai0="37,63,119,0,17,57,73,88,48,58,109,64,71" hai1="29,16,51,108,66,106,79,105,82,133,60,120,6" hai2="40,117,124,62,114,97,135,78,5,20,43,132,75" hai3="116,33,41,76,2,18,90,11,81,34,125,86,113"/><U98/><E120/><V101/><F117/><W21/><G113/><T69/><D109/><U123/><E123/><V95/><F114/><W19/><G125/><T127/><D73/><U121/><E121/><V100/><F124/><W129/><G129/><T93/><D37/><U80/><E133/><V42/><F5/><W8/><G116/><T14/><D0/><U30/><E108/><V32/><F32/><W126/><G126/><T39/><D39/><U44/><E6/><V47/><F100/><W46/><G2/><T25/><D25/><U134/><E134/><N who="2" m="51243" /><F20/><W28/><G34/><T10/><D119/><U122/><E122/><V118/><F62/><W22/><G33/><T91/><D91/><U59/><E82/><N who="2" m="45407" /><F118/><W15/><G28/><T9/><D127/><U53/><E98/><V87/><F87/><W85/><G85/><N who="0" m="52367" /><D71/><U89/><E89/><V107/><F107/><W92/><G81/><T115/><D69/><U3/><E106/><V74/><F74/><W77/><G77/><T128/><D128/><U94/><E105/><V99/><F99/><W72/><G72/><T49/><D115/><U56/><E94/><V67/><F67/><W65/><G65/><T110/><D110/><U70/><E3/><V12/><F12/><N who="3" m="9415" /><G76/><T104/><D104/><U24/><E70/><V50/><AGARI ba="2,0" hai="40,42,43,47,50,95,97,101" m="45407,51243" machi="50" ten="30,1100,0" yaku="20,1" doraHai="7" who="2" fromWho="2" sc="296,-5,326,-7,240,17,138,-5" /><INIT seed="6,0,0,0,0,14" ten="291,319,257,133" oya="2" hai0="26,35,40,95,8,99,100,121,133,23,5,104,135" hai1="118,34,80,117,77,65,41,134,96,57,13,83,93" hai2="84,10,116,71,132,109,51,43,28,27,122,129,9" hai3="101,128,125,39,103,47,62,89,17,3,44,86,72"/><V127/><F116/><W29/><G72/><T21/><D40/><U112/><E34/><V85/><F122/><W69/><G3/><T20/><D121/><U52/><E112/><V123/><F123/><W42/><G125/><T68/><D68/><U2/><E134/><N who="0" m="51209" /><D35/><U114/><E2/><V79/><F132/><W37/><G128/><T25/><D104/><U64/><E114/><V48/><F71/><W60/><G29/><T75/><D75/><U33/><E33/><V18/><F127/><W4/><G4/><T63/><D63/><U119/><E41/><V91/><F129/><W22/><G39/><T102/><D102/><U92/><E13/><AGARI ba="0,0" hai="5,8,13,20,21,23,25,26,95,99,100" m="51209" machi="13" ten="30,1000,0" yaku="20,1" doraHai="14" who="0" fromWho="1" sc="291,10,319,-10,257,0,133,0" /><INIT seed="7,0,0,5,0,74" ten="301,309,257,133" oya="3" hai0="45,29,83,20,40,10,65,57,110,4,88,129,21" hai1="6,93,105,18,49,72,52,3,68,98,64,127,67" hai2="101,16,81,62,63,125,107,126,35,32,7,19,2" hai3="85,71,100,91,76,135,24,11,131,119,23,50,114"/><W106/><G119/><T1/><D129/><U30/><E127/><N who="2" m="48651" /><F81/><W69/><G131/><T124/><D110/><U25/><E72/><V89/><F89/><W123/><G123/><T17/><D124/><U80/><E105/><V108/><F101/><W94/><G114/><T133/><D133/><U128/><E128/><V55/><F107/><W56/><G135/><T99/><D29/><U33/><E80/><V5/><F55/><W12/><G76/><T8/><D8/><U112/><E68/><V130/><F108/><W53/><G100/><T118/><D118/><U84/><E84/><V43/><F43/><W9/><G106/><T51/><D17/><N who="2" m="6730" /><F2/><W120/><G11/><T46/><D46/><U90/><E3/><V103/><F103/><W115/><G115/><T66/><D66/><U34/><E64/><V92/><F92/><W26/><G120/><T15/><D1/><U38/><E67/><V54/><F54/><W14/><G14/><T122/><D122/><U87/><E112/><V82/><F82/><W36/><G36/><T73/><D73/><U121/><E38/><V78/><F78/><W132/><G132/><T96/><D83/><U13/><E121/><V0/><F0/><W28/><REACH who="3" step="1"/><G26/><REACH who="3" ten="301,309,257,123" step="2"/><T31/><D15/><U111/><E25/><V97/><F130/><W102/><G102/><T48/><D10/><U61/><E13/><V42/><F7/><AGARI ba="0,1" hai="7,9,12,23,24,28,50,53,56,69,71,85,91,94" machi="7" ten="30,2900,0" yaku="1,1,7,1,53,0" doraHai="74" doraHaiUra="37" who="3" fromWho="2" sc="301,0,309,0,257,-29,123,39" /><INIT seed="7,1,0,0,3,133" ten="301,309,228,162" oya="3" hai0="112,79,14,106,30,29,54,130,69,118,134,117,60" hai1="113,132,100,4,52,25,31,122,17,24,9,76,64" hai2="72,93,34,85,99,116,16,58,90,55,96,80,48" hai3="94,61,75,135,47,57,65,131,37,97,86,126,35"/><W128/><G75/><T119/><D106/><U49/><E132/><V102/><F116/><W108/><G135/><T22/><D134/><U15/><E122/><V88/><F34/><W82/><G35/><T8/><D79/><U66/><E113/><V91/><F72/><W1/><G1/><T40/><D40/><U43/><E43/><V44/><F99/><W73/><G73/><T105/><D105/><U26/><E100/><V123/><F123/><W74/><G74/><T51/><D112/><U68/><E76/><V13/><F58/><W70/><G70/><T81/><D81/><U109/><E109/><V45/><F45/><W38/><G108/><T56/><D130/><N who="3" m="49705" /><G47/><T124/><D22/><AGARI ba="1,0" hai="13,16,22,44,48,55,80,85,88,90,91,93,96,102" machi="22" ten="30,7700,0" yaku="7,1,8,1,54,2" doraHai="133" who="2" fromWho="0" sc="301,-80,309,0,228,80,162,0" owari="221,-17.9,309,40.9,308,10.8,162,-33.8" /></mjloggm>