<mjloggm ver="2.3"><GO type="169" lobby="0"/><UN n0="%E3%81%B8%E3%81%84%E3%81%9E%E3%81%86%E3%81%95%E3%82%93" n1="%E8%B1%86%E3%83%80%E3%83%9E%E8%AD%A6%E5%AF%9F" n2="%4E%4F%2E%E2%85%A0" n3="%74%34%63%34%32%32" dan="16,16,17,16" rate="2058.29,2142.36,2211.10,2127.57" sx="M,M,M,M"/><TAIKYOKU oya="0"/><INIT seed="0,0,0,2,3,6" ten="250,250,250,250" oya="0" hai0="105,113,39,81,60,50,91,12,27,65,92,1,16" hai1="19,87,44,67,25,111,93,106,99,76,114,34,79" hai2="70,66,73,61,124,21,110,28,103,63,107,51,13" hai3="85,54,72,134,102,15,9,131,127,55,11,29,128"/><T32/><D113/><U31/><E111/><V133/><F110/><W129/><G72/><T58/><D105/><U43/><E114/><V77/><F133/><W18/><G134/><T59/><D1/><U104/><E67/><V8/><F124/><W37/><G37/><T53/><D39/><U24/><E104/><V90/><F63/><W56/><G127/><T33/><D27/><U47/><E106/><V88/><F51/><N who="3" m="30815" /><G102/><T115/><D81/><U17/><E47/><V30/><F77/><W89/><G29/><T49/><D49/><U117/><E117/><V125/><F73/><W69/><G55/><T62/><D62/><U38/><E87/><V121/><F121/><W94/><G69/><T82/><D82/><U7/><E7/><V35/><F21/><AGARI ba="0,0" hai="9,11,15,18,21,85,89,94,128,129,131" m="30815" machi="21" ten="30,7700,0" yaku="25,1,19,1,52,2" doraHai="6" who="3" fromWho="2" sc="250,0,250,0,250,-77,250,77" /><INIT seed="1,0,0,1,5,20" ten="250,250,173,327" oya="1" hai0="124,60,28,86,88,85,10,54,133,81,84,8,67" hai1="29,35,96,75,50,40,11,135,16,44,98,103,115" hai2="24,105,58,107,74,43,123,78,6,34,47,36,61" hai3="100,39,64,113,26,87,109,111,97,108,134,110,55"/><U33/><E115/><V69/><F123/><W7/><G113/><T127/><D133/><U12/><E75/><V73/><F6/><W52/><G134/><T116/><D116/><U2/><E135/><V132/><F132/><W93/><G39/><T68/><D28/><U41/><E41/><V48/><F48/><W9/><G64/><T129/><D129/><U130/><E130/><V125/><F125/><N who="0" m="48202" /><D54/><U18/><E2/><V131/><F58/><W65/><G65/><T27/><D27/><U19/><E98/><V31/><F131/><W90/><N who="3" m="27648" /><DORA hai="112" /><W0/><REACH who="3" step="1"/><G26/><REACH who="3" ten="250,250,173,317" step="2"/><T17/><D17/><U95/><REACH who="1" step="1"/><E29/><REACH who="1" ten="250,240,173,317" step="2"/><V5/><F31/><W114/><G114/><T120/><D120/><U119/><E119/><V72/><F36/><W25/><G25/><T91/><D81/><AGARI ba="0,2" hai="0,7,9,52,55,81,87,90,93,97,100" m="27648" machi="81" ten="70,8000,1" yaku="1,1,14,1,54,1,53,0" doraHai="20,112" doraHaiUra="57,126" who="3" fromWho="0" sc="250,-80,240,0,173,0,317,100" /><INIT seed="2,0,0,2,3,45" ten="170,240,173,417" oya="2" hai0="127,83,88,96,37,99,80,24,27,132,105,116,41" hai1="81,114,135,65,3,16,67,107,51,43,23,100,75" hai2="115,30,38,11,85,117,31,97,82,26,92,126,77" hai3="110,49,131,48,55,106,128,62,10,18,44,91,21"/><V47/><F117/><W59/><G106/><T123/><D123/><U134/><E114/><V40/><F115/><W29/><G110/><T124/><D116/><U15/><E3/><V118/><F118/><W19/><G10/><T119/><D119/><U39/><E39/><V7/><F26/><N who="3" m="16591" /><G91/><T98/><D41/><U6/><E6/><V54/><F54/><N who="3" m="29959" /><G62/><T73/><D37/><U112/><E112/><V52/><F52/><W57/><G57/><T2/><D2/><U113/><E113/><V17/><F17/><W90/><G90/><T46/><D46/><N who="1" m="26079" /><E100/><V111/><F126/><N who="0" m="48170" /><D132/><N who="1" m="50731" /><E107/><V13/><REACH who="2" step="1"/><F111/><REACH who="2" ten="170,240,163,417" step="2"/><W94/><G55/><T4/><D4/><U130/><E130/><V64/><F64/><W71/><G131/><T8/><D105/><U35/><E35/><V89/><AGARI ba="0,1" hai="7,11,13,30,31,38,40,47,77,82,85,89,92,97" machi="89" ten="20,3900,0" yaku="1,1,0,1,7,1,53,0" doraHai="45" doraHaiUra="56" who="2" fromWho="2" sc="170,-13,240,-13,163,49,417,-13" /><INIT seed="2,1,0,1,3,63" ten="157,227,212,404" oya="2" hai0="71,134,1,11,50,87,118,119,40,44,53,132,33" hai1="131,112,114,81,95,88,7,8,5,15,89,135,115" hai2="59,122,98,10,47,4,54,80,34,93,116,108,123" hai3="24,43,18,128,91,23,84,101,13,113,105,27,60"/><V69/><F116/><N who="0" m="44586" /><D33/><U86/><E135/><N who="0" m="51753" /><D1/><U124/><E131/><V22/><F108/><W2/><G128/><T45/><D11/><U37/><E37/><V96/><F69/><W77/><G2/><T110/><D87/><U78/><E124/><V32/><F47/><W90/><G113/><T130/><D130/><U120/><E120/><V25/><F80/><N who="3" m="47119" /><G105/><T3/><D3/><U51/><E51/><V14/><F34/><W35/><G35/><T103/><D103/><U76/><REACH who="1" step="1"/><E5/><REACH who="1" ten="157,217,212,404" step="2"/><V12/><F123/><W65/><G60/><T19/><D110/><U28/><E28/><V9/><F122/><W107/><G43/><T38/><D19/><U121/><E121/><V31/><F32/><W41/><G18/><T75/><D75/><U109/><E109/><V66/><F4/><W79/><G41/><T129/><D129/><U39/><E39/><V46/><F31/><W55/><G107/><T99/><D99/><AGARI ba="1,1" hai="7,8,15,76,78,81,86,88,89,95,99,112,114,115" machi="99" ten="40,2600,0" yaku="1,1,54,1,53,0" doraHai="63" doraHaiUra="48" who="1" fromWho="0" sc="157,-29,217,39,212,0,404,0" /><INIT seed="3,0,0,2,1,91" ten="128,256,212,404" oya="3" hai0="71,23,19,101,78,95,39,115,73,70,93,29,43" hai1="44,20,132,8,57,6,5,4,18,35,28,128,25" hai2="105,87,97,77,127,47,114,131,17,123,125,42,72" hai3="65,51,38,12,46,83,30,45,52,110,111,107,59"/><W10/><G107/><T13/><D115/><U119/><E57/><V130/><F17/><W85/><G30/><T48/><D39/><U34/><E44/><V26/><F26/><W69/><G38/><T49/><D29/><U40/><E40/><V99/><F47/><W108/><G65/><T3/><D3/><U16/><E132/><V113/><F42/><W1/><G69/><T120/><D120/><U129/><E119/><V68/><F68/><W109/><G1/><T94/><D101/><U117/><E117/><V62/><F62/><W79/><N who="3" m="27648" /><DORA hai="60" /><W90/><REACH who="3" step="1"/><G79/><REACH who="3" ten="128,256,212,394" step="2"/><T76/><D76/><U82/><E128/><V15/><F105/><W66/><G66/><T102/><D102/><U81/><E129/><V32/><F77/><W11/><G11/><T56/><D71/><U96/><E8/><V67/><F67/><W36/><G36/><T64/><D70/><U9/><E9/><V88/><F131/><W22/><G22/><T50/><D43/><U124/><E35/><V121/><F32/><W24/><G24/><T84/><D73/><U21/><E34/><V53/><F72/><W75/><G75/><T41/><D41/><U31/><E25/><V86/><F130/><W118/><G118/><T27/><D27/><U112/><E31/><V89/><F15/><W104/><G104/><T135/><D135/><U126/><E28/><V37/><F37/><W106/><G106/><T7/><D64/><U33/><E33/><V80/><F53/><W92/><G92/><T133/><D133/><U63/><E21/><V14/><F14/><W122/><G122/><RYUUKYOKU ba="0,1" sc="128,-15,256,-15,212,15,394,15" hai2="80,86,87,88,89,97,99,113,114,121,123,125,127" hai3="10,12,45,46,51,52,59,83,85,90" /><INIT seed="3,1,1,1,4,115" ten="113,241,227,409" oya="3" hai0="49,60,126,58,102,123,111,57,45,93,73,124,0" hai1="127,94,63,33,90,4,19,55,99,118,47,103,28" hai2="122,59,8,26,5,78,110,53,116,89,75,69,81" hai3="62,22,114,38,23,6,128,2,18,21,67,104,20"/><W97/><G38/><T80/><D123/><U100/><E127/><N who="0" m="48681" /><D0/><U132/><E132/><V112/><F116/><W27/><G114/><T51/><D111/><U96/><E4/><V109/><F69/><W86/><G128/><T15/><D15/><U1/><E1/><V87/><F26/><W41/><G41/><T125/><D73/><U10/><E28/><V74/><F122/><W88/><G104/><T54/><D80/><U11/><E33/><V83/><F75/><W31/><G97/><N who="0" m="59695" /><D125/><U134/><E134/><V129/><F129/><W40/><G40/><N who="0" m="24743" /><D58/><U82/><E82/><V7/><F112/><W85/><G2/><T70/><D70/><U16/><E90/><V71/><F71/><W119/><G6/><T92/><D92/><U29/><E47/><V37/><F37/><W133/><G133/><T13/><D13/><U131/><E131/><V66/><F66/><W32/><G67/><T76/><D76/><U121/><E121/><V101/><F101/><W9/><G27/><T52/><D51/><U91/><E91/><V35/><F35/><W48/><G88/><T108/><D108/><N who="2" m="41578" /><F8/><W46/><G9/><T61/><D61/><AGARI ba="1,1" hai="5,7,53,59,61,74,78,81,83,87,89" m="41578" machi="61" ten="30,1000,0" yaku="14,1" doraHai="115" who="2" fromWho="0" sc="113,-13,241,0,227,23,409,0" /><INIT seed="4,0,0,2,0,91" ten="100,241,250,409" oya="0" hai0="87,95,19,131,105,110,117,25,18,20,98,16,23" hai1="8,119,27,113,94,13,62,84,31,116,104,106,55" hai2="63,108,1,61,53,41,128,38,26,99,68,64,123" hai3="118,21,36,56,22,114,0,11,10,12,130,47,74"/><T82/><D131/><U65/><E113/><V126/><F1/><W59/><G114/><T14/><D117/><U86/><E106/><V32/><F108/><W17/><G74/><T5/><D105/><U124/><E104/><V57/><F123/><W48/><G36/><T111/><D5/><U89/><E124/><V112/><F112/><W43/><G130/><T7/><D7/><U37/><E37/><V83/><F126/><W92/><G118/><T102/><REACH who="0" step="1"/><D19/><REACH who="0" ten="90,241,250,409" step="2"/><U120/><E116/><V129/><F129/><W88/><G0/><T34/><D34/><U50/><E119/><V81/><F32/><W133/><G133/><T40/><D40/><U58/><E120/><V132/><F41/><W72/><G43/><T135/><D135/><U90/><E31/><V115/><F132/><W107/><G107/><T30/><D30/><U134/><E134/><V122/><F122/><W29/><G29/><T103/><D103/><U44/><E27/><V51/><F26/><W78/><G17/><T85/><D85/><U2/><E2/><V49/><F115/><W28/><G28/><T97/><D97/><U77/><E77/><AGARI ba="0,1" hai="14,16,18,20,23,25,77,82,87,95,98,102,110,111" machi="77" ten="40,12000,1" yaku="1,1,52,1,54,1,53,2" doraHai="91" doraHaiUra="15" who="0" fromWho="1" sc="90,130,241,-120,250,0,409,0" /><INIT seed="4,1,0,0,3,56" ten="220,121,250,409" oya="0" hai0="61,3,46,13,132,109,20,62,64,98,131,107,88" hai1="70,101,28,135,22,14,108,90,86,48,59,106,25" hai2="79,10,81,2,113,63,67,35,52,129,74,99,5" hai3="36,7,32,29,51,122,75,39,130,50,30,91,26"/><T125/><D3/><U49/><E108/><V33/><F113/><W118/><G118/><T66/><D109/><U111/><E111/><V85/><F129/><W44/><G75/><T15/><D131/><U65/><E135/><V72/><F52/><W126/><G130/><T119/><D119/><U128/><E128/><V9/><F9/><W60/><G29/><T93/><D107/><U114/><E114/><V45/><F99/><W117/><G117/><T55/><D132/><U19/><E70/><V31/><F45/><W40/><G126/><T24/><D125/><U58/><E101/><V110/><F110/><W102/><G102/><T115/><D115/><U69/><E69/><V53/><F53/><W57/><G39/><T6/><D55/><U8/><E106/><V96/><F96/><W123/><G7/><T78/><D78/><U103/><E103/><V116/><F116/><W121/><G91/><T77/><D46/><U112/><E112/><V127/><F127/><W38/><G38/><T134/><D77/><U124/><E124/><V133/><F133/><W105/><G105/><T84/><D98/><U23/><E23/><V73/><REACH who="2" step="1"/><F31/><REACH who="2" ten="220,121,240,409" step="2"/><W68/><G68/><AGARI ba="1,1" hai="2,5,10,33,35,63,67,68,72,73,74,79,81,85" machi="68" ten="40,8000,1" yaku="1,1,2,1,52,1,53,1" doraHai="56" doraHaiUra="34" who="2" fromWho="3" sc="220,0,121,0,240,93,409,-83" /><INIT seed="5,0,0,2,0,120" ten="220,121,333,326" oya="1" hai0="118,50,67,127,5,15,23,128,90,41,60,86,62" hai1="64,11,25,29,8,134,47,36,0,57,109,6,34" hai2="94,95,126,115,74,110,9,82,83,119,123,17,39" hai3="76,107,59,75,13,2,33,52,112,111,79,49,117"/><U91/><E134/><V18/><F39/><W113/><G2/><T133/><D118/><U51/><E36/><V99/><F123/><W105/><G111/><T87/><D133/><U30/><E11/><V100/><F126/><W56/><G33/><T54/><D41/><U44/><E30/><V69/><F110/><W68/><G68/><T84/><D128/><U101/><E109/><V35/><F69/><W28/><G28/><T19/><D5/><U89/><E101/><V130/><F115/><N who="3" m="44107" /><G117/><T135/><D127/><U71/><E71/><V108/><F99/><W116/><G116/><T63/><D135/><U70/><E70/><V21/><F83/><N who="3" m="45471" /><G79/><T92/><REACH who="0" step="1"/><D67/><REACH who="0" ten="210,121,333,326" step="2"/><U73/><E64/><V24/><F130/><W3/><G3/><T131/><D131/><U98/><E0/><V81/><F119/><W16/><G59/><AGARI ba="0,1" hai="15,19,23,50,54,59,60,62,63,84,86,87,90,92" machi="59" ten="40,8000,1" yaku="1,1,25,2,8,1,53,0" doraHai="120" doraHaiUra="122" who="0" fromWho="3" sc="210,90,121,0,333,0,326,-80" /><INIT seed="6,0,0,1,2,41" ten="300,121,333,246" oya="2" hai0="76,10,83,69,34,80,118,90,126,89,7,68,44" hai1="55,95,46,132,116,123,64,62,110,129,105,117,15" hai2="53,109,81,47,94,88,51,60,75,11,43,101,67" hai3="3,17,97,21,130,63,16,92,87,125,99,35,93"/><V106/><F109/><W49/><G35/><T111/><D111/><U96/><E105/><V66/><F106/><W104/><G104/><T134/><D34/><U114/><E110/><V56/><F101/><W127/><G3/><T113/><D134/><U57/><E114/><V70/><F11/><W26/><G63/><T112/><D126/><N who="3" m="48137" /><G87/><T19/><D19/><U9/><E132/><V78/><REACH who="2" step="1"/><F70/><REACH who="2" ten="300,121,323,246" step="2"/><W59/><G130/><T65/><D68/><U29/><E129/><V50/><F50/><W40/><G49/><T4/><D69/><U71/><E123/><V108/><F108/><W36/><G36/><T32/><D10/><U13/><E116/><V86/><AGARI ba="0,1" hai="43,47,51,53,56,60,66,67,75,78,81,86,88,94" machi="86" ten="20,12000,1" yaku="1,1,0,1,7,1,52,1,54,1,53,0" doraHai="41" doraHaiUra="102" who="2" fromWho="2" sc="300,-40,121,-40,323,130,246,-40" /><INIT seed="6,1,0,5,1,20" ten="260,81,453,206" oya="2" hai0="118,120,26,41,44,87,22,14,119,122,85,3,12" hai1="100,54,63,126,33,47,48,108,4,77,89,71,46" hai2="55,70,97,105,73,7,82,84,31,5,30,135,52" hai3="86,88,72,42,11,6,109,16,95,23,98,56,80"/><V76/><F135/><W2/><G109/><T49/><D3/><U29/><E108/><V67/><F73/><W112/><G72/><T64/><D64/><U121/><E126/><V128/><F128/><W90/><G42/><T113/><D113/><U92/><E121/><N who="0" m="46697" /><D12/><U8/><E77/><V110/><F110/><W36/><G112/><T78/><D14/><U93/><E100/><V61/><F97/><W43/><G56/><T39/><D49/><U127/><E127/><V96/><F96/><W62/><G62/><T75/><D75/><U114/><E114/><V28/><REACH who="2" step="1"/><F105/><REACH who="2" ten="260,81,443,206" step="2"/><W79/><G98/><T125/><D125/><U91/><E47/><V53/><AGARI ba="1,1" hai="5,7,28,30,31,52,53,55,61,67,70,76,82,84" machi="53" ten="30,11700,0" yaku="1,1,2,1,0,1,54,1,53,0" doraHai="20" doraHaiUra="134" who="2" fromWho="2" sc="260,-40,81,-40,443,130,206,-40" /><INIT seed="6,2,0,3,3,89" ten="220,41,573,166" oya="2" hai0="57,24,70,110,100,114,122,109,44,55,16,103,6" hai1="62,119,63,19,8,46,52,107,29,64,5,127,26" hai2="0,22,39,104,43,18,13,126,17,72,45,50,38" hai3="58,117,130,83,102,67,37,97,68,91,118,93,23"/><V98/><F126/><W73/><G37/><T101/><D70/><U125/><E107/><V120/><F120/><W92/><G68/><T9/><D122/><U82/><E119/><N who="3" m="45578" /><G23/><T42/><D114/><U116/><E116/><V15/><F72/><W86/><G58/><T124/><D124/><U88/><E125/><V36/><F0/><W12/><G12/><T108/><D24/><U113/><E127/><V61/><F61/><W71/><G67/><T54/><D57/><U132/><E113/><V4/><F4/><W14/><G14/><T96/><D96/><U40/><E19/><V25/><REACH who="2" step="1"/><F18/><REACH who="2" ten="220,41,563,166" step="2"/><W87/><G71/><T65/><D16/><U49/><E132/><V30/><F30/><W41/><G73/><T21/><D6/><U133/><E133/><V128/><F128/><W95/><G130/><T76/><D109/><U56/><E64/><V90/><F90/><N who="3" m="51551" /><G41/><T59/><D65/><U32/><E5/><V2/><F2/><W74/><G74/><T66/><D66/><U80/><E8/><V1/><F1/><W111/><G111/><T85/><D9/><U75/><E75/><V79/><F79/><W94/><AGARI ba="2,1" hai="87,91,92,93,94,95,97,102" m="51551,45578" machi="94" ten="30,12000,2" yaku="34,2,52,4" doraHai="89" who="3" fromWho="3" sc="220,-32,41,-32,563,-62,166,136" /><INIT seed="7,0,0,4,1,112" ten="188,9,501,302" oya="3" hai0="42,121,21,4,36,44,78,17,49,118,114,8,72" hai1="113,2,84,83,71,28,74,129,33,135,61,53,18" hai2="102,12,26,133,81,58,93,91,119,128,106,10,94" hai3="48,134,29,43,41,23,73,11,40,87,116,32,103"/><W90/><G73/><T56/><D121/><U57/><E84/><V46/><F119/><W63/><G32/><T15/><D114/><U125/><E83/><V111/><F111/><W105/><G116/><T109/><D109/><U62/><E18/><V7/><F128/><W131/><G131/><T79/><D118/><U27/><E27/><V77/><F133/><W70/><G105/><T86/><D56/><U104/><E28/><V34/><F58/><W88/><G103/><T85/><D49/><U45/><E53/><V117/><F117/><W132/><G11/><T120/><D79/><U47/><E74/><V80/><F46/><W51/><G29/><T37/><D37/><U39/><E104/><V123/><F123/><W66/><G23/><T3/><REACH who="0" step="1"/><D120/><REACH who="0" ten="178,9,501,302" step="2"/><U124/><E2/><V75/><F77/><W59/><G59/><T25/><D25/><U64/><E33/><V52/><F26/><W97/><G51/><T31/><D31/><U69/><E113/><V95/><F34/><W101/><G48/><T1/><D1/><U108/><E129/><V55/><F75/><W92/><REACH who="3" step="1"/><G101/><REACH who="3" ten="178,9,501,292" step="2"/><T68/><D68/><U98/><E108/><V60/><F10/><W16/><G16/><T127/><D127/><U5/><E5/><V24/><F106/><W19/><G19/><T14/><D14/><U30/><E30/><V54/><F102/><W20/><G20/><T89/><D89/><U65/><E39/><V38/><F38/><W130/><G130/><T6/><D6/><U99/><E57/><V22/><F7/><W122/><G122/><T13/><D13/><RYUUKYOKU ba="0,2" sc="178,10,9,10,501,-30,292,10" hai0="3,4,8,15,17,21,36,42,44,72,78,85,86" hai1="45,47,61,62,64,65,69,71,98,99,124,125,135" hai3="40,41,43,63,66,70,87,88,90,92,97,132,134" /><INIT seed="7,1,2,3,1,62" ten="188,19,471,302" oya="3" hai0="11,36,14,68,69,22,57,49,80,47,91,52,120" hai1="16,133,37,76,64,135,60,6,45,78,119,86,111" hai2="61,58,77,27,131,85,4,75,38,10,35,110,103" hai3="2,53,12,97,118,116,5,108,125,134,65,124,15"/><W55/><G97/><T25/><D120/><U33/><E111/><V122/><F131/><W9/><G108/><T13/><D69/><U128/><E128/><V89/><F38/><W46/><G46/><T66/><D36/><U99/><E119/><V95/><F122/><W123/><G123/><T79/><D91/><U105/><E33/><V100/><F110/><W19/><G65/><T121/><D68/><U31/><E31/><V73/><F35/><W70/><G70/><T87/><D121/><U29/><E29/><V92/><F27/><W43/><G43/><T0/><D0/><U17/><E6/><V114/><F114/><W94/><G94/><T41/><D11/><U23/><E37/><V18/><F18/><W81/><G81/><T83/><D83/><U132/><E45/><V98/><F77/><W44/><G44/><T107/><D107/><U102/><E86/><V113/><F113/><W88/><G88/><T127/><D127/><N who="3" m="48713" /><G134/><T50/><REACH who="0" step="1"/><D66/><REACH who="0" ten="178,19,471,302" step="2"/><U24/><REACH who="1" step="1"/><E17/><AGARI ba="1,3" hai="13,14,17,22,25,41,47,49,50,52,57,79,80,87" machi="17" ten="30,8000,1" yaku="1,1,2,1,7,1,8,1,54,1,53,0" doraHai="62" doraHaiUra="126" who="0" fromWho="1" sc="178,113,19,-83,471,0,302,0" owari="291,-10.9,-64,-56.4,471,57.1,302,10.2" /></mjloggm>