<mjloggm ver="2.3"><GO type="169" lobby="0"/><UN n0="%6E%6F%73%75%6B%65" n1="%4D%75%64%46%6C%6F%77" n2="%28%E9%83%A8%E9%95%B7%29" n3="%E3%83%A2%E3%83%AD%E3%83%98%E3%82%A4%E3%83%A4" dan="16,17,16,16" rate="2136.27,2207.24,2117.89,2169.17" sx="M,M,M,M"/><TAIKYOKU oya="0"/><INIT seed="0,0,0,4,5,14" ten="250,250,250,250" oya="0" hai0="73,66,13,6,132,96,106,104,102,32,93,108,90" hai1="26,79,122,80,51,64,52,57,31,78,84,94,101" hai2="126,117,112,39,131,3,88,81,98,24,63,124,4" hai3="34,59,111,92,62,113,11,18,37,20,107,15,91"/><T70/><D32/><U54/><E122/><V22/><F112/><W71/><G107/><T103/><D66/><U43/><E43/><V45/><F131/><W114/><G34/><T119/><D70/><U25/><E78/><V115/><F115/><W130/><G37/><T116/><D13/><U76/><E76/><V36/><F117/><N who="0" m="45130" /><D6/><U118/><E118/><V85/><F63/><W86/><G71/><T56/><D56/><U23/><E26/><V120/><F120/><W135/><G130/><T58/><D58/><U72/><E72/><V42/><F36/><W68/><G68/><T10/><D10/><U35/><E35/><V121/><F121/><W9/><G9/><T47/><D47/><U53/><REACH who="1" step="1"/><E64/><REACH who="1" ten="250,240,250,250" step="2"/><V17/><F42/><W44/><G114/><T1/><D73/><U133/><E133/><V127/><F39/><W50/><G135/><T61/><D132/><U95/><E95/><V74/><F74/><W38/><G38/><T82/><D93/><U2/><E2/><V30/><F3/><W8/><G113/><T40/><D40/><U46/><E46/><V65/><F45/><W77/><G77/><T75/><D1/><U21/><E21/><V12/><F65/><N who="3" m="39135" /><G111/><T97/><D75/><U125/><E125/><V89/><F124/><W7/><G7/><T110/><D61/><U87/><E87/><AGARI ba="0,1" hai="82,87,90,96,97,102,103,104,106,108,110" m="45130" machi="87" ten="30,2900,0" yaku="34,2" doraHai="14" who="0" fromWho="1" sc="250,39,240,-29,250,0,250,0" /><INIT seed="0,1,0,3,2,116" ten="289,211,250,250" oya="0" hai0="26,128,133,41,122,79,71,114,55,76,6,105,113" hai1="77,44,47,123,16,107,32,49,23,63,24,51,99" hai2="3,102,36,21,14,56,126,106,27,89,42,81,87" hai3="60,48,69,111,65,70,78,96,22,130,33,28,134"/><T135/><D26/><U112/><E112/><N who="0" m="43113" /><D55/><U54/><E77/><N who="0" m="29769" /><D41/><U103/><E63/><V9/><F3/><W74/><G33/><T0/><D6/><U46/><E32/><V50/><F36/><W92/><G70/><T38/><D0/><U5/><E5/><V86/><F56/><W40/><G78/><T20/><D20/><U119/><E119/><V15/><F50/><W30/><G74/><T59/><D59/><U31/><E123/><V129/><F42/><W100/><G134/><T4/><D4/><U90/><E31/><V73/><F9/><W104/><G130/><T109/><D105/><U64/><E64/><V39/><F21/><W91/><G22/><T93/><D93/><U67/><E67/><V19/><F27/><W68/><G68/><T61/><D109/><U118/><E118/><V97/><F106/><W7/><G7/><T53/><D128/><U12/><E24/><V72/><F14/><W127/><G111/><T110/><D110/><U34/><E34/><V35/><F35/><W52/><G40/><T124/><D124/><U37/><E37/><V115/><F39/><W94/><G104/><T101/><D101/><U117/><E117/><V75/><F126/><W88/><G127/><T2/><D2/><U131/><E131/><V121/><F115/><W95/><G95/><T108/><D108/><U84/><REACH who="1" step="1"/><E49/><REACH who="1" ten="289,201,250,250" step="2"/><V83/><F129/><W82/><G48/><T29/><D29/><U1/><E1/><V125/><F125/><W57/><G65/><N who="0" m="41391" /><D38/><U62/><E62/><V43/><F73/><W98/><G69/><T10/><D135/><RYUUKYOKU ba="1,1" sc="289,-15,201,15,250,-15,250,15" hai1="12,16,23,44,46,47,51,54,84,90,99,103,107" hai3="28,30,52,57,60,82,88,91,92,94,96,98,100" /><INIT seed="1,2,1,5,1,112" ten="274,216,235,265" oya="1" hai0="55,33,71,81,43,4,39,84,76,101,15,18,124" hai1="83,21,51,102,72,132,6,126,91,73,86,41,129" hai2="125,89,116,32,99,117,8,65,27,50,62,82,12" hai3="26,87,100,25,16,93,28,130,52,31,68,24,108"/><U22/><E129/><V58/><F125/><W115/><G68/><T105/><D124/><U57/><E126/><V103/><F50/><W35/><G115/><T66/><D33/><U2/><E132/><V95/><F82/><W104/><G104/><T30/><D30/><U107/><E2/><V23/><F32/><W78/><G130/><T111/><D111/><U118/><E6/><V119/><F89/><W113/><G113/><T45/><D4/><U80/><E118/><V56/><F56/><W88/><G100/><T53/><D105/><U121/><E121/><V47/><F47/><W63/><G78/><T59/><D101/><U20/><E83/><V67/><F67/><W38/><G38/><T37/><D71/><U90/><E90/><V110/><F110/><W42/><G42/><T106/><D106/><U11/><E11/><V69/><F69/><W85/><G85/><T75/><D39/><U19/><E19/><V94/><F94/><W128/><G128/><T13/><D13/><U5/><E5/><V79/><F79/><W48/><G63/><T109/><D109/><U0/><E0/><V127/><F127/><W9/><G35/><T131/><D131/><U122/><E122/><V61/><F61/><W120/><G120/><T54/><D66/><U1/><E1/><V114/><F114/><W44/><G108/><T3/><D3/><U17/><E17/><N who="2" m="8327" /><F117/><W64/><G64/><T40/><D40/><U29/><E29/><AGARI ba="2,1" hai="23,27,29,58,62,65,95,99,103,116,119" m="8327" machi="29" ten="30,3900,0" yaku="25,1,52,2" doraHai="112" who="2" fromWho="1" sc="274,0,216,-45,235,55,265,0" /><INIT seed="2,0,0,5,5,76" ten="274,171,290,265" oya="2" hai0="4,32,88,13,114,40,6,96,80,43,28,41,52" hai1="108,75,105,67,135,121,60,72,30,29,65,38,56" hai2="92,22,116,8,31,51,26,35,107,0,113,74,100" hai3="115,12,109,98,5,127,131,59,81,87,84,17,53"/><V122/><F107/><W33/><G33/><T27/><D114/><U71/><E38/><V58/><F113/><W49/><G115/><T48/><D13/><U85/><E105/><V37/><F37/><W79/><G109/><T128/><D128/><U19/><E108/><V68/><F68/><W119/><G131/><T62/><D62/><U47/><E135/><V18/><F74/><W44/><G127/><T16/><D16/><U69/><E19/><V82/><F116/><W123/><G123/><T20/><D32/><U15/><E15/><V57/><F51/><W83/><G5/><T101/><D101/><U2/><E85/><V86/><F92/><W50/><G98/><T112/><D112/><U3/><E60/><V126/><F100/><W54/><G119/><T106/><D106/><U24/><E56/><V7/><F126/><W120/><G120/><T63/><D63/><U111/><E111/><V118/><F118/><W39/><G39/><T90/><D96/><U91/><E121/><V95/><F95/><W21/><G87/><N who="0" m="50279" /><D90/><U23/><E91/><N who="2" m="51671" /><F122/><W25/><G83/><T94/><D94/><U104/><E104/><V77/><F77/><W36/><G36/><T14/><D14/><AGARI ba="0,0" hai="0,7,8,14,18,22,26,31,35,57,58" m="51671" machi="14" ten="30,2900,0" yaku="24,1,52,1" doraHai="76" who="2" fromWho="0" sc="274,-29,171,0,290,29,265,0" /><AGARI ba="0,0" hai="12,14,17,21,25,44,49,50,53,54,59,79,81,84" machi="14" ten="40,2600,0" yaku="8,1,52,1" doraHai="76" who="3" fromWho="0" sc="245,-26,171,0,319,0,265,26" /><INIT seed="2,1,0,3,1,75" ten="219,171,319,291" oya="2" hai0="80,33,86,96,38,108,69,1,59,2,52,60,131" hai1="35,72,82,116,39,133,54,18,46,5,43,8,101" hai2="114,20,97,63,62,109,76,67,123,25,13,58,10" hai3="102,4,64,26,130,118,15,113,134,70,19,91,55"/><V29/><F114/><W34/><G118/><T23/><D108/><U21/><E116/><V49/><F123/><W122/><G122/><T81/><D33/><U112/><E133/><V83/><F109/><W92/><G134/><T3/><D131/><U45/><E35/><V32/><F32/><W16/><G130/><T17/><D38/><U78/><E112/><V135/><F135/><W87/><G113/><T12/><D69/><U105/><E46/><V65/><F97/><W126/><G126/><T47/><D47/><U48/><E101/><V44/><F63/><W0/><G0/><T129/><D129/><U41/><E105/><V124/><F124/><W120/><G120/><T128/><D128/><U94/><E94/><V56/><F56/><W61/><G102/><T104/><D104/><U127/><E127/><V31/><F31/><W115/><G115/><T119/><D119/><U95/><E95/><V89/><F89/><W68/><G68/><T88/><REACH who="0" step="1"/><D96/><REACH who="0" ten="209,171,319,291" step="2"/><U27/><REACH who="1" step="1"/><E39/><REACH who="1" ten="209,161,319,291" step="2"/><V30/><F44/><W103/><G34/><T36/><D36/><U42/><E42/><V51/><F58/><W98/><G70/><T37/><D37/><U57/><E57/><V107/><F107/><W14/><G98/><T85/><D85/><U6/><E6/><V74/><F74/><W40/><G4/><T132/><D132/><U106/><E106/><V50/><F50/><W11/><G40/><T22/><D22/><U79/><E79/><V73/><F49/><W7/><G7/><T117/><D117/><U110/><E110/><V53/><F51/><W99/><G87/><RYUUKYOKU ba="1,2" sc="209,15,161,15,319,-15,291,-15" hai0="1,2,3,12,17,23,52,59,60,80,81,86,88" hai1="5,8,18,21,27,41,43,45,48,54,72,78,82" /><INIT seed="3,2,2,1,2,19" ten="224,176,304,276" oya="3" hai0="32,134,57,24,30,20,80,9,65,129,97,104,31" hai1="109,89,42,92,47,79,120,98,73,63,81,132,49" hai2="75,41,44,71,114,10,61,112,0,108,46,34,122" hai3="25,52,131,135,26,22,27,68,111,4,60,87,45"/><W58/><G68/><T37/><D37/><U17/><E120/><V125/><F34/><W102/><G135/><T85/><D134/><U99/><E132/><V107/><F108/><W84/><G131/><T21/><D129/><U113/><E113/><V33/><F33/><W15/><G111/><T70/><D9/><U124/><E124/><V6/><F125/><W103/><G4/><T1/><D1/><U74/><E109/><V94/><F44/><W64/><G15/><T29/><D29/><U127/><E127/><V90/><F107/><W110/><G110/><T51/><D51/><U40/><E73/><V121/><F75/><W76/><G22/><T43/><D43/><U8/><E63/><V95/><F95/><W50/><REACH who="3" step="1"/><G76/><REACH who="3" ten="224,176,304,266" step="2"/><T39/><D21/><U123/><E123/><V86/><F121/><W13/><G13/><T62/><D20/><U119/><E8/><V28/><F122/><W56/><G56/><T48/><D57/><U16/><E119/><V88/><F71/><W130/><G130/><T23/><D23/><U96/><REACH who="1" step="1"/><E42/><REACH who="1" ten="224,166,304,266" step="2"/><V91/><F112/><W38/><G38/><T36/><D36/><U69/><E69/><V11/><F114/><W53/><G53/><T126/><D39/><U5/><E5/><V115/><F115/><W93/><G93/><T101/><D126/><U7/><E7/><V77/><F94/><W133/><G133/><T14/><D70/><U54/><E54/><V100/><F6/><W66/><G66/><T128/><D65/><U2/><E2/><V72/><F0/><W83/><G83/><T18/><D80/><RYUUKYOKU ba="2,4" sc="224,-15,166,15,304,-15,266,15" hai1="16,17,40,47,49,74,79,81,89,92,96,98,99" hai3="25,26,27,45,50,52,58,60,64,84,87,102,103" /><INIT seed="3,3,4,4,5,78" ten="209,181,289,281" oya="3" hai0="109,51,64,4,18,43,12,8,119,41,6,35,67" hai1="128,116,19,74,135,106,21,120,30,103,5,27,94" hai2="32,95,130,68,22,10,47,33,61,101,113,131,54" hai3="123,80,77,34,65,84,73,102,2,59,45,53,14"/><W132/><G2/><T23/><D109/><U44/><E120/><V98/><F113/><W38/><G34/><T57/><D35/><U127/><E106/><V13/><F22/><W85/><G123/><T63/><D119/><U82/><E128/><N who="2" m="49195" /><F47/><W91/><G102/><T24/><D6/><U17/><E127/><V112/><F112/><W108/><G132/><T39/><D39/><U72/><E135/><V49/><F49/><W92/><G108/><T129/><D129/><U16/><E116/><V46/><F46/><W58/><G65/><N who="0" m="39151" /><D51/><U52/><E5/><N who="2" m="3279" /><F54/><W125/><G125/><T75/><D75/><U76/><E72/><V126/><F126/><W83/><G14/><T11/><D11/><U96/><E44/><V55/><F55/><W79/><REACH who="3" step="1"/><G53/><REACH who="3" ten="209,181,289,271" step="2"/><T25/><D25/><U3/><E52/><V124/><F124/><W26/><G26/><T48/><D48/><U29/><E3/><V114/><F114/><W15/><G15/><T62/><D62/><U111/><E111/><V60/><F60/><W50/><G50/><T69/><D69/><U71/><E71/><V110/><F110/><W0/><G0/><T100/><D100/><U1/><E1/><V36/><F36/><W105/><G105/><T87/><D67/><AGARI ba="3,5" hai="32,33,61,67,68,95,98,101" m="3279,49195" machi="67" ten="30,1000,0" yaku="19,1" doraHai="78" who="2" fromWho="0" sc="209,-19,181,0,289,69,271,0" /><INIT seed="4,0,0,4,2,86" ten="190,181,358,271" oya="0" hai0="85,132,6,35,63,45,50,67,83,116,127,4,64" hai1="71,89,111,129,98,29,107,32,128,76,69,75,8" hai2="65,123,78,114,74,2,34,70,84,52,73,56,41" hai3="91,105,58,68,27,109,134,15,131,95,126,49,36"/><T3/><D116/><U1/><E111/><V51/><F34/><W7/><G105/><T90/><D127/><U9/><E76/><V31/><F2/><W124/><G68/><T97/><D35/><U60/><E75/><V133/><F123/><W20/><G36/><T80/><D132/><U110/><E110/><V18/><F31/><W121/><G109/><T106/><D3/><U62/><E1/><V44/><F114/><W24/><G134/><T12/><D83/><U93/><E107/><V79/><F18/><W81/><G81/><T11/><D6/><U117/><E117/><V125/><F125/><W48/><G58/><T17/><D4/><U5/><E5/><V101/><F101/><W99/><G121/><T26/><D26/><N who="1" m="18487" /><E62/><N who="2" m="40247" /><F79/><W115/><G115/><T21/><D21/><U38/><E38/><N who="2" m="21559" /><F133/><W25/><G124/><T103/><REACH who="0" step="1"/><D63/><REACH who="0" ten="180,181,358,271" step="2"/><U53/><E60/><V46/><F46/><W10/><G27/><T37/><D37/><U22/><E22/><V118/><F118/><W23/><G25/><T130/><D130/><U28/><E128/><V120/><F120/><W13/><G131/><T92/><D92/><U135/><E93/><V57/><F57/><W87/><G126/><T33/><D33/><U94/><E129/><V43/><F56/><W40/><G20/><T59/><D59/><U19/><E135/><V96/><F73/><W119/><G24/><T47/><D47/><U61/><E71/><V30/><F74/><W82/><G119/><T77/><D77/><U14/><E69/><V100/><F78/><N who="3" m="46551" /><G40/><AGARI ba="0,1" hai="11,12,17,40,45,50,64,67,80,85,90,97,103,106" machi="40" ten="30,5800,0" yaku="1,1,7,1,52,1,53,0" doraHai="86" doraHaiUra="54" who="0" fromWho="3" sc="180,68,181,0,358,0,271,-58" /><INIT seed="4,1,0,3,1,77" ten="248,181,358,213" oya="0" hai0="113,97,130,114,125,29,70,37,89,59,134,117,92" hai1="129,75,0,62,50,58,88,82,48,74,41,4,126" hai2="26,94,108,98,66,3,51,101,20,46,131,132,13" hai3="11,16,45,31,61,79,15,135,106,119,8,12,9"/><T80/><D117/><U109/><E109/><V103/><F3/><W121/><G106/><T7/><D70/><U47/><E129/><V24/><F108/><W71/><G119/><T18/><D130/><U57/><E126/><V65/><F131/><W72/><G135/><T90/><D134/><U69/><E69/><V115/><F132/><W27/><G121/><T43/><D125/><U68/><E68/><V52/><F115/><N who="0" m="44042" /><D7/><U30/><E30/><V10/><F103/><W56/><G71/><T110/><D110/><U102/><E102/><V124/><F124/><W19/><G45/><T6/><D6/><U116/><E116/><V21/><F21/><W60/><G11/><T1/><D1/><U42/><E74/><V23/><F23/><W112/><G112/><T120/><D29/><U63/><E75/><V84/><F84/><W33/><REACH who="3" step="1"/><G56/><REACH who="3" ten="248,181,358,203" step="2"/><T53/><D120/><U55/><E58/><V111/><F111/><W28/><G28/><T39/><D59/><U64/><E64/><N who="2" m="24683" /><F20/><W122/><G122/><T5/><D39/><U99/><E57/><V22/><F22/><W25/><G25/><T85/><D37/><U14/><E47/><V91/><F24/><W100/><G100/><T67/><D67/><U95/><E63/><V133/><F133/><W44/><G44/><T128/><D128/><U40/><E62/><V87/><F26/><W107/><G107/><T78/><D43/><U104/><E41/><V96/><F101/><W105/><G105/><T86/><D53/><U38/><E55/><V81/><F52/><W32/><G32/><T35/><D35/><RYUUKYOKU ba="1,1" sc="248,-10,181,-10,358,-10,203,30" hai3="8,9,12,15,16,19,27,31,33,60,61,72,79" /><INIT seed="5,2,1,5,3,60" ten="238,171,348,233" oya="1" hai0="13,118,69,51,99,66,104,76,62,85,16,119,37" hai1="33,96,40,87,109,25,89,123,28,27,124,44,84" hai2="58,132,50,63,133,83,115,117,24,92,1,126,125" hai3="12,49,110,17,20,129,68,78,67,113,35,74,7"/><U91/><E123/><V36/><F1/><W47/><G35/><T39/><D51/><U72/><E72/><V5/><F5/><W95/><G110/><T46/><D76/><U81/><E109/><V114/><F36/><W82/><G113/><N who="2" m="43017" /><F117/><W61/><G129/><T121/><D121/><U111/><E111/><V127/><F83/><W57/><G95/><T128/><D128/><U79/><E124/><V122/><F122/><W55/><REACH who="3" step="1"/><G7/><REACH who="3" ten="238,171,348,223" step="2"/><T90/><D119/><U64/><E33/><V2/><F92/><W42/><G42/><T4/><D4/><U97/><E40/><V103/><F126/><W112/><G112/><T45/><D118/><U71/><E81/><V134/><F125/><W0/><G0/><T135/><D104/><U108/><E108/><V22/><F2/><W38/><G38/><T100/><D39/><U106/><E106/><V41/><F127/><W8/><G8/><T98/><D37/><U102/><E97/><V3/><F3/><W56/><AGARI ba="2,2" hai="12,17,20,47,49,55,56,57,61,67,68,74,78,82" machi="56" ten="30,7900,0" yaku="1,1,0,1,52,1,53,1" doraHai="60" doraHaiUra="15" who="3" fromWho="3" sc="238,-22,171,-41,348,-22,223,105" /><INIT seed="6,0,0,4,3,81" ten="216,130,326,328" oya="2" hai0="79,71,10,116,28,9,83,87,64,56,114,51,42" hai1="129,94,57,3,54,67,78,111,97,115,85,122,132" hai2="50,133,96,16,112,70,59,38,128,25,102,58,20" hai3="124,18,32,76,69,52,109,108,82,84,31,91,26"/><V34/><F112/><W130/><G69/><T5/><D114/><U19/><E111/><V39/><F70/><W2/><G2/><T121/><D121/><U62/><E129/><V29/><F128/><W40/><G40/><T77/><D71/><U63/><E132/><V36/><F133/><W100/><G130/><T101/><D28/><U11/><E122/><V27/><REACH who="2" step="1"/><F50/><REACH who="2" ten="216,130,316,328" step="2"/><W107/><G109/><T47/><D51/><U21/><E115/><V74/><F74/><W55/><G108/><T123/><D123/><U68/><E3/><V113/><F113/><W104/><G124/><T118/><D118/><U35/><E35/><V120/><F120/><W41/><G41/><T17/><D42/><U95/><E11/><V53/><F53/><W60/><G55/><T134/><D10/><U119/><E119/><V23/><F23/><W14/><G52/><T13/><D9/><U135/><E135/><V126/><F126/><W30/><G32/><T88/><D116/><U49/><E49/><V131/><F131/><W22/><G60/><T4/><D134/><U105/><E63/><V46/><F46/><W73/><G73/><T44/><D47/><U15/><E68/><V12/><F12/><W48/><G14/><T61/><D13/><U93/><E54/><V1/><F1/><W86/><G48/><T117/><D44/><U6/><E62/><V45/><F45/><W7/><G22/><T66/><D61/><U98/><E21/><V90/><F90/><W75/><G91/><T127/><D117/><U99/><E15/><V80/><F80/><W37/><G82/><RYUUKYOKU ba="0,1" sc="216,-10,130,-10,316,30,328,-10" hai2="16,20,25,27,29,34,36,38,39,58,59,96,102" /><INIT seed="6,1,1,3,3,4" ten="206,120,346,318" oya="2" hai0="81,121,12,53,35,51,68,95,72,132,86,115,45" hai1="107,15,99,6,112,92,111,89,126,21,22,87,44" hai2="17,75,113,84,104,61,69,56,39,9,11,118,32" hai3="123,49,10,29,122,7,47,28,124,76,129,57,82"/><V41/><F75/><W24/><G129/><T98/><D121/><U102/><E112/><V46/><F104/><W30/><G57/><T108/><D108/><U40/><E126/><V135/><F118/><W25/><G124/><T110/><D110/><U36/><REACH who="1" step="1"/><E111/><REACH who="1" ten="206,110,346,318" step="2"/><V65/><F113/><W67/><G123/><T133/><D115/><U2/><E2/><V74/><F135/><W26/><G122/><T5/><D133/><U13/><E13/><V117/><F117/><W100/><G26/><T119/><D132/><U55/><E55/><V128/><F128/><W50/><G25/><T79/><D119/><U33/><E33/><V94/><F32/><W3/><G24/><T85/><D35/><U64/><E64/><V71/><F65/><W125/><G67/><T42/><D53/><U116/><E116/><V14/><F14/><W101/><G125/><T70/><D12/><U88/><E88/><V54/><F54/><W93/><G3/><T16/><D70/><U62/><E62/><V130/><F61/><W109/><G109/><T103/><D68/><U114/><E114/><V66/><F66/><W120/><G120/><T97/><D42/><U37/><E37/><V27/><F69/><W131/><G131/><T83/><D51/><U52/><E52/><V78/><F71/><W80/><G50/><T48/><D48/><U77/><E77/><V91/><F130/><W59/><G76/><T73/><D79/><U20/><E20/><N who="2" m="13711" /><F56/><W105/><G59/><T18/><D45/><U63/><E63/><V34/><F34/><W134/><G134/><T90/><D90/><RYUUKYOKU ba="1,2" sc="206,-15,110,15,346,15,318,-15" hai1="6,15,21,22,36,40,44,87,89,92,99,102,107" hai2="9,11,39,41,46,74,78,84,91,94" /><INIT seed="6,2,2,5,1,23" ten="191,125,361,303" oya="2" hai0="126,30,103,20,125,65,53,96,97,33,95,18,106" hai1="27,46,104,108,19,75,15,116,3,73,48,124,62" hai2="39,80,57,101,42,114,86,92,82,34,121,5,59" hai3="11,38,17,127,58,0,85,56,49,109,76,43,134"/><V54/><F121/><W22/><G38/><T79/><D65/><U64/><E116/><V51/><F34/><W81/><G109/><T8/><D79/><U35/><E108/><V31/><F31/><W26/><G134/><T4/><D30/><U98/><E3/><V132/><F5/><W41/><G127/><N who="0" m="48651" /><D53/><U67/><E124/><V105/><F105/><W25/><G0/><N who="0" m="7" /><D33/><U52/><E67/><V40/><F39/><W6/><G6/><T14/><D97/><U102/><E35/><V7/><F7/><W87/><G11/><T83/><D83/><U77/><E77/><V112/><F80/><W84/><G43/><T135/><D135/><U100/><E100/><V119/><F40/><W1/><G1/><T66/><D66/><U115/><E115/><V60/><F42/><W123/><G123/><T110/><D110/><U55/><E55/><V120/><F132/><W90/><G41/><T21/><D21/><U71/><REACH who="1" step="1"/><E27/><REACH who="1" ten="191,115,361,303" step="2"/><V36/><F112/><W133/><G25/><T29/><D29/><U107/><E107/><AGARI ba="2,3" hai="14,18,20,95,96,103,106,107" m="7,48651" machi="107" ten="30,1000,0" yaku="18,1" doraHai="23" who="0" fromWho="1" sc="191,46,115,-16,361,0,303,0" /><INIT seed="7,0,0,5,5,133" ten="237,99,361,303" oya="3" hai0="65,121,93,63,126,70,79,27,74,83,128,29,16" hai1="7,123,15,113,125,58,101,120,129,13,77,1,115" hai2="10,34,46,45,98,54,68,67,56,78,30,62,76" hai3="44,17,104,124,26,71,18,41,24,72,81,25,100"/><W48/><G71/><T36/><D121/><U52/><E101/><V109/><F109/><W99/><REACH who="3" step="1"/><G124/><REACH who="3" ten="237,99,361,293" step="2"/><T4/><D126/><U22/><E77/><AGARI ba="0,1" hai="17,18,24,25,26,41,44,48,72,77,81,99,100,104" machi="77" ten="40,3900,0" yaku="1,1,2,1,53,0" doraHai="133" doraHaiUra="53" who="3" fromWho="1" sc="237,0,99,-39,361,0,293,49" /><INIT seed="7,1,0,5,2,71" ten="237,60,361,342" oya="3" hai0="30,52,10,78,29,93,65,12,40,121,128,6,38" hai1="7,59,111,105,106,48,55,49,109,127,116,83,36" hai2="37,24,81,22,20,129,70,104,82,73,77,80,67" hai3="27,114,58,61,57,107,101,63,25,4,45,53,74"/><W96/><G74/><T2/><D128/><U123/><E7/><V46/><F129/><W94/><G114/><T117/><D117/><U88/><E83/><V132/><F132/><W26/><G4/><T14/><D121/><U90/><E59/><V75/><F104/><W120/><G120/><T134/><D134/><U95/><E123/><V23/><F70/><W85/><G45/><T17/><D65/><U51/><E95/><V130/><F67/><W42/><G42/><T9/><D93/><U119/><E51/><V84/><F130/><W16/><G85/><T69/><D14/><U102/><E102/><V32/><F37/><W66/><G107/><T72/><D52/><U18/><E55/><V135/><F46/><W64/><G53/><T125/><D125/><U60/><E60/><V68/><F68/><W108/><G108/><T15/><D15/><U8/><E8/><V54/><F54/><W0/><G0/><T131/><D69/><U133/><E133/><V126/><F126/><W5/><G5/><T79/><D79/><U31/><E31/><N who="2" m="19559" /><F135/><W76/><G76/><T122/><D131/><U86/><E86/><V13/><F13/><W33/><G16/><T28/><D122/><U98/><E18/><V35/><F35/><AGARI ba="1,0" hai="25,26,27,33,35,57,58,61,63,64,66,94,96,101" machi="35" ten="40,2000,0" yaku="9,1" doraHai="71" who="3" fromWho="2" sc="237,0,60,0,361,-23,342,23" owari="237,-16.3,60,-44.0,338,13.8,365,46.5" /></mjloggm>