<mjloggm ver="2.3"><GO type="169" lobby="0"/><UN n0="%E3%83%A9%E3%82%A4%E3%82%AA%E3%82%B9" n1="%E3%83%94%E3%82%AC%E3%82%B7" n2="%E3%83%95%E3%82%AF%E3%83%80%E3%83%B3%E3%83%81%E3%83%A7" n3="%E7%8B%82%E6%B0%97%E3%81%AE%E7%9E%B3" dan="16,17,16,16" rate="2059.76,2196.69,2135.17,2059.86" sx="M,M,M,M"/><TAIKYOKU oya="0"/><INIT seed="0,0,0,4,1,11" ten="250,250,250,250" oya="0" hai0="32,34,53,30,3,115,91,80,112,92,96,6,71" hai1="67,133,123,108,40,63,17,14,102,2,88,70,21" hai2="114,130,135,122,89,13,26,41,73,55,65,131,19" hai3="126,105,51,43,47,119,109,106,20,48,27,82,18"/><T25/><D71/><U95/><E123/><V110/><F110/><W31/><G119/><T74/><D34/><U79/><E108/><V99/><F114/><W90/><G109/><T5/><D74/><U23/><E133/><V113/><F113/><W128/><G128/><N who="2" m="49193" /><F73/><W87/><G126/><T4/><D80/><U54/><E2/><V1/><F1/><W50/><G105/><T127/><D127/><U85/><E40/><V35/><F65/><W69/><G69/><T12/><D3/><U129/><E129/><V64/><F64/><W57/><G106/><T125/><D125/><U116/><E116/><V93/><F41/><W72/><G72/><T121/><D121/><U61/><E102/><V49/><F122/><W56/><G56/><T24/><D24/><U94/><E79/><V7/><F7/><W97/><G97/><T44/><D115/><U15/><E63/><V100/><F26/><W84/><G57/><T9/><REACH who="0" step="1"/><D112/><REACH who="0" ten="240,250,250,250" step="2"/><U101/><E70/><V134/><F35/><W39/><G82/><T76/><D76/><U42/><E67/><V83/><F83/><W78/><G78/><T104/><D104/><U120/><E120/><V66/><F134/><W118/><G118/><T132/><D132/><U29/><E95/><V37/><F93/><W111/><G111/><T0/><D0/><U59/><E101/><V16/><F100/><W10/><REACH who="3" step="1"/><G90/><REACH who="3" ten="240,250,250,240" step="2"/><T28/><D28/><U68/><E29/><V81/><F89/><W103/><G103/><T52/><D52/><U8/><E68/><V124/><F135/><W62/><G62/><T98/><D98/><RYUUKYOKU ba="0,2" sc="240,15,250,-15,250,-15,240,15" hai0="4,5,6,9,12,25,30,32,44,53,91,92,96" hai3="10,18,20,27,31,39,43,47,48,50,51,84,87" /><INIT seed="0,1,2,2,5,22" ten="255,235,235,255" oya="0" hai0="0,92,43,96,60,15,49,120,61,73,8,125,112" hai1="128,122,25,23,24,62,84,81,13,98,108,41,35" hai2="70,127,58,123,42,101,16,64,100,18,56,57,27" hai3="74,1,6,133,29,135,69,121,5,3,28,66,54"/><T102/><D120/><U37/><E122/><V126/><F123/><W2/><G74/><T38/><D38/><U71/><E108/><V129/><F42/><W55/><G121/><T45/><D112/><U51/><E128/><V79/><F79/><W59/><G69/><T11/><D73/><U106/><E37/><V34/><F70/><W9/><G66/><T78/><D125/><N who="2" m="47626" /><F64/><W113/><G113/><T99/><D78/><U31/><E13/><V93/><F93/><W36/><G36/><T95/><D0/><N who="3" m="105" /><G59/><T116/><D116/><U86/><E41/><V115/><F129/><W44/><G44/><T72/><D72/><U26/><E51/><V53/><F53/><N who="3" m="19979" /><G9/><N who="0" m="3659" /><D15/><U90/><E23/><N who="2" m="13799" /><F115/><W17/><G17/><T32/><D32/><U105/><E86/><V118/><F118/><W103/><G103/><AGARI ba="1,2" hai="43,45,49,60,61,92,95,96,99,102,103" m="3659" machi="103" ten="30,1500,0" yaku="8,1" doraHai="22" who="0" fromWho="3" sc="255,38,235,0,235,0,255,-18" /><INIT seed="0,2,0,3,4,13" ten="293,235,235,237" oya="0" hai0="115,26,20,114,76,67,105,23,129,84,35,24,133" hai1="91,132,31,49,0,83,90,88,79,72,69,119,95" hai2="92,124,16,101,3,11,125,68,110,81,100,73,1" hai3="102,78,118,12,4,135,40,47,77,17,130,14,10"/><T116/><D105/><U97/><E69/><V44/><F68/><W64/><G118/><T112/><D116/><U46/><E119/><V93/><F44/><W74/><G135/><T43/><D67/><U61/><E0/><N who="2" m="75" /><F81/><W96/><G130/><T54/><D43/><U38/><E38/><V51/><F51/><W103/><G64/><T6/><D133/><U63/><E31/><V80/><F80/><W106/><G102/><N who="2" m="39529" /><F73/><W128/><G128/><T57/><D129/><U21/><E132/><V50/><F50/><W39/><REACH who="3" step="1"/><G74/><REACH who="3" ten="293,235,235,227" step="2"/><T22/><D115/><U121/><E91/><V32/><F110/><W71/><G71/><T62/><D114/><U8/><E90/><V89/><F89/><W127/><G127/><N who="2" m="48713" /><F32/><W27/><G27/><T107/><D112/><U126/><E126/><V34/><F34/><W2/><G2/><T9/><D35/><U59/><E88/><V75/><F75/><W45/><G45/><T94/><D26/><U66/><E46/><V19/><F11/><AGARI ba="2,1" hai="4,10,11,12,14,17,39,40,47,77,78,96,103,106" machi="11" ten="30,3900,0" yaku="1,1,7,1,52,1,53,0" doraHai="13" doraHaiUra="122" who="3" fromWho="2" sc="293,0,235,0,235,-45,227,55" /><INIT seed="1,0,0,5,1,106" ten="293,235,190,282" oya="1" hai0="7,87,2,124,63,79,73,94,28,88,23,67,62" hai1="92,8,10,24,75,98,9,55,112,11,113,15,45" hai2="18,72,22,107,70,131,84,89,82,95,78,4,38" hai3="26,69,52,110,76,100,114,61,17,116,64,74,115"/><U85/><E75/><V35/><F70/><W58/><G100/><T83/><D124/><U21/><E85/><V109/><F109/><W48/><G110/><T103/><D2/><U90/><E113/><V132/><F132/><W102/><G102/><T81/><D7/><U27/><E112/><V44/><F35/><W71/><G71/><T47/><D47/><U32/><E32/><V49/><F4/><W50/><G116/><T33/><D33/><U25/><E45/><V34/><F34/><W68/><G68/><T41/><D41/><U118/><E118/><V121/><F131/><W60/><G114/><T36/><D36/><U51/><E51/><V134/><F38/><W129/><G129/><T0/><D0/><U119/><E55/><V12/><F134/><W101/><G101/><T6/><D6/><N who="1" m="3479" /><E119/><V99/><F121/><W108/><G108/><T128/><D128/><U46/><E46/><V133/><F133/><W117/><G117/><T91/><D103/><U111/><E111/><V53/><REACH who="2" step="1"/><F107/><REACH who="2" ten="293,235,180,282" step="2"/><W96/><G115/><T122/><D122/><U29/><AGARI ba="0,1" hai="9,10,11,21,24,25,27,29,90,92,98" m="3479" machi="29" ten="30,1500,0" yaku="8,1" doraHai="106" who="1" fromWho="1" sc="293,-5,235,25,180,-5,282,-5" /><INIT seed="1,1,0,0,1,33" ten="288,260,175,277" oya="1" hai0="3,36,64,134,75,133,16,97,27,24,100,93,123" hai1="21,49,106,50,74,40,102,112,71,6,41,69,109" hai2="28,95,47,98,22,19,32,119,110,99,108,103,120" hai3="85,1,44,125,2,42,17,78,131,127,132,14,90"/><U81/><E112/><V116/><F32/><W96/><G132/><N who="0" m="50795" /><D36/><U34/><E34/><V15/><F28/><W20/><G131/><T56/><D75/><U31/><E6/><V4/><F120/><W37/><G78/><T105/><D123/><U10/><E106/><V46/><F99/><W76/><G76/><T29/><D105/><U101/><E10/><V45/><REACH who="2" step="1"/><F4/><REACH who="2" ten="288,260,165,277" step="2"/><W72/><G96/><T48/><D29/><U25/><E109/><AGARI ba="1,1" hai="15,19,22,45,46,47,95,98,103,108,109,110,116,119" machi="109" ten="40,8000,1" yaku="1,1,2,1,14,1,53,1" doraHai="33" doraHaiUra="12" who="2" fromWho="1" sc="288,0,260,-83,165,93,277,0" /><INIT seed="2,0,0,5,1,30" ten="288,177,258,277" oya="2" hai0="99,63,8,58,61,108,119,52,26,104,12,125,71" hai1="67,7,106,43,79,120,103,112,115,91,32,78,17" hai2="101,117,40,107,46,16,10,122,95,110,89,92,38" hai3="36,62,0,42,22,65,134,24,105,33,37,4,69"/><V72/><F117/><W53/><G105/><T1/><D119/><U121/><E32/><V111/><F122/><N who="1" m="47209" /><E17/><V51/><F72/><W6/><G134/><T5/><D125/><U55/><E7/><V21/><F10/><W87/><G87/><T86/><D108/><N who="2" m="41514" /><F38/><W90/><G90/><T100/><D86/><U93/><E55/><V60/><F60/><W13/><G53/><T19/><D26/><U80/><E43/><V73/><F73/><W15/><G42/><T48/><REACH who="0" step="1"/><D71/><REACH who="0" ten="278,177,258,277" step="2"/><U102/><E67/><V98/><F89/><W118/><G118/><T54/><D54/><U23/><E23/><AGARI ba="0,1" hai="1,5,8,12,19,23,48,52,58,61,63,99,100,104" machi="23" ten="30,3900,0" yaku="1,1,7,1,54,1,53,0" doraHai="30" doraHaiUra="75" who="0" fromWho="1" sc="278,49,177,-39,258,0,277,0" /><INIT seed="3,0,0,3,1,9" ten="327,138,258,277" oya="3" hai0="50,67,32,46,8,34,43,116,10,97,13,107,124" hai1="48,20,16,63,86,77,54,53,125,85,36,22,12" hai2="117,64,3,45,52,56,87,90,61,96,29,11,65" hai3="83,39,131,102,81,51,40,58,25,127,123,105,38"/><W21/><G123/><T99/><D116/><U2/><E2/><V47/><F117/><W42/><G131/><T110/><D107/><U31/><E36/><V91/><F29/><W94/><G105/><T79/><D124/><U5/><E125/><V76/><F3/><W115/><G115/><T114/><D114/><U37/><E37/><V17/><F76/><W14/><G127/><T108/><D67/><N who="2" m="25674" /><F96/><N who="0" m="36938" /><D79/><U49/><E5/><V1/><F1/><W68/><G94/><T78/><D78/><U75/><E75/><V35/><F35/><W28/><G102/><T57/><D57/><U6/><E6/><V112/><F112/><W88/><G68/><T84/><D84/><N who="1" m="32363" /><E77/><V130/><F130/><W111/><G38/><T70/><D70/><U18/><E31/><V126/><F126/><W55/><G39/><T119/><D119/><U33/><E33/><V134/><F134/><W104/><G104/><T113/><D113/><U72/><E72/><V69/><F69/><W106/><G106/><T73/><D73/><U93/><E93/><N who="2" m="54495" /><F91/><W66/><G88/><T133/><D133/><U132/><E132/><V92/><F92/><W82/><G66/><T15/><D32/><U30/><E30/><V109/><F109/><N who="0" m="42090" /><D34/><U71/><E71/><V59/><F59/><W95/><G111/><T128/><D128/><U135/><E135/><V80/><F80/><W120/><G95/><T41/><D41/><N who="3" m="15977" /><G120/><T24/><D24/><N who="1" m="14343" /><E54/><V100/><F100/><W121/><G121/><T60/><D60/><U74/><E74/><V4/><F4/><W27/><G28/><T62/><D62/><RYUUKYOKU ba="0,0" sc="327,0,138,0,258,0,277,0" hai0="8,10,13,15,43,46,50" hai1="12,18,22,48,49,53,63" hai2="11,17,45,47,52,56,61" hai3="14,21,25,27,51,55,58,81,82,83" /><INIT seed="3,1,0,3,4,119" ten="327,138,258,277" oya="3" hai0="111,45,110,88,55,103,82,42,18,15,99,127,52" hai1="57,132,9,64,7,113,24,95,87,0,80,78,48" hai2="86,109,106,77,14,66,97,11,8,117,122,83,41" hai3="123,104,50,31,5,6,93,63,90,105,35,40,67"/><W69/><G123/><T19/><D127/><U23/><E113/><V36/><F109/><N who="0" m="41482" /><D103/><U70/><E132/><V4/><F117/><W72/><G72/><T28/><D28/><U124/><E124/><V22/><F66/><W39/><G39/><T101/><D101/><U29/><E70/><V120/><F22/><W43/><G6/><T126/><D126/><U89/><E64/><V26/><F26/><W25/><G5/><T46/><D18/><U130/><E130/><V33/><F33/><W108/><G108/><T10/><D45/><U20/><E57/><V54/><F11/><W71/><G71/><T51/><D99/><U58/><E58/><V61/><F41/><W112/><G112/><T38/><D38/><U115/><E115/><V49/><F61/><W59/><G40/><T76/><D76/><U12/><E48/><V128/><F36/><W118/><G118/><T81/><D81/><U100/><E100/><N who="2" m="62735" /><F128/><W102/><G102/><T85/><AGARI ba="1,0" hai="10,15,19,42,46,51,52,55,82,85,88" m="41482" machi="85" ten="30,4000,0" yaku="14,1,54,2" doraHai="119" who="0" fromWho="0" sc="327,43,138,-11,258,-11,277,-21" /><INIT seed="4,0,0,0,4,13" ten="370,127,247,256" oya="0" hai0="103,5,93,120,23,45,1,112,56,107,91,108,71" hai1="127,41,115,83,98,76,81,39,104,130,8,105,2" hai2="92,128,25,9,52,117,38,78,100,31,116,118,35" hai3="30,49,97,69,51,135,16,94,33,77,14,63,79"/><T102/><D120/><U29/><E127/><V113/><F38/><W7/><G135/><T0/><D71/><U106/><E130/><V134/><F78/><W73/><G33/><T58/><D108/><U50/><E115/><V125/><F113/><W99/><G30/><T122/><D112/><U47/><E50/><N who="3" m="18954" /><G69/><T61/><D122/><U89/><E29/><V64/><F64/><W72/><G73/><T3/><D107/><U46/><E46/><V114/><F114/><W110/><G72/><T20/><D5/><N who="1" m="1079" /><E89/><V40/><F40/><W55/><G7/><T86/><D45/><U88/><E83/><V75/><F75/><W53/><G99/><T124/><D124/><U17/><E17/><V121/><F128/><W101/><G110/><T109/><D109/><U10/><E10/><V42/><F42/><W74/><G74/><T60/><D60/><U36/><E36/><V6/><F134/><W18/><G14/><T34/><D34/><U22/><E22/><V62/><F125/><W28/><G28/><T70/><D70/><U15/><E15/><N who="2" m="5559" /><F121/><W129/><G129/><T11/><D11/><U27/><E27/><V90/><F100/><W59/><G55/><T12/><D58/><U43/><E43/><V96/><F62/><W68/><G68/><T48/><D48/><U119/><E119/><V32/><F32/><W57/><G57/><T21/><D12/><U24/><E24/><V37/><F37/><W54/><G54/><AGARI ba="0,0" hai="25,31,35,52,54,90,92,96,116,117,118" m="5559" machi="54" ten="30,2000,0" yaku="12,1,54,1" doraHai="13" who="2" fromWho="3" sc="370,0,127,0,247,20,256,-20" /><INIT seed="5,0,0,4,1,118" ten="370,127,267,236" oya="1" hai0="32,21,53,97,88,44,74,75,108,121,72,49,26" hai1="10,106,31,67,35,83,62,69,15,112,85,40,17" hai2="110,5,27,81,109,28,90,50,78,96,123,45,73" hai3="33,80,14,115,113,1,119,124,131,58,56,64,89"/><U18/><E112/><V130/><F5/><W126/><G1/><T63/><D108/><U61/><E40/><V70/><F70/><W107/><G33/><T82/><D32/><U12/><E106/><V13/><F13/><W11/><G107/><T24/><D24/><U6/><E62/><V68/><F68/><W48/><G119/><T8/><D8/><U117/><E117/><V102/><F90/><W98/><G131/><T129/><D129/><U92/><E92/><V25/><F123/><W59/><G64/><T42/><D121/><U127/><E127/><N who="3" m="48682" /><G48/><T125/><D125/><U43/><E43/><V128/><F25/><W20/><G20/><T86/><D97/><U65/><E65/><V60/><F60/><W104/><G104/><T19/><D63/><U3/><E15/><V105/><F130/><W22/><G22/><T34/><D34/><U51/><E51/><V37/><F128/><W41/><G41/><T57/><REACH who="0" step="1"/><D72/><REACH who="0" ten="360,127,267,236" step="2"/><U7/><E35/><V71/><F109/><W46/><G98/><T23/><D23/><U4/><E31/><V114/><F110/><W0/><G113/><T38/><AGARI ba="0,1" hai="19,21,26,38,42,44,49,53,57,74,75,82,86,88" machi="38" ten="20,8000,1" yaku="1,1,0,1,7,1,54,1,53,1" doraHai="118" doraHaiUra="54" who="0" fromWho="0" sc="360,90,127,-40,267,-20,236,-20" /><INIT seed="6,0,0,4,2,105" ten="450,87,247,216" oya="2" hai0="8,61,11,99,40,53,17,135,31,83,91,20,0" hai1="70,62,29,121,134,55,125,94,98,19,7,36,126" hai2="60,92,89,25,97,104,58,57,59,23,117,109,2" hai3="13,51,103,33,1,39,120,52,81,49,80,67,68"/><V24/><F117/><W6/><G120/><T74/><D0/><U116/><E116/><V48/><F2/><W133/><G33/><T85/><D74/><U127/><E121/><V12/><F104/><W47/><G1/><T42/><D135/><U9/><E134/><V22/><F12/><W129/><G133/><T4/><D31/><U93/><E36/><V26/><F109/><W95/><G39/><T71/><D99/><U28/><E93/><V21/><REACH who="2" step="1"/><F48/><REACH who="2" ten="450,87,237,216" step="2"/><W78/><G51/><T75/><D61/><AGARI ba="0,1" hai="21,22,23,24,25,26,57,58,59,60,61,89,92,97" machi="61" ten="50,12000,1" yaku="1,1,2,1,29,2,8,1,53,0" doraHai="105" doraHaiUra="107" who="2" fromWho="0" sc="450,-120,87,0,237,130,216,0" /><INIT seed="6,1,0,4,3,40" ten="330,87,367,216" oya="2" hai0="60,12,13,46,124,56,14,120,47,92,11,54,80" hai1="76,27,135,37,79,29,22,0,99,109,21,64,5" hai2="44,15,35,95,63,97,125,43,74,112,78,69,83" hai3="31,71,62,50,115,10,65,84,113,130,77,132,114"/><V52/><F125/><W55/><G132/><T18/><D124/><U16/><E37/><V131/><F35/><W89/><G130/><T104/><D120/><U30/><E109/><V19/><F112/><W23/><G77/><T101/><D104/><U61/><E135/><V90/><F131/><W24/><G10/><T82/><D101/><U57/><E29/><V59/><F69/><W91/><REACH who="3" step="1"/><G84/><REACH who="3" ten="330,87,367,206" step="2"/><T88/><D82/><U66/><E0/><V20/><F74/><W36/><G36/><T25/><D80/><U45/><E5/><V117/><F117/><W2/><G2/><T103/><D103/><U102/><E66/><V128/><F128/><W38/><G38/><T41/><D41/><U26/><REACH who="1" step="1"/><E45/><AGARI ba="1,1" hai="23,24,31,45,50,55,62,65,71,89,91,113,114,115" machi="45" ten="40,8000,1" yaku="1,1,15,1,11,1,52,1,53,0" doraHai="40" doraHaiUra="8" who="3" fromWho="1" sc="330,0,87,-83,367,0,206,93" /><INIT seed="7,0,0,5,5,16" ten="330,4,367,299" oya="3" hai0="44,78,129,71,31,102,53,67,58,51,4,10,135" hai1="97,40,9,92,32,123,15,82,106,60,66,28,116" hai2="77,52,25,94,109,36,22,120,108,87,39,119,21" hai3="69,62,14,46,134,43,19,127,104,61,124,26,84"/><W1/><G1/><T88/><D102/><N who="1" m="62799" /><E40/><V112/><F119/><W98/><G134/><T7/><D135/><U83/><E92/><V125/><F125/><N who="3" m="48203" /><G69/><T11/><D31/><U79/><E123/><V20/><F120/><W76/><G26/><T131/><D78/><U85/><E116/><V111/><F25/><W65/><G65/><T105/><D105/><U49/><E49/><V90/><F112/><W99/><G84/><T35/><D35/><U96/><E96/><N who="3" m="36906" /><G76/><T45/><D71/><N who="1" m="42439" /><E85/><V50/><REACH who="2" step="1"/><F77/><REACH who="2" ten="330,4,357,299" step="2"/><W86/><G86/><T101/><D131/><U47/><E79/><V56/><AGARI ba="0,1" hai="20,21,22,36,39,50,52,56,87,90,94,108,109,111" machi="56" ten="40,12000,2" yaku="1,1,2,1,0,1,52,3,54,1,53,0" doraHai="16" doraHaiUra="34" who="2" fromWho="2" sc="330,-30,4,-30,357,130,299,-60" owari="300,10.0,-26,-52.6,487,58.7,239,-16.1" /></mjloggm>