<mjloggm ver="2.3"><GO type="169" lobby="0"/><UN n0="%4F%56%4F" n1="%E6%9C%A8%E5%8E%9F%E8%B1%AA%E4%B8%80" n2="%E3%81%86%E3%81%A1%E3%83%BC" n3="%6B%72%62" dan="16,17,16,16" rate="2064.44,2151.92,2140.76,2209.49" sx="M,M,M,F"/><TAIKYOKU oya="0"/><INIT seed="0,0,0,2,5,87" ten="250,250,250,250" oya="0" hai0="21,26,49,60,131,73,128,119,6,88,122,14,93" hai1="57,33,40,24,3,103,72,55,20,4,68,9,92" hai2="90,23,126,97,110,53,134,22,82,86,77,70,50" hai3="58,120,8,96,1,105,67,59,83,117,36,118,121"/><T104/><D119/><U28/><E68/><V54/><F110/><W46/><G1/><T109/><D104/><U106/><E72/><V29/><F70/><W16/><G83/><T124/><D73/><U39/><E39/><V44/><F126/><W98/><G36/><T125/><D122/><N who="3" m="47209" /><G46/><T116/><D116/><N who="3" m="44649" /><G105/><T102/><D102/><U34/><E40/><V7/><F134/><W74/><G74/><T81/><D81/><U30/><E106/><V12/><F53/><W84/><G84/><N who="0" m="52359" /><D109/><U63/><E103/><V42/><F42/><W32/><G32/><T80/><D80/><U108/><E108/><V37/><F37/><W101/><G67/><T79/><D79/><U18/><E34/><V5/><F77/><W2/><G2/><T56/><D49/><U19/><E33/><V85/><F50/><W133/><G133/><T31/><D14/><U52/><E92/><V78/><F12/><N who="3" m="7175" /><G101/><T114/><D6/><U11/><REACH who="1" step="1"/><E55/><REACH who="1" ten="250,240,250,250" step="2"/><V99/><F54/><W111/><G111/><T129/><D114/><U130/><E130/><V91/><F82/><W43/><G43/><T45/><D45/><U62/><E62/><V47/><F78/><W0/><G0/><T66/><AGARI ba="0,1" hai="21,26,31,56,60,66,124,125,128,129,131" m="52359" machi="66" ten="40,7800,0" yaku="19,1,52,1,54,1" doraHai="87" who="0" fromWho="0" sc="250,88,240,-26,250,-26,250,-26" /><INIT seed="0,1,0,5,3,38" ten="338,214,224,224" oya="0" hai0="108,2,126,94,35,14,48,110,20,41,25,74,123" hai1="29,42,133,54,18,86,85,87,57,47,131,71,64" hai2="111,53,46,6,37,97,81,24,90,4,80,21,82" hai3="45,56,130,89,114,113,79,121,127,125,75,49,12"/><T69/><D123/><U93/><E131/><V109/><F90/><W10/><G130/><T8/><D69/><U117/><E117/><V44/><F97/><W3/><G3/><T62/><D74/><U135/><E29/><V107/><F107/><W105/><G121/><T100/><D126/><U11/><E64/><V92/><F92/><W28/><G28/><T99/><D2/><U98/><E71/><V59/><F37/><W55/><G105/><T51/><D35/><U36/><E18/><N who="2" m="12343" /><F44/><W96/><G79/><T95/><D62/><U77/><E11/><V119/><F46/><W104/><G75/><T124/><D124/><N who="3" m="47689" /><G56/><T73/><D73/><U67/><E67/><V31/><F31/><W22/><G22/><T66/><D95/><U32/><E32/><V40/><F119/><W83/><G104/><T1/><D66/><U27/><E77/><V101/><F101/><W132/><G132/><T134/><D1/><U118/><E118/><V60/><F40/><W5/><G96/><T76/><D76/><U17/><E98/><V13/><F13/><W112/><G89/><T128/><D134/><U70/><E70/><V43/><F43/><W120/><G120/><T84/><D41/><U19/><E135/><V0/><F0/><W102/><G102/><T103/><D100/><U72/><E72/><V23/><F23/><W61/><G61/><T34/><D34/><U33/><E133/><V50/><F60/><W91/><G91/><T58/><D103/><U65/><E36/><V7/><F59/><W116/><G116/><T16/><D99/><U26/><E57/><RYUUKYOKU ba="1,0" sc="338,-15,214,-15,224,15,224,15" hai2="4,6,7,50,53,80,81,82,109,111" hai3="5,10,12,45,49,55,83,112,113,114" /><INIT seed="1,2,0,5,3,98" ten="323,199,239,239" oya="1" hai0="129,105,91,109,32,56,73,51,87,112,133,83,134" hai1="43,47,115,66,94,72,135,34,39,92,28,12,77" hai2="111,0,64,40,22,85,13,46,88,10,65,103,35" hai3="63,5,107,58,80,132,121,128,76,59,71,102,26"/><U62/><E115/><V131/><F35/><W53/><G121/><T118/><D32/><U124/><E124/><V37/><F111/><W61/><G132/><T48/><D118/><U18/><E135/><N who="0" m="51721" /><D112/><U97/><E77/><V82/><F131/><W54/><G128/><T90/><D129/><U122/><E72/><V8/><F103/><W104/><G71/><T24/><D73/><U42/><E42/><V49/><F37/><W44/><G5/><T41/><D24/><U14/><E94/><V38/><F38/><W9/><G9/><N who="2" m="3689" /><F0/><W50/><G26/><T20/><D20/><U27/><E18/><AGARI ba="2,0" hai="13,18,22,40,46,49,64,65,82,85,88" m="3689" machi="18" ten="30,2000,0" yaku="8,1,54,1" doraHai="98" who="2" fromWho="1" sc="323,0,199,-26,239,26,239,0" /><INIT seed="2,0,0,5,4,84" ten="323,173,265,239" oya="2" hai0="132,129,13,116,30,28,120,93,5,98,29,9,85" hai1="20,39,134,67,53,47,42,83,15,36,76,57,11" hai2="128,125,86,26,2,91,59,126,97,92,33,58,32" hai3="107,111,24,55,101,71,12,104,103,81,78,87,40"/><V50/><F2/><W96/><G71/><T108/><D120/><U68/><E134/><V19/><F128/><W0/><G0/><T52/><D132/><U56/><E36/><V61/><F50/><W119/><G119/><T112/><D112/><U135/><E135/><V4/><F4/><W17/><G40/><T8/><D129/><U54/><E20/><N who="2" m="13599" /><F59/><W49/><G111/><T124/><D108/><U25/><E25/><V133/><F86/><W82/><G24/><T16/><D124/><N who="2" m="47722" /><F133/><W90/><G103/><T131/><D131/><U94/><E68/><V35/><F35/><W73/><G107/><T51/><D116/><U14/><E56/><V66/><AGARI ba="0,0" hai="32,33,58,61,66,91,92,97" m="47722,13599" machi="66" ten="30,3000,0" yaku="18,1,52,1" doraHai="84" who="2" fromWho="2" sc="323,-10,173,-10,265,30,239,-10" /><INIT seed="2,1,0,4,1,32" ten="313,163,295,229" oya="2" hai0="28,104,70,100,9,72,98,26,108,42,110,102,48" hai1="106,66,52,90,11,134,76,39,121,59,93,113,0" hai2="49,63,107,15,99,126,14,75,19,34,33,132,60" hai3="122,21,1,5,64,38,22,40,77,62,85,95,88"/><V12/><F75/><W130/><G130/><T24/><D72/><U2/><E106/><V116/><F116/><W65/><G122/><T68/><D102/><U128/><E39/><V67/><F126/><W94/><G65/><T123/><D123/><U10/><E76/><V18/><F132/><W74/><G40/><T92/><D104/><U97/><E113/><V101/><F49/><W80/><G38/><T55/><D42/><U135/><E66/><V69/><F60/><W78/><G78/><T84/><D84/><U25/><E25/><N who="0" m="9833" /><D28/><U36/><E36/><V20/><REACH who="2" step="1"/><F15/><REACH who="2" ten="313,163,285,229" step="2"/><W105/><G62/><T124/><D124/><U50/><E121/><V81/><F81/><W131/><G80/><T91/><D48/><U3/><REACH who="1" step="1"/><E128/><REACH who="1" ten="313,153,285,229" step="2"/><V47/><F47/><W43/><G131/><T8/><D110/><U115/><E115/><V112/><F112/><W111/><G111/><T117/><D108/><U109/><E109/><V45/><F45/><W119/><G119/><T27/><D117/><U89/><E89/><V53/><F53/><W30/><G88/><T61/><D91/><U29/><E29/><V86/><F86/><W6/><G30/><T51/><D27/><U82/><E82/><V73/><F73/><W103/><G74/><T87/><D87/><U31/><E31/><V23/><AGARI ba="1,2" hai="12,14,18,19,20,23,33,34,63,67,69,99,101,107" machi="23" ten="20,18000,2" yaku="1,1,0,1,7,1,9,1,53,2" doraHai="32" doraHaiUra="17" who="2" fromWho="2" sc="313,-61,153,-61,285,203,229,-61" /><INIT seed="2,2,0,5,0,130" ten="252,92,488,168" oya="2" hai0="117,44,37,102,27,72,74,84,29,15,126,129,75" hai1="18,99,30,60,5,40,7,11,3,4,91,108,83" hai2="116,16,58,90,49,56,125,53,65,61,12,66,82" hai3="93,89,59,87,111,76,113,95,128,131,25,71,50"/><V47/><F116/><W22/><G71/><T14/><D129/><N who="3" m="49737" /><G111/><T101/><D126/><U133/><E40/><V38/><F38/><W124/><G124/><T10/><D117/><U55/><E30/><V103/><F103/><W19/><G76/><T26/><D84/><U109/><E55/><V23/><F125/><W28/><G95/><T118/><D118/><U46/><E46/><V96/><F96/><W6/><G6/><T20/><D15/><U119/><E60/><V80/><F90/><W21/><G113/><T106/><D27/><U135/><E18/><V100/><F100/><W41/><G19/><T79/><D79/><U48/><E48/><V0/><F0/><W110/><G110/><N who="1" m="42602" /><E119/><V1/><F1/><W97/><G97/><T120/><D10/><U104/><E104/><V86/><F86/><W36/><G36/><T43/><D106/><U2/><E83/><V114/><F114/><W112/><G112/><T57/><D37/><U77/><E77/><V54/><F66/><W92/><G92/><T68/><D68/><U31/><E31/><V63/><AGARI ba="2,0" hai="12,16,23,47,49,53,54,56,58,61,63,65,80,82" machi="63" ten="20,7800,0" yaku="0,1,7,1,8,1,54,1" doraHai="130" who="2" fromWho="2" sc="252,-28,92,-28,488,84,168,-28" /><INIT seed="2,3,0,2,4,98" ten="224,64,572,140" oya="2" hai0="34,71,55,72,103,116,82,48,42,33,14,106,56" hai1="105,131,52,129,111,67,114,112,84,29,126,94,58" hai2="18,32,87,60,4,125,109,108,57,78,130,85,90" hai3="50,121,81,8,44,41,6,120,12,73,43,110,25"/><V74/><F32/><W124/><G110/><N who="2" m="42601" /><F130/><N who="1" m="49673" /><E105/><V86/><F125/><W93/><G124/><T77/><D71/><U13/><E126/><V35/><F35/><W36/><G43/><T80/><D42/><U66/><E29/><V69/><F69/><W0/><G25/><T16/><D116/><U39/><E13/><V113/><F4/><W63/><G63/><T49/><D80/><U75/><E75/><V17/><F90/><W76/><G50/><T65/><D49/><N who="1" m="30991" /><E111/><V62/><F113/><N who="1" m="43625" /><E39/><V115/><F115/><W107/><G12/><T91/><D34/><U70/><E70/><V97/><F74/><W99/><G107/><T128/><D33/><U127/><E127/><V88/><F78/><W15/><G15/><T27/><D77/><U59/><E59/><V28/><F28/><W5/><REACH who="3" step="1"/><G6/><REACH who="3" ten="224,64,572,130" step="2"/><T92/><D14/><U22/><E22/><V132/><F62/><W96/><G96/><T100/><D27/><U89/><AGARI ba="3,1" hai="66,67,84,89,94" m="43625,30991,49673" machi="89" ten="40,2700,0" yaku="19,1,54,1" doraHai="98" who="1" fromWho="1" sc="224,-10,64,46,572,-16,130,-10" /><INIT seed="3,0,0,1,5,34" ten="214,110,556,120" oya="3" hai0="22,132,102,25,81,94,12,1,85,6,49,116,112" hai1="23,90,69,35,3,100,120,93,39,97,9,71,18" hai2="13,84,66,16,101,27,20,92,43,21,77,33,41" hai3="19,48,130,67,96,126,8,135,128,122,36,2,109"/><W121/><G36/><T57/><D116/><U17/><E17/><V80/><F66/><W52/><G135/><T10/><D132/><U28/><E39/><V24/><F33/><W64/><G126/><T50/><D112/><U104/><E120/><V127/><F127/><W31/><G31/><T103/><D1/><U78/><E78/><V105/><F105/><W40/><G40/><T73/><D73/><U133/><E28/><N who="2" m="17415" /><F13/><W65/><G96/><AGARI ba="0,0" hai="16,21,27,41,43,77,80,84,92,96,101" m="17415" machi="96" ten="30,2000,0" yaku="8,1,54,1" doraHai="34" who="2" fromWho="3" sc="214,0,110,0,556,20,120,-20" /><INIT seed="4,0,0,1,4,119" ten="214,110,576,100" oya="0" hai0="36,103,81,107,108,43,4,122,31,71,113,34,118" hai1="66,68,98,35,47,92,15,63,114,125,50,95,82" hai2="84,110,135,39,27,99,106,40,51,61,115,134,96" hai3="104,58,70,32,54,38,89,128,109,60,72,41,117"/><T56/><D118/><U59/><E125/><V12/><F110/><W116/><G32/><T1/><D108/><U85/><E114/><V46/><F115/><W73/><G109/><T9/><D71/><U8/><E35/><V29/><F39/><W78/><G104/><T2/><D113/><U26/><E26/><V42/><F40/><W33/><G33/><T83/><D103/><U28/><E28/><V123/><F123/><W16/><G128/><T105/><D1/><U126/><E126/><V112/><F84/><W7/><G70/><T24/><D122/><U86/><E68/><V111/><F111/><W23/><G73/><T57/><D43/><U75/><E86/><V0/><F0/><W49/><G38/><T121/><D36/><U88/><E75/><V30/><F12/><W129/><G129/><T131/><D131/><U77/><E95/><V52/><F106/><W10/><G72/><T11/><D121/><U100/><E50/><V13/><F30/><W120/><G120/><T21/><D11/><U44/><REACH who="1" step="1"/><E100/><REACH who="1" ten="214,100,576,100" step="2"/><V127/><F112/><W37/><G117/><T45/><D107/><U80/><E80/><V90/><F127/><W53/><G37/><T87/><D105/><U94/><E94/><V6/><F27/><W65/><G116/><T18/><D81/><U101/><E101/><V97/><F29/><W93/><G93/><T19/><D34/><U79/><E79/><V55/><F51/><W76/><G49/><T48/><D87/><U69/><E69/><V3/><F97/><W132/><G76/><T64/><D83/><U17/><AGARI ba="0,1" hai="8,15,17,44,47,59,63,66,77,82,85,88,92,98" machi="17" ten="20,12000,2" yaku="1,1,5,1,0,1,7,1,8,1,54,1,53,1" doraHai="119" doraHaiUra="5" who="1" fromWho="1" sc="214,-60,100,130,576,-30,100,-30" /><INIT seed="5,0,0,0,5,33" ten="154,230,546,70" oya="1" hai0="40,128,57,91,6,25,47,12,126,65,131,38,63" hai1="41,43,39,124,1,66,122,15,5,74,23,96,9" hai2="104,101,102,28,58,118,34,76,83,32,120,106,133" hai3="100,99,86,27,19,103,94,60,14,127,112,109,50"/><U4/><E122/><V49/><F118/><W77/><G109/><T42/><D25/><U46/><E124/><V119/><F119/><W132/><G127/><T72/><D72/><U48/><E66/><V82/><F49/><W71/><G132/><T24/><D126/><U68/><E68/><V84/><F58/><W113/><G71/><T90/><D24/><U29/><E74/><V111/><F28/><W16/><G60/><T121/><D121/><U2/><E5/><V17/><F17/><W129/><G129/><N who="0" m="49739" /><D40/><U107/><E41/><V81/><F81/><W123/><G123/><T116/><D116/><U70/><E70/><V52/><F52/><W115/><G27/><T55/><D65/><U75/><E23/><V26/><F84/><W117/><G117/><T108/><D108/><U134/><E29/><V64/><F76/><W13/><G50/><T36/><D36/><U93/><E107/><V31/><F64/><W125/><G125/><T97/><D97/><U85/><E85/><V7/><F7/><W135/><G135/><T105/><D105/><U10/><E134/><V22/><F22/><N who="3" m="11535" /><G86/><T59/><D59/><U11/><E75/><V61/><F31/><W95/><G77/><T92/><D92/><N who="3" m="35369" /><G99/><T89/><D12/><U8/><REACH who="1" step="1"/><E39/><REACH who="1" ten="154,220,546,70" step="2"/><V114/><F120/><W98/><G98/><T37/><D37/><U110/><E110/><V18/><F111/><W87/><G87/><T35/><D6/><U56/><E56/><V80/><F106/><W67/><G67/><T53/><D53/><U62/><E62/><V30/><F61/><W130/><G130/><RYUUKYOKU ba="0,1" sc="154,10,220,10,546,-30,70,10" hai0="35,38,42,47,55,57,63,89,90,91" hai1="1,2,4,8,9,10,11,15,43,46,48,93,96" hai3="14,19,100,103,112,113,115" /><INIT seed="5,1,1,0,1,98" ten="164,230,516,80" oya="1" hai0="20,40,70,87,64,3,69,112,133,7,25,76,130" hai1="34,17,126,37,43,115,121,52,88,92,33,65,78" hai2="15,45,102,55,118,47,82,26,31,117,129,46,84" hai3="9,124,101,66,50,79,111,67,73,95,27,59,18"/><U28/><E121/><V91/><F129/><W6/><G111/><T94/><D112/><U58/><E78/><V123/><F123/><W13/><G124/><T106/><D106/><U11/><E28/><V2/><F2/><W48/><G73/><T49/><D130/><U97/><E115/><V89/><F102/><W103/><G79/><T32/><D32/><U132/><E126/><V120/><F120/><W30/><G6/><T19/><D133/><U86/><E65/><V36/><F36/><W134/><G134/><T22/><D7/><U99/><E37/><V29/><F15/><W107/><G107/><T116/><D3/><U81/><E43/><V127/><F127/><W74/><G74/><T125/><D116/><U90/><E99/><V96/><F55/><W75/><G75/><T131/><D131/><U83/><E83/><V135/><F135/><W4/><G95/><T16/><D125/><U61/><REACH who="1" step="1"/><E132/><REACH who="1" ten="164,220,516,80" step="2"/><V38/><F31/><W80/><G80/><T35/><D64/><U100/><E100/><N who="3" m="38474" /><G30/><T109/><D76/><U57/><E57/><V108/><F38/><W85/><G85/><T44/><D109/><U104/><E104/><V63/><F108/><W93/><G93/><T113/><D113/><U12/><AGARI ba="1,2" hai="11,12,17,33,34,52,58,61,81,86,88,90,92,97" machi="12" ten="30,11700,0" yaku="1,1,0,1,54,2,53,0" doraHai="98" doraHaiUra="110" who="1" fromWho="1" sc="164,-40,220,140,516,-40,80,-40" /><INIT seed="5,2,0,1,1,3" ten="124,360,476,40" oya="1" hai0="85,7,96,36,116,42,93,103,72,90,43,9,10" hai1="130,109,74,1,63,107,20,115,108,126,59,134,69" hai2="91,81,31,25,123,104,120,17,22,40,51,125,105" hai3="0,73,15,35,30,13,33,135,45,70,88,79,101"/><U65/><RYUUKYOKU type="yao9" ba="2,0" sc="124,0,360,0,476,0,40,0" hai1="1,20,59,63,65,69,74,107,108,109,115,126,130,134" /><INIT seed="5,3,0,0,5,59" ten="124,360,476,40" oya="1" hai0="127,5,111,125,124,113,112,97,20,11,87,108,86" hai1="103,41,48,16,92,21,83,53,80,63,49,64,118" hai2="7,9,134,132,54,32,30,101,28,47,33,79,62" hai3="52,130,109,34,23,89,44,13,88,25,116,10,114"/><U3/><E118/><V73/><F101/><W29/><G109/><N who="0" m="42059" /><D20/><U61/><E3/><V78/><F47/><W119/><G130/><T50/><D50/><U85/><E41/><V57/><F73/><W45/><G114/><N who="0" m="44139" /><D97/><N who="1" m="59815" /><E64/><V22/><F22/><W39/><G39/><T77/><D77/><N who="2" m="29194" /><F30/><W0/><G0/><AGARI ba="3,0" hai="0,5,11,86,87,124,125,127" m="44139,42059" machi="0" ten="40,2600,0" yaku="18,1,15,1" doraHai="59" who="0" fromWho="3" sc="124,35,360,0,476,0,40,-35" /><INIT seed="6,0,0,4,0,44" ten="159,360,476,5" oya="2" hai0="62,85,81,91,132,69,15,121,2,127,16,84,106" hai1="4,123,59,83,88,43,122,97,58,46,103,75,105" hai2="37,8,87,92,48,104,71,11,118,72,13,28,115" hai3="126,39,45,7,86,14,68,124,32,100,114,20,96"/><V125/><F37/><W128/><G68/><T99/><D2/><U113/><E113/><V135/><F104/><W131/><G32/><T23/><D121/><U134/><E134/><V36/><F36/><W117/><G117/><T102/><D132/><U56/><E4/><V6/><F71/><W9/><G114/><T50/><D127/><N who="3" m="48681" /><G86/><T54/><D85/><U94/><E83/><V25/><F72/><W70/><G70/><T89/><D69/><U79/><E79/><V76/><F118/><W18/><G45/><T111/><D62/><U52/><E75/><V12/><F135/><W80/><G80/><T74/><D111/><U112/><E112/><V65/><F65/><W107/><G39/><T109/><D109/><U129/><E129/><V95/><F115/><W47/><G47/><T30/><D74/><U90/><E43/><V66/><F66/><W17/><G17/><T101/><D30/><U40/><E40/><V27/><F27/><AGARI ba="0,0" hai="7,9,14,18,20,27,96,100,107,128,131" m="48681" machi="27" ten="30,1000,0" yaku="18,1" doraHai="44" who="3" fromWho="2" sc="159,0,360,0,476,-10,5,10" /><INIT seed="7,0,0,4,4,101" ten="159,360,466,15" oya="3" hai0="116,38,88,28,5,39,53,32,26,115,82,35,1" hai1="50,34,131,43,14,31,51,79,102,77,80,85,59" hai2="108,95,83,10,74,24,107,29,47,42,6,103,122" hai3="78,60,112,25,70,44,133,12,84,99,21,93,68"/><W13/><G133/><T91/><D116/><U130/><E34/><V55/><F107/><W118/><G118/><T69/><D69/><U16/><E31/><V11/><F55/><W135/><G135/><T117/><D117/><U0/><E0/><V114/><F108/><W90/><G112/><T36/><D115/><U124/><E124/><V71/><F71/><W119/><G119/><T15/><D1/><U110/><E110/><V127/><F127/><W134/><G134/><T64/><D64/><U58/><E102/><V94/><F11/><W96/><G70/><T76/><D35/><U109/><E79/><N who="2" m="44535" /><F103/><W106/><G44/><T2/><D2/><U132/><E109/><V30/><F30/><W98/><G106/><T86/><REACH who="0" step="1"/><D53/><REACH who="0" ten="149,360,466,15" step="2"/><U126/><E132/><V19/><F114/><W54/><G78/><T22/><D22/><U57/><E126/><V63/><F19/><N who="3" m="12479" /><G68/><T105/><D105/><U73/><E73/><V72/><F72/><W125/><G125/><T61/><D61/><U49/><REACH who="1" step="1"/><E43/><REACH who="1" ten="149,350,466,15" step="2"/><V4/><F122/><W45/><G60/><T65/><D65/><U40/><E40/><V48/><F63/><W33/><G33/><T111/><D111/><U123/><E123/><V100/><F100/><W23/><G23/><AGARI ba="0,2" hai="14,16,23,49,50,51,57,58,59,77,80,85,130,131" machi="23" ten="40,2600,0" yaku="1,1,54,1,53,0" doraHai="101" doraHaiUra="56" who="1" fromWho="3" sc="149,0,350,46,466,0,15,-26" owari="149,-25.1,396,19.6,466,56.6,-11,-51.1" /></mjloggm>