<mjloggm ver="2.3"><GO type="169" lobby="0"/><UN n0="%E3%81%AA%E3%81%88%E3%81%A8%E3%82%8B" n1="%53%75%7A%61%6B%75" n2="%43%75%74%2E%4B%65%79" n3="%6B%69%6D%38" dan="16,16,16,19" rate="2139.29,2076.93,2104.76,2290.27" sx="M,M,F,M"/><TAIKYOKU oya="0"/><INIT seed="0,0,0,2,0,69" ten="250,250,250,250" oya="0" hai0="35,21,5,85,103,15,110,47,122,125,121,29,116" hai1="80,71,84,96,42,82,102,91,114,104,59,46,56" hai2="18,10,1,97,79,9,68,16,98,127,95,39,94" hai3="117,72,87,124,25,14,92,22,120,105,28,23,54"/><T11/><D116/><U65/><E114/><V8/><F68/><W43/><G117/><T62/><D103/><U20/><E71/><V70/><F70/><W77/><G105/><T48/><D125/><U89/><E65/><V40/><F79/><W134/><G134/><T61/><D35/><U58/><E20/><V30/><F30/><W83/><G124/><T38/><D110/><U100/><E100/><V12/><F127/><W119/><G119/><T86/><D121/><U128/><E128/><V112/><F112/><W126/><G126/><T99/><D99/><U123/><E123/><V67/><F67/><W44/><G54/><T52/><D122/><U33/><E33/><V64/><F64/><W37/><G120/><T88/><D38/><U41/><REACH who="1" step="1"/><E46/><REACH who="1" ten="250,240,250,250" step="2"/><V74/><F9/><W90/><G14/><T78/><D78/><U49/><E49/><V75/><F12/><W32/><AGARI ba="0,1" hai="22,23,25,28,32,37,43,44,72,77,83,87,90,92" machi="32" ten="20,2700,0" yaku="0,1,7,1,52,1" doraHai="69" who="3" fromWho="3" sc="250,-13,240,-7,250,-7,250,37" /><INIT seed="1,0,0,2,0,6" ten="237,233,243,287" oya="1" hai0="103,84,70,76,75,72,59,46,112,122,92,105,56" hai1="48,131,118,39,10,51,13,54,42,127,101,15,5" hai2="26,35,78,28,27,1,38,119,67,93,116,23,19" hai3="32,4,68,81,124,125,66,86,2,79,9,107,21"/><U73/><E118/><V77/><F38/><W100/><G32/><T135/><D70/><U95/><E131/><V65/><F93/><W120/><G120/><T45/><D112/><U44/><E73/><V49/><F49/><W134/><G134/><T55/><D135/><U132/><E132/><V97/><F97/><W7/><G21/><T90/><D122/><U12/><E127/><N who="3" m="48714" /><G4/><T36/><D36/><U74/><E74/><V18/><F23/><W37/><G37/><T133/><D56/><U82/><E82/><V114/><F35/><W17/><G17/><T20/><D20/><U47/><REACH who="1" step="1"/><E39/><REACH who="1" ten="237,223,243,287" step="2"/><V106/><F116/><W63/><G107/><T128/><D128/><U83/><E83/><V129/><F106/><W16/><G81/><N who="0" m="45191" /><D75/><U121/><E121/><V8/><F119/><W43/><G79/><T96/><D133/><U11/><E11/><V104/><F8/><W52/><G9/><T60/><AGARI ba="0,1" hai="45,46,55,59,60,84,90,92,96,103,105" m="45191" machi="60" ten="30,1100,0" yaku="24,1" doraHai="6" who="0" fromWho="0" sc="237,21,223,-5,243,-3,287,-3" /><INIT seed="2,0,0,1,0,33" ten="258,218,240,284" oya="2" hai0="47,10,37,28,101,44,67,41,52,87,46,39,27" hai1="97,58,75,51,64,53,7,117,11,90,15,83,48" hai2="118,112,26,80,134,130,128,94,100,5,132,20,96" hai3="126,86,82,110,131,63,57,72,54,42,17,127,22"/><V59/><F118/><W9/><G110/><T14/><D67/><U50/><E117/><V111/><F112/><W123/><G123/><T89/><D101/><U49/><E64/><V81/><F111/><W0/><G72/><T71/><D71/><U19/><E75/><V91/><F59/><W4/><G42/><T74/><D74/><U108/><E108/><V68/><F68/><W35/><G35/><T66/><D66/><U23/><E97/><V21/><F5/><W40/><G40/><T102/><D102/><U113/><E113/><V129/><F20/><W78/><REACH who="3" step="1"/><G131/><REACH who="3" ten="258,218,240,274" step="2"/><T119/><D119/><U73/><E73/><V135/><REACH who="2" step="1"/><F100/><REACH who="2" ten="258,218,230,274" step="2"/><W32/><G32/><T103/><D103/><U122/><E122/><V18/><AGARI ba="0,2" hai="18,21,26,80,81,91,94,96,128,129,130,132,134,135" machi="18" ten="40,12000,1" yaku="1,1,2,1,0,1,19,1,20,1,53,0" doraHai="33" doraHaiUra="133" who="2" fromWho="2" sc="258,-40,218,-40,230,140,274,-40" /><INIT seed="2,1,0,2,4,22" ten="218,178,370,234" oya="2" hai0="26,110,75,11,49,77,5,37,51,59,33,47,14" hai1="122,125,19,80,62,99,121,12,17,117,115,38,48" hai2="88,83,87,66,133,27,55,131,6,135,91,61,132" hai3="69,36,89,84,7,13,68,63,120,76,105,8,134"/><V43/><F43/><W50/><G120/><T111/><D75/><U72/><E117/><V16/><F6/><W41/><G134/><T15/><D77/><U30/><E115/><V129/><F55/><W98/><G36/><T113/><D113/><U73/><E38/><V25/><F91/><W100/><G63/><T57/><D37/><U3/><E3/><V42/><F42/><W74/><G74/><T28/><D15/><U18/><E125/><V35/><F35/><W127/><G127/><T39/><D39/><U65/><E30/><V112/><F112/><W118/><G118/><T53/><REACH who="0" step="1"/><D49/><REACH who="0" ten="208,178,370,234" step="2"/><U10/><E48/><V45/><F45/><W102/><G76/><T44/><D44/><U9/><E73/><V97/><F97/><W0/><G13/><T94/><D94/><U67/><E99/><V78/><F78/><W32/><G50/><T79/><D79/><N who="1" m="44135" /><E12/><V82/><F82/><W64/><G0/><T108/><AGARI ba="1,1" hai="5,11,14,26,28,33,47,51,53,57,59,108,110,111" machi="108" ten="30,7900,0" yaku="1,1,0,1,14,1,52,1,53,0" doraHai="22" doraHaiUra="103" who="0" fromWho="0" sc="208,92,178,-21,370,-40,234,-21" /><INIT seed="3,0,0,5,2,111" ten="300,157,330,213" oya="3" hai0="133,129,68,3,13,47,33,49,21,56,44,76,14" hai1="43,83,67,97,81,108,19,102,37,79,18,50,2" hai2="35,90,31,132,41,52,28,9,106,85,38,107,40" hai3="8,84,6,86,57,113,120,25,98,30,96,110,82"/><W94/><G120/><T101/><D68/><U64/><E108/><V74/><F74/><W46/><G113/><T109/><D33/><U88/><E37/><V36/><F9/><W63/><G110/><T72/><D109/><U11/><E2/><V104/><F35/><W73/><G73/><T112/><D3/><U5/><E64/><V100/><F100/><W24/><G46/><T10/><D129/><U29/><E29/><V1/><F1/><W17/><G6/><T53/><D133/><U114/><E67/><V118/><F106/><W87/><G82/><T65/><D101/><U61/><E61/><V77/><F85/><W48/><G48/><T117/><D117/><U131/><E131/><V20/><F20/><N who="3" m="15623" /><G94/><T123/><D123/><U69/><E69/><V45/><F45/><W51/><G51/><T55/><D76/><U60/><E60/><V27/><F77/><W58/><G58/><N who="0" m="33071" /><D65/><U127/><E79/><V78/><F78/><W116/><G116/><T93/><D93/><N who="1" m="58671" /><E114/><V92/><F118/><W89/><G89/><T105/><D105/><U16/><E127/><V0/><F0/><W135/><G135/><T54/><D112/><U15/><E88/><V71/><F90/><W95/><G95/><T62/><D72/><U126/><E126/><V26/><F71/><W128/><G128/><T4/><D55/><U70/><E70/><V23/><F92/><W39/><G39/><T121/><D121/><U80/><E50/><V119/><F119/><W115/><G115/><T103/><D103/><U34/><E34/><V122/><F122/><W124/><G124/><RYUUKYOKU ba="0,0" sc="300,15,157,15,330,-15,213,-15" hai0="4,10,13,14,21,44,47,54,56,62" hai1="5,11,15,16,18,19,43,80,81,83" /><INIT seed="4,1,0,3,2,9" ten="315,172,315,198" oya="0" hai0="30,122,61,106,56,116,43,101,17,32,31,80,68" hai1="59,110,94,120,49,135,23,100,109,46,6,69,111" hai2="39,28,52,86,87,115,44,40,130,95,42,133,22" hai3="85,118,18,3,98,92,125,72,8,99,38,78,19"/><T74/><D116/><U71/><E120/><V27/><F130/><W51/><G118/><T113/><D122/><U11/><E135/><V41/><F133/><W82/><G125/><T36/><D113/><U63/><E23/><V15/><F115/><W66/><G66/><T114/><D114/><U5/><E100/><V119/><F119/><W35/><G35/><T79/><D68/><U104/><E104/><V105/><F105/><W1/><G38/><T84/><D32/><U76/><E76/><V131/><F131/><W134/><G134/><T16/><D74/><U83/><E83/><V102/><F39/><W10/><G72/><T7/><D7/><U53/><E94/><V108/><F108/><W70/><G70/><T21/><D17/><U75/><E75/><V25/><F25/><W0/><G51/><T112/><D112/><U55/><REACH who="1" step="1"/><E5/><REACH who="1" ten="315,162,315,198" step="2"/><V26/><F102/><W77/><G77/><T93/><D106/><U89/><E89/><V129/><F95/><W96/><G92/><T97/><D36/><U29/><E29/><V48/><F129/><W132/><G132/><T107/><D107/><U123/><E123/><V73/><F73/><W58/><G82/><T34/><D34/><U103/><E103/><V14/><F27/><W13/><G78/><T60/><D30/><U2/><AGARI ba="1,1" hai="2,6,11,46,49,53,55,59,63,69,71,109,110,111" machi="2" ten="30,2000,0" yaku="1,1,0,1,53,0" doraHai="9" doraHaiUra="128" who="1" fromWho="1" sc="315,-11,162,33,315,-6,198,-6" /><INIT seed="5,0,0,1,1,3" ten="304,195,309,192" oya="1" hai0="107,45,36,83,92,35,64,118,60,27,33,80,21" hai1="82,121,94,1,2,78,122,56,73,109,69,38,88" hai2="68,29,91,14,16,13,30,85,4,41,123,7,74" hai3="42,106,6,10,119,26,72,47,79,49,108,129,131"/><U20/><E69/><V117/><F74/><W67/><G108/><T124/><D107/><U31/><E38/><V115/><F68/><W63/><G106/><T43/><D118/><U97/><E109/><V12/><F117/><W99/><G119/><T103/><D124/><U46/><E46/><V114/><F41/><W120/><G120/><T17/><D35/><U40/><E40/><V96/><F123/><W18/><G99/><T104/><D104/><U134/><E134/><V53/><F96/><W111/><G111/><T39/><D39/><U52/><E121/><V135/><F135/><W86/><G72/><T81/><D33/><U100/><E122/><V133/><F133/><W23/><G86/><T54/><D54/><U61/><REACH who="1" step="1"/><E100/><REACH who="1" ten="304,185,309,192" step="2"/><V37/><F37/><W70/><REACH who="3" step="1"/><G79/><REACH who="3" ten="304,185,309,182" step="2"/><T65/><D103/><U84/><E84/><V126/><F85/><W51/><G51/><T66/><D36/><U57/><E57/><V22/><F126/><W0/><AGARI ba="0,2" hai="0,6,10,18,23,26,42,47,49,63,67,70,129,131" machi="0" ten="30,7900,0" yaku="1,1,0,1,52,1,53,1" doraHai="3" doraHaiUra="32" who="3" fromWho="3" sc="304,-20,185,-39,309,-20,182,99" /><INIT seed="6,0,0,2,1,103" ten="284,146,289,281" oya="2" hai0="5,20,73,134,65,40,22,125,95,30,129,117,21" hai1="111,123,135,41,115,84,127,13,99,7,16,39,48" hai2="106,47,61,120,64,45,12,90,131,78,63,133,93" hai3="44,55,70,116,6,71,83,130,108,82,54,18,1"/><V68/><F120/><W94/><G116/><T19/><D117/><U121/><E111/><V101/><F133/><W33/><G33/><T92/><D134/><U86/><E135/><V49/><F131/><W122/><G122/><T23/><D129/><U3/><E115/><V85/><F78/><W27/><G108/><T119/><D119/><U35/><E35/><V36/><F36/><W51/><G130/><T69/><D73/><U37/><E127/><V74/><F74/><W110/><G110/><T98/><D30/><U113/><E113/><V96/><F12/><W50/><G94/><T52/><D40/><U77/><E99/><V75/><F75/><W118/><G6/><T126/><D5/><U42/><E3/><V60/><REACH who="2" step="1"/><F47/><REACH who="2" ten="284,146,279,281" step="2"/><W14/><G118/><T31/><D125/><U81/><E121/><V15/><F15/><W0/><G14/><T79/><D79/><U107/><E123/><V76/><F76/><W25/><G44/><T17/><D126/><U100/><E7/><V32/><F32/><W112/><G112/><T2/><D2/><U43/><E39/><V10/><F10/><W46/><G46/><T38/><D38/><U62/><E37/><V114/><F114/><W34/><G34/><T97/><D22/><U72/><E72/><V57/><F57/><W59/><G59/><T104/><D23/><U26/><E13/><V24/><F24/><W11/><G11/><T128/><D128/><U80/><E26/><V87/><F87/><W66/><G18/><T89/><D19/><U88/><E16/><V9/><F9/><W67/><AGARI ba="0,1" hai="0,1,25,27,50,51,54,55,66,67,70,71,82,83" machi="67" ten="25,6400,0" yaku="5,1,0,1,22,2" doraHai="103" who="3" fromWho="3" sc="284,-16,146,-16,279,-32,281,74" /><INIT seed="7,0,0,2,0,129" ten="268,130,247,355" oya="3" hai0="37,72,93,131,83,39,117,44,130,26,41,132,128" hai1="70,87,59,5,103,0,15,82,135,124,52,73,102" hai2="53,69,121,20,77,101,60,19,18,67,86,133,25" hai3="118,116,40,32,48,125,96,105,47,84,27,71,57"/><W10/><G125/><T106/><D106/><U75/><E70/><V85/><F121/><W50/><G84/><T107/><D107/><U21/><E0/><V36/><F36/><W88/><G71/><T126/><D126/><U62/><E124/><V76/><F101/><W46/><G57/><T104/><D104/><U113/><E113/><V7/><F7/><W123/><G123/><T49/><D117/><U56/><E5/><V122/><F122/><W2/><G10/><T119/><D119/><U78/><E75/><V80/><F53/><W11/><G11/><T74/><D132/><U23/><E73/><N who="0" m="28265" /><D83/><U90/><E135/><V33/><F33/><W66/><G2/><T81/><D81/><U98/><E78/><V68/><F85/><W13/><G13/><T24/><D93/><U31/><E31/><V17/><F77/><W94/><G66/><T115/><D115/><U120/><E120/><V30/><REACH who="2" step="1"/><F68/><REACH who="2" ten="268,130,237,355" step="2"/><W55/><G32/><T108/><D108/><U100/><E98/><V12/><F12/><W111/><G111/><T112/><D112/><U45/><E45/><V114/><F114/><W4/><G4/><T95/><D95/><U89/><E89/><V92/><F92/><W64/><G105/><T65/><D65/><U9/><REACH who="1" step="1"/><E59/><REACH who="1" ten="268,120,237,355" step="2"/><V35/><F35/><W3/><G116/><T54/><D130/><U110/><E110/><V22/><F22/><W97/><G118/><T29/><D128/><U1/><E1/><V61/><F61/><W63/><G3/><T51/><D131/><U127/><E127/><V91/><F91/><W14/><G88/><RYUUKYOKU ba="0,2" sc="268,-15,120,15,237,15,355,-15" hai1="9,15,21,23,52,56,62,82,87,90,100,102,103" hai2="17,18,19,20,25,30,60,67,69,76,80,86,133" owari="253,5.3,135,-36.5,252,-14.8,360,46.0" /></mjloggm>