<mjloggm ver="2.3"><GO type="169" lobby="0"/><UN n0="%E3%82%B5%E3%83%96%E3%82%A2%E3%83%A9%E3%83%89" n1="%E3%83%9E%E3%83%9E%E3%83%AC%E3%83%BC%E3%83%89%E7%94%B7" n2="%73%74%61%72%E6%98%9F%E8%BE%B0" n3="%46%75%4B%61" dan="16,16,16,16" rate="2055.12,2067.41,2080.82,2083.12" sx="M,M,M,M"/><TAIKYOKU oya="0"/><INIT seed="0,0,0,3,3,66" ten="250,250,250,250" oya="0" hai0="89,40,2,47,38,94,85,73,65,68,134,43,118" hai1="14,71,45,10,9,8,75,67,90,22,117,11,44" hai2="15,36,61,97,78,110,122,48,107,88,102,41,87" hai3="27,33,132,1,58,6,106,77,16,111,17,56,72"/><T92/><D118/><U26/><E117/><V12/><F122/><W59/><G106/><T62/><D73/><U74/><E90/><V52/><F110/><W121/><G111/><T31/><D134/><U51/><E45/><V49/><F36/><W129/><G132/><T128/><D128/><U113/><E113/><V60/><F78/><W109/><G109/><T125/><D125/><U105/><E105/><V81/><F41/><W18/><G129/><T95/><D2/><U39/><E39/><V35/><F35/><W115/><G115/><T23/><D43/><U135/><E67/><V13/><REACH who="2" step="1"/><F49/><REACH who="2" ten="250,250,240,250" step="2"/><W84/><G121/><T112/><D112/><U86/><E51/><V64/><F64/><W80/><G33/><T34/><D34/><U20/><E135/><V82/><F82/><W70/><G72/><T30/><REACH who="0" step="1"/><D23/><REACH who="0" ten="240,250,240,250" step="2"/><U108/><E20/><V63/><F63/><W46/><G1/><T98/><D98/><U24/><E22/><V4/><F4/><W99/><G6/><T57/><D57/><AGARI ba="0,2" hai="12,13,15,48,52,57,60,61,81,87,88,97,102,107" machi="57" ten="40,5200,0" yaku="1,1,54,2,53,0" doraHai="66" doraHaiUra="32" who="2" fromWho="0" sc="240,-52,250,0,240,72,250,0" /><INIT seed="1,0,0,5,5,135" ten="188,250,312,250" oya="1" hai0="99,55,30,17,117,69,111,50,113,106,121,95,80" hai1="108,56,120,76,114,77,66,89,91,67,27,78,87" hai2="86,49,42,34,107,62,131,18,40,29,31,109,6" hai3="39,125,75,0,126,64,32,93,94,25,84,1,36"/><U96/><E114/><V68/><F107/><W33/><G84/><T110/><D113/><U21/><E120/><V102/><F102/><W92/><G64/><T28/><D121/><U97/><E108/><V65/><F109/><N who="0" m="41482" /><D69/><U123/><E123/><V63/><F6/><W58/><G58/><N who="0" m="33143" /><D117/><U4/><E4/><V122/><F122/><W74/><G93/><T14/><D80/><U10/><E10/><V118/><F118/><W15/><G25/><T124/><D124/><U54/><E66/><V59/><F68/><W16/><G15/><T98/><D106/><U130/><E130/><V103/><F131/><W19/><AGARI ba="0,0" hai="0,1,16,19,32,33,36,39,74,75,92,94,125,126" machi="19" ten="25,12000,2" yaku="0,1,22,2,52,2,54,1" doraHai="135" who="3" fromWho="3" sc="188,-30,250,-60,312,-30,250,120" /><INIT seed="2,0,0,4,4,45" ten="158,190,282,370" oya="2" hai0="7,118,76,17,62,101,22,130,93,134,112,69,106" hai1="44,126,88,95,40,27,87,81,77,56,100,105,121" hai2="18,37,59,23,113,128,8,79,36,60,82,135,34" hai3="15,114,6,47,66,75,26,74,127,30,124,58,67"/><V97/><F113/><W72/><G114/><T52/><D112/><U50/><E50/><V117/><BYE who="1" /><F117/><W11/><G58/><T109/><D118/><U98/><E98/><V123/><F123/><W32/><REACH who="3" step="1"/><G47/><REACH who="3" ten="158,190,282,360" step="2"/><T122/><D122/><U16/><E16/><V19/><F18/><W83/><G83/><T133/><D7/><U89/><E89/><V0/><F19/><UN n1="%E3%83%9E%E3%83%9E%E3%83%AC%E3%83%BC%E3%83%89%E7%94%B7" /><W68/><G68/><T53/><D76/><U42/><E81/><V21/><F59/><W3/><G3/><T78/><D78/><U116/><E77/><V70/><F70/><W24/><G24/><T63/><D69/><U129/><E44/><V39/><F0/><W115/><G115/><T48/><D130/><U13/><E56/><V61/><F128/><W108/><G108/><T4/><D109/><U14/><E27/><V119/><F82/><W99/><G99/><T73/><D4/><U92/><E129/><V38/><F97/><W12/><G12/><T43/><D106/><U102/><E102/><V9/><BYE who="1" /><F79/><W20/><G20/><T103/><D103/><U5/><E5/><V35/><F119/><W54/><G54/><UN n1="%E3%83%9E%E3%83%9E%E3%83%AC%E3%83%BC%E3%83%89%E7%94%B7" /><T125/><D101/><U90/><E100/><V2/><F2/><W25/><G25/><T131/><D22/><U64/><E116/><V41/><F21/><W96/><G96/><T94/><D53/><U57/><E105/><V33/><F23/><W132/><G132/><T31/><D134/><U91/><E121/><V107/><F135/><W29/><G29/><T46/><D133/><U80/><E80/><V71/><F107/><W1/><G1/><RYUUKYOKU ba="0,1" sc="158,-10,190,-10,282,-10,360,30" hai3="6,11,15,26,30,32,66,67,72,74,75,124,127" /><INIT seed="3,1,1,2,2,134" ten="148,180,272,390" oya="3" hai0="86,33,5,129,121,68,128,96,81,58,107,114,73" hai1="64,131,120,126,13,50,87,42,24,92,84,6,59" hai2="111,133,123,124,135,76,122,100,132,72,27,94,112" hai3="104,20,49,7,9,2,88,67,91,113,52,69,117"/><W32/><G117/><T98/><D121/><N who="2" m="46090" /><F27/><W55/><G113/><T102/><D68/><U116/><E120/><V75/><F112/><W77/><G77/><T39/><D39/><U97/><E131/><N who="0" m="50249" /><D33/><U125/><E116/><V21/><F21/><W115/><G32/><T12/><D114/><U101/><E24/><V19/><F19/><W45/><G115/><T60/><D96/><U8/><E64/><V54/><F54/><W109/><G104/><T11/><D73/><N who="2" m="28234" /><F76/><W110/><G20/><T99/><D107/><U70/><E70/><V83/><F83/><W36/><G55/><N who="0" m="33887" /><D102/><U38/><E38/><V79/><F79/><AGARI ba="1,1" hai="5,11,12,79,81,86,98,99" m="33887,50249" machi="79" ten="30,1000,0" yaku="19,1" doraHai="134" who="0" fromWho="2" sc="148,23,180,0,272,-13,390,0" /><INIT seed="4,0,0,3,0,117" ten="171,180,259,390" oya="0" hai0="102,9,93,133,67,34,30,38,75,43,0,24,79" hai1="125,131,44,77,10,2,95,16,4,72,124,127,55" hai2="3,76,78,65,126,105,37,121,48,22,56,86,114" hai3="85,59,33,74,1,7,115,26,118,50,17,15,70"/><T128/><D128/><U110/><E110/><V45/><BYE who="1" /><F3/><W108/><G108/><T42/><D133/><U35/><E35/><V19/><F105/><W18/><G70/><T28/><D28/><U87/><E87/><V47/><F121/><W97/><G74/><T104/><D93/><U14/><E14/><V41/><F114/><W98/><G18/><T113/><D43/><UN n1="%E3%83%9E%E3%83%9E%E3%83%AC%E3%83%BC%E3%83%89%E7%94%B7" /><U54/><E131/><V129/><F129/><W69/><G69/><T107/><D67/><U52/><E95/><V134/><F126/><W89/><G1/><T11/><D11/><U112/><E112/><V57/><F134/><W83/><G7/><T111/><D102/><U62/><E16/><V66/><F45/><W68/><G68/><T120/><D120/><U21/><E21/><V132/><F37/><W60/><G50/><T91/><D91/><U122/><E122/><V13/><F132/><W46/><G46/><N who="0" m="23895" /><D111/><U27/><E27/><V51/><F51/><W5/><G5/><N who="0" m="1191" /><D113/><U8/><E8/><V116/><F65/><W25/><G115/><T92/><D92/><U29/><E29/><V40/><F40/><W109/><G109/><T90/><D90/><U63/><REACH who="1" step="1"/><E44/><REACH who="1" ten="171,170,259,390" step="2"/><V71/><F47/><W130/><G17/><T6/><D6/><U20/><E20/><V103/><F22/><W32/><G15/><T100/><D100/><U96/><E96/><V36/><F103/><W23/><G97/><T101/><D101/><U73/><E73/><V58/><F13/><W119/><G98/><T88/><D88/><U39/><E39/><V61/><F36/><W123/><G89/><RYUUKYOKU ba="0,1" sc="171,15,170,15,259,-15,390,-15" hai0="24,30,34,75,79,104,107" hai1="2,4,10,52,54,55,62,63,72,77,124,125,127" /><INIT seed="4,1,1,3,3,35" ten="186,185,244,375" oya="0" hai0="92,70,45,89,39,9,84,112,65,23,76,47,52" hai1="13,131,49,25,5,80,133,77,11,50,46,48,36" hai2="3,40,119,26,110,100,57,8,16,58,37,102,132" hai3="95,61,68,124,129,103,97,114,75,115,19,113,118"/><T82/><D112/><U17/><E131/><V1/><F110/><W10/><G129/><T41/><D9/><U108/><E108/><V14/><F132/><W107/><G124/><T123/><D23/><BYE who="2" /><UN n2="%73%74%61%72%E6%98%9F%E8%BE%B0" /><U71/><E71/><V88/><BYE who="1" /><F119/><W54/><G75/><T130/><D130/><U32/><E32/><V21/><F37/><W135/><G135/><T18/><D18/><U72/><E72/><V81/><F40/><W6/><G19/><T117/><D117/><U134/><E134/><V56/><F1/><N who="3" m="335" /><G118/><UN n1="%E3%83%9E%E3%83%9E%E3%83%AC%E3%83%BC%E3%83%89%E7%94%B7" /><T0/><D0/><U12/><E12/><BYE who="1" /><V106/><F106/><W22/><G22/><T73/><D123/><U30/><E30/><N who="2" m="17743" /><F3/><W111/><G111/><T38/><D38/><U64/><E64/><V28/><F28/><W90/><G68/><T127/><D127/><U27/><E27/><V78/><F78/><W109/><G109/><T94/><D65/><U31/><E31/><V63/><F63/><W20/><G20/><T67/><D67/><U120/><E120/><V51/><F51/><W98/><G54/><T66/><D66/><U86/><E86/><AGARI ba="1,1" hai="8,14,16,56,57,58,81,86,88,100,102" m="17743" machi="86" ten="30,3900,0" yaku="8,1,54,2" doraHai="35" who="2" fromWho="1" sc="186,0,185,-42,244,52,375,0" /><INIT seed="5,0,0,3,5,105" ten="186,143,296,375" oya="1" hai0="114,29,52,132,77,79,8,67,11,13,107,81,49" hai1="9,128,131,123,53,17,33,54,116,108,117,58,28" hai2="60,97,74,129,12,88,66,85,44,112,24,121,51" hai3="50,124,100,7,125,87,82,47,26,110,115,101,122"/><U103/><E103/><V94/><F121/><W90/><G115/><T135/><D107/><U4/><E4/><V59/><F129/><W134/><G110/><T64/><D114/><U36/><E36/><V65/><F112/><W10/><G122/><T38/><D38/><U31/><E31/><V119/><F119/><W89/><G26/><T23/><D79/><U75/><E75/><V32/><F74/><W72/><G134/><N who="0" m="51243" /><D29/><U76/><E76/><V25/><F32/><W43/><G72/><N who="0" m="43175" /><D23/><U55/><E55/><V16/><F97/><W61/><G90/><T95/><D95/><U5/><E5/><V102/><F102/><W62/><G101/><T0/><D0/><U19/><E19/><V39/><F66/><N who="0" m="25130" /><D13/><U78/><E78/><V70/><F70/><W63/><REACH who="3" step="1"/><G100/><REACH who="3" ten="186,143,296,365" step="2"/><T71/><D71/><U98/><E98/><V14/><F39/><W99/><G99/><T120/><D120/><U113/><E113/><V27/><REACH who="2" step="1"/><F16/><REACH who="2" ten="186,143,286,365" step="2"/><W106/><G106/><T6/><D6/><U86/><E86/><V127/><F127/><W34/><G34/><T80/><D80/><U41/><E41/><AGARI ba="0,2" hai="12,14,24,25,27,41,44,51,59,60,65,85,88,94" machi="41" ten="40,5200,0" yaku="1,1,8,1,54,1,53,0" doraHai="105" doraHaiUra="73" who="2" fromWho="1" sc="186,0,143,-52,286,72,365,0" /><INIT seed="6,0,0,3,1,100" ten="186,91,358,365" oya="2" hai0="93,123,30,41,34,31,9,45,129,49,64,48,15" hai1="69,47,85,8,80,97,36,14,117,32,51,76,74" hai2="53,81,56,11,95,127,91,39,57,3,118,121,99" hai3="103,116,4,79,42,134,43,40,125,60,13,2,28"/><V89/><F121/><W111/><G116/><T102/><D129/><U120/><E120/><V24/><F118/><W61/><G111/><T82/><D34/><U86/><E86/><V63/><F39/><W94/><G2/><T0/><D0/><U5/><E5/><V72/><F127/><W37/><G125/><T26/><D26/><U21/><E21/><V68/><F68/><W133/><G37/><T35/><D64/><U130/><E130/><V18/><F3/><W55/><G79/><T87/><D35/><U126/><E126/><V70/><F70/><W124/><G28/><T132/><D49/><U17/><E17/><V98/><F72/><W128/><G128/><T20/><D20/><U92/><E92/><V6/><F6/><W65/><G55/><T12/><D12/><U90/><E90/><V22/><F11/><N who="3" m="4327" /><G65/><T66/><D66/><U58/><E58/><N who="2" m="35279" /><F99/><N who="3" m="59895" /><G124/><T106/><D106/><U112/><E112/><V105/><F105/><W67/><G67/><T109/><D109/><U7/><E7/><V59/><F59/><W84/><G84/><AGARI ba="0,0" hai="18,22,24,56,57,81,84,89,91,95,98" m="35279" machi="84" ten="30,2900,0" yaku="25,1,8,1" doraHai="100" who="2" fromWho="3" sc="186,0,91,0,358,29,365,-29" /><INIT seed="6,1,0,0,5,99" ten="186,91,387,336" oya="2" hai0="23,111,92,70,26,4,28,35,36,117,17,95,67" hai1="60,124,2,48,107,7,87,43,56,80,134,81,14" hai2="5,9,45,39,100,31,90,84,20,42,62,50,55" hai3="49,27,114,116,102,129,25,113,121,61,16,127,93"/><V19/><F31/><W97/><G121/><T30/><D36/><U57/><E57/><V105/><F62/><W22/><G116/><T131/><D111/><U8/><E8/><V130/><F130/><W65/><G129/><T64/><D131/><U89/><E89/><V72/><F72/><W13/><G127/><T110/><D110/><U47/><E47/><V12/><F105/><W88/><G49/><T122/><D122/><U78/><E78/><V126/><F126/><W15/><G15/><T132/><D132/><U41/><E41/><V128/><F128/><W1/><G1/><T79/><D79/><U0/><E0/><V74/><F74/><W104/><G113/><T120/><D30/><U10/><E10/><V51/><F100/><W18/><G18/><T40/><D40/><U86/><E86/><V133/><F133/><W11/><G114/><T82/><D120/><U68/><E68/><V58/><F39/><W69/><REACH who="3" step="1"/><G11/><REACH who="3" ten="186,91,387,326" step="2"/><T59/><D117/><U135/><E135/><V94/><F9/><W73/><G73/><T52/><D17/><U76/><E76/><V54/><F5/><W32/><G32/><T21/><D4/><U77/><E77/><V96/><F42/><W29/><G29/><T33/><D33/><U106/><E106/><V24/><F12/><W6/><G6/><T108/><D35/><U103/><E103/><V112/><F112/><W109/><G109/><T46/><D108/><U125/><E125/><V34/><F34/><W53/><G53/><T83/><D28/><U3/><E3/><V44/><F55/><W38/><G38/><RYUUKYOKU ba="1,1" sc="186,-10,91,-10,387,-10,326,30" hai3="13,16,22,25,27,61,65,69,88,93,97,102,104" /><INIT seed="7,2,1,4,1,1" ten="176,81,377,356" oya="3" hai0="48,65,120,91,39,88,107,47,113,34,28,0,84" hai1="133,32,24,121,83,94,76,71,96,49,38,99,118" hai2="20,108,110,103,43,62,35,58,93,51,52,53,132" hai3="16,21,128,114,70,37,19,11,64,80,31,18,40"/><W106/><G106/><T23/><D39/><U97/><E97/><N who="2" m="59823" /><F35/><W122/><G122/><T9/><D34/><U29/><E29/><V66/><F108/><W61/><G128/><T4/><D107/><U14/><E14/><V67/><F110/><W45/><G114/><T72/><D72/><U117/><E117/><V30/><F43/><W104/><G104/><T54/><D113/><U60/><E60/><V115/><F132/><W85/><G11/><T95/><D65/><U27/><E27/><N who="2" m="16743" /><F115/><W100/><G100/><T10/><D10/><U131/><E131/><V127/><F127/><W22/><REACH who="3" step="1"/><G31/><REACH who="3" ten="176,81,377,346" step="2"/><T5/><D120/><U50/><E50/><V87/><F87/><W12/><G12/><T123/><D28/><U63/><E63/><V112/><F112/><W135/><G135/><T59/><D123/><U13/><E13/><V56/><AGARI ba="2,2" hai="51,52,53,56,58,62,66,67" m="16743,59823" machi="56" ten="30,2000,0" yaku="8,1,54,1" doraHai="1" who="2" fromWho="2" sc="176,-7,81,-7,377,46,346,-12" owari="169,-23.1,74,-42.6,423,52.3,334,13.4" /></mjloggm>