<mjloggm ver="2.3"><GO type="169" lobby="0"/><UN n0="%E7%89%8C%E6%B5%81%E7%8A%B6%E6%85%8B%E9%BA%BB%E9%9B%80" n1="%E8%8A%B1%E9%81%93%E6%A1%9C%E6%9C%A8" n2="%48%69%70%70%6F%5F" n3="%E9%B3%B3%E5%8D%97%E3%81%AE%E3%81%8A%E9%A6%AC%E3%81%95%E3%82%93" dan="16,16,17,18" rate="2171.25,2147.05,2189.22,2236.19" sx="M,M,M,M"/><TAIKYOKU oya="0"/><INIT seed="0,0,0,3,2,58" ten="250,250,250,250" oya="0" hai0="101,124,116,91,107,22,67,127,95,86,53,117,79" hai1="48,10,98,49,61,113,56,114,39,2,47,112,30" hai2="125,110,41,71,83,75,87,108,14,96,55,26,68" hai3="11,40,4,28,94,119,20,105,90,118,57,17,33"/><T59/><D67/><U29/><E39/><V72/><F125/><N who="0" m="48202" /><D22/><U6/><E98/><V134/><F134/><W21/><G40/><T51/><D79/><U34/><E34/><V54/><F41/><W109/><G20/><T122/><D122/><U3/><E3/><V63/><F96/><AGARI ba="0,0" hai="51,53,59,86,91,95,96,101,107,116,117" m="48202" machi="96" ten="30,1500,0" yaku="18,1" doraHai="58" who="0" fromWho="2" sc="250,15,250,0,250,-15,250,0" /><INIT seed="0,1,0,0,1,99" ten="265,250,235,250" oya="0" hai0="64,68,111,8,69,92,62,114,30,58,79,108,21" hai1="98,85,16,80,26,39,132,83,57,122,86,63,11" hai2="53,2,131,77,65,27,100,133,102,1,125,18,94" hai3="101,55,93,70,116,7,89,51,15,105,129,33,31"/><T10/><D114/><U96/><E132/><V123/><F123/><W126/><G116/><T74/><D74/><U76/><E39/><V120/><F120/><W106/><G126/><T52/><D79/><U13/><E122/><V47/><F133/><W22/><G129/><T34/><D34/><U5/><E26/><V6/><F131/><W9/><G33/><T103/><D21/><U20/><E5/><V134/><F134/><W81/><G70/><T95/><D30/><U124/><E20/><V38/><F125/><W44/><G31/><T19/><D69/><U24/><E24/><V91/><F65/><W84/><REACH who="3" step="1"/><G22/><REACH who="3" ten="265,250,235,240" step="2"/><T109/><D68/><U73/><E124/><V118/><F118/><W127/><G127/><T35/><D35/><U42/><E73/><V75/><F75/><W14/><G14/><N who="0" m="7623" /><D10/><U41/><E41/><V49/><F1/><W72/><G72/><T97/><D64/><N who="1" m="39023" /><E42/><V54/><F2/><W59/><G59/><T112/><D112/><U115/><E115/><V3/><F3/><W23/><G23/><T119/><D119/><U82/><E82/><V67/><F27/><W110/><G110/><T32/><D32/><U12/><E13/><V25/><F25/><W87/><G87/><T121/><D121/><U29/><E29/><V40/><F40/><W0/><G0/><T37/><D37/><U17/><E86/><V78/><F38/><W130/><G130/><T66/><D66/><U107/><E83/><V43/><F67/><W113/><G113/><T135/><D135/><U50/><E12/><V88/><F43/><W117/><G117/><RYUUKYOKU ba="1,1" sc="265,15,250,-15,235,-15,240,15" hai0="52,58,62,92,95,97,103,108,109,111" hai3="7,9,15,44,51,55,81,84,89,93,101,105,106" /><INIT seed="0,2,1,3,3,47" ten="280,235,220,255" oya="0" hai0="91,37,22,32,12,21,95,107,105,73,79,68,26" hai1="23,60,55,7,86,103,56,115,52,15,49,110,72" hai2="66,100,4,39,109,62,118,36,8,44,80,71,135" hai3="42,129,9,77,20,19,126,93,101,69,58,84,123"/><T18/><D32/><U116/><E72/><V67/><F109/><W14/><G69/><T120/><D120/><U88/><E116/><V40/><F135/><W30/><G129/><T133/><D68/><U92/><E110/><V5/><F118/><W128/><G128/><T41/><D133/><U38/><E38/><V99/><F66/><W125/><G123/><T104/><D37/><U31/><E115/><V102/><F39/><W27/><G42/><T63/><D41/><U13/><E103/><V113/><F113/><W106/><G106/><T108/><D108/><U76/><E76/><V16/><F80/><W82/><G58/><T75/><D63/><U0/><E0/><V17/><F100/><W2/><G101/><T97/><REACH who="0" step="1"/><D79/><REACH who="0" ten="270,235,220,255" step="2"/><U59/><E7/><V87/><F4/><N who="3" m="1175" /><G93/><T65/><D65/><U11/><E11/><V24/><F8/><W124/><G126/><T74/><D74/><U3/><E3/><V50/><F40/><W61/><G61/><T112/><D112/><U90/><E90/><V111/><F62/><W130/><G130/><T89/><D89/><U134/><E134/><V43/><F43/><W119/><G119/><T122/><D122/><U131/><E131/><V25/><F111/><W46/><G125/><T83/><D83/><U48/><E60/><V114/><F114/><W35/><G124/><T1/><D1/><U117/><E117/><V64/><F67/><W78/><G77/><T51/><D51/><U34/><E34/><V10/><F50/><W98/><G46/><T70/><D70/><U132/><E132/><V54/><F71/><RYUUKYOKU ba="2,2" sc="270,10,235,10,220,-30,255,10" hai0="12,18,21,22,26,73,75,91,95,97,104,105,107" hai1="13,15,23,31,48,49,52,55,56,59,86,88,92" hai3="14,19,20,27,30,35,78,82,84,98" /><INIT seed="0,3,2,0,2,6" ten="280,245,190,265" oya="0" hai0="90,127,26,31,55,16,102,18,59,76,111,123,106" hai1="61,101,91,50,12,63,42,124,7,15,126,112,116" hai2="107,56,81,4,103,94,121,131,119,100,114,22,44" hai3="29,60,108,54,132,96,128,40,78,95,52,41,125"/><T34/><D123/><U48/><E116/><V0/><F114/><W97/><G108/><T57/><D127/><N who="1" m="48683" /><E112/><V1/><F121/><W33/><G128/><T27/><D111/><U68/><E101/><V35/><F35/><W71/><G132/><T117/><D117/><U110/><E110/><V88/><F119/><W84/><G125/><T62/><D76/><U19/><E91/><V17/><F107/><W122/><G122/><T105/><D90/><U24/><E24/><V135/><F81/><N who="3" m="47159" /><G71/><T87/><D87/><U36/><E36/><V77/><F77/><W92/><G33/><T13/><D102/><U82/><E82/><V134/><F131/><W30/><G40/><T37/><D37/><U21/><E42/><V51/><F103/><N who="3" m="60807" /><G41/><T23/><REACH who="0" step="1"/><D59/><REACH who="0" ten="270,245,190,265" step="2"/><U115/><E115/><V89/><F56/><N who="3" m="34823" /><G54/><T58/><D58/><U72/><E72/><V113/><F113/><W20/><G20/><AGARI ba="3,3" hai="13,16,18,20,23,26,27,31,34,55,57,62,105,106" machi="20" ten="30,5800,0" yaku="1,1,7,1,54,1,53,0" doraHai="6" doraHaiUra="39" who="0" fromWho="3" sc="270,97,245,0,190,0,265,-67" /><INIT seed="0,4,0,2,5,16" ten="367,245,190,198" oya="0" hai0="12,54,2,10,124,85,31,53,68,63,91,23,112" hai1="135,117,17,95,40,26,73,69,107,114,106,29,62" hai2="22,60,123,13,100,51,5,38,126,89,4,101,93" hai3="18,70,34,19,37,50,125,43,3,87,76,20,75"/><T59/><D112/><U65/><E117/><V52/><F123/><W67/><G125/><T131/><D124/><U25/><E114/><V9/><F38/><W46/><G34/><T105/><D105/><U78/><E135/><V36/><F36/><W74/><G3/><T39/><D131/><U115/><E115/><V92/><F60/><W66/><G37/><T134/><D134/><U11/><E40/><V47/><F126/><W14/><G70/><T80/><D39/><U94/><E73/><V8/><F22/><N who="3" m="11607" /><G74/><T84/><D68/><U79/><E107/><V72/><F72/><W110/><G75/><T27/><D2/><U58/><E106/><V88/><F9/><W120/><G110/><T86/><REACH who="0" step="1"/><D54/><REACH who="0" ten="357,245,190,198" step="2"/><U33/><E69/><V129/><F129/><W109/><G120/><T108/><D108/><U81/><E65/><V132/><F132/><W0/><G109/><T48/><D48/><U55/><E55/><V130/><F130/><W71/><G0/><T103/><D103/><N who="2" m="39498" /><F4/><AGARI ba="4,1" hai="4,10,12,23,27,31,53,59,63,80,84,85,86,91" machi="4" ten="30,11600,0" yaku="1,1,7,1,8,1,52,1,53,0" doraHai="16" doraHaiUra="113" who="0" fromWho="2" sc="357,138,245,0,190,-128,198,0" /><INIT seed="0,5,0,2,2,94" ten="495,245,62,198" oya="0" hai0="48,54,106,0,51,85,28,41,76,10,131,9,43" hai1="36,3,86,68,132,62,7,116,89,24,32,105,19" hai2="57,31,11,104,39,33,37,77,125,20,110,121,78" hai3="23,114,120,61,58,40,124,126,42,16,128,115,49"/><T113/><D113/><N who="3" m="43017" /><G128/><T64/><D106/><U72/><E132/><V4/><F33/><W15/><G49/><T134/><D134/><U80/><E36/><V8/><F121/><W108/><G108/><T118/><D118/><U111/><E111/><V109/><F104/><W90/><G90/><T96/><D0/><U93/><E105/><V26/><F110/><W45/><G45/><T67/><D28/><U87/><E72/><V129/><F109/><W117/><G117/><T59/><D131/><U25/><E116/><V55/><F129/><W12/><G12/><T50/><D41/><U99/><E86/><V119/><F119/><W38/><G38/><T92/><D85/><U79/><E32/><V88/><F125/><N who="3" m="48235" /><G120/><T75/><D76/><U84/><E84/><V100/><F37/><W53/><AGARI ba="5,0" hai="15,16,23,40,42,53,58,61" m="48235,43017" machi="53" ten="30,2000,0" yaku="18,1,54,1" doraHai="94" who="3" fromWho="3" sc="495,-15,245,-10,62,-10,198,35" /><INIT seed="1,0,0,4,1,93" ten="480,235,52,233" oya="1" hai0="89,12,72,57,71,81,24,46,66,78,44,37,36" hai1="76,13,51,101,86,113,103,3,100,27,94,79,30" hai2="133,49,135,116,99,80,31,47,19,104,65,53,9" hai3="23,112,69,130,115,127,39,88,2,25,132,11,121"/><U38/><E3/><V82/><F116/><W90/><G121/><T26/><D71/><U18/><E38/><V15/><F65/><W106/><G39/><T28/><D12/><U87/><E113/><V1/><F1/><W98/><G69/><T58/><D89/><U21/><E51/><V134/><REACH who="2" step="1"/><F31/><REACH who="2" ten="480,235,42,233" step="2"/><W29/><G115/><T97/><D66/><U92/><E79/><V32/><F32/><W122/><G29/><T114/><D28/><U4/><E76/><V95/><F95/><W50/><G106/><T67/><D67/><U83/><E94/><V118/><F118/><W91/><G112/><T63/><D78/><U129/><E92/><V41/><F41/><W74/><G88/><T14/><D114/><U107/><E107/><V111/><F111/><W43/><G90/><T75/><D81/><U0/><E83/><V33/><F33/><W16/><G43/><T48/><D72/><U117/><E117/><V124/><F124/><W35/><G127/><T85/><D75/><U56/><E0/><V59/><F59/><W40/><G74/><T60/><D57/><U105/><E105/><V70/><F70/><W68/><G68/><T102/><D58/><U20/><E56/><V120/><F120/><W54/><G35/><T108/><D108/><U62/><E30/><V125/><F125/><W96/><G2/><T17/><D63/><U84/><E62/><V131/><F131/><W77/><G130/><T126/><D60/><U8/><E129/><V52/><F52/><W45/><G91/><T10/><D126/><U42/><E42/><V22/><F22/><AGARI ba="0,1" hai="4,8,13,18,20,21,22,27,84,86,87,100,101,103" machi="22" ten="40,3900,0" yaku="6,1,8,1" doraHai="93" who="1" fromWho="2" sc="480,0,235,49,42,-39,233,0" /><INIT seed="1,1,0,4,5,96" ten="480,284,3,233" oya="1" hai0="105,101,54,109,31,16,52,104,17,89,53,117,127" hai1="49,92,80,87,106,129,51,70,110,34,121,23,133" hai2="94,95,69,75,9,32,131,19,33,125,39,2,1" hai3="85,71,114,84,113,102,81,116,15,62,93,46,86"/><U30/><E106/><V78/><F69/><W122/><G71/><T98/><D117/><U100/><E121/><V77/><F39/><W107/><G122/><T38/><D38/><U79/><E34/><V124/><F9/><W65/><G46/><T6/><D105/><U57/><E70/><V60/><F60/><W42/><G42/><T26/><D109/><U43/><E110/><V8/><F8/><W73/><G15/><T41/><D41/><U126/><E126/><V10/><F10/><W97/><G62/><T64/><D127/><U120/><E129/><V4/><F4/><W37/><G65/><T11/><D89/><U5/><E133/><V3/><F131/><W108/><G108/><T99/><D99/><N who="1" m="59495" /><E5/><V123/><F1/><W22/><G37/><T135/><D135/><U0/><E0/><V50/><F123/><W48/><G116/><T90/><D90/><U35/><E35/><V24/><F75/><W68/><G73/><T27/><D64/><U28/><E23/><V25/><F19/><W20/><G68/><T13/><REACH who="0" step="1"/><D27/><REACH who="0" ten="470,284,3,233" step="2"/><U21/><E43/><V119/><F119/><W12/><G107/><T55/><N who="0" m="13312" /><DORA hai="56" /><T44/><D44/><U66/><E120/><V134/><F134/><W88/><G48/><AGARI ba="1,1" hai="2,3,24,25,32,33,48,50,77,78,94,95,124,125" machi="48" ten="25,1600,0" yaku="22,2" doraHai="96,56" who="2" fromWho="3" sc="470,0,284,0,3,29,233,-19" /><INIT seed="2,0,0,5,1,10" ten="470,284,32,214" oya="2" hai0="73,42,48,22,126,99,66,24,112,29,118,70,135" hai1="98,120,101,92,56,46,19,43,53,60,128,124,134" hai2="8,35,105,115,121,81,94,113,61,39,72,12,55" hai3="129,89,79,16,74,86,111,104,33,40,15,5,54"/><V103/><F121/><W17/><G111/><T132/><D112/><U69/><E134/><V71/><F105/><W0/><G33/><T110/><D110/><U44/><E128/><V123/><F123/><W50/><G129/><T25/><D73/><U82/><E124/><V18/><F35/><W109/><G109/><T14/><D126/><U102/><E120/><V6/><F39/><W114/><G104/><T49/><D118/><U57/><E69/><V45/><F71/><W3/><G40/><T133/><D42/><U96/><E82/><V30/><F30/><W87/><G74/><T52/><D25/><U83/><E83/><V59/><F45/><W88/><G79/><T51/><D99/><U67/><E19/><N who="3" m="7242" /><G0/><T1/><D1/><U41/><E41/><V122/><F122/><W13/><G3/><T108/><D108/><U116/><E116/><V64/><F6/><W36/><G36/><T58/><D14/><N who="3" m="5129" /><G5/><T62/><AGARI ba="0,0" hai="22,24,29,48,49,51,52,58,62,66,70,132,133,135" machi="62" ten="40,5200,0" yaku="0,1,20,1,54,1" doraHai="10" who="0" fromWho="0" sc="470,52,284,-13,32,-26,214,-13" /><INIT seed="3,0,0,3,2,123" ten="522,271,6,201" oya="3" hai0="51,17,35,68,96,21,63,44,50,19,3,75,85" hai1="14,77,76,92,29,118,55,74,84,11,115,105,32" hai2="9,13,104,112,45,57,18,15,100,53,24,114,124" hai3="133,86,97,109,119,27,126,122,134,20,95,43,39"/><W87/><G122/><T64/><D75/><U66/><E105/><V26/><F45/><N who="3" m="23807" /><G119/><T23/><D35/><U113/><E74/><V98/><F124/><W116/><G116/><T102/><D3/><U37/><E118/><V31/><F24/><W89/><G126/><T127/><D85/><U58/><E37/><V28/><F13/><W56/><G56/><T81/><D81/><U80/><E76/><V0/><F31/><W6/><G6/><T108/><D50/><U30/><E66/><V106/><F104/><W79/><G79/><T82/><D82/><U47/><E47/><V107/><F106/><W60/><G60/><T101/><D51/><U117/><E117/><V7/><F7/><W65/><G65/><T70/><D63/><U1/><E1/><V33/><F0/><W78/><G78/><T12/><D64/><U42/><E42/><V69/><F69/><W25/><G25/><T4/><D4/><N who="1" m="3431" /><E32/><V129/><F129/><W91/><G91/><T10/><D44/><U46/><E46/><V88/><F88/><W120/><G120/><T93/><D70/><U16/><E92/><V8/><F8/><W73/><G73/><T130/><D10/><U34/><E34/><V111/><F111/><W36/><G36/><T49/><D108/><U72/><E72/><V62/><AGARI ba="0,0" hai="9,15,18,26,28,33,53,57,62,98,100,107,112,114" machi="62" ten="20,1500,0" yaku="0,1,7,1" doraHai="123" who="2" fromWho="2" sc="522,-4,271,-4,6,15,201,-7" /><INIT seed="4,0,0,5,0,58" ten="518,267,21,194" oya="0" hai0="124,98,17,83,68,46,74,55,45,126,99,73,50" hai1="120,77,67,13,28,26,64,122,66,76,20,86,132" hai2="14,9,121,105,85,108,116,127,57,31,88,25,53" hai3="41,70,0,134,34,32,42,15,44,135,95,82,112"/><T7/><D7/><U5/><E132/><N who="3" m="50730" /><G0/><T78/><D68/><U114/><E122/><V107/><F108/><W27/><G112/><T128/><D128/><U30/><E120/><V106/><F121/><W2/><G2/><T109/><D109/><U24/><E114/><V103/><F127/><W60/><G15/><T21/><D73/><U96/><E96/><V130/><F130/><W118/><G118/><T129/><D129/><U1/><E1/><V92/><F116/><W12/><G12/><T113/><D46/><U62/><E86/><V125/><F125/><N who="0" m="48234" /><D113/><U65/><E13/><AGARI ba="0,0" hai="13,17,21,45,50,55,74,78,83,98,99" m="48234" machi="13" ten="30,1500,0" yaku="18,1" doraHai="58" who="0" fromWho="1" sc="518,15,267,-15,21,0,194,0" /><INIT seed="4,1,0,5,5,88" ten="533,252,21,194" oya="0" hai0="120,105,50,66,80,43,67,21,9,92,2,131,110" hai1="102,75,13,47,78,99,73,17,38,25,34,41,30" hai2="107,63,57,1,108,11,26,74,117,97,65,112,135" hai3="27,64,116,115,55,130,123,16,81,46,91,24,69"/><T89/><D105/><U86/><E78/><V84/><F108/><W49/><G116/><T31/><D120/><U106/><REACH who="1" step="1"/><E86/><REACH who="1" ten="533,242,21,194" step="2"/><V121/><F84/><N who="3" m="50575" /><G123/><T44/><D110/><U28/><E28/><V14/><F121/><W7/><G69/><T48/><D31/><U85/><E85/><V103/><F74/><W111/><G111/><T33/><D131/><U90/><E90/><V133/><F117/><W6/><G130/><T59/><D89/><U127/><E127/><V4/><F112/><W124/><G124/><T29/><D29/><U10/><AGARI ba="1,1" hai="10,13,17,25,30,34,38,41,47,73,75,99,102,106" machi="10" ten="20,5200,0" yaku="1,1,0,1,7,1,53,1" doraHai="88" doraHaiUra="5" who="1" fromWho="1" sc="533,-27,242,65,21,-14,194,-14" /><INIT seed="5,0,0,1,1,94" ten="506,307,7,180" oya="1" hai0="70,90,4,108,57,102,65,16,120,47,19,115,25" hai1="31,129,106,119,69,58,117,55,134,132,111,112,5" hai2="107,6,104,13,53,9,67,60,37,28,63,91,12" hai3="38,23,52,116,45,87,74,131,56,96,121,103,135"/><U41/><E112/><V122/><F122/><W110/><G110/><T1/><D108/><U130/><E111/><V82/><F37/><W93/><G131/><N who="1" m="50186" /><E106/><V24/><F12/><W78/><G135/><N who="1" m="51754" /><E31/><V81/><F53/><W123/><G52/><T14/><D120/><U85/><E5/><V15/><F15/><W75/><G116/><T83/><D14/><U29/><E29/><V20/><F63/><W32/><G32/><T35/><D35/><U61/><E85/><V79/><F91/><W99/><G87/><T59/><D90/><U3/><E3/><V7/><F81/><W68/><G75/><T76/><D83/><U105/><E105/><V30/><F30/><W44/><G74/><T40/><D4/><U126/><E126/><V71/><F6/><W48/><G121/><T125/><D1/><U36/><E69/><V86/><AGARI ba="0,0" hai="7,9,13,20,24,28,60,67,71,79,82,86,104,107" machi="86" ten="20,1500,0" yaku="0,1,7,1" doraHai="94" who="2" fromWho="2" sc="506,-4,307,-7,7,15,180,-4" /><INIT seed="6,0,0,3,2,76" ten="502,300,22,176" oya="2" hai0="34,77,6,110,120,87,28,94,37,82,29,25,39" hai1="80,31,12,81,49,30,135,121,26,45,32,14,44" hai2="41,15,21,79,5,53,84,7,117,104,124,54,100" hai3="127,75,16,72,128,70,35,74,103,130,86,11,90"/><V4/><F117/><W64/><G35/><T99/><D110/><U92/><E135/><V24/><F124/><W132/><G132/><T33/><D120/><U88/><E121/><V46/><F100/><W107/><G127/><T36/><D6/><U102/><E102/><V2/><F104/><W98/><G64/><T38/><D38/><U52/><E44/><V17/><F2/><W47/><G70/><T65/><D65/><U18/><E12/><V83/><REACH who="2" step="1"/><F15/><REACH who="2" ten="502,300,12,176" step="2"/><N who="3" m="7295" /><G75/><T40/><D25/><U42/><E26/><V116/><F116/><W133/><G133/><T67/><D34/><U129/><E32/><V111/><F111/><W61/><G74/><T125/><D33/><U112/><E14/><V97/><F97/><W119/><G72/><T118/><D99/><U23/><E129/><V101/><F101/><W114/><G119/><T10/><D125/><U126/><E126/><V113/><F113/><W122/><G122/><T131/><D131/><U59/><E112/><V8/><F8/><W105/><G105/><T20/><D10/><U62/><E23/><V50/><AGARI ba="0,1" hai="4,5,7,17,21,24,41,46,50,53,54,79,83,84" machi="50" ten="30,12000,1" yaku="1,1,0,1,8,1,52,1,53,1" doraHai="76" doraHaiUra="19" who="2" fromWho="2" sc="502,-40,300,-40,12,130,176,-40" /><INIT seed="6,1,0,4,2,118" ten="462,260,142,136" oya="2" hai0="79,48,116,124,74,10,98,99,127,112,35,59,87" hai1="105,81,13,64,129,94,33,0,20,109,126,91,101" hai2="38,131,95,41,117,49,44,125,108,66,37,92,24" hai3="57,7,89,72,85,110,42,31,104,21,113,15,17"/><V16/><F117/><W130/><G110/><T82/><D35/><U5/><E33/><V65/><F108/><W3/><G104/><T4/><D116/><U40/><E0/><V54/><F131/><W8/><G130/><T51/><D74/><U14/><E105/><V26/><F125/><N who="0" m="48202" /><D112/><U11/><E101/><V27/><F38/><W73/><G113/><T36/><D36/><U39/><E64/><N who="2" m="24683" /><F37/><W119/><G119/><T55/><D51/><U122/><E39/><V58/><F58/><W56/><G42/><T62/><D48/><U120/><E40/><V68/><F68/><W102/><G102/><T18/><D18/><U115/><E115/><V6/><F6/><W76/><G72/><T52/><D55/><U50/><E109/><V121/><F121/><W9/><G73/><T128/><D128/><U75/><E129/><V67/><N who="2" m="24691" /><V32/><DORA hai="88" /><F32/><W86/><G57/><T97/><D97/><U12/><E75/><V107/><F107/><W103/><G103/><T23/><D23/><U96/><E20/><N who="2" m="13319" /><F41/><W63/><G56/><T132/><D132/><U84/><E126/><V71/><F71/><W53/><G53/><T100/><D100/><N who="1" m="60439" /><E122/><V1/><F1/><AGARI ba="1,0" hai="1,4,10,52,59,62,79,82,87,98,99" m="48202" machi="1" ten="30,2000,0" yaku="18,1,54,1" doraHai="118,88" who="0" fromWho="2" sc="462,23,260,0,142,-23,136,0" /><INIT seed="7,0,0,1,4,62" ten="485,260,119,136" oya="3" hai0="29,130,127,31,20,135,47,34,69,121,12,90,41" hai1="22,45,113,27,15,44,13,38,100,74,128,124,84" hai2="61,56,111,89,35,46,79,110,77,24,10,16,93" hai3="0,33,114,30,72,3,43,123,39,48,87,8,101"/><W59/><G123/><T131/><D121/><U105/><E74/><V98/><F35/><W96/><G72/><T55/><D69/><U54/><E38/><V1/><F1/><W132/><G39/><T14/><D34/><U106/><E105/><V122/><F122/><W118/><G118/><T112/><D127/><U82/><E106/><V2/><F2/><W66/><G3/><T50/><D135/><U102/><E113/><V80/><F46/><W92/><G114/><T108/><D108/><U104/><E104/><V73/><F79/><W11/><G132/><T53/><D90/><U107/><E107/><V28/><F28/><W23/><G33/><T42/><D20/><U52/><E128/><V7/><F7/><W65/><G87/><T75/><D50/><U60/><E60/><V40/><F40/><W18/><G30/><T97/><D97/><U76/><E45/><V63/><F63/><W95/><G95/><T25/><D47/><U4/><E54/><N who="2" m="33943" /><F10/><N who="3" m="3627" /><G0/><T83/><D75/><U94/><E4/><V64/><F64/><N who="3" m="24683" /><G43/><T119/><D112/><U32/><E32/><V120/><F120/><W99/><G99/><T85/><D85/><U129/><E84/><V21/><AGARI ba="0,0" hai="16,21,24,73,77,80,89,93,98,110,111" m="33943" machi="21" ten="30,2000,0" yaku="25,1,54,1" doraHai="62" who="2" fromWho="2" sc="485,-5,260,-5,119,20,136,-10" owari="480,58.0,255,5.5,139,-26.1,126,-37.4" /></mjloggm>