<mjloggm ver="2.3"><GO type="169" lobby="0"/><UN n0="%72%65%6E%6A%69%38%33" n1="%4E%4F%54%41" n2="%E5%8F%A4%E6%96%AF%E5%A1%94%E5%A4%AB%E4%BA%8C%E4%B8%96" n3="%52%4F%59%5F%54" dan="16,16,16,16" rate="2094.35,2128.44,2119.78,2045.96" sx="M,M,M,M"/><TAIKYOKU oya="0"/><INIT seed="0,0,0,3,1,70" ten="250,250,250,250" oya="0" hai0="111,57,16,54,31,77,64,69,81,102,98,21,42" hai1="133,13,107,87,37,127,66,9,44,123,86,65,74" hai2="19,17,0,114,82,130,6,35,4,93,134,83,129" hai3="23,45,2,91,118,46,115,53,24,92,3,72,117"/><T104/><D111/><U68/><E123/><V38/><F114/><W103/><G72/><T85/><D42/><U33/><E74/><V135/><F35/><W80/><G115/><T58/><D31/><U90/><E33/><V47/><F93/><W5/><G103/><T55/><D69/><U75/><E75/><V71/><F71/><W32/><G80/><T122/><D122/><U88/><E107/><V109/><F47/><W116/><G32/><T124/><D124/><U132/><E127/><V126/><F126/><W18/><G5/><T96/><D96/><U50/><E37/><V49/><F49/><W78/><G78/><T11/><D11/><U106/><E106/><V34/><F34/><W89/><G89/><T99/><D99/><U28/><E28/><V100/><F100/><W36/><G53/><T128/><D128/><U48/><E68/><V112/><F112/><W52/><G46/><T63/><REACH who="0" step="1"/><D58/><REACH who="0" ten="240,250,250,250" step="2"/><U56/><E56/><V59/><F59/><W97/><REACH who="3" step="1"/><G36/><REACH who="3" ten="240,250,250,240" step="2"/><T61/><D61/><U125/><E125/><V67/><F38/><W76/><G76/><T22/><D22/><U29/><E133/><V79/><F79/><W108/><G108/><T40/><D40/><U39/><E132/><V51/><F109/><W120/><G120/><T110/><D110/><U41/><E41/><V26/><F134/><W27/><G27/><AGARI ba="0,2" hai="16,21,27,54,55,57,63,64,77,81,85,98,102,104" machi="27" ten="30,5800,0" yaku="1,1,7,1,54,1,53,0" doraHai="70" doraHaiUra="30" who="0" fromWho="3" sc="240,78,250,0,250,0,240,-58" /><INIT seed="0,1,0,2,2,70" ten="318,250,250,182" oya="0" hai0="119,46,95,4,7,16,66,106,50,55,109,56,28" hai1="51,125,20,58,74,22,131,32,121,42,29,1,69" hai2="35,23,91,128,31,96,126,97,94,47,18,60,0" hai3="102,41,2,127,57,78,135,6,93,83,80,44,75"/><T104/><D119/><U113/><E121/><V84/><F126/><W19/><G127/><T133/><D133/><U81/><E125/><V65/><F128/><W15/><G135/><T101/><D28/><U112/><E69/><V17/><F0/><W116/><G116/><T38/><D109/><U43/><E1/><V71/><F47/><W33/><G33/><T63/><D38/><U40/><E32/><V52/><F35/><W98/><G57/><T117/><D117/><U72/><E131/><V26/><F31/><W77/><G6/><T27/><D104/><U110/><E110/><V62/><F18/><W134/><G2/><T11/><D106/><U5/><E5/><V48/><REACH who="2" step="1"/><F62/><REACH who="2" ten="318,250,240,182" step="2"/><W59/><G134/><T61/><D61/><U25/><E29/><V14/><F14/><W89/><G19/><T114/><D114/><U92/><E113/><V123/><F123/><W49/><G15/><N who="0" m="7295" /><D27/><U118/><E25/><V24/><F24/><W132/><G132/><T12/><D12/><U99/><E112/><V30/><F30/><W73/><REACH who="3" step="1"/><G59/><REACH who="3" ten="318,250,240,172" step="2"/><T111/><D111/><U108/><E58/><V115/><F115/><W86/><G86/><T13/><D13/><U88/><E108/><V8/><F8/><W82/><G82/><T37/><D7/><U64/><E118/><V21/><F21/><W87/><G87/><T122/><D4/><U3/><E81/><V120/><F120/><W36/><G36/><T76/><D122/><U129/><E3/><V34/><F34/><W107/><G107/><T53/><D37/><U45/><E20/><V90/><F90/><AGARI ba="1,2" hai="41,44,49,73,75,77,78,80,83,89,90,93,98,102" machi="90" ten="40,5200,0" yaku="1,1,6,1,9,1,53,0" doraHai="70" doraHaiUra="54" who="3" fromWho="2" sc="318,0,250,0,240,-55,172,75" /><INIT seed="1,0,0,5,4,91" ten="318,250,185,247" oya="1" hai0="7,126,67,70,53,121,40,21,106,135,62,131,83" hai1="14,112,26,50,85,27,82,43,1,66,56,87,57" hai2="6,0,10,102,17,107,41,20,73,52,39,60,101" hai3="89,127,95,24,110,58,76,120,125,108,72,5,13"/><U29/><E112/><V47/><F107/><W3/><G3/><T132/><D106/><U34/><E1/><V96/><F73/><W88/><G120/><T103/><D103/><U77/><E26/><V61/><F102/><W98/><G58/><T94/><D7/><U65/><E85/><V84/><F84/><W75/><G89/><T25/><D40/><U32/><E32/><V71/><F71/><W2/><G2/><T109/><D83/><U46/><REACH who="1" step="1"/><E14/><REACH who="1" ten="318,240,185,247" step="2"/><V38/><F0/><W30/><G24/><T15/><D15/><U115/><E115/><V78/><F96/><W36/><G13/><T51/><D25/><U93/><E93/><V37/><F39/><W105/><G36/><T16/><D94/><U44/><E44/><V124/><F47/><W104/><G104/><T100/><D121/><U48/><E48/><V122/><F38/><W80/><G105/><T129/><D51/><U117/><E117/><V116/><F37/><W31/><G72/><T97/><D97/><U11/><E11/><V18/><F10/><W42/><G75/><T69/><D21/><U22/><E22/><V118/><F20/><W4/><G98/><T92/><D92/><U111/><E111/><V45/><F118/><W128/><G95/><T19/><D109/><U114/><E114/><V99/><F116/><W54/><G110/><T35/><D35/><U134/><E134/><V12/><F122/><W130/><G108/><T23/><D23/><U59/><AGARI ba="0,1" hai="27,29,34,43,46,50,56,57,59,65,66,77,82,87" machi="59" ten="30,3000,0" yaku="1,1,0,1,53,0" doraHai="91" doraHaiUra="49" who="1" fromWho="1" sc="318,-10,240,40,185,-10,247,-10" /><INIT seed="1,1,0,0,0,76" ten="308,280,175,237" oya="1" hai0="40,72,17,134,54,63,32,66,102,122,107,83,90" hai1="26,129,105,86,104,22,30,2,4,126,111,51,44" hai2="110,119,88,94,64,85,123,67,62,75,89,125,34" hai3="131,68,21,116,28,70,8,41,13,6,101,42,9"/><U115/><E115/><V50/><F119/><W49/><G116/><T48/><D32/><U97/><E129/><V15/><F110/><W52/><G131/><T98/><D134/><U20/><E126/><V69/><F34/><W106/><G106/><T91/><D40/><U84/><E111/><V53/><F123/><W108/><G101/><T112/><D112/><U36/><E36/><V127/><F75/><W81/><G9/><T57/><D122/><U130/><E130/><V46/><F67/><W132/><G132/><T47/><REACH who="0" step="1"/><D17/><REACH who="0" ten="298,280,175,237" step="2"/><U43/><E105/><V0/><F0/><W11/><G42/><T74/><D74/><U60/><E2/><V59/><F69/><W113/><G41/><T95/><D95/><U96/><E104/><V120/><F120/><W39/><G70/><T3/><D3/><U31/><E43/><V24/><F125/><W124/><G68/><T45/><D45/><U37/><E44/><V121/><F121/><W114/><G124/><T117/><D117/><U79/><E37/><V38/><F38/><W77/><G39/><T10/><D10/><U103/><E22/><V29/><F127/><W33/><G33/><T27/><D27/><U18/><E20/><N who="2" m="15495" /><F15/><W14/><G108/><T109/><D109/><U93/><E26/><V78/><F94/><W87/><G14/><T133/><D133/><U82/><E93/><V92/><F92/><W58/><G11/><T23/><D23/><U5/><E18/><V19/><F19/><W80/><G114/><T128/><D128/><U55/><E103/><V56/><F46/><W12/><G113/><RYUUKYOKU ba="1,1" sc="298,15,280,-15,175,15,237,-15" hai0="47,48,54,57,63,66,72,83,90,91,98,102,107" hai2="50,53,56,59,62,64,78,85,88,89" /><INIT seed="2,2,1,5,2,84" ten="313,265,190,222" oya="2" hai0="111,57,122,75,102,119,88,96,3,80,35,42,48" hai1="16,54,44,93,118,23,33,51,85,41,68,19,100" hai2="15,46,24,69,98,31,87,60,125,106,14,103,94" hai3="58,28,76,1,67,11,2,123,0,131,72,47,13"/><V124/><F46/><W37/><G123/><T132/><D122/><U108/><E33/><V7/><F7/><W101/><G131/><T26/><D3/><U89/><E118/><V70/><F70/><W79/><G101/><T36/><D36/><U99/><E68/><V112/><F112/><W38/><G28/><T126/><D132/><U130/><E108/><V9/><F9/><W110/><G110/><T121/><D126/><N who="2" m="48746" /><F60/><W81/><G76/><T61/><D121/><U62/><E130/><V20/><F69/><W92/><G92/><T17/><D48/><U29/><E29/><V86/><F86/><W104/><G104/><T82/><D42/><U4/><E4/><V21/><F21/><W128/><G128/><T71/><D71/><U73/><E73/><V115/><F115/><W59/><G47/><T25/><D75/><U77/><E23/><V27/><F27/><W6/><G59/><T134/><D57/><U64/><E41/><V129/><F129/><W107/><G107/><T43/><D26/><U52/><E54/><V55/><F55/><W40/><G40/><T53/><D43/><U30/><E30/><V116/><F116/><W49/><G49/><T91/><D25/><U105/><E62/><V95/><F106/><W65/><G58/><T114/><D53/><U120/><E120/><V113/><F113/><W127/><G127/><T12/><D61/><U97/><E64/><N who="3" m="24650" /><G38/><T135/><D114/><U50/><E50/><V5/><F5/><N who="3" m="3311" /><G37/><T63/><D63/><U90/><E105/><V78/><F95/><W56/><G6/><T83/><D119/><RYUUKYOKU ba="2,1" sc="313,-15,265,-15,190,15,222,15" hai2="14,15,20,24,31,78,87,94,98,103" hai3="0,1,2,56,72,79,81" /><INIT seed="2,3,1,4,3,8" ten="298,250,205,237" oya="2" hai0="48,129,17,115,56,74,66,64,77,32,114,135,107" hai1="50,55,11,40,99,9,52,51,59,131,128,111,118" hai2="91,23,134,49,25,69,81,7,28,5,21,68,86" hai3="121,61,98,24,88,117,94,110,72,35,20,65,130"/><V4/><F134/><W31/><G117/><T116/><D32/><U95/><E118/><V53/><REACH who="2" step="1"/><F23/><REACH who="2" ten="298,250,195,237" step="2"/><W97/><G121/><T37/><D135/><U90/><E128/><V125/><F125/><W10/><G130/><T80/><D129/><U113/><E131/><V1/><F1/><W46/><G20/><T34/><D116/><U123/><E123/><V42/><F42/><W41/><G110/><T71/><D34/><U27/><E111/><V105/><F105/><W36/><G10/><T43/><D114/><U16/><E40/><V109/><F109/><W96/><REACH who="3" step="1"/><G72/><REACH who="3" ten="298,250,195,227" step="2"/><T62/><D74/><U67/><E113/><V102/><F102/><W75/><G75/><T78/><D115/><U119/><E119/><V18/><F18/><W73/><G73/><T60/><D17/><U58/><E9/><V126/><F126/><W127/><G127/><T26/><D107/><U70/><E11/><V132/><F132/><W106/><G106/><T29/><D29/><U101/><E101/><V33/><F33/><W83/><G83/><T104/><D80/><U30/><E30/><V93/><F93/><W13/><G13/><T112/><D104/><U12/><E12/><V6/><N who="2" m="1024" /><DORA hai="87" /><V124/><F124/><W22/><G22/><T3/><D112/><U19/><E19/><V133/><F133/><W103/><G103/><T44/><D3/><U82/><E82/><V84/><F84/><W122/><G122/><T108/><D108/><U63/><E16/><V85/><F85/><W89/><G89/><T92/><D92/><U39/><E27/><V45/><AGARI ba="3,3" hai="21,25,28,45,49,53,68,69,81,86,91" m="1024" machi="45" ten="40,24000,3" yaku="1,1,5,1,0,1,52,1,53,5" doraHai="8,87" doraHaiUra="2,76" who="2" fromWho="2" sc="298,-83,250,-83,195,279,227,-83" /><INIT seed="2,4,0,0,3,124" ten="215,167,474,144" oya="2" hai0="91,132,42,61,68,121,66,133,15,22,75,24,0" hai1="58,89,14,116,90,55,118,39,45,4,6,80,120" hai2="7,54,63,49,81,40,62,48,83,103,117,119,38" hai3="20,77,82,37,16,69,47,96,72,70,76,71,112"/><V33/><F33/><W73/><G112/><T36/><D0/><U101/><E120/><V92/><F38/><W52/><G96/><T107/><D121/><U114/><E114/><V3/><F3/><W134/><G134/><N who="0" m="51819" /><D75/><U65/><E101/><V19/><F7/><W128/><G128/><T31/><D15/><U28/><E28/><V51/><F40/><W109/><G109/><T113/><D113/><U125/><E65/><V93/><F19/><W84/><G76/><T25/><D107/><U57/><E125/><V79/><F103/><W17/><G17/><N who="0" m="12367" /><D91/><U21/><E90/><V95/><F79/><W10/><G10/><T78/><D78/><U122/><E122/><V46/><F46/><W135/><G135/><T64/><D64/><U87/><E4/><V129/><F54/><W35/><G35/><N who="0" m="20975" /><D42/><U8/><E6/><V102/><F102/><W1/><G1/><T108/><D36/><U98/><E39/><V59/><F59/><W85/><G72/><T126/><D126/><U127/><E57/><V44/><F44/><W99/><G99/><T131/><D108/><U86/><E98/><V9/><F9/><W104/><G104/><T11/><D11/><U30/><E8/><V29/><F83/><W5/><G5/><T53/><D53/><U2/><E2/><V74/><F74/><W56/><G47/><T106/><D106/><U32/><E45/><V123/><F123/><W115/><G115/><T50/><D50/><N who="1" m="31095" /><E127/><V60/><F51/><N who="3" m="30751" /><G37/><T41/><D41/><U130/><E32/><V23/><F48/><W18/><G20/><T34/><D34/><RYUUKYOKU ba="4,0" sc="215,15,167,-15,474,-15,144,15" hai0="61,66,68,131" hai3="16,18,69,70,71,73,77,82,84,85" /><INIT seed="3,5,0,0,3,66" ten="230,152,459,159" oya="3" hai0="96,14,42,119,88,20,54,21,121,81,97,34,25" hai1="0,73,46,118,63,58,55,112,100,57,111,52,8" hai2="87,45,43,101,31,133,37,2,10,22,106,117,91" hai3="5,82,67,28,98,125,124,68,3,99,107,47,16"/><W84/><G28/><T120/><D119/><U56/><E112/><V19/><F117/><W77/><G47/><T53/><D42/><U71/><E118/><V85/><F133/><W70/><G67/><T110/><D110/><U12/><E0/><V89/><F31/><W13/><G5/><T114/><D114/><U105/><E73/><V108/><F108/><W50/><G50/><T60/><D14/><U61/><E111/><V69/><F106/><W41/><G41/><T132/><D132/><U62/><E71/><N who="3" m="27178" /><G3/><T130/><D81/><U29/><E29/><V127/><F69/><W64/><G64/><T32/><D88/><U6/><E105/><V93/><F2/><W122/><G122/><T90/><D90/><U95/><E46/><V131/><F45/><W94/><G94/><T17/><D17/><U135/><E135/><V33/><F19/><W78/><G78/><T30/><D30/><U134/><E134/><V59/><F93/><W74/><G74/><T11/><D11/><U86/><E86/><V1/><F10/><N who="3" m="6199" /><G107/><T83/><D60/><U38/><E38/><V126/><F37/><W7/><G7/><T116/><D116/><U65/><E65/><V27/><F1/><W26/><G26/><T75/><D75/><U44/><E44/><V15/><F43/><W24/><G24/><T123/><D123/><U76/><E76/><V51/><F27/><W39/><G39/><T113/><D25/><U79/><E79/><V4/><F51/><W129/><G129/><T128/><D113/><U36/><E36/><V103/><F131/><W104/><G104/><RYUUKYOKU ba="5,0" sc="230,10,152,10,459,-30,159,10" hai0="20,21,32,34,53,54,83,96,97,120,121,128,130" hai1="6,8,12,52,55,56,57,58,61,62,63,95,100" hai3="77,82,84,98,99,124,125" /><INIT seed="3,6,0,2,0,76" ten="240,162,429,169" oya="3" hai0="16,46,79,24,95,77,8,134,115,2,125,127,100" hai1="101,118,66,73,102,61,63,55,132,113,108,23,1" hai2="59,41,9,54,75,122,0,51,43,105,22,3,72" hai3="64,12,128,84,129,110,114,112,86,126,69,26,120"/><W25/><G120/><T78/><D134/><U37/><E1/><V32/><F122/><W130/><G126/><N who="0" m="48139" /><D115/><N who="3" m="44073" /><G12/><N who="0" m="7175" /><D2/><U27/><E37/><V48/><F32/><W81/><G110/><T50/><D24/><N who="3" m="9321" /><G81/><T58/><D58/><U85/><E27/><V96/><F3/><W104/><G104/><T123/><D123/><U4/><E108/><V53/><F0/><W119/><G119/><T90/><D100/><U103/><E102/><V107/><F59/><W80/><G80/><T74/><D74/><U40/><E73/><V34/><F75/><W111/><G111/><T62/><D62/><AGARI ba="6,0" hai="62,64,69,84,86,128,129,130" m="9321,44073" machi="62" ten="40,2000,0" yaku="19,1" doraHai="76" who="3" fromWho="0" sc="240,-38,162,0,429,0,169,38" /><INIT seed="3,7,0,0,1,53" ten="202,162,429,207" oya="3" hai0="107,33,104,128,67,34,63,88,64,83,15,111,91" hai1="2,132,95,135,16,87,114,48,97,98,17,59,70" hai2="75,131,38,73,69,27,133,100,18,47,77,103,76" hai3="110,35,4,26,66,28,108,45,84,94,78,43,81"/><W89/><G4/><T99/><D15/><U101/><E70/><V11/><F69/><W57/><G66/><T130/><D83/><U9/><E114/><V123/><F131/><N who="0" m="50218" /><D111/><U112/><E112/><V13/><F133/><N who="1" m="51273" /><E87/><V118/><F118/><W124/><G124/><T96/><D99/><U44/><E59/><V126/><F126/><W3/><G3/><T56/><D67/><U54/><E97/><V125/><F125/><W117/><G117/><T5/><D5/><AGARI ba="7,0" hai="2,5,9,16,17,44,48,54,95,98,101" m="51273" machi="5" ten="30,2000,0" yaku="20,1,54,1" doraHai="53" who="1" fromWho="0" sc="202,-41,162,41,429,0,207,0" /><INIT seed="4,0,0,1,3,114" ten="161,203,429,207" oya="0" hai0="99,82,66,10,23,107,92,116,36,31,93,19,130" hai1="16,53,111,80,33,38,41,72,70,62,27,124,0" hai2="68,129,3,87,1,134,115,18,123,77,122,88,89" hai3="34,24,118,110,113,86,132,11,91,21,52,49,128"/><T4/><D36/><U13/><E111/><V96/><F68/><W63/><G110/><T135/><D135/><U106/><E124/><V29/><F115/><W58/><G128/><T131/><D31/><U74/><E106/><V101/><F29/><W6/><G132/><T12/><D66/><U84/><E0/><V44/><F129/><N who="0" m="49162" /><D82/><U17/><E41/><V50/><F134/><W100/><G113/><T65/><D65/><U104/><E104/><V46/><F18/><W45/><G34/><T30/><D30/><U67/><E53/><V76/><F50/><W75/><G75/><T55/><D55/><U60/><E60/><V32/><F87/><W127/><G127/><T69/><D69/><U81/><E38/><V121/><F121/><W73/><G73/><T109/><D109/><U133/><E133/><V98/><F101/><W15/><G100/><N who="0" m="62879" /><D116/><U14/><E80/><V37/><F37/><W51/><G118/><T83/><D83/><U25/><E33/><AGARI ba="0,0" hai="1,3,32,33,44,46,76,77,88,89,96,98,122,123" machi="33" ten="25,3200,0" yaku="22,2,54,1" doraHai="114" who="2" fromWho="1" sc="161,0,203,-32,429,32,207,0" /><INIT seed="5,0,0,0,1,5" ten="161,171,461,207" oya="1" hai0="91,125,120,19,116,130,33,73,98,121,21,107,134" hai1="104,14,126,108,42,7,92,80,67,23,132,58,86" hai2="44,56,131,29,101,13,89,129,118,10,68,60,24" hai3="72,113,34,63,55,64,102,79,100,39,124,17,111"/><U94/><E104/><V112/><F68/><W53/><G111/><T122/><D116/><U18/><E108/><V123/><F123/><W46/><G34/><T47/><D33/><U77/><E132/><V28/><F112/><W117/><G72/><T50/><D73/><U88/><E126/><V57/><F118/><W15/><G79/><T66/><D134/><U20/><E42/><V103/><F44/><W75/><G75/><T76/><D76/><U43/><E43/><V133/><F89/><W84/><G84/><T2/><D2/><U30/><E7/><V128/><F133/><W70/><G113/><T1/><D1/><U40/><E40/><V71/><F71/><W45/><G39/><T52/><D66/><U97/><E92/><V31/><F24/><W78/><G78/><T59/><D125/><U16/><E30/><V36/><F36/><W109/><G109/><T127/><D127/><U105/><E105/><V48/><F48/><W106/><G106/><T87/><D98/><U135/><E135/><V3/><F3/><W8/><G117/><T38/><D107/><U93/><E93/><V0/><F0/><W115/><G115/><T81/><D38/><U95/><E95/><V27/><F128/><W82/><G82/><T119/><D130/><U96/><E96/><V32/><F129/><W12/><G124/><T62/><D119/><U49/><E67/><V4/><F131/><W90/><G64/><N who="0" m="39007" /><D122/><U74/><E74/><V85/><F32/><W61/><G70/><T11/><D21/><N who="1" m="8267" /><E14/><AGARI ba="0,0" hai="11,14,19,47,50,52,81,87,91,120,121" m="39007" machi="14" ten="30,3900,0" yaku="25,1,52,1,54,1" doraHai="5" who="0" fromWho="1" sc="161,39,171,-39,461,0,207,0" /><INIT seed="6,0,0,5,2,65" ten="200,132,461,207" oya="2" hai0="66,22,101,88,35,51,52,98,23,49,96,43,121" hai1="40,80,63,18,61,16,67,21,54,82,33,8,26" hai2="39,73,57,70,107,5,128,126,92,104,20,10,58" hai3="6,95,30,47,91,87,42,2,62,27,7,130,133"/><V134/><F39/><W110/><G110/><T85/><D35/><U129/><E33/><V28/><F73/><W12/><G2/><T118/><D121/><U114/><E114/><V83/><F128/><W46/><G133/><T115/><D115/><U45/><E129/><V97/><F126/><W79/><G47/><N who="0" m="25855" /><D66/><U90/><E54/><V102/><F83/><W112/><G112/><T31/><D101/><U48/><E90/><V71/><F134/><W4/><G79/><T56/><D118/><U122/><E122/><V59/><F107/><W93/><G62/><T50/><D51/><U14/><REACH who="1" step="1"/><E61/><REACH who="1" ten="200,122,461,207" step="2"/><V68/><F102/><W100/><G100/><T36/><D88/><U117/><E117/><V69/><F97/><W37/><G130/><T81/><D98/><U41/><E41/><V9/><F9/><W24/><G91/><T11/><D96/><U38/><E38/><V119/><F10/><W94/><G42/><T76/><D11/><U86/><E86/><V105/><F20/><N who="0" m="7722" /><D36/><U108/><E108/><V34/><F119/><W120/><G37/><T109/><D109/><U135/><E135/><V29/><F34/><W127/><G120/><T89/><D89/><U17/><E17/><V32/><F32/><W25/><G87/><T53/><D53/><U113/><E113/><V111/><F111/><W116/><G116/><T72/><D72/><U78/><E78/><V3/><F5/><W103/><G103/><T99/><D99/><U13/><E13/><V44/><F3/><W106/><G12/><T55/><D55/><U75/><E75/><V60/><F60/><RYUUKYOKU ba="0,1" sc="200,15,122,15,461,-15,207,-15" hai0="31,50,52,56,76,81,85" hai1="8,14,16,18,21,26,40,45,48,63,67,80,82" /><INIT seed="7,1,1,1,2,16" ten="215,137,446,192" oya="3" hai0="119,74,110,63,23,18,107,22,129,113,79,101,55" hai1="87,100,65,117,31,44,77,89,70,0,82,109,90" hai2="52,61,111,24,68,34,54,85,48,112,121,14,13" hai3="41,95,33,6,8,97,64,126,43,56,67,28,123"/><W11/><G126/><T118/><D110/><U103/><E109/><V71/><F111/><W26/><G123/><T131/><D113/><U1/><E117/><V17/><F121/><W19/><G11/><T91/><D91/><U60/><E0/><V81/><F112/><W73/><G19/><T122/><D122/><U75/><E1/><V114/><F114/><W66/><G56/><N who="0" m="35231" /><D23/><U32/><E89/><V106/><F106/><W21/><G33/><T124/><D124/><U104/><E44/><V120/><F120/><W35/><G73/><T125/><D125/><U29/><E32/><V3/><F61/><W15/><REACH who="3" step="1"/><G35/><REACH who="3" ten="215,137,446,182" step="2"/><T76/><D74/><U62/><E62/><V58/><F17/><W2/><G2/><T57/><D57/><U47/><E47/><V116/><F58/><W105/><G105/><T127/><D127/><U83/><REACH who="1" step="1"/><E104/><REACH who="1" ten="215,127,446,182" step="2"/><V134/><F34/><W99/><G99/><T39/><D107/><U88/><E88/><AGARI ba="1,3" hai="6,8,15,21,26,28,41,43,64,66,67,88,95,97" machi="88" ten="40,12000,1" yaku="1,1,8,1,52,1,54,1,53,0" doraHai="16" doraHaiUra="130" who="3" fromWho="1" sc="215,0,127,-123,446,0,182,153" /><INIT seed="7,2,0,3,5,132" ten="215,4,446,335" oya="3" hai0="113,86,26,6,119,120,50,81,80,58,127,135,130" hai1="59,47,91,108,71,124,31,131,103,116,36,22,112" hai2="52,67,94,28,10,53,14,57,68,90,12,55,3" hai3="123,111,88,65,100,72,38,32,110,8,40,18,39"/><W66/><G123/><T60/><D119/><U125/><E91/><V16/><F68/><W133/><G32/><T49/><D120/><U89/><E89/><V82/><F3/><W48/><G72/><T109/><D109/><N who="3" m="41481" /><G100/><T76/><D135/><U51/><E103/><V84/><F28/><W74/><G74/><T43/><D130/><U13/><E13/><N who="2" m="7223" /><F82/><W87/><G133/><T117/><D117/><U0/><E22/><V27/><F27/><W98/><G98/><T83/><D113/><U104/><E31/><V34/><F34/><W129/><G129/><T1/><D1/><U99/><E99/><V105/><F105/><W63/><G48/><T41/><D6/><U77/><E77/><V75/><F75/><W134/><G134/><T93/><D93/><U17/><E17/><V85/><F85/><W121/><G121/><T78/><D81/><U46/><E104/><V101/><F101/><W9/><G66/><T11/><D86/><U70/><E0/><V45/><F45/><N who="1" m="16905" /><E36/><N who="3" m="13866" /><G40/><T2/><D43/><U115/><E108/><V37/><F37/><W95/><G18/><T25/><D41/><U7/><E7/><V126/><F67/><W96/><G87/><T5/><D5/><U44/><E131/><V35/><F35/><W122/><G122/><T62/><D83/><U29/><E116/><V106/><F84/><W107/><G107/><T24/><D80/><U23/><E29/><V56/><F106/><W69/><G8/><T97/><D11/><U64/><E64/><V42/><F42/><W30/><G9/><T4/><D4/><U128/><E112/><RYUUKYOKU ba="2,0" sc="215,-10,4,-10,446,-10,335,30" hai3="30,63,65,69,88,95,96" owari="205,-19.5,-6,-50.6,436,53.6,365,16.5" /></mjloggm>