<mjloggm ver="2.3"><GO type="169" lobby="0"/><UN n0="%E3%83%A9%E3%82%B9%E3%82%8B%E3%81%8B%E3%81%AA" n1="%E3%82%86%E3%83%BC%E3%82%84%2E%74" n2="%E3%83%90%E3%83%AA%E3%83%88%E3%83%B3" n3="%E3%83%8A%E3%83%8A%E3%82%A4%E3%83%AD%E3%83%A9%E3%82%A4%E3%83%88%E2%98%86" dan="17,17,17,16" rate="2203.03,2198.29,2245.11,2083.99" sx="M,M,M,F"/><TAIKYOKU oya="0"/><INIT seed="0,0,0,1,2,80" ten="250,250,250,250" oya="0" hai0="109,98,120,124,88,6,65,79,3,71,35,2,85" hai1="19,70,49,125,87,20,36,64,122,31,46,77,33" hai2="52,97,91,129,132,58,99,22,39,17,83,4,95" hai3="41,1,104,126,60,84,134,59,135,117,34,103,56"/><T73/><D120/><U53/><E122/><V102/><F132/><W81/><G1/><T0/><D35/><U110/><E110/><V72/><F129/><W76/><G34/><T66/><D124/><U63/><E125/><V112/><F39/><W101/><G117/><T69/><D109/><U47/><E31/><V100/><F4/><W93/><G126/><T29/><D29/><U96/><E33/><V11/><F11/><W57/><G104/><T61/><D98/><U133/><E133/><N who="3" m="50698" /><G41/><T8/><D79/><U94/><E36/><V116/><F112/><W45/><G45/><T32/><D73/><U92/><E47/><V28/><F28/><W131/><G131/><T89/><D32/><U7/><E7/><V50/><F116/><W5/><G5/><T86/><D66/><U118/><E118/><V44/><F72/><N who="3" m="43143" /><G60/><T111/><D69/><U130/><E130/><V82/><F44/><W123/><G123/><T114/><D114/><U38/><E38/><V26/><REACH who="2" step="1"/><F91/><AGARI ba="0,0" hai="56,57,59,84,91,93,101,103" m="43143,50698" machi="91" ten="30,2000,0" yaku="20,1,52,1" doraHai="80" who="3" fromWho="2" sc="250,0,250,0,250,-20,250,20" /><INIT seed="1,0,0,1,5,75" ten="250,250,230,270" oya="1" hai0="134,83,126,21,8,46,122,17,92,94,18,108,23" hai1="31,95,34,59,57,132,115,118,107,12,41,25,81" hai2="49,88,62,101,114,85,55,30,116,42,14,110,133" hai3="54,52,50,89,76,106,93,61,38,97,32,135,112"/><U90/><E115/><V100/><F116/><W13/><G112/><T102/><D108/><U71/><E118/><V6/><F110/><W48/><G38/><T43/><D134/><U120/><E120/><V98/><F133/><W58/><G135/><T29/><D126/><U4/><E132/><V37/><F37/><W119/><G119/><T45/><D29/><U99/><E71/><V35/><F42/><W1/><G1/><T103/><D83/><U60/><E107/><V15/><F62/><W20/><G32/><T9/><REACH who="0" step="1"/><D43/><REACH who="0" ten="240,250,230,270" step="2"/><U28/><E28/><V68/><F114/><W66/><G106/><T3/><D3/><U79/><E41/><V87/><F30/><W22/><G13/><T2/><D2/><U33/><E33/><V70/><F35/><W117/><G117/><T74/><D74/><U11/><REACH who="1" step="1"/><E60/><REACH who="1" ten="240,240,230,270" step="2"/><V67/><F70/><W53/><G61/><T73/><D73/><AGARI ba="0,2" hai="4,11,12,25,31,34,57,59,73,79,81,90,95,99" machi="73" ten="30,11600,0" yaku="1,1,2,1,7,1,52,1,53,0" doraHai="75" doraHaiUra="129" who="1" fromWho="0" sc="240,-116,240,136,230,0,270,0" /><INIT seed="1,1,0,4,3,15" ten="124,376,230,270" oya="1" hai0="85,119,73,130,1,36,66,59,53,77,26,74,128" hai1="106,86,23,9,112,19,21,69,117,123,108,118,84" hai2="134,57,131,38,103,50,62,129,14,31,114,64,76" hai3="124,68,3,94,52,22,5,95,18,32,89,12,110"/><U33/><E69/><V71/><F76/><W127/><G68/><T54/><D1/><U87/><E112/><V105/><F134/><W60/><G32/><T4/><D36/><U30/><E123/><V92/><F114/><W48/><G110/><T51/><D4/><U35/><E106/><V16/><F105/><W107/><G60/><T63/><D119/><U121/><E121/><V80/><F80/><W93/><G107/><T99/><D54/><U24/><E9/><V75/><F75/><W96/><G3/><T61/><D99/><U17/><E108/><V100/><F31/><W56/><G5/><T10/><D10/><U122/><E122/><V7/><F38/><W40/><G40/><T109/><D109/><U115/><E115/><V29/><F29/><W132/><G132/><T6/><D6/><U41/><E41/><V34/><F34/><W111/><G111/><T45/><D26/><U27/><REACH who="1" step="1"/><E35/><REACH who="1" ten="124,366,230,270" step="2"/><V88/><F71/><W55/><G55/><T58/><D128/><N who="2" m="49226" /><F7/><W79/><G79/><T67/><REACH who="0" step="1"/><D130/><REACH who="0" ten="114,366,230,270" step="2"/><U39/><E39/><V11/><F50/><W98/><REACH who="3" step="1"/><G95/><REACH who="3" ten="114,366,230,260" step="2"/><T90/><D90/><AGARI ba="1,3" hai="12,18,22,48,52,56,89,90,93,94,96,98,124,127" machi="90" ten="40,8000,1" yaku="1,1,2,1,9,1,52,1,54,1,53,0" doraHai="15" doraHaiUra="101" who="3" fromWho="0" sc="114,-83,366,0,230,0,260,113" /><INIT seed="2,0,0,3,4,75" ten="31,366,230,373" oya="2" hai0="87,125,51,120,37,39,112,16,100,26,134,89,110" hai1="66,55,91,41,20,34,15,30,57,96,73,14,36" hai2="58,45,46,102,60,29,84,17,54,28,65,92,85" hai3="94,107,1,49,90,135,113,63,105,119,25,69,79"/><V130/><F130/><W5/><G119/><T131/><D120/><U11/><E73/><V104/><F104/><W18/><G135/><T7/><D112/><U4/><E34/><V52/><F17/><W124/><G124/><T61/><D110/><U62/><E36/><V121/><F121/><W31/><G18/><T35/><D125/><U44/><E41/><V88/><F102/><W133/><G133/><T116/><D134/><U67/><E44/><N who="2" m="17003" /><F84/><W47/><G113/><T82/><D131/><U21/><E15/><V129/><F129/><W27/><G27/><T70/><D116/><U98/><E21/><V83/><F92/><W74/><G63/><T80/><D100/><U99/><REACH who="1" step="1"/><E91/><REACH who="1" ten="31,356,230,373" step="2"/><V12/><F12/><W40/><G1/><T13/><D39/><U93/><E93/><V72/><F72/><W50/><G74/><T115/><D37/><U77/><E77/><V59/><F54/><W114/><G79/><T103/><D13/><U86/><E86/><V78/><F78/><W97/><G114/><T24/><D89/><U64/><E64/><V23/><F23/><W126/><G126/><T118/><D87/><U42/><E42/><V127/><F127/><W3/><G107/><T122/><D115/><U128/><E128/><V109/><F109/><W2/><G105/><T68/><D35/><U22/><E22/><V32/><F32/><N who="3" m="20591" /><G3/><T56/><D118/><U9/><E9/><V95/><F95/><W33/><G33/><T101/><D122/><U111/><E111/><V108/><F108/><W106/><G106/><T6/><D26/><AGARI ba="0,1" hai="4,11,14,20,26,30,55,57,62,66,67,96,98,99" machi="26" ten="40,2600,0" yaku="1,1,8,1,53,0" doraHai="75" doraHaiUra="123" who="1" fromWho="0" sc="31,-26,356,36,230,0,373,0" /><INIT seed="3,0,0,0,5,51" ten="5,392,230,373" oya="3" hai0="83,79,44,12,5,61,92,21,117,16,69,19,13" hai1="72,39,105,113,88,68,103,60,48,78,114,90,85" hai2="31,116,55,121,120,9,27,100,63,127,126,70,82" hai3="0,95,54,58,62,8,49,56,96,18,115,25,76"/><W28/><G115/><T2/><D117/><U99/><E39/><V110/><F116/><W17/><G76/><T108/><D108/><U133/><E133/><V102/><F110/><W128/><G128/><T66/><D92/><N who="1" m="54287" /><E90/><V52/><F9/><W107/><G107/><T67/><D67/><N who="1" m="41063" /><E48/><V50/><F82/><AGARI ba="0,0" hai="72,78,82,99,103,105,113,114" m="41063,54287" machi="82" ten="30,2000,0" yaku="24,1,54,1" doraHai="51" who="1" fromWho="2" sc="5,0,392,20,230,-20,373,0" /><INIT seed="4,0,0,5,5,132" ten="5,412,210,373" oya="0" hai0="60,67,23,25,55,48,52,105,14,3,76,109,131" hai1="20,98,58,112,41,6,128,88,64,94,134,95,115" hai2="44,62,51,57,102,66,72,123,80,75,26,39,84" hai3="68,101,70,36,38,78,54,37,83,86,50,16,22"/><T126/><D3/><U8/><E134/><V61/><F123/><W114/><G114/><N who="1" m="43562" /><E128/><V104/><F39/><W0/><G101/><T121/><D121/><U118/><E118/><V21/><F61/><W89/><G0/><T63/><D131/><U110/><E110/><V18/><F102/><W29/><G29/><T97/><D109/><U73/><E73/><V82/><F82/><W116/><G116/><T30/><D76/><U92/><E41/><V46/><F46/><W28/><G28/><T111/><D111/><U103/><E20/><V85/><F85/><W11/><G11/><T91/><D126/><U4/><E4/><V47/><F47/><W127/><G127/><T113/><D113/><U79/><E79/><V40/><REACH who="2" step="1"/><F104/><REACH who="2" ten="5,412,200,373" step="2"/><W120/><G120/><T129/><D129/><U90/><E103/><V10/><F10/><W32/><G78/><AGARI ba="0,1" hai="18,21,26,40,44,51,57,62,66,72,75,78,80,84" machi="78" ten="30,3900,0" yaku="1,1,7,1,53,1" doraHai="132" doraHaiUra="12" who="2" fromWho="3" sc="5,0,412,0,200,49,373,-39" /><INIT seed="5,0,0,2,2,99" ten="5,412,249,334" oya="1" hai0="75,59,44,76,36,64,132,49,34,129,86,83,102" hai1="65,17,120,52,105,101,20,66,25,4,74,113,15" hai2="68,103,35,63,53,57,93,91,41,29,111,77,16" hai3="96,60,9,19,109,81,78,1,39,48,73,118,127"/><U27/><E120/><V13/><F111/><W24/><G109/><T135/><D34/><U51/><E74/><V119/><F119/><W124/><G39/><T22/><D129/><U82/><E113/><V58/><F68/><W125/><G118/><T28/><D36/><U43/><E43/><V55/><F77/><W130/><G130/><T94/><D75/><U121/><E121/><V26/><F41/><W71/><G48/><T10/><D10/><N who="1" m="4551" /><E101/><V6/><F6/><N who="3" m="1231" /><G96/><T89/><D28/><N who="1" m="17447" /><E105/><V67/><F58/><W21/><G60/><T69/><D22/><N who="1" m="13775" /><E82/><V14/><F103/><W72/><G72/><T126/><D126/><U131/><E131/><V100/><F100/><W42/><G42/><T46/><D69/><AGARI ba="0,0" hai="19,21,24,69,71,73,78,81,124,125,127" m="1231" machi="69" ten="30,1000,0" yaku="18,1" doraHai="99" who="3" fromWho="0" sc="5,-10,412,0,249,0,334,10" owari="-5,-50.5,412,51.2,249,-15.1,344,14.4" /></mjloggm>