<mjloggm ver="2.3"><GO type="169" lobby="0"/><UN n0="%E4%BF%BA%E3%81%A0%E3%81%91%E5%8D%B3%E8%A3%8F%E7%84%A1%E3%81%97" n1="%46%75%77%61" n2="%E3%82%AB%E3%83%A9%E6%9D%BE" n3="%E5%8D%B5%E3%81%8B%E3%81%91%E6%B6%85%E6%A7%83" dan="16,17,17,16" rate="2091.77,2177.50,2123.39,2160.76" sx="M,M,M,M"/><TAIKYOKU oya="0"/><INIT seed="0,0,0,1,0,79" ten="250,250,250,250" oya="0" hai0="64,21,59,92,115,3,16,15,106,50,82,72,73" hai1="81,45,54,83,99,116,43,75,89,118,94,71,49" hai2="126,127,128,47,32,131,34,67,113,78,1,24,134" hai3="66,90,62,129,41,7,130,121,135,4,105,87,108"/><T133/><D115/><U102/><E71/><V132/><F113/><W58/><G121/><T97/><D106/><U35/><E35/><V103/><F1/><W29/><G105/><T53/><D133/><N who="2" m="51306" /><F103/><W14/><G135/><T39/><D3/><U52/><E75/><V2/><F2/><W61/><G108/><T107/><D107/><U44/><E118/><V68/><F78/><W123/><G123/><T84/><D39/><U76/><E116/><V5/><F5/><W124/><G124/><N who="2" m="47657" /><F47/><W117/><G117/><T77/><D64/><U93/><E76/><V114/><F114/><W13/><G29/><T120/><D120/><U20/><E20/><V23/><F67/><W70/><G4/><T98/><D97/><N who="1" m="59695" /><E45/><V26/><F68/><W55/><G7/><T28/><REACH who="0" step="1"/><D28/><REACH who="0" ten="240,250,250,250" step="2"/><U48/><E48/><V19/><F26/><W42/><G42/><T11/><D11/><U96/><E96/><V51/><F51/><W9/><G41/><T104/><D104/><U111/><E111/><V38/><F38/><W57/><G9/><T22/><D22/><U46/><E46/><V119/><F119/><W80/><G70/><T10/><D10/><U6/><E6/><V0/><F0/><W12/><AGARI ba="0,1" hai="12,13,14,55,57,58,61,62,66,80,87,90,129,130" machi="12" ten="30,2000,0" yaku="0,1,52,1" doraHai="79" who="3" fromWho="3" sc="240,-10,250,-5,250,-5,250,30" /><INIT seed="1,0,0,1,3,106" ten="230,245,245,280" oya="1" hai0="46,115,110,25,41,65,40,88,67,12,38,36,57" hai1="117,127,1,126,49,13,96,62,100,129,32,112,122" hai2="56,73,86,20,84,91,89,54,7,26,109,39,24" hai3="132,114,94,29,77,47,59,69,35,128,3,5,28"/><U37/><E49/><V63/><F39/><N who="0" m="14890" /><D12/><U11/><E13/><V51/><F109/><W10/><G128/><T70/><D25/><U53/><E53/><V81/><F73/><W111/><G132/><T30/><D30/><U74/><E112/><V34/><F34/><W101/><G111/><T99/><D99/><U6/><E117/><V43/><F7/><W90/><G114/><T78/><D78/><U27/><E122/><V50/><F43/><N who="0" m="16458" /><D88/><U71/><E37/><V66/><F66/><N who="0" m="25098" /><D115/><U108/><E129/><V121/><F121/><W105/><G105/><T22/><D22/><U93/><E108/><V44/><F44/><W104/><G104/><T68/><D110/><U79/><E79/><V19/><REACH who="2" step="1"/><F26/><REACH who="2" ten="230,245,235,280" step="2"/><W134/><G47/><T103/><D46/><U123/><E123/><V82/><AGARI ba="0,1" hai="19,20,24,50,51,54,56,63,81,82,84,86,89,91" machi="82" ten="20,12000,2" yaku="1,1,2,1,0,1,7,1,9,1,8,1,53,1" doraHai="106" doraHaiUra="18" who="2" fromWho="2" sc="230,-30,245,-60,235,130,280,-30" /><INIT seed="2,0,0,0,1,102" ten="200,185,365,250" oya="2" hai0="103,25,10,44,85,75,4,3,13,11,50,116,14" hai1="30,77,2,60,106,113,127,105,119,107,132,23,15" hai2="16,100,71,58,36,97,101,28,98,69,34,43,26" hai3="117,95,31,87,1,67,18,90,17,53,64,9,121"/><V47/><F58/><W21/><G121/><T84/><D116/><U48/><E113/><V125/><F16/><W108/><G108/><T0/><D75/><U32/><E119/><V68/><F125/><W94/><G117/><T46/><D103/><U33/><E2/><V82/><F82/><W20/><G1/><T73/><D73/><U78/><E127/><V115/><F115/><W112/><G9/><T134/><D134/><U131/><E132/><V61/><F61/><W81/><G31/><T45/><D50/><U51/><E131/><V39/><F36/><W59/><G20/><T8/><D25/><U128/><E128/><V19/><F19/><W52/><G18/><T126/><D126/><U135/><E135/><V122/><F122/><W40/><G40/><T93/><D0/><U62/><E30/><V83/><F83/><W27/><G112/><T57/><D3/><U74/><E74/><V66/><F66/><N who="3" m="25131" /><G53/><T79/><D57/><U63/><E23/><V133/><F133/><W56/><G56/><T38/><D38/><U89/><E15/><N who="0" m="5641" /><D93/><U80/><E89/><V120/><F120/><W130/><G130/><T76/><D4/><U72/><REACH who="1" step="1"/><E78/><AGARI ba="0,0" hai="8,10,11,44,45,46,76,78,79,84,85" m="5641" machi="78" ten="40,5200,0" yaku="28,2,8,1" doraHai="102" who="0" fromWho="1" sc="200,52,185,-52,365,0,250,0" /><INIT seed="3,0,0,5,4,95" ten="252,133,365,250" oya="3" hai0="41,0,75,48,11,93,27,67,119,108,23,6,3" hai1="77,72,130,128,2,78,60,42,50,120,52,105,26" hai2="125,113,76,94,28,122,84,58,117,35,101,13,116" hai3="87,17,43,68,109,10,14,47,88,30,71,89,90"/><W62/><G109/><T106/><D106/><U44/><E120/><V59/><F113/><W69/><G30/><T103/><D75/><U73/><E2/><V63/><F122/><W74/><G74/><N who="1" m="28778" /><E26/><V118/><F125/><W32/><G32/><T12/><D108/><U39/><E105/><V114/><F114/><W65/><REACH who="3" step="1"/><G87/><REACH who="3" ten="252,133,365,240" step="2"/><T4/><D119/><U37/><E130/><V56/><F28/><W115/><G115/><T31/><D31/><U98/><E128/><V40/><F35/><W55/><G55/><T85/><D85/><U124/><E124/><V133/><F116/><W5/><G5/><T25/><D4/><U80/><E52/><V61/><F117/><W97/><G97/><T132/><D6/><U53/><E98/><V45/><F118/><W18/><G18/><T99/><D0/><U66/><E53/><V54/><F54/><W100/><G100/><T92/><D3/><U110/><E110/><V49/><F101/><W126/><G126/><T34/><D99/><U123/><E123/><V104/><F84/><W129/><G129/><T96/><D96/><U111/><E111/><V33/><F33/><W29/><G29/><T135/><D103/><U127/><E127/><V107/><F104/><W20/><G20/><T7/><D34/><U131/><E131/><V1/><F107/><W83/><G83/><T24/><D23/><U46/><E80/><V15/><F94/><N who="0" m="36458" /><D67/><U134/><E66/><V16/><F1/><W112/><G112/><T91/><D7/><U19/><E19/><V8/><F16/><W121/><G121/><T51/><D11/><RYUUKYOKU ba="0,1" sc="252,-10,133,-10,365,-10,240,30" hai3="10,14,17,43,47,62,65,68,69,71,88,89,90" /><INIT seed="3,1,1,3,0,39" ten="242,123,355,270" oya="3" hai0="82,97,83,131,78,126,110,113,132,44,52,24,23" hai1="109,51,19,86,27,21,8,114,118,14,84,93,73" hai2="55,88,40,77,53,105,18,60,124,107,119,29,96" hai3="41,15,4,56,103,61,104,25,47,134,108,6,63"/><W129/><G134/><T116/><D116/><U111/><E73/><V28/><F119/><W70/><G129/><T46/><D132/><U100/><E114/><V117/><F117/><W92/><G108/><N who="1" m="41546" /><E118/><V72/><F124/><W112/><G104/><T57/><D110/><U58/><E100/><V37/><F107/><W122/><G122/><T90/><D126/><U2/><E93/><V80/><F105/><W5/><G70/><T91/><D131/><U31/><E2/><V95/><F18/><W10/><G112/><T101/><D101/><U64/><E64/><V36/><F36/><W1/><G1/><T71/><D71/><U115/><E115/><V87/><F72/><W98/><G25/><T9/><D9/><U54/><AGARI ba="1,1" hai="8,14,19,21,27,31,51,54,58,84,86" m="41546" machi="54" ten="30,1100,0" yaku="14,1" doraHai="39" who="1" fromWho="1" sc="242,-4,123,24,355,-4,270,-6" /><INIT seed="4,0,0,5,5,1" ten="238,147,351,264" oya="0" hai0="109,121,66,17,34,45,71,125,97,30,3,15,86" hai1="58,49,83,43,47,23,112,108,84,29,65,99,80" hai2="44,126,32,59,92,81,21,106,124,104,75,24,56" hai3="116,12,134,26,33,9,79,96,85,93,123,42,82"/><T118/><D118/><U40/><E108/><V94/><F32/><W103/><G134/><T102/><D109/><U63/><E112/><V67/><F44/><W70/><G123/><T36/><D3/><U18/><E29/><V127/><F81/><W119/><G70/><T27/><D125/><U95/><E43/><V111/><F75/><W14/><G14/><T52/><D121/><U54/><E84/><V133/><F133/><W68/><G68/><T130/><D130/><U4/><E4/><V77/><F77/><W100/><G100/><T39/><D86/><U61/><E61/><N who="2" m="38311" /><F59/><W90/><G42/><T107/><D52/><U62/><E62/><V53/><F53/><W88/><G26/><T13/><D15/><U10/><E10/><V129/><F129/><W37/><G37/><T120/><D45/><U51/><E51/><V73/><F73/><W117/><REACH who="3" step="1"/><G33/><REACH who="3" ten="238,147,351,254" step="2"/><T74/><D120/><U60/><E65/><V11/><F111/><W57/><G57/><T2/><D2/><U64/><E64/><V38/><F38/><W50/><G50/><T87/><D39/><U35/><E63/><V115/><F124/><W20/><G20/><N who="0" m="11311" /><D36/><U135/><E35/><V28/><F126/><W16/><AGARI ba="0,1" hai="9,12,16,79,82,85,88,90,93,96,103,116,117,119" machi="16" ten="30,8000,1" yaku="1,1,0,1,54,2,53,1" doraHai="1" doraHaiUra="6" who="3" fromWho="3" sc="238,-40,147,-20,351,-20,254,90" /><INIT seed="5,0,0,4,1,79" ten="198,127,331,344" oya="1" hai0="128,4,119,42,123,20,126,6,30,29,16,114,58" hai1="53,70,61,84,129,45,96,90,97,40,52,99,3" hai2="19,49,27,88,8,77,32,15,25,118,50,35,87" hai3="71,44,106,18,26,41,72,78,91,113,36,111,11"/><U48/><E3/><V98/><F118/><W39/><G111/><T117/><D42/><U46/><E129/><V56/><F35/><W0/><G106/><T1/><D58/><U64/><REACH who="1" step="1"/><E46/><REACH who="1" ten="198,117,331,344" step="2"/><V59/><F32/><W103/><G113/><T122/><D128/><U110/><E110/><V85/><F59/><W21/><G0/><T86/><D1/><U115/><E115/><V116/><F56/><W2/><G2/><T28/><D114/><U67/><E67/><V112/><F112/><W68/><G71/><T124/><D117/><U95/><AGARI ba="0,1" hai="40,45,48,52,53,61,64,70,84,90,95,96,97,99" machi="95" ten="30,11700,0" yaku="1,1,0,1,54,1,53,1" doraHai="79" doraHaiUra="80" who="1" fromWho="1" sc="198,-39,117,127,331,-39,344,-39" /><INIT seed="5,1,0,5,2,118" ten="159,244,292,305" oya="1" hai0="71,134,103,40,68,36,94,109,67,29,77,99,74" hai1="18,63,115,102,2,15,30,105,32,60,125,12,120" hai2="81,117,0,14,56,91,110,44,69,104,135,7,123" hai3="92,122,121,86,58,83,38,47,16,114,22,31,126"/><U8/><E120/><V128/><F14/><W4/><G114/><T70/><D109/><U55/><E115/><V34/><F7/><W75/><G126/><T84/><D74/><U89/><E125/><V53/><F81/><W11/><G31/><T62/><D134/><U5/><E89/><V25/><F91/><W108/><G108/><T65/><D40/><U116/><E116/><V133/><F25/><W42/><G58/><T130/><D36/><U127/><E127/><V57/><F44/><W80/><G92/><T33/><D130/><U88/><E2/><V97/><F56/><W132/><G132/><T95/><D67/><U87/><E102/><V49/><F57/><W1/><G83/><T35/><D35/><U43/><E105/><V37/><F97/><W100/><G100/><T113/><D113/><U26/><E43/><V107/><F104/><W129/><G129/><T54/><D54/><U59/><E63/><V82/><F53/><W93/><G93/><T17/><D17/><U73/><E73/><V131/><F133/><W24/><G75/><T72/><D72/><U106/><E106/><V85/><F107/><W112/><G112/><T39/><D39/><U52/><E55/><V10/><F135/><W96/><G96/><N who="0" m="59799" /><D29/><U90/><E87/><V28/><F85/><W98/><G98/><T13/><D33/><U46/><E46/><V64/><F128/><W124/><G124/><T111/><D111/><U78/><E78/><AGARI ba="1,0" hai="1,4,11,16,22,24,38,42,47,78,80,86,121,122" machi="78" ten="30,7700,0" yaku="7,1,52,2,54,1" doraHai="118" who="3" fromWho="1" sc="159,0,244,-80,292,0,305,80" /><INIT seed="6,0,0,0,0,47" ten="159,164,292,385" oya="2" hai0="39,102,101,45,78,123,34,67,114,129,124,116,79" hai1="68,85,49,26,122,44,90,59,69,23,91,41,7" hai2="13,133,63,18,98,31,11,62,22,95,0,5,92" hai3="115,75,2,20,100,113,1,97,60,19,64,30,56"/><V58/><F133/><W131/><G30/><T10/><D123/><U21/><E122/><V119/><F119/><W118/><G75/><T46/><D34/><U82/><E7/><V37/><F37/><W65/><G65/><T103/><D116/><U35/><E35/><V110/><F110/><W73/><G73/><T105/><D105/><U33/><E33/><V74/><F74/><W53/><G64/><T106/><D106/><U40/><E40/><V83/><F31/><W25/><G131/><T121/><D121/><U52/><E91/><V24/><F83/><W130/><G130/><T27/><D129/><U16/><REACH who="1" step="1"/><E23/><REACH who="1" ten="159,154,292,385" step="2"/><V109/><F109/><W112/><G118/><T132/><D132/><U87/><E87/><V72/><F72/><W66/><G66/><T117/><D67/><U125/><E125/><V17/><F98/><W4/><G4/><T107/><D124/><U94/><E94/><AGARI ba="0,1" hai="1,2,19,20,25,53,56,60,94,97,100,112,113,115" machi="94" ten="40,2600,0" yaku="15,1,11,1" doraHai="47" who="3" fromWho="1" sc="159,0,154,-26,292,0,385,36" /><INIT seed="7,0,0,0,2,27" ten="159,128,292,421" oya="3" hai0="38,122,99,128,55,127,115,34,52,112,98,125,62" hai1="12,80,13,17,11,44,79,20,59,103,104,5,1" hai2="105,14,87,48,113,42,24,28,75,19,9,74,114" hai3="132,71,29,35,119,6,84,117,111,130,8,110,134"/><W91/><G71/><T63/><D34/><U36/><E104/><V126/><F105/><W21/><G35/><T72/><D72/><U40/><E103/><V106/><F106/><W33/><G33/><T83/><D83/><U131/><E131/><V67/><F67/><W82/><G130/><T65/><D128/><U58/><REACH who="1" step="1"/><E13/><REACH who="1" ten="159,118,292,421" step="2"/><V121/><F14/><N who="3" m="5399" /><G119/><T81/><D122/><U88/><E88/><V56/><F121/><W95/><G117/><T73/><D38/><U120/><E120/><V53/><F114/><N who="0" m="43562" /><D99/><U118/><E118/><V47/><F113/><W85/><G21/><T96/><D98/><U43/><E43/><V89/><F42/><W45/><G45/><T10/><D96/><U26/><E26/><V46/><F47/><W37/><G37/><T124/><D10/><U41/><E41/><V123/><F46/><W54/><G54/><N who="0" m="20523" /><D65/><U51/><E51/><V129/><F48/><W108/><G82/><T101/><D101/><U25/><E25/><V4/><F24/><W97/><G97/><T50/><D50/><U22/><E22/><V30/><F9/><W109/><G109/><T64/><D64/><U68/><E68/><V66/><F66/><W0/><G0/><T3/><D3/><U18/><E18/><V76/><F19/><W31/><G84/><AGARI ba="0,1" hai="1,5,11,12,17,20,36,40,44,58,59,79,80,84" machi="84" ten="30,2000,0" yaku="1,1,7,1,53,0" doraHai="27" doraHaiUra="92" who="1" fromWho="3" sc="159,0,118,30,292,0,421,-20" owari="159,-24.1,148,-35.2,292,9.2,401,50.1" /></mjloggm>