<mjloggm ver="2.3"><GO type="169" lobby="0"/><UN n0="%4D%6B%72%74%72" n1="%48%79" n2="%E3%83%97%E3%83%AC%E3%82%AF%E3%83%A9%E3%82%B9%E3%83%8B%E3%83%BC" n3="%E5%B1%8A%E3%81%8B%E3%81%AA%E3%81%84%E6%81%8B" dan="16,16,16,16" rate="2143.95,2134.39,2181.91,2144.79" sx="M,F,M,M"/><TAIKYOKU oya="0"/><INIT seed="0,0,0,0,4,86" ten="250,250,250,250" oya="0" hai0="74,84,38,19,7,29,117,34,20,104,39,72,42" hai1="33,22,94,132,116,1,47,44,55,91,69,93,125" hai2="14,21,83,89,122,119,109,63,115,70,100,131,6" hai3="79,118,35,32,71,0,60,3,66,133,77,24,4"/><T106/><D117/><U53/><E116/><V28/><F119/><W134/><G118/><RYUUKYOKU type="kaze4" ba="0,0" sc="250,0,250,0,250,0,250,0" /><INIT seed="0,1,0,1,5,110" ten="250,250,250,250" oya="0" hai0="52,63,8,128,20,103,47,81,53,100,129,61,46" hai1="51,13,125,79,23,12,116,85,126,97,95,77,36" hai2="6,76,60,4,114,32,40,69,54,50,64,90,133" hai3="62,86,65,27,16,21,124,18,91,119,55,82,66"/><T44/><D20/><U123/><E36/><V78/><F133/><W14/><G119/><T24/><D24/><U19/><E116/><V28/><F40/><W59/><REACH who="3" step="1"/><G124/><REACH who="3" ten="250,250,250,240" step="2"/><T83/><REACH who="0" step="1"/><D44/><REACH who="0" ten="240,250,250,240" step="2"/><U105/><E126/><V70/><F32/><W42/><G42/><T134/><D134/><U49/><E125/><V106/><F28/><W87/><G87/><T7/><D7/><U115/><E85/><V127/><F6/><W135/><G135/><T38/><D38/><U15/><E123/><V80/><F4/><W92/><G92/><T48/><D48/><U26/><E105/><V37/><F106/><W17/><G17/><T43/><D43/><U5/><E5/><V3/><F37/><W109/><G109/><T89/><D89/><U57/><E51/><V71/><F90/><W94/><G94/><T56/><D56/><U93/><E95/><V99/><F50/><W107/><G107/><T113/><D113/><U132/><E115/><V11/><F114/><W131/><G131/><T34/><D34/><U29/><E132/><V96/><F127/><W73/><G73/><T10/><AGARI ba="1,2" hai="8,10,46,47,52,53,61,63,81,83,100,103,128,129" machi="10" ten="25,12000,1" yaku="1,1,0,1,22,2,54,1,53,0" doraHai="110" doraHaiUra="33" who="0" fromWho="0" sc="240,143,250,-41,250,-41,240,-41" /><INIT seed="0,2,0,3,1,38" ten="383,209,209,199" oya="0" hai0="35,111,84,58,8,41,17,27,75,100,128,59,2" hai1="1,78,24,135,48,94,46,90,44,118,91,132,80" hai2="102,97,47,114,123,22,121,16,40,54,83,71,13" hai3="133,39,18,86,51,68,14,12,119,104,73,43,9"/><T33/><D75/><U115/><E118/><V116/><F116/><W61/><G73/><T74/><D74/><N who="1" m="43095" /><E1/><V120/><F114/><W63/><G104/><T0/><D128/><U49/><E115/><V76/><F71/><W25/><G39/><T99/><D111/><U89/><E94/><V108/><F54/><W112/><G112/><T23/><D84/><U30/><E48/><V82/><F108/><W98/><G68/><T31/><D41/><U88/><N who="1" m="22528" /><DORA hai="21" /><U69/><E49/><V19/><F76/><W26/><G119/><T77/><D77/><U3/><E3/><V81/><F19/><N who="3" m="8591" /><G86/><T42/><D0/><U92/><E92/><V101/><REACH who="2" step="1"/><F97/><REACH who="2" ten="383,209,199,199" step="2"/><W55/><G98/><T28/><D99/><U37/><E69/><V45/><F45/><N who="3" m="26047" /><G133/><N who="1" m="51274" /><E37/><AGARI ba="2,1" hai="13,16,22,37,40,47,81,82,83,101,102,120,121,123" machi="37" ten="50,8000,1" yaku="1,1,52,1,54,1,53,1" doraHai="38,21" doraHaiUra="10,67" who="2" fromWho="1" sc="383,0,209,-86,199,96,199,0" /><INIT seed="1,0,0,0,5,17" ten="383,123,295,199" oya="1" hai0="11,83,130,3,21,100,15,107,8,43,126,103,5" hai1="92,7,66,0,38,99,72,104,47,67,132,22,111" hai2="51,95,82,50,86,33,36,114,74,31,109,48,58" hai3="76,26,94,70,53,19,79,30,64,46,59,98,77"/><U106/><E132/><V37/><F74/><W27/><G70/><T129/><D126/><U57/><E72/><V45/><F114/><W61/><G19/><T73/><D43/><U118/><E118/><V78/><F109/><W71/><G46/><T62/><D62/><U28/><E111/><V10/><F58/><W121/><G121/><T6/><D107/><U101/><E7/><V69/><F69/><W113/><G113/><T112/><D112/><U119/><E0/><V96/><F10/><W117/><G117/><T2/><D15/><U12/><E119/><V116/><F116/><W90/><REACH who="3" step="1"/><G30/><REACH who="3" ten="383,123,295,189" step="2"/><T127/><D129/><U35/><E28/><V13/><F45/><W39/><G39/><T105/><D130/><U131/><E47/><V128/><F128/><W34/><G34/><T49/><D5/><U41/><E35/><V124/><F31/><W85/><G85/><T23/><D6/><U80/><E38/><V65/><F33/><W102/><G102/><T29/><D29/><U20/><E131/><V123/><F123/><W42/><G42/><T1/><D103/><U24/><E41/><V134/><F134/><W4/><G4/><T14/><D100/><U56/><E101/><N who="2" m="60575" /><F37/><W115/><G115/><T16/><D16/><U54/><E56/><V60/><F36/><W44/><G44/><T87/><D87/><U91/><E57/><N who="2" m="37007" /><F124/><W89/><G89/><T120/><D127/><U110/><E91/><V68/><F68/><W93/><G93/><T25/><D120/><U133/><E92/><V63/><F86/><W84/><G84/><T122/><D122/><RYUUKYOKU ba="0,1" sc="383,-10,123,-10,295,-10,189,30" hai3="26,27,53,59,61,64,71,76,77,79,90,94,98" /><INIT seed="2,1,1,5,1,41" ten="373,113,285,219" oya="2" hai0="1,64,46,81,85,54,127,105,36,12,23,126,135" hai1="63,52,72,6,24,79,11,42,90,132,66,45,117" hai2="57,108,125,61,109,103,112,91,16,47,86,38,67" hai3="120,83,58,113,134,118,26,20,8,62,39,59,49"/><V93/><F112/><W32/><G39/><T96/><D1/><U101/><E117/><V13/><F125/><W70/><G118/><T92/><D105/><U10/><E132/><V37/><F103/><W27/><G120/><T25/><D12/><U82/><E101/><V128/><F128/><W50/><G113/><T80/><D64/><U121/><E121/><V48/><F38/><W74/><G32/><T21/><D135/><U18/><E90/><V3/><F37/><W122/><G70/><T99/><D36/><U60/><E24/><V22/><REACH who="2" step="1"/><F3/><REACH who="2" ten="373,113,275,219" step="2"/><W55/><G134/><T71/><D127/><U4/><E4/><V0/><F0/><W28/><G122/><T107/><D126/><U123/><E6/><V84/><F84/><W56/><G74/><T43/><D85/><U102/><E102/><V75/><F75/><W130/><G130/><T5/><D5/><U19/><E72/><V29/><F29/><W110/><G28/><T76/><D99/><U97/><E97/><V40/><AGARI ba="1,2" hai="13,16,22,40,47,48,57,61,67,86,91,93,108,109" machi="40" ten="30,11700,0" yaku="1,1,0,1,52,1,54,1,53,0" doraHai="41" doraHaiUra="111" who="2" fromWho="2" sc="373,-40,113,-40,275,140,219,-40" /><INIT seed="2,2,0,2,4,122" ten="333,73,415,179" oya="2" hai0="4,130,55,8,128,76,30,36,14,48,84,66,46" hai1="107,126,0,34,103,65,97,87,133,109,43,10,12" hai2="58,112,21,2,62,73,47,9,17,16,74,28,26" hai3="24,7,104,59,125,118,110,116,60,25,93,57,18"/><V90/><F112/><W123/><G104/><T56/><D30/><U71/><E0/><V40/><F90/><W3/><G123/><T6/><D6/><U38/><E133/><V61/><F61/><W108/><G125/><T67/><D36/><U113/><E113/><V115/><F115/><W119/><G93/><T134/><D134/><U44/><E126/><V120/><F120/><W132/><G132/><T31/><D31/><U50/><E34/><V83/><F2/><W70/><G70/><T135/><D135/><U54/><E87/><V11/><F11/><W77/><G77/><T39/><D39/><U64/><E71/><V111/><F111/><N who="3" m="42539" /><G18/><T94/><D94/><U19/><REACH who="1" step="1"/><E109/><REACH who="1" ten="333,63,415,179" step="2"/><V101/><F73/><W98/><G98/><T114/><D114/><U42/><E42/><V102/><F74/><W33/><G33/><T20/><D84/><U91/><E91/><V63/><F101/><W127/><G127/><T27/><D76/><U81/><E81/><V53/><F102/><W78/><G78/><T15/><D130/><U96/><E96/><V86/><F83/><W37/><G37/><T89/><D89/><U131/><E131/><V13/><F86/><W68/><G68/><T22/><D128/><U82/><E82/><V92/><F92/><W80/><G80/><T1/><D1/><U106/><E106/><V41/><F41/><W99/><G99/><T117/><D117/><U72/><E72/><V105/><F105/><W95/><G95/><T100/><D100/><U129/><E129/><V75/><F75/><W23/><G118/><T85/><D85/><RYUUKYOKU ba="2,1" sc="333,-10,63,30,415,-10,179,-10" hai1="10,12,19,38,43,44,50,54,64,65,97,103,107" /><INIT seed="3,3,1,3,1,15" ten="323,93,405,169" oya="3" hai0="96,134,62,19,76,75,59,31,98,30,37,107,70" hai1="65,0,5,126,101,111,82,106,109,102,135,26,132" hai2="32,87,13,122,41,56,78,130,18,118,39,104,46" hai3="10,1,119,58,77,72,25,100,69,86,117,80,7"/><W115/><G115/><T14/><D37/><U24/><E126/><V35/><F118/><W48/><G69/><T81/><D70/><U6/><E65/><V120/><F104/><W27/><G100/><N who="1" m="38506" /><E82/><N who="2" m="47575" /><F56/><W54/><REACH who="3" step="1"/><G72/><REACH who="3" ten="323,93,405,159" step="2"/><T71/><D71/><U28/><E132/><V125/><F125/><W74/><G74/><T20/><D134/><U79/><E135/><V53/><F122/><W83/><G83/><T38/><D107/><U33/><E106/><V11/><F120/><W123/><G123/><T3/><D75/><U49/><E111/><V8/><F130/><W16/><G16/><T129/><D19/><U67/><E109/><V43/><F18/><W68/><G68/><T17/><D17/><U91/><E6/><V99/><F11/><W21/><G21/><T50/><D20/><U4/><E5/><V40/><F8/><W23/><G23/><T131/><D81/><U94/><E4/><V108/><F32/><W63/><G63/><T97/><D131/><U133/><E33/><V12/><F35/><W116/><AGARI ba="3,2" hai="1,7,10,25,27,48,54,58,77,80,86,116,117,119" machi="116" ten="30,11700,0" yaku="1,1,0,1,53,2" doraHai="15" doraHaiUra="22" who="3" fromWho="3" sc="323,-42,93,-42,405,-42,159,146" /><INIT seed="3,4,0,0,2,40" ten="281,51,363,305" oya="3" hai0="69,99,30,71,50,49,51,75,127,26,7,13,118" hai1="20,31,28,19,44,12,102,5,81,132,91,107,41" hai2="2,34,60,90,121,108,38,76,78,126,66,125,36" hai3="95,131,53,15,116,25,88,67,74,22,87,119,42"/><W77/><G131/><T115/><D118/><U111/><E111/><V129/><F108/><W56/><G67/><T58/><D75/><U79/><E132/><V97/><F129/><W70/><G70/><T103/><D127/><N who="2" m="48650" /><F34/><W130/><G130/><T1/><D1/><U133/><E133/><V105/><F2/><W32/><G32/><T68/><D115/><U62/><E91/><V65/><F65/><W82/><G15/><T109/><D109/><U39/><E5/><V48/><F48/><W122/><G42/><T37/><D37/><N who="2" m="14442" /><F121/><W18/><REACH who="3" step="1"/><G122/><REACH who="3" ten="281,51,363,295" step="2"/><T52/><D13/><U84/><REACH who="1" step="1"/><E62/><AGARI ba="4,1" hai="18,22,25,53,56,62,74,77,82,87,88,95,116,119" machi="62" ten="30,12000,1" yaku="1,1,2,1,7,1,54,1,53,1" doraHai="40" doraHaiUra="21" who="3" fromWho="1" sc="281,0,51,-132,363,0,295,142" owari="281,-11.9,-81,-58.1,363,16.3,437,53.7" /></mjloggm>