<mjloggm ver="2.3"><GO type="169" lobby="0"/><UN n0="%E4%BE%8D" n1="%E4%BA%BA%E7%8B%BC" n2="%E8%8A%B1%E9%81%93%E6%A1%9C%E6%9C%A8" n3="%E7%89%A7%E5%A0%B4%E3%81%AE%E5%B0%91%E5%A5%B3" dan="18,16,16,17" rate="2251.73,2064.15,2140.68,2195.59" sx="M,M,M,F"/><TAIKYOKU oya="0"/><INIT seed="0,0,0,2,3,69" ten="250,250,250,250" oya="0" hai0="65,51,73,27,66,128,11,123,17,81,60,5,85" hai1="13,115,103,42,18,44,130,39,82,52,98,29,99" hai2="15,59,55,1,95,25,125,4,78,64,7,72,0" hai3="121,53,116,79,100,101,40,10,61,113,63,12,2"/><T19/><D73/><U86/><E130/><V20/><F125/><W36/><G113/><T118/><D123/><U16/><E115/><V75/><F64/><W50/><G116/><T14/><D118/><U8/><E29/><V106/><F106/><W111/><G111/><T131/><D65/><U22/><E103/><V91/><F1/><W122/><G2/><T33/><D33/><U84/><E84/><V48/><F0/><W26/><G79/><T56/><D27/><U32/><E32/><V87/><F75/><W38/><G26/><T117/><D117/><U133/><E52/><V97/><F15/><W124/><G40/><T80/><D80/><U83/><E133/><V3/><F3/><W70/><G100/><T120/><D120/><N who="3" m="46185" /><G101/><T47/><D128/><U34/><E34/><V67/><F67/><N who="3" m="41327" /><G63/><T96/><D96/><U21/><E8/><V108/><F108/><W54/><G124/><T77/><REACH who="0" step="1"/><D131/><REACH who="0" ten="240,250,250,250" step="2"/><U76/><REACH who="1" step="1"/><E82/><REACH who="1" ten="240,240,250,250" step="2"/><N who="2" m="47575" /><F72/><W62/><G62/><T71/><D71/><U102/><E102/><V6/><F97/><W104/><G104/><T9/><D9/><U114/><E114/><V126/><F95/><W24/><G24/><AGARI ba="0,2" hai="13,16,18,21,22,24,39,42,44,76,83,86,98,99" machi="24" ten="30,7700,0" yaku="1,1,7,1,52,1,54,1,53,0" doraHai="69" doraHaiUra="129" who="1" fromWho="3" sc="240,0,240,97,250,0,250,-77" /><INIT seed="1,0,0,4,4,120" ten="240,337,250,173" oya="1" hai0="113,9,49,17,15,6,39,45,32,29,121,63,20" hai1="52,135,85,12,59,88,22,50,61,83,47,67,51" hai2="31,116,129,4,40,94,16,25,66,1,68,114,123" hai3="41,65,74,18,69,119,109,111,87,107,54,118,8"/><U76/><E135/><V130/><F116/><N who="3" m="44587" /><G74/><T14/><D121/><U125/><E125/><V62/><F123/><W98/><G41/><T91/><D113/><U57/><E22/><V100/><F114/><W38/><G38/><T97/><D39/><U33/><E33/><V126/><F126/><W117/><N who="3" m="44595" /><W60/><DORA hai="58" /><G54/><T27/><D97/><U28/><E28/><V44/><F1/><W70/><G70/><T35/><D91/><U108/><E108/><N who="3" m="41546" /><G87/><T92/><D92/><U78/><E12/><V2/><F2/><W84/><G84/><T36/><D36/><U0/><E0/><V71/><F71/><W124/><G124/><T75/><D75/><U110/><E110/><V131/><F94/><W81/><G81/><T73/><D73/><U46/><E46/><V86/><F86/><W102/><G18/><T133/><D63/><U80/><E80/><V103/><F16/><W89/><G8/><T10/><D133/><U48/><E48/><N who="2" m="26631" /><F4/><W99/><G98/><T11/><D10/><U3/><E3/><V24/><F24/><W115/><G115/><T132/><D132/><U7/><E7/><V79/><F79/><W5/><G89/><T30/><D30/><U95/><E95/><V77/><F77/><W13/><G13/><T53/><AGARI ba="0,0" hai="6,9,11,14,15,17,20,27,29,32,35,45,49,53" machi="53" ten="20,1500,0" yaku="0,1,7,1" doraHai="120,58" who="0" fromWho="0" sc="240,15,337,-7,250,-4,173,-4" /><INIT seed="2,0,0,1,0,36" ten="255,330,246,169" oya="2" hai0="37,115,65,81,120,130,35,1,77,55,34,106,102" hai1="29,22,21,103,43,30,51,91,12,119,129,118,3" hai2="67,90,2,17,28,104,71,89,14,93,100,117,52" hai3="116,107,99,68,122,85,105,57,95,49,76,83,53"/><V47/><F2/><W16/><G68/><T40/><D115/><U15/><E103/><V127/><F117/><W18/><G116/><T88/><D120/><U59/><E91/><V84/><F127/><W25/><G122/><T108/><D55/><U109/><E59/><V133/><F133/><W58/><G58/><T121/><D121/><U26/><E51/><V46/><F28/><W128/><G128/><T61/><D130/><U44/><E44/><V96/><F90/><W7/><G7/><T79/><D79/><U101/><E101/><V27/><F27/><W6/><G6/><T134/><D88/><U98/><E98/><V54/><F47/><W48/><G48/><T45/><D1/><U50/><E50/><V5/><F5/><W32/><G32/><T56/><D108/><U19/><E129/><V9/><REACH who="2" step="1"/><F46/><REACH who="2" ten="255,330,236,169" step="2"/><W135/><G135/><T113/><D134/><U42/><E3/><V74/><F74/><W4/><G4/><T60/><D113/><U78/><E26/><V75/><F75/><W39/><G39/><T24/><D24/><U23/><E118/><V11/><F11/><W114/><G114/><T111/><D45/><U124/><E124/><V33/><F33/><W92/><G25/><T94/><D34/><U8/><E8/><V126/><F126/><W10/><G10/><T112/><D35/><U131/><E131/><V132/><F132/><W20/><G20/><T38/><D38/><U82/><E23/><V64/><F64/><W41/><G18/><T80/><D37/><U62/><E22/><V97/><F97/><W0/><G99/><RYUUKYOKU ba="0,1" sc="255,-10,330,-10,236,30,169,-10" hai2="9,14,17,52,54,67,71,84,89,93,96,100,104" /><INIT seed="2,1,1,1,0,28" ten="245,320,266,159" oya="2" hai0="36,106,121,57,32,26,130,25,20,3,37,116,115" hai1="114,30,88,108,70,15,62,100,112,39,111,75,110" hai2="127,93,9,81,79,80,40,24,102,35,77,29,1" hai3="84,14,11,122,31,38,78,90,34,97,8,23,41"/><V107/><F127/><W132/><G122/><T105/><D115/><U27/><E39/><V129/><F107/><W91/><G132/><T5/><D121/><U56/><E75/><V63/><F129/><W135/><G135/><T50/><D130/><U133/><E100/><V109/><F40/><W46/><G78/><T7/><D3/><U44/><E44/><V45/><F109/><W55/><G55/><T43/><D20/><U128/><E128/><V49/><F63/><W17/><G97/><T2/><D2/><U131/><E15/><V47/><F102/><W120/><G91/><T96/><D50/><U103/><E103/><V68/><F93/><W126/><G126/><T51/><D57/><U10/><E10/><V85/><F68/><W69/><G69/><T0/><D0/><U54/><E70/><V16/><F49/><W82/><REACH who="3" step="1"/><G120/><REACH who="3" ten="245,320,266,149" step="2"/><T104/><D96/><U71/><E71/><V76/><F76/><W83/><G83/><T6/><D43/><U113/><E131/><V59/><F81/><W53/><G53/><T125/><D125/><U123/><E123/><V94/><F79/><W87/><G87/><T117/><D117/><U67/><E133/><V134/><F134/><W65/><G65/><T86/><D86/><U95/><E67/><V19/><F85/><W101/><G101/><T60/><D116/><U119/><E119/><V98/><F98/><W99/><G99/><T12/><D106/><U92/><E88/><V21/><F80/><W18/><G18/><T89/><D89/><U42/><E42/><V72/><F77/><W73/><G73/><RYUUKYOKU ba="1,2" sc="245,-15,320,15,266,-15,149,15" hai1="27,30,54,56,62,92,95,108,110,111,112,113,114" hai3="8,11,14,17,23,31,34,38,41,46,82,84,90" /><INIT seed="3,2,2,4,0,11" ten="230,335,251,164" oya="3" hai0="33,88,40,17,126,42,70,132,0,29,54,49,135" hai1="97,35,19,85,7,21,58,45,12,121,86,68,112" hai2="51,75,89,41,107,100,24,131,73,103,127,28,22" hai3="76,120,118,67,6,122,123,38,48,14,27,93,8"/><W3/><G38/><T94/><D70/><U83/><E121/><V133/><F133/><N who="0" m="51274" /><D0/><U74/><E112/><V69/><F69/><W15/><G118/><T115/><D126/><U63/><E68/><V110/><F127/><W114/><G114/><T99/><D115/><U61/><E35/><V23/><F110/><W129/><G129/><T36/><D36/><U13/><E97/><V95/><F131/><W72/><G67/><T59/><D17/><U26/><E45/><V16/><F75/><W57/><G27/><AGARI ba="2,2" hai="27,29,33,40,42,49,54,59,88,94,99" m="51274" machi="27" ten="30,2000,0" yaku="20,1,54,1" doraHai="11" who="0" fromWho="3" sc="230,46,335,0,251,0,164,-26" /><INIT seed="4,0,0,0,4,12" ten="276,335,251,138" oya="0" hai0="71,76,35,81,129,33,70,98,8,132,54,46,73" hai1="42,108,68,115,11,94,61,43,48,104,83,114,72" hai2="10,88,17,119,65,21,90,107,9,30,102,121,133" hai3="109,62,55,130,19,53,41,50,128,100,51,27,80"/><T120/><D120/><U64/><E108/><V82/><F121/><W74/><G109/><T23/><D129/><U66/><E104/><V86/><F133/><W32/><G100/><T135/><D23/><U52/><E66/><V58/><F119/><W97/><G97/><T92/><D54/><U4/><E94/><V45/><F30/><W20/><G32/><N who="0" m="12363" /><D46/><N who="1" m="27671" /><E83/><V26/><F107/><W13/><G41/><T84/><D84/><U79/><E79/><V56/><F102/><W60/><G74/><T96/><D8/><U0/><E72/><V16/><F45/><W87/><G51/><T25/><D96/><U95/><E95/><V2/><F90/><W18/><G55/><T49/><D49/><U93/><E93/><V111/><F111/><W106/><G106/><T77/><D77/><U103/><E103/><V127/><F2/><W131/><G50/><T22/><D92/><U29/><E29/><V67/><F9/><N who="3" m="6447" /><G53/><T6/><D98/><U91/><E91/><AGARI ba="0,0" hai="19,20,27,60,62,80,87,91,128,130,131" m="6447" machi="91" ten="30,3900,0" yaku="19,1,52,2" doraHai="12" who="3" fromWho="1" sc="276,0,335,-39,251,0,138,39" /><INIT seed="5,0,0,2,2,75" ten="276,296,251,177" oya="1" hai0="44,40,21,112,87,49,61,23,37,32,56,80,88" hai1="7,30,107,133,48,18,29,131,47,35,9,53,52" hai2="82,98,62,25,127,50,67,27,19,58,28,71,121" hai3="14,13,33,16,63,24,110,45,6,68,5,109,125"/><U60/><E133/><V130/><F121/><W38/><G125/><T128/><D112/><U10/><E131/><V129/><F127/><W12/><G68/><T0/><D128/><N who="2" m="49258" /><F98/><W123/><G63/><T78/><D32/><U124/><E124/><V91/><F19/><W84/><G123/><T97/><D0/><U132/><E107/><V46/><F71/><W85/><G38/><T66/><D37/><U73/><E73/><V135/><F28/><N who="3" m="19591" /><G84/><T122/><D122/><U4/><E132/><V34/><F34/><W36/><G85/><T126/><D126/><U51/><E60/><V108/><F108/><N who="3" m="41579" /><G45/><T86/><D97/><U31/><E35/><V90/><F135/><W17/><G36/><T116/><D116/><U43/><E43/><V11/><F91/><W119/><G119/><T2/><D2/><U94/><E94/><AGARI ba="0,0" hai="21,23,40,44,49,56,61,66,78,80,86,87,88,94" machi="94" ten="30,7700,0" yaku="7,1,8,1,52,1,54,1" doraHai="75" who="0" fromWho="1" sc="276,77,296,-77,251,0,177,0" /><INIT seed="6,0,0,0,3,129" ten="353,219,251,177" oya="2" hai0="97,132,59,30,19,124,123,47,33,50,116,74,0" hai1="51,111,118,110,130,122,43,108,68,104,91,61,90" hai2="5,95,14,36,53,94,54,78,77,21,115,134,80" hai3="56,114,125,102,48,44,11,92,38,37,9,81,131"/><V100/><F36/><W24/><G131/><T40/><D123/><U135/><E118/><V15/><F115/><W34/><G125/><T133/><D74/><U49/><E130/><V113/><F113/><W107/><G107/><T41/><D0/><U79/><E104/><V20/><F80/><W17/><G114/><T25/><D124/><U60/><E79/><V75/><F5/><W66/><G81/><T13/><D116/><U101/><E101/><V69/><F100/><W28/><G66/><T76/><D76/><U7/><E7/><V32/><F32/><W63/><G56/><T57/><D41/><U29/><E29/><V2/><F2/><W109/><G63/><T98/><D59/><U55/><E122/><V89/><F89/><W39/><G109/><T3/><D57/><N who="1" m="34879" /><E90/><V106/><F106/><W45/><G17/><T126/><D3/><U105/><E105/><V26/><F26/><W58/><G58/><T93/><D126/><U23/><E23/><V22/><F22/><W35/><G35/><T88/><REACH who="0" step="1"/><D97/><REACH who="0" ten="343,219,251,177" step="2"/><U18/><E108/><V83/><F75/><W10/><REACH who="3" step="1"/><G48/><REACH who="3" ten="343,219,251,167" step="2"/><T103/><D103/><U82/><E51/><V70/><F83/><W67/><G67/><T65/><D65/><U27/><E49/><V85/><F70/><W46/><G46/><T120/><D120/><U128/><E68/><V86/><F69/><W52/><G52/><T121/><D121/><U4/><E110/><V71/><F71/><W112/><G112/><T73/><D73/><U12/><E111/><V42/><F54/><W8/><N who="3" m="2048" /><DORA hai="99" /><W1/><G1/><RYUUKYOKU ba="0,2" sc="343,15,219,-15,251,-15,167,15" hai0="13,19,25,30,33,40,47,50,88,93,98,132,133" hai3="24,28,34,37,38,39,44,45,92,102" /><INIT seed="7,1,2,1,2,49" ten="358,204,236,182" oya="3" hai0="45,133,106,6,83,3,77,134,50,81,10,89,20" hai1="78,24,79,18,59,39,86,62,128,114,4,91,58" hai2="46,71,22,44,118,56,97,29,125,121,38,17,132" hai3="110,101,15,66,33,63,48,51,37,87,124,5,102"/><W11/><G37/><T26/><D106/><U2/><E39/><V40/><F71/><W122/><G122/><T104/><D104/><U116/><E114/><V64/><F118/><W70/><G110/><T96/><D89/><U115/><E115/><V129/><F129/><W108/><G108/><T113/><D96/><U54/><E128/><V32/><F125/><W80/><G33/><T107/><D107/><U119/><E4/><V7/><F7/><W19/><G124/><T43/><D113/><U36/><E2/><V76/><F76/><W82/><G82/><T28/><REACH who="0" step="1"/><D81/><REACH who="0" ten="348,204,236,182" step="2"/><U60/><E116/><V111/><F97/><W72/><G72/><AGARI ba="1,3" hai="3,6,10,20,26,28,43,45,50,72,77,83,133,134" machi="72" ten="40,5200,0" yaku="1,1,2,1,53,1" doraHai="49" doraHaiUra="41" who="0" fromWho="3" sc="348,85,204,0,236,0,182,-55" owari="433,53.3,204,-19.6,236,3.6,127,-37.3" /></mjloggm>