<mjloggm ver="2.3"><GO type="169" lobby="0"/><UN n0="%E3%81%8D%E3%82%83%E3%83%BC%E3%82%8D%E3%82%93" n1="%43%72%37" n2="%E8%B6%85%E7%B5%B6%E5%82%99%E9%95%B7%E7%82%AD" n3="%E6%99%AE%E9%9C%B2%E9%9C%B2" dan="16,17,16,16" rate="2113.53,2208.73,2054.87,2129.15" sx="M,M,M,M"/><TAIKYOKU oya="0"/><INIT seed="0,0,0,5,1,24" ten="250,250,250,250" oya="0" hai0="59,132,129,108,78,134,11,48,110,79,23,104,87" hai1="102,128,107,84,133,99,55,19,98,100,117,31,39" hai2="121,85,27,64,94,67,26,68,97,43,1,63,35" hai3="25,17,109,135,116,130,30,57,127,105,14,131,10"/><T45/><D104/><U0/><E117/><V123/><F1/><W93/><G105/><T22/><D129/><N who="3" m="49161" /><G116/><T7/><D59/><U4/><E128/><V114/><F114/><W120/><G109/><N who="0" m="42091" /><D79/><U12/><E39/><V76/><F43/><W69/><G69/><T96/><D96/><U70/><E133/><N who="0" m="51305" /><D87/><U75/><E84/><V61/><F85/><W9/><G127/><T16/><D16/><U106/><E70/><V49/><F76/><W77/><G77/><T2/><D78/><U125/><E75/><V60/><F68/><W5/><G57/><T15/><D2/><U83/><E125/><V36/><F97/><W62/><G62/><T34/><D34/><U51/><E0/><V89/><F35/><N who="3" m="20943" /><G135/><T118/><D118/><U71/><E71/><V88/><F63/><W38/><G38/><T54/><AGARI ba="0,0" hai="7,11,15,22,23,45,48,54" m="51305,42091" machi="54" ten="30,6000,0" yaku="14,1,10,1,20,1" doraHai="24" who="0" fromWho="0" sc="250,60,250,-20,250,-20,250,-20" /><INIT seed="0,1,0,1,0,22" ten="310,230,230,230" oya="0" hai0="113,83,18,114,63,10,55,51,57,84,91,98,74" hai1="21,14,52,40,61,62,50,24,112,1,25,46,2" hai2="64,92,134,121,120,16,30,56,23,0,129,26,53" hai3="132,106,29,126,17,48,38,73,39,85,9,78,77"/><T104/><D74/><U90/><E112/><V49/><F0/><W93/><G106/><T69/><D69/><U101/><E1/><V116/><F129/><W82/><G126/><T68/><D68/><U135/><E2/><V86/><F134/><W125/><G125/><T4/><D18/><N who="1" m="10455" /><E101/><V105/><F105/><W11/><G132/><T70/><D104/><U124/><E135/><V99/><F116/><W54/><G77/><T47/><D70/><U36/><E36/><V118/><F64/><W123/><G123/><T44/><D98/><U20/><E124/><V13/><F118/><W59/><G29/><T115/><REACH who="0" step="1"/><D51/><REACH who="0" ten="300,230,230,230" step="2"/><N who="1" m="27079" /><E90/><V76/><F76/><W12/><G39/><T72/><D72/><U66/><E66/><V79/><F79/><W107/><G107/><T94/><D94/><U133/><E133/><V27/><F86/><W117/><G38/><T5/><D5/><U81/><E81/><V41/><F120/><W119/><G73/><T42/><D42/><U15/><E62/><V75/><F41/><W100/><G119/><T35/><D35/><U28/><E61/><V80/><F75/><W97/><G117/><T110/><D110/><U19/><E28/><V109/><F80/><W33/><G33/><T102/><D102/><U32/><E32/><V65/><F121/><W128/><G128/><T96/><D96/><U131/><E131/><V31/><F109/><W122/><G122/><T88/><D88/><U108/><E108/><V7/><F7/><W127/><G127/><T6/><D6/><U3/><E3/><AGARI ba="1,1" hai="3,4,10,44,47,55,57,63,83,84,91,113,114,115" machi="3" ten="40,12000,1" yaku="1,1,53,3" doraHai="22" doraHaiUra="111" who="0" fromWho="1" sc="300,133,230,-123,230,0,230,0" /><INIT seed="0,2,0,2,2,47" ten="433,107,230,230" oya="0" hai0="50,89,128,43,9,132,105,73,102,42,87,49,23" hai1="61,127,64,17,86,7,63,16,115,38,88,48,59" hai2="107,36,31,22,106,11,30,74,116,119,76,75,129" hai3="130,32,114,2,12,1,71,112,29,54,6,91,79"/><T21/><D128/><U97/><E38/><V117/><F36/><W41/><G71/><T33/><D33/><U131/><E131/><V99/><F129/><W4/><G41/><N who="0" m="15371" /><D73/><U46/><E127/><V120/><F120/><W135/><G79/><T20/><D105/><U70/><E115/><V51/><F76/><W62/><G135/><T44/><D132/><U113/><E113/><V95/><F11/><W101/><G101/><T77/><D77/><U111/><E97/><V133/><F22/><W40/><G40/><T81/><D102/><U15/><E111/><V118/><F118/><W13/><G91/><T58/><D9/><N who="1" m="4543" /><E63/><V27/><F133/><W100/><G100/><T93/><D58/><U83/><E70/><V121/><F121/><W65/><G130/><T66/><D66/><U108/><E108/><V10/><F75/><W37/><G65/><T52/><D50/><U109/><E109/><V8/><F51/><W18/><G62/><T39/><D39/><U92/><E92/><AGARI ba="2,0" hai="20,21,23,44,49,52,81,87,89,92,93" m="15371" machi="92" ten="30,5800,0" yaku="8,1,52,1,54,1" doraHai="47" who="0" fromWho="1" sc="433,64,107,-64,230,0,230,0" /><INIT seed="0,3,0,1,4,63" ten="497,43,230,230" oya="0" hai0="33,115,98,84,100,29,112,53,58,55,110,19,125" hai1="40,103,3,13,118,10,94,2,114,131,113,52,66" hai2="21,65,77,60,27,26,49,36,124,38,129,18,72" hai3="4,111,7,5,6,121,97,8,1,93,0,31,78"/><T59/><D125/><U95/><E118/><V17/><F124/><W105/><G105/><T109/><D33/><U134/><E40/><V88/><F129/><W67/><G78/><T14/><D29/><U133/><E131/><V70/><F49/><W107/><G107/><T135/><D84/><U69/><E103/><V85/><F77/><W39/><G39/><T57/><D135/><N who="1" m="51723" /><E52/><N who="0" m="20041" /><D98/><U61/><E94/><V28/><F72/><W51/><G111/><N who="0" m="42507" /><D100/><U130/><E95/><V42/><F42/><W11/><G121/><T104/><D104/><U30/><E30/><V89/><F89/><W81/><G81/><T119/><D119/><U56/><E69/><V132/><F132/><W74/><G31/><T23/><AGARI ba="3,0" hai="14,19,23,57,58,59,112,115" m="42507,20041" machi="23" ten="40,7800,0" yaku="14,1,10,1,54,1" doraHai="63" who="0" fromWho="0" sc="497,87,43,-29,230,-29,230,-29" /><INIT seed="0,4,0,0,1,22" ten="584,14,201,201" oya="0" hai0="50,34,93,129,125,112,45,106,42,122,91,134,70" hai1="100,51,103,40,68,81,79,9,58,128,3,84,114" hai2="55,41,90,113,43,108,26,105,20,117,7,107,119" hai3="89,39,97,53,80,36,6,47,118,124,130,12,29"/><T5/><D122/><U85/><E68/><V96/><F113/><W19/><G118/><N who="2" m="45065" /><F108/><W66/><G124/><T14/><D112/><U52/><E114/><V28/><F7/><W74/><G130/><T11/><D106/><N who="2" m="40458" /><F55/><W88/><G6/><T121/><D121/><U127/><E128/><V64/><F64/><W67/><G39/><T78/><D129/><U1/><E127/><V95/><AGARI ba="4,0" hai="20,26,28,41,43,90,95,96" m="40458,45065" machi="95" ten="40,2700,0" yaku="12,1,52,1" doraHai="22" who="2" fromWho="2" sc="584,-17,14,-11,201,39,201,-11" /><INIT seed="1,0,0,4,5,117" ten="567,3,240,190" oya="1" hai0="132,64,16,84,42,35,89,109,71,13,24,6,0" hai1="135,72,15,27,38,81,91,116,21,45,102,93,41" hai2="101,30,121,87,100,36,128,94,39,29,113,75,57" hai3="32,19,23,53,8,112,114,134,14,82,47,55,67"/><U43/><E116/><V110/><F75/><W4/><G32/><T61/><D109/><U130/><E135/><V33/><F110/><W126/><G134/><T12/><D132/><U62/><E130/><V88/><F128/><W123/><G123/><T63/><D42/><N who="1" m="15883" /><E72/><V28/><F33/><W1/><G126/><T18/><D0/><U52/><E38/><V95/><F121/><W2/><G67/><T90/><D35/><U97/><E15/><V124/><F124/><W83/><G2/><T5/><D84/><N who="1" m="50575" /><E62/><V54/><F113/><W11/><G11/><T96/><D96/><U65/><E65/><V118/><F118/><W70/><G70/><T68/><D64/><U51/><E21/><V74/><F74/><W22/><G22/><T120/><D120/><U59/><E27/><AGARI ba="0,0" hai="5,6,12,13,16,18,24,27,61,63,68,71,89,90" machi="27" ten="25,3200,0" yaku="22,2,54,1" doraHai="117" who="0" fromWho="1" sc="567,32,3,-32,240,0,190,0" owari="599,69.9,-29,-52.9,240,4.0,190,-21.0" /></mjloggm>