<mjloggm ver="2.3"><GO type="169" lobby="0"/><UN n0="%E3%83%80%E3%83%95%E3%83%88%E3%83%91%E3%83%B3%E3%83%84" n1="%6B%61%7A%7A%2D%6B" n2="%73%65%69%6A%69%64%6F%6E" n3="%E3%83%9C%E3%82%AF%E3%81%A1%E3%82%83%E3%82%93" dan="17,16,16,16" rate="2192.42,2092.89,2087.08,2070.64" sx="M,M,M,M"/><TAIKYOKU oya="0"/><INIT seed="0,0,0,3,5,47" ten="250,250,250,250" oya="0" hai0="59,30,117,105,70,126,111,45,93,26,86,132,103" hai1="123,83,38,20,46,29,66,79,119,73,55,33,37" hai2="120,68,89,124,131,99,104,53,64,92,113,95,50" hai3="94,133,63,44,21,10,60,127,16,48,85,9,69"/><T3/><D117/><U17/><E123/><V91/><F120/><W101/><G133/><T32/><D3/><U121/><E121/><V58/><F113/><W76/><G127/><T135/><D126/><U87/><E119/><V82/><F124/><W97/><G76/><T6/><D6/><U18/><E66/><V108/><F108/><W84/><G84/><T31/><D31/><U5/><E17/><V8/><F131/><W0/><G85/><T81/><D105/><U128/><E128/><V54/><F64/><W24/><G69/><T112/><D70/><U19/><E18/><V42/><F42/><W1/><G1/><T22/><D112/><U96/><E96/><V65/><F65/><W61/><G0/><T77/><D59/><U41/><E37/><V52/><F104/><W67/><G67/><T100/><D111/><U125/><E5/><V11/><F82/><W78/><G78/><T62/><D62/><U122/><E122/><V98/><F68/><W49/><G49/><T110/><D110/><U43/><E73/><V28/><F28/><W109/><G109/><T40/><D32/><U56/><E125/><V80/><F80/><W36/><G36/><N who="0" m="21639" /><D93/><U23/><E41/><AGARI ba="0,0" hai="9,10,16,21,24,41,44,48,60,61,63,94,97,101" machi="41" ten="40,5200,0" yaku="8,1,52,1,54,1" doraHai="47" who="3" fromWho="1" sc="250,0,250,-52,250,0,250,52" /><INIT seed="1,0,0,2,0,20" ten="250,198,250,302" oya="1" hai0="97,121,60,135,7,96,79,53,2,130,47,64,43" hai1="13,82,85,14,110,114,105,123,10,89,22,101,52" hai2="61,88,23,39,92,45,63,133,4,129,28,15,86" hai3="117,25,103,3,122,51,84,71,44,98,19,29,109"/><U102/><E123/><V118/><F118/><W106/><G122/><T26/><D121/><U16/><E114/><V57/><F129/><W35/><G3/><T125/><D130/><U126/><E126/><V38/><F133/><W91/><G109/><T90/><D125/><U59/><E105/><V100/><F100/><W108/><G108/><T0/><D135/><U104/><E110/><V55/><F45/><W93/><G71/><T50/><D79/><U119/><E119/><V128/><F128/><W41/><G117/><T131/><D7/><U72/><E72/><V68/><F4/><W115/><G19/><T9/><D9/><U48/><E104/><V32/><F32/><W12/><REACH who="3" step="1"/><G12/><REACH who="3" ten="250,198,250,292" step="2"/><T21/><D131/><U8/><E8/><V31/><F28/><W116/><G116/><T87/><D0/><U94/><E82/><V83/><F83/><W54/><G54/><T124/><D53/><U37/><E37/><V56/><F68/><W132/><G132/><T76/><D2/><U75/><E75/><V30/><F39/><W134/><G134/><T42/><D42/><U58/><E58/><V113/><F38/><W46/><G46/><T5/><D124/><U111/><E111/><V11/><F113/><AGARI ba="0,1" hai="25,29,35,41,44,51,84,91,93,98,103,106,113,115" machi="113" ten="40,2600,0" yaku="1,1,52,1,53,0" doraHai="20" doraHaiUra="69" who="3" fromWho="2" sc="250,0,198,0,250,-26,292,36" /><INIT seed="2,0,0,3,4,114" ten="250,198,224,328" oya="2" hai0="77,51,32,9,128,68,20,93,49,126,3,122,8" hai1="34,16,6,105,69,53,58,127,79,76,61,102,132" hai2="30,97,117,5,67,43,118,1,27,10,95,135,80" hai3="4,99,44,26,96,48,22,91,2,39,107,72,116"/><V0/><F135/><W33/><G39/><T37/><D37/><U90/><E34/><V36/><F67/><W28/><G72/><T111/><D122/><U85/><E127/><V23/><F0/><W104/><G116/><T78/><D32/><U82/><E132/><V131/><F131/><W75/><G75/><T29/><D68/><U120/><E120/><V47/><REACH who="2" step="1"/><F80/><REACH who="2" ten="250,198,214,328" step="2"/><W14/><G2/><T130/><D128/><U83/><E83/><V112/><F112/><W45/><G107/><T38/><D3/><U15/><E105/><V55/><F55/><W60/><G104/><T73/><D130/><U125/><E125/><V89/><AGARI ba="0,1" hai="1,5,10,23,27,30,36,43,47,89,95,97,117,118" machi="89" ten="20,12000,1" yaku="1,1,0,1,7,1,52,2,53,0" doraHai="114" doraHaiUra="121" who="2" fromWho="2" sc="250,-40,198,-40,214,130,328,-40" /><INIT seed="2,1,0,0,4,84" ten="210,158,344,288" oya="2" hai0="12,27,45,36,48,53,107,131,59,25,0,11,77" hai1="100,75,40,35,7,92,54,101,52,34,58,61,129" hai2="121,60,72,87,31,126,95,110,120,17,57,55,71" hai3="79,18,73,63,123,108,66,15,49,64,8,42,89"/><V80/><F72/><W132/><G123/><T102/><D131/><U99/><E129/><V21/><F71/><W103/><G103/><T134/><D0/><U94/><E75/><V86/><F31/><W10/><G132/><T14/><D134/><U93/><E7/><V56/><F126/><W104/><G104/><T133/><D14/><U47/><E54/><V85/><F110/><W114/><G108/><T116/><D77/><U44/><E44/><V124/><F124/><W111/><G111/><T88/><D133/><U20/><E20/><V128/><F128/><W117/><G117/><T113/><D113/><U26/><E26/><V32/><F32/><W98/><G79/><T74/><D74/><U112/><E112/><V119/><F119/><W30/><G30/><T69/><D69/><U9/><E9/><V78/><F57/><W43/><G66/><T3/><D3/><U22/><E22/><V68/><F68/><W81/><G8/><T5/><D116/><U82/><E82/><V122/><REACH who="2" step="1"/><F95/><REACH who="2" ten="210,158,334,288" step="2"/><N who="3" m="56687" /><G73/><T24/><D107/><U4/><E93/><V38/><F38/><W19/><G114/><T46/><D36/><U33/><E94/><V65/><F65/><W90/><G64/><T125/><D125/><U76/><E100/><V115/><F115/><W106/><G106/><T135/><D102/><U97/><E101/><V70/><F70/><W39/><G39/><T62/><D135/><U23/><E92/><V50/><F50/><W118/><G49/><T6/><D48/><U83/><E34/><V28/><F28/><W37/><G118/><T13/><D59/><RYUUKYOKU ba="1,1" sc="210,-10,158,-10,334,30,288,-10" hai2="17,21,55,56,60,78,80,85,86,87,120,121,122" /><INIT seed="2,2,1,0,2,65" ten="200,148,364,278" oya="2" hai0="0,17,94,58,99,56,55,24,124,38,37,48,36" hai1="60,40,35,34,14,42,32,81,126,45,49,51,125" hai2="41,63,73,67,127,22,97,43,50,135,46,62,25" hai3="27,13,104,47,33,79,108,109,119,82,132,93,52"/><V75/><F127/><N who="1" m="48649" /><E14/><V87/><F135/><W12/><G104/><T114/><D124/><U113/><E113/><V85/><F43/><N who="1" m="16425" /><E81/><V18/><F63/><W74/><G119/><T11/><D114/><U96/><E96/><V29/><F18/><W120/><G120/><T128/><D128/><U70/><E45/><V131/><F131/><W78/><G78/><T77/><D77/><U64/><AGARI ba="2,1" hai="32,34,35,49,51,60,64,70" m="16425,48649" machi="64" ten="40,2700,0" yaku="18,1,52,1" doraHai="65" who="1" fromWho="1" sc="200,-9,148,43,364,-15,278,-9" /><INIT seed="3,0,0,5,0,78" ten="191,191,349,269" oya="3" hai0="74,101,102,0,72,130,59,14,9,17,50,99,58" hai1="64,108,23,97,10,56,87,51,81,100,29,80,119" hai2="75,13,98,47,76,86,21,82,109,124,24,3,48" hai3="113,66,122,83,54,110,60,25,106,112,20,127,129"/><W94/><G106/><T126/><D130/><U36/><E36/><V18/><F3/><W8/><G122/><T41/><D126/><U88/><E108/><V65/><F109/><W61/><G110/><T131/><D0/><U133/><E133/><V92/><F124/><W71/><G127/><T62/><D131/><U123/><E123/><V115/><F115/><W7/><G94/><T43/><D102/><U125/><E119/><V27/><F65/><W117/><G117/><T44/><D43/><U77/><E10/><V53/><REACH who="2" step="1"/><F75/><REACH who="2" ten="191,191,339,269" step="2"/><W57/><G129/><T104/><D58/><U70/><E125/><V116/><F116/><W19/><G83/><T5/><REACH who="0" step="1"/><D5/><REACH who="0" ten="181,191,339,269" step="2"/><U103/><E80/><V91/><AGARI ba="0,2" hai="13,18,21,24,27,47,48,53,76,82,86,91,92,98" machi="91" ten="20,8000,1" yaku="1,1,0,1,7,1,8,1,52,1,53,0" doraHai="78" doraHaiUra="26" who="2" fromWho="2" sc="181,-20,191,-20,339,100,269,-40" /><INIT seed="4,0,0,1,1,41" ten="161,171,439,229" oya="0" hai0="95,115,48,119,116,113,56,87,93,29,43,18,74" hai1="3,61,21,63,112,13,16,66,23,125,86,121,26" hai2="97,12,91,38,25,32,11,110,75,100,45,67,4" hai3="85,20,94,81,47,14,68,27,111,89,73,134,78"/><T35/><D74/><U79/><E121/><V60/><F75/><W54/><G68/><T71/><D71/><U31/><E125/><V58/><F110/><W82/><G111/><T127/><D127/><U36/><E3/><V46/><F38/><W17/><G134/><T69/><D69/><U90/><E79/><V76/><F76/><W128/><G128/><T65/><D35/><U40/><E112/><N who="0" m="43081" /><D29/><U39/><E66/><V37/><F37/><W49/><G73/><T83/><D18/><U124/><E124/><V70/><F91/><W118/><G118/><N who="0" m="45099" /><D65/><U84/><E39/><V102/><F100/><W117/><G117/><T104/><D104/><U57/><E36/><V34/><F58/><W0/><G0/><T103/><D103/><U80/><E57/><V131/><F131/><W99/><G82/><T108/><D108/><U122/><E122/><V8/><F34/><W101/><G101/><T19/><D19/><U64/><E64/><V10/><F4/><W130/><G130/><T1/><D1/><U72/><E72/><V9/><F12/><AGARI ba="0,0" hai="12,14,17,20,27,47,49,54,78,81,85,89,94,99" machi="12" ten="40,2600,0" yaku="8,1,52,1" doraHai="41" who="3" fromWho="2" sc="161,0,171,0,439,-26,229,26" /><INIT seed="5,0,0,4,0,1" ten="161,171,413,255" oya="1" hai0="9,6,107,121,34,13,105,100,84,38,77,61,109" hai1="65,82,83,118,124,60,66,14,47,99,18,91,29" hai2="15,45,37,72,70,0,27,79,54,76,36,11,40" hai3="59,49,75,50,3,33,102,21,53,88,132,44,93"/><U73/><E118/><V56/><F70/><W23/><G33/><T98/><D109/><U25/><E124/><V90/><F37/><W12/><G3/><T131/><D38/><U112/><E112/><V95/><F0/><W10/><G75/><T69/><D34/><U2/><E2/><V87/><F27/><W8/><G8/><T130/><D121/><U111/><E111/><V96/><F72/><W122/><G102/><T58/><D69/><U80/><E73/><V81/><F79/><W57/><G132/><T28/><D28/><U89/><E47/><V135/><F135/><W71/><G71/><T120/><D120/><U39/><E39/><V129/><F129/><W92/><G92/><T63/><D107/><U104/><E104/><V108/><F108/><W119/><G119/><T22/><D22/><N who="3" m="8201" /><G50/><T103/><D103/><U64/><E60/><V68/><F68/><W126/><G126/><T106/><D106/><U117/><E117/><V123/><F123/><W115/><G115/><T20/><D20/><N who="1" m="15527" /><E99/><V125/><F125/><W31/><G31/><T67/><REACH who="0" step="1"/><D61/><REACH who="0" ten="151,171,413,255" step="2"/><U74/><E74/><V128/><F128/><W17/><G122/><T55/><D55/><U113/><E113/><V110/><F110/><W19/><G53/><T133/><D133/><U127/><E127/><V42/><F54/><W97/><G49/><T4/><D4/><U32/><E32/><V43/><F56/><N who="3" m="21579" /><G19/><AGARI ba="0,1" hai="11,15,19,36,40,42,43,45,76,81,87,90,95,96" machi="19" ten="30,1000,0" yaku="7,1" doraHai="1" who="2" fromWho="3" sc="151,0,171,0,413,20,255,-10" /><INIT seed="6,0,0,5,4,66" ten="151,171,433,245" oya="2" hai0="33,95,44,100,38,98,53,94,11,61,13,56,2" hai1="70,17,4,81,26,108,67,124,50,46,8,52,63" hai2="68,0,80,40,104,42,102,71,60,111,83,14,123" hai3="105,97,9,85,6,54,88,116,93,96,31,25,79"/><V115/><F0/><W36/><G116/><T114/><D2/><U45/><E108/><V75/><F111/><W74/><G74/><T121/><D33/><U73/><E124/><V106/><F123/><W134/><G36/><T89/><D121/><U22/><E45/><V122/><F60/><W90/><G79/><T62/><D114/><U21/><E21/><V120/><F14/><N who="3" m="5431" /><G105/><T84/><D38/><U59/><E73/><V99/><F75/><W20/><G134/><T129/><D129/><U64/><E81/><V27/><F99/><N who="3" m="57783" /><G54/><T37/><D37/><U131/><E131/><V87/><F87/><W78/><G78/><T7/><REACH who="0" step="1"/><D44/><REACH who="0" ten="141,171,433,245" step="2"/><U16/><E70/><V18/><F115/><W107/><G107/><T127/><D127/><U72/><E72/><V10/><F71/><W49/><G49/><AGARI ba="0,1" hai="7,11,13,49,53,56,61,62,84,89,94,95,98,100" machi="49" ten="30,3900,0" yaku="1,1,7,1,8,1,53,0" doraHai="66" doraHaiUra="110" who="0" fromWho="3" sc="141,49,171,0,433,0,245,-39" /><INIT seed="7,0,0,0,4,31" ten="190,171,433,206" oya="3" hai0="108,57,72,38,95,51,63,68,103,12,60,100,78" hai1="66,46,25,54,27,64,96,126,73,33,128,44,39" hai2="90,32,29,94,86,4,61,59,0,112,62,34,115" hai3="13,81,48,85,122,6,83,2,125,116,5,107,127"/><W117/><G2/><T74/><D38/><U84/><E73/><V10/><F61/><W52/><G107/><T79/><D108/><U40/><E96/><V121/><F121/><W135/><G122/><T98/><D103/><U70/><E84/><V102/><F102/><W105/><G105/><T119/><D119/><N who="3" m="45641" /><G13/><T97/><D98/><U21/><E27/><V82/><F82/><N who="3" m="31243" /><G85/><T76/><D12/><U1/><E1/><V15/><F0/><W55/><G135/><T11/><D11/><U16/><E70/><V134/><F29/><W28/><G28/><T20/><D20/><U91/><E33/><V24/><F24/><W43/><G43/><T124/><D124/><N who="3" m="47689" /><G55/><N who="0" m="31999" /><D68/><U130/><E126/><V50/><F134/><W89/><G89/><T65/><D72/><U111/><E91/><V77/><F90/><W87/><G87/><T26/><D74/><U109/><E111/><V37/><F86/><W110/><G110/><T14/><D26/><U45/><E109/><V132/><F15/><W75/><G75/><T133/><D133/><U123/><E123/><V114/><F132/><W71/><G71/><T35/><D14/><U120/><E120/><V118/><F112/><W88/><G88/><T17/><D63/><U19/><E19/><V93/><F62/><W56/><AGARI ba="0,0" hai="5,6,48,52,56" m="47689,31243,45641" machi="56" ten="40,3900,0" yaku="18,1,54,1" doraHai="31" who="3" fromWho="3" sc="190,-13,171,-13,433,-13,206,39" /><INIT seed="7,1,0,2,2,32" ten="177,158,420,245" oya="3" hai0="28,121,132,59,108,13,89,86,75,20,123,102,42" hai1="109,120,73,17,114,82,43,74,97,98,65,84,106" hai2="54,18,60,41,124,67,19,90,15,62,113,4,110" hai3="92,125,47,51,40,63,76,122,128,35,119,131,29"/><W71/><G35/><T104/><D108/><U94/><E43/><V78/><F110/><W39/><G29/><T58/><D75/><N who="1" m="28683" /><E65/><V83/><F124/><W134/><G76/><T116/><D116/><U56/><E109/><V5/><F113/><W23/><G92/><N who="0" m="54327" /><D42/><U25/><E56/><N who="0" m="21545" /><D132/><U96/><E17/><V91/><F83/><W36/><G134/><T85/><D28/><U105/><E25/><V30/><F78/><W130/><G119/><T21/><D123/><U31/><E31/><V14/><F41/><W38/><G23/><T7/><D121/><U80/><E120/><V11/><F30/><W44/><G122/><T45/><D45/><U72/><E114/><V64/><F54/><N who="3" m="30055" /><G125/><T100/><D104/><N who="1" m="40043" /><E72/><V52/><F52/><W10/><G10/><AGARI ba="1,0" hai="4,5,10,11,14,15,18,19,60,62,64,67,90,91" machi="10" ten="25,3200,0" yaku="22,2,8,1" doraHai="32" who="2" fromWho="3" sc="177,0,158,0,420,35,245,-35" owari="177,-22.3,158,-34.2,455,55.5,210,1.0" /></mjloggm>