<mjloggm ver="2.3"><GO type="169" lobby="0"/><UN n0="%E3%83%9E%E3%83%BC%E3%83%9C%E3%82%A6" n1="%53%6F%6C%69%74%6F%6E" n2="%E3%83%90%E3%83%AA%E3%83%88%E3%83%B3" n3="%E7%90%86%E5%B7%A5%E3%83%95%E3%83%AA%E3%83%86%E3%83%B3%E5%A4%A7%E5%B8%AB" dan="16,17,17,16" rate="2117.67,2149.94,2248.67,2135.40" sx="M,M,M,M"/><TAIKYOKU oya="0"/><INIT seed="0,0,0,1,2,60" ten="250,250,250,250" oya="0" hai0="30,105,122,112,22,108,47,28,130,50,57,61,46" hai1="124,129,95,131,71,17,79,104,82,132,92,106,88" hai2="77,56,100,107,39,97,29,13,87,27,3,66,90" hai3="19,10,94,96,81,35,37,80,5,52,4,103,18"/><T44/><D112/><U98/><E71/><V58/><F3/><W70/><G37/><T36/><D122/><U49/><E49/><V67/><F39/><W21/><G35/><T59/><D105/><N who="1" m="40555" /><E17/><V40/><F40/><W62/><G70/><T93/><D36/><U84/><E124/><V91/><F77/><W102/><G102/><T16/><D130/><N who="1" m="49675" /><E95/><V69/><F13/><W8/><G8/><T134/><D134/><AGARI ba="0,0" hai="79,82,84,88,92,98,132,134" m="49675,40555" machi="134" ten="40,8000,1" yaku="19,1,34,2,54,1" doraHai="60" who="1" fromWho="0" sc="250,-80,250,80,250,0,250,0" /><INIT seed="1,0,0,5,0,33" ten="170,330,250,250" oya="1" hai0="124,81,105,72,102,113,78,20,112,73,77,69,71" hai1="54,51,57,13,5,15,10,32,111,114,104,122,134" hai2="44,18,3,39,84,75,60,130,43,23,40,91,119" hai3="52,31,2,59,89,76,106,63,126,46,38,79,95"/><U135/><E32/><V37/><F75/><W41/><G126/><T92/><D20/><U70/><E70/><V85/><F119/><W66/><G106/><T88/><D124/><U123/><E104/><V82/><F130/><W131/><G131/><T115/><D69/><U4/><E114/><V25/><F60/><W7/><G31/><T101/><D71/><U61/><E61/><V86/><REACH who="2" step="1"/><F3/><REACH who="2" ten="170,330,240,250" step="2"/><W50/><G2/><T48/><D105/><U98/><E111/><V29/><F29/><W9/><G63/><T90/><D48/><U132/><E98/><V0/><F0/><W125/><G125/><T22/><D22/><U103/><E103/><N who="0" m="39433" /><D92/><U80/><E80/><AGARI ba="0,1" hai="72,73,77,78,80,81,88,90,112,113,115" m="39433" machi="80" ten="40,5200,0" yaku="34,2,54,1" doraHai="33" who="0" fromWho="1" sc="170,62,330,-52,240,0,250,0" /><INIT seed="2,0,0,5,1,77" ten="232,278,240,250" oya="2" hai0="96,134,70,31,54,49,7,9,99,11,71,5,57" hai1="75,113,117,87,10,74,23,94,85,12,2,28,83" hai2="125,72,108,100,42,97,0,34,91,63,61,118,13" hai3="124,32,37,50,68,119,86,19,16,109,60,44,130"/><V95/><F0/><W45/><G119/><T15/><D134/><U41/><E117/><V127/><F118/><W25/><G109/><T20/><D31/><U3/><E113/><V84/><F34/><W81/><G130/><T131/><D131/><U79/><E41/><V101/><F72/><W6/><G124/><N who="2" m="47689" /><F42/><W30/><G6/><T123/><D123/><U89/><E3/><V35/><F35/><W52/><G44/><T104/><D20/><U90/><E2/><V132/><F132/><W56/><G68/><T106/><D99/><U82/><E28/><V24/><F24/><W36/><G37/><T26/><D26/><U66/><E23/><V64/><F108/><W65/><REACH who="3" step="1"/><G36/><REACH who="3" ten="232,278,240,240" step="2"/><T112/><D112/><U1/><E1/><V114/><F114/><W17/><G17/><T38/><D38/><U128/><E128/><V92/><F101/><W22/><G22/><T8/><D71/><U129/><E129/><V40/><F100/><W62/><G62/><T78/><D70/><U105/><E105/><V120/><F63/><W93/><G93/><T47/><D106/><U59/><E59/><V51/><F95/><W110/><G110/><T46/><D5/><U43/><E94/><V135/><F135/><W67/><G67/><T116/><D116/><U48/><E66/><V98/><F61/><W55/><G55/><T53/><D53/><U88/><E43/><V69/><F64/><W27/><G27/><T18/><D7/><N who="1" m="3167" /><E48/><V76/><F69/><W73/><G73/><T103/><D47/><U122/><E122/><V4/><F120/><W121/><G121/><RYUUKYOKU ba="0,1" sc="232,-15,278,15,240,-15,240,15" hai1="74,75,79,82,83,85,87,88,89,90" hai3="16,19,25,30,32,45,50,52,56,60,65,81,86" /><INIT seed="3,1,1,5,3,55" ten="217,293,225,255" oya="3" hai0="130,29,6,47,19,90,9,75,44,108,100,110,71" hai1="61,40,92,52,81,74,97,35,121,106,60,3,12" hai2="133,76,116,115,26,37,66,18,103,104,114,11,96" hai3="112,1,91,31,118,83,34,32,22,134,135,111,0"/><W42/><G118/><T28/><D71/><U36/><E3/><N who="3" m="1098" /><G42/><T122/><D122/><U129/><E35/><N who="3" m="13354" /><G91/><T85/><D75/><U27/><E121/><V94/><F116/><W132/><G83/><T21/><D100/><U58/><E106/><V48/><F37/><W14/><G112/><T57/><D90/><U16/><E129/><V119/><F119/><W25/><G14/><T82/><D82/><U15/><E61/><V56/><F76/><W124/><G111/><T128/><D85/><U38/><E74/><V65/><F104/><W4/><G4/><T123/><D123/><U39/><E40/><V51/><F115/><W101/><G101/><T20/><D6/><U120/><E81/><V117/><F117/><W107/><G107/><T24/><D24/><U62/><E62/><V17/><F26/><W98/><G98/><T41/><D41/><U53/><E53/><V33/><F96/><W95/><G95/><T99/><D99/><U102/><REACH who="1" step="1"/><E120/><REACH who="1" ten="217,283,225,255" step="2"/><V7/><F114/><W113/><G113/><T109/><D109/><U72/><E72/><V93/><F93/><W88/><G88/><T50/><D110/><U77/><E77/><V79/><F94/><W131/><G131/><T89/><D89/><U54/><E54/><V68/><F79/><W86/><G86/><T59/><D108/><U105/><E105/><V46/><F103/><W30/><G124/><T78/><D78/><U84/><E84/><V49/><F66/><W126/><G126/><T45/><D130/><U64/><E64/><V127/><F65/><W63/><G63/><T125/><D128/><RYUUKYOKU ba="1,2" sc="217,-15,283,15,225,-15,255,15" hai1="12,15,16,27,36,38,39,52,58,60,92,97,102" hai3="22,25,30,31,132,134,135" /><INIT seed="3,2,2,1,5,119" ten="202,298,210,270" oya="3" hai0="10,24,74,66,75,50,134,49,51,39,68,47,46" hai1="104,17,78,129,33,122,111,76,1,3,115,94,131" hai2="62,44,102,5,90,48,45,84,117,99,54,71,40" hai3="85,25,16,30,80,105,97,91,32,7,61,118,93"/><W82/><G118/><T22/><D10/><U23/><E104/><V2/><F117/><W87/><G7/><T132/><D22/><U120/><E33/><V28/><F28/><W12/><G61/><N who="0" m="40015" /><D24/><U108/><E94/><V124/><F124/><W88/><G105/><T114/><D75/><U109/><E115/><V128/><F128/><N who="1" m="49225" /><E78/><V123/><F123/><N who="1" m="47145" /><E76/><V100/><F99/><W56/><G56/><T77/><D74/><U14/><AGARI ba="2,2" hai="1,3,14,17,23,108,109,111" m="47145,49225" machi="14" ten="40,12000,2" yaku="14,1,19,1,34,2,52,3" doraHai="119" who="1" fromWho="1" sc="202,-32,298,146,210,-32,270,-62" /><INIT seed="4,0,0,2,1,116" ten="170,444,178,208" oya="0" hai0="122,135,38,77,92,35,129,20,109,40,39,8,120" hai1="111,7,57,58,94,110,17,33,43,37,0,29,22" hai2="97,11,5,104,80,6,106,90,118,24,134,2,101" hai3="126,32,45,73,60,25,23,123,30,87,70,55,71"/><T46/><D35/><U98/><E57/><V107/><F118/><W102/><G73/><T130/><D39/><U121/><E121/><N who="0" m="46697" /><D135/><U50/><E37/><V95/><F134/><W54/><G123/><T96/><D77/><U10/><E33/><V1/><F24/><W103/><G32/><T79/><D79/><U105/><E29/><V14/><F6/><W112/><G70/><T52/><D8/><U85/><E105/><V76/><REACH who="2" step="1"/><F90/><REACH who="2" ten="170,444,168,208" step="2"/><W26/><G25/><T34/><D109/><U117/><E110/><V68/><F68/><W64/><G26/><T18/><D34/><U62/><E111/><V9/><F9/><W59/><G71/><T19/><D20/><U42/><E117/><V115/><F115/><W16/><G112/><T65/><D65/><U74/><E22/><V91/><F91/><W132/><G23/><T61/><D18/><U88/><E10/><V133/><F133/><W78/><G16/><T41/><D19/><U69/><E17/><V114/><F114/><W93/><G132/><T89/><D38/><U81/><E7/><V53/><F53/><W128/><G64/><T108/><D108/><U86/><E69/><V124/><F124/><W3/><G126/><T44/><D40/><U31/><E43/><V21/><F21/><W67/><G67/><T99/><D41/><U127/><E42/><V82/><F82/><W84/><G55/><T131/><D96/><U119/><E127/><V56/><F56/><AGARI ba="0,1" hai="44,46,52,56,61,89,92,99,129,130,131" m="46697" machi="56" ten="40,12000,1" yaku="19,1,52,3,54,1" doraHai="116" who="0" fromWho="2" sc="170,130,444,0,168,-120,208,0" /><INIT seed="4,1,0,1,4,103" ten="300,444,48,208" oya="0" hai0="109,53,104,63,48,52,45,23,22,118,62,35,39" hai1="96,116,135,100,125,64,110,73,67,86,42,0,6" hai2="56,66,128,51,57,76,2,79,3,8,81,107,87" hai3="130,105,89,99,31,98,119,26,113,133,95,129,14"/><T30/><D118/><U27/><E116/><V47/><F128/><N who="3" m="49259" /><G119/><T21/><D109/><U91/><E73/><V4/><F3/><W82/><G133/><T70/><D39/><U37/><E135/><V5/><F5/><W60/><G14/><T9/><D70/><U85/><E110/><V46/><F46/><W68/><G82/><T74/><D74/><U24/><E0/><V115/><F115/><W1/><G1/><T16/><D53/><U124/><E6/><V40/><F76/><W112/><G99/><T83/><D83/><U126/><E42/><V29/><F29/><W90/><G90/><T15/><REACH who="0" step="1"/><D104/><REACH who="0" ten="290,444,48,208" step="2"/><N who="1" m="63495" /><E37/><V80/><F80/><W121/><G105/><T32/><D32/><U38/><E38/><V111/><F107/><W75/><G75/><T69/><D69/><U25/><E86/><V88/><F111/><W117/><G117/><T132/><D132/><U84/><E85/><V11/><F79/><W72/><G72/><T93/><D93/><AGARI ba="1,1" hai="24,25,27,64,67,84,91,93,124,125,126" m="63495" machi="93" ten="40,2600,0" yaku="18,1,52,1" doraHai="103" who="1" fromWho="0" sc="290,-29,444,39,48,0,208,0" /><INIT seed="5,0,0,2,0,56" ten="261,483,48,208" oya="1" hai0="121,93,106,33,84,4,6,28,44,86,16,90,49" hai1="71,48,111,95,50,125,2,122,26,98,61,109,41" hai2="22,3,76,78,82,20,40,83,107,92,64,97,68" hai3="132,46,10,80,18,25,36,52,116,91,69,115,79"/><U94/><E122/><V55/><F107/><W72/><G69/><T99/><D121/><U37/><E2/><V118/><F3/><W51/><G132/><T65/><D106/><U108/><E125/><V134/><F40/><W34/><G115/><T24/><D65/><N who="1" m="41391" /><E26/><V30/><F118/><W58/><G34/><T12/><D4/><U119/><E119/><V29/><F55/><W31/><G91/><T89/><D6/><U15/><E15/><V59/><F68/><W113/><G113/><T126/><D90/><U75/><E75/><V8/><F8/><W70/><G70/><T110/><D110/><U11/><E11/><V47/><F47/><W17/><G10/><T85/><D126/><U35/><E35/><V87/><F134/><W67/><G116/><T62/><D62/><U27/><E27/><V120/><F120/><W127/><G127/><T77/><D77/><U112/><E112/><V124/><F124/><W23/><G36/><T1/><D1/><U14/><E14/><V102/><F59/><W32/><G67/><T101/><D89/><U0/><E0/><V63/><F63/><W13/><G58/><T123/><D123/><U74/><E74/><V73/><F64/><W96/><G18/><T54/><D86/><U105/><E105/><V135/><F135/><W131/><G96/><T114/><D114/><U7/><E108/><V57/><F57/><W9/><G9/><AGARI ba="0,0" hai="9,12,16,24,28,33,44,49,54,84,85,93,99,101" machi="9" ten="30,2000,0" yaku="7,1,54,1" doraHai="56" who="0" fromWho="3" sc="261,20,483,0,48,0,208,-20" /><INIT seed="6,0,0,1,3,45" ten="281,483,48,188" oya="2" hai0="96,94,73,85,36,119,91,5,10,55,56,127,101" hai1="135,17,18,6,48,32,117,105,120,53,95,4,37" hai2="38,11,104,9,90,93,74,79,118,133,0,34,31" hai3="75,80,71,65,20,131,68,115,66,87,77,76,64"/><V88/><F118/><W129/><G115/><T52/><D127/><U35/><E105/><V3/><F104/><W67/><G20/><T109/><D109/><U13/><E37/><V89/><F38/><W62/><G71/><T1/><D36/><U24/><E117/><V63/><F133/><W2/><G2/><T116/><D73/><U60/><E60/><V72/><F93/><W15/><G15/><T12/><D1/><N who="2" m="586" /><F63/><W84/><G77/><T106/><REACH who="0" step="1"/><D55/><REACH who="0" ten="271,483,48,188" step="2"/><U86/><E53/><V114/><F114/><W100/><G66/><T59/><D59/><U111/><E135/><V128/><F128/><W30/><G65/><T97/><D97/><U102/><E111/><V78/><F34/><W25/><G64/><T130/><D130/><U58/><E58/><V8/><F31/><W29/><G29/><T69/><D69/><U126/><E35/><V33/><F33/><W70/><G70/><T57/><D57/><U21/><E32/><V113/><F113/><W54/><G54/><T108/><D108/><U28/><E120/><V98/><F98/><W23/><G131/><T110/><D110/><U26/><E86/><N who="3" m="32810" /><G129/><T83/><D83/><U51/><E126/><V14/><F14/><W81/><G80/><T125/><D125/><U99/><E17/><V112/><F112/><W47/><G47/><T22/><D22/><N who="1" m="15383" /><E13/><V46/><F46/><W103/><G68/><T42/><D42/><U92/><E92/><V49/><F49/><AGARI ba="0,1" hai="5,10,12,49,52,56,85,91,94,96,101,106,116,119" machi="49" ten="40,5200,0" yaku="1,1,52,1,54,1,53,0" doraHai="45" doraHaiUra="16" who="0" fromWho="2" sc="271,62,483,0,48,-52,188,0" /><AGARI ba="0,0" hai="4,6,18,21,26,48,49,51,95,99,102" m="15383" machi="49" ten="30,7700,0" yaku="8,1,52,3" doraHai="45" who="1" fromWho="2" sc="333,0,483,77,-4,-77,188,0" owari="333,13.3,560,66.0,-81,-58.1,188,-21.2" /></mjloggm>