<mjloggm ver="2.3"><GO type="169" lobby="0"/><UN n0="%E3%81%AF%E3%81%92%E3%81%97%E3%81%8F%E3%82%A6%E3%83%84" n1="%76%E3%81%B5%E3%83%BC%E3%81%A1%E3%82%83%E3%82%93%76" n2="%E3%82%B0%E3%83%B3%E3%83%80%E3%83%AA%E3%83%BC" n3="%6D%61%6A%75%6E%69%61" dan="17,17,19,17" rate="2181.28,2176.27,2296.02,2180.67" sx="M,M,M,M"/><TAIKYOKU oya="0"/><INIT seed="0,0,0,4,4,111" ten="250,250,250,250" oya="0" hai0="15,77,1,75,117,115,53,9,108,128,110,50,125" hai1="79,23,84,95,55,68,88,46,63,41,81,45,97" hai2="62,31,69,107,19,17,28,91,52,22,122,38,4" hai3="25,56,127,11,16,57,32,99,49,30,40,114,103"/><T104/><D115/><U2/><E2/><V74/><F122/><W100/><G127/><T126/><D117/><U130/><E130/><V92/><F74/><W26/><G100/><T120/><D120/><U59/><E68/><V20/><F38/><W61/><G114/><T94/><D104/><U73/><E41/><V54/><F4/><W116/><G116/><T37/><D37/><U96/><E96/><V60/><F92/><W47/><G61/><T83/><D1/><U29/><REACH who="1" step="1"/><E73/><REACH who="1" ten="250,240,250,250" step="2"/><V3/><F3/><W12/><REACH who="3" step="1"/><G26/><AGARI ba="0,1" hai="23,26,29,45,46,55,59,63,79,81,84,88,95,97" machi="26" ten="40,8000,1" yaku="1,1,2,1,8,1,54,1,53,0" doraHai="111" doraHaiUra="118" who="1" fromWho="3" sc="250,0,240,90,250,0,250,-80" /><INIT seed="1,0,0,0,1,49" ten="250,330,250,170" oya="1" hai0="86,110,6,125,30,78,96,119,20,77,111,114,10" hai1="133,60,25,85,118,17,53,22,7,47,120,99,72" hai2="43,116,64,45,57,26,31,104,135,66,71,84,56" hai3="130,29,59,134,117,124,18,80,127,91,97,75,15"/><U101/><E118/><V14/><F104/><W69/><G69/><T109/><D119/><U79/><E120/><V11/><F135/><W83/><G117/><T112/><D125/><U41/><E133/><V132/><F132/><W55/><G134/><T21/><D96/><U81/><E7/><V106/><F106/><W46/><G130/><T52/><D30/><U90/><E41/><V54/><F57/><W1/><G1/><T108/><D108/><U65/><E65/><V58/><F58/><W19/><G46/><T5/><D86/><U95/><E47/><V100/><F84/><W0/><G0/><T122/><D122/><U93/><E60/><V9/><F100/><W16/><G29/><T51/><D77/><U34/><E34/><V92/><F92/><N who="3" m="56479" /><G15/><N who="0" m="5583" /><D6/><U67/><REACH who="1" step="1"/><E67/><REACH who="1" ten="250,320,250,170" step="2"/><V33/><F116/><W62/><G75/><T38/><D38/><U131/><E131/><V94/><F66/><W123/><G123/><T121/><D121/><U28/><E28/><V48/><F64/><W61/><G61/><T107/><D114/><U63/><E63/><V36/><F71/><W102/><G102/><T4/><D112/><U8/><E8/><V89/><F9/><W50/><G62/><T74/><D4/><U35/><E35/><V88/><F94/><W103/><G103/><T70/><D70/><U13/><E13/><V126/><F126/><AGARI ba="0,1" hai="16,18,19,50,55,59,80,83,124,126,127" m="56479" machi="126" ten="30,3900,0" yaku="18,1,52,1,54,1" doraHai="49" who="3" fromWho="2" sc="250,0,320,0,250,-39,170,49" /><INIT seed="2,0,0,3,2,108" ten="250,320,211,219" oya="2" hai0="28,131,31,106,81,84,21,39,73,94,99,80,117" hai1="119,65,48,90,61,20,127,13,35,97,114,37,24" hai2="63,113,16,51,78,40,123,57,124,1,38,89,52" hai3="72,56,5,36,111,62,23,101,122,59,126,134,112"/><V69/><F123/><W109/><G122/><T30/><D39/><U45/><E119/><V96/><F1/><W102/><G72/><T2/><D2/><U86/><E127/><V41/><F124/><W132/><G36/><T19/><D117/><U4/><E37/><V128/><F128/><W17/><G126/><T115/><D131/><U92/><E35/><V64/><F113/><W75/><G5/><T66/><D106/><U18/><E114/><V29/><F29/><W11/><G11/><T8/><D115/><U120/><E120/><V25/><F78/><W46/><G46/><T88/><D8/><U34/><E34/><V26/><F16/><W77/><G112/><T76/><D66/><U95/><E4/><V55/><F55/><N who="3" m="34079" /><G59/><T129/><D129/><U49/><E45/><V135/><F135/><N who="3" m="51755" /><G75/><T33/><D33/><U121/><E13/><V68/><F68/><W110/><G77/><T105/><D105/><U82/><E95/><N who="2" m="56431" /><F40/><W50/><G50/><T93/><REACH who="0" step="1"/><D99/><REACH who="0" ten="240,320,211,219" step="2"/><U60/><E121/><V44/><AGARI ba="0,1" hai="25,26,38,41,44,51,52,57,63,64,69" m="56431" machi="44" ten="30,3000,0" yaku="24,1,54,1" doraHai="108" who="2" fromWho="2" sc="240,-10,320,-10,211,40,219,-10" /><INIT seed="2,1,0,4,1,47" ten="230,310,251,209" oya="2" hai0="11,39,22,87,16,135,88,58,36,130,69,28,102" hai1="29,119,104,62,131,64,18,48,70,71,74,83,31" hai2="5,101,46,66,115,32,35,14,111,1,56,84,57" hai3="121,21,90,127,3,0,60,128,33,61,12,75,9"/><V98/><F115/><W20/><G121/><T77/><D69/><U51/><E119/><V23/><F1/><W41/><G75/><T26/><D130/><U99/><E71/><V44/><F84/><W19/><G128/><T81/><D135/><U59/><E131/><V113/><F113/><W106/><G33/><T82/><D102/><U25/><E59/><V55/><F5/><W85/><G106/><T4/><D28/><U54/><E54/><V108/><F23/><W45/><G0/><T38/><D58/><U68/><E18/><V30/><F14/><W122/><G127/><T95/><REACH who="0" step="1"/><D77/><REACH who="0" ten="220,310,251,209" step="2"/><N who="1" m="44471" /><E29/><V93/><F30/><W123/><G123/><T105/><D105/><U8/><E70/><V129/><F129/><W134/><G134/><T13/><AGARI ba="1,1" hai="4,11,13,16,22,26,36,38,39,81,82,87,88,95" machi="13" ten="30,8000,1" yaku="1,1,0,1,54,2,53,1" doraHai="47" doraHaiUra="86" who="0" fromWho="0" sc="220,93,310,-21,251,-41,209,-21" /><INIT seed="3,0,0,1,3,10" ten="313,289,210,188" oya="3" hai0="88,82,108,56,15,37,33,17,121,116,24,36,44" hai1="128,91,119,46,74,43,126,123,94,1,115,80,40" hai2="130,102,52,34,107,67,132,0,105,3,39,12,78" hai3="75,48,8,49,22,117,62,16,101,29,127,51,113"/><W120/><G120/><T96/><D121/><U84/><E123/><V4/><F34/><W124/><G117/><T27/><D116/><U131/><E119/><V133/><F39/><W7/><G113/><T30/><D108/><U83/><E1/><V23/><F67/><W63/><G75/><T85/><D44/><U20/><E115/><V19/><F78/><W86/><G29/><T11/><D27/><U89/><E126/><N who="3" m="48170" /><G86/><T28/><D28/><U71/><E71/><V87/><F87/><W53/><G53/><T73/><D73/><U114/><E114/><V58/><F130/><W45/><G45/><T6/><D6/><U31/><E74/><V90/><F90/><W14/><G101/><T41/><D41/><U112/><E112/><V111/><F111/><W26/><AGARI ba="0,0" hai="7,8,14,16,22,26,48,49,51,62,63" m="48170" machi="26" ten="30,6000,0" yaku="18,1,52,1,54,1" doraHai="10" who="3" fromWho="3" sc="313,-20,289,-20,210,-20,188,60" /><INIT seed="3,1,0,2,2,96" ten="293,269,190,248" oya="3" hai0="89,88,105,66,16,42,106,98,53,8,14,113,56" hai1="80,6,128,75,19,1,29,84,120,124,47,79,3" hai2="13,116,134,23,59,83,45,69,51,35,125,5,91" hai3="121,60,57,17,127,74,41,46,133,108,107,72,112"/><W18/><G121/><T49/><D113/><U97/><E120/><V48/><F69/><W28/><G112/><T68/><D42/><U21/><E124/><V38/><F35/><W43/><G127/><T25/><D25/><U34/><E128/><V123/><F38/><W27/><G133/><T118/><D118/><U132/><E132/><V15/><F5/><W114/><G114/><T33/><D33/><U111/><E111/><V82/><F116/><W99/><G43/><T76/><D76/><U26/><E47/><V92/><F13/><W81/><G28/><T122/><D122/><U103/><E75/><V95/><F95/><W12/><G27/><T39/><D39/><U37/><E6/><V50/><F45/><W94/><G81/><N who="2" m="30729" /><F125/><W58/><G17/><T100/><REACH who="0" step="1"/><D106/><REACH who="0" ten="283,269,190,248" step="2"/><U67/><E37/><V24/><F24/><W2/><G107/><T36/><D36/><U52/><E34/><V9/><F123/><W64/><G108/><T61/><AGARI ba="1,1" hai="8,14,16,49,53,56,61,66,68,88,89,98,100,105" machi="61" ten="30,12000,2" yaku="1,1,0,1,52,1,54,2,53,1" doraHai="96" doraHaiUra="55" who="0" fromWho="0" sc="283,133,269,-31,190,-31,248,-61" /><INIT seed="4,0,0,1,1,85" ten="416,238,159,187" oya="0" hai0="95,119,29,49,62,1,65,2,90,99,108,72,46" hai1="111,21,31,112,109,118,105,58,64,10,11,0,14" hai2="127,103,101,68,114,36,70,39,30,135,74,83,122" hai3="97,89,4,57,113,110,45,134,132,8,27,129,71"/><T38/><D119/><U115/><E64/><V107/><F30/><W54/><G110/><T41/><D72/><U104/><E58/><V43/><F122/><W116/><G116/><T69/><D108/><N who="1" m="41547" /><E118/><V91/><F74/><W87/><G71/><T59/><REACH who="0" step="1"/><D29/><REACH who="0" ten="406,238,159,187" step="2"/><U52/><E31/><V50/><F70/><W86/><G132/><T32/><D32/><U96/><E115/><V120/><F68/><W19/><G134/><T16/><D16/><U42/><E112/><V73/><F135/><W94/><G19/><T93/><D93/><U33/><E105/><V3/><F107/><W124/><G113/><T23/><D23/><U92/><E21/><V125/><F73/><W133/><G133/><T126/><D126/><U44/><E92/><V9/><F114/><W24/><G124/><T100/><D100/><U5/><E33/><V78/><F103/><W131/><G131/><T56/><D56/><U80/><E104/><V53/><F101/><W128/><G129/><T37/><D37/><U76/><E10/><V47/><F39/><W34/><G128/><T17/><D17/><U48/><E11/><V123/><F127/><W55/><G34/><T60/><D60/><U6/><E6/><N who="2" m="1247" /><F125/><W7/><G4/><T82/><D82/><U79/><E5/><V61/><F61/><W75/><G7/><T22/><D22/><U121/><E0/><V20/><F20/><W35/><G35/><T63/><D63/><U77/><E80/><V88/><F123/><W84/><G75/><T25/><D25/><U15/><E121/><V81/><F120/><W51/><G24/><RYUUKYOKU ba="0,1" sc="406,30,238,-10,159,-10,187,-10" hai0="1,2,38,41,46,49,59,62,65,69,90,95,99" /><INIT seed="4,1,1,4,4,105" ten="436,228,149,177" oya="0" hai0="33,59,12,45,9,25,67,64,131,10,20,97,127" hai1="121,114,99,122,81,51,14,5,49,71,24,130,40" hai2="112,42,57,60,44,69,126,132,124,78,111,58,110" hai3="68,104,76,101,106,75,43,82,93,2,89,70,15"/><T41/><D131/><U53/><E71/><V120/><F78/><W91/><G2/><T94/><D127/><N who="2" m="48682" /><F120/><W128/><G43/><T26/><D33/><U3/><E3/><V63/><F69/><W73/><G68/><T96/><D96/><U56/><E130/><V47/><F112/><W119/><G15/><T18/><D26/><U77/><E114/><V79/><F79/><W95/><G70/><T118/><D118/><U31/><E99/><V133/><F58/><W52/><G52/><T35/><D35/><U103/><E103/><V23/><F23/><W7/><G7/><T32/><D32/><U102/><E102/><V17/><F17/><W38/><G38/><T100/><D59/><U123/><E5/><V55/><F63/><W19/><G19/><T87/><D87/><U0/><E0/><V84/><F84/><N who="3" m="48199" /><G128/><T28/><REACH who="0" step="1"/><D10/><REACH who="0" ten="426,228,149,177" step="2"/><U11/><E123/><V39/><F47/><W6/><G119/><T1/><D1/><U134/><E56/><V36/><F39/><AGARI ba="1,2" hai="9,12,18,20,25,28,39,41,45,64,67,94,97,100" machi="39" ten="30,2900,0" yaku="1,1,7,1,53,0" doraHai="105" doraHaiUra="129" who="0" fromWho="2" sc="426,52,228,0,149,-32,177,0" /><INIT seed="4,2,0,0,0,86" ten="478,228,117,177" oya="0" hai0="101,124,90,125,118,53,133,107,33,119,98,115,80" hai1="11,52,39,51,25,95,17,6,10,35,130,85,73" hai2="14,88,26,129,99,91,134,50,27,127,12,43,106" hai3="67,121,5,19,111,79,81,100,84,36,29,89,57"/><T71/><D71/><U76/><E39/><V61/><F106/><W45/><G121/><T66/><D33/><U108/><E73/><V105/><F105/><W56/><G111/><T44/><D66/><U92/><E130/><V74/><F74/><W78/><G100/><T103/><D53/><U20/><E35/><V68/><F129/><W48/><G36/><T1/><D44/><U15/><E108/><V42/><F99/><W21/><G29/><T37/><D1/><U54/><E54/><V116/><F68/><W23/><G5/><T131/><D37/><U58/><REACH who="1" step="1"/><E11/><REACH who="1" ten="478,218,117,177" step="2"/><V40/><F116/><W2/><G21/><T38/><D38/><U30/><E30/><V123/><F123/><W7/><G67/><T117/><D131/><U132/><E132/><V128/><F128/><W93/><G23/><T122/><D122/><U22/><E22/><V70/><F134/><W47/><G19/><T83/><D133/><U16/><E16/><V0/><F42/><W69/><G7/><T31/><D31/><U97/><E97/><V4/><F4/><W126/><G48/><T49/><D49/><U34/><E34/><V120/><F50/><W46/><G46/><T13/><D118/><U94/><E94/><V114/><F120/><W8/><G8/><T113/><D98/><U135/><E135/><V104/><F104/><W55/><G45/><T77/><D107/><U24/><E24/><V62/><F43/><W96/><G47/><T41/><D41/><U82/><AGARI ba="2,1" hai="6,10,15,17,20,25,51,52,58,76,82,85,92,95" machi="82" ten="30,7900,0" yaku="1,1,0,1,8,1,54,1,53,0" doraHai="86" doraHaiUra="112" who="1" fromWho="1" sc="478,-41,218,95,117,-22,177,-22" /><INIT seed="5,0,0,0,4,33" ten="437,313,95,155" oya="1" hai0="128,130,119,96,58,73,52,18,88,15,47,117,84" hai1="9,39,87,12,28,90,81,75,122,11,135,7,129" hai2="45,107,109,2,80,63,51,57,32,68,16,36,103" hai3="4,83,66,101,29,108,20,1,31,67,91,24,100"/><U30/><E122/><V126/><F109/><W133/><G108/><T77/><D47/><U121/><E121/><V97/><F126/><W64/><G133/><T79/><D96/><U74/><E129/><N who="0" m="49769" /><D73/><U120/><E135/><V123/><F32/><W116/><G116/><T111/><D111/><U50/><E39/><V5/><F123/><W62/><G31/><T41/><D41/><U3/><E120/><V125/><F125/><W53/><G53/><T44/><D44/><U99/><E75/><V131/><F68/><W102/><G83/><N who="0" m="49183" /><D79/><U22/><E22/><V98/><F36/><W21/><G91/><T76/><D76/><U8/><E74/><V69/><F98/><W10/><REACH who="3" step="1"/><G21/><REACH who="3" ten="437,313,95,145" step="2"/><N who="0" m="11487" /><D77/><U105/><E30/><V127/><F131/><W19/><G19/><T0/><D0/><U38/><E28/><V104/><F16/><W93/><G93/><T72/><D72/><U112/><E3/><V42/><F127/><W56/><AGARI ba="0,1" hai="1,4,10,20,24,29,56,62,64,66,67,100,101,102" machi="56" ten="30,4000,0" yaku="1,1,0,1,52,1,53,0" doraHai="33" doraHaiUra="14" who="3" fromWho="3" sc="437,-10,313,-20,95,-10,145,50" /><INIT seed="6,0,0,0,3,93" ten="427,293,85,195" oya="2" hai0="30,76,51,32,57,114,4,12,7,125,60,102,39" hai1="63,6,25,112,11,130,33,132,0,35,96,70,2" hai2="1,127,41,111,16,92,49,38,17,58,53,24,101" hai3="99,69,84,87,26,133,36,21,9,81,88,8,73"/><V117/><F127/><W40/><G69/><T14/><D39/><U135/><E112/><V78/><F117/><W48/><G36/><T105/><D114/><U98/><E0/><V23/><F1/><W100/><G73/><T34/><D125/><U46/><E46/><V42/><F111/><W15/><G133/><N who="1" m="51274" /><E130/><V134/><F134/><W45/><G84/><T103/><D76/><U55/><E55/><V31/><F78/><W108/><G108/><T122/><D122/><U68/><E68/><V64/><F64/><W13/><G13/><T52/><D60/><U71/><E71/><V50/><F38/><W110/><G15/><T10/><D30/><N who="1" m="19663" /><E35/><V61/><F50/><W22/><G22/><T104/><D104/><U44/><E44/><N who="2" m="25743" /><F42/><W27/><G27/><T56/><D56/><U121/><E121/><V106/><F106/><W90/><G90/><T116/><D116/><U120/><E120/><V128/><F128/><W80/><G81/><T115/><D115/><U19/><E19/><V123/><F123/><W5/><G5/><T91/><D91/><U85/><E85/><V77/><F77/><W109/><G109/><T119/><D119/><U82/><E82/><V3/><F3/><W113/><G113/><T97/><D103/><U20/><E20/><V59/><F58/><W86/><G86/><T118/><D118/><U28/><E28/><V126/><F126/><W74/><G74/><T43/><D43/><U107/><E107/><V67/><F53/><W65/><G65/><AGARI ba="0,0" hai="2,6,11,63,65,70,96,98" m="19663,51274" machi="65" ten="30,3900,0" yaku="20,1,52,2" doraHai="93" who="1" fromWho="3" sc="427,0,293,39,85,0,195,-39" /><INIT seed="7,0,0,4,1,123" ten="427,332,85,156" oya="3" hai0="7,23,58,114,83,44,109,26,81,76,42,53,88" hai1="5,63,122,102,117,71,35,29,52,11,96,85,79" hai2="45,103,18,32,37,19,20,69,121,84,12,49,101" hai3="131,39,21,90,134,68,54,62,112,116,60,4,66"/><W100/><G116/><T40/><D109/><U126/><E122/><V97/><F32/><W65/><G39/><T1/><D114/><U72/><E126/><V57/><F69/><W55/><G4/><T95/><D1/><U107/><E85/><V128/><F128/><W87/><G100/><T99/><D7/><U98/><E98/><V124/><F37/><W25/><G131/><T56/><D56/><U125/><E125/><V104/><F124/><W106/><G134/><T17/><D44/><U64/><E52/><V51/><F121/><W22/><G22/><T61/><D83/><U43/><E43/><V94/><F104/><W111/><G106/><T118/><D118/><U24/><E117/><V135/><F135/><W59/><G111/><T92/><D92/><U105/><E105/><V36/><F36/><W113/><G113/><T133/><D133/><U47/><E47/><V16/><F103/><W78/><G78/><T46/><D46/><U132/><E132/><V2/><F2/><W50/><G50/><T130/><D130/><U119/><E119/><V70/><F70/><W10/><G10/><T74/><AGARI ba="0,0" hai="17,23,26,40,42,53,58,61,74,76,81,88,95,99" machi="74" ten="20,8000,1" yaku="0,1,7,1,25,2,54,1" doraHai="123" who="0" fromWho="0" sc="427,80,332,-20,85,-20,156,-40" owari="507,60.7,312,11.2,65,-43.5,116,-28.4" /></mjloggm>