<mjloggm ver="2.3"><GO type="169" lobby="0"/><UN n0="%E7%94%9F%E3%81%97%E3%82%89%E3%81%99" n1="%78%78%E3%81%9D%E3%81%B0" n2="%E2%80%A0%E7%99%BD%E5%85%8E%E2%80%A0" n3="%79%61%63%68%69%33%35%38" dan="16,16,18,16" rate="2119.90,2098.50,2200.73,2090.35" sx="M,M,M,M"/><TAIKYOKU oya="0"/><INIT seed="0,0,0,4,1,24" ten="250,250,250,250" oya="0" hai0="52,38,7,130,35,33,90,68,11,125,54,15,25" hai1="10,118,66,39,115,106,82,19,12,86,121,85,76" hai2="111,129,51,17,26,135,23,101,113,49,133,124,94" hai3="98,5,132,28,71,27,40,80,45,114,74,120,2"/><T57/><D130/><U102/><E39/><V73/><F113/><W16/><G114/><T67/><D125/><U77/><E118/><V84/><F73/><W1/><G132/><N who="2" m="50761" /><F111/><W91/><G120/><T30/><D38/><U88/><E115/><V41/><F129/><W8/><G71/><T65/><D35/><U87/><E121/><V22/><F41/><W128/><G128/><T92/><D68/><U97/><E66/><V72/><F72/><W43/><G2/><T60/><REACH who="0" step="1"/><D65/><REACH who="0" ten="240,250,250,250" step="2"/><U123/><E123/><V104/><F124/><W100/><G43/><T83/><D83/><U116/><E116/><V29/><F104/><W61/><G40/><T119/><D119/><U50/><E50/><V109/><F109/><W58/><G61/><T4/><D4/><U99/><REACH who="1" step="1"/><E76/><REACH who="1" ten="240,240,250,250" step="2"/><V13/><F51/><W6/><G6/><T122/><D122/><U55/><E55/><V20/><F49/><W3/><G5/><T53/><D53/><U34/><E34/><V48/><F48/><W46/><G46/><T14/><D14/><U69/><E69/><V131/><F131/><W37/><G45/><T21/><D21/><U0/><E0/><V127/><F127/><W32/><G37/><T47/><D47/><U79/><E79/><V63/><F23/><W36/><G36/><T117/><D117/><U9/><E9/><V18/><F13/><N who="3" m="7207" /><G58/><T70/><D70/><U126/><E126/><V103/><F20/><W108/><G108/><T42/><D42/><U44/><E44/><V78/><F22/><W134/><G134/><T75/><D75/><U93/><AGARI ba="0,2" hai="10,12,19,77,82,85,86,87,88,93,97,99,102,106" machi="93" ten="30,8000,1" yaku="1,1,5,1,0,1,54,1,53,1" doraHai="24" doraHaiUra="96" who="1" fromWho="1" sc="240,-40,240,100,250,-20,250,-20" /><INIT seed="1,0,0,2,2,58" ten="200,340,230,230" oya="1" hai0="47,19,75,78,39,79,26,5,129,81,27,82,74" hai1="55,95,116,135,62,37,2,132,119,98,35,31,21" hai2="125,69,96,17,49,111,44,13,60,40,15,23,4" hai3="102,63,32,85,14,25,1,99,97,127,130,128,38"/><U50/><E37/><V59/><F111/><W64/><G1/><T123/><D129/><N who="3" m="49769" /><G38/><T34/><D123/><U93/><E35/><V33/><F33/><W91/><G14/><T66/><D5/><U84/><E2/><V68/><F125/><W108/><G108/><T46/><D39/><U48/><E84/><V133/><F133/><N who="1" m="51273" /><E93/><V103/><F13/><W76/><G76/><T117/><D117/><N who="1" m="45131" /><E31/><V71/><F4/><W106/><G127/><T57/><D34/><U28/><E28/><V45/><F45/><W87/><G32/><T70/><D70/><U41/><E21/><V90/><F90/><W9/><G9/><T86/><D86/><U110/><E41/><V30/><F30/><W61/><G87/><T18/><D57/><N who="1" m="35135" /><E110/><V118/><F118/><W54/><G25/><T107/><D107/><U124/><E124/><V12/><F12/><W53/><G97/><T113/><D113/><U92/><E92/><V77/><F77/><W67/><G85/><T8/><D8/><U88/><AGARI ba="0,0" hai="48,50,88,95,98" m="35135,45131,51273" machi="88" ten="30,6000,0" yaku="20,1,52,1,54,1" doraHai="58" who="1" fromWho="1" sc="200,-20,340,60,230,-20,230,-20" /><INIT seed="1,1,0,1,5,6" ten="180,400,210,210" oya="1" hai0="80,52,30,122,12,90,97,35,112,9,54,28,111" hai1="3,127,62,115,87,70,83,50,14,58,16,69,82" hai2="47,113,11,0,18,10,103,79,46,92,60,109,20" hai3="27,72,84,55,133,45,129,120,134,4,117,65,63"/><U32/><E32/><V37/><F0/><W34/><G72/><T94/><D111/><U96/><E115/><V29/><F109/><W59/><G120/><T106/><D112/><U15/><E3/><V85/><F113/><W119/><G84/><N who="0" m="50439" /><D106/><U51/><E127/><V102/><F29/><N who="0" m="11370" /><D35/><U23/><E96/><V19/><F19/><W74/><G27/><T17/><D122/><U76/><E70/><V77/><F60/><W7/><G4/><T42/><D42/><U93/><E69/><V100/><F37/><W98/><G7/><T110/><D110/><U31/><E31/><V53/><F92/><W36/><G98/><T68/><D68/><U128/><E93/><V124/><F124/><W130/><G74/><T25/><D25/><U89/><E15/><N who="2" m="9311" /><F46/><W104/><G34/><T38/><D38/><U86/><REACH who="1" step="1"/><E128/><REACH who="1" ten="180,390,210,210" step="2"/><N who="3" m="49258" /><G104/><T61/><D61/><U121/><E121/><V41/><F103/><AGARI ba="1,1" hai="9,12,17,52,54,94,97,103" m="11370,50439" machi="103" ten="30,3900,0" yaku="8,1,52,1,54,1" doraHai="6" who="0" fromWho="2" sc="180,52,390,0,210,-42,210,0" /><INIT seed="2,0,0,3,2,64" ten="232,390,168,210" oya="2" hai0="18,66,101,83,43,34,124,29,65,63,77,75,131" hai1="10,40,126,120,4,113,58,3,99,51,62,87,105" hai2="73,134,93,96,53,46,100,14,76,17,52,90,118" hai3="6,121,82,116,88,49,28,36,56,79,80,61,78"/><V16/><F118/><W8/><G36/><T2/><D131/><U39/><E120/><V60/><F134/><W108/><G121/><T32/><D124/><U11/><E113/><V15/><F73/><W74/><G116/><T103/><D43/><U12/><E39/><V110/><F76/><W54/><G108/><T5/><D18/><N who="2" m="7274" /><F110/><W68/><G28/><T91/><D91/><U67/><E126/><V127/><F127/><W20/><G20/><T102/><D65/><U112/><E112/><V0/><F0/><W37/><G37/><T133/><D29/><U57/><E105/><V122/><F122/><W55/><G88/><T31/><D31/><U7/><E99/><V84/><F60/><W107/><G107/><T125/><D133/><U89/><E40/><V119/><F119/><W92/><G92/><T59/><REACH who="0" step="1"/><D125/><REACH who="0" ten="222,390,168,210" step="2"/><U23/><E23/><V109/><F109/><W33/><G33/><T115/><D115/><U9/><E9/><AGARI ba="0,1" hai="2,5,9,32,34,59,63,66,75,77,83,101,102,103" machi="9" ten="40,1300,0" yaku="1,1,53,0" doraHai="64" doraHaiUra="71" who="0" fromWho="1" sc="222,23,390,-13,168,0,210,0" /><INIT seed="3,0,0,3,3,73" ten="245,377,168,210" oya="3" hai0="21,85,112,129,92,48,23,125,124,5,59,50,8" hai1="39,63,90,80,83,0,104,3,27,19,114,75,53" hai2="76,56,52,17,9,44,33,29,119,12,87,82,130" hai3="133,103,36,58,121,99,16,72,11,134,38,117,69"/><W66/><G117/><T122/><D122/><U49/><E39/><V91/><F119/><W10/><G121/><T30/><D129/><U113/><E104/><V41/><F130/><W84/><G72/><T132/><D132/><N who="3" m="50793" /><G69/><T35/><D35/><U96/><E63/><V64/><F64/><W79/><G66/><T46/><D59/><U55/><E75/><V51/><F33/><W45/><G58/><T62/><D62/><U93/><E55/><V123/><F29/><W4/><G4/><T86/><D92/><U95/><E95/><V71/><F71/><W54/><G54/><T1/><D30/><U110/><E110/><V74/><F123/><W65/><G65/><T115/><D5/><U34/><E113/><V89/><REACH who="2" step="1"/><F74/><REACH who="2" ten="245,377,158,210" step="2"/><W6/><G38/><AGARI ba="0,1" hai="9,12,17,38,41,44,51,52,56,76,82,87,89,91" machi="38" ten="30,12000,2" yaku="1,1,2,1,7,1,52,1,54,1,53,1" doraHai="73" doraHaiUra="78" who="2" fromWho="3" sc="245,0,377,0,158,130,210,-120" /><INIT seed="4,0,0,1,5,7" ten="245,377,288,90" oya="0" hai0="8,35,15,2,84,102,21,103,27,31,80,86,14" hai1="70,90,36,115,18,129,106,29,12,41,105,42,71" hai2="92,131,81,99,111,20,47,38,4,133,83,48,89" hai3="126,22,78,26,91,52,110,34,37,63,33,82,121"/><T43/><D43/><U54/><E115/><V3/><F111/><W13/><G126/><T87/><D80/><U74/><E74/><V88/><F131/><W19/><G37/><T79/><D79/><U109/><E29/><V116/><F133/><W60/><G110/><T72/><D14/><U132/><E132/><V100/><F38/><W76/><G121/><T75/><D72/><U123/><E123/><V95/><F116/><W46/><G34/><T10/><D75/><U73/><E73/><V9/><F20/><W108/><G108/><T124/><D124/><U77/><E77/><V65/><F65/><W67/><G33/><T113/><D113/><U0/><E0/><V51/><F51/><W68/><G26/><T25/><D10/><U128/><E54/><V134/><F100/><W1/><G1/><T118/><D118/><U135/><E90/><V69/><F69/><W94/><G82/><T55/><D55/><U56/><E56/><V28/><F28/><W130/><G130/><N who="1" m="50282" /><E109/><V66/><F66/><W57/><REACH who="3" step="1"/><G46/><REACH who="3" ten="245,377,288,80" step="2"/><T49/><D2/><U62/><E36/><V17/><F134/><W39/><G39/><T53/><D35/><U40/><E135/><V45/><F45/><W23/><G23/><T6/><D27/><U127/><E127/><V98/><F83/><W50/><G50/><T59/><AGARI ba="0,1" hai="6,8,15,21,25,31,49,53,59,84,86,87,102,103" machi="59" ten="30,6000,0" yaku="0,1,8,1,52,1" doraHai="7" who="0" fromWho="0" sc="245,70,377,-20,288,-20,80,-20" /><INIT seed="4,1,0,1,0,53" ten="315,357,268,60" oya="0" hai0="66,17,41,71,42,83,131,116,68,125,30,102,59" hai1="117,65,121,130,88,62,63,101,35,46,10,135,16" hai2="15,67,120,26,86,21,23,118,132,58,31,25,56" hai3="123,99,49,40,48,82,127,6,39,43,55,89,76"/><T27/><D116/><U2/><E35/><V94/><F120/><W52/><G127/><T119/><D119/><U64/><E121/><V47/><F118/><W5/><G123/><T122/><D122/><U57/><E117/><V100/><F132/><W90/><G39/><T45/><D131/><U61/><E130/><V105/><F105/><W95/><G76/><T91/><D17/><U93/><E101/><V3/><F3/><W24/><G24/><T12/><D12/><N who="1" m="7191" /><E2/><V75/><F75/><W51/><G82/><T4/><D4/><U32/><E32/><V72/><F72/><W73/><G73/><T37/><D41/><U1/><E1/><V13/><F47/><W110/><G49/><T54/><D102/><U33/><E33/><V69/><F69/><W113/><G113/><T108/><D108/><U87/><E135/><V81/><F67/><N who="1" m="25673" /><E46/><V84/><F100/><W38/><G38/><T96/><D125/><U19/><E19/><V18/><F13/><W112/><G112/><T109/><D66/><AGARI ba="1,0" hai="57,61,62,63,66,87,88,93" m="25673,7191" machi="66" ten="30,7700,0" yaku="8,1,52,1,54,2" doraHai="53" who="1" fromWho="0" sc="315,-80,357,80,268,0,60,0" /><INIT seed="5,0,0,3,2,49" ten="235,437,268,60" oya="1" hai0="116,123,104,95,128,73,8,129,23,124,87,52,83" hai1="42,101,109,37,22,65,115,24,127,67,41,38,96" hai2="125,69,107,12,122,131,76,110,108,57,121,75,106" hai3="90,53,112,5,13,72,120,118,133,135,50,100,43"/><U48/><E115/><V130/><F69/><W80/><G112/><T63/><D116/><U98/><E109/><N who="2" m="42091" /><F57/><W119/><G120/><N who="2" m="46185" /><F12/><W132/><G100/><T59/><D104/><N who="2" m="39978" /><F125/><W16/><G43/><T113/><D113/><U39/><E127/><V4/><F4/><W56/><G5/><T117/><D117/><U17/><E42/><V86/><F86/><W10/><G72/><T26/><D123/><U7/><E7/><V44/><F44/><W103/><G103/><T79/><D8/><U27/><E27/><V19/><F19/><W114/><G114/><T31/><REACH who="0" step="1"/><D124/><REACH who="0" ten="225,437,268,60" step="2"/><U51/><E39/><V0/><F0/><W111/><G111/><T126/><D126/><U92/><E38/><V6/><F6/><W25/><G25/><T134/><D134/><U88/><E37/><V29/><F29/><W55/><G55/><T102/><D102/><U35/><E101/><V33/><F33/><W66/><G66/><T81/><D81/><AGARI ba="0,1" hai="75,76,81,130,131" m="39978,46185,42091" machi="81" ten="40,5200,0" yaku="23,1,34,2" doraHai="49" who="2" fromWho="0" sc="225,-52,437,0,268,62,60,0" /><INIT seed="6,0,0,1,0,34" ten="173,437,330,60" oya="2" hai0="23,80,78,39,107,74,111,31,81,16,51,98,124" hai1="129,3,104,72,35,133,36,120,83,103,29,61,99" hai2="79,130,45,105,30,127,66,10,40,90,82,17,96" hai3="52,62,50,18,2,37,26,68,43,126,89,95,58"/><V115/><F115/><W117/><G117/><T128/><D111/><U24/><E129/><V56/><F130/><W77/><G77/><T27/><D128/><U12/><E12/><V101/><F127/><W92/><G126/><T48/><D124/><U28/><E28/><V85/><F30/><W65/><G2/><T44/><D81/><U57/><E133/><V6/><F17/><W134/><G134/><T11/><D39/><U21/><E120/><V49/><F66/><W64/><G64/><T53/><D11/><U32/><E36/><V112/><F56/><W73/><G73/><T125/><D125/><U71/><E3/><V76/><REACH who="2" step="1"/><F112/><REACH who="2" ten="173,437,320,60" step="2"/><W109/><G109/><T131/><D131/><U100/><E57/><V113/><F113/><W4/><G4/><T55/><D31/><U69/><E71/><V33/><F33/><W88/><G18/><T86/><D16/><U5/><E32/><V118/><F118/><W70/><G70/><T91/><D27/><U15/><E69/><V38/><F38/><W87/><G26/><T54/><D23/><U102/><E21/><V75/><F75/><W14/><G14/><AGARI ba="0,1" hai="6,10,14,40,45,49,76,79,82,85,90,96,101,105" machi="14" ten="30,2900,0" yaku="1,1,7,1,53,0" doraHai="34" doraHaiUra="108" who="2" fromWho="3" sc="173,0,437,0,320,39,60,-29" /><INIT seed="6,1,0,3,2,80" ten="173,437,359,31" oya="2" hai0="6,62,64,61,70,5,1,55,71,113,45,46,36" hai1="87,16,51,74,19,103,130,29,52,97,58,44,110" hai2="81,106,102,89,15,63,48,135,85,86,72,37,123" hai3="18,30,76,88,104,99,54,34,82,12,122,11,127"/><V100/><F37/><W125/><G122/><T94/><D113/><U60/><E74/><V22/><F123/><W75/><G54/><T101/><D101/><N who="2" m="39018" /><F72/><W95/><G104/><T14/><D14/><U28/><E110/><V40/><F106/><W116/><G116/><T68/><D94/><N who="1" m="58807" /><E130/><V77/><F135/><W65/><G65/><N who="0" m="41007" /><D5/><U59/><E59/><V50/><F63/><W3/><G3/><T114/><D6/><U84/><E19/><N who="2" m="10623" /><F40/><W117/><G117/><T90/><D90/><U107/><E107/><V39/><F39/><W8/><G8/><T26/><D1/><U128/><E128/><V66/><F66/><W47/><G47/><T2/><D2/><U129/><E129/><V131/><F131/><W115/><G115/><T119/><D119/><U118/><E118/><V20/><F20/><W13/><G13/><T111/><D26/><U121/><E121/><V53/><F53/><W42/><REACH who="3" step="1"/><G42/><REACH who="3" ten="173,437,359,21" step="2"/><N who="0" m="22727" /><D114/><U49/><E44/><V0/><F0/><W31/><G31/><T17/><D111/><U24/><E29/><V4/><F4/><W83/><G83/><T43/><D17/><U25/><E28/><V109/><F109/><W35/><G35/><T21/><D55/><U124/><E16/><V98/><F98/><W96/><G96/><T56/><D21/><U69/><E25/><AGARI ba="1,1" hai="11,12,18,25,30,34,75,76,82,88,95,99,125,127" machi="25" ten="40,2600,0" yaku="1,1,54,1,53,0" doraHai="80" doraHaiUra="32" who="3" fromWho="1" sc="173,0,437,-29,359,0,21,39" /><INIT seed="7,0,0,5,5,7" ten="173,408,359,60" oya="3" hai0="43,66,120,92,87,91,126,110,65,34,129,130,89" hai1="108,39,22,5,0,122,69,12,24,70,55,135,78" hai2="33,134,25,83,114,72,76,86,32,98,63,36,9" hai3="133,29,13,35,28,48,81,15,40,96,100,132,10"/><W21/><G81/><N who="0" m="49391" /><D110/><U45/><E108/><V27/><F36/><W41/><G35/><T49/><D126/><U3/><E135/><N who="3" m="51786" /><G48/><T77/><D77/><U50/><E39/><V116/><F116/><W115/><G115/><T68/><D68/><U44/><E44/><V109/><F134/><W117/><G117/><T113/><D120/><U123/><E78/><V94/><F109/><W54/><G54/><T80/><D80/><U20/><E70/><V58/><F114/><W127/><G127/><T111/><D34/><U112/><E69/><V124/><F124/><W18/><G29/><T102/><D102/><U42/><E112/><V26/><F72/><W1/><G1/><T23/><D23/><U2/><E55/><V17/><F32/><W47/><G47/><N who="0" m="25855" /><D111/><U62/><E62/><V106/><F33/><W84/><G84/><N who="0" m="52327" /><D113/><U11/><E22/><V19/><F106/><N who="3" m="63751" /><G28/><T75/><D75/><U4/><E4/><AGARI ba="0,0" hai="4,10,13,15,18,21,40,41" m="63751,51786" machi="4" ten="30,2900,0" yaku="20,1,52,1" doraHai="7" who="3" fromWho="1" sc="173,0,408,-29,359,0,60,29" /><INIT seed="7,1,0,2,0,8" ten="173,379,359,89" oya="3" hai0="32,29,81,40,62,85,14,61,129,74,133,52,46" hai1="17,122,118,13,63,71,127,102,50,119,44,113,34" hai2="120,92,94,65,45,22,82,114,121,31,117,106,69" hai3="123,36,12,11,103,98,18,21,6,109,2,104,135"/><W51/><G123/><N who="2" m="47177" /><F106/><W101/><G135/><T33/><D74/><U112/><E34/><V83/><F117/><N who="1" m="44553" /><E122/><V93/><F114/><W107/><G109/><T37/><D29/><U35/><E35/><V111/><F111/><W43/><G51/><T58/><D129/><U28/><E28/><V77/><F45/><W73/><G73/><T87/><D87/><U39/><E39/><V38/><F38/><W97/><REACH who="3" step="1"/><G36/><REACH who="3" ten="173,379,359,79" step="2"/><T0/><D133/><U1/><E113/><V100/><F100/><W91/><G91/><T96/><D62/><U126/><E102/><V84/><F77/><W15/><G15/><T60/><D0/><U79/><E112/><V23/><F84/><W116/><G116/><T41/><D61/><U86/><E86/><V5/><F83/><W110/><G110/><T72/><D72/><U57/><E79/><V115/><F82/><W130/><G130/><T68/><D14/><U70/><E1/><V9/><F115/><W89/><G89/><N who="0" m="51375" /><D96/><U64/><E127/><V30/><F30/><W7/><G7/><T10/><D41/><AGARI ba="1,1" hai="2,6,11,12,18,21,41,43,97,98,101,103,104,107" machi="41" ten="40,7700,0" yaku="1,1,9,1,52,1,53,0" doraHai="8" doraHaiUra="132" who="3" fromWho="0" sc="173,-80,379,0,359,0,79,90" /><INIT seed="7,2,0,5,2,84" ten="93,379,359,169" oya="3" hai0="119,109,113,19,87,5,127,15,100,83,117,72,40" hai1="133,116,61,98,130,131,81,20,124,33,46,18,48" hai2="23,14,35,66,134,115,24,29,135,69,112,2,99" hai3="93,52,22,125,31,47,58,118,132,91,85,78,39"/><W71/><G118/><T44/><D127/><U129/><E33/><V0/><F69/><W56/><G125/><T41/><D113/><N who="2" m="43594" /><F66/><W62/><G132/><N who="2" m="50729" /><F99/><W106/><G106/><T38/><D109/><U37/><E133/><V122/><F122/><W50/><G39/><T7/><D72/><U94/><E37/><V30/><F30/><W3/><G3/><N who="2" m="1065" /><F14/><W128/><G128/><T102/><D117/><U111/><E124/><V54/><F54/><N who="3" m="34071" /><G71/><T49/><D119/><U25/><E111/><V6/><F6/><W12/><G78/><T32/><D5/><U43/><E116/><V4/><F4/><W97/><G97/><T34/><D7/><U68/><E81/><V95/><F95/><W13/><G13/><T73/><D102/><N who="1" m="60759" /><E68/><V108/><F108/><W92/><G92/><T57/><D100/><U121/><E121/><V89/><F89/><W76/><G76/><T60/><D73/><U82/><E82/><V65/><F65/><W80/><G80/><T88/><D15/><U21/><E21/><AGARI ba="2,0" hai="21,23,24,29,35" m="1065,50729,43594" machi="21" ten="40,8000,1" yaku="15,1,20,1,34,2" doraHai="84" who="2" fromWho="1" sc="93,0,379,-86,359,86,169,0" owari="93,-40.7,293,9.3,445,54.5,169,-23.1" /></mjloggm>