<mjloggm ver="2.3"><GO type="169" lobby="0"/><UN n0="%E7%AE%B1%E4%B8%8B%E3%81%AE%E3%82%B1%E3%83%B3%E5%9D%8A" n1="%E7%89%8C%E6%B5%81%E7%8A%B6%E6%85%8B%E9%BA%BB%E9%9B%80" n2="%6A%61%63%6F%62%69%33%35" n3="%E5%B8%B0%E3%82%8A%E3%81%9F%E3%81%84%E3%80%82" dan="16,16,17,17" rate="2135.53,2168.26,2124.27,2177.44" sx="M,M,M,M"/><TAIKYOKU oya="0"/><INIT seed="0,0,0,1,2,48" ten="250,250,250,250" oya="0" hai0="133,77,71,50,83,96,135,15,105,24,62,16,55" hai1="131,25,114,28,73,116,102,4,104,90,60,26,67" hai2="72,68,59,34,10,13,5,17,23,124,81,82,42" hai3="22,54,3,18,20,92,47,33,45,110,56,93,6"/><T7/><D7/><U11/><E116/><V91/><F68/><W101/><G110/><T107/><D24/><U99/><E131/><V14/><F124/><W31/><G3/><T127/><D127/><U8/><E114/><V64/><F34/><W89/><G6/><T121/><D121/><U40/><E73/><V2/><F72/><W36/><G101/><T119/><D119/><U65/><E40/><V52/><F64/><W109/><G109/><T29/><D29/><U30/><E90/><V103/><F103/><W79/><G79/><T125/><D125/><U113/><E113/><V32/><F32/><W112/><G93/><T74/><D62/><U44/><E44/><V49/><F42/><W19/><G36/><T106/><D96/><U38/><E38/><V57/><F57/><W84/><G31/><T70/><D71/><U12/><E11/><V129/><F129/><W27/><G33/><T35/><D70/><U122/><E122/><V61/><F61/><N who="3" m="35991" /><G112/><T75/><D35/><U85/><E28/><V97/><F2/><W46/><G46/><T9/><REACH who="0" step="1"/><D74/><REACH who="0" ten="240,250,250,250" step="2"/><U21/><E26/><AGARI ba="0,1" hai="18,19,20,22,26,27,45,47,84,89,92" m="35991" machi="26" ten="30,2000,0" yaku="8,1,52,1" doraHai="48" who="3" fromWho="1" sc="240,0,250,-20,250,0,250,30" /><INIT seed="1,0,0,3,4,58" ten="240,230,250,280" oya="1" hai0="132,52,70,63,113,73,95,125,50,34,40,1,103" hai1="100,83,35,32,17,41,130,13,72,104,2,53,71" hai2="117,20,108,3,111,14,69,81,118,99,112,102,29" hai3="124,84,6,33,90,115,119,135,8,87,62,129,44"/><U31/><E2/><V133/><F3/><W56/><G115/><T86/><D113/><U80/><E130/><V127/><F112/><W39/><G124/><T74/><D34/><U65/><E41/><V24/><F127/><W10/><G135/><T75/><D125/><U11/><E53/><V21/><F69/><W109/><G109/><N who="2" m="42057" /><F81/><W23/><G33/><T122/><D1/><U85/><E72/><V128/><F133/><W45/><G39/><T51/><D132/><U68/><E35/><V64/><F64/><W106/><G106/><T94/><D122/><U46/><E46/><N who="3" m="18026" /><G6/><T123/><D123/><U16/><E17/><N who="2" m="10295" /><F128/><W47/><G84/><T37/><D37/><U49/><E49/><V82/><F82/><W91/><G87/><T42/><D86/><U36/><E36/><V131/><F131/><W66/><G119/><T78/><D50/><U126/><E126/><V96/><F96/><W26/><G129/><T110/><D110/><U12/><E12/><V0/><F0/><W25/><G25/><T97/><D94/><AGARI ba="0,0" hai="21,24,29,94,99,102,117,118" m="10295,42057" machi="94" ten="30,1000,0" yaku="14,1" doraHai="58" who="2" fromWho="0" sc="240,-10,230,0,250,10,280,0" /><INIT seed="2,0,0,2,4,32" ten="230,230,260,280" oya="2" hai0="44,132,95,121,82,128,78,99,80,14,116,57,18" hai1="22,58,90,17,54,28,73,87,124,101,120,119,106" hai2="52,40,24,117,134,30,45,105,68,62,129,115,65" hai3="15,12,71,48,31,26,113,123,51,79,55,127,21"/><V112/><F117/><W42/><G123/><T61/><D132/><U118/><E120/><V7/><F105/><W126/><G71/><T39/><D128/><U33/><E73/><V35/><F129/><W47/><G79/><T19/><D121/><U77/><E77/><V2/><F134/><W84/><G113/><T100/><D116/><U63/><E124/><N who="3" m="47658" /><G84/><T66/><D19/><U70/><E70/><V16/><F16/><W34/><G34/><T98/><D98/><U59/><E101/><V93/><F93/><W23/><G23/><T11/><D39/><U67/><E106/><V102/><F102/><W75/><G75/><T103/><D103/><U4/><E4/><V114/><F52/><W38/><G51/><T64/><D44/><AGARI ba="0,0" hai="12,15,21,26,31,38,42,44,47,48,55" m="47658" machi="44" ten="30,1000,0" yaku="18,1" doraHai="32" who="3" fromWho="0" sc="230,-10,230,0,260,0,280,10" /><INIT seed="3,0,0,3,5,25" ten="220,230,260,290" oya="3" hai0="21,57,118,59,90,114,1,28,116,76,120,97,40" hai1="45,30,19,130,0,67,13,108,50,72,42,88,32" hai2="2,66,135,33,133,52,11,92,71,83,27,65,127" hai3="101,123,131,78,104,56,51,12,26,18,46,7,126"/><W117/><G117/><T79/><D120/><U69/><E72/><V35/><F127/><W63/><G123/><T44/><D1/><U124/><E0/><V58/><F83/><W119/><G119/><T41/><D114/><U89/><E108/><V15/><F2/><W111/><G131/><T17/><D116/><U47/><E124/><V93/><F71/><W128/><G128/><T34/><D41/><U54/><E130/><V70/><F70/><W84/><G104/><T134/><D134/><U39/><E67/><V3/><F3/><W75/><G101/><T100/><D90/><U22/><REACH who="1" step="1"/><E69/><REACH who="1" ten="220,220,260,290" step="2"/><V86/><F66/><W31/><G75/><T82/><D118/><U98/><E98/><V48/><F65/><W113/><G111/><T96/><D97/><U38/><E38/><V91/><F135/><W81/><G126/><T20/><D96/><U14/><E14/><V74/><F74/><W125/><G125/><T109/><D109/><U23/><E23/><V129/><F133/><W87/><G113/><T16/><D21/><U61/><E61/><V106/><F129/><W64/><G87/><T6/><D20/><U53/><E53/><V107/><F35/><W105/><G84/><T85/><D34/><U24/><AGARI ba="0,1" hai="13,19,22,24,30,32,39,42,45,47,50,54,88,89" machi="24" ten="30,7900,0" yaku="1,1,0,1,52,1,54,1,53,0" doraHai="25" doraHaiUra="110" who="1" fromWho="1" sc="220,-20,220,89,260,-20,290,-39" /><INIT seed="4,0,0,4,3,57" ten="200,309,240,251" oya="0" hai0="131,73,25,135,48,41,106,94,46,35,36,31,127" hai1="126,6,133,14,32,121,51,125,65,97,17,132,122" hai2="60,95,91,40,120,20,11,74,75,104,67,38,93" hai3="92,23,83,1,100,16,78,107,105,85,43,39,34"/><T117/><D106/><U18/><E51/><V33/><F33/><W0/><G34/><T47/><D117/><U9/><E65/><V42/><F104/><W130/><G130/><T44/><D131/><U119/><E32/><V56/><F120/><N who="1" m="46185" /><E119/><V108/><F95/><W98/><G107/><T27/><D127/><N who="1" m="48651" /><E97/><V50/><F38/><W15/><REACH who="3" step="1"/><G105/><REACH who="3" ten="200,309,240,241" step="2"/><T115/><D35/><U24/><E24/><V99/><F108/><W87/><G87/><T64/><D25/><U61/><E133/><V114/><F75/><W29/><G29/><T88/><D73/><U59/><E132/><V3/><F74/><W5/><G5/><T54/><D135/><U81/><E81/><V89/><F99/><W102/><G102/><T53/><D27/><U116/><E116/><V82/><F82/><W10/><G10/><T103/><D31/><U63/><E6/><V80/><F11/><W49/><G49/><T86/><D103/><U26/><E26/><V45/><F50/><W69/><G69/><T84/><D84/><U71/><E71/><V123/><F80/><W118/><G118/><T109/><D109/><U13/><E9/><V4/><F4/><W66/><G66/><T28/><D64/><U134/><E134/><V70/><F70/><W101/><G101/><T58/><D28/><U110/><E110/><V124/><F124/><W72/><G72/><T8/><D8/><U128/><E128/><V52/><F123/><W37/><G37/><T7/><D7/><U129/><E129/><V55/><F67/><W21/><G21/><T68/><D68/><U30/><E30/><RYUUKYOKU ba="0,1" sc="200,-10,309,-10,240,-10,241,30" hai3="0,1,15,16,23,39,43,78,83,85,92,98,100" /><INIT seed="5,1,1,5,4,111" ten="190,299,230,271" oya="1" hai0="3,78,114,89,95,17,38,73,27,60,7,55,47" hai1="133,61,97,48,52,75,15,128,117,39,94,126,33" hai2="63,62,100,88,135,103,130,65,1,20,85,71,53" hai3="99,30,35,44,90,69,28,26,79,86,29,129,93"/><U127/><E117/><V36/><F1/><W57/><G69/><T31/><D78/><U84/><E75/><V6/><F36/><W51/><G129/><T21/><D73/><U2/><E2/><V23/><F6/><W42/><REACH who="3" step="1"/><G57/><REACH who="3" ten="190,299,230,261" step="2"/><T124/><D124/><U81/><E128/><V131/><F131/><W64/><G64/><T43/><D114/><U119/><E127/><V107/><F130/><W8/><G8/><T106/><D106/><U109/><E126/><V40/><F71/><W118/><G118/><T92/><D3/><U116/><E116/><V45/><F65/><W80/><AGARI ba="1,2" hai="26,28,29,30,35,42,44,51,79,80,86,90,93,99" machi="80" ten="30,4000,0" yaku="1,1,0,1,53,1" doraHai="111" doraHaiUra="72" who="3" fromWho="3" sc="190,-11,299,-21,230,-11,261,63" /><INIT seed="6,0,0,1,0,38" ten="179,278,219,324" oya="2" hai0="129,118,114,115,6,4,80,46,97,101,71,0,52" hai1="121,110,8,124,57,85,73,5,13,28,3,20,32" hai2="14,16,74,89,34,68,42,81,117,55,79,25,126" hai3="122,87,66,58,30,22,70,96,36,132,29,88,130"/><V119/><F126/><W26/><G122/><T39/><D71/><U2/><E73/><V9/><F68/><W18/><G36/><T112/><D0/><N who="1" m="43" /><E57/><V123/><F123/><W11/><G130/><T37/><D129/><U1/><E85/><V51/><F89/><W103/><G132/><T44/><D118/><U64/><E64/><V23/><F34/><W91/><G11/><T135/><D135/><U76/><E76/><V106/><F106/><W48/><G91/><T94/><D80/><U109/><E121/><V104/><F104/><W86/><G86/><T12/><D12/><U67/><E67/><V133/><F42/><W131/><G131/><T128/><D128/><U107/><E107/><V31/><REACH who="2" step="1"/><F133/><REACH who="2" ten="179,278,209,324" step="2"/><W35/><G35/><T53/><D37/><U111/><E124/><V7/><F7/><N who="0" m="2602" /><D39/><U33/><E1/><V83/><F83/><W100/><G70/><T90/><D90/><U78/><E78/><V27/><F27/><AGARI ba="0,1" hai="5,8,13,20,27,28,32,33,109,110,111" m="43" machi="27" ten="40,2600,0" yaku="34,2" doraHai="38" who="1" fromWho="2" sc="179,0,278,36,209,-26,324,0" /><INIT seed="7,0,0,1,0,63" ten="179,314,183,324" oya="3" hai0="76,83,11,7,85,37,112,32,47,87,33,126,65" hai1="66,124,6,118,73,72,53,119,127,30,93,35,17" hai2="40,95,68,103,45,111,55,71,84,3,97,28,81" hai3="69,74,20,43,128,31,58,110,57,135,98,117,14"/><W120/><G117/><N who="1" m="44554" /><E6/><V15/><F3/><W34/><G74/><N who="1" m="28778" /><E66/><V36/><F111/><W77/><G77/><T42/><D126/><N who="1" m="48171" /><E17/><V49/><F68/><W116/><G69/><T13/><D112/><U129/><E129/><V0/><F71/><W12/><G34/><T19/><D65/><U67/><E67/><V44/><F0/><W52/><G135/><T46/><D85/><U99/><E53/><V51/><F55/><W101/><G120/><T61/><D61/><U89/><E30/><V9/><F28/><W70/><G70/><T102/><D102/><U91/><E35/><V79/><F45/><W59/><G43/><T82/><D82/><U86/><E86/><V27/><F27/><N who="3" m="16871" /><G110/><T8/><D46/><U4/><E4/><AGARI ba="0,0" hai="4,9,15,36,40,44,49,51,79,81,84,95,97,103" machi="4" ten="30,1000,0" yaku="7,1" doraHai="63" who="2" fromWho="1" sc="179,0,314,-10,183,10,324,0" owari="179,-32.1,304,10.4,193,-20.7,324,42.4" /></mjloggm>