<mjloggm ver="2.3"><GO type="169" lobby="0"/><UN n0="%E6%A9%98%E3%83%AF%E3%83%AB%E3%83%84" n1="%E4%BA%BA%E7%8B%BC" n2="%E5%B3%B6%E7%94%B0%E7%9C%9F%E5%A4%A2" n3="%41%6E%6B%6F%61%6E%6B%6F" dan="16,16,16,17" rate="2113.69,2056.73,2136.54,2190.71" sx="M,M,F,F"/><TAIKYOKU oya="0"/><INIT seed="0,0,0,2,0,113" ten="250,250,250,250" oya="0" hai0="107,67,3,52,123,76,85,127,55,83,66,9,0" hai1="28,21,20,1,97,45,15,111,47,132,16,27,129" hai2="79,90,93,69,71,101,5,59,2,42,133,63,78" hai3="94,110,48,18,84,58,64,17,26,14,99,31,24"/><T60/><D123/><U108/><E129/><V53/><F133/><W119/><G110/><N who="1" m="42026" /><E1/><V98/><F98/><W117/><G84/><T38/><D107/><U106/><E132/><V61/><F101/><AGARI ba="0,0" hai="15,16,20,21,27,28,45,47,97,101,106" m="42026" machi="101" ten="30,2000,0" yaku="14,1,54,1" doraHai="113" who="1" fromWho="2" sc="250,0,250,20,250,-20,250,0" /><INIT seed="1,0,0,5,4,59" ten="250,270,230,250" oya="1" hai0="30,98,119,89,76,0,132,133,107,20,14,48,60" hai1="50,63,28,94,83,122,15,126,38,4,68,81,125" hai2="134,44,27,127,2,78,29,46,104,6,87,42,45" hai3="58,80,35,117,79,106,19,135,109,47,17,12,114"/><U39/><E122/><V31/><F104/><W88/><G114/><T130/><D0/><U97/><E28/><V62/><F127/><N who="1" m="48649" /><E4/><V95/><F134/><W74/><G109/><T43/><D119/><U71/><E15/><V7/><F42/><W66/><G135/><T33/><D33/><U1/><E50/><V65/><F2/><W124/><G106/><T69/><D30/><U116/><E116/><V105/><F105/><W57/><G35/><T100/><D48/><U112/><E1/><V113/><F113/><W72/><G72/><T52/><D43/><U111/><E112/><V67/><F67/><W129/><G129/><T99/><D130/><U128/><E128/><V21/><F29/><W18/><G124/><T102/><D14/><U16/><E16/><V55/><F55/><W54/><G47/><T92/><D20/><U86/><E71/><V53/><F53/><W120/><G117/><T5/><D5/><U40/><E40/><V22/><F22/><W91/><G120/><T84/><D69/><U9/><E9/><V73/><F73/><W101/><G12/><T85/><D76/><N who="1" m="46375" /><E83/><N who="2" m="47607" /><F95/><W93/><G66/><T51/><D51/><U49/><E49/><V13/><F13/><W10/><G10/><T115/><D115/><U41/><E41/><V110/><F110/><W8/><G8/><T56/><D133/><U25/><E111/><V36/><F36/><W23/><G23/><T123/><D132/><U82/><E82/><V64/><F64/><W77/><G77/><T70/><D123/><U24/><E39/><V34/><F34/><W108/><G108/><RYUUKYOKU ba="0,0" sc="250,-10,270,-10,230,30,250,-10" hai2="6,7,21,27,31,44,45,46,62,65" /><INIT seed="2,1,0,0,2,59" ten="240,260,260,240" oya="2" hai0="124,10,92,18,25,30,21,119,2,7,53,49,39" hai1="22,114,110,100,19,71,8,47,84,127,36,86,56" hai2="23,131,135,128,28,27,73,101,81,75,57,13,54" hai3="120,126,68,118,42,58,20,77,66,116,132,102,24"/><V51/><F135/><W31/><G120/><T70/><D119/><U45/><E114/><V94/><F13/><W90/><G132/><T117/><D117/><U6/><E110/><V40/><F40/><W55/><G126/><T3/><D124/><U33/><E33/><V95/><F101/><W111/><G111/><T26/><D39/><U38/><E71/><V11/><F11/><W5/><G77/><T113/><D70/><U91/><E100/><V76/><REACH who="2" step="1"/><F73/><REACH who="2" ten="240,260,250,240" step="2"/><W43/><G102/><T82/><D113/><U60/><E127/><V109/><F109/><W89/><G42/><T35/><D3/><U16/><E38/><V97/><F97/><W64/><G43/><T41/><D41/><U103/><E36/><V17/><F17/><N who="1" m="6729" /><E103/><V121/><F121/><W52/><G118/><T129/><D10/><U61/><E22/><V122/><F122/><W46/><G116/><T125/><D2/><U130/><E130/><AGARI ba="1,1" hai="23,27,28,51,54,57,75,76,81,94,95,128,130,131" machi="130" ten="40,3900,0" yaku="1,1,19,1,53,0" doraHai="59" doraHaiUra="65" who="2" fromWho="1" sc="240,0,260,-42,250,52,240,0" /><INIT seed="2,2,0,3,5,57" ten="240,218,302,240" oya="2" hai0="101,115,19,1,83,108,124,27,4,78,63,104,121" hai1="22,24,38,0,106,88,81,44,20,117,21,125,96" hai2="31,53,69,49,15,118,112,94,68,129,54,116,45" hai3="29,6,16,127,50,103,28,3,65,25,33,61,2"/><V99/><F112/><W98/><G127/><T23/><D121/><U123/><E117/><V135/><F135/><W107/><G29/><T56/><D115/><U80/><E125/><V59/><F129/><W30/><G28/><T133/><D124/><U77/><E0/><V46/><F31/><W114/><G114/><T71/><D133/><U14/><E123/><V76/><F76/><W90/><G90/><T113/><D113/><U119/><E119/><N who="2" m="45611" /><F15/><W87/><G87/><T5/><D71/><N who="2" m="27210" /><F94/><W42/><G42/><T26/><D108/><U102/><E14/><V74/><F99/><W40/><G40/><T34/><D34/><U130/><E130/><V100/><F100/><W95/><G50/><T58/><D58/><U105/><E105/><V134/><F74/><W39/><G39/><T8/><D5/><U82/><E77/><V120/><F134/><W84/><G6/><T41/><D41/><U86/><E38/><V126/><F126/><W132/><G132/><T110/><D110/><U89/><E44/><N who="2" m="27815" /><F120/><W109/><G109/><T67/><D104/><U37/><E37/><V47/><F47/><W62/><G2/><T7/><D7/><U75/><E75/><V43/><F43/><W60/><G3/><T97/><D97/><U72/><E72/><V85/><F85/><W52/><G107/><T12/><D101/><U92/><REACH who="1" step="1"/><E89/><REACH who="1" ten="240,208,302,240" step="2"/><V66/><F66/><W111/><G65/><T131/><D131/><U93/><E93/><V17/><F45/><W35/><G95/><T122/><D122/><U36/><E36/><V91/><F46/><W55/><G111/><RYUUKYOKU ba="2,1" sc="240,15,208,15,302,-15,240,-15" hai0="1,4,8,12,19,23,26,27,56,63,67,78,83" hai1="20,21,22,24,80,81,82,86,88,92,96,102,106" /><INIT seed="3,3,1,0,4,113" ten="255,223,287,225" oya="3" hai0="30,41,85,129,128,25,61,99,66,13,87,123,72" hai1="5,58,31,116,67,74,82,73,93,121,134,84,7" hai2="57,16,23,120,17,131,75,21,107,71,14,126,40" hai3="122,89,8,46,114,34,83,94,63,90,37,33,54"/><W105/><G114/><T79/><D123/><U104/><E121/><V11/><F75/><W43/><G122/><T86/><D41/><U124/><E104/><V133/><F120/><W108/><G105/><T42/><D42/><U78/><E134/><V111/><F107/><W53/><G108/><T101/><D13/><U92/><E124/><V60/><F111/><W68/><G8/><T38/><D38/><U9/><E31/><V69/><F133/><W6/><G6/><T109/><D109/><U29/><E29/><V36/><F126/><W88/><G83/><T45/><D45/><U51/><E116/><V50/><F131/><W95/><G54/><T64/><D72/><U62/><E73/><V20/><F36/><W44/><G44/><T130/><D79/><U77/><E7/><V1/><F1/><W112/><G112/><T32/><D61/><U100/><E100/><V19/><F40/><W127/><G127/><T2/><D2/><U135/><E135/><V81/><F81/><W102/><G53/><T4/><D4/><U98/><E74/><V103/><F50/><W56/><G68/><T49/><D49/><U26/><E26/><V47/><F47/><W59/><G102/><T27/><D27/><U0/><E51/><V12/><F103/><W52/><REACH who="3" step="1"/><G59/><REACH who="3" ten="255,223,287,215" step="2"/><T24/><D30/><U76/><REACH who="1" step="1"/><E98/><REACH who="1" ten="255,213,287,215" step="2"/><V96/><F96/><W117/><G117/><T48/><D99/><U39/><E39/><V35/><F71/><W80/><G80/><T132/><D101/><U70/><E70/><V110/><F69/><W97/><G97/><T18/><D132/><RYUUKYOKU ba="3,3" sc="255,-15,213,15,287,-15,215,15" hai1="0,5,9,58,62,67,76,77,78,82,84,92,93" hai3="33,34,37,43,46,52,56,63,88,89,90,94,95" /><INIT seed="3,4,3,0,5,52" ten="240,228,272,230" oya="3" hai0="127,66,97,48,10,57,96,88,61,123,118,99,98" hai1="55,31,73,15,40,133,38,104,5,111,59,6,67" hai2="32,63,119,81,113,71,43,53,112,37,82,25,131" hai3="74,72,16,68,26,9,78,56,122,93,108,58,50"/><W11/><G122/><T100/><D118/><U89/><E104/><V79/><F119/><W114/><G114/><T0/><D123/><U45/><E73/><V4/><F131/><W95/><G68/><T129/><D129/><U106/><E111/><V85/><F4/><W14/><G108/><T107/><D127/><U8/><E106/><V27/><F43/><W126/><G126/><T28/><D28/><U44/><E133/><V20/><F37/><W39/><G39/><T51/><D0/><U94/><E31/><V2/><F2/><W120/><G120/><T117/><D117/><U91/><E45/><V132/><F132/><W49/><G14/><T34/><D34/><U77/><E77/><V33/><F32/><W76/><REACH who="3" step="1"/><G16/><REACH who="3" ten="240,228,272,220" step="2"/><T83/><D10/><U60/><E6/><V42/><F71/><W102/><G102/><T65/><D65/><U75/><E75/><V70/><F70/><W17/><G17/><T3/><D3/><U19/><E5/><V69/><F69/><W24/><AGARI ba="4,4" hai="9,11,24,26,49,50,56,58,72,74,76,78,93,95" machi="24" ten="25,18000,2" yaku="1,1,0,1,22,2,52,2,53,0" doraHai="52" doraHaiUra="101" who="3" fromWho="3" sc="240,-64,228,-64,272,-64,220,232" /><INIT seed="3,5,0,5,2,17" ten="176,164,208,452" oya="3" hai0="113,109,100,41,50,19,83,10,119,72,116,16,38" hai1="76,14,37,78,25,33,135,28,66,115,96,91,111" hai2="27,1,126,92,11,131,46,125,51,70,129,9,94" hai3="101,15,3,6,89,74,112,35,52,93,47,26,105"/><W21/><G112/><T99/><D113/><U63/><E115/><V57/><F70/><W127/><G127/><N who="2" m="48649" /><F57/><W18/><G74/><T97/><D38/><U5/><E111/><V118/><F118/><W80/><G105/><T121/><D121/><U59/><E135/><V98/><F27/><W130/><G130/><N who="2" m="49673" /><F1/><W24/><G80/><T65/><D65/><U117/><E37/><V79/><F79/><W87/><G101/><T8/><D109/><U107/><E117/><V53/><F94/><W7/><G3/><T44/><D83/><U122/><E78/><V2/><F2/><W75/><G75/><T110/><D72/><U48/><E76/><V82/><F82/><W12/><G35/><T133/><D110/><U132/><E122/><V43/><F53/><W85/><G85/><T49/><D100/><AGARI ba="5,0" hai="9,11,43,46,51,92,98,100" m="49673,48649" machi="100" ten="30,2000,0" yaku="18,1,19,1" doraHai="17" who="2" fromWho="0" sc="176,-35,164,0,208,35,452,0" /><INIT seed="4,0,0,5,4,65" ten="141,164,243,452" oya="0" hai0="16,83,50,48,61,74,117,4,105,13,115,67,59" hai1="104,29,33,62,132,3,70,78,26,20,0,45,135" hai2="96,77,97,19,28,113,123,128,124,126,39,103,64" hai3="24,89,37,56,42,41,58,106,17,27,68,91,95"/><T129/><D117/><U30/><E104/><V5/><F123/><W72/><G106/><T9/><D105/><U120/><E78/><V87/><F39/><W118/><G118/><T80/><D129/><U51/><E120/><V43/><F113/><W101/><G72/><T60/><D115/><U85/><E85/><V25/><F5/><W44/><G68/><T79/><D80/><U88/><E33/><V122/><F122/><W73/><G73/><T134/><D134/><N who="1" m="51243" /><E30/><V23/><F43/><W31/><G101/><T90/><D90/><U35/><E35/><V133/><F133/><W47/><G95/><T111/><D111/><U76/><E76/><V92/><F64/><W94/><G94/><T52/><D4/><U75/><E75/><V8/><F128/><W32/><G17/><T6/><D6/><U110/><E110/><V21/><F96/><W36/><G32/><T71/><AGARI ba="0,0" hai="9,13,16,48,50,52,59,60,61,67,71,74,79,83" machi="71" ten="20,12000,1" yaku="0,1,7,1,52,1,54,2" doraHai="65" who="0" fromWho="0" sc="141,120,164,-40,243,-40,452,-40" /><INIT seed="4,1,0,3,5,30" ten="261,124,203,412" oya="0" hai0="86,15,112,115,99,33,18,57,124,62,80,71,123" hai1="116,66,1,12,108,63,60,85,83,132,22,55,122" hai2="53,16,8,89,28,19,75,13,107,21,44,113,68" hai3="74,118,134,94,90,54,32,50,61,39,110,135,45"/><T11/><D123/><U36/><E116/><V64/><F75/><W46/><G110/><T109/><D109/><U25/><E108/><V106/><F113/><W37/><G74/><T96/><D71/><U10/><E122/><V93/><F28/><W117/><G32/><T14/><D124/><U131/><E132/><N who="3" m="50730" /><G94/><T88/><D33/><U114/><E131/><V91/><F64/><W120/><G90/><T23/><D112/><U47/><E114/><V103/><F68/><W58/><G120/><T92/><D115/><U9/><E1/><V130/><F130/><W41/><G37/><T72/><D72/><U2/><E2/><V81/><F81/><W34/><G34/><T126/><D126/><U70/><E63/><V84/><F103/><W119/><G119/><T26/><D15/><U121/><E121/><V73/><F73/><W51/><G39/><T31/><REACH who="0" step="1"/><D80/><REACH who="0" ten="251,124,203,412" step="2"/><U3/><E3/><V43/><F13/><W69/><G69/><T48/><D48/><U27/><E12/><V0/><F0/><W125/><G125/><T79/><D79/><U7/><E36/><V77/><F77/><W56/><G45/><T65/><AGARI ba="1,1" hai="11,14,18,23,26,31,57,62,65,86,88,92,96,99" machi="65" ten="20,18000,2" yaku="1,1,0,1,7,1,8,1,54,1,53,1" doraHai="30" doraHaiUra="6" who="0" fromWho="0" sc="251,193,124,-61,203,-61,412,-61" /><INIT seed="4,2,0,3,3,128" ten="444,63,142,351" oya="0" hai0="28,61,82,13,64,33,15,34,31,108,91,63,89" hai1="37,7,116,6,86,90,47,134,131,46,23,96,52" hai2="2,94,4,93,35,124,32,127,11,97,69,113,16" hai3="25,22,115,56,129,100,106,24,62,41,49,104,48"/><T84/><D108/><U59/><E116/><V88/><F69/><W9/><G129/><T3/><D3/><U118/><E118/><V50/><F113/><W125/><G115/><T45/><D45/><U67/><E131/><V51/><F93/><W83/><G125/><N who="2" m="48201" /><F16/><W53/><G9/><T17/><D17/><U119/><E119/><V72/><F72/><W66/><G83/><T103/><D103/><U10/><E134/><V26/><F26/><W30/><G25/><T38/><D38/><U121/><E121/><V8/><F8/><W126/><G126/><T123/><D64/><U120/><E120/><V107/><F107/><W109/><G109/><T1/><D1/><U74/><E74/><V95/><F95/><W92/><G41/><T54/><D82/><U78/><E67/><V19/><F19/><W42/><G42/><T57/><D123/><U133/><E133/><V5/><F5/><W60/><G60/><T55/><D84/><U112/><E112/><V111/><F111/><W85/><G85/><T44/><D44/><N who="1" m="16939" /><E37/><V29/><F29/><W110/><G110/><T21/><D21/><U76/><E23/><V122/><F122/><W18/><G30/><T135/><D57/><U81/><E10/><V39/><F39/><W20/><G20/><T14/><D14/><U99/><E7/><V102/><F102/><W68/><G106/><T132/><AGARI ba="2,0" hai="13,15,28,31,33,34,54,55,61,63,89,91,132,135" machi="132" ten="25,12000,1" yaku="0,1,22,2,52,2" doraHai="128" who="0" fromWho="0" sc="444,126,63,-42,142,-42,351,-42" /><INIT seed="4,3,0,1,3,128" ten="570,21,100,309" oya="0" hai0="18,19,105,10,35,52,59,114,86,22,101,90,121" hai1="81,118,16,108,130,82,119,24,103,80,97,106,25" hai2="50,11,78,131,21,87,48,7,71,83,63,94,1" hai3="34,84,111,117,8,76,122,2,47,79,99,55,67"/><T70/><D70/><U23/><E108/><V96/><F131/><W88/><G111/><T91/><D35/><U46/><E130/><V0/><F0/><W26/><G117/><T13/><D121/><U109/><E109/><V113/><F113/><W66/><G122/><T54/><D114/><U17/><E46/><V32/><F32/><W12/><G2/><T41/><D41/><U125/><E125/><V30/><F71/><W38/><G99/><T115/><D115/><U29/><REACH who="1" step="1"/><E17/><REACH who="1" ten="570,11,100,309" step="2"/><V58/><F30/><W40/><G47/><T31/><D19/><U135/><E135/><V44/><F44/><W89/><G38/><T107/><D101/><U43/><E43/><V77/><F77/><W6/><G40/><T39/><D39/><U85/><E85/><V134/><F134/><W100/><G84/><T75/><D75/><U104/><E104/><V74/><F74/><W36/><G100/><T53/><D107/><U110/><E110/><V72/><F72/><W51/><G79/><T127/><D105/><U56/><E56/><V69/><F69/><W45/><G76/><T123/><D127/><U98/><E98/><V93/><F96/><W33/><G36/><T37/><D37/><U9/><E9/><V57/><F11/><W64/><G45/><T73/><D73/><U124/><E124/><V27/><F87/><W28/><G8/><T92/><D123/><U5/><E5/><V120/><F7/><W60/><G6/><T133/><D133/><U116/><E116/><V14/><F78/><W49/><G28/><T4/><D4/><U65/><E65/><RYUUKYOKU ba="3,1" sc="570,-10,11,30,100,-10,309,-10" hai1="16,23,24,25,29,80,81,82,97,103,106,118,119" /><INIT seed="5,4,1,0,2,86" ten="560,41,90,299" oya="1" hai0="34,118,24,11,133,25,54,134,26,22,5,10,126" hai1="53,40,17,119,9,58,4,110,41,135,59,66,78" hai2="108,62,83,77,57,127,70,129,93,68,80,67,47" hai3="130,102,76,85,64,121,114,125,52,131,36,28,84"/><U6/><E119/><V82/><F108/><W12/><G121/><T33/><D54/><U69/><E69/><V73/><F129/><N who="3" m="49163" /><G36/><T71/><D71/><U109/><E135/><V44/><F127/><W18/><G28/><T63/><D63/><N who="1" m="38263" /><E78/><V56/><F68/><W37/><G37/><T128/><D118/><U132/><E132/><N who="0" m="50793" /><D128/><U123/><E123/><V15/><F70/><W113/><G64/><T8/><D126/><U46/><E17/><V88/><F56/><W100/><G52/><T60/><D60/><N who="1" m="35951" /><E46/><V23/><F77/><W35/><G35/><N who="0" m="13323" /><D22/><U96/><E96/><N who="2" m="57383" /><F73/><W16/><G125/><T124/><D124/><U45/><E9/><V13/><F23/><N who="3" m="11655" /><G18/><T91/><D91/><U31/><E31/><V29/><F29/><W7/><G7/><AGARI ba="4,1" hai="5,7,8,10,11,24,25,26" m="13323,50793" machi="7" ten="40,8000,1" yaku="28,2,20,1,34,2" doraHai="86" who="0" fromWho="3" sc="560,102,41,0,90,0,299,-92" /><INIT seed="6,0,0,2,0,120" ten="662,41,90,207" oya="2" hai0="119,61,65,66,17,97,93,102,8,48,26,24,20" hai1="45,16,99,104,1,77,123,121,28,131,92,122,117" hai2="73,87,83,27,6,86,110,50,105,127,38,53,12" hai3="49,57,94,37,62,70,18,132,55,58,39,113,69"/><V129/><F105/><W114/><G94/><T112/><D119/><U91/><E1/><V30/><F38/><N who="3" m="14347" /><G18/><T134/><D134/><U32/><E117/><V84/><F127/><W54/><G132/><T31/><D112/><AGARI ba="0,0" hai="49,54,55,57,58,62,69,70,112,113,114" m="14347" machi="112" ten="30,7700,0" yaku="15,1,11,1,34,2" doraHai="120" who="3" fromWho="0" sc="662,-77,41,0,90,0,207,77" /><INIT seed="7,0,0,2,3,7" ten="585,41,90,284" oya="3" hai0="9,41,44,66,110,52,82,100,61,28,43,25,57" hai1="46,109,27,63,79,67,37,77,104,0,68,64,114" hai2="71,4,76,108,95,90,48,29,113,34,127,38,65" hai3="81,58,122,128,118,132,55,112,26,74,129,35,49"/><W10/><G118/><T21/><D110/><U73/><E109/><V3/><F108/><W20/><G122/><T131/><D131/><N who="3" m="50249" /><G112/><T133/><D133/><U13/><E114/><V14/><F38/><W87/><G132/><T80/><D100/><U24/><E0/><V72/><F3/><W51/><G74/><T92/><D92/><U117/><E117/><V84/><F113/><W45/><G35/><T53/><D9/><U22/><E104/><V59/><F71/><W33/><G33/><T121/><D121/><U40/><E67/><V126/><F76/><N who="3" m="46503" /><G10/><T94/><D94/><U103/><E73/><V89/><F72/><W30/><G49/><N who="0" m="26767" /><D43/><U62/><E103/><V85/><F48/><W86/><G86/><T18/><D28/><U116/><E116/><V91/><F29/><W106/><G106/><T70/><D70/><U99/><E99/><V2/><F34/><W107/><G107/><T78/><D78/><U42/><E42/><V6/><F85/><W123/><G123/><T17/><D82/><U32/><E32/><V130/><F84/><W8/><G8/><T50/><D80/><U75/><E75/><V47/><F95/><W60/><G60/><T111/><D50/><U54/><E63/><V19/><F130/><W15/><G15/><N who="0" m="9407" /><D111/><U16/><REACH who="1" step="1"/><E54/><REACH who="1" ten="585,31,90,284" step="2"/><V124/><F2/><W31/><G31/><T12/><D61/><U134/><E134/><V120/><F120/><W119/><G119/><T105/><D12/><U93/><E93/><V102/><F14/><W101/><G30/><T96/><D105/><U36/><E36/><V97/><F102/><RYUUKYOKU ba="0,1" sc="585,-10,31,30,90,-10,284,-10" hai1="13,16,22,24,27,37,40,46,62,64,68,77,79" owari="585,68.5,61,-43.9,80,-32.0,274,7.4" /></mjloggm>