<mjloggm ver="2.3"><GO type="169" lobby="0"/><UN n0="%73%79%6C%76%65%6F%6E" n1="%E3%82%82%E3%82%8A%E3%82%82%E3%82%8A%E3%81%8A%E3%81%AB%E3%81%8E%E3%82%8A" n2="%E3%81%97%E3%82%87%E3%81%BC%E3%82%93%EF%BD%8E" n3="%E3%82%A8%E3%82%B0%E3%83%81%E3%80%81" dan="16,16,17,16" rate="2169.13,2133.73,2208.66,2147.77" sx="M,M,M,M"/><TAIKYOKU oya="0"/><INIT seed="0,0,0,2,3,117" ten="250,250,250,250" oya="0" hai0="90,12,70,29,121,111,8,62,52,133,102,40,56" hai1="85,95,109,16,100,38,77,34,68,122,25,54,75" hai2="81,14,60,49,103,93,43,69,27,0,135,76,106" hai3="42,41,124,96,6,104,99,128,31,17,22,48,57"/><T91/><D133/><U131/><E109/><V20/><F0/><W46/><G124/><T7/><D111/><U120/><E38/><V39/><F39/><W74/><G128/><T51/><D102/><U4/><E68/><V35/><F93/><W65/><G74/><T2/><D29/><U92/><E75/><V118/><F14/><W134/><G42/><T61/><D121/><U113/><E113/><V18/><F35/><W50/><G104/><T132/><D132/><U45/><E4/><V19/><F118/><W10/><G31/><T98/><D98/><U125/><E34/><V114/><F114/><W94/><G134/><T32/><D32/><U73/><E73/><V79/><F81/><W84/><G84/><T82/><D70/><U78/><E125/><V71/><F71/><W63/><G50/><T23/><D82/><U3/><E3/><V58/><F69/><W66/><G66/><T21/><D2/><U87/><E131/><V64/><F19/><W36/><G36/><T15/><D15/><U112/><E112/><V107/><F135/><W86/><G86/><T129/><D129/><U83/><E120/><V59/><F59/><W126/><G126/><T123/><D123/><U55/><E122/><V119/><F119/><W5/><G10/><T105/><D105/><N who="2" m="39946" /><F103/><N who="3" m="60823" /><G99/><T30/><D30/><U26/><E100/><V115/><F115/><W67/><G67/><N who="0" m="39335" /><D62/><U28/><E28/><V130/><F130/><W24/><AGARI ba="0,0" hai="5,6,17,22,24,41,46,48,57,63,65" m="60823" machi="24" ten="30,1100,0" yaku="8,1" doraHai="117" who="3" fromWho="3" sc="250,-5,250,-3,250,-3,250,11" /><INIT seed="1,0,0,2,3,63" ten="245,247,247,261" oya="1" hai0="5,117,85,55,38,8,28,99,3,52,80,41,89" hai1="0,37,127,11,47,34,15,62,128,29,50,119,102" hai2="111,83,86,4,7,72,26,118,77,46,6,112,105" hai3="25,116,132,121,10,104,54,122,67,69,27,75,126"/><U31/><E119/><V100/><F118/><W103/><G116/><T16/><D28/><U68/><E127/><V53/><F111/><W61/><G126/><T13/><D117/><U114/><E114/><V134/><F112/><W17/><G132/><T135/><D135/><U129/><E37/><V110/><F110/><W66/><G75/><T123/><D123/><U82/><E0/><V98/><F134/><W87/><G104/><T79/><D38/><U19/><E102/><V113/><F113/><W78/><G103/><T76/><D41/><U36/><E36/><V109/><F109/><W23/><G67/><T32/><D32/><U95/><E95/><V22/><F53/><W14/><G27/><T30/><D30/><U58/><E68/><V81/><F46/><W57/><G87/><T106/><D106/><U33/><E29/><V97/><F97/><W73/><G78/><T84/><D79/><U20/><E82/><V48/><F48/><W133/><G73/><T21/><REACH who="0" step="1"/><D99/><REACH who="0" ten="235,247,247,261" step="2"/><U18/><E31/><V24/><REACH who="2" step="1"/><F22/><REACH who="2" ten="235,247,237,261" step="2"/><W64/><G133/><T125/><D125/><U90/><E34/><V94/><F94/><AGARI ba="0,2" hai="3,5,8,13,16,21,52,55,76,80,84,85,89,94" machi="94" ten="30,7700,0" yaku="1,1,7,1,54,2,53,0" doraHai="63" doraHaiUra="93" who="0" fromWho="2" sc="235,97,247,0,237,-77,261,0" /><INIT seed="2,0,0,1,4,105" ten="332,247,160,261" oya="2" hai0="20,95,61,74,134,87,12,53,108,28,99,88,44" hai1="124,27,60,42,117,33,113,9,89,130,123,96,131" hai2="62,10,77,48,39,3,76,84,5,51,8,50,11" hai3="25,91,120,41,93,6,104,126,132,85,0,94,59"/><V100/><F39/><W30/><G120/><T46/><D108/><U121/><E42/><V32/><F32/><W64/><G104/><T133/><D74/><U4/><E60/><V70/><F100/><W101/><G126/><T26/><D12/><U73/><E89/><V18/><F18/><W92/><G132/><N who="0" m="50795" /><D87/><U66/><E66/><V115/><F115/><W24/><G41/><T111/><D111/><U17/><E96/><V29/><F29/><W31/><G6/><T15/><D15/><U34/><E73/><V1/><F84/><W47/><G47/><T103/><D103/><U52/><E113/><V35/><F35/><N who="1" m="13321" /><E52/><V81/><F5/><W112/><G0/><T21/><D21/><N who="1" m="13743" /><E117/><V45/><F45/><W43/><G43/><T110/><D110/><U37/><E37/><V102/><F102/><W65/><G94/><T16/><D28/><U13/><E124/><V90/><F90/><W69/><G85/><T114/><D114/><U125/><E125/><V71/><F81/><W68/><G101/><T135/><D135/><U109/><E109/><V58/><F1/><W72/><G91/><T122/><D122/><AGARI ba="0,0" hai="4,9,13,121,122,123,130,131" m="13743,13321" machi="122" ten="30,3900,0" yaku="13,1,34,2" doraHai="105" who="1" fromWho="0" sc="332,-39,247,39,160,0,261,0" /><INIT seed="3,0,0,1,2,134" ten="293,286,160,261" oya="3" hai0="85,62,43,116,32,102,34,122,55,1,49,92,35" hai1="66,105,13,69,37,94,39,93,96,82,123,17,120" hai2="76,30,22,84,36,58,77,75,25,91,16,40,78" hai3="0,7,124,9,60,63,8,33,53,130,127,67,118"/><W61/><G118/><T47/><D116/><U52/><E105/><V74/><F36/><W2/><G130/><T57/><D1/><U38/><E66/><V71/><F71/><W73/><G73/><T14/><D122/><U100/><E69/><V26/><F40/><W27/><G53/><T119/><D119/><U80/><E93/><V97/><F97/><W107/><G107/><T56/><D14/><U87/><E82/><V68/><F68/><W41/><G41/><T115/><D115/><U54/><E120/><V101/><F101/><W59/><G33/><T12/><D12/><U31/><E31/><V129/><F129/><W5/><G27/><T126/><D126/><AGARI ba="0,0" hai="0,2,5,7,8,9,59,60,61,63,67,124,126,127" machi="126" ten="40,12000,1" yaku="9,1,18,1,52,3" doraHai="134" who="3" fromWho="0" sc="293,-120,286,0,160,0,261,120" /><INIT seed="3,1,0,4,5,49" ten="173,286,160,381" oya="3" hai0="38,52,35,23,73,21,106,99,28,37,96,83,54" hai1="102,70,0,27,75,11,3,121,62,16,50,20,89" hai2="122,58,130,55,15,4,129,1,13,43,86,135,81" hai3="101,93,33,107,116,41,69,31,98,45,22,95,76"/><W39/><G116/><T125/><D35/><U7/><E121/><V114/><F114/><W112/><G112/><T131/><D73/><U26/><E75/><V17/><F135/><W72/><G22/><T56/><D83/><U64/><E102/><V82/><F122/><W79/><G79/><T60/><D125/><U40/><E3/><V115/><F115/><W132/><G132/><T68/><D68/><U109/><E109/><V111/><F111/><W65/><G76/><T74/><D74/><U30/><E89/><V92/><F43/><W9/><G9/><T78/><D78/><U90/><E90/><N who="2" m="53335" /><F13/><W120/><G72/><T48/><D131/><N who="2" m="50186" /><F4/><W42/><G42/><T46/><D23/><U63/><E63/><N who="2" m="36319" /><F1/><W85/><G85/><T66/><D66/><U6/><E6/><V77/><F77/><W47/><G120/><T119/><D119/><U84/><E84/><V2/><F2/><W24/><REACH who="3" step="1"/><G47/><REACH who="3" ten="173,286,160,371" step="2"/><T71/><D46/><U10/><E40/><V87/><F87/><W108/><G108/><T127/><D127/><U57/><E11/><AGARI ba="1,1" hai="11,15,17,81,82" m="36319,50186,53335" machi="11" ten="30,2000,0" yaku="19,1,52,1" doraHai="49" who="2" fromWho="1" sc="173,0,286,-23,160,33,371,0" /><INIT seed="4,0,0,4,1,66" ten="173,263,193,371" oya="0" hai0="127,62,38,22,47,27,108,122,72,79,78,28,0" hai1="59,8,105,131,71,132,2,75,37,120,80,89,54" hai2="25,119,34,23,56,51,86,31,100,52,118,113,16" hai3="73,128,98,74,45,13,10,102,96,35,126,29,90"/><T42/><D122/><U130/><E120/><V124/><F124/><W18/><G128/><T14/><D127/><U3/><E105/><V41/><F113/><W99/><G126/><T53/><D108/><U111/><E111/><V82/><F100/><W32/><G102/><T109/><D109/><U43/><E132/><V85/><F41/><W123/><G123/><T117/><D117/><N who="2" m="44554" /><F82/><W134/><G134/><T115/><D115/><U17/><E43/><V84/><F34/><W49/><G90/><T20/><D0/><U70/><E37/><V15/><F15/><W114/><G114/><T104/><D104/><U63/><E2/><V81/><F81/><W121/><G121/><T6/><D72/><U61/><E61/><V50/><F31/><W48/><G48/><AGARI ba="0,0" hai="16,23,25,48,50,51,52,56,84,85,86" m="44554" machi="48" ten="30,3900,0" yaku="12,1,54,2" doraHai="66" who="2" fromWho="3" sc="173,0,263,0,193,39,371,-39" /><INIT seed="5,0,0,2,0,106" ten="173,263,232,332" oya="1" hai0="124,59,132,12,73,69,9,16,76,47,112,52,41" hai1="24,102,57,113,33,40,21,35,133,105,97,87,65" hai2="104,135,109,95,83,103,48,88,70,19,50,56,75" hai3="84,45,79,129,14,18,17,91,7,115,114,122,36"/><U25/><E113/><N who="3" m="43018" /><G122/><T26/><D112/><U89/><E133/><V58/><F70/><W78/><G129/><T15/><D132/><U116/><E116/><V66/><F109/><W49/><G36/><T72/><D69/><U110/><E110/><V68/><F135/><W81/><G7/><T34/><D124/><U94/><E40/><V90/><F68/><W85/><G85/><T126/><D126/><U28/><E65/><V53/><F104/><W134/><G134/><T82/><D34/><U38/><E38/><V5/><F5/><W117/><G18/><T120/><D120/><U125/><E125/><V67/><F103/><W123/><G117/><T61/><D73/><U86/><E57/><V92/><F19/><W54/><G123/><T98/><D98/><U100/><E100/><V44/><F83/><W107/><G107/><T22/><D9/><AGARI ba="0,0" hai="9,14,17,45,49,54,78,79,81,84,91" m="43018" machi="9" ten="30,2000,0" yaku="25,1,15,1" doraHai="106" who="3" fromWho="0" sc="173,-20,263,0,232,0,332,20" /><INIT seed="6,0,0,1,0,74" ten="153,263,232,352" oya="2" hai0="20,135,72,102,40,88,120,21,134,101,124,42,96" hai1="70,22,86,112,60,92,71,81,79,125,104,93,4" hai2="109,68,115,65,16,90,76,83,3,18,23,37,59" hai3="64,12,5,132,8,113,17,69,55,13,80,97,24"/><V66/><F115/><W27/><G113/><T45/><D120/><U107/><E112/><V105/><F105/><W130/><G130/><T2/><D2/><U77/><E4/><V41/><F68/><W85/><G132/><N who="0" m="50731" /><D72/><U127/><E22/><N who="0" m="8809" /><D45/><U11/><E11/><V30/><F3/><W89/><G64/><T61/><D61/><U128/><E86/><N who="2" m="48487" /><F37/><W108/><G69/><T121/><D121/><U53/><E60/><N who="2" m="38047" /><F109/><W29/><G29/><T1/><D1/><U44/><E44/><V126/><F126/><W62/><G97/><T34/><D96/><U9/><E9/><V57/><F41/><N who="0" m="15978" /><D34/><U116/><E107/><V35/><F35/><W56/><G108/><T122/><D122/><U54/><E104/><V91/><F66/><W94/><G80/><T15/><D15/><U63/><E81/><V123/><F57/><W49/><G62/><T95/><D95/><U19/><E63/><V129/><F129/><W31/><G31/><T117/><D88/><N who="2" m="33834" /><F123/><W43/><G43/><T28/><D28/><U98/><E128/><V48/><F48/><W133/><G133/><T58/><D58/><U111/><E111/><V0/><F0/><W10/><AGARI ba="0,0" hai="5,8,10,12,13,17,24,27,49,55,56,85,89,94" machi="10" ten="20,2700,0" yaku="0,1,7,1,8,1" doraHai="74" who="3" fromWho="3" sc="153,-7,263,-7,232,-13,352,27" /><INIT seed="7,0,0,3,0,103" ten="146,256,219,379" oya="3" hai0="2,128,29,17,37,38,53,135,14,57,4,96,30" hai1="127,65,125,105,123,122,55,98,25,134,16,87,21" hai2="78,40,28,20,7,31,49,132,79,35,1,129,80" hai3="133,51,69,97,85,22,94,58,32,19,110,131,67"/><W104/><G104/><T73/><D73/><U50/><E134/><V70/><F70/><W48/><G51/><T26/><D135/><U114/><E114/><V91/><F129/><W52/><G52/><T108/><D108/><U77/><E65/><V126/><F126/><N who="1" m="48137" /><E105/><V130/><F130/><W95/><G95/><T81/><D128/><U83/><E98/><V111/><F111/><W107/><G107/><T121/><D121/><U6/><E6/><V71/><F71/><W13/><G22/><T11/><D81/><U59/><AGARI ba="0,0" hai="16,21,25,50,55,59,77,83,87,122,123" m="48137" machi="59" ten="30,2000,0" yaku="18,1,54,1" doraHai="103" who="1" fromWho="1" sc="146,-5,256,20,219,-5,379,-10" owari="141,-35.9,276,7.6,214,-18.6,369,46.9" /></mjloggm>