<mjloggm ver="2.3"><GO type="169" lobby="0"/><UN n0="%64%72%61%65%74%63" n1="%E3%81%B3%E3%82%8A%E3%81%B3%E3%82%8A%E2%98%86%E3%83%93%E3%83%AA%E3%83%BC" n2="%E3%81%9B%E3%81%A9%E3%81%AA%E3%82%8A%E3%81%82%E3%82%93" n3="%E3%81%94%E3%82%8B%E3%81%A3" dan="16,16,17,17" rate="2143.27,2160.14,2178.37,2180.16" sx="M,M,M,M"/><TAIKYOKU oya="0"/><INIT seed="0,0,0,2,5,26" ten="250,250,250,250" oya="0" hai0="18,19,91,45,43,4,22,24,80,128,54,10,47" hai1="75,0,65,48,126,109,11,2,1,66,135,89,107" hai2="116,68,28,51,92,111,94,72,9,98,37,27,108" hai3="16,63,123,88,13,102,7,97,78,56,83,105,44"/><T132/><D128/><U23/><E109/><N who="2" m="42059" /><F37/><W84/><G123/><T87/><D132/><U133/><E126/><V42/><F68/><W59/><G7/><T50/><D19/><U40/><E75/><V120/><F120/><W127/><G44/><T20/><D22/><U101/><E11/><V35/><F72/><W124/><G78/><T34/><D34/><U106/><E89/><V57/><F116/><W29/><G29/><T73/><D73/><U5/><E5/><V77/><F77/><W17/><G59/><T100/><D100/><U122/><E122/><V121/><F121/><W117/><G117/><T31/><D18/><U8/><E8/><V114/><F114/><W119/><G119/><T33/><D33/><U134/><E101/><V90/><F94/><W76/><G76/><T36/><D10/><U71/><E71/><V3/><F57/><W99/><G99/><T60/><D60/><U12/><E12/><V21/><F35/><W30/><G30/><T32/><D4/><U93/><E93/><V69/><F69/><W86/><G86/><T49/><REACH who="0" step="1"/><D32/><REACH who="0" ten="240,250,250,250" step="2"/><U85/><E23/><V53/><F9/><W41/><G13/><T112/><D112/><U52/><E133/><V6/><F6/><W95/><G127/><T129/><D129/><U79/><E134/><V115/><F115/><W61/><G124/><T15/><D15/><U38/><E135/><V74/><F74/><W103/><G63/><T104/><D104/><U46/><E107/><V62/><F62/><W67/><G102/><T64/><D64/><U113/><E106/><V81/><F21/><RYUUKYOKU ba="0,1" sc="240,30,250,-10,250,-10,250,-10" hai0="20,24,31,36,43,45,47,49,50,54,80,87,91" /><INIT seed="0,1,1,0,4,82" ten="270,240,240,240" oya="0" hai0="74,21,116,5,99,62,124,90,57,34,95,64,100" hai1="54,12,92,78,133,48,47,87,109,41,36,88,46" hai2="56,55,72,28,7,112,102,59,134,105,14,79,18" hai3="123,33,68,15,51,107,85,135,131,10,80,120,63"/><T71/><D124/><U43/><E109/><V121/><F121/><N who="3" m="46667" /><G131/><T126/><D126/><U83/><E133/><V97/><F112/><W1/><G135/><T122/><D116/><U35/><E35/><V6/><F134/><W29/><G107/><T25/><D74/><U104/><E104/><V23/><F28/><W37/><G37/><T69/><D122/><U11/><E54/><V13/><F72/><W3/><G51/><T130/><D130/><U94/><REACH who="1" step="1"/><E78/><REACH who="1" ten="270,230,240,240" step="2"/><V31/><F79/><N who="3" m="46239" /><G33/><T129/><D129/><U96/><E96/><V73/><F97/><W93/><G93/><T75/><D34/><U2/><E2/><V84/><F105/><W98/><G98/><T4/><D75/><U61/><E61/><V86/><F73/><W60/><G60/><T67/><D90/><U106/><E106/><V19/><F102/><W16/><G29/><T22/><D67/><AGARI ba="1,2" hai="1,3,10,15,16,63,67,68" m="46239,46667" machi="67" ten="30,3900,0" yaku="13,1,52,1,54,1" doraHai="82" who="3" fromWho="0" sc="270,-42,230,0,240,0,240,62" /><INIT seed="1,0,0,0,2,27" ten="228,230,240,302" oya="1" hai0="12,104,35,130,135,86,43,63,60,83,122,47,77" hai1="26,95,105,132,81,69,127,23,48,15,11,40,112" hai2="100,70,119,94,21,8,61,68,97,65,74,73,19" hai3="1,18,49,67,55,58,118,34,44,2,4,39,99"/><U89/><E112/><V116/><F70/><W5/><G118/><T25/><D130/><U84/><E105/><V98/><F8/><W20/><G34/><T103/><D135/><U22/><E69/><V38/><F38/><W129/><G129/><T76/><D122/><U96/><E132/><V85/><F85/><W123/><G123/><T62/><D77/><U128/><E127/><V71/><F71/><W121/><G121/><T106/><D103/><U13/><E128/><V78/><F98/><W113/><G113/><T28/><REACH who="0" step="1"/><D12/><REACH who="0" ten="218,230,240,302" step="2"/><U31/><E11/><V115/><F115/><W9/><G1/><T91/><D91/><N who="1" m="51599" /><E23/><V133/><F133/><W41/><G9/><T29/><D29/><U93/><E93/><V0/><F0/><W33/><G2/><T92/><D92/><U53/><E40/><V82/><REACH who="2" step="1"/><F73/><REACH who="2" ten="218,230,230,302" step="2"/><W126/><G126/><T7/><D7/><U50/><E50/><AGARI ba="0,2" hai="25,28,35,43,47,50,60,62,63,76,83,86,104,106" machi="50" ten="40,5200,0" yaku="1,1,52,1,53,1" doraHai="27" doraHaiUra="46" who="0" fromWho="1" sc="218,72,230,-52,230,0,302,0" /><INIT seed="2,0,0,1,4,55" ten="290,178,230,302" oya="2" hai0="36,76,96,37,0,44,87,86,119,16,74,109,50" hai1="104,118,100,52,12,60,53,116,78,5,3,8,58" hai2="107,106,49,101,21,81,131,110,1,134,71,63,123" hai3="90,48,34,113,59,128,114,65,38,57,77,2,4"/><V115/><F49/><W25/><G38/><T19/><D0/><U103/><E78/><V61/><F21/><W124/><G77/><T91/><D109/><U15/><E53/><V51/><F51/><W17/><G128/><T84/><D119/><U97/><REACH who="1" step="1"/><E103/><REACH who="1" ten="290,168,230,302" step="2"/><V102/><F101/><W125/><G90/><T121/><D76/><U133/><E133/><V62/><F102/><W56/><G65/><T89/><D89/><U75/><E75/><V66/><F66/><W95/><G95/><T129/><D74/><U6/><E6/><V72/><F72/><W111/><G111/><T46/><D91/><U82/><E82/><V40/><F81/><W7/><G7/><T68/><D129/><U23/><E23/><V108/><F134/><W112/><G48/><T22/><D50/><U33/><E33/><V45/><F131/><W14/><G4/><T13/><D37/><U47/><E47/><V43/><F45/><W94/><G94/><T79/><D44/><U30/><E30/><V130/><F130/><W28/><G2/><T9/><D46/><U105/><E105/><V11/><F1/><W85/><G85/><T54/><D36/><U117/><AGARI ba="0,1" hai="3,5,8,12,15,52,58,60,97,100,104,116,117,118" machi="117" ten="30,7900,0" yaku="1,1,0,1,52,1,54,1,53,0" doraHai="55" doraHaiUra="120" who="1" fromWho="1" sc="290,-20,168,89,230,-39,302,-20" /><INIT seed="3,0,0,2,1,129" ten="270,257,191,282" oya="3" hai0="132,101,116,73,105,68,125,80,10,108,71,48,94" hai1="51,0,104,22,59,49,85,1,27,75,50,62,9" hai2="106,100,4,84,45,15,20,40,37,6,34,14,74" hai3="128,17,47,7,25,29,30,110,42,131,28,123,54"/><W79/><G123/><T72/><D48/><U36/><E36/><V81/><F34/><W113/><G113/><T55/><D55/><U2/><E75/><V57/><F74/><W8/><G79/><T77/><D10/><U69/><E85/><V90/><F106/><W115/><G54/><T126/><D68/><U12/><E104/><V111/><F100/><W52/><G115/><T92/><D71/><U95/><E95/><N who="0" m="36393" /><D116/><U119/><E69/><V38/><F111/><W83/><G83/><N who="0" m="45479" /><D108/><U58/><E119/><V65/><F38/><W23/><G110/><T16/><D16/><U93/><E93/><V44/><F45/><W114/><G114/><T64/><D64/><U11/><E12/><V97/><F97/><W76/><G76/><N who="0" m="44047" /><D132/><U53/><REACH who="1" step="1"/><E59/><REACH who="1" ten="270,247,191,282" step="2"/><V21/><F15/><W130/><G42/><T31/><D31/><AGARI ba="0,1" hai="0,1,2,9,11,22,27,31,49,50,51,53,58,62" machi="31" ten="50,3200,0" yaku="1,1,2,1,53,0" doraHai="129" doraHaiUra="3" who="1" fromWho="0" sc="270,-32,247,42,191,0,282,0" /><INIT seed="4,0,0,3,0,96" ten="238,289,191,282" oya="0" hai0="27,25,9,15,35,108,88,0,23,72,128,49,71" hai1="14,135,16,106,34,38,48,30,22,131,109,129,117" hai2="116,74,53,47,10,32,87,98,101,26,130,39,76" hai3="111,68,95,134,90,59,17,58,124,66,86,63,69"/><T3/><D71/><U121/><E38/><V103/><F74/><W99/><G111/><T73/><D73/><U85/><E48/><N who="2" m="28831" /><F39/><W133/><G124/><T79/><D79/><U123/><E85/><V62/><F32/><W105/><G68/><T65/><D65/><U107/><E107/><V93/><F130/><N who="1" m="49673" /><E106/><V7/><F116/><W57/><G17/><N who="0" m="12527" /><D49/><U54/><E54/><V83/><F26/><W91/><REACH who="3" step="1"/><G105/><REACH who="3" ten="238,289,191,272" step="2"/><T89/><D108/><U13/><E109/><V125/><F125/><W21/><G21/><T122/><D128/><U46/><E22/><V40/><F40/><W45/><G45/><T100/><D27/><U2/><E46/><V20/><F20/><W50/><G50/><T51/><D51/><U44/><E44/><V12/><F62/><W42/><G42/><T67/><D35/><U115/><E34/><V52/><F52/><W60/><G60/><T120/><D67/><U1/><E117/><V55/><F55/><W97/><G97/><T19/><D19/><U31/><E16/><V84/><F84/><W4/><G4/><T61/><D61/><U80/><E31/><V126/><F126/><W56/><N who="3" m="14336" /><DORA hai="41" /><W8/><G8/><T6/><D9/><U110/><E30/><V82/><F82/><AGARI ba="0,1" hai="63,66,69,82,86,90,91,95,99,133,134" m="14336" machi="82" ten="50,1600,0" yaku="1,1,53,0" doraHai="96,41" doraHaiUra="119,11" who="3" fromWho="2" sc="238,0,289,0,191,-16,272,26" /><INIT seed="5,0,0,4,2,10" ten="238,289,175,298" oya="1" hai0="14,121,133,69,82,99,35,5,43,83,119,116,97" hai1="108,0,89,36,29,63,90,59,22,27,112,118,15" hai2="71,40,78,64,72,109,47,84,31,41,12,87,75" hai3="120,24,55,48,6,131,2,39,77,56,115,100,1"/><U92/><E118/><V134/><F109/><W18/><G120/><T16/><D35/><U127/><E112/><V28/><F134/><W49/><G39/><T32/><D32/><U124/><E0/><V61/><F78/><W51/><G115/><T58/><D69/><U19/><E36/><V128/><F128/><W123/><G123/><T74/><D121/><U66/><E108/><V126/><F126/><W70/><G70/><T88/><D133/><U103/><E103/><V53/><F53/><W106/><G131/><T45/><D5/><U105/><E105/><V130/><F130/><W79/><G106/><T25/><D25/><U129/><E129/><V26/><F26/><W8/><G100/><T50/><D74/><U86/><REACH who="1" step="1"/><E90/><REACH who="1" ten="238,279,175,298" step="2"/><V4/><F72/><W38/><G38/><T93/><D119/><U111/><E111/><V132/><F75/><W13/><G1/><T107/><D116/><U11/><AGARI ba="0,1" hai="11,15,19,22,27,29,59,63,66,86,89,92,124,127" machi="11" ten="30,11700,0" yaku="1,1,0,1,52,1,53,1" doraHai="10" doraHaiUra="80" who="1" fromWho="1" sc="238,-39,279,127,175,-39,298,-39" /><INIT seed="5,1,0,5,3,106" ten="199,406,136,259" oya="1" hai0="65,68,20,99,85,13,52,28,8,86,41,21,72" hai1="11,116,18,92,31,6,97,10,25,88,87,124,95" hai2="81,51,133,111,69,105,34,82,22,24,37,4,101" hai3="44,26,98,109,30,93,80,117,70,50,126,32,129"/><U9/><E124/><V113/><F4/><W46/><G109/><T62/><D41/><U5/><E116/><V120/><F51/><W59/><G70/><T49/><D72/><U89/><REACH who="1" step="1"/><E18/><REACH who="1" ten="199,396,136,259" step="2"/><V114/><F111/><W132/><G126/><T16/><D99/><U27/><E27/><V107/><F24/><W56/><G26/><T122/><D122/><U118/><E118/><V42/><F120/><W119/><G98/><T103/><D103/><U90/><E90/><V74/><F101/><W1/><G117/><T84/><REACH who="0" step="1"/><D28/><REACH who="0" ten="189,396,136,259" step="2"/><U91/><E91/><V39/><F113/><W57/><G30/><T33/><D33/><AGARI ba="1,2" hai="5,6,9,10,11,25,31,33,87,88,89,92,95,97" machi="33" ten="40,3900,0" yaku="1,1,54,1,53,0" doraHai="106" doraHaiUra="76" who="1" fromWho="0" sc="189,-42,396,62,136,0,259,0" /><INIT seed="5,2,0,5,2,121" ten="147,458,136,259" oya="1" hai0="97,105,66,127,59,56,19,84,129,114,113,9,122" hai1="130,61,27,74,102,21,87,75,71,2,90,15,3" hai2="42,64,39,125,34,86,11,41,12,120,92,73,37" hai3="52,93,72,131,62,18,8,69,54,10,99,78,67"/><U95/><E130/><V17/><F120/><W108/><G131/><T57/><D129/><U106/><E15/><V80/><F73/><W33/><G33/><T25/><D122/><U126/><E126/><V117/><F117/><W63/><G108/><T96/><D127/><U70/><E75/><V109/><F109/><W5/><G78/><T110/><D110/><U13/><E13/><V44/><F34/><W24/><G72/><T104/><D84/><U58/><E74/><V45/><F125/><W132/><G63/><T60/><D9/><U79/><E79/><V20/><F64/><W101/><G132/><T83/><D83/><U133/><E133/><V53/><F53/><W103/><G103/><T4/><D4/><U115/><E115/><N who="0" m="44041" /><D19/><U107/><E3/><V91/><REACH who="2" step="1"/><F80/><REACH who="2" ten="147,458,126,259" step="2"/><W7/><G67/><T135/><D135/><U6/><E71/><V1/><F1/><W116/><G69/><N who="0" m="42183" /><D25/><U111/><E27/><V32/><F32/><W98/><G24/><T14/><D14/><U124/><E111/><V38/><F38/><W48/><G54/><T49/><D49/><U112/><E2/><V28/><F28/><W94/><G52/><T100/><D59/><U134/><E112/><V128/><F128/><W76/><G48/><T85/><D56/><U55/><E124/><V82/><F82/><W30/><G30/><T89/><D57/><N who="1" m="35007" /><E70/><V22/><AGARI ba="2,1" hai="11,12,17,20,22,37,39,41,42,44,45,86,91,92" machi="22" ten="30,4000,0" yaku="1,1,0,1,9,1,53,0" doraHai="121" doraHaiUra="46" who="2" fromWho="2" sc="147,-12,458,-22,126,56,259,-12" /><INIT seed="6,0,0,2,2,13" ten="135,436,182,247" oya="2" hai0="33,123,16,45,56,2,132,73,108,21,103,4,50" hai1="106,54,116,42,135,22,127,41,48,19,128,36,66" hai2="40,133,51,110,118,96,49,10,113,83,125,120,65" hai3="124,86,70,68,71,32,74,27,97,3,52,84,109"/><V59/><F118/><W17/><G109/><T67/><D33/><U122/><E116/><V100/><F120/><W29/><G74/><T115/><D73/><U53/><E106/><V91/><F113/><W126/><G3/><T24/><D108/><U64/><E36/><V88/><F110/><W12/><G97/><T30/><D123/><U7/><E122/><V92/><F133/><W78/><G78/><T62/><D115/><U6/><E128/><V104/><F125/><N who="3" m="48235" /><G52/><N who="1" m="20074" /><E127/><V112/><F112/><W75/><G75/><T26/><D132/><U15/><E135/><V134/><F134/><W5/><G5/><N who="1" m="1546" /><E48/><V0/><F0/><W95/><G95/><T89/><D103/><U34/><E34/><V11/><F83/><W101/><G101/><T23/><D89/><N who="2" m="34378" /><F104/><W47/><G47/><T93/><D93/><U20/><E20/><AGARI ba="0,0" hai="12,17,20,27,29,32,68,70,71,84,86" m="48235" machi="20" ten="40,2600,0" yaku="18,1,52,1" doraHai="13" who="3" fromWho="1" sc="135,0,436,-26,182,0,247,26" /><INIT seed="7,0,0,3,1,66" ten="135,410,182,273" oya="3" hai0="100,123,109,88,130,114,36,3,84,133,46,111,33" hai1="23,58,70,83,97,132,42,61,12,134,79,99,78" hai2="119,54,49,25,19,135,37,105,96,63,76,73,59" hai3="53,6,22,120,74,102,124,89,69,65,85,127,40"/><W75/><G120/><T117/><RYUUKYOKU type="yao9" ba="0,0" sc="135,0,410,0,182,0,273,0" hai0="3,33,36,46,84,88,100,109,111,114,117,123,130,133" /><INIT seed="7,1,0,3,1,133" ten="135,410,182,273" oya="3" hai0="106,132,73,105,96,135,7,23,85,117,30,29,78" hai1="54,113,17,21,22,119,37,51,62,80,131,108,13" hai2="48,86,103,84,124,94,63,28,120,32,20,98,14" hai3="45,5,125,47,44,12,89,99,75,38,33,24,41"/><W18/><G75/><T52/><D117/><U72/><E108/><V65/><F32/><W134/><G134/><T77/><D73/><U76/><E37/><V88/><F120/><W67/><G67/><T31/><D135/><U53/><E119/><V70/><F124/><W4/><G125/><T69/><D132/><U64/><E131/><V90/><F48/><W55/><G55/><T92/><D69/><U56/><E113/><V49/><F49/><W111/><G111/><T79/><D7/><U58/><E64/><V114/><F114/><W83/><G38/><T39/><D39/><U129/><E129/><V122/><F122/><W57/><G57/><T121/><D121/><U123/><E123/><V95/><F14/><W87/><G41/><T93/><D23/><AGARI ba="1,0" hai="13,17,21,22,23,51,53,54,56,58,62,72,76,80" machi="23" ten="30,1000,0" yaku="7,1" doraHai="133" who="1" fromWho="0" sc="135,-13,410,13,182,0,273,0" owari="122,-37.8,423,52.3,182,-21.8,273,7.3" /></mjloggm>