<mjloggm ver="2.3"><GO type="169" lobby="0"/><UN n0="%E7%A5%9E%E6%88%B8%E5%B0%8F%E9%B3%A5%E9%86%A4" n1="%E7%9B%AE%E5%8A%9B%36%30" n2="%EF%BC%A9%EF%BC%A3%EF%BC%A8%EF%BC%A9" n3="%E3%81%8B%E3%82%89%E3%81%8F%E3%82%8A" dan="16,17,17,17" rate="2065.33,2170.74,2128.88,2146.41" sx="F,M,M,M"/><TAIKYOKU oya="0"/><INIT seed="0,0,0,1,5,100" ten="250,250,250,250" oya="0" hai0="116,108,59,20,123,130,69,84,0,87,109,114,101" hai1="55,83,90,129,5,19,28,85,60,15,115,58,51" hai2="93,96,21,134,42,61,49,119,17,88,117,91,77" hai3="26,70,82,78,73,67,124,92,79,2,53,104,133"/><T1/><D101/><U41/><E129/><V112/><F112/><W14/><G92/><T65/><D123/><U13/><E115/><V57/><F134/><W111/><G14/><T64/><D114/><U98/><E28/><V105/><F77/><W23/><G79/><T44/><D116/><N who="2" m="44618" /><F42/><W36/><G53/><T3/><D130/><U30/><E30/><V33/><F49/><W12/><G12/><T22/><D44/><U122/><E122/><V118/><F33/><W32/><G32/><T54/><D69/><U74/><E74/><V127/><F127/><W35/><G35/><T66/><D54/><U40/><E98/><V113/><F113/><W126/><G70/><T39/><D59/><U110/><E51/><V135/><F135/><W132/><G73/><T128/><D128/><U120/><E120/><V80/><F80/><W81/><G82/><T106/><D106/><U72/><E72/><V43/><F105/><W46/><G104/><T89/><D39/><U47/><E47/><V9/><F43/><W27/><G46/><T52/><D52/><U10/><E110/><N who="0" m="42601" /><D89/><U8/><AGARI ba="0,0" hai="5,8,10,13,15,19,40,41,55,58,60,83,85,90" machi="8" ten="20,2700,0" yaku="0,1,7,1,8,1" doraHai="100" who="1" fromWho="1" sc="250,-13,250,27,250,-7,250,-7" /><INIT seed="1,0,0,0,1,89" ten="237,277,243,243" oya="1" hai0="49,79,75,24,85,133,127,56,25,27,135,114,105" hai1="111,102,29,116,28,41,30,15,60,97,55,132,62" hai2="91,37,129,12,69,113,117,65,84,2,43,50,4" hai3="61,1,125,71,78,10,7,57,67,124,54,72,96"/><U9/><E116/><V0/><F117/><W130/><G130/><T45/><D105/><U82/><E132/><N who="0" m="50761" /><D114/><U112/><E112/><V64/><F37/><W47/><G78/><T83/><D56/><U44/><E111/><V86/><F129/><W109/><G72/><T23/><D127/><U126/><E82/><V123/><F86/><W119/><G119/><T35/><D35/><U87/><E87/><V17/><F4/><W3/><G109/><T106/><D106/><U74/><E55/><V77/><F77/><W104/><G1/><T13/><D13/><U48/><E74/><V16/><F17/><W108/><G47/><T18/><D75/><U38/><E38/><V131/><F131/><W94/><G104/><T5/><D5/><U103/><E103/><V42/><F2/><W122/><G108/><T100/><D100/><U107/><REACH who="1" step="1"/><E126/><REACH who="1" ten="237,267,243,243" step="2"/><V53/><F113/><W40/><G124/><T134/><D134/><U76/><E76/><V19/><F84/><W14/><G125/><T51/><D51/><U118/><E118/><V70/><F50/><W66/><G54/><AGARI ba="0,1" hai="18,23,24,25,27,45,49,54,79,83,85" m="50761" machi="54" ten="30,1000,0" yaku="20,1" doraHai="89" who="0" fromWho="3" sc="237,20,267,0,243,0,243,-10" /><INIT seed="2,0,0,4,3,127" ten="257,267,243,233" oya="2" hai0="134,12,47,26,70,21,106,27,13,16,66,105,123" hai1="73,85,111,83,67,61,92,53,132,110,54,36,60" hai2="64,56,99,117,49,62,103,55,88,126,6,122,46" hai3="125,109,28,65,44,114,128,52,131,24,104,57,42"/><V43/><F126/><W98/><G125/><T80/><D123/><U96/><E73/><V79/><F117/><W89/><G65/><T5/><D134/><U113/><E36/><V124/><F124/><W82/><G109/><T17/><D47/><U76/><E113/><V39/><F122/><W91/><G114/><T35/><D80/><U81/><E81/><V29/><F79/><W38/><G104/><T50/><D50/><U15/><E15/><V14/><F29/><W72/><G98/><T37/><D37/><U120/><E61/><V133/><F133/><W34/><G91/><T45/><D45/><U94/><E94/><V112/><F112/><W93/><G93/><T135/><D135/><U71/><E132/><V48/><F88/><W75/><G75/><T59/><D59/><U41/><E41/><V4/><F14/><W86/><REACH who="3" step="1"/><G72/><REACH who="3" ten="257,267,243,223" step="2"/><T97/><D97/><U11/><E120/><V23/><F99/><W31/><G31/><N who="0" m="19967" /><D105/><U87/><E111/><V107/><F107/><W119/><G119/><T116/><D106/><U129/><E110/><V74/><F74/><W78/><G78/><T118/><D66/><U102/><E96/><V30/><F103/><W84/><G84/><T25/><D70/><U1/><E87/><V69/><F30/><W32/><G32/><T108/><D108/><U58/><E102/><V51/><REACH who="2" step="1"/><F23/><REACH who="2" ten="257,267,233,223" step="2"/><W101/><G101/><T7/><D116/><U63/><E76/><V121/><F121/><W77/><G77/><T68/><D118/><U33/><E85/><V95/><F95/><W0/><G0/><T10/><D68/><RYUUKYOKU ba="0,2" sc="257,10,267,-30,233,10,223,10" hai0="5,7,10,12,13,16,17,21,25,26" hai2="4,6,39,43,46,48,49,51,55,56,62,64,69" hai3="24,28,34,38,42,44,52,57,82,86,89,128,131" /><INIT seed="2,1,2,0,2,113" ten="267,237,243,233" oya="2" hai0="79,93,47,82,18,134,28,52,99,23,111,3,91" hai1="32,39,73,124,104,129,27,100,117,63,14,69,44" hai2="26,62,24,105,78,20,13,71,40,112,108,36,51" hai3="7,21,130,25,123,60,30,33,90,106,45,61,77"/><V4/><F112/><W109/><G123/><T10/><D3/><U86/><E129/><V88/><F105/><W1/><G130/><T120/><D120/><U131/><E131/><V65/><F36/><W110/><G106/><T116/><D111/><N who="3" m="42505" /><G77/><T115/><D134/><U103/><E73/><V114/><F114/><W135/><G135/><T98/><D115/><U76/><E14/><V57/><F108/><W128/><G128/><T19/><D99/><U48/><E39/><V66/><F78/><W43/><G33/><T64/><D64/><U107/><E63/><V102/><F102/><W5/><G90/><T12/><D28/><U125/><E69/><V122/><F66/><W87/><G87/><N who="0" m="48607" /><D116/><U34/><E117/><V127/><F122/><W41/><G41/><T119/><D119/><U80/><E107/><V8/><F40/><W31/><G31/><T49/><D23/><U42/><E34/><V85/><F20/><W54/><G54/><T2/><D2/><U94/><E104/><V56/><F71/><W67/><G1/><T35/><D35/><U9/><E9/><V75/><F75/><W81/><G81/><T84/><D98/><N who="1" m="59479" /><E103/><V95/><F85/><W15/><G67/><T92/><D92/><U38/><E38/><V29/><F95/><W70/><G70/><T118/><D118/><U17/><E32/><V133/><F133/><W101/><G101/><T68/><D68/><U96/><E96/><V126/><F65/><W50/><G15/><T0/><D0/><U83/><E83/><V74/><F13/><W53/><G43/><T132/><D132/><RYUUKYOKU ba="1,2" sc="267,10,237,10,243,-30,233,10" hai0="10,12,18,19,47,49,52,84,91,93" hai1="17,27,42,44,48,76,80,86,124,125" hai3="5,7,21,25,30,45,50,53,60,61" /><INIT seed="3,2,2,2,2,111" ten="277,247,213,243" oya="3" hai0="102,67,64,96,113,130,59,10,70,18,86,117,62" hai1="1,95,40,77,122,119,30,81,52,73,8,19,135" hai2="116,80,14,33,134,6,54,127,43,124,27,99,108" hai3="60,69,46,118,75,107,5,2,98,7,56,32,71"/><W106/><G118/><T41/><D117/><U129/><E119/><V128/><F116/><RYUUKYOKU type="kaze4" ba="2,2" sc="277,0,247,0,213,0,243,0" /><INIT seed="3,3,2,4,3,83" ten="277,247,213,243" oya="3" hai0="88,123,29,25,131,115,43,56,35,74,9,110,20" hai1="133,55,79,93,112,126,91,102,10,19,128,77,132" hai2="87,1,18,14,75,47,27,17,62,96,111,16,94" hai3="129,105,3,13,73,44,32,106,107,30,4,24,49"/><W64/><G129/><T127/><D131/><U57/><E112/><V69/><F75/><W41/><G73/><T51/><D115/><U118/><E128/><V52/><F1/><W72/><G72/><T15/><D74/><U31/><E31/><V125/><F111/><W26/><G26/><T82/><D110/><U11/><E118/><V45/><F125/><W78/><G78/><T33/><D127/><U101/><E79/><V5/><F27/><W97/><G64/><T54/><D123/><U63/><E77/><V42/><F87/><W114/><G114/><T98/><D43/><U37/><E37/><V80/><F80/><W22/><G3/><T46/><D56/><U104/><E104/><V84/><F84/><W86/><G86/><N who="0" m="50263" /><D98/><U85/><E126/><V100/><F42/><W53/><G41/><T61/><D61/><U108/><E10/><N who="2" m="4431" /><F69/><W7/><REACH who="3" step="1"/><G97/><REACH who="3" ten="277,247,213,233" step="2"/><T134/><D134/><U71/><E108/><V113/><F113/><W109/><G109/><T65/><D65/><U117/><E133/><V34/><F34/><W60/><G60/><T122/><D122/><U68/><E132/><V58/><AGARI ba="3,3" hai="16,17,18,45,47,52,58,62,94,96,100" m="4431" machi="58" ten="30,4000,0" yaku="8,1,54,2" doraHai="83" who="2" fromWho="2" sc="277,-13,247,-13,213,79,233,-23" /><INIT seed="4,0,0,3,2,66" ten="264,234,292,210" oya="0" hai0="16,86,107,56,37,110,69,4,67,17,44,63,100" hai1="61,54,132,126,88,85,7,71,121,108,95,36,116" hai2="115,125,32,22,93,90,96,68,123,42,0,34,103" hai3="49,73,59,11,19,13,55,106,92,76,79,25,118"/><T122/><D122/><U81/><E108/><V57/><F123/><W15/><G106/><T97/><D110/><U130/><E116/><V8/><F42/><W30/><G118/><T35/><D35/><U60/><E121/><V89/><F68/><W80/><G76/><T51/><D4/><U38/><E132/><V98/><F22/><W114/><G114/><T113/><D113/><U28/><E130/><V40/><F40/><W23/><G92/><T3/><D3/><U1/><E126/><V26/><F115/><W10/><REACH who="3" step="1"/><G15/><REACH who="3" ten="264,234,292,200" step="2"/><T128/><D128/><U78/><E95/><V91/><F93/><W120/><G120/><T43/><D86/><U77/><E77/><V127/><F127/><W119/><G119/><T129/><D129/><U112/><E78/><V46/><F125/><W94/><G94/><T62/><REACH who="0" step="1"/><D37/><REACH who="0" ten="254,234,292,200" step="2"/><U52/><E112/><V14/><F0/><W21/><AGARI ba="0,2" hai="10,11,13,19,21,23,25,30,49,55,59,73,79,80" machi="21" ten="20,2700,0" yaku="1,1,0,1,7,1,53,0" doraHai="66" doraHaiUra="29" who="3" fromWho="3" sc="254,-13,234,-7,292,-7,200,47" /><INIT seed="5,0,0,3,2,118" ten="241,227,285,247" oya="1" hai0="73,50,75,39,128,84,97,135,83,67,111,71,9" hai1="40,53,37,34,121,7,96,47,10,62,99,87,91" hai2="33,123,15,105,4,120,31,72,63,102,89,26,116" hai3="0,32,1,19,36,24,6,65,98,92,14,101,94"/><U21/><E121/><V38/><F116/><W46/><G65/><T103/><D39/><U93/><E34/><V81/><F38/><W12/><G6/><T119/><D119/><U70/><E21/><V100/><F100/><W127/><G94/><T131/><D67/><U13/><E70/><V8/><F63/><W29/><G127/><T11/><D71/><U35/><E35/><V56/><F56/><W124/><G124/><T86/><D50/><U85/><E62/><V52/><F52/><W18/><G12/><T76/><D11/><U79/><REACH who="1" step="1"/><E53/><REACH who="1" ten="241,217,285,247" step="2"/><V132/><F123/><W110/><G32/><T59/><D9/><U133/><E133/><V68/><F68/><W43/><G29/><T54/><D135/><U45/><E45/><V16/><F120/><W95/><G46/><T80/><D111/><U22/><E22/><V44/><F132/><W28/><G28/><T2/><D54/><U90/><E90/><V58/><F44/><W78/><G110/><T23/><D23/><U55/><E55/><V69/><F69/><W107/><G36/><T61/><D61/><U112/><E112/><V30/><F58/><W129/><G43/><T20/><D59/><U41/><E41/><V49/><F49/><W48/><G48/><T109/><D109/><U126/><E126/><V115/><F115/><W3/><G101/><T5/><D20/><U27/><E27/><V122/><F122/><W51/><G24/><T74/><D128/><U25/><E25/><V64/><F26/><W60/><G51/><T57/><D131/><U77/><E77/><N who="2" m="44199" /><F33/><W108/><G108/><RYUUKYOKU ba="0,1" sc="241,-10,217,30,285,-10,247,-10" hai1="7,10,13,37,40,47,79,85,87,91,93,96,99" /><INIT seed="5,1,1,1,2,43" ten="231,247,275,237" oya="1" hai0="15,30,80,127,23,37,12,50,107,60,42,103,64" hai1="96,117,106,35,126,75,70,21,83,87,63,88,33" hai2="26,48,10,55,114,122,123,67,71,134,76,73,135" hai3="9,118,22,16,29,128,84,69,57,6,113,41,68"/><U36/><E117/><V17/><F73/><W52/><G29/><T74/><D127/><U3/><E126/><V62/><F76/><W92/><G113/><T79/><D37/><U31/><E3/><V99/><F114/><W13/><G41/><T132/><D132/><N who="2" m="50730" /><F99/><W95/><G128/><T93/><D107/><U85/><E36/><V124/><F124/><W11/><G11/><T131/><D131/><U8/><E75/><V108/><F108/><W47/><G47/><T59/><D42/><U44/><E87/><V25/><F10/><W66/><G118/><T7/><D50/><U39/><E8/><V102/><F102/><W81/><G66/><T112/><D7/><U40/><E96/><V116/><F116/><W20/><G69/><T77/><D77/><U38/><E38/><V5/><F5/><W34/><G68/><T54/><D54/><U125/><E106/><V90/><F90/><N who="3" m="51471" /><G34/><T129/><D129/><U133/><E125/><V51/><F17/><W61/><G20/><T56/><D59/><U120/><E133/><V105/><F105/><W98/><G98/><N who="0" m="59855" /><D112/><U109/><E109/><V97/><F97/><W45/><G45/><T111/><D111/><U115/><E115/><V32/><F32/><W100/><G100/><T101/><D101/><U49/><E39/><V72/><F72/><W18/><G6/><T28/><D28/><U110/><E110/><V46/><F71/><W27/><AGARI ba="1,1" hai="9,13,16,18,22,27,52,57,61,92,95" m="51471" machi="27" ten="30,4000,0" yaku="8,1,54,2" doraHai="43" who="3" fromWho="3" sc="231,-11,247,-21,275,-11,237,53" /><INIT seed="6,0,0,2,5,122" ten="220,226,264,290" oya="2" hai0="101,43,92,70,67,72,65,100,128,112,59,37,85" hai1="123,135,27,125,3,21,130,68,10,33,109,134,56" hai2="80,42,41,93,97,120,114,2,83,104,11,91,75" hai3="15,53,118,133,129,115,74,64,84,30,60,81,31"/><V48/><F120/><W1/><G1/><T99/><D72/><U76/><E68/><V7/><F114/><W110/><G110/><T44/><D112/><U22/><E123/><V131/><F131/><W98/><G74/><T121/><D128/><U87/><E76/><V94/><F104/><W54/><G118/><T69/><D121/><U116/><E87/><V106/><F106/><W29/><G129/><T119/><D119/><U34/><E130/><V6/><F6/><W24/><G98/><T79/><D101/><U113/><E116/><V25/><F25/><W40/><G40/><T20/><D20/><N who="1" m="7787" /><E56/><V117/><F117/><W126/><G133/><N who="1" m="50698" /><E113/><V19/><F75/><W0/><G84/><T14/><D14/><U36/><E36/><V23/><F48/><W8/><G81/><T52/><D79/><U105/><E105/><V35/><F83/><W12/><G12/><T38/><D85/><U73/><E73/><V4/><F80/><W17/><G24/><T39/><D39/><U26/><E125/><V95/><F97/><W55/><G126/><T71/><REACH who="0" step="1"/><D38/><REACH who="0" ten="210,226,264,290" step="2"/><U49/><E33/><V13/><F35/><W32/><G32/><T89/><D89/><U90/><E90/><V111/><F91/><W45/><G115/><T124/><D124/><U82/><E34/><V66/><F23/><W77/><G77/><T51/><AGARI ba="0,1" hai="37,43,44,51,52,59,65,67,69,70,71,92,99,100" machi="51" ten="30,4000,0" yaku="1,1,0,1,54,1,53,0" doraHai="122" doraHaiUra="102" who="0" fromWho="0" sc="210,50,226,-10,264,-20,290,-10" /><INIT seed="7,0,0,3,1,96" ten="260,216,244,280" oya="3" hai0="79,50,120,112,58,135,117,40,27,14,100,121,19" hai1="68,131,51,77,73,85,91,125,16,17,6,126,132" hai2="113,47,1,129,54,128,69,52,124,15,115,80,59" hai3="74,67,122,118,102,31,22,107,75,119,87,86,105"/><W116/><G67/><T32/><D117/><U123/><E68/><V62/><F1/><W104/><G31/><T39/><D39/><U43/><E73/><N who="3" m="27658" /><G22/><T109/><D79/><U88/><E132/><V38/><F80/><W106/><G122/><T24/><D109/><U65/><E65/><N who="2" m="41143" /><F124/><N who="1" m="47721" /><E6/><V95/><F95/><W92/><N who="3" m="26624" /><DORA hai="29" /><W114/><G114/><N who="2" m="43529" /><F15/><W103/><G92/><T37/><D112/><U3/><E3/><V127/><F127/><W9/><G9/><N who="0" m="6607" /><D37/><U72/><E72/><V83/><F83/><W110/><G110/><T23/><D121/><U64/><E64/><V76/><F38/><W53/><G86/><T25/><D120/><U101/><E123/><V13/><F13/><W20/><G87/><T2/><D2/><U71/><E71/><V89/><F54/><W36/><G53/><N who="0" m="32055" /><D40/><U56/><E43/><V78/><F78/><W82/><G82/><T41/><D41/><U84/><E77/><V8/><F76/><W63/><G36/><T111/><D111/><U90/><E85/><V48/><F52/><W42/><G42/><T12/><D12/><U60/><E84/><V130/><F130/><W81/><G81/><T70/><D70/><U57/><E131/><V46/><F129/><W30/><G63/><T10/><D10/><U0/><E0/><V45/><F8/><W44/><G44/><T97/><D23/><U61/><E61/><V99/><F128/><W21/><G21/><T5/><D5/><U94/><E90/><V93/><F47/><W108/><G108/><T33/><D135/><U11/><E60/><V134/><F134/><RYUUKYOKU ba="0,0" sc="260,10,216,-30,244,10,280,10" hai0="24,25,27,32,33,97,100" hai2="45,46,48,59,89,93,99" hai3="20,30,102,103,116,118,119" /><INIT seed="7,1,0,1,1,44" ten="270,186,254,290" oya="3" hai0="57,129,43,131,88,85,55,53,91,8,76,116,110" hai1="103,28,45,50,30,65,119,16,17,51,89,3,130" hai2="46,123,106,34,2,133,100,39,113,102,48,58,32" hai3="115,24,73,74,18,78,112,92,69,37,107,27,132"/><W62/><G107/><T66/><D116/><U93/><E119/><V25/><F2/><W7/><G37/><T79/><D110/><U10/><E130/><N who="0" m="49673" /><D8/><U125/><E125/><V9/><F9/><W40/><G40/><T0/><D0/><U134/><E134/><V42/><F113/><N who="3" m="43595" /><G78/><N who="0" m="29739" /><D43/><U126/><E126/><V128/><F42/><W77/><G77/><T33/><D33/><U81/><E3/><V1/><F34/><W63/><G7/><T135/><D135/><U109/><E109/><V82/><F133/><W117/><G73/><T31/><D31/><N who="1" m="11819" /><E65/><V94/><F32/><W14/><G74/><T54/><D85/><N who="1" m="50351" /><E45/><V75/><F46/><W97/><G117/><T64/><D57/><U68/><E68/><V19/><F58/><W124/><G124/><T118/><D118/><U104/><E104/><V83/><F106/><W20/><G132/><T4/><D4/><U23/><E10/><V59/><F128/><W12/><G69/><T26/><D26/><N who="1" m="14695" /><E17/><V80/><F19/><W38/><G24/><T6/><D6/><U70/><E70/><V61/><F25/><W95/><G27/><T121/><D121/><U13/><E13/><V98/><F123/><W86/><G12/><T21/><D21/><U105/><E105/><V72/><F1/><W36/><G36/><T101/><D101/><U99/><AGARI ba="1,0" hai="50,51,93,99,103" m="14695,50351,11819" machi="99" ten="30,7900,0" yaku="8,1,52,2,54,1" doraHai="44" who="1" fromWho="1" sc="270,-21,186,82,254,-21,290,-40" /><INIT seed="8,0,0,2,1,49" ten="249,268,233,250" oya="0" hai0="41,97,117,100,11,31,3,69,115,58,96,127,79" hai1="89,124,131,53,25,106,119,10,105,22,37,6,91" hai2="120,44,21,47,51,62,43,73,94,32,66,132,81" hai3="17,103,111,95,35,86,36,5,40,71,39,4,93"/><T84/><D69/><U20/><E37/><V123/><F32/><W65/><G17/><T77/><D115/><U104/><E119/><V8/><F132/><W7/><G103/><T87/><D117/><U57/><E131/><V99/><F44/><W15/><G15/><T80/><D127/><U9/><E124/><V13/><F21/><W60/><G111/><T83/><D31/><U24/><E22/><V0/><F0/><W23/><G23/><T63/><D41/><U70/><E70/><V30/><F30/><W74/><G74/><T121/><D121/><U129/><E129/><V112/><F112/><W29/><G86/><T85/><D11/><U61/><E10/><V118/><F118/><W48/><G48/><T107/><D3/><U18/><REACH who="1" step="1"/><E25/><REACH who="1" ten="249,258,233,250" step="2"/><V126/><F126/><W125/><G36/><T109/><D109/><U34/><E34/><V14/><F120/><W128/><G128/><T12/><D12/><AGARI ba="0,1" hai="6,9,12,18,20,24,53,57,61,89,91,104,105,106" machi="12" ten="40,2600,0" yaku="1,1,52,1,53,0" doraHai="49" doraHaiUra="67" who="1" fromWho="0" sc="249,-26,258,36,233,0,250,0" /><INIT seed="9,0,0,2,0,132" ten="223,294,233,250" oya="1" hai0="99,73,94,74,41,50,105,6,45,79,84,12,19" hai1="87,38,100,57,68,95,32,15,118,101,4,85,110" hai2="30,13,90,80,2,39,14,21,121,133,106,51,67" hai3="9,59,97,26,96,115,42,17,18,69,75,102,24"/><U131/><E68/><V55/><F121/><W123/><G75/><T36/><D105/><U37/><E32/><V135/><F39/><W78/><G78/><T28/><D28/><U89/><E38/><V52/><F2/><W111/><G111/><T128/><D128/><U76/><E37/><V112/><F106/><W48/><G115/><T65/><D65/><U72/><E72/><V10/><F67/><W1/><G1/><T27/><D36/><U83/><E131/><V93/><F80/><W122/><G9/><T35/><D35/><U88/><E110/><V70/><F70/><W124/><G48/><T113/><D113/><U134/><E134/><V49/><F112/><W63/><G102/><N who="1" m="39530" /><E118/><V116/><F116/><W33/><G33/><T92/><D74/><U5/><E76/><V107/><F107/><W23/><G69/><T20/><D73/><U98/><E87/><V130/><F130/><W127/><G42/><T86/><D79/><U60/><E15/><V104/><F14/><W120/><G96/><T56/><D56/><U54/><AGARI ba="0,0" hai="4,5,54,57,60,83,85,88,89,95,98" m="39530" machi="54" ten="30,3000,0" yaku="8,1,54,1" doraHai="132" who="1" fromWho="1" sc="223,-10,294,30,233,-10,250,-10" owari="213,-28.7,324,42.4,223,-17.7,240,4.0" /></mjloggm>