<mjloggm ver="2.3"><GO type="169" lobby="0"/><UN n0="%E3%83%A9%E3%82%B9%E3%82%8B%E3%81%8B%E3%81%AA" n1="%E6%84%9B%E3%81%AF%E6%AD%A3%E7%BE%A9" n2="%E6%AF%94%E5%98%89%E7%A7%80%E4%BB%81" n3="%E3%81%9D%E3%82%93%E3%81%97%E6%A7%98" dan="17,16,16,18" rate="2201.90,2066.97,2090.89,2227.84" sx="M,M,M,M"/><TAIKYOKU oya="0"/><INIT seed="0,0,0,2,5,99" ten="250,250,250,250" oya="0" hai0="18,55,10,35,127,44,0,114,23,33,17,70,87" hai1="97,100,113,16,51,79,56,69,106,71,130,39,66" hai2="49,50,28,91,53,102,95,92,41,40,27,19,37" hai3="12,111,82,121,14,73,9,31,135,108,38,68,118"/><T64/><D114/><U123/><E123/><V109/><F37/><W122/><G68/><T60/><D127/><U26/><E39/><V124/><F124/><W25/><G38/><T61/><D87/><U43/><E113/><V36/><F36/><W59/><G59/><T1/><D18/><U128/><E79/><V8/><F8/><W76/><G118/><T75/><D75/><U74/><E74/><V84/><F19/><N who="3" m="8591" /><G135/><T24/><D60/><N who="1" m="38151" /><E51/><V90/><F109/><N who="3" m="42059" /><G14/><T5/><REACH who="0" step="1"/><D1/><REACH who="0" ten="240,250,250,250" step="2"/><U96/><E16/><V7/><F84/><W57/><G73/><T30/><D30/><U45/><E26/><V112/><F112/><W22/><G25/><T62/><D62/><U15/><E15/><V131/><F27/><W88/><G31/><T6/><D6/><U63/><E63/><V52/><F28/><W107/><G122/><T133/><D133/><U86/><E86/><V83/><F7/><W4/><G4/><T3/><D3/><U125/><E125/><V85/><F85/><W103/><G121/><T65/><D65/><U32/><E69/><V116/><F116/><W20/><G76/><T29/><D29/><U47/><E71/><V110/><F110/><W34/><G82/><T78/><D78/><U13/><E13/><V98/><F83/><W46/><G20/><T120/><D120/><U72/><E72/><V115/><F115/><W42/><G22/><T67/><D67/><U117/><E117/><V80/><F80/><W101/><G34/><T119/><D119/><U21/><E21/><V2/><F2/><W104/><G104/><T81/><D81/><RYUUKYOKU ba="0,1" sc="240,30,250,-10,250,-10,250,-10" hai0="0,5,10,17,23,24,33,35,44,55,61,64,70" /><INIT seed="0,1,1,0,0,124" ten="270,240,240,240" oya="0" hai0="41,52,74,54,125,99,116,50,5,98,58,10,90" hai1="101,80,4,107,49,39,76,129,118,45,130,56,135" hai2="131,71,1,111,70,3,34,22,109,9,48,115,12" hai3="82,44,6,78,29,92,81,104,83,120,30,112,63"/><T25/><D74/><U123/><E123/><V37/><F115/><W38/><G112/><T95/><D116/><U59/><E118/><V42/><F37/><W122/><G104/><T86/><D125/><U108/><E39/><V35/><F42/><N who="3" m="22615" /><G78/><T31/><D54/><U96/><E4/><N who="2" m="3111" /><F48/><W51/><G51/><T105/><D105/><U40/><E135/><V32/><F71/><W23/><G23/><T36/><D36/><U43/><E43/><V73/><F70/><W126/><G6/><T62/><D50/><U97/><E97/><V106/><F106/><W16/><G16/><T100/><D100/><U26/><E26/><V20/><F73/><W134/><G134/><T0/><REACH who="0" step="1"/><D41/><REACH who="0" ten="260,240,240,240" step="2"/><U13/><E108/><N who="2" m="41547" /><F131/><N who="1" m="50185" /><E13/><V65/><F65/><W53/><G126/><T64/><D64/><U69/><E69/><V57/><F57/><W7/><G122/><T55/><D55/><U121/><E121/><V128/><F128/><W119/><G53/><T11/><D11/><U72/><AGARI ba="1,2" hai="40,45,49,56,59,72,76,80,96,101,107" m="50185" machi="72" ten="30,7900,0" yaku="19,1,52,3" doraHai="124" who="1" fromWho="1" sc="260,-40,240,102,240,-21,240,-21" /><INIT seed="1,0,0,0,4,41" ten="220,342,219,219" oya="1" hai0="47,75,22,70,133,18,13,80,135,52,44,4,1" hai1="94,65,39,129,66,98,106,127,26,118,37,111,122" hai2="7,123,124,29,43,128,21,84,9,105,30,53,56" hai3="36,125,108,79,15,126,25,112,11,59,86,121,62"/><U33/><E118/><V0/><F123/><W38/><G108/><T103/><D70/><U14/><E122/><V83/><F105/><W42/><G112/><T99/><D1/><U109/><E106/><V76/><F128/><W120/><G25/><T49/><D4/><U107/><E107/><V117/><F117/><W115/><G115/><T88/><D103/><U17/><E129/><V67/><F67/><N who="1" m="25609" /><E26/><V101/><F101/><W50/><G38/><T78/><REACH who="0" step="1"/><D47/><REACH who="0" ten="210,342,219,219" step="2"/><U72/><E111/><V64/><F0/><W10/><G121/><T24/><D24/><U54/><E109/><V97/><F7/><W102/><G120/><T19/><D19/><U81/><E17/><V20/><F30/><W23/><G102/><T2/><D2/><U68/><E68/><V119/><F29/><W130/><G130/><T93/><AGARI ba="0,1" hai="13,18,22,44,49,52,75,78,80,88,93,99,133,135" machi="93" ten="30,8000,1" yaku="1,1,0,1,52,1,54,2,53,0" doraHai="41" doraHaiUra="134" who="0" fromWho="0" sc="210,90,342,-40,219,-20,219,-20" /><INIT seed="2,0,0,5,3,102" ten="300,302,199,199" oya="2" hai0="92,79,99,57,130,2,46,16,120,55,51,118,75" hai1="76,86,64,15,38,109,67,21,93,37,28,74,18" hai2="113,35,66,60,105,108,45,117,96,7,36,61,22" hai3="83,30,25,68,39,127,91,80,94,62,6,9,124"/><V32/><F117/><W119/><G39/><T116/><D2/><U40/><E109/><V78/><F113/><W135/><G119/><N who="0" m="45611" /><D130/><U53/><E74/><V8/><F108/><W134/><G62/><T131/><D131/><U14/><E53/><V50/><F36/><W19/><G68/><T4/><D4/><U10/><E37/><V54/><F78/><W3/><G94/><T12/><D79/><U58/><E58/><V34/><F22/><N who="3" m="15671" /><G91/><N who="0" m="55711" /><D75/><U24/><E38/><V97/><F105/><W104/><G104/><T132/><D132/><N who="3" m="50729" /><G83/><T26/><D26/><U71/><E71/><V69/><REACH who="2" step="1"/><F61/><REACH who="2" ten="300,302,189,199" step="2"/><W43/><G80/><T85/><D120/><U0/><E76/><V101/><F101/><W77/><G77/><T11/><D85/><U106/><E86/><V33/><N who="2" m="8192" /><DORA hai="89" /><V126/><F126/><W65/><G127/><T73/><D73/><U114/><E106/><V123/><F123/><W27/><G124/><T1/><D1/><AGARI ba="0,1" hai="1,7,8,45,50,54,60,66,69,96,97" m="8192" machi="1" ten="70,12000,1" yaku="1,1,53,2" doraHai="102,89" doraHaiUra="48,59" who="2" fromWho="0" sc="300,-120,302,0,189,130,199,0" /><INIT seed="2,1,0,4,2,74" ten="180,302,319,199" oya="2" hai0="86,0,47,66,44,28,35,48,128,57,8,63,109" hai1="131,55,85,50,119,73,27,125,94,45,36,116,54" hai2="93,110,58,115,25,106,56,60,39,9,82,29,104" hai3="61,133,7,71,65,10,81,75,59,72,95,124,33"/><V38/><F115/><W99/><G124/><T69/><D109/><U14/><E125/><V113/><F110/><W118/><G133/><T105/><D128/><U15/><E131/><V100/><F113/><W20/><G33/><T12/><D105/><U19/><E73/><V112/><F112/><W1/><G118/><T84/><D0/><U103/><E36/><V23/><F9/><W30/><G71/><T62/><D28/><U126/><E126/><V49/><F49/><W76/><G75/><T96/><D35/><U67/><E67/><V132/><F132/><W77/><G72/><T70/><D96/><U13/><E55/><V17/><F17/><W90/><REACH who="3" step="1"/><G81/><REACH who="3" ten="180,302,319,189" step="2"/><T22/><D70/><U42/><E119/><V52/><F82/><W114/><G114/><T87/><D69/><U26/><E116/><V4/><F106/><W134/><G134/><T120/><D120/><U83/><E83/><V97/><F104/><W40/><G40/><T88/><D22/><U111/><E42/><V121/><F121/><W98/><G98/><T64/><D48/><U107/><E50/><V89/><F39/><W79/><G79/><T92/><D63/><U123/><E107/><V108/><F38/><W32/><G32/><T101/><D62/><U37/><E37/><V68/><F68/><W102/><G102/><T18/><D101/><U127/><E123/><V11/><F108/><W3/><G3/><T80/><D80/><U31/><E111/><V129/><F129/><W78/><G78/><T21/><D21/><N who="1" m="13631" /><E127/><V91/><F58/><W41/><G41/><T122/><D122/><RYUUKYOKU ba="1,1" sc="180,-15,302,-15,319,15,189,15" hai2="4,11,23,25,29,52,56,60,89,91,93,97,100" hai3="1,7,10,20,30,59,61,65,76,77,90,95,99" /><INIT seed="2,2,1,3,3,111" ten="165,287,334,204" oya="2" hai0="10,35,54,47,126,73,104,132,50,80,7,17,36" hai1="0,15,93,56,53,134,98,127,66,112,122,123,90" hai2="41,113,39,82,9,4,107,95,5,75,51,109,129" hai3="22,38,55,29,40,48,76,20,110,105,44,70,117"/><V133/><F107/><W88/><G110/><T78/><D104/><U25/><E0/><V101/><F109/><W69/><G117/><T64/><D132/><U61/><E134/><V128/><F133/><W8/><G105/><T92/><D126/><U83/><E127/><V49/><F101/><W18/><G76/><T34/><D17/><U94/><E15/><V27/><F27/><W131/><G131/><N who="2" m="50249" /><F95/><W130/><G130/><T3/><D64/><U91/><E83/><V23/><F23/><W52/><G8/><T100/><REACH who="0" step="1"/><D36/><REACH who="0" ten="155,287,334,204" step="2"/><U13/><E66/><V97/><F39/><W103/><G38/><T124/><D124/><U1/><E122/><V33/><F4/><W12/><G18/><T19/><D19/><U87/><E123/><V108/><F108/><W31/><G29/><T67/><D67/><U30/><E30/><V84/><F5/><W81/><G31/><T120/><D120/><U6/><E6/><V119/><F119/><W14/><G70/><T135/><D135/><U63/><E25/><V77/><F33/><W59/><G69/><T32/><D32/><U72/><E1/><V86/><F9/><W115/><G12/><T43/><D43/><U85/><E13/><V62/><F41/><W79/><G40/><T28/><D28/><U116/><E116/><V74/><F74/><W2/><G14/><T125/><D125/><U99/><E72/><V37/><F37/><W118/><G2/><T71/><D71/><U102/><E53/><V46/><F75/><W26/><G26/><T57/><D57/><U16/><E56/><V68/><F68/><RYUUKYOKU ba="2,2" sc="155,30,287,-10,334,-10,204,-10" hai0="3,7,10,34,35,47,50,54,73,78,80,92,100" /><INIT seed="3,3,2,3,2,27" ten="185,277,324,194" oya="3" hai0="14,33,57,111,94,128,23,82,4,130,9,3,68" hai1="89,99,54,96,28,135,95,7,36,67,103,125,115" hai2="80,41,34,29,113,50,101,51,129,102,110,30,10" hai3="32,92,22,123,47,21,76,133,126,77,53,64,49"/><W79/><G123/><T43/><D68/><U25/><E115/><V65/><F113/><W134/><G126/><T52/><D43/><U8/><E125/><V104/><F104/><W127/><G127/><T85/><D33/><U116/><E36/><V55/><F34/><W59/><G32/><T109/><D94/><U63/><E116/><V44/><F110/><N who="0" m="41994" /><D23/><N who="1" m="15423" /><E135/><N who="3" m="51722" /><G92/><T35/><D3/><U5/><E8/><V90/><F129/><W40/><G64/><T12/><D12/><U78/><E78/><N who="3" m="19970" /><W72/><DORA hai="0" /><G72/><T114/><D114/><U20/><E67/><V69/><F69/><W112/><G112/><T60/><D35/><U48/><E63/><AGARI ba="3,2" hai="21,22,40,47,49,53,59,63" m="19970,51722" machi="63" ten="40,2000,0" yaku="20,1" doraHai="27,0" who="3" fromWho="1" sc="185,0,277,-29,324,0,194,49" /><INIT seed="3,4,0,5,4,87" ten="185,248,324,243" oya="3" hai0="47,77,62,129,24,113,122,116,89,85,13,81,17" hai1="65,7,44,25,22,49,29,99,98,9,109,28,120" hai2="23,14,82,3,8,53,75,92,96,41,84,63,58" hai3="2,68,86,91,66,4,101,79,35,59,93,95,56"/><W130/><G35/><T61/><D116/><U104/><E120/><V133/><F75/><W83/><G130/><T67/><D122/><U119/><E119/><V30/><F133/><W88/><G68/><T11/><D129/><U34/><E109/><V106/><F106/><W115/><G115/><T73/><D113/><U118/><E118/><V40/><F3/><W78/><G2/><T123/><D123/><U134/><E65/><V0/><F0/><W71/><G4/><T74/><D62/><U39/><E39/><V15/><F15/><W6/><G6/><T97/><D24/><U72/><E72/><V57/><F57/><N who="3" m="22091" /><G71/><T27/><D27/><U42/><E104/><V112/><F112/><W5/><G5/><T76/><D47/><U48/><E134/><V20/><F30/><W60/><G60/><T102/><D74/><U54/><E29/><V46/><F8/><W70/><G70/><T38/><D38/><U111/><E34/><V135/><F135/><W127/><G127/><T117/><D117/><U107/><E107/><V26/><F14/><W32/><G66/><T50/><D50/><U124/><E124/><V126/><F126/><W132/><G32/><T12/><D12/><N who="1" m="5183" /><E111/><V21/><F26/><W1/><G1/><T94/><REACH who="0" step="1"/><D73/><REACH who="0" ten="175,248,324,243" step="2"/><U103/><E49/><V10/><F46/><W80/><G132/><T36/><D36/><U16/><E28/><V100/><F10/><W90/><G101/><T121/><D121/><U52/><E103/><V37/><F37/><W128/><G128/><T105/><D105/><U69/><E69/><AGARI ba="4,1" hai="11,13,17,61,67,69,76,77,81,85,89,94,97,102" machi="69" ten="30,3900,0" yaku="1,1,7,1,52,1,53,0" doraHai="87" doraHaiUra="114" who="0" fromWho="1" sc="175,61,248,-51,324,0,243,0" /><INIT seed="4,0,0,3,5,126" ten="236,197,324,243" oya="0" hai0="30,22,90,116,49,103,115,134,50,99,93,4,29" hai1="120,111,33,105,45,132,62,26,109,94,0,81,77" hai2="28,54,5,66,83,16,31,44,73,72,53,108,55" hai3="117,110,59,21,32,47,130,36,114,69,86,102,18"/><T25/><D116/><U52/><E120/><V7/><F108/><W104/><G110/><T61/><D115/><U96/><E0/><V124/><F124/><W20/><G69/><T118/><D118/><U63/><E132/><V24/><F66/><W12/><G32/><T9/><D134/><U92/><E105/><V88/><F44/><W27/><G114/><T85/><D30/><N who="2" m="11306" /><F72/><W91/><G104/><T1/><REACH who="0" step="1"/><D61/><REACH who="0" ten="226,197,324,243" step="2"/><U39/><E63/><V34/><F34/><W125/><G117/><T51/><D51/><U98/><E62/><V6/><F73/><W121/><G125/><T112/><D112/><U135/><E33/><V129/><F129/><W79/><G130/><T76/><D76/><U119/><E77/><V87/><F5/><W133/><G79/><T82/><AGARI ba="0,1" hai="1,4,9,22,25,29,49,50,82,85,90,93,99,103" machi="82" ten="20,7800,0" yaku="1,1,0,1,7,1,53,1" doraHai="126" doraHaiUra="19" who="0" fromWho="0" sc="226,88,197,-26,324,-26,243,-26" /><INIT seed="4,1,0,5,4,131" ten="314,171,298,217" oya="0" hai0="64,120,32,127,108,8,70,25,101,125,59,97,55" hai1="11,38,2,115,96,35,9,34,80,106,53,114,95" hai2="121,41,28,36,4,54,130,124,12,107,117,18,135" hai3="13,109,86,17,71,98,129,60,48,81,56,7,111"/><T89/><D120/><U42/><E106/><V134/><F121/><W39/><G129/><T51/><D89/><U112/><E80/><V73/><F130/><W72/><G39/><T67/><D8/><U40/><E53/><V93/><F107/><W33/><G33/><N who="1" m="12298" /><E2/><V65/><F73/><W88/><G7/><T83/><D83/><U79/><E79/><V16/><F124/><N who="0" m="47690" /><D70/><U44/><E40/><V43/><F117/><W10/><G72/><T87/><D87/><U85/><E85/><V63/><F54/><W110/><G48/><T94/><D108/><U104/><E104/><V92/><F28/><AGARI ba="1,0" hai="25,28,32,51,55,59,64,67,94,97,101" m="47690" machi="28" ten="30,1500,0" yaku="18,1" doraHai="131" who="0" fromWho="2" sc="314,18,171,0,298,-18,217,0" /><INIT seed="4,2,0,3,4,132" ten="332,171,280,217" oya="0" hai0="70,108,74,78,32,107,121,102,4,11,62,105,86" hai1="110,134,65,26,126,123,51,67,101,30,25,118,50" hai2="7,40,16,122,128,17,57,73,60,55,114,127,1" hai3="68,95,85,125,33,89,75,43,69,37,58,97,91"/><T129/><D121/><U14/><E110/><V63/><F122/><W115/><G33/><T116/><D86/><U106/><E123/><V46/><F73/><W31/><G75/><T13/><D116/><U28/><E14/><V27/><F114/><W6/><G115/><T64/><D129/><U56/><E118/><V18/><F128/><W80/><G31/><T61/><D108/><U45/><E134/><V112/><F112/><W22/><G22/><T92/><D32/><U34/><E106/><V82/><F82/><W117/><G117/><T20/><D20/><U124/><E56/><V15/><F27/><W83/><G6/><T84/><D62/><U99/><E101/><V88/><F1/><W44/><G125/><T41/><D41/><U133/><E133/><V131/><F131/><W19/><G19/><T87/><D87/><U36/><E99/><V100/><F100/><W120/><G120/><T48/><D48/><N who="1" m="18475" /><E45/><V9/><F127/><N who="1" m="48681" /><E36/><V35/><F46/><W96/><G58/><T135/><D135/><U103/><E103/><V90/><F40/><W81/><REACH who="3" step="1"/><G97/><REACH who="3" ten="332,171,280,207" step="2"/><N who="0" m="59687" /><D107/><U3/><E3/><V42/><F63/><W23/><G23/><AGARI ba="2,1" hai="23,25,26,28,30,34,65,67" m="48681,18475" machi="23" ten="30,7700,0" yaku="18,1,52,3" doraHai="132" who="1" fromWho="3" sc="332,0,171,93,280,0,207,-83" /><INIT seed="5,0,0,2,1,80" ten="332,264,280,124" oya="1" hai0="129,95,46,6,75,1,18,124,87,135,109,54,25" hai1="0,33,53,130,40,94,74,110,84,128,2,4,77" hai2="12,41,67,71,61,39,63,24,58,37,20,47,79" hai3="31,26,10,11,107,43,86,117,103,27,28,45,76"/><U111/><E33/><V96/><F79/><W122/><G122/><T97/><D75/><U48/><E74/><V72/><F72/><W115/><G115/><T17/><D109/><N who="1" m="41483" /><E40/><V121/><F121/><W36/><G117/><T51/><D129/><N who="1" m="49771" /><E4/><V73/><F73/><W127/><G127/><T34/><D135/><U57/><E77/><V32/><F32/><W133/><G133/><T62/><D124/><U92/><E92/><V82/><F82/><W42/><G107/><T15/><D1/><U49/><E49/><V91/><F37/><W132/><G132/><T21/><D6/><U30/><E30/><V66/><F96/><W89/><G76/><T104/><D104/><U14/><E14/><V50/><F12/><W38/><G103/><T78/><D34/><U106/><E106/><V83/><F39/><W16/><G45/><T102/><D62/><U123/><E123/><V9/><F83/><W8/><G8/><N who="0" m="6375" /><D78/><U68/><E68/><V65/><F9/><W22/><G22/><T70/><D70/><U114/><E114/><V56/><F91/><AGARI ba="0,0" hai="0,2,48,53,57,84,91,94" m="49771,41483" machi="91" ten="30,5800,0" yaku="10,1,19,1,52,1" doraHai="80" who="1" fromWho="2" sc="332,0,264,58,280,-58,124,0" /><INIT seed="5,1,0,3,1,112" ten="332,322,222,124" oya="1" hai0="51,124,34,132,42,36,71,88,80,117,14,104,103" hai1="67,82,90,31,35,13,130,63,108,115,120,25,19" hai2="65,26,125,12,32,111,96,105,89,74,1,84,40" hai3="7,20,100,52,49,17,131,37,72,109,11,0,93"/><U23/><E120/><V21/><F74/><W98/><G131/><T70/><D36/><U106/><E115/><V47/><F1/><W127/><G127/><T48/><D34/><U45/><E130/><V92/><F125/><W77/><G109/><T91/><D124/><U68/><E108/><V60/><F111/><W119/><G37/><T38/><D38/><U16/><E106/><V8/><F32/><W55/><G119/><T101/><D132/><U53/><E19/><V122/><F122/><W86/><G72/><T133/><D133/><U24/><E24/><V3/><F3/><W57/><G55/><T59/><D117/><U87/><E53/><V10/><F105/><W129/><G129/><T102/><D104/><U54/><REACH who="1" step="1"/><E54/><REACH who="1" ten="332,312,222,124" step="2"/><V95/><F26/><W39/><G39/><T78/><D42/><U116/><E116/><V66/><F40/><W128/><G128/><T99/><D51/><U62/><E62/><V29/><F60/><W85/><REACH who="3" step="1"/><G77/><REACH who="3" ten="332,312,222,114" step="2"/><T81/><D78/><U9/><E9/><V97/><F10/><W50/><G50/><T61/><D48/><U118/><E118/><V30/><F8/><W6/><G6/><T76/><D76/><U15/><E15/><AGARI ba="1,2" hai="0,7,11,15,17,20,49,52,57,85,86,93,98,100" machi="15" ten="30,7700,0" yaku="1,1,7,1,54,1,53,1" doraHai="112" doraHaiUra="44" who="3" fromWho="1" sc="332,0,312,-80,222,0,114,100" /><INIT seed="6,0,0,4,1,10" ten="332,232,222,214" oya="2" hai0="63,21,119,99,73,116,71,22,45,104,12,106,1" hai1="15,60,127,58,90,38,14,0,132,48,69,16,19" hai2="4,56,109,93,110,13,28,49,101,32,25,78,124" hai3="20,62,121,76,61,3,33,84,54,77,75,27,92"/><V5/><F124/><W105/><G121/><T103/><D1/><U17/><E0/><V7/><F78/><W9/><G105/><T39/><D73/><U87/><E127/><V118/><F118/><W108/><G108/><N who="2" m="41577" /><F101/><W86/><G33/><T37/><D104/><U94/><E38/><V35/><F93/><W85/><G92/><T53/><D39/><U24/><E132/><V41/><F35/><W115/><G115/><T126/><D126/><U74/><E74/><V88/><F88/><W120/><G120/><T98/><D98/><U100/><E100/><V59/><F13/><N who="1" m="4617" /><E69/><V111/><N who="2" m="41585" /><V66/><DORA hai="89" /><F66/><W31/><G75/><T34/><D71/><U117/><E117/><V131/><F131/><W46/><G3/><T95/><D103/><U91/><E91/><V107/><F107/><W42/><G77/><T133/><D106/><U97/><E97/><V123/><F123/><W68/><G76/><T11/><D99/><U18/><E48/><V130/><F130/><W134/><G85/><T26/><D37/><U96/><E96/><V64/><F64/><W82/><G86/><T67/><D67/><N who="1" m="39319" /><E17/><V113/><F113/><W8/><G84/><T135/><D116/><U83/><E24/><V70/><F70/><W114/><G27/><T55/><D26/><U6/><E6/><N who="2" m="1539" /><V80/><DORA hai="47" /><F80/><AGARI ba="0,0" hai="16,18,19,80,83,87,90,94" m="39319,4617" machi="80" ten="30,12000,2" yaku="8,1,52,4,54,1" doraHai="10,89,47" who="1" fromWho="2" sc="332,0,232,120,222,-120,214,0" /><INIT seed="7,0,0,5,5,4" ten="332,352,102,214" oya="3" hai0="73,13,59,78,29,99,43,58,34,108,83,27,32" hai1="113,112,23,75,39,107,72,130,22,18,80,12,60" hai2="90,126,97,127,129,84,37,52,85,11,65,102,67" hai3="104,124,3,91,2,106,70,35,94,7,33,128,114"/><W21/><G70/><T86/><D108/><U123/><E107/><V8/><F37/><W100/><G100/><T120/><D120/><U26/><E123/><V121/><F121/><W122/><G122/><T30/><D43/><U82/><E39/><V111/><F111/><W57/><G35/><T20/><D73/><N who="1" m="28235" /><E60/><V63/><F129/><W47/><G114/><N who="1" m="44138" /><E130/><V61/><F102/><W17/><G124/><N who="2" m="47657" /><F97/><W24/><G106/><T64/><D99/><U28/><AGARI ba="0,0" hai="12,18,22,23,26,28,80,82" m="44138,28235" machi="28" ten="30,1100,0" yaku="15,1" doraHai="4" who="1" fromWho="1" sc="332,-3,352,11,102,-3,214,-5" owari="329,12.9,363,46.3,99,-40.1,209,-19.1" /></mjloggm>