<mjloggm ver="2.3"><GO type="169" lobby="0"/><UN n0="%E6%99%AE%E8%B3%A2" n1="%6B%61%74%65%72%69%6E%61" n2="%74%61%6E%70%69%6E%38" n3="%E7%90%B4%E5%AF%84%E6%96%87%E4%B9%83" dan="16,17,16,17" rate="2104.55,2170.19,2130.57,2203.70" sx="F,M,M,M"/><TAIKYOKU oya="0"/><INIT seed="0,0,0,0,3,45" ten="250,250,250,250" oya="0" hai0="70,131,44,31,133,93,95,27,15,42,77,116,10" hai1="63,29,21,129,112,43,75,73,100,5,118,39,2" hai2="72,81,51,111,124,107,88,67,30,18,28,37,89" hai3="52,20,64,47,34,24,127,91,54,17,125,7,98"/><T92/><D116/><U66/><E118/><V97/><F37/><W1/><G34/><T105/><D105/><U69/><E112/><V23/><F111/><W49/><G64/><T12/><D131/><U94/><E129/><V71/><F124/><N who="3" m="47691" /><G7/><T120/><D120/><U0/><E43/><V134/><F134/><W78/><G1/><T121/><D121/><U101/><E39/><V130/><F130/><W84/><G98/><T119/><D119/><U46/><E46/><V4/><F4/><W61/><G78/><T68/><D77/><U114/><E114/><V59/><F72/><W56/><G84/><T48/><D133/><U36/><E36/><V33/><F81/><W113/><G91/><T104/><D104/><U11/><E2/><V99/><F71/><W26/><G113/><T55/><D42/><U82/><E82/><V135/><F67/><W41/><G41/><T110/><D110/><U50/><E94/><V102/><F33/><W115/><G115/><T35/><REACH who="0" step="1"/><D15/><AGARI ba="0,0" hai="15,17,20,24,26,47,49,52,54,56,61" m="47691" machi="15" ten="30,3900,0" yaku="18,1,52,1,54,1" doraHai="45" who="3" fromWho="0" sc="250,-39,250,0,250,0,250,39" /><INIT seed="1,0,0,5,1,12" ten="211,250,250,289" oya="1" hai0="77,37,68,123,3,43,36,49,34,106,21,71,89" hai1="82,59,2,74,41,112,125,50,63,53,31,117,15" hai2="52,4,7,61,109,134,57,38,135,90,6,127,40" hai3="1,16,128,105,39,133,113,118,124,45,9,55,67"/><U85/><E112/><V64/><F109/><W76/><G113/><T19/><D34/><U8/><E117/><V17/><F127/><W30/><G124/><T75/><D106/><U116/><E116/><V115/><F115/><W86/><G118/><T60/><D3/><U100/><E125/><V92/><F40/><W51/><G105/><T93/><D123/><U99/><E74/><V5/><N who="2" m="1024" /><DORA hai="14" /><V114/><F38/><W47/><G1/><T58/><D49/><U56/><E31/><V97/><F114/><W32/><G128/><T122/><D122/><U84/><E82/><V95/><F95/><W94/><G133/><N who="2" m="50697" /><F17/><W70/><G39/><T126/><D126/><U103/><E2/><V27/><F27/><W44/><G30/><T72/><D68/><U10/><E41/><V20/><F20/><W107/><G32/><T29/><D29/><U110/><E10/><V78/><F78/><W11/><G107/><T33/><D71/><U132/><E110/><V88/><F64/><W120/><G120/><T0/><D0/><U23/><E23/><V108/><F108/><W80/><G94/><T81/><D72/><U131/><E131/><V54/><F54/><W62/><REACH who="3" step="1"/><G9/><REACH who="3" ten="211,250,250,279" step="2"/><T96/><D33/><U79/><E132/><V104/><F104/><W35/><G35/><T91/><D37/><U129/><E129/><V46/><F46/><W24/><G24/><N who="0" m="14399" /><D36/><U48/><E8/><V101/><AGARI ba="0,1" hai="52,57,61,88,90,92,97,101" m="50697,1024" machi="101" ten="50,6400,0" yaku="20,1,54,2" doraHai="12,14" who="2" fromWho="2" sc="211,-16,250,-32,250,74,279,-16" /><INIT seed="2,0,0,0,2,14" ten="195,218,324,263" oya="2" hai0="76,6,70,36,62,27,25,57,24,129,125,35,73" hai1="48,93,82,90,37,91,17,128,23,29,69,124,13" hai2="21,84,51,19,113,83,110,66,75,123,118,26,119" hai3="39,50,38,43,56,49,132,103,22,116,74,46,54"/><V92/><F113/><W0/><G74/><T126/><D36/><N who="3" m="13865" /><G0/><T30/><D129/><U40/><E128/><V28/><F123/><W127/><G22/><T7/><D70/><U1/><E1/><V95/><F110/><W78/><G78/><T15/><D76/><U85/><E37/><V41/><F75/><W87/><G87/><T52/><D73/><U108/><E69/><V97/><F66/><W109/><G103/><T81/><D81/><U53/><E108/><V12/><F41/><W32/><G32/><T8/><REACH who="0" step="1"/><D7/><REACH who="0" ten="185,218,324,263" step="2"/><U3/><E124/><AGARI ba="0,1" hai="6,8,15,24,25,27,30,35,52,57,62,124,125,126" machi="124" ten="40,8000,1" yaku="1,1,2,1,18,1,54,1,53,0" doraHai="14" doraHaiUra="64" who="0" fromWho="1" sc="185,90,218,-80,324,0,263,0" /><INIT seed="3,0,0,1,2,40" ten="275,138,324,263" oya="3" hai0="60,2,132,7,50,80,88,58,94,102,77,52,26" hai1="120,15,117,79,104,106,108,8,119,16,6,134,118" hai2="64,32,47,99,127,66,72,30,45,13,14,38,81" hai3="103,55,48,112,53,87,69,86,96,111,9,44,113"/><W19/><G69/><T34/><D132/><U11/><E120/><V3/><F3/><W121/><G121/><T0/><D102/><U1/><E134/><V109/><F109/><W97/><G111/><T83/><D83/><U93/><E108/><V71/><F127/><W42/><G112/><T49/><D34/><U25/><E79/><V84/><F72/><W5/><G113/><T67/><D26/><U31/><REACH who="1" step="1"/><E93/><REACH who="1" ten="275,128,324,263" step="2"/><V20/><F32/><AGARI ba="0,1" hai="1,6,8,11,15,16,25,31,32,104,106,117,118,119" machi="32" ten="40,12000,2" yaku="1,1,2,1,12,1,54,1,53,3" doraHai="40" doraHaiUra="115" who="1" fromWho="2" sc="275,0,128,130,324,-120,263,0" /><INIT seed="4,0,0,5,1,77" ten="275,258,204,263" oya="0" hai0="98,8,83,131,59,97,119,112,48,47,104,81,2" hai1="57,29,93,84,106,13,10,15,11,17,16,0,61" hai2="3,130,122,51,109,38,66,5,52,101,50,92,74" hai3="54,24,55,91,100,88,118,46,110,18,60,116,125"/><T23/><D119/><U14/><E106/><V63/><F38/><W9/><G110/><T71/><D71/><U43/><E0/><V36/><F122/><W58/><G125/><T111/><D111/><U40/><E29/><V134/><F36/><W64/><G100/><T120/><D120/><U78/><E15/><V107/><F107/><W79/><G79/><T99/><D112/><U42/><E93/><V19/><F109/><W94/><G91/><T25/><D131/><U41/><E41/><V89/><F101/><W27/><G116/><T1/><D104/><U49/><E49/><V65/><F134/><W96/><G118/><T128/><D128/><U114/><E114/><V133/><F133/><W87/><G46/><T39/><D39/><U37/><E37/><V113/><F50/><W129/><G129/><T90/><D59/><U70/><E70/><V53/><F53/><N who="3" m="19979" /><G96/><N who="0" m="36971" /><D8/><U85/><E78/><V72/><F66/><AGARI ba="0,0" hai="10,11,13,14,16,17,40,42,43,57,61,66,84,85" machi="66" ten="40,5200,0" yaku="9,1,8,1,54,1" doraHai="77" who="1" fromWho="2" sc="275,0,258,52,204,-52,263,0" /><INIT seed="5,0,0,5,1,87" ten="275,310,152,263" oya="1" hai0="80,135,45,24,59,65,13,52,57,51,130,29,43" hai1="50,117,35,39,8,9,134,70,112,108,21,119,44" hai2="93,3,53,12,84,46,77,4,1,127,20,110,86" hai3="99,15,7,36,75,104,103,111,30,97,34,18,17"/><U2/><E35/><V91/><F110/><W79/><G111/><T81/><D135/><U41/><E108/><V11/><F127/><W107/><G36/><T74/><D130/><U67/><E134/><V95/><F20/><W54/><G7/><T122/><D122/><U82/><E112/><V131/><F131/><W40/><G40/><T31/><D74/><U16/><E50/><V106/><F106/><W124/><G124/><T61/><D13/><U26/><E82/><V48/><REACH who="2" step="1"/><F77/><REACH who="2" ten="275,310,142,263" step="2"/><W66/><G107/><T76/><D76/><U32/><E21/><V121/><F121/><W14/><G79/><T6/><D6/><U69/><E32/><V132/><F132/><W115/><G104/><T68/><D68/><U58/><E70/><V100/><F100/><W96/><G103/><T25/><D29/><U118/><E69/><V22/><F22/><W49/><G30/><T105/><D105/><U37/><E119/><V98/><F98/><W94/><G34/><T10/><D10/><U71/><E71/><V28/><F28/><W114/><G99/><T23/><REACH who="0" step="1"/><D25/><REACH who="0" ten="265,310,142,263" step="2"/><U92/><E9/><V120/><F120/><W113/><G113/><T19/><D19/><U0/><E8/><V133/><F133/><W73/><G115/><T126/><D126/><U129/><E16/><V123/><F123/><W33/><G114/><T89/><D89/><AGARI ba="0,2" hai="1,3,4,11,12,46,48,53,84,86,89,91,93,95" machi="89" ten="40,8000,1" yaku="1,1,9,1,52,2,53,1" doraHai="87" doraHaiUra="5" who="2" fromWho="0" sc="265,-80,310,0,142,100,263,0" /><INIT seed="6,0,0,0,4,37" ten="185,310,242,263" oya="2" hai0="76,8,56,134,98,100,120,88,78,95,87,77,57" hai1="24,17,2,118,55,36,119,39,45,49,22,67,123" hai2="121,114,102,122,52,83,92,94,71,69,79,23,60" hai3="3,13,27,70,25,59,81,130,5,19,38,63,18"/><V61/><F114/><W85/><G38/><T28/><D134/><U125/><E39/><V115/><F115/><W48/><G130/><T97/><D120/><U33/><E2/><V75/><F23/><W68/><G3/><T7/><D28/><U74/><E74/><V51/><F60/><W11/><G18/><T43/><D98/><U135/><E135/><V0/><F0/><W101/><G101/><T73/><D73/><U86/><E125/><V42/><F42/><W128/><G128/><T62/><D62/><U26/><E67/><V132/><F132/><W29/><G48/><T6/><D6/><U99/><E99/><V12/><F12/><W90/><G5/><T58/><D58/><U96/><E96/><V129/><F129/><W41/><G41/><T54/><D54/><U31/><E123/><V117/><F117/><W44/><G44/><T91/><D91/><U107/><E107/><V109/><F109/><W124/><G27/><T20/><D20/><U32/><E36/><V108/><F108/><W50/><G50/><T106/><REACH who="0" step="1"/><D43/><REACH who="0" ten="175,310,242,263" step="2"/><U112/><E33/><V84/><F61/><W34/><G124/><T46/><D46/><U35/><E35/><V65/><F122/><W133/><G133/><T93/><D93/><N who="2" m="35946" /><F121/><W16/><G19/><T110/><D110/><U103/><E112/><V131/><F131/><W14/><G16/><T105/><D105/><U15/><E103/><V4/><F102/><W82/><G63/><T66/><D66/><U113/><E113/><V116/><F65/><W1/><G90/><T47/><D47/><U89/><E26/><RYUUKYOKU ba="0,1" sc="175,15,310,15,242,-15,263,-15" hai0="7,8,56,57,76,77,78,87,88,95,97,100,106" hai1="15,17,22,24,31,32,45,49,55,86,89,118,119" /><INIT seed="7,1,1,2,1,5" ten="190,325,227,248" oya="3" hai0="107,25,31,129,93,99,83,113,1,52,32,26,12" hai1="79,125,109,47,73,91,4,24,23,84,16,105,72" hai2="117,38,42,22,90,101,70,77,124,106,131,92,102" hai3="74,18,49,108,134,27,115,110,10,37,34,116,126"/><W7/><G37/><T33/><D1/><U114/><E109/><N who="3" m="42090" /><G49/><T20/><D129/><U50/><E105/><V120/><F70/><W40/><G40/><T97/><D113/><U55/><E114/><V100/><F117/><W130/><G74/><T123/><D123/><U66/><E125/><V14/><F131/><W89/><G89/><T98/><D83/><U127/><E127/><V17/><F124/><W80/><G126/><T3/><D3/><U104/><E104/><V51/><F38/><W63/><G63/><T75/><D75/><U122/><E122/><V30/><F120/><W36/><G36/><T112/><D112/><U87/><E66/><V135/><F135/><W61/><G61/><T57/><D107/><U67/><E67/><V6/><F77/><W2/><G115/><T59/><D93/><U41/><E4/><V128/><F6/><W95/><G95/><T62/><D12/><U19/><E84/><N who="2" m="52295" /><F106/><W60/><G60/><T103/><D103/><U21/><E79/><V65/><F65/><W43/><G43/><T88/><D88/><U58/><E91/><V29/><F128/><W96/><G96/><T15/><D15/><U48/><E87/><V118/><F118/><W44/><G130/><T82/><D82/><U78/><E78/><V94/><F94/><W11/><G80/><T86/><D86/><U85/><E85/><V69/><F69/><W76/><G76/><T132/><D132/><U81/><E81/><V39/><F39/><W119/><G134/><T56/><D33/><U28/><E73/><V121/><F121/><W71/><G119/><RYUUKYOKU ba="1,1" sc="190,15,325,-15,227,15,248,-15" hai0="20,25,26,31,32,52,56,57,59,62,97,98,99" hai2="14,17,22,29,30,42,51,100,101,102" owari="205,-29.5,320,42.0,242,4.2,233,-16.7" /></mjloggm>