<mjloggm ver="2.3"><GO type="169" lobby="0"/><UN n0="%E3%82%A2%E3%83%AC%E3%82%88%E3%80%81%E3%82%A2%E3%83%AC%E3%82%A2%E3%83%AC" n1="%E3%80%90%E7%BD%AA%E6%AD%8C%E3%80%91" n2="%E3%81%8D%E3%82%83%E3%83%BC%E3%82%8D%E3%82%93" n3="%68%61%72%6F%6F%6B%69%65" dan="16,18,16,17" rate="2101.10,2269.68,2157.23,2200.98" sx="M,M,M,M"/><TAIKYOKU oya="0"/><INIT seed="0,0,0,2,1,81" ten="250,250,250,250" oya="0" hai0="22,1,121,24,89,134,84,31,126,59,37,116,120" hai1="15,86,53,29,91,109,97,52,71,107,110,102,114" hai2="51,80,42,88,103,128,54,21,48,79,55,96,93" hai3="117,61,83,78,87,125,50,18,92,73,111,10,23"/><T63/><D116/><U94/><E71/><V69/><F128/><W16/><G111/><N who="1" m="42506" /><E29/><V113/><F113/><W127/><G117/><T25/><D37/><U39/><E39/><V85/><F69/><W98/><G61/><T30/><D1/><U36/><E36/><V76/><F42/><W130/><G130/><T112/><D126/><N who="3" m="48137" /><G50/><T27/><D134/><U34/><E34/><V65/><F65/><W106/><G10/><T2/><D2/><U49/><E114/><V58/><REACH who="2" step="1"/><F21/><REACH who="2" ten="250,250,240,250" step="2"/><W62/><G23/><T45/><D112/><U56/><E53/><V66/><F66/><W14/><G14/><AGARI ba="0,1" hai="14,15,49,52,56,86,91,94,97,102,107" m="42506" machi="14" ten="30,3900,0" yaku="14,1,52,1,54,1" doraHai="81" who="1" fromWho="3" sc="250,0,250,49,240,0,250,-39" /><INIT seed="1,0,0,3,1,107" ten="250,299,240,211" oya="1" hai0="77,57,88,130,29,30,99,51,103,115,132,53,28" hai1="54,122,50,68,104,32,61,105,128,15,79,75,46" hai2="81,125,3,12,100,98,48,71,11,111,36,119,16" hai3="34,55,59,60,56,124,85,69,131,35,45,72,25"/><U18/><E122/><V67/><F119/><W33/><G131/><T40/><D115/><U83/><E128/><V102/><F36/><W5/><G124/><T23/><D130/><U9/><REACH who="1" step="1"/><E32/><REACH who="1" ten="250,289,240,211" step="2"/><V108/><F125/><W49/><G33/><T118/><D118/><U113/><E113/><V114/><F114/><W4/><G34/><T76/><D132/><U121/><E121/><V62/><F3/><W82/><G35/><T70/><D70/><U126/><E126/><V6/><F111/><W84/><G69/><T120/><D120/><U0/><E0/><V73/><F108/><W80/><G4/><T63/><D28/><U22/><E22/><V87/><F6/><W20/><G5/><T24/><D29/><U94/><E94/><V92/><F92/><W42/><G59/><T38/><D23/><U14/><E14/><V43/><F12/><W1/><G1/><T58/><D30/><U26/><E26/><V13/><F13/><W17/><REACH who="3" step="1"/><G80/><REACH who="3" ten="250,289,240,201" step="2"/><T110/><D57/><U47/><E47/><V37/><F81/><W93/><G93/><T39/><D58/><U90/><E90/><V86/><F71/><W66/><G66/><AGARI ba="0,2" hai="9,15,18,46,50,54,61,66,68,75,79,83,104,105" machi="66" ten="40,7700,0" yaku="1,1,52,1,53,1" doraHai="107" doraHaiUra="106" who="1" fromWho="3" sc="250,0,289,97,240,0,201,-77" /><INIT seed="1,1,0,3,5,107" ten="250,386,240,124" oya="1" hai0="124,127,88,78,81,20,106,17,75,99,52,1,26" hai1="59,97,84,54,120,109,35,5,133,48,2,86,76" hai2="135,44,60,58,74,0,92,94,119,27,90,102,117" hai3="87,28,113,4,98,130,132,121,110,63,55,34,66"/><U39/><E120/><V31/><F0/><W79/><G110/><T57/><D1/><U65/><E39/><V77/><F135/><W123/><G113/><T7/><D7/><U134/><E35/><V51/><F102/><W85/><G132/><T114/><D114/><U111/><E65/><V43/><F94/><W6/><G130/><T10/><D10/><N who="1" m="2359" /><E97/><V72/><F77/><W50/><G98/><T101/><REACH who="0" step="1"/><D88/><REACH who="0" ten="240,386,240,124" step="2"/><U46/><E134/><V131/><F131/><W91/><G4/><T3/><D3/><U12/><E133/><V125/><F119/><W21/><G6/><T56/><D56/><U112/><E112/><V70/><F117/><W25/><G91/><T122/><D122/><U42/><E111/><V67/><F58/><W61/><G121/><T64/><D64/><U105/><E109/><V33/><REACH who="2" step="1"/><F125/><REACH who="2" ten="240,386,230,124" step="2"/><W73/><G123/><T13/><D13/><U100/><E12/><V62/><F62/><AGARI ba="1,2" hai="17,20,26,52,57,62,75,78,81,99,101,106,124,127" machi="62" ten="40,8000,1" yaku="1,1,52,1,54,1,53,1" doraHai="107" doraHaiUra="23" who="0" fromWho="2" sc="240,103,386,0,230,-83,124,0" /><INIT seed="2,0,0,1,5,96" ten="343,386,147,124" oya="2" hai0="82,45,91,110,124,1,12,127,113,47,95,63,88" hai1="116,20,128,26,6,51,101,98,17,50,68,40,31" hai2="38,66,112,76,100,30,123,135,62,33,42,24,89" hai3="61,65,114,0,11,58,72,99,81,46,9,132,18"/><V4/><F123/><W109/><G109/><T107/><D113/><U70/><E116/><V120/><F112/><W22/><G132/><T19/><D1/><U85/><E128/><V32/><F120/><W28/><G114/><T115/><D115/><U90/><E6/><V23/><F135/><W77/><G0/><T104/><D110/><U49/><E40/><V27/><F76/><W14/><G28/><T8/><D82/><U15/><E85/><V108/><F108/><W29/><G29/><T103/><D63/><U131/><E90/><V36/><F4/><W129/><G129/><T59/><D59/><U75/><E75/><V134/><F134/><W119/><G119/><T39/><D91/><U117/><E117/><V80/><F100/><W133/><G133/><T55/><D103/><U16/><E17/><V2/><F2/><W122/><G122/><T106/><D55/><U52/><E52/><V67/><F67/><W84/><G72/><T21/><D8/><U93/><REACH who="1" step="1"/><E131/><REACH who="1" ten="343,376,147,124" step="2"/><V125/><F42/><W25/><G46/><T92/><D47/><U71/><E71/><V35/><F125/><N who="0" m="48202" /><D88/><U86/><E86/><N who="2" m="50375" /><F27/><W48/><G25/><T69/><D69/><U126/><E126/><V130/><F130/><W105/><REACH who="3" step="1"/><G48/><REACH who="3" ten="343,376,147,114" step="2"/><T73/><D73/><U34/><AGARI ba="0,2" hai="15,16,20,26,31,34,49,50,51,68,70,93,98,101" machi="34" ten="30,7900,0" yaku="1,1,0,1,52,1,54,1,53,0" doraHai="96" doraHaiUra="121" who="1" fromWho="1" sc="343,-20,376,99,147,-39,114,-20" /><INIT seed="3,0,0,2,5,93" ten="323,475,108,94" oya="3" hai0="6,58,45,59,81,41,130,118,34,119,23,57,134" hai1="113,121,30,14,99,124,1,105,116,129,133,96,3" hai2="71,4,13,106,101,88,18,117,64,35,75,12,109" hai3="19,127,22,66,5,115,60,37,98,92,46,123,0"/><W94/><G115/><T111/><D34/><U83/><E30/><V131/><F117/><W16/><G123/><T56/><D111/><U39/><E14/><V27/><F75/><W44/><G37/><T17/><D130/><U32/><E99/><N who="2" m="61759" /><F109/><W43/><G127/><T51/><D134/><U120/><E83/><V86/><F131/><W47/><G43/><T73/><D6/><U7/><E96/><V76/><F76/><W110/><G110/><T114/><D114/><U82/><E82/><N who="2" m="49239" /><F18/><W102/><G92/><T91/><D91/><U31/><E31/><N who="2" m="19967" /><F4/><W74/><G74/><T54/><D81/><U90/><E90/><V28/><F28/><W95/><G95/><T84/><D84/><U67/><E7/><V89/><F89/><W25/><G19/><T11/><D11/><U36/><E121/><V38/><F38/><W9/><REACH who="3" step="1"/><G47/><REACH who="3" ten="323,475,108,84" step="2"/><T72/><D72/><U20/><E39/><V48/><F48/><W50/><G50/><T42/><D73/><U21/><E36/><V97/><F97/><W26/><G26/><N who="0" m="14703" /><D42/><U132/><E132/><V53/><F53/><W79/><G79/><T52/><D54/><U24/><E133/><V40/><F40/><W33/><G33/><T2/><D119/><U68/><E32/><V100/><F100/><W49/><G49/><N who="0" m="30735" /><D118/><U55/><E116/><V63/><AGARI ba="0,1" hai="12,13,63,64,71" m="19967,49239,61759" machi="63" ten="30,4000,0" yaku="25,1,52,1,54,1" doraHai="93" who="2" fromWho="2" sc="323,-10,475,-10,108,50,84,-20" /><INIT seed="4,0,0,2,4,16" ten="313,465,158,64" oya="0" hai0="10,54,86,76,80,60,36,2,121,126,38,7,87" hai1="65,8,114,59,128,133,64,55,29,49,62,25,91" hai2="118,57,95,52,112,106,51,23,33,22,124,69,28" hai3="72,131,24,122,123,66,129,53,125,5,0,21,116"/><T73/><D121/><N who="3" m="46089" /><G66/><T42/><D126/><U93/><E133/><V85/><F106/><W119/><G53/><T45/><D36/><U17/><E128/><N who="3" m="49226" /><G125/><T97/><D97/><U19/><E114/><V127/><F69/><W39/><G39/><T132/><D132/><U27/><E64/><V4/><F112/><W35/><G35/><T75/><D75/><U101/><E8/><V92/><F118/><W61/><G61/><T12/><D12/><U56/><E101/><V6/><F124/><W14/><G14/><T81/><D81/><U102/><E102/><V74/><F127/><W117/><G72/><T89/><D89/><U94/><E94/><N who="2" m="35883" /><F74/><W9/><G119/><T103/><D103/><U32/><E27/><V113/><F113/><W67/><G67/><T82/><D54/><U111/><E111/><V41/><F33/><W96/><G96/><AGARI ba="0,0" hai="17,19,25,29,32,49,55,56,59,62,65,91,93,96" machi="96" ten="30,1000,0" yaku="7,1" doraHai="16" who="1" fromWho="3" sc="313,0,465,10,158,0,64,-10" /><INIT seed="5,0,0,4,1,57" ten="313,475,158,54" oya="1" hai0="118,32,110,87,115,45,53,35,8,93,78,82,68" hai1="3,16,88,108,92,67,74,1,58,4,65,122,106" hai2="52,120,72,112,26,19,99,37,128,116,28,79,113" hai3="6,41,7,66,84,21,22,91,127,20,27,64,14"/><U9/><E122/><V18/><F116/><W86/><G127/><T33/><D118/><U51/><E106/><V134/><F120/><W75/><G75/><T38/><D110/><U15/><E74/><V60/><F37/><W103/><G103/><T111/><D111/><U17/><E3/><V36/><F36/><W70/><G41/><T2/><D115/><N who="2" m="44106" /><F128/><W12/><G70/><T39/><D68/><U89/><E89/><V135/><F99/><W114/><G114/><T43/><D53/><N who="1" m="32063" /><E1/><V126/><F126/><W48/><G48/><T97/><D38/><U13/><E108/><V96/><F96/><W59/><G27/><T47/><D47/><U109/><E109/><V62/><F79/><W42/><G42/><T54/><D54/><U104/><E104/><V94/><F94/><W130/><G130/><T63/><D8/><N who="1" m="6183" /><E4/><V123/><F72/><W95/><G84/><AGARI ba="0,0" hai="9,15,17,65,67,84,88,92" m="6183,32063" machi="84" ten="30,5800,0" yaku="8,1,54,2" doraHai="57" who="1" fromWho="3" sc="313,0,475,58,158,0,54,-58" owari="313,11.3,533,63.3,158,-24.2,-4,-50.4" /></mjloggm>