<mjloggm ver="2.3"><GO type="169" lobby="0"/><UN n0="%76%E3%81%B5%E3%83%BC%E3%81%A1%E3%82%83%E3%82%93%76" n1="%E6%A4%BF%E6%9C%AC%E3%82%B5%E3%83%83%E3%82%AB%E3%83%BC%E9%83%A8" n2="%70%65%6E%74%6F%6C%61" n3="%E9%9B%B6%E3%81%AE%E5%AF%A9%E5%88%A4%E8%80%85" dan="17,16,18,16" rate="2182.55,2135.98,2221.07,2040.18" sx="M,M,M,M"/><TAIKYOKU oya="0"/><INIT seed="0,0,0,3,2,91" ten="250,250,250,250" oya="0" hai0="53,106,80,50,63,72,125,20,86,124,65,89,26" hai1="134,59,61,43,128,135,52,99,66,32,108,126,118" hai2="87,117,23,115,10,98,36,75,29,93,120,37,8" hai3="7,35,33,119,71,13,114,96,46,84,48,101,21"/><T17/><D106/><U44/><E32/><V127/><F75/><W104/><G114/><T73/><D125/><U27/><E118/><V102/><F115/><W129/><G119/><T41/><D124/><U24/><E126/><V28/><F120/><W90/><G71/><T15/><D41/><U22/><E108/><V16/><F117/><W42/><G129/><T30/><D63/><U47/><E128/><V92/><F37/><W55/><G21/><T111/><D65/><U103/><E27/><V49/><F49/><W68/><G68/><T14/><D14/><U133/><E66/><V18/><F18/><W56/><G7/><T77/><D77/><U82/><E82/><V94/><F36/><W78/><G13/><T5/><D5/><U11/><E11/><N who="2" m="4139" /><F87/><W132/><G132/><T88/><D89/><U60/><E60/><V131/><F131/><W107/><G104/><T70/><D70/><U4/><E4/><V54/><F54/><W40/><G78/><T112/><D111/><U9/><E9/><V62/><F62/><W123/><G123/><T12/><D12/><U57/><E57/><V19/><F19/><W100/><G100/><T67/><D67/><U110/><E43/><V0/><F0/><W45/><G42/><T69/><D69/><U3/><E3/><V25/><F127/><W83/><G46/><T64/><D64/><U122/><E122/><V6/><F6/><W97/><G96/><T130/><D130/><U79/><E79/><V116/><F116/><W105/><G107/><T58/><D112/><U2/><E2/><V121/><F121/><RYUUKYOKU ba="0,0" sc="250,10,250,-30,250,10,250,10" hai0="15,17,20,26,30,50,53,58,72,73,80,86,88" hai2="16,23,25,28,29,92,93,94,98,102" hai3="33,35,40,45,48,55,56,83,84,90,97,101,105" /><INIT seed="0,1,0,5,1,52" ten="260,220,260,260" oya="0" hai0="40,117,96,60,32,120,107,13,17,53,51,92,110" hai1="75,126,3,26,64,87,7,134,124,22,131,50,89" hai2="122,118,130,119,90,47,19,121,25,115,15,62,33" hai3="128,27,95,16,1,21,101,38,46,74,54,55,34"/><T30/><D117/><N who="2" m="44554" /><F90/><W125/><G74/><T14/><D120/><N who="2" m="46186" /><F47/><W94/><G1/><T111/><D107/><U36/><E75/><V67/><F62/><W123/><G123/><T108/><D30/><U85/><E36/><V18/><F67/><W70/><G125/><T4/><D4/><U83/><E64/><V35/><F130/><W37/><G70/><T103/><D32/><N who="2" m="12362" /><F115/><W44/><G128/><T69/><D17/><U5/><E131/><V31/><F15/><W57/><G55/><T88/><D40/><U135/><E50/><V59/><F59/><W80/><G80/><T12/><D103/><U100/><E100/><V97/><F97/><W39/><G34/><AGARI ba="1,0" hai="18,19,25,31,34" m="12362,46186,44554" machi="34" ten="40,5200,0" yaku="12,1,34,2" doraHai="52" who="2" fromWho="3" sc="260,0,220,0,260,55,260,-55" /><INIT seed="1,0,0,0,1,134" ten="260,220,315,205" oya="1" hai0="15,95,60,92,28,9,67,8,75,25,12,11,107" hai1="29,84,86,126,119,10,112,114,50,24,40,5,72" hai2="91,1,128,132,23,99,131,41,42,89,16,78,7" hai3="36,122,27,43,59,55,104,98,32,34,18,97,63"/><U38/><E72/><V47/><F132/><W64/><G122/><T87/><D107/><U48/><E119/><V65/><F65/><W53/><G104/><T31/><D75/><U69/><E69/><V111/><F78/><W14/><G36/><T116/><D116/><U37/><E40/><V56/><F56/><W62/><G43/><T123/><D123/><U110/><E110/><V33/><F33/><W125/><G27/><T127/><D127/><U21/><E126/><V6/><F42/><W81/><G81/><T133/><D133/><U105/><E105/><V19/><F19/><W76/><G76/><T117/><D117/><U17/><E29/><V20/><F20/><W90/><G125/><T108/><D108/><U94/><E86/><V109/><F111/><W71/><G55/><T58/><D31/><U57/><E50/><V82/><F99/><W93/><REACH who="3" step="1"/><G98/><REACH who="3" ten="260,220,315,195" step="2"/><T88/><REACH who="0" step="1"/><D95/><REACH who="0" ten="250,220,315,195" step="2"/><U35/><E94/><V124/><F124/><W103/><G103/><T61/><D61/><U70/><E112/><V120/><F109/><W3/><G3/><T79/><D79/><U0/><E114/><V13/><F120/><W30/><G30/><T2/><D2/><U135/><E135/><V118/><F118/><W26/><G26/><T46/><D46/><U85/><E24/><V106/><F106/><W83/><G83/><T77/><D77/><U115/><E0/><V54/><F1/><W52/><G52/><T39/><D39/><U100/><E38/><N who="2" m="21943" /><F54/><W130/><G130/><N who="2" m="49705" /><F82/><W49/><G49/><T96/><D96/><U4/><E48/><V45/><F45/><RYUUKYOKU ba="0,2" sc="250,10,220,-30,315,10,195,10" hai0="8,9,11,12,15,25,28,58,60,67,87,88,92" hai2="6,7,13,16,23,89,91" hai3="14,18,32,34,53,59,62,63,64,71,90,93,97" /><INIT seed="2,1,2,2,4,45" ten="260,190,325,205" oya="2" hai0="89,59,107,46,8,64,126,34,37,125,77,130,103" hai1="44,63,62,120,101,36,29,102,22,114,70,5,113" hai2="50,135,56,100,133,28,83,48,7,67,124,30,47" hai3="92,87,53,104,122,69,74,35,90,38,20,16,94"/><V76/><F100/><W14/><G104/><T127/><D34/><U3/><E120/><V72/><F7/><W86/><G74/><T112/><D112/><U27/><E63/><V33/><F124/><W19/><G35/><T17/><D130/><U78/><E78/><V12/><F12/><W93/><G38/><T84/><D77/><U52/><E101/><V98/><F98/><W109/><G122/><T26/><D59/><U75/><E102/><V80/><F33/><W49/><G69/><T79/><D79/><U115/><E75/><V82/><F76/><W2/><G2/><T58/><D58/><U99/><E99/><V40/><F72/><W66/><G109/><T129/><D64/><U116/><E116/><V23/><F23/><N who="3" m="11671" /><G66/><T11/><D129/><U81/><E81/><V57/><F67/><W117/><G87/><T41/><D103/><U1/><E5/><V121/><F121/><W60/><G60/><T105/><D26/><U131/><E131/><V95/><F95/><W61/><G61/><T18/><D8/><U128/><E128/><V24/><F24/><N who="3" m="14367" /><G117/><T10/><D10/><U108/><E108/><V68/><F68/><W25/><G25/><T97/><D97/><U111/><E111/><V119/><F119/><W51/><G53/><T42/><D42/><N who="1" m="22599" /><E70/><V65/><F65/><W15/><G15/><N who="0" m="7423" /><D18/><U9/><E9/><V55/><REACH who="2" step="1"/><F57/><REACH who="2" ten="260,190,315,205" step="2"/><W13/><G13/><T21/><D21/><U123/><E123/><V31/><AGARI ba="1,3" hai="28,30,31,40,47,48,50,55,56,80,82,83,133,135" machi="31" ten="40,12000,1" yaku="1,1,2,1,0,1,52,2,53,0" doraHai="45" doraHaiUra="88" who="2" fromWho="2" sc="260,-41,190,-41,315,153,205,-41" /><INIT seed="2,2,0,2,2,67" ten="219,149,468,164" oya="2" hai0="1,86,99,77,104,134,58,89,39,74,41,24,103" hai1="26,6,49,93,115,124,37,131,34,56,70,29,117" hai2="51,111,30,116,16,84,66,87,85,82,46,108,60" hai3="133,57,20,68,71,15,23,54,72,101,55,19,61"/><V45/><F116/><W50/><G72/><T5/><D134/><U76/><E117/><V65/><F30/><W53/><G133/><T73/><D77/><U14/><E115/><V59/><F66/><W78/><G78/><T64/><D24/><U63/><E37/><V92/><F92/><W110/><G110/><N who="2" m="42025" /><F82/><W35/><G35/><T40/><D5/><U91/><E124/><V12/><F51/><W42/><G101/><T113/><D39/><U25/><E131/><V47/><F87/><W3/><G3/><T79/><D1/><U28/><E76/><V36/><F36/><W31/><G42/><T114/><D40/><U17/><E49/><V38/><F38/><W11/><G31/><T8/><D41/><U130/><E6/><V109/><F109/><W27/><G27/><T88/><D73/><U97/><E130/><V33/><F33/><W126/><G126/><T100/><D79/><U32/><E70/><V18/><F18/><W81/><G81/><T118/><D64/><U80/><E80/><V135/><F135/><W44/><REACH who="3" step="1"/><G55/><REACH who="3" ten="219,149,468,154" step="2"/><T102/><D74/><U123/><E123/><V22/><AGARI ba="2,1" hai="12,16,22,45,46,47,59,60,65,84,85" m="42025" machi="22" ten="30,6000,0" yaku="14,1,10,1,54,1" doraHai="67" who="2" fromWho="2" sc="219,-22,149,-22,468,76,154,-22" /><INIT seed="2,3,0,3,0,130" ten="197,127,544,132" oya="2" hai0="69,127,124,4,129,35,49,110,42,116,75,94,18" hai1="86,121,39,22,55,78,104,11,0,20,15,88,111" hai2="135,79,32,28,54,96,37,41,17,65,33,126,105" hai3="131,61,120,98,56,133,12,67,81,123,53,44,95"/><V72/><F65/><W45/><G131/><T64/><D129/><U109/><E0/><V38/><F17/><W91/><G133/><T80/><D110/><N who="1" m="41995" /><E104/><V93/><F54/><W85/><G12/><T21/><D35/><U26/><E39/><V58/><F58/><W97/><G97/><T70/><D4/><N who="1" m="3559" /><E121/><V71/><F93/><W10/><G10/><T8/><D8/><U16/><E78/><V112/><F41/><W63/><G123/><T100/><D116/><U115/><E115/><V128/><F28/><W46/><G120/><T103/><D64/><U89/><E86/><V27/><F96/><W24/><G24/><T99/><D103/><U48/><E22/><V40/><F27/><W57/><REACH who="3" step="1"/><G46/><AGARI ba="3,0" hai="16,20,26,46,48,55,88,89" m="3559,41995" machi="46" ten="30,3900,0" yaku="14,1,54,2" doraHai="130" who="1" fromWho="3" sc="197,0,127,48,544,0,132,-48" /><INIT seed="3,0,0,5,4,115" ten="197,175,544,84" oya="3" hai0="30,65,11,48,39,12,106,89,70,1,26,9,69" hai1="108,110,97,10,14,113,131,129,46,128,75,100,78" hai2="60,120,40,45,32,81,38,36,13,66,47,57,59" hai3="19,85,83,34,130,126,7,21,52,20,15,33,107"/><W112/><G112/><T117/><D39/><U76/><E113/><V84/><F32/><W124/><G107/><T72/><D72/><U82/><E46/><V29/><F29/><W68/><G68/><T71/><D106/><U8/><E78/><V0/><F0/><W63/><G130/><T25/><D1/><U17/><REACH who="1" step="1"/><E8/><REACH who="1" ten="197,165,544,84" step="2"/><V49/><F120/><W94/><G126/><T102/><D9/><U91/><E91/><V22/><F47/><W90/><G124/><T24/><D89/><U42/><E42/><V104/><F38/><W105/><G90/><T111/><D11/><U55/><E55/><V123/><F36/><W56/><G52/><T53/><D53/><U18/><E18/><V132/><F123/><W101/><G19/><T98/><D65/><U28/><E28/><V73/><F45/><W109/><G7/><T114/><D30/><U58/><E58/><V86/><F59/><W64/><G56/><T80/><D70/><U67/><E67/><V134/><F40/><W118/><G64/><T5/><D69/><U77/><E77/><V50/><F57/><W16/><G16/><T4/><D71/><U133/><E133/><V119/><F66/><W51/><G63/><T6/><D6/><U87/><E87/><V116/><F60/><W127/><G85/><T103/><D4/><U23/><E23/><V62/><F62/><W99/><G21/><T27/><D114/><U95/><AGARI ba="0,1" hai="10,14,17,75,76,82,95,97,100,108,110,128,129,131" machi="95" ten="40,5200,0" yaku="1,1,0,1,19,1,53,0" doraHai="115" doraHaiUra="41" who="1" fromWho="1" sc="197,-13,165,62,544,-13,84,-26" /><INIT seed="4,0,0,5,0,93" ten="184,227,531,58" oya="0" hai0="47,11,109,67,39,101,76,77,89,120,132,96,48" hai1="28,25,4,62,51,126,85,66,121,133,86,119,42" hai2="100,97,134,83,63,71,45,15,50,80,69,23,115" hai3="95,34,19,99,26,14,116,75,1,30,124,3,29"/><T56/><D120/><U98/><E121/><V64/><F115/><W79/><G116/><T127/><D132/><U73/><E119/><V125/><F71/><W20/><G124/><T27/><D127/><U102/><E73/><V40/><F134/><W57/><G30/><T12/><D109/><U59/><E4/><V41/><F41/><W43/><G43/><T33/><D89/><U65/><E126/><V105/><F125/><W113/><G113/><T18/><D39/><U74/><E66/><V38/><F15/><W103/><REACH who="3" step="1"/><G57/><REACH who="3" ten="184,227,531,48" step="2"/><T82/><D56/><U130/><E133/><V78/><F40/><W107/><G107/><T123/><D123/><U6/><E59/><V24/><F38/><W58/><G58/><T114/><D114/><U70/><E42/><V36/><F36/><W10/><G10/><T7/><D11/><U104/><E104/><V112/><F112/><W16/><G16/><T17/><D18/><U46/><E70/><V118/><F118/><W8/><G8/><T108/><D17/><U9/><E6/><V88/><F45/><W122/><G122/><T106/><D7/><U84/><E9/><V117/><F117/><W37/><G37/><T2/><D47/><U68/><E28/><V13/><F69/><W60/><G60/><T31/><D31/><U110/><E68/><V92/><F63/><W52/><G52/><T91/><D106/><U44/><E62/><V54/><F105/><W35/><G35/><T111/><D33/><U128/><E65/><V49/><F64/><W94/><G94/><T135/><D135/><U129/><E130/><RYUUKYOKU ba="0,1" sc="184,-10,227,-10,531,-10,48,30" hai3="1,3,14,19,20,26,29,34,75,79,95,99,103" /><INIT seed="5,1,1,4,0,109" ten="174,217,521,78" oya="1" hai0="114,127,79,98,62,74,9,2,123,111,135,20,99" hai1="67,69,80,49,32,14,113,85,107,40,76,37,77" hai2="61,103,86,130,88,94,131,4,118,54,75,13,64" hai3="104,45,93,10,126,1,47,129,106,16,21,81,71"/><U38/><E107/><V35/><F118/><W51/><G71/><T36/><D111/><U68/><E32/><V90/><F75/><W110/><G110/><T92/><D36/><U84/><E14/><V73/><F73/><W46/><G126/><T101/><D127/><U7/><E7/><V105/><F54/><W27/><G129/><N who="2" m="49161" /><F35/><W33/><G33/><T122/><D20/><U89/><E77/><V116/><F116/><W34/><G34/><T42/><D42/><U70/><E67/><V121/><F121/><W102/><G81/><N who="0" m="45303" /><D9/><U19/><E19/><V17/><F90/><W43/><G106/><N who="0" m="63799" /><D2/><U96/><E49/><V83/><F105/><W22/><G104/><T56/><D56/><U30/><E30/><V72/><F4/><W128/><G128/><T41/><D41/><U5/><E40/><V91/><F103/><W120/><G120/><N who="0" m="46123" /><D62/><U6/><E5/><V48/><F48/><W112/><G1/><T12/><D12/><U11/><E6/><V29/><F29/><W57/><G43/><T95/><D95/><U65/><E11/><V108/><F108/><W50/><G10/><T28/><D28/><U52/><E37/><V60/><F60/><W97/><G51/><T132/><D92/><U0/><E38/><V125/><F125/><W78/><G50/><T119/><D119/><U117/><E0/><V39/><F39/><W124/><G124/><T53/><D53/><U18/><E52/><V24/><F61/><W23/><G93/><T31/><D31/><U66/><E117/><V82/><F94/><N who="3" m="58679" /><G57/><T15/><D99/><U133/><E96/><RYUUKYOKU ba="1,1" sc="174,0,217,0,521,0,78,0" /><INIT seed="6,2,1,2,2,37" ten="174,217,521,78" oya="2" hai0="26,61,96,30,124,40,103,16,101,107,51,104,109" hai1="67,42,81,86,33,62,59,2,20,108,74,76,11" hai2="9,22,64,87,98,115,5,3,68,45,92,133,122" hai3="55,39,65,35,12,54,36,34,88,85,128,24,132"/><V114/><F122/><W121/><G121/><T14/><D109/><U69/><E33/><V8/><F133/><W60/><G132/><T119/><D124/><U95/><E108/><V27/><F9/><W56/><G128/><T63/><D119/><U112/><E112/><V72/><F72/><W106/><G106/><T32/><D103/><U13/><E2/><V70/><F87/><W10/><G39/><T111/><D107/><U105/><E105/><V66/><F70/><W25/><G36/><T78/><D78/><U53/><E42/><V48/><F68/><W117/><G117/><T134/><D111/><U79/><E20/><V58/><F58/><W46/><G35/><T41/><D134/><U21/><E21/><V130/><F130/><W71/><G71/><T123/><D123/><U91/><E79/><V135/><F135/><W99/><G99/><T43/><REACH who="0" step="1"/><D51/><REACH who="0" ten="164,217,521,78" step="2"/><U75/><E75/><V4/><F115/><W44/><G34/><T77/><D77/><U17/><E69/><V90/><F114/><W28/><G28/><T110/><D110/><U97/><E67/><V82/><F82/><N who="3" m="49207" /><G65/><T47/><D47/><N who="3" m="17961" /><G55/><T80/><D80/><U125/><E125/><V100/><F100/><W29/><G29/><T120/><D120/><U83/><E74/><V131/><F131/><W127/><G127/><T94/><D94/><N who="1" m="54647" /><E76/><V93/><F93/><W126/><G126/><T118/><D118/><U19/><E83/><V1/><F66/><W6/><AGARI ba="2,2" hai="6,10,12,24,25,54,56,60" m="17961,49207" machi="6" ten="30,2000,0" yaku="8,1,54,1" doraHai="37" who="3" fromWho="3" sc="164,-7,217,-7,521,-12,78,46" /><INIT seed="7,0,0,0,2,93" ten="157,210,509,124" oya="3" hai0="30,122,103,97,72,118,111,102,73,109,29,20,126" hai1="96,21,124,48,36,57,131,130,6,12,59,121,120" hai2="10,88,38,77,83,82,129,4,119,70,52,101,79" hai3="66,23,13,44,89,32,35,47,1,85,27,5,134"/><W68/><G134/><T22/><D118/><U87/><E36/><V63/><F38/><W53/><G1/><T62/><D122/><U61/><E124/><V115/><F101/><W42/><G68/><T28/><D62/><U50/><E87/><V128/><F115/><W100/><G66/><T18/><D126/><U0/><E0/><V39/><F39/><W71/><G71/><T46/><D46/><U80/><E80/><V14/><F119/><W43/><G100/><N who="0" m="38443" /><D18/><N who="1" m="10439" /><E6/><V116/><F116/><W2/><G2/><T37/><D97/><U40/><E59/><N who="2" m="35303" /><F88/><W76/><G76/><N who="2" m="29257" /><F70/><W110/><G110/><N who="0" m="41995" /><D37/><U91/><E120/><V86/><F86/><W112/><G112/><T60/><D60/><U135/><E121/><V65/><F65/><W105/><G105/><T117/><D117/><U81/><E135/><V45/><F45/><N who="3" m="17483" /><G35/><T108/><D108/><U49/><E40/><V127/><F127/><W74/><G32/><T19/><D19/><U75/><E75/><AGARI ba="0,0" hai="20,22,28,29,30,72,73,75" m="41995,38443" machi="75" ten="40,2600,0" yaku="28,2" doraHai="93" who="0" fromWho="1" sc="157,26,210,-26,509,0,124,0" owari="183,-21.7,184,-1.6,509,60.9,124,-37.6" /></mjloggm>