<mjloggm ver="2.3"><GO type="169" lobby="0"/><UN n0="%6B%6C%6F%6E%64%69%6B%65" n1="%E5%8F%97%E3%81%91%E5%85%A5%E3%82%8C%E9%87%8D%E8%A6%96" n2="%E8%BE%9B%E5%8F%A3%E3%82%AB%E3%83%AC%E3%83%BC%E3%83%A9%E3%82%A4%E3%82%B9" n3="%E5%B0%8F%E6%B1%A0%E7%BE%8E%E6%B3%A2%E2%8A%BF" dan="16,17,16,18" rate="2165.95,2171.38,2129.65,2214.45" sx="M,M,M,M"/><TAIKYOKU oya="0"/><INIT seed="0,0,0,1,5,64" ten="250,250,250,250" oya="0" hai0="63,96,76,89,44,56,62,24,109,72,48,112,59" hai1="14,22,122,20,131,69,31,119,11,65,135,75,16" hai2="21,127,100,41,34,0,15,95,126,23,50,120,4" hai3="36,7,26,18,91,80,51,103,66,27,102,17,42"/><T83/><D112/><U28/><E119/><V129/><F120/><W8/><G36/><T113/><D113/><U114/><E114/><V68/><F68/><W78/><G91/><T82/><D109/><U101/><E122/><V33/><F100/><W35/><G66/><N who="0" m="39239" /><D72/><U37/><E75/><V117/><F95/><W71/><G71/><T105/><D105/><U6/><E37/><V121/><F50/><W134/><G134/><T2/><D76/><U116/><E116/><V1/><F41/><W133/><G133/><T43/><D2/><N who="2" m="1130" /><F121/><W111/><G111/><T32/><D24/><U13/><E135/><V94/><F94/><W130/><G78/><T38/><D38/><U118/><E118/><V97/><F97/><W67/><G27/><T5/><D5/><U124/><E124/><N who="2" m="47659" /><F117/><W39/><G7/><T61/><D32/><N who="2" m="12394" /><F129/><W10/><G130/><T107/><D107/><U47/><E131/><V108/><F108/><W92/><G39/><T29/><D29/><U106/><E31/><V53/><F53/><W52/><G42/><T49/><D96/><U81/><E106/><V12/><F4/><W45/><G67/><T79/><D79/><U99/><E99/><V85/><F85/><W9/><G52/><N who="0" m="32135" /><D83/><U70/><E81/><V57/><F57/><W73/><G80/><T74/><D74/><U55/><E65/><V125/><F125/><W90/><G73/><T128/><D128/><U115/><E115/><V93/><F93/><W87/><G92/><T123/><D123/><U46/><E101/><V86/><F86/><AGARI ba="0,0" hai="43,44,49,61,63,82,86,89" m="32135,39239" machi="86" ten="30,2900,0" yaku="8,1,54,1" doraHai="64" who="0" fromWho="2" sc="250,29,250,0,250,-29,250,0" /><INIT seed="0,1,0,2,4,61" ten="279,250,221,250" oya="0" hai0="88,15,121,68,132,35,41,67,13,117,84,98,56" hai1="36,1,64,62,109,46,37,58,123,44,116,70,71" hai2="92,69,112,66,72,124,29,34,128,76,28,39,17" hai3="18,43,87,65,115,52,114,93,126,57,32,49,31"/><T11/><D68/><N who="1" m="42007" /><E1/><V103/><F112/><W125/><G32/><T26/><D121/><U107/><E107/><V42/><F128/><W134/><G31/><T102/><D117/><U80/><E80/><V74/><F124/><N who="3" m="47723" /><G18/><T108/><D132/><U55/><E123/><V86/><F39/><N who="1" m="14921" /><E109/><V96/><F42/><W85/><G134/><T47/><D108/><U81/><E81/><V14/><F86/><N who="3" m="32779" /><G93/><N who="0" m="58703" /><D26/><U53/><E116/><V106/><F92/><W110/><G110/><T48/><D11/><U75/><E75/><V22/><F76/><W30/><G30/><T10/><D35/><U131/><E131/><V25/><F29/><W38/><G65/><T111/><D111/><U5/><E5/><V130/><F130/><W45/><AGARI ba="1,0" hai="38,43,45,49,52,57,114,115" m="32779,47723" machi="45" ten="30,2000,0" yaku="18,1,54,1" doraHai="61" who="3" fromWho="3" sc="279,-11,250,-6,221,-6,250,23" /><INIT seed="1,0,0,4,4,76" ten="268,244,215,273" oya="1" hai0="89,1,81,79,104,4,38,23,73,64,98,69,133" hai1="46,61,52,36,28,111,41,35,53,9,60,78,120" hai2="12,131,7,94,14,67,6,11,105,26,0,33,83" hai3="72,50,85,5,130,66,114,51,45,44,3,96,91"/><U59/><E120/><V134/><F105/><W25/><G114/><T68/><D23/><U62/><E111/><V71/><F71/><W34/><G72/><T107/><D133/><U70/><E70/><V99/><F67/><W15/><G3/><T121/><D121/><U92/><E53/><V82/><F134/><W75/><G75/><T90/><D64/><U31/><E78/><V22/><F131/><W37/><G37/><T32/><D90/><U123/><E123/><V24/><F33/><W80/><G130/><T77/><D89/><U55/><E35/><V116/><F116/><W101/><G66/><T63/><D79/><U42/><E41/><V128/><F128/><W118/><G118/><T102/><D63/><U8/><E92/><V93/><F0/><W108/><G108/><T127/><D107/><U112/><E112/><V65/><F65/><W84/><G84/><T19/><D19/><U47/><E47/><V106/><F106/><W21/><G34/><T43/><D32/><U74/><E74/><V54/><F54/><W16/><G44/><N who="0" m="23671" /><D127/><U132/><E132/><V103/><F94/><N who="3" m="58519" /><G45/><T18/><D18/><U20/><E55/><V29/><F26/><W95/><G95/><T97/><D98/><U125/><E125/><V110/><F110/><W122/><G122/><T88/><D88/><U13/><E8/><RYUUKYOKU type="ron3" ba="0,0" sc="268,0,244,0,215,0,273,0" hai0="1,4,68,69,73,77,81,97,102,104" hai2="6,7,11,12,14,22,24,29,82,83,93,99,103" hai3="5,15,16,21,25,50,51,80,85,91" /><INIT seed="1,1,0,1,2,73" ten="268,244,215,273" oya="1" hai0="45,108,111,50,116,120,97,65,115,135,118,10,36" hai1="48,102,47,52,110,85,133,93,117,129,109,33,119" hai2="71,30,51,12,86,121,76,91,3,113,21,62,8" hai3="112,78,92,105,39,100,75,68,104,57,79,98,123"/><U7/><E129/><V132/><F121/><W134/><G68/><T66/><D97/><U27/><E7/><V16/><F132/><W14/><G39/><T96/><D96/><N who="1" m="59663" /><E133/><V46/><F113/><W40/><G123/><T32/><D32/><U13/><E13/><V101/><F101/><W70/><G70/><T99/><D99/><U72/><E72/><V38/><F38/><W63/><G112/><T20/><D10/><U88/><E27/><N who="2" m="16751" /><F71/><W95/><G40/><N who="0" m="22663" /><D20/><U114/><E33/><V89/><F62/><W87/><G14/><T54/><D120/><U106/><E106/><N who="3" m="41066" /><G63/><T83/><D83/><N who="1" m="49215" /><E114/><V37/><F37/><W49/><G49/><T74/><D74/><U81/><E81/><N who="2" m="47399" /><F3/><W124/><G75/><T122/><D115/><U6/><E6/><V55/><AGARI ba="1,0" hai="8,12,16,46,51,55,89,91" m="47399,16751" machi="55" ten="30,4000,0" yaku="8,1,52,1,54,1" doraHai="73" who="2" fromWho="2" sc="268,-11,244,-21,215,43,273,-11" /><INIT seed="2,0,0,0,4,132" ten="257,223,258,262" oya="2" hai0="129,61,43,9,89,27,42,113,124,63,105,45,99" hai1="71,127,34,93,49,4,131,106,20,84,57,97,60" hai2="94,18,100,87,66,130,46,52,101,72,114,47,33" hai3="12,102,16,92,31,109,0,50,59,117,40,25,108"/><V122/><F114/><W110/><G117/><T19/><D113/><U98/><E34/><V120/><F72/><W2/><G102/><T64/><D129/><U21/><E71/><V8/><F130/><W74/><G74/><T56/><D105/><U133/><E131/><V24/><F120/><W69/><G69/><T58/><D124/><U135/><E49/><N who="2" m="28727" /><F33/><W55/><G40/><T30/><D45/><U77/><E4/><V128/><F128/><W68/><G68/><T91/><D30/><U32/><E32/><V6/><F66/><W23/><REACH who="3" step="1"/><G92/><REACH who="3" ten="257,223,258,252" step="2"/><T121/><D42/><U134/><E106/><V115/><F100/><W86/><G86/><T85/><D43/><U70/><E70/><V104/><F104/><W7/><G7/><T13/><D121/><U111/><E93/><V95/><F122/><W41/><G41/><T75/><D75/><U62/><E84/><V90/><F6/><W26/><G26/><T125/><D27/><U82/><E134/><V11/><F95/><W80/><G80/><T83/><D99/><U38/><E97/><V53/><F101/><W126/><G126/><T107/><D125/><U14/><E98/><V36/><F115/><W118/><G118/><T67/><REACH who="0" step="1"/><D107/><REACH who="0" ten="247,223,258,252" step="2"/><U22/><E127/><V5/><F24/><W29/><G29/><T10/><D10/><AGARI ba="0,2" hai="0,2,10,12,16,23,25,31,50,55,59,108,109,110" machi="10" ten="40,5200,0" yaku="1,1,14,1,54,1,53,0" doraHai="132" doraHaiUra="79" who="3" fromWho="0" sc="247,-52,223,0,258,0,252,72" /><INIT seed="3,0,0,2,2,33" ten="195,223,258,324" oya="3" hai0="107,1,114,83,78,82,44,135,111,38,53,13,20" hai1="126,66,8,112,130,79,98,133,46,27,42,74,86" hai2="47,113,87,72,102,124,48,92,6,99,28,56,11" hai3="60,116,19,16,69,84,96,34,12,57,118,41,125"/><W77/><G69/><T64/><D107/><U36/><E112/><V80/><F124/><W25/><G125/><T121/><D121/><U40/><E126/><V123/><F123/><W95/><G41/><T129/><D114/><U132/><E74/><V65/><F113/><W39/><G39/><T127/><D64/><U106/><E130/><V100/><F72/><W9/><G77/><T68/><D68/><U4/><E40/><V32/><F32/><W93/><G84/><T122/><D38/><U115/><E115/><V85/><F28/><W131/><G131/><T88/><D129/><U104/><E66/><V15/><F100/><W70/><G70/><T91/><D1/><N who="1" m="15" /><E98/><V14/><F14/><W2/><G2/><T3/><D3/><U75/><E86/><V0/><F0/><W10/><G95/><T51/><D122/><U26/><E26/><V58/><F65/><W43/><G43/><T81/><D127/><U108/><E27/><V109/><F109/><W94/><G94/><T45/><D111/><U30/><E30/><V62/><F62/><W52/><G34/><T76/><D135/><N who="1" m="51787" /><E108/><V103/><F103/><W101/><REACH who="3" step="1"/><G25/><REACH who="3" ten="195,223,258,314" step="2"/><T59/><D76/><U7/><E7/><V110/><F87/><W73/><G73/><T117/><D78/><U119/><E119/><V24/><F24/><W35/><G35/><T61/><D117/><U50/><E50/><V49/><F110/><W89/><G89/><N who="0" m="34379" /><D51/><N who="2" m="19530" /><F47/><W37/><G37/><T90/><N who="0" m="34387" /><AGARI ba="0,1" hai="6,11,15,56,58,80,85,90,92,99,102" m="19530" machi="90" ten="30,2000,0" yaku="3,1,8,1" doraHai="33" who="2" fromWho="0" sc="195,-20,223,0,258,30,314,0" /><INIT seed="4,0,0,2,4,88" ten="175,223,288,314" oya="0" hai0="48,103,16,121,12,93,91,38,131,31,70,110,127" hai1="36,71,126,84,75,7,89,34,74,120,6,108,62" hai2="130,23,67,57,135,116,8,95,94,42,58,128,2" hai3="1,56,123,65,81,53,97,101,112,99,28,21,18"/><T134/><D121/><U100/><E108/><V64/><F42/><W50/><G1/><T17/><D38/><U122/><E36/><V10/><F135/><W90/><G112/><T83/><D70/><U30/><E100/><V114/><F114/><W115/><G115/><T24/><D134/><U25/><E126/><V61/><F23/><W119/><G119/><T85/><D127/><U73/><E122/><V133/><F133/><W104/><G123/><T9/><D110/><U32/><E34/><V59/><F116/><W45/><G28/><T41/><D131/><N who="2" m="50218" /><F2/><W26/><G65/><N who="2" m="25161" /><F61/><W117/><G117/><T54/><D41/><U124/><E124/><V11/><AGARI ba="0,0" hai="8,10,11,57,58,59,94,95" m="25161,50218" machi="11" ten="40,8000,1" yaku="28,2,19,1,52,2" doraHai="88" who="2" fromWho="2" sc="175,-40,223,-20,288,80,314,-20" /><INIT seed="5,0,0,4,2,26" ten="135,203,368,294" oya="1" hai0="81,72,1,31,44,124,60,79,64,33,76,75,109" hai1="21,67,15,93,91,108,25,22,50,86,77,42,71" hai2="63,54,69,39,30,105,116,36,89,10,125,73,70" hai3="68,51,132,115,46,48,96,5,78,122,114,9,59"/><U133/><E133/><V43/><F116/><W53/><G122/><T117/><D109/><U6/><E108/><V13/><F73/><W58/><G132/><T103/><D124/><U111/><E111/><V55/><F105/><W101/><G68/><T98/><D1/><U94/><E77/><V128/><F125/><W12/><G78/><T27/><D117/><U49/><E71/><V130/><F89/><W47/><G115/><T113/><D113/><U95/><E67/><N who="2" m="41215" /><F30/><W66/><G114/><T97/><D44/><N who="1" m="25751" /><E50/><V87/><F87/><W107/><REACH who="3" step="1"/><G66/><REACH who="3" ten="135,203,368,284" step="2"/><T106/><D98/><U38/><E38/><V126/><F70/><W4/><G4/><T11/><D64/><U41/><E6/><V123/><F39/><W61/><G61/><T119/><D60/><U57/><E41/><AGARI ba="0,1" hai="5,9,12,41,46,47,48,51,53,58,59,96,101,107" machi="41" ten="30,2000,0" yaku="1,1,7,1,53,0" doraHai="26" doraHaiUra="84" who="3" fromWho="1" sc="135,0,203,-20,368,0,284,30" /><INIT seed="6,0,0,4,3,103" ten="135,183,368,314" oya="2" hai0="127,67,0,58,79,126,7,9,37,19,76,63,6" hai1="18,49,134,97,1,82,107,83,44,15,42,86,109" hai2="123,90,132,128,95,3,131,98,35,77,106,87,36" hai3="96,38,56,27,43,33,91,24,52,39,62,4,115"/><V57/><F35/><W41/><G39/><T70/><D37/><U68/><E1/><V113/><F3/><W80/><G38/><T69/><D7/><U30/><E109/><V26/><F36/><W104/><G104/><T112/><D19/><U25/><E68/><V45/><F45/><W2/><G33/><T48/><D112/><U40/><E134/><V12/><F26/><N who="3" m="9771" /><G2/><T73/><D70/><U59/><E40/><N who="3" m="15434" /><G115/><T108/><D108/><U8/><E59/><V17/><F113/><W88/><G4/><T100/><D100/><U94/><E107/><V10/><F123/><W34/><G34/><T21/><D21/><N who="1" m="15663" /><E86/><V92/><F132/><W117/><G117/><T116/><D116/><U31/><E31/><V29/><F29/><W101/><G101/><AGARI ba="0,0" hai="8,15,18,42,44,49,82,83,94,97,101" m="15663" machi="101" ten="30,1000,0" yaku="8,1" doraHai="103" who="1" fromWho="3" sc="135,0,183,10,368,0,314,-10" /><INIT seed="7,0,0,0,4,81" ten="135,193,368,304" oya="3" hai0="11,2,59,48,135,30,38,117,52,109,111,19,9" hai1="7,98,24,96,100,88,8,50,126,63,60,64,43" hai2="119,27,101,1,10,89,26,61,49,28,128,57,25" hai3="46,85,44,86,21,122,129,12,72,29,67,114,66"/><W76/><G122/><T103/><D117/><U5/><E126/><V95/><F119/><W35/><G35/><T6/><D38/><U93/><E24/><V108/><F108/><W55/><G72/><T102/><D111/><U14/><E5/><V17/><F128/><W40/><G129/><T23/><D109/><U41/><E50/><V70/><F70/><W82/><G114/><T16/><D135/><U78/><E78/><V123/><F123/><W65/><G40/><T45/><D30/><U133/><E133/><V105/><F105/><W36/><G36/><T130/><D130/><U91/><E60/><V32/><F101/><W56/><G86/><T120/><D120/><U106/><REACH who="1" step="1"/><E91/><REACH who="1" ten="135,183,368,304" step="2"/><V97/><F49/><N who="3" m="30831" /><G12/><T132/><D132/><U127/><E127/><V18/><F27/><AGARI ba="0,1" hai="21,27,29,44,46,65,66,67,76,82,85" m="30831" machi="27" ten="30,2900,0" yaku="8,1,52,1" doraHai="81" who="3" fromWho="2" sc="135,0,183,0,368,-29,304,39" owari="135,-36.5,183,-21.7,339,13.9,343,44.3" /></mjloggm>