<mjloggm ver="2.3"><GO type="169" lobby="0"/><UN n0="%E3%81%82%E3%81%84%E3%81%93%E3%81%99" n1="%E6%A9%9F%E7%8E%87%E4%B9%8B%E9%96%80%E7%9A%84%E4%BF%A1%E5%BE%92" n2="%E8%82%89%E5%9B%A3%E5%AD%90%E5%85%88%E7%94%9F" n3="%56%45%54%54%45%4C" dan="16,16,16,17" rate="2151.01,2110.41,2041.86,2163.66" sx="M,M,M,M"/><TAIKYOKU oya="0"/><INIT seed="0,0,0,5,4,88" ten="250,250,250,250" oya="0" hai0="32,130,42,84,113,35,76,101,52,5,47,7,49" hai1="131,56,120,37,111,67,30,9,65,59,18,60,43" hai2="116,6,15,44,91,114,11,75,83,16,96,86,46" hai3="45,57,27,10,72,13,110,118,128,39,34,24,105"/><T94/><D113/><U40/><E120/><V2/><F114/><W89/><G118/><T38/><D130/><U48/><E131/><V61/><F116/><W31/><G128/><T55/><D35/><U134/><E30/><V123/><F123/><W69/><G69/><T98/><D32/><U132/><E9/><V51/><F75/><W66/><G105/><T63/><D63/><N who="1" m="38119" /><E18/><V93/><F51/><W103/><G72/><T33/><D33/><U29/><E29/><V109/><F61/><W71/><G71/><T119/><D119/><U90/><E90/><V78/><REACH who="2" step="1"/><F109/><REACH who="2" ten="250,250,240,250" step="2"/><W73/><G73/><T8/><D38/><U127/><E111/><V77/><F77/><W74/><G74/><T99/><D5/><U108/><E108/><V104/><F104/><W23/><G110/><T0/><D76/><U80/><E37/><V82/><F82/><W25/><G39/><T124/><D124/><U53/><E80/><V133/><F133/><N who="1" m="51305" /><E127/><V135/><F135/><W50/><G34/><T54/><REACH who="0" step="1"/><D84/><REACH who="0" ten="240,250,240,250" step="2"/><U122/><E122/><V117/><F117/><W41/><G50/><T28/><D28/><U87/><E87/><V92/><F92/><W79/><G31/><T85/><D85/><U125/><E125/><V17/><F17/><W68/><G79/><T126/><D126/><U95/><E95/><V64/><F64/><W81/><G66/><T106/><D106/><U26/><E48/><V22/><AGARI ba="0,2" hai="2,6,11,15,16,22,44,46,78,83,86,91,93,96" machi="22" ten="20,12000,2" yaku="1,1,0,1,7,1,52,1,54,1,53,1" doraHai="88" doraHaiUra="19" who="2" fromWho="2" sc="240,-60,250,-30,240,140,250,-30" /><INIT seed="1,0,0,4,1,11" ten="180,220,380,220" oya="1" hai0="116,105,0,58,127,89,63,2,133,96,37,40,72" hai1="74,80,100,124,78,70,130,62,10,117,121,39,64" hai2="73,23,1,69,18,7,16,135,31,20,48,47,26" hai3="44,132,86,60,106,49,75,128,98,13,6,53,95"/><U66/><E117/><V35/><F73/><W68/><G75/><T71/><D116/><U134/><E121/><V32/><F69/><W131/><G132/><T79/><D133/><U24/><E134/><V110/><F135/><W92/><G106/><T19/><D71/><U57/><E124/><V101/><F101/><W90/><G68/><T77/><D127/><U4/><E130/><N who="3" m="49706" /><G60/><T83/><D79/><U28/><E100/><V111/><F1/><W125/><G125/><T29/><D29/><U5/><E5/><V93/><F7/><W22/><G6/><T45/><D105/><U81/><E81/><V84/><F84/><W3/><G3/><T67/><D96/><U65/><E39/><V76/><F93/><N who="3" m="54487" /><G98/><T120/><D89/><U55/><E70/><V56/><F76/><W34/><G34/><T112/><D112/><U42/><E42/><V97/><F97/><W27/><G13/><T126/><D126/><U82/><E78/><V12/><F56/><W43/><G43/><T87/><D120/><U85/><E85/><V15/><F35/><W123/><G123/><T119/><D119/><U99/><E74/><V109/><F109/><W36/><G36/><T51/><D37/><U17/><E99/><V104/><F104/><W91/><G91/><T114/><D114/><U59/><E59/><V46/><F46/><W30/><AGARI ba="0,0" hai="22,27,30,44,49,53,92,95" m="54487,49706" machi="30" ten="30,1100,0" yaku="19,1" doraHai="11" who="3" fromWho="3" sc="180,-3,220,-5,380,-3,220,11" /><INIT seed="2,0,0,0,3,23" ten="177,215,377,231" oya="2" hai0="124,86,55,28,106,74,25,58,4,46,73,104,76" hai1="98,13,71,97,80,116,132,126,37,101,32,60,18" hai2="26,88,24,38,122,111,133,61,69,96,1,112,40" hai3="131,9,11,50,135,29,33,68,115,22,42,45,107"/><V127/><F112/><W121/><G115/><T15/><D124/><U129/><E116/><V70/><F122/><W110/><G121/><T17/><D4/><U77/><E126/><V7/><F133/><W27/><G135/><T62/><D74/><U53/><E132/><V48/><F38/><W130/><G110/><T109/><D73/><U0/><E37/><V72/><F72/><W105/><G68/><T30/><D30/><U125/><E125/><V108/><F1/><W31/><G31/><T64/><D109/><N who="2" m="42058" /><F7/><W57/><G33/><T93/><D46/><U92/><E32/><V75/><F75/><W66/><G66/><T114/><D64/><U118/><E118/><V94/><F127/><W20/><G20/><T67/><D67/><U120/><E120/><V59/><F69/><W14/><G57/><T56/><D58/><N who="1" m="34895" /><E0/><V89/><F89/><W113/><G113/><T10/><D114/><U90/><E71/><V95/><F95/><W100/><G100/><T16/><D17/><U36/><E36/><V65/><F70/><W51/><G105/><T78/><D106/><U12/><E101/><V99/><F99/><W103/><G103/><T84/><D104/><U83/><E97/><V19/><F19/><N who="3" m="8671" /><G107/><T117/><D117/><U52/><E98/><V44/><AGARI ba="0,0" hai="24,26,40,44,48,59,61,65,88,94,96" m="42058" machi="44" ten="30,12000,1" yaku="14,1,10,1,52,2,54,1" doraHai="23" who="2" fromWho="2" sc="177,-40,215,-40,377,120,231,-40" /><INIT seed="2,1,0,4,3,108" ten="137,175,497,191" oya="2" hai0="104,16,123,103,39,28,52,133,87,4,45,60,83" hai1="43,128,27,65,11,51,89,111,72,81,63,125,59" hai2="101,119,8,112,107,36,76,20,122,57,115,95,109" hai3="53,73,6,29,48,120,44,50,42,132,34,49,14"/><V91/><F119/><W19/><G73/><T38/><D123/><U69/><E111/><V17/><F122/><W134/><G120/><T92/><D104/><U54/><E128/><V67/><F36/><W127/><G127/><T98/><D133/><N who="3" m="51305" /><G6/><T15/><D4/><U94/><E125/><V12/><F76/><W110/><G110/><T46/><D28/><U117/><E117/><V75/><F75/><W99/><G99/><T78/><D39/><U2/><E27/><V32/><F32/><W21/><G42/><T22/><D38/><U37/><E11/><V77/><F77/><W84/><G84/><T74/><D74/><U102/><E2/><V126/><F126/><W113/><G113/><T40/><D40/><U13/><E13/><V114/><F109/><W79/><G79/><T61/><D61/><U25/><E25/><AGARI ba="1,0" hai="14,19,21,25,29,34,44,48,49,50,53" m="51305" machi="25" ten="30,1000,0" yaku="20,1" doraHai="108" who="3" fromWho="1" sc="137,0,175,-13,497,0,191,13" /><INIT seed="3,0,0,2,3,61" ten="137,162,497,204" oya="3" hai0="87,23,88,96,38,48,45,119,42,46,99,97,92" hai1="67,128,118,104,114,57,124,102,56,37,70,11,82" hai2="16,62,86,5,121,58,107,66,25,120,72,110,49" hai3="32,105,0,68,55,106,79,53,71,94,101,133,44"/><W91/><G0/><T123/><D119/><U60/><E114/><V109/><F107/><W80/><G32/><T22/><REACH who="0" step="1"/><D123/><REACH who="0" ten="127,162,497,204" step="2"/><U127/><E118/><V47/><F121/><W116/><G116/><T20/><D20/><U54/><E127/><V12/><F120/><W27/><G133/><T40/><AGARI ba="0,1" hai="22,23,38,40,42,45,46,48,87,88,92,96,97,99" machi="40" ten="30,8000,1" yaku="1,1,0,1,54,1,53,2" doraHai="61" doraHaiUra="19" who="0" fromWho="0" sc="127,90,162,-20,497,-20,204,-40" /><INIT seed="4,0,0,5,5,69" ten="217,142,477,164" oya="0" hai0="83,2,70,124,13,115,24,32,75,4,59,97,50" hai1="12,20,127,42,63,5,31,45,3,129,61,88,94" hai2="72,73,15,33,51,113,35,101,65,108,84,85,21" hai3="67,28,119,132,135,79,26,71,123,43,105,29,98"/><T131/><D70/><U107/><E107/><V11/><F108/><W80/><G119/><T87/><D115/><U118/><E118/><V53/><F101/><N who="3" m="62647" /><G123/><T95/><D131/><U81/><E129/><V130/><F65/><W104/><G104/><T102/><D75/><U114/><E114/><V64/><F64/><W40/><G29/><T62/><D2/><U41/><E41/><V126/><F113/><W125/><G125/><T37/><D37/><U27/><E3/><V55/><F21/><W19/><G19/><T8/><D50/><U25/><E81/><V122/><F51/><W133/><G67/><T16/><D124/><U77/><E77/><V82/><F130/><W74/><G71/><T22/><D32/><AGARI ba="0,0" hai="26,28,32,40,43,74,79,80,132,133,135" m="62647" machi="32" ten="30,1000,0" yaku="20,1" doraHai="69" who="3" fromWho="0" sc="217,-10,142,0,477,0,164,10" /><INIT seed="5,0,0,3,3,121" ten="207,142,477,174" oya="1" hai0="106,7,83,46,61,59,23,14,25,126,111,70,15" hai1="32,84,108,109,39,20,133,52,37,16,130,93,134" hai2="57,11,86,74,64,1,51,129,113,120,79,69,48" hai3="44,122,19,89,30,33,36,80,103,127,72,104,78"/><U95/><E32/><V42/><F120/><W87/><G122/><T54/><D126/><U43/><E130/><V5/><F129/><W65/><G127/><T67/><D106/><U40/><E52/><V97/><F74/><W49/><G36/><T75/><D46/><U10/><E10/><V112/><F69/><W91/><G65/><T60/><D7/><U123/><E123/><V82/><F97/><W110/><G110/><N who="1" m="42602" /><E39/><V71/><F71/><W8/><G30/><T41/><D41/><N who="1" m="15947" /><E37/><V92/><F42/><W6/><G33/><T62/><D111/><U28/><E28/><V73/><F48/><W9/><G19/><T85/><D61/><U24/><E84/><V68/><F51/><W26/><G9/><T99/><D75/><U76/><E76/><V35/><F73/><W22/><G72/><T27/><D62/><U116/><E116/><V115/><F35/><W125/><G125/><T98/><D85/><U55/><E55/><V53/><F53/><N who="3" m="29863" /><G8/><T45/><D54/><U34/><E34/><V18/><F86/><W119/><G119/><T3/><D60/><U81/><E81/><V132/><F82/><W118/><G118/><T58/><D83/><U38/><E38/><V135/><F79/><W77/><G78/><T131/><D131/><U13/><E13/><V56/><F11/><W90/><G6/><T4/><D4/><U2/><E2/><V47/><F5/><W114/><G77/><T100/><D3/><U29/><E29/><V63/><F63/><W105/><G80/><T50/><D14/><U66/><E66/><V128/><F64/><RYUUKYOKU ba="0,0" sc="207,-10,142,30,477,-10,174,-10" hai1="16,20,24,93,95,133,134" /><INIT seed="5,1,0,1,1,22" ten="197,172,467,164" oya="1" hai0="110,105,79,132,121,86,2,40,16,114,83,5,101" hai1="87,71,24,0,93,36,6,69,7,42,19,76,66" hai2="11,109,63,133,47,95,3,34,39,96,4,84,98" hai3="134,57,107,17,135,124,31,53,116,1,81,26,29"/><U123/><E123/><V120/><F109/><W130/><G116/><T99/><D110/><U108/><E108/><V122/><F34/><W90/><G107/><T51/><D121/><U100/><E100/><V77/><F133/><N who="3" m="50699" /><G1/><T49/><D132/><U48/><E36/><V46/><F46/><W45/><G124/><T20/><D114/><U35/><E66/><V15/><F3/><W89/><G130/><T54/><D40/><U33/><E33/><V73/><F73/><W55/><G45/><T30/><D30/><N who="3" m="11273" /><G81/><T64/><D64/><U56/><E35/><V103/><F98/><W23/><G55/><T8/><REACH who="0" step="1"/><D54/><REACH who="0" ten="187,172,467,164" step="2"/><N who="1" m="31815" /><E42/><V13/><F120/><W62/><AGARI ba="1,1" hai="17,23,26,53,57,62,89,90" m="11273,50699" machi="62" ten="30,2000,0" yaku="20,1,52,1" doraHai="22" who="3" fromWho="3" sc="187,-6,172,-11,467,-6,164,33" /><INIT seed="6,0,0,2,0,61" ten="181,161,461,197" oya="2" hai0="4,89,1,102,67,109,11,106,7,111,110,16,74" hai1="124,79,48,75,96,36,85,51,133,53,92,121,131" hai2="49,94,116,105,115,47,82,78,71,129,20,41,33" hai3="70,103,15,5,44,39,130,72,52,91,56,54,50"/><V25/><F115/><W127/><G72/><T24/><D74/><U58/><E36/><V19/><F105/><W83/><G70/><T46/><D7/><U132/><E75/><V84/><F116/><W118/><G118/><T90/><D102/><U35/><E35/><V2/><F2/><W98/><G39/><T128/><D106/><U108/><E108/><V107/><F107/><W14/><G5/><T120/><D120/><U27/><E27/><V23/><F33/><W22/><G127/><T113/><D113/><U104/><E124/><V12/><F71/><W134/><G130/><T9/><D46/><U69/><E69/><V38/><F129/><W34/><G34/><T0/><D0/><U65/><E131/><V81/><F38/><W126/><G134/><N who="1" m="51818" /><E104/><V59/><F59/><W32/><G32/><T21/><D11/><U97/><E121/><V80/><F94/><N who="3" m="58839" /><G22/><T114/><D114/><U26/><E26/><V88/><F78/><W60/><G126/><T10/><D10/><U93/><E51/><V125/><F125/><W28/><G28/><AGARI ba="0,0" hai="12,19,20,23,25,28,41,47,49,80,81,82,84,88" machi="28" ten="30,5800,0" yaku="7,1,8,1,54,1" doraHai="61" who="2" fromWho="3" sc="181,0,161,0,461,58,197,-58" /><INIT seed="6,1,0,5,3,92" ten="181,161,519,139" oya="2" hai0="91,70,10,120,130,23,118,6,53,36,122,4,132" hai1="24,20,106,35,117,104,99,43,114,72,74,13,33" hai2="3,87,97,17,127,18,50,8,78,102,133,16,22" hai3="115,116,94,42,27,34,95,55,105,48,25,83,96"/><V125/><F133/><W121/><G116/><T40/><D70/><U47/><E117/><V77/><F3/><W68/><G121/><T113/><D40/><U54/><E54/><V64/><F64/><W63/><G115/><T135/><D53/><U98/><E13/><V12/><F50/><W69/><G105/><N who="1" m="40554" /><E20/><V5/><F87/><W59/><G83/><T123/><D36/><U44/><E24/><V58/><F58/><W11/><G11/><T84/><D118/><U61/><E61/><V19/><F78/><W107/><G107/><T89/><D113/><U93/><E93/><N who="2" m="58671" /><F77/><W49/><G68/><T73/><D123/><U126/><E43/><V124/><F5/><W134/><G69/><T71/><D71/><U9/><E9/><AGARI ba="1,0" hai="8,9,12,16,17,18,19,22,124,125,127" m="58671" machi="9" ten="40,7700,0" yaku="18,1,52,1,54,1" doraHai="92" who="2" fromWho="1" sc="181,0,161,-80,519,80,139,0" /><INIT seed="6,2,0,4,3,63" ten="181,81,599,139" oya="2" hai0="113,134,55,120,1,52,0,102,24,42,135,23,119" hai1="60,80,87,34,86,126,97,15,116,92,14,8,121" hai2="49,46,104,78,21,83,30,118,69,12,73,2,28" hai3="76,5,53,38,79,117,95,75,32,25,47,91,123"/><V51/><F2/><W36/><G123/><T61/><D120/><U114/><E121/><V29/><F69/><W128/><G117/><T103/><D119/><U68/><E116/><V77/><F104/><W58/><G128/><T39/><D113/><U130/><E114/><V111/><F78/><W132/><G132/><N who="0" m="50731" /><D42/><U112/><E112/><V100/><F118/><W74/><G5/><T50/><D39/><U98/><E130/><V18/><F100/><N who="0" m="38442" /><D61/><U4/><E34/><V37/><F111/><W54/><G32/><T17/><D55/><U93/><E126/><V31/><F37/><W9/><G54/><T110/><D110/><U56/><E68/><V70/><F70/><W81/><G38/><T108/><D108/><U43/><E43/><V115/><F115/><W44/><G36/><T64/><D64/><N who="1" m="38919" /><E15/><V122/><F122/><W96/><G25/><T94/><D94/><N who="1" m="36459" /><E87/><V129/><F129/><W27/><G27/><T59/><AGARI ba="2,0" hai="0,1,17,23,24,50,52,59" m="38442,50731" machi="59" ten="30,2000,0" yaku="20,1,54,1" doraHai="63" who="0" fromWho="0" sc="181,26,81,-7,599,-12,139,-7" /><INIT seed="7,0,0,0,4,69" ten="207,74,587,132" oya="3" hai0="16,77,120,24,62,114,20,96,32,41,0,65,133" hai1="99,34,37,83,108,43,14,26,109,91,30,27,106" hai2="25,22,103,4,134,48,128,88,126,129,93,47,1" hai3="31,38,10,112,102,52,74,107,67,104,72,44,115"/><W82/><G67/><T125/><D120/><U89/><E27/><V100/><F126/><W80/><G31/><T19/><D125/><U110/><E14/><V135/><F1/><W36/><G10/><T39/><D0/><U64/><E64/><V21/><F4/><W54/><G44/><T66/><D133/><N who="2" m="50698" /><F100/><AGARI ba="0,0" hai="36,38,52,54,72,74,80,82,100,102,104,107,112,115" machi="100" ten="25,12000,1" yaku="22,2,52,2,54,1" doraHai="69" who="3" fromWho="2" sc="207,0,74,0,587,-120,132,120" /><INIT seed="7,1,0,1,0,67" ten="207,74,467,252" oya="3" hai0="8,21,43,134,63,44,66,54,99,73,83,97,89" hai1="15,39,68,14,125,123,127,110,59,28,30,22,2" hai2="101,115,82,91,58,17,74,48,80,60,117,113,102" hai3="120,62,37,111,6,86,105,56,65,69,24,96,124"/><W72/><G120/><T23/><D134/><U13/><E59/><V95/><F117/><W118/><G72/><T46/><D8/><U81/><E81/><V100/><F48/><W64/><G118/><T52/><D73/><U5/><E39/><V133/><F17/><W18/><G37/><T11/><D11/><U45/><E45/><V84/><F133/><W130/><G6/><T90/><D83/><U41/><E41/><V49/><F49/><W103/><G130/><T78/><D66/><U4/><E123/><V12/><F12/><W92/><G124/><N who="1" m="47690" /><E22/><V93/><F93/><W25/><G65/><T35/><D35/><U20/><E20/><V135/><F135/><W53/><G64/><T75/><D75/><U79/><E79/><V32/><F32/><W129/><G56/><T87/><D63/><U119/><E119/><V40/><F74/><W116/><G62/><T71/><D87/><U70/><E110/><V31/><F60/><W33/><G86/><T109/><D78/><U122/><E2/><V94/><F58/><W85/><G116/><T76/><D76/><U9/><E122/><V55/><F40/><W132/><G111/><T16/><D43/><U1/><E1/><V112/><F55/><W88/><G53/><T34/><D34/><U3/><E5/><V77/><F31/><W104/><G33/><T50/><D50/><U36/><E36/><V107/><F107/><W26/><G105/><T10/><D109/><U7/><E7/><V27/><F77/><W0/><G104/><T126/><D126/><U106/><E106/><V51/><F84/><RYUUKYOKU ba="1,0" sc="207,-10,74,30,467,-10,252,-10" hai1="3,4,9,13,14,15,28,30,68,70" owari="197,-20.3,104,-39.6,457,55.7,242,4.2" /></mjloggm>