<mjloggm ver="2.3"><GO type="169" lobby="0"/><UN n0="%E6%A9%9F%E7%8E%87%E4%B9%8B%E9%96%80%E7%9A%84%E4%BF%A1%E5%BE%92" n1="%E7%8A%AC%E5%B1%B1" n2="%E8%82%89%E5%9B%A3%E5%AD%90%E5%85%88%E7%94%9F" n3="%E6%9E%95%E9%AD%9A" dan="16,16,16,16" rate="2113.44,2054.64,2069.55,2099.39" sx="M,M,M,F"/><TAIKYOKU oya="0"/><INIT seed="0,0,0,5,5,74" ten="250,250,250,250" oya="0" hai0="87,107,52,0,85,68,86,121,119,132,102,6,91" hai1="32,130,67,122,118,83,84,113,66,63,108,12,126" hai2="92,11,55,25,22,7,19,80,100,131,124,59,94" hai3="3,23,133,112,109,50,115,117,38,10,51,53,114"/><T44/><D119/><U89/><E32/><V71/><F131/><W5/><G38/><T20/><D121/><U24/><E122/><V42/><F124/><W75/><G117/><T56/><D68/><U106/><E106/><V9/><F71/><W14/><G75/><T90/><D132/><U135/><E24/><V127/><F42/><W116/><G116/><T125/><D125/><U70/><E12/><V47/><F47/><W2/><G51/><T35/><D35/><U77/><E113/><V129/><F129/><W128/><G128/><T48/><D20/><U88/><E108/><V57/><F57/><W78/><G78/><T49/><D102/><U99/><E126/><V39/><F39/><W26/><G133/><T69/><D107/><U45/><E67/><V17/><F100/><W40/><G40/><T15/><D0/><U60/><E60/><V73/><F73/><W110/><G50/><T103/><D103/><U1/><E1/><N who="3" m="10" /><G53/><N who="0" m="31783" /><D69/><U72/><E130/><V93/><F55/><W16/><AGARI ba="0,0" hai="5,10,14,16,23,26,109,110,112,114,115" m="10" machi="16" ten="40,5200,0" yaku="34,2,54,1" doraHai="74" who="3" fromWho="3" sc="250,-26,250,-13,250,-13,250,52" /><INIT seed="1,0,0,2,0,57" ten="224,237,237,302" oya="1" hai0="9,3,53,48,69,29,129,49,39,105,83,0,104" hai1="35,40,60,77,82,110,100,107,114,90,128,131,95" hai2="113,125,6,121,15,32,42,134,7,72,2,50,108" hai3="25,98,92,88,127,67,31,124,37,120,47,101,54"/><U20/><E35/><V52/><F121/><W51/><G120/><T68/><D39/><U65/><E114/><V109/><F113/><W122/><G122/><T102/><D29/><U76/><E40/><V59/><F72/><W43/><G67/><T21/><D21/><U12/><E100/><V33/><F134/><W80/><G80/><T16/><D83/><U130/><E107/><V91/><F125/><W46/><REACH who="3" step="1"/><G101/><REACH who="3" ten="224,237,237,292" step="2"/><T119/><D102/><U126/><E126/><V118/><F109/><W23/><AGARI ba="0,1" hai="23,25,31,37,43,46,47,51,54,88,92,98,124,127" machi="23" ten="30,8000,1" yaku="1,1,2,1,0,1,54,1,53,1" doraHai="57" doraHaiUra="36" who="3" fromWho="3" sc="224,-20,237,-40,237,-20,292,90" /><INIT seed="2,0,0,2,3,21" ten="204,197,217,382" oya="2" hai0="23,128,92,9,81,10,86,45,115,87,121,51,25" hai1="7,78,2,5,117,84,12,8,63,130,127,65,32" hai2="57,46,56,105,97,75,131,42,0,1,100,118,28" hai3="35,58,102,135,113,62,106,69,27,26,70,125,59"/><V30/><F118/><W4/><G4/><T116/><D121/><U61/><E117/><V19/><F75/><W101/><G35/><T66/><D116/><U53/><E130/><V39/><F131/><W89/><G89/><N who="0" m="53303" /><D66/><U112/><E127/><V110/><F19/><W85/><G85/><T120/><D120/><U79/><E112/><V114/><F114/><W98/><G113/><T90/><D128/><U37/><E37/><V124/><F124/><W132/><G98/><T47/><D115/><U80/><E32/><V17/><F17/><W22/><G22/><T129/><D129/><U54/><E78/><V50/><F110/><W95/><G95/><T11/><D51/><U71/><REACH who="1" step="1"/><E61/><REACH who="1" ten="204,187,217,382" step="2"/><V43/><F39/><W103/><G125/><T41/><D41/><U122/><E122/><V91/><F42/><W76/><G76/><T31/><AGARI ba="0,1" hai="9,10,11,23,25,31,45,47,81,87,90" m="53303" machi="31" ten="30,2000,0" yaku="8,1,52,1" doraHai="21" who="0" fromWho="0" sc="204,30,187,-5,217,-10,382,-5" /><INIT seed="3,0,0,0,5,39" ten="234,182,207,377" oya="3" hai0="49,34,35,73,48,106,105,133,40,113,57,23,6" hai1="55,12,59,31,43,20,99,1,29,75,38,53,83" hai2="109,72,71,28,51,86,33,15,46,93,96,24,18" hai3="68,127,88,30,116,94,119,47,91,82,107,101,63"/><W67/><G127/><T124/><D124/><U41/><E1/><V80/><F109/><W21/><G107/><T90/><D73/><U58/><E38/><V8/><F71/><W11/><G101/><T78/><D78/><U9/><E75/><V17/><F72/><W61/><G11/><T19/><D6/><U74/><E74/><V128/><F128/><W25/><G82/><T98/><D133/><U70/><E70/><V95/><F18/><W130/><G130/><T50/><D105/><U111/><E83/><V102/><F95/><W118/><G63/><T131/><D131/><U115/><E115/><V32/><F32/><W16/><G47/><N who="0" m="25703" /><D34/><U97/><E20/><V36/><F36/><W37/><G37/><T77/><D35/><U126/><E126/><V64/><F64/><W108/><G108/><T114/><D77/><U54/><E111/><V13/><F13/><W42/><G42/><N who="1" m="15882" /><E12/><V27/><F27/><W104/><G104/><T66/><D106/><U100/><E9/><V26/><F26/><W69/><G69/><T103/><D23/><U4/><E4/><V62/><F33/><W125/><G125/><T14/><D14/><U3/><E3/><V79/><F15/><W122/><G116/><T87/><D113/><U89/><E100/><V76/><F102/><W65/><G118/><T120/><D114/><U2/><E2/><V10/><F80/><W52/><G119/><T110/><D110/><U117/><E117/><V92/><F24/><W132/><G68/><T112/><D112/><U121/><E121/><V7/><F7/><W5/><G5/><RYUUKYOKU ba="0,0" sc="234,0,182,0,207,0,377,0" /><INIT seed="4,1,0,1,0,131" ten="234,182,207,377" oya="0" hai0="117,74,72,77,40,61,100,70,84,98,126,102,2" hai1="95,33,52,88,132,47,114,62,134,10,6,118,63" hai2="51,34,112,96,44,81,26,64,55,92,111,43,30" hai3="80,48,129,56,101,21,113,106,130,18,46,16,133"/><T97/><D117/><U22/><E33/><V58/><F111/><W49/><G113/><T7/><D40/><U53/><E118/><V128/><F128/><W125/><G101/><T94/><D2/><U79/><E79/><V107/><F107/><W17/><G106/><N who="0" m="63759" /><D7/><U119/><E22/><V122/><F122/><W36/><G17/><T0/><D61/><N who="1" m="23051" /><E47/><V115/><F81/><W71/><G18/><T66/><D66/><U45/><E45/><V50/><REACH who="2" step="1"/><F64/><REACH who="2" ten="234,182,197,377" step="2"/><W104/><G80/><N who="0" m="47119" /><D70/><U87/><E114/><V65/><F65/><W29/><G71/><T13/><D0/><N who="1" m="327" /><E119/><V27/><F27/><W75/><G130/><T11/><D13/><U85/><E85/><V35/><F35/><W67/><G67/><T89/><D11/><U28/><E28/><V83/><F83/><W42/><G29/><T60/><D60/><U82/><E82/><V8/><F8/><W41/><G129/><T20/><D20/><U57/><E57/><V91/><AGARI ba="1,1" hai="26,30,34,43,44,50,51,55,58,91,92,96,112,115" machi="91" ten="30,2000,0" yaku="1,1,0,1,53,0" doraHai="131" doraHaiUra="19" who="2" fromWho="2" sc="234,-11,182,-6,197,33,377,-6" /><INIT seed="5,0,0,1,2,10" ten="223,176,230,371" oya="1" hai0="53,47,29,11,121,135,13,104,20,120,60,64,39" hai1="113,27,132,26,49,5,100,110,57,114,97,69,85" hai2="88,122,118,24,75,21,43,54,116,127,7,18,130" hai3="50,46,15,40,123,63,59,45,98,55,77,74,1"/><U95/><E69/><V134/><F122/><N who="0" m="47210" /><D104/><U96/><E132/><V106/><F106/><W25/><G123/><T80/><D80/><U91/><E110/><V56/><F43/><W37/><G1/><T76/><D76/><U109/><E109/><V2/><F75/><W72/><G77/><T71/><D135/><U16/><E5/><V86/><F130/><W30/><G98/><T87/><D87/><U19/><E49/><V131/><F131/><W79/><G79/><T119/><D119/><U36/><E57/><V61/><F134/><W103/><G103/><T115/><D115/><N who="1" m="44043" /><E36/><V73/><F127/><W65/><G15/><T93/><D39/><U70/><E70/><V133/><F73/><W82/><G82/><T23/><D29/><U14/><E19/><V31/><F133/><W44/><G45/><T107/><D107/><N who="1" m="63879" /><E97/><V78/><F18/><W3/><G3/><T4/><D93/><U38/><E38/><V84/><F2/><W90/><G90/><T28/><D28/><U48/><E48/><AGARI ba="0,0" hai="4,11,13,20,23,47,48,53,60,64,71" m="47210" machi="48" ten="30,2000,0" yaku="13,1,52,1" doraHai="10" who="0" fromWho="1" sc="223,20,176,-20,230,0,371,0" /><INIT seed="6,0,0,5,2,100" ten="243,156,230,371" oya="2" hai0="81,21,0,89,101,13,44,113,98,88,97,15,4" hai1="77,103,2,24,1,108,114,127,86,131,128,130,62" hai2="27,105,18,31,133,45,22,51,47,110,122,94,8" hai3="102,120,20,25,41,42,38,7,107,9,121,85,58"/><V39/><F122/><W91/><G107/><T61/><D0/><U16/><E108/><V125/><F105/><W76/><G102/><T119/><D113/><U37/><E37/><V83/><F133/><W106/><G106/><T46/><D119/><U11/><E114/><V35/><F125/><W43/><G76/><T95/><D61/><U80/><E127/><V55/><F94/><W79/><G79/><T132/><D132/><U126/><E126/><V109/><F83/><W112/><G58/><T50/><D81/><U19/><E103/><V134/><F134/><W73/><G73/><T10/><D97/><U49/><E62/><V92/><F92/><W66/><G66/><T123/><D46/><U117/><E117/><V26/><F8/><W14/><G38/><T3/><D3/><U93/><E93/><V53/><F39/><W118/><G118/><T12/><D12/><U67/><E67/><V54/><REACH who="2" step="1"/><F47/><REACH who="2" ten="243,156,220,371" step="2"/><W23/><G112/><T71/><D123/><U6/><E1/><V124/><F124/><W28/><G120/><T17/><REACH who="0" step="1"/><D71/><REACH who="0" ten="233,156,220,371" step="2"/><U116/><E116/><V29/><F29/><W104/><G28/><T36/><D36/><U69/><E69/><V48/><F48/><W72/><G121/><T60/><D60/><U33/><E49/><V34/><F34/><W64/><G9/><T129/><D129/><U74/><E74/><V56/><F56/><W70/><G72/><T30/><D30/><AGARI ba="0,2" hai="2,6,11,16,19,24,30,33,77,80,86,128,130,131" machi="30" ten="40,2600,0" yaku="19,1,54,1" doraHai="100" who="1" fromWho="0" sc="233,-26,156,46,220,0,371,0" /><INIT seed="7,0,0,2,2,29" ten="207,202,220,371" oya="3" hai0="80,82,91,41,116,134,101,122,115,49,22,118,26" hai1="1,6,58,4,0,78,88,106,25,104,48,2,125" hai2="127,113,46,94,39,34,99,75,89,13,97,35,123" hai3="7,126,92,30,15,69,66,120,27,71,42,50,43"/><W117/><G92/><T5/><D122/><U24/><E78/><V54/><F113/><W128/><G50/><T17/><D115/><U85/><E125/><V87/><F75/><W10/><G27/><N who="1" m="10314" /><E48/><N who="2" m="28951" /><F39/><W81/><G10/><T3/><D101/><U64/><E64/><V28/><F13/><W59/><G81/><T83/><D134/><U8/><E58/><V14/><F14/><W12/><G15/><T86/><D3/><N who="1" m="771" /><U56/><DORA hai="38" /><E56/><V61/><F28/><W37/><G12/><T68/><D68/><U33/><E8/><V84/><F127/><W45/><G59/><T72/><D5/><N who="1" m="2155" /><E85/><V9/><F87/><W110/><G66/><T21/><D21/><U130/><E88/><V109/><F9/><W107/><G69/><T133/><D133/><U77/><E77/><V40/><F84/><W105/><G126/><T135/><D135/><U79/><E79/><V114/><F114/><W111/><G71/><T44/><REACH who="0" step="1"/><D72/><REACH who="0" ten="197,202,220,371" step="2"/><U19/><E130/><V131/><F131/><W20/><G128/><T73/><D73/><U16/><E33/><V95/><F34/><W112/><G112/><T96/><D96/><U60/><E60/><V93/><F35/><W31/><G7/><T119/><AGARI ba="0,1" hai="17,22,26,41,44,49,80,82,83,86,91,116,118,119" machi="119" ten="30,7900,0" yaku="1,1,0,1,52,1,53,1" doraHai="29,38" doraHaiUra="47,62" who="0" fromWho="0" sc="197,89,202,-20,220,-20,371,-39" owari="286,8.6,182,-31.8,200,-20.0,332,43.2" /></mjloggm>