<mjloggm ver="2.3"><GO type="169" lobby="0"/><UN n0="%E9%9B%A8%E6%9C%88%E3%81%A4%E3%82%86" n1="%E3%81%AA%E3%81%BE%E3%81%91%E8%80%85" n2="%E7%A9%B4%E7%8C%AB" n3="%52%65%63%61%6C%74%71" dan="16,16,16,16" rate="2108.63,2062.31,2097.58,2124.58" sx="M,M,M,M"/><TAIKYOKU oya="0"/><INIT seed="0,0,0,1,2,75" ten="250,250,250,250" oya="0" hai0="122,85,92,71,35,4,32,80,99,72,19,7,15" hai1="65,11,86,76,118,100,18,58,6,3,104,50,37" hai2="14,117,5,73,39,62,95,16,52,1,68,38,55" hai3="120,34,31,48,0,121,9,78,25,101,8,30,26"/><T132/><D132/><U47/><E118/><V129/><F117/><W133/><G101/><T125/><D125/><U44/><E37/><N who="2" m="13835" /><F5/><W128/><G48/><T110/><D122/><U23/><E104/><V67/><F1/><W13/><G78/><N who="0" m="46231" /><D32/><U29/><E100/><V64/><F95/><W90/><G90/><N who="0" m="55703" /><D35/><U61/><E29/><V12/><F73/><W87/><G87/><T116/><D71/><U127/><E127/><V105/><F105/><W123/><G128/><T77/><D116/><U33/><E33/><V102/><F102/><W83/><G83/><T91/><D72/><U113/><E113/><V106/><F64/><W10/><G133/><T84/><D110/><U88/><E50/><V41/><F106/><W54/><G54/><N who="2" m="20521" /><F41/><W103/><G103/><T40/><D40/><U57/><E57/><V66/><F66/><W59/><G59/><T36/><D36/><U45/><E76/><V96/><F96/><W124/><G124/><T46/><D46/><U79/><E79/><V20/><F129/><W108/><G108/><T24/><D24/><U89/><REACH who="1" step="1"/><E86/><REACH who="1" ten="250,240,250,250" step="2"/><V135/><F135/><W70/><G34/><T94/><D77/><U81/><E81/><V27/><F68/><W115/><G70/><T17/><D17/><U134/><E134/><V69/><F69/><W22/><G30/><T53/><D53/><U51/><E51/><V107/><F107/><W28/><G115/><T109/><D109/><U98/><E98/><V97/><F97/><W131/><G131/><T43/><D43/><U93/><E93/><V119/><F119/><W60/><G31/><RYUUKYOKU ba="0,1" sc="250,10,240,10,250,10,250,-30" hai0="4,7,15,19,84,91,94" hai1="3,6,11,18,23,44,45,47,58,61,65,88,89" hai2="12,14,16,20,27,62,67" /><INIT seed="0,1,1,2,5,12" ten="260,250,260,220" oya="0" hai0="30,6,41,75,101,35,23,9,134,43,92,10,82" hai1="27,20,15,98,57,34,73,104,109,54,111,68,110" hai2="121,107,40,5,83,38,0,120,70,118,115,18,52" hai3="17,116,31,79,91,117,112,33,29,56,100,126,96"/><T1/><D134/><U22/><E73/><V66/><F107/><W119/><G126/><T113/><D113/><U39/><E39/><V7/><F83/><W124/><G112/><T90/><D101/><U130/><E68/><V97/><F97/><W131/><G124/><T129/><D129/><U72/><E72/><V133/><F115/><W74/><G131/><T53/><D35/><U69/><E69/><V78/><F78/><W106/><G56/><T28/><D10/><U99/><E130/><V47/><F7/><W37/><G37/><T51/><D82/><U132/><E132/><V50/><F18/><W95/><G33/><T60/><D60/><U2/><E2/><V135/><F5/><W125/><G125/><T127/><D127/><U123/><E123/><N who="2" m="47179" /><F0/><W80/><REACH who="3" step="1"/><G17/><REACH who="3" ten="260,250,260,210" step="2"/><T94/><D28/><N who="1" m="17511" /><E34/><V26/><F118/><W55/><G55/><T81/><D53/><U89/><E104/><V44/><F26/><W76/><G76/><T13/><D30/><U24/><E89/><V87/><F87/><AGARI ba="1,2" hai="29,31,74,79,80,87,91,95,96,100,106,116,117,119" machi="87" ten="40,5200,0" yaku="1,1,24,2,53,0" doraHai="12" doraHaiUra="62" who="3" fromWho="2" sc="260,0,250,0,260,-55,210,75" /><INIT seed="1,0,0,5,0,28" ten="260,250,205,285" oya="1" hai0="26,71,29,32,133,102,40,18,58,61,52,38,23" hai1="121,109,134,19,46,126,6,5,118,54,97,60,39" hai2="104,96,92,79,15,34,86,72,50,7,85,45,1" hai3="51,132,117,83,53,9,59,70,114,90,47,41,100"/><U65/><E118/><V87/><F1/><W63/><G117/><T66/><D133/><U25/><E121/><V89/><F34/><W24/><G132/><T82/><D102/><U120/><E120/><V78/><F7/><W62/><G114/><T31/><D82/><U135/><E126/><V73/><F15/><W101/><G9/><T14/><D31/><U113/><E113/><V107/><F50/><W130/><G130/><T125/><D125/><U105/><E134/><V112/><F45/><W68/><G24/><T95/><D95/><U3/><E3/><V21/><F21/><W12/><G12/><T16/><D18/><U127/><E127/><V111/><F111/><W30/><G30/><T129/><D129/><U106/><E106/><N who="2" m="40491" /><F112/><W77/><G90/><T128/><D128/><U22/><E135/><V103/><F103/><W99/><G99/><T2/><D2/><U122/><E122/><V56/><F56/><W80/><G68/><T74/><D74/><AGARI ba="0,0" hai="72,73,74,78,79,85,86,87,89,92,96" m="40491" machi="74" ten="40,8000,1" yaku="35,5" doraHai="28" who="2" fromWho="0" sc="260,-80,250,0,205,80,285,0" /><INIT seed="2,0,0,3,5,60" ten="180,250,285,285" oya="2" hai0="93,111,37,126,82,11,83,17,81,4,104,97,84" hai1="67,5,100,66,9,108,44,10,46,61,125,52,135" hai2="110,15,124,89,31,20,119,74,112,130,77,129,122" hai3="13,0,87,43,75,7,91,116,64,6,35,98,133"/><V55/><F55/><W94/><G116/><T62/><D111/><U78/><E108/><V99/><F110/><W50/><G75/><T2/><D126/><U28/><E135/><V59/><F59/><W134/><G35/><T40/><D104/><U131/><E131/><N who="2" m="50187" /><F15/><W30/><G30/><T101/><D17/><U29/><E125/><V79/><F20/><W85/><G0/><T34/><D34/><U69/><E69/><V80/><F31/><N who="1" m="11849" /><E100/><V38/><F38/><W24/><G24/><T102/><D102/><U32/><E32/><V70/><F70/><W117/><G117/><T49/><D37/><U56/><E78/><N who="2" m="29707" /><F119/><W54/><G43/><T123/><D123/><U121/><E121/><V65/><F124/><W73/><G73/><T86/><REACH who="0" step="1"/><D62/><REACH who="0" ten="170,250,285,285" step="2"/><U12/><E9/><V16/><F122/><W105/><G134/><T107/><D107/><U41/><E41/><V92/><F16/><W115/><G105/><T22/><D22/><U127/><E127/><V18/><F18/><W114/><G133/><T103/><D103/><U19/><E19/><V48/><F48/><W128/><G50/><T25/><D25/><U57/><E57/><V118/><F118/><W23/><G23/><T8/><D8/><U39/><E39/><V26/><F26/><W90/><G128/><T132/><D132/><U95/><E95/><V58/><F58/><W51/><G94/><T33/><D33/><U63/><E63/><V68/><F68/><W109/><G51/><T76/><D76/><U1/><E1/><V3/><F3/><W88/><G109/><T21/><D21/><RYUUKYOKU ba="0,1" sc="170,15,250,15,285,-15,285,-15" hai0="2,4,11,40,49,81,82,83,84,86,93,97,101" hai1="5,10,12,44,46,52,56,61,66,67" /><INIT seed="3,1,1,4,2,53" ten="185,265,270,270" oya="3" hai0="5,10,103,49,68,35,134,119,66,133,120,113,55" hai1="70,106,42,121,69,90,43,13,124,29,128,88,7" hai2="97,89,100,81,38,85,126,112,130,71,11,95,32" hai3="102,65,3,15,87,125,50,40,2,39,48,4,9"/><W30/><G125/><T118/><D35/><U96/><E121/><V99/><F71/><W59/><G102/><T18/><D103/><U73/><E73/><V60/><F38/><W23/><G39/><T117/><D18/><U28/><E96/><V54/><F112/><W129/><G129/><T94/><D94/><U21/><E21/><V105/><F126/><W56/><G87/><T67/><D120/><U20/><E20/><V127/><F130/><W86/><G65/><T52/><D113/><U63/><E63/><V80/><F127/><W51/><G40/><T135/><D68/><U33/><E124/><V1/><F32/><W109/><G109/><T123/><D123/><U132/><E33/><V91/><F1/><W12/><G3/><T62/><D10/><U45/><E13/><V57/><F11/><W61/><G61/><T79/><D79/><U8/><E8/><V98/><F98/><W110/><G110/><T75/><D75/><U37/><E37/><V36/><F36/><W34/><G34/><T72/><D72/><U16/><E45/><V116/><F116/><W27/><REACH who="3" step="1"/><G86/><REACH who="3" ten="185,265,270,260" step="2"/><T104/><D104/><U78/><E106/><V22/><F81/><W115/><G115/><T74/><D74/><U41/><E41/><V14/><F14/><AGARI ba="1,2" hai="2,4,9,12,14,15,23,27,30,48,50,51,56,59" machi="14" ten="40,7700,0" yaku="1,1,52,2,53,0" doraHai="53" doraHaiUra="82" who="3" fromWho="2" sc="185,0,265,0,270,-80,260,100" /><INIT seed="3,2,0,5,4,99" ten="185,265,190,360" oya="3" hai0="29,110,108,118,47,42,124,37,43,128,17,111,23" hai1="60,92,116,48,83,64,24,102,46,3,28,114,57" hai2="122,113,63,115,14,89,103,67,123,34,18,107,88" hai3="32,53,51,45,36,68,49,38,1,98,119,12,82"/><W96/><G119/><T135/><D118/><U58/><E3/><V8/><F34/><W62/><G32/><T7/><D29/><U69/><E114/><V106/><F106/><W31/><G31/><T90/><D43/><U121/><E121/><N who="2" m="46091" /><F113/><W27/><G27/><T125/><D7/><U54/><E116/><V50/><F50/><W126/><G1/><T40/><D40/><U65/><E83/><V73/><F73/><W33/><G33/><T21/><D128/><U93/><E93/><V4/><F4/><W55/><G82/><T132/><D90/><N who="2" m="34922" /><F115/><W30/><G30/><T109/><N who="0" m="27648" /><DORA hai="75" /><T101/><D101/><U80/><E80/><V6/><F6/><W117/><G117/><T94/><D94/><U52/><E69/><N who="2" m="42239" /><F107/><W56/><G68/><T79/><D79/><U120/><E120/><V5/><F5/><W66/><G36/><T11/><D11/><U127/><E46/><V26/><F26/><W59/><G38/><T10/><D10/><U35/><REACH who="1" step="1"/><E127/><REACH who="1" ten="185,255,190,360" step="2"/><N who="0" m="48713" /><D21/><U81/><E81/><V77/><F77/><W39/><G126/><T15/><AGARI ba="2,1" hai="15,17,23,37,42,47,132,135" m="48713,27648" machi="15" ten="60,4000,0" yaku="14,1,18,1" doraHai="99,75" who="0" fromWho="0" sc="185,56,255,-12,190,-12,360,-22" /><INIT seed="4,0,0,4,1,127" ten="241,243,178,338" oya="0" hai0="54,47,3,104,117,30,58,5,107,73,131,110,126" hai1="87,53,129,12,69,114,83,50,97,111,76,0,82" hai2="124,44,6,95,75,40,130,51,123,66,63,55,77" hai3="33,22,62,42,17,88,36,135,1,24,43,49,99"/><T108/><D126/><U92/><E111/><N who="0" m="42537" /><D117/><U121/><E121/><V78/><F124/><W25/><G135/><T112/><D112/><U90/><E0/><V70/><F123/><W2/><G36/><T105/><D73/><U132/><E69/><V20/><F6/><W85/><G99/><T59/><D30/><U89/><E132/><V38/><F130/><W79/><G79/><T84/><D84/><U91/><E114/><V18/><F95/><W113/><G113/><T4/><D131/><U94/><E129/><V60/><F60/><W8/><G62/><T46/><D58/><U11/><E76/><V45/><REACH who="2" step="1"/><F75/><REACH who="2" ten="241,243,168,338" step="2"/><W64/><G2/><T93/><D93/><U16/><REACH who="1" step="1"/><E91/><REACH who="1" ten="241,233,168,338" step="2"/><V122/><F122/><W39/><G88/><T52/><D3/><U41/><E41/><V28/><F28/><W65/><G42/><T119/><D119/><U74/><E74/><V86/><F86/><W31/><G85/><T118/><D118/><U98/><E98/><V67/><F67/><W125/><G125/><T19/><D104/><U109/><E109/><V134/><F134/><W10/><G65/><T37/><D105/><U115/><E115/><V13/><AGARI ba="0,2" hai="13,18,20,38,40,44,45,51,55,63,66,70,77,78" machi="13" ten="20,2700,0" yaku="1,1,0,1,7,1,53,0" doraHai="127" doraHaiUra="26" who="2" fromWho="2" sc="241,-13,233,-7,168,47,338,-7" /><INIT seed="5,0,0,3,5,36" ten="228,226,215,331" oya="1" hai0="77,30,109,51,87,20,33,106,115,13,70,24,68" hai1="75,86,11,101,88,67,48,112,57,28,130,82,74" hai2="19,98,111,26,133,37,84,132,6,95,78,91,9" hai3="2,45,116,107,42,41,97,80,55,4,99,108,122"/><U61/><E112/><V39/><F111/><W43/><G122/><T8/><D106/><U93/><E130/><V129/><F129/><W32/><G108/><T1/><D109/><U52/><E28/><V89/><F78/><W65/><G32/><T69/><D115/><U96/><REACH who="1" step="1"/><E11/><REACH who="1" ten="228,216,215,331" step="2"/><V62/><F132/><W66/><G116/><T53/><D8/><U83/><E83/><V40/><F133/><W23/><G80/><T47/><D30/><U31/><E31/><V17/><F17/><W90/><G23/><T76/><D20/><U56/><AGARI ba="0,1" hai="48,52,56,57,61,67,74,75,82,86,88,93,96,101" machi="56" ten="20,12000,1" yaku="1,1,0,1,7,1,54,2,53,0" doraHai="36" doraHaiUra="103" who="1" fromWho="1" sc="228,-40,216,130,215,-40,331,-40" /><INIT seed="5,1,0,2,0,69" ten="188,346,175,291" oya="1" hai0="115,56,112,66,83,113,70,97,6,132,49,29,7" hai1="124,52,135,5,63,18,120,114,65,38,55,127,16" hai2="105,17,106,8,61,54,15,89,47,91,25,34,20" hai3="1,101,81,45,26,80,109,134,129,50,118,11,122"/><U99/><E120/><V87/><F34/><W14/><G122/><T51/><D29/><U78/><E5/><N who="0" m="1545" /><D70/><U13/><E114/><V131/><F131/><W42/><G118/><T44/><D132/><U28/><E28/><V73/><F73/><W71/><G109/><T23/><D23/><U19/><E135/><V82/><F89/><W67/><G1/><T22/><D22/><U58/><E38/><V43/><F61/><W64/><G26/><T98/><D83/><U119/><E78/><V27/><F27/><W100/><G134/><T12/><D12/><U104/><E119/><V48/><REACH who="2" step="1"/><F43/><REACH who="2" ten="188,346,165,291" step="2"/><W96/><G42/><N who="0" m="24727" /><D66/><U4/><E4/><AGARI ba="1,1" hai="4,8,15,17,20,25,47,48,54,82,87,91,105,106" machi="4" ten="30,2000,0" yaku="1,1,7,1,53,0" doraHai="69" doraHaiUra="24" who="2" fromWho="1" sc="188,0,346,-23,165,33,291,0" /><INIT seed="6,0,0,5,0,98" ten="188,323,198,291" oya="2" hai0="105,3,95,76,66,89,24,127,21,41,75,28,100" hai1="83,112,103,79,63,90,94,18,86,115,104,101,74" hai2="72,77,64,27,33,88,111,87,31,35,11,25,0" hai3="131,82,120,7,132,29,81,4,53,1,22,129,116"/><V70/><F72/><W85/><G120/><T99/><D3/><U44/><E44/><V19/><F77/><W119/><G132/><T57/><D127/><U107/><E63/><V133/><F133/><W16/><G29/><T48/><D41/><U47/><E47/><V45/><F111/><W32/><G32/><T62/><D48/><U102/><E18/><V84/><F84/><W46/><G82/><T58/><D76/><U121/><E121/><V122/><F122/><W134/><G134/><T124/><D124/><U96/><E96/><V114/><F114/><AGARI ba="0,0" hai="74,79,83,86,90,94,101,102,103,104,107,112,114,115" machi="114" ten="40,12000,2" yaku="15,1,34,3,52,3" doraHai="98" who="1" fromWho="2" sc="188,0,323,120,198,-120,291,0" /><INIT seed="7,0,0,0,4,130" ten="188,443,78,291" oya="3" hai0="49,56,89,17,46,62,10,134,41,135,51,34,23" hai1="20,5,43,106,64,38,120,33,61,12,104,24,129" hai2="124,128,91,52,85,80,119,65,26,79,93,13,83" hai3="22,116,72,69,122,3,86,0,21,118,126,45,67"/><W113/><G122/><T73/><D73/><U19/><E120/><V30/><F119/><W98/><G72/><T103/><D34/><U96/><E129/><V57/><F128/><W59/><G126/><T105/><D10/><U2/><E43/><V18/><F124/><W110/><G69/><T63/><D89/><U97/><E38/><V111/><F111/><W132/><G110/><T15/><D103/><U75/><E75/><V7/><F65/><W53/><G45/><T48/><D105/><U6/><E6/><V101/><F101/><W78/><G67/><T112/><D112/><U108/><E108/><V37/><F7/><W99/><G113/><T70/><D70/><U55/><E55/><V88/><F37/><W77/><G53/><N who="0" m="31783" /><D49/><U125/><E125/><V102/><F102/><W54/><G54/><T31/><D31/><N who="1" m="19687" /><E97/><V36/><F36/><W40/><G86/><T121/><D121/><U9/><E96/><V87/><F26/><W47/><G59/><AGARI ba="0,0" hai="2,5,9,12,19,20,59,61,64,104,106" m="19687" machi="59" ten="30,1000,0" yaku="24,1" doraHai="130" who="1" fromWho="3" sc="188,0,443,10,78,0,291,-10" owari="188,-21.2,453,55.3,78,-42.2,281,8.1" /></mjloggm>