<mjloggm ver="2.3"><GO type="169" lobby="0"/><UN n0="%73%79%6C%76%65%6F%6E" n1="%E3%80%8C%E3%83%92%E3%83%AD%E3%80%8D%34%30" n2="%E3%81%97%E3%82%93%E3%81%A1%E3%82%83%E3%82%93%E3%80%82" n3="%E3%81%8B%E3%82%88%E3%81%A1%E3%82%83%E3%82%93%E3%81%AE%E6%97%A6%E9%82%A3" dan="16,17,16,16" rate="2176.53,2200.70,2032.31,2119.81" sx="M,M,F,M"/><TAIKYOKU oya="0"/><INIT seed="0,0,0,1,5,49" ten="250,250,250,250" oya="0" hai0="39,133,135,59,32,14,11,105,111,113,84,100,92" hai1="46,86,72,94,34,88,10,78,4,81,16,114,5" hai2="24,57,35,45,62,121,132,9,73,58,98,77,6" hai3="74,131,75,118,109,40,82,37,127,28,70,91,31"/><T53/><D113/><U80/><E114/><V26/><F121/><W97/><G40/><T117/><D117/><U104/><E34/><V25/><F132/><N who="0" m="50762" /><D32/><U41/><E104/><V83/><F45/><W116/><G28/><T48/><D39/><U76/><E16/><V126/><F126/><W107/><G31/><T63/><D111/><U8/><E8/><V69/><F98/><W13/><G37/><T19/><D105/><U123/><E123/><V101/><F101/><W29/><G29/><T3/><D3/><U15/><E4/><V55/><F69/><W36/><G36/><T103/><D63/><U20/><E20/><V108/><F108/><W130/><G107/><T33/><D33/><U30/><E30/><V47/><F35/><W44/><G109/><T51/><D51/><N who="1" m="27087" /><E72/><V64/><F47/><W96/><G75/><T115/><D115/><U50/><E50/><V12/><F26/><W87/><G74/><T129/><D129/><U52/><E52/><V66/><F66/><W128/><G118/><T122/><D122/><U56/><E56/><V21/><F21/><W85/><G116/><T43/><D43/><U112/><E112/><V99/><F99/><W67/><G130/><T68/><D68/><U106/><E106/><V17/><F17/><W61/><G128/><T79/><D92/><U110/><E110/><V124/><F124/><W90/><G127/><T23/><D23/><U27/><E27/><V120/><F120/><W93/><G131/><T38/><D38/><U134/><E134/><V65/><F65/><W18/><G44/><T7/><D7/><RYUUKYOKU ba="0,0" sc="250,0,250,0,250,0,250,0" hai0="11,14,19,48,53,59,79,84,100,103" hai1="5,10,15,76,78,80,81,86,88,94" hai2="6,9,12,24,25,55,57,58,62,64,73,77,83" hai3="13,18,61,67,70,82,85,87,90,91,93,96,97" /><INIT seed="0,1,0,1,5,79" ten="250,250,250,250" oya="0" hai0="50,62,114,98,59,13,18,134,80,74,78,132,77" hai1="22,111,123,75,97,92,35,133,10,76,130,113,99" hai2="11,112,20,14,85,17,30,53,122,2,15,72,90" hai3="116,107,110,118,91,40,103,71,100,86,44,28,82"/><T42/><D114/><U1/><E35/><V6/><F112/><W25/><G71/><T8/><D78/><U124/><E123/><V120/><F72/><W105/><G110/><T95/><D42/><U33/><E33/><V0/><F0/><W19/><G19/><T128/><D128/><U108/><E113/><V39/><F39/><W54/><G54/><T135/><D50/><U104/><E130/><V57/><F30/><W41/><G41/><T34/><D34/><U52/><E22/><V119/><F2/><W29/><G29/><T96/><REACH who="0" step="1"/><D95/><REACH who="0" ten="240,250,250,250" step="2"/><U4/><E92/><N who="2" m="54351" /><F119/><W129/><G129/><T66/><AGARI ba="1,1" hai="8,13,18,59,62,66,74,77,80,96,98,132,134,135" machi="66" ten="30,11700,0" yaku="1,1,0,1,20,1,52,1,53,0" doraHai="79" doraHaiUra="21" who="0" fromWho="0" sc="240,130,250,-40,250,-40,250,-40" /><INIT seed="0,2,0,2,2,8" ten="370,210,210,210" oya="0" hai0="0,92,118,130,16,17,45,12,61,120,101,106,80" hai1="134,14,62,102,22,19,77,39,128,20,68,112,126" hai2="119,88,46,114,63,96,28,82,15,42,2,3,127" hai3="37,133,49,48,95,4,58,129,10,51,89,31,90"/><T121/><D118/><U43/><E112/><V1/><F114/><W52/><G37/><T70/><D106/><U24/><E134/><V108/><F119/><W41/><G133/><T103/><D0/><U60/><E128/><V59/><F108/><W124/><G129/><T75/><D130/><U18/><E126/><V38/><F28/><W94/><G124/><T111/><D111/><U117/><E117/><V50/><F127/><W84/><G41/><T110/><D110/><U67/><E77/><V13/><F38/><W65/><G65/><T131/><D131/><U53/><E102/><V30/><F30/><W69/><G69/><T93/><D45/><U72/><E72/><V125/><F125/><W71/><G71/><T26/><D26/><U98/><E98/><V104/><F104/><W91/><G31/><T55/><D75/><U6/><E6/><V33/><F33/><W107/><G90/><T76/><D70/><U54/><REACH who="1" step="1"/><E62/><REACH who="1" ten="370,200,210,210" step="2"/><V34/><F34/><W113/><G113/><T116/><D116/><U123/><E123/><V64/><REACH who="2" step="1"/><F96/><REACH who="2" ten="370,200,200,210" step="2"/><W23/><G107/><T36/><D120/><U87/><E87/><AGARI ba="2,2" hai="1,2,3,13,15,42,46,50,59,63,64,82,87,88" machi="87" ten="40,8000,1" yaku="1,1,2,1,52,2,54,1,53,0" doraHai="8" doraHaiUra="97" who="2" fromWho="1" sc="370,0,200,-86,200,106,210,0" /><INIT seed="1,0,0,2,5,76" ten="370,114,306,210" oya="1" hai0="23,80,0,55,10,40,120,74,8,98,122,5,133" hai1="58,16,48,22,14,121,126,91,28,117,108,13,111" hai2="30,134,1,34,75,94,90,96,101,70,72,99,51" hai3="47,112,18,79,43,38,124,93,4,128,85,116,104"/><U66/><E121/><N who="0" m="46697" /><D133/><U33/><E117/><V87/><F1/><W6/><G104/><T11/><D40/><U102/><E126/><V107/><F51/><W86/><G112/><T89/><D55/><U52/><E102/><N who="2" m="62919" /><F30/><W71/><G71/><T114/><D114/><U105/><E105/><N who="2" m="63679" /><F34/><W12/><G124/><T77/><D23/><U130/><E130/><V106/><F70/><W68/><G128/><T17/><D17/><U115/><E115/><V67/><F67/><W29/><G29/><T60/><D60/><U49/><E66/><V45/><F45/><W57/><G68/><T127/><D127/><U123/><E123/><V69/><F69/><W129/><G57/><T26/><D26/><U56/><E13/><V84/><F134/><W125/><G38/><T37/><D37/><U3/><E3/><V95/><F106/><W46/><G43/><T15/><D15/><U65/><E65/><V2/><F2/><W42/><G12/><T24/><D24/><U83/><E28/><V59/><F59/><W62/><G46/><T92/><AGARI ba="0,0" hai="0,5,8,10,11,74,77,80,89,92,98" m="46697" machi="92" ten="30,2000,0" yaku="13,1,52,1" doraHai="76" who="0" fromWho="0" sc="370,20,114,-10,306,-5,210,-5" /><INIT seed="2,0,0,5,0,60" ten="390,104,301,205" oya="2" hai0="21,112,68,55,62,81,99,116,53,124,132,58,10" hai1="98,27,44,126,119,5,12,76,74,64,82,50,61" hai2="93,67,108,33,0,113,122,24,79,22,128,86,104" hai3="111,45,133,4,94,96,77,71,106,89,35,1,31"/><V84/><F113/><W52/><G133/><T36/><D112/><U114/><E114/><V70/><F122/><W29/><G111/><T95/><D36/><U123/><E123/><V118/><F118/><W120/><G120/><T49/><D132/><U17/><E126/><V78/><F0/><W34/><G77/><T2/><D124/><U97/><E119/><V39/><F39/><W46/><G106/><T73/><D116/><U105/><E5/><V15/><F104/><W51/><G71/><T59/><D68/><U54/><E27/><V107/><F107/><W43/><G4/><T69/><D69/><U101/><E98/><V125/><F125/><W20/><G1/><T30/><D2/><U32/><E32/><V6/><F33/><W7/><G7/><T87/><D73/><U26/><E26/><V100/><F128/><W19/><G34/><T25/><D10/><U8/><REACH who="1" step="1"/><E61/><REACH who="1" ten="390,94,301,205" step="2"/><V65/><F108/><W88/><G35/><T41/><D99/><U37/><E37/><V85/><F70/><W72/><G72/><T131/><D25/><U83/><E83/><V3/><F3/><W28/><G96/><T130/><D62/><U115/><E115/><V63/><F63/><W66/><G94/><T121/><D95/><U57/><E57/><V127/><F127/><W129/><G129/><T117/><D59/><U9/><E9/><N who="2" m="4535" /><F93/><W23/><G46/><T11/><D130/><U102/><E102/><V92/><F92/><W42/><G45/><T91/><D131/><U40/><E40/><V47/><F100/><W56/><G43/><T103/><D121/><RYUUKYOKU ba="0,1" sc="390,-10,94,30,301,-10,205,-10" hai1="8,12,17,44,50,54,64,74,76,82,97,101,105" /><INIT seed="3,1,1,4,5,61" ten="380,124,291,195" oya="3" hai0="45,100,95,65,90,13,79,104,83,97,87,99,52" hai1="23,53,3,120,103,77,84,80,55,94,16,122,106" hai2="86,32,5,46,39,124,133,40,93,135,62,91,56" hai3="110,76,8,72,75,60,28,63,73,68,17,82,128"/><W85/><G128/><T134/><D134/><N who="2" m="51210" /><F32/><W7/><G110/><T98/><D13/><U30/><E3/><V48/><F124/><W115/><G115/><T2/><D2/><U74/><E30/><V35/><F35/><W119/><G119/><T4/><D4/><U130/><E130/><V0/><F0/><W118/><G118/><T114/><D114/><U26/><E106/><V47/><F5/><W41/><G28/><T33/><D33/><U109/><E109/><V107/><F107/><W131/><G131/><T1/><D1/><U92/><E122/><V129/><F129/><W58/><G68/><T111/><D111/><U105/><E120/><V108/><F108/><W71/><G71/><T10/><D10/><U127/><E127/><V66/><F46/><W125/><G125/><T9/><D9/><U123/><E123/><V42/><F42/><W88/><G17/><T67/><REACH who="0" step="1"/><D99/><REACH who="0" ten="370,124,291,195" step="2"/><N who="1" m="61695" /><E94/><V36/><AGARI ba="1,2" hai="36,39,40,47,48,56,62,66,86,91,93" m="51210" machi="36" ten="30,2000,0" yaku="20,1,52,1" doraHai="61" who="2" fromWho="2" sc="370,-6,124,-6,291,43,195,-11" /><INIT seed="4,0,0,1,3,8" ten="364,118,334,184" oya="0" hai0="92,114,54,124,111,94,22,26,100,77,113,91,115" hai1="116,127,47,9,69,80,43,1,84,32,86,62,131" hai2="123,66,107,68,65,102,7,51,98,97,78,46,24" hai3="36,87,4,130,20,88,74,119,75,14,106,67,27"/><T38/><D38/><U134/><E116/><V39/><F123/><W19/><G36/><T105/><D124/><U37/><E127/><V73/><F39/><W71/><G106/><T60/><D77/><U63/><E134/><V117/><F117/><W48/><G130/><T61/><D111/><U10/><E131/><V31/><F7/><W44/><G119/><T79/><D79/><U108/><E108/><V50/><F97/><W17/><G4/><T58/><D61/><U11/><E1/><V122/><F122/><W85/><G85/><T72/><D72/><U56/><E32/><V52/><F51/><W126/><G67/><T21/><D21/><U57/><E69/><V42/><F42/><W109/><G71/><T96/><REACH who="0" step="1"/><D91/><REACH who="0" ten="354,118,334,184" step="2"/><U90/><E63/><V110/><F110/><W121/><G109/><T40/><D40/><U132/><E132/><V34/><F68/><W104/><G126/><T55/><D55/><U5/><E62/><V16/><F78/><W120/><G120/><T49/><D49/><BYE who="0" /><U83/><E5/><V2/><F2/><W23/><G121/><T30/><D30/><U45/><E37/><V129/><F73/><UN n0="%73%79%6C%76%65%6F%6E" /><W99/><G74/><T95/><D95/><U133/><E133/><V29/><F29/><W25/><G75/><T70/><D70/><U12/><E43/><V103/><F129/><W15/><G104/><T35/><D35/><U33/><E33/><V89/><F107/><W28/><G28/><T76/><D76/><U101/><E90/><V3/><F89/><W13/><G88/><T59/><D59/><U0/><E57/><RYUUKYOKU ba="0,1" sc="354,30,118,-10,334,-10,184,-10" hai0="22,26,54,58,60,92,94,96,100,105,113,114,115" /><INIT seed="4,1,1,4,4,99" ten="384,108,324,174" oya="0" hai0="16,108,59,107,88,13,111,76,114,33,87,125,4" hai1="71,110,112,49,28,77,29,55,95,50,31,42,85" hai2="61,6,67,81,94,135,58,45,23,40,9,90,78" hai3="84,93,122,18,10,5,121,63,134,129,46,103,80"/><T47/><D33/><U105/><E110/><N who="0" m="42025" /><D114/><U64/><E105/><V20/><F135/><W0/><G134/><T30/><D30/><U123/><E123/><N who="3" m="47114" /><G129/><T116/><D116/><U38/><E112/><V75/><F90/><W124/><G124/><T113/><D113/><U36/><E71/><V25/><F25/><W89/><G18/><T115/><D115/><U3/><E3/><V118/><F94/><W119/><G119/><T2/><D125/><U68/><E64/><V7/><F7/><W73/><G73/><T100/><D76/><U97/><E68/><V126/><F118/><W8/><G8/><N who="0" m="2071" /><D59/><U32/><E32/><V57/><F57/><W91/><G46/><T60/><D60/><U65/><E65/><V19/><F19/><W53/><G53/><T1/><D1/><U54/><E85/><V106/><F126/><W104/><G63/><T26/><D26/><U15/><E15/><V21/><F58/><W37/><G37/><T39/><D39/><U17/><E77/><V132/><F78/><N who="3" m="46103" /><G104/><T41/><D47/><U101/><E17/><V69/><F45/><W131/><G131/><T72/><D72/><U27/><E27/><V14/><F75/><W98/><AGARI ba="1,1" hai="0,5,10,89,91,93,98,103" m="46103,47114" machi="98" ten="30,2000,0" yaku="13,1,52,1" doraHai="99" who="3" fromWho="3" sc="384,-11,108,-6,324,-6,174,33" /><INIT seed="5,0,0,4,2,56" ten="373,102,318,207" oya="1" hai0="53,9,10,55,78,125,5,87,39,36,6,69,65" hai1="30,31,59,25,27,60,1,135,29,94,37,89,88" hai2="122,43,112,28,14,70,96,110,80,21,41,48,17" hai3="132,92,133,46,64,58,34,13,7,127,71,98,2"/><U106/><E135/><N who="3" m="51786" /><G34/><T20/><D125/><U45/><E106/><V35/><F110/><W79/><G71/><T12/><D20/><U77/><E1/><V63/><F122/><W49/><G79/><T75/><D75/><U101/><E77/><V66/><F112/><W115/><G2/><T4/><D4/><U113/><E113/><V32/><F80/><W120/><G120/><T57/><D65/><U114/><E114/><V15/><F15/><W54/><G127/><T42/><D69/><U83/><E45/><V76/><F76/><W121/><G121/><T11/><D11/><U119/><E37/><V0/><F48/><W22/><G115/><T105/><D105/><U81/><E101/><V16/><F17/><N who="3" m="10543" /><G7/><T97/><D97/><N who="1" m="57543" /><E119/><V124/><F124/><W3/><G3/><T72/><D72/><U95/><E27/><V86/><F35/><W104/><G104/><T99/><D39/><U82/><E25/><V26/><F0/><W129/><G129/><T123/><D36/><U102/><E102/><V100/><F86/><W85/><G85/><T93/><D123/><U23/><E23/><V40/><F40/><W47/><G64/><T44/><D42/><U24/><E24/><V51/><F51/><W67/><G67/><T38/><D38/><U107/><E107/><AGARI ba="0,0" hai="14,16,21,26,28,32,41,43,63,66,70,96,100,107" machi="107" ten="30,8000,1" yaku="7,1,25,2,52,1,54,1" doraHai="56" who="2" fromWho="1" sc="373,0,102,-80,318,80,207,0" /><INIT seed="6,0,0,5,2,84" ten="373,22,398,207" oya="2" hai0="105,131,31,17,111,71,67,62,41,92,5,90,36" hai1="134,121,56,133,81,27,80,58,57,115,55,53,35" hai2="86,43,123,45,52,40,99,47,51,113,46,77,104" hai3="37,128,23,79,74,85,72,34,106,73,39,100,25"/><V3/><F123/><W117/><G34/><T19/><D111/><U6/><E121/><V2/><F113/><W82/><G128/><T49/><D105/><U22/><E115/><V15/><F2/><W42/><G117/><T97/><D36/><U94/><E35/><V132/><F3/><W109/><G109/><T96/><D131/><U54/><E6/><V101/><F132/><W4/><G4/><T127/><D127/><U16/><REACH who="1" step="1"/><E94/><REACH who="1" ten="373,12,398,207" step="2"/><V50/><F104/><W129/><G106/><T18/><D92/><U83/><AGARI ba="0,1" hai="16,22,27,53,54,55,56,57,58,80,81,83,133,134" machi="83" ten="40,12000,2" yaku="1,1,2,1,0,1,29,2,54,1,53,0" doraHai="84" doraHaiUra="61" who="1" fromWho="1" sc="373,-30,12,130,398,-60,207,-30" /><INIT seed="7,0,0,3,2,129" ten="343,142,338,177" oya="3" hai0="114,60,6,107,33,58,101,37,31,97,11,121,72" hai1="64,41,56,118,111,80,91,9,108,14,55,18,43" hai2="62,49,30,73,7,45,74,67,57,27,96,131,28" hai3="92,34,19,113,48,110,40,93,65,116,122,120,23"/><W130/><G130/><T42/><D121/><U78/><E118/><V47/><F131/><W102/><G34/><T10/><D72/><U16/><E111/><V63/><F7/><W90/><G116/><T26/><D114/><U1/><E108/><V134/><F134/><W128/><G128/><T86/><D86/><U21/><E64/><V119/><F119/><W132/><G113/><T85/><D85/><U29/><E29/><N who="2" m="11371" /><F73/><W59/><G110/><T5/><D5/><U68/><E68/><V82/><F27/><W105/><G105/><T75/><D75/><U81/><E1/><V100/><F82/><W70/><G70/><T35/><D35/><U133/><E133/><V104/><F74/><W84/><G132/><T38/><D42/><U106/><E106/><V61/><F45/><W44/><G102/><T135/><D135/><U46/><E78/><V51/><F51/><W12/><REACH who="3" step="1"/><G93/><REACH who="3" ten="343,142,338,167" step="2"/><T109/><D109/><U13/><E91/><V52/><F104/><W17/><G17/><T71/><D71/><U66/><E66/><V79/><F67/><W8/><G8/><T24/><D11/><U94/><E94/><N who="2" m="58391" /><F79/><W89/><G89/><T123/><D107/><U32/><E32/><V76/><F76/><W125/><G125/><T87/><D33/><U25/><E25/><V127/><F127/><W4/><G4/><T2/><D26/><U83/><REACH who="1" step="1"/><E46/><REACH who="1" ten="343,132,338,167" step="2"/><V77/><F77/><W3/><G3/><T88/><D2/><U22/><E22/><V99/><F47/><W0/><G0/><T124/><D124/><U112/><E112/><V15/><F15/><RYUUKYOKU ba="0,2" sc="343,-30,132,10,338,10,167,10" hai1="9,13,14,16,18,21,41,43,55,56,80,81,83" hai2="49,52,57,61,62,63,99" hai3="12,19,23,40,44,48,59,65,84,90,92,120,122" /><INIT seed="7,1,2,0,1,66" ten="313,142,348,177" oya="3" hai0="84,40,102,49,105,19,55,51,65,106,76,33,4" hai1="21,39,73,9,79,41,18,47,108,24,34,86,23" hai2="112,109,74,130,7,89,78,16,107,123,63,5,119" hai3="77,126,128,38,129,110,8,99,122,120,32,22,36"/><W124/><G32/><T100/><D33/><U3/><E108/><V12/><F119/><W125/><G110/><T117/><D117/><U52/><E73/><V87/><F107/><W83/><G99/><T2/><D65/><U104/><E104/><V94/><F109/><W0/><G22/><T31/><D31/><U60/><E34/><V61/><F112/><W14/><G0/><T48/><D105/><U135/><E135/><V11/><F130/><N who="3" m="50283" /><G14/><T81/><D106/><U95/><E79/><V20/><F5/><W1/><G8/><T57/><D2/><U134/><E134/><V103/><F103/><N who="0" m="39466" /><D4/><U15/><E3/><V75/><F75/><N who="3" m="43455" /><G1/><T115/><D115/><U80/><E95/><V88/><F89/><W132/><G132/><T93/><D19/><U46/><E24/><V67/><F123/><AGARI ba="1,2" hai="36,38,120,122,123,124,125,126" m="43455,50283" machi="123" ten="40,7700,0" yaku="18,1,19,1,23,1" doraHai="66" who="3" fromWho="2" sc="313,0,142,0,348,-80,177,100" /><INIT seed="7,2,0,1,0,89" ten="313,142,268,277" oya="3" hai0="72,10,92,115,60,124,20,67,70,21,134,131,87" hai1="80,113,22,54,73,32,2,18,128,40,133,114,46" hai2="62,31,122,90,17,23,64,15,96,74,78,8,81" hai3="16,120,125,35,83,4,0,95,105,129,39,135,59"/><W19/><G120/><T123/><D123/><U43/><E32/><V85/><F122/><W63/><G105/><T82/><D72/><U111/><E111/><V94/><F31/><W75/><G39/><T112/><D124/><U126/><E126/><V58/><REACH who="2" step="1"/><F74/><REACH who="2" ten="313,142,258,277" step="2"/><W118/><G75/><T25/><D115/><U101/><E114/><V13/><F13/><W1/><G125/><T66/><D112/><U71/><E113/><V34/><F34/><W132/><G35/><T97/><D131/><U52/><E128/><V24/><F24/><W42/><G129/><T116/><D116/><U76/><E2/><V41/><F41/><W37/><G118/><T3/><D3/><U51/><E133/><V86/><F86/><W99/><G0/><T117/><D134/><U102/><E71/><V57/><F57/><W119/><G119/><T26/><D70/><U11/><E43/><V65/><F65/><N who="0" m="24586" /><D117/><U55/><REACH who="1" step="1"/><E11/><AGARI ba="2,1" hai="8,11,15,17,23,58,62,64,78,81,85,90,94,96" machi="11" ten="40,5200,0" yaku="1,1,8,1,52,1,53,0" doraHai="89" doraHaiUra="98" who="2" fromWho="1" sc="313,0,142,-58,258,68,277,0" owari="313,11.3,84,-41.6,326,42.6,277,-12.3" /></mjloggm>