<mjloggm ver="2.3"><GO type="169" lobby="0"/><UN n0="%E3%82%A4%E3%82%AB%E3%81%AB%E3%82%82%E6%9D%B1%E5%8C%97" n1="%E8%82%89%E5%9B%A3%E5%AD%90%E5%85%88%E7%94%9F" n2="%E3%81%9F%E3%81%BE%E5%AD%90" n3="%E3%82%8C%E3%81%8A%E3%81%A8%E3%81%BE%E3%81%8A" dan="17,16,17,16" rate="2182.06,2043.35,2232.22,2122.82" sx="M,M,M,M"/><TAIKYOKU oya="0"/><INIT seed="0,0,0,5,5,103" ten="250,250,250,250" oya="0" hai0="37,5,64,78,135,115,55,28,73,118,11,98,42" hai1="125,24,23,95,109,129,15,9,121,85,54,63,45" hai2="90,96,127,67,84,25,122,119,29,116,75,81,61" hai3="41,110,87,13,50,69,76,108,4,49,19,124,1"/><T66/><D115/><U68/><E121/><V17/><F122/><W47/><G69/><T39/><D118/><U132/><E109/><V6/><F127/><W101/><G124/><T56/><D135/><U107/><E132/><V111/><F111/><W117/><G117/><N who="2" m="45129" /><F75/><W18/><G1/><T30/><D98/><U62/><E107/><V105/><F6/><W10/><G101/><T100/><D100/><U46/><E125/><V38/><F38/><W60/><G60/><T71/><D71/><U40/><E68/><N who="2" m="42095" /><F17/><W14/><G110/><T33/><D39/><U0/><E0/><V65/><F65/><W8/><G50/><T58/><D66/><U77/><E63/><V52/><F52/><W12/><G108/><T134/><D64/><U44/><E62/><V91/><F96/><W20/><G87/><T53/><D55/><U51/><E54/><V94/><F94/><W70/><G70/><T32/><D53/><U93/><E95/><V114/><F114/><W22/><G76/><T21/><D78/><U36/><E93/><V131/><F131/><W88/><G88/><T35/><D73/><U31/><E129/><V128/><F128/><W106/><G10/><T113/><D113/><U27/><E36/><V80/><F80/><W104/><AGARI ba="0,0" hai="4,8,12,13,14,18,19,20,22,41,47,49,104,106" machi="104" ten="30,7900,0" yaku="0,1,9,1,52,2" doraHai="103" who="3" fromWho="3" sc="250,-39,250,-20,250,-20,250,79" /><INIT seed="1,0,0,0,1,61" ten="211,230,230,329" oya="1" hai0="91,114,118,130,36,125,27,59,49,55,13,31,112" hai1="98,33,15,135,111,26,103,60,107,133,7,51,134" hai2="52,88,1,16,21,30,129,76,85,128,0,102,69" hai3="113,120,132,96,8,29,80,43,56,6,48,89,47"/><U90/><E111/><V18/><F102/><W63/><G120/><T19/><D118/><U32/><E51/><V35/><F76/><W14/><G113/><T106/><D36/><U123/><E123/><V71/><F35/><W10/><G132/><T34/><D106/><U109/><E109/><V9/><F30/><W95/><G29/><T97/><D130/><N who="2" m="50282" /><F18/><W54/><G10/><T57/><D125/><U66/><E90/><V42/><F42/><W40/><REACH who="3" step="1"/><G80/><REACH who="3" ten="211,230,230,319" step="2"/><T38/><D114/><U58/><E26/><N who="2" m="14631" /><F9/><AGARI ba="0,1" hai="7,9,15,32,33,58,60,66,98,103,107,133,134,135" machi="9" ten="40,3900,0" yaku="20,1,52,1" doraHai="61" who="1" fromWho="2" sc="211,0,230,49,230,-39,319,0" /><INIT seed="1,1,0,5,1,12" ten="211,279,191,319" oya="1" hai0="9,7,54,83,117,131,70,112,15,119,44,116,51" hai1="57,17,43,49,25,24,105,75,8,38,40,13,18" hai2="48,65,87,34,67,71,1,45,55,61,20,104,35" hai3="78,125,86,31,69,73,126,50,21,91,98,130,23"/><U26/><E75/><V122/><F122/><W135/><G69/><T3/><D112/><U42/><E105/><V4/><F104/><W85/><G31/><T113/><D113/><U109/><E38/><V84/><F67/><W16/><G130/><T127/><D70/><U92/><E109/><V66/><F66/><W132/><G23/><T62/><D131/><U115/><E115/><V134/><F134/><N who="3" m="51243" /><G50/><T121/><D127/><N who="3" m="48649" /><G98/><T79/><D62/><U28/><E28/><V68/><F68/><W82/><G91/><T111/><D111/><U107/><E107/><V101/><F20/><W90/><G90/><T27/><D119/><U120/><E120/><V124/><F124/><W19/><G19/><T11/><D121/><U81/><E81/><V30/><F35/><W58/><G58/><T29/><D29/><U32/><E92/><V60/><F60/><W10/><G10/><T6/><REACH who="0" step="1"/><D27/><AGARI ba="1,0" hai="16,21,27,73,78,82,85,86" m="48649,51243" machi="27" ten="30,7700,0" yaku="20,1,18,1,52,1,54,1" doraHai="12" who="3" fromWho="0" sc="211,-80,279,0,191,0,319,80" /><INIT seed="2,0,0,4,0,63" ten="131,279,191,399" oya="2" hai0="23,67,14,99,75,77,80,65,129,42,106,82,53" hai1="15,38,114,52,9,69,20,37,4,46,91,48,33" hai2="124,87,32,40,50,132,49,59,22,66,95,116,134" hai3="51,123,39,93,109,133,44,92,7,36,34,84,29"/><V13/><F116/><W76/><G109/><T1/><D1/><U21/><E69/><V70/><F32/><W58/><G93/><T130/><D42/><U102/><E102/><V97/><F70/><W11/><G123/><T89/><D53/><U111/><E114/><V81/><F124/><W55/><G133/><N who="2" m="51305" /><F40/><W103/><G29/><T101/><D14/><U19/><E111/><V73/><F73/><W107/><G107/><T119/><D119/><U117/><E33/><V120/><F120/><W128/><G128/><N who="0" m="49259" /><D23/><U54/><E117/><V112/><F112/><W43/><G34/><T6/><D6/><U110/><E110/><V85/><F66/><N who="0" m="25098" /><D82/><U78/><E54/><N who="2" m="32207" /><F50/><W88/><G39/><T2/><D2/><U126/><E37/><V3/><F3/><W125/><G125/><T56/><D56/><U62/><E38/><V18/><F81/><W96/><G7/><T64/><N who="0" m="25106" /><T86/><DORA hai="16" /><D75/><U5/><E5/><V68/><F68/><W118/><G118/><T121/><D121/><U83/><E4/><V12/><F12/><W90/><G11/><T61/><D61/><U28/><E62/><V41/><F41/><W31/><G36/><T47/><D47/><U94/><E126/><V122/><F122/><W71/><G71/><T105/><D105/><U115/><E9/><V135/><N who="2" m="51313" /><V26/><DORA hai="108" /><F13/><W72/><G72/><T74/><D74/><U131/><E15/><V60/><F60/><W100/><G43/><T113/><D113/><U8/><E115/><V25/><F25/><W79/><G44/><T35/><D35/><RYUUKYOKU ba="0,0" sc="131,15,279,-15,191,15,399,-15" hai0="77,80,86,89,99,101,106" hai2="18,22,26,85,87,95,97" /><INIT seed="2,1,0,0,0,3" ten="146,264,206,384" oya="2" hai0="36,6,48,64,60,117,86,47,52,112,74,131,38" hai1="43,45,72,89,97,126,16,105,96,68,49,75,109" hai2="79,4,101,92,33,25,76,29,90,13,129,42,0" hai3="28,111,46,108,132,77,116,71,69,81,91,40,134"/><V26/><F129/><W78/><G28/><T127/><D112/><U82/><E109/><N who="3" m="42058" /><G91/><T80/><D131/><U61/><E126/><V35/><F0/><W59/><G116/><T123/><D123/><U8/><E105/><V103/><F42/><W110/><G59/><T5/><D74/><U107/><E107/><V53/><F53/><W39/><G78/><T32/><D32/><U12/><E97/><V62/><F62/><W57/><G57/><T51/><D127/><U7/><E96/><V113/><F113/><W135/><G110/><T18/><D117/><U19/><E89/><V23/><F79/><W114/><G114/><T55/><D18/><U95/><E95/><V94/><F76/><W93/><G93/><T83/><D38/><U67/><REACH who="1" step="1"/><E82/><REACH who="1" ten="146,254,206,384" step="2"/><V104/><F104/><W21/><G81/><T10/><D83/><U31/><E31/><V20/><F94/><W58/><G77/><T115/><D115/><U130/><E130/><V14/><F101/><W125/><G125/><T65/><D80/><U99/><E99/><V11/><F103/><W41/><G135/><T124/><D124/><U87/><E87/><V56/><F92/><W27/><G134/><T128/><D86/><U66/><E66/><V119/><F90/><W30/><G132/><T22/><D65/><U70/><E70/><V120/><F119/><W37/><G71/><T1/><D64/><U15/><E15/><V98/><F98/><W17/><G69/><T44/><D128/><U85/><E85/><V102/><F102/><W122/><G30/><T121/><D1/><U34/><E34/><RYUUKYOKU ba="1,1" sc="146,-10,254,30,206,-10,384,-10" hai1="7,8,12,16,19,43,45,49,61,67,68,72,75" /><INIT seed="3,2,1,3,5,78" ten="136,284,196,374" oya="3" hai0="39,44,127,83,135,24,65,41,84,99,93,63,5" hai1="75,103,88,123,47,23,90,15,21,14,73,40,52" hai2="109,3,82,80,105,60,11,87,0,69,31,119,61" hai3="29,113,4,102,19,76,17,98,101,10,115,2,112"/><W122/><G122/><T89/><D135/><U57/><E103/><V91/><F105/><W111/><G102/><T51/><D127/><U8/><E73/><V62/><F119/><W128/><G128/><T68/><D5/><U106/><E106/><V126/><F69/><W64/><G64/><T108/><D108/><U132/><E75/><V12/><F109/><W7/><G111/><T118/><D118/><U50/><E123/><V20/><F126/><W95/><G29/><T104/><D24/><U67/><E67/><V79/><F20/><N who="1" m="7753" /><E132/><V16/><REACH who="2" step="1"/><F31/><REACH who="2" ten="136,284,186,374" step="2"/><W25/><G112/><T71/><D104/><U133/><E133/><V46/><F46/><W124/><G124/><T43/><D71/><U74/><E74/><AGARI ba="2,2" hai="0,3,11,12,16,60,61,62,74,79,80,82,87,91" machi="74" ten="40,8000,1" yaku="1,1,52,2,54,1,53,0" doraHai="78" doraHaiUra="54" who="2" fromWho="1" sc="136,0,284,-86,186,106,374,0" /><INIT seed="4,0,0,2,0,78" ten="136,198,292,374" oya="0" hai0="130,15,69,43,122,50,65,88,72,38,77,35,36" hai1="32,31,9,113,71,55,19,86,30,109,98,17,67" hai2="8,126,39,57,45,135,85,93,23,97,74,84,1" hai3="12,132,91,26,11,125,104,128,56,53,79,110,54"/><T127/><D122/><U95/><E109/><V134/><F74/><W48/><G110/><T58/><D35/><U14/><E113/><V83/><F126/><W0/><G0/><T25/><D127/><U92/><E55/><V73/><F23/><W62/><G104/><T20/><D130/><U108/><E108/><V81/><F57/><W89/><G128/><T13/><D38/><U68/><E86/><N who="2" m="33387" /><F73/><W107/><G107/><T28/><D88/><U51/><E51/><V44/><F8/><W100/><G100/><T42/><D42/><U76/><E76/><V118/><F1/><W87/><G132/><N who="2" m="50729" /><F118/><W133/><G26/><T123/><D123/><U61/><E71/><V114/><F114/><W119/><G119/><T117/><D117/><U75/><E75/><V33/><F33/><W24/><G24/><T40/><D77/><U70/><E70/><V90/><F39/><W29/><G29/><T47/><D72/><U64/><E31/><V21/><F21/><W63/><G79/><T46/><REACH who="0" step="1"/><D69/><REACH who="0" ten="126,198,292,374" step="2"/><U80/><E32/><V112/><F112/><W103/><G91/><T94/><D94/><U111/><E95/><V3/><F90/><W99/><G89/><T124/><D124/><U96/><E92/><V5/><F93/><W116/><G116/><T101/><D101/><U22/><E111/><V129/><F129/><W131/><G103/><T37/><D37/><U82/><E96/><V10/><F97/><W41/><G99/><T34/><D34/><U6/><E98/><V52/><F83/><W66/><G131/><T16/><D16/><U4/><E19/><RYUUKYOKU ba="0,1" sc="126,30,198,-10,292,-10,374,-10" hai0="13,15,20,25,28,36,40,43,46,47,50,58,65" /><INIT seed="4,1,1,1,3,78" ten="156,188,282,364" oya="0" hai0="53,9,35,115,13,112,82,88,102,85,94,91,131" hai1="95,70,117,2,61,38,74,83,65,113,105,134,28" hai2="66,1,33,3,80,54,17,111,58,126,27,32,108" hai3="40,63,76,8,48,26,124,68,90,118,4,86,132"/><T99/><D35/><N who="2" m="13386" /><F66/><W119/><G76/><T34/><D34/><U100/><E95/><V128/><F58/><W93/><G124/><T87/><D53/><U89/><E28/><V56/><F56/><W52/><G132/><T75/><D131/><U11/><E2/><N who="2" m="523" /><F80/><W69/><G26/><T25/><D25/><U23/><E11/><V50/><F50/><W71/><G63/><T130/><D130/><U81/><E38/><V15/><F54/><W49/><G8/><T37/><D37/><U0/><E100/><V127/><F27/><W123/><G48/><T30/><D75/><U129/><E89/><V20/><F128/><W16/><G40/><T12/><D30/><U46/><E74/><V6/><F6/><W135/><G4/><T47/><D47/><U121/><E46/><V5/><F5/><W10/><G52/><T104/><REACH who="0" step="1"/><D9/><REACH who="0" ten="146,188,282,364" step="2"/><U59/><E129/><V133/><F133/><W77/><G10/><T22/><D22/><U55/><E23/><V64/><F64/><W106/><G135/><T120/><D120/><U29/><E121/><V110/><AGARI ba="1,2" hai="15,17,20,108,110,111,126,127" m="523,13386" machi="110" ten="40,2700,0" yaku="34,2" doraHai="78" who="2" fromWho="2" sc="146,-14,188,-8,282,50,364,-8" /><INIT seed="5,0,0,1,3,88" ten="132,180,332,356" oya="1" hai0="110,26,92,107,83,119,95,129,52,89,13,63,133" hai1="62,9,135,127,57,82,58,28,6,42,66,116,126" hai2="106,30,77,96,41,25,109,32,38,78,19,93,102" hai3="132,3,51,1,56,12,67,79,98,44,134,101,124"/><U65/><E116/><V105/><F109/><W55/><G79/><T71/><D110/><U45/><E28/><V97/><F106/><W35/><G35/><T91/><D107/><U131/><E131/><V74/><F74/><W53/><G67/><T108/><D108/><U100/><E100/><V87/><F87/><W27/><G27/><T59/><D119/><U80/><E135/><N who="3" m="51754" /><G12/><T11/><D133/><U117/><E117/><V70/><F70/><W31/><G31/><T72/><D72/><U40/><E6/><V103/><F41/><N who="1" m="15977" /><E9/><V29/><F38/><W23/><G23/><T50/><D129/><U60/><E45/><V64/><F64/><N who="1" m="24681" /><E80/><V128/><F128/><W114/><G114/><T4/><D71/><U111/><E82/><V36/><F36/><W125/><G1/><T76/><D26/><U7/><E7/><V73/><F73/><W120/><G3/><T43/><D43/><U115/><E115/><V130/><F130/><W113/><G120/><T17/><D4/><U85/><E85/><V112/><F112/><W46/><G46/><T99/><D83/><U104/><E104/><V21/><F30/><W2/><G2/><T94/><D76/><U61/><E111/><V15/><AGARI ba="0,0" hai="15,19,21,25,29,32,77,78,93,96,97,102,103,105" machi="15" ten="20,2700,0" yaku="0,1,7,1,52,1" doraHai="88" who="2" fromWho="2" sc="132,-7,180,-13,332,27,356,-7" /><INIT seed="6,0,0,3,3,24" ten="125,167,359,349" oya="2" hai0="124,115,91,32,28,110,67,126,132,117,42,127,13" hai1="108,19,20,18,116,97,54,128,44,17,98,0,25" hai2="36,95,135,43,75,80,49,38,60,112,68,72,102" hai3="8,109,52,65,66,82,131,70,81,129,100,39,77"/><V57/><F112/><W35/><G39/><T31/><D110/><U121/><E108/><V2/><F2/><W113/><G109/><T111/><D111/><U3/><E116/><V58/><F135/><W106/><G35/><T53/><D132/><U76/><E76/><V89/><F102/><W125/><G125/><T119/><D32/><U123/><E128/><N who="3" m="49226" /><G70/><T87/><D115/><U64/><E64/><N who="3" m="24682" /><G8/><T55/><D67/><U74/><E74/><V96/><F68/><W1/><G1/><N who="1" m="586" /><E54/><N who="0" m="20489" /><D42/><U56/><E44/><V26/><F60/><W104/><G113/><T23/><D23/><U37/><E56/><V9/><F9/><W48/><G100/><T63/><D63/><U103/><E37/><V79/><F72/><N who="3" m="43175" /><G82/><N who="0" m="49655" /><D13/><U11/><E103/><V78/><F78/><W133/><G133/><T105/><D105/><U62/><E62/><V92/><F38/><W130/><G130/><T86/><D86/><U88/><E11/><V4/><F36/><W33/><G33/><T93/><D93/><N who="1" m="56487" /><E98/><V107/><F107/><W6/><G6/><T27/><D27/><U5/><E5/><V29/><F4/><W15/><G15/><T69/><D69/><U90/><E90/><V40/><F92/><W30/><G106/><T10/><D10/><U120/><AGARI ba="0,0" hai="17,18,19,20,25,120,121,123" m="56487,586" machi="120" ten="40,2700,0" yaku="13,1,54,1" doraHai="24" who="1" fromWho="1" sc="125,-7,167,27,359,-13,349,-7" /><INIT seed="7,0,0,0,0,57" ten="118,194,346,342" oya="3" hai0="44,20,68,35,45,130,39,9,49,55,105,28,65" hai1="124,88,133,134,43,81,58,6,94,16,46,66,79" hai2="114,120,31,62,36,54,87,74,40,60,33,98,132" hai3="24,126,42,96,61,27,131,95,13,119,78,117,113"/><W37/><G78/><T86/><D105/><U106/><E106/><V108/><F108/><W0/><G0/><T100/><D35/><U110/><E110/><V80/><F74/><W3/><G3/><T125/><D100/><U83/><E6/><V122/><F114/><W77/><G77/><T104/><D104/><U93/><E124/><V70/><F132/><W10/><G113/><T48/><D125/><U84/><E93/><V63/><F70/><W75/><G75/><T51/><D130/><U26/><E81/><V32/><F98/><W111/><G126/><T112/><D112/><U25/><E25/><N who="2" m="18543" /><F33/><W52/><G131/><T92/><D9/><U123/><E123/><N who="2" m="47147" /><F40/><W85/><G111/><T128/><D128/><U59/><E46/><V29/><F29/><W72/><G72/><T17/><D28/><U19/><E19/><V99/><F99/><W12/><G85/><T18/><D18/><U67/><E83/><V103/><F36/><W115/><G115/><T34/><D34/><U5/><E79/><N who="2" m="46495" /><F103/><W2/><G37/><T109/><D109/><U11/><E94/><V30/><F30/><W76/><G42/><T121/><D121/><U129/><E129/><V89/><F89/><N who="3" m="55407" /><G76/><T8/><D39/><U116/><E43/><V73/><F73/><W101/><G101/><T53/><D86/><U14/><E84/><V127/><F127/><W107/><G107/><T15/><D92/><U118/><E116/><N who="3" m="44618" /><G2/><T102/><D102/><U82/><E118/><V38/><F38/><W90/><G90/><T41/><D41/><U21/><E88/><V7/><F54/><RYUUKYOKU ba="0,0" sc="118,-10,194,-10,346,30,342,-10" hai2="7,60,62,63" owari="108,-39.2,184,-21.6,376,47.6,332,13.2" /></mjloggm>