<mjloggm ver="2.3"><GO type="169" lobby="0"/><UN n0="%73%61%6E%64%69%72%69%73" n1="%68%7A%63" n2="%E7%99%BE%E9%87%8E%E3%81%95%E3%82%93" n3="%E3%82%8F%E3%81%A3%E3%81%97%E3%82%87%E3%81%84%E5%90%9B%32%E5%8F%B7" dan="17,18,17,20" rate="2178.49,2179.99,2181.62,2336.44" sx="M,F,M,M"/><TAIKYOKU oya="0"/><INIT seed="0,0,0,4,2,134" ten="250,250,250,250" oya="0" hai0="4,60,113,111,100,61,5,133,36,69,129,56,66" hai1="28,14,11,123,24,53,88,120,119,79,116,2,65" hai2="0,87,35,33,8,72,20,73,27,74,13,3,25" hai3="38,95,93,91,71,45,31,127,105,114,96,82,50"/><T67/><D113/><U109/><E65/><V107/><F107/><W17/><G71/><T9/><D133/><U99/><E79/><V121/><F121/><W46/><G114/><T57/><D129/><U68/><E68/><V77/><F87/><W70/><G70/><T97/><D36/><U112/><E53/><V128/><F128/><W86/><G31/><T30/><D111/><U63/><E63/><V115/><F77/><W12/><G38/><T89/><D30/><U26/><E2/><V43/><F43/><W102/><G127/><T110/><D110/><U75/><E75/><V51/><F51/><W80/><G105/><T6/><D69/><U10/><E109/><V29/><F115/><W84/><G84/><T76/><D76/><U21/><E112/><V130/><F130/><W23/><REACH who="3" step="1"/><G45/><REACH who="3" ten="250,250,250,240" step="2"/><T34/><D34/><U62/><E28/><N who="2" m="19599" /><F74/><W108/><G108/><T18/><D18/><U47/><E47/><V131/><F73/><W52/><AGARI ba="0,1" hai="12,17,23,46,50,52,80,82,86,91,93,95,96,102" machi="52" ten="20,8000,1" yaku="1,1,0,1,7,1,8,1,54,1,53,0" doraHai="134" doraHaiUra="125" who="3" fromWho="3" sc="250,-40,250,-20,250,-20,240,90" /><INIT seed="1,0,0,5,0,40" ten="210,230,230,330" oya="1" hai0="31,17,68,59,67,96,35,110,118,19,119,74,29" hai1="42,3,86,39,122,94,125,53,115,71,30,116,107" hai2="101,113,127,62,26,52,89,23,106,47,82,75,32" hai3="16,27,73,57,124,133,78,63,8,126,121,134,128"/><U55/><E3/><V51/><F32/><W33/><G78/><T18/><D68/><U12/><E107/><V87/><F75/><W100/><G100/><T36/><D74/><U1/><E1/><V84/><F127/><N who="3" m="48683" /><G73/><T111/><D36/><U76/><E30/><N who="0" m="11273" /><D96/><U50/><E71/><V58/><F113/><W102/><G102/><T98/><D98/><U81/><E115/><V132/><F132/><N who="3" m="50795" /><G33/><T79/><D79/><U20/><E125/><V6/><F6/><W15/><G27/><T5/><D59/><U93/><E122/><V129/><F106/><W49/><G121/><T24/><D67/><U92/><E39/><V43/><F101/><W34/><G34/><T14/><D35/><U48/><E116/><N who="0" m="44585" /><D24/><U38/><E38/><V77/><F87/><W2/><G2/><T25/><D25/><U65/><E65/><V83/><F77/><W99/><G99/><T120/><D120/><U90/><E76/><V22/><F26/><W61/><G128/><T72/><D72/><U70/><E86/><V37/><F129/><W28/><G28/><T56/><D5/><U95/><E90/><V131/><F131/><W80/><G80/><T13/><D56/><U88/><E88/><V11/><F83/><W45/><G57/><T54/><D13/><U64/><E81/><V97/><F97/><W4/><G4/><T103/><D14/><U108/><E12/><V91/><F91/><W10/><G8/><T66/><D103/><U130/><E130/><V109/><F11/><W112/><G112/><T9/><D9/><U105/><E105/><V46/><F109/><RYUUKYOKU ba="0,0" sc="210,-15,230,-15,230,15,330,15" hai2="22,23,37,43,46,47,51,52,58,62,82,84,89" hai3="10,15,16,45,49,61,63" /><INIT seed="2,1,0,0,0,77" ten="195,215,245,345" oya="2" hai0="90,74,39,9,125,98,38,85,22,134,106,91,83" hai1="109,1,75,63,89,15,116,124,93,8,100,0,46" hai2="61,58,41,113,48,30,40,97,52,115,110,105,49" hai3="18,107,45,25,37,4,94,53,2,3,20,96,80"/><V104/><F30/><W128/><G107/><T10/><D134/><U55/><E116/><V72/><F72/><W73/><G128/><T16/><D74/><U60/><E75/><V14/><F105/><W26/><G26/><T31/><D31/><U57/><E109/><V5/><F104/><W27/><G27/><T43/><D125/><U79/><E79/><V29/><F29/><W13/><G25/><N who="0" m="14535" /><D39/><U81/><E81/><V66/><F97/><W78/><G4/><T6/><D38/><U24/><E100/><V92/><F92/><W28/><G28/><T7/><D43/><N who="2" m="16458" /><F14/><W112/><G112/><N who="2" m="43081" /><F5/><N who="0" m="1546" /><D106/><U42/><E24/><V59/><F110/><W111/><G111/><T51/><D51/><AGARI ba="1,0" hai="48,49,51,52,58,59,61,66" m="43081,16458" machi="51" ten="30,5800,0" yaku="34,2,54,1" doraHai="77" who="2" fromWho="0" sc="195,-61,215,0,245,61,345,0" /><INIT seed="2,2,0,2,1,84" ten="134,215,306,345" oya="2" hai0="58,133,130,25,126,4,34,107,91,31,16,75,27" hai1="73,49,103,69,15,88,3,57,10,38,66,78,62" hai2="22,134,76,52,85,23,124,26,12,63,29,123,101" hai3="6,109,96,24,47,94,102,33,17,46,37,121,70"/><V118/><F118/><W108/><G121/><T100/><D133/><U114/><E114/><V50/><F123/><W81/><G70/><T87/><D130/><U128/><E128/><V41/><F124/><W32/><G6/><T131/><D75/><U79/><E103/><V105/><F134/><W67/><G67/><T9/><D131/><U36/><E3/><V18/><F41/><W93/><G81/><T30/><D126/><U14/><E38/><V135/><F135/><W72/><G72/><T56/><D100/><U132/><E36/><V7/><F7/><W2/><G2/><T51/><D107/><U116/><E116/><V1/><F1/><W89/><G17/><T112/><D112/><U65/><E73/><V45/><F105/><W40/><G46/><T53/><D58/><U83/><E132/><V82/><F101/><W122/><G122/><T110/><D110/><N who="3" m="42601" /><G24/><N who="0" m="9291" /><D34/><U64/><E15/><V86/><REACH who="2" step="1"/><F63/><REACH who="2" ten="134,215,296,345" step="2"/><W13/><G102/><T61/><D61/><U11/><E62/><V80/><F80/><W68/><G40/><T43/><D43/><U115/><E115/><V21/><F21/><W71/><G71/><T95/><D4/><N who="1" m="3399" /><E69/><V8/><F8/><W111/><G111/><T113/><BYE who="3" /><D113/><U129/><E11/><V54/><F54/><W60/><G60/><T42/><D42/><U74/><E129/><V77/><F77/><W97/><G97/><T48/><D48/><U5/><E5/><V99/><F99/><W127/><G127/><T92/><D92/><U120/><E120/><V117/><F117/><W35/><G35/><T19/><D9/><RYUUKYOKU ba="2,1" sc="134,15,215,-15,296,15,345,-15" hai0="16,19,30,31,51,53,56,87,91,95" hai2="12,18,22,23,26,29,45,50,52,76,82,85,86" /><INIT seed="2,3,1,5,1,101" ten="149,200,311,330" oya="2" hai0="113,86,42,52,127,7,115,60,17,31,61,76,13" hai1="5,83,133,22,85,27,2,71,130,12,68,21,95" hai2="69,49,79,8,104,73,107,11,90,99,37,82,16" hai3="35,109,103,36,118,63,43,10,80,87,114,45,39"/><V32/><F37/><W28/><G28/><T67/><D127/><U81/><E2/><V20/><F69/><W53/><G53/><T129/><D129/><U96/><E130/><V94/><F32/><W98/><G98/><T4/><D42/><U23/><E133/><V41/><F11/><W58/><G58/><T106/><D106/><U108/><E108/><V0/><F0/><W121/><G121/><T89/><D76/><U84/><E27/><V34/><F34/><W97/><G97/><T123/><D31/><U50/><E50/><V3/><F3/><W29/><G29/><T40/><D40/><U62/><E62/><V56/><F8/><W135/><G135/><T117/><D117/><U47/><E47/><V128/><F128/><W33/><G33/><T100/><D100/><N who="1" m="60447" /><E71/><UN n3="%E3%82%8F%E3%81%A3%E3%81%97%E3%82%87%E3%81%84%E5%90%9B%32%E5%8F%B7" /><V15/><REACH who="2" step="1"/><F56/><REACH who="2" ten="149,200,301,330" step="2"/><W124/><G35/><T91/><D123/><U18/><E68/><V9/><F9/><W110/><G10/><T92/><D4/><U19/><E5/><V78/><F78/><W93/><G36/><T102/><D7/><U105/><E23/><V59/><F59/><W88/><G39/><T38/><D38/><U77/><E22/><V74/><F74/><W119/><G110/><T131/><D131/><U111/><E111/><V70/><F70/><W30/><G109/><T55/><D115/><U44/><E21/><V25/><F25/><W66/><G114/><T54/><D113/><U72/><E72/><V122/><F122/><W6/><G6/><T51/><D13/><U120/><E12/><V57/><F57/><W48/><G119/><T64/><D61/><RYUUKYOKU ba="3,2" sc="149,-10,200,-10,301,30,330,-10" hai2="15,16,20,41,49,73,79,82,90,94,99,104,107" /><INIT seed="2,4,2,0,5,108" ten="139,190,331,320" oya="2" hai0="87,46,63,24,40,102,1,114,97,53,11,39,64" hai1="103,118,15,124,52,112,33,73,62,69,122,34,44" hai2="93,125,41,61,116,90,27,86,135,82,23,45,22" hai3="79,119,54,59,107,57,37,0,2,83,127,10,38"/><V101/><F116/><W43/><G119/><T126/><D126/><U75/><E118/><V70/><F125/><W78/><G127/><T115/><D87/><U49/><E124/><V84/><F135/><W99/><G78/><T121/><D121/><U71/><E122/><V105/><F105/><W36/><G43/><T98/><D53/><U50/><E112/><V29/><F70/><W30/><G30/><T128/><D98/><U120/><E120/><V65/><F65/><W89/><G10/><T13/><D128/><U66/><E71/><V21/><F61/><W31/><G31/><T32/><D1/><U123/><E123/><V12/><F12/><W100/><G89/><T14/><D14/><U111/><E103/><V92/><F101/><W51/><REACH who="3" step="1"/><G57/><REACH who="3" ten="139,190,331,310" step="2"/><T134/><D134/><U67/><E69/><V60/><F41/><W81/><G81/><T129/><D129/><U9/><E34/><V20/><F45/><W18/><G18/><T110/><D110/><U56/><E33/><V80/><F60/><W68/><G68/><N who="0" m="42015" /><D11/><U106/><E111/><V74/><F74/><AGARI ba="4,3" hai="0,2,36,37,38,51,54,59,74,79,83,99,100,107" machi="74" ten="40,1300,0" yaku="1,1,53,0" doraHai="108" doraHaiUra="8" who="3" fromWho="2" sc="139,0,190,0,331,-25,310,55" /><INIT seed="3,0,0,2,1,16" ten="139,190,306,365" oya="3" hai0="105,106,39,48,69,129,88,96,47,109,55,32,118" hai1="56,19,95,125,44,107,80,35,36,63,102,91,97" hai2="132,15,116,101,71,20,86,11,45,67,119,127,21" hai3="8,72,128,1,66,70,77,58,123,34,79,9,24"/><W43/><G123/><T18/><D118/><U75/><E35/><V68/><F101/><W120/><G120/><T82/><D109/><U12/><E125/><V113/><F113/><W78/><G72/><T25/><D129/><U89/><E44/><V5/><F127/><W26/><G70/><T49/><D39/><U98/><E36/><V76/><F71/><W23/><G128/><T112/><D69/><U103/><E80/><V90/><F76/><W73/><G73/><T37/><D37/><U84/><E84/><V114/><F114/><W27/><G43/><T124/><D124/><U52/><REACH who="1" step="1"/><E75/><REACH who="1" ten="139,180,306,365" step="2"/><V93/><F116/><W51/><G34/><T74/><D112/><U87/><E87/><V133/><F119/><W4/><G9/><AGARI ba="0,1" hai="9,12,19,52,56,63,89,91,95,97,98,102,103,107" machi="9" ten="30,3900,0" yaku="1,1,7,1,54,1,53,0" doraHai="16" doraHaiUra="83" who="1" fromWho="3" sc="139,0,180,49,306,0,365,-39" /><INIT seed="4,0,0,5,4,82" ten="139,229,306,326" oya="0" hai0="107,38,103,132,104,64,108,2,66,65,76,7,3" hai1="125,54,93,118,77,126,20,5,69,68,128,119,6" hai2="41,102,0,9,14,17,71,122,31,92,131,33,67" hai3="96,109,26,43,30,105,74,12,16,72,114,58,135"/><T101/><D38/><U45/><E77/><V80/><F122/><W85/><G109/><T113/><D76/><U23/><E93/><V120/><F120/><W134/><G114/><T73/><D73/><U42/><E54/><V79/><F131/><W88/><G43/><T123/><D7/><N who="1" m="2571" /><E45/><V36/><F0/><N who="0" m="42" /><D123/><U44/><E44/><V37/><F41/><W91/><G58/><T130/><D113/><U97/><E97/><V129/><F129/><W89/><G85/><T53/><D130/><U24/><E24/><V21/><F33/><N who="3" m="20695" /><G105/><N who="0" m="40523" /><D53/><U56/><E56/><V117/><F117/><N who="1" m="44553" /><E42/><V47/><F47/><W99/><G99/><T87/><D87/><U110/><E110/><V90/><F102/><N who="0" m="38922" /><D108/><U133/><E128/><V1/><F37/><W25/><G25/><T8/><D8/><U10/><E10/><V78/><F36/><W94/><G74/><T75/><D75/><U81/><E81/><V57/><F1/><W52/><G52/><T39/><D39/><U11/><E11/><V70/><F80/><W18/><G72/><T127/><D127/><U40/><E40/><V15/><F79/><W106/><G106/><T48/><D48/><U112/><E112/><V111/><F78/><W116/><G116/><T86/><D86/><U29/><E126/><V13/><F111/><W61/><G96/><T27/><D27/><U22/><E125/><V55/><F55/><W59/><G94/><T62/><D62/><U51/><E51/><V28/><F28/><W46/><G46/><T121/><D121/><U100/><E23/><V35/><F31/><W4/><G61/><RYUUKYOKU ba="0,0" sc="139,30,229,-10,306,-10,326,-10" hai0="64,65,66,132" /><INIT seed="4,1,0,2,0,15" ten="169,219,296,316" oya="0" hai0="120,10,35,66,122,108,68,131,28,9,112,7,116" hai1="121,11,4,88,55,117,114,109,130,92,1,27,91" hai2="105,110,24,97,47,33,128,0,12,64,102,57,99" hai3="60,45,74,79,119,25,22,19,107,104,44,67,62"/><T16/><D68/><U98/><E117/><V70/><F0/><W37/><G119/><T32/><D66/><U134/><E109/><V127/><F110/><W29/><G60/><T83/><D108/><U69/><E69/><V82/><F128/><W133/><G133/><T76/><D116/><U58/><E121/><N who="0" m="46697" /><D83/><U52/><E130/><V103/><F127/><W59/><G79/><T6/><D76/><U125/><E134/><V135/><F135/><W100/><G74/><T111/><D111/><U23/><E125/><V93/><F82/><W34/><G37/><T86/><D86/><U115/><E91/><V3/><F3/><W54/><G54/><T21/><D112/><N who="1" m="43051" /><E58/><V123/><F123/><W17/><G104/><T73/><D73/><U48/><E48/><V101/><F57/><W18/><REACH who="3" step="1"/><G34/><REACH who="3" ten="169,219,296,306" step="2"/><N who="0" m="12843" /><D131/><U38/><E38/><V39/><F39/><W50/><G50/><T2/><D28/><AGARI ba="1,1" hai="1,4,11,23,27,28,52,55,88,92,98" m="43051" machi="28" ten="30,7700,0" yaku="15,1,11,1,54,2" doraHai="15" who="1" fromWho="0" sc="169,-80,219,90,296,0,306,0" /><INIT seed="5,0,0,0,1,104" ten="89,309,296,306" oya="1" hai0="10,58,39,77,100,17,122,16,129,134,21,69,66" hai1="50,109,41,95,5,27,130,34,1,117,72,63,57" hai2="97,111,60,26,53,6,124,88,126,11,54,102,62" hai3="25,19,84,92,89,114,61,73,51,56,116,33,123"/><U40/><E117/><V44/><F111/><W113/><G123/><T99/><D122/><U132/><E109/><V106/><F26/><W2/><G2/><T12/><D134/><U8/><E130/><V125/><F44/><W48/><G116/><T15/><D129/><U43/><E132/><V9/><F9/><W82/><G19/><T121/><D121/><U94/><E50/><V13/><F60/><W96/><G25/><T35/><D35/><U76/><E34/><V0/><F0/><W107/><G33/><T119/><D39/><U91/><E27/><V67/><REACH who="2" step="1"/><F88/><REACH who="2" ten="89,309,286,306" step="2"/><W101/><G113/><T115/><D115/><U49/><E91/><V14/><F14/><W20/><G114/><T32/><D119/><U23/><E23/><V110/><F110/><W85/><G20/><T68/><D32/><U81/><REACH who="1" step="1"/><E49/><REACH who="1" ten="89,299,286,306" step="2"/><V112/><F112/><W75/><G48/><T59/><D77/><U24/><E24/><V103/><F103/><W131/><G51/><T105/><REACH who="0" step="1"/><D66/><AGARI ba="0,2" hai="1,5,8,40,41,43,57,63,66,72,76,81,94,95" machi="66" ten="40,3900,0" yaku="1,1,52,1,53,0" doraHai="104" doraHaiUra="71" who="1" fromWho="0" sc="89,-39,299,59,286,0,306,0" /><INIT seed="5,1,0,2,4,113" ten="50,358,286,306" oya="1" hai0="115,92,58,73,82,70,26,104,125,114,85,37,67" hai1="111,132,134,74,69,2,27,41,38,112,12,20,32" hai2="25,61,124,43,47,13,65,24,105,63,102,129,77" hai3="55,56,52,126,33,36,35,42,87,18,8,46,66"/><U44/><E112/><N who="0" m="43049" /><D58/><U75/><E111/><V80/><F129/><W90/><G126/><T49/><D49/><U86/><E12/><V131/><F131/><W116/><G116/><T31/><D67/><U76/><E2/><V9/><F124/><W62/><G18/><T83/><D70/><U30/><E20/><V100/><F105/><W53/><REACH who="3" step="1"/><G8/><REACH who="3" ten="50,358,286,296" step="2"/><T16/><D125/><U96/><E30/><V133/><F133/><W40/><G40/><T68/><D16/><U10/><E41/><V6/><F24/><W57/><G57/><T130/><D130/><U120/><E10/><V50/><F25/><W119/><G119/><T39/><D68/><U45/><E27/><V95/><F65/><W34/><G34/><T29/><D26/><U71/><E32/><V108/><F108/><W106/><G106/><T99/><D104/><U135/><E135/><V84/><REACH who="2" step="1"/><F95/><AGARI ba="1,1" hai="33,35,36,42,46,52,53,55,56,62,66,87,90,95" machi="95" ten="40,2600,0" yaku="1,1,54,1,53,0" doraHai="113" doraHaiUra="94" who="3" fromWho="2" sc="50,0,358,0,286,-29,296,39" /><INIT seed="6,0,0,0,2,64" ten="50,358,257,335" oya="2" hai0="130,69,18,113,10,27,95,14,132,24,83,110,13" hai1="75,36,48,62,114,32,67,28,131,134,55,17,56" hai2="33,63,84,31,94,7,16,77,47,72,74,116,52" hai3="112,87,97,1,34,5,92,82,99,125,100,3,37"/><V105/><F116/><W8/><G37/><T21/><D110/><U104/><E114/><V54/><F105/><W128/><G34/><T2/><D113/><U20/><E131/><V129/><F129/><W133/><G128/><T45/><D130/><U6/><E134/><V106/><F106/><W58/><G133/><T0/><D132/><U90/><E75/><V50/><F7/><W98/><G112/><T93/><D83/><U115/><E36/><V29/><F33/><W59/><G1/><T119/><D45/><U51/><E6/><V57/><F74/><W73/><G73/><T25/><D95/><U102/><E115/><V30/><F72/><W71/><G71/><T111/><D93/><U108/><E90/><N who="2" m="53575" /><F77/><W88/><G125/><T66/><D111/><U70/><E108/><V124/><F124/><W11/><G11/><N who="0" m="6463" /><D66/><U121/><E121/><V91/><F91/><W41/><G41/><T126/><D69/><U76/><E76/><V42/><F42/><W53/><G59/><T81/><D81/><U39/><E39/><V23/><F31/><W117/><G117/><T107/><D107/><U122/><E122/><V40/><F40/><W4/><G4/><N who="0" m="3399" /><D126/><U12/><E102/><V65/><F65/><W109/><G109/><T103/><D103/><U101/><E101/><V46/><F46/><W135/><G135/><T96/><D96/><U68/><E104/><V120/><F120/><W35/><G35/><T15/><D119/><U60/><E70/><V79/><F79/><W78/><G78/><T44/><D44/><U85/><E85/><V26/><AGARI ba="0,0" hai="16,23,26,29,30,47,50,52,54,57,63" m="53575" machi="26" ten="30,11700,0" yaku="5,1,8,1,54,2" doraHai="64" who="2" fromWho="2" sc="50,-39,358,-39,257,117,335,-39" /><INIT seed="6,1,0,4,0,117" ten="11,319,374,296" oya="2" hai0="56,98,27,116,50,109,34,95,4,14,64,71,118" hai1="113,24,42,11,20,80,135,9,17,99,55,120,104" hai2="70,63,72,74,82,59,112,25,8,1,111,35,68" hai3="81,33,91,103,22,123,128,86,107,58,133,43,73"/><V7/><F112/><W126/><G33/><T90/><D109/><U88/><E113/><V36/><F111/><W62/><G126/><T23/><D71/><U92/><E135/><V125/><F125/><W38/><G133/><T130/><D130/><U28/><E120/><V75/><F36/><W13/><G128/><T54/><D34/><U110/><E110/><V61/><F82/><W40/><G73/><T69/><D69/><U21/><E104/><V121/><F121/><W12/><G123/><T3/><D3/><U5/><E42/><V30/><F30/><W93/><BYE who="2" /><G107/><T48/><D118/><U26/><E5/><UN n2="%E7%99%BE%E9%87%8E%E3%81%95%E3%82%93" /><V39/><F63/><W60/><G60/><T15/><D116/><U89/><E55/><V2/><F39/><W115/><G115/><T6/><D64/><U85/><AGARI ba="1,0" hai="9,11,17,20,21,24,26,28,80,85,88,89,92,99" machi="85" ten="30,4000,0" yaku="0,1,8,1,54,1" doraHai="117" who="1" fromWho="1" sc="11,-11,319,43,374,-21,296,-11" /><INIT seed="7,0,0,3,4,65" ten="0,362,353,285" oya="3" hai0="36,30,47,32,117,79,42,122,131,75,121,46,113" hai1="18,66,1,64,135,116,104,4,15,13,112,53,26" hai2="48,19,124,55,100,12,97,60,87,132,127,25,107" hai3="63,44,67,45,43,40,84,130,9,134,90,41,105"/><W16/><G105/><T89/><D89/><U2/><E104/><V76/><F132/><W123/><G130/><T56/><D56/><U71/><E135/><V126/><F25/><W85/><G123/><T39/><D79/><U125/><E71/><V109/><F109/><W0/><G134/><T28/><D42/><U102/><E102/><V86/><F60/><W93/><G85/><T14/><D14/><U17/><E26/><V34/><F34/><W103/><G103/><T119/><D32/><U62/><E62/><V29/><F29/><W11/><G0/><T51/><D51/><U81/><E81/><V6/><F6/><W35/><G35/><T118/><D75/><U10/><E116/><V128/><F76/><W8/><REACH who="3" step="1"/><G16/><REACH who="3" ten="0,362,353,275" step="2"/><T129/><D113/><U77/><E112/><V33/><F33/><W54/><G54/><T78/><D78/><U115/><E77/><V57/><F128/><W99/><G99/><T94/><D94/><U21/><E115/><V91/><F91/><W68/><AGARI ba="0,1" hai="8,9,11,40,41,43,44,45,63,67,68,84,90,93" machi="68" ten="30,6000,0" yaku="1,1,0,1,52,1,53,0" doraHai="65" doraHaiUra="111" who="3" fromWho="3" sc="0,-20,362,-20,353,-20,275,70" owari="-20,-52.0,342,14.2,333,-6.7,345,44.5" /></mjloggm>