<mjloggm ver="2.3"><GO type="169" lobby="0"/><UN n0="%E6%9F%8A%E5%92%B2%E5%A4%9C" n1="%6F%6B%62%6F%6B%62" n2="%E3%81%8B%E3%81%A3%E9%A3%9B%E3%81%B0%E3%81%9B%E5%85%A8%E9%83%A8" n3="%E3%81%8D%E3%81%84%E3%81%AA" dan="16,16,17,16" rate="2163.26,2053.77,2181.81,2105.61" sx="M,M,M,M"/><TAIKYOKU oya="0"/><INIT seed="0,0,0,5,4,42" ten="250,250,250,250" oya="0" hai0="90,52,26,122,106,48,135,39,23,67,63,78,51" hai1="104,114,49,85,82,38,13,72,22,59,117,75,118" hai2="102,74,94,105,86,100,60,55,19,17,33,101,16" hai3="115,41,43,1,21,87,40,131,132,128,3,88,110"/><T34/><D122/><U46/><E104/><V58/><F74/><W97/><G115/><T79/><D39/><U10/><E114/><V116/><F116/><W73/><G73/><T62/><D34/><U127/><E127/><V65/><F33/><W119/><G119/><T66/><D106/><U125/><E125/><V109/><F109/><W25/><G97/><T70/><D135/><U133/><E133/><V8/><F105/><W31/><G110/><T84/><D48/><U18/><E72/><V120/><F120/><W71/><G71/><T2/><D2/><U77/><E38/><V5/><F65/><N who="0" m="24586" /><D70/><U111/><E111/><V37/><F37/><W11/><G132/><T57/><D78/><U53/><E75/><V27/><F27/><W9/><G3/><T126/><D79/><U96/><E96/><V32/><F32/><W20/><G20/><T124/><D124/><U4/><REACH who="1" step="1"/><E59/><REACH who="1" ten="250,240,250,250" step="2"/><V99/><REACH who="2" step="1"/><F86/><REACH who="2" ten="250,240,240,250" step="2"/><W103/><G87/><T44/><D126/><U24/><AGARI ba="0,2" hai="4,10,13,18,22,24,46,49,53,77,82,85,117,118" machi="24" ten="20,12000,2" yaku="1,1,2,1,0,1,7,1,52,1,53,1" doraHai="42" doraHaiUra="80" who="1" fromWho="1" sc="250,-60,240,140,240,-30,250,-30" /><INIT seed="1,0,0,4,0,66" ten="190,380,210,220" oya="1" hai0="13,76,1,84,82,27,26,37,124,35,65,22,92" hai1="10,134,38,119,77,41,90,42,24,16,48,81,86" hai2="19,45,108,23,32,4,5,18,51,50,56,121,87" hai3="30,0,116,79,61,29,129,62,99,57,91,28,101"/><U102/><E119/><V115/><F121/><W43/><G129/><T11/><D37/><U74/><E38/><V133/><F32/><W59/><G116/><T12/><D124/><U60/><E134/><V54/><F133/><W40/><G0/><T100/><D1/><U68/><E102/><V106/><F108/><W75/><G91/><T58/><D35/><U103/><E103/><V17/><F115/><W34/><G34/><T109/><D13/><U20/><E10/><V135/><F135/><W9/><G9/><T117/><D109/><U94/><REACH who="1" step="1"/><E48/><REACH who="1" ten="190,370,210,220" step="2"/><V131/><F50/><W83/><G101/><T110/><D117/><U36/><E36/><V72/><F51/><W46/><G28/><T25/><D110/><U122/><E122/><V73/><F106/><W127/><G29/><T31/><D100/><U126/><E126/><V113/><F113/><W93/><G30/><T96/><D11/><U69/><E69/><V89/><F131/><W53/><G127/><T123/><D123/><U97/><E97/><V125/><F125/><W21/><G99/><T6/><D6/><U88/><E88/><V7/><F89/><W107/><G107/><T55/><D31/><U33/><E33/><V130/><F130/><W118/><G118/><T8/><D96/><U67/><AGARI ba="0,1" hai="16,20,24,41,42,60,67,68,74,77,81,86,90,94" machi="67" ten="30,11700,0" yaku="1,1,0,1,52,1,54,1,53,0" doraHai="66" doraHaiUra="120" who="1" fromWho="1" sc="190,-39,370,127,210,-39,220,-39" /><INIT seed="1,1,0,5,0,58" ten="151,497,171,181" oya="1" hai0="91,62,21,123,67,134,105,10,80,55,16,93,44" hai1="6,129,82,46,122,92,31,131,30,120,86,121,96" hai2="72,107,71,26,133,20,104,43,90,48,101,73,112" hai3="79,98,126,33,54,12,74,17,51,11,19,36,78"/><U18/><E6/><V102/><F133/><W39/><G126/><T109/><D105/><U60/><E46/><V85/><F112/><W100/><G33/><T7/><D134/><U52/><E18/><V75/><F71/><W63/><G17/><T115/><D115/><U45/><E45/><V116/><F116/><W50/><G50/><T124/><D124/><U88/><E31/><V0/><F0/><W53/><G63/><T1/><D109/><U14/><E14/><V81/><F43/><W41/><G41/><T108/><D108/><U110/><E30/><V117/><F117/><W69/><G69/><T97/><D80/><U15/><E15/><V103/><REACH who="2" step="1"/><F48/><REACH who="2" ten="151,497,161,181" step="2"/><W84/><G51/><T95/><D123/><U68/><E110/><V65/><F65/><W77/><G39/><T34/><D34/><U94/><E68/><V59/><F59/><W5/><G36/><T83/><D44/><U49/><E49/><V29/><AGARI ba="1,1" hai="20,26,29,72,73,75,81,85,90,101,102,103,104,107" machi="29" ten="40,2700,0" yaku="1,1,0,1,53,0" doraHai="58" doraHaiUra="119" who="2" fromWho="2" sc="151,-8,497,-14,161,40,181,-8" /><INIT seed="2,0,0,1,2,59" ten="143,483,201,173" oya="2" hai0="127,94,131,112,64,114,60,100,32,70,40,25,135" hai1="53,14,34,83,31,29,85,98,65,46,20,103,56" hai2="18,2,67,27,55,68,133,101,21,74,16,97,38" hai3="130,84,5,134,35,45,13,118,107,62,73,37,128"/><V26/><F133/><W95/><G73/><T69/><D94/><U119/><E119/><V91/><F2/><W121/><G107/><T124/><D100/><U96/><E65/><V78/><F38/><W122/><G35/><T80/><D80/><U99/><E103/><V41/><F41/><N who="3" m="22703" /><G118/><T39/><D135/><U9/><E46/><V75/><F91/><N who="3" m="53735" /><G134/><T3/><D3/><U76/><E34/><V115/><F115/><N who="0" m="44074" /><D131/><N who="3" m="50217" /><G62/><N who="0" m="40087" /><D40/><U47/><E20/><V104/><F78/><W15/><G15/><T51/><D39/><U86/><E76/><V71/><F104/><W116/><G116/><T81/><D51/><U113/><E113/><V4/><F75/><W123/><G123/><T8/><D81/><U109/><E83/><V92/><F74/><W6/><G6/><T17/><D17/><U50/><E29/><V49/><F4/><W66/><G66/><N who="0" m="41287" /><D8/><AGARI ba="0,0" hai="5,8,13,121,122" m="50217,53735,22703" machi="8" ten="30,1000,0" yaku="19,1" doraHai="59" who="3" fromWho="0" sc="143,-10,483,0,201,0,173,10" /><INIT seed="3,0,0,1,5,56" ten="133,483,201,183" oya="3" hai0="75,5,30,4,123,71,102,111,39,47,83,52,129" hai1="41,105,9,86,66,23,48,11,79,87,72,69,34" hai2="70,131,115,3,67,29,21,132,128,133,27,73,40" hai3="63,92,120,121,16,15,101,116,36,112,114,82,90"/><W14/><G36/><T32/><D123/><U13/><E34/><N who="2" m="20799" /><F73/><W97/><G116/><T58/><D71/><U104/><E72/><V50/><F40/><W62/><G120/><T81/><D111/><U55/><E41/><V124/><F50/><W59/><G121/><T37/><D129/><N who="2" m="49738" /><F70/><W103/><G15/><T60/><D102/><N who="3" m="38921" /><G114/><T65/><D30/><U18/><E104/><V118/><F67/><W6/><G6/><T78/><D32/><U12/><E105/><V61/><F61/><N who="3" m="23051" /><G112/><T96/><D96/><U110/><E110/><V44/><F115/><W38/><G38/><T45/><D65/><U134/><E66/><V117/><F3/><W51/><G82/><T77/><D39/><U49/><E69/><V106/><F106/><W74/><G74/><T127/><D37/><U33/><E33/><V122/><F122/><W130/><G130/><T31/><D75/><U94/><E12/><V85/><F117/><W2/><G2/><T22/><D5/><U125/><E13/><V57/><F118/><W107/><G107/><T17/><D4/><U8/><E9/><V119/><F119/><W91/><G91/><T26/><D83/><U109/><E8/><V99/><F132/><W19/><G14/><N who="0" m="9527" /><D81/><U68/><E11/><V100/><F133/><W35/><G35/><N who="0" m="20983" /><D127/><U42/><E134/><V24/><F124/><W54/><AGARI ba="0,0" hai="16,19,51,54,59,90,92,97" m="23051,38921" machi="54" ten="30,12000,1" yaku="8,1,52,3,54,1" doraHai="56" who="3" fromWho="3" sc="133,-40,483,-40,201,-40,183,120" /><INIT seed="3,1,0,4,5,65" ten="93,443,161,303" oya="3" hai0="12,44,128,98,69,111,72,54,101,82,33,5,50" hai1="81,45,34,125,18,25,78,134,92,14,93,41,79" hai2="27,133,68,55,86,10,74,116,1,114,16,126,38" hai3="120,118,32,131,61,122,62,24,70,63,4,15,104"/><W91/><G118/><T90/><D33/><U49/><E125/><V110/><RYUUKYOKU type="yao9" ba="1,0" sc="93,0,443,0,161,0,303,0" hai2="1,10,16,27,38,55,68,74,86,110,114,116,126,133" /><INIT seed="3,2,0,0,2,31" ten="93,443,161,303" oya="3" hai0="122,112,5,37,69,18,9,14,56,65,28,98,39" hai1="100,87,46,111,78,40,50,60,23,4,86,115,128" hai2="80,7,58,54,110,73,117,19,114,106,15,21,44" hai3="103,93,89,131,2,81,51,107,16,42,26,55,8"/><W99/><G131/><T1/><D122/><U120/><E115/><V92/><F114/><W74/><G42/><T12/><D69/><U70/><E128/><V84/><F117/><W67/><G67/><T61/><D112/><U3/><E111/><V17/><F106/><W25/><G74/><T27/><D14/><U72/><E120/><V53/><F110/><W48/><G81/><T11/><REACH who="0" step="1"/><D98/><REACH who="0" ten="83,443,161,303" step="2"/><U68/><E68/><V118/><F15/><W126/><G99/><T96/><D96/><U59/><E70/><V35/><F118/><W63/><G2/><T36/><D36/><U101/><E72/><V125/><F73/><W29/><G126/><T135/><D135/><U123/><E3/><V38/><F125/><W104/><G107/><T49/><D49/><U62/><E50/><V79/><F38/><W34/><G51/><T45/><D45/><U129/><E46/><V57/><F44/><W132/><G48/><T133/><D133/><U0/><E0/><V85/><F57/><W102/><G104/><T88/><D88/><U105/><E105/><V108/><F58/><W6/><G89/><T10/><D10/><U47/><E59/><V82/><F108/><W43/><G8/><T13/><D13/><U30/><E47/><V109/><F109/><W119/><G132/><T97/><D97/><U32/><E123/><V41/><F41/><W95/><G119/><T134/><D134/><U71/><E40/><V76/><F85/><W94/><G43/><T64/><D64/><U124/><E87/><V20/><F84/><W127/><G127/><T116/><D116/><RYUUKYOKU ba="2,1" sc="83,30,443,-10,161,-10,303,-10" hai0="1,5,9,11,12,18,27,28,37,39,56,61,65" /><INIT seed="4,3,1,0,0,64" ten="113,433,151,293" oya="0" hai0="111,125,114,116,28,107,93,131,38,27,78,7,51" hai1="120,13,46,102,82,73,96,25,71,133,58,50,37" hai2="84,0,118,91,57,134,6,115,62,92,100,76,55" hai3="31,68,86,98,79,123,43,112,106,11,109,105,130"/><T39/><D116/><U8/><E133/><V124/><F134/><W12/><G109/><T80/><D107/><U15/><E120/><V81/><F118/><W99/><G123/><T108/><D114/><U101/><E101/><V49/><F115/><W42/><G31/><T35/><D131/><U34/><E37/><V61/><F124/><W69/><G86/><T33/><D33/><U20/><E34/><V87/><F0/><W77/><G112/><T126/><D7/><U41/><E58/><V22/><F6/><W10/><REACH who="3" step="1"/><G12/><REACH who="3" ten="113,433,151,283" step="2"/><T3/><D3/><U74/><E13/><V113/><F113/><W132/><G132/><T88/><D38/><U40/><E15/><V119/><F119/><W36/><G36/><T24/><D39/><U83/><E73/><V53/><F22/><W103/><G103/><T122/><D122/><U90/><E8/><V59/><REACH who="2" step="1"/><F100/><REACH who="2" ten="113,433,141,283" step="2"/><W94/><G94/><T4/><D125/><U72/><E102/><V104/><F104/><W56/><G56/><T21/><D126/><U95/><E20/><V66/><F66/><W110/><G110/><T1/><D111/><U89/><E72/><V67/><F67/><W32/><G32/><T26/><D108/><U18/><E74/><V127/><F127/><W9/><G9/><N who="0" m="2191" /><D35/><U45/><E95/><V97/><F97/><W60/><G60/><AGARI ba="3,3" hai="49,53,55,57,59,60,61,62,76,81,84,87,91,92" machi="60" ten="30,3900,0" yaku="1,1,7,1,8,1,53,0" doraHai="64" doraHaiUra="65" who="2" fromWho="3" sc="113,0,433,0,141,78,283,-48" /><INIT seed="5,0,0,3,2,94" ten="113,433,219,235" oya="1" hai0="116,107,54,26,18,46,57,129,115,130,84,55,41" hai1="43,69,77,15,73,16,59,7,112,17,23,27,82" hai2="92,38,48,1,91,101,37,24,5,119,58,21,80" hai3="53,25,47,122,89,125,3,79,45,70,124,13,102"/><U72/><E112/><V99/><F119/><W104/><G3/><T20/><D116/><U93/><E69/><V36/><F1/><W123/><G70/><T39/><D115/><U87/><E7/><V11/><F58/><W28/><G79/><T106/><D55/><U85/><E43/><V22/><F48/><N who="3" m="28815" /><G89/><T19/><D19/><U49/><E73/><V6/><F11/><W105/><G13/><T67/><D67/><U95/><E72/><V71/><F21/><W78/><G78/><T118/><D118/><U60/><E85/><V34/><F34/><W2/><G2/><T32/><D32/><U96/><E49/><V51/><F51/><W64/><G64/><T4/><D4/><U29/><E15/><V12/><F12/><W33/><G47/><T42/><D42/><U86/><E86/><V128/><F71/><W61/><G61/><T121/><D121/><N who="3" m="46089" /><G102/><T63/><REACH who="0" step="1"/><D84/><REACH who="0" ten="103,433,219,235" step="2"/><U98/><E93/><V40/><F40/><W52/><G104/><AGARI ba="0,1" hai="18,20,26,39,41,46,54,57,63,104,106,107,129,130" machi="104" ten="40,2600,0" yaku="1,1,2,1,53,0" doraHai="94" doraHaiUra="74" who="0" fromWho="3" sc="103,36,433,0,219,0,235,-26" /><INIT seed="6,0,0,5,2,132" ten="139,433,219,209" oya="2" hai0="48,3,37,84,40,113,129,67,54,2,106,73,75" hai1="134,43,130,53,42,66,86,105,62,74,100,14,21" hai2="34,18,24,13,26,103,119,93,85,87,6,76,51" hai3="118,64,61,57,36,131,7,123,92,120,79,52,39"/><V49/><F119/><W96/><G118/><T108/><D108/><U115/><E74/><V17/><F6/><W80/><G7/><T94/><D106/><U16/><E134/><V65/><F65/><W35/><G35/><T59/><D113/><U127/><E115/><V55/><F34/><W5/><G131/><T110/><D110/><U88/><E130/><V60/><F60/><W25/><G25/><N who="2" m="9833" /><F76/><W91/><G5/><T69/><D129/><U23/><E23/><N who="2" m="11695" /><F18/><W30/><G30/><T12/><D12/><U116/><E116/><V45/><F49/><W122/><REACH who="3" step="1"/><G64/><REACH who="3" ten="139,433,219,199" step="2"/><T126/><D3/><U56/><E66/><V109/><F109/><W47/><G47/><N who="0" m="23951" /><D2/><U27/><E27/><V1/><F1/><W107/><G107/><T19/><D19/><U20/><E20/><V81/><F81/><W29/><G29/><T78/><D94/><U41/><E105/><V22/><F22/><W82/><G82/><N who="0" m="47191" /><D126/><U33/><E33/><V28/><F28/><W72/><AGARI ba="0,1" hai="36,39,52,57,61,72,79,80,91,92,96,120,122,123" machi="72" ten="30,4000,0" yaku="1,1,0,1,54,1,53,0" doraHai="132" doraHaiUra="15" who="3" fromWho="3" sc="139,-10,433,-10,219,-20,199,50" /><INIT seed="7,0,0,0,4,22" ten="129,423,199,249" oya="3" hai0="81,17,19,57,119,63,133,79,43,60,69,123,39" hai1="107,61,74,89,15,30,46,90,36,38,34,94,73" hai2="106,45,35,101,66,100,98,5,80,88,92,37,14" hai3="68,67,0,13,52,102,72,54,118,3,86,121,18"/><W32/><G72/><T105/><D133/><U115/><E107/><V135/><F35/><W8/><G118/><T56/><D123/><U42/><E115/><V71/><F135/><W104/><G121/><T128/><D128/><U130/><E130/><V127/><F127/><W12/><G32/><T109/><D109/><U6/><E36/><V25/><F80/><W20/><G68/><T51/><D119/><U75/><E61/><V47/><F101/><W7/><G67/><T9/><D105/><U1/><E1/><V97/><F37/><W64/><G64/><T10/><D69/><U44/><E44/><V48/><F25/><W111/><G111/><T31/><D39/><U83/><E83/><V59/><F71/><W131/><G131/><T2/><D2/><U28/><E34/><V93/><F106/><W112/><G112/><T103/><D103/><U40/><E40/><V124/><F124/><W24/><G86/><T91/><D91/><U82/><E90/><V114/><F114/><W113/><G113/><T84/><D31/><U70/><E82/><V26/><F100/><W96/><REACH who="3" step="1"/><G0/><REACH who="3" ten="129,423,199,239" step="2"/><T85/><D81/><U77/><E70/><V53/><F66/><W62/><G62/><T117/><D117/><U50/><E77/><V11/><F98/><W110/><G110/><T132/><D132/><U16/><E73/><V41/><F97/><W134/><G134/><T108/><D108/><U23/><E74/><V55/><F88/><W126/><G126/><T49/><D79/><U116/><E75/><V78/><F78/><W122/><G122/><T125/><D125/><RYUUKYOKU ba="0,1" sc="129,15,423,-15,199,-15,239,15" hai0="9,10,17,19,43,49,51,56,57,60,63,84,85" hai3="3,7,8,12,13,18,20,24,52,54,96,102,104" /><INIT seed="7,1,1,5,2,122" ten="144,408,184,254" oya="3" hai0="134,118,87,3,1,17,58,57,11,55,49,37,67" hai1="84,74,66,16,98,52,120,102,31,119,5,75,53" hai2="61,56,27,99,78,115,34,12,111,83,0,132,26" hai3="79,106,60,64,59,38,6,91,125,33,29,107,104"/><W63/><G125/><T28/><D118/><U43/><E119/><V13/><F0/><W8/><G38/><T126/><D134/><U82/><E5/><V40/><F111/><W54/><G79/><T121/><D121/><U73/><E31/><V116/><F116/><W22/><G33/><T130/><D130/><U30/><E30/><V90/><F132/><W7/><G91/><T123/><D123/><U35/><E43/><V10/><F115/><W113/><G113/><T135/><D135/><U48/><E66/><N who="2" m="39207" /><F40/><W23/><G29/><T21/><D126/><U124/><E53/><V101/><F101/><W80/><G80/><T46/><D28/><U110/><E84/><N who="2" m="48247" /><F34/><W93/><G93/><T36/><D87/><U65/><E16/><N who="2" m="8215" /><F13/><W86/><G86/><T39/><D11/><U127/><E98/><V41/><F41/><W76/><G76/><T117/><D117/><U25/><E48/><V114/><F114/><W77/><G77/><T96/><D96/><U9/><E65/><V32/><F32/><W70/><REACH who="3" step="1"/><G6/><REACH who="3" ten="144,408,184,244" step="2"/><T85/><D85/><U133/><E133/><V89/><F89/><W44/><G44/><T68/><D1/><AGARI ba="1,2" hai="1,7,8,22,23,54,59,60,63,64,70,104,106,107" machi="1" ten="40,2000,0" yaku="1,1,53,0" doraHai="122" doraHaiUra="108" who="3" fromWho="0" sc="144,-23,408,0,184,0,244,43" /><INIT seed="7,2,0,2,4,52" ten="121,408,184,287" oya="3" hai0="70,131,57,114,7,45,8,31,130,101,71,53,29" hai1="84,23,21,41,15,74,115,65,6,135,91,81,34" hai2="132,88,11,121,64,59,72,122,46,63,5,103,134" hai3="78,89,49,26,126,0,54,24,50,58,42,37,20"/><W30/><G126/><T22/><D101/><U82/><E115/><V79/><F103/><W2/><G37/><T86/><D114/><U60/><E41/><V111/><F111/><W90/><G78/><T16/><D45/><U43/><E43/><V94/><F46/><W113/><G113/><T55/><D71/><U99/><E99/><N who="2" m="57799" /><F79/><W110/><G110/><T36/><D70/><U77/><E34/><V68/><F72/><W18/><G42/><T106/><D106/><U93/><E81/><V61/><F61/><W10/><G50/><T27/><D36/><U120/><E120/><N who="2" m="46187" /><F59/><W33/><REACH who="3" step="1"/><G10/><REACH who="3" ten="121,408,184,277" step="2"/><T25/><D131/><U47/><E77/><V28/><F11/><W3/><AGARI ba="2,1" hai="0,2,3,18,20,24,26,30,33,49,54,58,89,90" machi="3" ten="30,11700,0" yaku="1,1,2,1,0,1,52,1,53,0" doraHai="52" doraHaiUra="67" who="3" fromWho="3" sc="121,-41,408,-41,184,-41,277,133" owari="80,-42.0,367,16.7,143,-25.7,410,51.0" /></mjloggm>