<mjloggm ver="2.3"><GO type="169" lobby="0"/><UN n0="%6C%75%6E%61%32%33%34%35" n1="%E9%9B%B2%E3%81%AE%E3%83%95%E3%83%89%E3%82%A6" n2="%E3%82%86%E3%81%86%E3%82%8C%E3%81%84%E3%81%84%E3%81%8B" n3="%E3%81%95%E3%81%8B%E3%81%8D" dan="16,16,17,17" rate="2072.65,2082.74,2192.94,2217.46" sx="F,M,M,M"/><TAIKYOKU oya="0"/><INIT seed="0,0,0,5,1,38" ten="250,250,250,250" oya="0" hai0="129,16,71,126,2,105,45,82,106,20,131,102,8" hai1="116,79,128,83,6,10,14,84,22,52,9,133,70" hai2="63,30,98,75,121,42,23,64,35,114,31,110,81" hai3="72,59,100,122,40,132,97,96,88,61,78,44,119"/><T73/><D126/><U123/><E116/><V48/><F121/><W69/><G119/><T107/><D102/><U130/><E123/><V62/><F114/><W85/><G122/><T4/><D71/><U65/><E133/><V67/><F35/><W111/><G69/><T12/><REACH who="0" step="1"/><D45/><REACH who="0" ten="240,250,250,250" step="2"/><U76/><E70/><V18/><F110/><W99/><G100/><T127/><D127/><U21/><E128/><V68/><F68/><W93/><G111/><T104/><N who="0" m="26624" /><DORA hai="125" /><T90/><D90/><U112/><E130/><V46/><F46/><W13/><G44/><T80/><D80/><U11/><E112/><V27/><F81/><W24/><G88/><T89/><D89/><U49/><E79/><AGARI ba="0,1" hai="2,4,8,12,16,20,73,79,82,129,131" m="26624" machi="79" ten="70,12000,1" yaku="1,1,52,2,54,1,53,0" doraHai="38,125" doraHaiUra="115,25" who="0" fromWho="1" sc="240,130,250,-120,250,0,250,0" /><INIT seed="0,1,0,4,1,118" ten="370,130,250,250" oya="0" hai0="51,98,95,112,19,126,123,21,31,72,57,3,97" hai1="124,27,115,40,89,9,24,45,79,130,64,107,104" hai2="60,73,28,82,52,15,55,75,69,43,86,135,54" hai3="63,32,78,92,29,100,48,110,103,30,101,85,94"/><T16/><D112/><U36/><E115/><V34/><F43/><W80/><G110/><T47/><D126/><U81/><E124/><V23/><F135/><W106/><G106/><T49/><D3/><U41/><E130/><V74/><F34/><W33/><G63/><T11/><D72/><U62/><E41/><V87/><F82/><W37/><G37/><T18/><D123/><U134/><E134/><V0/><F0/><W120/><G120/><T83/><D83/><U20/><E89/><V17/><REACH who="2" step="1"/><F28/><REACH who="2" ten="370,130,240,250" step="2"/><W71/><G33/><T4/><D31/><U39/><E39/><V67/><AGARI ba="1,1" hai="15,17,23,52,54,55,60,67,69,73,74,75,86,87" machi="67" ten="40,8000,1" yaku="1,1,2,1,0,1,54,1,53,0" doraHai="118" doraHaiUra="53" who="2" fromWho="2" sc="370,-41,130,-21,240,93,250,-21" /><INIT seed="1,0,0,2,2,64" ten="329,109,333,229" oya="1" hai0="112,81,20,92,107,109,123,122,90,68,33,14,2" hai1="67,88,73,71,35,77,22,76,43,3,42,32,133" hai2="15,50,6,102,106,4,74,62,86,11,128,63,114" hai3="87,41,36,91,85,23,119,60,116,95,5,37,79"/><U52/><E3/><V59/><F74/><W97/><G5/><T47/><D112/><U117/><E117/><N who="3" m="45130" /><G41/><T57/><D33/><U19/><E35/><V75/><F75/><W94/><G23/><T69/><D107/><U16/><E32/><V24/><F128/><W31/><G31/><T30/><D2/><U98/><E73/><V120/><F120/><N who="0" m="46122" /><D109/><U108/><E71/><N who="0" m="27209" /><D57/><U53/><E67/><V132/><F59/><W17/><G60/><T21/><D47/><U65/><E65/><V45/><F45/><W121/><G121/><T80/><D14/><N who="1" m="9495" /><E19/><V104/><F15/><W0/><G17/><T1/><D1/><U38/><E38/><V103/><F114/><W13/><G13/><T118/><D118/><U101/><E101/><V44/><F44/><W89/><G0/><T134/><D134/><U40/><E133/><V93/><F132/><W27/><G27/><N who="0" m="16743" /><D21/><U61/><E108/><V72/><F24/><W113/><G113/><T56/><D56/><N who="1" m="34951" /><E53/><V26/><F26/><W110/><G110/><T135/><D135/><U99/><E99/><AGARI ba="0,0" hai="80,81,90,92,99" m="16743,27209,46122" machi="99" ten="30,7700,0" yaku="13,1,52,3" doraHai="64" who="0" fromWho="1" sc="329,77,109,-77,333,0,229,0" /><INIT seed="2,0,0,4,3,15" ten="406,32,333,229" oya="2" hai0="71,132,125,32,122,113,5,58,73,127,12,88,27" hai1="57,0,38,121,41,63,77,21,25,135,124,39,98" hai2="84,87,40,29,65,34,97,36,96,54,66,3,69" hai3="16,22,72,111,81,13,1,134,48,79,120,106,19"/><V47/><F3/><W45/><G120/><T64/><D113/><U89/><E0/><V67/><F69/><W70/><G70/><T76/><D122/><U50/><E121/><V93/><F97/><W11/><G106/><T105/><D105/><U31/><E135/><V14/><F54/><W90/><G134/><T126/><D132/><U119/><E119/><V7/><F34/><W43/><G111/><T110/><D110/><U108/><E108/><V61/><F29/><W95/><G1/><T10/><D27/><U91/><E124/><V75/><F75/><W6/><G22/><T23/><D32/><U112/><E112/><V104/><F61/><W128/><G128/><T56/><D23/><U44/><E77/><V82/><F104/><W42/><G43/><T9/><D9/><U74/><E74/><V94/><F94/><W102/><G102/><T131/><D131/><U2/><E2/><V18/><F7/><W17/><REACH who="3" step="1"/><G6/><REACH who="3" ten="406,32,333,219" step="2"/><T92/><D71/><U99/><E39/><V117/><F117/><W123/><G123/><T33/><D33/><U116/><E38/><V37/><F37/><W83/><G83/><N who="0" m="45455" /><D64/><N who="1" m="39023" /><E116/><V26/><F82/><W129/><G129/><T109/><D109/><U62/><E62/><V118/><F118/><W55/><G55/><T78/><D125/><U30/><E30/><V100/><REACH who="2" step="1"/><F26/><REACH who="2" ten="406,32,323,219" step="2"/><W80/><G80/><T114/><D126/><U28/><E28/><V24/><F24/><W4/><G4/><T68/><D127/><U20/><E31/><V35/><F35/><W59/><G59/><T107/><D114/><U130/><E130/><RYUUKYOKU ba="0,2" sc="406,-15,32,-15,323,15,219,15" hai2="14,18,36,40,47,65,66,67,84,87,93,96,100" hai3="11,13,16,17,19,42,45,48,72,79,81,90,95" /><INIT seed="2,1,2,5,5,105" ten="391,17,338,234" oya="2" hai0="127,90,46,123,61,98,135,58,70,121,15,2,4" hai1="100,95,99,18,59,97,27,120,89,119,25,71,10" hai2="130,29,124,48,102,108,67,115,43,7,101,93,69" hai3="54,74,87,40,94,129,14,41,39,13,73,8,65"/><V104/><F115/><W110/><G65/><T88/><D127/><U126/><E119/><V64/><F104/><W83/><G94/><T128/><D128/><U75/><E71/><V20/><F124/><W51/><G129/><T57/><D135/><U60/><E126/><V63/><F130/><W22/><G22/><T62/><D2/><U134/><E134/><V11/><F67/><W42/><G39/><T35/><D35/><U31/><E120/><V106/><F106/><W82/><G110/><T38/><D4/><U72/><E97/><V80/><F93/><W96/><G96/><T78/><D15/><U44/><E44/><V34/><F34/><W85/><G54/><T23/><D23/><U3/><E89/><V111/><F80/><N who="3" m="30763" /><G51/><T103/><D70/><U133/><E133/><V16/><F29/><W76/><G8/><T77/><D98/><U49/><E49/><V107/><F43/><W79/><G13/><T50/><D50/><U37/><E37/><V5/><F5/><W66/><G14/><T55/><D38/><U52/><E3/><N who="2" m="511" /><F48/><W81/><G66/><T24/><D121/><U0/><E18/><V33/><F33/><W86/><G81/><T1/><D1/><U118/><E118/><V12/><F107/><W17/><G17/><T28/><D28/><U84/><E31/><V113/><F113/><W56/><G56/><T19/><D58/><U26/><REACH who="1" step="1"/><E84/><REACH who="1" ten="391,7,338,234" step="2"/><V132/><F132/><W6/><G6/><AGARI ba="1,3" hai="0,6,10,25,26,27,52,59,60,72,75,95,99,100" machi="6" ten="40,8000,1" yaku="1,1,2,1,52,2,54,1,53,0" doraHai="105" doraHaiUra="30" who="1" fromWho="3" sc="391,0,7,113,338,0,234,-83" /><INIT seed="3,0,0,3,5,76" ten="391,120,338,151" oya="3" hai0="55,102,72,34,124,123,31,113,85,88,133,84,104" hai1="44,132,19,77,134,8,75,103,106,120,17,4,109" hai2="82,128,39,89,47,64,97,12,87,13,99,116,94" hai3="26,1,61,86,69,15,7,20,18,63,131,57,2"/><W50/><G131/><T93/><D123/><U83/><E120/><V46/><F116/><W101/><G69/><T60/><D133/><U117/><E109/><V65/><F128/><W108/><G108/><T42/><D124/><U58/><E117/><V74/><F74/><W127/><G127/><T111/><D111/><U38/><E58/><V5/><F97/><W6/><G101/><T52/><D72/><U59/><E59/><V53/><F39/><W40/><G1/><T118/><D113/><U73/><E73/><V36/><F36/><W16/><G2/><T56/><D42/><N who="1" m="22615" /><E103/><V33/><F33/><W30/><G86/><T70/><D70/><U68/><E106/><V9/><F13/><W45/><G18/><N who="1" m="6666" /><E68/><V105/><F105/><W66/><REACH who="3" step="1"/><G61/><REACH who="3" ten="391,120,338,141" step="2"/><T121/><D60/><U96/><E96/><V125/><F125/><W115/><G115/><T35/><D102/><U130/><E130/><V11/><F99/><W24/><G24/><T110/><D110/><U54/><E134/><V48/><F87/><W3/><G3/><T92/><D85/><U67/><E132/><V90/><F12/><W122/><G122/><T95/><D84/><U100/><E100/><V114/><F114/><W126/><G126/><T27/><D118/><U25/><E25/><V91/><F48/><W29/><G29/><T14/><D31/><U78/><E75/><V79/><F11/><AGARI ba="0,1" hai="6,7,11,15,16,20,26,30,40,45,50,57,63,66" machi="11" ten="30,12000,1" yaku="1,1,7,1,8,1,54,1,53,1" doraHai="76" doraHaiUra="22" who="3" fromWho="2" sc="391,0,120,0,338,-120,141,130" /><INIT seed="3,1,0,2,4,130" ten="391,120,218,271" oya="3" hai0="105,3,21,46,54,131,99,5,68,102,4,79,53" hai1="72,38,89,51,23,29,80,78,67,90,122,44,55" hai2="82,35,84,83,63,43,0,123,48,75,32,74,45" hai3="13,95,33,135,100,30,81,2,62,59,36,125,107"/><W116/><G116/><T96/><D131/><U24/><E122/><V18/><F0/><W93/><G2/><T39/><D68/><U112/><E112/><V69/><F123/><W85/><G36/><T115/><D115/><U22/><E38/><V10/><F69/><W126/><G107/><T104/><D79/><U106/><E106/><V119/><F119/><W28/><G13/><T19/><D3/><U34/><E67/><V70/><F70/><W65/><G135/><T101/><D39/><U57/><E44/><V128/><F63/><W58/><G58/><T8/><D8/><U16/><REACH who="1" step="1"/><E34/><REACH who="1" ten="391,110,218,271" step="2"/><V120/><F128/><W129/><G129/><T31/><D46/><U109/><E109/><V111/><F111/><W41/><G33/><T64/><D64/><U118/><E118/><V20/><F120/><W1/><G65/><T11/><D104/><U110/><E110/><V52/><F35/><W56/><G56/><T12/><D105/><U47/><E47/><V6/><F32/><W77/><G59/><T98/><D101/><U15/><AGARI ba="1,1" hai="15,16,22,23,24,29,51,55,57,72,78,80,89,90" machi="15" ten="20,5200,0" yaku="1,1,0,1,7,1,54,1,53,0" doraHai="130" doraHaiUra="121" who="1" fromWho="1" sc="391,-14,110,65,218,-14,271,-27" /><INIT seed="4,0,0,4,0,17" ten="377,175,204,244" oya="0" hai0="8,65,19,114,75,73,104,120,68,134,6,67,117" hai1="44,122,118,88,40,4,96,38,3,110,52,51,39" hai2="59,63,100,12,9,84,135,36,41,124,64,86,97" hai3="106,105,32,0,35,81,99,16,71,56,72,77,85"/><T127/><D65/><U78/><E118/><V53/><F135/><W20/><G71/><T116/><D67/><U101/><E122/><V79/><F124/><W27/><G0/><T130/><D19/><U60/><E110/><V90/><F79/><W87/><G87/><T2/><D8/><U115/><E78/><V113/><F113/><W37/><G37/><T49/><D49/><U42/><E115/><V45/><F64/><W54/><G85/><T107/><D6/><U89/><E3/><V82/><F86/><W74/><G74/><T43/><D43/><N who="1" m="16427" /><E39/><V23/><F12/><W131/><G131/><T112/><D75/><U13/><E38/><V62/><F9/><W58/><G58/><T47/><D47/><U98/><E60/><V14/><F14/><W5/><G5/><T109/><D114/><U76/><E76/><V93/><REACH who="2" step="1"/><F63/><REACH who="2" ten="377,175,194,244" step="2"/><W111/><G111/><T125/><D127/><U28/><E13/><V21/><AGARI ba="0,1" hai="21,23,36,41,45,53,59,62,82,84,90,93,97,100" machi="21" ten="30,8000,1" yaku="1,1,2,1,0,1,52,2,53,0" doraHai="17" doraHaiUra="30" who="2" fromWho="2" sc="377,-40,175,-20,194,90,244,-20" /><INIT seed="5,0,0,4,4,127" ten="337,155,284,224" oya="1" hai0="113,69,110,44,6,42,65,102,41,1,9,12,45" hai1="67,34,89,126,63,131,20,88,29,0,57,103,76" hai2="120,121,124,32,8,4,130,5,35,70,50,71,39" hai3="105,93,49,64,22,13,11,132,75,129,114,80,79"/><U60/><E126/><V3/><F39/><W119/><G105/><T54/><D110/><U53/><E0/><V10/><F124/><W91/><G114/><T107/><D113/><U24/><E76/><V23/><F50/><W72/><G132/><T135/><D135/><U55/><E131/><V68/><F23/><W134/><G134/><T56/><D69/><U16/><E103/><V58/><F58/><W30/><G64/><T37/><D65/><U25/><REACH who="1" step="1"/><E55/><REACH who="1" ten="337,145,284,224" step="2"/><V18/><F130/><W117/><G129/><T47/><D102/><U81/><E81/><V86/><F3/><W28/><G80/><T87/><D54/><U21/><E21/><V115/><F115/><W128/><G79/><T43/><D1/><U96/><E96/><V98/><F98/><W85/><G22/><T78/><D78/><U111/><E111/><V118/><F35/><W125/><G125/><T74/><D41/><U31/><E31/><V97/><F32/><W109/><G109/><T26/><D42/><U83/><E83/><V61/><F97/><W108/><G108/><T90/><D43/><U101/><E101/><V51/><F121/><W2/><G2/><T36/><D37/><U104/><E104/><V133/><F120/><W92/><G128/><T112/><D36/><U19/><E19/><V46/><F18/><W7/><G28/><T99/><D112/><U38/><E38/><V95/><F133/><W59/><G30/><T27/><D107/><U100/><E100/><V84/><F8/><W77/><G77/><T40/><D9/><U17/><E17/><V82/><F10/><RYUUKYOKU ba="0,1" sc="337,-10,145,30,284,-10,224,-10" hai1="16,20,24,25,29,34,53,57,60,63,67,88,89" /><INIT seed="5,1,1,2,0,3" ten="327,175,274,214" oya="1" hai0="86,37,112,132,31,107,79,10,99,101,34,105,130" hai1="94,22,20,33,113,62,54,1,17,24,95,26,38" hai2="39,116,104,85,8,46,80,122,123,48,102,117,109" hai3="67,97,23,40,59,36,65,92,103,135,32,124,13"/><U21/><E113/><V98/><F39/><W76/><G32/><T42/><D112/><U60/><E1/><V77/><F109/><W63/><G135/><T87/><D132/><U57/><E38/><V6/><F122/><W81/><G124/><T28/><D130/><U41/><E41/><V58/><F58/><W44/><G23/><N who="1" m="8778" /><E33/><V90/><F90/><W120/><G120/><T133/><D31/><U100/><E100/><V9/><F9/><W30/><G30/><T96/><D28/><U69/><E69/><V7/><F123/><W84/><REACH who="3" step="1"/><G13/><REACH who="3" ten="327,175,274,204" step="2"/><T93/><D34/><U25/><E62/><V18/><F117/><W72/><G72/><T88/><D133/><U119/><E119/><V50/><F116/><W134/><G134/><T106/><D37/><U73/><E73/><V61/><F61/><W19/><G19/><T115/><D115/><U75/><E75/><V108/><F108/><W53/><AGARI ba="1,2" hai="36,40,44,53,59,63,65,67,76,81,84,92,97,103" machi="53" ten="20,2700,0" yaku="1,1,0,1,7,1,53,0" doraHai="3" doraHaiUra="12" who="3" fromWho="3" sc="327,-8,175,-14,274,-8,204,50" /><INIT seed="6,0,0,0,4,114" ten="319,161,266,254" oya="2" hai0="24,35,125,96,99,61,116,76,133,17,67,18,4" hai1="1,37,102,83,64,134,107,8,34,48,42,26,54" hai2="12,119,113,81,63,57,132,11,2,6,50,91,43" hai3="44,20,75,55,53,88,62,103,31,115,97,15,23"/><V121/><F119/><W51/><G75/><T110/><D110/><U135/><E64/><V79/><F121/><W9/><G115/><T130/><D133/><U29/><E83/><V28/><F113/><W84/><G31/><T89/><D130/><U66/><E66/><V93/><F132/><W21/><G62/><T86/><D4/><U92/><E92/><V87/><F28/><W111/><G111/><T33/><D76/><U52/><E48/><V56/><F2/><W59/><G103/><T27/><D86/><U16/><E1/><V117/><F117/><W3/><G97/><T13/><D13/><U25/><E134/><V105/><F105/><W68/><G68/><T101/><D116/><U127/><E135/><V118/><F63/><N who="3" m="36335" /><G3/><T104/><D101/><U90/><E90/><V39/><F39/><W95/><G21/><T108/><D108/><U36/><E36/><V0/><F0/><W129/><G129/><T100/><D100/><U60/><E60/><V49/><F49/><W112/><G112/><T7/><D61/><U32/><E32/><V14/><F14/><W58/><G58/><T73/><D33/><U126/><E102/><V78/><F78/><W5/><AGARI ba="0,0" hai="5,9,15,20,23,44,51,55,84,88,95" m="36335" machi="5" ten="30,2000,0" yaku="8,1,54,1" doraHai="114" who="3" fromWho="3" sc="319,-5,161,-5,266,-10,254,20" /><INIT seed="7,0,0,0,1,60" ten="314,156,256,274" oya="3" hai0="95,44,55,67,16,88,133,4,3,9,91,82,21" hai1="121,117,89,135,131,83,105,24,132,73,45,68,19" hai2="64,0,43,59,97,25,111,109,27,110,90,100,66" hai3="40,69,77,74,56,112,30,85,70,124,58,37,102"/><W130/><G74/><T46/><D133/><U2/><E45/><V49/><F0/><W35/><G102/><T41/><D67/><U54/><E54/><V103/><F90/><W22/><G35/><T36/><D95/><U108/><E24/><V5/><F5/><W94/><G30/><T39/><D82/><U51/><E51/><V7/><F7/><W80/><G22/><T92/><D92/><U13/><E19/><V81/><F81/><W57/><G112/><T84/><D84/><U63/><E13/><V10/><F10/><W128/><G124/><T107/><D107/><U126/><E63/><V8/><F8/><W116/><G116/><T50/><D39/><U33/><E83/><V23/><F59/><W114/><G114/><T129/><D129/><N who="3" m="49769" /><G94/><T104/><D104/><U127/><E89/><V113/><F113/><W28/><G28/><T1/><D1/><U29/><E29/><V106/><F103/><W42/><G37/><T32/><D32/><U17/><E17/><V14/><F14/><AGARI ba="0,0" hai="3,4,9,14,16,21,36,41,44,46,50,55,88,91" machi="14" ten="30,3900,0" yaku="7,1,54,2" doraHai="60" who="0" fromWho="2" sc="314,39,156,0,256,-39,274,0" owari="353,45.3,156,-34.4,217,-18.3,274,7.4" /></mjloggm>