<mjloggm ver="2.3"><GO type="169" lobby="0"/><UN n0="%E3%82%AB%E3%83%A9%E6%9D%BE" n1="%40%E5%8F%8B%E5%88%A9%E5%A5%88%E7%B7%92%40" n2="%4D%E6%9C%AC" n3="%E3%81%A4%E3%81%8B%E3%82%93%E3%81%BD%E3%81%A3" dan="17,17,18,17" rate="2129.35,2189.11,2228.55,2166.94" sx="M,F,M,F"/><TAIKYOKU oya="0"/><INIT seed="0,0,0,4,2,108" ten="250,250,250,250" oya="0" hai0="125,45,37,34,9,36,117,7,14,5,111,113,105" hai1="80,52,109,26,97,56,66,0,84,6,2,106,130" hai2="132,30,119,133,33,24,27,51,93,96,8,31,25" hai3="122,65,49,69,38,91,104,88,55,103,78,54,41"/><T126/><D117/><U10/><E109/><V62/><F119/><W99/><G122/><T134/><D111/><U17/><E130/><V115/><F51/><W29/><G78/><T43/><D105/><U124/><E66/><V82/><F82/><W28/><G38/><T48/><D34/><U4/><E124/><N who="0" m="47721" /><D134/><N who="2" m="51818" /><F62/><W85/><G41/><T15/><D113/><U40/><E40/><V11/><F115/><W92/><G91/><T120/><D120/><U53/><E6/><V135/><N who="2" m="51826" /><V1/><DORA hai="18" /><F1/><W63/><REACH who="3" step="1"/><G55/><REACH who="3" ten="250,250,250,240" step="2"/><T114/><D114/><U21/><E2/><V123/><F123/><W16/><G16/><T110/><D110/><U22/><E53/><V58/><F58/><AGARI ba="0,1" hai="28,29,49,54,58,63,65,69,85,88,92,99,103,104" machi="58" ten="30,8000,1" yaku="1,1,7,1,54,1,53,2" doraHai="108,18" doraHaiUra="67,50" who="3" fromWho="2" sc="250,0,250,0,250,-80,240,90" /><INIT seed="1,0,0,5,1,91" ten="250,250,170,330" oya="1" hai0="53,50,60,110,83,98,87,45,23,123,94,43,13" hai1="95,121,119,29,7,74,117,52,90,89,47,100,51" hai2="84,8,62,106,132,67,27,24,88,133,68,44,76" hai3="71,40,134,118,0,116,9,33,102,26,34,96,104"/><U72/><E121/><V93/><F106/><W115/><G115/><T109/><D123/><U66/><E7/><V79/><F8/><W12/><G134/><N who="2" m="51817" /><F44/><W122/><G122/><T105/><D105/><U73/><E66/><V111/><F111/><W92/><G0/><T37/><D60/><U81/><E29/><V35/><F27/><W130/><G130/><T63/><D63/><U6/><E6/><V1/><F1/><W2/><G2/><T125/><D125/><U97/><REACH who="1" step="1"/><E81/><REACH who="1" ten="250,240,170,330" step="2"/><V75/><F75/><W129/><G129/><T126/><D126/><U39/><E39/><V108/><F108/><W99/><G71/><T124/><D124/><U14/><E14/><V64/><F67/><W17/><G26/><T10/><D109/><U54/><E54/><V58/><F68/><W69/><G69/><T80/><D110/><U59/><E59/><V49/><F49/><W18/><G18/><T32/><D37/><U20/><E20/><V38/><F38/><W48/><G48/><T46/><D23/><U128/><E128/><V57/><F58/><W103/><REACH who="3" step="1"/><G40/><REACH who="3" ten="250,240,170,320" step="2"/><T55/><D43/><U5/><E5/><V22/><F35/><AGARI ba="0,2" hai="9,12,17,33,34,35,92,96,99,102,103,104,116,118" machi="35" ten="40,12000,2" yaku="1,1,2,1,52,1,53,3" doraHai="91" doraHaiUra="31" who="3" fromWho="2" sc="250,0,240,0,170,-120,320,140" /><INIT seed="2,0,0,0,2,48" ten="250,240,50,460" oya="2" hai0="63,133,23,4,71,102,80,92,132,94,12,119,127" hai1="130,109,131,103,69,58,45,49,96,106,91,47,27" hai2="8,54,10,98,42,123,82,74,55,14,0,97,38" hai3="21,99,59,108,61,32,67,122,1,118,7,104,93"/><V31/><F123/><W114/><G118/><T33/><D33/><U87/><E69/><V89/><F31/><W51/><G122/><T6/><D119/><U86/><E109/><V37/><F0/><W129/><G108/><T120/><D120/><U56/><E27/><V116/><F116/><W25/><G129/><N who="1" m="49162" /><E47/><V57/><F57/><N who="1" m="22121" /><E91/><V79/><F10/><W112/><G104/><T81/><D127/><U9/><E9/><V22/><F22/><W75/><G75/><T113/><D113/><U78/><E78/><V43/><F38/><W39/><G39/><T26/><D71/><U20/><E20/><V72/><F72/><W44/><G32/><T16/><D63/><U34/><E34/><V77/><F77/><W62/><G62/><T28/><D28/><U84/><E86/><N who="2" m="48479" /><F37/><W2/><G7/><T125/><D125/><U40/><AGARI ba="0,0" hai="40,45,49,84,87,96,103,106" m="22121,49162" machi="40" ten="30,1100,0" yaku="19,1" doraHai="48" who="1" fromWho="1" sc="250,-3,240,11,50,-5,460,-3" /><INIT seed="3,0,0,2,2,105" ten="247,251,45,457" oya="3" hai0="119,53,66,61,25,60,118,19,0,1,15,62,45" hai1="95,10,87,123,98,12,79,70,55,135,90,63,75" hai2="57,73,69,116,100,3,112,49,71,59,78,99,74" hai3="13,84,28,5,65,8,47,26,36,44,72,33,94"/><W115/><G115/><T128/><D25/><U130/><E123/><V122/><F112/><W131/><G131/><T91/><D128/><U89/><E130/><V64/><F116/><W107/><G107/><T80/><D118/><U22/><E22/><V48/><F78/><W27/><G65/><T96/><D119/><U76/><E135/><V24/><F24/><W56/><G56/><T21/><D1/><U43/><E43/><V133/><F3/><W106/><G106/><T132/><D0/><U104/><E75/><V121/><F64/><W81/><G36/><T30/><D30/><U111/><E111/><V58/><F99/><W120/><G120/><N who="2" m="46185" /><F100/><W46/><G94/><T6/><D6/><N who="1" m="3159" /><E70/><N who="2" m="26635" /><F133/><W51/><G26/><T9/><D132/><U2/><E2/><V101/><F101/><W114/><G114/><T54/><D66/><U37/><E104/><V41/><F41/><W92/><G92/><T50/><D96/><U102/><E102/><V97/><F97/><W85/><G85/><N who="0" m="50599" /><D21/><U29/><E79/><V68/><N who="2" m="26643" /><V86/><DORA hai="108" /><F86/><W134/><G134/><T83/><D83/><U93/><E29/><V32/><F32/><W14/><G14/><T35/><D35/><U127/><E76/><V23/><F23/><W38/><G38/><T52/><AGARI ba="0,0" hai="9,15,19,45,50,52,53,54,60,61,62" m="50599" machi="52" ten="30,4000,0" yaku="25,1,8,1,54,1" doraHai="105,108" who="0" fromWho="0" sc="247,40,251,-10,45,-10,457,-20" /><INIT seed="4,0,0,2,4,59" ten="287,241,35,437" oya="0" hai0="53,85,42,134,44,50,88,71,43,68,34,20,52" hai1="127,82,24,73,46,105,2,36,114,97,80,66,25" hai2="101,65,79,115,67,63,23,32,117,22,70,58,110" hai3="54,100,45,93,18,0,21,102,72,86,89,1,94"/><T74/><D34/><U130/><E2/><V51/><F110/><W26/><G72/><T91/><D74/><U77/><E82/><V95/><F32/><W6/><G6/><T30/><D134/><U106/><E106/><V98/><F115/><W129/><G129/><T78/><D71/><U124/><E114/><V60/><F79/><W41/><G54/><N who="0" m="21099" /><D68/><U4/><E4/><V76/><F76/><W83/><G1/><T128/><D43/><N who="1" m="22887" /><E66/><V10/><F51/><N who="3" m="27055" /><G0/><T121/><D121/><U96/><E130/><V11/><REACH who="2" step="1"/><F117/><REACH who="2" ten="287,241,25,437" step="2"/><W132/><G132/><T7/><D128/><U120/><E120/><V49/><F49/><W116/><G116/><T5/><D78/><U47/><E77/><V39/><F39/><W109/><G109/><T131/><D131/><U99/><E73/><V33/><F33/><W126/><G126/><T19/><D30/><U87/><E124/><V48/><F48/><W125/><G125/><T111/><D111/><U61/><E127/><V37/><F37/><W57/><G57/><T8/><D50/><U107/><E47/><V133/><F133/><W13/><G102/><T31/><D44/><U69/><E69/><V84/><F84/><W75/><G100/><T108/><D42/><U103/><E103/><V113/><F113/><W135/><G75/><T104/><D108/><U62/><E105/><V112/><F112/><W90/><G135/><T119/><D104/><U40/><E40/><V55/><F55/><W92/><G90/><N who="0" m="34347" /><D85/><U64/><E107/><V17/><F17/><W12/><AGARI ba="0,1" hai="12,13,18,21,26,83,86,89,92,93,94" m="27055" machi="12" ten="30,1100,0" yaku="8,1" doraHai="59" who="3" fromWho="3" sc="287,-5,241,-3,25,-3,437,21" /><INIT seed="5,0,0,1,0,108" ten="282,238,22,458" oya="1" hai0="18,51,19,86,44,27,34,114,70,21,67,9,37" hai1="10,68,31,95,46,130,113,120,64,91,134,125,109" hai2="88,90,99,20,47,105,16,13,111,76,45,128,35" hai3="52,42,77,1,6,103,81,26,61,2,15,43,30"/><U132/><E31/><V14/><F111/><W94/><G1/><T60/><D37/><U29/><E29/><V4/><F35/><W133/><G2/><T124/><D34/><U24/><E24/><V36/><F128/><W126/><G133/><N who="1" m="51306" /><E109/><V23/><F76/><W55/><G126/><T131/><D124/><U107/><E125/><V39/><F99/><W75/><G103/><T5/><D131/><U73/><E130/><V3/><F3/><W69/><G94/><T116/><D116/><U53/><E107/><V118/><F105/><W7/><G43/><T82/><D19/><U71/><E73/><V83/><F83/><W33/><G42/><T59/><D70/><N who="1" m="26667" /><E10/><V87/><F87/><W80/><G80/><T62/><D9/><U63/><E120/><V49/><F49/><W102/><G102/><T11/><D11/><U79/><E79/><V72/><F72/><W92/><G92/><T135/><D135/><U106/><E106/><V8/><F118/><W58/><G69/><T110/><D110/><U40/><E53/><V93/><F93/><W38/><G55/><T100/><D82/><U85/><E64/><V84/><F84/><W117/><G117/><T121/><D67/><U28/><E28/><V123/><F123/><W104/><G104/><T78/><D86/><U41/><E63/><V22/><F22/><W115/><G33/><T50/><D121/><U129/><E129/><V65/><F65/><W12/><G77/><T32/><D78/><U98/><E98/><V48/><F8/><W17/><G75/><T122/><D122/><U54/><E113/><RYUUKYOKU ba="0,0" sc="282,-10,238,30,22,-10,458,-10" hai1="40,41,46,54,85,91,95" /><INIT seed="5,1,0,0,2,97" ten="272,268,12,448" oya="1" hai0="53,99,90,25,104,113,14,68,42,126,85,12,37" hai1="31,54,5,52,24,45,35,17,125,1,4,121,76" hai2="101,98,69,95,44,33,130,74,132,55,43,102,7" hai3="10,75,41,81,51,26,66,103,64,30,77,23,114"/><U39/><E121/><V116/><F116/><W78/><G114/><T93/><D68/><U57/><E125/><V106/><F33/><W56/><G77/><T28/><D113/><U115/><E115/><V107/><F74/><W131/><G131/><T92/><D104/><U124/><E124/><V2/><F69/><W15/><G103/><T127/><D127/><U59/><E1/><V63/><F130/><W83/><G83/><T50/><D42/><U61/><E76/><V123/><F123/><W94/><G94/><T38/><D37/><U79/><E79/><V49/><F132/><W119/><G119/><T122/><D38/><U67/><E17/><V40/><F63/><W133/><G133/><T36/><D36/><U128/><E128/><V82/><F82/><W105/><G105/><T16/><D122/><U70/><E57/><V112/><F112/><W21/><G21/><N who="0" m="13479" /><D28/><U0/><E0/><V3/><F95/><W134/><G134/><T13/><D126/><U60/><REACH who="1" step="1"/><E54/><REACH who="1" ten="272,258,12,448" step="2"/><V19/><F19/><W109/><G56/><N who="0" m="32823" /><D13/><U84/><E84/><V34/><F34/><W110/><G15/><T11/><D11/><U96/><E96/><N who="2" m="61735" /><F3/><W22/><G10/><T111/><D111/><U86/><E86/><V71/><F71/><W29/><G110/><T47/><D47/><U8/><E8/><V87/><F87/><W48/><G109/><T58/><D58/><U118/><E118/><V20/><F20/><W62/><G23/><T108/><D108/><U32/><E32/><V135/><F135/><W120/><G22/><T65/><D65/><N who="3" m="25193" /><G120/><T46/><D46/><RYUUKYOKU ba="1,1" sc="272,10,258,10,12,10,448,-30" hai0="12,14,85,90,92,93,99" hai1="4,5,24,31,35,39,45,52,59,60,61,67,70" hai2="2,7,40,43,44,49,55,98,102,107" /><INIT seed="5,2,1,0,5,110" ten="282,268,22,418" oya="1" hai0="14,119,24,17,35,10,74,2,95,68,127,121,25" hai1="103,15,42,21,135,90,0,129,43,29,116,64,126" hai2="67,99,50,109,106,122,32,55,13,77,114,5,80" hai3="124,41,76,75,47,91,38,98,111,4,104,120,12"/><U92/><E0/><V69/><F109/><W3/><G111/><T87/><D74/><U39/><E116/><V49/><F122/><W53/><G12/><T20/><D68/><U46/><E126/><V134/><F134/><W97/><G124/><T30/><D119/><U65/><E135/><V79/><F32/><W94/><G120/><T36/><D36/><U125/><E125/><V118/><F118/><W66/><G66/><T33/><D127/><U117/><E117/><V45/><F79/><W19/><G19/><N who="0" m="12319" /><D95/><U133/><E133/><V60/><F50/><W1/><G53/><T113/><D87/><U73/><E73/><V54/><F54/><W115/><G1/><T26/><D121/><U112/><E129/><V63/><F63/><W11/><G98/><T123/><D123/><U130/><E130/><V101/><F13/><W44/><G44/><T131/><D131/><U62/><E43/><V88/><F5/><W128/><G104/><T23/><D2/><U84/><E103/><V57/><F114/><W96/><G96/><T81/><D81/><U105/><E105/><V71/><REACH who="2" step="1"/><F88/><REACH who="2" ten="282,268,12,418" step="2"/><W70/><G128/><T18/><D35/><U72/><E112/><AGARI ba="2,2" hai="10,14,17,18,23,25,26,30,33,112,113" m="12319" machi="112" ten="30,7700,0" yaku="34,2,52,2" doraHai="110" who="0" fromWho="1" sc="282,103,268,-83,12,0,418,0" /><INIT seed="6,0,0,1,3,52" ten="385,185,12,418" oya="2" hai0="68,48,61,83,120,91,55,14,2,13,40,99,50" hai1="54,98,81,39,105,1,67,4,60,109,33,90,74" hai2="12,16,73,44,126,25,41,123,59,32,17,92,103" hai3="38,135,75,7,108,37,107,88,26,100,112,119,21"/><V85/><F123/><W18/><G108/><T133/><D2/><U84/><E109/><V70/><F70/><W93/><G119/><T63/><D120/><U106/><E39/><V20/><F73/><W28/><G135/><T87/><D133/><U134/><E134/><V89/><F126/><W117/><G117/><T132/><D132/><U69/><E74/><V114/><F114/><W82/><G7/><T5/><D68/><U77/><E33/><V130/><F130/><W76/><G112/><T127/><D127/><U36/><E36/><V86/><F103/><W11/><G107/><T49/><D40/><U22/><E4/><V131/><F131/><W10/><G100/><T24/><D5/><U80/><E1/><V46/><F32/><W129/><G129/><T71/><D71/><U6/><E6/><V79/><F59/><W0/><G10/><T124/><D24/><U15/><E54/><V66/><F66/><W30/><G0/><T58/><D63/><U8/><E8/><N who="2" m="6151" /><F41/><W125/><G30/><T72/><D72/><U102/><E105/><V121/><F121/><W104/><G104/><T128/><D128/><U97/><E102/><V23/><F20/><W27/><G125/><T53/><D124/><U116/><E106/><V3/><F3/><W94/><G11/><T29/><D29/><U42/><E42/><V78/><F86/><W95/><G38/><T62/><D99/><U51/><E116/><V65/><F65/><W35/><G37/><T47/><D47/><AGARI ba="0,0" hai="17,23,25,44,46,47,78,79,85,89,92" m="6151" machi="47" ten="30,2900,0" yaku="8,1,54,1" doraHai="52" who="2" fromWho="0" sc="385,-29,185,0,12,29,418,0" /><INIT seed="6,1,0,5,4,129" ten="356,185,41,418" oya="2" hai0="108,32,31,112,45,95,2,68,89,99,59,30,28" hai1="53,52,114,128,50,56,37,15,60,7,75,54,12" hai2="132,133,55,1,18,110,103,21,125,100,10,25,51" hai3="119,113,6,13,123,71,90,120,14,58,104,65,41"/><V106/><F125/><W85/><G119/><T46/><D68/><U16/><E75/><V35/><F110/><W24/><G104/><T69/><D2/><U116/><E37/><V78/><F78/><W66/><G71/><T64/><D69/><U4/><E116/><V23/><F35/><W33/><G41/><T118/><D108/><U26/><E128/><V57/><F106/><W42/><G42/><T19/><D118/><U27/><E114/><V124/><F124/><W82/><G113/><T86/><D32/><U39/><E39/><V87/><F87/><W36/><G36/><T22/><D112/><U70/><E70/><V63/><F63/><W17/><G6/><N who="1" m="2090" /><E12/><N who="2" m="7447" /><F1/><W40/><G40/><T91/><D64/><N who="1" m="38919" /><E50/><V44/><F44/><W102/><G65/><T97/><D59/><U84/><E84/><V96/><F96/><W101/><G33/><T11/><D99/><U73/><E73/><V130/><F130/><W127/><G127/><T77/><D77/><U38/><E38/><V88/><F88/><W61/><G120/><T134/><D91/><U92/><E92/><V5/><F5/><W29/><G123/><T0/><D97/><U98/><E98/><V135/><F23/><AGARI ba="1,0" hai="15,16,23,26,27,52,53,54" m="38919,2090" machi="23" ten="30,3900,0" yaku="8,1,54,2" doraHai="129" who="1" fromWho="2" sc="356,0,185,42,41,-42,418,0" owari="356,15.6,227,-17.3,-1,-50.1,418,51.8" /></mjloggm>