<mjloggm ver="2.3"><GO type="169" lobby="0"/><UN n0="%E3%82%B9%E3%83%9E%E3%83%9B%E3%81%82%E3%81%96%E3%82%89%E3%81%97" n1="%E7%99%BD%E9%AB%AA%E9%AC%BC" n2="%E9%87%8E%E5%B4%8E%E7%B6%AD%E7%B9%94%E2%98%85" n3="%E3%81%BE%E3%83%BC%E3%81%86" dan="17,16,16,16" rate="2132.58,2132.21,2130.36,2071.86" sx="M,M,F,M"/><TAIKYOKU oya="0"/><INIT seed="0,0,0,5,3,99" ten="250,250,250,250" oya="0" hai0="10,12,31,56,11,92,72,115,106,88,7,93,29" hai1="42,0,120,38,132,85,58,94,26,114,73,4,105" hai2="15,101,131,44,19,54,102,100,14,9,13,91,45" hai3="110,23,79,59,53,20,130,122,127,77,21,3,121"/><T60/><D115/><U37/><E73/><V36/><F131/><W90/><G3/><T55/><D72/><U6/><E105/><V133/><F133/><W116/><G130/><T22/><D106/><U82/><E114/><V1/><F1/><W135/><G110/><T50/><D92/><U108/><E108/><V5/><F36/><W65/><G135/><T61/><D10/><U39/><E132/><V51/><F91/><W87/><G127/><T35/><D35/><U8/><E120/><N who="3" m="46186" /><G65/><T118/><D118/><U125/><E4/><V71/><F71/><W70/><G70/><T111/><D111/><U48/><E26/><V107/><F107/><W89/><G89/><T2/><D2/><U67/><E94/><V97/><F97/><W128/><G128/><T30/><REACH who="0" step="1"/><D22/><REACH who="0" ten="240,250,250,250" step="2"/><U124/><E124/><V109/><F109/><W16/><G116/><T46/><D46/><N who="2" m="18026" /><F5/><W84/><G23/><T24/><D24/><U129/><E125/><V27/><F27/><N who="3" m="14727" /><G21/><T86/><AGARI ba="0,1" hai="7,11,12,29,30,31,50,55,56,60,61,86,88,93" machi="86" ten="30,11700,0" yaku="1,1,0,1,8,1,54,1,53,0" doraHai="99" doraHaiUra="104" who="0" fromWho="0" sc="240,127,250,-39,250,-39,250,-39" /><INIT seed="0,1,0,2,0,118" ten="367,211,211,211" oya="0" hai0="10,12,71,101,87,2,83,100,88,9,124,66,80" hai1="56,41,107,84,29,65,79,52,32,27,5,73,8" hai2="95,132,75,6,99,16,58,55,86,110,14,31,69" hai3="25,48,43,0,117,93,130,35,46,51,92,119,131"/><T125/><D71/><U67/><E107/><V54/><F75/><W61/><G0/><T90/><D66/><U45/><E73/><V26/><F69/><W40/><G61/><T112/><D112/><U28/><E28/><V47/><F110/><W11/><G11/><N who="0" m="4107" /><D12/><U135/><E135/><V60/><F132/><W128/><G25/><T106/><D2/><U96/><E96/><V122/><F122/><W70/><G70/><T38/><D38/><U64/><E79/><V21/><F6/><W121/><G35/><T113/><D113/><U94/><E84/><V34/><F86/><W1/><G1/><T63/><D63/><U103/><E94/><V18/><F18/><W134/><G134/><T72/><D72/><U126/><E103/><N who="0" m="39497" /><D106/><U19/><E19/><V85/><F85/><W20/><G20/><T17/><D17/><U82/><E82/><N who="0" m="31273" /><D87/><U114/><E114/><V50/><F95/><W98/><G93/><T53/><D53/><U13/><E126/><AGARI ba="1,0" hai="88,90,124,125,126" m="31273,39497,4107" machi="126" ten="30,11600,0" yaku="28,2,18,1,54,1" doraHai="118" who="0" fromWho="1" sc="367,119,211,-119,211,0,211,0" /><INIT seed="0,2,0,2,2,10" ten="486,92,211,211" oya="0" hai0="28,80,86,3,75,106,45,76,32,114,79,25,95" hai1="20,105,27,91,119,5,55,82,107,104,68,133,52" hai2="35,115,4,6,19,130,116,111,42,38,103,49,13" hai3="83,62,40,64,73,61,0,93,51,1,22,12,7"/><T24/><D114/><U132/><E68/><V69/><F115/><W89/><G73/><T128/><D106/><U97/><E119/><V66/><F35/><W108/><G83/><T121/><D121/><U125/><E5/><V59/><F111/><W135/><G108/><T47/><D3/><U81/><E125/><V72/><F72/><W126/><G135/><N who="1" m="51786" /><E97/><V71/><F103/><W96/><G126/><T87/><D128/><U70/><E70/><V34/><F34/><W67/><G1/><T65/><D65/><U30/><E91/><V117/><F130/><W15/><G0/><T60/><D60/><N who="3" m="23145" /><G22/><T85/><D76/><U39/><E39/><V31/><F31/><W58/><G7/><T124/><D124/><U23/><E23/><V8/><F6/><W112/><G112/><T41/><D41/><U123/><E123/><V53/><F66/><N who="3" m="25131" /><G58/><T57/><D57/><U56/><E55/><V16/><F69/><W129/><G129/><T100/><D75/><U134/><N who="1" m="51794" /><U78/><DORA hai="46" /><E78/><V88/><F71/><W44/><AGARI ba="2,0" hai="12,15,40,44,51,89,93,96" m="25131,23145" machi="44" ten="30,7900,0" yaku="8,1,52,3" doraHai="10,46" who="3" fromWho="3" sc="486,-41,92,-22,211,-22,211,85" /><INIT seed="1,0,0,5,0,55" ten="445,70,189,296" oya="1" hai0="92,89,117,24,83,99,98,128,57,50,13,111,87" hai1="61,43,73,9,103,54,28,78,115,29,53,35,127" hai2="46,33,58,67,59,126,15,20,110,3,133,123,32" hai3="0,7,64,105,37,93,81,91,95,135,25,100,40"/><U116/><E115/><V130/><F123/><W82/><G64/><T47/><D117/><U38/><E116/><V27/><F3/><W72/><G7/><T63/><D111/><U34/><E127/><V84/><F126/><W114/><G0/><T109/><D109/><U5/><E103/><V51/><F110/><W104/><G25/><T6/><D24/><U45/><E29/><V39/><F39/><W106/><G37/><T97/><D128/><U2/><E28/><V101/><F130/><W41/><G41/><N who="0" m="24943" /><D13/><U85/><E85/><V42/><F133/><W76/><G40/><T60/><D6/><U118/><E118/><V21/><F101/><W12/><G12/><T18/><D18/><U11/><E11/><V31/><F67/><W62/><G62/><N who="0" m="23595" /><D57/><N who="1" m="34991" /><E54/><V17/><REACH who="2" step="1"/><F84/><REACH who="2" ten="445,70,179,296" step="2"/><N who="3" m="50575" /><G135/><T52/><D52/><U125/><E125/><V66/><F66/><W8/><G114/><T79/><AGARI ba="0,1" hai="79,83,87,89,92,97,98,99" m="23595,24943" machi="79" ten="30,1100,0" yaku="8,1" doraHai="55" who="0" fromWho="0" sc="445,21,70,-5,179,-3,296,-3" /><INIT seed="2,0,0,3,3,14" ten="466,65,176,293" oya="2" hai0="31,133,94,50,121,33,20,49,30,57,15,10,113" hai1="114,59,29,82,97,107,32,132,54,71,0,42,80" hai2="8,103,134,9,125,56,22,6,101,77,17,4,60" hai3="70,64,127,73,118,128,79,74,28,62,66,119,78"/><V19/><F125/><W58/><G127/><T108/><D121/><U123/><E71/><V63/><F134/><W117/><G128/><T7/><D113/><U61/><E0/><V105/><F105/><W39/><G39/><T40/><D133/><U44/><E132/><V83/><F22/><W75/><G64/><T16/><D108/><U37/><E114/><V99/><F99/><W135/><G135/><T104/><D104/><U90/><E123/><V3/><F3/><W23/><G28/><T92/><D49/><U26/><REACH who="1" step="1"/><E90/><REACH who="1" ten="466,55,176,293" step="2"/><V41/><F77/><W131/><G79/><T51/><D33/><U93/><E93/><V100/><F83/><W88/><G88/><T68/><D92/><U69/><E69/><V11/><F41/><W38/><G78/><T126/><D94/><U47/><E47/><V86/><F86/><W27/><G75/><T112/><D68/><U25/><E25/><V55/><REACH who="2" step="1"/><F63/><REACH who="2" ten="466,55,166,293" step="2"/><W76/><G76/><T72/><D40/><U53/><E53/><V65/><F65/><W1/><G62/><T96/><D126/><U116/><E116/><V46/><F46/><W48/><G66/><T130/><D112/><U122/><E122/><V18/><AGARI ba="0,2" hai="4,6,8,9,11,17,18,19,55,56,60,100,101,103" machi="18" ten="40,24000,3" yaku="1,1,0,1,29,2,8,1,52,3,53,0" doraHai="14" doraHaiUra="67" who="2" fromWho="2" sc="466,-80,55,-80,166,260,293,-80" owari="386,18.6,-25,-52.5,426,52.6,213,-18.7" /></mjloggm>