<mjloggm ver="2.3"><GO type="169" lobby="0"/><UN n0="%4D%72%52%41%4D%4F" n1="%E3%83%8F%E3%83%B3%E3%83%81%E3%83%A7%E3%82%A6%E5%A4%A7%E6%A7%BB" n2="%E7%9B%9B%E5%B2%A1%E3%81%AE%E3%83%AA%E3%83%BC%E3%83%81%E8%B6%85%E4%BA%BA" n3="%E5%B3%B6%E7%94%B0%E7%9C%9F%E5%A4%A2" dan="16,16,17,16" rate="2116.91,2112.14,2176.53,2151.13" sx="M,M,M,F"/><TAIKYOKU oya="0"/><INIT seed="0,0,0,1,5,110" ten="250,250,250,250" oya="0" hai0="57,51,47,70,11,64,106,74,132,69,79,10,92" hai1="81,6,58,125,109,131,130,76,52,80,68,93,25" hai2="63,38,100,23,30,135,41,72,44,112,105,114,59" hai3="121,8,124,134,108,123,43,32,82,53,128,48,65"/><T86/><D106/><U99/><E68/><V90/><F72/><W54/><G32/><T88/><D132/><U35/><E109/><V116/><F135/><W29/><G108/><T40/><D74/><U73/><E6/><V75/><F75/><W5/><G134/><T77/><D70/><U49/><E81/><V13/><F116/><W9/><G29/><T0/><D69/><U55/><E125/><V36/><F36/><W98/><G65/><T94/><D94/><U12/><E12/><V4/><F90/><W33/><G33/><T95/><D95/><U104/><E104/><V50/><F38/><W56/><G98/><T15/><D0/><U20/><E35/><V21/><F100/><W107/><G107/><T62/><REACH who="0" step="1"/><D11/><REACH who="0" ten="240,250,250,250" step="2"/><U129/><E93/><V34/><F105/><W2/><G9/><T103/><D103/><U113/><E99/><V24/><F4/><AGARI ba="0,1" hai="4,10,15,40,47,51,57,62,64,77,79,86,88,92" machi="4" ten="30,12000,1" yaku="1,1,7,1,8,1,54,1,53,1" doraHai="110" doraHaiUra="1" who="0" fromWho="2" sc="240,130,250,0,250,-120,250,0" /><INIT seed="0,1,0,5,2,133" ten="370,250,130,250" oya="0" hai0="111,95,24,15,32,9,100,54,23,89,96,18,1" hai1="82,61,22,34,113,77,121,135,81,86,130,65,72" hai2="48,123,114,25,11,120,42,124,33,128,19,53,108" hai3="44,63,0,105,99,7,131,27,57,109,76,51,16"/><T70/><D111/><U71/><E121/><V127/><F114/><W125/><G131/><T112/><D112/><U93/><E130/><V2/><F128/><W85/><G109/><T132/><D132/><U67/><E135/><V66/><F66/><W31/><G7/><T134/><D134/><U94/><E113/><V30/><F42/><W20/><G0/><T49/><D70/><U122/><E122/><V91/><F108/><W97/><G105/><T10/><D32/><U64/><E34/><V50/><F50/><W39/><G39/><T103/><D1/><U55/><E55/><V45/><F91/><W68/><G68/><T21/><D21/><U88/><E22/><V40/><F40/><W84/><G31/><T3/><D3/><U58/><E71/><V59/><F45/><W26/><G26/><T6/><REACH who="0" step="1"/><D10/><REACH who="0" ten="360,250,130,250" step="2"/><U115/><E115/><V29/><F29/><W41/><G20/><T14/><D14/><U78/><REACH who="1" step="1"/><E94/><REACH who="1" ten="360,240,130,250" step="2"/><V87/><F120/><W56/><G27/><T102/><D102/><U12/><E12/><V28/><F123/><W69/><G69/><T60/><D60/><U74/><AGARI ba="1,2" hai="58,61,64,65,67,72,74,77,78,81,82,86,88,93" machi="74" ten="20,12000,2" yaku="1,1,0,1,7,1,9,1,54,1,53,2" doraHai="133" doraHaiUra="79" who="1" fromWho="1" sc="360,-61,240,143,130,-31,250,-31" /><INIT seed="1,0,0,5,2,76" ten="299,383,99,219" oya="1" hai0="120,111,54,44,19,79,92,87,50,63,58,45,61" hai1="52,73,70,88,0,20,130,128,49,43,2,12,39" hai2="101,104,13,27,37,6,82,89,105,33,38,21,102" hai3="86,93,127,74,9,121,77,69,108,100,36,118,5"/><U129/><E73/><V24/><F33/><W42/><G108/><T123/><D111/><U81/><E70/><V78/><F89/><W29/><G121/><N who="0" m="46667" /><D19/><N who="1" m="10343" /><E43/><V48/><F48/><W126/><G118/><T1/><D1/><U107/><E107/><V117/><F117/><W25/><G69/><T97/><D87/><N who="1" m="50287" /><E39/><V80/><F78/><W10/><G77/><T59/><D79/><U135/><E135/><V115/><F21/><W95/><G74/><T26/><D26/><U34/><E34/><V22/><F22/><W28/><G25/><T98/><D98/><U91/><E91/><V32/><F32/><W65/><G42/><T62/><D92/><U30/><E30/><V133/><F13/><W47/><G36/><T124/><D97/><U116/><E116/><V8/><F115/><W46/><G93/><T68/><D124/><U51/><E51/><V60/><F133/><W66/><G95/><T119/><D119/><U16/><E16/><V17/><F17/><W18/><G18/><T40/><D68/><U72/><E72/><V114/><F114/><W56/><G28/><T53/><D53/><U125/><E125/><V113/><F113/><W35/><G29/><T31/><D31/><U103/><E103/><V85/><F104/><W23/><G35/><T7/><D7/><U41/><E41/><V132/><F105/><W15/><G100/><T14/><D14/><U90/><E90/><V3/><F6/><N who="3" m="3511" /><G127/><T99/><D99/><U71/><E71/><V106/><F106/><W84/><G126/><T131/><D54/><U55/><E55/><V109/><F101/><RYUUKYOKU ba="0,0" sc="299,-10,383,30,99,-10,219,-10" hai1="0,2,49,52,128,129,130" /><INIT seed="1,1,0,0,4,126" ten="289,413,89,209" oya="1" hai0="38,24,50,35,108,105,128,84,99,30,59,94,85" hai1="69,53,132,125,14,27,101,76,4,133,45,34,47" hai2="66,95,82,79,72,86,100,112,55,31,111,68,5" hai3="23,2,80,11,61,130,52,135,65,17,70,67,106"/><U103/><E125/><V58/><F111/><W37/><G106/><T119/><D38/><U93/><E76/><V115/><F5/><W39/><G135/><N who="1" m="51786" /><E69/><V92/><F31/><W7/><G65/><T122/><D119/><U54/><E14/><V107/><F66/><W77/><G52/><N who="1" m="20074" /><E4/><V71/><F71/><W110/><G110/><T88/><D108/><U118/><E118/><V57/><F68/><W90/><G90/><T63/><D122/><U129/><E129/><V116/><F116/><W21/><G130/><T22/><D105/><U83/><E83/><V43/><F43/><W102/><G102/><N who="1" m="38922" /><E93/><V32/><F92/><W56/><G70/><T98/><D128/><U74/><E74/><V15/><F15/><W81/><G81/><T114/><D114/><U131/><E131/><V1/><F72/><W41/><G80/><T49/><D35/><U87/><E87/><N who="0" m="33353" /><D99/><U109/><E109/><V25/><F107/><W48/><G77/><T91/><D91/><U26/><E34/><V73/><F73/><W18/><G41/><T36/><D36/><U89/><E89/><V13/><F32/><W127/><G127/><T42/><D42/><U44/><AGARI ba="1,0" hai="26,27,44,45,47" m="38922,20074,51786" machi="44" ten="40,12000,1" yaku="28,2,20,1,54,1" doraHai="126" who="1" fromWho="1" sc="289,-41,413,123,89,-41,209,-41" /><INIT seed="1,2,0,3,1,95" ten="248,536,48,168" oya="1" hai0="27,45,42,53,18,25,124,115,49,106,114,109,59" hai1="69,130,72,8,111,103,121,31,70,54,122,64,92" hai2="134,112,35,14,12,102,17,43,51,62,67,86,126" hai3="7,46,80,66,118,107,73,34,110,63,16,44,117"/><U38/><E72/><V119/><F119/><N who="3" m="45579" /><G34/><T125/><D106/><U83/><E31/><V29/><F134/><W84/><G7/><T77/><D77/><U128/><E83/><V113/><F126/><N who="0" m="48746" /><D18/><U61/><E8/><V2/><F2/><W93/><G73/><T135/><D135/><U91/><E103/><V65/><F29/><W129/><G107/><T98/><D98/><N who="1" m="57631" /><E54/><V13/><F35/><W96/><G129/><N who="1" m="49770" /><E38/><V78/><F102/><W37/><G37/><T94/><D94/><U85/><E85/><V100/><F100/><W10/><G80/><T50/><D109/><U56/><E111/><V120/><F86/><W127/><G84/><T23/><D23/><U99/><E99/><V82/><F82/><W108/><G127/><T36/><D36/><U132/><E132/><V81/><F81/><W75/><G75/><T32/><D32/><U87/><E87/><V1/><F78/><W101/><G110/><T6/><D6/><U79/><E79/><V76/><F76/><W11/><G11/><T104/><D104/><U20/><E20/><V133/><F133/><W60/><G108/><T131/><D131/><U21/><E21/><V22/><F22/><W30/><G30/><T68/><D114/><U33/><E33/><V55/><F112/><W116/><G116/><T3/><D115/><U40/><E40/><V41/><F113/><W15/><G66/><T5/><D53/><U123/><AGARI ba="2,0" hai="56,61,64,69,70,121,122,123" m="49770,57631" machi="123" ten="40,3900,0" yaku="19,1,52,1" doraHai="95" who="1" fromWho="1" sc="248,-15,536,45,48,-15,168,-15" /><INIT seed="1,3,0,0,3,1" ten="233,581,33,153" oya="1" hai0="75,51,43,83,50,96,31,28,114,21,16,37,98" hai1="118,13,97,84,119,59,85,78,126,32,115,111,130" hai2="14,8,52,129,100,107,39,30,22,44,42,29,70" hai3="123,89,99,6,10,0,86,45,2,20,60,90,79"/><U53/><E115/><V25/><F129/><W15/><G123/><T54/><D114/><U121/><E121/><V106/><F70/><W87/><G79/><T57/><D37/><U112/><E32/><V23/><F100/><W95/><G60/><T55/><D43/><U41/><E112/><V71/><F71/><W3/><G45/><T131/><D131/><U93/><E130/><V88/><F23/><W72/><G72/><T62/><D62/><U94/><E41/><V74/><F29/><N who="0" m="11338" /><D83/><U24/><E24/><V17/><F74/><W27/><REACH who="3" step="1"/><G90/><REACH who="3" ten="233,581,33,143" step="2"/><T64/><D75/><U38/><E78/><V77/><F77/><W133/><G133/><T46/><D64/><U47/><E47/><V117/><F117/><W80/><G80/><T127/><D127/><U116/><E126/><V113/><F113/><W63/><G63/><T33/><D33/><U61/><E119/><V91/><F91/><W36/><G36/><T66/><D66/><U104/><E38/><V132/><F132/><W101/><G101/><T19/><D46/><U9/><E118/><V18/><F88/><W40/><G40/><T68/><D51/><U134/><E134/><V120/><F120/><W26/><G26/><T135/><D135/><U82/><E82/><V35/><REACH who="2" step="1"/><F52/><REACH who="2" ten="233,581,23,143" step="2"/><W81/><G81/><T5/><D55/><N who="1" m="34047" /><E116/><V65/><F65/><W108/><G108/><T49/><D54/><U11/><E53/><V56/><F56/><W58/><G58/><T67/><D57/><U92/><E111/><V110/><F110/><W76/><G76/><T125/><D67/><U105/><E97/><RYUUKYOKU ba="3,2" sc="233,-15,581,-15,23,15,143,15" hai2="8,14,17,18,22,25,30,35,39,42,44,106,107" hai3="0,2,3,6,10,15,20,27,86,87,89,95,99" /><INIT seed="2,4,2,4,0,133" ten="218,566,38,158" oya="2" hai0="62,74,30,95,29,17,7,43,25,31,32,98,114" hai1="37,96,46,42,117,100,55,16,125,101,3,54,67" hai2="65,119,118,66,135,83,41,86,130,27,81,5,15" hai3="34,48,18,49,134,112,115,19,99,126,104,105,116"/><V20/><F135/><W76/><G116/><T40/><D114/><N who="3" m="43561" /><G134/><T70/><D74/><U108/><E125/><V44/><F130/><W11/><G34/><T23/><D7/><U73/><E73/><V50/><F118/><W36/><G36/><T131/><D131/><U53/><E108/><V9/><F119/><W68/><G68/><T45/><D70/><U38/><E3/><V121/><F121/><W52/><G76/><T58/><D32/><U63/><E117/><V124/><F124/><W87/><G87/><T93/><D93/><U57/><E96/><V132/><F132/><W106/><G48/><T75/><D75/><U120/><E120/><V85/><F85/><W35/><G35/><T24/><D24/><U51/><E16/><N who="3" m="6186" /><G11/><T6/><D45/><U107/><E107/><V127/><F127/><W28/><G28/><T26/><D6/><U56/><E101/><V71/><F71/><W4/><G4/><T72/><D72/><U69/><E100/><V94/><F94/><W103/><G126/><T97/><D26/><U102/><E102/><V2/><F2/><W90/><G90/><N who="0" m="55543" /><D98/><U113/><E113/><V91/><REACH who="2" step="1"/><F81/><REACH who="2" ten="218,566,28,158" step="2"/><W21/><G21/><T122/><D122/><U129/><E129/><V92/><F92/><W61/><G106/><T82/><D82/><U80/><E80/><V111/><F111/><W79/><G105/><T84/><D84/><U123/><E123/><V89/><F89/><W88/><G88/><T33/><D33/><U8/><E8/><V10/><F10/><W1/><G1/><T59/><D23/><U39/><AGARI ba="4,3" hai="37,38,39,42,46,51,53,54,55,56,57,63,67,69" machi="39" ten="40,16000,3" yaku="5,1,0,1,35,6" doraHai="133" who="1" fromWho="1" sc="218,-44,566,202,28,-84,158,-44" owari="174,-2.6,768,86.8,-56,-55.6,114,-28.6" /></mjloggm>