<mjloggm ver="2.3"><GO type="169" lobby="0"/><UN n0="%E3%81%97%E3%82%89%E3%81%99%EF%BC%A1" n1="%6B%E3%81%AE" n2="%4D%75%64%46%6C%6F%77" n3="%E5%A4%96%E5%B7%9D%E7%AB%9C%E6%88%90" dan="16,17,17,16" rate="2127.59,2209.68,2183.20,2172.00" sx="M,M,M,M"/><TAIKYOKU oya="0"/><INIT seed="0,0,0,5,1,45" ten="250,250,250,250" oya="0" hai0="49,101,122,78,128,131,40,80,115,100,39,68,69" hai1="20,132,46,24,90,37,2,89,47,93,27,126,63" hai2="8,35,92,14,95,0,129,109,106,110,60,51,116" hai3="121,25,58,18,62,123,22,119,67,11,3,88,28"/><T56/><D115/><U72/><E72/><V66/><F106/><W12/><G119/><T96/><D39/><U75/><E75/><V85/><F35/><W118/><G118/><T21/><D21/><U108/><E2/><V13/><F116/><W50/><G3/><T5/><D5/><U127/><E108/><N who="2" m="41579" /><F129/><N who="0" m="49738" /><D122/><U4/><E4/><N who="2" m="1031" /><F51/><W114/><G114/><T41/><D41/><U38/><E63/><V6/><F85/><W17/><G17/><T19/><D19/><U104/><E93/><N who="2" m="35915" /><F6/><W15/><G15/><T29/><D29/><U61/><E61/><V16/><F16/><W103/><G103/><N who="0" m="39499" /><D96/><U130/><E130/><V79/><F79/><W135/><G123/><T42/><D42/><U83/><E20/><V7/><F7/><W48/><G121/><T112/><D112/><U107/><REACH who="1" step="1"/><E83/><REACH who="1" ten="250,240,250,250" step="2"/><V97/><F97/><W125/><G125/><T91/><D80/><U105/><E105/><V102/><F102/><W64/><G64/><T120/><D120/><U98/><E98/><V54/><F66/><W76/><G67/><T81/><D81/><U87/><E87/><V57/><AGARI ba="0,1" hai="13,14,54,57,60" m="35915,1031,41579" machi="57" ten="30,1100,0" yaku="14,1" doraHai="45" who="2" fromWho="2" sc="250,-5,240,-3,250,21,250,-3" /><INIT seed="1,0,0,2,5,50" ten="245,237,271,247" oya="1" hai0="113,127,18,121,68,55,11,79,41,126,108,103,30" hai1="42,40,105,64,24,75,9,4,57,35,59,54,16" hai2="45,3,91,112,120,53,56,36,60,124,83,17,92" hai3="134,31,118,65,25,1,97,98,85,133,21,125,74"/><U58/><E105/><V23/><F120/><W101/><G74/><T63/><D108/><U110/><E75/><V32/><F124/><W99/><G1/><T78/><D113/><U13/><E64/><V71/><F32/><W48/><G125/><N who="0" m="47627" /><D121/><U20/><E110/><V37/><F3/><W94/><G118/><T39/><D30/><U61/><E35/><V87/><F112/><W119/><G119/><T89/><D103/><U107/><E107/><V117/><F117/><W29/><G29/><T86/><D68/><U7/><E7/><V95/><F71/><W49/><G65/><T52/><D41/><AGARI ba="0,0" hai="4,9,13,16,20,24,40,41,42,54,57,58,59,61" machi="41" ten="40,7700,0" yaku="8,1,52,1,54,1" doraHai="50" who="1" fromWho="0" sc="245,-77,237,77,271,0,247,0" /><INIT seed="1,1,0,1,4,129" ten="168,314,271,247" oya="1" hai0="56,15,28,106,75,116,0,55,118,13,130,103,96" hai1="45,88,91,131,97,10,125,26,114,29,35,117,107" hai2="98,33,16,41,31,99,77,67,21,36,64,27,76" hai3="82,11,92,66,30,4,18,25,127,110,8,134,14"/><U132/><E117/><V9/><F9/><W58/><G110/><T17/><D0/><U72/><E114/><V73/><F36/><W69/><G69/><T71/><D71/><U89/><E72/><V70/><F41/><W85/><G127/><T5/><D75/><U102/><E131/><V12/><F70/><W54/><G66/><T23/><D130/><U51/><E125/><V108/><F108/><W93/><G134/><T52/><D28/><U20/><E10/><V65/><REACH who="2" step="1"/><F73/><REACH who="2" ten="168,314,261,247" step="2"/><W104/><G11/><T37/><D37/><U126/><E126/><V100/><F100/><W81/><G4/><T59/><D5/><U43/><REACH who="1" step="1"/><E35/><REACH who="1" ten="168,304,261,247" step="2"/><V115/><F115/><W135/><G8/><T90/><D118/><U44/><E44/><V122/><F122/><W119/><G119/><T2/><D116/><U87/><E87/><V38/><F38/><W105/><G85/><T46/><D46/><U111/><E111/><V109/><F109/><W53/><G135/><AGARI ba="1,2" hai="20,26,29,43,45,51,88,89,91,97,102,107,132,135" machi="135" ten="40,12000,1" yaku="1,1,52,2,54,1,53,0" doraHai="129" doraHaiUra="113" who="1" fromWho="3" sc="168,0,304,143,261,0,247,-123" /><INIT seed="1,2,0,2,4,126" ten="168,447,261,124" oya="1" hai0="122,102,16,37,13,32,68,135,74,10,47,6,125" hai1="34,90,39,110,42,84,73,30,112,106,95,3,97" hai2="129,131,63,132,127,53,21,59,89,62,57,113,11" hai3="109,27,61,58,45,71,4,43,54,19,87,93,17"/><U85/><E112/><V96/><F113/><W20/><G109/><T44/><D125/><U94/><E3/><V40/><F127/><W2/><G71/><T98/><D135/><U24/><E73/><V118/><F118/><W25/><G2/><T103/><D68/><U1/><E1/><V72/><F72/><W100/><G4/><T70/><D70/><U117/><E117/><V23/><F11/><W31/><G25/><T51/><D32/><U91/><E110/><V92/><F40/><W101/><G87/><T14/><D74/><U66/><E66/><V104/><F104/><W26/><G93/><T50/><D122/><U133/><E133/><V107/><F107/><W55/><G55/><T29/><D29/><U105/><E97/><V79/><F79/><W7/><G7/><T86/><D86/><U8/><E8/><V65/><REACH who="2" step="1"/><F132/><REACH who="2" ten="168,447,251,124" step="2"/><W77/><G77/><T80/><D10/><U99/><E42/><V124/><F124/><W111/><G111/><T12/><D6/><U116/><E116/><V28/><F28/><W123/><G123/><T81/><D16/><U49/><E39/><V78/><F78/><W88/><G17/><T69/><D37/><U56/><E106/><V5/><F5/><W83/><G43/><T38/><D38/><U67/><E105/><V75/><F75/><W9/><G9/><T36/><D36/><U115/><E115/><V41/><F41/><W120/><G120/><T108/><D108/><U33/><E30/><V46/><F46/><W60/><G45/><T134/><D44/><U119/><E119/><V48/><F48/><RYUUKYOKU ba="2,1" sc="168,-10,447,-10,251,30,124,-10" hai2="21,23,53,57,59,62,63,65,89,92,96,129,131" /><INIT seed="2,3,1,5,4,85" ten="158,437,281,114" oya="2" hai0="24,21,1,99,14,84,97,67,28,61,115,19,3" hai1="71,66,34,72,109,18,78,76,133,57,60,92,102" hai2="120,132,33,43,20,23,9,5,114,64,45,101,112" hai3="83,50,86,13,130,10,87,74,96,105,53,11,89"/><V59/><F120/><W46/><G130/><T44/><D115/><U131/><E34/><V129/><F33/><W106/><G74/><T116/><D116/><U108/><E131/><V38/><F129/><W25/><G25/><T73/><D73/><U134/><E18/><V7/><F132/><N who="1" m="50793" /><E71/><V124/><F124/><W54/><G96/><T8/><D44/><U68/><E68/><V42/><F42/><W119/><G119/><T6/><D3/><U117/><E117/><V30/><F7/><W56/><G10/><T110/><D110/><N who="1" m="42603" /><E72/><V41/><F30/><W39/><G87/><T69/><REACH who="0" step="1"/><D84/><REACH who="0" ten="148,437,281,114" step="2"/><U127/><E127/><V49/><F112/><W12/><G12/><T118/><D118/><U111/><E111/><V63/><F114/><W80/><G80/><T90/><D90/><U17/><E78/><V75/><F75/><W27/><G27/><T0/><D0/><U62/><E76/><V128/><F128/><W31/><G39/><T103/><D103/><U125/><E102/><V22/><F101/><W4/><REACH who="3" step="1"/><G31/><REACH who="3" ten="148,437,281,104" step="2"/><T2/><D2/><U55/><E125/><V94/><F38/><W15/><G15/><T48/><D48/><AGARI ba="3,3" hai="4,11,13,46,48,50,53,54,56,83,86,89,105,106" machi="48" ten="30,8000,1" yaku="1,1,7,1,52,1,53,2" doraHai="85" doraHaiUra="47" who="3" fromWho="0" sc="148,-89,437,0,281,0,104,119" /><INIT seed="3,0,0,5,0,3" ten="59,437,281,223" oya="3" hai0="32,65,87,33,78,56,64,115,63,59,82,89,100" hai1="111,31,80,40,104,92,2,13,36,9,24,117,119" hai2="99,60,16,85,74,97,71,51,43,76,27,19,131" hai3="18,50,102,67,35,54,66,98,95,23,34,6,124"/><W45/><G124/><T26/><D115/><U126/><E104/><V109/><F109/><W70/><G70/><T61/><D100/><U41/><E111/><V4/><F74/><W94/><G34/><T20/><REACH who="0" step="1"/><D78/><REACH who="0" ten="49,437,281,223" step="2"/><U7/><E119/><V42/><F76/><W49/><G35/><T52/><D52/><U114/><E117/><V81/><F43/><W135/><G135/><T125/><D125/><U37/><E126/><V122/><F42/><W127/><G127/><T73/><D73/><U38/><E114/><V101/><F101/><W84/><G66/><T103/><D103/><U110/><E41/><V93/><F122/><W118/><G67/><T21/><D21/><U58/><E40/><V28/><F131/><W11/><G118/><T79/><D79/><U128/><E128/><V90/><F90/><W39/><G39/><T107/><D107/><U77/><E110/><V68/><F68/><W91/><G50/><T46/><D46/><U123/><E123/><V22/><F51/><W62/><G62/><T83/><D83/><U57/><E80/><V72/><F60/><W113/><G113/><T30/><AGARI ba="0,1" hai="20,26,30,32,33,56,59,61,63,64,65,82,87,89" machi="30" ten="20,5200,0" yaku="1,1,0,1,7,1,9,1,53,0" doraHai="3" doraHaiUra="96" who="0" fromWho="0" sc="49,62,437,-13,281,-13,223,-26" /><INIT seed="4,0,0,2,0,92" ten="111,424,268,197" oya="0" hai0="1,98,23,74,70,55,88,39,118,12,31,85,11" hai1="57,13,97,96,101,22,10,116,65,3,133,87,113" hai2="109,82,44,129,64,15,35,58,117,121,71,42,78" hai3="38,68,9,90,46,72,80,127,125,56,36,131,53"/><T40/><D118/><U18/><E116/><V94/><F117/><W25/><G68/><T26/><D74/><U63/><E133/><V17/><F109/><W49/><G131/><T128/><D1/><U60/><E113/><V29/><F121/><W28/><G9/><T120/><D120/><U102/><E87/><V130/><F71/><W132/><G132/><T61/><D128/><U104/><E63/><V86/><F29/><W135/><G135/><T107/><D39/><U105/><E3/><V76/><F35/><N who="3" m="20879" /><G56/><T14/><D40/><U122/><E122/><V106/><F106/><W51/><G51/><T119/><D119/><U124/><E124/><N who="3" m="47690" /><G90/><T52/><D70/><U69/><E69/><V99/><F58/><W126/><G126/><T34/><D34/><U112/><E112/><V30/><F129/><W75/><G75/><T134/><D134/><U24/><E24/><V4/><F4/><W108/><G108/><T83/><D61/><U103/><E103/><V54/><F30/><W114/><G114/><T5/><REACH who="0" step="1"/><D12/><REACH who="0" ten="101,424,268,197" step="2"/><U8/><AGARI ba="0,1" hai="8,10,13,18,22,57,60,65,96,97,101,102,104,105" machi="8" ten="30,7900,0" yaku="0,1,9,1,52,2" doraHai="92" who="1" fromWho="1" sc="101,-39,424,89,268,-20,197,-20" /><INIT seed="5,0,0,5,5,67" ten="62,513,248,177" oya="1" hai0="42,69,45,37,98,56,85,35,130,89,70,40,38" hai1="80,0,8,131,107,62,57,47,52,101,48,103,44" hai2="7,94,66,124,129,76,109,39,30,128,82,23,105" hai3="77,10,29,111,59,13,117,25,120,11,99,2,127"/><U12/><E131/><V81/><F109/><W87/><G111/><T132/><D130/><U78/><E0/><V86/><F105/><W95/><G120/><T65/><D132/><U71/><E71/><V5/><F39/><W92/><G127/><T79/><D35/><U96/><E103/><V27/><F124/><W118/><G118/><T108/><BYE who="3" /><D79/><U97/><E97/><V75/><F94/><W72/><G72/><T133/><D108/><U55/><E55/><V134/><F134/><W64/><G64/><T14/><D133/><U49/><E49/><V90/><F128/><W126/><G126/><T34/><D98/><U123/><E62/><V31/><F129/><W22/><G22/><T122/><D34/><U54/><E54/><V135/><F135/><W68/><G68/><T114/><D122/><U104/><E104/><V1/><F1/><W125/><G125/><T43/><D114/><U21/><E21/><V32/><F66/><W46/><G46/><N who="0" m="23823" /><D14/><U121/><E121/><V102/><F102/><W106/><G106/><T88/><D85/><U60/><E60/><V58/><F32/><W119/><G119/><T4/><D4/><U51/><E51/><V18/><F58/><W74/><G74/><T91/><D43/><U112/><E123/><V53/><F53/><W50/><G50/><T19/><D19/><U83/><E112/><V15/><F5/><W116/><G116/><T3/><D3/><U63/><E78/><V113/><F113/><W84/><G84/><T16/><D16/><U6/><E44/><V17/><F7/><W24/><G24/><RYUUKYOKU ba="0,0" sc="62,10,513,10,248,10,177,-30" hai0="38,42,45,56,65,69,70,88,89,91" hai1="6,8,12,47,48,52,57,63,80,83,96,101,107" hai2="15,17,18,23,27,30,31,75,76,81,82,86,90" /><INIT seed="5,1,0,2,1,5" ten="72,523,258,147" oya="1" hai0="115,39,47,2,50,7,100,132,78,125,86,108,31" hai1="35,54,56,88,4,131,116,90,9,12,109,26,33" hai2="110,91,52,102,60,94,73,128,112,126,59,68,95" hai3="71,72,127,10,134,101,14,45,49,20,67,79,51"/><U8/><E116/><V0/><F110/><W65/><G65/><T17/><D108/><U105/><E131/><V97/><F73/><UN n3="%E5%A4%96%E5%B7%9D%E7%AB%9C%E6%88%90" /><W89/><G127/><T15/><D115/><U92/><E105/><V124/><F128/><W55/><G134/><T42/><D125/><N who="2" m="48234" /><F0/><W122/><G101/><T30/><D132/><U66/><E66/><V106/><F112/><W48/><G122/><T69/><D100/><U118/><E118/><V98/><F68/><W93/><G79/><T111/><D69/><U61/><E109/><V75/><F75/><W77/><G77/><T62/><D111/><U22/><E8/><V99/><F99/><W25/><G67/><T81/><D62/><U37/><E37/><V13/><F13/><W83/><G83/><T3/><D39/><U121/><E90/><V103/><F91/><W32/><G32/><T1/><REACH who="0" step="1"/><D17/><REACH who="0" ten="62,523,258,147" step="2"/><U76/><E121/><V107/><AGARI ba="1,1" hai="52,59,60,94,95,97,98,102,103,106,107" m="48234" machi="107" ten="30,2000,0" yaku="18,1,54,1" doraHai="5" who="2" fromWho="2" sc="62,-6,523,-11,258,33,147,-6" /><INIT seed="6,0,0,1,5,3" ten="56,512,291,141" oya="2" hai0="10,107,118,23,18,48,105,94,80,40,106,2,111" hai1="108,44,95,110,9,124,46,16,17,121,75,100,21" hai2="30,85,98,5,65,83,66,97,54,91,133,132,96" hai3="60,13,31,123,113,63,29,53,81,103,35,42,69"/><V27/><F54/><W68/><G123/><T7/><D111/><U126/><E75/><V79/><F79/><W56/><G113/><T0/><D118/><U61/><E121/><V115/><F115/><W70/><G103/><T93/><D80/><U84/><E61/><V24/><F5/><W122/><G122/><T43/><D0/><U41/><E9/><V125/><F125/><N who="1" m="48233" /><E46/><V104/><F104/><W34/><G42/><T119/><D119/><U77/><E17/><V14/><F14/><W20/><G81/><T78/><D78/><U112/><E112/><V45/><F45/><W89/><G89/><T51/><D43/><U12/><E77/><V134/><REACH who="2" step="1"/><F27/><REACH who="2" ten="56,512,281,141" step="2"/><W71/><G13/><T99/><D40/><U1/><E44/><V28/><F28/><W62/><G31/><T109/><D109/><U135/><E41/><V82/><F82/><W87/><G29/><T36/><D94/><U58/><E110/><V130/><F130/><W49/><G53/><T26/><REACH who="0" step="1"/><D36/><REACH who="0" ten="46,512,281,141" step="2"/><U6/><E108/><V67/><F67/><W15/><G71/><T32/><D32/><AGARI ba="0,2" hai="24,30,32,65,66,83,85,91,96,97,98,132,133,134" machi="32" ten="50,4800,0" yaku="1,1,20,1,53,0" doraHai="3" doraHaiUra="101" who="2" fromWho="0" sc="46,-48,512,0,281,68,141,0" owari="-2,-50.2,512,61.2,349,14.9,141,-25.9" /></mjloggm>