<mjloggm ver="2.3"><GO type="169" lobby="0"/><UN n0="%E4%BA%BA%E7%8B%BC" n1="%E7%89%8C%E6%B5%81%E7%8A%B6%E6%85%8B%E9%BA%BB%E9%9B%80" n2="%66%61%74%65%34%32%39%38" n3="%6D%61%6A%75%6E%69%61" dan="16,16,16,16" rate="2053.35,2170.62,2054.65,2141.93" sx="M,M,M,M"/><TAIKYOKU oya="0"/><INIT seed="0,0,0,1,3,17" ten="250,250,250,250" oya="0" hai0="42,95,89,61,107,85,29,2,41,68,63,64,86" hai1="103,20,96,26,71,50,97,13,31,18,87,90,93" hai2="5,75,32,117,130,111,48,19,70,23,114,34,25" hai3="12,36,73,0,11,27,33,77,115,81,16,125,78"/><T35/><D107/><U105/><E71/><V9/><F75/><W101/><G115/><T54/><D2/><U102/><E50/><V67/><F48/><W83/><G125/><T116/><D116/><U126/><E126/><V21/><F67/><W39/><G101/><T92/><D35/><N who="2" m="13354" /><F70/><W132/><G132/><T128/><D128/><U51/><E51/><V123/><F114/><W98/><G98/><T104/><D104/><U72/><E72/><V45/><F45/><W59/><G59/><T134/><D134/><U4/><E4/><V121/><F117/><W74/><REACH who="3" step="1"/><G0/><REACH who="3" ten="250,250,250,240" step="2"/><T46/><D46/><U24/><REACH who="1" step="1"/><E31/><AGARI ba="0,1" hai="11,12,16,27,31,33,36,39,73,74,77,78,81,83" machi="31" ten="40,8000,1" yaku="1,1,2,1,9,1,54,1,53,0" doraHai="17" doraHaiUra="47" who="3" fromWho="1" sc="250,0,250,-80,250,0,240,90" /><INIT seed="1,0,0,4,1,102" ten="250,170,250,330" oya="1" hai0="83,38,68,112,94,21,36,10,67,133,56,89,27" hai1="24,0,120,125,4,73,97,20,8,113,108,37,114" hai2="124,3,50,127,18,11,111,57,92,55,82,52,80" hai3="35,78,41,132,115,33,90,59,60,109,71,14,81"/><U9/><E37/><V131/><F111/><W93/><G115/><T106/><D112/><U64/><E73/><V1/><F131/><W122/><G122/><T49/><D133/><U105/><E120/><V47/><F92/><W103/><G71/><T2/><D106/><U42/><E42/><V43/><F55/><W99/><G109/><T107/><D83/><U118/><E108/><V128/><F128/><W66/><G132/><T100/><D68/><U12/><E118/><V74/><F18/><W75/><G41/><T135/><D10/><U61/><E125/><N who="2" m="48203" /><F11/><W101/><G101/><T7/><D7/><U54/><E54/><V126/><N who="2" m="48211" /><V39/><DORA hai="6" /><F74/><W5/><G5/><T79/><D94/><U121/><E121/><V98/><F98/><W65/><G65/><T40/><D100/><U130/><E130/><V51/><F51/><W70/><G70/><T69/><D49/><U110/><E110/><V31/><F31/><W84/><REACH who="3" step="1"/><G14/><REACH who="3" ten="250,170,250,320" step="2"/><T48/><D69/><U87/><E114/><V17/><F17/><W13/><G13/><T25/><D67/><U63/><E113/><V129/><F129/><W134/><G134/><T104/><D135/><U95/><E64/><V58/><F58/><W116/><G116/><T45/><D56/><U16/><E12/><V62/><F39/><W29/><G29/><T30/><D38/><U22/><E4/><V119/><F119/><W34/><G34/><T77/><D30/><U86/><E0/><AGARI ba="0,1" hai="0,1,3,43,47,50,52,57,62,80,82" m="48211" machi="0" ten="40,2600,0" yaku="18,1,54,1" doraHai="102,6" who="2" fromWho="1" sc="250,0,170,-26,250,36,320,0" /><INIT seed="2,0,0,2,5,62" ten="250,144,286,320" oya="2" hai0="91,57,89,122,30,85,38,108,26,31,113,20,126" hai1="121,94,134,86,48,125,72,69,130,34,46,39,92" hai2="60,1,56,75,110,129,42,27,18,64,68,24,81" hai3="53,45,7,118,135,49,114,51,3,83,102,119,13"/><V106/><F129/><W58/><G114/><T54/><D113/><U16/><E72/><V105/><F1/><W40/><G135/><T63/><D122/><U73/><E73/><V90/><F42/><W87/><G102/><T55/><D108/><U103/><E130/><V36/><F36/><W124/><G124/><T17/><D126/><U22/><E34/><V101/><F110/><W117/><G3/><T131/><D131/><U115/><E125/><V120/><F120/><W77/><REACH who="3" step="1"/><G118/><REACH who="3" ten="250,144,286,310" step="2"/><T70/><D38/><U11/><E115/><V96/><F105/><W109/><G109/><T97/><D70/><U28/><E134/><V43/><F68/><W44/><G44/><T112/><D112/><U128/><E128/><V74/><F43/><W8/><AGARI ba="0,1" hai="7,8,13,40,45,49,51,53,58,77,83,87,117,119" machi="8" ten="30,7900,0" yaku="1,1,0,1,25,2,53,0" doraHai="62" doraHaiUra="15" who="3" fromWho="3" sc="250,-20,144,-20,286,-39,310,89" /><INIT seed="3,0,0,0,1,55" ten="230,124,247,399" oya="3" hai0="2,72,103,15,78,95,106,36,17,34,87,0,10" hai1="65,49,13,110,35,25,120,41,53,33,97,94,126" hai2="85,45,91,48,88,109,39,111,4,50,40,18,121" hai3="124,104,119,54,84,16,90,115,107,108,98,86,116"/><W83/><G115/><T79/><D36/><U11/><E110/><N who="2" m="41995" /><F121/><W127/><G108/><T130/><D34/><U59/><E126/><N who="3" m="48170" /><G54/><T105/><D130/><U125/><E120/><V46/><F4/><W63/><G63/><T73/><D87/><U30/><E125/><V123/><F123/><W69/><G69/><T42/><D42/><U5/><E41/><N who="2" m="22719" /><F18/><W96/><G16/><T27/><D95/><U22/><REACH who="1" step="1"/><E65/><REACH who="1" ten="230,114,247,399" step="2"/><V62/><F40/><W118/><G86/><T102/><D73/><U3/><E3/><V12/><F85/><W92/><G98/><T6/><D72/><U64/><E64/><V100/><F12/><W82/><G82/><T101/><D2/><U52/><E52/><V8/><F48/><W66/><G66/><T29/><D0/><U81/><E81/><V132/><F50/><W21/><G21/><T89/><D6/><U93/><E93/><V26/><F62/><W122/><G122/><T76/><D105/><U23/><E23/><V31/><F8/><W113/><G113/><T37/><D106/><U28/><E28/><V9/><F9/><W14/><G14/><T71/><D10/><U74/><E74/><V131/><F31/><W20/><G20/><T32/><D15/><U44/><E44/><V24/><F46/><W56/><G56/><T61/><D61/><U129/><E129/><V128/><F128/><W43/><G43/><T112/><D29/><U117/><E117/><V99/><F131/><W80/><G80/><T38/><D38/><U19/><E19/><V68/><F99/><W60/><G60/><T47/><D37/><RYUUKYOKU ba="0,1" sc="230,-15,114,15,247,-15,399,15" hai1="5,11,13,22,25,30,33,35,49,53,59,94,97" hai3="83,84,90,92,96,104,107,116,118,119" /><INIT seed="3,1,1,1,3,5" ten="215,129,232,414" oya="3" hai0="46,95,43,9,108,64,8,41,59,98,63,71,102" hai1="112,49,101,116,105,135,31,93,10,3,86,32,94" hai2="35,65,84,68,109,117,119,34,82,118,97,17,38" hai3="103,69,70,60,87,67,76,104,66,120,134,83,89"/><W20/><G120/><T100/><D108/><U55/><E112/><V96/><F38/><W75/><G134/><T133/><D133/><U126/><E135/><V128/><F109/><W42/><G42/><T12/><D100/><U79/><E126/><V123/><F123/><W18/><G66/><T16/><D71/><U130/><E130/><V14/><F128/><W57/><G103/><T81/><D81/><U33/><E116/><V106/><F65/><W26/><REACH who="3" step="1"/><G104/><REACH who="3" ten="215,129,232,404" step="2"/><T47/><D9/><U124/><E105/><V110/><F110/><W4/><G4/><T73/><D73/><U53/><E10/><V113/><F106/><W0/><G0/><T121/><D121/><U24/><E3/><V74/><F74/><W131/><G131/><T44/><AGARI ba="1,2" hai="8,12,16,41,43,44,46,47,59,63,64,95,98,102" machi="44" ten="30,7900,0" yaku="0,1,8,1,52,1,54,1" doraHai="5" who="0" fromWho="0" sc="215,102,129,-21,232,-21,404,-40" /><INIT seed="4,0,0,1,0,48" ten="317,108,211,364" oya="0" hai0="49,84,73,122,9,46,27,115,68,78,103,131,86" hai1="43,99,95,24,11,80,133,44,50,118,93,72,17" hai2="33,129,42,30,66,59,67,65,2,104,110,0,96" hai3="15,6,130,135,47,124,25,53,7,128,55,123,108"/><T40/><D122/><U70/><E133/><V116/><F110/><W32/><G108/><T52/><D115/><U120/><E118/><V20/><F33/><W125/><G123/><T51/><D131/><N who="3" m="50217" /><G47/><N who="0" m="27711" /><D68/><U94/><E120/><V102/><F129/><W106/><G106/><T37/><D37/><U82/><E70/><V109/><F109/><W22/><G32/><T114/><D114/><U75/><BYE who="0" /><E99/><UN n0="%E4%BA%BA%E7%8B%BC" /><V79/><F42/><W14/><G135/><T98/><D73/><U87/><E80/><V10/><F116/><W21/><G6/><T26/><D9/><U113/><E113/><V97/><F10/><N who="3" m="4447" /><G15/><T83/><D86/><U56/><E56/><V100/><F59/><W127/><G22/><T58/><D58/><U101/><E101/><V77/><F2/><W126/><G126/><T74/><D74/><U105/><E105/><V5/><F5/><W23/><G23/><T132/><D132/><U64/><E75/><V29/><F0/><W63/><G63/><T35/><D35/><U60/><E72/><V18/><F104/><W57/><G57/><T45/><D46/><U111/><E111/><V112/><F112/><W76/><G76/><N who="2" m="29257" /><F96/><W41/><G41/><T85/><D85/><U119/><E119/><V34/><F34/><W16/><AGARI ba="0,0" hai="16,21,25,53,55,124,125,127" m="4447,50217" machi="16" ten="40,8000,1" yaku="18,1,19,1,52,2,54,1" doraHai="48" who="3" fromWho="3" sc="317,-40,108,-20,211,-20,364,80" /><INIT seed="5,0,0,3,2,128" ten="277,88,191,444" oya="1" hai0="61,86,96,28,56,47,53,58,30,14,26,98,73" hai1="40,79,121,75,23,33,83,102,7,112,12,17,81" hai2="54,36,114,99,127,10,39,71,76,64,5,43,62" hai3="135,74,20,45,77,92,116,125,60,87,97,29,1"/><U80/><E121/><V31/><F127/><W22/><G116/><T41/><D73/><U111/><E112/><V129/><F129/><W69/><G1/><T120/><D120/><U84/><E111/><V133/><F31/><W50/><G74/><T100/><D86/><U106/><E33/><V72/><F39/><W78/><G125/><T110/><D110/><U93/><E40/><V13/><F99/><W16/><G29/><T122/><D122/><U134/><E134/><V48/><F133/><W57/><G69/><T21/><D14/><U113/><E113/><V108/><F108/><W49/><G135/><T104/><D58/><U42/><E42/><V24/><F24/><N who="3" m="14343" /><G22/><T95/><D98/><N who="1" m="61783" /><E7/><V65/><F114/><W25/><G87/><T4/><D4/><U85/><E85/><V11/><F11/><W126/><G25/><T123/><D123/><U55/><E55/><V52/><F65/><N who="3" m="39055" /><G126/><T118/><D118/><U38/><E38/><V3/><F13/><W68/><G68/><T32/><D32/><U109/><E109/><V115/><F115/><W91/><G50/><N who="0" m="26991" /><D104/><U101/><E101/><V119/><F119/><W51/><G51/><T89/><D100/><U59/><E59/><V66/><F48/><W27/><G27/><T67/><D53/><AGARI ba="0,0" hai="45,49,53,77,78,91,92,97" m="39055,14343" machi="53" ten="30,2000,0" yaku="8,1,54,1" doraHai="128" who="3" fromWho="0" sc="277,-20,88,0,191,0,444,20" /><INIT seed="6,0,0,2,2,77" ten="257,88,191,464" oya="2" hai0="76,91,80,108,122,66,98,73,75,64,109,29,86" hai1="16,53,112,18,119,42,79,26,102,51,6,81,12" hai2="93,127,128,50,103,115,23,38,2,106,125,105,74" hai3="57,90,130,71,118,110,97,15,36,62,7,65,121"/><V68/><F38/><W60/><G118/><T59/><D29/><U96/><E112/><V54/><F2/><W11/><G36/><T19/><D122/><U85/><E119/><V10/><F115/><W21/><G110/><T101/><D73/><U126/><E126/><N who="2" m="48139" /><F68/><W83/><G130/><T27/><D27/><U67/><E67/><V14/><F23/><W113/><G113/><T3/><D3/><U120/><E120/><V58/><F74/><W48/><G48/><T47/><D47/><U37/><E37/><V63/><F63/><W52/><G121/><T78/><D19/><U44/><E53/><V4/><F128/><W25/><G97/><AGARI ba="0,0" hai="4,10,14,50,54,58,93,97,103,105,106" m="48139" machi="97" ten="30,1500,0" yaku="18,1" doraHai="77" who="2" fromWho="3" sc="257,0,88,0,191,15,464,-15" /><INIT seed="6,1,0,2,2,123" ten="257,88,206,449" oya="2" hai0="96,17,90,95,61,12,20,40,66,22,122,97,124" hai1="82,118,46,81,14,74,54,80,62,19,88,8,85" hai2="99,105,31,11,106,33,104,10,130,119,6,86,23" hai3="48,129,45,93,0,72,107,92,127,125,41,117,68"/><V58/><F119/><W35/><G107/><T108/><D108/><U52/><E118/><V43/><F130/><W28/><G117/><T120/><D124/><N who="3" m="47689" /><G72/><T94/><D40/><U36/><E74/><V39/><F33/><W7/><G68/><T27/><D27/><U32/><E32/><V26/><F10/><N who="3" m="2407" /><G129/><T79/><D79/><U113/><E113/><V75/><F75/><W49/><G49/><T15/><D15/><U37/><E54/><V60/><F86/><W112/><G112/><T109/><D109/><U115/><E115/><V89/><F43/><W134/><G134/><T4/><D4/><U98/><E98/><V133/><F39/><W65/><G65/><T38/><D38/><U121/><E121/><V103/><F89/><W3/><G3/><T69/><D22/><U78/><E78/><V5/><F5/><W16/><G16/><T9/><D20/><U84/><E84/><V18/><F18/><W24/><AGARI ba="1,0" hai="24,28,35,41,45,48,92,93" m="2407,47689" machi="24" ten="30,1100,0" yaku="18,1" doraHai="123" who="3" fromWho="3" sc="257,-4,88,-4,206,-6,449,14" /><INIT seed="7,0,0,4,4,42" ten="253,84,200,463" oya="3" hai0="9,113,37,119,68,118,107,59,34,40,21,45,29" hai1="41,11,114,111,12,116,43,90,19,61,83,97,80" hai2="8,47,84,85,72,57,0,71,44,132,135,92,35" hai3="91,130,53,58,50,17,99,81,69,77,96,6,13"/><W62/><G69/><T86/><D107/><U10/><E114/><V117/><F71/><W122/><G6/><T4/><D68/><U109/><E116/><V112/><F72/><W87/><G130/><T126/><D126/><U108/><E61/><V5/><F35/><W134/><G134/><N who="2" m="51241" /><F117/><W101/><G101/><T125/><D125/><U104/><E104/><V65/><F112/><W33/><G33/><T49/><D113/><U124/><E124/><V79/><F79/><W16/><G17/><T131/><D131/><U70/><E70/><V120/><F120/><W73/><G73/><T52/><D34/><U82/><E97/><V51/><F92/><W75/><G77/><T63/><D86/><N who="2" m="33386" /><F51/><W100/><G75/><T88/><D88/><U14/><E90/><V102/><F102/><W93/><G99/><T3/><D37/><U60/><E60/><AGARI ba="0,0" hai="0,5,8,44,47,57,60,65" m="33386,51241" machi="60" ten="30,3900,0" yaku="20,1,52,2" doraHai="42" who="2" fromWho="1" sc="253,0,84,-39,200,39,463,0" owari="253,5.3,45,-45.5,239,-16.1,463,56.3" /></mjloggm>