<mjloggm ver="2.3"><GO type="169" lobby="0"/><UN n0="%E2%98%86%41%64%72%69%61%6E" n1="%E3%83%A4%E3%83%9E%E3%83%80%E3%81%95%E3%82%93" n2="%E3%83%88%E3%82%B7%E3%83%95%E3%83%BC%E3%83%8B" n3="%E3%81%8B%E3%82%8F%E3%81%97%E3%81%83" dan="17,18,16,16" rate="2175.64,2207.42,2139.43,2115.22" sx="M,M,M,M"/><TAIKYOKU oya="0"/><INIT seed="0,0,0,4,2,96" ten="250,250,250,250" oya="0" hai0="4,1,8,62,53,42,104,47,98,5,34,59,16" hai1="38,39,79,6,118,111,126,32,83,63,31,82,21" hai2="56,44,90,133,3,107,95,2,15,65,0,85,25" hai3="54,43,55,52,49,58,122,121,92,89,14,112,116"/><T130/><D130/><U67/><E118/><V91/><F133/><W128/><G116/><T78/><D34/><U81/><E79/><V40/><F107/><W105/><G105/><T75/><D5/><U17/><E6/><V33/><F15/><W99/><G112/><T101/><D78/><U48/><E111/><V114/><F114/><W115/><G128/><T87/><D87/><U120/><E120/><N who="3" m="46186" /><G115/><T123/><D75/><U80/><E126/><V66/><F90/><W73/><G73/><T57/><D123/><U18/><E48/><V19/><F56/><W71/><G71/><T13/><D59/><U12/><N who="1" m="20480" /><DORA hai="20" /><U70/><REACH who="1" step="1"/><E18/><REACH who="1" ten="250,240,250,250" step="2"/><V109/><F109/><W106/><G43/><T28/><D42/><U35/><E35/><V10/><F19/><W102/><G14/><T72/><D72/><U30/><E30/><V60/><F60/><W76/><G76/><T103/><D28/><U64/><E64/><V129/><F129/><W46/><G46/><T88/><D47/><U134/><E134/><V36/><REACH who="2" step="1"/><F10/><REACH who="2" ten="250,240,240,250" step="2"/><W27/><G27/><AGARI ba="0,2" hai="12,17,21,27,31,32,38,39,63,67,70" m="20480" machi="27" ten="50,6400,0" yaku="1,1,52,1,53,1" doraHai="96,20" doraHaiUra="11,93" who="1" fromWho="3" sc="250,0,240,84,240,0,250,-64" /><INIT seed="1,0,0,1,2,77" ten="250,324,240,186" oya="1" hai0="97,74,86,79,131,6,13,19,108,105,47,129,111" hai1="60,63,103,88,87,113,78,98,94,64,38,42,68" hai2="24,71,109,89,128,35,8,117,32,72,33,0,123" hai3="120,134,54,14,45,55,2,135,10,93,15,96,90"/><U126/><E126/><V39/><RYUUKYOKU type="yao9" ba="0,0" sc="250,0,324,0,240,0,186,0" hai2="0,8,24,32,33,35,39,71,72,89,109,117,123,128" /><INIT seed="1,1,0,5,5,52" ten="250,324,240,186" oya="1" hai0="4,20,94,123,22,5,7,69,89,130,131,25,24" hai1="28,135,40,62,67,132,108,61,115,31,49,118,14" hai2="9,51,121,78,106,100,103,46,129,42,76,44,126" hai3="8,85,134,80,75,66,127,99,2,58,16,32,10"/><U60/><E115/><V84/><F121/><W6/><G32/><T70/><D123/><U71/><E118/><V54/><F126/><W23/><G75/><T92/><D89/><U125/><E14/><V63/><F129/><N who="0" m="49162" /><D94/><U19/><E19/><V38/><F106/><W98/><G127/><T43/><D43/><U111/><E125/><V124/><F124/><W96/><G134/><N who="1" m="51242" /><E28/><V122/><F122/><W41/><G41/><T15/><D92/><U13/><E13/><V68/><F9/><W26/><G10/><T128/><N who="0" m="49170" /><T120/><DORA hai="109" /><D15/><U105/><E31/><V1/><F1/><W11/><G11/><T114/><D120/><U33/><E33/><V119/><F119/><W30/><G30/><N who="0" m="17671" /><D114/><U101/><E101/><V17/><F17/><AGARI ba="1,0" hai="4,5,7,17,22,25,69,70" m="17671,49170" machi="17" ten="40,1300,0" yaku="19,1" doraHai="52,109" who="0" fromWho="2" sc="250,16,324,0,240,-16,186,0" /><INIT seed="2,0,0,3,2,45" ten="266,324,224,186" oya="2" hai0="85,30,57,22,54,44,17,55,8,20,42,98,94" hai1="6,16,23,0,110,39,62,28,69,66,35,4,87" hai2="49,53,76,125,3,93,31,118,88,56,25,9,73" hai3="12,21,83,1,43,78,50,99,34,64,15,96,29"/><V134/><F118/><W120/><G120/><T81/><D8/><U128/><E110/><V115/><F115/><W72/><G1/><T117/><D117/><U92/><E39/><V111/><F111/><W108/><G108/><T102/><D30/><U107/><E107/><V27/><F125/><W26/><G64/><T7/><D7/><U51/><E128/><V38/><F38/><W40/><G40/><T19/><D57/><U123/><E123/><V89/><F134/><W122/><G122/><T80/><D80/><U135/><E135/><V106/><F106/><W90/><G90/><T131/><D131/><U130/><E130/><V119/><F119/><W113/><G113/><T65/><D65/><U86/><E28/><V52/><F73/><W132/><G132/><T46/><D22/><U127/><E35/><V11/><F76/><W48/><G43/><T105/><D19/><U33/><E33/><V75/><F75/><W114/><G114/><T58/><D42/><U36/><E36/><V95/><F3/><W79/><G79/><N who="0" m="46271" /><D55/><U59/><E127/><V60/><F31/><W41/><G41/><T77/><D77/><U97/><E0/><V18/><F18/><N who="3" m="10439" /><G15/><N who="0" m="9279" /><D105/><U100/><E4/><V10/><F25/><W109/><G109/><T84/><D84/><U63/><E6/><V71/><F27/><W74/><G72/><T103/><D103/><U91/><E100/><V129/><F129/><W124/><G124/><T67/><D67/><N who="1" m="39391" /><E86/><N who="2" m="52375" /><F71/><W82/><G83/><T37/><D37/><U32/><E32/><V47/><F11/><W126/><G126/><T68/><D68/><RYUUKYOKU ba="0,0" sc="266,10,324,-30,224,10,186,10" hai0="44,46,54,58,94,98,102" hai2="9,10,47,49,52,53,56,60,89,95" hai3="26,29,34,48,50,74,78,82,96,99" /><INIT seed="2,1,0,4,0,10" ten="276,294,234,196" oya="2" hai0="112,129,32,131,51,102,57,38,105,73,133,0,70" hai1="91,124,109,127,107,17,34,97,7,68,3,49,44" hai2="122,25,6,56,66,5,43,81,79,118,115,28,125" hai3="116,20,96,77,61,95,114,71,86,46,2,36,128"/><V119/><F122/><W48/><G116/><T117/><RYUUKYOKU type="yao9" ba="1,0" sc="276,0,294,0,234,0,196,0" hai0="0,32,38,51,57,70,73,102,105,112,117,129,131,133" /><INIT seed="2,2,0,4,5,104" ten="276,294,234,196" oya="2" hai0="58,64,14,114,132,5,130,3,106,127,41,23,46" hai1="51,33,4,111,97,27,11,69,115,120,63,44,62" hai2="32,57,29,31,35,101,37,76,100,49,134,0,71" hai3="84,110,105,72,53,94,124,54,55,24,103,16,18"/><V126/><F71/><W75/><G105/><T107/><D114/><U85/><E115/><V93/><F37/><W128/><G110/><T6/><D3/><U43/><E111/><V90/><F0/><W123/><G123/><T102/><D102/><U133/><E120/><V50/><F76/><W89/><G124/><T52/><D64/><U87/><E133/><V116/><F116/><W77/><G77/><T108/><D108/><U118/><E118/><V109/><F109/><W81/><G128/><T86/><D127/><U10/><E10/><V117/><F117/><W45/><G45/><T30/><D132/><U61/><E69/><V131/><F134/><W66/><G66/><T9/><D6/><U112/><E97/><V15/><F126/><W34/><G103/><N who="2" m="39497" /><F131/><W88/><G34/><T40/><D86/><U79/><E79/><V113/><F113/><W56/><G56/><T83/><D83/><U99/><E99/><N who="2" m="57783" /><F32/><W73/><REACH who="3" step="1"/><G24/><REACH who="3" ten="276,294,234,186" step="2"/><N who="0" m="16671" /><D107/><U59/><E59/><V98/><F35/><W7/><G7/><T129/><D106/><U12/><E112/><V25/><F25/><W36/><G36/><T21/><D130/><U2/><E2/><V20/><F57/><W47/><G47/><T19/><D129/><U121/><E121/><V74/><F74/><W122/><G122/><T68/><D68/><U92/><E33/><V96/><F15/><W91/><G91/><T13/><D46/><U42/><E27/><N who="2" m="16615" /><F31/><W1/><G1/><T8/><D8/><U48/><E11/><V67/><F67/><W22/><G22/><T70/><D70/><U119/><E119/><RYUUKYOKU ba="2,1" sc="276,10,294,-30,234,10,186,10" hai0="5,9,13,14,19,21,40,41,52,58" hai2="49,50,96,98" hai3="16,18,53,54,55,72,73,75,81,84,88,89,94" /><INIT seed="2,3,1,2,3,10" ten="286,264,244,196" oya="2" hai0="46,109,4,71,64,22,119,26,28,62,35,65,128" hai1="130,13,106,11,81,55,1,52,45,87,92,38,41" hai2="16,97,96,118,20,85,58,12,63,99,112,33,127" hai3="114,116,108,120,133,134,54,121,129,36,43,29,70"/><V123/><F112/><W67/><G29/><T93/><D109/><U117/><E106/><V59/><F123/><N who="3" m="47179" /><G116/><T113/><D113/><U19/><E117/><V66/><F118/><W84/><G114/><T100/><D119/><U27/><E130/><V125/><F33/><W102/><G102/><T30/><D128/><U78/><E1/><V132/><F132/><N who="3" m="50795" /><G129/><T79/><D30/><U32/><E32/><V131/><F131/><W73/><G73/><T21/><D100/><U74/><REACH who="1" step="1"/><E27/><REACH who="1" ten="286,254,244,196" step="2"/><V82/><REACH who="2" step="1"/><F58/><REACH who="2" ten="286,254,234,196" step="2"/><W44/><G108/><T80/><D35/><U40/><E40/><V77/><AGARI ba="3,3" hai="12,16,20,59,63,66,77,82,85,96,97,99,125,127" machi="77" ten="30,12000,1" yaku="1,1,2,1,0,1,52,1,54,1,53,0" doraHai="10" doraHaiUra="88" who="2" fromWho="2" sc="286,-43,254,-43,234,159,196,-43" /><INIT seed="2,4,0,0,0,39" ten="243,211,393,153" oya="2" hai0="87,3,104,6,88,24,78,79,75,116,65,69,119" hai1="120,125,30,16,99,73,31,67,127,4,63,60,96" hai2="109,2,70,85,83,112,100,47,89,90,95,84,106" hai3="23,108,25,45,5,72,38,118,102,135,11,10,115"/><V122/><F70/><W55/><G118/><T101/><D75/><U46/><E73/><V36/><F2/><W18/><G72/><T49/><D24/><U133/><E133/><V129/><F122/><W48/><G135/><T98/><D49/><U52/><E4/><V58/><F112/><W97/><G108/><T57/><D69/><U22/><E120/><V93/><F109/><W20/><G115/><T107/><D107/><U103/><E31/><V28/><F129/><W64/><G64/><T14/><D3/><U32/><E30/><V128/><F128/><W117/><G117/><N who="0" m="45131" /><D6/><U134/><E32/><V40/><F28/><W113/><G113/><T130/><D130/><U12/><E134/><V74/><F58/><W81/><G81/><N who="0" m="49263" /><D14/><U123/><E123/><V80/><REACH who="2" step="1"/><F74/><REACH who="2" ten="243,211,383,153" step="2"/><W71/><G71/><T15/><D15/><U9/><E12/><V56/><F56/><W42/><G5/><T29/><D29/><U19/><E19/><V34/><F34/><W111/><G111/><T8/><D8/><U124/><E16/><V92/><F92/><N who="3" m="58663" /><G20/><T82/><D82/><U0/><E9/><V121/><F121/><W114/><G114/><T53/><D65/><U44/><E0/><V77/><F77/><W91/><G91/><T59/><D57/><U110/><E110/><V126/><F126/><W27/><G25/><T132/><D132/><U35/><E125/><V1/><F1/><W50/><G55/><T37/><D53/><U61/><E124/><V33/><F33/><W43/><G43/><T66/><D66/><U54/><E67/><V41/><F41/><RYUUKYOKU ba="4,1" sc="243,-15,211,-15,383,15,153,15" hai2="36,40,47,80,83,84,85,89,90,93,95,100,106" hai3="10,11,18,23,27,38,42,45,48,50" /><INIT seed="2,5,1,1,0,77" ten="228,196,398,168" oya="2" hai0="131,79,132,16,96,33,102,60,128,53,116,13,69" hai1="56,39,11,107,15,35,88,115,27,63,84,97,65" hai2="99,7,123,10,26,58,104,57,75,108,124,91,111" hai3="52,117,73,9,68,3,112,49,18,6,83,32,12"/><V30/><F123/><W122/><G117/><T64/><D116/><U43/><E115/><V129/><F75/><W14/><G122/><T31/><D132/><U54/><E39/><V24/><F124/><W110/><G112/><T67/><D79/><U94/><E43/><V46/><F46/><W120/><G120/><T45/><D64/><U87/><E107/><V55/><F129/><W126/><G110/><N who="2" m="42025" /><F55/><W121/><G121/><T0/><D0/><U106/><E106/><V62/><F62/><W105/><G105/><N who="0" m="63687" /><D45/><U70/><E35/><N who="2" m="20935" /><F26/><W1/><G32/><T101/><D53/><U40/><E27/><V93/><F104/><W37/><G37/><T23/><D101/><U34/><E40/><V103/><F103/><W74/><G74/><T130/><D33/><U81/><E34/><V5/><F5/><W51/><G126/><T76/><D76/><N who="1" m="46119" /><E70/><V59/><F59/><W86/><G68/><T71/><D71/><U2/><E2/><AGARI ba="5,1" hai="2,7,10,57,58,91,93,99" m="20935,42025" machi="2" ten="30,2900,0" yaku="14,1,10,1" doraHai="77" who="2" fromWho="1" sc="228,0,196,-44,398,54,168,0" /><INIT seed="2,6,0,4,5,41" ten="228,152,452,168" oya="2" hai0="53,99,94,77,72,10,90,124,4,76,17,123,110" hai1="52,19,80,50,109,15,74,23,126,105,6,130,2" hai2="115,114,81,125,24,82,39,32,79,128,78,69,101" hai3="26,116,48,37,104,29,54,96,89,31,42,16,63"/><V73/><F125/><W27/><G116/><T12/><D123/><U83/><E105/><V106/><F128/><W97/><G37/><T43/><D124/><U91/><E126/><V68/><F39/><W134/><G134/><T0/><D110/><U75/><E130/><V59/><F59/><N who="3" m="35319" /><G104/><T22/><D72/><U111/><E2/><V95/><F95/><BYE who="2" /><N who="3" m="56431" /><G97/><T121/><D121/><U47/><E6/><V129/><F129/><W108/><G108/><N who="1" m="41546" /><E83/><V40/><F40/><W66/><G66/><T112/><D112/><U87/><AGARI ba="6,0" hai="15,19,23,47,50,52,74,75,80,87,91" m="41546" machi="87" ten="30,4000,0" yaku="14,1,52,1,54,1" doraHai="41" who="1" fromWho="1" sc="228,-16,152,58,452,-26,168,-16" /><INIT seed="3,0,0,5,4,37" ten="212,210,426,152" oya="3" hai0="80,87,15,111,0,95,43,122,99,125,29,78,83" hai1="23,25,126,50,119,79,40,3,9,102,55,2,60" hai2="52,91,132,54,94,47,66,24,14,42,118,33,117" hai3="88,41,74,121,39,10,12,71,59,36,72,127,46"/><W113/><G121/><T11/><D122/><U31/><E126/><V73/><F73/><W63/><G113/><T97/><D125/><U64/><E119/><V123/><F123/><W77/><G127/><T84/><D111/><U130/><E130/><V6/><F6/><W92/><G71/><T98/><D0/><U32/><E79/><V61/><F61/><W75/><G36/><T28/><D95/><U108/><E108/><V34/><F34/><W120/><G120/><T89/><REACH who="0" step="1"/><D43/><REACH who="0" ten="202,210,426,152" step="2"/><U85/><E40/><V8/><F8/><W17/><G77/><T70/><D70/><U112/><E9/><V53/><F53/><W7/><G7/><AGARI ba="0,1" hai="7,11,15,28,29,78,80,83,84,87,89,97,98,99" machi="7" ten="40,2600,0" yaku="1,1,8,1,53,0" doraHai="37" doraHaiUra="109" who="0" fromWho="3" sc="202,36,210,0,426,0,152,-26" /><INIT seed="4,0,0,2,4,81" ten="238,210,426,126" oya="0" hai0="13,76,5,0,43,63,83,45,84,92,64,80,120" hai1="19,56,130,21,38,111,107,62,55,10,103,133,97" hai2="89,88,69,78,54,128,50,20,127,119,87,79,33" hai3="135,6,46,42,12,96,26,18,11,23,16,49,109"/><T29/><D120/><U40/><E111/><V53/><F53/><W66/><G135/><T122/><D122/><U15/><E133/><V60/><F60/><W24/><G109/><T65/><D0/><U102/><E130/><V41/><F41/><W116/><G116/><T9/><D29/><U73/><E73/><V104/><F104/><W123/><G123/><T132/><D132/><U75/><E75/><V129/><F129/><W105/><G105/><T101/><D63/><U126/><E126/><V3/><F3/><W121/><G121/><T2/><D2/><U112/><E112/><V124/><F124/><W48/><G96/><N who="0" m="59527" /><D80/><U90/><E103/><V34/><F34/><W115/><G115/><T77/><D77/><U67/><E90/><V37/><F37/><W98/><G98/><T118/><D118/><U125/><E125/><V14/><F14/><W52/><G66/><T117/><D117/><U25/><E38/><V68/><F68/><W93/><G93/><T91/><D91/><U82/><E82/><V106/><F106/><W74/><G74/><T17/><D17/><U108/><E108/><V57/><F57/><W95/><G95/><T7/><D7/><U30/><E67/><V71/><F71/><W22/><G48/><AGARI ba="0,0" hai="5,9,13,43,45,48,64,65,76,83,84" m="59527" machi="48" ten="30,5800,0" yaku="25,1,8,1,52,1" doraHai="81" who="0" fromWho="3" sc="238,58,210,0,426,0,126,-58" /><INIT seed="4,1,0,1,5,66" ten="296,210,426,68" oya="0" hai0="88,76,39,91,6,72,2,11,127,114,10,100,41" hai1="3,57,22,36,45,28,92,13,112,128,55,17,77" hai2="62,60,0,70,75,83,115,124,15,31,12,90,108" hai3="135,105,79,129,52,98,35,123,46,30,113,118,63"/><T44/><D114/><U130/><E112/><V109/><F109/><W99/><G79/><T126/><D100/><U80/><E3/><V116/><F116/><W71/><G46/><T5/><D127/><U32/><E92/><V82/><F82/><W85/><G85/><T102/><D102/><U50/><E32/><V133/><F133/><W107/><G52/><T20/><D20/><U73/><E28/><V16/><F16/><W18/><G18/><T59/><D59/><U103/><E103/><V122/><F122/><W94/><G94/><T29/><D126/><U119/><E119/><V40/><F40/><W53/><G53/><T34/><D34/><U48/><E36/><V104/><F104/><W84/><G84/><T68/><D68/><U61/><REACH who="1" step="1"/><E50/><REACH who="1" ten="296,200,426,68" step="2"/><V120/><F120/><W1/><G30/><T101/><D29/><U65/><AGARI ba="1,1" hai="13,17,22,45,48,55,57,61,65,73,77,80,128,130" machi="65" ten="30,4000,0" yaku="1,1,2,1,0,1,53,0" doraHai="66" doraHaiUra="96" who="1" fromWho="1" sc="296,-21,200,53,426,-11,68,-11" /><INIT seed="5,0,0,1,3,102" ten="275,253,415,57" oya="1" hai0="26,23,39,97,79,95,38,92,1,49,74,21,135" hai1="100,62,84,128,112,25,114,37,30,76,131,115,60" hai2="18,34,63,78,86,118,69,61,104,44,56,46,58" hai3="54,10,85,125,109,107,67,94,134,52,20,35,65"/><U53/><E37/><V73/><F73/><W57/><G35/><T80/><D1/><U59/><E100/><V16/><F16/><W36/><G36/><T66/><D135/><U40/><E40/><V70/><F70/><W28/><G109/><T33/><D33/><U6/><E6/><V31/><F31/><W68/><G68/><T89/><D23/><U11/><E11/><V64/><F64/><W72/><G72/><T24/><D26/><U50/><E84/><V19/><F19/><W82/><G125/><T32/><D32/><N who="1" m="20559" /><E76/><V98/><F98/><W91/><G134/><T75/><D75/><U108/><E108/><V133/><F133/><W14/><G28/><T0/><D0/><U2/><E2/><V122/><F122/><W113/><G113/><T29/><D66/><U8/><E8/><V110/><F110/><W117/><G117/><T77/><D77/><U116/><E116/><V27/><F27/><W87/><G20/><T83/><D83/><U13/><E13/><V103/><F103/><W126/><G126/><T4/><D4/><U5/><E5/><V101/><F101/><W111/><G111/><T43/><REACH who="0" step="1"/><D95/><REACH who="0" ten="265,253,415,57" step="2"/><U132/><E132/><V124/><F124/><W45/><G107/><T22/><D22/><U3/><E3/><V88/><F88/><N who="3" m="51255" /><G14/><T51/><D51/><U105/><E105/><V120/><F120/><W90/><G90/><T81/><D81/><U42/><E62/><V9/><F9/><W12/><G10/><T127/><D127/><U48/><E60/><V7/><F7/><W99/><G12/><T106/><D106/><RYUUKYOKU ba="0,1" sc="265,15,253,15,415,-15,57,-15" hai0="21,24,29,38,39,43,49,74,79,80,89,92,97" hai1="42,48,50,53,59,112,114,115,128,131" /><INIT seed="5,1,1,4,5,1" ten="280,268,400,42" oya="1" hai0="103,84,10,62,47,70,74,46,34,113,5,29,53" hai1="83,17,28,68,121,24,82,125,4,89,22,126,108" hai2="85,111,93,76,52,25,102,2,75,3,35,9,73" hai3="30,94,69,100,45,119,127,13,36,8,31,56,79"/><U64/><E121/><V92/><F92/><W16/><G69/><T41/><D74/><U124/><E108/><V51/><F51/><W118/><G79/><T105/><D113/><U19/><E4/><V40/><F40/><W106/><G106/><T39/><D84/><N who="1" m="50327" /><E83/><V90/><F90/><W88/><G127/><T128/><D128/><U33/><E33/><V44/><F44/><W80/><G100/><T61/><D53/><U112/><E112/><V122/><F122/><W0/><G80/><T11/><D47/><U71/><E71/><V77/><F77/><W115/><G115/><T107/><D107/><U116/><E116/><N who="3" m="44586" /><G0/><T78/><D78/><U12/><E12/><V50/><F50/><W101/><G101/><T26/><D62/><AGARI ba="1,1" hai="17,19,22,24,28,62,64,68,124,125,126" m="50327" machi="62" ten="30,1500,0" yaku="18,1" doraHai="1" who="1" fromWho="0" sc="280,-18,268,28,400,0,42,0" /><INIT seed="5,2,0,3,5,68" ten="262,296,400,42" oya="1" hai0="124,92,24,99,7,63,73,104,110,58,25,131,108" hai1="87,40,23,54,31,30,105,86,116,65,88,8,21" hai2="82,50,56,96,61,66,103,78,6,118,71,80,123" hai3="95,129,60,42,59,114,130,122,27,48,90,109,51"/><U98/><E116/><V52/><F52/><N who="3" m="33895" /><G27/><T133/><D73/><U19/><E65/><V39/><F39/><W83/><G95/><T81/><D104/><U14/><E40/><V36/><F36/><W135/><G90/><T125/><D7/><U74/><E74/><V70/><F70/><W64/><G83/><T69/><D69/><U33/><E33/><V28/><F28/><N who="1" m="10793" /><E54/><V77/><F77/><W29/><G29/><T91/><D81/><U76/><E105/><V4/><F4/><W9/><G9/><T22/><D22/><N who="1" m="8203" /><E76/><V111/><F111/><W119/><G109/><T17/><D108/><U127/><E127/><V18/><F18/><W94/><G94/><AGARI ba="2,0" hai="8,14,19,86,87,88,94,98" m="8203,10793" machi="94" ten="30,2900,0" yaku="8,1,54,1" doraHai="68" who="1" fromWho="3" sc="262,0,296,35,400,0,42,-35" /><INIT seed="5,3,0,4,1,85" ten="262,331,400,7" oya="1" hai0="76,70,75,91,112,64,101,108,69,1,12,117,56" hai1="109,67,27,127,51,97,57,113,131,36,73,31,79" hai2="68,130,90,83,92,82,18,105,2,133,111,50,123" hai3="126,77,44,104,94,65,23,46,52,59,119,55,118"/><U134/><E36/><V74/><F74/><W95/><G104/><T102/><D1/><U20/><E113/><V88/><F88/><W19/><G77/><T116/><D108/><U80/><E109/><V122/><F122/><W25/><G126/><T16/><D112/><U39/><E39/><V61/><F61/><N who="3" m="38079" /><G119/><T14/><D56/><U40/><E127/><V128/><F128/><W86/><G118/><T22/><D76/><U98/><E134/><V124/><F124/><W9/><G9/><T38/><D38/><U10/><E131/><V58/><F58/><W99/><G86/><T41/><D75/><U89/><E10/><V78/><F78/><W93/><G99/><T110/><D110/><U37/><E37/><V106/><F106/><W30/><G30/><T42/><D64/><U8/><E8/><V103/><F103/><W15/><G15/><T84/><D84/><N who="1" m="50311" /><E79/><V63/><F63/><W47/><AGARI ba="3,0" hai="19,23,25,44,46,47,52,55,93,94,95" m="38079" machi="47" ten="30,2000,0" yaku="8,1,54,1" doraHai="85" who="3" fromWho="3" sc="262,-8,331,-13,400,-8,7,29" /><INIT seed="6,0,0,2,5,63" ten="254,318,392,36" oya="2" hai0="82,73,113,50,109,20,129,22,59,11,68,30,9" hai1="130,131,71,89,101,5,56,118,84,21,38,12,117" hai2="44,34,110,86,61,74,27,15,106,53,122,8,72" hai3="103,116,65,24,13,128,10,105,98,31,64,96,91"/><V18/><F18/><W3/><G128/><N who="1" m="49194" /><E71/><V77/><F77/><W4/><G116/><T83/><D68/><U123/><E123/><V114/><F114/><W100/><G91/><T25/><D109/><U115/><E115/><V95/><F95/><W41/><G41/><T133/><D73/><U87/><E38/><V40/><F40/><W108/><G3/><T6/><D129/><U92/><E101/><V16/><F16/><W107/><REACH who="3" step="1"/><G108/><REACH who="3" ten="254,318,392,26" step="2"/><T93/><D113/><U79/><E89/><V46/><F46/><W42/><G42/><T37/><D37/><U81/><E118/><V70/><F70/><W48/><G48/><T23/><D133/><U49/><E49/><V67/><F67/><W26/><G26/><T39/><D39/><U78/><E117/><V76/><F76/><W57/><G57/><T2/><D93/><U94/><E56/><V97/><F97/><W126/><G126/><T111/><D111/><U29/><E79/><V104/><F104/><W124/><G124/><T69/><D69/><U36/><E36/><V0/><F0/><W52/><G52/><T32/><REACH who="0" step="1"/><D11/><REACH who="0" ten="244,318,392,26" step="2"/><N who="1" m="4207" /><E87/><V120/><F120/><W99/><G99/><T134/><D134/><U125/><E125/><V33/><F33/><AGARI ba="0,2" hai="4,10,13,24,31,33,64,65,96,98,100,103,105,107" machi="33" ten="30,12000,2" yaku="1,1,7,1,9,1,52,2,53,1" doraHai="63" doraHaiUra="7" who="3" fromWho="2" sc="244,0,318,0,392,-120,26,140" /><INIT seed="7,0,0,5,1,115" ten="244,318,272,166" oya="3" hai0="62,131,74,97,107,114,22,124,89,130,68,1,106" hai1="38,70,134,8,3,12,111,46,75,59,15,94,90" hai2="49,95,44,2,98,101,31,81,78,14,7,21,117" hai3="5,80,79,61,0,109,126,23,42,108,27,34,11"/><W118/><G118/><T54/><D1/><U123/><E70/><V30/><F30/><W24/><G61/><T127/><D74/><U120/><E75/><V51/><F51/><W105/><G105/><T29/><D114/><U58/><E111/><N who="3" m="42570" /><G42/><T119/><D119/><U65/><E3/><V129/><F129/><N who="0" m="49162" /><D54/><U86/><E134/><V110/><F110/><W37/><G37/><T99/><D29/><U33/><E33/><V92/><F92/><W40/><G40/><T26/><D26/><N who="3" m="9769" /><G23/><T121/><D22/><U122/><E65/><V87/><F87/><N who="3" m="48543" /><G126/><N who="0" m="48171" /><D121/><U128/><E128/><V28/><F28/><W96/><G96/><N who="0" m="36939" /><D89/><U82/><E122/><V67/><F67/><AGARI ba="0,0" hai="62,67,68,106,107" m="36939,48171,49162" machi="67" ten="40,2600,0" yaku="19,1,18,1" doraHai="115" who="0" fromWho="2" sc="244,26,318,0,272,-26,166,0" owari="270,7.0,318,41.8,246,-15.4,166,-33.4" /></mjloggm>