<mjloggm ver="2.3"><GO type="169" lobby="0"/><UN n0="%62%61%6B%75%72%61%30%38" n1="%E3%81%8A%E3%81%90%E3%82%89%E3%82%86%E3%81%84" n2="%4B%61%74%65%31%39%39%39" n3="%E3%81%97%E3%82%89%E3%81%99%EF%BC%A1" dan="18,16,16,16" rate="2189.30,2037.32,2134.52,2106.37" sx="M,M,M,M"/><TAIKYOKU oya="0"/><INIT seed="0,0,0,4,2,85" ten="250,250,250,250" oya="0" hai0="104,14,27,80,61,1,65,89,75,59,128,129,5" hai1="115,77,120,102,79,4,20,26,30,98,130,134,131" hai2="105,67,58,82,43,38,35,0,70,3,127,121,2" hai3="116,36,7,106,118,50,56,11,100,108,22,133,111"/><T83/><D104/><U73/><E120/><V12/><F121/><W97/><G36/><T54/><D1/><U60/><E4/><V69/><F58/><W13/><G133/><T74/><D27/><U62/><E134/><V42/><F12/><W94/><G106/><T28/><D28/><U92/><E115/><V72/><F43/><W122/><G122/><T46/><D75/><U113/><E113/><V32/><F127/><W53/><REACH who="3" step="1"/><G22/><REACH who="3" ten="250,250,250,240" step="2"/><T110/><D129/><U76/><REACH who="1" step="1"/><E73/><REACH who="1" ten="250,240,250,240" step="2"/><V19/><F72/><W95/><G95/><T48/><D74/><U96/><E96/><V66/><F105/><W21/><G21/><T34/><D34/><U40/><E40/><V49/><F42/><W47/><G47/><T24/><D46/><U81/><E81/><V112/><F82/><W33/><G33/><T41/><D80/><U93/><E93/><V99/><F35/><W23/><G23/><T84/><D41/><U88/><E88/><V103/><F99/><W109/><AGARI ba="0,2" hai="7,11,13,50,53,56,94,97,100,108,109,111,116,118" machi="109" ten="30,4000,0" yaku="1,1,0,1,14,1,53,0" doraHai="85" doraHaiUra="86" who="3" fromWho="3" sc="250,-20,240,-10,250,-10,240,60" /><INIT seed="1,0,0,1,0,133" ten="230,230,240,300" oya="1" hai0="33,111,84,61,13,40,93,2,94,54,45,130,60" hai1="48,59,18,69,98,102,71,12,38,122,26,51,9" hai2="118,15,127,113,83,56,119,31,44,96,47,132,24" hai3="75,78,82,34,68,8,86,23,70,131,57,39,107"/><U120/><E38/><V19/><F132/><W27/><G107/><T73/><D2/><U124/><E124/><V101/><F113/><W58/><G34/><T21/><D73/><U103/><E103/><V87/><F56/><W0/><G131/><T62/><D33/><U89/><E89/><V117/><F127/><W25/><G25/><T97/><D111/><U4/><E71/><V105/><F24/><W126/><G126/><T14/><D54/><U50/><E69/><V110/><F31/><W104/><G104/><T79/><D130/><U66/><E66/><V7/><F7/><W16/><G39/><T3/><D3/><U67/><E67/><V17/><F110/><W5/><G58/><T95/><D21/><U10/><E59/><V115/><F115/><W20/><G75/><T74/><D74/><U35/><E35/><V29/><F29/><W125/><G125/><T30/><D30/><U109/><E109/><V63/><F63/><W49/><G49/><N who="0" m="26791" /><D97/><U106/><REACH who="1" step="1"/><E26/><REACH who="1" ten="230,220,240,300" step="2"/><V65/><F65/><W135/><G135/><T114/><D114/><U6/><E6/><V11/><REACH who="2" step="1"/><F19/><REACH who="2" ten="230,220,230,300" step="2"/><W123/><G57/><T90/><D79/><AGARI ba="0,2" hai="11,15,17,44,47,79,83,87,96,101,105,117,118,119" machi="79" ten="40,2600,0" yaku="1,1,2,1,53,0" doraHai="133" doraHaiUra="121" who="2" fromWho="0" sc="230,-26,220,0,230,46,300,0" /><INIT seed="2,0,0,4,0,28" ten="204,220,276,300" oya="2" hai0="3,35,134,127,122,100,7,105,65,47,120,58,55" hai1="16,72,93,10,78,70,114,44,118,63,84,99,111" hai2="56,103,87,34,27,94,26,88,125,119,132,124,130" hai3="75,41,36,109,83,2,68,121,40,51,19,64,45"/><V101/><F119/><W23/><G109/><T14/><D3/><U54/><E72/><V25/><F130/><W131/><G121/><T52/><D127/><N who="2" m="48714" /><F132/><W110/><G110/><T30/><D134/><U43/><E114/><V37/><F37/><W8/><G131/><T62/><D105/><U74/><E74/><V117/><F117/><W0/><G64/><T32/><D100/><N who="2" m="38474" /><F56/><W24/><G68/><T113/><D113/><U126/><E111/><V21/><F21/><W1/><G41/><T104/><D104/><U6/><E70/><V92/><F92/><W135/><G51/><T46/><D30/><AGARI ba="0,0" hai="25,26,27,30,34,87,88,94" m="38474,48714" machi="30" ten="30,5800,0" yaku="18,1,52,1,54,1" doraHai="28" who="2" fromWho="0" sc="204,-58,220,0,276,58,300,0" /><INIT seed="2,1,0,0,0,84" ten="146,220,334,300" oya="2" hai0="129,135,24,21,77,22,36,25,54,79,94,13,104" hai1="31,33,122,115,2,106,102,12,7,89,23,87,117" hai2="63,108,112,44,93,16,100,73,9,0,58,90,34" hai3="127,65,67,109,96,4,50,88,30,28,1,71,125"/><V85/><F112/><W113/><G109/><T124/><D104/><U60/><E115/><V43/><F34/><W95/><G113/><T27/><D36/><U123/><E117/><V121/><F121/><W98/><G4/><T39/><D39/><U26/><E60/><V45/><F108/><W57/><G1/><T111/><D111/><U105/><E105/><V15/><F73/><W19/><G19/><T134/><D124/><N who="3" m="47689" /><G71/><T118/><D118/><U47/><E47/><V74/><F74/><W116/><G116/><T3/><D3/><U5/><E102/><V72/><F72/><W119/><G119/><T66/><D66/><N who="3" m="25097" /><G96/><T107/><D107/><U38/><E106/><V68/><F68/><W20/><G20/><T8/><D129/><U49/><E5/><V53/><F0/><W120/><G120/><T11/><D94/><U56/><E2/><V80/><F43/><W110/><G110/><T32/><D54/><AGARI ba="1,0" hai="28,30,50,54,57,88,95,98" m="25097,47689" machi="54" ten="30,3900,0" yaku="18,1,52,1,54,1" doraHai="84" who="3" fromWho="0" sc="146,-42,220,0,334,0,300,42" /><INIT seed="3,0,0,5,4,39" ten="104,220,334,342" oya="3" hai0="36,97,92,51,28,87,131,16,110,19,61,109,29" hai1="132,123,125,50,115,46,5,47,4,78,20,11,45" hai2="25,24,96,6,14,89,121,35,86,98,75,27,18" hai3="118,21,103,91,69,70,124,67,72,54,31,107,130"/><W48/><G118/><T64/><D36/><U126/><E123/><V73/><F35/><W95/><G72/><T127/><D127/><N who="1" m="48651" /><E115/><V62/><F6/><W57/><G130/><T32/><D131/><U55/><E78/><V0/><F0/><W135/><G135/><T83/><D51/><U30/><E11/><V101/><F121/><W42/><G103/><T93/><D109/><U116/><E116/><V105/><F96/><W44/><G107/><T52/><D110/><U99/><E99/><V80/><REACH who="2" step="1"/><F62/><REACH who="2" ten="104,220,324,342" step="2"/><W53/><G124/><T66/><D97/><U76/><E132/><V49/><F49/><W34/><G34/><T104/><D32/><U56/><E76/><V108/><F108/><W77/><G77/><T134/><D134/><U112/><E112/><V33/><F33/><W26/><G70/><T7/><D7/><U1/><E1/><V12/><F12/><W65/><G69/><T59/><D104/><U79/><E79/><V90/><F90/><W114/><G114/><T60/><D60/><U133/><E133/><V63/><F63/><W102/><G102/><T3/><D3/><U22/><E22/><AGARI ba="0,1" hai="14,18,22,24,25,27,73,75,80,86,89,98,101,105" machi="22" ten="40,2600,0" yaku="1,1,53,1" doraHai="39" doraHaiUra="100" who="2" fromWho="1" sc="104,0,220,-26,324,36,342,0" /><INIT seed="4,0,0,0,3,5" ten="104,194,360,342" oya="0" hai0="47,72,70,100,56,40,116,4,77,18,11,16,37" hai1="123,6,115,75,117,48,68,118,30,24,63,90,9" hai2="96,53,44,42,14,110,20,22,50,27,99,45,69" hai3="121,111,95,102,64,66,19,94,128,135,28,41,86"/><T38/><D116/><U23/><E75/><V15/><F110/><W34/><G111/><T88/><D70/><U21/><E123/><V54/><F69/><W46/><G135/><T39/><D100/><U51/><E23/><V55/><F44/><W81/><G128/><T97/><D56/><U106/><E106/><V125/><F125/><W124/><G124/><T35/><D35/><U127/><E127/><V1/><F1/><W122/><G19/><T107/><D107/><U25/><E25/><V74/><F74/><W26/><G66/><T132/><D132/><U33/><E33/><V84/><F84/><W79/><G64/><T108/><D108/><U103/><E90/><V62/><F62/><W61/><G61/><T17/><D39/><U58/><E68/><V119/><F119/><W83/><G83/><N who="0" m="45479" /><D38/><U89/><E103/><V92/><F20/><W8/><G102/><T112/><D112/><U76/><E115/><V85/><F85/><W52/><G41/><T3/><D97/><N who="2" m="37450" /><F92/><W57/><G57/><T104/><D104/><U129/><E117/><V0/><F0/><W65/><G65/><T36/><D36/><U73/><E58/><V80/><F80/><W109/><G109/><T126/><D126/><U133/><E118/><V131/><F131/><W113/><G113/><T31/><D31/><AGARI ba="0,0" hai="14,15,22,27,31,42,45,50,53,54,55" m="37450" machi="31" ten="30,1000,0" yaku="8,1" doraHai="5" who="2" fromWho="0" sc="104,-10,194,0,360,10,342,0" /><INIT seed="5,0,0,4,3,85" ten="94,194,370,342" oya="1" hai0="52,72,102,111,27,133,93,91,13,57,19,104,31" hai1="110,34,125,135,37,80,108,129,84,45,94,3,47" hai2="24,67,7,95,98,71,112,74,78,87,61,69,81" hai3="73,124,118,42,77,65,48,21,105,90,106,103,132"/><U43/><E34/><V40/><F112/><W50/><G124/><T75/><D111/><N who="1" m="42539" /><E3/><V15/><F40/><W26/><G132/><T117/><D133/><U14/><E135/><V0/><F0/><W1/><G1/><T62/><D117/><U17/><E125/><V99/><F24/><W6/><G6/><T55/><D104/><U32/><E32/><V60/><F74/><W115/><G115/><T109/><D102/><U16/><E94/><V51/><F51/><W82/><G118/><T76/><D76/><N who="1" m="46087" /><E129/><V30/><F30/><W22/><G65/><T119/><D119/><U41/><E14/><V28/><F28/><W39/><G39/><AGARI ba="0,0" hai="16,17,37,39,41,43,45,47" m="46087,42539" machi="39" ten="30,2900,0" yaku="10,1,54,1" doraHai="85" who="1" fromWho="3" sc="94,0,194,29,370,0,342,-29" /><INIT seed="5,1,0,3,2,114" ten="94,223,370,313" oya="1" hai0="88,129,3,87,32,66,119,115,122,30,18,77,51" hai1="128,83,72,21,7,97,106,37,80,53,91,110,132" hai2="2,69,22,61,15,126,99,96,24,127,44,13,46" hai3="123,54,74,90,36,60,75,81,34,73,8,94,78"/><U14/><E37/><V57/><F69/><W98/><G36/><T134/><D115/><U26/><E128/><V76/><F2/><W35/><G123/><T130/><D3/><U111/><E132/><V68/><F68/><W40/><G40/><T55/><D134/><U58/><E72/><V39/><F76/><W16/><G60/><T86/><D66/><U112/><E112/><V95/><F39/><W43/><G43/><T89/><D122/><U56/><E56/><V47/><F127/><W0/><G54/><T82/><D18/><U29/><E14/><N who="2" m="5131" /><F95/><W45/><G45/><T19/><D19/><U133/><E7/><V70/><F70/><W84/><REACH who="3" step="1"/><G16/><REACH who="3" ten="94,223,370,303" step="2"/><T93/><D55/><U42/><E42/><V64/><F126/><W120/><G120/><T5/><D51/><N who="1" m="31039" /><E133/><V135/><F135/><W59/><G59/><T10/><D5/><AGARI ba="1,1" hai="0,5,8,34,35,73,74,75,78,81,84,90,94,98" machi="5" ten="40,5200,0" yaku="1,1,53,2" doraHai="114" doraHaiUra="31" who="3" fromWho="0" sc="94,-55,223,0,370,0,303,65" /><INIT seed="6,0,0,3,4,131" ten="39,223,370,368" oya="2" hai0="105,57,17,34,113,52,98,49,114,3,97,112,115" hai1="33,0,43,37,38,119,46,25,118,92,84,29,22" hai2="68,11,4,15,13,23,31,93,95,14,102,35,19" hai3="72,45,106,127,30,134,128,103,59,24,110,42,48"/><V58/><F68/><W16/><G128/><T124/><N who="0" m="28672" /><DORA hai="55" /><T87/><D124/><U54/><E0/><V27/><F102/><W56/><G110/><T89/><D3/><U81/><E92/><V99/><F99/><W10/><G72/><T79/><D79/><U26/><E38/><V12/><REACH who="2" step="1"/><F58/><REACH who="2" ten="39,223,360,368" step="2"/><W63/><G103/><T28/><D105/><U53/><E118/><V121/><F121/><W51/><G106/><T74/><D74/><U78/><REACH who="1" step="1"/><E119/><REACH who="1" ten="39,213,360,368" step="2"/><V61/><F61/><W80/><G63/><T125/><D125/><U133/><E133/><V101/><F101/><W2/><G134/><T65/><D65/><U1/><E1/><AGARI ba="0,2" hai="1,4,11,12,13,14,15,19,23,27,31,35,93,95" machi="1" ten="40,7700,0" yaku="1,1,24,2,53,0" doraHai="131,55" doraHaiUra="75,129" who="2" fromWho="1" sc="39,0,213,-77,360,97,368,0" /><INIT seed="6,1,0,2,1,49" ten="39,136,457,368" oya="2" hai0="134,126,61,96,4,38,17,39,68,42,21,35,29" hai1="56,113,1,71,18,106,67,58,77,33,87,105,16" hai2="95,37,52,93,54,43,133,76,66,116,14,81,32" hai3="117,112,47,118,48,108,115,97,107,9,109,23,69"/><V63/><F116/><W19/><G69/><T122/><D122/><U31/><E1/><V70/><F32/><W0/><G107/><T57/><D126/><U40/><E40/><V22/><F133/><W27/><G97/><T41/><D134/><U119/><E119/><N who="3" m="45578" /><G48/><T11/><D68/><U53/><E113/><N who="3" m="43594" /><G47/><T110/><D110/><N who="3" m="42601" /><G9/><T74/><D38/><U8/><E71/><V24/><F37/><W86/><G86/><T80/><D39/><U36/><E8/><V34/><F43/><W127/><G0/><T82/><D96/><U114/><E105/><V111/><F111/><W92/><G92/><T26/><D41/><U28/><E87/><V100/><F95/><W6/><G6/><T65/><D42/><U101/><E106/><V90/><F100/><W25/><G127/><T59/><D59/><U79/><E58/><V123/><F93/><W50/><G50/><T128/><D74/><U64/><E101/><V102/><F102/><W120/><G27/><T10/><D10/><U121/><E114/><V62/><F70/><W130/><G130/><T20/><D128/><U85/><E85/><V30/><F81/><N who="0" m="31338" /><D4/><U45/><E36/><V98/><F98/><W73/><G73/><T104/><D104/><U7/><E7/><V55/><F63/><W125/><G125/><T72/><D72/><U132/><E45/><V5/><F5/><W2/><G2/><T131/><D131/><U99/><E99/><V94/><F62/><W15/><G25/><N who="0" m="18863" /><D11/><U51/><E56/><V135/><F24/><W75/><G75/><T129/><D129/><U78/><E51/><RYUUKYOKU ba="1,0" sc="39,15,136,-15,457,-15,368,15" hai0="17,20,21,26,57,61,65" hai3="15,19,23,120" /><INIT seed="7,2,0,3,4,107" ten="54,121,442,383" oya="3" hai0="80,75,98,35,94,51,113,72,39,116,3,119,52" hai1="133,43,56,84,74,18,95,118,2,63,20,29,60" hai2="59,102,15,105,127,88,121,42,23,55,26,8,120" hai3="66,48,97,13,71,114,90,69,11,96,70,30,17"/><W0/><G114/><T9/><D39/><U37/><E74/><V65/><F127/><W4/><G30/><T111/><D111/><U24/><E2/><V34/><F42/><W108/><G108/><T123/><D123/><N who="2" m="47178" /><F65/><W122/><G122/><T44/><D35/><U6/><E95/><V46/><F46/><W110/><G110/><T117/><D113/><U12/><E84/><V124/><F124/><W16/><G66/><T62/><D62/><U78/><E78/><V130/><F130/><W91/><G48/><T33/><D33/><U40/><E63/><N who="2" m="36351" /><F34/><W73/><G73/><T106/><D106/><U19/><E40/><V28/><F88/><W125/><G125/><T86/><D86/><U126/><E43/><V115/><F115/><W103/><G97/><T5/><REACH who="0" step="1"/><D80/><REACH who="0" ten="44,121,442,383" step="2"/><U14/><E37/><V64/><F105/><W131/><G131/><T58/><D58/><U67/><E126/><V57/><F57/><W83/><G83/><T45/><D45/><U100/><E56/><V132/><F64/><W99/><G99/><T49/><D49/><U21/><E60/><V129/><F129/><W93/><REACH who="3" step="1"/><G0/><REACH who="3" ten="44,121,442,373" step="2"/><T128/><D128/><U89/><E67/><V79/><F132/><W53/><G53/><T27/><D27/><U32/><E133/><V68/><F26/><W85/><G85/><T22/><D22/><U77/><E21/><V47/><F23/><W61/><G61/><T38/><D38/><U41/><E20/><V7/><F68/><W25/><G25/><T92/><D92/><U82/><E24/><V101/><F15/><N who="1" m="5673" /><E32/><V112/><F112/><RYUUKYOKU ba="2,2" sc="44,15,121,-15,442,-15,373,15" hai0="3,5,9,44,51,52,72,75,94,98,116,117,119" hai3="4,11,13,16,17,69,70,71,90,91,93,96,103" /><INIT seed="7,3,2,1,4,56" ten="59,106,427,388" oya="3" hai0="46,104,77,111,76,40,55,126,21,33,51,93,42" hai1="116,133,78,5,24,38,94,83,48,66,84,73,79" hai2="114,52,91,103,124,113,30,71,2,9,16,117,130" hai3="50,128,15,3,74,101,132,86,102,99,90,63,129"/><W98/><G74/><T37/><D111/><U36/><E5/><N who="2" m="1207" /><F117/><W100/><G3/><T61/><D33/><U112/><E24/><V97/><F124/><W27/><G132/><T0/><D0/><U49/><E112/><N who="2" m="43115" /><F130/><N who="3" m="50283" /><G27/><T69/><D104/><U41/><E133/><V17/><F71/><W109/><G109/><T135/><D135/><U39/><E116/><V65/><F65/><W64/><G50/><T18/><D126/><U92/><E66/><V95/><F30/><W43/><G15/><N who="0" m="9439" /><D37/><U20/><E39/><V80/><F52/><W10/><G43/><N who="0" m="16427" /><D69/><U4/><E38/><V59/><F59/><N who="3" m="36991" /><G10/><T110/><D110/><U134/><E36/><V62/><F62/><W89/><G89/><T85/><D61/><U123/><E134/><V12/><F12/><W125/><G125/><T7/><D7/><U31/><E4/><V28/><F28/><W1/><G1/><T106/><D106/><U122/><E31/><V14/><F14/><W32/><G32/><T58/><D58/><U44/><E41/><V118/><F118/><W54/><G54/><T105/><D105/><U45/><E45/><V107/><F80/><AGARI ba="3,2" hai="80,86,90,98,99,100,101,102" m="36991,50283" machi="80" ten="30,2900,0" yaku="19,1,52,1" doraHai="56" who="3" fromWho="2" sc="59,0,106,0,427,-38,388,58" owari="59,-44.1,106,-29.4,389,18.9,446,54.6" /></mjloggm>