<mjloggm ver="2.3"><GO type="169" lobby="0"/><UN n0="%E3%82%B3%E3%81%98%E3%81%95%E3%82%93%EF%BC%9F" n1="%E3%81%82%73%71%77%64" n2="%E3%82%86%E3%83%BC%E3%82%84%2E%74" n3="%43%68%65" dan="17,17,17,16" rate="2102.07,2158.53,2198.98,2083.10" sx="M,M,M,M"/><TAIKYOKU oya="0"/><INIT seed="0,0,0,0,4,48" ten="250,250,250,250" oya="0" hai0="106,107,74,82,38,23,72,25,10,131,73,47,26" hai1="63,12,30,112,90,93,9,130,135,6,99,31,32" hai2="100,13,127,43,17,51,132,65,123,111,116,50,2" hai3="61,98,19,129,89,16,122,54,4,0,77,92,117"/><T18/><D131/><U53/><E130/><V84/><F123/><W60/><G129/><T113/><D113/><U28/><E135/><V42/><F2/><W46/><G117/><T3/><D82/><U39/><E39/><V14/><F132/><W96/><G122/><T1/><D26/><U64/><E112/><V86/><F111/><W79/><G98/><T94/><D94/><U55/><REACH who="1" step="1"/><E32/><REACH who="1" ten="250,240,250,250" step="2"/><V102/><F116/><W33/><G33/><T35/><D35/><U119/><E119/><V120/><F120/><W88/><G0/><T58/><D1/><U56/><AGARI ba="0,1" hai="6,9,12,28,30,31,53,55,56,63,64,90,93,99" machi="56" ten="30,8000,1" yaku="1,1,0,1,8,1,52,2,53,0" doraHai="48" doraHaiUra="20" who="1" fromWho="1" sc="250,-40,240,90,250,-20,250,-20" /><INIT seed="1,0,0,5,0,74" ten="210,330,230,230" oya="1" hai0="90,123,129,99,47,119,135,52,39,42,11,61,108" hai1="75,37,29,13,53,58,24,7,87,12,116,110,102" hai2="54,83,64,4,38,51,63,77,73,25,82,98,100" hai3="32,71,118,55,18,44,103,112,68,85,56,111,45"/><U101/><E116/><V120/><F120/><W3/><G3/><T28/><D119/><U34/><E75/><V50/><F38/><W70/><G118/><T105/><D123/><U132/><E37/><V22/><F4/><W114/><G32/><T65/><D108/><U127/><E127/><V8/><F8/><W6/><G6/><T133/><D129/><U10/><E132/><V21/><F82/><W35/><G35/><T15/><D28/><U115/><E115/><V0/><F0/><W109/><G18/><T122/><D122/><U94/><E110/><N who="3" m="41994" /><G85/><T16/><D52/><U5/><E5/><V23/><F25/><W126/><G103/><T46/><D46/><N who="3" m="18025" /><G126/><T69/><REACH who="0" step="1"/><D90/><REACH who="0" ten="200,330,230,230" step="2"/><U20/><E34/><V60/><F54/><W117/><G117/><T106/><D106/><U113/><E113/><V31/><F31/><W104/><G104/><T41/><D41/><U88/><REACH who="1" step="1"/><E13/><REACH who="1" ten="200,320,230,230" step="2"/><V9/><F63/><AGARI ba="0,2" hai="55,56,63,68,70,71,112,114" m="18025,41994" machi="63" ten="40,5200,0" yaku="14,1,34,2" doraHai="74" who="3" fromWho="2" sc="200,0,320,0,230,-52,230,72" /><AGARI ba="0,0" hai="7,10,12,20,24,29,53,58,63,87,88,94,101,102" machi="63" ten="30,12000,1" yaku="1,1,2,1,7,1,8,1,54,1,53,0" doraHai="74" doraHaiUra="93" who="1" fromWho="2" sc="200,0,320,120,178,-120,302,0" /><INIT seed="1,1,0,4,3,69" ten="200,440,58,302" oya="1" hai0="2,77,50,57,126,21,49,5,66,53,92,123,31" hai1="0,120,112,80,36,25,100,130,48,41,109,71,117" hai2="102,26,122,10,93,125,87,135,101,16,82,29,51" hai3="78,96,115,65,75,99,39,81,131,72,89,37,1"/><U119/><E0/><V103/><F122/><W110/><G115/><T35/><D35/><U8/><E100/><V97/><F135/><W86/><G1/><T108/><D123/><U17/><E112/><V4/><F125/><W62/><G110/><T98/><D108/><U28/><E120/><V90/><F51/><W59/><G131/><T52/><D126/><U129/><E109/><V46/><F46/><W14/><G14/><T134/><D134/><U20/><E71/><V104/><F104/><W79/><G99/><T32/><D32/><U63/><E63/><V127/><F127/><W6/><G6/><T64/><D77/><U116/><E48/><V13/><REACH who="2" step="1"/><F4/><REACH who="2" ten="200,440,48,302" step="2"/><W18/><G18/><T76/><D5/><U27/><E129/><V24/><F24/><W74/><REACH who="3" step="1"/><G96/><REACH who="3" ten="200,440,48,292" step="2"/><T95/><D98/><U47/><E130/><V114/><F114/><W68/><G68/><T15/><D2/><U40/><E117/><V43/><F43/><W94/><G94/><T106/><D92/><U11/><E41/><V30/><F30/><W88/><G88/><T58/><D95/><U3/><E3/><V56/><F56/><W105/><G105/><T42/><D106/><U54/><E116/><V113/><F113/><W83/><G83/><T85/><D42/><U22/><E119/><V60/><F60/><W124/><G124/><T121/><D121/><U23/><E80/><V118/><F118/><W70/><G70/><T33/><D31/><U84/><E28/><V38/><F38/><AGARI ba="1,2" hai="37,38,39,59,62,65,72,74,75,78,79,81,86,89" machi="38" ten="50,12000,2" yaku="1,1,52,3,53,2" doraHai="69" doraHaiUra="73" who="3" fromWho="2" sc="200,0,440,0,48,-123,292,143" owari="200,-20.0,440,54.0,-75,-57.5,435,23.5" /></mjloggm>