<mjloggm ver="2.3"><GO type="169" lobby="0"/><UN n0="%E3%83%90%E3%82%AD" n1="%E3%82%B3%E3%81%98%E3%81%95%E3%82%93%EF%BC%9F" n2="%E5%AE%8C%E5%85%A8%E5%AE%89%E7%89%8C" n3="%41%4C%50%45%52%49%4E" dan="16,17,17,16" rate="2108.46,2105.83,2142.33,2124.49" sx="M,M,M,M"/><TAIKYOKU oya="0"/><INIT seed="0,0,0,0,2,131" ten="250,250,250,250" oya="0" hai0="86,85,31,105,77,35,45,122,117,119,62,130,41" hai1="103,94,110,64,2,108,21,52,118,27,129,61,68" hai2="53,123,9,84,126,134,22,24,104,5,14,39,89" hai3="16,82,127,74,19,121,67,51,125,76,120,100,88"/><T4/><D122/><N who="3" m="47209" /><G100/><T97/><D130/><U32/><E129/><V44/><F123/><W66/><G51/><T101/><D4/><U111/><E118/><V59/><F126/><N who="3" m="48139" /><G88/><T15/><D15/><U91/><E2/><V90/><F104/><W113/><G113/><T25/><D77/><U29/><E103/><V1/><F1/><W50/><G50/><T43/><D43/><U102/><E102/><V75/><F89/><W81/><G81/><T23/><D23/><U124/><E124/><V26/><F22/><W3/><G3/><T71/><D86/><U60/><E21/><V98/><F98/><W30/><G30/><T37/><D85/><N who="1" m="52591" /><E61/><V58/><F90/><W8/><G8/><T57/><REACH who="0" step="1"/><D71/><REACH who="0" ten="240,250,250,250" step="2"/><U112/><E112/><V54/><F84/><W80/><G80/><T46/><D46/><U128/><E128/><V132/><F44/><W96/><G96/><T10/><D10/><U116/><E68/><V79/><F9/><W56/><G56/><T6/><D6/><U114/><E114/><V33/><F5/><W11/><G11/><T47/><D47/><U36/><E110/><V13/><F79/><W78/><G76/><T73/><D73/><U87/><E108/><V34/><F75/><W133/><G133/><T18/><D18/><AGARI ba="0,1" hai="16,18,19,66,67,74,78,82" m="48139,47209" machi="18" ten="30,3900,0" yaku="13,1,18,1,54,1" doraHai="131" who="3" fromWho="0" sc="240,-39,250,0,250,0,250,49" /><INIT seed="1,0,0,4,0,14" ten="201,250,250,299" oya="1" hai0="25,47,12,85,49,73,50,77,91,100,62,84,125" hai1="3,63,16,53,67,128,7,26,83,123,13,122,130" hai2="121,41,0,81,94,56,5,110,55,95,135,89,57" hai3="117,46,79,51,20,60,133,21,106,31,105,101,74"/><U54/><E83/><V98/><F121/><W112/><G112/><T113/><D113/><U92/><E26/><V17/><F110/><W107/><G101/><T61/><D125/><U99/><E7/><V1/><F135/><W58/><G133/><T104/><D73/><U59/><E3/><V93/><F41/><W111/><G111/><T52/><D25/><U126/><E126/><V28/><F28/><W19/><G31/><T33/><D33/><U124/><E124/><V116/><F116/><W87/><G74/><T64/><D77/><U48/><E122/><V134/><F5/><W43/><G117/><T88/><D100/><U69/><E54/><V120/><F56/><W37/><G37/><T96/><D104/><U45/><E59/><V38/><F38/><W32/><G32/><T9/><D96/><U36/><E36/><V22/><F120/><W97/><G97/><T15/><D64/><U132/><E132/><V90/><F81/><W30/><G30/><T129/><D129/><U119/><E119/><V42/><F42/><W102/><G102/><T103/><D103/><U108/><E108/><V39/><F39/><W82/><G21/><T10/><REACH who="0" step="1"/><D52/><REACH who="0" ten="191,250,250,299" step="2"/><U66/><E123/><V6/><F98/><W76/><G76/><T68/><D68/><U11/><REACH who="1" step="1"/><E67/><REACH who="1" ten="191,240,250,299" step="2"/><V114/><F134/><W65/><G107/><T44/><AGARI ba="0,2" hai="9,10,12,15,44,47,49,50,61,62,84,85,88,91" machi="44" ten="25,12000,2" yaku="1,1,0,1,22,2,8,1,54,1,53,0" doraHai="14" doraHaiUra="18" who="0" fromWho="0" sc="191,140,240,-60,250,-30,299,-30" /><INIT seed="2,0,0,4,1,36" ten="331,180,220,269" oya="2" hai0="62,63,97,108,133,90,33,0,135,68,3,78,73" hai1="2,107,131,104,12,115,102,25,85,71,89,103,41" hai2="47,14,21,51,96,20,72,61,114,52,6,43,29" hai3="38,11,112,58,10,124,130,57,79,81,105,56,120"/><V84/><F114/><W93/><G120/><T60/><D68/><U66/><E2/><V75/><F96/><W27/><G105/><T30/><D108/><U50/><E115/><V88/><F72/><W83/><G112/><T129/><D129/><U8/><E131/><V99/><F99/><W111/><G130/><T91/><D30/><U24/><E104/><V7/><F75/><W100/><G111/><T118/><D33/><U37/><E37/><V113/><F113/><W44/><G124/><T18/><D18/><U16/><E66/><V128/><F128/><W45/><G100/><N who="1" m="38442" /><E71/><V54/><F29/><W59/><G93/><N who="0" m="56503" /><D91/><U116/><E116/><V94/><F54/><W77/><G27/><T22/><D22/><N who="2" m="8810" /><F14/><W19/><G19/><T23/><D23/><U123/><E123/><V55/><F55/><W117/><G117/><T26/><D26/><U125/><E125/><V17/><F17/><W98/><G98/><T74/><D118/><U1/><E1/><V31/><F31/><W39/><N who="3" m="14336" /><DORA hai="35" /><W46/><G39/><T15/><D15/><U67/><E107/><V70/><F70/><W32/><G38/><T127/><D127/><U69/><E69/><V87/><F87/><W121/><G32/><T109/><D109/><U132/><E24/><V65/><F65/><W126/><G126/><T49/><D74/><U9/><E25/><V80/><F94/><W5/><G121/><T48/><D0/><U110/><E67/><V134/><F134/><N who="0" m="51210" /><D3/><U40/><E132/><V95/><F95/><W82/><G5/><T53/><D53/><U64/><E110/><RYUUKYOKU ba="0,0" sc="331,10,180,-30,220,10,269,10" hai0="48,49,60,62,63,73,78" hai2="6,7,43,47,51,52,61,80,84,88" hai3="10,11,44,45,46,77,79,81,82,83" /><INIT seed="2,1,0,3,3,82" ten="341,150,230,279" oya="2" hai0="39,98,88,78,58,125,81,130,57,12,11,73,48" hai1="25,117,60,46,129,95,96,14,112,109,99,30,23" hai2="20,28,80,79,97,118,120,75,1,33,104,65,52" hai3="106,43,128,133,27,16,91,122,44,53,24,54,87"/><V92/><F120/><W3/><G122/><T135/><D39/><U6/><E112/><V51/><F118/><W35/><G106/><T131/><D125/><U64/><E117/><V107/><F1/><W38/><G3/><T100/><D135/><U114/><E114/><V50/><F33/><W94/><G133/><T67/><D67/><U62/><E109/><V85/><F65/><W121/><G121/><T18/><D48/><U132/><E132/><V31/><F51/><W22/><REACH who="3" step="1"/><G128/><REACH who="3" ten="341,150,230,269" step="2"/><N who="0" m="49195" /><D88/><U101/><E129/><V69/><F104/><AGARI ba="1,1" hai="11,12,18,57,58,73,78,81,98,100,104" m="49195" machi="104" ten="30,1000,0" yaku="19,1" doraHai="82" who="0" fromWho="2" sc="341,23,150,0,230,-13,269,0" /><INIT seed="3,0,0,3,4,88" ten="364,150,217,269" oya="3" hai0="118,114,117,58,50,78,72,91,66,73,77,26,12" hai1="111,94,135,45,9,87,49,3,93,98,8,105,92" hai2="25,129,48,64,75,59,22,63,32,132,99,100,36" hai3="130,74,125,89,54,24,102,67,96,1,20,43,16"/><W17/><G74/><T109/><D109/><U133/><E111/><V46/><F132/><N who="1" m="50761" /><E87/><V7/><F129/><W5/><G130/><T18/><D114/><U6/><E9/><V84/><F32/><W35/><G125/><T53/><D26/><U57/><E57/><V112/><F36/><W131/><G131/><T85/><D66/><U51/><E45/><V33/><F33/><W70/><G35/><T108/><D108/><U41/><E41/><V60/><F75/><W11/><G43/><T29/><D72/><U90/><E90/><V115/><F60/><W119/><G119/><T4/><D73/><U103/><AGARI ba="0,0" hai="3,6,8,49,51,92,93,94,98,103,105" m="50761" machi="103" ten="40,8000,1" yaku="20,1,52,3" doraHai="88" who="1" fromWho="1" sc="364,-20,150,80,217,-20,269,-40" /><INIT seed="4,0,0,5,1,107" ten="344,230,197,229" oya="0" hai0="50,86,77,75,29,46,95,17,33,134,42,43,80" hai1="70,100,133,121,66,112,130,6,35,124,132,102,52" hai2="39,55,105,58,31,32,81,119,28,3,48,19,59" hai3="61,113,8,103,30,88,63,99,117,116,40,87,122"/><T78/><D134/><N who="1" m="51819" /><E121/><V65/><F119/><W94/><G113/><T1/><D1/><U4/><E35/><V92/><F105/><W110/><G110/><T13/><D29/><U44/><E124/><V57/><F39/><W62/><G122/><T73/><D33/><U67/><E130/><V14/><F3/><W118/><G30/><T82/><D95/><U109/><E109/><V84/><F92/><W0/><G40/><T111/><D111/><U135/><E112/><V106/><F106/><W69/><G0/><T71/><D71/><U72/><E72/><V18/><F18/><W51/><G51/><T45/><D86/><U120/><E120/><V126/><F126/><W96/><G8/><T37/><D17/><U12/><E12/><AGARI ba="0,0" hai="12,13,37,42,43,45,46,50,73,75,77,78,80,82" machi="12" ten="40,7700,0" yaku="9,1,52,2" doraHai="107" who="0" fromWho="1" sc="344,77,230,-77,197,0,229,0" /><INIT seed="4,1,0,1,2,6" ten="421,153,197,229" oya="0" hai0="97,98,72,95,9,45,100,108,32,82,40,24,38" hai1="96,20,86,61,92,15,118,91,59,77,133,25,112" hai2="74,132,67,8,65,128,35,21,57,81,71,63,54" hai3="48,120,12,46,44,66,104,135,103,113,55,85,4"/><T7/><D108/><U114/><E118/><V78/><F132/><W125/><G113/><T58/><D58/><U124/><E133/><V75/><F128/><W0/><G0/><T41/><D41/><U16/><E124/><V126/><F35/><W29/><G135/><T130/><D130/><U123/><E123/><V79/><F126/><W64/><G125/><T28/><D97/><U11/><E77/><V131/><F131/><W2/><G2/><T127/><D127/><U56/><E86/><V3/><F21/><W90/><G120/><T117/><D82/><U87/><E87/><V36/><F36/><W69/><G29/><T43/><D43/><U53/><REACH who="1" step="1"/><E59/><REACH who="1" ten="421,143,197,229" step="2"/><V116/><F116/><W42/><G85/><T121/><D117/><U13/><E13/><V115/><F78/><W110/><G12/><T39/><D121/><U1/><E1/><V134/><F134/><W47/><G110/><T23/><D72/><U19/><AGARI ba="1,1" hai="11,15,16,19,20,25,53,56,61,91,92,96,112,114" machi="19" ten="30,12000,2" yaku="1,1,0,1,25,2,52,1,54,1,53,0" doraHai="6" doraHaiUra="62" who="1" fromWho="1" sc="421,-61,143,133,197,-31,229,-31" /><INIT seed="5,0,0,3,1,6" ten="360,276,166,198" oya="1" hai0="58,49,95,11,12,61,113,96,59,86,127,52,26" hai1="120,116,13,98,47,22,90,37,109,119,29,129,33" hai2="93,42,78,30,97,72,126,84,54,27,31,107,10" hai3="85,130,43,101,135,83,57,134,3,62,73,125,92"/><U108/><E120/><V89/><F126/><W104/><G3/><T32/><D113/><U123/><E123/><V7/><F42/><W110/><G110/><N who="1" m="42602" /><E33/><V114/><F114/><W131/><G43/><T77/><D127/><U9/><E129/><N who="3" m="49162" /><G57/><T102/><D32/><U106/><E47/><V115/><F115/><W124/><G62/><T20/><D86/><U56/><E56/><V21/><F54/><W25/><G25/><T48/><D59/><U55/><E55/><V76/><F72/><W1/><G1/><T112/><D112/><U122/><E37/><V94/><F31/><W41/><G41/><T65/><D65/><U18/><E122/><V45/><F45/><W118/><G118/><T2/><D58/><U117/><E90/><V133/><F133/><N who="3" m="50699" /><G104/><T105/><D61/><U51/><E51/><V53/><F107/><W87/><G73/><T70/><D49/><U82/><E106/><V99/><F53/><W68/><G68/><T46/><D105/><U28/><E117/><V24/><F27/><W40/><G40/><T75/><D70/><U19/><E116/><V81/><F24/><W44/><G44/><T8/><D2/><U100/><E119/><V5/><F30/><W34/><G34/><T39/><D26/><U15/><E28/><V111/><F111/><W23/><G87/><T17/><D39/><U91/><E29/><V80/><F84/><W121/><G121/><T14/><D14/><U63/><E63/><V50/><F50/><W36/><G36/><T69/><D69/><U71/><E71/><V79/><F21/><W88/><G23/><RYUUKYOKU ba="0,0" sc="360,15,276,-15,166,-15,198,15" hai0="8,11,12,17,20,46,48,52,75,77,95,96,102" hai3="83,85,88,92,101,124,125" /><INIT seed="6,1,0,4,5,19" ten="375,261,151,213" oya="2" hai0="90,82,120,58,6,43,4,10,83,61,77,94,18" hai1="87,91,66,56,129,23,68,85,118,22,127,133,97" hai2="99,29,54,116,64,1,80,13,135,63,73,0,26" hai3="41,126,113,106,53,40,50,101,130,81,49,62,93"/><V57/><F135/><W55/><G106/><T52/><D120/><U131/><E68/><V88/><F116/><W109/><G109/><T39/><D39/><U3/><E118/><V74/><F13/><W9/><G126/><T123/><D43/><U105/><E3/><V69/><F73/><W46/><G130/><N who="1" m="49674" /><E127/><V100/><F74/><W25/><G113/><T48/><D48/><U17/><E133/><V104/><F80/><N who="0" m="30762" /><D77/><U76/><E17/><V2/><F88/><W125/><G125/><T103/><D103/><N who="1" m="62703" /><E76/><V31/><REACH who="2" step="1"/><F26/><REACH who="2" ten="375,261,141,213" step="2"/><W102/><G25/><T112/><D123/><U60/><E87/><V98/><F98/><W33/><G81/><AGARI ba="1,1" hai="22,23,56,60,66,81,85,91" m="62703,49674" machi="81" ten="30,3900,0" yaku="19,1,52,2" doraHai="19" who="1" fromWho="3" sc="375,0,261,52,141,0,213,-42" /><INIT seed="7,0,0,3,3,127" ten="375,313,141,171" oya="3" hai0="88,61,102,80,106,67,31,34,13,122,62,99,68" hai1="22,30,94,26,36,93,4,72,108,104,8,86,55" hai2="111,2,28,69,65,40,103,81,41,6,9,56,57" hai3="85,89,134,115,117,120,27,71,20,129,53,24,58"/><W114/><G117/><T3/><D3/><U70/><E72/><V10/><F111/><W121/><G71/><T79/><D88/><U25/><E104/><V101/><F69/><W46/><G46/><T48/><D48/><U100/><E36/><V15/><F28/><W52/><G134/><T49/><D49/><U124/><E108/><V45/><F81/><N who="3" m="49327" /><G53/><T128/><D61/><U7/><E100/><V54/><F65/><W109/><G109/><T75/><D13/><U123/><E123/><V0/><F15/><W73/><G73/><T1/><D1/><U97/><E55/><V107/><F54/><W59/><G59/><T43/><D122/><U98/><E70/><V76/><F107/><W91/><G91/><T118/><D43/><U23/><E124/><V125/><F125/><W95/><G95/><T132/><D118/><U113/><E86/><V126/><F126/><W11/><G11/><T63/><D132/><U83/><E83/><V84/><F84/><W112/><G27/><N who="0" m="18815" /><D62/><U66/><E8/><V17/><F76/><W77/><G77/><T96/><D96/><U19/><E97/><V119/><F119/><W32/><G32/><T110/><D110/><U82/><E82/><V64/><F64/><W60/><G121/><T35/><D35/><U33/><E66/><V21/><F45/><W38/><G38/><T50/><D50/><U92/><E98/><V116/><F116/><W51/><G51/><T14/><D68/><U78/><E78/><V5/><F21/><W37/><G120/><T29/><D99/><U105/><E23/><V74/><F74/><RYUUKYOKU ba="0,0" sc="375,-10,313,-10,141,30,171,-10" hai2="0,2,5,6,9,10,17,40,41,56,57,101,103" owari="365,46.5,303,10.3,171,-22.9,161,-33.9" /></mjloggm>