<mjloggm ver="2.3"><GO type="169" lobby="0"/><UN n0="%E6%AD%A6" n1="%E3%81%BB%E3%82%80%E3%82%89" n2="%6D%75%72%61%30%2B" n3="%E3%82%89%E3%81%84%E3%81%82%E3%82%93%E3%81%98%E3%82%83%E3%82%93" dan="16,16,16,16" rate="2120.99,2079.84,2125.96,2098.95" sx="M,F,M,M"/><TAIKYOKU oya="0"/><INIT seed="0,0,0,1,4,91" ten="250,250,250,250" oya="0" hai0="53,23,90,111,99,42,108,71,66,70,59,72,54" hai1="32,3,0,25,106,73,76,13,93,115,60,129,7" hai2="38,16,68,12,100,26,114,92,48,83,98,14,123" hai3="105,1,110,27,33,46,28,45,17,10,57,35,4"/><T96/><D72/><U81/><E129/><V9/><F38/><W124/><G110/><N who="0" m="42027" /><D42/><U130/><E130/><V8/><F114/><W24/><G124/><T15/><D53/><U103/><E60/><V82/><F123/><W87/><G105/><T11/><D23/><U78/><E78/><V69/><F26/><W89/><G57/><T128/><D128/><U43/><E43/><V94/><F48/><W102/><G102/><T20/><D20/><U127/><E127/><V85/><F94/><W120/><G120/><T62/><D90/><U88/><E115/><V29/><F29/><W30/><REACH who="3" step="1"/><G17/><REACH who="3" ten="250,250,250,240" step="2"/><N who="0" m="8447" /><D70/><U95/><E106/><V122/><F122/><W132/><G132/><T135/><D135/><U126/><E126/><V19/><REACH who="2" step="1"/><F82/><AGARI ba="0,1" hai="1,4,10,24,27,28,30,33,35,45,46,82,87,89" machi="82" ten="30,3900,0" yaku="1,1,7,1,9,1,53,0" doraHai="91" doraHaiUra="112" who="3" fromWho="2" sc="250,0,250,0,250,-39,240,49" /><INIT seed="1,0,0,2,5,40" ten="250,250,211,289" oya="1" hai0="65,131,53,115,47,74,122,89,58,36,26,117,61" hai1="109,114,21,4,6,13,32,38,62,130,48,120,17" hai2="28,67,27,50,118,94,132,18,104,84,20,123,133" hai3="1,56,10,91,60,100,112,68,33,96,0,79,31"/><U55/><E114/><V30/><F104/><N who="3" m="63495" /><G79/><T16/><D74/><U90/><E120/><V11/><F118/><W54/><G10/><T34/><D115/><U37/><E32/><V95/><F123/><W15/><G15/><T129/><D122/><U63/><E130/><N who="0" m="49673" /><D117/><U97/><E109/><V2/><F67/><N who="3" m="41063" /><G91/><T59/><D89/><U127/><E127/><V128/><F128/><W98/><G98/><T85/><D85/><U66/><E38/><V78/><F95/><W124/><G124/><T116/><D116/><U87/><E37/><V69/><F69/><W57/><G112/><T135/><D135/><U14/><E97/><V44/><F133/><W5/><G5/><N who="1" m="2154" /><E13/><V73/><F132/><W49/><G57/><N who="0" m="37039" /><D34/><U64/><E66/><V71/><F73/><W82/><G82/><T106/><D106/><U23/><E64/><V88/><F78/><W107/><G107/><T103/><D103/><U75/><E75/><V125/><F125/><W46/><G56/><T51/><D36/><U76/><E76/><V99/><F71/><W80/><G80/><T22/><AGARI ba="0,0" hai="16,22,26,47,51,53,58,59" m="37039,49673" machi="22" ten="30,4000,0" yaku="19,1,52,1,54,1" doraHai="40" who="0" fromWho="0" sc="250,40,250,-20,211,-10,289,-10" /><INIT seed="2,0,0,2,2,96" ten="290,230,201,279" oya="2" hai0="48,23,73,38,62,47,109,50,85,82,41,126,122" hai1="81,63,65,130,90,97,77,36,61,71,52,14,21" hai2="30,25,5,64,125,9,99,31,92,32,59,104,84" hai3="74,45,67,102,103,113,68,134,4,44,28,35,17"/><V53/><F125/><W98/><G74/><T131/><D122/><U116/><E116/><V94/><F64/><W3/><G134/><T8/><D73/><U83/><E36/><V100/><F31/><W105/><G113/><T58/><D126/><U33/><E33/><V57/><F84/><W54/><G54/><T79/><D109/><U42/><E42/><V80/><F80/><W39/><G17/><T20/><D131/><U129/><E77/><V34/><F34/><W75/><G75/><T101/><D38/><U51/><E61/><V29/><F59/><W76/><G76/><T78/><D78/><U11/><E21/><V0/><REACH who="2" step="1"/><F30/><REACH who="2" ten="290,230,191,279" step="2"/><W112/><G67/><T86/><D86/><U110/><E83/><V40/><F40/><N who="3" m="22559" /><G68/><T10/><D41/><U1/><E81/><V6/><F6/><W121/><G112/><T95/><D82/><U120/><E130/><V66/><F66/><W49/><G4/><T114/><D85/><U55/><E129/><V13/><F13/><W89/><G3/><T108/><D58/><U91/><E1/><V93/><F93/><W16/><G28/><T56/><D56/><U27/><E14/><V37/><F37/><W107/><G35/><T69/><D95/><U72/><E72/><V87/><F87/><W19/><G107/><T123/><D69/><U119/><E65/><V118/><F118/><W106/><G105/><T132/><D114/><U15/><E119/><V24/><F24/><W7/><G7/><T70/><D70/><U133/><E27/><V22/><F22/><W128/><G128/><T60/><D23/><RYUUKYOKU ba="0,1" sc="290,-10,230,-10,191,30,279,-10" hai2="0,5,9,25,29,32,53,57,92,94,99,100,104" /><INIT seed="2,1,1,5,3,50" ten="280,220,221,269" oya="2" hai0="45,91,125,99,14,73,27,76,105,67,80,106,62" hai1="87,110,120,10,5,22,72,0,89,78,61,59,35" hai2="112,115,29,58,18,11,127,41,86,19,119,26,31" hai3="108,16,3,114,46,47,15,77,21,55,39,71,129"/><V28/><F119/><W65/><G108/><T34/><D125/><U75/><E110/><V48/><F127/><W24/><G129/><T107/><D14/><U95/><E35/><V36/><F36/><W93/><G3/><T64/><D45/><U134/><E134/><V116/><F116/><W109/><G109/><T90/><D67/><U49/><E49/><V74/><F74/><W6/><G114/><T123/><D123/><U113/><E120/><V111/><F111/><W126/><G126/><T102/><D91/><U25/><E78/><V82/><F19/><W51/><G77/><T63/><D63/><U135/><E135/><V68/><F68/><W37/><G46/><T42/><D90/><U1/><E0/><V124/><F124/><W38/><G93/><T81/><D81/><U9/><E9/><V85/><F85/><W96/><G96/><T13/><D13/><U122/><E113/><V66/><F66/><W8/><REACH who="3" step="1"/><G65/><REACH who="3" ten="280,220,221,259" step="2"/><T20/><D42/><U70/><E122/><V130/><F41/><W17/><G17/><T103/><D99/><U84/><E84/><V92/><F92/><W131/><G131/><T104/><D104/><U23/><E72/><V101/><F130/><W33/><G33/><T79/><D34/><U43/><E75/><V2/><F115/><W53/><G53/><T97/><D79/><U88/><E43/><V133/><F112/><W132/><G132/><T40/><D40/><U52/><E89/><N who="2" m="51415" /><F133/><W7/><G7/><T32/><D32/><U83/><E95/><V94/><F94/><W44/><G44/><T98/><D107/><RYUUKYOKU ba="1,2" sc="280,-10,220,-10,221,-10,259,30" hai3="6,8,15,16,21,24,37,38,39,47,51,55,71" /><INIT seed="3,2,2,5,0,72" ten="270,210,211,289" oya="3" hai0="134,129,37,124,62,108,130,46,102,70,77,68,5" hai1="117,91,19,63,88,106,30,71,23,36,105,27,85" hai2="74,101,47,110,54,21,64,132,8,56,135,1,127" hai3="83,9,44,99,33,115,112,24,114,18,89,116,38"/><W119/><G38/><T131/><D108/><U113/><E113/><V96/><F74/><W98/><G44/><T121/><D121/><U6/><E36/><V11/><F110/><W59/><G59/><T67/><D124/><U122/><E122/><V49/><F127/><W92/><G33/><T81/><D134/><N who="2" m="51242" /><F21/><W66/><G66/><T35/><D102/><U120/><E120/><V13/><F13/><W82/><G9/><T7/><D70/><U87/><E6/><V100/><F100/><W75/><G18/><T39/><D35/><U128/><E128/><V31/><F1/><W86/><G24/><T111/><D111/><U60/><E117/><N who="3" m="45130" /><G82/><T50/><D7/><U79/><E71/><V16/><F31/><W53/><G53/><T73/><REACH who="0" step="1"/><D5/><REACH who="0" ten="260,210,211,289" step="2"/><U104/><E30/><V90/><F101/><W20/><G20/><T0/><D0/><U28/><E28/><V103/><F103/><W84/><G75/><T43/><AGARI ba="2,3" hai="37,39,43,46,50,62,67,68,73,77,81,129,130,131" machi="43" ten="30,7900,0" yaku="1,1,0,1,19,1,52,1,53,0" doraHai="72" doraHaiUra="26" who="0" fromWho="0" sc="260,115,210,-22,211,-22,289,-41" /><INIT seed="4,0,0,3,4,47" ten="375,188,189,248" oya="0" hai0="32,64,76,6,93,89,49,30,60,59,17,38,3" hai1="33,95,44,77,99,56,69,109,98,34,39,75,96" hai2="102,14,9,4,21,101,84,119,86,133,74,53,113" hai3="80,5,121,58,72,100,110,79,52,31,27,118,12"/><T51/><D38/><U55/><E109/><V13/><F113/><W25/><G110/><T35/><D76/><U8/><E69/><V85/><F133/><W18/><G118/><T116/><D116/><U92/><E8/><V103/><F74/><W57/><G121/><T0/><D17/><U45/><E77/><V54/><F119/><W63/><G5/><T61/><D35/><U129/><E129/><V126/><F126/><W104/><G31/><T11/><D3/><U105/><E105/><V107/><F107/><W66/><G100/><T130/><D130/><U120/><E120/><V123/><F123/><W78/><G79/><T117/><D117/><U112/><E112/><V70/><F70/><W115/><G104/><T46/><D46/><U1/><E1/><V71/><F71/><W65/><G65/><T122/><D122/><U91/><E75/><V19/><AGARI ba="0,0" hai="4,9,13,14,19,21,53,54,84,85,86,101,102,103" machi="19" ten="40,2700,0" yaku="0,1,8,1" doraHai="47" who="2" fromWho="2" sc="375,-13,188,-7,189,27,248,-7" /><INIT seed="5,0,0,1,2,32" ten="362,181,216,241" oya="1" hai0="135,88,31,14,112,26,10,78,18,29,16,67,13" hai1="54,73,98,80,48,63,81,95,104,57,66,6,85" hai2="65,124,72,127,100,114,87,108,92,133,5,134,0" hai3="55,33,15,120,113,105,42,64,60,118,90,101,1"/><U111/><E104/><V30/><F108/><W119/><G120/><T45/><D112/><U99/><E73/><V102/><F30/><W7/><G113/><T110/><D110/><U27/><E111/><V109/><F65/><W106/><G33/><T103/><D135/><N who="2" m="51722" /><F109/><W22/><G55/><T4/><D78/><U121/><E121/><V82/><F5/><W38/><G15/><T28/><D103/><N who="2" m="39466" /><F114/><W36/><G101/><T46/><D67/><U79/><E81/><V70/><F70/><N who="3" m="42247" /><G22/><N who="0" m="13639" /><D88/><N who="1" m="55655" /><E99/><V132/><F0/><W61/><G90/><T19/><D4/><U76/><E6/><V3/><F3/><W50/><G7/><T12/><D12/><U94/><E94/><V77/><F132/><W86/><G1/><T2/><D2/><U8/><E8/><AGARI ba="0,0" hai="8,10,13,14,18,19,28,29,31,45,46" m="13639" machi="8" ten="30,2000,0" yaku="8,1,54,1" doraHai="32" who="0" fromWho="1" sc="362,20,181,-20,216,0,241,0" /><INIT seed="6,0,0,0,1,44" ten="382,161,216,241" oya="2" hai0="113,106,85,82,17,124,122,108,87,24,19,76,41" hai1="65,129,120,7,52,34,95,28,9,12,49,5,81" hai2="67,77,130,29,114,11,118,128,63,68,18,79,43" hai3="4,60,51,109,48,119,121,8,91,131,39,2,47"/><V125/><F114/><W92/><G109/><T64/><D108/><U40/><E129/><V100/><F118/><W83/><G119/><T3/><D122/><U133/><E120/><V89/><F100/><W105/><G105/><T74/><D3/><U50/><E133/><V35/><F125/><W111/><G111/><T16/><D106/><U86/><E65/><V110/><F110/><W45/><G131/><N who="2" m="50217" /><F43/><W66/><G121/><T26/><D113/><U31/><E95/><V135/><F135/><W97/><G83/><T96/><D96/><U78/><E34/><V71/><F71/><W36/><G45/><T99/><D41/><U134/><E134/><V56/><F89/><W72/><G72/><T32/><D124/><U98/><E98/><V127/><F127/><W27/><G27/><T101/><D64/><U75/><E75/><V37/><F37/><W59/><G51/><N who="1" m="19466" /><E40/><AGARI ba="0,0" hai="2,4,8,36,39,40,47,48,59,60,66,91,92,97" machi="40" ten="30,2000,0" yaku="7,1,52,1" doraHai="44" who="3" fromWho="1" sc="382,0,161,-20,216,0,241,20" /><INIT seed="7,0,0,3,4,112" ten="382,141,216,261" oya="3" hai0="87,26,116,54,21,75,73,66,134,103,79,125,69" hai1="76,120,121,113,10,70,88,3,114,117,83,0,100" hai2="43,58,48,62,67,118,14,59,5,97,90,47,1" hai3="82,98,37,105,31,68,122,61,123,64,32,78,77"/><W42/><G37/><T72/><D103/><U19/><E70/><V9/><F1/><W40/><G42/><T71/><D66/><U60/><E60/><V74/><F74/><W80/><G40/><T93/><D116/><U124/><E124/><V16/><F118/><W12/><G12/><T92/><D92/><U99/><E3/><V132/><F132/><W17/><G17/><T96/><D125/><U13/><E0/><V85/><F97/><W130/><G82/><T27/><D27/><U57/><E57/><V128/><F128/><W28/><G77/><T2/><D2/><U4/><E4/><V29/><F29/><W35/><G28/><T7/><D7/><U51/><E51/><V131/><F131/><W8/><G8/><T91/><D134/><U52/><E52/><V15/><F59/><W65/><G64/><T84/><D54/><U22/><E10/><V39/><F39/><W94/><G130/><T30/><D96/><U55/><E55/><V38/><F38/><W50/><G98/><T20/><D20/><U102/><E117/><V63/><F63/><W6/><G61/><T41/><D41/><U106/><E102/><V81/><F15/><W86/><G50/><T11/><D11/><U127/><E127/><V110/><F5/><W101/><G6/><T104/><D104/><U107/><E107/><V49/><F48/><W33/><G105/><T44/><D44/><U25/><E25/><V135/><F9/><W18/><G68/><T115/><D115/><N who="1" m="44043" /><E88/><N who="2" m="51247" /><F49/><W45/><G101/><T108/><D71/><U36/><E36/><V109/><F47/><RYUUKYOKU ba="0,0" sc="382,-10,141,30,216,-10,261,-10" hai1="13,19,22,76,83,99,100,106,120,121" owari="372,47.2,171,-32.9,206,-19.4,251,5.1" /></mjloggm>