<mjloggm ver="2.3"><GO type="169" lobby="0"/><UN n0="%E7%AC%B9%E9%A4%85" n1="%E6%99%AE%E8%B3%A2" n2="%E3%83%8F%E3%82%AC%E3%82%BF%E3%82%AB%E3%81%AE%E3%81%88%E3%81%98%E3%81%8D" n3="%E9%87%A3%E3%82%8A%E6%97%A5%E5%92%8C" dan="17,16,17,18" rate="2236.84,2091.68,2163.21,2241.90" sx="M,F,M,M"/><TAIKYOKU oya="0"/><INIT seed="0,0,0,0,1,46" ten="250,250,250,250" oya="0" hai0="69,124,74,88,23,6,82,111,106,128,115,39,79" hai1="63,22,10,59,37,33,25,116,49,11,43,5,112" hai2="48,62,132,71,127,35,102,94,125,68,58,122,7" hai3="12,52,95,103,41,0,66,91,16,61,56,9,130"/><T4/><D69/><U78/><E116/><V120/><F35/><W118/><G118/><T83/><D115/><U70/><E112/><V96/><F7/><W133/><G133/><T104/><D39/><U30/><E78/><V38/><F38/><W126/><G126/><N who="2" m="48137" /><F132/><W87/><G130/><T3/><D128/><U84/><E84/><V29/><F29/><W1/><G41/><T113/><D113/><U117/><E117/><V28/><F28/><W114/><G114/><T2/><D124/><U57/><E33/><V20/><F20/><W86/><G103/><T27/><D111/><U73/><E73/><V64/><F71/><W36/><G36/><T14/><D14/><U99/><E99/><V75/><F75/><W72/><G72/><T77/><D74/><U134/><E134/><V60/><F48/><W42/><G42/><T110/><D110/><U131/><E131/><V80/><F80/><W18/><G18/><T31/><D31/><U44/><E37/><V107/><F107/><W93/><G93/><T108/><D108/><U123/><E123/><V100/><F100/><W13/><G13/><T47/><D23/><U85/><E85/><V55/><AGARI ba="0,0" hai="55,58,60,62,64,68,94,96,102,120,122" m="48137" machi="55" ten="30,1100,0" yaku="18,1" doraHai="46" who="2" fromWho="2" sc="250,-5,250,-3,250,11,250,-3" /><INIT seed="1,0,0,1,5,52" ten="245,247,261,247" oya="1" hai0="7,13,27,94,77,82,19,80,64,22,75,62,123" hai1="63,124,17,57,86,32,107,5,44,96,39,66,29" hai2="95,33,40,116,110,1,115,30,14,71,47,114,84" hai3="20,8,117,51,120,59,88,87,130,106,4,9,68"/><U0/><E124/><V105/><F105/><W97/><G68/><T128/><D128/><U15/><E86/><V18/><F1/><W132/><G120/><T65/><D123/><U55/><E107/><V133/><F71/><W83/><G130/><T61/><D94/><U45/><E96/><V36/><F116/><W48/><G117/><T104/><D104/><U102/><E102/><V103/><F110/><W127/><G127/><T131/><D131/><U2/><E5/><V125/><F125/><W43/><G132/><T26/><D82/><U122/><E122/><V101/><F133/><W49/><G43/><T12/><D7/><U89/><E89/><N who="2" m="53671" /><F30/><W6/><G20/><T41/><D41/><U93/><E93/><V99/><F99/><W37/><G37/><T98/><D98/><U35/><E39/><V92/><F33/><W34/><G34/><T46/><D13/><U31/><E35/><V85/><F85/><W111/><G111/><T119/><D119/><U121/><E121/><V42/><F42/><W135/><G135/><T50/><D50/><N who="3" m="19561" /><G97/><T11/><D22/><U91/><E32/><V28/><F28/><W3/><G3/><T73/><D73/><U100/><E0/><V24/><F24/><W134/><G106/><T90/><D90/><U60/><E2/><V54/><F92/><W79/><G134/><T21/><D27/><U67/><E91/><V38/><F38/><W113/><G88/><T70/><D26/><U56/><E100/><N who="2" m="38475" /><F54/><N who="3" m="32223" /><G113/><T78/><D75/><U69/><E69/><V25/><F25/><W108/><G108/><T58/><D80/><RYUUKYOKU ba="0,0" sc="245,-15,247,-15,261,15,247,15" hai2="14,18,36,40,47,114,115" hai3="4,6,8,9,79,83,87" /><INIT seed="2,1,0,2,1,19" ten="230,232,276,262" oya="2" hai0="72,9,7,22,14,17,117,0,68,119,83,64,48" hai1="75,94,91,62,15,35,16,29,56,26,112,115,70" hai2="63,8,120,128,95,30,25,130,89,97,135,4,60" hai3="80,69,11,132,61,113,106,85,131,118,125,93,13"/><V50/><F120/><W77/><G106/><T18/><D48/><U33/><E33/><V46/><F135/><W74/><G118/><N who="0" m="45067" /><D64/><U2/><E2/><V57/><F57/><W102/><G132/><T105/><D68/><U121/><E75/><V23/><F128/><W42/><G131/><T92/><D105/><U12/><E12/><N who="2" m="5127" /><F130/><W54/><G42/><AGARI ba="1,0" hai="23,25,30,42,46,50,60,63,89,95,97" m="5127" machi="42" ten="30,2900,0" yaku="8,1,52,1" doraHai="19" who="2" fromWho="3" sc="230,0,232,0,276,32,262,-32" /><INIT seed="2,2,0,2,5,16" ten="230,232,308,230" oya="2" hai0="59,58,79,128,21,89,10,134,13,105,63,85,24" hai1="102,39,14,92,116,47,41,15,133,83,123,104,3" hai2="9,117,52,36,42,55,130,101,31,106,110,119,44" hai3="120,129,54,65,30,0,93,97,88,43,17,1,121"/><V95/><F106/><W74/><G74/><T18/><D128/><U51/><E116/><V100/><F130/><W87/><G129/><T53/><D134/><U8/><E133/><V2/><F110/><W131/><G131/><T29/><D105/><U4/><E123/><V122/><F31/><W78/><G43/><T7/><D79/><U118/><E118/><V25/><F25/><W11/><G30/><T71/><D71/><U56/><E104/><V111/><F122/><W38/><G38/><T132/><D132/><U98/><E39/><V6/><F111/><W64/><G0/><T115/><D115/><U73/><REACH who="1" step="1"/><E56/><REACH who="1" ten="230,222,308,230" step="2"/><V109/><F109/><W37/><G37/><T127/><D59/><U23/><E23/><V103/><F117/><W80/><G120/><T96/><D127/><U12/><E12/><V69/><F69/><W72/><G121/><T114/><D114/><U66/><E66/><V60/><F119/><W32/><G32/><T112/><D112/><U49/><E49/><V45/><F60/><W81/><G1/><T94/><REACH who="0" step="1"/><D85/><REACH who="0" ten="220,222,308,230" step="2"/><U90/><E90/><V19/><F45/><W40/><G88/><T99/><D99/><U70/><E70/><V107/><F44/><W124/><G87/><T27/><D27/><U86/><E86/><V91/><F91/><W57/><G97/><T5/><AGARI ba="2,2" hai="5,7,10,13,18,21,24,29,53,58,63,89,94,96" machi="5" ten="30,8000,1" yaku="1,1,0,1,8,1,52,1,53,1" doraHai="16" doraHaiUra="48" who="0" fromWho="0" sc="220,106,222,-22,308,-42,230,-22" /><INIT seed="3,0,0,1,4,80" ten="326,200,266,208" oya="3" hai0="40,109,4,79,81,134,49,63,24,70,61,103,12" hai1="66,53,33,68,128,72,64,22,130,69,8,127,108" hai2="20,14,15,59,95,60,71,41,129,104,46,23,16" hai3="89,90,111,123,93,58,78,45,38,50,122,100,57"/><W29/><G38/><T17/><D103/><U99/><E33/><V67/><F104/><W131/><G78/><T2/><D109/><U74/><E108/><V52/><F129/><N who="1" m="49769" /><E8/><V125/><F125/><W30/><G111/><T77/><D134/><U0/><E0/><V34/><F34/><W86/><G131/><T116/><D116/><U9/><E9/><V106/><F106/><W96/><G90/><T132/><D132/><U13/><E127/><V113/><F113/><W7/><G7/><T39/><D70/><N who="1" m="27243" /><E99/><V3/><F3/><W1/><G1/><T55/><D24/><U133/><E133/><V25/><F95/><N who="3" m="54711" /><G122/><T118/><D118/><U62/><E53/><V56/><F56/><BYE who="2" /><N who="3" m="21611" /><G123/><T105/><D4/><U21/><E13/><V117/><F117/><W121/><G121/><T19/><D12/><U35/><E35/><V54/><F54/><AGARI ba="0,0" hai="29,30,45,50,54,93,96,100" m="21611,54711" machi="54" ten="30,2900,0" yaku="8,1,52,1" doraHai="80" who="3" fromWho="2" sc="326,0,200,0,266,-29,208,29" /><INIT seed="3,1,0,2,5,113" ten="326,200,237,237" oya="3" hai0="74,55,36,118,60,25,105,34,6,109,72,40,117" hai1="68,63,58,15,98,77,8,22,49,89,27,103,115" hai2="76,35,110,57,119,65,132,66,122,30,17,123,91" hai3="29,50,59,116,48,37,42,5,112,69,11,81,99"/><W41/><G69/><T71/><D105/><U101/><E115/><V83/><F83/><W19/><G37/><T45/><D109/><U85/><E77/><V31/><F31/><W78/><G112/><T53/><D6/><U70/><E70/><V23/><F23/><W61/><G116/><N who="0" m="44651" /><D55/><U4/><E68/><V82/><F82/><W86/><G29/><N who="0" m="19759" /><D53/><U16/><E49/><V28/><F28/><W79/><G99/><T92/><D92/><U124/><E124/><V26/><F26/><W108/><G19/><T38/><D38/><U43/><E43/><V47/><F47/><W9/><G78/><T3/><D3/><U125/><E125/><V52/><F52/><N who="3" m="34023" /><G108/><T120/><D120/><U32/><E32/><V10/><F10/><N who="3" m="3595" /><G5/><T73/><D74/><U2/><E2/><V56/><F56/><W100/><G100/><T88/><D88/><U67/><REACH who="1" step="1"/><E98/><REACH who="1" ten="326,190,237,237" step="2"/><V131/><F131/><W111/><G111/><T102/><D71/><U13/><E13/><V128/><F128/><W39/><G39/><T107/><D60/><U90/><E90/><V62/><F62/><W20/><G48/><T24/><D24/><U18/><E18/><V21/><F21/><W104/><G20/><T130/><D130/><U44/><E44/><V135/><F135/><W7/><G50/><T51/><D51/><U75/><E75/><V12/><F12/><W94/><G79/><T127/><D127/><U114/><E114/><V93/><F93/><AGARI ba="1,1" hai="4,8,15,16,22,27,58,63,67,85,89,93,101,103" machi="93" ten="30,8000,1" yaku="1,1,7,1,8,1,54,1,53,1" doraHai="113" doraHaiUra="84" who="1" fromWho="2" sc="326,0,190,93,237,-83,237,0" /><INIT seed="4,0,0,4,5,29" ten="326,283,154,237" oya="0" hai0="39,7,4,24,59,132,128,100,104,26,0,103,115" hai1="116,119,83,50,101,86,117,123,64,94,54,105,90" hai2="92,47,33,35,89,107,134,25,74,73,85,52,57" hai3="22,75,135,110,87,37,10,66,84,68,77,88,102"/><T121/><D39/><U114/><E64/><V126/><F126/><W133/><G110/><T27/><D115/><U14/><E14/><UN n2="%E3%83%8F%E3%82%AC%E3%82%BF%E3%82%AB%E3%81%AE%E3%81%88%E3%81%98%E3%81%8D" /><V113/><F113/><W70/><G37/><T62/><D121/><U93/><E114/><V91/><F107/><W11/><G102/><T69/><D69/><U36/><E36/><V106/><F106/><W51/><G51/><T40/><D40/><U81/><E123/><V20/><F47/><W120/><G22/><T46/><D46/><U80/><E54/><V30/><F91/><W71/><G75/><T60/><D128/><U45/><E45/><V53/><F53/><W41/><G66/><T32/><D132/><N who="3" m="50761" /><G41/><T48/><D104/><U95/><E50/><V3/><F134/><W76/><G120/><T1/><D48/><U79/><E79/><N who="3" m="30282" /><G88/><T112/><D112/><U97/><AGARI ba="0,0" hai="80,81,83,86,90,93,94,95,97,101,105,116,117,119" machi="97" ten="40,8000,1" yaku="0,1,34,3" doraHai="29" who="1" fromWho="1" sc="326,-40,283,80,154,-20,237,-20" /><INIT seed="5,0,0,1,5,120" ten="286,363,134,217" oya="1" hai0="107,70,112,56,2,41,102,1,14,114,111,68,94" hai1="93,85,63,11,117,64,78,3,22,97,110,67,96" hai2="126,35,45,0,87,82,57,81,24,31,69,6,55" hai3="104,134,51,33,79,20,16,42,100,43,39,53,109"/><U21/><E117/><V106/><F106/><W125/><G33/><T89/><D41/><U19/><E110/><V75/><F69/><W9/><G134/><T62/><D102/><U28/><E28/><V4/><F126/><W18/><G125/><T83/><D107/><U12/><E3/><V49/><F75/><W52/><G79/><T95/><D83/><U108/><E108/><V8/><F4/><W135/><G135/><T130/><D14/><U10/><E10/><V26/><F26/><W90/><G109/><T86/><D130/><U17/><E64/><V127/><F127/><W36/><G90/><T131/><D131/><U105/><E105/><V60/><REACH who="2" step="1"/><F87/><REACH who="2" ten="286,363,124,217" step="2"/><W132/><G104/><T7/><D86/><U38/><E85/><V74/><F74/><W113/><G132/><T129/><D70/><U123/><E123/><V47/><F47/><W40/><G39/><T122/><D68/><U13/><E38/><V119/><F119/><W65/><G36/><T48/><D122/><U29/><E96/><V91/><F91/><W103/><G100/><T128/><D89/><U50/><E97/><V101/><F101/><W66/><G103/><T25/><D111/><U133/><E78/><V72/><F72/><W121/><G121/><T80/><D7/><U124/><E133/><V54/><AGARI ba="0,1" hai="0,6,8,24,31,35,45,49,54,55,57,60,81,82" machi="54" ten="20,2700,0" yaku="1,1,0,1,7,1,53,0" doraHai="120" doraHaiUra="84" who="2" fromWho="2" sc="286,-7,363,-13,124,37,217,-7" /><INIT seed="6,0,0,1,3,11" ten="279,350,161,210" oya="2" hai0="134,72,64,100,119,80,55,66,0,107,73,99,48" hai1="8,44,5,111,116,71,7,39,132,31,41,36,85" hai2="28,33,87,43,122,114,121,12,82,96,69,60,16" hai3="88,110,65,37,91,124,3,13,117,133,108,94,57"/><V79/><F114/><W104/><G3/><T9/><D119/><U135/><E111/><V59/><F69/><W90/><G104/><T15/><D134/><U21/><E116/><V25/><F43/><W61/><G117/><T19/><D0/><U26/><E71/><V1/><F96/><W18/><G37/><T126/><D126/><U76/><E39/><V62/><F1/><W2/><G2/><T109/><D109/><U103/><E103/><V4/><F4/><W92/><G133/><N who="1" m="51274" /><E8/><V81/><F81/><AGARI ba="0,0" hai="5,7,21,26,31,36,41,44,76,81,85" m="51274" machi="81" ten="30,1000,0" yaku="20,1" doraHai="11" who="1" fromWho="2" sc="279,0,350,10,161,-10,210,0" /><INIT seed="7,0,0,4,2,108" ten="279,360,151,210" oya="3" hai0="12,129,119,36,23,5,35,74,76,94,109,112,10" hai1="18,59,99,41,15,4,33,117,107,102,122,93,120" hai2="2,54,87,42,84,48,123,29,47,125,43,75,130" hai3="49,111,16,124,62,127,27,118,88,110,34,72,65"/><W3/><G72/><T92/><D36/><U40/><E33/><V121/><F75/><W113/><G3/><T100/><D74/><U80/><E117/><V26/><F2/><W132/><G49/><T6/><D76/><U31/><E31/><V66/><F66/><W128/><G128/><T85/><D119/><U95/><E4/><V91/><F130/><W44/><G44/><T126/><D35/><U38/><E38/><V114/><F114/><W8/><G132/><T78/><D126/><N who="3" m="48169" /><G118/><T56/><D109/><N who="3" m="41481" /><G113/><T81/><D129/><U55/><E41/><V0/><F0/><W30/><G88/><T134/><D134/><U90/><E40/><V58/><F125/><W20/><G8/><T25/><D112/><U11/><E80/><V45/><F43/><W39/><G39/><T63/><D100/><U104/><E120/><V61/><F47/><W24/><G62/><T79/><D79/><U13/><E122/><V1/><F1/><W7/><G65/><N who="0" m="39143" /><D5/><AGARI ba="0,0" hai="5,7,16,20,24,27,30,34" m="41481,48169" machi="5" ten="30,12000,1" yaku="18,1,10,1,34,2,54,1" doraHai="108" who="3" fromWho="0" sc="279,-120,360,0,151,0,210,120" /><INIT seed="7,1,0,3,5,21" ten="159,360,151,330" oya="3" hai0="103,113,73,108,83,55,89,123,90,95,79,26,46" hai1="82,98,43,32,51,104,23,110,0,38,45,93,6" hai2="112,114,133,126,105,44,42,10,88,28,13,96,124" hai3="107,68,120,109,78,86,24,9,127,132,39,54,60"/><W122/><G107/><T134/><D46/><U111/><E104/><V64/><F133/><W99/><G39/><T131/><D55/><U22/><E32/><V81/><F64/><W47/><G132/><T1/><D1/><U92/><E82/><V5/><F28/><W116/><G116/><T48/><D48/><U65/><E65/><V27/><F27/><W61/><G127/><N who="2" m="48681" /><F105/><W117/><G117/><T59/><D59/><U36/><E92/><N who="2" m="56327" /><F81/><W118/><G118/><T34/><D134/><U40/><E110/><V106/><F106/><W63/><G68/><T74/><D74/><U121/><E111/><V12/><F12/><W84/><G109/><T37/><D108/><U67/><E121/><V14/><F14/><W29/><G120/><T76/><D123/><U25/><E67/><V97/><F97/><W85/><G99/><N who="0" m="59903" /><D131/><U129/><E129/><V100/><F100/><W119/><G122/><T125/><D125/><U115/><E98/><V128/><F128/><W53/><G119/><T62/><D113/><U75/><E115/><V130/><F130/><W56/><G78/><N who="0" m="44495" /><D37/><AGARI ba="1,0" hai="5,10,13,37,42,44,112,114" m="56327,48681" machi="37" ten="30,2000,0" yaku="18,1,54,1" doraHai="21" who="2" fromWho="0" sc="159,-23,360,0,151,23,330,0" owari="136,-36.4,360,46.0,174,-22.6,330,13.0" /></mjloggm>