<mjloggm ver="2.3"><GO type="169" lobby="0"/><UN n0="%79%61%63%68%69%33%35%38" n1="%E6%9E%95%E9%AD%9A" n2="%E5%AD%90%E8%A1%BF%E9%9B%85%E6%AD%8C" n3="%67%6F%72%64%6F%6E%31%33" dan="16,16,16,16" rate="2111.39,2102.16,2130.74,2153.48" sx="M,F,M,M"/><TAIKYOKU oya="0"/><INIT seed="0,0,0,4,4,31" ten="250,250,250,250" oya="0" hai0="130,29,52,20,123,53,18,23,127,50,35,87,15" hai1="43,99,103,3,88,114,13,86,42,71,73,56,17" hai2="4,116,28,19,126,69,132,70,10,16,1,129,34" hai3="61,39,51,45,22,102,131,134,44,27,76,111,119"/><T79/><D123/><U80/><E71/><V67/><F132/><W91/><G119/><T109/><D127/><U106/><E3/><V104/><F104/><W81/><G134/><T32/><D130/><U9/><E114/><V90/><F126/><W54/><G131/><T62/><D109/><U117/><E117/><V68/><F129/><W95/><G102/><T46/><D79/><U48/><E48/><V7/><F116/><W36/><G61/><T115/><D87/><U21/><E56/><V85/><F7/><W120/><G45/><T2/><D2/><U8/><REACH who="1" step="1"/><E73/><REACH who="1" ten="250,240,250,250" step="2"/><V5/><F67/><W94/><G120/><T118/><D115/><U84/><E84/><V66/><F66/><W30/><G111/><T26/><REACH who="0" step="1"/><D118/><REACH who="0" ten="240,240,250,250" step="2"/><U59/><E59/><AGARI ba="0,2" hai="15,18,20,23,26,29,32,35,46,50,52,53,59,62" machi="59" ten="40,12000,1" yaku="1,1,2,1,52,2,54,1,53,0" doraHai="31" doraHaiUra="105" who="0" fromWho="1" sc="240,140,240,-120,250,0,250,0" /><INIT seed="0,1,0,2,0,77" ten="380,120,250,250" oya="0" hai0="109,52,126,20,121,28,128,127,6,45,15,134,74" hai1="83,48,73,135,30,76,16,133,87,24,29,98,12" hai2="105,111,80,75,113,38,61,54,47,32,26,103,96" hai3="60,88,108,2,46,94,39,33,90,53,35,65,78"/><T117/><D74/><U41/><E98/><V112/><F111/><W119/><G119/><T67/><D117/><U3/><E3/><V72/><F72/><W58/><G108/><T59/><D109/><U56/><E73/><V115/><F61/><W82/><G2/><T9/><D121/><U44/><E56/><V21/><F54/><W120/><G120/><T85/><D134/><U25/><E24/><V86/><F75/><W110/><G110/><T123/><D123/><U5/><E5/><V10/><F32/><W8/><G8/><T118/><D118/><U22/><REACH who="1" step="1"/><E29/><REACH who="1" ten="380,110,250,250" step="2"/><V81/><F86/><W95/><G65/><T125/><D85/><U116/><E116/><V129/><F129/><W31/><G31/><T4/><D128/><U104/><E104/><V102/><F102/><W91/><G46/><T100/><D100/><U19/><E19/><V14/><F47/><W68/><G68/><T51/><D6/><U11/><AGARI ba="1,1" hai="11,12,16,22,25,30,41,44,48,76,83,87,133,135" machi="11" ten="30,8000,1" yaku="1,1,0,1,52,1,54,1,53,1" doraHai="77" doraHaiUra="79" who="1" fromWho="1" sc="380,-41,110,93,250,-21,250,-21" /><INIT seed="1,0,0,0,1,116" ten="339,203,229,229" oya="1" hai0="62,81,135,57,31,108,38,48,129,72,78,128,95" hai1="97,68,10,19,37,112,58,41,120,13,131,64,109" hai2="91,7,79,71,36,11,14,127,126,70,133,47,26" hai3="69,65,92,24,12,0,124,60,83,34,134,8,82"/><U54/><E112/><V76/><F133/><W119/><G119/><T89/><D38/><U100/><E131/><N who="0" m="50249" /><D108/><U40/><E120/><V87/><F26/><W102/><G0/><T73/><D31/><U132/><E132/><V32/><F32/><W55/><G124/><N who="2" m="47657" /><F47/><W118/><G118/><T45/><D135/><U1/><E109/><V105/><F105/><W104/><G92/><T117/><D117/><U49/><E1/><V110/><F36/><W2/><G2/><T22/><D22/><U86/><E37/><V46/><F46/><W39/><G55/><T29/><D29/><U5/><E64/><V111/><F111/><W61/><G61/><T16/><D16/><U3/><E68/><N who="2" m="26155" /><F110/><W122/><G39/><T44/><D48/><U4/><E40/><V21/><F21/><W75/><G134/><T18/><D18/><U9/><E41/><V30/><F30/><W114/><G114/><T106/><D106/><U98/><E19/><V52/><F52/><W42/><G42/><T51/><D51/><U74/><E54/><V96/><F96/><N who="1" m="36969" /><E49/><V99/><F99/><W80/><G34/><T103/><D45/><U20/><E58/><V25/><F25/><W107/><G107/><T27/><D57/><U121/><E20/><V50/><F50/><W17/><G104/><T130/><D44/><U85/><E100/><V33/><F33/><W90/><G102/><T59/><D103/><U56/><E56/><V125/><N who="2" m="47665" /><V84/><DORA hai="35" /><F84/><N who="1" m="32361" /><E74/><V101/><F101/><W113/><G75/><N who="0" m="43231" /><D130/><U43/><E43/><V66/><F66/><N who="3" m="41159" /><G113/><T88/><D73/><RYUUKYOKU ba="0,0" sc="339,-15,203,15,229,15,229,-15" hai1="3,4,5,9,10,13,121" hai2="7,11,14,76,79,87,91" /><INIT seed="1,1,0,1,3,52" ten="324,218,244,214" oya="1" hai0="101,21,8,74,56,59,93,27,102,5,99,82,28" hai1="55,69,42,51,63,124,114,10,89,92,9,2,106" hai2="119,110,17,97,104,128,1,134,11,98,135,75,67" hai3="112,123,14,41,94,71,23,108,44,54,36,49,43"/><U120/><E114/><V130/><F119/><W122/><G94/><T116/><D116/><U62/><E120/><N who="3" m="46122" /><G23/><T96/><D74/><U86/><E124/><V19/><F75/><W107/><G14/><T91/><D102/><U30/><E106/><V47/><F110/><W80/><G80/><T66/><D66/><U40/><E30/><V109/><F109/><W70/><G107/><T12/><REACH who="0" step="1"/><D82/><REACH who="0" ten="314,218,244,214" step="2"/><U53/><E69/><N who="3" m="26122" /><G108/><T26/><D26/><U57/><E2/><V81/><F1/><W117/><G117/><T60/><D60/><U103/><E62/><V3/><F81/><W48/><G112/><T127/><D127/><U79/><E103/><V0/><F3/><W121/><G121/><T16/><D16/><U88/><E79/><V129/><F0/><W65/><G65/><T100/><D100/><U111/><E111/><V115/><F67/><W37/><G43/><N who="1" m="16426" /><E89/><V73/><F115/><W125/><G125/><T50/><D50/><U132/><E132/><V72/><F134/><W118/><G118/><T24/><D24/><U32/><E32/><V105/><F135/><W22/><G22/><T38/><D38/><U29/><E29/><V7/><F19/><W126/><G126/><T18/><D18/><U64/><E64/><V78/><F17/><W33/><G33/><T84/><D84/><U77/><E77/><V15/><F78/><W58/><AGARI ba="1,1" hai="36,37,41,44,48,49,54,58" m="26122,46122" machi="58" ten="30,4000,0" yaku="34,2,52,1" doraHai="52" who="3" fromWho="3" sc="314,-11,218,-21,244,-11,214,53" /><INIT seed="2,0,0,4,0,28" ten="303,197,233,267" oya="2" hai0="9,135,92,127,15,20,6,95,114,43,11,133,84" hai1="112,90,39,66,16,64,4,103,3,58,18,45,35" hai2="123,101,46,57,131,93,73,71,23,62,124,128,80" hai3="63,65,110,74,130,2,82,97,87,85,121,126,96"/><V54/><F123/><W25/><G121/><T21/><D114/><U104/><E112/><V132/><F71/><W1/><G110/><T41/><D127/><U19/><E104/><V72/><F124/><W12/><G126/><T53/><D53/><U83/><E103/><V24/><F132/><W13/><G130/><N who="2" m="49705" /><F80/><W42/><G74/><T76/><D84/><U69/><E69/><V109/><F109/><W111/><G111/><T99/><D6/><U75/><E4/><V10/><F10/><W29/><G42/><T106/><D76/><U7/><E58/><V108/><F108/><W107/><G107/><T116/><D106/><U37/><E37/><V119/><F119/><W94/><G2/><T134/><D116/><U61/><E61/><V27/><F46/><W0/><G0/><T30/><D135/><U102/><E102/><V77/><F77/><W118/><G1/><T86/><D9/><N who="1" m="2303" /><E45/><V56/><F56/><N who="3" m="37095" /><G87/><T129/><D129/><U67/><E39/><V33/><F27/><W48/><G118/><T14/><D11/><U117/><E117/><V17/><F33/><W89/><G48/><T32/><D32/><U40/><E35/><V79/><F79/><N who="3" m="46303" /><G97/><AGARI ba="0,0" hai="17,23,24,54,57,62,72,73,93,97,101" m="49705" machi="97" ten="30,1500,0" yaku="19,1" doraHai="28" who="2" fromWho="3" sc="303,0,197,0,233,15,267,-15" /><INIT seed="2,1,0,1,3,36" ten="303,197,248,252" oya="2" hai0="28,92,43,61,70,79,8,76,77,116,106,123,71" hai1="62,54,40,69,19,101,17,81,118,95,94,48,13" hai2="75,55,7,44,93,115,37,42,112,57,122,99,72" hai3="121,102,80,114,60,14,1,58,97,16,127,103,117"/><V65/><F122/><W109/><G121/><T9/><D106/><U64/><E118/><V82/><F65/><W132/><G117/><T96/><D123/><U30/><E30/><V20/><F7/><W134/><G1/><T90/><D116/><U119/><E119/><V34/><F34/><W125/><G80/><T51/><D28/><U67/><E67/><V12/><F12/><W31/><G31/><T46/><REACH who="0" step="1"/><D61/><REACH who="0" ten="293,197,248,252" step="2"/><U32/><E62/><V49/><F112/><W59/><G114/><T135/><D135/><U89/><E94/><V52/><F115/><W4/><G60/><T85/><D85/><U66/><E95/><V107/><F107/><W86/><G86/><T63/><D63/><U111/><E64/><V3/><F75/><W84/><G84/><T131/><D131/><U113/><E66/><V50/><F72/><W0/><G132/><T126/><D126/><U53/><E113/><V124/><F124/><W98/><G134/><T100/><D100/><U27/><E101/><V18/><F3/><W133/><G133/><T78/><N who="0" m="19456" /><DORA hai="83" /><T33/><D33/><U38/><E32/><V10/><F93/><W68/><G125/><T23/><D23/><U74/><E74/><V87/><F99/><W104/><G127/><T15/><D15/><U128/><E13/><V73/><F73/><W105/><G105/><T21/><D21/><U35/><E35/><V108/><F20/><W129/><G104/><T24/><D24/><U5/><E27/><V88/><F87/><W41/><G129/><T2/><D2/><U6/><E128/><V91/><F82/><RYUUKYOKU ba="1,1" sc="293,30,197,-10,248,-10,252,-10" hai0="8,9,43,46,51,70,71,90,92,96" /><INIT seed="3,2,1,4,4,123" ten="323,187,238,242" oya="3" hai0="120,16,15,74,39,92,32,44,55,7,127,67,121" hai1="125,78,104,130,43,82,35,13,80,61,79,49,48" hai2="93,2,128,51,83,124,6,119,90,11,21,14,12" hai3="4,28,33,91,50,17,96,20,131,84,88,98,19"/><W38/><G38/><T87/><D74/><U97/><E35/><V101/><F119/><W56/><G33/><T108/><D32/><U129/><E125/><V112/><F112/><W69/><G69/><T117/><D117/><U26/><E26/><V133/><F124/><W73/><G73/><T0/><D127/><U5/><E61/><V122/><F122/><W126/><G4/><T42/><D0/><U54/><E43/><V132/><F128/><N who="1" m="49257" /><E13/><V66/><F66/><W100/><G131/><T118/><D7/><U109/><E5/><V70/><F70/><W9/><G28/><T29/><D29/><U46/><E49/><V115/><F115/><W18/><G9/><T47/><D67/><U23/><E23/><V102/><F83/><N who="1" m="31785" /><E109/><V85/><F51/><W116/><G116/><T86/><D108/><U107/><E97/><V59/><F59/><W1/><G1/><T71/><D118/><U60/><E60/><V58/><F58/><W34/><G34/><T106/><D71/><U8/><E8/><V45/><F45/><W72/><G98/><T103/><D44/><U53/><E53/><V40/><F40/><W27/><G126/><T22/><D55/><U135/><E135/><N who="2" m="51787" /><F2/><W114/><G114/><T81/><D121/><U25/><E25/><V41/><F41/><W94/><G27/><T64/><D120/><U111/><E111/><V99/><F99/><W89/><G20/><T31/><D22/><U36/><E36/><V134/><F134/><W57/><G50/><T52/><D39/><U63/><E63/><V3/><F3/><W37/><G37/><RYUUKYOKU ba="2,1" sc="323,-15,187,15,238,15,242,-15" hai1="46,48,54,78,79,104,107" hai2="6,11,12,14,21,85,90,93,101,102" /><INIT seed="4,3,1,5,5,59" ten="308,202,253,227" oya="0" hai0="35,100,75,6,18,31,62,112,124,49,133,118,28" hai1="7,77,74,123,24,92,125,81,67,129,122,106,52" hai2="120,95,110,121,10,116,111,132,89,117,4,107,5" hai3="9,42,70,72,39,47,8,99,45,58,109,37,73"/><T16/><D118/><N who="2" m="45674" /><F107/><W127/><G70/><T131/><D75/><U71/><E106/><V135/><F89/><W32/><G109/><N who="2" m="41481" /><F95/><W64/><G32/><T113/><D35/><U66/><E92/><V25/><F25/><W12/><G127/><T88/><D124/><U57/><E125/><V33/><F33/><W48/><G99/><T55/><D100/><U69/><E24/><V17/><F17/><N who="0" m="6762" /><D6/><N who="2" m="2666" /><F10/><W2/><G2/><T38/><D38/><U128/><E7/><V130/><F130/><N who="1" m="50281" /><E81/><V101/><F101/><W96/><G96/><T21/><D131/><U85/><E77/><V91/><F91/><W83/><G12/><T105/><D88/><U90/><E90/><V119/><F119/><W14/><G14/><T1/><D105/><U56/><E85/><V50/><F50/><W114/><G83/><T68/><D49/><N who="1" m="30735" /><E74/><V34/><F34/><W104/><G104/><T40/><D1/><U87/><E87/><V43/><F43/><W93/><G42/><T115/><D40/><U86/><E86/><V0/><F0/><W78/><G78/><T65/><D113/><U97/><E97/><V126/><F126/><W84/><G84/><T23/><D112/><U20/><E20/><V44/><F44/><W63/><G47/><T29/><D115/><U22/><E22/><V102/><F102/><W79/><G114/><T103/><D103/><U3/><E3/><V54/><F54/><W61/><G45/><T94/><D94/><U134/><E66/><V19/><F19/><W30/><G93/><T108/><D108/><U53/><E67/><V80/><F80/><RYUUKYOKU ba="3,1" sc="308,-10,202,-10,253,30,227,-10" hai2="120,121,132,135" /><INIT seed="5,4,1,1,1,79" ten="298,192,283,217" oya="1" hai0="0,89,30,63,12,31,45,78,122,110,65,60,3" hai1="82,17,87,51,52,23,135,70,129,6,97,44,81" hai2="27,93,128,90,55,133,35,116,5,58,126,113,16" hai3="74,57,59,14,10,75,127,101,71,4,125,76,124"/><U105/><E70/><V33/><F116/><W47/><G71/><T72/><D110/><U62/><E129/><V48/><F128/><W88/><G101/><T98/><D122/><U112/><E112/><V9/><F113/><W11/><G47/><T123/><D123/><U96/><E135/><V22/><F126/><W13/><G88/><T104/><D45/><U117/><E117/><V7/><F133/><W111/><G111/><T83/><D12/><N who="1" m="9639" /><E105/><V43/><F43/><W53/><G76/><T49/><D49/><U108/><E108/><V91/><F5/><W131/><G131/><T2/><D63/><U103/><E6/><V25/><F25/><W134/><G134/><T95/><REACH who="0" step="1"/><D104/><REACH who="0" ten="288,192,283,217" step="2"/><U32/><E32/><V26/><F33/><W61/><REACH who="3" step="1"/><G57/><AGARI ba="4,2" hai="0,2,3,30,31,57,60,65,72,78,83,89,95,98" machi="57" ten="40,5200,0" yaku="1,1,2,1,52,1,53,0" doraHai="79" doraHaiUra="40" who="0" fromWho="3" sc="288,84,192,0,283,0,217,-64" /><INIT seed="6,0,0,3,2,7" ten="372,192,283,153" oya="2" hai0="76,59,25,115,80,62,15,20,51,78,123,46,63" hai1="49,96,44,122,132,134,126,16,2,98,11,26,89" hai2="5,64,121,45,27,81,93,85,39,100,65,125,71" hai3="31,86,107,13,55,66,68,129,130,114,17,9,110"/><V14/><F121/><W79/><G110/><T38/><D115/><U52/><E122/><V54/><F125/><W94/><G107/><T12/><D38/><U43/><E126/><V18/><F71/><W116/><G116/><T41/><D123/><U67/><E67/><V10/><F39/><W83/><G114/><T8/><D80/><U133/><E89/><V24/><F93/><W102/><G31/><N who="0" m="17831" /><D12/><N who="1" m="7199" /><E2/><V29/><F100/><W37/><G37/><T23/><D23/><U88/><E43/><V40/><F40/><W28/><G28/><T35/><D35/><U74/><E74/><V105/><F105/><W19/><G66/><N who="2" m="25705" /><F5/><W112/><G112/><T104/><D104/><U84/><E26/><V128/><F128/><N who="3" m="49259" /><G55/><N who="0" m="34175" /><D63/><U117/><E117/><V34/><F34/><W90/><G102/><T70/><D70/><U95/><AGARI ba="0,0" hai="44,49,52,84,88,95,96,98,132,133,134" m="7199" machi="95" ten="30,8000,1" yaku="20,1,52,1,54,3" doraHai="7" who="1" fromWho="1" sc="372,-20,192,80,283,-40,153,-20" /><INIT seed="7,0,0,2,1,75" ten="352,272,243,133" oya="3" hai0="119,116,63,30,69,65,33,24,135,49,93,47,15" hai1="21,6,37,83,89,122,128,106,132,74,56,40,125" hai2="71,51,66,11,26,133,100,76,36,101,9,13,28" hai3="87,81,7,113,2,98,117,42,58,64,18,8,126"/><W22/><G113/><T31/><D135/><U35/><E35/><V123/><F36/><W84/><G126/><T82/><D30/><U102/><E21/><N who="2" m="15439" /><F71/><W112/><G112/><T20/><D82/><U105/><E74/><V54/><F66/><W111/><G117/><T17/><D93/><U32/><E105/><V41/><F41/><AGARI ba="0,0" hai="15,17,20,24,31,33,41,47,49,63,65,69,116,119" machi="41" ten="30,1000,0" yaku="7,1" doraHai="75" who="0" fromWho="2" sc="352,10,272,0,243,-10,133,0" owari="362,46.2,272,7.2,233,-16.7,133,-36.7" /></mjloggm>