<mjloggm ver="2.3"><GO type="169" lobby="0"/><UN n0="%48%41%54%41%4E%4F%EF%BC%81" n1="%70%61%77%61" n2="%E3%81%97%E3%82%89%E3%81%99%EF%BC%A1" n3="%E5%8F%A4%E6%96%AF%E5%A1%94%E5%A4%AB%E4%BA%8C%E4%B8%96" dan="16,18,16,16" rate="2055.22,2292.82,2102.10,2090.02" sx="M,M,M,M"/><TAIKYOKU oya="0"/><INIT seed="0,0,0,2,2,130" ten="250,250,250,250" oya="0" hai0="29,121,27,135,112,133,70,106,2,88,78,104,22" hai1="69,44,24,7,68,38,31,65,1,73,15,13,81" hai2="45,110,3,92,49,32,123,18,72,129,11,63,126" hai3="118,134,20,56,114,115,125,48,103,54,76,62,90"/><T113/><D121/><U124/><E124/><V14/><F110/><W94/><G118/><T40/><D70/><U41/><E15/><V9/><F72/><W8/><G125/><T79/><D2/><U85/><E13/><V119/><F123/><W80/><G103/><T61/><D61/><U111/><E65/><V6/><F129/><W4/><G134/><N who="0" m="51211" /><D88/><U55/><E55/><V75/><F75/><W87/><G62/><T60/><D60/><U120/><E111/><V74/><F74/><W33/><G33/><T10/><D10/><N who="1" m="2415" /><E85/><V59/><F126/><W99/><G20/><T127/><D127/><U25/><E25/><V128/><F32/><W51/><G51/><T116/><D116/><U58/><E120/><V122/><F122/><W46/><G114/><N who="0" m="44139" /><D40/><U37/><E68/><V30/><F119/><W28/><G115/><T50/><D50/><U86/><E69/><V105/><F3/><W82/><G48/><T71/><D71/><U108/><E41/><V67/><F49/><W77/><G90/><T52/><D52/><U83/><E108/><V132/><F63/><W0/><G54/><T95/><D95/><U101/><E58/><V39/><F59/><W102/><G56/><T96/><D96/><U17/><E44/><V89/><F92/><W42/><G46/><T12/><D12/><U16/><E83/><V43/><F45/><W100/><G42/><T21/><D22/><U117/><E117/><V5/><F43/><W36/><G0/><T19/><D19/><U84/><E17/><V97/><F18/><W98/><G8/><N who="2" m="3145" /><F132/><W57/><G99/><RYUUKYOKU ba="0,0" sc="250,30,250,-10,250,-10,250,-10" hai0="21,27,29,78,79,104,106" /><INIT seed="0,1,0,1,3,2" ten="280,240,240,240" oya="0" hai0="67,51,85,72,62,115,27,35,61,102,52,133,74" hai1="47,40,41,29,23,81,11,126,108,78,83,66,42" hai2="100,16,134,82,119,65,113,58,63,33,30,0,109" hai3="125,37,114,13,53,89,131,31,39,79,64,124,128"/><T22/><D115/><U4/><E108/><V5/><F109/><W106/><G106/><T10/><D133/><U46/><E126/><N who="3" m="48746" /><G79/><T123/><D123/><U92/><E66/><V101/><F113/><W96/><G31/><T95/><D35/><U15/><E92/><V20/><F134/><W38/><G96/><T28/><D10/><U71/><E71/><V48/><F119/><W94/><G94/><T122/><D122/><U80/><REACH who="1" step="1"/><E78/><REACH who="1" ten="280,230,240,240" step="2"/><V105/><F105/><W45/><G114/><T68/><D68/><U8/><E8/><V49/><F65/><W127/><G127/><T112/><D112/><U26/><AGARI ba="1,1" hai="4,11,15,23,26,29,40,41,42,46,47,80,81,83" machi="26" ten="40,8000,1" yaku="1,1,0,1,8,1,52,1,53,0" doraHai="2" doraHaiUra="88" who="1" fromWho="1" sc="280,-41,230,93,240,-21,240,-21" /><INIT seed="1,0,0,2,0,67" ten="239,323,219,219" oya="1" hai0="20,33,121,6,47,25,10,90,35,104,65,51,58" hai1="11,108,93,62,110,82,92,70,88,89,101,14,106" hai2="2,22,24,46,40,96,8,128,69,52,21,124,78" hai3="76,29,111,31,135,5,0,68,32,55,123,59,13"/><U133/><E106/><V38/><F128/><W118/><G111/><N who="1" m="42538" /><E133/><V56/><F124/><W23/><G123/><T81/><D104/><U80/><E101/><V130/><F69/><W98/><G135/><T61/><D121/><U102/><E102/><V16/><F130/><W84/><G0/><T99/><D99/><N who="1" m="57735" /><E62/><V15/><F96/><W63/><G98/><T42/><D90/><U86/><E70/><V12/><F78/><W27/><G118/><T66/><D66/><U91/><E89/><V4/><F22/><W17/><G76/><T120/><D81/><U129/><E129/><V18/><F18/><AGARI ba="0,0" hai="11,14,18,80,82,86,91,93" m="57735,42538" machi="18" ten="30,5800,0" yaku="14,1,10,1,54,1" doraHai="67" who="1" fromWho="2" sc="239,0,323,58,219,-58,219,0" /><INIT seed="1,1,0,4,0,85" ten="239,381,161,219" oya="1" hai0="14,32,11,129,27,53,121,78,66,72,134,90,100" hai1="99,74,113,107,49,119,5,65,37,71,128,31,29" hai2="97,111,122,10,12,117,54,45,8,63,89,88,73" hai3="35,133,36,86,41,46,96,135,115,42,58,33,93"/><U1/><E113/><V51/><F117/><W81/><G115/><T34/><D121/><U40/><E119/><V105/><F73/><W18/><G42/><T21/><D66/><U132/><E49/><V67/><F122/><W109/><G109/><T114/><D100/><U50/><E50/><V61/><F111/><W131/><G131/><T52/><D134/><N who="3" m="51209" /><G81/><T77/><D114/><U0/><E128/><V116/><F116/><W75/><G75/><T30/><D129/><U13/><E13/><V94/><F105/><W60/><G86/><T57/><D53/><U98/><E98/><V20/><F89/><N who="3" m="55343" /><G18/><T118/><D118/><U112/><E40/><V16/><F63/><W69/><G69/><AGARI ba="1,0" hai="8,10,12,16,20,45,51,54,61,67,69,88,94,97" machi="69" ten="30,7700,0" yaku="7,1,52,1,54,2" doraHai="85" who="2" fromWho="3" sc="239,0,381,0,161,80,219,-80" /><INIT seed="2,0,0,2,2,128" ten="239,381,241,139" oya="2" hai0="26,41,39,134,120,0,12,62,100,124,84,32,16" hai1="104,69,94,20,10,63,73,131,37,88,67,55,51" hai2="107,61,125,56,112,43,72,49,95,11,77,24,59" hai3="35,25,18,30,92,19,129,50,114,91,23,57,116"/><V127/><F107/><W85/><G129/><T119/><D0/><U40/><E131/><V130/><F112/><W66/><G114/><T33/><D120/><U83/><E104/><V45/><F130/><W86/><G116/><T93/><D39/><U113/><E113/><V68/><F24/><W123/><G123/><T98/><D41/><U126/><E126/><V106/><F106/><W108/><G108/><T101/><D101/><U17/><E10/><V81/><F95/><W90/><G35/><T53/><D124/><N who="2" m="47690" /><F11/><W31/><G19/><T28/><D119/><U58/><E73/><V135/><F135/><W46/><G66/><AGARI ba="0,0" hai="43,45,49,56,59,61,66,68,72,77,81" m="47690" machi="66" ten="30,1500,0" yaku="18,1" doraHai="128" who="2" fromWho="3" sc="239,0,381,0,241,15,139,-15" /><INIT seed="2,1,0,3,4,85" ten="239,381,256,124" oya="2" hai0="0,58,124,82,133,126,94,86,88,89,102,131,39" hai1="10,36,97,9,130,37,24,21,100,76,69,30,13" hai2="66,40,61,52,42,83,99,90,65,109,8,18,63" hai3="92,80,106,5,55,71,50,95,115,38,41,68,114"/><V29/><F29/><W105/><G5/><T60/><D0/><U91/><E69/><V123/><F123/><W22/><G22/><T116/><D133/><U129/><E76/><V15/><F109/><W12/><G12/><T122/><D122/><U28/><E28/><V1/><F1/><W118/><G80/><T84/><D39/><U34/><E34/><V53/><F63/><W19/><G19/><T79/><D131/><N who="1" m="50187" /><E91/><V23/><F23/><W107/><G118/><T44/><D44/><U77/><E77/><V111/><F111/><W74/><G74/><T113/><D113/><N who="3" m="43017" /><G41/><N who="2" m="15977" /><F61/><W73/><G38/><N who="1" m="14954" /><E13/><V112/><F112/><W47/><G73/><T45/><D45/><U64/><E64/><N who="2" m="24683" /><F83/><W93/><AGARI ba="1,0" hai="47,50,55,68,71,92,93,95,105,106,107" m="43017" machi="93" ten="40,1500,0" yaku="11,1" doraHai="85" who="3" fromWho="3" sc="239,-5,381,-5,256,-8,124,18" /><INIT seed="3,0,0,0,3,85" ten="234,376,248,142" oya="3" hai0="105,112,56,24,94,95,52,6,126,50,9,71,100" hai1="41,109,114,61,10,7,106,124,128,15,62,14,122" hai2="36,99,134,132,64,108,47,23,103,39,81,43,34" hai3="1,110,42,80,84,69,135,125,33,45,31,90,25"/><W32/><G69/><T133/><D71/><U19/><E106/><V111/><F34/><W119/><G119/><T68/><D68/><U127/><E122/><V8/><F23/><W49/><G125/><N who="1" m="48202" /><E114/><V11/><F64/><W67/><G135/><N who="2" m="51753" /><F81/><W107/><G67/><T5/><D133/><U66/><E109/><N who="2" m="42059" /><F36/><W54/><G110/><T59/><D126/><U73/><E73/><V44/><F47/><W57/><G107/><AGARI ba="0,0" hai="8,11,39,43,44,99,103,107" m="42059,51753" machi="107" ten="30,2000,0" yaku="20,1,14,1" doraHai="85" who="2" fromWho="3" sc="234,0,376,0,248,20,142,-20" /><INIT seed="4,0,0,1,0,97" ten="234,376,268,122" oya="0" hai0="67,78,81,107,55,50,58,109,36,110,82,69,41" hai1="45,65,99,122,53,38,62,79,128,57,54,104,49" hai2="27,63,106,47,74,28,24,14,121,96,39,86,80" hai3="40,89,117,125,115,22,2,83,135,31,98,130,61"/><T8/><D107/><U9/><E122/><V15/><F74/><W87/><G117/><T5/><D69/><U66/><E128/><V0/><F0/><W94/><G115/><T4/><D67/><U16/><E38/><V105/><F121/><W90/><G125/><T18/><D18/><U29/><E29/><V25/><F28/><W3/><G130/><T111/><D78/><U19/><E79/><V113/><F113/><W72/><G135/><T116/><D116/><U77/><E77/><V56/><F47/><W11/><G72/><T1/><REACH who="0" step="1"/><D4/><REACH who="0" ten="224,376,268,122" step="2"/><U95/><E104/><V132/><F106/><W112/><G112/><T92/><D92/><U52/><E66/><V133/><F132/><W119/><G119/><T114/><D114/><U33/><E19/><V68/><F68/><W124/><G94/><T85/><D85/><U48/><E65/><V13/><F133/><W73/><G87/><T35/><D35/><U44/><E33/><V76/><F105/><W64/><G73/><T46/><AGARI ba="0,1" hai="1,5,8,36,41,46,50,55,58,81,82,109,110,111" machi="46" ten="40,7800,0" yaku="1,1,0,1,10,1,53,0" doraHai="97" doraHaiUra="75" who="0" fromWho="0" sc="224,88,376,-26,268,-26,122,-26" /><INIT seed="4,1,0,0,5,119" ten="312,350,242,96" oya="0" hai0="102,68,85,127,112,15,86,18,65,91,52,96,67" hai1="88,40,123,14,3,44,73,27,31,58,116,35,72" hai2="5,39,90,106,104,80,37,29,111,47,101,122,124" hai3="59,94,78,51,54,126,55,109,8,34,62,107,45"/><T108/><D112/><U135/><E116/><V19/><F111/><W133/><G109/><T75/><D75/><U23/><E123/><V46/><F5/><W22/><G107/><T71/><D108/><U50/><E135/><V16/><F29/><W105/><G105/><T131/><D131/><U56/><E3/><V66/><F66/><W83/><G133/><T38/><D38/><U6/><E72/><V42/><F124/><W113/><G126/><T33/><D33/><U17/><E73/><V98/><F122/><W4/><G34/><T118/><D118/><U60/><E6/><V13/><F104/><W53/><G113/><T49/><D71/><U0/><E0/><V64/><F64/><N who="0" m="24650" /><D102/><U99/><REACH who="1" step="1"/><E60/><REACH who="1" ten="312,340,242,96" step="2"/><V69/><F69/><W12/><G62/><T128/><D68/><U84/><E84/><V48/><F37/><W132/><G132/><T10/><D127/><U32/><E32/><V81/><F39/><W97/><G4/><T129/><D129/><U30/><E30/><V82/><F19/><W24/><G97/><T20/><D128/><U120/><E120/><V79/><F98/><W63/><G63/><T9/><D85/><U57/><E57/><V41/><F16/><N who="3" m="8199" /><G59/><N who="0" m="33167" /><D96/><U114/><E114/><V76/><F46/><W28/><G94/><AGARI ba="1,1" hai="9,10,15,18,20,86,91,94" m="33167,24650" machi="94" ten="30,5800,0" yaku="25,1,8,1,54,1" doraHai="119" who="0" fromWho="3" sc="312,71,340,0,242,0,96,-61" /><AGARI ba="1,0" hai="14,17,23,27,31,35,40,44,50,56,58,88,94,99" machi="94" ten="40,2600,0" yaku="1,1,54,1,53,0" doraHai="119" doraHaiUra="70" who="1" fromWho="3" sc="383,0,340,26,242,0,35,-26" /><INIT seed="4,2,0,3,4,88" ten="383,366,242,9" oya="0" hai0="18,62,34,106,82,22,112,21,119,12,131,24,11" hai1="2,120,54,113,95,130,69,100,67,76,77,58,43" hai2="33,63,110,117,32,28,70,68,60,8,93,49,97" hai3="134,1,89,50,87,66,42,114,53,7,31,5,19"/><T98/><D119/><U56/><E120/><V128/><F110/><W26/><G114/><T13/><D112/><U47/><E2/><V129/><F8/><W118/><G134/><T115/><D115/><U20/><E113/><V122/><F122/><W37/><G118/><T101/><D131/><U57/><E130/><V85/><F85/><W39/><G66/><T121/><D121/><U15/><E54/><V30/><F49/><W96/><G1/><T45/><D34/><U107/><E107/><V9/><F9/><W40/><G19/><T17/><D82/><U116/><E69/><V126/><F117/><W109/><G109/><T133/><D133/><U75/><E75/><V108/><F108/><W125/><G125/><T135/><D135/><U71/><E71/><V111/><F111/><W29/><G96/><T79/><D79/><U80/><E67/><V105/><F97/><W84/><G26/><T72/><D72/><U41/><E116/><V74/><F74/><W65/><G65/><T55/><D62/><U52/><E52/><V64/><F64/><W127/><G127/><T3/><D3/><U35/><E35/><V92/><REACH who="2" step="1"/><F126/><REACH who="2" ten="383,366,232,9" step="2"/><W27/><G87/><T99/><D99/><N who="1" m="59519" /><E80/><V78/><F78/><N who="1" m="30313" /><E47/><V104/><AGARI ba="2,1" hai="28,30,32,33,60,63,68,70,92,93,104,105,128,129" machi="104" ten="25,16000,3" yaku="1,1,0,1,22,2,52,2,53,2" doraHai="88" doraHaiUra="59" who="2" fromWho="2" sc="383,-82,366,-42,232,176,9,-42" owari="301,-9.9,324,12.4,408,50.8,-33,-53.3" /></mjloggm>