<mjloggm ver="2.3"><GO type="169" lobby="0"/><UN n0="%E7%9C%BC%E9%8F%A1%E3%81%AE%E7%94%B7%E3%81%AE%E5%AD%90" n1="%E3%81%86%E3%81%A9%E3%82%93%E3%81%93" n2="%76%61%6C%6B%79%72%69%65" n3="%E3%83%9C%E3%82%AF%E3%81%A1%E3%82%83%E3%82%93" dan="16,16,17,16" rate="2097.90,2095.91,2204.05,2071.84" sx="M,M,F,M"/><TAIKYOKU oya="0"/><INIT seed="0,0,0,3,1,84" ten="250,250,250,250" oya="0" hai0="125,50,124,91,58,105,95,132,46,28,135,62,106" hai1="121,92,15,87,12,44,41,40,47,27,120,30,86" hai2="77,71,24,79,117,51,1,109,96,53,99,16,48" hai3="37,85,108,133,80,38,66,35,17,122,131,104,43"/><T9/><D28/><U70/><E30/><V32/><F1/><W52/><G35/><T56/><D9/><U82/><E92/><V20/><F71/><W69/><G104/><T2/><D2/><U114/><E70/><V14/><F109/><W127/><G43/><T42/><D106/><U64/><E64/><V90/><F117/><W34/><G34/><T123/><D105/><U19/><E19/><V78/><F48/><W116/><G116/><T10/><D10/><U11/><E11/><V100/><F100/><W103/><G103/><T23/><D23/><U83/><REACH who="1" step="1"/><E27/><REACH who="1" ten="250,240,250,250" step="2"/><V76/><F24/><W55/><G66/><T101/><D101/><U8/><E8/><V134/><F16/><W39/><G17/><T129/><D95/><U67/><E67/><V65/><F65/><W107/><G69/><T29/><D29/><U7/><E7/><V128/><F76/><W113/><G107/><T88/><D129/><U112/><AGARI ba="0,1" hai="12,15,40,41,44,47,82,83,86,87,112,114,120,121" machi="112" ten="25,6400,0" yaku="1,1,0,1,22,2,53,0" doraHai="84" doraHaiUra="102" who="1" fromWho="1" sc="250,-32,240,74,250,-16,250,-16" /><INIT seed="1,0,0,5,4,100" ten="218,314,234,234" oya="1" hai0="31,42,57,89,104,62,117,52,94,71,110,114,88" hai1="134,67,80,101,27,90,15,54,108,83,9,127,61" hai2="76,13,1,92,130,125,47,0,97,55,16,95,102" hai3="85,60,119,18,33,45,113,40,121,75,82,23,103"/><U36/><E134/><V58/><F130/><W53/><G33/><T128/><D114/><U99/><E36/><V115/><F115/><W19/><G75/><T129/><D117/><U69/><E127/><V81/><F125/><W77/><G121/><T39/><D71/><U14/><E108/><V84/><F47/><W87/><G119/><T63/><D110/><U26/><E54/><V59/><F92/><W132/><G132/><T38/><D63/><U3/><E3/><V5/><F5/><W17/><G113/><T105/><D31/><U43/><E43/><V6/><F6/><W106/><G87/><T24/><D24/><U35/><E15/><V22/><REACH who="2" step="1"/><F59/><REACH who="2" ten="218,314,224,234" step="2"/><W107/><G103/><T109/><D109/><U56/><E56/><V7/><F7/><W4/><G4/><T98/><D89/><U131/><E131/><N who="0" m="50249" /><D38/><U25/><E90/><V118/><F118/><W74/><G77/><T34/><D34/><U96/><E35/><V79/><F79/><W28/><G45/><AGARI ba="0,1" hai="39,42,45,52,57,62,88,94,98,104,105" m="50249" machi="45" ten="30,8000,1" yaku="19,1,52,2,54,2" doraHai="100" who="0" fromWho="3" sc="218,90,314,0,224,0,234,-80" /><INIT seed="2,0,0,1,2,105" ten="308,314,224,154" oya="2" hai0="41,93,30,50,29,100,36,73,77,111,52,83,94" hai1="65,110,67,15,112,71,131,11,39,88,20,62,124" hai2="17,85,8,31,126,44,3,118,61,16,78,68,82" hai3="135,54,84,12,89,132,56,120,116,74,109,64,119"/><V63/><F118/><W60/><G120/><T101/><D111/><U55/><E112/><V91/><F126/><W1/><G1/><T2/><D2/><U96/><E110/><V25/><F44/><W46/><G109/><T87/><D41/><U107/><E39/><V106/><F106/><W38/><G74/><T48/><D48/><U114/><E114/><V92/><F3/><W75/><G75/><T37/><D37/><U6/><E124/><V70/><F61/><W129/><G129/><T128/><D36/><U53/><E131/><V113/><F113/><W43/><G12/><T90/><D128/><U134/><E134/><N who="3" m="51242" /><G64/><T81/><D81/><AGARI ba="0,0" hai="38,43,46,54,56,60,81,84,89,116,119" m="51242" machi="81" ten="30,1000,0" yaku="20,1" doraHai="105" who="3" fromWho="0" sc="308,-10,314,0,224,0,154,10" /><INIT seed="3,0,0,3,0,34" ten="298,314,224,164" oya="3" hai0="115,50,92,20,76,1,117,100,47,69,57,46,84" hai1="81,19,93,9,28,74,63,38,12,106,64,82,58" hai2="51,129,49,23,48,107,35,108,77,110,55,36,31" hai3="95,118,75,7,72,98,18,21,131,86,94,33,113"/><W116/><G33/><T11/><D69/><U42/><E106/><V73/><F129/><W101/><G131/><T111/><D117/><U30/><E38/><V122/><F122/><W99/><G113/><T16/><D111/><N who="2" m="42538" /><F35/><W88/><G7/><T6/><D115/><U59/><E42/><V52/><F36/><W109/><G109/><T0/><D0/><U79/><E93/><V45/><F107/><N who="3" m="63927" /><G21/><T14/><D76/><U15/><E81/><N who="2" m="45231" /><F45/><W124/><G18/><T4/><D4/><U13/><E13/><V66/><F66/><W68/><G68/><T121/><D121/><U3/><E3/><V103/><F103/><N who="3" m="60919" /><G124/><T91/><D100/><U112/><E112/><V5/><F5/><W104/><G104/><T126/><D126/><U41/><E41/><V123/><F123/><W2/><G2/><T127/><D127/><U10/><REACH who="1" step="1"/><E59/><REACH who="1" ten="298,304,224,164" step="2"/><V78/><F78/><W8/><G8/><T132/><D132/><U61/><E61/><V27/><AGARI ba="0,1" hai="23,27,31,48,49,51,52,55" m="45231,42538" machi="27" ten="40,2700,0" yaku="14,1,54,1" doraHai="34" who="2" fromWho="2" sc="298,-7,304,-7,224,37,164,-13" /><INIT seed="4,0,0,4,3,125" ten="291,297,261,151" oya="0" hai0="91,121,75,45,46,59,43,21,22,54,31,103,28" hai1="95,1,44,12,57,132,27,64,93,52,134,41,94" hai2="126,49,15,48,101,83,5,123,76,8,47,38,11" hai3="58,33,113,112,108,36,13,99,24,19,129,26,104"/><T127/><D121/><U96/><E1/><V73/><F123/><W97/><G108/><T120/><D120/><U114/><E27/><N who="3" m="10282" /><G33/><T78/><D127/><U100/><E64/><V90/><F126/><W65/><G36/><T107/><D46/><U85/><E12/><V74/><F74/><W69/><G69/><T81/><D107/><U80/><E114/><N who="3" m="44138" /><G104/><T72/><D103/><U109/><E109/><V86/><F101/><W116/><G116/><T88/><D75/><U117/><E117/><V17/><F38/><W51/><G65/><T55/><D21/><U122/><E122/><V82/><F47/><W23/><G129/><T62/><D55/><AGARI ba="0,0" hai="13,19,23,51,55,58,97,99" m="44138,10282" machi="55" ten="30,1000,0" yaku="15,1" doraHai="125" who="3" fromWho="0" sc="291,-10,297,0,261,0,151,10" /><INIT seed="5,0,0,3,1,121" ten="281,297,261,161" oya="1" hai0="6,115,42,62,130,84,55,77,56,88,58,98,79" hai1="18,1,14,69,31,125,41,122,135,112,86,61,132" hai2="60,74,9,78,27,80,93,73,53,103,100,10,8" hai3="95,82,16,0,15,24,34,91,30,118,3,64,92"/><U26/><E1/><V134/><F134/><N who="1" m="51241" /><E122/><V57/><F74/><W101/><G118/><T47/><D115/><U120/><E120/><V81/><F81/><W114/><G114/><T54/><D130/><U51/><E112/><V5/><F5/><W7/><G7/><T49/><D98/><U65/><E86/><V36/><F36/><W124/><G124/><T35/><D35/><U104/><E104/><V63/><F63/><W28/><G28/><T33/><D33/><N who="1" m="20727" /><E125/><V133/><F133/><W75/><G64/><T67/><D67/><U39/><E39/><V105/><F105/><W37/><G37/><T127/><D6/><U71/><E51/><V17/><F93/><W40/><G40/><T20/><D20/><N who="1" m="11351" /><E41/><V76/><F76/><W11/><G95/><N who="0" m="54663" /><D127/><U4/><E4/><V72/><F72/><W13/><G101/><T126/><D126/><U22/><E22/><V48/><F100/><W83/><G15/><T96/><D96/><U23/><E23/><V117/><F103/><W32/><G32/><T38/><D38/><U97/><E97/><V94/><F73/><W46/><G3/><T99/><D99/><U123/><E123/><V68/><F94/><W102/><G0/><T21/><D21/><U119/><E119/><V108/><F117/><W116/><G116/><T25/><D25/><U90/><E90/><V70/><F27/><W43/><G102/><T66/><D42/><U85/><E85/><V113/><F113/><W106/><G106/><T45/><D45/><U109/><E71/><V111/><F70/><W29/><G75/><T87/><D87/><RYUUKYOKU ba="0,0" sc="281,15,297,15,261,-15,161,-15" hai0="47,49,54,55,56,58,62,66,77,79" hai1="61,65,69,109" /><INIT seed="5,1,0,4,4,51" ten="296,312,246,146" oya="1" hai0="45,115,73,91,4,110,11,62,20,15,8,96,23" hai1="48,64,121,89,83,13,79,116,49,41,59,55,106" hai2="93,58,9,69,30,86,126,130,26,10,111,74,12" hai3="99,16,85,70,50,112,114,129,124,101,104,57,25"/><U84/><E116/><V98/><F111/><W6/><G70/><T60/><D110/><U75/><E106/><V87/><F130/><W71/><G71/><T54/><D73/><U72/><E121/><V82/><F69/><W19/><G129/><T128/><D128/><U78/><E64/><V94/><F126/><W47/><G57/><T92/><D115/><N who="3" m="44073" /><G124/><T100/><D11/><U97/><E75/><V0/><F0/><W81/><G6/><T5/><D5/><U102/><E72/><V18/><F9/><W40/><G25/><T34/><D34/><U63/><E13/><V67/><F74/><W33/><G33/><T27/><D100/><U65/><E49/><V38/><F38/><W108/><G108/><T123/><D123/><U3/><E41/><V103/><F93/><W135/><G135/><T43/><D20/><U122/><E3/><V31/><F82/><W46/><G46/><T28/><REACH who="0" step="1"/><D54/><REACH who="0" ten="286,312,246,146" step="2"/><U113/><E122/><V109/><F109/><W22/><G22/><T14/><D14/><U90/><E102/><V132/><F132/><W17/><G17/><T36/><AGARI ba="1,1" hai="4,8,15,23,27,28,36,43,45,60,62,91,92,96" machi="36" ten="20,2700,0" yaku="1,1,0,1,7,1,53,0" doraHai="51" doraHaiUra="131" who="0" fromWho="0" sc="286,40,312,-14,246,-8,146,-8" /><INIT seed="6,0,0,2,3,132" ten="326,298,238,138" oya="2" hai0="57,126,73,120,2,48,93,11,58,52,97,9,20" hai1="29,50,1,121,3,30,71,89,122,99,70,49,59" hai2="37,92,51,45,128,87,111,125,114,43,74,54,107" hai3="64,31,91,10,6,24,7,108,23,105,83,17,78"/><V34/><F107/><W80/><G108/><T90/><D120/><N who="1" m="46187" /><E99/><V15/><F74/><W53/><G105/><T82/><D126/><U12/><E12/><V127/><F34/><W22/><G64/><T67/><D2/><N who="1" m="523" /><E59/><V5/><F111/><W119/><G119/><T35/><D35/><U4/><E89/><N who="2" m="53311" /><F114/><W130/><G130/><T66/><D73/><U13/><E13/><V28/><F28/><N who="1" m="10857" /><E4/><V55/><F128/><W109/><G109/><T21/><D58/><U134/><E134/><V8/><F51/><AGARI ba="0,0" hai="49,50,51,70,71" m="10857,523,46187" machi="51" ten="40,5200,0" yaku="28,2,13,1" doraHai="132" who="1" fromWho="2" sc="326,0,298,52,238,-52,138,0" /><INIT seed="7,0,0,3,2,83" ten="326,350,186,138" oya="3" hai0="37,43,130,59,7,17,103,89,32,0,11,35,5" hai1="77,50,46,8,121,98,31,58,107,124,105,115,27" hai2="42,9,93,91,19,16,62,56,95,4,78,70,52" hai3="40,65,99,129,118,34,67,3,71,54,51,60,57"/><W86/><G34/><T55/><D103/><U116/><E115/><V73/><F70/><W29/><G3/><T68/><D68/><U133/><E133/><V44/><F78/><W135/><G135/><T53/><D7/><U94/><E124/><V90/><F73/><W109/><G118/><T110/><D110/><U126/><E58/><V10/><F93/><W14/><G109/><T131/><D43/><U24/><E126/><V25/><F25/><W108/><G108/><T30/><D37/><U66/><E66/><V125/><F125/><W23/><G129/><T80/><D55/><U6/><E77/><V101/><F101/><W81/><G99/><T72/><D17/><U82/><E82/><V97/><F91/><W76/><G40/><T128/><D30/><U85/><E85/><V61/><F61/><W114/><G114/><T36/><D36/><U75/><E27/><V122/><F122/><W102/><G102/><T20/><D20/><N who="1" m="15751" /><E75/><V100/><F100/><W96/><G96/><T64/><D64/><U63/><E63/><V84/><F97/><W1/><G67/><T120/><D120/><U87/><E87/><V132/><F132/><W92/><G92/><T18/><D18/><U106/><E116/><V21/><F21/><W49/><G1/><T2/><D2/><N who="1" m="87" /><E121/><V69/><F69/><W41/><G29/><T12/><D0/><U113/><E113/><V15/><F10/><W38/><G38/><AGARI ba="0,0" hai="4,9,15,16,19,38,42,44,52,56,62,84,90,95" machi="38" ten="30,7700,0" yaku="7,1,52,1,54,2" doraHai="83" who="2" fromWho="3" sc="326,0,350,0,186,77,138,-77" owari="326,12.6,350,45.0,263,-13.7,61,-43.9" /></mjloggm>