<mjloggm ver="2.3"><GO type="169" lobby="0"/><UN n0="%E4%BA%BA%E7%8B%BC" n1="%61%6E%79%61%64%72%61" n2="%E5%A4%96%E5%B7%9D%E7%AB%9C%E6%88%90" n3="%67%61%79%75%6E%79" dan="16,16,16,17" rate="2048.19,2098.39,2170.58,2204.64" sx="M,M,M,M"/><TAIKYOKU oya="0"/><INIT seed="0,0,0,2,2,43" ten="250,250,250,250" oya="0" hai0="41,10,97,80,128,17,88,121,94,64,68,69,126" hai1="107,24,61,27,70,36,122,62,60,18,117,5,25" hai2="84,4,124,71,134,130,29,44,105,16,67,120,37" hai3="96,89,22,129,73,79,133,11,6,21,20,14,91"/><T55/><D121/><U48/><E117/><V33/><F120/><W58/><G129/><T26/><D126/><U131/><E122/><V13/><F105/><W77/><G133/><T112/><D112/><U3/><E36/><V83/><F130/><W99/><G58/><T28/><D128/><U59/><E131/><V119/><F134/><W98/><REACH who="3" step="1"/><G73/><REACH who="3" ten="250,250,250,240" step="2"/><T15/><D68/><U7/><E70/><V100/><F71/><W111/><G111/><T31/><D69/><U75/><E75/><V19/><F124/><W81/><G81/><T32/><D80/><U76/><E59/><V82/><F82/><W114/><G114/><T135/><D135/><U116/><E116/><V65/><F119/><W8/><G8/><T39/><D64/><U40/><E76/><AGARI ba="0,1" hai="6,11,14,20,21,22,76,77,79,89,91,96,98,99" machi="76" ten="40,2600,0" yaku="1,1,8,1,53,0" doraHai="43" doraHaiUra="108" who="3" fromWho="1" sc="250,0,250,-26,250,0,240,36" /><INIT seed="1,0,0,5,3,3" ten="250,224,250,276" oya="1" hai0="61,46,64,13,130,16,11,135,18,127,72,32,76" hai1="29,97,90,37,19,110,95,75,113,10,27,106,67" hai2="58,73,87,54,49,88,123,42,109,83,79,89,133" hai3="118,117,82,47,31,125,86,74,78,107,98,22,112"/><U63/><E113/><V41/><F123/><W108/><G112/><T14/><D127/><U26/><E37/><V0/><F109/><W59/><G108/><T45/><D130/><U122/><E122/><V128/><F128/><W101/><G125/><T84/><D135/><U57/><E75/><V39/><F133/><W48/><G59/><T15/><D32/><U51/><E110/><V105/><F105/><W33/><G33/><T65/><D72/><U53/><E106/><V1/><F89/><W20/><G74/><T38/><D38/><U129/><E129/><V66/><F66/><N who="0" m="25706" /><D61/><U119/><E119/><N who="3" m="45578" /><G31/><T68/><D68/><U56/><REACH who="1" step="1"/><E29/><REACH who="1" ten="250,214,250,276" step="2"/><V111/><F111/><W35/><G35/><T5/><D76/><U71/><E71/><V21/><F39/><W92/><G107/><T7/><D84/><U114/><E114/><V36/><F36/><W30/><G30/><T8/><D18/><U25/><E25/><V132/><F132/><W24/><G24/><T96/><D96/><U6/><E6/><V104/><F104/><W60/><G60/><T93/><D93/><U17/><E17/><V80/><F73/><W102/><G102/><T9/><AGARI ba="0,1" hai="5,7,8,9,11,13,14,15,16,45,46" m="25706" machi="9" ten="30,7900,0" yaku="8,1,52,2,54,1" doraHai="3" who="0" fromWho="0" sc="250,89,214,-39,250,-20,276,-20" /><INIT seed="2,0,0,2,1,73" ten="339,175,230,256" oya="2" hai0="65,16,89,21,86,123,66,46,90,83,132,124,44" hai1="37,63,113,109,69,42,10,103,91,31,95,11,3" hai2="126,34,0,106,98,17,58,84,97,4,107,60,30" hai3="57,96,45,47,116,111,129,105,6,121,114,135,81"/><V12/><F126/><W88/><G6/><T71/><D123/><U62/><E113/><V23/><F84/><W115/><G57/><T50/><D124/><U77/><E109/><V19/><F19/><W59/><G59/><T110/><D110/><U101/><E31/><V52/><F107/><W64/><G64/><N who="0" m="24683" /><D132/><U104/><E69/><V82/><F82/><W26/><G26/><N who="0" m="14631" /><D71/><U43/><E104/><V36/><F36/><W78/><G47/><N who="0" m="17963" /><D50/><U22/><E37/><V120/><F120/><W56/><G45/><T20/><D20/><U94/><E22/><V68/><F68/><W39/><G56/><T75/><D75/><U14/><E14/><V74/><F74/><N who="3" m="43223" /><G39/><T93/><D93/><U2/><REACH who="1" step="1"/><E91/><AGARI ba="0,0" hai="83,86,89,90,91" m="17963,14631,24683" machi="91" ten="30,2000,0" yaku="8,1,54,1" doraHai="73" who="0" fromWho="1" sc="339,20,175,-20,230,0,256,0" /><INIT seed="3,0,0,5,4,3" ten="359,155,230,256" oya="3" hai0="14,129,80,64,51,74,97,122,1,108,53,94,19" hai1="114,115,57,58,88,134,135,36,109,24,76,89,4" hai2="40,132,54,39,49,34,33,21,87,66,45,10,105" hai3="37,78,61,31,48,29,123,124,133,55,38,41,127"/><W13/><G123/><T95/><D122/><U46/><E109/><V26/><F105/><W82/><G133/><N who="1" m="50698" /><E76/><V25/><F132/><W56/><G41/><T7/><D108/><U70/><E70/><V106/><F106/><W111/><G111/><T83/><D129/><U44/><E24/><V68/><F87/><W118/><G118/><T101/><D64/><U50/><E36/><V35/><F10/><W9/><G61/><T81/><D74/><U65/><E4/><V107/><F107/><W69/><G69/><T130/><D130/><U63/><E57/><N who="2" m="32975" /><F21/><W90/><G90/><N who="1" m="34922" /><E44/><V110/><F110/><W77/><G38/><T113/><D113/><U103/><E103/><V12/><F12/><W119/><G37/><T17/><D95/><U28/><E28/><V52/><F25/><W2/><G119/><T100/><D1/><U18/><E18/><V11/><F26/><W96/><G2/><T43/><D43/><AGARI ba="0,0" hai="43,46,50,58,63,65,114,115" m="34922,50698" machi="43" ten="30,2000,0" yaku="20,1,54,1" doraHai="3" who="1" fromWho="0" sc="359,-20,155,20,230,0,256,0" /><INIT seed="4,0,0,5,4,65" ten="339,175,230,256" oya="0" hai0="69,26,99,85,13,34,71,127,44,132,122,12,59" hai1="110,112,22,62,49,40,54,75,31,18,106,130,131" hai2="48,64,77,7,119,105,116,1,87,82,4,66,103" hai3="76,67,111,108,5,74,28,78,115,45,124,120,126"/><T16/><D122/><U53/><E110/><V24/><F48/><W6/><G67/><N who="2" m="25641" /><F1/><W51/><G28/><T43/><D127/><N who="3" m="48681" /><G115/><T23/><D132/><U135/><E75/><V63/><F63/><W55/><G120/><T68/><D59/><U0/><E0/><V123/><F123/><W83/><G78/><T100/><D85/><U33/><E106/><V102/><F24/><W73/><G73/><T114/><D114/><U56/><E112/><V30/><F30/><W129/><G129/><T35/><D35/><U27/><E40/><V19/><F19/><W97/><G97/><T125/><D34/><U96/><E96/><N who="2" m="61639" /><F103/><W20/><G20/><T118/><D118/><AGARI ba="0,0" hai="4,7,77,82,87,116,118,119" m="61639,25641" machi="118" ten="30,1000,0" yaku="12,1" doraHai="65" who="2" fromWho="0" sc="339,-10,175,0,230,10,256,0" /><INIT seed="5,0,0,1,0,119" ten="329,175,240,256" oya="1" hai0="39,115,92,120,33,78,34,3,114,48,117,10,67" hai1="104,85,73,63,123,109,91,35,44,31,99,100,88" hai2="8,13,1,24,97,28,71,15,25,69,86,102,125" hai3="60,80,2,132,81,84,22,7,90,11,124,23,98"/><U134/><E134/><V46/><F125/><W45/><G124/><T47/><D117/><U103/><E109/><V51/><F1/><W36/><G132/><T55/><D78/><U94/><E35/><V52/><F71/><W19/><G98/><T87/><D67/><U21/><E73/><V130/><F69/><W72/><G60/><T49/><D39/><U135/><E135/><V56/><F130/><W66/><G66/><T4/><D87/><U32/><E32/><V59/><F86/><W131/><G19/><T0/><D0/><U20/><E63/><V50/><F28/><W129/><G23/><T70/><D70/><U79/><E44/><V127/><F15/><W121/><G22/><T27/><D92/><U83/><E123/><V106/><F127/><W61/><G61/><T113/><D27/><U76/><E103/><V6/><REACH who="2" step="1"/><F59/><REACH who="2" ten="329,175,230,256" step="2"/><W74/><G121/><T93/><D120/><U43/><E43/><AGARI ba="0,1" hai="6,8,13,24,25,43,46,50,51,52,56,97,102,106" machi="43" ten="30,7700,0" yaku="1,1,2,1,7,1,54,1,53,0" doraHai="119" doraHaiUra="112" who="2" fromWho="1" sc="329,0,175,-77,230,87,256,0" /><INIT seed="6,0,0,1,4,131" ten="329,98,317,256" oya="2" hai0="90,79,98,129,10,8,112,12,5,36,101,124,26" hai1="25,39,97,52,62,66,125,35,4,100,47,2,32" hai2="92,75,102,34,60,77,68,117,113,116,15,126,110" hai3="81,23,82,18,80,41,24,21,67,13,114,49,40"/><V104/><F92/><W122/><G122/><T83/><D112/><U84/><E125/><V118/><F15/><W42/><G114/><T108/><D108/><U44/><E39/><V16/><F16/><W61/><G49/><T11/><D129/><U121/><E121/><V94/><F94/><W31/><REACH who="3" step="1"/><G42/><REACH who="3" ten="329,98,317,246" step="2"/><T87/><D36/><U22/><E84/><V128/><F113/><W54/><G54/><T64/><D124/><U37/><E37/><V58/><F126/><W134/><G134/><T0/><D87/><U9/><E47/><V123/><F123/><W133/><G133/><T103/><D8/><U38/><E38/><V27/><F128/><W73/><G73/><T51/><D10/><U53/><E44/><V17/><F75/><W115/><G115/><T91/><D11/><U96/><E35/><V107/><F34/><W86/><G86/><T71/><D51/><U93/><E32/><V65/><F118/><W29/><G29/><T72/><D72/><U109/><E97/><V48/><F117/><W70/><AGARI ba="0,1" hai="13,18,21,23,24,31,40,41,61,67,70,80,81,82" machi="70" ten="30,2000,0" yaku="1,1,0,1,53,0" doraHai="131" doraHaiUra="43" who="3" fromWho="3" sc="329,-5,98,-5,317,-10,246,30" /><INIT seed="7,0,0,4,4,108" ten="324,93,307,276" oya="3" hai0="9,33,51,43,126,111,58,135,36,48,69,105,0" hai1="101,131,55,57,70,26,52,134,30,32,20,121,118" hai2="53,85,125,5,119,42,45,99,13,61,28,1,18" hai3="15,8,4,124,40,16,107,46,59,112,81,34,71"/><W132/><G71/><T78/><D111/><U7/><E121/><V103/><F119/><W50/><G124/><T62/><D105/><U25/><E131/><V122/><F122/><W123/><G123/><T90/><D33/><U65/><E134/><V79/><F125/><W91/><G107/><T128/><D126/><U106/><E118/><V39/><F28/><W49/><G34/><T98/><D135/><U104/><E7/><V75/><F85/><N who="3" m="50607" /><G112/><T100/><D78/><U80/><E80/><N who="2" m="45183" /><F18/><W22/><G132/><T63/><D69/><U11/><E11/><N who="2" m="2479" /><F13/><N who="3" m="9487" /><G59/><T97/><D58/><U74/><E74/><V31/><F31/><W23/><G50/><T95/><D128/><U19/><E57/><N who="2" m="34991" /><F99/><W56/><G56/><T14/><D0/><U17/><E17/><V35/><F35/><W113/><G113/><T120/><D120/><U29/><E19/><V116/><F116/><W12/><G12/><T102/><D98/><U114/><E114/><V67/><F67/><W68/><G68/><T93/><D48/><U10/><E10/><V127/><F127/><W66/><G66/><T115/><D51/><U129/><E129/><V64/><F64/><W109/><G109/><T72/><D115/><U110/><E110/><V94/><F103/><W27/><G23/><T38/><D72/><U83/><E83/><V77/><F77/><W44/><G27/><T73/><D73/><U92/><E106/><V60/><F60/><N who="0" m="23082" /><D102/><U84/><E104/><V6/><F94/><W21/><G21/><T89/><D100/><U37/><E101/><V24/><F24/><W96/><G96/><RYUUKYOKU ba="0,0" sc="324,-15,93,-15,307,15,276,15" hai2="6,39,42,45" hai3="4,8,15,40,44,46,49" /><INIT seed="7,1,0,3,2,14" ten="309,78,322,291" oya="3" hai0="112,92,25,49,60,133,105,114,84,3,102,11,129" hai1="68,69,71,126,74,83,24,40,104,9,16,57,131" hai2="43,28,116,12,13,30,122,101,121,31,109,87,37" hai3="110,33,52,62,111,107,99,20,27,117,67,88,21"/><W94/><G117/><T66/><D129/><U98/><E126/><V44/><F116/><W5/><G5/><N who="0" m="1471" /><D49/><U35/><E131/><V42/><F109/><N who="3" m="41483" /><G107/><T91/><D25/><U86/><E74/><V4/><F101/><W22/><G52/><T120/><D120/><N who="2" m="46186" /><F87/><W78/><G78/><T39/><D39/><U53/><E40/><N who="2" m="22543" /><F13/><W113/><G113/><N who="0" m="43627" /><D133/><U73/><E73/><V119/><F119/><W45/><G45/><T96/><D60/><U61/><E35/><V54/><F54/><W32/><G27/><T47/><D47/><U100/><E9/><AGARI ba="1,0" hai="4,9,12,28,30,31,42,43" m="22543,46186" machi="9" ten="30,1000,0" yaku="13,1" doraHai="14" who="2" fromWho="1" sc="309,0,78,-13,322,13,291,0" owari="309,10.9,65,-43.5,335,43.5,291,-10.9" /></mjloggm>