<mjloggm ver="2.3"><GO type="169" lobby="0"/><UN n0="%E7%A9%B4%E7%8C%AB" n1="%E3%81%BF%E3%81%8B%E3%81%82" n2="%28%E9%83%A8%E9%95%B7%29" n3="%E6%88%91%E5%8F%AF%E4%BB%A5" dan="16,16,16,16" rate="2109.56,2007.81,2103.25,2116.99" sx="M,M,M,M"/><TAIKYOKU oya="0"/><INIT seed="0,0,0,1,1,96" ten="250,250,250,250" oya="0" hai0="115,27,49,3,76,14,90,9,118,35,39,45,62" hai1="109,121,135,57,65,122,33,46,82,42,26,126,72" hai2="132,24,29,113,55,16,75,41,6,40,111,12,30" hai3="95,83,17,79,103,53,32,133,61,23,37,108,107"/><T1/><D115/><U28/><E109/><V60/><F113/><W102/><G32/><T85/><D118/><U101/><E126/><V67/><F75/><W80/><G108/><T38/><D76/><U97/><E135/><V98/><F111/><W59/><G37/><T104/><D104/><U130/><E130/><V36/><F132/><W7/><G133/><T8/><D62/><U87/><E57/><V127/><F6/><W22/><G22/><T92/><D35/><U64/><E72/><V69/><F127/><W34/><G34/><T88/><D27/><U73/><E73/><V93/><F55/><W43/><G43/><T94/><D38/><U10/><E10/><V11/><F36/><W128/><G107/><T54/><D39/><U20/><E33/><V70/><F70/><W47/><G7/><T84/><D9/><U91/><E46/><V44/><F44/><W19/><G47/><T52/><D54/><U119/><E42/><V50/><F50/><W77/><G95/><T13/><D13/><U89/><E119/><V2/><F2/><W129/><G23/><T0/><D0/><U58/><E122/><V66/><F66/><W71/><G71/><T5/><AGARI ba="0,0" hai="1,3,5,8,14,45,49,52,84,85,88,90,92,94" machi="5" ten="20,12000,1" yaku="0,1,7,1,9,1,54,2" doraHai="96" who="0" fromWho="0" sc="250,120,250,-40,250,-40,250,-40" /><INIT seed="0,1,0,4,2,71" ten="370,210,210,210" oya="0" hai0="40,19,10,45,131,82,9,92,38,98,72,116,107" hai1="58,86,115,14,95,96,60,93,80,26,39,127,73" hai2="64,126,76,99,50,123,69,1,53,62,41,29,110" hai3="109,117,17,112,55,47,7,135,63,46,18,130,13"/><T56/><D116/><U24/><E73/><V43/><F1/><W75/><G75/><T15/><D107/><U113/><E14/><V91/><F76/><W108/><G117/><T78/><D131/><U3/><E3/><V114/><F123/><W90/><G112/><N who="1" m="43082" /><E95/><V32/><F114/><W128/><G90/><T132/><D132/><U23/><E23/><V34/><F110/><N who="3" m="42603" /><G7/><T111/><D111/><U105/><E105/><V33/><F126/><W49/><G135/><T30/><D56/><U101/><E39/><V87/><F99/><W119/><G119/><T2/><D30/><U61/><E61/><V94/><REACH who="2" step="1"/><F29/><REACH who="2" ten="370,210,200,210" step="2"/><W65/><G128/><T85/><D2/><U74/><E127/><V16/><F16/><W59/><G18/><T35/><D72/><U121/><E121/><V79/><F79/><W22/><G130/><T129/><D129/><U52/><E74/><V89/><F89/><AGARI ba="1,1" hai="24,26,52,58,60,80,86,89,93,96,101" m="43082" machi="89" ten="30,2000,0" yaku="11,1,54,1" doraHai="71" who="1" fromWho="2" sc="370,0,210,33,200,-23,210,0" /><INIT seed="1,0,0,1,4,45" ten="370,243,177,210" oya="1" hai0="78,89,133,85,64,6,130,11,21,70,32,110,7" hai1="121,8,132,98,43,107,3,71,83,12,74,39,53" hai2="42,88,112,17,84,129,76,86,22,69,91,24,66" hai3="9,106,122,57,48,40,18,73,49,97,109,30,80"/><U96/><E121/><V13/><F129/><W36/><G122/><T35/><D78/><U10/><E132/><V28/><F112/><W27/><G109/><T126/><D130/><U58/><E71/><V123/><F123/><W128/><G128/><T38/><D38/><U120/><E10/><V100/><F100/><W116/><G116/><T65/><D133/><U37/><E3/><V25/><F42/><W46/><G73/><T101/><D101/><U87/><E43/><V79/><F69/><W118/><G80/><T19/><D110/><U14/><E14/><V20/><F66/><W50/><G118/><T67/><D126/><U1/><E1/><V82/><REACH who="2" step="1"/><F24/><REACH who="2" ten="370,243,167,210" step="2"/><W4/><G106/><T41/><D41/><U59/><E107/><V92/><AGARI ba="0,1" hai="13,17,20,22,25,28,76,79,82,84,86,88,91,92" machi="92" ten="20,12000,2" yaku="1,1,2,1,0,1,7,1,8,1,54,1,53,0" doraHai="45" doraHaiUra="103" who="2" fromWho="2" sc="370,-30,243,-60,167,130,210,-30" /><INIT seed="2,0,0,1,5,65" ten="340,183,297,180" oya="2" hai0="12,99,86,112,87,113,108,102,60,106,31,35,42" hai1="17,16,88,129,1,59,44,120,71,91,80,73,25" hai2="43,62,135,123,121,3,77,19,33,132,83,9,92" hai3="57,114,14,84,38,111,27,61,2,55,11,109,56"/><V13/><F43/><W8/><G38/><T54/><D42/><U0/><E44/><V28/><F92/><W46/><G114/><T37/><D37/><U82/><E59/><V124/><F62/><W24/><G46/><T128/><D108/><U68/><E25/><N who="2" m="18575" /><F83/><W131/><G131/><T45/><D128/><U21/><E129/><V116/><F77/><W127/><G127/><T4/><D35/><U133/><E21/><N who="2" m="11503" /><F116/><W98/><G98/><T63/><D31/><U26/><E26/><V69/><F69/><W97/><G97/><T39/><D39/><U20/><E20/><V41/><F41/><W53/><G84/><N who="0" m="32299" /><D45/><U105/><E105/><V64/><F64/><W18/><G109/><T119/><D119/><U10/><E10/><V75/><F75/><W15/><G111/><T66/><D54/><U5/><E5/><N who="2" m="1215" /><F124/><W126/><G126/><T49/><D49/><U125/><E125/><V50/><F50/><W93/><G93/><T78/><D78/><U76/><E76/><V100/><F100/><W101/><G101/><T95/><D106/><U70/><E70/><V118/><F118/><W51/><REACH who="3" step="1"/><G2/><REACH who="3" ten="340,183,297,170" step="2"/><T47/><D47/><U72/><REACH who="1" step="1"/><E120/><AGARI ba="0,1" hai="120,121,123,132,135" m="1215,11503,18575" machi="120" ten="30,5800,0" yaku="24,1,34,2" doraHai="65" who="2" fromWho="1" sc="340,0,183,-58,297,68,170,0" /><INIT seed="2,1,0,2,5,65" ten="340,125,365,170" oya="2" hai0="108,41,51,72,24,87,98,107,66,97,93,11,50" hai1="99,120,33,131,7,47,17,122,45,69,3,37,39" hai2="77,2,113,57,121,64,126,40,106,76,20,10,48" hai3="30,74,60,38,117,125,62,110,34,49,114,70,59"/><V118/><F113/><W67/><G74/><T42/><D72/><U103/><E33/><V46/><F118/><W128/><G34/><T8/><D107/><N who="1" m="63999" /><E17/><V54/><F121/><N who="1" m="46697" /><E131/><V123/><F123/><W26/><G128/><T75/><D75/><U22/><E22/><V6/><F126/><W92/><G125/><T81/><D108/><U58/><E58/><V102/><F64/><W134/><G38/><T1/><D66/><U18/><E18/><V4/><F4/><W116/><G114/><T52/><D1/><U61/><E47/><V14/><F2/><W32/><G110/><T78/><D24/><U124/><E45/><V109/><F20/><W105/><G105/><T82/><D78/><U115/><E115/><V84/><F109/><W36/><G36/><T96/><D50/><U13/><E13/><V16/><F6/><W100/><G49/><T135/><D11/><N who="1" m="2559" /><E124/><V80/><F106/><W127/><G127/><T68/><D8/><U53/><E53/><V43/><F102/><W95/><G100/><T71/><D52/><U31/><E31/><V91/><REACH who="2" step="1"/><F40/><REACH who="2" ten="340,125,355,170" step="2"/><W85/><G32/><T12/><D42/><U79/><E79/><V5/><F5/><W104/><G104/><T9/><D41/><U89/><E89/><V73/><F73/><W55/><G116/><T15/><D135/><U129/><E129/><V29/><F29/><W56/><G117/><T19/><D19/><U25/><E25/><V101/><F101/><W94/><G134/><T133/><D133/><U88/><E88/><V27/><F27/><W86/><G26/><T119/><D119/><RYUUKYOKU ba="1,1" sc="340,-15,125,15,355,15,170,-15" hai1="37,39,61,69" hai2="10,14,16,43,46,48,54,57,76,77,80,84,91" /><INIT seed="2,2,1,5,1,30" ten="325,140,370,155" oya="2" hai0="37,97,131,90,83,121,16,45,133,111,116,10,125" hai1="21,67,135,75,73,20,134,103,33,49,36,101,112" hai2="29,41,94,2,24,106,114,100,120,102,122,78,76" hai3="11,52,95,61,77,34,104,14,81,15,31,109,35"/><V27/><F2/><W74/><G104/><T80/><D121/><U98/><E36/><V68/><F114/><W39/><G39/><T70/><D70/><U85/><E112/><V115/><F115/><W44/><G109/><T0/><D0/><U5/><E85/><V86/><F68/><W79/><G79/><T93/><D111/><U55/><E67/><V107/><F29/><W110/><G31/><T108/><D108/><U25/><E5/><V32/><F86/><W38/><G110/><T50/><D37/><U113/><E25/><V128/><F94/><W23/><G95/><T51/><D131/><U48/><E55/><V63/><F63/><W56/><G23/><T71/><D71/><U84/><E84/><V57/><F57/><W9/><G44/><T1/><D1/><U17/><E113/><V40/><F128/><W13/><REACH who="3" step="1"/><G38/><REACH who="3" ten="325,140,370,145" step="2"/><T105/><D105/><U119/><E119/><V69/><F69/><W18/><G18/><T91/><D116/><U47/><E17/><V62/><F62/><W124/><G124/><T42/><D125/><U72/><E72/><V26/><F26/><W127/><G127/><T28/><D28/><U7/><E75/><V12/><F24/><W54/><G54/><T82/><D51/><U129/><E129/><V92/><F27/><W89/><G89/><N who="0" m="55471" /><D133/><U99/><E73/><V66/><F92/><W117/><G117/><T60/><D60/><U53/><E47/><V4/><F107/><W132/><G132/><T96/><D96/><U19/><E53/><V8/><F106/><W43/><G43/><T22/><D22/><RYUUKYOKU ba="2,2" sc="325,15,140,-15,370,-15,145,15" hai0="10,16,42,45,50,80,82,83,90,91" hai3="9,11,13,14,15,34,35,52,56,61,74,77,81" /><INIT seed="3,3,2,1,5,81" ten="340,125,355,160" oya="3" hai0="91,102,116,27,119,41,6,38,68,123,109,132,129" hai1="30,121,10,18,28,61,58,127,43,32,76,93,17" hai2="124,45,50,96,60,73,94,49,59,99,23,39,89" hai3="100,55,131,83,35,20,57,95,65,113,0,101,62"/><W5/><G113/><T21/><D123/><U105/><E105/><V79/><F124/><W98/><G35/><T34/><D68/><U120/><E43/><V112/><F112/><W110/><G131/><T126/><D34/><U74/><E127/><V46/><F73/><W4/><G110/><T3/><D126/><U106/><E106/><V44/><F39/><W42/><G42/><T135/><D102/><U86/><E18/><V37/><F37/><W122/><G122/><T88/><D109/><U66/><E74/><V9/><F79/><W117/><G117/><N who="0" m="45131" /><D129/><U133/><E32/><V103/><F9/><W64/><G100/><T97/><D3/><U53/><E133/><N who="0" m="51273" /><D6/><N who="3" m="2665" /><G0/><T47/><D97/><U104/><E104/><V29/><F96/><W75/><G75/><T7/><D7/><U63/><E121/><V14/><F103/><W69/><G69/><T33/><D33/><U16/><E120/><V54/><F14/><W1/><G1/><T51/><D38/><U52/><E10/><V85/><F99/><W77/><G20/><T8/><D8/><U40/><E40/><V70/><F70/><W87/><AGARI ba="3,2" hai="55,57,62,64,65,77,83,87,95,98,101" m="2665" machi="87" ten="30,3000,0" yaku="8,1,52,1" doraHai="81" who="3" fromWho="3" sc="340,-13,125,-13,355,-13,160,59" /><INIT seed="3,4,0,3,2,38" ten="327,112,342,219" oya="3" hai0="97,75,128,85,58,53,114,45,134,129,107,5,41" hai1="22,126,28,59,43,65,88,42,115,130,18,13,82" hai2="25,34,102,27,0,14,118,81,117,6,122,16,80" hai3="125,37,4,131,63,2,66,56,77,11,105,99,54"/><W74/><G125/><T79/><D134/><U9/><E115/><V116/><F102/><W120/><G120/><T15/><D75/><U70/><E70/><V50/><F122/><W35/><G35/><T113/><D107/><U103/><E103/><V1/><F50/><W48/><G131/><N who="0" m="50251" /><D97/><U96/><E130/><V68/><F68/><W132/><G132/><T26/><D26/><N who="2" m="9738" /><F80/><W124/><G124/><T133/><D133/><U60/><E126/><V24/><F81/><W101/><G37/><N who="0" m="21679" /><D85/><N who="1" m="50231" /><E96/><V119/><N who="2" m="29696" /><DORA hai="46" /><V72/><F6/><W104/><G74/><T52/><D79/><U29/><E22/><N who="2" m="11543" /><F72/><W10/><G77/><T73/><D73/><U69/><E69/><V95/><F95/><W90/><G90/><T62/><D53/><U49/><E49/><V55/><F55/><W23/><G104/><T110/><D110/><U8/><E8/><AGARI ba="4,0" hai="5,8,15,52,58,62,113,114" m="21679,50251" machi="8" ten="30,3900,0" yaku="19,1,52,1,54,1" doraHai="38,46" who="0" fromWho="1" sc="327,51,112,-51,342,0,219,0" /><INIT seed="4,0,0,2,4,36" ten="378,61,342,219" oya="0" hai0="131,42,55,109,92,14,97,129,83,13,46,96,61" hai1="37,70,104,58,39,31,63,74,93,111,22,99,68" hai2="90,35,15,106,78,105,41,43,81,20,9,127,89" hai3="113,91,7,47,19,29,114,52,72,80,101,57,60"/><T121/><D121/><U67/><E74/><V1/><F35/><W108/><G108/><T102/><D109/><U40/><E104/><V24/><F1/><W50/><G7/><T64/><D55/><U76/><E76/><V103/><F106/><W28/><G101/><T27/><D27/><N who="1" m="16887" /><E111/><V44/><F127/><W0/><G19/><T21/><D83/><U45/><E39/><V130/><F130/><N who="0" m="49674" /><D21/><U54/><E54/><V75/><F103/><AGARI ba="0,0" hai="37,40,45,58,63,67,68,70,93,99,103" m="16887" machi="103" ten="30,2000,0" yaku="25,1,52,1" doraHai="36" who="1" fromWho="2" sc="378,0,61,20,342,-20,219,0" /><INIT seed="5,0,0,1,2,108" ten="378,81,322,219" oya="1" hai0="41,84,53,20,26,78,24,119,122,17,107,31,112" hai1="8,23,1,45,11,65,91,114,29,7,109,38,28" hai2="70,121,130,0,106,104,37,101,129,4,79,64,2" hai3="116,115,123,16,127,99,94,83,126,132,88,48,60"/><U22/><E109/><V87/><F121/><W13/><G123/><T76/><D122/><U135/><E65/><V90/><F79/><W63/><G132/><T32/><D119/><U21/><E38/><V93/><F37/><W71/><G116/><T97/><D41/><U59/><E45/><V100/><F64/><W33/><G33/><T133/><D133/><U92/><E135/><V19/><F70/><W36/><G36/><T57/><D84/><U125/><E59/><V25/><F19/><W9/><G71/><T50/><D112/><U105/><E105/><N who="2" m="40555" /><F25/><W118/><G115/><T61/><REACH who="0" step="1"/><D50/><REACH who="0" ten="368,81,322,219" step="2"/><U120/><E114/><V110/><F110/><W89/><G48/><T128/><D128/><N who="2" m="49258" /><F4/><W68/><G118/><T98/><D98/><U117/><E120/><V44/><F44/><W75/><G75/><T18/><D18/><U15/><E117/><V81/><F101/><AGARI ba="0,1" hai="17,20,24,26,31,32,53,57,61,76,78,97,101,107" machi="101" ten="40,1300,0" yaku="1,1,53,0" doraHai="108" doraHaiUra="86" who="0" fromWho="2" sc="368,23,81,0,322,-13,219,0" /><INIT seed="6,0,0,2,4,52" ten="391,81,309,219" oya="2" hai0="81,20,78,49,53,105,97,51,48,42,80,7,124" hai1="61,36,93,9,90,59,133,111,112,64,76,8,125" hai2="47,82,114,99,108,128,89,25,107,67,74,6,130" hai3="0,46,18,11,118,92,123,98,27,45,5,132,103"/><V88/><F6/><W13/><G118/><T75/><D124/><U19/><E36/><V109/><F47/><W101/><G132/><T32/><D32/><U86/><E111/><N who="2" m="42571" /><F25/><W33/><G103/><T135/><D135/><U121/><E112/><V55/><F55/><W12/><G123/><T4/><D80/><U23/><E121/><V113/><F67/><W131/><G131/><N who="2" m="50217" /><F107/><W14/><G33/><T63/><D42/><U117/><E117/><V115/><F99/><W26/><G26/><T22/><D105/><U28/><E133/><V58/><F58/><W104/><G104/><T29/><D97/><U116/><E125/><V31/><F31/><W127/><G127/><T129/><D129/><U35/><E116/><V24/><F24/><W95/><G27/><T87/><D29/><U3/><E28/><V39/><F39/><W83/><G45/><T68/><D75/><U54/><E35/><V38/><F38/><W37/><G46/><T119/><D119/><U77/><E3/><V57/><F57/><W94/><G37/><T1/><D1/><U69/><E9/><V41/><F41/><W60/><G60/><T10/><D53/><U50/><REACH who="1" step="1"/><E8/><REACH who="1" ten="391,71,309,219" step="2"/><V30/><F30/><W79/><G0/><T2/><D7/><U43/><E43/><V73/><F82/><W106/><G5/><T56/><D10/><U122/><E122/><V44/><F44/><W65/><G11/><T126/><D4/><U16/><E16/><V66/><F66/><W84/><G18/><T62/><D2/><U72/><E72/><AGARI ba="0,1" hai="72,73,74,88,89,113,114,115" m="50217,42571" machi="72" ten="40,24000,3" yaku="28,2,15,1,10,1,19,1,34,2,54,1" doraHai="52" who="2" fromWho="1" sc="391,0,71,-240,309,250,219,0" owari="391,19.1,-169,-66.9,559,65.9,219,-18.1" /></mjloggm>