<mjloggm ver="2.3"><GO type="169" lobby="0"/><UN n0="%E5%B3%B6%E7%94%B0%E7%9C%9F%E5%A4%A2" n1="%E7%88%86%E5%8B%9D%E5%95%8F%E9%A1%8C" n2="%E5%8D%B5%E3%81%8B%E3%81%91%E6%B6%85%E6%A7%83" n3="%E3%83%80%E3%83%95%E3%83%88%E3%83%91%E3%83%B3%E3%83%84" dan="16,16,16,17" rate="2165.14,2073.76,2166.85,2186.61" sx="F,M,M,M"/><TAIKYOKU oya="0"/><INIT seed="0,0,0,1,3,108" ten="250,250,250,250" oya="0" hai0="20,39,66,42,79,55,131,88,86,117,25,24,1" hai1="87,60,33,123,70,106,114,91,29,113,99,89,8" hai2="4,105,84,21,18,43,26,13,15,132,118,7,133" hai3="115,102,109,50,101,62,48,100,71,16,75,112,93"/><T122/><D122/><U64/><E123/><V56/><F84/><W98/><G75/><T14/><D117/><U3/><E3/><V77/><F56/><W41/><G109/><T67/><D1/><U124/><E8/><V45/><F77/><W80/><G80/><T30/><D131/><U128/><E128/><V126/><F105/><W83/><G83/><T6/><D79/><U36/><E36/><V63/><F63/><W17/><G71/><T96/><D96/><U125/><E33/><V51/><F118/><W130/><G130/><T38/><D38/><U120/><E29/><V129/><F129/><W34/><G34/><T54/><D42/><U37/><E37/><V47/><F47/><W127/><G62/><T27/><D39/><U90/><E87/><V40/><F40/><W110/><G110/><T81/><D30/><U0/><E0/><V82/><F82/><W72/><G72/><T92/><D81/><U52/><E52/><N who="0" m="20009" /><D6/><N who="2" m="2090" /><F126/><N who="1" m="48745" /><E120/><V59/><F59/><W31/><G31/><T68/><D68/><U69/><E69/><V78/><F78/><W10/><G127/><T32/><D32/><U73/><E73/><V35/><F35/><W65/><G65/><T19/><AGARI ba="0,0" hai="14,19,20,24,25,27,66,67,86,88,92" m="20009" machi="19" ten="30,6000,0" yaku="8,1,54,2" doraHai="108" who="0" fromWho="0" sc="250,60,250,-20,250,-20,250,-20" /><INIT seed="0,1,0,5,0,46" ten="310,230,230,230" oya="0" hai0="90,134,31,78,98,91,131,38,95,83,56,59,119" hai1="82,65,32,133,80,30,27,20,25,48,110,52,114" hai2="85,3,1,5,47,75,68,102,73,89,12,117,42" hai3="10,36,97,77,81,17,26,70,60,127,118,24,57"/><T94/><D38/><U19/><E110/><V69/><F102/><W35/><G118/><T115/><D119/><U88/><E133/><V37/><F117/><W55/><G36/><T39/><D39/><U124/><E124/><V101/><F101/><W2/><G127/><T130/><D115/><U125/><E125/><V86/><F12/><W67/><G97/><N who="0" m="57559" /><D31/><U40/><E40/><V132/><F132/><W112/><G35/><T15/><D15/><U61/><E88/><V104/><F104/><W21/><G112/><T107/><D107/><U0/><E0/><V100/><F100/><W92/><G92/><T23/><D23/><U96/><E96/><V51/><F37/><W29/><G26/><T34/><D34/><U58/><REACH who="1" step="1"/><E114/><REACH who="1" ten="310,220,230,230" step="2"/><V64/><F1/><W11/><G2/><T71/><D134/><U6/><E6/><V49/><F3/><W129/><G129/><N who="0" m="49163" /><D71/><AGARI ba="1,1" hai="19,20,25,27,30,32,48,52,58,61,65,71,80,82" machi="71" ten="30,8000,1" yaku="1,1,7,1,52,1,54,1,53,1" doraHai="46" doraHaiUra="14" who="1" fromWho="0" sc="310,-83,220,93,230,0,230,0" /><INIT seed="1,0,0,0,2,135" ten="227,313,230,230" oya="1" hai0="114,94,122,69,58,67,28,87,79,83,116,47,22" hai1="45,98,13,91,59,126,40,37,4,76,19,130,113" hai2="70,0,12,9,117,50,103,32,86,89,57,93,38" hai3="102,88,8,39,65,80,92,55,18,31,99,49,7"/><U127/><E113/><V11/><F38/><W90/><G39/><T23/><D114/><U118/><E118/><V95/><F70/><W119/><G119/><T51/><D116/><U129/><E76/><V15/><F32/><W54/><G65/><T60/><D122/><U3/><E3/><V128/><F128/><N who="1" m="49257" /><E4/><V21/><F0/><W107/><G31/><T111/><D111/><U10/><E59/><V44/><F57/><W106/><G18/><T71/><D94/><AGARI ba="0,0" hai="10,13,19,37,40,45,91,94,98,126,127" m="49257" machi="94" ten="30,5800,0" yaku="19,1,52,2" doraHai="135" who="1" fromWho="0" sc="227,-58,313,58,230,0,230,0" /><INIT seed="1,1,0,3,3,50" ten="169,371,230,230" oya="1" hai0="88,4,12,125,47,105,6,115,38,89,15,106,72" hai1="78,116,93,59,60,87,70,21,7,98,133,108,92" hai2="85,33,27,63,77,0,23,91,34,101,40,49,10" hai3="99,95,42,61,121,65,122,130,48,94,51,134,30"/><U18/><E116/><V67/><F101/><W32/><G130/><T13/><D72/><U104/><E70/><V100/><F100/><W14/><G134/><T69/><D69/><U112/><E104/><N who="0" m="40041" /><D47/><U83/><E112/><V90/><F77/><W79/><G79/><T16/><D115/><U80/><E133/><V110/><F110/><W68/><G94/><T97/><D97/><U36/><E36/><V52/><F40/><W45/><G48/><T20/><D38/><U44/><E108/><V74/><F74/><W25/><G14/><T22/><D16/><U128/><E128/><V119/><F119/><W26/><G25/><T24/><D24/><U86/><E7/><N who="0" m="2601" /><D125/><U102/><E44/><V84/><F10/><W46/><REACH who="3" step="1"/><G45/><REACH who="3" ten="169,371,230,220" step="2"/><T53/><D53/><N who="1" m="33903" /><E93/><V96/><F27/><W57/><G57/><T1/><D1/><U54/><E54/><V135/><F0/><W56/><G56/><T64/><D64/><U124/><E124/><V107/><F135/><W82/><G82/><N who="1" m="31274" /><E78/><V29/><F52/><W132/><G132/><T9/><D9/><U58/><E58/><V111/><F111/><W114/><G114/><T66/><D66/><U43/><E43/><V39/><F107/><W127/><G127/><T81/><D81/><U19/><E19/><V131/><F39/><W103/><AGARI ba="1,1" hai="26,30,32,42,46,51,61,65,68,95,99,103,121,122" machi="103" ten="20,2700,0" yaku="1,1,0,1,7,1,53,0" doraHai="50" doraHaiUra="17" who="3" fromWho="3" sc="169,-8,371,-14,230,-8,220,40" /><INIT seed="2,0,0,4,5,62" ten="161,357,222,260" oya="2" hai0="46,131,4,68,39,63,72,50,128,21,118,100,102" hai1="105,132,75,69,66,113,38,54,45,95,8,32,23" hai2="28,9,134,80,99,35,89,78,48,64,17,58,27" hai3="130,5,65,26,33,84,11,87,83,96,76,116,107"/><V60/><F134/><W42/><G130/><N who="0" m="49707" /><D118/><U43/><E105/><V82/><F48/><W104/><G116/><T126/><D72/><U93/><E32/><V41/><F41/><W30/><G42/><T119/><D119/><U10/><E113/><V14/><REACH who="2" step="1"/><F78/><REACH who="2" ten="161,357,212,260" step="2"/><W22/><G107/><T56/><D39/><U85/><E43/><V36/><F36/><W61/><G104/><T71/><D126/><U98/><E38/><V24/><F24/><W115/><G115/><T6/><D50/><U106/><E132/><V57/><F57/><W16/><G96/><T103/><D46/><U135/><E98/><V114/><F114/><W133/><G133/><T127/><D127/><U117/><E135/><V44/><F44/><W52/><G87/><T110/><D110/><U15/><E85/><V1/><F1/><W77/><G76/><T7/><D21/><U34/><E23/><V79/><F79/><W112/><G112/><T125/><D125/><U37/><E34/><V122/><F122/><W59/><G33/><T101/><N who="0" m="25600" /><DORA hai="74" /><T124/><D124/><U108/><E45/><V25/><F25/><W109/><G109/><T55/><AGARI ba="0,1" hai="4,6,7,55,56,63,68,71" m="25600,49707" machi="55" ten="50,1600,0" yaku="19,1" doraHai="62,74" who="0" fromWho="0" sc="161,26,357,-4,212,-8,260,-4" /><INIT seed="3,0,0,2,2,83" ten="187,353,204,256" oya="3" hai0="130,35,16,67,32,71,13,2,126,128,43,56,75" hai1="110,95,60,4,117,57,15,101,100,65,21,68,9" hai2="8,46,28,72,58,125,18,25,85,51,70,62,48" hai3="33,98,77,94,24,80,7,116,103,44,97,41,26"/><W59/><G116/><T84/><D75/><U129/><E110/><V74/><F125/><W88/><G33/><T107/><D71/><U78/><E129/><N who="0" m="49769" /><D107/><U114/><E114/><V99/><F70/><W105/><G7/><T23/><D2/><U119/><E78/><V1/><F99/><W90/><G59/><T89/><D43/><U55/><E21/><V96/><F96/><W31/><G31/><T134/><D134/><U27/><E27/><V6/><F18/><W92/><G105/><T11/><D11/><U81/><E81/><V115/><F85/><N who="3" m="48271" /><G103/><T52/><D67/><U102/><REACH who="1" step="1"/><E95/><REACH who="1" ten="187,343,204,256" step="2"/><V112/><F112/><W12/><G92/><N who="0" m="54311" /><D126/><U53/><E53/><V106/><F115/><W91/><G94/><T109/><D109/><U82/><E82/><V36/><F106/><W120/><G120/><T50/><AGARI ba="0,1" hai="13,16,23,32,35,50,52,56" m="54311,49769" machi="50" ten="30,8000,1" yaku="25,1,19,1,52,1,54,2" doraHai="83" who="0" fromWho="0" sc="187,90,343,-20,204,-20,256,-40" /><INIT seed="4,0,0,5,4,110" ten="277,323,184,216" oya="0" hai0="48,52,124,102,111,37,16,30,13,132,61,23,60" hai1="45,103,89,17,90,106,114,25,47,68,57,93,42" hai2="28,123,120,39,20,113,26,112,67,36,0,115,59" hai3="62,7,99,33,96,88,10,77,104,73,58,121,75"/><T125/><D37/><N who="2" m="14410" /><F0/><W3/><G33/><T130/><D111/><U9/><E68/><V5/><F5/><W80/><G121/><N who="2" m="46665" /><F59/><W64/><G75/><T133/><D102/><U70/><E70/><V92/><F92/><W27/><G104/><T74/><D74/><U65/><E106/><V127/><F127/><N who="0" m="48714" /><D30/><U32/><E32/><V55/><F55/><W69/><G69/><T18/><D18/><U117/><E103/><V134/><F134/><N who="0" m="51818" /><D130/><U107/><E107/><V34/><F34/><W14/><G27/><T79/><D79/><U101/><E25/><V63/><F63/><W50/><G50/><T1/><D1/><U95/><E17/><V78/><F78/><W35/><G35/><T83/><D83/><U108/><E101/><V71/><F71/><W53/><G3/><T44/><AGARI ba="0,0" hai="13,16,23,44,48,52,60,61" m="51818,48714" machi="44" ten="30,11700,0" yaku="18,1,20,1,54,2" doraHai="110" who="0" fromWho="0" sc="277,117,323,-39,184,-39,216,-39" /><INIT seed="4,1,0,5,1,97" ten="394,284,145,177" oya="0" hai0="71,49,88,125,17,117,45,19,33,15,79,13,132" hai1="56,114,133,120,8,99,123,11,53,105,121,16,32" hai2="63,4,65,30,0,14,95,108,87,7,110,84,113" hai3="82,85,103,22,64,46,98,94,55,18,36,40,26"/><T128/><D117/><U90/><E32/><V31/><F14/><W74/><G74/><T124/><D71/><U5/><E133/><V119/><F95/><W109/><G109/><T62/><D33/><U35/><E35/><V24/><F24/><W27/><G55/><T115/><D79/><U104/><E114/><V83/><F83/><W129/><G27/><T61/><D115/><U127/><E127/><N who="0" m="48713" /><D132/><U80/><E8/><V20/><F20/><W3/><G3/><T77/><D77/><U25/><E5/><V60/><F65/><W69/><G129/><T21/><D128/><U2/><E2/><V48/><F0/><W100/><G64/><T131/><D131/><U96/><E96/><V41/><F48/><W76/><REACH who="3" step="1"/><G69/><REACH who="3" ten="394,284,145,167" step="2"/><T118/><D118/><U50/><E25/><V107/><F113/><W39/><G39/><T106/><D15/><U12/><E123/><V126/><F119/><W70/><G70/><T59/><D13/><U52/><E53/><V34/><F126/><W67/><G67/><T6/><D6/><U58/><E121/><V73/><F73/><W116/><G116/><T101/><D17/><U28/><E120/><V135/><F135/><W93/><G93/><T44/><D19/><U29/><E105/><V1/><F1/><W78/><G78/><T102/><D106/><U86/><REACH who="1" step="1"/><E58/><REACH who="1" ten="394,274,145,167" step="2"/><V91/><F107/><W43/><G43/><T112/><D59/><U92/><E92/><V9/><F41/><W42/><G42/><T51/><D112/><U38/><E38/><V111/><F111/><W66/><G66/><T75/><D45/><RYUUKYOKU ba="1,2" sc="394,-15,274,15,145,-15,167,15" hai1="11,12,16,28,29,50,52,56,80,86,90,99,104" hai3="18,22,26,36,40,46,76,82,85,94,98,100,103" /><INIT seed="5,2,2,1,4,9" ten="379,289,130,182" oya="1" hai0="48,21,22,28,76,25,122,89,90,17,102,31,12" hai1="105,13,20,99,44,118,10,77,56,88,60,71,19" hai2="51,55,3,50,54,132,37,70,95,119,27,38,110" hai3="40,66,53,92,69,74,67,57,111,24,64,96,84"/><U113/><E118/><V78/><F3/><W72/><G111/><T115/><D115/><U73/><E113/><V1/><F1/><W91/><G69/><T94/><D122/><U86/><E71/><V117/><F95/><W123/><G123/><T11/><D76/><U0/><E44/><V8/><F8/><W39/><G39/><T109/><D109/><U131/><E131/><V116/><F78/><W32/><G40/><T129/><D129/><U33/><E33/><V62/><F27/><W63/><REACH who="3" step="1"/><G96/><REACH who="3" ten="379,289,130,172" step="2"/><N who="0" m="59671" /><D48/><U107/><E99/><V45/><F110/><W41/><G41/><T46/><D46/><U106/><E106/><V6/><F132/><W125/><G125/><T80/><D80/><U23/><E107/><V4/><F4/><W16/><G16/><T97/><D97/><U79/><E105/><V75/><F6/><W30/><AGARI ba="2,3" hai="24,30,32,53,57,63,64,66,67,72,74,84,91,92" machi="30" ten="30,4000,0" yaku="1,1,0,1,53,1" doraHai="9" doraHaiUra="87" who="3" fromWho="3" sc="379,-12,289,-22,130,-12,172,76" /><INIT seed="6,0,0,3,2,11" ten="367,267,118,248" oya="2" hai0="4,49,33,50,104,69,130,68,101,102,98,23,100" hai1="7,0,44,88,82,124,27,132,71,117,53,74,73" hai2="93,41,112,40,133,47,70,126,95,30,43,83,123" hai3="28,26,6,65,116,129,97,39,21,99,16,108,46"/><V31/><F123/><W110/><G116/><T22/><D33/><U106/><E117/><V42/><F112/><W90/><G129/><T35/><D35/><U89/><E106/><V125/><F70/><W86/><G65/><T51/><D130/><U48/><E71/><V57/><F83/><W3/><G3/><T76/><D76/><U128/><E128/><V79/><F79/><W56/><G6/><T8/><D68/><U19/><E124/><N who="2" m="47723" /><F57/><W120/><G120/><T66/><D104/><U122/><E132/><V127/><N who="2" m="47731" /><V64/><DORA hai="67" /><F64/><W84/><G84/><T10/><D98/><U60/><E60/><V59/><F59/><W45/><G56/><T91/><D91/><U24/><E122/><V36/><F133/><W5/><G97/><T92/><D92/><AGARI ba="0,0" hai="30,31,36,40,41,42,43,47,92,93,95" m="47731" machi="92" ten="50,2400,0" yaku="18,1" doraHai="11,67" who="2" fromWho="0" sc="367,-24,267,0,118,24,248,0" /><INIT seed="6,1,0,1,4,55" ten="343,267,142,248" oya="2" hai0="97,36,29,59,9,113,93,40,115,24,45,84,52" hai1="68,118,88,134,92,60,125,62,99,12,109,126,87" hai2="41,89,72,56,114,19,53,70,110,119,96,129,38" hai3="21,37,4,10,3,61,11,123,58,74,77,98,23"/><V117/><F110/><W34/><G123/><T73/><D73/><U127/><E118/><V27/><F114/><N who="0" m="43530" /><D9/><U101/><E109/><V18/><F129/><W6/><G37/><T44/><D84/><U135/><E12/><V22/><F72/><W120/><G34/><N who="0" m="20775" /><D40/><U106/><REACH who="1" step="1"/><E68/><REACH who="1" ten="343,257,142,248" step="2"/><V1/><F70/><W102/><G120/><T132/><D132/><AGARI ba="1,1" hai="60,62,87,88,92,99,101,106,125,126,127,132,134,135" machi="132" ten="50,8000,1" yaku="1,1,2,1,18,1,20,1,54,1,53,0" doraHai="55" doraHaiUra="122" who="1" fromWho="0" sc="343,-83,257,93,142,0,248,0" /><INIT seed="7,0,0,2,0,64" ten="260,350,142,248" oya="3" hai0="79,88,7,26,59,46,43,30,89,3,8,101,19" hai1="94,135,132,12,22,114,68,91,77,118,48,106,99" hai2="1,98,13,6,14,72,123,44,108,36,50,33,53" hai3="58,63,124,37,60,100,113,23,66,87,20,52,42"/><W27/><G113/><T15/><D101/><U28/><E114/><V4/><F108/><W116/><G124/><T93/><D79/><U126/><E68/><V102/><F72/><W104/><G116/><T65/><D65/><U84/><E126/><V34/><F123/><W47/><G87/><T129/><D129/><U90/><E118/><V55/><F36/><W9/><G9/><T39/><D59/><U25/><E77/><V82/><F82/><W62/><G62/><T5/><D93/><U95/><E106/><V117/><F117/><W96/><REACH who="3" step="1"/><G27/><REACH who="3" ten="260,350,142,238" step="2"/><T78/><D5/><U71/><E135/><V70/><F1/><W32/><G32/><T11/><D78/><U83/><E132/><V67/><F98/><W103/><G103/><T127/><D127/><U73/><E73/><V51/><F102/><W57/><AGARI ba="0,1" hai="20,23,37,42,47,52,57,58,60,63,66,96,100,104" machi="57" ten="20,7800,0" yaku="1,1,0,1,7,1,54,1,53,0" doraHai="64" doraHaiUra="86" who="3" fromWho="3" sc="260,-26,350,-26,142,-26,238,88" owari="234,-16.6,324,12.4,116,-38.4,326,42.6" /></mjloggm>