<mjloggm ver="2.3"><GO type="169" lobby="0"/><UN n0="%E3%81%BD%E3%81%A3%E3%81%91%E3%81%95%E3%82%93" n1="%E3%81%BC%E3%81%AE" n2="%73%79%6C%76%65%6F%6E" n3="%E3%81%84%E3%81%BE%E3%81%99%E3%81%91" dan="16,16,16,16" rate="2108.34,2148.09,2169.05,2113.52" sx="M,M,M,M"/><TAIKYOKU oya="0"/><INIT seed="0,0,0,4,4,103" ten="250,250,250,250" oya="0" hai0="95,127,63,125,98,85,101,76,2,31,70,107,132" hai1="43,90,55,45,109,108,13,68,58,53,133,88,119" hai2="15,82,118,74,20,117,89,12,14,1,19,69,71" hai3="46,73,99,56,72,91,0,36,52,87,62,22,75"/><T128/><D2/><U64/><E119/><N who="2" m="45579" /><F1/><W40/><G0/><T130/><D31/><U4/><E68/><N who="2" m="26187" /><F89/><W111/><G111/><N who="1" m="42570" /><E64/><V32/><F32/><W28/><G28/><T51/><D51/><U113/><E133/><V48/><F48/><W9/><G22/><T100/><D63/><U106/><E106/><V65/><F65/><W26/><G26/><T116/><D70/><U42/><E53/><V25/><F25/><W112/><G112/><T33/><D33/><U78/><E78/><AGARI ba="0,0" hai="12,14,15,19,20,74,78,82" m="26187,45579" machi="78" ten="30,1000,0" yaku="12,1" doraHai="103" who="2" fromWho="1" sc="250,0,250,-10,250,10,250,0" /><INIT seed="1,0,0,2,0,25" ten="250,240,260,250" oya="1" hai0="65,97,41,66,61,116,37,134,45,52,48,115,130" hai1="3,103,18,50,95,71,55,1,114,93,42,86,6" hai2="133,23,0,91,53,119,109,70,111,102,9,64,77" hai3="38,125,132,46,43,29,27,51,14,68,2,40,57"/><U19/><E71/><V78/><F119/><W74/><G2/><T96/><D116/><U12/><E114/><V108/><F102/><W124/><G74/><T67/><D115/><U92/><E42/><V11/><F133/><W7/><G68/><T104/><D134/><U79/><E103/><V76/><F0/><W94/><G132/><T30/><D130/><U81/><E6/><V127/><F127/><N who="3" m="48715" /><G94/><T110/><D110/><U120/><E19/><V80/><F53/><N who="3" m="31935" /><G40/><T33/><D61/><U31/><E120/><V118/><F118/><W28/><G27/><T10/><D104/><U62/><E62/><N who="2" m="40215" /><F23/><W26/><G26/><T34/><D41/><U126/><E126/><V24/><F24/><W82/><G82/><T36/><D34/><U131/><E131/><V106/><F106/><W39/><G39/><T84/><D33/><U105/><E105/><V17/><F17/><W128/><G128/><T123/><D37/><U20/><REACH who="1" step="1"/><E31/><REACH who="1" ten="250,230,260,250" step="2"/><N who="3" m="11850" /><G7/><T113/><D30/><U54/><E54/><V135/><F135/><W47/><G47/><AGARI ba="0,1" hai="1,3,12,18,20,47,50,55,79,81,86,92,93,95" machi="47" ten="40,3900,0" yaku="1,1,53,1" doraHai="25" doraHaiUra="83" who="1" fromWho="3" sc="250,0,230,49,260,0,250,-39" /><INIT seed="1,1,0,2,4,99" ten="250,279,260,211" oya="1" hai0="107,31,53,39,61,64,56,92,122,3,115,42,62" hai1="21,95,82,124,38,2,111,96,108,63,71,29,32" hai2="68,44,6,70,7,127,15,134,27,49,130,85,79" hai3="76,104,94,80,133,20,83,87,74,126,51,10,4"/><U54/><E38/><V98/><F127/><W119/><G126/><T40/><D107/><U9/><E124/><V24/><F130/><W22/><G104/><T72/><D72/><U28/><E32/><V77/><F134/><W69/><G133/><T86/><D3/><U34/><E34/><V45/><F98/><W58/><G69/><T57/><D115/><U113/><E113/><V48/><F15/><W25/><G94/><T120/><D31/><U30/><E82/><V116/><REACH who="2" step="1"/><F85/><REACH who="2" ten="250,279,250,211" step="2"/><W125/><G87/><T101/><D86/><U90/><E2/><V36/><F36/><W13/><G13/><T14/><D14/><U1/><E1/><V11/><F11/><W0/><G125/><T129/><D129/><U47/><E9/><V33/><F33/><W59/><G10/><T12/><D12/><U46/><E21/><V128/><F128/><W73/><G20/><T8/><D8/><U65/><REACH who="1" step="1"/><E54/><REACH who="1" ten="250,269,250,211" step="2"/><V50/><F50/><W52/><G0/><T66/><D53/><U109/><AGARI ba="1,2" hai="28,29,30,46,47,63,65,71,90,95,96,108,109,111" machi="109" ten="40,12000,1" yaku="1,1,2,1,0,1,14,1,10,1,53,0" doraHai="99" doraHaiUra="78" who="1" fromWho="1" sc="250,-41,269,143,250,-41,211,-41" /><INIT seed="1,2,0,2,0,21" ten="209,412,209,170" oya="1" hai0="37,82,74,16,9,117,78,46,135,104,3,14,129" hai1="0,18,128,73,44,49,126,57,130,2,63,87,45" hai2="39,43,91,52,123,34,62,1,93,75,25,86,108" hai3="95,28,17,19,20,72,54,80,94,10,119,42,100"/><U109/><E73/><V38/><F123/><W69/><G69/><T51/><D117/><U60/><E87/><V55/><F75/><W112/><G112/><T65/><D104/><U79/><E79/><V50/><F1/><W8/><G42/><T36/><D129/><N who="1" m="49771" /><E18/><V70/><F43/><W31/><G72/><T85/><D135/><U125/><E60/><V89/><F108/><W88/><G54/><T101/><D101/><U122/><E122/><V32/><F55/><W41/><G41/><T22/><D74/><U66/><E45/><V7/><F62/><W134/><G100/><T61/><D46/><U84/><E84/><V53/><F53/><W64/><G134/><T81/><D82/><U33/><E33/><V111/><F111/><W5/><G20/><T29/><D51/><U102/><E102/><V131/><F131/><W27/><G80/><T107/><D107/><U35/><E35/><V30/><F34/><W6/><G88/><T120/><D120/><U47/><E47/><V15/><F70/><W26/><G119/><T127/><D85/><U114/><E114/><V118/><F91/><W92/><G92/><T116/><D81/><U56/><E56/><N who="2" m="32791" /><F118/><W68/><G68/><T77/><D78/><U24/><E109/><V83/><F83/><W40/><G40/><T97/><D77/><U11/><E0/><V103/><F103/><W105/><G105/><T12/><D3/><U90/><E90/><V113/><F113/><W98/><G64/><T133/><D133/><U48/><E2/><V59/><F59/><W96/><AGARI ba="2,0" hai="5,6,8,10,17,19,26,27,28,31,94,95,96,98" machi="96" ten="25,12000,2" yaku="0,1,22,2,8,1,52,2" doraHai="21" who="3" fromWho="3" sc="209,-32,412,-62,209,-32,170,126" /><INIT seed="2,0,0,0,2,48" ten="177,350,177,296" oya="2" hai0="5,106,119,90,56,129,46,9,71,49,23,124,33" hai1="82,83,27,123,89,98,21,109,79,28,44,35,131" hai2="6,57,62,19,75,103,36,40,58,45,31,110,94" hai3="4,72,17,105,132,96,93,73,12,42,134,77,67"/><V55/><F75/><W7/><G105/><T74/><D71/><U125/><E109/><V111/><F31/><W128/><G42/><T102/><D33/><U65/><E131/><V54/><F6/><N who="3" m="2091" /><G67/><T24/><D129/><U116/><E116/><V107/><F107/><W120/><G77/><T70/><D70/><U26/><E125/><V78/><F78/><W14/><G14/><T15/><D124/><U43/><E65/><V88/><F19/><W97/><G97/><T61/><D74/><U20/><E35/><V122/><F103/><W18/><G18/><T135/><D119/><U100/><E89/><V133/><F133/><N who="3" m="51307" /><G120/><T13/><D13/><U95/><E79/><V60/><F122/><W92/><G92/><T11/><D11/><U16/><REACH who="1" step="1"/><E123/><REACH who="1" ten="177,340,177,296" step="2"/><V63/><F63/><W86/><G128/><T85/><D135/><U104/><E104/><V39/><F39/><AGARI ba="0,1" hai="16,20,21,26,27,28,39,43,44,82,83,95,98,100" machi="39" ten="30,7700,0" yaku="1,1,7,1,54,1,53,1" doraHai="48" doraHaiUra="25" who="1" fromWho="2" sc="177,0,340,87,177,-77,296,0" /><INIT seed="3,0,0,2,4,75" ten="177,427,100,296" oya="3" hai0="58,54,21,39,67,116,4,123,25,92,87,35,114" hai1="125,83,88,62,44,72,9,55,89,41,3,51,42" hai2="126,46,94,129,27,119,23,22,24,19,95,37,31" hai3="66,14,59,132,45,0,86,84,113,10,124,16,13"/><W77/><G113/><T120/><D116/><U47/><E125/><V7/><F119/><W106/><G106/><T43/><D35/><U108/><E108/><V74/><F126/><W121/><G121/><T112/><D4/><U50/><E55/><V127/><F127/><W60/><G124/><T69/><D87/><U105/><E105/><V70/><F70/><W107/><G107/><T34/><D92/><U68/><E62/><V15/><F129/><W8/><G0/><T20/><D20/><U109/><E68/><V57/><F37/><W110/><G132/><T48/><D21/><U63/><E63/><V26/><F74/><W79/><G45/><N who="0" m="23807" /><D25/><U56/><E56/><V90/><F46/><W71/><G71/><T122/><D34/><U73/><E109/><V29/><F57/><W96/><G96/><T6/><D6/><U103/><E103/><V91/><F7/><N who="3" m="3231" /><G110/><T49/><D49/><U100/><E100/><V102/><F102/><W32/><G32/><T82/><D82/><U104/><E104/><V30/><REACH who="2" step="1"/><F23/><REACH who="2" ten="177,427,90,296" step="2"/><W78/><AGARI ba="0,1" hai="10,14,16,59,60,66,77,78,79,84,86" m="3231" machi="78" ten="30,12000,1" yaku="8,1,52,3,54,1" doraHai="75" who="3" fromWho="3" sc="177,-40,427,-40,90,-40,296,130" /><INIT seed="3,1,0,2,4,103" ten="137,387,50,426" oya="3" hai0="17,48,41,59,20,65,135,16,91,89,118,36,122" hai1="101,80,5,39,31,55,107,134,124,131,26,3,32" hai2="96,100,74,54,125,113,99,132,50,82,33,1,43" hai3="123,73,81,37,18,97,47,72,129,2,40,11,68"/><W133/><G123/><T25/><D118/><U88/><E39/><V109/><F113/><W24/><G129/><T85/><D122/><U35/><E131/><V51/><F33/><W49/><G133/><T108/><D135/><U23/><E134/><V98/><F1/><W15/><G68/><T76/><D108/><U104/><E124/><V14/><F132/><W105/><G2/><T121/><D121/><U28/><E101/><V46/><F109/><W6/><G37/><T126/><D126/><U79/><E88/><N who="0" m="33865" /><D36/><U77/><E55/><V117/><F125/><W42/><G42/><T10/><D65/><U53/><E53/><V13/><F117/><W110/><G110/><T57/><D17/><U120/><E23/><V21/><F74/><W27/><G73/><T45/><D10/><U38/><E38/><V83/><F100/><W34/><G34/><T111/><D111/><U128/><E120/><V66/><F66/><W52/><G97/><T63/><D63/><U0/><E128/><V84/><F21/><W19/><G40/><T92/><D92/><U95/><E95/><V12/><REACH who="2" step="1"/><F84/><REACH who="2" ten="137,387,40,426" step="2"/><W78/><G72/><T119/><D119/><U90/><E0/><V106/><F106/><W130/><G105/><T58/><D85/><N who="1" m="50471" /><E107/><V75/><F75/><N who="3" m="43231" /><G130/><T61/><D61/><U64/><E64/><V115/><F115/><W62/><G62/><T30/><D30/><U29/><E104/><V44/><AGARI ba="1,1" hai="12,13,14,43,44,46,50,51,54,82,83,96,98,99" machi="44" ten="40,5200,0" yaku="1,1,0,1,8,1,53,0" doraHai="103" doraHaiUra="60" who="2" fromWho="2" sc="137,-14,387,-14,40,65,426,-27" /><INIT seed="4,0,0,2,4,15" ten="123,373,105,399" oya="0" hai0="3,28,43,17,10,97,80,133,52,74,88,96,90" hai1="92,35,75,56,39,8,12,0,87,63,121,105,132" hai2="119,29,69,11,123,45,33,30,18,19,21,41,134" hai3="44,59,20,81,118,83,60,77,135,7,76,82,129"/><T103/><D133/><U114/><E105/><V26/><F69/><W108/><G118/><T67/><D67/><U66/><E75/><V22/><F123/><W93/><G108/><T70/><D70/><U1/><E121/><V9/><F134/><W4/><G44/><T124/><D43/><U91/><E132/><V79/><F79/><W24/><G93/><T116/><D116/><U100/><E100/><V78/><F78/><N who="3" m="30315" /><G129/><T98/><D74/><U49/><E39/><V54/><F54/><N who="3" m="33911" /><G135/><T115/><D3/><U65/><E35/><V68/><F68/><W113/><G113/><T55/><D115/><U57/><E114/><V6/><F119/><W130/><G130/><T85/><D103/><U50/><E50/><N who="2" m="26927" /><F33/><W31/><AGARI ba="0,0" hai="4,7,20,24,31,81,82,83" m="33911,30315" machi="31" ten="30,1100,0" yaku="8,1" doraHai="15" who="3" fromWho="3" sc="123,-5,373,-3,105,-3,399,11" /><INIT seed="5,0,0,4,5,92" ten="118,370,102,410" oya="1" hai0="68,26,18,55,135,129,81,23,49,118,126,87,86" hai1="58,115,98,125,111,74,66,40,128,10,84,4,44" hai2="3,42,33,34,27,89,59,101,79,60,48,41,112" hai3="105,93,91,134,13,99,76,131,78,6,90,46,63"/><U11/><E74/><V110/><F110/><W120/><G120/><T96/><D118/><U77/><E115/><V130/><F3/><W15/><G105/><T57/><D126/><U29/><E125/><V21/><F130/><W114/><G131/><T132/><D68/><U67/><E111/><V0/><F0/><W72/><G134/><N who="0" m="51243" /><D129/><U113/><E113/><V47/><F112/><W108/><G108/><T25/><D96/><U106/><E29/><V50/><F79/><W24/><G76/><N who="0" m="46375" /><D87/><U8/><E4/><V117/><F117/><W51/><G63/><T103/><D103/><U52/><E84/><V39/><F101/><W62/><G6/><T16/><D18/><U69/><E69/><V5/><F5/><W35/><G72/><T83/><D83/><U75/><E77/><V38/><F89/><W43/><G78/><T95/><D95/><U85/><E85/><V65/><F34/><W82/><G82/><T71/><D71/><U14/><E75/><V102/><F102/><W56/><G91/><T80/><D80/><U9/><E106/><V19/><REACH who="2" step="1"/><F33/><REACH who="2" ten="118,370,92,410" step="2"/><W124/><G114/><T88/><D88/><U94/><E128/><V123/><F123/><W28/><REACH who="3" step="1"/><G124/><REACH who="3" ten="118,370,92,400" step="2"/><T37/><D37/><U116/><E116/><V32/><F32/><W97/><G97/><T119/><D119/><U107/><E98/><V127/><F127/><W17/><G17/><T133/><D133/><U109/><E109/><V104/><F104/><W31/><G31/><T73/><D73/><U61/><E107/><V2/><F2/><W45/><G45/><AGARI ba="0,2" hai="19,21,27,38,39,41,42,45,47,48,50,59,60,65" machi="45" ten="40,5200,0" yaku="1,1,9,1,53,1" doraHai="92" doraHaiUra="22" who="2" fromWho="3" sc="118,0,370,0,92,72,400,-52" /><INIT seed="6,0,0,3,2,36" ten="118,370,164,348" oya="2" hai0="96,106,126,111,124,88,23,129,1,92,14,63,104" hai1="119,24,93,110,44,64,47,134,52,132,40,123,109" hai2="77,58,89,122,2,83,3,21,100,73,82,51,66" hai3="61,118,38,28,99,35,57,69,20,117,22,25,90"/><V91/><F122/><W56/><G69/><T54/><D1/><U13/><E13/><V9/><F100/><W46/><G57/><T26/><D14/><U43/><E119/><V6/><F3/><W53/><G118/><T80/><D111/><N who="1" m="42507" /><E24/><V127/><F127/><N who="0" m="48682" /><D80/><U84/><E84/><V121/><F121/><W42/><REACH who="3" step="1"/><G117/><REACH who="3" ten="118,370,164,338" step="2"/><T32/><D129/><U97/><E123/><V71/><F71/><W95/><AGARI ba="0,1" hai="20,22,25,28,35,38,42,46,53,56,61,90,95,99" machi="95" ten="30,8000,1" yaku="1,1,2,1,0,1,52,1,53,1" doraHai="36" doraHaiUra="85" who="3" fromWho="3" sc="118,-20,370,-20,164,-40,338,90" /><INIT seed="7,0,0,3,2,94" ten="98,350,124,428" oya="3" hai0="125,31,81,29,65,66,36,109,52,92,21,69,57" hai1="62,3,5,44,2,117,6,51,98,85,111,110,133" hai2="127,43,18,124,58,9,47,119,20,1,113,73,35" hai3="91,4,38,23,40,118,121,80,46,77,41,116,7"/><W112/><G121/><T32/><D32/><U126/><E126/><N who="2" m="48171" /><F119/><W72/><G112/><T68/><D109/><U27/><E133/><V96/><F35/><W100/><G40/><T82/><D125/><U99/><E117/><V102/><F73/><W128/><G100/><T115/><D36/><U14/><E62/><V76/><F76/><W74/><G74/><T60/><D69/><U45/><E14/><V39/><F113/><W63/><G4/><T25/><D115/><U104/><E85/><V83/><F83/><W131/><G7/><T13/><D31/><U103/><E103/><V101/><F1/><W106/><G106/><T135/><D135/><U89/><E89/><V50/><F9/><W67/><G23/><T61/><D13/><U130/><E51/><V114/><F114/><W59/><G91/><T95/><REACH who="0" step="1"/><D66/><REACH who="0" ten="88,350,124,428" step="2"/><U15/><E15/><N who="2" m="9311" /><F96/><W129/><AGARI ba="0,1" hai="38,41,46,59,63,67,72,77,80,116,118,128,129,131" machi="129" ten="30,3000,0" yaku="0,1,19,1" doraHai="94" who="3" fromWho="3" sc="88,-10,350,-10,124,-10,428,40" owari="78,-42.2,340,14.0,114,-28.6,468,56.8" /></mjloggm>