<mjloggm ver="2.3"><GO type="169" lobby="0"/><UN n0="%E9%A2%A8%E8%A6%8B%E7%A7%8B%E6%BE%A4" n1="%E3%83%80%E3%83%95%E3%83%88%E3%83%91%E3%83%B3%E3%83%84" n2="%E7%9C%9F%E4%B8%80" n3="%E5%B1%8A%E3%81%8B%E3%81%AA%E3%81%84%E6%81%8B" dan="17,17,16,16" rate="2128.49,2181.71,2166.33,2144.82" sx="M,M,M,M"/><TAIKYOKU oya="0"/><INIT seed="0,0,0,0,1,55" ten="250,250,250,250" oya="0" hai0="64,42,18,84,124,48,95,52,87,89,2,10,14" hai1="7,122,5,71,72,59,94,134,6,30,119,76,129" hai2="8,29,118,123,16,24,35,108,109,100,38,13,36" hai3="9,70,49,62,135,21,74,43,107,110,80,79,46"/><T116/><D116/><U90/><E122/><V98/><F123/><W12/><G135/><T112/><D112/><U23/><E71/><V115/><F115/><W88/><G107/><T37/><D124/><U96/><E119/><V26/><F118/><W40/><G110/><N who="2" m="42601" /><F26/><W57/><G70/><T85/><D64/><U97/><E129/><V28/><F29/><W132/><G21/><T51/><D2/><U47/><E47/><V25/><F24/><W127/><G127/><T113/><D113/><U4/><E134/><V66/><F66/><W73/><G73/><T39/><D48/><U68/><E68/><V67/><F67/><W27/><G27/><T33/><D33/><U0/><E30/><V83/><F83/><W131/><G131/><T101/><D101/><U99/><E23/><V32/><F32/><W15/><G40/><T114/><D114/><U77/><E72/><V121/><F121/><W3/><G132/><T91/><D42/><U20/><E20/><V78/><F78/><N who="1" m="30313" /><E0/><V34/><F34/><W69/><G69/><T81/><D85/><U44/><E44/><AGARI ba="0,0" hai="10,14,18,37,39,44,51,52,81,84,87,89,91,95" machi="44" ten="30,11600,0" yaku="7,1,25,2,54,1" doraHai="55" who="0" fromWho="1" sc="250,116,250,-116,250,0,250,0" /><INIT seed="0,1,0,2,0,104" ten="366,134,250,250" oya="0" hai0="63,47,85,78,66,29,60,17,114,107,77,34,24" hai1="76,113,90,89,95,12,67,9,49,102,58,52,62" hai2="61,88,132,129,126,124,40,25,23,7,100,125,2" hai3="31,55,103,106,46,93,4,115,133,1,30,15,121"/><T71/><D114/><U131/><E113/><V111/><F111/><W97/><G1/><T86/><D47/><U0/><E0/><V5/><F100/><W83/><G121/><T3/><D3/><U33/><E33/><V44/><F132/><W6/><G133/><T117/><D117/><U120/><E131/><V127/><F129/><W116/><G115/><T119/><D119/><U75/><E120/><V43/><F2/><W74/><G116/><T14/><D107/><U20/><E102/><V35/><F35/><W28/><G106/><T45/><D45/><U96/><E20/><V135/><F135/><W68/><G68/><T110/><D110/><U80/><E90/><V13/><F13/><W11/><G46/><T112/><D63/><U32/><E32/><V70/><F43/><W98/><G55/><T92/><D112/><U22/><E22/><V54/><F88/><W53/><G53/><T50/><D50/><U99/><E99/><V105/><F105/><W118/><G97/><T59/><D71/><U51/><REACH who="1" step="1"/><E67/><REACH who="1" ten="366,124,250,250" step="2"/><N who="2" m="41327" /><F127/><W108/><G118/><T37/><D66/><U42/><E42/><V91/><F91/><W128/><G128/><T64/><D64/><U82/><E82/><V109/><F109/><W21/><G108/><T18/><D34/><U101/><E101/><V10/><F40/><W19/><REACH who="3" step="1"/><G21/><REACH who="3" ten="366,124,250,240" step="2"/><T26/><D37/><U57/><E57/><V39/><F39/><W84/><G84/><T79/><D85/><U123/><E123/><V36/><F36/><W8/><G8/><T94/><D86/><U56/><E56/><V48/><F10/><RYUUKYOKU ba="1,2" sc="366,-30,124,10,250,10,240,10" hai1="9,12,49,51,52,58,62,75,76,80,89,95,96" hai2="5,7,23,25,44,48,54,124,125,126" hai3="4,6,11,15,19,28,30,31,74,83,93,98,103" /><INIT seed="1,2,2,4,1,41" ten="336,134,260,250" oya="1" hai0="68,80,23,123,124,126,89,94,75,78,21,112,110" hai1="135,33,29,117,25,52,92,111,26,40,6,10,48" hai2="102,60,118,49,1,133,120,65,79,100,104,62,128" hai3="121,132,39,115,42,107,16,103,125,24,129,99,83"/><U116/><E135/><V14/><F1/><W113/><G121/><T54/><D123/><U131/><E131/><V91/><F120/><W119/><G129/><T0/><D112/><U37/><E111/><V74/><F128/><W134/><G83/><T43/><D68/><U2/><E26/><V97/><F102/><W61/><G61/><T69/><D69/><U17/><E17/><V77/><F133/><N who="3" m="51307" /><G119/><T15/><D0/><U72/><E72/><V95/><F118/><W130/><G125/><N who="0" m="48235" /><D110/><U88/><E40/><V35/><F35/><W67/><G67/><T9/><D54/><U63/><E63/><V34/><F34/><W71/><G71/><T47/><D94/><U73/><E37/><V18/><F49/><W57/><G57/><T96/><D96/><U114/><E73/><V64/><F62/><W56/><G56/><T59/><D59/><U12/><E114/><V81/><F77/><W76/><G76/><T70/><D70/><U51/><E2/><V3/><F60/><W31/><G31/><T58/><D58/><U8/><E8/><V84/><F3/><W53/><G53/><T105/><D78/><U13/><E48/><V108/><F108/><W82/><G82/><T109/><D80/><U19/><E51/><V93/><F93/><W44/><G130/><T98/><D75/><U46/><E52/><V36/><F36/><W7/><G7/><N who="0" m="3519" /><D109/><U106/><E106/><V85/><F74/><W5/><G5/><T90/><D105/><U55/><E55/><V50/><F50/><W28/><G28/><T4/><D4/><U20/><E117/><RYUUKYOKU ba="2,2" sc="336,-15,134,-15,260,15,250,15" hai2="14,18,64,65,79,81,84,85,91,95,97,100,104" hai3="16,24,39,42,44,99,103,107,113,115" /><INIT seed="2,3,2,1,2,15" ten="321,119,275,265" oya="2" hai0="106,26,114,93,97,24,110,2,19,43,7,51,65" hai1="79,63,47,101,94,104,20,58,11,30,119,14,112" hai2="69,73,129,54,72,35,122,95,80,62,60,18,37" hai3="57,120,82,5,9,32,96,118,67,56,27,133,52"/><V23/><F122/><W46/><G120/><T38/><D114/><U92/><E112/><V53/><F35/><W42/><G118/><T81/><D110/><U59/><E119/><V127/><F37/><W36/><G133/><T111/><D111/><U108/><E108/><V48/><F129/><W76/><G96/><T91/><D38/><U107/><E79/><V21/><F127/><W86/><G67/><T115/><D115/><U71/><E71/><V84/><F95/><N who="1" m="36393" /><E104/><V123/><F123/><W102/><G102/><T124/><D124/><U66/><E101/><V75/><F23/><W68/><G68/><T87/><D65/><U29/><E59/><V126/><F126/><W85/><G85/><T1/><D106/><U13/><E47/><V74/><F69/><W135/><G135/><T134/><D134/><U121/><E107/><V90/><N who="2" m="18432" /><DORA hai="10" /><V50/><F48/><W131/><G131/><T113/><D51/><U103/><E103/><V116/><F116/><W100/><G100/><T12/><D93/><U0/><E0/><V117/><F117/><W128/><G128/><T22/><D1/><U105/><E105/><V31/><F31/><N who="1" m="11785" /><E121/><V8/><F50/><W99/><G32/><T98/><D113/><U78/><E78/><V55/><REACH who="2" step="1"/><F8/><REACH who="2" ten="321,119,265,265" step="2"/><W89/><G36/><T132/><D132/><U45/><E20/><V39/><F39/><W49/><G9/><N who="0" m="2295" /><D98/><U16/><E45/><V41/><F41/><W109/><G42/><T130/><D130/><U44/><E44/><V70/><F70/><W17/><G109/><T64/><D43/><U34/><E34/><RYUUKYOKU ba="3,3" sc="321,-15,119,15,265,15,265,-15" hai1="11,13,14,16,58,63,66" hai2="18,21,53,54,55,60,62,80,84,90" /><INIT seed="2,4,3,2,0,112" ten="306,134,280,250" oya="2" hai0="105,123,34,65,24,134,42,32,19,75,109,111,31" hai1="116,131,6,35,67,47,3,29,51,52,118,103,80" hai2="132,63,15,121,25,102,100,81,96,124,104,43,26" hai3="38,119,71,97,79,4,20,56,83,27,133,2,76"/><V114/><F114/><W74/><G71/><T28/><D123/><U55/><E131/><V85/><F121/><W94/><G79/><T12/><D75/><U87/><E103/><V11/><F132/><W108/><G108/><N who="0" m="41547" /><D105/><U122/><E122/><V13/><F124/><W54/><G38/><T17/><D134/><U44/><E67/><V89/><F102/><W48/><G133/><T90/><D42/><U23/><E35/><N who="0" m="13353" /><D65/><U88/><E3/><V125/><F125/><W70/><G70/><T7/><D90/><U72/><E6/><V18/><F43/><W82/><G82/><T113/><D113/><U62/><E72/><V0/><F0/><W106/><G106/><T53/><D53/><U95/><E80/><V73/><F73/><W64/><G64/><T110/><N who="0" m="41555" /><T101/><DORA hai="33" /><D101/><U128/><E128/><V130/><F130/><W92/><G4/><T58/><D58/><U84/><E84/><V5/><REACH who="2" step="1"/><F63/><REACH who="2" ten="306,134,270,250" step="2"/><W37/><G2/><T46/><D46/><U30/><E47/><V39/><F39/><W93/><G37/><T49/><D49/><U40/><E40/><V127/><F127/><W22/><G74/><T9/><D24/><U60/><E62/><V14/><F14/><W41/><G27/><T77/><D77/><U98/><E60/><V10/><AGARI ba="4,4" hai="5,10,11,13,15,18,25,26,81,85,89,96,100,104" machi="10" ten="20,3900,0" yaku="1,1,0,1,7,1,53,0" doraHai="112,33" doraHaiUra="36,135" who="2" fromWho="2" sc="306,-17,134,-17,270,91,250,-17" /><INIT seed="2,5,0,0,5,7" ten="289,117,361,233" oya="2" hai0="91,8,87,98,83,28,47,134,119,109,52,43,9" hai1="35,32,14,60,95,116,89,81,77,73,16,36,126" hai2="113,44,42,41,37,12,106,68,1,128,30,99,72" hai3="29,0,17,79,124,34,92,15,114,84,103,58,67"/><V117/><F117/><W2/><G114/><T71/><D109/><U90/><E116/><V56/><F113/><W105/><G105/><T18/><D71/><U110/><E126/><V64/><F1/><W96/><G124/><T69/><D69/><U19/><E36/><V104/><F72/><W25/><G79/><T101/><D134/><U49/><E110/><V10/><F128/><W27/><G27/><T70/><D70/><U57/><E49/><V76/><F76/><W133/><G84/><T85/><D18/><U82/><E82/><V11/><F42/><W132/><G67/><T45/><D28/><U86/><E89/><V78/><F78/><W122/><G58/><T75/><D75/><U107/><E107/><V21/><F68/><W5/><G5/><T112/><D112/><U38/><E38/><V115/><F115/><W120/><G0/><T62/><D85/><U48/><E48/><N who="2" m="26639" /><F106/><W123/><REACH who="3" step="1"/><G2/><REACH who="3" ten="289,117,361,223" step="2"/><T51/><D119/><U94/><E94/><V130/><F56/><W108/><G108/><T13/><D13/><U135/><E135/><V74/><F12/><W125/><G125/><T59/><D47/><U65/><REACH who="1" step="1"/><E19/><REACH who="1" ten="289,107,361,223" step="2"/><V53/><F130/><W131/><G131/><T121/><REACH who="0" step="1"/><D121/><REACH who="0" ten="279,107,361,223" step="2"/><U54/><E54/><V66/><F53/><W127/><G127/><T50/><D50/><U31/><E31/><V4/><F30/><W22/><AGARI ba="5,3" hai="15,17,22,25,29,34,92,96,103,120,122,123,132,133" machi="22" ten="40,2700,0" yaku="1,1,0,1,53,0" doraHai="7" doraHaiUra="102" who="3" fromWho="3" sc="279,-12,107,-12,361,-18,223,72" /><INIT seed="3,0,0,4,1,16" ten="267,95,343,295" oya="3" hai0="109,12,32,30,123,95,84,66,92,34,17,77,70" hai1="41,8,62,98,45,111,131,4,121,132,83,6,47" hai2="52,73,133,106,40,81,108,127,110,114,74,2,28" hai3="87,130,27,60,46,31,103,71,72,49,51,58,5"/><W37/><G72/><T135/><D109/><N who="2" m="42090" /><F2/><W48/><G130/><T101/><D135/><U99/><E111/><V122/><F133/><W15/><G103/><T64/><D123/><U134/><E121/><V50/><F106/><W42/><G71/><T53/><D53/><U79/><E131/><V56/><F122/><W63/><G87/><T107/><D34/><U11/><E62/><V20/><F114/><W26/><G26/><T82/><D107/><U35/><E35/><V3/><F3/><W126/><G126/><T22/><D70/><U97/><E83/><V75/><F40/><W21/><REACH who="3" step="1"/><G58/><REACH who="3" ten="267,95,343,285" step="2"/><T80/><D101/><U76/><REACH who="1" step="1"/><E97/><REACH who="1" ten="267,85,343,285" step="2"/><V54/><F127/><W19/><G19/><T55/><D17/><U57/><E57/><V119/><F74/><W102/><G102/><T43/><D84/><U10/><E10/><AGARI ba="0,2" hai="5,10,15,21,27,31,37,42,46,48,49,51,60,63" machi="10" ten="40,3900,0" yaku="1,1,52,1,53,0" doraHai="16" doraHaiUra="29" who="3" fromWho="1" sc="267,0,85,-39,343,0,285,59" /><INIT seed="3,1,0,0,5,52" ten="267,46,343,344" oya="3" hai0="129,63,86,51,16,60,91,102,2,101,34,13,39" hai1="18,49,65,133,126,62,75,107,58,69,99,50,118" hai2="6,30,47,100,82,36,88,127,123,14,121,3,19" hai3="76,45,130,67,54,124,116,73,87,46,125,1,78"/><W10/><G116/><T41/><D2/><U72/><E118/><V61/><F127/><N who="3" m="48715" /><G130/><T23/><D34/><U7/><E126/><V117/><F117/><W90/><G67/><T15/><D39/><U84/><E133/><V11/><F100/><N who="0" m="38506" /><D129/><U135/><E135/><V97/><F30/><W48/><G73/><T111/><D111/><U17/><E107/><V77/><F61/><N who="0" m="23626" /><D41/><U89/><E7/><V42/><F97/><W83/><G45/><T66/><D51/><U128/><E99/><V0/><F88/><W40/><G40/><T95/><D66/><U119/><E128/><V115/><F115/><W38/><G38/><T55/><D55/><U70/><E119/><V112/><F112/><W53/><G53/><T25/><AGARI ba="1,0" hai="13,15,16,23,25,86,91,95" m="23626,38506" machi="25" ten="30,2000,0" yaku="8,1,54,1" doraHai="52" who="0" fromWho="0" sc="267,23,46,-6,343,-6,344,-11" /><INIT seed="4,0,0,2,3,69" ten="290,40,337,333" oya="0" hai0="107,4,3,32,20,18,58,23,34,97,14,120,1" hai1="66,114,91,27,117,87,118,49,43,106,119,102,57" hai2="112,81,30,33,61,83,45,28,132,113,77,12,73" hai3="25,129,130,16,2,109,110,111,95,76,126,131,26"/><T92/><D107/><U82/><E114/><N who="2" m="44139" /><F132/><W19/><G76/><T123/><D58/><U37/><E106/><V11/><F33/><N who="0" m="12906" /><D92/><U6/><E102/><V75/><F61/><W29/><G95/><T24/><D97/><U46/><E6/><N who="2" m="3191" /><F45/><W21/><G126/><T134/><D134/><U71/><E27/><V84/><F75/><W93/><G93/><T79/><D79/><AGARI ba="0,0" hai="28,30,73,77,79,81,83,84" m="3191,44139" machi="79" ten="30,1000,0" yaku="15,1" doraHai="69" who="2" fromWho="0" sc="290,-10,40,0,337,10,333,0" /><INIT seed="5,0,0,1,5,83" ten="280,40,347,333" oya="1" hai0="22,56,84,135,12,131,79,5,92,88,105,104,108" hai1="43,130,11,19,63,28,132,120,45,106,15,24,2" hai2="123,61,41,1,121,37,50,112,21,26,114,125,54" hai3="55,97,8,35,100,18,69,77,133,80,65,103,17"/><U98/><E120/><N who="2" m="46155" /><F1/><W85/><G35/><T53/><D108/><U107/><E130/><V89/><F21/><W116/><G116/><T86/><D135/><U95/><E132/><V9/><F26/><W13/><G133/><T91/><D79/><U27/><E2/><V76/><F9/><W75/><G69/><T44/><D44/><U126/><E27/><V0/><F76/><W94/><G65/><T51/><D131/><U7/><E7/><V39/><F0/><W68/><G68/><T23/><D23/><U67/><E126/><V6/><F6/><W30/><G30/><T64/><D64/><U4/><E4/><V119/><F89/><W102/><G55/><T58/><D58/><U87/><E87/><V66/><F41/><W115/><G115/><N who="2" m="44073" /><F125/><W78/><G78/><T62/><D62/><U96/><E96/><V70/><F119/><W128/><G128/><T134/><D134/><U82/><E82/><V81/><F81/><W31/><G31/><T38/><D38/><U124/><E124/><V117/><F117/><W52/><G75/><T29/><D5/><U127/><E127/><V90/><F90/><W118/><G118/><T25/><D12/><U101/><E24/><V72/><F72/><W93/><G18/><T99/><D99/><U42/><E28/><V34/><F34/><W71/><G94/><AGARI ba="0,0" hai="22,25,29,51,53,56,84,86,88,91,92,94,104,105" machi="94" ten="30,8000,1" yaku="7,1,9,1,52,2,54,1" doraHai="83" who="0" fromWho="3" sc="280,80,40,0,347,0,333,-80" /><INIT seed="6,0,0,5,3,113" ten="360,40,347,253" oya="2" hai0="27,54,65,42,36,76,43,21,121,70,38,61,78" hai1="51,114,18,46,90,104,122,15,123,101,128,64,20" hai2="110,115,41,89,103,100,56,135,88,8,95,39,74" hai3="49,130,85,84,106,73,58,112,23,50,124,126,108"/><V9/><F115/><W99/><G73/><T63/><D121/><U45/><E104/><V118/><F118/><W111/><G112/><T83/><D76/><U28/><E114/><V53/><F74/><W7/><G7/><T14/><D14/><U116/><E101/><V52/><F135/><W72/><G72/><T133/><D133/><U4/><E128/><V33/><F33/><W22/><G58/><T35/><D35/><U80/><E64/><V17/><F39/><W86/><G99/><T132/><D132/><U30/><E4/><V3/><F41/><W77/><G106/><T87/><D38/><U67/><E67/><V125/><F3/><W62/><G62/><T105/><D105/><U29/><E80/><V119/><F119/><W0/><G0/><T96/><D96/><U13/><E90/><N who="2" m="34923" /><F125/><N who="3" m="48235" /><G77/><T26/><D36/><U98/><E98/><N who="2" m="59487" /><F103/><W24/><G24/><T12/><D27/><N who="1" m="14743" /><E51/><N who="3" m="19466" /><G130/><T127/><D127/><U109/><E109/><AGARI ba="0,0" hai="22,23,84,85,86,108,109,111" m="19466,48235" machi="109" ten="40,5200,0" yaku="28,2,18,1" doraHai="113" who="3" fromWho="1" sc="360,0,40,-52,347,0,253,52" owari="360,46.0,-12,-51.2,347,14.7,305,-9.5" /></mjloggm>