<mjloggm ver="2.3"><GO type="169" lobby="0"/><UN n0="%67%78%7A" n1="%E5%A4%9A%E6%91%A9%E3%82%BD%E3%83%BC%E3%82%B8" n2="%E5%BE%A1%E5%BD%B1%E3%82%86%E3%81%9A%E3%81%8D" n3="%E5%A4%A9%E5%AE%89%E9%96%80%E5%BF%98%E5%8D%B4" dan="18,17,16,16" rate="2263.43,2210.02,2160.33,2070.65" sx="F,M,M,M"/><TAIKYOKU oya="0"/><INIT seed="0,0,0,4,4,89" ten="250,250,250,250" oya="0" hai0="116,67,81,35,88,27,125,95,109,86,17,78,39" hai1="50,98,123,44,49,54,117,48,25,110,114,9,3" hai2="92,18,97,30,119,0,23,132,46,37,83,128,72" hai3="94,22,60,59,135,93,107,40,33,42,126,12,56"/><T87/><BYE who="3" /><D116/><UN n3="%E5%A4%A9%E5%AE%89%E9%96%80%E5%BF%98%E5%8D%B4" /><U52/><E123/><V106/><F119/><W43/><G33/><T29/><D39/><U4/><E117/><V69/><F0/><W91/><G107/><T90/><D125/><U41/><E110/><V13/><F69/><W38/><G38/><T62/><D109/><U74/><E114/><V36/><F106/><W115/><G115/><T80/><D17/><U112/><E112/><V55/><F132/><W34/><G34/><T102/><D102/><U47/><E74/><V99/><F128/><W71/><G126/><T31/><D31/><U84/><E84/><V130/><F130/><W26/><G135/><T66/><REACH who="0" step="1"/><D62/><REACH who="0" ten="240,250,250,250" step="2"/><U10/><E49/><V51/><F30/><W96/><G60/><T61/><D61/><U63/><E63/><V120/><F120/><W65/><G71/><T53/><D53/><U121/><E121/><V11/><F36/><W100/><G65/><T133/><D133/><U6/><E41/><V85/><F37/><W77/><G42/><T16/><D16/><U75/><E25/><V103/><F72/><AGARI ba="0,1" hai="27,29,35,66,67,72,78,80,81,86,87,88,90,95" machi="72" ten="30,11600,0" yaku="1,1,7,1,52,1,54,1,53,0" doraHai="89" doraHaiUra="7" who="0" fromWho="2" sc="240,126,250,0,250,-116,250,0" /><INIT seed="0,1,0,2,1,107" ten="366,250,134,250" oya="0" hai0="26,67,135,113,93,57,64,37,50,15,97,55,14" hai1="118,32,22,126,105,80,75,90,73,11,87,83,131" hai2="114,91,7,100,122,134,60,58,82,78,23,95,38" hai3="119,29,52,112,43,70,104,79,12,111,103,33,8"/><T128/><D113/><U36/><E32/><V98/><F114/><W49/><G119/><T85/><D37/><U31/><E118/><V45/><F122/><W81/><G111/><T66/><D128/><U86/><E105/><V28/><F134/><W116/><G116/><T77/><D135/><U76/><E36/><V101/><F7/><W63/><G43/><T1/><D1/><U34/><E34/><V42/><F28/><W117/><G112/><T6/><D6/><U102/><E102/><V115/><F23/><W108/><G108/><T20/><D77/><U47/><E131/><V30/><F30/><W13/><G103/><T17/><REACH who="0" step="1"/><D85/><REACH who="0" ten="356,250,134,250" step="2"/><U40/><E126/><V0/><F0/><W59/><G79/><T125/><D125/><U27/><REACH who="1" step="1"/><E11/><REACH who="1" ten="356,240,134,250" step="2"/><V110/><F115/><W129/><G8/><T71/><D71/><U121/><E121/><V53/><REACH who="2" step="1"/><F110/><REACH who="2" ten="356,240,124,250" step="2"/><W19/><G117/><T74/><D74/><AGARI ba="1,3" hai="38,42,45,53,58,60,74,78,82,91,95,98,100,101" machi="74" ten="30,7700,0" yaku="1,1,2,1,7,1,52,1,53,0" doraHai="107" doraHaiUra="5" who="2" fromWho="0" sc="356,-80,240,0,124,110,250,0" /><INIT seed="1,0,0,4,1,129" ten="276,240,234,250" oya="1" hai0="135,5,78,77,108,36,7,46,128,104,130,4,74" hai1="43,59,28,10,57,116,88,93,63,90,71,19,17" hai2="34,58,20,8,39,38,22,96,41,99,92,11,23" hai3="111,66,37,100,114,97,31,109,68,112,16,65,1"/><U83/><E116/><V85/><F34/><W47/><G1/><T67/><D104/><U9/><E71/><V107/><F41/><N who="3" m="22959" /><G31/><T27/><D108/><N who="3" m="41545" /><G16/><N who="1" m="6218" /><E43/><V123/><F123/><W44/><G97/><T79/><D74/><U95/><E83/><V102/><F39/><W53/><G100/><T120/><D120/><U98/><E28/><V105/><F38/><W33/><G33/><T122/><D122/><U117/><E117/><V0/><F0/><W6/><G6/><T113/><D113/><N who="3" m="43625" /><G68/><T14/><D14/><U25/><E25/><V26/><F26/><W121/><G121/><T70/><D27/><U42/><E42/><V18/><F18/><W91/><G91/><T69/><D69/><U2/><E2/><V15/><F15/><W118/><G118/><T127/><D4/><U56/><E63/><V24/><F24/><W131/><G131/><T45/><D130/><U72/><E72/><V3/><F3/><W124/><G124/><T50/><D128/><U119/><E119/><V32/><F32/><W103/><G103/><T106/><D127/><U84/><AGARI ba="0,0" hai="9,10,56,57,59,84,88,90,93,95,98" m="6218" machi="84" ten="30,6000,0" yaku="8,1,54,2" doraHai="129" who="1" fromWho="1" sc="276,-20,240,60,234,-20,250,-20" /><INIT seed="1,1,0,1,5,21" ten="256,300,214,230" oya="1" hai0="24,95,11,90,30,70,94,15,96,35,131,72,7" hai1="62,65,31,109,19,32,9,63,103,27,75,43,120" hai2="84,2,115,71,41,37,55,17,98,60,116,128,79" hai3="48,122,102,119,69,44,26,22,97,1,100,52,91"/><U20/><E120/><V34/><F116/><W127/><G122/><T80/><D70/><U12/><E75/><V107/><F2/><W10/><G127/><T114/><D114/><U38/><E109/><V39/><F34/><W112/><G112/><T110/><D110/><U57/><E103/><V3/><F3/><W129/><G129/><T118/><D118/><U14/><E38/><V89/><F128/><W85/><G69/><T45/><D131/><U68/><E43/><V74/><F41/><W81/><G119/><T53/><D53/><U99/><E99/><V92/><F115/><W40/><G97/><T113/><D113/><U76/><E76/><V117/><F17/><W25/><G25/><T101/><D45/><U67/><REACH who="1" step="1"/><E12/><REACH who="1" ten="256,290,214,230" step="2"/><V134/><F117/><W73/><G73/><T28/><D72/><U77/><E77/><V83/><F37/><W13/><G40/><T132/><D96/><U8/><AGARI ba="1,1" hai="8,9,14,19,20,27,31,32,57,62,63,65,67,68" machi="8" ten="30,11700,0" yaku="1,1,0,1,52,1,53,1" doraHai="21" doraHaiUra="18" who="1" fromWho="1" sc="256,-40,290,130,214,-40,230,-40" /><INIT seed="1,2,0,4,1,116" ten="216,420,174,190" oya="1" hai0="76,114,36,7,103,132,117,17,61,87,47,13,43" hai1="49,45,33,100,115,122,2,134,29,63,39,5,125" hai2="3,112,40,48,46,44,102,66,109,0,91,37,42" hai3="118,95,27,92,90,9,11,38,104,32,53,60,20"/><U24/><E115/><V126/><F112/><W121/><G104/><T68/><D114/><U93/><E134/><V119/><F119/><W97/><G118/><T80/><D132/><U111/><E39/><V133/><F133/><W98/><G32/><T57/><D117/><U75/><E75/><V130/><F126/><W16/><G38/><T107/><D68/><U81/><E125/><V84/><F130/><W1/><G1/><T28/><D28/><U22/><E81/><V50/><F109/><W71/><G121/><T35/><D35/><U96/><E111/><V127/><F127/><W41/><G41/><T62/><D7/><U58/><E122/><V89/><F37/><W113/><G113/><T25/><D25/><U14/><E2/><V86/><F102/><W88/><G71/><T82/><D82/><U83/><E83/><V59/><F59/><AGARI ba="2,0" hai="9,11,16,20,27,53,59,60,88,90,92,95,97,98" machi="59" ten="40,12000,2" yaku="9,1,25,2,8,1,54,2" doraHai="116" who="3" fromWho="2" sc="216,0,420,0,174,-126,190,126" /><INIT seed="2,0,0,0,0,132" ten="216,420,48,316" oya="2" hai0="134,119,19,9,80,131,121,89,22,73,94,83,127" hai1="30,33,41,4,15,56,32,34,85,86,77,118,59" hai2="101,0,67,108,5,16,125,17,113,129,20,13,55" hai3="6,58,47,25,84,122,82,46,50,11,70,24,90"/><V76/><F113/><W114/><G70/><T44/><D121/><U111/><E118/><V54/><F129/><W39/><G122/><T115/><D115/><U109/><E30/><V26/><F108/><N who="1" m="41545" /><E41/><V64/><F101/><W48/><G39/><T87/><D131/><U60/><E77/><V123/><F123/><W74/><G74/><T71/><D71/><U130/><E130/><V43/><F76/><W106/><G106/><T49/><D119/><U36/><E36/><V107/><F107/><W3/><G58/><N who="1" m="22058" /><E60/><V93/><F43/><W14/><G3/><T10/><D134/><U2/><E2/><V53/><F0/><W116/><G116/><T79/><D83/><U95/><E95/><V40/><F40/><N who="3" m="24647" /><G114/><T100/><D100/><U117/><E117/><V88/><F5/><W92/><G92/><T23/><D23/><U27/><E27/><V1/><F1/><W105/><G105/><T96/><D73/><U42/><E42/><AGARI ba="0,0" hai="6,11,14,24,25,42,47,50,82,84,90" m="24647" machi="42" ten="30,1000,0" yaku="8,1" doraHai="132" who="3" fromWho="1" sc="216,0,420,-10,48,0,316,10" /><INIT seed="3,0,0,3,0,72" ten="216,410,48,326" oya="3" hai0="128,32,8,82,54,52,27,109,101,4,17,60,24" hai1="77,119,84,107,131,87,74,19,76,49,62,103,33" hai2="44,104,111,2,81,102,93,18,83,125,88,79,31" hai3="108,13,23,28,91,73,15,36,75,98,55,59,123"/><W57/><G123/><T20/><D109/><U1/><E1/><V53/><F2/><W50/><G36/><T56/><D128/><U7/><E33/><V64/><F111/><W48/><G108/><T126/><D126/><U66/><E7/><V63/><F125/><W135/><G135/><T69/><D69/><U105/><E131/><V67/><F31/><W68/><G68/><T35/><D101/><U5/><E5/><V46/><F104/><W118/><G118/><T114/><D114/><U40/><E119/><V29/><F29/><W130/><G75/><T61/><D27/><U97/><E107/><V85/><F102/><W43/><G73/><T58/><REACH who="0" step="1"/><D82/><REACH who="0" ten="206,410,48,326" step="2"/><U116/><E116/><V106/><F106/><W122/><G130/><T39/><D39/><U96/><E105/><V89/><F18/><W117/><G117/><T94/><D94/><U110/><E103/><V78/><F93/><W25/><G25/><T92/><D92/><U45/><E19/><V37/><F37/><W134/><G28/><T42/><D42/><U51/><E110/><V41/><F41/><W70/><G70/><T21/><D21/><U65/><E40/><V47/><F83/><W26/><G26/><T124/><D124/><U121/><E121/><V30/><F30/><W0/><G122/><T132/><D132/><U120/><E120/><V22/><F22/><W115/><G115/><T127/><D127/><U6/><E97/><V99/><F99/><W86/><G134/><T133/><D133/><U100/><E96/><V129/><F129/><W3/><G43/><T16/><D16/><RYUUKYOKU ba="0,1" sc="206,30,410,-10,48,-10,326,-10" hai0="4,8,17,20,24,32,35,52,54,56,58,60,61" /><INIT seed="4,1,1,2,5,47" ten="236,400,38,316" oya="0" hai0="15,28,69,134,57,83,103,135,70,34,60,12,78" hai1="101,131,46,67,24,117,125,119,3,99,124,97,66" hai2="2,5,121,86,11,104,41,102,110,51,21,65,53" hai3="96,95,112,13,88,18,32,130,44,94,19,58,89"/><T126/><D126/><N who="1" m="48747" /><E3/><V107/><F110/><W85/><G112/><T109/><D109/><U36/><E24/><V10/><F121/><W120/><G120/><T31/><D103/><U0/><E0/><V123/><F123/><W6/><G130/><T4/><D34/><U8/><E8/><V30/><F10/><N who="3" m="4311" /><G32/><T106/><D106/><N who="1" m="63791" /><E131/><V68/><F41/><W14/><G44/><T91/><D91/><U45/><E45/><V108/><F108/><W25/><G25/><T98/><D98/><U127/><E127/><V27/><F86/><W54/><G14/><N who="0" m="5163" /><D4/><U7/><E7/><V129/><F129/><W1/><G1/><T49/><D28/><U33/><E33/><V73/><F73/><W84/><G96/><T52/><D31/><U62/><E99/><V64/><F102/><W22/><G22/><T37/><D37/><U29/><E29/><V23/><F23/><W133/><G133/><N who="0" m="50699" /><D60/><AGARI ba="1,1" hai="18,19,54,58,60,84,85,88,89,94,95" m="4311" machi="60" ten="30,2000,0" yaku="8,1,54,1" doraHai="47" who="3" fromWho="0" sc="236,-23,400,0,38,0,316,33" /><INIT seed="5,0,0,0,5,28" ten="213,400,38,349" oya="1" hai0="49,60,18,82,13,111,81,10,3,6,66,127,134" hai1="113,43,91,106,21,114,72,99,25,19,104,98,112" hai2="7,46,90,115,62,52,94,44,101,105,80,126,33" hai3="89,63,0,85,97,9,92,22,40,71,103,110,73"/><U35/><E72/><V29/><F126/><W65/><G110/><T38/><D38/><U14/><E43/><V87/><F7/><W26/><G73/><T48/><D127/><U41/><E41/><V116/><F116/><W131/><G131/><T31/><D111/><U56/><E56/><V119/><F119/><W74/><G74/><T64/><D134/><U57/><E57/><V12/><F12/><W100/><G40/><T124/><D124/><U70/><E70/><V1/><F1/><W96/><G0/><T59/><D31/><N who="1" m="19951" /><E91/><V53/><F105/><AGARI ba="0,0" hai="14,19,21,98,99,104,105,106,112,113,114" m="19951" machi="105" ten="40,3900,0" yaku="15,1,52,1" doraHai="28" who="1" fromWho="2" sc="213,0,400,39,38,-39,349,0" owari="213,-18.7,439,53.9,-1,-50.1,349,14.9" /></mjloggm>