<mjloggm ver="2.3"><GO type="169" lobby="0"/><UN n0="%E3%81%82%E3%81%84%E3%81%93%E3%81%99" n1="%E3%81%95%E3%82%93%E3%81%84%E3%81%A1%E3%82%8D%E3%81%8F%E3%81%94" n2="%41%4F%54" n3="%E3%81%8A%E3%81%9F%E3%81%BE%E3%82%8B" dan="16,17,18,16" rate="2153.87,2095.86,2236.65,2099.43" sx="M,M,F,M"/><TAIKYOKU oya="0"/><INIT seed="0,0,0,3,3,22" ten="250,250,250,250" oya="0" hai0="115,113,61,119,60,13,135,78,112,21,86,62,133" hai1="99,12,89,26,4,96,79,49,57,108,31,0,131" hai2="88,66,83,76,81,59,6,87,91,97,123,98,7" hai3="111,121,125,80,48,1,129,134,63,84,45,14,116"/><T34/><D119/><U128/><E0/><V102/><F123/><W33/><G116/><T32/><D86/><U37/><E37/><V93/><F66/><W15/><G1/><T35/><D78/><U100/><E79/><V118/><F118/><W24/><G121/><T104/><D104/><U85/><E108/><V16/><F59/><W47/><G111/><T54/><D54/><N who="1" m="31951" /><E4/><V43/><F43/><W109/><G109/><T25/><D13/><U53/><E12/><V50/><F50/><W90/><G125/><T23/><REACH who="0" step="1"/><D25/><REACH who="0" ten="240,250,250,250" step="2"/><U95/><E53/><V126/><F126/><W106/><G106/><T105/><D105/><U103/><E128/><V17/><F76/><W92/><G24/><T65/><D65/><U20/><E131/><V71/><F98/><AGARI ba="0,1" hai="20,26,31,85,89,95,96,98,99,100,103" m="31951" machi="98" ten="30,2000,0" yaku="8,1,52,1" doraHai="22" who="1" fromWho="2" sc="240,0,250,30,250,-20,250,0" /><INIT seed="1,0,0,5,0,70" ten="240,280,230,250" oya="1" hai0="112,63,19,2,67,20,90,7,50,81,130,26,15" hai1="54,66,59,4,10,34,104,52,133,125,35,94,71" hai2="18,126,92,1,43,57,78,61,45,103,58,127,22" hai3="27,8,11,74,106,53,33,46,64,117,48,86,28"/><U121/><E121/><V116/><F116/><W3/><G74/><T83/><D112/><U31/><E125/><N who="2" m="47627" /><F1/><W115/><G115/><T39/><D130/><U93/><E133/><V51/><F78/><W56/><G106/><T55/><D2/><U5/><E104/><V95/><F103/><W132/><G117/><T37/><D83/><U13/><E4/><V124/><N who="2" m="47635" /><V76/><DORA hai="91" /><F76/><W135/><G86/><T29/><D7/><U122/><E122/><V84/><F84/><W32/><G32/><T100/><D100/><U105/><E105/><V30/><F30/><W120/><G120/><T107/><D107/><U9/><E9/><V69/><F69/><W23/><G33/><T85/><D63/><N who="1" m="38271" /><E34/><V129/><F58/><W119/><G119/><T16/><D67/><U25/><E71/><V134/><F134/><N who="3" m="51243" /><G3/><T111/><D19/><U102/><E102/><V131/><F131/><W108/><G108/><T77/><D111/><U82/><E35/><V75/><F75/><W65/><G65/><T80/><D26/><U73/><E73/><V72/><F72/><W114/><G114/><T49/><D29/><U38/><E82/><V109/><F109/><W88/><G64/><T96/><D80/><U118/><E118/><V0/><F0/><W110/><G110/><T79/><D77/><U68/><E68/><V24/><F129/><W89/><G56/><T99/><D79/><U17/><E31/><V21/><F21/><W42/><G28/><T12/><D20/><N who="1" m="13455" /><E38/><V87/><F87/><W41/><G23/><T44/><D81/><U6/><E6/><RYUUKYOKU ba="0,0" sc="240,-15,280,15,230,15,250,-15" hai1="5,10,13,52,54,93,94" hai2="18,22,24,43,45,51,57,61,92,95" /><INIT seed="1,1,0,4,5,60" ten="225,295,245,235" oya="1" hai0="89,16,90,50,84,49,11,29,108,67,99,124,9" hai1="37,78,119,116,27,130,57,107,121,5,92,101,7" hai2="2,74,106,120,102,38,132,125,52,0,135,14,39" hai3="79,70,96,8,53,75,134,81,68,113,83,12,69"/><U86/><E121/><V34/><F120/><W19/><G113/><T97/><D108/><U118/><E37/><V126/><F34/><W77/><G134/><N who="2" m="51241" /><F74/><W4/><G96/><T110/><D110/><U10/><E130/><V21/><F102/><W111/><G111/><T127/><D29/><U3/><E7/><V41/><F106/><W54/><REACH who="3" step="1"/><G4/><REACH who="3" ten="225,295,245,225" step="2"/><T122/><D122/><U28/><E116/><V20/><F126/><W115/><G115/><T17/><D84/><AGARI ba="1,1" hai="8,12,19,53,54,68,69,70,75,77,79,81,83,84" machi="84" ten="40,5200,0" yaku="1,1,53,2" doraHai="60" doraHaiUra="48" who="3" fromWho="0" sc="225,-55,295,0,245,0,225,65" /><INIT seed="2,0,0,3,0,123" ten="170,295,245,290" oya="2" hai0="110,106,5,98,132,60,117,72,83,84,18,63,61" hai1="122,67,86,68,89,108,15,105,3,78,102,38,90" hai2="74,71,59,41,129,31,111,101,87,51,96,6,20" hai3="130,13,34,120,55,57,82,42,134,135,46,128,104"/><V47/><F74/><W35/><G104/><T93/><D110/><U76/><E3/><V26/><F71/><W17/><G82/><T9/><D132/><N who="3" m="50729" /><G120/><T70/><D117/><U112/><E38/><V48/><F129/><N who="3" m="49771" /><G57/><T14/><D72/><U39/><E105/><V19/><F111/><W7/><G55/><T2/><D106/><U66/><E108/><V11/><F87/><W69/><G69/><T0/><D70/><U116/><E86/><V115/><F115/><W125/><G7/><T97/><D5/><U100/><E112/><V21/><F59/><W45/><G45/><T107/><D107/><U126/><E68/><V4/><F51/><N who="3" m="27095" /><G125/><T22/><D0/><U29/><E126/><V62/><F62/><W131/><N who="3" m="49779" /><W53/><DORA hai="103" /><G53/><T12/><D2/><U79/><E122/><V114/><F114/><W10/><AGARI ba="0,0" hai="10,13,17,34,35" m="27095,49779,50729" machi="10" ten="50,3200,0" yaku="20,1,19,1" doraHai="123,103" who="3" fromWho="3" sc="170,-8,295,-8,245,-16,290,32" /><INIT seed="3,0,0,1,0,135" ten="162,287,229,322" oya="3" hai0="11,104,0,94,6,5,28,59,82,55,34,89,50" hai1="73,57,78,67,36,14,33,88,87,109,24,77,52" hai2="81,18,22,16,91,72,116,39,117,2,75,27,125" hai3="120,132,85,74,19,106,60,25,56,7,129,134,118"/><W44/><G74/><T15/><D104/><U32/><E36/><V13/><F2/><W121/><G106/><T53/><D34/><U114/><E114/><V21/><F39/><W112/><G118/><T79/><D28/><U97/><E109/><V29/><F125/><W17/><G112/><T69/><D69/><U115/><E115/><V31/><F91/><W58/><G129/><T105/><D105/><U83/><E67/><V80/><REACH who="2" step="1"/><F13/><REACH who="2" ten="162,287,219,322" step="2"/><W38/><G38/><T76/><D0/><U49/><E14/><V62/><F62/><W48/><G60/><T51/><D5/><U42/><E88/><V128/><F128/><W40/><G7/><T100/><D100/><U70/><E78/><V95/><F95/><W126/><G126/><T68/><D68/><U113/><E77/><V103/><F103/><W119/><G132/><T46/><REACH who="0" step="1"/><D82/><REACH who="0" ten="152,287,219,322" step="2"/><U111/><E83/><V102/><F102/><W20/><G134/><T26/><D26/><AGARI ba="0,2" hai="16,18,21,22,26,27,29,31,72,75,80,81,116,117" machi="26" ten="25,6400,0" yaku="1,1,22,2,54,1,53,0" doraHai="135" doraHaiUra="99" who="2" fromWho="0" sc="152,-64,287,0,219,84,322,0" /><INIT seed="4,0,0,2,2,133" ten="88,287,303,322" oya="0" hai0="101,84,24,128,32,48,2,51,61,4,110,9,82" hai1="117,41,86,106,102,92,58,122,97,113,10,112,99" hai2="100,35,115,129,64,91,30,85,17,127,72,130,120" hai3="50,93,22,65,45,135,81,67,126,19,111,1,46"/><T80/><D128/><N who="2" m="49258" /><F64/><W125/><G111/><T56/><D110/><U16/><E117/><V36/><F36/><W8/><G135/><T57/><D101/><U74/><E74/><V54/><F54/><W55/><G81/><T18/><D80/><U105/><E122/><V108/><F108/><W96/><G46/><T95/><D95/><U7/><E41/><V52/><F72/><W94/><G94/><T98/><D98/><U44/><E44/><V49/><F100/><W39/><G39/><T83/><D83/><U121/><E121/><V20/><F115/><N who="1" m="44105" /><E86/><V15/><F35/><W132/><G132/><T11/><D57/><U43/><E43/><V68/><F30/><W119/><G119/><T6/><D32/><U63/><E7/><V62/><F120/><W37/><G37/><T87/><D87/><U73/><E99/><V78/><F78/><W14/><G65/><T124/><D124/><N who="3" m="47721" /><G67/><T25/><D61/><U21/><E73/><V3/><F62/><W23/><G1/><T12/><D56/><U71/><E58/><V31/><F3/><W26/><G26/><T70/><D70/><U69/><E71/><V29/><F68/><W34/><G34/><T109/><D109/><U76/><E69/><V27/><F27/><W77/><G77/><N who="0" m="46159" /><D25/><N who="1" m="14503" /><E76/><V75/><F127/><W107/><G107/><N who="1" m="40970" /><E63/><V53/><F75/><W103/><AGARI ba="0,0" hai="8,14,19,22,23,45,50,55,93,96,103" m="47721" machi="103" ten="30,7900,0" yaku="18,1,52,3" doraHai="133" who="3" fromWho="3" sc="88,-39,287,-20,303,-20,322,79" /><INIT seed="5,0,0,5,2,127" ten="49,267,283,401" oya="1" hai0="98,58,80,55,15,120,56,102,134,93,112,44,103" hai1="91,57,125,12,18,135,48,51,121,76,88,50,38" hai2="2,95,32,53,108,100,85,124,63,23,81,68,28" hai3="131,129,126,122,128,113,39,106,59,60,132,4,92"/><U115/><E38/><V77/><F108/><W22/><G106/><T89/><D112/><U14/><E121/><V117/><F117/><W133/><G122/><T73/><D120/><U11/><E125/><V31/><F2/><W118/><G126/><T111/><D111/><U84/><E135/><N who="3" m="51786" /><G113/><T17/><D134/><U13/><E115/><V42/><F32/><W24/><G118/><T35/><D35/><U104/><E104/><V19/><F42/><W96/><G39/><T78/><D44/><U116/><E116/><V87/><F68/><W27/><G4/><T74/><D74/><U67/><E76/><V75/><F75/><W29/><G22/><T119/><D119/><U79/><E79/><V110/><F110/><W72/><G72/><T45/><D45/><U65/><E91/><N who="2" m="53743" /><F100/><N who="3" m="60423" /><G29/><T94/><D94/><N who="1" m="54535" /><E67/><AGARI ba="0,0" hai="24,27,59,60,67,128,129,131" m="60423,51786" machi="67" ten="40,8000,1" yaku="19,1,20,1,52,3" doraHai="127" who="3" fromWho="1" sc="49,0,267,-80,283,0,401,80" /><INIT seed="6,0,0,3,4,128" ten="49,187,283,481" oya="2" hai0="124,67,100,110,27,79,94,117,135,42,115,24,43" hai1="34,4,118,77,119,38,0,93,37,2,76,39,49" hai2="26,62,127,126,84,12,57,65,29,41,51,92,103" hai3="3,48,75,97,40,70,133,8,80,13,64,46,56"/><V7/><F7/><W55/><G3/><T112/><D110/><U36/><E38/><V21/><F12/><W71/><G97/><T63/><D124/><U102/><E34/><V33/><F33/><W74/><G80/><T61/><D79/><U122/><E122/><V132/><F132/><W23/><G133/><T121/><D121/><U72/><E72/><V31/><F31/><W107/><G23/><T98/><D135/><U60/><E49/><V109/><F109/><W88/><G88/><T52/><D117/><U81/><E81/><V19/><F19/><W114/><G107/><T113/><D63/><U1/><E4/><V11/><F11/><W25/><G25/><T66/><D67/><U91/><E102/><V35/><F35/><W32/><G32/><T58/><REACH who="0" step="1"/><D66/><REACH who="0" ten="39,187,283,481" step="2"/><U20/><E60/><V108/><F108/><W101/><G64/><T18/><D18/><U14/><E76/><V86/><F127/><W134/><G134/><T89/><D89/><U53/><E77/><V22/><F126/><W123/><G123/><T85/><D85/><U73/><E118/><V99/><F86/><W5/><G75/><T59/><D59/><U116/><E73/><V17/><F84/><W125/><G74/><T111/><D111/><U30/><E116/><V130/><F17/><W106/><G125/><T95/><D95/><U129/><E93/><V78/><F78/><W16/><G16/><T68/><D68/><U105/><E91/><V44/><F130/><W10/><G71/><T47/><D47/><U45/><E129/><V120/><F120/><W131/><G70/><RYUUKYOKU ba="0,1" sc="39,15,187,-15,283,15,481,-15" hai0="24,27,42,43,52,58,61,94,98,100,112,113,115" hai2="21,22,26,29,41,44,51,57,62,65,92,99,103" /><INIT seed="6,1,1,5,1,127" ten="54,172,298,466" oya="2" hai0="22,43,111,130,13,132,55,93,102,92,31,2,52" hai1="80,39,113,28,106,98,53,24,30,91,123,64,110" hai2="32,115,120,5,114,65,57,104,7,74,122,76,16" hai3="29,54,96,134,116,62,75,59,17,21,68,8,1"/><V45/><F104/><W50/><G116/><T124/><D111/><U125/><E110/><V87/><F74/><W105/><G75/><T72/><D2/><U121/><E39/><V94/><F45/><W63/><G134/><T12/><D132/><U84/><E125/><V95/><F32/><W129/><G129/><T100/><D72/><U109/><E109/><V77/><F57/><W101/><G68/><T20/><D124/><U56/><E64/><V18/><F87/><W15/><G1/><T46/><D46/><U51/><E113/><V118/><REACH who="2" step="1"/><F65/><REACH who="2" ten="54,172,288,466" step="2"/><W3/><G105/><T0/><D0/><U26/><E106/><V78/><F78/><W37/><G3/><T38/><D43/><U133/><E133/><V119/><AGARI ba="1,2" hai="5,7,16,18,76,77,94,95,114,115,118,119,120,122" machi="119" ten="25,12000,1" yaku="1,1,0,1,22,2,54,1,53,0" doraHai="127" doraHaiUra="35" who="2" fromWho="2" sc="54,-41,172,-41,288,143,466,-41" /><INIT seed="6,2,0,4,4,80" ten="13,131,431,425" oya="2" hai0="66,134,59,131,125,23,29,107,14,112,132,81,56" hai1="62,113,77,79,50,86,103,2,48,22,4,90,34" hai2="116,69,43,92,73,64,36,93,52,31,44,42,12" hai3="121,135,111,26,95,71,27,60,94,57,33,130,123"/><V115/><F116/><W38/><G111/><T19/><D107/><U28/><E34/><V84/><F73/><W68/><G38/><T82/><D112/><U120/><E113/><V8/><F115/><W32/><G57/><T133/><D125/><U15/><E2/><V1/><F1/><W85/><G60/><T49/><D131/><U75/><E75/><V37/><F31/><W11/><G11/><T58/><D66/><U47/><E103/><V35/><F35/><W51/><G51/><T101/><D101/><U102/><E102/><V41/><F64/><W67/><G67/><T0/><D0/><U127/><E120/><V91/><F69/><W30/><G30/><T106/><D106/><U54/><E62/><V104/><F104/><W99/><G99/><T128/><D128/><U45/><E127/><V55/><F93/><W17/><G17/><T74/><D74/><U83/><E4/><V25/><F25/><W61/><G61/><T110/><D110/><U122/><E122/><V108/><F108/><W3/><G3/><T117/><D117/><U118/><E118/><V114/><F114/><W100/><G130/><T7/><D7/><U89/><E79/><V78/><F78/><W98/><G100/><T70/><D70/><U72/><E72/><V87/><F37/><W16/><G16/><T124/><D124/><U105/><E28/><V9/><F36/><W6/><G6/><T129/><D129/><U46/><E105/><V76/><F76/><W40/><G123/><T126/><D126/><U88/><E50/><V39/><F39/><W13/><G121/><RYUUKYOKU ba="2,0" sc="13,-10,131,30,431,-10,425,-10" hai1="15,22,45,46,47,48,54,77,83,86,88,89,90" /><INIT seed="7,3,0,0,2,19" ten="3,161,421,415" oya="3" hai0="128,12,95,113,131,87,98,105,72,45,99,65,39" hai1="55,108,49,1,48,104,118,2,60,75,53,71,50" hai2="96,46,78,84,67,9,35,34,6,101,11,73,0" hai3="29,107,102,10,54,110,90,79,21,74,93,20,82"/><W4/><G110/><T120/><D12/><U121/><E104/><V117/><F117/><W40/><G40/><T106/><D45/><U85/><E75/><V135/><F135/><W129/><G129/><T123/><D65/><U25/><E85/><V58/><F73/><W47/><G29/><T61/><D61/><U88/><E71/><V124/><F124/><W92/><G92/><T59/><D59/><U63/><E88/><V3/><F46/><W13/><G47/><T52/><D52/><U30/><E1/><V7/><F84/><N who="3" m="52423" /><G54/><T91/><D39/><U111/><E2/><V125/><F78/><W64/><G64/><T28/><D28/><U51/><E48/><V32/><F125/><W76/><G76/><T44/><D44/><U18/><E18/><V17/><F17/><W116/><G116/><T56/><D56/><U43/><E118/><V33/><F33/><W112/><G112/><T41/><D41/><U24/><E43/><V126/><F126/><W16/><G4/><T115/><D72/><U36/><E49/><V133/><F133/><W42/><G42/><T23/><D23/><U27/><E36/><V26/><F67/><W134/><G134/><T130/><D106/><U8/><E30/><V14/><F58/><W119/><G119/><T103/><D99/><AGARI ba="3,0" hai="10,13,16,20,21,74,79,82,99,102,107" m="52423" machi="99" ten="30,11600,0" yaku="24,1,52,2,54,1" doraHai="19" who="3" fromWho="0" sc="3,-125,161,0,421,0,415,125" owari="-122,-62.2,161,-23.9,421,22.1,540,64.0" /></mjloggm>