<mjloggm ver="2.3"><GO type="169" lobby="0"/><UN n0="%67%61%79%75%6E%79" n1="%61%73%61%64%61%31%32" n2="%E7%A0%B2%E5%A7%90%E5%A7%90" n3="%E6%9E%95%E9%AD%9A" dan="17,17,16,16" rate="2197.07,2167.56,2105.60,2111.03" sx="M,M,F,F"/><TAIKYOKU oya="0"/><INIT seed="0,0,0,5,2,109" ten="250,250,250,250" oya="0" hai0="24,129,94,79,132,83,60,87,81,49,88,101,97" hai1="8,121,126,65,50,105,19,77,103,48,13,34,37" hai2="41,95,26,85,118,52,63,78,4,16,64,76,115" hai3="28,69,5,32,3,70,35,98,29,7,6,30,86"/><T73/><D129/><U82/><E121/><V1/><F118/><W66/><G86/><T54/><D132/><U72/><E37/><V40/><F1/><W119/><G3/><T102/><D60/><U51/><E34/><V47/><F4/><W12/><G119/><T91/><REACH who="0" step="1"/><D24/><REACH who="0" ten="240,250,250,250" step="2"/><U61/><E126/><V53/><F26/><W90/><G66/><T93/><D93/><U17/><E61/><V10/><F64/><W42/><G69/><T14/><D14/><U2/><E65/><V39/><F63/><W113/><G70/><T44/><AGARI ba="0,1" hai="44,49,54,73,79,81,83,87,88,91,94,97,101,102" machi="44" ten="20,7800,0" yaku="1,1,0,1,7,1,54,1,53,0" doraHai="109" doraHaiUra="55" who="0" fromWho="0" sc="240,88,250,-26,250,-26,250,-26" /><INIT seed="0,1,0,0,1,23" ten="328,224,224,224" oya="0" hai0="61,19,121,38,10,39,125,116,48,123,122,64,55" hai1="11,130,103,62,109,74,60,85,101,73,16,1,0" hai2="41,53,71,93,57,58,66,40,104,79,86,59,102" hai3="45,49,126,108,88,90,105,128,26,97,100,84,5"/><T44/><D19/><U51/><E130/><V76/><F104/><W132/><G108/><T54/><D10/><U114/><E109/><V83/><F76/><W99/><G128/><T91/><D91/><U52/><E85/><V120/><F120/><W20/><G132/><T17/><D17/><U2/><E114/><V13/><F71/><W81/><G5/><T78/><D78/><U135/><E135/><V117/><F66/><W14/><G126/><T22/><D22/><U95/><E62/><V43/><F117/><W131/><G131/><T96/><D96/><U106/><E60/><N who="2" m="35887" /><F13/><W30/><G14/><T107/><D107/><U127/><E106/><V68/><F68/><W124/><G124/><T70/><D125/><U67/><E67/><V77/><F77/><W29/><G29/><T65/><D65/><U46/><E127/><V89/><F102/><W37/><G37/><T110/><D110/><U4/><E16/><V82/><F82/><W28/><G28/><T94/><D94/><U12/><REACH who="1" step="1"/><E95/><REACH who="1" ten="328,214,224,224" step="2"/><V50/><F93/><W27/><G30/><T42/><D116/><U3/><N who="1" m="0" /><DORA hai="9" /><U47/><E47/><V25/><F86/><W98/><G98/><T133/><D133/><U129/><E129/><V75/><F75/><AGARI ba="1,1" hai="4,11,12,46,51,52,73,74,75,101,103" m="0" machi="75" ten="70,12000,2" yaku="1,1,52,1,54,1,53,4" doraHai="23,9" doraHaiUra="134,32" who="1" fromWho="2" sc="328,0,214,133,224,-123,224,0" /><INIT seed="1,0,0,2,0,34" ten="328,347,101,224" oya="1" hai0="64,59,45,90,87,10,130,115,44,47,126,101,67" hai1="36,1,89,125,134,108,70,80,100,131,78,91,95" hai2="3,56,111,39,121,73,128,75,26,48,105,27,65" hai3="41,129,97,62,53,113,99,0,28,88,11,32,120"/><U68/><E36/><V116/><F48/><W4/><G113/><T50/><D115/><U112/><E112/><V15/><F15/><W106/><G120/><T69/><D69/><U133/><E70/><V122/><F56/><W17/><G129/><T9/><D130/><U82/><E68/><V25/><F65/><N who="0" m="25162" /><D101/><U86/><E131/><V58/><F58/><W29/><G41/><T12/><D126/><U24/><E125/><V127/><F27/><W61/><G17/><N who="0" m="8335" /><D10/><U23/><E1/><V124/><F26/><W93/><G32/><T85/><D90/><N who="1" m="51543" /><E24/><V117/><F25/><W37/><G37/><T31/><D31/><U72/><E23/><V5/><F5/><W14/><G14/><T51/><D51/><U98/><E108/><V135/><F116/><W63/><REACH who="3" step="1"/><G53/><AGARI ba="0,0" hai="44,45,47,50,53,59,85,87" m="8335,25162" machi="53" ten="30,1000,0" yaku="8,1" doraHai="34" who="0" fromWho="3" sc="328,10,347,0,101,0,224,-10" /><INIT seed="2,0,0,4,5,103" ten="338,347,101,214" oya="2" hai0="47,121,51,92,5,12,132,97,11,19,73,59,126" hai1="43,20,58,115,102,42,94,82,135,53,31,133,6" hai2="0,13,96,9,67,35,120,81,95,106,74,113,30" hai3="38,98,107,56,48,7,105,25,86,50,14,124,33"/><V39/><F113/><W26/><G38/><T65/><D73/><U128/><E82/><V71/><F120/><W54/><G124/><T130/><D121/><U60/><E128/><V75/><F39/><W78/><G98/><T90/><D126/><U44/><E115/><V104/><F0/><W61/><G48/><T122/><D122/><U77/><E77/><V70/><F35/><W110/><G110/><T8/><D132/><N who="1" m="50763" /><E6/><V16/><F30/><W127/><G127/><T57/><D65/><U68/><E68/><V55/><F55/><W36/><G36/><T49/><D130/><U111/><E111/><V32/><F32/><W22/><G33/><T79/><D79/><U4/><E4/><V108/><F108/><W134/><G134/><T28/><D28/><U52/><E31/><V125/><F125/><W27/><G61/><T46/><D8/><U1/><E20/><V123/><F123/><W93/><G22/><T63/><D5/><U85/><E1/><V119/><F119/><W83/><REACH who="3" step="1"/><G93/><REACH who="3" ten="338,347,101,204" step="2"/><T80/><D63/><U41/><E94/><V17/><F95/><W72/><G72/><T116/><D116/><U112/><E112/><V101/><F75/><W99/><G99/><T3/><D49/><N who="1" m="28711" /><E85/><V91/><F74/><W89/><G89/><T66/><D51/><U76/><E76/><V37/><F37/><W64/><G64/><T34/><D66/><U118/><E102/><N who="2" m="62535" /><F67/><W131/><G131/><T15/><D34/><U87/><E87/><N who="2" m="50671" /><F101/><W69/><G69/><N who="2" m="26121" /><F106/><W2/><G2/><T62/><D3/><U10/><E118/><V129/><F129/><RYUUKYOKU ba="0,1" sc="338,-30,347,10,101,10,204,10" hai1="10,41,42,43,53,58,60" hai2="9,13,16,17" hai3="7,14,25,26,27,50,54,56,78,83,86,105,107" /><INIT seed="2,1,1,5,0,128" ten="308,357,111,214" oya="2" hai0="19,68,89,135,69,22,3,17,113,45,28,35,75" hai1="38,54,55,94,43,64,81,59,16,31,58,126,129" hai2="60,92,87,106,105,61,102,33,21,39,41,131,9" hai3="34,49,66,10,37,40,132,108,93,0,112,56,88"/><V57/><F33/><W80/><G34/><T46/><D75/><U95/><E31/><V4/><F131/><W14/><G0/><T26/><D113/><U91/><E129/><V77/><F61/><W15/><G108/><T24/><D3/><U123/><E64/><V51/><F39/><W50/><G112/><T20/><D35/><U13/><E43/><V7/><F21/><W48/><G80/><T110/><D89/><U83/><E38/><V107/><F77/><W74/><G74/><T67/><D67/><U124/><E123/><V23/><F23/><W1/><G1/><T27/><D27/><U44/><E44/><V42/><F7/><W2/><G2/><T72/><D72/><U111/><E111/><V96/><F87/><W18/><G15/><T25/><D25/><U118/><E118/><V5/><F9/><W97/><G37/><T104/><D104/><U119/><E119/><V133/><F42/><W116/><G116/><T73/><D73/><U53/><E91/><V11/><F11/><W76/><G76/><T122/><D110/><U86/><E86/><V63/><F133/><W71/><G132/><T12/><D12/><U115/><E115/><V98/><F63/><N who="3" m="38247" /><G71/><T32/><D32/><U114/><E114/><V125/><F125/><N who="1" m="48233" /><E83/><V84/><F84/><W117/><G117/><T109/><D109/><U134/><E81/><V99/><F5/><W52/><G40/><T70/><D135/><U8/><E134/><V85/><F4/><W30/><G30/><N who="0" m="17671" /><D122/><U127/><E127/><V100/><F85/><W36/><G36/><T82/><D82/><RYUUKYOKU ba="1,1" sc="308,10,357,10,111,-30,214,10" hai0="17,19,22,26,28,45,46,68,69,70" hai1="8,13,16,53,54,55,58,59,94,95" hai3="10,14,18,48,49,50,52,88,93,97" /><INIT seed="3,2,1,3,1,24" ten="318,367,81,224" oya="3" hai0="9,61,129,107,78,35,52,45,31,40,73,69,75" hai1="88,101,105,92,7,19,6,22,109,2,38,81,64" hai2="1,32,87,120,67,63,133,51,14,41,10,3,89" hai3="8,47,96,26,126,94,27,30,21,103,124,34,114"/><W84/><G114/><T111/><D111/><U50/><E38/><V20/><F133/><W74/><G74/><T46/><D78/><U54/><E109/><V128/><F32/><W121/><G121/><T110/><D110/><U28/><E2/><V97/><F120/><W29/><G8/><T58/><D129/><U82/><E64/><V57/><F128/><W25/><G25/><T125/><D125/><U83/><E101/><V102/><F20/><W115/><G115/><T135/><D135/><U13/><E28/><V68/><F68/><W23/><G34/><T104/><D46/><N who="1" m="27991" /><E105/><V119/><F119/><W86/><G47/><T36/><D107/><U113/><E113/><V117/><F117/><W55/><G55/><T90/><D104/><U37/><E37/><V53/><F41/><W4/><G4/><T0/><D90/><U77/><E77/><V85/><F85/><AGARI ba="2,1" hai="21,23,26,27,29,30,84,85,86,94,96,103,124,126" machi="85" ten="40,7700,0" yaku="9,1,52,2" doraHai="24" who="3" fromWho="2" sc="318,0,367,0,81,-83,224,93" /><AGARI ba="2,0" hai="6,7,13,19,22,81,82,83,85,88,92" m="27991" machi="85" ten="30,2000,0" yaku="8,1,54,1" doraHai="24" who="1" fromWho="2" sc="318,0,367,20,-2,-20,317,0" owari="318,11.8,387,48.7,-22,-52.2,317,-8.3" /></mjloggm>