<mjloggm ver="2.3"><GO type="169" lobby="0"/><UN n0="%68%7A%63" n1="%E3%81%93%E3%82%93%E3%81%AB%E3%82%83%E3%81%8F%E5%A4%A7%E8%87%A3" n2="%50%73%79%63%68%65" n3="%6A%61%63%6B%74" dan="18,16,17,16" rate="2225.98,2079.46,2132.15,2148.09" sx="F,M,M,M"/><TAIKYOKU oya="0"/><INIT seed="0,0,0,5,1,91" ten="250,250,250,250" oya="0" hai0="22,104,7,86,37,11,71,56,78,128,1,32,45" hai1="8,29,26,94,50,4,116,83,62,15,111,35,0" hai2="119,108,105,57,9,129,103,23,51,132,98,74,121" hai3="88,130,36,134,77,47,5,21,49,107,18,79,95"/><T66/><D56/><U25/><E116/><V42/><F119/><W96/><G130/><T68/><D22/><U109/><E83/><V59/><F129/><W61/><G134/><T106/><D86/><U20/><E50/><V90/><F132/><W64/><G107/><N who="0" m="41003" /><D128/><U33/><E94/><V73/><F121/><W120/><G5/><T41/><D66/><U28/><E62/><V100/><F100/><W99/><G36/><T85/><D85/><U16/><AGARI ba="0,0" hai="0,4,8,15,16,20,25,26,28,29,33,35,109,111" machi="16" ten="30,16000,3" yaku="0,1,9,1,24,2,34,3,54,1" doraHai="91" who="1" fromWho="1" sc="250,-80,250,160,250,-40,250,-40" /><INIT seed="1,0,0,1,5,5" ten="170,410,210,210" oya="1" hai0="55,127,70,24,58,63,0,101,75,113,59,104,44" hai1="32,54,73,33,42,122,3,46,100,117,61,95,81" hai2="12,93,107,72,25,87,133,39,78,76,134,66,88" hai3="129,135,115,18,35,86,96,9,103,108,99,56,1"/><U43/><E122/><V62/><F39/><W2/><G115/><T19/><D75/><U125/><E117/><V45/><F107/><W17/><G35/><T67/><D113/><U92/><E125/><V4/><F45/><W105/><G108/><T27/><D127/><U26/><E61/><V13/><F25/><W20/><G129/><T89/><D0/><U48/><E3/><V41/><F41/><W14/><G135/><N who="2" m="51721" /><F72/><W60/><G86/><T69/><D44/><U6/><E26/><V98/><F98/><W28/><G96/><T123/><D123/><U132/><E132/><V50/><F50/><W94/><G105/><T36/><D36/><U71/><E71/><N who="2" m="42455" /><F13/><W65/><REACH who="3" step="1"/><G28/><REACH who="3" ten="170,410,210,200" step="2"/><T102/><D104/><U49/><E33/><V111/><F111/><W22/><G22/><T11/><D102/><U30/><E30/><V16/><F4/><W118/><G118/><T83/><D101/><U124/><E6/><V121/><F121/><W51/><G51/><T109/><D109/><U106/><E32/><V80/><F80/><W112/><G112/><T90/><D83/><U82/><E100/><V114/><F114/><W57/><G57/><T120/><D120/><U110/><E106/><V68/><F68/><W29/><G29/><T84/><D70/><U91/><E110/><V77/><F77/><W116/><G116/><T38/><D38/><U128/><E82/><V119/><F119/><W10/><G10/><AGARI ba="0,1" hai="10,12,16,76,78,87,88,93" m="42455,51721" machi="10" ten="30,7700,0" yaku="20,1,52,1,54,2" doraHai="5" who="2" fromWho="3" sc="170,0,410,0,210,87,200,-77" /><INIT seed="2,0,0,0,5,1" ten="170,410,297,123" oya="2" hai0="128,121,7,62,80,36,20,115,98,87,41,33,120" hai1="99,78,9,107,108,118,77,74,56,46,129,63,43" hai2="106,124,70,119,122,110,32,88,66,21,15,28,39" hai3="83,58,113,59,104,51,68,44,96,100,86,17,40"/><V8/><F119/><W97/><G113/><T54/><D33/><U117/><E108/><V95/><F106/><W82/><G68/><T71/><D115/><U23/><E129/><V125/><F39/><W42/><G42/><T26/><D128/><U30/><E118/><V0/><F122/><W34/><G34/><T126/><D126/><N who="2" m="48746" /><F32/><W130/><G130/><T91/><D41/><U19/><E30/><V49/><F49/><W123/><G123/><T37/><D37/><U16/><E74/><V3/><F110/><W90/><G17/><T93/><D36/><U73/><E73/><V12/><F66/><W102/><REACH who="3" step="1"/><G83/><REACH who="3" ten="170,410,297,113" step="2"/><T81/><D81/><U112/><E112/><V101/><F70/><W13/><G13/><T45/><D71/><U114/><E114/><V60/><F15/><W29/><G29/><T52/><D121/><U69/><E69/><V92/><F12/><W4/><G4/><T65/><D7/><U116/><E116/><V72/><F28/><W135/><G135/><T67/><D120/><U89/><E117/><V6/><F6/><W105/><AGARI ba="0,1" hai="40,44,51,58,59,82,86,90,96,97,100,102,104,105" machi="105" ten="20,5200,0" yaku="1,1,0,1,7,1,9,1,53,0" doraHai="1" doraHaiUra="24" who="3" fromWho="3" sc="170,-13,410,-13,297,-26,113,62" /><INIT seed="3,0,0,3,0,119" ten="157,397,271,175" oya="3" hai0="118,133,98,7,29,110,27,22,21,63,130,99,31" hai1="41,58,52,88,104,18,105,17,72,51,15,97,44" hai2="89,42,36,114,132,10,124,71,128,62,77,122,56" hai3="49,115,54,91,30,5,135,14,92,38,60,103,23"/><W107/><G115/><T113/><D113/><U45/><E72/><V100/><F114/><W24/><G38/><T79/><D110/><U9/><E45/><V76/><F100/><W68/><G135/><T46/><D118/><U125/><E125/><V95/><F71/><W59/><G107/><T40/><D130/><U123/><E123/><V86/><F132/><W96/><G68/><T16/><D133/><U8/><E8/><V120/><F128/><W3/><G3/><T26/><D79/><U50/><E18/><V90/><F124/><W4/><G14/><T121/><D7/><U131/><E131/><V32/><F32/><W94/><REACH who="3" step="1"/><G60/><REACH who="3" ten="157,397,271,165" step="2"/><T84/><D63/><U2/><E2/><V25/><F36/><W53/><G53/><T134/><D134/><U34/><E34/><V67/><F42/><W61/><G61/><T12/><D121/><N who="2" m="46698" /><F25/><W11/><G11/><T37/><REACH who="0" step="1"/><D84/><AGARI ba="0,1" hai="4,5,23,24,30,49,54,59,84,91,92,94,96,103" machi="84" ten="30,5800,0" yaku="1,1,7,1,8,1,53,0" doraHai="119" doraHaiUra="101" who="3" fromWho="0" sc="157,-58,397,0,271,0,165,68" /><INIT seed="3,1,0,2,3,77" ten="99,397,271,233" oya="3" hai0="5,58,82,15,20,9,24,126,102,94,118,36,113" hai1="65,92,91,37,17,53,132,121,122,106,67,64,56" hai2="40,110,75,6,1,45,31,21,3,19,103,54,2" hai3="119,14,100,117,124,116,7,38,11,73,63,74,59"/><W46/><G124/><T26/><D36/><U10/><E106/><V125/><F110/><W33/><G33/><T32/><D118/><U86/><E37/><V133/><F133/><W76/><G100/><T87/><D126/><U96/><E132/><V30/><F103/><W25/><G25/><T23/><D113/><U98/><E122/><V130/><F54/><W84/><G46/><T104/><D104/><U129/><E129/><V81/><F130/><W90/><G76/><T69/><D69/><U105/><E105/><V71/><F71/><W83/><REACH who="3" step="1"/><G38/><REACH who="3" ten="99,397,271,223" step="2"/><T44/><D44/><U108/><E121/><V0/><F125/><W8/><G8/><T62/><D32/><U57/><E108/><V61/><F45/><W66/><AGARI ba="1,1" hai="7,11,14,59,63,66,73,74,83,84,90,116,117,119" machi="66" ten="30,6000,0" yaku="1,1,0,1,52,1,53,0" doraHai="77" doraHaiUra="97" who="3" fromWho="3" sc="99,-21,397,-21,271,-21,223,73" /><INIT seed="3,2,0,4,3,84" ten="78,376,250,296" oya="3" hai0="110,8,104,29,44,14,133,54,61,106,42,114,2" hai1="12,100,115,99,0,60,6,94,130,127,82,124,70" hai2="85,34,67,118,101,111,80,108,48,95,90,11,62" hai3="96,59,55,113,125,31,132,56,75,66,87,86,19"/><W69/><G113/><T5/><D114/><U117/><E115/><V73/><F118/><W77/><G75/><T30/><D110/><N who="2" m="42026" /><F34/><W131/><G69/><T26/><D133/><U36/><E36/><V52/><F11/><W65/><G31/><T40/><D30/><U126/><E117/><V50/><F101/><W91/><G125/><T105/><D2/><U17/><E130/><V49/><F73/><W21/><G131/><T129/><D129/><U120/><E120/><V122/><F122/><W107/><G132/><T33/><REACH who="0" step="1"/><D61/><REACH who="0" ten="68,376,250,296" step="2"/><U10/><E60/><V4/><F62/><W20/><G66/><T9/><D9/><N who="1" m="2247" /><E82/><V71/><F67/><W37/><G65/><T27/><D27/><U102/><E70/><V93/><F71/><W38/><G21/><T74/><D74/><U3/><E3/><V123/><F123/><W92/><G20/><T83/><D83/><U46/><E127/><V7/><F80/><W63/><G63/><T89/><D89/><U32/><E32/><V18/><F90/><W35/><G91/><T68/><D68/><U119/><E119/><V24/><F24/><W79/><G35/><T88/><D88/><U135/><E135/><V47/><F85/><W134/><G87/><T51/><AGARI ba="2,1" hai="5,8,14,26,29,33,40,42,44,51,54,104,105,106" machi="51" ten="40,2700,0" yaku="1,1,0,1,53,0" doraHai="84" doraHaiUra="121" who="0" fromWho="0" sc="68,43,376,-9,250,-9,296,-15" /><INIT seed="4,0,0,1,5,17" ten="111,367,241,281" oya="0" hai0="13,42,96,85,32,41,97,12,121,101,133,116,76" hai1="20,74,122,123,105,94,48,115,95,109,135,34,126" hai2="19,92,16,23,7,55,60,82,113,100,91,125,1" hai3="51,56,102,44,66,103,50,71,31,29,22,54,114"/><T99/><D32/><U27/><E109/><V18/><F113/><W130/><G130/><T0/><D0/><U131/><E105/><V134/><F134/><W5/><G114/><T49/><D116/><U64/><E115/><V108/><F108/><W46/><G71/><T83/><D121/><U110/><E110/><V112/><F112/><W73/><G73/><T39/><D39/><U93/><E131/><V26/><F125/><W80/><G5/><T25/><D133/><U59/><E135/><V38/><F38/><W90/><G80/><T104/><D25/><U129/><E129/><V70/><F100/><W87/><G66/><T47/><D41/><U4/><E34/><V68/><F82/><W88/><G56/><T118/><D118/><U120/><E126/><V67/><F70/><W37/><G37/><T15/><AGARI ba="0,0" hai="12,13,15,42,47,49,76,83,85,96,97,99,101,104" machi="15" ten="30,1500,0" yaku="0,1" doraHai="17" who="0" fromWho="0" sc="111,15,367,-5,241,-5,281,-5" /><INIT seed="4,1,0,3,1,55" ten="126,362,236,276" oya="0" hai0="62,65,94,102,134,75,68,32,59,101,117,130,106" hai1="20,107,36,108,135,10,129,45,120,56,73,35,11" hai2="19,104,41,119,97,64,113,4,72,83,121,112,14" hai3="88,61,9,71,110,89,76,66,63,85,5,18,132"/><T24/><D117/><U13/><E120/><V125/><F121/><W109/><G132/><T2/><D134/><U29/><E135/><V77/><F119/><W90/><G18/><T31/><D130/><U27/><E73/><V98/><F4/><W42/><G42/><T54/><D2/><U8/><E107/><V82/><F41/><W6/><G6/><T28/><D75/><U79/><E79/><V86/><F64/><W26/><G26/><T58/><D31/><U25/><E45/><V115/><F104/><W74/><G63/><T37/><D37/><U3/><E56/><V87/><F125/><W33/><G33/><T69/><D106/><U103/><E103/><V116/><F116/><W99/><G99/><N who="2" m="37897" /><F83/><W133/><G74/><T53/><D94/><U126/><E108/><V23/><AGARI ba="1,0" hai="14,19,23,72,77,82,86,87,112,113,115" m="37897" machi="23" ten="40,1500,0" yaku="15,1" doraHai="55" who="2" fromWho="2" sc="126,-8,362,-5,236,18,276,-5" /><INIT seed="5,0,0,2,4,70" ten="118,357,254,271" oya="1" hai0="19,43,42,114,50,105,67,44,91,75,78,100,80" hai1="21,12,17,36,64,28,16,63,5,92,48,117,40" hai2="51,4,126,22,57,112,74,135,34,20,72,102,81" hai3="11,32,8,113,69,61,88,35,15,82,133,103,13"/><U95/><E117/><V59/><F34/><W71/><G103/><T110/><D110/><U115/><E115/><V104/><F112/><W84/><G113/><T9/><D114/><U94/><E28/><V33/><F33/><W96/><G133/><T132/><D132/><U121/><E121/><V68/><F68/><W54/><G71/><T31/><D31/><U98/><E36/><V124/><F135/><W29/><G96/><T108/><D108/><U93/><E5/><V130/><F4/><W79/><G29/><T127/><D127/><U85/><E85/><V23/><F130/><W27/><G27/><T7/><D67/><U30/><E30/><V99/><F81/><W134/><G134/><T10/><D100/><U26/><E48/><V1/><F1/><W24/><G24/><T65/><D105/><U128/><E40/><V49/><F49/><W76/><G69/><T101/><D65/><U41/><E41/><V39/><F39/><W89/><G61/><T46/><D101/><U37/><E37/><V66/><F66/><W2/><G54/><T118/><D118/><U47/><E47/><V60/><F60/><W116/><G84/><T119/><D119/><U73/><E73/><N who="2" m="28267" /><F51/><W25/><G25/><T55/><D46/><U3/><E3/><V122/><F122/><W125/><G116/><T106/><D106/><U38/><E38/><V18/><F18/><W62/><G2/><N who="0" m="247" /><D91/><N who="1" m="55583" /><E128/><V111/><F111/><W107/><G107/><T0/><D0/><U129/><E129/><V6/><F6/><W131/><G131/><T120/><D120/><U58/><E26/><RYUUKYOKU ba="0,0" sc="118,10,357,10,254,10,271,-30" hai0="10,19,42,43,44,50,55,75,78,80" hai1="12,16,17,21,58,63,64,93,94,95" hai2="20,22,23,57,59,99,102,104,124,126" /><INIT seed="5,1,0,0,1,111" ten="128,367,264,241" oya="1" hai0="102,109,86,103,64,8,24,47,118,115,18,41,0" hai1="91,93,104,68,22,106,54,89,46,120,114,124,55" hai2="117,53,112,31,44,11,84,85,87,35,17,10,128" hai3="76,62,95,122,66,80,38,21,99,45,63,58,4"/><U28/><E120/><V107/><F117/><W23/><G122/><T56/><D118/><U71/><E124/><V1/><F107/><W88/><G4/><T77/><D109/><U61/><E28/><V132/><F132/><W96/><G96/><T133/><D133/><U92/><E22/><V105/><F105/><W37/><G62/><T75/><D75/><U73/><E73/><V57/><F44/><W48/><G38/><T20/><D0/><U33/><E61/><V6/><F128/><W60/><G60/><T119/><D119/><U131/><E46/><V67/><F67/><W2/><G2/><T26/><D8/><U59/><E59/><V30/><F35/><W65/><G37/><T3/><D3/><U100/><E100/><V90/><F90/><W15/><G15/><T43/><D26/><U27/><E27/><V69/><F69/><W101/><G101/><T9/><D9/><U79/><E79/><V12/><REACH who="2" step="1"/><F112/><REACH who="2" ten="128,367,254,241" step="2"/><W52/><REACH who="3" step="1"/><G66/><REACH who="3" ten="128,367,254,231" step="2"/><T108/><D64/><U129/><E33/><V50/><AGARI ba="1,2" hai="1,6,10,11,12,17,30,31,50,53,57,84,85,87" machi="50" ten="30,4000,0" yaku="1,1,2,1,0,1,53,0" doraHai="111" doraHaiUra="19" who="2" fromWho="2" sc="128,-11,367,-21,254,63,231,-11" /><INIT seed="6,0,0,1,4,5" ten="117,346,317,220" oya="2" hai0="111,9,1,24,17,68,95,126,89,65,16,75,116" hai1="56,105,127,6,37,27,58,66,134,11,108,102,97" hai2="76,45,10,115,29,26,70,32,43,51,46,100,88" hai3="112,69,77,132,74,110,82,129,23,106,119,85,104"/><V53/><F70/><W4/><G69/><T33/><D75/><U2/><E108/><V38/><F115/><W41/><G110/><T133/><D111/><U20/><E134/><V98/><F76/><W60/><G119/><T30/><D133/><U122/><E122/><V96/><F100/><W99/><G132/><T130/><D116/><U92/><E37/><V54/><F54/><W101/><G41/><T86/><D126/><U7/><E127/><V0/><REACH who="2" step="1"/><F88/><REACH who="2" ten="117,346,307,220" step="2"/><W57/><G112/><T28/><D68/><U83/><E66/><V47/><F47/><W81/><G101/><T39/><D65/><U107/><E107/><V3/><F3/><W36/><G106/><T71/><D71/><U90/><E105/><V117/><F117/><W125/><G104/><T8/><D1/><U15/><E2/><V79/><F79/><W49/><G77/><T91/><D89/><U93/><E83/><V59/><F59/><W67/><G82/><T14/><D91/><U128/><E58/><V48/><F48/><W62/><G49/><T44/><D44/><U121/><E121/><V78/><F78/><W31/><G81/><T123/><D123/><U124/><E56/><V50/><F50/><W21/><G57/><T34/><D39/><U109/><E109/><V103/><F103/><W94/><G36/><T87/><D95/><U80/><E80/><V113/><F113/><W135/><G94/><T42/><D87/><N who="1" m="52319" /><E124/><V84/><F84/><W40/><G125/><T19/><D86/><U63/><E102/><V22/><F22/><W118/><G67/><T61/><D34/><RYUUKYOKU ba="0,1" sc="117,-10,346,-10,307,30,220,-10" hai2="0,10,26,29,32,38,43,45,46,51,53,96,98" /><INIT seed="6,1,1,1,1,61" ten="107,336,337,210" oya="2" hai0="119,135,130,62,88,7,134,1,48,11,133,106,23" hai1="9,14,70,42,93,85,71,117,63,121,39,51,120" hai2="37,102,75,54,89,65,108,59,38,122,103,53,97" hai3="79,19,8,43,58,64,113,18,15,72,35,128,30"/><V50/><F122/><N who="1" m="47209" /><E117/><V44/><F75/><W56/><G128/><T69/><D119/><U118/><E118/><V22/><F108/><W4/><G43/><T55/><D106/><U45/><E63/><V129/><F129/><W105/><G105/><T114/><D130/><U6/><E51/><V110/><F110/><W111/><G111/><T28/><D114/><U47/><E47/><V86/><F22/><W125/><G125/><T27/><D88/><AGARI ba="1,1" hai="6,9,14,39,42,45,70,71,85,88,93" m="47209" machi="88" ten="30,2000,0" yaku="13,1,54,1" doraHai="61" who="1" fromWho="0" sc="107,-23,336,33,337,0,210,0" /><INIT seed="7,0,0,2,0,103" ten="84,369,337,210" oya="3" hai0="63,9,51,61,132,129,82,64,128,107,92,31,94" hai1="21,110,66,1,134,131,0,121,25,59,27,43,42" hai2="3,2,58,98,104,101,114,16,20,106,57,126,46" hai3="26,79,102,10,99,6,75,37,135,38,15,30,13"/><W116/><G135/><T84/><D31/><U125/><E121/><V127/><F114/><W115/><G115/><T105/><D132/><U54/><E110/><V12/><F46/><W28/><G116/><T80/><D51/><U39/><E134/><V55/><F106/><W118/><G118/><T86/><REACH who="0" step="1"/><D9/><REACH who="0" ten="74,369,337,210" step="2"/><U87/><E39/><V7/><F58/><W74/><G37/><T113/><D113/><U85/><E59/><V133/><F133/><W11/><G38/><T78/><D78/><U83/><E1/><V88/><F88/><W70/><G79/><T53/><D53/><U32/><E0/><V29/><F29/><W71/><G30/><T5/><D5/><U41/><E54/><V76/><F76/><W123/><G28/><T49/><D49/><U52/><E52/><V44/><F44/><W119/><G11/><T47/><D47/><U73/><E41/><V40/><F40/><W100/><G6/><T72/><D72/><U67/><E73/><V35/><F35/><W24/><G10/><T108/><D108/><U14/><E32/><V36/><F36/><W8/><G8/><T130/><D130/><U50/><E131/><V48/><F7/><W81/><G75/><T112/><D112/><U23/><E50/><V109/><F109/><W60/><G74/><T111/><D111/><U93/><E43/><V77/><F77/><W45/><G45/><T89/><D89/><U120/><E42/><V96/><F96/><W4/><G4/><T33/><D33/><U122/><E27/><N who="3" m="10282" /><G99/><T65/><AGARI ba="0,1" hai="61,63,64,65,80,82,84,86,92,94,105,107,128,129" machi="65" ten="25,16000,3" yaku="1,1,0,1,22,2,52,2,53,2" doraHai="103" doraHaiUra="62" who="0" fromWho="0" sc="74,170,369,-40,337,-40,210,-80" owari="244,-15.6,329,42.9,297,9.7,130,-37.0" /></mjloggm>