<mjloggm ver="2.3"><GO type="169" lobby="0"/><UN n0="%E3%83%8E%E3%82%AA%E3%83%81%E3%83%A3%E3%83%99%E3%82%B9" n1="%6C%75%6E%61%32%33%34%35" n2="%E3%82%82%E3%81%93%E3%81%BF" n3="%E6%A1%9C%E5%B0%8F%E8%B7%AF%E6%89%8D%E8%8F%AF" dan="16,16,16,16" rate="2141.65,2077.28,2081.35,2183.91" sx="M,F,M,M"/><TAIKYOKU oya="0"/><INIT seed="0,0,0,5,4,22" ten="250,250,250,250" oya="0" hai0="132,35,50,112,124,1,97,6,39,106,84,67,114" hai1="86,23,64,14,34,28,70,38,123,8,24,113,53" hai2="75,13,36,68,46,88,47,87,126,45,83,0,79" hai3="62,101,85,48,111,20,60,9,58,40,92,31,65"/><T12/><D39/><U103/><E123/><V133/><F126/><W117/><G117/><T127/><D1/><U16/><E113/><V100/><F133/><W121/><G121/><T52/><D67/><U17/><E38/><V131/><F131/><W80/><G111/><T44/><D132/><U15/><E103/><V90/><F0/><W99/><G9/><T10/><D35/><U77/><E53/><V18/><F68/><W27/><G62/><T98/><D84/><U135/><E135/><V5/><F5/><W66/><G66/><T120/><D120/><U33/><E86/><V95/><F36/><W119/><G119/><T125/><REACH who="0" step="1"/><D106/><REACH who="0" ten="240,250,250,250" step="2"/><U59/><E33/><V104/><F104/><W54/><G85/><T11/><D11/><U128/><E128/><V57/><F75/><W32/><G32/><T56/><D56/><U93/><E59/><V115/><F57/><N who="3" m="37007" /><G80/><T122/><D122/><U25/><E64/><V105/><F105/><W82/><G82/><T94/><D94/><U3/><E93/><V72/><F72/><W29/><G40/><T51/><D51/><U78/><E70/><V63/><F63/><W96/><G96/><AGARI ba="0,1" hai="6,10,12,44,50,52,96,97,98,112,114,124,125,127" machi="96" ten="40,7700,0" yaku="1,1,18,1,54,1,53,0" doraHai="22" doraHaiUra="89" who="0" fromWho="3" sc="240,87,250,0,250,0,250,-77" /><INIT seed="0,1,0,1,4,48" ten="327,250,250,173" oya="0" hai0="70,128,88,26,93,61,5,18,113,134,120,121,6" hai1="53,15,117,108,46,22,68,69,29,52,66,13,78" hai2="98,11,135,44,64,65,33,28,131,89,105,91,110" hai3="85,20,72,86,56,129,60,99,59,51,83,63,42"/><T123/><D113/><U87/><E117/><V30/><F110/><W45/><G129/><T115/><D115/><U122/><E122/><V67/><F135/><W10/><G10/><T107/><D107/><U80/><E108/><V76/><F131/><W103/><G72/><T50/><D134/><U17/><E68/><V47/><F33/><W14/><G14/><T102/><D102/><U106/><E106/><V32/><F32/><W55/><G20/><T111/><D128/><U126/><E126/><V25/><F25/><W57/><G83/><T74/><D74/><U133/><E133/><V8/><F76/><W39/><G39/><T112/><D112/><U132/><E132/><V127/><F98/><W81/><G81/><T36/><D36/><U19/><E29/><N who="2" m="11371" /><F105/><W97/><G59/><T71/><D50/><N who="1" m="28759" /><E69/><V119/><F127/><W37/><G37/><T3/><D111/><U82/><E82/><V96/><F96/><N who="3" m="36939" /><G103/><T31/><D71/><U101/><E101/><V94/><F94/><W27/><G27/><T79/><D79/><U16/><E66/><AGARI ba="1,0" hai="42,45,51,55,56,57,60,63,66,85,86" m="36939" machi="66" ten="30,2000,0" yaku="8,1,52,1" doraHai="48" who="3" fromWho="1" sc="327,0,250,-23,250,0,173,23" /><INIT seed="1,0,0,3,4,66" ten="327,227,250,196" oya="1" hai0="133,94,49,36,1,61,105,5,34,91,110,126,92" hai1="22,111,47,39,37,116,51,31,50,69,100,90,125" hai2="11,38,2,64,62,71,67,123,9,89,65,25,75" hai3="32,53,76,33,70,102,122,46,63,17,115,108,134"/><U68/><E116/><V48/><F123/><W93/><G122/><T18/><D36/><N who="1" m="13899" /><E100/><V23/><F38/><W84/><G115/><T87/><D105/><U58/><E90/><V6/><F75/><W43/><G108/><T119/><D34/><U127/><E111/><V14/><F48/><W19/><G134/><T55/><D119/><U85/><E85/><V82/><F82/><W41/><G76/><T57/><D133/><U73/><E73/><V24/><F89/><W30/><G30/><T104/><D104/><U107/><E107/><V0/><F0/><W77/><G77/><T35/><D35/><U97/><E97/><V74/><F74/><W29/><G29/><T101/><D101/><U8/><BYE who="0" /><E8/><UN n0="%E3%83%8E%E3%82%AA%E3%83%81%E3%83%A3%E3%83%99%E3%82%B9" /><V45/><F45/><W52/><G102/><T117/><D117/><U59/><E22/><V132/><F132/><W96/><G84/><T135/><D110/><U3/><E31/><V15/><F2/><W88/><G19/><T121/><D121/><U13/><E13/><V113/><F113/><W99/><G17/><T95/><D135/><U7/><E58/><V130/><F23/><W128/><G99/><T27/><D5/><U40/><E51/><V98/><F98/><W124/><G88/><T114/><D1/><U60/><E7/><V54/><F11/><W10/><G96/><T56/><D114/><U21/><E3/><V44/><F14/><W79/><G10/><T26/><D18/><U72/><E72/><V81/><F81/><W80/><G33/><T118/><D118/><U28/><E28/><V86/><F86/><N who="3" m="48415" /><G32/><T12/><D87/><RYUUKYOKU ba="0,0" sc="327,0,227,0,250,0,196,0" /><INIT seed="2,1,0,1,5,34" ten="327,227,250,196" oya="2" hai0="26,84,66,75,5,115,47,124,0,46,42,45,101" hai1="110,79,113,30,70,86,76,52,92,3,10,63,96" hai2="28,14,68,126,117,133,40,43,130,127,61,17,131" hai3="128,9,58,89,20,93,48,88,37,97,62,91,49"/><V134/><F117/><W111/><G111/><T11/><D75/><U109/><E113/><V107/><F107/><W2/><G128/><N who="2" m="49193" /><F28/><W90/><G37/><T39/><D115/><U54/><E30/><V35/><F35/><W123/><G123/><T105/><D26/><U121/><E121/><V12/><F68/><W60/><G20/><T122/><D122/><U1/><E10/><V41/><F61/><W78/><G78/><T108/><D108/><N who="1" m="41579" /><E76/><V53/><F53/><N who="1" m="20585" /><E86/><V119/><F119/><W82/><G82/><T33/><D33/><U80/><E80/><V100/><F100/><W23/><G23/><T83/><D101/><N who="1" m="60551" /><E79/><V98/><F98/><W56/><G62/><T7/><D66/><AGARI ba="1,0" hai="1,3,63,66,70" m="60551,20585,41579" machi="66" ten="30,7700,0" yaku="14,1,52,2,54,1" doraHai="34" who="1" fromWho="0" sc="327,-80,227,80,250,0,196,0" /><INIT seed="3,0,0,3,4,128" ten="247,307,250,196" oya="3" hai0="2,120,113,22,87,100,72,111,67,16,37,43,130" hai1="99,79,28,70,112,7,31,8,41,32,48,135,46" hai2="3,101,114,34,65,106,10,47,76,103,107,95,116" hai3="109,66,36,63,9,131,56,52,38,78,81,85,83"/><W45/><G131/><T11/><D72/><U91/><E112/><V90/><F114/><W105/><G105/><T84/><D120/><U68/><E70/><V27/><F116/><W119/><G119/><T55/><D67/><U75/><E68/><V51/><F65/><W102/><G102/><T77/><D113/><U122/><E32/><V127/><F127/><W62/><G109/><T64/><D64/><U1/><E122/><V73/><F3/><W24/><G24/><T39/><D100/><U58/><E58/><V110/><F10/><W49/><G9/><T33/><D33/><U26/><E26/><V53/><F110/><W57/><REACH who="3" step="1"/><G83/><REACH who="3" ten="247,307,250,186" step="2"/><T118/><D111/><U5/><E8/><V50/><F103/><W94/><G94/><T40/><D118/><U35/><E5/><V42/><F101/><W82/><G82/><T20/><D130/><U4/><E7/><V117/><F117/><W133/><G133/><T126/><D11/><U69/><E135/><V97/><F107/><W89/><G89/><T92/><D92/><U44/><E91/><V15/><F106/><W80/><G80/><T25/><D25/><U12/><E4/><V98/><F27/><W115/><G115/><T29/><D77/><U108/><E79/><V132/><F132/><W96/><G96/><T86/><D29/><U59/><E28/><V121/><F98/><W18/><G18/><T6/><D16/><U129/><E31/><V30/><F30/><W17/><G17/><T54/><D6/><U61/><E108/><V13/><F76/><W104/><G104/><T125/><D87/><RYUUKYOKU ba="0,1" sc="247,15,307,-15,250,-15,186,15" hai0="2,20,22,37,39,40,43,54,55,84,86,125,126" hai3="36,38,45,49,52,56,57,62,63,66,78,81,85" /><INIT seed="3,1,1,2,1,45" ten="262,292,235,201" oya="3" hai0="31,87,107,98,93,125,42,75,129,100,132,89,86" hai1="109,47,50,92,27,72,3,19,114,71,67,79,94" hai2="101,83,116,112,123,33,34,57,120,70,111,102,52" hai3="68,18,90,60,131,26,62,103,69,17,81,35,96"/><W37/><G37/><T30/><D125/><U49/><E114/><V121/><F112/><W56/><G131/><T32/><D129/><U55/><E109/><V11/><F116/><W41/><G41/><T28/><D132/><U108/><E108/><V0/><F70/><W133/><G133/><T127/><D127/><U12/><E3/><V9/><F83/><W59/><G35/><N who="2" m="13321" /><F0/><W23/><G18/><T115/><D115/><U135/><E72/><V10/><F111/><W2/><G2/><T46/><D75/><U38/><E79/><V124/><F124/><W25/><G25/><T95/><D32/><U22/><E38/><V48/><AGARI ba="1,1" hai="9,10,11,48,52,57,101,102,120,121,123" m="13321" machi="48" ten="40,5200,0" yaku="13,1,52,1,54,1" doraHai="45" who="2" fromWho="2" sc="262,-14,292,-14,235,65,201,-27" /><INIT seed="4,0,0,3,5,85" ten="248,278,300,174" oya="0" hai0="106,78,34,119,76,2,33,102,89,71,126,6,111" hai1="30,41,88,12,10,23,69,47,39,110,46,54,48" hai2="31,112,17,99,103,42,97,49,117,3,50,84,57" hai3="66,123,127,59,40,21,37,105,36,125,43,122,87"/><T134/><D119/><U113/><E110/><V52/><F112/><W20/><G105/><T8/><D71/><U130/><E130/><V51/><F3/><W58/><G87/><T86/><D111/><U62/><E113/><V74/><F74/><W101/><G101/><T104/><D126/><N who="3" m="48137" /><G21/><T115/><D134/><U7/><E69/><V107/><F117/><W38/><G20/><T70/><D70/><U63/><E62/><V25/><F17/><W120/><G66/><T16/><D115/><U131/><E131/><V15/><F15/><W91/><G91/><T128/><D128/><U77/><E77/><V18/><F18/><W133/><G133/><T32/><D106/><U98/><E63/><V67/><F97/><W56/><AGARI ba="0,0" hai="36,37,38,40,43,56,58,59,120,122,123" m="48137" machi="56" ten="50,16000,3" yaku="29,2,28,2,13,1,18,1,34,2" doraHai="85" who="3" fromWho="3" sc="248,-80,278,-40,300,-40,174,160" /><INIT seed="5,0,0,5,5,36" ten="168,238,260,334" oya="1" hai0="65,115,34,135,43,35,94,124,80,82,66,133,26" hai1="3,89,101,81,52,0,31,29,9,23,125,11,32" hai2="17,105,128,85,93,114,95,61,62,76,10,2,112" hai3="57,55,111,13,45,79,70,7,118,42,104,33,71"/><U50/><E125/><V67/><F105/><W86/><G111/><T83/><D26/><U64/><E32/><V39/><F39/><W84/><G104/><T27/><D27/><U107/><E64/><V18/><F128/><W69/><G33/><N who="0" m="12299" /><D94/><U54/><E107/><V97/><F2/><W126/><G126/><T44/><D124/><U121/><E121/><V77/><F85/><W99/><G118/><T117/><D117/><U30/><E101/><V123/><F10/><N who="1" m="3593" /><E0/><V49/><F49/><W12/><G7/><T21/><D21/><U88/><E3/><V131/><F131/><W46/><G99/><T98/><D98/><U19/><E81/><V100/><F123/><W75/><G75/><T130/><D130/><U16/><E54/><V40/><F67/><N who="0" m="25610" /><D44/><N who="1" m="27719" /><E19/><V5/><F5/><W48/><G71/><T103/><D103/><U92/><E92/><V68/><F68/><W109/><G70/><T129/><D129/><U25/><AGARI ba="0,0" hai="16,23,25,29,30,31,88,89" m="27719,3593" machi="25" ten="30,11700,0" yaku="8,1,54,3" doraHai="36" who="1" fromWho="1" sc="168,-39,238,117,260,-39,334,-39" /><INIT seed="5,1,0,3,0,98" ten="129,355,221,295" oya="1" hai0="127,6,44,130,33,36,105,91,72,24,113,48,31" hai1="5,63,43,37,129,27,64,75,60,93,100,81,68" hai2="52,55,22,132,54,14,28,29,62,89,83,26,40" hai3="3,25,76,57,69,109,131,101,8,38,42,50,110"/><U74/><E129/><V121/><F132/><W123/><G123/><T115/><D72/><U116/><E116/><V13/><F121/><W133/><G69/><T107/><D130/><U56/><E5/><V16/><F40/><W71/><G71/><T0/><D91/><U111/><E111/><V78/><F89/><W77/><G131/><T73/><D73/><U90/><E37/><V108/><F108/><W66/><G133/><T58/><D58/><U114/><E114/><V10/><F14/><W135/><G135/><T47/><D127/><U2/><E43/><V87/><REACH who="2" step="1"/><F62/><REACH who="2" ten="129,355,211,295" step="2"/><W49/><G42/><T51/><D36/><U34/><E60/><V112/><F112/><N who="0" m="43082" /><D51/><U92/><E63/><V7/><AGARI ba="1,1" hai="7,10,13,16,22,26,28,29,52,54,55,78,83,87" machi="7" ten="30,12000,2" yaku="1,1,0,1,8,1,54,2,53,1" doraHai="98" doraHaiUra="11" who="2" fromWho="2" sc="129,-31,355,-61,211,133,295,-31" /><INIT seed="6,0,0,1,2,86" ten="98,294,344,264" oya="2" hai0="72,67,66,73,119,50,13,75,78,135,52,57,89" hai1="132,21,10,101,1,56,90,124,48,97,99,100,60" hai2="59,85,54,46,49,102,105,29,45,79,0,62,30" hai3="70,116,53,33,61,74,28,95,41,32,9,37,71"/><V51/><F0/><W110/><G110/><T2/><D2/><U112/><E112/><V130/><F130/><W120/><G116/><T134/><D78/><U27/><E124/><V94/><F105/><W82/><G120/><T65/><D119/><U88/><E132/><V35/><F35/><W40/><G9/><T69/><D69/><U43/><E10/><V92/><F79/><W104/><G104/><T128/><D128/><U131/><E1/><V47/><F102/><N who="1" m="39529" /><E131/><V64/><F47/><W91/><G71/><T12/><REACH who="0" step="1"/><D89/><REACH who="0" ten="88,294,344,264" step="2"/><N who="1" m="34411" /><E97/><V109/><F109/><W7/><G70/><T5/><D5/><U55/><E99/><V23/><F94/><W16/><G95/><T31/><D31/><N who="1" m="17903" /><E43/><V113/><F92/><W129/><G41/><T123/><D123/><U107/><E107/><V127/><F30/><W14/><G28/><T118/><D118/><U26/><E26/><V114/><F114/><W6/><G40/><T36/><D36/><U39/><E39/><V20/><F29/><W103/><G37/><T11/><D11/><U96/><E96/><V111/><F113/><W42/><G42/><T8/><D8/><U81/><E81/><V58/><F127/><W17/><G82/><T93/><D93/><U25/><E25/><V22/><F111/><W106/><G106/><T117/><D117/><U80/><E80/><V34/><F34/><W126/><G33/><T133/><AGARI ba="0,1" hai="12,13,50,52,57,65,66,67,72,73,75,133,134,135" machi="133" ten="50,12000,2" yaku="1,1,0,1,29,2,20,1,54,1,53,0" doraHai="86" doraHaiUra="18" who="0" fromWho="0" sc="88,130,294,-30,344,-60,264,-30" /><INIT seed="7,0,0,3,5,7" ten="218,264,284,234" oya="3" hai0="70,110,106,72,129,9,53,115,27,131,20,109,124" hai1="94,3,74,24,64,60,133,0,82,56,81,91,78" hai2="75,69,23,63,25,107,22,13,55,1,58,101,128" hai3="122,100,14,46,52,88,31,102,68,28,117,21,2"/><W36/><G117/><T8/><D72/><U79/><E133/><V6/><F128/><N who="0" m="49226" /><D106/><U45/><E45/><V125/><F125/><W114/><G2/><T35/><D70/><U73/><REACH who="1" step="1"/><E24/><REACH who="1" ten="218,254,284,234" step="2"/><V39/><F25/><W38/><G46/><T37/><D37/><U123/><E123/><V86/><F39/><W51/><G38/><T118/><D118/><U126/><E126/><V108/><F108/><N who="0" m="41578" /><D124/><U44/><E44/><V80/><F75/><W15/><G36/><T134/><D134/><U11/><E11/><N who="0" m="4169" /><D115/><U116/><E116/><V42/><F107/><W77/><G114/><T111/><N who="0" m="41586" /><T92/><DORA hai="43" /><D92/><U84/><AGARI ba="0,1" hai="0,3,56,60,64,73,74,78,79,81,82,84,91,94" machi="84" ten="20,12000,2" yaku="1,1,0,1,7,1,9,1,53,2" doraHai="7,43" doraHaiUra="34,71" who="1" fromWho="1" sc="218,-30,254,130,284,-30,234,-60" owari="188,-21.2,384,48.4,254,5.4,174,-32.6" /></mjloggm>