<mjloggm ver="2.3"><GO type="169" lobby="0"/><UN n0="%E7%90%86%E5%B7%A5%E3%83%95%E3%83%AA%E3%83%86%E3%83%B3%E5%A4%A7%E5%B8%AB" n1="%E3%81%98%E3%82%83%E3%81%99%E3%81%BF%E3%82%93" n2="%E8%B1%A1" n3="%67%6F%67%6F%2D%E3%82%B4%E3%83%AA%E3%83%A9" dan="16,16,16,17" rate="2105.13,2059.96,2148.98,2169.98" sx="F,M,M,M"/><TAIKYOKU oya="0"/><INIT seed="0,0,0,3,4,3" ten="250,250,250,250" oya="0" hai0="98,131,22,129,90,77,73,68,20,19,21,54,93" hai1="14,28,1,5,52,91,31,92,11,122,108,65,71" hai2="104,16,4,13,97,102,69,34,49,125,100,66,134" hai3="76,41,12,6,18,128,24,79,37,64,115,46,120"/><T63/><D73/><U55/><E122/><V36/><F36/><W8/><G115/><T83/><D19/><U135/><E108/><V48/><F125/><W124/><G124/><T117/><D117/><U60/><E135/><V106/><F134/><W10/><G120/><T111/><D111/><U118/><E118/><V53/><F34/><W101/><G128/><T26/><D26/><U107/><E107/><V40/><F40/><W58/><G101/><T74/><REACH who="0" step="1"/><D54/><REACH who="0" ten="240,250,250,250" step="2"/><U29/><REACH who="1" step="1"/><E1/><REACH who="1" ten="240,240,250,250" step="2"/><V25/><F104/><W2/><REACH who="3" step="1"/><G24/><REACH who="3" ten="240,240,250,240" step="2"/><T94/><D94/><U113/><E113/><V87/><F25/><W17/><G17/><T30/><D30/><U86/><AGARI ba="0,3" hai="5,11,14,28,29,31,52,55,60,65,71,86,91,92" machi="86" ten="30,8000,1" yaku="1,1,0,1,52,1,54,1,53,1" doraHai="3" doraHaiUra="9" who="1" fromWho="1" sc="240,-40,240,110,250,-20,240,-20" /><INIT seed="1,0,0,5,3,13" ten="200,350,230,220" oya="1" hai0="31,114,25,59,23,76,9,129,105,7,50,1,113" hai1="111,84,57,91,127,56,97,98,54,69,52,121,4" hai2="112,66,30,53,125,36,87,72,46,17,78,102,109" hai3="126,94,107,80,60,135,108,128,124,34,117,89,132"/><U14/><E121/><V51/><F109/><W20/><G34/><T22/><D129/><U26/><E69/><V41/><F125/><N who="3" m="48235" /><G60/><T19/><D105/><U39/><E39/><V32/><F112/><W123/><G20/><T86/><D76/><U75/><E75/><V18/><F72/><W0/><G0/><T116/><D86/><U81/><E127/><V79/><F102/><W49/><G49/><T12/><D50/><N who="1" m="30743" /><E26/><V15/><F66/><W28/><G28/><T103/><D103/><U73/><E73/><V104/><F104/><W35/><G35/><T100/><D100/><U58/><E111/><V92/><F78/><W74/><G107/><T71/><D59/><N who="1" m="22539" /><E54/><V85/><F36/><W96/><G123/><T67/><D67/><U21/><E21/><V65/><F65/><W133/><G108/><T10/><D71/><U33/><E33/><V6/><F53/><W115/><G115/><T3/><D116/><U90/><E90/><N who="2" m="53327" /><F32/><W40/><G40/><T38/><D38/><U106/><E106/><V122/><F122/><W16/><G117/><T55/><D55/><U48/><E48/><V95/><F51/><W62/><G128/><T77/><D77/><U83/><E91/><V88/><F79/><N who="3" m="44151" /><G62/><T61/><D61/><U24/><E4/><AGARI ba="0,0" hai="1,3,4,7,9,10,12,19,22,23,25,31,113,114" machi="4" ten="40,8000,1" yaku="9,1,34,3,52,1" doraHai="13" who="0" fromWho="1" sc="200,80,350,-80,230,0,220,0" /><INIT seed="2,0,0,4,0,97" ten="280,270,230,220" oya="2" hai0="87,2,59,106,105,19,95,124,31,132,123,100,128" hai1="122,36,11,121,131,34,14,107,111,70,10,39,1" hai2="82,38,13,4,61,73,130,120,12,5,88,0,7" hai3="62,6,91,21,9,22,112,129,32,66,47,85,54"/><V68/><F120/><N who="1" m="46185" /><E70/><V80/><F130/><W86/><G129/><T117/><D19/><N who="1" m="8663" /><E107/><V69/><F38/><W28/><G112/><T127/><D31/><U55/><E131/><V3/><F73/><W134/><G134/><T63/><D2/><U67/><E67/><V16/><F61/><W71/><G32/><T135/><D117/><U65/><E65/><V26/><F68/><W115/><G115/><T18/><D18/><U25/><E55/><V83/><F69/><W30/><G30/><T125/><D123/><U92/><E92/><V103/><F103/><W74/><G74/><T60/><D128/><U50/><E50/><V113/><F113/><W99/><G99/><N who="0" m="59519" /><D60/><U29/><E111/><V23/><F3/><W98/><G28/><T89/><D63/><U72/><E72/><V17/><F0/><W56/><G71/><T35/><D35/><U27/><E27/><V76/><F76/><W20/><G66/><T8/><D59/><U108/><E108/><V43/><F43/><W96/><G47/><T119/><D119/><U46/><E46/><V77/><F77/><W114/><G114/><T104/><D8/><U102/><E102/><V84/><F26/><W49/><G62/><T79/><D79/><U133/><E133/><V53/><F53/><W64/><G64/><T52/><D52/><U75/><E75/><V33/><F33/><W90/><G9/><AGARI ba="0,0" hai="4,5,7,9,12,13,16,17,23,80,82,83,84,88" machi="9" ten="40,7700,0" yaku="8,1,54,2" doraHai="97" who="2" fromWho="3" sc="280,0,270,0,230,77,220,-77" /><INIT seed="2,1,0,1,4,104" ten="280,270,307,143" oya="2" hai0="43,128,101,50,121,25,78,21,69,108,98,15,125" hai1="71,64,74,1,55,106,45,47,8,94,93,127,59" hai2="44,102,61,80,17,20,65,62,83,88,9,63,10" hai3="72,29,114,110,67,22,23,118,53,57,111,48,85"/><V117/><F117/><W109/><G118/><T4/><D121/><U107/><E74/><V97/><F44/><W115/><G85/><T70/><D108/><U24/><E127/><V12/><F65/><W52/><G72/><T16/><D128/><U66/><E24/><V126/><F126/><W84/><G67/><T120/><D120/><U96/><E8/><V86/><REACH who="2" step="1"/><F80/><REACH who="2" ten="280,270,297,143" step="2"/><W133/><G111/><T35/><D125/><U77/><E77/><V11/><F11/><W56/><G110/><T31/><D4/><U33/><E47/><V60/><N who="2" m="15360" /><DORA hai="100" /><V54/><F54/><W58/><G109/><T116/><D116/><U87/><E55/><V103/><F103/><W130/><G53/><T95/><D43/><U2/><E45/><V14/><F14/><W37/><G52/><T81/><REACH who="0" step="1"/><D50/><REACH who="0" ten="270,270,297,143" step="2"/><U129/><E64/><V34/><F34/><W7/><G48/><T134/><D134/><U112/><E66/><V30/><F30/><W38/><G133/><T91/><D91/><U82/><E33/><V27/><F27/><W135/><G135/><T75/><AGARI ba="1,2" hai="15,16,21,25,31,35,69,70,75,78,81,95,98,101" machi="75" ten="20,12000,2" yaku="1,1,0,1,7,1,52,1,54,1,53,1" doraHai="104,100" doraHaiUra="76,124" who="0" fromWho="0" sc="270,143,270,-31,297,-61,143,-31" /><INIT seed="3,0,0,2,2,38" ten="413,239,236,112" oya="3" hai0="87,122,132,91,47,24,32,58,119,35,62,8,116" hai1="133,44,21,37,65,105,79,86,110,66,76,124,59" hai2="54,36,26,10,94,128,89,123,117,29,98,3,6" hai3="14,120,17,72,63,74,102,100,48,67,118,43,111"/><W31/><G118/><T2/><D132/><U15/><E105/><V60/><F117/><W13/><G120/><T55/><D122/><U129/><E110/><V57/><F123/><W112/><G112/><T41/><D116/><U33/><E33/><V51/><F36/><W46/><G111/><T50/><D119/><U78/><E133/><V19/><F128/><W88/><G31/><T70/><D70/><U115/><E115/><V80/><F80/><W7/><G7/><T73/><D73/><U9/><E124/><V126/><F126/><W4/><G4/><T93/><D2/><U77/><E129/><V114/><F114/><W97/><G14/><T106/><D106/><U135/><E59/><V22/><REACH who="2" step="1"/><F29/><REACH who="2" ten="413,239,226,112" step="2"/><W71/><G74/><T134/><D134/><U40/><E135/><V61/><AGARI ba="0,1" hai="3,6,10,19,22,26,51,54,57,60,61,89,94,98" machi="61" ten="30,7900,0" yaku="1,1,2,1,0,1,53,1" doraHai="38" doraHaiUra="16" who="2" fromWho="2" sc="413,-20,239,-20,226,89,112,-39" /><INIT seed="4,0,0,2,4,32" ten="393,219,315,73" oya="0" hai0="128,94,78,75,81,39,52,111,63,131,23,59,4" hai1="133,79,19,15,100,37,134,33,60,130,72,102,49" hai2="8,48,73,103,36,109,113,83,3,38,44,135,112" hai3="64,91,35,126,6,120,10,14,99,7,121,66,123"/><T46/><D111/><U1/><E37/><V22/><F109/><W127/><G35/><T110/><D110/><U114/><E33/><V88/><F135/><W13/><G99/><T51/><D39/><U47/><E130/><V43/><F103/><W117/><G91/><T104/><D104/><U87/><E72/><V84/><F73/><W16/><G117/><T21/><D94/><U108/><E114/><N who="2" m="44139" /><F22/><W74/><G74/><T68/><D68/><U28/><E28/><V31/><F31/><W90/><G90/><T11/><D128/><U124/><E108/><V40/><F40/><W65/><REACH who="3" step="1"/><G13/><REACH who="3" ten="393,219,315,63" step="2"/><T67/><D131/><U30/><E15/><AGARI ba="0,1" hai="4,11,15,21,23,46,51,52,59,63,67,75,78,81" machi="15" ten="30,2900,0" yaku="7,1,54,1" doraHai="32" who="0" fromWho="1" sc="393,39,219,-29,315,0,63,0" /><INIT seed="4,1,0,3,0,131" ten="432,190,315,63" oya="0" hai0="57,123,9,7,75,106,19,4,31,104,92,33,3" hai1="18,88,101,94,35,73,30,5,69,54,135,60,36" hai2="37,128,91,86,12,77,0,116,130,46,97,51,114" hai3="44,95,53,26,13,98,65,68,52,79,8,29,66"/><T71/><D71/><U109/><E73/><V93/><F0/><W102/><G79/><T117/><D117/><U22/><E36/><V108/><F37/><W21/><G68/><T59/><D123/><U67/><E5/><V6/><F108/><W99/><G99/><T49/><D75/><U74/><E74/><V118/><F114/><W103/><G103/><T41/><D7/><U39/><E101/><V110/><F110/><W63/><G44/><T133/><D19/><U96/><E109/><V113/><F113/><W64/><REACH who="3" step="1"/><G63/><REACH who="3" ten="432,190,315,53" step="2"/><T111/><D111/><U24/><E39/><V129/><F77/><W42/><G42/><T72/><D72/><U122/><E122/><V82/><F97/><W48/><G48/><T14/><D41/><U55/><REACH who="1" step="1"/><E135/><REACH who="1" ten="432,180,315,53" step="2"/><V100/><F129/><W16/><AGARI ba="1,2" hai="8,13,16,21,26,29,52,53,64,65,66,95,98,102" machi="16" ten="30,8000,1" yaku="1,1,0,1,8,1,54,2,53,0" doraHai="131" doraHaiUra="58" who="3" fromWho="3" sc="432,-41,180,-21,315,-21,53,103" /><INIT seed="5,0,0,4,5,121" ten="391,159,294,156" oya="1" hai0="119,37,115,80,133,124,106,44,90,1,63,86,108" hai1="59,26,35,101,39,30,23,24,113,92,62,41,50" hai2="6,87,85,25,17,84,58,79,61,0,29,131,107" hai3="27,89,112,134,49,118,103,66,117,135,74,116,94"/><U88/><E113/><V109/><F107/><W125/><G66/><T64/><D119/><U38/><E101/><V34/><F131/><W82/><G27/><T46/><D115/><U98/><E50/><V110/><F79/><N who="3" m="44407" /><G49/><T122/><D122/><U31/><REACH who="1" step="1"/><E41/><REACH who="1" ten="391,149,294,156" step="2"/><V3/><F3/><W126/><G103/><T127/><D127/><N who="3" m="48649" /><G112/><T18/><D124/><U13/><E13/><V51/><F51/><W45/><G45/><T91/><D44/><U43/><E43/><V55/><REACH who="2" step="1"/><F17/><REACH who="2" ten="391,149,284,156" step="2"/><W11/><G11/><AGARI ba="0,2" hai="0,6,11,25,29,34,55,58,61,84,85,87,109,110" machi="11" ten="40,8000,1" yaku="1,1,2,1,52,2,53,0" doraHai="121" doraHaiUra="68" who="2" fromWho="3" sc="391,0,149,0,284,100,156,-80" /><INIT seed="6,0,0,5,4,111" ten="391,149,384,76" oya="2" hai0="32,48,66,131,105,102,51,96,79,14,106,10,73" hai1="22,33,101,20,98,15,45,88,115,62,99,119,38" hai2="44,118,94,41,37,68,123,57,56,55,42,24,54" hai3="39,117,80,108,78,11,28,18,67,113,109,91,92"/><V81/><F81/><W126/><G117/><T21/><D131/><U90/><E33/><V116/><F94/><W75/><G39/><T52/><D32/><U12/><E119/><N who="2" m="45611" /><F24/><W60/><G28/><T9/><D106/><U65/><E38/><V114/><F123/><W130/><G18/><T70/><D70/><U121/><E45/><N who="2" m="23727" /><F68/><W124/><G11/><T127/><D66/><U71/><E121/><V35/><F35/><W16/><G16/><T129/><D73/><U89/><E98/><V86/><F86/><N who="3" m="52343" /><G67/><T104/><D104/><U29/><E22/><V46/><F114/><W82/><G60/><T100/><D105/><U85/><E115/><V17/><F17/><W8/><G8/><T69/><D9/><U133/><E85/><V103/><F103/><W7/><G7/><T120/><D10/><U31/><E20/><V125/><F125/><N who="3" m="48235" /><G113/><T30/><D21/><U128/><E29/><V134/><F134/><W83/><G130/><T23/><D23/><U61/><E128/><V50/><F42/><W107/><G107/><T87/><D129/><U110/><E133/><V84/><F84/><N who="3" m="48151" /><G83/><T53/><D127/><U3/><E31/><V49/><AGARI ba="0,0" hai="44,46,49,50,54,55,56,57" m="23727,45611" machi="49" ten="30,3000,0" yaku="34,2" doraHai="111" who="2" fromWho="2" sc="391,-10,149,-10,384,30,76,-10" /><INIT seed="6,1,0,5,3,100" ten="381,139,414,66" oya="2" hai0="18,59,98,32,43,76,0,19,22,58,5,121,124" hai1="75,101,50,28,15,21,40,24,125,17,48,86,20" hai2="35,128,3,11,39,123,131,97,38,118,10,93,31" hai3="114,61,117,133,7,66,87,9,112,14,41,69,135"/><V115/><F118/><W70/><G117/><T33/><D124/><U82/><E125/><V74/><F123/><W13/><G41/><T81/><D121/><U94/><E75/><V23/><F115/><N who="3" m="44075" /><G87/><T6/><D43/><U88/><E40/><V51/><F74/><W132/><G70/><T111/><D111/><U73/><E73/><V130/><F35/><W108/><G108/><T55/><D58/><U56/><E56/><V91/><F51/><N who="1" m="19497" /><E101/><V54/><F54/><W52/><G14/><T113/><D19/><U90/><E94/><V2/><F2/><W44/><G44/><T89/><D98/><U26/><E15/><V4/><REACH who="2" step="1"/><F10/><REACH who="2" ten="381,139,404,66" step="2"/><W1/><G1/><T127/><D55/><AGARI ba="1,1" hai="7,9,13,52,55,61,66,69,132,133,135" m="44075" machi="55" ten="40,8000,1" yaku="20,1,15,1,11,1,54,1" doraHai="100" who="3" fromWho="0" sc="381,-83,139,0,404,0,66,93" /><INIT seed="7,0,0,3,2,76" ten="298,139,404,159" oya="3" hai0="0,84,104,31,132,49,36,52,130,13,71,85,58" hai1="86,117,96,131,40,113,41,28,118,101,42,29,74" hai2="123,124,89,72,19,1,55,83,116,61,99,109,53" hai3="56,112,70,121,129,94,20,133,32,51,45,18,6"/><W80/><G70/><T105/><D0/><U103/><E74/><V16/><F1/><W128/><G121/><T10/><D132/><U37/><E37/><V102/><F116/><N who="1" m="44649" /><E96/><V24/><F61/><W14/><G32/><T78/><D31/><N who="1" m="11851" /><E113/><V43/><F123/><W7/><G133/><T4/><D71/><U62/><E62/><V12/><F43/><W57/><G112/><T127/><D36/><U59/><E59/><N who="3" m="22602" /><G94/><T23/><D23/><U120/><E120/><V54/><F72/><W8/><G20/><T79/><D104/><U115/><E115/><V33/><F33/><W134/><G134/><T30/><D105/><U98/><E98/><V63/><F99/><W69/><G69/><T107/><D107/><U22/><E22/><V47/><F63/><W100/><G100/><N who="1" m="38474" /><E86/><V119/><F102/><W2/><G2/><T68/><D84/><U21/><E21/><V95/><F119/><W75/><G7/><T27/><D85/><U25/><E131/><N who="3" m="50250" /><G6/><T114/><D130/><U48/><E48/><V110/><F95/><W106/><G106/><T93/><D93/><U88/><E88/><V35/><F89/><W9/><G9/><T39/><D39/><U90/><E90/><V46/><F35/><W126/><G126/><T111/><D127/><U77/><E77/><V67/><F124/><W65/><G65/><T3/><D114/><U122/><E122/><V135/><F67/><W73/><G80/><T38/><D68/><U15/><E15/><V26/><F135/><W125/><G125/><T50/><D13/><U5/><E5/><V66/><F66/><RYUUKYOKU ba="0,0" sc="298,-15,139,15,404,-15,159,15" hai1="25,40,41,42" hai3="8,14,18,45,51,73,75" /><INIT seed="7,1,0,4,4,125" ten="283,154,389,174" oya="3" hai0="131,48,39,45,92,38,93,95,61,55,2,121,63" hai1="3,128,50,122,67,30,116,82,13,5,112,37,64" hai2="83,16,119,103,66,75,99,29,77,86,14,106,79" hai3="35,0,9,51,109,18,24,85,84,23,36,32,25"/><W129/><G36/><T17/><D121/><U31/><E122/><V73/><F119/><W20/><G51/><T130/><D2/><U6/><E37/><V19/><F66/><W87/><G109/><T80/><D38/><U114/><E3/><V44/><F29/><W101/><G101/><T26/><D80/><U74/><E74/><V91/><F91/><W127/><BYE who="2" /><G127/><T118/><D118/><U59/><E82/><V34/><F34/><W58/><G58/><T120/><D120/><U69/><E116/><V54/><F54/><W27/><G129/><N who="0" m="49163" /><D39/><U40/><E128/><V70/><F70/><W7/><REACH who="3" step="1"/><G27/><REACH who="3" ten="283,154,389,164" step="2"/><T100/><D100/><U56/><E50/><V102/><F102/><W62/><G62/><T4/><D4/><U78/><E69/><V104/><F104/><W133/><G133/><T15/><D26/><UN n2="%E8%B1%A1" /><U89/><E13/><V81/><F14/><W46/><G46/><T110/><D110/><U71/><E71/><V107/><F44/><W135/><G135/><T108/><D108/><U43/><E89/><V94/><F106/><W115/><G115/><T41/><D41/><U33/><E78/><V52/><F107/><W113/><G113/><T68/><D68/><U123/><E123/><V88/><F77/><W49/><G49/><T124/><D124/><U126/><E126/><V60/><F103/><W97/><G97/><T10/><AGARI ba="1,1" hai="10,15,17,45,48,55,61,63,92,93,95" m="49163" machi="10" ten="30,7900,0" yaku="19,1,52,3" doraHai="125" who="0" fromWho="0" sc="283,92,154,-21,389,-21,164,-40" owari="375,47.5,133,-26.7,368,16.8,124,-37.6" /></mjloggm>