<mjloggm ver="2.3"><GO type="169" lobby="0"/><UN n0="%E3%81%AF%E3%81%92%E3%81%97%E3%81%8F%E3%82%A6%E3%83%84" n1="%E3%81%B1%E3%83%BC%E3%81%9B%E3%82%93%E3%81%A8%E4%BE%8D" n2="%6B%6C%6F%6E%64%69%6B%65" n3="%E7%89%8C%E6%B5%81%E7%8A%B6%E6%85%8B%E9%BA%BB%E9%9B%80" dan="17,18,16,16" rate="2194.48,2200.96,2156.17,2162.17" sx="M,M,M,M"/><TAIKYOKU oya="0"/><INIT seed="0,0,0,1,0,96" ten="250,250,250,250" oya="0" hai0="102,95,5,38,51,4,72,71,63,8,9,76,104" hai1="126,34,89,105,133,23,61,58,112,123,78,54,120" hai2="83,70,37,40,94,131,36,98,31,115,47,85,103" hai3="92,53,22,27,114,20,21,60,46,79,99,124,32"/><T74/><D38/><U7/><E34/><V135/><F115/><W118/><G114/><T69/><D104/><U62/><E112/><V109/><F109/><W66/><G118/><T19/><D19/><U25/><E126/><V67/><F135/><W77/><G124/><T132/><D132/><U24/><E133/><V1/><F131/><W113/><G113/><T90/><D51/><U122/><E78/><V81/><F1/><W73/><G32/><T130/><D130/><U33/><E105/><V15/><F36/><W56/><G73/><T41/><D41/><U121/><E7/><V108/><F108/><W68/><G27/><T50/><D50/><U84/><E33/><V91/><F31/><W0/><G0/><T107/><D107/><U45/><E45/><V17/><F67/><W48/><REACH who="3" step="1"/><G68/><REACH who="3" ten="250,250,250,240" step="2"/><T86/><D72/><U75/><E75/><V52/><F70/><W30/><G30/><T64/><D71/><U100/><E121/><V49/><F37/><W12/><G12/><T10/><D74/><U16/><E25/><V111/><F111/><W110/><G110/><T129/><D129/><U134/><E134/><V97/><F40/><W14/><G14/><T39/><D69/><U42/><E42/><V101/><F15/><W3/><G3/><T80/><D39/><U13/><E13/><V35/><F35/><W11/><G11/><T65/><D9/><U59/><E123/><V116/><F116/><W2/><G2/><T29/><D8/><U82/><E122/><V128/><F128/><W6/><G6/><T57/><D4/><U44/><E120/><RYUUKYOKU ba="0,1" sc="250,-10,250,-10,250,-10,240,30" hai3="20,21,22,46,48,53,56,60,66,77,79,92,99" /><INIT seed="1,1,1,3,0,126" ten="240,240,240,270" oya="1" hai0="47,104,108,94,130,48,73,128,53,30,34,96,74" hai1="29,119,57,77,124,115,97,75,69,49,37,110,99" hai2="12,116,78,111,105,40,64,56,50,24,17,84,5" hai3="6,67,132,62,101,93,54,22,26,58,87,45,90"/><U106/><E69/><V10/><F105/><W129/><G129/><N who="0" m="49771" /><D104/><U36/><E29/><V85/><F111/><W14/><G132/><T1/><D1/><U107/><E49/><V81/><F116/><W123/><G123/><T51/><D108/><U88/><E57/><V42/><F85/><W72/><G72/><T91/><D48/><U76/><E110/><V61/><F50/><W3/><G3/><T68/><D68/><U109/><E109/><V100/><F100/><W70/><G101/><T28/><D28/><U79/><E75/><V92/><F92/><W65/><G70/><T7/><D7/><U86/><E115/><V133/><F133/><W20/><G45/><T19/><D19/><U55/><E119/><V102/><F102/><W15/><G6/><T118/><D118/><U83/><E107/><V112/><F112/><W39/><G39/><T59/><D59/><U113/><E106/><V43/><F24/><AGARI ba="1,1" hai="24,30,34,47,51,53,73,74,91,94,96" m="49771" machi="24" ten="30,7700,0" yaku="19,1,52,3" doraHai="126" who="0" fromWho="2" sc="240,90,240,0,240,-80,270,0" /><INIT seed="2,0,0,3,4,11" ten="330,240,160,270" oya="2" hai0="104,38,7,57,122,40,91,8,17,97,108,61,119" hai1="124,94,102,107,53,31,134,12,33,79,118,3,0" hai2="135,64,129,23,81,66,105,83,69,25,18,2,9" hai3="6,35,80,34,78,130,112,128,110,114,30,15,89"/><V120/><F120/><W75/><G110/><T49/><D122/><U41/><E118/><V68/><F105/><W28/><G89/><T48/><D108/><U72/><E107/><V47/><F135/><W43/><G43/><T84/><D119/><U59/><E124/><V36/><F129/><N who="3" m="49771" /><G28/><T22/><D38/><U70/><E70/><V14/><F2/><W92/><G92/><T26/><D40/><U71/><E71/><V39/><F68/><W37/><G37/><T90/><D104/><U65/><E65/><V42/><F69/><W126/><G126/><T98/><D98/><U113/><E41/><V27/><F36/><W1/><G1/><T121/><D121/><U123/><E31/><V132/><F132/><W127/><G127/><T4/><D97/><U115/><E33/><N who="3" m="12298" /><G30/><T13/><D4/><U44/><E3/><V73/><F27/><W86/><G75/><T45/><D45/><U55/><E44/><V93/><F93/><W106/><G106/><T5/><D5/><U54/><E72/><V100/><F100/><W10/><AGARI ba="0,0" hai="6,10,15,78,80,86,112,114" m="12298,49771" machi="10" ten="40,2700,0" yaku="19,1,52,1" doraHai="11" who="3" fromWho="3" sc="330,-7,240,-7,160,-13,270,27" /><INIT seed="3,0,0,0,2,107" ten="323,233,147,297" oya="3" hai0="55,53,66,69,129,116,14,88,105,68,32,85,108" hai1="110,118,78,4,124,133,46,103,98,31,54,48,100" hai2="75,61,2,33,37,131,65,128,79,81,64,62,20" hai3="134,123,113,30,8,17,47,40,109,7,94,90,91"/><W57/><G113/><T122/><D116/><U80/><E118/><V16/><F33/><W23/><G123/><T84/><D122/><U101/><E110/><V42/><F2/><W21/><G134/><T126/><D105/><U74/><E133/><V29/><F29/><W99/><G109/><T86/><D108/><U71/><E71/><V132/><F132/><W12/><G57/><T96/><D32/><U35/><E124/><V63/><F42/><W93/><G30/><T117/><D117/><U76/><E4/><V28/><F37/><W67/><G67/><T5/><D126/><U56/><E78/><V38/><F38/><W89/><G94/><N who="0" m="56391" /><D69/><U70/><E70/><V106/><F28/><W13/><REACH who="3" step="1"/><G23/><REACH who="3" ten="323,233,147,287" step="2"/><T19/><D68/><U26/><REACH who="1" step="1"/><E56/><REACH who="1" ten="323,223,147,287" step="2"/><V36/><F36/><AGARI ba="0,2" hai="7,8,12,13,17,21,36,40,47,89,90,91,93,99" machi="36" ten="30,5800,0" yaku="1,1,2,1,7,1,53,0" doraHai="107" doraHaiUra="115" who="3" fromWho="2" sc="323,0,223,0,147,-58,287,78" /><INIT seed="3,1,0,5,5,54" ten="323,223,89,365" oya="3" hai0="26,9,71,132,82,66,99,73,55,118,120,6,64" hai1="52,104,51,59,17,77,43,122,13,8,116,111,89" hai2="40,45,105,18,83,27,134,42,81,19,123,12,74" hai3="3,95,106,78,37,44,16,131,53,22,114,98,29"/><W28/><G114/><T39/><D118/><U125/><E122/><V23/><F123/><W33/><G106/><T34/><D120/><U108/><E104/><V84/><F105/><W36/><G3/><T97/><D39/><U11/><E116/><V87/><F74/><W63/><G78/><T14/><D132/><U72/><E125/><V60/><F45/><W127/><G131/><T112/><D112/><U32/><E32/><V101/><F101/><W79/><G79/><T4/><D4/><U119/><E119/><V115/><F134/><W100/><G127/><T21/><D34/><U62/><E89/><V69/><F115/><W1/><G1/><T109/><D109/><N who="1" m="42059" /><E43/><V107/><F107/><W113/><G113/><T129/><D129/><U130/><E130/><V96/><F96/><N who="0" m="36938" /><D73/><U124/><E124/><V92/><F92/><W80/><G80/><T25/><D71/><U70/><E77/><V86/><F81/><W46/><G36/><T128/><D128/><U91/><E91/><V48/><F83/><W67/><G37/><T93/><D93/><U133/><E72/><V61/><F69/><W41/><G33/><T49/><D82/><U102/><E102/><V126/><F126/><W58/><G41/><N who="2" m="15977" /><F48/><N who="3" m="28807" /><G46/><N who="0" m="28087" /><D25/><AGARI ba="1,0" hai="16,22,25,28,29,58,63,67,95,98,100" m="28807" machi="25" ten="30,5800,0" yaku="8,1,52,1,54,1" doraHai="54" who="3" fromWho="0" sc="323,-61,223,0,89,0,365,61" /><INIT seed="3,2,0,2,4,46" ten="262,223,89,426" oya="3" hai0="50,87,34,84,27,9,49,16,2,20,33,12,60" hai1="124,32,131,4,71,107,42,51,125,116,11,59,14" hai2="58,96,127,8,111,112,70,56,97,98,65,78,44" hai3="101,92,45,22,129,95,82,93,88,133,1,25,54"/><W128/><G1/><T13/><D2/><U118/><E107/><V29/><F112/><W104/><G133/><T0/><D0/><U119/><E71/><V67/><F111/><W126/><G126/><N who="1" m="48746" /><E32/><V77/><F127/><W105/><G82/><T90/><D34/><U62/><E131/><N who="3" m="50250" /><G101/><T66/><D33/><U6/><E42/><V91/><F70/><W47/><G88/><T74/><D74/><U48/><E4/><V117/><F117/><W53/><G45/><T135/><D135/><U64/><AGARI ba="2,0" hai="6,11,14,48,51,59,62,64,116,118,119" m="48746" machi="64" ten="40,8000,1" yaku="12,1,18,1,52,2" doraHai="46" who="1" fromWho="1" sc="262,-22,223,86,89,-22,426,-42" /><INIT seed="4,0,0,4,3,50" ten="240,309,67,384" oya="0" hai0="93,79,77,107,83,51,91,53,78,105,16,108,36" hai1="125,35,11,71,18,66,112,5,59,96,41,57,7" hai2="19,49,3,40,8,72,75,98,124,37,33,67,0" hai3="95,110,45,47,122,86,24,109,22,99,129,111,115"/><T54/><D36/><U126/><E35/><V100/><F49/><W135/><G115/><T128/><D128/><U113/><E41/><V64/><F19/><W70/><G70/><T10/><D108/><U2/><E5/><V17/><F17/><W55/><G129/><T38/><D38/><U44/><E44/><V58/><F124/><N who="1" m="47721" /><E96/><V48/><F48/><W103/><G135/><T121/><D121/><U102/><E102/><V68/><F58/><N who="1" m="22025" /><E18/><V97/><F100/><W26/><G122/><T87/><D107/><U14/><E2/><V52/><F33/><W9/><G45/><T90/><D105/><U92/><E92/><V123/><F37/><W132/><G47/><T82/><D51/><U94/><E94/><V32/><F32/><W74/><G95/><T39/><D39/><U116/><E116/><V30/><F40/><W1/><G99/><N who="0" m="57783" /><D82/><U69/><E66/><V118/><F68/><AGARI ba="0,0" hai="7,11,14,68,69,71,112,113" m="22025,47721" machi="68" ten="40,1300,0" yaku="18,1" doraHai="50" who="1" fromWho="2" sc="240,0,309,13,67,-13,384,0" /><INIT seed="5,0,0,4,3,90" ten="240,322,54,384" oya="1" hai0="124,75,112,13,61,111,54,20,40,63,58,128,93" hai1="126,107,55,65,67,60,59,52,103,49,115,38,3" hai2="76,92,51,102,42,34,10,66,18,74,80,12,11" hai3="78,87,31,70,1,94,97,105,134,39,118,27,83"/><U29/><E3/><V45/><F34/><W88/><G1/><T123/><D75/><U109/><E29/><V121/><F121/><W7/><G7/><T117/><D111/><U19/><E109/><V95/><F66/><W86/><G70/><T135/><D117/><U41/><E107/><V131/><F131/><W8/><G8/><T110/><D110/><U120/><E103/><V133/><F133/><W56/><G39/><T127/><D135/><U64/><E19/><V17/><F102/><W132/><G118/><T23/><D128/><U77/><E77/><V26/><F26/><W46/><G46/><T43/><D123/><U37/><E120/><V71/><F71/><W15/><G15/><AGARI ba="0,0" hai="10,11,12,15,17,18,42,45,51,74,76,80,92,95" machi="15" ten="40,5200,0" yaku="9,1,52,2" doraHai="90" who="2" fromWho="3" sc="240,0,322,0,54,52,384,-52" /><INIT seed="6,0,0,5,1,119" ten="240,322,106,332" oya="2" hai0="101,15,23,113,87,54,47,21,33,64,132,26,40" hai1="130,106,95,131,4,72,135,14,82,90,100,80,52" hai2="86,0,89,84,20,99,96,68,129,124,123,61,63" hai3="46,118,126,94,98,109,59,3,92,51,12,93,66"/><V128/><F0/><W77/><G3/><T125/><D113/><U11/><E135/><V69/><F20/><W32/><G109/><T102/><D132/><U112/><E112/><V22/><F22/><W57/><G32/><T83/><D125/><U55/><E100/><V127/><F89/><W5/><G118/><T28/><D33/><U108/><E106/><V27/><F27/><W85/><G98/><T39/><D64/><U18/><E108/><V16/><F16/><W67/><G67/><T121/><D54/><N who="1" m="20523" /><E72/><V103/><F103/><W24/><G24/><T56/><D56/><U53/><E53/><V49/><F49/><W134/><G66/><T29/><D121/><AGARI ba="0,0" hai="61,63,68,69,84,86,96,99,121,123,124,127,128,129" machi="121" ten="25,9600,0" yaku="22,2,52,2" doraHai="119" who="2" fromWho="0" sc="240,-96,322,0,106,96,332,0" /><INIT seed="6,1,0,4,4,66" ten="144,322,202,332" oya="2" hai0="24,107,73,12,114,53,85,98,105,97,128,134,41" hai1="46,52,28,8,110,1,35,112,87,126,72,133,43" hai2="45,99,0,49,30,48,94,89,120,123,50,88,44" hai3="119,54,74,59,29,83,37,106,122,18,127,132,15"/><V56/><F0/><W121/><G119/><T31/><D73/><U39/><E110/><V92/><F30/><W103/><G37/><T116/><D116/><U113/><E72/><V100/><F56/><W77/><G127/><T96/><D41/><U108/><E108/><V57/><F57/><W26/><G132/><T3/><D3/><U130/><E126/><V115/><F115/><W47/><G47/><T36/><D36/><U13/><E1/><V117/><F117/><W6/><G6/><T93/><D134/><U32/><E130/><V70/><F70/><W101/><G101/><T4/><D128/><U95/><E52/><V38/><F100/><W104/><G103/><T109/><D109/><U82/><E95/><V42/><REACH who="2" step="1"/><F45/><REACH who="2" ten="144,322,192,332" step="2"/><W124/><G124/><T76/><D114/><N who="1" m="44139" /><E28/><V135/><F135/><W5/><G29/><T33/><D107/><U55/><E133/><V40/><F40/><W75/><G106/><T16/><D105/><U81/><E35/><V23/><F23/><W22/><G104/><T61/><D53/><U65/><E32/><V111/><F111/><W131/><G131/><T62/><D4/><U21/><E21/><V11/><F11/><N who="3" m="4591" /><G59/><T67/><D67/><U102/><E102/><V71/><F71/><W51/><G54/><T10/><REACH who="0" step="1"/><D76/><REACH who="0" ten="134,322,192,332" step="2"/><N who="1" m="46503" /><E65/><V79/><F79/><W34/><G77/><T19/><D19/><N who="1" m="8615" /><E55/><V63/><F63/><W91/><G18/><T14/><D14/><U84/><E43/><V20/><F20/><W118/><G22/><T86/><D86/><AGARI ba="1,2" hai="38,42,44,48,49,50,86,88,89,92,94,99,120,123" machi="86" ten="40,7700,0" yaku="1,1,54,1,53,1" doraHai="66" doraHaiUra="80" who="2" fromWho="0" sc="134,-80,322,0,192,100,332,0" /><INIT seed="6,2,0,0,0,117" ten="54,322,292,332" oya="2" hai0="47,7,110,98,81,24,61,36,118,55,62,75,112" hai1="10,66,57,92,91,71,21,40,84,82,122,26,69" hai2="124,79,74,49,13,59,42,29,45,85,34,102,70" hai3="23,67,19,37,130,88,18,106,63,120,4,52,97"/><V15/><F74/><W115/><G120/><T111/><D118/><U11/><E40/><V107/><F124/><W39/><G130/><T2/><D112/><U56/><E122/><V41/><F107/><W0/><G115/><T132/><D132/><U86/><E69/><V119/><F70/><W12/><G4/><T125/><D125/><U38/><E38/><V32/><F102/><W127/><G0/><T28/><D98/><U121/><E71/><V20/><F34/><W3/><G3/><T30/><D55/><U99/><E86/><V77/><F32/><W95/><G106/><T83/><D83/><U5/><E66/><V14/><F59/><N who="1" m="22601" /><E5/><V44/><F85/><W72/><G72/><T87/><D62/><U65/><E65/><V51/><REACH who="2" step="1"/><F119/><REACH who="2" ten="54,322,282,332" step="2"/><W46/><G127/><T73/><D73/><U58/><E58/><V135/><F135/><W94/><G67/><T89/><D75/><U80/><E121/><V126/><F126/><W129/><G63/><T48/><D61/><U128/><E128/><V103/><F103/><W33/><G33/><T22/><D30/><N who="1" m="17743" /><E82/><V27/><AGARI ba="2,1" hai="13,14,15,20,27,29,41,42,44,45,49,51,77,79" machi="27" ten="30,11700,0" yaku="1,1,0,1,9,1,8,1,53,0" doraHai="117" doraHaiUra="101" who="2" fromWho="2" sc="54,-41,322,-41,282,133,332,-41" /><INIT seed="6,3,0,4,5,52" ten="13,281,415,291" oya="2" hai0="92,8,14,123,27,96,104,61,4,135,111,20,73" hai1="131,94,128,59,77,82,65,12,19,22,120,67,110" hai2="7,109,49,75,72,60,29,17,13,132,85,43,84" hai3="99,36,26,45,44,37,0,108,71,98,64,21,103"/><V6/><F72/><W122/><G108/><T115/><D111/><U80/><E110/><V97/><F75/><W86/><G0/><T58/><D73/><U35/><E35/><V100/><F109/><W34/><G34/><T10/><D123/><U74/><E120/><V69/><F132/><W39/><G122/><T25/><D135/><U41/><E41/><V51/><F29/><W134/><G134/><T93/><D104/><U38/><E38/><V113/><F113/><W55/><G98/><T56/><D115/><U24/><E82/><V102/><F60/><W124/><G124/><T57/><D10/><U30/><E94/><V68/><F97/><W3/><G3/><T87/><D87/><U62/><E67/><V66/><F13/><W33/><G33/><T79/><D79/><U119/><E119/><V50/><F17/><W83/><G55/><T63/><D93/><U28/><E12/><V23/><F23/><W70/><G64/><T88/><REACH who="0" step="1"/><D27/><REACH who="0" ten="3,281,415,291" step="2"/><U90/><E74/><V114/><F114/><W118/><G86/><T2/><D2/><U54/><E24/><V130/><F84/><W112/><G112/><T40/><D40/><U81/><E77/><V89/><F43/><W16/><G83/><T121/><D121/><U5/><E81/><N who="2" m="49327" /><F69/><W126/><G71/><T133/><D133/><U91/><E80/><V32/><F68/><W101/><G70/><T42/><D42/><U48/><E131/><V15/><F15/><W76/><G76/><T107/><D107/><U95/><E128/><V78/><F130/><W127/><G26/><T117/><D117/><RYUUKYOKU ba="3,1" sc="3,30,281,-10,415,-10,291,-10" hai0="4,8,14,20,25,56,57,58,61,63,88,92,96" /><INIT seed="7,4,1,2,4,90" ten="33,271,405,281" oya="3" hai0="25,98,41,93,85,91,60,133,121,38,37,111,34" hai1="59,89,122,108,52,117,13,92,69,77,30,49,31" hai2="26,62,75,131,40,23,119,129,99,73,39,9,33" hai3="70,21,63,114,109,48,17,6,20,103,80,110,42"/><W115/><G6/><T45/><D111/><N who="3" m="42505" /><G103/><T2/><D121/><U78/><E108/><V87/><F119/><W29/><G80/><T107/><D2/><U65/><E122/><V14/><F33/><W104/><G104/><T81/><D133/><U105/><E105/><V101/><F87/><W36/><G36/><T116/><D116/><U76/><E117/><V32/><F32/><W84/><G84/><T44/><D60/><N who="1" m="38047" /><E13/><V72/><F62/><W12/><G42/><T3/><D3/><U124/><E69/><V4/><F40/><W79/><G48/><T128/><D128/><N who="2" m="49226" /><F39/><W112/><G79/><T135/><D135/><U47/><E124/><V74/><F72/><W57/><G70/><T54/><D107/><U86/><AGARI ba="4,1" hai="30,31,47,49,52,76,77,78,86,89,92" m="38047" machi="86" ten="30,4000,0" yaku="8,1,52,1,54,1" doraHai="90" who="1" fromWho="1" sc="33,-14,271,62,405,-14,281,-24" owari="19,-48.1,333,13.3,391,49.1,257,-14.3" /></mjloggm>