<mjloggm ver="2.3"><GO type="169" lobby="0"/><UN n0="%E3%83%A2%E3%83%AD%E3%83%98%E3%82%A4%E3%83%A4" n1="%79%75%62%65" n2="%E8%B2%A1%E5%89%8D%E5%8F%88%E4%B8%80" n3="%74%61%6B%61%74%6F%72%69" dan="16,16,17,16" rate="2173.03,2189.08,2186.78,2044.05" sx="M,M,M,M"/><TAIKYOKU oya="0"/><INIT seed="0,0,0,1,1,90" ten="250,250,250,250" oya="0" hai0="20,120,64,23,116,68,6,131,108,36,30,81,1" hai1="92,0,29,8,84,9,134,31,42,5,123,60,62" hai2="3,7,89,82,80,115,41,133,71,88,94,98,73" hai3="121,105,106,61,63,132,66,26,43,127,4,11,103"/><T112/><D36/><U107/><E107/><V17/><F115/><W51/><G127/><T21/><D112/><U14/><E123/><V91/><F71/><W13/><G132/><T97/><D120/><U69/><E134/><V100/><F133/><W78/><G63/><T16/><D30/><U46/><E69/><V86/><F73/><W12/><G121/><T104/><D116/><U111/><E111/><V48/><F17/><W27/><G78/><T56/><D68/><U118/><E118/><V113/><F113/><W74/><G74/><T67/><D131/><U114/><E114/><V32/><F32/><W76/><G76/><T65/><D108/><U49/><E29/><V25/><F25/><W125/><G13/><T96/><D81/><U37/><E31/><V22/><F22/><W24/><G103/><T72/><D72/><U44/><E84/><V128/><F128/><W110/><G125/><T18/><D56/><U47/><E92/><V38/><F38/><W70/><G110/><T117/><D117/><U109/><E46/><V124/><F124/><W122/><G122/><T83/><D83/><N who="2" m="31786" /><F7/><W130/><G130/><T28/><D28/><U119/><E109/><V52/><F41/><W19/><G4/><T53/><D53/><N who="1" m="29863" /><E119/><V34/><F34/><W58/><G43/><T40/><D40/><U10/><E0/><V39/><F3/><W45/><G70/><T85/><D85/><U79/><E79/><V101/><F39/><W95/><G106/><T54/><D54/><U87/><E87/><V129/><F129/><W2/><G105/><T93/><D104/><RYUUKYOKU ba="0,0" sc="250,-10,250,30,250,-10,250,-10" hai1="5,8,9,10,14,37,42,47,60,62" /><INIT seed="1,1,0,4,1,46" ten="240,280,240,240" oya="1" hai0="14,73,128,110,122,48,72,106,96,65,105,17,80" hai1="54,60,21,12,24,87,27,3,10,111,56,68,61" hai2="129,57,100,95,38,33,51,99,34,84,91,116,25" hai3="70,11,94,125,115,71,19,130,40,39,120,30,121"/><U102/><E3/><V135/><F116/><W29/><G115/><T42/><D110/><U18/><E111/><V52/><F38/><W2/><G130/><T76/><D73/><U44/><E27/><V126/><F129/><W69/><G125/><T83/><D83/><U113/><E113/><V22/><F126/><W81/><G94/><T6/><D6/><U98/><E44/><V88/><F135/><W131/><G131/><T9/><D128/><U58/><E68/><V36/><F36/><W89/><G39/><T103/><D65/><U85/><E98/><V93/><F100/><W92/><G81/><T107/><REACH who="0" step="1"/><D122/><REACH who="0" ten="230,280,240,240" step="2"/><U108/><E108/><V28/><AGARI ba="1,1" hai="22,25,28,33,34,51,52,57,84,88,91,93,95,99" machi="28" ten="20,8000,1" yaku="0,1,7,1,52,1,54,2" doraHai="46" who="2" fromWho="2" sc="230,-21,280,-41,240,93,240,-21" /><INIT seed="2,0,0,2,3,70" ten="209,239,333,219" oya="2" hai0="64,26,105,57,133,66,91,126,59,95,117,84,127" hai1="85,80,122,2,74,76,73,71,135,47,10,81,7" hai2="43,22,75,109,125,104,83,96,18,35,119,132,38" hai3="113,37,102,107,129,99,118,42,12,67,77,36,69"/><V19/><F119/><W128/><G118/><T56/><D105/><U65/><E135/><V112/><F112/><W58/><G113/><T55/><D117/><U114/><E114/><V68/><F35/><W23/><G42/><T108/><D133/><U28/><E28/><V52/><F68/><W5/><G69/><T44/><D108/><U82/><E122/><V3/><F3/><W11/><G77/><T90/><D26/><U6/><E6/><V4/><F96/><W30/><G67/><T8/><D8/><U15/><E74/><V92/><F22/><W34/><G58/><T98/><D44/><U53/><E2/><V101/><F101/><W62/><G62/><T14/><D14/><U0/><E73/><V134/><F43/><W13/><G34/><T110/><D55/><U51/><E0/><V131/><F75/><W20/><G13/><T17/><D17/><U87/><REACH who="1" step="1"/><E76/><REACH who="1" ten="209,229,333,219" step="2"/><V89/><F134/><W27/><REACH who="3" step="1"/><G23/><REACH who="3" ten="209,229,333,209" step="2"/><T124/><REACH who="0" step="1"/><D110/><REACH who="0" ten="199,229,333,209" step="2"/><U123/><E123/><V88/><F109/><W29/><G29/><T61/><D61/><AGARI ba="0,3" hai="7,10,15,47,51,53,61,65,71,80,81,82,85,87" machi="61" ten="40,2600,0" yaku="1,1,53,1" doraHai="70" doraHaiUra="46" who="1" fromWho="0" sc="199,-26,229,56,333,0,209,0" /><INIT seed="3,0,0,2,2,94" ten="173,285,333,209" oya="3" hai0="118,66,120,105,100,1,92,22,78,40,69,53,54" hai1="111,58,59,35,46,5,122,68,133,98,124,65,110" hai2="114,4,89,90,18,67,108,70,112,32,17,41,26" hai3="23,55,102,119,15,75,47,128,80,79,104,20,45"/><W76/><G119/><T3/><D105/><U135/><E35/><V107/><F107/><W21/><G128/><T24/><D40/><U85/><E122/><V77/><F77/><W49/><G79/><T73/><D120/><U91/><E5/><V117/><F4/><W109/><G109/><N who="1" m="41482" /><E124/><V130/><F41/><W132/><G132/><N who="1" m="50762" /><E46/><V71/><F32/><W7/><G7/><T86/><D73/><U0/><E0/><V74/><F74/><W96/><REACH who="3" step="1"/><G47/><REACH who="3" ten="173,285,333,199" step="2"/><T13/><D78/><U82/><E68/><V48/><F71/><W129/><G129/><T99/><D69/><U27/><E59/><V31/><F70/><W28/><G28/><T125/><D118/><U38/><E58/><V97/><F117/><W14/><AGARI ba="0,1" hai="14,15,20,21,23,45,49,55,75,76,80,96,102,104" machi="14" ten="30,6000,0" yaku="1,1,0,1,52,1,53,0" doraHai="94" doraHaiUra="126" who="3" fromWho="3" sc="173,-20,285,-20,333,-20,199,70" /><INIT seed="3,1,0,3,3,3" ten="153,265,313,269" oya="3" hai0="84,132,129,109,0,119,51,61,44,34,28,102,12" hai1="55,49,62,30,35,113,27,87,91,133,63,112,94" hai2="59,92,6,47,60,5,114,71,96,24,89,79,110" hai3="65,82,42,106,66,130,98,21,88,83,20,115,32"/><W111/><G115/><T22/><D0/><U125/><E125/><V108/><F114/><W131/><G32/><T39/><D39/><U53/><E133/><V43/><F79/><W48/><G106/><T31/><D34/><U72/><E72/><V17/><F71/><W85/><G98/><T56/><D119/><U36/><E36/><V1/><F1/><W11/><G83/><T78/><D132/><U123/><E123/><V100/><F100/><W40/><G111/><N who="2" m="42537" /><F17/><W41/><G48/><T26/><D28/><U68/><E63/><V93/><F24/><W120/><G120/><T135/><D135/><U37/><E37/><N who="2" m="21999" /><F93/><W15/><G20/><T29/><D29/><U64/><REACH who="1" step="1"/><E55/><AGARI ba="1,0" hai="5,6,55,59,60,89,92,96" m="21999,42537" machi="55" ten="30,3900,0" yaku="14,1,52,2" doraHai="3" who="2" fromWho="1" sc="153,0,265,-42,313,42,269,0" /><INIT seed="4,0,0,0,1,36" ten="153,223,355,269" oya="0" hai0="129,91,31,99,56,110,93,50,127,112,57,79,38" hai1="17,13,35,24,72,101,55,96,133,103,66,11,44" hai2="69,75,125,116,84,59,100,51,48,121,1,68,126" hai3="71,6,76,73,26,53,98,33,82,37,81,115,74"/><T123/><D38/><U65/><E72/><V63/><F75/><W77/><G115/><T60/><D123/><U22/><E35/><V94/><F1/><W97/><G71/><N who="2" m="27209" /><F94/><W28/><G6/><T128/><D112/><U29/><E133/><V58/><F84/><W5/><G37/><T130/><D127/><N who="2" m="48650" /><F100/><W7/><G7/><T21/><D110/><U18/><E103/><V117/><F121/><W9/><REACH who="3" step="1"/><G53/><REACH who="3" ten="153,223,355,259" step="2"/><T104/><D130/><U10/><E55/><N who="2" m="32103" /><F51/><W107/><G107/><T64/><D50/><U52/><E52/><AGARI ba="0,1" hai="52,59,63,116,117" m="32103,48650,27209" machi="52" ten="30,7700,0" yaku="18,1,34,2,54,1" doraHai="36" who="2" fromWho="1" sc="153,0,223,-77,355,87,259,0" /><INIT seed="5,0,0,3,5,32" ten="153,146,442,259" oya="1" hai0="70,39,59,54,135,14,38,72,34,85,20,119,114" hai1="61,2,16,27,74,50,29,93,4,42,28,15,95" hai2="117,110,125,126,45,134,83,44,33,133,10,48,65" hai3="79,47,106,3,113,111,129,123,77,76,89,82,21"/><U35/><E74/><V7/><F117/><W62/><G123/><T97/><D72/><U22/><E29/><V118/><F118/><W87/><G111/><T121/><D34/><U92/><E61/><V90/><F33/><W127/><G127/><N who="2" m="48649" /><F65/><W86/><G129/><T60/><D70/><U0/><REACH who="1" step="1"/><E4/><REACH who="1" ten="153,136,442,259" step="2"/><V68/><F7/><W132/><G62/><T75/><D60/><U6/><E6/><V36/><F134/><W102/><G132/><T105/><D75/><U115/><E115/><V53/><F133/><W112/><G113/><T55/><D114/><U12/><E12/><V37/><F110/><W8/><G112/><T1/><D14/><U46/><AGARI ba="0,1" hai="0,2,15,16,22,27,28,35,42,46,50,92,93,95" machi="46" ten="30,18000,2" yaku="1,1,0,1,52,2,54,1,53,1" doraHai="32" doraHaiUra="13" who="1" fromWho="1" sc="153,-60,136,190,442,-60,259,-60" /><INIT seed="5,1,0,1,0,108" ten="93,326,382,199" oya="1" hai0="120,10,11,134,29,45,19,51,63,125,128,85,89" hai1="26,79,55,96,82,1,126,2,129,84,48,37,118" hai2="133,76,114,31,67,116,75,38,40,15,23,80,47" hai3="131,71,25,88,119,65,5,20,109,110,57,54,21"/><U91/><E118/><V132/><F116/><W113/><G119/><T49/><D134/><N who="2" m="51818" /><F67/><W14/><G131/><T27/><D128/><U0/><E129/><V43/><F43/><W66/><G71/><T98/><D125/><U59/><E126/><V124/><F124/><W123/><G123/><T92/><D120/><U100/><E37/><V35/><F23/><W104/><G104/><T135/><D135/><U46/><E26/><N who="2" m="18935" /><F15/><W18/><G110/><T94/><D63/><U9/><E59/><V101/><F101/><W95/><G109/><T12/><D11/><U22/><E22/><V73/><F114/><W3/><G113/><T30/><D27/><U4/><REACH who="1" step="1"/><E91/><REACH who="1" ten="93,316,382,199" step="2"/><V60/><F60/><N who="3" m="35895" /><G3/><T130/><D130/><U32/><E32/><V28/><F28/><N who="3" m="17447" /><G5/><T77/><D51/><U42/><E42/><V33/><F33/><W99/><AGARI ba="1,1" hai="14,18,21,65,66,88,95,99" m="17447,35895" machi="99" ten="30,2000,0" yaku="8,1,54,1" doraHai="108" who="3" fromWho="3" sc="93,-6,316,-11,382,-6,199,33" /><INIT seed="6,0,0,1,5,35" ten="87,305,376,232" oya="2" hai0="68,129,25,10,102,89,81,78,70,94,126,87,4" hai1="105,16,44,24,125,114,42,41,112,74,132,75,55" hai2="62,40,109,106,92,48,46,18,23,3,53,117,134" hai3="128,82,56,72,0,50,86,7,130,95,2,90,5"/><V49/><F117/><W31/><G31/><T88/><D129/><N who="3" m="49769" /><G56/><T103/><D126/><U133/><E105/><V77/><F106/><W73/><G50/><T119/><D119/><U12/><E24/><V110/><F62/><W93/><G93/><T13/><D89/><U20/><E125/><V63/><F63/><W116/><G116/><T54/><D25/><U80/><E55/><V8/><F77/><N who="3" m="44335" /><G72/><N who="1" m="27690" /><E80/><V113/><F92/><W37/><G37/><T115/><D115/><N who="1" m="44075" /><E42/><V100/><F40/><W17/><G17/><T51/><D70/><U84/><E84/><V59/><F18/><W83/><G83/><T60/><D60/><U85/><E85/><V14/><F113/><W26/><G26/><T65/><D65/><U97/><E97/><V98/><F98/><W69/><G69/><T67/><D67/><U122/><E122/><V47/><F49/><AGARI ba="0,0" hai="12,16,20,41,44,49,132,133" m="44075,27690" machi="49" ten="30,2000,0" yaku="15,1,54,1" doraHai="35" who="1" fromWho="2" sc="87,0,305,20,376,-20,232,0" /><INIT seed="7,0,0,0,0,72" ten="87,325,356,232" oya="3" hai0="123,21,41,67,91,74,11,88,42,84,116,4,58" hai1="66,105,39,134,2,45,12,80,83,25,10,111,68" hai2="120,122,30,92,33,28,135,76,87,130,100,90,1" hai3="29,31,23,27,108,75,119,118,115,26,117,8,40"/><W43/><G75/><T46/><D74/><U114/><E111/><V96/><F1/><W106/><G106/><T97/><D116/><U70/><E2/><V22/><F135/><W18/><G108/><T50/><D123/><N who="2" m="47146" /><F33/><W51/><G115/><T54/><D67/><U5/><E114/><V15/><F76/><W89/><G89/><T20/><D97/><U86/><E134/><V129/><F15/><W16/><G8/><T60/><D42/><U93/><E105/><N who="2" m="63623" /><F22/><W35/><G43/><T14/><REACH who="0" step="1"/><D91/><REACH who="0" ten="77,325,356,232" step="2"/><U65/><E65/><V78/><F90/><W56/><G40/><T132/><D132/><U121/><E121/><V128/><F128/><W24/><G118/><T107/><D107/><U36/><E66/><V32/><F130/><W37/><G117/><T127/><D127/><U99/><E80/><V63/><F92/><W85/><G119/><T125/><D125/><U104/><E104/><V59/><F129/><W64/><G64/><T44/><D44/><U79/><E25/><V57/><F57/><W49/><G56/><T95/><AGARI ba="0,1" hai="4,11,14,20,21,41,46,50,54,58,60,84,88,95" machi="95" ten="20,12000,2" yaku="1,1,0,1,7,1,8,1,54,1,53,1" doraHai="72" doraHaiUra="55" who="0" fromWho="0" sc="77,130,325,-30,356,-30,232,-60" owari="207,-19.3,295,9.5,326,42.6,172,-32.8" /></mjloggm>