<mjloggm ver="2.3"><GO type="169" lobby="0"/><UN n0="%E3%83%A2%E3%83%AD%E3%83%98%E3%82%A4%E3%83%A4" n1="%E3%81%8D%E3%81%84%E3%81%AA" n2="%48%65%69%7A%6F" n3="%74%61%6E%70%69%6E%38" dan="16,16,16,16" rate="2173.55,2102.66,2065.10,2120.81" sx="M,M,M,M"/><TAIKYOKU oya="0"/><INIT seed="0,0,0,3,0,76" ten="250,250,250,250" oya="0" hai0="110,91,88,75,46,7,100,67,58,56,128,72,73" hai1="118,41,22,83,48,130,94,97,102,131,47,112,3" hai2="99,49,85,115,86,117,30,70,11,54,106,0,103" hai3="43,21,74,116,81,14,66,19,35,5,120,71,69"/><T104/><D128/><U16/><E118/><V37/><F115/><W78/><G116/><T61/><D7/><U52/><E3/><V9/><F37/><W10/><G35/><T96/><D110/><U89/><E112/><V55/><F70/><W98/><G120/><T92/><D46/><U2/><E2/><V36/><F36/><W95/><G66/><T44/><D44/><U125/><E125/><V28/><F0/><W93/><G43/><T31/><D31/><U64/><E64/><V101/><F49/><W135/><G135/><T42/><D42/><U50/><E50/><V108/><F99/><W79/><G79/><T129/><D129/><U4/><E4/><V32/><F117/><W45/><G45/><T62/><REACH who="0" step="1"/><D104/><REACH who="0" ten="240,250,250,250" step="2"/><U82/><E41/><V17/><F108/><W15/><REACH who="3" step="1"/><G95/><REACH who="3" ten="240,250,250,240" step="2"/><T25/><D25/><U87/><E131/><V122/><F106/><W59/><G59/><T109/><D109/><U111/><E130/><V133/><F122/><W34/><G34/><T18/><D18/><U119/><E111/><V53/><F17/><W40/><G40/><T84/><D84/><U24/><E119/><V65/><F32/><W132/><G132/><T68/><D68/><U6/><E6/><V134/><F86/><W80/><G80/><AGARI ba="0,2" hai="16,22,24,47,48,52,80,82,83,87,89,94,97,102" machi="80" ten="30,12000,2" yaku="7,1,8,1,52,3,54,2" doraHai="76" who="1" fromWho="3" sc="240,0,250,140,250,0,240,-120" /><INIT seed="1,0,0,4,4,127" ten="240,390,250,120" oya="1" hai0="68,13,33,122,85,27,59,120,112,44,56,74,12" hai1="79,61,60,78,109,2,80,71,87,70,103,101,47" hai2="18,119,91,115,81,43,37,25,24,123,89,107,113" hai3="131,1,93,83,4,116,62,106,5,34,98,135,11"/><U118/><E118/><V55/><F107/><W64/><G135/><T125/><D68/><U42/><E2/><V31/><F123/><W30/><G116/><T105/><D74/><U94/><E109/><V82/><F37/><W28/><G4/><T90/><D105/><U73/><E79/><V35/><F43/><W8/><G8/><T77/><D77/><U22/><E22/><V108/><F108/><W7/><G7/><T14/><D112/><U51/><E73/><V65/><F65/><W110/><G106/><T54/><D44/><U124/><E124/><V21/><F55/><W32/><G28/><T23/><D33/><U20/><E71/><V15/><F15/><W128/><G83/><T58/><D54/><U76/><E76/><V45/><F45/><W0/><G0/><T38/><D38/><U50/><E70/><V121/><F121/><W46/><G46/><T132/><D132/><U16/><E51/><V53/><F53/><W36/><G36/><T126/><D122/><U134/><E134/><V86/><F119/><W9/><G9/><T72/><D72/><U17/><E17/><V49/><F49/><W39/><G39/><T75/><D75/><U104/><E104/><V48/><F48/><W67/><G67/><T96/><D120/><U69/><E69/><V84/><AGARI ba="0,0" hai="18,21,24,25,31,35,81,82,84,86,89,91,113,115" machi="84" ten="30,2000,0" yaku="0,1,9,1" doraHai="127" who="2" fromWho="2" sc="240,-5,390,-10,250,20,120,-5" /><INIT seed="2,0,0,1,1,134" ten="235,380,270,115" oya="2" hai0="104,42,27,111,74,12,62,65,102,26,89,52,99" hai1="77,118,81,23,55,48,87,105,45,126,38,2,84" hai2="90,10,73,121,8,80,41,71,97,35,66,128,57" hai3="135,20,0,75,70,123,21,119,1,114,94,51,63"/><V72/><F35/><W110/><G75/><T7/><D74/><U64/><E118/><V18/><F71/><W129/><G123/><T54/><D42/><U79/><E105/><V78/><F41/><W17/><G119/><T82/><D111/><U15/><E2/><V44/><F44/><W5/><G110/><T113/><D113/><U46/><E64/><V133/><F73/><W19/><G129/><T14/><D82/><N who="1" m="47183" /><E38/><V31/><F31/><W60/><G94/><T130/><D89/><U37/><E126/><V88/><F128/><W58/><G51/><T3/><D3/><U32/><E32/><V16/><F133/><W112/><G58/><T109/><D109/><U120/><E120/><V91/><F97/><W69/><REACH who="3" step="1"/><G5/><REACH who="3" ten="235,380,270,105" step="2"/><T29/><D7/><U83/><E37/><V125/><F121/><W22/><G22/><T98/><D130/><U107/><E23/><V92/><F92/><W100/><G100/><T127/><D102/><U101/><E48/><V39/><F39/><W117/><G117/><T68/><D104/><U115/><E101/><V50/><F50/><W132/><AGARI ba="0,1" hai="0,1,17,19,20,21,60,63,69,70,112,114,132,135" machi="132" ten="25,6400,0" yaku="1,1,0,1,22,2,53,0" doraHai="134" doraHaiUra="116" who="3" fromWho="3" sc="235,-16,380,-16,270,-32,105,74" /><INIT seed="3,0,0,4,4,50" ten="219,364,238,179" oya="3" hai0="54,94,69,103,85,78,82,95,81,115,46,86,9" hai1="26,135,35,64,75,114,107,134,88,84,80,5,102" hai2="43,37,42,127,31,44,28,121,131,13,125,99,130" hai3="119,128,91,118,33,23,27,92,56,40,6,116,48"/><W12/><G128/><N who="2" m="49193" /><F99/><W108/><G33/><T0/><D69/><U61/><E114/><V100/><F100/><W62/><G108/><T51/><D115/><U4/><E75/><V24/><F13/><W87/><G40/><T97/><D0/><U71/><E102/><V21/><F121/><W111/><G111/><T18/><D9/><U90/><E90/><V45/><F31/><W117/><N who="3" m="29696" /><DORA hai="110" /><W65/><G48/><AGARI ba="0,0" hai="21,24,28,37,42,43,44,45,48,125,127" m="49193" machi="48" ten="30,1000,0" yaku="19,1" doraHai="50,110" who="2" fromWho="3" sc="219,0,364,0,238,10,179,-10" /><INIT seed="4,0,0,1,2,112" ten="219,364,248,169" oya="0" hai0="62,121,65,48,58,2,71,21,93,46,97,88,123" hai1="22,86,77,92,122,130,116,110,89,105,124,134,35" hai2="113,66,80,9,41,132,18,131,95,25,81,108,36" hai3="5,127,68,117,28,30,54,128,67,101,50,55,125"/><T70/><D2/><U109/><E35/><V115/><F108/><W100/><G5/><T31/><D31/><N who="3" m="11817" /><G67/><T63/><D21/><U103/><E122/><V120/><F66/><W49/><G68/><T85/><D70/><U82/><E22/><V106/><F106/><W90/><G90/><T3/><D3/><U75/><E134/><V74/><F74/><W47/><G128/><T23/><D63/><U78/><E130/><V84/><F132/><W34/><G34/><T32/><D32/><U99/><E124/><N who="3" m="47690" /><G117/><T133/><D133/><U72/><E116/><V61/><F131/><W27/><G27/><T1/><D1/><U57/><E57/><AGARI ba="0,0" hai="47,49,50,54,55,57,100,101" m="47690,11817" machi="57" ten="30,1000,0" yaku="18,1" doraHai="112" who="3" fromWho="1" sc="219,0,364,-10,248,0,169,10" /><INIT seed="5,0,0,0,4,118" ten="219,354,248,179" oya="1" hai0="48,85,27,14,115,34,39,42,97,75,77,4,131" hai1="24,98,93,0,101,43,32,61,76,12,91,28,123" hai2="53,135,72,122,20,102,57,40,18,52,6,112,31" hai3="133,128,84,86,100,130,129,120,49,132,35,37,73"/><U127/><E123/><V78/><F112/><W50/><G37/><T60/><D39/><U99/><E127/><V92/><F6/><W119/><G35/><T109/><D75/><U58/><E0/><V9/><F135/><N who="3" m="51787" /><G119/><T110/><D115/><U88/><E43/><V95/><F122/><W62/><G73/><T104/><D131/><U134/><E134/><V111/><F111/><W124/><G100/><T113/><D113/><U65/><E76/><V64/><F40/><W121/><G62/><T94/><D104/><U116/><E116/><V63/><F78/><W11/><G11/><T15/><D60/><U108/><E108/><V51/><F72/><W55/><G49/><T25/><D34/><U83/><E83/><V82/><F82/><W117/><G117/><T80/><D110/><U70/><E58/><N who="2" m="36983" /><F102/><W79/><G124/><T89/><D109/><U1/><E1/><V126/><F126/><W2/><G2/><T81/><D81/><U87/><E87/><N who="3" m="33322" /><G79/><T69/><D69/><U17/><REACH who="1" step="1"/><E99/><REACH who="1" ten="219,344,248,179" step="2"/><V36/><F36/><W13/><G13/><T114/><D14/><U3/><E3/><V106/><F57/><AGARI ba="0,1" hai="50,55,57,120,121,128,129,130" m="33322,51787" machi="57" ten="40,8000,1" yaku="19,1,20,1,52,2" doraHai="118" who="3" fromWho="2" sc="219,0,344,0,248,-80,179,90" /><INIT seed="6,0,0,4,2,94" ten="219,344,168,269" oya="2" hai0="8,9,61,7,120,71,132,3,75,44,98,4,55" hai1="29,92,64,16,85,50,77,87,18,12,54,100,110" hai2="96,38,114,135,125,134,13,27,23,49,37,76,113" hai3="78,91,72,40,25,31,127,95,59,122,24,123,86"/><V66/><F76/><W106/><G106/><T46/><D75/><U48/><E110/><V79/><F79/><W102/><G127/><T10/><D120/><U121/><E121/><V93/><F66/><W126/><G126/><T33/><D33/><U53/><E64/><V0/><F13/><W11/><G24/><T111/><D111/><U108/><E108/><V26/><F49/><W133/><G133/><N who="2" m="50697" /><F0/><W105/><G40/><T104/><D132/><U21/><E77/><V42/><F42/><W14/><G59/><T30/><D30/><U69/><E69/><V117/><F117/><W128/><G128/><T81/><D81/><U89/><E48/><V20/><F27/><W35/><G78/><T124/><D124/><U63/><E63/><V82/><F82/><W83/><G105/><T130/><D130/><U45/><E12/><V2/><F2/><W68/><G68/><T57/><D71/><U74/><E50/><V90/><F125/><W112/><G112/><N who="2" m="43113" /><F23/><W118/><G118/><T88/><D3/><U65/><E21/><V99/><F99/><W129/><G72/><T52/><D55/><U58/><E65/><V41/><F41/><W15/><G14/><T17/><D17/><AGARI ba="0,0" hai="17,20,26,37,38,90,93,96" m="43113,50697" machi="17" ten="30,5800,0" yaku="20,1,15,1,52,1" doraHai="94" who="2" fromWho="0" sc="219,-58,344,0,168,58,269,0" /><INIT seed="6,1,0,5,5,34" ten="161,344,226,269" oya="2" hai0="107,118,45,15,11,55,7,117,36,3,32,51,98" hai1="71,42,119,33,67,43,10,63,13,52,38,29,47" hai2="122,49,90,128,73,60,31,64,129,30,65,28,85" hai3="48,74,26,6,46,54,134,25,66,76,99,120,69"/><V121/><F73/><W75/><G120/><N who="2" m="46185" /><F49/><W0/><G134/><T5/><D32/><U132/><E119/><V87/><F60/><W102/><G66/><N who="2" m="25705" /><F90/><W4/><G69/><T59/><D7/><U123/><E123/><V115/><F115/><W78/><G75/><T126/><D126/><U125/><E132/><V35/><F35/><W91/><G91/><T8/><D8/><U113/><E125/><V92/><F92/><W70/><G70/><T41/><REACH who="0" step="1"/><D15/><REACH who="0" ten="151,344,226,269" step="2"/><U40/><E13/><V94/><F94/><W84/><G4/><T83/><D83/><U21/><E10/><V23/><F23/><W86/><G6/><T101/><AGARI ba="1,1" hai="3,5,11,36,41,45,51,55,59,98,101,107,117,118" machi="101" ten="30,4000,0" yaku="1,1,0,1,52,1,53,0" doraHai="34" doraHaiUra="58" who="0" fromWho="0" sc="151,53,344,-11,226,-21,269,-11" /><INIT seed="7,0,0,0,5,88" ten="204,333,205,258" oya="3" hai0="112,69,21,27,75,14,86,40,84,1,55,41,34" hai1="92,128,65,102,46,39,44,31,62,12,38,124,106" hai2="89,50,113,110,70,24,85,72,129,53,43,42,56" hai3="90,63,121,116,10,8,16,73,30,13,95,131,130"/><W111/><G73/><T54/><D69/><U18/><E106/><V6/><F72/><W67/><G116/><T19/><D1/><U119/><E31/><V107/><F107/><W118/><G118/><T127/><D75/><U49/><E119/><V58/><F110/><W0/><G121/><T115/><D127/><U28/><E28/><V2/><F70/><W33/><G111/><T103/><D103/><U23/><E128/><N who="3" m="49194" /><G33/><T76/><D34/><U91/><E102/><V97/><F113/><N who="0" m="43594" /><D27/><U117/><E124/><V98/><F129/><W80/><G80/><N who="0" m="47111" /><D86/><U37/><E49/><V96/><F24/><W132/><G30/><T35/><D35/><U48/><E48/><V3/><F3/><W64/><G132/><T61/><D61/><U135/><E135/><V11/><REACH who="2" step="1"/><F58/><REACH who="2" ten="204,333,195,258" step="2"/><W45/><G0/><T99/><D99/><U114/><E117/><V74/><F74/><W51/><G13/><T36/><D36/><U101/><E37/><V15/><F15/><W26/><G26/><T20/><D20/><U57/><E38/><V122/><F122/><W125/><G125/><T87/><D87/><U79/><E39/><V77/><F77/><W47/><G47/><T104/><D104/><U4/><E79/><V123/><F123/><W60/><G45/><T108/><D108/><U133/><E44/><V100/><F100/><W59/><G59/><T71/><D71/><U83/><E46/><V120/><F120/><W94/><G8/><T9/><D9/><U17/><E101/><V126/><F126/><W66/><G10/><T32/><D32/><U22/><E114/><RYUUKYOKU ba="0,1" sc="204,15,333,-15,195,15,258,-15" hai0="14,19,21,40,41,54,55" hai2="2,6,11,42,43,50,53,56,85,89,96,97,98" owari="219,-18.1,328,42.8,210,-29.0,243,4.3" /></mjloggm>