<mjloggm ver="2.3"><GO type="169" lobby="0"/><UN n0="%E3%83%8A%E3%83%8A%E3%82%A4%E3%83%AD%E3%83%A9%E3%82%A4%E3%83%88%E2%98%86" n1="%E5%AF%BF%E4%BA%BA%E6%B5%81%E7%89%8C%E6%89%8B" n2="%E8%8A%B1%E9%81%93%E6%A1%9C%E6%9C%A8" n3="%74%61%6B%65%2D%79%6F%75" dan="16,16,16,16" rate="2083.05,2143.16,2142.80,2150.86" sx="F,M,M,M"/><TAIKYOKU oya="0"/><INIT seed="0,0,0,4,4,24" ten="250,250,250,250" oya="0" hai0="17,109,2,64,65,20,9,106,38,97,117,124,93" hai1="75,127,23,4,11,39,102,115,92,47,1,45,44" hai2="14,32,120,99,108,56,130,28,114,29,51,19,101" hai3="121,88,6,36,60,72,78,90,116,87,133,132,105"/><T16/><D117/><U30/><E75/><V95/><F120/><W67/><G36/><T96/><D38/><U82/><E127/><V33/><F114/><W5/><G105/><T10/><D124/><U22/><E115/><V43/><F108/><W25/><G116/><T50/><D109/><U21/><E39/><V111/><F111/><W7/><G121/><T63/><D50/><U110/><E82/><V61/><F130/><W41/><G41/><T46/><D46/><U128/><E110/><V134/><F32/><W62/><G72/><T129/><D129/><U26/><REACH who="1" step="1"/><E128/><REACH who="1" ten="250,240,250,250" step="2"/><V57/><F134/><W76/><G132/><T81/><D81/><U107/><E107/><V100/><F100/><W69/><G133/><T85/><D106/><U42/><E42/><V135/><F135/><W118/><G118/><T40/><D40/><U73/><E73/><V74/><F74/><W70/><G90/><T34/><D93/><U48/><E48/><V55/><F43/><W94/><REACH who="3" step="1"/><G25/><REACH who="3" ten="250,240,250,240" step="2"/><T89/><D89/><U104/><E104/><V84/><F101/><W98/><G98/><AGARI ba="0,2" hai="1,4,11,21,22,23,26,30,44,45,47,92,98,102" machi="98" ten="40,2600,0" yaku="1,1,52,1,53,0" doraHai="24" doraHaiUra="66" who="1" fromWho="3" sc="250,0,240,46,250,0,240,-26" /><INIT seed="1,0,0,0,2,63" ten="250,286,250,214" oya="1" hai0="129,101,7,6,11,113,46,106,17,59,128,72,117" hai1="38,83,93,9,110,92,130,70,23,8,21,42,78" hai2="26,95,126,67,34,104,64,53,122,18,10,102,118" hai3="3,45,16,4,29,1,76,30,35,127,39,0,135"/><U82/><E130/><V134/><F104/><W25/><G76/><T44/><D113/><U65/><E110/><V111/><F118/><W54/><G39/><T61/><D72/><U19/><E82/><V33/><F122/><W31/><G45/><T47/><D117/><U115/><E115/><V66/><F111/><W51/><G51/><T124/><D124/><U121/><E121/><V37/><F37/><W43/><G43/><T97/><D17/><U131/><E131/><N who="0" m="50249" /><D11/><U132/><E132/><V32/><F126/><W68/><G68/><T5/><D5/><U120/><E120/><V69/><F134/><W77/><G135/><T100/><D100/><U28/><E28/><N who="3" m="10858" /><G127/><T88/><D88/><U109/><E109/><V85/><F53/><AGARI ba="0,0" hai="6,7,44,46,47,53,59,61,97,101,106" m="50249" machi="53" ten="30,1000,0" yaku="19,1" doraHai="63" who="0" fromWho="2" sc="250,10,286,0,250,-10,214,0" /><INIT seed="2,0,0,3,4,14" ten="260,286,240,214" oya="2" hai0="41,97,125,118,10,31,53,71,129,62,96,36,109" hai1="42,123,9,2,57,99,0,29,91,11,13,20,12" hai2="70,81,63,65,124,55,67,35,114,117,39,66,75" hai3="23,134,105,106,15,101,30,46,74,4,127,80,132"/><V110/><F114/><W16/><G127/><T133/><D125/><U6/><E42/><V32/><F124/><W82/><G4/><T88/><D109/><U27/><E57/><V73/><F117/><W108/><G108/><T49/><D129/><U40/><E40/><V112/><F112/><W3/><G3/><N who="1" m="1066" /><E91/><V28/><F110/><W7/><G7/><T89/><D133/><N who="3" m="51305" /><G101/><T8/><D31/><U25/><E99/><V77/><F39/><W54/><G30/><T90/><D118/><U68/><E68/><V59/><F75/><W38/><G38/><T78/><D78/><U44/><E44/><V37/><F37/><W33/><G33/><T130/><D130/><U47/><E47/><V86/><F28/><W119/><G119/><T51/><D36/><U131/><E123/><V95/><F70/><W61/><G74/><T116/><D116/><U98/><E98/><N who="0" m="37993" /><D71/><U122/><E122/><V43/><F35/><W83/><G61/><T120/><D120/><U94/><E94/><V56/><F32/><W102/><G102/><T92/><D92/><U115/><E115/><V84/><F73/><W85/><G85/><T79/><D79/><U45/><E45/><V60/><F95/><W26/><G26/><T113/><D113/><U76/><E76/><V50/><F86/><W21/><G21/><T128/><D128/><U107/><E131/><V126/><F126/><W64/><G64/><T18/><D62/><U104/><E27/><V93/><F93/><W87/><G87/><T1/><D90/><U24/><E24/><V48/><F63/><W111/><G111/><RYUUKYOKU ba="0,0" sc="260,-30,286,10,240,10,214,10" hai1="6,9,11,12,13,20,25,29,104,107" hai2="43,48,50,55,56,59,60,65,66,67,77,81,84" hai3="15,16,23,46,54,80,82,83,105,106" /><INIT seed="2,1,0,5,3,89" ten="230,296,250,224" oya="2" hai0="92,115,33,72,58,5,99,56,65,123,131,39,69" hai1="26,93,47,83,49,79,28,85,37,103,118,8,17" hai2="3,130,45,43,114,75,55,22,50,19,32,13,10" hai3="119,94,24,31,106,105,57,66,132,82,110,84,54"/><V36/><F114/><W108/><G66/><T11/><D115/><U117/><E37/><V7/><F130/><W2/><G2/><T129/><D123/><U77/><E77/><V96/><F75/><W25/><G25/><T100/><D39/><U128/><E128/><N who="0" m="49225" /><D33/><U70/><E70/><V52/><F32/><W71/><G71/><T30/><D30/><U86/><E8/><V121/><F121/><W20/><G119/><T97/><D72/><U9/><E9/><V29/><F29/><W53/><G53/><T68/><D58/><U41/><E17/><V1/><F96/><W63/><G132/><T34/><D34/><U133/><E133/><V6/><F6/><W74/><G74/><T91/><D56/><U59/><E59/><V14/><REACH who="2" step="1"/><F55/><REACH who="2" ten="230,296,240,224" step="2"/><W111/><REACH who="3" step="1"/><G94/><REACH who="3" ten="230,296,240,214" step="2"/><N who="0" m="56543" /><D65/><U67/><E67/><V80/><F80/><W98/><G98/><T76/><D69/><U126/><E118/><V120/><F120/><W0/><G0/><N who="0" m="423" /><D68/><U46/><E117/><V122/><F122/><W127/><G127/><T21/><D21/><U107/><E126/><V27/><F27/><W102/><G102/><T16/><D100/><U40/><E103/><V42/><F42/><W62/><G62/><T48/><D99/><U109/><E41/><V88/><F88/><AGARI ba="1,2" hai="20,24,31,54,57,63,82,84,88,105,106,108,110,111" machi="88" ten="40,5200,0" yaku="1,1,14,1,54,1,53,0" doraHai="89" doraHaiUra="4" who="3" fromWho="2" sc="230,0,296,0,240,-55,214,75" /><INIT seed="3,0,0,4,2,56" ten="230,296,185,289" oya="3" hai0="30,2,53,37,76,113,67,62,4,6,91,119,74" hai1="93,88,40,55,79,52,115,64,106,116,51,85,28" hai2="66,94,12,9,73,114,108,10,29,124,57,78,123" hai3="59,80,45,25,60,100,97,20,135,71,50,68,22"/><W69/><G80/><T38/><D119/><U112/><E106/><V26/><F114/><W21/><G25/><T19/><D113/><U87/><E116/><V109/><F124/><W84/><G84/><T98/><D30/><U16/><E28/><V49/><F123/><W128/><G128/><T131/><D131/><U15/><E64/><V1/><F1/><W23/><G135/><T132/><D132/><U35/><E35/><V117/><F117/><W58/><N who="3" m="5120" /><DORA hai="24" /><W127/><G127/><T11/><D19/><U110/><E110/><N who="2" m="42603" /><F94/><W99/><G100/><T81/><D6/><U129/><E129/><V82/><F12/><W65/><REACH who="3" step="1"/><G59/><REACH who="3" ten="230,296,185,279" step="2"/><T61/><D98/><U41/><E115/><V90/><F26/><W83/><G83/><T89/><D89/><U46/><E112/><V27/><F90/><W47/><G47/><T39/><D91/><N who="1" m="53487" /><E79/><V134/><F134/><W77/><G77/><T8/><D76/><U48/><E88/><V43/><F27/><W96/><G96/><T126/><D81/><U118/><E87/><V103/><F103/><W125/><G125/><T5/><D126/><U63/><E118/><V32/><F29/><W107/><G107/><T101/><D101/><U54/><E46/><N who="2" m="25823" /><F32/><W122/><G122/><T18/><D74/><U72/><E72/><V95/><F95/><W111/><G111/><T121/><D121/><U102/><E102/><V86/><F73/><W14/><G14/><T75/><D75/><U70/><E15/><V44/><F44/><W92/><G92/><T133/><D133/><U13/><E13/><V105/><F105/><RYUUKYOKU ba="0,1" sc="230,-15,296,-15,185,15,279,15" hai2="9,10,57,66,78,82,86" hai3="45,50,58,60,65,68,69,71,97,99" /><INIT seed="3,1,1,2,2,2" ten="215,281,200,294" oya="3" hai0="67,4,22,77,53,17,69,73,135,45,104,95,23" hai1="11,122,79,5,26,116,24,60,126,78,3,97,42" hai2="47,65,83,80,111,59,106,35,130,98,50,129,117" hai3="87,112,43,64,92,82,21,90,93,44,18,40,20"/><W94/><G112/><T37/><D104/><U105/><E122/><V127/><F35/><W30/><G64/><T75/><D135/><U12/><E126/><V61/><F117/><W66/><G66/><T110/><D110/><U62/><E116/><V32/><F32/><W16/><G30/><T131/><D131/><N who="2" m="50186" /><F111/><W52/><G21/><T103/><D77/><U100/><E42/><N who="3" m="15914" /><G20/><T7/><D23/><U0/><E0/><V14/><F14/><W29/><G29/><T38/><D73/><U57/><E62/><V58/><F58/><W114/><G114/><T71/><D75/><U88/><E3/><V125/><F98/><W89/><G89/><T84/><D38/><U25/><REACH who="1" step="1"/><E88/><REACH who="1" ten="215,271,200,294" step="2"/><V76/><F127/><W27/><G27/><T128/><D128/><U96/><E96/><V74/><F125/><W91/><G90/><N who="0" m="53703" /><D103/><U39/><E39/><V34/><F76/><W70/><G70/><T55/><D69/><U13/><E13/><V15/><F15/><W118/><G118/><T124/><D124/><U31/><E31/><V115/><F115/><W81/><G81/><T113/><D113/><U134/><E134/><V123/><F83/><W102/><G102/><T33/><D37/><U63/><E63/><V9/><F80/><W19/><G82/><T8/><D71/><U48/><E48/><AGARI ba="1,2" hai="16,18,19,44,48,52,87,91,92,93,94" m="15914" machi="48" ten="30,5800,0" yaku="8,1,54,2" doraHai="2" who="3" fromWho="1" sc="215,0,271,-61,200,0,294,81" /><INIT seed="3,2,0,3,0,117" ten="215,210,200,375" oya="3" hai0="95,54,109,43,40,69,126,26,115,7,35,103,46" hai1="9,108,74,60,37,131,5,44,76,78,130,132,99" hai2="87,101,21,19,127,58,30,89,10,90,85,97,27" hai3="80,18,92,70,15,63,73,133,113,61,3,8,66"/><W110/><G113/><T102/><D115/><U22/><E108/><V135/><F127/><W50/><G133/><T47/><D69/><U124/><E124/><V71/><F71/><W25/><G110/><T83/><D109/><U106/><E132/><V23/><F135/><W1/><G92/><T112/><D112/><U118/><E118/><V29/><F10/><W24/><G50/><T67/><D67/><U4/><E22/><V111/><F111/><W100/><G100/><T11/><D126/><U42/><E60/><V59/><F101/><W53/><G73/><T116/><D83/><N who="1" m="45463" /><E78/><V16/><F97/><W41/><G80/><T33/><D54/><U79/><E79/><V84/><F84/><W107/><G41/><T39/><D116/><U49/><E49/><V72/><F72/><W88/><G63/><T82/><D82/><U57/><E57/><V98/><F98/><W52/><G53/><T129/><D95/><U20/><E20/><V28/><F28/><W55/><G55/><T86/><D86/><U0/><E4/><V51/><F51/><W31/><G52/><T38/><D7/><U93/><E106/><V62/><F27/><W45/><G24/><T96/><D26/><U81/><E81/><V75/><F75/><W120/><G107/><T123/><D11/><U91/><AGARI ba="2,0" hai="0,5,9,37,42,44,91,93,99,130,131" m="45463" machi="91" ten="30,1100,0" yaku="25,1" doraHai="117" who="1" fromWho="1" sc="215,-5,210,17,200,-5,375,-7" /><INIT seed="4,0,0,0,1,109" ten="210,227,195,368" oya="0" hai0="16,124,37,60,120,6,69,34,0,128,13,46,44" hai1="111,61,55,45,50,100,48,33,103,63,87,88,67" hai2="86,72,133,43,58,134,93,127,20,101,73,62,115" hai3="81,118,31,123,28,79,30,12,3,36,77,10,96"/><T32/><D120/><U38/><E33/><V108/><F108/><W53/><G118/><T66/><D124/><U102/><E111/><V70/><F70/><W97/><G3/><T22/><D128/><U7/><E38/><V90/><F127/><W80/><G36/><T76/><D76/><N who="3" m="29257" /><G53/><T57/><D69/><U51/><E7/><V4/><F43/><W74/><G74/><T52/><D46/><U1/><E1/><V129/><F129/><W85/><G123/><T135/><D135/><N who="2" m="51722" /><F4/><N who="3" m="3143" /><G81/><T49/><REACH who="0" step="1"/><D37/><REACH who="0" ten="200,227,195,368" step="2"/><U84/><E45/><V110/><F110/><W27/><G27/><T105/><D105/><U47/><E47/><V112/><F73/><W56/><G56/><T126/><D126/><U68/><E68/><V83/><F72/><W119/><G119/><T92/><D92/><U82/><E55/><V40/><F40/><W59/><G59/><T8/><AGARI ba="0,1" hai="0,6,8,13,16,22,32,34,44,49,52,57,60,66" machi="8" ten="30,11700,0" yaku="1,1,0,1,54,2,53,0" doraHai="109" doraHaiUra="26" who="0" fromWho="0" sc="200,127,227,-39,195,-39,368,-39" /><INIT seed="4,1,0,5,2,79" ten="327,188,156,329" oya="0" hai0="7,53,31,126,19,30,74,124,63,67,2,52,3" hai1="22,85,25,27,115,44,102,104,32,41,107,54,20" hai2="26,112,65,73,83,82,11,80,78,10,111,28,35" hai3="122,46,48,8,50,34,90,128,24,64,109,60,71"/><T120/><D120/><U9/><E32/><V98/><F111/><W123/><G109/><T75/><D19/><U17/><E9/><V61/><F112/><W56/><G8/><T130/><D130/><U99/><E115/><V29/><F11/><W77/><G77/><T116/><D116/><U101/><E54/><N who="0" m="21097" /><D7/><U81/><E102/><V72/><F72/><N who="0" m="27690" /><D63/><U59/><E59/><V45/><F29/><N who="0" m="10762" /><D67/><U97/><E104/><V51/><F10/><W86/><G56/><T23/><D23/><U14/><E101/><V92/><F61/><W119/><G119/><T121/><D121/><U129/><E107/><V38/><F65/><W18/><G128/><T134/><D134/><U13/><E129/><V15/><F15/><W43/><G122/><T94/><D94/><U113/><E113/><V103/><REACH who="2" step="1"/><F38/><REACH who="2" ten="327,188,146,329" step="2"/><W88/><G123/><T1/><AGARI ba="1,1" hai="1,2,3,124,126" m="10762,27690,21097" machi="1" ten="40,7800,0" yaku="28,2,54,1" doraHai="79" who="0" fromWho="0" sc="327,91,188,-27,146,-27,329,-27" /><INIT seed="4,2,0,1,1,81" ten="418,161,119,302" oya="0" hai0="91,21,57,30,23,13,59,106,82,130,24,86,104" hai1="56,61,103,80,11,124,17,9,42,129,109,94,39" hai2="126,116,128,34,66,16,8,74,50,125,114,73,132" hai3="5,35,122,29,98,101,14,83,84,78,43,6,88"/><T92/><D130/><U52/><E109/><V99/><F34/><W55/><G122/><T100/><D106/><U3/><E129/><V1/><F128/><W65/><G65/><T62/><D104/><U15/><E124/><V41/><F114/><W46/><G35/><T20/><D13/><U89/><E39/><V58/><F132/><W105/><G29/><T44/><D44/><U68/><E68/><V38/><F38/><W69/><G69/><T119/><D119/><U118/><E42/><V117/><F99/><W47/><G55/><T28/><D28/><U133/><E133/><V121/><F121/><W102/><G102/><T27/><D27/><U123/><E118/><N who="2" m="45675" /><F41/><W10/><G6/><T36/><D36/><U76/><E103/><V120/><F120/><W70/><G70/><T48/><D48/><U22/><E3/><V97/><F97/><W96/><REACH who="3" step="1"/><G43/><REACH who="3" ten="418,161,119,292" step="2"/><T85/><D100/><U71/><E71/><V113/><F66/><W19/><G19/><T107/><D107/><U37/><E123/><V12/><F126/><W4/><G4/><T75/><D30/><U90/><E17/><V45/><F16/><W77/><G77/><T63/><D24/><U31/><E76/><V0/><F125/><W7/><G7/><T18/><D18/><U111/><E31/><V93/><F8/><W67/><G67/><T79/><D75/><U95/><E9/><V72/><F72/><W25/><G25/><T49/><D79/><U131/><E11/><V64/><F74/><W108/><G108/><T26/><D26/><U135/><E131/><V33/><F73/><RYUUKYOKU ba="2,1" sc="418,-10,161,-10,119,-10,292,30" hai3="5,10,14,46,47,78,83,84,88,96,98,101,105" /><INIT seed="5,3,1,5,5,83" ten="408,151,109,322" oya="1" hai0="61,127,98,58,56,77,6,25,128,73,40,60,89" hai1="131,76,134,48,106,36,10,99,14,63,47,109,75" hai2="65,5,132,11,82,67,20,38,35,8,101,116,49" hai3="113,90,71,59,96,85,4,112,2,19,102,130,46"/><U100/><E36/><V55/><F35/><W24/><G71/><T108/><D108/><U64/><E134/><V88/><F38/><W126/><G130/><T119/><D119/><U129/><E109/><V121/><F121/><W123/><G126/><T44/><D128/><N who="1" m="49227" /><E76/><V53/><F116/><W50/><G59/><T68/><D127/><U118/><E75/><V78/><F132/><W107/><G123/><T37/><D6/><N who="1" m="3415" /><E118/><V54/><F101/><W117/><G117/><T42/><D42/><N who="1" m="24695" /><E63/><V97/><F49/><W51/><G51/><T72/><D61/><U32/><E64/><V3/><F67/><W33/><G50/><T124/><D77/><U93/><E32/><V12/><F65/><W15/><G46/><T80/><D124/><U31/><E31/><V21/><F78/><W69/><G33/><T81/><D73/><U9/><E9/><V84/><REACH who="2" step="1"/><F97/><REACH who="2" ten="408,151,99,322" step="2"/><W114/><G96/><T94/><D98/><U87/><E87/><V29/><F29/><W28/><G85/><T16/><D72/><U22/><E22/><V66/><F66/><W70/><G70/><T91/><D68/><U86/><E86/><V104/><F104/><AGARI ba="3,2" hai="93,99,100,104,106" m="24695,3415,49227" machi="104" ten="30,1500,0" yaku="19,1" doraHai="83" who="1" fromWho="2" sc="408,0,151,44,99,-24,322,0" /><INIT seed="5,4,0,2,0,71" ten="408,195,75,322" oya="1" hai0="57,86,24,105,68,91,79,101,46,37,40,73,125" hai1="29,70,21,77,110,104,97,5,131,59,67,61,36" hai2="116,43,111,15,106,42,63,66,22,60,50,80,20" hai3="26,45,115,112,30,103,128,114,117,75,65,48,121"/><U119/><E119/><V0/><F0/><W39/><G121/><T27/><D125/><U35/><E131/><V130/><F116/><W10/><G117/><T85/><D68/><U87/><E110/><V93/><F106/><W74/><G128/><T23/><D27/><N who="1" m="18879" /><E21/><V64/><F130/><W8/><G65/><T78/><D73/><U7/><E59/><V11/><F111/><W123/><G103/><T124/><D124/><U88/><E77/><V129/><F129/><W96/><G96/><T62/><D101/><N who="1" m="62511" /><E36/><V72/><F72/><N who="3" m="27691" /><G123/><T82/><D86/><U107/><E107/><V100/><F22/><N who="3" m="15703" /><G48/><T19/><REACH who="0" step="1"/><D105/><REACH who="0" ten="398,195,75,322" step="2"/><U41/><E41/><AGARI ba="4,1" hai="8,10,39,41,45,112,114,115" m="15703,27691" machi="41" ten="40,2600,0" yaku="15,1,52,1" doraHai="71" who="3" fromWho="1" sc="398,0,195,-38,75,0,322,48" /><INIT seed="6,0,0,5,5,69" ten="398,157,75,370" oya="2" hai0="9,94,88,2,38,19,65,24,133,77,49,74,78" hai1="50,105,4,68,101,53,113,119,20,26,131,75,13" hai2="3,121,1,33,125,82,30,5,81,115,72,12,117" hai3="86,60,122,129,114,61,91,23,112,25,35,52,132"/><V6/><F117/><W71/><G122/><T95/><D133/><U44/><E119/><V14/><F72/><W83/><G35/><T116/><D116/><U29/><E75/><V124/><F33/><W96/><G129/><T64/><D38/><U135/><E68/><V55/><F55/><W15/><G132/><T109/><D109/><U134/><E113/><N who="3" m="43626" /><G71/><T102/><D74/><U54/><E131/><V37/><F115/><W130/><G130/><T84/><D49/><U42/><E135/><V80/><F30/><N who="3" m="17727" /><G15/><N who="2" m="5673" /><F121/><W28/><G28/><T56/><D2/><N who="2" m="522" /><F37/><W93/><G52/><N who="1" m="20074" /><E105/><V67/><F67/><N who="0" m="25674" /><D56/><U128/><E128/><V76/><F76/><W18/><G18/><T45/><D9/><N who="1" m="4263" /><E134/><V8/><F8/><W41/><G41/><T73/><D73/><U92/><E92/><V16/><F16/><W27/><G27/><T17/><D17/><U90/><E90/><V46/><F46/><W0/><G0/><T62/><D45/><U31/><E101/><V66/><F66/><W22/><G22/><N who="0" m="13407" /><D62/><U36/><E36/><V111/><F111/><W107/><G107/><T106/><D106/><U108/><E108/><V51/><F51/><W58/><G58/><T110/><D110/><U47/><E47/><V11/><F11/><W34/><G34/><T10/><D10/><U104/><E104/><V103/><F103/><W126/><G60/><T70/><D70/><U127/><E31/><V89/><F89/><N who="3" m="51423" /><G61/><T118/><D118/><U79/><E79/><N who="0" m="30217" /><D102/><U59/><E59/><V39/><F39/><W100/><G100/><T85/><D88/><U123/><E123/><RYUUKYOKU ba="0,0" sc="398,0,157,0,75,0,370,0" hai0="84,85,94,95" hai1="20,26,29,42,44,50,127" hai2="5,6,80,81,82,124,125" hai3="91,93,96,126" /><INIT seed="6,1,0,3,2,30" ten="398,157,75,370" oya="2" hai0="97,86,59,121,26,112,105,39,127,78,63,48,81" hai1="53,83,96,111,3,68,17,0,80,118,88,84,104" hai2="15,4,76,60,92,21,129,72,55,69,79,27,43" hai3="51,132,100,94,42,108,33,66,29,82,90,2,47"/><V103/><F129/><W131/><G108/><T117/><D39/><U54/><E111/><V36/><F36/><W38/><G2/><T74/><D121/><U28/><E68/><V125/><F125/><W91/><G132/><T22/><D127/><U73/><E28/><V1/><F1/><W32/><G131/><T23/><D112/><U34/><E34/><V122/><F122/><W64/><G100/><T56/><D117/><U130/><E118/><V18/><F43/><W13/><G38/><T109/><D109/><U61/><E0/><V116/><F72/><W101/><G101/><T35/><D74/><U113/><E3/><V135/><F135/><W115/><G115/><T7/><D7/><U57/><E113/><V110/><F116/><W67/><G29/><T98/><D35/><U134/><E134/><V128/><F128/><W37/><G13/><T95/><D105/><U75/><E130/><V31/><F4/><W5/><G5/><T71/><D71/><U9/><E80/><V6/><F6/><W93/><G82/><T58/><D63/><U62/><E104/><V50/><F60/><W45/><G93/><T85/><D48/><U102/><E102/><V20/><F69/><W24/><G24/><T124/><D124/><U87/><E62/><V12/><F12/><W123/><G123/><T106/><D106/><U10/><E61/><V19/><F31/><W89/><REACH who="3" step="1"/><G94/><REACH who="3" ten="398,157,75,360" step="2"/><T99/><D26/><U44/><E83/><V70/><F110/><W16/><G16/><T14/><D14/><U8/><E17/><V46/><F70/><W49/><G49/><RYUUKYOKU ba="1,1" sc="398,10,157,-30,75,10,360,10" hai0="22,23,56,58,59,78,81,85,86,95,97,98,99" hai2="15,18,19,20,21,27,46,50,55,76,79,92,103" hai3="32,33,37,42,45,47,51,64,66,67,89,90,91" /><INIT seed="6,2,1,4,4,11" ten="408,127,85,370" oya="2" hai0="25,109,125,87,34,133,49,134,97,16,77,30,110" hai1="92,129,37,60,66,28,85,103,130,94,18,111,32" hai2="0,86,19,112,42,50,33,27,55,48,38,41,120" hai3="91,95,29,4,56,54,101,99,21,52,88,65,75"/><V118/><F112/><W15/><G75/><T114/><D114/><U31/><E111/><V59/><F118/><W78/><G78/><T73/><D73/><U83/><E37/><V132/><F120/><W47/><G4/><T46/><D97/><N who="1" m="59815" /><E94/><V131/><F131/><N who="1" m="50185" /><E18/><V82/><F38/><W72/><G72/><T121/><D121/><U36/><E32/><V119/><F119/><W135/><G135/><N who="0" m="51723" /><D125/><U105/><E105/><V40/><F132/><W20/><G65/><T117/><D117/><U45/><E45/><V43/><F0/><W126/><G126/><T100/><D100/><U67/><E36/><V128/><F128/><W13/><G47/><T5/><D5/><U93/><E93/><V104/><F104/><W23/><G29/><N who="1" m="11338" /><E60/><V2/><F33/><W53/><G56/><T116/><D116/><U79/><AGARI ba="2,1" hai="66,67,79,83,85" m="11338,50185,59815" machi="79" ten="30,1100,0" yaku="19,1" doraHai="11" who="1" fromWho="1" sc="408,-5,127,27,85,-7,370,-5" /><INIT seed="7,0,0,4,2,133" ten="403,154,78,365" oya="3" hai0="102,2,103,118,4,106,16,57,111,107,132,33,129" hai1="74,124,22,105,36,12,69,54,24,28,131,82,31" hai2="123,41,40,76,88,89,42,37,104,87,127,68,86" hai3="0,65,70,11,52,53,10,58,96,13,79,38,6"/><W110/><G38/><T134/><D111/><U14/><E105/><N who="0" m="39945" /><D33/><U97/><E69/><V48/><F104/><W99/><G110/><T39/><D118/><U19/><E131/><V108/><F108/><W27/><G79/><T117/><D117/><U91/><E36/><V72/><F37/><W30/><G70/><T125/><D39/><U59/><E12/><V47/><F68/><W45/><G65/><T23/><D129/><U66/><E66/><V130/><F130/><W113/><G45/><T20/><D20/><U98/><E74/><V5/><F123/><W63/><G53/><T135/><D125/><U71/><E124/><V18/><F127/><W60/><G60/><T46/><D46/><U78/><E78/><V80/><F5/><W25/><G113/><T126/><D57/><U1/><E1/><V100/><F100/><W7/><REACH who="3" step="1"/><G27/><REACH who="3" ten="403,154,78,355" step="2"/><N who="0" m="14823" /><D126/><U109/><E24/><V51/><F51/><W44/><G44/><T15/><D2/><U75/><E109/><V92/><F76/><W50/><G50/><T114/><D114/><U116/><E71/><V85/><F72/><W77/><G77/><T121/><D121/><U115/><E75/><V32/><F48/><W49/><G49/><T73/><D73/><U56/><E115/><V112/><F112/><W8/><G8/><AGARI ba="0,1" hai="4,8,15,102,103,132,134,135" m="14823,39945" machi="8" ten="40,2600,0" yaku="20,1,54,1" doraHai="133" who="0" fromWho="3" sc="403,36,154,0,78,0,355,-26" owari="439,53.9,154,-24.6,78,-42.2,329,12.9" /></mjloggm>