<mjloggm ver="2.3"><GO type="169" lobby="0"/><UN n0="%E3%83%8A%E3%82%AB%E3%81%AB%E3%81%97" n1="%E3%83%91%E3%82%A1%E3%82%AF" n2="%61%6D%61%69%6B%61" n3="%69%50%68%6F%6E%65%31" dan="16,18,17,16" rate="2084.15,2236.42,2163.13,2132.62" sx="M,M,M,M"/><TAIKYOKU oya="0"/><INIT seed="0,0,0,0,4,9" ten="250,250,250,250" oya="0" hai0="16,81,53,109,36,135,128,27,101,4,19,8,131" hai1="32,106,62,118,65,95,83,30,26,86,66,102,70" hai2="80,52,2,120,20,47,112,77,114,46,122,72,115" hai3="90,108,0,123,107,14,44,28,48,61,39,60,93"/><T87/><D36/><U11/><E118/><V43/><F2/><W37/><G0/><T89/><D135/><U12/><E66/><V126/><F126/><W57/><G107/><T79/><D109/><U55/><E95/><V31/><F31/><W117/><G117/><T1/><D101/><U71/><E55/><V88/><F20/><W121/><G28/><T35/><D53/><U73/><E73/><V42/><F88/><W6/><G108/><T104/><D104/><U74/><E74/><V78/><F78/><W116/><G116/><T125/><D125/><U84/><E71/><V67/><F67/><W49/><G6/><T85/><D35/><U113/><E83/><V103/><F103/><W29/><G29/><T64/><D64/><U91/><E91/><V110/><F110/><W5/><G5/><T3/><D3/><U56/><E56/><V82/><F82/><W38/><G14/><T134/><D134/><U59/><E59/><V133/><F133/><W100/><G100/><T34/><D34/><U24/><E24/><V111/><F111/><W13/><G13/><T92/><REACH who="0" step="1"/><D27/><REACH who="0" ten="240,250,250,250" step="2"/><U68/><E113/><V99/><F52/><W18/><G39/><T21/><D21/><U76/><E70/><V51/><F99/><W22/><G38/><T96/><D96/><N who="1" m="61767" /><E76/><V124/><F124/><W129/><G37/><T50/><D50/><U58/><E58/><V15/><F15/><W41/><G49/><AGARI ba="0,1" hai="42,43,46,47,49,51,72,77,80,112,114,115,120,122" machi="49" ten="40,1300,0" yaku="9,1" doraHai="9" who="2" fromWho="3" sc="240,0,250,0,250,23,250,-13" /><INIT seed="1,0,0,0,4,68" ten="240,250,273,237" oya="1" hai0="46,26,111,20,73,106,27,24,65,57,39,128,67" hai1="87,54,115,114,3,5,29,36,18,76,99,38,37" hai2="121,74,40,64,17,50,123,14,92,23,119,126,10" hai3="134,95,58,30,69,89,61,56,77,81,129,70,122"/><U104/><E29/><V91/><F74/><W52/><G122/><T135/><D106/><U80/><E18/><V11/><F119/><W15/><G129/><T41/><D73/><U125/><E125/><V63/><F126/><W124/><G134/><T118/><D118/><U28/><E28/><V31/><F123/><W53/><G30/><T49/><D128/><U96/><E54/><V66/><F121/><W55/><G124/><T112/><D112/><U133/><E133/><V85/><F31/><W4/><G81/><T93/><D135/><U72/><E87/><V132/><F132/><W98/><G77/><T117/><D117/><U110/><E110/><V120/><F120/><W8/><REACH who="3" step="1"/><G55/><REACH who="3" ten="240,250,273,227" step="2"/><T101/><D111/><U42/><E42/><V9/><REACH who="2" step="1"/><F63/><AGARI ba="0,1" hai="4,8,15,52,53,56,58,61,63,69,70,89,95,98" machi="63" ten="30,8000,1" yaku="1,1,2,1,7,1,9,1,54,1,53,0" doraHai="68" doraHaiUra="35" who="3" fromWho="2" sc="240,0,250,0,273,-80,227,90" /><INIT seed="2,0,0,0,0,71" ten="240,250,193,317" oya="2" hai0="40,4,58,113,2,123,86,88,117,100,48,97,102" hai1="3,5,105,11,84,112,77,62,94,9,101,61,54" hai2="131,96,69,127,49,30,85,120,24,63,21,32,130" hai3="122,73,23,92,115,90,19,36,87,125,25,60,118"/><V82/><F120/><W93/><G122/><T41/><D123/><U75/><E112/><V26/><F127/><W68/><G118/><T0/><D113/><U31/><E31/><V52/><F96/><W18/><G73/><T35/><D35/><U109/><E109/><V34/><F63/><W81/><G115/><T78/><D117/><U128/><E128/><N who="2" m="49195" /><F26/><W116/><G116/><T16/><D78/><U65/><E54/><V80/><F69/><W132/><G132/><T15/><D4/><U50/><E50/><V42/><F42/><N who="0" m="16490" /><D2/><U29/><E29/><V28/><F28/><W55/><G68/><T72/><D0/><U74/><E62/><V70/><F70/><W13/><G60/><T89/><D72/><U124/><E124/><V51/><F51/><W95/><G55/><N who="0" m="32103" /><D97/><U56/><E3/><V47/><F82/><W98/><G125/><T46/><D46/><U8/><E5/><V83/><F80/><W6/><G6/><T12/><D12/><U57/><E57/><V126/><F126/><W10/><G98/><T43/><N who="0" m="16498" /><T119/><DORA hai="45" /><D119/><U79/><E75/><V53/><F53/><W17/><G25/><T103/><D86/><U64/><E74/><V59/><F47/><W44/><G44/><T91/><D102/><U38/><E65/><V121/><F121/><W27/><G19/><T66/><D66/><U22/><E64/><V134/><F134/><W108/><G108/><T99/><D99/><U110/><E61/><V135/><F135/><W37/><AGARI ba="0,0" hai="10,13,17,18,23,27,36,37,81,87,90,92,93,95" machi="37" ten="30,4000,0" yaku="0,1,52,2" doraHai="71,45" who="3" fromWho="3" sc="240,-10,250,-10,193,-20,317,40" /><INIT seed="3,0,0,1,4,103" ten="230,240,173,357" oya="3" hai0="96,14,59,36,55,47,68,53,100,13,39,19,99" hai1="65,118,20,122,32,46,21,41,23,95,60,66,16" hai2="52,38,5,61,74,35,79,43,82,76,37,0,77" hai3="135,109,64,73,24,121,51,127,111,28,18,125,11"/><W132/><G73/><T119/><D119/><U133/><E122/><V33/><F77/><W128/><G121/><T123/><D123/><U107/><E107/><V91/><F76/><W129/><G64/><T90/><D68/><U97/><E32/><V75/><F91/><W50/><G50/><T48/><D90/><U101/><E66/><V1/><F74/><W30/><G51/><T83/><D83/><U15/><E133/><N who="3" m="51274" /><G11/><T56/><D48/><U3/><E3/><V105/><F0/><W87/><G87/><T134/><D134/><U22/><E118/><V114/><F114/><W120/><G18/><T104/><D100/><U108/><E108/><N who="3" m="41546" /><G120/><T124/><D19/><U93/><E93/><V26/><F61/><W7/><G7/><T17/><D17/><U84/><E84/><V106/><F52/><W80/><G80/><T70/><D70/><U49/><REACH who="1" step="1"/><E20/><REACH who="1" ten="230,230,173,357" step="2"/><V6/><F75/><W126/><G30/><T94/><D94/><U110/><E110/><V88/><F105/><W45/><G45/><T8/><D47/><U102/><E102/><V112/><F106/><W131/><G131/><T89/><D104/><U27/><E27/><V62/><F26/><W113/><G113/><T34/><D34/><AGARI ba="0,1" hai="24,28,34,125,126,127,128,129" m="41546,51274" machi="34" ten="40,24000,3" yaku="30,2,18,1,20,1,14,1,10,1,23,1,34,2" doraHai="103" who="3" fromWho="0" sc="230,-240,230,0,173,0,357,250" owari="-10,-51.0,230,3.0,173,-22.7,607,70.7" /></mjloggm>