<mjloggm ver="2.3"><GO type="169" lobby="0"/><UN n0="%E3%82%B7%E3%83%B3%E3%83%97%E3%83%AB%E3%81%AA%E3%83%AF%E3%82%AD%E3%82%AC" n1="%E7%89%A7%E5%A0%B4%E3%81%AE%E5%B0%91%E5%A5%B3" n2="%E3%81%BD%E3%82%93%E3%81%A7%E3%82%89%E3%81%84%E3%81%8A%E3%82%93" n3="%E3%81%BD%E3%81%A3%E3%81%91%E3%81%95%E3%82%93" dan="17,17,16,16" rate="2190.53,2201.44,2167.62,2096.15" sx="M,F,M,M"/><TAIKYOKU oya="0"/><INIT seed="0,0,0,0,5,53" ten="250,250,250,250" oya="0" hai0="18,133,88,74,14,11,97,62,118,66,117,56,110" hai1="125,114,104,29,27,101,2,37,106,39,15,73,98" hai2="107,87,128,93,60,127,85,41,34,36,131,96,77" hai3="91,57,23,113,80,13,100,89,33,109,12,1,32"/><T130/><D74/><U50/><E2/><V28/><F28/><W0/><G80/><T76/><D76/><U69/><E125/><V3/><F34/><W92/><G92/><T17/><D133/><U4/><E106/><V116/><F3/><W72/><G100/><T46/><D130/><N who="2" m="49706" /><F60/><W58/><G23/><T59/><D110/><U54/><E73/><V44/><F127/><W47/><G47/><T124/><D124/><U38/><E114/><V63/><F116/><W95/><G95/><N who="0" m="56551" /><D118/><U94/><E69/><V108/><F108/><W22/><G22/><T129/><D117/><U112/><E112/><V35/><F35/><W16/><G72/><T30/><D129/><U99/><E4/><V121/><F121/><W75/><G75/><T81/><D81/><U82/><E15/><V20/><F107/><W43/><G109/><T45/><D30/><U123/><E123/><V6/><F77/><W48/><G113/><T68/><D68/><U40/><E82/><V84/><F20/><W25/><G25/><T132/><D132/><U78/><E78/><V52/><F6/><W26/><G26/><T83/><D83/><U120/><E120/><V42/><F42/><W7/><G7/><T90/><D17/><U49/><E29/><V122/><F122/><W134/><G16/><T119/><D119/><U5/><E5/><V67/><F96/><W61/><G134/><T135/><D135/><U51/><E27/><V86/><F86/><W10/><G1/><T65/><D90/><N who="1" m="55639" /><E40/><V64/><F93/><W9/><G0/><T19/><D18/><U70/><E70/><RYUUKYOKU ba="0,0" sc="250,10,250,10,250,10,250,-30" hai0="11,14,19,45,46,56,59,62,65,66" hai1="37,38,39,49,50,51,54,99,101,104" hai2="36,41,44,52,63,64,67,84,85,87" /><INIT seed="0,1,0,4,5,103" ten="260,260,260,220" oya="0" hai0="47,38,7,11,51,55,108,114,27,73,48,90,131" hai1="32,61,5,42,25,99,10,16,31,84,63,69,92" hai2="2,15,19,124,56,68,6,12,21,111,102,75,106" hai3="91,89,87,67,76,49,86,20,125,46,8,23,9"/><T118/><D114/><U17/><E42/><V40/><F68/><W35/><G35/><T107/><D118/><U122/><E84/><V54/><F75/><W36/><G36/><T119/><D119/><U45/><E45/><V100/><F111/><W104/><G67/><T120/><D120/><U64/><E61/><V70/><F70/><W65/><G65/><T82/><D131/><U113/><E122/><V128/><F128/><W24/><G76/><T81/><D38/><U60/><E60/><V39/><F2/><W62/><G62/><T77/><D108/><U96/><E113/><V117/><F124/><W94/><G125/><T14/><D27/><U3/><REACH who="1" step="1"/><E99/><REACH who="1" ten="260,250,260,220" step="2"/><V110/><F40/><W126/><G126/><T93/><D48/><U41/><E41/><V78/><F39/><W22/><G24/><T59/><D81/><U4/><E4/><V28/><F6/><W132/><G46/><T80/><D82/><U72/><E72/><V115/><F115/><W18/><G86/><T88/><D47/><U101/><AGARI ba="1,1" hai="3,5,10,16,17,25,31,32,63,64,69,92,96,101" machi="101" ten="20,8000,1" yaku="1,1,0,1,7,1,54,1,53,1" doraHai="103" doraHaiUra="29" who="1" fromWho="1" sc="260,-41,250,93,260,-21,220,-21" /><INIT seed="1,0,0,1,3,5" ten="219,343,239,199" oya="1" hai0="53,42,135,69,43,52,15,100,99,132,84,67,111" hai1="47,2,36,31,56,9,127,65,109,119,4,73,125" hai2="7,33,29,23,88,48,45,11,103,115,98,64,77" hai3="85,18,28,38,91,76,126,114,134,49,105,39,40"/><U133/><E119/><V121/><F121/><W97/><G114/><T68/><D84/><U27/><E133/><N who="0" m="51273" /><D15/><U101/><E101/><V96/><F33/><W95/><G134/><T51/><D111/><U87/><E73/><V6/><F115/><W131/><G28/><T19/><D19/><U55/><E65/><V129/><F64/><W1/><G1/><T13/><D13/><U17/><E109/><V106/><F77/><W63/><G18/><T110/><D53/><U41/><E17/><V30/><F6/><W124/><G85/><T46/><D110/><U92/><E92/><V70/><F7/><W86/><G86/><T37/><D67/><U116/><E116/><V72/><F29/><W128/><G76/><T113/><D113/><U20/><REACH who="1" step="1"/><E87/><REACH who="1" ten="219,333,239,199" step="2"/><V54/><F72/><W93/><G95/><N who="0" m="58495" /><D42/><U50/><AGARI ba="0,1" hai="2,4,9,20,27,31,36,41,47,50,55,56,125,127" machi="50" ten="30,11700,0" yaku="1,1,0,1,52,1,53,1" doraHai="5" doraHaiUra="32" who="1" fromWho="1" sc="219,-39,333,127,239,-39,199,-39" /><INIT seed="1,1,0,3,1,14" ten="180,460,200,160" oya="1" hai0="125,133,109,67,40,112,107,6,72,44,61,33,76" hai1="124,111,115,97,132,93,48,79,54,39,114,9,100" hai2="28,63,123,51,57,110,37,42,41,95,17,81,101" hai3="77,47,120,21,25,0,16,84,83,73,68,80,121"/><U30/><E39/><V64/><F123/><W53/><G68/><T78/><D112/><U34/><E132/><V104/><F104/><W116/><G0/><T11/><D133/><U55/><E124/><V103/><F110/><W82/><G82/><T52/><D109/><U94/><E111/><V45/><F28/><W29/><G116/><T65/><D33/><U13/><E79/><V106/><F106/><W49/><REACH who="3" step="1"/><G29/><REACH who="3" ten="180,460,200,150" step="2"/><T35/><D125/><U89/><E115/><V59/><F81/><W1/><G1/><T60/><D72/><U129/><E114/><V71/><F71/><W99/><G99/><T75/><D75/><U87/><E129/><V5/><F5/><W118/><G118/><T4/><D6/><U7/><E30/><V43/><F37/><W122/><G122/><T98/><D98/><U134/><E134/><V3/><F3/><W130/><G130/><T32/><D4/><U36/><E36/><V91/><F59/><W22/><G22/><T15/><D76/><AGARI ba="1,1" hai="16,21,25,47,49,53,73,76,77,80,83,84,120,121" machi="76" ten="30,7700,0" yaku="1,1,7,1,52,1,54,1,53,0" doraHai="14" doraHaiUra="86" who="3" fromWho="0" sc="180,-80,460,0,200,0,150,90" /><INIT seed="2,0,0,0,2,45" ten="100,460,200,240" oya="2" hai0="78,27,44,119,133,56,81,24,68,58,122,48,112" hai1="63,60,52,51,114,6,5,22,25,42,21,64,104" hai2="85,50,90,95,97,79,71,40,39,2,121,102,116" hai3="72,46,83,69,131,28,3,120,108,94,57,130,14"/><V84/><F116/><W23/><G3/><T86/><D122/><U75/><E114/><V26/><F121/><W101/><G69/><T32/><D112/><U127/><E104/><V66/><F2/><W77/><G120/><T132/><D68/><U93/><E75/><V8/><F39/><W87/><G108/><T99/><D119/><U41/><E93/><V34/><F8/><W55/><G46/><T1/><D1/><U134/><E134/><N who="0" m="51817" /><D99/><U49/><E127/><V13/><F13/><W17/><G28/><N who="0" m="19463" /><D27/><U103/><E103/><V29/><F79/><W61/><G101/><T11/><D11/><U33/><E25/><V30/><F30/><W65/><G65/><T126/><D126/><U128/><E64/><V80/><F66/><W19/><G19/><T100/><D100/><U38/><E38/><V110/><F71/><W70/><G70/><T36/><D36/><U107/><E107/><V31/><F31/><W35/><G35/><T62/><D62/><U7/><E7/><V115/><F115/><W73/><G94/><T67/><D67/><U123/><E33/><V74/><F102/><W105/><G105/><T117/><D117/><U135/><E135/><V82/><F95/><W111/><G111/><T91/><D78/><U4/><E4/><V53/><F110/><W18/><G18/><T43/><AGARI ba="0,0" hai="43,44,48,56,58,81,86,91" m="19463,51817" machi="43" ten="30,2000,0" yaku="20,1,52,1" doraHai="45" who="0" fromWho="0" sc="100,20,460,-5,200,-10,240,-5" /><INIT seed="3,0,0,0,1,18" ten="120,455,190,235" oya="3" hai0="47,109,21,70,124,42,135,77,125,14,112,56,103" hai1="17,68,25,92,24,64,23,11,19,82,121,114,115" hai2="61,120,69,3,43,117,80,51,0,81,30,113,35" hai3="73,101,62,9,79,85,65,122,110,1,132,75,29"/><W71/><G122/><T13/><D70/><U72/><E121/><V126/><F120/><W128/><G132/><T59/><D135/><U84/><E72/><V119/><F113/><W52/><G128/><T4/><D112/><U8/><E92/><V26/><F126/><W91/><G101/><T107/><D77/><U105/><E105/><V55/><F43/><W12/><G1/><T66/><D109/><U37/><E37/><V95/><F0/><W89/><G79/><T38/><D4/><U2/><E8/><V16/><F3/><W20/><G91/><T98/><D13/><U58/><E68/><V123/><F123/><W36/><G36/><T129/><D129/><U39/><E39/><V48/><F48/><W90/><G90/><T22/><D14/><U67/><E2/><V44/><F95/><W131/><G131/><T106/><D106/><U86/><E11/><V100/><F100/><W108/><G52/><T32/><D32/><U78/><E84/><V40/><F117/><W99/><G99/><T93/><D107/><U63/><E67/><V50/><F119/><W60/><G60/><N who="0" m="38151" /><D59/><U49/><E49/><V33/><F69/><W57/><G71/><T97/><D98/><U45/><E45/><N who="2" m="28143" /><F61/><W7/><G108/><T130/><D130/><U31/><E17/><V41/><F41/><W134/><G134/><T94/><D94/><U53/><E64/><V6/><F16/><W87/><G110/><T46/><D47/><U104/><E104/><V111/><F111/><W76/><G75/><T102/><D102/><U133/><E133/><V83/><F6/><RYUUKYOKU ba="0,0" sc="120,10,455,10,190,10,235,-30" hai0="21,22,38,42,46,93,97,103,124,125" hai1="19,23,24,25,31,53,58,63,78,82,86,114,115" hai2="26,30,33,35,40,44,50,80,81,83" /><INIT seed="4,1,0,2,2,9" ten="130,465,200,205" oya="0" hai0="48,79,100,10,42,29,83,31,43,5,78,133,94" hai1="30,80,15,23,91,40,59,20,131,66,3,67,2" hai2="103,110,69,107,62,97,114,22,58,121,50,49,45" hai3="88,74,27,109,14,12,122,25,75,115,47,85,113"/><T129/><D129/><U54/><E40/><V76/><F110/><W73/><G109/><T8/><D133/><U53/><E131/><V63/><F121/><W81/><G122/><T65/><D65/><U6/><E53/><V102/><F114/><N who="3" m="43531" /><G47/><T64/><D64/><U17/><E2/><V41/><F69/><W135/><G135/><T72/><D79/><U7/><E3/><V57/><F76/><W123/><G123/><T51/><D8/><U86/><E6/><V127/><F127/><W61/><G61/><N who="2" m="23049" /><F107/><W11/><G14/><T125/><D125/><U112/><E7/><AGARI ba="1,0" hai="7,11,12,25,27,73,74,75,81,85,88" m="43531" machi="7" ten="40,5200,0" yaku="15,1,52,1,54,1" doraHai="9" who="3" fromWho="1" sc="130,0,465,-55,200,0,205,55" /><INIT seed="5,0,0,1,3,127" ten="130,410,200,260" oya="1" hai0="118,135,42,131,80,129,68,46,123,50,19,38,91" hai1="57,92,87,45,14,10,128,72,52,132,53,1,106" hai2="4,97,103,43,111,78,125,56,76,104,112,26,89" hai3="31,117,86,109,35,17,88,41,75,54,98,58,100"/><U51/><E128/><N who="0" m="49225" /><D118/><U95/><E106/><V18/><F111/><W64/><G75/><T24/><D135/><U102/><E72/><V120/><F120/><W39/><G64/><T114/><D123/><U83/><E1/><V40/><F125/><W81/><G109/><T126/><D126/><U90/><E102/><V29/><F112/><W74/><G74/><T48/><D68/><U30/><E30/><V34/><F4/><W3/><G3/><T11/><D114/><U62/><E132/><V130/><F130/><W23/><G117/><T32/><D32/><U0/><E0/><V121/><F121/><W122/><G35/><T133/><D133/><U49/><E62/><V77/><F89/><W65/><G65/><T115/><D115/><U108/><E108/><V101/><F101/><W8/><G8/><T82/><D91/><U15/><E15/><V69/><F69/><W116/><G116/><T16/><D19/><AGARI ba="0,0" hai="10,14,19,45,49,51,52,53,57,83,87,90,92,95" machi="19" ten="30,12000,1" yaku="7,1,25,2,8,1,54,1" doraHai="127" who="1" fromWho="0" sc="130,-120,410,120,200,0,260,0" /><INIT seed="5,1,0,0,3,129" ten="10,530,200,260" oya="1" hai0="43,61,22,15,38,6,55,96,118,53,8,86,89" hai1="21,98,87,12,85,24,112,69,9,125,130,134,57" hai2="41,13,113,47,59,74,100,35,20,108,73,16,17" hai3="25,36,101,115,18,128,109,91,116,78,122,93,70"/><U105/><E69/><V106/><F108/><W10/><G36/><T68/><D118/><U26/><E130/><V119/><F119/><W2/><G109/><T32/><D32/><U67/><E112/><V133/><F35/><W83/><G70/><T30/><D38/><U94/><E105/><V77/><F113/><W95/><G128/><T50/><D68/><U7/><E125/><V107/><F133/><W71/><G71/><T120/><D120/><U23/><E134/><V14/><F59/><W4/><G122/><T31/><D96/><U92/><E24/><V88/><F88/><W99/><G115/><T124/><D124/><U81/><E92/><V37/><F100/><W76/><G116/><T29/><D61/><N who="1" m="38319" /><E81/><V0/><F0/><W97/><G83/><T28/><N who="0" m="7168" /><DORA hai="49" /><T54/><D22/><N who="1" m="8203" /><E26/><V132/><F132/><W114/><G114/><T19/><D19/><U117/><E117/><V66/><F17/><W27/><G18/><T34/><D34/><U82/><E82/><V1/><F16/><W127/><G127/><T103/><D103/><AGARI ba="1,0" hai="7,9,12,85,87,94,98,103" m="8203,38319" machi="103" ten="30,1500,0" yaku="8,1" doraHai="129,49" who="1" fromWho="0" sc="10,-18,530,18,200,0,260,0" owari="-8,-50.8,548,64.8,200,-20.0,260,6.0" /></mjloggm>