<mjloggm ver="2.3"><GO type="169" lobby="0"/><UN n0="%E3%82%A6%E3%83%92%E3%83%A7%E5%8A%A9" n1="%E7%94%9F%E3%81%97%E3%82%89%E3%81%99" n2="%E3%82%8A%E3%82%93%E3%81%94%32%32%36" n3="%6D%61%6A%75%6E%69%61" dan="16,16,16,16" rate="2119.71,2119.65,2135.48,2142.22" sx="M,M,M,M"/><TAIKYOKU oya="0"/><INIT seed="0,0,0,0,2,25" ten="250,250,250,250" oya="0" hai0="49,82,33,50,10,125,115,2,103,0,106,87,89" hai1="127,18,76,98,123,6,52,14,95,84,57,99,134" hai2="60,20,61,36,15,91,4,13,77,72,41,38,111" hai3="126,40,35,110,34,54,66,119,44,112,109,16,135"/><T130/><D115/><U71/><E123/><V48/><F72/><W30/><G112/><T100/><D130/><U45/><E134/><V102/><F77/><W17/><G119/><T59/><D125/><U74/><E127/><V133/><F102/><W26/><G126/><T51/><D33/><U96/><E71/><V29/><F111/><N who="3" m="42507" /><G35/><T122/><D122/><U107/><E74/><V46/><F133/><W88/><G54/><T3/><D106/><U117/><E6/><V104/><F36/><N who="3" m="21511" /><G66/><T101/><REACH who="0" step="1"/><D59/><REACH who="0" ten="240,250,250,250" step="2"/><U118/><E107/><V120/><F104/><W86/><G135/><T42/><D42/><U92/><E57/><V114/><F114/><W132/><G132/><T67/><D67/><U24/><E118/><V22/><F120/><W93/><AGARI ba="0,1" hai="16,17,26,30,34,86,88,93" m="21511,42507" machi="93" ten="30,7900,0" yaku="14,1,52,1,54,2" doraHai="25" who="3" fromWho="3" sc="240,-39,250,-20,250,-20,250,89" /><INIT seed="1,0,0,0,2,29" ten="201,230,230,339" oya="1" hai0="120,73,20,50,35,55,135,75,48,121,16,81,127" hai1="61,1,8,118,108,58,33,22,25,60,67,104,134" hai2="9,54,128,86,14,125,49,40,43,92,52,5,12" hai3="38,51,7,100,64,115,130,119,10,131,26,106,72"/><U78/><E118/><V0/><F128/><N who="3" m="49195" /><G115/><T19/><D135/><U76/><E134/><V77/><F125/><W46/><G119/><T113/><D113/><U71/><E108/><V32/><F32/><W132/><G132/><T87/><D127/><U116/><E116/><V133/><F133/><W53/><G72/><T21/><D55/><U18/><E104/><V84/><F0/><N who="3" m="359" /><G26/><T17/><D35/><U69/><E69/><V27/><F27/><W39/><G64/><T36/><D36/><U37/><E37/><V30/><F54/><W57/><G57/><T66/><D66/><U44/><E44/><V124/><F14/><W2/><G2/><T65/><D65/><U101/><E101/><V93/><F30/><W74/><G74/><N who="0" m="28171" /><D87/><U112/><E112/><V80/><F124/><W42/><G42/><N who="2" m="15913" /><F86/><W105/><G105/><T89/><D89/><U123/><E123/><N who="0" m="47177" /><D81/><U96/><E96/><AGARI ba="0,0" hai="38,39,46,51,53,96,100,106" m="359,49195" machi="96" ten="30,1000,0" yaku="19,1" doraHai="29" who="3" fromWho="1" sc="201,0,230,-10,230,0,339,10" /><INIT seed="2,0,0,2,5,84" ten="201,220,230,349" oya="2" hai0="69,27,56,97,2,49,81,109,26,5,126,21,31" hai1="60,65,52,96,134,135,28,94,12,110,42,59,58" hai2="91,6,18,37,123,89,48,131,121,118,24,17,76" hai3="23,72,80,10,86,113,34,98,53,79,74,85,11"/><V61/><F37/><W73/><G113/><T71/><D126/><U62/><E110/><V114/><F118/><W112/><G112/><T64/><D109/><U35/><E42/><V103/><F114/><W33/><G98/><T104/><D2/><U15/><E28/><V67/><F6/><W16/><G53/><T93/><D104/><U100/><REACH who="1" step="1"/><E35/><REACH who="1" ten="201,210,230,349" step="2"/><V75/><F123/><W19/><G33/><T32/><D32/><U115/><E115/><V25/><F121/><W111/><G34/><T54/><D31/><U88/><E88/><N who="2" m="33867" /><F103/><W101/><G101/><T13/><D71/><U102/><E102/><V116/><F116/><W0/><G111/><T68/><D68/><U108/><E108/><V1/><F76/><W125/><G125/><T47/><D69/><U78/><E78/><V127/><F127/><W63/><G79/><T87/><D81/><U70/><E70/><V120/><F120/><W50/><G80/><T92/><D92/><U30/><E30/><V36/><F36/><W57/><G73/><T83/><D83/><U77/><E77/><V41/><F75/><W105/><G72/><T55/><D93/><U128/><E128/><V4/><F131/><W133/><G74/><T117/><D117/><U3/><E3/><V129/><F129/><W20/><G0/><T46/><D87/><U99/><E99/><V8/><F18/><W39/><G39/><T106/><BYE who="3" /><D97/><U124/><E124/><V45/><F17/><W119/><G119/><T132/><D106/><U40/><E40/><V51/><F51/><UN n3="%6D%61%6A%75%6E%69%61" /><W38/><G38/><T95/><D49/><RYUUKYOKU ba="0,1" sc="201,-15,210,15,230,15,349,-15" hai1="12,15,52,58,59,60,62,65,94,96,100,134,135" hai2="1,4,8,24,25,41,45,48,61,67" /><INIT seed="2,1,1,4,1,36" ten="186,225,245,334" oya="2" hai0="70,119,74,91,117,59,10,3,100,104,33,14,44" hai1="69,43,131,18,120,112,124,113,71,130,66,4,72" hai2="127,109,111,24,53,39,75,34,121,49,28,110,47" hai3="56,87,84,125,81,27,83,13,98,32,37,20,85"/><V92/><F121/><W2/><G2/><T51/><D33/><U11/><E18/><V105/><F105/><W134/><G134/><T77/><D3/><U12/><E120/><V45/><F75/><W55/><G125/><T46/><D70/><N who="1" m="26635" /><E66/><V61/><F61/><W9/><G32/><T1/><D1/><N who="1" m="399" /><E124/><V116/><F127/><W50/><G98/><N who="0" m="61463" /><D59/><U17/><E72/><V7/><F7/><N who="3" m="3263" /><G37/><T123/><D91/><U89/><E89/><V21/><F116/><N who="0" m="44618" /><D123/><U22/><E43/><N who="2" m="22783" /><F92/><W93/><G93/><T64/><D64/><U135/><E135/><V97/><F97/><W60/><G60/><T132/><D132/><U101/><E101/><V103/><F103/><W25/><G25/><T15/><D10/><U35/><E35/><AGARI ba="1,1" hai="21,24,28,34,35,47,49,53,109,110,111" m="22783" machi="35" ten="30,5800,0" yaku="14,1,10,1,52,1" doraHai="36" who="2" fromWho="1" sc="186,0,225,-61,245,71,334,0" /><INIT seed="2,2,0,5,3,127" ten="186,164,316,334" oya="2" hai0="27,93,2,69,78,70,20,1,112,41,133,44,124" hai1="110,8,50,114,31,100,76,108,84,88,26,87,90" hai2="32,79,25,103,98,134,126,39,13,92,52,73,106" hai3="45,24,95,42,82,4,81,102,17,123,66,128,16"/><V5/><F126/><W96/><G123/><T48/><D124/><U83/><E8/><V105/><F39/><W99/><G128/><T104/><D104/><U67/><E67/><V21/><F32/><W61/><G4/><T60/><D112/><U36/><E36/><V12/><F79/><W131/><G131/><T7/><D133/><U64/><E114/><V37/><F37/><W118/><G118/><T38/><D78/><U23/><E100/><V72/><F134/><W0/><G0/><T40/><D7/><U18/><E64/><V29/><F105/><W46/><G99/><T9/><D9/><U85/><E50/><V120/><F120/><W122/><G122/><T86/><D1/><U101/><E101/><V97/><F52/><W91/><G24/><T74/><D74/><U115/><E115/><V30/><F30/><W130/><G130/><T58/><D2/><U117/><E117/><V19/><F5/><W77/><G42/><N who="0" m="24599" /><D70/><U35/><E76/><V43/><F43/><W3/><G3/><T75/><D69/><U54/><E54/><V125/><F125/><W107/><G82/><T68/><D68/><U51/><E51/><V109/><F109/><N who="1" m="42089" /><E83/><V113/><F113/><W132/><G132/><T22/><D38/><U135/><E135/><V111/><F111/><W49/><G66/><N who="0" m="39191" /><D75/><N who="2" m="28746" /><F29/><W63/><G63/><T89/><D20/><U33/><E33/><V11/><F11/><W28/><G61/><T15/><D15/><AGARI ba="2,0" hai="15,18,23,26,31,35,84,85,87,88,90" m="42089" machi="15" ten="30,2000,0" yaku="14,1,54,1" doraHai="127" who="1" fromWho="0" sc="186,-26,164,26,316,0,334,0" /><INIT seed="3,0,0,0,2,51" ten="160,190,316,334" oya="3" hai0="93,6,23,86,132,38,39,85,129,57,70,84,116" hai1="98,110,62,74,32,0,106,29,17,67,49,41,1" hai2="71,124,58,9,42,8,122,63,4,115,127,94,90" hai3="37,76,26,10,52,114,66,105,75,14,45,91,46"/><W101/><G114/><T78/><D116/><U111/><E17/><V72/><F115/><W48/><G66/><T80/><D132/><U22/><E22/><V28/><F72/><W123/><G123/><T119/><D119/><U128/><E128/><V109/><F42/><W24/><G37/><T113/><D129/><U118/><E118/><V134/><F71/><W50/><G75/><T12/><D113/><U104/><E49/><V16/><F28/><W20/><G76/><T95/><D70/><N who="1" m="42359" /><E41/><V64/><F109/><N who="1" m="41481" /><E74/><V130/><F134/><W11/><G105/><N who="1" m="40554" /><E98/><V133/><F133/><W5/><G101/><T135/><D135/><U102/><E102/><V18/><F122/><W125/><G125/><N who="2" m="48201" /><F9/><N who="3" m="4399" /><G91/><T131/><D131/><U53/><E53/><V60/><F60/><W7/><G7/><T56/><D39/><U73/><E73/><V81/><F81/><W112/><G112/><T65/><D38/><U99/><E99/><N who="2" m="57815" /><F130/><W19/><G24/><AGARI ba="0,0" hai="0,1,24,29,32" m="40554,41481,42359" machi="24" ten="30,2000,0" yaku="14,1,23,1" doraHai="51" who="1" fromWho="3" sc="160,0,190,20,316,0,334,-20" /><INIT seed="4,0,0,5,3,21" ten="160,210,316,314" oya="0" hai0="76,68,132,6,126,63,48,78,83,110,104,117,105" hai1="107,1,109,62,108,96,30,16,2,57,26,131,120" hai2="71,113,0,123,103,119,17,41,95,81,102,31,58" hai3="43,47,29,35,22,4,14,45,75,129,94,60,106"/><T135/><D117/><U127/><E120/><V121/><F71/><W13/><G106/><T44/><D126/><U8/><E127/><V73/><F0/><W46/><G75/><T66/><D6/><U125/><E125/><V25/><F113/><W93/><G35/><T12/><D12/><U32/><E131/><V85/><F41/><W100/><G43/><T11/><D11/><U134/><E134/><N who="0" m="51241" /><D110/><U53/><E1/><V7/><F7/><W115/><G115/><T99/><D99/><U87/><E87/><V27/><F119/><W5/><G129/><T98/><D98/><U10/><E10/><V23/><F58/><W38/><G38/><T55/><D76/><U130/><E130/><V39/><F39/><W20/><G100/><T133/><N who="0" m="51249" /><T18/><DORA hai="28" /><D18/><U54/><E2/><V52/><F73/><AGARI ba="0,0" hai="44,48,55,63,66,68,73,78,83,104,105" m="51249" machi="73" ten="40,2000,0" yaku="20,1" doraHai="21,28" who="0" fromWho="2" sc="160,20,210,0,316,-20,314,0" /><INIT seed="4,1,0,1,0,86" ten="180,210,296,314" oya="0" hai0="126,77,110,25,8,1,9,83,53,134,84,27,38" hai1="40,130,33,50,81,97,127,129,80,0,107,14,54" hai2="51,79,112,122,74,13,101,12,56,88,31,89,116" hai3="7,16,124,103,23,52,71,94,66,10,128,19,60"/><T131/><D134/><U117/><E0/><V57/><F122/><W92/><G124/><T42/><D126/><U62/><E127/><V85/><F74/><W44/><G128/><N who="1" m="49258" /><E33/><V75/><F75/><W5/><G103/><T47/><D131/><U98/><E40/><V73/><F73/><W3/><G7/><T26/><D110/><U125/><E125/><V36/><F36/><W91/><G92/><T82/><D1/><U76/><E62/><V17/><F112/><W22/><G22/><T30/><D30/><U61/><E61/><V118/><F101/><W119/><G119/><N who="2" m="45609" /><F31/><W115/><G115/><T34/><D34/><U100/><E76/><V135/><F12/><W4/><G4/><T28/><D28/><U45/><E117/><V32/><F32/><W58/><G44/><T109/><D109/><U43/><E98/><V37/><F37/><W46/><G46/><T48/><REACH who="0" step="1"/><D83/><REACH who="0" ten="170,210,296,314" step="2"/><U93/><E81/><N who="2" m="47295" /><F135/><W133/><G133/><T108/><D108/><U72/><E80/><V78/><F78/><W104/><G104/><T15/><D15/><U35/><E35/><V64/><F13/><W67/><G23/><T68/><D68/><U120/><E107/><V18/><F18/><W111/><G111/><T24/><N who="0" m="6144" /><DORA hai="99" /><T87/><D87/><U105/><E105/><V63/><F17/><W132/><G132/><T69/><D69/><U21/><E72/><V123/><F123/><W96/><G71/><T65/><D65/><U90/><E120/><V29/><F29/><W41/><G67/><T121/><D121/><U102/><E14/><V95/><F95/><RYUUKYOKU ba="1,1" sc="170,15,210,-15,296,15,314,-15" hai0="8,9,38,42,47,48,53,77,82,84" hai2="51,56,57,63,64,88,89" /><INIT seed="4,2,1,2,5,36" ten="185,195,311,299" oya="0" hai0="110,1,29,30,108,123,70,8,34,23,22,90,86" hai1="27,28,72,20,78,45,50,57,128,4,44,105,121" hai2="54,7,116,84,85,117,2,32,74,61,47,104,95" hai3="5,111,88,71,17,10,11,135,101,6,62,91,96"/><T122/><D70/><U76/><E121/><N who="0" m="46089" /><D86/><U3/><E105/><V18/><F74/><W25/><G135/><T92/><D92/><U24/><E128/><V107/><F32/><W67/><G11/><T60/><D60/><U69/><E69/><V120/><F7/><W40/><G40/><T19/><D90/><U12/><E3/><V15/><F2/><W126/><G126/><T66/><D66/><U51/><E57/><N who="2" m="34999" /><F47/><W46/><G46/><T65/><D65/><U118/><E118/><N who="2" m="45675" /><F120/><W41/><G41/><T113/><D113/><U73/><E4/><V87/><F95/><W31/><G17/><T75/><D75/><U83/><E12/><V134/><F134/><W14/><G5/><N who="0" m="1071" /><D23/><AGARI ba="2,1" hai="15,18,23,84,85,87,104,107" m="45675,34999" machi="23" ten="30,1000,0" yaku="12,1" doraHai="36" who="2" fromWho="0" sc="185,-16,195,0,311,26,299,0" /><INIT seed="5,0,0,1,1,2" ten="169,195,337,299" oya="1" hai0="67,38,92,111,102,3,130,61,93,28,41,37,20" hai1="135,64,71,106,31,83,57,15,134,47,114,19,50" hai2="85,119,90,133,62,49,121,112,131,120,129,118,53" hai3="17,94,34,110,96,115,13,25,63,68,125,89,7"/><U33/><E106/><V5/><F5/><W76/><G110/><T27/><D111/><U39/><E114/><V11/><F11/><W78/><G125/><T4/><D130/><N who="2" m="49674" /><F62/><W116/><G116/><N who="2" m="44585" /><F133/><N who="1" m="50697" /><E71/><V22/><F22/><W16/><G115/><T69/><D41/><U44/><E83/><N who="2" m="49471" /><F112/><W100/><G7/><T30/><D30/><U72/><E72/><V55/><F55/><W80/><G17/><T6/><D3/><U52/><E64/><V46/><AGARI ba="0,0" hai="46,49,53,120,121" m="49471,44585,49674" machi="46" ten="30,1100,0" yaku="19,1" doraHai="2" who="2" fromWho="2" sc="169,-3,195,-5,337,11,299,-3" /><INIT seed="6,0,0,3,0,102" ten="166,190,348,296" oya="2" hai0="14,52,99,16,67,7,108,33,71,130,93,23,125" hai1="132,24,66,20,134,48,34,91,51,40,25,84,123" hai2="103,113,115,120,35,133,97,116,105,54,128,53,8" hai3="135,65,55,90,110,57,1,18,50,22,75,122,129"/><V111/><F116/><W112/><G122/><T83/><D108/><U94/><E123/><V106/><F120/><W124/><G112/><N who="2" m="43081" /><F35/><W76/><G110/><T88/><D130/><U100/><E34/><V27/><F111/><W82/><G129/><T41/><D125/><U42/><E66/><V4/><F128/><W87/><G124/><T13/><D33/><U15/><E15/><V38/><F38/><W44/><G1/><T9/><D41/><N who="1" m="15979" /><E25/><V26/><F133/><N who="1" m="51305" /><E100/><V49/><F54/><W29/><G135/><T96/><D83/><U47/><E47/><N who="2" m="27839" /><F26/><W61/><G29/><AGARI ba="0,0" hai="20,24,29,48,51,84,91,94" m="51305,15979" machi="29" ten="30,1000,0" yaku="20,1" doraHai="102" who="1" fromWho="3" sc="166,0,190,10,348,0,296,-10" /><INIT seed="7,0,0,5,5,53" ten="166,200,348,286" oya="3" hai0="83,70,1,68,84,117,16,90,129,69,8,57,131" hai1="20,96,5,125,63,9,66,123,23,46,59,127,99" hai2="37,107,64,24,62,50,120,54,103,74,30,88,7" hai3="118,36,75,38,85,15,104,72,97,48,19,43,13"/><W22/><G118/><T86/><D117/><U14/><E123/><V42/><F74/><W0/><G0/><T119/><D119/><U130/><E130/><N who="0" m="49673" /><D1/><U105/><E46/><V77/><F77/><W109/><G109/><T108/><D108/><U32/><E32/><V56/><F7/><W132/><G132/><T110/><D110/><U41/><E41/><V93/><F107/><W58/><G75/><T3/><D3/><U71/><E71/><N who="0" m="18177" /><T45/><DORA hai="128" /><D86/><U121/><E121/><V82/><F42/><W76/><G72/><T4/><D4/><U111/><E111/><V95/><F37/><W60/><G15/><N who="0" m="7271" /><D45/><U12/><E12/><V31/><F120/><W61/><G61/><T17/><D17/><U67/><E67/><V25/><F64/><W114/><G48/><T92/><D83/><U29/><E29/><N who="2" m="10763" /><F82/><W52/><G76/><T80/><D80/><U116/><E116/><V98/><F62/><W49/><G85/><AGARI ba="0,0" hai="24,25,50,54,56,85,88,93,95,98,103" m="10763" machi="85" ten="30,3900,0" yaku="8,1,52,1,54,1" doraHai="53,128" who="2" fromWho="3" sc="166,0,200,0,348,39,286,-39" owari="166,-33.4,200,-20.0,387,48.7,247,4.7" /></mjloggm>