<mjloggm ver="2.3"><GO type="169" lobby="0"/><UN n0="%E3%81%AA%E3%81%BE%E3%81%91%E8%80%85" n1="%E3%81%97%E3%81%BE%E3%81%A0%E3%81%BE%32" n2="%E3%82%AD%E3%83%AA%E3%83%B3%E3%83%AA%E3%82%AD%E5%BF%AB" n3="%E3%81%A9%E3%82%89%E3%81%94%E3%82%93%33%2E%30" dan="16,16,17,16" rate="2059.73,2125.73,2207.70,2067.36" sx="M,M,M,M"/><TAIKYOKU oya="0"/><INIT seed="0,0,0,2,4,119" ten="250,250,250,250" oya="0" hai0="21,106,32,112,27,34,0,60,95,81,29,61,75" hai1="10,98,7,43,78,41,103,51,18,94,15,6,76" hai2="2,4,3,131,64,40,126,111,88,99,132,26,12" hai3="71,42,96,74,80,117,113,54,52,33,87,133,97"/><T59/><D112/><U115/><E115/><V107/><F111/><W1/><G113/><T56/><D106/><U135/><E135/><V17/><F132/><W62/><G33/><T83/><D0/><U116/><E116/><V14/><F131/><W23/><G133/><T108/><D108/><U45/><REACH who="1" step="1"/><E41/><REACH who="1" ten="250,240,250,250" step="2"/><V77/><F40/><W109/><G42/><T44/><D34/><U125/><E125/><V11/><F126/><W79/><G117/><T82/><D32/><U8/><E8/><V50/><F11/><W49/><G109/><T58/><D75/><U91/><E91/><V53/><F88/><W36/><G74/><T47/><REACH who="0" step="1"/><D95/><REACH who="0" ten="240,240,250,250" step="2"/><U13/><E13/><V19/><F12/><W69/><G1/><T68/><D68/><U46/><E46/><AGARI ba="0,2" hai="21,27,29,44,46,47,56,58,59,60,61,81,82,83" machi="46" ten="40,3900,0" yaku="1,1,8,1,53,0" doraHai="119" doraHaiUra="70" who="0" fromWho="1" sc="240,59,240,-39,250,0,250,0" /><INIT seed="0,1,0,2,2,106" ten="299,201,250,250" oya="0" hai0="135,57,66,122,68,118,8,70,7,15,126,33,47" hai1="37,77,27,34,24,17,87,107,56,39,102,49,22" hai2="41,123,31,88,9,111,133,29,67,91,92,114,10" hai3="119,51,61,0,19,101,3,98,55,72,43,97,13"/><T128/><D122/><U36/><E107/><V45/><F123/><W82/><G119/><T79/><D118/><U121/><E102/><V62/><F114/><W44/><G61/><T20/><D128/><U26/><E121/><V46/><F111/><W127/><G127/><T94/><D135/><U100/><E100/><V1/><F133/><W11/><G97/><T75/><D33/><U50/><E34/><V95/><F62/><W16/><G19/><T78/><D57/><U134/><E134/><V40/><REACH who="2" step="1"/><F1/><REACH who="2" ten="299,201,240,250" step="2"/><W117/><G117/><T73/><D126/><U54/><E49/><V53/><F53/><W74/><G55/><T132/><D132/><U104/><E104/><V110/><F110/><W23/><G3/><T85/><D66/><AGARI ba="1,1" hai="9,10,29,31,40,41,45,46,66,67,88,91,92,95" machi="66" ten="25,8000,1" yaku="1,1,22,2,8,1,54,1,53,0" doraHai="106" doraHaiUra="64" who="2" fromWho="0" sc="299,-83,201,0,240,93,250,0" /><INIT seed="1,0,0,0,2,127" ten="216,201,333,250" oya="1" hai0="26,125,41,13,119,38,93,97,39,126,67,131,35" hai1="4,1,134,52,85,2,49,72,25,24,32,117,9" hai2="29,130,19,53,59,115,76,65,113,107,101,45,69" hai3="12,90,71,114,55,70,88,102,17,122,123,77,106"/><U60/><E72/><V121/><F121/><W33/><G33/><T132/><D119/><U14/><E117/><V116/><F116/><W63/><G77/><T124/><D67/><U15/><E60/><N who="2" m="40103" /><F29/><W34/><G114/><N who="2" m="43529" /><F76/><W16/><G34/><T108/><D108/><U133/><E85/><V111/><F19/><W10/><G17/><T98/><D132/><N who="1" m="50795" /><E15/><V0/><F101/><W22/><G10/><T3/><D3/><N who="1" m="1035" /><E32/><V54/><F107/><W87/><G106/><T37/><D13/><U48/><E48/><N who="2" m="28815" /><F0/><W91/><G102/><T6/><D35/><U86/><E86/><V46/><F111/><W58/><REACH who="3" step="1"/><G87/><REACH who="3" ten="216,201,333,240" step="2"/><T43/><D124/><U50/><E50/><N who="2" m="31191" /><F46/><AGARI ba="0,1" hai="4,9,14,24,25,46,49,52" m="1035,50795" machi="46" ten="30,2900,0" yaku="20,1,54,1" doraHai="127" who="1" fromWho="2" sc="216,0,201,39,333,-29,240,0" /><INIT seed="1,1,0,2,5,5" ten="216,240,304,240" oya="1" hai0="82,16,8,34,1,108,10,7,60,130,114,113,93" hai1="39,4,9,21,116,117,36,59,24,129,74,18,110" hai2="95,12,85,107,121,51,14,70,118,76,104,111,72" hai3="28,63,132,71,102,131,91,109,86,56,88,78,69"/><U33/><E74/><V127/><F118/><W97/><G109/><T98/><D108/><U0/><E110/><V120/><F111/><W41/><G41/><T58/><D34/><U79/><E79/><V54/><F70/><W11/><G131/><T65/><D82/><U100/><E129/><V133/><F133/><W27/><G132/><T75/><D75/><U135/><E135/><V80/><F127/><W128/><G128/><T101/><REACH who="0" step="1"/><D130/><REACH who="0" ten="206,240,304,240" step="2"/><U29/><E116/><V124/><F124/><W44/><G69/><T99/><D99/><U32/><E117/><V19/><F72/><W61/><G71/><T46/><D46/><U81/><E81/><V62/><F80/><W50/><G78/><T23/><D23/><U68/><E33/><V119/><F119/><W67/><G86/><T31/><D31/><U125/><E125/><V57/><F76/><W22/><G97/><T40/><D40/><U35/><E35/><V48/><F85/><W45/><G45/><T123/><D123/><U6/><E68/><V87/><F121/><W103/><G44/><T64/><D64/><U37/><E59/><V89/><F120/><W96/><G67/><T30/><D30/><U13/><E100/><V73/><F73/><W84/><G102/><T49/><D49/><U122/><E122/><V42/><F48/><W90/><G50/><T26/><D26/><U83/><E83/><V77/><F77/><W15/><G56/><T25/><D25/><U134/><E134/><V38/><F51/><W47/><G47/><T2/><D2/><N who="1" m="151" /><E36/><V43/><F38/><N who="1" m="14345" /><E0/><V105/><F12/><AGARI ba="1,1" hai="1,7,8,10,12,16,58,60,65,93,98,101,113,114" machi="12" ten="40,8000,1" yaku="1,1,6,1,52,2,54,1,53,0" doraHai="5" doraHaiUra="112" who="0" fromWho="2" sc="206,93,240,0,304,-83,240,0" /><INIT seed="2,0,0,3,5,29" ten="299,240,221,240" oya="2" hai0="91,10,45,38,118,93,51,24,76,130,39,36,110" hai1="15,28,122,34,2,11,134,44,62,21,46,79,81" hai2="53,107,50,61,113,57,98,89,124,42,95,74,123" hai3="37,64,97,59,99,54,84,60,121,7,26,120,108"/><V127/><F113/><W70/><G108/><T101/><D110/><U103/><E122/><V14/><F123/><W115/><G115/><T100/><D130/><U8/><E134/><V126/><F74/><W104/><G7/><T9/><D76/><U72/><E103/><V90/><F107/><W92/><G37/><T6/><D118/><U55/><E11/><V88/><F42/><W132/><G132/><T17/><D24/><U32/><E2/><V30/><F30/><W43/><G43/><T66/><D66/><U48/><E44/><V119/><F119/><W69/><G69/><T128/><D128/><U86/><E62/><V125/><N who="2" m="31744" /><DORA hai="20" /><V129/><F129/><W73/><G73/><T23/><D10/><U117/><E72/><V78/><F78/><W75/><G75/><T5/><D5/><U112/><E117/><V0/><F0/><W96/><G104/><T131/><D131/><U40/><E55/><N who="2" m="33983" /><F14/><W4/><G120/><T109/><D109/><U33/><E112/><V87/><F98/><W25/><G121/><T106/><D106/><U47/><E47/><AGARI ba="0,0" hai="47,50,53,87,88,89,90,95" m="33983,31744" machi="47" ten="60,5800,0" yaku="18,1,54,1" doraHai="29,20" who="2" fromWho="1" sc="299,0,240,-58,221,58,240,0" /><INIT seed="2,1,0,5,4,21" ten="299,182,279,240" oya="2" hai0="87,30,45,70,19,97,102,115,108,94,36,98,9" hai1="81,129,85,124,133,46,48,66,128,73,40,117,91" hai2="62,88,65,107,76,75,20,11,134,82,35,27,7" hai3="126,8,80,83,106,95,49,119,2,42,131,29,57"/><V112/><F112/><W77/><G119/><T18/><D115/><U26/><E117/><V86/><F134/><W103/><G106/><T31/><D70/><U4/><E133/><V89/><F35/><W111/><G111/><T60/><D108/><U123/><E124/><V118/><F107/><W121/><G121/><T50/><D60/><U39/><E123/><V135/><F135/><W130/><G126/><T25/><D36/><U122/><E122/><V72/><F118/><W53/><G29/><T14/><D97/><U110/><E4/><V74/><F11/><W10/><G2/><T15/><D87/><U114/><E110/><V69/><REACH who="2" step="1"/><F7/><REACH who="2" ten="299,182,269,240" step="2"/><W96/><G130/><T68/><D9/><U54/><E114/><V37/><F37/><W23/><G131/><T3/><D3/><U99/><E128/><V125/><F125/><W116/><G116/><T6/><D6/><U1/><E1/><V5/><F5/><W101/><G10/><T79/><D68/><U67/><E129/><V90/><F90/><W92/><G8/><T52/><D79/><U132/><E132/><V104/><F104/><W71/><G71/><T34/><D34/><U16/><E39/><V43/><F43/><W120/><G42/><T84/><D102/><U61/><E40/><V105/><F105/><W32/><G32/><T22/><D22/><U63/><E91/><V100/><F100/><W55/><G77/><T51/><D14/><U56/><E73/><V24/><F24/><W13/><G120/><T47/><D15/><U127/><E127/><V0/><F0/><W12/><G12/><RYUUKYOKU ba="1,1" sc="299,-10,182,-10,269,30,240,-10" hai2="20,27,62,65,69,72,74,75,76,82,86,88,89" /><INIT seed="2,2,1,0,1,68" ten="289,172,299,230" oya="2" hai0="31,22,0,82,30,92,122,9,131,25,26,123,43" hai1="86,56,65,49,36,133,118,90,53,15,62,78,41" hai2="44,1,88,110,18,125,27,40,55,57,72,105,115" hai3="38,70,64,67,106,37,13,71,69,114,101,83,104"/><V120/><F115/><W79/><G13/><T81/><D131/><U116/><E78/><V77/><F120/><W11/><G11/><T5/><D92/><U19/><E133/><V34/><F105/><N who="3" m="40555" /><G101/><T102/><D102/><U12/><E12/><V109/><F125/><W63/><G114/><T21/><D43/><U52/><E53/><V61/><F1/><W29/><G29/><T76/><REACH who="0" step="1"/><D82/><REACH who="0" ten="279,172,299,230" step="2"/><U16/><E116/><V95/><F95/><W6/><G67/><T35/><D35/><U98/><E118/><V126/><F34/><W50/><G6/><T108/><D108/><U135/><E135/><V84/><F110/><W129/><G129/><T99/><D99/><U93/><E98/><V45/><F109/><W94/><G94/><T112/><D112/><U113/><E113/><V130/><F130/><W28/><G28/><T14/><D14/><U73/><E15/><V4/><F4/><W33/><G33/><T128/><D128/><U66/><E66/><V42/><F55/><W107/><G107/><T100/><D100/><U7/><E7/><V132/><F132/><W96/><G96/><T17/><D17/><U117/><E117/><V54/><F18/><W2/><G2/><T3/><D3/><U87/><E16/><V60/><F54/><W80/><G80/><T91/><D91/><U103/><E103/><V10/><F88/><W58/><G83/><T97/><D97/><U59/><E19/><V32/><F32/><W124/><G79/><T8/><D8/><U39/><E90/><V47/><F77/><W46/><G124/><T134/><D134/><RYUUKYOKU ba="2,2" sc="279,15,172,-15,299,-15,230,15" hai0="0,5,9,21,22,25,26,30,31,76,81,122,123" hai3="37,38,46,50,58,63,64,69,70,71" /><INIT seed="3,3,2,3,2,16" ten="294,157,284,245" oya="3" hai0="93,33,73,134,48,106,19,84,56,63,132,29,126" hai1="114,95,5,100,31,133,25,32,10,50,128,2,123" hai2="91,69,3,57,122,117,127,130,9,121,66,41,26" hai3="43,102,14,62,38,96,20,68,47,119,82,79,13"/><W89/><G119/><T88/><D106/><U53/><E128/><V116/><F69/><W98/><G89/><T42/><D73/><U94/><E114/><V74/><F74/><W135/><G135/><N who="0" m="51755" /><D126/><U4/><E133/><V30/><F41/><W17/><G102/><T113/><D113/><U77/><E123/><N who="2" m="47115" /><F91/><W45/><G45/><N who="0" m="25655" /><D19/><U71/><E71/><V86/><F86/><W105/><G105/><T67/><D29/><U28/><E77/><V44/><F44/><W46/><G46/><T0/><D33/><U120/><E100/><V115/><F115/><W109/><G109/><T85/><D0/><U15/><E120/><V58/><F66/><W107/><G107/><T118/><D118/><N who="2" m="45674" /><F130/><W65/><REACH who="3" step="1"/><G14/><REACH who="3" ten="294,157,284,235" step="2"/><T83/><D83/><U49/><E2/><V61/><F127/><W1/><G1/><T51/><D51/><U27/><E49/><V111/><F111/><W59/><G59/><T78/><D78/><U76/><E76/><V80/><F80/><W104/><G104/><T7/><D7/><U37/><E5/><N who="2" m="1215" /><F61/><W92/><G92/><T64/><D64/><U6/><E94/><V24/><F24/><W23/><G23/><AGARI ba="3,3" hai="23,26,30,57,58" m="1215,45674,47115" machi="23" ten="30,2000,0" yaku="13,1,52,1" doraHai="16" who="2" fromWho="3" sc="294,0,157,0,284,59,235,-29" /><INIT seed="4,0,0,0,0,44" ten="294,157,343,206" oya="0" hai0="39,100,9,32,47,134,60,7,109,22,34,53,46" hai1="106,61,112,107,80,74,126,133,21,19,25,117,132" hai2="77,64,113,3,14,0,69,94,116,85,62,131,10" hai3="20,122,73,108,95,130,36,48,41,29,84,124,135"/><T16/><D134/><U119/><E61/><V68/><F113/><W81/><G36/><T50/><D109/><U78/><E25/><V129/><F69/><W88/><G108/><T120/><D120/><U72/><E19/><V54/><F116/><W79/><G135/><N who="1" m="51786" /><E21/><V4/><F54/><W27/><G130/><N who="2" m="49673" /><F94/><W105/><G124/><T67/><D100/><U8/><E8/><V91/><F91/><W121/><REACH who="3" step="1"/><G105/><REACH who="3" ten="294,157,343,196" step="2"/><N who="1" m="39946" /><E126/><V17/><F0/><W24/><G24/><T125/><D125/><U18/><E112/><V102/><F3/><W103/><G103/><T6/><D39/><U52/><E18/><V26/><F17/><W15/><G15/><T111/><D111/><U93/><E117/><V110/><F26/><W86/><G86/><T97/><D6/><U1/><E1/><V13/><F14/><W101/><G101/><T43/><D7/><U66/><E119/><V115/><F110/><W70/><G70/><T38/><D9/><U76/><E74/><V42/><F115/><W30/><G30/><T71/><D97/><U57/><E72/><V82/><F102/><W65/><G65/><T40/><D40/><AGARI ba="0,1" hai="4,10,13,40,42,62,64,68,77,82,85" m="49673" machi="40" ten="30,1000,0" yaku="19,1" doraHai="44" who="2" fromWho="0" sc="294,-10,157,0,343,20,196,0" /><INIT seed="5,0,0,4,2,6" ten="284,157,363,196" oya="1" hai0="17,87,41,60,71,53,81,106,35,82,117,86,89" hai1="23,73,38,132,101,116,58,52,126,128,91,133,121" hai2="9,27,36,66,85,135,92,26,2,108,31,16,112" hai3="65,100,24,40,72,44,114,55,84,13,104,46,129"/><U21/><E116/><V99/><F108/><W61/><G72/><T29/><D117/><U50/><E121/><V122/><F122/><W0/><G0/><T39/><D106/><U88/><E73/><V48/><F36/><W120/><G120/><T43/><D29/><U94/><E38/><V69/><F135/><N who="1" m="51785" /><E128/><V25/><F85/><W11/><G129/><T49/><D35/><U1/><E126/><V34/><F112/><W4/><G114/><T30/><D30/><U18/><E1/><V45/><F66/><W105/><G100/><T22/><D39/><U8/><E101/><V113/><F69/><W76/><G24/><N who="0" m="14415" /><D60/><U90/><E94/><V10/><F113/><W131/><G131/><T127/><D71/><U123/><E123/><V70/><F70/><W124/><G124/><T110/><D110/><U32/><E32/><V7/><F34/><W96/><G96/><T77/><D127/><U125/><E125/><V93/><F31/><W20/><G20/><T56/><AGARI ba="0,0" hai="41,43,49,53,56,77,81,82,86,87,89" m="14415" machi="56" ten="30,1100,0" yaku="8,1" doraHai="6" who="0" fromWho="0" sc="284,11,157,-5,363,-3,196,-3" /><INIT seed="6,0,0,3,2,44" ten="295,152,360,193" oya="2" hai0="103,15,100,122,40,120,110,16,66,45,2,70,97" hai1="74,13,47,4,93,129,49,75,37,3,18,94,20" hai2="113,30,98,77,43,108,53,116,23,27,118,0,32" hai3="95,123,90,22,106,134,36,25,48,59,112,6,55"/><V62/><F113/><W69/><G123/><T56/><D110/><U78/><E129/><V81/><F108/><W50/><G106/><T128/><D70/><U130/><E130/><V101/><F0/><W21/><G69/><T58/><D2/><U60/><E37/><V86/><F43/><W115/><G36/><T80/><D128/><U84/><E3/><V33/><F62/><N who="3" m="36223" /><G6/><T73/><D100/><U79/><E4/><V14/><F53/><W88/><G134/><T121/><D66/><U1/><E1/><V68/><F68/><W104/><G104/><T39/><D80/><U132/><E132/><V38/><F38/><W61/><G61/><T117/><D117/><U111/><E111/><V126/><F126/><W26/><G22/><T92/><REACH who="0" step="1"/><D73/><REACH who="0" ten="285,152,360,193" step="2"/><U63/><E74/><V17/><F33/><W10/><G112/><T125/><D125/><U12/><E75/><V67/><F67/><W82/><G82/><T102/><D102/><U9/><E79/><V105/><AGARI ba="0,1" hai="14,17,23,27,30,32,77,81,86,98,101,105,116,118" machi="105" ten="20,2100,0" yaku="0,1,7,1" doraHai="44" who="2" fromWho="2" sc="285,-7,152,-7,360,31,193,-7" /><INIT seed="6,1,0,0,2,112" ten="278,145,391,186" oya="2" hai0="132,131,116,129,17,35,70,117,74,44,122,40,95" hai1="27,41,54,0,24,101,32,60,64,59,126,93,108" hai2="6,88,15,2,78,123,115,3,16,51,66,111,53" hai3="85,10,47,128,57,38,107,99,23,103,73,125,133"/><V84/><F123/><W5/><G125/><T89/><D122/><U135/><E126/><V29/><F115/><W118/><G118/><N who="0" m="45675" /><D70/><U37/><E108/><V12/><F111/><W56/><G128/><N who="0" m="49227" /><D74/><U90/><E101/><V1/><F78/><W97/><G133/><T55/><D35/><U92/><E92/><V21/><F66/><W34/><G34/><T50/><D17/><U109/><E0/><V13/><F29/><W127/><G127/><T42/><D132/><U22/><E135/><V119/><F6/><W94/><G5/><T48/><D50/><U45/><E109/><V7/><F7/><W58/><G38/><T114/><D114/><U46/><E32/><V83/><REACH who="2" step="1"/><F119/><REACH who="2" ten="278,145,381,186" step="2"/><W105/><G73/><T63/><D63/><U39/><E64/><V11/><F11/><W69/><G10/><T79/><D79/><U26/><E22/><V81/><F81/><W65/><G23/><T124/><D124/><U130/><E130/><V49/><F49/><W30/><G30/><T71/><D71/><U121/><E121/><V25/><F25/><W75/><G69/><T31/><D31/><U67/><E67/><V134/><F134/><W8/><G65/><T76/><D76/><U72/><E72/><V9/><F9/><W87/><G8/><T102/><D102/><U43/><REACH who="1" step="1"/><E27/><REACH who="1" ten="278,135,381,186" step="2"/><V106/><F106/><W62/><G75/><T91/><D95/><U18/><E18/><V86/><F86/><AGARI ba="1,2" hai="24,26,37,39,41,43,45,46,54,59,60,86,90,93" machi="86" ten="30,7700,0" yaku="1,1,7,1,9,1,53,1" doraHai="112" doraHaiUra="52" who="1" fromWho="2" sc="278,0,135,100,381,-80,186,0" /><INIT seed="7,0,0,2,2,76" ten="278,235,301,186" oya="3" hai0="19,117,114,3,97,110,53,115,32,6,98,134,101" hai1="119,31,133,94,74,12,7,100,52,46,122,75,15" hai2="68,37,59,22,48,38,50,116,125,95,55,78,58" hai3="49,85,90,33,9,28,96,26,41,56,34,39,67"/><W87/><G39/><T47/><D110/><U127/><E122/><V124/><F116/><W29/><G96/><T107/><D117/><U130/><E119/><V83/><F68/><W121/><G121/><T51/><D32/><U113/><E31/><V99/><F22/><W18/><G33/><T69/><D69/><U13/><E7/><V77/><F77/><W17/><G34/><T60/><D60/><U135/><E113/><N who="0" m="43017" /><D98/><N who="1" m="59479" /><E127/><N who="2" m="48715" /><F58/><W24/><G67/><T81/><D134/><N who="1" m="51211" /><E130/><V23/><F23/><N who="3" m="13431" /><G85/><T84/><D19/><U36/><E36/><V108/><F50/><AGARI ba="0,0" hai="12,13,15,46,50,52,74,75" m="51211,59479" machi="50" ten="30,2000,0" yaku="20,1,54,1" doraHai="76" who="1" fromWho="2" sc="278,0,235,20,301,-20,186,0" /><INIT seed="8,0,0,2,4,50" ten="278,255,281,186" oya="0" hai0="30,103,126,23,27,31,118,55,133,40,120,13,3" hai1="68,16,84,74,77,79,71,70,95,25,54,91,80" hai2="67,128,96,14,24,72,116,81,112,62,49,99,93" hai3="28,59,122,131,44,5,87,48,39,63,15,90,22"/><T46/><D120/><U53/><E79/><V65/><F112/><W2/><G39/><T60/><D3/><U73/><E73/><V86/><F72/><W20/><G131/><T10/><D133/><U35/><REACH who="1" step="1"/><E16/><REACH who="1" ten="278,245,281,186" step="2"/><V69/><F128/><W36/><G122/><T1/><D118/><U97/><E97/><V58/><F116/><W121/><G121/><T37/><D126/><U114/><E114/><V11/><F24/><W76/><G76/><T113/><D113/><U51/><E51/><V29/><F29/><AGARI ba="0,1" hai="25,29,35,53,54,68,70,71,74,77,80,84,91,95" machi="29" ten="40,5200,0" yaku="1,1,52,2,53,0" doraHai="50" doraHaiUra="4" who="1" fromWho="2" sc="278,0,245,62,281,-52,186,0" owari="278,7.8,307,40.7,229,-17.1,186,-31.4" /></mjloggm>