<mjloggm ver="2.3"><GO type="169" lobby="0"/><UN n0="%E3%81%BE%E3%82%8B%E3%81%A8%E3%83%BC" n1="%74%61%6B%65%2D%79%6F%75" n2="%E3%82%82%E3%81%93%E3%81%BF" n3="%E3%82%AD%E3%83%AA%E3%83%B3%E3%83%AA%E3%82%AD%E5%BF%AB" dan="16,16,16,17" rate="2057.36,2169.63,2085.75,2199.58" sx="M,M,M,M"/><TAIKYOKU oya="0"/><INIT seed="0,0,0,2,1,130" ten="250,250,250,250" oya="0" hai0="106,98,69,112,40,86,60,76,84,20,53,117,119" hai1="8,113,116,111,115,63,55,134,120,37,17,34,31" hai2="3,47,13,58,121,114,88,100,41,59,107,71,99" hai3="101,26,16,105,122,35,52,82,123,56,94,95,109"/><T49/><D112/><N who="1" m="43083" /><E37/><V12/><F121/><N who="3" m="46091" /><G109/><T7/><D40/><U66/><E120/><V89/><F114/><W110/><G110/><T5/><D69/><U45/><E111/><V135/><F71/><W96/><G82/><T68/><D68/><U79/><E79/><V118/><F3/><W27/><G35/><T9/><D60/><U73/><E73/><V22/><F118/><W83/><G83/><T2/><D5/><U91/><E91/><V32/><F32/><W38/><G38/><T57/><D76/><U44/><E116/><V128/><F128/><W132/><G132/><T131/><D131/><U124/><E134/><V133/><F22/><N who="3" m="13639" /><G27/><T102/><REACH who="0" step="1"/><D20/><REACH who="0" ten="240,250,250,250" step="2"/><U104/><E34/><V18/><F135/><W25/><G25/><T78/><D78/><U54/><E63/><AGARI ba="0,1" hai="52,56,63,94,95,96,101,105" m="13639,46091" machi="63" ten="30,3900,0" yaku="13,1,54,2" doraHai="130" who="3" fromWho="1" sc="240,0,250,-39,250,0,250,49" /><INIT seed="1,0,0,1,5,72" ten="240,211,250,299" oya="1" hai0="58,40,16,37,95,122,42,84,110,55,97,4,49" hai1="26,23,90,12,131,18,88,9,92,108,10,34,129" hai2="82,51,135,48,93,125,76,20,54,116,56,1,13" hai3="17,130,53,52,79,62,15,64,21,106,59,22,31"/><U65/><E108/><V100/><F135/><W32/><G130/><N who="1" m="49674" /><E65/><V96/><F125/><W24/><G106/><T132/><D110/><U3/><E3/><V68/><F116/><W126/><G126/><T89/><D132/><U98/><E90/><V27/><F68/><W103/><G103/><T78/><D37/><U109/><E109/><V86/><F1/><W38/><G38/><T102/><D4/><U36/><E36/><V127/><F127/><W50/><G79/><T19/><D122/><U128/><N who="1" m="49682" /><U28/><AGARI ba="0,0" hai="9,10,12,18,23,26,28,34,88,92,98" m="49682" machi="28" ten="40,7800,0" yaku="4,1,19,1,54,1" doraHai="72" who="1" fromWho="1" sc="240,-26,211,78,250,-26,299,-26" /><INIT seed="1,1,0,3,1,58" ten="214,289,224,273" oya="1" hai0="70,56,72,15,84,124,104,132,18,62,133,121,11" hai1="30,116,23,97,105,113,120,135,100,49,19,42,126" hai2="52,68,115,8,123,87,118,28,111,134,74,95,51" hai3="119,89,86,109,22,26,31,44,57,91,6,0,21"/><U27/><E113/><V125/><F118/><W122/><G122/><T90/><D104/><U75/><E116/><V108/><F123/><W38/><G119/><T10/><D121/><U32/><E120/><V9/><F74/><W92/><G109/><N who="2" m="42057" /><F68/><W17/><G0/><T37/><D70/><U127/><E75/><V63/><F28/><W88/><G6/><T46/><D72/><U101/><E101/><V41/><F125/><N who="1" m="47625" /><E135/><V83/><F115/><W82/><G38/><T39/><D124/><U61/><E42/><V24/><F24/><W1/><G1/><T102/><D102/><U130/><E130/><V29/><F29/><W85/><G44/><T66/><D10/><U14/><E49/><V13/><F95/><W67/><G89/><T79/><D79/><U93/><E105/><V77/><F134/><N who="0" m="51818" /><D46/><U71/><E71/><V54/><F9/><W60/><REACH who="3" step="1"/><G17/><REACH who="3" ten="214,289,224,263" step="2"/><T36/><D39/><U106/><E106/><V4/><F63/><AGARI ba="1,1" hai="14,19,23,27,30,32,61,63,93,97,100" m="47625" machi="63" ten="30,5800,0" yaku="18,1,52,2" doraHai="58" who="1" fromWho="2" sc="214,0,289,71,224,-61,263,0" /><INIT seed="1,2,0,0,4,130" ten="214,360,163,263" oya="1" hai0="54,131,105,52,90,30,40,14,118,115,64,135,88" hai1="4,94,65,132,22,53,99,23,0,2,20,111,133" hai2="29,123,114,3,26,76,112,63,104,31,41,58,36" hai3="92,71,117,18,48,126,66,35,70,84,56,21,49"/><U19/><E111/><V124/><F123/><W37/><G35/><T74/><D105/><U119/><E119/><V73/><F104/><W34/><G34/><T109/><D74/><U27/><E65/><V17/><F3/><N who="1" m="1065" /><E53/><N who="0" m="20585" /><D118/><U16/><E4/><V80/><F124/><W45/><G126/><T102/><D115/><U5/><E5/><V81/><F81/><W1/><G1/><T87/><D109/><U51/><E51/><V42/><F29/><W85/><G37/><T6/><D64/><U32/><E99/><V50/><F36/><W10/><G66/><T128/><D30/><N who="1" m="19551" /><E94/><V95/><F95/><W24/><G92/><N who="0" m="54303" /><D102/><U55/><E55/><N who="2" m="34271" /><F31/><W68/><G117/><T61/><D61/><U89/><E89/><V83/><F83/><W121/><G121/><T108/><D40/><U46/><E46/><V39/><F39/><W7/><G45/><T12/><D90/><U72/><E72/><V98/><F112/><W103/><G103/><T82/><D82/><U28/><E28/><V78/><F114/><W110/><G110/><T77/><D77/><U13/><E19/><V97/><F78/><W127/><G127/><T116/><D108/><U62/><E62/><V59/><F42/><W101/><G101/><T93/><D93/><U11/><AGARI ba="2,0" hai="11,13,16,20,22,23,132,133" m="19551,1065" machi="11" ten="40,12000,1" yaku="34,2,52,2,54,1" doraHai="130" who="1" fromWho="1" sc="214,-42,360,126,163,-42,263,-42" /><INIT seed="1,3,0,0,5,97" ten="172,486,121,221" oya="1" hai0="134,34,30,54,71,5,79,53,93,48,25,99,62" hai1="51,75,122,135,60,100,84,127,107,131,125,29,118" hai2="69,64,32,37,129,27,18,132,121,102,90,38,130" hai3="21,15,12,6,2,74,59,109,83,92,33,66,1"/><U72/><E29/><V67/><F121/><W115/><G115/><T24/><D134/><U57/><E51/><V87/><F132/><W17/><G33/><T103/><D79/><U3/><E3/><V82/><F69/><W89/><G109/><T104/><D25/><U35/><E35/><V47/><F32/><W98/><G74/><N who="1" m="28202" /><E57/><V110/><F110/><W123/><G123/><T63/><D5/><U22/><E22/><V58/><F18/><W70/><G70/><T85/><D63/><U28/><E60/><V80/><F27/><W55/><G66/><N who="0" m="41431" /><D48/><U41/><E28/><V120/><F120/><W124/><G83/><T39/><D39/><U88/><E122/><V96/><F80/><W94/><G124/><N who="1" m="47690" /><E135/><V50/><F58/><W105/><G105/><T114/><D114/><U42/><E118/><V101/><F96/><W14/><G92/><T117/><D117/><U106/><E131/><N who="2" m="50187" /><F37/><W91/><G91/><AGARI ba="3,0" hai="24,30,34,53,54,85,91,93,99,103,104" m="41431" machi="91" ten="30,2000,0" yaku="25,1,52,1" doraHai="97" who="0" fromWho="3" sc="172,29,486,0,121,0,221,-29" /><INIT seed="2,0,0,1,1,12" ten="201,486,121,192" oya="2" hai0="48,45,41,96,125,5,101,39,98,128,120,17,8" hai1="109,72,130,55,116,123,24,108,113,132,68,47,92" hai2="53,104,50,26,1,15,23,14,71,105,87,52,81" hai3="95,134,74,88,34,21,91,43,54,37,124,117,57"/><V65/><F1/><W36/><G117/><T4/><D120/><U28/><E113/><V83/><F71/><W90/><G34/><T122/><D122/><U102/><E116/><V76/><F65/><W20/><G134/><T135/><D135/><U29/><E132/><V0/><F0/><W97/><G124/><T66/><D125/><U42/><E123/><V89/><F104/><W126/><G126/><T16/><D128/><U49/><E72/><V6/><F105/><W115/><G74/><T11/><D39/><U46/><E68/><V18/><F53/><W3/><G3/><T121/><D121/><U75/><E75/><V100/><F100/><W94/><G115/><T62/><D101/><U67/><E67/><V59/><F6/><N who="0" m="2666" /><D62/><U32/><E130/><V27/><F15/><W19/><G20/><T70/><D66/><U93/><E29/><V31/><F31/><W25/><G43/><T40/><D70/><U51/><E102/><V30/><F30/><W77/><G77/><T38/><D38/><U10/><E10/><N who="0" m="3625" /><D41/><U69/><E69/><V111/><F111/><AGARI ba="0,0" hai="24,28,32,42,46,47,49,51,55,92,93,108,109,111" machi="111" ten="40,1300,0" yaku="14,1" doraHai="12" who="1" fromWho="2" sc="201,0,486,13,121,-13,192,0" /><INIT seed="3,0,0,0,2,41" ten="201,499,108,192" oya="3" hai0="121,78,83,4,52,20,85,107,42,38,64,77,102" hai1="115,93,98,88,112,2,80,100,6,132,92,114,55" hai2="106,51,134,103,108,66,127,13,43,32,105,25,14" hai3="30,37,59,31,82,113,49,17,9,29,50,11,73"/><W3/><G113/><T120/><D64/><U110/><E2/><V24/><F108/><W99/><G37/><T70/><D78/><U67/><E67/><V48/><F43/><W16/><G99/><T130/><D70/><U96/><E6/><V90/><F66/><W65/><G73/><T87/><D4/><U22/><E22/><V19/><F103/><W5/><G82/><T133/><D87/><N who="1" m="50279" /><E55/><V12/><F90/><W111/><G111/><T68/><D68/><U7/><E7/><V63/><F134/><W39/><G39/><T124/><D20/><U86/><E110/><V94/><F94/><W23/><G11/><T45/><D133/><U60/><E60/><V81/><F81/><W74/><G74/><T34/><D34/><U72/><E72/><V33/><F14/><W53/><G65/><T97/><D130/><U126/><E126/><V35/><F35/><W28/><N who="3" m="7168" /><DORA hai="129" /><W101/><G101/><T89/><D124/><U61/><E61/><V21/><F63/><W118/><G118/><T47/><REACH who="0" step="1"/><D77/><REACH who="0" ten="191,499,108,192" step="2"/><U119/><E132/><V18/><F21/><W56/><G23/><T135/><D135/><U8/><E115/><V91/><F91/><W123/><G123/><T76/><D76/><U117/><E114/><V69/><F127/><W125/><G125/><T1/><D1/><U75/><E112/><V71/><AGARI ba="0,1" hai="12,13,18,19,24,25,32,33,48,51,69,71,105,106" machi="71" ten="25,3200,0" yaku="0,1,22,2" doraHai="41,129" who="2" fromWho="2" sc="191,-8,499,-8,108,42,192,-16" /><INIT seed="4,0,0,5,3,28" ten="183,491,150,176" oya="0" hai0="120,13,77,26,113,53,42,19,75,18,25,30,95" hai1="106,70,105,97,52,17,110,45,21,2,126,85,127" hai2="55,49,50,92,69,46,12,11,58,14,93,91,135" hai3="27,71,29,131,4,98,51,1,78,16,132,54,108"/><T111/><D120/><U89/><E70/><V112/><F135/><W56/><G108/><T124/><D111/><U133/><E2/><V40/><F112/><W118/><G118/><T79/><D113/><U63/><E133/><V86/><F69/><W0/><G132/><T128/><D75/><U6/><E6/><V74/><F74/><W35/><G131/><T121/><D128/><U82/><E110/><V23/><F11/><W72/><G71/><T76/><D121/><U36/><E36/><V38/><F38/><W59/><G4/><T119/><D119/><U80/><E80/><V134/><F134/><W34/><G34/><T10/><D124/><N who="1" m="47659" /><E97/><V37/><F37/><W62/><G98/><T48/><D42/><U123/><E123/><V84/><F23/><W7/><G7/><T100/><D19/><U61/><E45/><V94/><REACH who="2" step="1"/><F84/><REACH who="2" ten="183,491,140,176" step="2"/><W65/><REACH who="3" step="1"/><G16/><REACH who="3" ten="183,491,140,166" step="2"/><T67/><D18/><U41/><E17/><V96/><F96/><W8/><G8/><T102/><D10/><U122/><E122/><V83/><AGARI ba="0,2" hai="12,14,40,46,49,50,55,58,83,86,91,92,93,94" machi="83" ten="30,4000,0" yaku="1,1,0,1,8,1,53,0" doraHai="28" doraHaiUra="33" who="2" fromWho="2" sc="183,-20,491,-10,140,60,166,-10" /><INIT seed="5,0,0,4,4,39" ten="163,481,200,156" oya="1" hai0="30,11,65,71,114,55,104,113,94,16,118,22,40" hai1="75,126,32,78,2,52,87,95,105,20,85,101,97" hai2="124,48,92,24,81,111,133,130,26,64,74,25,63" hai3="17,66,62,77,15,91,122,6,72,121,60,84,128"/><U3/><E32/><V41/><F111/><W116/><G128/><T110/><D110/><U27/><E126/><V135/><F130/><W21/><G116/><T47/><D118/><U132/><E132/><N who="2" m="50763" /><F124/><W14/><G72/><T36/><D104/><U98/><E85/><V5/><F5/><W73/><G73/><T59/><D30/><U119/><E119/><V131/><F131/><W46/><G77/><T12/><D94/><U70/><E70/><V125/><F125/><W35/><G35/><T37/><D37/><U53/><E75/><V88/><F81/><W54/><G6/><T43/><D43/><U28/><E78/><V67/><F63/><W19/><G62/><T31/><D65/><U93/><E87/><N who="2" m="52255" /><F74/><W109/><G109/><T129/><D71/><U120/><E2/><V69/><F69/><W102/><G66/><T90/><D90/><U68/><E3/><V13/><F13/><W112/><G102/><T8/><D129/><U4/><E4/><V44/><AGARI ba="0,0" hai="24,25,26,41,44,48,64,67" m="52255,50763" machi="44" ten="40,5200,0" yaku="20,1,52,1,54,1" doraHai="39" who="2" fromWho="2" sc="163,-13,481,-26,200,52,156,-13" /><INIT seed="6,0,0,5,3,39" ten="150,455,252,143" oya="2" hai0="113,38,8,0,105,134,70,11,4,74,129,59,95" hai1="68,127,52,82,63,3,6,26,135,101,94,42,64" hai2="96,109,78,72,76,89,98,116,87,7,130,120,65" hai3="30,27,128,114,75,99,108,126,12,100,106,73,69"/><V124/><F7/><W104/><G108/><T54/><D105/><U58/><E135/><V37/><F37/><W93/><G69/><T61/><D74/><U19/><E127/><V49/><F116/><W133/><G126/><T71/><D134/><U84/><E3/><V112/><F120/><W122/><G133/><T115/><D129/><U53/><E6/><V86/><F65/><W107/><G122/><T117/><D117/><U80/><E42/><V85/><F124/><W16/><G128/><T60/><D8/><U15/><E26/><V5/><F5/><W103/><G103/><T50/><D38/><U81/><E68/><V66/><F66/><W18/><G114/><N who="0" m="43531" /><D61/><U55/><E101/><V44/><F109/><W51/><G51/><T14/><D0/><U43/><E43/><N who="2" m="24735" /><F72/><W40/><G40/><T111/><D111/><U28/><E64/><V77/><F130/><W125/><G125/><T97/><D60/><U33/><E33/><V121/><F121/><W48/><G48/><T88/><AGARI ba="0,0" hai="4,11,14,50,54,59,70,71,88,95,97" m="43531" machi="88" ten="30,2000,0" yaku="15,1,54,1" doraHai="39" who="0" fromWho="0" sc="150,20,455,-5,252,-10,143,-5" /><INIT seed="7,0,0,4,3,29" ten="170,450,242,138" oya="3" hai0="80,28,71,113,93,103,110,53,74,70,16,20,18" hai1="99,12,135,30,64,22,82,131,61,46,86,40,2" hai2="132,0,10,8,58,127,19,77,85,32,5,57,41" hai3="31,21,91,97,55,84,14,89,120,130,116,49,6"/><W83/><G116/><T48/><D110/><U134/><E2/><V117/><F32/><W76/><G120/><T45/><D28/><U26/><E99/><V121/><F132/><N who="1" m="50729" /><E12/><V35/><F35/><W50/><G130/><T42/><D18/><U126/><E126/><V94/><F127/><W4/><G49/><T111/><D111/><U123/><E123/><V75/><F75/><W3/><G3/><T54/><D113/><U62/><E64/><V15/><F117/><W24/><G97/><T114/><D114/><U100/><E100/><V9/><F41/><W108/><G108/><T23/><D23/><U107/><E107/><V105/><F105/><W59/><REACH who="3" step="1"/><G4/><REACH who="3" ten="170,450,242,128" step="2"/><T87/><D71/><U7/><E7/><V133/><F121/><W65/><G65/><T78/><D70/><U56/><E131/><V79/><F0/><W17/><G17/><T67/><D67/><U129/><E129/><V98/><F5/><W92/><G92/><T38/><D38/><N who="1" m="21783" /><E56/><V96/><F58/><W11/><AGARI ba="0,1" hai="6,11,14,21,24,31,50,55,59,76,83,84,89,91" machi="11" ten="30,6000,0" yaku="1,1,0,1,8,1,53,0" doraHai="29" doraHaiUra="101" who="3" fromWho="3" sc="170,-20,450,-20,242,-20,128,70" /><INIT seed="7,1,0,3,2,128" ten="150,430,222,198" oya="3" hai0="115,59,116,131,84,132,62,23,129,1,69,74,99" hai1="17,9,46,63,20,88,77,35,101,65,119,55,104" hai2="7,19,42,122,80,33,127,2,102,3,120,79,109" hai3="47,87,108,41,126,96,39,91,12,14,45,78,36"/><W49/><G126/><T5/><D74/><U134/><E35/><V112/><F112/><W60/><G108/><T73/><D73/><U93/><E119/><V100/><F33/><W76/><G96/><T50/><D116/><U133/><E77/><V85/><F127/><W106/><G106/><T105/><D69/><U21/><E101/><N who="2" m="39019" /><F42/><W26/><G60/><T89/><D105/><U121/><E9/><V64/><F64/><W83/><G26/><T114/><D99/><U107/><E46/><V22/><F7/><W67/><G67/><T0/><D50/><U103/><E21/><V16/><F19/><W40/><G49/><T71/><D71/><U4/><E4/><V75/><F75/><W86/><REACH who="3" step="1"/><G76/><REACH who="3" ten="150,430,222,188" step="2"/><T92/><D5/><U117/><E65/><V70/><F109/><W125/><G125/><T56/><D62/><U24/><E117/><V30/><F70/><W13/><G13/><T43/><D0/><U31/><E107/><V113/><F2/><W18/><G18/><T51/><D1/><U68/><E68/><V48/><F48/><W72/><G72/><T90/><D51/><U15/><E104/><V111/><F3/><W130/><G130/><T118/><D118/><U54/><E63/><V94/><F111/><W44/><G44/><T25/><D25/><U123/><E15/><N who="2" m="9503" /><F30/><W82/><AGARI ba="1,1" hai="12,14,36,39,40,41,45,47,78,82,83,86,87,91" machi="82" ten="20,18000,2" yaku="1,1,0,1,7,1,9,1,53,2" doraHai="128" doraHaiUra="38" who="3" fromWho="3" sc="150,-61,430,-61,222,-61,188,193" owari="89,-41.1,369,16.9,161,-23.9,381,48.1" /></mjloggm>