<mjloggm ver="2.3"><GO type="169" lobby="0"/><UN n0="%E3%81%93%E3%82%8C%E3%81%8C%E3%81%B5%E3%81%95%E3%81%B5%E3%81%95" n1="%43%68%65" n2="%E7%B4%AB%E3%81%AE%E9%8F%A1" n3="%61%6B%69%62%61%62%61%6E" dan="16,16,18,17" rate="2165.25,2081.53,2189.36,2194.21" sx="M,M,M,M"/><TAIKYOKU oya="0"/><INIT seed="0,0,0,2,5,66" ten="250,250,250,250" oya="0" hai0="84,30,129,19,128,2,25,88,85,134,50,49,96" hai1="91,105,98,28,118,29,22,12,103,45,109,1,117" hai2="76,0,51,33,40,56,79,13,38,99,39,17,72" hai3="8,107,34,42,119,9,74,21,75,43,130,94,104"/><T116/><D116/><U69/><E1/><V106/><F0/><W60/><G34/><T48/><D134/><U36/><E109/><V27/><F106/><W93/><G60/><T115/><D115/><U101/><E101/><V7/><F7/><W61/><G61/><T110/><D2/><U120/><E120/><V80/><F79/><W77/><G77/><T135/><D135/><U90/><E28/><V6/><F6/><W126/><G21/><T23/><D110/><U65/><E91/><V10/><F99/><W67/><G67/><T26/><D96/><U102/><E102/><V100/><F100/><W5/><G5/><T59/><D59/><U86/><E45/><V24/><F24/><W83/><G83/><T132/><D132/><U35/><E36/><V16/><F40/><W57/><G57/><T32/><REACH who="0" step="1"/><D84/><REACH who="0" ten="240,250,250,250" step="2"/><U108/><E108/><V70/><F56/><W11/><G119/><T54/><D54/><U125/><E86/><V114/><F114/><W112/><G112/><T113/><D113/><U14/><E98/><V44/><F72/><W131/><REACH who="3" step="1"/><G8/><REACH who="3" ten="240,250,250,240" step="2"/><T46/><D46/><U73/><E118/><V71/><F10/><W41/><G41/><T111/><D111/><U20/><E117/><V53/><F44/><W68/><G68/><T124/><D124/><AGARI ba="0,2" hai="9,11,42,43,74,75,93,94,104,107,124,126,130,131" machi="124" ten="25,3200,0" yaku="1,1,22,2,53,0" doraHai="66" doraHaiUra="64" who="3" fromWho="0" sc="240,-32,250,0,250,0,240,52" /><INIT seed="1,0,0,1,1,135" ten="208,250,250,292" oya="1" hai0="74,56,8,92,62,119,29,85,133,25,88,105,20" hai1="80,21,0,32,30,93,52,59,4,63,78,44,116" hai2="18,33,112,83,87,13,37,48,66,127,49,27,101" hai3="126,57,115,24,98,90,58,71,113,53,12,14,34"/><U36/><E116/><V75/><F37/><W16/><G71/><T103/><D133/><U60/><E32/><V91/><F112/><W22/><G58/><T61/><D119/><U69/><E93/><V128/><F128/><W89/><G89/><T2/><D74/><U19/><E30/><V41/><F101/><W111/><G111/><T9/><D2/><U28/><E28/><V106/><F106/><W104/><G34/><T130/><D130/><U47/><E36/><V120/><F41/><W117/><G117/><T108/><D108/><U3/><E3/><V67/><F75/><W134/><G134/><T50/><D50/><U129/><E129/><V131/><F120/><W70/><G70/><T82/><D62/><U122/><E122/><V39/><F39/><W96/><G96/><N who="0" m="59783" /><D105/><U45/><E4/><V84/><F49/><W38/><G38/><T102/><D102/><U76/><E0/><V68/><F48/><W5/><G104/><T81/><D81/><U110/><E110/><V99/><F83/><W109/><G109/><T11/><D11/><U54/><E80/><V121/><F121/><W118/><G118/><T65/><AGARI ba="0,0" hai="8,9,20,25,29,56,61,65,82,85,88" m="59783" machi="65" ten="30,4000,0" yaku="25,1,8,1,54,1" doraHai="135" who="0" fromWho="0" sc="208,40,250,-20,250,-10,292,-10" /><INIT seed="2,0,0,5,2,134" ten="248,230,240,282" oya="2" hai0="115,0,73,64,57,22,131,103,63,30,27,125,12" hai1="87,118,75,95,119,60,122,94,89,52,50,28,15" hai2="23,55,107,5,104,111,26,33,43,66,120,53,128" hai3="9,109,132,121,135,37,32,10,83,112,74,86,76"/><V97/><F120/><W69/><G121/><T8/><D115/><U85/><E75/><V34/><F128/><W6/><G112/><T62/><D131/><U20/><E122/><V3/><F43/><W127/><G109/><T78/><D0/><U65/><E87/><V40/><F40/><W99/><G37/><T11/><D73/><U4/><E95/><V36/><F36/><W90/><G32/><T59/><D78/><U2/><E2/><V70/><F111/><W61/><G99/><T80/><D80/><U21/><E28/><N who="2" m="19607" /><F23/><W71/><G61/><T102/><D125/><U45/><E21/><V100/><F107/><W129/><G127/><T44/><D44/><U133/><E133/><N who="3" m="51274" /><G129/><T92/><D92/><U123/><E123/><V93/><F34/><W108/><G108/><T91/><D91/><U38/><E38/><V110/><F110/><W113/><G113/><T16/><REACH who="0" step="1"/><D8/><REACH who="0" ten="238,230,240,282" step="2"/><U41/><E119/><V7/><F93/><N who="3" m="54487" /><G10/><T81/><D81/><U84/><E118/><V35/><F3/><AGARI ba="0,1" hai="3,6,9,69,71,74,76,83" m="54487,51274" machi="3" ten="30,1000,0" yaku="20,1" doraHai="134" who="3" fromWho="2" sc="238,0,230,0,240,-10,282,20" /><INIT seed="3,0,0,1,0,53" ten="238,230,230,302" oya="3" hai0="8,59,61,135,121,36,24,44,65,17,40,27,39" hai1="87,86,123,12,88,117,1,106,122,93,6,55,70" hai2="46,111,20,110,10,80,128,37,100,132,119,89,49" hai3="42,85,77,69,13,126,90,23,54,113,21,102,4"/><W134/><G113/><T74/><D135/><U120/><E106/><V52/><F119/><W45/><G134/><T71/><D121/><U60/><E117/><V97/><F132/><W82/><G69/><T78/><D36/><U68/><E1/><V5/><F128/><W43/><G102/><T76/><D71/><U96/><E70/><V112/><F112/><W47/><G126/><T15/><REACH who="0" step="1"/><D74/><REACH who="0" ten="228,230,230,302" step="2"/><U51/><E68/><V73/><F37/><W101/><G43/><T108/><D108/><U25/><E123/><V130/><F73/><W41/><G41/><T29/><D29/><U81/><E122/><V18/><F110/><W116/><G42/><T95/><D95/><U124/><E120/><V38/><F38/><W3/><G116/><T67/><D67/><U127/><E127/><V58/><F111/><W109/><G109/><T35/><D35/><U92/><E92/><V75/><F75/><W129/><G129/><T50/><D50/><U105/><E51/><V22/><F49/><W33/><G33/><T16/><D16/><U11/><E124/><V30/><F18/><W19/><G19/><T57/><D57/><N who="1" m="34879" /><E105/><V14/><F130/><W114/><G114/><T34/><D34/><U28/><E81/><V79/><F80/><W99/><G82/><T107/><D107/><U62/><E62/><V7/><F30/><W64/><G64/><T56/><D56/><U2/><E2/><V98/><F58/><W26/><G3/><T131/><D131/><U72/><E72/><V118/><F118/><W31/><G31/><T133/><D133/><U84/><E28/><RYUUKYOKU ba="0,1" sc="228,15,230,15,230,-15,302,-15" hai0="8,15,17,24,27,39,40,44,59,61,65,76,78" hai1="6,11,12,25,84,86,87,88,93,96" /><INIT seed="4,1,1,0,5,86" ten="243,245,215,287" oya="0" hai0="97,63,72,115,28,135,70,50,44,85,125,30,31" hai1="43,74,116,84,14,26,45,22,29,61,105,6,66" hai2="51,131,35,23,103,104,78,60,17,120,49,93,67" hai3="112,130,69,37,133,24,92,34,128,113,65,77,21"/><T119/><D115/><N who="3" m="44105" /><G37/><T82/><D119/><U108/><E108/><V68/><F120/><W58/><G69/><T0/><D135/><U106/><E74/><V122/><F122/><W79/><G34/><T20/><D125/><U95/><E116/><V46/><F131/><N who="3" m="50219" /><G92/><T3/><D72/><U132/><E132/><V1/><F35/><W96/><G96/><T118/><D118/><U121/><E121/><V32/><F32/><W126/><G126/><T38/><D38/><U124/><E124/><V73/><F104/><W11/><G11/><T71/><D20/><U40/><E106/><V111/><F93/><W134/><G77/><T19/><D19/><U98/><E105/><V15/><F17/><N who="3" m="12335" /><G79/><T54/><D97/><U94/><E98/><V33/><F78/><W110/><G110/><T75/><D75/><U91/><E95/><V7/><F33/><W4/><G4/><T100/><D100/><U48/><E6/><V52/><F7/><W2/><G2/><T102/><D102/><U47/><E14/><V107/><F1/><W10/><G10/><T129/><D129/><U101/><E101/><V41/><F111/><W25/><G25/><T36/><D36/><U8/><E8/><V64/><F103/><W55/><G65/><N who="0" m="41279" /><D71/><U56/><E47/><N who="2" m="27711" /><F107/><W9/><G9/><T83/><D83/><U16/><E29/><V57/><F73/><W123/><G123/><T117/><D117/><U39/><E39/><V42/><F23/><W62/><AGARI ba="1,1" hai="55,58,62,133,134" m="12335,50219,44105" machi="62" ten="40,2700,0" yaku="15,1,19,1" doraHai="86" who="3" fromWho="3" sc="243,-14,245,-8,215,-8,287,40" /><INIT seed="5,0,0,1,0,55" ten="229,237,207,327" oya="1" hai0="116,67,33,107,49,43,97,77,125,1,45,9,134" hai1="38,91,73,31,12,102,19,22,42,135,127,40,10" hai2="95,83,3,20,133,100,85,115,92,106,74,23,44" hai3="128,7,84,88,109,57,41,131,130,63,124,2,86"/><U112/><E112/><V27/><F3/><W113/><G109/><T53/><D116/><U36/><E73/><V122/><F122/><W65/><G113/><T72/><D134/><U71/><E71/><V96/><F115/><W99/><G124/><T54/><D125/><U34/><E135/><V6/><F6/><W80/><G41/><T111/><D111/><U81/><E102/><V5/><F5/><W87/><G99/><T15/><D1/><U114/><E34/><V98/><F44/><W16/><G16/><T59/><D33/><U118/><E38/><V24/><F74/><W52/><G65/><T32/><D32/><U94/><E36/><V129/><F106/><W66/><G66/><T25/><D25/><N who="2" m="9802" /><F129/><W14/><G14/><T28/><D28/><U35/><E35/><V121/><F121/><W30/><G30/><T39/><D67/><U75/><E118/><V123/><F123/><W29/><G29/><T90/><D72/><U26/><E114/><V101/><F133/><W108/><G108/><T82/><D107/><U93/><E127/><V13/><F13/><W37/><G37/><T48/><D39/><U70/><E70/><V110/><F110/><W104/><G104/><T46/><D15/><U17/><E31/><V11/><F11/><AGARI ba="0,0" hai="2,7,11,52,57,63,80,84,86,87,88,128,130,131" machi="11" ten="40,8000,1" yaku="19,1,52,1,54,2" doraHai="55" who="3" fromWho="2" sc="229,0,237,0,207,-80,327,80" /><INIT seed="6,0,0,2,3,134" ten="229,237,127,407" oya="2" hai0="17,96,121,12,74,82,83,25,6,78,40,100,86" hai1="16,13,131,39,133,120,135,89,79,33,111,45,31" hai2="106,129,103,59,21,116,85,99,51,8,98,126,41" hai3="23,35,87,114,52,94,72,71,54,112,101,49,57"/><V130/><F116/><W50/><G35/><T127/><D127/><U11/><E111/><V26/><F85/><W34/><G34/><T22/><D121/><U75/><E120/><V42/><F8/><W70/><G72/><T128/><D128/><N who="2" m="49258" /><F98/><N who="3" m="59607" /><G23/><T91/><D40/><N who="2" m="15466" /><F51/><W110/><G110/><T113/><D113/><N who="3" m="43625" /><G87/><T132/><D132/><U123/><E75/><V32/><F32/><W46/><AGARI ba="0,0" hai="46,49,50,52,54,57,70,71" m="43625,59607" machi="46" ten="30,4000,0" yaku="15,1,11,1,54,1" doraHai="134" who="3" fromWho="3" sc="229,-10,237,-10,127,-20,407,40" /><INIT seed="7,0,0,2,3,37" ten="219,227,107,447" oya="3" hai0="113,95,62,121,46,83,98,25,50,115,36,73,58" hai1="17,80,84,10,56,29,15,101,126,60,5,67,130" hai2="40,19,45,53,13,34,79,61,104,14,77,93,28" hai3="109,72,116,74,123,100,6,89,48,127,27,64,131"/><W78/><G48/><T75/><D121/><U47/><E130/><V59/><F104/><W68/><G27/><T26/><D36/><U82/><E126/><V66/><F34/><W99/><G6/><T65/><D26/><U63/><E29/><V7/><F28/><W117/><G64/><T69/><D25/><U103/><E82/><V8/><F66/><W23/><G23/><T30/><D30/><U39/><E39/><V111/><F111/><W128/><G68/><T129/><D129/><U41/><E63/><V57/><F57/><W51/><G51/><T135/><D135/><U33/><E33/><V132/><F132/><W87/><G78/><T42/><D69/><U16/><E103/><V20/><REACH who="2" step="1"/><F93/><REACH who="2" ten="219,227,97,447" step="2"/><W22/><G109/><T54/><D65/><U12/><E56/><V125/><F125/><W1/><G127/><T118/><D95/><U52/><E67/><V108/><F108/><W112/><G128/><T96/><D58/><U107/><E107/><V105/><F105/><W120/><G131/><T92/><D92/><U106/><E106/><V2/><F2/><W21/><G1/><T122/><D118/><U35/><E35/><V91/><F91/><W86/><G89/><T124/><D124/><U133/><E133/><V114/><F114/><W32/><G32/><T81/><D113/><U88/><E88/><V71/><F71/><W0/><G0/><T102/><D115/><U97/><E101/><V70/><F70/><W119/><G112/><T31/><D102/><U90/><E90/><V49/><AGARI ba="0,1" hai="7,8,13,14,19,20,40,45,49,53,59,61,77,79" machi="49" ten="20,12000,2" yaku="1,1,0,1,7,1,8,1,52,1,53,1" doraHai="37" doraHaiUra="44" who="2" fromWho="2" sc="219,-30,227,-30,97,130,447,-60" owari="189,-31.1,197,-20.3,227,2.7,387,48.7" /></mjloggm>