<mjloggm ver="2.3"><GO type="169" lobby="0"/><UN n0="%79%61%63%68%69%33%35%38" n1="%73%73%73%31%39%33%33" n2="%5A%E6%B0%91" n3="%74%34%63%34%32%32" dan="16,16,18,16" rate="2088.64,2121.62,2266.69,2124.47" sx="M,F,M,M"/><TAIKYOKU oya="0"/><INIT seed="0,0,0,1,4,79" ten="250,250,250,250" oya="0" hai0="133,87,114,115,101,59,51,119,121,83,64,4,17" hai1="38,54,75,21,71,11,44,16,24,40,66,22,80" hai2="23,124,73,88,10,94,3,1,41,93,104,117,134" hai3="89,52,13,78,35,27,118,105,43,132,29,36,65"/><T126/><D121/><U63/><E54/><V129/><F104/><W103/><G118/><T28/><D119/><U32/><E32/><V2/><F117/><W99/><G78/><N who="0" m="46583" /><D115/><U14/><E24/><V122/><F73/><W56/><G65/><T95/><D114/><U91/><REACH who="1" step="1"/><E75/><REACH who="1" ten="250,240,250,250" step="2"/><V49/><F122/><W108/><G35/><T96/><D126/><U76/><E76/><V106/><F124/><W111/><G27/><T109/><D133/><U39/><E39/><V57/><F134/><W70/><G36/><T19/><D109/><U90/><E90/><V20/><F88/><W69/><G89/><T42/><D28/><U6/><E6/><V18/><F41/><W97/><G132/><T58/><D4/><U50/><E50/><V86/><F49/><W77/><G77/><T82/><D42/><U85/><AGARI ba="0,1" hai="11,14,16,21,22,38,40,44,63,66,71,80,85,91" machi="85" ten="30,7900,0" yaku="1,1,0,1,52,1,54,1,53,0" doraHai="79" doraHaiUra="110" who="1" fromWho="1" sc="250,-39,240,89,250,-20,250,-20" /><INIT seed="1,0,0,2,4,102" ten="211,329,230,230" oya="1" hai0="40,127,122,27,25,58,0,63,121,89,9,45,41" hai1="46,78,8,85,7,100,55,118,28,29,80,86,67" hai2="130,120,88,129,91,79,31,73,132,123,81,65,32" hai3="18,119,113,70,44,53,16,34,39,17,50,109,5"/><U62/><E118/><V135/><F65/><W35/><G119/><T105/><D127/><U61/><E100/><V133/><F31/><W126/><G126/><T13/><D0/><U84/><E62/><V87/><F32/><W12/><G113/><T104/><D89/><N who="2" m="34378" /><F73/><W10/><G70/><T60/><D58/><U47/><E29/><V82/><F82/><W19/><G109/><T57/><D57/><U30/><E30/><V22/><F22/><W114/><G114/><T115/><D115/><U106/><E106/><V3/><F3/><W51/><G39/><T99/><D13/><U112/><E28/><V64/><F64/><W38/><G38/><T124/><D124/><U92/><E92/><V2/><F2/><W68/><G68/><T77/><D9/><U97/><E97/><V90/><N who="2" m="34386" /><V48/><DORA hai="101" /><F48/><W69/><G69/><T134/><D45/><U54/><E47/><V75/><F75/><W20/><REACH who="3" step="1"/><G51/><REACH who="3" ten="211,329,230,220" step="2"/><T56/><D56/><U116/><E112/><V36/><F36/><W117/><G117/><T108/><D108/><U14/><E116/><V111/><F111/><W103/><G103/><T71/><D71/><U66/><E46/><V74/><F74/><W42/><G42/><T24/><D41/><U96/><E61/><V107/><F107/><N who="0" m="41034" /><D40/><U4/><E80/><V131/><AGARI ba="0,1" hai="79,81,87,120,123,129,130,131,132,133,135" m="34386" machi="131" ten="50,8000,1" yaku="19,1,20,1,34,2,54,1" doraHai="102,101" who="2" fromWho="2" sc="211,-20,329,-40,230,90,220,-20" /><INIT seed="2,0,0,4,2,109" ten="191,289,320,200" oya="2" hai0="45,43,99,132,28,73,46,71,107,56,38,23,95" hai1="60,55,131,85,120,10,97,22,53,49,9,57,66" hai2="2,17,63,108,39,75,118,113,40,79,41,68,94" hai3="96,42,16,87,47,98,5,116,62,15,20,124,69"/><V18/><F118/><W36/><G116/><T0/><D107/><U27/><E131/><V134/><F2/><W100/><G124/><T117/><D73/><U81/><E97/><V88/><F108/><W110/><G110/><T35/><D0/><U82/><E55/><V105/><F105/><W3/><G87/><T83/><D71/><U130/><E130/><V121/><F121/><W129/><G129/><T119/><D35/><U31/><E120/><V91/><F91/><W12/><G3/><T133/><D46/><U125/><E125/><V89/><F89/><W11/><REACH who="3" step="1"/><G100/><REACH who="3" ten="191,289,320,190" step="2"/><N who="0" m="60543" /><D119/><U44/><REACH who="1" step="1"/><E82/><REACH who="1" ten="191,279,320,190" step="2"/><V26/><F134/><W80/><G80/><T114/><D83/><U1/><E1/><V65/><F75/><W50/><G50/><T37/><D117/><U34/><E34/><V61/><F39/><W78/><G78/><AGARI ba="0,2" hai="9,10,22,27,31,44,49,53,57,60,66,78,81,85" machi="78" ten="30,7700,0" yaku="1,1,7,1,8,1,53,1" doraHai="109" doraHaiUra="74" who="1" fromWho="3" sc="191,0,279,97,320,0,190,-77" /><INIT seed="3,0,0,4,5,4" ten="191,376,320,113" oya="3" hai0="40,19,59,64,54,120,87,108,31,22,90,8,17" hai1="115,66,107,109,57,71,101,83,28,111,35,75,103" hai2="98,70,27,130,74,128,92,47,34,132,6,63,11" hai3="119,85,88,91,30,9,94,26,15,52,45,48,125"/><W53/><G119/><T80/><D108/><U24/><E57/><V65/><F74/><W84/><G125/><T25/><D120/><U135/><E115/><V3/><F132/><W133/><G133/><T62/><D40/><U20/><E20/><V129/><F47/><W118/><G118/><T29/><D29/><U61/><E135/><V51/><F51/><W89/><G53/><T117/><D117/><U105/><E103/><V100/><F27/><W46/><G46/><T10/><REACH who="0" step="1"/><D64/><REACH who="0" ten="181,376,320,113" step="2"/><U110/><E110/><V56/><REACH who="2" step="1"/><F34/><REACH who="2" ten="181,376,310,113" step="2"/><W18/><G84/><T79/><D79/><U50/><E35/><AGARI ba="0,2" hai="9,15,18,26,30,35,45,48,52,85,88,89,91,94" machi="35" ten="30,11600,0" yaku="7,1,52,1,54,2" doraHai="4" who="3" fromWho="1" sc="181,0,376,-116,310,0,113,136" /><INIT seed="3,1,0,2,1,51" ten="181,260,310,249" oya="3" hai0="9,99,16,114,67,69,102,46,103,108,128,70,113" hai1="94,120,118,117,34,131,76,82,88,37,129,116,60" hai2="59,110,92,84,27,132,1,119,28,32,58,40,45" hai3="13,80,49,93,39,33,87,25,124,31,30,26,125"/><W24/><G39/><T79/><D108/><U43/><E34/><V96/><F119/><W135/><G93/><T64/><D79/><U115/><E60/><V130/><F1/><W100/><G100/><N who="0" m="38443" /><D46/><U38/><E43/><V133/><F130/><N who="1" m="49673" /><E115/><N who="0" m="44041" /><D128/><U73/><E120/><V19/><F45/><W101/><G101/><T65/><D99/><AGARI ba="1,0" hai="37,38,73,76,82,88,94,99,116,117,118" m="49673" machi="99" ten="40,5200,0" yaku="12,1,19,1,54,1" doraHai="51" who="1" fromWho="0" sc="181,-55,260,55,310,0,249,0" /><INIT seed="4,0,0,0,4,20" ten="126,315,310,249" oya="0" hai0="79,68,56,110,58,12,73,125,2,41,51,32,135" hai1="38,18,57,70,93,118,29,71,66,9,10,85,55" hai2="47,129,27,84,1,35,75,69,65,105,95,44,33" hai3="126,86,28,112,81,127,50,17,24,21,121,97,77"/><T26/><D2/><U109/><E109/><V106/><F75/><W7/><G7/><T53/><D110/><U0/><E0/><V124/><F1/><W119/><G119/><T19/><D68/><U113/><E38/><V60/><F35/><W92/><G121/><T82/><D125/><N who="3" m="47625" /><G50/><T94/><D135/><U15/><E118/><V4/><F4/><W90/><G112/><T49/><D41/><U43/><E43/><V34/><F34/><W37/><G37/><T46/><D94/><U88/><E29/><AGARI ba="0,0" hai="17,21,24,28,29,77,81,86,90,92,97" m="47625" machi="29" ten="30,2000,0" yaku="18,1,52,1" doraHai="20" who="3" fromWho="1" sc="126,0,315,-20,310,0,249,20" /><INIT seed="5,0,0,1,2,51" ten="126,295,310,269" oya="1" hai0="125,119,27,70,72,120,93,8,103,50,55,14,133" hai1="12,130,26,80,16,43,87,34,110,121,97,68,47" hai2="6,108,73,81,85,109,71,11,64,135,9,0,98" hai3="129,7,131,25,10,114,62,24,38,128,17,4,83"/><U3/><E121/><V69/><F135/><W52/><G38/><T2/><D120/><U134/><E134/><V89/><F73/><W66/><G114/><T23/><D133/><U5/><E68/><V36/><F36/><W54/><G83/><T67/><D72/><U29/><E130/><V41/><F41/><W76/><G76/><T44/><D2/><U65/><E65/><V33/><F33/><W124/><G124/><T92/><D125/><U31/><E97/><V118/><F118/><W127/><G127/><T106/><D119/><U77/><E31/><V39/><F39/><W104/><G104/><T46/><D106/><U60/><E60/><V113/><F113/><W20/><G25/><T58/><D70/><U112/><E112/><V100/><F71/><N who="3" m="42455" /><G4/><T88/><D103/><U86/><E110/><V13/><F64/><W37/><G37/><T63/><D93/><U78/><E5/><V53/><F69/><W117/><G117/><T90/><D46/><U48/><E3/><AGARI ba="0,0" hai="3,7,10,17,20,24,52,54,128,129,131" m="42455" machi="3" ten="30,7700,0" yaku="19,1,52,2,54,1" doraHai="51" who="3" fromWho="1" sc="126,0,295,-77,310,0,269,77" /><INIT seed="6,0,0,2,5,26" ten="126,218,310,346" oya="2" hai0="16,60,130,24,127,0,125,116,49,56,15,27,91" hai1="30,95,107,57,62,109,54,20,14,51,21,40,123" hai2="67,131,43,89,38,94,48,8,77,1,104,71,87" hai3="93,7,17,118,99,73,80,36,2,33,52,66,98"/><V133/><F104/><W75/><G118/><T100/><D116/><U37/><E107/><V19/><F38/><W61/><G36/><T29/><D100/><U79/><E109/><V31/><F131/><W64/><G7/><T18/><D0/><U111/><E111/><V101/><F101/><W69/><G2/><T78/><D130/><U112/><E112/><V122/><F77/><W96/><G66/><T76/><D49/><U106/><E106/><V13/><F122/><W10/><G33/><T115/><D27/><U103/><E79/><V5/><F133/><W32/><G32/><T42/><D42/><U41/><E37/><V35/><F71/><W113/><G93/><T88/><D115/><U108/><E123/><V44/><F67/><W97/><G97/><T92/><D78/><U6/><E51/><V134/><F134/><W63/><G80/><T119/><D76/><U85/><E85/><V105/><F105/><W68/><G113/><T9/><D18/><N who="1" m="10327" /><E6/><V34/><F34/><W47/><G68/><T50/><D50/><U23/><E108/><V86/><F35/><W135/><G135/><T81/><D119/><U58/><E58/><V74/><F74/><W72/><G63/><T126/><D81/><U82/><E82/><V46/><F46/><W114/><G114/><T65/><D92/><U120/><E120/><V55/><F94/><W4/><G73/><T22/><AGARI ba="0,0" hai="9,15,16,22,24,29,56,60,65,88,91,125,126,127" machi="22" ten="30,8000,1" yaku="0,1,18,1,52,1,54,2" doraHai="26" who="0" fromWho="0" sc="126,80,218,-20,310,-40,346,-20" /><INIT seed="7,0,0,0,1,81" ten="206,198,270,326" oya="3" hai0="82,94,97,119,71,2,127,86,92,115,28,52,43" hai1="40,3,22,17,67,70,89,126,93,42,60,101,103" hai2="121,85,73,19,107,83,24,26,122,12,114,84,108" hai3="124,13,36,14,9,65,104,87,134,99,35,123,129"/><W125/><G35/><T72/><D2/><U95/><E3/><V78/><F107/><W91/><G36/><T20/><D71/><U6/><E6/><V106/><F106/><W117/><G129/><T7/><D119/><U46/><E126/><N who="3" m="48746" /><G123/><N who="2" m="47113" /><F108/><W8/><G134/><T39/><D72/><U88/><E95/><V111/><F111/><W109/><G117/><T98/><D43/><U55/><E55/><V128/><F114/><W63/><G109/><T4/><D39/><U31/><E31/><V110/><F110/><W90/><G90/><N who="0" m="51543" /><D20/><U59/><E70/><V34/><F128/><W135/><G135/><T61/><D28/><U51/><E42/><V69/><F69/><N who="3" m="42175" /><G104/><T118/><D115/><U58/><E58/><V66/><F66/><W76/><G76/><T113/><D113/><U132/><E132/><V11/><F34/><W48/><G48/><T45/><D118/><U30/><E30/><V116/><F116/><W18/><G99/><T10/><D98/><N who="1" m="57639" /><E89/><V1/><F1/><W41/><G41/><T54/><D97/><U44/><E44/><V0/><F0/><W57/><G57/><N who="0" m="34983" /><D127/><U37/><E37/><V112/><F112/><W64/><G8/><T56/><D45/><U80/><E80/><V75/><F75/><W50/><G9/><T102/><D102/><U15/><AGARI ba="0,0" hai="15,17,22,40,46,51,59,60,67,101,103" m="57639" machi="15" ten="30,2000,0" yaku="8,1,54,1" doraHai="81" who="1" fromWho="1" sc="206,-5,198,20,270,-5,326,-10" owari="201,-29.9,218,-18.2,265,6.5,316,41.6" /></mjloggm>