<mjloggm ver="2.3"><GO type="169" lobby="0"/><UN n0="%E3%81%93%E3%82%8C%E3%81%8C%E3%81%B5%E3%81%95%E3%81%B5%E3%81%95" n1="%E3%81%84%E3%81%B6%E3%81%A6%E3%81%84%32%30" n2="%E8%B2%A1%E5%89%8D%E5%8F%88%E4%B8%80" n3="%E3%83%90%E3%83%AA%E3%83%88%E3%83%B3" dan="16,16,17,17" rate="2123.09,2050.47,2202.27,2240.85" sx="M,M,M,M"/><TAIKYOKU oya="0"/><INIT seed="0,0,0,4,2,127" ten="250,250,250,250" oya="0" hai0="12,81,71,4,107,100,68,96,102,126,110,72,73" hai1="65,30,37,40,121,115,27,22,86,55,133,67,14" hai2="38,17,10,33,20,5,80,93,48,130,105,0,131" hai3="31,45,94,58,7,51,129,70,87,92,120,125,118"/><T83/><D126/><U85/><E121/><V116/><F105/><W50/><G70/><T25/><D25/><U104/><E104/><V35/><F38/><W69/><G69/><T46/><D110/><U78/><E133/><V23/><F23/><W2/><G118/><T74/><D100/><U76/><E37/><V79/><F93/><W98/><G120/><T111/><D111/><U59/><E40/><V36/><F48/><W103/><G31/><T28/><D28/><U60/><E115/><V26/><F36/><W16/><G7/><T123/><D123/><U42/><E42/><V77/><F77/><N who="1" m="29801" /><E14/><V117/><F80/><W112/><G2/><T32/><D32/><N who="2" m="12362" /><F79/><W11/><G112/><T21/><D68/><U63/><E63/><V89/><F89/><W41/><G125/><T64/><D46/><U34/><E34/><V57/><F57/><W84/><G92/><T52/><D52/><U128/><E85/><V54/><F54/><W66/><G87/><T113/><D113/><U124/><E86/><V53/><F53/><W49/><G84/><T3/><D3/><U97/><E124/><V1/><F1/><W108/><G108/><T62/><REACH who="0" step="1"/><D4/><REACH who="0" ten="240,250,250,250" step="2"/><U82/><E55/><V9/><F9/><W75/><G11/><T122/><D122/><U119/><E65/><V15/><F0/><W134/><G66/><T47/><D47/><U8/><E67/><V135/><F135/><W61/><G134/><T90/><D90/><U44/><E44/><V29/><F29/><W43/><G45/><T88/><D88/><U24/><E30/><V109/><F109/><RYUUKYOKU ba="0,1" sc="240,15,250,-15,250,15,250,-15" hai0="12,21,62,64,71,72,73,74,81,83,96,102,107" hai2="5,10,15,17,20,26,116,117,130,131" /><INIT seed="0,1,1,4,5,32" ten="255,235,265,235" oya="0" hai0="116,132,125,60,80,69,1,96,98,121,36,118,29" hai1="100,68,79,103,3,16,81,25,128,56,90,78,14" hai2="13,74,39,30,124,92,61,20,26,72,89,107,2" hai3="101,97,0,127,99,42,131,59,114,70,58,65,109"/><T84/><D121/><U21/><E68/><V37/><F107/><W31/><G114/><T8/><D132/><U46/><E128/><V120/><F124/><W102/><G109/><T23/><D125/><U66/><E46/><V48/><F61/><W111/><G111/><T105/><D36/><U135/><E135/><V115/><F74/><W38/><G131/><T75/><D75/><U41/><E41/><V67/><F72/><W55/><G31/><T63/><D29/><U104/><E3/><V106/><F67/><W108/><G127/><T122/><D23/><U112/><E104/><V22/><F106/><W4/><G70/><T10/><D69/><U57/><E57/><V133/><F2/><W47/><G65/><T12/><D105/><U7/><E90/><V119/><F120/><W87/><G87/><T77/><D122/><U94/><E94/><V117/><F48/><W6/><G59/><T49/><D49/><U24/><E81/><V129/><F115/><W28/><G28/><T64/><D64/><U44/><E66/><V50/><F50/><W83/><G83/><T52/><D52/><U130/><E112/><V71/><F71/><W40/><G40/><T51/><D51/><U113/><E113/><V110/><F110/><W85/><G108/><T88/><D118/><N who="2" m="45066" /><F129/><W54/><G54/><T73/><D116/><U45/><E130/><V18/><F133/><W17/><G55/><T86/><D60/><U62/><E62/><V95/><F95/><W134/><G58/><T93/><D63/><U91/><E56/><V82/><F92/><W19/><G134/><RYUUKYOKU ba="1,1" sc="255,-10,235,-10,265,30,235,-10" hai2="13,18,20,22,26,30,37,39,82,89" /><INIT seed="1,2,1,4,2,95" ten="245,225,295,225" oya="1" hai0="11,131,4,94,78,77,49,116,112,119,9,130,73" hai1="8,75,87,113,70,1,23,114,14,69,28,17,33" hai2="82,54,24,53,84,18,50,83,27,111,30,63,12" hai3="13,135,42,125,38,68,107,74,41,126,22,21,108"/><U5/><E75/><V90/><F111/><W101/><G108/><T58/><D112/><U103/><E103/><V118/><F118/><W45/><G135/><T79/><D73/><U67/><E87/><V57/><F30/><W89/><G68/><N who="1" m="26218" /><E67/><V120/><F83/><W65/><G65/><T86/><D58/><U35/><E35/><V56/><REACH who="2" step="1"/><F120/><REACH who="2" ten="245,225,285,225" step="2"/><W91/><G126/><T60/><D116/><U51/><E51/><V88/><F88/><W99/><G125/><T127/><D49/><U26/><AGARI ba="2,2" hai="1,5,8,14,17,23,26,28,33,113,114" m="26218" machi="26" ten="30,1500,0" yaku="24,1" doraHai="95" who="1" fromWho="1" sc="245,-7,225,41,285,-7,225,-7" /><INIT seed="1,3,0,5,4,40" ten="238,266,278,218" oya="1" hai0="39,107,33,19,25,86,119,135,121,92,70,47,102" hai1="101,117,128,98,96,3,48,91,122,75,68,80,6" hai2="125,56,100,124,85,44,111,55,15,54,4,62,13" hai3="105,11,10,106,24,110,5,57,31,61,27,88,60"/><U115/><E122/><V22/><F111/><W74/><G74/><T133/><D119/><U53/><E115/><V109/><F109/><W37/><G37/><T21/><D70/><U94/><E68/><V82/><F100/><W50/><G110/><T130/><D130/><U90/><E128/><V45/><F55/><W23/><G50/><T46/><D39/><U123/><E123/><V129/><F129/><W35/><G61/><T99/><D121/><U34/><E34/><V83/><F83/><W72/><G72/><T20/><D33/><U8/><E117/><V67/><F67/><W87/><G11/><T118/><D118/><U120/><E120/><V1/><F1/><W66/><G24/><T97/><D86/><U126/><E126/><N who="2" m="48747" /><F4/><W59/><G59/><T2/><D21/><U93/><E75/><V7/><F7/><W104/><G35/><T43/><D43/><U29/><E29/><V84/><F84/><W41/><G41/><T26/><D26/><U76/><E101/><V116/><F116/><W71/><G71/><T95/><D2/><U103/><E103/><V42/><F42/><W132/><G132/><N who="0" m="50763" /><D107/><U52/><REACH who="1" step="1"/><E48/><REACH who="1" ten="238,256,278,218" step="2"/><V127/><F127/><W113/><G113/><T18/><D102/><U64/><E64/><V28/><F28/><W81/><REACH who="3" step="1"/><G106/><REACH who="3" ten="238,256,278,208" step="2"/><T49/><D49/><U58/><E58/><V12/><F22/><W65/><G65/><T134/><D134/><U73/><AGARI ba="3,2" hai="3,6,8,52,53,73,76,80,90,91,93,94,96,98" machi="73" ten="20,12000,1" yaku="1,1,0,1,7,1,9,1,54,1,53,0" doraHai="40" doraHaiUra="36" who="1" fromWho="1" sc="238,-43,256,149,278,-43,208,-43" /><INIT seed="1,4,0,3,4,26" ten="195,405,235,165" oya="1" hai0="80,81,113,46,12,110,59,31,87,103,72,44,68" hai1="61,58,120,117,116,134,91,119,101,85,128,54,125" hai2="28,57,127,121,23,17,123,94,29,89,130,48,36" hai3="47,124,102,50,6,3,14,13,25,106,33,10,99"/><U27/><E120/><V22/><F36/><W98/><G124/><T65/><D110/><U32/><E125/><V51/><F127/><W43/><REACH who="3" step="1"/><G99/><REACH who="3" ten="195,405,235,155" step="2"/><T105/><D113/><U37/><E128/><V62/><F130/><W131/><G131/><T66/><D68/><U5/><E134/><V126/><F126/><W86/><G86/><T42/><D87/><U88/><E119/><V73/><F123/><W97/><G97/><T60/><D72/><U35/><E117/><V114/><F73/><W39/><G39/><T52/><D105/><U111/><E37/><V11/><F121/><W90/><G90/><T77/><D103/><U132/><E91/><V84/><F114/><W108/><G108/><T107/><D107/><U2/><E116/><V7/><F89/><W21/><G21/><T63/><D77/><U56/><E111/><V8/><F84/><W64/><G64/><T104/><D104/><U115/><E132/><V30/><F23/><W40/><G40/><T122/><D42/><U82/><E115/><V41/><F41/><W55/><G55/><T135/><D52/><U45/><E101/><V78/><F78/><W9/><G9/><N who="2" m="3657" /><F94/><W71/><G71/><T96/><D96/><U93/><E93/><V53/><F7/><W38/><G38/><T24/><D135/><U79/><E79/><V16/><F22/><W112/><G112/><T76/><D76/><U129/><E5/><V83/><F83/><W0/><G0/><T74/><D74/><U18/><E2/><V109/><F109/><W133/><G133/><T100/><D81/><U118/><E129/><RYUUKYOKU ba="4,1" sc="195,-15,405,-15,235,15,155,15" hai2="16,17,28,29,30,48,51,53,57,62" hai3="3,6,10,13,14,25,33,43,47,50,98,102,106" /><INIT seed="2,5,1,4,4,11" ten="180,390,250,170" oya="2" hai0="74,8,29,51,129,14,114,105,101,90,124,47,16" hai1="88,49,15,69,123,110,125,89,1,32,72,24,107" hai2="91,44,119,17,79,97,116,36,2,111,84,4,38" hai3="54,73,41,61,66,128,7,57,64,58,13,31,134"/><V39/><F111/><W0/><G0/><T104/><D114/><U65/><E1/><V83/><F17/><W27/><G73/><T53/><D129/><U28/><E110/><V45/><F4/><W52/><G128/><T126/><D74/><U18/><E72/><V3/><F3/><W19/><G41/><T127/><D101/><U59/><E69/><V23/><F2/><W35/><G7/><T22/><D90/><U80/><E107/><V75/><F23/><W6/><G6/><T102/><D102/><U106/><E106/><V56/><F56/><W96/><G96/><T108/><D108/><U94/><E125/><V92/><REACH who="2" step="1"/><F75/><REACH who="2" ten="180,390,240,170" step="2"/><W20/><REACH who="3" step="1"/><G134/><REACH who="3" ten="180,390,240,160" step="2"/><T122/><D122/><U81/><E123/><V70/><F70/><W37/><G37/><T109/><D109/><U132/><E132/><V48/><F48/><AGARI ba="5,3" hai="13,19,20,27,31,35,48,52,54,57,58,61,64,66" machi="48" ten="30,12000,2" yaku="1,1,7,1,52,1,54,1,53,2" doraHai="11" doraHaiUra="62" who="3" fromWho="2" sc="180,0,390,0,240,-135,160,165" /><INIT seed="3,0,0,1,1,129" ten="180,390,105,325" oya="3" hai0="23,65,133,86,111,6,67,95,55,44,2,80,33" hai1="90,1,106,130,134,54,73,103,74,92,42,108,98" hai2="32,19,40,46,56,123,116,109,101,78,41,121,131" hai3="15,97,7,107,12,16,10,85,79,127,117,64,91"/><W47/><G117/><T118/><D33/><U24/><E1/><V68/><F131/><W70/><G127/><T21/><D118/><U100/><E130/><V8/><F68/><W94/><G70/><T83/><D111/><U37/><E108/><V112/><F109/><W25/><G64/><T114/><D2/><U5/><E5/><V135/><F32/><W76/><G25/><T57/><D6/><U115/><E42/><V96/><F78/><W63/><G63/><T45/><D95/><U62/><E37/><V77/><F77/><W20/><G107/><T124/><D114/><U43/><E43/><V51/><F112/><W14/><G14/><T34/><D34/><U3/><E3/><V52/><F116/><W35/><G35/><T84/><D55/><U89/><E24/><V22/><F8/><W125/><G125/><T75/><D57/><U28/><E28/><V99/><F41/><W132/><G47/><T4/><D4/><U60/><E54/><V36/><F99/><W61/><G61/><T38/><D38/><U17/><E60/><V87/><F96/><W119/><G119/><T110/><D110/><U82/><E62/><V18/><F46/><W11/><G11/><T29/><D124/><U128/><E115/><V53/><F40/><W9/><G9/><T105/><D44/><U81/><E106/><V126/><F53/><W50/><G50/><T31/><D45/><U13/><E74/><V71/><F36/><W59/><G59/><T39/><D39/><U122/><E73/><V69/><F126/><W104/><G132/><T120/><D133/><RYUUKYOKU ba="0,0" sc="180,-10,390,-10,105,-10,325,30" hai3="7,10,12,15,16,20,76,79,85,91,94,97,104" /><INIT seed="3,1,0,4,2,6" ten="170,380,95,355" oya="3" hai0="25,59,71,56,68,92,37,48,115,50,7,81,91" hai1="29,80,36,63,78,73,86,62,51,31,110,117,100" hai2="94,38,20,93,88,95,32,124,19,87,69,96,128" hai3="45,66,41,133,122,123,85,112,16,135,90,116,99"/><W74/><G74/><T24/><D37/><U61/><E36/><V22/><F69/><W107/><G66/><T30/><D81/><U26/><E110/><V3/><F32/><W77/><G45/><T4/><D115/><U12/><E117/><V23/><F128/><W97/><G41/><T58/><D71/><U11/><E100/><V44/><F124/><W125/><G112/><T33/><D68/><U98/><E98/><V1/><F19/><W2/><G2/><T47/><D25/><U105/><E105/><V46/><F38/><W54/><G54/><T5/><REACH who="0" step="1"/><D47/><REACH who="0" ten="160,380,95,355" step="2"/><U42/><E26/><V114/><F114/><W70/><G70/><T82/><D82/><U55/><E73/><V121/><F46/><W104/><G116/><T60/><D60/><U106/><E80/><V40/><F121/><W10/><G123/><T132/><D132/><U134/><E61/><V34/><F44/><W9/><G122/><T75/><D75/><U111/><E62/><V57/><F40/><W27/><G27/><T129/><D129/><U18/><E63/><V21/><F57/><W108/><G135/><T101/><D101/><U118/><E42/><V28/><N who="2" m="5120" /><DORA hai="72" /><V64/><F64/><W53/><G133/><T8/><D8/><U103/><E11/><V35/><F96/><AGARI ba="1,1" hai="4,5,7,24,30,33,48,50,56,58,59,91,92,96" machi="96" ten="40,8000,1" yaku="1,1,53,3" doraHai="6,72" doraHaiUra="43,0" who="0" fromWho="2" sc="160,93,380,0,95,-83,355,0" /><INIT seed="4,0,0,1,4,80" ten="253,380,12,355" oya="0" hai0="115,23,82,107,15,47,77,134,60,3,102,48,28" hai1="113,10,75,128,69,45,131,135,111,67,124,112,11" hai2="104,129,89,93,32,53,133,72,95,21,114,105,25" hai3="37,87,71,49,27,22,16,38,59,119,66,41,85"/><T125/><D3/><U6/><E75/><V30/><F72/><W106/><G106/><T91/><D115/><N who="1" m="44107" /><E111/><V101/><F114/><W83/><G119/><T130/><D130/><N who="1" m="49707" /><E135/><V46/><F133/><W116/><G116/><T24/><D134/><U90/><E45/><V9/><F9/><W43/><G71/><T78/><D125/><U64/><E69/><V51/><F129/><W58/><G38/><T74/><D78/><U13/><E124/><V94/><F101/><W20/><G37/><T42/><D60/><U14/><E90/><V123/><F123/><W132/><G132/><T62/><D62/><U117/><E117/><V108/><F108/><W76/><G66/><T127/><D127/><U34/><E34/><V68/><F68/><W52/><G59/><T17/><D91/><U0/><E0/><V120/><F120/><W118/><G118/><T5/><D5/><AGARI ba="0,0" hai="5,6,10,11,13,14,64,67" m="49707,44107" machi="5" ten="30,3900,0" yaku="15,1,11,1,19,1" doraHai="80" who="1" fromWho="0" sc="253,-39,380,39,12,0,355,0" /><INIT seed="5,0,0,0,4,80" ten="214,419,12,355" oya="1" hai0="9,8,118,60,102,1,105,57,37,71,131,62,84" hai1="114,39,113,17,76,41,130,46,123,20,78,99,14" hai2="75,133,97,69,119,122,126,135,86,87,104,91,16" hai3="109,90,61,22,56,116,107,6,68,88,96,49,42"/><U66/><E123/><V120/><F119/><W52/><G109/><T95/><D118/><U63/><E130/><V73/><F69/><W132/><G116/><T44/><D71/><U77/><REACH who="1" step="1"/><E99/><REACH who="1" ten="214,409,12,355" step="2"/><V92/><F126/><W7/><G132/><N who="2" m="50761" /><F122/><W110/><G110/><T38/><D131/><U94/><E94/><V36/><F120/><W43/><G107/><T124/><D95/><U21/><E21/><V121/><F121/><W85/><G96/><T65/><D124/><U112/><E112/><V54/><F104/><W108/><G108/><T100/><D105/><U19/><E19/><V55/><F36/><W34/><G34/><T18/><D37/><U5/><E5/><V64/><F64/><W59/><G7/><T83/><D18/><U13/><E13/><V33/><F33/><W81/><G6/><T40/><D1/><U89/><E89/><V3/><F3/><W4/><G4/><T98/><D98/><U0/><E0/><V24/><F16/><W27/><G90/><T31/><D65/><U79/><N who="1" m="19456" /><DORA hai="111" /><U28/><E28/><V30/><F30/><N who="3" m="17783" /><G68/><AGARI ba="0,1" hai="14,17,20,39,41,46,63,66,68,113,114" m="19456" machi="68" ten="50,12000,1" yaku="1,1,52,2,53,1" doraHai="80,111" doraHaiUra="128,10" who="1" fromWho="3" sc="214,0,409,130,12,0,355,-120" /><INIT seed="5,1,0,0,4,48" ten="214,539,12,235" oya="1" hai0="24,113,78,99,125,83,10,14,104,84,30,127,6" hai1="7,17,60,81,120,62,35,61,112,109,0,52,9" hai2="34,16,64,50,21,92,74,63,76,22,102,49,75" hai3="121,36,19,26,108,110,95,130,2,85,66,69,57"/><U43/><E120/><V103/><F34/><W96/><G69/><T55/><D113/><U114/><E43/><V106/><F106/><W3/><G36/><T51/><D104/><U4/><E35/><V53/><F50/><W1/><G121/><T42/><D99/><U79/><E7/><V8/><F8/><W134/><G85/><T28/><D42/><U39/><E17/><V44/><F22/><W15/><G26/><T94/><D94/><U54/><E39/><V65/><F65/><W40/><G40/><T71/><D71/><U32/><E32/><V58/><F92/><W13/><G13/><T77/><D77/><U68/><E68/><V88/><F88/><W117/><G134/><T135/><D135/><U70/><E109/><V115/><F115/><N who="1" m="44073" /><E70/><V5/><F5/><W123/><G123/><T126/><REACH who="0" step="1"/><D24/><REACH who="0" ten="204,539,12,235" step="2"/><U27/><E27/><V129/><F129/><W122/><G130/><T82/><D82/><U12/><E0/><V118/><F118/><W59/><G117/><T98/><D98/><U101/><E101/><V124/><F124/><W23/><G122/><T132/><D132/><U116/><E116/><V31/><F76/><W41/><G41/><T56/><AGARI ba="1,1" hai="6,10,14,28,30,51,55,56,78,83,84,125,126,127" machi="56" ten="30,7900,0" yaku="1,1,0,1,18,1,52,1,53,0" doraHai="48" doraHaiUra="18" who="0" fromWho="0" sc="204,92,539,-40,12,-21,235,-21" owari="296,9.6,499,59.9,-9,-50.9,214,-18.6" /></mjloggm>