<mjloggm ver="2.3"><GO type="169" lobby="0"/><UN n0="%E8%8D%92%E6%9C%A8%E6%AF%94%E5%A5%88" n1="%E3%81%B5%E3%81%8B%E3%81%8C%E3%82%8F" n2="%E3%82%B3%E3%81%98%E3%81%95%E3%82%93%EF%BC%9F" n3="%E3%83%8F%E5%B4%8E%E7%9C%9F%E6%82%9F" dan="16,16,17,17" rate="2164.19,2057.63,2147.19,2232.49" sx="F,M,M,M"/><TAIKYOKU oya="0"/><INIT seed="0,0,0,2,0,72" ten="250,250,250,250" oya="0" hai0="118,132,7,79,126,128,48,49,41,0,14,133,131" hai1="77,115,75,120,109,117,76,67,64,85,52,37,108" hai2="116,53,60,25,63,42,58,31,62,65,11,98,122" hai3="47,82,80,70,100,134,35,78,40,86,101,74,89"/><T3/><D118/><U16/><E120/><V69/><F122/><W44/><G35/><T91/><D91/><U123/><E123/><V27/><F116/><W5/><G70/><T107/><D107/><U110/><E37/><V57/><F42/><W111/><G111/><T30/><D30/><U20/><E115/><V2/><F98/><W34/><G34/><T54/><D41/><U26/><E75/><V17/><F31/><W96/><G134/><N who="0" m="51819" /><D79/><N who="1" m="30283" /><E117/><V12/><REACH who="2" step="1"/><F2/><REACH who="2" ten="250,250,240,250" step="2"/><W33/><G96/><T73/><D3/><U81/><E52/><AGARI ba="0,1" hai="11,12,17,25,27,52,53,57,58,60,62,63,65,69" machi="52" ten="30,16000,3" yaku="1,1,2,1,7,1,9,1,54,1,53,3" doraHai="72" doraHaiUra="56" who="2" fromWho="1" sc="250,0,250,-160,240,170,250,0" /><INIT seed="1,0,0,0,0,102" ten="250,90,410,250" oya="1" hai0="124,122,41,132,37,133,128,67,88,134,30,51,121" hai1="114,6,58,116,83,108,31,90,4,65,129,57,46" hai2="1,24,112,105,49,50,84,36,69,73,20,78,8" hai3="42,25,47,45,131,19,75,32,89,52,94,92,40"/><U79/><E114/><V38/><F69/><W9/><G75/><T74/><D30/><U101/><E116/><V120/><F73/><W91/><G131/><T86/><D74/><U118/><E118/><V82/><F120/><N who="0" m="46186" /><D128/><U115/><E115/><V70/><F70/><W64/><G64/><T60/><D124/><U16/><E129/><V127/><F105/><W80/><G32/><T61/><D37/><U85/><E108/><V130/><F112/><W93/><G45/><N who="0" m="26031" /><D67/><U15/><E31/><V53/><F49/><N who="3" m="28735" /><G25/><T35/><D35/><U87/><E101/><V126/><F130/><W54/><G54/><T66/><D66/><U125/><E46/><V2/><F38/><W119/><G119/><T71/><D71/><U34/><E34/><V59/><F36/><W97/><G97/><T96/><D96/><U17/><E125/><N who="2" m="47627" /><F8/><W104/><G104/><T95/><AGARI ba="0,0" hai="60,61,86,88,95,132,133,134" m="26031,46186" machi="95" ten="40,5200,0" yaku="20,1,13,1,54,1" doraHai="102" who="0" fromWho="0" sc="250,52,90,-26,410,-13,250,-13" /><INIT seed="2,0,0,3,3,29" ten="302,64,397,237" oya="2" hai0="120,20,129,108,3,5,131,78,81,10,74,110,89" hai1="115,99,43,130,48,70,111,106,64,51,63,71,21" hai2="60,15,84,18,101,123,76,61,39,105,44,32,67" hai3="35,124,75,24,1,90,122,109,25,126,31,125,14"/><V52/><F123/><W135/><G75/><T91/><D120/><U92/><E106/><V56/><F32/><W97/><G122/><T49/><D49/><U80/><E115/><V7/><F7/><W132/><G90/><T41/><D41/><U11/><E111/><N who="0" m="42537" /><D20/><U53/><E130/><AGARI ba="0,0" hai="3,5,10,74,78,81,89,91,129,130,131" m="42537" machi="130" ten="30,2000,0" yaku="19,1,14,1" doraHai="29" who="0" fromWho="1" sc="302,20,64,-20,397,0,237,0" /><INIT seed="3,0,0,4,5,27" ten="322,44,397,237" oya="3" hai0="89,30,90,81,20,108,5,29,31,10,87,6,129" hai1="124,121,101,24,95,96,28,50,45,2,46,8,91" hai2="42,17,9,97,135,70,134,110,4,39,84,104,106" hai3="26,126,86,21,131,102,58,53,99,59,130,109,47"/><W119/><G119/><T43/><D108/><U15/><E124/><V83/><F110/><W133/><G109/><T3/><D129/><N who="3" m="49161" /><G126/><T64/><D64/><U65/><E121/><V123/><F70/><W118/><G118/><T62/><D62/><U48/><E2/><V120/><F17/><N who="3" m="12591" /><G86/><N who="0" m="50383" /><D3/><U12/><E65/><V18/><F18/><W32/><G32/><T51/><D20/><U52/><E101/><N who="2" m="62511" /><F106/><N who="3" m="63839" /><G133/><N who="2" m="50697" /><F42/><W132/><G132/><T73/><D73/><U128/><E8/><V79/><F39/><W57/><G47/><N who="0" m="26111" /><D10/><U103/><E103/><V37/><F37/><W72/><G72/><T122/><D122/><U127/><E127/><V78/><F79/><W107/><G107/><T34/><D34/><U68/><E128/><V111/><F111/><W100/><G100/><T93/><AGARI ba="0,0" hai="5,6,29,30,31,87,90,93" m="26111,50383" machi="93" ten="30,7900,0" yaku="8,1,52,3" doraHai="27" who="0" fromWho="0" sc="322,79,44,-20,397,-20,237,-39" /><INIT seed="4,0,0,0,5,82" ten="401,24,377,198" oya="0" hai0="55,92,46,133,4,27,65,112,106,97,90,84,2" hai1="41,28,99,1,107,86,70,68,60,7,6,57,71" hai2="119,5,45,94,19,18,25,110,120,127,43,128,26" hai3="100,64,117,8,51,66,80,116,59,52,103,102,3"/><T39/><D112/><U56/><E41/><V35/><F110/><W53/><G116/><T30/><D133/><U62/><E28/><V63/><F120/><W126/><G126/><T12/><D2/><U131/><E107/><V33/><F127/><W23/><G117/><T49/><D39/><U22/><E22/><V108/><F108/><W113/><G113/><T121/><D121/><U10/><E99/><V115/><F5/><W42/><G42/><T85/><D65/><U47/><E47/><V75/><F75/><W17/><G3/><T32/><REACH who="0" step="1"/><D106/><REACH who="0" ten="391,24,377,198" step="2"/><U96/><E131/><V11/><F115/><W48/><G64/><T79/><D79/><U9/><E96/><V0/><F0/><W101/><G66/><T72/><D72/><U130/><E130/><V91/><F128/><W34/><G103/><T14/><D14/><U73/><E73/><V67/><F67/><W58/><G102/><T104/><D104/><U118/><E118/><V124/><F119/><W40/><G101/><T111/><D111/><U13/><REACH who="1" step="1"/><E86/><REACH who="1" ten="391,14,377,198" step="2"/><V109/><F109/><W31/><G100/><T21/><D21/><U135/><E135/><V123/><F123/><W50/><G23/><T77/><D77/><U74/><E74/><V114/><F114/><W122/><G122/><T88/><D88/><U29/><E29/><V69/><F91/><W36/><G31/><T105/><D105/><U83/><E83/><V125/><F125/><W93/><G80/><T61/><D61/><AGARI ba="0,2" hai="1,6,7,9,10,13,56,57,60,61,62,68,70,71" machi="61" ten="40,1300,0" yaku="1,1,53,0" doraHai="82" doraHaiUra="15" who="1" fromWho="0" sc="391,-13,14,33,377,0,198,0" /><INIT seed="5,0,0,2,4,39" ten="378,47,377,198" oya="1" hai0="38,40,28,73,65,26,59,86,85,70,68,13,67" hai1="61,42,87,24,100,20,18,121,52,5,111,118,94" hai2="110,22,47,8,30,25,29,69,45,116,123,130,48" hai3="16,63,80,56,134,74,44,11,75,104,97,31,15"/><U72/><E118/><V91/><F110/><W126/><G134/><T55/><D73/><U92/><E121/><V54/><F116/><W6/><G126/><T71/><D13/><U37/><E72/><V1/><F123/><W10/><G31/><T35/><D65/><U122/><E122/><V114/><F69/><W46/><G104/><T99/><D99/><U106/><E111/><V127/><F127/><W84/><G97/><T32/><D32/><U79/><E106/><V108/><F108/><W107/><G107/><T112/><D112/><U109/><E109/><V105/><F30/><W101/><G101/><T66/><D67/><U82/><E5/><V102/><F91/><W133/><G133/><T41/><D66/><U81/><E81/><V50/><F130/><W17/><G75/><T119/><D119/><U113/><E113/><V43/><F114/><W131/><G131/><T0/><D0/><U88/><E100/><V98/><F8/><W2/><G17/><T53/><D53/><U76/><E94/><V103/><F103/><W14/><G2/><T77/><D38/><U115/><E115/><V78/><F78/><N who="1" m="29737" /><E82/><V95/><F1/><W7/><G7/><T125/><D125/><U83/><E83/><V64/><F105/><W89/><G74/><T135/><D135/><U4/><E4/><V19/><F64/><AGARI ba="0,0" hai="6,10,11,14,15,16,44,46,56,63,64,80,84,89" machi="64" ten="30,3900,0" yaku="7,1,8,1,54,1" doraHai="39" who="3" fromWho="2" sc="378,0,47,0,377,-39,198,39" /><INIT seed="6,0,0,5,1,77" ten="378,47,338,237" oya="2" hai0="36,58,118,98,116,81,103,122,79,48,97,75,52" hai1="92,66,55,46,31,8,110,42,100,90,39,82,5" hai2="74,47,43,126,86,23,35,130,54,134,60,127,120" hai3="32,114,59,128,95,83,4,124,119,69,72,24,68"/><V109/><F35/><W99/><G119/><N who="0" m="45611" /><D122/><U71/><E110/><V115/><F74/><W133/><G4/><T104/><D98/><U34/><E55/><V123/><F23/><W50/><G69/><T12/><D12/><U9/><E9/><V44/><F86/><W117/><G50/><T106/><D36/><U49/><E49/><N who="2" m="28967" /><F109/><W33/><G59/><T64/><D64/><U14/><E100/><V121/><F115/><W41/><G95/><AGARI ba="0,0" hai="48,52,58,75,79,81,95,97,103,104,106" m="45611" machi="95" ten="30,3900,0" yaku="12,1,52,1,54,1" doraHai="77" who="0" fromWho="3" sc="378,39,47,0,338,0,237,-39" /><INIT seed="7,0,0,2,2,41" ten="417,47,338,198" oya="3" hai0="103,93,128,29,4,53,131,77,45,8,62,66,130" hai1="31,83,46,28,35,92,40,17,19,102,124,54,50" hai2="111,3,119,87,86,59,1,48,14,118,49,107,56" hai3="69,60,63,88,22,23,105,116,16,5,112,7,80"/><W64/><G105/><T74/><D29/><U127/><E83/><V2/><F14/><W90/><G116/><T122/><D122/><U114/><E114/><V115/><F107/><W106/><G106/><T94/><D103/><U25/><E102/><V84/><F115/><W78/><G112/><T65/><D77/><U126/><E92/><N who="0" m="35433" /><D74/><U96/><E96/><V9/><F9/><W20/><G60/><T71/><D45/><U36/><REACH who="1" step="1"/><E31/><REACH who="1" ten="417,37,338,198" step="2"/><V15/><F111/><W47/><G90/><T85/><D85/><U58/><AGARI ba="0,1" hai="17,19,25,28,35,36,40,46,50,54,58,124,126,127" machi="58" ten="30,8000,1" yaku="1,1,2,1,0,1,18,1,52,1,53,0" doraHai="41" doraHaiUra="89" who="1" fromWho="1" sc="417,-20,37,90,338,-20,198,-40" owari="397,49.7,127,-37.3,318,11.8,158,-24.2" /></mjloggm>