<mjloggm ver="2.3"><GO type="169" lobby="0"/><UN n0="%43%2D%6D%69%6E%6F%72%E2%99%AA" n1="%E6%9E%95%E9%AD%9A" n2="%E3%81%86%E3%81%95%E3%81%BE%E3%82%8B%E6%9C%80%E9%AB%98%EF%BC%81%EF%BC%81" n3="%43%E3%82%A8%E3%83%BC%E3%82%B8%E3%82%A7%E3%83%B3%E3%83%88" dan="16,16,16,17" rate="2144.51,2102.50,2056.26,2198.63" sx="M,F,M,M"/><TAIKYOKU oya="0"/><INIT seed="0,0,0,1,5,30" ten="250,250,250,250" oya="0" hai0="128,34,70,20,88,50,119,25,112,78,29,10,86" hai1="24,17,93,19,107,2,125,41,80,94,127,131,133" hai2="9,56,73,77,87,54,65,72,130,47,123,32,129" hai3="4,51,55,38,44,53,82,118,83,124,60,6,116"/><T74/><D112/><U42/><E107/><V16/><F123/><W79/><G38/><T48/><D119/><U15/><E2/><V3/><F65/><W135/><G135/><T90/><D70/><U13/><E24/><V110/><F110/><W100/><G100/><T35/><D74/><U76/><E80/><V22/><F47/><W95/><G95/><T81/><D128/><U101/><E101/><V68/><F68/><W111/><G111/><T5/><D50/><U40/><E76/><V26/><F87/><W14/><G124/><N who="1" m="47690" /><E133/><V99/><F99/><W117/><G14/><N who="1" m="5130" /><E131/><N who="2" m="50187" /><F77/><W113/><G113/><T36/><D36/><U89/><E89/><V7/><F32/><W39/><G39/><T92/><D48/><AGARI ba="0,0" hai="3,7,9,16,22,26,48,54,56,72,73" m="50187" machi="48" ten="30,2000,0" yaku="19,1,54,1" doraHai="30" who="2" fromWho="0" sc="250,-20,250,0,250,20,250,0" /><INIT seed="1,0,0,5,4,34" ten="230,250,270,250" oya="1" hai0="59,120,56,80,30,51,72,114,36,111,133,33,50" hai1="8,28,82,44,130,89,53,55,85,23,32,99,24" hai2="54,125,132,46,71,101,117,27,41,84,78,128,43" hai3="9,129,73,98,75,74,87,123,61,31,39,66,18"/><U134/><E130/><V42/><F117/><W135/><G123/><T116/><D30/><U37/><E134/><V57/><F132/><W58/><G39/><T7/><D80/><U48/><E37/><V108/><F71/><W40/><G40/><T86/><D86/><U77/><E32/><V16/><F128/><W81/><G135/><T70/><D7/><U126/><E126/><V19/><F125/><W14/><G129/><T91/><D91/><U83/><E8/><V17/><F108/><W115/><G115/><T96/><D56/><U45/><E99/><V110/><F101/><W26/><G98/><T4/><D59/><U67/><E67/><V93/><F110/><W11/><G11/><T113/><D51/><U122/><E122/><V100/><F100/><W102/><G102/><T3/><D50/><U118/><E118/><V2/><F2/><W35/><REACH who="3" step="1"/><G75/><REACH who="3" ten="230,250,270,240" step="2"/><T22/><D96/><U90/><REACH who="1" step="1"/><E83/><REACH who="1" ten="230,240,270,240" step="2"/><V13/><F93/><W104/><G104/><T105/><D4/><U112/><E112/><V94/><F94/><W10/><G10/><T103/><D103/><U49/><AGARI ba="0,2" hai="23,24,28,44,45,48,49,53,55,77,82,85,89,90" machi="49" ten="30,11700,0" yaku="1,1,0,1,9,1,8,1,53,0" doraHai="34" doraHaiUra="131" who="1" fromWho="1" sc="230,-39,240,137,270,-39,240,-39" /><INIT seed="1,1,0,2,5,72" ten="191,377,231,201" oya="1" hai0="124,17,55,95,54,120,38,66,32,7,69,70,10" hai1="99,34,101,11,133,43,105,59,45,130,83,113,44" hai2="64,67,27,80,50,108,2,87,14,52,61,85,115" hai3="37,57,114,42,93,53,116,135,19,119,109,13,74"/><U3/><E113/><V76/><F2/><W110/><G74/><T128/><D32/><U98/><E130/><V134/><F115/><W91/><G114/><T71/><D17/><U26/><E133/><V118/><F118/><N who="3" m="45099" /><G42/><T117/><D117/><U0/><E98/><V62/><F134/><W6/><G6/><T48/><D128/><U29/><E11/><V102/><F102/><W18/><G37/><T33/><D33/><U78/><E44/><V107/><F107/><W103/><G103/><T20/><D20/><U39/><REACH who="1" step="1"/><E59/><REACH who="1" ten="191,367,231,201" step="2"/><V73/><F108/><N who="3" m="41579" /><G135/><T84/><D70/><U82/><E82/><V88/><F88/><W106/><BYE who="2" /><G106/><UN n2="%E3%81%86%E3%81%95%E3%81%BE%E3%82%8B%E6%9C%80%E9%AB%98%EF%BC%81%EF%BC%81" /><T5/><D69/><U68/><E68/><V49/><F80/><W30/><G30/><T79/><D71/><U36/><E36/><V122/><F67/><W92/><G13/><T4/><D66/><U81/><E81/><V28/><F14/><W132/><G132/><T121/><D38/><U126/><E126/><V25/><F64/><W104/><G104/><T96/><D124/><U58/><E58/><V125/><F125/><W24/><G24/><T97/><D97/><U9/><E9/><V60/><F28/><W129/><G129/><T77/><D96/><U46/><E46/><V23/><F25/><W16/><G93/><T131/><D95/><U112/><E112/><V94/><F94/><W35/><G92/><T47/><D131/><U123/><E123/><V22/><F122/><W8/><G8/><T12/><D121/><U86/><AGARI ba="1,1" hai="0,3,26,29,34,39,43,45,78,83,86,99,101,105" machi="86" ten="20,7800,0" yaku="1,1,0,1,7,1,52,1,53,0" doraHai="72" doraHaiUra="63" who="1" fromWho="1" sc="191,-27,367,91,231,-27,201,-27" /><INIT seed="1,2,0,4,3,7" ten="164,458,204,174" oya="1" hai0="57,91,72,122,114,4,50,21,120,118,1,68,135" hai1="119,24,40,86,28,75,124,51,37,56,121,109,53" hai2="12,92,93,78,23,105,110,116,130,88,81,13,5" hai3="52,83,64,10,54,49,117,73,45,8,126,104,62"/><U6/><E119/><V0/><F105/><W16/><G104/><T129/><D72/><U11/><E75/><V29/><F116/><W18/><G117/><T69/><D118/><U133/><E121/><N who="0" m="46697" /><D91/><U76/><E124/><V125/><F125/><W47/><G126/><T123/><D123/><U3/><E133/><V98/><F130/><W77/><G54/><T127/><D127/><U65/><E109/><V20/><F110/><W33/><G33/><T134/><D21/><U39/><E65/><V112/><F112/><W36/><G45/><T111/><D111/><U26/><E40/><V82/><F0/><W9/><REACH who="3" step="1"/><G36/><REACH who="3" ten="164,458,204,164" step="2"/><T2/><D135/><U128/><E128/><V132/><F132/><W101/><G101/><T97/><D134/><U94/><E37/><V34/><F34/><W22/><G22/><T43/><D129/><U131/><E39/><V44/><F20/><W100/><G100/><T102/><D102/><U108/><E131/><V15/><F44/><W96/><G96/><T27/><D97/><U74/><E108/><V80/><F23/><W42/><G42/><T87/><D43/><U14/><E53/><V48/><F29/><W99/><G99/><T89/><D114/><U103/><E103/><V17/><F98/><W115/><G115/><T31/><D31/><U113/><E113/><V60/><F78/><W58/><AGARI ba="2,1" hai="8,9,10,16,18,47,49,52,58,62,64,73,77,83" machi="58" ten="30,16000,3" yaku="1,1,0,1,52,3,54,2,53,1" doraHai="7" doraHaiUra="63" who="3" fromWho="3" sc="164,-42,458,-82,204,-42,164,176" /><INIT seed="2,0,0,3,4,75" ten="122,376,162,340" oya="2" hai0="80,4,44,42,18,128,126,23,41,5,74,113,20" hai1="98,83,72,19,26,106,69,25,86,11,125,109,87" hai2="13,46,96,3,59,17,58,88,34,115,134,90,111" hai3="30,60,31,53,133,117,130,21,2,6,89,67,105"/><V114/><F134/><W107/><G117/><T47/><D113/><U15/><E69/><V85/><F3/><W101/><G130/><T71/><D128/><U97/><E109/><V84/><F34/><W100/><G53/><T135/><D71/><U66/><E125/><V27/><F111/><W45/><G45/><T50/><D126/><U99/><E106/><V68/><F68/><W37/><G37/><T57/><D135/><U36/><E36/><V121/><F27/><W55/><G55/><T95/><D57/><U12/><E66/><V16/><F96/><W38/><G38/><T40/><D95/><U77/><E72/><V8/><F46/><W49/><G49/><T108/><D108/><U10/><REACH who="1" step="1"/><E87/><REACH who="1" ten="122,366,162,340" step="2"/><V63/><F115/><W131/><G67/><T22/><D42/><U73/><E73/><V92/><F114/><W28/><G105/><T102/><D74/><U24/><E24/><V82/><F121/><W48/><G107/><T52/><D41/><U103/><E103/><V70/><F70/><W7/><G100/><T61/><D102/><U56/><E56/><V81/><F63/><W76/><G60/><T43/><D43/><U93/><E93/><V1/><F92/><W62/><G62/><T127/><D127/><U110/><E110/><V65/><F65/><W119/><G101/><T123/><D123/><U122/><E122/><V33/><F33/><W132/><G132/><T29/><D61/><U129/><E129/><V91/><F84/><W9/><G133/><T51/><D40/><U64/><E64/><V104/><F85/><W112/><G131/><RYUUKYOKU ba="0,1" sc="122,-10,366,30,162,-10,340,-10" hai1="10,11,12,15,19,25,26,77,83,86,97,98,99" /><INIT seed="3,1,1,5,2,22" ten="112,396,152,330" oya="3" hai0="39,126,36,29,97,25,53,79,125,102,123,132,109" hai1="66,75,2,49,62,130,67,21,46,11,99,129,134" hai2="124,32,104,71,24,35,86,93,55,16,68,27,34" hai3="3,51,84,43,73,74,83,122,5,76,42,103,85"/><W88/><G122/><T41/><D123/><U131/><E75/><V50/><F104/><W110/><G103/><T63/><D79/><U1/><E134/><V106/><F106/><W10/><G110/><T7/><D7/><U33/><E33/><V19/><F124/><N who="0" m="47722" /><D109/><U87/><E99/><V72/><F72/><W120/><G120/><T114/><D132/><U89/><E21/><V59/><F93/><W30/><G30/><T111/><D111/><U48/><E48/><V70/><REACH who="2" step="1"/><F86/><REACH who="2" ten="112,396,142,330" step="2"/><W80/><REACH who="3" step="1"/><G42/><REACH who="3" ten="112,396,142,320" step="2"/><T52/><D41/><N who="1" m="24783" /><E131/><V40/><F40/><W133/><G133/><T45/><D114/><U90/><E130/><V37/><F37/><W65/><G65/><T112/><D112/><U61/><E67/><V108/><F108/><W128/><G128/><T119/><D36/><U20/><E66/><V18/><AGARI ba="1,3" hai="16,18,19,24,27,32,34,35,50,55,59,68,70,71" machi="18" ten="50,12000,2" yaku="1,1,0,1,29,2,52,2,54,1,53,0" doraHai="22" doraHaiUra="105" who="2" fromWho="2" sc="112,-31,396,-31,142,153,320,-61" /><INIT seed="4,0,0,0,3,51" ten="81,365,295,259" oya="0" hai0="123,69,125,134,126,86,33,101,31,4,8,104,67" hai1="73,94,42,92,26,44,81,7,103,40,100,74,43" hai2="34,116,2,20,56,90,131,129,63,82,11,60,71" hai3="10,111,98,135,110,1,96,54,121,3,32,114,64"/><T0/><D123/><U21/><E7/><V62/><F34/><W87/><G32/><T95/><D134/><U70/><E70/><V48/><F71/><W84/><G64/><T80/><D95/><U65/><E65/><V52/><F116/><W130/><G114/><T15/><D15/><U68/><E68/><V124/><F124/><N who="0" m="47722" /><D101/><U50/><E74/><V105/><F105/><W99/><G130/><N who="2" m="49673" /><F20/><W18/><G135/><T29/><D104/><U107/><E73/><V9/><F2/><W12/><G121/><T118/><D33/><U89/><E81/><V49/><F49/><W30/><G30/><T58/><D69/><U41/><E107/><V14/><F14/><W27/><G27/><T36/><D36/><U22/><E94/><V128/><F128/><W119/><G119/><T55/><D67/><U102/><E26/><V127/><F127/><W57/><G1/><T23/><D23/><U88/><E92/><V13/><F13/><W16/><G3/><T91/><D118/><U78/><E22/><V106/><F106/><W17/><G110/><T72/><D72/><U109/><E21/><V6/><F6/><N who="3" m="3159" /><G111/><T122/><D122/><U45/><E109/><V46/><F9/><W59/><G59/><T133/><D133/><U66/><E66/><N who="2" m="39175" /><F11/><W38/><G38/><T112/><D112/><U79/><E45/><V24/><F24/><W85/><G57/><T117/><D117/><U25/><E25/><V35/><F35/><W83/><G83/><T19/><D19/><U39/><E39/><V97/><F82/><W93/><G93/><AGARI ba="0,0" hai="46,48,52,62,63,90,93,97" m="39175,49673" machi="93" ten="30,3900,0" yaku="19,1,52,1,54,1" doraHai="51" who="2" fromWho="3" sc="81,0,365,0,295,39,259,-39" /><INIT seed="5,0,0,3,0,34" ten="81,365,334,220" oya="1" hai0="74,105,123,12,75,24,33,92,9,62,2,129,89" hai1="61,6,56,46,14,11,40,28,84,54,106,49,109" hai2="17,114,90,83,15,4,112,107,60,53,41,64,16" hai3="88,100,7,25,37,52,121,59,51,79,81,47,18"/><U8/><E106/><V130/><F107/><W50/><G121/><T21/><D129/><U38/><E109/><V57/><F130/><W44/><G100/><T82/><D123/><U85/><E28/><V39/><F41/><W115/><G115/><N who="2" m="44073" /><F39/><W116/><G116/><T99/><D105/><U80/><E80/><V31/><F31/><W29/><G7/><T42/><D33/><U63/><E63/><V133/><F133/><W76/><G18/><T1/><D42/><U101/><E101/><V32/><F32/><W94/><G37/><T97/><D97/><U134/><E134/><V122/><F122/><W86/><G51/><T55/><D21/><U3/><REACH who="1" step="1"/><E38/><REACH who="1" ten="81,355,334,220" step="2"/><V35/><F83/><W48/><G48/><T119/><D119/><U77/><E77/><V73/><F90/><W23/><REACH who="3" step="1"/><G79/><REACH who="3" ten="81,355,334,210" step="2"/><T0/><D62/><U19/><AGARI ba="0,2" hai="3,6,8,11,14,19,40,46,49,54,56,61,84,85" machi="19" ten="20,7800,0" yaku="1,1,0,1,7,1,52,1,53,0" doraHai="34" doraHaiUra="104" who="1" fromWho="1" sc="81,-26,355,98,334,-26,210,-26" /><INIT seed="5,1,0,4,5,26" ten="55,453,308,184" oya="1" hai0="95,34,74,109,18,104,52,105,117,30,36,69,8" hai1="54,80,72,42,28,56,23,14,79,5,65,118,47" hai2="110,75,125,81,66,37,135,17,92,25,32,120,128" hai3="16,126,4,27,67,97,96,84,94,129,68,19,10"/><U76/><E118/><V83/><F120/><W124/><G129/><T70/><D109/><U9/><E76/><V3/><F110/><W38/><G38/><T115/><D117/><U0/><E65/><V55/><F37/><W134/><G134/><T112/><D36/><U11/><E23/><V50/><F3/><W103/><G97/><T44/><D95/><U60/><E28/><V106/><F106/><N who="0" m="41066" /><D18/><U90/><E90/><V91/><F66/><W123/><G123/><T78/><D8/><U119/><E119/><V43/><F128/><W99/><G99/><T61/><D44/><U71/><E71/><N who="0" m="27145" /><D52/><U107/><E107/><V57/><F43/><W111/><G84/><T20/><D20/><U13/><E11/><V98/><F17/><W101/><G101/><T1/><D61/><U46/><E46/><V15/><F83/><W2/><G111/><T59/><D59/><U102/><E102/><V89/><F57/><W29/><G67/><T127/><D1/><U121/><E121/><V131/><F89/><W40/><G40/><T31/><D127/><N who="3" m="48681" /><G68/><T58/><D58/><U113/><E47/><V114/><F125/><W33/><AGARI ba="1,0" hai="2,4,10,16,19,27,29,33,94,96,103" m="48681" machi="33" ten="30,4000,0" yaku="18,1,52,1,54,1" doraHai="26" who="3" fromWho="3" sc="55,-11,453,-21,308,-11,184,43" /><INIT seed="6,0,0,4,5,111" ten="44,432,297,227" oya="2" hai0="61,115,67,109,128,82,114,116,107,99,72,29,74" hai1="96,39,80,24,62,41,112,76,13,58,103,36,20" hai2="81,31,70,17,87,117,78,84,60,57,53,75,64" hai3="113,130,79,120,16,68,92,11,40,30,2,129,88"/><V12/><F117/><W131/><G68/><T108/><D29/><U119/><E112/><N who="0" m="43049" /><D61/><U97/><E13/><V106/><F106/><W77/><G120/><T19/><D19/><U23/><E23/><V37/><F37/><W51/><G30/><T56/><D67/><U93/><E97/><V15/><F31/><W98/><G113/><T122/><D56/><U89/><E89/><V86/><REACH who="2" step="1"/><F17/><REACH who="2" ten="44,432,287,227" step="2"/><W101/><G16/><T85/><D128/><U18/><E119/><V55/><F55/><W45/><REACH who="3" step="1"/><G101/><REACH who="3" ten="44,432,287,217" step="2"/><N who="0" m="62911" /><D116/><U22/><E18/><V105/><F105/><W21/><G21/><T32/><D122/><U33/><E22/><V3/><F3/><W95/><G95/><T73/><D32/><U126/><E33/><V10/><F10/><W102/><G102/><T42/><D42/><U132/><E103/><V9/><F9/><W47/><G47/><T34/><D34/><U38/><E41/><V65/><F65/><W100/><G100/><T134/><D134/><U90/><E132/><V5/><F5/><AGARI ba="0,2" hai="2,5,11,40,45,51,77,79,88,92,98,129,130,131" machi="5" ten="40,5200,0" yaku="1,1,19,1,54,1,53,0" doraHai="111" doraHaiUra="83" who="3" fromWho="2" sc="44,0,432,0,287,-52,217,72" /><INIT seed="7,0,0,2,1,95" ten="44,432,235,289" oya="3" hai0="111,65,29,3,14,63,110,12,2,30,101,19,116" hai1="87,15,50,47,21,90,42,76,92,109,82,121,45" hai2="89,79,99,117,124,125,115,68,33,24,73,8,66" hai3="133,102,55,25,70,0,126,71,54,77,46,120,58"/><W75/><G0/><T10/><D101/><U128/><E109/><V23/><F117/><W16/><G120/><T41/><D41/><U11/><E121/><V18/><F115/><W91/><G133/><T98/><D63/><U38/><E21/><V26/><F8/><W106/><G126/><T9/><D65/><U62/><E62/><V74/><F66/><W104/><G91/><T64/><D64/><U131/><E47/><V20/><F79/><W69/><G46/><T37/><D37/><U32/><E32/><V84/><F33/><W85/><G75/><T52/><D116/><U72/><REACH who="1" step="1"/><E38/><REACH who="1" ten="44,422,235,289" step="2"/><V130/><F68/><W31/><G69/><T88/><D19/><AGARI ba="0,1" hai="11,15,19,42,45,50,72,76,82,87,90,92,128,131" machi="19" ten="40,8000,1" yaku="1,1,2,1,53,2" doraHai="95" doraHaiUra="127" who="1" fromWho="0" sc="44,-80,422,90,235,0,289,0" owari="-36,-53.6,512,61.2,235,-16.5,289,8.9" /></mjloggm>