<mjloggm ver="2.3"><GO type="169" lobby="0"/><UN n0="%E3%83%A2%E3%82%A4%E3%83%92%E3%83%A3%E3%83%B3" n1="%73%68%61%79%65" n2="%41%4C%50%45%52%49%4E" n3="%E7%AB%8B%E7%9B%B4%E5%BE%8C%E5%8D%B3%E6%94%BE%E9%8A%83" dan="17,17,16,17" rate="2142.61,2153.54,2160.08,2132.28" sx="M,M,M,F"/><TAIKYOKU oya="0"/><INIT seed="0,0,0,0,0,95" ten="250,250,250,250" oya="0" hai0="38,86,134,106,111,76,6,11,88,96,98,57,74" hai1="132,107,66,33,67,103,51,128,79,60,121,100,82" hai2="50,64,47,7,71,120,84,49,14,70,135,131,13" hai3="5,99,22,80,61,59,102,56,18,113,35,15,52"/><T122/><D122/><U73/><E121/><V0/><F120/><W115/><G35/><T63/><D38/><U91/><E128/><V48/><F131/><W112/><G5/><T34/><D34/><U2/><E33/><V12/><F135/><W17/><G80/><T36/><D36/><U25/><E2/><V118/><F118/><W4/><G4/><T65/><D106/><U114/><E132/><V31/><F31/><W43/><G43/><T23/><D134/><U117/><E117/><V87/><F47/><W110/><G110/><T94/><D111/><U104/><E25/><V125/><F64/><W92/><G112/><T90/><D74/><U46/><E91/><V93/><F93/><W27/><REACH who="3" step="1"/><G59/><REACH who="3" ten="250,250,250,240" step="2"/><T133/><D133/><U9/><E114/><V116/><F116/><W124/><G124/><T129/><D129/><U10/><E82/><V29/><F125/><W123/><G123/><T130/><D130/><U97/><E73/><V127/><F127/><W77/><G77/><T81/><D23/><AGARI ba="0,1" hai="15,17,18,22,23,27,52,56,61,92,99,102,113,115" machi="23" ten="30,7700,0" yaku="1,1,7,1,52,1,54,1,53,0" doraHai="95" doraHaiUra="101" who="3" fromWho="0" sc="250,-77,250,0,250,0,240,87" /><INIT seed="1,0,0,2,4,24" ten="173,250,250,327" oya="1" hai0="1,58,129,17,41,38,59,29,55,32,85,54,26" hai1="102,28,131,74,126,13,11,18,111,21,98,86,90" hai2="8,95,19,73,23,92,9,122,108,101,123,100,49" hai3="135,87,3,63,105,130,112,0,45,132,91,121,115"/><U30/><E126/><V94/><F73/><W16/><G130/><T68/><D68/><U76/><E131/><V4/><F108/><W75/><G75/><T37/><D129/><U72/><E72/><V107/><F107/><W2/><G121/><T66/><D66/><U69/><E69/><V31/><F123/><W47/><G105/><T57/><D1/><U118/><E118/><V114/><F114/><W50/><G63/><T40/><D17/><U12/><E74/><V81/><F81/><N who="3" m="49647" /><G16/><T79/><D38/><U35/><E35/><V134/><F134/><N who="3" m="51243" /><G45/><T42/><REACH who="0" step="1"/><D37/><REACH who="0" ten="163,250,250,327" step="2"/><U44/><E111/><V53/><F19/><W61/><G0/><T67/><D67/><U88/><E11/><V52/><F8/><W46/><G3/><T14/><D14/><U106/><E12/><V89/><F9/><W78/><G2/><T96/><D96/><U77/><E13/><V103/><F4/><W71/><G71/><T65/><D65/><U133/><E18/><V125/><F122/><W10/><G10/><T7/><D7/><U56/><E133/><V84/><F125/><W80/><G112/><T110/><D110/><U60/><E98/><V15/><F15/><W64/><G64/><T62/><D62/><U82/><E60/><V117/><F117/><W27/><G61/><T97/><D97/><U39/><E39/><V83/><F49/><W25/><G50/><T124/><D124/><U20/><E86/><V120/><F120/><W22/><G115/><T70/><D70/><U43/><E43/><V99/><F99/><W127/><G127/><T33/><D33/><RYUUKYOKU ba="0,1" sc="163,15,250,-15,250,15,327,-15" hai0="26,29,32,40,41,42,54,55,57,58,59,79,85" hai2="23,31,52,53,83,84,89,92,94,95,100,101,103" /><INIT seed="2,1,1,4,3,13" ten="178,235,265,312" oya="2" hai0="107,119,104,89,22,51,93,43,85,117,70,25,15" hai1="134,96,127,23,38,125,133,60,131,95,1,73,63" hai2="11,81,31,69,75,61,10,86,37,12,90,66,88" hai3="32,18,0,126,124,111,98,7,47,40,4,27,3"/><V79/><F37/><W120/><G120/><T78/><D70/><U128/><E73/><V116/><F116/><N who="0" m="44618" /><D78/><U65/><E1/><N who="3" m="586" /><G47/><N who="0" m="26111" /><D15/><U122/><E38/><V41/><F41/><W2/><G40/><T114/><D114/><U19/><E122/><V103/><F31/><AGARI ba="1,1" hai="22,25,31,85,89,93,104,107" m="26111,44618" machi="31" ten="30,1000,0" yaku="12,1" doraHai="13" who="0" fromWho="2" sc="178,23,235,0,265,-13,312,0" /><INIT seed="3,0,0,5,1,26" ten="201,235,252,312" oya="3" hai0="33,31,128,28,47,65,115,118,126,15,50,103,107" hai1="16,72,39,90,23,124,66,34,113,25,122,8,129" hai2="132,120,104,108,97,29,71,96,35,10,0,3,131" hai3="45,99,61,86,70,17,88,121,116,59,36,24,18"/><W79/><G116/><T21/><D118/><U110/><E113/><V111/><F71/><W9/><G121/><T19/><D115/><U73/><E122/><V130/><F97/><W89/><G70/><T82/><D128/><N who="2" m="49194" /><F120/><W46/><G36/><T49/><D126/><U11/><E129/><V30/><F35/><W117/><G117/><T119/><D119/><U67/><E39/><V41/><F41/><W133/><G133/><T64/><D33/><U134/><E34/><V135/><F96/><W81/><G18/><T102/><D107/><U63/><E134/><N who="2" m="51243" /><F104/><W98/><G98/><T68/><D68/><U38/><E38/><V1/><F10/><W43/><G43/><N who="0" m="24831" /><D82/><U4/><E8/><V48/><F48/><W44/><G99/><T62/><D50/><U80/><E11/><V101/><F101/><N who="0" m="38410" /><D62/><U127/><E63/><V14/><F14/><N who="3" m="7375" /><G24/><T92/><D92/><U58/><E25/><V91/><F91/><W57/><G61/><T100/><N who="0" m="38418" /><T78/><DORA hai="56" /><D78/><U51/><E90/><AGARI ba="0,0" hai="44,45,46,57,59,79,81,86,88,89,90" m="7375" machi="90" ten="30,2900,0" yaku="8,1,54,1" doraHai="26,56" who="3" fromWho="1" sc="201,0,235,-29,252,0,312,29" /><INIT seed="3,1,0,3,5,11" ten="201,206,252,341" oya="3" hai0="16,111,99,35,62,66,3,36,80,135,82,50,19" hai1="22,126,115,104,31,43,15,20,23,29,95,102,8" hai2="30,6,45,124,9,96,27,12,133,72,17,128,56" hai3="123,118,130,90,121,92,41,48,63,98,79,120,13"/><W109/><G118/><T87/><D36/><U61/><E115/><V46/><F72/><W94/><G130/><T101/><D3/><U84/><E104/><V67/><F124/><W83/><G109/><T37/><D37/><U86/><E126/><V53/><F133/><W129/><G129/><T4/><D35/><U122/><E122/><V32/><F128/><W60/><G94/><T5/><D111/><U64/><E43/><V113/><F113/><W131/><G131/><T73/><D50/><U108/><E108/><V7/><F67/><W58/><G13/><T51/><D51/><U106/><E106/><V77/><F77/><W105/><G105/><T89/><D135/><U117/><E117/><V91/><F91/><W88/><G90/><T47/><D47/><U55/><E55/><V38/><F96/><W93/><G93/><N who="0" m="58607" /><D80/><U116/><E116/><V57/><F57/><W74/><REACH who="3" step="1"/><G58/><REACH who="3" ten="201,206,252,331" step="2"/><N who="0" m="37207" /><D73/><U107/><E107/><V54/><F56/><W100/><G100/><T78/><D89/><U103/><E103/><V25/><F45/><AGARI ba="1,1" hai="41,45,48,60,63,74,79,83,88,92,98,120,121,123" machi="45" ten="40,7700,0" yaku="1,1,54,1,53,1" doraHai="11" doraHaiUra="40" who="3" fromWho="2" sc="201,0,206,0,252,-80,331,90" /><INIT seed="3,2,0,4,0,36" ten="201,206,172,421" oya="3" hai0="114,103,15,80,124,37,33,111,93,52,102,78,4" hai1="65,64,79,117,9,10,55,87,3,44,31,81,95" hai2="135,47,109,19,16,32,18,17,94,56,118,24,73" hai3="75,43,112,39,28,42,0,128,40,35,82,83,13"/><W60/><G112/><T86/><D114/><U110/><E110/><V99/><F118/><W71/><G39/><T100/><D33/><U1/><E117/><V119/><F119/><W113/><G113/><T96/><D37/><U50/><E31/><V134/><F73/><W127/><G0/><T30/><D111/><U8/><E3/><V58/><F109/><W34/><G128/><T131/><D30/><U67/><E1/><V11/><F32/><W27/><G127/><T46/><D131/><U77/><REACH who="1" step="1"/><E95/><REACH who="1" ten="201,196,172,421" step="2"/><V25/><F11/><W29/><G29/><T125/><D125/><U62/><E62/><V76/><F25/><W69/><G60/><T68/><D124/><U49/><E49/><V48/><F24/><W72/><G34/><T107/><D107/><U14/><E14/><V129/><F129/><W26/><G13/><T53/><D15/><U59/><E59/><V116/><F116/><W122/><G26/><T91/><D68/><U74/><E74/><V101/><N who="2" m="4096" /><DORA hai="105" /><V57/><REACH who="2" step="1"/><F76/><AGARI ba="2,1" hai="8,9,10,44,50,55,64,65,67,76,77,79,81,87" machi="76" ten="40,8000,1" yaku="1,1,8,1,53,2" doraHai="36,105" doraHaiUra="41,45" who="1" fromWho="2" sc="201,0,196,96,172,-86,421,0" /><INIT seed="4,0,0,0,3,131" ten="201,292,86,421" oya="0" hai0="41,24,18,5,124,91,68,9,11,105,61,25,71" hai1="88,1,37,121,44,7,134,130,76,87,48,57,97" hai2="30,28,100,128,54,49,108,27,59,112,129,29,122" hai3="117,85,132,109,50,123,90,62,39,17,127,118,114"/><T83/><D124/><U98/><E121/><V73/><F122/><W70/><G123/><T116/><D116/><N who="3" m="44649" /><G17/><T94/><D105/><U65/><E130/><N who="2" m="50283" /><F108/><W82/><G90/><T77/><D41/><U35/><E35/><N who="2" m="20895" /><F73/><W23/><G85/><T78/><D78/><U126/><E37/><V12/><F112/><W31/><G23/><T72/><D11/><U119/><E126/><V99/><F12/><W8/><G31/><T96/><D18/><U34/><E34/><V75/><F75/><W60/><G82/><T74/><D74/><U14/><E14/><V2/><F2/><W43/><G8/><T95/><D95/><AGARI ba="0,0" hai="29,30,49,54,59,95,99,100" m="20895,50283" machi="95" ten="30,1000,0" yaku="19,1" doraHai="131" who="2" fromWho="0" sc="201,-10,292,0,86,10,421,0" /><INIT seed="5,0,0,2,2,117" ten="191,292,96,421" oya="1" hai0="14,26,44,36,82,100,93,29,101,77,104,48,13" hai1="103,110,53,8,125,3,15,111,30,135,91,76,32" hai2="1,129,121,130,31,115,61,54,47,69,66,74,34" hai3="46,17,7,108,116,16,68,40,86,88,89,63,4"/><U119/><E119/><V6/><F74/><W23/><G108/><N who="1" m="41514" /><E125/><V124/><F124/><W128/><G116/><T28/><D36/><U123/><E103/><V109/><F109/><W35/><G35/><T49/><D104/><U38/><E38/><V19/><F19/><W37/><G128/><N who="2" m="49257" /><F54/><W71/><G17/><T27/><D82/><U0/><E76/><V18/><F18/><W67/><G71/><T57/><D77/><U79/><E79/><V134/><F47/><W64/><G64/><T12/><D57/><U98/><E53/><V24/><F134/><W10/><G10/><T118/><D118/><U33/><E135/><V78/><F78/><W80/><G89/><T132/><D132/><U133/><E133/><V95/><F95/><W39/><G39/><T102/><D93/><N who="1" m="56639" /><E30/><N who="0" m="11881" /><D44/><U87/><E87/><V25/><F25/><AGARI ba="0,0" hai="4,7,16,23,25,37,40,46,63,67,68,80,86,88" machi="25" ten="30,3900,0" yaku="7,1,54,2" doraHai="117" who="3" fromWho="2" sc="191,0,292,0,96,-39,421,39" /><AGARI ba="0,0" hai="12,13,14,25,26,27,48,49,100,101,102" m="11881" machi="25" ten="40,5200,0" yaku="28,2,8,1" doraHai="117" who="0" fromWho="2" sc="191,52,292,0,57,-52,460,0" /><INIT seed="6,0,0,3,0,57" ten="243,292,5,460" oya="2" hai0="40,102,128,62,36,95,84,131,21,120,134,91,30" hai1="52,113,78,110,74,5,88,100,20,22,71,133,121" hai2="98,97,99,39,118,44,38,111,117,85,56,104,41" hai3="51,58,11,17,81,4,14,49,15,132,6,35,55"/><V70/><F70/><W73/><G35/><T60/><D120/><U94/><E110/><V3/><F104/><W92/><G132/><T103/><D134/><U75/><E71/><V82/><F3/><W64/><G73/><T105/><D36/><U25/><E133/><V126/><F111/><W27/><G81/><T79/><D40/><U2/><E113/><V47/><F126/><W108/><G108/><T83/><D30/><U115/><E115/><V18/><F18/><W124/><G124/><T63/><D21/><U119/><E100/><V135/><F135/><W37/><G37/><T59/><D59/><U42/><E42/><V101/><F101/><W76/><G76/><T13/><D13/><U34/><E34/><V89/><F56/><W80/><G80/><T48/><D48/><U9/><E119/><V86/><F86/><W33/><G33/><T45/><D45/><U66/><E66/><V10/><F10/><W87/><G64/><T129/><D105/><U53/><E22/><V69/><F69/><W12/><G51/><T125/><D125/><U19/><E121/><V28/><F28/><W130/><G130/><T54/><D54/><U127/><E127/><V16/><F16/><W24/><G4/><T106/><D106/><U7/><E7/><V112/><F112/><W107/><G107/><T43/><D43/><AGARI ba="0,0" hai="38,39,41,43,44,47,82,85,89,97,98,99,117,118" machi="43" ten="40,2000,0" yaku="9,1" doraHai="57" who="2" fromWho="0" sc="243,-20,292,0,5,20,460,0" /><INIT seed="6,1,0,5,3,5" ten="223,292,25,460" oya="2" hai0="127,88,96,123,14,105,101,38,62,27,23,70,79" hai1="48,53,22,92,113,119,58,26,132,20,110,98,35" hai2="19,45,28,29,89,10,102,0,100,135,66,112,3" hai3="33,69,80,44,34,107,116,99,39,114,6,16,8"/><V95/><F112/><W93/><G116/><T30/><D38/><U61/><E110/><V121/><F121/><W63/><G114/><T21/><D123/><U128/><E132/><V50/><F135/><W126/><G126/><T104/><D127/><U122/><E128/><V47/><F66/><N who="3" m="41183" /><G16/><T68/><D79/><U97/><E113/><V86/><F0/><N who="3" m="71" /><G93/><T43/><D43/><U37/><E37/><V120/><F120/><W124/><G80/><T73/><D73/><U9/><E119/><V103/><F3/><W94/><G94/><T32/><D105/><U57/><E35/><V25/><F47/><W111/><G111/><T75/><D75/><U4/><E122/><V55/><REACH who="2" step="1"/><F25/><REACH who="2" ten="223,292,15,460" step="2"/><W117/><G124/><T109/><D109/><U76/><E26/><V1/><F1/><W81/><G117/><T60/><D27/><U84/><E98/><V40/><F40/><N who="3" m="22559" /><G81/><T24/><D96/><U2/><E97/><V130/><F130/><W91/><G91/><T7/><D101/><AGARI ba="1,1" hai="33,34,99,101,107" m="22559,71,41183" machi="101" ten="30,3900,0" yaku="33,2,52,1" doraHai="5" who="3" fromWho="0" sc="223,-42,292,0,15,0,460,52" /><INIT seed="7,0,0,4,4,29" ten="181,292,15,512" oya="3" hai0="95,52,55,132,90,39,24,129,45,103,64,67,50" hai1="7,98,122,36,111,68,20,1,6,44,53,127,77" hai2="125,80,126,108,33,92,93,62,47,21,104,102,109" hai3="107,121,113,116,71,18,37,81,40,79,57,46,119"/><W63/><G107/><T66/><D132/><U100/><E111/><V23/><F47/><W43/><G18/><T110/><D110/><U69/><E127/><V85/><F62/><W4/><G4/><T38/><D129/><U11/><E122/><V84/><F80/><W131/><G81/><T75/><D75/><U101/><E7/><V54/><F54/><W30/><G30/><T9/><D39/><U5/><E5/><V133/><F104/><W83/><G83/><T8/><D38/><U3/><E3/><V72/><F72/><W118/><G79/><T51/><D24/><U59/><E20/><V94/><F94/><W96/><G96/><T87/><REACH who="0" step="1"/><D103/><REACH who="0" ten="171,292,15,512" step="2"/><U32/><E101/><V56/><F102/><W123/><G131/><T0/><D0/><U117/><E1/><V105/><F105/><W78/><G78/><T58/><AGARI ba="0,1" hai="8,9,45,50,51,52,55,58,64,66,67,87,90,95" machi="58" ten="30,12000,2" yaku="1,1,0,1,8,1,54,1,53,3" doraHai="29" doraHaiUra="60" who="0" fromWho="0" sc="171,130,292,-30,15,-30,512,-60" owari="301,10.1,262,-13.8,-15,-51.5,452,55.2" /></mjloggm>