<mjloggm ver="2.3"><GO type="169" lobby="0"/><UN n0="%E4%B8%8B%E9%AB%98%E5%A4%AA%E9%83%8E" n1="%E3%81%AA%E3%81%BE%E3%81%91%E8%80%85" n2="%E8%BE%9B%E5%8F%A3%E3%82%AB%E3%83%AC%E3%83%BC%E3%83%A9%E3%82%A4%E3%82%B9" n3="%6B%61%74%65%72%69%6E%61" dan="16,16,16,17" rate="2116.55,2077.50,2123.02,2177.33" sx="M,M,M,M"/><TAIKYOKU oya="0"/><INIT seed="0,0,0,4,3,14" ten="250,250,250,250" oya="0" hai0="96,27,118,12,56,59,21,0,42,13,77,70,58" hai1="50,44,30,103,107,3,114,80,47,23,87,63,19" hai2="51,28,40,73,121,111,85,36,88,65,95,53,34" hai3="128,100,81,104,89,129,74,134,72,125,123,90,17"/><T31/><D118/><U78/><E3/><V38/><F121/><W98/><G123/><T46/><D0/><U20/><E114/><V126/><F73/><N who="3" m="28267" /><G17/><T45/><D77/><U41/><E107/><V6/><F111/><W4/><G4/><T119/><D119/><U32/><E103/><V55/><F126/><W120/><G120/><T29/><D70/><U91/><E32/><V122/><F122/><W84/><G125/><T68/><D68/><U43/><E63/><V127/><F127/><W113/><G113/><T75/><D75/><U115/><E115/><V124/><F124/><W15/><G15/><N who="0" m="5707" /><D96/><U109/><E109/><V92/><F6/><W86/><G134/><T16/><D42/><U54/><E30/><AGARI ba="0,0" hai="16,21,27,29,30,31,45,46,56,58,59" m="5707" machi="30" ten="30,5800,0" yaku="8,1,52,1,54,1" doraHai="14" who="0" fromWho="1" sc="250,58,250,-58,250,0,250,0" /><INIT seed="0,1,0,3,0,9" ten="308,192,250,250" oya="0" hai0="117,107,47,2,59,104,42,20,41,93,134,45,122" hai1="34,16,70,99,17,21,102,88,129,78,130,14,121" hai2="4,7,87,10,57,0,79,133,5,75,125,63,24" hai3="22,3,35,73,101,80,127,31,29,13,1,60,36"/><T100/><D117/><U50/><E34/><V124/><F75/><W8/><G36/><T106/><D2/><U94/><E121/><V25/><F79/><W90/><G127/><N who="2" m="48713" /><F87/><W82/><G101/><T38/><D134/><U33/><E33/><V51/><F51/><W81/><G73/><T128/><D128/><N who="1" m="49259" /><E78/><V65/><F133/><W19/><G35/><T32/><D32/><U96/><E50/><V62/><F62/><W37/><G37/><T135/><D135/><U108/><E108/><V105/><F105/><W74/><G74/><T120/><D59/><U116/><E116/><V49/><F49/><W30/><G90/><T131/><D131/><U98/><E70/><V86/><F86/><W39/><G39/><T71/><D71/><U69/><E69/><V53/><F53/><W66/><REACH who="3" step="1"/><G22/><REACH who="3" ten="308,192,250,240" step="2"/><T43/><D38/><U84/><E17/><V54/><F65/><W109/><G109/><T91/><D100/><AGARI ba="1,1" hai="14,16,21,84,88,94,96,98,99,100,102" m="49259" machi="100" ten="30,7700,0" yaku="19,1,52,1,54,2" doraHai="9" who="1" fromWho="0" sc="308,-80,192,90,250,0,240,0" /><INIT seed="1,0,0,0,1,91" ten="228,282,250,240" oya="1" hai0="83,109,17,57,69,87,98,112,5,117,33,20,28" hai1="74,30,39,51,14,123,55,92,11,70,94,79,93" hai2="101,3,73,50,56,107,0,18,114,48,67,40,6" hai3="102,13,65,104,34,89,88,106,135,124,81,61,118"/><U36/><E123/><V120/><F120/><W23/><G34/><T108/><D69/><U58/><E70/><V85/><F73/><W99/><G106/><T41/><D112/><U68/><E68/><V80/><F114/><W4/><G135/><T62/><D117/><U66/><E66/><V131/><F131/><W16/><G118/><T60/><D5/><U15/><E30/><V116/><F116/><W122/><G122/><T32/><D41/><U24/><E24/><V37/><F37/><W25/><G124/><T22/><D28/><U52/><E15/><V97/><F18/><W21/><G81/><T119/><D119/><U10/><E10/><V1/><F6/><W42/><G42/><T84/><D17/><U7/><E79/><V134/><F134/><W46/><G46/><T115/><D115/><U111/><E74/><V105/><F105/><W44/><G44/><T132/><D57/><U71/><E71/><V9/><F9/><W63/><G63/><T72/><D72/><U45/><REACH who="1" step="1"/><E111/><REACH who="1" ten="228,272,250,240" step="2"/><V121/><F121/><W8/><G23/><T76/><D76/><U77/><E77/><V86/><F67/><W125/><G125/><T38/><D132/><U90/><E90/><V43/><F3/><W129/><G129/><T19/><D22/><U29/><E29/><V110/><F1/><W113/><G113/><T100/><D33/><U35/><E35/><V59/><F0/><W75/><G75/><T54/><D32/><U26/><E26/><V96/><F110/><W126/><G126/><T133/><D109/><U2/><E2/><V27/><F27/><RYUUKYOKU ba="0,1" sc="228,-15,272,15,250,-15,240,15" hai1="7,11,14,36,39,45,51,52,55,58,92,93,94" hai3="4,8,13,16,21,25,61,65,88,89,99,102,104" /><INIT seed="1,1,1,0,5,72" ten="213,287,235,255" oya="1" hai0="19,44,47,83,1,64,108,15,30,37,120,124,40" hai1="89,133,65,84,20,10,32,63,111,77,70,113,43" hai2="54,118,66,6,36,130,79,135,3,75,96,119,93" hai3="115,34,125,38,81,74,103,95,114,87,80,106,94"/><U99/><E113/><N who="3" m="43018" /><G38/><T92/><D1/><U14/><E133/><V90/><F135/><W128/><G34/><T59/><D120/><U17/><E32/><V91/><F36/><W2/><G2/><T68/><D68/><U101/><E111/><V123/><F123/><W23/><G23/><T12/><D108/><U39/><E43/><V46/><F130/><W5/><G5/><T121/><D121/><U86/><E39/><V9/><F66/><W26/><G26/><T73/><D47/><U11/><E77/><V102/><F54/><W33/><G33/><T57/><D30/><U97/><E97/><V131/><F131/><W58/><G58/><T53/><D92/><U127/><E127/><V31/><F31/><W7/><G7/><T62/><D124/><U122/><E122/><V52/><F118/><W25/><G25/><T117/><D117/><U50/><E50/><V4/><F4/><W35/><G35/><T16/><D15/><U22/><E22/><V116/><F116/><W69/><G69/><T129/><D129/><U132/><E132/><V24/><F24/><W98/><G128/><T134/><D134/><U55/><E55/><V45/><F119/><W8/><G8/><T28/><D28/><U100/><E100/><V104/><F52/><W49/><G49/><T126/><D126/><U18/><E89/><V76/><F91/><N who="3" m="51687" /><G125/><T105/><D12/><N who="1" m="7319" /><E11/><V71/><F71/><W60/><G60/><N who="0" m="37919" /><D105/><N who="1" m="63679" /><E70/><V109/><F109/><W0/><G0/><T51/><D37/><U27/><E14/><V56/><F9/><W107/><G107/><T41/><D41/><RYUUKYOKU ba="1,1" sc="213,10,287,10,235,-30,255,10" hai0="16,19,40,44,51,53,57,62,73,83" hai1="18,20,27,63,65,84,86" hai3="74,81,94,95,98,103,106" /><INIT seed="1,2,1,3,0,50" ten="223,297,205,265" oya="1" hai0="33,111,70,69,43,89,132,23,14,106,121,35,88" hai1="109,19,92,99,32,135,53,112,124,98,108,4,97" hai2="114,57,83,118,45,58,119,101,67,131,64,68,117" hai3="125,71,30,60,7,10,49,15,41,105,26,91,18"/><U75/><E112/><V17/><F101/><W27/><G105/><T29/><D43/><U16/><E75/><V13/><F114/><W76/><G125/><T12/><D29/><U96/><E124/><V44/><F83/><W48/><G76/><T77/><D77/><U59/><E32/><V93/><F93/><W24/><G41/><T94/><D94/><U85/><E85/><V123/><F123/><W20/><G91/><T25/><D25/><U37/><E4/><V82/><F82/><W1/><G71/><T122/><D23/><U107/><E135/><V115/><F115/><W54/><G60/><T31/><D31/><U65/><E65/><N who="2" m="25163" /><F17/><W62/><G62/><T21/><D21/><U126/><E126/><V52/><F13/><W9/><REACH who="3" step="1"/><G49/><REACH who="3" ten="223,297,205,255" step="2"/><T51/><D51/><N who="1" m="31167" /><E107/><V2/><F68/><W130/><G130/><T66/><D106/><U55/><E37/><V104/><F104/><W47/><AGARI ba="2,2" hai="1,7,9,10,15,18,20,24,26,27,30,47,48,54" machi="47" ten="20,5200,0" yaku="1,1,0,1,7,1,52,1,53,0" doraHai="50" doraHaiUra="63" who="3" fromWho="3" sc="223,-15,297,-28,205,-15,255,78" /><INIT seed="2,0,0,0,1,119" ten="208,269,190,333" oya="2" hai0="60,76,16,39,70,19,62,97,77,103,59,11,113" hai1="25,8,37,95,45,124,42,50,74,0,52,28,1" hai2="123,87,109,83,30,57,80,13,4,125,53,15,44" hai3="133,130,69,111,10,63,46,129,65,117,35,27,96"/><V94/><F125/><W64/><G117/><T126/><D39/><U14/><E74/><V26/><F109/><W47/><G111/><T40/><D40/><U54/><E124/><V92/><F44/><W34/><G133/><T88/><D113/><U108/><E108/><V131/><F131/><N who="3" m="50187" /><G65/><T82/><D70/><U55/><E95/><V22/><F123/><W93/><G10/><T115/><D115/><U127/><E37/><V98/><F92/><W134/><G134/><T21/><D11/><U135/><E127/><V43/><F43/><W101/><G27/><T68/><D68/><U106/><E106/><V3/><F3/><W75/><G75/><T84/><D126/><U58/><E58/><V2/><F2/><W61/><G61/><T132/><D132/><U104/><E104/><V9/><F15/><W71/><G71/><T67/><D62/><U7/><REACH who="1" step="1"/><E135/><REACH who="1" ten="208,259,190,333" step="2"/><V18/><F4/><W49/><G47/><T128/><D128/><U107/><E107/><V112/><F112/><W86/><G86/><T81/><D81/><U102/><E102/><N who="2" m="60759" /><F87/><W105/><G105/><T91/><D103/><U118/><E118/><V114/><F114/><W17/><G93/><N who="0" m="56487" /><D19/><U6/><E6/><V48/><AGARI ba="0,1" hai="9,13,18,22,26,30,48,53,57,80,83" m="60759" machi="48" ten="30,1500,0" yaku="8,1" doraHai="119" who="2" fromWho="2" sc="208,-5,259,-5,190,25,333,-5" /><INIT seed="2,1,0,4,0,94" ten="203,254,215,328" oya="2" hai0="37,29,65,118,9,68,24,134,8,105,71,86,126" hai1="122,13,53,49,95,125,43,60,3,130,96,101,115" hai2="34,28,106,6,41,70,84,121,46,21,102,75,19" hai3="82,66,25,81,51,88,85,83,74,10,69,14,44"/><V120/><F75/><W80/><G69/><T97/><D37/><U107/><E115/><V16/><F70/><W93/><G66/><T54/><D71/><U72/><E3/><V133/><F133/><W79/><G25/><T90/><D134/><U42/><E125/><V113/><F113/><W129/><G129/><T11/><D54/><U15/><E72/><V111/><F6/><W12/><REACH who="3" step="1"/><G10/><REACH who="3" ten="203,254,215,318" step="2"/><T89/><D126/><U7/><E122/><V132/><F132/><W62/><G62/><T17/><D118/><U36/><E60/><V124/><F124/><W57/><G57/><T18/><D65/><U56/><E130/><V22/><F120/><W52/><AGARI ba="1,1" hai="12,14,44,51,52,74,79,80,81,82,83,85,88,93" machi="52" ten="30,8000,1" yaku="1,1,0,1,54,2,53,1" doraHai="94" doraHaiUra="40" who="3" fromWho="3" sc="203,-21,254,-21,215,-41,318,93" /><INIT seed="3,0,0,5,0,105" ten="182,233,174,411" oya="3" hai0="115,132,3,46,130,17,112,75,13,79,22,61,97" hai1="31,12,38,99,39,93,86,47,7,95,50,133,98" hai2="21,66,122,108,35,30,9,23,14,62,11,109,64" hai3="84,29,19,56,42,25,60,73,6,51,44,116,119"/><W134/><G134/><T117/><D117/><U28/><E133/><V104/><F104/><W89/><G6/><T127/><D132/><U15/><E86/><V34/><F122/><W43/><G43/><T77/><D3/><U36/><E7/><V8/><F30/><W107/><G107/><T82/><D130/><U135/><E135/><V33/><F62/><W54/><G19/><T67/><D79/><U81/><E81/><V114/><F114/><N who="0" m="43562" /><D97/><U45/><E50/><V10/><N who="2" m="2048" /><DORA hai="71" /><V24/><F14/><W94/><REACH who="3" step="1"/><G73/><REACH who="3" ten="182,233,174,401" step="2"/><N who="0" m="43311" /><D127/><U63/><E38/><V128/><F128/><W72/><G72/><T85/><D75/><U121/><E63/><V65/><REACH who="2" step="1"/><F24/><REACH who="2" ten="182,233,164,401" step="2"/><W16/><G16/><T102/><D61/><U113/><E113/><V20/><AGARI ba="0,2" hai="20,21,23,33,34,35,64,65,66,108,109" m="2048" machi="20" ten="60,32000,5" yakuman="40" doraHai="105,71" doraHaiUra="4,48" who="2" fromWho="2" sc="182,-80,233,-80,164,340,401,-160" /><INIT seed="4,0,0,1,4,99" ten="102,153,504,241" oya="0" hai0="32,3,50,57,20,1,118,22,74,124,110,23,40" hai1="115,8,123,26,11,135,82,121,59,42,117,13,81" hai2="80,66,67,86,133,84,109,45,94,91,96,52,127" hai3="12,48,63,61,116,2,44,128,73,30,71,55,75"/><T85/><D118/><U41/><E117/><V72/><F109/><W25/><G116/><T34/><D74/><U51/><E135/><V46/><F133/><W58/><G128/><T35/><D110/><U106/><E106/><V15/><F72/><W122/><G122/><T119/><D119/><U18/><E115/><V93/><F127/><W103/><G2/><T56/><D124/><U134/><E134/><V97/><F15/><W37/><G12/><T4/><D85/><U111/><E111/><V76/><F84/><W47/><G44/><N who="2" m="17001" /><F52/><W0/><G0/><N who="0" m="75" /><D50/><U107/><E121/><V88/><AGARI ba="0,0" hai="66,67,76,80,86,88,91,93,94,96,97" m="17001" machi="88" ten="30,2000,0" yaku="8,1,54,1" doraHai="99" who="2" fromWho="2" sc="102,-10,153,-5,504,20,241,-5" /><INIT seed="5,0,0,3,4,33" ten="92,148,524,236" oya="1" hai0="96,86,88,19,21,108,59,121,27,81,118,47,83" hai1="92,80,53,1,94,20,29,89,95,3,127,132,62" hai2="64,119,74,26,12,11,102,87,48,32,101,106,67" hai3="125,66,84,104,90,34,91,6,0,93,111,35,133"/><U15/><E127/><V30/><F74/><W23/><G125/><T70/><D108/><U126/><E126/><V131/><F119/><W107/><G111/><T37/><D70/><U97/><E132/><V128/><F87/><W71/><G133/><T109/><D109/><U61/><E61/><V50/><F50/><W122/><G122/><T60/><D121/><U10/><E80/><V63/><F48/><W38/><G38/><T114/><D118/><U54/><E54/><V68/><F64/><W73/><G73/><T28/><D114/><U43/><E43/><V75/><F75/><W18/><G91/><T9/><D83/><U14/><E94/><V58/><F58/><W36/><G36/><T41/><D9/><U100/><E53/><V82/><F82/><W77/><G77/><T52/><D96/><U56/><E29/><V124/><F124/><W110/><G110/><T99/><D99/><U120/><E20/><V46/><F46/><W79/><G79/><T22/><D19/><U65/><E15/><V112/><F112/><W40/><G40/><T69/><D69/><U49/><E49/><V134/><F134/><W76/><G76/><T116/><D116/><U113/><E113/><V42/><F42/><W51/><G51/><T24/><REACH who="0" step="1"/><D27/><REACH who="0" ten="82,148,524,236" step="2"/><U98/><E120/><V72/><F26/><N who="3" m="14711" /><G107/><T7/><D7/><AGARI ba="0,1" hai="1,3,7,10,14,56,62,65,89,92,95,97,98,100" machi="7" ten="30,5800,0" yaku="7,1,52,2" doraHai="33" who="1" fromWho="0" sc="82,-58,148,68,524,0,236,0" /><INIT seed="5,1,0,3,4,103" ten="24,216,524,236" oya="1" hai0="27,116,90,95,20,92,105,54,111,56,131,1,47" hai1="71,74,41,5,97,73,22,127,122,15,125,32,3" hai2="100,107,94,121,14,57,53,126,119,12,79,69,38" hai3="45,28,25,6,98,55,112,130,123,135,104,33,58"/><U62/><E122/><V4/><F121/><W89/><G123/><T23/><D1/><U82/><E32/><V101/><F107/><W40/><G112/><T85/><D111/><U110/><E41/><V77/><F69/><W78/><G135/><T113/><D113/><U114/><E114/><V35/><F38/><W109/><G130/><T134/><D131/><U36/><E36/><V16/><F119/><W2/><G109/><T81/><D134/><U93/><E110/><V86/><F12/><W18/><G78/><T115/><D116/><U132/><E3/><V29/><F4/><W34/><G34/><T66/><D115/><U51/><E51/><V7/><F7/><W65/><G65/><T75/><D66/><U59/><E71/><V49/><F77/><W87/><G18/><T64/><D64/><N who="1" m="39007" /><E82/><V8/><F49/><W42/><G42/><T102/><D47/><U46/><E46/><V17/><F35/><W128/><G128/><T44/><D44/><U76/><E76/><V63/><F79/><W50/><G6/><T83/><D75/><U26/><E132/><V88/><F29/><W70/><G2/><T37/><D37/><U129/><E129/><V106/><F63/><W52/><G70/><T60/><D23/><U96/><E96/><V72/><F72/><W80/><G58/><T30/><D83/><U10/><E74/><V19/><F8/><W118/><G118/><T124/><D124/><U68/><E68/><V31/><F126/><W21/><G33/><T133/><D133/><U0/><E73/><V13/><F57/><W99/><G99/><RYUUKYOKU ba="1,0" sc="24,15,216,-15,524,-15,236,15" hai0="20,27,30,54,56,60,81,85,90,92,95,102,105" hai3="21,25,28,40,45,50,52,55,80,87,89,98,104" /><INIT seed="6,2,0,3,0,72" ten="39,201,509,251" oya="2" hai0="11,68,31,114,125,79,46,61,23,102,36,69,109" hai1="117,65,81,93,115,56,104,40,73,108,118,37,112" hai2="29,84,32,51,113,76,64,85,48,87,122,8,80" hai3="34,27,86,17,54,9,62,1,82,90,121,132,30"/><V120/><F64/><W92/><G121/><T74/><D109/><U15/><E104/><V26/><F113/><W98/><G132/><T106/><D114/><U16/><E108/><V52/><F8/><W70/><G70/><T35/><D23/><U25/><E40/><V55/><F120/><W116/><G116/><T18/><D18/><U96/><E37/><V28/><F28/><W42/><G42/><T89/><D89/><U20/><E112/><V58/><REACH who="2" step="1"/><F122/><REACH who="2" ten="39,201,499,251" step="2"/><W128/><G128/><T99/><D11/><U78/><E115/><V59/><AGARI ba="2,1" hai="26,29,32,48,51,52,55,58,59,76,80,84,85,87" machi="59" ten="20,18000,2" yaku="1,1,2,1,0,1,7,1,9,1,52,1,54,1,53,0" doraHai="72" doraHaiUra="12" who="2" fromWho="2" sc="39,-62,201,-62,499,196,251,-62" owari="-23,-52.3,139,-26.1,695,79.5,189,-1.1" /></mjloggm>