<mjloggm ver="2.3"><GO type="169" lobby="0"/><UN n0="%52%59%4F%40%53%53" n1="%E7%8C%9B%E5%8F%8D%E7%99%BA%E3%81%BE%E3%81%8F%E3%82%89" n2="%E3%81%84%E3%81%97%E3%81%A3%E3%81%93" n3="%E7%AC%B9%E9%A4%85" dan="17,16,18,17" rate="2202.11,2131.34,2239.72,2234.60" sx="M,M,M,M"/><TAIKYOKU oya="0"/><INIT seed="0,0,0,0,0,3" ten="250,250,250,250" oya="0" hai0="108,0,12,41,85,50,95,38,120,127,124,68,103" hai1="79,11,84,70,133,107,9,131,13,31,130,97,58" hai2="117,63,18,5,94,96,28,86,83,125,8,32,60" hai3="111,14,26,116,76,123,4,81,44,118,105,122,62"/><T71/><D0/><U17/><E133/><V43/><F125/><N who="0" m="48202" /><D12/><U7/><E70/><N who="0" m="26665" /><D85/><U78/><E31/><V110/><F110/><W73/><G26/><T34/><D34/><U104/><E58/><V25/><F117/><N who="3" m="45163" /><G62/><T49/><D95/><U24/><E24/><V98/><F18/><W40/><G105/><T82/><D82/><U6/><E17/><V27/><F43/><W21/><G21/><T53/><D103/><U129/><E84/><V80/><F27/><W10/><G111/><T112/><D112/><U93/><E107/><V66/><F80/><W67/><G67/><T2/><D2/><N who="1" m="215" /><E104/><V23/><F32/><W132/><G132/><T56/><D108/><U55/><E55/><V37/><F66/><W77/><G77/><T30/><D30/><U46/><E46/><V92/><F96/><W115/><G115/><T47/><D120/><U35/><E35/><V88/><F92/><W102/><G102/><AGARI ba="0,0" hai="7,11,13,78,79,93,97,102,129,130,131" m="215" machi="102" ten="30,3900,0" yaku="19,1,52,2" doraHai="3" who="1" fromWho="3" sc="250,0,250,39,250,0,250,-39" /><INIT seed="1,0,0,4,1,130" ten="250,289,250,211" oya="1" hai0="74,84,48,117,73,93,58,87,119,30,86,133,31" hai1="20,90,105,112,19,63,22,75,53,15,129,116,71" hai2="41,124,102,81,17,33,96,7,39,27,62,28,83" hai3="127,26,65,95,8,36,18,56,126,61,107,52,98"/><U6/><E112/><V70/><F124/><N who="3" m="47659" /><G36/><T64/><D93/><U125/><E116/><V54/><F7/><W14/><G107/><T45/><D58/><U134/><E129/><V115/><F115/><W108/><G108/><T82/><D64/><U16/><E125/><V13/><F41/><W111/><G111/><T34/><D82/><U92/><E105/><V23/><F39/><W128/><G128/><T109/><D109/><U10/><E75/><V114/><F114/><W9/><G26/><T89/><D86/><U47/><E134/><V113/><F113/><W43/><G43/><T3/><D89/><U106/><E106/><N who="2" m="63815" /><F54/><W46/><G46/><T104/><D45/><U4/><E71/><V59/><F59/><W44/><G44/><T76/><D3/><U79/><E79/><V42/><F42/><W37/><G37/><T94/><D76/><U5/><E19/><V12/><F12/><W77/><G77/><T118/><D104/><U35/><E35/><V55/><F55/><W60/><G65/><AGARI ba="0,0" hai="13,17,23,27,28,33,62,65,70,81,83" m="63815" machi="65" ten="30,1000,0" yaku="25,1" doraHai="130" who="2" fromWho="3" sc="250,0,289,0,250,10,211,-10" /><INIT seed="2,0,0,0,2,40" ten="250,289,260,201" oya="2" hai0="21,98,11,80,102,51,33,123,13,24,23,75,95" hai1="129,54,81,14,58,18,12,89,93,3,71,8,108" hai2="41,36,126,52,29,65,86,48,112,4,97,107,22" hai3="17,115,45,132,109,88,117,105,131,28,34,82,134"/><V118/><F112/><W20/><G115/><T7/><D123/><U2/><E108/><V78/><F118/><W100/><G117/><T87/><D75/><U133/><E71/><V66/><F4/><W44/><G109/><T72/><D72/><U25/><E129/><V32/><F32/><W27/><G131/><T111/><D111/><U35/><E133/><N who="3" m="51306" /><G100/><T53/><D24/><U70/><E70/><V59/><F126/><W124/><G105/><T16/><D7/><U120/><E81/><N who="2" m="47415" /><F36/><W122/><G122/><T19/><D19/><U15/><E120/><V91/><F107/><W94/><G82/><T30/><D30/><U77/><E77/><V49/><F22/><W121/><G124/><T110/><D33/><U101/><E101/><V127/><F29/><W6/><G6/><T5/><D5/><U119/><E119/><V55/><F41/><W128/><G128/><T63/><D63/><U31/><E2/><V10/><F10/><W47/><G121/><T37/><D37/><U103/><E103/><V60/><F127/><W114/><G114/><T113/><D113/><U56/><E3/><V90/><F91/><W76/><G76/><N who="0" m="46471" /><D110/><U85/><E58/><AGARI ba="0,0" hai="11,13,16,21,23,51,53,58,95,98,102" m="46471" machi="58" ten="30,2000,0" yaku="8,1,54,1" doraHai="40" who="0" fromWho="1" sc="250,20,289,-20,260,0,201,0" /><INIT seed="3,0,0,4,4,96" ten="270,269,260,201" oya="3" hai0="67,43,113,100,81,63,73,32,49,51,7,90,16" hai1="102,65,14,38,120,18,78,106,95,26,28,13,93" hai2="103,50,52,131,4,76,23,98,9,57,41,88,104" hai3="105,130,124,19,39,27,71,127,115,24,101,72,53"/><W108/><G115/><T64/><D113/><U31/><E120/><V134/><F134/><W87/><G72/><T21/><D32/><U1/><E1/><V40/><F131/><W66/><G39/><T54/><D7/><U112/><E38/><V122/><F122/><W126/><G130/><T91/><D100/><U123/><E123/><V85/><F23/><W86/><G53/><T15/><D43/><U77/><E112/><V36/><F76/><W118/><G118/><T61/><D73/><U111/><E106/><V56/><F56/><W107/><G108/><T59/><D81/><U94/><E102/><V116/><F36/><W135/><G135/><T2/><D2/><U132/><E65/><V79/><F79/><N who="1" m="30217" /><E111/><V84/><F84/><N who="3" m="32299" /><G19/><T133/><D51/><U99/><E99/><V0/><F116/><W110/><G110/><T70/><REACH who="0" step="1"/><D133/><REACH who="0" ten="260,269,260,201" step="2"/><U62/><E132/><V45/><F45/><AGARI ba="0,1" hai="15,16,21,45,49,54,59,61,63,64,67,70,90,91" machi="45" ten="30,8000,1" yaku="1,1,2,1,7,1,54,1,53,1" doraHai="96" doraHaiUra="55" who="0" fromWho="2" sc="260,90,269,0,260,-80,201,0" /><INIT seed="4,0,0,1,3,99" ten="350,269,180,201" oya="0" hai0="121,103,92,71,91,118,59,16,84,134,6,107,4" hai1="83,114,1,88,135,56,26,3,32,95,52,86,8" hai2="65,90,101,133,117,70,23,106,73,7,85,80,75" hai3="72,128,30,13,12,10,49,20,109,89,123,36,27"/><T31/><D71/><U2/><E135/><V58/><F70/><W97/><G109/><T25/><D118/><U22/><E114/><V77/><F7/><W55/><G128/><T93/><D121/><U41/><E41/><V105/><F23/><W19/><G36/><T40/><D107/><N who="2" m="40970" /><F58/><W67/><G72/><N who="2" m="27721" /><F65/><W113/><G113/><T78/><D78/><U87/><E32/><V81/><F117/><W96/><G123/><T42/><D134/><U125/><E125/><V64/><F64/><W130/><G130/><T11/><D59/><U60/><E8/><V94/><F133/><W37/><G37/><T115/><D16/><U46/><E46/><V24/><F24/><W14/><G67/><T57/><D57/><U51/><E51/><V34/><F34/><W54/><G54/><T122/><D122/><U21/><REACH who="1" step="1"/><E26/><REACH who="1" ten="350,259,180,201" step="2"/><V76/><F101/><W132/><G132/><T18/><D42/><U43/><E43/><V82/><AGARI ba="0,1" hai="76,77,80,81,82,85,90,94" m="27721,40970" machi="82" ten="40,8000,1" yaku="35,5" doraHai="99" who="2" fromWho="2" sc="350,-40,259,-20,180,90,201,-20" /><INIT seed="5,0,0,0,2,60" ten="310,239,270,181" oya="1" hai0="93,8,38,10,12,2,20,134,92,52,130,124,116" hai1="128,26,46,102,65,70,96,69,23,108,114,123,4" hai2="45,40,64,31,120,66,88,80,41,53,101,79,84" hai3="72,133,77,17,19,126,97,3,89,83,9,49,58"/><U135/><E114/><V54/><F120/><W33/><G33/><T122/><D38/><U21/><E123/><V98/><F31/><W119/><G133/><T6/><D116/><U32/><E135/><V112/><F112/><W117/><G126/><T36/><D36/><U48/><E128/><V90/><F53/><N who="3" m="32047" /><G89/><N who="2" m="34409" /><F54/><W22/><G97/><T28/><D124/><U104/><E108/><V29/><F29/><W67/><G22/><T0/><D52/><U44/><E4/><V103/><F45/><W99/><G99/><T110/><D28/><N who="1" m="19479" /><E70/><V37/><F37/><W68/><G9/><T121/><D20/><N who="1" m="7755" /><E48/><V5/><F5/><W39/><G3/><T59/><D6/><U94/><E94/><N who="2" m="58583" /><F103/><W16/><G39/><T105/><D134/><U14/><E14/><V76/><F79/><W85/><G72/><T15/><D110/><U47/><E47/><V27/><F27/><W129/><G129/><T35/><D35/><U7/><E7/><V50/><F50/><W73/><G73/><T63/><D130/><U1/><E1/><V107/><F107/><W11/><G11/><T111/><D111/><U13/><E13/><V127/><F127/><W95/><G95/><T86/><D105/><U43/><E43/><AGARI ba="0,0" hai="40,41,43,64,66,76,80,84" m="58583,34409" machi="43" ten="30,7700,0" yaku="8,1,52,2,54,1" doraHai="60" who="2" fromWho="1" sc="310,0,239,-77,270,77,181,0" /><INIT seed="6,0,0,3,3,135" ten="310,162,347,181" oya="2" hai0="56,85,46,43,50,30,92,21,53,12,129,119,89" hai1="55,106,98,95,5,40,100,90,116,111,66,24,54" hai2="78,125,17,65,87,14,104,47,133,2,4,83,31" hai3="20,103,33,72,74,9,48,81,130,3,38,57,91"/><V94/><F104/><W108/><G108/><T29/><D129/><U77/><E116/><V42/><F133/><W134/><G33/><T80/><D119/><U49/><E111/><V44/><F31/><W105/><G134/><T86/><D12/><U118/><E118/><V120/><F120/><W6/><G38/><T107/><D21/><U79/><E5/><V84/><F65/><W76/><G130/><T34/><D34/><U37/><E66/><V28/><F28/><W117/><G117/><T22/><D22/><U19/><E37/><V59/><F59/><W73/><G91/><T101/><D107/><U39/><E39/><V41/><F4/><W60/><G48/><T96/><REACH who="0" step="1"/><D86/><REACH who="0" ten="300,162,347,181" step="2"/><U7/><E7/><V27/><F14/><W26/><G20/><T88/><D88/><U16/><E90/><V131/><F84/><W110/><G110/><T63/><AGARI ba="0,1" hai="29,30,43,46,50,53,56,63,80,85,89,92,96,101" machi="63" ten="20,5200,0" yaku="1,1,0,1,7,1,8,1,53,0" doraHai="135" doraHaiUra="23" who="0" fromWho="0" sc="300,62,162,-13,347,-26,181,-13" /><INIT seed="7,0,0,4,3,12" ten="362,149,321,168" oya="3" hai0="131,127,45,130,32,18,52,132,86,26,19,103,91" hai1="73,11,126,42,38,116,69,122,104,62,53,63,80" hai2="118,2,43,58,16,78,120,114,81,98,14,20,37" hai3="24,46,101,106,22,84,87,113,129,47,77,64,35"/><W67/><G35/><T48/><D127/><U110/><E110/><V75/><F118/><W125/><G125/><T57/><D132/><U29/><E126/><V76/><F114/><W119/><G119/><T4/><D4/><U105/><E122/><V115/><F115/><W68/><G113/><T92/><D103/><U88/><E116/><V6/><F78/><W56/><G68/><T102/><D102/><U133/><E133/><V117/><F117/><W60/><G129/><N who="0" m="49163" /><D45/><U10/><E29/><AGARI ba="0,0" hai="18,19,26,29,32,48,52,57,86,91,92" m="49163" machi="29" ten="30,7700,0" yaku="19,1,52,2,54,1" doraHai="12" who="0" fromWho="1" sc="362,77,149,-77,321,0,168,0" owari="439,53.9,72,-42.8,321,12.1,168,-23.2" /></mjloggm>