<mjloggm ver="2.3"><GO type="169" lobby="0"/><UN n0="%41%4F%54" n1="%E3%81%B7%E3%82%8B%E3%81%B7%E3%82%8B%E3%81%A0%E3%81%9E" n2="%E6%A1%83%E3%81%A3%E3%81%BA" n3="%43%6F%66%66%65%65" dan="18,16,16,16" rate="2218.34,2106.35,2072.88,2084.74" sx="F,M,M,F"/><TAIKYOKU oya="0"/><INIT seed="0,0,0,1,0,18" ten="250,250,250,250" oya="0" hai0="102,122,21,42,113,69,99,22,126,81,16,48,24" hai1="96,68,66,118,64,30,57,5,44,33,77,116,41" hai2="95,0,79,129,74,103,114,29,63,2,73,59,28" hai3="84,100,13,61,43,89,62,82,11,101,134,25,26"/><T75/><D113/><U104/><E66/><V117/><F114/><W97/><G134/><T125/><D69/><U86/><E57/><V6/><F129/><W121/><G121/><T49/><D122/><U135/><E135/><V12/><F117/><W34/><G43/><T76/><D42/><U38/><E5/><V80/><F74/><W111/><G111/><T78/><D78/><U60/><E86/><V23/><F28/><W92/><G100/><T120/><D120/><U106/><E77/><V65/><F6/><W85/><G85/><T20/><D49/><U4/><E4/><V54/><F54/><W32/><G32/><T131/><D48/><U19/><E19/><V46/><F46/><W91/><G34/><T72/><D72/><U67/><E67/><V124/><F124/><N who="0" m="47722" /><D131/><U39/><E39/><V107/><F107/><AGARI ba="0,0" hai="16,20,21,22,24,75,76,81,99,102,107" m="47722" machi="107" ten="30,12000,1" yaku="18,1,52,3,54,1" doraHai="18" who="0" fromWho="2" sc="250,120,250,0,250,-120,250,0" /><INIT seed="0,1,0,4,5,78" ten="370,250,130,250" oya="0" hai0="135,7,112,1,98,95,65,3,64,16,4,113,71" hai1="103,54,108,117,115,74,47,20,15,53,102,66,36" hai2="56,48,104,105,119,62,93,28,121,129,63,92,59" hai3="89,29,11,14,35,50,46,45,80,84,9,31,32"/><T118/><D118/><U100/><E117/><V94/><F119/><W124/><G124/><T37/><D37/><U23/><E108/><V97/><F121/><W26/><G14/><T51/><D135/><U67/><E74/><V24/><F129/><W10/><REACH who="3" step="1"/><G50/><REACH who="3" ten="370,250,130,240" step="2"/><T130/><D51/><U107/><E15/><V43/><F48/><W133/><G133/><T27/><D130/><U99/><E115/><V55/><F43/><W21/><G21/><T79/><D113/><U13/><E13/><V72/><F72/><W6/><G6/><T8/><D7/><U109/><E109/><V128/><F128/><W85/><G85/><T40/><D40/><U17/><E20/><V76/><F76/><W0/><G0/><T114/><D1/><U68/><E23/><V82/><F97/><W60/><G60/><T83/><D114/><U44/><E99/><V34/><REACH who="2" step="1"/><F82/><REACH who="2" ten="370,250,120,240" step="2"/><W86/><G86/><T132/><D112/><U110/><E110/><V126/><F126/><W19/><G19/><T38/><D16/><U101/><E17/><V39/><F39/><W5/><G5/><T134/><D38/><U75/><E36/><V73/><F73/><W127/><G127/><T12/><D134/><U125/><E75/><V22/><F22/><W90/><G90/><T58/><D132/><U116/><E125/><V88/><F88/><W69/><G69/><T120/><D71/><U2/><E68/><V131/><F131/><W77/><G77/><T91/><D79/><U87/><E116/><V96/><F96/><W33/><G33/><T122/><D98/><U18/><E18/><RYUUKYOKU ba="1,2" sc="370,-15,250,-15,120,15,240,15" hai2="24,28,34,55,56,59,62,63,92,93,94,104,105" hai3="9,10,11,26,29,31,32,35,45,46,80,84,89" /><INIT seed="1,2,2,1,4,81" ten="355,235,135,255" oya="1" hai0="28,79,92,48,66,128,130,10,0,125,97,118,45" hai1="42,85,63,104,25,31,46,75,30,11,98,102,114" hai2="116,53,52,131,76,94,82,16,134,9,38,111,19" hai3="41,103,88,2,65,37,6,17,105,39,59,110,27"/><U23/><E114/><V99/><F116/><W15/><G110/><T71/><D118/><U109/><E109/><V33/><F38/><W64/><G103/><T49/><D28/><U129/><E75/><V70/><F111/><W123/><G105/><T100/><D125/><U122/><E129/><N who="0" m="49769" /><D79/><U35/><E122/><V40/><F131/><W101/><G101/><T32/><D32/><U13/><E63/><V119/><F40/><W133/><G123/><T4/><D45/><U121/><E121/><V22/><F33/><W74/><G74/><T113/><D113/><U73/><E73/><V72/><F70/><W86/><G2/><T34/><D34/><U84/><E31/><V117/><F134/><W108/><G133/><T56/><D71/><U62/><E62/><AGARI ba="2,2" hai="0,4,10,48,49,56,62,66,92,97,100" m="49769" machi="62" ten="30,1000,0" yaku="19,1" doraHai="81" who="0" fromWho="1" sc="355,36,235,-16,135,0,255,0" /><INIT seed="2,0,0,0,3,1" ten="391,219,135,255" oya="2" hai0="6,19,101,38,86,95,69,34,24,57,135,103,123" hai1="72,25,55,39,109,31,27,7,10,104,74,45,20" hai2="116,29,132,118,85,91,67,99,98,128,80,75,92" hai3="108,106,51,102,62,112,12,121,133,42,56,83,28"/><V60/><F128/><W8/><G121/><T15/><D123/><U105/><E109/><V65/><F132/><W35/><G108/><T76/><D69/><U115/><E115/><V77/><F67/><W89/><G133/><T119/><D135/><U111/><E111/><V113/><F29/><W126/><G126/><T17/><D38/><U40/><E55/><V4/><F113/><W124/><G124/><T53/><D119/><U64/><E64/><V84/><F65/><W61/><G112/><T125/><D125/><U79/><E25/><V82/><F60/><W127/><G127/><T73/><D73/><U90/><E90/><V43/><F4/><W36/><G36/><T78/><D34/><U130/><E130/><V50/><F50/><W131/><G51/><T70/><D70/><U41/><E41/><V2/><F2/><W94/><G61/><N who="0" m="36015" /><D6/><U100/><E100/><N who="0" m="38473" /><D24/><U58/><E58/><V13/><F13/><W32/><G12/><T129/><D129/><U14/><REACH who="1" step="1"/><E79/><REACH who="1" ten="391,209,135,255" step="2"/><N who="0" m="30249" /><D15/><U68/><E68/><V22/><F43/><W46/><G42/><T3/><D3/><U87/><E87/><V44/><F44/><W49/><G46/><T37/><D37/><U52/><E52/><V47/><F47/><W33/><G131/><T93/><D86/><U18/><E18/><AGARI ba="0,1" hai="17,18,19,93,95" m="30249,38473,36015" machi="18" ten="30,1000,0" yaku="8,1" doraHai="1" who="0" fromWho="1" sc="391,20,209,-10,135,0,255,0" /><INIT seed="3,0,0,2,2,129" ten="411,199,135,255" oya="3" hai0="74,113,8,40,121,36,131,97,31,56,55,50,95" hai1="6,119,93,101,54,34,43,114,117,122,116,27,35" hai2="98,61,28,88,85,51,92,22,41,118,100,42,67" hai3="84,69,3,106,76,77,32,110,105,17,128,89,45"/><W120/><G120/><T19/><D121/><U46/><E122/><V70/><F118/><W14/><G3/><T111/><D74/><U26/><E114/><V23/><F51/><W2/><G2/><T80/><D111/><U81/><E6/><V24/><REACH who="2" step="1"/><F22/><REACH who="2" ten="411,199,125,255" step="2"/><N who="3" m="11575" /><G110/><T91/><D50/><N who="1" m="29015" /><E34/><V132/><F132/><W1/><G32/><T5/><D113/><U125/><E35/><V39/><F39/><W44/><G128/><T68/><D36/><U109/><E109/><V83/><AGARI ba="0,1" hai="23,24,28,41,42,61,67,70,83,85,88,92,98,100" machi="83" ten="20,5200,0" yaku="1,1,0,1,7,1,54,1,53,0" doraHai="129" doraHaiUra="112" who="2" fromWho="2" sc="411,-13,199,-13,125,62,255,-26" /><INIT seed="4,0,0,4,3,103" ten="398,186,187,229" oya="0" hai0="99,83,66,62,135,94,54,123,107,65,114,1,16" hai1="56,36,98,46,126,34,93,72,118,51,109,43,35" hai2="69,48,78,101,96,106,67,60,8,40,10,9,24" hai3="104,134,111,13,6,71,77,14,52,22,0,33,80"/><T68/><D123/><U130/><E109/><V128/><F78/><W116/><G116/><T92/><D1/><U12/><E118/><V115/><F115/><W61/><G33/><T57/><D114/><U44/><E72/><V19/><F128/><W90/><G111/><T117/><D117/><U108/><E130/><V88/><F40/><W84/><G134/><T74/><D135/><U124/><E56/><V4/><F48/><W70/><G0/><T31/><D31/><U42/><E12/><V17/><F4/><W125/><G125/><N who="1" m="48234" /><E108/><V87/><REACH who="2" step="1"/><F24/><REACH who="2" ten="398,186,177,229" step="2"/><W73/><G6/><T29/><D74/><U30/><E30/><V53/><F53/><W50/><G77/><T129/><D54/><U27/><E27/><V127/><F127/><W20/><G73/><T3/><D29/><U81/><E81/><AGARI ba="0,1" hai="8,9,10,17,19,60,67,69,81,87,88,96,101,106" machi="81" ten="40,5200,0" yaku="1,1,52,1,54,1,53,0" doraHai="103" doraHaiUra="110" who="2" fromWho="1" sc="398,0,186,-52,177,62,229,0" /><INIT seed="5,0,0,2,0,56" ten="398,134,239,229" oya="1" hai0="128,127,21,114,96,119,118,104,76,78,58,3,85" hai1="133,101,65,30,24,36,35,62,82,97,44,22,45" hai2="83,115,29,66,17,55,60,7,106,10,113,61,72" hai3="63,88,87,122,1,39,73,109,43,111,117,121,54"/><U11/><E133/><V108/><F108/><W37/><G73/><T49/><D3/><U32/><E11/><V84/><F106/><W81/><G1/><T53/><D114/><N who="2" m="43530" /><F72/><W123/><G117/><T135/><D135/><U126/><E126/><V40/><F66/><W71/><G39/><T59/><D127/><U26/><E82/><V70/><F70/><W31/><G31/><T98/><D128/><U27/><E27/><V9/><F40/><W46/><REACH who="3" step="1"/><G54/><REACH who="3" ten="398,134,239,219" step="2"/><T77/><D53/><U120/><E120/><V14/><F29/><W91/><G91/><T33/><D119/><U112/><E112/><V23/><F55/><W0/><G0/><T38/><D38/><U95/><E36/><V89/><F10/><W15/><G15/><AGARI ba="0,1" hai="7,9,14,15,17,23,60,61,83,84,89" m="43530" machi="15" ten="30,7700,0" yaku="15,1,11,1,52,2" doraHai="56" who="2" fromWho="3" sc="398,0,134,0,239,87,219,-77" /><INIT seed="6,0,0,3,2,68" ten="398,134,326,142" oya="2" hai0="14,107,26,69,7,90,88,110,37,76,73,122,132" hai1="39,23,83,99,74,106,119,28,41,124,21,70,53" hai2="10,20,111,65,33,84,80,66,133,61,54,95,52" hai3="56,87,104,94,11,96,91,77,9,92,86,15,105"/><V135/><F33/><W98/><G56/><T100/><D110/><U8/><E119/><V34/><F34/><W36/><G15/><T115/><D69/><U62/><E124/><V109/><F95/><W24/><G24/><T112/><D122/><U71/><E8/><V42/><F42/><W40/><G40/><T134/><D73/><U45/><E23/><V0/><F20/><W47/><G47/><T126/><D76/><U114/><E114/><N who="0" m="43561" /><D126/><U63/><E70/><N who="2" m="42287" /><F66/><W55/><G55/><N who="2" m="21033" /><F10/><W48/><G48/><T22/><D37/><U116/><E39/><V60/><F0/><W58/><G36/><T12/><D100/><U27/><E71/><V32/><F32/><W49/><G49/><T57/><D107/><N who="3" m="41033" /><G58/><T67/><D57/><N who="1" m="35119" /><E116/><V131/><F131/><W2/><G11/><N who="0" m="4223" /><D14/><U93/><E106/><V89/><F60/><W78/><G2/><T97/><D97/><N who="3" m="37481" /><G9/><T51/><D51/><U108/><E63/><V35/><F35/><W102/><G102/><T75/><D67/><U3/><E3/><V18/><F18/><W121/><G121/><T38/><D38/><U25/><E45/><V101/><F101/><W29/><G29/><T6/><D22/><U103/><E41/><V81/><F111/><W72/><G72/><T129/><D75/><U17/><E108/><V31/><F31/><W82/><G78/><T117/><D26/><N who="1" m="14639" /><E28/><V1/><F1/><W30/><G30/><T5/><D117/><U128/><E128/><V46/><F46/><W125/><G125/><T123/><D129/><U79/><E25/><V4/><F109/><W59/><G59/><RYUUKYOKU ba="0,0" sc="398,-15,134,15,326,-15,142,15" hai1="27,74,79,83,93,99,103" hai3="77,82,86,87,91,92,94" /><INIT seed="7,1,0,2,3,112" ten="383,149,311,157" oya="3" hai0="122,92,130,12,63,103,68,73,81,56,113,13,123" hai1="46,50,44,55,49,54,124,43,127,101,42,4,115" hai2="7,79,58,129,128,51,59,8,22,40,109,104,31" hai3="75,6,126,110,61,64,77,91,1,89,34,125,36"/><W2/><G110/><T72/><D68/><U118/><E4/><V19/><F104/><W39/><G34/><T27/><D113/><U35/><E115/><V134/><F109/><W85/><G77/><T117/><D117/><U67/><E35/><V38/><F38/><W114/><G75/><T0/><D130/><U62/><E101/><V29/><F79/><W23/><G114/><T10/><D27/><U53/><E118/><V106/><F59/><AGARI ba="1,0" hai="42,43,44,46,49,50,53,54,55,59,62,67,124,127" machi="59" ten="40,8000,1" yaku="9,1,34,3" doraHai="112" who="1" fromWho="2" sc="383,0,149,83,311,-83,157,0" owari="383,48.3,232,3.2,228,-17.2,157,-34.3" /></mjloggm>