<mjloggm ver="2.3"><GO type="169" lobby="0"/><UN n0="%45%72%77%69%6E%52%64" n1="%E3%83%8E%E3%82%AA%E3%83%81%E3%83%A3%E3%83%99%E3%82%B9" n2="%4E%49%4B%55%59%41" n3="%E3%82%A4%E3%82%AB%E3%81%AB%E3%82%82%E6%9D%B1%E5%8C%97" dan="16,16,17,17" rate="2128.38,2147.56,2203.77,2180.13" sx="M,M,M,M"/><TAIKYOKU oya="0"/><INIT seed="0,0,0,4,1,41" ten="250,250,250,250" oya="0" hai0="34,70,50,132,26,87,47,14,68,23,99,55,10" hai1="49,111,42,89,127,46,114,95,65,60,54,102,131" hai2="113,80,118,44,110,30,11,31,90,59,125,84,112" hai3="116,18,126,52,1,72,20,129,64,27,28,88,29"/><T82/><D34/><U25/><E111/><V19/><F110/><W24/><G116/><T37/><D132/><U53/><E131/><V78/><F118/><W83/><G1/><T92/><D37/><U9/><E127/><V93/><F125/><W38/><G126/><T48/><D48/><U108/><E114/><V6/><F19/><W81/><G38/><T8/><D8/><U15/><E102/><V2/><F59/><W51/><G129/><T40/><D55/><U3/><E25/><V43/><F113/><W98/><G64/><T134/><D134/><U45/><E3/><V123/><F123/><W17/><G72/><T121/><D121/><U13/><E108/><V61/><F61/><W69/><G69/><T130/><D130/><U32/><E32/><V0/><F0/><W117/><G83/><T36/><D36/><U122/><E122/><V77/><F112/><W12/><G117/><T39/><D39/><U91/><E15/><V73/><F77/><W115/><G115/><T74/><D74/><U57/><E89/><V105/><F105/><W100/><G81/><T35/><D35/><U79/><E79/><V97/><F73/><W5/><G5/><N who="0" m="3407" /><D92/><U33/><E33/><V66/><F66/><W21/><G12/><T101/><D99/><N who="1" m="57855" /><E46/><V67/><F67/><W4/><G4/><AGARI ba="0,0" hai="4,9,13,42,45,49,53,54,57,60,65" m="57855" machi="4" ten="30,2000,0" yaku="8,1,52,1" doraHai="41" who="1" fromWho="3" sc="250,0,250,20,250,0,250,-20" /><INIT seed="1,0,0,0,1,64" ten="250,270,250,230" oya="1" hai0="105,129,19,71,88,5,107,60,72,1,79,69,118" hai1="102,10,108,22,61,110,119,96,49,90,124,84,7" hai2="67,2,113,9,75,13,46,91,0,6,37,123,18" hai3="133,128,117,103,83,101,62,36,15,121,80,126,30"/><U120/><E119/><V39/><F123/><W78/><G121/><T87/><D118/><U23/><E120/><V8/><F113/><W16/><G117/><T125/><D129/><U85/><E49/><V74/><F0/><W134/><G36/><T20/><D125/><U51/><E51/><V32/><F32/><W35/><G62/><T100/><D79/><U34/><E34/><V116/><F116/><W114/><G114/><T4/><D72/><U65/><E124/><V81/><F67/><W73/><G126/><T98/><D107/><U111/><E23/><V104/><F104/><W109/><G83/><T70/><D60/><U115/><E22/><V82/><F39/><W38/><G38/><T66/><D66/><U131/><E131/><V33/><F33/><W29/><G128/><T11/><D4/><U63/><E63/><V47/><F47/><W52/><G52/><T31/><D31/><N who="3" m="11785" /><G109/><T99/><D99/><U68/><E90/><V130/><F81/><W50/><G50/><T43/><D43/><U76/><E76/><V41/><F130/><W40/><G40/><T86/><REACH who="0" step="1"/><D88/><REACH who="0" ten="240,270,250,230" step="2"/><U92/><REACH who="1" step="1"/><E115/><REACH who="1" ten="240,260,250,230" step="2"/><V127/><F127/><W48/><G78/><T56/><D56/><U54/><E54/><V122/><F122/><W59/><G59/><T25/><AGARI ba="0,2" hai="1,5,11,19,20,25,69,70,71,86,87,98,100,105" machi="25" ten="30,8000,1" yaku="1,1,0,1,52,3,53,0" doraHai="64" doraHaiUra="57" who="0" fromWho="0" sc="240,100,260,-40,250,-20,230,-20" /><INIT seed="2,0,0,2,5,121" ten="340,220,230,210" oya="2" hai0="37,120,41,79,116,27,65,74,112,13,102,51,105" hai1="95,20,33,135,29,69,5,73,62,132,23,80,2" hai2="24,91,19,93,103,53,72,107,47,30,16,31,97" hai3="71,26,130,39,45,124,18,118,99,76,108,11,44"/><V126/><F126/><W61/><G118/><T88/><D120/><U63/><E33/><V57/><F47/><W36/><G76/><T119/><D112/><U77/><E5/><V3/><F72/><W101/><G124/><T129/><D129/><U106/><E106/><V38/><F38/><W90/><G90/><T42/><D37/><U111/><E2/><V134/><F3/><W46/><G130/><T100/><D65/><U123/><E123/><V125/><F134/><W25/><G25/><T14/><D27/><U58/><E69/><V28/><F125/><W70/><G70/><T92/><D79/><U12/><E95/><V81/><F24/><W75/><G75/><T86/><D74/><U10/><E63/><V35/><F35/><W9/><G9/><T114/><D114/><U84/><E73/><V94/><F81/><W98/><G98/><N who="0" m="61591" /><D102/><U122/><E122/><V117/><F117/><N who="0" m="45130" /><D51/><U52/><E29/><V49/><REACH who="2" step="1"/><F107/><REACH who="2" ten="340,220,220,210" step="2"/><W82/><G26/><T64/><D13/><U17/><E135/><V131/><F131/><W40/><G45/><T59/><D14/><U87/><E132/><V110/><F110/><W109/><G44/><T7/><D41/><U68/><E111/><N who="3" m="42570" /><G82/><T6/><D42/><U4/><E80/><V34/><F34/><W1/><G46/><T85/><D92/><U60/><E77/><V104/><F104/><N who="3" m="63551" /><G1/><T128/><D128/><U56/><E68/><V0/><F0/><W54/><G40/><T96/><D59/><U133/><E133/><V89/><F89/><W66/><G54/><T113/><D88/><U8/><E52/><RYUUKYOKU ba="0,1" sc="340,-15,220,-15,220,15,210,15" hai2="16,19,28,30,31,49,53,57,91,93,94,97,103" hai3="11,18,36,39,61,66,71" /><INIT seed="2,1,1,1,5,92" ten="325,205,235,225" oya="2" hai0="107,114,121,129,0,25,119,72,73,57,37,132,27" hai1="97,35,118,117,26,55,21,130,10,105,68,38,75" hai2="87,33,56,32,20,52,7,2,24,31,81,19,101" hai3="12,134,47,104,62,59,30,45,122,98,85,70,18"/><V3/><F101/><W123/><G70/><T76/><RYUUKYOKU type="yao9" ba="1,1" sc="325,0,205,0,235,0,225,0" hai0="0,25,27,37,57,72,73,76,107,114,119,121,129,132" /><INIT seed="2,2,1,0,2,36" ten="325,205,235,225" oya="2" hai0="38,126,99,135,113,30,27,72,89,43,52,76,1" hai1="37,110,121,0,40,123,4,129,101,82,98,93,11" hai2="66,44,84,5,131,119,34,54,3,60,55,58,20" hai3="128,22,102,56,12,24,134,81,79,105,2,86,51"/><V85/><F34/><W73/><G2/><T94/><D113/><U104/><E93/><V77/><F119/><W6/><G128/><T130/><D1/><U118/><E118/><V49/><F131/><W41/><G134/><T13/><D130/><U90/><E129/><V8/><F77/><W127/><G127/><T32/><D135/><U97/><E97/><V63/><REACH who="2" step="1"/><F20/><REACH who="2" ten="325,205,225,225" step="2"/><W17/><G22/><T78/><D126/><U115/><E115/><V108/><F108/><W14/><G79/><T88/><D72/><U67/><E110/><V31/><F31/><W112/><G73/><T25/><D76/><U46/><E67/><V42/><F42/><W124/><G41/><T95/><D78/><U117/><E117/><V19/><F19/><W18/><G17/><T133/><D133/><U26/><E26/><V45/><F45/><W122/><G18/><T15/><D25/><U59/><E46/><V68/><AGARI ba="2,2" hai="3,5,8,44,49,54,55,58,60,63,66,68,84,85" machi="68" ten="20,7800,0" yaku="1,1,0,1,7,1,53,1" doraHai="36" doraHaiUra="64" who="2" fromWho="2" sc="325,-28,205,-28,225,104,225,-28" /><INIT seed="2,3,0,3,0,104" ten="297,177,329,197" oya="2" hai0="48,87,47,81,96,132,120,63,36,64,90,121,127" hai1="92,58,27,85,43,129,69,111,26,80,119,21,101" hai2="124,95,108,10,82,3,57,106,76,14,77,61,33" hai3="42,54,2,19,74,110,23,130,35,78,98,126,52"/><V46/><F106/><W18/><G35/><T0/><D0/><U70/><E119/><V28/><F3/><W49/><G2/><T125/><D36/><U100/><E43/><V34/><F124/><N who="0" m="47690" /><D96/><U1/><E1/><V117/><F117/><W16/><G126/><T51/><D132/><U68/><E129/><V133/><F133/><W123/><G123/><N who="0" m="47179" /><D47/><U83/><E58/><AGARI ba="3,0" hai="48,51,58,63,64,81,87,90" m="47179,47690" machi="58" ten="30,1000,0" yaku="18,1" doraHai="104" who="0" fromWho="1" sc="297,19,177,-19,329,0,197,0" /><INIT seed="3,0,0,3,4,75" ten="316,158,329,197" oya="3" hai0="48,13,130,102,91,11,118,45,116,128,46,65,2" hai1="51,18,7,59,16,82,55,117,90,89,73,35,43" hai2="66,113,31,24,26,49,8,14,52,114,72,58,109" hai3="120,71,15,41,98,10,69,6,92,38,85,104,64"/><W28/><G120/><T134/><D2/><U36/><E35/><V23/><F109/><W0/><G28/><T34/><D34/><U60/><E117/><V47/><F72/><W4/><G104/><T111/><D102/><U68/><E7/><V123/><F123/><W74/><G74/><T32/><D32/><U27/><E27/><V125/><F125/><W3/><G85/><T99/><D111/><U129/><E129/><N who="0" m="49769" /><D65/><N who="1" m="40999" /><E90/><V61/><REACH who="2" step="1"/><F26/><REACH who="2" ten="316,158,319,197" step="2"/><W70/><G0/><T110/><D110/><U105/><E105/><V126/><F126/><W22/><G3/><T127/><D127/><U88/><E73/><V87/><F87/><W131/><G131/><T77/><D116/><U78/><E89/><V17/><AGARI ba="0,1" hai="8,14,17,23,24,31,47,49,52,58,61,66,113,114" machi="17" ten="20,5200,0" yaku="1,1,0,1,7,1,54,1,53,0" doraHai="75" doraHaiUra="133" who="2" fromWho="2" sc="316,-13,158,-13,319,62,197,-26" /><INIT seed="4,0,0,4,2,12" ten="303,145,381,171" oya="0" hai0="92,66,28,88,86,47,97,26,44,31,129,27,4" hai1="36,33,77,89,42,118,124,110,108,116,15,19,106" hai2="41,105,74,8,76,132,61,7,67,102,81,17,100" hai3="70,68,112,52,123,130,58,101,94,109,49,122,60"/><T125/><D129/><U71/><E77/><V87/><F132/><W5/><G101/><T50/><D125/><U32/><E89/><V53/><F53/><N who="3" m="33871" /><G94/><T20/><D66/><U93/><E93/><V2/><F41/><W90/><G90/><T113/><D113/><U3/><E42/><V95/><F105/><W40/><G5/><T18/><D4/><U62/><E62/><V78/><F17/><W64/><G112/><T120/><D120/><N who="3" m="46121" /><G109/><N who="1" m="42090" /><E71/><N who="3" m="27178" /><G40/><T45/><D97/><U114/><E36/><V103/><F76/><W38/><G38/><T73/><D73/><U84/><E84/><V83/><F83/><W24/><G24/><T43/><D28/><U80/><E80/><V117/><F95/><W115/><G115/><T59/><D59/><U131/><E106/><V29/><F29/><W55/><G130/><T85/><D86/><U96/><E96/><V111/><F111/><W99/><G99/><T79/><D79/><U54/><E131/><V11/><F74/><W13/><G13/><T121/><D121/><U127/><E3/><V9/><F2/><W104/><G104/><T128/><D128/><U0/><E0/><V57/><F78/><W1/><G1/><T91/><D91/><U22/><E114/><V72/><F72/><W48/><G64/><T134/><D134/><U46/><E33/><AGARI ba="0,0" hai="18,20,26,27,31,33,43,44,45,47,50,85,88,92" machi="33" ten="30,5800,0" yaku="7,1,52,1,54,1" doraHai="12" who="0" fromWho="1" sc="303,58,145,-58,381,0,171,0" /><INIT seed="4,1,0,0,4,114" ten="361,87,381,171" oya="0" hai0="69,97,50,32,109,58,74,112,23,29,93,126,134" hai1="57,39,47,19,17,68,54,40,76,44,85,98,45" hai2="89,113,73,7,18,53,106,55,67,61,111,59,104" hai3="118,9,130,77,116,31,72,63,24,115,94,5,13"/><T60/><D74/><U8/><E68/><V51/><F111/><W36/><G36/><T96/><D112/><U120/><E120/><V26/><F73/><W1/><G115/><T80/><D109/><U0/><E0/><V91/><F113/><W22/><G130/><T10/><D32/><U43/><E98/><V25/><F7/><W52/><G94/><T41/><D134/><U87/><E39/><V66/><F18/><W133/><G133/><T90/><D126/><U135/><E135/><V108/><F108/><W65/><G1/><T125/><D125/><U12/><E19/><V15/><F15/><W78/><G52/><T107/><D80/><U95/><E76/><V48/><F59/><W20/><G22/><T121/><D10/><U127/><E127/><V27/><F27/><W33/><G33/><T132/><D121/><U56/><E56/><V86/><F86/><W119/><REACH who="3" step="1"/><G72/><REACH who="3" ten="361,87,381,161" step="2"/><T129/><D129/><U83/><E95/><V16/><F55/><W70/><AGARI ba="1,1" hai="5,9,13,20,24,31,63,65,70,77,78,116,118,119" machi="70" ten="30,12000,2" yaku="1,1,2,1,0,1,52,3,53,0" doraHai="114" doraHaiUra="110" who="3" fromWho="3" sc="361,-61,87,-31,381,-31,161,133" /><INIT seed="5,0,0,4,0,124" ten="300,56,350,294" oya="1" hai0="91,24,35,11,114,131,44,63,41,67,126,17,105" hai1="52,70,95,14,80,82,0,112,103,120,4,77,93" hai2="55,31,90,60,121,9,43,25,30,71,83,34,72" hai3="36,84,64,118,98,113,27,68,16,1,21,23,102"/><U46/><E120/><V100/><F121/><W134/><G1/><T69/><D114/><U3/><E70/><V65/><F43/><W99/><G36/><T115/><D115/><U104/><E104/><V89/><F31/><W127/><G113/><T33/><D105/><U111/><E112/><V32/><F32/><W59/><G127/><T38/><D126/><U130/><E111/><V79/><F55/><W110/><G110/><T15/><D131/><U10/><E130/><V107/><REACH who="2" step="1"/><F9/><REACH who="2" ten="300,56,340,294" step="2"/><W18/><G118/><T116/><D116/><U7/><E82/><V58/><F58/><W81/><G59/><T94/><REACH who="0" step="1"/><D24/><REACH who="0" ten="290,56,340,294" step="2"/><U20/><E20/><V97/><AGARI ba="0,2" hai="25,30,34,60,65,71,72,79,83,89,90,97,100,107" machi="97" ten="30,12000,2" yaku="1,1,0,1,25,2,53,2" doraHai="124" doraHaiUra="85" who="2" fromWho="2" sc="290,-30,56,-60,340,140,294,-30" owari="260,-14.0,-4,-50.4,480,58.0,264,6.4" /></mjloggm>