<mjloggm ver="2.3"><GO type="169" lobby="0"/><UN n0="%E3%82%B3%E3%81%98%E3%81%95%E3%82%93%EF%BC%9F" n1="%69%77%61%69%77%61" n2="%52%59%4F%40%53%53" n3="%E8%B2%A1%E5%89%8D%E5%8F%88%E4%B8%80" dan="17,17,17,17" rate="2126.34,2150.69,2224.24,2192.80" sx="M,M,M,M"/><TAIKYOKU oya="0"/><INIT seed="0,0,0,2,1,30" ten="250,250,250,250" oya="0" hai0="39,17,105,108,131,12,115,91,49,119,55,32,87" hai1="51,11,116,3,127,21,99,84,89,53,121,58,96" hai2="94,36,113,66,68,135,59,77,4,37,38,85,98" hai3="31,18,34,62,122,71,1,83,76,73,104,63,79"/><T22/><D115/><U13/><E116/><V41/><F113/><W97/><G18/><T9/><D119/><U67/><E127/><V78/><F135/><W47/><G63/><T28/><D131/><U60/><E121/><V133/><F133/><W126/><G79/><T42/><D105/><U74/><E3/><V16/><F4/><W25/><G47/><T46/><D108/><U5/><E21/><V45/><F68/><W128/><G126/><T92/><D9/><U19/><E5/><V110/><F110/><W86/><G86/><T90/><D91/><U114/><E74/><V0/><F0/><W72/><G122/><T130/><D130/><U69/><REACH who="1" step="1"/><E114/><REACH who="1" ten="250,240,250,250" step="2"/><V48/><F16/><W132/><G128/><T103/><D28/><U29/><E29/><V88/><REACH who="2" step="1"/><F98/><REACH who="2" ten="250,240,240,250" step="2"/><W120/><G1/><T82/><D17/><U2/><E2/><V20/><F20/><W15/><G97/><T75/><D22/><U70/><E70/><V93/><F93/><AGARI ba="0,2" hai="11,13,19,51,53,58,60,67,69,84,89,93,96,99" machi="93" ten="30,2000,0" yaku="1,1,7,1,53,0" doraHai="30" doraHaiUra="109" who="1" fromWho="2" sc="250,0,240,40,240,-20,250,0" /><INIT seed="1,0,0,2,0,10" ten="250,280,220,250" oya="1" hai0="36,131,82,89,73,44,111,57,69,100,110,96,122" hai1="132,65,41,52,112,115,18,105,33,55,92,32,107" hai2="108,56,60,61,101,129,130,0,125,37,49,90,63" hai3="12,66,24,47,72,68,93,34,127,113,9,135,84"/><U104/><E132/><V74/><F0/><W91/><G113/><T25/><D69/><U116/><E116/><V22/><F74/><W39/><G135/><T27/><D131/><N who="2" m="50186" /><F101/><W23/><G72/><T106/><D122/><U42/><E65/><V30/><F90/><W11/><G127/><T78/><D57/><U121/><E121/><V51/><F30/><W67/><G34/><N who="1" m="13418" /><E18/><V79/><F22/><W15/><G68/><T3/><D3/><U114/><E92/><V77/><F56/><W19/><G47/><T46/><D46/><U94/><E94/><V8/><F8/><N who="3" m="3147" /><G39/><T7/><D7/><U29/><E29/><V62/><N who="2" m="15360" /><DORA hai="86" /><V20/><F20/><W81/><G93/><T126/><D36/><U64/><E64/><AGARI ba="0,0" hai="12,15,19,23,24,64,66,67,81,84,91" m="3147" machi="64" ten="30,7700,0" yaku="8,1,52,3" doraHai="10,86" who="3" fromWho="1" sc="250,0,280,-77,220,0,250,77" /><INIT seed="2,0,0,4,4,74" ten="250,203,220,327" oya="2" hai0="11,105,86,30,6,115,122,8,123,92,81,128,47" hai1="41,83,93,50,49,113,25,2,60,84,31,108,87" hai2="33,72,132,70,124,36,42,94,75,101,90,89,53" hai3="97,55,102,111,7,23,68,57,125,58,91,112,65"/><V5/><F70/><W39/><G111/><T121/><D115/><U73/><E113/><V135/><F33/><W34/><G39/><T133/><D105/><U76/><E2/><V118/><F5/><W71/><G91/><N who="2" m="34825" /><F53/><W52/><G23/><T61/><D92/><U32/><E108/><V16/><F16/><W100/><G7/><T27/><D47/><U82/><E93/><V38/><F42/><W99/><G65/><T15/><D61/><U80/><E73/><N who="2" m="28235" /><F118/><W12/><G12/><T109/><D11/><U45/><E84/><V64/><F64/><W13/><G13/><T14/><D14/><U119/><E119/><V43/><F43/><W130/><G34/><T56/><D56/><U35/><E35/><V29/><F29/><W107/><G112/><T98/><D27/><U79/><E87/><V95/><F124/><W114/><G114/><T117/><D30/><U78/><REACH who="1" step="1"/><E60/><REACH who="1" ten="250,193,220,327" step="2"/><V4/><F95/><W28/><G107/><T24/><D109/><U40/><E40/><V9/><F94/><W51/><G102/><T63/><D117/><U21/><E21/><V1/><F101/><W17/><G100/><T127/><D63/><U18/><E18/><V59/><F135/><W96/><G17/><T26/><D133/><U54/><E54/><V62/><F132/><W19/><G19/><T22/><D86/><U131/><E131/><V67/><F1/><W66/><G55/><T103/><D22/><U0/><E0/><N who="2" m="135" /><F67/><W48/><G52/><T104/><D103/><U3/><E3/><V88/><F88/><W110/><G66/><T106/><D106/><RYUUKYOKU ba="0,1" sc="250,-15,193,15,220,15,327,-15" hai1="25,31,32,41,45,49,50,76,78,79,80,82,83" hai2="36,38,59,62" /><INIT seed="2,1,1,2,3,24" ten="235,208,235,312" oya="2" hai0="125,5,69,11,22,135,79,119,80,114,102,0,16" hai1="19,116,107,58,72,51,36,109,75,12,73,89,68" hai2="115,129,111,133,32,65,46,74,88,97,60,106,94" hai3="14,77,85,124,34,132,6,48,95,50,103,61,62"/><V33/><F115/><W134/><G34/><T63/><D114/><U25/><E116/><V41/><F74/><W108/><G108/><T8/><D119/><U17/><E36/><V21/><F129/><W96/><G124/><T112/><D112/><U83/><E68/><V20/><F133/><N who="3" m="51307" /><G6/><T71/><D135/><U49/><E107/><V28/><F106/><W67/><G14/><T126/><D102/><U13/><E25/><V7/><F7/><W59/><G62/><T64/><D11/><U113/><E109/><V29/><F111/><W15/><G15/><T26/><REACH who="0" step="1"/><D69/><REACH who="0" ten="225,208,235,312" step="2"/><U90/><E113/><V55/><F33/><W47/><G47/><T35/><D35/><U104/><E104/><V117/><F32/><W101/><G103/><T98/><D98/><U23/><E75/><AGARI ba="1,2" hai="0,5,8,16,22,26,63,64,71,75,79,80,125,126" machi="75" ten="40,2600,0" yaku="1,1,54,1,53,0" doraHai="24" doraHaiUra="86" who="0" fromWho="1" sc="225,49,208,-29,235,0,312,0" /><INIT seed="3,0,0,2,5,72" ten="274,179,235,312" oya="3" hai0="61,30,84,113,22,24,56,12,11,90,114,67,66" hai1="112,135,124,18,1,6,98,14,33,110,15,100,53" hai2="94,86,92,127,133,109,34,20,62,76,45,103,74" hai3="122,132,105,57,131,55,83,69,38,19,116,50,5"/><W54/><G116/><T91/><D66/><U13/><E112/><N who="0" m="43113" /><D84/><U115/><E115/><V88/><F34/><W119/><G38/><T126/><D126/><U40/><E33/><V41/><F127/><W128/><G69/><T70/><D70/><U95/><E110/><V46/><F109/><W58/><G105/><T23/><D23/><U43/><E135/><V101/><F133/><W99/><G119/><T75/><D75/><U106/><E106/><V97/><F103/><W71/><G71/><T8/><D8/><U29/><E1/><V134/><F134/><W121/><G83/><T37/><D37/><U44/><E29/><V73/><F62/><W107/><G107/><T7/><AGARI ba="0,0" hai="7,11,12,22,24,30,56,61,67,90,91" m="43113" machi="7" ten="30,1100,0" yaku="11,1" doraHai="72" who="0" fromWho="0" sc="274,11,179,-3,235,-3,312,-5" /><INIT seed="4,0,0,4,1,80" ten="285,176,232,307" oya="0" hai0="64,77,69,125,65,58,63,119,89,59,44,73,52" hai1="20,28,78,7,3,75,46,23,41,88,120,35,123" hai2="114,99,22,131,15,55,108,84,18,109,67,12,90" hai3="82,79,19,50,107,111,31,104,1,102,9,96,81"/><T116/><D125/><U97/><E35/><V93/><F114/><W16/><G107/><T2/><D2/><U37/><E28/><V133/><F131/><W115/><G111/><T0/><D0/><U87/><E97/><V94/><F133/><W135/><G115/><T66/><D77/><U129/><E129/><V56/><F67/><N who="0" m="25674" /><D89/><U54/><E54/><V122/><F12/><W72/><G31/><T83/><D83/><N who="1" m="45535" /><E20/><V132/><F122/><W30/><G30/><T40/><D73/><U71/><E23/><V101/><REACH who="2" step="1"/><F132/><REACH who="2" ten="285,176,222,307" step="2"/><W86/><G135/><T24/><D24/><U110/><E110/><V17/><F17/><W53/><G1/><T49/><D69/><U26/><E26/><V21/><F21/><W74/><G19/><T47/><D47/><U6/><E71/><V43/><F43/><W85/><G16/><T33/><D33/><U92/><E7/><V25/><F25/><W112/><G112/><T8/><D8/><AGARI ba="0,1" hai="3,6,8,37,41,46,87,88,92,120,123" m="45535" machi="8" ten="30,3900,0" yaku="25,1,52,1,54,1" doraHai="80" who="1" fromWho="0" sc="285,-39,176,49,222,0,307,0" /><INIT seed="5,0,0,3,5,84" ten="246,225,222,307" oya="1" hai0="127,94,79,68,116,8,69,70,34,17,61,3,82" hai1="65,21,25,128,77,36,45,66,95,44,50,49,4" hai2="72,78,73,89,5,71,88,42,46,126,118,56,124" hai3="29,37,67,90,54,10,106,47,2,111,41,55,83"/><U27/><E128/><V109/><F71/><W123/><G106/><T120/><D116/><U23/><E36/><V75/><F109/><W30/><G123/><T97/><D34/><U132/><E132/><V38/><F118/><W113/><G111/><T99/><D120/><U62/><E4/><V104/><F78/><W63/><G113/><T117/><D117/><U107/><E107/><V33/><F33/><W26/><G10/><T110/><D127/><N who="2" m="48682" /><F104/><W20/><G30/><T43/><D43/><U108/><E108/><V122/><F122/><W58/><G2/><T28/><D28/><U102/><E77/><V7/><F56/><W48/><G37/><T14/><D3/><U112/><E112/><V16/><F16/><W35/><G35/><T98/><D110/><U31/><E62/><V60/><F60/><W53/><G83/><T24/><D24/><U86/><E31/><V80/><F80/><W92/><G67/><T64/><REACH who="0" step="1"/><D94/><REACH who="0" ten="236,225,222,307" step="2"/><U135/><E95/><V134/><F134/><W103/><REACH who="3" step="1"/><G103/><REACH who="3" ten="236,225,222,297" step="2"/><T19/><D19/><U18/><E18/><V115/><F115/><W129/><G129/><T9/><D9/><U13/><E135/><V119/><F119/><W51/><G51/><T130/><D130/><U133/><E133/><V81/><F81/><W105/><G105/><T131/><D131/><U59/><E102/><V114/><F114/><W32/><G32/><T1/><D1/><U96/><E50/><V57/><F5/><W39/><G39/><T12/><D12/><U85/><E49/><V121/><F7/><W0/><G0/><T93/><D93/><RYUUKYOKU ba="0,2" sc="236,15,225,-15,222,-15,297,15" hai0="8,14,17,61,64,68,69,70,79,82,97,98,99" hai3="20,26,29,41,47,48,53,54,55,58,63,90,92" /><INIT seed="6,1,2,5,4,54" ten="251,210,207,312" oya="2" hai0="61,2,13,100,0,107,37,105,127,34,60,75,80" hai1="85,3,50,48,69,32,62,122,14,84,20,90,22" hai2="9,56,40,72,102,87,39,77,114,25,74,64,86" hai3="52,70,109,55,93,115,42,91,96,135,49,21,73"/><V103/><F114/><W5/><G109/><T38/><D13/><U1/><E32/><V57/><F39/><W112/><G73/><T59/><D80/><U43/><E69/><V63/><F40/><W120/><G120/><T121/><D100/><N who="2" m="38442" /><F74/><W51/><G70/><T92/><D92/><U98/><E98/><V53/><F72/><W67/><G67/><T15/><D15/><U132/><E132/><V131/><F131/><W101/><G42/><T24/><D24/><U33/><E33/><V31/><F9/><W68/><G68/><T106/><D75/><U16/><E122/><V19/><F31/><W18/><G101/><T111/><D34/><U97/><E97/><V129/><F77/><W10/><G135/><T36/><D111/><U124/><E124/><V82/><F82/><W28/><G28/><T66/><D121/><U118/><E118/><V89/><F89/><W108/><G108/><T45/><D127/><U47/><E84/><N who="2" m="32299" /><F129/><W123/><G123/><T119/><D119/><U78/><E78/><V95/><F95/><W110/><G110/><T79/><D79/><U71/><E22/><N who="2" m="13535" /><F56/><N who="3" m="32783" /><G10/><T133/><D133/><U125/><E125/><V126/><F126/><W12/><G5/><T11/><D11/><U7/><E7/><V83/><F83/><W99/><G99/><T6/><D6/><U27/><E1/><V41/><F41/><W44/><G115/><T130/><D130/><U76/><E3/><V117/><F117/><W46/><G112/><T58/><D45/><AGARI ba="1,2" hai="12,18,21,44,45,46,51,55,91,93,96" m="32783" machi="45" ten="30,3900,0" yaku="8,1,52,1,54,1" doraHai="54" who="3" fromWho="0" sc="251,-42,210,0,207,0,312,62" /><INIT seed="7,0,0,3,1,71" ten="209,210,207,374" oya="3" hai0="135,128,2,74,39,55,97,48,56,99,133,70,98" hai1="93,51,11,119,115,53,125,80,116,60,91,90,9" hai2="46,120,106,30,89,21,114,22,29,34,23,63,78" hai3="75,77,108,96,20,13,45,72,131,102,122,101,27"/><W15/><G131/><T8/><D128/><U17/><E115/><V6/><F106/><W109/><G101/><T52/><D70/><U92/><E125/><V67/><F114/><W31/><G45/><T18/><D39/><U5/><E60/><V111/><F111/><W16/><G122/><T68/><D68/><U113/><E17/><V47/><F120/><W41/><G41/><T84/><D74/><U79/><E93/><V73/><F6/><W88/><G88/><N who="1" m="33834" /><E92/><V126/><F126/><W65/><G65/><T42/><D42/><U33/><E33/><V132/><F34/><W36/><G36/><T28/><D28/><N who="2" m="10858" /><F73/><W117/><G31/><T58/><D84/><N who="1" m="48159" /><E5/><V107/><F107/><W87/><G109/><T66/><D66/><U0/><E0/><V86/><F78/><W76/><G76/><T130/><D130/><U82/><E82/><N who="2" m="49367" /><F132/><N who="0" m="50762" /><D2/><U100/><E100/><V64/><F64/><W25/><G102/><T123/><D123/><U43/><E113/><V14/><F14/><W124/><G15/><N who="0" m="7527" /><D98/><U10/><E119/><V1/><F1/><W129/><G117/><T85/><D85/><U12/><E116/><V35/><F35/><W110/><G87/><T69/><D69/><U4/><E43/><V134/><F134/><W26/><G110/><T62/><AGARI ba="0,0" hai="48,52,55,56,58,62,97,99" m="7527,50762" machi="62" ten="30,2000,0" yaku="20,1,54,1" doraHai="71" who="0" fromWho="0" sc="209,20,210,-5,207,-5,374,-10" owari="229,2.9,205,-19.5,202,-29.8,364,46.4" /></mjloggm>