<mjloggm ver="2.3"><GO type="169" lobby="0"/><UN n0="%E3%81%BB%E3%81%86%EF%BC%81" n1="%E3%81%9F%E3%81%BE%E5%AD%90" n2="%70%72%6F%6E%61%72%69" n3="%E4%BA%BA%E7%8B%BC" dan="16,17,16,16" rate="2114.36,2255.13,2142.08,2053.75" sx="M,M,M,M"/><TAIKYOKU oya="0"/><INIT seed="0,0,0,1,5,115" ten="250,250,250,250" oya="0" hai0="36,5,48,29,54,119,68,69,27,98,10,44,58" hai1="49,20,103,78,38,124,127,57,51,43,6,104,89" hai2="13,67,19,50,123,130,40,109,32,66,135,60,61" hai3="74,0,120,33,77,112,106,88,101,4,37,118,31"/><T53/><D98/><N who="1" m="61559" /><E6/><V45/><F32/><W107/><G112/><T86/><D86/><U91/><E20/><V3/><F109/><W81/><G120/><T108/><D108/><U46/><E78/><V59/><F130/><W52/><G37/><T83/><D83/><U125/><E57/><V114/><F135/><W7/><G118/><T11/><D119/><U94/><E89/><V97/><F114/><W64/><G64/><T128/><D128/><U73/><E73/><V41/><F123/><W117/><G117/><T133/><D133/><U72/><E72/><V12/><F3/><W93/><G107/><T28/><D28/><U35/><E35/><V102/><F41/><W134/><G134/><T82/><D82/><U131/><E131/><V16/><F12/><W100/><G100/><T110/><D110/><U65/><E65/><V42/><F13/><W14/><G14/><T71/><D5/><U63/><E63/><V122/><F42/><W96/><G0/><T1/><D1/><U105/><E105/><V111/><F122/><W18/><G18/><T17/><D17/><U99/><AGARI ba="0,0" hai="38,43,46,49,51,91,94,99,124,125,127" m="61559" machi="99" ten="30,1100,0" yaku="18,1" doraHai="115" who="1" fromWho="1" sc="250,-5,250,11,250,-3,250,-3" /><INIT seed="1,0,0,4,5,124" ten="245,261,247,247" oya="1" hai0="81,60,50,112,25,103,48,75,73,119,1,72,69" hai1="120,91,56,107,58,80,113,126,70,106,22,82,135" hai2="99,19,27,64,30,28,15,125,47,38,110,79,123" hai3="108,43,74,95,54,61,114,84,122,32,4,67,21"/><U37/><E113/><V34/><F110/><W66/><G114/><T2/><D112/><U51/><E120/><V127/><F123/><W53/><G122/><T78/><D119/><U63/><E37/><V118/><F118/><W97/><G32/><T11/><D103/><U59/><E126/><V98/><F30/><W116/><G108/><T20/><D69/><U26/><E135/><V0/><F79/><W16/><G74/><T111/><D60/><U7/><E7/><V77/><F77/><W35/><G35/><T18/><D111/><U96/><E106/><V68/><F127/><W131/><G116/><T109/><D109/><U132/><E132/><V24/><F24/><W71/><G43/><T46/><D50/><U62/><E51/><V14/><F14/><W129/><G4/><T90/><D90/><U104/><E104/><V9/><F125/><W117/><G84/><T39/><D39/><U93/><E107/><V89/><F89/><W92/><G66/><T57/><D57/><U49/><E49/><V133/><F133/><W86/><G86/><T8/><D8/><U41/><E41/><N who="2" m="22967" /><F0/><W88/><G95/><T13/><D1/><U12/><E12/><V55/><F55/><W128/><G117/><T10/><D2/><U105/><E105/><V33/><F33/><W85/><G85/><T6/><REACH who="0" step="1"/><D10/><REACH who="0" ten="235,261,247,247" step="2"/><U87/><E70/><V115/><F115/><W52/><G54/><AGARI ba="0,1" hai="6,11,13,18,20,25,46,48,54,72,73,75,78,81" machi="54" ten="30,3900,0" yaku="1,1,2,1,7,1,53,0" doraHai="124" doraHaiUra="134" who="0" fromWho="3" sc="235,49,261,0,247,0,247,-39" /><INIT seed="2,0,0,0,2,129" ten="284,261,247,208" oya="2" hai0="95,65,16,59,115,130,100,127,36,79,123,64,30" hai1="108,47,120,56,2,20,17,132,109,111,87,38,32" hai2="66,125,78,54,76,96,118,14,77,103,18,51,53" hai3="21,91,55,34,101,3,121,113,122,58,86,23,69"/><V24/><F118/><W93/><G3/><T44/><D123/><U88/><E2/><V19/><F125/><W126/><G34/><T81/><D30/><U57/><E32/><V67/><F24/><W1/><G1/><T102/><D115/><U8/><E8/><V48/><F96/><W11/><G126/><T52/><D130/><U71/><E71/><V4/><F103/><W50/><G69/><T25/><D44/><U28/><E28/><V82/><F82/><W73/><G113/><T5/><D36/><U35/><E35/><V41/><F41/><W119/><G119/><T116/><D5/><U107/><E107/><V135/><F4/><W49/><G73/><T98/><D102/><U43/><E132/><V72/><F72/><W33/><G33/><T62/><D127/><U99/><E99/><V104/><F104/><W84/><G11/><T6/><D6/><U70/><E70/><V9/><F19/><W31/><G101/><T105/><D105/><U85/><E85/><V60/><F60/><W15/><G86/><N who="0" m="48447" /><D116/><U92/><REACH who="1" step="1"/><E120/><REACH who="1" ten="284,251,247,208" step="2"/><V114/><F114/><W117/><G117/><T90/><D100/><U45/><E45/><N who="2" m="27791" /><F135/><W13/><G121/><T112/><D112/><U124/><E124/><V27/><F27/><AGARI ba="0,1" hai="17,20,27,38,43,47,56,57,87,88,92,108,109,111" machi="27" ten="40,5200,0" yaku="1,1,14,1,54,1,53,0" doraHai="129" doraHaiUra="134" who="1" fromWho="2" sc="284,0,251,62,247,-52,208,0" /><INIT seed="3,0,0,3,2,89" ten="284,313,195,208" oya="3" hai0="38,33,98,83,64,90,122,63,93,14,126,102,105" hai1="49,9,91,109,75,55,37,42,117,82,51,35,133" hai2="25,46,131,123,39,2,84,16,97,32,26,57,108" hai3="128,50,67,87,62,129,110,120,41,47,76,45,0"/><W78/><G120/><T7/><D38/><U13/><E35/><V134/><F123/><W4/><G0/><T125/><D122/><U53/><E109/><V101/><F108/><W132/><G110/><T65/><D33/><U106/><E106/><V44/><F134/><W104/><G104/><T73/><D7/><U77/><E133/><V34/><F131/><N who="3" m="50251" /><G4/><T30/><D30/><U70/><E70/><V61/><F84/><W52/><G132/><T8/><D83/><U1/><E117/><V3/><F32/><W24/><G24/><T86/><D73/><U121/><E121/><V6/><F34/><W107/><G107/><T79/><D79/><U74/><E1/><V43/><F46/><W100/><G100/><T12/><D65/><U56/><E42/><V22/><F25/><W60/><G87/><T17/><REACH who="0" step="1"/><D12/><REACH who="0" ten="274,313,195,208" step="2"/><U54/><E74/><V113/><F6/><W99/><G99/><T116/><D116/><U88/><E37/><V19/><F113/><W96/><G96/><T58/><AGARI ba="0,1" hai="8,14,17,58,63,64,86,90,93,98,102,105,125,126" machi="58" ten="30,4000,0" yaku="1,1,0,1,52,1,53,0" doraHai="89" doraHaiUra="36" who="0" fromWho="0" sc="274,50,313,-10,195,-10,208,-20" /><INIT seed="4,0,0,0,0,70" ten="324,303,185,188" oya="0" hai0="127,41,135,14,17,37,125,92,20,82,22,113,102" hai1="8,10,81,46,132,4,32,85,52,99,44,75,122" hai2="49,30,87,15,36,45,78,6,63,77,105,97,121" hai3="18,2,34,74,107,61,119,72,100,24,53,71,39"/><T86/><D113/><U55/><E122/><V108/><F108/><W62/><G119/><T65/><D135/><U130/><E32/><V98/><F121/><W25/><G2/><T59/><D22/><U28/><E28/><V67/><F30/><W33/><G53/><N who="1" m="20554" /><E75/><V110/><F110/><W116/><G18/><T35/><D35/><U50/><E132/><V48/><F48/><W84/><G84/><T101/><D65/><U13/><E130/><V60/><F49/><W66/><G116/><T38/><D59/><U16/><E99/><V89/><F98/><W26/><G62/><T43/><D43/><N who="1" m="24863" /><E46/><V0/><F97/><N who="3" m="61839" /><G34/><T21/><D41/><U112/><E112/><V114/><F0/><W56/><G56/><T42/><D42/><U11/><E4/><V80/><F6/><W109/><G109/><T79/><D21/><U83/><E83/><V64/><F80/><W117/><G117/><T12/><D12/><U106/><E106/><V9/><F105/><W7/><G7/><T129/><D129/><U40/><E40/><V19/><F114/><W93/><G26/><T90/><D102/><U69/><E69/><V31/><F31/><N who="3" m="19687" /><G25/><T96/><REACH who="0" step="1"/><D101/><REACH who="0" ten="314,303,185,188" step="2"/><U5/><E5/><V54/><F67/><W118/><G118/><T76/><D76/><AGARI ba="0,1" hai="8,10,11,13,16,76,81,85" m="24863,20554" machi="76" ten="30,3900,0" yaku="8,1,54,2" doraHai="70" who="1" fromWho="0" sc="314,-39,303,49,185,0,188,0" /><INIT seed="5,0,0,1,2,115" ten="275,352,185,188" oya="1" hai0="44,1,114,67,105,88,60,65,62,48,12,27,84" hai1="51,99,5,78,28,132,39,30,127,100,31,46,56" hai2="134,22,89,125,10,73,75,123,131,91,50,81,24" hai3="69,80,61,13,21,43,112,129,52,110,103,135,92"/><U104/><E132/><V58/><F123/><W108/><G112/><T101/><D1/><U55/><E127/><V15/><F134/><W29/><G135/><T18/><D114/><U47/><E5/><V124/><F131/><W54/><G129/><T119/><D119/><U93/><E104/><V128/><F128/><W42/><G80/><T94/><D27/><U49/><E39/><V23/><F50/><W7/><G54/><T37/><D37/><U97/><E78/><V109/><F58/><W76/><G76/><T77/><D101/><U86/><E99/><V133/><F133/><W35/><G35/><T53/><D105/><U79/><REACH who="1" step="1"/><E51/><REACH who="1" ten="275,342,185,188" step="2"/><V87/><F125/><W41/><G7/><T122/><D77/><U106/><E106/><V14/><F124/><W9/><G110/><T66/><REACH who="0" step="1"/><D122/><REACH who="0" ten="265,342,185,188" step="2"/><U117/><E117/><V32/><F109/><W107/><G108/><T2/><D2/><U83/><AGARI ba="0,2" hai="28,30,31,46,47,49,55,56,79,83,86,93,97,100" machi="83" ten="30,6000,0" yaku="1,1,0,1,8,1,53,0" doraHai="115" doraHaiUra="6" who="1" fromWho="1" sc="265,-20,342,80,185,-20,188,-20" /><INIT seed="5,1,0,1,4,3" ten="245,422,165,168" oya="1" hai0="63,61,74,40,4,108,93,46,131,52,101,102,22" hai1="28,87,38,98,79,62,81,71,114,90,85,23,123" hai2="7,49,55,104,117,129,122,84,42,111,68,80,109" hai3="116,48,83,11,110,99,103,107,51,86,134,124,13"/><U97/><E123/><V78/><F122/><W30/><G110/><T95/><D108/><U126/><E38/><V91/><F117/><W75/><G134/><T1/><D74/><U89/><E114/><V5/><F68/><W127/><G116/><T0/><D131/><U120/><E120/><V16/><F129/><W58/><G30/><T135/><D135/><U112/><E126/><N who="3" m="48170" /><G58/><T82/><D82/><U2/><E2/><V77/><F104/><W27/><G27/><T133/><D22/><U73/><E71/><V24/><F111/><W72/><G72/><T69/><D69/><U21/><E62/><V130/><F42/><W41/><G41/><T50/><D0/><U53/><E53/><V12/><F24/><W26/><G26/><T19/><D63/><U125/><E125/><V88/><F130/><W128/><G75/><T67/><D67/><U18/><E112/><V14/><F109/><W96/><G96/><T25/><D61/><U43/><E43/><V20/><F91/><N who="3" m="51679" /><G128/><T66/><D40/><U10/><E28/><V36/><F36/><W31/><G31/><T119/><D119/><U132/><E73/><V76/><F12/><W32/><G32/><T106/><D133/><U100/><E90/><V9/><F20/><W59/><G59/><AGARI ba="1,0" hai="5,7,9,14,16,49,55,59,76,77,78,80,84,88" machi="59" ten="40,8000,1" yaku="8,1,52,2,54,2" doraHai="3" who="2" fromWho="3" sc="245,0,422,0,165,83,168,-83" /><INIT seed="6,0,0,2,3,135" ten="245,422,248,85" oya="2" hai0="43,74,133,71,54,12,115,19,56,57,60,119,29" hai1="30,42,58,62,84,40,17,47,27,134,126,122,39" hai2="20,118,53,89,79,44,65,36,68,124,87,8,128" hai3="100,77,18,83,108,25,34,123,45,73,98,22,78"/><V85/><F118/><W9/><G108/><T66/><D74/><U106/><E126/><V3/><F124/><W64/><G123/><T117/><D115/><U127/><E127/><V80/><F128/><W63/><G78/><T0/><D0/><U125/><E125/><V131/><F65/><W55/><G45/><T23/><D133/><U96/><E134/><V70/><F131/><W103/><G55/><T1/><D1/><U129/><E129/><V46/><F46/><W49/><G49/><N who="0" m="30799" /><D29/><U109/><E42/><V31/><F3/><W33/><G9/><T11/><D43/><U104/><E109/><V13/><F68/><W102/><REACH who="3" step="1"/><G98/><REACH who="3" ten="245,422,248,75" step="2"/><T121/><D121/><U92/><E47/><V110/><F53/><W16/><G16/><T75/><D11/><U114/><E122/><V7/><F44/><W72/><G72/><T24/><D75/><U15/><E96/><V95/><F110/><W26/><G26/><T21/><D119/><U132/><E132/><V88/><F79/><W10/><G10/><T4/><D117/><U37/><E27/><V101/><F8/><W113/><G113/><T116/><D116/><U6/><E114/><V99/><F99/><W2/><G2/><T61/><D4/><U81/><E17/><V86/><F7/><W38/><G38/><T59/><D24/><U97/><E6/><V111/><F36/><W28/><G28/><T41/><D41/><U48/><E39/><V105/><F31/><W51/><G51/><T14/><D61/><U82/><E30/><V90/><F111/><W112/><G112/><T94/><D19/><RYUUKYOKU ba="0,1" sc="245,-10,422,-10,248,-10,75,30" hai3="18,22,25,33,34,63,64,73,77,83,100,102,103" /><INIT seed="7,1,1,2,0,77" ten="235,412,238,105" oya="3" hai0="1,9,82,37,87,0,38,64,101,68,16,129,46" hai1="50,57,75,58,106,133,109,73,100,96,104,79,102" hai2="89,21,34,85,25,110,67,62,48,19,118,119,125" hai3="72,55,98,121,78,54,88,81,27,29,2,41,114"/><W11/><G121/><T113/><D129/><U8/><E109/><V22/><F110/><W30/><G114/><T69/><D113/><U107/><E133/><V40/><F34/><W123/><G123/><T53/><D101/><U56/><E8/><V3/><F3/><W99/><G41/><T108/><D108/><U122/><E122/><V63/><F125/><W39/><G39/><T93/><D69/><U120/><E120/><V51/><F22/><W13/><G2/><T59/><D68/><U132/><E132/><V86/><F86/><W15/><G15/><T24/><D93/><U127/><E79/><V10/><F40/><W90/><G99/><T26/><D37/><U12/><E12/><V130/><F25/><W7/><G30/><T71/><D71/><U32/><E32/><V105/><F130/><W18/><G7/><T131/><D131/><U117/><E117/><V128/><F128/><W111/><G111/><T36/><D36/><U70/><E70/><V35/><F35/><W84/><G98/><T52/><D38/><U45/><E127/><V95/><F119/><W124/><G124/><T60/><D0/><U49/><E96/><V47/><F10/><W42/><G42/><T5/><D26/><U115/><E115/><V74/><F118/><W103/><G103/><N who="1" m="39466" /><E45/><V97/><F97/><W80/><G90/><T33/><D1/><U23/><E23/><AGARI ba="1,1" hai="11,13,18,23,27,29,54,55,72,78,80,81,84,88" machi="23" ten="30,11600,0" yaku="7,1,52,2,54,1" doraHai="77" who="3" fromWho="1" sc="235,0,412,-119,238,0,105,129" /><INIT seed="7,2,0,5,3,129" ten="235,293,238,234" oya="3" hai0="41,84,5,91,19,123,39,32,54,24,75,62,36" hai1="15,48,115,56,14,38,29,37,25,63,76,95,64" hai2="85,132,23,109,114,120,49,130,44,28,82,12,80" hai3="118,73,98,87,125,69,90,6,134,67,103,27,51"/><W128/><G118/><T108/><D75/><U72/><E115/><V47/><F109/><W1/><G128/><T17/><D108/><U30/><E30/><V20/><F120/><W122/><G122/><T13/><D123/><U78/><E38/><V10/><F114/><W127/><G73/><T106/><D106/><U77/><E37/><V4/><F132/><W42/><G1/><T89/><D5/><U79/><N who="1" m="19456" /><DORA hai="34" /><U2/><E2/><V45/><F130/><W94/><G6/><T68/><D91/><U31/><E31/><V71/><F71/><W65/><G134/><T11/><D41/><U40/><E95/><V126/><F126/><N who="3" m="48139" /><G69/><T7/><D17/><U21/><E72/><V55/><F28/><W133/><G133/><T59/><D68/><U74/><E74/><V83/><REACH who="2" step="1"/><F85/><REACH who="2" ten="235,293,228,234" step="2"/><W9/><G27/><T92/><D32/><U66/><E29/><V93/><F93/><N who="3" m="58831" /><G9/><T86/><D84/><U105/><E25/><V3/><F3/><W102/><G102/><T97/><D86/><U61/><E105/><V70/><F70/><W116/><G116/><T81/><D81/><U135/><E135/><V111/><F111/><W117/><G117/><T99/><D99/><U26/><E26/><V52/><F52/><W0/><G0/><T110/><D110/><U112/><E112/><V50/><F50/><W121/><G121/><T57/><D24/><U113/><E113/><V131/><F131/><W96/><G87/><T46/><D11/><U88/><E48/><V22/><AGARI ba="2,1" hai="4,10,12,20,22,23,44,45,47,49,55,80,82,83" machi="22" ten="30,12000,2" yaku="1,1,0,1,8,1,53,3" doraHai="129,34" doraHaiUra="124,43" who="2" fromWho="2" sc="235,-32,293,-32,228,136,234,-62" owari="203,-19.7,261,6.1,364,46.4,172,-32.8" /></mjloggm>