<mjloggm ver="2.3"><GO type="169" lobby="0"/><UN n0="%78%78%62%6D%6D" n1="%41%4C%50%45%52%49%4E" n2="%E3%82%A4%E3%82%B1%33" n3="%E9%95%B7%E5%B2%A1" dan="17,16,17,16" rate="2193.16,2126.93,2109.85,2130.59" sx="M,M,M,M"/><TAIKYOKU oya="0"/><INIT seed="0,0,0,2,1,61" ten="250,250,250,250" oya="0" hai0="16,75,20,38,6,19,52,69,74,50,131,55,66" hai1="123,12,114,73,132,4,33,54,91,99,24,126,89" hai2="119,88,53,72,32,112,77,115,102,125,27,37,76" hai3="36,113,21,71,0,35,15,7,48,81,133,26,45"/><T130/><D38/><U128/><E123/><V104/><F37/><W34/><G113/><T83/><D6/><U62/><E73/><V106/><F53/><W9/><G133/><T79/><D74/><U96/><E132/><V2/><F27/><W111/><G111/><T11/><D11/><U25/><E126/><V67/><F32/><W39/><G71/><T5/><D5/><U23/><E128/><N who="0" m="49193" /><D55/><U58/><E33/><V68/><F68/><W60/><G35/><T57/><D20/><U28/><E25/><V40/><F72/><W63/><G63/><AGARI ba="0,0" hai="16,19,50,52,57,63,66,69,75,79,83" m="49193" machi="63" ten="30,11600,0" yaku="19,1,52,1,54,2" doraHai="61" who="0" fromWho="3" sc="250,116,250,0,250,0,250,-116" /><INIT seed="0,1,0,3,1,23" ten="366,250,250,134" oya="0" hai0="43,47,56,129,46,30,11,81,93,76,77,124,94" hai1="121,26,83,50,69,51,71,115,120,123,127,122,17" hai2="135,19,37,113,88,72,125,62,92,82,8,31,27" hai3="89,32,97,33,107,95,101,35,15,53,40,1,34"/><T21/><D124/><U102/><E123/><V103/><F113/><W106/><G1/><T52/><D129/><U85/><E127/><V130/><F125/><W36/><N who="3" m="8192" /><DORA hai="133" /><W60/><G36/><T131/><D131/><U75/><E75/><V117/><F117/><W90/><G40/><T79/><D81/><U114/><E102/><V132/><F130/><W119/><G119/><T105/><D105/><U24/><E17/><V5/><F19/><W73/><G73/><T28/><D11/><U70/><E85/><V96/><F62/><W66/><G53/><T61/><D47/><U78/><E83/><V22/><F37/><W118/><G118/><T4/><D4/><U42/><E78/><V98/><F72/><W67/><G15/><T48/><REACH who="0" step="1"/><D30/><REACH who="0" ten="356,250,250,134" step="2"/><U86/><E42/><V10/><F82/><W104/><REACH who="3" step="1"/><G67/><REACH who="3" ten="356,250,250,124" step="2"/><T16/><D16/><U41/><E41/><V29/><F29/><W59/><AGARI ba="1,2" hai="59,60,66,89,90,95,97,101,104,106,107" m="8192" machi="59" ten="70,8000,1" yaku="1,1,2,1,0,1,53,0" doraHai="23,133" doraHaiUra="68,3" who="3" fromWho="3" sc="356,-41,250,-21,250,-21,124,103" /><INIT seed="1,0,0,0,4,128" ten="315,229,229,227" oya="1" hai0="24,45,133,76,35,95,101,91,93,23,75,127,2" hai1="71,48,47,94,118,112,55,116,117,41,0,64,103" hai2="80,57,100,49,62,77,96,119,31,26,43,19,87" hai3="61,88,30,115,69,82,109,56,33,134,73,14,67"/><U90/><E0/><V122/><F119/><W113/><G109/><T29/><D127/><U28/><E103/><V25/><F122/><W102/><G134/><T129/><D129/><U9/><E28/><V98/><F19/><W120/><G120/><T54/><D2/><U51/><E9/><V78/><F78/><W81/><G56/><T6/><D6/><U38/><E90/><V5/><F5/><W130/><G130/><T104/><D35/><U83/><E94/><V132/><F132/><W18/><G102/><T65/><D65/><U111/><E83/><V11/><F11/><W36/><G36/><T46/><D54/><U79/><E79/><V89/><F89/><W126/><G126/><T3/><D3/><U108/><E112/><V42/><F49/><N who="1" m="19017" /><E55/><V4/><F4/><W34/><G82/><N who="0" m="45343" /><D95/><U63/><AGARI ba="0,0" hai="38,41,47,63,64,71,108,111,116,117,118" m="19017" machi="63" ten="40,3900,0" yaku="34,2" doraHai="128" who="1" fromWho="1" sc="315,-13,229,39,229,-13,227,-13" /><INIT seed="1,1,0,5,3,35" ten="302,268,216,214" oya="1" hai0="73,131,0,71,99,29,124,112,25,6,109,126,34" hai1="98,32,1,103,33,44,31,27,90,52,105,100,43" hai2="135,86,115,88,4,45,67,56,14,3,64,111,133" hai3="46,2,26,38,132,123,117,23,125,10,72,40,53"/><U82/><E1/><V84/><F115/><W96/><G123/><T65/><D112/><U55/><E33/><V15/><F111/><W28/><G125/><T129/><D73/><U36/><REACH who="1" step="1"/><E103/><REACH who="1" ten="302,258,216,214" step="2"/><V8/><F3/><W102/><G117/><T13/><D0/><U108/><E108/><V104/><F135/><W97/><G132/><T130/><D109/><U92/><E92/><V121/><F133/><W70/><G102/><T63/><REACH who="0" step="1"/><D99/><REACH who="0" ten="292,258,216,214" step="2"/><U30/><E30/><V77/><F121/><W95/><G97/><T119/><D119/><U42/><E42/><V114/><F114/><W85/><G96/><T57/><D57/><U49/><E49/><V93/><F56/><W101/><G28/><T120/><D120/><U94/><E94/><V47/><F93/><W89/><G95/><T106/><D106/><U128/><E128/><V118/><F104/><W69/><G101/><T113/><D113/><U76/><E76/><V122/><F77/><W48/><G89/><T21/><D21/><U7/><E7/><V58/><F88/><W68/><G2/><T20/><D20/><U51/><E51/><V50/><F50/><W16/><G48/><T18/><D18/><U39/><E39/><V134/><F58/><W110/><G110/><T5/><D5/><U74/><E74/><V59/><F59/><W91/><G72/><T60/><D60/><U79/><E79/><V127/><F134/><W54/><G91/><T12/><D12/><U80/><E80/><V81/><F81/><W24/><G38/><T62/><D62/><U87/><AGARI ba="1,2" hai="27,31,32,36,43,44,52,55,82,87,90,98,100,105" machi="87" ten="30,6000,0" yaku="1,1,0,1,54,1,53,0" doraHai="35" doraHaiUra="75" who="1" fromWho="1" sc="292,-21,258,83,216,-21,214,-21" /><INIT seed="1,2,0,5,3,36" ten="271,341,195,193" oya="1" hai0="102,73,103,45,120,77,105,104,34,83,111,38,134" hai1="9,110,23,40,30,10,17,1,31,82,128,32,39" hai2="49,87,119,81,95,25,99,37,18,20,46,98,5" hai3="115,24,12,133,29,35,59,116,135,14,61,91,6"/><U97/><E128/><V47/><F119/><W71/><G115/><T64/><D34/><U85/><E110/><V84/><F5/><W48/><G116/><T117/><D117/><U62/><E32/><V2/><F2/><W124/><G124/><T122/><D64/><U21/><E97/><V78/><F37/><W123/><G123/><N who="0" m="47147" /><D111/><U44/><E62/><V19/><F47/><W112/><G112/><T57/><D57/><U89/><E1/><V79/><F18/><W26/><G24/><T130/><D130/><U101/><E101/><N who="0" m="38409" /><D134/><N who="3" m="51209" /><G6/><T22/><D22/><U92/><E92/><V118/><F118/><W88/><G71/><T7/><D7/><U54/><E54/><V72/><F72/><W125/><G125/><T51/><D38/><U0/><E0/><V50/><F50/><W4/><G48/><T28/><D28/><U106/><E106/><V121/><F121/><W100/><G100/><T93/><D93/><U107/><E107/><V126/><F126/><W127/><G127/><T94/><D94/><U3/><E3/><V90/><REACH who="2" step="1"/><F79/><REACH who="2" ten="271,341,185,193" step="2"/><W80/><G4/><T66/><D51/><U16/><E17/><V65/><F65/><N who="3" m="39103" /><G91/><T60/><D45/><U11/><REACH who="1" step="1"/><E23/><REACH who="1" ten="271,331,185,193" step="2"/><V52/><AGARI ba="2,2" hai="19,20,25,46,49,52,78,81,84,87,90,95,98,99" machi="52" ten="20,8000,1" yaku="1,1,0,1,7,1,8,1,54,1,53,0" doraHai="36" doraHaiUra="132" who="2" fromWho="2" sc="271,-22,331,-42,185,106,193,-22" /><INIT seed="2,0,0,1,1,25" ten="249,289,291,171" oya="2" hai0="110,87,78,134,20,7,17,8,50,70,72,5,94" hai1="88,46,76,100,104,41,13,45,54,15,26,67,130" hai2="74,89,57,39,58,123,2,117,91,40,14,80,127" hai3="28,0,105,122,6,106,66,98,1,65,33,120,97"/><V118/><F123/><W82/><G33/><T115/><D115/><U68/><E130/><V60/><F2/><W47/><G47/><T44/><D70/><U101/><E76/><V113/><F113/><W35/><G35/><T22/><D72/><U3/><E3/><V10/><F127/><W96/><G82/><T119/><D134/><U132/><E132/><V9/><F40/><W37/><G97/><T111/><D5/><U43/><E68/><V112/><F112/><W55/><G55/><T62/><D62/><U64/><E54/><V27/><F39/><W16/><G6/><T53/><D119/><U124/><E26/><V59/><F60/><W77/><G37/><T102/><D102/><U31/><E104/><V30/><F118/><W99/><G99/><T133/><D133/><U51/><E51/><V49/><F49/><W71/><G71/><T18/><D18/><U84/><E84/><V42/><F42/><W38/><G16/><T125/><D17/><U129/><E129/><V83/><F14/><W86/><G86/><T11/><D125/><U108/><E124/><V29/><F27/><W135/><G38/><T21/><D7/><U131/><E131/><V75/><F59/><W128/><G128/><T12/><D12/><U34/><E34/><V79/><F117/><W73/><G135/><T92/><D78/><AGARI ba="0,0" hai="9,10,29,30,57,58,74,75,78,79,80,83,89,91" machi="78" ten="25,9600,0" yaku="22,2,52,2" doraHai="25" who="2" fromWho="0" sc="249,-96,289,0,291,96,171,0" /><INIT seed="2,1,0,4,2,111" ten="153,289,387,171" oya="2" hai0="20,73,133,25,135,78,124,130,81,31,63,134,103" hai1="1,62,59,79,123,44,113,24,32,76,19,72,18" hai2="88,98,23,0,26,42,95,60,101,13,2,64,109" hai3="116,53,87,114,128,58,37,36,66,41,108,5,46"/><V47/><F109/><W16/><G108/><T68/><D103/><U100/><E1/><V118/><F13/><W122/><G116/><T93/><D93/><U117/><E117/><V125/><F125/><W110/><G110/><T3/><D3/><U10/><E100/><V92/><F118/><W40/><G122/><T4/><D4/><U11/><E44/><V38/><F92/><W14/><G128/><T75/><D130/><U67/><E72/><V43/><F43/><W112/><G5/><T105/><D124/><U56/><E62/><V15/><F15/><W55/><G66/><N who="0" m="41055" /><D105/><U90/><E67/><V49/><F38/><W51/><G87/><AGARI ba="1,0" hai="20,25,31,73,75,78,81,87,133,134,135" m="41055" machi="87" ten="30,1000,0" yaku="20,1" doraHai="111" who="0" fromWho="3" sc="153,13,289,0,387,0,171,-13" /><INIT seed="3,0,0,3,4,3" ten="166,289,387,158" oya="3" hai0="34,88,60,66,10,63,92,42,134,81,72,129,16" hai1="24,111,98,76,124,109,128,55,75,119,95,103,45" hai2="27,101,17,32,1,91,8,64,77,59,121,26,130" hai3="46,62,104,107,13,58,12,116,125,122,4,118,89"/><W96/><G122/><T41/><D34/><U53/><E128/><V102/><F130/><W93/><G125/><T5/><D129/><U73/><E124/><V80/><F91/><W56/><G46/><T67/><D134/><U120/><E120/><V131/><F131/><W18/><G118/><T84/><D72/><N who="1" m="27723" /><E76/><V15/><F1/><W52/><G116/><T127/><D127/><U38/><E24/><N who="2" m="9259" /><F32/><W22/><REACH who="3" step="1"/><G56/><REACH who="3" ten="166,289,387,148" step="2"/><T65/><D81/><U126/><E45/><V123/><F121/><W9/><AGARI ba="0,1" hai="4,9,12,13,18,22,52,58,62,89,93,96,104,107" machi="9" ten="30,18000,2" yaku="1,1,2,1,0,1,52,1,54,1,53,2" doraHai="3" doraHaiUra="100" who="3" fromWho="3" sc="166,-60,289,-60,387,-60,148,190" /><INIT seed="3,1,0,4,0,54" ten="106,229,327,338" oya="3" hai0="13,26,72,74,17,129,95,21,85,134,80,108,43" hai1="122,23,119,62,75,91,9,126,50,107,45,127,83" hai2="31,63,35,89,90,79,36,94,53,6,68,24,19" hai3="65,27,87,56,44,3,30,116,128,12,1,73,57"/><W76/><G116/><T40/><D108/><U102/><E122/><V32/><F36/><W2/><G128/><T131/><D134/><U59/><E119/><V93/><F79/><W88/><G65/><T114/><D114/><U110/><E110/><V52/><F6/><W4/><G44/><T8/><D95/><U28/><E9/><V39/><F39/><W97/><G73/><T16/><D74/><U14/><E102/><V66/><F35/><W105/><G76/><T33/><D72/><U92/><E107/><V82/><F82/><W47/><G47/><T22/><D33/><U41/><E83/><V109/><F109/><W7/><G97/><T132/><D132/><U78/><E78/><V64/><F64/><W133/><G105/><T84/><D84/><U130/><E130/><N who="0" m="49673" /><D8/><U124/><E75/><V70/><F70/><W71/><G71/><T96/><D96/><U48/><E48/><V10/><F10/><W34/><G133/><T120/><D120/><U60/><E28/><V121/><F19/><W46/><G46/><T125/><D125/><U5/><E5/><V49/><F121/><W11/><REACH who="3" step="1"/><G4/><REACH who="3" ten="106,229,327,328" step="2"/><T58/><D58/><U86/><E59/><N who="2" m="35303" /><F68/><W98/><G98/><T101/><D101/><U0/><E124/><V25/><F66/><W77/><G77/><AGARI ba="1,1" hai="13,16,17,21,22,26,40,43,77,80,85" m="49673" machi="77" ten="30,2000,0" yaku="19,1,54,1" doraHai="54" who="0" fromWho="3" sc="106,33,229,0,327,0,328,-23" /><INIT seed="4,0,0,4,3,134" ten="139,229,327,305" oya="0" hai0="127,78,105,21,119,7,25,81,111,87,24,38,97" hai1="26,92,6,89,104,102,16,30,107,22,32,65,36" hai2="17,49,37,20,100,88,5,131,82,93,72,66,58" hai3="14,135,40,86,47,122,48,112,28,9,69,46,115"/><T62/><D119/><U116/><E116/><V94/><F37/><W80/><G69/><T59/><D111/><U130/><E36/><V60/><F131/><W132/><G28/><T74/><D38/><U3/><E130/><V54/><F5/><W85/><G46/><T133/><D133/><N who="3" m="51273" /><G122/><T8/><D127/><U45/><E65/><V63/><F100/><W129/><G129/><T71/><D71/><U95/><E45/><V99/><F93/><W118/><G118/><T120/><D74/><U124/><E124/><V123/><F123/><W4/><G86/><T1/><D120/><U11/><E92/><V44/><F82/><W77/><AGARI ba="0,0" hai="4,9,14,40,47,48,77,80,85,112,115" m="51273" machi="77" ten="30,2000,0" yaku="25,1,20,1" doraHai="134" who="3" fromWho="3" sc="139,-10,229,-5,327,-5,305,20" /><INIT seed="5,0,0,5,2,67" ten="129,224,322,325" oya="1" hai0="84,106,55,10,118,73,60,107,45,38,135,3,75" hai1="83,76,88,87,43,98,113,112,127,62,6,105,15" hai2="111,25,47,53,94,114,42,21,80,108,46,20,119" hai3="27,61,5,23,97,16,121,57,17,1,109,81,36"/><U56/><E127/><V65/><F119/><W26/><G109/><T33/><D84/><U18/><E6/><V85/><F114/><N who="1" m="44137" /><E43/><V104/><F104/><W54/><G121/><T78/><D118/><U48/><E48/><V129/><F129/><W124/><G124/><T7/><D135/><U24/><E24/><V59/><F94/><W41/><G81/><N who="0" m="45263" /><D75/><U110/><E110/><V99/><F99/><W69/><G97/><T50/><D33/><U102/><E56/><V14/><F14/><W39/><G41/><N who="0" m="22711" /><D50/><U49/><E49/><V13/><F13/><W58/><G69/><T115/><D115/><U101/><E62/><V86/><F53/><W133/><G133/><T22/><D22/><N who="1" m="11615" /><E101/><V9/><F21/><W12/><G27/><T0/><D0/><U19/><E19/><V117/><F117/><W122/><G122/><T96/><D96/><U82/><E82/><V125/><F80/><W90/><G58/><AGARI ba="0,0" hai="3,7,10,55,58,60,106,107" m="22711,45263" machi="58" ten="30,1000,0" yaku="25,1" doraHai="67" who="0" fromWho="3" sc="129,10,224,0,322,0,325,-10" /><INIT seed="6,0,0,4,4,107" ten="139,224,322,315" oya="2" hai0="29,101,81,93,121,48,45,105,76,89,88,12,62" hai1="58,71,23,75,126,41,83,99,67,63,70,43,35" hai2="14,118,97,31,1,37,125,21,16,44,72,74,112" hai3="128,134,117,6,90,46,33,38,18,103,78,57,84"/><V25/><F118/><W24/><G117/><T3/><D121/><U20/><E35/><V32/><F112/><W80/><G128/><T131/><D3/><U11/><E126/><V4/><F125/><W104/><G134/><T27/><D131/><U7/><E99/><V42/><F97/><W40/><G6/><T19/><D62/><U94/><E94/><V5/><REACH who="2" step="1"/><F4/><REACH who="2" ten="139,224,312,315" step="2"/><W120/><G120/><T130/><D130/><U55/><E7/><V36/><F36/><W73/><G38/><T53/><D105/><U77/><E71/><V135/><F135/><W132/><G132/><T91/><D101/><U64/><E70/><V30/><F30/><W49/><G103/><T68/><D68/><U2/><E67/><V82/><F82/><W39/><G104/><T22/><D93/><U17/><E64/><V100/><F100/><W122/><G122/><T106/><D106/><U15/><E83/><V116/><F116/><W133/><G133/><T98/><D98/><U95/><E95/><V127/><F127/><W26/><G18/><T115/><D115/><U96/><E17/><V85/><F85/><W109/><G109/><T110/><D110/><U60/><E96/><V52/><F52/><W123/><G123/><T129/><D129/><U124/><E55/><V34/><F34/><W0/><G33/><T111/><D111/><U56/><E124/><V10/><AGARI ba="0,1" hai="1,5,10,14,16,21,25,31,32,37,42,44,72,74" machi="10" ten="30,18000,2" yaku="1,1,0,1,24,2,52,2,54,1,53,0" doraHai="107" doraHaiUra="113" who="2" fromWho="2" sc="139,-60,224,-60,312,190,315,-60" /><INIT seed="6,1,0,4,3,72" ten="79,164,502,255" oya="2" hai0="123,126,107,1,57,115,131,120,7,92,75,69,52" hai1="5,132,86,87,118,129,84,66,65,59,46,55,18" hai2="42,43,104,83,103,108,35,54,82,89,122,56,67" hai3="114,51,27,110,37,38,60,100,53,49,95,130,8"/><V134/><F122/><W76/><G110/><T13/><D107/><U28/><E118/><V93/><F134/><W106/><G106/><T29/><D69/><U58/><E129/><V90/><F35/><W62/><G130/><T91/><D131/><U23/><E28/><V44/><F108/><W19/><G114/><T70/><D70/><U77/><E5/><V135/><F135/><W80/><G37/><T127/><D1/><U6/><E6/><V97/><F67/><W24/><G38/><T101/><D101/><U33/><E33/><V78/><F83/><W48/><G53/><T61/><D29/><U119/><E119/><V73/><F44/><W34/><G34/><T2/><D2/><U4/><E4/><V20/><F90/><W71/><G71/><T105/><D105/><U40/><E58/><V85/><F20/><W36/><G36/><T125/><D75/><U14/><E132/><V68/><F68/><W16/><G80/><T11/><REACH who="0" step="1"/><D115/><REACH who="0" ten="69,164,502,255" step="2"/><U3/><E3/><V121/><REACH who="2" step="1"/><F121/><REACH who="2" ten="69,164,492,255" step="2"/><W133/><G133/><T81/><D81/><U22/><E66/><V50/><AGARI ba="1,2" hai="42,43,50,54,56,73,78,82,85,89,93,97,103,104" machi="50" ten="20,18000,2" yaku="1,1,2,1,0,1,7,1,24,2,52,1,53,0" doraHai="72" doraHaiUra="63" who="2" fromWho="2" sc="69,-61,164,-61,492,203,255,-61" /><INIT seed="6,2,0,0,0,111" ten="8,103,695,194" oya="2" hai0="36,119,47,45,92,12,40,28,109,48,10,133,65" hai1="14,37,13,89,56,50,115,135,112,67,101,17,25" hai2="32,132,93,60,123,53,34,74,71,99,121,63,42" hai3="33,39,134,23,35,55,38,2,44,15,130,81,96"/><V94/><F74/><W80/><G2/><T16/><D109/><U57/><E37/><V41/><F99/><W108/><G108/><T120/><D120/><U20/><E135/><V125/><F71/><W70/><G70/><T21/><D133/><U69/><E101/><V31/><F132/><W0/><G0/><T122/><D122/><U75/><E75/><V95/><F31/><W114/><G134/><T86/><D119/><U100/><E100/><V61/><F53/><W98/><G55/><T107/><D107/><U88/><E57/><V4/><F4/><W18/><G23/><T11/><D65/><U103/><E103/><V72/><F72/><W102/><G102/><T1/><D1/><U30/><E14/><V128/><F128/><W6/><G15/><T46/><D36/><U118/><E69/><V27/><F27/><W8/><G6/><T85/><D85/><U106/><E106/><V129/><F125/><W87/><G87/><T79/><D79/><U83/><E83/><V110/><F129/><W127/><G130/><T124/><D124/><U82/><E82/><V9/><F9/><N who="0" m="3082" /><D28/><U51/><E118/><V29/><F29/><W62/><G127/><T78/><D78/><U22/><E67/><V68/><F68/><W49/><G98/><T104/><D104/><U19/><E30/><V7/><F7/><W90/><G96/><T113/><D113/><N who="1" m="43595" /><E56/><V73/><F110/><W117/><G117/><T26/><D12/><U126/><E126/><V91/><F73/><W105/><G105/><T76/><D76/><U64/><E64/><V84/><F123/><RYUUKYOKU ba="2,0" sc="8,15,103,15,695,-15,194,-15" hai0="16,21,26,40,45,46,47,48,86,92" hai1="13,17,19,20,22,25,50,51,88,89" /><INIT seed="7,3,0,5,2,100" ten="23,118,680,179" oya="3" hai0="104,83,46,6,80,88,95,28,18,86,92,110,98" hai1="33,48,10,31,69,22,20,59,39,5,105,71,45" hai2="122,75,4,70,109,124,42,51,32,26,58,1,102" hai3="127,64,27,114,115,91,89,25,101,90,54,15,78"/><W36/><G36/><T19/><D110/><U87/><E39/><V50/><F109/><W133/><G127/><T3/><D28/><U93/><E33/><V111/><F70/><W13/><G133/><T43/><D3/><U0/><E59/><V62/><F75/><W128/><G128/><T30/><D6/><U63/><E63/><V76/><F76/><W11/><G78/><T135/><D135/><U97/><E87/><V121/><F111/><W126/><G126/><T67/><D67/><U8/><E8/><N who="2" m="2063" /><F42/><W41/><G41/><T56/><D56/><U65/><E22/><V123/><F102/><W38/><G38/><T23/><D104/><U103/><E93/><V82/><F82/><W129/><G129/><T84/><D30/><U47/><E47/><V72/><F72/><W55/><G101/><T120/><D120/><U44/><E45/><V35/><F124/><W34/><G64/><T40/><D23/><U66/><E66/><N who="2" m="39255" /><F26/><N who="3" m="9739" /><G11/><T12/><D12/><N who="3" m="4681" /><G34/><AGARI ba="3,0" hai="32,34,35,50,51,121,122,123" m="39255,2063" machi="34" ten="40,1300,0" yaku="13,1" doraHai="100" who="2" fromWho="3" sc="23,0,118,0,680,22,179,-22" owari="23,-47.7,118,-28.2,702,80.2,157,-4.3" /></mjloggm>