<mjloggm ver="2.3"><GO type="169" lobby="0"/><UN n0="%E3%83%A9%E3%82%B9%E3%82%8B%E3%81%8B%E3%81%AA" n1="%E5%BE%AE%E5%B7%AE%E3%81%AE%E4%BD%95%E5%88%87%E3%82%8B%EF%BC%9C%E9%81%8B" n2="%E5%B9%BB%E9%A6%AC%E9%B9%BF%E5%BA%B5" n3="%E7%81%AB%E9%9C%8A%E5%A4%A2" dan="17,16,16,16" rate="2195.30,2105.97,2035.05,2184.79" sx="M,M,M,M"/><TAIKYOKU oya="0"/><INIT seed="0,0,0,0,5,67" ten="250,250,250,250" oya="0" hai0="113,17,45,66,30,34,16,126,29,27,121,25,49" hai1="59,127,80,115,86,43,123,61,108,68,130,105,4" hai2="106,129,58,118,77,32,122,131,56,85,101,62,110" hai3="128,23,102,55,104,9,13,24,72,5,63,91,20"/><T112/><D121/><U8/><E108/><V70/><F122/><W116/><G116/><T89/><D126/><U40/><E130/><N who="2" m="49675" /><F32/><W111/><G128/><T60/><D89/><U47/><E105/><V82/><F110/><W114/><G114/><T96/><D96/><U44/><E115/><V135/><F135/><W117/><G117/><T120/><D120/><U51/><E127/><V57/><F118/><W48/><G72/><T38/><D38/><U35/><E35/><V26/><F26/><W7/><G111/><T12/><D27/><U100/><E100/><V133/><F133/><W14/><G104/><T93/><D93/><U3/><E123/><V18/><F18/><W65/><G102/><T76/><D76/><U6/><E68/><V107/><F101/><W94/><G24/><T90/><D90/><U97/><E97/><V42/><F42/><W22/><G7/><T50/><D29/><U119/><E6/><V83/><F83/><W11/><G11/><T81/><D81/><U0/><E8/><V84/><F84/><W33/><G33/><T15/><D15/><U1/><E4/><V87/><F87/><W19/><G91/><T78/><D78/><N who="1" m="46359" /><E119/><V74/><F74/><W64/><G94/><T28/><D28/><U2/><E2/><V54/><F106/><W95/><G95/><T69/><D17/><U124/><E124/><V73/><F73/><W46/><REACH who="3" step="1"/><G64/><REACH who="3" ten="250,250,250,240" step="2"/><T10/><REACH who="0" step="1"/><D50/><REACH who="0" ten="240,250,250,240" step="2"/><N who="1" m="26887" /><E0/><V99/><F107/><W37/><G37/><T41/><AGARI ba="0,2" hai="10,12,16,25,30,34,41,45,49,60,66,69,112,113" machi="41" ten="20,12000,1" yaku="1,1,0,1,7,1,52,1,54,1,53,0" doraHai="67" doraHaiUra="92" who="0" fromWho="0" sc="240,140,250,-40,250,-40,240,-40" /><INIT seed="0,1,0,1,5,68" ten="380,210,210,200" oya="0" hai0="2,48,38,26,42,16,93,92,58,118,101,114,126" hai1="83,125,113,132,98,127,103,8,21,106,80,119,102" hai2="41,44,75,94,64,3,67,35,117,76,90,29,97" hai3="71,87,11,52,133,74,45,129,135,62,55,70,51"/><T95/><D2/><U124/><E8/><V65/><F117/><W10/><G74/><T31/><D114/><U54/><E54/><V104/><F104/><W73/><G73/><T86/><D118/><U134/><E21/><V110/><F110/><W130/><G87/><T78/><D126/><U66/><E66/><V1/><F35/><W111/><G10/><T88/><D78/><U59/><E59/><V37/><REACH who="2" step="1"/><F29/><REACH who="2" ten="380,210,200,200" step="2"/><W81/><G111/><T5/><D31/><U15/><E119/><V63/><F63/><W34/><G34/><T14/><D101/><U39/><E103/><V19/><F19/><W28/><G28/><T128/><D16/><U107/><E102/><V56/><F56/><N who="3" m="35103" /><G11/><T82/><D58/><U91/><E107/><V47/><F47/><W122/><G122/><T112/><D112/><U9/><E113/><V30/><F30/><W60/><G81/><AGARI ba="1,1" hai="1,3,37,41,44,64,65,67,75,76,81,90,94,97" machi="81" ten="40,2600,0" yaku="1,1,52,1,53,0" doraHai="68" doraHaiUra="23" who="2" fromWho="3" sc="380,0,210,0,200,39,200,-29" /><INIT seed="1,0,0,3,1,20" ten="380,210,239,171" oya="1" hai0="101,135,49,55,125,61,2,65,97,91,121,102,10" hai1="15,56,70,57,124,40,116,67,83,98,76,78,106" hai2="120,66,88,38,42,75,105,6,77,99,3,1,92" hai3="58,16,32,96,132,5,4,14,31,114,86,80,123"/><U62/><E124/><V11/><F120/><W54/><G114/><T35/><D35/><U22/><E116/><V23/><F66/><W46/><G123/><T8/><D135/><U115/><E115/><V94/><F1/><W19/><G132/><T110/><D110/><U127/><E127/><V39/><F105/><W129/><G129/><T79/><D79/><U43/><E78/><V27/><F42/><W29/><G46/><T74/><D74/><U130/><E130/><V45/><F45/><W28/><G96/><T109/><D109/><U33/><E33/><V64/><F64/><W104/><G104/><T59/><D125/><U44/><E43/><V47/><F47/><W50/><G32/><T48/><D48/><U134/><E134/><V72/><F75/><W119/><G119/><T122/><D91/><U118/><E118/><V107/><F107/><W131/><G131/><T12/><D2/><U103/><E83/><V53/><F53/><W24/><G24/><T21/><D21/><U51/><REACH who="1" step="1"/><E76/><REACH who="1" ten="380,200,239,171" step="2"/><V89/><F77/><W63/><G80/><T41/><D41/><U126/><E126/><V17/><REACH who="2" step="1"/><F72/><REACH who="2" ten="380,200,229,171" step="2"/><W82/><G82/><T85/><D121/><U95/><E95/><V0/><F0/><W13/><G54/><T113/><D122/><U117/><E117/><V36/><F36/><W128/><G128/><T81/><D55/><U108/><E108/><V52/><F52/><W30/><G50/><T100/><D49/><U69/><E69/><V90/><F90/><W9/><G58/><T25/><D59/><U26/><E26/><V111/><F111/><RYUUKYOKU ba="0,2" sc="380,-15,200,15,229,15,171,-15" hai1="15,22,40,44,51,56,57,62,67,70,98,103,106" hai2="3,6,11,17,23,27,38,39,88,89,92,94,99" /><INIT seed="1,1,2,4,3,21" ten="365,215,244,156" oya="1" hai0="113,47,39,55,78,87,52,3,92,50,118,42,128" hai1="36,58,93,85,1,11,107,116,115,0,17,77,124" hai2="28,127,12,41,4,37,27,46,133,33,30,114,7" hai3="15,132,2,104,121,69,99,35,53,16,88,100,25"/><U122/><E107/><V44/><F133/><W54/><G121/><T13/><D3/><U103/><E116/><V84/><F127/><W6/><G132/><T72/><D72/><U101/><E115/><V49/><F114/><W32/><G69/><T8/><D128/><U70/><E70/><V31/><F4/><W62/><G35/><T5/><D113/><U65/><E36/><V91/><F12/><W123/><G123/><T60/><D118/><U110/><E124/><V10/><F10/><W9/><G62/><T24/><D39/><U94/><E122/><V48/><F7/><W89/><G53/><T109/><D109/><U135/><E135/><V14/><F14/><W105/><G54/><T76/><D24/><U20/><E110/><V83/><REACH who="2" step="1"/><F37/><REACH who="2" ten="365,215,234,156" step="2"/><W57/><G105/><T40/><D13/><U71/><E0/><V125/><F125/><W106/><G106/><T23/><D8/><U73/><E1/><V74/><F74/><W117/><G117/><T64/><D5/><U134/><E73/><V18/><F18/><W26/><G2/><T63/><D63/><U38/><E38/><V129/><F129/><W86/><G6/><T79/><D60/><U98/><E134/><V61/><F61/><W82/><G32/><T126/><D126/><U108/><E71/><V97/><F97/><W130/><G130/><T68/><D68/><U34/><E34/><V80/><F80/><W75/><G75/><T111/><D111/><U96/><E108/><V45/><F45/><W120/><G120/><T59/><D47/><U81/><E81/><V56/><F56/><RYUUKYOKU ba="1,3" sc="365,-10,215,-10,234,30,156,-10" hai2="27,28,30,31,33,41,44,46,48,49,83,84,91" /><INIT seed="2,2,3,2,0,114" ten="355,205,264,146" oya="2" hai0="65,63,113,122,11,87,96,118,55,129,27,5,101" hai1="133,34,38,115,119,12,93,69,23,20,73,46,91" hai2="120,105,62,24,37,45,95,19,124,134,13,72,26" hai3="81,50,90,67,47,71,84,108,86,85,82,2,125"/><V58/><F120/><W107/><G107/><T121/><D113/><U1/><E34/><V102/><F105/><W15/><G2/><T78/><D55/><U74/><E1/><V0/><F0/><W22/><G108/><T25/><D129/><U52/><E69/><V76/><F134/><W35/><G35/><T32/><D87/><U88/><E115/><V18/><F124/><W130/><G130/><T94/><D78/><U66/><E66/><V116/><F116/><W59/><G71/><T7/><D7/><U99/><E119/><V97/><F76/><W30/><G125/><T100/><D100/><U41/><E133/><V8/><F18/><W31/><G67/><T16/><D118/><U49/><E91/><V42/><REACH who="2" step="1"/><F72/><REACH who="2" ten="355,205,254,146" step="2"/><W28/><G28/><T132/><D132/><U123/><E123/><V98/><F98/><W56/><G31/><T10/><D16/><U126/><E126/><V44/><F44/><W57/><G82/><T36/><D121/><U109/><E109/><V9/><F9/><W29/><G29/><T39/><D122/><U17/><E23/><V117/><F117/><W77/><G77/><T131/><D10/><U4/><E4/><V3/><F3/><W6/><G6/><T103/><D11/><U75/><REACH who="1" step="1"/><E73/><REACH who="1" ten="355,195,254,146" step="2"/><V68/><F68/><W61/><G22/><T83/><D5/><U106/><E106/><V40/><F40/><W53/><G81/><T127/><D127/><U14/><E14/><V33/><F33/><W43/><G15/><T70/><D83/><U89/><E89/><V112/><F112/><W79/><G90/><RYUUKYOKU ba="2,5" sc="355,-15,195,15,254,15,146,-15" hai1="12,17,20,38,41,46,49,52,74,75,88,93,99" hai2="8,13,19,24,26,37,42,45,58,62,95,97,102" /><INIT seed="2,3,5,2,0,27" ten="340,210,269,131" oya="2" hai0="60,20,13,80,69,134,36,1,19,2,126,39,99" hai1="54,110,33,131,0,129,85,72,43,106,28,3,119" hai2="5,56,89,104,55,70,11,66,46,117,73,133,103" hai3="41,79,40,105,127,114,86,123,102,112,130,81,111"/><V14/><F117/><W23/><G123/><T47/><D134/><U57/><E72/><V38/><F133/><W96/><G23/><T108/><D108/><U32/><E110/><V74/><F70/><W135/><G135/><T75/><D126/><U25/><E106/><V82/><F66/><W107/><G111/><T77/><D99/><U17/><E33/><V128/><F103/><W50/><G50/><T21/><D21/><U49/><E119/><V30/><F104/><N who="3" m="63559" /><G40/><T42/><REACH who="0" step="1"/><D39/><REACH who="0" ten="330,210,269,131" step="2"/><U18/><E85/><V109/><F109/><W7/><G127/><T113/><D113/><U95/><E131/><V84/><F128/><W76/><G130/><T68/><D68/><U45/><E129/><V53/><F38/><W71/><G71/><T48/><D48/><U44/><E95/><V65/><F73/><W29/><G112/><T51/><D51/><U59/><E32/><V62/><F74/><W94/><G114/><T9/><D9/><U8/><E8/><V98/><F98/><W90/><G107/><T34/><D34/><U118/><E118/><V91/><F46/><W63/><G105/><T24/><D24/><U100/><E25/><V93/><F93/><W78/><G94/><T67/><AGARI ba="3,6" hai="1,2,13,19,20,36,42,47,60,67,69,75,77,80" machi="67" ten="30,2000,0" yaku="1,1,0,1,53,0" doraHai="27" doraHaiUra="22" who="0" fromWho="0" sc="330,89,210,-8,269,-13,131,-8" /><INIT seed="3,0,0,4,4,130" ten="419,202,256,123" oya="3" hai0="111,51,41,120,15,37,5,40,83,124,87,135,58" hai1="29,104,108,49,117,26,19,28,86,32,68,3,62" hai2="33,121,14,56,78,82,90,23,97,27,134,98,92" hai3="44,17,84,46,64,42,60,13,95,71,114,0,4"/><W21/><G114/><T18/><D120/><U39/><E108/><V96/><F121/><W113/><G113/><T81/><D37/><U74/><E28/><V127/><F127/><W36/><G0/><T34/><D34/><U66/><E49/><V2/><F2/><W75/><G75/><T50/><D5/><U38/><E86/><V110/><F33/><W112/><G112/><T25/><D25/><U59/><E59/><V8/><F56/><W126/><G126/><T109/><D124/><U116/><E19/><V123/><F110/><N who="0" m="41994" /><D135/><U57/><E57/><V102/><F134/><W1/><G44/><N who="0" m="25863" /><D87/><U129/><E129/><V45/><F45/><W131/><G131/><T54/><D41/><U106/><E74/><V43/><F43/><W132/><G132/><T119/><D119/><N who="1" m="45643" /><E3/><V24/><F27/><W67/><G67/><T103/><D103/><U73/><E73/><V133/><F133/><W88/><G1/><T100/><D100/><U80/><E80/><V55/><F102/><W118/><G118/><T7/><D7/><U70/><E70/><V10/><F55/><W35/><G4/><T47/><D58/><U31/><E31/><V12/><F24/><W89/><G35/><T61/><D61/><U11/><E11/><AGARI ba="0,0" hai="11,15,18,47,51,54,81,83" m="25863,41994" machi="11" ten="30,1000,0" yaku="14,1" doraHai="130" who="0" fromWho="1" sc="419,10,202,-10,256,0,123,0" /><INIT seed="4,0,0,4,2,44" ten="429,192,256,123" oya="0" hai0="124,102,72,78,57,110,33,104,133,105,3,127,131" hai1="32,64,96,98,101,122,71,112,56,29,92,45,116" hai2="24,82,49,53,9,21,19,25,22,74,23,81,86" hai3="109,61,12,125,63,10,37,108,83,65,5,121,73"/><T97/><D3/><U70/><E116/><V47/><F74/><W0/><G125/><N who="0" m="48203" /><D33/><U114/><E122/><V113/><F113/><N who="1" m="43625" /><E98/><V89/><F81/><W17/><G121/><T99/><D57/><U123/><E123/><V6/><REACH who="2" step="1"/><F25/><REACH who="2" ten="429,192,246,123" step="2"/><W59/><G73/><T58/><D72/><U35/><E35/><V26/><F26/><W18/><G83/><T7/><D110/><U84/><E32/><V134/><F134/><W115/><G115/><T20/><D133/><U126/><E126/><V106/><F106/><W79/><G109/><T67/><D104/><U93/><E92/><V55/><F55/><W50/><G108/><T87/><D105/><U8/><E93/><V68/><F68/><W2/><G79/><T42/><D78/><U117/><E70/><V51/><F51/><W103/><G37/><T62/><D67/><U39/><E64/><V95/><F95/><W132/><G132/><T128/><D62/><U28/><E39/><V30/><F30/><W11/><G63/><T91/><D42/><U100/><E71/><V48/><F48/><W88/><G50/><T60/><D60/><U52/><E29/><V54/><F54/><W40/><G40/><T66/><D66/><U119/><E28/><V85/><F85/><W38/><G38/><T107/><D87/><U111/><E84/><V118/><F118/><N who="1" m="45065" /><E111/><V16/><F16/><W135/><G18/><T46/><D107/><U43/><E43/><V130/><F130/><W90/><G135/><T4/><D128/><U129/><E129/><V69/><F69/><W76/><G17/><T77/><D131/><RYUUKYOKU ba="0,1" sc="429,-10,192,-10,246,30,123,-10" hai2="6,9,19,21,22,23,24,47,49,53,82,86,89" /><INIT seed="5,1,1,0,4,47" ten="419,182,276,113" oya="1" hai0="9,60,50,27,79,31,122,14,75,7,15,104,101" hai1="43,108,121,8,28,116,1,48,70,46,73,69,51" hai2="105,94,97,93,113,18,86,68,119,67,107,63,0" hai3="42,109,95,59,80,131,128,45,49,132,24,114,112"/><U39/><E116/><V89/><F119/><W19/><G80/><T37/><D37/><U2/><E121/><V12/><F0/><W52/><G95/><T127/><D127/><U25/><E73/><V26/><F26/><W16/><G109/><T118/><D118/><U3/><E108/><V133/><F133/><W126/><G132/><T106/><D101/><U32/><REACH who="1" step="1"/><E8/><REACH who="1" ten="419,172,276,113" step="2"/><V134/><F134/><W41/><G126/><T87/><D9/><U10/><E10/><V6/><F113/><N who="3" m="43627" /><G41/><T102/><D75/><U44/><E44/><V62/><F6/><W17/><G24/><T5/><D27/><U82/><E82/><V111/><F111/><W11/><G11/><T54/><D7/><U66/><E66/><V117/><F117/><W13/><G13/><T90/><D14/><U30/><E30/><V96/><F12/><W129/><G17/><T76/><D122/><U78/><E78/><V33/><F18/><W81/><G81/><T65/><D79/><U130/><E130/><V100/><F67/><W29/><G29/><T88/><D76/><U124/><E124/><V125/><F125/><W120/><G120/><T4/><D65/><U21/><E21/><V98/><F33/><W85/><G85/><T115/><D87/><U71/><AGARI ba="1,2" hai="1,2,3,25,28,32,39,43,46,48,51,69,70,71" machi="71" ten="40,12000,1" yaku="1,1,0,1,52,2,53,0" doraHai="47" doraHaiUra="135" who="1" fromWho="1" sc="419,-41,172,143,276,-41,113,-41" /><INIT seed="5,2,0,2,5,85" ten="378,315,235,72" oya="1" hai0="118,90,132,60,91,88,128,74,102,82,44,81,94" hai1="14,67,25,133,93,53,104,110,126,40,130,98,112" hai2="57,3,59,72,13,45,109,17,119,79,115,123,134" hai3="101,32,111,78,66,71,11,120,49,6,124,87,30"/><U18/><E112/><V43/><F119/><W31/><G111/><T12/><D118/><U116/><E116/><V65/><F109/><W47/><G120/><T80/><D128/><U96/><E130/><V21/><F123/><W34/><G124/><T135/><D12/><U54/><E133/><N who="0" m="51273" /><D60/><U19/><E126/><V15/><F3/><W56/><G71/><T9/><D9/><U24/><E40/><V41/><F41/><W117/><G117/><T105/><D44/><U89/><E110/><V22/><F115/><W48/><G101/><T103/><D105/><U42/><E42/><V107/><F107/><W1/><G34/><T77/><D103/><U129/><E129/><V58/><F65/><W5/><G32/><T36/><D36/><U7/><E67/><V106/><F106/><W27/><G6/><T97/><AGARI ba="2,0" hai="74,77,80,81,82,88,90,91,94,97,102" m="51273" machi="97" ten="40,12000,2" yaku="20,1,34,2,52,3,54,1" doraHai="85" who="0" fromWho="0" sc="378,126,315,-62,235,-32,72,-32" /><INIT seed="6,0,0,4,4,64" ten="504,253,203,40" oya="2" hai0="37,78,47,35,14,88,115,32,46,80,116,85,113" hai1="120,128,104,107,9,103,4,56,135,49,124,132,122" hai2="112,18,51,39,105,19,118,38,48,133,60,77,91" hai3="89,44,84,108,82,63,92,8,1,110,66,20,127"/><V126/><F105/><W121/><G121/><N who="1" m="46698" /><E56/><V90/><F118/><W45/><G127/><T111/><D111/><U67/><E49/><V123/><F123/><W30/><G108/><T22/><D116/><U87/><E87/><V29/><F29/><W5/><G110/><T134/><D134/><N who="1" m="51243" /><E124/><V10/><F133/><W3/><G3/><T31/><D14/><U98/><E67/><V21/><F77/><W125/><G125/><T83/><D22/><U69/><E128/><V50/><F126/><W129/><G129/><T93/><D80/><U130/><E130/><V65/><F38/><W2/><G2/><T13/><D13/><N who="1" m="5287" /><E107/><V114/><F39/><W95/><G95/><T55/><D55/><U12/><E12/><N who="2" m="7447" /><F60/><W54/><G54/><T27/><D37/><U109/><E109/><V99/><F99/><W26/><REACH who="3" step="1"/><G82/><REACH who="3" ten="504,253,203,30" step="2"/><T0/><D0/><U70/><AGARI ba="0,1" hai="69,70,98,103,104" m="5287,51243,46698" machi="70" ten="40,8000,1" yaku="13,1,20,1,52,2" doraHai="64" who="1" fromWho="1" sc="504,-20,253,90,203,-40,30,-20" /><INIT seed="7,0,0,3,4,119" ten="484,343,163,10" oya="3" hai0="81,115,120,60,67,23,71,12,28,110,51,117,94" hai1="87,66,20,26,58,131,5,103,8,7,92,135,16" hai2="10,84,95,90,69,105,29,55,53,6,11,74,122" hai3="85,3,62,22,83,61,39,31,96,36,118,43,59"/><W106/><G118/><T114/><D120/><U113/><E135/><V63/><F122/><W104/><G3/><T9/><D110/><U100/><E131/><V33/><F74/><W109/><G109/><T35/><D35/><U126/><E113/><N who="0" m="43017" /><D94/><U130/><E126/><V73/><F73/><W107/><G96/><T14/><D117/><U25/><E130/><V57/><F105/><W99/><G99/><T45/><D81/><U41/><E41/><V49/><F69/><W2/><G2/><T15/><D23/><U121/><E121/><V82/><F82/><W21/><G62/><T89/><D89/><U70/><E70/><V56/><F6/><W44/><G31/><T124/><D28/><U54/><E66/><V40/><F40/><W72/><G39/><T52/><D124/><U132/><E132/><V24/><AGARI ba="0,0" hai="10,11,24,29,33,49,53,55,56,57,63,84,90,95" machi="24" ten="30,1100,0" yaku="0,1" doraHai="119" who="2" fromWho="2" sc="484,-3,343,-3,163,11,10,-5" owari="481,58.1,340,14.0,174,-22.6,5,-49.5" /></mjloggm>