<mjloggm ver="2.3"><GO type="169" lobby="0"/><UN n0="%6B%69%72%61%72%69%79%75" n1="%E6%A9%9F%E7%8E%87%E4%B9%8B%E9%96%80%E7%9A%84%E4%BF%A1%E5%BE%92" n2="%E6%9D%BE%E5%8E%9F%E4%B8%8D%E7%8B%97" n3="%70%72%6F%6E%61%72%69" dan="16,16,16,16" rate="2129.06,2109.42,2097.96,2140.07" sx="M,M,M,M"/><TAIKYOKU oya="0"/><INIT seed="0,0,0,0,5,125" ten="250,250,250,250" oya="0" hai0="81,128,43,76,39,65,106,124,22,40,89,54,5" hai1="117,38,42,96,99,102,11,114,31,7,24,61,129" hai2="109,55,112,72,27,6,70,127,118,87,91,35,100" hai3="58,80,86,25,94,28,132,26,21,69,79,83,30"/><T44/><D124/><U122/><E117/><V17/><F112/><W121/><G132/><T95/><D106/><U115/><E122/><V60/><F72/><W90/><G121/><T62/><D43/><U82/><E82/><V53/><F6/><W46/><G69/><T68/><D5/><U51/><E38/><V134/><F134/><W120/><G120/><T1/><D1/><U36/><E36/><V2/><F2/><W75/><G46/><T73/><D22/><U123/><E61/><V66/><F17/><W48/><G79/><T45/><D45/><N who="1" m="26039" /><E102/><V49/><F49/><W47/><G58/><T130/><REACH who="0" step="1"/><D54/><REACH who="0" ten="240,250,250,250" step="2"/><U131/><E123/><V113/><F55/><W56/><G75/><T103/><D103/><U88/><E7/><V84/><F100/><W111/><G47/><T57/><D57/><U59/><E59/><V71/><F53/><W32/><G56/><T105/><D105/><U119/><E11/><V126/><F126/><W20/><G20/><T63/><D63/><U13/><E119/><V12/><F118/><W10/><G10/><T34/><D34/><U41/><E41/><V92/><F35/><W85/><G21/><T98/><AGARI ba="0,1" hai="39,40,44,62,65,68,73,76,81,89,95,98,128,130" machi="98" ten="30,12000,1" yaku="1,1,0,1,52,2,53,1" doraHai="125" doraHaiUra="78" who="0" fromWho="0" sc="240,130,250,-40,250,-40,250,-40" /><INIT seed="0,1,0,2,4,37" ten="370,210,210,210" oya="0" hai0="96,46,131,84,24,44,129,61,3,55,52,40,33" hai1="47,134,42,126,45,59,69,100,62,41,56,88,76" hai2="111,127,79,11,60,68,91,99,106,57,85,28,72" hai3="15,90,20,18,50,75,78,80,17,118,32,74,4"/><T103/><D3/><U64/><E76/><V14/><F68/><W132/><G118/><T86/><D33/><U95/><E100/><V2/><F2/><W122/><G32/><T38/><D24/><U98/><E134/><V53/><F111/><W101/><G122/><T31/><D31/><U94/><E126/><V93/><F28/><W26/><G75/><T112/><D112/><U10/><E95/><V77/><F127/><W82/><G101/><T110/><D110/><U43/><REACH who="1" step="1"/><E10/><REACH who="1" ten="370,200,210,210" step="2"/><V83/><F79/><W0/><G78/><T19/><D103/><U135/><E135/><V66/><F106/><W87/><G132/><T7/><D131/><U25/><E25/><V27/><F27/><W121/><G26/><T109/><D129/><U125/><E125/><V35/><F77/><W108/><G108/><T117/><D109/><U97/><E97/><V65/><F99/><W9/><G9/><T128/><D96/><U21/><E21/><V130/><F130/><W120/><G20/><T133/><D128/><U29/><E29/><V16/><F93/><W23/><G23/><T115/><D133/><U105/><E105/><V67/><F35/><W34/><G34/><T54/><D117/><U104/><E104/><V30/><F30/><W124/><G124/><T36/><D115/><U8/><E8/><V116/><F116/><W22/><G22/><T51/><D86/><U1/><E1/><V102/><F102/><W58/><G87/><T48/><D84/><U81/><E81/><N who="3" m="31338" /><G0/><T73/><D73/><U13/><E13/><V119/><F72/><W5/><G74/><RYUUKYOKU ba="1,1" sc="370,-15,200,15,210,15,210,-15" hai1="41,42,43,45,47,56,59,62,64,69,88,94,98" hai2="11,14,16,53,57,60,65,66,67,83,85,91,119" /><INIT seed="1,2,1,0,5,113" ten="355,215,225,195" oya="1" hai0="56,12,54,69,22,120,118,93,46,17,20,13,123" hai1="23,89,100,8,18,91,68,94,11,33,90,105,115" hai2="82,60,75,40,122,63,14,34,130,66,124,51,87" hai3="64,106,53,107,59,47,102,76,26,104,4,62,117"/><U10/><E115/><V88/><F130/><W99/><G76/><T35/><D35/><U83/><E33/><V27/><F124/><W42/><G4/><T111/><D69/><U36/><E105/><V80/><F122/><N who="0" m="46634" /><D111/><U9/><E68/><V129/><F129/><W112/><G112/><T39/><D93/><U43/><N who="1" m="2048" /><DORA hai="32" /><U70/><E70/><V128/><F14/><W31/><G117/><T57/><D118/><U50/><E36/><V25/><F128/><W96/><G96/><T108/><D108/><U119/><E119/><V44/><F34/><W134/><G134/><T45/><D39/><U77/><E100/><V1/><F1/><W131/><G131/><T110/><D110/><U132/><E132/><V7/><F7/><W16/><G31/><T86/><D86/><U97/><E43/><V6/><F6/><W49/><REACH who="3" step="1"/><G42/><REACH who="3" ten="355,215,225,185" step="2"/><T125/><D125/><U98/><E97/><V67/><F40/><W3/><G3/><T135/><D135/><U0/><E0/><V101/><F75/><W109/><G109/><T116/><D116/><U81/><E77/><V58/><F87/><W114/><G114/><T74/><D74/><U84/><E84/><V71/><F101/><W73/><G73/><T24/><D17/><U30/><E30/><V38/><F88/><N who="1" m="33897" /><E83/><V126/><F82/><W41/><G41/><T79/><D79/><U28/><E28/><V15/><F80/><W133/><G133/><T92/><D92/><U2/><E81/><V48/><F38/><W127/><G127/><T52/><D24/><N who="1" m="14455" /><E2/><V65/><F126/><W37/><G37/><RYUUKYOKU ba="2,2" sc="355,-15,215,15,225,-15,185,15" hai1="50,91,94,98" hai3="16,26,47,49,53,59,62,64,99,102,104,106,107" /><INIT seed="1,3,2,5,5,101" ten="340,230,210,200" oya="1" hai0="63,67,131,13,58,127,115,74,86,33,111,68,110" hai1="126,2,35,77,90,72,91,0,1,18,62,96,112" hai2="133,89,122,38,84,130,120,99,4,45,60,9,81" hai3="75,10,19,54,88,50,87,8,20,32,28,16,85"/><U11/><E112/><V78/><F130/><W69/><G75/><T6/><D74/><U43/><E35/><V135/><F60/><W22/><G69/><T14/><D131/><U80/><E126/><V76/><F38/><W48/><G32/><T94/><D33/><U24/><E43/><V44/><F44/><W42/><G42/><T66/><D127/><U27/><E62/><V79/><F45/><W5/><G5/><T100/><D115/><U121/><E121/><N who="2" m="46699" /><F9/><W47/><G28/><T129/><D129/><U102/><E11/><V114/><F4/><W56/><G47/><T25/><D25/><U65/><E65/><V103/><F114/><W134/><G134/><N who="2" m="51209" /><F79/><W132/><G132/><T95/><D68/><U15/><E15/><V82/><F82/><W49/><G49/><T93/><D67/><U92/><REACH who="1" step="1"/><E18/><REACH who="1" ten="340,220,210,200" step="2"/><V59/><F59/><W3/><G56/><T7/><D58/><U109/><E109/><V116/><F116/><W64/><G64/><T51/><D63/><U36/><E36/><V52/><F52/><W73/><G54/><T57/><D66/><U31/><E31/><V26/><F26/><AGARI ba="3,3" hai="0,1,2,24,26,27,72,77,80,90,91,92,96,102" machi="26" ten="40,2000,0" yaku="1,1,53,0" doraHai="101" doraHaiUra="113" who="1" fromWho="2" sc="340,0,220,59,210,-29,200,0" /><INIT seed="1,4,0,4,0,33" ten="340,279,181,200" oya="1" hai0="52,84,50,102,135,41,46,6,92,51,105,90,2" hai1="113,111,9,58,124,68,107,32,62,93,108,71,128" hai2="3,19,25,103,28,104,98,5,134,17,86,24,81" hai3="66,43,88,101,22,126,87,89,12,74,64,115,21"/><U56/><E113/><V79/><F134/><W26/><G74/><T72/><D135/><U125/><E107/><V65/><F65/><W37/><G126/><N who="1" m="48746" /><E32/><V109/><F109/><N who="1" m="42057" /><E128/><V29/><F25/><W116/><G116/><T69/><D72/><U118/><E118/><V106/><F28/><W133/><G101/><T27/><D69/><N who="1" m="26699" /><E93/><V120/><F104/><W30/><G133/><T59/><D105/><U70/><E9/><V127/><F127/><W42/><G115/><T76/><D102/><U31/><E31/><V14/><F29/><W61/><G30/><T16/><D76/><U130/><E130/><V94/><F79/><W40/><G89/><T15/><D27/><U60/><N who="1" m="26707" /><U67/><DORA hai="82" /><E67/><V55/><F24/><W85/><G88/><T39/><D6/><U20/><E20/><V80/><F5/><W83/><G22/><T0/><D39/><U63/><AGARI ba="4,0" hai="56,58,60,62,63" m="26707,42057,48746" machi="63" ten="50,18000,2" yaku="28,2,18,1,14,1,10,1,34,2" doraHai="33,82" who="1" fromWho="1" sc="340,-64,279,192,181,-64,200,-64" /><INIT seed="1,5,0,2,1,47" ten="276,471,117,136" oya="1" hai0="41,63,13,76,82,86,106,113,0,102,74,26,68" hai1="73,110,81,9,21,91,44,57,66,125,75,88,128" hai2="77,78,19,48,4,58,32,72,64,23,11,94,54" hai3="51,22,67,24,118,129,20,97,114,115,42,35,38"/><U61/><E128/><V59/><F32/><W7/><G7/><T79/><D0/><U62/><E125/><V43/><F72/><W15/><G97/><T16/><D113/><U124/><E124/><V45/><F64/><W50/><G67/><T116/><D116/><U39/><E9/><V130/><F130/><W46/><G129/><T134/><D134/><U120/><E120/><V90/><F11/><W28/><G118/><T107/><D41/><U122/><E122/><V103/><F103/><W33/><G33/><T84/><D26/><U31/><E110/><V95/><F58/><W12/><G115/><T29/><D29/><U65/><E31/><V93/><F90/><W133/><G133/><T132/><D132/><U121/><E21/><V131/><F4/><W2/><G2/><T1/><D1/><U56/><E121/><V109/><F109/><W34/><G34/><T30/><D30/><U52/><E39/><V119/><F131/><W17/><G114/><T25/><D25/><U69/><E44/><V53/><F119/><W99/><G99/><T98/><D107/><U70/><E81/><V55/><REACH who="2" step="1"/><F59/><REACH who="2" ten="276,471,107,136" step="2"/><W8/><G8/><T111/><D111/><U127/><E127/><V105/><F105/><W83/><G83/><T92/><D106/><U36/><E36/><V96/><F96/><W5/><G5/><T112/><D74/><U80/><E80/><V85/><F85/><W126/><G126/><T37/><D84/><U71/><E71/><V100/><F100/><W123/><G123/><T14/><D68/><U27/><E69/><V117/><F117/><RYUUKYOKU ba="5,1" sc="276,-15,471,-15,107,15,136,15" hai2="19,23,43,45,48,53,54,55,77,78,93,94,95" hai3="12,15,17,20,22,24,28,35,38,42,46,50,51" /><INIT seed="2,6,1,0,5,126" ten="261,456,122,151" oya="2" hai0="111,20,98,64,109,131,7,37,123,75,116,43,31" hai1="49,19,65,34,91,23,67,88,50,48,24,6,45" hai2="99,135,66,114,127,21,120,3,41,30,78,27,61" hai3="42,89,63,81,128,83,118,8,93,134,74,95,107"/><V110/><F114/><W54/><G118/><T100/><D123/><U12/><E34/><V80/><F120/><W29/><G107/><T56/><D116/><U103/><E103/><V73/><F3/><W94/><G134/><T53/><D75/><U119/><E119/><V84/><F127/><W33/><G42/><T117/><D7/><U104/><E104/><V97/><F135/><W72/><G8/><T44/><D64/><N who="1" m="24651" /><E45/><V5/><F5/><W22/><G33/><T14/><D117/><U46/><E46/><V132/><F132/><W62/><G89/><N who="1" m="34378" /><E6/><V92/><F41/><W35/><G35/><T121/><D121/><U39/><E39/><V87/><F110/><W32/><G32/><T1/><D1/><U58/><E58/><N who="2" m="37175" /><F99/><W129/><G74/><T82/><D111/><U52/><E52/><V60/><F60/><N who="3" m="23083" /><G54/><T9/><D53/><U57/><E57/><V130/><F73/><W108/><G108/><T112/><D56/><U101/><E101/><N who="2" m="60583" /><F87/><W47/><G47/><T125/><D109/><U69/><E69/><V70/><F70/><W28/><G72/><T25/><D125/><U71/><E71/><V124/><F124/><W85/><G85/><T51/><D37/><U2/><E2/><V133/><F133/><W86/><G86/><T26/><D43/><U10/><E49/><V4/><F4/><W59/><G59/><T15/><D51/><U68/><E68/><V17/><F17/><W18/><G81/><T16/><D82/><U38/><E38/><V113/><F113/><W0/><G0/><T96/><D112/><U40/><E40/><RYUUKYOKU ba="6,1" sc="261,-15,456,15,122,15,151,-15" hai1="10,12,19,23,24,48,50" hai2="21,27,30,78,80,84,130" /><INIT seed="2,7,1,5,1,81" ten="246,471,137,136" oya="2" hai0="33,37,67,0,121,20,115,84,100,112,73,133,119" hai1="83,58,63,14,50,82,103,134,38,96,104,117,122" hai2="59,48,92,111,99,66,87,36,24,16,2,35,6" hai3="131,18,126,1,107,13,98,93,45,114,78,8,101"/><V74/><F74/><W75/><G131/><T9/><D37/><U25/><E117/><V123/><F36/><W53/><G126/><T41/><D73/><U124/><E38/><V29/><F123/><W109/><G109/><T62/><D41/><U125/><E134/><V40/><F111/><W70/><G70/><T47/><D121/><U52/><E122/><V130/><F130/><W72/><G114/><T120/><D120/><U39/><E39/><V17/><F2/><W95/><G1/><T34/><D47/><U7/><E25/><V57/><F6/><W26/><G26/><T91/><D133/><U61/><E61/><V90/><F99/><W68/><G68/><T113/><D100/><U11/><E63/><V60/><REACH who="2" step="1"/><F40/><REACH who="2" ten="246,471,127,136" step="2"/><W22/><G75/><T69/><D119/><U27/><E124/><V31/><F31/><W10/><G72/><T49/><D0/><U116/><E125/><V32/><F32/><W132/><G132/><T94/><D34/><U128/><E128/><V89/><F89/><W65/><G98/><T85/><D33/><U3/><E3/><V5/><F5/><W44/><G101/><T86/><D115/><U76/><E116/><V97/><F97/><W118/><G118/><T71/><D113/><U105/><E76/><V64/><F64/><W106/><G65/><T102/><D67/><U12/><E103/><V110/><F110/><W55/><G78/><T135/><D102/><U43/><E43/><V15/><F15/><W79/><G79/><T108/><D112/><U54/><E12/><V80/><F80/><W21/><G13/><RYUUKYOKU ba="7,2" sc="246,-15,471,-15,127,15,136,15" hai2="16,17,24,29,35,48,57,59,60,66,87,90,92" hai3="8,10,18,21,22,44,45,53,55,93,95,106,107" /><INIT seed="2,8,2,3,4,88" ten="231,456,142,151" oya="2" hai0="110,33,83,120,98,5,82,79,50,112,95,19,38" hai1="57,15,126,70,29,35,4,76,37,69,61,53,130" hai2="26,60,13,131,114,111,94,66,43,116,56,65,45" hai3="89,36,23,91,47,123,49,118,127,67,100,18,96"/><V22/><F114/><W59/><G118/><T3/><D38/><U71/><E130/><V64/><F116/><W90/><G127/><T39/><D39/><U52/><E126/><V106/><F106/><W115/><G115/><T48/><D33/><U134/><E37/><V97/><F131/><W109/><G109/><T41/><D112/><U81/><E134/><V122/><F122/><W103/><G36/><T51/><D120/><U92/><E92/><V0/><F0/><W14/><G123/><T119/><D119/><U108/><E108/><V20/><F111/><W24/><G14/><T2/><D110/><U113/><E113/><V9/><F45/><W58/><G67/><N who="2" m="25673" /><F43/><W87/><G87/><T80/><D2/><U107/><E107/><V129/><F26/><W105/><REACH who="3" step="1"/><G103/><REACH who="3" ten="231,456,142,141" step="2"/><T77/><D3/><U135/><E15/><V8/><F129/><W99/><G99/><T102/><D102/><U63/><E71/><V74/><F74/><W10/><G10/><N who="2" m="4201" /><F13/><W27/><G27/><T117/><D117/><U30/><E69/><V132/><F132/><W121/><G121/><T44/><D98/><U72/><E135/><V73/><F73/><W21/><G21/><T31/><D79/><U34/><E70/><V124/><F124/><W1/><G1/><T86/><D77/><U78/><E76/><V11/><F11/><W28/><G28/><N who="1" m="10858" /><E4/><V101/><AGARI ba="8,3" hai="20,22,56,60,66,94,97,101" m="4201,25673" machi="101" ten="30,3000,0" yaku="8,1,52,1" doraHai="88" who="2" fromWho="2" sc="231,-18,456,-18,142,84,141,-18" /><INIT seed="2,9,0,1,5,22" ten="213,438,226,123" oya="2" hai0="112,122,71,64,9,73,19,27,94,95,69,68,82" hai1="108,70,92,93,113,76,12,58,31,121,119,53,114" hai2="8,17,25,32,120,75,57,77,59,90,103,87,85" hai3="115,39,130,109,62,78,131,54,102,133,43,35,79"/><V66/><F75/><W20/><G35/><T107/><D107/><U117/><E70/><V21/><F120/><W49/><G102/><T99/><D122/><U46/><E121/><V28/><F103/><W116/><G79/><T61/><D112/><U125/><E76/><V126/><F126/><W34/><G34/><T65/><D95/><U4/><E46/><V13/><F66/><W3/><G3/><T11/><D11/><U132/><E125/><V29/><F77/><W110/><G78/><T124/><D124/><U134/><E31/><N who="2" m="11851" /><F32/><W118/><G20/><T74/><D74/><U23/><E113/><V18/><F87/><W106/><G62/><T37/><D37/><U100/><E114/><V56/><F56/><N who="3" m="32847" /><G106/><T96/><D73/><U48/><E100/><V1/><F1/><W36/><G115/><T123/><D123/><U2/><E2/><V83/><AGARI ba="9,0" hai="8,13,17,18,21,25,57,59,83,85,90" m="11851" machi="83" ten="30,3000,0" yaku="8,1,52,1" doraHai="22" who="2" fromWho="2" sc="213,-19,438,-19,226,57,123,-19" /><INIT seed="2,10,0,0,2,120" ten="194,419,283,104" oya="2" hai0="98,125,19,56,65,6,41,108,121,116,112,2,71" hai1="14,29,78,133,90,10,21,23,3,130,93,123,105" hai2="15,119,114,12,103,80,28,4,106,128,47,82,52" hai3="132,45,122,32,126,25,102,76,53,99,58,134,69"/><V31/><F114/><W87/><G122/><T110/><D121/><U0/><E123/><V5/><F119/><W74/><G74/><T38/><D112/><U59/><E105/><V9/><F128/><W22/><G126/><T75/><D125/><U64/><E130/><V100/><F106/><W8/><G69/><T51/><D75/><U96/><E78/><V88/><F28/><W62/><G32/><T83/><D83/><U40/><E40/><V129/><F31/><W42/><G134/><T43/><D98/><U60/><E133/><V63/><F129/><W85/><G8/><N who="0" m="2135" /><D19/><U26/><E21/><V1/><F1/><W34/><G34/><T72/><D72/><U113/><E113/><V44/><F82/><W94/><G76/><T86/><D86/><U111/><E3/><V18/><F5/><W101/><G101/><N who="2" m="38985" /><F80/><W49/><REACH who="3" step="1"/><G132/><REACH who="3" ten="194,419,283,94" step="2"/><T124/><D124/><U46/><E0/><V131/><F131/><W11/><G11/><T135/><D135/><U20/><E10/><N who="2" m="6423" /><F88/><W127/><G127/><T35/><D35/><U81/><E90/><V115/><F115/><W109/><G109/><N who="0" m="42091" /><D116/><U13/><E111/><V117/><F117/><W48/><G48/><T91/><D91/><U84/><E23/><V73/><F73/><W68/><G68/><T7/><D38/><U67/><E20/><V36/><F36/><W66/><G66/><T95/><D71/><U54/><E67/><V89/><F89/><W61/><G61/><T55/><D65/><U24/><E64/><V97/><F97/><W79/><G79/><T16/><D51/><U37/><E37/><RYUUKYOKU ba="10,1" sc="194,-15,419,-15,283,15,94,15" hai2="4,9,15,44,47,52,63" hai3="22,25,42,45,49,53,58,62,85,87,94,99,102" /><INIT seed="2,11,1,0,2,31" ten="179,404,298,109" oya="2" hai0="125,30,88,93,39,26,34,10,119,52,55,70,41" hai1="94,66,128,132,68,49,76,118,129,78,54,17,75" hai2="60,90,11,57,50,16,133,43,106,74,28,1,12" hai3="105,33,77,113,112,5,122,89,131,45,117,116,42"/><V127/><F74/><W111/><G105/><T15/><D70/><U91/><E118/><V4/><F106/><W86/><G122/><T20/><D119/><U9/><E132/><V102/><F102/><W21/><G21/><T62/><D125/><U114/><E114/><N who="3" m="44138" /><G5/><T67/><D39/><U101/><E101/><V104/><F104/><W23/><G23/><T6/><D41/><U32/><E32/><V64/><F133/><W3/><G3/><T97/><REACH who="0" step="1"/><D20/><REACH who="0" ten="169,404,298,109" step="2"/><U134/><E134/><V100/><F127/><W0/><G116/><T85/><D85/><U98/><E75/><V27/><F43/><W82/><G117/><T48/><D48/><U69/><E68/><V87/><F50/><W107/><G86/><T73/><D73/><U115/><E115/><V2/><F100/><W79/><G42/><T120/><D120/><U24/><E69/><V61/><F61/><W29/><G77/><T81/><D81/><U99/><E78/><V108/><F108/><W53/><G82/><T135/><D135/><U84/><E76/><V47/><F87/><W71/><G71/><T22/><D22/><U14/><E84/><V103/><F60/><W19/><G111/><T80/><D80/><U130/><E98/><V72/><F72/><W13/><G79/><T83/><D83/><U35/><E99/><V36/><F36/><W51/><G51/><T65/><D65/><U8/><E49/><V58/><F64/><W40/><G40/><T121/><D121/><U63/><E66/><V46/><F28/><W7/><G29/><T109/><D109/><U56/><E63/><RYUUKYOKU ba="11,2" sc="169,30,404,-10,298,-10,109,-10" hai0="6,10,15,26,30,34,52,55,62,67,88,93,97" /><INIT seed="3,12,2,1,3,68" ten="199,394,288,99" oya="3" hai0="9,132,62,45,69,59,30,27,74,14,109,102,10" hai1="108,22,90,11,18,50,120,46,32,112,71,60,44" hai2="16,131,119,24,86,76,29,134,8,15,7,105,20" hai3="61,23,114,92,65,78,113,116,56,128,43,79,2"/><W42/><G116/><T58/><D74/><U41/><E120/><V37/><F105/><W39/><G128/><T38/><D109/><U6/><E112/><V40/><F119/><W98/><G2/><T103/><D132/><U91/><E32/><V64/><F131/><W96/><G96/><T85/><D69/><U51/><E108/><V81/><F134/><W88/><G23/><N who="0" m="15743" /><D38/><U94/><E60/><V97/><F64/><W107/><G107/><T66/><D45/><U133/><E71/><V127/><F127/><W28/><G28/><T52/><D85/><U33/><E33/><V67/><F67/><W5/><G5/><N who="0" m="3375" /><D10/><U83/><E133/><V31/><REACH who="2" step="1"/><F97/><REACH who="2" ten="199,394,278,99" step="2"/><W0/><G114/><T75/><D75/><U55/><E6/><V13/><F13/><W93/><G113/><T47/><D47/><AGARI ba="12,3" hai="7,8,15,16,20,24,29,31,37,40,47,76,81,86" machi="47" ten="40,5200,0" yaku="1,1,52,1,54,1,53,0" doraHai="68" doraHaiUra="123" who="2" fromWho="0" sc="199,-88,394,0,278,118,99,0" /><INIT seed="4,0,0,3,0,49" ten="111,394,396,99" oya="0" hai0="43,99,123,117,22,112,7,76,127,122,88,53,75" hai1="89,101,27,5,42,132,61,135,133,23,3,107,31" hai2="64,34,109,8,32,94,71,20,77,85,45,67,98" hai3="52,69,81,65,118,0,1,25,128,86,36,100,13"/><T129/><D117/><U110/><E110/><V54/><F71/><W134/><G36/><T111/><D111/><U4/><E42/><V16/><F32/><W72/><G72/><T113/><D43/><U87/><E3/><V2/><F34/><W59/><G118/><T108/><D108/><U39/><E39/><V14/><F109/><W95/><G128/><T92/><D129/><U46/><E46/><V62/><F2/><W104/><G104/><T106/><D127/><U124/><E124/><V56/><F45/><W51/><G25/><T74/><D7/><U40/><E40/><V50/><F50/><W121/><G13/><T11/><D22/><U6/><E61/><V73/><F73/><N who="0" m="27658" /><D11/><U97/><REACH who="1" step="1"/><E5/><REACH who="1" ten="111,384,396,99" step="2"/><V19/><F62/><W66/><G0/><T35/><D123/><U103/><E103/><V37/><F37/><W55/><G1/><T12/><D122/><U60/><E60/><V68/><F68/><W83/><G69/><T28/><D113/><U38/><E38/><V126/><F126/><W63/><G121/><T70/><D70/><U130/><E130/><V9/><F64/><N who="3" m="24683" /><G134/><T79/><D112/><U41/><E41/><V18/><F67/><W21/><G100/><T90/><D35/><U119/><E119/><V120/><F120/><W10/><G21/><T57/><D28/><U48/><E48/><V24/><F20/><W116/><G116/><T44/><D44/><U26/><E26/><V15/><F24/><W30/><G30/><T105/><D12/><U125/><E125/><V131/><F15/><W80/><G51/><T84/><D57/><RYUUKYOKU ba="0,1" sc="111,-10,384,30,396,-10,99,-10" hai1="4,6,23,27,31,87,89,97,101,107,132,133,135" /><INIT seed="5,1,1,4,0,125" ten="101,414,386,89" oya="1" hai0="47,84,7,17,106,92,39,117,101,75,97,38,129" hai1="25,131,105,94,18,10,67,56,127,130,134,86,48" hai2="133,126,37,63,83,23,28,5,102,41,69,16,6" hai3="14,2,4,90,33,76,64,112,95,70,81,27,89"/><U72/><E105/><V42/><F126/><W78/><G2/><T53/><D117/><U26/><E72/><V104/><F28/><W40/><G112/><T77/><D7/><U68/><E68/><V45/><F42/><W13/><G33/><T9/><D75/><U111/><E111/><V98/><F133/><W79/><G70/><T108/><D108/><U0/><E134/><V60/><F83/><W50/><G64/><T99/><D9/><U1/><E1/><V122/><F122/><W113/><G27/><T115/><D115/><U61/><E48/><V24/><REACH who="2" step="1"/><F63/><REACH who="2" ten="101,414,376,89" step="2"/><W116/><G81/><T46/><D38/><U3/><E127/><V58/><F58/><W91/><G40/><T57/><D57/><U32/><E56/><V71/><F71/><W36/><G113/><T73/><D39/><U82/><E82/><V55/><F55/><W123/><G36/><T11/><D53/><U54/><E54/><V15/><F15/><W12/><G123/><T110/><D110/><U59/><E3/><V87/><F87/><W135/><G135/><T49/><D84/><U74/><E0/><V44/><F44/><W88/><G116/><T114/><D47/><U100/><E86/><V121/><F121/><W21/><G50/><T22/><D49/><U31/><E74/><V66/><AGARI ba="1,2" hai="5,6,16,23,24,37,41,45,60,66,69,98,102,104" machi="66" ten="30,4000,0" yaku="1,1,0,1,54,1,53,0" doraHai="125" doraHaiUra="8" who="2" fromWho="2" sc="101,-11,414,-21,376,63,89,-11" /><INIT seed="6,0,0,1,1,77" ten="90,393,439,78" oya="2" hai0="134,74,25,39,54,97,4,114,82,79,86,65,55" hai1="44,56,94,104,24,90,26,135,48,27,111,84,29" hai2="110,92,1,103,61,8,88,47,121,83,112,66,71" hai3="132,67,109,85,7,119,9,14,102,40,20,46,17"/><V118/><F112/><W37/><G132/><T35/><D114/><U93/><E111/><V124/><F124/><W115/><G115/><T68/><D134/><U16/><E104/><V64/><F110/><W42/><G109/><T72/><D39/><U105/><E105/><V62/><F118/><W28/><G119/><T60/><D4/><U58/><E135/><V108/><F121/><W2/><G67/><T57/><D97/><U131/><E131/><V107/><F47/><W0/><G102/><T13/><D13/><U32/><E94/><V106/><F108/><W31/><G0/><T22/><D35/><U34/><E26/><V120/><F120/><W50/><G40/><T125/><D125/><U19/><E19/><V91/><F103/><W6/><G7/><T15/><D15/><U87/><E87/><V18/><F18/><W45/><REACH who="3" step="1"/><G85/><REACH who="3" ten="90,393,439,68" step="2"/><T81/><D72/><U113/><E113/><V101/><F64/><W75/><G75/><T12/><D68/><U73/><E73/><V51/><F71/><W128/><G128/><T117/><D117/><U96/><E84/><V38/><F101/><W133/><G133/><T69/><D69/><U78/><E34/><V100/><F100/><W41/><AGARI ba="0,1" hai="2,6,9,14,17,20,28,31,37,41,42,45,46,50" machi="41" ten="20,2700,0" yaku="1,1,0,1,7,1,53,0" doraHai="77" doraHaiUra="63" who="3" fromWho="3" sc="90,-7,393,-7,439,-13,68,37" /><INIT seed="7,0,0,2,5,100" ten="83,386,426,105" oya="3" hai0="42,134,77,12,121,8,131,89,33,120,72,24,88" hai1="47,85,135,92,71,65,69,129,97,105,22,93,2" hai2="126,81,63,70,53,30,96,14,60,31,122,16,86" hai3="115,95,68,118,76,116,79,18,61,7,27,41,80"/><W99/><G115/><T107/><D107/><U48/><E2/><V75/><F75/><W109/><G109/><T43/><D134/><U84/><E135/><V91/><F126/><W23/><G7/><T34/><D131/><U104/><E129/><V0/><F0/><W94/><G41/><T103/><D103/><U132/><E132/><V111/><F122/><W58/><G68/><T113/><D113/><U62/><E69/><V78/><F70/><W50/><G50/><T52/><D121/><U19/><E93/><N who="2" m="56383" /><F111/><W114/><G94/><T29/><D120/><U21/><E85/><V90/><F78/><W44/><G44/><T123/><D123/><U117/><E84/><V101/><F101/><W39/><G39/><T49/><D34/><U67/><E67/><V133/><F133/><W102/><G114/><T66/><D66/><U20/><E19/><V125/><F125/><W15/><G27/><T59/><D42/><U35/><E35/><V56/><F60/><W112/><G112/><T40/><D40/><U124/><E117/><V57/><F57/><W6/><G6/><N who="0" m="3095" /><D43/><U51/><E124/><V25/><F25/><W55/><REACH who="3" step="1"/><G76/><REACH who="3" ten="83,386,426,95" step="2"/><T17/><D77/><U26/><E26/><V106/><F106/><W110/><G110/><T127/><D127/><U64/><E48/><V36/><F36/><W45/><G45/><T87/><D24/><U46/><E47/><V37/><F37/><W10/><G10/><AGARI ba="0,1" hai="10,14,16,30,31,53,56,63,81,86,90" m="56383" machi="10" ten="30,2000,0" yaku="8,1,54,1" doraHai="100" who="2" fromWho="3" sc="83,0,386,0,426,30,95,-20" owari="83,-31.7,386,18.6,456,55.6,75,-42.5" /></mjloggm>