<mjloggm ver="2.3"><GO type="169" lobby="0"/><UN n0="%74%6F%72%69%30%36%31%32" n1="%E2%91%A3%E9%81%BF%E9%81%8A%E6%88%AF%E3%80%90%E6%9D%B1%E5%8D%97%E3%80%91" n2="%E7%AB%B9%E4%BA%95%E4%B9%85%EF%BC%A0%E9%83%A8%E9%95%B7" n3="%E4%B8%83%E7%94%9F%E5%A4%95" dan="16,16,17,17" rate="2149.02,2123.57,2139.51,2119.89" sx="M,M,F,M"/><TAIKYOKU oya="0"/><INIT seed="0,0,0,3,1,7" ten="250,250,250,250" oya="0" hai0="73,131,27,71,31,122,90,128,9,94,113,75,107" hai1="108,21,114,36,6,1,118,74,35,79,82,86,3" hai2="77,45,97,133,42,30,14,95,53,81,58,52,69" hai3="19,112,135,76,37,11,127,103,129,101,4,72,109"/><T60/><D122/><U102/><E118/><V62/><F133/><W18/><G112/><T80/><D107/><U106/><E114/><V119/><F119/><W104/><G109/><T130/><D113/><U20/><E108/><V28/><F69/><W33/><G127/><T64/><D80/><U78/><E1/><V68/><F68/><W105/><G129/><T23/><REACH who="0" step="1"/><D9/><REACH who="0" ten="240,250,250,250" step="2"/><U117/><E106/><V132/><F132/><W116/><G135/><T41/><D41/><U44/><E82/><V0/><F42/><W5/><G11/><T46/><D46/><U39/><E44/><V63/><F45/><W84/><G104/><T16/><D16/><U2/><E117/><V121/><F121/><W29/><G18/><T55/><D55/><U83/><E83/><V43/><F43/><W99/><G19/><T123/><D123/><U92/><E6/><V89/><F53/><W40/><G5/><T24/><D24/><U115/><E115/><V49/><F81/><W48/><G4/><T15/><D15/><U32/><E74/><V8/><F77/><W134/><G40/><T124/><D124/><U51/><E3/><V87/><F0/><W125/><G76/><T61/><D61/><U111/><E2/><V66/><F63/><W22/><G72/><T47/><D47/><U17/><E111/><V70/><F14/><W88/><G125/><T120/><D120/><U12/><E12/><V50/><F8/><W65/><G116/><T38/><D38/><U25/><E36/><V85/><F50/><W96/><G37/><T59/><D59/><U126/><E39/><RYUUKYOKU ba="0,1" sc="240,15,250,-15,250,15,250,-15" hai0="23,27,31,60,64,71,73,75,90,94,128,130,131" hai2="28,30,49,52,58,62,66,70,85,87,89,95,97" /><INIT seed="0,1,1,4,2,49" ten="255,235,265,235" oya="0" hai0="60,61,98,118,10,72,101,25,13,134,6,75,0" hai1="117,133,121,20,88,103,90,11,4,79,33,84,31" hai2="63,56,47,22,18,80,23,66,82,77,71,54,51" hai3="128,124,44,55,89,116,24,74,42,36,109,132,107"/><T78/><D118/><U30/><E117/><V38/><F18/><W57/><G74/><T87/><D134/><U52/><E133/><V91/><F91/><W62/><G132/><T19/><D87/><U40/><E33/><V68/><F80/><W1/><G116/><T8/><D25/><U126/><E121/><V67/><F68/><W43/><G109/><T41/><D41/><U32/><E32/><V110/><F110/><W96/><G124/><T100/><D100/><U21/><E40/><N who="2" m="22935" /><F67/><W83/><G128/><T76/><D75/><AGARI ba="1,1" hai="22,23,51,54,56,63,66,71,75,77,82" m="22935" machi="75" ten="30,2000,0" yaku="24,1,52,1" doraHai="49" who="2" fromWho="0" sc="255,-23,235,0,265,33,235,0" /><INIT seed="1,0,0,2,4,6" ten="232,235,298,235" oya="1" hai0="48,37,112,3,5,71,115,64,47,29,10,75,90" hai1="51,109,117,88,52,98,100,63,74,96,19,86,87" hai2="31,28,62,25,84,122,134,1,0,123,132,106,35" hai3="124,26,125,66,4,13,93,77,36,12,56,17,130"/><U39/><E39/><V67/><F106/><W118/><G36/><T135/><D135/><N who="2" m="51754" /><F84/><W108/><G77/><T121/><D121/><N who="2" m="46090" /><F31/><W61/><G108/><T43/><D48/><U7/><E109/><V20/><F20/><W33/><G118/><T42/><D42/><U53/><E117/><V22/><F22/><W119/><G119/><T14/><D90/><U131/><E74/><V60/><F60/><W11/><G130/><T104/><D104/><U18/><E131/><V80/><F80/><W126/><G93/><T78/><D29/><U120/><E120/><V45/><F45/><W32/><REACH who="3" step="1"/><G26/><REACH who="3" ten="232,235,298,225" step="2"/><T57/><D78/><U113/><E113/><V111/><F111/><W129/><G129/><T40/><D115/><U58/><E100/><V9/><F9/><AGARI ba="0,1" hai="4,9,11,12,13,17,32,33,56,61,66,124,125,126" machi="9" ten="40,8000,1" yaku="1,1,18,1,52,2,53,0" doraHai="6" doraHaiUra="41" who="3" fromWho="2" sc="232,0,235,0,298,-80,225,90" /><INIT seed="2,0,0,0,2,34" ten="232,235,218,315" oya="2" hai0="105,117,33,1,73,72,29,132,84,118,66,87,107" hai1="53,108,125,88,94,129,5,106,92,38,114,119,43" hai2="109,77,57,69,131,36,100,124,101,75,22,76,20" hai3="59,111,60,128,21,98,55,31,102,70,27,123,51"/><V49/><F69/><W90/><G111/><T89/><D66/><U112/><E108/><V85/><F109/><W121/><G128/><T110/><D29/><U122/><E129/><V83/><F36/><W42/><G90/><T133/><D33/><U44/><E106/><N who="0" m="40457" /><D1/><U26/><E122/><V81/><F124/><W61/><G61/><T91/><D87/><U19/><E125/><V0/><F0/><W52/><G42/><T13/><D13/><U127/><E127/><V115/><F115/><W48/><G70/><T64/><D64/><U39/><E39/><V24/><F131/><W113/><G113/><T10/><D10/><U6/><E119/><N who="0" m="45577" /><D110/><U68/><E68/><V126/><F126/><W25/><G25/><T97/><D97/><U8/><E94/><V135/><F135/><N who="0" m="51786" /><D91/><U11/><E11/><V96/><F96/><W3/><G3/><T71/><D71/><U28/><E114/><V103/><REACH who="2" step="1"/><F24/><REACH who="2" ten="232,235,208,315" step="2"/><W12/><G27/><T74/><D74/><U16/><E112/><V50/><F50/><W99/><G51/><T41/><D41/><U17/><E43/><V4/><F4/><W79/><G99/><T18/><D18/><U15/><E6/><V86/><F86/><W9/><G98/><T47/><D47/><U14/><E38/><V65/><F65/><W23/><G48/><T104/><D104/><U63/><E44/><V62/><F62/><W7/><G60/><T35/><D35/><N who="1" m="20887" /><E63/><V93/><F93/><AGARI ba="0,1" hai="72,73,84,89,93" m="51786,45577,40457" machi="93" ten="40,8000,1" yaku="12,1,20,1,34,2" doraHai="34" who="0" fromWho="2" sc="232,90,235,0,208,-80,315,0" /><INIT seed="3,0,0,3,5,83" ten="322,235,128,315" oya="3" hai0="112,119,35,4,3,8,9,5,66,33,27,78,10" hai1="85,37,84,60,127,61,40,73,36,114,25,12,125" hai2="58,126,104,105,88,6,22,76,130,107,96,79,15" hai3="0,69,100,117,19,17,46,43,29,68,41,21,57"/><W87/><G0/><T102/><D102/><U44/><E114/><V34/><F34/><N who="0" m="12810" /><D78/><U92/><E73/><V2/><F126/><N who="1" m="48137" /><E25/><V74/><F130/><W128/><G117/><T132/><D66/><U20/><E92/><V26/><F2/><W116/><G128/><T93/><D93/><U38/><E20/><V135/><F135/><W124/><G116/><T13/><D119/><U16/><E44/><V53/><F74/><W113/><G57/><T122/><D122/><U71/><E40/><V91/><F15/><W89/><G100/><T97/><D97/><U109/><E109/><V80/><F6/><W131/><G43/><T81/><D81/><U129/><E129/><V120/><F120/><W67/><G131/><T1/><D132/><U63/><E71/><V121/><F121/><W18/><G67/><T98/><D98/><U54/><E54/><V23/><F96/><W62/><G62/><T14/><D112/><U133/><E133/><V31/><F23/><W103/><G103/><T94/><D94/><U82/><E82/><V101/><F101/><W111/><G113/><T118/><D118/><U28/><E28/><V49/><REACH who="2" step="1"/><F80/><REACH who="2" ten="322,235,118,315" step="2"/><N who="3" m="49383" /><G124/><T95/><D95/><U47/><E47/><V106/><N who="2" m="26624" /><DORA hai="72" /><V32/><F32/><W77/><G46/><T39/><D3/><U134/><E134/><V64/><F64/><W55/><G41/><T59/><D1/><U65/><E65/><V42/><F42/><W30/><G21/><T24/><D5/><U50/><E12/><V56/><F56/><W115/><G68/><T70/><D70/><U48/><E16/><RYUUKYOKU ba="0,1" sc="322,-15,235,15,118,15,315,-15" hai1="36,37,38,48,50,60,61,63,84,85" hai2="22,26,31,49,53,58,76,79,88,91" /><INIT seed="4,1,1,0,0,130" ten="307,250,133,300" oya="0" hai0="52,111,70,5,45,27,55,123,133,21,25,84,57" hai1="113,131,129,37,30,15,63,121,9,78,81,60,66" hai2="51,85,106,69,7,126,58,72,31,65,79,0,125" hai3="6,4,23,24,40,2,96,99,128,87,35,26,10"/><T29/><D123/><U38/><E30/><V105/><F85/><W94/><G128/><N who="1" m="49226" /><E121/><V103/><F31/><W50/><G35/><T56/><D70/><N who="1" m="42311" /><E63/><N who="2" m="40127" /><F58/><W67/><G67/><T19/><D45/><U108/><E113/><V18/><F18/><W28/><G26/><T86/><D5/><N who="1" m="3503" /><E108/><V115/><F51/><W54/><G6/><T122/><D122/><U61/><E61/><V100/><F115/><W14/><G2/><T46/><D46/><U33/><E33/><V132/><F7/><W93/><G40/><T95/><D111/><U47/><E47/><V11/><F11/><W104/><G10/><T119/><D119/><U124/><E124/><V109/><F0/><W107/><G28/><T112/><D112/><U88/><E88/><V118/><F118/><W98/><G4/><T32/><D32/><U34/><E34/><V90/><F90/><W120/><G23/><T110/><D110/><U127/><E127/><V73/><F109/><W75/><G120/><T91/><D29/><U134/><E134/><V71/><F132/><W49/><G24/><T102/><D133/><U116/><E116/><V13/><F13/><W92/><G14/><T74/><D102/><N who="2" m="38954" /><F71/><W3/><G3/><T39/><D39/><U16/><E16/><V97/><F126/><W59/><G50/><N who="0" m="30743" /><D27/><U22/><E22/><V1/><F1/><W89/><REACH who="3" step="1"/><G75/><AGARI ba="1,1" hai="37,38,75,78,81" m="3503,42311,49226" machi="75" ten="30,1000,0" yaku="19,1" doraHai="130" who="1" fromWho="3" sc="307,0,250,23,133,0,300,-13" /><INIT seed="5,0,0,1,4,41" ten="307,273,133,287" oya="1" hai0="100,118,55,82,103,36,66,13,106,93,117,12,129" hai1="74,86,98,75,105,40,3,79,87,119,51,94,69" hai2="88,99,32,17,92,5,39,16,25,78,127,121,8" hai3="65,60,83,111,125,4,89,134,10,24,57,120,114"/><U132/><E119/><V54/><F121/><W77/><G111/><T50/><D36/><U85/><E69/><V113/><F39/><W63/><G114/><T84/><D106/><U126/><E3/><V122/><F122/><W53/><G125/><T123/><D123/><U1/><E1/><V42/><F42/><W116/><G134/><T58/><D129/><U102/><E40/><V90/><F127/><W131/><G131/><T31/><D31/><U130/><E51/><V2/><F113/><W28/><G116/><T37/><D37/><U49/><E49/><V76/><F90/><W35/><G89/><N who="0" m="51351" /><D118/><U43/><E43/><V27/><F54/><W0/><G120/><T108/><D108/><U96/><E126/><V48/><F48/><W56/><G83/><T38/><D38/><U80/><E132/><V109/><F109/><W47/><REACH who="3" step="1"/><G77/><REACH who="3" ten="307,273,133,277" step="2"/><T112/><D112/><U70/><E130/><V107/><F78/><W81/><G81/><T124/><D124/><U52/><E75/><V71/><F76/><W46/><AGARI ba="0,1" hai="0,4,10,24,28,35,46,47,53,56,57,60,63,65" machi="46" ten="30,8000,1" yaku="1,1,0,1,52,2,53,1" doraHai="41" doraHaiUra="62" who="3" fromWho="3" sc="307,-20,273,-40,133,-20,277,90" /><INIT seed="6,0,0,5,0,110" ten="287,233,113,367" oya="2" hai0="126,49,5,107,104,53,88,35,120,15,83,112,61" hai1="52,131,90,117,113,50,6,116,96,65,76,127,67" hai2="21,86,133,87,85,58,48,69,94,14,121,56,80" hai3="62,100,8,74,57,59,60,93,4,3,38,91,73"/><V37/><F37/><W23/><G100/><T72/><D120/><U99/><E6/><V101/><F69/><W16/><G38/><T124/><D35/><U128/><E76/><V103/><F133/><W132/><G132/><T9/><D61/><U119/><E127/><N who="0" m="48681" /><D112/><U51/><E113/><V28/><F121/><W45/><G45/><N who="0" m="27823" /><D72/><U42/><E90/><V79/><F58/><W102/><G102/><N who="2" m="38921" /><F94/><W26/><G59/><T84/><AGARI ba="0,0" hai="5,9,15,83,84,88,104,107" m="27823,48681" machi="84" ten="30,2000,0" yaku="18,1,54,1" doraHai="110" who="0" fromWho="0" sc="287,20,233,-5,113,-10,367,-5" /><INIT seed="7,0,0,1,3,48" ten="307,228,103,362" oya="3" hai0="45,71,133,62,82,88,63,67,41,35,112,8,20" hai1="12,127,22,85,28,32,123,30,99,106,33,46,53" hai2="57,83,55,40,42,31,64,109,93,102,69,17,16" hai3="108,56,101,122,97,76,18,2,79,121,1,87,44"/><W132/><G132/><T54/><D35/><U24/><E123/><V39/><F109/><W130/><G108/><T98/><D133/><U124/><E85/><V4/><F69/><W105/><G130/><T73/><D112/><U0/><E106/><V92/><F39/><W19/><G19/><T114/><D114/><U120/><E99/><V10/><F64/><W74/><G74/><T36/><D20/><U107/><E107/><V116/><F116/><W128/><G128/><T52/><D63/><U89/><E89/><V47/><F31/><W125/><G125/><T61/><D61/><U58/><E46/><V78/><F47/><W14/><G56/><T27/><D27/><U134/><E0/><V95/><F102/><W49/><G2/><T90/><D90/><U21/><E120/><V113/><F113/><W126/><G1/><T66/><D8/><U75/><E75/><V11/><F83/><W77/><G87/><T60/><D73/><U84/><E84/><V117/><F78/><W65/><G65/><T135/><D135/><U115/><E115/><V70/><F70/><W13/><G13/><T110/><D110/><U25/><E12/><V91/><F91/><W26/><G26/><T29/><D29/><U37/><E134/><V9/><F4/><W23/><REACH who="3" step="1"/><G126/><REACH who="3" ten="307,228,103,352" step="2"/><T96/><D96/><U38/><E58/><V111/><F111/><W81/><G81/><T51/><D82/><U100/><E100/><V80/><F80/><W129/><G129/><T94/><D36/><U15/><E15/><V68/><F117/><W43/><AGARI ba="0,1" hai="14,18,23,43,44,49,76,77,79,97,101,105,121,122" machi="43" ten="30,3000,0" yaku="1,1,0,1,53,0" doraHai="48" doraHaiUra="50" who="3" fromWho="3" sc="307,-10,228,-10,103,-10,352,40" owari="297,9.7,218,-18.2,93,-40.7,392,49.2" /></mjloggm>