<mjloggm ver="2.3"><GO type="169" lobby="0"/><UN n0="%E8%82%89%E5%9B%A3%E5%AD%90%E5%85%88%E7%94%9F" n1="%E3%81%8D%E3%82%83%E3%83%BC%E3%82%8D%E3%82%93" n2="%E7%9C%9F%E4%B8%80" n3="%50%73%79%63%68%65" dan="16,16,16,16" rate="2080.28,2159.43,2164.58,2106.84" sx="M,M,M,M"/><TAIKYOKU oya="0"/><INIT seed="0,0,0,0,3,128" ten="250,250,250,250" oya="0" hai0="94,96,8,4,47,65,13,24,117,34,68,92,10" hai1="33,55,105,104,21,38,131,74,7,58,91,75,22" hai2="36,110,102,123,29,66,124,133,43,3,35,89,115" hai3="64,97,83,122,32,1,106,80,19,62,72,67,86"/><T40/><D117/><U100/><E38/><V39/><F89/><W87/><G1/><T26/><D68/><U84/><E33/><V119/><F102/><W60/><G32/><T78/><D65/><U28/><E7/><V98/><F29/><W57/><G72/><T70/><D70/><U9/><E9/><V76/><F98/><W120/><G19/><T118/><D118/><U2/><E2/><V107/><F76/><W0/><G0/><T20/><D34/><U11/><E131/><V48/><F43/><W44/><G44/><T25/><D78/><U112/><E112/><V30/><F48/><W134/><G97/><T116/><D116/><U18/><E11/><V15/><F15/><W50/><G50/><T45/><D94/><U14/><E105/><V73/><F30/><W17/><G17/><T109/><D109/><U121/><E121/><V56/><F56/><W135/><G57/><T41/><D41/><U81/><E104/><AGARI ba="0,0" hai="60,62,64,67,80,83,86,87,104,106,120,122,134,135" machi="104" ten="25,6400,0" yaku="22,2,52,2" doraHai="128" who="3" fromWho="1" sc="250,0,250,-64,250,0,250,64" /><INIT seed="1,0,0,5,5,25" ten="250,186,250,314" oya="1" hai0="55,24,15,110,123,50,116,9,103,122,134,8,126" hai1="21,6,128,99,105,97,45,26,43,35,40,57,125" hai2="81,71,113,112,5,135,129,11,84,13,79,77,95" hai3="51,39,92,104,101,59,60,48,109,85,3,66,69"/><U0/><E128/><V47/><F129/><W65/><G3/><T36/><D36/><U90/><E125/><V93/><F71/><W20/><G39/><T42/><D126/><U80/><E35/><V118/><F118/><W117/><G117/><T62/><D116/><U1/><E43/><V89/><F135/><W96/><G109/><T68/><D110/><U94/><E80/><V28/><F28/><W52/><G66/><T2/><D42/><U23/><E6/><V102/><F102/><W75/><G75/><T54/><D103/><U86/><E23/><V87/><F47/><W19/><G85/><T32/><D134/><U82/><E57/><V72/><F77/><W73/><G73/><T17/><D2/><U53/><E53/><V78/><F78/><W41/><G41/><T49/><D8/><U46/><E46/><V61/><F61/><W4/><G4/><T119/><D119/><U115/><E105/><V64/><F64/><W22/><G104/><T16/><D68/><U132/><E132/><V106/><F106/><W14/><REACH who="3" step="1"/><G22/><REACH who="3" ten="250,186,250,304" step="2"/><N who="0" m="13383" /><D32/><U98/><E115/><V74/><F74/><W120/><G120/><N who="0" m="46123" /><D62/><AGARI ba="0,1" hai="14,19,20,48,51,52,59,60,62,65,69,92,96,101" machi="62" ten="30,3900,0" yaku="1,1,7,1,54,1,53,0" doraHai="25" doraHaiUra="70" who="3" fromWho="0" sc="250,-39,186,0,250,0,304,49" /><INIT seed="2,0,0,2,3,13" ten="211,186,250,353" oya="2" hai0="127,12,23,119,62,2,20,50,46,19,3,60,93" hai1="134,98,74,70,66,94,135,95,34,56,110,5,28" hai2="121,108,115,36,107,43,25,91,113,6,128,44,17" hai3="114,96,1,133,77,38,105,48,71,30,78,86,92"/><V99/><F121/><W37/><G71/><T32/><D127/><U111/><E74/><V59/><F128/><W42/><G1/><T41/><D32/><U120/><E70/><V73/><F73/><W40/><G105/><T18/><D119/><U7/><E34/><V69/><F69/><W8/><G30/><T116/><D116/><U123/><E28/><V81/><F6/><N who="1" m="2057" /><E66/><V67/><F107/><W124/><G8/><T52/><D93/><N who="1" m="35339" /><E56/><V16/><F99/><W54/><G124/><T88/><D88/><U126/><E98/><V24/><F108/><N who="1" m="41513" /><E126/><V33/><F33/><W11/><G96/><T64/><D41/><U132/><AGARI ba="0,0" hai="120,123,132,134,135" m="41513,35339,2057" machi="132" ten="40,8000,1" yaku="28,2,20,1,14,1" doraHai="13" who="1" fromWho="1" sc="211,-20,186,80,250,-40,353,-20" /><INIT seed="3,0,0,2,2,37" ten="191,266,210,333" oya="3" hai0="134,88,74,14,76,98,57,31,124,93,64,112,38" hai1="69,90,34,1,0,103,66,100,12,104,5,109,120" hai2="78,132,21,129,106,91,107,67,130,135,51,111,63" hai3="4,49,20,59,58,32,53,44,81,35,70,24,36"/><W39/><G70/><T45/><D124/><U10/><E120/><V128/><F111/><W11/><G39/><T114/><D134/><N who="2" m="51242" /><F51/><W47/><G35/><T29/><D74/><U105/><E109/><V84/><F21/><W15/><G32/><T25/><D76/><U117/><E117/><V131/><N who="2" m="32768" /><DORA hai="94" /><V40/><F40/><W19/><REACH who="3" step="1"/><G81/><REACH who="3" ten="191,266,210,323" step="2"/><T60/><D38/><U101/><E34/><V96/><F78/><W108/><G108/><T48/><D112/><U18/><E69/><N who="2" m="42239" /><F96/><W2/><G2/><T73/><D114/><U7/><E1/><V92/><AGARI ba="0,1" hai="84,91,92,106,107" m="42239,32768,51242" machi="92" ten="60,4000,0" yaku="20,1,19,1" doraHai="37,94" who="2" fromWho="2" sc="191,-10,266,-10,210,50,323,-20" /><INIT seed="4,0,0,0,3,115" ten="181,256,260,303" oya="0" hai0="58,128,23,100,43,77,102,1,30,116,64,20,3" hai1="9,48,134,118,119,55,45,91,96,108,103,15,4" hai2="63,62,41,27,70,122,78,112,75,87,132,5,46" hai3="24,57,61,124,10,92,52,130,35,131,47,127,79"/><T12/><D116/><U31/><E108/><V120/><F112/><W66/><G79/><T36/><D77/><U114/><E134/><V76/><F87/><W25/><G10/><T17/><D128/><N who="3" m="49193" /><G92/><T42/><D1/><U125/><E114/><V21/><F132/><W37/><G35/><T98/><D3/><U121/><E121/><V54/><F5/><W38/><G25/><N who="0" m="16679" /><D36/><N who="3" m="13929" /><G24/><T51/><D51/><AGARI ba="0,0" hai="47,51,52,57,61,66,124,127" m="13929,49193" machi="51" ten="40,8000,1" yaku="19,1,34,2,54,1" doraHai="115" who="3" fromWho="0" sc="181,-80,256,0,260,0,303,80" /><INIT seed="5,0,0,1,1,76" ten="101,256,260,383" oya="1" hai0="117,14,100,16,57,42,54,60,2,70,12,91,35" hai1="81,67,9,90,66,104,116,50,115,80,18,124,95" hai2="106,23,121,89,61,59,111,25,131,114,15,97,128" hai3="20,110,19,45,29,130,64,93,69,98,33,72,8"/><U134/><E116/><V53/><F111/><W58/><G110/><T48/><D117/><U133/><E104/><V94/><F121/><W39/><G69/><T102/><D2/><U6/><E115/><V27/><F114/><W5/><G72/><T36/><D35/><U3/><E124/><V84/><F15/><W112/><G112/><T86/><D12/><U49/><E18/><V132/><F132/><N who="1" m="50793" /><E50/><V11/><F11/><W28/><G33/><T126/><D126/><U68/><E49/><V31/><F27/><W52/><G64/><N who="1" m="24618" /><E68/><V92/><REACH who="2" step="1"/><F106/><REACH who="2" ten="101,256,250,383" step="2"/><W46/><G8/><T125/><D70/><U77/><E77/><V88/><AGARI ba="0,1" hai="23,25,31,53,59,61,84,88,89,92,94,97,128,131" machi="88" ten="30,7900,0" yaku="1,1,2,1,0,1,54,1,53,0" doraHai="76" doraHaiUra="10" who="2" fromWho="2" sc="101,-20,256,-39,250,89,383,-20" /><INIT seed="6,0,0,0,0,108" ten="81,217,339,363" oya="2" hai0="29,6,106,102,45,132,110,83,58,43,0,92,26" hai1="113,107,90,49,50,4,109,112,104,8,127,57,118" hai2="39,27,78,135,51,53,17,32,64,129,88,30,68" hai3="36,40,103,22,114,33,37,62,20,66,12,59,38"/><V96/><F39/><W55/><G33/><T101/><D110/><U41/><E109/><V76/><F129/><W15/><G103/><T74/><D132/><U42/><E118/><V72/><F135/><W77/><G77/><T69/><D92/><U133/><E133/><V122/><F122/><W16/><G40/><N who="1" m="15466" /><E90/><V65/><F17/><W123/><G123/><T13/><D58/><U28/><E28/><V67/><F68/><W34/><G34/><T60/><D13/><U116/><E116/><V91/><F72/><W130/><G130/><T125/><D125/><U124/><E107/><V134/><F134/><W21/><G15/><T54/><D54/><N who="1" m="31951" /><E50/><V121/><F121/><W71/><REACH who="3" step="1"/><G114/><REACH who="3" ten="81,217,339,353" step="2"/><N who="1" m="44138" /><E104/><V19/><F78/><W75/><G75/><T99/><D74/><U24/><E24/><V80/><F76/><W10/><G10/><T3/><D106/><U1/><AGARI ba="0,1" hai="1,4,8,124,127" m="44138,31951,15466" machi="1" ten="30,7900,0" yaku="15,1,52,3" doraHai="108" who="1" fromWho="1" sc="81,-20,217,89,339,-39,353,-20" /><INIT seed="7,0,0,1,5,55" ten="61,306,300,333" oya="3" hai0="45,15,112,61,42,60,36,32,82,51,115,43,107" hai1="46,92,94,127,102,128,31,22,17,81,134,108,25" hai2="63,77,118,123,27,4,12,104,62,79,69,126,2" hai3="135,40,3,24,122,90,74,84,100,73,59,68,41"/><W7/><G68/><T66/><D107/><U124/><E108/><V80/><F118/><W50/><G122/><T13/><D82/><U65/><E128/><V76/><F123/><W106/><G135/><T35/><D15/><U129/><E129/><V110/><F110/><W78/><G24/><T58/><D13/><U93/><E134/><V95/><F104/><W87/><G87/><T28/><D32/><U114/><E114/><N who="0" m="43561" /><D35/><U5/><E5/><V23/><F2/><W21/><G21/><T83/><D28/><U120/><E120/><V91/><F126/><N who="1" m="48169" /><E81/><V38/><F38/><W53/><G7/><T19/><D19/><U29/><E46/><V113/><F113/><W6/><G6/><T89/><D89/><U9/><E9/><N who="2" m="4135" /><F69/><W44/><G3/><T88/><D88/><U49/><E102/><V130/><F80/><N who="3" m="45143" /><G73/><T67/><D83/><U0/><E0/><V71/><F71/><W57/><G100/><T99/><D99/><U64/><E49/><V111/><F111/><W116/><G106/><T33/><D33/><U48/><E48/><V10/><F10/><W109/><G109/><T14/><D14/><U54/><E54/><V34/><F34/><W117/><G117/><T20/><D20/><U37/><E37/><V103/><F103/><W97/><G116/><T18/><D18/><U47/><E47/><V85/><F130/><W26/><G97/><T101/><D101/><U121/><E121/><V16/><AGARI ba="0,0" hai="16,23,27,62,63,76,77,79,85,91,95" m="4135" machi="16" ten="30,2000,0" yaku="8,1,54,1" doraHai="55" who="2" fromWho="2" sc="61,-5,306,-5,300,20,333,-10" owari="56,-44.4,301,-9.9,320,12.0,323,42.3" /></mjloggm>