<mjloggm ver="2.3"><GO type="169" lobby="0"/><UN n0="%E7%8C%AA%E7%8B%A9%E5%AE%88" n1="%68%7A%63" n2="%E6%B2%B3%E7%AB%A5%E3%81%AE%E3%83%AF%E3%82%AB%E3%83%9E%E3%83%84" n3="%6D%61%6A%75%6E%69%61" dan="17,18,19,16" rate="2169.61,2192.34,2285.21,2134.14" sx="M,F,M,M"/><TAIKYOKU oya="0"/><INIT seed="0,0,0,0,2,58" ten="250,250,250,250" oya="0" hai0="12,60,70,32,126,39,102,61,79,134,94,80,63" hai1="120,91,101,24,48,76,67,36,107,11,46,92,118" hai2="49,99,96,33,135,87,28,53,23,86,123,27,38" hai3="19,68,7,133,100,127,130,17,109,88,15,82,124"/><T125/><D39/><U22/><E36/><V57/><F123/><W131/><G68/><T4/><D32/><U71/><E118/><V112/><F112/><W34/><G34/><T47/><D47/><U110/><E110/><V108/><F108/><W52/><G100/><T115/><D115/><U35/><E76/><V29/><F135/><W31/><G31/><T104/><D104/><U81/><E120/><V43/><F38/><W97/><G109/><T116/><D116/><U128/><E81/><V9/><F43/><W122/><G122/><T54/><D54/><U73/><E73/><V45/><F9/><W44/><G133/><T56/><D70/><U103/><E11/><V77/><F45/><W93/><G82/><T98/><D4/><U2/><E2/><V50/><F50/><N who="3" m="28743" /><G7/><T64/><D12/><U16/><E107/><V41/><F41/><W69/><G69/><T26/><D26/><U8/><E24/><V83/><F29/><W129/><G15/><T89/><D102/><U72/><E103/><V55/><F33/><W84/><G97/><T132/><D132/><U113/><E101/><V42/><F42/><W18/><AGARI ba="0,0" hai="17,18,19,84,88,93,124,127,129,130,131" m="28743" machi="18" ten="40,5200,0" yaku="19,1,54,2" doraHai="58" who="3" fromWho="3" sc="250,-26,250,-13,250,-13,250,52" /><INIT seed="1,0,0,4,2,81" ten="224,237,237,302" oya="1" hai0="15,33,56,125,106,50,14,19,101,79,130,134,75" hai1="55,6,126,105,131,88,21,135,111,129,132,121,74" hai2="89,43,117,84,60,16,58,27,127,1,47,107,62" hai3="76,78,114,80,98,49,26,68,35,119,103,65,25"/><U82/><E121/><V22/><F117/><W87/><G119/><T34/><D125/><U109/><E6/><V113/><F127/><W72/><G114/><T40/><D130/><N who="1" m="49675" /><E126/><V7/><F107/><W122/><G122/><T36/><D134/><N who="1" m="51243" /><E105/><V70/><F113/><W69/><G49/><T99/><D36/><U23/><E55/><V41/><F1/><W116/><G116/><T11/><D75/><U63/><E63/><V94/><F7/><W39/><G39/><T53/><D40/><U124/><E124/><V46/><F43/><W91/><G69/><T45/><D45/><U0/><E0/><V51/><F70/><W108/><G108/><N who="1" m="41546" /><E74/><V133/><F133/><W115/><G115/><T13/><D53/><U9/><E9/><V85/><F60/><W73/><G73/><T24/><D11/><U44/><E44/><V17/><F47/><W31/><G72/><T77/><D106/><U93/><E82/><V100/><F62/><W95/><G65/><T118/><D118/><U104/><E104/><V3/><F3/><W110/><G110/><T57/><D57/><U30/><E30/><V28/><F58/><W97/><G68/><T71/><D56/><U37/><E37/><V18/><F28/><W96/><G31/><T128/><D71/><U59/><E59/><V32/><F46/><W67/><G67/><T48/><D50/><U54/><E54/><V120/><F51/><W92/><G80/><T61/><D48/><U90/><E90/><V66/><F66/><W2/><G91/><T42/><D61/><U123/><E123/><V29/><F120/><RYUUKYOKU ba="0,0" sc="224,-10,237,30,237,-10,302,-10" hai1="21,23,88,93" /><INIT seed="1,1,0,5,5,16" ten="214,267,227,292" oya="1" hai0="92,60,67,55,6,5,120,130,133,46,36,38,59" hai1="31,116,115,41,24,7,39,45,102,87,107,54,44" hai2="27,42,89,61,123,52,1,118,63,49,132,72,14" hai3="108,90,10,37,98,15,17,68,76,40,66,21,106"/><U128/><E115/><V97/><F1/><W85/><G108/><T51/><D120/><U57/><E116/><V9/><F123/><W77/><G68/><T62/><D130/><U65/><E128/><V71/><F118/><W3/><G3/><T43/><D133/><U78/><E7/><V75/><F132/><W8/><G66/><N who="0" m="39199" /><D92/><U20/><E45/><V94/><F42/><W81/><G37/><N who="0" m="21871" /><D6/><U127/><E65/><V117/><F117/><W73/><G40/><T96/><D96/><U82/><E127/><V28/><F72/><W86/><G77/><T33/><D33/><U113/><E113/><V25/><F75/><W53/><G53/><T13/><D13/><U26/><E26/><V99/><F99/><W35/><G35/><T30/><D30/><U91/><E102/><V23/><F27/><W64/><G64/><T125/><D5/><U83/><E107/><V124/><F124/><W74/><G74/><T129/><D129/><U88/><REACH who="1" step="1"/><E83/><REACH who="1" ten="214,257,227,292" step="2"/><V69/><F71/><W101/><REACH who="3" step="1"/><G85/><REACH who="3" ten="214,257,227,282" step="2"/><T56/><D125/><U121/><E121/><V100/><F69/><AGARI ba="1,2" hai="36,38,51,55,56,62,67,69" m="21871,39199" machi="69" ten="30,12000,2" yaku="24,1,35,5" doraHai="16" who="0" fromWho="2" sc="214,143,257,0,227,-123,282,0" /><INIT seed="2,0,0,0,4,51" ten="357,257,104,282" oya="2" hai0="98,124,125,133,128,111,75,114,66,37,118,9,101" hai1="33,131,69,79,45,72,87,73,62,7,60,50,83" hai2="46,48,88,27,106,18,129,85,100,132,107,74,53" hai3="55,28,126,1,5,36,63,104,43,65,29,40,67"/><V57/><F74/><W105/><G126/><T77/><D9/><U90/><E33/><V117/><F117/><W39/><G63/><T80/><D66/><U110/><E110/><V0/><F0/><W49/><G49/><T123/><D37/><U11/><E131/><V91/><F129/><W134/><G1/><T21/><D21/><U17/><E17/><V23/><F132/><W76/><G76/><T56/><D56/><U24/><E24/><V22/><F100/><W108/><G108/><T84/><D111/><U119/><E119/><V38/><F91/><W82/><G82/><N who="0" m="45375" /><D118/><U102/><E102/><V8/><F8/><W89/><G89/><N who="0" m="51335" /><D114/><U12/><E69/><V42/><REACH who="2" step="1"/><F23/><REACH who="2" ten="357,257,94,282" step="2"/><W61/><G134/><T93/><D133/><U6/><E73/><V70/><F70/><W16/><G104/><T10/><D128/><U32/><E32/><V95/><AGARI ba="0,1" hai="18,22,27,38,42,46,48,53,57,85,88,95,106,107" machi="95" ten="20,18000,2" yaku="1,1,0,1,7,1,52,1,54,1,53,1" doraHai="51" doraHaiUra="54" who="2" fromWho="2" sc="357,-60,257,-60,94,190,282,-60" /><INIT seed="2,1,0,3,4,107" ten="297,197,284,222" oya="2" hai0="58,82,128,74,80,40,44,35,89,69,53,98,94" hai1="61,99,67,126,124,2,120,122,34,48,3,90,51" hai2="102,91,114,8,17,24,65,19,92,104,49,12,20" hai3="81,59,116,87,105,57,71,85,72,64,123,75,108"/><V66/><F114/><W106/><G116/><T118/><D118/><U18/><E90/><V130/><F130/><W26/><G123/><N who="1" m="47146" /><E3/><V93/><F104/><W133/><G26/><T31/><D69/><N who="1" m="42223" /><E18/><V37/><F37/><W95/><G71/><T33/><D128/><U113/><E2/><V135/><F135/><W60/><G133/><T62/><D31/><U46/><E99/><V42/><F102/><W109/><G60/><T16/><D82/><U28/><E28/><V129/><F129/><W22/><G64/><T96/><D96/><U6/><E6/><V84/><REACH who="2" step="1"/><F93/><REACH who="2" ten="297,197,274,222" step="2"/><W119/><G95/><T112/><D112/><U39/><E113/><V0/><F0/><W15/><G119/><T4/><D94/><U41/><E34/><V11/><F11/><W30/><G105/><T100/><D33/><U86/><E86/><V36/><F36/><W83/><G106/><T88/><D100/><U117/><E117/><V97/><F97/><W29/><REACH who="3" step="1"/><G22/><REACH who="3" ten="297,197,274,212" step="2"/><T111/><D35/><U77/><E126/><V14/><F14/><AGARI ba="1,2" hai="14,15,29,30,57,59,72,75,81,83,85,87,108,109" machi="14" ten="25,12000,2" yaku="1,1,2,1,22,2,52,2,53,0" doraHai="107" doraHaiUra="70" who="3" fromWho="2" sc="297,0,197,0,274,-123,212,143" /><INIT seed="3,0,0,3,3,64" ten="297,197,151,355" oya="3" hai0="135,118,45,29,89,75,35,103,19,76,37,94,42" hai1="53,56,122,10,97,98,69,2,63,92,66,85,134" hai2="26,73,17,127,33,3,7,109,95,81,41,126,82" hai3="15,88,80,9,36,18,111,128,105,108,8,104,100"/><W60/><G36/><T119/><D135/><U78/><E122/><V114/><F114/><W130/><G60/><T5/><D103/><U13/><E2/><V83/><F109/><N who="3" m="42059" /><G8/><T49/><D19/><U61/><E134/><V87/><F73/><W62/><G62/><T57/><D5/><U65/><E53/><V123/><F123/><W96/><G104/><T22/><D35/><U120/><E120/><V70/><F70/><W55/><G55/><T52/><D76/><U47/><E47/><V113/><F113/><W93/><G80/><T72/><D22/><U54/><E54/><V91/><F41/><W101/><G105/><T117/><REACH who="0" step="1"/><D29/><REACH who="0" ten="287,197,151,355" step="2"/><U115/><E115/><V6/><F6/><W20/><G20/><T23/><D23/><U44/><E66/><V133/><F133/><W68/><G68/><T16/><D16/><U32/><E69/><V124/><F17/><W129/><AGARI ba="0,1" hai="9,15,18,88,93,96,100,101,128,129,130" m="42059" machi="129" ten="40,12000,1" yaku="19,1,14,1,10,1,54,1" doraHai="64" who="3" fromWho="3" sc="287,-40,197,-40,151,-40,355,130" /><INIT seed="3,1,0,3,5,135" ten="247,157,111,485" oya="3" hai0="4,7,9,74,21,19,105,116,101,128,30,134,89" hai1="55,64,15,84,85,91,112,131,58,37,50,45,1" hai2="28,100,102,82,23,80,60,47,69,57,109,79,86" hai3="72,34,76,70,53,39,96,25,41,16,42,103,107"/><W122/><G122/><T108/><D116/><U106/><E1/><V46/><F109/><W98/><G70/><T13/><D108/><U14/><E112/><V49/><F69/><W33/><G98/><T111/><D74/><U68/><E131/><V114/><F114/><W17/><G39/><T126/><D89/><U104/><E104/><V71/><F71/><W130/><G130/><T133/><D101/><U54/><E106/><V29/><F82/><W27/><G72/><T63/><D105/><U83/><E55/><V90/><F79/><W52/><G76/><T38/><D38/><U65/><E65/><N who="2" m="39055" /><F47/><W56/><G96/><T88/><D63/><N who="1" m="39967" /><E85/><V0/><F0/><W40/><G107/><T62/><D62/><U94/><E83/><V125/><F125/><W48/><G103/><N who="2" m="39465" /><F23/><W92/><G92/><T110/><D110/><U2/><E2/><V10/><F10/><W51/><G42/><AGARI ba="1,0" hai="14,15,37,42,45,50,54,58,84,91,94" m="39967" machi="42" ten="30,1000,0" yaku="24,1" doraHai="135" who="1" fromWho="3" sc="247,0,157,13,111,0,485,-13" /><AGARI ba="1,0" hai="28,29,42,46,49,80,86,90" m="39465,39055" machi="42" ten="30,1000,0" yaku="8,1" doraHai="135" who="2" fromWho="3" sc="247,0,170,0,111,10,472,-10" /><INIT seed="4,0,0,5,0,120" ten="247,170,121,462" oya="0" hai0="29,66,112,54,53,45,23,9,79,34,116,93,124" hai1="42,6,85,117,4,15,76,28,127,41,102,96,17" hai2="135,18,133,128,20,32,101,70,59,69,89,126,3" hai3="113,26,130,33,97,36,50,8,63,82,91,87,57"/><T27/><D116/><U37/><E28/><V100/><F32/><W80/><G36/><T65/><D124/><U68/><E68/><N who="2" m="26219" /><F3/><W58/><G130/><T121/><D112/><U22/><E117/><V10/><F10/><W84/><G113/><T21/><D121/><U30/><E127/><V61/><F89/><W123/><G123/><T132/><D132/><N who="2" m="50762" /><F126/><W31/><G97/><T98/><D34/><U125/><E125/><V40/><F40/><W103/><G103/><N who="2" m="39497" /><F128/><W92/><G8/><T106/><D9/><U111/><E42/><V38/><F38/><W108/><G50/><T77/><D106/><U95/><E41/><V1/><F1/><W55/><G57/><T109/><D23/><U39/><E39/><V52/><F20/><W134/><G134/><T2/><D2/><U49/><E37/><V88/><F88/><W7/><G7/><T56/><D21/><U14/><E4/><V64/><F18/><W114/><G92/><T51/><D27/><U25/><E6/><V73/><F73/><W74/><G74/><T72/><D29/><U122/><E122/><V11/><F11/><W86/><G87/><T5/><D5/><U19/><E30/><V78/><F78/><W115/><G84/><T62/><D72/><U48/><E76/><V16/><F16/><W67/><G86/><T13/><D79/><U60/><E85/><V47/><F47/><W104/><G91/><N who="0" m="55615" /><D77/><U105/><E102/><V75/><F75/><W12/><G33/><T107/><D107/><U129/><E129/><V44/><F44/><W0/><G0/><T81/><D45/><RYUUKYOKU ba="0,0" sc="247,-10,170,-10,121,30,462,-10" hai2="52,59,61,64" /><INIT seed="5,1,0,4,4,51" ten="237,160,151,452" oya="1" hai0="9,101,89,129,103,21,29,132,15,40,71,30,75" hai1="56,2,62,85,131,27,83,67,84,44,58,116,10" hai2="64,134,38,118,88,12,37,93,28,119,115,121,54" hai3="18,92,80,1,43,123,3,74,53,124,96,32,99"/><U60/><E116/><V17/><F121/><W16/><G123/><T126/><D71/><U57/><E131/><V73/><F73/><W117/><G32/><T46/><D129/><U0/><E44/><V86/><F64/><W114/><G117/><T69/><D69/><U63/><E27/><V42/><F38/><W48/><G124/><T7/><D132/><U52/><E10/><V95/><F134/><W47/><G96/><T79/><D126/><U122/><E122/><V35/><F37/><W20/><G18/><T13/><D75/><U76/><E85/><V127/><F42/><W112/><G43/><T78/><D89/><U50/><E50/><V19/><F19/><W5/><G80/><T94/><D30/><U24/><E24/><V125/><F35/><W81/><G81/><T106/><D106/><U25/><E25/><V49/><F28/><W59/><G47/><T128/><D29/><U91/><E76/><N who="0" m="29225" /><D94/><U102/><E102/><V113/><F93/><W111/><G111/><T100/><D128/><U108/><E108/><V39/><F39/><W34/><G74/><T26/><D15/><U66/><AGARI ba="1,0" hai="0,2,52,56,57,58,60,62,63,66,67,83,84,91" machi="66" ten="20,12000,1" yaku="0,1,7,1,9,1,52,1,54,1" doraHai="51" who="1" fromWho="1" sc="237,-41,160,123,151,-41,452,-41" /><INIT seed="5,2,0,5,1,60" ten="196,283,110,411" oya="1" hai0="55,38,33,114,97,86,93,116,51,73,43,94,80" hai1="112,134,132,3,113,128,104,6,130,37,85,67,66" hai2="34,48,50,27,23,1,58,17,22,103,29,70,14" hai3="32,21,89,79,119,61,59,133,49,28,82,75,15"/><U44/><E104/><V19/><F70/><W125/><G119/><T127/><D116/><U53/><E85/><V111/><F111/><W99/><G125/><T126/><D73/><U115/><E6/><V120/><F120/><W123/><G123/><T25/><D38/><U72/><E3/><V41/><F103/><W26/><G133/><N who="1" m="51306" /><E72/><V107/><F107/><W39/><G39/><T91/><D43/><N who="1" m="22639" /><E53/><V13/><F41/><W83/><G49/><T77/><D114/><U5/><E5/><V2/><F48/><W96/><G83/><T87/><D33/><U102/><E102/><V36/><F36/><W76/><G76/><T95/><D25/><U100/><E100/><V7/><F50/><W16/><REACH who="3" step="1"/><G89/><REACH who="3" ten="196,283,110,401" step="2"/><T118/><D118/><U8/><E8/><N who="2" m="4255" /><F58/><W105/><G105/><T47/><REACH who="0" step="1"/><D97/><REACH who="0" ten="186,283,110,401" step="2"/><U84/><E84/><V42/><F42/><W0/><G0/><T81/><AGARI ba="2,2" hai="47,51,55,77,80,81,86,87,91,93,94,95,126,127" machi="81" ten="30,4000,0" yaku="1,1,2,1,0,1,53,0" doraHai="60" doraHaiUra="124" who="0" fromWho="0" sc="186,66,283,-22,110,-12,401,-12" /><INIT seed="6,0,0,1,3,92" ten="252,261,98,389" oya="2" hai0="45,96,39,1,113,109,87,22,29,4,46,110,61" hai1="24,86,123,85,117,15,81,41,65,12,20,35,102" hai2="125,30,32,5,89,47,17,68,101,36,58,111,44" hai3="49,83,38,0,52,131,106,37,134,100,50,104,27"/><V60/><F68/><W67/><G0/><T59/><D113/><U107/><E35/><V80/><F125/><W90/><G67/><T78/><D1/><U25/><E117/><V28/><F111/><W112/><G112/><T23/><D4/><U21/><E123/><V9/><F17/><W132/><G27/><T119/><D119/><U99/><E41/><V63/><F101/><W56/><G131/><T126/><D126/><U64/><E81/><V34/><F80/><W127/><G127/><T66/><D39/><N who="3" m="14857" /><G50/><T2/><D2/><U79/><E79/><V88/><F36/><W105/><G83/><N who="0" m="47607" /><D110/><U116/><E116/><V3/><F3/><W103/><G90/><T40/><D40/><U70/><E70/><V108/><F108/><W14/><G14/><T133/><D109/><U93/><E107/><V19/><F19/><W129/><G129/><T76/><D45/><U7/><E7/><V31/><F5/><W51/><G51/><T69/><D46/><N who="2" m="17450" /><F58/><W84/><G84/><T16/><D76/><U13/><E86/><V124/><F124/><W75/><G75/><T97/><D69/><U33/><E85/><V10/><F34/><W115/><G115/><T122/><D122/><U91/><E91/><N who="2" m="34891" /><F32/><W118/><G118/><T18/><D18/><N who="1" m="12343" /><E33/><V42/><F42/><W120/><G120/><T71/><D71/><U130/><E130/><V114/><F114/><W121/><G121/><T8/><D8/><AGARI ba="0,0" hai="8,9,10,28,30,31,60,63" m="34891,17450" machi="8" ten="30,11600,0" yaku="28,2,8,1,54,1" doraHai="92" who="2" fromWho="0" sc="252,-116,261,0,98,116,389,0" /><INIT seed="6,1,0,5,4,113" ten="136,261,214,389" oya="2" hai0="82,11,23,79,28,14,2,114,128,33,18,133,54" hai1="6,58,39,76,103,62,90,124,13,37,38,45,53" hai2="7,24,27,86,64,4,110,105,56,29,41,46,81" hai3="99,3,125,107,131,10,72,59,108,120,123,21,52"/><V101/><F110/><W75/><G108/><T126/><D114/><U80/><E124/><V134/><F134/><W117/><G117/><T89/><D133/><U91/><E103/><V17/><F105/><W42/><G125/><T85/><D126/><U31/><E31/><V49/><F101/><W102/><G42/><T15/><D128/><U71/><E71/><V51/><F17/><W69/><G69/><T84/><D15/><U20/><E45/><V74/><F74/><W111/><G111/><T109/><D109/><U87/><REACH who="1" step="1"/><E20/><REACH who="1" ten="136,251,214,389" step="2"/><V34/><F29/><W92/><G21/><T83/><D33/><U44/><E44/><V0/><F34/><W129/><G102/><T30/><D2/><U40/><E40/><V78/><F0/><W127/><G3/><T100/><D100/><U77/><E77/><V55/><REACH who="2" step="1"/><F64/><REACH who="2" ten="136,251,204,389" step="2"/><W25/><G127/><T48/><REACH who="0" step="1"/><D23/><REACH who="0" ten="126,251,204,389" step="2"/><U19/><E19/><V12/><F12/><W65/><G129/><T63/><D63/><U50/><E50/><V70/><F70/><W118/><G131/><T93/><D93/><U35/><E35/><V57/><F57/><AGARI ba="1,3" hai="11,14,18,28,30,48,54,57,79,82,83,84,85,89" machi="57" ten="30,3900,0" yaku="1,1,7,1,8,1,53,0" doraHai="113" doraHaiUra="61" who="0" fromWho="2" sc="126,72,251,0,204,-42,389,0" /><INIT seed="7,0,0,2,4,115" ten="198,251,162,389" oya="3" hai0="31,113,27,130,131,53,66,101,62,10,79,61,73" hai1="57,74,69,99,12,11,71,30,36,80,118,33,4" hai2="7,76,112,96,88,123,91,34,45,39,86,38,15" hai3="2,119,52,104,35,126,128,81,83,24,97,16,22"/><W28/><G119/><T58/><D101/><U92/><E36/><V14/><F34/><W32/><G104/><T56/><D113/><U44/><E44/><V21/><F112/><W0/><G52/><T125/><D125/><U78/><E57/><V23/><F123/><W49/><G49/><T6/><D79/><U106/><E106/><V116/><F116/><W46/><G16/><T43/><D43/><U40/><E40/><V134/><F45/><W94/><G46/><T135/><D73/><U114/><E114/><V109/><F109/><W18/><G94/><T85/><D85/><U87/><E74/><V54/><F54/><W129/><G97/><T64/><D53/><U102/><E118/><V20/><F134/><W51/><G18/><T122/><D135/><U9/><E9/><V127/><F127/><W55/><G55/><T124/><D122/><U105/><E105/><V77/><F7/><W42/><G51/><T93/><D93/><U90/><E102/><V29/><F29/><W84/><G42/><T82/><D82/><U47/><E47/><V65/><F65/><W103/><G83/><T111/><D111/><U108/><E108/><V132/><F132/><W25/><G81/><T98/><D98/><U48/><E48/><V13/><F96/><W72/><G35/><N who="0" m="20991" /><D124/><U68/><E30/><V17/><F17/><W3/><G72/><T120/><D120/><U60/><E33/><V100/><F100/><W107/><G103/><T50/><D50/><U63/><AGARI ba="0,0" hai="4,11,12,60,63,68,69,71,78,80,87,90,92,99" machi="63" ten="40,1500,0" yaku="0,1" doraHai="115" who="1" fromWho="1" sc="198,-4,251,15,162,-4,389,-7" owari="194,-20.6,266,6.6,158,-34.2,382,48.2" /></mjloggm>