<mjloggm ver="2.3"><GO type="169" lobby="0"/><UN n0="%E3%82%B9%E3%82%BA%E3%83%A4" n1="%E7%A0%B2%E5%A7%90%E5%A7%90" n2="%E7%9C%BC%E9%8F%A1%E3%81%AE%E7%94%B7%E3%81%AE%E5%AD%90" n3="%C2%A7%E7%8D%85%E5%AD%90%E5%8E%9F%E7%88%BD" dan="16,16,16,17" rate="2136.72,2099.47,2076.43,2187.95" sx="M,F,M,F"/><TAIKYOKU oya="0"/><INIT seed="0,0,0,0,1,112" ten="250,250,250,250" oya="0" hai0="22,94,97,110,36,101,20,67,41,90,122,120,127" hai1="57,126,132,106,130,39,3,38,124,45,52,59,58" hai2="86,113,24,103,85,109,18,56,25,16,7,70,37" hai3="83,29,92,17,5,42,115,14,64,121,10,125,69"/><T47/><D127/><N who="1" m="48683" /><E106/><V60/><F113/><W33/><G115/><T74/><D74/><U51/><E3/><V50/><F37/><N who="1" m="13833" /><E130/><V4/><F70/><W135/><G121/><T72/><D72/><U114/><E114/><V9/><F50/><W111/><G42/><T40/><D110/><U84/><E84/><V131/><F131/><W21/><G135/><AGARI ba="0,0" hai="45,51,52,57,58,59,132,135" m="13833,48683" machi="135" ten="40,8000,1" yaku="18,1,34,2,54,1" doraHai="112" who="1" fromWho="3" sc="250,0,250,80,250,0,250,-80" /><INIT seed="1,0,0,3,3,73" ten="250,330,250,170" oya="1" hai0="91,79,5,25,22,42,102,19,55,74,64,101,87" hai1="78,36,35,50,12,20,52,68,121,118,108,119,34" hai2="134,84,123,33,105,94,82,133,29,77,86,18,60" hai3="44,76,111,21,59,71,51,114,32,63,53,24,10"/><U81/><E121/><V109/><F29/><W65/><G111/><T100/><D64/><U46/><E68/><V0/><F33/><W28/><G114/><T85/><D42/><U83/><E108/><V93/><F0/><W124/><G124/><T11/><D55/><U16/><E36/><V30/><F30/><W115/><G115/><T54/><D54/><U7/><E7/><V40/><F40/><W99/><G10/><T39/><D39/><U47/><E46/><V132/><F18/><W45/><G21/><T96/><D91/><U17/><E17/><V1/><F60/><W130/><G130/><T113/><D96/><U69/><E69/><V56/><F1/><W107/><REACH who="3" step="1"/><G76/><REACH who="3" ten="250,330,250,160" step="2"/><T131/><D131/><U116/><REACH who="1" step="1"/><E83/><REACH who="1" ten="250,320,250,160" step="2"/><N who="2" m="47215" /><F109/><W2/><G2/><T103/><D113/><U97/><E97/><V66/><F123/><W112/><G112/><T26/><D5/><U67/><E67/><V4/><F66/><W126/><G126/><T125/><D125/><U14/><E14/><V9/><F4/><W49/><G49/><T89/><D25/><U122/><E122/><V70/><F82/><W13/><G13/><T88/><D26/><U31/><E31/><V37/><F37/><W129/><G129/><T8/><D19/><U80/><E80/><V127/><F127/><W98/><G98/><T106/><D8/><U128/><E128/><V58/><F9/><W62/><G62/><T92/><D11/><U27/><E27/><V61/><F61/><W48/><G48/><T117/><D117/><U135/><E135/><V95/><F134/><W43/><G43/><RYUUKYOKU ba="0,2" sc="250,-15,320,15,250,-15,160,15" hai1="12,16,20,34,35,47,50,52,78,81,116,118,119" hai3="24,28,32,44,45,51,53,59,63,65,71,99,107" /><INIT seed="1,1,2,1,0,4" ten="235,335,235,175" oya="1" hai0="59,37,121,120,20,84,106,0,26,76,129,49,134" hai1="23,127,45,96,67,111,29,103,6,14,100,94,62" hai2="74,124,114,5,78,85,119,47,92,105,56,64,54" hai3="21,12,117,60,50,1,101,46,55,33,35,32,80"/><U31/><E127/><V39/><F119/><W122/><G122/><N who="0" m="47211" /><D37/><U10/><E111/><V113/><F105/><W123/><G123/><T66/><D106/><U22/><E100/><V7/><F74/><W83/><G1/><T25/><D0/><U69/><REACH who="1" step="1"/><E45/><REACH who="1" ten="235,325,235,175" step="2"/><V128/><F47/><W75/><G101/><T72/><D129/><U43/><E43/><V42/><F42/><W135/><G117/><T40/><D40/><U95/><E95/><V126/><F92/><W130/><G130/><T118/><D118/><U61/><E61/><V98/><F128/><W125/><G125/><T9/><D134/><U99/><E99/><V132/><F98/><W104/><G60/><T36/><D36/><U65/><E65/><V38/><F64/><W90/><G104/><T108/><D66/><U57/><E57/><V73/><F56/><W30/><G135/><T109/><D59/><U86/><E86/><V112/><F85/><W28/><G75/><T97/><D84/><U2/><E2/><V70/><F132/><W44/><G44/><T24/><D97/><U131/><E131/><V16/><F126/><W34/><N who="3" m="8192" /><DORA hai="63" /><W13/><G46/><T58/><D58/><U18/><E18/><V11/><F124/><W52/><G50/><T71/><D49/><U68/><E68/><V15/><F70/><W27/><G30/><AGARI ba="1,3" hai="6,10,14,22,23,29,30,31,62,67,69,94,96,103" machi="30" ten="40,12000,1" yaku="1,1,52,2,53,1" doraHai="4,63" doraHaiUra="53,89" who="1" fromWho="3" sc="235,0,325,153,235,0,175,-123" /><INIT seed="1,2,0,5,4,129" ten="235,478,235,52" oya="1" hai0="33,37,68,53,124,86,113,75,55,65,38,76,66" hai1="80,0,122,35,16,26,106,109,91,62,132,59,27" hai2="126,29,97,54,77,83,52,78,3,105,98,135,134" hai3="89,72,102,44,130,1,18,45,107,133,103,123,11"/><U7/><E122/><V36/><F126/><W125/><G123/><T39/><D113/><U43/><E132/><N who="2" m="50731" /><F36/><W8/><G89/><T114/><D114/><U49/><E106/><V81/><F3/><W108/><G18/><T57/><D33/><U69/><E69/><V64/><F64/><W118/><G107/><T24/><D75/><U70/><E70/><V90/><F29/><W115/><G72/><T21/><D66/><U56/><E35/><V58/><F54/><W101/><G1/><T25/><D55/><U84/><E109/><V12/><F12/><W9/><G133/><T121/><D53/><U46/><E16/><V13/><F13/><W87/><G108/><T34/><D65/><U40/><E43/><V51/><F90/><W95/><G115/><T119/><D38/><U128/><E128/><V82/><F105/><W93/><G130/><T14/><D14/><U127/><E127/><V88/><F98/><W73/><G125/><T47/><D39/><U104/><E104/><V63/><F51/><W30/><G30/><T116/><D37/><U74/><E0/><V10/><F10/><W31/><G31/><T50/><D50/><U22/><E49/><V4/><F4/><W67/><G67/><T96/><D96/><U6/><E7/><V5/><F5/><W117/><G73/><T28/><D28/><U131/><E74/><V111/><F111/><W32/><G32/><T110/><D34/><U94/><E6/><V41/><F41/><W20/><G87/><T85/><D124/><U42/><E131/><V23/><F23/><W112/><G20/><RYUUKYOKU ba="2,0" sc="235,-10,478,-10,235,30,52,-10" hai2="52,58,63,77,78,81,82,83,88,97" /><INIT seed="2,3,0,5,4,16" ten="225,468,265,42" oya="2" hai0="131,124,43,57,74,24,104,17,13,29,8,111,114" hai1="108,53,79,45,121,70,37,85,19,34,82,101,39" hai2="12,107,122,32,134,69,47,50,54,71,112,21,2" hai3="78,105,48,61,55,135,7,20,127,30,90,100,86"/><V84/><F112/><W63/><G135/><T6/><D114/><U95/><E70/><V109/><F122/><W41/><G127/><T46/><D124/><U99/><E108/><V9/><F32/><W98/><G7/><T59/><D111/><U117/><E117/><V68/><F109/><W62/><G78/><T94/><D104/><U26/><E121/><V81/><F107/><W128/><G41/><T33/><D74/><U14/><E34/><V116/><F134/><W18/><G30/><T5/><D131/><U76/><E26/><V31/><F116/><W77/><G77/><T52/><D59/><U73/><E73/><V40/><F2/><W87/><G128/><T66/><D94/><U106/><E106/><V133/><F40/><W126/><G126/><T80/><D80/><U28/><E28/><V35/><F35/><W27/><REACH who="3" step="1"/><G90/><REACH who="3" ten="225,468,265,32" step="2"/><T10/><D5/><U118/><E79/><V103/><F133/><W120/><G120/><T22/><D6/><U123/><E118/><V38/><F103/><W93/><G93/><T67/><D33/><U51/><E123/><V102/><F102/><W44/><AGARI ba="3,1" hai="18,20,27,44,48,55,61,62,63,86,87,98,100,105" machi="44" ten="30,4000,0" yaku="1,1,0,1,52,1,53,0" doraHai="16" doraHaiUra="113" who="3" fromWho="3" sc="225,-13,468,-13,265,-23,32,59" /><INIT seed="3,0,0,4,0,93" ten="212,455,242,91" oya="3" hai0="109,0,85,64,2,30,129,96,32,57,84,38,8" hai1="65,9,116,98,37,119,39,75,94,108,124,100,12" hai2="126,101,72,111,47,128,92,5,19,132,131,1,113" hai3="14,103,31,134,105,71,21,3,4,68,91,29,123"/><W117/><G117/><N who="1" m="45130" /><E75/><V36/><F92/><W44/><G123/><T17/><D109/><U54/><E108/><V95/><F95/><W104/><G134/><T66/><D38/><U6/><E124/><V73/><F101/><W13/><G91/><T41/><D129/><U102/><E102/><V69/><F19/><W50/><G3/><T88/><D41/><U112/><E112/><V20/><F20/><W18/><G68/><T42/><D42/><U81/><E65/><V10/><F47/><W118/><G71/><T27/><D66/><U35/><E35/><V15/><F15/><W86/><G86/><T106/><D64/><U24/><E24/><V49/><F49/><W60/><G60/><T45/><D27/><U16/><E54/><V46/><F73/><W127/><G127/><T115/><D32/><U122/><E122/><V11/><F113/><W130/><G130/><T74/><D74/><U90/><E6/><V48/><F5/><W61/><G61/><T87/><D115/><U80/><E90/><V82/><F72/><W62/><G62/><T77/><D88/><U114/><E114/><V7/><F126/><W120/><G120/><T59/><D77/><U40/><E40/><V52/><F7/><W97/><G105/><T89/><D106/><U133/><E133/><V110/><F132/><W51/><G118/><T23/><D89/><U78/><E78/><V34/><F131/><W76/><G76/><T25/><D25/><U121/><E121/><V22/><F128/><W58/><G104/><T63/><D84/><U135/><E135/><V67/><F111/><RYUUKYOKU ba="0,0" sc="212,-10,455,30,242,-10,91,-10" hai1="9,12,16,37,39,80,81,94,98,100" /><INIT seed="4,1,0,3,4,126" ten="202,485,232,81" oya="0" hai0="105,132,106,5,33,77,67,93,74,125,92,42,6" hai1="19,16,114,87,97,55,101,52,130,32,88,128,84" hai2="91,104,108,124,134,69,23,65,135,30,129,95,82" hai3="107,44,61,41,46,21,121,113,112,68,117,26,20"/><T36/><D125/><U15/><E32/><V76/><F124/><W63/><G107/><T90/><D33/><U47/><E114/><N who="3" m="44138" /><G26/><T24/><D132/><U3/><E3/><V38/><F38/><N who="3" m="21559" /><G20/><T25/><D67/><U70/><E70/><V18/><F104/><W102/><G21/><T22/><D42/><U83/><E87/><V81/><F30/><W96/><G96/><T45/><D45/><U119/><E119/><V37/><F37/><W49/><G102/><T2/><D36/><U53/><E47/><V29/><F29/><W14/><G14/><T75/><D22/><U51/><E51/><V62/><F135/><W127/><G127/><T4/><D4/><U58/><E58/><V43/><F43/><N who="3" m="24799" /><G117/><T59/><D90/><U85/><E85/><V17/><F134/><W60/><G121/><T73/><D73/><U116/><E116/><V48/><F76/><W71/><AGARI ba="1,0" hai="60,61,63,68,71" m="24799,21559,44138" machi="71" ten="40,5200,0" yaku="15,1,34,2" doraHai="126" who="3" fromWho="3" sc="202,-27,485,-14,232,-14,81,55" /><INIT seed="5,0,0,0,2,27" ten="175,471,218,136" oya="1" hai0="74,104,73,106,46,57,48,71,38,16,24,13,40" hai1="70,123,132,7,51,135,79,36,78,62,75,18,90" hai2="110,60,47,64,53,14,39,88,61,63,96,43,111" hai3="83,77,98,11,21,126,55,118,52,91,3,56,92"/><U89/><E123/><V109/><F14/><W124/><G118/><T2/><D2/><U93/><E36/><V94/><REACH who="2" step="1"/><F53/><REACH who="2" ten="175,471,208,136" step="2"/><W32/><G55/><T122/><D13/><U112/><E132/><V4/><F4/><W85/><G32/><T120/><D120/><U19/><E7/><V6/><F6/><W100/><G3/><T127/><D122/><U121/><E135/><V105/><F105/><W134/><G134/><T81/><D106/><U22/><E121/><V69/><AGARI ba="0,1" hai="39,43,47,60,61,63,64,69,88,94,96,109,110,111" machi="69" ten="30,7900,0" yaku="1,1,0,1,54,1,53,1" doraHai="27" doraHaiUra="86" who="2" fromWho="2" sc="175,-20,471,-39,208,89,136,-20" /><INIT seed="6,0,0,1,0,81" ten="155,432,297,116" oya="2" hai0="124,106,132,104,19,49,114,117,43,3,25,97,15" hai1="111,27,65,41,74,12,116,62,78,89,102,91,47" hai2="22,13,58,72,93,68,101,77,17,109,73,56,75" hai3="67,94,10,121,83,44,21,76,82,7,0,16,6"/><V70/><F77/><W86/><G121/><T31/><D3/><U130/><E111/><V28/><F109/><W105/><G105/><T90/><D114/><U131/><E116/><V51/><F28/><W98/><G67/><T129/><D117/><U14/><E102/><V55/><F101/><W50/><G83/><T80/><D124/><U100/><E100/><V38/><F38/><W115/><G115/><T1/><D1/><U108/><E108/><V11/><F58/><W133/><G133/><T54/><D43/><U69/><E78/><V52/><F55/><W119/><G119/><T60/><D60/><U95/><E74/><V122/><F122/><W103/><G10/><T35/><D129/><N who="1" m="49163" /><E27/><V40/><F40/><W88/><G0/><T59/><D132/><U26/><E26/><V128/><F128/><W107/><G103/><T37/><D37/><N who="1" m="21935" /><E91/><V8/><REACH who="2" step="1"/><F93/><REACH who="2" ten="155,432,287,116" step="2"/><W85/><G107/><T134/><D106/><U96/><AGARI ba="0,1" hai="12,14,62,65,69,89,95,96" m="21935,49163" machi="96" ten="30,1100,0" yaku="19,1" doraHai="81" who="1" fromWho="1" sc="155,-3,432,21,287,-5,116,-3" /><INIT seed="7,0,0,1,4,31" ten="152,453,282,113" oya="3" hai0="3,125,88,57,111,62,18,17,93,74,23,11,32" hai1="85,6,131,72,127,29,1,71,38,120,108,104,86" hai2="53,113,101,124,116,47,7,95,68,39,115,69,91" hai3="52,21,44,80,15,26,79,99,36,76,77,119,128"/><W51/><G128/><T43/><D111/><U63/><E86/><V10/><F116/><W50/><G119/><T14/><D32/><U96/><E85/><V92/><F124/><W122/><G122/><T28/><D125/><U22/><E96/><V41/><F101/><W132/><G132/><T135/><D135/><U103/><E103/><V123/><F123/><W42/><G99/><T100/><D74/><U45/><E45/><V114/><F53/><W94/><G94/><N who="2" m="35881" /><F91/><W67/><G67/><T24/><D43/><U106/><E29/><V27/><F27/><W13/><G80/><T129/><D3/><AGARI ba="0,0" hai="3,7,10,39,41,47,68,69,113,114,115" m="35881" machi="3" ten="30,1000,0" yaku="15,1" doraHai="31" who="2" fromWho="0" sc="152,-10,453,0,282,10,113,0" owari="142,-25.8,453,55.3,292,9.2,113,-38.7" /></mjloggm>