<mjloggm ver="2.3"><GO type="169" lobby="0"/><UN n0="%6B%6F%61%6C%61" n1="%E9%9D%92%E6%A3%AE%E3%81%AE%E7%9C%BC%E9%8F%A1%E5%85%88%E8%BC%A9" n2="%E3%83%95%E3%82%AF%E3%83%80%E3%83%B3%E3%83%81%E3%83%A7" n3="%E4%B9%9D%E5%B0%BE%E3%81%AE%E3%83%8D%E3%82%B3" dan="16,16,16,16" rate="2040.08,2056.52,2149.02,2061.77" sx="M,M,M,M"/><TAIKYOKU oya="0"/><INIT seed="0,0,0,1,3,123" ten="250,250,250,250" oya="0" hai0="35,126,114,44,95,16,42,90,65,1,29,92,46" hai1="43,36,131,41,25,19,5,107,7,31,86,117,61" hai2="4,0,134,39,9,115,52,10,118,73,70,116,60" hai3="119,81,21,88,71,32,58,129,48,82,26,132,99"/><T89/><D1/><U96/><E117/><N who="2" m="45163" /><F115/><W33/><G119/><T40/><D114/><U74/><E74/><V125/><F73/><W54/><G129/><T62/><D126/><U121/><E121/><V103/><F70/><W17/><G71/><T18/><D35/><U8/><E131/><V112/><F39/><W38/><G132/><T102/><D102/><U66/><E86/><V11/><F125/><W28/><G38/><T104/><D104/><U6/><E19/><V45/><F134/><W50/><G33/><T105/><D105/><U87/><E87/><V22/><F103/><W72/><G72/><T13/><D29/><U47/><E41/><V68/><F22/><W20/><G32/><T3/><D3/><U55/><E96/><V23/><F23/><W37/><G37/><T15/><D62/><U127/><E127/><V106/><F106/><W59/><G59/><T56/><D56/><U110/><E61/><V100/><F100/><W91/><G50/><T93/><D95/><U75/><E75/><V133/><F133/><W109/><G109/><T135/><D135/><U84/><E110/><V130/><F130/><W122/><G122/><T12/><REACH who="0" step="1"/><D13/><REACH who="0" ten="240,250,250,250" step="2"/><U78/><E107/><V85/><F112/><W69/><G69/><T108/><D108/><U77/><E31/><V120/><F120/><W2/><G2/><T57/><D57/><U63/><E63/><V97/><F60/><W98/><G82/><T80/><D80/><U24/><E66/><AGARI ba="0,1" hai="12,15,16,18,40,42,44,46,65,66,89,90,92,93" machi="66" ten="25,18000,2" yaku="1,1,22,2,8,1,54,1,53,2" doraHai="123" doraHaiUra="14" who="0" fromWho="1" sc="240,190,250,-180,250,0,250,0" /><INIT seed="0,1,0,2,1,122" ten="430,70,250,250" oya="0" hai0="39,36,25,16,30,108,21,24,53,43,12,62,33" hai1="35,73,119,8,90,86,127,49,20,27,46,97,23" hai2="85,116,34,131,103,129,99,126,69,5,9,55,67" hai3="2,102,100,26,96,28,0,112,93,60,57,135,71"/><T84/><D43/><U74/><E119/><V59/><F34/><W77/><G112/><T121/><D121/><U66/><E127/><V75/><F75/><W61/><G135/><T48/><D25/><U105/><E66/><V68/><F85/><W83/><G102/><T123/><D62/><U115/><E115/><V98/><F67/><W125/><G125/><T113/><D123/><U31/><E105/><V106/><F99/><W32/><G61/><T114/><D113/><U134/><E97/><V19/><F19/><W54/><REACH who="3" step="1"/><G71/><REACH who="3" ten="430,70,250,240" step="2"/><T6/><D114/><U130/><E134/><V107/><F126/><W13/><G13/><T3/><D36/><U132/><E132/><V117/><F116/><W94/><G94/><T133/><D39/><U17/><E130/><N who="2" m="49675" /><F107/><W63/><G63/><T128/><D128/><U51/><E51/><N who="2" m="31231" /><F117/><W11/><G11/><T91/><D133/><U87/><E8/><V80/><F80/><W104/><G104/><T15/><D15/><AGARI ba="1,1" hai="5,9,15,68,69,98,103,106" m="31231,49675" machi="15" ten="30,1000,0" yaku="19,1" doraHai="122" who="2" fromWho="0" sc="430,-13,70,0,250,23,240,0" /><INIT seed="1,0,0,3,4,5" ten="417,70,273,240" oya="1" hai0="16,96,40,125,111,41,79,65,35,60,103,101,26" hai1="127,131,14,21,45,109,77,17,106,75,13,61,25" hai2="92,132,99,3,93,95,117,104,116,20,1,9,51" hai3="133,15,89,98,47,94,82,119,113,118,18,46,88"/><U64/><E106/><V70/><F70/><W123/><G113/><T130/><D111/><U57/><E109/><V66/><F66/><W48/><G123/><T50/><D130/><U87/><E75/><V39/><F39/><W67/><G67/><T49/><D79/><U29/><E131/><V0/><F132/><W84/><G133/><T28/><D125/><U42/><E127/><V27/><F51/><W10/><G47/><T19/><D50/><U55/><E55/><AGARI ba="0,0" hai="10,15,18,46,48,55,82,84,88,89,94,98,118,119" machi="55" ten="40,8000,1" yaku="25,2,52,1,54,1" doraHai="5" who="3" fromWho="1" sc="417,0,70,-80,273,0,240,80" owari="417,51.7,-10,-51.0,273,-12.7,320,12.0" /></mjloggm>