<mjloggm ver="2.3"><GO type="169" lobby="0"/><UN n0="%53%69%65%72%72%61" n1="%E7%8A%AC%E5%B1%B1" n2="%E3%81%8F%E3%81%8E%E3%82%85%E3%81%86%E3%81%86%E3%81%86%E3%81%86" n3="%E4%B8%8B%E9%AB%98%E5%A4%AA%E9%83%8E" dan="16,16,18,16" rate="2104.85,2065.31,2260.58,2110.59" sx="M,M,M,M"/><TAIKYOKU oya="0"/><INIT seed="0,0,0,1,3,108" ten="250,250,250,250" oya="0" hai0="6,124,76,62,84,122,116,92,68,86,28,132,98" hai1="135,111,66,70,114,22,93,1,97,38,39,12,18" hai2="34,80,69,50,24,45,43,83,99,48,79,13,26" hai3="59,112,133,91,10,49,90,63,85,29,119,113,102"/><T115/><D6/><U2/><E111/><V25/><F69/><W47/><G119/><T75/><D28/><U118/><E118/><V4/><F34/><W31/><G102/><T96/><D116/><U35/><E35/><V32/><F32/><W106/><G106/><T126/><D126/><U110/><BYE who="0" /><E110/><V87/><F99/><W65/><G133/><UN n0="%53%69%65%72%72%61" /><T30/><D30/><U19/><E135/><V67/><F67/><W5/><G29/><T53/><D53/><U51/><E66/><V16/><F50/><W101/><G101/><T56/><D56/><U127/><E70/><V61/><F61/><W117/><G31/><T78/><D132/><U109/><E127/><V27/><F27/><W0/><G117/><T17/><D17/><BYE who="0" /><UN n0="%53%69%65%72%72%61" /><U23/><E109/><V7/><REACH who="2" step="1"/><F83/><REACH who="2" ten="250,250,240,250" step="2"/><W8/><G8/><AGARI ba="0,1" hai="4,7,8,13,16,24,25,26,43,45,48,79,80,87" machi="8" ten="40,8000,1" yaku="1,1,2,1,8,1,54,1,53,0" doraHai="108" doraHaiUra="131" who="2" fromWho="3" sc="250,0,250,0,240,90,250,-80" /><BYE who="0" /><UN n0="%53%69%65%72%72%61" /><INIT seed="1,0,0,1,3,37" ten="250,250,330,170" oya="1" hai0="49,34,51,28,134,118,7,17,13,4,59,104,128" hai1="24,18,41,21,48,87,73,131,95,110,33,55,70" hai2="54,58,15,100,89,11,90,75,114,76,80,108,40" hai3="130,98,94,117,86,69,27,79,126,44,82,56,91"/><U2/><E73/><V52/><F108/><W6/><G69/><T107/><D118/><U103/><E2/><V129/><F129/><W35/><G130/><T97/><D128/><U115/><E131/><V60/><F114/><W29/><G126/><T111/><D111/><U84/><E70/><V68/><F68/><W61/><G117/><T16/><D28/><U63/><E33/><V47/><F54/><W22/><G35/><T124/><D34/><U81/><E110/><V46/><F46/><W1/><G1/><T101/><D134/><U113/><E103/><V106/><F100/><W50/><G6/><T127/><D101/><U135/><E135/><V71/><F106/><W43/><G56/><T83/><D13/><U42/><E63/><V14/><F14/><W36/><G61/><T102/><D102/><U12/><E24/><V109/><F71/><W74/><REACH who="3" step="1"/><G36/><REACH who="3" ten="250,250,330,160" step="2"/><T23/><D59/><N who="1" m="33255" /><E115/><V20/><F109/><W10/><G10/><T25/><D23/><U105/><E113/><V38/><REACH who="2" step="1"/><F20/><REACH who="2" ten="250,250,320,160" step="2"/><W5/><G5/><AGARI ba="0,2" hai="5,11,15,38,40,47,52,58,60,75,76,80,89,90" machi="5" ten="30,8000,1" yaku="1,1,2,1,7,1,52,1,54,1,53,0" doraHai="37" doraHaiUra="64" who="2" fromWho="3" sc="250,0,250,0,320,100,160,-80" /><INIT seed="2,0,0,1,0,37" ten="250,250,420,80" oya="2" hai0="126,24,30,125,88,107,135,38,35,114,109,14,40" hai1="91,74,28,113,53,115,41,106,48,67,64,36,118" hai2="100,46,85,95,103,63,123,51,34,65,127,7,57" hai3="56,33,93,12,72,132,112,76,69,23,104,108,9"/><V52/><F123/><W124/><G93/><T21/><D114/><N who="1" m="43531" /><E28/><V129/><F129/><W55/><G76/><T11/><D107/><U80/><E106/><V96/><F127/><N who="0" m="48650" /><D135/><U20/><E20/><V120/><F120/><W18/><G104/><T15/><D109/><U82/><E91/><V3/><F34/><W75/><G108/><T105/><D105/><U19/><E19/><V101/><F3/><W87/><G33/><T66/><D66/><N who="1" m="25131" /><E82/><V86/><REACH who="2" step="1"/><F7/><REACH who="2" ten="250,250,410,80" step="2"/><W43/><G112/><T117/><D35/><U116/><E74/><V81/><F81/><W90/><G124/><T128/><D128/><U68/><E80/><V8/><F8/><W122/><G122/><T6/><D11/><U119/><E68/><V92/><F92/><W121/><G69/><T111/><D6/><U110/><E110/><V29/><F29/><W99/><G121/><T5/><D5/><U62/><E119/><V16/><F16/><N who="3" m="8207" /><G75/><T17/><D30/><U13/><E118/><V102/><AGARI ba="0,1" hai="46,51,52,57,63,65,85,86,95,96,100,101,102,103" machi="102" ten="30,11700,0" yaku="1,1,0,1,8,1,54,1,53,0" doraHai="37" doraHaiUra="71" who="2" fromWho="2" sc="250,-39,250,-39,410,127,80,-39" /><INIT seed="2,1,0,2,4,2" ten="211,211,537,41" oya="2" hai0="114,113,15,10,8,36,46,115,120,57,23,26,101" hai1="1,56,92,61,134,98,79,45,0,51,97,90,135" hai2="88,65,35,100,95,122,89,53,126,96,82,28,121" hai3="17,70,21,68,25,42,37,11,132,124,54,76,31"/><V78/><F126/><W29/><G132/><N who="1" m="50730" /><E98/><V129/><F65/><W58/><G124/><T59/><D120/><U130/><E79/><V77/><F53/><W71/><G76/><N who="2" m="29289" /><F28/><W123/><G123/><N who="2" m="47113" /><F35/><W62/><G37/><T16/><D101/><U99/><E99/><V5/><F5/><W47/><G42/><T24/><D36/><U40/><E130/><V104/><F129/><W18/><G47/><T111/><D46/><U103/><E103/><V50/><F50/><W112/><G112/><T67/><D67/><AGARI ba="1,0" hai="0,1,40,45,51,56,61,67,90,92,97" m="50730" machi="67" ten="30,1000,0" yaku="20,1" doraHai="2" who="1" fromWho="0" sc="211,-13,211,13,537,0,41,0" /><INIT seed="3,0,0,3,1,90" ten="198,224,537,41" oya="3" hai0="95,36,63,20,108,29,80,135,124,47,21,56,128" hai1="69,105,129,113,112,4,48,131,5,118,93,60,84" hai2="42,123,120,107,19,116,94,103,40,2,134,97,13" hai3="104,46,132,27,81,133,58,39,92,37,96,41,18"/><W43/><G104/><T55/><D108/><U109/><E105/><V87/><F2/><W51/><G81/><T53/><D128/><N who="1" m="49227" /><E109/><V119/><F134/><W101/><G18/><T7/><D135/><N who="3" m="51785" /><G27/><T88/><D124/><U70/><E48/><V34/><F34/><W17/><G17/><T52/><D80/><U78/><E60/><V66/><F107/><W45/><G58/><T31/><D7/><N who="1" m="2635" /><E118/><V85/><F116/><W8/><G8/><T100/><D100/><U122/><E122/><V33/><F119/><W71/><G71/><N who="1" m="27146" /><E78/><V68/><F68/><W3/><G3/><T82/><D82/><U32/><E32/><V26/><F33/><W83/><G83/><T64/><D36/><AGARI ba="0,0" hai="36,37,39,41,43,45,46,51,92,96,101" m="51785" machi="36" ten="30,2900,0" yaku="20,1,52,1" doraHai="90" who="3" fromWho="0" sc="198,-29,224,0,537,0,41,29" /><INIT seed="3,1,0,1,3,56" ten="169,224,537,70" oya="3" hai0="18,81,22,59,6,43,107,102,61,39,20,82,27" hai1="132,79,127,21,31,72,93,75,87,63,113,28,26" hai2="15,10,23,29,50,67,133,134,95,124,37,88,36" hai3="9,104,19,41,126,32,68,1,123,122,30,8,24"/><W69/><G126/><T128/><D128/><U109/><E113/><V78/><F78/><W99/><G19/><T38/><D6/><U130/><E109/><V14/><F67/><W83/><G8/><T119/><D119/><U54/><BYE who="0" /><E31/><V120/><F50/><W12/><G12/><T112/><D112/><U44/><E21/><UN n0="%53%69%65%72%72%61" /><V13/><F120/><W62/><G69/><T121/><D121/><BYE who="0" /><U33/><E132/><N who="2" m="50795" /><F124/><W47/><G83/><T90/><D90/><U77/><E26/><N who="2" m="16607" /><F10/><W57/><G57/><T98/><D98/><AGARI ba="1,0" hai="13,14,15,36,37,88,95,98" m="16607,50795" machi="98" ten="30,2000,0" yaku="20,1,54,1" doraHai="56" who="2" fromWho="0" sc="169,-23,224,0,537,23,70,0" /><INIT seed="4,0,0,5,2,95" ten="146,224,560,70" oya="0" hai0="82,65,25,76,122,57,68,110,4,101,120,30,7" hai1="112,130,84,37,134,61,121,21,126,72,49,42,24" hai2="133,81,73,109,14,104,11,6,55,62,60,135,92" hai3="26,119,23,91,53,116,108,50,20,83,19,78,88"/><T29/><D29/><U71/><E72/><V102/><F109/><W52/><G108/><T17/><D17/><U48/><E121/><V9/><F104/><W99/><G53/><T97/><D97/><U124/><E134/><V94/><F73/><W36/><G36/><T8/><D8/><U106/><E106/><V96/><F81/><W18/><G119/><T28/><D28/><N who="1" m="17423" /><E37/><V69/><F69/><W13/><G116/><T46/><D46/><U47/><E84/><V74/><F74/><W54/><G54/><T128/><D128/><U125/><E49/><V33/><F33/><W89/><G78/><T123/><D123/><U70/><E130/><V45/><F92/><N who="3" m="56711" /><G83/><T105/><D105/><U87/><E87/><V2/><F135/><W10/><G10/><T35/><D35/><U3/><E3/><V98/><F133/><W103/><G103/><T39/><D39/><U38/><E112/><V129/><F129/><W75/><G75/><T111/><D111/><U0/><E0/><V86/><F86/><W59/><AGARI ba="0,0" hai="13,18,19,20,23,26,50,52,59,89,91" m="56711" machi="59" ten="30,7900,0" yaku="8,1,52,1,54,2" doraHai="95" who="3" fromWho="3" sc="146,-39,224,-20,560,-20,70,79" /><INIT seed="5,0,0,2,4,11" ten="107,204,540,149" oya="1" hai0="133,20,117,17,47,107,96,128,118,12,106,13,61" hai1="94,14,16,69,49,48,104,52,34,43,3,65,88" hai2="7,115,56,57,41,103,22,42,51,32,38,9,5" hai3="127,58,108,28,67,123,44,76,95,31,62,77,131"/><U27/><E3/><V120/><F32/><W132/><G108/><T121/><D121/><U33/><E104/><V6/><F120/><W92/><G123/><T4/><D4/><U119/><E119/><V19/><F38/><W134/><G44/><T18/><D18/><U8/><E65/><V124/><F124/><W80/><G127/><T2/><D2/><U30/><E69/><V111/><F111/><W85/><G77/><T71/><D71/><U68/><E68/><V63/><F103/><W59/><G59/><T81/><D81/><U40/><E48/><V55/><F9/><W60/><G60/><T110/><D110/><U54/><E54/><N who="2" m="34231" /><F115/><W125/><G125/><T35/><D35/><U93/><E93/><V87/><F87/><W75/><G131/><T39/><D39/><U135/><E34/><V99/><F99/><W46/><G46/><T50/><D50/><U37/><E37/><V78/><F78/><W113/><G113/><T15/><D15/><AGARI ba="0,0" hai="5,6,7,15,19,22,41,42,51,55,56" m="34231" machi="15" ten="30,2000,0" yaku="8,1,52,1" doraHai="11" who="2" fromWho="0" sc="107,-20,204,0,540,20,149,0" /><INIT seed="6,0,0,4,2,69" ten="87,204,560,149" oya="2" hai0="130,89,45,15,115,128,67,5,81,21,79,76,0" hai1="119,80,34,103,32,50,65,93,58,97,92,118,78" hai2="108,70,11,134,111,125,59,42,55,9,39,74,57" hai3="113,91,17,18,96,62,8,54,124,24,41,131,109"/><V48/><F74/><W114/><G109/><T49/><D49/><U35/><E92/><V60/><F134/><W75/><G131/><T121/><D121/><U73/><REACH who="1" step="1"/><E50/><REACH who="1" ten="87,194,560,149" step="2"/><V44/><F111/><W23/><G124/><T98/><D98/><U52/><E52/><N who="2" m="31879" /><F108/><W3/><G41/><T129/><D129/><U105/><E105/><V71/><F125/><W61/><G54/><T94/><D94/><U123/><E123/><V110/><F110/><W95/><G62/><AGARI ba="0,1" hai="32,34,35,58,62,65,73,78,80,93,97,103,118,119" machi="62" ten="40,1300,0" yaku="1,1,53,0" doraHai="69" doraHaiUra="2" who="1" fromWho="3" sc="87,0,194,23,560,0,149,-13" /><INIT seed="7,0,0,0,2,2" ten="87,217,560,136" oya="3" hai0="92,3,44,95,49,117,29,112,34,45,4,133,12" hai1="135,89,125,61,81,109,21,132,47,111,5,66,94" hai2="51,127,27,87,131,93,22,103,73,105,10,60,120" hai3="52,1,108,113,107,56,68,50,59,6,78,84,114"/><W11/><G68/><T86/><D86/><N who="1" m="52535" /><E47/><V19/><F73/><W58/><G107/><T43/><D43/><U75/><E5/><V129/><F105/><W116/><G116/><T74/><D74/><U31/><E125/><V16/><F120/><W72/><G72/><T121/><D121/><U42/><E42/><V41/><F60/><W36/><G36/><T8/><D8/><U85/><E75/><V39/><F39/><W53/><G108/><T17/><D17/><U99/><E99/><V63/><F63/><W91/><G78/><T98/><D98/><U119/><E119/><V130/><F127/><W100/><G100/><T28/><D28/><U83/><E83/><V77/><F103/><W18/><G18/><T71/><D71/><N who="1" m="42447" /><E21/><V67/><F67/><W82/><REACH who="3" step="1"/><G58/><REACH who="3" ten="87,217,560,126" step="2"/><T24/><D24/><U37/><E37/><V70/><F70/><W33/><G33/><T122/><D122/><U30/><E111/><V115/><F19/><W40/><G40/><T69/><D69/><U110/><E109/><V54/><F41/><W134/><G134/><N who="1" m="51242" /><E110/><V38/><F38/><W57/><G57/><T65/><D65/><U97/><E97/><V14/><F77/><AGARI ba="0,1" hai="30,31,77,81,85" m="51242,42447,52535" machi="77" ten="30,1000,0" yaku="20,1" doraHai="2" who="1" fromWho="2" sc="87,0,217,20,560,-10,126,0" owari="87,-41.3,237,3.7,550,65.0,126,-27.4" /></mjloggm>