<mjloggm ver="2.3"><GO type="169" lobby="0"/><UN n0="%E3%83%A8%E3%82%B3%E3%83%86%E3%82%A3%E3%83%B3%40" n1="%E6%98%AF%E6%94%BF%E3%81%AE%E5%A4%95%E9%99%BD" n2="%63%68%69%73%73" n3="%E3%81%82%E3%81%84%E3%81%93%E3%81%99" dan="16,17,16,16" rate="2103.01,2157.22,2196.15,2142.53" sx="M,M,M,M"/><TAIKYOKU oya="0"/><INIT seed="0,0,0,4,4,118" ten="250,250,250,250" oya="0" hai0="122,115,116,124,47,20,93,89,83,87,51,61,106" hai1="48,55,44,82,125,80,123,128,31,39,129,7,29" hai2="126,46,54,113,96,35,4,18,85,135,105,63,10" hai3="30,3,22,67,86,60,101,73,6,107,45,57,21"/><T111/><D116/><U90/><E125/><V15/><F35/><W119/><G73/><T132/><D115/><U91/><E7/><V33/><F113/><W103/><G119/><T9/><D124/><U68/><E68/><V74/><F74/><W27/><G3/><T16/><D106/><U104/><E104/><V19/><F33/><W8/><G107/><T43/><D132/><U17/><E17/><V58/><F135/><W56/><G45/><T14/><D61/><U11/><E11/><V92/><F105/><W100/><G86/><T1/><D111/><U28/><E39/><V120/><F120/><W5/><G8/><T65/><D65/><U2/><E2/><V121/><F121/><W131/><G131/><N who="1" m="50250" /><E123/><V78/><F126/><W94/><G94/><T32/><D32/><U99/><E99/><V77/><F46/><W75/><G75/><T81/><REACH who="0" step="1"/><D122/><REACH who="0" ten="240,250,250,250" step="2"/><U26/><E26/><V25/><F25/><W66/><G27/><T53/><D53/><U127/><E127/><V98/><F54/><W79/><G67/><T133/><D133/><U40/><E55/><V59/><F63/><W49/><G66/><T34/><D34/><U71/><E71/><V23/><F15/><W41/><G60/><T110/><D110/><U70/><E70/><V117/><F117/><W76/><G41/><T64/><D64/><U95/><E40/><V97/><F4/><AGARI ba="0,1" hai="1,4,9,14,16,20,43,47,51,81,83,87,89,93" machi="4" ten="40,3900,0" yaku="1,1,54,1,53,0" doraHai="118" doraHaiUra="112" who="0" fromWho="2" sc="240,49,250,0,250,-39,250,0" /><INIT seed="0,1,0,0,4,16" ten="289,250,211,250" oya="0" hai0="108,12,2,58,14,19,132,75,69,26,68,120,109" hai1="89,81,51,37,21,87,64,98,94,133,13,106,102" hai2="127,34,67,91,72,96,20,97,62,125,95,83,73" hai3="5,90,54,10,71,74,3,112,49,124,118,53,56"/><T0/><D120/><U117/><E37/><V24/><F34/><W129/><G118/><T15/><D75/><U110/><E110/><N who="0" m="42601" /><D132/><U18/><E133/><V134/><F97/><W1/><G112/><T9/><D58/><U48/><E117/><V123/><F123/><W84/><G129/><T131/><D131/><U130/><E130/><V46/><F46/><W116/><G124/><T113/><D113/><U111/><E111/><V100/><F134/><W41/><G71/><T135/><D135/><U126/><E126/><V65/><F125/><W35/><G35/><T115/><D115/><U99/><REACH who="1" step="1"/><E64/><REACH who="1" ten="289,240,211,250" step="2"/><V128/><F67/><W52/><G116/><T8/><D69/><U78/><AGARI ba="1,1" hai="13,18,21,48,51,78,81,87,89,94,98,99,102,106" machi="78" ten="20,8000,1" yaku="1,1,2,1,0,1,7,1,52,1,53,0" doraHai="16" doraHaiUra="61" who="1" fromWho="1" sc="289,-41,240,93,211,-21,250,-21" /><INIT seed="1,0,0,3,4,35" ten="248,333,190,229" oya="1" hai0="93,66,6,59,114,43,32,27,34,82,68,73,134" hai1="130,115,135,87,75,111,84,86,94,88,98,39,92" hai2="127,67,52,41,85,12,105,57,118,133,97,109,80" hai3="46,108,19,2,126,60,120,18,81,48,44,7,10"/><U22/><E39/><V61/><F118/><W23/><G120/><T103/><D114/><U91/><E115/><V53/><F127/><W56/><G108/><T116/><D116/><U106/><E130/><V119/><F109/><W100/><G126/><T110/><D110/><U121/><E111/><V14/><F133/><W11/><G100/><T63/><D134/><U95/><E135/><V20/><F119/><W76/><G11/><T122/><D122/><U99/><E22/><V31/><F41/><W102/><G102/><T78/><D43/><U83/><E121/><V113/><F113/><W104/><G104/><T40/><D40/><U62/><E62/><V26/><F97/><N who="1" m="36873" /><E106/><V131/><F105/><W37/><G48/><T65/><D103/><U8/><E8/><V42/><F42/><W29/><G29/><T9/><D93/><U0/><E0/><V1/><F1/><W54/><G19/><T72/><D72/><U58/><E58/><V64/><F131/><W107/><G37/><T69/><D66/><U5/><E5/><V112/><F112/><W21/><G21/><T16/><D34/><U101/><E101/><V3/><F3/><W77/><G77/><AGARI ba="0,0" hai="75,77,83,84,86,87,88,91,92,94,95" m="36873" machi="77" ten="40,18000,2" yaku="35,5,54,1" doraHai="35" who="1" fromWho="3" sc="248,0,333,180,190,0,229,-180" /><INIT seed="1,1,0,0,3,9" ten="248,513,190,49" oya="1" hai0="83,4,103,34,43,100,59,113,22,60,7,27,52" hai1="20,125,41,84,72,109,25,47,28,117,106,17,98" hai2="102,32,133,37,13,85,35,130,68,122,120,104,115" hai3="105,81,56,57,70,134,2,73,107,126,82,10,40"/><U89/><E117/><V135/><F37/><W112/><G112/><T1/><D113/><U0/><E0/><V14/><F68/><W80/><G70/><T36/><D34/><N who="2" m="12842" /><F115/><W55/><G73/><T53/><D1/><U87/><E72/><V90/><F102/><N who="0" m="38954" /><D36/><U11/><E106/><V91/><F104/><W31/><G31/><N who="0" m="17911" /><D43/><U26/><E125/><V114/><F130/><W78/><G40/><T95/><D83/><U119/><E119/><V44/><F44/><W45/><G126/><T24/><D24/><U39/><E109/><V15/><F114/><W54/><G45/><T74/><D74/><U111/><E111/><V123/><F85/><W19/><G78/><T118/><D118/><U58/><E58/><V132/><AGARI ba="1,0" hai="13,14,15,90,91,120,122,123,132,133,135" m="12842" machi="132" ten="50,16000,3" yaku="29,2,28,2,20,1,52,3" doraHai="9" who="2" fromWho="2" sc="248,-41,513,-81,190,163,49,-41" /><INIT seed="2,0,0,3,0,50" ten="207,432,353,8" oya="2" hai0="51,87,28,89,72,48,22,27,85,105,23,45,5" hai1="73,32,98,66,54,115,126,26,75,69,111,86,61" hai2="129,100,15,37,103,57,90,124,78,19,77,67,29" hai3="60,101,123,91,97,43,64,16,25,10,24,134,49"/><V59/><F37/><W34/><G123/><T52/><D72/><U70/><E115/><V12/><F124/><W80/><G134/><T0/><D105/><U63/><E126/><V76/><F129/><W83/><G34/><T38/><D38/><U56/><E70/><V79/><F29/><W122/><G122/><T128/><D128/><U84/><E111/><V4/><N who="2" m="19456" /><DORA hai="112" /><V40/><F40/><W44/><G91/><T17/><D5/><U31/><REACH who="1" step="1"/><E98/><REACH who="1" ten="207,422,353,8" step="2"/><V116/><F116/><W30/><G30/><T113/><D113/><U1/><E1/><V65/><F4/><W132/><G132/><T120/><D0/><U118/><E118/><V102/><F90/><W14/><G83/><T35/><D89/><U18/><E18/><V58/><REACH who="2" step="1"/><F19/><REACH who="2" ten="207,422,343,8" step="2"/><W95/><G80/><T3/><D17/><U81/><E81/><V106/><F106/><W42/><G42/><T130/><D28/><U110/><E110/><V108/><F108/><W2/><G2/><T62/><D3/><U133/><E133/><V74/><F74/><AGARI ba="0,2" hai="26,31,32,54,56,61,63,66,69,73,74,75,84,86" machi="74" ten="40,5200,0" yaku="1,1,52,1,53,1" doraHai="50,112" doraHaiUra="55,114" who="1" fromWho="2" sc="207,0,422,72,343,-52,8,0" /><INIT seed="3,0,0,0,3,132" ten="207,494,291,8" oya="3" hai0="39,67,126,28,75,64,113,22,127,74,54,24,20" hai1="91,102,99,35,115,81,3,47,96,48,114,87,65" hai2="55,78,0,17,130,13,117,49,8,120,70,82,118" hai3="50,12,34,30,15,93,51,41,53,94,104,111,16"/><W52/><G104/><T124/><D39/><U4/><E35/><V56/><F70/><W46/><G111/><T1/><D1/><U10/><E99/><V23/><F130/><W60/><G34/><T134/><D134/><U84/><E65/><N who="0" m="25161" /><D113/><U72/><E87/><V11/><F120/><W21/><G30/><T58/><D20/><U29/><E29/><V76/><F76/><W100/><G12/><T125/><N who="0" m="31744" /><DORA hai="122" /><T86/><D86/><U83/><E72/><V92/><F92/><W5/><G5/><T33/><D33/><U98/><E4/><V27/><F0/><W129/><G129/><T61/><AGARI ba="0,0" hai="22,24,28,54,58,61,74,75" m="31744,25161" machi="61" ten="60,8000,1" yaku="18,1,52,4" doraHai="132,122" who="0" fromWho="0" sc="207,80,494,-20,291,-20,8,-40" owari="287,8.7,474,57.4,271,-12.9,-32,-53.2" /></mjloggm>