<mjloggm ver="2.3"><GO type="169" lobby="0"/><UN n0="%E7%AD%89%E3%80%85%E5%8A%9B%E5%8A%87%E5%A0%B4" n1="%E8%BE%9B%E5%8F%A3%E3%82%AB%E3%83%AC%E3%83%BC%E3%83%A9%E3%82%A4%E3%82%B9" n2="%EF%BC%AE%EF%BC%A1%EF%BC%AF%33%33%39" n3="%E3%81%B3%E3%82%8A%E3%81%B3%E3%82%8A%E2%98%86%E3%83%93%E3%83%AA%E3%83%BC" dan="16,16,16,16" rate="2130.48,2131.86,2128.68,2158.05" sx="M,M,M,M"/><TAIKYOKU oya="0"/><INIT seed="0,0,0,0,5,9" ten="250,250,250,250" oya="0" hai0="109,44,48,4,79,46,5,26,77,45,92,80,135" hai1="65,66,31,52,17,96,117,110,102,93,16,75,42" hai2="69,94,120,90,127,2,49,81,68,3,126,104,54" hai3="23,119,106,12,25,59,91,122,105,27,130,100,67"/><T103/><D135/><U70/><E117/><V125/><F104/><W133/><G119/><T62/><D109/><U118/><E118/><V47/><F81/><W76/><G133/><T39/><D39/><U22/><E75/><V13/><F120/><W111/><G111/><T50/><D62/><U18/><E110/><V71/><REACH who="2" step="1"/><F13/><REACH who="2" ten="250,250,240,250" step="2"/><W95/><G105/><T55/><D80/><U14/><E70/><V51/><F51/><W34/><G122/><T131/><D50/><U134/><E134/><V41/><F41/><W38/><G38/><T128/><D48/><U114/><E42/><V29/><F29/><W116/><G106/><T10/><D92/><U132/><E132/><V121/><F121/><W97/><G116/><T37/><D37/><U28/><E114/><V108/><F108/><W0/><G12/><T98/><D131/><U40/><E40/><V72/><F72/><W43/><G130/><T58/><D128/><U115/><E115/><V53/><F53/><W124/><G43/><T15/><D55/><U73/><E73/><V19/><F19/><N who="1" m="7241" /><E52/><V33/><F33/><W8/><G34/><T89/><D15/><U11/><E31/><V83/><F83/><W88/><G27/><AGARI ba="0,1" hai="11,14,18,22,27,28,65,66,93,96,102" m="7241" machi="27" ten="30,3900,0" yaku="8,1,52,1,54,1" doraHai="9" who="1" fromWho="3" sc="250,0,250,49,240,0,250,-39" /><INIT seed="1,0,0,2,0,59" ten="250,299,240,211" oya="1" hai0="122,94,4,60,102,61,119,14,78,129,41,58,53" hai1="21,90,124,13,84,82,65,106,40,1,45,25,29" hai2="126,16,80,20,91,5,3,72,18,8,11,42,22" hai3="118,117,33,85,63,89,67,24,52,17,35,47,93"/><U130/><E1/><V105/><F105/><W28/><G35/><T6/><D119/><N who="3" m="45577" /><G17/><N who="2" m="6761" /><F91/><W62/><G67/><T23/><D129/><U101/><E130/><V44/><F44/><W96/><G96/><N who="0" m="59671" /><D122/><U70/><E124/><V37/><F80/><W55/><G55/><T97/><D78/><U115/><E115/><V99/><F99/><W73/><G73/><T75/><D75/><U79/><E13/><N who="2" m="5263" /><F42/><W10/><G10/><N who="0" m="4423" /><D6/><U125/><E125/><V123/><F37/><W132/><G132/><T111/><D111/><U26/><E101/><V43/><F43/><W112/><G112/><T131/><D131/><U27/><E106/><V86/><F86/><W57/><G47/><T104/><D104/><U120/><E120/><V107/><F107/><W133/><G133/><T88/><D41/><U39/><REACH who="1" step="1"/><E79/><REACH who="1" ten="250,289,240,211" step="2"/><V64/><F123/><W98/><G98/><T87/><D97/><U128/><E128/><V109/><F126/><W31/><G31/><T50/><D23/><U9/><E9/><V0/><F11/><W38/><G38/><T46/><D46/><U71/><E71/><V114/><F20/><W76/><G76/><T83/><AGARI ba="0,1" hai="50,53,58,60,61,83,87,88" m="4423,59671" machi="83" ten="30,7900,0" yaku="8,1,52,2,54,1" doraHai="59" who="0" fromWho="0" sc="250,89,289,-39,240,-20,211,-20" /><INIT seed="2,0,0,5,3,134" ten="339,250,220,191" oya="2" hai0="3,85,26,23,52,116,111,5,18,107,135,61,40" hai1="28,91,51,25,73,63,72,93,82,55,112,24,30" hai2="129,11,90,7,67,103,21,99,69,12,97,19,92" hai3="38,10,122,15,35,56,20,1,86,31,58,50,121"/><V98/><F129/><W131/><G38/><T101/><D135/><U13/><E112/><V4/><F69/><W45/><G131/><T132/><D132/><U89/><E63/><V120/><F120/><W124/><G124/><T66/><D111/><U22/><E13/><V46/><F67/><W6/><G122/><T105/><D116/><U2/><E2/><V49/><F103/><W59/><G121/><T118/><D118/><U43/><E43/><V68/><F68/><W48/><G86/><T32/><D32/><U0/><E0/><V108/><F108/><W109/><G109/><T76/><D40/><U65/><E65/><V44/><F44/><W14/><G14/><T36/><D36/><U119/><E119/><V37/><F37/><W83/><G83/><T27/><D101/><U29/><E82/><V60/><F60/><W79/><G79/><T54/><D76/><U117/><E117/><V78/><F78/><W70/><G70/><T123/><D61/><U42/><E42/><V110/><F110/><W80/><G80/><T95/><D66/><U88/><E93/><V75/><F75/><W96/><G96/><N who="2" m="36969" /><F11/><W39/><G39/><T130/><D123/><U74/><REACH who="1" step="1"/><E22/><REACH who="1" ten="339,240,220,191" step="2"/><V34/><F34/><W126/><G35/><T133/><D133/><U128/><E128/><V106/><F106/><W87/><G1/><T17/><D107/><U8/><E8/><V115/><F115/><W77/><G10/><T64/><D105/><U41/><E41/><AGARI ba="0,1" hai="4,7,12,19,21,41,46,49,90,92,99" m="36969" machi="41" ten="30,1500,0" yaku="8,1" doraHai="134" who="2" fromWho="1" sc="339,0,240,-15,220,25,191,0" /><INIT seed="2,1,0,5,4,3" ten="339,225,245,191" oya="2" hai0="23,127,73,35,81,83,100,131,64,78,60,132,121" hai1="50,72,11,96,118,98,71,69,133,115,88,63,130" hai2="129,36,7,128,32,16,109,107,29,42,108,18,56" hai3="94,47,38,33,117,8,76,59,86,39,65,55,116"/><V84/><F107/><W43/><G33/><T40/><D35/><U26/><E115/><V4/><F42/><W110/><G8/><T49/><D121/><U89/><E118/><N who="3" m="45674" /><G94/><T99/><D131/><N who="2" m="50250" /><F36/><N who="3" m="21991" /><G86/><T52/><D132/><U68/><E133/><V74/><F74/><W58/><G76/><T122/><D127/><U46/><E130/><V90/><F56/><W75/><G75/><T113/><D113/><U21/><E72/><V66/><F66/><W24/><G24/><T112/><D122/><U79/><E79/><V30/><F84/><W10/><G10/><T97/><D40/><U15/><E63/><V103/><F90/><W13/><G13/><T91/><D112/><U102/><E50/><V44/><F44/><W41/><G110/><N who="2" m="42601" /><F103/><W34/><G41/><T62/><D100/><U77/><E77/><V119/><F119/><W114/><G114/><T93/><D91/><U70/><E96/><V61/><F61/><N who="3" m="38071" /><G34/><T9/><D99/><U135/><E89/><V12/><F32/><W6/><G39/><T27/><D97/><U92/><E102/><V104/><F104/><W125/><G38/><T53/><D78/><U134/><N who="1" m="17408" /><DORA hai="82" /><U124/><E46/><V120/><F120/><W106/><G106/><T95/><D73/><U14/><E88/><V28/><F18/><W20/><G59/><T19/><D19/><U0/><E98/><V45/><F45/><W87/><G87/><T51/><D95/><U1/><E92/><V31/><N who="2" m="7168" /><DORA hai="67" /><V57/><F57/><W54/><G54/><T123/><D52/><U5/><E135/><V111/><F111/><RYUUKYOKU ba="1,0" sc="339,-10,225,-10,245,30,191,-10" hai2="4,7,12,16" /><INIT seed="2,2,0,0,3,67" ten="329,215,275,181" oya="2" hai0="29,88,5,107,89,56,40,92,61,62,85,46,22" hai1="91,116,113,24,110,27,84,35,108,101,55,0,3" hai2="97,59,49,111,122,86,96,128,15,106,105,12,98" hai3="77,16,17,6,112,50,100,133,8,20,117,72,73"/><V114/><F114/><W124/><G117/><T129/><D107/><U131/><E113/><V11/><F122/><W19/><G112/><T69/><D129/><U7/><E116/><V32/><F32/><W36/><G36/><T71/><D5/><U34/><E101/><V123/><F123/><W82/><G133/><T14/><D89/><U10/><E131/><V38/><F38/><W90/><G124/><T121/><D121/><U83/><E55/><V102/><F128/><W39/><G39/><T75/><D75/><U58/><E58/><V76/><F15/><W51/><G73/><T78/><D78/><U28/><REACH who="1" step="1"/><E0/><REACH who="1" ten="329,205,275,181" step="2"/><V81/><F102/><W109/><G100/><T135/><D56/><U74/><E74/><V57/><F57/><W64/><G64/><T103/><D103/><U66/><E66/><V43/><F59/><W37/><G109/><T31/><D62/><U25/><E25/><V118/><F118/><W95/><G20/><T79/><D22/><U26/><E26/><V4/><REACH who="2" step="1"/><F111/><REACH who="2" ten="329,205,265,181" step="2"/><W9/><G37/><T52/><D61/><U120/><E120/><V94/><F94/><W132/><G132/><T23/><D92/><U54/><E54/><V115/><F115/><W87/><REACH who="3" step="1"/><G9/><REACH who="3" ten="329,205,265,171" step="2"/><T60/><D135/><U119/><E119/><V125/><F125/><W21/><G21/><T127/><D23/><U18/><E18/><V68/><F68/><W63/><G63/><T65/><D127/><U104/><E104/><V48/><F48/><W134/><G134/><T130/><D71/><U47/><E47/><AGARI ba="2,3" hai="4,11,12,43,47,49,76,81,86,96,97,98,105,106" machi="47" ten="40,12000,1" yaku="1,1,25,2,53,1" doraHai="67" doraHaiUra="44" who="2" fromWho="1" sc="329,0,205,-126,265,156,171,0" /><INIT seed="2,3,0,0,0,50" ten="329,79,421,171" oya="2" hai0="115,129,5,35,76,113,22,118,92,26,105,125,68" hai1="14,131,106,51,56,38,13,117,15,33,90,44,96" hai2="99,2,58,80,89,28,40,9,47,0,17,43,16" hai3="71,94,60,122,54,36,112,78,18,121,126,34,29"/><V4/><F2/><W12/><G36/><T93/><D105/><U123/><E117/><V46/><F28/><W3/><G3/><T67/><D35/><U52/><E131/><V111/><F111/><W82/><G126/><T39/><D39/><U98/><E33/><V20/><F58/><W55/><G112/><T66/><D129/><U97/><E123/><V86/><F99/><W41/><G41/><T127/><D76/><U103/><REACH who="1" step="1"/><E90/><REACH who="1" ten="329,69,421,171" step="2"/><V130/><F130/><W69/><G121/><T37/><D118/><U53/><E53/><V79/><F89/><W104/><G122/><T85/><D127/><U74/><E74/><V45/><REACH who="2" step="1"/><F17/><REACH who="2" ten="329,69,411,171" step="2"/><W75/><G18/><T7/><D125/><U10/><E10/><V6/><F6/><W107/><G29/><T25/><D5/><U59/><E59/><V8/><F8/><W95/><G71/><T24/><D7/><U27/><E27/><AGARI ba="3,2" hai="0,4,9,16,20,27,40,43,45,46,47,79,80,86" machi="27" ten="40,3900,0" yaku="1,1,54,1,53,0" doraHai="50" doraHaiUra="91" who="2" fromWho="1" sc="329,0,69,-48,411,68,171,0" /><INIT seed="2,4,0,2,4,77" ten="329,21,479,171" oya="2" hai0="86,42,12,32,57,124,84,1,71,45,15,39,63" hai1="54,122,101,132,76,113,53,49,118,114,30,82,85" hai2="134,75,36,55,128,51,107,8,2,6,33,89,135" hai3="44,74,95,61,68,25,47,19,106,110,11,116,96"/><V97/><F33/><W35/><G116/><T9/><D32/><U43/><E118/><V69/><F69/><W90/><G110/><T129/><D129/><U100/><E132/><N who="2" m="50731" /><F36/><W81/><G35/><T41/><D124/><U56/><E122/><V23/><F75/><W79/><G106/><T104/><D104/><U59/><E43/><V103/><F23/><W0/><G25/><T121/><D121/><U38/><E38/><V127/><F89/><W18/><G18/><T29/><D29/><U115/><REACH who="1" step="1"/><E30/><REACH who="1" ten="329,11,479,171" step="2"/><V62/><F128/><W24/><G0/><T99/><D42/><U108/><E108/><V93/><F127/><W112/><G112/><T92/><D1/><U4/><E4/><V88/><F62/><AGARI ba="4,1" hai="49,53,54,56,59,62,76,82,85,100,101,113,114,115" machi="62" ten="40,2600,0" yaku="1,1,52,1,53,0" doraHai="77" doraHaiUra="67" who="1" fromWho="2" sc="329,0,11,48,479,-38,171,0" /><INIT seed="3,0,0,0,1,39" ten="329,59,441,171" oya="3" hai0="69,97,118,120,35,101,107,21,38,74,12,63,78" hai1="134,106,124,123,30,11,52,48,19,86,90,29,23" hai2="36,126,56,0,103,127,73,16,40,122,61,110,27" hai3="89,104,62,128,15,60,20,105,13,113,42,50,129"/><W59/><G113/><T119/><D120/><U91/><E123/><V68/><F122/><W87/><G105/><T94/><D35/><U109/><E106/><V81/><F0/><W95/><G104/><T26/><D38/><U84/><E109/><V37/><F103/><W88/><G89/><T83/><D12/><U55/><E134/><V28/><F68/><W100/><G100/><T17/><D69/><U10/><E124/><N who="2" m="47659" /><F110/><W43/><G62/><T130/><D130/><N who="3" m="50281" /><G50/><T133/><D133/><U71/><E71/><V54/><F37/><W121/><G121/><T96/><D63/><U111/><E111/><V82/><F73/><W58/><G58/><T9/><D9/><U4/><E4/><V5/><F5/><W117/><G117/><T77/><D77/><U24/><E10/><V93/><F93/><W53/><G15/><T18/><D17/><AGARI ba="0,0" hai="13,17,20,42,43,53,59,60,87,88,95" m="50281" machi="17" ten="30,11600,0" yaku="19,1,52,2,54,1" doraHai="39" who="3" fromWho="0" sc="329,-116,59,0,441,0,171,116" /><INIT seed="3,1,0,2,5,98" ten="213,59,441,287" oya="3" hai0="74,109,133,80,73,119,0,84,97,28,50,127,76" hai1="116,32,126,27,24,135,52,18,7,107,111,95,94" hai2="79,37,3,100,69,102,128,131,14,26,49,2,4" hai3="122,39,5,66,89,68,11,55,75,62,82,57,118"/><W12/><G118/><T99/><D0/><U91/><E116/><V86/><F37/><W117/><G117/><T103/><D119/><U10/><E107/><V41/><F69/><W23/><G122/><T130/><D109/><U33/><E111/><V85/><F26/><W59/><G39/><T43/><D130/><N who="2" m="49706" /><F14/><W101/><G101/><N who="2" m="39017" /><F79/><W20/><G68/><T110/><D133/><U34/><E135/><V114/><F114/><W121/><G121/><T36/><D127/><U9/><E126/><V53/><F41/><W29/><G29/><T105/><D36/><U96/><E94/><V67/><F67/><W70/><G70/><T92/><D28/><U44/><E18/><V30/><F30/><W106/><G106/><T17/><D17/><U48/><REACH who="1" step="1"/><E10/><REACH who="1" ten="213,49,441,287" step="2"/><N who="2" m="2327" /><F3/><AGARI ba="1,1" hai="3,7,9,24,27,32,33,34,44,48,52,91,95,96" machi="3" ten="40,2600,0" yaku="1,1,54,1,53,0" doraHai="98" doraHaiUra="129" who="1" fromWho="2" sc="213,0,49,39,441,-29,287,0" /><INIT seed="4,0,0,2,5,93" ten="213,88,412,287" oya="0" hai0="110,131,26,6,17,21,87,116,75,74,77,51,90" hai1="112,4,89,88,53,125,117,133,135,9,3,36,8" hai2="83,132,23,45,61,30,0,96,47,13,121,81,97" hai3="98,65,99,85,124,35,39,14,56,114,62,1,42"/><T69/><D116/><U105/><E117/><V129/><F0/><W108/><G108/><T128/><D69/><U126/><E36/><V29/><F121/><W78/><G1/><T2/><D77/><U100/><E112/><V54/><F129/><N who="0" m="49738" /><D110/><U38/><E38/><V101/><F101/><W28/><G114/><T46/><D6/><U111/><E111/><V115/><F115/><W40/><G124/><N who="1" m="47722" /><E53/><V7/><F132/><N who="1" m="50761" /><E9/><N who="2" m="4287" /><F61/><W92/><G39/><T25/><D26/><U66/><E66/><V76/><F76/><W18/><G28/><N who="2" m="10857" /><F23/><N who="3" m="11735" /><G35/><T70/><D2/><U122/><E122/><V106/><F106/><W57/><G57/><T119/><D70/><U60/><E60/><V91/><F54/><W80/><G92/><N who="0" m="54367" /><D119/><U19/><E19/><V49/><F49/><W41/><AGARI ba="0,0" hai="40,41,42,56,62,65,78,80,85,98,99" m="11735" machi="41" ten="30,4000,0" yaku="8,1,52,2" doraHai="93" who="3" fromWho="3" sc="213,-20,88,-10,412,-10,287,40" /><INIT seed="5,0,0,5,0,126" ten="193,78,402,327" oya="1" hai0="129,5,28,79,60,108,11,30,83,23,22,8,34" hai1="14,115,81,78,63,89,131,74,135,58,45,64,37" hai2="103,127,130,75,68,101,12,16,86,120,57,41,122" hai3="118,132,47,31,93,111,91,6,65,49,104,56,24"/><U73/><E115/><V70/><F75/><W26/><G111/><T46/><D108/><U97/><E135/><V43/><F57/><W124/><G104/><T90/><D90/><U39/><E131/><V50/><F86/><W72/><G72/><T35/><D60/><U117/><E117/><V106/><F127/><W105/><G105/><T0/><D46/><U113/><E113/><V121/><F106/><W110/><G110/><T15/><D83/><U67/><E73/><V99/><F99/><W107/><G107/><T38/><D79/><U66/><E14/><V13/><F50/><W112/><G112/><T95/><D95/><U17/><E17/><V20/><F130/><W85/><G124/><T19/><D38/><U98/><E98/><V92/><F92/><W27/><G132/><T69/><D69/><U80/><E97/><V10/><F68/><W7/><G31/><N who="0" m="11819" /><D129/><U123/><E123/><V25/><F70/><W125/><G118/><T42/><D42/><U51/><E81/><V116/><F116/><W55/><G125/><T119/><D119/><U40/><REACH who="1" step="1"/><E89/><REACH who="1" ten="193,68,402,327" step="2"/><V18/><F13/><W76/><G76/><T3/><D0/><U134/><E134/><V82/><F82/><W33/><G33/><AGARI ba="0,1" hai="3,5,8,11,15,19,22,23,33,34,35" m="11819" machi="33" ten="30,8000,1" yaku="35,5" doraHai="126" who="0" fromWho="3" sc="193,90,68,0,402,0,327,-80" /><INIT seed="6,0,0,3,4,126" ten="283,68,402,247" oya="2" hai0="40,63,55,110,62,98,19,115,52,11,35,127,23" hai1="3,50,78,43,104,49,96,18,22,26,89,67,130" hai2="119,97,128,116,64,132,57,107,25,105,60,108,113" hai3="31,121,129,79,51,61,27,56,131,84,38,24,33"/><V53/><F132/><W134/><G121/><T92/><D110/><U112/><E112/><V65/><F113/><W117/><G117/><T68/><D115/><U71/><E3/><V114/><F114/><W47/><G38/><T135/><D35/><U6/><E6/><V7/><F7/><W36/><G36/><T54/><D127/><U72/><E72/><V34/><F108/><W118/><G118/><T82/><D135/><U5/><E5/><V2/><F2/><W123/><G123/><T83/><D11/><U66/><E78/><V100/><F107/><W37/><G37/><T69/><D40/><U17/><E17/><V59/><F64/><W74/><G74/><T99/><D69/><U73/><E73/><V120/><F120/><W88/><G79/><T91/><D99/><U9/><E9/><V124/><F124/><W101/><G101/><T15/><D68/><U45/><E50/><V77/><F77/><W122/><G122/><T94/><D94/><U1/><E1/><V90/><F90/><W14/><G14/><T76/><D76/><U106/><E106/><V44/><F44/><W93/><G27/><T86/><D86/><U87/><E71/><V8/><F8/><W75/><G75/><T103/><D103/><U4/><E4/><V32/><F116/><W12/><G12/><T95/><D95/><U13/><E13/><V109/><F119/><W10/><G10/><T80/><AGARI ba="0,0" hai="15,19,23,52,54,55,62,63,80,82,83,91,92,98" machi="80" ten="30,4000,0" yaku="0,1,8,1,54,1" doraHai="126" who="0" fromWho="0" sc="283,40,68,-10,402,-20,247,-10" /><INIT seed="7,0,0,2,0,6" ten="323,58,382,237" oya="3" hai0="114,57,48,14,10,30,15,54,38,73,34,11,0" hai1="116,41,135,110,92,97,64,32,8,23,84,2,1" hai2="5,45,55,19,129,17,52,82,33,130,4,51,42" hai3="35,68,125,96,65,3,36,39,66,90,100,80,79"/><W111/><G35/><T95/><D73/><U47/><E110/><V24/><F82/><W91/><G111/><T67/><D38/><U89/><E32/><V85/><F85/><W25/><G25/><T40/><D0/><U122/><E135/><V98/><F98/><W74/><G3/><T44/><D114/><U93/><E122/><V83/><F83/><W132/><G132/><T61/><D34/><U105/><E105/><V124/><F124/><W50/><G50/><T16/><D30/><U127/><E127/><V133/><F133/><W78/><G125/><T53/><D95/><U102/><E116/><V12/><F5/><AGARI ba="0,0" hai="5,10,11,14,15,16,40,44,48,53,54,57,61,67" machi="5" ten="30,8000,1" yaku="7,1,8,1,52,2,54,1" doraHai="6" who="0" fromWho="2" sc="323,80,58,0,382,-80,237,0" owari="403,50.3,58,-44.2,302,10.2,237,-16.3" /></mjloggm>