<mjloggm ver="2.3"><GO type="169" lobby="0"/><UN n0="%41%4C%50%45%52%49%4E" n1="%E5%9B%BD%E7%8E%8B" n2="%64%6F%6F%6F%6F%77%79%31" n3="%E2%98%86%E5%AD%AB%E7%87%95%E5%A7%BF%E2%98%86" dan="16,17,17,17" rate="2119.59,2175.27,2217.49,2239.03" sx="M,M,M,M"/><TAIKYOKU oya="0"/><INIT seed="0,0,0,3,1,10" ten="250,250,250,250" oya="0" hai0="97,131,31,90,75,48,135,15,9,62,61,101,107" hai1="80,112,117,32,86,25,46,120,49,20,125,66,91" hai2="93,89,102,119,47,127,74,121,133,124,24,39,37" hai3="29,82,130,6,40,11,14,52,113,100,83,73,71"/><T7/><D131/><U45/><E117/><V1/><F1/><W55/><G113/><T43/><D135/><U12/><E120/><V58/><F121/><W63/><G130/><T60/><D75/><U53/><E125/><N who="2" m="48203" /><F74/><W13/><G73/><T17/><D31/><U116/><E116/><V4/><F4/><W27/><G100/><T51/><D43/><U104/><E104/><V42/><F102/><W118/><G118/><T76/><D76/><U56/><E32/><V21/><F58/><N who="3" m="35271" /><G71/><T65/><D65/><U84/><E112/><V108/><F119/><W105/><G105/><T19/><REACH who="0" step="1"/><D90/><REACH who="0" ten="240,250,250,250" step="2"/><U78/><E66/><V54/><F54/><W77/><G40/><T22/><D22/><U115/><E115/><V110/><F133/><W23/><G77/><T98/><D98/><U128/><E128/><V64/><F64/><W30/><G30/><T123/><D123/><U81/><REACH who="1" step="1"/><E12/><REACH who="1" ten="240,240,250,250" step="2"/><V126/><F126/><W67/><G67/><T50/><AGARI ba="0,2" hai="7,9,15,17,19,48,50,51,60,61,62,97,101,107" machi="50" ten="30,6000,0" yaku="1,1,0,1,52,1,53,0" doraHai="10" doraHaiUra="36" who="0" fromWho="0" sc="240,80,240,-20,250,-20,250,-20" /><INIT seed="0,1,0,1,4,38" ten="320,220,230,230" oya="0" hai0="60,91,30,78,58,27,36,7,41,49,108,97,26" hai1="119,83,9,117,77,15,74,129,62,71,66,103,133" hai2="109,3,2,132,105,81,135,127,124,111,106,21,72" hai3="90,35,87,16,24,39,42,123,85,69,4,122,20"/><T76/><D36/><U51/><E129/><V48/><F48/><W37/><G69/><T5/><D108/><N who="2" m="41546" /><F21/><W114/><G114/><T82/><D97/><U86/><E133/><N who="2" m="51275" /><F81/><W113/><G113/><T94/><D7/><U112/><E112/><V80/><F80/><W99/><G4/><T93/><D5/><U120/><E120/><N who="3" m="46122" /><G35/><T53/><D91/><U54/><E103/><V73/><F2/><W23/><G23/><N who="0" m="15711" /><D27/><U32/><E32/><V68/><F68/><W126/><G126/><N who="2" m="48169" /><F3/><W31/><G39/><T128/><D82/><U96/><E74/><AGARI ba="1,0" hai="72,73,74,105,106" m="48169,51275,41546" machi="74" ten="40,16000,3" yaku="28,2,14,1,20,1,18,1,31,2,34,2" doraHai="38" who="2" fromWho="1" sc="320,0,220,-163,230,163,230,0" /><INIT seed="1,0,0,2,4,11" ten="320,57,393,230" oya="1" hai0="99,19,9,69,116,38,33,4,108,97,75,89,74" hai1="45,63,66,104,58,41,1,124,18,106,113,7,34" hai2="40,8,23,28,84,98,131,53,87,94,14,21,13" hai3="79,27,90,51,15,125,3,42,86,128,117,76,72"/><U82/><E34/><V129/><F40/><W24/><G3/><T59/><D69/><U29/><E29/><V6/><F53/><W70/><G70/><T2/><D116/><U31/><E124/><V91/><F23/><W126/><G128/><N who="2" m="49225" /><F28/><W121/><G121/><T107/><D33/><U78/><E31/><V122/><F122/><W123/><G123/><T127/><D38/><U115/><E7/><V83/><F83/><W37/><G37/><T114/><D114/><U62/><E1/><N who="2" m="79" /><F21/><W68/><G68/><T49/><D127/><N who="3" m="48649" /><G72/><T36/><D36/><U95/><E63/><V55/><F55/><W32/><G117/><T60/><D60/><U130/><E130/><V135/><F135/><W46/><G32/><T56/><D75/><U132/><E132/><V30/><F30/><W12/><G27/><T112/><D74/><U26/><E113/><V109/><F109/><W102/><G24/><T73/><D108/><U5/><E115/><V103/><F87/><W43/><G43/><T17/><D112/><U81/><E41/><V133/><F133/><W10/><G102/><T92/><D73/><U35/><E35/><V20/><F20/><W100/><G100/><T67/><D67/><U61/><E66/><V93/><AGARI ba="0,0" hai="13,14,84,91,93,94,98,103" m="79,49225" machi="93" ten="30,4000,0" yaku="19,1,52,2" doraHai="11" who="2" fromWho="2" sc="320,-10,57,-20,393,40,230,-10" /><INIT seed="2,0,0,3,0,3" ten="310,37,433,220" oya="2" hai0="101,106,62,9,21,28,22,52,36,26,13,78,25" hai1="107,74,16,103,89,105,73,99,108,61,100,117,97" hai2="115,75,82,112,32,27,71,53,135,79,68,47,134" hai3="37,49,120,30,91,133,63,39,125,45,20,113,110"/><V94/><F94/><W44/><G91/><T46/><D78/><U92/><E61/><V40/><F53/><W43/><G20/><T64/><D106/><U57/><E57/><V58/><F58/><W119/><G30/><T31/><D101/><U81/><E16/><V121/><F121/><W14/><G14/><T5/><D36/><U126/><E108/><V130/><F130/><W48/><G120/><T93/><D93/><N who="1" m="58415" /><E126/><V98/><F98/><W8/><G8/><T90/><D90/><U7/><E7/><V6/><F6/><W18/><G18/><T24/><D24/><U102/><E117/><V88/><F88/><W15/><G15/><T95/><D95/><U116/><E116/><V17/><F17/><W33/><G33/><T35/><D35/><U122/><E122/><V65/><F27/><W12/><G125/><T86/><D86/><N who="1" m="50383" /><E103/><V96/><F96/><W29/><G119/><T83/><D46/><U4/><E4/><V69/><F65/><W87/><G45/><T56/><D83/><U118/><E118/><V0/><F0/><W23/><G44/><T67/><AGARI ba="0,0" hai="5,9,13,21,22,25,26,28,31,52,56,62,64,67" machi="67" ten="30,8000,1" yaku="0,1,9,1,8,1,52,1,54,1" doraHai="3" who="0" fromWho="0" sc="310,80,37,-20,433,-40,220,-20" /><INIT seed="3,0,0,3,5,65" ten="390,17,393,200" oya="3" hai0="83,123,124,130,14,15,8,84,22,39,1,133,55" hai1="76,57,38,69,13,62,60,34,128,88,45,66,118" hai2="53,18,20,120,79,122,104,129,87,46,127,25,29" hai3="40,94,90,6,75,111,132,3,41,106,73,67,71"/><W116/><G116/><T85/><D123/><N who="2" m="47146" /><F104/><W70/><G106/><T98/><D39/><U93/><E34/><V58/><F129/><W81/><G132/><T61/><D130/><U99/><E128/><V100/><F100/><W126/><G126/><T109/><D109/><U113/><E113/><V42/><F127/><W95/><G67/><T114/><D133/><U16/><E76/><V21/><F87/><W50/><G50/><T92/><D124/><U68/><E118/><V0/><F79/><W112/><G6/><T35/><D35/><U101/><E62/><N who="2" m="36175" /><F0/><W43/><G3/><T30/><D114/><U44/><E101/><V102/><F102/><W23/><G23/><T37/><D37/><U96/><E96/><V52/><F52/><W59/><G59/><N who="0" m="35071" /><D1/><U82/><E82/><V89/><F89/><W72/><G112/><T51/><D51/><U77/><E77/><V10/><F10/><W11/><G11/><T125/><D125/><U117/><E117/><V63/><F63/><W119/><G119/><T9/><D9/><U134/><E134/><V91/><F91/><W135/><G135/><T24/><D8/><U36/><E36/><N who="2" m="21831" /><F21/><W2/><G2/><T74/><D74/><U5/><E5/><V31/><AGARI ba="0,0" hai="18,20,25,29,31" m="21831,36175,47146" machi="31" ten="30,1100,0" yaku="13,1" doraHai="65" who="2" fromWho="2" sc="390,-3,17,-3,393,11,200,-5" /><INIT seed="4,0,0,2,2,52" ten="387,14,404,195" oya="0" hai0="96,126,70,17,127,67,84,97,6,92,109,63,59" hai1="38,135,11,8,72,74,106,113,120,2,88,10,108" hai2="5,3,68,57,119,118,51,112,128,60,55,111,81" hai3="130,115,123,77,28,41,86,89,105,7,29,15,20"/><T4/><D109/><U95/><E108/><V61/><F111/><W102/><G77/><T85/><D17/><U100/><E120/><V132/><F112/><W56/><G105/><T58/><D6/><U83/><E135/><V12/><F3/><W98/><G41/><T134/><D4/><U16/><E2/><V44/><F132/><W117/><G117/><N who="2" m="44553" /><F128/><W25/><G115/><T34/><D34/><U73/><E38/><V129/><F129/><W93/><G123/><T18/><D18/><U31/><E31/><V64/><F81/><W78/><G78/><T116/><D116/><U79/><E113/><V122/><F122/><W1/><G1/><T91/><D134/><U30/><E30/><V131/><F131/><W47/><G47/><T26/><D26/><U0/><E0/><V39/><F39/><W37/><G37/><T114/><D114/><U80/><E80/><V49/><F44/><W22/><G130/><T71/><D71/><U45/><E45/><V133/><F133/><W42/><G42/><T36/><D36/><U13/><E100/><V35/><F35/><W104/><G7/><T75/><D75/><U43/><E43/><V19/><F5/><W76/><G76/><T65/><D85/><U50/><E106/><V82/><F82/><W62/><G15/><T101/><D97/><U94/><E50/><V99/><F99/><W110/><G110/><T66/><D70/><U87/><REACH who="1" step="1"/><E94/><REACH who="1" ten="387,4,404,195" step="2"/><V121/><F121/><W23/><G29/><T9/><D101/><U33/><E33/><V40/><F40/><W48/><G48/><T90/><D92/><RYUUKYOKU ba="0,1" sc="387,-30,4,10,404,10,195,10" hai1="8,10,11,13,16,72,73,74,79,83,87,88,95" hai2="12,19,49,51,55,57,60,61,64,68" hai3="20,22,23,25,28,56,62,86,89,93,98,102,104" /><INIT seed="5,1,1,0,3,69" ten="357,14,414,205" oya="1" hai0="2,34,132,126,89,123,16,120,127,73,62,21,76" hai1="101,66,52,109,38,90,1,55,31,124,93,9,43" hai2="104,7,119,5,20,6,44,106,14,105,122,63,134" hai3="61,86,117,51,100,87,17,58,102,97,56,135,98"/><U92/><E66/><V41/><F119/><W68/><G68/><T79/><D34/><U65/><E65/><V23/><F122/><N who="0" m="46634" /><D2/><U70/><E70/><V18/><F134/><W53/><G135/><T108/><D108/><U131/><E109/><V99/><F63/><W12/><G117/><T121/><D132/><U84/><E131/><V96/><REACH who="2" step="1"/><F23/><REACH who="2" ten="357,14,404,205" step="2"/><W54/><G61/><T85/><D121/><U48/><E124/><N who="0" m="47657" /><D62/><U60/><E60/><V33/><F33/><W82/><G58/><T35/><D35/><U118/><E118/><V75/><F75/><W94/><G56/><T80/><D73/><U0/><E9/><V27/><F27/><AGARI ba="1,2" hai="16,21,27,76,79,80,85,89" m="47657,46634" machi="27" ten="30,3900,0" yaku="13,1,18,1,54,1" doraHai="69" who="0" fromWho="2" sc="357,62,14,0,404,-42,205,0" /><INIT seed="6,0,0,5,1,1" ten="419,14,362,205" oya="2" hai0="123,28,24,7,4,103,66,27,115,108,34,109,35" hai1="81,13,76,134,122,20,118,128,37,18,39,16,56" hai2="57,2,51,104,0,61,125,82,99,8,111,14,11" hai3="114,74,71,88,3,85,17,58,54,78,50,32,75"/><V64/><F125/><W43/><G71/><T120/><D66/><U95/><E128/><V73/><F111/><N who="0" m="42570" /><D103/><U93/><E118/><V68/><F104/><W112/><G32/><N who="0" m="12331" /><D115/><N who="3" m="44073" /><G78/><T130/><D130/><U69/><E134/><V94/><F73/><W15/><G3/><T23/><D27/><U72/><E122/><AGARI ba="0,0" hai="4,7,23,24,28,120,122,123" m="12331,42570" machi="122" ten="40,8000,1" yaku="34,2,52,2" doraHai="1" who="0" fromWho="1" sc="419,80,14,-80,362,0,205,0" owari="499,59.9,-66,-56.6,362,16.2,205,-19.5" /></mjloggm>