<mjloggm ver="2.3"><GO type="169" lobby="0"/><UN n0="%E3%81%AA%E3%81%BE%E3%81%8B%E3%82%84%E3%81%95%E3%81%AA%E3%81%9F" n1="%E9%88%8D%E7%97%9B" n2="%E6%B2%B3%E7%AB%A5%E3%81%AE%E3%83%AF%E3%82%AB%E3%83%9E%E3%83%84" n3="%E5%8F%97%E3%81%91%E5%85%A5%E3%82%8C%E9%87%8D%E8%A6%96" dan="16,16,19,17" rate="2193.10,2103.43,2303.39,2184.06" sx="M,F,M,M"/><TAIKYOKU oya="0"/><INIT seed="0,0,0,0,2,93" ten="250,250,250,250" oya="0" hai0="2,116,82,132,11,61,107,8,33,75,10,49,78" hai1="7,19,56,84,99,102,112,67,45,27,29,23,52" hai2="42,92,86,3,83,47,72,88,113,44,111,125,118" hai3="76,127,22,53,114,46,57,94,69,68,81,96,134"/><T4/><D132/><U71/><E112/><V77/><F113/><W38/><G114/><T80/><D116/><U21/><E7/><V85/><F118/><W124/><G134/><T43/><D33/><U106/><E45/><V54/><F111/><W129/><G129/><T105/><D61/><N who="1" m="40431" /><E84/><V1/><F125/><N who="3" m="48203" /><G22/><T90/><D105/><U24/><E19/><V122/><F122/><W48/><G38/><T65/><D65/><U17/><E17/><V101/><F101/><N who="3" m="60567" /><G46/><T135/><D135/><U64/><E64/><V13/><F72/><AGARI ba="0,0" hai="48,53,57,68,69,72,76,81" m="60567,48203" machi="72" ten="30,2000,0" yaku="18,1,52,1" doraHai="93" who="3" fromWho="2" sc="250,0,250,0,250,-20,250,20" /><INIT seed="1,0,0,0,2,14" ten="250,250,230,270" oya="1" hai0="120,37,60,124,29,52,59,86,67,18,15,58,13" hai1="19,92,74,3,98,27,79,93,132,39,87,31,82" hai2="24,77,112,80,76,20,34,103,134,46,33,2,121" hai3="57,69,72,104,78,51,130,90,71,4,26,17,21"/><U133/><E39/><V1/><F121/><W53/><G104/><T42/><D120/><U122/><E122/><V105/><F134/><N who="1" m="51817" /><E3/><V106/><F112/><W95/><G130/><T55/><D124/><U118/><E31/><V81/><F20/><W129/><G129/><T101/><D29/><U109/><E27/><V65/><F24/><W56/><G4/><T30/><D30/><U28/><E28/><V94/><F94/><W91/><G90/><T85/><D101/><N who="1" m="60615" /><E19/><V84/><F103/><W75/><G57/><T99/><D99/><U61/><E61/><V111/><F84/><W125/><G125/><T127/><D127/><U107/><E107/><V47/><REACH who="2" step="1"/><F65/><REACH who="2" ten="250,250,220,270" step="2"/><W108/><G26/><T116/><D67/><U62/><E118/><V68/><F68/><W32/><G69/><T100/><D100/><U88/><E62/><V5/><F5/><W115/><G71/><T38/><D116/><U11/><E11/><V25/><F25/><W113/><G21/><T54/><D60/><U6/><E6/><V131/><F131/><W8/><G8/><T0/><D86/><N who="1" m="52375" /><E109/><AGARI ba="0,1" hai="1,2,33,34,46,47,76,77,80,81,105,106,109,111" machi="109" ten="25,8000,1" yaku="1,1,22,2,53,2" doraHai="14" doraHaiUra="41" who="2" fromWho="1" sc="250,0,250,-80,220,90,270,0" /><INIT seed="2,0,0,0,5,15" ten="250,170,310,270" oya="2" hai0="46,121,44,68,67,37,20,135,107,47,24,64,108" hai1="59,8,94,9,83,10,73,16,17,116,126,18,41" hai2="86,91,113,66,71,97,133,34,38,22,74,62,118" hai3="88,99,33,132,81,131,115,12,57,96,98,120,90"/><V21/><F118/><W79/><G120/><T102/><D121/><U75/><E116/><V124/><F113/><W26/><G115/><T89/><D108/><U117/><E117/><V130/><F130/><W11/><G131/><T25/><D135/><U5/><E5/><V36/><F133/><W127/><G132/><T123/><D123/><U134/><E134/><V106/><F74/><W92/><G127/><T54/><D37/><U95/><E126/><V1/><F1/><W100/><G57/><T109/><D109/><U111/><E111/><V7/><F34/><W101/><G26/><T103/><D54/><U55/><E41/><V119/><F124/><W58/><G58/><T35/><D35/><U28/><E28/><V105/><F105/><W13/><G12/><T23/><D89/><U43/><E43/><V63/><F106/><W65/><G65/><T129/><D129/><U42/><E42/><V29/><F38/><W84/><G33/><T122/><D122/><U4/><E4/><V50/><F36/><W56/><G56/><T31/><D68/><U77/><REACH who="1" step="1"/><E75/><REACH who="1" ten="250,160,310,270" step="2"/><V45/><F119/><W61/><G61/><AGARI ba="0,1" hai="8,9,10,16,17,18,55,59,61,73,77,83,94,95" machi="61" ten="40,12000,2" yaku="1,1,2,1,52,3,54,1,53,0" doraHai="15" doraHaiUra="0" who="1" fromWho="3" sc="250,0,160,130,310,0,270,-120" /><INIT seed="3,0,0,5,2,11" ten="250,290,310,150" oya="3" hai0="84,99,37,81,40,34,32,56,76,50,42,0,109" hai1="54,94,46,96,4,70,22,44,104,132,108,78,69" hai2="124,91,33,119,79,80,52,89,101,63,35,121,53" hai3="36,131,7,83,135,30,77,31,97,39,130,15,102"/><W105/><G135/><T115/><D109/><U128/><E108/><V49/><F119/><W24/><G30/><T86/><D115/><U72/><E104/><V43/><F124/><W61/><G61/><T59/><D0/><U20/><E78/><V28/><F121/><W117/><G117/><T71/><D71/><U58/><E72/><V114/><F114/><W122/><G122/><T134/><D134/><U19/><E4/><V113/><F113/><W65/><G65/><T6/><D6/><U26/><E128/><N who="3" m="49194" /><G7/><T88/><D99/><U41/><E22/><V100/><F43/><W98/><G97/><T8/><D8/><U103/><E132/><V21/><F21/><N who="3" m="15759" /><G15/><T29/><D29/><U68/><REACH who="1" step="1"/><E41/><REACH who="1" ten="250,280,310,150" step="2"/><V85/><F33/><W123/><G123/><T55/><D42/><U64/><E64/><V38/><F35/><W112/><G112/><T17/><D32/><U23/><E23/><V3/><F28/><W92/><G105/><T47/><D34/><U9/><E9/><V10/><F10/><W12/><G12/><T125/><D40/><U16/><E16/><V107/><F107/><W1/><G1/><T25/><D17/><U75/><E75/><AGARI ba="0,1" hai="36,39,75,77,83,92,98,102" m="15759,49194" machi="75" ten="30,1500,0" yaku="19,1" doraHai="11" who="3" fromWho="1" sc="250,0,280,-15,310,0,150,25" /><INIT seed="3,1,0,3,3,58" ten="250,265,310,175" oya="3" hai0="110,34,122,16,66,46,95,90,105,43,82,134,91" hai1="85,81,60,7,1,135,59,67,39,45,104,10,38" hai2="56,130,27,123,73,87,33,125,57,78,63,23,72" hai3="26,5,25,102,55,18,100,30,14,15,131,65,64"/><W47/><G131/><T4/><D122/><U126/><E135/><V103/><F33/><W6/><G18/><T29/><D105/><U68/><E126/><V117/><F117/><W133/><G55/><T115/><D134/><U52/><E104/><V11/><F123/><W71/><G133/><T120/><D4/><U77/><REACH who="1" step="1"/><E45/><REACH who="1" ten="250,255,310,175" step="2"/><V127/><F125/><W13/><G47/><T92/><D46/><U32/><E32/><V76/><F127/><W28/><G14/><T2/><D34/><U84/><E84/><V20/><F87/><W86/><G86/><T42/><D120/><U0/><E0/><V62/><F130/><W111/><G111/><T96/><D2/><U116/><E116/><V70/><F73/><W93/><G93/><T44/><D95/><U97/><E97/><V98/><F72/><W51/><G51/><AGARI ba="1,1" hai="1,7,10,38,39,51,52,59,60,67,68,77,81,85" machi="51" ten="30,8000,1" yaku="1,1,7,1,52,1,54,1,53,1" doraHai="58" doraHaiUra="53" who="1" fromWho="3" sc="250,0,255,93,310,0,175,-83" /><INIT seed="4,0,0,2,1,3" ten="250,348,310,92" oya="0" hai0="88,103,108,134,104,20,96,52,8,109,32,79,118" hai1="127,107,90,115,44,69,74,29,26,50,113,15,7" hai2="63,121,124,55,120,89,75,76,64,37,21,36,77" hai3="49,10,117,99,6,71,78,13,28,5,24,110,0"/><T84/><D32/><U70/><E107/><V102/><F55/><W66/><G110/><T19/><D118/><U97/><E74/><V114/><F89/><W25/><G117/><T57/><D79/><U92/><E127/><V30/><F124/><W47/><G78/><T22/><D8/><N who="1" m="4511" /><E26/><V93/><F114/><N who="1" m="43529" /><E29/><V23/><F30/><W81/><G81/><T68/><D68/><U33/><E33/><V95/><F75/><W38/><G38/><T122/><D122/><U133/><E133/><V125/><F125/><W34/><G24/><T12/><D22/><U67/><E67/><V16/><F64/><W4/><G0/><T132/><D132/><U46/><E46/><V106/><F106/><W105/><G66/><T48/><REACH who="0" step="1"/><D134/><REACH who="0" ten="240,348,310,92" step="2"/><U85/><E69/><V56/><F120/><W98/><G71/><T42/><D42/><N who="1" m="24855" /><E70/><V87/><F121/><W91/><G105/><T27/><D27/><U83/><E83/><AGARI ba="0,1" hai="12,19,20,48,52,57,83,84,88,96,103,104,108,109" machi="83" ten="40,12000,1" yaku="1,1,54,2,53,2" doraHai="3" doraHaiUra="123" who="0" fromWho="1" sc="240,130,348,-120,310,0,92,0" /><INIT seed="4,1,0,5,0,36" ten="370,228,310,92" oya="0" hai0="87,57,56,10,124,84,76,27,103,126,0,117,20" hai1="99,48,31,3,129,91,125,58,60,100,41,120,71" hai2="42,16,59,119,75,111,88,2,93,89,64,68,51" hai3="53,114,18,92,52,128,115,15,78,46,82,39,106"/><T26/><D117/><U132/><E120/><V74/><F111/><W113/><G106/><T24/><D103/><U30/><E3/><V50/><F2/><W21/><G92/><T8/><D20/><U67/><E125/><N who="0" m="48233" /><D76/><U94/><E129/><V55/><F119/><W23/><G23/><T118/><D0/><U131/><E132/><V69/><F89/><W121/><G121/><T4/><D4/><U109/><E109/><V97/><F16/><W33/><G33/><T122/><D118/><U134/><E134/><V35/><F35/><W25/><G25/><T38/><D38/><U66/><E66/><V133/><F133/><W6/><G6/><T40/><D40/><U22/><E131/><V104/><F104/><W86/><G128/><T123/><D123/><U73/><E73/><V54/><F42/><AGARI ba="1,0" hai="15,18,21,39,42,46,52,53,78,82,86,113,114,115" machi="42" ten="40,5200,0" yaku="15,1,52,1,54,1" doraHai="36" who="3" fromWho="2" sc="370,0,228,0,310,-55,92,55" /><INIT seed="5,0,0,2,2,56" ten="370,228,255,147" oya="1" hai0="32,45,129,9,38,77,73,72,66,108,22,17,26" hai1="80,29,94,13,97,40,16,100,28,122,30,1,67" hai2="109,63,91,104,21,23,86,46,123,58,105,82,18" hai3="106,53,14,78,62,116,135,117,49,96,43,87,36"/><U124/><E124/><V50/><F109/><W99/><G135/><T130/><D108/><U6/><E122/><V93/><F123/><W0/><G0/><T68/><D32/><U5/><E1/><V95/><F104/><W2/><G2/><T42/><D77/><U48/><E67/><V34/><F105/><W19/><G36/><T44/><D44/><U79/><E48/><V15/><F34/><W39/><G39/><T119/><D119/><N who="3" m="45641" /><G43/><T98/><D98/><U25/><E25/><V12/><F21/><N who="3" m="11511" /><G106/><T115/><D115/><U113/><E40/><N who="2" m="24903" /><F12/><W65/><G78/><T11/><D73/><U81/><E113/><V128/><F128/><W47/><G87/><T7/><D72/><U35/><E35/><V71/><F71/><AGARI ba="0,0" hai="47,49,53,62,65,71,96,99" m="11511,45641" machi="71" ten="30,2000,0" yaku="12,1,52,1" doraHai="56" who="3" fromWho="2" sc="370,0,228,0,255,-20,147,20" /><INIT seed="6,0,0,3,0,108" ten="370,228,235,167" oya="2" hai0="106,110,121,93,46,23,10,14,62,59,39,85,27" hai1="95,17,12,73,116,124,40,8,56,0,20,102,61" hai2="86,63,118,25,24,92,47,42,68,60,7,74,22" hai3="100,98,109,79,9,72,107,123,13,80,41,44,131"/><V36/><F118/><W26/><G109/><T70/><D110/><U30/><E73/><V96/><F74/><W111/><G111/><T53/><D106/><U115/><E116/><V122/><F122/><W88/><G123/><T57/><D121/><U50/><E124/><V114/><F7/><W71/><G71/><T4/><D70/><U75/><E75/><V21/><F86/><W128/><G26/><T127/><D127/><U55/><E115/><V99/><F114/><W81/><G81/><T135/><D135/><U45/><E0/><V126/><F126/><W104/><G107/><T87/><D39/><U33/><E33/><V11/><F11/><W119/><G119/><T117/><D46/><U132/><E132/><V129/><F129/><W97/><G97/><T1/><D1/><U3/><E3/><V83/><F83/><W19/><REACH who="3" step="1"/><G88/><REACH who="3" ten="370,228,235,157" step="2"/><T31/><D117/><U52/><E95/><V89/><F99/><W38/><AGARI ba="0,1" hai="9,13,19,38,41,44,72,79,80,98,100,104,128,131" machi="38" ten="30,4000,0" yaku="1,1,2,1,0,1,53,0" doraHai="108" doraHaiUra="32" who="3" fromWho="3" sc="370,-10,228,-10,235,-20,157,50" /><INIT seed="7,0,0,2,5,58" ten="360,218,215,207" oya="3" hai0="107,13,10,12,18,93,48,37,132,23,60,120,43" hai1="63,26,83,3,129,95,52,34,113,65,54,16,90" hai2="62,7,33,28,115,45,105,100,112,121,80,98,128" hai3="94,133,119,47,49,17,118,59,55,2,39,86,24"/><W9/><G133/><T102/><D107/><U76/><E3/><V36/><F128/><W69/><G69/><T81/><D37/><U19/><E113/><N who="2" m="43595" /><F121/><W22/><G2/><T66/><D120/><U27/><E129/><V75/><F7/><W88/><G9/><T40/><D48/><U123/><E34/><V68/><F33/><W64/><REACH who="3" step="1"/><G39/><REACH who="3" ten="360,218,215,197" step="2"/><T30/><D132/><U5/><E123/><V44/><F36/><W38/><G38/><T57/><D81/><U51/><E83/><V108/><F108/><W79/><G79/><T0/><D0/><U110/><E76/><N who="2" m="44063" /><F28/><W72/><G72/><T97/><D30/><U71/><E110/><V99/><F98/><W70/><G70/><T15/><D10/><U117/><E71/><V29/><F29/><W35/><G35/><T8/><D8/><U104/><E5/><V122/><F122/><W91/><G91/><T134/><D134/><U114/><E114/><V73/><F73/><W11/><G11/><T78/><D78/><U116/><E90/><V46/><F68/><W21/><G21/><T31/><D31/><U124/><E19/><V67/><F67/><W6/><G6/><T109/><D109/><U125/><E16/><V103/><F100/><W84/><G84/><T20/><D23/><U87/><E65/><V106/><F103/><W61/><AGARI ba="0,1" hai="17,22,24,47,49,55,59,61,64,86,88,94,118,119" machi="61" ten="30,11700,0" yaku="1,1,0,1,52,1,54,1,53,0" doraHai="58" doraHaiUra="25" who="3" fromWho="3" sc="360,-39,218,-39,215,-39,197,127" owari="321,12.1,179,-22.1,176,-32.4,324,42.4" /></mjloggm>