<mjloggm ver="2.3"><GO type="169" lobby="0"/><UN n0="%6D%61%6A%75%6E%69%61" n1="%E3%82%B0%E3%83%B3%E3%83%80%E3%83%AA%E3%83%BC" n2="%68%7A%63" n3="%33%39%E3%81%95%E3%82%93" dan="17,19,18,16" rate="2191.40,2293.17,2230.75,2103.32" sx="M,M,F,M"/><TAIKYOKU oya="0"/><INIT seed="0,0,0,4,5,107" ten="250,250,250,250" oya="0" hai0="104,113,65,17,74,111,42,94,61,80,125,85,99" hai1="35,93,78,83,115,88,27,128,129,69,102,33,114" hai2="13,67,1,20,38,109,8,133,52,58,100,28,2" hai3="63,81,66,132,4,76,75,21,126,86,53,29,44"/><T98/><D113/><N who="1" m="43019" /><E69/><V49/><F38/><W30/><G126/><T14/><D125/><U103/><E27/><V18/><F109/><W124/><G132/><T96/><D111/><U3/><E3/><V135/><F100/><N who="1" m="38441" /><E33/><V110/><F110/><W7/><G86/><T130/><D130/><U51/><E51/><V91/><F67/><W9/><G21/><T89/><D104/><U16/><E16/><V5/><F1/><W123/><G4/><T37/><D37/><U56/><E56/><V55/><F28/><W32/><G32/><T60/><D42/><U131/><E35/><V73/><F73/><W84/><G30/><T108/><D108/><U70/><E70/><V41/><F41/><W15/><G29/><T45/><D45/><U68/><E68/><V47/><REACH who="2" step="1"/><F91/><REACH who="2" ten="250,250,240,250" step="2"/><W48/><G124/><T62/><D65/><U122/><E122/><V112/><F112/><W121/><G121/><T87/><D87/><N who="1" m="52383" /><E131/><V90/><F90/><W77/><G123/><T22/><REACH who="0" step="1"/><D99/><REACH who="0" ten="240,250,240,250" step="2"/><U6/><E6/><V72/><F72/><AGARI ba="0,2" hai="72,78,83,128,129" m="52383,38441,43019" machi="72" ten="30,8000,1" yaku="11,1,34,2,52,1,54,1" doraHai="107" who="1" fromWho="2" sc="240,0,250,100,240,-80,250,0" /><INIT seed="1,0,0,3,1,103" ten="240,350,160,250" oya="1" hai0="44,59,124,85,25,51,66,5,52,47,131,42,77" hai1="122,117,18,57,58,97,15,67,112,111,34,43,93" hai2="36,115,38,130,54,108,134,84,27,82,89,35,22" hai3="28,39,87,49,17,0,60,129,50,73,123,79,96"/><U2/><E112/><V132/><F35/><W135/><G123/><T126/><D131/><U62/><E117/><V90/><F115/><W6/><G129/><T11/><D25/><U40/><E122/><V91/><F130/><W31/><G73/><T118/><D118/><U74/><E74/><V102/><F102/><W128/><G39/><T88/><D77/><U81/><E111/><V21/><F108/><W46/><G50/><T63/><D47/><U19/><E2/><V70/><F70/><W80/><G135/><N who="2" m="51753" /><F54/><W4/><G96/><T92/><REACH who="0" step="1"/><D42/><REACH who="0" ten="230,350,160,250" step="2"/><U83/><E43/><V127/><F27/><W53/><G128/><T8/><D8/><U48/><E40/><V121/><F121/><W61/><G79/><T69/><D69/><U56/><E56/><V3/><F127/><W37/><G46/><T72/><D72/><U106/><E58/><V9/><F9/><W133/><G133/><T20/><D20/><N who="2" m="7786" /><F3/><AGARI ba="0,1" hai="3,5,11,44,51,52,59,63,66,85,88,92,124,126" machi="3" ten="40,5200,0" yaku="1,1,54,2,53,0" doraHai="103" doraHaiUra="116" who="0" fromWho="2" sc="230,62,350,0,160,-52,250,0" /><INIT seed="2,0,0,3,4,13" ten="292,350,108,250" oya="2" hai0="101,16,42,55,93,35,106,132,17,60,49,128,91" hai1="135,19,37,57,39,84,25,69,94,127,83,70,38" hai2="3,87,92,10,41,62,118,14,18,88,99,65,1" hai3="75,123,59,45,4,86,96,36,27,73,56,120,46"/><V0/><F41/><W26/><G4/><T80/><D35/><U53/><E127/><V44/><F44/><W102/><G86/><T54/><D132/><U129/><E94/><V124/><F124/><W9/><G9/><T81/><D128/><U79/><E135/><V50/><F50/><W116/><G36/><T119/><D106/><U40/><E40/><V133/><F133/><W110/><G102/><T47/><D101/><U29/><E19/><N who="0" m="7241" /><D119/><U61/><REACH who="1" step="1"/><E129/><REACH who="1" ten="292,340,108,250" step="2"/><V71/><REACH who="2" step="1"/><F99/><REACH who="2" ten="292,340,98,250" step="2"/><W97/><G116/><AGARI ba="0,2" hai="0,1,3,10,14,18,62,65,71,87,88,92,116,118" machi="116" ten="40,12000,1" yaku="1,1,2,1,52,1,54,1,53,0" doraHai="13" doraHaiUra="100" who="2" fromWho="3" sc="292,0,340,0,98,140,250,-120" /><INIT seed="2,1,0,5,3,99" ten="292,340,238,130" oya="2" hai0="31,55,81,128,3,124,76,104,84,8,114,27,6" hai1="108,121,7,122,112,33,135,89,42,64,103,1,63" hai2="58,93,94,28,69,134,87,15,75,106,130,30,119" hai3="96,131,70,21,19,120,100,68,49,17,74,129,72"/><V5/><F69/><W35/><G120/><N who="1" m="46186" /><E112/><V25/><F75/><W38/><G38/><T52/><D114/><U9/><E108/><V54/><F106/><W86/><G86/><T16/><D124/><U12/><E33/><V78/><F119/><W123/><G123/><T92/><D128/><N who="3" m="49225" /><G35/><T95/><D104/><U132/><E42/><V40/><F40/><W13/><G49/><T46/><D31/><N who="2" m="11818" /><F25/><W98/><G98/><T50/><REACH who="0" step="1"/><D55/><REACH who="0" ten="282,340,238,130" step="2"/><U77/><E132/><V101/><F134/><W66/><G66/><T20/><AGARI ba="1,1" hai="3,6,8,16,20,27,46,50,52,76,81,84,92,95" machi="20" ten="30,8000,1" yaku="1,1,2,1,0,1,54,2,53,0" doraHai="99" doraHaiUra="105" who="0" fromWho="0" sc="282,93,340,-21,238,-41,130,-21" /><INIT seed="3,0,0,1,4,16" ten="375,319,197,109" oya="3" hai0="28,39,83,34,100,132,104,22,63,119,47,96,113" hai1="19,87,105,90,73,71,84,46,10,77,82,135,130" hai2="108,103,85,15,1,122,51,125,2,25,4,7,44" hai3="81,106,68,32,8,57,45,43,60,94,74,95,20"/><W33/><G68/><T13/><D119/><U23/><E130/><V12/><F103/><W18/><G106/><T121/><D121/><U118/><E135/><V70/><F70/><W66/><G8/><T89/><D132/><U11/><E71/><V61/><F61/><W109/><G109/><T126/><D126/><U131/><E131/><V35/><F85/><W128/><G128/><T107/><D113/><U133/><E133/><V29/><F51/><W17/><G17/><T21/><D63/><U127/><E87/><V0/><F44/><W91/><G33/><T40/><D104/><U86/><E84/><V69/><F69/><W30/><G30/><T65/><D65/><U42/><E127/><V50/><F50/><W111/><G32/><T115/><D83/><U67/><E67/><V92/><F92/><W80/><G111/><T134/><D89/><U41/><E41/><V97/><F97/><W49/><G95/><T27/><D134/><U53/><E53/><V38/><F38/><W116/><G116/><T26/><D115/><U76/><E76/><V78/><F78/><W99/><REACH who="3" step="1"/><G74/><REACH who="3" ten="375,319,197,99" step="2"/><T3/><D34/><U129/><E129/><V112/><F108/><W124/><G124/><T110/><D110/><U123/><E118/><V6/><F125/><W9/><G9/><T102/><D107/><U31/><E105/><V72/><F72/><W120/><G120/><T59/><D28/><U79/><E123/><V75/><F122/><W37/><G37/><T101/><D39/><N who="1" m="21855" /><E31/><V24/><F112/><W48/><G48/><T64/><D3/><N who="2" m="770" /><V114/><DORA hai="14" /><F114/><RYUUKYOKU ba="0,1" sc="375,-10,319,-10,197,-10,99,30" hai3="18,20,43,45,49,57,60,66,80,81,91,94,99" /><INIT seed="3,1,1,3,3,54" ten="365,309,187,129" oya="3" hai0="106,128,65,105,78,45,109,28,96,0,42,102,123" hai1="117,40,135,121,69,53,100,59,114,57,134,22,110" hai2="91,85,95,108,118,94,83,120,77,39,99,93,21" hai3="101,50,113,1,9,37,70,103,84,34,44,17,60"/><W38/><G34/><T132/><D123/><U58/><E114/><V20/><F120/><W19/><G113/><T67/><D128/><U29/><E121/><V5/><F108/><W12/><G1/><T64/><D109/><U126/><E110/><V14/><F39/><W66/><G19/><T75/><D132/><N who="1" m="50731" /><E69/><V36/><F36/><W125/><G125/><T107/><D0/><U71/><E71/><V27/><F118/><W33/><G33/><T131/><D131/><U73/><E117/><V47/><F47/><W81/><G38/><T74/><D28/><U104/><E73/><V7/><F21/><W63/><G63/><T124/><D124/><U23/><E40/><V111/><F111/><W15/><G37/><T87/><D87/><U43/><E43/><V61/><F61/><W11/><G50/><T112/><D112/><U56/><E29/><N who="2" m="17639" /><F14/><W30/><G44/><T31/><D31/><U76/><E76/><V18/><F18/><W2/><G2/><T13/><D13/><U127/><E127/><V86/><F99/><W88/><REACH who="3" step="1"/><G30/><REACH who="3" ten="365,309,187,119" step="2"/><T48/><REACH who="0" step="1"/><D78/><REACH who="0" ten="355,309,187,119" step="2"/><U133/><E133/><V6/><AGARI ba="1,3" hai="5,6,7,77,83,85,86,91,93,94,95" m="17639" machi="6" ten="30,1100,0" yaku="8,1" doraHai="54" who="2" fromWho="2" sc="355,-4,309,-4,187,44,119,-6" /><INIT seed="4,0,0,5,4,31" ten="351,305,231,113" oya="0" hai0="62,94,54,40,36,11,109,77,123,122,105,117,118" hai1="110,104,81,0,103,80,63,16,14,7,66,18,102" hai2="89,27,101,24,79,133,132,119,83,45,35,73,134" hai3="75,135,113,128,58,4,9,93,22,55,42,13,47"/><T6/><D105/><U84/><E110/><V46/><F119/><W25/><G75/><T23/><D109/><U87/><E0/><V50/><F101/><W72/><G72/><T131/><D131/><U85/><E7/><V30/><F24/><W32/><G128/><T29/><D77/><U68/><E18/><V112/><F112/><W129/><G113/><T125/><D125/><U5/><E5/><V71/><F71/><W21/><G135/><T69/><D69/><U90/><E104/><V70/><F70/><W126/><G126/><T53/><D94/><U96/><E96/><V100/><F100/><W120/><G120/><T33/><D23/><U44/><E44/><V8/><F50/><W74/><G74/><T10/><D62/><U124/><E85/><V52/><F52/><W115/><G129/><T26/><D10/><U41/><E41/><V51/><F51/><W15/><G15/><T86/><D86/><U37/><E37/><V48/><F48/><W64/><G64/><T49/><D36/><U1/><E1/><V19/><F89/><W130/><G115/><T108/><D108/><U61/><E61/><V59/><F59/><W107/><G107/><T88/><D40/><U43/><E43/><V82/><F82/><W3/><G93/><T56/><D54/><U17/><E17/><V114/><F114/><W99/><G99/><T97/><D118/><U95/><E124/><V98/><F98/><W91/><G130/><T2/><D117/><U34/><E95/><V127/><F127/><W38/><G42/><T12/><D2/><U39/><E66/><RYUUKYOKU ba="0,0" sc="351,15,305,-15,231,15,113,-15" hai0="6,11,12,26,29,33,49,53,56,88,97,122,123" hai2="8,19,27,30,35,45,46,73,79,83,132,133,134" /><INIT seed="4,1,0,2,4,15" ten="366,290,246,98" oya="0" hai0="56,38,10,111,123,43,78,39,12,25,28,107,2" hai1="131,94,106,101,36,132,35,3,13,118,81,52,84" hai2="45,33,64,109,26,7,122,85,135,76,58,77,60" hai3="49,83,103,66,116,70,54,6,68,5,134,61,89"/><T93/><D123/><U108/><E108/><V133/><F109/><W17/><G116/><T47/><D107/><U62/><E3/><V95/><F122/><W63/><G103/><T74/><D111/><U110/><E110/><V1/><F45/><W72/><G134/><N who="2" m="51209" /><F7/><W97/><G72/><T121/><D121/><U71/><E35/><V34/><F1/><W57/><G63/><T37/><D2/><U127/><E36/><V90/><F26/><W88/><G70/><T96/><D56/><U40/><E40/><V125/><F125/><W130/><G130/><T41/><D78/><AGARI ba="1,0" hai="33,34,58,60,64,76,77,78,85,90,95" m="51209" machi="78" ten="30,1000,0" yaku="20,1" doraHai="15" who="2" fromWho="0" sc="366,-13,290,0,246,13,98,0" /><INIT seed="5,0,0,5,1,12" ten="353,290,259,98" oya="1" hai0="6,119,29,51,9,54,115,22,62,33,23,61,38" hai1="74,10,85,20,53,19,41,83,88,100,69,72,123" hai2="130,59,134,93,39,79,73,24,55,122,109,32,64" hai3="89,52,4,28,96,18,104,120,34,43,126,81,97"/><U3/><E123/><V127/><F93/><W101/><G120/><T110/><D119/><U132/><E69/><V116/><F24/><W56/><G43/><T80/><D115/><U15/><E132/><V78/><F55/><W121/><G121/><T31/><D38/><U70/><E70/><V46/><F59/><W50/><G126/><T112/><D112/><U21/><E41/><V103/><F103/><W27/><G4/><T82/><D110/><U91/><E100/><V67/><F46/><W105/><G81/><N who="0" m="31339" /><D33/><U118/><E118/><V102/><F102/><W84/><G104/><T30/><D6/><U42/><E42/><V16/><F32/><W133/><G133/><T49/><D9/><U5/><E91/><V57/><F73/><W94/><REACH who="3" step="1"/><G84/><REACH who="3" ten="353,290,259,88" step="2"/><T35/><D35/><U129/><E74/><V44/><F122/><W14/><G14/><T0/><D0/><U111/><E72/><V117/><F134/><W71/><G71/><T90/><D31/><U113/><E3/><V60/><F117/><W99/><G99/><T45/><D30/><U75/><E5/><V2/><F2/><W87/><G87/><T40/><D29/><U36/><E85/><V17/><F116/><W107/><G107/><T26/><D26/><U106/><E106/><V63/><F127/><W114/><G114/><T86/><D86/><N who="1" m="50271" /><E75/><V124/><F124/><W68/><G68/><T76/><D90/><U95/><E113/><V125/><F125/><W13/><G13/><T47/><D76/><U1/><E1/><V135/><F135/><W7/><G7/><T65/><D40/><RYUUKYOKU ba="0,1" sc="353,-10,290,-10,259,-10,88,30" hai3="18,27,28,34,50,52,56,89,94,96,97,101,105" /><INIT seed="6,1,1,2,0,40" ten="343,280,249,118" oya="2" hai0="59,32,19,122,4,86,109,73,95,82,39,78,7" hai1="65,36,84,83,130,129,35,68,93,9,26,90,46" hai2="29,54,27,74,66,77,69,23,98,37,8,123,16" hai3="5,49,96,125,31,108,22,71,25,33,10,128,24"/><V64/><F37/><W50/><G71/><T112/><D122/><U63/><E9/><V41/><F123/><W34/><G108/><T53/><D112/><U55/><E55/><V42/><F74/><W45/><G125/><T61/><D32/><U17/><E17/><V44/><F77/><W85/><G128/><N who="1" m="49258" /><E93/><V57/><F69/><W101/><G50/><T91/><D109/><U72/><E72/><V18/><F98/><W0/><G85/><T87/><D39/><U119/><E119/><V47/><F42/><W80/><G80/><T13/><REACH who="0" step="1"/><D73/><REACH who="0" ten="333,280,249,118" step="2"/><U30/><E36/><V94/><F41/><W21/><G34/><T113/><D113/><U79/><E79/><V89/><F66/><W133/><G133/><T2/><D2/><U6/><E6/><V117/><F64/><W92/><REACH who="3" step="1"/><G25/><REACH who="3" ten="333,280,249,108" step="2"/><T104/><D104/><U51/><E51/><N who="2" m="30943" /><F117/><W20/><G20/><AGARI ba="1,3" hai="4,7,13,19,20,53,59,61,78,82,86,87,91,95" machi="20" ten="30,7700,0" yaku="1,1,7,1,8,1,53,1" doraHai="40" doraHaiUra="12" who="0" fromWho="3" sc="333,110,280,0,249,0,108,-80" /><INIT seed="7,0,0,3,0,9" ten="443,280,249,28" oya="3" hai0="16,117,125,6,100,71,56,53,77,7,70,82,24" hai1="29,5,30,97,124,2,84,109,131,94,31,90,51" hai2="65,105,4,95,134,115,87,80,46,126,78,88,119" hai3="17,55,47,44,27,3,62,23,133,81,34,45,38"/><W108/><G133/><T58/><D117/><U76/><E109/><V18/><F105/><W32/><G3/><T111/><D111/><U11/><E124/><V69/><F119/><W121/><G121/><T21/><D125/><U98/><E131/><V10/><F126/><W122/><G122/><T20/><D100/><U52/><REACH who="1" step="1"/><E76/><REACH who="1" ten="443,270,249,28" step="2"/><V85/><F134/><W28/><G108/><T99/><D77/><U135/><E135/><V114/><F46/><AGARI ba="0,1" hai="2,5,11,29,30,31,46,51,52,84,90,94,97,98" machi="46" ten="40,2600,0" yaku="1,1,54,1,53,0" doraHai="9" doraHaiUra="72" who="1" fromWho="2" sc="443,0,270,36,249,-26,28,0" owari="443,54.3,306,10.6,223,-17.7,28,-47.2" /></mjloggm>