<mjloggm ver="2.3"><GO type="169" lobby="0"/><UN n0="%E9%9B%A8%E6%9C%88%E3%81%A4%E3%82%86" n1="%E6%A4%BF%E6%9C%AC%E3%82%B5%E3%83%83%E3%82%AB%E3%83%BC%E9%83%A8" n2="%E3%81%84%E3%81%AC%E3%81%A6%E3%82%93" n3="%E3%83%A1%E3%83%90%E3%83%AB%40%E6%98%A5%E3%81%8C%E6%97%AC" dan="16,16,16,18" rate="2115.81,2128.53,2047.59,2187.30" sx="M,M,M,F"/><TAIKYOKU oya="0"/><INIT seed="0,0,0,0,1,24" ten="250,250,250,250" oya="0" hai0="123,120,132,64,111,44,67,42,60,27,26,28,9" hai1="115,95,102,79,91,52,78,107,1,122,20,8,110" hai2="70,71,17,16,106,39,66,38,77,103,21,90,61" hai3="105,49,29,51,89,98,48,41,96,124,32,31,30"/><T121/><D132/><U7/><E122/><V18/><F77/><W119/><G119/><T65/><D111/><U127/><E110/><V129/><F129/><W11/><G32/><T36/><D60/><U69/><E69/><V133/><F71/><W85/><G124/><T15/><REACH who="0" step="1"/><D28/><REACH who="0" ten="240,250,250,250" step="2"/><U84/><E127/><V83/><F133/><W135/><G135/><T45/><D45/><U75/><E115/><V50/><F50/><W104/><G41/><T113/><D113/><U6/><E75/><V109/><F109/><W14/><G105/><T10/><D10/><U33/><E107/><V56/><F39/><W87/><G104/><T47/><D47/><U100/><E8/><V57/><F38/><W76/><G76/><T53/><D53/><U97/><E52/><V43/><F106/><W54/><G54/><T99/><D99/><N who="3" m="37929" /><G89/><T93/><D93/><U108/><E108/><V19/><F70/><W81/><G81/><T134/><D134/><U68/><E68/><V37/><F83/><W59/><G59/><T74/><D74/><U86/><E91/><V112/><F90/><W55/><G55/><T94/><D94/><U73/><E95/><V62/><F112/><W131/><G131/><T116/><D116/><U22/><E97/><V23/><F62/><W126/><G126/><T114/><D114/><U128/><E73/><V3/><F61/><W12/><G11/><T25/><D25/><U118/><E128/><V72/><F72/><W2/><G2/><T63/><D63/><U4/><E118/><V13/><N who="2" m="4096" /><DORA hai="82" /><V58/><F3/><W130/><G130/><RYUUKYOKU ba="0,1" sc="240,15,250,-15,250,-15,250,15" hai0="9,15,26,27,36,42,44,64,65,67,120,121,123" hai3="12,14,29,30,31,48,49,51,85,87" /><INIT seed="0,1,1,2,3,7" ten="255,235,235,265" oya="0" hai0="94,88,75,45,4,90,70,13,30,108,111,3,32" hai1="117,98,51,79,112,33,120,55,52,87,37,15,60" hai2="65,58,105,34,73,8,114,6,1,46,126,104,39" hai3="53,18,25,92,99,121,40,56,82,119,35,9,36"/><T5/><D70/><U123/><E33/><V12/><F114/><W134/><G119/><T10/><D75/><U28/><E117/><V74/><F58/><W67/><G134/><T17/><D90/><U127/><E37/><V130/><F65/><W100/><G121/><T68/><D68/><U80/><E112/><V96/><F126/><W72/><G35/><T29/><D45/><U50/><E127/><V59/><F59/><W42/><G36/><T106/><D106/><U118/><E118/><V89/><F12/><N who="3" m="7439" /><G72/><T43/><D43/><U97/><E28/><N who="0" m="10857" /><D3/><U84/><E60/><V26/><F89/><W133/><G133/><T85/><D32/><U69/><E69/><V22/><F105/><W103/><G82/><T135/><D135/><U115/><E115/><V107/><F107/><W23/><G103/><T124/><D124/><U31/><E31/><N who="2" m="19831" /><F130/><W0/><G0/><T102/><D102/><U93/><E123/><V109/><F104/><W57/><G67/><T78/><D78/><U47/><E120/><V66/><F74/><W128/><G128/><T48/><D48/><U71/><E71/><V20/><F39/><W19/><G56/><T132/><D132/><U27/><E51/><AGARI ba="1,1" hai="19,23,25,40,42,51,53,57,92,99,100" m="7439" machi="51" ten="30,2000,0" yaku="8,1,52,1" doraHai="7" who="3" fromWho="1" sc="255,0,235,-23,235,0,265,33" /><INIT seed="1,0,0,5,3,28" ten="255,212,235,298" oya="1" hai0="115,66,133,71,110,113,44,11,21,88,2,127,4" hai1="65,61,16,121,116,97,43,108,37,122,106,57,68" hai2="82,35,34,33,94,100,123,95,26,18,47,15,102" hai3="73,77,62,103,104,56,22,9,19,20,14,81,76"/><U120/><E106/><V72/><F123/><W58/><G77/><T128/><D110/><U36/><E97/><V5/><F72/><W53/><G104/><T42/><D127/><U6/><E6/><V13/><F82/><W46/><G103/><T8/><D128/><U90/><E90/><V30/><F47/><W93/><G93/><T55/><D133/><U85/><E85/><V10/><F95/><W3/><G3/><T125/><D125/><U86/><E86/><V25/><F94/><W45/><G22/><T23/><D55/><U12/><E108/><V17/><F102/><W124/><G124/><T119/><D119/><U92/><E92/><V78/><F78/><W129/><G129/><T101/><D101/><U1/><E1/><N who="2" m="303" /><F100/><W32/><G32/><N who="2" m="12393" /><F26/><W131/><G131/><T132/><D88/><U38/><E116/><V112/><F112/><W67/><G9/><T74/><D11/><U117/><E117/><V41/><F41/><W98/><G98/><T31/><D44/><U96/><E96/><V109/><F109/><W52/><G67/><T91/><D42/><U24/><E24/><V70/><F70/><W64/><G64/><T59/><D71/><U87/><E87/><V118/><F118/><W54/><G54/><T107/><D66/><U135/><E135/><V7/><F7/><W84/><G73/><T83/><D4/><U63/><E43/><V111/><F111/><W40/><G40/><T60/><D132/><U75/><E75/><V89/><F89/><W130/><G130/><T51/><D74/><U29/><E121/><V0/><F0/><RYUUKYOKU ba="0,0" sc="255,-15,212,-15,235,15,298,15" hai2="13,15,17,18,25,30,35" hai3="14,19,20,45,46,52,53,56,58,62,76,81,84" /><INIT seed="2,1,0,2,2,107" ten="240,197,250,313" oya="2" hai0="110,60,74,100,39,54,95,30,92,114,19,135,134" hai1="108,28,113,43,119,69,35,102,32,18,8,109,6" hai2="63,93,85,51,77,26,58,61,24,21,64,132,7" hai3="128,49,133,81,40,123,82,121,34,59,106,29,89"/><V101/><F132/><N who="0" m="50730" /><D110/><N who="1" m="42603" /><E69/><V65/><F7/><W22/><G128/><T44/><D30/><U71/><E71/><V130/><F130/><W116/><G106/><T127/><D114/><U33/><E43/><V68/><F51/><W129/><G129/><T99/><D127/><U5/><E102/><V3/><F3/><W118/><G34/><N who="1" m="13418" /><E113/><V48/><F48/><W98/><G133/><T112/><D112/><U53/><E53/><V4/><F4/><N who="1" m="1641" /><E119/><V42/><F42/><W31/><G40/><T75/><D92/><U105/><E105/><V80/><F101/><W76/><G98/><T2/><D39/><U12/><N who="1" m="13426" /><U103/><DORA hai="67" /><E103/><V111/><F93/><W62/><G49/><N who="0" m="28967" /><D60/><U117/><E117/><V13/><F111/><W9/><G62/><T72/><D2/><U88/><E88/><V0/><F0/><W86/><G89/><T66/><D66/><U97/><E97/><V38/><F38/><W96/><G96/><T55/><D55/><U41/><E41/><V73/><F68/><W10/><G86/><T91/><D91/><U57/><E57/><V50/><F85/><W36/><G59/><T47/><D47/><U46/><E46/><V37/><F37/><W125/><G36/><T78/><D78/><U15/><E15/><V131/><F13/><W90/><G76/><T122/><D122/><U83/><E83/><V27/><F131/><W20/><G90/><T23/><D75/><U14/><E14/><AGARI ba="1,0" hai="14,19,23,72,74,95,99,100" m="28967,50730" machi="14" ten="30,3900,0" yaku="20,1,52,2" doraHai="107,67" who="0" fromWho="1" sc="240,42,197,-42,250,0,313,0" /><INIT seed="3,0,0,4,5,36" ten="282,155,250,313" oya="3" hai0="73,79,119,27,59,84,124,26,24,39,93,81,122" hai1="38,108,101,135,97,83,60,12,17,91,107,102,32" hai2="8,75,16,104,85,2,50,69,61,68,29,127,55" hai3="111,58,106,131,31,110,44,113,37,96,103,45,18"/><W121/><G113/><T54/><D119/><U52/><E108/><N who="3" m="41514" /><G121/><T28/><D122/><U43/><E135/><V63/><F75/><W22/><G31/><T130/><D39/><U7/><E32/><V100/><F104/><W115/><G115/><T46/><D130/><U47/><E102/><V40/><F100/><W0/><G0/><T94/><D124/><U30/><E30/><V77/><F127/><W10/><G10/><T118/><D118/><U95/><E7/><V112/><F29/><W49/><G131/><T62/><D28/><U34/><E34/><V56/><F2/><W87/><G87/><T33/><D33/><U109/><E83/><N who="2" m="47343" /><F69/><W51/><G58/><T82/><REACH who="0" step="1"/><D46/><REACH who="0" ten="272,155,250,313" step="2"/><N who="3" m="18025" /><G37/><T15/><D15/><AGARI ba="0,1" hai="15,18,22,49,51,96,103,106" m="18025,41514" machi="15" ten="30,2900,0" yaku="14,1,10,1" doraHai="36" who="3" fromWho="0" sc="272,-29,155,0,250,0,313,39" /><INIT seed="3,1,0,5,4,18" ten="243,155,250,352" oya="3" hai0="32,115,30,128,34,71,93,134,53,126,68,113,1" hai1="66,33,121,101,87,47,54,109,14,16,91,74,99" hai2="58,80,120,10,23,37,42,100,43,9,83,129,49" hai3="67,12,86,27,46,13,77,103,130,38,135,88,4"/><W39/><G130/><T95/><D1/><U56/><E109/><V131/><F37/><W79/><G135/><T81/><D128/><N who="2" m="49226" /><F100/><W96/><G67/><T133/><D30/><U118/><E118/><V62/><F42/><W2/><G2/><T48/><D81/><N who="2" m="31306" /><F49/><W108/><G108/><T89/><D48/><U57/><E121/><V90/><F90/><W45/><G27/><T55/><REACH who="0" step="1"/><D89/><REACH who="0" ten="233,155,250,352" step="2"/><U52/><E91/><V119/><F120/><W3/><G3/><T117/><D117/><U0/><E0/><V125/><F119/><W111/><G79/><T28/><D28/><U40/><E74/><V5/><F125/><AGARI ba="1,1" hai="32,34,53,55,68,71,93,95,113,115,125,126,133,134" machi="125" ten="25,3200,0" yaku="1,1,22,2,53,0" doraHai="18" doraHaiUra="6" who="0" fromWho="2" sc="233,45,155,0,250,-35,352,0" /><INIT seed="4,0,0,0,0,63" ten="278,155,215,352" oya="0" hai0="77,50,105,54,51,83,57,16,2,85,21,76,88" hai1="9,14,113,62,5,47,112,67,59,124,44,97,29" hai2="45,108,60,92,55,86,38,96,106,82,110,74,24" hai3="27,71,109,53,101,84,12,20,40,98,114,107,81"/><T41/><D105/><U1/><E124/><V72/><F38/><W127/><G109/><T119/><D119/><U128/><E128/><V13/><F45/><W134/><G114/><N who="1" m="44138" /><E29/><V116/><F13/><W56/><G134/><T115/><D2/><U79/><E79/><V100/><F24/><W36/><G71/><T80/><D115/><U111/><E111/><N who="2" m="42539" /><F55/><W129/><G127/><T66/><D80/><U39/><E39/><V48/><F48/><W4/><G36/><T91/><D76/><U58/><E97/><V11/><F11/><W3/><G3/><T37/><D37/><U25/><E25/><V69/><F60/><W19/><G40/><T64/><D41/><U89/><E89/><N who="0" m="34377" /><D50/><U121/><E121/><V118/><F69/><W22/><G129/><T34/><D34/><U123/><E123/><V133/><F133/><W102/><G4/><T52/><D54/><U93/><E93/><V65/><F106/><W87/><G102/><T117/><D117/><N who="2" m="45162" /><F65/><W95/><G107/><T68/><D68/><N who="1" m="42103" /><E1/><V33/><F33/><W0/><G0/><T61/><D61/><U42/><E42/><V70/><F70/><W99/><G53/><T120/><D120/><U90/><E90/><AGARI ba="0,0" hai="72,74,82,86,90,92,96,100" m="45162,42539" machi="90" ten="30,3900,0" yaku="12,1,34,2" doraHai="63" who="2" fromWho="1" sc="278,0,155,-39,215,39,352,0" /><INIT seed="5,0,0,2,2,28" ten="278,116,254,352" oya="1" hai0="48,13,112,102,43,2,111,8,35,94,4,51,7" hai1="78,92,105,116,115,10,120,23,104,25,106,113,37" hai2="79,65,96,132,46,55,69,122,36,70,38,103,27" hai3="66,52,61,59,49,30,3,80,76,127,87,81,114"/><U6/><E37/><V9/><F132/><W19/><G114/><T110/><D43/><U129/><E120/><V50/><F9/><W90/><G127/><T100/><D94/><U75/><E116/><V82/><F70/><W18/><G3/><T42/><D42/><U108/><E129/><V47/><F47/><W20/><G30/><T32/><D8/><U71/><E71/><V121/><F65/><W22/><G22/><T97/><D97/><U12/><E108/><V21/><F69/><W5/><G5/><T89/><D13/><U17/><REACH who="1" step="1"/><E92/><REACH who="1" ten="278,106,254,352" step="2"/><V130/><F130/><W41/><G41/><T91/><REACH who="0" step="1"/><D2/><REACH who="0" ten="268,106,254,352" step="2"/><U84/><E84/><V135/><F122/><W40/><G40/><T58/><D58/><U67/><E67/><V123/><F121/><W31/><G66/><T86/><D86/><U33/><E33/><V64/><F123/><W72/><G87/><T29/><D29/><U134/><E134/><V101/><F64/><W107/><G31/><T133/><D133/><U118/><E118/><V98/><F135/><W15/><G72/><T99/><D99/><U54/><E54/><V24/><F55/><W14/><G52/><T63/><D63/><U117/><E117/><V60/><F98/><W88/><G61/><T77/><D77/><U53/><E53/><V125/><F96/><W45/><G76/><T44/><D44/><U124/><E124/><V34/><F60/><W83/><G45/><T74/><D74/><U85/><E85/><V39/><F46/><W0/><G0/><T11/><D11/><U68/><E68/><V95/><F125/><RYUUKYOKU ba="0,2" sc="268,15,106,15,254,-15,352,-15" hai0="4,7,32,35,48,51,89,91,100,102,110,111,112" hai1="6,10,12,17,23,25,75,78,104,105,106,113,115" /><INIT seed="5,1,2,5,0,44" ten="283,121,239,337" oya="1" hai0="54,88,70,14,34,74,95,40,84,51,45,76,48" hai1="53,133,61,115,131,66,77,120,110,68,60,86,105" hai2="49,43,117,4,42,33,135,27,62,93,111,18,102" hai3="64,72,104,8,97,0,106,85,108,81,113,63,119"/><U101/><E120/><V112/><F4/><W26/><G108/><T79/><D34/><U127/><E105/><V124/><F18/><W134/><G72/><T20/><D70/><U71/><E101/><V1/><F27/><W98/><G113/><T121/><D74/><U36/><E77/><V22/><F22/><W59/><G134/><T92/><D92/><U69/><E86/><V41/><F33/><W129/><G129/><T37/><D37/><U47/><E133/><V87/><F1/><W82/><G26/><T126/><D126/><U114/><E127/><V21/><F21/><W109/><G109/><T125/><D121/><U130/><E110/><V99/><F111/><W57/><G8/><T67/><D67/><N who="1" m="41063" /><E71/><V30/><F135/><W31/><G31/><T5/><D125/><U3/><E3/><V55/><F30/><W29/><G29/><T90/><D90/><U94/><E94/><V16/><F112/><N who="1" m="43049" /><E53/><V78/><F124/><W91/><G0/><T24/><D5/><U6/><E6/><V52/><F117/><W38/><G106/><T7/><D7/><U50/><E36/><V35/><F87/><N who="3" m="50671" /><G38/><T32/><D32/><U103/><E103/><V2/><F35/><W128/><G119/><T96/><D84/><U11/><E11/><V132/><F78/><N who="3" m="46295" /><G104/><T15/><D79/><U9/><E9/><V89/><F2/><W118/><G118/><T17/><REACH who="0" step="1"/><D76/><REACH who="0" ten="273,121,239,337" step="2"/><U75/><E75/><V123/><F123/><W83/><G83/><T100/><D100/><U19/><E19/><V10/><F102/><W107/><G107/><T58/><AGARI ba="1,3" hai="14,15,17,20,24,40,45,48,51,54,58,88,95,96" machi="58" ten="20,16000,3" yaku="1,1,5,1,0,1,7,1,8,1,52,2,54,1,53,0" doraHai="44" doraHaiUra="116" who="0" fromWho="0" sc="273,193,121,-81,239,-41,337,-41" /><INIT seed="6,0,0,5,1,121" ten="466,40,198,296" oya="2" hai0="75,45,51,10,52,8,49,26,90,132,82,31,72" hai1="110,41,20,85,93,111,78,42,69,66,92,97,106" hai2="14,3,125,134,109,12,79,16,73,43,40,86,21" hai3="58,112,105,88,131,13,103,44,63,130,18,119,135"/><V37/><F3/><W59/><G119/><T94/><D132/><U101/><E69/><V30/><F134/><W133/><G135/><T102/><D102/><U126/><E66/><V89/><F37/><W27/><G133/><T60/><D60/><U2/><E2/><V15/><F125/><W5/><G44/><T84/><D51/><U96/><E20/><V36/><F36/><W25/><G112/><T95/><D95/><U34/><E34/><V38/><F30/><W62/><G5/><T116/><D116/><U122/><E122/><V74/><F74/><W120/><G120/><T48/><D48/><U108/><E126/><V100/><F100/><W124/><G124/><T61/><D61/><U128/><E41/><V87/><F38/><W113/><G103/><T67/><D67/><U68/><E42/><N who="2" m="15915" /><F73/><W123/><G105/><T77/><D75/><U70/><E128/><V57/><F109/><W47/><G47/><T11/><D11/><U115/><E115/><V127/><F57/><W64/><G123/><T23/><AGARI ba="0,0" hai="8,10,23,26,31,45,49,52,72,77,82,84,90,94" machi="23" ten="20,2700,0" yaku="0,1,7,1,54,1" doraHai="121" who="0" fromWho="0" sc="466,27,40,-7,198,-13,296,-7" /><INIT seed="7,0,0,5,2,82" ten="493,33,185,289" oya="3" hai0="123,113,47,72,39,103,27,45,106,43,97,77,1" hai1="83,40,110,38,33,67,75,41,52,121,91,107,76" hai2="133,78,68,26,34,127,95,36,88,102,3,87,117" hai3="104,63,109,14,118,28,53,11,10,20,8,79,70"/><W96/><G118/><T21/><D123/><U12/><E121/><V46/><F117/><W65/><G109/><T9/><D47/><U115/><E110/><V30/><F3/><W99/><G79/><T114/><D21/><U19/><E115/><V126/><F68/><W64/><G64/><T108/><D27/><U74/><E74/><V22/><F22/><W131/><G131/><T31/><D31/><U13/><E33/><V55/><F133/><W60/><G60/><T94/><D94/><U71/><E107/><V51/><F36/><W37/><G37/><T50/><D50/><U66/><E91/><V48/><F48/><W29/><G53/><T119/><D119/><U17/><E38/><V100/><REACH who="2" step="1"/><F78/><REACH who="2" ten="493,33,175,289" step="2"/><W124/><G20/><T59/><D108/><U80/><E71/><V58/><F58/><W129/><G70/><T132/><D59/><U105/><E76/><V81/><F81/><W98/><G129/><T42/><D132/><U92/><E105/><V135/><F135/><W128/><G104/><T101/><D43/><U56/><E75/><V35/><F35/><W120/><G128/><T15/><D106/><U89/><E56/><V5/><F5/><W4/><G120/><T62/><D62/><U6/><E6/><V86/><F86/><W116/><G116/><T32/><D32/><U2/><E2/><V25/><F25/><W0/><G0/><T90/><D1/><U7/><E7/><V73/><F73/><W130/><G130/><T61/><D77/><U18/><E83/><V84/><F84/><W16/><G63/><T44/><D72/><RYUUKYOKU ba="0,1" sc="493,-10,33,-10,175,30,289,-10" hai2="26,30,34,46,51,55,87,88,95,100,102,126,127" owari="493,59.3,23,-47.7,205,-19.5,279,7.9" /></mjloggm>