<mjloggm ver="2.3"><GO type="169" lobby="0"/><UN n0="%E5%9D%8A%E3%82%84%E3%81%A1%E3%81%A4" n1="%48%4F%4D%4F%E5%A5%B3" n2="%E5%B8%B0%E3%82%8A%E3%81%9F%E3%81%84%E3%80%82" n3="%E3%83%A2%E3%83%AD%E3%83%98%E3%82%A4%E3%83%A4" dan="16,16,17,16" rate="2054.19,2107.80,2187.06,2201.06" sx="M,M,M,M"/><TAIKYOKU oya="0"/><INIT seed="0,0,0,5,3,80" ten="250,250,250,250" oya="0" hai0="21,133,33,14,66,51,45,37,88,35,28,111,11" hai1="47,127,48,67,59,31,94,57,104,86,64,95,82" hai2="70,65,91,0,132,13,116,121,119,26,5,124,72" hai3="56,107,53,79,61,10,30,54,123,117,68,27,131"/><T85/><D133/><U114/><E104/><V60/><F121/><W6/><G107/><T109/><D66/><N who="1" m="25131" /><E31/><V41/><F72/><W49/><G123/><T126/><D126/><U92/><E127/><V129/><F0/><W1/><G131/><T18/><D37/><U76/><E114/><V22/><F124/><W46/><G79/><T102/><D102/><U3/><E3/><V62/><F62/><W122/><G122/><T7/><D28/><U43/><AGARI ba="0,0" hai="43,47,48,57,59,76,82,86,92,94,95" m="25131" machi="43" ten="30,2000,0" yaku="8,1,52,1" doraHai="80" who="1" fromWho="1" sc="250,-10,250,20,250,-5,250,-5" /><INIT seed="1,0,0,3,2,25" ten="240,270,245,245" oya="1" hai0="129,62,130,78,44,41,58,90,57,126,73,47,27" hai1="123,3,1,19,46,81,38,8,72,134,2,127,54" hai2="85,91,96,31,60,70,45,32,13,67,29,16,64" hai3="131,22,133,113,103,39,112,4,69,66,18,56,77"/><U17/><E123/><V88/><F32/><W53/><G39/><T5/><D126/><U15/><E127/><V42/><F96/><W75/><G4/><T101/><D101/><U98/><E134/><V106/><F106/><W125/><G133/><T35/><D5/><U102/><E19/><V71/><F71/><W28/><G103/><T120/><D120/><U20/><E54/><V124/><F67/><W52/><G53/><T14/><D14/><U97/><E20/><V40/><F91/><W94/><G94/><T6/><D6/><U65/><E65/><V135/><F124/><W26/><G125/><T61/><D90/><U89/><E102/><V48/><F42/><W121/><G121/><T74/><D78/><U100/><E100/><V33/><F33/><W80/><G131/><T79/><D79/><U51/><E38/><V59/><F70/><W105/><G105/><T132/><D35/><U0/><N who="1" m="0" /><DORA hai="114" /><U104/><E104/><V83/><F135/><W34/><G69/><T92/><D92/><U118/><E118/><V122/><F122/><W87/><G75/><T110/><D132/><U7/><E7/><V109/><F109/><W24/><REACH who="3" step="1"/><G66/><REACH who="3" ten="240,270,245,235" step="2"/><T43/><D110/><U93/><E72/><V107/><F107/><W23/><G23/><AGARI ba="0,1" hai="13,16,23,29,31,40,45,48,59,60,64,83,85,88" machi="23" ten="30,12000,2" yaku="7,1,8,1,52,2,54,2" doraHai="25,114" who="2" fromWho="3" sc="240,0,270,0,245,130,235,-120" /><INIT seed="2,0,0,1,1,45" ten="240,270,375,115" oya="2" hai0="13,114,54,125,11,129,60,28,52,97,109,12,86" hai1="134,14,87,5,7,98,40,46,117,43,37,81,64" hai2="47,36,6,132,4,55,29,103,38,76,49,108,113" hai3="93,44,48,23,26,99,62,42,75,10,107,135,84"/><V22/><F113/><W104/><G75/><T58/><D114/><U17/><E117/><V112/><F112/><W130/><G130/><T30/><D109/><U15/><E134/><V110/><F132/><W74/><G74/><T67/><D67/><U118/><E40/><V1/><F103/><W20/><G135/><T78/><D125/><U83/><E118/><V89/><F76/><W65/><G84/><T33/><D33/><U34/><E34/><V63/><F89/><W25/><G10/><T57/><D97/><U31/><E31/><V105/><F105/><W66/><G104/><T9/><D86/><U73/><E73/><V59/><F29/><N who="3" m="17575" /><G62/><T68/><D68/><U70/><E70/><V16/><F36/><W24/><G24/><T2/><D2/><U18/><E64/><V115/><F38/><W95/><G95/><T35/><D35/><U96/><E87/><V101/><F1/><W3/><G107/><T126/><D126/><U111/><E37/><V80/><F80/><W131/><G131/><T120/><D120/><U19/><E111/><N who="2" m="42539" /><F101/><N who="3" m="60655" /><G3/><T116/><D129/><U94/><E83/><V71/><F71/><W69/><G69/><T133/><D133/><U39/><E81/><V56/><F115/><W21/><G21/><T124/><D124/><U85/><E94/><V50/><F22/><W0/><G0/><T90/><D116/><U121/><E121/><V106/><F106/><W32/><G32/><T123/><D123/><U92/><E92/><V77/><F77/><W8/><G8/><T53/><D78/><U128/><E128/><V51/><F63/><RYUUKYOKU ba="0,0" sc="240,-10,270,-10,375,-10,115,30" hai3="23,26,42,44,48,65,66" /><INIT seed="3,1,0,0,1,18" ten="230,260,365,145" oya="3" hai0="4,68,100,3,45,91,42,105,39,0,28,51,46" hai1="115,66,99,22,13,94,114,9,50,49,16,59,124" hai2="67,37,130,33,21,134,92,93,81,113,35,25,10" hai3="6,104,19,17,97,117,1,24,56,15,14,83,55"/><W32/><G117/><T62/><D28/><U20/><E124/><V79/><F37/><W126/><G126/><T52/><D91/><N who="1" m="55775" /><E115/><V125/><F113/><W123/><G123/><T101/><D4/><U70/><E70/><V127/><F35/><W58/><G1/><T11/><D11/><U47/><E114/><V86/><F33/><W110/><G110/><T96/><REACH who="0" step="1"/><D101/><REACH who="0" ten="220,260,365,145" step="2"/><U122/><E122/><V73/><F10/><W119/><G6/><T118/><D118/><U41/><E50/><V31/><F31/><W132/><G119/><T65/><AGARI ba="1,1" hai="0,3,39,42,45,46,51,52,62,65,68,96,100,105" machi="65" ten="30,4000,0" yaku="1,1,0,1,54,1,53,0" doraHai="18" doraHaiUra="27" who="0" fromWho="0" sc="220,53,260,-11,365,-11,145,-21" /><INIT seed="4,0,0,5,2,31" ten="273,249,354,124" oya="0" hai0="8,63,112,135,129,7,79,16,53,84,17,133,64" hai1="86,12,33,32,24,13,2,38,93,47,114,119,68" hai2="41,90,49,67,59,36,5,117,96,78,116,55,132" hai3="130,105,104,46,22,91,102,125,123,28,100,21,51"/><T56/><D112/><U1/><E119/><N who="2" m="45643" /><F78/><W99/><G130/><T98/><D129/><U75/><E68/><V9/><F132/><N who="0" m="50762" /><D98/><U128/><E75/><V66/><F41/><W25/><G125/><T113/><D113/><U70/><E70/><V127/><F36/><W85/><G123/><T126/><D64/><U50/><E38/><V71/><F71/><W80/><G102/><T0/><D126/><U48/><E128/><V94/><F127/><W115/><G115/><T57/><D57/><U26/><E114/><V120/><F120/><W69/><G69/><T23/><D23/><U122/><E122/><V108/><F108/><W27/><G105/><T43/><D43/><U35/><E47/><V29/><F29/><W58/><G58/><T107/><D107/><U72/><E72/><V54/><F54/><W121/><G121/><T14/><D0/><AGARI ba="0,0" hai="0,5,9,49,55,59,66,67,90,94,96" m="45643" machi="0" ten="30,1000,0" yaku="12,1" doraHai="31" who="2" fromWho="0" sc="273,-10,249,0,354,10,124,0" /><INIT seed="5,0,0,5,3,70" ten="263,249,364,124" oya="1" hai0="60,101,108,9,91,15,98,48,59,54,114,133,123" hai1="14,97,93,45,52,53,57,61,30,19,132,106,126" hai2="63,121,72,86,0,118,10,99,31,75,113,73,62" hai3="84,42,117,33,27,66,58,78,35,115,41,65,32"/><U20/><E126/><V38/><F121/><W111/><G111/><T87/><D123/><U124/><E106/><V11/><F118/><W29/><G117/><T68/><D133/><U89/><E124/><V107/><F38/><W130/><G115/><T103/><D114/><U71/><E71/><V64/><F0/><W134/><G134/><T81/><D108/><U7/><E132/><V21/><F63/><W105/><G105/><T2/><D2/><U120/><E120/><V18/><F31/><W74/><G74/><T24/><D24/><U44/><E30/><V94/><F86/><W4/><G4/><T129/><D129/><U116/><E116/><V22/><F22/><W43/><G130/><T90/><D68/><U112/><E112/><V55/><F55/><W3/><G3/><T37/><D37/><U83/><E7/><V46/><F46/><N who="1" m="18025" /><E83/><V88/><F107/><W85/><G58/><T135/><D60/><U50/><E50/><V102/><F113/><W26/><G78/><T1/><D1/><U109/><E109/><V28/><F28/><W82/><G82/><T12/><D135/><U40/><E40/><V104/><F75/><W51/><G51/><T96/><D15/><U47/><N who="1" m="18033" /><U5/><DORA hai="125" /><E5/><V67/><F73/><W95/><G95/><N who="0" m="56447" /><D98/><U128/><E128/><V6/><F72/><W13/><G13/><T76/><D76/><U131/><E131/><V16/><F6/><AGARI ba="0,0" hai="6,9,12,48,54,59,81,87,90,101,103" m="56447" machi="6" ten="30,1000,0" yaku="8,1" doraHai="70,125" who="0" fromWho="2" sc="263,10,249,0,364,-10,124,0" /><INIT seed="6,0,0,1,4,51" ten="273,249,354,124" oya="2" hai0="34,47,95,75,82,24,91,32,18,29,127,52,39" hai1="12,62,93,55,27,135,37,122,116,38,66,85,3" hai2="86,123,124,73,96,46,67,48,54,117,15,40,71" hai3="88,92,9,83,4,118,14,49,23,31,25,57,90"/><V79/><F117/><W30/><G118/><T72/><D72/><U130/><E3/><V20/><F123/><W102/><G83/><T131/><D34/><U78/><E116/><V41/><F73/><W114/><G114/><T42/><D127/><U76/><E130/><V26/><F71/><W125/><G125/><T80/><D131/><U128/><E128/><V100/><F67/><W56/><G102/><T94/><D94/><U33/><E135/><V77/><F15/><W126/><G126/><T134/><D134/><U106/><E106/><V7/><F7/><W121/><G121/><T2/><D2/><U109/><E109/><V28/><F124/><W113/><G113/><T53/><D18/><U119/><E119/><V84/><F86/><W104/><G104/><T16/><D16/><U129/><E37/><V110/><F110/><W97/><G31/><T108/><D108/><U132/><E38/><V36/><F84/><W17/><G90/><T10/><D10/><U133/><E33/><V45/><REACH who="2" step="1"/><F41/><REACH who="2" ten="273,249,344,124" step="2"/><W19/><REACH who="3" step="1"/><G57/><REACH who="3" ten="273,249,344,114" step="2"/><T60/><D75/><U21/><E129/><V44/><F44/><W59/><G59/><T99/><D82/><U87/><E122/><V8/><F8/><W69/><G69/><T43/><D80/><U5/><E132/><V120/><F120/><W13/><G13/><T1/><D1/><U61/><E133/><V89/><F89/><W115/><G115/><T81/><D81/><U22/><E12/><V105/><AGARI ba="0,2" hai="20,26,28,36,40,45,46,48,54,77,79,96,100,105" machi="105" ten="20,12000,1" yaku="1,1,0,1,7,1,52,1,53,1" doraHai="51" doraHaiUra="68" who="2" fromWho="2" sc="273,-40,249,-40,344,140,114,-40" /><INIT seed="6,1,0,5,2,81" ten="233,209,484,74" oya="2" hai0="124,88,0,10,94,121,98,79,30,5,40,112,37" hai1="105,13,61,1,38,54,93,83,23,53,85,60,46" hai2="65,87,58,92,47,31,119,20,66,76,82,71,32" hai3="90,99,74,106,130,16,73,118,125,4,69,51,135"/><V132/><F71/><W103/><G69/><T43/><D121/><U104/><E1/><V3/><F3/><W44/><G118/><T28/><D112/><U17/><E104/><V72/><F32/><W8/><G135/><T89/><D124/><U2/><E2/><V59/><F72/><W33/><G33/><T131/><D131/><U84/><E105/><V109/><F109/><W91/><G125/><T39/><D79/><U12/><E38/><V24/><F119/><W114/><G130/><T57/><D57/><N who="2" m="21514" /><F132/><W56/><G56/><T64/><D64/><N who="2" m="24682" /><F92/><W6/><G114/><T95/><D39/><U63/><E46/><AGARI ba="1,0" hai="20,24,31,46,47,76,82,87" m="24682,21514" machi="46" ten="30,2900,0" yaku="8,1,52,1" doraHai="81" who="2" fromWho="1" sc="233,0,209,-32,484,32,74,0" /><INIT seed="6,2,0,2,5,81" ten="233,177,516,74" oya="2" hai0="36,83,27,84,18,79,61,3,64,16,49,8,73" hai1="104,124,10,1,12,100,5,119,52,60,122,132,75" hai2="71,87,108,23,57,94,70,92,133,63,80,26,125" hai3="67,34,38,114,37,43,116,123,127,42,110,59,88"/><V9/><F70/><W106/><G106/><T58/><D36/><U45/><E119/><V55/><F71/><W131/><G34/><T66/><D73/><U41/><E124/><V15/><F133/><W107/><G107/><T11/><D3/><U25/><E132/><V109/><F125/><W113/><G127/><T121/><D121/><U105/><E75/><V17/><F109/><W40/><G88/><T99/><D99/><U97/><E122/><V112/><F112/><N who="3" m="43115" /><G123/><T91/><D66/><U32/><E104/><V44/><F44/><W33/><G33/><T47/><D91/><U68/><E32/><V28/><REACH who="2" step="1"/><F108/><REACH who="2" ten="233,177,506,74" step="2"/><W24/><G110/><T35/><D35/><U76/><E45/><V78/><AGARI ba="2,1" hai="9,15,17,23,26,28,55,57,63,78,80,87,92,94" machi="78" ten="20,18000,2" yaku="1,1,2,1,0,1,7,1,8,1,52,1,53,0" doraHai="81" doraHaiUra="102" who="2" fromWho="2" sc="233,-62,177,-62,506,196,74,-62" /><INIT seed="6,3,0,1,3,103" ten="171,115,702,12" oya="2" hai0="14,110,105,3,9,66,118,123,10,45,122,132,117" hai1="125,88,87,55,120,8,2,62,12,84,75,59,127" hai2="101,4,28,113,25,38,97,40,94,89,23,24,60" hai3="115,102,48,124,34,128,81,65,41,108,114,15,107"/><V82/><F113/><N who="3" m="43019" /><G34/><T47/><D110/><U77/><E2/><V112/><F112/><W30/><G30/><T22/><D105/><U133/><E120/><N who="0" m="46121" /><D66/><U43/><E133/><V61/><F4/><W86/><G108/><T83/><D83/><U58/><E43/><V42/><F25/><W19/><G128/><T36/><D47/><U91/><E77/><V80/><F38/><W95/><G95/><T32/><D45/><U98/><E98/><V104/><F82/><W51/><G65/><T27/><D36/><U85/><E75/><V31/><F31/><W35/><G35/><T93/><D32/><U72/><E72/><V49/><F80/><W16/><G124/><N who="1" m="47690" /><E59/><V74/><F74/><W76/><G41/><N who="2" m="15977" /><F104/><W116/><G116/><T100/><D118/><U96/><E96/><N who="2" m="59543" /><F49/><N who="3" m="19019" /><G15/><T111/><D14/><U63/><E63/><V126/><F126/><W1/><G1/><T52/><D3/><U17/><AGARI ba="3,0" hai="8,12,17,55,58,62,84,85,87,88,91" m="47690" machi="17" ten="30,2000,0" yaku="18,1,54,1" doraHai="103" who="1" fromWho="1" sc="171,-8,115,29,702,-13,12,-8" /><INIT seed="7,0,0,1,0,47" ten="163,144,689,4" oya="3" hai0="1,73,43,32,61,4,104,97,27,77,125,22,128" hai1="86,48,79,100,98,74,118,21,88,87,29,37,28" hai2="134,76,93,92,70,109,63,2,50,71,39,112,90" hai3="36,111,7,8,105,85,6,133,132,57,65,31,129"/><W62/><G36/><T67/><D128/><U56/><E37/><V12/><F93/><W130/><G105/><T103/><D125/><U38/><E38/><V46/><F92/><W20/><G111/><T26/><D43/><U42/><E74/><V60/><F12/><W30/><G85/><T101/><D101/><U110/><E79/><V124/><F90/><W91/><G91/><T113/><D113/><U75/><E75/><V13/><F13/><W78/><G78/><T107/><D107/><U23/><E110/><V84/><F84/><W83/><G83/><T81/><D32/><U40/><E88/><V9/><F9/><W16/><G31/><T114/><D114/><U35/><E35/><V68/><F60/><W58/><G30/><T95/><D104/><U3/><E29/><V127/><F63/><W131/><G58/><T51/><D1/><U119/><E3/><V80/><F2/><N who="3" m="87" /><G7/><T34/><D4/><U120/><E28/><V25/><F68/><W123/><G123/><T10/><D34/><U102/><E56/><V19/><F70/><W49/><G49/><T126/><D51/><U96/><E120/><V89/><F71/><W5/><G5/><T106/><D106/><U14/><E14/><AGARI ba="0,0" hai="14,16,20,57,62,65,129,130,131,132,133" m="87" machi="14" ten="30,2900,0" yaku="19,1,54,1" doraHai="47" who="3" fromWho="1" sc="163,0,144,-29,689,0,4,29" /><INIT seed="7,1,0,0,0,57" ten="163,115,689,33" oya="3" hai0="112,60,113,96,83,12,9,102,49,91,72,114,56" hai1="11,2,119,36,58,106,129,64,40,55,123,85,66" hai2="95,41,14,120,92,43,84,128,88,71,21,63,31" hai3="30,48,25,130,29,61,132,1,53,135,104,74,98"/><W118/><G74/><T70/><D70/><U103/><E123/><V39/><F39/><W69/><G1/><T82/><D49/><U13/><E2/><V22/><F71/><W47/><G118/><T134/><D134/><N who="3" m="51241" /><G130/><T78/><D83/><U15/><E129/><V38/><F14/><W117/><G117/><T44/><D44/><U124/><E119/><V77/><F38/><W18/><G18/><T20/><D20/><U80/><E15/><V97/><F77/><W107/><G98/><T122/><D122/><U75/><E75/><V17/><F84/><W100/><G100/><T52/><D91/><U127/><E103/><V111/><F97/><W105/><G25/><T126/><D126/><N who="1" m="48171" /><E106/><N who="3" m="27138" /><W54/><DORA hai="34" /><G54/><T67/><D102/><U50/><E40/><V19/><F41/><W81/><G81/><T121/><D121/><U7/><E36/><V3/><F43/><W87/><G87/><T23/><D96/><U6/><E6/><V109/><F120/><W73/><G73/><T108/><D72/><U37/><E37/><V45/><F128/><W99/><G99/><T27/><D114/><U0/><E0/><V90/><F3/><W94/><G94/><T33/><D113/><U46/><E85/><V116/><F116/><W89/><G89/><T133/><D112/><U28/><E80/><V62/><F31/><W42/><G42/><T101/><D82/><U110/><E28/><V79/><F79/><W8/><G8/><T24/><D78/><U26/><E11/><V68/><F17/><W125/><G125/><T115/><D115/><U4/><E55/><RYUUKYOKU ba="1,0" sc="163,-10,115,-10,689,-10,33,30" hai3="29,30,47,48,53,61,69" /><INIT seed="7,2,0,1,2,107" ten="153,105,679,63" oya="3" hai0="89,35,18,101,39,32,43,12,46,0,128,1,114" hai1="22,4,99,75,130,33,7,25,122,49,92,124,104" hai2="88,50,115,126,57,94,28,125,120,113,37,21,123" hai3="112,48,69,90,108,53,9,103,58,85,36,91,24"/><W8/><G69/><T110/><D110/><U19/><E122/><N who="2" m="46635" /><F37/><W66/><G36/><T72/><D128/><U67/><E22/><V11/><F11/><W74/><G66/><T41/><D41/><U70/><E92/><V34/><F34/><W14/><G108/><T87/><D72/><U117/><E4/><V60/><F50/><W79/><G112/><T102/><D114/><U27/><E67/><N who="2" m="39311" /><F126/><W111/><G111/><T64/><D64/><U132/><E99/><N who="2" m="57799" /><F125/><W56/><G103/><T76/><D102/><U29/><E124/><V109/><F109/><W84/><G58/><T31/><D35/><U116/><E33/><V98/><F98/><W26/><G74/><T127/><D32/><U106/><E75/><V95/><F95/><N who="3" m="54727" /><G79/><T81/><D76/><U86/><E106/><V15/><F15/><W23/><G14/><T65/><D65/><U59/><E104/><V83/><F83/><N who="3" m="49599" /><G24/><AGARI ba="2,0" hai="21,24,28,113,115" m="57799,39311,46635" machi="24" ten="30,2000,0" yaku="13,1,54,1" doraHai="107" who="2" fromWho="3" sc="153,0,105,0,679,26,63,-26" owari="153,-4.7,105,-29.5,705,80.5,37,-46.3" /></mjloggm>