<mjloggm ver="2.3"><GO type="169" lobby="0"/><UN n0="%E9%AB%98%E6%A9%8B%E8%89%AF%E5%A4%AA" n1="%48%69%62%69%6B%69" n2="%E6%96%B9%E5%86%86%E8%87%AA%E5%9C%A8" n3="%73%65%69%67%65%6E" dan="16,16,17,16" rate="2127.38,2107.62,2172.48,2052.49" sx="M,F,M,M"/><TAIKYOKU oya="0"/><INIT seed="0,0,0,3,1,100" ten="250,250,250,250" oya="0" hai0="84,64,112,77,135,115,107,52,62,42,130,90,22" hai1="129,4,97,69,82,125,132,122,2,39,19,56,117" hai2="51,48,76,46,83,25,93,113,21,87,32,12,0" hai3="60,123,116,3,20,120,105,88,6,53,43,11,9"/><T59/><D130/><U30/><E69/><V128/><F0/><W8/><G116/><T78/><D135/><U68/><E68/><V109/><F128/><W79/><G79/><T13/><D42/><U63/><E39/><V114/><F32/><W14/><G43/><T102/><D78/><U28/><E117/><V94/><F109/><W75/><G75/><T5/><D77/><U26/><E132/><V65/><F65/><W110/><G110/><T101/><D101/><U71/><E71/><V92/><F12/><W34/><G34/><T15/><D64/><U103/><E122/><N who="3" m="46634" /><G105/><T47/><D47/><U108/><E108/><V54/><REACH who="2" step="1"/><F51/><REACH who="2" ten="250,250,240,250" step="2"/><W33/><G33/><T17/><D13/><U18/><E2/><V80/><F80/><W58/><G3/><T55/><D5/><U23/><E4/><V131/><F131/><W38/><G38/><T7/><D7/><U36/><E82/><V118/><F118/><W61/><G61/><T49/><D49/><U67/><E36/><V57/><F57/><W121/><G121/><T119/><D119/><U35/><E129/><V74/><F74/><W81/><G20/><T85/><D115/><U73/><E73/><V27/><F27/><W96/><G81/><N who="0" m="49423" /><D112/><U99/><E35/><V16/><AGARI ba="0,1" hai="16,21,25,46,48,54,76,83,87,92,93,94,113,114" machi="16" ten="30,4000,0" yaku="1,1,0,1,54,1,53,0" doraHai="100" doraHaiUra="104" who="2" fromWho="2" sc="250,-20,250,-10,240,50,250,-10" /><INIT seed="1,0,0,0,2,95" ten="230,240,290,240" oya="1" hai0="106,129,77,49,42,110,82,8,93,75,29,123,133" hai1="39,130,11,73,84,126,2,83,7,116,97,122,98" hai2="118,76,17,89,9,111,41,87,43,65,59,70,124" hai3="104,52,58,80,63,101,78,108,35,46,18,115,132"/><U55/><E122/><V69/><F118/><W24/><G115/><T74/><D106/><U109/><E116/><V64/><F76/><W21/><G108/><T48/><D110/><U94/><E109/><V25/><F111/><W13/><G132/><T100/><D133/><U28/><E126/><V127/><F25/><W1/><G1/><T56/><D129/><U96/><E130/><V38/><F9/><W4/><G46/><T72/><D123/><U71/><E71/><V44/><F17/><W27/><G35/><T79/><D79/><U47/><E28/><V36/><F87/><W14/><G4/><T45/><D29/><U91/><E73/><V107/><F89/><W20/><G101/><T81/><D81/><U51/><REACH who="1" step="1"/><E39/><REACH who="1" ten="230,230,290,240" step="2"/><V15/><F69/><W117/><G117/><T128/><D128/><U105/><E105/><V6/><F107/><W68/><G68/><T61/><D75/><U90/><AGARI ba="0,1" hai="2,7,11,47,51,55,83,84,90,91,94,96,97,98" machi="90" ten="20,18000,2" yaku="1,1,0,1,7,1,52,3,53,1" doraHai="95" doraHaiUra="3" who="1" fromWho="1" sc="230,-60,230,190,290,-60,240,-60" /><INIT seed="1,1,0,0,0,46" ten="170,420,230,180" oya="1" hai0="109,39,59,4,93,50,79,52,132,28,128,100,110" hai1="7,35,22,43,123,112,13,83,89,8,78,44,20" hai2="61,104,36,15,77,30,49,81,18,115,26,55,14" hai3="120,34,103,80,96,97,86,76,33,75,74,92,116"/><U88/><E123/><V90/><F36/><W66/><G66/><T41/><D4/><U114/><E35/><V64/><F104/><W48/><G120/><T17/><D28/><U57/><E114/><V126/><F90/><W63/><G63/><T21/><D79/><U106/><E106/><V130/><F126/><W133/><G33/><T87/><D128/><U45/><E112/><V42/><F42/><W85/><G34/><T84/><D39/><U56/><E45/><V91/><F91/><W40/><G133/><T5/><D5/><U31/><E57/><V12/><F30/><W121/><G121/><T60/><D41/><U73/><E56/><V94/><F94/><W122/><G122/><T68/><D132/><U125/><E125/><V99/><F99/><W24/><G24/><T72/><D72/><U3/><E22/><V71/><F130/><W29/><G29/><T16/><D17/><N who="1" m="10287" /><E31/><V47/><F115/><W108/><G116/><T70/><D70/><U124/><E124/><V119/><F119/><W82/><G97/><N who="0" m="59439" /><D60/><U101/><E101/><V27/><REACH who="2" step="1"/><F18/><REACH who="2" ten="170,420,220,180" step="2"/><W98/><G98/><T111/><D68/><U9/><E89/><V53/><F53/><W23/><G96/><T117/><D117/><U32/><E88/><V67/><F67/><W102/><G103/><T65/><D65/><U135/><E32/><V131/><F131/><W95/><G102/><T113/><D113/><U25/><E135/><V69/><F69/><W127/><G127/><T10/><D10/><U118/><E9/><V105/><F105/><W54/><G40/><T2/><D2/><RYUUKYOKU ba="1,1" sc="170,15,420,-15,220,15,180,-15" hai0="16,21,50,52,59,84,87,109,110,111" hai2="12,14,15,26,27,47,49,55,61,64,71,77,81" /><INIT seed="2,2,1,2,1,120" ten="185,405,235,165" oya="2" hai0="95,34,130,32,83,21,82,101,112,27,25,93,63" hai1="105,113,1,43,59,0,104,39,29,133,60,23,94" hai2="87,51,57,97,20,46,70,98,74,132,40,106,2" hai3="81,53,62,108,9,64,134,12,61,84,11,115,38"/><V17/><F74/><W10/><G38/><T42/><D130/><U110/><E113/><V125/><F70/><W100/><G115/><T68/><D112/><U99/><E133/><V103/><F132/><W45/><G134/><T33/><D42/><U6/><E104/><V116/><F2/><W26/><G100/><T75/><D75/><U91/><E105/><V107/><F116/><W128/><G128/><T28/><D25/><U7/><E0/><V73/><F73/><W4/><G26/><T76/><D76/><U67/><E1/><V92/><F125/><W127/><G127/><T13/><D13/><U126/><E126/><V71/><F71/><W135/><G135/><T35/><N who="0" m="8192" /><DORA hai="85" /><T65/><D95/><U86/><E43/><V41/><F41/><W5/><G12/><T102/><D101/><U15/><E39/><V109/><F98/><W55/><G4/><T48/><D48/><U114/><E99/><V79/><F57/><W24/><G5/><T77/><D77/><U49/><E49/><V69/><F69/><W78/><G62/><T36/><D36/><U119/><E6/><V90/><F79/><W124/><G124/><T37/><D37/><U18/><E7/><V129/><F129/><W131/><G131/><T8/><D8/><U121/><E119/><V118/><F118/><W3/><G3/><T14/><D14/><U16/><E15/><N who="2" m="9279" /><F107/><W111/><G24/><T47/><D47/><U88/><E114/><V52/><F40/><W58/><G45/><T96/><AGARI ba="2,1" hai="21,27,28,63,65,68,82,83,93,96,102" m="8192" machi="96" ten="60,2000,0" yaku="0,1" doraHai="120,85" who="0" fromWho="0" sc="185,36,405,-7,235,-12,165,-7" /><INIT seed="3,0,0,1,2,41" ten="221,398,223,158" oya="3" hai0="57,97,71,62,93,6,129,67,70,2,26,28,51" hai1="8,118,3,35,50,120,30,87,123,104,85,17,107" hai2="21,68,39,1,23,73,18,126,98,29,58,61,42" hai3="25,46,75,47,96,78,12,74,119,0,44,109,122"/><W88/><G119/><T69/><D129/><U108/><E118/><V37/><F73/><W116/><G116/><T101/><D6/><U134/><E108/><V33/><F33/><W94/><G122/><T77/><D77/><U135/><E30/><V100/><F1/><W81/><G0/><T131/><D2/><U48/><E3/><V43/><F68/><W66/><G109/><T34/><REACH who="0" step="1"/><D131/><REACH who="0" ten="211,398,223,158" step="2"/><U65/><E123/><V7/><F7/><W14/><G74/><T72/><D72/><U13/><E120/><V59/><F126/><W49/><G66/><T86/><D86/><U55/><E65/><V76/><F76/><W125/><G125/><T115/><D115/><U52/><E87/><V133/><F133/><W4/><G4/><T83/><D83/><U106/><E85/><V20/><F18/><W102/><G49/><AGARI ba="0,1" hai="26,28,34,49,51,57,62,67,69,70,71,93,97,101" machi="49" ten="40,1300,0" yaku="1,1,53,0" doraHai="41" doraHaiUra="15" who="0" fromWho="3" sc="211,23,398,0,223,0,158,-13" /><INIT seed="4,0,0,2,3,34" ten="234,398,223,145" oya="0" hai0="39,97,10,72,83,11,134,68,56,85,118,15,31" hai1="132,6,77,22,33,81,107,43,38,41,7,64,53" hai2="50,103,55,26,100,27,130,84,35,91,117,76,21" hai3="127,45,65,44,0,60,79,110,78,42,106,120,104"/><T18/><D68/><U71/><E107/><V102/><F130/><W49/><G110/><T93/><D118/><U28/><E33/><V3/><F117/><W20/><G127/><T92/><D39/><U36/><E132/><V54/><F76/><W66/><G20/><T19/><D72/><U30/><E53/><V32/><F3/><W122/><G49/><T74/><D74/><U94/><E94/><V8/><F8/><W57/><G57/><T75/><D75/><U23/><E81/><V90/><F103/><W47/><G47/><T109/><D134/><U89/><E89/><V17/><F21/><W124/><G124/><T58/><D31/><U121/><E77/><V116/><F17/><W80/><G80/><T87/><D109/><U5/><E64/><V131/><F116/><W95/><G95/><T86/><D83/><U101/><E101/><V24/><F24/><W13/><G13/><N who="0" m="7479" /><D93/><U123/><E5/><V52/><F54/><W51/><G51/><T1/><D1/><U119/><E119/><V133/><F50/><W88/><G88/><AGARI ba="0,0" hai="11,15,19,56,58,85,86,87,88,92,97" m="7479" machi="88" ten="30,2900,0" yaku="8,1,54,1" doraHai="34" who="0" fromWho="3" sc="234,29,398,0,223,0,145,-29" /><INIT seed="4,1,0,1,5,120" ten="263,398,223,116" oya="0" hai0="119,44,84,68,123,50,0,37,105,100,75,110,3" hai1="108,60,1,131,118,87,26,96,106,97,62,48,12" hai2="107,91,23,53,74,86,116,64,38,28,46,94,15" hai3="33,57,66,89,79,125,98,31,132,76,21,70,17"/><T82/><D123/><U71/><E1/><V47/><F116/><W49/><G125/><T20/><D119/><U115/><E118/><V130/><F107/><W65/><G132/><T35/><D35/><U59/><E131/><V61/><F74/><W111/><G31/><T39/><D75/><U112/><E12/><V11/><F130/><W63/><G33/><T52/><D68/><U25/><E87/><V69/><F53/><W22/><G22/><T113/><D113/><U27/><E48/><V54/><F54/><W129/><G129/><T40/><D37/><U81/><E81/><V9/><F9/><W41/><G111/><T133/><D133/><U42/><E108/><V126/><F126/><W85/><G98/><N who="1" m="37994" /><E42/><V121/><F38/><W78/><G70/><T77/><D110/><U7/><E106/><V67/><F67/><W73/><G73/><T93/><D105/><U43/><E43/><V128/><F121/><W109/><G109/><T32/><D32/><U90/><E90/><V6/><F128/><W55/><G41/><T127/><D127/><U5/><E59/><V14/><F14/><N who="3" m="9399" /><G63/><N who="1" m="24106" /><E71/><V58/><F69/><W51/><G51/><T122/><D122/><U72/><E72/><V45/><F23/><W92/><AGARI ba="1,0" hai="49,55,57,65,66,76,78,79,85,89,92" m="9399" machi="92" ten="30,2000,0" yaku="25,1,8,1" doraHai="120" who="3" fromWho="3" sc="263,-11,398,-6,223,-6,116,23" /><INIT seed="5,0,0,0,0,109" ten="252,392,217,139" oya="1" hai0="9,55,87,130,45,122,113,97,90,135,98,64,68" hai1="19,75,125,69,60,65,132,129,91,53,104,63,41" hai2="35,95,44,33,111,0,112,85,73,80,28,133,127" hai3="29,30,110,1,96,5,54,114,78,14,88,3,102"/><U134/><E75/><V57/><F95/><W116/><G110/><T72/><D72/><U62/><E104/><V26/><F57/><W17/><G116/><T101/><D101/><U82/><E19/><V43/><F44/><W23/><G78/><T21/><D130/><U117/><E129/><V59/><F43/><W124/><G124/><T4/><D21/><U100/><E100/><V20/><F59/><W74/><G74/><T22/><D22/><U24/><E24/><V10/><F85/><W126/><G126/><T108/><D108/><U77/><E125/><V105/><F80/><W70/><G70/><T58/><D68/><U71/><E77/><V81/><F20/><W92/><G54/><T93/><D122/><U79/><E79/><V51/><F81/><W120/><G120/><T2/><D45/><U52/><E91/><V50/><F0/><W118/><G118/><T121/><D64/><N who="1" m="41095" /><E82/><V6/><F35/><W86/><G1/><T106/><D106/><U7/><E7/><V18/><F33/><W42/><G42/><T67/><D121/><U119/><E41/><V38/><F105/><W103/><G103/><T89/><D4/><U36/><E36/><V25/><F73/><W99/><G5/><T34/><D34/><U31/><E31/><N who="3" m="11786" /><G3/><T11/><D2/><U123/><E123/><V16/><F6/><W94/><G86/><T12/><D87/><U46/><E119/><V47/><F127/><W61/><G61/><T13/><D90/><U8/><E117/><V56/><F111/><W131/><G131/><T107/><D107/><U48/><E71/><RYUUKYOKU ba="0,0" sc="252,-10,392,-10,217,-10,139,30" hai3="14,17,23,88,92,94,96,99,102,114" /><INIT seed="6,1,0,3,5,113" ten="242,382,207,169" oya="2" hai0="121,49,7,5,34,107,108,47,6,132,61,44,115" hai1="23,102,76,84,93,24,123,42,2,67,39,59,43" hai2="16,95,64,104,35,74,128,65,26,96,51,85,13" hai3="21,54,56,117,60,72,134,3,127,25,46,66,103"/><V1/><F1/><W75/><G3/><T130/><D108/><U98/><E2/><V78/><F74/><W83/><G134/><T11/><D107/><U129/><E39/><V36/><F36/><W33/><G33/><T109/><D109/><U53/><E129/><V124/><F124/><W126/><G103/><T41/><D34/><U87/><E67/><V120/><F120/><W50/><G117/><T99/><D121/><U32/><E32/><V94/><F104/><W100/><G100/><T37/><D99/><U0/><E0/><V57/><F26/><W119/><G119/><T63/><D11/><U114/><E114/><V79/><F95/><W106/><G106/><T90/><D90/><U55/><E55/><N who="2" m="31999" /><F128/><W81/><G75/><T8/><D115/><U80/><E87/><V111/><F111/><W118/><G118/><T73/><D130/><U4/><E4/><V38/><F38/><W88/><G72/><T15/><D73/><U40/><E123/><V19/><F19/><W86/><REACH who="3" step="1"/><G81/><REACH who="3" ten="242,382,207,159" step="2"/><T82/><D82/><U70/><E80/><N who="2" m="47255" /><F35/><W135/><G135/><T122/><D122/><U30/><E102/><N who="2" m="60695" /><F79/><W14/><G14/><T27/><D132/><U28/><E76/><V58/><F58/><W89/><G89/><T101/><D101/><U112/><E59/><V68/><F68/><W45/><G45/><T91/><D91/><U77/><E70/><V97/><F97/><W48/><G48/><T62/><REACH who="0" step="1"/><D27/><REACH who="0" ten="232,382,207,159" step="2"/><U17/><E24/><V110/><F110/><W69/><G69/><T125/><D125/><U10/><E112/><V131/><F131/><RYUUKYOKU ba="1,2" sc="232,10,382,-30,207,10,159,10" hai0="5,6,7,8,15,37,41,44,47,49,61,62,63" hai2="13,16,64,65" hai3="21,25,46,50,54,56,60,66,83,86,88,126,127" /><INIT seed="6,2,2,1,1,96" ten="242,352,217,169" oya="2" hai0="111,24,134,56,88,90,65,52,39,35,10,121,44" hai1="38,37,92,105,133,17,99,22,66,82,30,25,64" hai2="67,14,85,126,73,74,131,33,31,119,83,71,120" hai3="104,80,36,89,59,127,108,69,45,128,118,43,20"/><V72/><F119/><W132/><G108/><T110/><D121/><U41/><E105/><V75/><F120/><W107/><G118/><T7/><D65/><U23/><E133/><V34/><F75/><W28/><G69/><T8/><D134/><U15/><E38/><V76/><F126/><W115/><G132/><T123/><D123/><U46/><E82/><V113/><F131/><W1/><G1/><T60/><D8/><U101/><AGARI ba="2,2" hai="15,17,22,23,25,30,37,41,46,64,66,92,99,101" machi="101" ten="20,2700,0" yaku="0,1,7,1,52,1" doraHai="96" who="1" fromWho="1" sc="242,-9,352,53,217,-15,169,-9" /><INIT seed="7,0,0,3,4,87" ten="233,405,202,160" oya="3" hai0="93,25,77,24,75,101,108,59,38,42,66,84,26" hai1="56,110,126,134,43,51,44,57,83,11,49,53,54" hai2="21,23,55,112,2,1,88,130,103,41,45,113,98" hai3="89,19,60,22,105,132,34,9,10,68,135,14,15"/><W33/><G105/><T74/><D108/><U58/><E110/><V127/><F55/><W92/><G68/><T107/><D107/><U124/><E83/><V121/><F103/><W63/><G22/><N who="2" m="8201" /><F130/><W99/><G60/><T50/><D38/><N who="1" m="21623" /><E11/><V6/><F6/><W90/><G63/><T119/><D119/><U82/><E134/><N who="3" m="51242" /><G90/><N who="0" m="53447" /><D75/><U95/><E82/><V117/><F127/><N who="1" m="48681" /><E95/><N who="2" m="56679" /><F117/><W5/><AGARI ba="0,0" hai="5,9,10,14,15,19,33,34,89,92,99" m="51242" machi="5" ten="30,3000,0" yaku="20,1,52,1" doraHai="87" who="3" fromWho="3" sc="233,-10,405,-10,202,-10,160,30" /><INIT seed="7,1,0,3,4,0" ten="223,395,192,190" oya="3" hai0="88,99,128,29,62,123,14,54,15,83,53,13,49" hai1="17,6,132,95,77,46,51,79,11,50,75,73,36" hai2="80,5,65,4,129,98,22,100,9,37,119,27,33" hai3="57,127,85,104,16,94,8,120,66,97,82,31,25"/><W70/><G127/><T124/><D123/><U102/><E132/><V126/><F119/><W109/><G120/><T52/><D124/><U118/><E118/><V19/><F126/><W93/><G70/><T101/><D128/><U43/><E75/><V34/><F37/><W71/><G71/><T35/><D35/><U60/><E73/><V90/><F129/><W133/><G133/><T125/><D125/><U61/><E36/><V32/><F65/><W64/><G104/><T106/><D62/><N who="1" m="24171" /><E6/><V78/><F90/><W116/><G57/><T1/><D1/><U48/><E43/><V91/><F91/><N who="3" m="51639" /><G109/><T3/><D3/><U111/><E46/><V68/><F9/><W26/><G116/><T81/><D29/><U74/><E74/><V84/><REACH who="2" step="1"/><F68/><REACH who="2" ten="223,395,182,190" step="2"/><W105/><G105/><AGARI ba="1,1" hai="4,5,19,22,27,32,33,34,78,80,84,98,100,105" machi="105" ten="40,8000,1" yaku="1,1,2,1,52,2,53,0" doraHai="0" doraHaiUra="112" who="2" fromWho="3" sc="223,0,395,0,182,93,190,-83" owari="223,-17.7,395,49.5,275,7.5,107,-39.3" /></mjloggm>