<mjloggm ver="2.3"><GO type="169" lobby="0"/><UN n0="%E2%98%86%E5%AD%AB%E7%87%95%E5%A7%BF%E2%98%86" n1="%E9%9B%B2%E3%81%AE%E3%83%95%E3%83%89%E3%82%A6" n2="%E6%A1%9C%E5%B0%8F%E8%B7%AF%E6%89%8D%E8%8F%AF" n3="%28%E9%83%A8%E9%95%B7%29" dan="17,16,16,16" rate="2264.20,2089.46,2178.74,2112.45" sx="M,M,M,M"/><TAIKYOKU oya="0"/><INIT seed="0,0,0,3,1,110" ten="250,250,250,250" oya="0" hai0="82,128,17,81,134,76,21,62,5,69,99,84,112" hai1="33,37,131,116,109,38,125,3,57,63,4,115,121" hai2="117,94,43,90,79,96,80,30,24,53,66,104,8" hai3="52,113,135,132,16,100,118,83,36,77,68,15,6"/><T56/><D128/><U50/><RYUUKYOKU type="yao9" ba="0,0" sc="250,0,250,0,250,0,250,0" hai1="3,4,33,37,38,50,57,63,109,115,116,121,125,131" /><INIT seed="0,1,0,5,0,12" ten="250,250,250,250" oya="0" hai0="92,114,72,2,54,33,91,48,13,58,95,122,6" hai1="105,71,130,97,112,66,115,108,101,111,21,14,32" hai2="104,35,19,64,8,117,84,94,22,65,110,120,60" hai3="30,124,123,28,41,83,16,26,38,46,5,0,17"/><T45/><D114/><N who="1" m="43563" /><E32/><V96/><F120/><W131/><G124/><T42/><D122/><U27/><E14/><V49/><F35/><W68/><G123/><T87/><D33/><U85/><E85/><V81/><F104/><W23/><G68/><T98/><D72/><U40/><E40/><V129/><F110/><N who="1" m="42025" /><E130/><V11/><F129/><W37/><G131/><T10/><D2/><U113/><N who="1" m="43571" /><U106/><DORA hai="103" /><E66/><V86/><F117/><W89/><G37/><T80/><REACH who="0" step="1"/><D98/><REACH who="0" ten="240,250,250,250" step="2"/><U67/><E67/><V59/><F65/><W29/><G0/><T126/><D126/><U25/><E71/><V44/><F96/><W52/><G5/><T109/><D109/><U57/><E57/><V62/><F59/><W90/><G83/><T134/><D134/><U3/><E3/><V63/><F64/><W75/><G75/><T107/><D107/><N who="1" m="63919" /><E27/><V116/><F81/><W34/><G34/><T78/><D78/><U88/><E88/><V20/><F116/><W50/><G89/><T76/><D76/><U99/><E99/><V79/><F79/><W1/><G90/><T7/><D7/><U69/><E69/><V100/><F86/><W9/><G1/><T31/><D31/><AGARI ba="1,1" hai="21,25,31,105,106" m="63919,42025,43571" machi="31" ten="40,8000,1" yaku="11,1,14,1,52,3" doraHai="12,103" who="1" fromWho="0" sc="240,-83,250,93,250,0,250,0" /><INIT seed="1,0,0,3,4,10" ten="157,343,250,250" oya="1" hai0="35,19,21,62,121,104,126,29,41,1,40,7,12" hai1="88,97,56,134,22,55,135,25,94,64,69,117,33" hai2="93,53,78,72,107,120,83,26,18,106,48,79,92" hai3="23,105,102,100,13,54,51,128,96,31,90,75,34"/><U118/><E33/><V130/><F120/><W28/><G75/><T70/><D104/><U98/><E98/><V36/><F36/><W32/><G128/><T113/><D113/><U108/><E64/><V91/><F130/><W111/><G111/><T39/><D126/><U47/><E47/><V89/><F79/><W20/><G90/><T4/><D121/><U58/><E69/><V16/><F26/><W49/><G96/><T8/><D7/><U81/><E81/><V73/><F73/><W85/><G85/><T123/><D39/><U68/><E68/><V87/><F107/><W114/><G105/><T77/><D77/><U24/><E108/><V50/><F106/><W0/><G0/><T61/><D123/><U129/><E129/><V115/><F50/><W86/><G86/><T42/><REACH who="0" step="1"/><D70/><REACH who="0" ten="147,343,250,250" step="2"/><U63/><E117/><V15/><F115/><W82/><G114/><T95/><D95/><U109/><E118/><V3/><F3/><W65/><G82/><T6/><D6/><U112/><E109/><V103/><F78/><W60/><G32/><T17/><D17/><N who="1" m="12367" /><E112/><V45/><F18/><W14/><G34/><T101/><D101/><U44/><E44/><V71/><F71/><W80/><G80/><T84/><D84/><U124/><E124/><V110/><F110/><W132/><G100/><T46/><D46/><U57/><E57/><V133/><F72/><W30/><G102/><T66/><D66/><U37/><E58/><V127/><F127/><W59/><G65/><T43/><N who="0" m="10240" /><DORA hai="119" /><T67/><D67/><U74/><E74/><V38/><F103/><RYUUKYOKU ba="0,1" sc="147,30,343,-10,250,-10,250,-10" hai0="1,4,8,12,19,21,29,35,61,62" /><INIT seed="2,1,1,5,3,41" ten="177,333,240,240" oya="2" hai0="75,54,3,55,134,85,58,114,131,49,105,120,57" hai1="76,96,60,29,121,17,95,81,51,47,129,88,79" hai2="44,87,107,83,18,106,23,90,100,74,36,101,84" hai3="109,73,93,72,62,25,71,52,10,92,66,108,80"/><V69/><F69/><W68/><G68/><T1/><D120/><U118/><E118/><V82/><F74/><W91/><G93/><T65/><D75/><U116/><E116/><V70/><F70/><W103/><G103/><T86/><D105/><U46/><E121/><V37/><F23/><W56/><G10/><T122/><D122/><U133/><E133/><V64/><F18/><W98/><G25/><T42/><D42/><U11/><E29/><V110/><F64/><W35/><G35/><T39/><D65/><U7/><E60/><V40/><F110/><N who="3" m="42603" /><G80/><T63/><D39/><U130/><E17/><V104/><REACH who="2" step="1"/><F37/><REACH who="2" ten="177,333,230,240" step="2"/><W27/><G27/><T9/><D9/><U30/><E11/><V34/><F34/><W113/><G113/><T45/><D114/><U99/><E7/><V5/><F5/><W0/><G0/><T43/><D3/><U24/><E24/><V2/><F2/><W123/><G123/><T94/><D1/><U8/><E8/><V38/><F38/><W26/><G26/><T16/><D16/><U132/><E30/><V128/><F128/><W117/><G117/><T59/><D131/><U15/><E129/><V31/><F31/><W111/><N who="3" m="42611" /><W77/><DORA hai="20" /><G72/><T33/><D33/><U97/><E130/><V28/><F28/><W126/><G73/><T48/><D134/><U53/><E132/><V125/><F125/><W115/><G126/><T14/><D14/><U50/><E15/><V127/><F127/><W78/><G115/><T124/><D124/><U4/><E4/><V89/><AGARI ba="1,2" hai="36,40,44,82,83,84,87,89,90,100,101,104,106,107" machi="89" ten="30,11700,0" yaku="1,1,0,1,9,1,52,1,53,0" doraHai="41,20" doraHaiUra="21,12" who="2" fromWho="2" sc="177,-40,333,-40,230,140,240,-40" /><INIT seed="2,2,0,0,3,99" ten="137,293,370,200" oya="2" hai0="81,105,6,48,26,75,74,126,121,107,5,1,71" hai1="52,23,69,124,25,15,33,83,36,106,27,58,50" hai2="114,42,44,133,84,45,64,94,60,65,78,118,21" hai3="109,123,53,51,96,108,97,73,38,98,101,49,30"/><V132/><F114/><W115/><G38/><T62/><D121/><U134/><E69/><V22/><F118/><W79/><G123/><T72/><D126/><U77/><E36/><V82/><F94/><W76/><G73/><T113/><D113/><U85/><E124/><V70/><F65/><W16/><G115/><T95/><D81/><U43/><E134/><N who="2" m="51819" /><F44/><W10/><G30/><T41/><D26/><U68/><E68/><V7/><F7/><W32/><G32/><T102/><D95/><U91/><E106/><V103/><F103/><W12/><G101/><T24/><D24/><U92/><E33/><V57/><F70/><W88/><G88/><T111/><D111/><N who="3" m="42569" /><G49/><AGARI ba="2,0" hai="21,22,42,45,49,57,60,64,78,82,84" m="51819" machi="49" ten="30,1500,0" yaku="20,1" doraHai="99" who="2" fromWho="3" sc="137,0,293,0,370,21,200,-21" /><INIT seed="2,3,0,5,5,20" ten="137,293,391,179" oya="2" hai0="107,115,38,111,86,93,104,55,91,123,63,67,37" hai1="46,42,36,120,3,10,5,89,106,53,68,130,83" hai2="103,60,24,80,102,70,16,28,77,71,98,35,0" hai3="32,18,100,39,41,50,128,34,118,125,124,81,129"/><V8/><F60/><W121/><G118/><T4/><D115/><U1/><E1/><V82/><F82/><W22/><G121/><T131/><D123/><U84/><E120/><V76/><F77/><W25/><G39/><T23/><D111/><U73/><E130/><N who="3" m="50282" /><G100/><T9/><D131/><U75/><E106/><V45/><F45/><N who="3" m="25903" /><G81/><T119/><D55/><U30/><E68/><V49/><F49/><W52/><G52/><T92/><D119/><U29/><E53/><V2/><F102/><W64/><G64/><T72/><D93/><U59/><E59/><V47/><F47/><W65/><G65/><T6/><D38/><U31/><AGARI ba="3,0" hai="3,5,10,29,30,31,36,42,46,73,75,83,84,89" machi="31" ten="30,1100,0" yaku="0,1" doraHai="20" who="1" fromWho="1" sc="137,-6,293,20,391,-8,179,-6" /><INIT seed="3,0,0,4,0,39" ten="131,313,383,173" oya="3" hai0="135,19,103,109,49,30,80,24,125,108,31,26,73" hai1="114,11,3,124,23,45,56,123,126,132,13,102,32" hai2="29,2,35,97,61,116,47,113,27,57,71,101,67" hai3="33,119,130,83,37,106,122,131,90,55,96,16,60"/><W82/><G119/><T14/><D103/><U64/><E102/><V117/><F113/><W95/><G106/><T91/><D49/><U120/><E45/><V40/><F2/><W28/><G122/><T22/><D91/><U115/><E56/><V34/><F34/><W7/><G7/><T121/><D80/><U105/><E64/><V133/><F57/><N who="3" m="34879" /><G37/><T112/><D73/><U127/><E105/><N who="2" m="63663" /><F133/><W70/><G70/><T93/><D93/><U42/><E42/><V38/><AGARI ba="0,0" hai="27,29,35,38,40,47,61,67,71,116,117" m="63663" machi="38" ten="30,4000,0" yaku="25,1,23,1,52,1" doraHai="39" who="2" fromWho="2" sc="131,-10,313,-10,383,40,173,-20" /><INIT seed="4,0,0,3,3,104" ten="121,303,423,153" oya="0" hai0="98,115,65,53,86,81,91,39,4,63,130,61,18" hai1="85,33,42,21,31,27,29,105,1,124,132,56,131" hai2="108,15,118,55,75,34,133,57,68,134,47,43,100" hai3="113,37,38,62,135,123,128,73,30,106,44,101,110"/><T126/><D130/><U129/><E105/><V99/><F34/><W11/><G30/><T59/><D115/><U35/><E85/><V8/><F68/><W46/><G11/><T80/><D126/><U6/><E42/><V54/><F108/><W82/><G101/><T52/><D39/><U102/><E102/><V90/><F90/><W79/><G106/><T114/><D114/><U41/><E56/><V92/><F75/><W5/><G5/><T93/><D4/><U19/><E41/><V107/><F107/><W119/><G110/><T77/><D63/><U28/><E124/><V67/><F67/><W72/><G119/><T127/><D127/><U24/><E132/><N who="2" m="50795" /><F57/><W112/><G135/><T64/><D53/><U121/><E121/><V117/><F117/><W2/><G123/><T13/><REACH who="0" step="1"/><D81/><REACH who="0" ten="111,303,423,153" step="2"/><U109/><E109/><V96/><F118/><W122/><G62/><T16/><D16/><U60/><E60/><V66/><F66/><W116/><G82/><T12/><D12/><N who="1" m="9447" /><E29/><V14/><F14/><W51/><G116/><T0/><D0/><U83/><E83/><V97/><F55/><W120/><G2/><T49/><D49/><U50/><E50/><N who="2" m="27007" /><F54/><W76/><G51/><T20/><AGARI ba="0,1" hai="13,18,20,52,59,61,64,65,77,80,86,91,93,98" machi="20" ten="20,18000,2" yaku="1,1,0,1,7,1,8,1,54,1,53,1" doraHai="104" doraHaiUra="84" who="0" fromWho="0" sc="111,190,303,-60,423,-60,153,-60" /><INIT seed="4,1,0,0,3,55" ten="301,243,363,93" oya="0" hai0="35,16,34,118,26,110,132,70,31,77,127,73,47" hai1="99,60,83,7,46,59,107,36,23,19,72,109,2" hai2="41,88,39,24,53,76,37,117,87,61,25,86,58" hai3="119,101,120,69,13,18,105,134,71,82,85,30,90"/><T111/><D118/><U130/><E109/><N who="0" m="41481" /><D70/><U100/><E130/><V48/><F117/><W33/><G119/><T102/><D102/><U108/><E108/><V106/><F106/><W43/><G134/><T67/><D67/><U81/><E72/><V64/><F76/><W50/><G120/><T78/><D73/><U66/><E7/><V129/><F129/><W98/><G30/><T103/><D103/><U4/><E4/><V9/><F9/><W8/><G33/><T14/><D35/><U22/><E2/><V52/><F87/><W51/><G51/><T28/><D31/><U44/><E23/><V12/><F12/><W3/><G3/><T49/><D127/><U21/><E21/><V95/><F53/><W40/><G40/><N who="0" m="24807" /><D132/><U92/><E107/><V65/><F65/><W15/><G15/><T10/><AGARI ba="1,0" hai="10,14,16,26,28,34,77,78" m="24807,41481" machi="10" ten="30,3000,0" yaku="10,1,54,1" doraHai="55" who="0" fromWho="0" sc="301,33,243,-11,363,-11,93,-11" /><INIT seed="4,2,0,1,2,60" ten="334,232,352,82" oya="0" hai0="28,39,21,124,89,86,49,92,129,69,120,88,13" hai1="99,106,62,104,14,53,44,134,50,68,54,41,42" hai2="12,128,25,59,98,100,70,78,117,96,29,57,47" hai3="51,19,109,0,34,113,94,130,65,72,125,31,97"/><T110/><D39/><U122/><E122/><V91/><F70/><W114/><G72/><T9/><D120/><U119/><E119/><V74/><F117/><W4/><G109/><T8/><D69/><U127/><E134/><V95/><F128/><W6/><G130/><T105/><D129/><U32/><E32/><V35/><F12/><W75/><G75/><T27/><D124/><U132/><E132/><V48/><F78/><W11/><G125/><T43/><D105/><U108/><E108/><V18/><F18/><W2/><G19/><T135/><D135/><U118/><E118/><V121/><F74/><W101/><G51/><T82/><D110/><U80/><E80/><V16/><F16/><W26/><REACH who="3" step="1"/><G65/><REACH who="3" ten="334,232,352,72" step="2"/><T90/><D49/><U33/><E50/><V36/><F121/><W102/><G102/><T77/><D43/><U107/><E42/><V103/><F103/><W64/><G64/><T20/><D20/><U38/><E41/><V112/><F36/><W46/><G46/><T3/><D9/><AGARI ba="2,1" hai="0,2,4,6,9,11,26,31,34,94,97,101,113,114" machi="9" ten="40,8000,1" yaku="1,1,9,1,53,2" doraHai="60" doraHaiUra="7" who="3" fromWho="0" sc="334,-86,232,0,352,0,72,96" /><INIT seed="5,0,0,4,1,62" ten="248,232,352,168" oya="1" hai0="126,2,127,33,1,107,39,91,83,97,6,110,117" hai1="45,59,76,100,77,86,69,114,101,41,78,90,7" hai2="53,122,121,17,60,16,108,112,10,92,22,50,37" hai3="8,125,23,85,61,133,88,103,32,27,93,51,98"/><U130/><E69/><V80/><F37/><W14/><G125/><N who="0" m="47627" /><D110/><U43/><E114/><V70/><F108/><W82/><G133/><T11/><D117/><U0/><E130/><V54/><F112/><W3/><G3/><T20/><D33/><U48/><E43/><V29/><F29/><W28/><G51/><T87/><D39/><U113/><E113/><V95/><F80/><W25/><G61/><T72/><D72/><U57/><E7/><V19/><F10/><W73/><G73/><T26/><D2/><U68/><E68/><V15/><F121/><W47/><G47/><T128/><D128/><U52/><E0/><V115/><F122/><W111/><G111/><T67/><D67/><U5/><E5/><V132/><F132/><W40/><G40/><T13/><D13/><U79/><N who="1" m="19456" /><DORA hai="116" /><U118/><E118/><V42/><F42/><W109/><G109/><T124/><D124/><U123/><E123/><V66/><F53/><W99/><G99/><T18/><D97/><U65/><E65/><V44/><REACH who="2" step="1"/><F115/><REACH who="2" ten="248,232,342,168" step="2"/><W96/><G96/><T94/><D83/><N who="1" m="49503" /><E41/><V35/><F35/><W81/><G81/><T120/><D120/><U135/><E135/><V64/><F64/><W38/><G38/><T74/><D74/><U75/><E75/><V131/><F131/><W36/><G36/><T119/><D119/><U12/><E12/><V89/><F89/><W129/><G129/><T30/><D30/><U31/><E31/><V102/><F102/><AGARI ba="0,1" hai="45,48,52,57,59,100,101,102" m="49503,19456" machi="102" ten="40,3900,0" yaku="8,1,54,1" doraHai="62,116" who="1" fromWho="2" sc="248,0,232,49,342,-39,168,0" /><INIT seed="5,1,0,5,4,82" ten="248,281,303,168" oya="1" hai0="87,30,0,18,102,35,22,16,89,21,66,5,115" hai1="58,43,6,41,69,8,130,20,96,74,71,127,83" hai2="100,44,113,122,67,126,125,77,54,97,45,52,101" hai3="104,88,39,120,7,72,10,12,56,42,124,108,64"/><U70/><E130/><V61/><F122/><W132/><G108/><T13/><D115/><U34/><E34/><V25/><F77/><W15/><G120/><T63/><D102/><N who="2" m="39530" /><F97/><W103/><G72/><T9/><D35/><U38/><E96/><V105/><F105/><W65/><G103/><T80/><D30/><U95/><E95/><V94/><F94/><W31/><G104/><T37/><D37/><U75/><E20/><V135/><F25/><W123/><G31/><T23/><REACH who="0" step="1"/><D18/><REACH who="0" ten="238,281,303,168" step="2"/><U128/><E38/><V33/><F33/><W92/><G123/><T48/><D48/><U134/><E134/><V98/><F113/><W62/><G132/><T131/><D131/><U1/><E128/><V4/><F135/><W17/><G124/><T68/><AGARI ba="1,1" hai="0,5,9,13,16,21,22,23,63,66,68,80,87,89" machi="68" ten="20,8000,1" yaku="1,1,0,1,7,1,52,1,54,1,53,0" doraHai="82" doraHaiUra="112" who="0" fromWho="0" sc="238,93,281,-41,303,-21,168,-21" /><INIT seed="6,0,0,0,3,79" ten="331,240,282,147" oya="2" hai0="43,41,39,40,117,90,0,47,31,101,97,134,53" hai1="62,56,16,87,121,34,89,93,126,42,85,73,105" hai2="44,96,49,74,19,81,122,55,8,128,80,6,132" hai3="99,52,84,68,113,106,61,98,27,10,3,76,9"/><V133/><F122/><W119/><G119/><T17/><D0/><U94/><E105/><V65/><F128/><W46/><G3/><T28/><D134/><N who="2" m="51818" /><F74/><W72/><G72/><T95/><D117/><U21/><E73/><V23/><F65/><W70/><G106/><T129/><D129/><U50/><E34/><V135/><N who="2" m="51826" /><V75/><DORA hai="51" /><F75/><W5/><G68/><T12/><D101/><U59/><E121/><V102/><F19/><W2/><G70/><T33/><D33/><U35/><E35/><V127/><F23/><W104/><G104/><T22/><D39/><U111/><E111/><V114/><F114/><W36/><G27/><T64/><D64/><U118/><E118/><V71/><F71/><W100/><G100/><T63/><D47/><N who="1" m="25975" /><E126/><V67/><F67/><W66/><G66/><T131/><D131/><U30/><E30/><V58/><F44/><W130/><G130/><T112/><D112/><U11/><E11/><V116/><F127/><W88/><G10/><T123/><D123/><U32/><E32/><V60/><F60/><W115/><G36/><T18/><D17/><U57/><E62/><V15/><F116/><W108/><G108/><T1/><D1/><U25/><E87/><V120/><F120/><W38/><G38/><T86/><D86/><U13/><E25/><V107/><AGARI ba="0,0" hai="6,8,15,49,55,58,80,81,96,102,107" m="51826" machi="107" ten="40,12000,1" yaku="20,1,52,3" doraHai="79,51" who="2" fromWho="2" sc="331,-40,240,-40,282,120,147,-40" /><INIT seed="6,1,0,0,1,114" ten="291,200,402,107" oya="2" hai0="103,99,101,110,117,60,87,102,28,13,10,135,35" hai1="88,26,70,81,27,58,59,131,78,2,128,68,31" hai2="4,32,134,57,19,92,77,83,96,79,34,72,17" hai3="90,109,91,126,53,39,25,21,23,125,56,74,86"/><V62/><F134/><W22/><G74/><T121/><D121/><U38/><E38/><V42/><F4/><W94/><G39/><T44/><D110/><U37/><E37/><V118/><F42/><W130/><G109/><T46/><D35/><U48/><E2/><V7/><F7/><W36/><G36/><T43/><D28/><U41/><E41/><V61/><F118/><W50/><G130/><T84/><D117/><U112/><E112/><V97/><F92/><W54/><G125/><T93/><D60/><U82/><E48/><V120/><F57/><W29/><G126/><T11/><D11/><U85/><E31/><V6/><F6/><W113/><G113/><T33/><D33/><U111/><E111/><V3/><F83/><W127/><G127/><T55/><D43/><U12/><E12/><V132/><F132/><W75/><G75/><T107/><D107/><U89/><E85/><N who="0" m="32841" /><D55/><U98/><REACH who="1" step="1"/><E78/><REACH who="1" ten="291,190,402,107" step="2"/><V47/><F3/><W40/><G40/><T15/><D15/><U116/><E116/><V1/><F1/><W124/><G124/><T133/><D135/><U69/><E69/><V16/><F77/><W30/><G30/><T104/><D133/><U18/><E18/><V73/><F19/><W20/><G29/><T0/><D0/><U9/><E9/><V52/><F79/><W108/><G108/><T95/><D13/><U24/><E24/><V49/><F73/><W67/><G25/><T122/><D10/><U105/><E105/><V5/><F72/><W45/><G50/><T64/><D104/><U123/><E123/><V63/><F120/><RYUUKYOKU ba="1,1" sc="291,-10,190,30,402,-10,107,-10" hai1="26,27,58,59,68,70,81,82,88,89,98,128,131" /><INIT seed="7,2,1,2,0,127" ten="281,220,392,97" oya="3" hai0="32,132,22,84,81,89,73,62,24,56,110,67,11" hai1="41,33,78,64,92,39,29,125,115,1,82,109,105" hai2="27,12,87,16,10,106,108,43,5,48,112,83,21" hai3="71,95,6,66,40,15,18,126,49,54,93,121,119"/><W69/><G119/><T51/><D110/><U0/><E109/><V79/><F108/><W124/><G121/><T31/><D132/><U8/><E92/><N who="3" m="35402" /><G40/><T91/><D73/><N who="1" m="43343" /><E64/><V37/><F106/><W99/><G6/><T34/><D91/><U88/><E88/><V120/><F37/><W111/><G99/><T59/><D11/><U50/><E50/><V3/><F120/><W36/><G36/><T30/><REACH who="0" step="1"/><D31/><REACH who="0" ten="271,220,392,97" step="2"/><U25/><E8/><V63/><F10/><N who="3" m="6519" /><G111/><T2/><D2/><N who="1" m="1131" /><E125/><N who="3" m="48234" /><G66/><T19/><D19/><U129/><E115/><V135/><F112/><W123/><G123/><T128/><D128/><U70/><E129/><V75/><F16/><W26/><G26/><T14/><D14/><U9/><E41/><V58/><F43/><W122/><G122/><T134/><D134/><U107/><E39/><V113/><F113/><W114/><G114/><T47/><D47/><AGARI ba="2,2" hai="47,49,54,69,71" m="48234,6519,35402" machi="47" ten="30,1500,0" yaku="18,1" doraHai="127" who="3" fromWho="0" sc="271,-21,220,0,392,0,97,41" /><INIT seed="7,3,0,3,3,100" ten="250,220,392,138" oya="3" hai0="42,122,60,18,52,96,70,75,45,99,53,55,17" hai1="115,108,132,92,6,37,84,48,40,126,133,22,23" hai2="118,85,7,82,90,73,130,94,128,57,88,49,5" hai3="13,36,83,101,15,12,107,27,129,46,44,2,131"/><W11/><G27/><T25/><D75/><U32/><E32/><V64/><F118/><W71/><G71/><T67/><D122/><U21/><E108/><V72/><F64/><W4/><G83/><T65/><D67/><U8/><E115/><V127/><F127/><W24/><G24/><T117/><D117/><U38/><E126/><V78/><F72/><W19/><G19/><T35/><D18/><U56/><E92/><N who="2" m="54287" /><F57/><W63/><G63/><T105/><D105/><U124/><E84/><N who="2" m="52551" /><F49/><W134/><G134/><N who="1" m="51818" /><E124/><V26/><F26/><W50/><G36/><T59/><D70/><U98/><E98/><V1/><F1/><W20/><G20/><N who="0" m="13455" /><D35/><U95/><E95/><V76/><F76/><W69/><G69/><T113/><D113/><U61/><E48/><AGARI ba="3,0" hai="42,45,48,52,53,55,59,60,65,96,99" m="13455" machi="48" ten="30,2000,0" yaku="8,1,54,1" doraHai="100" who="0" fromWho="1" sc="250,29,220,-29,392,0,138,0" owari="279,7.9,191,-20.9,392,49.2,138,-36.2" /></mjloggm>