<mjloggm ver="2.3"><GO type="169" lobby="0"/><UN n0="%4D%4C%5A%4E%55%2D%53%4B" n1="%4A%4F%4A%4F%31%39%38%35" n2="%E7%AD%89%E3%80%85%E5%8A%9B%E5%8A%87%E5%A0%B4" n3="%E9%95%B7%E5%B2%A1" dan="17,16,16,16" rate="2156.51,2084.91,2151.27,2116.99" sx="M,M,M,M"/><TAIKYOKU oya="0"/><INIT seed="0,0,0,4,2,50" ten="250,250,250,250" oya="0" hai0="105,46,19,90,123,39,118,104,17,69,1,120,95" hai1="58,41,14,99,10,135,18,31,121,110,80,37,111" hai2="28,59,92,78,75,26,67,54,42,49,20,24,98" hai3="119,40,103,70,82,4,53,56,8,29,63,89,73"/><T66/><D1/><U76/><E121/><V16/><F42/><W91/><G119/><T61/><D118/><U81/><E135/><V108/><F108/><W44/><G103/><T33/><D33/><U126/><E126/><V30/><F67/><W9/><G29/><T128/><D128/><U79/><E31/><V68/><F68/><W3/><G9/><T34/><D34/><U100/><E37/><V11/><F11/><W93/><G93/><T52/><D105/><U57/><E41/><V102/><REACH who="2" step="1"/><F26/><REACH who="2" ten="250,250,240,250" step="2"/><W127/><G70/><T133/><D123/><U43/><E43/><V116/><F116/><W88/><G127/><T97/><D120/><U12/><E10/><V84/><F84/><W132/><G132/><T115/><D133/><U38/><E110/><V117/><F117/><W23/><G23/><T32/><D39/><U85/><E38/><V27/><F27/><W71/><G71/><T35/><D32/><U55/><E111/><V6/><F6/><W114/><G114/><T77/><D35/><U130/><E85/><V36/><F36/><W48/><REACH who="3" step="1"/><G73/><REACH who="3" ten="250,250,240,240" step="2"/><T112/><D112/><U60/><E130/><V5/><F5/><W7/><G7/><T13/><D115/><U15/><E18/><V94/><F94/><W51/><G51/><T96/><D69/><U124/><E124/><V0/><F0/><W109/><G109/><T125/><D125/><U45/><E99/><V21/><F21/><W74/><G74/><T86/><D104/><U83/><E83/><AGARI ba="0,2" hai="16,20,24,28,30,49,54,59,75,78,83,92,98,102" machi="83" ten="40,5200,0" yaku="1,1,52,1,54,1,53,0" doraHai="50" doraHaiUra="129" who="2" fromWho="1" sc="250,0,250,-52,240,72,240,0" /><AGARI ba="0,0" hai="3,4,8,40,44,48,53,56,63,82,83,88,89,91" machi="83" ten="40,5200,0" yaku="1,1,52,1,54,1,53,0" doraHai="50" doraHaiUra="129" who="3" fromWho="1" sc="250,0,198,-52,312,0,240,52" /><INIT seed="1,0,0,4,5,112" ten="250,146,312,292" oya="1" hai0="69,28,93,57,71,27,99,132,68,55,24,81,49" hai1="123,25,126,50,119,74,117,5,84,2,9,29,70" hai2="22,80,79,43,16,103,8,101,0,72,95,13,133" hai3="135,125,128,131,51,53,86,134,54,10,105,52,38"/><U122/><E126/><V116/><F133/><N who="3" m="50699" /><G105/><T110/><D132/><U97/><E84/><V98/><F116/><N who="1" m="44617" /><E50/><V120/><F120/><N who="1" m="46121" /><E97/><V15/><F0/><W85/><G38/><T107/><D110/><U92/><E92/><V83/><F80/><W89/><G10/><T26/><D107/><U20/><E70/><V61/><F43/><W40/><G125/><T19/><D81/><U96/><E96/><V108/><F108/><W129/><G89/><T12/><D28/><U115/><E74/><V100/><REACH who="2" step="1"/><F61/><REACH who="2" ten="250,146,302,292" step="2"/><W3/><G3/><T7/><D7/><AGARI ba="0,1" hai="7,8,13,15,16,22,72,79,83,95,98,100,101,103" machi="7" ten="30,7700,0" yaku="1,1,2,1,7,1,54,1,53,0" doraHai="112" doraHaiUra="63" who="2" fromWho="0" sc="250,-77,146,0,302,87,292,0" /><INIT seed="2,0,0,5,2,4" ten="173,146,389,292" oya="2" hai0="98,33,111,0,59,47,97,29,94,85,37,105,75" hai1="96,20,31,38,84,106,67,1,57,77,18,107,101" hai2="27,12,60,119,24,99,65,30,45,52,123,62,5" hai3="7,92,91,86,73,21,112,17,22,116,39,48,11"/><V128/><F119/><W61/><G39/><T14/><D14/><U133/><E133/><V109/><F123/><W129/><G116/><T100/><D59/><U3/><E107/><V122/><F122/><W58/><G129/><T63/><D63/><N who="2" m="24106" /><F128/><W72/><G112/><T36/><D111/><U70/><E57/><V102/><F109/><W113/><G113/><T108/><D97/><U25/><E67/><V90/><F102/><W26/><G22/><T28/><D28/><U34/><E70/><V110/><F110/><W82/><G82/><T125/><D47/><U8/><E38/><V69/><F69/><W66/><REACH who="3" step="1"/><G48/><REACH who="3" ten="173,146,389,282" step="2"/><T87/><D37/><U55/><E34/><V89/><F65/><W132/><G132/><T32/><D33/><U51/><E51/><N who="2" m="28783" /><F30/><W131/><G131/><T79/><D29/><U88/><E31/><V126/><F126/><W83/><G83/><T56/><D36/><U118/><E118/><V35/><F35/><W78/><G78/><T121/><D32/><U46/><E77/><V115/><F115/><W93/><G93/><T42/><D94/><U104/><E104/><V68/><F68/><W103/><G103/><T53/><D100/><U64/><E106/><V40/><F90/><W117/><G117/><T127/><D105/><U130/><E88/><V81/><F81/><W13/><AGARI ba="0,1" hai="7,11,13,17,21,26,58,61,66,72,73,86,91,92" machi="13" ten="20,5200,0" yaku="1,1,0,1,7,1,52,1,53,0" doraHai="4" doraHaiUra="44" who="3" fromWho="3" sc="173,-13,146,-13,389,-26,282,62" /><INIT seed="3,0,0,0,5,21" ten="160,133,363,344" oya="3" hai0="99,9,68,51,121,82,127,116,34,69,100,107,83" hai1="110,19,120,92,97,91,119,22,132,7,88,15,114" hai2="27,3,67,62,115,86,40,65,14,131,32,64,133" hai3="53,35,135,43,87,109,70,63,4,104,72,134,90"/><W25/><G72/><T76/><D83/><U55/><E114/><V123/><F3/><W96/><G43/><T80/><D82/><U103/><E120/><V78/><F115/><W95/><G4/><T36/><D116/><U31/><E110/><V56/><F133/><N who="3" m="50699" /><G109/><T17/><D51/><U125/><E132/><V39/><F131/><W66/><G53/><T77/><D77/><U11/><E125/><V52/><F123/><W84/><G104/><T49/><D36/><U30/><E119/><V29/><F78/><W46/><G46/><T101/><D101/><U1/><E55/><V47/><F86/><W61/><G63/><T48/><D48/><U81/><E81/><V12/><AGARI ba="0,0" hai="12,14,27,29,32,39,40,47,52,56,62,64,65,67" machi="12" ten="30,4000,0" yaku="0,1,52,1,54,1" doraHai="21" who="2" fromWho="2" sc="160,-10,133,-10,363,40,344,-20" /><INIT seed="4,0,0,5,2,34" ten="150,123,403,324" oya="0" hai0="37,39,49,92,43,67,102,77,105,107,78,53,26" hai1="132,54,35,63,122,16,125,58,129,99,93,75,50" hai2="115,11,21,120,18,90,81,9,72,31,22,101,88" hai3="114,3,24,71,61,7,118,32,29,10,124,135,85"/><T56/><D26/><U79/><E122/><V30/><F120/><W73/><G118/><T87/><D67/><U55/><E125/><V33/><F33/><W20/><G124/><T108/><D108/><U89/><E129/><V119/><F101/><W110/><G110/><T51/><D51/><U2/><E132/><V121/><F121/><W15/><G73/><T117/><D117/><U65/><E35/><V28/><F119/><W44/><G114/><T52/><D53/><U95/><E2/><V104/><F104/><W66/><G135/><T70/><D70/><U128/><E128/><V25/><F115/><W103/><G85/><T134/><D134/><U83/><E50/><V4/><F22/><W131/><G131/><T23/><D23/><U116/><E116/><V38/><F38/><W127/><G127/><T126/><D126/><U82/><E82/><V45/><F45/><W94/><G44/><T48/><D48/><U130/><E130/><V6/><F72/><W60/><G61/><T47/><D39/><U80/><E80/><V97/><F81/><W5/><G5/><T84/><D107/><U17/><REACH who="1" step="1"/><E93/><REACH who="1" ten="150,113,403,324" step="2"/><V40/><F40/><W133/><G133/><T112/><D105/><U91/><E91/><V64/><F90/><W96/><REACH who="3" step="1"/><G32/><REACH who="3" ten="150,113,403,314" step="2"/><T113/><D113/><U68/><E68/><V42/><F42/><W69/><G69/><T86/><REACH who="0" step="1"/><D112/><REACH who="0" ten="140,113,403,314" step="2"/><U1/><E1/><AGARI ba="0,3" hai="1,3,7,10,15,20,24,29,60,66,71,94,96,103" machi="1" ten="40,8000,1" yaku="1,1,52,2,53,1" doraHai="34" doraHaiUra="0" who="3" fromWho="1" sc="140,0,113,-80,403,0,314,110" /><INIT seed="5,0,0,1,4,11" ten="140,33,403,424" oya="1" hai0="1,24,35,91,23,100,74,55,4,94,22,13,27" hai1="67,32,40,126,68,101,122,131,104,28,110,56,60" hai2="114,83,133,51,113,19,7,57,109,80,120,115,92" hai3="61,125,118,21,44,37,8,26,106,90,38,43,53"/><U15/><E122/><V73/><F109/><W5/><G125/><T50/><D74/><U70/><E126/><V85/><F120/><W48/><G118/><T45/><D1/><U99/><E110/><V59/><F133/><W75/><G106/><T87/><D35/><U52/><E131/><V123/><F123/><W105/><G105/><T88/><D100/><U103/><E103/><V39/><F39/><W10/><G75/><T0/><D0/><U14/><E40/><V89/><F7/><W9/><G5/><T47/><D47/><U2/><E2/><V108/><F108/><W117/><G117/><T6/><D91/><U41/><E41/><V62/><F73/><W30/><G61/><T18/><D24/><N who="1" m="18439" /><E70/><V25/><F51/><AGARI ba="0,0" hai="14,15,51,52,56,60,67,68,99,101,104" m="18439" machi="51" ten="30,11600,0" yaku="25,1,52,2,54,1" doraHai="11" who="1" fromWho="2" sc="140,0,33,116,403,-116,424,0" /><INIT seed="5,1,0,3,3,76" ten="140,149,287,424" oya="1" hai0="82,49,48,112,28,72,69,87,63,96,12,128,23" hai1="85,132,2,22,65,41,98,42,16,95,123,92,10" hai2="106,124,127,61,75,26,13,108,17,56,54,109,115" hai3="50,46,89,20,9,32,101,3,34,52,24,27,118"/><U74/><E74/><V79/><F106/><W103/><G118/><T57/><D72/><U7/><E123/><V6/><F6/><W70/><G70/><T8/><D69/><U4/><E132/><V119/><F26/><W100/><G3/><T125/><D125/><N who="2" m="48202" /><F119/><W64/><G64/><T126/><D112/><U81/><E65/><V78/><F115/><W122/><G122/><T67/><D128/><U39/><E39/><V107/><F107/><W68/><G68/><T1/><D1/><U73/><E73/><V14/><F14/><W18/><G9/><T30/><D96/><U51/><E4/><V21/><F79/><W97/><G27/><N who="0" m="16511" /><D30/><U93/><E51/><V116/><F116/><W121/><G121/><T129/><D129/><U15/><REACH who="1" step="1"/><E98/><REACH who="1" ten="140,139,287,424" step="2"/><V38/><F38/><W94/><AGARI ba="1,1" hai="18,20,24,32,34,46,50,52,89,94,97,100,101,103" machi="94" ten="30,2000,0" yaku="0,1,54,1" doraHai="76" who="3" fromWho="3" sc="140,-6,139,-11,287,-6,424,33" /><INIT seed="6,0,0,0,0,77" ten="134,128,281,457" oya="2" hai0="80,17,129,47,70,22,48,74,95,115,28,121,10" hai1="0,39,19,94,46,56,4,75,81,57,61,12,54" hai2="118,91,45,42,79,122,127,85,2,135,14,32,26" hai3="7,33,119,63,88,30,64,87,38,120,25,50,109"/><V131/><F2/><W116/><G109/><T21/><D121/><U15/><E0/><V78/><F118/><W92/><G38/><T55/><D70/><U71/><E71/><V93/><F122/><W72/><G120/><T20/><D115/><U9/><E94/><V104/><F104/><W83/><G7/><T13/><D129/><U102/><E102/><V82/><F135/><W44/><G72/><T62/><D95/><U52/><E75/><V66/><F127/><W53/><G92/><T18/><D28/><U36/><E46/><V11/><F131/><W133/><G133/><T27/><D74/><U5/><E81/><V6/><F66/><W103/><G103/><T8/><D8/><U84/><E84/><V16/><F93/><W3/><G3/><T73/><REACH who="0" step="1"/><D62/><REACH who="0" ten="124,128,281,457" step="2"/><U1/><E1/><V124/><F124/><W132/><G132/><T49/><D49/><U43/><E43/><V125/><F125/><W96/><G96/><T134/><D134/><U128/><E128/><V98/><F98/><W100/><G100/><T112/><D112/><U58/><E4/><V68/><F68/><AGARI ba="0,1" hai="25,30,33,44,50,53,63,64,68,83,87,88,116,119" machi="68" ten="30,3900,0" yaku="7,1,52,1,54,1" doraHai="77" who="3" fromWho="2" sc="124,0,128,0,281,-39,457,49" /><INIT seed="7,0,0,1,3,31" ten="124,128,242,506" oya="3" hai0="100,77,135,78,101,99,5,124,83,27,75,9,32" hai1="110,126,7,121,87,105,17,6,106,89,2,15,128" hai2="61,122,103,91,102,64,93,42,1,127,55,29,46" hai3="16,14,104,109,74,54,35,50,10,39,114,117,12"/><W123/><G123/><T51/><D78/><U4/><E121/><V37/><F1/><W34/><G117/><T66/><D101/><U8/><E110/><V68/><F29/><W131/><G39/><T81/><D81/><U56/><E126/><V36/><F36/><W119/><G119/><T118/><D51/><U98/><E128/><V130/><F127/><W18/><G114/><T71/><D118/><U43/><E43/><V72/><F72/><W47/><G131/><T97/><D97/><U73/><E73/><V108/><F108/><W53/><G109/><T76/><D76/><U52/><E2/><V57/><F130/><W24/><G104/><N who="0" m="63519" /><D124/><U62/><REACH who="1" step="1"/><E98/><REACH who="1" ten="124,118,242,506" step="2"/><V134/><F122/><W3/><G3/><N who="0" m="191" /><D135/><U80/><AGARI ba="0,1" hai="4,6,7,8,15,17,52,56,62,80,87,89,105,106" machi="80" ten="30,4000,0" yaku="1,1,0,1,54,1,53,0" doraHai="31" doraHaiUra="94" who="1" fromWho="1" sc="124,-10,118,50,242,-10,506,-20" owari="114,-38.6,168,-23.2,232,3.2,486,58.6" /></mjloggm>