<mjloggm ver="2.3"><GO type="169" lobby="0"/><UN n0="%43%6F%66%66%65%65" n1="%7A%6F%6F%31%39%36%34" n2="%E3%83%8E%E3%82%AA%E3%83%81%E3%83%A3%E3%83%99%E3%82%B9" n3="%43%68%61%72%6F%2E" dan="16,18,16,16" rate="2079.48,2290.91,2153.49,2158.46" sx="F,M,M,M"/><TAIKYOKU oya="0"/><INIT seed="0,0,0,2,0,127" ten="250,250,250,250" oya="0" hai0="44,77,3,86,74,55,93,104,41,99,119,97,111" hai1="7,9,47,8,125,83,18,80,16,118,102,135,87" hai2="112,70,48,13,24,107,62,10,100,52,126,109,89" hai3="37,103,45,90,92,115,66,108,57,69,49,131,91"/><T31/><D119/><U14/><E118/><V121/><F121/><W26/><G115/><T5/><D31/><U122/><E122/><V67/><F126/><W72/><G72/><T20/><D111/><U88/><E125/><V94/><F109/><W2/><G2/><T38/><D55/><U116/><E116/><V101/><F24/><W59/><G59/><T39/><D39/><U1/><E135/><V85/><F107/><W75/><G75/><T33/><D33/><U96/><E47/><V28/><F28/><W25/><G103/><T124/><D124/><U43/><E43/><V120/><F112/><W98/><G90/><T114/><D114/><U27/><E83/><V35/><F35/><W11/><G11/><N who="0" m="2495" /><D104/><U34/><E34/><V84/><F84/><W73/><G73/><T129/><D20/><U50/><E50/><V110/><F110/><W133/><G37/><T21/><D21/><U64/><E64/><V36/><F36/><W61/><G133/><T95/><D86/><U79/><E27/><V113/><F120/><W106/><G106/><T58/><D58/><U71/><E71/><V53/><F53/><W105/><G105/><T23/><D23/><U82/><E18/><V15/><F15/><W54/><G108/><T63/><D63/><U12/><E1/><V56/><REACH who="2" step="1"/><F113/><REACH who="2" ten="250,250,240,250" step="2"/><W81/><G54/><T22/><D38/><U0/><E0/><V4/><AGARI ba="0,1" hai="4,10,13,48,52,56,62,67,70,85,89,94,100,101" machi="4" ten="20,8000,1" yaku="1,1,2,1,0,1,7,1,54,1,53,0" doraHai="127" doraHaiUra="78" who="2" fromWho="2" sc="250,-40,250,-20,240,90,250,-20" /><INIT seed="1,0,0,5,3,13" ten="210,230,330,230" oya="1" hai0="39,126,80,110,53,7,16,33,66,67,47,2,15" hai1="116,128,81,28,19,85,103,51,30,45,72,97,49" hai2="62,9,99,73,1,18,105,118,91,43,108,109,68" hai3="44,124,89,70,32,22,133,95,48,55,106,82,6"/><U35/><E116/><V60/><F73/><W31/><G44/><T130/><D33/><U50/><E128/><V100/><F118/><W29/><G32/><T40/><D130/><U42/><E72/><V41/><F91/><W75/><G106/><T4/><D110/><N who="2" m="42602" /><F1/><W0/><G70/><T84/><D126/><U69/><E69/><V12/><F62/><W24/><G124/><T58/><D66/><AGARI ba="0,0" hai="9,12,18,41,43,60,66,68,99,100,105" m="42602" machi="66" ten="30,2000,0" yaku="14,1,52,1" doraHai="13" who="2" fromWho="0" sc="210,-20,230,0,330,20,230,0" /><INIT seed="2,0,0,4,2,8" ten="190,230,350,230" oya="2" hai0="94,50,72,44,28,132,40,52,109,122,21,71,22" hai1="51,25,79,58,64,104,97,60,3,5,0,120,128" hai2="67,33,100,23,49,30,124,39,125,126,102,69,106" hai3="48,57,55,75,129,95,63,59,32,80,12,13,81"/><V70/><F39/><W15/><G32/><T108/><D122/><U119/><E119/><V42/><F33/><W1/><G1/><T31/><D72/><U56/><E120/><V87/><F87/><W46/><G129/><T54/><D71/><U91/><E128/><V117/><F117/><W2/><G2/><T10/><D132/><U116/><E79/><V134/><F134/><W17/><G75/><T76/><D76/><U4/><E0/><V11/><F11/><W84/><G17/><T66/><D66/><U85/><E3/><V20/><F106/><W92/><G57/><T53/><D94/><N who="3" m="35881" /><G84/><T14/><D108/><U127/><E104/><V26/><F23/><N who="0" m="8714" /><D109/><U113/><E85/><V90/><F90/><W62/><G62/><T68/><D68/><N who="2" m="26218" /><F67/><AGARI ba="0,0" hai="12,13,15,46,48,55,59,63,67,80,81" m="35881" machi="67" ten="30,7700,0" yaku="8,1,52,3" doraHai="8" who="3" fromWho="2" sc="190,0,230,0,350,-77,230,77" /><INIT seed="3,0,0,0,1,16" ten="190,230,273,307" oya="3" hai0="17,10,106,61,125,119,130,84,71,8,75,44,26" hai1="12,32,90,48,34,31,20,103,101,33,13,133,2" hai2="91,11,93,94,51,83,135,3,88,80,19,72,57" hai3="111,42,18,127,98,134,121,39,15,63,99,92,70"/><W47/><G121/><T73/><D119/><U69/><E69/><V95/><F135/><W7/><G127/><T120/><D120/><U35/><E2/><V30/><F30/><W64/><G134/><T78/><D125/><U45/><E133/><V49/><F72/><W36/><G111/><T59/><D106/><U112/><E112/><V77/><F77/><W60/><G7/><T76/><D71/><U82/><N who="1" m="8192" /><DORA hai="122" /><U38/><E38/><V107/><F107/><W86/><G60/><T65/><D130/><U9/><E90/><N who="2" m="34347" /><F3/><W114/><G114/><T87/><D75/><U129/><E82/><N who="2" m="31275" /><F57/><W37/><G86/><N who="0" m="32811" /><D73/><U4/><E129/><V0/><F0/><W50/><REACH who="3" step="1"/><G92/><REACH who="3" ten="190,230,273,297" step="2"/><T128/><D128/><U21/><E31/><V116/><F116/><W43/><G43/><T68/><D61/><U132/><E132/><V85/><F85/><W100/><G100/><T1/><D78/><U109/><E109/><V14/><AGARI ba="0,1" hai="11,14,19,49,51,93,94,95" m="31275,34347" machi="14" ten="40,2700,0" yaku="8,1,54,1" doraHai="16,122" who="2" fromWho="2" sc="190,-7,230,-7,273,37,297,-13" /><INIT seed="4,0,0,0,1,73" ten="183,223,310,284" oya="0" hai0="105,125,115,107,25,33,46,108,13,99,38,132,59" hai1="80,8,90,79,120,29,101,93,135,49,51,6,118" hai2="23,75,68,57,102,76,122,31,97,53,82,77,121" hai3="94,88,113,87,21,37,89,124,11,133,117,60,36"/><T44/><D115/><U91/><E118/><V103/><F68/><W78/><G124/><T86/><D125/><U47/><E120/><V50/><F103/><W41/><G113/><T54/><D132/><U74/><E29/><V111/><F111/><W112/><G112/><T0/><D0/><U32/><E32/><V67/><F67/><W9/><G133/><T116/><D116/><U128/><E128/><V58/><F58/><W130/><G130/><T42/><D108/><U65/><E65/><V134/><F134/><W84/><G117/><T56/><D56/><U110/><E51/><V2/><F2/><W3/><G21/><T127/><D127/><U92/><E110/><V64/><F64/><W30/><G30/><T35/><D44/><U39/><E39/><V24/><REACH who="2" step="1"/><F76/><REACH who="2" ten="183,223,300,284" step="2"/><W72/><G78/><T28/><D107/><AGARI ba="0,1" hai="23,24,31,50,53,57,75,77,82,97,102,107,121,122" machi="107" ten="30,8000,1" yaku="1,1,2,1,7,1,52,1,53,1" doraHai="73" doraHaiUra="16" who="2" fromWho="0" sc="183,-80,223,0,300,90,284,0" /><INIT seed="5,0,0,1,4,5" ten="103,223,390,284" oya="1" hai0="78,62,102,81,130,106,125,121,15,23,73,118,13" hai1="124,123,129,31,87,77,108,113,7,85,82,11,4" hai2="9,68,55,19,95,2,89,93,96,61,54,107,47" hai3="49,27,45,80,105,114,103,1,90,116,6,21,97"/><U18/><E123/><V75/><F107/><W25/><G114/><T135/><D118/><U74/><E113/><V24/><F75/><W35/><G116/><T69/><D121/><U41/><E31/><V128/><F128/><W14/><G1/><T52/><D130/><U67/><E67/><V20/><F47/><W110/><G110/><T53/><D135/><U66/><E129/><V133/><F133/><W40/><G35/><T63/><D125/><U50/><E66/><V3/><F95/><W36/><G36/><T32/><D32/><U76/><E74/><V100/><F100/><W10/><G21/><T17/><D13/><N who="1" m="7487" /><E124/><V72/><F72/><W112/><G112/><T57/><D69/><U26/><E26/><V84/><F96/><W131/><G131/><T101/><REACH who="0" step="1"/><D106/><REACH who="0" ten="93,223,390,284" step="2"/><U99/><E108/><V16/><F68/><W115/><G115/><T8/><D8/><U44/><E99/><V117/><F117/><W29/><G97/><T59/><AGARI ba="0,1" hai="15,17,23,52,53,57,59,62,63,73,78,81,101,102" machi="59" ten="30,7900,0" yaku="1,1,0,1,9,1,54,1,53,0" doraHai="5" doraHaiUra="64" who="0" fromWho="0" sc="93,89,223,-39,390,-20,284,-20" /><INIT seed="6,0,0,2,3,125" ten="182,184,370,264" oya="2" hai0="69,25,16,46,11,134,58,60,88,54,55,95,26" hai1="45,104,87,85,42,15,48,75,18,56,29,79,111" hai2="114,108,8,49,86,119,126,121,99,100,93,19,52" hai3="106,28,120,101,115,21,91,31,22,34,130,33,13"/><V127/><F119/><W107/><G120/><T43/><D134/><U73/><E104/><V124/><F121/><W96/><G115/><T135/><D135/><U103/><E111/><V67/><F67/><W39/><G39/><T82/><D69/><U6/><E103/><V4/><F114/><W128/><G91/><T90/><D55/><U78/><E29/><V59/><F108/><W117/><G13/><N who="0" m="7231" /><D46/><U133/><E6/><V3/><F19/><W81/><G81/><T50/><D50/><U64/><E75/><V62/><F86/><N who="1" m="32777" /><E73/><V83/><F83/><W2/><G101/><T71/><D71/><U47/><E47/><V17/><F17/><W112/><G112/><T20/><D43/><U94/><E94/><V89/><F100/><W51/><G51/><AGARI ba="0,0" hai="3,4,8,49,51,52,59,62,89,93,99,124,126,127" machi="51" ten="40,3900,0" yaku="18,1,54,1" doraHai="125" who="2" fromWho="3" sc="182,0,184,0,370,39,264,-39" /><INIT seed="6,1,0,0,0,69" ten="182,184,409,225" oya="2" hai0="101,76,65,88,85,126,18,98,41,56,83,60,15" hai1="55,132,78,33,40,110,111,19,121,44,95,45,26" hai2="63,6,7,61,70,54,53,47,39,8,48,4,75" hai3="72,77,49,93,91,73,1,27,0,24,107,86,9"/><V11/><F75/><W67/><G107/><T96/><D126/><U123/><E132/><V103/><F103/><W120/><G120/><N who="1" m="46154" /><E78/><V81/><F81/><W25/><G67/><T38/><D101/><U118/><E118/><V42/><F54/><W28/><G28/><T10/><REACH who="0" step="1"/><D76/><REACH who="0" ten="172,184,409,225" step="2"/><U71/><E111/><V135/><F135/><W35/><G77/><T66/><D66/><U43/><E110/><V113/><F113/><W32/><G32/><T99/><D99/><U116/><E116/><V102/><F102/><W131/><G35/><T128/><D128/><U92/><E33/><V89/><F89/><W14/><G131/><T16/><D16/><U34/><E34/><V12/><F7/><W84/><G72/><T124/><D124/><U46/><E71/><V62/><F70/><W23/><G73/><T30/><D30/><U125/><E125/><V51/><REACH who="2" step="1"/><F53/><REACH who="2" ten="172,184,399,225" step="2"/><W20/><G91/><T122/><D122/><U3/><E55/><V57/><F57/><W134/><G134/><T119/><D119/><U129/><E129/><V114/><F114/><W104/><G84/><T36/><D36/><U21/><E3/><AGARI ba="1,2" hai="3,4,6,8,11,12,39,42,47,48,51,61,62,63" machi="3" ten="40,3900,0" yaku="1,1,52,1,53,0" doraHai="69" doraHaiUra="87" who="2" fromWho="1" sc="172,0,184,-42,399,62,225,0" /><INIT seed="6,2,0,3,0,92" ten="172,142,461,225" oya="2" hai0="78,3,16,82,119,25,44,14,6,31,71,106,123" hai1="72,134,33,79,39,61,32,9,68,28,94,55,95" hai2="133,26,24,105,63,8,86,46,89,15,102,60,73" hai3="75,132,57,21,54,47,117,76,42,110,23,84,5"/><V121/><F73/><W29/><G110/><T131/><D123/><U1/><E134/><V59/><F121/><W64/><G64/><T99/><D71/><U69/><E39/><V4/><F133/><W83/><G132/><T80/><D131/><U66/><E69/><V37/><F63/><W35/><G117/><T67/><D67/><U97/><E95/><V52/><F37/><W2/><G35/><T17/><D119/><U104/><E104/><V36/><F36/><N who="3" m="21959" /><G84/><T113/><D113/><U41/><E41/><V111/><F111/><W120/><G29/><T118/><D118/><U48/><E28/><V43/><F46/><W125/><G125/><T49/><D3/><U58/><E1/><V107/><F43/><W51/><G120/><T85/><D80/><U93/><E93/><V50/><F50/><W127/><G127/><T101/><D6/><U114/><E9/><AGARI ba="2,0" hai="2,5,9,21,23,51,54,57,75,76,83" m="21959" machi="9" ten="30,1000,0" yaku="25,1" doraHai="92" who="3" fromWho="1" sc="172,0,142,-16,461,0,225,16" /><INIT seed="7,0,0,4,1,117" ten="172,126,461,241" oya="3" hai0="46,107,47,131,119,38,68,126,45,70,125,44,14" hai1="36,42,4,49,56,120,26,63,100,110,135,92,99" hai2="130,41,28,93,90,33,75,12,57,94,7,71,54" hai3="23,50,37,105,60,101,95,22,55,64,89,104,124"/><W82/><G37/><T80/><D107/><U122/><E110/><V2/><F71/><N who="0" m="27178" /><D80/><U16/><E36/><V76/><F2/><W53/><G82/><T31/><D31/><U134/><E4/><V91/><F41/><W35/><G35/><T59/><D14/><U43/><E42/><V102/><F130/><W96/><G104/><T8/><D8/><U73/><E73/><V86/><F102/><W74/><G74/><T128/><D119/><U67/><E49/><V133/><F133/><N who="1" m="50697" /><E43/><V69/><F69/><W58/><G124/><N who="0" m="47723" /><D38/><U10/><E10/><V1/><F1/><W81/><G81/><T40/><D59/><U127/><E127/><V123/><F76/><W32/><G32/><T0/><D0/><U109/><E109/><V34/><F75/><W52/><G50/><T97/><D97/><U24/><E24/><V11/><F28/><W77/><G77/><T78/><D78/><U103/><E100/><V106/><F106/><W3/><G3/><T115/><D115/><U48/><E48/><V66/><F66/><W19/><G19/><T27/><D27/><U29/><E29/><V62/><F123/><W87/><AGARI ba="0,0" hai="22,23,52,53,55,58,60,64,87,89,95,96,101,105" machi="87" ten="30,3000,0" yaku="0,1,54,1" doraHai="117" who="3" fromWho="3" sc="172,-10,126,-10,461,-10,241,30" /><INIT seed="7,1,0,1,0,104" ten="162,116,451,271" oya="3" hai0="91,53,69,73,85,75,92,90,89,100,50,98,110" hai1="65,56,102,32,40,105,66,15,24,84,123,77,19" hai2="97,36,78,134,88,103,16,101,4,28,46,118,29" hai3="43,58,39,68,8,72,93,12,130,108,11,96,35"/><W122/><G68/><T86/><D69/><U2/><E123/><V59/><F4/><W54/><G35/><T13/><D13/><U131/><E2/><V76/><F118/><W133/><G122/><T30/><D30/><U61/><E131/><V95/><F134/><W107/><G107/><T81/><D110/><U112/><E112/><V128/><F128/><W115/><G115/><T55/><D55/><U87/><E105/><V1/><F1/><W27/><G133/><T63/><D63/><U47/><E102/><N who="2" m="38923" /><F36/><W5/><G72/><N who="0" m="27723" /><D53/><U34/><E66/><V22/><F59/><W26/><G130/><T74/><D50/><U52/><E65/><V45/><F29/><W0/><G108/><T38/><D38/><U106/><E106/><V82/><F28/><W80/><G43/><T14/><D14/><U120/><E120/><V64/><F64/><W116/><G39/><T6/><D6/><U94/><E24/><N who="2" m="14407" /><F82/><W126/><G27/><T129/><D129/><U121/><E121/><V71/><F71/><W10/><G26/><T109/><D109/><U17/><E34/><V67/><F67/><W44/><G54/><T33/><D33/><U57/><E57/><V125/><F125/><W132/><G58/><T51/><D51/><N who="1" m="27111" /><E32/><V31/><F31/><W23/><G44/><AGARI ba="1,0" hai="44,45,46,76,78,88,95,97" m="14407,38923" machi="44" ten="30,3900,0" yaku="8,1,54,2" doraHai="104" who="2" fromWho="3" sc="162,0,116,0,451,42,271,-42" owari="162,-23.8,116,-38.4,493,59.3,229,2.9" /></mjloggm>