<mjloggm ver="2.3"><GO type="169" lobby="0"/><UN n0="%E3%81%93%E3%82%8C%E3%81%8C%E3%81%B5%E3%81%95%E3%81%B5%E3%81%95" n1="%32%E9%99%90" n2="%E3%81%8B%E3%82%8F%E3%81%97%E3%81%83" n3="%6B%75%73%6F%E6%AD%A3%E5%AE%97" dan="16,16,16,16" rate="2106.74,2138.47,2133.07,2096.33" sx="M,M,M,M"/><TAIKYOKU oya="0"/><INIT seed="0,0,0,0,1,130" ten="250,250,250,250" oya="0" hai0="64,50,114,23,21,90,34,101,0,57,66,7,72" hai1="99,125,9,27,3,110,56,20,105,38,108,92,36" hai2="106,95,122,16,88,25,67,42,126,132,49,48,46" hai3="28,62,81,10,133,127,51,32,129,6,96,58,123"/><T117/><D114/><U54/><E105/><V85/><F122/><W84/><G129/><T131/><D117/><U68/><E68/><V76/><F106/><W11/><G127/><T1/><D131/><U112/><E125/><V24/><F132/><W45/><G123/><T94/><D101/><N who="1" m="60647" /><E9/><V103/><F67/><N who="0" m="25642" /><D34/><U111/><E3/><N who="0" m="1097" /><D7/><U63/><E112/><V82/><F103/><W17/><G133/><T19/><D72/><U86/><E86/><V8/><F126/><W29/><G32/><T33/><D33/><U30/><AGARI ba="0,0" hai="20,27,30,36,38,54,56,63,108,110,111" m="60647" machi="30" ten="30,1100,0" yaku="14,1" doraHai="130" who="1" fromWho="1" sc="250,-5,250,11,250,-3,250,-3" /><INIT seed="1,0,0,4,5,116" ten="245,261,247,247" oya="1" hai0="41,39,33,52,70,122,40,98,77,62,22,3,0" hai1="92,109,15,38,26,125,88,87,17,102,57,106,58" hai2="30,46,76,80,48,110,10,68,24,55,64,132,44" hai3="43,83,6,56,4,2,54,130,124,119,31,5,123"/><U19/><E125/><V81/><F110/><W21/><G124/><T35/><D77/><U114/><E114/><V29/><F132/><W91/><G119/><T61/><D98/><U133/><E133/><V95/><F30/><W37/><G130/><T90/><D90/><U74/><E109/><V112/><F112/><W50/><G2/><T121/><D22/><U1/><E38/><V12/><F64/><W47/><G123/><N who="0" m="47115" /><D70/><U75/><E1/><N who="0" m="585" /><D52/><U96/><E26/><V99/><F68/><W7/><N who="3" m="1024" /><DORA hai="16" /><W104/><G104/><T113/><D113/><U59/><REACH who="1" step="1"/><E19/><REACH who="1" ten="245,251,247,247" step="2"/><V67/><F24/><W78/><G31/><T27/><D39/><U111/><E111/><V65/><F29/><W25/><G37/><T129/><D129/><U131/><E131/><V73/><F12/><W9/><G25/><T69/><D27/><U42/><E42/><N who="0" m="16489" /><D69/><U89/><E89/><V8/><F76/><W49/><G91/><T36/><D36/><U115/><E115/><V118/><F118/><W66/><G78/><T101/><D101/><U86/><E86/><V34/><F73/><W28/><G28/><T84/><D84/><U13/><E13/><V93/><F99/><W127/><G127/><T60/><AGARI ba="0,1" hai="33,35,60,61,62" m="16489,585,47115" machi="60" ten="40,12000,2" yaku="28,2,13,1,52,3" doraHai="116,16" who="0" fromWho="0" sc="245,130,251,-60,247,-30,247,-30" /><INIT seed="2,0,0,5,2,81" ten="375,191,217,217" oya="2" hai0="61,10,108,86,20,90,21,113,35,31,77,22,123" hai1="92,111,121,64,68,131,16,128,34,133,37,51,70" hai2="107,127,33,99,98,82,126,25,1,19,120,129,0" hai3="47,130,32,114,73,63,8,88,95,67,75,41,106"/><V72/><F120/><W11/><G106/><T6/><D113/><U43/><E34/><V103/><F129/><N who="1" m="49737" /><E111/><V118/><F118/><W13/><G114/><T66/><D108/><U55/><E133/><V38/><F98/><W87/><G32/><T105/><D105/><U42/><E121/><V3/><F19/><W135/><G135/><T119/><D119/><U79/><E79/><N who="2" m="44391" /><F38/><W101/><G101/><T23/><D123/><U76/><E76/><V104/><F104/><W74/><G130/><T134/><D77/><U59/><E92/><V132/><F132/><W9/><G13/><T60/><D134/><U54/><E37/><V94/><F94/><W39/><REACH who="3" step="1"/><G73/><REACH who="3" ten="375,191,217,207" step="2"/><T91/><D35/><U100/><E100/><V4/><F4/><W27/><G27/><T109/><D109/><U122/><E122/><V116/><F116/><W48/><G48/><T124/><D6/><U96/><E96/><V36/><F36/><W44/><G44/><T7/><D7/><U89/><E89/><V84/><F33/><W30/><G30/><T40/><D91/><U50/><E16/><V17/><F25/><W83/><G83/><T56/><D90/><U49/><E49/><V69/><F17/><W65/><G65/><T71/><D66/><U45/><E64/><V80/><F69/><AGARI ba="0,1" hai="8,9,11,39,41,47,63,67,69,74,75,87,88,95" machi="69" ten="40,5200,0" yaku="1,1,52,1,54,1,53,0" doraHai="81" doraHaiUra="18" who="3" fromWho="2" sc="375,0,191,0,217,-52,207,62" /><AGARI ba="0,0" hai="42,43,45,50,51,54,55,59,68,69,70" m="49737" machi="69" ten="30,3900,0" yaku="19,1,34,2" doraHai="81" who="1" fromWho="2" sc="375,0,191,39,165,-39,269,0" /><INIT seed="3,0,0,2,2,54" ten="375,230,126,269" oya="3" hai0="126,5,90,62,119,95,76,125,82,11,22,116,1" hai1="42,0,24,135,43,14,85,75,111,107,3,110,31" hai2="8,112,17,52,10,122,89,73,21,55,115,98,36" hai3="41,124,88,19,33,20,80,132,47,58,81,49,113"/><W29/><G113/><T120/><D120/><U77/><E75/><V108/><F73/><W114/><G114/><T18/><D62/><U68/><E107/><V61/><F122/><W60/><G124/><N who="0" m="47723" /><D82/><N who="1" m="47311" /><E68/><V34/><F34/><W46/><G132/><T78/><D18/><U84/><E14/><V117/><F117/><N who="0" m="45130" /><D22/><N who="1" m="15767" /><E84/><AGARI ba="0,0" hai="1,5,11,76,78,84,90,95" m="45130,47723" machi="84" ten="30,1000,0" yaku="18,1" doraHai="54" who="0" fromWho="1" sc="375,10,230,-10,126,0,269,0" /><INIT seed="4,0,0,3,2,113" ten="385,220,126,269" oya="0" hai0="112,120,127,105,97,2,12,76,10,74,126,3,118" hai1="5,80,81,100,27,116,7,86,119,42,1,44,16" hai2="108,77,55,94,47,49,58,125,132,93,45,75,0" hai3="54,29,104,87,102,28,6,122,79,106,121,135,22"/><T38/><D38/><U103/><E16/><V67/><F108/><W4/><G54/><T66/><D120/><N who="3" m="46185" /><G135/><T68/><D112/><U50/><E27/><V71/><F0/><W8/><G102/><T46/><D46/><U83/><E86/><V78/><F132/><W13/><G4/><T85/><D74/><U11/><REACH who="1" step="1"/><E7/><REACH who="1" ten="385,210,126,269" step="2"/><V17/><F75/><W39/><G22/><T30/><D85/><U52/><E52/><V117/><F17/><W23/><G23/><T133/><D133/><U89/><E89/><V48/><F55/><W73/><G87/><T91/><D91/><U21/><E21/><V107/><F125/><W69/><G29/><T19/><D19/><U92/><E92/><V82/><F67/><W59/><G28/><T70/><D30/><U24/><E24/><V131/><F131/><W18/><G18/><T134/><D66/><U51/><E51/><V15/><F107/><W63/><G39/><T129/><D105/><U72/><E72/><V26/><F26/><W60/><G73/><T14/><D134/><U114/><E114/><V25/><F25/><W57/><G104/><T109/><D126/><U62/><E62/><V84/><F84/><W65/><G106/><T40/><D127/><U95/><E95/><V115/><F115/><W101/><G63/><T99/><D129/><U111/><E111/><V34/><F82/><W123/><G123/><T32/><D109/><U88/><E88/><V9/><F93/><W20/><G20/><T61/><D61/><U35/><E35/><V96/><F34/><W33/><G33/><T56/><D32/><RYUUKYOKU ba="0,1" sc="385,-10,210,30,126,-10,269,-10" hai1="1,5,11,42,44,50,80,81,83,100,103,116,119" /><INIT seed="5,1,1,4,0,0" ten="375,240,116,259" oya="1" hai0="103,52,15,77,35,29,19,112,117,80,100,90,30" hai1="121,38,108,106,62,99,20,31,13,107,8,55,75" hai2="23,115,39,94,65,79,44,5,34,24,59,84,129" hai3="73,122,91,61,33,92,71,32,105,114,74,89,102"/><U37/><E121/><V67/><F34/><W41/><G122/><T57/><D117/><U113/><E75/><V18/><F129/><W54/><G114/><T81/><D112/><U10/><E113/><V126/><F115/><W118/><G41/><T22/><D90/><U98/><E108/><V46/><F126/><W63/><G92/><T93/><D93/><U128/><E128/><V48/><F39/><W96/><G96/><T130/><D130/><U7/><E99/><V36/><F36/><W1/><G1/><T127/><D127/><U78/><E78/><V47/><F5/><W109/><G54/><T17/><D17/><U101/><E106/><V70/><F70/><W40/><G40/><T21/><D21/><U4/><E55/><V53/><REACH who="2" step="1"/><F79/><REACH who="2" ten="375,240,106,259" step="2"/><W119/><G71/><T64/><D35/><U3/><REACH who="1" step="1"/><E62/><REACH who="1" ten="375,230,106,259" step="2"/><V12/><F12/><W16/><G61/><T27/><D77/><U82/><E82/><V110/><F110/><W11/><G63/><T6/><D80/><U26/><AGARI ba="1,3" hai="3,4,7,8,10,13,20,26,31,37,38,98,101,107" machi="26" ten="30,12000,1" yaku="1,1,0,1,52,2,53,1" doraHai="0" doraHaiUra="9" who="1" fromWho="1" sc="375,-41,230,153,106,-41,259,-41" /><INIT seed="5,2,0,5,1,44" ten="334,383,65,218" oya="1" hai0="29,67,47,37,11,38,95,75,22,15,69,50,102" hai1="98,129,54,2,91,86,16,120,33,87,119,130,27" hai2="118,19,43,108,123,127,7,124,116,77,26,34,3" hai3="13,82,53,88,74,97,68,39,100,73,104,94,93"/><U42/><E120/><V110/><F77/><W105/><G68/><T78/><D69/><U10/><E42/><V58/><F58/><W115/><G39/><T96/><D67/><U90/><E119/><N who="2" m="45611" /><F43/><W25/><G25/><T6/><D29/><U46/><E98/><V28/><F19/><W8/><G8/><T111/><D111/><N who="2" m="42538" /><F7/><W66/><G66/><T134/><D134/><U109/><E109/><V45/><F45/><W64/><G64/><T5/><D5/><N who="1" m="1335" /><E16/><V23/><F123/><W31/><G31/><T21/><D37/><U36/><E36/><V61/><F61/><W24/><G24/><T135/><D38/><U72/><E27/><V17/><F3/><W65/><G65/><T52/><REACH who="0" step="1"/><D135/><REACH who="0" ten="324,383,65,218" step="2"/><U101/><E33/><V81/><F81/><AGARI ba="2,1" hai="6,11,15,21,22,47,50,52,75,78,81,95,96,102" machi="81" ten="40,8000,1" yaku="1,1,2,1,52,1,54,1,53,0" doraHai="44" doraHaiUra="114" who="0" fromWho="2" sc="324,96,383,0,65,-86,218,0" owari="420,52.0,383,18.3,-21,-52.1,218,-18.2" /></mjloggm>