<mjloggm ver="2.3"><GO type="169" lobby="0"/><UN n0="%E5%B3%B6%E7%94%B0%E7%9C%9F%E5%A4%A2" n1="%61%6B%69%62%61%62%61%6E" n2="%E3%81%9D%E3%81%B5%E3%81%81%E3%82%82%E3%82%93" n3="%74%61%6B%75%61%6B%61" dan="16,17,17,16" rate="2176.09,2189.28,2214.88,2166.22" sx="F,M,M,M"/><TAIKYOKU oya="0"/><INIT seed="0,0,0,5,4,12" ten="250,250,250,250" oya="0" hai0="94,97,87,48,56,121,78,29,79,38,0,90,128" hai1="74,109,65,45,18,7,108,76,21,134,6,93,113" hai2="57,4,122,86,135,46,107,51,14,5,39,11,64" hai3="23,110,2,102,118,10,1,68,16,72,75,33,132"/><T115/><D121/><U84/><E134/><V71/><F122/><W100/><G33/><T3/><D115/><U54/><E65/><V43/><F107/><W19/><G118/><T61/><D38/><U31/><E31/><V81/><F135/><W131/><G68/><T67/><D128/><U101/><E74/><V66/><F71/><W126/><G132/><T133/><D133/><U130/><E130/><V52/><REACH who="2" step="1"/><F5/><REACH who="2" ten="250,250,240,250" step="2"/><W35/><G131/><T117/><D117/><U55/><E6/><V83/><F83/><W105/><G105/><T116/><D116/><U25/><E7/><V34/><F34/><W17/><G35/><T8/><D94/><U92/><E92/><V106/><F106/><W60/><G110/><T89/><D3/><U129/><E129/><V28/><F28/><W119/><G119/><T98/><D0/><U99/><E113/><V91/><AGARI ba="0,1" hai="4,11,14,39,43,46,51,52,57,64,66,81,86,91" machi="91" ten="20,5200,0" yaku="1,1,0,1,7,1,54,1,53,0" doraHai="12" doraHaiUra="15" who="2" fromWho="2" sc="250,-26,250,-13,240,62,250,-13" /><INIT seed="1,0,0,0,4,98" ten="224,237,302,237" oya="1" hai0="17,60,40,89,9,6,83,75,121,56,64,61,57" hai1="71,131,23,62,48,51,94,81,69,3,33,39,112" hai2="86,36,28,22,91,20,54,41,70,47,46,37,32" hai3="11,14,0,106,38,133,134,130,85,4,2,49,21"/><U132/><E33/><V96/><F70/><W58/><G38/><T128/><D128/><U74/><E112/><V115/><F115/><W93/><G106/><T34/><D121/><U129/><E3/><V122/><F122/><W7/><G130/><N who="1" m="49674" /><E39/><V73/><F73/><W25/><G4/><T44/><D34/><U52/><E132/><V68/><F68/><N who="1" m="26185" /><E23/><V123/><F20/><W113/><G113/><T30/><D30/><U118/><E118/><V119/><F22/><W12/><G0/><T126/><D126/><U110/><E110/><V1/><F28/><W87/><G133/><T8/><D17/><U99/><E81/><V109/><F32/><W117/><G117/><T5/><D5/><U65/><E74/><V124/><F109/><W84/><G134/><T125/><D125/><U16/><E16/><V13/><F1/><W77/><G2/><T80/><D6/><U102/><E65/><V95/><F124/><W135/><G135/><T78/><D83/><U97/><E97/><V45/><F96/><W100/><G12/><T29/><D29/><U114/><E114/><V72/><F13/><W92/><G21/><T107/><D75/><U127/><E127/><V82/><F119/><W59/><G14/><T103/><D80/><U67/><E67/><V31/><F31/><W19/><G19/><T101/><D64/><U18/><E18/><V27/><F72/><W88/><G7/><T116/><D116/><U24/><E24/><V53/><F27/><W66/><G25/><T50/><D8/><U15/><E15/><V42/><F36/><W43/><G11/><RYUUKYOKU ba="0,0" sc="224,-10,237,30,302,-10,237,-10" hai1="48,51,52,62,94,99,102" /><INIT seed="1,1,0,5,0,106" ten="214,267,292,227" oya="1" hai0="128,49,131,36,116,16,37,33,27,110,105,58,130" hai1="75,127,124,78,94,14,85,12,112,103,19,45,97" hai2="44,71,62,98,134,61,91,96,95,87,67,7,56" hai3="88,53,83,68,118,108,0,35,4,52,80,51,113"/><U64/><E112/><V30/><F134/><W84/><G113/><T77/><D105/><U120/><E120/><V99/><F7/><W66/><G108/><T107/><D107/><U2/><E2/><V31/><REACH who="2" step="1"/><F44/><REACH who="2" ten="214,267,282,227" step="2"/><W3/><G4/><T13/><D128/><U70/><E45/><V102/><F102/><W1/><G118/><T47/><D116/><U92/><E127/><V121/><F121/><W81/><G35/><T72/><D33/><U69/><E124/><V135/><F135/><W73/><G73/><T46/><D46/><U38/><E103/><V65/><AGARI ba="1,1" hai="30,31,56,61,62,65,67,71,87,91,95,96,98,99" machi="65" ten="30,2000,0" yaku="1,1,0,1,53,0" doraHai="106" doraHaiUra="6" who="2" fromWho="2" sc="214,-6,267,-11,282,33,227,-6" /><INIT seed="2,0,0,5,5,66" ten="208,256,315,221" oya="2" hai0="65,106,58,99,47,115,108,118,15,32,74,102,9" hai1="61,76,127,122,77,92,111,27,95,52,67,20,104" hai2="48,90,73,16,131,93,100,2,126,112,130,22,113" hai3="78,70,23,50,94,1,89,71,82,37,43,116,133"/><V45/><F2/><W81/><G116/><T21/><D115/><U7/><E111/><V54/><F100/><W35/><G35/><T51/><D32/><U28/><E104/><V55/><F73/><W105/><G105/><T107/><D108/><U39/><E127/><V128/><F54/><W79/><G37/><T114/><D114/><U44/><E7/><V84/><REACH who="2" step="1"/><F126/><REACH who="2" ten="208,256,305,221" step="2"/><W12/><G1/><T117/><D74/><U125/><E125/><V120/><F120/><W41/><G133/><T109/><D102/><U25/><E52/><V36/><F36/><W62/><G41/><T80/><D109/><U64/><E39/><V29/><F29/><W17/><G43/><T8/><D117/><U83/><E28/><V135/><F135/><W123/><G123/><T6/><D118/><U56/><E122/><V46/><F46/><W129/><G129/><T132/><D47/><U42/><E44/><V19/><F19/><W34/><G17/><T11/><D132/><U5/><E42/><V0/><F0/><W26/><G79/><T98/><D6/><U103/><E5/><V18/><F18/><W110/><G78/><T40/><D40/><U57/><E103/><V88/><F88/><W24/><G89/><T97/><D107/><U96/><E76/><V13/><AGARI ba="0,1" hai="13,16,22,45,48,55,84,90,93,112,113,128,130,131" machi="13" ten="30,11700,0" yaku="1,1,0,1,19,1,54,1,53,0" doraHai="66" doraHaiUra="68" who="2" fromWho="2" sc="208,-39,256,-39,305,127,221,-39" /><INIT seed="2,1,0,0,3,126" ten="169,217,432,182" oya="2" hai0="99,54,124,110,85,28,64,20,93,131,2,51,97" hai1="121,113,98,84,43,44,1,78,34,12,127,31,81" hai2="6,25,26,5,101,83,68,89,32,106,58,67,123" hai3="134,23,22,45,18,61,65,30,105,94,132,122,38"/><V63/><BYE who="3" /><F123/><UN n3="%74%61%6B%75%61%6B%61" /><W111/><G105/><T14/><D2/><U3/><E113/><V76/><F89/><W91/><G122/><T29/><D124/><U120/><E127/><V37/><F37/><W103/><G103/><T96/><D110/><U133/><E133/><V11/><F68/><W79/><G79/><T119/><D119/><U90/><E1/><V88/><F106/><W75/><G75/><T47/><D64/><U118/><E3/><V114/><F101/><W109/><G30/><T129/><D85/><U112/><E112/><V82/><F32/><W42/><G109/><T9/><D93/><U40/><E118/><V39/><F39/><W16/><G111/><T95/><D95/><U21/><E43/><V102/><F102/><W116/><G116/><T74/><D74/><U59/><E34/><V60/><F60/><W35/><G35/><T13/><D20/><U24/><E12/><N who="0" m="4713" /><D9/><U92/><REACH who="1" step="1"/><E59/><REACH who="1" ten="169,207,432,182" step="2"/><V10/><F58/><W66/><G132/><T46/><D46/><U107/><E107/><V15/><F15/><W48/><G45/><T100/><D100/><U49/><AGARI ba="1,1" hai="21,24,31,40,44,49,78,81,84,90,92,98,120,121" machi="49" ten="30,2000,0" yaku="1,1,0,1,53,0" doraHai="126" doraHaiUra="55" who="1" fromWho="1" sc="169,-6,207,33,432,-11,182,-6" /><INIT seed="3,0,0,1,5,27" ten="163,240,421,176" oya="3" hai0="125,105,91,80,54,110,76,1,127,8,92,57,33" hai1="118,95,109,31,134,68,22,100,18,42,7,97,83" hai2="98,79,64,52,25,81,36,71,75,114,69,60,67" hai3="58,78,119,123,20,124,6,51,32,90,30,26,0"/><W120/><G119/><T16/><D105/><U4/><E118/><V72/><F114/><W39/><G39/><T82/><D33/><U66/><E109/><V59/><F36/><W19/><G124/><T128/><D110/><U10/><E134/><V84/><F98/><W85/><G78/><T47/><D128/><U24/><E42/><V56/><F56/><W34/><G34/><T108/><D108/><U112/><E112/><V102/><F102/><W65/><G6/><T3/><D47/><U63/><E83/><V93/><F93/><W111/><G0/><T122/><D122/><U88/><E100/><V130/><F130/><W133/><G133/><T87/><D80/><U40/><E40/><V53/><F53/><W15/><G111/><T37/><D37/><U131/><E131/><V45/><F45/><W9/><G9/><T106/><D106/><U77/><E77/><V117/><F117/><W126/><G126/><N who="0" m="48139" /><D16/><U89/><E89/><V35/><F71/><W129/><G129/><T46/><D46/><U104/><E104/><V29/><F67/><W43/><G43/><T86/><D8/><U48/><E48/><AGARI ba="0,0" hai="25,29,35,48,52,59,60,64,69,72,75,79,81,84" machi="48" ten="30,3900,0" yaku="7,1,52,1,54,1" doraHai="27" who="2" fromWho="1" sc="163,0,240,-39,421,39,176,0" /><AGARI ba="0,0" hai="1,3,48,54,57,76,82,86,87,91,92" m="48139" machi="48" ten="30,1000,0" yaku="18,1" doraHai="27" who="0" fromWho="1" sc="163,10,201,-10,460,0,176,0" /><INIT seed="4,0,0,1,0,58" ten="173,191,460,176" oya="0" hai0="32,112,72,85,34,13,43,84,7,119,94,76,122" hai1="50,36,115,127,67,99,96,82,19,8,129,104,114" hai2="53,60,25,125,55,29,101,20,77,23,88,37,98" hai3="22,75,16,134,21,45,130,44,17,47,106,10,68"/><T81/><D122/><U113/><E36/><V102/><F37/><W117/><G117/><T39/><D119/><U87/><E129/><V93/><F125/><W31/><G130/><T56/><D112/><U131/><E131/><V18/><F77/><W3/><G75/><T107/><D107/><U124/><E50/><V46/><F46/><W132/><G106/><T118/><D118/><U11/><E67/><V0/><F0/><W86/><G68/><T123/><D123/><U52/><E52/><N who="2" m="20043" /><F60/><W120/><G120/><T48/><D39/><U6/><E19/><N who="3" m="7242" /><G86/><T14/><D72/><U12/><E11/><V41/><F41/><W74/><G31/><T83/><D94/><U35/><E35/><V121/><F121/><W63/><G63/><T24/><D24/><AGARI ba="0,0" hai="18,20,23,24,25,29,88,93,98,101,102" m="20043" machi="24" ten="30,3900,0" yaku="8,1,54,2" doraHai="58" who="2" fromWho="0" sc="173,-39,191,0,460,39,176,0" /><INIT seed="5,0,0,2,3,134" ten="134,191,499,176" oya="1" hai0="29,35,47,14,133,90,116,7,97,121,62,81,100" hai1="74,3,28,42,69,76,101,48,39,15,22,55,32" hai2="56,2,51,5,27,70,92,135,82,78,96,98,80" hai3="83,131,126,91,13,8,49,16,71,40,111,21,132"/><U105/><E3/><V107/><F70/><W68/><G111/><T88/><D116/><U46/><E69/><V4/><F135/><W41/><G132/><T120/><D133/><U57/><E32/><V77/><F107/><W124/><G131/><T45/><D35/><U117/><E117/><V93/><F27/><W99/><G8/><N who="0" m="4383" /><D29/><U23/><E28/><V58/><F51/><W114/><G114/><T66/><D81/><U26/><E26/><V104/><F104/><W0/><G0/><AGARI ba="0,0" hai="0,2,4,5,56,58,77,78,80,82,92,93,96,98" machi="0" ten="25,1600,0" yaku="22,2" doraHai="134" who="2" fromWho="3" sc="134,0,191,0,499,16,176,-16" /><INIT seed="6,0,0,0,2,31" ten="134,191,515,160" oya="2" hai0="12,30,34,76,37,27,64,101,52,8,18,65,105" hai1="24,115,95,116,36,50,28,23,55,127,63,38,80" hai2="87,133,81,19,107,112,60,79,11,97,56,82,109" hai3="59,0,108,94,102,135,62,86,44,91,2,99,73"/><V70/><F112/><W124/><G108/><T72/><D37/><U35/><E116/><V77/><F109/><W89/><G124/><T10/><D10/><U6/><E115/><V104/><F70/><W40/><G73/><T74/><D74/><U126/><E6/><V7/><F97/><W120/><G120/><T15/><D15/><U103/><E63/><V118/><F19/><W96/><G96/><T58/><D101/><U32/><E95/><V134/><F118/><W3/><G135/><T66/><D105/><U21/><E103/><V90/><F90/><W132/><G132/><T75/><REACH who="0" step="1"/><D76/><REACH who="0" ten="124,191,515,160" step="2"/><U20/><E38/><V128/><F77/><W85/><G102/><T125/><D125/><U39/><E39/><V114/><F79/><W121/><G121/><T119/><D119/><U67/><E36/><V46/><F11/><W93/><G99/><T33/><D33/><U54/><E32/><V61/><F107/><W47/><REACH who="3" step="1"/><G40/><REACH who="3" ten="124,191,515,150" step="2"/><T14/><D14/><U131/><E126/><V69/><F133/><W29/><G29/><T57/><D57/><U49/><E127/><V25/><F56/><W4/><G4/><T111/><D111/><U9/><E28/><V41/><F7/><W26/><G26/><T17/><D17/><U5/><E24/><V1/><F25/><W129/><G129/><T13/><D13/><U92/><E131/><V123/><F128/><W100/><G100/><T42/><D42/><U122/><E122/><V78/><F123/><W68/><G68/><T51/><AGARI ba="0,2" hai="8,12,18,27,30,34,51,52,58,64,65,66,72,75" machi="51" ten="30,7900,0" yaku="1,1,0,1,52,1,54,1,53,0" doraHai="31" doraHaiUra="110" who="0" fromWho="0" sc="124,99,191,-20,515,-39,150,-20" /><INIT seed="7,0,0,1,2,104" ten="223,171,476,130" oya="3" hai0="23,135,100,37,7,107,44,83,101,62,72,3,14" hai1="8,91,12,56,15,79,89,124,75,35,18,30,54" hai2="133,119,109,122,24,64,63,130,32,112,67,114,110" hai3="129,90,93,97,76,108,49,106,131,78,73,11,117"/><W99/><G49/><T39/><D135/><U88/><E124/><V25/><F133/><W2/><G117/><T48/><D3/><U120/><E120/><V65/><F130/><N who="3" m="49675" /><G11/><T4/><D4/><U92/><E75/><V41/><F119/><W60/><G60/><T71/><D7/><N who="1" m="3103" /><E79/><N who="3" m="30250" /><G2/><T34/><D62/><N who="1" m="36119" /><E35/><V121/><F63/><W9/><G9/><T111/><D23/><N who="1" m="11743" /><E30/><V68/><F32/><W94/><G108/><T132/><D111/><U58/><E58/><V10/><F10/><W26/><G26/><T84/><D48/><U98/><AGARI ba="0,0" hai="88,89,91,92,98" m="11743,36119,3103" machi="98" ten="30,2000,0" yaku="8,1,54,1" doraHai="104" who="1" fromWho="1" sc="223,-5,171,20,476,-5,130,-10" owari="218,1.8,191,-20.9,471,57.1,120,-38.0" /></mjloggm>