<mjloggm ver="2.3"><GO type="169" lobby="0"/><UN n0="%E3%81%AA%E3%81%8C%E3%81%95%E3%82%8F%E3%81%BE%E3%81%95%E3%81%BF" n1="%E3%81%91%E3%83%BC%E3%81%9E%E3%81%88" n2="%62%75%72%61%69" n3="%E3%82%86%E3%81%86%E3%82%86%E3%81%8D" dan="16,17,16,16" rate="2064.90,2144.97,2151.12,2151.72" sx="F,F,M,M"/><TAIKYOKU oya="0"/><INIT seed="0,0,0,5,5,127" ten="250,250,250,250" oya="0" hai0="114,33,96,44,23,102,15,30,5,4,79,34,132" hai1="65,41,29,2,27,91,9,108,19,119,81,51,12" hai2="113,37,83,48,47,93,135,26,99,61,105,117,6" hai3="53,85,94,39,125,52,50,73,40,111,112,64,8"/><T71/><D71/><U16/><E119/><V130/><F113/><W126/><G112/><T92/><D114/><U74/><E108/><V10/><F135/><W120/><G73/><T129/><D132/><U62/><E2/><V11/><F37/><W25/><G111/><T82/><D129/><U75/><E75/><V121/><F121/><W31/><G8/><T95/><D95/><U76/><E91/><V22/><F105/><W87/><G64/><T32/><D44/><U77/><E19/><V42/><F117/><W90/><G87/><T69/><D69/><U97/><E97/><V57/><F83/><W107/><G107/><T78/><D78/><U110/><E110/><V49/><F49/><W67/><G67/><T21/><D21/><U128/><E51/><V35/><F35/><W58/><G53/><T86/><REACH who="0" step="1"/><D15/><REACH who="0" ten="240,250,250,250" step="2"/><U116/><E77/><V59/><F130/><W60/><G120/><T38/><D38/><U70/><E116/><V43/><F59/><W89/><G39/><T13/><D13/><U98/><E41/><V104/><F43/><W124/><G40/><T88/><D88/><U24/><E128/><V101/><F104/><W0/><G90/><T84/><D84/><U56/><E70/><V72/><F72/><W131/><G131/><T118/><D118/><U3/><E3/><V80/><F80/><W28/><G0/><T100/><D100/><U123/><E123/><V7/><F11/><W20/><G31/><T1/><D1/><U109/><E109/><V17/><F10/><W36/><G36/><T66/><D66/><AGARI ba="0,1" hai="6,7,17,22,26,42,47,48,57,61,66,93,99,101" machi="66" ten="30,2000,0" yaku="7,1,8,1" doraHai="127" who="2" fromWho="0" sc="240,-20,250,0,250,30,250,0" /><INIT seed="1,0,0,3,4,128" ten="220,250,280,250" oya="1" hai0="22,33,83,129,61,49,93,54,99,1,24,36,45" hai1="19,94,100,104,55,80,101,120,76,96,11,105,85" hai2="88,44,134,27,17,72,116,86,77,43,111,48,97" hai3="108,51,38,130,114,119,84,50,32,69,3,28,8"/><U102/><E11/><V127/><F116/><W40/><G69/><T82/><D129/><U46/><E19/><V95/><F111/><W7/><G108/><T5/><D33/><U68/><E120/><V109/><F109/><W67/><G67/><T37/><D37/><U103/><E55/><V124/><F72/><W31/><G114/><T18/><D36/><U133/><E46/><V66/><F66/><W79/><G130/><T23/><D5/><U12/><E12/><V74/><F74/><W47/><G119/><T121/><D1/><U118/><E68/><V59/><F59/><W70/><G70/><T81/><D121/><U29/><E29/><V15/><F27/><W2/><G2/><T87/><D22/><U75/><E118/><V52/><F43/><W35/><G35/><T112/><D112/><U56/><E56/><V78/><F134/><W30/><G32/><T117/><D61/><U65/><E65/><V113/><F113/><W73/><G84/><T62/><D62/><U60/><E60/><V90/><F127/><W58/><G58/><T10/><D10/><U106/><E133/><V6/><F6/><W16/><REACH who="3" step="1"/><G16/><REACH who="3" ten="220,250,280,240" step="2"/><T110/><D110/><U131/><E131/><V115/><F115/><W41/><G41/><T39/><D117/><U34/><E34/><V20/><REACH who="2" step="1"/><F124/><REACH who="2" ten="220,250,270,240" step="2"/><W122/><G122/><T4/><D4/><U26/><REACH who="1" step="1"/><E26/><REACH who="1" ten="220,240,270,240" step="2"/><V71/><F71/><W107/><G107/><T63/><D24/><U98/><E98/><V13/><F13/><W25/><G25/><T91/><D99/><U14/><E14/><V21/><F21/><RYUUKYOKU ba="0,3" sc="220,-30,240,10,270,10,240,10" hai1="75,76,80,85,94,96,100,101,102,103,104,105,106" hai2="15,17,20,44,48,52,77,78,86,88,90,95,97" hai3="3,7,8,28,30,31,38,40,47,50,51,73,79" /><INIT seed="1,1,3,2,5,90" ten="190,250,280,250" oya="1" hai0="121,70,93,40,45,122,49,39,59,67,129,57,3" hai1="92,98,110,134,25,16,131,74,100,130,50,118,126" hai2="85,56,116,109,95,6,32,24,102,55,0,14,41" hai3="81,34,8,104,71,22,13,31,12,36,112,18,105"/><U48/><E118/><V123/><F116/><W91/><G112/><T124/><D3/><U20/><E126/><V27/><F109/><W82/><G71/><T94/><D124/><U75/><E110/><V61/><F0/><W115/><G115/><T60/><D129/><N who="1" m="49163" /><E134/><V1/><F1/><W106/><G36/><T30/><D30/><U44/><E50/><V11/><F32/><W51/><G51/><T89/><D89/><U76/><E76/><V37/><F123/><N who="0" m="47114" /><D57/><U4/><E4/><V35/><F35/><W47/><G47/><T119/><D119/><U108/><E108/><V84/><F37/><W103/><G91/><T17/><D17/><U132/><E132/><V9/><F41/><AGARI ba="1,3" hai="16,20,25,41,44,48,74,75,92,98,100" m="49163" machi="41" ten="30,5800,0" yaku="19,1,52,1,54,1" doraHai="90" who="1" fromWho="2" sc="190,0,250,91,280,-61,250,0" /><INIT seed="1,2,0,5,0,69" ten="190,341,219,250" oya="1" hai0="39,109,52,106,90,82,28,94,124,35,4,40,34" hai1="102,112,105,56,96,98,3,59,110,19,1,111,115" hai2="30,126,113,51,24,83,85,118,50,81,116,104,65" hai3="71,5,103,20,36,75,131,74,76,18,13,133,55"/><U92/><E19/><V49/><F104/><W64/><G131/><T11/><D109/><N who="1" m="41483" /><E105/><V29/><F65/><W46/><G103/><T86/><D124/><U58/><E92/><V120/><F120/><W125/><G133/><T95/><D106/><U10/><E10/><V41/><F41/><W33/><G33/><T14/><D35/><U70/><E70/><V129/><F24/><W73/><G125/><T128/><D128/><U93/><E93/><V117/><F129/><W97/><G97/><N who="1" m="37482" /><E102/><V114/><F126/><W8/><G71/><T31/><D95/><U78/><E78/><V66/><F66/><W63/><G64/><T17/><D94/><U37/><E37/><V6/><F6/><W62/><G76/><T47/><D4/><U54/><E54/><V16/><F16/><W7/><G55/><T101/><D34/><U48/><E48/><V23/><F23/><W42/><REACH who="3" step="1"/><G5/><REACH who="3" ten="190,341,219,240" step="2"/><T2/><D101/><U26/><E26/><AGARI ba="2,1" hai="7,8,13,18,20,26,36,42,46,62,63,73,74,75" machi="26" ten="40,8000,1" yaku="1,1,2,1,52,1,53,1" doraHai="69" doraHaiUra="21" who="3" fromWho="1" sc="190,0,341,-86,219,0,240,96" /><INIT seed="2,0,0,2,0,117" ten="190,255,219,336" oya="2" hai0="18,68,128,45,85,49,88,7,118,15,63,66,64" hai1="2,39,24,42,77,8,100,47,10,129,71,72,14" hai2="31,55,75,56,91,48,106,35,65,26,114,111,95" hai3="43,4,80,57,97,16,119,1,134,70,115,33,17"/><V122/><F114/><W121/><G119/><T22/><D128/><U23/><E129/><V93/><F106/><W104/><G70/><T38/><D118/><U107/><E71/><V73/><F122/><W124/><G33/><T28/><D66/><U79/><E107/><V94/><F111/><W132/><G43/><T46/><D38/><U30/><E100/><V127/><F127/><W108/><G80/><T74/><D74/><U27/><E72/><V123/><F123/><W41/><G41/><T20/><D7/><U131/><E131/><V36/><F36/><W84/><G84/><T61/><D61/><U29/><E2/><V105/><F105/><W126/><G57/><T78/><D78/><U34/><E10/><V0/><F0/><W19/><G121/><T51/><D51/><U9/><REACH who="1" step="1"/><E8/><REACH who="1" ten="190,245,219,336" step="2"/><V59/><REACH who="2" step="1"/><F91/><REACH who="2" ten="190,245,209,336" step="2"/><W76/><G1/><T52/><D88/><U90/><E90/><V120/><F120/><W81/><G104/><T99/><D85/><U113/><E113/><V112/><F112/><W101/><G115/><T25/><REACH who="0" step="1"/><D99/><REACH who="0" ten="180,245,209,336" step="2"/><U83/><E83/><V87/><F87/><W53/><G81/><T40/><D40/><U37/><E37/><V5/><F5/><AGARI ba="0,3" hai="5,9,14,23,24,27,29,30,34,39,42,47,77,79" machi="5" ten="30,2000,0" yaku="1,1,7,1,53,0" doraHai="117" doraHaiUra="32" who="1" fromWho="2" sc="180,0,245,50,209,-20,336,0" /><INIT seed="3,0,0,2,0,102" ten="180,295,189,336" oya="3" hai0="131,104,40,23,55,101,119,133,122,11,108,125,91" hai1="47,61,62,43,118,27,130,74,30,41,89,115,106" hai2="83,31,128,52,126,75,82,49,72,8,73,53,87" hai3="81,65,17,36,29,12,2,46,50,95,7,56,103"/><W113/><G113/><T127/><D40/><U67/><E115/><V70/><F70/><W78/><G29/><T116/><D55/><U92/><E130/><V16/><F128/><W44/><G36/><T120/><D131/><U33/><E74/><V80/><F126/><N who="0" m="48138" /><D23/><U111/><E111/><V54/><F31/><W88/><G2/><T86/><D11/><U3/><E3/><V84/><F49/><W68/><G7/><T134/><D108/><U32/><E43/><V107/><F107/><W105/><G68/><T21/><D21/><U114/><E114/><V0/><F0/><W14/><G65/><T34/><D34/><U28/><E106/><V85/><F8/><W112/><G56/><T15/><D15/><U124/><E118/><N who="0" m="45097" /><D101/><U24/><E67/><V42/><F42/><W63/><G63/><T121/><D104/><U96/><REACH who="1" step="1"/><E124/><REACH who="1" ten="180,285,189,336" step="2"/><V71/><F71/><W13/><G112/><T117/><N who="0" m="45105" /><T123/><N who="0" m="30720" /><DORA hai="39" /><DORA hai="99" /><T97/><D97/><U60/><E60/><V58/><F58/><W76/><G105/><T59/><D59/><U37/><AGARI ba="0,1" hai="24,27,28,30,32,33,37,41,47,61,62,89,92,96" machi="37" ten="20,12000,2" yaku="1,1,0,1,7,1,9,1,52,1,53,2" doraHai="102,39,99" doraHaiUra="93,69,45" who="1" fromWho="1" sc="180,-30,285,130,189,-30,336,-60" /><INIT seed="4,0,0,5,3,54" ten="150,415,159,276" oya="0" hai0="30,60,82,98,86,22,115,97,74,51,23,70,100" hai1="116,29,16,77,111,0,46,93,101,53,68,3,119" hai2="12,109,107,32,103,114,31,57,126,65,81,40,19" hai3="37,118,42,9,64,71,89,78,13,113,15,25,26"/><T14/><D115/><U135/><E68/><V87/><F109/><W91/><G118/><T43/><D74/><U49/><E111/><V73/><F73/><W121/><G78/><T21/><D70/><U132/><E29/><V120/><F120/><W47/><G113/><T75/><D75/><U56/><E77/><V83/><F40/><W108/><G121/><T17/><D60/><U95/><E116/><V127/><F114/><W66/><G108/><T88/><D30/><U2/><E119/><V96/><F32/><W52/><G66/><T106/><REACH who="0" step="1"/><D97/><REACH who="0" ten="140,415,159,276" step="2"/><U94/><E132/><V41/><F31/><W48/><G71/><T128/><D128/><U133/><E135/><V99/><F99/><W69/><G69/><T6/><D6/><U63/><E133/><V34/><F96/><W72/><G72/><T28/><D28/><U50/><E101/><V124/><F103/><W1/><G64/><T58/><D58/><U84/><E63/><V61/><F34/><W20/><G47/><AGARI ba="0,1" hai="14,17,21,22,23,43,47,51,82,86,88,98,100,106" machi="47" ten="40,3900,0" yaku="1,1,54,1,53,0" doraHai="54" doraHaiUra="62" who="0" fromWho="3" sc="140,49,415,0,159,0,276,-39" /><INIT seed="4,1,0,0,2,22" ten="189,415,159,237" oya="0" hai0="84,47,80,24,12,14,128,5,9,104,46,61,33" hai1="127,15,23,81,42,77,70,129,63,132,108,100,7" hai2="39,30,29,57,92,91,11,121,83,87,25,94,101" hai3="48,131,66,8,3,125,45,59,102,119,123,6,13"/><T20/><D104/><U75/><E108/><V116/><F121/><W58/><G119/><T10/><D128/><U71/><E129/><V85/><F116/><W130/><G125/><T103/><D103/><U78/><E127/><V72/><F39/><W64/><G123/><T74/><D33/><U52/><E132/><V16/><F72/><W65/><G131/><T62/><D74/><U4/><E78/><V89/><F57/><W36/><G36/><T99/><D99/><U21/><E42/><V107/><F107/><W68/><G68/><T95/><D95/><U135/><E7/><V110/><F110/><W115/><G115/><T117/><D117/><U93/><E71/><V1/><F1/><W98/><G3/><T118/><D118/><U114/><E70/><V109/><F109/><W120/><G120/><T0/><D0/><U60/><E60/><N who="0" m="23145" /><D12/><U50/><E63/><V27/><F83/><W113/><G113/><T97/><D97/><U51/><E15/><N who="2" m="7295" /><F101/><W124/><G124/><T111/><D9/><U76/><E100/><V133/><F133/><W32/><G32/><T41/><D41/><U122/><E122/><V106/><F106/><W35/><G35/><T26/><D111/><U49/><E114/><V44/><F44/><N who="0" m="16938" /><D20/><U88/><E23/><V34/><F34/><W53/><G130/><T56/><D56/><N who="3" m="21545" /><G98/><T2/><D2/><U31/><E135/><V112/><F112/><W134/><G134/><T73/><D73/><U67/><E21/><V96/><F96/><W54/><G102/><T38/><D38/><U18/><E75/><V19/><F19/><RYUUKYOKU ba="1,0" sc="189,10,415,-30,159,10,237,10" hai0="5,10,14,24,26,80,84" hai2="25,27,29,30,85,87,89,91,92,94" hai3="6,8,13,45,48,53,54,64,65,66" /><INIT seed="4,2,0,0,4,72" ten="199,385,169,247" oya="0" hai0="113,77,56,76,95,61,23,43,3,112,103,129,40" hai1="32,11,15,135,127,122,25,69,2,83,12,45,14" hai2="132,36,126,67,5,102,8,53,18,92,65,6,115" hai3="68,16,57,118,27,87,94,22,34,131,38,111,73"/><T4/><D129/><U54/><E122/><V10/><F36/><W82/><G68/><T28/><D4/><U116/><E69/><V91/><F115/><N who="0" m="44106" /><D3/><U58/><E116/><V97/><F132/><W21/><G118/><T104/><D104/><U114/><E135/><V26/><F126/><W39/><G111/><T41/><D28/><U66/><E2/><V64/><F53/><W84/><G34/><T52/><D23/><U13/><E114/><V79/><F102/><W128/><G22/><T100/><D100/><U110/><E110/><V24/><F18/><W59/><G39/><T51/><D61/><U0/><E25/><V96/><F96/><AGARI ba="2,0" hai="40,41,43,51,52,56,76,77,95,96,103" m="44106" machi="96" ten="30,11600,0" yaku="15,1,52,2,54,1" doraHai="72" who="0" fromWho="2" sc="199,122,385,0,169,-122,247,0" /><INIT seed="4,3,0,4,1,63" ten="321,385,47,247" oya="0" hai0="120,31,102,9,105,35,90,114,123,21,124,40,47" hai1="33,121,55,76,128,10,52,92,67,80,59,37,61" hai2="11,119,53,79,28,133,70,56,26,93,118,5,30" hai3="86,78,97,20,113,36,77,15,131,94,25,101,18"/><T115/><D35/><U130/><E121/><V49/><F133/><W43/><G113/><N who="0" m="43019" /><D9/><U81/><E33/><V74/><F70/><W84/><G131/><N who="1" m="50218" /><E37/><V27/><F74/><W0/><G0/><T23/><D90/><U17/><E92/><V73/><F93/><W132/><G132/><T68/><D68/><U8/><E81/><V103/><F103/><W65/><G78/><T135/><D135/><U29/><E29/><V125/><F79/><W38/><G77/><T82/><D82/><U66/><E55/><V83/><F83/><W88/><G86/><T99/><D124/><U46/><E46/><V42/><F125/><W87/><G84/><T108/><D108/><U6/><E17/><V58/><F42/><W50/><G38/><N who="0" m="21911" /><D31/><U2/><E10/><V112/><F73/><AGARI ba="3,0" hai="2,6,8,52,59,61,66,67,73,76,80" m="50218" machi="73" ten="30,7700,0" yaku="19,1,52,2,54,1" doraHai="63" who="1" fromWho="2" sc="321,0,385,86,47,-86,247,0" owari="321,12.1,471,57.1,-39,-53.9,247,-15.3" /></mjloggm>