<mjloggm ver="2.3"><GO type="169" lobby="0"/><UN n0="%E3%83%90%E3%83%AA%E3%83%88%E3%83%B3" n1="%E3%81%B4%E3%81%88%E3%81%AB%E3%82%93" n2="%E9%88%8D%E7%97%9B" n3="%E3%81%A7%E3%82%93%E3%81%A4%E3%81%86" dan="17,17,16,18" rate="2251.48,2217.95,2113.26,2220.14" sx="M,M,F,M"/><TAIKYOKU oya="0"/><INIT seed="0,0,0,4,0,52" ten="250,250,250,250" oya="0" hai0="27,103,88,115,4,55,6,116,130,77,70,100,85" hai1="113,118,106,29,132,35,30,21,135,110,31,114,33" hai2="50,66,102,49,5,96,10,28,65,56,71,122,133" hai3="2,109,9,80,7,47,40,125,134,121,78,131,57"/><T37/><D115/><N who="1" m="44043" /><E106/><V26/><F122/><W43/><G121/><T92/><D116/><U14/><E118/><V76/><F76/><W105/><G109/><T42/><D70/><U19/><E110/><V58/><F71/><W23/><G125/><T127/><D127/><U99/><E99/><V87/><F87/><W34/><G34/><AGARI ba="0,0" hai="14,19,21,29,30,31,33,34,35,132,135" m="44043" machi="34" ten="40,5200,0" yaku="11,1,34,2" doraHai="52" who="1" fromWho="3" sc="250,0,250,52,250,0,250,-52" /><INIT seed="1,0,0,4,2,41" ten="250,302,250,198" oya="1" hai0="8,124,106,120,127,103,89,70,2,86,115,16,50" hai1="107,52,6,53,113,126,36,17,78,45,94,102,43" hai2="19,95,55,134,14,47,32,128,20,73,109,88,105" hai3="101,63,10,44,49,121,35,71,87,27,74,79,31"/><U91/><E113/><V116/><F116/><W98/><G121/><T99/><D115/><U62/><E126/><V46/><F105/><W33/><G74/><T68/><D120/><U60/><E78/><V104/><F104/><W25/><G10/><T82/><D50/><U75/><E75/><V28/><F73/><W85/><G79/><T97/><D97/><U0/><E0/><V4/><F4/><W67/><G27/><T90/><D90/><U135/><E6/><V15/><F15/><W117/><G33/><T110/><D110/><U65/><E135/><V77/><F77/><W58/><G58/><T96/><D96/><U40/><E40/><V42/><F109/><W37/><G37/><T108/><D108/><U12/><E102/><V3/><F3/><W72/><G72/><T11/><D11/><U132/><E107/><V57/><F42/><W61/><G61/><T22/><D8/><U48/><E62/><V29/><F134/><W111/><G117/><T26/><REACH who="0" step="1"/><D2/><REACH who="0" ten="240,302,250,198" step="2"/><U129/><E132/><V30/><F128/><W39/><G111/><T69/><AGARI ba="0,1" hai="16,22,26,68,69,70,82,86,89,99,103,106,124,127" machi="69" ten="40,8000,1" yaku="1,1,2,1,0,1,54,1,53,1" doraHai="41" doraHaiUra="81" who="0" fromWho="0" sc="240,90,302,-40,250,-20,198,-20" /><INIT seed="2,0,0,2,1,54" ten="330,262,230,178" oya="2" hai0="15,103,120,93,73,79,36,5,35,114,69,13,46" hai1="77,48,58,61,98,21,107,110,47,130,50,16,133" hai2="4,40,41,22,74,56,94,134,59,63,66,29,83" hai3="113,80,6,31,70,42,102,82,97,112,87,38,18"/><V96/><F134/><W14/><G70/><T3/><D120/><U124/><E133/><V34/><F34/><W64/><G64/><T100/><D35/><U65/><E110/><V25/><F4/><W62/><G62/><T68/><D15/><U30/><E124/><V126/><F126/><W7/><G31/><T8/><D13/><U49/><E130/><V91/><F74/><W1/><G1/><T81/><D114/><N who="3" m="44137" /><G42/><N who="0" m="22855" /><D93/><U33/><E77/><V75/><F75/><W28/><G28/><T121/><D121/><U117/><E117/><V11/><F11/><N who="3" m="6495" /><G38/><T95/><D103/><U43/><E30/><V17/><F83/><N who="3" m="31787" /><G87/><T23/><D23/><U60/><E33/><V127/><F127/><W88/><G88/><T104/><D95/><AGARI ba="0,0" hai="6,7,95,97,102" m="31787,6495,44137" machi="95" ten="30,1000,0" yaku="11,1" doraHai="54" who="3" fromWho="0" sc="330,-10,262,0,230,0,178,10" /><INIT seed="3,0,0,2,0,95" ten="320,262,230,188" oya="3" hai0="33,93,36,69,71,77,54,112,2,97,3,62,75" hai1="124,51,78,118,88,23,80,39,32,66,117,29,73" hai2="1,101,126,7,86,115,102,5,20,76,106,26,43" hai3="99,53,31,121,35,15,120,129,94,65,96,58,63"/><W103/><G129/><T132/><D132/><U82/><E39/><V56/><F115/><W10/><G35/><T92/><D112/><U100/><E66/><V44/><F126/><W72/><G72/><T109/><D109/><U52/><E124/><V57/><F76/><W116/><G31/><T123/><D123/><U67/><E67/><V135/><F86/><W50/><G116/><N who="1" m="44650" /><E100/><V8/><F7/><W119/><G99/><T59/><D36/><U85/><E23/><V70/><F70/><W38/><G38/><T81/><D93/><U83/><E29/><V98/><F102/><W28/><G28/><T91/><REACH who="0" step="1"/><D33/><REACH who="0" ten="310,262,230,188" step="2"/><U0/><E32/><V14/><F135/><W42/><G119/><T133/><D133/><U13/><E83/><V87/><F106/><W17/><REACH who="3" step="1"/><G42/><REACH who="3" ten="310,262,230,178" step="2"/><T79/><D79/><U89/><E78/><V130/><F43/><W122/><G122/><T9/><D9/><U11/><E11/><V84/><F8/><W55/><G55/><T41/><D41/><U64/><E52/><V127/><F127/><W110/><G110/><T4/><D4/><U61/><E64/><V12/><F5/><W40/><G40/><T45/><D45/><AGARI ba="0,2" hai="10,15,17,45,50,53,58,63,65,94,96,103,120,121" machi="45" ten="30,5800,0" yaku="1,1,7,1,52,1,53,0" doraHai="95" doraHaiUra="25" who="3" fromWho="0" sc="310,-58,262,0,230,0,178,78" /><INIT seed="3,1,0,5,2,123" ten="252,262,230,256" oya="3" hai0="42,39,5,113,115,90,134,27,116,54,73,132,60" hai1="94,82,19,109,30,22,101,95,89,93,34,83,129" hai2="15,118,40,71,81,84,35,45,76,66,80,17,13" hai3="33,128,21,1,18,59,135,56,3,130,41,12,68"/><W104/><G68/><T11/><D73/><U64/><E129/><N who="3" m="49770" /><G104/><T43/><D90/><U55/><E64/><V131/><F118/><W87/><G33/><T77/><D77/><U124/><E124/><V106/><F106/><W44/><G135/><N who="0" m="51755" /><D27/><U122/><E109/><V8/><F35/><W20/><G87/><T63/><D116/><U4/><E4/><V98/><F98/><W102/><G102/><T61/><D39/><U91/><E101/><V14/><F66/><W16/><G3/><N who="0" m="447" /><D54/><U62/><E30/><V26/><F71/><W110/><G110/><T53/><D53/><U126/><E34/><V32/><F131/><W133/><G1/><T125/><D125/><U37/><E37/><V6/><F80/><N who="1" m="30761" /><E126/><V36/><REACH who="2" step="1"/><F17/><REACH who="2" ten="252,262,220,256" step="2"/><W119/><G119/><T24/><D24/><N who="1" m="14431" /><E122/><V67/><F67/><W25/><G133/><T7/><D7/><U86/><E86/><V49/><F49/><AGARI ba="1,1" hai="12,16,18,20,21,25,41,44,49,56,59" m="49770" machi="49" ten="30,2900,0" yaku="19,1,54,1" doraHai="123" who="3" fromWho="2" sc="252,0,262,0,220,-32,256,42" /><INIT seed="3,2,0,0,0,21" ten="252,262,188,298" oya="3" hai0="86,114,127,13,32,100,57,99,91,118,87,29,96" hai1="65,55,113,24,109,101,80,72,133,2,81,126,38" hai2="1,31,66,130,44,53,54,46,17,103,61,25,7" hai3="35,134,30,23,20,112,68,98,97,48,22,122,50"/><W6/><G112/><T58/><D118/><U124/><E2/><V132/><F130/><W111/><G122/><T85/><D127/><N who="1" m="48683" /><E38/><V92/><F132/><W94/><G134/><T64/><D114/><U3/><E3/><V0/><F17/><W16/><G111/><T12/><D91/><U115/><E109/><V93/><F66/><W45/><G68/><T19/><D64/><U107/><E65/><V63/><F31/><W42/><G6/><T70/><D70/><U71/><E71/><V51/><F51/><W78/><G78/><T82/><D82/><N who="1" m="31851" /><E55/><V73/><F7/><W121/><G121/><T10/><D13/><U11/><E11/><V8/><F8/><W39/><G98/><T95/><REACH who="0" step="1"/><D99/><REACH who="0" ten="242,262,188,298" step="2"/><N who="1" m="61887" /><E133/><V117/><F103/><W26/><REACH who="3" step="1"/><G16/><REACH who="3" ten="242,262,188,288" step="2"/><T119/><D119/><U75/><E113/><V15/><F117/><W62/><G62/><T90/><D90/><AGARI ba="2,2" hai="20,22,23,26,30,35,39,42,45,48,50,90,94,97" machi="90" ten="40,3900,0" yaku="1,1,52,1,53,0" doraHai="21" doraHaiUra="129" who="3" fromWho="0" sc="242,-45,262,0,188,0,288,65" /><INIT seed="3,3,0,4,1,128" ten="197,262,188,353" oya="3" hai0="30,99,123,0,120,34,52,65,27,105,9,24,124" hai1="104,77,127,88,43,33,107,2,35,116,6,45,131" hai2="5,44,84,64,80,115,119,59,73,25,4,106,12" hai3="93,79,40,74,11,57,114,108,22,18,96,121,98"/><W76/><G121/><T38/><D124/><U111/><E127/><V61/><F115/><W17/><G114/><T82/><D38/><U67/><E131/><V126/><F119/><W101/><G108/><T103/><D27/><U94/><E111/><V109/><F106/><W29/><G74/><T75/><D52/><U72/><E67/><V41/><F73/><W125/><G125/><T83/><D83/><N who="1" m="45479" /><E104/><V53/><F109/><W95/><G40/><T66/><D66/><U13/><E13/><V32/><F126/><W26/><G57/><T92/><D92/><U19/><E19/><N who="3" m="7178" /><G11/><T46/><D46/><U132/><E107/><V58/><F32/><W15/><G15/><T113/><D65/><U31/><E31/><V91/><F25/><W135/><G135/><T20/><D20/><U102/><E102/><AGARI ba="3,0" hai="22,26,29,76,79,93,95,96,98,101,102" m="7178" machi="102" ten="30,1500,0" yaku="8,1" doraHai="128" who="3" fromWho="1" sc="197,0,262,-24,188,0,353,24" /><INIT seed="3,4,0,0,2,67" ten="197,238,188,377" oya="3" hai0="54,132,6,125,83,10,45,131,5,38,17,135,29" hai1="86,52,109,68,62,113,111,27,24,133,61,91,39" hai2="103,102,35,127,15,98,51,14,46,28,37,117,4" hai3="99,7,74,80,121,106,77,36,123,20,60,22,85"/><W114/><G114/><T79/><D29/><U78/><E113/><V2/><F117/><W32/><G36/><T34/><D34/><U16/><E78/><V12/><F37/><W50/><G32/><T128/><D17/><U70/><E39/><V118/><F118/><W88/><G7/><T95/><D95/><U43/><E43/><V59/><F59/><W0/><G0/><T130/><D54/><U116/><E133/><N who="0" m="51273" /><D10/><U41/><E41/><V87/><F87/><W65/><G50/><T122/><D122/><U94/><E116/><V75/><F75/><W115/><G115/><T108/><D108/><N who="1" m="41547" /><E62/><V26/><F127/><W66/><G66/><T129/><D129/><U56/><E16/><V90/><F4/><W49/><G49/><T33/><D33/><U84/><E84/><V1/><F2/><W76/><G76/><T21/><D21/><U96/><E86/><V92/><REACH who="2" step="1"/><F1/><REACH who="2" ten="197,238,178,377" step="2"/><W81/><G123/><T31/><D125/><U101/><E101/><V82/><F82/><W3/><G3/><T55/><D38/><U40/><E40/><AGARI ba="4,1" hai="12,14,15,26,28,35,40,46,51,90,92,98,102,103" machi="40" ten="40,1300,0" yaku="1,1,53,0" doraHai="67" doraHaiUra="105" who="2" fromWho="1" sc="197,0,238,-25,178,35,377,0" /><INIT seed="4,0,0,3,3,21" ten="197,213,213,377" oya="0" hai0="13,77,54,14,56,125,16,40,47,39,92,94,88" hai1="90,5,78,79,35,34,111,81,38,63,89,20,49" hai2="134,100,23,95,70,121,8,105,93,91,25,103,99" hai3="7,32,51,84,33,4,59,68,44,74,27,24,67"/><T83/><D125/><U42/><E111/><V62/><F134/><W66/><G74/><T6/><D6/><N who="3" m="2089" /><G68/><T97/><D92/><U131/><E38/><V123/><F8/><W64/><G32/><T2/><D2/><U71/><E5/><V3/><F3/><W30/><G33/><T101/><D101/><U82/><E131/><V102/><F105/><W129/><G30/><T28/><D28/><U10/><E10/><V110/><F110/><W109/><G109/><T135/><D135/><U106/><E106/><V57/><F70/><W58/><G84/><T12/><D16/><U29/><E20/><V17/><REACH who="2" step="1"/><F95/><REACH who="2" ten="197,213,203,377" step="2"/><W108/><G108/><T115/><D115/><U130/><E71/><V87/><F87/><W43/><G129/><T75/><REACH who="0" step="1"/><D14/><REACH who="0" ten="187,213,203,377" step="2"/><U80/><E130/><V36/><F36/><W96/><G96/><T26/><D26/><AGARI ba="0,2" hai="24,26,27,43,44,51,58,59,64,66,67" m="2089" machi="26" ten="30,7700,0" yaku="8,1,52,3" doraHai="21" who="3" fromWho="0" sc="187,-77,213,0,203,0,377,97" /><INIT seed="5,0,0,4,4,68" ten="110,213,203,474" oya="1" hai0="64,59,117,14,119,94,107,113,91,134,42,82,121" hai1="25,0,10,50,84,16,128,102,74,49,61,124,57" hai2="41,101,17,3,36,135,53,129,70,12,106,15,28" hai3="115,43,26,97,40,44,5,9,118,24,110,7,35"/><U29/><E124/><V96/><F3/><W76/><G110/><T21/><D107/><U131/><E74/><V83/><F28/><W79/><G115/><T18/><D113/><U98/><E84/><V1/><F1/><W51/><G118/><T52/><D134/><U58/><E58/><V54/><F70/><W22/><G35/><T81/><D121/><U87/><E87/><V62/><F12/><N who="3" m="5167" /><G7/><T65/><D42/><N who="3" m="15913" /><G97/><T73/><D119/><U13/><E0/><V111/><F62/><W114/><G26/><T105/><D105/><U67/><E128/><V72/><F111/><W103/><G103/><T122/><D122/><U38/><E38/><V11/><F135/><W45/><G114/><T30/><D30/><U4/><E4/><V120/><F129/><W6/><G6/><T132/><D132/><U90/><E90/><V71/><F71/><W8/><G8/><T31/><D31/><U55/><E131/><V104/><F106/><W95/><G95/><T77/><D82/><U66/><E66/><V116/><F116/><W86/><G86/><T100/><D100/><U33/><REACH who="1" step="1"/><E67/><REACH who="1" ten="110,203,203,474" step="2"/><V92/><F120/><W127/><G127/><T56/><D117/><U112/><E112/><V47/><F72/><W39/><G39/><T109/><D109/><U130/><E130/><V126/><F126/><W78/><G51/><T37/><D37/><U99/><E99/><N who="2" m="61503" /><F83/><W75/><G75/><T108/><D108/><U60/><E60/><V88/><F36/><W19/><AGARI ba="0,1" hai="19,22,24,44,45,76,78,79" m="15913,5167" machi="19" ten="30,1100,0" yaku="8,1" doraHai="68" who="3" fromWho="3" sc="110,-3,203,-5,203,-3,474,21" /><INIT seed="6,0,0,1,0,20" ten="107,198,200,495" oya="2" hai0="71,111,31,83,97,84,95,2,40,8,70,3,49" hai1="41,38,104,48,7,132,28,9,110,50,93,34,117" hai2="39,5,59,47,21,124,10,52,25,55,103,106,15" hai3="32,76,90,4,134,13,12,119,101,44,16,85,6"/><V100/><F124/><W72/><G119/><T24/><D111/><U112/><E117/><V54/><F106/><W61/><G32/><T115/><D115/><U79/><E104/><V128/><F128/><W107/><G134/><T89/><D3/><U129/><E110/><V91/><F39/><W88/><G72/><T86/><D86/><U133/><E112/><V135/><F135/><N who="1" m="51785" /><E93/><V19/><F47/><W51/><G61/><T11/><D2/><N who="1" m="247" /><E79/><V42/><F42/><W99/><G76/><T116/><D116/><U65/><E65/><V78/><F78/><W53/><G13/><T120/><D120/><U75/><E75/><V0/><F59/><W98/><G98/><T60/><D71/><U131/><E38/><V82/><F0/><W35/><G35/><T23/><D70/><U123/><E123/><V113/><F113/><W1/><G1/><T58/><D49/><N who="1" m="19051" /><E41/><V43/><F43/><W77/><G77/><T62/><D62/><U122/><E122/><V18/><F5/><W125/><G90/><T109/><D40/><U29/><E34/><V74/><F74/><W22/><G125/><T30/><D109/><U36/><E36/><V33/><F33/><W130/><G130/><AGARI ba="0,0" hai="28,29,129,130,131" m="19051,247,51785" machi="130" ten="30,2000,0" yaku="19,1,20,1" doraHai="20" who="1" fromWho="3" sc="107,0,198,20,200,0,495,-20" /><INIT seed="7,0,0,5,0,3" ten="107,218,200,475" oya="3" hai0="13,72,80,103,47,96,106,46,116,69,48,107,117" hai1="100,14,44,2,37,133,61,121,32,51,95,21,130" hai2="59,12,36,91,132,64,28,9,4,74,40,97,33" hai3="49,58,1,78,11,15,104,77,5,6,54,93,87"/><W126/><G104/><T71/><D13/><U29/><E121/><V99/><F74/><W8/><REACH who="3" step="1"/><G126/><REACH who="3" ten="107,218,200,465" step="2"/><T34/><D34/><U92/><E32/><V84/><F33/><W68/><G68/><T98/><D72/><U79/><E130/><V42/><F132/><W120/><G120/><T108/><D108/><U131/><E133/><V66/><F36/><W128/><G128/><T17/><D48/><U43/><E51/><V123/><F123/><W112/><G112/><T109/><D109/><U101/><E37/><V81/><F28/><W39/><G39/><T86/><D86/><U65/><E29/><V113/><F113/><W57/><G57/><T20/><D20/><U119/><E21/><V0/><F59/><W89/><AGARI ba="0,1" hai="1,5,6,8,11,15,49,54,58,77,78,87,89,93" machi="89" ten="30,11700,0" yaku="1,1,0,1,52,2,53,0" doraHai="3" doraHaiUra="23" who="3" fromWho="3" sc="107,-39,218,-39,200,-39,465,127" owari="68,-43.2,179,-2.1,161,-23.9,592,69.2" /></mjloggm>