<mjloggm ver="2.3"><GO type="169" lobby="0"/><UN n0="%E6%9F%8A%E5%92%B2%E5%A4%9C" n1="%73%6F%61%6F" n2="%E9%95%B7%E5%B2%A1" n3="%6B%72%62" dan="16,16,16,16" rate="2126.55,2123.42,2124.49,2192.62" sx="M,M,M,F"/><TAIKYOKU oya="0"/><INIT seed="0,0,0,5,4,90" ten="250,250,250,250" oya="0" hai0="17,105,103,49,102,16,76,67,80,8,51,60,11" hai1="36,95,7,70,9,40,53,62,69,113,85,117,68" hai2="132,83,58,106,37,28,122,44,109,104,13,116,19" hai3="18,50,6,86,22,127,74,39,31,2,119,42,41"/><T107/><D107/><U89/><E117/><V129/><F122/><W56/><G74/><T72/><D105/><U52/><E113/><V54/><F109/><W29/><G119/><T30/><D30/><U57/><E36/><V98/><F116/><W71/><G71/><T93/><D11/><U84/><E40/><V3/><F3/><W82/><G39/><T118/><D118/><U63/><E84/><V134/><F28/><W126/><G6/><T81/><D103/><U94/><E53/><V25/><F25/><W133/><G2/><T43/><D81/><U48/><REACH who="1" step="1"/><E95/><REACH who="1" ten="250,240,250,250" step="2"/><V20/><F98/><W124/><G42/><T97/><D43/><U125/><E125/><V101/><F106/><W24/><G41/><T135/><D135/><N who="2" m="51754" /><F37/><W1/><G133/><T77/><D77/><U110/><E110/><V131/><F104/><W99/><G99/><T128/><D128/><U66/><E66/><V23/><F101/><W120/><G120/><T34/><D34/><U96/><E96/><V45/><F131/><W32/><G32/><T26/><D67/><U87/><E87/><V0/><F129/><W91/><G1/><AGARI ba="0,1" hai="1,7,9,48,52,57,62,63,68,69,70,85,89,94" machi="1" ten="40,5200,0" yaku="1,1,52,1,54,1,53,0" doraHai="90" doraHaiUra="130" who="1" fromWho="3" sc="250,0,240,62,250,0,250,-52" /><INIT seed="1,0,0,2,0,15" ten="250,302,250,198" oya="1" hai0="56,32,22,101,90,121,23,80,45,64,129,69,50" hai1="29,21,2,103,39,86,124,84,38,48,122,68,37" hai2="91,34,47,16,123,132,87,71,57,117,46,89,62" hai3="41,43,82,88,58,51,14,77,81,113,70,9,119"/><U98/><E122/><V95/><F123/><W59/><G113/><T107/><D32/><U74/><E74/><V128/><F117/><W1/><G1/><T36/><D121/><U3/><E68/><V52/><F34/><W63/><G70/><T18/><D36/><U109/><E124/><V73/><F73/><W26/><G26/><T30/><D69/><U126/><E126/><V125/><F125/><W131/><G131/><T28/><D107/><U60/><E60/><V93/><F132/><W111/><G111/><T114/><D101/><U118/><E118/><V10/><F128/><W110/><G110/><T5/><D5/><U116/><E116/><V55/><F55/><W13/><G119/><T12/><D114/><U42/><E109/><V53/><F53/><W61/><G77/><T31/><D129/><U92/><E29/><V4/><F71/><W8/><G51/><T99/><D23/><U54/><E42/><V115/><F115/><W25/><G25/><T78/><D78/><U75/><E75/><V130/><F130/><W72/><G72/><T102/><D102/><U133/><E133/><V105/><F105/><W127/><G127/><T135/><D135/><U65/><E65/><V94/><F4/><W0/><G0/><T40/><D56/><N who="1" m="32839" /><E21/><V44/><F91/><AGARI ba="0,0" hai="8,9,13,14,41,43,58,59,61,63,81,82,88,91" machi="91" ten="25,6400,0" yaku="22,2,8,1,54,1" doraHai="15" who="3" fromWho="2" sc="250,0,302,0,250,-64,198,64" /><INIT seed="2,0,0,3,1,2" ten="250,302,186,262" oya="2" hai0="76,80,96,71,110,52,75,11,31,100,54,23,102" hai1="77,130,109,78,119,59,123,4,107,106,61,44,26" hai2="37,129,125,64,81,7,86,67,131,63,135,16,14" hai3="35,22,127,83,15,9,8,133,69,20,0,1,99"/><V12/><F37/><W113/><G69/><T53/><D110/><U10/><E109/><V112/><F112/><W74/><G113/><T91/><D71/><U90/><E119/><V117/><F117/><W45/><G127/><T65/><D65/><U116/><E116/><V89/><F125/><W50/><G35/><T27/><D91/><U39/><E130/><N who="2" m="49675" /><F135/><W73/><G133/><T57/><D11/><U32/><E90/><V66/><F12/><W114/><G114/><T101/><REACH who="0" step="1"/><D57/><REACH who="0" ten="240,302,186,262" step="2"/><U33/><E59/><N who="2" m="36991" /><F7/><W62/><G9/><AGARI ba="0,1" hai="9,14,16,66,67,81,86,89" m="36991,49675" machi="9" ten="30,2900,0" yaku="19,1,54,1" doraHai="2" who="2" fromWho="3" sc="240,0,302,0,186,39,262,-29" /><INIT seed="2,1,0,5,2,4" ten="240,302,225,233" oya="2" hai0="0,100,24,44,80,59,96,111,99,6,40,71,125" hai1="16,28,9,91,73,113,119,49,82,22,94,34,38" hai2="85,109,19,92,129,110,107,41,8,67,11,27,39" hai3="14,65,36,132,123,64,88,126,29,1,84,122,124"/><V51/><F107/><W83/><G36/><T33/><D71/><U54/><E38/><V112/><F112/><W131/><G1/><T127/><D59/><U43/><E43/><V47/><F129/><W95/><G131/><T69/><D69/><U104/><E104/><V102/><F67/><W60/><G29/><T50/><D111/><N who="2" m="42506" /><F39/><W31/><G31/><N who="0" m="19687" /><D80/><U45/><E113/><V23/><F85/><W103/><G132/><T74/><D74/><U61/><E61/><V120/><F120/><W7/><G65/><T26/><D26/><U121/><E119/><V42/><F42/><W63/><G122/><T70/><D100/><U66/><E66/><V15/><F27/><W3/><G123/><T12/><D0/><U57/><E73/><V93/><F93/><W35/><G3/><T79/><D70/><U55/><E82/><V75/><F75/><W101/><G35/><T25/><D25/><N who="1" m="16439" /><E34/><V10/><F92/><W62/><G64/><T98/><D127/><N who="3" m="48681" /><G95/><T78/><D125/><U108/><E108/><V118/><F102/><W37/><G37/><T20/><D79/><U114/><E121/><V18/><F19/><W32/><G32/><T89/><D78/><U52/><E114/><V81/><F81/><W56/><G56/><T17/><D89/><U86/><E57/><V128/><F128/><W97/><G97/><T2/><D99/><U53/><E53/><V117/><AGARI ba="1,0" hai="8,10,11,15,18,23,41,47,51,117,118" m="42506" machi="117" ten="40,12000,1" yaku="14,1,10,1,52,3" doraHai="4" who="2" fromWho="2" sc="240,-41,302,-41,225,123,233,-41" /><INIT seed="2,2,0,5,0,10" ten="199,261,348,192" oya="2" hai0="34,7,123,99,131,103,62,117,9,38,82,72,127" hai1="75,134,37,51,52,64,132,68,28,56,48,76,21" hai2="121,29,54,0,31,65,32,90,41,45,11,83,60" hai3="66,93,102,94,80,35,118,43,42,91,6,84,71"/><V110/><F121/><W19/><G118/><T1/><D123/><U85/><E75/><V111/><F54/><W33/><G71/><T79/><D117/><U55/><E76/><V26/><F31/><W15/><G66/><T27/><D131/><U20/><E85/><V128/><F128/><W53/><G6/><T36/><D127/><U70/><E28/><V129/><F129/><W63/><G35/><T25/><D25/><U95/><E95/><N who="3" m="36362" /><G33/><T107/><D62/><U122/><E64/><V8/><F90/><W47/><G102/><T67/><D67/><U16/><E122/><V49/><F83/><W39/><G39/><T119/><D119/><U46/><E37/><V57/><REACH who="2" step="1"/><F0/><REACH who="2" ten="199,261,338,192" step="2"/><W124/><G124/><T50/><D50/><U115/><E115/><V17/><F17/><W92/><G80/><T108/><D108/><AGARI ba="2,1" hai="8,11,26,29,32,41,45,49,57,60,65,108,110,111" machi="108" ten="40,12000,1" yaku="1,1,14,1,10,1,53,1" doraHai="10" doraHaiUra="59" who="2" fromWho="0" sc="199,-126,261,0,338,136,192,0" /><INIT seed="2,3,0,1,1,127" ten="73,261,474,192" oya="2" hai0="22,88,20,124,44,36,82,80,6,31,78,63,42" hai1="47,58,30,94,24,79,89,28,39,59,2,35,27" hai2="93,25,40,135,7,129,101,5,72,10,62,96,92" hai3="113,83,45,54,49,0,123,112,99,52,131,65,87"/><V118/><F118/><W130/><G0/><T132/><D124/><U75/><E2/><V102/><F135/><W115/><G123/><T95/><D132/><U56/><E79/><V91/><F72/><W50/><G65/><T43/><D6/><U57/><E75/><V114/><F114/><W77/><REACH who="3" step="1"/><G99/><REACH who="3" ten="73,261,474,182" step="2"/><T116/><D116/><U107/><E35/><V106/><F96/><W76/><G76/><T85/><D78/><U98/><E107/><V37/><F106/><W1/><G1/><T60/><D43/><U125/><E125/><V97/><F97/><W74/><G74/><T109/><D109/><U9/><E98/><V111/><F40/><W133/><G133/><T90/><D90/><U17/><E89/><V105/><F105/><W81/><G81/><T34/><D34/><U122/><E94/><V84/><F91/><W69/><G69/><T103/><D103/><U48/><E122/><V23/><F111/><W121/><G121/><T26/><REACH who="0" step="1"/><D20/><REACH who="0" ten="63,261,474,182" step="2"/><U51/><E9/><V120/><F10/><W71/><G71/><T33/><D33/><U64/><E64/><V134/><F134/><W61/><G61/><AGARI ba="3,2" hai="22,26,31,36,42,44,60,61,63,80,82,85,88,95" machi="61" ten="40,5200,0" yaku="1,1,54,1,53,1" doraHai="127" doraHaiUra="19" who="0" fromWho="3" sc="63,81,261,0,474,0,182,-61" /><INIT seed="3,0,0,3,5,37" ten="144,261,474,121" oya="3" hai0="34,113,6,72,59,82,67,133,60,41,91,16,12" hai1="30,43,51,49,86,106,93,88,3,135,54,128,50" hai2="95,122,97,29,83,1,20,114,134,25,24,13,4" hai3="124,22,108,70,53,58,18,111,126,28,31,80,69"/><W52/><G80/><T68/><D34/><U104/><E3/><V77/><F114/><W7/><G7/><T130/><D113/><U55/><E135/><V33/><F134/><W87/><G87/><N who="0" m="50679" /><D68/><N who="3" m="26217" /><G28/><T62/><D72/><U64/><E64/><V115/><F115/><W103/><G103/><T71/><D71/><U35/><E128/><V99/><F122/><W98/><G98/><T44/><D130/><U127/><E35/><V47/><F95/><W15/><G31/><T119/><D62/><U21/><E21/><V11/><F47/><W32/><G32/><T38/><D38/><U75/><E30/><V39/><F39/><W74/><G74/><T94/><D6/><U61/><E75/><N who="2" m="43455" /><F24/><W81/><G81/><T27/><D27/><U79/><E79/><V48/><F48/><N who="3" m="30983" /><G53/><T132/><D133/><U76/><E55/><V23/><F23/><W110/><AGARI ba="0,0" hai="15,18,22,108,110,111,124,126" m="30983,26217" machi="110" ten="40,7800,0" yaku="14,1,10,1,54,1" doraHai="37" who="3" fromWho="3" sc="144,-26,261,-26,474,-26,121,78" /><INIT seed="3,1,0,2,4,83" ten="118,235,448,199" oya="3" hai0="111,2,110,30,14,26,13,131,6,101,79,88,58" hai1="16,115,121,73,51,127,20,21,82,42,105,130,112" hai2="62,81,45,40,104,96,106,84,119,56,95,43,108" hai3="77,120,3,47,126,29,27,93,36,5,10,70,19"/><W39/><G120/><T48/><D79/><U65/><E105/><V134/><F108/><N who="0" m="41514" /><D101/><U50/><E127/><V24/><F134/><W52/><G70/><T54/><D131/><U80/><E130/><V25/><F119/><W9/><G126/><T69/><D69/><U128/><E128/><V17/><F106/><W12/><G77/><T49/><D2/><U15/><E73/><V60/><F104/><W22/><G93/><T122/><D122/><U102/><E102/><N who="2" m="60703" /><F45/><W53/><REACH who="3" step="1"/><G47/><REACH who="3" ten="118,235,448,189" step="2"/><T98/><D98/><U63/><E121/><V114/><F81/><W18/><G18/><T123/><D123/><U46/><E16/><V64/><F17/><W124/><G124/><T68/><D68/><U116/><E82/><V109/><F109/><W59/><G59/><T107/><D107/><U135/><E80/><V91/><F56/><W72/><G72/><T133/><D133/><U67/><E135/><V31/><F84/><W85/><G85/><T113/><D58/><U4/><E115/><V32/><F114/><W74/><G74/><T23/><D113/><U118/><E112/><V103/><F91/><W94/><G94/><T34/><D88/><U0/><E118/><V71/><F103/><W75/><G75/><T61/><D6/><U97/><E116/><V86/><F86/><W78/><G78/><T55/><D30/><U92/><E97/><V99/><F99/><W57/><G57/><T7/><D7/><U1/><E92/><V117/><F117/><W11/><G11/><T35/><D61/><U33/><E4/><V44/><F71/><W41/><G41/><RYUUKYOKU ba="1,1" sc="118,-10,235,-10,448,-10,189,30" hai3="3,5,9,10,12,19,22,27,29,36,39,52,53" /><INIT seed="3,2,1,5,3,24" ten="108,225,438,219" oya="3" hai0="64,9,8,3,34,109,123,93,38,73,48,101,92" hai1="61,82,29,70,91,57,119,1,97,2,44,122,77" hai2="40,35,87,120,28,90,10,130,62,71,5,31,11" hai3="15,45,112,98,25,88,33,132,81,74,32,83,85"/><W100/><G112/><T60/><D123/><U124/><E122/><V68/><F120/><W102/><G132/><T94/><D109/><U27/><E70/><V86/><F130/><W17/><G45/><T51/><D38/><U6/><E124/><V106/><F106/><W126/><G126/><T46/><D34/><U80/><E44/><V117/><F117/><W59/><G102/><T118/><D118/><U78/><E6/><V54/><F40/><W23/><G59/><N who="0" m="36895" /><D73/><U20/><E119/><V135/><F135/><W53/><G53/><N who="0" m="29847" /><D3/><U69/><E69/><V26/><F54/><W107/><G81/><T96/><D51/><U67/><E77/><V22/><F62/><W121/><G121/><T105/><D105/><U47/><E47/><V110/><F110/><W127/><G127/><T66/><D66/><U84/><REACH who="1" step="1"/><E97/><REACH who="1" ten="108,215,438,219" step="2"/><V99/><F99/><W104/><G104/><T14/><D96/><U125/><E125/><V114/><F71/><W58/><G58/><T76/><D76/><U50/><E50/><V115/><F68/><W30/><REACH who="3" step="1"/><G74/><AGARI ba="2,2" hai="1,2,20,27,29,57,61,67,74,78,80,82,84,91" machi="74" ten="30,3900,0" yaku="1,1,7,1,52,1,53,0" doraHai="24" doraHaiUra="42" who="1" fromWho="3" sc="108,0,215,65,438,0,219,-45" /><INIT seed="4,0,0,1,2,25" ten="108,280,438,174" oya="0" hai0="2,11,47,116,96,73,45,132,133,86,14,134,22" hai1="108,130,0,135,39,78,102,126,98,64,119,87,65" hai2="115,66,109,8,57,35,55,84,105,67,76,114,120" hai3="92,27,88,93,48,103,50,95,118,30,129,81,12"/><T54/><D116/><U71/><E65/><N who="2" m="24587" /><F105/><W20/><G118/><T77/><D73/><U29/><E64/><V60/><F35/><W52/><G129/><T124/><D124/><U74/><E87/><V123/><F8/><W21/><G50/><T17/><D96/><U127/><E78/><V83/><F109/><W31/><G103/><T85/><D54/><U90/><E90/><V70/><F70/><W16/><G81/><N who="0" m="47279" /><D86/><U79/><E79/><V69/><F69/><W107/><G107/><T36/><D36/><U42/><E42/><V80/><F80/><W49/><G49/><T43/><D43/><U91/><E91/><V61/><F60/><W4/><G4/><AGARI ba="0,0" hai="2,4,11,14,17,22,45,47,132,133,134" m="47279" machi="4" ten="30,1500,0" yaku="20,1" doraHai="25" who="0" fromWho="3" sc="108,15,280,0,438,0,174,-15" /><INIT seed="4,1,0,5,5,16" ten="123,280,438,159" oya="0" hai0="83,44,116,18,5,85,53,2,119,81,118,68,82" hai1="112,23,8,90,28,71,34,55,98,6,0,47,70" hai2="129,122,35,105,26,89,63,51,15,27,30,11,113" hai3="45,91,75,54,133,103,125,56,65,46,50,106,24"/><T62/><D2/><U114/><E34/><V25/><F105/><W78/><G125/><T37/><D5/><U124/><E124/><V87/><F122/><W43/><G133/><T39/><D85/><U104/><E47/><V95/><F113/><W79/><G75/><T74/><D74/><U66/><E55/><V92/><F129/><W72/><G72/><T127/><D127/><U115/><E66/><V110/><F110/><W108/><G108/><T93/><D93/><N who="1" m="56631" /><E104/><V59/><F51/><W100/><G106/><T57/><D68/><U80/><E80/><V101/><F101/><N who="3" m="38987" /><G65/><T29/><D29/><U40/><E40/><V60/><F60/><N who="3" m="35863" /><G46/><T109/><D109/><U17/><E28/><V20/><F95/><W121/><G121/><T131/><D131/><U3/><E3/><V12/><F35/><W94/><G24/><AGARI ba="1,0" hai="0,6,8,17,23,24,70,71,112,114,115" m="56631" machi="24" ten="30,3900,0" yaku="15,1,11,1,52,1" doraHai="16" who="1" fromWho="3" sc="123,0,280,42,438,0,159,-42" /><INIT seed="5,0,0,2,2,70" ten="123,322,438,117" oya="1" hai0="10,99,98,92,114,135,46,2,24,5,27,101,81" hai1="116,18,97,127,66,107,74,25,130,65,77,47,118" hai2="21,12,76,36,39,108,120,115,60,8,7,38,129" hai3="102,32,13,31,73,71,62,50,80,4,20,40,94"/><U109/><E127/><V35/><F108/><W75/><G32/><T52/><D114/><U84/><E74/><V125/><F120/><W90/><G102/><T6/><D135/><U72/><E72/><V87/><F35/><W67/><G80/><T44/><D6/><U112/><E112/><V133/><F115/><W22/><G4/><T121/><D121/><U15/><E130/><V11/><F129/><W83/><G83/><T128/><D128/><U54/><E25/><V33/><F33/><W100/><G100/><T122/><D122/><U126/><E126/><V104/><F104/><W0/><G0/><T106/><D46/><U53/><E97/><V29/><F125/><W19/><G22/><T113/><D113/><U86/><E107/><V58/><F133/><W96/><G31/><T55/><D81/><U1/><E1/><V30/><F21/><W110/><G110/><T134/><D134/><U51/><E109/><V23/><F23/><W17/><G19/><T82/><D82/><N who="1" m="47183" /><E118/><V3/><F87/><W28/><G28/><T49/><REACH who="0" step="1"/><D55/><REACH who="0" ten="113,322,438,117" step="2"/><U68/><E116/><V69/><F76/><W123/><G123/><T93/><D93/><U34/><E54/><V103/><F3/><W88/><REACH who="3" step="1"/><G90/><AGARI ba="0,1" hai="2,5,10,24,27,44,49,52,90,92,98,99,101,106" machi="90" ten="30,3900,0" yaku="1,1,7,1,54,1,53,0" doraHai="70" doraHaiUra="16" who="0" fromWho="3" sc="113,49,322,0,438,0,117,-39" /><INIT seed="6,0,0,4,5,10" ten="162,322,438,78" oya="2" hai0="1,113,67,106,15,92,75,27,102,57,122,44,31" hai1="105,37,118,53,80,23,62,133,129,124,96,69,91" hai2="98,22,35,16,36,32,88,2,112,18,103,110,108" hai3="3,116,34,48,47,26,4,43,82,97,28,9,59"/><V7/><F36/><W123/><G123/><T109/><D1/><U127/><E37/><V30/><F88/><W50/><G116/><T104/><D75/><U111/><E111/><N who="2" m="42539" /><F112/><W73/><G97/><T46/><D122/><U65/><E118/><V63/><F63/><W117/><G117/><T38/><D38/><U58/><E133/><V64/><F64/><W20/><G59/><T121/><D113/><U70/><E70/><V5/><F30/><W77/><G34/><N who="2" m="12841" /><F2/><W55/><G55/><T74/><D31/><U84/><E105/><N who="2" m="63735" /><F18/><W131/><G131/><T42/><D104/><U87/><E96/><V90/><F90/><W93/><G93/><T119/><D92/><U66/><E66/><V99/><F99/><W25/><REACH who="3" step="1"/><G26/><AGARI ba="0,0" hai="5,7,16,22,26" m="63735,12841,42539" machi="26" ten="30,2900,0" yaku="10,1,54,1" doraHai="10" who="2" fromWho="3" sc="162,0,322,0,438,29,78,-29" /><INIT seed="6,1,0,0,5,61" ten="162,322,467,49" oya="2" hai0="127,131,52,11,75,2,130,24,133,29,66,124,35" hai1="97,30,84,114,14,121,26,28,122,93,103,105,27" hai2="57,79,67,53,91,119,18,46,134,120,65,90,82" hai3="8,43,31,44,76,85,107,50,62,118,129,36,39"/><V77/><F119/><W25/><G118/><T47/><D75/><U34/><E114/><V51/><F120/><W7/><G107/><T9/><D66/><N who="2" m="25098" /><F134/><W38/><G62/><T100/><D100/><U111/><E111/><V83/><F18/><W104/><G104/><T128/><D2/><U98/><E14/><V95/><F91/><W20/><G129/><T15/><D133/><U0/><E0/><V70/><F70/><W72/><G72/><T37/><D37/><U22/><E84/><N who="2" m="52679" /><F57/><W23/><G23/><T116/><D116/><U56/><E56/><V89/><F89/><W48/><G48/><N who="0" m="28703" /><D9/><U41/><E121/><V3/><F3/><W6/><G6/><AGARI ba="1,0" hai="6,11,15,24,29,35,124,127,128,130,131" m="28703" machi="6" ten="30,2000,0" yaku="19,1,54,1" doraHai="61" who="0" fromWho="3" sc="162,23,322,0,467,0,49,-23" /><INIT seed="7,0,0,5,4,93" ten="185,322,467,26" oya="3" hai0="9,13,12,8,79,113,14,41,104,69,3,48,123" hai1="47,128,63,67,124,16,82,19,26,21,45,42,132" hai2="114,11,98,73,62,109,38,125,4,66,46,106,33" hai3="71,72,119,130,17,100,7,95,129,29,135,108,101"/><W75/><G71/><T97/><D69/><U53/><E132/><V96/><F109/><W56/><G119/><T43/><D3/><U51/><E124/><V85/><F73/><N who="3" m="28235" /><G29/><T40/><D123/><U81/><E128/><N who="3" m="49258" /><G7/><T134/><D134/><U35/><E19/><V59/><F33/><W80/><G135/><T94/><D104/><U30/><E35/><V89/><F125/><W24/><G56/><T122/><D79/><U107/><E107/><V131/><F106/><W65/><G65/><T88/><D113/><U44/><E30/><V22/><F114/><W70/><G70/><T39/><D39/><U116/><E116/><V77/><F59/><W115/><G24/><T6/><D122/><U120/><E45/><V102/><F66/><W83/><G115/><T133/><D133/><U34/><E34/><V127/><F62/><W36/><G36/><T92/><D6/><U64/><E64/><V37/><F4/><W60/><G60/><T18/><D48/><U20/><E63/><V112/><F38/><W68/><G68/><T2/><D2/><U31/><E67/><V27/><F37/><W5/><G5/><N who="0" m="3087" /><D13/><N who="1" m="9231" /><E120/><V10/><F27/><W110/><G17/><T0/><D0/><U86/><E51/><V50/><F112/><W103/><G95/><AGARI ba="0,0" hai="9,14,18,40,41,43,88,92,94,95,97" m="3087" machi="95" ten="30,3900,0" yaku="8,1,52,1,54,1" doraHai="93" who="0" fromWho="3" sc="185,39,322,0,467,0,26,-39" owari="224,-17.6,322,12.2,467,56.7,-13,-51.3" /></mjloggm>