<mjloggm ver="2.3"><GO type="169" lobby="0"/><UN n0="%E8%82%89%E5%9B%A3%E5%AD%90%E5%85%88%E7%94%9F" n1="%E9%95%B7%E5%B2%A1" n2="%E6%9E%95%E9%AD%9A" n3="%E9%BB%92%E7%8C%AB%E3%81%AE%E3%83%8E%E3%83%B3" dan="16,16,16,16" rate="2063.16,2065.26,2102.46,2106.61" sx="M,M,F,M"/><TAIKYOKU oya="0"/><INIT seed="0,0,0,3,0,17" ten="250,250,250,250" oya="0" hai0="107,97,77,49,52,112,131,76,27,40,119,110,53" hai1="44,48,99,117,69,102,129,21,7,19,132,85,73" hai2="118,95,4,2,46,57,116,33,108,12,41,105,122" hai3="109,43,34,88,61,23,22,123,111,121,128,74,127"/><T103/><D112/><U36/><E117/><V66/><F122/><N who="3" m="46603" /><G128/><T100/><D119/><U45/><E73/><V54/><F105/><W51/><G127/><T125/><D131/><U130/><E132/><V87/><F2/><W81/><G34/><T13/><D125/><U114/><E114/><V86/><F66/><W15/><G15/><T92/><D110/><N who="3" m="41993" /><G61/><T5/><D103/><U20/><E102/><V133/><F33/><W78/><G88/><N who="0" m="55431" /><D107/><U124/><E99/><V56/><F108/><W37/><G37/><T28/><D100/><U70/><E85/><V1/><F87/><W96/><G96/><T10/><D40/><U35/><E35/><V94/><F41/><W134/><G134/><T38/><D38/><U62/><E36/><V115/><F86/><W11/><G11/><T59/><D53/><U32/><E32/><V68/><F54/><W55/><G43/><T75/><D75/><U8/><E8/><V60/><F115/><W65/><G65/><T64/><D64/><U58/><E124/><V14/><F133/><W84/><G74/><T67/><D67/><U83/><E62/><V31/><F60/><W30/><G30/><T47/><D47/><AGARI ba="0,0" hai="22,23,47,51,55,78,81,84" m="41993,46603" machi="47" ten="30,7700,0" yaku="13,1,14,1,52,2" doraHai="17" who="3" fromWho="0" sc="250,-77,250,0,250,0,250,77" /><INIT seed="1,0,0,5,2,3" ten="173,250,250,327" oya="1" hai0="86,101,32,31,128,8,13,133,16,125,84,39,37" hai1="113,87,99,50,41,114,103,4,64,68,132,93,129" hai2="96,12,102,30,47,100,21,122,95,6,53,40,48" hai3="67,104,105,121,14,115,22,18,17,134,120,9,119"/><U44/><E129/><V126/><F126/><W65/><G115/><T94/><D133/><U82/><E132/><V66/><F122/><W54/><G134/><T98/><D128/><U109/><E109/><V77/><F66/><W28/><G119/><T116/><D125/><U88/><E68/><V24/><F77/><W92/><G28/><T5/><D116/><U123/><E123/><V78/><F78/><W56/><G120/><T51/><D37/><U117/><E117/><V97/><F53/><W80/><G80/><T1/><D39/><U20/><E64/><V61/><F61/><W79/><G79/><T2/><D51/><U34/><E34/><V107/><REACH who="2" step="1"/><F12/><REACH who="2" ten="173,250,240,327" step="2"/><W89/><G67/><T111/><D111/><U0/><REACH who="1" step="1"/><E20/><REACH who="1" ten="173,240,240,327" step="2"/><V106/><F106/><W38/><G65/><T73/><D73/><U76/><E76/><V23/><F23/><W59/><G104/><T57/><D32/><U112/><E112/><V42/><F42/><W90/><G105/><T63/><D1/><U108/><E108/><V52/><F52/><W75/><G54/><T81/><D2/><U72/><E72/><V35/><F35/><W10/><G22/><T26/><D8/><AGARI ba="0,2" hai="0,4,8,41,44,50,82,87,88,93,99,103,113,114" machi="8" ten="40,12000,1" yaku="1,1,52,1,54,1,53,1" doraHai="3" doraHaiUra="45" who="1" fromWho="0" sc="173,-120,240,140,240,0,327,0" /><INIT seed="1,1,0,4,2,99" ten="53,380,240,327" oya="1" hai0="59,115,123,117,82,67,94,95,85,84,18,86,129" hai1="37,63,40,47,87,43,128,7,120,60,75,88,49" hai2="96,73,25,24,110,26,101,15,23,16,45,35,121" hai3="64,68,32,3,34,72,102,104,100,11,50,36,10"/><U44/><E120/><V5/><F121/><W132/><G50/><T112/><D67/><U130/><E75/><V33/><F73/><W124/><G72/><T111/><D59/><U80/><REACH who="1" step="1"/><E7/><REACH who="1" ten="53,370,240,327" step="2"/><V28/><F5/><W133/><G132/><T109/><D18/><U65/><E65/><V14/><F110/><N who="0" m="41994" /><D117/><U66/><E66/><V61/><F61/><AGARI ba="1,1" hai="37,40,43,44,47,49,60,61,63,80,87,88,128,130" machi="61" ten="40,7700,0" yaku="1,1,54,1,53,1" doraHai="99" doraHaiUra="77" who="1" fromWho="2" sc="53,0,370,90,240,-80,327,0" /><INIT seed="1,2,0,5,4,82" ten="53,460,160,327" oya="1" hai0="117,60,17,109,10,120,83,106,47,92,33,1,104" hai1="35,28,13,130,73,68,18,125,49,43,90,75,114" hai2="100,123,19,5,84,40,3,44,88,99,26,76,122" hai3="23,36,70,134,15,133,135,20,58,24,30,96,93"/><U22/><E114/><V55/><F76/><W8/><G70/><T12/><D117/><U52/><E130/><V46/><F3/><W37/><G23/><T77/><D109/><U32/><E125/><V118/><F5/><N who="3" m="3471" /><G58/><T25/><D120/><U95/><E43/><V113/><F118/><W21/><G21/><T119/><D119/><U61/><E61/><V128/><F128/><W110/><G110/><T126/><D126/><U80/><E68/><V0/><F0/><W74/><G74/><T65/><D92/><U107/><E107/><V34/><F113/><W91/><AGARI ba="2,0" hai="20,24,30,36,37,91,93,96,133,134,135" m="3471" machi="91" ten="30,1100,0" yaku="20,1" doraHai="82" who="3" fromWho="3" sc="53,-5,460,-7,160,-5,327,17" /><INIT seed="2,0,0,2,1,71" ten="48,453,155,344" oya="2" hai0="54,78,128,84,61,47,102,89,115,85,23,46,38" hai1="31,36,49,117,99,17,68,62,134,130,121,20,109" hai2="22,42,48,13,119,32,45,55,25,7,14,97,100" hai3="52,21,92,56,101,81,105,67,69,133,26,0,58"/><V1/><F119/><W122/><G105/><T59/><D115/><U87/><E117/><V43/><F32/><W28/><G122/><T90/><D128/><U16/><E36/><V123/><F1/><W116/><G116/><T66/><D102/><U98/><E130/><V111/><F123/><W11/><G133/><T18/><D78/><U44/><E121/><V132/><F132/><W12/><G0/><T65/><D38/><U77/><E134/><V50/><F111/><W5/><G69/><T30/><D30/><U106/><E109/><V104/><F7/><W125/><G125/><T129/><D129/><U80/><E68/><V51/><F42/><W107/><G107/><T2/><D2/><U112/><E62/><V108/><F108/><W24/><G81/><T57/><D54/><N who="1" m="29991" /><E106/><V103/><F103/><W120/><G120/><T27/><D59/><U53/><E53/><V127/><F127/><W6/><G58/><T63/><D63/><U74/><E74/><V82/><F82/><W91/><G67/><T114/><D66/><U131/><E112/><V4/><F55/><W37/><G37/><T113/><D113/><U79/><E77/><V39/><REACH who="2" step="1"/><F4/><REACH who="2" ten="48,453,145,344" step="2"/><W40/><G40/><T118/><D118/><U72/><E131/><V33/><F33/><W73/><G101/><T93/><REACH who="0" step="1"/><D114/><REACH who="0" ten="38,453,145,344" step="2"/><U35/><E35/><V135/><F135/><W19/><G52/><T64/><D64/><U34/><E34/><V8/><F8/><W60/><G11/><T96/><D96/><N who="1" m="36907" /><E72/><V126/><F126/><W41/><G73/><T124/><D124/><U83/><E79/><RYUUKYOKU ba="0,2" sc="38,15,453,-15,145,15,344,-15" hai0="18,23,27,46,47,57,61,65,84,85,89,90,93" hai2="13,14,22,25,39,43,45,48,50,51,97,100,104" /><INIT seed="2,1,2,1,0,61" ten="53,438,160,329" oya="2" hai0="6,130,55,78,79,5,105,123,53,131,71,23,122" hai1="8,89,110,113,84,92,98,125,129,99,3,117,118" hai2="104,50,34,80,4,100,48,63,67,46,17,47,72" hai3="7,97,134,2,62,96,127,102,39,115,108,51,90"/><V27/><F4/><N who="0" m="1642" /><D71/><U9/><E3/><V18/><F104/><W135/><G39/><T70/><D70/><U75/><E9/><V24/><F100/><W49/><G108/><T91/><D91/><N who="1" m="55583" /><E8/><V87/><F72/><W107/><G127/><T103/><D103/><U76/><E125/><V88/><F34/><W93/><G115/><T114/><D23/><U56/><E56/><N who="2" m="37351" /><F18/><W44/><G7/><T21/><D21/><U106/><E113/><V19/><F17/><W32/><G32/><T111/><D105/><U128/><E75/><V40/><F19/><W16/><G2/><T120/><D111/><U36/><E110/><V83/><F80/><W29/><G29/><T37/><D37/><U77/><E36/><V59/><F59/><W82/><G16/><T38/><D38/><U69/><E69/><V109/><F109/><W73/><G62/><T121/><N who="0" m="30720" /><DORA hai="43" /><T15/><D15/><U119/><E77/><N who="0" m="29193" /><D114/><U12/><E76/><V94/><F83/><W28/><G82/><T85/><D85/><U11/><E12/><V64/><F64/><W26/><G73/><T124/><D124/><U66/><E66/><V20/><F20/><W60/><G60/><T132/><D132/><U35/><E11/><V22/><F22/><N who="3" m="15447" /><G134/><T86/><D86/><U0/><E0/><V95/><F94/><W10/><G135/><T33/><D33/><U133/><E133/><V126/><F126/><W31/><G31/><T81/><D81/><N who="1" m="49295" /><E35/><V74/><F74/><W41/><G10/><T52/><AGARI ba="1,2" hai="52,53,55,130,131" m="29193,30720,1642" machi="52" ten="70,8000,1" yaku="28,2,54,1" doraHai="61,43" who="0" fromWho="0" sc="53,103,438,-21,160,-41,329,-21" /><INIT seed="3,0,0,1,2,113" ten="156,417,119,308" oya="3" hai0="94,54,92,19,35,93,74,86,80,73,47,101,68" hai1="61,53,98,119,37,75,107,29,8,42,123,67,27" hai2="16,95,115,24,87,1,84,85,55,129,2,33,114" hai3="5,104,31,71,69,112,126,7,51,79,99,0,15"/><W43/><G112/><T12/><D68/><N who="1" m="42095" /><E123/><V41/><F115/><W4/><G0/><T90/><D35/><N who="1" m="20927" /><E53/><V105/><F114/><W50/><G31/><T60/><D60/><U110/><E110/><V77/><F55/><W65/><G79/><T45/><D101/><N who="1" m="62903" /><E75/><V39/><F84/><W66/><G99/><T46/><REACH who="0" step="1"/><D54/><REACH who="0" ten="146,417,119,308" step="2"/><U130/><E130/><V26/><F129/><W20/><G69/><T72/><D72/><U64/><E64/><V135/><F33/><W13/><G71/><T131/><D131/><U28/><E119/><V49/><F105/><W111/><G104/><T78/><D78/><U134/><E134/><V83/><F135/><W3/><G66/><T21/><AGARI ba="0,1" hai="12,19,21,45,46,47,73,74,80,86,90,92,93,94" machi="21" ten="30,2000,0" yaku="1,1,0,1,53,0" doraHai="113" doraHaiUra="109" who="0" fromWho="0" sc="146,30,417,-5,119,-5,308,-10" /><INIT seed="4,0,0,0,1,2" ten="176,412,114,298" oya="0" hai0="0,15,41,12,97,123,19,52,8,62,89,78,47" hai1="11,7,25,33,115,20,68,119,28,55,72,48,83" hai2="107,109,105,60,71,86,76,104,96,87,80,93,90" hai3="111,117,46,69,85,23,14,106,120,32,1,130,39"/><T51/><D123/><U91/><E119/><V84/><F71/><W63/><RYUUKYOKU type="yao9" ba="0,0" sc="176,0,412,0,114,0,298,0" hai3="1,14,23,32,39,46,63,69,85,106,111,117,120,130" /><INIT seed="4,1,0,0,2,22" ten="176,412,114,298" oya="0" hai0="62,9,135,61,17,94,130,134,67,7,69,16,66" hai1="27,84,65,91,124,123,72,108,95,100,92,51,49" hai2="46,31,23,21,117,32,48,30,87,114,132,58,89" hai3="57,119,121,35,41,13,88,2,60,15,71,112,10"/><T20/><D130/><U45/><E108/><V43/><F114/><W63/><G119/><T98/><D7/><U99/><E123/><V97/><F132/><W56/><G112/><T37/><D37/><U107/><E124/><V11/><F117/><W34/><G121/><T38/><D38/><U118/><E118/><V129/><F129/><W64/><G41/><T75/><D75/><U80/><E65/><V111/><F111/><W25/><G71/><T101/><D9/><U19/><E95/><V102/><F11/><W103/><G103/><T86/><D86/><U28/><E19/><V24/><F31/><W120/><G120/><T73/><D73/><U8/><E45/><V6/><F6/><W96/><G2/><T36/><D36/><U68/><E68/><V113/><F58/><W0/><G0/><T106/><D106/><U93/><E93/><V74/><F74/><W50/><G50/><T116/><D116/><U128/><E8/><V4/><F4/><W81/><G96/><T126/><D126/><U40/><E40/><V55/><F43/><W115/><G115/><T127/><D127/><U110/><E128/><V70/><F70/><W47/><G47/><T131/><D131/><U18/><E18/><N who="0" m="7273" /><D20/><N who="1" m="15463" /><E110/><V125/><F113/><W104/><G104/><T12/><D12/><U3/><E3/><V76/><F125/><W52/><G10/><T39/><D39/><U5/><E5/><V26/><F32/><W44/><G35/><T85/><D85/><U1/><E1/><V53/><F87/><N who="3" m="50287" /><G44/><T82/><D82/><U83/><E83/><V90/><F46/><RYUUKYOKU ba="1,0" sc="176,10,412,10,114,-30,298,10" hai0="61,62,66,67,69,94,98,101,134,135" hai1="49,51,72,80,84,91,92,99,100,107" hai3="13,15,25,34,52,56,57,60,63,64" /><INIT seed="4,2,0,3,3,123" ten="186,422,84,308" oya="0" hai0="6,92,70,40,51,133,107,35,119,33,127,72,23" hai1="43,100,82,48,80,52,0,2,58,19,67,4,97" hai2="8,91,71,31,134,106,44,32,118,10,89,53,55" hai3="18,74,108,96,73,25,95,11,47,93,113,29,116"/><T109/><D119/><U57/><E43/><V76/><F106/><W75/><G116/><T126/><D107/><U42/><E42/><V121/><F118/><W3/><G108/><T117/><D72/><U131/><E131/><V45/><F121/><W101/><G113/><T21/><D70/><U41/><E41/><V16/><F71/><W34/><G47/><T87/><D117/><U77/><E19/><V112/><F32/><W24/><G95/><T61/><D61/><U78/><E67/><V81/><F31/><W22/><REACH who="3" step="1"/><G73/><REACH who="3" ten="186,422,84,298" step="2"/><T59/><D109/><U20/><E100/><V13/><F112/><W63/><G63/><T103/><D92/><U66/><E48/><V15/><F44/><W124/><G124/><T130/><D103/><U94/><E94/><V110/><F110/><W38/><G38/><T30/><D51/><U7/><E97/><V17/><F134/><W60/><G60/><T120/><D133/><U36/><E36/><V9/><F9/><W54/><G54/><T68/><D126/><U64/><E52/><V104/><F104/><W5/><AGARI ba="2,1" hai="3,5,11,18,22,24,25,29,34,74,75,93,96,101" machi="5" ten="30,2000,0" yaku="1,1,0,1,53,0" doraHai="123" doraHaiUra="135" who="3" fromWho="3" sc="186,-12,422,-7,84,-7,298,36" /><INIT seed="5,0,0,3,5,122" ten="174,415,77,334" oya="1" hai0="53,42,32,22,37,4,92,52,38,128,29,101,67" hai1="2,132,16,9,99,59,127,94,134,89,109,82,79" hai2="57,5,45,24,46,97,60,54,30,27,1,10,12" hai3="86,19,7,81,78,83,56,104,117,55,118,133,129"/><U114/><E114/><V11/><F97/><W112/><G7/><T0/><D32/><U23/><E127/><V74/><F74/><W3/><G3/><T14/><D67/><U43/><E43/><V15/><F1/><W88/><G19/><T116/><D22/><U26/><E109/><V47/><REACH who="2" step="1"/><F30/><REACH who="2" ten="174,415,67,334" step="2"/><W90/><G118/><T36/><D29/><U113/><E113/><V77/><F77/><W130/><G117/><T75/><D0/><U21/><E2/><V71/><F71/><W105/><G112/><T25/><D75/><U87/><E9/><V120/><F120/><W33/><G78/><T50/><D116/><U80/><E99/><V70/><F70/><W58/><G105/><T35/><D101/><U51/><E79/><V76/><F76/><W18/><G104/><T6/><D36/><U98/><E98/><V126/><F126/><W108/><G86/><T103/><D37/><U131/><E87/><V69/><F69/><W49/><G90/><T62/><D38/><U123/><E123/><V119/><F119/><W93/><G88/><T96/><D103/><U135/><E89/><V125/><F125/><W44/><G129/><T95/><D96/><U8/><E8/><V84/><F84/><W41/><G130/><T34/><D128/><U110/><E131/><V124/><F124/><W68/><G68/><T61/><D92/><U106/><E94/><V63/><F63/><W72/><G93/><T39/><D95/><U73/><E106/><V64/><F64/><W91/><G72/><T66/><D62/><U102/><E73/><V111/><F111/><RYUUKYOKU ba="0,1" sc="174,-10,415,-10,67,30,334,-10" hai2="5,10,11,12,15,24,27,45,46,47,54,57,60" /><INIT seed="6,1,1,4,0,24" ten="164,405,97,324" oya="2" hai0="73,16,128,36,29,42,86,57,8,116,106,104,72" hai1="130,126,2,10,63,62,3,109,133,122,118,85,92" hai2="9,68,114,87,15,22,134,26,30,27,103,41,48" hai3="61,120,12,44,32,14,59,82,51,31,79,117,20"/><V93/><F114/><W74/><G117/><T43/><D128/><U18/><E109/><V102/><F134/><W95/><G120/><T129/><D129/><U45/><E130/><V60/><F68/><W52/><G32/><T81/><D57/><U50/><E118/><V105/><F105/><W135/><G135/><T0/><D0/><U70/><E133/><V100/><F60/><N who="1" m="23081" /><E70/><V110/><F110/><W71/><G71/><T67/><D86/><U65/><E126/><V111/><F111/><W46/><G46/><T7/><D81/><U34/><E34/><V89/><F27/><W125/><G125/><T11/><D7/><U113/><E113/><V21/><F21/><W19/><G31/><T37/><D29/><U53/><E3/><V77/><F77/><W28/><G28/><T75/><D75/><U127/><E2/><V99/><F48/><W94/><REACH who="3" step="1"/><G14/><REACH who="3" ten="164,405,97,314" step="2"/><T49/><D116/><U101/><E122/><V97/><REACH who="2" step="1"/><F41/><AGARI ba="1,2" hai="12,19,20,41,44,51,52,59,61,74,79,82,94,95" machi="41" ten="30,12000,2" yaku="1,1,2,1,7,1,54,1,53,2" doraHai="24" doraHaiUra="90" who="3" fromWho="2" sc="164,0,405,0,97,-123,314,143" owari="164,-23.6,405,20.5,-26,-52.6,457,55.7" /></mjloggm>