<mjloggm ver="2.3"><GO type="169" lobby="0"/><UN n0="%41%4C%50%45%52%49%4E" n1="%4C%21%56%45" n2="%E3%82%82%E3%81%93%E2%97%AF" n3="%50%73%79%63%68%65" dan="16,16,16,16" rate="2127.08,2120.66,2117.04,2142.20" sx="M,M,M,M"/><TAIKYOKU oya="0"/><INIT seed="0,0,0,3,3,15" ten="250,250,250,250" oya="0" hai0="58,135,125,74,44,104,83,80,1,96,76,89,14" hai1="16,102,129,13,78,43,32,35,52,5,117,9,0" hai2="59,122,38,119,23,87,100,108,41,84,24,133,75" hai3="90,63,91,111,106,4,56,114,60,120,116,98,49"/><T33/><D1/><U22/><E129/><V101/><F122/><W70/><G116/><T72/><D33/><U8/><E117/><V48/><F119/><W99/><G114/><T128/><D128/><U17/><E43/><V62/><F38/><W6/><G49/><T132/><D58/><U73/><E102/><N who="2" m="39531" /><F75/><W113/><G56/><T65/><D65/><U105/><E105/><V40/><F108/><W61/><G106/><T131/><D14/><N who="1" m="7239" /><E73/><V34/><F34/><N who="1" m="12841" /><E52/><N who="2" m="32135" /><F133/><N who="0" m="51274" /><D44/><U115/><E78/><V69/><F62/><W110/><G63/><T86/><D131/><U39/><E39/><V109/><F109/><W36/><G36/><T46/><D46/><U103/><E103/><V79/><F69/><W95/><G70/><T71/><D71/><U3/><E115/><V20/><F79/><W66/><G113/><T123/><D123/><U11/><E11/><V29/><F20/><W2/><G120/><T81/><D104/><U42/><E42/><AGARI ba="0,0" hai="23,24,29,40,41,42,84,87" m="32135,39531" machi="42" ten="30,2000,0" yaku="8,1,54,1" doraHai="15" who="2" fromWho="1" sc="250,0,250,-20,250,20,250,0" /><INIT seed="1,0,0,4,0,56" ten="250,230,270,250" oya="1" hai0="8,88,120,28,48,10,36,52,17,58,103,76,41" hai1="62,107,109,102,113,118,75,86,73,49,66,124,0" hai2="14,2,19,26,18,69,114,54,101,20,38,12,134" hai3="80,39,122,79,115,121,32,6,135,47,40,13,106"/><U50/><E113/><V7/><F69/><W104/><G115/><T87/><D120/><U125/><E118/><V34/><F114/><W24/><G135/><T35/><D76/><U67/><E0/><V23/><F38/><W127/><G127/><N who="1" m="48714" /><E67/><V131/><F101/><W94/><G94/><T46/><D103/><U9/><E9/><N who="2" m="2295" /><F54/><W123/><G13/><N who="2" m="5225" /><F131/><W128/><G6/><T97/><D97/><N who="1" m="61903" /><E86/><V64/><F64/><W129/><G24/><T130/><D130/><N who="3" m="50281" /><G32/><T61/><D17/><N who="2" m="6154" /><F134/><W45/><G45/><T5/><D5/><U42/><E109/><V119/><F119/><W105/><G105/><T71/><D71/><N who="1" m="42455" /><E42/><V90/><F90/><W1/><G1/><T51/><D88/><U117/><E117/><V21/><F21/><W25/><G106/><T83/><D87/><U77/><E77/><V3/><F3/><W29/><G104/><T74/><D74/><AGARI ba="0,0" hai="49,50,73,74,75" m="42455,61903,48714" machi="74" ten="30,2900,0" yaku="18,1,52,1" doraHai="56" who="1" fromWho="0" sc="250,-29,230,29,270,0,250,0" /><INIT seed="1,1,0,2,3,76" ten="221,259,270,250" oya="1" hai0="49,83,113,133,114,104,4,12,62,53,118,17,52" hai1="119,70,60,34,16,42,2,94,40,38,47,7,131" hai2="96,30,77,90,88,115,6,117,111,50,92,3,86" hai3="65,102,67,20,112,108,1,82,31,97,116,25,56"/><U132/><E119/><V29/><F117/><W124/><G116/><T48/><D118/><RYUUKYOKU type="kaze4" ba="1,0" sc="221,0,259,0,270,0,250,0" /><INIT seed="1,2,0,4,4,19" ten="221,259,270,250" oya="1" hai0="81,114,110,11,59,90,23,98,92,115,38,51,84" hai1="43,27,127,26,71,116,7,93,21,121,66,103,54" hai2="78,68,34,46,42,22,131,82,101,129,37,50,24" hai3="75,3,118,67,0,134,15,1,113,48,20,62,72"/><U60/><E116/><V2/><F34/><W105/><G118/><T61/><D38/><U70/><E121/><V102/><F2/><W111/><G113/><T35/><D35/><U44/><E127/><V4/><F4/><W109/><G105/><T89/><D110/><N who="3" m="41993" /><G48/><T8/><D51/><U33/><E7/><V16/><F68/><N who="3" m="42103" /><G134/><T31/><D115/><U122/><E122/><V77/><F37/><W18/><AGARI ba="2,0" hai="0,1,3,15,18,20,72,75" m="42103,41993" machi="18" ten="40,2700,0" yaku="14,1,52,1" doraHai="19" who="3" fromWho="3" sc="221,-9,259,-15,270,-9,250,33" /><INIT seed="2,0,0,1,4,41" ten="212,244,261,283" oya="2" hai0="4,92,91,21,125,35,82,105,85,52,71,22,88" hai1="38,112,2,118,117,98,70,133,129,87,8,58,106" hai2="29,69,54,63,79,134,57,99,47,81,83,80,11" hai3="102,56,94,64,115,25,72,14,0,60,62,55,61"/><V37/><F134/><W15/><G0/><T34/><D71/><U40/><E58/><V5/><F29/><W32/><G72/><T17/><D105/><U135/><E87/><V49/><F37/><W96/><G115/><T66/><D125/><U124/><E98/><V110/><F69/><W24/><G32/><T86/><D4/><U109/><E40/><V18/><F18/><W111/><G111/><T28/><D66/><U53/><E53/><V119/><F99/><W12/><REACH who="3" step="1"/><G64/><REACH who="3" ten="212,244,261,273" step="2"/><T7/><D7/><BYE who="0" /><U120/><E135/><V122/><F110/><UN n0="%41%4C%50%45%52%49%4E" /><W3/><G3/><T51/><D28/><U20/><E8/><V6/><F6/><W128/><G128/><T121/><D121/><U114/><E20/><V116/><F122/><W77/><G77/><T108/><D108/><U46/><E114/><V27/><F79/><W36/><G36/><T127/><D127/><U13/><E13/><V74/><F74/><W123/><G123/><T45/><D22/><U59/><E59/><V26/><F116/><W100/><G100/><T33/><D21/><U103/><E103/><V104/><F119/><W89/><G89/><T16/><AGARI ba="0,1" hai="16,17,33,34,35,45,51,52,82,85,86,88,91,92" machi="16" ten="40,8000,1" yaku="0,1,52,1,54,3" doraHai="41" who="0" fromWho="0" sc="212,90,244,-20,261,-40,273,-20" /><INIT seed="3,0,0,2,5,127" ten="302,224,221,253" oya="3" hai0="102,97,29,78,69,98,41,16,20,19,17,120,42" hai1="9,45,7,121,79,125,48,128,81,10,101,134,54" hai2="107,68,87,105,58,63,93,35,131,23,132,15,56" hai3="2,4,94,30,5,91,25,90,38,55,129,1,51"/><W77/><G38/><T116/><D69/><U31/><E121/><V111/><F35/><W123/><G77/><T60/><D120/><U18/><E134/><V24/><F68/><W115/><G123/><T117/><D78/><U6/><E125/><V40/><F132/><W130/><G115/><T109/><D109/><U22/><E31/><V76/><F111/><W21/><G5/><T8/><D60/><U26/><E101/><V37/><F15/><W110/><G110/><T13/><D29/><U96/><E96/><V65/><F56/><W92/><G92/><T89/><D89/><N who="3" m="33801" /><G94/><T49/><D117/><U52/><E128/><N who="3" m="49258" /><G4/><T32/><D116/><U119/><E119/><V3/><F93/><W75/><G75/><T70/><D98/><U72/><E7/><V99/><F37/><W82/><G82/><T36/><D97/><U28/><E6/><V66/><F99/><W112/><G112/><T43/><D36/><U67/><E81/><V84/><F76/><W46/><AGARI ba="0,0" hai="1,2,21,25,30,46,51,55" m="49258,33801" machi="46" ten="30,11700,0" yaku="19,1,52,3" doraHai="127" who="3" fromWho="3" sc="302,-39,224,-39,221,-39,253,117" /><INIT seed="3,1,0,2,1,29" ten="263,185,182,370" oya="3" hai0="8,35,37,112,60,19,115,51,26,53,21,61,27" hai1="76,16,46,87,84,129,132,75,106,117,5,134,97" hai2="67,14,49,47,38,65,23,68,121,108,91,32,69" hai3="12,3,1,107,45,118,7,64,74,34,62,25,109"/><W10/><G118/><T55/><D37/><U52/><E5/><V102/><F38/><W99/><G74/><T110/><D110/><U128/><E75/><V114/><F114/><N who="0" m="43562" /><D8/><U92/><E106/><V31/><F108/><W126/><G109/><T93/><D93/><U42/><E42/><V70/><F121/><W116/><G116/><T111/><D111/><U94/><E16/><V122/><F122/><W6/><G45/><N who="0" m="27887" /><D55/><U71/><E71/><V90/><F102/><N who="3" m="62943" /><G7/><T0/><D0/><U56/><E46/><V83/><F67/><W113/><G113/><T18/><D18/><U54/><E117/><V82/><F65/><W135/><G3/><T125/><D125/><U96/><REACH who="1" step="1"/><E76/><REACH who="1" ten="263,175,182,370" step="2"/><V105/><F47/><W104/><G104/><T30/><AGARI ba="1,1" hai="19,21,26,27,30,35,60,61" m="27887,43562" machi="30" ten="30,2000,0" yaku="11,1,52,1" doraHai="29" who="0" fromWho="0" sc="263,33,175,-6,182,-6,370,-11" /><INIT seed="4,0,0,3,2,78" ten="296,169,176,359" oya="0" hai0="96,23,127,42,18,43,133,27,10,70,69,76,40" hai1="0,110,63,7,31,48,102,17,94,125,86,122,8" hai2="68,47,104,11,39,67,52,38,134,1,64,99,88" hai3="113,19,123,120,56,9,119,32,107,130,85,57,35"/><T72/><D127/><U3/><E110/><V50/><F134/><W6/><G119/><T112/><D112/><U100/><E125/><V83/><F104/><W62/><G107/><T51/><D133/><U49/><E122/><N who="3" m="46634" /><G113/><T29/><D51/><U80/><E31/><V87/><F99/><W55/><G130/><T58/><D58/><U30/><E30/><V90/><F90/><W44/><G19/><T71/><D96/><U132/><E132/><V106/><F106/><W2/><G44/><T41/><N who="0" m="10240" /><DORA hai="53" /><T24/><D10/><U20/><E0/><V84/><F84/><W79/><G57/><T25/><REACH who="0" step="1"/><D29/><REACH who="0" ten="286,169,176,359" step="2"/><U109/><E109/><V108/><F108/><W117/><G117/><T59/><D59/><U115/><E115/><V114/><F114/><W37/><G37/><T13/><D13/><U45/><E49/><V28/><F28/><W73/><G56/><T131/><D131/><U34/><E48/><V97/><F97/><W103/><G9/><T33/><D33/><U95/><E34/><V116/><F116/><W128/><G35/><T77/><D77/><U66/><E8/><V16/><F1/><W65/><G32/><T36/><D36/><N who="2" m="13866" /><F68/><W54/><G2/><T4/><D4/><U14/><E7/><V81/><F50/><W135/><G6/><T26/><D26/><U61/><E3/><V98/><F98/><W46/><G135/><T126/><D126/><U111/><E111/><V121/><F11/><W12/><G128/><T21/><D21/><U124/><E124/><V74/><F121/><W93/><G12/><T60/><D60/><RYUUKYOKU ba="0,1" sc="286,30,169,-10,176,-10,359,-10" hai0="18,23,24,25,27,69,70,71,72,76" /><INIT seed="4,1,1,4,2,4" ten="316,159,166,349" oya="0" hai0="57,123,126,13,32,119,98,89,121,118,88,12,102" hai1="134,55,115,46,125,56,8,60,59,26,132,21,108" hai2="70,112,36,92,74,97,44,76,37,3,9,42,2" hai3="6,91,7,106,40,63,95,87,0,14,75,129,110"/><T86/><D32/><U131/><E108/><V82/><F112/><W64/><G110/><T72/><D57/><U52/><E115/><V80/><F70/><W65/><G106/><N who="0" m="63831" /><D12/><U34/><E34/><V107/><F107/><W15/><G75/><T30/><D13/><N who="3" m="4617" /><G0/><T111/><D30/><U96/><E131/><V66/><F66/><N who="3" m="25707" /><G129/><T105/><D111/><U45/><E125/><V11/><F82/><W49/><G63/><T58/><D58/><U51/><E134/><V1/><REACH who="2" step="1"/><F36/><REACH who="2" ten="316,159,156,349" step="2"/><W78/><G78/><T28/><D105/><U94/><E132/><V25/><F25/><W19/><G19/><T69/><D69/><U27/><E27/><V109/><F109/><W79/><G79/><T127/><D127/><U114/><E114/><V22/><F22/><W16/><G16/><T53/><D126/><U38/><E38/><V84/><F84/><W99/><G87/><T39/><D86/><U103/><REACH who="1" step="1"/><E8/><REACH who="1" ten="316,149,156,349" step="2"/><V61/><F61/><W41/><G49/><T43/><D39/><U47/><E47/><V73/><F73/><W128/><G128/><T17/><D72/><U81/><E81/><V93/><F93/><W117/><G95/><T50/><D50/><U24/><E24/><V35/><F35/><W100/><G7/><T85/><D123/><U130/><E130/><V120/><F120/><W135/><G6/><T5/><D5/><U48/><E48/><V101/><AGARI ba="1,3" hai="1,2,3,9,11,37,42,44,74,76,80,92,97,101" machi="101" ten="30,8000,1" yaku="1,1,0,1,52,2,53,1" doraHai="4" doraHaiUra="77" who="2" fromWho="2" sc="316,-41,149,-21,156,113,349,-21" /><INIT seed="5,0,0,4,3,133" ten="275,128,269,328" oya="1" hai0="42,10,14,77,4,31,62,16,101,104,78,1,17" hai1="122,26,134,106,8,87,69,30,81,35,71,103,34" hai2="67,75,23,126,125,102,22,9,98,19,129,74,38" hai3="99,86,68,61,60,3,127,0,18,28,131,107,115"/><U56/><E122/><V2/><F38/><W94/><G28/><T55/><D31/><U6/><E134/><V88/><F67/><W46/><G107/><T135/><D135/><U29/><E56/><V54/><F88/><W95/><G46/><T52/><D42/><U12/><E106/><V48/><F74/><W43/><G43/><T116/><D116/><U25/><REACH who="1" step="1"/><E103/><REACH who="1" ten="275,118,269,328" step="2"/><V90/><F102/><W49/><G68/><T114/><D101/><U20/><E20/><V132/><F23/><W93/><G61/><T84/><D104/><U63/><E63/><V119/><F22/><W66/><G60/><T39/><D62/><U51/><E51/><V79/><F48/><W40/><G49/><T89/><D39/><U41/><E41/><V85/><F132/><W118/><G40/><T113/><D114/><U32/><E32/><V82/><F119/><W112/><G118/><T5/><D113/><U105/><E105/><V58/><F58/><W80/><G115/><T108/><D55/><U97/><E97/><V11/><F98/><W123/><G99/><T45/><D52/><U65/><E65/><V100/><F100/><W64/><G64/><T24/><D45/><U21/><E21/><V91/><F54/><W7/><G66/><T96/><D96/><U109/><E109/><V36/><F36/><W117/><G117/><T73/><D108/><U70/><E70/><V128/><F128/><W72/><G131/><T44/><D44/><U124/><E124/><V50/><F129/><W111/><G127/><T92/><D24/><U47/><E47/><V15/><F125/><RYUUKYOKU ba="0,1" sc="275,-10,118,30,269,-10,328,-10" hai1="6,8,12,25,26,29,30,34,35,69,71,81,87" /><INIT seed="5,1,1,2,4,59" ten="265,148,259,318" oya="1" hai0="3,12,107,82,33,55,84,100,117,131,27,124,19" hai1="15,28,97,7,71,113,67,45,66,128,91,78,116" hai2="30,108,83,13,103,94,135,2,6,101,42,102,18" hai3="106,76,10,114,104,48,5,126,132,105,130,11,14"/><U29/><E116/><V62/><F108/><W85/><G114/><T43/><D117/><U37/><E113/><V16/><F135/><W80/><G132/><T50/><D3/><U65/><E128/><V68/><F2/><W21/><G130/><T122/><D131/><U75/><E71/><V22/><F42/><W90/><G126/><T9/><D124/><U20/><E75/><V98/><F83/><W51/><G21/><T129/><D129/><U73/><E73/><V89/><F68/><W17/><REACH who="3" step="1"/><G76/><REACH who="3" ten="265,148,259,308" step="2"/><T81/><D33/><U92/><E78/><V44/><F22/><W58/><G58/><T119/><D119/><U60/><E45/><V69/><F44/><W121/><G121/><T34/><D34/><U93/><E37/><V40/><F69/><W32/><G32/><T63/><D122/><U72/><E72/><V79/><F79/><W74/><G74/><T31/><D9/><N who="1" m="4543" /><E20/><V111/><F111/><W127/><G127/><T23/><D23/><U35/><E35/><V125/><F125/><W24/><G24/><T133/><D27/><U38/><E38/><V52/><F30/><N who="1" m="11881" /><E93/><V49/><F94/><W25/><G25/><T41/><D31/><U77/><E77/><V115/><F115/><W8/><G8/><T61/><D133/><U64/><N who="1" m="16384" /><DORA hai="26" /><U4/><E4/><V112/><F6/><W88/><G88/><T118/><D82/><U95/><E95/><V36/><F89/><W99/><G99/><T53/><D81/><U120/><E120/><V1/><F98/><W46/><G46/><N who="0" m="27863" /><D118/><U87/><E97/><V70/><F70/><RYUUKYOKU ba="1,2" sc="265,-15,148,15,259,-15,308,15" hai1="60,87,91,92" hai3="5,10,11,14,17,48,51,80,85,90,104,105,106" /><INIT seed="5,2,2,2,0,103" ten="250,163,244,323" oya="1" hai0="51,22,111,84,77,24,64,113,4,96,82,59,69" hai1="70,32,98,87,105,16,44,3,28,99,95,35,12" hai2="73,63,39,36,124,132,33,15,123,134,104,89,11" hai3="58,97,121,110,127,118,90,102,52,0,18,109,1"/><U71/><E3/><V114/><F123/><W31/><G121/><T74/><D111/><U48/><E87/><V47/><F33/><W42/><G42/><T108/><D108/><U88/><E35/><V61/><F73/><W112/><G31/><T8/><D69/><U106/><E28/><V76/><F76/><W23/><G110/><T55/><D64/><U125/><E32/><V133/><F124/><W54/><G109/><T19/><D96/><U94/><E71/><V26/><F114/><W9/><G112/><T117/><D113/><U60/><E60/><N who="2" m="23115" /><F104/><W81/><G127/><T13/><D117/><U79/><E79/><V49/><F26/><W128/><G118/><T101/><D101/><U34/><E34/><V72/><F89/><W43/><G43/><T107/><D107/><U20/><E70/><V37/><F72/><W53/><G58/><T2/><REACH who="0" step="1"/><D74/><REACH who="0" ten="240,163,244,323" step="2"/><U25/><E125/><V50/><F133/><W91/><G102/><T45/><D45/><U21/><E99/><V93/><F47/><W122/><G97/><T7/><D7/><U75/><E75/><V62/><F132/><W85/><G122/><T130/><D130/><U78/><E95/><V14/><F93/><W92/><G128/><T65/><D65/><U41/><E78/><V46/><F46/><W5/><G92/><T67/><D67/><U27/><E27/><AGARI ba="2,3" hai="2,4,8,13,19,22,24,27,51,55,59,77,82,84" machi="27" ten="40,1300,0" yaku="1,1,53,0" doraHai="103" doraHaiUra="56" who="0" fromWho="1" sc="240,49,163,-19,244,0,323,0" /><INIT seed="6,0,0,5,2,31" ten="289,144,244,323" oya="2" hai0="122,82,29,55,3,98,44,96,62,111,73,4,45" hai1="25,20,14,7,80,89,126,16,19,116,6,107,32" hai2="88,18,72,124,95,85,133,101,91,67,105,48,30" hai3="131,61,40,52,54,33,66,43,60,117,0,11,49"/><V9/><F72/><W53/><G117/><T132/><D111/><U70/><E70/><V123/><F123/><W75/><G75/><T63/><D122/><U108/><E107/><V103/><F124/><W106/><G106/><T24/><D132/><U39/><E39/><V2/><F133/><W125/><G33/><T109/><D109/><U74/><E108/><V115/><F115/><W99/><G99/><T114/><D4/><U90/><E116/><V50/><F67/><W51/><G11/><T38/><D3/><U83/><E126/><V42/><F30/><W46/><G0/><T78/><D38/><U76/><E32/><V102/><F105/><W47/><G125/><T120/><D114/><U97/><E90/><N who="2" m="53711" /><F2/><W130/><G61/><T79/><D79/><U12/><E25/><V37/><F37/><W13/><G13/><T94/><D98/><U28/><E28/><V92/><F42/><W35/><G35/><T15/><D15/><U84/><REACH who="1" step="1"/><E97/><REACH who="1" ten="289,134,244,323" step="2"/><V86/><F91/><W128/><G128/><T69/><D96/><U5/><E5/><V41/><F88/><W58/><AGARI ba="0,1" hai="40,43,46,47,49,51,52,53,54,58,60,66,130,131" machi="58" ten="30,12000,2" yaku="0,1,9,1,34,3,54,1" doraHai="31" who="3" fromWho="3" sc="289,-30,134,-30,244,-60,323,130" /><INIT seed="7,0,0,0,1,76" ten="259,104,184,453" oya="3" hai0="22,61,3,54,51,16,60,122,20,26,49,79,37" hai1="91,106,58,50,10,52,0,86,110,27,65,96,55" hai2="108,87,84,133,102,5,130,56,97,6,68,92,35" hai3="21,12,15,70,107,127,64,39,104,2,46,80,53"/><W88/><G2/><T105/><D122/><U94/><E106/><V98/><F68/><W129/><G70/><T7/><D37/><U126/><E126/><V121/><F35/><W125/><G64/><T78/><D105/><U28/><E110/><V119/><F119/><W34/><G34/><T32/><D32/><U120/><E120/><V19/><F108/><W17/><G15/><T135/><D7/><U59/><E65/><V115/><F121/><W93/><G80/><T31/><D51/><U103/><E0/><V77/><F115/><W48/><G39/><T66/><D61/><U85/><E10/><V67/><F130/><W90/><G90/><T45/><D3/><U9/><E9/><V36/><F133/><W134/><G134/><T14/><D135/><U89/><E89/><V118/><F36/><W112/><G112/><T42/><D42/><U43/><E43/><V13/><F5/><W33/><G33/><T100/><D100/><U30/><E27/><V123/><F6/><W72/><G72/><T38/><D38/><U83/><E85/><V69/><F84/><N who="3" m="52359" /><G129/><T47/><D47/><U75/><E75/><V131/><F87/><W111/><G111/><T18/><D31/><U29/><E29/><V113/><F131/><W57/><G46/><T25/><D25/><U117/><E117/><V99/><F118/><W1/><G1/><T124/><D124/><AGARI ba="0,0" hai="12,17,21,48,53,57,104,107,124,125,127" m="52359" machi="124" ten="30,5800,0" yaku="25,1,18,1,54,1" doraHai="76" who="3" fromWho="0" sc="259,-58,104,0,184,0,453,58" owari="201,0.1,104,-39.6,184,-21.6,511,61.1" /></mjloggm>