<mjloggm ver="2.3"><GO type="169" lobby="0"/><UN n0="%E3%82%88%E3%81%86%E3%81%B8%E3%83%BC%58" n1="%4A%49%4D" n2="%E3%81%B2%E3%81%90%E3%81%A1" n3="%E3%82%82%E3%81%93%E3%81%BF" dan="16,17,16,16" rate="2125.78,2178.16,2151.35,2073.07" sx="M,F,M,M"/><TAIKYOKU oya="0"/><INIT seed="0,0,0,4,0,115" ten="250,250,250,250" oya="0" hai0="29,9,55,69,35,104,26,60,23,27,36,30,34" hai1="123,7,5,77,57,96,105,50,40,78,83,32,21" hai2="56,53,97,75,63,130,122,85,73,72,41,68,33" hai3="48,61,134,45,24,86,66,114,44,67,47,12,121"/><T110/><D104/><U127/><E123/><V112/><F122/><W126/><G121/><T3/><D36/><U42/><E32/><V102/><F112/><W37/><G114/><T14/><D55/><U120/><E120/><V100/><F130/><W20/><G37/><T99/><D99/><U98/><E127/><V84/><F33/><W74/><G74/><T0/><D110/><U82/><E21/><V88/><F85/><W128/><G134/><T64/><REACH who="0" step="1"/><D23/><REACH who="0" ten="240,250,250,250" step="2"/><U28/><E105/><V109/><F109/><W4/><G126/><T18/><AGARI ba="0,1" hai="0,3,9,14,18,26,27,29,30,34,35,60,64,69" machi="18" ten="20,12000,1" yaku="1,1,2,1,0,1,7,1,9,1,53,0" doraHai="115" doraHaiUra="89" who="0" fromWho="0" sc="240,130,250,-40,250,-40,250,-40" /><INIT seed="0,1,0,0,4,23" ten="370,210,210,210" oya="0" hai0="79,9,49,4,101,120,53,70,13,36,16,132,122" hai1="64,60,11,72,130,75,50,17,26,121,10,80,28" hai2="107,71,61,86,58,47,73,78,37,123,56,12,105" hai3="55,103,135,43,48,27,34,8,45,32,0,118,46"/><T35/><D132/><U39/><E121/><V63/><F123/><W102/><G118/><T109/><D36/><U129/><E50/><V21/><F73/><W76/><G135/><T112/><D112/><U66/><E39/><V134/><F71/><W83/><G0/><T67/><D35/><U92/><E92/><V77/><F134/><W133/><G8/><T131/><D131/><N who="1" m="50187" /><E66/><V82/><F78/><W15/><G15/><T126/><D79/><N who="1" m="44135" /><E17/><V89/><F77/><W24/><G34/><T91/><D67/><U106/><E106/><V114/><F114/><W119/><G32/><T44/><D70/><N who="1" m="42247" /><E75/><V40/><F58/><W84/><G119/><T42/><D122/><U29/><E29/><V31/><F61/><W5/><G5/><T117/><D4/><U99/><E99/><V6/><F6/><W93/><G133/><T51/><D117/><U87/><E87/><V125/><F12/><W62/><G93/><T108/><D120/><U54/><E54/><V68/><F68/><W30/><G30/><T95/><D53/><U110/><E110/><V65/><REACH who="2" step="1"/><F125/><REACH who="2" ten="370,210,200,210" step="2"/><W57/><G46/><T18/><D126/><U25/><E28/><V74/><F74/><W111/><G111/><T1/><D109/><U90/><E90/><V98/><F98/><W81/><G81/><T14/><D108/><U116/><E116/><V100/><F100/><AGARI ba="1,1" hai="24,27,43,45,48,55,57,62,76,83,84,100,102,103" machi="100" ten="40,5200,0" yaku="8,1,52,2" doraHai="23" who="3" fromWho="2" sc="370,0,210,0,200,-55,210,65" /><INIT seed="1,0,0,5,3,55" ten="370,210,145,275" oya="1" hai0="9,88,104,74,108,22,2,41,47,81,98,67,6" hai1="33,60,84,75,53,93,106,78,43,23,114,128,32" hai2="111,54,117,123,116,34,129,68,46,10,125,124,21" hai3="25,134,57,30,15,92,59,56,66,115,62,17,50"/><U5/><E106/><V126/><F34/><W14/><G134/><T70/><D108/><U24/><E114/><V52/><F21/><N who="3" m="15663" /><G115/><T89/><D22/><U39/><E5/><V83/><F10/><N who="3" m="6359" /><G15/><T7/><D7/><U63/><E75/><V31/><F31/><W107/><G107/><T135/><D135/><U11/><E11/><V76/><F123/><W44/><G92/><T64/><D70/><U86/><E63/><V69/><F76/><W48/><G48/><T16/><D16/><U102/><E128/><V73/><F83/><W80/><G80/><T26/><D26/><U71/><E78/><V105/><F73/><W18/><G18/><T109/><D109/><U113/><E113/><V82/><F82/><W127/><G127/><T131/><D131/><U35/><E71/><N who="2" m="27211" /><F105/><W85/><G85/><T51/><D104/><U103/><E86/><V3/><F3/><W91/><G91/><T20/><D20/><U95/><E84/><V49/><F111/><W100/><G100/><T120/><D120/><U42/><E103/><V19/><F19/><W77/><G77/><T40/><D74/><U1/><E1/><V8/><F8/><W99/><G99/><T97/><D81/><U38/><E102/><V37/><F129/><W130/><G130/><T119/><D98/><U87/><E87/><V94/><F94/><N who="1" m="35849" /><E23/><V27/><F27/><W29/><G29/><T72/><D72/><U121/><E24/><V79/><F79/><W118/><G118/><N who="2" m="45673" /><F37/><N who="1" m="13833" /><E121/><V65/><F49/><W122/><G122/><T110/><D119/><U28/><E28/><V132/><F132/><RYUUKYOKU ba="0,0" sc="370,-15,210,15,145,-15,275,15" hai1="32,33,35,42,43,53,60" hai3="44,50,56,57,59,62,66" /><INIT seed="1,1,0,1,4,62" ten="355,225,130,290" oya="1" hai0="117,53,43,48,23,119,97,37,95,86,68,14,94" hai1="38,118,42,79,51,30,123,44,102,115,66,28,25" hai2="52,106,11,109,82,50,71,36,60,126,89,41,39" hai3="76,13,129,33,108,0,10,121,47,63,32,85,40"/><U31/><E115/><V81/><F106/><W87/><G121/><T1/><D1/><U91/><E123/><V84/><F109/><W69/><G108/><T17/><D68/><U110/><E110/><V9/><F126/><W75/><G129/><T122/><D122/><U73/><E118/><V80/><F41/><W26/><G0/><T70/><D70/><U8/><E102/><V135/><F135/><W101/><G101/><N who="0" m="60599" /><D37/><U128/><E128/><V54/><F39/><W120/><G120/><T2/><D2/><U104/><E104/><V111/><F36/><W99/><G99/><T77/><D43/><U64/><E25/><V98/><F98/><W4/><G75/><T132/><D132/><U107/><E107/><V35/><F35/><W59/><G69/><T103/><D103/><U67/><E91/><V127/><F127/><W12/><G85/><T92/><D119/><U34/><E34/><V29/><F29/><W100/><G100/><T78/><D117/><U3/><E51/><V96/><F96/><W15/><G26/><T49/><D49/><U88/><E88/><V5/><F111/><W27/><G27/><T21/><D21/><U74/><REACH who="1" step="1"/><E79/><REACH who="1" ten="355,215,130,290" step="2"/><N who="0" m="30217" /><D86/><U56/><E56/><AGARI ba="1,1" hai="14,17,23,48,53,56,92,95" m="30217,60599" machi="56" ten="30,1000,0" yaku="8,1" doraHai="62" who="0" fromWho="1" sc="355,23,215,-13,130,0,290,0" /><INIT seed="2,0,0,1,5,93" ten="378,202,130,290" oya="2" hai0="57,9,73,103,11,75,124,70,86,95,3,72,109" hai1="81,35,131,7,48,133,20,39,14,107,71,25,23" hai2="134,85,22,90,56,21,18,117,36,91,105,28,17" hai3="43,60,76,15,89,1,94,104,55,61,42,59,115"/><V112/><F112/><W96/><G1/><T92/><D70/><U74/><E39/><V62/><F117/><W119/><G119/><T80/><D3/><U4/><E71/><V38/><F105/><W98/><G115/><T13/><D11/><U84/><E74/><V99/><F28/><W30/><G30/><T79/><D57/><U78/><E131/><V10/><F134/><W0/><G0/><T33/><D33/><U16/><E35/><V6/><F6/><W132/><G132/><T121/><D121/><U31/><E133/><V66/><F36/><W77/><G104/><T46/><D124/><U49/><E107/><V125/><F38/><W12/><G94/><T54/><D109/><U44/><REACH who="1" step="1"/><E49/><REACH who="1" ten="378,192,130,290" step="2"/><V100/><F125/><W135/><G135/><T130/><D130/><U97/><E97/><V19/><F10/><W114/><G96/><N who="0" m="59807" /><D75/><U87/><E87/><V24/><F85/><W2/><G98/><T67/><D73/><U120/><E120/><V88/><F100/><W82/><G114/><T52/><D72/><U127/><E127/><V123/><F123/><W58/><G61/><T110/><D110/><U126/><E126/><V106/><F106/><W102/><G60/><T83/><D86/><U68/><E68/><V108/><F108/><W32/><G32/><T40/><D83/><U5/><E5/><V37/><F37/><W111/><G82/><T8/><D80/><U51/><E51/><V113/><F113/><W101/><G111/><T122/><D122/><U45/><E45/><V50/><F50/><W34/><G34/><T26/><D46/><RYUUKYOKU ba="0,1" sc="378,-10,192,30,130,-10,290,-10" hai1="4,7,14,16,20,23,25,31,44,48,78,81,84" /><INIT seed="3,1,1,3,1,83" ten="368,222,120,280" oya="3" hai0="85,73,28,13,94,17,122,25,1,50,12,61,57" hai1="134,33,14,72,133,54,45,111,106,22,126,99,71" hai2="48,124,23,97,20,56,90,62,19,114,53,55,107" hai3="65,37,40,41,30,24,67,42,29,60,87,34,21"/><W49/><G37/><T80/><D1/><U135/><E33/><V3/><F114/><W39/><G39/><T96/><D73/><U10/><E71/><V8/><F124/><W116/><G116/><T32/><D50/><N who="1" m="29007" /><E126/><V115/><F115/><W11/><G11/><T121/><D94/><U74/><E22/><V70/><F70/><W38/><G38/><T75/><D96/><U125/><E111/><V120/><F120/><W68/><G65/><T98/><D98/><U119/><E119/><V47/><F3/><W5/><G5/><T6/><D75/><U58/><E58/><V63/><F63/><W31/><G49/><T129/><D129/><U0/><E0/><V9/><F23/><W110/><G110/><T66/><D6/><N who="1" m="3415" /><E125/><V16/><F19/><W76/><G34/><T59/><D59/><U82/><E82/><V112/><F112/><W108/><G108/><T123/><REACH who="0" step="1"/><D17/><REACH who="0" ten="358,222,120,280" step="2"/><U101/><AGARI ba="1,2" hai="72,74,99,101,106,133,134,135" m="3415,29007" machi="101" ten="40,1500,0" yaku="20,1" doraHai="83" who="1" fromWho="1" sc="358,-5,222,38,120,-5,280,-8" /><INIT seed="4,0,0,1,0,40" ten="353,260,115,272" oya="0" hai0="27,22,47,16,97,42,37,54,59,12,65,73,119" hai1="112,55,114,38,31,129,14,64,83,46,26,79,36" hai2="113,34,118,11,127,131,21,71,133,126,57,15,132" hai3="75,2,76,134,86,43,100,39,60,117,90,23,28"/><T93/><D119/><U78/><E64/><V107/><F71/><W25/><G134/><N who="2" m="51817" /><F57/><W116/><G2/><T95/><D73/><U74/><E79/><V32/><F107/><W110/><G110/><T124/><D124/><N who="2" m="47658" /><F118/><W89/><G100/><T9/><D65/><U67/><E67/><V96/><F96/><W128/><G75/><T17/><D97/><U19/><E114/><V125/><N who="2" m="47666" /><V41/><DORA hai="111" /><F41/><W115/><G76/><T102/><REACH who="0" step="1"/><D102/><REACH who="0" ten="343,260,115,272" step="2"/><U130/><E74/><V24/><F113/><W104/><G115/><T87/><D87/><U109/><E112/><V4/><F131/><W1/><G128/><T80/><D80/><U56/><E130/><V53/><F53/><W33/><G116/><T29/><D29/><AGARI ba="0,1" hai="4,11,15,21,24,29,32,34" m="47666,51817" machi="29" ten="40,8000,1" yaku="20,1,18,1,34,2" doraHai="40,111" who="2" fromWho="0" sc="343,-80,260,0,115,90,272,0" /><INIT seed="5,0,0,2,1,71" ten="263,260,205,272" oya="1" hai0="118,131,32,132,86,79,107,23,55,40,82,91,130" hai1="0,89,26,58,45,105,64,39,8,35,13,18,103" hai2="43,48,21,102,84,59,108,7,95,37,120,134,34" hai3="96,121,124,90,20,115,126,66,85,27,60,67,53"/><U51/><E0/><V17/><F108/><W9/><G115/><T56/><D32/><U22/><E35/><V65/><F120/><W128/><G121/><T38/><D107/><U83/><E105/><V129/><F34/><W76/><G128/><N who="0" m="49195" /><D118/><U57/><E103/><V113/><F129/><W3/><G3/><T19/><D132/><U31/><E39/><V111/><F111/><W52/><G9/><T104/><D104/><U98/><E64/><V69/><F7/><W29/><G96/><T81/><D40/><U94/><REACH who="1" step="1"/><E83/><REACH who="1" ten="263,250,205,272" step="2"/><V93/><F102/><W25/><G67/><T28/><D38/><U123/><E123/><V119/><F37/><W44/><G66/><T110/><D110/><U41/><AGARI ba="0,1" hai="8,13,18,22,26,31,41,45,51,57,58,89,94,98" machi="41" ten="20,7800,0" yaku="1,1,0,1,7,1,8,1,53,0" doraHai="71" doraHaiUra="99" who="1" fromWho="1" sc="263,-26,250,88,205,-26,272,-26" /><INIT seed="5,1,0,1,0,66" ten="237,338,179,246" oya="1" hai0="118,19,71,111,112,122,27,68,92,86,15,108,132" hai1="63,65,119,72,46,54,91,20,110,58,77,13,45" hai2="39,95,94,57,32,131,89,52,36,129,74,80,30" hai3="102,16,82,120,128,1,3,124,22,61,59,6,24"/><U104/><E119/><V115/><F30/><W14/><G120/><T21/><D118/><U12/><E104/><V2/><F32/><W62/><G124/><T56/><D122/><U5/><E110/><V28/><F28/><W107/><G128/><N who="2" m="49225" /><F2/><W81/><G62/><T37/><D37/><N who="2" m="14410" /><F115/><W25/><G107/><T123/><D123/><U23/><E72/><V99/><F74/><W53/><G102/><T79/><D112/><U97/><E77/><V109/><F109/><N who="0" m="42058" /><D27/><N who="3" m="10313" /><G1/><T83/><D92/><U103/><E103/><V0/><F0/><W43/><G3/><T48/><D132/><U78/><E78/><V40/><F40/><W135/><G135/><T64/><D64/><U73/><E65/><V98/><F80/><N who="3" m="30827" /><G6/><T9/><D83/><U134/><E73/><V117/><F117/><W100/><G100/><T127/><D79/><U7/><E7/><V34/><F34/><W11/><G43/><T10/><D10/><AGARI ba="1,0" hai="10,11,14,16,22,53,59,61" m="30827,10313" machi="10" ten="30,2000,0" yaku="8,1,54,1" doraHai="66" who="3" fromWho="0" sc="237,-23,338,0,179,0,246,23" /><INIT seed="6,0,0,5,1,96" ten="214,338,179,269" oya="2" hai0="40,64,73,70,133,72,27,110,67,94,53,105,9" hai1="108,56,46,86,91,128,99,41,54,95,101,47,104" hai2="125,29,117,33,55,25,74,122,28,10,78,113,124" hai3="111,88,68,118,103,69,126,36,39,60,15,45,98"/><V107/><F117/><W130/><G111/><T58/><D105/><U77/><E108/><V24/><F122/><W22/><G118/><T19/><D110/><U30/><E128/><V131/><F131/><W2/><G2/><T51/><D40/><U62/><E41/><V132/><F132/><W114/><G68/><T14/><D133/><U44/><E30/><V127/><F113/><W8/><G22/><T43/><D43/><U120/><E120/><V32/><F107/><W63/><G63/><T109/><D109/><U84/><E77/><V135/><F135/><W75/><G75/><T16/><D70/><U50/><E86/><V34/><F55/><W11/><G11/><T65/><REACH who="0" step="1"/><D94/><REACH who="0" ten="204,338,179,269" step="2"/><U123/><E123/><V57/><F57/><W48/><G69/><T18/><D18/><U31/><E31/><N who="2" m="11851" /><F10/><W116/><G8/><T38/><D38/><U21/><E21/><AGARI ba="0,1" hai="9,14,16,19,21,27,51,53,58,64,65,67,72,73" machi="21" ten="40,2600,0" yaku="1,1,54,1,53,0" doraHai="96" doraHaiUra="79" who="0" fromWho="1" sc="204,36,338,-26,179,0,269,0" /><INIT seed="7,0,0,2,3,104" ten="240,312,179,269" oya="3" hai0="0,48,13,107,21,32,83,78,118,113,103,99,2" hai1="129,108,75,79,85,119,131,123,105,28,69,128,91" hai2="124,15,72,110,61,25,46,58,39,14,22,50,64" hai3="89,109,37,112,6,5,81,67,70,35,56,106,135"/><W55/><G106/><T30/><D118/><U87/><E108/><V49/><F110/><W59/><G109/><T12/><D113/><U115/><E123/><V97/><F124/><W90/><G35/><T125/><D125/><U42/><E115/><V47/><F39/><W80/><G37/><T98/><D32/><U92/><E119/><V76/><F97/><W57/><G70/><T7/><D99/><N who="1" m="57759" /><E69/><V31/><F76/><W54/><G135/><T38/><D38/><U88/><E105/><V66/><F66/><W11/><G67/><T34/><D34/><U16/><E28/><V130/><F130/><W73/><G112/><T45/><D13/><U116/><E116/><V65/><F65/><W18/><G18/><T20/><D20/><U126/><E126/><V84/><F84/><W95/><G73/><T53/><D30/><U36/><E16/><V26/><F26/><W86/><G80/><T4/><D4/><N who="3" m="1641" /><G11/><T27/><D27/><U94/><E75/><V24/><F24/><W102/><G102/><T17/><REACH who="0" step="1"/><D7/><REACH who="0" ten="230,312,179,269" step="2"/><U40/><E36/><V8/><F8/><W63/><G63/><T82/><D82/><AGARI ba="0,1" hai="40,42,79,82,85,87,88,94,128,129,131" m="57759" machi="82" ten="30,2000,0" yaku="19,1,54,1" doraHai="104" who="1" fromWho="0" sc="230,-20,312,30,179,0,269,0" owari="210,-19.0,342,44.2,179,-32.1,269,6.9" /></mjloggm>