<mjloggm ver="2.3"><GO type="169" lobby="0"/><UN n0="%E6%A9%9F%E7%8E%87%E4%B9%8B%E9%96%80%E7%9A%84%E4%BF%A1%E5%BE%92" n1="%E3%81%BE%E3%82%8B%E3%81%A8%E3%83%BC" n2="%E4%BA%AC%E9%83%BD%34%30" n3="%74%6F%72%69%30%36%31%32" dan="16,16,16,16" rate="2115.30,2054.15,2104.46,2185.97" sx="M,M,M,M"/><TAIKYOKU oya="0"/><INIT seed="0,0,0,0,1,38" ten="250,250,250,250" oya="0" hai0="52,76,30,130,124,2,90,16,20,11,18,103,51" hai1="91,93,99,122,13,19,48,53,71,5,89,128,100" hai2="74,79,88,115,105,129,131,101,73,37,10,66,60" hai3="106,65,109,119,24,58,54,8,97,86,42,85,114"/><T6/><D130/><N who="2" m="49674" /><F37/><W36/><G114/><T80/><D103/><U135/><E128/><V63/><F115/><W134/><G65/><T43/><D90/><U12/><E122/><V9/><F63/><W132/><G119/><T111/><D124/><U95/><E71/><N who="2" m="42439" /><F79/><W87/><G109/><T98/><D98/><U104/><E135/><N who="3" m="51754" /><G24/><T113/><D113/><U0/><E0/><V41/><F41/><W23/><G23/><T133/><D133/><U47/><E104/><V67/><F67/><W127/><G8/><N who="2" m="3177" /><F88/><N who="1" m="33865" /><E5/><V81/><F81/><W61/><G127/><T72/><D111/><U35/><E35/><V46/><F46/><N who="3" m="23879" /><G106/><T70/><D70/><U94/><E12/><V69/><F69/><W83/><G97/><AGARI ba="0,0" hai="73,74,97,101,105" m="3177,42439,49674" machi="97" ten="30,1000,0" yaku="19,1" doraHai="38" who="2" fromWho="3" sc="250,0,250,0,250,10,250,-10" /><INIT seed="1,0,0,0,0,87" ten="250,250,260,240" oya="1" hai0="82,14,52,93,39,92,96,130,66,42,69,43,133" hai1="108,122,127,112,62,75,17,45,134,50,88,28,129" hai2="6,37,15,53,74,104,105,18,31,91,78,26,94" hai3="13,114,5,27,23,3,97,49,123,126,64,1,121"/><U73/><E112/><V12/><F37/><W118/><G64/><T46/><D133/><U89/><E122/><N who="3" m="46602" /><G97/><T35/><D35/><U79/><E28/><V128/><F78/><W98/><G49/><T59/><D130/><U106/><E106/><V99/><F128/><W77/><G98/><T51/><D42/><U56/><E129/><V67/><F74/><W4/><G77/><T7/><D82/><U38/><E38/><V81/><F81/><W57/><G57/><T70/><D93/><U8/><E75/><V135/><F135/><W48/><G48/><T76/><D76/><U20/><E134/><V11/><F67/><W116/><G114/><T54/><D54/><N who="1" m="34071" /><E79/><V85/><F53/><W86/><G86/><T83/><D83/><U90/><E73/><V60/><F60/><W68/><G13/><T36/><D36/><U63/><E63/><V80/><F85/><W120/><G120/><T47/><D47/><U109/><E127/><V58/><F58/><W61/><G61/><N who="0" m="40143" /><D14/><N who="1" m="9271" /><E50/><V107/><F80/><W25/><G126/><T101/><D70/><U124/><E124/><V44/><F44/><W33/><G33/><T110/><D39/><U21/><E45/><V9/><F107/><W10/><G68/><T113/><D113/><U40/><E40/><V119/><REACH who="2" step="1"/><F119/><REACH who="2" ten="250,250,250,240" step="2"/><W16/><G118/><T125/><D125/><U0/><E21/><AGARI ba="0,1" hai="6,9,11,12,15,18,21,26,31,91,94,99,104,105" machi="21" ten="30,12000,2" yaku="1,1,2,1,7,1,52,1,53,2" doraHai="87" doraHaiUra="100" who="2" fromWho="1" sc="250,0,250,-120,250,130,240,0" /><INIT seed="2,0,0,0,0,15" ten="250,130,380,240" oya="2" hai0="119,26,97,131,105,17,135,67,130,40,82,61,31" hai1="44,69,21,126,36,113,66,109,112,49,132,96,100" hai2="77,116,37,35,76,68,43,13,38,107,52,110,72" hai3="8,99,123,91,127,54,83,39,53,117,74,101,48"/><V62/><F116/><W10/><G39/><T87/><D119/><U5/><E36/><V4/><F35/><W18/><G123/><T86/><D40/><U115/><E5/><V22/><F107/><W75/><G127/><T98/><D135/><U90/><E126/><V128/><F128/><N who="0" m="49194" /><D86/><U11/><E132/><V16/><F37/><W94/><G54/><T24/><D105/><U27/><E11/><V56/><F68/><W85/><G117/><T47/><D47/><U28/><E90/><V81/><F77/><W120/><G120/><T19/><D97/><U63/><E109/><V106/><F106/><W58/><G10/><T42/><D98/><U84/><E84/><V32/><F32/><W89/><G101/><T125/><D42/><U104/><REACH who="1" step="1"/><E115/><REACH who="1" ten="250,120,380,240" step="2"/><V12/><F110/><W50/><G75/><T121/><D125/><U80/><E80/><V70/><F4/><W45/><G74/><T79/><D121/><U55/><AGARI ba="0,1" hai="21,27,28,44,49,55,63,66,69,96,100,104,112,113" machi="55" ten="20,2700,0" yaku="1,1,0,1,7,1,53,0" doraHai="15" doraHaiUra="71" who="1" fromWho="1" sc="250,-7,120,37,380,-13,240,-7" /><INIT seed="3,0,0,3,1,4" ten="243,157,367,233" oya="3" hai0="68,82,57,105,71,40,33,111,96,124,48,118,73" hai1="122,44,35,97,125,7,56,79,41,34,101,133,132" hai2="110,70,121,5,1,74,16,43,94,63,112,104,50" hai3="99,81,55,22,103,45,38,77,32,120,95,18,39"/><W88/><G32/><T3/><D118/><U89/><E79/><V72/><F112/><W90/><G120/><T28/><D3/><U9/><E89/><V46/><F104/><W52/><G39/><T31/><D111/><U84/><E84/><V8/><F110/><W36/><G36/><T108/><D108/><U80/><E80/><V0/><F0/><W115/><G115/><T23/><D33/><U117/><E56/><V49/><F121/><W58/><G38/><T113/><D113/><U65/><E65/><V135/><F135/><N who="1" m="51785" /><E122/><V107/><F107/><W67/><G67/><T66/><D73/><U76/><E76/><V134/><F134/><W130/><G130/><T92/><D82/><U102/><E117/><V13/><F50/><N who="3" m="28751" /><G81/><T60/><D105/><N who="1" m="63663" /><E102/><V20/><F70/><W15/><G77/><T126/><D68/><U10/><E125/><V62/><REACH who="2" step="1"/><F94/><REACH who="2" ten="243,157,357,233" step="2"/><W27/><G27/><T131/><D71/><U53/><E35/><V116/><F116/><W119/><G119/><T127/><D92/><U2/><E34/><V14/><F14/><W129/><G129/><T30/><D131/><U54/><E10/><V25/><F25/><W12/><G12/><T42/><D126/><U123/><E123/><V6/><F6/><W109/><G109/><T86/><D127/><U93/><E93/><V24/><F24/><W91/><G103/><T19/><D124/><U106/><E106/><V51/><F51/><AGARI ba="0,1" hai="15,18,22,51,55,58,88,90,91,95,99" m="28751" machi="51" ten="30,5800,0" yaku="8,1,54,2" doraHai="4" who="3" fromWho="2" sc="243,0,157,0,357,-58,233,68" /><AGARI ba="0,0" hai="2,7,9,41,44,51,53,54" m="63663,51785" machi="51" ten="30,2000,0" yaku="20,1,52,1" doraHai="4" who="1" fromWho="2" sc="243,0,157,20,299,-20,301,0" /><INIT seed="3,1,0,0,0,21" ten="243,177,279,301" oya="3" hai0="42,32,41,63,128,51,122,100,85,78,119,19,114" hai1="27,34,131,66,31,90,118,45,98,82,0,75,72" hai2="70,44,111,53,33,28,5,133,23,120,77,52,116" hai3="107,93,43,112,8,81,79,129,130,73,58,2,110"/><W18/><G107/><T3/><D119/><U40/><E131/><N who="3" m="50186" /><G112/><T54/><D122/><U94/><E118/><V134/><F116/><W10/><G43/><T37/><D128/><U55/><E0/><V115/><F115/><W38/><G38/><T6/><D114/><U49/><E66/><V4/><F33/><W46/><G46/><T57/><D100/><U92/><E82/><V123/><F70/><W35/><G35/><T76/><D32/><U126/><E126/><V12/><F77/><W17/><G110/><T7/><D3/><U13/><E40/><V104/><F104/><W16/><G2/><T117/><D117/><U127/><E127/><V26/><F111/><W113/><G113/><T87/><D41/><U89/><REACH who="1" step="1"/><E13/><REACH who="1" ten="243,167,279,301" step="2"/><V88/><F123/><W105/><G81/><T15/><D42/><U135/><E135/><N who="2" m="51723" /><F12/><W103/><G73/><T95/><D15/><U125/><E125/><V108/><F120/><W50/><G79/><T124/><D124/><U65/><E65/><V24/><F108/><W14/><G14/><T25/><D78/><U47/><E47/><V1/><F1/><W69/><G10/><T101/><D76/><U29/><E29/><V68/><F44/><W99/><G8/><T96/><D37/><U83/><E83/><V71/><F71/><W74/><G74/><T22/><D7/><U48/><E48/><V59/><F4/><W20/><G69/><T64/><REACH who="0" step="1"/><D6/><REACH who="0" ten="233,167,279,301" step="2"/><U9/><E9/><V80/><F5/><W106/><G50/><T91/><D91/><U109/><E109/><V102/><F88/><W132/><G132/><RYUUKYOKU ba="1,2" sc="233,15,167,15,279,-15,301,-15" hai0="19,22,25,51,54,57,63,64,85,87,95,96,101" hai1="27,31,34,45,49,55,72,75,89,90,92,94,98" /><INIT seed="4,2,2,3,3,128" ten="248,182,264,286" oya="0" hai0="132,106,58,9,39,81,110,45,42,67,103,16,120" hai1="79,53,32,15,60,8,123,74,3,64,12,129,86" hai2="38,114,54,75,50,35,109,44,68,46,94,31,95" hai3="11,26,96,80,131,98,51,13,61,108,85,104,43"/><T90/><D120/><U17/><E123/><V33/><F114/><W111/><G131/><T93/><D110/><U130/><E32/><V41/><F109/><W6/><G104/><T73/><D106/><U115/><E3/><V21/><F75/><W107/><G107/><T76/><D103/><U5/><E74/><V19/><F68/><W1/><G1/><T59/><D67/><U99/><E115/><V127/><F127/><W48/><G111/><T116/><D116/><U87/><E53/><V78/><F78/><N who="3" m="46231" /><G108/><T92/><D92/><U14/><E14/><V83/><F83/><W4/><G4/><T10/><D132/><U71/><E79/><V121/><F121/><W69/><G69/><T27/><D9/><U77/><E77/><V119/><F119/><W97/><G61/><T7/><D27/><U124/><E124/><V84/><F31/><W29/><G43/><T22/><D22/><AGARI ba="2,2" hai="6,11,13,22,26,29,48,51,96,97,98" m="46231" machi="22" ten="30,1000,0" yaku="8,1" doraHai="128" who="3" fromWho="0" sc="248,-16,182,0,264,0,286,36" /><INIT seed="5,0,0,4,1,40" ten="232,182,264,322" oya="1" hai0="126,129,15,32,54,79,31,45,4,20,13,123,133" hai1="130,24,87,43,3,78,95,83,57,41,35,17,80" hai2="52,72,127,73,86,48,9,55,46,49,62,5,102" hai3="39,101,59,30,113,27,10,93,56,97,114,77,88"/><U74/><E130/><V2/><F127/><W51/><G39/><T12/><D126/><U107/><E3/><V53/><F102/><W50/><G77/><T33/><D129/><U100/><E83/><V118/><F118/><W11/><G59/><T76/><D133/><U29/><E17/><V19/><F62/><W98/><G11/><T69/><D69/><U75/><E75/><V90/><F19/><W134/><G10/><T128/><D128/><U119/><E119/><V28/><F28/><W116/><G134/><T58/><D4/><U42/><E57/><V131/><F131/><W110/><G110/><T89/><D123/><U124/><E124/><V111/><F111/><W34/><G116/><T14/><D89/><U81/><E81/><V108/><F108/><W112/><REACH who="3" step="1"/><G56/><REACH who="3" ten="232,182,264,312" step="2"/><T82/><D76/><U85/><REACH who="1" step="1"/><E107/><AGARI ba="0,1" hai="27,30,34,50,51,88,93,97,98,101,107,112,113,114" machi="107" ten="40,8000,1" yaku="1,1,2,1,15,1,54,1,53,0" doraHai="40" doraHaiUra="104" who="3" fromWho="1" sc="232,0,182,-80,264,0,312,90" /><INIT seed="6,0,0,2,0,53" ten="232,102,264,402" oya="2" hai0="28,17,11,92,31,126,61,21,135,8,70,36,115" hai1="98,51,1,12,63,72,134,81,112,13,24,29,125" hai2="93,9,37,73,83,42,90,48,18,86,39,87,94" hai3="119,60,71,131,33,47,105,79,3,56,77,55,64"/><V69/><F69/><W40/><G119/><T34/><D36/><U123/><E112/><V99/><F73/><W127/><G3/><T101/><D115/><U110/><E123/><V26/><F48/><W122/><G122/><T121/><D121/><U10/><E110/><V82/><F42/><W7/><G7/><T85/><D135/><U132/><E125/><V113/><F113/><W118/><G105/><T130/><D126/><U106/><E51/><V23/><F94/><W38/><G33/><T57/><D70/><U41/><E41/><V52/><F52/><W44/><G118/><T62/><D62/><U133/><E1/><V124/><F124/><W15/><G47/><T54/><D34/><U120/><E120/><V68/><F68/><W59/><G71/><T74/><D74/><U30/><E10/><N who="0" m="3625" /><D130/><U76/><E63/><V45/><F45/><W5/><G131/><T4/><D4/><U75/><E75/><V20/><F20/><W128/><G128/><T22/><D21/><U14/><REACH who="1" step="1"/><E24/><REACH who="1" ten="232,92,264,402" step="2"/><V108/><F9/><N who="3" m="4527" /><G38/><T78/><D61/><U80/><E80/><V103/><REACH who="2" step="1"/><F108/><REACH who="2" ten="232,92,254,402" step="2"/><W96/><G127/><T107/><D22/><U91/><E91/><AGARI ba="0,2" hai="18,23,26,37,39,82,83,86,87,90,91,93,99,103" machi="91" ten="30,11600,0" yaku="1,1,2,1,7,1,9,1,53,0" doraHai="53" doraHaiUra="116" who="2" fromWho="1" sc="232,0,92,-116,254,136,402,0" owari="232,-16.8,-24,-52.4,390,19.0,402,50.2" /></mjloggm>