<mjloggm ver="2.3"><GO type="169" lobby="0"/><UN n0="%E7%A0%B2%E5%A7%90%E5%A7%90" n1="%63%68%69%73%73" n2="%E9%87%8E%E5%B4%8E%E7%B6%AD%E7%B9%94%E2%98%85" n3="%6F%74%6E%65%6D%65%6D" dan="16,16,16,16" rate="2105.32,2182.66,2132.49,2117.20" sx="F,M,F,M"/><TAIKYOKU oya="0"/><INIT seed="0,0,0,1,1,94" ten="250,250,250,250" oya="0" hai0="117,88,106,127,133,3,80,99,13,86,76,97,14" hai1="5,0,47,87,53,121,93,85,20,81,74,59,30" hai2="101,23,114,56,90,10,34,36,113,6,42,84,95" hai3="50,122,44,41,8,27,118,11,119,52,124,115,61"/><T58/><D117/><U7/><E121/><V66/><F34/><W72/><G72/><T19/><D3/><U69/><E69/><V62/><F23/><W43/><G115/><T109/><D127/><U57/><E74/><V63/><F101/><W26/><G124/><T28/><D28/><U108/><E108/><V49/><F36/><W128/><G128/><T83/><D106/><U48/><E0/><V45/><REACH who="2" step="1"/><F63/><REACH who="2" ten="250,250,240,250" step="2"/><W130/><G61/><T96/><D109/><U126/><E126/><V39/><F39/><W64/><G122/><T17/><D133/><U9/><E20/><V82/><F82/><W77/><G118/><T21/><D58/><U71/><E59/><V104/><F104/><W92/><G119/><T110/><D110/><U89/><E57/><V70/><F70/><W25/><G130/><T131/><D131/><U32/><E71/><V98/><F98/><W79/><G64/><T29/><D29/><U91/><E30/><V2/><AGARI ba="0,1" hai="2,6,10,42,45,49,56,62,66,84,90,95,113,114" machi="2" ten="20,5200,0" yaku="1,1,0,1,7,1,53,1" doraHai="94" doraHaiUra="35" who="2" fromWho="2" sc="250,-26,250,-13,240,62,250,-13" /><INIT seed="1,0,0,4,3,35" ten="224,237,302,237" oya="1" hai0="6,135,31,23,12,45,127,79,39,34,56,7,125" hai1="106,116,52,89,22,120,49,94,99,73,131,76,82" hai2="32,38,40,21,63,95,121,69,96,42,107,84,16" hai3="109,133,115,100,53,11,3,57,18,54,2,71,1"/><U128/><E116/><V80/><F32/><W43/><G115/><T98/><D135/><U51/><E120/><V111/><F121/><W123/><G123/><T9/><D79/><U78/><E49/><V19/><F107/><W68/><G133/><T66/><D34/><U104/><E22/><V0/><F0/><W130/><G130/><T72/><D72/><U4/><E4/><V114/><F111/><W134/><G134/><T50/><D39/><U28/><E28/><V113/><F69/><W60/><G43/><N who="2" m="16425" /><F38/><W62/><G100/><T118/><D118/><U92/><E76/><N who="2" m="46087" /><F21/><W10/><G109/><T91/><D7/><U44/><REACH who="1" step="1"/><E94/><REACH who="1" ten="224,227,302,237" step="2"/><V132/><F132/><W65/><G18/><T124/><D31/><U47/><E47/><V24/><F19/><W112/><G112/><T88/><D23/><U30/><E30/><V26/><F113/><W25/><G25/><T85/><D45/><U126/><E126/><V70/><F16/><W108/><G108/><T20/><D20/><U67/><E67/><N who="2" m="41343" /><F114/><W129/><G129/><AGARI ba="0,1" hai="44,51,52,73,78,82,89,92,99,104,106,128,129,131" machi="129" ten="40,12000,1" yaku="1,1,19,1,54,1,53,1" doraHai="35" doraHaiUra="48" who="1" fromWho="3" sc="224,0,227,130,302,0,237,-120" /><INIT seed="1,1,0,0,4,54" ten="224,357,302,117" oya="1" hai0="66,133,103,87,86,58,134,123,19,55,46,124,60" hai1="1,126,99,131,68,113,37,36,6,48,85,121,91" hai2="93,122,30,15,130,59,105,109,16,75,63,77,0" hai3="118,104,69,119,100,13,33,7,44,116,81,11,52"/><U76/><E113/><V101/><F122/><W9/><G69/><T127/><D123/><U24/><E121/><V125/><F0/><W12/><G33/><T70/><D103/><U82/><E68/><V57/><F109/><W111/><G111/><T62/><D19/><U27/><E126/><N who="0" m="48169" /><D87/><U21/><E131/><V28/><F125/><W45/><G81/><T115/><D86/><U65/><E27/><V38/><F38/><W64/><G64/><T71/><D115/><U110/><E110/><V26/><F105/><W98/><REACH who="3" step="1"/><G52/><REACH who="3" ten="224,357,302,107" step="2"/><N who="0" m="33863" /><D70/><U23/><E82/><V56/><F130/><W96/><G96/><T97/><D97/><U43/><E99/><N who="2" m="59631" /><F75/><W5/><AGARI ba="1,1" hai="5,7,9,11,12,13,44,45,98,100,104,116,118,119" machi="5" ten="30,8000,1" yaku="1,1,0,1,9,1,12,1,53,1" doraHai="54" doraHaiUra="95" who="3" fromWho="3" sc="224,-21,357,-41,302,-21,107,93" /><INIT seed="2,0,0,4,0,119" ten="203,316,281,200" oya="2" hai0="86,0,77,101,113,33,72,4,130,6,134,88,22" hai1="50,48,27,10,108,18,2,19,65,32,5,43,74" hai2="90,100,39,30,64,125,98,75,31,73,120,118,34" hai3="103,44,20,63,25,15,97,35,51,116,16,52,45"/><V42/><F118/><W95/><G116/><T109/><D113/><U61/><E108/><V78/><F125/><W107/><G63/><T135/><D109/><U49/><E74/><V76/><F90/><W91/><G35/><T92/><D33/><U105/><E105/><V128/><F64/><W69/><G69/><T112/><D112/><U53/><E32/><V94/><F128/><W66/><G66/><T26/><D130/><U99/><E99/><V80/><F34/><W55/><G25/><T13/><D101/><U12/><E27/><V47/><REACH who="2" step="1"/><F120/><REACH who="2" ten="203,316,271,200" step="2"/><W56/><REACH who="3" step="1"/><G55/><REACH who="3" ten="203,316,271,190" step="2"/><T41/><D41/><U70/><E43/><V8/><F8/><W131/><G131/><T83/><D134/><U87/><E53/><V96/><F96/><AGARI ba="0,2" hai="15,16,20,44,45,51,52,56,91,95,96,97,103,107" machi="96" ten="30,12000,2" yaku="1,1,7,1,54,2,53,2" doraHai="119" doraHaiUra="93" who="3" fromWho="2" sc="203,0,316,0,271,-120,190,140" /><INIT seed="3,0,0,0,3,18" ten="203,316,151,330" oya="3" hai0="104,17,102,51,61,39,76,9,59,93,62,53,89" hai1="64,77,6,133,107,41,23,103,4,129,110,73,45" hai2="22,29,65,121,98,56,68,31,16,44,54,85,91" hai3="34,130,21,75,35,88,92,109,40,26,128,124,127"/><W48/><G75/><T71/><D39/><U33/><E33/><V60/><F121/><W25/><G40/><T115/><D115/><U116/><E107/><V7/><F7/><W20/><G48/><T24/><D76/><U83/><E103/><V50/><F98/><W122/><G109/><T47/><D104/><U95/><E110/><V90/><F68/><W81/><G81/><T58/><D102/><U108/><E108/><V69/><F69/><W52/><G52/><N who="0" m="34023" /><D71/><U106/><E64/><V46/><F46/><W120/><G92/><T36/><D36/><U1/><E106/><V105/><F105/><W100/><G100/><T55/><D9/><N who="1" m="2191" /><E116/><V57/><F44/><W27/><G27/><T131/><D131/><U125/><E129/><V8/><F8/><W86/><G86/><N who="0" m="52407" /><D17/><U66/><E77/><V49/><F49/><W12/><G88/><N who="2" m="33833" /><F85/><W2/><G2/><T30/><D24/><AGARI ba="0,0" hai="16,22,24,29,31,50,54,56,57,60,65" m="33833" machi="24" ten="30,7700,0" yaku="8,1,52,1,54,2" doraHai="18" who="2" fromWho="0" sc="203,-77,316,0,151,77,330,0" /><INIT seed="4,0,0,3,5,97" ten="126,316,228,330" oya="0" hai0="27,49,91,43,88,19,29,81,116,92,71,94,12" hai1="82,130,84,20,79,51,50,34,103,121,54,48,26" hai2="7,58,102,11,135,2,40,67,95,108,24,68,8" hai3="57,77,10,44,15,39,3,74,0,22,65,37,122"/><T30/><D71/><U52/><E121/><V32/><F108/><W64/><G122/><T60/><D116/><U117/><E117/><V98/><F135/><W9/><G74/><T38/><D38/><U120/><E120/><V134/><F134/><W21/><G77/><T93/><D60/><U41/><E130/><V55/><F40/><W131/><G57/><T62/><D62/><U56/><E34/><V123/><F123/><W6/><G44/><N who="0" m="25759" /><D27/><U18/><E41/><V112/><F112/><W100/><G15/><T75/><D75/><U72/><E72/><V113/><F113/><W124/><G6/><T33/><D33/><U105/><E105/><V87/><F68/><W17/><G17/><T70/><D70/><U96/><REACH who="1" step="1"/><E54/><REACH who="1" ten="126,306,228,330" step="2"/><V4/><F55/><W25/><G131/><T125/><D125/><U126/><E126/><V59/><F32/><W16/><G124/><T133/><D133/><U132/><E132/><V53/><F53/><W86/><G64/><T129/><D129/><U61/><E61/><V31/><F67/><W118/><G65/><T89/><D81/><U63/><E63/><V46/><F46/><W114/><G118/><T42/><D42/><U69/><E69/><V109/><F58/><W90/><G114/><T101/><D101/><U45/><E45/><V128/><F59/><W106/><G100/><T119/><D119/><U83/><E83/><V23/><F128/><W104/><G106/><T47/><D47/><U36/><E36/><V107/><F107/><W35/><G104/><T115/><D115/><U76/><E76/><V14/><F109/><RYUUKYOKU ba="0,1" sc="126,10,306,10,228,10,330,-30" hai0="12,19,29,30,88,89,91,92,93,94" hai1="18,20,26,48,50,51,52,56,79,82,84,96,103" hai2="2,4,7,8,11,14,23,24,31,87,95,98,102" /><INIT seed="4,1,1,4,4,51" ten="136,316,238,300" oya="0" hai0="3,30,5,52,85,101,133,65,37,89,114,106,92" hai1="74,14,23,15,41,71,86,127,69,99,42,34,93" hai2="87,78,128,56,60,118,122,48,91,39,58,108,67" hai3="18,68,13,134,98,64,24,124,10,17,25,28,80"/><T70/><D37/><U61/><E74/><V8/><F108/><W132/><G68/><T79/><D3/><U88/><E34/><V54/><F122/><W116/><G64/><T44/><D5/><U1/><E1/><V94/><F128/><W63/><G116/><T62/><D114/><U19/><E127/><V97/><F39/><W4/><G63/><T84/><D133/><N who="3" m="51305" /><G80/><T21/><D79/><U117/><E117/><V72/><F118/><W59/><G59/><N who="0" m="37087" /><D106/><U26/><E71/><V16/><F72/><W75/><G98/><N who="0" m="59591" /><D70/><U20/><E69/><V130/><F130/><W131/><G75/><T46/><D46/><U115/><E115/><V49/><F49/><W81/><G131/><T73/><D73/><U129/><E129/><V33/><F33/><N who="3" m="20615" /><G81/><T112/><D112/><U110/><E110/><V104/><F78/><W0/><G124/><T9/><D9/><U113/><E113/><V123/><F123/><W135/><G135/><T105/><D105/><U2/><E61/><V6/><F104/><W57/><G57/><T82/><D85/><U35/><E2/><V36/><F36/><W7/><G0/><T90/><D90/><N who="1" m="55735" /><E35/><V96/><F6/><W120/><G120/><T102/><D102/><U119/><E119/><V103/><F103/><W100/><G100/><T31/><D21/><AGARI ba="1,1" hai="4,7,10,13,17,18,21,25" m="20615,51305" machi="21" ten="30,3900,0" yaku="20,1,34,2" doraHai="51" who="3" fromWho="0" sc="136,-42,316,0,238,0,300,52" /><INIT seed="5,0,0,2,1,71" ten="94,316,238,352" oya="1" hai0="23,70,56,0,92,103,60,96,32,17,88,31,107" hai1="27,111,114,73,86,20,83,48,46,28,124,65,97" hai2="77,5,21,58,38,74,67,133,33,45,119,90,12" hai3="93,15,16,109,14,4,121,132,122,81,50,18,66"/><U25/><E114/><V87/><F119/><W95/><G109/><T51/><D0/><U63/><E124/><V99/><F33/><W135/><G50/><T6/><D6/><U85/><E111/><V94/><F133/><N who="3" m="51275" /><G81/><T42/><D70/><U69/><E97/><V3/><F21/><W19/><G66/><T62/><D32/><U59/><E73/><V117/><F12/><N who="3" m="4651" /><G4/><T112/><D112/><U44/><E27/><V110/><F110/><W8/><G8/><T115/><D115/><U29/><E46/><V91/><F67/><W128/><G128/><T52/><D42/><U101/><E69/><V39/><F58/><W7/><G7/><T100/><D31/><U30/><E101/><V55/><F55/><W76/><G76/><T118/><D118/><U123/><E123/><AGARI ba="0,0" hai="16,18,19,93,95,121,122,123" m="4651,51275" machi="123" ten="40,8000,1" yaku="28,2,20,1,54,1" doraHai="71" who="3" fromWho="1" sc="94,0,316,-80,238,0,352,80" /><INIT seed="6,0,0,5,1,36" ten="94,236,238,432" oya="2" hai0="53,41,28,44,54,114,83,1,122,30,64,120,99" hai1="5,29,38,86,85,3,124,112,102,47,61,20,126" hai2="130,17,106,12,131,101,42,35,58,98,22,72,24" hai3="70,117,18,14,119,8,97,66,94,91,21,78,6"/><V4/><F72/><W103/><G78/><T32/><D1/><U40/><E112/><V79/><F79/><W52/><G70/><T88/><D114/><U123/><E123/><V11/><F58/><W111/><G66/><T0/><D0/><U56/><E102/><V87/><F87/><W74/><G74/><T65/><D32/><U115/><E115/><V46/><REACH who="2" step="1"/><F35/><REACH who="2" ten="94,236,228,432" step="2"/><W71/><G71/><T7/><D120/><U2/><E86/><V59/><F59/><W27/><G111/><T16/><D122/><U105/><E85/><V15/><F15/><W125/><G125/><T93/><D83/><U109/><E2/><V67/><F67/><W80/><G80/><T128/><D128/><U127/><E3/><V96/><F96/><W95/><G117/><T75/><D75/><U104/><E109/><V118/><F118/><W10/><G119/><T116/><D116/><U49/><E5/><V89/><F89/><W113/><G113/><T84/><D7/><U31/><E124/><V135/><F135/><W62/><G14/><T26/><D65/><U13/><E126/><V68/><F68/><W69/><G6/><T90/><D64/><U55/><E127/><V63/><F63/><W37/><G69/><T81/><D30/><U129/><E129/><V25/><F25/><W33/><G62/><T107/><D28/><U45/><E31/><V23/><F23/><W34/><G33/><T77/><D77/><U43/><E29/><V121/><F121/><W76/><G34/><T39/><D107/><U73/><E73/><V108/><F108/><W132/><G76/><RYUUKYOKU ba="0,1" sc="94,10,236,10,228,10,432,-30" hai0="16,26,39,41,44,53,54,81,84,88,90,93,99" hai1="13,20,38,40,43,45,47,49,55,56,61,104,105" hai2="4,11,12,17,22,24,42,46,98,101,106,130,131" /><INIT seed="6,1,1,3,0,44" ten="104,246,238,402" oya="2" hai0="9,84,29,108,53,11,26,39,71,128,82,4,0" hai1="81,46,55,74,61,68,113,95,99,72,27,98,88" hai2="131,18,50,118,49,80,129,65,111,7,2,43,70" hai3="100,78,127,79,20,56,116,105,36,93,77,25,6"/><V51/><F118/><W110/><G36/><T135/><D108/><U47/><E113/><V13/><F111/><W1/><G127/><T106/><D106/><U42/><E68/><V24/><F24/><W8/><G110/><T34/><D71/><U96/><E27/><V38/><F80/><W114/><G114/><T85/><D128/><N who="2" m="49226" /><F2/><W30/><G116/><T87/><D135/><U59/><E47/><N who="2" m="24055" /><F7/><W22/><G105/><T92/><D39/><U21/><E21/><N who="2" m="11471" /><F70/><W52/><G20/><T90/><D11/><U89/><E81/><V48/><F48/><W119/><G119/><T133/><D133/><U109/><E109/><V28/><F28/><W121/><G121/><T37/><D37/><U3/><E3/><V5/><F5/><W117/><G117/><T83/><D83/><U112/><E112/><V124/><F65/><W16/><G30/><T94/><D82/><U62/><E74/><V57/><F124/><W120/><G120/><T54/><D94/><N who="1" m="56391" /><E72/><V103/><F103/><W101/><REACH who="3" step="1"/><G93/><REACH who="3" ten="104,246,238,392" step="2"/><T73/><D73/><U35/><E95/><V104/><F104/><W41/><G41/><T17/><REACH who="0" step="1"/><D17/><REACH who="0" ten="94,246,238,392" step="2"/><U40/><E42/><V32/><F32/><W67/><G67/><T115/><D115/><U132/><E35/><V64/><F64/><W76/><N who="3" m="19456" /><DORA hai="19" /><W107/><G107/><T15/><D15/><U123/><E40/><V66/><F66/><W130/><G130/><T14/><D14/><U97/><E123/><V91/><F91/><W69/><G69/><T60/><D60/><AGARI ba="1,3" hai="1,6,8,16,22,25,52,56,60,100,101" m="19456" machi="60" ten="50,8000,1" yaku="1,1,52,1,54,2,53,0" doraHai="44,19" doraHaiUra="122,45" who="3" fromWho="0" sc="94,-83,246,0,238,0,392,113" /><INIT seed="7,0,0,0,4,23" ten="11,246,238,505" oya="3" hai0="118,79,4,84,34,58,76,31,39,27,53,57,130" hai1="8,22,125,121,64,48,111,104,5,18,25,120,98" hai2="95,132,49,2,47,61,81,45,30,133,119,21,131" hai3="99,101,38,106,29,105,87,88,113,62,71,91,124"/><W33/><G38/><T7/><D39/><U41/><E111/><V3/><F119/><W80/><G124/><T11/><D130/><U12/><E64/><V9/><F131/><W51/><G113/><T83/><D118/><U127/><E98/><V70/><F95/><W108/><G108/><T75/><D75/><U102/><E102/><V14/><F81/><W56/><G71/><T67/><D67/><U122/><E104/><V0/><F70/><W37/><G37/><T44/><D34/><U28/><E48/><V123/><F61/><W115/><G51/><T135/><D135/><N who="2" m="51786" /><F123/><W110/><G110/><T114/><D114/><U52/><E41/><V17/><F49/><W90/><G115/><T6/><D11/><N who="1" m="6431" /><E52/><V82/><F82/><W129/><G129/><T73/><D73/><U32/><E32/><V55/><F55/><W72/><G72/><T78/><D83/><U85/><E85/><V86/><F86/><W117/><G117/><T128/><D84/><U1/><AGARI ba="0,0" hai="1,5,8,22,25,28,120,121,122,125,127" m="6431" machi="1" ten="40,5200,0" yaku="34,2,52,1" doraHai="23" who="1" fromWho="1" sc="11,-13,246,52,238,-13,505,-26" owari="-2,-50.2,298,9.8,225,-17.5,479,57.9" /></mjloggm>