<mjloggm ver="2.3"><GO type="169" lobby="0"/><UN n0="%E7%AD%89%E3%80%85%E5%8A%9B%E5%8A%87%E5%A0%B4" n1="%E3%83%90%E3%83%AA%E3%83%88%E3%83%B3" n2="%E6%BC%82%E3%81%86" n3="%E6%9F%8A%E5%92%B2%E5%A4%9C" dan="16,17,16,16" rate="2145.94,2232.24,2114.60,2133.25" sx="M,M,M,M"/><TAIKYOKU oya="0"/><INIT seed="0,0,0,1,5,10" ten="250,250,250,250" oya="0" hai0="133,18,95,106,32,22,120,54,49,110,69,50,68" hai1="41,83,27,19,116,125,97,130,46,35,25,78,34" hai2="76,70,21,5,45,39,90,75,13,117,113,121,124" hai3="44,72,123,132,53,63,42,23,91,108,81,104,29"/><T15/><D15/><U43/><E116/><V88/><F70/><W129/><G104/><T126/><D106/><U16/><E130/><V85/><F113/><W61/><G129/><T92/><D120/><U66/><E125/><V102/><F121/><W71/><G123/><T59/><D32/><U80/><E66/><V131/><F131/><W64/><G108/><T11/><D133/><U2/><E46/><V79/><F39/><W127/><G132/><T9/><D126/><U55/><E55/><V58/><F75/><W115/><G115/><T89/><D110/><U96/><REACH who="1" step="1"/><E78/><REACH who="1" ten="250,240,250,250" step="2"/><N who="2" m="29739" /><F124/><W57/><G53/><T20/><D54/><U128/><E128/><V31/><F117/><W14/><G64/><T62/><D69/><U12/><E12/><V37/><F37/><W100/><G14/><T52/><D68/><U93/><E93/><V103/><F45/><W4/><G44/><T67/><D95/><U98/><E98/><V74/><F58/><W48/><G57/><T105/><D92/><U47/><E47/><V33/><F74/><W8/><G71/><T112/><D67/><U40/><E40/><V28/><F85/><W60/><G42/><T17/><D59/><U114/><E114/><V111/><F111/><W122/><G72/><T65/><D112/><U94/><E94/><V73/><F73/><W36/><G122/><T0/><D65/><U107/><E107/><V87/><F87/><W119/><G36/><T3/><D105/><U6/><E6/><V26/><F5/><W51/><G127/><T24/><D52/><U109/><E109/><V30/><F13/><RYUUKYOKU ba="0,1" sc="250,-10,240,30,250,-10,250,-10" hai1="2,16,19,25,27,34,35,41,43,80,83,96,97" /><INIT seed="1,1,1,0,1,13" ten="240,270,240,240" oya="1" hai0="25,131,75,34,134,129,1,94,42,36,58,96,30" hai1="114,20,52,49,22,101,44,18,79,15,88,84,126" hai2="16,83,7,61,132,56,107,130,8,64,47,43,54" hai3="133,46,103,85,2,24,71,23,66,98,73,27,121"/><U120/><E114/><V70/><F107/><W86/><G121/><T68/><D68/><U55/><E120/><V17/><F132/><W119/><G133/><T65/><D134/><U90/><E126/><V12/><F130/><W127/><G127/><T110/><D1/><U82/><E101/><V57/><F83/><W10/><G73/><T4/><D75/><U106/><E106/><V80/><F80/><W93/><G119/><T5/><D110/><U135/><E135/><V69/><F69/><W28/><G66/><T100/><D36/><U62/><E22/><V39/><F57/><AGARI ba="1,1" hai="15,18,20,44,49,52,55,57,62,79,82,84,88,90" machi="57" ten="40,12000,1" yaku="8,1,52,1,54,2" doraHai="13" who="1" fromWho="2" sc="240,0,270,133,240,-123,240,0" /><INIT seed="1,2,0,0,1,38" ten="240,403,117,240" oya="1" hai0="26,119,6,41,129,116,124,46,57,76,82,25,123" hai1="34,87,86,112,108,81,110,70,133,55,22,5,67" hai2="71,23,47,121,43,32,100,56,17,74,27,50,96" hai3="3,16,11,45,8,75,94,88,51,19,134,115,66"/><U52/><E34/><V105/><F121/><W31/><G115/><T101/><D129/><U78/><E112/><V53/><F74/><W42/><G75/><T109/><D109/><N who="1" m="42091" /><E133/><V97/><F71/><W125/><G134/><T135/><D135/><U59/><E5/><V92/><F32/><W60/><G31/><T84/><D124/><U15/><E70/><V130/><F130/><W29/><G29/><T1/><D123/><U30/><E87/><V36/><REACH who="2" step="1"/><F97/><REACH who="2" ten="240,403,107,240" step="2"/><W61/><G125/><T64/><D119/><U90/><E78/><V4/><F4/><W62/><G66/><T77/><D64/><U117/><E117/><V132/><F132/><W111/><G111/><T95/><D77/><U107/><E107/><AGARI ba="2,1" hai="17,23,27,36,43,47,50,53,56,92,96,100,105,107" machi="107" ten="40,5200,0" yaku="1,1,52,1,53,1" doraHai="38" doraHaiUra="69" who="2" fromWho="1" sc="240,0,403,-58,107,68,240,0" /><INIT seed="2,0,0,0,5,6" ten="240,345,175,240" oya="2" hai0="82,30,120,110,133,35,56,48,18,89,10,19,32" hai1="20,87,123,129,7,45,1,119,31,47,43,28,23" hai2="0,29,21,106,36,64,132,113,99,8,52,40,22" hai3="111,86,126,4,3,27,122,96,88,81,54,127,102"/><V70/><F113/><W73/><G122/><T83/><D120/><U5/><E123/><V65/><F132/><W66/><G111/><T124/><D110/><U24/><E119/><V112/><F112/><W77/><G66/><T17/><D124/><N who="3" m="47657" /><G27/><T93/><D133/><U55/><E129/><V53/><F70/><W42/><G42/><T62/><D48/><U90/><E55/><N who="2" m="21067" /><F36/><W2/><G54/><N who="0" m="34071" /><D32/><U94/><E1/><V11/><F0/><W61/><G61/><T69/><D35/><U125/><E125/><V135/><F135/><W100/><G100/><T60/><D30/><U104/><E104/><V98/><F106/><N who="3" m="63815" /><G4/><N who="1" m="1610" /><E43/><V68/><F68/><W80/><AGARI ba="0,0" hai="2,3,73,77,80,81,86,88" m="63815,47657" machi="80" ten="30,2000,0" yaku="18,1,54,1" doraHai="6" who="3" fromWho="3" sc="240,-5,345,-5,175,-10,240,20" /><INIT seed="3,0,0,5,4,131" ten="235,340,165,260" oya="3" hai0="127,87,32,98,126,114,88,39,48,120,82,19,99" hai1="58,60,81,56,37,70,13,111,1,12,106,123,23" hai2="129,8,41,21,62,4,101,93,91,77,72,5,52" hai3="16,130,90,57,110,117,53,9,94,74,135,33,108"/><W51/><G117/><T121/><D39/><U67/><E1/><V15/><F129/><W44/><G130/><T2/><D32/><U42/><E106/><V86/><F41/><W10/><G135/><T59/><D2/><U69/><E123/><N who="0" m="47177" /><D19/><U104/><E104/><V122/><F122/><W128/><G128/><T132/><D48/><U102/><E102/><V68/><F101/><W30/><G74/><T50/><D59/><U45/><E111/><N who="3" m="42538" /><G33/><T40/><D50/><U89/><E58/><N who="2" m="35143" /><F72/><W78/><G30/><T125/><D40/><U31/><E31/><V63/><F68/><W28/><G28/><T34/><D34/><U118/><E118/><V46/><F77/><W64/><G78/><T115/><D132/><U103/><E103/><V36/><F36/><W29/><G29/><T11/><D11/><U97/><E70/><V113/><F113/><AGARI ba="0,0" hai="82,87,88,98,99,113,114,115,125,126,127" m="47177" machi="113" ten="40,8000,1" yaku="11,1,18,1,34,2,54,1" doraHai="131" who="0" fromWho="2" sc="235,80,340,0,165,-80,260,0" /><INIT seed="4,0,0,0,3,55" ten="315,340,85,260" oya="0" hai0="7,36,91,29,101,28,19,89,34,10,43,120,94" hai1="11,128,30,18,124,134,60,110,23,90,56,49,114" hai2="42,58,118,38,130,0,75,9,8,20,100,35,14" hai3="70,22,69,54,2,73,102,133,97,26,50,17,119"/><T41/><D120/><U129/><E110/><V135/><F35/><W76/><G119/><T83/><D101/><U59/><E134/><V132/><F118/><W52/><G133/><N who="2" m="51273" /><F75/><W61/><G2/><T68/><D68/><U82/><E124/><V47/><F130/><N who="1" m="50281" /><E114/><V115/><F115/><W39/><G39/><T62/><D19/><U105/><E105/><V121/><F100/><W85/><G73/><T44/><D43/><U109/><E109/><V24/><F0/><W45/><G76/><T108/><D108/><U31/><E11/><N who="2" m="4171" /><F14/><W64/><G85/><T84/><D34/><U67/><E90/><V51/><F121/><W16/><G54/><T86/><REACH who="0" step="1"/><D62/><REACH who="0" ten="305,340,85,260" step="2"/><N who="1" m="38343" /><E49/><V81/><F38/><W93/><G70/><T104/><D104/><U3/><E18/><AGARI ba="0,1" hai="16,17,18,22,26,45,50,52,61,64,69,93,97,102" machi="18" ten="30,3900,0" yaku="7,1,54,2" doraHai="55" who="3" fromWho="1" sc="305,0,340,-39,85,0,260,49" /><INIT seed="5,0,0,4,5,40" ten="305,301,85,309" oya="1" hai0="76,19,60,24,101,73,1,107,31,71,20,129,25" hai1="120,28,33,15,50,21,124,61,108,51,95,5,23" hai2="48,87,9,80,57,4,2,106,3,47,122,64,62" hai3="89,128,116,22,91,102,70,123,99,14,132,18,98"/><U34/><E120/><V105/><F3/><W135/><G123/><T41/><D1/><U109/><E61/><V67/><F67/><W97/><G128/><T35/><D129/><U119/><E95/><V115/><F115/><W39/><G116/><T30/><D76/><U46/><E119/><V77/><REACH who="2" step="1"/><F122/><REACH who="2" ten="305,301,75,309" step="2"/><W127/><G135/><T103/><D71/><U7/><E124/><V112/><F112/><W86/><G132/><T93/><D35/><U11/><E34/><V110/><F110/><W130/><G127/><T29/><D107/><U125/><E125/><V49/><F49/><W45/><G70/><T13/><D60/><U6/><E51/><V38/><F38/><W65/><G65/><T75/><D75/><U37/><E37/><V92/><F92/><W72/><G72/><T88/><D73/><U118/><E118/><V114/><F114/><W10/><G130/><T53/><D93/><U90/><E33/><V42/><AGARI ba="0,1" hai="2,4,9,42,47,48,57,62,64,77,80,87,105,106" machi="42" ten="20,5200,0" yaku="1,1,0,1,7,1,52,1,53,0" doraHai="40" doraHaiUra="8" who="2" fromWho="2" sc="305,-13,301,-26,75,62,309,-13" /><INIT seed="6,0,0,4,2,91" ten="292,275,137,296" oya="2" hai0="43,132,78,26,9,45,93,52,50,87,53,120,107" hai1="56,20,48,105,23,15,97,102,95,63,65,133,22" hai2="27,11,37,0,32,98,44,39,47,18,13,100,51" hai3="116,62,35,12,130,94,29,55,128,61,36,76,103"/><V21/><F32/><W10/><G116/><T90/><D120/><U89/><E133/><V82/><F0/><W6/><G36/><T30/><D107/><U58/><E15/><V8/><F82/><W34/><G76/><T31/><D132/><U135/><E135/><V2/><F2/><W81/><G81/><T49/><D78/><U127/><E127/><V126/><F126/><W80/><G80/><T69/><D69/><U131/><E131/><N who="3" m="50218" /><G55/><T88/><D43/><U114/><E114/><V119/><F119/><W123/><G123/><T108/><D108/><U92/><REACH who="1" step="1"/><E89/><REACH who="1" ten="292,265,137,296" step="2"/><V110/><F110/><W64/><G12/><T57/><D90/><U84/><E84/><V124/><F124/><W1/><G1/><T122/><D122/><U17/><E17/><V5/><F11/><W75/><G75/><T4/><D26/><U125/><E125/><V40/><REACH who="2" step="1"/><F47/><REACH who="2" ten="292,265,127,296" step="2"/><W66/><G10/><T68/><D9/><U134/><E134/><V71/><F71/><W19/><G35/><T129/><D68/><U59/><E59/><V70/><F70/><W24/><G34/><T117/><D129/><U111/><E111/><V72/><F72/><W112/><G112/><T85/><D117/><U54/><AGARI ba="0,2" hai="20,22,23,48,54,56,58,63,65,92,95,97,102,105" machi="54" ten="30,8000,1" yaku="1,1,0,1,52,2,53,1" doraHai="91" doraHaiUra="99" who="1" fromWho="1" sc="292,-20,265,100,127,-40,296,-20" /><INIT seed="7,0,0,5,4,41" ten="272,365,87,276" oya="3" hai0="75,16,129,46,127,70,114,52,98,62,101,21,123" hai1="74,27,91,64,81,82,131,72,26,53,86,133,49" hai2="6,7,51,54,65,78,25,121,115,14,67,130,118" hai3="69,57,119,10,24,28,73,79,100,116,83,122,2"/><W89/><G122/><T59/><D123/><U94/><E133/><V11/><F121/><W80/><G69/><T15/><D75/><U1/><E1/><V37/><F115/><W99/><G89/><T68/><D129/><U55/><E131/><V0/><F118/><W13/><G2/><T43/><D127/><U112/><E64/><V87/><F130/><W31/><G80/><T19/><D19/><U132/><E132/><V107/><F37/><W17/><G57/><T102/><D114/><U36/><E36/><V22/><F107/><W63/><G63/><T9/><D9/><U84/><E112/><V93/><F6/><W104/><REACH who="3" step="1"/><G31/><REACH who="3" ten="272,365,87,266" step="2"/><T48/><REACH who="0" step="1"/><D102/><REACH who="0" ten="262,365,87,266" step="2"/><U58/><E74/><V103/><F0/><W3/><G3/><T44/><D44/><N who="1" m="27815" /><E72/><V61/><F61/><W47/><G47/><T110/><D110/><U12/><E82/><V35/><F103/><W20/><AGARI ba="0,2" hai="10,13,17,20,24,28,73,79,83,99,100,104,116,119" machi="20" ten="20,3900,0" yaku="1,1,0,1,7,1,53,0" doraHai="41" doraHaiUra="126" who="3" fromWho="3" sc="262,-13,365,-13,87,-13,266,59" /><INIT seed="7,1,0,1,3,21" ten="249,352,74,325" oya="3" hai0="131,37,120,32,107,18,55,62,79,72,20,95,22" hai1="24,83,133,5,34,121,41,101,56,38,40,66,124" hai2="81,134,118,94,74,12,48,9,19,27,119,100,76" hai3="98,52,71,91,63,88,29,111,47,39,108,54,43"/><W25/><G98/><T14/><D107/><U125/><E121/><V85/><F134/><W50/><G71/><T30/><D120/><U112/><E112/><V93/><F118/><W60/><G60/><T58/><D37/><U1/><E101/><V59/><F119/><W89/><G63/><T127/><D32/><U61/><E133/><V96/><F74/><W51/><G51/><T11/><D127/><N who="1" m="48715" /><E38/><V70/><F70/><W132/><G132/><T102/><D131/><U84/><E5/><V23/><F94/><W13/><G13/><T57/><D72/><U126/><E1/><V7/><F59/><W104/><G104/><T44/><D79/><N who="1" m="46207" /><E126/><V69/><F69/><W15/><G15/><T67/><D44/><U80/><E80/><V110/><F110/><N who="3" m="42027" /><G39/><T28/><D22/><AGARI ba="1,0" hai="22,25,29,43,47,50,52,54,88,89,91" m="42027" machi="22" ten="30,11600,0" yaku="10,1,52,1,54,2" doraHai="21" who="3" fromWho="0" sc="249,-119,352,0,74,0,325,119" owari="130,-27.0,352,15.2,74,-42.6,444,54.4" /></mjloggm>