<mjloggm ver="2.3"><GO type="169" lobby="0"/><UN n0="%E7%AB%8B%E7%9B%B4%E5%BE%8C%E5%8D%B3%E6%94%BE%E9%8A%83" n1="%E5%B3%B6%E7%94%B0%E7%9C%9F%E5%A4%A2" n2="%E8%B1%86%E3%83%80%E3%83%9E%E8%AD%A6%E5%AF%9F" n3="%E3%83%AC%E3%82%AA%E3%83%B3%E3%83%8F%E3%83%AB%E3%83%88" dan="17,16,16,17" rate="2138.36,2151.86,2136.45,2155.75" sx="F,F,M,M"/><TAIKYOKU oya="0"/><INIT seed="0,0,0,1,0,63" ten="250,250,250,250" oya="0" hai0="121,1,18,7,14,89,29,39,88,113,133,105,36" hai1="70,77,44,112,115,60,116,37,34,2,15,87,117" hai2="3,134,64,92,104,51,81,48,119,103,90,78,45" hai3="50,20,82,49,9,17,135,61,10,32,108,25,85"/><T83/><D113/><N who="1" m="43595" /><E34/><V16/><F3/><W53/><G108/><T11/><D121/><U28/><E2/><V101/><F134/><W106/><G106/><T72/><D133/><U62/><E28/><V94/><F119/><N who="1" m="45641" /><E15/><V102/><F104/><W6/><G32/><T31/><D105/><U109/><E87/><V123/><F123/><W4/><G10/><T27/><D31/><U73/><E77/><V128/><F128/><W47/><G61/><N who="1" m="23658" /><E73/><V46/><F103/><W111/><G135/><T130/><D130/><U110/><E70/><V57/><F78/><W68/><G68/><T91/><D83/><U80/><E80/><V95/><F95/><W75/><G9/><T55/><D72/><U125/><E125/><V33/><F33/><W56/><G75/><T8/><REACH who="0" step="1"/><D55/><REACH who="0" ten="240,250,250,250" step="2"/><U71/><E71/><V0/><F81/><W84/><G82/><T97/><D97/><U99/><E99/><V40/><F94/><W98/><G98/><T100/><D100/><U66/><E66/><V127/><F64/><W35/><G84/><T24/><D24/><U76/><E76/><V93/><F93/><W124/><G25/><T38/><D38/><U13/><E13/><V52/><F0/><W129/><G85/><T26/><D26/><U23/><E23/><AGARI ba="0,1" hai="1,7,8,11,14,18,23,27,29,36,39,88,89,91" machi="23" ten="40,3900,0" yaku="1,1,54,1,53,0" doraHai="63" doraHaiUra="43" who="0" fromWho="1" sc="240,49,250,-39,250,0,250,0" /><INIT seed="0,1,0,3,1,32" ten="289,211,250,250" oya="0" hai0="114,108,91,101,27,79,0,58,88,21,43,106,16" hai1="86,18,115,15,67,98,121,74,60,118,3,52,102" hai2="19,63,41,73,120,117,61,25,123,104,54,14,20" hai3="132,33,36,96,68,55,128,49,95,12,45,72,125"/><T22/><D114/><U17/><E121/><V66/><F73/><W129/><G33/><T50/><D0/><U48/><E118/><V84/><F104/><W6/><G72/><T62/><D79/><U75/><E115/><V13/><F117/><W31/><G31/><T92/><D108/><U42/><E42/><V70/><F41/><W78/><G78/><T64/><D106/><U11/><E86/><V47/><F13/><W97/><G36/><T107/><D107/><U82/><E82/><V34/><F47/><W51/><G68/><T10/><D10/><U38/><E38/><V71/><F84/><W93/><G55/><T24/><D101/><U119/><E119/><V83/><F83/><W65/><G12/><T131/><D131/><U23/><E98/><V111/><F111/><W124/><G45/><N who="0" m="25919" /><D92/><U7/><E102/><V4/><F54/><W110/><G110/><T37/><D37/><U39/><E39/><V122/><F34/><W9/><G9/><T56/><D56/><U5/><E5/><V105/><F105/><W2/><G6/><T99/><D99/><U130/><E130/><V77/><F77/><W69/><G69/><T59/><D59/><U29/><E67/><N who="2" m="41327" /><F4/><W76/><G76/><T109/><D109/><U44/><E74/><V133/><F14/><W100/><G100/><T112/><D112/><U134/><E75/><V87/><F87/><W1/><REACH who="3" step="1"/><G65/><REACH who="3" ten="289,211,250,240" step="2"/><T90/><D91/><U57/><E29/><AGARI ba="1,1" hai="16,21,22,24,27,29,58,62,64,88,90" m="25919" machi="29" ten="30,5800,0" yaku="8,1,54,2" doraHai="32" who="0" fromWho="1" sc="289,71,211,-61,250,0,240,0" /><INIT seed="0,2,0,4,1,119" ten="360,150,250,240" oya="0" hai0="36,50,48,40,92,39,35,110,37,19,67,108,118" hai1="120,131,87,116,15,79,34,85,98,24,134,61,13" hai2="25,96,77,102,76,26,104,86,122,80,46,112,130" hai3="45,31,1,55,125,66,56,124,54,99,114,22,52"/><T121/><D35/><U29/><E116/><V38/><F112/><W28/><G1/><T5/><D118/><U135/><E131/><V123/><F130/><W93/><G114/><T57/><D5/><U18/><E98/><V126/><F126/><N who="3" m="48747" /><G45/><N who="0" m="25639" /><D92/><U43/><E43/><V133/><F133/><N who="1" m="50697" /><E61/><V84/><F38/><W51/><G66/><T78/><D78/><U113/><E113/><V16/><F46/><N who="3" m="27767" /><G22/><T4/><D19/><U58/><E58/><V105/><F105/><W42/><G42/><T109/><D4/><U69/><E69/><V0/><F0/><W44/><G44/><T47/><D47/><U83/><E87/><V117/><F117/><W97/><G97/><T71/><D71/><U6/><E6/><V82/><REACH who="2" step="1"/><F16/><REACH who="2" ten="360,150,240,240" step="2"/><W107/><G107/><T11/><D11/><N who="1" m="6463" /><E15/><V49/><F49/><N who="3" m="30799" /><G55/><N who="0" m="31991" /><D67/><U59/><E59/><V89/><F89/><AGARI ba="2,1" hai="28,31,89,93,99" m="30799,27767,48747" machi="89" ten="30,2000,0" yaku="18,1,54,1" doraHai="119" who="3" fromWho="2" sc="360,0,150,0,240,-26,240,36" /><INIT seed="1,0,0,1,2,116" ten="360,150,214,276" oya="1" hai0="103,35,97,54,109,120,30,125,61,65,31,23,74" hai1="45,110,73,9,10,38,113,119,95,36,0,118,42" hai2="37,124,49,98,104,83,72,12,99,115,81,33,133" hai3="44,51,17,34,78,100,92,40,128,62,15,53,4"/><U84/><E113/><V1/><F1/><W89/><G128/><T56/><D109/><U50/><E73/><V135/><F37/><W20/><G34/><T79/><D125/><U86/><E110/><V129/><F33/><W64/><G78/><T28/><D74/><U88/><E38/><V25/><F25/><W8/><G100/><T91/><D79/><U27/><E27/><V2/><F2/><W13/><G40/><T90/><D35/><U80/><E36/><V122/><F49/><W93/><REACH who="3" step="1"/><G89/><REACH who="3" ten="360,150,214,266" step="2"/><T70/><D90/><U67/><E119/><V5/><F129/><W126/><G126/><T52/><D91/><U132/><E118/><V69/><F124/><W3/><G3/><T59/><D23/><U29/><E132/><V121/><F115/><W39/><G39/><T82/><D103/><U60/><E0/><V18/><F133/><W63/><G63/><T85/><D61/><U14/><E10/><V106/><F135/><W57/><AGARI ba="0,1" hai="4,8,13,15,17,20,44,51,53,57,62,64,92,93" machi="57" ten="20,5200,0" yaku="1,1,0,1,7,1,8,1,53,0" doraHai="116" doraHaiUra="111" who="3" fromWho="3" sc="360,-13,150,-26,214,-13,266,62" /><INIT seed="2,0,0,4,2,95" ten="347,124,201,328" oya="2" hai0="133,58,68,96,45,4,128,110,90,86,66,8,65" hai1="57,17,69,3,72,93,16,75,43,105,94,129,131" hai2="99,29,48,135,109,124,30,127,77,12,26,119,47" hai3="134,54,21,89,20,74,36,56,52,42,14,64,33"/><V19/><F119/><W71/><G33/><T40/><D110/><U118/><E69/><V102/><F77/><W7/><G74/><N who="1" m="28202" /><E105/><V82/><F82/><W100/><G134/><T132/><D128/><N who="1" m="49227" /><E3/><V9/><F135/><N who="0" m="51786" /><D68/><U113/><E118/><V59/><F59/><W22/><G71/><T130/><D58/><U108/><E113/><V97/><F109/><W23/><G36/><N who="0" m="21639" /><D96/><N who="2" m="36938" /><F102/><W70/><G100/><T120/><D120/><U41/><E57/><V55/><F26/><W122/><G70/><T123/><D123/><U53/><E108/><V117/><F117/><W11/><G122/><T27/><D27/><U0/><E0/><V88/><F88/><W78/><G78/><T112/><D112/><U101/><E101/><V98/><F98/><W50/><G89/><T87/><D86/><U62/><E94/><V38/><F38/><W39/><G39/><T32/><D32/><U31/><E93/><V67/><F67/><W76/><G76/><T81/><D130/><U37/><E37/><V35/><F35/><W91/><G91/><T92/><D92/><U6/><E62/><V103/><F103/><W121/><G121/><T46/><D46/><U49/><E49/><V2/><F2/><AGARI ba="0,0" hai="2,4,8,65,66,81,87,90" m="21639,51786" machi="2" ten="30,1000,0" yaku="20,1" doraHai="95" who="0" fromWho="2" sc="347,10,124,0,201,-10,328,0" /><INIT seed="3,0,0,0,3,68" ten="357,124,191,328" oya="3" hai0="36,25,43,30,101,59,128,112,103,67,38,79,65" hai1="88,78,61,32,54,58,34,75,105,46,0,21,1" hai2="108,94,120,71,19,74,6,100,77,52,132,26,114" hai3="5,122,98,81,115,49,72,20,117,97,2,28,31"/><W113/><G117/><T64/><D43/><U76/><E105/><V131/><F114/><W29/><G122/><T44/><D44/><U8/><E46/><V124/><F120/><W134/><G134/><T109/><D109/><U118/><E118/><V41/><F108/><W17/><G49/><T129/><D112/><U33/><E21/><V102/><F6/><W23/><G5/><T11/><D59/><U83/><E76/><V35/><F35/><W121/><G2/><T53/><D53/><U127/><E127/><V126/><F94/><W93/><G121/><T18/><D79/><U3/><E8/><V125/><F71/><W92/><G31/><T107/><D18/><U69/><E69/><V119/><F119/><W110/><G81/><T39/><D11/><U14/><E14/><V96/><F132/><W85/><G85/><T133/><D133/><U40/><REACH who="1" step="1"/><E40/><REACH who="1" ten="357,114,191,328" step="2"/><V70/><F41/><W60/><G110/><T130/><D107/><U66/><E66/><V15/><F70/><W51/><G23/><AGARI ba="0,1" hai="23,25,30,36,38,39,64,65,67,101,103,128,129,130" machi="23" ten="50,12000,2" yaku="29,2,19,1,52,3" doraHai="68" who="0" fromWho="3" sc="357,130,114,0,191,0,328,-120" /><INIT seed="4,0,0,0,1,100" ten="487,114,191,208" oya="0" hai0="57,95,64,53,69,41,11,124,55,70,42,39,48" hai1="115,87,13,22,34,51,86,101,93,2,127,106,68" hai2="35,102,94,73,20,24,0,90,8,80,134,36,60" hai3="133,129,121,54,123,74,29,114,59,122,118,25,66"/><T76/><D76/><U110/><E127/><V62/><F134/><W78/><G118/><T7/><D7/><U52/><E110/><V84/><F36/><W88/><G133/><T130/><D124/><U58/><E34/><V103/><F35/><W16/><G114/><T28/><D28/><U61/><E2/><V125/><F125/><W108/><G108/><T45/><D95/><U3/><E3/><V97/><F73/><W117/><G117/><T47/><D11/><U9/><E115/><V63/><F8/><W37/><G37/><N who="0" m="21711" /><D130/><U85/><E22/><V81/><F0/><W40/><G40/><T67/><D55/><U132/><E132/><V19/><REACH who="2" step="1"/><F81/><REACH who="2" ten="487,114,181,208" step="2"/><W131/><G74/><T109/><D109/><U79/><E9/><V104/><F104/><W83/><G83/><T128/><D128/><U23/><E106/><V26/><F26/><W44/><G25/><T119/><D119/><U18/><E79/><AGARI ba="0,1" hai="19,20,24,60,62,63,79,80,84,90,94,97,102,103" machi="79" ten="40,2600,0" yaku="1,1,8,1,53,0" doraHai="100" doraHaiUra="46" who="2" fromWho="1" sc="487,0,114,-26,181,36,208,0" /><INIT seed="5,0,0,4,1,57" ten="487,88,217,208" oya="1" hai0="27,45,52,85,18,130,69,122,95,110,21,100,114" hai1="115,93,29,34,15,134,96,1,48,132,128,53,28" hai2="2,49,119,104,92,131,121,111,23,105,91,24,58" hai3="37,78,40,74,9,31,76,5,126,7,14,97,117"/><U62/><E1/><V64/><F119/><W60/><G117/><T50/><D110/><U107/><E107/><V32/><F111/><W26/><G126/><T102/><D130/><U75/><E75/><V103/><F121/><W35/><G74/><T6/><D114/><U30/><E115/><V133/><F2/><W112/><G112/><T55/><D122/><U41/><E128/><V54/><F133/><N who="1" m="51305" /><E15/><V67/><F32/><W88/><G5/><T118/><D118/><U66/><E41/><V81/><F131/><W25/><G25/><T51/><D69/><N who="1" m="42199" /><E34/><V16/><F81/><W46/><G97/><T42/><D6/><U73/><E73/><V83/><F83/><W10/><G10/><T109/><D109/><U68/><E68/><V47/><F105/><W0/><G0/><T36/><D36/><U77/><E77/><V135/><F135/><W17/><G7/><T44/><D42/><U125/><E125/><V123/><F123/><W108/><G108/><T129/><D129/><U12/><E12/><V13/><F13/><W39/><G39/><T106/><D106/><U20/><E20/><V65/><F104/><W11/><G11/><T86/><D102/><N who="1" m="60687" /><E29/><V84/><REACH who="2" step="1"/><F103/><REACH who="2" ten="487,88,207,208" step="2"/><W22/><G35/><T43/><D43/><U38/><E38/><V87/><F87/><W8/><G37/><T70/><D70/><U33/><E33/><V4/><F4/><W71/><G40/><T19/><D86/><U3/><E3/><V101/><F101/><W59/><G71/><T63/><D100/><U99/><E99/><V94/><F94/><W61/><G14/><RYUUKYOKU ba="0,1" sc="487,-15,88,15,207,15,208,-15" hai1="28,30,48,53" hai2="16,23,24,47,49,54,58,64,65,67,84,91,92" /><INIT seed="5,1,1,0,5,27" ten="472,103,222,193" oya="1" hai0="117,97,28,94,98,73,133,114,109,95,120,57,116" hai1="56,14,110,68,96,18,10,19,78,87,54,83,77" hai2="41,130,62,80,39,34,2,3,6,128,89,25,121" hai3="47,132,44,24,29,134,60,108,53,113,35,105,26"/><U64/><E110/><V135/><F121/><W112/><G105/><T23/><D57/><U15/><E96/><V124/><F124/><W104/><G104/><T91/><D23/><U102/><E102/><V99/><F135/><N who="3" m="51755" /><G108/><T38/><D38/><U59/><E68/><V46/><F62/><W45/><G24/><T30/><D109/><U36/><E36/><V42/><F42/><W58/><AGARI ba="1,1" hai="26,29,35,44,45,47,53,58,60,112,113" m="51755" machi="58" ten="40,2700,0" yaku="20,1,52,1" doraHai="27" who="3" fromWho="3" sc="472,-8,103,-14,222,-8,193,40" /><INIT seed="6,0,0,0,4,97" ten="464,89,214,233" oya="2" hai0="80,53,128,105,32,57,119,19,93,102,79,31,18" hai1="103,74,6,10,43,91,47,7,1,42,126,27,22" hai2="87,49,38,131,4,62,2,63,17,121,28,86,129" hai3="133,113,29,110,95,5,117,84,134,73,76,100,85"/><V14/><F38/><W40/><G110/><T15/><D32/><U64/><E74/><V94/><F121/><W61/><G117/><T52/><D105/><U120/><E120/><V13/><F28/><W78/><G29/><T59/><D119/><U116/><E116/><V111/><F2/><W125/><G5/><T82/><D31/><U99/><E126/><V44/><F4/><W33/><G40/><T108/><D108/><U37/><E64/><V36/><F36/><W67/><G33/><T0/><D0/><U122/><E122/><V135/><F135/><W11/><G67/><T118/><D118/><U46/><E7/><V69/><F111/><W72/><G95/><T114/><D114/><U30/><E91/><V92/><F49/><W23/><G61/><N who="0" m="36015" /><D79/><U109/><E109/><V115/><F44/><W26/><G11/><N who="0" m="6527" /><D19/><U54/><E54/><V25/><F25/><W20/><G26/><T130/><D130/><U124/><E124/><V75/><F17/><W88/><G125/><T66/><D66/><U24/><E30/><V58/><F75/><W98/><G20/><T12/><D12/><U60/><E60/><V81/><F115/><W106/><G23/><T56/><D56/><U101/><E22/><V107/><F58/><W8/><G8/><T123/><D123/><U39/><REACH who="1" step="1"/><E101/><REACH who="1" ten="464,79,214,233" step="2"/><V3/><F69/><W112/><G100/><T48/><D128/><U55/><E55/><V83/><F3/><W96/><G88/><T21/><D21/><U34/><E34/><V132/><F132/><W77/><G76/><T41/><D41/><U50/><E50/><RYUUKYOKU ba="0,1" sc="464,0,79,0,214,0,233,0" hai0="48,52,59,80,82,93,102" hai1="1,6,10,24,27,37,39,42,43,46,47,99,103" hai2="13,14,62,63,81,83,86,87,92,94,107,129,131" hai3="72,73,77,78,84,85,96,98,106,112,113,133,134" /><INIT seed="6,1,1,5,5,123" ten="464,79,214,233" oya="2" hai0="27,1,106,24,58,107,67,63,72,126,53,77,35" hai1="36,55,83,61,26,125,121,97,134,13,135,101,66" hai2="95,130,32,119,127,116,105,30,9,34,85,74,111" hai3="15,103,20,96,18,118,21,87,28,120,98,2,131"/><V39/><F39/><W86/><G2/><T10/><D27/><U115/><E121/><V54/><F74/><W70/><G70/><N who="0" m="42367" /><D53/><U71/><E36/><V31/><F130/><W8/><G118/><T68/><D58/><U60/><E115/><V52/><F105/><W117/><G117/><T38/><D68/><U99/><E83/><V51/><F127/><W16/><G120/><T25/><D25/><U37/><E125/><V62/><F9/><W114/><G131/><T17/><D17/><U79/><E37/><V22/><F85/><W59/><G96/><T93/><D93/><U78/><E13/><V65/><F95/><N who="3" m="58847" /><G114/><T69/><D69/><U3/><E3/><V84/><F84/><W12/><G59/><T46/><D126/><U76/><E55/><V49/><F22/><W48/><G48/><T43/><D24/><AGARI ba="1,1" hai="8,12,15,16,18,20,21,24,28,86,87" m="58847" machi="24" ten="30,2000,0" yaku="8,1,54,1" doraHai="123" who="3" fromWho="0" sc="464,-23,79,0,214,0,233,33" /><INIT seed="7,0,0,2,3,31" ten="441,79,214,266" oya="3" hai0="14,97,75,78,53,89,18,102,52,37,3,87,16" hai1="43,42,82,2,58,69,74,29,118,92,90,33,39" hai2="32,57,85,76,117,22,91,100,129,15,45,84,134" hai3="13,10,133,83,44,108,135,96,106,38,56,126,113"/><W107/><G113/><T61/><D37/><U11/><E118/><V51/><F117/><W68/><G68/><T6/><D3/><U124/><E69/><V123/><F129/><W95/><G108/><T19/><D75/><U67/><E124/><V20/><F134/><N who="3" m="51211" /><G83/><T54/><D78/><U98/><E42/><V7/><F100/><W27/><G56/><N who="0" m="34967" /><D97/><U60/><E29/><V47/><F123/><W86/><G86/><T36/><D102/><U93/><E93/><V64/><F32/><W46/><G27/><T59/><D36/><U35/><E39/><V103/><F103/><N who="3" m="60831" /><G126/><T130/><D130/><U30/><E30/><V8/><F47/><N who="3" m="17963" /><G38/><T81/><D53/><U65/><E43/><V34/><F84/><W122/><G122/><T110/><D110/><U63/><E82/><V99/><F99/><W26/><G26/><T48/><D6/><AGARI ba="0,0" hai="6,10,13,106,107" m="17963,60831,51211" machi="6" ten="30,1500,0" yaku="20,1" doraHai="31" who="3" fromWho="0" sc="441,-15,79,0,214,0,266,15" /><INIT seed="7,1,0,1,3,43" ten="426,79,214,281" oya="3" hai0="16,95,19,11,30,13,20,132,21,17,109,80,41" hai1="102,61,117,85,24,51,69,135,37,15,31,103,67" hai2="99,93,27,106,107,110,86,54,14,129,23,125,71" hai3="124,108,113,105,10,126,22,65,56,76,78,114,127"/><W59/><G105/><T79/><D132/><U42/><E135/><V131/><F71/><W74/><G108/><T94/><D109/><U115/><E117/><V40/><F110/><W2/><G22/><T0/><D0/><U4/><E115/><N who="3" m="44042" /><G74/><T53/><D41/><U121/><E121/><V133/><F133/><W70/><G70/><T8/><D53/><U112/><E112/><V1/><F1/><W47/><G65/><T118/><D118/><U5/><E37/><V46/><F125/><W58/><G47/><T90/><D30/><U62/><E62/><V52/><F106/><W97/><G97/><N who="0" m="57559" /><D95/><U66/><E66/><V92/><F107/><W48/><G48/><T82/><D19/><U83/><E4/><AGARI ba="1,0" hai="2,4,10,56,58,59,76,78,124,126,127" m="44042" machi="4" ten="40,3900,0" yaku="18,1,15,1" doraHai="43" who="3" fromWho="1" sc="426,0,79,-42,214,0,281,42" /><INIT seed="7,2,0,5,2,96" ten="426,37,214,323" oya="3" hai0="47,116,134,6,130,100,53,48,10,114,8,104,57" hai1="38,80,68,45,17,107,30,9,43,74,78,58,124" hai2="67,92,129,70,20,87,54,106,93,56,88,37,21" hai3="15,105,76,29,85,35,90,101,2,132,119,115,34"/><W7/><G119/><T72/><D116/><U122/><E58/><V62/><F129/><W19/><G115/><T0/><D72/><U14/><E17/><V113/><F113/><W125/><G132/><T40/><D114/><U133/><E14/><V41/><F106/><W32/><G125/><T26/><D134/><U118/><E133/><V49/><REACH who="2" step="1"/><F92/><REACH who="2" ten="426,37,204,323" step="2"/><W18/><G76/><T39/><D104/><U63/><E124/><V117/><F117/><W103/><G105/><T46/><D130/><U108/><E118/><V1/><F1/><W98/><G2/><T64/><D0/><U59/><E108/><V5/><F5/><W94/><G7/><T131/><D6/><U27/><E122/><V111/><F111/><W36/><G36/><T135/><D39/><U89/><E107/><V13/><F13/><W97/><G29/><T23/><D26/><U51/><E89/><V50/><F50/><W82/><G15/><T99/><D48/><U66/><E9/><V65/><F65/><W81/><G81/><T4/><D64/><U127/><E127/><V121/><F121/><W128/><G128/><T52/><D10/><U22/><E27/><V120/><F120/><W77/><G77/><T79/><D8/><U109/><E30/><V55/><F55/><W42/><G42/><T91/><D52/><U84/><E109/><V95/><F95/><W60/><G60/><T69/><D53/><U25/><E25/><V44/><AGARI ba="2,1" hai="20,21,37,41,44,49,54,56,62,67,70,87,88,93" machi="44" ten="30,8000,1" yaku="1,1,0,1,24,2,54,1,53,0" doraHai="96" doraHaiUra="73" who="2" fromWho="2" sc="426,-22,37,-22,204,96,323,-42" owari="404,50.4,15,-48.5,300,10.0,281,-11.9" /></mjloggm>