<mjloggm ver="2.3"><GO type="169" lobby="0"/><UN n0="%E3%83%90%E3%82%AD" n1="%73%79%6C%76%65%6F%6E" n2="%6B%75%73%6F%E6%AD%A3%E5%AE%97" n3="%E3%82%B0%E3%83%B3%E3%83%80%E3%83%AA%E3%83%BC" dan="16,16,16,19" rate="2114.20,2172.26,2099.09,2276.47" sx="M,M,M,M"/><TAIKYOKU oya="0"/><INIT seed="0,0,0,5,1,40" ten="250,250,250,250" oya="0" hai0="77,127,13,2,88,59,129,110,87,33,50,58,92" hai1="124,67,117,45,41,81,111,28,47,126,34,74,19" hai2="14,91,17,133,125,10,73,112,11,26,98,25,101" hai3="130,99,135,53,109,83,121,118,84,93,32,64,30"/><T56/><D2/><U46/><E117/><V128/><F112/><W82/><G109/><T120/><D120/><U18/><E111/><V57/><F125/><N who="1" m="48233" /><E67/><V44/><F128/><W76/><G135/><T90/><D110/><U55/><E55/><V107/><F133/><W9/><G130/><T5/><D129/><U85/><E74/><V36/><F73/><W79/><G121/><T4/><D33/><U94/><E94/><V78/><F78/><W115/><G115/><T37/><D37/><U102/><E102/><V72/><F72/><W27/><G64/><T31/><D77/><N who="1" m="46255" /><E41/><V12/><F57/><N who="0" m="22122" /><D127/><U65/><E65/><V123/><F123/><W60/><G53/><N who="0" m="32183" /><D31/><U62/><E62/><V0/><F0/><W116/><G60/><T108/><D108/><U105/><E105/><V63/><F63/><W100/><REACH who="3" step="1"/><G9/><REACH who="3" ten="250,250,250,240" step="2"/><T3/><D3/><U68/><E68/><V35/><F10/><W48/><G48/><T54/><D54/><U20/><E34/><V95/><F35/><W21/><G21/><T51/><D51/><U69/><E69/><V97/><F36/><W114/><G114/><T49/><D49/><U134/><E134/><V113/><F113/><W7/><G7/><N who="0" m="2635" /><D13/><U38/><E38/><V75/><F14/><W132/><G132/><T131/><D131/><U29/><E19/><V8/><F17/><W86/><AGARI ba="0,1" hai="27,30,32,76,79,82,83,84,86,93,99,100,116,118" machi="86" ten="20,5200,0" yaku="1,1,0,1,7,1,9,1,53,0" doraHai="40" doraHaiUra="70" who="3" fromWho="3" sc="250,-26,250,-13,250,-13,240,62" /><INIT seed="1,0,0,1,5,47" ten="224,237,237,302" oya="1" hai0="122,13,88,11,4,68,43,10,1,79,108,91,90" hai1="104,42,110,62,5,89,73,74,129,30,115,67,124" hai2="80,51,53,120,65,132,121,38,106,61,125,41,131" hai3="7,119,63,97,83,18,0,135,72,95,81,82,9"/><U101/><E115/><V107/><F107/><W6/><G135/><T24/><D122/><U77/><E5/><V50/><F106/><W19/><G119/><T98/><D68/><U113/><E113/><V40/><F80/><W118/><G118/><T56/><D108/><U28/><E124/><V109/><F109/><W55/><G72/><T27/><D79/><U29/><E110/><V35/><F35/><W130/><G130/><T69/><D69/><U22/><E129/><V57/><F131/><W99/><G99/><T70/><D70/><U103/><E89/><V54/><F132/><W33/><G33/><T14/><D1/><U58/><E42/><N who="2" m="16491" /><F38/><W15/><G0/><T105/><D43/><U48/><E48/><N who="2" m="18475" /><F125/><W32/><G32/><T111/><D56/><U64/><E104/><V60/><F53/><W8/><G55/><T86/><D111/><U117/><E117/><V71/><AGARI ba="0,0" hai="54,57,60,61,65,71,120,121" m="18475,16491" machi="71" ten="30,8000,1" yaku="34,2,52,3" doraHai="47" who="2" fromWho="2" sc="224,-20,237,-40,237,80,302,-20" /><INIT seed="2,0,0,0,5,98" ten="204,197,317,282" oya="2" hai0="40,134,34,63,32,123,86,131,90,21,27,68,1" hai1="126,77,54,108,9,31,129,105,0,71,117,48,42" hai2="111,119,29,80,6,130,95,132,82,17,14,128,47" hai3="78,83,5,89,79,67,30,44,26,33,66,35,56"/><V52/><F119/><W4/><G35/><T73/><D123/><U102/><E117/><V97/><F132/><W15/><G79/><T2/><D73/><U61/><E42/><V49/><F29/><W93/><G44/><T8/><D134/><U53/><E31/><V121/><F6/><W50/><G15/><T60/><D131/><N who="2" m="50218" /><F121/><W3/><G3/><T94/><D40/><U25/><E25/><V135/><F135/><W81/><G81/><T12/><D1/><U13/><E0/><V39/><F39/><W88/><G89/><T37/><D37/><U28/><E28/><V115/><F115/><W76/><G76/><T84/><D2/><U22/><E22/><N who="2" m="11575" /><F111/><W122/><G122/><T59/><D32/><U11/><E11/><V58/><F47/><W41/><G4/><T23/><D34/><U57/><E9/><V69/><F69/><W85/><G5/><T113/><D113/><U127/><E71/><V118/><F118/><W133/><G133/><T99/><D68/><U125/><E108/><V45/><F45/><W51/><G41/><T65/><D8/><U110/><E110/><V91/><AGARI ba="0,0" hai="49,52,58,80,82,91,95,97" m="11575,50218" machi="91" ten="30,3000,0" yaku="19,1,54,1" doraHai="98" who="2" fromWho="2" sc="204,-10,197,-10,317,30,282,-10" /><INIT seed="2,1,0,5,4,94" ten="194,187,347,272" oya="2" hai0="88,122,49,133,43,119,110,62,50,89,20,14,52" hai1="92,102,5,81,134,19,93,25,118,18,56,76,84" hai2="131,125,35,103,72,78,105,130,65,111,67,58,16" hai3="101,23,108,109,64,98,86,107,74,45,77,100,117"/><V13/><F35/><W9/><G64/><T135/><D122/><U34/><E118/><V40/><F125/><W128/><G23/><T54/><D119/><U4/><E134/><N who="0" m="51209" /><D110/><N who="3" m="42601" /><G117/><T44/><D62/><U82/><E34/><V15/><F111/><W8/><G128/><N who="2" m="49193" /><F40/><W48/><G74/><T90/><D49/><U129/><E129/><V120/><F120/><W96/><G86/><T32/><D32/><U39/><E84/><V61/><F65/><W75/><G77/><T106/><D106/><U121/><E76/><V27/><F78/><W47/><G75/><T127/><D127/><U1/><E82/><V68/><F68/><W10/><G48/><T55/><D20/><U36/><E36/><V73/><F27/><W17/><G17/><T99/><D14/><N who="2" m="5130" /><F16/><W11/><N who="3" m="2048" /><DORA hai="59" /><W22/><G22/><T69/><D69/><U6/><E19/><V104/><F104/><AGARI ba="1,0" hai="45,47,96,98,100,101,104,107" m="2048,42601" machi="104" ten="40,5200,0" yaku="14,1,52,2" doraHai="94,59" who="3" fromWho="2" sc="194,0,187,0,347,-55,272,55" /><INIT seed="3,0,0,4,1,41" ten="194,187,292,327" oya="3" hai0="34,53,114,42,8,25,51,87,29,82,56,33,5" hai1="63,127,77,6,118,117,103,59,58,90,26,108,62" hai2="43,78,112,91,135,83,32,76,1,130,44,81,22" hai3="122,10,65,9,31,0,67,109,75,57,86,107,113"/><W129/><G113/><T101/><D114/><U120/><E120/><V18/><F32/><W124/><G122/><T111/><D111/><U45/><E108/><V54/><F112/><W105/><G109/><T128/><D128/><U85/><E127/><V119/><F119/><N who="1" m="45577" /><E77/><V20/><F1/><W110/><G110/><T100/><D34/><U74/><E74/><V126/><F126/><W12/><G86/><T104/><D104/><U60/><E103/><V123/><F130/><W102/><G12/><T97/><D97/><U50/><E6/><V24/><F135/><W19/><G57/><N who="1" m="21514" /><E26/><V116/><F123/><W7/><G102/><T89/><REACH who="0" step="1"/><D42/><REACH who="0" ten="184,187,292,327" step="2"/><N who="1" m="24887" /><E63/><V15/><F116/><W4/><G124/><T133/><D133/><U131/><E131/><V64/><F76/><W134/><G129/><T72/><D72/><U84/><E84/><V3/><F78/><W11/><G75/><T95/><D95/><AGARI ba="0,1" hai="60,62,85,90,95" m="24887,21514,45577" machi="95" ten="30,2000,0" yaku="12,1,52,1" doraHai="41" who="1" fromWho="0" sc="184,-20,187,30,292,0,327,0" /><INIT seed="4,0,0,5,1,100" ten="164,217,292,327" oya="0" hai0="83,3,82,40,88,79,30,34,66,101,36,27,126" hai1="56,89,99,64,32,124,11,47,20,9,112,46,23" hai2="93,60,132,103,26,121,113,109,128,38,5,120,22" hai3="51,42,97,94,104,114,71,116,130,92,37,69,28"/><T15/><D3/><U16/><E32/><V78/><F113/><W80/><G116/><T127/><D101/><U4/><E112/><V131/><F38/><W13/><G37/><T107/><D66/><U108/><E108/><V67/><F78/><W50/><G28/><T125/><D107/><U57/><E124/><V10/><F109/><W86/><G13/><T44/><D79/><U102/><E89/><V87/><F132/><W84/><G97/><T65/><D65/><U98/><E64/><V0/><F87/><W73/><G42/><T48/><D36/><U96/><E102/><V105/><F93/><W7/><G7/><T25/><D25/><U49/><E99/><N who="2" m="61695" /><F22/><W21/><G21/><T63/><D63/><U52/><E4/><V118/><F26/><W119/><G104/><T74/><D74/><U19/><E49/><V90/><F90/><W129/><G114/><T18/><REACH who="0" step="1"/><D88/><REACH who="0" ten="154,217,292,327" step="2"/><U1/><E1/><V62/><F62/><W12/><G119/><T77/><D77/><U35/><E35/><V81/><F118/><W91/><G91/><T29/><D29/><U39/><E39/><V31/><F31/><W134/><G73/><T24/><D24/><U58/><E98/><V17/><F60/><W115/><G115/><T33/><D33/><U76/><E96/><V135/><F67/><W85/><G94/><T117/><D117/><U111/><E76/><V54/><F0/><W72/><G92/><T75/><D75/><U110/><E111/><V14/><F14/><W43/><G12/><T59/><D59/><U41/><E58/><V6/><F81/><RYUUKYOKU ba="0,1" sc="154,30,217,-10,292,-10,327,-10" hai0="15,18,27,30,34,40,44,48,82,83,125,126,127" /><INIT seed="4,1,1,3,5,77" ten="184,207,282,317" oya="0" hai0="55,79,21,16,59,52,1,39,2,9,98,68,122" hai1="42,37,82,99,118,84,104,69,45,109,20,91,90" hai2="29,87,94,72,83,62,95,92,38,12,128,73,101" hai3="121,25,47,93,27,36,18,63,112,28,64,100,60"/><T0/><D122/><U88/><E109/><V6/><F128/><W5/><G121/><T26/><D68/><U50/><E118/><V32/><F38/><W51/><G36/><T80/><D39/><U14/><E69/><V110/><F110/><W86/><G112/><T31/><D98/><U34/><E34/><V131/><F131/><W8/><G18/><T70/><D70/><U44/><E14/><V117/><F117/><W133/><G64/><T135/><D135/><U124/><E124/><V66/><F32/><W17/><G17/><T115/><D115/><U126/><E20/><V3/><F3/><W61/><G28/><T108/><D108/><U85/><E126/><V30/><F73/><W49/><G49/><T24/><D59/><U105/><E99/><V33/><F72/><W23/><G23/><T114/><D114/><U11/><E11/><N who="2" m="4215" /><F101/><W57/><G57/><T76/><D76/><U35/><E35/><V46/><F46/><W96/><G86/><T125/><D125/><U106/><REACH who="1" step="1"/><E85/><REACH who="1" ten="184,197,282,317" step="2"/><V41/><F33/><W56/><G8/><T67/><D26/><U22/><E22/><V129/><F129/><W65/><G25/><T130/><D130/><U111/><E111/><V119/><F119/><W132/><G27/><T15/><REACH who="0" step="1"/><D67/><REACH who="0" ten="174,197,282,317" step="2"/><U97/><E97/><V43/><F29/><W78/><G96/><T54/><D54/><AGARI ba="1,3" hai="37,42,44,45,50,54,82,84,88,90,91,104,105,106" machi="54" ten="40,12000,2" yaku="1,1,52,1,54,1,53,3" doraHai="77" doraHaiUra="102" who="1" fromWho="0" sc="174,-123,197,153,282,0,317,0" /><INIT seed="5,0,0,2,3,13" ten="51,350,282,317" oya="1" hai0="98,36,105,3,117,11,28,21,6,84,130,59,56" hai1="128,99,27,50,80,111,48,116,53,9,89,69,51" hai2="106,12,85,44,61,125,110,90,78,72,70,82,75" hai3="132,37,135,0,14,104,88,52,58,118,120,97,83"/><U54/><E116/><V64/><F110/><W16/><G120/><T115/><D117/><U108/><E69/><V40/><F125/><W45/><G0/><T41/><D115/><U19/><E128/><V119/><F106/><W22/><G118/><T96/><D130/><U94/><E80/><V109/><F109/><N who="1" m="42057" /><E9/><V17/><F78/><W95/><G104/><T112/><D112/><U131/><E131/><V92/><F82/><W60/><REACH who="3" step="1"/><G83/><REACH who="3" ten="51,350,282,307" step="2"/><T76/><D105/><U30/><E19/><V81/><F81/><W79/><G79/><T20/><D76/><U38/><E38/><V65/><F119/><W66/><G66/><T103/><D36/><U68/><E68/><V23/><F65/><W43/><AGARI ba="0,1" hai="14,16,22,37,43,45,52,58,60,88,95,97,132,135" machi="43" ten="30,12000,2" yaku="1,1,0,1,52,1,54,3,53,0" doraHai="13" doraHaiUra="1" who="3" fromWho="3" sc="51,-30,350,-60,282,-30,307,130" /><INIT seed="6,0,0,3,3,90" ten="21,290,252,437" oya="2" hai0="23,27,55,42,0,10,73,63,9,43,7,49,74" hai1="24,59,135,44,117,1,86,45,46,81,37,3,22" hai2="99,11,67,8,6,126,113,13,115,103,62,82,88" hai3="111,104,130,21,120,78,65,58,57,134,72,96,112"/><V16/><F126/><W40/><G40/><T85/><D85/><U77/><E117/><V114/><F82/><W75/><G21/><T98/><D98/><U94/><E37/><V87/><F87/><W48/><G48/><T93/><D49/><U28/><E135/><V105/><F88/><W29/><G29/><T33/><D23/><U54/><REACH who="1" step="1"/><E94/><REACH who="1" ten="21,280,252,437" step="2"/><V69/><REACH who="2" step="1"/><F11/><REACH who="2" ten="21,280,242,437" step="2"/><W71/><G134/><T119/><D10/><U36/><E36/><V60/><F60/><AGARI ba="0,2" hai="1,3,22,24,28,44,45,46,54,59,60,77,81,86" machi="60" ten="40,1300,0" yaku="1,1,53,0" doraHai="90" doraHaiUra="97" who="1" fromWho="2" sc="21,0,280,33,242,-13,437,0" /><INIT seed="7,0,0,3,0,10" ten="21,313,229,437" oya="3" hai0="45,99,51,109,112,25,128,38,97,20,37,111,94" hai1="1,52,69,71,123,29,50,124,3,23,93,65,6" hai2="41,103,35,107,101,113,129,133,73,130,88,67,60" hai3="30,32,118,91,43,0,27,100,48,18,83,9,108"/><W4/><G118/><T75/><D20/><U76/><E123/><V117/><F117/><W57/><G108/><T102/><D51/><U8/><E76/><V55/><F73/><W126/><G100/><T33/><D102/><U122/><E122/><V42/><F35/><W135/><G135/><T105/><D25/><U87/><E124/><V59/><F133/><W72/><G91/><T28/><D45/><U85/><E3/><V80/><F113/><W116/><G43/><T90/><D90/><U127/><E127/><V40/><F55/><W15/><G126/><T63/><D63/><U14/><E71/><V68/><F68/><W95/><G95/><T132/><D94/><U104/><E104/><V54/><F54/><W17/><G17/><T82/><D82/><U2/><E69/><V21/><F21/><N who="3" m="11487" /><G116/><T125/><D28/><U79/><E65/><V24/><F24/><W5/><G5/><T66/><D66/><U11/><E85/><N who="2" m="50215" /><F107/><W12/><G48/><T77/><D77/><U74/><E74/><V7/><F7/><W16/><G57/><T61/><D97/><U44/><E6/><V106/><F106/><W119/><G83/><T26/><D99/><U53/><E2/><V78/><F78/><W110/><G72/><T134/><D109/><U22/><E79/><V47/><F47/><W64/><G64/><T13/><D37/><U86/><E44/><V70/><F59/><W81/><G110/><T92/><D111/><U120/><E1/><V84/><F84/><W36/><G0/><T96/><D75/><U39/><E87/><V34/><F34/><RYUUKYOKU ba="0,0" sc="21,-10,313,-10,229,30,437,-10" hai2="40,41,42,60,67,70,101,103,129,130" owari="11,-48.9,303,10.3,259,-14.1,427,52.7" /></mjloggm>