<mjloggm ver="2.3"><GO type="169" lobby="0"/><UN n0="%E3%82%B6%E2%98%85%E3%82%B5%E3%83%B3%E3%83%9E%E9%81%93%E6%A5%BD" n1="%E3%81%BF%E3%82%84%E3%81%AF%E3%82%89" n2="%6D%61%6A%75%6E%69%61" n3="%E3%81%98%E3%82%83%E3%81%99%E3%81%BF%E3%82%93" dan="17,16,16,16" rate="2159.46,2061.41,2139.82,2057.47" sx="M,M,M,M"/><TAIKYOKU oya="0"/><INIT seed="0,0,0,1,2,127" ten="250,250,250,250" oya="0" hai0="14,56,96,85,73,133,113,123,67,7,93,55,72" hai1="122,98,48,2,12,99,77,20,32,100,81,40,6" hai2="125,120,126,92,114,94,129,84,132,135,45,37,83" hai3="65,110,88,52,60,58,41,33,111,97,109,44,103"/><T134/><D123/><U23/><E122/><V42/><F114/><W105/><G33/><T17/><D113/><U69/><E32/><V78/><F120/><W115/><G115/><T49/><D67/><U22/><E69/><V5/><F5/><W3/><G3/><T51/><D7/><U47/><E2/><V62/><F62/><W27/><G27/><T104/><D104/><U124/><E124/><N who="2" m="47723" /><F92/><W26/><G26/><T38/><D51/><U15/><E15/><V89/><F94/><W43/><G88/><N who="0" m="53391" /><D38/><U30/><E30/><V70/><F89/><W9/><G9/><T128/><D96/><U54/><E54/><V80/><F80/><W63/><REACH who="3" step="1"/><G44/><REACH who="3" ten="250,250,250,240" step="2"/><T31/><D31/><U28/><E28/><V11/><F11/><W87/><G87/><T10/><D73/><U46/><E46/><V71/><F71/><AGARI ba="0,1" hai="41,43,52,58,60,63,65,71,97,103,105,109,110,111" machi="71" ten="40,5200,0" yaku="1,1,14,1,54,1,53,0" doraHai="127" doraHaiUra="13" who="3" fromWho="2" sc="250,0,250,0,250,-52,240,62" /><INIT seed="1,0,0,2,5,86" ten="250,250,198,302" oya="1" hai0="125,38,4,55,49,132,13,134,45,79,25,107,115" hai1="65,28,14,103,22,122,32,54,104,68,19,97,123" hai2="113,130,3,99,41,27,56,128,114,62,53,46,67" hai3="34,77,118,5,8,96,15,24,105,83,91,124,11"/><U110/><E110/><V129/><F3/><W108/><G124/><T93/><D115/><N who="2" m="44042" /><F99/><W63/><G108/><T37/><D107/><U36/><E36/><N who="2" m="21799" /><F27/><W76/><G118/><T16/><D125/><U112/><E112/><V69/><F53/><W87/><G11/><T90/><D79/><U33/><E54/><V94/><F94/><W29/><REACH who="3" step="1"/><G63/><REACH who="3" ten="250,250,198,292" step="2"/><T58/><D4/><U84/><E123/><V74/><F74/><W40/><G40/><T48/><D38/><U109/><E122/><V127/><F127/><W85/><G85/><N who="0" m="52431" /><D37/><U126/><E109/><V61/><F61/><W6/><G6/><T12/><D134/><U10/><E126/><V106/><F106/><W121/><G121/><T92/><D132/><U80/><E84/><V117/><F117/><W18/><G18/><T64/><D64/><U131/><E19/><V120/><F120/><W35/><G35/><T78/><D78/><U51/><E65/><V73/><F73/><W43/><G43/><N who="0" m="24639" /><D92/><U81/><E32/><V50/><F50/><W89/><G89/><T21/><AGARI ba="0,1" hai="12,13,16,21,25,49,55,58" m="24639,52431" machi="21" ten="30,4000,0" yaku="8,1,52,1,54,1" doraHai="86" who="0" fromWho="0" sc="250,50,250,-20,198,-10,292,-10" /><INIT seed="2,0,0,3,3,132" ten="300,230,188,282" oya="2" hai0="27,36,38,30,46,42,104,15,51,68,22,100,16" hai1="118,84,56,95,122,23,101,18,29,130,108,9,39" hai2="131,43,96,34,99,17,32,85,117,75,107,69,63" hai3="50,48,82,19,78,116,113,61,1,110,3,44,10"/><V76/><F117/><W24/><G116/><T74/><D74/><U109/><E118/><V11/><F43/><W40/><G110/><T121/><D121/><U72/><E72/><V60/><F75/><W127/><G113/><T115/><D115/><U105/><E39/><V66/><F63/><W135/><G135/><T20/><REACH who="0" step="1"/><D68/><REACH who="0" ten="290,230,188,282" step="2"/><U124/><E122/><V79/><F131/><W92/><G3/><T80/><D80/><U28/><E130/><V81/><F79/><W103/><G1/><T33/><D33/><U52/><E109/><V4/><F17/><W8/><G82/><T64/><D64/><U5/><E108/><V77/><F77/><W13/><G78/><T65/><D65/><U120/><E120/><V25/><F32/><W53/><G19/><T71/><D71/><U73/><E73/><V123/><F123/><W54/><G54/><T55/><D55/><U6/><E52/><V119/><F119/><W94/><G53/><T86/><D86/><U57/><E84/><V14/><REACH who="2" step="1"/><F107/><REACH who="2" ten="290,230,178,282" step="2"/><W2/><G40/><T90/><D90/><U70/><E105/><V114/><F114/><W89/><G89/><T102/><D102/><U88/><E101/><V93/><F93/><W83/><G92/><T49/><D49/><U112/><E95/><V35/><F35/><W0/><G94/><T62/><D62/><U133/><E112/><V41/><F41/><W67/><G61/><T12/><D12/><U31/><E18/><V58/><F58/><W128/><G103/><T111/><D111/><U106/><E57/><V7/><F7/><W129/><G128/><RYUUKYOKU ba="0,2" sc="290,15,230,-15,178,15,282,-15" hai0="15,16,20,22,27,30,36,38,42,46,51,100,104" hai2="4,11,14,25,34,60,66,69,76,81,85,96,99" /><INIT seed="2,1,2,2,3,62" ten="305,215,193,267" oya="2" hai0="38,101,25,126,4,123,68,74,43,110,2,22,69" hai1="56,111,129,94,11,47,21,17,57,113,9,134,104" hai2="49,80,0,131,116,51,84,30,106,26,72,71,12" hai3="23,28,103,119,67,96,32,37,53,59,92,109,77"/><V18/><F116/><W34/><G37/><T121/><D110/><U29/><E113/><V46/><F72/><W58/><G119/><T97/><D126/><U70/><E104/><V27/><F0/><W45/><G109/><T54/><D74/><U88/><E111/><V31/><F106/><W82/><G45/><T10/><D54/><U85/><E70/><V41/><F71/><W63/><G28/><N who="2" m="10793" /><F51/><W122/><G23/><T35/><D68/><U76/><E129/><V81/><F131/><W42/><G42/><T55/><D69/><U133/><E29/><V117/><F117/><W108/><G122/><T40/><D55/><U132/><E47/><V20/><F81/><W107/><G107/><T125/><D35/><U118/><E118/><V91/><AGARI ba="1,2" hai="12,18,20,26,27,41,46,49,80,84,91" m="10793" machi="91" ten="30,1500,0" yaku="8,1" doraHai="62" who="2" fromWho="2" sc="305,-6,215,-6,193,38,267,-6" /><INIT seed="2,2,0,1,2,50" ten="299,209,231,261" oya="2" hai0="11,31,65,21,67,62,108,116,4,58,9,133,90" hai1="69,110,103,122,92,0,63,40,2,66,29,109,33" hai2="10,105,54,18,89,128,80,131,24,88,71,82,55" hai3="37,39,32,61,81,49,94,47,111,106,38,75,27"/><V97/><F71/><W43/><G106/><T119/><D133/><U70/><E40/><V87/><F105/><W42/><G111/><T79/><D79/><U26/><E122/><V134/><F134/><W1/><G1/><T41/><D41/><U114/><E114/><V91/><F97/><W76/><G42/><T130/><D108/><N who="1" m="41579" /><E70/><V113/><F113/><W60/><REACH who="3" step="1"/><G94/><REACH who="3" ten="299,209,231,251" step="2"/><T126/><D119/><U73/><E73/><V48/><F82/><W22/><G22/><T51/><D116/><U74/><E74/><V30/><F48/><W95/><G95/><T93/><D51/><U102/><E92/><V125/><F125/><W28/><AGARI ba="2,1" hai="27,28,32,37,38,39,43,47,49,60,61,75,76,81" machi="28" ten="40,2700,0" yaku="1,1,0,1,53,0" doraHai="50" doraHaiUra="5" who="3" fromWho="3" sc="299,-9,209,-9,231,-15,251,43" /><INIT seed="3,0,0,3,3,85" ten="290,200,216,294" oya="3" hai0="113,73,104,87,31,134,44,129,7,55,127,5,43" hai1="78,34,120,51,68,124,26,3,16,90,133,10,57" hai2="95,94,48,89,132,13,36,114,99,14,76,71,110" hai3="58,54,17,103,56,42,75,126,83,28,20,35,125"/><W45/><G103/><T63/><D73/><U59/><E120/><V97/><F110/><W62/><G58/><T122/><D122/><U91/><E124/><V119/><F132/><W64/><G64/><T40/><D127/><U22/><E133/><V15/><F114/><W101/><G101/><T106/><D134/><U84/><E68/><V115/><F36/><W118/><G118/><T1/><D113/><U135/><E135/><V128/><F128/><W82/><G75/><T50/><D129/><U12/><E59/><V4/><F71/><W72/><G72/><T49/><D63/><U93/><E78/><V18/><F119/><W117/><G117/><T25/><D43/><U52/><E3/><V53/><F76/><W23/><G35/><T86/><D104/><U121/><E121/><V105/><F4/><N who="0" m="1610" /><D106/><U65/><E34/><V81/><F81/><W108/><G108/><T21/><D1/><U112/><E112/><V111/><F111/><W41/><G125/><T70/><D70/><U79/><E79/><V77/><F77/><W130/><G130/><T6/><N who="0" m="1618" /><T60/><DORA hai="109" /><D60/><U131/><E131/><V100/><F105/><W9/><G42/><T107/><D107/><U0/><E0/><V61/><F61/><W30/><G41/><T39/><D39/><U19/><E65/><V102/><F102/><W98/><G126/><T46/><AGARI ba="0,0" hai="21,25,31,40,44,46,49,50,55,86,87" m="1618" machi="46" ten="40,1500,0" yaku="8,1" doraHai="85,109" who="0" fromWho="0" sc="290,15,200,-4,216,-4,294,-7" /><INIT seed="4,0,0,3,4,0" ten="305,196,212,287" oya="0" hai0="51,79,76,116,12,119,83,22,121,126,68,65,60" hai1="89,125,53,35,33,5,124,39,63,132,118,37,42" hai2="78,135,115,14,38,102,30,80,77,9,75,120,99" hai3="106,122,103,16,81,123,43,10,64,8,49,74,24"/><T67/><D121/><N who="3" m="46089" /><G64/><T131/><D131/><U86/><E118/><V56/><F120/><W45/><G103/><T114/><D126/><U70/><E132/><V108/><F108/><W93/><G93/><T50/><D114/><U47/><E37/><V52/><F115/><W105/><G8/><T28/><D67/><U73/><E73/><V127/><F127/><N who="1" m="48713" /><E70/><V128/><F128/><W15/><G24/><T110/><D110/><U85/><E85/><V133/><F78/><AGARI ba="0,0" hai="10,15,16,43,45,49,74,78,81,105,106" m="46089" machi="78" ten="30,2000,0" yaku="13,1,54,1" doraHai="0" who="3" fromWho="2" sc="305,0,196,0,212,-20,287,20" /><INIT seed="5,0,0,0,0,101" ten="305,196,192,307" oya="1" hai0="63,24,3,99,116,29,86,130,38,133,98,9,121" hai1="50,77,5,54,27,108,53,39,72,26,20,33,37" hai2="87,68,61,95,45,76,15,107,84,31,90,81,127" hai3="52,41,75,17,69,82,7,78,134,100,57,42,30"/><U113/><E113/><V64/><F127/><W14/><G69/><T103/><D116/><U21/><E33/><V89/><F31/><W124/><G30/><T71/><D121/><U48/><E77/><V0/><F0/><W83/><G7/><T55/><D130/><U115/><E115/><V120/><F120/><W106/><G83/><T2/><D38/><U131/><E5/><V105/><F15/><W51/><G134/><T92/><D9/><U10/><E10/><V117/><F117/><W35/><G35/><T102/><D86/><U49/><E72/><V1/><F1/><W104/><G124/><T22/><D133/><U135/><E135/><V36/><REACH who="2" step="1"/><F76/><REACH who="2" ten="305,196,182,307" step="2"/><W74/><G78/><T43/><D3/><U16/><E131/><V60/><F60/><W80/><G14/><T85/><D2/><U118/><E118/><V6/><F6/><W62/><G62/><T47/><D63/><U58/><E108/><V129/><F129/><W32/><G17/><T34/><D29/><U73/><E73/><V94/><F94/><W46/><G75/><T96/><D92/><U56/><E50/><V112/><F112/><W122/><G74/><T128/><D128/><U91/><E91/><V88/><F88/><W28/><G28/><AGARI ba="0,1" hai="16,20,21,26,27,28,37,39,48,49,53,54,56,58" machi="28" ten="30,5800,0" yaku="7,1,9,1,54,1" doraHai="101" who="1" fromWho="3" sc="305,0,196,68,182,0,307,-58" /><INIT seed="5,1,0,5,2,40" ten="305,264,182,249" oya="1" hai0="18,124,60,58,89,88,115,127,2,84,94,128,99" hai1="125,93,102,74,0,79,38,31,64,9,43,97,135" hai2="108,13,103,134,105,126,132,46,131,71,55,83,32" hai3="129,78,52,3,117,120,66,57,47,21,10,48,101"/><U49/><E125/><N who="0" m="48201" /><D2/><U45/><E135/><N who="2" m="51755" /><F32/><W44/><G117/><T68/><D68/><U22/><E64/><V37/><F126/><W92/><G120/><T29/><D29/><U119/><E119/><V11/><F83/><W133/><G133/><T90/><D115/><U80/><E31/><V116/><F116/><W36/><G36/><T6/><D6/><U75/><E75/><V7/><F71/><W20/><G78/><T61/><D61/><U65/><E65/><V27/><F27/><W53/><G129/><T104/><D18/><U59/><E22/><V39/><F131/><W15/><G66/><N who="0" m="39191" /><D128/><U118/><E118/><V86/><F86/><W54/><G3/><T12/><D12/><U100/><E59/><V51/><F108/><W73/><G73/><T26/><D26/><U109/><E49/><V28/><F28/><W33/><G33/><T113/><D113/><U16/><E109/><V96/><AGARI ba="1,0" hai="7,11,13,37,39,46,51,55,96,103,105" m="51755" machi="96" ten="30,2000,0" yaku="20,1,52,1" doraHai="40" who="2" fromWho="2" sc="305,-6,264,-11,182,23,249,-6" /><INIT seed="6,0,0,3,5,35" ten="299,253,205,243" oya="2" hai0="96,15,75,11,48,10,29,98,70,33,92,84,102" hai1="126,105,37,77,135,66,107,127,86,40,119,106,95" hai2="4,61,34,5,28,73,30,53,60,101,2,115,88" hai3="133,113,7,9,124,17,99,26,24,63,23,47,103"/><V100/><F73/><W69/><G124/><T21/><D75/><U72/><E66/><V83/><F34/><W0/><G133/><T117/><D117/><U14/><E37/><V94/><F115/><W76/><G113/><T49/><D70/><U1/><E1/><V8/><F4/><W16/><G76/><T57/><D33/><U118/><E14/><V58/><F61/><W109/><G109/><T81/><D96/><U128/><E40/><V3/><F83/><W74/><G74/><T65/><D65/><U78/><E135/><V116/><F2/><W44/><G63/><T111/><D111/><U38/><E38/><V90/><F116/><N who="1" m="44585" /><E128/><V39/><F39/><W120/><G69/><T22/><D10/><U31/><E31/><V79/><F79/><N who="1" m="30217" /><E72/><V112/><F112/><W67/><G67/><T91/><D91/><AGARI ba="0,0" hai="86,91,95,105,106,107,126,127" m="30217,44585" machi="91" ten="40,2600,0" yaku="34,2" doraHai="35" who="1" fromWho="0" sc="299,-26,253,26,205,0,243,0" /><INIT seed="7,0,0,4,5,77" ten="273,279,205,243" oya="3" hai0="56,116,41,18,78,86,104,47,67,11,87,96,112" hai1="28,14,36,45,108,100,70,94,90,64,127,75,111" hai2="60,118,37,131,92,113,101,24,21,7,81,10,5" hai3="79,88,59,43,58,69,83,13,3,52,29,95,107"/><W34/><G107/><T85/><D116/><U132/><E127/><V8/><F118/><W133/><G3/><T105/><D112/><U54/><E132/><V120/><F131/><W32/><G69/><T123/><D123/><U26/><E75/><V35/><F113/><W33/><G43/><T23/><D11/><N who="2" m="4138" /><F35/><W122/><G13/><T39/><D96/><U73/><E14/><V50/><F37/><W46/><G122/><T126/><D126/><U0/><E0/><V49/><F60/><W57/><G133/><T62/><REACH who="0" step="1"/><D78/><REACH who="0" ten="263,279,205,243" step="2"/><U17/><E111/><V1/><F120/><W68/><G79/><T12/><AGARI ba="0,1" hai="12,18,23,39,41,47,56,62,67,85,86,87,104,105" machi="12" ten="30,4000,0" yaku="1,1,2,1,0,1,53,0" doraHai="77" doraHaiUra="76" who="0" fromWho="0" sc="263,50,279,-10,205,-10,243,-20" owari="313,41.3,269,6.9,195,-30.5,223,-17.7" /></mjloggm>