<mjloggm ver="2.3"><GO type="169" lobby="0"/><UN n0="%E7%89%8C%E6%B5%81%E7%8A%B6%E6%85%8B%E9%BA%BB%E9%9B%80" n1="%E3%81%8B%E3%82%89%E3%81%8F%E3%82%8A" n2="%E3%82%AD%E3%83%AA%E3%83%B3%E3%83%AA%E3%82%AD%E5%BF%AB" n3="%E3%81%9F%E3%81%8B%E3%81%A3%E3%81%A6%E3%81%83%E3%83%BC" dan="16,17,17,18" rate="2170.18,2155.90,2195.99,2193.10" sx="M,M,M,F"/><TAIKYOKU oya="0"/><INIT seed="0,0,0,2,5,8" ten="250,250,250,250" oya="0" hai0="131,59,135,63,114,106,107,7,48,102,61,0,4" hai1="37,10,129,6,18,22,24,105,9,82,42,95,53" hai2="36,109,126,103,52,79,111,43,123,87,72,117,51" hai3="93,12,5,94,92,76,120,25,90,132,45,84,31"/><T11/><BYE who="1" /><D114/><U27/><E27/><V26/><F123/><W122/><G132/><UN n1="%E3%81%8B%E3%82%89%E3%81%8F%E3%82%8A" /><T40/><D135/><U46/><E129/><V115/><F115/><W1/><G1/><T68/><D131/><U127/><E127/><V133/><F133/><W30/><G76/><T17/><D7/><U110/><E110/><V121/><F121/><N who="3" m="46699" /><G45/><T19/><D68/><U57/><E105/><V54/><F72/><W88/><G90/><T28/><D28/><N who="3" m="10793" /><G25/><T125/><D125/><U71/><E71/><V98/><F79/><W64/><G64/><T118/><D118/><U73/><E73/><V29/><F26/><W80/><G5/><T32/><D32/><U58/><E58/><V2/><F2/><W89/><G12/><T16/><D102/><U56/><E56/><V62/><F103/><W77/><AGARI ba="0,0" hai="77,80,84,88,89,92,93,94" m="10793,46699" machi="77" ten="40,2700,0" yaku="13,1,54,1" doraHai="8" who="3" fromWho="3" sc="250,-13,250,-7,250,-7,250,27" /><INIT seed="1,0,0,1,0,53" ten="237,243,243,277" oya="1" hai0="120,60,113,73,125,72,121,67,13,36,90,28,94" hai1="70,56,104,74,7,86,118,91,46,93,96,64,20" hai2="122,135,116,131,87,76,108,130,11,2,105,100,6" hai3="111,33,68,63,110,51,30,101,66,65,40,114,107"/><U99/><E118/><V49/><F116/><W55/><G114/><T62/><D113/><U45/><E70/><V3/><F122/><N who="0" m="47210" /><D36/><U42/><E74/><V95/><F108/><W10/><G66/><T44/><D44/><U29/><E7/><V50/><F135/><W102/><G40/><T81/><D81/><U47/><E42/><V80/><F105/><W41/><G41/><T97/><D125/><U117/><E104/><V61/><F3/><W85/><G85/><T134/><D134/><U21/><E117/><V129/><REACH who="2" step="1"/><F61/><REACH who="2" ten="237,243,233,277" step="2"/><W78/><G107/><T79/><D62/><N who="1" m="37959" /><E29/><V83/><F83/><W112/><G30/><T115/><D28/><U1/><E1/><V35/><F35/><W18/><G33/><T0/><D0/><U9/><E9/><V124/><F124/><W75/><G10/><T106/><D106/><U54/><E54/><V12/><F12/><W19/><G55/><T123/><D123/><U132/><E132/><V71/><F71/><W128/><G68/><T126/><D126/><U8/><E8/><V16/><F16/><W23/><G18/><T82/><D13/><U57/><E57/><V38/><F38/><W69/><G69/><N who="0" m="42215" /><D115/><U5/><E5/><V88/><F88/><W52/><G111/><T43/><D43/><U59/><E59/><V25/><F25/><W39/><G110/><T34/><D34/><U27/><E27/><V17/><F17/><W109/><G109/><T37/><D37/><U32/><E32/><V48/><F48/><W31/><G112/><T133/><D133/><U127/><E127/><V24/><F24/><RYUUKYOKU ba="0,1" sc="237,10,243,10,233,10,277,-30" hai0="72,73,79,82,90,94,97" hai1="20,21,45,46,47,86,91,93,96,99" hai2="2,6,11,49,50,76,80,87,95,100,129,130,131" /><INIT seed="1,1,1,3,1,77" ten="247,253,243,247" oya="1" hai0="63,5,40,10,79,22,75,65,109,12,20,86,111" hai1="72,103,3,114,115,44,73,134,23,91,135,122,125" hai2="129,11,49,35,71,43,54,98,88,14,69,25,99" hai3="39,105,38,52,96,59,107,58,61,127,17,29,121"/><U101/><E23/><V123/><F123/><W57/><G121/><T2/><D75/><N who="1" m="28747" /><E44/><V60/><F129/><W1/><G1/><T78/><D40/><U128/><E3/><V47/><F35/><W84/><G127/><T46/><D46/><U51/><E51/><V6/><F25/><W117/><G117/><T64/><D64/><U28/><E122/><V53/><F99/><W33/><G33/><T34/><D34/><U82/><E28/><V130/><F130/><W94/><G29/><T21/><D2/><U45/><E45/><V68/><REACH who="2" step="1"/><F60/><REACH who="2" ten="247,253,233,247" step="2"/><W31/><G61/><T81/><REACH who="0" step="1"/><D79/><REACH who="0" ten="237,253,233,247" step="2"/><U42/><E128/><V110/><F110/><W118/><G118/><T9/><D9/><U104/><E115/><V100/><F100/><W119/><G119/><T15/><D15/><U74/><E114/><V19/><F19/><W66/><G17/><T89/><D89/><U106/><E91/><V87/><F87/><W76/><G84/><T95/><D95/><AGARI ba="1,3" hai="6,11,14,43,47,49,53,54,68,69,71,88,95,98" machi="95" ten="40,2600,0" yaku="1,1,54,1,53,0" doraHai="77" doraHaiUra="83" who="2" fromWho="0" sc="237,-29,253,0,233,59,247,0" /><INIT seed="2,0,0,2,1,25" ten="208,253,292,247" oya="2" hai0="31,107,50,47,19,76,9,126,30,97,104,54,33" hai1="72,20,96,14,134,48,29,60,21,11,32,37,87" hai2="103,23,88,114,86,117,12,34,92,53,38,39,2" hai3="112,131,36,15,77,13,18,82,128,27,120,118,55"/><V0/><F114/><W133/><G118/><T67/><D126/><U83/><E37/><V6/><F117/><W35/><G120/><T42/><D33/><U43/><E72/><V132/><F132/><W84/><G36/><T61/><D76/><U74/><E74/><V68/><F34/><W113/><G133/><T115/><D115/><N who="3" m="44105" /><G55/><T10/><D42/><U78/><E96/><V90/><F68/><W41/><G41/><T102/><D107/><U70/><E134/><V71/><F71/><W63/><G63/><T129/><D129/><N who="3" m="49737" /><G18/><T127/><D127/><U94/><E60/><V51/><F103/><W65/><G65/><T98/><D98/><U40/><E70/><V3/><F90/><W44/><G44/><T52/><D54/><U75/><E43/><V95/><F95/><W99/><G99/><T73/><D73/><U81/><E94/><V1/><N who="2" m="0" /><DORA hai="22" /><V7/><F38/><W121/><G121/><T66/><D19/><N who="1" m="8671" /><E48/><V116/><F39/><W26/><G26/><T119/><D119/><U85/><E75/><V69/><F69/><W5/><G5/><T122/><D122/><U64/><E64/><V91/><F91/><W57/><G57/><N who="0" m="37167" /><D67/><U56/><E56/><N who="2" m="32831" /><F116/><W124/><G124/><T62/><D62/><U109/><E40/><V108/><F108/><W16/><G35/><T123/><D123/><U101/><E101/><V45/><F45/><W58/><G58/><T46/><D46/><U28/><E32/><V93/><F93/><W89/><G89/><T106/><D106/><U100/><E100/><V59/><F59/><W80/><G80/><RYUUKYOKU ba="0,0" sc="208,10,253,-30,292,10,247,10" hai0="9,10,30,31,47,50,52,97,102,104" hai2="6,7,12,23,86,88,92" hai3="13,15,16,27,77,82,84" /><INIT seed="2,1,0,5,3,112" ten="218,223,302,257" oya="2" hai0="60,100,102,21,78,110,95,26,111,83,94,101,88" hai1="89,18,15,45,74,107,44,36,69,47,39,67,38" hai2="28,34,70,66,86,42,32,27,75,96,106,50,130" hai3="120,37,43,76,72,65,57,3,123,53,16,51,35"/><V14/><F75/><W92/><G35/><T108/><D60/><U98/><E74/><V25/><F130/><W84/><G3/><T17/><REACH who="0" step="1"/><D88/><REACH who="0" ten="208,223,302,257" step="2"/><U73/><E89/><V126/><F96/><W12/><G123/><T103/><N who="0" m="25600" /><DORA hai="115" /><T62/><D62/><U56/><E98/><V132/><F106/><W71/><G120/><T82/><D82/><U49/><E107/><V135/><F135/><W85/><G92/><T0/><D0/><U23/><E73/><AGARI ba="1,1" hai="17,21,26,73,78,83,94,95,108,110,111" m="25600" machi="73" ten="60,3900,0" yaku="1,1,14,1,53,0" doraHai="112,115" doraHaiUra="119,125" who="0" fromWho="1" sc="208,52,223,-42,302,0,257,0" /><INIT seed="3,0,0,2,2,134" ten="260,181,302,257" oya="3" hai0="104,83,13,65,89,53,93,46,34,129,14,132,32" hai1="38,54,88,97,12,109,127,60,17,45,35,124,113" hai2="10,131,96,30,75,108,115,36,87,0,91,18,130" hai3="116,62,95,66,28,119,117,76,61,31,73,71,44"/><W72/><G44/><T20/><D104/><U19/><E113/><V63/><F115/><W7/><G7/><T100/><D132/><U55/><E35/><V122/><F75/><W67/><G95/><T9/><D129/><U74/><E74/><V33/><F36/><W16/><G16/><N who="1" m="6218" /><E12/><V110/><F96/><W3/><G3/><T77/><D100/><U59/><E97/><V29/><F63/><W48/><G48/><T86/><D20/><U111/><E88/><V98/><F98/><W51/><G51/><T5/><D14/><U78/><E78/><V103/><F103/><W56/><REACH who="3" step="1"/><G73/><REACH who="3" ten="260,181,302,247" step="2"/><T133/><D93/><U23/><E23/><V126/><F18/><W40/><G40/><T42/><D42/><N who="1" m="22743" /><E54/><V128/><F0/><W69/><G69/><T114/><D53/><U106/><E106/><V27/><F131/><W8/><G8/><T68/><D9/><U135/><E135/><V120/><F10/><W2/><G2/><T21/><D133/><U64/><E55/><V43/><F43/><W81/><AGARI ba="0,1" hai="28,31,56,61,62,66,67,71,72,76,81,116,117,119" machi="81" ten="40,12000,1" yaku="1,1,0,1,53,2" doraHai="134" doraHaiUra="58" who="3" fromWho="3" sc="260,-40,181,-40,302,-40,247,130" /><INIT seed="3,1,0,5,1,96" ten="220,141,262,377" oya="3" hai0="74,66,26,24,100,27,52,37,1,29,89,134,117" hai1="88,118,23,75,25,53,0,82,120,51,80,22,58" hai2="49,35,48,125,41,98,116,57,15,83,78,3,91" hai3="131,106,129,67,128,47,42,6,84,54,73,65,9"/><W135/><G73/><T101/><D117/><U7/><E120/><V71/><F116/><W114/><G114/><T130/><D37/><U102/><E118/><V112/><F112/><W95/><G106/><T115/><D115/><U121/><E121/><V111/><F3/><W4/><G135/><T59/><D1/><U12/><E0/><V5/><F71/><W93/><G54/><T104/><D104/><U76/><E102/><N who="0" m="39529" /><D74/><U43/><E43/><V119/><F48/><W62/><G84/><T99/><D130/><U105/><E105/><V122/><F57/><N who="3" m="37071" /><G67/><T56/><D134/><U133/><E133/><V50/><F15/><N who="3" m="5543" /><G6/><T108/><D108/><U132/><E132/><V79/><F5/><W92/><G95/><N who="0" m="56815" /><D66/><U32/><E32/><V36/><F36/><AGARI ba="1,0" hai="36,42,47,92,93,128,129,131" m="5543,37071" machi="36" ten="30,1500,0" yaku="19,1" doraHai="96" who="3" fromWho="2" sc="220,0,141,0,262,-18,377,18" /><INIT seed="3,2,0,4,2,110" ten="220,141,244,395" oya="3" hai0="41,28,99,10,97,114,30,88,57,102,35,50,134" hai1="61,122,117,2,127,96,89,58,113,37,72,25,62" hai2="42,98,67,45,125,78,59,55,14,133,23,38,3" hai3="51,26,63,115,36,48,94,93,0,118,104,132,69"/><W40/><G115/><T13/><D134/><U64/><E2/><V47/><F3/><W68/><G104/><T85/><D114/><U17/><E113/><V108/><F78/><W4/><G118/><T100/><D99/><U79/><E122/><V46/><F98/><W126/><G132/><T70/><D70/><U15/><E127/><V82/><F82/><W121/><G121/><T60/><D50/><U71/><E37/><V8/><F23/><W56/><G26/><T107/><D41/><U120/><E120/><V86/><F86/><W81/><G81/><T95/><D102/><U90/><E25/><V19/><F133/><W92/><G36/><T124/><D35/><U34/><E34/><V65/><F108/><W22/><G22/><T129/><D129/><U12/><E12/><V119/><F125/><W130/><G130/><T16/><REACH who="0" step="1"/><D124/><REACH who="0" ten="210,141,244,395" step="2"/><U32/><E32/><V54/><F119/><W75/><G51/><T1/><D1/><U101/><E96/><V53/><F59/><W6/><G56/><T109/><D109/><U43/><E101/><V103/><F103/><W24/><G0/><T87/><D87/><U20/><E43/><V39/><F42/><W135/><G40/><T74/><D74/><U84/><E72/><V80/><F38/><W7/><G75/><T18/><D18/><U21/><E117/><V83/><F39/><W111/><G111/><T31/><D31/><U123/><E123/><V44/><N who="2" m="11264" /><DORA hai="66" /><V33/><F33/><W91/><G126/><T116/><D116/><U128/><E128/><V105/><F105/><W11/><G135/><RYUUKYOKU ba="2,1" sc="210,15,141,-15,244,15,395,-15" hai0="10,13,16,28,30,57,60,85,88,95,97,100,107" hai2="8,14,19,53,54,55,65,67,80,83" /><INIT seed="4,3,1,5,3,103" ten="225,126,259,380" oya="0" hai0="53,47,3,34,131,70,30,101,86,16,59,46,32" hai1="120,100,83,37,96,22,35,123,17,77,108,40,50" hai2="68,73,31,23,57,95,129,117,9,104,69,25,44" hai3="94,124,21,107,76,111,118,135,65,98,87,28,13"/><T91/><D70/><U84/><E108/><V66/><F73/><W115/><G111/><T109/><D109/><U52/><E35/><V67/><F129/><W127/><G118/><T126/><D3/><U130/><E40/><V45/><F117/><W33/><G33/><T74/><D74/><U19/><E37/><V93/><F9/><W110/><G110/><T12/><D126/><U14/><E19/><V102/><F104/><W38/><G38/><T116/><D101/><U128/><E128/><V20/><F102/><W26/><G65/><T71/><D71/><U56/><REACH who="1" step="1"/><E130/><REACH who="1" ten="225,116,259,380" step="2"/><V18/><F18/><W99/><G124/><T89/><D131/><U58/><E58/><V43/><F57/><W6/><G127/><T64/><D116/><U72/><E72/><V8/><F43/><W132/><G132/><T85/><D34/><U62/><E62/><V119/><F119/><W105/><G135/><T24/><D32/><U15/><E15/><V61/><F61/><W7/><G13/><T10/><D30/><U79/><E79/><V82/><F31/><W88/><G76/><T49/><D24/><U42/><E42/><V134/><F134/><W55/><G26/><T4/><D16/><U125/><E125/><V48/><F25/><W0/><G28/><T11/><D12/><U75/><E75/><V78/><F78/><W51/><G0/><T29/><D29/><U1/><E1/><V63/><F63/><W133/><G133/><T121/><D59/><U122/><E122/><V114/><F69/><W81/><G51/><N who="0" m="28919" /><D121/><U54/><E54/><N who="2" m="29959" /><F68/><W92/><G55/><RYUUKYOKU ba="3,2" sc="225,-10,116,30,259,-10,380,-10" hai1="14,17,22,50,52,56,77,83,84,96,100,120,123" /><INIT seed="5,4,2,1,4,103" ten="215,146,249,370" oya="1" hai0="11,40,73,101,66,12,14,87,13,45,2,20,102" hai1="18,115,97,52,57,31,68,26,62,121,93,9,116" hai2="61,105,64,43,128,74,80,81,5,69,108,39,54" hai3="33,127,75,71,129,86,48,63,118,10,79,99,59"/><U55/><E116/><V106/><F108/><W92/><G33/><T117/><D73/><U7/><E121/><V8/><F54/><W112/><G112/><T0/><D117/><U23/><E68/><V134/><F81/><W90/><G118/><T27/><D66/><U114/><E55/><V46/><F134/><W56/><G75/><T113/><D113/><U91/><REACH who="1" step="1"/><E31/><REACH who="1" ten="215,136,249,370" step="2"/><V120/><F120/><W98/><G71/><T28/><D11/><U34/><E34/><V47/><F128/><W16/><G10/><T42/><D42/><U89/><E89/><V123/><F123/><W49/><G90/><T1/><REACH who="0" step="1"/><D87/><REACH who="0" ten="205,136,249,370" step="2"/><U82/><E82/><V4/><F8/><W37/><G86/><T58/><D58/><U130/><E130/><V51/><F74/><W122/><G129/><T72/><D72/><U29/><E29/><V95/><F80/><W3/><G122/><T32/><D32/><U109/><E109/><V83/><F83/><W50/><G59/><T111/><D111/><U6/><E6/><V131/><F131/><W110/><G110/><T22/><D22/><U21/><E21/><V94/><F4/><W104/><G56/><T44/><D44/><U41/><E41/><N who="2" m="25039" /><F5/><W36/><G127/><T67/><D67/><U135/><E135/><V126/><F126/><W119/><G119/><T19/><D19/><U53/><E53/><V70/><F70/><W38/><G16/><T107/><D107/><U15/><AGARI ba="4,4" hai="7,9,15,18,23,26,52,57,62,91,93,97,114,115" machi="15" ten="30,12000,1" yaku="1,1,0,1,25,2,54,1,53,0" doraHai="103" doraHaiUra="76" who="1" fromWho="1" sc="205,-44,136,172,249,-44,370,-44" /><INIT seed="5,5,0,0,5,12" ten="161,308,205,326" oya="1" hai0="118,30,100,60,93,90,19,127,38,91,70,11,115" hai1="108,47,45,92,113,120,29,32,133,4,13,96,36" hai2="58,84,68,54,51,67,135,63,79,41,33,44,117" hai3="73,123,77,107,24,74,15,95,101,81,111,64,10"/><U37/><E120/><V5/><F33/><W21/><G111/><T23/><D118/><U110/><E29/><V112/><F117/><W83/><G107/><T43/><D115/><U124/><E32/><V76/><F112/><W82/><G123/><T28/><D127/><U46/><E113/><V65/><F135/><W88/><G101/><T99/><D11/><N who="1" m="4327" /><E124/><V7/><F67/><W105/><G64/><T97/><D70/><U71/><E71/><V109/><F109/><N who="1" m="42089" /><E133/><V59/><F59/><W0/><G105/><T55/><D38/><U35/><E35/><V25/><F25/><W122/><G0/><T129/><D43/><U39/><E39/><V114/><F114/><W80/><G122/><T34/><D34/><U3/><E3/><V49/><F76/><W86/><G74/><T75/><D75/><U16/><E16/><V26/><F26/><W130/><G73/><T102/><D30/><U132/><E132/><V126/><F126/><W40/><G24/><N who="0" m="14463" /><D28/><U50/><E50/><V119/><F119/><W121/><G121/><T128/><D128/><U78/><E78/><V48/><F79/><W17/><G130/><T106/><D129/><U42/><E42/><V125/><F125/><W62/><G40/><T56/><D106/><U85/><E85/><V94/><F49/><W6/><G77/><T69/><D69/><U72/><E72/><V8/><F8/><W2/><N who="3" m="20480" /><DORA hai="104" /><W134/><G134/><T27/><D27/><U98/><E98/><V89/><AGARI ba="5,0" hai="5,7,41,44,48,51,54,58,63,65,68,84,89,94" machi="89" ten="30,1100,0" yaku="0,1" doraHai="12,104" who="2" fromWho="2" sc="161,-8,308,-10,205,26,326,-8" /><INIT seed="6,0,0,3,5,62" ten="153,298,231,318" oya="2" hai0="14,41,26,127,34,20,70,33,94,24,18,131,4" hai1="128,89,57,99,52,123,39,27,7,48,118,65,72" hai2="84,75,96,134,90,68,31,5,124,111,77,100,91" hai3="19,59,38,117,12,86,78,103,88,11,95,1,43"/><V109/><F68/><W85/><G117/><T67/><D41/><U56/><E118/><V8/><F134/><W112/><G112/><T121/><D94/><U116/><E116/><V29/><F124/><W104/><G1/><T133/><D70/><U93/><E128/><V6/><F77/><W30/><G30/><T47/><D47/><U83/><E39/><V17/><F75/><W71/><G71/><T10/><D67/><U87/><E123/><V3/><F17/><W114/><G114/><T73/><D73/><U135/><E135/><V129/><F6/><W32/><G32/><N who="0" m="12395" /><D133/><U16/><E7/><V46/><F91/><W82/><G59/><T122/><D131/><U25/><E16/><V79/><F79/><W106/><REACH who="3" step="1"/><G103/><REACH who="3" ten="153,298,231,308" step="2"/><T63/><D127/><U55/><E72/><V64/><F129/><W45/><AGARI ba="0,1" hai="11,12,19,38,43,45,78,82,85,86,88,95,104,106" machi="45" ten="30,7900,0" yaku="1,1,2,1,0,1,54,1,53,0" doraHai="62" doraHaiUra="119" who="3" fromWho="3" sc="153,-20,298,-20,231,-39,308,89" /><INIT seed="7,0,0,1,0,96" ten="133,278,192,397" oya="3" hai0="20,135,119,29,33,16,83,50,62,4,64,89,100" hai1="134,84,2,9,25,37,10,43,26,47,91,61,117" hai2="93,67,42,103,55,122,97,45,111,90,65,14,101" hai3="77,19,49,17,34,116,113,54,133,128,74,112,3"/><W85/><G116/><T66/><D119/><U123/><E117/><V11/><F111/><W87/><G3/><T82/><D135/><U58/><E123/><V99/><F122/><W108/><G34/><T36/><D36/><U80/><E134/><V22/><F22/><W94/><G133/><T21/><D33/><U72/><E72/><V131/><F131/><W52/><G128/><T71/><D4/><U118/><E118/><V79/><F79/><W63/><G63/><T110/><D110/><U114/><E114/><V56/><F45/><W15/><G74/><T127/><D127/><U78/><E91/><V13/><F42/><W18/><G108/><T38/><D38/><U104/><E104/><V8/><F14/><W24/><G15/><T130/><D130/><U41/><E41/><V69/><F8/><W6/><G6/><T48/><D66/><N who="2" m="25098" /><F99/><W70/><G70/><T129/><D129/><U109/><E109/><V102/><F69/><W76/><G112/><T5/><D5/><U0/><E9/><V39/><F39/><W132/><G113/><T73/><D100/><U115/><E115/><V40/><F40/><W57/><G132/><T23/><D29/><U1/><E10/><V53/><F56/><W59/><G59/><T28/><D28/><U121/><E121/><V27/><F27/><W98/><G24/><T105/><D105/><U125/><E125/><V75/><F75/><W124/><G124/><T51/><D73/><U32/><E32/><V92/><F103/><W126/><G126/><T60/><D71/><U95/><E37/><V44/><F102/><RYUUKYOKU ba="0,0" sc="133,0,278,0,192,0,397,0" owari="133,-36.7,278,7.8,192,-20.8,397,49.7" /></mjloggm>