<mjloggm ver="2.3"><GO type="169" lobby="0"/><UN n0="%50%73%79%63%68%65" n1="%E8%82%89%E5%9B%A3%E5%AD%90%E5%85%88%E7%94%9F" n2="%74%75%6B%69%74%61%6E%31" n3="%4C%C3%97%57%C3%97%4C" dan="16,16,16,17" rate="2156.22,2075.43,2119.59,2134.27" sx="M,M,M,M"/><TAIKYOKU oya="0"/><INIT seed="0,0,0,1,1,65" ten="250,250,250,250" oya="0" hai0="82,61,62,98,30,46,132,14,117,17,5,91,133" hai1="12,129,38,8,135,34,28,106,92,101,103,127,124" hai2="52,121,26,66,111,73,20,23,74,10,116,122,97" hai3="125,100,104,24,63,32,95,80,134,90,118,48,93"/><T131/><D117/><U36/><E106/><V85/><F111/><W86/><G86/><T58/><D5/><U4/><E129/><V51/><F116/><W71/><G118/><T3/><D3/><U56/><E135/><N who="0" m="51785" /><D30/><U79/><E79/><V114/><F114/><W35/><G125/><N who="1" m="48202" /><E56/><V45/><F66/><W53/><G104/><T120/><D120/><U115/><E115/><V84/><F10/><W68/><G100/><N who="1" m="38474" /><E92/><V130/><F130/><W119/><G134/><T88/><D131/><U70/><E70/><V11/><F11/><W78/><G71/><T50/><D58/><U110/><E110/><V83/><F97/><W42/><G68/><T6/><D6/><U109/><E109/><V22/><F26/><AGARI ba="0,0" hai="4,8,12,26,28,34,36,38" m="38474,48202" machi="26" ten="30,1000,0" yaku="18,1" doraHai="65" who="1" fromWho="2" sc="250,0,250,10,250,-10,250,0" /><INIT seed="1,0,0,4,2,121" ten="250,260,240,250" oya="1" hai0="16,70,1,88,67,73,126,80,97,99,40,77,15" hai1="84,35,33,13,135,27,24,49,42,28,2,75,8" hai2="52,117,110,18,130,3,94,116,7,106,9,51,100" hai3="47,43,124,25,122,57,41,14,107,123,46,81,44"/><U61/><E75/><V92/><F130/><W64/><G107/><T36/><D1/><U11/><E135/><V86/><F106/><W82/><G124/><T108/><D126/><U109/><E84/><V101/><F86/><W133/><G133/><T103/><D70/><U78/><E61/><V48/><F18/><W104/><G104/><T65/><D103/><U91/><E91/><V72/><F72/><W118/><G118/><T58/><D40/><U31/><E78/><V131/><F131/><W119/><G119/><T63/><D36/><U83/><E83/><V19/><F19/><W23/><G14/><T66/><D108/><U39/><E49/><V90/><F110/><W54/><G64/><T120/><D120/><U74/><E74/><V4/><F3/><W127/><G127/><T89/><D99/><U56/><E56/><V20/><F20/><W79/><G123/><T29/><D29/><U17/><E109/><V132/><F132/><W112/><G112/><T53/><REACH who="0" step="1"/><D97/><REACH who="0" ten="240,260,240,250" step="2"/><U69/><E69/><V60/><F101/><W5/><G122/><T38/><D38/><U85/><E42/><V115/><F100/><W111/><G111/><T128/><D128/><U62/><E39/><V113/><F117/><W68/><G68/><T102/><D102/><U129/><E129/><V96/><F96/><W59/><G43/><T93/><D93/><U114/><E114/><V26/><F94/><W105/><G41/><T50/><D50/><U10/><E62/><V32/><F116/><W71/><G105/><T37/><D37/><U45/><E2/><N who="2" m="151" /><F115/><W95/><G95/><RYUUKYOKU ba="0,1" sc="240,30,260,-10,240,-10,250,-10" hai0="15,16,53,58,63,65,66,67,73,77,80,88,89" /><INIT seed="2,1,1,2,3,21" ten="270,250,230,240" oya="2" hai0="28,12,35,130,64,60,78,72,22,65,129,127,116" hai1="111,105,103,94,63,114,95,38,8,58,123,17,44" hai2="98,70,96,80,93,120,55,48,125,89,131,1,39" hai3="16,90,25,134,24,36,54,14,23,7,112,110,13"/><V20/><F120/><W128/><G36/><T56/><D116/><U108/><E114/><V69/><F131/><N who="0" m="50186" /><D127/><U75/><E75/><V37/><F125/><W29/><G128/><T40/><D40/><U30/><E105/><V43/><F1/><W5/><G112/><T32/><D65/><U122/><E103/><V104/><F80/><W18/><G54/><T27/><D12/><N who="3" m="4713" /><G90/><T121/><D121/><N who="1" m="46091" /><E30/><V82/><F82/><AGARI ba="1,1" hai="22,27,28,32,35,56,60,64,72,78,82" m="50186" machi="82" ten="30,2000,0" yaku="19,1,52,1" doraHai="21" who="0" fromWho="2" sc="270,33,250,0,230,-23,240,0" /><INIT seed="3,0,0,5,3,84" ten="303,250,207,240" oya="3" hai0="100,0,61,116,131,71,79,135,13,40,25,37,4" hai1="30,60,127,81,133,21,105,45,95,83,129,63,87" hai2="34,122,113,114,39,82,11,23,123,99,24,75,106" hai3="130,68,50,85,46,2,132,134,93,41,124,117,7"/><W6/><G117/><T69/><D116/><U15/><E127/><V101/><F39/><W96/><G68/><T72/><D13/><U31/><E105/><V5/><F34/><W76/><G124/><T48/><D48/><U42/><E129/><V77/><F5/><W119/><G119/><T1/><D100/><U118/><E118/><V35/><F11/><W28/><G28/><T90/><D25/><U111/><E111/><V33/><F23/><W56/><G130/><T94/><D61/><U109/><E109/><V17/><F17/><W18/><G18/><T112/><D1/><U27/><E31/><N who="2" m="19687" /><F35/><W26/><G26/><T73/><D73/><U97/><E133/><N who="3" m="51306" /><G56/><T57/><D57/><U3/><E3/><V120/><AGARI ba="0,0" hai="75,77,82,99,101,106,113,114,120,122,123" m="19687" machi="120" ten="30,2000,0" yaku="13,1,23,1" doraHai="84" who="2" fromWho="2" sc="303,-5,250,-5,207,20,240,-10" /><INIT seed="4,0,0,2,1,45" ten="298,245,227,230" oya="0" hai0="55,18,76,82,47,59,57,110,38,101,112,13,124" hai1="56,44,100,36,26,1,119,109,86,17,83,0,11" hai2="94,61,60,21,7,111,73,25,128,64,126,97,108" hai3="91,103,125,79,75,67,104,123,89,117,51,28,98"/><T35/><D35/><U81/><E109/><V116/><F128/><W34/><G117/><T20/><D110/><U92/><E119/><V12/><F126/><W118/><G118/><T42/><D124/><U120/><E120/><V43/><F73/><W102/><G125/><T80/><D112/><U77/><E81/><V32/><F116/><W58/><G123/><T52/><D101/><U133/><E133/><V19/><F43/><W16/><G103/><T30/><D30/><U105/><E105/><V129/><F129/><W9/><G79/><T2/><D2/><U90/><E56/><V46/><F46/><W22/><G75/><T95/><D95/><U39/><E100/><V115/><F115/><W14/><G34/><T130/><D130/><U53/><E39/><V6/><F61/><W4/><G28/><T78/><D82/><U72/><E36/><V71/><F32/><W68/><G68/><T74/><REACH who="0" step="1"/><D78/><REACH who="0" ten="288,245,227,230" step="2"/><U69/><E0/><V87/><F94/><W33/><G33/><T131/><D131/><U62/><E1/><V106/><F106/><W37/><G104/><T96/><D96/><U8/><E83/><V63/><F97/><W135/><G102/><T5/><D5/><U50/><E77/><V29/><F6/><W24/><G98/><T15/><D15/><U121/><E121/><V85/><F7/><W3/><G3/><T88/><D88/><U65/><REACH who="1" step="1"/><E72/><REACH who="1" ten="288,235,227,230" step="2"/><V84/><F108/><W132/><G91/><T10/><D10/><U70/><E70/><N who="2" m="42247" /><F111/><W48/><G89/><T114/><D114/><U66/><E66/><N who="2" m="41439" /><F12/><N who="3" m="5159" /><G67/><T27/><D27/><RYUUKYOKU ba="0,2" sc="288,10,235,10,227,10,230,-30" hai0="13,18,20,38,42,47,52,55,57,59,74,76,80" hai1="8,11,17,26,44,50,53,62,65,69,86,90,92" hai2="19,21,25,29,84,85,87" /><INIT seed="4,1,2,1,2,127" ten="298,245,237,200" oya="0" hai0="130,108,71,121,118,81,5,53,55,87,114,95,27" hai1="16,67,3,110,12,79,101,11,41,2,113,85,26" hai2="98,119,61,7,109,40,44,86,104,82,32,15,1" hai3="111,35,36,126,29,66,34,65,52,24,37,125,112"/><T14/><D118/><U57/><E110/><V56/><F109/><W31/><G111/><T120/><D108/><U103/><E113/><V10/><F32/><W30/><G112/><T46/><D71/><U21/><E41/><V63/><F119/><W106/><G106/><T17/><D114/><U124/><E124/><N who="3" m="47722" /><G52/><T80/><D5/><U47/><E47/><V96/><F104/><W100/><G100/><T49/><D27/><U4/><E2/><V62/><F1/><W116/><G116/><T9/><D55/><U89/><E79/><V68/><F68/><W45/><G45/><T38/><D38/><N who="3" m="14953" /><G24/><T132/><D132/><U107/><E107/><V51/><REACH who="2" step="1"/><F56/><REACH who="2" ten="298,245,227,200" step="2"/><W97/><G97/><T64/><D121/><U123/><E123/><V115/><F115/><W76/><G76/><AGARI ba="1,3" hai="7,10,15,40,44,51,61,62,63,76,82,86,96,98" machi="76" ten="40,8000,1" yaku="1,1,25,2,8,1,53,1" doraHai="127" doraHaiUra="0" who="2" fromWho="3" sc="298,0,245,0,227,113,200,-83" /><INIT seed="5,0,0,4,1,59" ten="298,245,340,117" oya="1" hai0="124,77,127,115,9,108,5,126,3,121,41,119,10" hai1="133,135,100,11,20,43,47,66,79,35,130,128,37" hai2="2,103,31,90,83,48,6,49,39,118,132,56,8" hai3="87,42,109,46,122,134,70,86,4,80,91,73,110"/><U71/><E100/><V15/><F132/><N who="1" m="50761" /><E79/><V60/><F39/><W29/><G134/><T97/><D119/><U1/><E35/><V51/><F118/><W68/><G122/><T102/><D108/><U75/><E20/><V0/><F103/><W65/><G29/><T111/><D111/><U104/><E75/><V95/><F83/><W58/><G73/><T67/><D121/><U107/><E11/><V62/><F31/><W18/><G4/><T85/><D10/><U129/><E1/><V105/><F105/><W96/><G96/><T123/><D123/><U22/><E22/><V93/><F93/><W13/><G110/><T53/><D77/><U26/><E26/><V113/><F113/><W69/><G87/><T82/><D115/><U40/><E40/><V88/><F90/><W44/><G109/><T84/><D41/><U32/><E32/><V94/><F94/><W64/><G42/><T106/><D82/><U36/><E36/><V7/><F7/><W57/><G13/><T112/><D112/><U12/><E12/><V33/><F33/><W116/><G116/><T63/><REACH who="0" step="1"/><D53/><REACH who="0" ten="288,245,340,117" step="2"/><U114/><E114/><V30/><F8/><W99/><G80/><T74/><D74/><U17/><E17/><V27/><F6/><W50/><G18/><T92/><D92/><U52/><E52/><V72/><F95/><W19/><G19/><T28/><D28/><U101/><E101/><V55/><F30/><W38/><G86/><T76/><D76/><U89/><E89/><V117/><F88/><W45/><G91/><T54/><D54/><U78/><E78/><RYUUKYOKU ba="0,1" sc="288,15,245,15,340,-15,117,-15" hai0="3,5,9,63,67,84,85,97,102,106,124,126,127" hai1="37,43,47,66,71,104,107,128,129,130" /><INIT seed="5,1,1,4,0,122" ten="303,260,325,102" oya="1" hai0="132,73,70,103,80,93,25,68,88,9,47,43,99" hai1="8,123,31,107,12,52,75,121,13,115,84,91,15" hai2="17,26,116,111,72,66,133,97,40,1,53,120,114" hai3="50,118,98,71,30,63,83,92,87,79,7,29,90"/><U23/><E107/><V124/><F66/><W96/><G118/><T77/><D132/><U48/><E75/><V135/><F40/><W16/><G7/><T28/><D9/><U78/><E78/><V56/><F97/><W34/><G34/><T106/><D25/><U129/><E129/><V22/><F120/><W108/><G98/><T60/><D60/><U10/><E115/><V126/><F72/><W0/><G0/><T4/><D28/><U125/><E125/><V39/><F39/><W42/><G71/><T85/><D4/><U67/><E67/><V37/><F37/><AGARI ba="1,1" hai="37,43,47,68,70,73,77,80,85,88,93,99,103,106" machi="37" ten="30,7700,0" yaku="7,1,24,2,54,1" doraHai="122" who="0" fromWho="2" sc="303,90,260,0,325,-80,102,0" /><INIT seed="6,0,0,4,1,42" ten="393,260,245,102" oya="2" hai0="65,114,36,41,89,30,38,130,18,16,70,49,106" hai1="55,63,111,91,17,92,108,86,113,103,128,26,110" hai2="81,33,0,6,109,66,97,88,119,57,93,10,76" hai3="24,83,94,34,5,51,102,27,54,82,2,124,9"/><V134/><F134/><W28/><G124/><T43/><D106/><U13/><E113/><V15/><F119/><W68/><G68/><T69/><D30/><U1/><E128/><V77/><F109/><W120/><G120/><T45/><D89/><U58/><E1/><V39/><F33/><W105/><G105/><T52/><D114/><U22/><E103/><V20/><F39/><N who="0" m="14890" /><D16/><U25/><AGARI ba="0,0" hai="13,17,22,25,26,55,58,63,86,91,92,108,110,111" machi="25" ten="40,1500,0" yaku="0,1" doraHai="42" who="1" fromWho="1" sc="393,-4,260,15,245,-7,102,-4" /><INIT seed="7,0,0,1,5,43" ten="389,275,238,98" oya="3" hai0="26,27,5,66,88,63,86,125,83,132,115,96,104" hai1="10,92,8,25,124,55,87,94,75,103,107,29,111" hai2="131,1,50,59,54,16,40,82,129,28,97,119,0" hai3="102,44,32,73,120,70,112,93,76,47,33,90,60"/><W37/><G120/><T52/><D132/><U31/><E111/><V14/><F119/><W91/><G37/><T45/><D125/><U57/><E75/><V128/><F28/><W84/><G112/><T62/><D5/><U9/><E107/><V105/><F82/><N who="3" m="47175" /><G70/><T95/><D104/><U123/><E124/><V134/><F134/><W114/><G114/><T79/><D115/><U7/><E7/><V81/><F81/><W78/><G33/><T11/><D11/><U80/><E123/><V122/><F122/><W48/><G32/><T42/><D52/><U98/><E25/><N who="0" m="9225" /><D66/><U35/><E94/><V58/><F40/><W13/><G73/><T22/><D22/><U116/><E35/><V17/><F105/><W61/><G78/><T19/><D19/><U106/><E106/><V36/><F36/><W69/><G69/><T41/><D41/><U65/><E65/><V130/><F130/><W34/><G34/><T74/><D74/><U71/><E71/><V51/><F17/><W38/><G13/><T85/><D85/><U20/><E20/><N who="2" m="11287" /><F97/><N who="3" m="59695" /><G38/><T39/><D39/><U67/><E67/><V77/><F77/><W15/><G15/><T24/><D24/><U121/><E121/><V135/><F135/><W49/><G49/><T12/><D12/><U6/><E116/><V99/><F99/><W109/><G109/><T118/><D118/><U68/><E68/><V113/><F113/><W101/><G48/><T117/><D117/><U18/><E6/><V30/><F30/><W72/><G72/><T2/><D2/><U23/><E31/><V21/><F21/><RYUUKYOKU ba="0,0" sc="389,15,275,-15,238,15,98,-15" hai0="42,45,62,63,79,83,86,88,95,96" hai2="0,1,50,51,54,58,59,128,129,131" owari="404,50.4,260,6.0,253,-14.7,83,-41.7" /></mjloggm>