<mjloggm ver="2.3"><GO type="169" lobby="0"/><UN n0="%E3%81%8B%E3%81%A3%E3%81%95%E3%83%BC" n1="%E6%9C%AA%E6%9D%A5%E5%B0%91%E5%B9%B4" n2="%E4%BE%8D" n3="%44%61%72%6B%72%69%64%65" dan="17,16,18,16" rate="2145.02,2158.62,2271.47,2199.67" sx="M,F,M,M"/><TAIKYOKU oya="0"/><INIT seed="0,0,0,1,4,41" ten="250,250,250,250" oya="0" hai0="113,80,61,6,129,56,95,83,45,37,79,31,90" hai1="34,130,105,24,35,32,133,115,109,77,5,85,19" hai2="62,87,107,13,72,69,64,8,26,73,134,42,28" hai3="14,103,99,40,36,97,58,20,86,1,48,70,108"/><T101/><D113/><U125/><E105/><V30/><F134/><W81/><G1/><T25/><D129/><U7/><E77/><V44/><F107/><W111/><G70/><T52/><D101/><U94/><E94/><V22/><F28/><W38/><G99/><T132/><D132/><U122/><E85/><V71/><F87/><W29/><G38/><T66/><D6/><N who="1" m="2059" /><E133/><V100/><F100/><W75/><G36/><T57/><D79/><U114/><E130/><V68/><F13/><W123/><G75/><T128/><D128/><U65/><E65/><V47/><F8/><W33/><G33/><N who="1" m="12906" /><E122/><V21/><F21/><W12/><G123/><T102/><D102/><U121/><E121/><V110/><F42/><W3/><G86/><T63/><D45/><U116/><E116/><V15/><F72/><W27/><G81/><T88/><D37/><U82/><E82/><N who="0" m="31273" /><D95/><U49/><E49/><V106/><F73/><W93/><G40/><T39/><D39/><U135/><E135/><V89/><F106/><W0/><G103/><T50/><D50/><U84/><E84/><V10/><F89/><W131/><G93/><T96/><D96/><U104/><E104/><V124/><F71/><W98/><G97/><T4/><D4/><U55/><E114/><V59/><F69/><W118/><G98/><T126/><D126/><U11/><E125/><V117/><F124/><W2/><G131/><T23/><AGARI ba="0,0" hai="23,25,31,52,56,57,61,63,66,88,90" m="31273" machi="23" ten="30,6000,0" yaku="8,1,54,2" doraHai="41" who="0" fromWho="0" sc="250,60,250,-20,250,-20,250,-20" /><INIT seed="0,1,0,4,4,135" ten="310,230,230,230" oya="0" hai0="72,94,45,121,124,105,54,98,91,50,120,67,81" hai1="23,106,133,87,26,38,1,88,110,127,96,53,95" hai2="77,0,30,69,40,25,48,11,74,79,46,12,129" hai3="56,10,73,134,93,18,43,60,2,76,107,71,14"/><T24/><D67/><U7/><E38/><V42/><F69/><W90/><G107/><T85/><D124/><U132/><E110/><V126/><F0/><W117/><G71/><T92/><D24/><U41/><E41/><V59/><F129/><W114/><G114/><T125/><D125/><U36/><E36/><V102/><F42/><W68/><G68/><T112/><D112/><U123/><E123/><V31/><F31/><W82/><G134/><N who="1" m="51818" /><E127/><V70/><F70/><W32/><G43/><T61/><D61/><U35/><E35/><V19/><F74/><W128/><G32/><T13/><D94/><U52/><E7/><V8/><F8/><W63/><G128/><T66/><D66/><U16/><E1/><V62/><F102/><AGARI ba="1,0" hai="16,23,26,52,53,87,88,95,96,102,106" m="51818" machi="102" ten="30,7700,0" yaku="20,1,54,3" doraHai="135" who="1" fromWho="2" sc="310,0,230,80,230,-80,230,0" /><INIT seed="1,0,0,5,1,6" ten="310,310,150,230" oya="1" hai0="105,114,64,48,20,128,34,94,68,61,83,60,112" hai1="95,86,103,92,96,99,127,88,74,79,67,28,81" hai2="11,132,57,122,111,119,47,104,78,12,19,26,44" hai3="13,56,97,109,72,50,39,36,90,107,46,4,62"/><U110/><E67/><V121/><F119/><W113/><G72/><T118/><D105/><N who="1" m="63743" /><E28/><V108/><F104/><W93/><G107/><T27/><D118/><U24/><E24/><V15/><F78/><W25/><G113/><T9/><D34/><U55/><E55/><V3/><F57/><W16/><G109/><N who="2" m="42057" /><F44/><W87/><G4/><T40/><D128/><U7/><E7/><N who="2" m="1535" /><F47/><W133/><G25/><T101/><D83/><N who="1" m="45559" /><E110/><V106/><F106/><W22/><G133/><T100/><D61/><U129/><E129/><V116/><F116/><W37/><G97/><T17/><D48/><U14/><E14/><N who="2" m="5163" /><F132/><W58/><REACH who="3" step="1"/><G62/><REACH who="3" ten="310,310,150,220" step="2"/><T53/><D60/><U54/><E54/><AGARI ba="0,1" hai="13,16,22,36,37,39,46,50,54,56,58,87,90,93" machi="54" ten="40,5200,0" yaku="1,1,2,1,54,1,53,0" doraHai="6" doraHaiUra="124" who="3" fromWho="1" sc="310,0,310,-52,150,0,220,62" /><INIT seed="2,0,0,3,2,132" ten="310,258,150,282" oya="2" hai0="134,20,119,53,59,97,129,70,54,77,9,114,2" hai1="62,98,22,8,42,17,36,87,50,72,128,86,133" hai2="83,52,7,109,16,88,71,107,47,49,92,108,63" hai3="115,104,130,79,89,127,68,106,45,19,66,11,58"/><V28/><F107/><W61/><G79/><T81/><D70/><U120/><E36/><V91/><F7/><W32/><G32/><T23/><D114/><U93/><E72/><V38/><F28/><W26/><G115/><T85/><D134/><U84/><E133/><V100/><F38/><W76/><G76/><T18/><D129/><U73/><E73/><V121/><F121/><W60/><G130/><T25/><D119/><U29/><E128/><V99/><F16/><W101/><G101/><T0/><D54/><U64/><E120/><V110/><F83/><W67/><G45/><T37/><D37/><U30/><E8/><V112/><F112/><W15/><G26/><T21/><D97/><U125/><E50/><V27/><F27/><W46/><G46/><T118/><D118/><U48/><E48/><V122/><F122/><W43/><G43/><T3/><D9/><U75/><E42/><V131/><F131/><W35/><G35/><T96/><D96/><U94/><E75/><V40/><F40/><W13/><G89/><T44/><D44/><U41/><E41/><V1/><F1/><W117/><G117/><T90/><D90/><U24/><E94/><V39/><F39/><W10/><G127/><T34/><REACH who="0" step="1"/><D34/><REACH who="0" ten="300,258,150,282" step="2"/><U56/><REACH who="1" step="1"/><E125/><REACH who="1" ten="300,248,150,282" step="2"/><V14/><F14/><W4/><AGARI ba="0,2" hai="4,10,11,13,15,19,58,60,61,66,67,68,104,106" machi="4" ten="20,1500,0" yaku="0,1,7,1" doraHai="132" who="3" fromWho="3" sc="300,-4,248,-4,150,-7,282,35" /><INIT seed="3,0,0,1,5,23" ten="296,244,143,317" oya="3" hai0="128,1,106,45,93,74,96,52,51,34,30,50,130" hai1="49,43,132,63,90,32,133,80,66,64,102,5,97" hai2="117,44,131,135,48,105,7,6,68,3,91,67,83" hai3="4,16,69,38,72,100,126,92,75,112,82,88,31"/><W127/><G69/><T108/><D74/><U104/><E32/><V28/><F117/><W17/><G38/><T78/><D108/><U10/><E43/><V22/><F105/><W27/><G4/><T123/><D123/><U116/><E116/><V13/><F131/><W120/><G100/><T33/><D106/><U35/><E35/><V119/><F119/><W24/><G112/><T85/><D1/><U0/><E49/><V54/><F135/><N who="1" m="51785" /><E63/><V26/><F3/><W57/><G57/><T114/><D114/><U70/><E70/><V14/><F68/><W81/><G31/><T59/><D85/><AGARI ba="0,0" hai="0,5,10,64,66,80,85,90,97,102,104" m="51785" machi="85" ten="30,1000,0" yaku="20,1" doraHai="23" who="1" fromWho="0" sc="296,-10,244,10,143,0,317,0" /><INIT seed="4,0,0,4,1,59" ten="286,254,143,317" oya="0" hai0="110,112,7,111,5,70,61,81,129,55,26,128,99" hai1="53,89,24,82,79,135,133,71,3,22,0,12,134" hai2="20,127,73,38,77,48,115,37,83,87,34,103,21" hai3="40,86,101,56,92,85,102,16,122,52,97,15,27"/><T58/><D112/><U19/><E71/><V47/><F115/><W76/><G40/><T39/><D39/><U78/><E89/><V108/><F108/><N who="0" m="41514" /><D70/><U32/><E53/><V75/><F34/><W107/><G122/><T91/><D26/><U64/><E64/><V67/><F127/><W96/><G76/><T119/><D119/><U4/><E78/><V51/><F103/><W31/><G27/><T25/><D25/><U68/><E68/><V6/><F67/><W94/><G31/><T41/><D41/><U121/><E121/><V69/><F69/><W66/><G66/><T113/><D113/><U106/><E106/><V125/><F125/><W10/><G107/><T124/><D124/><U49/><E49/><AGARI ba="0,0" hai="10,15,16,49,52,56,85,86,92,94,96,97,101,102" machi="49" ten="30,8000,1" yaku="7,1,9,1,8,1,54,2" doraHai="59" who="3" fromWho="1" sc="286,0,254,-80,143,0,317,80" /><INIT seed="5,0,0,4,0,11" ten="286,174,143,397" oya="1" hai0="39,65,122,51,69,60,91,20,115,48,88,10,96" hai1="112,54,114,127,28,47,53,78,55,90,113,71,104" hai2="132,16,44,63,49,123,92,34,31,117,36,56,110" hai3="100,105,62,68,46,45,33,8,126,70,57,89,14"/><U80/><E104/><V6/><F110/><W15/><G33/><T32/><D115/><U19/><E71/><V12/><F117/><W9/><G105/><T52/><D32/><U2/><E127/><V106/><F106/><W1/><G100/><T131/><D131/><U37/><E2/><V103/><F123/><W35/><G1/><T58/><D122/><U101/><E101/><V124/><F36/><W119/><G35/><T130/><D130/><U38/><E28/><V4/><F31/><W120/><G120/><T134/><D134/><U77/><E19/><V111/><F34/><W29/><G29/><T135/><D39/><N who="1" m="14859" /><E47/><V97/><F111/><W129/><G129/><T3/><D135/><U108/><E108/><V84/><F84/><AGARI ba="0,0" hai="53,54,55,77,78,80,84,90,112,113,114" m="14859" machi="84" ten="40,2000,0" yaku="15,1" doraHai="11" who="1" fromWho="2" sc="286,0,174,20,143,-20,397,0" /><INIT seed="5,1,0,4,5,79" ten="286,194,123,397" oya="1" hai0="54,124,25,68,135,63,118,91,83,77,75,51,4" hai1="37,23,26,94,67,22,42,109,65,17,128,108,127" hai2="69,93,59,49,15,30,55,14,86,41,57,3,78" hai3="52,70,107,119,45,88,115,58,74,62,50,31,84"/><U89/><E127/><V18/><F69/><W90/><G74/><T10/><D118/><U8/><E128/><V129/><F3/><W95/><G107/><T56/><D124/><U85/><E8/><V11/><F129/><W98/><G119/><T130/><D135/><U53/><E53/><V96/><F41/><W116/><G116/><T100/><D100/><U97/><E37/><V2/><F2/><W64/><G31/><T81/><D25/><U112/><E42/><V1/><F1/><W106/><G115/><T39/><D39/><U6/><E6/><V48/><F30/><W46/><REACH who="3" step="1"/><G106/><REACH who="3" ten="286,194,123,387" step="2"/><T72/><D72/><U44/><E112/><V38/><F38/><W40/><G40/><T101/><D75/><U20/><E109/><V36/><F36/><W71/><G71/><T7/><D68/><U111/><E108/><V103/><F48/><W43/><G43/><T9/><D51/><U82/><E111/><V104/><F104/><W131/><G131/><T121/><D130/><U24/><E26/><V76/><F57/><W87/><G87/><T16/><D56/><U120/><E44/><V34/><F34/><W99/><G99/><T13/><D121/><U123/><E120/><V105/><F105/><W28/><G28/><T110/><D110/><U5/><E123/><V133/><F86/><W80/><AGARI ba="1,1" hai="45,46,50,52,58,62,64,70,80,84,88,90,95,98" machi="80" ten="20,12000,2" yaku="1,1,0,1,7,1,52,1,54,2,53,0" doraHai="79" doraHaiUra="126" who="3" fromWho="3" sc="286,-31,194,-61,123,-31,387,133" /><INIT seed="6,0,0,3,1,124" ten="255,133,92,520" oya="2" hai0="35,133,10,117,65,68,75,1,88,127,24,0,110" hai1="56,18,130,60,89,100,107,13,47,76,34,82,54" hai2="21,4,99,39,59,129,29,49,2,113,92,44,123" hai3="20,79,70,121,57,131,32,93,116,103,25,122,114"/><V6/><F123/><W108/><G70/><T125/><D110/><U74/><E130/><V37/><F129/><W73/><G32/><T102/><D75/><U80/><E34/><V31/><F113/><W38/><G131/><T64/><D102/><U128/><E128/><V126/><F126/><N who="0" m="48138" /><D133/><U94/><E107/><V48/><F2/><W51/><G57/><T30/><D117/><U62/><E100/><V3/><F3/><W77/><G51/><T96/><D10/><U17/><E74/><V33/><F33/><W109/><G25/><T9/><D9/><N who="1" m="6319" /><E76/><V120/><F120/><W69/><G20/><T72/><D72/><U11/><E60/><V36/><F59/><W27/><G27/><T104/><D104/><U40/><E40/><V71/><F48/><W83/><G93/><N who="0" m="56359" /><D65/><U7/><E7/><V111/><F111/><W84/><G38/><T45/><D45/><U14/><E47/><V42/><F21/><W112/><G69/><T55/><D55/><U41/><E41/><V12/><F71/><W61/><G61/><AGARI ba="0,0" hai="0,1,24,30,35,61,64,68" m="56359,48138" machi="61" ten="30,2000,0" yaku="18,1,54,1" doraHai="124" who="0" fromWho="3" sc="255,20,133,0,92,0,520,-20" /><INIT seed="7,0,0,5,3,134" ten="275,133,92,500" oya="3" hai0="78,121,2,62,61,100,67,77,104,43,126,29,76" hai1="66,9,49,93,40,12,125,130,108,96,0,73,135" hai2="88,103,51,79,39,25,131,80,118,63,21,19,114" hai3="35,24,57,32,74,83,26,106,17,11,124,69,97"/><W113/><G57/><T129/><D126/><U127/><E73/><V116/><F39/><W115/><G17/><T28/><D100/><U14/><E108/><V46/><F114/><W68/><G11/><T31/><D104/><U111/><E111/><V75/><F131/><W82/><G97/><T10/><D10/><U107/><E107/><V92/><F63/><W71/><G106/><T91/><D91/><U20/><E66/><V47/><F103/><W56/><G56/><T4/><D121/><U110/><E130/><V112/><F112/><W42/><G42/><T27/><D27/><U101/><E135/><V36/><F36/><W48/><G48/><T59/><D59/><U117/><E117/><V58/><F58/><W105/><G71/><T99/><D99/><U60/><E60/><V7/><F7/><W120/><G105/><T22/><D4/><N who="1" m="1159" /><E20/><V122/><F122/><W84/><G120/><T37/><D76/><U50/><E50/><V6/><F6/><W41/><G69/><T86/><D77/><U109/><E109/><V98/><REACH who="2" step="1"/><F46/><REACH who="2" ten="275,133,82,500" step="2"/><W133/><G68/><T34/><D61/><U123/><E110/><V1/><F1/><W81/><G133/><T94/><D62/><U16/><E123/><V102/><F102/><W3/><G113/><T95/><D2/><U53/><E101/><V15/><F15/><W18/><G3/><T90/><D129/><U55/><E12/><V87/><F87/><W85/><G115/><T119/><D37/><U65/><E14/><V132/><F132/><W8/><G84/><T13/><D86/><U70/><E70/><RYUUKYOKU ba="0,1" sc="275,-10,133,-10,82,30,500,-10" hai2="19,21,25,47,51,75,79,80,88,92,98,116,118" owari="265,6.5,123,-27.7,112,-38.8,500,60.0" /></mjloggm>