<mjloggm ver="2.3"><GO type="169" lobby="0"/><UN n0="%E3%81%A8%E3%81%B3%E3%81%BE%E3%81%93" n1="%69%50%68%6F%6E%65%31" n2="%E3%83%A9%E3%83%B3%E3%82%B9%E3%83%AD%E3%83%83%E3%83%88" n3="%50%44%47%4F%4E" dan="18,17,16,16" rate="2201.97,2142.37,2104.90,2037.40" sx="M,M,M,M"/><TAIKYOKU oya="0"/><INIT seed="0,0,0,5,0,111" ten="250,250,250,250" oya="0" hai0="106,46,124,83,15,70,108,47,10,50,99,14,52" hai1="48,42,117,63,60,96,102,53,84,110,43,119,74" hai2="125,120,100,104,41,133,122,34,68,57,24,40,22" hai3="3,4,29,134,32,27,131,89,88,98,116,33,75"/><T87/><D70/><U67/><E74/><V51/><F68/><W121/><G116/><T56/><D108/><U66/><E84/><V0/><F0/><W85/><G75/><T77/><D124/><U93/><E110/><V112/><F34/><W69/><G69/><T114/><D114/><U7/><E7/><V80/><F125/><W128/><G134/><T132/><D132/><U71/><E119/><V59/><F100/><W103/><G121/><T37/><D37/><U97/><E117/><V118/><F118/><W109/><G33/><T12/><D106/><U82/><E82/><V90/><F90/><W130/><G109/><T115/><D115/><U45/><E97/><V8/><F8/><N who="3" m="2079" /><G85/><T73/><D73/><U31/><E31/><V95/><F95/><AGARI ba="0,0" hai="27,29,32,88,89,95,98,103,128,130,131" m="2079" machi="95" ten="30,2000,0" yaku="19,1,54,1" doraHai="111" who="3" fromWho="2" sc="250,0,250,0,250,-20,250,20" /><INIT seed="1,0,0,1,0,99" ten="250,250,230,270" oya="1" hai0="93,4,72,44,128,133,39,111,79,11,91,43,88" hai1="60,16,57,92,65,121,42,74,115,68,118,41,31" hai2="82,119,24,6,29,75,96,33,77,89,27,59,125" hai3="86,104,19,106,38,20,120,83,109,3,47,63,95"/><U15/><E115/><V8/><F119/><W97/><G120/><T131/><D111/><U48/><E118/><V40/><F125/><W34/><G34/><T126/><D126/><U0/><E121/><V110/><F110/><W73/><G3/><N who="0" m="415" /><D133/><U14/><E0/><V123/><F123/><W127/><G109/><T76/><D76/><U58/><E74/><V54/><F40/><W124/><G63/><T52/><D52/><U17/><E31/><V90/><F24/><W26/><G73/><T69/><D69/><U81/><E81/><V78/><F96/><W129/><G129/><N who="0" m="49739" /><D93/><U122/><E122/><V64/><F64/><W135/><G135/><T37/><D37/><U13/><E92/><V23/><F33/><W53/><G127/><T49/><D49/><U30/><E68/><V21/><F21/><W117/><G117/><T12/><D12/><U56/><E56/><V130/><F78/><W36/><G36/><T114/><D114/><U112/><E112/><V105/><F105/><W85/><G124/><T116/><D116/><U9/><E15/><V46/><F46/><W62/><G38/><T70/><D70/><U100/><E57/><V10/><F130/><W84/><G83/><AGARI ba="0,0" hai="39,43,44,72,79,83,88,91" m="49739,415" machi="83" ten="30,3900,0" yaku="25,1,19,1,54,1" doraHai="99" who="0" fromWho="3" sc="250,39,250,0,230,0,270,-39" /><INIT seed="2,0,0,4,0,120" ten="289,250,230,231" oya="2" hai0="85,59,49,126,37,122,18,134,135,133,104,57,130" hai1="12,47,10,64,132,53,23,3,15,86,0,4,125" hai2="34,89,48,106,113,80,79,107,98,22,90,14,63" hai3="109,111,83,36,99,75,65,110,131,7,20,55,95"/><V72/><F113/><W27/><G131/><T39/><D104/><U29/><E125/><V61/><F34/><W91/><G36/><N who="0" m="13899" /><D18/><U112/><E64/><V32/><F32/><W42/><G42/><T77/><D77/><U21/><E53/><V103/><F107/><W46/><G65/><T73/><D85/><U123/><E47/><V16/><REACH who="2" step="1"/><F48/><REACH who="2" ten="289,250,220,231" step="2"/><N who="3" m="29079" /><G7/><T51/><D122/><U94/><E112/><V127/><F127/><W60/><G60/><AGARI ba="0,1" hai="14,16,22,60,61,63,72,79,80,89,90,98,103,106" machi="60" ten="40,3900,0" yaku="1,1,54,1,53,0" doraHai="120" doraHaiUra="108" who="2" fromWho="3" sc="289,0,250,0,220,49,231,-39" /><INIT seed="2,1,0,5,3,10" ten="289,250,269,192" oya="2" hai0="61,91,1,112,69,41,36,97,115,21,117,78,46" hai1="82,43,11,99,123,49,34,79,37,126,25,70,86" hai2="15,95,12,80,116,76,129,104,130,45,113,2,52" hai3="65,59,57,63,7,114,28,94,18,55,84,90,72"/><V27/><F113/><W120/><G114/><T75/><D91/><U38/><E70/><V89/><F116/><W83/><G120/><T16/><D117/><U60/><E123/><V124/><F2/><W77/><G28/><T54/><D1/><U67/><E126/><V29/><F104/><W23/><G7/><T30/><D30/><U74/><E74/><V20/><F124/><W40/><G40/><T85/><D75/><U125/><E34/><V87/><F45/><W68/><REACH who="3" step="1"/><G55/><REACH who="3" ten="289,250,269,182" step="2"/><T51/><D115/><U13/><E43/><V62/><F52/><W26/><AGARI ba="1,1" hai="18,23,26,57,59,63,65,68,72,77,83,84,90,94" machi="26" ten="20,5200,0" yaku="1,1,2,1,0,1,7,1,53,0" doraHai="10" doraHaiUra="33" who="3" fromWho="3" sc="289,-14,250,-14,269,-27,182,65" /><INIT seed="3,0,0,1,0,91" ten="275,236,242,247" oya="3" hai0="135,78,57,23,54,0,15,42,117,29,127,90,94" hai1="85,122,37,41,44,36,68,92,55,130,18,73,96" hai2="74,99,5,27,53,76,22,16,131,129,13,12,132" hai3="7,9,77,1,114,120,8,47,28,133,112,97,62"/><W67/><G120/><T21/><D117/><U20/><E73/><V105/><F132/><W84/><G133/><T118/><D118/><U64/><E122/><V58/><F5/><W50/><G28/><T70/><D70/><U80/><E130/><N who="2" m="49675" /><F76/><W3/><G3/><T111/><D111/><U95/><E37/><V123/><F74/><W56/><G9/><T49/><D0/><U71/><E55/><V17/><F17/><W65/><G65/><T82/><D127/><U93/><E64/><V102/><F123/><W31/><G31/><T107/><D107/><U119/><E119/><V121/><F121/><W103/><G84/><N who="0" m="48215" /><D29/><U24/><REACH who="1" step="1"/><E96/><REACH who="1" ten="275,226,242,247" step="2"/><V59/><F59/><W89/><G56/><T100/><D135/><U4/><E4/><V98/><F98/><W69/><G97/><N who="0" m="57559" /><D42/><U52/><E52/><V51/><AGARI ba="0,1" hai="12,13,16,22,27,51,53,58,99,102,105" m="49675" machi="51" ten="30,2000,0" yaku="19,1,54,1" doraHai="91" who="2" fromWho="2" sc="275,-5,226,-5,242,30,247,-10" /><INIT seed="4,0,0,5,5,118" ten="270,221,272,237" oya="0" hai0="42,110,25,101,15,111,106,83,50,40,59,133,26" hai1="63,107,72,74,131,44,80,124,47,120,92,127,126" hai2="21,76,32,69,132,100,82,95,90,66,46,70,30" hai3="62,9,14,43,45,78,37,5,88,73,96,108,12"/><T75/><D133/><U109/><E107/><V28/><F32/><W22/><G108/><N who="0" m="41515" /><D15/><U53/><E109/><V41/><F100/><W16/><G62/><T71/><D71/><U116/><E116/><V3/><F3/><W17/><G78/><N who="0" m="44511" /><D59/><N who="1" m="35311" /><E131/><V51/><F132/><W93/><REACH who="3" step="1"/><G73/><REACH who="3" ten="270,221,272,227" step="2"/><T121/><D50/><U122/><E74/><V0/><F76/><W115/><G115/><T94/><D42/><U33/><E72/><V113/><F51/><W58/><G58/><T10/><D40/><U85/><E33/><V134/><F41/><W128/><G128/><T36/><D36/><U19/><E47/><V38/><F46/><W55/><G55/><T54/><D54/><U129/><E44/><V34/><F113/><W114/><G114/><T135/><D135/><U20/><E129/><V89/><F34/><W7/><AGARI ba="0,1" hai="5,7,9,12,14,16,17,22,37,43,45,88,93,96" machi="7" ten="30,12000,2" yaku="1,1,0,1,54,2,53,2" doraHai="118" doraHaiUra="13" who="3" fromWho="3" sc="270,-60,221,-30,272,-30,227,130" /><INIT seed="5,0,0,1,4,55" ten="210,191,242,357" oya="1" hai0="126,61,83,32,33,50,58,37,28,115,67,90,95" hai1="98,23,116,3,38,109,118,29,113,6,12,9,68" hai2="122,4,129,20,130,128,79,14,45,71,36,99,135" hai3="34,53,60,104,8,89,42,92,86,64,40,27,112"/><U123/><E38/><V70/><F122/><W1/><G104/><T2/><D2/><U107/><E68/><V100/><F135/><W120/><G120/><T59/><D37/><U35/><E98/><V131/><F79/><W102/><G102/><T117/><D117/><N who="1" m="45163" /><E107/><V16/><N who="2" m="32768" /><DORA hai="110" /><V103/><F4/><W46/><G53/><T19/><D126/><U57/><E57/><V114/><F114/><W76/><G76/><T0/><D115/><U69/><E69/><V108/><F103/><W7/><G46/><T66/><D0/><U47/><E47/><V84/><F84/><W124/><G124/><T18/><D83/><U96/><E96/><V48/><F36/><W65/><G65/><T31/><D50/><U106/><E106/><N who="2" m="63775" /><F108/><W54/><G54/><AGARI ba="0,0" hai="14,16,20,45,48,54,70,71" m="63775,32768" machi="54" ten="60,3900,0" yaku="19,1,54,1" doraHai="55,110" who="2" fromWho="3" sc="210,0,191,0,242,39,357,-39" /><INIT seed="6,0,0,5,4,42" ten="210,191,281,318" oya="2" hai0="79,37,33,90,30,5,78,84,124,117,102,69,26" hai1="98,44,36,56,91,70,110,114,38,94,72,65,23" hai2="9,63,107,51,34,75,105,21,111,135,59,0,67" hai3="77,50,60,45,14,119,29,3,113,118,127,49,93"/><V104/><F75/><W87/><G3/><T108/><D108/><U15/><E110/><V80/><F111/><W74/><G74/><T16/><D69/><U92/><E114/><V27/><F34/><W128/><G127/><T82/><D124/><U43/><E70/><V58/><F135/><W66/><G113/><T131/><D131/><U32/><E32/><V99/><F80/><W133/><G128/><T109/><D109/><U13/><E38/><V7/><F99/><W62/><G50/><T17/><D37/><U134/><E134/><V31/><REACH who="2" step="1"/><F51/><REACH who="2" ten="210,191,271,318" step="2"/><W130/><G49/><T101/><D33/><U123/><E72/><V96/><F96/><W88/><G133/><T126/><D82/><U48/><E36/><V6/><F6/><W97/><G97/><T83/><D5/><U35/><E35/><V41/><F41/><W25/><G130/><T116/><D126/><U122/><E94/><V55/><F55/><W76/><G93/><T112/><D112/><U115/><E115/><V103/><F103/><W47/><G119/><N who="0" m="45643" /><D101/><U39/><E39/><V120/><F120/><W4/><G4/><T121/><D102/><U22/><E123/><V11/><F11/><W20/><G118/><T125/><D121/><U71/><E122/><V73/><F73/><W57/><G87/><N who="0" m="50559" /><D125/><U54/><E23/><V132/><F132/><W18/><G20/><N who="0" m="15687" /><D84/><U46/><E22/><V106/><N who="2" m="26624" /><DORA hai="40" /><V52/><F52/><W81/><G81/><T89/><D89/><U19/><E43/><V53/><F53/><W8/><G8/><T61/><D61/><N who="1" m="40367" /><E54/><V86/><F86/><RYUUKYOKU ba="0,1" sc="210,15,191,-15,271,15,318,-15" hai0="16,17,78,79" hai2="0,7,9,21,27,31,58,59,63,67" /><INIT seed="6,1,1,0,4,88" ten="225,176,286,303" oya="2" hai0="43,45,66,31,83,108,33,29,59,106,135,130,60" hai1="98,17,70,3,9,32,72,71,48,30,26,46,81" hai2="62,24,35,74,110,118,68,117,50,95,132,20,54" hai3="76,123,22,2,41,25,115,84,73,4,19,53,100"/><V86/><F74/><W124/><G123/><T28/><D108/><U114/><E114/><V92/><F35/><W58/><G73/><T1/><D1/><U111/><E111/><V99/><F110/><W38/><G115/><T56/><D106/><U93/><E17/><V119/><F132/><W10/><G100/><T47/><D135/><U65/><E65/><V15/><F15/><W97/><G97/><T61/><D130/><U91/><E9/><V94/><F86/><W133/><G133/><T121/><D121/><U67/><E3/><V49/><F99/><W13/><G124/><T36/><D83/><U78/><REACH who="1" step="1"/><E67/><REACH who="1" ten="225,166,286,303" step="2"/><V127/><F127/><W113/><G19/><T39/><D33/><U52/><AGARI ba="1,2" hai="26,30,32,46,48,52,70,71,72,78,81,91,93,98" machi="52" ten="20,12000,2" yaku="1,1,2,1,0,1,7,1,52,1,54,1,53,1" doraHai="88" doraHaiUra="51" who="1" fromWho="1" sc="225,-31,166,143,286,-61,303,-31" /><INIT seed="7,0,0,5,0,36" ten="194,309,225,272" oya="3" hai0="102,132,125,100,44,93,45,105,129,130,81,46,64" hai1="84,131,22,63,4,90,114,82,31,111,86,55,92" hai2="18,91,52,11,24,21,19,41,133,20,62,122,8" hai3="30,5,2,99,73,35,40,103,78,53,127,121,80"/><W29/><G121/><T13/><D105/><U25/><E111/><V123/><F133/><W28/><G127/><T107/><D107/><U76/><E114/><V0/><F0/><W26/><G53/><T96/><D132/><U95/><E131/><N who="0" m="50185" /><D125/><U120/><E120/><N who="2" m="46123" /><F91/><W38/><G5/><T94/><D81/><N who="1" m="49423" /><E4/><V75/><F75/><W9/><G9/><T49/><D13/><U1/><E1/><V134/><F134/><W48/><G38/><T23/><D23/><U83/><E83/><V113/><F113/><W14/><G14/><T6/><D6/><U109/><E109/><V7/><F7/><W87/><G73/><T66/><D49/><U39/><E39/><V118/><F118/><W51/><G51/><T34/><D34/><U58/><AGARI ba="0,0" hai="22,25,31,55,58,63,76,82,86,92,95" m="49423" machi="58" ten="30,1100,0" yaku="8,1" doraHai="36" who="1" fromWho="1" sc="194,-3,309,11,225,-3,272,-5" owari="191,-30.9,320,42.0,222,-17.8,267,6.7" /></mjloggm>