<mjloggm ver="2.3"><GO type="169" lobby="0"/><UN n0="%E3%81%86%E3%81%A1%E3%83%BC" n1="%E6%89%8B%E6%89%93%E3%81%A1%E3%81%8D%E3%81%97%E3%82%81%E3%82%93" n2="%42%65%6E%63%68%69%6E%67" n3="%E6%84%9B%E5%AA%9B%E7%9C%8C%E7%94%A3%E3%81%BF%E3%81%8B%E3%82%93" dan="16,18,16,16" rate="2144.86,2199.56,2217.75,2142.96" sx="M,M,M,M"/><TAIKYOKU oya="0"/><INIT seed="0,0,0,2,1,37" ten="250,250,250,250" oya="0" hai0="12,4,19,50,87,133,1,135,59,116,41,81,18" hai1="120,66,99,102,96,56,91,72,103,6,98,23,44" hai2="90,89,34,53,27,48,83,11,28,85,35,127,0" hai3="101,47,25,15,115,32,113,75,132,67,106,7,126"/><T49/><D116/><U20/><E72/><V17/><F127/><W94/><G75/><T26/><D1/><U14/><E120/><V104/><F104/><W95/><G106/><T74/><D74/><U9/><E91/><V51/><F34/><W69/><G69/><T107/><D107/><U125/><E125/><V3/><F89/><W39/><G67/><T29/><D4/><U55/><E66/><V36/><F36/><W70/><G70/><T68/><D68/><U64/><E64/><V129/><F48/><W33/><G126/><T45/><D50/><U122/><E44/><V46/><REACH who="2" step="1"/><F129/><REACH who="2" ten="250,250,240,250" step="2"/><W42/><G33/><T124/><D124/><U92/><E122/><V60/><F60/><W63/><G63/><T62/><D133/><U61/><REACH who="1" step="1"/><E99/><REACH who="1" ten="250,240,240,250" step="2"/><V2/><F2/><W77/><G132/><T84/><D135/><U109/><E109/><V30/><F30/><W114/><G114/><T100/><D29/><U131/><E131/><V76/><F76/><W54/><G77/><T128/><D128/><U58/><E58/><V22/><F22/><W8/><G115/><T80/><D59/><U110/><E110/><V123/><F123/><W111/><G111/><T134/><D134/><U118/><E118/><V65/><F65/><W130/><G130/><T24/><D45/><U121/><E121/><V88/><F88/><W43/><G113/><T117/><D117/><U73/><E73/><V78/><F78/><W86/><G47/><T31/><D31/><U57/><E57/><V108/><F108/><W10/><G32/><T71/><D71/><U112/><E112/><RYUUKYOKU ba="0,2" sc="250,-15,240,15,240,15,250,-15" hai1="6,9,14,20,23,55,56,61,92,96,98,102,103" hai2="0,3,11,17,27,28,35,46,51,53,83,85,90" /><INIT seed="1,1,2,3,5,42" ten="235,255,255,235" oya="1" hai0="70,27,1,96,53,112,47,113,132,2,77,89,31" hai1="94,97,116,90,28,127,63,14,38,36,134,88,121" hai2="15,52,105,128,9,109,10,71,5,74,3,110,58" hai3="125,129,67,24,23,37,76,18,40,72,98,117,61"/><U101/><E121/><V111/><F128/><W100/><G129/><T22/><D132/><U66/><E116/><V135/><F135/><W87/><G125/><T46/><D70/><U118/><E118/><V114/><F114/><W81/><G117/><T6/><D77/><U54/><E134/><V93/><F71/><W17/><G72/><T7/><D53/><U86/><E127/><V34/><F74/><W49/><G37/><T43/><D43/><U73/><E73/><V33/><F93/><W13/><G49/><T130/><D130/><U45/><E28/><V44/><F105/><W115/><G40/><T16/><D1/><U119/><E14/><V122/><F122/><W104/><G115/><T20/><D112/><U84/><E119/><V68/><F44/><N who="0" m="16938" /><D2/><U95/><E54/><V21/><F68/><W19/><G13/><N who="0" m="9231" /><D113/><U48/><E45/><V12/><F21/><W80/><G67/><T133/><D133/><U99/><E48/><N who="2" m="30983" /><F3/><W4/><G61/><T56/><D56/><U92/><E97/><V85/><F85/><W57/><G57/><AGARI ba="1,2" hai="36,38,57,63,66,84,86,88,90,92,94,95,99,101" machi="57" ten="30,5800,0" yaku="7,1,9,1,54,1" doraHai="42" who="1" fromWho="3" sc="235,0,255,81,255,0,235,-61" /><INIT seed="1,2,0,1,4,48" ten="235,336,255,174" oya="1" hai0="44,86,91,1,72,80,104,120,32,26,134,103,95" hai1="49,76,47,126,101,13,125,23,37,50,115,90,112" hai2="55,54,100,19,43,5,29,53,3,87,39,82,99" hai3="46,129,96,135,85,51,89,42,123,21,61,64,62"/><U131/><E37/><V119/><F119/><W52/><G129/><T17/><D1/><U60/><E76/><V98/><F29/><W74/><G74/><T57/><D134/><U81/><E101/><V35/><F35/><W97/><G135/><T8/><D120/><U127/><E131/><V73/><F73/><W25/><G123/><T117/><D117/><U67/><E81/><V122/><F122/><W92/><G42/><T116/><D116/><U77/><E90/><V130/><F130/><W24/><G24/><T11/><D44/><U34/><E77/><V75/><F75/><W40/><G40/><T41/><D41/><U10/><E23/><V27/><F5/><W14/><G14/><T114/><D114/><U16/><E34/><V118/><F3/><W69/><REACH who="3" step="1"/><G61/><REACH who="3" ten="235,336,255,164" step="2"/><T121/><D72/><U106/><E112/><V0/><F0/><W71/><G71/><T38/><D26/><U111/><E115/><V36/><F118/><W63/><G63/><T15/><D121/><U56/><E111/><V68/><F68/><W79/><G79/><T108/><D108/><U124/><E125/><V12/><F27/><W22/><G22/><T70/><D32/><U58/><E124/><V31/><F43/><W83/><G83/><T66/><D70/><U107/><E126/><V132/><F132/><W30/><AGARI ba="2,1" hai="21,25,30,46,51,52,62,64,69,85,89,92,96,97" machi="30" ten="20,8000,1" yaku="1,1,0,1,7,1,52,1,54,1,53,0" doraHai="48" doraHaiUra="102" who="3" fromWho="3" sc="235,-22,336,-42,255,-22,164,96" /><INIT seed="2,0,0,1,2,61" ten="213,294,233,260" oya="2" hai0="134,65,47,23,121,37,113,131,81,93,109,84,11" hai1="63,124,106,88,56,117,111,95,4,53,71,59,112" hai2="129,40,102,122,27,60,115,70,75,62,5,87,8" hai3="97,9,103,94,130,114,78,22,69,101,0,76,73"/><V128/><F122/><W12/><G130/><N who="2" m="50281" /><F75/><W58/><G69/><T19/><D121/><U45/><E117/><V48/><F115/><W116/><G116/><T72/><D113/><U86/><E106/><V36/><F102/><W119/><G119/><T17/><D72/><U21/><E111/><V49/><F27/><W13/><G114/><T28/><D109/><U83/><E124/><V108/><F108/><W41/><G0/><T133/><D131/><U96/><E71/><V43/><F87/><W79/><G41/><N who="2" m="15945" /><F36/><W55/><G73/><T44/><D37/><U135/><E112/><V26/><F26/><W25/><G9/><T132/><D11/><U127/><E127/><V85/><F85/><W30/><REACH who="3" step="1"/><G101/><REACH who="3" ten="213,294,233,250" step="2"/><T2/><D2/><U31/><E86/><V66/><F8/><W52/><G52/><T123/><D84/><U90/><E90/><V3/><F3/><W20/><G20/><T38/><D23/><U100/><E88/><V1/><F1/><W89/><G89/><T29/><D132/><U82/><E135/><V92/><F5/><W105/><G105/><T42/><D38/><U110/><E110/><V126/><F126/><W24/><G24/><T6/><D6/><U33/><E4/><V15/><F92/><W80/><G80/><T118/><D118/><U10/><E83/><V16/><F15/><W99/><G99/><T32/><D81/><U7/><E82/><V104/><F104/><W64/><G64/><T77/><D65/><U18/><E95/><V125/><F125/><W91/><G91/><T98/><D93/><U107/><E107/><RYUUKYOKU ba="0,1" sc="213,-10,294,-10,233,-10,250,30" hai3="12,13,22,25,30,55,58,76,78,79,94,97,103" /><INIT seed="3,1,1,0,5,103" ten="203,284,223,280" oya="3" hai0="102,22,75,125,85,20,30,83,135,28,53,40,14" hai1="82,78,100,122,96,41,113,90,129,118,76,70,111" hai2="43,45,77,117,127,23,47,134,44,0,60,88,112" hai3="94,15,72,66,17,74,87,98,56,121,19,128,126"/><W8/><G121/><T42/><D75/><U4/><E70/><V10/><F112/><W93/><G126/><T13/><D125/><U33/><E33/><V2/><F117/><W35/><G35/><T3/><D3/><U61/><E113/><V97/><F127/><W9/><G128/><T21/><D102/><U51/><E122/><V1/><F134/><W114/><G114/><T6/><D135/><U124/><E4/><V130/><F130/><W38/><G38/><T18/><D53/><U71/><E71/><V50/><F77/><W104/><G104/><T62/><D62/><U36/><E51/><V106/><F10/><W120/><G120/><T119/><D119/><U80/><E61/><V37/><F23/><W95/><G98/><T27/><D30/><U108/><E41/><V133/><F133/><W25/><G87/><T101/><D101/><U12/><E12/><V67/><F106/><W11/><G25/><T64/><D64/><U7/><E7/><V92/><REACH who="2" step="1"/><F37/><REACH who="2" ten="203,284,213,280" step="2"/><W49/><G8/><N who="0" m="4247" /><D20/><U34/><E36/><V123/><F123/><W58/><G9/><T57/><D57/><AGARI ba="1,2" hai="0,1,2,43,44,45,47,50,57,60,67,88,92,97" machi="57" ten="40,5200,0" yaku="1,1,54,1,53,1" doraHai="103" doraHaiUra="55" who="2" fromWho="0" sc="203,-55,284,0,213,75,280,0" /><INIT seed="4,0,0,4,4,100" ten="148,284,288,280" oya="0" hai0="86,56,128,104,75,47,10,117,4,93,7,12,67" hai1="78,41,30,91,42,28,34,63,50,13,70,110,132" hai2="22,5,120,83,3,55,92,29,20,130,89,87,58" hai3="108,35,32,102,46,94,21,0,37,112,84,76,124"/><T66/><D75/><U114/><E110/><V115/><F120/><W69/><G108/><T90/><D117/><U109/><E78/><V18/><F130/><W53/><G69/><T23/><D128/><U33/><E13/><V39/><F39/><W74/><G0/><T85/><D104/><U31/><E109/><V27/><F115/><W16/><G74/><T49/><D4/><U65/><E114/><V59/><F3/><W82/><G112/><T111/><D111/><U14/><E132/><V1/><F1/><W103/><G124/><T133/><D133/><U68/><E91/><V57/><F5/><W119/><G119/><T134/><D134/><U24/><E14/><N who="2" m="9303" /><F83/><W38/><G38/><T62/><D23/><U26/><E31/><V127/><F127/><W48/><G37/><T45/><D67/><U125/><E125/><V8/><F8/><W15/><REACH who="3" step="1"/><G94/><REACH who="3" ten="148,284,288,270" step="2"/><T98/><REACH who="0" step="1"/><D47/><REACH who="0" ten="138,284,288,270" step="2"/><U61/><E65/><V19/><F29/><W101/><AGARI ba="0,2" hai="15,16,21,32,35,46,48,53,76,82,84,101,102,103" machi="101" ten="30,7900,0" yaku="1,1,2,1,0,1,54,1,53,0" doraHai="100" doraHaiUra="113" who="3" fromWho="3" sc="138,-39,284,-20,288,-20,270,99" /><INIT seed="5,0,0,4,0,27" ten="99,264,268,369" oya="1" hai0="129,124,1,130,113,111,101,21,33,100,46,10,36" hai1="24,81,17,85,12,11,116,38,7,43,71,34,58" hai2="117,107,39,16,132,110,92,121,41,118,109,95,23" hai3="90,8,19,50,55,80,54,125,29,15,83,9,75"/><U47/><E71/><V103/><F39/><W51/><G125/><T30/><D111/><U35/><E116/><V87/><F41/><W72/><G29/><T18/><D36/><U66/><E66/><V5/><F5/><W77/><G90/><T94/><D46/><U59/><E35/><V89/><F121/><W44/><G8/><T70/><D70/><U49/><E38/><V4/><F4/><W67/><G67/><T128/><D124/><U91/><E34/><V14/><F107/><W20/><G9/><T42/><D42/><U127/><E127/><V79/><F79/><W22/><G22/><AGARI ba="0,0" hai="7,11,12,17,22,24,43,47,49,58,59,81,85,91" machi="22" ten="40,2000,0" yaku="8,1" doraHai="27" who="1" fromWho="3" sc="99,0,264,20,268,0,369,-20" /><INIT seed="5,1,0,0,2,104" ten="99,284,268,349" oya="1" hai0="125,98,108,58,45,86,17,49,20,48,1,60,84" hai1="41,91,101,26,19,4,70,15,106,129,24,82,77" hai2="68,33,47,78,118,114,46,25,57,110,56,9,52" hai3="126,36,51,62,94,55,13,50,115,102,66,16,83"/><U63/><E4/><V14/><F118/><W100/><G36/><T35/><D35/><U73/><E41/><V75/><F68/><W23/><G115/><T127/><D1/><U21/><E129/><V81/><F110/><W128/><G128/><T103/><D108/><U27/><E91/><V87/><F57/><N who="3" m="37199" /><G126/><T29/><D125/><U99/><E70/><V117/><F117/><W95/><G83/><T42/><D49/><N who="3" m="18441" /><G55/><T109/><D109/><U71/><E71/><V85/><F114/><W28/><G28/><T22/><D127/><U12/><E63/><V131/><F131/><W5/><G5/><T116/><D116/><U38/><REACH who="1" step="1"/><E15/><REACH who="1" ten="99,274,268,349" step="2"/><V97/><F14/><W43/><G43/><T135/><D135/><U6/><E6/><V93/><F78/><W61/><G61/><T122/><D122/><U76/><E76/><V37/><F37/><AGARI ba="1,1" hai="12,19,21,24,26,27,37,38,73,77,82,99,101,106" machi="37" ten="40,3900,0" yaku="1,1,52,1,53,0" doraHai="104" doraHaiUra="120" who="1" fromWho="2" sc="99,0,274,52,268,-42,349,0" /><INIT seed="5,2,0,5,4,28" ten="99,326,226,349" oya="1" hai0="37,23,129,110,34,106,53,22,42,104,103,14,92" hai1="128,80,117,123,27,64,1,9,18,44,97,20,38" hai2="21,67,102,94,40,127,5,122,83,71,72,79,81" hai3="56,131,15,73,49,87,98,121,99,54,24,116,77"/><U105/><E117/><V63/><F127/><W100/><G121/><T86/><D110/><U32/><E123/><V69/><F122/><W36/><G36/><T65/><D129/><U43/><E128/><V50/><F5/><W0/><G0/><T82/><D65/><U68/><E80/><V6/><F6/><W17/><G131/><T62/><D37/><U58/><E68/><V134/><F134/><W31/><G73/><T60/><D42/><U125/><E125/><V33/><F69/><W16/><G116/><T29/><D92/><U7/><E32/><V91/><F33/><W135/><G135/><T76/><D104/><U26/><E26/><V93/><F21/><N who="3" m="15759" /><G100/><T12/><D103/><U66/><E105/><V48/><F40/><W89/><G77/><T2/><D2/><U85/><E85/><V96/><REACH who="2" step="1"/><F81/><REACH who="2" ten="99,326,216,349" step="2"/><N who="3" m="49391" /><G17/><N who="0" m="10535" /><D34/><U124/><E124/><V108/><F108/><W41/><G41/><T35/><D35/><U90/><E43/><V59/><F59/><W13/><G13/><T78/><D29/><U10/><E38/><V46/><F46/><W120/><G120/><T115/><D82/><U19/><E44/><V11/><F11/><AGARI ba="2,1" hai="11,15,16,49,54,56,98,99" m="49391,15759" machi="11" ten="30,2000,0" yaku="8,1,54,1" doraHai="28" who="3" fromWho="2" sc="99,0,326,0,216,-26,349,36" /><INIT seed="6,0,0,1,3,7" ten="99,326,190,385" oya="2" hai0="39,111,94,32,132,107,109,118,66,18,3,46,100" hai1="114,1,15,22,104,4,91,65,9,116,123,19,31" hai2="47,92,45,42,41,58,81,23,48,59,43,20,56" hai3="80,133,24,102,82,93,128,72,106,40,85,68,12"/><V74/><F74/><W131/><G68/><T64/><D132/><U53/><E104/><V119/><F119/><W120/><G120/><T62/><D66/><U124/><E116/><V83/><F92/><W90/><G40/><T10/><D118/><U0/><E123/><V113/><F113/><W97/><G133/><T121/><D121/><U35/><E65/><V57/><N who="2" m="14336" /><DORA hai="34" /><V129/><F129/><N who="3" m="49739" /><G72/><T55/><D55/><U6/><E53/><N who="2" m="29839" /><F47/><W77/><G77/><T110/><D94/><U33/><E91/><V98/><F98/><W70/><G70/><N who="0" m="42263" /><D18/><U49/><E49/><V63/><F63/><W101/><G101/><T28/><D46/><U69/><E114/><V11/><F11/><W88/><G90/><T52/><D52/><U67/><E67/><V84/><F83/><W17/><G24/><N who="0" m="18439" /><D39/><U38/><E69/><V50/><F50/><W51/><G51/><T79/><D79/><AGARI ba="0,0" hai="20,23,41,42,43,79,81,84" m="29839,14336" machi="79" ten="40,2000,0" yaku="8,1" doraHai="7,34" who="2" fromWho="0" sc="99,-20,326,0,190,20,385,0" /><INIT seed="6,1,0,1,1,74" ten="79,326,210,385" oya="2" hai0="124,101,73,127,10,104,59,26,4,62,128,39,120" hai1="66,131,57,109,80,96,84,98,18,105,85,78,43" hai2="110,40,77,65,97,129,32,55,24,70,108,114,117" hai3="111,75,28,88,37,116,44,17,135,56,76,7,36"/><V81/><F117/><W45/><G111/><N who="2" m="42537" /><F114/><W112/><G116/><T87/><D120/><U27/><E109/><V71/><F129/><W125/><G28/><T94/><D128/><U60/><E131/><V72/><F40/><W115/><G7/><T63/><D39/><U11/><E43/><V79/><F97/><W20/><G56/><T16/><D73/><U123/><E123/><V50/><F65/><W119/><G119/><T89/><D104/><U67/><E67/><V52/><F77/><W69/><G69/><N who="2" m="26121" /><F50/><W106/><G76/><T91/><D101/><U30/><E85/><V38/><F38/><W13/><G75/><T64/><D63/><U19/><E105/><V49/><F49/><W2/><G37/><T31/><D91/><U8/><E98/><V54/><F24/><W51/><G36/><T93/><D94/><U121/><E96/><V53/><N who="2" m="13312" /><DORA hai="103" /><V23/><F23/><W132/><G20/><T83/><D93/><U107/><E107/><V0/><F0/><W130/><G51/><T48/><D48/><U25/><E25/><V6/><F6/><W29/><G106/><T1/><REACH who="0" step="1"/><D16/><REACH who="0" ten="69,326,210,385" step="2"/><U58/><E121/><V133/><F133/><W21/><G17/><T122/><D122/><U86/><E19/><V3/><F3/><W118/><G135/><T113/><D113/><U90/><E18/><V47/><F47/><W46/><G132/><T42/><D42/><U134/><E134/><V35/><AGARI ba="1,1" hai="32,35,72,79,81" m="13312,26121,42537" machi="35" ten="50,9600,0" yaku="10,1,52,1,54,1" doraHai="74,103" who="2" fromWho="2" sc="69,-33,326,-33,210,109,385,-33" /><INIT seed="6,2,0,4,2,106" ten="36,293,319,352" oya="2" hai0="78,87,4,8,34,109,131,73,60,58,85,22,24" hai1="57,74,51,125,21,128,43,55,42,124,77,72,1" hai2="5,90,76,11,30,32,67,66,53,63,99,12,62" hai3="98,113,69,83,15,88,104,29,108,10,17,112,65"/><V61/><F32/><W47/><G108/><T122/><D109/><U95/><E1/><V92/><F30/><W123/><G123/><T105/><D105/><U80/><E128/><V103/><F76/><W119/><G119/><T41/><D131/><U39/><E39/><V35/><F35/><W40/><G29/><T94/><D122/><U115/><E115/><N who="3" m="44106" /><G65/><T26/><D34/><U81/><E95/><V54/><F103/><N who="3" m="62583" /><G69/><T133/><D133/><U96/><E96/><V49/><REACH who="2" step="1"/><F54/><REACH who="2" ten="36,293,309,352" step="2"/><W70/><G70/><T126/><D126/><N who="1" m="48747" /><E21/><V64/><F64/><W56/><G88/><T79/><D78/><AGARI ba="2,1" hai="42,43,51,55,57,72,74,77,78,80,81" m="48747" machi="78" ten="30,3900,0" yaku="18,1,52,2" doraHai="106" who="1" fromWho="0" sc="36,-45,293,55,309,0,352,0" owari="-9,-50.9,348,14.8,309,-9.1,352,45.2" /></mjloggm>