<mjloggm ver="2.3"><GO type="169" lobby="0"/><UN n0="%E5%9C%92%E5%9F%8E%E5%AF%BA%E2%98%86%E6%80%9C" n1="%E4%B9%85%E4%BF%9D%E3%82%B7%E3%82%AA%E3%83%AA" n2="%E3%81%9F%E3%81%8B%E3%81%AF%E3%81%97%E3%81%83%E3%81%83%E3%81%83" n3="%E2%98%86%E5%AD%AB%E7%87%95%E5%A7%BF%E2%98%86" dan="16,16,16,17" rate="2157.88,2029.04,2119.30,2243.86" sx="F,M,M,M"/><TAIKYOKU oya="0"/><INIT seed="0,0,0,5,4,102" ten="250,250,250,250" oya="0" hai0="131,6,63,71,19,68,2,123,107,14,5,127,31" hai1="128,112,35,22,100,79,75,24,45,117,3,49,104" hai2="41,135,125,12,33,124,10,118,29,8,52,65,18" hai3="126,26,101,51,93,74,119,91,20,98,32,113,34"/><T89/><D123/><U134/><E134/><V17/><F65/><W121/><G113/><T70/><D127/><N who="2" m="48714" /><F41/><W66/><G119/><T72/><D131/><U96/><E128/><V76/><F76/><W110/><G126/><T61/><D72/><U105/><E117/><V95/><F95/><W120/><G110/><T97/><D31/><U37/><E37/><V81/><F81/><W42/><G74/><T80/><D80/><U106/><E3/><V36/><F36/><W132/><G132/><T48/><D48/><U53/><E35/><V47/><F135/><W85/><G66/><T130/><D130/><U44/><E44/><V60/><F118/><W4/><G4/><T92/><D107/><U7/><E7/><V54/><F47/><W16/><G42/><T82/><D82/><U99/><E99/><V39/><F39/><W67/><G67/><T43/><D43/><U11/><E11/><V27/><F60/><W58/><G58/><T114/><D114/><U111/><E111/><V77/><F77/><W116/><G51/><T94/><D2/><U15/><E15/><AGARI ba="0,0" hai="8,10,12,15,17,18,27,29,33,52,54" m="48714" machi="15" ten="30,2000,0" yaku="18,1,54,1" doraHai="102" who="2" fromWho="1" sc="250,0,250,-20,250,20,250,0" /><INIT seed="1,0,0,5,0,101" ten="250,230,270,250" oya="1" hai0="96,51,23,74,30,113,48,65,32,14,117,31,43" hai1="97,110,20,106,60,56,17,73,132,123,103,11,83" hai2="95,46,99,4,114,40,134,84,105,64,72,135,61" hai3="62,5,21,59,49,86,7,75,44,15,57,102,63"/><U68/><E68/><V54/><F72/><W25/><G75/><T122/><D117/><U39/><E123/><V34/><F34/><W80/><G102/><T0/><D0/><U77/><E132/><V66/><F114/><W89/><G62/><T67/><D74/><U93/><E39/><V90/><F4/><W82/><G80/><T3/><D3/><U52/><E11/><V19/><F19/><W131/><G131/><T24/><D113/><U115/><E115/><V71/><F64/><W45/><G45/><T85/><D96/><U22/><E110/><V109/><F109/><W41/><G15/><T108/><D108/><U9/><REACH who="1" step="1"/><E93/><REACH who="1" ten="250,220,270,250" step="2"/><V112/><F112/><W16/><REACH who="3" step="1"/><G59/><REACH who="3" ten="250,220,270,240" step="2"/><T119/><D122/><U91/><E91/><V38/><F90/><W8/><G8/><T76/><D119/><U81/><E81/><V129/><F134/><W18/><G18/><T88/><D88/><U29/><E29/><V78/><F135/><W107/><G107/><T13/><D31/><U35/><E35/><V87/><F105/><W127/><G127/><T133/><D32/><U121/><E121/><V104/><F104/><W120/><G120/><T70/><D133/><U125/><E125/><V33/><F33/><W36/><G36/><T69/><D30/><U79/><E79/><V128/><F78/><W1/><G1/><T53/><D76/><U94/><E94/><V10/><F95/><W130/><G130/><T98/><D69/><U2/><E2/><V126/><F128/><W111/><G111/><T100/><D70/><U26/><E26/><V42/><F129/><RYUUKYOKU ba="0,2" sc="250,-15,220,15,270,-15,240,15" hai1="9,17,20,22,52,56,60,73,77,83,97,103,106" hai3="5,7,16,21,25,41,44,49,57,63,82,86,89" /><INIT seed="1,1,2,0,2,17" ten="235,235,255,255" oya="1" hai0="93,124,87,32,25,24,59,55,57,130,112,61,80" hai1="27,35,113,44,129,9,121,41,97,82,111,46,81" hai2="118,108,66,40,94,31,116,48,39,21,36,98,71" hai3="26,16,5,78,11,99,114,76,96,69,42,65,38"/><U2/><E121/><V53/><F108/><W64/><G114/><T33/><D112/><U125/><E113/><V102/><F40/><W7/><G38/><T110/><D110/><U52/><E111/><V86/><F39/><W56/><G69/><T123/><D130/><U107/><E129/><V117/><F36/><W79/><G42/><T34/><D124/><U74/><E46/><V23/><F31/><W134/><G134/><T13/><D93/><U63/><E82/><V132/><F132/><W89/><G89/><T127/><D127/><U0/><E0/><V88/><F66/><N who="3" m="25707" /><G56/><T58/><D58/><U92/><E107/><V75/><F75/><W29/><G29/><T68/><D68/><U100/><E41/><V101/><F71/><W30/><G30/><T18/><D57/><U73/><E73/><V22/><REACH who="2" step="1"/><F98/><REACH who="2" ten="235,235,245,255" step="2"/><N who="3" m="37419" /><G11/><T85/><D123/><U49/><E74/><V12/><F12/><W43/><G43/><T120/><D120/><U67/><E67/><V37/><F37/><W131/><G131/><T126/><D126/><U83/><E125/><V1/><F1/><W47/><G47/><AGARI ba="1,3" hai="21,22,23,47,48,53,86,88,94,101,102,116,117,118" machi="47" ten="50,8000,1" yaku="1,1,52,3,54,1,53,0" doraHai="17" doraHaiUra="122" who="2" fromWho="3" sc="235,0,235,0,245,113,255,-83" /><INIT seed="2,0,0,2,1,25" ten="235,235,358,172" oya="2" hai0="1,52,83,133,55,113,59,110,84,64,10,51,42" hai1="20,91,120,37,26,24,118,132,57,92,86,79,12" hai2="77,134,75,16,68,76,107,82,54,101,96,122,128" hai3="90,106,33,121,65,31,95,127,4,36,14,73,125"/><V32/><F122/><W15/><G121/><T62/><D110/><U61/><E132/><V19/><F134/><W94/><G106/><T28/><D133/><U93/><E37/><V30/><F128/><W39/><G73/><T56/><D113/><U41/><E120/><V74/><F68/><W8/><G65/><T109/><D109/><U3/><E3/><V67/><F67/><W45/><G15/><T85/><D42/><U53/><E118/><V103/><F103/><W112/><G112/><T47/><D83/><U7/><E41/><V50/><F76/><W102/><G102/><T108/><D108/><U104/><E104/><V63/><F63/><W23/><G33/><T69/><D28/><U99/><E79/><V89/><F74/><W114/><G95/><T35/><D35/><U58/><E58/><V2/><F2/><W124/><G45/><T34/><D34/><U48/><E61/><V100/><F100/><W60/><G60/><T66/><D66/><U17/><REACH who="1" step="1"/><E7/><REACH who="1" ten="235,225,358,172" step="2"/><V13/><F77/><W11/><G114/><T5/><D47/><U0/><E0/><V78/><F78/><W87/><REACH who="3" step="1"/><G11/><REACH who="3" ten="235,225,358,162" step="2"/><T46/><D46/><U115/><E115/><V119/><F75/><W21/><G21/><T88/><D64/><U135/><E135/><V131/><F32/><W43/><G43/><T129/><D69/><U40/><E40/><V126/><F107/><W116/><G116/><T22/><D22/><U81/><E81/><V29/><F82/><W70/><G70/><T6/><D10/><U72/><E72/><V80/><F119/><W97/><G97/><RYUUKYOKU ba="0,2" sc="235,-15,225,15,358,-15,162,15" hai1="12,17,20,24,26,48,53,57,86,91,92,93,99" hai3="4,8,14,23,31,36,39,87,90,94,124,125,127" /><INIT seed="3,1,2,2,0,121" ten="220,240,343,177" oya="3" hai0="16,48,85,34,26,70,20,83,51,120,38,105,19" hai1="133,55,32,58,80,23,31,95,64,24,49,84,118" hai2="57,4,53,106,131,119,45,60,29,90,91,130,35" hai3="30,28,36,17,41,74,126,22,97,27,94,71,39"/><W129/><G129/><N who="2" m="49161" /><F106/><W134/><G126/><T18/><D38/><U2/><E2/><V0/><F119/><W11/><G134/><T104/><D34/><U79/><E133/><V77/><F77/><W47/><G74/><T5/><D70/><U10/><E118/><V123/><F123/><W82/><G71/><T127/><D127/><U21/><E64/><V52/><F29/><W115/><G115/><T117/><D117/><U40/><E40/><V76/><F76/><W15/><G82/><T107/><D5/><U92/><E10/><N who="2" m="2311" /><F35/><W87/><G87/><T46/><D120/><U63/><E63/><V88/><F45/><W8/><G39/><T9/><D9/><U110/><E110/><V50/><F50/><W81/><G81/><T33/><D33/><U62/><E62/><V13/><F13/><W78/><G78/><T68/><D68/><U37/><E37/><V98/><F98/><W112/><G112/><T113/><D113/><U132/><E132/><V122/><F122/><W61/><G61/><T125/><D125/><U89/><E95/><V1/><F1/><W7/><REACH who="3" step="1"/><G11/><REACH who="3" ten="220,240,343,167" step="2"/><T75/><D75/><AGARI ba="1,3" hai="21,23,24,31,32,49,55,58,75,79,80,84,89,92" machi="75" ten="30,1000,0" yaku="7,1" doraHai="121" who="1" fromWho="0" sc="220,-13,240,43,343,0,167,0" /><INIT seed="4,0,0,3,1,6" ten="207,283,343,167" oya="0" hai0="72,87,7,133,83,123,3,101,8,10,127,20,64" hai1="134,14,35,94,102,31,69,100,43,118,76,27,79" hai2="104,54,38,88,48,59,32,91,49,130,92,82,70" hai3="81,24,36,41,16,66,129,26,51,99,131,52,78"/><T126/><D123/><U111/><E118/><V98/><F38/><W109/><G109/><T39/><D72/><U80/><E111/><V128/><F32/><W33/><G66/><T122/><D122/><U84/><E69/><V113/><F113/><W96/><G41/><T0/><D39/><U56/><E134/><V44/><F70/><W25/><G33/><T77/><D133/><U29/><E29/><V62/><F104/><W53/><G36/><T17/><D64/><U117/><E117/><V97/><F48/><W75/><G53/><T132/><D101/><U42/><E76/><V11/><F11/><W4/><G4/><T61/><D61/><U45/><E94/><V68/><F68/><W119/><G119/><T47/><D132/><U18/><E56/><V34/><F34/><W13/><G99/><T65/><D65/><U19/><E19/><V115/><F115/><W28/><G96/><T114/><D114/><U46/><E46/><V22/><F22/><W30/><G30/><T60/><D60/><U108/><E42/><V86/><REACH who="2" step="1"/><F97/><REACH who="2" ten="207,283,333,167" step="2"/><W2/><G2/><T50/><D3/><U135/><E135/><V124/><F124/><N who="0" m="47658" /><D0/><U89/><E108/><V23/><F23/><W103/><G28/><T105/><D105/><U1/><E1/><V112/><F112/><W57/><REACH who="3" step="1"/><G103/><REACH who="3" ten="207,283,333,157" step="2"/><T21/><D7/><U125/><E125/><V71/><F71/><W15/><G15/><N who="0" m="9279" /><D21/><AGARI ba="0,2" hai="13,16,21,24,25,26,51,52,57,75,78,81,129,131" machi="21" ten="40,8000,1" yaku="1,1,54,2,53,1" doraHai="6" doraHaiUra="9" who="3" fromWho="0" sc="207,-80,283,0,333,0,157,100" /><INIT seed="5,0,0,0,5,45" ten="127,283,333,257" oya="1" hai0="106,104,105,7,82,17,122,10,95,40,4,80,128" hai1="125,26,8,71,126,19,129,43,31,119,123,110,75" hai2="130,76,103,109,38,32,93,3,34,92,62,30,83" hai3="73,79,112,107,49,121,74,65,15,96,58,24,36"/><U48/><E75/><V86/><F109/><W14/><G36/><T78/><D128/><U132/><E71/><V117/><F117/><W97/><G121/><T99/><D122/><U5/><E43/><V84/><F38/><W29/><G112/><T25/><D40/><U13/><E48/><V37/><F37/><W68/><G97/><T0/><D4/><U70/><E70/><V134/><F3/><W120/><G120/><T101/><D25/><U60/><E60/><V51/><F134/><W55/><G74/><T94/><D17/><U63/><E63/><V61/><F30/><W20/><G65/><T67/><D67/><U6/><E119/><V72/><F72/><W66/><G66/><T28/><D28/><U59/><E59/><V1/><F1/><W69/><G15/><T91/><D10/><N who="1" m="6583" /><E110/><V89/><F32/><W42/><G42/><T88/><D7/><N who="1" m="2571" /><E8/><V23/><F61/><W39/><G39/><T124/><D124/><N who="1" m="47723" /><E132/><V52/><F62/><W11/><G73/><N who="0" m="43087" /><D0/><U44/><E44/><V27/><F51/><W18/><G79/><T54/><D54/><U41/><E41/><V108/><F76/><W46/><G46/><T64/><D64/><U115/><E129/><V133/><F130/><W16/><REACH who="3" step="1"/><G29/><REACH who="3" ten="127,283,333,247" step="2"/><T56/><D56/><U35/><E123/><V116/><F108/><W127/><G127/><T2/><D2/><U131/><E131/><V135/><F135/><W98/><G98/><N who="0" m="57671" /><D82/><U21/><E115/><V87/><F83/><W33/><G33/><AGARI ba="0,1" hai="21,26,31,33,35" m="47723,2571,6583" machi="33" ten="30,5800,0" yaku="18,1,34,2" doraHai="45" who="1" fromWho="3" sc="127,0,283,68,333,0,247,-58" /><INIT seed="5,1,0,2,0,130" ten="127,351,333,189" oya="1" hai0="84,28,15,39,95,99,78,31,61,21,75,1,13" hai1="85,45,103,63,76,56,121,86,34,115,46,114,92" hai2="36,35,19,33,18,2,64,65,26,90,133,110,100" hai3="112,113,14,54,66,72,7,73,126,69,5,9,17"/><U43/><E121/><V108/><F36/><W91/><G126/><T127/><D1/><U88/><E34/><V20/><F100/><W50/><G91/><T71/><D75/><N who="3" m="28745" /><G66/><T41/><D127/><U68/><E68/><V47/><F90/><W59/><G69/><T97/><D39/><U82/><E103/><V87/><F87/><W22/><G9/><T29/><D41/><U0/><E0/><V81/><F81/><W132/><G132/><T32/><D32/><U51/><REACH who="1" step="1"/><E46/><REACH who="1" ten="127,341,333,189" step="2"/><V8/><F47/><W3/><G3/><T12/><D71/><U89/><E89/><V96/><F2/><W119/><G119/><T11/><D78/><U80/><E80/><V105/><F35/><W83/><G83/><T106/><D106/><U94/><E94/><V111/><F105/><W10/><G113/><T123/><D123/><U42/><E42/><V117/><F33/><W134/><G112/><T125/><D125/><U44/><E44/><V79/><F117/><W55/><G59/><T107/><D107/><U74/><E74/><V122/><F122/><W57/><G57/><T60/><D95/><U104/><E104/><V16/><F110/><W48/><G134/><T93/><D93/><U109/><E109/><V27/><F133/><W116/><G116/><T128/><D128/><U118/><E118/><V135/><F135/><W101/><G101/><T40/><D40/><U49/><E49/><V37/><F108/><W53/><G50/><T102/><D102/><U6/><E6/><N who="3" m="2058" /><G48/><T129/><D129/><U124/><E124/><V62/><F111/><W4/><G4/><RYUUKYOKU ba="1,1" sc="127,-15,341,15,333,-15,189,15" hai1="43,45,51,56,63,76,82,85,86,88,92,114,115" hai3="10,14,17,22,53,54,55" /><INIT seed="5,2,1,3,4,48" ten="112,356,318,204" oya="1" hai0="68,106,114,40,39,36,82,113,22,98,45,131,84" hai1="47,37,33,9,80,90,81,134,67,130,32,73,120" hai2="3,56,14,19,100,12,2,87,105,75,91,78,132" hai3="115,53,83,85,77,127,108,8,50,76,63,0,16"/><U119/><E120/><V25/><F132/><W11/><G108/><T21/><D68/><U41/><E119/><V23/><F78/><W59/><G115/><T88/><D39/><U107/><E107/><V102/><F75/><W121/><G127/><T69/><D69/><U109/><E130/><V99/><F102/><W34/><G34/><T112/><REACH who="0" step="1"/><D131/><REACH who="0" ten="102,356,318,204" step="2"/><U27/><E37/><V117/><F117/><W58/><G121/><T93/><D93/><U95/><E95/><V20/><F105/><W135/><G135/><T28/><D28/><U51/><E134/><V57/><F2/><W29/><G0/><T43/><D43/><U104/><E41/><V70/><F3/><W64/><G29/><T103/><AGARI ba="2,2" hai="21,22,36,40,45,82,84,88,98,103,106,112,113,114" machi="103" ten="40,8000,1" yaku="1,1,0,1,15,1,54,1,53,0" doraHai="48" doraHaiUra="44" who="0" fromWho="0" sc="102,106,356,-42,318,-22,204,-22" /><INIT seed="6,0,0,4,1,24" ten="208,314,296,182" oya="2" hai0="80,120,56,127,126,106,84,30,86,4,20,50,9" hai1="51,27,58,75,95,105,93,16,103,55,34,99,38" hai2="90,87,64,122,21,10,40,131,132,45,85,60,14" hai3="113,8,128,119,25,6,88,5,49,0,62,23,11"/><V78/><F122/><W114/><G119/><T123/><D106/><U118/><E118/><V31/><F131/><W67/><G49/><T52/><D120/><U110/><E110/><V59/><F132/><W104/><G104/><T116/><D116/><U3/><E3/><V97/><F78/><W69/><G128/><T101/><D101/><U76/><E38/><V17/><F97/><W39/><G39/><T37/><D37/><U107/><E75/><V32/><F32/><W115/><G88/><T125/><D123/><U42/><E42/><V111/><F111/><W71/><G71/><T57/><D57/><U53/><E76/><V48/><F90/><W70/><G70/><T63/><D63/><U12/><E93/><V13/><REACH who="2" step="1"/><F31/><REACH who="2" ten="208,314,286,182" step="2"/><N who="3" m="17855" /><G0/><N who="0" m="135" /><D80/><U33/><E33/><V98/><F98/><W129/><G129/><T117/><D117/><U44/><E107/><V28/><F28/><W1/><G1/><T66/><D86/><U91/><E105/><V46/><F46/><W43/><G43/><T109/><D84/><U96/><E96/><V73/><F73/><W83/><G83/><T124/><D125/><U94/><E99/><V92/><F92/><W22/><G22/><T41/><D109/><U81/><E81/><V82/><F82/><W121/><G121/><T29/><D41/><U112/><E95/><V102/><F102/><W18/><G11/><T15/><D30/><N who="1" m="19807" /><E103/><V79/><F79/><W35/><G35/><T7/><D29/><U74/><E74/><V19/><AGARI ba="0,1" hai="10,13,14,17,19,21,40,45,48,59,60,64,85,87" machi="19" ten="20,7800,0" yaku="1,1,0,1,7,1,8,1,53,0" doraHai="24" doraHaiUra="26" who="2" fromWho="2" sc="208,-26,314,-26,286,88,182,-26" /><INIT seed="6,1,0,4,1,8" ten="182,288,374,156" oya="2" hai0="79,65,133,88,131,1,34,52,69,75,134,21,43" hai1="118,77,115,38,29,36,39,114,53,64,23,44,61" hai2="112,22,11,111,116,95,67,49,57,93,108,41,30" hai3="3,99,51,125,105,71,87,113,37,58,78,98,73"/><V74/><F116/><W122/><G122/><T90/><D34/><U5/><E77/><V76/><F112/><N who="1" m="43049" /><E5/><V104/><F104/><W96/><G113/><T63/><D1/><U86/><E86/><V103/><F41/><W19/><G71/><T48/><D43/><U127/><E23/><V14/><F49/><W123/><G37/><T97/><D131/><U106/><E29/><V2/><F57/><W126/><G123/><T24/><D79/><U42/><E106/><V70/><F67/><W55/><G3/><T129/><D75/><U9/><E9/><V120/><F70/><W28/><G73/><T46/><D129/><U72/><E72/><V81/><F120/><W31/><G105/><T10/><D10/><U56/><E127/><V121/><F121/><W92/><G19/><T25/><D25/><U32/><E32/><V13/><F2/><W117/><G117/><T40/><D40/><U16/><E16/><N who="2" m="10511" /><F103/><W27/><G78/><T20/><D20/><U26/><E26/><V7/><F30/><W47/><G47/><T107/><D107/><U60/><E118/><V12/><F12/><W15/><G15/><T128/><D128/><U110/><E110/><AGARI ba="1,0" hai="7,11,14,74,76,81,93,95,108,110,111" m="10511" machi="110" ten="30,11600,0" yaku="10,1,52,2,54,1" doraHai="8" who="2" fromWho="1" sc="182,0,288,-119,374,119,156,0" /><INIT seed="6,2,0,2,4,45" ten="182,169,493,156" oya="2" hai0="82,36,62,135,132,25,30,101,0,8,41,89,42" hai1="111,24,72,22,121,85,29,57,71,5,126,17,129" hai2="55,117,51,35,114,68,113,106,12,10,60,104,70" hai3="81,64,40,69,9,86,32,118,93,11,133,23,43"/><V130/><F117/><W6/><G118/><T115/><D115/><N who="2" m="44042" /><F35/><W67/><G32/><T3/><D101/><U84/><E71/><N who="2" m="27179" /><F60/><W105/><G105/><T4/><D0/><U107/><E107/><V14/><F14/><W125/><G133/><N who="0" m="51275" /><D36/><U94/><E72/><V53/><F53/><W100/><G125/><T122/><D122/><U58/><E121/><V7/><F130/><W128/><G128/><T54/><D62/><U26/><E126/><V47/><AGARI ba="2,0" hai="7,10,12,47,51,55,104,106" m="27179,44042" machi="47" ten="30,3000,0" yaku="15,1,52,1" doraHai="45" who="2" fromWho="2" sc="182,-12,169,-12,493,36,156,-12" /><INIT seed="6,3,0,2,3,118" ten="170,157,529,144" oya="2" hai0="39,76,90,67,31,128,119,24,130,115,40,38,19" hai1="114,110,34,79,10,113,75,126,18,59,60,52,81" hai2="8,74,88,82,41,42,111,2,78,121,123,28,21" hai3="70,92,98,132,58,29,109,3,77,83,4,103,84"/><V37/><F111/><W65/><G132/><T51/><D119/><U43/><E126/><V16/><F28/><W1/><G109/><T71/><D19/><U0/><E110/><V32/><F32/><W7/><G70/><T116/><D116/><U80/><E34/><V57/><F57/><W62/><REACH who="3" step="1"/><G29/><REACH who="3" ten="170,157,529,134" step="2"/><T25/><D31/><U94/><E114/><V55/><F37/><W68/><G68/><T23/><D115/><U48/><E113/><V63/><F42/><W47/><G47/><T122/><D71/><U106/><E43/><V135/><F41/><W11/><G11/><T49/><D40/><U50/><E10/><V125/><F8/><W124/><G124/><T101/><D38/><U102/><E59/><V107/><F125/><W69/><G69/><T134/><D39/><U133/><E133/><V104/><F135/><W120/><G120/><T108/><D122/><U54/><E0/><AGARI ba="3,1" hai="0,1,3,4,7,58,62,65,77,83,84,92,98,103" machi="0" ten="40,2600,0" yaku="1,1,53,1" doraHai="118" doraHaiUra="72" who="3" fromWho="1" sc="170,0,157,-35,529,0,134,45" /><INIT seed="7,0,0,4,1,115" ten="170,122,529,179" oya="3" hai0="56,36,11,104,109,64,21,71,105,55,111,74,49" hai1="121,22,60,135,26,91,73,82,65,15,72,119,63" hai2="31,16,125,62,39,52,87,126,78,114,5,14,53" hai3="23,27,18,28,46,44,131,101,68,116,51,127,2"/><W89/><G116/><T106/><D74/><U100/><E121/><V66/><F39/><W98/><G68/><T83/><D83/><U54/><E135/><V9/><F114/><W112/><G112/><T103/><D103/><U122/><E122/><V110/><F110/><W6/><G131/><T37/><D21/><U94/><E119/><V3/><F31/><W20/><G127/><N who="2" m="48649" /><F87/><W118/><G118/><T1/><D11/><U69/><E15/><V85/><F85/><W59/><G89/><T41/><D1/><U120/><E120/><V24/><F24/><W61/><G6/><T58/><D58/><U90/><E100/><V47/><F47/><W76/><G76/><T81/><D81/><U19/><E90/><V84/><F84/><W75/><G75/><T133/><D133/><U43/><E82/><V92/><F92/><N who="3" m="58567" /><G51/><T107/><D107/><U93/><E93/><V132/><F78/><W108/><G108/><T97/><D97/><U129/><E129/><V124/><F132/><W96/><G96/><T0/><D0/><U4/><E4/><V45/><F45/><W130/><G2/><T123/><D123/><U35/><E35/><V34/><F34/><W48/><G48/><T86/><D86/><N who="1" m="52599" /><E43/><V29/><F124/><W99/><G99/><T77/><D77/><U10/><E10/><N who="2" m="6231" /><F29/><W8/><G130/><T67/><D36/><U42/><E42/><V117/><F117/><W40/><G40/><T113/><D113/><U13/><E13/><V32/><F32/><N who="3" m="20511" /><G8/><T95/><D71/><AGARI ba="0,0" hai="3,5,9,52,53,62,66,71" m="6231,48649" machi="71" ten="30,3900,0" yaku="18,1,54,2" doraHai="115" who="2" fromWho="0" sc="170,-39,122,0,529,39,179,0" owari="131,-26.9,122,-37.8,568,66.8,179,-2.1" /></mjloggm>