<mjloggm ver="2.3"><GO type="169" lobby="0"/><UN n0="%E3%81%8A%E3%81%98%E3%81%95%E3%82%93" n1="%4E%4F%2E%E2%85%A0" n2="%E9%BB%92%E9%9B%BB%E8%A9%B1" n3="%E6%B5%81%E3%82%8C%E3%81%AF%E3%81%82%E3%82%8A%E3%81%BE%E3%81%99%EF%BC%81" dan="19,17,16,17" rate="2279.29,2192.01,2140.45,2150.95" sx="M,M,M,M"/><TAIKYOKU oya="0"/><INIT seed="0,0,0,1,0,109" ten="250,250,250,250" oya="0" hai0="81,88,94,127,54,16,67,31,120,66,133,41,92" hai1="26,72,68,59,48,85,113,90,47,74,43,32,117" hai2="132,83,53,128,40,131,8,6,28,10,65,100,105" hai3="107,89,129,78,96,46,4,15,29,1,122,93,3"/><T77/><D120/><U60/><E117/><V17/><F132/><W118/><G118/><T27/><D133/><U135/><E135/><V25/><F40/><W123/><G129/><T58/><D41/><U13/><E68/><V99/><F53/><W63/><G107/><T114/><D114/><U52/><E113/><V134/><F134/><W80/><G29/><T76/><D127/><U73/><E13/><V121/><F121/><N who="3" m="46091" /><G46/><T2/><D2/><U111/><E111/><V57/><F17/><W119/><G63/><N who="0" m="36311" /><D94/><U18/><E18/><V95/><F83/><W19/><G4/><T36/><D36/><U98/><E98/><V30/><F30/><W97/><G97/><N who="0" m="57479" /><D31/><U42/><E26/><V79/><F79/><N who="0" m="30282" /><D81/><U23/><E32/><V21/><F105/><W34/><G34/><T115/><D115/><U125/><E125/><V104/><F104/><W11/><G119/><T55/><D55/><U91/><E43/><V75/><F75/><AGARI ba="0,0" hai="1,3,11,15,19,75,78,80,89,93,96" m="46091" machi="75" ten="30,1000,0" yaku="13,1" doraHai="109" who="3" fromWho="2" sc="250,0,250,0,250,-10,250,10" /><INIT seed="1,0,0,0,3,11" ten="250,250,240,260" oya="1" hai0="4,89,91,52,40,126,22,46,72,125,38,134,26" hai1="117,114,79,49,2,81,63,5,70,9,43,100,77" hai2="24,21,69,47,57,111,98,33,75,37,113,116,127" hai3="8,131,67,6,12,87,129,92,108,29,83,109,90"/><U130/><E117/><V122/><RYUUKYOKU type="yao9" ba="0,0" sc="250,0,250,0,240,0,260,0" hai2="21,24,33,37,47,57,69,75,98,111,113,116,122,127" /><INIT seed="1,1,0,2,4,81" ten="250,250,240,260" oya="1" hai0="62,101,114,16,70,113,9,5,29,86,66,77,91" hai1="33,55,61,49,26,58,106,52,64,109,121,75,102" hai2="31,0,13,6,78,1,126,88,36,96,74,20,22" hai3="41,76,93,38,43,131,40,11,68,14,45,57,127"/><U108/><E75/><V10/><F36/><W30/><G68/><T79/><D29/><N who="1" m="19639" /><E121/><V21/><F126/><W17/><G131/><T18/><D101/><U69/><E55/><V99/><F99/><AGARI ba="1,0" hai="49,52,58,61,64,69,99,102,106,108,109" m="19639" machi="99" ten="30,2900,0" yaku="25,1,54,1" doraHai="81" who="1" fromWho="2" sc="250,0,250,32,240,-32,260,0" /><INIT seed="1,2,0,2,5,64" ten="250,282,208,260" oya="1" hai0="70,35,50,128,30,108,27,14,5,68,15,47,45" hai1="11,111,8,36,90,120,124,55,113,129,65,59,114" hai2="44,78,3,54,58,26,41,57,79,106,86,125,22" hai3="126,34,71,89,31,107,0,104,96,18,80,127,122"/><U23/><E120/><V100/><F3/><W10/><G122/><T118/><D118/><U94/><E124/><V121/><F121/><W52/><G31/><T101/><D108/><U92/><E129/><V4/><F4/><W76/><G34/><T112/><D112/><U39/><E65/><V109/><F109/><W60/><G89/><T43/><D128/><U72/><E72/><V75/><F75/><W84/><G96/><T110/><D110/><U28/><E111/><V77/><F125/><N who="3" m="47627" /><G18/><T24/><D101/><U134/><E134/><V102/><F86/><W97/><G97/><T19/><D27/><U95/><E90/><V62/><F58/><N who="3" m="34887" /><G71/><T133/><D133/><U87/><E87/><V123/><F106/><W93/><G93/><T74/><D74/><U1/><E114/><V12/><F12/><W13/><G13/><T63/><D63/><U99/><E99/><V48/><REACH who="2" step="1"/><F123/><REACH who="2" ten="250,282,198,260" step="2"/><W32/><G32/><T53/><D5/><AGARI ba="2,1" hai="0,5,10,76,80,84,104,107" m="34887,47627" machi="5" ten="30,2000,0" yaku="18,1,54,1" doraHai="64" who="3" fromWho="0" sc="250,-26,282,0,198,0,260,36" /><INIT seed="2,0,0,2,5,115" ten="224,282,198,296" oya="2" hai0="90,26,120,132,92,20,95,47,93,31,110,56,129" hai1="11,59,14,121,46,106,22,3,38,113,50,9,52" hai2="89,131,54,73,45,10,6,111,99,53,64,118,72" hai3="5,1,127,133,119,43,66,19,134,44,117,84,101"/><V69/><F131/><W109/><G109/><T13/><D120/><U76/><E113/><V102/><F111/><W32/><G32/><T114/><D110/><U83/><E106/><V61/><F118/><W96/><G66/><T30/><D114/><U41/><E121/><V39/><F89/><W29/><G29/><T28/><D129/><U21/><E3/><V37/><F54/><W12/><G84/><T77/><D132/><N who="3" m="50793" /><G5/><T122/><D122/><U51/><E38/><V27/><F27/><W88/><G1/><T35/><D77/><U65/><E65/><V80/><F53/><W68/><G68/><T57/><D47/><U85/><REACH who="1" step="1"/><E11/><REACH who="1" ten="224,272,198,296" step="2"/><V87/><F39/><N who="3" m="21631" /><G127/><T17/><D35/><U15/><E15/><V16/><F37/><W8/><G101/><T105/><D105/><U98/><E98/><V48/><F99/><W125/><G125/><T94/><REACH who="0" step="1"/><D13/><REACH who="0" ten="214,272,198,296" step="2"/><U100/><E100/><V81/><F102/><W75/><G75/><T7/><D7/><AGARI ba="0,2" hai="7,9,14,21,22,41,46,50,51,52,59,76,83,85" machi="7" ten="30,12000,2" yaku="1,1,7,1,25,2,8,1,54,1,53,0" doraHai="115" doraHaiUra="24" who="1" fromWho="0" sc="214,-120,272,140,198,0,296,0" /><INIT seed="3,0,0,5,3,87" ten="94,412,198,296" oya="3" hai0="79,55,32,120,54,111,1,41,128,81,94,71,39" hai1="31,89,23,88,124,121,24,57,99,28,78,33,53" hai2="43,127,14,73,25,135,22,113,37,107,103,60,72" hai3="129,133,20,76,119,84,69,95,98,17,112,58,109"/><W134/><G69/><T102/><D120/><U62/><E121/><V9/><F113/><W92/><G112/><T68/><D1/><U83/><E124/><V8/><F127/><W63/><G119/><T2/><D2/><U61/><E33/><V16/><F135/><W104/><G104/><T6/><D6/><U74/><E31/><V7/><F37/><W100/><G129/><T45/><D128/><U49/><REACH who="1" step="1"/><E99/><REACH who="1" ten="94,402,198,296" step="2"/><V126/><F126/><W11/><G134/><T3/><D32/><U90/><AGARI ba="0,1" hai="23,24,28,49,53,57,61,62,74,78,83,88,89,90" machi="90" ten="30,12000,2" yaku="1,1,2,1,0,1,52,3,54,1,53,0" doraHai="87" doraHaiUra="116" who="1" fromWho="1" sc="94,-30,402,130,198,-30,296,-60" /><INIT seed="4,0,0,0,1,133" ten="64,532,168,236" oya="0" hai0="101,105,68,118,86,119,18,4,96,61,113,26,38" hai1="93,57,95,0,21,112,2,48,103,128,76,35,10" hai2="41,132,126,109,27,127,79,7,24,64,49,12,42" hai3="73,45,129,44,89,130,58,47,32,62,46,104,51"/><T30/><D113/><U134/><E35/><V28/><F109/><W16/><G32/><T85/><D38/><U122/><E122/><V23/><F132/><W78/><G104/><T80/><D4/><U31/><E76/><V111/><F111/><W39/><G39/><T33/><D18/><U15/><E57/><V34/><F64/><W69/><G89/><T22/><D22/><U14/><E48/><V13/><F79/><W11/><G78/><T20/><D20/><U131/><E103/><V135/><F135/><W52/><G73/><T81/><D86/><U92/><E134/><V8/><F13/><N who="3" m="7231" /><G69/><T107/><D107/><U71/><E71/><V29/><REACH who="2" step="1"/><F49/><REACH who="2" ten="64,532,158,236" step="2"/><N who="3" m="28711" /><G130/><T25/><D25/><U65/><E65/><V66/><F66/><N who="3" m="39255" /><G129/><T60/><D68/><U36/><E36/><V94/><F94/><W83/><G83/><T56/><D81/><U82/><E93/><V100/><F100/><W6/><G6/><T1/><D1/><U53/><E95/><V75/><F75/><W40/><AGARI ba="0,1" hai="40,45,46,47,51" m="39255,28711,7231" machi="40" ten="30,4000,0" yaku="8,1,54,2" doraHai="133" who="3" fromWho="3" sc="64,-20,532,-10,158,-10,236,50" /><INIT seed="5,0,0,4,5,64" ten="44,522,148,286" oya="1" hai0="79,86,101,99,40,90,33,29,104,60,11,43,39" hai1="61,1,96,67,50,78,6,106,112,0,25,127,80" hai2="37,36,94,83,41,115,15,95,100,46,77,47,110" hai3="24,113,4,76,21,38,51,49,114,130,133,98,52"/><U111/><E112/><N who="3" m="43114" /><G38/><T2/><D79/><U81/><E127/><V10/><F110/><W7/><G133/><T58/><D11/><U102/><E111/><V103/><F115/><W23/><G130/><T74/><D74/><U66/><E66/><V27/><F27/><W59/><G76/><T75/><D2/><U85/><E50/><V129/><F129/><W125/><G125/><T31/><D75/><U53/><E53/><V35/><F35/><W8/><G98/><T16/><D16/><U107/><E107/><V121/><F121/><W93/><G93/><T119/><D119/><U62/><E62/><V22/><F22/><N who="3" m="8203" /><G24/><T12/><D12/><U134/><E134/><V42/><F100/><W116/><G116/><T48/><D39/><U108/><E108/><V18/><REACH who="2" step="1"/><F103/><REACH who="2" ten="44,522,138,286" step="2"/><W118/><G118/><T122/><D122/><U54/><E102/><V73/><AGARI ba="0,1" hai="10,15,18,36,37,41,42,46,47,73,77,83,94,95" machi="73" ten="20,8000,1" yaku="1,1,2,1,0,1,7,1,9,1,53,0" doraHai="64" doraHaiUra="3" who="2" fromWho="2" sc="44,-20,522,-40,138,90,286,-20" /><INIT seed="6,0,0,2,3,19" ten="24,482,228,266" oya="2" hai0="54,5,59,84,99,117,52,71,17,43,124,81,100" hai1="116,125,92,6,77,97,119,133,42,9,70,27,69" hai2="58,110,129,44,113,123,4,82,78,135,105,56,134" hai3="14,28,64,67,83,128,91,90,112,121,48,87,12"/><V31/><F123/><W22/><G121/><T111/><D111/><U65/><E133/><N who="2" m="50699" /><F105/><W37/><G37/><T101/><D124/><U98/><E125/><V16/><F110/><W33/><G128/><T10/><D117/><U76/><E42/><V122/><F122/><W40/><G112/><T49/><D71/><U114/><E114/><V13/><F113/><W93/><G33/><T18/><D54/><U15/><E27/><V3/><F129/><W0/><G0/><T107/><D43/><U7/><E15/><N who="3" m="5674" /><G22/><T57/><D57/><U34/><E92/><V102/><F102/><W50/><G28/><T35/><D35/><U32/><REACH who="1" step="1"/><E65/><REACH who="1" ten="24,472,228,266" step="2"/><N who="3" m="25162" /><G40/><T96/><D10/><AGARI ba="0,1" hai="6,7,9,10,32,34,69,70,76,77,97,98,116,119" machi="10" ten="25,3200,0" yaku="1,1,22,2,53,0" doraHai="19" doraHaiUra="106" who="1" fromWho="0" sc="24,-32,472,42,228,0,266,0" owari="-8,-50.8,514,61.4,228,-17.2,266,6.6" /></mjloggm>