<mjloggm ver="2.3"><GO type="169" lobby="0"/><UN n0="%54%6F%72%75" n1="%E3%81%8B%E3%82%8F%E3%81%97%E3%81%83" n2="%E7%99%BD%E3%81%AE%E7%A9%BA" n3="%E8%82%89%E5%9B%A3%E5%AD%90%E5%85%88%E7%94%9F" dan="18,16,17,16" rate="2309.57,2109.16,2146.89,2088.67" sx="M,M,M,M"/><TAIKYOKU oya="0"/><INIT seed="0,0,0,3,2,114" ten="250,250,250,250" oya="0" hai0="90,115,54,12,134,107,102,71,5,20,34,14,104" hai1="131,58,96,8,27,125,76,88,106,26,133,46,127" hai2="105,89,122,51,6,79,85,17,123,24,126,84,48" hai3="130,73,0,41,35,86,63,109,112,70,43,40,22"/><T38/><D115/><U69/><E69/><V91/><F6/><W23/><G109/><T117/><D34/><U80/><E131/><V72/><F24/><W57/><G35/><T121/><D121/><U55/><E133/><V132/><F17/><W30/><G73/><T118/><D38/><U18/><E106/><V81/><F132/><W29/><G70/><T49/><D71/><U2/><E46/><V53/><F105/><W98/><G130/><T21/><D90/><U116/><E116/><V95/><F126/><N who="1" m="48137" /><E2/><V62/><F62/><W37/><G37/><T124/><D124/><U32/><E32/><V65/><F65/><W103/><G0/><T67/><D67/><U110/><E110/><V66/><F66/><W11/><G86/><T19/><D134/><U45/><E45/><V15/><F15/><W9/><G29/><T59/><D107/><U82/><E82/><V128/><F128/><W16/><G30/><T68/><D68/><U120/><E120/><V25/><F25/><W99/><G112/><T13/><D13/><N who="1" m="7463" /><E76/><V39/><F39/><W47/><G47/><T3/><D3/><U129/><E129/><V28/><F28/><W113/><G113/><T108/><D108/><U61/><E80/><V83/><F51/><W7/><G7/><T78/><D78/><U42/><E42/><V100/><F100/><W50/><G103/><T97/><REACH who="0" step="1"/><D21/><REACH who="0" ten="240,250,250,250" step="2"/><U101/><E101/><V1/><F1/><W92/><G23/><T56/><D56/><AGARI ba="0,1" hai="48,53,56,72,79,81,83,84,85,89,91,95,122,123" machi="56" ten="30,1000,0" yaku="7,1" doraHai="114" who="2" fromWho="0" sc="240,-10,250,0,250,20,250,0" /><INIT seed="1,0,0,3,2,112" ten="230,250,270,250" oya="1" hai0="7,121,92,115,105,16,65,2,58,88,17,37,47" hai1="114,111,127,1,60,31,72,54,133,56,23,6,128" hai2="53,78,32,19,102,24,67,15,36,13,22,76,73" hai3="91,129,119,93,26,8,83,90,85,101,79,100,20"/><U49/><E114/><V9/><F36/><W30/><G129/><T4/><D115/><U106/><E106/><V66/><F102/><W86/><G119/><T64/><D105/><U3/><E72/><V126/><F126/><W87/><REACH who="3" step="1"/><G8/><REACH who="3" ten="230,250,270,240" step="2"/><T18/><D121/><U38/><E128/><V14/><F9/><W45/><G45/><T69/><D47/><U5/><E127/><V120/><F120/><W117/><G117/><T33/><D4/><U74/><E5/><V124/><F124/><W96/><G96/><T116/><D116/><U44/><E6/><V0/><F0/><W130/><G130/><T94/><D7/><U62/><E1/><V42/><F32/><W51/><G51/><T70/><D33/><U99/><E3/><V103/><F14/><W46/><G46/><T57/><D2/><U132/><E99/><V25/><F13/><W109/><G109/><T77/><D37/><U52/><E111/><V71/><F15/><W12/><G12/><T35/><D35/><U75/><E38/><V89/><F22/><W34/><G34/><T29/><D70/><U59/><E23/><V135/><F71/><W63/><G63/><T39/><D69/><U95/><E132/><V11/><F135/><W40/><G40/><T48/><D48/><U108/><E133/><V118/><F42/><W125/><G125/><T122/><D39/><U10/><E108/><V110/><F110/><W104/><G104/><T84/><D122/><U98/><E10/><V43/><F11/><W113/><G113/><T61/><D61/><U41/><E31/><V131/><F118/><RYUUKYOKU ba="0,1" sc="230,-15,250,15,270,-15,240,15" hai1="41,44,49,52,54,56,59,60,62,74,75,95,98" hai3="20,26,30,79,83,85,86,87,90,91,93,100,101" /><INIT seed="1,1,1,1,3,1" ten="215,265,255,255" oya="1" hai0="47,68,19,114,40,116,20,128,27,46,14,33,78" hai1="17,35,9,30,69,6,96,131,37,85,105,103,89" hai2="77,101,71,64,38,86,25,123,82,28,32,110,52" hai3="63,11,100,127,5,26,8,22,124,7,109,70,83"/><U79/><E37/><V97/><F123/><W94/><G109/><T3/><D114/><U48/><E69/><V54/><F38/><W134/><G83/><T108/><D116/><U13/><E131/><V93/><REACH who="2" step="1"/><F110/><REACH who="2" ten="215,265,245,255" step="2"/><W41/><G127/><T95/><D108/><U39/><E39/><V81/><F81/><W121/><G124/><T92/><D128/><U99/><E79/><V106/><F106/><W102/><G121/><T73/><D78/><U119/><E119/><V104/><F104/><W56/><G134/><T21/><D92/><U23/><E105/><V107/><F107/><W115/><G94/><T42/><D95/><N who="1" m="54703" /><E103/><N who="3" m="39466" /><G70/><T57/><D68/><U76/><E76/><V44/><F44/><W50/><G115/><T55/><D46/><U126/><E126/><V59/><F59/><W4/><G41/><T125/><D47/><U122/><E122/><V117/><F117/><W132/><G132/><T62/><D42/><U2/><E48/><V36/><F36/><W45/><G45/><T112/><D40/><U75/><E75/><V61/><AGARI ba="1,2" hai="25,28,32,52,54,61,64,71,77,82,86,93,97,101" machi="61" ten="30,4000,0" yaku="1,1,0,1,54,1,53,0" doraHai="1" doraHaiUra="133" who="2" fromWho="2" sc="215,-11,265,-21,245,63,255,-11" /><INIT seed="2,0,0,4,1,133" ten="204,244,308,244" oya="2" hai0="10,83,99,12,54,98,69,80,92,36,82,49,126" hai1="117,95,34,53,19,71,2,88,85,29,84,43,6" hai2="4,65,27,60,61,134,38,79,7,39,90,89,1" hai3="119,24,120,56,5,96,70,112,15,21,35,94,33"/><V86/><F134/><W40/><G119/><T108/><D108/><U103/><E117/><V93/><F79/><W127/><G70/><T45/><D69/><U118/><E118/><V131/><F131/><W51/><G120/><T76/><D36/><U125/><E71/><V31/><F90/><W104/><G104/><T74/><D99/><U105/><E105/><V44/><F60/><W130/><G130/><T135/><D135/><U78/><E103/><V77/><F77/><W62/><G112/><T116/><D116/><U91/><E43/><V47/><F38/><W101/><G15/><T73/><D73/><U68/><E78/><V23/><F1/><W37/><G5/><T0/><D0/><U28/><E68/><V46/><REACH who="2" step="1"/><F39/><REACH who="2" ten="204,244,298,244" step="2"/><W50/><G37/><T124/><D76/><U122/><E2/><V59/><AGARI ba="0,1" hai="4,7,23,27,31,44,46,47,59,61,65,86,89,93" machi="59" ten="30,11700,0" yaku="1,1,2,1,0,1,8,1,53,0" doraHai="133" doraHaiUra="128" who="2" fromWho="2" sc="204,-39,244,-39,298,127,244,-39" /><INIT seed="2,1,0,0,5,93" ten="165,205,425,205" oya="2" hai0="111,50,109,110,76,73,27,122,120,60,91,106,0" hai1="20,61,115,4,124,48,29,112,113,104,116,103,6" hai2="24,23,107,7,46,71,47,43,89,39,3,42,88" hai3="19,57,96,102,51,97,35,34,15,121,117,67,80"/><V118/><F118/><W129/><G117/><T131/><D0/><U5/><E116/><V41/><F71/><W68/><G121/><N who="0" m="46699" /><D27/><U98/><E48/><V56/><F107/><W94/><G68/><T132/><D60/><U37/><E124/><V100/><F100/><W38/><G38/><T92/><D50/><U22/><E37/><V17/><F56/><W12/><G80/><N who="0" m="45071" /><D106/><U64/><REACH who="1" step="1"/><E29/><REACH who="1" ten="165,195,425,205" step="2"/><V74/><F39/><W126/><G51/><T10/><D131/><U2/><E2/><V70/><F3/><W82/><G129/><T14/><D132/><U135/><E135/><V134/><F134/><W63/><G126/><T127/><D127/><U90/><E90/><V84/><F89/><W26/><G35/><T85/><D10/><U99/><E99/><V49/><F49/><W40/><G34/><T28/><D28/><U83/><E83/><V36/><F36/><W114/><G82/><T128/><D128/><U13/><E13/><AGARI ba="1,1" hai="13,14,85,91,92,109,110,111" m="45071,46699" machi="13" ten="40,1300,0" yaku="14,1" doraHai="93" who="0" fromWho="1" sc="165,26,195,-16,425,0,205,0" /><INIT seed="3,0,0,3,0,33" ten="191,179,425,205" oya="3" hai0="3,100,91,110,103,25,82,58,30,98,48,132,81" hai1="94,14,113,99,112,74,131,128,1,26,29,6,118" hai2="20,95,19,117,123,106,52,57,115,61,96,43,55" hai3="89,90,2,69,75,92,76,41,126,120,15,77,31"/><W97/><G69/><T88/><D110/><U45/><E74/><V104/><F117/><W119/><G119/><T18/><D132/><U79/><E118/><V63/><F115/><W53/><G120/><T116/><D116/><U124/><E79/><V86/><F123/><W36/><G31/><T85/><D18/><U56/><E124/><V111/><F43/><W0/><G126/><T39/><D39/><U130/><E45/><V105/><F111/><W38/><G53/><N who="0" m="32039" /><D3/><U32/><E56/><V12/><F86/><W129/><G15/><T23/><D82/><U35/><E35/><V44/><F44/><W24/><G24/><T60/><D60/><U101/><E14/><V135/><F135/><W16/><G16/><T54/><D54/><U127/><REACH who="1" step="1"/><E127/><REACH who="1" ten="191,169,425,205" step="2"/><V13/><F13/><W42/><G75/><T125/><D125/><U34/><E34/><V4/><F57/><W9/><G76/><T66/><D66/><U84/><E84/><V22/><F12/><W65/><G77/><T80/><D80/><U64/><E64/><V70/><F70/><W83/><G65/><T93/><AGARI ba="0,1" hai="23,25,30,81,85,88,91,93,98,100,103" m="32039" machi="93" ten="30,2000,0" yaku="8,1,54,1" doraHai="33" who="0" fromWho="0" sc="191,30,169,-5,425,-5,205,-10" /><INIT seed="4,0,0,0,0,39" ten="221,164,420,195" oya="0" hai0="107,113,25,132,133,9,14,41,131,123,77,62,47" hai1="18,10,22,106,23,92,74,45,78,65,52,110,91" hai2="3,111,13,105,102,8,40,43,116,44,119,100,128" hai3="129,68,16,33,101,12,37,135,66,5,51,29,80"/><T124/><D107/><U0/><E110/><V84/><F111/><W27/><G37/><T130/><D123/><U97/><E65/><V53/><F128/><N who="0" m="49194" /><D77/><U90/><E106/><V57/><F3/><W96/><G129/><T21/><D62/><U48/><E74/><V69/><F69/><W109/><G109/><T46/><D113/><U70/><E70/><V56/><F84/><W115/><G115/><T127/><D21/><U98/><E78/><V38/><F43/><W73/><G51/><N who="0" m="27087" /><D47/><U34/><E34/><V114/><F114/><W99/><G68/><T134/><D25/><U4/><REACH who="1" step="1"/><E18/><AGARI ba="0,0" hai="9,14,18,124,127,132,133,134" m="27087,49194" machi="18" ten="40,12000,1" yaku="30,2,20,1,19,1,52,1" doraHai="39" who="0" fromWho="1" sc="221,120,164,-120,420,0,195,0" /><INIT seed="4,1,0,5,1,52" ten="341,44,420,195" oya="0" hai0="28,22,96,51,21,107,129,8,40,50,100,83,118" hai1="9,70,86,25,117,122,131,62,45,36,95,23,30" hai2="35,109,12,72,71,1,130,10,64,29,24,112,54" hai3="132,0,33,66,14,73,56,133,47,75,34,69,87"/><T125/><D118/><U46/><E117/><V126/><F109/><W128/><G69/><T92/><D125/><U60/><E122/><V49/><F126/><W39/><G0/><T53/><D129/><U127/><E127/><V38/><F38/><W103/><G103/><T15/><D107/><U55/><E131/><V76/><F130/><W61/><G128/><T102/><D100/><U135/><E135/><N who="3" m="51786" /><G87/><T31/><D83/><U18/><E36/><V74/><F1/><W110/><G14/><T59/><D40/><U105/><E105/><V82/><F112/><W7/><G7/><T2/><D50/><U32/><E70/><V113/><F113/><W16/><G16/><N who="0" m="8295" /><D2/><U81/><E95/><V123/><F123/><W114/><G114/><T98/><D98/><U80/><E80/><V90/><F71/><W6/><G6/><T79/><D79/><U119/><E119/><V99/><F72/><N who="3" m="27723" /><G110/><T94/><D94/><U4/><E32/><V42/><F74/><W27/><G27/><T41/><D41/><AGARI ba="1,0" hai="33,34,39,41,47,56,61,66" m="27723,51786" machi="41" ten="30,2000,0" yaku="20,1,52,1" doraHai="52" who="3" fromWho="0" sc="341,-23,44,0,420,0,195,23" /><INIT seed="5,0,0,5,4,2" ten="318,44,420,218" oya="1" hai0="71,7,112,19,57,31,37,108,59,89,120,43,82" hai1="4,103,84,104,117,38,76,66,27,3,54,97,87" hai2="126,46,113,100,41,23,32,92,88,63,128,90,77" hai3="111,79,17,106,78,49,55,11,65,86,10,12,135"/><U85/><E117/><V73/><F32/><W125/><G111/><T124/><D108/><U132/><E132/><V36/><F126/><W42/><G65/><T118/><D118/><U40/><E66/><V130/><F113/><W8/><G106/><T101/><D71/><U18/><E76/><V98/><F23/><W64/><G64/><T121/><D101/><U72/><E72/><V102/><F63/><W110/><G110/><T67/><D31/><U96/><E96/><V56/><F56/><W30/><G30/><T83/><D112/><U94/><E104/><V21/><F21/><W109/><G42/><T81/><D89/><U6/><E3/><V95/><F77/><W13/><G125/><T34/><D34/><U93/><E93/><V51/><F36/><W28/><G28/><T60/><D59/><U107/><E107/><V58/><F58/><W52/><G135/><T35/><D35/><U62/><E62/><V50/><F50/><W105/><G105/><T122/><D19/><U26/><E54/><V91/><F73/><W134/><G55/><T68/><D124/><U39/><E39/><V69/><F69/><W47/><G134/><T70/><D7/><N who="1" m="2603" /><E18/><V114/><F114/><W24/><G109/><T115/><D115/><U0/><E0/><V45/><F95/><W80/><G78/><T14/><D37/><U123/><E123/><V25/><F92/><W75/><G75/><T48/><D43/><U129/><E129/><V15/><F130/><W131/><G131/><T1/><D1/><U5/><N who="1" m="2611" /><U127/><DORA hai="116" /><E127/><V53/><F128/><RYUUKYOKU ba="0,0" sc="318,-15,44,15,420,-15,218,15" hai1="26,27,38,40,84,85,87,94,97,103" hai3="8,10,11,12,13,17,24,47,49,52,79,80,86" /><INIT seed="5,1,0,1,1,39" ten="303,59,405,233" oya="1" hai0="54,13,35,95,10,108,119,100,25,94,53,31,68" hai1="21,6,22,44,114,24,126,33,75,27,45,79,99" hai2="36,20,89,29,87,57,69,49,132,107,7,64,116" hai3="67,26,115,56,78,50,131,96,59,102,130,16,101"/><U34/><E75/><V71/><F116/><W103/><G78/><T120/><D108/><U42/><E79/><V9/><F36/><W8/><G67/><T86/><D119/><U66/><E66/><V117/><F107/><W5/><G115/><T51/><D120/><U60/><E114/><V58/><F117/><W80/><G80/><T106/><D68/><U61/><E6/><V85/><F132/><W62/><G96/><T43/><D106/><U12/><E99/><V73/><F73/><W118/><G118/><T17/><D100/><U32/><E12/><V104/><F104/><W97/><G97/><T112/><D112/><U83/><E83/><V47/><F85/><W84/><G84/><T74/><D74/><U133/><E133/><V129/><F129/><N who="3" m="49163" /><G50/><T135/><D135/><U2/><E2/><V122/><F122/><W0/><G62/><N who="1" m="24170" /><E126/><V76/><F76/><W98/><G98/><T90/><D94/><U91/><E91/><V134/><F134/><W111/><G111/><T40/><REACH who="0" step="1"/><D53/><REACH who="0" ten="293,59,405,233" step="2"/><U123/><E123/><V18/><F69/><W81/><G81/><T30/><D30/><N who="1" m="17679" /><E42/><V28/><F71/><W110/><G110/><T23/><D23/><AGARI ba="1,1" hai="0,5,8,16,23,26,56,59,101,102,103" m="49163" machi="23" ten="30,2000,0" yaku="19,1,54,1" doraHai="39" who="3" fromWho="0" sc="293,-23,59,0,405,0,233,33" /><INIT seed="6,0,0,2,3,71" ten="270,59,405,266" oya="2" hai0="107,51,130,16,79,18,122,123,49,109,134,29,106" hai1="76,56,6,68,83,28,80,61,124,104,133,24,52" hai2="135,92,96,110,88,105,100,67,86,2,20,25,131" hai3="39,84,132,38,90,21,14,5,102,119,66,113,78"/><V19/><F131/><W54/><G119/><T129/><D29/><U48/><E124/><V8/><F135/><W27/><G102/><T87/><D87/><U115/><E115/><V70/><F110/><W127/><G78/><T97/><D79/><U74/><E133/><V111/><F111/><W0/><G0/><T43/><D134/><U126/><E126/><V73/><F73/><W91/><G66/><T35/><D109/><U3/><E3/><V37/><F37/><W118/><G118/><T47/><D35/><U114/><E114/><V36/><F36/><W9/><G132/><T98/><D47/><U72/><E6/><V120/><F120/><W45/><G91/><T26/><D26/><U11/><E11/><V62/><F8/><W85/><G85/><T112/><D43/><U63/><E104/><V116/><F2/><W17/><G113/><AGARI ba="0,0" hai="16,18,49,51,97,98,106,107,112,113,122,123,129,130" machi="113" ten="25,3200,0" yaku="22,2,54,1" doraHai="71" who="0" fromWho="3" sc="270,32,59,0,405,0,266,-32" /><INIT seed="7,0,0,1,1,103" ten="302,59,405,234" oya="3" hai0="29,62,14,16,134,71,36,58,48,5,47,27,51" hai1="104,107,52,102,0,63,82,115,123,109,18,65,19" hai2="114,98,64,9,93,116,92,100,90,72,101,2,45" hai3="30,120,37,15,128,10,125,73,112,126,117,11,131"/><W108/><G37/><T97/><D71/><U119/><E102/><V85/><F116/><W50/><G117/><T96/><D5/><U122/><E119/><V127/><F127/><N who="3" m="48651" /><G73/><T87/><D36/><U106/><E109/><V75/><F114/><W53/><G120/><T81/><D134/><U3/><E115/><V28/><F28/><W66/><G66/><T78/><D27/><U44/><E82/><V41/><F64/><W76/><G76/><T70/><D29/><U26/><E122/><V35/><F35/><W86/><G86/><T4/><D4/><U6/><E123/><V23/><F23/><W79/><G79/><T57/><D48/><U124/><E124/><V121/><F121/><W22/><G112/><T130/><D130/><N who="3" m="49705" /><G108/><T42/><D70/><U21/><E18/><V83/><F75/><W77/><G77/><T49/><D49/><U80/><E80/><V60/><F72/><W39/><G39/><T111/><D111/><U129/><E129/><V7/><F83/><W46/><G30/><T12/><D62/><U17/><E17/><AGARI ba="0,0" hai="10,11,15,17,22,46,50,53" m="49705,48651" machi="17" ten="30,2900,0" yaku="18,1,19,1" doraHai="103" who="3" fromWho="1" sc="302,0,59,-29,405,0,234,29" /><INIT seed="7,1,0,5,2,56" ten="302,30,405,263" oya="3" hai0="129,69,28,12,6,82,90,42,10,37,74,32,31" hai1="38,113,112,80,133,4,70,87,43,132,24,66,5" hai2="93,105,76,0,73,65,97,13,106,26,89,123,50" hai3="91,33,46,7,98,14,72,115,21,121,104,109,124"/><W49/><G121/><T128/><D69/><U126/><E43/><V64/><F0/><W103/><G115/><T19/><D32/><U120/><E70/><V99/><F123/><W117/><G117/><T88/><D37/><U40/><E40/><V29/><F13/><W81/><G124/><T96/><D42/><U41/><E41/><V107/><F50/><W134/><G33/><T35/><D35/><U58/><E38/><V8/><F8/><W95/><G134/><T17/><D96/><U102/><E102/><V54/><F54/><W92/><G109/><T3/><D17/><U84/><E58/><V20/><F97/><W83/><G7/><T131/><D74/><U86/><E66/><V67/><F73/><W39/><G39/><T125/><D125/><U16/><E126/><V18/><REACH who="2" step="1"/><F76/><REACH who="2" ten="302,30,395,263" step="2"/><W77/><G14/><T116/><D116/><U45/><E120/><V34/><F34/><W27/><G49/><T94/><D90/><U119/><E119/><V63/><F63/><W36/><G36/><T9/><REACH who="0" step="1"/><D82/><REACH who="0" ten="292,30,395,263" step="2"/><U48/><E80/><V11/><F11/><W60/><G60/><T71/><D71/><U53/><E4/><V118/><F118/><W122/><G122/><T51/><D51/><U25/><E5/><V79/><F79/><W2/><G2/><T62/><D62/><U78/><E78/><V68/><F68/><W130/><G130/><T55/><D55/><U30/><E30/><AGARI ba="1,2" hai="18,20,26,29,30,64,65,67,89,93,99,105,106,107" machi="30" ten="50,1600,0" yaku="1,1,53,0" doraHai="56" doraHaiUra="135" who="2" fromWho="1" sc="292,0,30,-19,395,39,263,0" owari="292,9.2,11,-48.9,434,53.4,263,-13.7" /></mjloggm>