<mjloggm ver="2.3"><GO type="169" lobby="0"/><UN n0="%E4%B9%9D%E5%B0%BE%E3%81%AE%E3%83%8D%E3%82%B3" n1="%E3%83%AC%E3%82%AA%E3%83%B3%E3%83%8F%E3%83%AB%E3%83%88" n2="%E5%90%89%E7%A5%A5%E5%AF%BA%4B%47" n3="%E3%83%A4%E3%83%8A%E3%83%AA%E3%83%B3%E3%82%B9%E3%82%AD%E3%83%BC" dan="16,17,16,17" rate="2053.00,2153.69,2132.54,2222.54" sx="M,M,F,M"/><TAIKYOKU oya="0"/><INIT seed="0,0,0,0,3,51" ten="250,250,250,250" oya="0" hai0="2,41,59,96,121,132,131,16,43,127,58,22,26" hai1="19,112,61,108,99,92,35,40,66,94,27,71,130" hai2="69,85,48,1,39,117,102,90,110,72,14,84,5" hai3="63,76,101,7,91,52,36,119,86,18,82,105,124"/><T98/><D121/><U54/><E108/><V81/><F110/><W0/><G119/><T17/><D2/><U109/><E109/><V107/><F39/><W12/><G36/><T56/><D131/><U135/><E130/><V62/><F1/><W8/><G124/><T32/><D127/><U10/><E135/><V64/><F117/><W116/><G116/><T57/><N who="0" m="14336" /><DORA hai="83" /><T79/><D132/><U4/><E40/><V11/><F48/><W95/><G63/><T129/><D129/><U126/><E112/><V73/><REACH who="2" step="1"/><F85/><REACH who="2" ten="250,250,240,250" step="2"/><W24/><G0/><T23/><D32/><U21/><E35/><V31/><F31/><W111/><G111/><T9/><D9/><U133/><E126/><V6/><F6/><W118/><G118/><T103/><D79/><U125/><E125/><V30/><F30/><W87/><G7/><T47/><D43/><U115/><E133/><V67/><F67/><W13/><G76/><T38/><REACH who="0" step="1"/><D103/><REACH who="0" ten="240,250,240,250" step="2"/><U80/><E10/><V120/><F120/><W97/><G8/><T88/><D88/><U104/><E66/><V29/><F29/><W60/><G91/><T25/><AGARI ba="0,2" hai="16,17,22,23,25,26,38,41,47,96,98" m="14336" machi="25" ten="40,12000,1" yaku="1,1,0,1,9,1,54,1,53,0" doraHai="51,83" doraHaiUra="65,123" who="0" fromWho="0" sc="240,140,250,-40,240,-40,250,-40" /><INIT seed="0,1,0,1,1,85" ten="380,210,200,210" oya="0" hai0="126,80,106,62,93,68,74,9,61,129,22,125,12" hai1="45,73,10,59,19,113,2,6,109,72,117,63,8" hai2="90,56,110,121,86,103,46,69,37,107,11,111,98" hai3="127,122,43,135,47,26,92,16,87,67,95,24,124"/><T29/><D106/><U28/><E109/><N who="2" m="41483" /><F69/><W104/><G104/><T14/><D68/><U88/><E117/><V0/><F56/><W30/><G135/><T49/><D129/><U70/><E70/><V41/><F121/><W130/><G130/><T71/><D71/><U89/><E113/><V123/><F123/><W42/><G122/><T65/><D65/><U31/><E45/><V55/><F55/><W50/><G67/><T132/><D49/><U58/><E19/><V39/><F39/><W17/><G43/><T120/><D74/><U99/><E99/><V79/><F79/><W5/><G5/><T101/><D80/><U32/><E6/><V128/><F128/><W83/><G92/><T91/><D101/><U105/><E2/><V53/><F53/><W25/><G95/><T94/><D94/><U116/><E32/><V52/><F52/><W100/><G30/><T133/><D120/><U1/><E1/><V57/><F57/><W34/><G34/><T84/><D29/><U114/><E114/><V13/><F0/><W21/><G100/><T96/><D96/><U66/><E116/><V75/><F75/><W102/><G102/><T97/><D97/><U20/><E66/><V27/><F98/><W38/><G38/><T82/><D93/><U64/><E64/><V76/><F37/><W77/><REACH who="3" step="1"/><G17/><REACH who="3" ten="380,210,200,200" step="2"/><N who="0" m="10535" /><D133/><U4/><E105/><V48/><F103/><W54/><G54/><T3/><D132/><U33/><E33/><V78/><F107/><W108/><G108/><T134/><D134/><U40/><E31/><V51/><F41/><W7/><G7/><RYUUKYOKU ba="1,1" sc="380,-10,210,-10,200,-10,200,30" hai3="16,21,24,25,26,42,47,50,77,83,87,124,127" /><INIT seed="1,2,1,3,0,95" ten="370,200,190,230" oya="1" hai0="59,97,64,49,116,62,26,5,120,85,79,18,4" hai1="13,74,40,130,122,100,73,118,63,82,128,109,111" hai2="114,12,28,23,25,76,68,30,126,89,57,54,33" hai3="41,119,103,117,47,93,115,125,35,80,86,98,94"/><U19/><E118/><N who="3" m="45066" /><G35/><T56/><D116/><U31/><E122/><V104/><F68/><W42/><G42/><T52/><D120/><U123/><E123/><V27/><F126/><W50/><G125/><T96/><D79/><N who="1" m="44399" /><E31/><V77/><F114/><W7/><G7/><N who="0" m="2635" /><D85/><U11/><E74/><V108/><F108/><N who="1" m="41545" /><E40/><V39/><F39/><W87/><G115/><T72/><D72/><U102/><E63/><V58/><F104/><N who="3" m="63607" /><G87/><T69/><D69/><U37/><E37/><V127/><F127/><W46/><G46/><T75/><D75/><U107/><E107/><V129/><F58/><W112/><G112/><T24/><D24/><U135/><E135/><V53/><F57/><W20/><G20/><AGARI ba="2,1" hai="18,20,26,49,52,56,59,62,64,96,97" m="2635" machi="20" ten="30,7700,0" yaku="8,1,52,2,54,1" doraHai="95" who="0" fromWho="3" sc="370,93,200,0,190,0,230,-83" /><INIT seed="2,0,0,2,4,56" ten="463,200,190,147" oya="2" hai0="62,5,50,63,68,48,119,9,126,90,84,124,27" hai1="16,52,41,55,47,129,2,44,79,114,118,130,96" hai2="98,74,51,92,14,120,57,133,17,82,42,100,13" hai3="20,77,1,37,49,26,40,4,31,65,95,0,25"/><V80/><F133/><W21/><G37/><T43/><D27/><U102/><E114/><V104/><F120/><W22/><G77/><T58/><D68/><U67/><E2/><V78/><F82/><W11/><G95/><N who="0" m="54727" /><D119/><U10/><E79/><V99/><F17/><W18/><G65/><N who="0" m="39127" /><D63/><U70/><E67/><V107/><F107/><W71/><G71/><T60/><D60/><U91/><E91/><V94/><F104/><W59/><G40/><T32/><D32/><U117/><E70/><V72/><F74/><W75/><G75/><T132/><D43/><U64/><E64/><V45/><REACH who="2" step="1"/><F57/><REACH who="2" ten="463,200,180,147" step="2"/><W30/><G59/><T105/><D105/><N who="1" m="63687" /><E118/><V123/><F123/><W108/><G108/><T101/><D132/><U112/><E117/><V46/><F46/><W106/><G106/><T34/><D126/><U97/><E47/><V85/><F85/><W7/><G49/><T23/><D50/><N who="1" m="26895" /><E112/><V19/><F19/><N who="3" m="12447" /><G21/><T12/><D48/><U6/><E6/><V38/><F38/><W86/><G86/><T39/><D39/><U29/><E97/><V69/><F69/><W121/><G121/><T109/><D109/><U122/><E122/><V73/><F73/><W87/><G87/><T110/><D110/><U3/><E16/><V33/><F33/><W8/><AGARI ba="0,1" hai="0,1,4,7,8,11,18,22,26,30,31" m="12447" machi="8" ten="30,8000,1" yaku="35,5" doraHai="56" who="3" fromWho="3" sc="463,-20,200,-20,180,-40,147,90" /><INIT seed="3,0,0,5,0,99" ten="443,180,140,237" oya="3" hai0="30,71,61,115,70,72,94,121,35,8,44,75,69" hai1="123,46,25,19,1,85,4,109,88,34,124,114,14" hai2="108,21,59,134,105,67,128,87,103,131,106,100,81" hai3="5,133,33,79,122,112,118,45,51,50,119,49,73"/><W84/><G112/><T12/><D121/><U63/><E123/><V102/><F108/><W90/><G122/><T20/><D35/><U28/><E114/><V93/><F21/><W110/><G33/><T29/><D20/><U52/><E109/><V125/><F125/><W36/><G110/><T23/><D23/><U54/><E124/><V2/><F2/><W15/><G133/><T92/><D71/><U58/><E4/><V53/><F67/><W3/><G3/><T13/><D61/><U18/><E1/><V16/><F16/><W38/><G79/><T7/><D44/><U47/><E54/><V111/><F93/><W31/><G73/><T104/><D104/><U55/><E55/><V116/><F116/><W42/><G36/><T107/><D107/><U37/><E37/><V56/><F56/><W120/><G31/><T57/><D57/><U113/><E19/><V74/><F74/><W27/><G27/><T135/><D135/><U80/><REACH who="1" step="1"/><E113/><REACH who="1" ten="443,170,140,237" step="2"/><V17/><F17/><W68/><G120/><T83/><D115/><U24/><E24/><V132/><F111/><W40/><G40/><T117/><D7/><U9/><AGARI ba="0,1" hai="9,14,18,25,28,34,46,47,52,58,63,80,85,88" machi="9" ten="20,12000,2" yaku="1,1,0,1,7,1,54,2,53,1" doraHai="99" doraHaiUra="86" who="1" fromWho="1" sc="443,-30,170,130,140,-30,237,-60" /><INIT seed="4,0,0,1,3,118" ten="413,300,110,177" oya="0" hai0="27,107,103,39,83,69,79,8,10,123,50,94,41" hai1="132,58,6,19,122,76,55,28,1,74,104,3,46" hai2="120,98,88,43,64,2,86,63,67,22,11,57,40" hai3="130,30,17,23,54,65,90,33,53,32,0,110,134"/><T82/><D69/><U66/><E104/><V31/><F67/><W37/><G110/><T129/><D39/><U80/><E28/><V102/><F120/><W20/><G37/><T7/><D107/><U112/><E66/><V75/><F75/><W48/><G0/><T68/><D68/><U52/><E6/><V126/><F126/><W105/><G105/><T73/><D83/><U15/><E132/><V47/><F2/><W12/><G65/><T25/><D123/><U111/><E111/><V113/><F11/><W45/><G130/><T135/><D10/><U26/><E26/><V24/><F47/><W101/><G101/><T109/><D129/><U72/><E72/><V35/><F35/><W93/><G53/><T4/><D4/><U81/><E81/><N who="2" m="49231" /><F113/><W70/><G70/><T14/><D109/><U106/><E106/><V91/><F91/><W60/><G60/><T99/><D135/><U34/><E34/><V95/><AGARI ba="0,0" hai="22,24,31,40,43,57,63,64,95,98,102" m="49231" machi="95" ten="30,4000,0" yaku="25,1,8,1,54,1" doraHai="118" who="2" fromWho="2" sc="413,-20,300,-10,110,40,177,-10" /><INIT seed="5,0,0,2,1,80" ten="393,290,150,167" oya="1" hai0="111,86,34,37,107,22,108,74,26,97,123,48,110" hai1="71,54,6,128,121,9,47,43,69,11,124,79,17" hai2="105,15,38,127,118,103,13,96,129,65,2,113,100" hai3="73,1,72,67,133,24,119,30,122,42,64,101,82"/><U135/><E121/><V45/><F118/><W91/><G122/><T19/><D37/><U21/><E135/><V120/><F120/><W93/><G1/><T61/><D74/><U88/><E128/><V25/><F2/><W57/><G133/><T98/><D107/><U39/><E79/><V70/><F129/><W59/><G119/><T99/><D123/><U134/><E54/><V92/><F127/><W0/><G0/><T115/><D34/><U109/><E124/><V132/><F132/><W90/><G101/><T102/><D102/><U49/><E39/><V83/><F113/><W33/><G42/><T50/><D115/><U16/><E17/><V104/><F83/><W106/><G106/><T76/><D61/><U114/><E109/><V32/><F92/><W35/><G82/><T89/><D76/><U77/><E77/><V68/><F45/><W95/><REACH who="3" step="1"/><G24/><REACH who="3" ten="393,290,150,157" step="2"/><T41/><D41/><U58/><E43/><V4/><F25/><W130/><G130/><T66/><D111/><U56/><E134/><V10/><F103/><W60/><G60/><T87/><D110/><U28/><E114/><V81/><F104/><W78/><G78/><T14/><D26/><U126/><E126/><V62/><F81/><W7/><G7/><T51/><D108/><U84/><E6/><V23/><F38/><W116/><G116/><T40/><D40/><U55/><E88/><V63/><F63/><W12/><G12/><T94/><D89/><U53/><E49/><V46/><F70/><W27/><G27/><T125/><D125/><U5/><E71/><V36/><F36/><RYUUKYOKU ba="0,1" sc="393,-10,290,-10,150,-10,157,30" hai3="30,33,35,57,59,64,67,72,73,90,91,93,95" /><INIT seed="6,1,1,5,2,17" ten="383,280,140,187" oya="2" hai0="74,35,128,38,100,59,53,116,46,52,133,51,40" hai1="19,62,104,3,56,114,48,95,6,117,69,83,78" hai2="113,108,68,123,102,80,36,60,15,33,57,55,54" hai3="50,103,106,41,119,121,111,72,129,9,49,12,65"/><V79/><F123/><W0/><G111/><T16/><D35/><U94/><E104/><V8/><F108/><W73/><G121/><T20/><D74/><U87/><E117/><V130/><F33/><W98/><G119/><T30/><D116/><U90/><E69/><V45/><F102/><W64/><G0/><T126/><D30/><U97/><E114/><V1/><F113/><W127/><G127/><T34/><D34/><U89/><E48/><V91/><F68/><W134/><G134/><T66/><D133/><U58/><E6/><V93/><F1/><W77/><G50/><T81/><D126/><U63/><E19/><V14/><F130/><W28/><G28/><T122/><D122/><U124/><E3/><V125/><F125/><W18/><G129/><T4/><D4/><U132/><E132/><V25/><F25/><W11/><G11/><T120/><D120/><U67/><E124/><V107/><F107/><W7/><G7/><T118/><D118/><U110/><E110/><V135/><F135/><W10/><G10/><T5/><D5/><U2/><E2/><V105/><F105/><W112/><G112/><T82/><D100/><N who="1" m="60471" /><E95/><V85/><F8/><W31/><G31/><T24/><D128/><U44/><E44/><V99/><REACH who="2" step="1"/><F36/><REACH who="2" ten="383,280,130,187" step="2"/><W43/><G103/><T26/><D26/><U76/><E90/><V21/><F21/><W101/><G101/><T32/><D32/><U61/><E89/><V75/><F75/><W29/><G72/><T71/><D53/><N who="1" m="33935" /><E78/><V39/><F39/><W22/><G106/><T23/><D23/><U13/><E13/><RYUUKYOKU ba="1,2" sc="383,10,280,10,130,10,187,-30" hai0="16,20,24,38,40,46,51,52,59,66,71,81,82" hai1="58,62,63,67,76,83,87" hai2="14,15,45,54,55,57,60,79,80,85,91,93,99" /><INIT seed="6,2,2,0,5,108" ten="393,290,140,157" oya="2" hai0="23,2,125,109,57,87,123,82,131,38,100,126,80" hai1="134,16,83,7,33,49,45,25,51,31,19,71,76" hai2="127,111,88,24,129,130,106,41,50,118,8,4,135" hai3="30,120,101,114,110,102,21,94,3,133,0,47,122"/><V28/><F118/><W117/><G110/><T85/><D38/><U86/><E71/><V115/><F111/><W11/><G117/><T72/><D2/><U89/><E134/><V92/><F106/><W103/><G133/><T95/><D109/><U17/><E7/><V22/><F135/><W97/><G47/><T128/><D57/><U73/><REACH who="1" step="1"/><E45/><REACH who="1" ten="393,280,140,157" step="2"/><N who="2" m="25903" /><F127/><W65/><G120/><T77/><D123/><U36/><E36/><V66/><F130/><W56/><G122/><T35/><D126/><U68/><E68/><V54/><F129/><W15/><G0/><T63/><D125/><U18/><N who="1" m="4096" /><DORA hai="9" /><U69/><E69/><V104/><F4/><W96/><G3/><T48/><D131/><U90/><E90/><V93/><F88/><W124/><G124/><T42/><D128/><U67/><E67/><V79/><F66/><W40/><G65/><T37/><D37/><U105/><E105/><V107/><F107/><W20/><G11/><T81/><D100/><U74/><E74/><V91/><F8/><W98/><G101/><T34/><D72/><U99/><E99/><V39/><F104/><W44/><G102/><T113/><D77/><U64/><E64/><V55/><F39/><N who="3" m="21535" /><G97/><T53/><D87/><U52/><E52/><N who="2" m="20011" /><F79/><W121/><G121/><T119/><D119/><U46/><E46/><V75/><F75/><W112/><G96/><T14/><D53/><U27/><E27/><V62/><F62/><W1/><G1/><T13/><D85/><U32/><E32/><N who="0" m="12329" /><D63/><U61/><E61/><V43/><F91/><W59/><G103/><T29/><D48/><RYUUKYOKU ba="2,3" sc="393,-10,280,30,140,-10,157,-10" hai1="25,31,33,49,51,73,76,83,86,89" /><INIT seed="7,3,3,1,3,114" ten="383,310,130,147" oya="3" hai0="45,116,70,93,125,88,102,28,77,105,40,124,112" hai1="24,81,74,9,84,22,122,89,66,100,16,38,34" hai2="132,43,26,8,56,79,129,25,71,67,19,113,90" hai3="27,94,131,23,31,118,32,63,41,44,53,96,48"/><W91/><G131/><T17/><D70/><U21/><E122/><V101/><F113/><W80/><G118/><T3/><D3/><U78/><E38/><V29/><F129/><W1/><G1/><T55/><D55/><U128/><E128/><V18/><F71/><W30/><G32/><T33/><D17/><U83/><E66/><V20/><F132/><W57/><G80/><T15/><D116/><U10/><E34/><V42/><F79/><W60/><G60/><T97/><D15/><U7/><E7/><V135/><F135/><W111/><G111/><T134/><D77/><U4/><E4/><V107/><F90/><W75/><G75/><T69/><D69/><U35/><E35/><V58/><F107/><W64/><REACH who="3" step="1"/><G64/><REACH who="3" ten="383,310,130,137" step="2"/><T46/><D134/><U121/><E81/><V47/><F67/><W49/><G49/><T98/><D33/><U50/><E50/><N who="2" m="26999" /><F43/><W14/><G14/><T119/><D40/><U52/><E83/><V73/><F73/><W103/><G103/><T37/><D119/><U51/><E100/><V133/><F133/><W2/><G2/><T123/><D112/><U104/><E51/><V130/><F130/><W117/><G117/><T99/><D123/><U59/><E74/><V126/><F101/><W120/><G120/><T11/><D102/><U12/><E121/><V82/><F82/><W68/><G68/><T72/><D72/><U109/><E12/><N who="2" m="7431" /><F126/><W13/><G13/><T36/><D36/><U95/><E109/><V85/><F85/><W61/><G61/><T54/><D37/><U110/><E110/><V39/><F39/><RYUUKYOKU ba="3,4" sc="383,-15,310,-15,130,15,137,15" hai2="19,20,25,26,29,56,58" hai3="23,27,30,31,41,44,48,53,57,63,91,94,96" /><INIT seed="7,4,4,5,4,19" ten="368,295,145,152" oya="3" hai0="6,30,80,20,24,69,106,127,48,125,56,15,34" hai1="4,23,5,113,122,13,99,130,93,33,78,109,104" hai2="95,44,66,63,21,27,124,58,9,40,16,70,7" hai3="25,17,105,67,88,59,90,2,55,71,133,101,41"/><W120/><G120/><T107/><D80/><U123/><E109/><V77/><F124/><N who="0" m="47690" /><D69/><U128/><E33/><V110/><F110/><W38/><G2/><T68/><D68/><U75/><E104/><V119/><F119/><W43/><G133/><T22/><D6/><U129/><E78/><V3/><F77/><W61/><G105/><N who="0" m="39947" /><D15/><U73/><E113/><V60/><F95/><W83/><G101/><T114/><D114/><U117/><E117/><V49/><F63/><W72/><G72/><N who="1" m="27722" /><E23/><V52/><REACH who="2" step="1"/><F70/><REACH who="2" ten="368,295,135,152" step="2"/><W11/><G61/><T111/><D111/><U84/><E93/><V26/><F26/><W121/><G25/><T91/><D24/><U45/><E123/><V131/><F131/><W92/><G121/><T65/><D30/><U100/><E122/><V89/><F89/><W98/><G90/><T135/><D91/><U87/><E130/><V126/><F126/><W76/><G71/><T64/><D135/><U0/><E129/><V42/><AGARI ba="4,5" hai="3,7,9,16,21,27,40,42,44,49,52,58,60,66" machi="42" ten="30,12000,2" yaku="1,1,0,1,52,1,54,2,53,2" doraHai="19" doraHaiUra="36" who="2" fromWho="2" sc="368,-34,295,-34,135,182,152,-64" owari="334,43.4,261,-13.9,317,11.7,88,-41.2" /></mjloggm>