<mjloggm ver="2.3"><GO type="169" lobby="0"/><UN n0="%52%65%63%61%6C%74%71" n1="%6B%69%6D%38" n2="%41%72%64%62%65%47" n3="%61%6D%61%69%6B%61" dan="16,19,16,17" rate="2143.55,2288.95,2014.92,2161.09" sx="M,M,M,M"/><TAIKYOKU oya="0"/><INIT seed="0,0,0,1,4,7" ten="250,250,250,250" oya="0" hai0="135,124,82,43,46,72,102,44,23,88,100,83,64" hai1="21,128,34,1,79,99,6,18,11,37,36,4,87" hai2="65,53,97,101,115,10,129,110,67,108,61,98,32" hai3="81,62,121,38,107,56,95,52,12,9,25,103,14"/><T57/><D135/><U117/><E117/><V116/><F115/><W109/><G109/><N who="2" m="42089" /><F32/><W89/><G121/><T51/><D124/><U70/><E128/><V78/><F129/><W131/><G38/><T60/><D46/><U59/><E70/><V118/><F78/><W122/><G122/><T75/><D75/><U33/><E6/><V134/><F134/><W5/><G131/><T93/><D23/><U73/><E73/><V68/><F65/><W39/><G39/><T94/><D72/><U127/><E127/><V76/><F53/><W123/><G123/><T91/><D102/><U28/><E99/><N who="2" m="37899" /><F76/><W47/><G107/><T114/><D114/><U69/><E69/><V30/><F30/><W90/><G103/><T105/><D100/><U3/><E34/><V86/><F86/><N who="3" m="50383" /><G25/><T31/><D31/><U41/><E28/><V96/><F101/><W45/><G14/><T42/><D42/><U63/><E33/><V0/><F96/><AGARI ba="0,0" hai="5,9,12,45,47,52,56,62,90,95,96" m="50383" machi="96" ten="30,3900,0" yaku="8,1,52,1,54,1" doraHai="7" who="3" fromWho="2" sc="250,0,250,0,250,-39,250,39" /><INIT seed="1,0,0,0,1,8" ten="250,250,211,289" oya="1" hai0="87,85,10,28,100,3,75,97,21,39,33,60,37" hai1="99,64,22,29,40,20,91,117,2,108,92,45,115" hai2="16,25,134,23,14,6,52,48,123,118,82,77,114" hai3="130,44,66,112,79,27,116,129,11,68,83,109,59"/><U101/><E115/><V31/><F118/><W106/><G112/><T125/><D75/><U13/><E2/><V26/><F114/><W95/><G106/><T80/><D33/><U19/><E117/><V78/><F123/><W70/><G116/><T110/><D87/><U24/><E108/><V119/><F119/><W73/><G109/><T34/><D34/><U84/><E64/><V65/><F134/><W113/><G113/><T93/><D125/><U111/><E111/><V104/><F104/><W47/><G27/><T98/><D98/><U0/><E0/><V120/><F78/><W135/><G135/><T86/><D86/><U74/><E74/><V50/><F50/><W102/><G11/><T89/><D110/><U126/><E126/><V81/><F81/><W46/><G59/><T36/><D60/><U67/><E67/><V72/><F120/><W105/><G105/><T5/><D21/><U43/><REACH who="1" step="1"/><E45/><REACH who="1" ten="250,240,211,289" step="2"/><V103/><F65/><W53/><G66/><T132/><D132/><U38/><E38/><V88/><F72/><W62/><G73/><T9/><D36/><U122/><E122/><V51/><F31/><W96/><G44/><T15/><REACH who="0" step="1"/><D28/><REACH who="0" ten="240,240,211,289" step="2"/><U12/><E12/><V17/><F14/><W56/><G70/><T32/><D32/><U63/><E63/><V35/><F35/><W55/><G68/><T61/><D61/><U30/><E30/><V1/><F1/><W71/><G71/><T127/><D127/><U128/><E128/><V90/><F26/><W49/><G129/><T54/><D54/><U124/><E124/><V42/><F52/><RYUUKYOKU ba="0,2" sc="240,15,240,15,211,-15,289,-15" hai0="3,5,9,10,15,37,39,80,85,89,93,97,100" hai1="13,19,20,22,24,29,40,43,84,91,92,99,101" /><INIT seed="1,1,2,5,0,129" ten="255,255,196,274" oya="1" hai0="130,77,29,17,44,28,94,62,76,109,133,135,42" hai1="54,131,97,10,46,2,64,88,52,115,78,103,38" hai2="90,33,66,102,7,51,92,128,112,34,98,85,15" hai3="106,116,53,56,79,65,70,87,100,71,124,60,12"/><U83/><E115/><V20/><F128/><W75/><G75/><T47/><D130/><U18/><E131/><V81/><F112/><W127/><G12/><T24/><D94/><N who="1" m="56519" /><E64/><V36/><F36/><W55/><G100/><T27/><D62/><U108/><E103/><V5/><F66/><W110/><G106/><T67/><D67/><U84/><E108/><V39/><F39/><W123/><G123/><T114/><D114/><U80/><E80/><V105/><F51/><W101/><G101/><T26/><D17/><U74/><E84/><V104/><F104/><W57/><G87/><T30/><D109/><U25/><E18/><V82/><F33/><W37/><G79/><N who="0" m="30283" /><D42/><N who="1" m="22871" /><E25/><V120/><F34/><W19/><G19/><T32/><D32/><U61/><E61/><V31/><F120/><W49/><G110/><T45/><AGARI ba="1,2" hai="24,26,27,28,29,30,44,45,47,133,135" m="30283" machi="45" ten="40,12000,2" yaku="29,2,28,2,52,2" doraHai="129" who="0" fromWho="0" sc="255,143,255,-61,196,-31,274,-31" /><INIT seed="2,0,0,0,1,49" ten="398,194,165,243" oya="2" hai0="0,9,111,29,41,122,4,47,34,3,126,33,21" hai1="120,110,67,104,102,106,1,89,22,68,19,85,38" hai2="128,18,113,86,123,10,46,7,84,25,132,28,12" hai3="87,5,133,30,59,77,71,109,78,44,73,72,40"/><V6/><F113/><W100/><G71/><T51/><D122/><U53/><E110/><V135/><F123/><W94/><G109/><T50/><D111/><U127/><E127/><V96/><F128/><W2/><G30/><T101/><D101/><U115/><E115/><V118/><F118/><W116/><G116/><T90/><D3/><U99/><E1/><V83/><F96/><W60/><G133/><N who="2" m="51273" /><F46/><W119/><G119/><T91/><D34/><U125/><E38/><V105/><F105/><W70/><G70/><T8/><D8/><U56/><E125/><V24/><F86/><W63/><G63/><T64/><D64/><U108/><E120/><V26/><F84/><W65/><G73/><T93/><D33/><U121/><E121/><V32/><F83/><W37/><G72/><T11/><D11/><U134/><E134/><V75/><F75/><W20/><G20/><T81/><D81/><U80/><E108/><V58/><F58/><W107/><G107/><T43/><D93/><U82/><E82/><V61/><F61/><W48/><G37/><T17/><D29/><U98/><E98/><V55/><F55/><W92/><G5/><AGARI ba="0,0" hai="5,6,7,10,12,18,24,25,26,28,32" m="51273" machi="5" ten="30,5800,0" yaku="20,1,34,2" doraHai="49" who="2" fromWho="3" sc="398,0,194,0,165,58,243,-58" /><INIT seed="2,1,0,4,0,8" ten="398,194,223,185" oya="2" hai0="130,92,132,43,62,74,104,112,18,39,109,0,21" hai1="96,72,9,102,70,115,23,55,58,47,98,52,89" hai2="63,65,50,110,14,10,123,116,3,103,16,51,73" hai3="53,124,49,85,127,7,40,84,12,78,134,71,125"/><V60/><F116/><W76/><G71/><T4/><D92/><U82/><E70/><V2/><F123/><W29/><G40/><T97/><D18/><U42/><E115/><V48/><F73/><W59/><G134/><T100/><D21/><U13/><E23/><V26/><F103/><W30/><G84/><T121/><D121/><U91/><E72/><V66/><F26/><W44/><G59/><T114/><D132/><U20/><E20/><V113/><F113/><W90/><G76/><T126/><D126/><U69/><E69/><V80/><F80/><W38/><G78/><T56/><D130/><U128/><E128/><V117/><F117/><W111/><G111/><T33/><D33/><U101/><E47/><V22/><F110/><W94/><REACH who="3" step="1"/><G38/><REACH who="3" ten="398,194,223,175" step="2"/><T41/><D39/><U31/><E42/><V25/><F66/><W45/><G45/><T108/><D43/><U133/><E58/><V15/><F65/><W79/><G79/><T57/><D41/><U19/><E133/><V34/><F34/><W32/><G32/><T68/><D68/><U106/><E55/><V6/><REACH who="2" step="1"/><F25/><REACH who="2" ten="398,194,213,175" step="2"/><W36/><G36/><T131/><D109/><U35/><E35/><V95/><F95/><W88/><G88/><T54/><D108/><U64/><E91/><V107/><F107/><W120/><G120/><T119/><D112/><U83/><E64/><V75/><F75/><W122/><G122/><T135/><D74/><U1/><E89/><V28/><F28/><W67/><G67/><T118/><D114/><U37/><E106/><V5/><F5/><W27/><G27/><RYUUKYOKU ba="1,2" sc="398,-15,194,-15,213,15,175,15" hai2="2,3,6,10,14,15,16,22,48,50,51,60,63" hai3="7,12,29,30,44,49,53,85,90,94,124,125,127" /><INIT seed="2,2,2,0,1,101" ten="383,179,228,190" oya="2" hai0="133,18,9,125,44,61,117,127,89,94,132,115,126" hai1="68,42,13,3,7,98,64,70,107,134,71,84,113" hai2="72,79,17,58,2,38,29,11,102,43,129,128,121" hai3="106,26,56,33,48,92,62,52,109,39,81,1,31"/><V10/><F121/><W57/><G106/><T80/><D115/><U65/><E113/><V91/><F29/><W60/><G109/><T20/><D117/><U66/><E134/><V8/><F91/><W76/><G39/><T67/><D44/><U23/><E3/><V130/><F58/><W73/><G1/><T120/><D9/><U88/><E42/><V69/><F69/><W116/><G116/><T50/><D50/><U75/><E75/><V32/><F32/><W95/><REACH who="3" step="1"/><G48/><REACH who="3" ten="383,179,228,180" step="2"/><T119/><D119/><U21/><E107/><V87/><F2/><W97/><G97/><T85/><D120/><U6/><E98/><V135/><F38/><W110/><G110/><T16/><D133/><U63/><E63/><V28/><F135/><W112/><G112/><T40/><D132/><U0/><E0/><V41/><F130/><W30/><G30/><T4/><D61/><U15/><E15/><V47/><F28/><W90/><G90/><T5/><D89/><U36/><E36/><V122/><F122/><W103/><G103/><T45/><D125/><U22/><REACH who="1" step="1"/><E13/><REACH who="1" ten="383,169,228,180" step="2"/><V105/><F129/><W12/><G12/><T14/><D14/><U25/><E25/><V93/><F128/><W46/><G46/><T96/><D45/><U100/><E100/><V19/><F47/><W74/><G74/><T49/><D96/><U78/><E78/><V77/><F72/><W111/><G111/><T53/><D126/><U86/><E86/><V55/><F77/><W83/><G83/><AGARI ba="2,4" hai="6,7,21,22,23,64,65,66,68,70,71,83,84,88" machi="83" ten="50,8000,1" yaku="1,1,29,2,54,1,53,0" doraHai="101" doraHaiUra="118" who="1" fromWho="3" sc="383,0,169,126,228,0,180,-86" /><INIT seed="3,0,0,4,0,118" ten="383,295,228,94" oya="3" hai0="32,52,92,67,116,37,45,83,48,80,33,62,49" hai1="19,26,126,134,12,106,59,40,74,20,72,103,94" hai2="28,121,97,104,58,13,120,123,56,21,78,111,135" hai3="90,133,86,9,35,117,15,69,3,87,50,76,119"/><W131/><G69/><T10/><D116/><U25/><E126/><V98/><F111/><W71/><G71/><T101/><D49/><U68/><E68/><V84/><F135/><W124/><G3/><T2/><D37/><U5/><E134/><V14/><F104/><W115/><G133/><T61/><D32/><U95/><E106/><V122/><F122/><W112/><G35/><T75/><D33/><U57/><E40/><V7/><F78/><W113/><G50/><T4/><D75/><U73/><E5/><V93/><F84/><W46/><G46/><T16/><D62/><U70/><E70/><V102/><F97/><W66/><G66/><T6/><D6/><U81/><E81/><V31/><F13/><W22/><G22/><T1/><D1/><U109/><E109/><V8/><F28/><W63/><G63/><T88/><D101/><U89/><E103/><V43/><F43/><W47/><G47/><T105/><D105/><U125/><E125/><V36/><F36/><W27/><G124/><T108/><D108/><U42/><E42/><V77/><F77/><W127/><G127/><T65/><D65/><U128/><E59/><V24/><AGARI ba="0,0" hai="7,8,14,21,24,31,56,58,93,98,102,120,121,123" machi="24" ten="40,8000,1" yaku="0,1,13,1,52,3" doraHai="118" who="2" fromWho="2" sc="383,-20,295,-20,228,80,94,-40" /><INIT seed="4,0,0,4,5,36" ten="363,275,308,54" oya="0" hai0="55,134,12,95,118,84,46,129,126,54,37,83,81" hai1="66,3,20,76,17,122,61,42,35,114,24,13,88" hai2="64,33,97,110,93,53,10,57,117,78,56,130,11" hai3="135,121,4,23,25,29,43,86,98,28,77,39,26"/><T119/><D134/><U102/><E122/><V100/><F110/><W116/><G116/><T32/><D32/><U104/><E114/><V94/><F117/><W63/><G135/><T89/><D129/><U87/><E3/><V80/><F33/><W38/><G121/><T108/><D126/><U106/><E76/><V62/><F94/><W52/><G4/><T60/><D108/><U14/><E42/><V125/><F125/><W132/><G132/><T31/><D31/><U69/><E102/><V85/><REACH who="2" step="1"/><F130/><REACH who="2" ten="363,275,298,54" step="2"/><W131/><G131/><T16/><D118/><U133/><E133/><V22/><F22/><W2/><G98/><T71/><D119/><U0/><E0/><V70/><F70/><W59/><G2/><T99/><D71/><U47/><E35/><V109/><F109/><W68/><G68/><T90/><D81/><U72/><E104/><V19/><F19/><W115/><G115/><T6/><D6/><U112/><E106/><V18/><F18/><W30/><G30/><T67/><D95/><U58/><E112/><V40/><F40/><W111/><G111/><T21/><D99/><U92/><E69/><V51/><AGARI ba="0,1" hai="10,11,51,53,56,57,62,64,78,80,85,93,97,100" machi="51" ten="20,8000,1" yaku="1,1,0,1,7,1,8,1,53,1" doraHai="36" doraHaiUra="74" who="2" fromWho="2" sc="363,-40,275,-20,298,90,54,-20" /><INIT seed="5,0,0,2,4,27" ten="323,255,388,34" oya="1" hai0="115,21,93,121,44,18,131,128,78,83,58,1,106" hai1="135,66,23,74,30,120,57,85,122,17,107,92,81" hai2="69,113,86,28,82,32,94,35,43,95,125,87,62" hai3="76,12,130,119,29,14,0,53,56,31,38,117,13"/><U2/><E107/><V88/><F43/><W110/><G38/><T50/><D106/><U77/><E2/><V97/><F125/><W11/><G76/><T72/><D1/><U22/><E135/><V129/><F129/><W59/><G130/><N who="0" m="49707" /><D121/><U126/><E126/><V60/><F35/><W37/><G37/><T64/><D93/><U42/><E42/><V3/><F69/><W4/><G110/><T67/><D58/><U5/><E5/><V61/><F3/><W127/><G127/><T123/><D123/><U105/><E105/><V48/><F48/><W26/><G26/><N who="0" m="14647" /><D115/><U89/><E30/><N who="3" m="11274" /><G53/><AGARI ba="0,0" hai="44,50,53,64,67,72,78,83" m="14647,49707" machi="53" ten="30,1000,0" yaku="19,1" doraHai="27" who="0" fromWho="3" sc="323,10,255,0,388,0,34,-10" /><INIT seed="6,0,0,3,4,14" ten="333,255,388,24" oya="2" hai0="99,8,112,69,36,13,24,26,86,94,65,130,44" hai1="16,81,114,21,61,2,59,48,70,56,87,9,73" hai2="126,50,11,104,32,84,133,98,93,49,43,22,113" hai3="85,82,54,129,57,118,102,92,29,119,110,111,35"/><V20/><F32/><W45/><G35/><T10/><D130/><U3/><E73/><V25/><F43/><W33/><G33/><T89/><D112/><U62/><E114/><V46/><F113/><W108/><G29/><T127/><D127/><U120/><E120/><V103/><F49/><W77/><G45/><T28/><D28/><U101/><E70/><V58/><F58/><W51/><REACH who="3" step="1"/><G129/><REACH who="3" ten="333,255,388,14" step="2"/><T31/><D31/><U75/><E59/><V131/><F131/><W115/><G115/><T116/><D44/><U134/><E56/><V37/><F126/><W106/><G106/><T71/><D69/><U83/><E3/><V60/><F46/><W39/><G39/><T38/><D71/><U91/><E2/><V72/><F37/><W17/><G17/><T52/><D36/><U0/><E16/><V124/><F104/><W123/><G123/><T128/><D38/><U90/><E0/><V78/><F124/><W27/><G27/><T97/><D128/><U122/><E122/><V88/><F25/><W19/><G19/><T132/><D26/><U96/><E62/><V1/><F60/><W109/><N who="3" m="27648" /><DORA hai="121" /><W5/><G5/><T100/><D24/><U41/><E61/><V7/><F7/><W55/><G55/><T6/><D52/><U40/><E40/><V53/><F53/><W117/><G117/><T4/><D116/><U135/><E41/><V64/><F50/><W76/><G76/><T12/><D6/><U105/><E48/><V47/><F78/><W30/><G30/><T34/><D4/><U63/><E63/><V66/><F1/><RYUUKYOKU ba="0,1" sc="333,-10,255,-10,388,-10,14,30" hai3="51,54,57,77,82,85,92,102,118,119" /><INIT seed="7,1,1,5,0,112" ten="323,245,378,44" oya="3" hai0="25,75,48,126,94,52,45,30,125,5,78,41,131" hai1="77,51,57,103,101,82,120,107,105,16,106,6,70" hai2="88,46,43,111,110,91,32,39,76,33,8,31,56" hai3="22,61,0,92,13,11,55,20,67,122,47,83,74"/><W113/><G122/><T18/><D5/><U116/><E70/><V59/><F76/><W35/><G35/><T84/><D131/><U12/><E120/><V34/><F31/><W132/><G113/><T79/><D75/><U128/><E128/><V17/><F17/><W40/><G132/><T9/><D41/><U133/><E133/><V73/><F8/><W58/><G0/><T65/><D65/><U28/><E6/><V129/><F73/><W87/><G92/><T86/><D18/><U119/><E28/><V1/><F1/><W37/><G74/><T42/><D9/><N who="1" m="6159" /><E57/><V115/><F129/><W96/><G96/><T19/><D19/><U26/><E26/><V62/><F115/><W109/><G109/><T134/><D134/><U118/><E51/><V130/><F59/><W2/><G2/><T81/><D94/><U60/><E60/><V44/><F130/><W27/><G27/><T29/><D29/><U38/><E38/><V80/><F46/><W64/><G64/><T36/><D30/><U85/><AGARI ba="1,1" hai="77,82,85,101,103,105,106,107,116,118,119" m="6159" machi="85" ten="40,8000,1" yaku="12,1,52,3,54,1" doraHai="112" who="1" fromWho="1" sc="323,-21,245,93,378,-21,44,-41" owari="302,-9.8,338,13.8,357,45.7,3,-49.7" /></mjloggm>