<mjloggm ver="2.3"><GO type="169" lobby="0"/><UN n0="%E6%A1%9C%E5%B0%8F%E8%B7%AF%E6%89%8D%E8%8F%AF" n1="%E7%94%9F%E4%BD%93%E3%81%AE%E6%A7%8B%E9%80%A0%31" n2="%E3%81%95%E3%82%88%E3%81%AA%E3%82%89%E3%83%9A%E3%81%BA%E3%83%9A" n3="%E6%B2%96%E3%83%92%E3%82%AB%E3%83%AB%EF%BC%88%E6%9C%AC%E7%89%A9%EF%BC%89" dan="16,16,16,18" rate="2177.60,2061.78,2123.60,2196.96" sx="M,M,F,F"/><TAIKYOKU oya="0"/><INIT seed="0,0,0,1,5,108" ten="250,250,250,250" oya="0" hai0="75,120,11,43,47,28,42,60,1,106,132,31,50" hai1="0,68,24,103,129,45,111,51,72,66,124,40,22" hai2="127,54,26,87,104,73,5,81,76,79,116,36,135" hai3="19,89,122,107,46,117,9,125,37,33,91,133,131"/><T115/><D120/><U88/><E111/><V70/><F36/><W114/><RYUUKYOKU type="yao9" ba="0,0" sc="250,0,250,0,250,0,250,0" hai3="9,19,33,37,46,89,91,107,114,117,122,125,131,133" /><INIT seed="0,1,0,0,2,32" ten="250,250,250,250" oya="0" hai0="15,39,87,127,60,70,29,80,27,38,97,46,101" hai1="110,98,131,76,17,78,4,50,92,6,135,73,48" hai2="5,18,23,8,2,88,11,43,47,42,25,24,45" hai3="114,12,122,85,35,83,120,61,55,16,134,90,58"/><T51/><D127/><U128/><E110/><V133/><F133/><W49/><G134/><T28/><D28/><U22/><E135/><V109/><F109/><W20/><G114/><T71/><D15/><U75/><E92/><V95/><F11/><W126/><G35/><T112/><D112/><U103/><E98/><V10/><F10/><W65/><REACH who="3" step="1"/><G126/><REACH who="3" ten="250,250,250,240" step="2"/><T31/><D39/><U69/><E131/><V113/><F113/><W66/><G66/><T129/><D38/><U107/><E128/><V89/><F25/><W34/><G34/><T81/><D129/><U116/><E116/><V91/><REACH who="2" step="1"/><F95/><REACH who="2" ten="250,250,240,240" step="2"/><W118/><G118/><T36/><D27/><U33/><E107/><V74/><F74/><W68/><AGARI ba="1,2" hai="12,16,20,49,55,58,61,65,68,83,85,90,120,122" machi="68" ten="30,4000,0" yaku="1,1,0,1,54,1,53,0" doraHai="32" doraHaiUra="93" who="3" fromWho="3" sc="250,-21,250,-11,240,-11,240,63" /><INIT seed="1,0,0,3,5,107" ten="229,239,229,303" oya="1" hai0="69,47,44,62,132,9,39,102,72,82,77,13,74" hai1="25,21,41,125,115,36,105,53,113,114,18,51,29" hai2="55,97,65,66,6,45,108,32,2,121,17,14,94" hai3="49,75,134,118,81,133,48,98,128,10,50,5,15"/><U60/><E105/><V80/><F121/><W1/><G118/><T89/><D132/><N who="3" m="50793" /><G128/><T20/><D102/><U92/><E125/><V59/><F32/><W73/><G1/><T87/><D20/><U135/><E135/><V35/><F108/><W24/><G81/><T90/><D90/><U127/><E127/><V93/><F35/><W38/><G38/><T79/><D69/><U86/><E60/><V46/><F2/><W12/><G12/><T91/><D62/><U52/><E36/><V88/><F6/><W85/><G85/><T104/><D104/><U28/><E41/><V11/><F80/><W3/><G3/><T57/><D57/><U131/><E53/><V33/><F33/><W4/><G4/><T30/><D30/><U120/><E131/><V103/><F65/><W78/><G78/><T126/><D126/><U7/><E7/><V64/><F64/><W0/><G0/><T68/><D68/><U16/><E29/><V34/><F66/><W96/><G24/><T43/><D79/><U100/><E120/><V42/><F34/><W27/><G27/><T8/><D77/><U76/><E76/><V56/><F42/><W101/><G98/><T124/><D124/><U119/><E119/><V67/><F67/><W95/><AGARI ba="0,0" hai="5,10,15,48,49,50,73,75,95,96,101" m="50793" machi="95" ten="30,4000,0" yaku="20,1,52,2" doraHai="107" who="3" fromWho="3" sc="229,-10,239,-20,229,-10,303,40" /><INIT seed="2,0,0,3,0,106" ten="219,219,219,343" oya="2" hai0="65,102,62,27,126,9,54,33,20,56,81,26,91" hai1="44,31,64,6,40,73,87,67,92,120,100,59,85" hai2="135,90,122,99,133,63,124,83,76,16,82,125,98" hai3="110,114,66,93,129,116,132,8,45,7,86,68,89"/><V101/><F63/><W58/><G116/><T88/><D126/><N who="2" m="48746" /><F16/><W18/><G68/><T94/><D33/><U123/><E31/><V119/><F119/><W29/><G18/><T74/><D9/><U46/><E6/><V50/><F50/><W25/><G45/><T51/><D102/><U28/><E28/><V112/><F122/><N who="1" m="46633" /><E59/><V15/><F15/><W115/><G58/><T117/><D117/><U134/><E134/><N who="2" m="51211" /><F112/><W21/><G115/><T13/><D13/><U78/><E46/><V72/><F101/><W103/><G103/><T24/><D20/><U80/><E64/><V95/><F83/><W49/><G114/><T36/><D36/><N who="1" m="21511" /><E67/><V30/><F30/><W2/><G66/><T55/><D55/><U12/><E12/><V5/><F5/><W121/><G7/><T52/><D54/><U108/><E108/><V71/><F71/><W47/><G110/><T32/><D32/><U34/><E34/><V4/><F4/><W118/><G29/><T128/><D65/><U69/><E69/><V22/><F22/><W109/><G21/><T37/><D37/><U11/><E11/><V130/><F99/><AGARI ba="0,0" hai="73,78,80,85,87,92,99,100" m="21511,46633" machi="99" ten="30,2000,0" yaku="13,1,52,1" doraHai="106" who="1" fromWho="2" sc="219,0,219,20,219,-20,343,0" /><INIT seed="3,0,0,0,2,15" ten="219,239,199,343" oya="3" hai0="83,130,77,90,14,9,92,63,58,81,21,135,25" hai1="13,91,51,0,34,17,123,59,111,109,27,18,82" hai2="33,23,121,66,132,116,79,43,6,103,40,101,113" hai3="47,1,88,4,108,86,127,53,71,30,65,104,46"/><W2/><G104/><T73/><D130/><U80/><E0/><V120/><F33/><W31/><G127/><T54/><D135/><U106/><E106/><V56/><F116/><W22/><G31/><T50/><D50/><U8/><E123/><V105/><F132/><W36/><G47/><T45/><D45/><U68/><E68/><V7/><F113/><W42/><G4/><T52/><D54/><N who="1" m="32223" /><E91/><V29/><F79/><W5/><G5/><T49/><D49/><U117/><E117/><V107/><F23/><W102/><G65/><T70/><D70/><U112/><E112/><V24/><F66/><W134/><G53/><T38/><D38/><U3/><E3/><V128/><F56/><W129/><G71/><T76/><D76/><U110/><E34/><V16/><F29/><W74/><G2/><T61/><D61/><U85/><E85/><V72/><F24/><W64/><G1/><T62/><D62/><U118/><E118/><V122/><F122/><W78/><G64/><T60/><D60/><U95/><E95/><V55/><F55/><W93/><G78/><T39/><D39/><U11/><E11/><V84/><F84/><W89/><G36/><T12/><D9/><U131/><E131/><V97/><F97/><W67/><G129/><T35/><D83/><N who="1" m="31787" /><E27/><V94/><F128/><W75/><G67/><T87/><REACH who="0" step="1"/><D35/><REACH who="0" ten="209,239,199,343" step="2"/><U100/><E100/><V32/><F32/><W96/><G46/><T125/><D125/><U57/><E57/><V98/><F120/><W37/><G134/><T20/><D20/><U124/><E124/><V28/><F121/><RYUUKYOKU ba="0,1" sc="209,15,239,15,199,-15,343,-15" hai0="12,14,21,25,52,58,63,73,77,81,87,90,92" hai1="8,13,17,18,109,110,111" /><INIT seed="4,1,1,5,1,3" ten="224,254,184,328" oya="0" hai0="61,123,110,43,26,51,135,13,113,62,52,119,129" hai1="127,89,18,21,41,93,115,57,10,95,11,86,130" hai2="54,19,78,48,38,49,4,77,50,116,121,103,102" hai3="111,73,46,101,16,66,132,53,104,133,79,114,31"/><T17/><D119/><U35/><E35/><V84/><F38/><W106/><G111/><T72/><D123/><U12/><E130/><V128/><F116/><W81/><G31/><T90/><D72/><U69/><E69/><V39/><F39/><W124/><G66/><T125/><D110/><U65/><E127/><V118/><F118/><W8/><G124/><T105/><D125/><U126/><E126/><V75/><F75/><W33/><G33/><T59/><D105/><U7/><E115/><V122/><F128/><W88/><G114/><T85/><D129/><U91/><E41/><V58/><F121/><W112/><G101/><T5/><D135/><N who="3" m="51785" /><G88/><T107/><D107/><U108/><E108/><V15/><F122/><W34/><G34/><T134/><D134/><U74/><E74/><V68/><F68/><W37/><G37/><T24/><D113/><U14/><E21/><V92/><F102/><W76/><G76/><T29/><D43/><U40/><E40/><V67/><F67/><W96/><G96/><T60/><D29/><U99/><E65/><V109/><F109/><W98/><G98/><T94/><REACH who="0" step="1"/><D5/><REACH who="0" ten="214,254,184,328" step="2"/><U83/><REACH who="1" step="1"/><E57/><REACH who="1" ten="214,244,184,328" step="2"/><V45/><F58/><W28/><G112/><T25/><D25/><U27/><E27/><V63/><F45/><W1/><G46/><T47/><D47/><U120/><E120/><V36/><F36/><W22/><G28/><T2/><D2/><U56/><E56/><V70/><F70/><W32/><G1/><T0/><D0/><U131/><E131/><V117/><F117/><W100/><G32/><T71/><D71/><RYUUKYOKU ba="1,3" sc="214,15,244,15,184,-15,328,-15" hai0="13,17,24,26,51,52,59,60,61,62,85,90,94" hai1="7,10,11,12,14,18,83,86,89,91,93,95,99" /><INIT seed="4,2,3,0,2,64" ten="229,259,169,313" oya="0" hai0="55,60,118,46,25,116,82,69,87,32,15,11,93" hai1="76,45,42,94,21,8,72,3,132,38,56,125,28" hai2="12,57,134,14,33,100,122,10,26,43,2,61,73" hai3="23,95,54,106,121,99,71,90,117,129,131,50,86"/><T36/><D93/><U19/><E125/><V30/><F122/><W77/><G117/><T40/><D32/><U62/><E132/><V128/><F73/><W29/><G121/><T91/><D25/><U112/><E112/><V107/><F134/><W85/><G71/><T0/><D0/><U27/><E94/><V98/><F128/><N who="3" m="49227" /><G77/><T51/><D60/><U114/><E114/><V58/><F43/><W96/><G23/><T41/><D69/><U74/><E76/><V49/><F49/><W101/><G29/><T111/><D111/><U68/><E68/><V135/><F135/><W103/><G103/><T59/><REACH who="0" step="1"/><D41/><REACH who="0" ten="219,259,169,313" step="2"/><U124/><E124/><V79/><F61/><W22/><G106/><T44/><D44/><U126/><E126/><V48/><F2/><W119/><G119/><T52/><D52/><U92/><E92/><V16/><F48/><W6/><G99/><T102/><D102/><U108/><E108/><V4/><REACH who="2" step="1"/><F79/><REACH who="2" ten="219,259,159,313" step="2"/><W7/><G50/><T37/><D37/><U97/><E3/><V34/><F34/><W20/><G54/><T113/><D113/><U81/><E62/><V47/><F47/><W1/><G1/><T115/><D115/><U65/><E45/><V66/><F66/><W75/><G101/><T123/><D123/><U70/><E65/><V80/><F80/><W78/><G78/><T83/><D83/><U67/><E81/><V31/><F31/><W110/><G110/><T24/><D24/><U35/><E28/><V17/><F17/><AGARI ba="2,5" hai="11,15,17,36,40,46,51,55,59,82,87,91,116,118" machi="17" ten="30,2900,0" yaku="1,1,7,1,53,0" doraHai="64" doraHaiUra="133" who="0" fromWho="2" sc="219,85,259,0,159,-35,313,0" /><INIT seed="4,3,0,4,1,116" ten="304,259,124,313" oya="0" hai0="80,3,42,70,18,57,96,107,38,114,67,83,11" hai1="9,126,65,81,88,36,73,64,31,74,108,86,58" hai2="100,53,124,102,117,119,44,93,128,106,104,69,103" hai3="110,13,20,121,1,120,97,98,101,94,45,8,30"/><T40/><D70/><U10/><E108/><V63/><F69/><W111/><G1/><T112/><D67/><U50/><E36/><V37/><F63/><W7/><G98/><T15/><D57/><U115/><E126/><V91/><F53/><W2/><G30/><T72/><D3/><U28/><E74/><V134/><F44/><W23/><G23/><T14/><D14/><U60/><E73/><V56/><F56/><W76/><G76/><T66/><D66/><U59/><E115/><N who="0" m="44073" /><D38/><U16/><E9/><V62/><F62/><W6/><G45/><T19/><D19/><U78/><E78/><V71/><F71/><W109/><REACH who="3" step="1"/><G20/><REACH who="3" ten="304,259,124,303" step="2"/><T33/><D33/><U46/><E46/><V5/><F37/><W47/><G47/><T26/><D42/><U39/><E39/><V135/><F5/><W89/><G89/><T27/><D40/><U123/><E28/><V87/><F124/><W22/><G22/><T34/><D34/><U105/><E31/><V54/><F54/><W4/><G4/><T32/><D32/><U95/><E65/><V41/><F41/><W24/><G24/><N who="0" m="9259" /><D72/><U29/><E29/><V99/><F128/><W49/><G49/><T0/><D0/><U48/><E50/><V122/><F122/><W12/><G12/><T90/><D90/><U130/><E123/><V129/><F129/><W84/><G84/><T55/><D55/><N who="1" m="32103" /><E130/><V82/><F87/><W21/><G21/><T113/><D113/><U43/><E43/><V79/><F91/><W75/><G75/><T25/><D25/><U118/><E88/><V132/><F79/><RYUUKYOKU ba="3,1" sc="304,15,259,-15,124,-15,303,15" hai0="11,15,18,80,83,96,107" hai3="2,6,7,8,13,94,97,101,109,110,111,120,121" /><INIT seed="4,4,1,2,4,85" ten="319,244,109,318" oya="0" hai0="112,1,30,109,63,27,28,9,50,53,77,10,4" hai1="113,41,47,16,8,82,126,64,65,91,74,52,67" hai2="48,86,66,40,18,20,94,131,3,99,31,15,45" hai3="125,111,61,120,81,21,102,62,36,123,78,84,97"/><T75/><D112/><U58/><E113/><V72/><F3/><W117/><G36/><T46/><D109/><U73/><E126/><V55/><F72/><W105/><G111/><T19/><D63/><U130/><E130/><V89/><F131/><W49/><G125/><T59/><D75/><U107/><E107/><V60/><F31/><W37/><G37/><T17/><D77/><U51/><E82/><V26/><F15/><W129/><G129/><T7/><D46/><U96/><E96/><V110/><F110/><W115/><G117/><T34/><REACH who="0" step="1"/><D28/><REACH who="0" ten="309,244,109,318" step="2"/><U93/><E74/><V80/><F66/><W56/><G115/><T104/><D104/><U0/><E73/><V106/><F106/><W44/><G62/><T25/><D25/><U11/><E67/><V39/><F60/><W43/><REACH who="3" step="1"/><G21/><REACH who="3" ten="309,244,109,308" step="2"/><T121/><D121/><U68/><E65/><AGARI ba="4,3" hai="43,44,49,56,61,65,78,81,84,97,102,105,120,123" machi="65" ten="40,2600,0" yaku="1,1,2,1,53,0" doraHai="85" doraHaiUra="14" who="3" fromWho="1" sc="309,0,244,-38,109,0,308,68" /><INIT seed="5,0,0,4,3,123" ten="309,206,109,376" oya="1" hai0="127,99,35,64,50,26,76,61,128,115,94,91,112" hai1="90,71,19,31,33,132,18,89,6,113,86,97,66" hai2="102,37,130,96,85,38,65,107,82,14,68,63,95" hai3="27,108,103,73,105,0,48,11,80,75,1,117,120"/><U12/><E113/><N who="0" m="43593" /><D128/><U67/><E132/><V24/><F130/><W52/><G117/><T59/><D127/><U40/><E40/><V60/><F14/><W53/><G120/><T20/><D76/><U30/><E71/><V114/><F114/><W87/><G53/><T118/><D50/><U121/><E33/><V62/><F38/><W3/><G103/><T28/><D118/><U135/><E135/><V5/><F5/><W124/><G105/><T16/><D35/><U111/><E6/><V49/><F37/><W92/><G92/><T42/><D42/><U54/><E19/><AGARI ba="0,0" hai="16,19,20,26,28,59,61,64,91,94,99" m="43593" machi="19" ten="30,2000,0" yaku="15,1,54,1" doraHai="123" who="0" fromWho="1" sc="309,20,206,-20,109,0,376,0" /><INIT seed="6,0,0,5,2,72" ten="329,186,109,376" oya="2" hai0="101,19,29,125,36,49,81,22,9,32,44,73,21" hai1="87,8,17,34,27,95,1,126,53,119,64,10,111" hai2="96,108,58,75,63,135,129,118,60,115,61,38,77" hai3="13,103,62,45,57,122,67,97,59,50,117,127,52"/><V86/><F118/><W98/><G122/><T0/><D125/><U116/><E111/><V80/><F115/><W82/><G127/><T89/><D101/><U110/><E110/><V94/><F108/><W74/><G117/><T68/><D68/><U15/><E126/><V128/><F38/><W55/><G74/><T43/><D49/><U48/><E64/><V47/><F47/><W2/><G2/><T123/><D123/><U76/><E10/><V4/><F4/><W7/><G82/><T5/><D89/><U31/><E1/><V51/><F135/><W85/><G85/><T88/><D19/><U12/><E12/><V39/><F39/><W69/><G69/><T124/><D124/><U26/><E26/><V28/><F28/><W66/><G66/><T18/><D18/><U120/><E120/><V46/><F58/><W23/><G103/><T25/><D88/><U121/><E121/><V90/><REACH who="2" step="1"/><F75/><REACH who="2" ten="329,186,99,376" step="2"/><W11/><G7/><T113/><D113/><U54/><E119/><V105/><F105/><W130/><G59/><T93/><D36/><U70/><E116/><V84/><F84/><W65/><G57/><T14/><D44/><U92/><E70/><V79/><F79/><W91/><G45/><T99/><D73/><U78/><E87/><V42/><AGARI ba="0,1" hai="42,46,51,60,61,63,77,80,86,90,94,96,128,129" machi="42" ten="30,6000,0" yaku="1,1,0,1,52,1,53,0" doraHai="72" doraHaiUra="71" who="2" fromWho="2" sc="329,-20,186,-20,99,70,376,-20" /><INIT seed="6,1,0,4,3,31" ten="309,166,169,356" oya="2" hai0="5,68,77,21,27,130,122,36,61,124,71,67,113" hai1="23,11,12,125,116,22,121,45,42,65,52,102,19" hai2="120,117,86,95,118,7,91,39,10,40,9,110,1" hai3="79,109,105,6,111,112,35,44,108,119,114,25,103"/><V59/><F120/><W2/><G119/><T41/><D122/><U81/><E116/><V56/><F110/><W66/><G79/><T135/><D113/><N who="3" m="43625" /><G66/><T72/><D130/><U55/><E121/><V33/><F33/><W15/><G44/><T28/><D135/><U131/><E125/><V83/><F117/><W63/><G63/><T14/><D124/><U46/><E131/><V87/><F118/><W93/><G93/><T92/><D92/><U69/><E102/><V30/><F30/><N who="3" m="19919" /><G15/><T101/><D61/><U26/><E81/><V128/><F128/><W80/><G80/><T18/><D67/><U88/><E46/><V133/><F133/><W85/><G85/><T123/><D123/><U96/><E65/><V8/><F39/><W17/><G17/><T129/><D129/><U78/><E78/><V57/><REACH who="2" step="1"/><F40/><REACH who="2" ten="309,166,159,356" step="2"/><W76/><G111/><T134/><D134/><U53/><E69/><V51/><F51/><W38/><G38/><T24/><D41/><U94/><REACH who="1" step="1"/><E26/><REACH who="1" ten="309,156,159,356" step="2"/><V74/><F74/><W3/><G109/><T73/><D68/><U98/><E98/><V104/><F104/><W90/><G105/><T84/><D71/><U49/><AGARI ba="1,2" hai="11,12,19,22,23,42,45,49,52,53,55,88,94,96" machi="49" ten="30,8000,1" yaku="1,1,0,1,8,1,54,2,53,0" doraHai="31" doraHaiUra="58" who="1" fromWho="1" sc="309,-21,156,103,159,-41,356,-21" /><INIT seed="7,0,0,0,1,57" ten="288,259,118,335" oya="3" hai0="45,29,133,78,34,95,108,15,103,42,97,113,28" hai1="68,134,2,86,127,53,37,121,98,1,63,26,51" hai2="102,129,64,87,128,72,84,114,12,125,106,14,112" hai3="130,38,94,47,10,132,69,44,123,135,48,32,25"/><W18/><G123/><T31/><D108/><U90/><E121/><V17/><F64/><W56/><G69/><T36/><D133/><U52/><E37/><V120/><F17/><W27/><G130/><T4/><D113/><U65/><E127/><V99/><F14/><W24/><G32/><T6/><D34/><U23/><E134/><V20/><F12/><W9/><G94/><T131/><D131/><U126/><E98/><V8/><F20/><W73/><G73/><T71/><D71/><U30/><E53/><V50/><F8/><W105/><G105/><T124/><D124/><U104/><E104/><V19/><F50/><W39/><G48/><T75/><D15/><U118/><E118/><V49/><F49/><W117/><G117/><T55/><D55/><U93/><REACH who="1" step="1"/><E126/><REACH who="1" ten="288,249,118,335" step="2"/><V0/><F19/><W115/><G39/><T89/><REACH who="0" step="1"/><D103/><REACH who="0" ten="278,249,118,335" step="2"/><U109/><E109/><V79/><F0/><W22/><G132/><T13/><D13/><U60/><E60/><V11/><F11/><W66/><G10/><T77/><D77/><U67/><E67/><V85/><F125/><W83/><G135/><T33/><D33/><U91/><E91/><V54/><F54/><W101/><G66/><T16/><D16/><U88/><E88/><V76/><F120/><W40/><G18/><T70/><D70/><U80/><E80/><AGARI ba="0,2" hai="4,6,28,29,31,36,42,45,75,78,80,89,95,97" machi="80" ten="40,1300,0" yaku="1,1,53,0" doraHai="57" doraHaiUra="5" who="0" fromWho="1" sc="278,33,249,-13,118,0,335,0" owari="311,11.1,236,-16.4,118,-38.2,335,43.5" /></mjloggm>