<mjloggm ver="2.3"><GO type="169" lobby="0"/><UN n0="%E9%9B%B2%E3%81%AE%E3%83%95%E3%83%89%E3%82%A6" n1="%E3%82%A8%E3%82%B0%E3%83%81%E3%80%81" n2="%70%6F%6B%6B%6F" n3="%E8%8D%92%E6%9C%A8%E6%AF%94%E5%A5%88" dan="16,16,16,16" rate="2099.41,2151.66,2023.22,2155.68" sx="M,M,M,F"/><TAIKYOKU oya="0"/><INIT seed="0,0,0,1,0,102" ten="250,250,250,250" oya="0" hai0="54,119,130,12,36,120,49,13,105,121,125,83,116" hai1="21,89,53,8,25,20,86,52,39,117,107,45,37" hai2="97,91,111,0,99,103,1,2,50,43,29,38,96" hai3="70,7,44,127,24,79,134,81,76,112,10,133,3"/><T41/><D130/><U114/><E117/><V56/><F111/><W55/><G112/><T92/><D125/><U110/><E110/><V40/><F38/><W71/><G127/><T9/><D13/><U4/><E114/><V63/><F29/><W64/><G24/><T23/><D23/><U82/><E107/><V69/><F69/><W132/><G64/><T11/><D11/><U14/><E21/><V65/><F91/><W15/><G15/><T17/><D83/><U84/><E84/><V5/><F5/><W72/><G76/><T46/><D92/><U124/><E124/><V22/><F50/><AGARI ba="0,0" hai="3,7,10,44,50,55,70,71,72,79,81,132,133,134" machi="50" ten="40,1300,0" yaku="20,1" doraHai="102" who="3" fromWho="2" sc="250,0,250,0,250,-13,250,13" /><INIT seed="1,0,0,4,3,132" ten="250,250,237,263" oya="1" hai0="106,81,29,64,96,40,76,77,134,55,2,46,72" hai1="38,24,67,115,32,83,79,36,4,5,34,75,49" hai2="107,127,80,41,8,105,48,56,71,11,128,86,122" hai3="133,65,103,10,16,51,66,9,78,113,85,118,25"/><U135/><E115/><V112/><F122/><W53/><G133/><T116/><D134/><U68/><E135/><V120/><F112/><W100/><G113/><T50/><D116/><U131/><E131/><V26/><F120/><W109/><G109/><T124/><D2/><U62/><E49/><V42/><F71/><W17/><G118/><T69/><D76/><U7/><REACH who="1" step="1"/><E24/><REACH who="1" ten="250,240,237,263" step="2"/><V59/><F26/><W1/><G25/><T12/><D50/><U35/><AGARI ba="0,1" hai="4,5,7,32,34,35,36,38,62,67,68,75,79,83" machi="35" ten="40,7800,0" yaku="1,1,2,1,0,1,53,0" doraHai="132" doraHaiUra="39" who="1" fromWho="1" sc="250,-26,240,88,237,-26,263,-26" /><INIT seed="1,1,0,0,4,34" ten="224,328,211,237" oya="1" hai0="110,101,86,118,83,43,92,131,103,69,71,29,95" hai1="56,5,76,135,109,42,2,74,64,121,38,128,111" hai2="31,129,49,47,122,54,84,60,89,130,80,65,10" hai3="45,68,120,7,123,70,41,13,78,73,97,85,46"/><U108/><E121/><V50/><F122/><W112/><G73/><T30/><D118/><U9/><E128/><N who="2" m="49259" /><F31/><W35/><G35/><T66/><D131/><U44/><E135/><V116/><F116/><W96/><G112/><T40/><D86/><U61/><E76/><V59/><F10/><W48/><G120/><T11/><D11/><U133/><E133/><V8/><F8/><N who="3" m="4255" /><G46/><T99/><D83/><U102/><E102/><V93/><F50/><W12/><G12/><T21/><D21/><U28/><E28/><V87/><F80/><N who="3" m="47255" /><G123/><T4/><D4/><U22/><E22/><V23/><F23/><W88/><G97/><AGARI ba="1,0" hai="47,49,54,59,60,65,84,87,89,93,97" m="49259" machi="97" ten="30,1000,0" yaku="19,1" doraHai="34" who="2" fromWho="3" sc="224,0,328,0,211,13,237,-13" /><INIT seed="2,0,0,0,2,104" ten="224,328,224,224" oya="2" hai0="131,114,2,121,119,44,111,12,65,46,107,38,37" hai1="19,47,4,28,112,85,3,31,57,16,134,36,125" hai2="21,10,58,40,27,135,26,62,100,128,18,90,59" hai3="91,130,24,132,52,20,122,13,73,72,81,96,15"/><V99/><F135/><W51/><G122/><T56/><D12/><U69/><E69/><V123/><F123/><W93/><G132/><T8/><D8/><U25/><E112/><V48/><F128/><W11/><G81/><T64/><D56/><U117/><E117/><V105/><F27/><W68/><G68/><T41/><D41/><U103/><E134/><V97/><F10/><W60/><G130/><T6/><D6/><U34/><E4/><V98/><F59/><N who="3" m="34919" /><G51/><T33/><D107/><U75/><E3/><V80/><F80/><W7/><G15/><T67/><D2/><U101/><E75/><V53/><REACH who="2" step="1"/><F90/><REACH who="2" ten="224,328,214,224" step="2"/><W78/><G78/><T83/><D131/><U126/><E25/><V115/><F115/><W95/><G95/><T49/><D121/><U55/><E57/><V106/><F106/><W79/><G79/><T94/><D114/><U1/><E47/><AGARI ba="0,1" hai="18,21,26,40,47,48,53,58,62,97,98,99,100,105" machi="47" ten="40,3900,0" yaku="1,1,53,1" doraHai="104" doraHaiUra="102" who="2" fromWho="1" sc="224,0,328,-39,214,49,224,0" /><INIT seed="2,1,0,2,5,39" ten="224,289,263,224" oya="2" hai0="88,54,35,57,33,71,55,129,108,84,9,11,115" hai1="72,44,135,94,133,81,128,17,52,76,21,130,105" hai2="64,0,124,43,110,38,97,8,104,19,85,93,73" hai3="95,113,78,117,87,12,111,118,116,83,20,15,101"/><V31/><F73/><W114/><G20/><T132/><D108/><U123/><E105/><V126/><F110/><W86/><G111/><T82/><D129/><N who="1" m="49771" /><E123/><V61/><F104/><W25/><G25/><T2/><D132/><N who="1" m="50763" /><E94/><V6/><F31/><W65/><G65/><T109/><D109/><U62/><E62/><V13/><F85/><N who="3" m="48375" /><G12/><T100/><D71/><U50/><E21/><V4/><F4/><W98/><G15/><T45/><D115/><AGARI ba="1,0" hai="86,87,95,98,101,113,114,115,116,117,118" m="48375" machi="115" ten="40,5200,0" yaku="11,1,34,2" doraHai="39" who="3" fromWho="0" sc="224,-55,289,0,263,0,224,55" /><INIT seed="3,0,0,0,5,53" ten="169,289,263,279" oya="3" hai0="18,40,126,75,84,94,100,1,26,99,82,95,21" hai1="49,42,29,97,121,134,83,119,19,66,16,22,54" hai2="116,109,70,4,105,61,131,20,106,111,63,0,51" hai3="48,123,5,101,31,88,15,91,10,74,72,32,120"/><W108/><G101/><T23/><D126/><U130/><E121/><V128/><F116/><W27/><G108/><N who="2" m="41545" /><F70/><W103/><G103/><T73/><D1/><U2/><E2/><V11/><F51/><W36/><G36/><T34/><D34/><U92/><E134/><V50/><F50/><W107/><G107/><N who="2" m="40969" /><F20/><W59/><G120/><T76/><D40/><U52/><E130/><AGARI ba="0,0" hai="0,4,11,61,63,128,130,131" m="40969,41545" machi="130" ten="40,2600,0" yaku="19,1,14,1" doraHai="53" who="2" fromWho="1" sc="169,0,289,-26,263,26,279,0" /><INIT seed="4,0,0,5,0,77" ten="169,263,289,279" oya="0" hai0="59,29,93,105,3,85,82,110,47,95,11,12,69" hai1="65,39,103,54,16,75,115,108,1,71,42,76,102" hai2="68,124,52,133,132,91,25,90,92,28,10,109,33" hai3="81,27,6,5,83,44,121,114,20,130,51,41,17"/><T26/><D105/><U30/><E108/><V104/><F104/><W101/><G114/><T22/><D69/><U80/><E115/><V117/><F68/><W73/><G73/><T67/><D110/><U135/><E135/><N who="2" m="51787" /><F109/><W9/><G130/><T38/><D3/><U125/><E125/><V79/><F124/><W120/><G101/><T106/><D106/><U126/><E1/><V89/><F10/><W119/><G119/><T87/><D38/><U50/><E126/><V35/><F79/><W70/><G70/><T64/><D47/><U84/><E42/><V43/><F43/><W63/><G63/><N who="0" m="38015" /><D67/><U13/><E30/><V23/><F117/><W98/><G98/><T74/><D74/><U31/><E31/><V0/><F0/><W36/><G36/><T123/><D123/><N who="3" m="47177" /><G9/><T32/><D32/><N who="2" m="12362" /><F52/><W78/><G78/><N who="0" m="46295" /><D87/><AGARI ba="0,0" hai="23,25,28,87,89,90,91,92" m="12362,51787" machi="87" ten="30,1000,0" yaku="20,1" doraHai="77" who="2" fromWho="0" sc="169,-10,263,0,289,10,279,0" /><INIT seed="5,0,0,0,3,84" ten="159,263,299,279" oya="1" hai0="40,28,57,88,14,8,48,32,100,118,110,91,123" hai1="79,109,25,19,55,12,34,3,85,52,63,87,51" hai2="65,105,56,1,22,119,23,44,103,73,5,35,126" hai3="66,27,30,62,95,16,70,99,111,80,43,38,101"/><U7/><E109/><V113/><F56/><W71/><G111/><T41/><D110/><U124/><E124/><V92/><F92/><W24/><G80/><T106/><D118/><U133/><E133/><V74/><F44/><W60/><G38/><T117/><D117/><U94/><E63/><V18/><F65/><W83/><G83/><T112/><D106/><U132/><E132/><V127/><F103/><W49/><G43/><N who="0" m="16459" /><D32/><U0/><E79/><V59/><F59/><W11/><G49/><T58/><D100/><U122/><E122/><V4/><F105/><W69/><G62/><T108/><D108/><U39/><E39/><V77/><F77/><W120/><G120/><T96/><D123/><U97/><E25/><V78/><F78/><W2/><G2/><T15/><D112/><U54/><E34/><V89/><F119/><W135/><G135/><T134/><D134/><U102/><E51/><V114/><F18/><W33/><REACH who="3" step="1"/><G24/><REACH who="3" ten="159,263,299,269" step="2"/><T36/><D36/><U6/><E0/><V75/><F1/><W67/><G67/><T53/><D28/><U29/><E29/><V26/><F26/><W37/><G37/><T17/><D96/><U98/><E97/><V45/><F114/><W81/><G81/><T76/><D76/><U50/><E3/><V107/><F113/><W125/><G125/><T21/><D57/><U13/><E50/><V64/><F126/><W90/><G90/><T104/><D104/><U47/><E47/><V131/><F107/><W9/><G9/><T72/><D72/><U129/><E98/><V86/><F75/><W31/><G31/><RYUUKYOKU ba="0,1" sc="159,15,263,-15,299,-15,269,15" hai0="8,14,15,17,21,48,53,58,88,91" hai3="11,16,27,30,33,60,66,69,70,71,95,99,101" /><INIT seed="6,1,1,3,5,58" ten="174,248,284,284" oya="2" hai0="23,45,42,53,11,6,87,72,94,82,83,122,51" hai1="104,63,67,39,3,81,73,92,124,96,84,106,57" hai2="103,95,102,97,128,90,50,46,109,88,112,35,9" hai3="80,43,132,62,78,89,91,22,28,71,74,16,68"/><V54/><F112/><W134/><G43/><T60/><D122/><U98/><E124/><V79/><F35/><W117/><G28/><T118/><D118/><U123/><E123/><V69/><F69/><W55/><G117/><T40/><D72/><U100/><E3/><V25/><F128/><W37/><G37/><T24/><D94/><U4/><E4/><V133/><F133/><N who="3" m="51307" /><G68/><T125/><D125/><U8/><E8/><V56/><F109/><W32/><G32/><T13/><D82/><U26/><E39/><V127/><F79/><W48/><G71/><T85/><D85/><U12/><E12/><V27/><F127/><W93/><G93/><T41/><D60/><U108/><E73/><V2/><F90/><W29/><G62/><T66/><D66/><U47/><E47/><V30/><F30/><W129/><G29/><T52/><D53/><U0/><E108/><V114/><F114/><W76/><G76/><T121/><D121/><U119/><E98/><V14/><F2/><W126/><G129/><T36/><D36/><U49/><E0/><V19/><REACH who="2" step="1"/><F56/><REACH who="2" ten="174,248,274,284" step="2"/><N who="3" m="32871" /><G126/><T10/><D6/><U107/><E119/><V44/><F44/><W113/><G113/><T105/><D45/><U110/><E57/><V130/><F130/><W116/><G116/><T21/><D40/><U131/><E131/><V75/><F75/><W70/><G70/><T77/><D41/><U65/><E100/><AGARI ba="1,2" hai="9,14,19,25,27,46,50,54,88,95,97,100,102,103" machi="100" ten="40,12000,1" yaku="1,1,8,1,54,1,53,1" doraHai="58" doraHaiUra="86" who="2" fromWho="1" sc="174,0,248,-123,274,143,284,0" /><INIT seed="6,2,0,1,4,13" ten="174,125,417,284" oya="2" hai0="34,79,67,70,21,115,92,39,12,105,80,43,14" hai1="81,118,91,27,59,107,28,75,68,5,4,82,53" hai2="95,122,131,15,125,42,47,20,49,135,72,87,96" hai3="9,62,112,33,121,71,73,54,23,35,127,128,58"/><V111/><F122/><W29/><G121/><T8/><D105/><U50/><E118/><V64/><F125/><W18/><G73/><T57/><D34/><U89/><E107/><V114/><F72/><W108/><G108/><T61/><D115/><U130/><E130/><V88/><F131/><W103/><G127/><T51/><D92/><U37/><E68/><V26/><F114/><W123/><G123/><T41/><D21/><U98/><E37/><V38/><F135/><W94/><G128/><T10/><D39/><U2/><E2/><V66/><F111/><W22/><G71/><T69/><D69/><U110/><E110/><V1/><F1/><W86/><G112/><T6/><D51/><U46/><E98/><V40/><F38/><W32/><G29/><T124/><D70/><U102/><E102/><V126/><F42/><W48/><G62/><T45/><D45/><U106/><E106/><V63/><F126/><W7/><G18/><T119/><D119/><U3/><E3/><V132/><F132/><W116/><G116/><T100/><D100/><U55/><E4/><V24/><F96/><W0/><REACH who="3" step="1"/><G103/><REACH who="3" ten="174,125,417,274" step="2"/><T83/><D124/><U17/><E17/><N who="2" m="10303" /><F63/><W78/><G78/><T109/><D79/><N who="1" m="44287" /><E5/><V134/><F134/><W129/><G129/><T113/><D109/><U133/><E133/><V56/><F56/><W77/><G77/><T74/><D113/><U30/><E30/><V52/><F40/><N who="0" m="15434" /><D74/><U11/><E91/><AGARI ba="2,1" hai="0,7,9,22,23,32,33,35,48,54,58,86,91,94" machi="91" ten="40,1300,0" yaku="1,1,53,0" doraHai="13" doraHaiUra="65" who="3" fromWho="1" sc="174,0,125,-19,417,0,274,29" /><INIT seed="7,0,0,4,4,0" ten="174,106,417,303" oya="3" hai0="84,49,1,123,133,28,6,109,91,26,62,60,119" hai1="120,97,131,43,29,56,9,81,117,18,95,99,7" hai2="59,51,5,52,86,64,57,73,134,94,111,45,125" hai3="80,38,69,15,83,66,78,13,107,129,104,115,24"/><W122/><G122/><T127/><D123/><U58/><E131/><V113/><F111/><W48/><G129/><T2/><D109/><U90/><E120/><V27/><F73/><W98/><G48/><T70/><D70/><U61/><E117/><V114/><F125/><W100/><G115/><N who="2" m="44041" /><F134/><W79/><G107/><T135/><D2/><U132/><E132/><N who="0" m="50761" /><D49/><U71/><E71/><V35/><F5/><W103/><G103/><T88/><D127/><U21/><E29/><N who="2" m="19903" /><F64/><W33/><G15/><T96/><D96/><U50/><E99/><V55/><F55/><W106/><G13/><T82/><D91/><AGARI ba="0,0" hai="45,51,52,57,59,86,91,94" m="19903,44041" machi="91" ten="30,2000,0" yaku="15,1,54,1" doraHai="0" who="2" fromWho="0" sc="174,-20,106,0,417,20,303,0" owari="154,-24.6,106,-39.4,437,53.7,303,10.3" /></mjloggm>