<mjloggm ver="2.3"><GO type="169" lobby="0"/><UN n0="%E3%83%90%E3%83%AA%E3%83%88%E3%83%B3" n1="%E4%B8%89%E5%B3%B6%E5%85%AB%E9%9B%B2" n2="%E7%8C%AA%E7%8B%A9%E5%AE%88" n3="%E7%AD%89%E3%80%85%E5%8A%9B%E5%8A%87%E5%A0%B4" dan="17,16,17,16" rate="2233.87,2187.10,2178.14,2144.00" sx="M,M,M,M"/><TAIKYOKU oya="0"/><INIT seed="0,0,0,2,4,34" ten="250,250,250,250" oya="0" hai0="116,134,122,54,31,4,129,84,70,85,94,35,30" hai1="130,97,72,120,64,18,87,92,105,68,90,48,79" hai2="96,93,41,19,100,82,33,6,95,128,131,133,38" hai3="14,104,110,24,101,69,1,108,81,67,25,113,58"/><T75/><D75/><U23/><E120/><V45/><F33/><W103/><G113/><T77/><D122/><U53/><E130/><N who="2" m="49707" /><F133/><W11/><G69/><T115/><D115/><U76/><E72/><V20/><F6/><W47/><G1/><T71/><D116/><U52/><E68/><V26/><F82/><W61/><G47/><T21/><D35/><U12/><E64/><V10/><F10/><W13/><G81/><T39/><D39/><U121/><E121/><V119/><F119/><W46/><G46/><T32/><D32/><U117/><E117/><V123/><F123/><W44/><G44/><T118/><D134/><U60/><E60/><V86/><F86/><W73/><G73/><T107/><D4/><U50/><E105/><AGARI ba="0,0" hai="19,20,26,38,41,45,93,95,96,100,105" m="49707" machi="105" ten="30,1000,0" yaku="19,1" doraHai="34" who="2" fromWho="1" sc="250,0,250,-10,250,10,250,0" /><INIT seed="1,0,0,5,2,14" ten="250,240,260,250" oya="1" hai0="123,27,128,117,41,58,32,106,0,91,72,56,82" hai1="38,85,92,24,3,107,40,112,62,39,97,80,130" hai2="116,86,93,28,74,37,45,87,68,4,53,12,49" hai3="109,7,67,1,113,105,26,133,34,118,89,98,60"/><U16/><E112/><V78/><F116/><W35/><G113/><T135/><D117/><U73/><E3/><V134/><F68/><W8/><G118/><T29/><D135/><U55/><E130/><V50/><F37/><W126/><G109/><T69/><D69/><U95/><E73/><V61/><F61/><W96/><G126/><T15/><D0/><U48/><E107/><V47/><F74/><W5/><G133/><T132/><D106/><U6/><E6/><V84/><F28/><W88/><G7/><T54/><D123/><U63/><E40/><V79/><F93/><W131/><G131/><T114/><D41/><U52/><E39/><V57/><F134/><W33/><G26/><T22/><D128/><U11/><E38/><V66/><F66/><W30/><G30/><T25/><D114/><U10/><E55/><N who="2" m="30127" /><F47/><W75/><G75/><T17/><D132/><U64/><E64/><V31/><F31/><W129/><G129/><T46/><D72/><U71/><E71/><V13/><F13/><W42/><G42/><T23/><D46/><N who="1" m="27671" /><E63/><V104/><F104/><W70/><REACH who="3" step="1"/><G105/><REACH who="3" ten="250,240,260,240" step="2"/><T36/><D36/><U119/><E119/><V81/><F79/><W100/><G100/><T51/><D27/><U94/><E24/><V127/><F127/><W65/><G65/><T122/><D122/><U90/><E97/><AGARI ba="0,1" hai="1,5,8,33,34,35,60,67,70,88,89,96,97,98" machi="97" ten="40,2600,0" yaku="1,1,54,1,53,0" doraHai="14" doraHaiUra="120" who="3" fromWho="1" sc="250,0,240,-26,260,0,240,36" /><INIT seed="2,0,0,5,5,42" ten="250,214,260,276" oya="2" hai0="24,121,3,86,36,12,32,37,113,98,49,20,94" hai1="118,18,111,67,9,81,19,125,40,54,134,115,60" hai2="104,23,53,46,1,45,114,90,117,109,47,10,55" hai3="119,83,48,27,2,99,116,130,88,85,129,120,39"/><V7/><F114/><W123/><G39/><T107/><D3/><U26/><E115/><V6/><F117/><N who="3" m="45131" /><G2/><T96/><D121/><N who="3" m="46665" /><G48/><T72/><D113/><U105/><E105/><V100/><F104/><W64/><G27/><T122/><D72/><U71/><E118/><V78/><F78/><W76/><G64/><T89/><D32/><U102/><E102/><V74/><F74/><N who="3" m="43415" /><G99/><T128/><D12/><U16/><E26/><V69/><F69/><W38/><G38/><T51/><D98/><U124/><E67/><V112/><F100/><W126/><G126/><T13/><D13/><U14/><E71/><V75/><F75/><W73/><G73/><T57/><D49/><U132/><E14/><V41/><F112/><W95/><AGARI ba="0,0" hai="85,88,95,129,130" m="43415,46665,45131" machi="95" ten="40,5200,0" yaku="34,2,54,1" doraHai="42" who="3" fromWho="3" sc="250,-13,214,-13,260,-26,276,52" /><INIT seed="3,0,0,3,1,115" ten="237,201,234,328" oya="3" hai0="8,100,75,55,51,36,120,50,116,77,131,114,83" hai1="128,40,87,63,43,38,134,121,4,57,31,124,10" hai2="104,97,61,64,108,5,78,30,26,3,73,18,6" hai3="110,11,56,19,35,117,135,122,44,98,91,85,15"/><W0/><G122/><T125/><D120/><U88/><E134/><V81/><F108/><W17/><G35/><T126/><D36/><U72/><E72/><V76/><F76/><W52/><G135/><T59/><D114/><U54/><E121/><V132/><F132/><W74/><G74/><T16/><D131/><U37/><E128/><V102/><F18/><W95/><G110/><T12/><D100/><U129/><E129/><V53/><F53/><W47/><G117/><T1/><D1/><U46/><E31/><V113/><F3/><W66/><G66/><T82/><D82/><U39/><E43/><V2/><F2/><W127/><G127/><N who="0" m="48651" /><D51/><U103/><E103/><V58/><F113/><W41/><G0/><T33/><D33/><AGARI ba="0,0" hai="5,6,26,30,33,58,61,64,73,78,81,97,102,104" machi="33" ten="30,1000,0" yaku="7,1" doraHai="115" who="2" fromWho="0" sc="237,-10,201,0,234,10,328,0" /><INIT seed="4,0,0,0,5,47" ten="227,201,244,328" oya="0" hai0="124,105,121,14,7,69,86,16,40,4,109,58,43" hai1="57,9,100,133,113,37,77,27,21,51,13,84,117" hai2="66,64,48,108,68,120,103,12,17,63,32,97,83" hai3="132,122,52,72,39,56,76,6,41,38,115,53,85"/><T45/><D69/><U28/><E117/><V73/><F120/><W101/><G72/><T31/><D121/><U34/><E37/><V5/><F108/><W36/><G122/><T130/><D105/><U65/><E133/><V131/><F66/><W67/><G115/><T50/><D109/><U90/><E113/><V106/><F131/><W81/><G132/><T129/><D124/><U1/><E100/><V119/><F119/><W62/><G41/><T126/><D126/><U95/><E77/><V54/><F5/><W102/><G6/><T26/><D40/><U30/><E1/><V88/><F32/><W11/><G11/><T70/><D70/><U82/><E28/><V55/><F73/><W46/><REACH who="3" step="1"/><G67/><REACH who="3" ten="227,201,244,318" step="2"/><T71/><D7/><U33/><E65/><V116/><F116/><W20/><G20/><T35/><D4/><N who="1" m="3239" /><E34/><V3/><F3/><W22/><G22/><T8/><D71/><U44/><E33/><V19/><F19/><W61/><G61/><T89/><REACH who="0" step="1"/><D58/><REACH who="0" ten="217,201,244,318" step="2"/><U79/><E57/><V107/><F68/><W110/><G110/><T94/><AGARI ba="0,2" hai="8,14,16,26,31,35,43,45,50,86,89,94,129,130" machi="94" ten="30,12000,1" yaku="1,1,2,1,0,1,52,1,54,1,53,0" doraHai="47" doraHaiUra="104" who="0" fromWho="0" sc="217,140,201,-40,244,-40,318,-40" /><INIT seed="4,1,0,5,2,92" ten="357,161,204,278" oya="0" hai0="120,129,24,86,47,63,21,102,97,105,119,37,45" hai1="127,121,53,9,48,107,130,123,72,132,78,10,98" hai2="28,118,38,76,87,131,126,36,0,100,81,59,29" hai3="51,40,68,42,33,80,77,15,122,69,117,23,73"/><T8/><D119/><U44/><E132/><V16/><F0/><W71/><G33/><T114/><D120/><U99/><E130/><V66/><F131/><W88/><G117/><T6/><D114/><U22/><E127/><V19/><F118/><W133/><G133/><T26/><D129/><U79/><E107/><V17/><F126/><W58/><G122/><T54/><D86/><U43/><E123/><V95/><F38/><W106/><G106/><T103/><D103/><U135/><E135/><V35/><F36/><W101/><G101/><T125/><D125/><U7/><E121/><V110/><F110/><W96/><G58/><T20/><D37/><U41/><E22/><V65/><F35/><W94/><REACH who="3" step="1"/><G51/><REACH who="3" ten="357,161,204,268" step="2"/><T115/><D115/><U128/><E128/><V32/><F32/><W11/><G11/><T12/><D63/><U90/><E10/><V64/><F59/><W2/><G2/><T109/><D109/><U57/><E57/><V39/><F39/><W124/><G124/><T84/><D102/><U13/><E9/><V34/><F34/><W14/><G14/><T60/><D12/><U116/><E13/><V30/><F100/><W82/><G82/><T75/><D8/><U25/><E48/><V113/><F113/><W93/><G93/><AGARI ba="1,1" hai="16,17,19,28,29,30,64,65,66,76,81,87,93,95" machi="93" ten="50,8000,1" yaku="29,2,8,1,54,1" doraHai="92" who="2" fromWho="3" sc="357,0,161,0,204,93,268,-83" /><INIT seed="5,0,0,3,3,60" ten="357,161,297,185" oya="1" hai0="6,57,47,18,61,20,40,51,110,121,46,108,56" hai1="52,92,128,31,16,0,4,25,63,70,127,34,27" hai2="97,35,86,98,118,87,12,123,120,93,41,102,116" hai3="129,48,67,126,39,28,7,135,78,131,11,5,53"/><U10/><E128/><N who="3" m="49226" /><G39/><T29/><D121/><N who="2" m="46666" /><F12/><W3/><G135/><T88/><D6/><U13/><E127/><V106/><F35/><W72/><G28/><T76/><D76/><U130/><E130/><V117/><F41/><W96/><G7/><T42/><D29/><U82/><E92/><V107/><F93/><W103/><G126/><T80/><D57/><U54/><E27/><V30/><F30/><W22/><G22/><T26/><D88/><U24/><E24/><V104/><F102/><W21/><G21/><T33/><D80/><U99/><E99/><AGARI ba="0,0" hai="86,87,97,98,99,104,106,107,116,117,118" m="46666" machi="99" ten="50,8000,1" yaku="28,2,34,2" doraHai="60" who="2" fromWho="1" sc="357,0,161,-80,297,80,185,0" /><INIT seed="6,0,0,1,5,35" ten="357,81,377,185" oya="2" hai0="21,87,38,56,13,59,90,37,80,66,122,25,55" hai1="8,43,114,32,111,60,22,98,112,27,1,44,135" hai2="113,105,100,41,51,64,19,63,102,49,115,81,104" hai3="24,107,11,50,53,117,29,83,91,94,93,119,0"/><V73/><F73/><W110/><G107/><N who="2" m="41033" /><F81/><W6/><G110/><T92/><D122/><U103/><E111/><V134/><F41/><W3/><G83/><T106/><D106/><U4/><E135/><V120/><F19/><W39/><G39/><T58/><D66/><U95/><E32/><V36/><F36/><W62/><G62/><T45/><D13/><U75/><E75/><V78/><F78/><W65/><G65/><T84/><D45/><U86/><E86/><V52/><F51/><W57/><G0/><T23/><D23/><U128/><E128/><V101/><F120/><W74/><G74/><T76/><REACH who="0" step="1"/><D55/><REACH who="0" ten="347,81,377,185" step="2"/><U130/><E130/><V88/><F64/><W77/><G53/><T99/><D99/><U124/><E124/><V85/><F52/><W47/><G47/><T109/><D109/><U48/><REACH who="1" step="1"/><E60/><REACH who="1" ten="347,71,377,185" step="2"/><V68/><F63/><W61/><G61/><T127/><D127/><U126/><E126/><V9/><F134/><W26/><G119/><T108/><D108/><U15/><E15/><V16/><F68/><W118/><G117/><T7/><D7/><U40/><E40/><V79/><F115/><W123/><G6/><T72/><D72/><U67/><E67/><V10/><F113/><W125/><G118/><T18/><AGARI ba="0,2" hai="18,21,25,37,38,56,58,59,76,80,84,87,90,92" machi="18" ten="30,2000,0" yaku="1,1,0,1,53,0" doraHai="35" doraHaiUra="28" who="0" fromWho="0" sc="347,40,71,-5,377,-10,185,-5" /><INIT seed="7,0,0,1,2,46" ten="387,66,367,180" oya="3" hai0="74,59,96,114,50,85,123,48,121,47,134,129,21" hai1="105,36,34,103,81,49,83,44,37,61,39,43,64" hai2="15,109,8,27,7,54,79,5,42,98,69,107,99" hai3="45,75,35,88,10,70,28,126,31,55,132,102,11"/><W113/><G75/><T66/><D74/><U60/><E34/><V94/><F109/><W52/><G70/><T127/><D127/><U89/><E105/><V1/><F69/><W62/><G113/><T29/><D114/><U16/><E103/><V130/><F42/><W57/><G132/><T19/><D134/><U6/><E6/><V72/><F107/><W26/><G126/><T17/><D129/><U106/><E106/><V68/><F68/><W125/><G125/><T4/><D4/><U9/><E89/><V41/><F41/><W87/><G102/><T110/><D96/><U25/><E61/><V115/><F115/><W40/><G55/><N who="0" m="32231" /><D66/><U120/><E120/><V95/><F130/><W124/><G124/><T90/><D110/><U82/><E25/><V86/><F72/><W97/><G97/><N who="2" m="36873" /><F27/><W56/><G56/><T77/><D77/><U51/><E51/><V91/><F5/><W108/><G108/><T30/><D123/><U80/><N who="1" m="20480" /><DORA hai="122" /><U32/><E32/><V112/><F1/><W23/><G31/><N who="0" m="11787" /><D21/><U53/><E43/><V3/><F3/><W128/><G128/><T104/><D104/><U135/><E135/><V117/><F117/><W13/><G35/><T65/><D65/><U73/><E73/><V100/><F100/><W33/><G33/><T12/><D12/><U22/><E9/><V133/><F112/><W24/><G26/><T2/><D2/><U119/><E119/><V38/><F38/><W78/><G13/><T131/><D131/><U63/><E64/><V84/><F133/><W101/><G101/><T18/><D121/><RYUUKYOKU ba="0,0" sc="387,-10,66,30,367,-10,180,-10" hai1="16,22,36,37,39,44,49,53,60,63" owari="377,47.7,96,-40.4,357,15.7,170,-23.0" /></mjloggm>