<mjloggm ver="2.3"><GO type="169" lobby="0"/><UN n0="%E3%81%AF%E3%81%92%E3%81%97%E3%81%8F%E3%82%A6%E3%83%84" n1="%E9%AB%98%E6%A9%8B%E8%89%AF%E5%A4%AA" n2="%67%61%79%75%6E%79" n3="%E3%81%86%E3%81%A1%E3%83%BC" dan="17,16,17,16" rate="2194.32,2164.01,2205.23,2157.61" sx="M,M,M,M"/><TAIKYOKU oya="0"/><INIT seed="0,0,0,0,5,3" ten="250,250,250,250" oya="0" hai0="87,108,57,117,9,17,61,113,130,16,28,83,101" hai1="82,29,31,121,104,35,102,98,18,47,68,23,43" hai2="60,97,92,30,13,110,88,62,51,95,59,81,74" hai3="78,114,8,39,44,79,21,52,123,96,14,1,118"/><T111/><D113/><U22/><E121/><V63/><F110/><N who="0" m="42026" /><D117/><U38/><E68/><V135/><F135/><W124/><G124/><T36/><D36/><U40/><E35/><V90/><F30/><W103/><G1/><T100/><D130/><U99/><E43/><V107/><F107/><W56/><G118/><T73/><D73/><U0/><E0/><V72/><F81/><W128/><G128/><T32/><D28/><U26/><E82/><V127/><F127/><W10/><G39/><T2/><D32/><U46/><E46/><V77/><F77/><W80/><G44/><T131/><D131/><U27/><REACH who="1" step="1"/><E99/><REACH who="1" ten="250,240,250,250" step="2"/><V71/><F71/><W85/><G123/><T86/><D2/><U109/><E109/><V125/><F125/><W122/><G122/><T5/><D87/><U69/><E69/><V20/><F74/><W50/><G114/><T112/><D112/><U93/><E93/><V91/><F72/><W116/><G116/><T120/><D120/><U64/><E64/><V54/><F95/><N who="3" m="58783" /><G79/><T89/><D100/><U66/><E66/><V53/><F53/><W33/><G33/><T48/><D101/><U58/><E58/><V24/><F97/><W19/><AGARI ba="0,1" hai="8,10,14,19,21,50,52,56,78,80,85" m="58783" machi="19" ten="30,2000,0" yaku="8,1,54,1" doraHai="3" who="3" fromWho="3" sc="250,-10,240,-5,250,-5,250,30" /><INIT seed="1,0,0,4,2,28" ten="240,235,245,280" oya="1" hai0="124,110,36,65,121,85,55,40,80,126,41,116,18" hai1="76,96,89,6,112,46,78,59,38,23,8,13,101" hai2="70,135,56,19,75,1,7,14,16,62,133,15,127" hai3="68,81,111,113,20,102,35,51,86,87,114,73,50"/><U26/><E112/><V45/><F70/><W120/><G120/><T77/><D116/><U11/><E89/><V60/><F75/><W84/><G111/><T130/><D110/><U79/><E11/><N who="2" m="2543" /><F127/><N who="0" m="48682" /><D121/><U66/><E38/><V74/><F45/><W93/><G68/><T10/><D130/><U95/><E46/><V128/><F74/><W33/><G20/><T107/><D107/><U134/><E134/><N who="2" m="51211" /><F128/><W24/><G93/><T49/><D65/><U58/><REACH who="1" step="1"/><E66/><REACH who="1" ten="240,225,245,280" step="2"/><V54/><F62/><W90/><G90/><T105/><D36/><U104/><E104/><V108/><F108/><W69/><G113/><T88/><D105/><U98/><E98/><V67/><F67/><W91/><G91/><T47/><D77/><U100/><E100/><V82/><F82/><W4/><G102/><T103/><D103/><U71/><E71/><V22/><F19/><AGARI ba="0,1" hai="6,8,13,19,23,26,58,59,76,78,79,95,96,101" machi="19" ten="40,7700,0" yaku="1,1,8,1,53,1" doraHai="28" doraHaiUra="9" who="1" fromWho="2" sc="240,0,225,87,245,-77,280,0" /><INIT seed="1,1,0,3,5,87" ten="240,312,168,280" oya="1" hai0="23,18,75,27,37,46,113,134,94,68,31,123,33" hai1="76,80,0,28,106,83,10,105,56,86,109,119,47" hai2="7,65,24,97,111,45,17,41,2,98,95,14,4" hai3="108,12,135,30,100,101,58,1,40,49,104,124,11"/><U81/><E119/><V129/><F2/><W103/><G1/><T16/><D113/><U66/><E28/><V9/><F129/><W125/><G108/><T54/><D75/><U55/><E66/><V50/><F111/><W107/><G30/><T93/><D68/><U21/><E109/><V82/><F65/><W130/><G130/><T132/><D123/><U77/><E47/><V25/><F82/><W63/><G135/><N who="0" m="51755" /><D18/><U51/><E83/><V3/><F98/><W52/><G40/><N who="0" m="22799" /><D54/><U110/><E110/><V34/><F34/><W35/><G49/><T114/><D114/><U36/><E36/><V88/><REACH who="2" step="1"/><F7/><REACH who="2" ten="240,312,158,280" step="2"/><N who="3" m="3199" /><G35/><T44/><D44/><U92/><E0/><V85/><F85/><W38/><G38/><T120/><D120/><U78/><E86/><V72/><F72/><W121/><G121/><T127/><D127/><AGARI ba="1,1" hai="52,58,63,100,101,103,104,107,124,125,127" m="3199" machi="127" ten="30,2000,0" yaku="18,1,54,1" doraHai="87" who="3" fromWho="0" sc="240,-23,312,0,158,0,280,33" /><INIT seed="2,0,0,0,3,60" ten="217,312,158,313" oya="2" hai0="5,76,32,77,75,58,59,67,56,108,123,89,70" hai1="114,98,90,8,16,63,113,104,45,91,87,69,27" hai2="92,62,88,99,101,111,78,15,130,65,116,33,19" hai3="107,21,135,43,10,82,120,100,50,30,79,61,68"/><V74/><F116/><W20/><G120/><T31/><D123/><U115/><E45/><V22/><F130/><W131/><G107/><T103/><D108/><U48/><E48/><V94/><F33/><W53/><G100/><T80/><D103/><U106/><E98/><V102/><F111/><W73/><G43/><T132/><D132/><U23/><E8/><V96/><F78/><W51/><G30/><T86/><D5/><U12/><E12/><V134/><F74/><W41/><G135/><T46/><D46/><U72/><E72/><V26/><F134/><W44/><G10/><T36/><D36/><U57/><E69/><V66/><F62/><W9/><G9/><T14/><D14/><U129/><E129/><V109/><F109/><W37/><G51/><T29/><D32/><U126/><E126/><V93/><F15/><W11/><G11/><T4/><D4/><U119/><E119/><V81/><F81/><W17/><G17/><T128/><D128/><U85/><E87/><AGARI ba="0,0" hai="19,22,26,65,66,87,88,92,93,94,96,99,101,102" machi="87" ten="30,18000,2" yaku="7,1,9,1,8,1,52,2,54,1" doraHai="60" who="2" fromWho="1" sc="217,0,312,-180,158,180,313,0" /><INIT seed="2,1,0,4,2,108" ten="217,132,338,313" oya="2" hai0="93,17,132,54,20,21,134,98,113,121,45,99,66" hai1="78,38,96,103,52,59,28,4,34,80,79,106,116" hai2="107,118,44,11,48,123,2,130,58,22,75,13,60" hai3="77,39,8,88,6,120,128,117,74,125,76,19,35"/><V50/><F2/><W68/><G68/><T104/><D121/><U51/><E38/><V62/><F123/><W82/><G120/><T57/><D66/><U97/><E116/><V63/><F107/><W73/><G35/><T27/><D45/><U89/><E4/><V47/><F75/><W133/><G39/><T30/><D113/><U9/><E9/><V40/><F118/><W25/><G117/><T70/><D70/><U24/><REACH who="1" step="1"/><E80/><REACH who="1" ten="217,122,338,313" step="2"/><V101/><F130/><W37/><G37/><T72/><D132/><U92/><AGARI ba="1,1" hai="24,28,34,51,52,59,78,79,89,92,96,97,103,106" machi="92" ten="30,7900,0" yaku="1,1,2,1,0,1,54,1,53,0" doraHai="108" doraHaiUra="41" who="1" fromWho="1" sc="217,-21,122,92,338,-40,313,-21" /><INIT seed="3,0,0,0,2,51" ten="196,214,298,292" oya="3" hai0="81,60,115,129,132,2,67,103,95,116,38,91,118" hai1="49,62,26,42,89,72,99,107,46,24,108,59,14" hai2="63,131,6,80,57,41,94,32,61,78,3,10,112" hai3="50,18,127,77,66,84,20,104,79,29,98,34,11"/><W23/><G34/><T45/><D2/><U56/><E72/><V88/><F112/><W135/><G135/><T111/><D132/><U128/><E108/><V120/><F131/><W117/><G117/><T22/><D111/><U15/><E128/><V16/><F120/><W102/><G127/><T74/><D129/><U64/><E107/><V27/><F41/><W124/><G66/><T21/><D115/><U110/><E110/><V65/><F63/><W0/><G124/><T133/><D133/><U76/><E76/><V90/><F94/><W125/><G84/><T73/><D103/><U33/><E33/><V47/><F47/><W40/><G23/><T17/><D22/><U55/><E99/><V92/><F92/><W48/><G29/><T36/><D116/><U9/><E89/><V39/><F39/><W114/><G114/><T19/><D19/><U28/><E28/><V31/><REACH who="2" step="1"/><F16/><REACH who="2" ten="196,214,288,292" step="2"/><W37/><G37/><T1/><D36/><U113/><E113/><V101/><F101/><W5/><G125/><T4/><D45/><U122/><E122/><V85/><AGARI ba="0,1" hai="3,6,10,27,31,32,57,61,65,78,80,85,88,90" machi="85" ten="20,8000,1" yaku="1,1,0,1,7,1,54,1,53,1" doraHai="51" doraHaiUra="7" who="2" fromWho="2" sc="196,-20,214,-20,288,90,292,-40" /><INIT seed="4,0,0,5,3,63" ten="176,194,378,252" oya="0" hai0="90,38,88,43,15,126,86,20,85,67,14,0,114" hai1="128,36,113,80,65,51,112,79,134,107,133,70,109" hai2="125,34,45,111,95,29,41,25,7,60,61,71,122" hai3="106,84,49,54,127,19,72,104,120,55,75,76,105"/><T6/><D114/><N who="1" m="44139" /><E109/><V35/><F122/><W3/><G3/><T130/><D130/><U108/><E108/><V77/><F111/><W123/><G127/><T124/><D0/><U110/><E110/><V66/><F125/><N who="0" m="48234" /><D38/><U115/><N who="1" m="44147" /><U74/><DORA hai="12" /><E36/><V24/><F77/><W121/><G19/><N who="0" m="10359" /><D43/><U5/><E107/><V98/><F7/><W46/><G55/><T39/><D39/><U87/><E128/><V78/><F78/><W131/><G131/><T83/><D67/><U57/><E5/><V4/><F4/><W13/><G13/><T32/><D32/><U8/><E8/><V89/><F61/><W58/><G46/><T42/><D42/><U31/><E31/><V33/><F25/><W47/><G47/><T101/><D101/><U62/><E74/><V17/><F17/><W22/><G22/><T103/><D103/><U92/><E92/><V94/><F95/><W64/><G64/><T82/><D15/><U129/><E129/><V73/><F73/><W93/><G93/><T11/><D6/><U40/><E40/><V56/><F71/><W26/><G75/><T10/><AGARI ba="0,0" hai="10,11,82,83,85,86,88,90" m="10359,48234" machi="10" ten="30,6000,0" yaku="18,1,52,1,54,1" doraHai="63,12" who="0" fromWho="0" sc="176,60,194,-20,378,-20,252,-20" /><INIT seed="4,1,0,1,5,101" ten="236,174,358,232" oya="0" hai0="112,69,13,23,56,50,100,7,105,117,126,84,81" hai1="131,33,10,19,129,16,61,121,70,120,20,78,25" hai2="114,110,34,3,85,72,39,88,35,135,28,45,62" hai3="106,98,21,133,17,29,22,58,104,75,124,130,113"/><T103/><D69/><U6/><E61/><V4/><F72/><W109/><G109/><T27/><D117/><U99/><E99/><V125/><F110/><W12/><G75/><T83/><D112/><U74/><E78/><V0/><F114/><W48/><G113/><T73/><D73/><U38/><E38/><V108/><F108/><W76/><G76/><T53/><D126/><U49/><E49/><V65/><F135/><W42/><G133/><T115/><D115/><U67/><E67/><V95/><F125/><W68/><G68/><T11/><D105/><U60/><E60/><V26/><F34/><W51/><G51/><T41/><D41/><U57/><E57/><V118/><F4/><W1/><G1/><T90/><REACH who="0" step="1"/><D81/><REACH who="0" ten="226,174,358,232" step="2"/><U66/><E74/><V47/><F118/><W134/><G104/><T77/><D77/><U8/><E70/><V87/><F95/><W128/><G124/><T15/><D15/><N who="1" m="7655" /><E66/><V122/><F65/><W94/><G42/><T37/><D37/><U80/><E80/><V59/><F39/><W82/><G82/><T9/><D9/><U123/><E33/><V5/><F35/><W52/><G134/><T116/><D116/><U97/><E97/><V107/><F107/><W127/><G127/><T43/><D43/><U36/><E36/><V63/><F85/><W14/><G106/><T55/><D55/><U111/><E111/><V93/><F87/><W32/><G32/><T31/><AGARI ba="1,1" hai="7,11,13,23,27,31,50,53,56,83,84,90,100,103" machi="31" ten="20,7800,0" yaku="1,1,0,1,7,1,8,1,53,0" doraHai="101" doraHaiUra="64" who="0" fromWho="0" sc="226,91,174,-27,358,-27,232,-27" /><INIT seed="4,2,0,0,1,35" ten="317,147,331,205" oya="0" hai0="68,6,109,40,3,17,28,56,115,134,13,130,85" hai1="0,63,99,2,1,70,71,10,82,80,61,110,64" hai2="53,51,44,23,31,132,29,113,94,43,38,65,126" hai3="67,74,111,90,120,78,5,30,46,55,112,79,83"/><T84/><D68/><U4/><E110/><V104/><F104/><W33/><G111/><T45/><D109/><U34/><E34/><V36/><F132/><W97/><G112/><T66/><D115/><U16/><E16/><V101/><F126/><W100/><G67/><T15/><D134/><U88/><E99/><V127/><F127/><W117/><G117/><T32/><D28/><U20/><E20/><V108/><F108/><W118/><G118/><T24/><D24/><U11/><E88/><V93/><F65/><W75/><G120/><T25/><D25/><U18/><E18/><V133/><F133/><W96/><G5/><T69/><D69/><N who="1" m="26123" /><E4/><V92/><F101/><W54/><G90/><T77/><D32/><U95/><E95/><V9/><F113/><W37/><G33/><T22/><D13/><U124/><E64/><V129/><F23/><W62/><G83/><N who="1" m="31786" /><E124/><V49/><F9/><AGARI ba="2,0" hai="0,1,2,9,10,11,61,63" m="31786,26123" machi="9" ten="40,8000,1" yaku="28,2,52,3" doraHai="35" who="1" fromWho="2" sc="317,0,147,86,331,-86,205,0" /><INIT seed="5,0,0,4,4,121" ten="317,233,245,205" oya="1" hai0="79,106,66,64,18,49,76,3,85,90,119,16,73" hai1="112,134,87,86,50,96,109,8,29,12,53,128,15" hai2="48,115,118,36,26,95,59,127,7,63,84,67,101" hai3="111,108,24,41,21,97,13,17,38,105,4,47,83"/><U102/><E112/><V120/><F36/><W45/><G45/><T100/><D119/><U131/><E29/><V103/><F118/><W132/><G132/><T62/><D3/><U56/><E134/><V107/><F107/><W78/><G4/><T122/><D122/><U2/><E2/><V31/><F120/><W9/><G97/><T81/><D79/><U37/><E37/><V11/><F127/><W130/><G105/><T33/><D33/><U35/><E35/><V80/><F95/><W89/><G89/><T22/><D49/><U46/><E46/><V117/><F115/><W30/><REACH who="3" step="1"/><G130/><REACH who="3" ten="317,233,245,195" step="2"/><T93/><D106/><U110/><E131/><V10/><F117/><W74/><AGARI ba="0,1" hai="9,13,17,21,24,30,38,41,47,74,78,83,108,111" machi="74" ten="20,12000,2" yaku="1,1,2,1,0,1,7,1,52,2,53,0" doraHai="121" doraHaiUra="94" who="3" fromWho="3" sc="317,-30,233,-60,245,-30,195,130" /><INIT seed="6,0,0,4,0,22" ten="287,173,215,325" oya="2" hai0="48,59,30,72,107,105,38,108,86,1,123,95,46" hai1="125,9,114,80,14,60,83,29,135,55,35,106,77" hai2="120,18,117,94,6,91,3,10,134,111,90,5,115" hai3="37,67,103,15,101,104,4,39,81,11,61,121,68"/><V116/><F120/><W63/><G121/><T16/><D123/><U56/><E106/><V27/><F134/><W76/><G63/><T92/><D108/><U126/><E135/><V109/><F6/><W2/><G15/><T50/><D72/><U97/><E97/><V7/><F7/><W54/><G54/><T23/><D1/><U28/><E83/><V45/><F45/><W119/><G119/><T43/><D30/><U113/><E29/><V52/><F115/><W133/><G103/><T96/><D86/><U118/><E118/><V66/><F66/><W110/><G110/><N who="2" m="41993" /><F91/><W129/><G129/><T127/><D127/><N who="1" m="48651" /><E28/><V82/><F82/><W41/><G41/><T64/><D95/><U51/><E35/><V20/><F52/><W33/><G33/><T8/><D38/><U25/><E113/><V69/><F69/><W71/><G71/><T26/><D48/><U19/><E51/><V84/><AGARI ba="0,0" hai="3,5,10,18,20,27,84,90,94,116,117" m="41993" machi="84" ten="30,3000,0" yaku="10,1,52,1" doraHai="22" who="2" fromWho="2" sc="287,-10,173,-10,215,30,325,-10" /><INIT seed="6,1,0,2,5,58" ten="277,163,245,315" oya="2" hai0="63,120,23,30,4,15,10,26,116,85,18,82,14" hai1="80,55,72,17,76,127,9,56,28,128,123,6,35" hai2="60,117,5,134,104,132,92,52,65,24,20,47,50" hai3="109,0,57,3,112,131,8,125,81,107,67,71,51"/><V84/><F104/><W113/><G109/><T108/><D108/><U70/><E70/><V115/><F117/><W64/><G71/><T79/><D116/><U59/><E35/><V42/><F5/><W31/><G31/><T122/><REACH who="0" step="1"/><D63/><REACH who="0" ten="267,163,245,315" step="2"/><U94/><E123/><V44/><F115/><W12/><G112/><T75/><D75/><U45/><E128/><V22/><F134/><W106/><G131/><T66/><D66/><U95/><E127/><V29/><F132/><W69/><G67/><T101/><D101/><U91/><E72/><V7/><F7/><W38/><G64/><T34/><AGARI ba="1,1" hai="4,10,14,15,18,23,26,30,34,79,82,85,120,122" machi="34" ten="20,2700,0" yaku="1,1,0,1,7,1,53,0" doraHai="58" doraHaiUra="110" who="0" fromWho="0" sc="267,40,163,-8,245,-14,315,-8" /><INIT seed="7,0,0,0,3,72" ten="307,155,231,307" oya="3" hai0="40,30,0,7,110,19,78,86,127,16,73,135,96" hai1="84,49,47,128,105,77,79,48,63,9,80,25,8" hai2="44,122,89,123,41,126,132,22,109,35,15,120,74" hai3="26,133,117,3,65,60,29,95,51,5,53,34,67"/><W36/><G36/><T113/><D110/><U70/><E105/><V6/><F35/><W2/><G117/><T66/><D135/><U108/><E108/><V28/><F109/><W64/><G133/><T106/><D127/><U97/><E128/><V43/><F126/><W100/><G60/><T90/><D30/><U45/><E97/><V55/><F132/><W11/><G95/><N who="0" m="54743" /><D66/><U62/><E25/><V54/><F74/><W50/><G100/><N who="0" m="62727" /><D40/><U61/><E70/><V129/><F129/><W92/><G92/><T14/><D0/><U42/><REACH who="1" step="1"/><E79/><REACH who="1" ten="307,145,231,307" step="2"/><V58/><F89/><W17/><G26/><T59/><D78/><U119/><E119/><V87/><F123/><W88/><G34/><T52/><D113/><U76/><E76/><V111/><F122/><W112/><G112/><T98/><D98/><U82/><E82/><V68/><F120/><W32/><G32/><T121/><D121/><U12/><E12/><V125/><F68/><W18/><G2/><T81/><D81/><U71/><E71/><V134/><F125/><W20/><G3/><T10/><D73/><U27/><E27/><V37/><F134/><W102/><G102/><T56/><D14/><U23/><E23/><V101/><F15/><W1/><G20/><T46/><D10/><U31/><E31/><V130/><F22/><W114/><G29/><T69/><D69/><U21/><E21/><V99/><F28/><W13/><G114/><T85/><D85/><U116/><E116/><V38/><F87/><W103/><G1/><T118/><D118/><U124/><E124/><V93/><F111/><RYUUKYOKU ba="0,1" sc="307,-10,145,30,231,-10,307,-10" hai1="8,9,42,45,47,48,49,61,62,63,77,80,84" /><INIT seed="8,1,1,3,3,96" ten="297,175,221,297" oya="0" hai0="10,77,11,94,62,32,19,61,83,14,38,57,109" hai1="128,6,20,16,112,123,73,48,66,91,124,67,84" hai2="107,35,87,37,106,41,0,98,24,56,15,13,9" hai3="114,92,33,44,115,110,7,82,97,34,131,133,95"/><T1/><D38/><U102/><E123/><V130/><F130/><W30/><G110/><T80/><D32/><U118/><E73/><V69/><F69/><W132/><G131/><T46/><D109/><U12/><E128/><V70/><F70/><W26/><G7/><T64/><D46/><U134/><E124/><V50/><F0/><W52/><G82/><T18/><D94/><N who="3" m="35881" /><G97/><T8/><D1/><U22/><E118/><V3/><F56/><W55/><G34/><T125/><D125/><U120/><E120/><V90/><F50/><N who="3" m="28743" /><G55/><T71/><D19/><N who="1" m="10343" /><E112/><V17/><F3/><W85/><G85/><T53/><D80/><N who="1" m="49543" /><E6/><V119/><F35/><W4/><G4/><T36/><D36/><U78/><E78/><V100/><F37/><W23/><G33/><T49/><D62/><U65/><E48/><V60/><F119/><W111/><G111/><T76/><D76/><U117/><E117/><V72/><F72/><AGARI ba="1,1" hai="8,10,11,14,18,49,53,57,61,64,71,72,77,83" machi="72" ten="30,1500,0" yaku="7,1" doraHai="96" who="0" fromWho="2" sc="297,28,175,0,221,-18,297,0" owari="325,42.5,175,-32.5,203,-19.7,297,9.7" /></mjloggm>