<mjloggm ver="2.3"><GO type="169" lobby="0"/><UN n0="%E3%81%8A%E3%81%90%E3%82%89%E3%82%86%E3%81%84" n1="%6B%73%77%72%74" n2="%E3%83%90%E3%82%AD" n3="%69%77%61%69%77%61" dan="16,16,16,17" rate="2028.50,2126.49,2129.49,2148.81" sx="M,M,M,M"/><TAIKYOKU oya="0"/><INIT seed="0,0,0,2,4,113" ten="250,250,250,250" oya="0" hai0="110,101,69,64,4,11,44,21,1,129,87,24,89" hai1="126,78,39,98,63,84,43,15,135,53,95,54,41" hai2="102,70,117,125,0,73,6,94,74,34,60,5,100" hai3="106,82,107,83,22,111,18,65,12,13,68,56,48"/><T57/><D69/><U128/><E126/><V31/><F34/><W133/><G111/><T8/><D110/><U67/><E128/><V46/><F31/><W108/><G108/><T80/><D129/><U49/><E135/><V118/><F125/><W10/><G68/><T51/><D101/><N who="2" m="39018" /><F94/><W105/><G133/><T62/><D4/><N who="2" m="1642" /><F46/><W88/><G82/><T119/><D119/><N who="2" m="45578" /><F0/><W134/><G134/><T97/><D97/><U127/><E98/><V58/><F70/><W75/><G105/><T132/><D132/><U29/><E95/><V77/><F77/><W37/><G106/><T7/><D7/><U92/><E29/><V47/><F47/><W25/><G107/><T114/><D1/><U85/><E92/><V59/><F59/><W27/><G56/><T124/><D124/><U9/><E78/><V121/><F121/><W40/><G83/><T2/><D2/><U86/><E127/><V122/><F122/><W116/><G116/><T52/><REACH who="0" step="1"/><D114/><REACH who="0" ten="240,250,250,250" step="2"/><U103/><E103/><V104/><F104/><W91/><G91/><T28/><AGARI ba="0,1" hai="8,11,21,24,28,44,51,52,57,62,64,80,87,89" machi="28" ten="20,18000,2" yaku="1,1,2,1,0,1,7,1,8,1,54,1,53,1" doraHai="113" doraHaiUra="79" who="0" fromWho="0" sc="240,190,250,-60,250,-60,250,-60" /><INIT seed="0,1,0,4,4,14" ten="430,190,190,190" oya="0" hai0="21,20,36,111,7,66,17,39,48,91,40,94,135" hai1="106,122,44,24,52,46,16,5,87,77,30,27,22" hai2="114,38,84,95,10,23,97,54,3,45,51,43,9" hai3="80,26,25,18,123,35,61,118,108,89,93,47,58"/><T127/><D66/><U130/><E122/><V53/><F114/><W72/><G118/><T69/><D69/><U50/><E106/><V6/><F84/><W42/><G108/><T116/><D116/><U1/><E130/><V76/><F76/><W71/><G71/><T115/><D115/><U117/><E117/><V19/><F10/><W85/><G35/><T32/><D32/><U15/><E1/><V0/><F0/><W128/><G128/><T4/><D48/><N who="1" m="28679" /><E30/><V98/><F38/><W68/><G68/><T2/><D2/><U101/><E101/><V119/><F119/><W81/><G26/><T33/><D33/><U73/><E73/><V134/><F134/><W65/><G72/><T125/><D135/><U132/><E5/><V126/><F126/><W41/><G41/><T11/><D40/><N who="1" m="24903" /><E132/><V129/><F129/><W133/><G123/><T75/><D75/><U78/><E78/><V109/><F109/><W28/><G28/><T131/><D111/><U88/><E77/><V67/><F67/><W103/><G103/><T74/><D131/><U124/><E124/><V64/><F64/><W110/><G110/><T82/><D74/><U49/><E49/><V8/><F51/><N who="3" m="27127" /><G133/><T56/><D127/><U83/><AGARI ba="1,0" hai="15,16,22,24,27,83,87,88" m="24903,28679" machi="83" ten="30,8000,1" yaku="8,1,52,1,54,3" doraHai="14" who="1" fromWho="1" sc="430,-41,190,83,190,-21,190,-21" /><INIT seed="1,0,0,0,3,83" ten="389,273,169,169" oya="1" hai0="135,33,19,13,113,29,68,2,100,96,35,8,64" hai1="37,39,23,25,133,42,54,127,84,27,1,24,111" hai2="66,92,121,128,61,30,49,20,52,112,15,115,97" hai3="87,106,40,46,85,74,51,4,5,71,62,98,107"/><U10/><E127/><V114/><F121/><W32/><G74/><T57/><D135/><U59/><E133/><V44/><F128/><W14/><G32/><T17/><D68/><U129/><E129/><V82/><F82/><W86/><G98/><T7/><D57/><U53/><E111/><V18/><F30/><W118/><G118/><T38/><D64/><U131/><E131/><V104/><F104/><W63/><G71/><T60/><D60/><N who="3" m="23081" /><G107/><T108/><D38/><U116/><E116/><V126/><F126/><W3/><G3/><T79/><D108/><U36/><E42/><V43/><F43/><W95/><G106/><T132/><D2/><U22/><E84/><V105/><F105/><W26/><G26/><T130/><D35/><U55/><REACH who="1" step="1"/><E59/><REACH who="1" ten="389,263,169,169" step="2"/><V125/><F125/><W101/><G101/><T99/><D100/><U12/><E12/><V70/><REACH who="2" step="1"/><F114/><REACH who="2" ten="389,263,159,169" step="2"/><W120/><G120/><T31/><D113/><U34/><E34/><V90/><AGARI ba="0,2" hai="15,18,20,44,49,52,61,66,70,90,92,97,112,115" machi="90" ten="30,7900,0" yaku="1,1,2,1,0,1,54,1,53,0" doraHai="83" doraHaiUra="73" who="2" fromWho="2" sc="389,-20,263,-39,159,99,169,-20" /><INIT seed="2,0,0,3,0,33" ten="369,224,258,149" oya="2" hai0="123,102,24,117,58,37,131,4,111,8,101,108,66" hai1="43,35,40,2,42,133,114,96,77,70,110,10,46" hai2="84,87,126,18,67,79,28,83,95,3,78,68,69" hai3="86,125,100,5,93,104,47,21,34,98,16,41,74"/><V20/><F3/><W25/><G125/><T124/><D123/><U105/><E114/><V121/><F121/><W6/><G74/><T72/><D37/><U19/><E70/><V103/><F126/><W38/><G34/><T71/><D72/><U129/><E35/><V65/><F28/><W1/><G1/><T55/><D24/><U128/><E110/><N who="0" m="42025" /><D131/><U15/><E133/><V61/><F103/><W54/><G104/><T82/><D82/><U73/><E2/><V12/><F95/><W52/><REACH who="3" step="1"/><G86/><REACH who="3" ten="369,224,258,139" step="2"/><T51/><D124/><U36/><E105/><V130/><F130/><N who="1" m="50281" /><E96/><V106/><F106/><W107/><G107/><T85/><D85/><U89/><E73/><V45/><F87/><W76/><G76/><T13/><D117/><U49/><E77/><V44/><REACH who="2" step="1"/><F79/><REACH who="2" ten="369,224,248,139" step="2"/><W11/><G11/><T94/><D8/><U27/><E10/><V135/><F135/><W63/><G63/><AGARI ba="0,2" hai="12,18,20,44,45,61,63,65,67,68,69,78,83,84" machi="63" ten="40,3900,0" yaku="1,1,9,1,53,0" doraHai="33" doraHaiUra="134" who="2" fromWho="3" sc="369,0,224,0,248,59,139,-39" /><INIT seed="2,1,0,2,1,131" ten="369,224,307,100" oya="2" hai0="84,87,126,7,101,63,5,10,113,83,119,108,70" hai1="1,117,86,29,44,46,55,127,49,123,80,89,3" hai2="34,2,18,27,72,20,103,13,31,24,122,53,116" hai3="28,105,65,36,71,37,47,102,68,62,91,129,121"/><V67/><F116/><W96/><G121/><T110/><D113/><U14/><E117/><V60/><F122/><W59/><G129/><T81/><D119/><U128/><E128/><V95/><F72/><W88/><G68/><T76/><D101/><U99/><E127/><V11/><F53/><W69/><G71/><T66/><D126/><U124/><E124/><V57/><F2/><W74/><G74/><T48/><D48/><U15/><E123/><V109/><F109/><N who="0" m="42090" /><D10/><U64/><E64/><V12/><F12/><W51/><G28/><T26/><D26/><U35/><E35/><V79/><F79/><AGARI ba="1,0" hai="5,7,63,66,70,76,79,81,83,84,87" m="42090" machi="79" ten="30,1000,0" yaku="14,1" doraHai="131" who="0" fromWho="2" sc="369,13,224,0,307,-13,100,0" /><INIT seed="3,0,0,3,2,10" ten="382,224,294,100" oya="3" hai0="110,116,97,102,63,61,104,50,17,41,95,98,38" hai1="120,91,59,58,90,129,9,57,62,42,64,75,13" hai2="12,71,124,99,28,117,33,34,16,121,0,47,72" hai3="79,113,67,37,108,15,23,68,115,43,3,66,82"/><W73/><G3/><T74/><D110/><U30/><E120/><V122/><F117/><W111/><G37/><T109/><D109/><N who="3" m="42057" /><G43/><T5/><D74/><U56/><E75/><V69/><F72/><W133/><G133/><T8/><D17/><U105/><E105/><V135/><F0/><W48/><G48/><T20/><D20/><U114/><E114/><N who="3" m="43530" /><G68/><T24/><D50/><U123/><E129/><V70/><F124/><W93/><G93/><T132/><D41/><U78/><E123/><N who="2" m="47115" /><F28/><W118/><G118/><T52/><D116/><U107/><E107/><V85/><F47/><W88/><G88/><N who="1" m="33834" /><E42/><V29/><F135/><W49/><G49/><T18/><D38/><U51/><E30/><V84/><F29/><W60/><G60/><T53/><D63/><U86/><E51/><V27/><F69/><W106/><G106/><T6/><D104/><U44/><E44/><V76/><F70/><W46/><G46/><T32/><D61/><U130/><E130/><V83/><F71/><W25/><G15/><T125/><D132/><U39/><E39/><V21/><F12/><W131/><G131/><T36/><D36/><U26/><E57/><V35/><F99/><W80/><G80/><T101/><D98/><U127/><E58/><V92/><F92/><W54/><G54/><T119/><D53/><U22/><E56/><V31/><F85/><W128/><G128/><T77/><D97/><U7/><E86/><V126/><F126/><W55/><G55/><T65/><D52/><U81/><E127/><V4/><F84/><W1/><G1/><T19/><D125/><RYUUKYOKU ba="0,0" sc="382,-10,224,-10,294,-10,100,30" hai3="23,25,66,67,73,79,82" /><INIT seed="3,1,0,3,3,65" ten="372,214,284,130" oya="3" hai0="117,7,37,89,78,21,114,55,52,49,59,113,108" hai1="62,98,30,33,100,84,15,6,54,86,0,92,35" hai2="67,44,58,3,68,17,115,25,12,13,122,27,103" hai3="40,70,71,91,57,133,118,94,107,28,56,97,130"/><W24/><G118/><T85/><D108/><U45/><E0/><V129/><F115/><N who="0" m="44042" /><D37/><U112/><E112/><V23/><F3/><W83/><G130/><T18/><D7/><U72/><E72/><V101/><F129/><W43/><G133/><T51/><D78/><U48/><E35/><V64/><F122/><W22/><G107/><T131/><D117/><U2/><E2/><V9/><F68/><W60/><G56/><T16/><D21/><U110/><E110/><V8/><F44/><W1/><G1/><T134/><D134/><U123/><E123/><V11/><F12/><W75/><G75/><T95/><D131/><U102/><E102/><N who="2" m="38923" /><F58/><AGARI ba="1,0" hai="16,18,49,51,52,55,58,59,85,89,95" m="44042" machi="58" ten="30,3900,0" yaku="11,1,54,2" doraHai="65" who="0" fromWho="2" sc="372,42,214,0,284,-42,130,0" /><INIT seed="4,0,0,0,2,46" ten="414,214,242,130" oya="0" hai0="123,90,100,21,126,37,56,131,47,75,87,122,27" hai1="71,110,66,86,88,115,41,24,38,58,113,111,19" hai2="9,93,73,17,22,4,45,25,76,16,85,124,52" hai3="117,104,107,68,108,99,134,89,109,50,48,84,81"/><T20/><D75/><U49/><E71/><V7/><F124/><W2/><G117/><T125/><D100/><U69/><E69/><V13/><F73/><W39/><G39/><T1/><D1/><U77/><E77/><V44/><F44/><W36/><G36/><T61/><D47/><N who="1" m="25839" /><E38/><V63/><F93/><W54/><G68/><T51/><D37/><U18/><E66/><V98/><F98/><W70/><G70/><T5/><D131/><U128/><E58/><N who="2" m="35271" /><F45/><W59/><G2/><T133/><D123/><U121/><E121/><V72/><F72/><W32/><G32/><T62/><D122/><U119/><E119/><V118/><F118/><W80/><G134/><T106/><D56/><U26/><E128/><V14/><F25/><W3/><G3/><T53/><D27/><U74/><E74/><V42/><F42/><W127/><G127/><T91/><D106/><U60/><E60/><V55/><F55/><W112/><G99/><T23/><D133/><U57/><E57/><V120/><F120/><W96/><G96/><T79/><D125/><U102/><E26/><V82/><AGARI ba="0,0" hai="4,7,9,13,14,16,17,22,76,82,85" m="35271" machi="82" ten="30,4000,0" yaku="8,1,54,2" doraHai="46" who="2" fromWho="2" sc="414,-20,214,-10,242,40,130,-10" /><INIT seed="5,0,0,0,0,107" ten="394,204,282,120" oya="1" hai0="125,128,47,34,55,91,129,4,135,110,16,2,99" hai1="18,60,111,30,118,31,103,15,92,108,44,87,41" hai2="71,119,102,38,65,131,37,45,7,86,112,49,89" hai3="52,32,98,40,101,19,81,75,97,57,22,122,116"/><U46/><E118/><V133/><F119/><W53/><G32/><T62/><D110/><N who="1" m="42027" /><E60/><V11/><F131/><W82/><G122/><T72/><D34/><U56/><E56/><V113/><F133/><W79/><G116/><T96/><D72/><U50/><E44/><V13/><F102/><W78/><G40/><T23/><D62/><U88/><E103/><V10/><F10/><AGARI ba="0,0" hai="10,15,18,30,31,41,46,50,87,88,92" m="42027" machi="10" ten="30,2900,0" yaku="10,1,54,1" doraHai="107" who="1" fromWho="2" sc="394,0,204,29,282,-29,120,0" /><INIT seed="5,1,0,2,2,116" ten="394,233,253,120" oya="1" hai0="7,92,58,52,70,36,50,25,60,4,105,23,94" hai1="20,1,125,33,118,65,28,64,30,37,43,68,8" hai2="24,34,103,48,107,93,120,77,134,5,100,15,3" hai3="95,18,45,106,127,111,29,88,99,55,63,35,102"/><U135/><E118/><V42/><F107/><W130/><G111/><T51/><D36/><U86/><E33/><V133/><F3/><W69/><G127/><T31/><D105/><U39/><E135/><N who="2" m="51723" /><F77/><W2/><G2/><T124/><D70/><U11/><E68/><V21/><F34/><W73/><G130/><T27/><D27/><U6/><E125/><V109/><F109/><W40/><G18/><T81/><D81/><U38/><E43/><V83/><F83/><W32/><G73/><T14/><D124/><U96/><E96/><V128/><F93/><N who="0" m="35946" /><D14/><U54/><E86/><V110/><F128/><W17/><G17/><T84/><D84/><U74/><E74/><V89/><F15/><W61/><G55/><N who="0" m="33887" /><D50/><U131/><E131/><V71/><F48/><W112/><G112/><T49/><D49/><U66/><E54/><V132/><F110/><W82/><G82/><T98/><D98/><U75/><E75/><V44/><F24/><W26/><G35/><T121/><D121/><U72/><E72/><V67/><F120/><W22/><G32/><T113/><D113/><U115/><E115/><V53/><F53/><W97/><REACH who="3" step="1"/><G69/><REACH who="3" ten="394,233,253,110" step="2"/><T13/><D4/><U117/><E117/><V104/><F5/><W10/><G10/><T79/><D7/><U91/><E11/><V119/><F71/><W123/><G123/><T76/><D31/><U62/><E28/><V126/><F126/><W47/><G47/><T85/><D52/><U57/><E30/><V12/><F119/><W19/><G19/><T16/><D16/><U46/><E6/><V0/><F132/><RYUUKYOKU ba="1,1" sc="394,-10,233,-10,253,-10,110,30" hai3="22,26,29,40,45,61,63,88,95,97,99,102,106" /><INIT seed="6,2,1,4,0,6" ten="384,223,243,140" oya="2" hai0="109,41,131,91,57,27,87,113,16,93,25,80,0" hai1="68,130,76,8,63,48,38,69,96,67,62,122,126" hai2="54,75,24,1,2,72,32,116,13,30,66,128,119" hai3="12,121,9,83,108,43,106,10,95,35,22,78,71"/><V47/><F128/><W120/><G106/><T50/><D109/><U26/><E38/><V132/><F132/><W127/><G71/><T85/><D0/><U37/><E37/><V19/><F66/><W7/><G35/><T114/><D131/><U133/><E133/><V33/><F33/><W39/><G108/><T103/><D103/><U4/><E130/><V53/><F75/><W31/><G127/><T101/><D101/><U70/><E126/><V28/><F28/><W89/><G43/><T42/><D113/><U107/><E122/><V3/><F72/><W77/><G39/><T112/><D112/><U125/><E125/><V124/><F124/><W86/><G77/><T23/><D27/><U34/><E48/><V135/><F135/><W94/><G94/><T45/><D57/><U90/><E76/><V40/><F119/><W73/><REACH who="3" step="1"/><G9/><REACH who="3" ten="384,223,243,130" step="2"/><T20/><D114/><U5/><E8/><V29/><F40/><W56/><G56/><T110/><D42/><U92/><E107/><V118/><F116/><W81/><G81/><T60/><D80/><U49/><E70/><V99/><F118/><W44/><G44/><T117/><D45/><U111/><E111/><V88/><F47/><W52/><G52/><T36/><D41/><U97/><E69/><V115/><F54/><W65/><G65/><T21/><D36/><U11/><E67/><V64/><F53/><W123/><G123/><T46/><D117/><U17/><E34/><N who="2" m="20775" /><F64/><W14/><G14/><T74/><D110/><U58/><E58/><V59/><F59/><W98/><G98/><N who="1" m="37994" /><E68/><V82/><F13/><RYUUKYOKU ba="2,2" sc="384,-10,223,-10,243,-10,130,30" hai3="7,10,12,22,31,73,78,83,86,89,95,120,121" /><INIT seed="7,3,2,1,4,135" ten="374,213,233,160" oya="3" hai0="114,88,113,74,96,100,65,115,73,134,61,41,72" hai1="77,29,123,133,32,42,43,40,128,78,23,57,37" hai2="34,36,120,44,109,33,106,101,30,75,104,107,51" hai3="6,84,54,8,118,62,121,119,1,58,22,39,52"/><W125/><G121/><T11/><D134/><U53/><E123/><V38/><F109/><W126/><G39/><T129/><D129/><U2/><E37/><V97/><F120/><W76/><G54/><T112/><D112/><U19/><E128/><V24/><F75/><W111/><G111/><T124/><D124/><N who="3" m="47721" /><G22/><T63/><D88/><U108/><E2/><V5/><F5/><W3/><G3/><T17/><D65/><U7/><E7/><V102/><F34/><W89/><G76/><T116/><D41/><U105/><E108/><V25/><F25/><W68/><G68/><T49/><D115/><U66/><E32/><V15/><F15/><W91/><G91/><T20/><D113/><U64/><E78/><V67/><F67/><W56/><G56/><T48/><D114/><U69/><E77/><V47/><F36/><W59/><G59/><T130/><D20/><U131/><E133/><V132/><F132/><W18/><G18/><T45/><D17/><U117/><E19/><V85/><F38/><W60/><G60/><T12/><D63/><U80/><E69/><V35/><F35/><W71/><G71/><T10/><D61/><U81/><E131/><V27/><F33/><W82/><AGARI ba="3,2" hai="1,6,8,52,58,62,82,84,89,118,119" m="47721" machi="82" ten="30,12000,1" yaku="18,1,52,3,54,1" doraHai="135" who="3" fromWho="3" sc="374,-43,213,-43,233,-43,160,149" /><INIT seed="7,4,0,3,4,42" ten="331,170,190,309" oya="3" hai0="128,125,1,107,86,135,73,28,8,123,100,18,30" hai1="11,14,74,54,105,13,114,9,91,68,75,99,57" hai2="69,64,62,111,53,5,36,4,103,83,61,32,33" hai3="31,16,113,29,2,78,85,118,43,70,95,101,15"/><W22/><G118/><T126/><D73/><U37/><E68/><V109/><F36/><W108/><G2/><T3/><D123/><U131/><E37/><V45/><F103/><W60/><G113/><T49/><D128/><U133/><E133/><V82/><F45/><W104/><G104/><T77/><D135/><U0/><E0/><N who="0" m="73" /><D49/><U79/><E114/><V94/><F94/><W67/><G108/><T10/><D100/><U81/><E75/><V88/><F53/><W132/><G132/><T65/><D65/><U63/><E131/><V96/><F96/><W35/><G35/><N who="2" m="13385" /><F88/><W23/><G23/><T7/><D107/><U89/><E105/><V90/><F90/><W6/><G6/><N who="2" m="2665" /><F69/><W25/><G25/><T12/><D86/><U17/><E99/><V59/><F59/><W46/><G101/><T41/><D77/><U20/><E20/><V76/><F64/><W106/><G106/><T66/><D41/><U122/><E122/><V21/><F21/><W47/><G47/><T27/><D66/><U44/><E44/><V38/><F38/><W72/><G72/><T87/><D87/><U121/><E121/><V40/><F40/><W98/><G98/><T116/><D116/><U129/><E129/><V115/><F115/><W110/><G110/><N who="2" m="41993" /><F76/><W119/><G119/><T127/><D127/><U39/><E39/><V52/><F52/><W120/><G120/><T34/><D126/><U112/><E112/><V55/><F55/><W71/><G71/><T80/><D125/><U117/><E117/><V26/><F26/><W19/><G78/><T84/><D27/><RYUUKYOKU ba="4,0" sc="331,-15,170,15,190,15,309,-15" hai1="9,11,13,14,17,54,57,63,74,79,81,89,91" hai2="61,62,82,83" owari="316,41.6,185,-31.5,205,-19.5,294,9.4" /></mjloggm>