<mjloggm ver="2.3"><GO type="169" lobby="0"/><UN n0="%E3%81%8B%E3%82%81%E3%81%98%E3%82%8D%E3%81%86" n1="%E3%83%88%E3%82%B7%E3%83%95%E3%83%BC%E3%83%8B" n2="%E8%B1%86%E3%83%80%E3%83%9E%E8%AD%A6%E5%AF%9F" n3="%E3%82%B5%E3%83%96%E3%82%A2%E3%83%A9%E3%83%89" dan="16,16,17,16" rate="2128.19,2135.55,2191.91,2049.93" sx="M,M,M,M"/><TAIKYOKU oya="0"/><INIT seed="0,0,0,1,2,112" ten="250,250,250,250" oya="0" hai0="39,97,13,52,103,132,80,60,105,124,115,40,135" hai1="8,68,96,131,15,32,108,81,1,23,72,19,26" hai2="7,85,62,0,59,9,4,51,94,71,77,56,130" hai3="102,70,34,89,55,107,28,25,45,104,114,20,43"/><T27/><D115/><U76/><E108/><V113/><F113/><W121/><G114/><T118/><D124/><U133/><E133/><V99/><F130/><W24/><G121/><T46/><D118/><U90/><E131/><V126/><F126/><W42/><G70/><T14/><D80/><U79/><E68/><V74/><F74/><W120/><G120/><T50/><D27/><U53/><E76/><V101/><F7/><W92/><G102/><T18/><D60/><U134/><E134/><N who="0" m="51241" /><D18/><U17/><E53/><V109/><F109/><W21/><G34/><T75/><D75/><U93/><E1/><V67/><REACH who="2" step="1"/><F51/><REACH who="2" ten="250,250,240,250" step="2"/><W84/><G107/><T6/><D6/><U65/><E32/><V16/><F16/><N who="3" m="12295" /><G104/><T11/><D11/><U63/><E63/><V116/><F116/><W12/><G12/><T33/><D33/><U100/><REACH who="1" step="1"/><E65/><REACH who="1" ten="250,240,240,250" step="2"/><V31/><F31/><W119/><G119/><T87/><D87/><U30/><E30/><V129/><F129/><W58/><G45/><AGARI ba="0,2" hai="13,14,39,40,45,46,50,52,97,103,105" m="51241" machi="45" ten="30,2900,0" yaku="20,1,54,1" doraHai="112" who="0" fromWho="3" sc="250,49,240,0,240,0,250,-29" /><INIT seed="0,1,0,3,4,48" ten="299,240,240,221" oya="0" hai0="84,118,69,83,80,126,90,85,67,70,122,61,40" hai1="4,103,124,47,3,17,91,52,62,128,58,50,123" hai2="55,102,65,106,57,109,95,20,38,79,68,119,107" hai3="77,63,22,101,51,27,96,24,56,41,1,82,21"/><T66/><D122/><U34/><E34/><V73/><F109/><W33/><G1/><T104/><D104/><U100/><E123/><V105/><F38/><W74/><G33/><T111/><D126/><U60/><E128/><V5/><F119/><W120/><G120/><T16/><D118/><U110/><E110/><V32/><F5/><W117/><G117/><T113/><D113/><U11/><E124/><V89/><F32/><W35/><G35/><T15/><D111/><U108/><E108/><V53/><F102/><W23/><G51/><T36/><D40/><U94/><E17/><V71/><F79/><W99/><G41/><T121/><D36/><U131/><E131/><V9/><F9/><W134/><G134/><T54/><D121/><U31/><E31/><V64/><F73/><W0/><G0/><T42/><D42/><U72/><E72/><V130/><F57/><W116/><G116/><T133/><D133/><U88/><E91/><V112/><F20/><W13/><G13/><T25/><D25/><U30/><E30/><V45/><F45/><W6/><G6/><T7/><D7/><U44/><E44/><V81/><F130/><W132/><G132/><T135/><D135/><U28/><E28/><V127/><F127/><W98/><REACH who="3" step="1"/><G101/><REACH who="3" ten="299,240,240,211" step="2"/><T43/><D43/><U125/><E125/><V39/><F39/><W59/><G59/><N who="0" m="35063" /><D70/><U76/><E62/><V115/><F71/><W97/><N who="3" m="24576" /><DORA hai="78" /><W14/><G14/><T75/><D69/><U19/><E103/><V26/><F68/><W8/><G8/><N who="0" m="6247" /><D75/><U49/><E100/><V12/><F12/><RYUUKYOKU ba="1,1" sc="299,15,240,-15,240,-15,211,15" hai0="66,67,80,83,84,85,90" hai3="21,22,23,24,27,56,63,74,77,82" /><INIT seed="0,2,1,2,4,11" ten="314,225,225,226" oya="0" hai0="35,89,51,33,36,47,12,9,84,74,128,106,71" hai1="61,54,135,5,69,55,46,14,68,130,20,8,100" hai2="117,57,88,114,94,108,48,40,44,79,45,109,101" hai3="62,52,26,125,18,41,21,43,81,102,13,132,75"/><T86/><D74/><U19/><E130/><V111/><F114/><W34/><G125/><T31/><D128/><U116/><E116/><V98/><F117/><W113/><G113/><T76/><D106/><U119/><E119/><V82/><F57/><W85/><G75/><T103/><D71/><U134/><E100/><V129/><F129/><W3/><G3/><T4/><D36/><U73/><E73/><N who="2" m="43375" /><F45/><W104/><G132/><N who="1" m="50730" /><E46/><V63/><F63/><W133/><G133/><T127/><D127/><U42/><E42/><V126/><F126/><W97/><G34/><T87/><D103/><AGARI ba="2,1" hai="40,44,48,88,94,98,101,103,108,109,111" m="43375" machi="103" ten="30,2000,0" yaku="14,1,54,1" doraHai="11" who="2" fromWho="0" sc="314,-26,225,0,225,36,226,0" /><INIT seed="1,0,0,1,3,52" ten="288,225,261,226" oya="1" hai0="89,97,34,13,3,115,101,111,72,46,76,57,44" hai1="14,120,130,134,122,26,64,4,25,50,95,37,93" hai2="133,114,74,123,45,92,98,20,53,41,94,96,36" hai3="65,5,32,43,88,126,8,108,83,81,11,60,51"/><U82/><E37/><V117/><F117/><W17/><G32/><T42/><D115/><U121/><E130/><V31/><F114/><W118/><G108/><T107/><D3/><U104/><E104/><V79/><F123/><W67/><G126/><T21/><D34/><U70/><E134/><V22/><F79/><W15/><G118/><T71/><D71/><U68/><E50/><V18/><F74/><W77/><G77/><T33/><D33/><U132/><E132/><V110/><F110/><W35/><G35/><T24/><D13/><U125/><E82/><V86/><F86/><W27/><G27/><T10/><D10/><U102/><E125/><V2/><F2/><W63/><G83/><T90/><D111/><U116/><E116/><V78/><F31/><W119/><G119/><T28/><D76/><U48/><E48/><V127/><F78/><W40/><G51/><T58/><D72/><U129/><E129/><V109/><F109/><W23/><G5/><T59/><REACH who="0" step="1"/><D42/><REACH who="0" ten="278,225,261,226" step="2"/><U106/><E70/><V84/><F41/><W66/><G43/><T75/><D75/><U56/><E68/><V12/><F127/><W73/><G40/><T7/><D7/><U131/><E131/><V124/><F12/><W62/><G73/><T54/><D54/><U19/><E4/><V69/><F69/><W55/><G55/><T29/><D29/><U135/><E135/><V87/><F53/><W30/><G30/><T128/><D128/><U99/><E14/><V38/><F124/><W105/><G105/><T0/><D0/><U103/><E106/><V16/><F133/><RYUUKYOKU ba="0,1" sc="278,10,225,-30,261,10,226,10" hai0="21,24,28,44,46,57,58,59,89,90,97,101,107" hai2="16,18,20,22,36,38,45,84,87,92,94,96,98" hai3="8,11,15,17,23,60,62,63,65,66,67,81,88" /><INIT seed="2,1,1,1,0,77" ten="288,195,271,236" oya="2" hai0="33,128,3,21,63,48,131,95,112,18,11,41,107" hai1="51,119,64,34,45,83,104,70,88,36,35,25,32" hai2="106,40,121,65,122,80,103,118,26,44,99,7,37" hai3="58,82,127,15,116,5,72,56,13,90,1,17,85"/><V74/><F118/><W60/><G116/><T16/><D107/><U76/><E104/><V92/><F92/><W97/><G127/><T57/><D112/><U96/><E119/><V115/><F115/><W108/><G108/><T113/><D113/><U38/><E25/><V126/><F126/><W94/><G72/><T42/><D33/><U22/><E22/><V102/><F102/><W86/><G1/><T62/><D95/><U98/><E64/><V129/><F129/><W69/><G86/><T20/><D48/><U101/><E70/><V12/><F26/><W23/><G69/><T53/><D11/><U29/><E29/><V0/><F12/><W125/><G125/><T61/><D3/><U87/><E101/><V89/><F89/><W46/><G46/><T67/><D53/><U93/><REACH who="1" step="1"/><E98/><REACH who="1" ten="288,185,271,236" step="2"/><V39/><F65/><W50/><G97/><T78/><D21/><U6/><E6/><V81/><F39/><W43/><G5/><T10/><D20/><U55/><AGARI ba="1,2" hai="32,34,35,36,38,45,51,55,76,83,87,88,93,96" machi="55" ten="30,7900,0" yaku="1,1,0,1,52,1,54,1,53,0" doraHai="77" doraHaiUra="120" who="1" fromWho="1" sc="288,-21,185,102,271,-40,236,-21" /><INIT seed="3,0,0,2,5,135" ten="267,287,231,215" oya="3" hai0="83,119,31,94,128,71,24,123,69,111,72,68,9" hai1="28,130,129,46,0,91,50,102,92,75,109,96,118" hai2="36,66,23,70,65,56,62,121,93,38,107,55,52" hai3="87,32,104,73,82,16,61,113,27,81,18,90,80"/><W126/><G113/><T134/><D123/><U4/><E75/><V117/><F107/><W89/><G104/><T41/><D119/><U45/><E118/><V76/><F76/><W22/><G32/><T86/><D134/><U98/><E109/><V47/><F117/><W74/><G126/><T40/><D128/><N who="1" m="49259" /><E28/><V13/><F93/><W77/><G73/><T20/><D111/><U35/><E35/><V59/><F13/><W78/><G61/><T79/><D9/><N who="1" m="2183" /><E50/><N who="2" m="28767" /><F23/><W43/><G43/><T6/><D6/><U84/><E98/><V10/><F10/><W17/><REACH who="3" step="1"/><G82/><AGARI ba="0,0" hai="45,46,82,84,91,92,96,102" m="2183,49259" machi="82" ten="30,1000,0" yaku="19,1" doraHai="135" who="1" fromWho="3" sc="267,0,287,10,231,0,215,-10" /><INIT seed="4,0,0,5,0,49" ten="267,297,231,205" oya="0" hai0="35,103,99,23,44,6,29,12,73,20,87,115,10" hai1="19,21,135,133,5,118,91,123,89,22,94,111,0" hai2="88,53,102,108,60,39,27,97,13,125,104,40,33" hai3="63,9,7,32,68,34,70,130,41,95,107,46,100"/><T45/><D73/><U127/><E123/><V48/><F108/><W78/><G130/><T110/><D110/><U117/><E111/><V17/><F125/><W2/><G95/><T31/><D115/><U65/><E65/><V61/><F40/><W116/><G116/><T82/><D23/><U119/><E127/><V11/><F39/><N who="3" m="21823" /><G78/><T50/><D35/><N who="3" m="13353" /><G63/><T83/><D20/><U1/><E117/><V121/><F121/><W105/><G100/><T76/><D82/><U122/><E122/><V124/><F124/><W101/><G101/><T98/><D45/><U134/><E134/><V112/><F112/><W81/><G81/><T25/><D25/><U92/><REACH who="1" step="1"/><E19/><REACH who="1" ten="267,287,231,205" step="2"/><V36/><F36/><W59/><G59/><T128/><D128/><U69/><E69/><AGARI ba="0,1" hai="2,7,9,68,69,70,105,107" m="13353,21823" machi="69" ten="30,2000,0" yaku="33,2" doraHai="49" who="3" fromWho="1" sc="267,0,287,-20,231,0,205,30" /><INIT seed="5,0,0,2,3,55" ten="267,267,231,235" oya="1" hai0="113,23,40,104,127,71,29,3,134,83,51,115,98" hai1="92,135,20,68,54,70,5,66,109,124,99,48,91" hai2="93,52,4,86,123,60,106,89,90,45,27,117,57" hai3="15,10,58,108,125,95,84,77,33,18,101,22,120"/><U133/><E109/><V116/><F123/><W118/><G120/><T38/><D3/><U8/><E20/><V53/><F106/><W50/><G108/><T36/><D71/><U21/><E21/><V7/><F116/><W119/><G33/><T32/><D32/><U87/><E124/><V0/><F117/><N who="3" m="44555" /><G125/><T110/><D110/><U35/><E35/><V126/><F126/><W44/><G10/><T132/><D83/><U78/><E78/><V2/><F27/><W63/><G77/><T72/><D72/><U59/><E87/><V42/><F90/><N who="3" m="53703" /><G101/><T131/><D127/><U94/><E94/><V100/><F100/><W56/><G63/><T102/><D131/><U61/><REACH who="1" step="1"/><E68/><REACH who="1" ten="267,257,231,235" step="2"/><V30/><F30/><W130/><G130/><T49/><D23/><U11/><E11/><V13/><F13/><AGARI ba="0,1" hai="5,8,13,48,54,59,61,66,70,91,92,99,133,135" machi="13" ten="40,7700,0" yaku="1,1,52,1,53,1" doraHai="55" doraHaiUra="64" who="1" fromWho="2" sc="267,0,257,87,231,-77,235,0" /><INIT seed="5,1,0,5,3,23" ten="267,344,154,235" oya="1" hai0="47,119,59,7,2,87,115,78,117,33,63,54,32" hai1="19,97,131,86,8,9,70,28,31,15,39,104,112" hai2="36,129,26,130,48,43,69,106,45,109,81,73,103" hai3="83,116,44,35,0,127,85,5,49,101,114,20,1"/><U107/><E70/><V94/><F94/><W11/><G35/><T135/><D115/><U14/><E39/><V50/><F109/><W132/><G114/><T52/><D135/><U10/><E112/><V84/><F69/><W62/><G132/><T21/><D33/><U89/><E131/><V82/><F73/><W25/><G127/><T134/><D32/><U64/><E64/><V22/><F103/><W53/><G101/><T77/><D134/><U120/><E120/><V118/><F106/><W3/><G62/><T98/><D98/><U90/><E97/><V74/><F74/><W4/><G4/><T68/><D68/><U41/><E41/><V66/><F66/><W6/><G6/><T110/><D110/><U108/><E108/><V60/><F60/><W57/><G116/><T34/><D34/><U40/><E40/><V42/><F118/><W96/><G44/><T88/><D117/><U100/><E100/><V105/><F105/><W12/><G0/><T51/><D119/><U99/><E99/><V71/><F71/><W75/><G75/><T37/><D37/><U56/><E10/><V126/><F126/><W80/><G96/><T133/><D133/><U111/><E111/><V92/><F36/><W122/><G122/><T123/><D123/><U91/><E86/><V38/><F38/><W125/><G125/><T17/><D2/><N who="3" m="521" /><G85/><T128/><D128/><U79/><E104/><V61/><F129/><W67/><G67/><T58/><D87/><U13/><E107/><V124/><F130/><W16/><G5/><T55/><D7/><U24/><E8/><RYUUKYOKU ba="1,0" sc="267,-10,344,-10,154,-10,235,30" hai3="11,12,16,20,25,49,53,57,80,83" /><INIT seed="6,2,0,3,1,23" ten="257,334,144,265" oya="2" hai0="107,37,56,64,6,115,63,93,102,76,14,99,7" hai1="55,70,47,130,132,28,87,24,46,48,18,17,33" hai2="52,111,86,98,38,83,112,15,94,82,2,123,10" hai3="51,73,36,104,68,75,65,121,19,69,120,119,95"/><V5/><F123/><W49/><G36/><T0/><D37/><U43/><E70/><V128/><F112/><W114/><G65/><T20/><D115/><U50/><E130/><V106/><F128/><W32/><G32/><T8/><D76/><U57/><E132/><V84/><F38/><W21/><G119/><T89/><D20/><U9/><E87/><V1/><F106/><W41/><G21/><T25/><D25/><U29/><E29/><V61/><F111/><W109/><G104/><T126/><D126/><U11/><REACH who="1" step="1"/><E47/><REACH who="1" ten="257,324,144,265" step="2"/><V66/><F86/><W4/><G69/><T81/><D81/><U67/><E67/><V105/><F83/><W92/><G68/><T34/><D34/><U40/><E40/><V134/><F134/><W71/><G41/><T103/><D107/><U45/><E45/><V80/><F80/><W97/><G114/><T110/><D110/><U44/><E44/><V79/><F105/><W35/><G109/><T16/><D0/><U122/><E122/><V39/><F39/><W59/><G121/><T62/><REACH who="0" step="1"/><D63/><REACH who="0" ten="247,324,144,265" step="2"/><U96/><E96/><V30/><F30/><W12/><G97/><T31/><D31/><U85/><E85/><V127/><F127/><W113/><G120/><T88/><D88/><U129/><E129/><V131/><F131/><W118/><G113/><T78/><D78/><U116/><E116/><V124/><F124/><W72/><G118/><T42/><D42/><U91/><E91/><N who="2" m="55647" /><F66/><W74/><G74/><T22/><D22/><U101/><E101/><AGARI ba="2,2" hai="6,7,8,14,16,56,62,64,89,93,99,101,102,103" machi="101" ten="40,5200,0" yaku="1,1,8,1,54,1,53,0" doraHai="23" doraHaiUra="117" who="0" fromWho="1" sc="247,78,324,-58,144,0,265,0" /><INIT seed="7,0,0,1,0,47" ten="325,266,144,265" oya="3" hai0="18,107,100,91,19,33,14,0,63,126,15,70,43" hai1="87,135,22,111,10,106,98,84,129,71,56,99,3" hai2="109,117,81,79,92,36,89,69,49,123,30,40,94" hai3="102,54,57,77,35,26,124,45,2,42,6,125,4"/><W130/><G130/><T131/><D131/><U113/><E129/><V105/><F109/><W8/><G6/><T82/><D0/><U38/><E71/><V75/><F69/><W96/><G77/><T62/><D33/><U55/><E111/><V60/><F60/><W12/><G12/><T27/><D126/><N who="3" m="48745" /><G26/><T110/><D110/><U68/><E68/><V66/><F66/><W95/><G35/><T88/><D27/><U134/><E38/><V115/><F117/><W85/><G85/><N who="1" m="32842" /><E22/><V44/><F115/><W16/><G16/><T122/><D70/><U25/><E25/><V127/><F127/><W9/><G4/><T132/><D19/><U24/><E24/><V108/><F108/><W128/><G2/><T59/><D18/><U73/><E73/><V90/><F123/><W133/><G133/><N who="1" m="50698" /><E106/><V118/><F118/><W23/><G128/><T76/><D107/><U121/><E121/><V104/><F36/><N who="3" m="21703" /><G23/><T74/><D132/><U13/><E113/><V48/><F44/><W17/><G17/><T114/><D114/><U103/><E3/><V58/><F58/><W39/><G39/><T97/><D15/><U101/><E13/><V112/><F112/><W46/><G46/><T93/><D14/><U83/><E10/><V51/><F40/><W80/><G80/><T21/><D43/><U53/><E83/><V52/><F30/><W1/><G1/><T34/><D122/><U61/><E103/><V65/><F65/><W119/><G119/><T78/><D100/><U86/><N who="1" m="32850" /><U7/><DORA hai="32" /><E7/><V11/><F11/><W50/><AGARI ba="0,0" hai="8,9,50,54,57,95,96,102" m="21703,48745" machi="50" ten="30,6000,0" yaku="5,1,18,1,52,1" doraHai="47,32" who="3" fromWho="3" sc="325,-20,266,-20,144,-20,265,60" owari="305,10.5,246,-15.4,124,-37.6,325,42.5" /></mjloggm>