<mjloggm ver="2.3"><GO type="169" lobby="0"/><UN n0="%EF%BC%A0%E6%AC%A1%E7%94%B7" n1="%E3%82%B7%E3%83%B3%E3%83%97%E3%83%AB%E3%81%AA%E3%83%AF%E3%82%AD%E3%82%AC" n2="%E3%82%82%E3%81%93%E3%81%BF" n3="%E3%81%97%E3%82%89%E3%81%99%EF%BC%A1" dan="17,17,16,16" rate="2125.25,2179.85,2073.21,2108.27" sx="M,M,M,M"/><TAIKYOKU oya="0"/><INIT seed="0,0,0,0,1,125" ten="250,250,250,250" oya="0" hai0="88,71,51,119,24,28,117,53,123,118,96,8,105" hai1="47,126,106,9,109,0,39,121,100,76,74,101,128" hai2="38,5,50,98,99,73,78,82,91,13,15,86,41" hai3="65,29,114,23,34,54,67,70,94,97,79,30,43"/><T95/><D123/><U40/><E121/><V21/><F38/><W116/><G114/><T134/><D71/><U42/><E126/><V11/><F73/><W104/><G43/><T130/><D134/><U55/><E109/><V10/><F21/><W80/><G104/><T18/><D105/><U17/><E42/><V132/><F132/><W14/><G34/><T64/><D64/><U92/><E92/><V57/><F91/><W110/><G110/><T56/><D18/><U22/><E55/><V112/><F112/><W12/><G54/><T61/><D8/><U37/><E37/><V124/><F124/><W81/><G116/><T120/><D120/><U1/><E1/><V2/><F2/><W90/><G80/><T68/><D68/><U6/><E128/><V129/><F129/><W49/><G49/><T85/><D130/><U48/><E48/><V36/><F36/><W102/><G90/><T75/><D75/><U33/><E33/><V16/><F57/><W69/><G69/><T58/><D96/><U135/><E106/><V32/><F32/><W26/><G29/><T62/><REACH who="0" step="1"/><D58/><REACH who="0" ten="240,250,250,250" step="2"/><U46/><E135/><V111/><F111/><W63/><G67/><T122/><D122/><U84/><E84/><AGARI ba="0,1" hai="12,14,23,26,30,63,65,70,79,81,84,94,97,102" machi="84" ten="30,1000,0" yaku="7,1" doraHai="125" who="3" fromWho="1" sc="240,0,250,-10,250,0,250,20" /><INIT seed="1,0,0,3,5,111" ten="240,240,250,270" oya="1" hai0="100,87,127,11,59,40,75,130,27,42,66,78,128" hai1="101,55,26,13,103,46,105,96,29,36,92,41,33" hai2="74,31,110,45,120,14,119,21,80,15,50,4,107" hai3="57,116,35,98,56,90,51,81,134,70,125,19,61"/><U10/><E55/><V135/><F110/><W89/><G35/><T102/><D75/><U124/><E124/><V85/><F135/><W77/><G134/><T28/><D11/><U88/><REACH who="1" step="1"/><E105/><REACH who="1" ten="240,230,250,270" step="2"/><V106/><F106/><W93/><G125/><T114/><D127/><U132/><E132/><V69/><F107/><W3/><G116/><T20/><D130/><U2/><E2/><V60/><F119/><W44/><G3/><T38/><D128/><U17/><AGARI ba="0,1" hai="10,13,17,26,29,33,36,41,46,88,92,96,101,103" machi="17" ten="20,7800,0" yaku="1,1,0,1,7,1,54,1,53,0" doraHai="111" doraHaiUra="123" who="1" fromWho="1" sc="240,-26,230,88,250,-26,270,-26" /><INIT seed="1,1,0,5,3,27" ten="214,318,224,244" oya="1" hai0="70,30,129,127,78,7,92,111,46,15,50,107,68" hai1="2,126,105,103,33,122,32,124,80,112,17,134,6" hai2="96,133,95,67,101,4,83,60,42,43,18,37,12" hai3="53,90,106,28,57,38,66,54,24,110,39,21,44"/><U99/><E112/><V34/><F133/><W8/><G106/><T48/><D107/><U74/><E122/><V108/><F108/><W11/><G110/><T85/><D129/><U69/><E17/><V25/><F37/><W5/><G66/><T45/><D127/><N who="1" m="48683" /><E69/><V61/><F61/><W29/><G39/><T123/><D123/><U26/><E134/><V86/><F4/><W3/><G11/><T84/><D111/><U89/><E89/><V55/><F55/><W13/><G90/><T135/><D135/><U114/><E114/><V125/><F125/><W31/><G3/><T22/><D7/><U130/><E130/><V10/><F34/><N who="1" m="13417" /><E26/><V119/><F25/><W23/><G23/><T36/><D70/><U128/><E128/><V76/><REACH who="2" step="1"/><F119/><REACH who="2" ten="214,318,214,244" step="2"/><W77/><G38/><T9/><D36/><U104/><E6/><V65/><F65/><W115/><G115/><T132/><D132/><U41/><E41/><V62/><F62/><N who="3" m="36143" /><G77/><T73/><D78/><N who="1" m="44119" /><E2/><V102/><F102/><W116/><G116/><T40/><D40/><U88/><E103/><V91/><F91/><W121/><G121/><T47/><D50/><AGARI ba="1,1" hai="5,8,13,21,24,28,29,31,44,50,54" m="36143" machi="50" ten="30,7700,0" yaku="8,1,52,3" doraHai="27" who="3" fromWho="0" sc="214,-80,318,0,214,0,244,90" /><INIT seed="2,0,0,2,3,3" ten="134,318,214,334" oya="2" hai0="50,18,20,72,98,108,101,36,114,85,28,29,13" hai1="24,51,37,96,78,69,0,123,57,46,109,115,126" hai2="112,82,60,77,31,104,87,118,47,120,41,129,54" hai3="53,111,132,30,2,9,59,103,79,128,121,19,68"/><V21/><F129/><W34/><G68/><T117/><D72/><U35/><E115/><V73/><F118/><W90/><G121/><T14/><D36/><U26/><E69/><V66/><F112/><W10/><G111/><T71/><D71/><U75/><E109/><V27/><F120/><W97/><G128/><T134/><D134/><U84/><E35/><V42/><F104/><W40/><G132/><T6/><D114/><U61/><E75/><V55/><F73/><W8/><G79/><T49/><D117/><U80/><E37/><V7/><F42/><W89/><G40/><T4/><D85/><U11/><E126/><V38/><REACH who="2" step="1"/><F7/><REACH who="2" ten="134,318,204,334" step="2"/><N who="0" m="2602" /><D108/><U74/><E123/><V81/><F81/><W65/><G2/><T48/><D14/><U124/><E74/><V5/><F5/><W93/><G34/><T33/><D33/><U135/><E135/><V58/><AGARI ba="0,1" hai="21,27,31,38,41,47,54,55,58,60,66,77,82,87" machi="58" ten="20,3900,0" yaku="1,1,0,1,7,1,53,0" doraHai="3" doraHaiUra="92" who="2" fromWho="2" sc="134,-13,318,-13,204,49,334,-13" /><INIT seed="2,1,0,0,2,10" ten="121,305,253,321" oya="2" hai0="108,25,134,80,124,6,20,105,127,63,74,54,8" hai1="100,125,77,66,72,121,133,83,19,71,45,60,122" hai2="135,5,82,13,29,16,56,14,4,52,18,65,47" hai3="132,118,35,70,24,117,64,129,113,76,59,43,33"/><V92/><F135/><W90/><G70/><T31/><D105/><U97/><E133/><V68/><F29/><W41/><G76/><T111/><D74/><U116/><E116/><V28/><F28/><W84/><G132/><T96/><D80/><U44/><E125/><N who="0" m="48201" /><D96/><U61/><E61/><V102/><F68/><W106/><G106/><T131/><D54/><U30/><E30/><V114/><F65/><W126/><G126/><T79/><D79/><U42/><E19/><N who="2" m="7211" /><F47/><W91/><G129/><T23/><D63/><U69/><E69/><V48/><F82/><W75/><G75/><T109/><D134/><U112/><E112/><V89/><F102/><W11/><G113/><T93/><D93/><U99/><E44/><V27/><F27/><W36/><G36/><T78/><D78/><U37/><REACH who="1" step="1"/><E99/><REACH who="1" ten="121,295,253,321" step="2"/><N who="2" m="57743" /><F114/><W40/><G117/><T51/><D51/><U39/><E39/><V85/><F85/><W58/><G84/><T34/><D131/><U128/><E128/><V22/><F22/><W17/><G35/><T130/><D130/><U46/><E46/><V53/><F53/><W12/><G33/><T15/><AGARI ba="1,1" hai="6,8,15,20,23,25,31,34,108,109,111" m="48201" machi="15" ten="40,8000,1" yaku="14,1,18,1,34,2,52,1" doraHai="10" who="0" fromWho="0" sc="121,93,295,-21,253,-41,321,-21" /><INIT seed="3,0,0,5,2,28" ten="214,274,212,300" oya="3" hai0="76,24,62,13,91,48,70,50,103,37,21,81,120" hai1="3,122,1,108,72,39,87,41,22,112,80,89,82" hai2="78,33,92,38,14,19,119,88,12,55,47,49,65" hai3="99,117,20,68,86,58,9,97,102,131,127,71,25"/><W126/><G117/><T79/><D120/><U104/><E112/><V130/><F130/><W128/><G58/><T109/><D37/><U43/><E122/><V67/><F119/><W0/><G86/><T85/><D109/><U31/><E104/><V75/><F38/><W69/><G9/><T30/><D103/><U18/><E31/><V129/><F12/><W132/><G0/><T23/><D70/><U73/><E108/><V100/><F100/><W57/><G57/><T113/><D62/><U123/><E123/><V54/><F33/><W27/><G132/><T94/><D113/><U64/><E64/><V61/><F75/><W95/><G99/><T46/><D94/><U125/><E125/><N who="3" m="47626" /><G25/><T110/><D110/><U51/><E73/><V84/><F78/><N who="0" m="29738" /><D46/><U7/><E72/><V35/><F35/><W10/><G10/><T111/><D111/><U4/><E1/><V66/><F129/><W116/><G116/><T63/><D63/><U101/><E3/><V98/><F98/><W74/><G74/><T52/><D52/><N who="2" m="20010" /><F61/><W77/><G77/><T106/><D106/><U121/><E87/><V8/><F66/><W6/><G6/><T107/><D107/><U16/><E4/><V53/><AGARI ba="0,0" hai="8,14,19,47,49,53,65,67,84,88,92" m="20010" machi="53" ten="30,4000,0" yaku="8,1,54,2" doraHai="28" who="2" fromWho="2" sc="214,-10,274,-10,212,40,300,-20" /><INIT seed="4,0,0,0,0,3" ten="204,264,252,280" oya="0" hai0="133,8,131,121,103,16,112,44,117,75,39,125,128" hai1="108,14,12,15,20,72,11,19,13,107,56,4,1" hai2="59,110,54,135,7,53,118,76,77,80,104,68,81" hai3="92,17,38,33,134,37,89,32,6,66,73,45,67"/><T116/><D75/><U58/><E108/><V64/><F110/><W62/><G73/><T49/><D39/><U113/><E107/><V71/><F104/><W129/><G134/><T51/><D103/><U132/><E132/><V52/><F135/><W123/><G129/><N who="0" m="49739" /><D133/><U31/><E72/><V99/><F99/><W115/><G115/><T50/><D112/><U82/><E113/><V119/><F59/><W61/><G123/><T55/><D121/><U57/><E82/><V122/><F122/><W88/><G45/><T105/><D105/><U27/><REACH who="1" step="1"/><E1/><REACH who="1" ten="204,254,252,280" step="2"/><V78/><F81/><W0/><G0/><T5/><D125/><U95/><E95/><V21/><F80/><W25/><G92/><T36/><D36/><U87/><E87/><V101/><F118/><N who="0" m="45674" /><D16/><AGARI ba="0,1" hai="4,11,12,13,14,15,16,19,20,27,31,56,57,58" machi="16" ten="40,8000,1" yaku="1,1,8,1,52,1,54,1,53,0" doraHai="3" doraHaiUra="28" who="1" fromWho="0" sc="204,-80,254,90,252,0,280,0" /><INIT seed="5,0,0,0,5,113" ten="124,344,252,280" oya="1" hai0="9,103,123,17,56,105,78,11,14,15,122,77,107" hai1="54,116,119,47,108,34,88,32,106,115,22,60,109" hai2="125,64,89,99,27,133,3,110,19,10,2,94,96" hai3="82,120,114,40,42,23,53,18,72,76,67,29,33"/><U93/><E106/><V112/><F110/><N who="1" m="42601" /><E115/><V71/><F125/><W31/><G120/><T16/><D56/><N who="1" m="34839" /><E22/><V49/><F133/><W0/><G0/><T84/><D84/><N who="1" m="52359" /><E47/><V131/><F131/><W35/><G114/><T20/><D20/><U37/><E37/><V127/><F127/><W28/><G67/><T59/><D59/><U104/><E104/><V39/><F39/><W117/><G35/><AGARI ba="0,0" hai="32,34,35,116,119" m="52359,34839,42601" machi="35" ten="30,11600,0" yaku="10,1,52,2,54,1" doraHai="113" who="1" fromWho="3" sc="124,0,344,116,252,0,280,-116" /><INIT seed="5,1,0,4,2,41" ten="124,460,252,164" oya="1" hai0="75,68,100,78,106,13,84,26,14,69,120,36,94" hai1="71,97,83,21,2,43,105,113,23,133,90,5,95" hai2="108,8,39,127,88,57,72,59,129,62,32,52,19" hai3="115,3,6,65,77,58,117,110,134,109,126,28,27"/><U50/><E71/><V130/><F72/><W37/><G115/><T125/><D36/><U131/><E113/><V119/><F119/><W45/><G134/><T24/><D125/><U53/><E131/><V128/><F127/><W92/><G126/><T103/><D120/><U61/><E105/><V85/><F32/><W10/><G117/><T81/><D106/><U48/><E2/><V7/><F39/><W66/><G77/><T34/><D75/><U1/><E1/><V102/><F102/><W112/><G112/><T44/><D34/><U51/><E5/><V42/><F42/><W63/><G66/><T122/><D122/><U104/><E104/><V118/><F118/><W76/><G76/><T54/><D69/><U107/><E107/><V91/><F19/><W49/><G37/><T18/><D13/><U0/><E0/><N who="2" m="103" /><F108/><W64/><G92/><T55/><D68/><U86/><E133/><V121/><F121/><W135/><G65/><T33/><D33/><U74/><E74/><V79/><F57/><W46/><G135/><T4/><D4/><U93/><E93/><V98/><F98/><W35/><REACH who="3" step="1"/><G49/><REACH who="3" ten="124,460,252,154" step="2"/><N who="1" m="19050" /><E43/><V20/><F129/><W80/><G80/><T114/><D114/><U15/><E61/><V70/><F130/><W87/><G87/><T132/><D132/><U29/><E83/><V82/><F128/><W96/><G96/><N who="0" m="59415" /><D103/><U56/><E97/><V25/><F70/><W12/><G12/><T17/><D14/><U40/><E40/><V101/><F101/><W73/><G73/><T123/><D123/><U47/><E15/><V11/><F11/><RYUUKYOKU ba="1,1" sc="124,-15,460,-15,252,15,154,15" hai2="20,25,52,59,62,79,82,85,88,91" hai3="3,6,10,27,28,35,45,46,58,63,64,109,110" /><INIT seed="6,2,1,2,1,81" ten="109,445,267,169" oya="2" hai0="124,87,126,33,123,37,17,6,42,4,116,62,48" hai1="110,58,125,57,49,77,93,64,59,41,111,38,127" hai2="35,19,80,112,5,8,97,11,34,104,132,114,26" hai3="15,51,94,78,131,100,2,133,3,95,91,36,73"/><V45/><F132/><W75/><G36/><T122/><D33/><U108/><E77/><V32/><F45/><W43/><G133/><T117/><D17/><U1/><E1/><V12/><F104/><W21/><G131/><T83/><D62/><U106/><E106/><V44/><F44/><W25/><G3/><T109/><D48/><U31/><E31/><N who="2" m="19575" /><F97/><N who="3" m="59447" /><G2/><T7/><D42/><U61/><E38/><V63/><F80/><W128/><G75/><T82/><D37/><U105/><E105/><V10/><F63/><W54/><G73/><T120/><D83/><U69/><E93/><V28/><F5/><W47/><G78/><N who="0" m="46551" /><D109/><U22/><E22/><N who="2" m="11623" /><F35/><W55/><G128/><T76/><D76/><U85/><E85/><V50/><F50/><W40/><G40/><T71/><D71/><U134/><E134/><V101/><F101/><W130/><G130/><T60/><D60/><U53/><E41/><V46/><F46/><AGARI ba="2,1" hai="46,49,53,57,58,59,61,64,69,108,110,111,125,127" machi="46" ten="50,6400,0" yaku="34,3" doraHai="81" who="1" fromWho="2" sc="109,0,445,80,267,-70,169,0" /><INIT seed="7,0,0,3,0,36" ten="109,525,197,169" oya="3" hai0="18,48,129,43,49,6,91,108,7,103,127,2,135" hai1="110,112,8,114,81,20,111,75,117,122,99,33,1" hai2="53,106,16,80,76,17,4,100,21,41,90,118,55" hai3="134,88,107,96,56,27,19,67,133,71,9,85,132"/><W5/><G71/><T123/><D108/><N who="1" m="41515" /><E99/><V13/><F118/><W45/><G45/><T30/><D123/><U10/><E81/><V11/><F41/><W44/><G44/><T82/><D103/><U128/><E75/><V23/><F90/><W126/><G126/><T66/><D127/><U69/><E33/><V87/><F106/><W74/><G74/><T65/><D91/><U25/><E69/><V32/><F32/><W29/><G19/><N who="2" m="7241" /><F100/><W131/><G131/><T79/><D82/><U51/><E51/><V104/><F104/><W95/><G107/><T61/><D79/><U60/><E60/><V35/><F35/><W130/><G130/><T38/><D129/><U63/><E10/><V93/><F93/><W102/><G102/><T83/><D83/><U92/><E25/><V94/><F94/><W73/><G73/><T125/><D61/><U57/><E57/><V58/><F55/><W14/><G96/><T84/><D84/><U72/><E63/><AGARI ba="0,0" hai="4,11,13,21,23,53,58,63,76,80,87" m="7241" machi="63" ten="30,2000,0" yaku="8,1,54,1" doraHai="36" who="2" fromWho="1" sc="109,0,525,-20,197,20,169,0" owari="109,-39.1,505,60.5,217,1.7,169,-23.1" /></mjloggm>