<mjloggm ver="2.3"><GO type="169" lobby="0"/><UN n0="%E3%81%BD%E3%81%A3%E3%81%91%E3%81%95%E3%82%93" n1="%E3%81%A4%E3%81%8B%E3%82%93%E3%81%BD%E3%81%A3" n2="%E3%83%AA%E3%83%BC%E3%83%81%E3%83%89%E3%83%A9%33" n3="%E7%89%8C%E6%B5%81%E7%8A%B6%E6%85%8B%E9%BA%BB%E9%9B%80" dan="16,17,16,16" rate="2138.54,2176.66,2173.05,2160.55" sx="M,F,M,M"/><TAIKYOKU oya="0"/><INIT seed="0,0,0,5,2,32" ten="250,250,250,250" oya="0" hai0="51,44,81,15,52,61,127,22,23,118,121,7,132" hai1="114,113,110,96,20,10,5,48,130,85,64,94,43" hai2="17,73,63,72,34,24,18,98,26,2,45,108,41" hai3="80,90,117,29,123,78,1,128,0,58,97,103,54"/><T83/><D118/><U62/><E110/><V84/><F108/><W115/><G117/><T12/><D121/><U66/><E130/><V75/><F98/><W107/><G115/><N who="1" m="44042" /><E85/><V106/><F106/><W13/><G128/><T112/><D112/><U86/><E86/><V129/><F129/><W120/><G29/><T91/><D127/><U134/><E134/><V126/><F126/><W133/><G133/><T131/><D132/><U92/><E20/><N who="0" m="7721" /><D131/><U3/><E96/><V11/><F63/><W87/><G13/><N who="0" m="5195" /><D7/><U116/><E116/><V59/><F59/><W109/><G109/><T35/><D35/><U89/><E89/><V14/><F18/><W102/><G102/><T105/><D105/><U101/><E101/><V135/><F135/><W4/><G90/><T42/><D91/><U30/><E30/><V16/><F17/><W67/><G67/><N who="1" m="25642" /><E62/><V68/><F84/><W36/><G36/><T8/><D8/><U39/><E39/><V74/><F74/><W50/><REACH who="3" step="1"/><G4/><REACH who="3" ten="250,250,250,240" step="2"/><T46/><D61/><U111/><E111/><V125/><F34/><W53/><G53/><T57/><D42/><U27/><E27/><V82/><F26/><W55/><G55/><T71/><D52/><U99/><E99/><V65/><F24/><W19/><G19/><T49/><D83/><U9/><E9/><V69/><F82/><W77/><G77/><T21/><D81/><U6/><E5/><V28/><F41/><W119/><G119/><T38/><D38/><U37/><E37/><V93/><F11/><W56/><G56/><T95/><D57/><U31/><E31/><RYUUKYOKU ba="0,1" sc="250,-15,250,15,250,-15,240,15" hai1="3,6,10,43,48,92,94" hai3="0,1,50,54,58,78,80,87,97,103,107,120,123" /><INIT seed="1,1,1,0,5,122" ten="235,265,235,255" oya="1" hai0="91,79,65,98,49,82,120,41,69,102,14,97,13" hai1="42,19,56,59,4,95,52,46,15,16,123,125,38" hai2="127,55,133,101,51,61,118,26,106,76,80,114,53" hai3="88,89,131,40,6,119,67,25,108,39,63,100,18"/><U84/><E123/><V71/><F118/><W0/><G119/><T22/><D120/><U113/><E113/><V33/><F127/><W99/><G131/><T72/><D69/><U35/><E35/><V117/><F117/><W32/><G40/><T104/><D65/><U12/><E125/><V37/><F37/><W30/><G39/><T54/><D41/><U50/><E4/><V64/><F133/><W96/><G96/><T86/><D22/><N who="1" m="11527" /><E38/><V105/><F114/><W94/><G108/><T121/><D121/><U130/><E130/><V5/><F5/><W111/><G111/><T129/><D129/><U23/><E42/><V62/><F62/><W44/><G44/><T77/><D98/><U90/><AGARI ba="1,1" hai="15,19,23,46,50,52,56,59,84,90,95" m="11527" machi="90" ten="30,6000,0" yaku="8,1,54,2" doraHai="122" who="1" fromWho="1" sc="235,-21,265,73,235,-21,255,-21" /><INIT seed="1,2,0,2,3,44" ten="214,338,214,234" oya="1" hai0="131,104,73,85,22,112,8,89,79,13,9,121,31" hai1="37,34,26,102,98,14,2,94,20,55,84,25,107" hai2="21,88,52,81,87,83,32,48,66,24,3,74,27" hai3="119,118,67,91,1,39,68,76,41,15,116,30,12"/><U128/><E2/><V7/><F32/><W42/><G1/><T19/><D112/><U54/><E128/><V56/><F66/><W130/><G130/><T100/><D131/><U43/><E34/><V105/><F105/><W61/><G76/><T29/><D121/><U103/><E14/><V4/><F3/><W117/><N who="3" m="29696" /><DORA hai="135" /><W65/><G65/><T101/><D73/><U63/><E26/><N who="2" m="9771" /><F74/><W90/><G30/><N who="0" m="11275" /><D104/><U99/><E63/><V132/><F132/><W11/><G12/><T58/><D58/><U69/><E69/><V64/><F21/><W0/><G0/><T86/><D86/><U38/><E84/><N who="2" m="50191" /><F64/><W133/><G133/><T10/><D79/><AGARI ba="2,0" hai="4,7,48,52,56,79,83,87" m="50191,9771" machi="79" ten="30,7700,0" yaku="8,1,52,1,54,2" doraHai="44,135" who="2" fromWho="0" sc="214,-83,338,0,214,83,234,0" /><INIT seed="2,0,0,4,4,98" ten="131,338,297,234" oya="2" hai0="20,135,2,21,58,55,81,60,1,15,97,12,96" hai1="0,34,71,59,132,66,124,84,77,133,19,4,51" hai2="75,130,95,49,30,50,91,110,28,11,39,36,61" hai3="72,68,83,18,40,87,99,103,112,46,29,80,78"/><V82/><F130/><W5/><G68/><T67/><D135/><U37/><E37/><V76/><F61/><W94/><G112/><T79/><D2/><U53/><E34/><V89/><F11/><W105/><G29/><T23/><D1/><U114/><E114/><V102/><F110/><W16/><G5/><T108/><D108/><U116/><E116/><V70/><F70/><W44/><G105/><T22/><N who="0" m="5120" /><DORA hai="123" /><T129/><D129/><U62/><E19/><V6/><F6/><W42/><G46/><T85/><REACH who="0" step="1"/><D67/><REACH who="0" ten="121,338,297,234" step="2"/><U104/><E0/><V8/><F8/><W33/><G33/><T88/><D88/><U115/><E115/><V74/><F76/><W128/><G128/><T125/><D125/><U56/><E124/><V9/><F9/><W7/><G7/><T127/><D127/><U32/><E4/><V73/><F89/><W47/><G18/><T117/><D117/><U93/><E66/><V3/><F3/><W48/><G16/><T57/><D57/><U26/><E56/><V119/><F119/><W118/><G118/><T35/><D35/><U122/><E59/><V25/><F91/><W126/><G126/><T52/><D52/><U63/><E53/><V107/><F30/><W113/><G113/><T17/><D17/><U13/><E32/><V106/><F28/><W10/><G10/><T69/><D69/><U90/><E71/><V92/><F25/><W120/><G120/><T54/><D54/><U131/><E133/><V38/><F82/><W24/><G83/><T31/><D31/><U64/><E26/><V27/><F27/><RYUUKYOKU ba="0,1" sc="121,30,338,-10,297,-10,234,-10" hai0="12,15,55,58,60,79,81,85,96,97" /><INIT seed="3,1,1,1,1,91" ten="151,328,287,224" oya="3" hai0="58,47,20,39,113,75,106,59,94,40,124,41,33" hai1="45,115,104,133,122,43,36,22,10,48,88,108,87" hai2="54,49,29,69,68,127,74,66,93,96,120,89,18" hai3="15,126,14,28,114,119,7,52,0,86,26,67,85"/><W110/><G119/><T97/><D33/><U57/><E115/><V21/><F74/><W4/><G114/><T12/><D113/><U3/><E122/><V32/><F127/><W60/><G126/><T132/><D106/><U61/><E108/><V42/><F120/><W46/><G0/><T121/><D121/><U116/><E104/><V16/><F32/><W125/><G125/><T102/><D124/><U100/><E100/><V107/><F29/><W103/><G103/><T23/><D75/><U112/><E112/><V72/><F72/><W92/><G110/><T79/><D79/><U82/><E133/><V24/><F107/><W17/><G15/><T71/><D71/><U129/><E129/><V25/><F42/><W84/><G92/><T123/><D123/><U53/><E22/><V90/><F66/><W44/><G44/><T109/><D132/><U117/><E10/><V38/><F38/><W64/><G4/><T1/><D1/><U62/><REACH who="1" step="1"/><E3/><REACH who="1" ten="151,318,287,224" step="2"/><V77/><F21/><N who="3" m="15439" /><G7/><T56/><D109/><U51/><E51/><V135/><F49/><N who="3" m="28727" /><G60/><AGARI ba="1,2" hai="36,43,45,48,53,57,60,61,62,82,87,88,116,117" machi="60" ten="40,2600,0" yaku="1,1,54,1,53,0" doraHai="91" doraHaiUra="34" who="1" fromWho="3" sc="151,0,318,49,287,0,224,-29" /><INIT seed="4,0,0,5,5,19" ten="151,367,287,195" oya="0" hai0="131,23,91,129,58,38,109,7,94,122,112,76,107" hai1="25,6,12,33,30,78,92,120,82,8,11,20,134" hai2="34,64,51,61,66,29,35,54,105,27,53,108,97" hai3="39,45,2,72,74,32,37,86,31,89,49,70,101"/><T3/><D112/><U9/><E134/><V42/><F108/><W132/><G70/><T40/><D122/><U88/><E120/><V87/><F35/><W21/><G2/><T28/><D107/><U44/><E44/><V14/><F66/><W63/><G32/><T5/><D76/><U135/><E135/><V114/><F114/><W130/><G132/><T95/><D109/><U110/><E33/><V93/><F105/><W73/><G63/><T24/><D58/><U81/><E110/><V106/><F106/><W56/><G56/><T10/><D7/><U113/><E113/><V22/><F87/><W98/><G130/><N who="0" m="49675" /><D91/><U0/><E0/><V125/><F125/><W79/><G79/><T100/><D100/><U84/><E81/><V104/><F104/><W60/><G60/><T26/><D24/><U118/><E118/><V65/><F65/><W55/><G98/><AGARI ba="0,0" hai="6,8,9,11,12,20,25,30,78,82,84,88,92,98" machi="98" ten="30,7700,0" yaku="7,1,8,1,52,1,54,1" doraHai="19" who="1" fromWho="3" sc="151,0,367,77,287,0,195,-77" /><INIT seed="5,0,0,0,1,111" ten="151,444,287,118" oya="1" hai0="122,103,116,101,39,9,115,112,109,32,0,76,106" hai1="77,133,82,58,43,67,81,24,54,127,105,41,59" hai2="60,80,124,28,8,93,4,79,29,134,114,123,45" hai3="53,125,20,78,17,33,44,35,95,121,52,7,119"/><U49/><E105/><V94/><F123/><W118/><G121/><T102/><D122/><U120/><E127/><V100/><F124/><W2/><G125/><T113/><D109/><U10/><E133/><V90/><F134/><W104/><G104/><T128/><D116/><N who="3" m="44585" /><G78/><T61/><D128/><U107/><E107/><V131/><F131/><W40/><G95/><T69/><D39/><U71/><E71/><V74/><F100/><W51/><G7/><N who="0" m="1255" /><D32/><N who="3" m="12361" /><G2/><T135/><D135/><U63/><E82/><V25/><F93/><W56/><G56/><T36/><D36/><U16/><E120/><V75/><F75/><W85/><G85/><T66/><D76/><U48/><E48/><V11/><F4/><W84/><G84/><T30/><D30/><U83/><E83/><V15/><F94/><W23/><G23/><T13/><D13/><AGARI ba="0,0" hai="13,17,20,40,44,51,52,53" m="12361,44585" machi="13" ten="30,2000,0" yaku="12,1,54,1" doraHai="111" who="3" fromWho="0" sc="151,-20,444,0,287,0,118,20" /><INIT seed="6,0,0,4,2,57" ten="131,444,287,138" oya="2" hai0="93,3,72,130,87,86,95,81,39,51,65,68,40" hai1="12,8,2,82,115,35,22,122,105,38,111,55,128" hai2="5,50,58,134,29,14,23,42,106,79,116,27,21" hai3="6,84,70,75,113,20,15,103,121,117,37,52,4"/><V78/><F116/><W59/><G75/><T49/><D39/><U17/><E111/><V90/><F106/><W123/><G117/><T56/><D68/><U74/><E115/><V100/><F100/><W94/><G37/><T85/><D3/><U73/><E35/><V71/><F71/><W124/><G70/><T69/><D69/><U44/><E128/><V125/><F125/><W120/><G124/><T67/><D130/><U10/><E10/><N who="2" m="4431" /><F134/><W45/><G45/><N who="0" m="25767" /><D72/><U104/><E122/><V64/><F23/><W36/><G36/><T126/><D81/><U53/><E74/><V34/><F34/><W118/><G113/><T46/><D126/><U13/><E2/><V114/><F114/><W119/><G119/><T131/><D131/><U135/><E135/><V98/><F42/><W89/><G103/><T43/><D56/><U80/><E105/><V24/><F24/><W129/><G118/><T47/><D47/><U62/><E104/><V101/><F101/><W96/><G129/><T25/><D25/><U41/><E73/><V97/><F97/><W32/><G96/><T54/><D43/><U112/><E112/><V133/><F133/><W16/><REACH who="3" step="1"/><G32/><REACH who="3" ten="131,444,287,128" step="2"/><T1/><D1/><U26/><E38/><V0/><F0/><W9/><G9/><T92/><AGARI ba="0,1" hai="46,51,54,65,67,85,86,87,92,93,95" m="25767" machi="92" ten="30,1100,0" yaku="8,1" doraHai="57" who="0" fromWho="0" sc="131,21,444,-3,287,-5,128,-3" /><INIT seed="7,0,0,2,3,11" ten="152,441,282,125" oya="3" hai0="2,56,113,53,65,37,35,34,101,85,1,66,47" hai1="73,111,77,41,68,86,67,88,23,69,58,109,105" hai2="8,71,19,10,54,9,90,116,83,38,79,7,43" hai3="119,45,46,70,127,72,126,106,110,89,55,24,59"/><W16/><G70/><T115/><D101/><U39/><E105/><V80/><F71/><W95/><G106/><T0/><D85/><U107/><E107/><V100/><F100/><W20/><G72/><T131/><D131/><U99/><E99/><V18/><F43/><W108/><G119/><T33/><D47/><U97/><E97/><V75/><F38/><W15/><G24/><T4/><D4/><U6/><E6/><V103/><F103/><W31/><G31/><T82/><D82/><U132/><E41/><V112/><F112/><N who="0" m="43082" /><D37/><U36/><E77/><V121/><F121/><W30/><G30/><T87/><D87/><U92/><E86/><V117/><F7/><W48/><G45/><T52/><D53/><U32/><E69/><V63/><F83/><W102/><G46/><T124/><D124/><N who="3" m="47657" /><G102/><T57/><D57/><U122/><E58/><V125/><F90/><W128/><G128/><T21/><D21/><U27/><E23/><V12/><F125/><W123/><G123/><T91/><D91/><U61/><E88/><V22/><F19/><W64/><G64/><T42/><D42/><U129/><E67/><V5/><F5/><W76/><G76/><T29/><D29/><U130/><E122/><V78/><F78/><W94/><G94/><T84/><D84/><AGARI ba="0,0" hai="15,16,20,48,55,59,84,89,95,108,110" m="47657" machi="84" ten="30,11600,0" yaku="25,1,18,1,52,1,54,1" doraHai="11" who="3" fromWho="0" sc="152,-116,441,0,282,0,125,116" /><INIT seed="7,1,0,0,4,132" ten="36,441,282,241" oya="3" hai0="118,104,4,39,90,0,20,86,81,36,34,89,40" hai1="114,24,109,33,115,133,23,116,26,13,53,76,95" hai2="94,57,75,107,117,8,32,2,135,27,17,68,80" hai3="54,92,113,105,108,82,63,51,103,120,59,30,101"/><W38/><G120/><T3/><D34/><U97/><E109/><V74/><F68/><W28/><G38/><T15/><D104/><U47/><E133/><V45/><F107/><W112/><G108/><T6/><D118/><U5/><E76/><V123/><F117/><W22/><G105/><T73/><D73/><U44/><E116/><V87/><F45/><W127/><G82/><T129/><D129/><U119/><E33/><V122/><F94/><W77/><G77/><T106/><D106/><U7/><E119/><V37/><F37/><W66/><G127/><T12/><D20/><U41/><E53/><V126/><F126/><W121/><G121/><T11/><D86/><U58/><E58/><V48/><F135/><W124/><G124/><T110/><D110/><U93/><E13/><V35/><F35/><W131/><G131/><T16/><D81/><U29/><E23/><V56/><F56/><W49/><G49/><T78/><D78/><U125/><E125/><V134/><F134/><W84/><G84/><T69/><D69/><U96/><E29/><N who="3" m="11370" /><G92/><T130/><D130/><U70/><E70/><V71/><F71/><N who="3" m="42463" /><G22/><T67/><D67/><U91/><E41/><V25/><F32/><W42/><G42/><T10/><REACH who="0" step="1"/><D40/><REACH who="0" ten="26,441,282,241" step="2"/><U83/><E83/><V55/><F75/><W1/><G1/><T60/><D60/><U21/><E21/><V61/><F74/><W64/><G64/><T85/><D85/><U88/><AGARI ba="1,1" hai="5,7,24,26,44,47,88,91,93,95,96,97,114,115" machi="88" ten="25,6400,0" yaku="0,1,22,2,54,1" doraHai="132" who="1" fromWho="1" sc="26,-17,441,77,282,-17,241,-33" owari="9,-49.1,518,61.8,265,6.5,208,-19.2" /></mjloggm>