<mjloggm ver="2.3"><GO type="169" lobby="0"/><UN n0="%E3%81%A6%E3%81%BE%E3%81%A1" n1="%E6%9C%80%E5%BE%8C%E3%81%AE%E7%8E%8B%E9%81%93" n2="%E3%82%A2%E3%83%AC%E3%82%88%E3%80%81%E3%82%A2%E3%83%AC%E3%82%A2%E3%83%AC" n3="%E7%BD%AA%E5%88%91%E6%B3%95%E5%AE%9A%E4%B8%BB%E7%BE%A9" dan="16,16,16,17" rate="2046.33,2119.94,2104.64,2192.88" sx="M,M,M,M"/><TAIKYOKU oya="0"/><INIT seed="0,0,0,2,2,24" ten="250,250,250,250" oya="0" hai0="130,28,15,119,124,68,42,105,76,35,59,8,134" hai1="61,125,53,21,19,16,25,123,129,48,17,116,131" hai2="86,13,49,80,107,126,77,6,38,93,96,52,89" hai3="40,98,88,100,5,135,66,95,12,32,106,132,11"/><T9/><D119/><U73/><E116/><V92/><F38/><W26/><G40/><T133/><D68/><U36/><E36/><V70/><F70/><W2/><G66/><T46/><D105/><U63/><E73/><V60/><F126/><W50/><G50/><T55/><D124/><U54/><E125/><V122/><F122/><W51/><G51/><T31/><D35/><U3/><E3/><V103/><F60/><N who="1" m="23113" /><E123/><V47/><REACH who="2" step="1"/><F77/><REACH who="2" ten="250,250,240,250" step="2"/><W84/><REACH who="3" step="1"/><G2/><REACH who="3" ten="250,250,240,240" step="2"/><T83/><D134/><U94/><E48/><V113/><F113/><W75/><G75/><T33/><D133/><U4/><E131/><V82/><F82/><W67/><G67/><T37/><D130/><U65/><E65/><V120/><F120/><W99/><G99/><T1/><D1/><U23/><E129/><V121/><F121/><W90/><G90/><T87/><D83/><U110/><E53/><V118/><F118/><W41/><G41/><T30/><D55/><U101/><E54/><V109/><F109/><W34/><G34/><T0/><D42/><U20/><E110/><V111/><F111/><W117/><G117/><T69/><D33/><U91/><E91/><V18/><F18/><W71/><G71/><T14/><D69/><U62/><E17/><V108/><F108/><W7/><G7/><T22/><D0/><U112/><E4/><V104/><F104/><W27/><G27/><T114/><D114/><U45/><E19/><V127/><F127/><W64/><G64/><T72/><D72/><U74/><E74/><V29/><F29/><AGARI ba="0,2" hai="5,11,12,26,29,32,84,88,95,98,100,106,132,135" machi="29" ten="40,5200,0" yaku="1,1,52,1,54,1,53,0" doraHai="24" doraHaiUra="43" who="3" fromWho="2" sc="250,0,250,0,240,-52,240,72" /><INIT seed="1,0,0,1,5,61" ten="250,250,188,312" oya="1" hai0="15,100,66,11,93,71,56,21,40,12,82,17,25" hai1="132,51,19,22,133,113,58,115,94,18,10,87,120" hai2="102,91,129,2,13,130,69,96,99,74,76,122,88" hai3="79,16,109,36,20,65,135,35,123,0,49,127,6"/><U14/><E120/><V44/><F2/><W37/><G123/><T23/><D71/><U32/><E87/><V38/><F122/><W105/><G105/><T92/><D100/><U31/><E94/><V106/><F69/><W5/><G35/><T60/><D40/><U103/><E103/><N who="2" m="62823" /><F13/><W55/><G109/><T70/><D82/><U42/><E42/><V62/><F62/><W112/><G112/><T52/><D21/><U33/><E58/><V47/><F44/><W131/><G79/><T3/><D3/><U110/><E51/><V85/><F47/><W39/><G127/><T119/><D15/><N who="1" m="9567" /><E110/><V4/><F4/><W90/><G131/><N who="2" m="50185" /><F38/><W54/><G135/><N who="1" m="51786" /><E31/><V81/><F85/><W8/><G49/><T63/><REACH who="0" step="1"/><D119/><REACH who="0" ten="240,250,188,312" step="2"/><U104/><E104/><AGARI ba="0,1" hai="74,76,81,88,91,99,102,104" m="50185,62823" machi="104" ten="30,7700,0" yaku="19,1,34,2,54,1" doraHai="61" who="2" fromWho="1" sc="240,0,250,-77,188,87,312,0" /><INIT seed="2,0,0,3,3,67" ten="240,173,275,312" oya="2" hai0="96,127,128,15,94,60,5,111,102,63,64,66,57" hai1="11,110,36,48,105,1,81,47,26,109,133,125,73" hai2="22,21,4,116,55,33,126,119,76,101,30,46,62" hai3="35,27,51,71,107,95,129,44,13,89,112,23,130"/><V80/><F126/><W7/><G107/><T8/><D111/><N who="1" m="42507" /><E105/><V117/><F101/><W58/><G58/><T86/><D128/><N who="3" m="49257" /><G35/><T123/><D127/><U32/><E125/><V114/><F114/><W12/><G71/><T87/><REACH who="0" step="1"/><D123/><REACH who="0" ten="230,173,275,312" step="2"/><U34/><E133/><V31/><F117/><W25/><G112/><T42/><D42/><N who="1" m="24695" /><E32/><V84/><F33/><W69/><G7/><T100/><D100/><U37/><E34/><V131/><F131/><W115/><G115/><T16/><D16/><U135/><E135/><V122/><F4/><W118/><G118/><T108/><D108/><U93/><E36/><V39/><F39/><W121/><G121/><T70/><AGARI ba="0,1" hai="5,8,15,57,60,63,64,66,70,86,87,94,96,102" machi="70" ten="20,5200,0" yaku="1,1,0,1,7,1,52,1,53,0" doraHai="67" doraHaiUra="50" who="0" fromWho="0" sc="230,62,173,-13,275,-26,312,-13" /><INIT seed="3,0,0,2,2,46" ten="292,160,249,299" oya="3" hai0="59,82,119,37,130,72,31,45,131,95,16,50,111" hai1="0,107,70,84,8,75,32,49,56,53,77,89,90" hai2="12,121,52,43,27,9,35,109,25,60,34,97,3" hai3="21,122,125,92,123,108,116,133,23,2,66,39,124"/><W40/><G2/><T63/><D37/><U115/><E115/><V105/><F3/><W55/><G92/><T101/><D119/><U20/><E32/><V5/><F109/><W47/><G23/><T10/><D31/><U132/><E70/><V58/><F121/><N who="3" m="46091" /><G21/><T4/><D72/><U68/><E68/><V65/><F43/><W96/><G96/><N who="0" m="59551" /><D82/><U117/><E117/><V103/><REACH who="2" step="1"/><F65/><REACH who="2" ten="292,160,239,299" step="2"/><W18/><G116/><T71/><D111/><U51/><E0/><V64/><F64/><W88/><G108/><T102/><D131/><U110/><E110/><V86/><F86/><W44/><G66/><T134/><D130/><U126/><E75/><V17/><F17/><W36/><G18/><T81/><D16/><U54/><E84/><V6/><F6/><W33/><G133/><T15/><D134/><U94/><E132/><V93/><F93/><W62/><G40/><T14/><D4/><U104/><E94/><V38/><F38/><W113/><G36/><T100/><D100/><U67/><E67/><V41/><F41/><W11/><G39/><T85/><D102/><U1/><E1/><V57/><F57/><W48/><G47/><T26/><D45/><U114/><E56/><V28/><F28/><W91/><G44/><T120/><D59/><U79/><E114/><V7/><F7/><W129/><G113/><T135/><D135/><U73/><E73/><V127/><F127/><W106/><G129/><T76/><D120/><U24/><E126/><V83/><F83/><W118/><G125/><T29/><D85/><U22/><E24/><AGARI ba="0,1" hai="5,9,12,24,25,27,34,35,52,58,60,97,103,105" machi="24" ten="40,2600,0" yaku="1,1,54,1,53,0" doraHai="46" doraHaiUra="13" who="2" fromWho="1" sc="292,0,160,-26,239,36,299,0" /><INIT seed="4,0,0,1,3,99" ten="292,134,275,299" oya="0" hai0="127,23,74,42,44,90,37,82,103,53,108,38,64" hai1="66,105,18,131,88,67,85,110,59,0,125,112,128" hai2="35,6,9,93,96,22,32,119,109,78,107,81,68" hai3="21,24,87,26,33,120,50,134,2,126,29,17,15"/><T97/><D127/><U106/><E110/><V55/><F109/><W10/><G120/><T133/><D133/><U16/><E0/><V80/><F107/><W36/><G36/><T61/><D53/><U12/><E125/><V30/><F81/><W102/><G126/><T123/><D123/><U1/><E1/><V31/><F68/><W72/><G72/><T40/><D23/><U57/><E112/><V98/><F96/><W43/><G134/><T111/><D40/><U51/><E51/><V71/><F71/><W34/><G87/><T39/><D44/><U3/><E3/><V79/><F79/><W60/><G60/><T7/><D7/><U25/><E25/><V84/><F119/><W54/><G43/><T89/><D42/><U132/><E132/><V58/><F30/><W13/><G102/><T135/><D89/><U104/><E12/><N who="3" m="4682" /><G50/><T117/><D135/><U101/><E85/><V118/><F118/><W130/><G54/><T49/><D49/><U52/><E52/><V70/><F70/><W5/><G130/><N who="1" m="49706" /><E88/><V65/><F55/><W113/><G113/><T122/><D117/><U116/><E116/><V114/><F84/><W20/><AGARI ba="0,0" hai="2,5,10,17,20,21,24,26,29,33,34" m="4682" machi="20" ten="30,8000,1" yaku="35,5" doraHai="99" who="3" fromWho="3" sc="292,-40,134,-20,275,-20,299,80" /><INIT seed="5,0,0,1,5,114" ten="252,114,255,379" oya="1" hai0="76,9,56,122,120,109,3,91,6,99,0,135,44" hai1="107,113,43,41,68,103,104,131,108,102,24,62,27" hai2="87,126,92,129,48,34,1,65,130,77,101,93,39" hai3="121,11,12,59,125,133,90,67,71,55,50,28,19"/><U82/><E113/><V36/><F1/><W98/><G121/><N who="0" m="46699" /><D109/><U84/><E108/><V8/><F34/><W58/><G125/><T132/><D76/><U57/><E68/><V53/><F126/><W128/><G133/><T31/><D31/><U134/><E134/><V22/><F65/><W17/><G128/><N who="2" m="49257" /><F8/><W10/><G71/><T110/><D0/><U73/><E73/><V45/><F22/><W38/><G38/><N who="2" m="14377" /><F101/><N who="1" m="38409" /><E107/><V35/><F35/><W85/><G28/><T95/><D110/><U70/><E70/><V88/><F77/><W123/><G123/><T69/><D69/><U14/><E104/><V16/><F16/><N who="3" m="6219" /><G98/><T51/><D56/><U63/><E14/><V29/><F29/><W61/><G12/><T32/><D32/><U60/><E57/><V74/><F74/><W18/><G18/><T47/><D47/><U5/><E5/><V105/><F105/><W127/><G127/><T21/><D21/><U46/><E131/><V83/><AGARI ba="0,0" hai="45,48,53,83,87,88,92,93" m="14377,49257" machi="83" ten="30,2000,0" yaku="19,1,54,1" doraHai="114" who="2" fromWho="2" sc="252,-5,114,-10,255,20,379,-5" /><INIT seed="6,0,0,4,0,87" ten="247,104,275,374" oya="2" hai0="57,41,113,38,50,92,106,18,24,110,53,36,55" hai1="52,13,67,58,46,103,16,2,19,34,39,72,97" hai2="23,123,37,127,3,125,128,77,115,45,7,65,96" hai3="56,91,0,30,105,101,117,63,69,6,84,90,42"/><V71/><F123/><W80/><G69/><T4/><D106/><U48/><E2/><V108/><F115/><W31/><G117/><T104/><D104/><U66/><E34/><V15/><F128/><W124/><G124/><T12/><D41/><U14/><E72/><V75/><F108/><W78/><G42/><T33/><D110/><U32/><E32/><V11/><F96/><W54/><G105/><T119/><D113/><U73/><E73/><V8/><F23/><W1/><G101/><T94/><D4/><U28/><E28/><N who="3" m="10794" /><G1/><T68/><D24/><U43/><E14/><V132/><F132/><W49/><G0/><T88/><D68/><U86/><E19/><V76/><F45/><N who="3" m="27951" /><G6/><T130/><D33/><U116/><E116/><V83/><F76/><W29/><G29/><T59/><D130/><U9/><REACH who="1" step="1"/><E86/><REACH who="1" ten="247,94,275,374" step="2"/><N who="2" m="48495" /><F125/><W111/><G111/><T26/><D119/><U120/><E120/><V121/><F75/><W129/><G129/><T60/><D26/><U131/><E131/><V85/><F121/><W22/><G22/><T95/><D18/><U112/><E112/><V25/><F85/><W89/><G78/><T47/><D12/><U126/><E126/><V51/><F127/><W107/><G107/><AGARI ba="0,1" hai="9,13,16,39,43,46,48,52,58,66,67,97,103,107" machi="107" ten="30,7700,0" yaku="1,1,7,1,54,2,53,0" doraHai="87" doraHaiUra="35" who="1" fromWho="3" sc="247,0,94,87,275,0,374,-77" /><INIT seed="7,0,0,1,3,69" ten="247,181,275,297" oya="3" hai0="117,42,124,12,90,81,14,73,105,123,126,0,100" hai1="85,9,41,128,91,53,10,35,89,109,101,76,8" hai2="28,71,44,125,86,119,58,19,27,135,75,87,120" hai3="45,26,107,5,37,94,122,114,130,57,39,48,65"/><W116/><G107/><T115/><D117/><U98/><E109/><V121/><F119/><W51/><G5/><T54/><D0/><U59/><E128/><V11/><F71/><W7/><G7/><T2/><D2/><U68/><E35/><V38/><F75/><W97/><G116/><T113/><D123/><N who="2" m="47178" /><F125/><N who="0" m="48234" /><D42/><U36/><E68/><V102/><F135/><W103/><G122/><T74/><D54/><U96/><E76/><V64/><F102/><W50/><G130/><T46/><D46/><U24/><E24/><V40/><F19/><W22/><G45/><T32/><D12/><U84/><E41/><V49/><F11/><W52/><G114/><N who="0" m="43531" /><D14/><U78/><E78/><V66/><F49/><W1/><G1/><T131/><D32/><U21/><E21/><N who="2" m="15471" /><F64/><W133/><G133/><T17/><D17/><U72/><E72/><V33/><F33/><W108/><G65/><T93/><D81/><N who="1" m="49295" /><E36/><V61/><AGARI ba="0,0" hai="38,40,44,58,61,66,86,87" m="15471,47178" machi="61" ten="30,2000,0" yaku="13,1,52,1" doraHai="69" who="2" fromWho="2" sc="247,-5,181,-5,275,20,297,-10" /><INIT seed="8,0,0,5,2,64" ten="242,176,295,287" oya="0" hai0="95,131,31,49,8,24,113,86,5,44,77,82,0" hai1="130,104,45,42,53,33,12,3,30,51,18,71,87" hai2="48,16,79,102,122,29,75,9,83,101,91,111,2" hai3="70,6,66,34,32,65,114,36,15,116,46,68,22"/><T97/><D131/><U47/><E130/><V108/><F122/><W56/><G114/><T81/><D113/><U115/><E3/><V133/><F29/><W118/><G36/><T124/><D124/><U121/><E121/><V89/><F2/><W105/><G105/><T10/><D82/><U92/><E104/><V127/><F127/><W21/><G46/><T125/><D125/><U85/><E115/><V67/><F67/><N who="3" m="25611" /><G56/><T120/><D120/><U38/><E71/><N who="3" m="27178" /><G6/><T60/><D5/><U72/><E72/><V96/><F48/><W135/><G135/><T132/><D49/><U109/><E109/><V78/><F78/><W74/><G74/><T19/><D77/><U4/><E4/><V129/><F129/><W58/><G58/><T11/><D44/><U134/><E134/><V41/><F41/><W61/><G61/><T88/><D60/><U110/><E110/><V59/><F59/><W100/><G100/><T73/><D73/><U76/><E76/><V39/><F39/><W52/><G52/><T23/><D0/><U37/><E37/><V43/><F43/><W63/><G63/><T80/><D132/><U17/><E92/><N who="2" m="58503" /><F133/><W35/><G15/><T54/><D54/><U99/><E99/><V112/><F112/><W28/><G28/><T90/><D80/><U55/><E55/><V126/><F126/><W119/><AGARI ba="0,0" hai="21,22,32,34,35,116,118,119" m="27178,25611" machi="119" ten="50,12000,2" yaku="28,2,16,1,52,3" doraHai="64" who="3" fromWho="3" sc="242,-60,176,-30,295,-30,287,120" owari="182,-21.8,146,-35.4,265,6.5,407,50.7" /></mjloggm>