<mjloggm ver="2.3"><GO type="169" lobby="0"/><UN n0="%E3%80%93%E6%96%B0%E5%AD%90%E6%86%A7%E3%80%93" n1="%E3%81%97%E3%82%83%E3%82%93%E3%81%8A%E3%81%98" n2="%E3%81%9F%E3%81%8B%E3%81%AF%E3%81%97%E3%81%83%E3%81%83%E3%81%83" n3="%E3%81%BD%E3%81%A3%E3%81%91%E3%81%95%E3%82%93" dan="16,16,16,16" rate="2110.39,2204.06,2136.63,2152.46" sx="F,F,M,M"/><TAIKYOKU oya="0"/><INIT seed="0,0,0,0,3,63" ten="250,250,250,250" oya="0" hai0="126,6,49,119,60,1,115,87,14,30,74,118,134" hai1="113,22,51,132,39,106,40,10,7,122,104,78,25" hai2="41,101,5,54,100,102,32,43,71,90,17,59,2" hai3="3,72,8,45,73,9,88,75,66,70,123,91,23"/><T81/><D115/><U24/><E122/><V85/><F71/><W52/><G123/><T98/><D126/><U109/><E109/><V21/><F32/><W65/><G23/><T94/><D134/><U97/><E39/><V110/><F5/><W34/><G34/><T112/><D112/><U125/><E125/><V62/><F2/><W37/><G70/><T44/><D1/><U57/><E132/><V26/><REACH who="2" step="1"/><F110/><REACH who="2" ten="250,250,240,250" step="2"/><W64/><G3/><T31/><D119/><U56/><E7/><V13/><F13/><W77/><G77/><T11/><D118/><U29/><E113/><V135/><F135/><W89/><G52/><N who="0" m="29735" /><D74/><U95/><E24/><V117/><F117/><W84/><G84/><T55/><D55/><U18/><E25/><V47/><F47/><W36/><REACH who="3" step="1"/><G45/><REACH who="3" ten="250,250,240,240" step="2"/><T129/><D87/><U82/><E56/><V133/><F133/><W28/><G28/><T15/><D31/><U114/><E57/><V35/><F35/><W121/><G121/><T99/><D30/><U116/><E114/><V80/><AGARI ba="0,2" hai="17,21,26,41,43,54,59,62,80,85,90,100,101,102" machi="80" ten="30,7900,0" yaku="1,1,0,1,8,1,53,1" doraHai="63" doraHaiUra="76" who="2" fromWho="2" sc="250,-39,250,-20,240,99,240,-20" /><INIT seed="1,0,0,0,3,5" ten="211,230,339,220" oya="1" hai0="79,90,46,111,64,50,29,99,53,12,119,55,45" hai1="32,114,132,116,37,59,51,15,69,33,30,129,27" hai2="48,97,57,83,122,56,17,104,62,98,73,91,108" hai3="65,25,133,135,70,95,110,100,21,134,131,82,87"/><U113/><E37/><V16/><F122/><W66/><G110/><T125/><D119/><U28/><E69/><V89/><F108/><W47/><G131/><T71/><D111/><U3/><E116/><V124/><F124/><W22/><G47/><T77/><D125/><U120/><E120/><V117/><F117/><W78/><G70/><T88/><D29/><U34/><E3/><V76/><F48/><W84/><G21/><T102/><D71/><U18/><E51/><V52/><F56/><W128/><G128/><T121/><D64/><U11/><E59/><V80/><F80/><W14/><G14/><T101/><D50/><U39/><E39/><V41/><F41/><W36/><G36/><T24/><D12/><U68/><E68/><V127/><F127/><W112/><G112/><N who="1" m="43114" /><E129/><V126/><F126/><W1/><G1/><T61/><D24/><N who="1" m="18439" /><E132/><V13/><F17/><W2/><G2/><T92/><D121/><U105/><E105/><V43/><F43/><W0/><G0/><T19/><D19/><U103/><E103/><V107/><F107/><W31/><G100/><T115/><D115/><U96/><E96/><V93/><F104/><W26/><G26/><T106/><D106/><U81/><E81/><V4/><F4/><W118/><G118/><T20/><D99/><N who="2" m="37898" /><F93/><W63/><G63/><T75/><D92/><U8/><E34/><V85/><F73/><W60/><G60/><T44/><D61/><U23/><AGARI ba="0,0" hai="8,11,15,18,23,27,30,33" m="18439,43114" machi="23" ten="30,11700,0" yaku="34,2,52,2" doraHai="5" who="1" fromWho="1" sc="211,-39,230,117,339,-39,220,-39" /><INIT seed="1,1,0,5,4,26" ten="172,347,300,181" oya="1" hai0="121,69,117,89,123,126,72,45,0,68,33,16,50" hai1="90,70,47,25,36,118,55,73,111,64,99,24,134" hai2="88,135,15,97,122,19,61,66,54,125,95,22,34" hai3="11,127,29,58,4,120,75,130,35,53,1,3,80"/><U32/><E118/><V114/><F122/><N who="0" m="46602" /><D117/><U76/><E134/><V84/><F135/><W101/><G120/><T108/><D108/><U6/><E6/><V5/><F125/><W20/><G35/><T116/><D116/><U65/><E111/><V71/><F114/><W85/><G75/><T133/><D133/><U124/><E124/><V21/><F34/><W109/><G101/><T87/><D72/><U110/><E110/><V132/><F132/><W115/><G115/><T38/><D0/><U62/><E76/><V100/><F5/><W105/><G105/><T14/><D38/><U48/><E73/><V103/><F54/><W31/><G127/><T46/><D33/><U8/><E8/><V13/><F84/><W23/><G3/><T56/><D56/><U128/><E128/><V28/><F13/><W42/><G130/><T112/><D45/><U67/><E36/><V93/><REACH who="2" step="1"/><F95/><REACH who="2" ten="172,347,290,181" step="2"/><W37/><G109/><T81/><D112/><U74/><E74/><V60/><F60/><W52/><G1/><T51/><D126/><U27/><E32/><V17/><F17/><W18/><G18/><T63/><D63/><U10/><E62/><V49/><F49/><N who="0" m="18442" /><D46/><U2/><E2/><V98/><F98/><W44/><G44/><T79/><D79/><U39/><E39/><V12/><F12/><W129/><G37/><T86/><D86/><U9/><E70/><V102/><F102/><W119/><G85/><T96/><D96/><U94/><AGARI ba="1,1" hai="9,10,24,25,27,47,48,55,64,65,67,90,94,99" machi="94" ten="40,3900,0" yaku="0,1,8,1" doraHai="26" who="1" fromWho="1" sc="172,-14,347,52,290,-14,181,-14" /><INIT seed="1,2,0,2,1,17" ten="158,399,276,167" oya="1" hai0="107,21,78,30,92,12,125,129,118,84,88,44,64" hai1="33,114,110,29,41,93,54,57,38,104,100,43,34" hai2="8,49,131,119,66,95,89,120,0,106,98,101,56" hai3="22,77,23,85,18,19,45,82,48,13,60,32,31"/><U24/><E114/><V130/><F119/><W53/><G32/><T11/><D118/><U97/><E110/><V111/><F120/><W6/><G31/><T109/><D107/><U55/><E34/><V28/><F111/><W27/><G60/><T20/><D109/><U61/><E38/><V127/><F127/><W83/><G83/><N who="0" m="47223" /><D125/><U113/><E113/><V62/><F49/><W39/><G39/><T40/><D129/><N who="2" m="49162" /><F28/><W105/><G105/><T112/><D112/><U94/><E104/><V14/><F0/><W102/><G6/><N who="0" m="3191" /><D30/><U37/><E37/><V75/><F75/><W51/><G51/><N who="0" m="27015" /><D64/><U5/><E5/><N who="2" m="3343" /><F106/><W3/><G3/><T42/><D42/><U26/><E54/><V76/><F76/><W4/><G4/><T25/><D25/><U73/><E73/><V123/><F123/><W128/><G128/><T86/><AGARI ba="2,0" hai="20,21,86,88,92" m="27015,3191,47223" machi="86" ten="30,8000,1" yaku="25,1,8,1,52,2,54,1" doraHai="17" who="0" fromWho="0" sc="158,86,399,-42,276,-22,167,-22" /><INIT seed="2,0,0,1,3,27" ten="244,357,254,145" oya="2" hai0="43,0,28,12,102,67,44,111,17,97,63,1,64" hai1="117,93,126,124,45,121,16,113,55,66,32,128,73" hai2="125,89,21,96,15,30,75,52,34,2,13,100,70" hai3="106,130,110,115,18,4,120,72,69,87,68,116,86"/><V112/><F112/><W84/><G116/><T48/><D111/><U79/><E117/><V23/><F2/><W98/><G120/><T77/><D77/><U46/><E113/><V95/><F70/><W37/><G37/><T26/><D17/><U20/><E32/><V90/><F75/><W14/><G72/><T129/><D12/><N who="2" m="4682" /><F34/><W65/><G115/><T6/><D129/><U3/><E3/><V92/><F125/><N who="1" m="48233" /><E128/><V19/><F19/><W71/><G106/><T80/><D80/><N who="1" m="45167" /><E66/><V36/><F36/><W54/><G110/><T132/><D132/><U57/><E93/><V25/><F21/><W99/><G130/><T50/><D50/><N who="1" m="30967" /><E121/><V31/><F52/><W49/><G65/><T58/><D67/><U33/><E33/><V8/><F8/><W94/><G94/><T107/><REACH who="0" step="1"/><D6/><REACH who="0" ten="234,357,254,145" step="2"/><U11/><E11/><V74/><F74/><W82/><G4/><T118/><D118/><U10/><E10/><V7/><F7/><W85/><G18/><T105/><D105/><U5/><E5/><V40/><F89/><W91/><REACH who="3" step="1"/><G14/><AGARI ba="0,1" hai="14,16,20,45,46" m="30967,45167,48233" machi="14" ten="30,2000,0" yaku="18,1,54,1" doraHai="27" who="1" fromWho="3" sc="234,0,357,30,254,0,145,-20" /><INIT seed="3,0,0,0,1,6" ten="234,387,254,125" oya="3" hai0="19,64,133,22,105,26,46,24,94,38,93,48,110" hai1="36,3,84,129,31,30,122,98,87,83,135,75,102" hai2="113,20,52,63,90,86,120,11,50,10,57,9,69" hai3="99,7,2,43,82,16,21,125,97,0,118,66,109"/><W29/><G118/><T115/><D105/><U1/><E122/><V35/><F35/><W108/><G29/><T53/><D110/><N who="3" m="42601" /><G125/><T62/><D133/><U80/><E36/><V126/><F113/><W72/><G43/><T70/><D115/><U15/><E15/><V116/><F116/><W32/><G66/><T114/><D114/><U65/><E65/><V131/><F126/><W121/><G32/><T96/><D96/><N who="3" m="36937" /><G121/><T81/><D81/><U112/><E112/><V8/><F120/><W55/><G55/><T123/><D123/><U27/><E98/><V71/><F131/><W95/><G95/><T58/><REACH who="0" step="1"/><D26/><REACH who="0" ten="224,387,254,125" step="2"/><U59/><E27/><V100/><F100/><W12/><G7/><T107/><D107/><U91/><E102/><V124/><F124/><W61/><G61/><T92/><D92/><U132/><E132/><V127/><F127/><W103/><G103/><T60/><D60/><U73/><E135/><V5/><F63/><W25/><G25/><T68/><D68/><U130/><E130/><V18/><N who="2" m="2048" /><DORA hai="79" /><V51/><F5/><W101/><G101/><T117/><D117/><U89/><E129/><V13/><REACH who="2" step="1"/><F50/><REACH who="2" ten="224,387,244,125" step="2"/><W56/><G56/><AGARI ba="0,2" hai="1,3,30,31,56,59,73,75,80,83,84,87,89,91" machi="56" ten="25,6400,0" yaku="22,2,52,2" doraHai="6,79" who="1" fromWho="3" sc="224,0,387,84,244,0,125,-64" /><INIT seed="4,0,0,5,3,66" ten="224,471,244,61" oya="0" hai0="82,124,11,113,37,12,5,23,104,78,36,0,79" hai1="41,115,24,65,51,34,48,93,56,33,6,121,125" hai2="99,74,35,94,22,87,114,3,42,135,91,52,106" hai3="55,131,9,134,39,101,40,130,128,29,45,43,98"/><T59/><D113/><U88/><E121/><V26/><F114/><W27/><G134/><T32/><D124/><U63/><E125/><V25/><F74/><W110/><G110/><T15/><D104/><U31/><E115/><V112/><F112/><W50/><G9/><T127/><D127/><U102/><E6/><V85/><F3/><W126/><G126/><T67/><D32/><U133/><E133/><V108/><F108/><W53/><G40/><T62/><D79/><U90/><E34/><V129/><F129/><W19/><G19/><T71/><D59/><U120/><E120/><V73/><F73/><W76/><G76/><T109/><D109/><U77/><E77/><V17/><F42/><W107/><REACH who="3" step="1"/><G39/><REACH who="3" ten="224,471,244,51" step="2"/><T111/><D111/><U1/><E41/><V46/><F17/><W13/><G13/><T57/><D15/><U92/><E1/><V116/><F135/><W49/><G49/><T10/><D37/><U69/><E48/><V100/><F25/><W81/><G81/><T14/><D36/><U75/><E51/><V96/><F26/><W61/><G61/><T44/><D0/><U72/><E24/><V7/><F7/><W54/><G54/><T86/><D11/><U122/><E63/><V2/><F52/><W58/><G58/><T21/><D57/><U47/><E56/><V30/><F2/><W83/><G83/><T105/><D14/><U103/><E122/><V123/><F123/><W89/><G89/><T18/><D44/><U8/><E8/><V70/><F46/><W119/><G119/><T80/><D18/><U118/><E118/><RYUUKYOKU ba="0,1" sc="224,-10,471,-10,244,-10,51,30" hai3="27,29,43,45,50,53,55,98,101,107,128,130,131" /><INIT seed="5,1,1,0,3,22" ten="214,461,234,81" oya="1" hai0="14,49,61,25,29,43,86,26,107,46,13,132,123" hai1="76,116,37,42,16,50,109,53,56,122,83,58,0" hai2="124,100,5,97,32,77,18,105,81,41,10,28,134" hai3="9,117,1,106,84,33,92,45,119,36,131,70,121"/><U95/><E116/><V4/><F124/><W68/><G84/><T89/><D132/><U133/><E122/><V96/><F134/><W98/><G92/><T75/><D75/><U35/><E109/><V110/><F110/><W112/><G98/><T48/><D107/><U12/><E0/><V72/><F41/><W52/><G52/><N who="0" m="29719" /><D123/><U31/><E37/><V94/><F97/><W15/><G45/><N who="0" m="25791" /><D61/><U30/><E42/><V44/><F44/><W115/><G15/><N who="0" m="5643" /><D29/><U55/><E35/><V66/><F28/><W40/><G9/><T21/><D21/><U63/><E95/><AGARI ba="1,1" hai="25,26,86,89,95" m="5643,25791,29719" machi="95" ten="30,7700,0" yaku="8,1,52,2,54,1" doraHai="22" who="0" fromWho="1" sc="214,90,461,-80,234,0,81,0" /><INIT seed="6,0,0,2,5,97" ten="304,381,234,81" oya="2" hai0="123,115,13,80,127,77,5,28,15,79,69,44,96" hai1="99,64,135,124,20,66,89,125,12,87,3,105,36" hai2="11,103,102,120,106,122,58,74,41,67,46,91,51" hai3="84,72,38,108,71,134,26,90,117,75,21,94,83"/><V65/><F74/><W93/><G108/><T23/><D123/><U40/><E3/><V48/><F106/><W53/><G117/><T24/><D115/><U59/><E135/><V95/><F11/><W81/><G71/><T57/><D69/><U52/><E40/><V101/><F120/><W60/><G38/><T116/><D116/><U118/><E36/><V119/><F119/><W130/><G60/><T128/><D128/><U68/><E68/><V114/><F114/><W112/><G53/><T7/><D127/><N who="1" m="48715" /><E118/><V49/><F122/><W17/><G112/><T78/><D80/><N who="1" m="49383" /><E12/><N who="0" m="4681" /><D44/><U56/><E56/><V0/><F0/><W45/><G45/><T39/><D39/><U31/><E20/><V88/><F91/><W110/><G134/><T29/><D29/><U55/><E31/><V14/><F14/><W4/><G110/><T47/><D47/><U54/><E59/><V104/><F104/><W8/><G130/><T76/><N who="0" m="19456" /><DORA hai="30" /><T18/><D96/><U50/><E50/><N who="2" m="19563" /><F58/><W37/><G81/><T16/><D57/><U107/><E107/><V85/><AGARI ba="0,0" hai="41,46,51,65,67,85,88,95,101,102,103" m="19563" machi="85" ten="30,12000,1" yaku="8,1,52,3,54,1" doraHai="97,30" who="2" fromWho="2" sc="304,-40,381,-40,234,120,81,-40" /><INIT seed="6,1,0,4,1,128" ten="264,341,354,41" oya="2" hai0="70,31,6,74,35,93,99,63,39,56,19,52,95" hai1="76,12,112,90,61,101,125,110,105,78,98,80,115" hai2="65,36,114,48,64,91,135,107,27,103,130,13,50" hai3="69,134,67,26,88,32,28,118,55,129,77,37,49"/><V124/><F130/><W23/><G37/><T92/><D74/><U104/><E12/><V59/><F36/><W46/><G118/><T71/><D39/><U10/><E10/><V41/><F114/><N who="1" m="43561" /><E61/><V3/><F3/><W111/><G111/><T25/><D6/><U17/><E17/><V29/><F124/><W38/><G129/><T121/><D121/><U131/><E110/><V133/><F91/><W109/><G77/><N who="1" m="29802" /><E131/><V40/><F103/><W113/><G109/><T83/><D83/><U8/><E8/><V117/><F107/><W51/><G38/><T30/><D30/><U75/><E125/><V73/><F73/><W14/><G113/><T106/><REACH who="0" step="1"/><D19/><REACH who="0" ten="254,341,354,41" step="2"/><U66/><E75/><V22/><F117/><W86/><G28/><T97/><D97/><U47/><E105/><V9/><F40/><W122/><G122/><T34/><D34/><U58/><E104/><V5/><F41/><W33/><G33/><T100/><AGARI ba="1,1" hai="25,31,35,52,56,63,70,71,92,93,95,99,100,106" machi="100" ten="30,4000,0" yaku="1,1,0,1,54,1,53,0" doraHai="128" doraHaiUra="43" who="0" fromWho="0" sc="254,53,341,-11,354,-21,41,-11" /><INIT seed="7,0,0,4,4,90" ten="307,330,333,30" oya="3" hai0="93,97,3,103,70,28,60,46,34,121,5,83,64" hai1="113,111,95,36,13,94,24,0,35,11,65,75,114" hai2="21,119,19,131,73,129,91,87,72,86,27,82,107" hai3="133,132,42,44,31,54,20,71,85,9,108,58,115"/><W57/><G71/><T47/><D121/><U123/><E123/><V128/><F119/><W26/><G115/><N who="1" m="44042" /><E111/><V112/><F112/><W116/><G116/><T84/><D3/><U101/><E75/><N who="2" m="28747" /><F86/><W2/><G108/><T23/><D5/><N who="1" m="1447" /><E36/><V124/><F107/><W100/><G100/><T8/><D8/><U92/><E65/><V53/><F53/><W126/><G85/><T74/><D34/><U62/><E62/><V59/><F59/><W105/><G105/><T29/><D74/><U55/><E55/><V109/><F109/><W18/><G126/><AGARI ba="0,0" hai="19,21,27,82,87,91,124,126,128,129,131" m="28747" machi="126" ten="40,1300,0" yaku="19,1" doraHai="90" who="2" fromWho="3" sc="307,0,330,0,333,13,30,-13" owari="307,-9.3,330,13.0,346,44.6,17,-48.3" /></mjloggm>