<mjloggm ver="2.3"><GO type="169" lobby="0"/><UN n0="%72%65%6E%6A%69%38%33" n1="%63%2E%63%2D%76%2E%76" n2="%E9%87%A3%E3%82%8A%E6%97%A5%E5%92%8C" n3="%54%68%65%72%65%73%61%5F" dan="16,16,18,16" rate="2096.77,2093.97,2231.65,2109.28" sx="M,F,M,M"/><TAIKYOKU oya="0"/><INIT seed="0,0,0,3,1,127" ten="250,250,250,250" oya="0" hai0="85,57,74,59,130,135,109,32,88,26,44,33,48" hai1="68,18,110,65,46,2,120,121,13,125,89,134,19" hai2="93,81,29,51,115,100,79,52,61,73,53,23,35" hai3="129,84,77,122,72,5,102,132,133,106,82,124,8"/><T31/><D74/><U114/><E68/><V38/><F38/><W30/><G30/><T131/><D135/><N who="3" m="51785" /><G122/><T86/><D109/><U36/><E65/><V69/><F35/><W16/><G124/><T58/><D33/><U41/><E125/><V113/><F113/><W10/><G102/><T20/><D32/><U7/><E2/><V50/><F115/><W78/><G106/><T63/><D63/><U80/><E89/><V47/><F69/><W111/><G111/><T117/><D117/><U1/><E110/><V66/><F100/><W60/><G60/><T92/><REACH who="0" step="1"/><D85/><REACH who="0" ten="240,250,250,250" step="2"/><U118/><E118/><V62/><F66/><W27/><G72/><T6/><D6/><U9/><E114/><V112/><F112/><W34/><G34/><T45/><D45/><U103/><E46/><V67/><F67/><W76/><G5/><T55/><AGARI ba="0,1" hai="20,26,31,44,48,55,57,58,59,86,88,92,130,131" machi="55" ten="30,18000,2" yaku="1,1,0,1,52,2,54,1,53,1" doraHai="127" doraHaiUra="22" who="0" fromWho="0" sc="240,190,250,-60,250,-60,250,-60" /><INIT seed="0,1,0,4,0,106" ten="430,190,190,190" oya="0" hai0="116,52,31,132,55,4,92,21,107,78,62,68,105" hai1="1,115,2,128,73,29,14,38,33,11,65,16,48" hai2="112,66,43,12,101,117,93,111,5,63,13,10,126" hai3="0,18,17,75,70,40,6,96,119,64,80,8,82"/><T69/><D116/><U3/><E38/><V37/><F112/><W35/><G119/><T125/><D125/><U79/><E65/><V53/><F117/><W23/><G35/><T118/><D118/><U99/><E99/><V57/><F126/><W81/><G40/><T88/><D78/><U127/><E127/><V19/><F111/><W61/><G96/><T108/><D132/><U25/><E115/><V54/><F37/><W50/><G50/><T72/><D4/><U9/><E48/><V121/><F43/><W30/><G30/><T103/><D103/><U98/><E98/><N who="2" m="59599" /><F121/><W44/><G44/><T39/><D39/><U134/><E134/><V100/><F100/><W49/><G49/><T36/><D36/><U86/><E86/><V56/><F57/><W22/><G22/><AGARI ba="1,0" hai="5,10,12,13,19,22,53,54,56,63,66" m="59599" machi="22" ten="30,1000,0" yaku="8,1" doraHai="106" who="2" fromWho="3" sc="430,0,190,0,190,13,190,-13" /><INIT seed="1,0,0,2,3,76" ten="430,190,203,177" oya="1" hai0="77,116,53,93,46,106,43,127,56,2,23,40,64" hai1="26,126,16,95,134,47,122,112,50,45,35,81,34" hai2="12,118,29,91,55,66,60,110,42,79,10,33,70" hai3="128,57,78,28,19,14,114,89,25,59,13,130,111"/><U115/><E122/><V92/><F118/><W82/><G114/><T1/><D106/><U94/><E126/><V109/><F42/><W31/><G89/><T27/><D116/><U98/><E134/><V87/><F55/><W17/><G111/><N who="2" m="42505" /><F29/><W18/><G25/><T73/><D64/><U15/><E112/><V63/><F63/><W103/><G103/><T4/><D93/><U71/><E71/><V135/><F79/><W21/><G18/><T99/><D40/><U104/><E104/><V69/><F33/><W119/><G119/><T5/><D127/><U100/><E115/><V24/><F24/><W62/><G128/><T37/><D2/><U51/><E26/><V0/><F0/><W49/><G49/><N who="1" m="18442" /><E35/><V7/><F135/><W107/><G107/><T3/><D1/><U11/><E34/><V108/><N who="2" m="42513" /><V32/><DORA hai="131" /><F32/><W39/><G39/><T125/><D3/><U129/><E129/><V20/><F20/><W83/><G130/><T36/><D37/><U68/><E68/><AGARI ba="0,0" hai="7,10,12,60,66,68,69,70,87,91,92" m="42513" machi="68" ten="40,1300,0" yaku="14,1" doraHai="76,131" who="2" fromWho="1" sc="430,0,190,-13,203,13,177,0" /><INIT seed="2,0,0,2,5,56" ten="430,177,216,177" oya="2" hai0="15,121,125,37,67,128,76,111,109,95,127,32,18" hai1="34,113,97,46,6,124,7,64,12,55,59,70,120" hai2="14,63,123,47,35,96,115,39,104,74,17,112,119" hai3="16,10,50,51,36,83,54,45,79,102,23,110,13"/><V66/><F119/><W9/><G110/><N who="0" m="41995" /><D37/><U42/><E113/><V30/><F74/><W28/><G36/><T4/><D76/><U19/><E124/><N who="0" m="47689" /><D95/><U40/><E34/><V75/><F75/><W117/><G102/><T101/><D101/><U80/><E40/><V72/><F72/><W134/><G134/><T93/><D93/><U38/><E80/><V107/><F123/><W20/><G117/><T132/><D67/><U3/><E3/><V25/><F47/><W122/><G122/><T85/><D85/><U58/><E97/><V41/><F41/><W1/><G1/><T61/><D61/><N who="1" m="40207" /><E59/><V133/><F133/><W21/><G83/><T130/><D121/><U77/><E77/><V78/><F78/><W8/><G79/><T11/><D132/><U5/><E5/><V87/><F87/><W86/><G86/><T57/><D57/><U135/><E135/><V114/><F39/><W82/><G82/><T94/><D94/><U49/><E120/><V71/><REACH who="2" step="1"/><F96/><REACH who="2" ten="430,177,206,177" step="2"/><W81/><G81/><T62/><D128/><U129/><E129/><V0/><F0/><W88/><G45/><T100/><D130/><U98/><E98/><V108/><F108/><W33/><G50/><T43/><D43/><U22/><AGARI ba="0,1" hai="6,7,12,19,22,38,42,46,49,55,58" m="40207" machi="22" ten="30,2000,0" yaku="24,1,52,1" doraHai="56" who="1" fromWho="1" sc="430,-5,177,30,206,-10,177,-5" /><INIT seed="3,0,0,4,3,39" ten="425,207,196,172" oya="3" hai0="101,46,124,86,53,96,65,33,115,78,34,44,76" hai1="123,80,104,117,121,58,71,45,113,11,126,42,64" hai2="70,30,84,15,77,93,6,49,83,24,131,52,4" hai3="55,106,51,67,85,17,29,72,132,112,110,20,48"/><W134/><G112/><T81/><D115/><U5/><E104/><V38/><F38/><W111/><G72/><T10/><D124/><U1/><E113/><V91/><F70/><W63/><G106/><T99/><D65/><U102/><E126/><V82/><F131/><W9/><G9/><T114/><D114/><U31/><E31/><V79/><F15/><W108/><G29/><T7/><D78/><U98/><E80/><V90/><F90/><W133/><G85/><T129/><D129/><U87/><E87/><V135/><F135/><W100/><G100/><T2/><D96/><U56/><E56/><V122/><F122/><W50/><G20/><T26/><D26/><U74/><E58/><V27/><F27/><W47/><G17/><T32/><REACH who="0" step="1"/><D53/><REACH who="0" ten="415,207,196,172" step="2"/><U88/><E121/><V127/><F127/><W21/><REACH who="3" step="1"/><G21/><REACH who="3" ten="415,207,196,162" step="2"/><T18/><D18/><U89/><E123/><V92/><F30/><W59/><AGARI ba="0,2" hai="47,48,50,51,55,59,63,67,108,110,111,132,133,134" machi="59" ten="40,24000,3" yaku="1,1,2,1,0,1,14,1,10,1,20,1,34,3,53,1" doraHai="39" doraHaiUra="60" who="3" fromWho="3" sc="415,-80,207,-80,196,-80,162,260" /><INIT seed="3,1,0,2,0,55" ten="335,127,116,422" oya="3" hai0="34,128,61,27,98,89,124,131,120,108,5,30,88" hai1="19,66,119,32,53,54,96,92,123,91,0,8,45" hai2="37,74,62,129,94,81,83,14,115,135,35,12,26" hai3="130,93,80,44,63,49,23,60,41,114,132,64,110"/><W107/><G107/><T97/><D120/><U59/><E123/><V6/><F115/><W36/><G114/><T77/><D77/><U2/><E32/><V40/><F135/><W50/><G132/><T111/><D5/><U116/><E66/><V106/><F106/><W52/><G130/><N who="0" m="49707" /><D124/><U18/><E45/><V20/><F35/><W39/><G80/><T9/><D9/><U105/><E105/><V75/><F37/><N who="3" m="14411" /><G23/><T69/><D69/><U51/><E53/><V47/><F74/><W13/><G13/><T103/><D61/><U72/><E72/><V134/><F134/><W117/><G93/><N who="0" m="58799" /><D98/><U15/><REACH who="1" step="1"/><E19/><REACH who="1" ten="335,117,116,422" step="2"/><N who="2" m="12575" /><F75/><W48/><G64/><T125/><D125/><U56/><E56/><V67/><F67/><W7/><G44/><T100/><D100/><U22/><E22/><V25/><F47/><W112/><G112/><T95/><D95/><U127/><E127/><V42/><F94/><W73/><G73/><T118/><D118/><AGARI ba="1,1" hai="0,2,8,15,18,51,54,59,91,92,96,116,118,119" machi="118" ten="40,5200,0" yaku="1,1,12,1,52,1,53,0" doraHai="55" doraHaiUra="1" who="1" fromWho="0" sc="335,-55,117,65,116,0,422,0" /><INIT seed="4,0,0,1,1,91" ten="280,182,116,422" oya="0" hai0="22,31,89,4,17,92,23,14,49,100,84,47,102" hai1="60,54,58,15,41,78,124,13,42,111,59,12,21" hai2="109,130,126,5,32,90,123,75,33,29,38,114,70" hai3="62,103,120,28,118,37,108,40,81,129,6,132,9"/><T72/><D72/><U93/><E111/><V107/><F90/><W0/><G108/><T57/><D4/><U77/><E124/><V97/><F97/><W19/><G118/><T44/><D44/><U112/><E112/><V20/><F20/><W24/><G129/><T53/><D47/><U121/><E121/><V98/><F98/><W68/><G132/><T43/><D43/><U116/><E116/><V56/><F56/><W39/><G40/><T115/><D115/><U18/><E42/><V67/><F67/><W50/><G50/><T125/><D125/><U134/><E134/><V94/><F94/><W79/><G120/><T119/><D119/><U131/><E131/><V51/><F51/><W117/><G117/><T8/><D23/><U64/><E41/><V76/><F76/><N who="1" m="29289" /><E93/><V105/><F29/><W104/><G19/><T25/><AGARI ba="0,0" hai="8,14,17,22,25,31,49,53,57,84,89,92,100,102" machi="25" ten="30,6000,0" yaku="0,1,8,1,52,1" doraHai="91" who="0" fromWho="0" sc="280,60,182,-20,116,-20,422,-20" /><INIT seed="4,1,0,2,5,33" ten="340,162,96,402" oya="0" hai0="125,28,53,44,64,52,74,121,76,15,14,80,75" hai1="60,22,110,83,79,35,70,108,119,10,88,100,98" hai2="41,78,65,112,94,25,46,55,57,86,135,32,73" hai3="8,102,27,113,38,21,48,39,19,7,12,128,4"/><T103/><D121/><U1/><E119/><V66/><F112/><W129/><G113/><T17/><D125/><U87/><E35/><V122/><F135/><W23/><G102/><T104/><D28/><U89/><E70/><V124/><F124/><W133/><G133/><T101/><D64/><U63/><E22/><V68/><F122/><W72/><G72/><T11/><D75/><U69/><E69/><V127/><F127/><W3/><G48/><T42/><D101/><U18/><E60/><V6/><F68/><W109/><G109/><T107/><D15/><U45/><E45/><V24/><F6/><N who="3" m="1119" /><G39/><T43/><D43/><U71/><E18/><V97/><F73/><W111/><G38/><T84/><D74/><N who="1" m="43511" /><E63/><V99/><F99/><W16/><G111/><T56/><D103/><U2/><E10/><V120/><F120/><W51/><G51/><T61/><REACH who="0" step="1"/><D53/><REACH who="0" ten="330,162,96,402" step="2"/><U132/><E132/><V91/><F65/><W82/><G82/><T85/><D85/><U59/><E87/><V62/><F66/><W92/><G92/><T95/><D95/><U9/><E108/><V31/><F86/><W96/><G96/><T114/><D114/><U30/><E98/><V13/><F94/><W36/><G36/><AGARI ba="1,1" hai="11,14,17,36,42,44,52,56,61,76,80,84,104,107" machi="36" ten="30,5800,0" yaku="1,1,7,1,54,1,53,0" doraHai="33" doraHaiUra="0" who="0" fromWho="3" sc="330,71,162,0,96,0,402,-61" /><INIT seed="4,2,0,0,3,96" ten="401,162,96,341" oya="0" hai0="86,97,55,38,115,74,93,60,78,16,120,123,67" hai1="53,46,82,71,5,47,103,33,111,127,51,29,129" hai2="132,64,84,4,133,59,135,62,130,57,61,104,63" hai3="19,26,56,72,81,13,22,91,117,65,73,49,52"/><T106/><D38/><U21/><E111/><V116/><F104/><W0/><G117/><T44/><D74/><U66/><E127/><V3/><F3/><W17/><G0/><T32/><D32/><U94/><E129/><V11/><F130/><W50/><G65/><T42/><D55/><U102/><E33/><V109/><F109/><W79/><G91/><T69/><D115/><U85/><E71/><V23/><F116/><W35/><G35/><T37/><D106/><U107/><E107/><V43/><F23/><W131/><G131/><T90/><D78/><N who="1" m="46295" /><E94/><V80/><F43/><W18/><G73/><T77/><D77/><U41/><E5/><V27/><F27/><W110/><G110/><T113/><D113/><U108/><E66/><V121/><F121/><W134/><G134/><T58/><D69/><U7/><E7/><V14/><REACH who="2" step="1"/><F64/><REACH who="2" ten="401,162,86,341" step="2"/><W119/><G119/><T28/><D120/><U98/><E108/><V89/><AGARI ba="2,1" hai="4,11,14,57,59,61,62,63,80,84,89,132,133,135" machi="89" ten="40,8000,1" yaku="1,1,2,1,0,1,20,1,53,0" doraHai="96" doraHaiUra="68" who="2" fromWho="2" sc="401,-42,162,-22,86,96,341,-22" /><INIT seed="5,0,0,1,0,79" ten="359,140,182,319" oya="1" hai0="50,18,38,9,98,108,80,130,34,7,13,0,116" hai1="99,44,45,95,10,123,124,106,31,87,57,26,90" hai2="62,129,121,24,63,47,42,105,61,86,53,92,96" hai3="102,15,49,39,134,111,70,33,60,32,40,115,64"/><U69/><E123/><V36/><F121/><W117/><G111/><T83/><D108/><U68/><E124/><V6/><F129/><W1/><G1/><T88/><D116/><U30/><E69/><V125/><F125/><W85/><G117/><T37/><D34/><U48/><E68/><V3/><F3/><W4/><G115/><T56/><D130/><U54/><E10/><V128/><F128/><W77/><G39/><T55/><D37/><U120/><E120/><V135/><F6/><W114/><G102/><T16/><D38/><U14/><E14/><V119/><F119/><W101/><G101/><T20/><REACH who="0" step="1"/><D18/><REACH who="0" ten="349,140,182,319" step="2"/><U126/><E126/><V8/><F36/><W132/><G33/><T84/><D84/><U51/><E30/><V74/><F86/><W91/><G32/><T23/><D23/><N who="1" m="15839" /><E106/><V112/><F105/><W29/><G29/><T17/><D17/><U52/><E87/><V110/><F110/><W27/><G85/><T103/><D103/><U75/><E75/><V81/><F74/><W46/><G77/><T97/><D97/><U19/><E19/><V131/><F96/><W66/><G132/><T2/><D2/><U67/><E67/><V113/><F135/><W5/><G66/><T78/><D78/><U28/><E28/><V73/><F73/><W59/><G134/><T65/><D65/><U94/><E94/><AGARI ba="0,1" hai="0,7,9,13,16,20,50,55,56,80,83,88,94,98" machi="94" ten="40,8000,1" yaku="1,1,52,2,54,2,53,0" doraHai="79" doraHaiUra="109" who="0" fromWho="1" sc="349,90,140,-80,182,0,319,0" /><INIT seed="6,0,0,2,5,96" ten="439,60,182,319" oya="2" hai0="48,5,37,126,53,39,107,127,86,61,129,49,11" hai1="102,47,27,62,56,1,80,10,93,95,135,40,131" hai2="9,108,16,21,54,99,28,72,100,94,112,33,45" hai3="15,88,12,7,31,84,6,128,2,60,111,116,32"/><V77/><F112/><W23/><G111/><T114/><D114/><U3/><E131/><V85/><F72/><W81/><G116/><T22/><D129/><U41/><E135/><V87/><F33/><W46/><G32/><T65/><D107/><U18/><E1/><V132/><F132/><W24/><G128/><T121/><D22/><U43/><E3/><V98/><F108/><W92/><G2/><N who="0" m="439" /><D86/><U103/><E80/><V0/><F77/><N who="3" m="46127" /><G60/><T69/><D49/><U91/><E47/><V67/><F67/><W30/><G30/><T68/><D68/><U74/><E74/><V71/><F71/><W83/><G83/><T64/><D64/><U122/><E122/><V110/><F110/><W124/><G46/><N who="0" m="27799" /><D121/><U29/><E29/><V14/><F0/><W79/><G79/><T25/><D25/><U119/><E119/><V66/><F66/><W73/><G73/><T90/><D90/><U58/><E93/><N who="2" m="58479" /><F54/><W115/><G115/><T82/><D82/><U57/><E62/><V101/><F45/><W106/><G106/><T76/><D76/><U35/><E35/><V118/><F118/><W133/><G133/><T38/><D39/><U55/><E55/><V50/><F50/><W130/><G130/><T44/><D44/><U17/><E27/><AGARI ba="0,0" hai="9,14,16,21,27,28,85,87,94,98,101" m="58479" machi="27" ten="30,11600,0" yaku="8,1,52,2,54,1" doraHai="96" who="2" fromWho="1" sc="439,0,60,-116,182,116,319,0" owari="439,53.9,-56,-55.6,298,-10.2,319,11.9" /></mjloggm>