<mjloggm ver="2.3"><GO type="169" lobby="0"/><UN n0="%E3%81%8B%E3%81%B6%E8%8C%B6" n1="%E3%83%8E%E3%82%AA%E3%83%81%E3%83%A3%E3%83%99%E3%82%B9" n2="%4D%4A%E6%9C%80%E5%BC%B7%E4%BD%8D" n3="%4B%69%74%61%6D%75%72%61" dan="17,16,17,17" rate="2138.08,2159.67,2219.23,2213.32" sx="M,M,M,F"/><TAIKYOKU oya="0"/><INIT seed="0,0,0,2,1,12" ten="250,250,250,250" oya="0" hai0="98,50,94,23,11,73,39,68,16,8,43,93,105" hai1="62,4,102,44,122,99,31,109,29,97,133,0,60" hai2="81,66,47,42,115,9,24,119,125,114,41,33,30" hai3="134,10,84,2,25,7,107,77,48,15,130,92,63"/><T132/><D68/><U127/><E122/><V126/><F119/><W110/><G107/><T108/><D73/><U76/><E0/><V64/><F9/><W72/><G110/><T96/><D105/><U6/><E109/><V100/><F100/><W35/><G134/><T83/><D39/><U112/><E133/><V28/><F81/><W135/><G135/><T45/><D108/><U123/><E123/><V113/><F28/><W106/><G106/><T67/><D67/><U5/><E112/><V87/><F87/><W56/><G130/><T26/><D83/><U75/><E75/><V13/><F13/><W19/><G48/><T17/><D132/><U53/><E76/><V82/><F82/><W37/><G37/><T85/><D85/><U20/><E127/><N who="2" m="48651" /><F41/><W117/><G117/><T70/><D70/><U116/><E116/><V40/><F42/><W32/><G25/><T57/><D57/><U95/><E99/><V61/><F61/><N who="1" m="23657" /><E20/><V124/><N who="2" m="48659" /><V71/><DORA hai="46" /><F71/><W22/><G72/><T3/><D3/><U1/><E1/><V120/><F120/><W131/><G77/><T78/><D78/><U89/><E102/><V80/><F80/><W79/><G79/><T128/><D128/><U118/><E118/><V86/><F86/><W51/><G131/><T55/><D98/><U74/><E74/><V36/><AGARI ba="0,0" hai="24,30,33,36,40,47,64,66,113,114,115" m="48659" machi="36" ten="50,1600,0" yaku="18,1" doraHai="12,46" who="2" fromWho="2" sc="250,-8,250,-4,250,16,250,-4" /><INIT seed="1,0,0,4,3,35" ten="242,246,266,246" oya="1" hai0="19,16,126,47,28,130,107,129,80,60,10,75,124" hai1="4,87,109,92,99,66,108,59,122,12,106,33,77" hai2="95,98,64,22,96,135,104,103,26,11,112,37,113" hai3="1,20,51,52,41,105,111,102,0,21,56,88,17"/><U40/><E33/><V84/><F37/><W42/><G111/><N who="1" m="42570" /><E122/><V39/><F39/><W57/><G105/><T78/><D107/><U55/><E40/><V73/><F73/><W125/><G102/><T82/><D28/><U49/><E66/><V23/><F135/><W119/><G125/><N who="0" m="48235" /><D47/><U133/><E133/><V36/><F36/><W46/><G119/><T5/><D60/><U114/><E114/><N who="2" m="44139" /><F64/><W110/><G110/><T32/><D32/><U94/><E106/><V15/><F84/><W6/><G57/><T91/><D91/><U100/><E77/><V31/><F23/><W27/><G21/><T45/><D82/><U127/><E127/><V118/><F118/><W89/><G41/><T62/><D62/><U3/><E12/><V65/><F65/><W123/><G123/><T134/><D45/><U30/><E30/><V70/><F70/><W54/><G54/><T2/><D134/><U25/><E25/><V76/><F76/><W85/><G6/><T8/><D8/><N who="1" m="2079" /><E94/><V61/><F61/><W67/><G67/><T74/><D74/><U131/><E87/><V120/><F120/><W38/><G89/><T128/><AGARI ba="0,0" hai="2,5,10,16,19,75,78,80,128,129,130" m="48235" machi="128" ten="40,8000,1" yaku="19,1,18,1,52,1,54,1" doraHai="35" who="0" fromWho="0" sc="242,80,246,-40,266,-20,246,-20" /><INIT seed="2,0,0,4,1,112" ten="322,206,246,226" oya="2" hai0="91,16,90,47,46,52,110,73,86,28,1,65,29" hai1="107,70,85,83,21,130,106,120,133,24,32,19,78" hai2="42,131,9,98,88,96,2,84,118,134,41,14,27" hai3="87,103,79,43,92,4,113,89,127,67,135,108,39"/><V50/><F2/><W111/><G67/><T26/><D73/><U17/><E70/><V53/><F118/><W33/><G33/><T80/><D1/><U36/><E36/><V97/><F27/><W63/><G63/><T0/><D0/><U75/><E133/><V45/><F134/><W82/><G135/><T102/><D102/><U105/><E130/><V49/><F131/><W38/><G4/><T94/><D110/><U119/><E32/><V66/><F66/><W123/><G123/><T35/><D65/><U74/><E120/><V40/><F49/><W62/><G62/><T57/><D28/><U15/><REACH who="1" step="1"/><E119/><REACH who="1" ten="322,196,246,226" step="2"/><V76/><F76/><W128/><G128/><T69/><D69/><U115/><E115/><V8/><REACH who="2" step="1"/><F14/><REACH who="2" ten="322,196,236,226" step="2"/><W3/><G3/><T116/><D116/><U10/><AGARI ba="0,2" hai="10,15,17,19,21,24,74,75,78,83,85,105,106,107" machi="10" ten="30,2000,0" yaku="1,1,0,1,53,0" doraHai="112" doraHaiUra="93" who="1" fromWho="1" sc="322,-5,196,40,236,-10,226,-5" /><INIT seed="3,0,0,0,0,47" ten="317,236,226,221" oya="3" hai0="80,9,106,59,17,16,131,7,103,120,31,90,82" hai1="12,36,115,132,22,110,65,44,121,52,98,96,57" hai2="10,79,114,30,125,4,73,49,20,1,25,53,134" hai3="94,2,15,72,34,99,97,24,42,41,85,6,130"/><W27/><G72/><T33/><D120/><U86/><E115/><V108/><F114/><W28/><G130/><T32/><D131/><U119/><E121/><V46/><F134/><W50/><G27/><T76/><D103/><U113/><E132/><V116/><F116/><W111/><G111/><T135/><D106/><U91/><E110/><V126/><F108/><W87/><G2/><T81/><D135/><U123/><E123/><V102/><F102/><W13/><G99/><T89/><D76/><U64/><E119/><V56/><F79/><W77/><G41/><T55/><D31/><U93/><E113/><V67/><F73/><W54/><G42/><T112/><D112/><U117/><E36/><V104/><F104/><W5/><G5/><T29/><D29/><U88/><E44/><V58/><REACH who="2" step="1"/><F67/><REACH who="2" ten="317,236,216,221" step="2"/><N who="1" m="25673" /><E117/><V3/><F3/><W48/><G77/><T124/><D89/><U51/><E91/><V43/><F43/><W83/><G83/><T84/><D81/><U71/><E71/><V63/><F63/><W18/><G94/><T0/><D80/><U128/><E128/><V23/><F23/><W70/><G34/><T39/><D32/><U68/><E68/><V78/><F78/><W107/><G70/><T105/><D33/><U14/><E22/><V8/><F8/><W127/><G107/><T74/><D105/><U40/><E40/><V92/><F92/><W11/><G11/><T133/><D133/><U37/><E37/><V95/><F95/><W61/><G61/><N who="0" m="36095" /><D39/><U69/><E69/><V129/><F129/><W62/><G62/><T122/><D122/><RYUUKYOKU ba="0,1" sc="317,-15,236,15,216,15,221,-15" hai1="12,14,51,52,57,86,88,93,96,98" hai2="1,4,10,20,25,30,46,49,53,56,58,125,126" /><INIT seed="4,1,1,1,4,57" ten="302,251,231,206" oya="0" hai0="10,19,5,108,105,61,125,119,35,112,67,62,76" hai1="54,102,96,87,66,42,8,100,4,103,104,91,110" hai2="98,135,88,97,39,36,27,85,99,95,127,51,47" hai3="109,1,17,132,72,77,134,64,78,69,20,92,94"/><T58/><D119/><U25/><E110/><V123/><F123/><W71/><G1/><T89/><D105/><U33/><E42/><V124/><F135/><N who="3" m="51755" /><G109/><T52/><D108/><U31/><E54/><N who="2" m="30079" /><F27/><W50/><G50/><T15/><D35/><U29/><E29/><V23/><F23/><W48/><G48/><T84/><D112/><U22/><E22/><V3/><F3/><W68/><G64/><T38/><D38/><U101/><E66/><V13/><F13/><W106/><G106/><T126/><D76/><N who="3" m="29289" /><G72/><T93/><REACH who="0" step="1"/><D5/><REACH who="0" ten="292,251,231,206" step="2"/><U82/><E103/><V120/><F120/><W24/><AGARI ba="1,2" hai="17,20,24,68,69,71,92,94" m="29289,51755" machi="24" ten="40,1500,0" yaku="20,1" doraHai="57" who="3" fromWho="3" sc="292,-8,251,-5,231,-5,206,38" /><INIT seed="5,0,0,2,4,86" ten="284,246,226,244" oya="1" hai0="87,62,1,9,84,116,109,36,3,104,57,99,79" hai1="103,78,91,49,65,70,128,0,131,63,27,25,56" hai2="41,40,50,47,7,14,17,113,45,108,85,129,124" hai3="133,111,55,13,83,72,44,46,18,12,127,26,73"/><U30/><E0/><V54/><F108/><W92/><G111/><T90/><D109/><U69/><E103/><V58/><F129/><N who="1" m="49737" /><E78/><V4/><F124/><W16/><G127/><T134/><D116/><U21/><E49/><V64/><F64/><W122/><G122/><T33/><D36/><U19/><E91/><V88/><F113/><W60/><G133/><T38/><D38/><U22/><AGARI ba="0,0" hai="19,21,22,25,27,30,56,63,65,69,70" m="49737" machi="22" ten="30,1500,0" yaku="19,1" doraHai="86" who="1" fromWho="1" sc="284,-5,246,15,226,-5,244,-5" /><INIT seed="5,1,0,2,3,51" ten="279,261,221,239" oya="1" hai0="115,4,32,80,21,81,5,43,53,77,72,68,28" hai1="70,103,12,122,76,79,52,13,89,85,17,104,64" hai2="11,18,119,7,66,132,16,26,129,62,97,86,44" hai3="91,41,40,59,23,36,125,45,84,127,78,54,124"/><U49/><E122/><V67/><F119/><W101/><G101/><T128/><D68/><U58/><E13/><V83/><F129/><W33/><G33/><T99/><D32/><U19/><E19/><V100/><F44/><W1/><G1/><T55/><D128/><U112/><E112/><V94/><F132/><W20/><G78/><T118/><D118/><U0/><E0/><V73/><F73/><W131/><G41/><T9/><D115/><U47/><E70/><V106/><F106/><W114/><G131/><T111/><D111/><U34/><E34/><V39/><F39/><W60/><REACH who="3" step="1"/><G114/><REACH who="3" ten="279,261,221,229" step="2"/><T65/><D43/><U110/><E103/><V90/><F26/><W50/><G50/><T117/><D117/><U2/><E2/><V126/><F126/><W107/><G107/><T3/><D77/><U57/><E104/><V37/><F37/><W38/><G38/><T25/><D3/><U120/><E120/><V123/><F123/><W31/><G31/><T48/><D28/><U133/><E110/><V14/><REACH who="2" step="1"/><F67/><REACH who="2" ten="279,261,211,229" step="2"/><W105/><G105/><T29/><D65/><U116/><E116/><V130/><F130/><W22/><G22/><T93/><D21/><N who="1" m="11431" /><E133/><V24/><F24/><W109/><G109/><T98/><D25/><U135/><E135/><V30/><F30/><W88/><G88/><T63/><D29/><U71/><E79/><V27/><F27/><W108/><G108/><T35/><D35/><U134/><E76/><V82/><F82/><AGARI ba="1,2" hai="20,23,36,40,45,54,59,60,82,84,91,124,125,127" machi="82" ten="40,5200,0" yaku="1,1,18,1,52,1,53,0" doraHai="51" doraHaiUra="74" who="3" fromWho="2" sc="279,0,261,0,211,-55,229,75" /><INIT seed="6,0,0,0,1,72" ten="279,261,156,304" oya="2" hai0="19,3,69,4,102,0,23,56,120,94,21,135,42" hai1="48,46,7,50,124,16,8,59,31,10,28,55,35" hai2="132,49,47,33,41,103,134,5,131,15,77,95,13" hai3="118,53,68,119,109,63,52,45,126,2,27,64,116"/><V88/><F33/><W84/><G2/><T62/><D120/><U67/><E124/><V115/><F131/><W6/><G6/><T57/><D69/><U70/><E70/><V123/><F123/><W60/><G109/><T114/><D114/><U26/><E67/><V38/><F115/><W89/><G126/><T96/><D135/><N who="2" m="51754" /><F103/><W83/><G63/><T61/><D42/><U125/><E125/><V121/><F121/><W112/><G112/><T106/><D106/><U122/><E122/><V17/><F5/><W133/><G133/><T14/><D4/><U79/><E31/><V51/><F77/><W113/><G113/><T87/><D87/><U12/><E79/><V54/><F54/><W100/><G100/><T111/><D21/><U73/><E73/><V81/><F81/><W117/><N who="3" m="29696" /><DORA hai="18" /><W127/><G127/><T65/><REACH who="0" step="1"/><D111/><REACH who="0" ten="269,261,156,304" step="2"/><U104/><E104/><V101/><F101/><W32/><REACH who="3" step="1"/><G45/><REACH who="3" ten="269,261,156,294" step="2"/><T75/><D75/><U36/><E46/><V82/><F47/><W43/><G43/><T90/><D90/><U22/><E7/><V34/><F41/><W99/><G99/><T92/><D92/><U20/><E59/><V11/><F95/><W9/><G9/><T97/><D97/><U71/><E10/><V130/><F11/><W129/><G129/><T30/><D30/><AGARI ba="0,2" hai="27,30,32,52,53,60,64,68,83,84,89" m="29696" machi="30" ten="70,8000,1" yaku="1,1,54,1,53,1" doraHai="72,18" doraHaiUra="110,58" who="3" fromWho="0" sc="269,-80,261,0,156,0,294,100" /><INIT seed="7,0,0,5,4,20" ten="189,261,156,394" oya="3" hai0="1,58,50,63,18,33,28,8,44,83,48,107,123" hai1="125,66,19,114,2,100,102,30,68,93,45,39,25" hai2="73,78,106,17,51,56,99,79,85,117,74,88,71" hai3="98,134,37,129,43,89,32,47,77,21,104,69,113"/><W116/><G116/><T42/><D123/><U127/><E2/><V108/><F71/><W84/><G32/><T87/><D107/><U22/><E114/><V75/><F17/><W103/><G113/><T46/><D33/><U40/><E93/><N who="2" m="54415" /><F51/><W11/><G134/><T131/><D131/><U53/><E53/><V65/><F56/><W7/><G129/><T118/><D28/><U119/><E119/><V64/><F65/><W133/><G133/><T49/><D118/><U130/><E130/><V132/><F64/><W81/><G21/><T13/><D1/><U59/><E59/><V115/><F117/><W91/><G69/><T86/><D86/><U72/><E72/><V61/><F61/><W0/><AGARI ba="0,0" hai="0,7,11,37,43,47,77,81,84,89,91,98,103,104" machi="0" ten="20,2100,0" yaku="0,1,7,1" doraHai="20" who="3" fromWho="3" sc="189,-7,261,-7,156,-7,394,21" owari="182,-21.8,254,5.4,149,-35.1,415,51.5" /></mjloggm>