<mjloggm ver="2.3"><GO type="169" lobby="0"/><UN n0="%E3%81%9F%E3%81%8B%E3%81%AF%E3%81%97%E3%81%83%E3%81%83%E3%81%83" n1="%6B%69%72%61%72%69%79%75" n2="%74%77%69%74%63%68" n3="%73%79%6C%76%65%6F%6E" dan="16,16,16,16" rate="2113.50,2102.22,2161.14,2156.86" sx="M,M,M,M"/><TAIKYOKU oya="0"/><INIT seed="0,0,0,2,1,63" ten="250,250,250,250" oya="0" hai0="7,117,114,79,6,12,129,17,92,123,104,119,75" hai1="9,27,82,20,101,31,45,100,1,130,40,66,97" hai2="0,46,135,8,24,73,109,44,76,39,95,107,111" hai3="61,91,94,132,131,134,67,96,108,87,43,26,32"/><T42/><D104/><U3/><E130/><V121/><F107/><W22/><G131/><T50/><D129/><U15/><E82/><V83/><F121/><W5/><G108/><N who="2" m="41545" /><F135/><N who="3" m="51755" /><G32/><T80/><D123/><U29/><E29/><V33/><F95/><W25/><G5/><T16/><D114/><U10/><E10/><V19/><F39/><W71/><G43/><T64/><D17/><U99/><E66/><V115/><F115/><W74/><G74/><T51/><D92/><U52/><E99/><V89/><F89/><N who="3" m="55375" /><G22/><T103/><D103/><U86/><E86/><V36/><F36/><W113/><G113/><T21/><D64/><U69/><E69/><V14/><F0/><W120/><G120/><T122/><D122/><U53/><E1/><V60/><F60/><W55/><G55/><T13/><D42/><U35/><E35/><V126/><F126/><W68/><G68/><T102/><D102/><N who="1" m="39531" /><E97/><V93/><F93/><AGARI ba="0,0" hai="25,26,61,67,71,87,91,93" m="55375,51755" machi="93" ten="30,2000,0" yaku="20,1,52,1" doraHai="63" who="3" fromWho="2" sc="250,0,250,0,250,-20,250,20" /><INIT seed="1,0,0,4,1,123" ten="250,250,230,270" oya="1" hai0="87,37,109,111,4,66,86,32,85,96,16,50,5" hai1="41,10,7,70,22,78,116,93,82,75,27,133,61" hai2="17,21,68,57,43,113,106,115,8,60,134,135,13" hai3="19,48,90,128,55,129,74,125,105,98,110,114,44"/><U76/><E133/><N who="2" m="50699" /><F68/><W56/><G114/><N who="2" m="43529" /><F106/><W95/><G110/><N who="0" m="41995" /><D37/><U97/><E116/><V29/><F43/><W132/><G125/><T3/><D32/><U33/><E78/><V11/><F60/><W47/><G74/><T99/><D66/><U112/><E41/><V59/><F59/><W83/><G105/><T15/><D50/><U26/><E33/><V131/><F57/><W94/><G132/><T92/><D3/><U58/><E70/><V102/><F102/><W64/><G83/><T0/><D0/><U121/><E22/><N who="2" m="11567" /><F131/><N who="3" m="50251" /><G64/><T39/><D39/><U35/><E35/><V65/><F65/><W63/><G48/><T38/><D38/><U126/><E126/><V119/><F119/><W62/><G62/><T40/><D40/><U124/><E124/><V6/><F6/><N who="0" m="2666" /><D92/><U12/><E93/><V23/><F29/><W51/><G51/><T73/><D73/><U108/><E75/><V79/><F79/><W84/><G95/><T69/><D69/><U34/><E76/><V18/><F23/><AGARI ba="0,0" hai="15,16,23,85,86,87,96,99" m="2666,41995" machi="23" ten="30,8000,1" yaku="14,1,52,3,54,1" doraHai="123" who="0" fromWho="2" sc="250,80,250,0,230,-80,270,0" /><INIT seed="2,0,0,1,2,60" ten="330,250,150,270" oya="2" hai0="99,130,58,9,48,39,4,47,123,2,56,10,43" hai1="14,20,45,93,38,85,104,57,121,17,100,117,1" hai2="22,26,108,134,0,71,109,97,55,126,98,61,23" hai3="44,120,81,65,105,69,106,101,40,94,50,3,77"/><V18/><F0/><W68/><G120/><T5/><D123/><U90/><E121/><V51/><F126/><W96/><G3/><T118/><D130/><U29/><E1/><V32/><F134/><W37/><G37/><T125/><D125/><U33/><E117/><V70/><F32/><W34/><G34/><T103/><D118/><U114/><E114/><V21/><F18/><W129/><G129/><T12/><REACH who="0" step="1"/><D39/><REACH who="0" ten="320,250,150,270" step="2"/><U131/><E38/><V35/><F35/><W30/><G30/><T63/><D63/><U78/><E29/><V79/><F26/><W80/><G106/><AGARI ba="0,1" hai="2,4,5,9,10,12,43,47,48,56,58,99,103,106" machi="106" ten="30,2000,0" yaku="1,1,7,1,53,0" doraHai="60" doraHaiUra="64" who="0" fromWho="3" sc="320,30,250,0,150,0,270,-20" /><INIT seed="3,0,0,1,1,71" ten="350,250,150,250" oya="3" hai0="12,82,75,132,83,84,47,91,36,25,44,55,126" hai1="106,54,22,41,37,63,81,70,65,21,118,101,59" hai2="110,1,10,96,24,121,85,23,113,134,34,13,95" hai3="49,102,74,122,108,26,31,32,124,105,68,52,38"/><W46/><G122/><T43/><D126/><U42/><E42/><V4/><F113/><W114/><G114/><T89/><D132/><U11/><E11/><V115/><F115/><W64/><G74/><T109/><D109/><U116/><E81/><V48/><F121/><W66/><G124/><T79/><D25/><U120/><E120/><V39/><F110/><W0/><G108/><T69/><D69/><U125/><E125/><V111/><F111/><W73/><G73/><T98/><D12/><U97/><E21/><V58/><F134/><W78/><G78/><T16/><D16/><U112/><E22/><V33/><F85/><W3/><G38/><T17/><D17/><U57/><E57/><V123/><F123/><W6/><G6/><T76/><D98/><U103/><E103/><V9/><F48/><W51/><G66/><T104/><D104/><U127/><E127/><V61/><F39/><W93/><G93/><T15/><D15/><U87/><E87/><V117/><F117/><W107/><G107/><T94/><D94/><U130/><E130/><V45/><F45/><W88/><G88/><T5/><D5/><U99/><E99/><V40/><F40/><N who="3" m="24775" /><G102/><T18/><D18/><U86/><E86/><V128/><F128/><W29/><G29/><T2/><D2/><U131/><E131/><V7/><F95/><W135/><G105/><T56/><D44/><N who="1" m="23599" /><E112/><V129/><F96/><W100/><G100/><T80/><D80/><U62/><E118/><V53/><REACH who="2" step="1"/><F129/><REACH who="2" ten="350,250,140,250" step="2"/><W8/><G135/><T67/><D36/><U30/><E116/><V72/><F72/><RYUUKYOKU ba="0,1" sc="350,-15,250,15,140,15,250,-15" hai1="30,54,59,62,63,65,70,97,101,106" hai2="1,4,7,9,10,13,23,24,33,34,53,58,61" /><INIT seed="4,1,1,1,1,118" ten="335,265,155,235" oya="0" hai0="42,134,109,124,75,41,63,72,57,91,90,18,34" hai1="58,114,115,50,2,38,101,49,30,51,84,129,29" hai2="4,54,123,69,82,108,46,93,88,35,66,37,12" hai3="92,113,45,97,36,60,126,8,104,81,78,98,55"/><T80/><D124/><U103/><E38/><V9/><F35/><W74/><G126/><T17/><D34/><U120/><E2/><V94/><F123/><W71/><G55/><T105/><D105/><U102/><E84/><N who="2" m="50199" /><F108/><W135/><G97/><T31/><D31/><N who="1" m="11787" /><E58/><V121/><F121/><W59/><G59/><T20/><D17/><U125/><E125/><V16/><F69/><W130/><G113/><N who="1" m="43018" /><E120/><V19/><F66/><W15/><G60/><T131/><D63/><U24/><E24/><V7/><F37/><W64/><G64/><T132/><D72/><U0/><E0/><V1/><F1/><W87/><G71/><T111/><D75/><U77/><E77/><V28/><F28/><W86/><G45/><T61/><D61/><U26/><E26/><V70/><F70/><W10/><G36/><T119/><D111/><U100/><N who="1" m="25600" /><DORA hai="25" /><U106/><E106/><V52/><F19/><W110/><G74/><T68/><D18/><U95/><E95/><N who="2" m="36363" /><F46/><W117/><G104/><T127/><D68/><U122/><E122/><V89/><F89/><W44/><G44/><T73/><D90/><U83/><E83/><V133/><F133/><W65/><G135/><T112/><D112/><U96/><E96/><V47/><F47/><W13/><G110/><T27/><D109/><U85/><E85/><V3/><F3/><W33/><G87/><N who="0" m="50663" /><D132/><U40/><E40/><V22/><F22/><W11/><G86/><T56/><D134/><U21/><E21/><V79/><F79/><W116/><G78/><T23/><D127/><U5/><E5/><AGARI ba="1,1" hai="4,5,7,9,12,16,52,54" m="36363,50199" machi="5" ten="30,7700,0" yaku="8,1,54,3" doraHai="118,25" who="2" fromWho="1" sc="335,0,265,-80,155,90,235,0" /><INIT seed="5,0,0,1,0,49" ten="335,185,245,235" oya="1" hai0="72,124,39,96,54,19,87,16,64,81,73,61,111" hai1="5,43,62,68,88,0,85,129,127,69,101,14,91" hai2="8,70,45,2,27,114,100,9,117,25,112,35,53" hai3="97,34,51,125,74,105,108,15,32,57,115,46,7"/><U118/><E118/><V38/><F70/><W99/><G108/><T24/><D111/><U23/><E0/><V86/><F100/><W122/><G122/><T71/><D39/><U13/><E129/><V59/><F117/><W10/><G74/><T36/><D36/><U33/><E33/><V82/><F38/><W4/><G115/><N who="2" m="44073" /><F45/><W103/><G125/><T92/><D54/><U120/><E120/><V79/><F35/><W98/><G34/><T110/><D124/><U31/><E127/><V95/><F95/><W56/><G32/><T60/><D60/><U28/><E43/><V40/><F40/><W29/><G29/><T132/><D132/><U119/><E101/><V48/><F2/><W65/><G103/><T26/><D92/><U18/><E119/><V75/><F75/><W67/><G105/><T133/><D73/><U55/><E69/><V6/><F6/><W102/><G4/><T121/><D72/><U113/><E113/><V94/><F94/><W109/><G102/><T3/><D3/><U123/><E123/><V66/><F66/><N who="3" m="25099" /><G109/><T90/><D110/><U17/><E68/><V126/><F126/><W116/><G116/><T52/><D64/><U77/><E5/><V83/><F83/><W130/><G130/><T93/><D71/><U78/><E31/><V135/><F135/><W21/><G21/><T41/><D133/><U11/><E28/><V107/><F107/><W131/><G131/><T84/><D121/><U63/><E23/><V30/><F30/><W12/><G12/><T20/><D20/><U80/><E13/><V106/><F106/><RYUUKYOKU ba="0,0" sc="335,-15,185,-15,245,15,235,15" hai2="8,9,25,27,48,53,59,79,82,86" hai3="7,10,15,46,51,56,57,97,98,99" /><INIT seed="6,1,0,0,3,98" ten="320,170,260,250" oya="2" hai0="10,9,0,129,94,116,134,34,56,14,101,71,123" hai1="111,8,51,49,126,135,48,127,119,133,120,20,54" hai2="76,61,90,66,109,26,67,44,113,93,78,84,95" hai3="38,59,88,62,97,107,30,7,37,41,91,96,3"/><V82/><F113/><W28/><G3/><T27/><D71/><U86/><E8/><V50/><F109/><W77/><G7/><T115/><D123/><U15/><E15/><V70/><F66/><W43/><G77/><T92/><D129/><U60/><E20/><V36/><F36/><W110/><G107/><T106/><D134/><N who="1" m="51211" /><E86/><V69/><F26/><W122/><G59/><T100/><D56/><N who="1" m="34839" /><E111/><V73/><F78/><W112/><G62/><T72/><D116/><U2/><E2/><V74/><F95/><W55/><G55/><T47/><D47/><U52/><E120/><V79/><F79/><W117/><G110/><T68/><D14/><U87/><E87/><V11/><F11/><W130/><G112/><T53/><D115/><U65/><E119/><V58/><REACH who="2" step="1"/><F74/><REACH who="2" ten="320,170,250,250" step="2"/><W13/><G117/><T64/><D92/><U105/><E105/><V132/><F132/><W1/><G122/><T114/><D94/><U16/><E65/><V25/><F25/><W131/><G131/><T83/><D64/><U81/><E81/><V29/><F29/><W5/><G130/><T108/><D83/><U4/><E4/><V125/><F125/><N who="1" m="47625" /><E16/><V57/><F57/><AGARI ba="1,1" hai="48,49,51,52,57" m="47625,34839,51211" machi="57" ten="30,8000,1" yaku="20,1,18,1,34,2,54,1" doraHai="98" who="1" fromWho="2" sc="320,0,170,93,250,-83,250,0" /><INIT seed="7,0,0,0,4,129" ten="320,263,167,250" oya="3" hai0="99,35,69,13,14,71,49,24,1,43,72,52,67" hai1="37,109,44,115,7,62,97,123,54,28,74,95,90" hai2="112,122,65,19,9,50,96,61,82,63,121,55,81" hai3="20,85,60,56,47,30,78,91,46,40,51,41,34"/><W76/><G34/><T108/><D1/><U12/><E74/><V73/><F112/><W57/><G30/><T18/><D72/><U116/><E109/><V92/><F121/><W120/><G120/><T98/><D43/><U38/><E123/><V70/><F122/><W100/><G100/><T8/><D108/><U134/><E115/><V64/><F73/><W66/><G56/><T125/><D125/><U21/><E134/><V36/><F36/><W114/><G20/><T117/><D13/><U53/><E116/><V39/><F39/><W127/><G127/><T86/><D86/><U27/><E62/><V124/><F124/><W133/><G133/><T59/><D117/><U77/><E77/><V16/><F81/><W94/><REACH who="3" step="1"/><G114/><REACH who="3" ten="320,263,167,240" step="2"/><T2/><D35/><U118/><E28/><V26/><F82/><W89/><G89/><T131/><D59/><U88/><E90/><V10/><F10/><W83/><G83/><T32/><D32/><U111/><E88/><V135/><F135/><W128/><G128/><T105/><D8/><U119/><E119/><V87/><F9/><W80/><G80/><T17/><D131/><U23/><E118/><V29/><F87/><W68/><G68/><T104/><D71/><U101/><E101/><V107/><F70/><W0/><G0/><T42/><D2/><U132/><E111/><V93/><F29/><W11/><G11/><T15/><D69/><U110/><E132/><V58/><F58/><W126/><G126/><T102/><D102/><U33/><E110/><V6/><F96/><W79/><G79/><T75/><D99/><RYUUKYOKU ba="0,1" sc="320,-10,263,-10,167,-10,240,30" hai3="40,41,46,47,51,57,60,66,76,78,85,91,94" /><INIT seed="7,1,1,0,3,93" ten="310,253,157,270" oya="3" hai0="19,95,73,35,117,90,40,124,60,38,10,39,24" hai1="33,129,78,15,116,75,106,104,36,2,135,12,83" hai2="49,54,77,134,110,9,94,103,67,133,64,31,4" hai3="70,42,34,29,105,55,111,45,72,113,118,8,62"/><W89/><G118/><T56/><D73/><U47/><E116/><V25/><F110/><W112/><G72/><T23/><D117/><U61/><E33/><V108/><F108/><W13/><G111/><T119/><D119/><U11/><E135/><V85/><F133/><W51/><G105/><T99/><D124/><U63/><E129/><V92/><F134/><W100/><G100/><T80/><D35/><U74/><E74/><V50/><F50/><W79/><G79/><T126/><D126/><U76/><E76/><V27/><F77/><W120/><G120/><T0/><D80/><U53/><E15/><V17/><F17/><W68/><G89/><T84/><D84/><U115/><E115/><N who="3" m="44106" /><G62/><T132/><D40/><N who="1" m="22919" /><E12/><V18/><F18/><N who="3" m="8487" /><G42/><T6/><D132/><U107/><E53/><AGARI ba="1,1" hai="0,6,10,19,23,24,38,39,53,56,60,90,95,99" machi="53" ten="30,7700,0" yaku="7,1,25,2,52,1" doraHai="93" who="0" fromWho="1" sc="310,90,253,-80,157,0,270,0" owari="400,50.0,173,-22.7,157,-34.3,270,7.0" /></mjloggm>