<mjloggm ver="2.3"><GO type="169" lobby="0"/><UN n0="%E3%83%97%E3%83%AC%E3%82%AF%E3%83%A9%E3%82%B9%E3%83%8B%E3%83%BC" n1="%EF%BC%A0%E6%AC%A1%E7%94%B7" n2="%79%61%63%68%69%33%35%38" n3="%6B%6F%6D%6F%73%73" dan="16,16,16,16" rate="2175.09,2102.07,2089.33,2122.92" sx="M,M,M,F"/><TAIKYOKU oya="0"/><INIT seed="0,0,0,2,5,131" ten="250,250,250,250" oya="0" hai0="23,80,109,117,8,68,26,67,90,47,105,103,118" hai1="124,107,92,57,50,133,101,87,3,7,110,59,5" hai2="32,116,51,74,40,85,2,76,106,96,9,86,71" hai3="43,30,132,77,49,29,79,121,70,72,56,66,89"/><T19/><D105/><U34/><E34/><V130/><F130/><W60/><G121/><T97/><D109/><U135/><E110/><V102/><F116/><W93/><G132/><N who="1" m="50762" /><E107/><V52/><F40/><W82/><G77/><T12/><D68/><U58/><E124/><V46/><F71/><W75/><G72/><T4/><D67/><U35/><E35/><V114/><F114/><W0/><G0/><T48/><D103/><U113/><E113/><V1/><F32/><W94/><G94/><T10/><D10/><N who="1" m="2367" /><E7/><V84/><REACH who="2" step="1"/><F9/><REACH who="2" ten="250,250,240,250" step="2"/><W129/><G129/><T17/><D118/><U64/><E64/><V115/><F115/><W20/><G66/><T63/><D117/><U18/><E50/><V119/><F119/><W122/><G49/><T91/><D4/><U13/><E101/><V104/><F104/><W27/><G122/><T112/><D112/><U31/><E31/><V24/><F24/><W11/><G27/><T128/><D128/><U123/><E123/><V38/><F38/><W120/><G29/><T62/><D63/><U41/><E41/><V14/><F14/><W73/><G60/><T22/><D62/><U95/><E87/><V81/><AGARI ba="0,1" hai="1,2,46,51,52,74,76,81,84,85,86,96,102,106" machi="81" ten="30,4000,0" yaku="1,1,0,1,54,1,53,0" doraHai="131" doraHaiUra="54" who="2" fromWho="2" sc="250,-20,250,-10,240,50,250,-10" /><INIT seed="1,0,0,4,4,39" ten="230,240,290,240" oya="1" hai0="105,108,60,121,132,43,37,101,21,67,95,19,135" hai1="35,30,62,24,3,54,52,115,1,107,14,46,20" hai2="18,112,109,113,65,64,131,94,56,58,17,120,32" hai3="34,71,93,53,91,129,106,96,12,92,68,10,85"/><U22/><E107/><V5/><F120/><W86/><G129/><T122/><D105/><U130/><E115/><N who="2" m="44107" /><F109/><W77/><G34/><T7/><D108/><U80/><E130/><V134/><F131/><W40/><G106/><T13/><D101/><U79/><E35/><V89/><F5/><W133/><G133/><N who="0" m="51275" /><D95/><U38/><E1/><V42/><F32/><W47/><G53/><T15/><D15/><U49/><E3/><V0/><F0/><W28/><G28/><T25/><D7/><U100/><E100/><V99/><F42/><W33/><G33/><T125/><D125/><U126/><E126/><V9/><F134/><W51/><G86/><T61/><D25/><U36/><E14/><N who="2" m="7375" /><F18/><W6/><REACH who="3" step="1"/><G77/><REACH who="3" ten="230,240,290,230" step="2"/><T26/><D122/><U63/><E63/><V45/><F45/><W11/><G11/><T76/><D76/><U2/><E22/><V88/><F65/><W75/><G75/><T116/><D116/><U117/><E117/><V124/><F64/><W69/><G69/><T110/><D110/><U72/><REACH who="1" step="1"/><E2/><REACH who="1" ten="230,230,290,230" step="2"/><V27/><F124/><W31/><G31/><N who="0" m="17871" /><D121/><U104/><E104/><V29/><F29/><W81/><G81/><T123/><D123/><U66/><E66/><V57/><F27/><W87/><G87/><T41/><D67/><U102/><E102/><AGARI ba="0,2" hai="56,57,58,88,89,94,99,102" m="7375,44107" machi="102" ten="30,2000,0" yaku="11,1,54,1" doraHai="39" who="2" fromWho="1" sc="230,0,230,-20,290,40,230,0" /><AGARI ba="0,0" hai="6,10,12,40,47,51,68,71,85,91,92,93,96,102" machi="102" ten="30,3900,0" yaku="1,1,7,1,52,1,53,0" doraHai="39" doraHaiUra="70" who="3" fromWho="1" sc="230,0,210,-39,330,0,230,39" /><INIT seed="2,0,0,4,1,33" ten="230,171,330,269" oya="2" hai0="128,106,26,16,134,67,100,115,12,87,117,85,75" hai1="3,22,118,81,55,56,27,44,107,93,73,71,91" hai2="120,5,42,74,62,96,10,119,14,4,9,72,52" hai3="17,58,98,2,49,76,51,105,7,41,66,37,110"/><V65/><F119/><W48/><G76/><T124/><D117/><U30/><E107/><V101/><F120/><W84/><G110/><T68/><D115/><U122/><E118/><V109/><F42/><W99/><G84/><T77/><D75/><U97/><E122/><V6/><F109/><W114/><G114/><T88/><D77/><U43/><E71/><V121/><F121/><W31/><G31/><T113/><D113/><U50/><E73/><V103/><F103/><W32/><G32/><T83/><D124/><U123/><E123/><V112/><F112/><W18/><G37/><T28/><D128/><U13/><E81/><V63/><F63/><W40/><G7/><T59/><D134/><U35/><E35/><V45/><F65/><W54/><G2/><T57/><D87/><U92/><E92/><V95/><F6/><W34/><G34/><T102/><D68/><U132/><E132/><V116/><F116/><W131/><G66/><T46/><D46/><U11/><E3/><V1/><REACH who="2" step="1"/><F45/><REACH who="2" ten="230,171,320,269" step="2"/><W8/><G40/><T64/><D64/><U53/><REACH who="1" step="1"/><E56/><AGARI ba="0,1" hai="1,4,5,9,10,14,52,56,62,72,74,95,96,101" machi="56" ten="40,12000,1" yaku="1,1,2,1,52,1,54,1,53,1" doraHai="33" doraHaiUra="94" who="2" fromWho="1" sc="230,0,171,-120,320,130,269,0" /><INIT seed="2,1,0,2,2,53" ten="230,51,450,269" oya="2" hai0="102,30,84,34,107,131,71,118,62,105,13,123,115" hai1="74,39,33,121,96,46,73,55,29,68,65,75,10" hai2="9,92,93,135,132,49,54,23,28,120,108,36,98" hai3="82,103,77,125,88,112,109,128,26,83,3,41,106"/><V70/><F120/><W80/><G3/><T7/><D123/><U110/><E121/><V79/><F36/><W32/><G41/><T69/><D115/><U63/><E110/><V14/><F108/><W130/><G32/><T24/><D118/><U8/><E55/><V60/><F79/><W58/><G26/><T37/><D131/><N who="3" m="50217" /><G109/><T90/><D37/><U134/><E134/><N who="2" m="51243" /><F28/><W52/><G125/><T104/><D102/><U59/><E29/><V97/><F23/><W81/><G112/><T40/><D40/><U95/><E33/><V6/><F98/><N who="3" m="61815" /><G77/><T19/><D7/><U66/><E66/><N who="2" m="41287" /><F97/><W12/><G12/><T85/><D85/><U16/><E68/><V126/><F126/><W64/><G64/><T31/><D31/><U48/><E39/><V127/><F127/><W2/><G2/><T117/><D117/><U119/><E119/><V22/><F22/><W17/><G17/><T43/><D71/><U100/><E16/><V21/><F21/><W116/><G116/><T18/><D18/><U20/><E20/><V47/><AGARI ba="1,0" hai="6,9,14,47,49,54,92,93" m="41287,51243" machi="47" ten="30,1500,0" yaku="20,1" doraHai="53" who="2" fromWho="2" sc="230,-6,51,-6,450,18,269,-6" /><INIT seed="2,2,0,0,4,85" ten="224,45,468,263" oya="2" hai0="44,53,109,65,99,82,1,18,72,107,132,135,10" hai1="92,37,111,108,20,76,63,11,56,22,89,90,78" hai2="104,23,130,118,93,6,54,113,67,126,57,62,91" hai3="112,88,125,94,129,33,15,120,105,5,121,14,8"/><V35/><F35/><W103/><G125/><T115/><D109/><N who="1" m="42059" /><E37/><V58/><F118/><W59/><G129/><T127/><D127/><U69/><E69/><V47/><F104/><W25/><G112/><T42/><D115/><U13/><E78/><V32/><F32/><W98/><G59/><T122/><D122/><U83/><E92/><V102/><F130/><W7/><G25/><T66/><D53/><N who="1" m="34191" /><E22/><V68/><F23/><W52/><G33/><T0/><D0/><U16/><E11/><V124/><F113/><W3/><G52/><T97/><D107/><U79/><E79/><V128/><F128/><W86/><REACH who="3" step="1"/><G7/><REACH who="3" ten="224,45,468,253" step="2"/><T9/><D66/><U133/><E133/><V75/><F6/><W19/><G19/><T49/><D65/><U106/><E106/><V24/><F124/><W48/><G48/><T61/><D135/><U17/><E17/><V119/><F47/><W123/><AGARI ba="2,1" hai="3,5,8,14,15,86,88,94,98,103,105,120,121,123" machi="123" ten="30,12000,2" yaku="1,1,0,1,52,1,54,1,53,3" doraHai="85" doraHaiUra="117" who="3" fromWho="3" sc="224,-32,45,-32,468,-62,253,136" /><INIT seed="3,0,0,5,5,129" ten="192,13,406,389" oya="3" hai0="65,42,52,134,23,56,115,61,41,60,70,25,87" hai1="99,32,17,10,98,76,1,105,57,125,30,18,78" hai2="15,120,122,14,67,92,104,117,35,100,73,94,80" hai3="112,118,83,54,34,86,101,11,43,27,58,128,89"/><W85/><G112/><T97/><D115/><U64/><E125/><V9/><F35/><W59/><G118/><T72/><D72/><U19/><E105/><V29/><F117/><W91/><G128/><T95/><D87/><U46/><E32/><V68/><F29/><W63/><G101/><T130/><D130/><U22/><E1/><V4/><F67/><W12/><G43/><T113/><D134/><U96/><E10/><V50/><F68/><W2/><G2/><T44/><D113/><U38/><E38/><V47/><F15/><W16/><G34/><T132/><D132/><U82/><E46/><V107/><F73/><W28/><G28/><T102/><D44/><U127/><E127/><V126/><F80/><W62/><G27/><T39/><D39/><U55/><E64/><V90/><F100/><W135/><G135/><T116/><D116/><U124/><E124/><V84/><F94/><W103/><G103/><T66/><D66/><U26/><REACH who="1" step="1"/><E82/><REACH who="1" ten="192,3,406,389" step="2"/><V110/><F126/><W33/><G33/><T81/><D81/><U74/><E74/><V6/><F6/><W36/><G36/><T53/><D53/><U31/><E31/><AGARI ba="0,1" hai="23,25,31,41,42,52,56,60,61,65,70,95,97,102" machi="31" ten="30,2000,0" yaku="7,1,54,1" doraHai="129" who="0" fromWho="1" sc="192,30,3,-20,406,0,389,0" owari="222,-17.8,-17,-51.7,406,50.6,389,18.9" /></mjloggm>