<mjloggm ver="2.3"><GO type="169" lobby="0"/><UN n0="%E2%91%A3%E9%81%BF%E9%81%8A%E6%88%AF%E3%80%90%E6%9D%B1%E5%8D%97%E3%80%91" n1="%32%30%30%E6%88%A6%E5%8D%87%E7%89%B9" n2="%6D%73%E3%82%80%E3%83%BC%E3%81%95%E3%82%93" n3="%66%53" dan="16,17,17,16" rate="2128.16,2198.84,2148.02,2110.93" sx="M,M,F,M"/><TAIKYOKU oya="0"/><INIT seed="0,0,0,5,5,27" ten="250,250,250,250" oya="0" hai0="67,84,23,41,2,29,38,82,111,129,10,132,115" hai1="122,39,22,86,17,109,104,94,36,12,99,13,55" hai2="4,101,90,8,95,20,40,121,120,96,45,123,93" hai3="63,87,61,15,21,117,116,54,118,5,89,77,128"/><T43/><D115/><U11/><E122/><V70/><F70/><W98/><G128/><T105/><D105/><U51/><E109/><V57/><F57/><W83/><G54/><T37/><D38/><U48/><E86/><V33/><F33/><W34/><G34/><T130/><D67/><U119/><E104/><V125/><F125/><W103/><G77/><T16/><D2/><U1/><E1/><V126/><F20/><W71/><G71/><T106/><D106/><U6/><E119/><V100/><F126/><W97/><G98/><T91/><D37/><U59/><REACH who="1" step="1"/><E51/><REACH who="1" ten="250,240,250,250" step="2"/><V88/><F121/><W68/><G116/><T114/><D111/><U47/><E47/><V81/><F123/><W0/><G117/><T72/><D72/><U24/><E24/><V74/><F120/><W76/><G0/><T60/><D114/><U124/><E124/><V44/><F44/><W79/><G118/><T69/><D132/><U112/><E112/><V110/><F110/><W78/><G87/><T14/><D60/><U7/><E7/><V102/><F74/><W3/><G61/><T65/><D65/><U107/><E107/><V113/><F113/><W108/><G63/><T35/><D69/><U25/><E25/><V133/><F133/><W46/><G68/><T49/><D49/><U75/><E75/><V42/><F45/><W19/><G46/><T80/><D80/><U31/><E31/><V56/><F81/><W9/><G108/><T50/><D50/><U92/><E92/><V30/><F95/><N who="3" m="58815" /><G83/><T135/><D135/><U127/><E127/><V66/><F66/><RYUUKYOKU ba="0,1" sc="250,-15,240,15,250,-15,250,15" hai1="6,11,12,13,17,22,36,39,48,55,59,94,99" hai3="3,5,9,15,19,21,76,78,79,89" /><INIT seed="1,1,1,0,0,59" ten="235,255,235,265" oya="1" hai0="30,118,126,28,24,9,128,117,47,26,77,51,108" hai1="90,66,119,130,56,17,37,112,81,75,27,22,15" hai2="63,46,121,31,110,99,100,125,91,10,134,113,85" hai3="58,97,23,132,98,34,32,43,133,86,95,19,65"/><U70/><E119/><V61/><F121/><W78/><G43/><T87/><D126/><U83/><E112/><V49/><F125/><W12/><G97/><T16/><D128/><U8/><E70/><V4/><F31/><N who="0" m="11818" /><D118/><U52/><E37/><V18/><F18/><W82/><G65/><T68/><D68/><U89/><E130/><V109/><F134/><N who="3" m="51819" /><G58/><T7/><D7/><N who="1" m="3487" /><E75/><V36/><F36/><W44/><G44/><T131/><D131/><U120/><E66/><V88/><F113/><W3/><G3/><T33/><D33/><U57/><E57/><V114/><F114/><W25/><G12/><N who="0" m="7183" /><D108/><N who="2" m="41578" /><F10/><W0/><G0/><T73/><D73/><U102/><E120/><V96/><F4/><W21/><G21/><T14/><D14/><U50/><E102/><AGARI ba="1,1" hai="19,23,25,32,34,78,82,86,95,98,102" m="51819" machi="102" ten="30,1000,0" yaku="20,1" doraHai="59" who="3" fromWho="1" sc="235,0,255,-13,235,0,265,23" /><INIT seed="2,0,0,1,1,92" ten="235,242,235,288" oya="2" hai0="43,81,66,5,98,40,8,108,48,1,53,96,60" hai1="59,93,128,125,115,31,24,90,52,86,134,9,62" hai2="29,95,56,107,44,30,88,2,45,94,105,41,63" hai3="103,18,68,15,7,77,132,120,12,119,83,26,25"/><V37/><F2/><W0/><G68/><T100/><D108/><U17/><E125/><V122/><F122/><W27/><G119/><T72/><D98/><U22/><E128/><V130/><F130/><W70/><G70/><T14/><D1/><U6/><E134/><V121/><F121/><W20/><G120/><T50/><D81/><U91/><E115/><V118/><F118/><W113/><G132/><T109/><D72/><U102/><E91/><V75/><F75/><W42/><G42/><T87/><D87/><U61/><E102/><V67/><F95/><W106/><G113/><T64/><D109/><U114/><E114/><V11/><F11/><N who="3" m="2535" /><G83/><T28/><D28/><U38/><E38/><V84/><REACH who="2" step="1"/><F44/><REACH who="2" ten="235,242,225,288" step="2"/><W32/><G106/><AGARI ba="0,1" hai="29,30,37,41,45,56,63,67,84,88,94,105,106,107" machi="106" ten="40,12000,1" yaku="1,1,2,1,54,1,53,1" doraHai="92" doraHaiUra="55" who="2" fromWho="3" sc="235,0,242,0,225,130,288,-120" /><INIT seed="2,1,0,0,5,99" ten="235,242,355,168" oya="2" hai0="103,14,132,15,10,20,32,104,21,129,130,48,126" hai1="8,60,81,98,61,63,31,39,134,0,118,108,87" hai2="24,76,109,96,3,78,46,42,45,88,56,33,94" hai3="91,54,59,50,113,6,49,71,115,34,83,135,125"/><V72/><F3/><W58/><G34/><T64/><D64/><U70/><E118/><V107/><F109/><W28/><G28/><T27/><D48/><U37/><E108/><V17/><F72/><W19/><G6/><T35/><D103/><U77/><E70/><V18/><F107/><W102/><G71/><T92/><D104/><U2/><E134/><V110/><F110/><W40/><G135/><T12/><D92/><U127/><E127/><V119/><F119/><W9/><G125/><T79/><D79/><U66/><E66/><V16/><F56/><W55/><G40/><T51/><D51/><U67/><E67/><V26/><F33/><N who="0" m="12874" /><D132/><U52/><E31/><V13/><F13/><N who="0" m="5226" /><D126/><U65/><E65/><V106/><F106/><W29/><G102/><T117/><D117/><U116/><E116/><V111/><F111/><W124/><G124/><T41/><D41/><U5/><E0/><V131/><F131/><N who="0" m="50186" /><D27/><N who="2" m="10282" /><F42/><W123/><G59/><T95/><D95/><U97/><E37/><V38/><F38/><W22/><G58/><T53/><D53/><U11/><E39/><V90/><F90/><W85/><G55/><T62/><D62/><U89/><E52/><V57/><F57/><W121/><G54/><T47/><D47/><AGARI ba="1,0" hai="16,17,18,45,46,47,76,78,88,94,96" m="10282" machi="47" ten="30,5800,0" yaku="8,1,54,2" doraHai="99" who="2" fromWho="0" sc="235,-61,242,0,355,61,168,0" /><INIT seed="2,2,0,4,3,86" ten="174,242,416,168" oya="2" hai0="21,100,31,133,116,23,74,67,19,112,127,76,99" hai1="73,75,78,25,30,16,7,108,95,48,3,29,2" hai2="50,72,122,104,135,96,53,59,46,109,79,71,70" hai3="5,6,97,63,65,124,111,132,130,85,54,117,51"/><V11/><F122/><W69/><G111/><T84/><D112/><U94/><E108/><V80/><F109/><W36/><G130/><T44/><D74/><U34/><E30/><V12/><F135/><W9/><G124/><T27/><D127/><U18/><E75/><V15/><F15/><W129/><G132/><T126/><D126/><U120/><E120/><V14/><F14/><W77/><G129/><T56/><D44/><U37/><E37/><V4/><F104/><W52/><G117/><T101/><D101/><U106/><E106/><V107/><F107/><W131/><G131/><T61/><D116/><U93/><E48/><V8/><F8/><W121/><G121/><T119/><D119/><U55/><E55/><V113/><F113/><W88/><G36/><T91/><D76/><U128/><E128/><V24/><F96/><W81/><G9/><T115/><D115/><U62/><E62/><V13/><F13/><W103/><G77/><T68/><D68/><U0/><REACH who="1" step="1"/><E7/><REACH who="1" ten="174,232,416,168" step="2"/><V47/><F4/><W125/><G125/><T42/><D133/><U1/><N who="1" m="0" /><DORA hai="82" /><U92/><N who="1" m="23552" /><DORA hai="87" /><U66/><E66/><V26/><F72/><W98/><G54/><T45/><D67/><U35/><E35/><V10/><F50/><W60/><G60/><T40/><D61/><U32/><E32/><V20/><F53/><W110/><G110/><T102/><D31/><U38/><E38/><V49/><F49/><W123/><G123/><T33/><D33/><U105/><E105/><V83/><F10/><W114/><G114/><T134/><D134/><U28/><E28/><RYUUKYOKU ba="2,1" sc="174,-10,232,30,416,-10,168,-10" hai1="16,18,25,29,34,73,78" /><INIT seed="3,3,1,4,5,52" ten="164,262,406,158" oya="3" hai0="3,9,130,120,15,50,111,34,10,8,114,78,81" hai1="132,70,37,24,127,135,2,51,30,91,29,14,67" hai2="119,36,116,11,72,107,55,6,62,104,46,83,32" hai3="82,129,98,57,13,103,115,35,76,95,131,112,110"/><W22/><G35/><T23/><D120/><U66/><E37/><V33/><F55/><W25/><G13/><T65/><D114/><U94/><E2/><N who="2" m="471" /><F62/><W79/><G22/><T44/><D34/><N who="2" m="13418" /><F83/><W69/><G69/><T125/><D3/><U45/><E127/><V21/><F72/><N who="3" m="43271" /><G25/><T43/><D125/><U118/><E118/><N who="2" m="45099" /><F21/><W122/><G57/><T63/><D23/><N who="1" m="15519" /><E70/><V77/><F77/><W84/><G122/><T85/><D111/><U58/><E58/><V68/><F68/><W101/><G110/><T126/><D130/><N who="3" m="49673" /><G101/><T26/><D26/><U16/><E67/><V102/><F102/><W93/><G79/><T59/><REACH who="0" step="1"/><D126/><REACH who="0" ten="154,262,406,158" step="2"/><U7/><E135/><V100/><F100/><W42/><G42/><AGARI ba="3,2" hai="36,42,46,104,107" m="45099,13418,471" machi="42" ten="30,1000,0" yaku="23,1" doraHai="52" who="2" fromWho="3" sc="154,0,262,0,406,39,158,-19" /><INIT seed="4,0,0,2,0,106" ten="154,262,445,139" oya="0" hai0="34,8,0,24,98,94,82,105,131,13,93,36,104" hai1="103,127,23,97,66,47,116,84,48,113,14,96,92" hai2="6,109,51,101,95,28,55,39,132,133,68,12,89" hai3="57,19,20,35,71,53,1,83,15,112,128,88,49"/><T5/><D131/><U65/><E116/><V90/><F39/><W78/><G112/><T86/><D36/><U58/><E113/><V102/><F68/><W16/><G128/><T130/><D130/><U29/><E127/><V107/><F107/><W64/><G35/><T27/><D93/><U134/><E134/><N who="2" m="51819" /><F28/><W108/><G108/><T91/><D0/><U10/><E84/><N who="2" m="52647" /><F109/><W26/><G1/><T4/><D4/><U9/><E9/><N who="2" m="4151" /><F90/><W73/><G88/><T124/><D124/><U85/><E29/><V115/><F115/><W37/><G37/><T30/><REACH who="0" step="1"/><D27/><REACH who="0" ten="144,262,445,139" step="2"/><U69/><E92/><V11/><F11/><W119/><G119/><T18/><D18/><U52/><E10/><V81/><F81/><W118/><G118/><T25/><D25/><U31/><E31/><V111/><F111/><W43/><G19/><T79/><AGARI ba="0,1" hai="5,8,13,24,30,34,79,82,86,91,94,98,104,105" machi="79" ten="20,7800,0" yaku="1,1,0,1,7,1,53,1" doraHai="106" doraHaiUra="75" who="0" fromWho="0" sc="144,88,262,-26,445,-26,139,-26" /><INIT seed="4,1,0,0,2,87" ten="232,236,419,113" oya="0" hai0="57,71,27,29,90,34,9,39,73,100,68,79,97" hai1="36,98,102,22,66,44,51,8,101,92,50,85,111" hai2="94,32,107,35,104,113,24,116,41,0,131,83,130" hai3="28,121,110,129,127,126,134,17,56,88,84,58,47"/><T106/><D57/><U11/><E111/><V103/><F0/><W7/><G110/><T59/><D59/><U133/><E133/><V125/><F41/><W123/><G7/><T62/><D9/><U23/><E36/><V10/><F83/><N who="3" m="49183" /><G28/><T48/><D48/><U67/><E85/><V72/><F24/><W75/><G75/><T45/><D90/><U119/><E92/><V70/><F10/><W105/><G105/><T74/><D79/><U115/><E98/><V43/><F43/><W52/><G134/><T37/><D71/><U54/><E54/><V91/><F91/><W40/><G129/><T86/><D86/><U60/><E60/><V114/><F125/><N who="3" m="47627" /><G17/><T53/><D53/><U26/><E119/><V14/><F116/><W4/><G4/><T120/><D120/><N who="3" m="46153" /><G52/><T30/><D30/><U18/><E18/><V1/><F72/><N who="0" m="27754" /><D45/><U108/><E44/><V25/><F130/><W20/><G20/><T122/><D122/><U38/><E108/><V42/><F131/><W96/><G96/><T31/><D31/><U15/><E38/><AGARI ba="1,0" hai="38,40,47,56,58" m="46153,47627,49183" machi="38" ten="30,7700,0" yaku="18,1,13,1,52,1,54,1" doraHai="87" who="3" fromWho="1" sc="232,0,236,-80,419,0,113,80" /><INIT seed="5,0,0,4,5,131" ten="232,156,419,193" oya="1" hai0="11,105,21,123,50,2,127,99,104,61,128,35,45" hai1="66,44,47,134,46,22,81,135,74,52,103,73,18" hai2="34,27,63,94,20,48,87,109,43,14,96,124,112" hai3="30,119,76,84,59,60,33,82,1,79,118,10,62"/><U64/><E103/><V106/><F109/><W72/><G33/><T92/><D35/><U28/><E28/><V42/><F106/><W67/><G30/><T53/><D123/><U86/><E66/><V108/><F108/><W57/><G1/><T17/><D127/><U121/><E64/><V117/><F117/><N who="3" m="44555" /><G10/><T40/><D128/><U0/><E0/><V100/><F14/><W24/><G24/><T6/><D40/><U125/><E125/><V26/><F63/><N who="3" m="24107" /><G67/><T115/><D61/><U4/><E4/><V89/><F124/><W116/><N who="3" m="44563" /><W132/><DORA hai="114" /><G132/><N who="1" m="50730" /><E121/><V32/><F112/><W133/><G133/><T19/><D115/><U39/><E39/><V113/><F113/><W36/><G36/><T5/><D5/><U95/><E95/><V56/><F94/><W93/><G76/><T41/><D19/><U97/><E97/><V16/><F96/><W110/><G110/><T25/><D41/><U120/><E120/><V83/><F43/><W49/><G49/><T37/><D37/><U90/><E52/><V8/><F42/><W85/><G85/><T70/><D70/><U23/><E23/><V122/><F87/><W38/><G38/><T7/><D6/><U12/><AGARI ba="0,0" hai="12,18,22,44,46,47,73,74,81,86,90" m="50730" machi="12" ten="30,11700,0" yaku="20,1,52,3" doraHai="131,114" who="1" fromWho="1" sc="232,-39,156,117,419,-39,193,-39" /><INIT seed="5,1,0,0,2,19" ten="193,273,380,154" oya="1" hai0="79,113,1,125,27,95,50,87,54,2,64,83,133" hai1="120,51,24,74,124,32,6,31,89,71,42,4,135" hai2="29,23,44,94,65,109,68,129,21,47,57,100,118" hai3="43,86,35,128,18,111,122,52,121,99,39,81,103"/><U48/><E120/><V69/><F109/><W58/><G111/><T17/><D113/><U41/><E74/><V80/><F118/><W98/><G35/><T67/><D125/><U13/><E71/><V63/><F129/><W112/><G128/><T28/><D133/><U56/><E124/><V72/><F72/><W66/><G112/><T110/><D110/><U45/><E135/><V10/><F80/><W102/><G66/><T30/><D30/><U105/><E105/><V75/><F75/><W93/><G43/><T36/><D36/><U60/><E89/><V77/><F77/><W91/><G39/><T88/><D17/><U130/><E130/><V59/><F10/><W85/><G18/><T92/><D2/><U20/><E32/><V7/><F7/><W78/><G99/><T73/><D95/><U15/><E15/><V107/><F107/><W106/><REACH who="3" step="1"/><G103/><REACH who="3" ten="193,273,380,144" step="2"/><T25/><D64/><N who="1" m="38919" /><E42/><V96/><F29/><W11/><G11/><T119/><D67/><U108/><E108/><V116/><F68/><W82/><G82/><T70/><D70/><U55/><E41/><V114/><F114/><W37/><G37/><T123/><D123/><U8/><E4/><V117/><F117/><W126/><G126/><T97/><D119/><U134/><E134/><V16/><F116/><W53/><G53/><T62/><D28/><U115/><E115/><V127/><F127/><W9/><G9/><T0/><D97/><U76/><E55/><V84/><F69/><W49/><AGARI ba="1,1" hai="49,52,58,78,81,85,86,91,93,98,102,106,121,122" machi="49" ten="20,8000,1" yaku="1,1,0,1,7,1,54,1,53,1" doraHai="19" doraHaiUra="101" who="3" fromWho="3" sc="193,-21,273,-41,380,-21,144,93" /><INIT seed="6,0,0,2,2,129" ten="172,232,359,237" oya="2" hai0="111,52,34,91,132,116,7,92,29,114,84,85,115" hai1="63,33,110,2,106,127,17,101,107,24,36,134,87" hai2="102,123,128,109,20,74,76,97,49,121,4,23,14" hai3="125,64,112,66,113,100,71,53,59,105,95,8,15"/><V120/><F128/><W117/><G117/><T83/><D111/><U39/><E110/><V118/><F118/><W19/><G105/><T44/><D7/><U72/><E72/><V21/><F109/><W130/><G130/><T38/><D116/><U47/><E2/><V60/><F74/><W69/><G125/><T57/><D29/><U35/><E87/><V131/><F131/><W32/><G32/><T40/><D34/><U1/><E1/><V56/><F76/><W46/><G46/><T55/><D55/><U88/><E47/><V135/><F49/><N who="3" m="31151" /><G95/><T28/><D28/><U9/><E127/><V65/><F4/><W16/><G19/><T13/><D13/><U77/><E17/><V54/><F14/><W67/><G100/><T73/><D73/><U0/><E0/><V25/><F54/><W11/><G11/><T81/><D92/><U99/><E101/><V48/><F48/><W124/><G124/><T78/><REACH who="0" step="1"/><D132/><REACH who="0" ten="162,232,359,237" step="2"/><U10/><E134/><V51/><F135/><W119/><G119/><T61/><AGARI ba="0,1" hai="38,40,44,52,57,61,78,81,83,84,85,91,114,115" machi="61" ten="30,7900,0" yaku="1,1,2,1,0,1,54,1,53,0" doraHai="129" doraHaiUra="104" who="0" fromWho="0" sc="162,89,232,-20,359,-39,237,-20" /><INIT seed="7,0,0,3,0,94" ten="251,212,320,217" oya="3" hai0="30,70,42,15,93,31,14,67,126,104,124,90,105" hai1="97,82,24,46,117,3,121,16,120,77,72,20,64" hai2="13,107,11,76,92,112,51,38,73,114,25,115,74" hai3="35,66,63,17,29,60,86,57,78,55,9,99,7"/><W48/><G17/><T130/><D42/><U129/><E129/><V41/><F107/><N who="0" m="41034" /><D67/><U80/><E117/><V71/><F71/><W109/><G109/><T75/><D70/><U54/><E3/><V18/><F38/><W62/><G29/><N who="0" m="10763" /><D75/><U113/><E113/><V135/><F135/><W122/><G122/><T69/><D69/><U127/><E127/><N who="0" m="48681" /><D130/><U50/><E64/><V134/><F134/><W1/><G35/><T21/><D21/><U0/><E0/><V98/><F41/><W111/><G111/><T95/><D90/><U79/><E97/><V68/><F68/><W53/><G55/><T10/><D15/><U101/><E101/><N who="2" m="60615" /><F76/><W87/><G99/><T33/><D33/><U5/><E5/><AGARI ba="0,0" hai="5,10,14,93,95" m="48681,10763,41034" machi="5" ten="30,1000,0" yaku="18,1" doraHai="94" who="0" fromWho="1" sc="251,10,212,-10,320,0,217,0" owari="261,6.1,202,-29.8,320,42.0,217,-18.3" /></mjloggm>