<mjloggm ver="2.3"><GO type="169" lobby="0"/><UN n0="%E3%82%B0%E3%83%B3%E3%83%80%E3%83%AA%E3%83%BC" n1="%E4%B8%8B%E9%AB%98%E5%A4%AA%E9%83%8E" n2="%E2%98%86%41%64%72%69%61%6E" n3="%48%41%2D%52%55" dan="19,16,16,17" rate="2274.61,2119.73,2176.82,2125.85" sx="M,M,M,M"/><TAIKYOKU oya="0"/><INIT seed="0,0,0,1,5,93" ten="250,250,250,250" oya="0" hai0="33,115,28,5,49,43,40,86,3,80,111,97,31" hai1="89,1,101,17,72,25,125,132,76,32,79,54,123" hai2="4,133,94,98,11,106,108,62,102,69,51,44,27" hai3="129,37,19,50,81,91,36,96,66,20,38,65,18"/><T60/><D115/><U8/><E123/><V55/><F108/><W22/><G129/><T118/><D111/><U85/><E132/><V9/><F133/><W2/><G2/><T117/><D118/><U41/><E125/><V26/><F11/><W48/><G81/><T135/><D117/><U88/><E89/><V103/><F69/><W105/><G91/><T92/><D3/><U74/><E74/><V126/><F126/><W107/><REACH who="3" step="1"/><G37/><REACH who="3" ten="250,250,250,240" step="2"/><T52/><D135/><U120/><E1/><V56/><F103/><W130/><G130/><T39/><D39/><U114/><E101/><V58/><F106/><W134/><G134/><T46/><D5/><U84/><E88/><V95/><F95/><W23/><G23/><T90/><D33/><U70/><E32/><V121/><F121/><W24/><G24/><T13/><D13/><U10/><E25/><V131/><F131/><W45/><G45/><T127/><D127/><U112/><E120/><V16/><F27/><W116/><G116/><T29/><D60/><U78/><E78/><AGARI ba="0,1" hai="28,29,31,40,43,46,49,52,78,80,86,90,92,97" machi="78" ten="40,7700,0" yaku="8,1,52,1,54,1" doraHai="93" who="0" fromWho="1" sc="250,87,250,-77,250,0,240,0" /><INIT seed="0,1,0,0,1,44" ten="337,173,250,240" oya="0" hai0="90,14,100,18,113,33,49,88,7,48,81,86,68" hai1="64,121,101,47,53,126,115,105,0,133,25,135,120" hai2="92,62,99,61,20,91,127,51,1,131,36,114,28" hai3="41,54,11,72,103,30,134,84,39,119,123,89,65"/><T58/><D113/><U74/><E0/><V82/><F36/><W24/><G119/><T94/><D68/><U63/><E115/><V107/><F1/><W52/><G72/><T73/><D33/><U59/><E74/><V34/><F34/><W13/><G134/><N who="1" m="51210" /><E25/><V19/><F114/><W124/><G124/><T132/><D73/><U130/><E126/><V98/><F127/><W93/><G123/><N who="1" m="47178" /><E101/><V38/><F38/><W40/><G65/><T26/><D100/><U70/><E105/><V50/><F28/><W3/><G3/><T27/><D7/><U102/><E102/><V45/><F107/><W67/><G67/><T118/><D118/><U71/><E130/><V110/><F131/><W23/><G103/><T21/><D132/><U112/><E112/><V95/><F110/><W76/><G76/><T77/><D77/><U87/><E87/><V22/><F82/><W97/><G84/><N who="0" m="52487" /><D58/><U5/><E5/><V29/><F98/><W60/><G39/><T15/><D15/><U111/><E111/><V106/><F99/><W8/><G13/><T122/><D122/><U42/><E64/><V43/><F106/><W104/><G104/><T66/><D66/><U12/><E12/><V125/><F125/><W37/><G97/><T109/><D109/><U78/><E78/><V108/><F108/><W75/><G75/><T128/><D128/><U116/><E116/><V85/><F85/><W35/><G35/><T96/><D96/><U6/><E6/><V56/><F91/><W80/><G89/><T117/><D117/><U16/><E16/><V17/><F19/><RYUUKYOKU ba="1,0" sc="337,15,173,15,250,-15,240,-15" hai0="14,18,21,26,27,48,49,81,86,90" hai1="42,47,53,59,63,70,71" /><INIT seed="0,2,0,5,5,41" ten="352,188,235,225" oya="0" hai0="81,127,84,117,8,53,42,121,38,133,82,59,58" hai1="1,91,116,101,18,70,45,14,115,108,28,55,24" hai2="88,107,15,56,102,13,30,6,93,106,67,120,71" hai3="17,74,49,114,105,96,75,131,27,97,64,39,54"/><T80/><D117/><U94/><E116/><V21/><F120/><W132/><G39/><T16/><D121/><U135/><E1/><V100/><F71/><W73/><G114/><T25/><D127/><U37/><E115/><V89/><F106/><W51/><G131/><T0/><D133/><U129/><E129/><V34/><F107/><W104/><G132/><T9/><D0/><U33/><E70/><V40/><F34/><W57/><G64/><T119/><D119/><U134/><E101/><V113/><F40/><W111/><G111/><T83/><D42/><U92/><E92/><V124/><F124/><W90/><G51/><T12/><D38/><U36/><E108/><V122/><F122/><W79/><G79/><T44/><D25/><U123/><E123/><V47/><F47/><W4/><G4/><T63/><D58/><U78/><E78/><V32/><F32/><W86/><G104/><T98/><D98/><U99/><E135/><V48/><F89/><W77/><G77/><N who="0" m="46095" /><D44/><U72/><E72/><V23/><F113/><W11/><G27/><T85/><D85/><U130/><E130/><V29/><F102/><W68/><G68/><T69/><D69/><U31/><E134/><V76/><F100/><W128/><G128/><T109/><D109/><U61/><E31/><V35/><F29/><W66/><G105/><T50/><D63/><U52/><E61/><V10/><F30/><W20/><G86/><T95/><D95/><U3/><E3/><V60/><F35/><W7/><G75/><T2/><D2/><U125/><E125/><V5/><F60/><RYUUKYOKU ba="2,0" sc="352,30,188,-10,235,-10,225,-10" hai0="8,9,12,16,50,53,59,81,82,83" /><INIT seed="0,3,0,3,1,22" ten="382,178,225,215" oya="0" hai0="52,71,81,91,3,34,127,94,80,33,51,95,42" hai1="15,132,73,53,66,76,113,107,64,23,103,41,7" hai2="38,21,97,128,10,36,108,61,75,60,29,70,49" hai3="2,4,111,121,40,90,122,133,62,114,120,44,24"/><T105/><D3/><U77/><E132/><V93/><F75/><W124/><G114/><T72/><D105/><U39/><E113/><V13/><F108/><W129/><G111/><T28/><D71/><U100/><E53/><V32/><F32/><W25/><G133/><T134/><D134/><U5/><E41/><V83/><F128/><W20/><G129/><T112/><D112/><U116/><E39/><V130/><F130/><W106/><G124/><T55/><D42/><U50/><E50/><V104/><F104/><W115/><G115/><T131/><D131/><U14/><E107/><V123/><F123/><W85/><G20/><T8/><D8/><U92/><E23/><V56/><F83/><N who="3" m="49471" /><G62/><T110/><D91/><U54/><E54/><V102/><F70/><W47/><G106/><T79/><D51/><U88/><E88/><V67/><F49/><N who="3" m="26759" /><G47/><T18/><D72/><U68/><E73/><V117/><F61/><W17/><G17/><T16/><D28/><U119/><E68/><V96/><F96/><W6/><G6/><T12/><D12/><U86/><E86/><V125/><F125/><W30/><G30/><T1/><D1/><U48/><E48/><V45/><F45/><W74/><G74/><T101/><D127/><U69/><E69/><V118/><F118/><W135/><G135/><T89/><D89/><U57/><REACH who="1" step="1"/><E57/><REACH who="1" ten="382,168,225,215" step="2"/><V65/><F38/><W59/><G59/><T0/><D110/><U19/><E19/><V84/><F36/><W35/><G35/><T87/><D34/><U27/><E27/><V99/><F56/><W82/><G82/><RYUUKYOKU ba="3,1" sc="382,-15,168,15,225,-15,215,15" hai1="5,7,14,15,64,66,76,77,92,100,103,116,119" hai3="2,4,24,25,120,121,122" /><INIT seed="1,4,1,5,0,70" ten="367,183,210,230" oya="1" hai0="72,65,96,20,87,86,105,77,78,69,23,30,35" hai1="18,3,102,31,79,88,103,13,80,1,129,98,100" hai2="85,47,32,132,58,94,73,131,128,42,62,50,61" hai3="34,115,107,84,89,99,104,83,25,55,24,74,71"/><U113/><E113/><V45/><F73/><W15/><G115/><T68/><D72/><U75/><E31/><V90/><F32/><W135/><G71/><T91/><D30/><U120/><E120/><V111/><F111/><W4/><G34/><T101/><D35/><U26/><E26/><V44/><F132/><W114/><G114/><T0/><D0/><U118/><E118/><V52/><REACH who="2" step="1"/><F42/><REACH who="2" ten="367,183,200,230" step="2"/><W133/><G135/><T82/><D78/><U134/><E134/><V122/><F122/><W109/><G109/><T127/><D127/><U14/><E129/><AGARI ba="4,2" hai="44,45,47,50,52,58,61,62,85,90,94,128,129,131" machi="129" ten="40,5200,0" yaku="1,1,19,1,54,1,53,0" doraHai="70" doraHaiUra="60" who="2" fromWho="1" sc="367,0,183,-64,200,84,230,0" /><INIT seed="2,0,0,3,2,134" ten="367,119,284,230" oya="2" hai0="28,88,130,66,80,111,47,65,93,41,75,18,78" hai1="96,114,46,108,100,101,105,69,19,17,87,98,86" hai2="91,10,32,48,39,72,71,128,83,109,0,43,11" hai3="35,13,95,122,120,54,115,112,135,38,8,22,25"/><V9/><F71/><W33/><G38/><T61/><D111/><U129/><E108/><V3/><F32/><N who="3" m="12363" /><G54/><T104/><D130/><U133/><E129/><V84/><F109/><W45/><G95/><T110/><D110/><U20/><E69/><V97/><F128/><W131/><G45/><T26/><D18/><U30/><E30/><V44/><F72/><W40/><G40/><T113/><D113/><N who="3" m="43593" /><G131/><T24/><D104/><U36/><E114/><V29/><F29/><N who="3" m="17591" /><G135/><T56/><D66/><U7/><E133/><V1/><REACH who="2" step="1"/><F97/><REACH who="2" ten="367,119,274,230" step="2"/><W15/><G15/><T2/><D2/><U5/><E105/><V23/><F23/><W132/><G132/><T117/><D75/><U12/><E20/><V121/><F121/><W60/><G60/><T103/><D61/><U50/><E12/><V124/><F124/><W52/><G52/><T107/><D65/><U116/><E116/><V27/><F27/><W67/><G67/><T57/><D24/><U106/><E106/><V126/><F126/><W77/><G77/><T42/><D26/><U49/><REACH who="1" step="1"/><E46/><REACH who="1" ten="367,109,274,230" step="2"/><V89/><F89/><W125/><G125/><T37/><D88/><U64/><E64/><V76/><F76/><W92/><G13/><T102/><D107/><U81/><E81/><V118/><F118/><W55/><G122/><T51/><D80/><U53/><E53/><V34/><F34/><W59/><G120/><T82/><D82/><U119/><E119/><V68/><F68/><W4/><G55/><N who="0" m="30207" /><D117/><U127/><E127/><V123/><F123/><W70/><G70/><T63/><D78/><U94/><E94/><RYUUKYOKU ba="0,2" sc="367,-15,109,15,274,15,230,-15" hai1="5,7,17,19,36,49,50,86,87,96,98,100,101" hai2="0,1,3,9,10,11,39,43,44,48,83,84,91" /><INIT seed="2,1,2,3,4,66" ten="352,124,289,215" oya="2" hai0="26,13,132,97,38,114,115,7,2,1,54,3,50" hai1="99,98,8,44,128,36,46,112,92,42,4,101,56" hai2="130,47,111,53,70,19,80,29,41,73,76,122,17" hai3="103,31,9,118,108,27,94,69,37,72,100,93,16"/><V40/><F122/><W123/><G123/><T95/><D38/><U34/><E128/><V12/><F130/><W0/><G118/><T117/><D117/><U60/><E34/><V30/><F111/><W64/><G72/><T134/><D26/><U90/><E46/><V85/><F73/><W45/><G108/><T106/><D106/><U18/><E18/><N who="2" m="6667" /><F70/><W43/><G100/><N who="0" m="60479" /><D13/><U121/><E112/><V89/><F12/><W87/><G103/><T65/><D65/><U5/><E121/><V59/><F76/><W120/><G87/><T11/><D11/><U71/><E71/><V78/><F78/><W52/><G120/><T55/><D55/><U107/><E8/><V6/><F6/><W22/><G52/><AGARI ba="1,2" hai="4,5,36,42,44,52,56,60,90,92,98,99,101,107" machi="52" ten="30,2000,0" yaku="7,1,54,1" doraHai="66" who="1" fromWho="3" sc="352,0,124,43,289,0,215,-23" /><INIT seed="3,0,0,1,1,58" ten="352,167,289,192" oya="3" hai0="43,84,119,104,103,30,16,53,5,33,79,75,56" hai1="78,93,21,112,102,8,70,87,34,20,134,45,133" hai2="74,132,117,63,64,68,106,57,95,77,80,94,28" hai3="122,66,18,71,105,42,13,19,107,127,69,92,23"/><W6/><G122/><T49/><D119/><U4/><E34/><V44/><F117/><W36/><G127/><T124/><D75/><U54/><E112/><V9/><F106/><W11/><G19/><T108/><D124/><U89/><E70/><V38/><F132/><W22/><G23/><T55/><D108/><U59/><E45/><V67/><F28/><W26/><G42/><T113/><D5/><U121/><E121/><V60/><REACH who="2" step="1"/><F9/><REACH who="2" ten="352,167,279,192" step="2"/><W114/><G114/><T97/><D30/><U7/><E134/><V27/><F27/><W128/><G128/><T3/><D104/><U24/><E133/><V73/><F73/><W123/><G123/><T65/><D113/><U129/><E129/><V41/><AGARI ba="0,1" hai="38,41,44,57,60,63,64,67,68,74,77,80,94,95" machi="41" ten="30,7900,0" yaku="1,1,0,1,52,2,53,0" doraHai="58" doraHaiUra="100" who="2" fromWho="2" sc="352,-20,167,-20,279,89,192,-39" /><INIT seed="4,0,0,4,2,15" ten="332,147,368,153" oya="0" hai0="79,27,103,100,133,87,107,24,90,49,47,80,57" hai1="45,25,26,28,31,65,39,62,35,111,82,128,13" hai2="2,75,131,95,48,134,60,4,69,76,32,6,106" hai3="117,11,0,109,77,18,37,29,127,112,3,9,21"/><T124/><D124/><U92/><E111/><V72/><F32/><W54/><G37/><T67/><D133/><U94/><E128/><V88/><F106/><W20/><G77/><T50/><D107/><U22/><E82/><V99/><F131/><W14/><G54/><N who="0" m="31951" /><D90/><U68/><E39/><V46/><F134/><W10/><G109/><T84/><D84/><U64/><E45/><V129/><F129/><W86/><G86/><T81/><D67/><U113/><E65/><V98/><F98/><W61/><G61/><T121/><D121/><U118/><E118/><V115/><F2/><N who="3" m="555" /><G117/><T19/><D81/><U85/><E85/><V56/><F69/><W51/><G51/><T33/><D33/><U5/><E113/><V114/><F76/><W89/><G89/><T73/><D19/><U23/><E35/><V96/><F96/><W41/><G41/><N who="0" m="24943" /><D73/><U58/><E68/><V8/><F75/><W59/><G59/><T1/><D1/><U135/><E135/><V40/><F72/><W55/><G55/><T108/><D108/><U74/><E74/><V83/><F83/><W38/><G38/><T120/><D120/><U34/><E34/><V101/><F115/><W7/><G112/><T52/><D52/><U123/><E123/><V132/><F114/><W30/><G127/><T63/><D63/><U93/><E93/><V66/><F132/><W110/><G110/><T130/><D130/><U36/><E36/><V78/><F78/><W70/><G70/><T71/><D71/><U44/><E44/><V17/><F88/><W97/><G97/><T122/><D122/><RYUUKYOKU ba="0,0" sc="332,10,147,10,368,10,153,-30" hai0="24,27,79,80,87,100,103" hai1="5,13,22,23,25,26,28,31,58,62,64,92,94" hai2="4,6,8,17,40,46,48,56,60,66,95,99,101" /><INIT seed="4,1,0,2,5,20" ten="342,157,378,123" oya="0" hai0="75,82,43,32,122,19,28,113,29,36,33,118,30" hai1="24,11,26,12,81,97,83,3,46,9,41,99,121" hai2="72,70,125,126,13,127,64,85,65,53,111,51,108" hai3="93,62,44,1,7,128,60,39,31,98,25,133,120"/><T67/><D118/><U74/><E121/><V119/><F72/><W86/><G128/><T78/><D122/><U73/><E46/><V34/><F34/><W17/><G133/><T58/><D113/><U76/><E12/><V114/><F119/><W45/><G120/><T0/><D0/><U42/><REACH who="1" step="1"/><E76/><REACH who="1" ten="342,147,378,123" step="2"/><V90/><F114/><W8/><G45/><T27/><D78/><U105/><E105/><V135/><F13/><W15/><G44/><T134/><D36/><U104/><E104/><V68/><F135/><W5/><G39/><T54/><D134/><U109/><E109/><V103/><F111/><W55/><G1/><AGARI ba="1,1" hai="1,3,9,11,24,26,41,42,73,74,81,83,97,99" machi="1" ten="25,8000,1" yaku="1,1,22,2,52,2,53,0" doraHai="20" doraHaiUra="52" who="1" fromWho="3" sc="342,0,147,93,378,0,123,-83" /><INIT seed="5,0,0,5,3,115" ten="342,240,378,40" oya="1" hai0="76,34,10,79,52,95,47,16,123,130,83,12,56" hai1="81,0,82,62,71,116,50,45,90,106,129,7,43" hai2="124,128,27,26,8,65,2,14,53,49,120,121,69" hai3="77,32,59,99,41,68,101,132,125,6,74,39,126"/><U122/><E129/><V29/><F2/><W70/><G59/><T89/><D34/><U17/><E122/><V64/><F128/><W117/><G6/><T100/><D130/><U46/><E106/><V57/><F124/><N who="3" m="47723" /><G32/><T97/><D123/><U135/><E135/><V78/><F78/><N who="0" m="29738" /><D47/><U96/><E17/><V9/><F9/><W109/><G109/><T5/><D83/><U38/><E7/><V55/><F27/><W36/><G132/><T21/><D100/><U133/><E0/><V54/><F69/><N who="3" m="26731" /><G99/><T87/><D97/><U113/><E133/><V131/><F131/><W91/><G91/><T127/><D127/><U18/><E18/><N who="2" m="8519" /><F121/><W75/><G101/><T44/><D44/><U24/><E24/><V4/><F4/><W72/><G77/><T48/><D5/><U37/><E37/><N who="3" m="14410" /><G41/><T42/><D42/><U111/><E111/><V31/><F120/><W67/><G67/><N who="2" m="25673" /><F26/><W35/><G35/><T118/><D10/><U61/><E71/><V103/><F103/><W23/><G23/><T1/><D1/><U85/><E96/><V98/><F98/><W25/><G25/><T88/><D89/><U11/><E11/><V73/><F57/><W13/><G13/><T80/><D80/><U86/><E82/><V28/><F28/><W92/><G92/><T134/><D134/><U108/><E108/><V104/><F29/><W15/><G15/><T51/><D48/><U20/><E38/><V30/><F49/><W105/><G105/><T19/><D19/><U114/><E50/><V94/><F104/><W22/><G22/><T33/><D33/><RYUUKYOKU ba="0,0" sc="342,15,240,-15,378,-15,40,15" hai0="12,16,21,51,52,56,87,88,95,118" hai3="72,74,75,117" /><INIT seed="6,1,0,1,5,133" ten="357,225,363,55" oya="2" hai0="7,63,59,121,17,130,34,68,112,89,114,124,135" hai1="70,131,29,78,32,85,101,15,66,45,62,87,30" hai2="13,96,0,33,86,125,98,53,128,99,37,110,65" hai3="79,40,51,5,41,81,80,105,56,48,111,22,35"/><V95/><F0/><W123/><G123/><T9/><D121/><U2/><E2/><V134/><F37/><W84/><G35/><T61/><D34/><U119/><E119/><V1/><F1/><W115/><G105/><T76/><D76/><U44/><E131/><V90/><F33/><W126/><G111/><T72/><D72/><U64/><E32/><V47/><F134/><W23/><G115/><N who="0" m="44075" /><D135/><U52/><E78/><V26/><F128/><W92/><G79/><T106/><D106/><U46/><E101/><V71/><F110/><W55/><G56/><T113/><D113/><U132/><E132/><V77/><F71/><W75/><G55/><T103/><D103/><U27/><E27/><V6/><F26/><W118/><G92/><T88/><D17/><U43/><E15/><V82/><F65/><W50/><G84/><T60/><D124/><U102/><E102/><V38/><F38/><W97/><G97/><T11/><D68/><U129/><E129/><V42/><F125/><W31/><G126/><T67/><D130/><U108/><E108/><V18/><F42/><N who="3" m="16491" /><G118/><T83/><D83/><N who="3" m="31817" /><G75/><T91/><D11/><U24/><E43/><V16/><F77/><W69/><G69/><T104/><D104/><U58/><E70/><V94/><F82/><W116/><G116/><T4/><D4/><U8/><E24/><V12/><F95/><W54/><G5/><T120/><D120/><U109/><E109/><V25/><F6/><W49/><G31/><N who="1" m="11786" /><E8/><V74/><F74/><W100/><G100/><T36/><D36/><U73/><E73/><V127/><F127/><RYUUKYOKU ba="1,0" sc="357,10,225,10,363,-30,55,10" hai0="7,9,59,60,61,63,67,88,89,91" hai1="44,45,46,52,58,62,64,66,85,87" hai3="22,23,48,49,50,51,54" /><INIT seed="7,2,0,0,1,23" ten="367,235,333,65" oya="3" hai0="117,58,30,129,107,52,80,53,135,130,24,110,131" hai1="109,26,128,111,103,18,82,50,37,84,39,127,119" hai2="108,3,125,72,122,61,99,1,42,31,34,91,133" hai3="13,96,134,35,59,97,22,9,16,115,124,88,21"/><W38/><G35/><N who="0" m="20935" /><D110/><U12/><E39/><V81/><F108/><W32/><G32/><T54/><D135/><U71/><E37/><V104/><F125/><W94/><G124/><T43/><D117/><U0/><E0/><V105/><F133/><W98/><G134/><T19/><D107/><U6/><E119/><V14/><F122/><W123/><G123/><T36/><D19/><U132/><E127/><V106/><F42/><W74/><G74/><T73/><D43/><U85/><E71/><V11/><F61/><W95/><G38/><T65/><D36/><U57/><E132/><V126/><F126/><W15/><G115/><T40/><D40/><U56/><E128/><V120/><F120/><W7/><G94/><T60/><D80/><U29/><E111/><V44/><F44/><W27/><G59/><N who="0" m="37023" /><D73/><U70/><E70/><V5/><F99/><W66/><G66/><T41/><D41/><U8/><E109/><V45/><F45/><W114/><G114/><T83/><D83/><U64/><E82/><V55/><F55/><W46/><G46/><T112/><D112/><U75/><E75/><V33/><F33/><W77/><G77/><T67/><D67/><U121/><E121/><V93/><F93/><W49/><G49/><AGARI ba="2,0" hai="49,52,53,54,58,129,130,131" m="37023,20935" machi="49" ten="30,3900,0" yaku="19,1,52,1,54,1" doraHai="23" who="0" fromWho="3" sc="367,45,235,0,333,0,65,-45" owari="412,51.2,235,-16.5,333,13.3,20,-48.0" /></mjloggm>