<mjloggm ver="2.3"><GO type="169" lobby="0"/><UN n0="%E3%82%BC%E3%83%B3%E3%83%84%E5%9E%8B%50" n1="%54%72%69%6F%73%64%61%64" n2="%E3%81%9B%E3%81%A9%E3%81%AA%E3%82%8A%E3%81%82%E3%82%93" n3="%E3%82%86%E3%81%86%E3%82%8C%E3%81%84%E3%81%84%E3%81%8B" dan="16,16,17,17" rate="2156.92,2098.00,2170.42,2198.25" sx="M,M,M,M"/><TAIKYOKU oya="0"/><INIT seed="0,0,0,1,2,43" ten="250,250,250,250" oya="0" hai0="54,104,24,61,100,122,89,18,125,112,97,62,106" hai1="37,38,19,99,110,87,82,84,94,131,57,134,123" hai2="83,49,88,69,76,47,0,36,92,29,27,13,79" hai3="117,135,4,50,17,114,78,2,133,72,5,58,71"/><T41/><D112/><U130/><E123/><V31/><F36/><W66/><G114/><T3/><D122/><U132/><E57/><V11/><F0/><W10/><G117/><T6/><D125/><U96/><E19/><V77/><F83/><W45/><G71/><T15/><D106/><U129/><E110/><V28/><F27/><W48/><G5/><T93/><D24/><U35/><E35/><V80/><F80/><W70/><G70/><T59/><D41/><U91/><E37/><V108/><F69/><W111/><G111/><T25/><D25/><U81/><E38/><V119/><F119/><W113/><G113/><T127/><D127/><U23/><E23/><V14/><F108/><W34/><G34/><T51/><D6/><U56/><E56/><V65/><F65/><W63/><G17/><T64/><D3/><U73/><E73/><V128/><F11/><W74/><G50/><T121/><D64/><U126/><E126/><V7/><F7/><W120/><G78/><T8/><REACH who="0" step="1"/><D121/><REACH who="0" ten="240,250,250,250" step="2"/><U9/><E131/><V16/><F128/><W30/><G120/><T68/><D68/><U98/><E130/><V21/><F13/><W75/><REACH who="3" step="1"/><G30/><REACH who="3" ten="240,250,250,240" step="2"/><T42/><D42/><AGARI ba="0,2" hai="2,4,10,42,45,48,58,63,66,72,74,75,133,135" machi="42" ten="40,5200,0" yaku="1,1,2,1,52,1,53,0" doraHai="43" doraHaiUra="115" who="3" fromWho="0" sc="240,-52,250,0,250,0,240,72" /><INIT seed="1,0,0,4,2,40" ten="188,250,250,312" oya="1" hai0="37,135,114,60,53,104,58,124,129,95,128,131,11" hai1="100,4,45,93,9,112,63,17,55,29,41,38,119" hai2="126,18,73,26,0,106,54,74,98,62,49,83,7" hai3="78,64,121,27,91,66,90,97,111,94,70,103,5"/><U61/><E112/><V48/><F126/><W6/><G121/><T19/><D114/><U12/><E119/><V57/><F0/><W14/><G78/><T56/><D104/><U47/><E29/><V115/><F7/><W101/><G111/><T107/><D107/><U130/><E130/><V76/><F74/><W44/><G27/><T31/><D37/><U80/><E80/><V25/><F115/><W113/><G113/><T50/><D31/><U59/><E63/><V1/><F1/><W33/><G33/><T3/><D95/><U21/><E41/><V79/><F79/><W88/><G70/><T35/><D35/><U122/><E38/><V28/><F18/><W22/><G101/><T72/><D72/><U116/><E116/><V16/><F106/><W89/><G89/><T36/><D36/><U34/><E34/><V68/><F68/><W69/><G69/><T102/><D102/><U15/><E122/><V24/><F98/><AGARI ba="0,0" hai="4,9,12,15,17,21,45,47,55,59,61,93,98,100" machi="98" ten="40,7700,0" yaku="8,1,52,2" doraHai="40" who="1" fromWho="2" sc="188,0,250,77,250,-77,312,0" /><INIT seed="1,1,0,4,4,10" ten="188,327,173,312" oya="1" hai0="17,84,110,125,96,134,106,0,33,66,71,123,46" hai1="35,107,1,87,41,73,121,68,70,85,92,49,65" hai2="3,14,50,117,126,9,4,95,30,36,129,124,91" hai3="13,100,105,22,75,102,52,94,51,5,77,18,21"/><U48/><E121/><V127/><F117/><W109/><G105/><T76/><D46/><U118/><E107/><V101/><F36/><W80/><G5/><T43/><D43/><U34/><E1/><V58/><F129/><W82/><G109/><T114/><D84/><U2/><E2/><V135/><F135/><W90/><G22/><T104/><D76/><U45/><E73/><V60/><F30/><W15/><G80/><T79/><D79/><U99/><E118/><V88/><F50/><W115/><G15/><T25/><D25/><U12/><E49/><V97/><REACH who="2" step="1"/><F3/><REACH who="2" ten="188,327,163,312" step="2"/><W39/><G39/><T83/><D0/><U63/><E70/><V59/><F59/><W62/><G115/><T37/><D71/><U56/><E68/><V20/><F20/><W19/><G62/><T26/><D114/><U11/><E35/><V67/><AGARI ba="1,1" hai="4,9,14,58,60,67,88,91,95,97,101,124,126,127" machi="67" ten="30,8000,1" yaku="1,1,0,1,18,1,52,1,54,1,53,0" doraHai="10" doraHaiUra="29" who="2" fromWho="2" sc="188,-21,327,-41,163,93,312,-21" /><INIT seed="2,0,0,1,3,100" ten="167,286,256,291" oya="2" hai0="12,114,34,103,7,42,26,29,24,60,47,109,23" hai1="123,73,120,35,21,128,20,121,134,115,83,22,49" hai2="68,77,108,58,46,105,64,124,79,11,17,25,76" hai3="18,88,62,6,117,93,28,1,44,48,97,116,9"/><V122/><F122/><W65/><G28/><T127/><D114/><U15/><E115/><V110/><F68/><W90/><G90/><T112/><D112/><U30/><E49/><V87/><F124/><W80/><G80/><T43/><D109/><N who="2" m="42090" /><F46/><W54/><REACH who="3" step="1"/><G18/><REACH who="3" ten="167,286,256,281" step="2"/><T14/><D127/><U98/><E83/><N who="2" m="47591" /><F77/><W95/><G95/><T130/><D29/><U82/><E82/><V70/><F79/><W52/><G52/><T133/><D133/><U104/><E134/><V125/><F125/><W129/><G129/><T53/><D53/><U33/><E128/><V4/><F105/><W135/><G135/><T40/><D130/><U31/><E31/><V59/><F64/><W91/><G91/><T106/><D106/><U94/><E30/><V126/><F126/><W72/><G72/><T81/><D81/><U16/><E73/><V111/><F70/><AGARI ba="0,1" hai="1,6,9,44,48,54,62,65,70,88,93,97,116,117" machi="70" ten="30,3900,0" yaku="1,1,7,1,54,1,53,0" doraHai="100" doraHaiUra="39" who="3" fromWho="2" sc="167,0,286,0,256,-39,281,49" /><INIT seed="3,0,0,3,0,12" ten="167,286,217,330" oya="3" hai0="68,64,16,102,127,117,82,6,41,44,109,37,42" hai1="19,128,33,95,23,130,100,76,17,111,113,7,135" hai2="15,32,85,79,121,98,131,25,57,55,0,3,120" hai3="56,106,1,92,77,47,35,74,81,60,67,29,96"/><W133/><G133/><T69/><D117/><U28/><E113/><V30/><F131/><N who="1" m="50217" /><E135/><V50/><F98/><W62/><G1/><T97/><D109/><U51/><E111/><V114/><F114/><W9/><G106/><T75/><D127/><U72/><E7/><V129/><F129/><W11/><G47/><T132/><D132/><U123/><E33/><V83/><REACH who="2" step="1"/><F15/><REACH who="2" ten="167,286,207,330" step="2"/><W27/><REACH who="3" step="1"/><G60/><REACH who="3" ten="167,286,207,320" step="2"/><T52/><D44/><U48/><E123/><AGARI ba="0,2" hai="0,3,25,30,32,50,55,57,79,83,85,120,121,123" machi="123" ten="40,5200,0" yaku="1,1,2,1,13,1,53,0" doraHai="12" doraHaiUra="103" who="2" fromWho="1" sc="167,0,286,-52,207,72,320,0" /><INIT seed="4,0,0,0,0,91" ten="167,234,279,320" oya="0" hai0="69,86,96,5,21,45,89,133,67,113,80,61,115" hai1="37,22,42,39,70,73,76,119,8,100,111,56,9" hai2="101,54,107,104,97,16,4,60,3,31,121,117,90" hai3="52,82,26,95,98,124,40,29,112,81,43,105,123"/><T68/><D133/><U132/><E119/><V0/><F121/><W79/><G105/><T59/><D5/><U125/><E111/><V78/><F31/><W58/><G112/><N who="0" m="43083" /><D45/><U84/><E70/><V19/><F78/><W14/><G124/><T51/><D51/><U25/><E125/><V24/><F107/><W131/><G131/><T103/><D21/><U74/><E132/><V30/><F117/><W88/><G14/><T49/><D49/><U35/><E35/><V23/><F90/><W130/><G130/><T55/><D55/><U126/><E100/><V36/><F36/><W65/><G65/><T75/><D75/><U10/><E126/><V2/><REACH who="2" step="1"/><F4/><REACH who="2" ten="167,234,269,320" step="2"/><W53/><G123/><T108/><D108/><U87/><E37/><V109/><F109/><W99/><G79/><T7/><D7/><U94/><E76/><V72/><F72/><W116/><G116/><T44/><D44/><U127/><E127/><V50/><F50/><W12/><G43/><T63/><D63/><U71/><E42/><V38/><F38/><W128/><G40/><T34/><D34/><U41/><E41/><V62/><F62/><W85/><G128/><T102/><D102/><U110/><E39/><V77/><F77/><W134/><G134/><T6/><D6/><U27/><E110/><V32/><F32/><W47/><G47/><T1/><D1/><U122/><E74/><V106/><F106/><AGARI ba="0,1" hai="59,61,67,68,69,80,86,89,96,103,106" m="43083" machi="106" ten="30,1500,0" yaku="15,1" doraHai="91" who="0" fromWho="2" sc="167,25,234,0,269,-15,320,0" /><INIT seed="4,1,0,2,2,64" ten="192,234,254,320" oya="0" hai0="54,75,60,0,45,106,13,67,95,25,41,126,94" hai1="113,131,36,56,29,55,66,83,82,27,31,62,104" hai2="80,53,78,135,40,124,116,65,17,121,47,16,115" hai3="63,15,70,39,90,110,26,103,34,99,120,3,2"/><T37/><D0/><U86/><E131/><V88/><F121/><W58/><G110/><T89/><D106/><U38/><E104/><V4/><F115/><W20/><G39/><T109/><D109/><U69/><E113/><V132/><F124/><W32/><G90/><T51/><D75/><U23/><E31/><V7/><F53/><W44/><G44/><T129/><D129/><U112/><E112/><V133/><F116/><W118/><G118/><T84/><D126/><U50/><REACH who="1" step="1"/><E82/><REACH who="1" ten="192,224,254,320" step="2"/><V91/><F80/><W92/><G120/><T108/><D108/><U72/><E72/><V28/><F28/><W49/><G34/><T114/><D114/><U8/><E8/><V30/><F30/><W43/><G32/><T73/><D73/><U107/><E107/><V14/><F133/><W77/><G92/><T125/><D125/><U21/><E21/><V98/><F132/><W57/><G20/><T68/><D95/><U12/><E12/><V48/><F14/><W130/><G15/><T10/><D25/><U100/><E100/><V101/><F101/><W18/><G26/><T22/><D22/><U128/><E128/><V76/><F135/><W134/><G103/><T46/><D13/><U93/><E93/><V59/><F17/><W117/><G130/><T105/><D105/><U123/><E123/><V24/><F16/><W33/><G18/><T87/><REACH who="0" step="1"/><D10/><REACH who="0" ten="182,224,254,320" step="2"/><U5/><E5/><V9/><F24/><W1/><G134/><T19/><D19/><U52/><E52/><N who="2" m="32135" /><F9/><W71/><G117/><T79/><D79/><AGARI ba="1,2" hai="23,27,29,36,38,50,55,56,62,66,69,79,83,86" machi="79" ten="30,3900,0" yaku="1,1,7,1,52,1,53,0" doraHai="64" doraHaiUra="42" who="1" fromWho="0" sc="182,-42,224,62,254,0,320,0" /><INIT seed="5,0,0,3,1,75" ten="140,286,254,320" oya="1" hai0="50,35,31,117,51,99,133,33,125,120,34,65,102" hai1="124,45,24,104,58,129,17,53,63,95,14,111,81" hai2="123,11,71,84,52,86,90,121,44,3,37,10,77" hai3="74,118,91,1,2,78,106,40,98,128,131,96,108"/><U107/><E124/><V23/><F71/><W57/><G108/><T87/><D117/><U48/><E111/><V113/><F113/><W8/><G40/><T68/><D125/><U80/><E129/><N who="3" m="49738" /><G118/><T36/><D36/><U72/><E24/><V61/><F37/><W39/><G39/><T79/><D133/><U5/><E5/><V89/><F3/><W83/><G8/><T92/><D120/><U28/><E28/><V7/><F7/><W130/><G57/><T101/><D101/><U6/><E6/><V97/><F97/><W49/><G49/><T105/><D31/><U62/><E62/><V32/><F32/><W9/><G9/><T69/><D92/><U46/><E46/><V66/><F23/><W21/><G21/><T38/><D38/><U25/><E25/><V0/><F0/><W27/><G27/><T94/><D105/><U22/><E95/><V127/><F127/><W119/><G119/><T16/><D16/><U88/><E72/><V55/><F61/><W20/><G20/><T114/><D114/><U13/><E13/><V64/><F44/><W115/><G115/><T59/><D51/><U116/><E116/><V134/><REACH who="2" step="1"/><F77/><REACH who="2" ten="140,286,244,320" step="2"/><W76/><G78/><T126/><D126/><U47/><E47/><V135/><AGARI ba="0,1" hai="10,11,52,55,64,66,84,86,89,90,121,123,134,135" machi="135" ten="25,12000,2" yaku="1,1,2,1,0,1,22,2,54,1,53,0" doraHai="75" doraHaiUra="54" who="2" fromWho="2" sc="140,-30,286,-60,244,130,320,-30" /><INIT seed="6,0,0,0,5,10" ten="110,226,374,290" oya="2" hai0="44,88,94,18,83,69,63,45,12,0,34,42,35" hai1="39,73,101,117,11,118,85,51,62,78,23,115,81" hai2="119,110,104,13,52,60,79,46,65,92,107,20,122" hai3="121,55,113,66,48,96,90,74,27,80,129,15,30"/><V41/><F119/><W131/><G121/><T4/><D0/><U54/><E115/><V109/><F122/><W87/><G66/><T112/><D4/><U26/><E39/><V31/><F79/><W17/><G74/><T36/><D112/><U16/><E62/><V8/><F92/><W89/><G113/><T134/><D134/><U29/><E101/><V53/><F104/><W40/><G40/><T93/><D93/><U6/><E73/><V71/><F107/><W70/><G70/><T67/><D83/><U114/><E114/><V14/><F20/><W135/><G135/><T1/><D44/><U106/><E106/><V91/><F91/><W123/><G96/><T7/><D7/><U120/><E120/><V25/><F25/><W38/><G38/><T61/><D61/><U9/><E9/><V128/><F31/><W57/><G90/><T102/><D1/><U127/><E127/><V64/><F128/><W21/><REACH who="3" step="1"/><G123/><REACH who="3" ten="110,226,374,280" step="2"/><T97/><REACH who="0" step="1"/><D102/><REACH who="0" ten="100,226,374,280" step="2"/><U82/><E82/><V98/><F109/><W33/><AGARI ba="0,2" hai="15,17,21,27,30,33,48,55,57,80,87,89,129,131" machi="33" ten="30,7900,0" yaku="1,1,2,1,0,1,52,1,53,0" doraHai="10" doraHaiUra="99" who="3" fromWho="3" sc="100,-20,226,-20,374,-39,280,99" /><INIT seed="7,0,0,1,3,80" ten="80,206,335,379" oya="3" hai0="91,61,97,12,36,131,127,129,74,82,101,11,78" hai1="85,43,133,14,60,113,38,90,105,98,89,81,40" hai2="84,125,35,73,59,102,20,70,15,6,107,122,47" hai3="22,121,28,5,95,71,79,94,87,50,69,103,51"/><W115/><G121/><T130/><D36/><U109/><E109/><V23/><F35/><W24/><G115/><T100/><D61/><U58/><E113/><V104/><F73/><W112/><G112/><T134/><D12/><U62/><E133/><V52/><F70/><W39/><G39/><T27/><D27/><U3/><E3/><V44/><F104/><W123/><G123/><T8/><D8/><U65/><E38/><V33/><F33/><W135/><G135/><T29/><D29/><U83/><E105/><V57/><F57/><W128/><G128/><T0/><D11/><U2/><E2/><V68/><F107/><W45/><G5/><T55/><D55/><U41/><E14/><V1/><F102/><W108/><G108/><T10/><D10/><U99/><E62/><V48/><F125/><W26/><G79/><T18/><D18/><U21/><E21/><N who="2" m="8267" /><F68/><W126/><G126/><T106/><D0/><U96/><E40/><V111/><F111/><W32/><G69/><T16/><D16/><U92/><E92/><V88/><F122/><W34/><G71/><T63/><D63/><U19/><E19/><V124/><F124/><W86/><G32/><T114/><D127/><U30/><E30/><V37/><F1/><W4/><G34/><T25/><D25/><U75/><E75/><V42/><F37/><W93/><G103/><N who="0" m="62831" /><D114/><U132/><E132/><V13/><F6/><W56/><G4/><T7/><D134/><U120/><E120/><V46/><F42/><N who="3" m="24887" /><G26/><T54/><D7/><U53/><E53/><AGARI ba="0,0" hai="22,24,28,51,53,56,86,87,93,94,95" m="24887" machi="53" ten="30,5800,0" yaku="8,1,52,2" doraHai="80" who="3" fromWho="1" sc="80,0,206,-58,335,0,379,58" owari="80,-42.0,148,-25.2,335,13.5,437,53.7" /></mjloggm>