<mjloggm ver="2.3"><GO type="169" lobby="0"/><UN n0="%EF%BC%8A%E5%B0%8F%E5%A4%AA%E9%83%8E%EF%BC%8A" n1="%E6%84%9A%E5%85%84%E3%81%8C%E6%84%9A%E5%BD%A2" n2="%E7%AD%89%E3%80%85%E5%8A%9B%E5%8A%87%E5%A0%B4" n3="%E6%96%B9%E5%86%86%E8%87%AA%E5%9C%A8" dan="16,16,16,17" rate="2083.56,2077.96,2101.49,2200.47" sx="M,M,M,M"/><TAIKYOKU oya="0"/><INIT seed="0,0,0,5,4,108" ten="250,250,250,250" oya="0" hai0="65,123,70,85,111,76,73,110,132,93,106,45,134" hai1="12,125,64,47,30,28,103,104,120,50,126,58,114" hai2="67,127,29,3,48,41,99,52,81,24,7,53,113" hai3="40,0,122,112,36,87,88,89,23,124,74,75,133"/><T121/><D70/><U21/><E120/><N who="0" m="46153" /><D65/><U11/><E104/><V62/><F127/><N who="1" m="48649" /><E103/><V63/><F113/><W32/><G112/><T69/><D69/><U59/><E114/><V71/><F62/><W98/><G23/><T25/><D106/><U39/><E39/><V8/><F99/><W43/><G32/><T33/><D45/><U60/><E21/><V102/><F102/><W90/><G36/><T22/><D33/><U49/><E58/><V17/><F17/><W38/><G75/><T129/><D22/><U135/><E135/><N who="0" m="51753" /><D25/><U86/><E86/><V26/><F26/><W80/><G87/><T82/><D129/><U31/><E47/><V5/><F24/><W118/><G74/><T107/><D107/><U18/><AGARI ba="0,0" hai="11,12,18,28,30,31,49,50,59,60,64" m="48649" machi="18" ten="30,1100,0" yaku="18,1" doraHai="108" who="1" fromWho="1" sc="250,-5,250,11,250,-3,250,-3" /><INIT seed="1,0,0,0,5,113" ten="245,261,247,247" oya="1" hai0="116,121,77,106,44,9,55,76,88,78,53,1,123" hai1="47,109,36,104,117,17,58,32,39,29,33,40,120" hai2="124,42,107,132,46,15,81,85,3,80,94,45,19" hai3="57,74,67,125,31,68,89,122,95,38,13,69,75"/><U37/><E120/><N who="0" m="46153" /><D106/><U35/><E104/><V34/><F3/><W96/><G38/><T73/><D73/><U108/><E58/><V82/><F107/><W65/><G122/><T87/><D44/><U2/><E2/><V50/><F34/><W79/><G125/><T90/><D116/><U63/><E63/><V6/><F132/><W12/><G31/><T23/><D23/><U18/><E29/><V101/><F124/><W115/><G57/><T92/><D90/><U98/><E98/><N who="2" m="59607" /><F46/><W128/><G89/><T20/><D20/><U134/><E134/><V114/><F114/><W26/><G96/><T72/><D72/><U16/><REACH who="1" step="1"/><E117/><REACH who="1" ten="245,251,247,247" step="2"/><V131/><F131/><W135/><G128/><T129/><D129/><U71/><E71/><V4/><F85/><W59/><G68/><T84/><D84/><U97/><E97/><V61/><F61/><W70/><G69/><T14/><D1/><U0/><E0/><V22/><AGARI ba="0,1" hai="4,6,15,19,22,42,45,50,80,81,82" m="59607" machi="22" ten="30,1100,0" yaku="8,1" doraHai="113" who="2" fromWho="2" sc="245,-3,251,-5,247,21,247,-3" /><INIT seed="2,0,0,2,2,40" ten="242,246,268,244" oya="2" hai0="81,51,122,105,4,108,55,65,66,14,17,102,37" hai1="6,113,36,101,131,130,100,75,84,97,124,128,0" hai2="54,103,15,104,86,72,3,132,125,39,116,127,99" hai3="27,33,107,20,59,47,34,129,44,87,61,77,117"/><V53/><F3/><W29/><G107/><T58/><D108/><U98/><E36/><V41/><F72/><W22/><G117/><T42/><D122/><U43/><E43/><V35/><F116/><W24/><G129/><T106/><D4/><U82/><E0/><V52/><F35/><W134/><BYE who="1" /><G134/><T93/><D106/><UN n1="%E6%84%9A%E5%85%84%E3%81%8C%E6%84%9A%E5%BD%A2" /><U73/><E6/><V46/><F132/><W5/><G5/><T12/><D105/><U74/><E113/><V38/><F38/><W45/><G34/><T120/><D14/><U115/><E124/><V70/><F70/><W60/><G33/><T95/><D81/><U89/><E115/><V64/><F64/><W96/><G96/><AGARI ba="0,0" hai="73,74,75,82,84,89,96,97,98,100,101,128,130,131" machi="96" ten="50,8000,1" yaku="19,1,34,3" doraHai="40" who="1" fromWho="3" sc="242,0,246,80,268,0,244,-80" /><INIT seed="3,0,0,3,5,103" ten="242,326,268,164" oya="3" hai0="128,26,60,33,12,13,69,6,75,8,27,29,102" hai1="122,77,92,28,55,3,94,52,48,107,118,16,106" hai2="100,70,104,65,126,1,133,63,91,51,40,74,121" hai3="124,59,129,117,21,42,58,116,79,32,49,134,5"/><W119/><G32/><T54/><D75/><U7/><E77/><V130/><F1/><W4/><G79/><T108/><D108/><U15/><E28/><V36/><F74/><W39/><G39/><T98/><D128/><U11/><E122/><V123/><F36/><W68/><G68/><T23/><D13/><U17/><E118/><V95/><F133/><W84/><G129/><T113/><D113/><U83/><E83/><V99/><F130/><W19/><G84/><T45/><D45/><U47/><E55/><V43/><F126/><W18/><G124/><T66/><D54/><U125/><E125/><V89/><F89/><W112/><G112/><T62/><D62/><U93/><REACH who="1" step="1"/><E16/><REACH who="1" ten="242,316,268,164" step="2"/><V34/><F121/><W41/><G119/><T87/><D26/><U109/><E109/><V135/><F123/><W38/><G117/><T132/><D132/><U105/><E105/><V96/><F135/><W80/><G18/><T9/><D9/><AGARI ba="0,1" hai="3,7,9,11,15,17,47,48,52,92,93,94,106,107" machi="9" ten="40,8000,1" yaku="1,1,52,2,54,1,53,0" doraHai="103" doraHaiUra="22" who="1" fromWho="0" sc="242,-80,316,90,268,0,164,0" /><INIT seed="4,0,0,1,0,126" ten="162,406,268,164" oya="0" hai0="91,103,62,97,73,128,64,100,57,54,116,122,67" hai1="96,58,39,13,81,3,38,65,133,19,68,5,127" hai2="105,6,34,78,110,77,61,98,66,16,33,95,18" hai3="71,129,27,36,101,2,124,84,41,117,24,86,87"/><T118/><D73/><U20/><E68/><V104/><F110/><W7/><G71/><T28/><D122/><U50/><E127/><V4/><F95/><W82/><G124/><T93/><D103/><U131/><E133/><V53/><F61/><W17/><G101/><T10/><D64/><U88/><E131/><V55/><REACH who="2" step="1"/><F98/><REACH who="2" ten="162,406,258,164" step="2"/><W47/><G129/><T108/><D108/><U119/><E96/><V51/><F51/><W120/><G120/><T106/><D128/><U121/><E50/><V94/><F94/><W46/><G36/><T9/><D118/><U0/><E38/><V25/><F25/><W123/><G27/><T79/><D116/><U22/><E39/><V8/><F8/><W135/><G24/><T92/><D92/><U76/><E119/><V80/><F80/><W37/><G82/><T102/><D10/><U99/><E99/><V15/><F15/><W1/><G117/><T109/><D109/><U29/><E13/><V113/><F113/><W30/><G123/><T90/><D9/><U114/><E114/><V43/><F43/><W125/><G41/><T23/><D93/><U32/><E81/><V12/><F12/><W31/><G37/><T75/><D97/><U72/><E121/><V130/><F130/><W40/><G40/><T83/><D106/><U44/><E0/><V107/><F107/><W89/><G1/><T132/><D83/><U60/><E3/><V111/><F111/><W56/><G2/><T49/><D49/><U48/><E48/><V59/><F59/><W14/><G56/><T11/><D57/><U35/><E58/><RYUUKYOKU ba="0,1" sc="162,-10,406,-10,258,30,164,-10" hai2="4,6,16,18,33,34,53,55,66,77,78,104,105" /><INIT seed="5,1,1,0,3,65" ten="152,396,288,154" oya="1" hai0="83,86,5,121,88,16,104,28,57,14,35,41,46" hai1="38,128,96,56,60,127,93,80,17,54,70,59,43" hai2="21,110,37,71,15,62,42,39,81,13,24,130,99" hai3="73,84,118,7,103,112,1,98,119,20,117,129,135"/><U32/><E32/><V30/><F110/><W107/><G73/><T52/><D104/><U125/><E80/><V18/><F130/><W124/><G129/><T122/><D5/><U74/><E74/><V90/><F15/><W111/><G111/><T53/><D28/><U68/><E128/><V48/><F42/><W106/><G106/><T92/><D83/><U89/><E56/><V115/><F48/><W45/><G135/><T134/><D35/><U102/><E102/><V8/><F115/><W120/><G120/><N who="0" m="46187" /><D57/><U33/><E33/><V109/><F109/><W66/><G124/><N who="1" m="47690" /><E17/><V44/><F44/><AGARI ba="1,1" hai="38,43,44,54,59,60,68,70,89,93,96" m="47690" machi="44" ten="30,5800,0" yaku="18,1,52,2" doraHai="65" who="1" fromWho="2" sc="152,0,396,71,288,-61,154,0" /><INIT seed="5,2,0,5,5,10" ten="152,467,227,154" oya="1" hai0="99,45,69,88,31,126,75,131,9,36,44,20,43" hai1="4,37,26,40,27,111,91,64,33,48,74,85,60" hai2="100,93,77,96,18,113,38,105,39,47,135,34,66" hai3="115,125,16,57,52,22,19,79,51,56,123,25,84"/><U68/><E74/><V42/><F34/><W53/><G123/><T35/><D69/><U30/><E111/><V1/><F1/><W92/><G125/><T3/><D126/><U127/><E127/><V0/><F0/><W97/><G115/><T15/><D131/><U104/><E104/><V119/><F119/><W114/><G114/><T12/><D75/><U8/><E37/><V59/><F113/><W76/><G19/><T32/><D32/><U63/><E63/><V78/><F135/><W95/><G84/><T103/><D35/><U134/><E134/><V90/><F39/><W98/><G95/><N who="0" m="56807" /><D3/><U81/><E26/><V83/><F83/><W61/><G98/><T106/><D106/><U49/><E40/><V29/><F29/><W21/><G21/><T72/><D72/><U120/><E120/><V109/><F109/><W87/><G87/><T94/><D43/><U101/><E101/><AGARI ba="2,0" hai="16,22,25,51,52,53,56,57,61,76,79,92,97,101" machi="101" ten="30,7700,0" yaku="7,1,8,1,54,2" doraHai="10" who="3" fromWho="1" sc="152,0,467,-83,227,0,154,83" /><INIT seed="6,0,0,2,5,90" ten="152,384,227,237" oya="2" hai0="57,129,72,114,88,127,96,106,66,118,43,63,30" hai1="108,12,54,37,7,0,79,134,8,22,44,91,31" hai2="48,64,81,26,87,89,62,36,82,60,68,49,131" hai3="74,124,53,116,86,21,55,111,28,51,132,94,101"/><V125/><F36/><W2/><G74/><T105/><D114/><U122/><E134/><V32/><F131/><W84/><G2/><T77/><D129/><U20/><E108/><V59/><F125/><W38/><G38/><T65/><D127/><U75/><E91/><V104/><F104/><W98/><G111/><T103/><D118/><U126/><E122/><V100/><F100/><W14/><G116/><T85/><D43/><U10/><E31/><V120/><F120/><W46/><G132/><T123/><D123/><U15/><E15/><V115/><F115/><W109/><G109/><T56/><D30/><U78/><E78/><V99/><F99/><W29/><G53/><T67/><D106/><U133/><E133/><V5/><F5/><W27/><G124/><T16/><D16/><U95/><E54/><V39/><F39/><W83/><G14/><T41/><D41/><U45/><E12/><V58/><F68/><W17/><G86/><T23/><D23/><U130/><E20/><V80/><F26/><W73/><G73/><T93/><D63/><U33/><E22/><V19/><F19/><W119/><G119/><T4/><D4/><U18/><E7/><V97/><F97/><W135/><G135/><T1/><D1/><U92/><E18/><V128/><F32/><W47/><G46/><T117/><D117/><U24/><E0/><V6/><F6/><W113/><G113/><T35/><D35/><U11/><E33/><V69/><F128/><W9/><G9/><T121/><D121/><U13/><E130/><V25/><F25/><W34/><G34/><RYUUKYOKU ba="0,0" sc="152,15,384,-15,227,-15,237,15" hai0="56,57,65,66,67,72,77,85,88,93,96,103,105" hai3="17,21,27,28,29,47,51,55,83,84,94,98,101" /><INIT seed="7,1,0,3,0,19" ten="167,369,212,252" oya="3" hai0="0,106,98,81,92,126,22,60,119,125,82,24,52" hai1="110,32,80,85,67,15,18,66,65,117,50,26,79" hai2="54,111,114,3,86,4,123,13,118,87,53,12,6" hai3="74,121,107,28,43,1,45,37,83,102,93,69,48"/><W120/><G93/><T16/><D119/><U2/><E110/><V35/><F35/><W27/><G48/><T36/><D0/><U25/><E2/><V116/><F3/><W134/><G134/><T70/><D36/><U30/><E117/><V76/><F76/><W21/><G69/><T131/><D106/><U77/><E77/><V113/><F123/><W11/><G102/><T108/><D108/><AGARI ba="1,0" hai="4,6,12,13,53,54,86,87,108,111,113,114,116,118" machi="108" ten="25,1600,0" yaku="22,2" doraHai="19" who="2" fromWho="0" sc="167,-19,369,0,212,19,252,0" owari="148,-35.2,369,46.9,231,-16.9,252,5.2" /></mjloggm>