<mjloggm ver="2.3"><GO type="169" lobby="0"/><UN n0="%E6%A4%BF%E6%9C%AC%E3%82%B5%E3%83%83%E3%82%AB%E3%83%BC%E9%83%A8" n1="%E5%A4%96%E5%B7%9D%E7%AB%9C%E6%88%90" n2="%E3%83%A9%E3%82%B9%E3%82%8B%E3%81%8B%E3%81%AA" n3="%E5%B8%B8%E5%8B%9D%EF%BC%9F%EF%BC%9F%E3%83%97%E3%83%AD" dan="16,16,17,16" rate="2138.03,2194.44,2190.74,2159.81" sx="M,M,M,M"/><TAIKYOKU oya="0"/><INIT seed="0,0,0,0,3,71" ten="250,250,250,250" oya="0" hai0="122,53,78,74,48,99,42,59,131,100,13,11,47" hai1="27,92,38,36,116,82,119,90,112,107,81,96,124" hai2="0,63,51,67,121,133,37,126,29,34,22,123,4" hai3="8,26,3,16,114,79,106,25,73,1,6,72,83"/><T101/><D122/><U28/><E124/><V5/><F126/><W125/><G125/><T60/><D131/><U89/><E107/><V18/><F133/><W110/><G114/><T10/><D10/><U41/><E112/><V87/><F37/><W55/><G106/><T12/><D12/><U129/><E129/><V130/><F130/><W44/><G73/><T103/><D78/><U20/><E41/><V65/><F65/><W31/><G3/><T70/><D70/><U109/><E109/><V102/><F51/><W9/><G110/><T19/><REACH who="0" step="1"/><D74/><REACH who="0" ten="240,250,250,250" step="2"/><U14/><E119/><V75/><F75/><W134/><G134/><T93/><AGARI ba="0,1" hai="11,13,19,42,47,48,53,59,60,93,99,100,101,103" machi="93" ten="20,18000,2" yaku="1,1,2,1,0,1,7,1,8,1,53,1" doraHai="71" doraHaiUra="39" who="0" fromWho="0" sc="240,190,250,-60,250,-60,250,-60" /><INIT seed="0,1,0,1,5,57" ten="430,190,190,190" oya="0" hai0="96,12,65,9,33,34,84,68,123,94,82,72,24" hai1="16,70,108,135,42,27,114,20,29,69,28,116,80" hai2="43,19,44,17,25,93,71,38,7,88,121,74,102" hai3="14,120,73,79,105,134,112,10,91,85,4,23,31"/><T87/><D123/><U101/><E116/><V128/><F74/><W40/><G112/><T37/><D37/><U66/><E114/><V30/><F121/><W41/><G120/><T104/><D104/><U131/><E131/><V13/><F102/><W89/><G105/><T125/><D72/><U46/><E135/><V35/><F128/><W130/><G134/><T21/><D125/><U122/><E122/><V111/><F111/><W100/><G100/><T77/><D84/><U8/><E101/><V0/><F0/><W98/><G73/><T32/><D65/><U18/><E108/><V11/><REACH who="2" step="1"/><F71/><REACH who="2" ten="430,190,180,190" step="2"/><W132/><G130/><T56/><D68/><U60/><E70/><V55/><F55/><W67/><G132/><T92/><D96/><AGARI ba="1,1" hai="7,11,13,17,19,25,30,35,38,43,44,88,93,96" machi="96" ten="30,7700,0" yaku="1,1,7,1,54,1,53,1" doraHai="57" doraHaiUra="95" who="2" fromWho="0" sc="430,-80,190,0,180,90,190,0" /><INIT seed="1,0,0,5,2,16" ten="350,190,270,190" oya="1" hai0="79,25,38,39,101,49,86,68,34,81,77,37,62" hai1="42,91,56,97,22,88,109,54,104,117,31,128,71" hai2="105,6,44,122,132,15,2,118,108,131,58,124,99" hai3="48,59,70,11,89,53,75,76,17,63,27,107,103"/><U134/><E117/><V23/><F118/><W14/><G75/><T60/><D68/><U114/><E114/><V12/><F122/><W52/><G76/><T36/><N who="0" m="9216" /><DORA hai="87" /><T29/><D79/><U24/><E134/><V64/><F44/><W7/><G107/><T21/><D101/><U126/><E126/><V3/><F124/><W121/><G121/><T84/><D49/><U5/><E128/><V133/><F131/><W98/><G103/><T78/><REACH who="0" step="1"/><D34/><REACH who="0" ten="340,190,270,190" step="2"/><U94/><E71/><V123/><F132/><W110/><G70/><T4/><D4/><U65/><E5/><V112/><F6/><W26/><G7/><T130/><D130/><U10/><E104/><V40/><F105/><W67/><G110/><T100/><D100/><N who="1" m="60471" /><E109/><V20/><F108/><W45/><G67/><T120/><D120/><U80/><E65/><V116/><F133/><W82/><REACH who="3" step="1"/><G98/><REACH who="3" ten="340,190,270,180" step="2"/><T43/><D43/><U0/><E42/><V125/><F123/><W35/><G35/><T50/><D50/><N who="1" m="30807" /><E0/><V8/><F40/><W55/><G55/><T135/><D135/><U113/><E113/><V66/><F2/><W46/><G46/><T111/><D111/><U95/><E91/><V93/><F3/><W69/><G69/><T129/><D129/><U85/><E10/><V72/><F112/><W51/><G51/><T92/><D92/><AGARI ba="0,2" hai="22,24,31,80,85,88,92,95" m="30807,60471" machi="92" ten="30,11600,0" yaku="8,1,52,2,54,1" doraHai="16,87" who="1" fromWho="0" sc="340,-116,190,136,270,0,180,0" /><INIT seed="1,1,0,4,4,102" ten="224,326,270,180" oya="1" hai0="108,48,86,24,84,111,69,60,20,76,73,88,8" hai1="41,38,79,114,96,7,33,35,4,117,91,126,49" hai2="50,128,0,119,72,12,3,53,80,97,74,101,40" hai3="56,9,83,25,78,2,123,93,19,57,27,47,10"/><U51/><E114/><V133/><F119/><W36/><G123/><T110/><D73/><U30/><E117/><V103/><F128/><W77/><G77/><T87/><D8/><U106/><E79/><V22/><F133/><W68/><G68/><T18/><D48/><U105/><E91/><V124/><F124/><W58/><G93/><T23/><D76/><U61/><E61/><V45/><F103/><W44/><G19/><T71/><D60/><U5/><E5/><V39/><F22/><W99/><G99/><T100/><D100/><U90/><E90/><V21/><F80/><W122/><G122/><T107/><D107/><U70/><E41/><V13/><F74/><W115/><G115/><T37/><D37/><U16/><E16/><V6/><F72/><W46/><G36/><T17/><REACH who="0" step="1"/><D88/><REACH who="0" ten="214,326,270,180" step="2"/><U55/><E38/><V14/><F6/><W63/><G63/><T11/><D11/><N who="3" m="4105" /><G2/><T132/><D132/><U29/><E7/><V92/><REACH who="2" step="1"/><F21/><REACH who="2" ten="214,326,260,180" step="2"/><W118/><G118/><T1/><D1/><U82/><E4/><V113/><F113/><W89/><G78/><T52/><D52/><U81/><E55/><V34/><F34/><W42/><G42/><T129/><D129/><U104/><E35/><V109/><F109/><W125/><G125/><T127/><D127/><U120/><E33/><V59/><AGARI ba="1,2" hai="0,3,12,13,14,39,40,45,50,53,59,92,97,101" machi="59" ten="30,7900,0" yaku="1,1,0,1,53,2" doraHai="102" doraHaiUra="32" who="2" fromWho="2" sc="214,-21,326,-40,260,102,180,-21" /><INIT seed="2,0,0,4,2,109" ten="193,286,362,159" oya="2" hai0="62,74,25,41,108,104,111,8,97,44,68,96,130" hai1="91,28,99,100,72,12,30,102,106,77,3,48,88" hai2="47,43,135,122,125,0,69,85,89,59,119,117,58" hai3="49,73,20,17,15,57,22,131,33,127,95,98,70"/><V13/><F0/><W103/><G33/><T21/><D74/><U26/><E3/><V101/><F69/><W42/><G73/><T112/><D8/><U2/><E2/><V65/><F122/><W132/><G70/><T113/><D130/><U107/><E12/><V38/><F135/><W76/><G132/><T24/><D68/><U29/><E26/><N who="0" m="10345" /><D21/><U6/><E6/><V5/><F101/><W87/><G127/><T116/><D62/><U50/><E72/><V93/><F125/><W11/><G131/><T86/><D86/><U1/><E1/><V32/><F32/><W79/><G87/><T18/><D18/><U67/><E67/><V64/><F64/><W7/><G7/><T56/><D56/><U46/><E77/><N who="3" m="29770" /><G57/><T14/><D14/><U128/><E128/><V123/><F123/><W126/><G126/><T55/><D55/><U92/><E92/><V51/><F58/><W9/><G9/><T94/><D104/><U39/><E39/><V54/><REACH who="2" step="1"/><F65/><REACH who="2" ten="193,286,352,159" step="2"/><W19/><G17/><T36/><D116/><U10/><E102/><V133/><F133/><W35/><G35/><T124/><D124/><U71/><E71/><V31/><F31/><W27/><G27/><T118/><D118/><U114/><E30/><V75/><F75/><W78/><G19/><T61/><D108/><U34/><E29/><V129/><F129/><W37/><G103/><T23/><D111/><U121/><E121/><V53/><F53/><W83/><G15/><T115/><D113/><U81/><E114/><V120/><F120/><W80/><G11/><AGARI ba="0,1" hai="5,11,13,38,43,47,51,54,59,85,89,93,117,119" machi="11" ten="40,2000,0" yaku="1,1,53,0" doraHai="109" doraHaiUra="134" who="2" fromWho="3" sc="193,0,286,0,352,30,159,-20" /><INIT seed="2,1,0,4,0,48" ten="193,286,382,139" oya="2" hai0="16,103,126,12,109,102,117,38,113,27,21,100,7" hai1="127,79,92,66,85,13,30,35,46,110,37,95,74" hai2="53,129,55,18,62,101,83,105,77,4,88,15,112" hai3="99,111,81,9,124,132,59,75,106,1,43,69,68"/><V61/><F112/><W67/><G67/><T23/><D38/><U42/><E110/><V108/><F129/><W40/><G111/><T86/><D109/><U64/><E127/><V118/><F108/><W130/><G59/><T70/><D126/><U3/><E13/><V80/><F118/><W33/><G124/><T24/><D70/><U45/><E30/><V128/><F128/><W25/><G43/><T49/><D113/><U14/><E14/><V107/><F4/><N who="3" m="1167" /><G40/><T65/><D117/><U82/><E35/><V29/><F29/><N who="3" m="19631" /><G132/><T41/><D65/><U11/><E46/><V123/><F123/><W5/><G5/><T19/><D86/><U104/><E104/><V72/><F105/><W51/><G51/><T60/><D60/><U2/><E2/><V58/><F101/><N who="3" m="62783" /><G130/><T93/><D7/><N who="1" m="1535" /><E95/><V122/><F107/><W131/><G131/><T10/><D41/><U134/><E134/><V94/><F122/><W57/><G57/><T84/><D49/><U89/><AGARI ba="1,0" hai="37,42,45,64,66,74,79,82,85,89,92" m="1535" machi="89" ten="30,1100,0" yaku="25,1" doraHai="48" who="1" fromWho="1" sc="193,-4,286,14,382,-6,139,-4" /><INIT seed="3,0,0,1,0,44" ten="189,300,376,135" oya="3" hai0="37,78,61,107,67,119,0,82,23,57,94,84,11" hai1="26,64,39,9,115,4,24,98,60,58,66,29,100" hai2="86,17,102,54,25,40,113,96,31,124,32,103,120" hai3="104,80,88,127,56,30,63,74,52,85,68,108,90"/><W22/><G104/><T121/><D107/><U76/><E115/><V50/><F113/><W110/><G127/><T43/><D119/><U117/><E39/><V135/><F124/><W65/><G74/><T13/><D121/><U118/><E76/><V18/><F135/><W132/><G132/><T28/><D0/><U2/><E66/><V101/><F120/><W122/><G122/><T34/><D34/><U7/><E7/><V89/><F40/><W105/><G105/><T46/><D94/><U114/><E114/><V20/><F96/><W1/><G1/><T42/><D42/><U81/><E81/><V55/><F32/><W131/><G131/><T91/><D28/><U123/><E123/><V48/><F55/><W95/><G22/><T126/><D23/><U36/><E36/><V106/><F106/><W75/><G30/><T19/><D126/><U16/><E26/><V72/><F72/><W21/><G21/><T130/><D130/><U77/><E77/><V70/><F70/><W71/><G75/><T69/><D78/><U5/><E5/><V62/><F62/><W79/><G79/><T99/><D99/><U15/><E98/><V10/><F54/><W27/><G27/><T33/><D33/><N who="1" m="20647" /><E100/><V97/><F97/><N who="3" m="57591" /><G65/><T111/><D69/><U83/><E83/><N who="2" m="49375" /><F31/><W3/><G3/><T59/><D59/><U47/><E47/><V6/><F6/><W35/><G35/><T14/><D14/><AGARI ba="0,0" hai="10,14,17,18,20,25,48,50,101,102,103" m="49375" machi="14" ten="30,3900,0" yaku="8,1,52,2" doraHai="44" who="2" fromWho="0" sc="189,-39,300,0,376,39,135,0" /><INIT seed="4,0,0,4,2,52" ten="150,300,415,135" oya="0" hai0="132,42,125,135,66,51,110,89,55,20,13,98,82" hai1="19,90,33,129,41,128,104,8,62,108,39,40,10" hai2="96,18,36,2,12,27,79,130,38,127,75,26,63" hai3="81,23,43,67,122,120,6,91,50,30,134,87,11"/><T131/><D110/><U61/><E104/><V25/><F2/><W21/><G134/><N who="0" m="51243" /><D66/><U117/><E117/><V24/><F130/><N who="1" m="50281" /><E33/><V49/><F127/><W28/><G67/><T17/><D131/><U57/><E108/><V58/><F49/><W44/><G23/><T31/><D31/><U32/><E32/><V16/><F79/><W72/><G72/><T116/><D116/><U80/><E62/><V107/><F75/><W15/><REACH who="3" step="1"/><G21/><REACH who="3" ten="150,300,415,125" step="2"/><T113/><D125/><U0/><E8/><V76/><F25/><W34/><G34/><T115/><D115/><U1/><E10/><V124/><F26/><W93/><G93/><N who="0" m="56623" /><D113/><U109/><E109/><V92/><F27/><W86/><G86/><T97/><D97/><U119/><E119/><V118/><F24/><W54/><G54/><T102/><D82/><U74/><E80/><V105/><F96/><W78/><G78/><T77/><D77/><U47/><E74/><V88/><F76/><W37/><G37/><T65/><D65/><N who="1" m="39087" /><E41/><V100/><F124/><W48/><G48/><T71/><D71/><U53/><E53/><V133/><F38/><W123/><AGARI ba="0,1" hai="6,11,15,28,30,43,44,50,81,87,91,120,122,123" machi="123" ten="30,4000,0" yaku="1,1,0,1,13,1,53,0" doraHai="52" doraHaiUra="29" who="3" fromWho="3" sc="150,-20,300,-10,415,-10,125,50" /><INIT seed="5,0,0,0,1,124" ten="130,290,405,175" oya="1" hai0="101,28,43,0,78,81,54,11,115,96,18,125,65" hai1="131,85,34,95,57,127,45,6,129,75,44,62,3" hai2="104,69,38,37,47,23,122,2,112,89,118,46,134" hai3="91,8,30,97,121,76,39,4,48,35,94,17,77"/><U98/><E75/><V107/><F2/><W117/><G121/><T36/><D125/><U56/><E127/><V22/><F122/><W100/><G39/><N who="2" m="14857" /><F89/><W120/><G120/><T128/><D115/><U113/><E34/><V133/><F69/><W90/><G117/><T64/><D28/><U10/><E85/><V67/><F67/><W61/><G17/><T135/><D135/><N who="2" m="51722" /><F118/><W1/><G35/><T82/><D54/><U51/><E113/><V130/><F130/><N who="1" m="49673" /><E62/><V93/><F93/><W55/><G61/><T70/><D70/><U31/><E31/><V123/><F123/><W49/><G30/><T41/><D128/><U88/><E45/><N who="2" m="16907" /><F112/><W60/><G60/><T12/><D36/><U20/><E20/><AGARI ba="0,0" hai="20,22,23,104,107" m="16907,51722,14857" machi="20" ten="40,5200,0" yaku="28,2,20,1" doraHai="124" who="2" fromWho="1" sc="130,0,290,-52,405,52,175,0" /><INIT seed="6,0,0,2,2,102" ten="130,238,457,175" oya="2" hai0="55,19,69,118,94,104,2,10,44,98,125,112,126" hai1="45,61,35,67,24,124,4,3,117,60,103,131,93" hai2="9,74,54,29,30,83,46,92,21,106,12,107,56" hai3="57,11,66,22,40,116,6,105,39,81,127,75,123"/><V84/><F74/><W128/><G22/><T119/><D69/><U59/><E117/><N who="0" m="44553" /><D112/><U97/><E124/><N who="0" m="47721" /><D44/><U27/><E131/><V111/><F92/><W18/><G128/><T71/><D71/><U1/><E35/><V85/><F85/><W99/><G57/><T42/><D42/><U132/><E132/><V28/><F21/><W135/><G135/><T34/><D55/><U82/><E82/><V68/><F68/><W96/><G66/><T49/><D49/><U15/><E61/><V8/><F8/><W25/><G40/><T134/><D34/><U129/><E129/><V121/><F46/><W65/><G65/><T23/><D134/><U41/><E3/><V73/><F56/><W51/><G51/><T120/><D120/><U95/><E1/><V87/><F54/><W17/><G123/><T63/><D63/><U38/><E38/><V31/><F121/><W101/><G39/><T53/><D53/><U133/><E133/><V37/><F37/><W90/><G116/><T110/><D110/><U76/><E45/><V86/><F111/><W70/><G70/><T16/><D23/><U48/><E48/><V26/><F73/><W88/><G75/><T0/><D104/><N who="1" m="63599" /><E41/><V20/><F106/><W113/><G105/><T115/><D115/><U62/><E60/><V78/><F107/><W91/><G113/><T64/><D64/><U79/><E67/><V89/><F20/><W100/><G127/><T14/><D19/><U72/><E62/><V52/><F52/><W108/><G18/><T32/><D32/><U5/><E59/><V122/><F122/><RYUUKYOKU ba="0,0" sc="130,30,238,-10,457,-10,175,-10" hai0="0,2,10,14,16,94,98" /><INIT seed="7,1,0,2,2,107" ten="160,228,447,165" oya="3" hai0="59,82,102,87,67,84,54,51,0,110,55,52,8" hai1="90,128,19,85,63,43,3,1,64,115,88,131,109" hai2="50,16,35,22,111,26,99,117,60,69,33,65,95" hai3="15,114,125,72,79,120,38,74,7,97,108,134,41"/><W32/><G32/><T77/><D110/><U39/><E109/><V36/><F36/><W103/><G108/><T9/><D0/><U119/><E115/><V27/><F117/><W23/><G120/><T45/><D102/><U98/><E119/><V86/><F86/><W101/><G79/><T123/><D123/><U6/><E19/><V18/><F50/><W106/><G103/><T124/><D124/><U121/><E121/><V37/><F37/><W94/><G106/><T25/><D25/><U57/><E6/><V91/><F111/><W5/><G114/><T44/><D87/><U46/><E98/><V73/><F73/><N who="3" m="28267" /><G41/><N who="0" m="24975" /><D45/><U130/><E90/><V104/><F104/><W78/><G38/><T53/><D67/><U129/><E129/><V105/><F105/><W133/><G125/><T62/><AGARI ba="1,0" hai="8,9,52,53,54,55,59,62,77,82,84" m="24975" machi="62" ten="30,2000,0" yaku="8,1,54,1" doraHai="107" who="0" fromWho="0" sc="160,23,228,-6,447,-6,165,-11" owari="183,-21.7,222,2.2,441,54.1,154,-34.6" /></mjloggm>