<mjloggm ver="2.3"><GO type="169" lobby="0"/><UN n0="%53%68%69%72%6C%65%79" n1="%E7%89%8C%E6%B5%81%E7%8A%B6%E6%85%8B%E9%BA%BB%E9%9B%80" n2="%E6%9C%AA%E6%9D%A5%E5%B0%91%E5%B9%B4" n3="%79%61%63%68%69%33%35%38" dan="16,16,16,16" rate="2068.84,2163.77,2168.48,2105.60" sx="M,M,F,M"/><TAIKYOKU oya="0"/><INIT seed="0,0,0,2,0,52" ten="250,250,250,250" oya="0" hai0="15,102,126,77,37,76,17,34,82,30,91,1,54" hai1="122,12,118,120,85,35,109,47,43,41,115,3,18" hai2="105,5,51,108,117,71,69,93,23,8,100,96,125" hai3="60,73,70,103,55,65,129,98,128,32,113,24,53"/><T10/><D126/><U86/><E118/><V27/><F125/><W56/><G73/><T45/><D102/><U127/><E3/><V75/><F75/><W104/><G113/><T49/><D37/><U44/><E127/><V21/><F108/><W9/><G9/><T134/><D1/><U133/><E35/><V135/><F135/><W88/><G88/><T131/><D131/><U132/><E12/><V16/><F117/><W78/><G78/><T114/><D134/><N who="1" m="51819" /><E18/><V31/><F51/><W110/><G110/><T90/><D114/><U28/><E28/><V59/><F105/><W48/><REACH who="3" step="1"/><G55/><REACH who="3" ten="250,250,250,240" step="2"/><T124/><D124/><U40/><E109/><V101/><F101/><W94/><G94/><T99/><D91/><U20/><E115/><V116/><F116/><W39/><G39/><T57/><D99/><U112/><E112/><V67/><F8/><W84/><G84/><N who="1" m="32362" /><E20/><V29/><F5/><W19/><G19/><T33/><D33/><U121/><AGARI ba="0,1" hai="40,41,43,44,47,120,121,122" m="32362,51819" machi="121" ten="40,5200,0" yaku="28,2,20,1" doraHai="52" who="1" fromWho="1" sc="250,-26,250,62,250,-13,240,-13" /><INIT seed="1,0,0,3,4,19" ten="224,312,237,227" oya="1" hai0="57,53,5,33,115,85,67,61,131,58,54,69,12" hai1="112,21,71,76,3,127,89,92,62,4,25,41,52" hai2="104,84,96,93,121,38,15,30,114,78,86,83,44" hai3="28,55,120,79,113,122,105,80,63,95,35,39,74"/><U0/><E112/><V10/><F121/><W133/><G113/><T20/><D115/><U118/><E118/><V135/><F114/><W34/><G95/><T6/><D33/><N who="3" m="12297" /><G55/><T7/><D131/><U13/><E127/><V134/><F104/><W119/><G28/><T32/><D32/><U46/><E76/><V110/><F30/><W43/><G119/><T116/><D116/><U47/><E13/><V102/><F110/><W75/><G133/><N who="2" m="50697" /><F38/><W27/><G27/><T117/><D117/><U24/><E24/><V128/><F44/><N who="3" m="23679" /><G63/><T107/><D85/><U70/><E4/><N who="2" m="3527" /><F128/><W68/><G68/><T14/><D107/><U88/><E71/><V125/><F125/><W126/><G126/><T90/><D90/><U66/><E89/><V103/><F84/><W87/><G87/><T123/><D123/><N who="3" m="47145" /><G74/><T37/><D37/><U48/><E46/><V98/><F98/><W60/><G60/><T130/><D130/><U9/><E41/><V40/><F40/><W100/><G100/><AGARI ba="0,0" hai="78,83,86,93,96,100,102,103" m="3527,50697" machi="100" ten="30,1000,0" yaku="20,1" doraHai="19" who="2" fromWho="3" sc="224,0,312,0,237,10,227,-10" /><INIT seed="2,0,0,2,3,96" ten="224,312,247,217" oya="2" hai0="91,6,56,125,43,135,24,7,62,53,130,32,121" hai1="25,4,1,52,36,123,119,82,34,65,11,0,21" hai2="93,33,71,69,117,44,89,59,13,29,47,78,14" hai3="74,101,57,31,8,134,79,124,23,126,46,128,10"/><V127/><F117/><W133/><G46/><T94/><D121/><U22/><E119/><V45/><F127/><N who="3" m="48683" /><G57/><T115/><D115/><U92/><E123/><V84/><F78/><W107/><G31/><T95/><D95/><U122/><E122/><V2/><F2/><W77/><G23/><T120/><D125/><U85/><E36/><V61/><F33/><W88/><G107/><T113/><D113/><U129/><E129/><V50/><F29/><W87/><G101/><T104/><D130/><U103/><E65/><V114/><F114/><W58/><G128/><T38/><D104/><U108/><E0/><V26/><F26/><W90/><G58/><T12/><D120/><U5/><E34/><V41/><F71/><W40/><G40/><T83/><D43/><U75/><E25/><V110/><F69/><W18/><G18/><T3/><D3/><U86/><E22/><V111/><F45/><W100/><G100/><T42/><D42/><U51/><E21/><V20/><F47/><W63/><G63/><T15/><D62/><U60/><E60/><V80/><F20/><W72/><G79/><T19/><D32/><U28/><E28/><V30/><F30/><W76/><G76/><T55/><D24/><U67/><E67/><N who="2" m="39359" /><F93/><W118/><G118/><T132/><D94/><U73/><E1/><V131/><F131/><W39/><G39/><T112/><D38/><U97/><E92/><V64/><F64/><W54/><G77/><T98/><D112/><U109/><E97/><V16/><F16/><W99/><G10/><T9/><D9/><U37/><E11/><RYUUKYOKU ba="0,0" sc="224,-10,312,-10,247,30,217,-10" hai2="13,14,41,44,50,80,84,89,110,111" /><INIT seed="2,1,0,3,2,116" ten="214,302,277,207" oya="2" hai0="127,30,67,131,107,102,25,62,120,125,41,39,31" hai1="40,5,1,56,117,134,122,74,4,83,47,81,106" hai2="0,52,118,33,135,78,38,92,121,44,104,73,105" hai3="133,95,96,68,42,59,103,54,50,123,130,16,23"/><V19/><F92/><W88/><G133/><T114/><D114/><U100/><E117/><V51/><F118/><W99/><G130/><T34/><D131/><U76/><E134/><V13/><F0/><W55/><G68/><T36/><D31/><U22/><E83/><V110/><F135/><W32/><G32/><T101/><D101/><U24/><E56/><V91/><F33/><W45/><G123/><T79/><D79/><U69/><E69/><V3/><F121/><W29/><G29/><T115/><D115/><U18/><E122/><V97/><F3/><W66/><G66/><T89/><D89/><U8/><E4/><V10/><F38/><W46/><G55/><T119/><D119/><U58/><E58/><V75/><F110/><W35/><G35/><T84/><D84/><U64/><E64/><V113/><F113/><W90/><G90/><T63/><D63/><U86/><E86/><V11/><F11/><W129/><G129/><T132/><D132/><U124/><E124/><N who="0" m="47689" /><D41/><U71/><E71/><V9/><F78/><W61/><G46/><T70/><D120/><U17/><E100/><V7/><F91/><W57/><G57/><T20/><D20/><U112/><E112/><V6/><F10/><W37/><G103/><T12/><D12/><U93/><E106/><N who="2" m="41067" /><F97/><AGARI ba="1,0" hai="25,30,34,36,39,62,67,70,97,102,107" m="47689" machi="97" ten="30,3900,0" yaku="25,1,18,1,23,1" doraHai="116" who="0" fromWho="2" sc="214,42,302,0,277,-42,207,0" /><INIT seed="3,0,0,4,1,114" ten="256,302,235,207" oya="3" hai0="6,119,65,93,64,4,44,89,131,96,97,2,48" hai1="60,68,30,22,39,49,120,15,125,9,43,80,13" hai2="45,124,25,87,115,8,101,75,84,133,54,105,99" hai3="113,24,112,135,37,121,36,78,70,28,83,106,16"/><W61/><G121/><T129/><D97/><U57/><E120/><V110/><F115/><W34/><G16/><T46/><D46/><U132/><E132/><V104/><F133/><W134/><G106/><T5/><D2/><U130/><E130/><N who="0" m="49673" /><D119/><U74/><E125/><V118/><F118/><W58/><G135/><T123/><D123/><U18/><E39/><N who="3" m="14922" /><G58/><T42/><AGARI ba="0,0" hai="4,5,6,42,44,48,64,65,89,93,96" m="49673" machi="42" ten="30,1100,0" yaku="19,1" doraHai="114" who="0" fromWho="0" sc="256,11,302,-3,235,-3,207,-5" /><INIT seed="4,0,0,3,2,62" ten="267,299,232,202" oya="0" hai0="35,70,82,114,21,68,18,58,92,27,67,37,106" hai1="12,20,123,66,71,91,81,42,54,98,75,102,100" hai2="73,10,130,61,55,99,56,51,30,78,135,7,128" hai3="83,116,104,39,103,60,120,26,44,115,57,45,50"/><T24/><D114/><U8/><E123/><V22/><F135/><W89/><G116/><T19/><D106/><U84/><E75/><V13/><F73/><W59/><G115/><T2/><D2/><U17/><E42/><V90/><F78/><W131/><G131/><N who="2" m="50217" /><F51/><W28/><G103/><T40/><D82/><U117/><E117/><V88/><F99/><W86/><G104/><T41/><D92/><U126/><E126/><V52/><F55/><N who="3" m="31991" /><G39/><T32/><D58/><U16/><E54/><V74/><F74/><W77/><G120/><T79/><D79/><U107/><E102/><V93/><F93/><N who="3" m="54455" /><G26/><AGARI ba="0,0" hai="7,10,13,22,26,30,52,56,61,88,90" m="50217" machi="26" ten="30,3900,0" yaku="19,1,54,2" doraHai="62" who="2" fromWho="3" sc="267,0,299,0,232,39,202,-39" /><INIT seed="5,0,0,1,5,0" ten="267,299,271,163" oya="1" hai0="118,7,57,33,102,91,135,74,70,12,52,115,80" hai1="123,56,4,132,122,108,29,131,21,25,81,31,17" hai2="22,124,20,24,95,54,19,69,36,86,37,94,110" hai3="35,113,114,116,77,107,101,5,128,48,46,99,109"/><U41/><E41/><V13/><F110/><W66/><G109/><T39/><D118/><U120/><E108/><V121/><F121/><W64/><G35/><T92/><D70/><U47/><E47/><V87/><F69/><W2/><G128/><T76/><D115/><U15/><E56/><V9/><F124/><W28/><G116/><T62/><D135/><U40/><E40/><V112/><F112/><N who="3" m="43115" /><G77/><T61/><D39/><U79/><E131/><V73/><F73/><W67/><G28/><T32/><D102/><U23/><E132/><V58/><F36/><W98/><G101/><T125/><D125/><U71/><E71/><V59/><F22/><W60/><G60/><T117/><D62/><U11/><REACH who="1" step="1"/><E23/><REACH who="1" ten="267,289,271,163" step="2"/><V6/><F59/><W104/><G46/><T93/><D117/><U89/><E89/><V105/><F37/><W38/><G38/><T97/><D32/><U78/><E78/><V111/><F111/><W42/><G42/><T30/><D33/><U82/><E82/><V106/><F58/><W72/><G48/><T53/><D76/><U34/><E34/><V96/><F54/><W10/><G72/><AGARI ba="0,1" hai="4,11,15,17,21,25,29,31,72,79,81,120,122,123" machi="72" ten="40,3900,0" yaku="1,1,52,1,53,0" doraHai="0" doraHaiUra="83" who="1" fromWho="3" sc="267,0,289,49,271,0,163,-39" /><INIT seed="5,1,0,3,5,15" ten="267,338,271,124" oya="1" hai0="75,115,41,135,35,62,46,94,4,134,87,24,108" hai1="42,49,68,117,96,105,8,110,127,133,104,93,17" hai2="78,32,128,106,20,69,14,120,45,36,10,65,22" hai3="44,60,31,80,111,48,64,132,38,72,123,9,118"/><U74/><E117/><V7/><F120/><W82/><G31/><T88/><D108/><U27/><E74/><V33/><F106/><W98/><G98/><T43/><D115/><U109/><E68/><V53/><F128/><W126/><G80/><T6/><D75/><U92/><E133/><N who="0" m="50697" /><D62/><U63/><E63/><V113/><F78/><W2/><G82/><T0/><D0/><U57/><E127/><V121/><F121/><W37/><G60/><T1/><D1/><U28/><E93/><V129/><F129/><W47/><G64/><T103/><D103/><U21/><E8/><V101/><F65/><W91/><G47/><T125/><D125/><U107/><E28/><V112/><F69/><W52/><G44/><T83/><D43/><U67/><E67/><V70/><F70/><W85/><G52/><T114/><D114/><N who="2" m="44138" /><F101/><W130/><G48/><N who="0" m="26703" /><D83/><U77/><E42/><N who="2" m="22727" /><F53/><W124/><G126/><T11/><D11/><U13/><E110/><V95/><F95/><W119/><G124/><T59/><D59/><U55/><E109/><V122/><F122/><W34/><G111/><T76/><D76/><U29/><E77/><V86/><F86/><W99/><G123/><T102/><D102/><U3/><E107/><V19/><F20/><W50/><G72/><T25/><D35/><N who="1" m="20927" /><E105/><V5/><F5/><AGARI ba="1,0" hai="4,5,6,24,25,87,88,94" m="26703,50697" machi="5" ten="30,2000,0" yaku="20,1,54,1" doraHai="15" who="0" fromWho="2" sc="267,23,338,0,271,-23,124,0" /><INIT seed="6,0,0,4,2,31" ten="290,338,248,124" oya="2" hai0="49,5,3,58,71,77,116,43,123,122,83,72,54" hai1="68,102,117,38,26,22,11,81,108,103,88,95,46" hai2="48,30,60,67,70,53,110,6,29,9,47,45,20" hai3="52,36,114,134,59,106,94,91,19,8,13,1,125"/><V0/><F110/><W15/><G106/><T105/><D71/><U82/><E108/><V101/><F101/><W99/><G36/><T86/><D105/><U23/><E68/><V76/><F76/><W56/><G125/><T111/><D111/><U44/><E117/><V7/><F7/><W4/><G134/><T121/><D116/><U64/><E64/><V21/><REACH who="2" step="1"/><F47/><REACH who="2" ten="290,338,238,124" step="2"/><W96/><G114/><T12/><D5/><U28/><E103/><V42/><F42/><W39/><G39/><T66/><D43/><U57/><E102/><V51/><F51/><W92/><G56/><T2/><D49/><U112/><E112/><V98/><F98/><W41/><G41/><T133/><D58/><U132/><E57/><V37/><F37/><W90/><REACH who="3" step="1"/><G19/><REACH who="3" ten="290,338,238,114" step="2"/><T126/><D122/><U80/><E38/><V128/><F128/><W16/><G16/><T55/><D123/><U115/><E115/><V74/><F74/><W85/><G85/><T79/><D86/><U118/><E46/><V14/><F14/><W97/><G97/><T127/><D12/><U33/><E44/><V130/><F130/><W131/><G131/><T69/><D72/><U34/><E118/><V63/><F63/><AGARI ba="0,2" hai="1,4,8,13,15,52,59,63,90,91,92,94,96,99" machi="63" ten="30,7700,0" yaku="1,1,7,1,9,1,54,1,53,0" doraHai="31" doraHaiUra="119" who="3" fromWho="2" sc="290,0,338,0,238,-77,114,97" /><INIT seed="7,0,0,3,3,60" ten="290,338,161,211" oya="3" hai0="23,94,22,92,134,67,95,8,73,20,99,19,38" hai1="12,47,79,82,124,11,65,46,45,33,32,18,126" hai2="25,109,64,9,105,114,87,78,35,40,127,2,100" hai3="117,62,52,15,83,119,102,128,85,108,93,72,112"/><W104/><G112/><T39/><D73/><N who="1" m="43375" /><E65/><V81/><F109/><W57/><G128/><T53/><D134/><U50/><E50/><V66/><F114/><W30/><G108/><T16/><D53/><U6/><E6/><V43/><F127/><AGARI ba="0,0" hai="11,12,18,32,33,45,46,47,124,126,127" m="43375" machi="127" ten="30,1000,0" yaku="18,1" doraHai="60" who="1" fromWho="2" sc="290,0,338,10,161,-10,211,0" owari="290,9.0,348,44.8,151,-34.9,211,-18.9" /></mjloggm>