<mjloggm ver="2.3"><GO type="169" lobby="0"/><UN n0="%6B%75%73%73%79" n1="%E3%83%8F%E3%82%AC%E3%82%BF%E3%82%AB%E3%81%AE%E3%81%88%E3%81%98%E3%81%8D" n2="%E3%83%A9%E3%83%A0%E3%83%9E%E3%82%B8%E5%A4%A9%E4%BD%BF" n3="%E3%83%95%E3%82%AF%E3%83%80%E3%83%B3%E3%83%81%E3%83%A7" dan="17,17,17,16" rate="2182.65,2163.83,2186.93,2146.74" sx="M,M,M,M"/><TAIKYOKU oya="0"/><INIT seed="0,0,0,5,3,65" ten="250,250,250,250" oya="0" hai0="30,96,12,10,28,63,117,114,78,95,124,91,59" hai1="68,88,109,18,131,57,23,94,129,58,69,25,70" hai2="71,2,82,81,22,98,26,133,50,48,52,1,118" hai3="75,47,61,66,86,105,20,43,111,39,37,42,17"/><T126/><D114/><U53/><E109/><V127/><F133/><W72/><G111/><T128/><D117/><U130/><REACH who="1" step="1"/><E53/><REACH who="1" ten="250,240,250,250" step="2"/><V44/><F118/><W108/><G108/><T90/><D128/><U134/><E134/><V119/><F119/><W9/><G42/><T6/><D124/><U0/><E0/><V64/><F127/><W16/><G43/><T89/><D126/><U84/><AGARI ba="0,1" hai="18,23,25,57,58,68,69,70,84,88,94,129,130,131" machi="84" ten="40,16000,3" yaku="1,1,0,1,19,1,52,3,54,1,53,1" doraHai="65" doraHaiUra="83" who="1" fromWho="1" sc="250,-80,240,170,250,-40,250,-40" /><INIT seed="1,0,0,1,2,42" ten="170,410,210,210" oya="1" hai0="50,35,19,8,47,111,59,108,88,119,134,15,100" hai1="90,69,4,103,107,68,80,117,18,101,109,70,13" hai2="21,39,3,27,78,6,79,71,1,58,49,105,95" hai3="11,26,72,55,40,113,64,37,77,29,20,17,67"/><U41/><E117/><V2/><F105/><W125/><G113/><T122/><D119/><U81/><E109/><N who="0" m="42057" /><D35/><U54/><E41/><V36/><F71/><W84/><G72/><T96/><D134/><U5/><E54/><V82/><F6/><W16/><G125/><T120/><D59/><U31/><E31/><V48/><F95/><W127/><G127/><T92/><D100/><U32/><E32/><V44/><F58/><W24/><G17/><T102/><D102/><U33/><E33/><V76/><F82/><W12/><G26/><T23/><D23/><U73/><E73/><V60/><F60/><W22/><G22/><T25/><D25/><U14/><E70/><V85/><F85/><W9/><G9/><T7/><D7/><U46/><E18/><V110/><F110/><W10/><G10/><T124/><D124/><U91/><E107/><V106/><F106/><W45/><REACH who="3" step="1"/><G55/><AGARI ba="0,0" hai="8,15,19,47,50,55,88,92,96,120,122" m="42057" machi="55" ten="30,3900,0" yaku="14,1,52,1,54,1" doraHai="42" who="0" fromWho="3" sc="170,39,410,0,210,0,210,-39" /><INIT seed="2,0,0,0,2,97" ten="209,410,210,171" oya="2" hai0="41,116,84,4,10,82,131,40,73,86,87,1,11" hai1="92,106,83,95,114,89,125,19,2,15,44,42,110" hai2="63,96,130,133,74,78,75,49,61,99,43,69,121" hai3="30,5,54,60,8,22,108,18,120,66,13,76,118"/><V129/><F121/><W67/><G108/><T57/><D131/><N who="2" m="50186" /><F78/><W70/><G118/><T36/><D116/><U111/><E2/><V100/><F133/><W29/><G120/><T55/><D11/><U50/><E106/><N who="2" m="63751" /><F99/><W17/><G67/><T117/><D117/><U64/><E114/><V6/><F6/><W112/><G112/><T31/><D31/><U77/><E125/><V33/><F33/><W91/><G76/><T93/><D36/><U90/><E64/><N who="2" m="41103" /><F63/><W3/><G54/><T26/><D73/><N who="2" m="27658" /><F49/><W65/><G65/><T21/><D82/><U24/><E24/><V34/><F34/><W37/><G37/><T113/><D113/><U107/><E107/><V53/><F53/><W56/><G56/><T72/><D72/><U58/><E58/><V79/><F79/><W127/><G91/><T27/><D93/><N who="1" m="35915" /><E90/><V119/><F119/><W28/><REACH who="3" step="1"/><G18/><REACH who="3" ten="209,410,210,161" step="2"/><T103/><D55/><U102/><E77/><V25/><F43/><W46/><G46/><T9/><D57/><U45/><E45/><V123/><F123/><W7/><G7/><T14/><D41/><U115/><E42/><V12/><F12/><W126/><AGARI ba="0,1" hai="3,5,8,13,17,22,28,29,30,60,66,70,126,127" machi="126" ten="30,2000,0" yaku="1,1,0,1,53,0" doraHai="97" doraHaiUra="98" who="3" fromWho="3" sc="209,-5,410,-5,210,-10,161,30" /><INIT seed="3,0,0,3,2,122" ten="204,405,200,191" oya="3" hai0="98,0,26,68,121,79,118,58,85,6,123,4,99" hai1="38,77,49,100,91,106,78,21,59,35,9,130,132" hai2="41,12,29,23,27,95,86,37,97,10,19,126,114" hai3="128,44,52,113,18,117,43,60,14,1,115,102,111"/><W36/><G117/><T96/><D68/><U75/><E35/><V15/><F114/><W61/><G1/><T46/><D118/><U17/><E38/><V34/><F126/><W110/><G102/><T127/><D127/><U105/><E130/><V57/><F86/><W109/><G128/><T24/><D46/><U71/><E71/><V25/><F57/><N who="3" m="34855" /><G61/><T50/><D50/><U64/><E100/><V89/><F41/><W65/><G65/><T135/><D58/><U72/><E64/><V129/><F37/><W62/><G62/><T87/><D79/><U2/><E59/><V93/><F129/><W108/><N who="3" m="27648" /><DORA hai="74" /><W16/><G16/><T11/><D135/><U39/><E2/><V42/><F42/><W134/><G134/><T28/><D4/><U13/><E17/><V53/><F53/><W101/><G101/><T125/><D125/><U3/><E3/><V67/><F67/><W116/><G116/><T80/><D121/><U30/><E132/><V84/><F10/><AGARI ba="0,0" hai="10,14,18,36,43,44,113,115" m="27648,34855" machi="10" ten="60,18000,2" yaku="14,1,10,1,52,4,54,1" doraHai="122,74" who="3" fromWho="2" sc="204,0,405,0,200,-180,191,180" /><INIT seed="3,1,0,3,4,126" ten="204,405,20,371" oya="3" hai0="129,10,63,114,110,74,3,39,89,92,95,72,14" hai1="71,103,21,41,52,99,35,26,59,77,128,8,102" hai2="117,37,119,76,12,34,135,90,60,16,75,87,84" hai3="85,40,53,94,42,50,25,111,30,93,65,6,15"/><W48/><G111/><T100/><D3/><U133/><E71/><V27/><F37/><W112/><G112/><T2/><D2/><U1/><E35/><V123/><F135/><W46/><G65/><T23/><D39/><U51/><E133/><V109/><F123/><W66/><G66/><T121/><D121/><U67/><E77/><V0/><F109/><W88/><G93/><T113/><D110/><U104/><E103/><V20/><F0/><W32/><REACH who="3" step="1"/><G50/><REACH who="3" ten="204,405,20,361" step="2"/><T44/><D95/><U82/><E67/><V73/><F119/><W81/><G81/><T79/><D92/><U124/><E82/><V13/><F117/><W56/><G56/><T122/><D122/><U68/><E59/><V97/><F60/><W45/><G45/><T131/><D44/><U19/><E51/><V4/><F75/><W57/><G57/><T115/><D63/><U78/><E124/><V108/><F73/><W54/><G54/><T130/><D74/><U70/><E70/><V47/><BYE who="1" /><F108/><UN n1="%E3%83%8F%E3%82%AC%E3%82%BF%E3%82%AB%E3%81%AE%E3%81%88%E3%81%98%E3%81%8D" /><W96/><G96/><T86/><D72/><U116/><E99/><V69/><F47/><W11/><AGARI ba="1,1" hai="6,11,15,25,30,32,40,42,46,48,53,85,88,94" machi="11" ten="30,6000,0" yaku="1,1,0,1,54,1,53,0" doraHai="126" doraHaiUra="101" who="3" fromWho="3" sc="204,-21,405,-21,20,-21,361,73" owari="183,-21.7,384,18.4,-1,-50.1,434,53.4" /></mjloggm>