<mjloggm ver="2.3"><GO type="169" lobby="0"/><UN n0="%E7%88%86%E7%89%8C%E3%82%A6%E3%82%B7%E3%82%B8%E3%83%9E%E3%81%8F%E3%82%93" n1="%E9%95%B7%E5%B2%A1" n2="%E3%82%A2%E3%83%AC%E3%82%88%E3%80%81%E3%82%A2%E3%83%AC%E3%82%A2%E3%83%AC" n3="%73%6F%61%6F" dan="19,16,16,16" rate="2243.40,2122.35,2103.51,2129.31" sx="M,M,M,M"/><TAIKYOKU oya="0"/><INIT seed="0,0,0,2,1,25" ten="250,250,250,250" oya="0" hai0="1,11,114,72,102,52,23,126,54,44,8,76,49" hai1="117,51,36,21,9,113,41,24,91,106,45,93,32" hai2="18,66,29,131,39,125,83,73,87,30,111,69,85" hai3="115,3,34,75,48,27,14,5,129,47,107,121,105"/><T64/><D114/><U108/><E117/><V50/><F39/><W46/><G115/><T59/><D126/><U57/><E113/><V40/><F125/><W60/><G129/><T86/><D72/><U12/><E106/><V110/><F131/><W116/><G75/><T109/><D1/><U128/><E32/><V58/><F69/><W118/><G3/><T95/><D64/><U65/><E108/><N who="2" m="41515" /><F18/><W124/><G124/><T63/><D109/><U55/><E128/><V67/><F73/><W82/><G82/><N who="0" m="47431" /><D23/><U62/><E9/><V35/><F35/><W17/><G121/><T38/><D38/><U15/><E24/><V92/><F92/><W84/><G5/><T4/><D4/><U132/><E21/><V98/><F98/><AGARI ba="0,0" hai="8,11,44,49,52,54,59,63,95,98,102" m="47431" machi="98" ten="30,2900,0" yaku="8,1,54,1" doraHai="25" who="0" fromWho="2" sc="250,29,250,0,250,-29,250,0" /><INIT seed="0,1,0,0,4,59" ten="279,250,221,250" oya="0" hai0="65,82,47,20,134,127,102,40,97,83,78,109,115" hai1="25,49,63,62,30,100,13,38,29,44,90,73,57" hai2="17,76,89,22,94,110,132,118,35,51,41,43,9" hai3="133,117,135,116,46,113,3,27,19,31,120,122,21"/><T85/><D115/><U107/><E73/><V131/><F35/><W70/><G70/><T124/><D65/><U54/><E107/><V34/><F34/><N who="3" m="20863" /><G3/><T126/><D134/><N who="3" m="51209" /><G46/><T66/><D66/><U48/><E100/><V50/><F110/><W7/><G7/><T45/><D109/><U104/><E104/><V5/><F131/><W111/><G111/><T11/><D20/><U87/><E13/><V52/><F76/><W112/><G21/><T125/><D125/><U101/><E101/><V55/><F118/><N who="3" m="45675" /><G19/><T114/><D45/><U74/><E38/><V28/><F28/><W36/><G36/><T91/><D11/><U26/><E30/><V130/><F130/><W10/><G10/><T77/><D47/><U119/><E74/><V12/><F132/><W14/><G14/><T1/><D40/><N who="1" m="24583" /><E29/><V92/><F41/><W39/><G39/><T61/><D1/><U84/><E119/><V93/><F43/><W23/><G23/><T42/><D42/><U15/><E15/><V129/><F129/><W16/><G16/><T103/><D127/><U108/><E108/><V79/><F9/><W98/><G98/><T68/><D97/><U80/><E84/><V8/><F8/><W99/><G99/><T88/><D85/><U64/><E64/><V60/><F5/><W37/><G37/><T105/><D105/><U24/><AGARI ba="1,0" hai="24,25,26,49,54,57,62,63,80,87,90" m="24583" machi="24" ten="30,4000,0" yaku="8,1,52,2" doraHai="59" who="1" fromWho="1" sc="279,-21,250,43,221,-11,250,-11" /><INIT seed="1,0,0,0,4,104" ten="258,293,210,239" oya="1" hai0="39,2,101,18,96,86,100,28,91,32,38,36,122" hai1="82,74,54,7,12,85,132,92,77,107,31,93,79" hai2="95,112,53,67,59,130,88,105,102,72,103,55,98" hai3="66,57,99,134,81,61,45,20,129,41,30,94,33"/><U1/><E132/><V110/><F110/><W135/><G129/><T58/><D2/><U11/><E107/><V9/><F130/><W10/><G33/><T90/><D122/><U8/><E31/><V42/><F112/><W56/><G10/><T43/><D43/><U48/><E79/><V71/><F71/><W128/><G128/><T121/><D121/><U114/><E114/><V49/><F67/><W16/><G30/><T27/><D18/><U87/><E87/><V14/><F42/><W106/><G56/><T29/><D29/><U89/><E93/><V0/><F0/><W17/><G81/><T113/><D113/><U60/><E60/><N who="2" m="35951" /><F72/><W69/><G69/><T73/><D73/><U22/><E22/><V5/><F105/><W124/><G124/><T119/><D119/><U83/><E92/><V68/><F68/><W24/><G106/><T63/><D96/><U108/><E108/><V44/><AGARI ba="0,0" hai="5,9,14,44,49,55,88,95,98,102,103" m="35951" machi="44" ten="30,2000,0" yaku="8,1,54,1" doraHai="104" who="2" fromWho="2" sc="258,-5,293,-10,210,20,239,-5" /><INIT seed="2,0,0,2,5,71" ten="253,283,230,234" oya="2" hai0="124,74,100,83,113,14,62,16,95,99,82,78,114" hai1="1,121,34,38,127,103,46,87,56,19,42,2,132" hai2="111,47,32,117,12,75,91,80,94,39,128,66,126" hai3="104,119,6,93,10,24,120,68,102,18,60,49,35"/><V81/><F117/><W98/><G119/><T77/><D124/><U44/><E34/><V123/><F123/><W43/><G120/><T57/><D57/><U58/><E121/><V116/><F116/><W61/><G104/><T90/><D62/><U17/><E132/><V9/><F32/><W97/><G68/><T89/><D89/><U54/><E103/><V48/><F126/><W23/><G35/><T125/><D125/><U41/><E127/><V70/><F128/><W76/><G76/><T53/><D53/><U86/><REACH who="1" step="1"/><E54/><REACH who="1" ten="253,273,230,234" step="2"/><V8/><F111/><W110/><G110/><T65/><D100/><U3/><E3/><V25/><F66/><W112/><G112/><T135/><D65/><U33/><E33/><V27/><F70/><W36/><G102/><T22/><REACH who="0" step="1"/><D135/><REACH who="0" ten="243,273,230,234" step="2"/><U30/><E30/><V115/><F115/><W69/><G69/><T73/><AGARI ba="0,2" hai="14,16,22,73,74,77,78,82,83,90,95,99,113,114" machi="73" ten="20,12000,2" yaku="1,1,2,1,0,1,7,1,9,1,54,1,53,0" doraHai="71" doraHaiUra="20" who="0" fromWho="0" sc="243,140,273,-30,230,-60,234,-30" /><INIT seed="3,0,0,4,4,128" ten="383,243,170,204" oya="3" hai0="109,86,6,46,129,32,24,88,34,62,9,26,83" hai1="101,36,90,33,104,65,80,94,127,52,3,133,18" hai2="2,44,35,118,25,58,69,115,41,31,71,37,82" hai3="135,20,10,66,107,64,45,100,5,8,79,114,4"/><W22/><G107/><T38/><D129/><U13/><E3/><V39/><F118/><W84/><G114/><T132/><D109/><U54/><E33/><V97/><F115/><W116/><G100/><T98/><D132/><U106/><E36/><V12/><F2/><W134/><G116/><T15/><D62/><U21/><E127/><V120/><F120/><W130/><G130/><T112/><D112/><U117/><E117/><V123/><F123/><W60/><G45/><T110/><D110/><U92/><E65/><V1/><F1/><W124/><G124/><T11/><D11/><U96/><E133/><N who="3" m="50698" /><G84/><T67/><D46/><U121/><E121/><V75/><F97/><W14/><G79/><T122/><D98/><U68/><E68/><V55/><F69/><N who="3" m="42119" /><G66/><T125/><D67/><U77/><E90/><V47/><F71/><W59/><G59/><T48/><D86/><U0/><E92/><V72/><F58/><W53/><G53/><T16/><D88/><U23/><E106/><V49/><F39/><W42/><G42/><T74/><D38/><U111/><E104/><V103/><F103/><W113/><G113/><T85/><D85/><N who="1" m="48271" /><E111/><V108/><F82/><W87/><G87/><T73/><D83/><U43/><E43/><V29/><F108/><W56/><G56/><T78/><D78/><U63/><E63/><V81/><F81/><W61/><G61/><T28/><D125/><U17/><E0/><AGARI ba="0,0" hai="0,4,5,8,10,14,20,22" m="42119,50698" machi="0" ten="30,11600,0" yaku="20,1,52,3" doraHai="128" who="3" fromWho="1" sc="383,0,243,-116,170,0,204,116" /><INIT seed="3,1,0,5,4,127" ten="383,127,170,320" oya="3" hai0="10,28,78,55,133,32,107,82,59,88,49,131,126" hai1="128,53,20,109,66,38,125,57,27,103,122,44,5" hai2="51,56,102,62,85,43,72,79,18,132,73,96,104" hai3="121,112,123,129,99,76,30,87,81,21,26,63,12"/><W52/><G112/><T2/><D126/><U100/><E125/><V130/><F132/><W16/><G129/><T75/><D133/><U84/><E122/><V33/><F33/><W98/><G123/><T65/><D107/><U105/><E109/><V54/><F130/><W68/><G121/><T64/><D131/><U70/><E5/><V74/><F85/><W7/><G7/><T86/><D2/><U37/><E128/><V41/><F79/><W118/><G118/><T4/><D4/><U110/><E110/><V93/><F104/><W17/><G17/><T80/><REACH who="0" step="1"/><D10/><REACH who="0" ten="373,127,170,320" step="2"/><U71/><E105/><V69/><F18/><W40/><G40/><T90/><D90/><U89/><E103/><V36/><F43/><W108/><G108/><T8/><D8/><U22/><E100/><V124/><F124/><W135/><G135/><T34/><D34/><U106/><E106/><V83/><F41/><W29/><G68/><T24/><AGARI ba="1,1" hai="24,28,32,49,55,59,64,65,75,78,80,82,86,88" machi="24" ten="30,4000,0" yaku="1,1,0,1,54,1,53,0" doraHai="127" doraHaiUra="117" who="0" fromWho="0" sc="373,53,127,-11,170,-11,320,-21" /><INIT seed="4,0,0,0,2,24" ten="426,116,159,299" oya="0" hai0="81,113,91,103,65,27,17,109,129,134,132,12,106" hai1="31,107,60,5,124,71,45,86,59,115,79,3,117" hai2="43,8,120,51,78,13,75,29,95,126,40,70,68" hai3="37,76,53,32,133,89,25,131,105,62,30,127,20"/><T0/><D0/><U15/><E117/><V96/><F120/><W82/><G105/><T22/><D113/><U128/><E107/><V14/><F126/><W73/><G37/><T74/><D129/><U116/><E116/><V55/><F13/><W52/><G127/><T104/><D109/><U33/><E124/><V122/><F122/><W47/><G133/><T123/><D65/><U119/><E119/><V54/><F54/><W85/><G131/><T9/><D123/><U92/><E71/><V72/><F68/><W19/><G62/><T36/><D36/><U102/><E128/><V99/><F70/><W46/><G46/><T4/><D91/><U11/><E115/><V58/><F96/><W125/><G47/><T16/><D17/><U67/><E45/><V26/><F78/><W97/><G97/><T10/><D10/><U64/><E102/><V101/><F72/><W63/><G63/><T18/><D18/><U38/><E38/><V28/><F75/><W6/><G6/><T1/><D1/><U77/><E67/><V49/><F49/><W57/><G57/><T66/><D66/><U88/><REACH who="1" step="1"/><E15/><REACH who="1" ten="426,106,159,299" step="2"/><V41/><REACH who="2" step="1"/><F26/><AGARI ba="0,1" hai="3,5,11,26,31,33,59,60,64,77,79,86,88,92" machi="26" ten="40,8000,1" yaku="1,1,2,1,52,1,54,1,53,0" doraHai="24" doraHaiUra="118" who="1" fromWho="2" sc="426,0,106,90,159,-80,299,0" /><INIT seed="5,0,0,2,0,63" ten="426,196,79,299" oya="1" hai0="128,4,20,5,96,71,124,119,29,0,26,70,22" hai1="44,135,30,65,133,109,42,39,54,12,9,25,61" hai2="55,83,97,52,33,100,80,28,73,123,74,126,116" hai3="104,45,86,98,47,89,67,21,77,69,79,48,110"/><U1/><E109/><V102/><F116/><W64/><G110/><T112/><D119/><U114/><E114/><V117/><F117/><W19/><G69/><T92/><D112/><U127/><E127/><V49/><F123/><W121/><G104/><T132/><D124/><U130/><E130/><V99/><F126/><W131/><G131/><T27/><D128/><U75/><E75/><V10/><F10/><W60/><G60/><T115/><D115/><U106/><E106/><BYE who="1" /><V85/><F28/><UN n1="%E9%95%B7%E5%B2%A1" /><W53/><G45/><T7/><D0/><U34/><E54/><V129/><F129/><W90/><G98/><T94/><D132/><U13/><E1/><V122/><F122/><W66/><G121/><T134/><D134/><N who="1" m="51211" /><E9/><V78/><F33/><W15/><G90/><T111/><D111/><U57/><AGARI ba="0,0" hai="12,13,25,30,34,39,42,44,57,61,65" m="51211" machi="57" ten="30,3000,0" yaku="20,1,52,1" doraHai="63" who="1" fromWho="1" sc="426,-10,196,30,79,-10,299,-10" /><INIT seed="5,1,0,5,1,9" ten="416,226,69,289" oya="1" hai0="50,26,49,83,3,63,59,5,23,113,131,87,22" hai1="38,78,12,46,31,89,114,52,0,103,75,58,107" hai2="48,56,15,6,30,118,66,71,115,67,27,109,39" hai3="90,95,42,117,79,125,110,4,61,37,121,104,111"/><U28/><E0/><V10/><F109/><W73/><G121/><T119/><D113/><U25/><E114/><V134/><F115/><W47/><G125/><T69/><D119/><U29/><E89/><V123/><F123/><W16/><G104/><T72/><D72/><U127/><E127/><V14/><F118/><W43/><G117/><T112/><D112/><U70/><E70/><V93/><F39/><W1/><G42/><T55/><D131/><U36/><E25/><V80/><F134/><W8/><G61/><T57/><D69/><U53/><E46/><V98/><F71/><W35/><G35/><T62/><D5/><U124/><E124/><V41/><F80/><W64/><G64/><N who="0" m="38991" /><D22/><U133/><E133/><V60/><F66/><W91/><G91/><N who="0" m="51711" /><D3/><U105/><E105/><V33/><F48/><W122/><G122/><T97/><D97/><U45/><E53/><V88/><REACH who="2" step="1"/><F41/><REACH who="2" ten="416,226,59,289" step="2"/><W84/><G43/><T51/><D51/><N who="1" m="28783" /><E38/><V20/><F20/><W86/><G37/><T85/><D49/><U19/><E36/><V96/><F96/><W18/><G111/><T24/><D50/><U17/><E58/><V32/><F32/><W130/><G110/><T76/><D23/><U132/><E132/><V120/><F120/><W82/><G47/><T40/><D40/><U13/><E75/><V81/><F81/><AGARI ba="1,1" hai="24,26,55,59,63,76,81,85" m="51711,38991" machi="81" ten="30,1000,0" yaku="8,1" doraHai="9" who="0" fromWho="2" sc="416,23,226,0,59,-13,289,0" /><INIT seed="6,0,0,0,4,35" ten="439,226,46,289" oya="2" hai0="73,95,16,52,114,8,76,88,123,134,32,58,117" hai1="10,97,14,127,92,86,22,113,18,49,33,40,90" hai2="80,93,47,27,125,64,6,99,91,132,3,84,38" hai3="85,120,124,34,130,103,42,23,75,89,2,31,110"/><V96/><F125/><W107/><G110/><T66/><D123/><U101/><E113/><V43/><F132/><W115/><G120/><T102/><D114/><U9/><E33/><V118/><F118/><W4/><G75/><T17/><D32/><U121/><E127/><V82/><F64/><W0/><G34/><T63/><D134/><U112/><E112/><V59/><F59/><W108/><G108/><T122/><D122/><U48/><E121/><V79/><F27/><W26/><G124/><T105/><D117/><U56/><E49/><V12/><F12/><W98/><G4/><T1/><D105/><U5/><E5/><V15/><F15/><W44/><G130/><T71/><D102/><U81/><REACH who="1" step="1"/><E56/><REACH who="1" ten="439,216,46,289" step="2"/><V65/><F65/><W30/><G115/><T135/><D66/><U72/><E72/><V128/><F128/><W55/><G31/><T67/><D67/><U83/><E83/><V29/><F29/><W87/><G55/><T70/><D52/><U133/><E133/><V53/><F53/><W126/><G126/><T19/><D73/><U21/><E21/><V74/><REACH who="2" step="1"/><F82/><REACH who="2" ten="439,216,36,289" step="2"/><W131/><G131/><T94/><D135/><U69/><E69/><V13/><F13/><W24/><G30/><T37/><D71/><U111/><E111/><V60/><F60/><W57/><G57/><T129/><D63/><U106/><E106/><V7/><F7/><W41/><G107/><T36/><D58/><U104/><E104/><V11/><AGARI ba="0,2" hai="3,6,11,38,43,47,74,79,80,84,91,93,96,99" machi="11" ten="30,18000,2" yaku="1,1,0,1,25,2,52,1,53,1" doraHai="35" doraHaiUra="39" who="2" fromWho="2" sc="439,-60,216,-60,36,200,289,-60" /><INIT seed="6,1,0,5,3,115" ten="379,156,236,229" oya="2" hai0="38,62,7,15,133,92,9,37,50,52,124,27,112" hai1="135,24,68,26,89,79,86,10,63,58,56,105,46" hai2="107,18,110,33,121,82,125,13,65,114,53,131,76" hai3="43,23,55,90,19,109,11,21,31,30,117,103,113"/><V4/><F121/><W134/><G109/><T20/><D112/><U51/><E105/><V118/><F114/><W74/><G74/><T108/><D108/><U98/><E135/><V5/><F110/><W73/><G73/><T12/><D133/><U111/><E111/><V40/><F33/><W1/><G103/><T102/><D124/><U25/><E79/><V14/><F107/><W95/><G43/><T34/><D34/><U29/><E98/><V72/><F125/><W97/><G134/><T61/><D15/><U106/><E106/><V91/><F131/><W2/><G113/><T67/><D38/><U22/><E68/><V41/><F65/><W28/><G55/><T122/><D67/><U42/><E10/><V44/><F118/><W71/><G71/><T36/><D36/><U94/><REACH who="1" step="1"/><E58/><REACH who="1" ten="379,146,236,229" step="2"/><V128/><F76/><W47/><G97/><T3/><D9/><U120/><E120/><V16/><F128/><W88/><G11/><T126/><D122/><U35/><E35/><V6/><F72/><W48/><G1/><T93/><D3/><U96/><E96/><V70/><F70/><W78/><G2/><T32/><D32/><U66/><AGARI ba="1,1" hai="22,24,25,26,29,42,46,51,56,63,66,86,89,94" machi="66" ten="20,8000,1" yaku="1,1,0,1,7,1,8,1,53,1" doraHai="115" doraHaiUra="83" who="1" fromWho="1" sc="379,-21,146,93,236,-41,229,-21" /><INIT seed="7,0,0,2,4,13" ten="358,239,195,208" oya="3" hai0="108,60,114,22,24,100,41,33,88,126,117,47,109" hai1="4,86,69,53,37,20,121,131,11,101,128,42,18" hai2="46,95,0,2,120,63,39,93,10,51,6,119,76" hai3="15,67,127,72,26,118,105,56,82,107,36,130,55"/><W110/><G118/><T80/><D117/><U3/><E121/><V90/><F119/><W68/><G127/><T32/><D126/><U70/><E101/><V23/><F39/><W104/><G36/><T43/><D114/><U40/><E53/><V29/><F120/><W97/><G130/><N who="1" m="49706" /><E86/><V81/><F63/><W8/><G26/><T59/><D22/><U89/><E89/><V77/><F2/><W96/><G67/><T133/><D24/><N who="1" m="14359" /><E37/><V84/><F29/><W49/><G68/><AGARI ba="0,0" hai="3,4,11,40,42,68,69,70" m="14359,49706" machi="68" ten="30,2000,0" yaku="19,1,52,1" doraHai="13" who="1" fromWho="3" sc="358,0,239,20,195,0,208,-20" owari="358,45.8,259,5.9,195,-20.5,188,-31.2" /></mjloggm>