<mjloggm ver="2.3"><GO type="169" lobby="0"/><UN n0="%70%61%77%61" n1="%43%E3%82%A8%E3%83%BC%E3%82%B8%E3%82%A7%E3%83%B3%E3%83%88" n2="%E3%81%BB%E3%81%86%EF%BC%81" n3="%4E%65%6D%6F" dan="18,17,16,16" rate="2293.14,2206.57,2091.15,2182.25" sx="M,M,M,M"/><TAIKYOKU oya="0"/><INIT seed="0,0,0,4,0,40" ten="250,250,250,250" oya="0" hai0="131,11,89,0,14,103,76,45,82,1,52,64,107" hai1="112,47,41,5,37,102,42,34,55,91,110,46,83" hai2="44,79,104,60,128,54,72,16,73,97,98,129,66" hai3="123,121,125,95,70,87,134,28,33,29,120,31,111"/><T61/><D131/><N who="2" m="50250" /><F104/><W108/><G70/><T74/><D89/><U24/><E110/><N who="3" m="42026" /><G87/><T43/><D103/><U63/><E112/><V117/><F117/><W51/><G95/><T23/><D23/><U22/><E5/><V75/><F79/><W69/><G69/><T27/><D27/><U106/><E34/><V26/><F66/><W119/><G51/><T92/><D92/><U127/><E127/><V13/><F26/><N who="3" m="18583" /><G134/><T7/><D107/><U20/><E102/><V35/><F35/><W78/><G78/><T96/><D96/><U126/><E126/><V25/><F25/><W81/><G81/><T114/><D114/><U109/><E106/><V56/><F44/><N who="1" m="16937" /><E109/><V94/><F94/><W113/><G125/><T49/><REACH who="0" step="1"/><D43/><REACH who="0" ten="240,250,250,250" step="2"/><U38/><E41/><V118/><F118/><W57/><G119/><T84/><D84/><U105/><E42/><V115/><F115/><W116/><G116/><T86/><D86/><U133/><E105/><V19/><F19/><W124/><G124/><T9/><D9/><AGARI ba="0,1" hai="9,13,16,54,56,60,72,73,75,97,98" m="50250" machi="9" ten="40,2600,0" yaku="19,1,54,1" doraHai="40" who="2" fromWho="0" sc="240,-26,250,0,250,36,250,0" /><INIT seed="1,0,0,5,2,132" ten="214,250,286,250" oya="1" hai0="34,20,76,116,29,16,6,24,69,127,107,11,39" hai1="98,70,7,71,36,57,125,8,44,51,9,15,54" hai2="100,105,40,93,111,28,83,112,23,129,25,72,1" hai3="68,85,114,33,135,94,86,48,89,77,122,61,35"/><U38/><E125/><V31/><F111/><W53/><G122/><T14/><D116/><U117/><E117/><V78/><F1/><W81/><G114/><T42/><D107/><U109/><E109/><V120/><F120/><W4/><G135/><T123/><D69/><U66/><E98/><V21/><F129/><W47/><REACH who="3" step="1"/><G4/><REACH who="3" ten="214,250,286,240" step="2"/><T58/><D123/><U88/><E71/><V84/><F112/><W46/><G46/><T19/><D127/><U32/><E70/><V50/><F31/><W43/><G43/><T121/><D121/><U63/><E32/><V103/><F40/><W134/><G134/><T26/><D58/><U75/><E75/><V12/><F72/><W106/><G106/><T97/><D42/><U55/><E66/><AGARI ba="0,1" hai="33,35,47,48,53,61,66,68,77,81,85,86,89,94" machi="66" ten="40,5200,0" yaku="1,1,53,2" doraHai="132" doraHaiUra="82" who="3" fromWho="1" sc="214,0,250,-52,286,0,240,62" /><INIT seed="2,0,0,1,2,0" ten="214,198,286,302" oya="2" hai0="69,64,67,74,62,55,44,87,85,118,9,59,2" hai1="66,46,1,125,40,124,135,11,49,31,82,98,8" hai2="41,17,52,4,63,18,83,76,51,75,88,32,126" hai3="73,119,13,131,116,42,84,115,21,108,48,120,114"/><V97/><F126/><W58/><G73/><T34/><D74/><U129/><E129/><V33/><F41/><W65/><G84/><T94/><D118/><N who="3" m="45097" /><G21/><T26/><D44/><U12/><E135/><V35/><F63/><N who="3" m="38135" /><G13/><T50/><D67/><U133/><E66/><V103/><F4/><W90/><G90/><T20/><D34/><U23/><E133/><V102/><F102/><W134/><G134/><T111/><D111/><U81/><E98/><V6/><F6/><W92/><G92/><T113/><D113/><N who="3" m="43017" /><G120/><T68/><D2/><U123/><E123/><V104/><REACH who="2" step="1"/><F88/><REACH who="2" ten="214,198,276,302" step="2"/><W29/><G108/><T43/><D43/><U3/><E125/><V122/><F122/><W78/><G78/><T93/><D93/><U47/><E124/><V14/><F14/><W91/><G91/><T132/><D94/><U53/><E1/><V96/><F96/><W54/><G42/><T109/><D109/><U24/><E3/><V105/><F105/><W19/><G131/><T130/><D130/><U36/><REACH who="1" step="1"/><E8/><REACH who="1" ten="214,188,276,302" step="2"/><V95/><F95/><W100/><G100/><T106/><D132/><U16/><AGARI ba="0,2" hai="11,12,16,23,24,31,36,40,46,47,49,53,81,82" machi="16" ten="20,12000,2" yaku="1,1,2,1,0,1,7,1,54,1,53,1" doraHai="0" doraHaiUra="22" who="1" fromWho="1" sc="214,-30,188,140,276,-60,302,-30" /><INIT seed="3,0,0,5,4,38" ten="184,328,216,272" oya="3" hai0="91,43,52,33,117,30,130,83,76,48,84,86,74" hai1="34,41,108,15,128,125,85,55,73,122,134,94,103" hai2="88,82,2,135,114,68,113,100,132,39,123,90,23" hai3="64,93,54,118,105,8,46,98,92,29,35,36,107"/><W121/><G118/><T80/><D130/><U31/><E73/><V99/><F68/><W109/><G121/><T7/><D117/><U60/><E122/><V26/><F2/><W6/><G109/><T63/><D74/><U89/><E103/><V50/><F39/><W10/><G64/><T104/><D104/><U110/><E134/><N who="2" m="51243" /><F50/><W13/><G93/><T127/><D127/><U40/><E125/><V17/><F123/><W12/><G29/><T42/><D63/><U20/><E34/><V47/><F47/><W5/><G35/><T25/><REACH who="0" step="1"/><D7/><REACH who="0" ten="174,328,216,272" step="2"/><U9/><E128/><V14/><F114/><W24/><G107/><T11/><D11/><U87/><E9/><N who="2" m="6351" /><F113/><W112/><G112/><T116/><D116/><U57/><E110/><V22/><F82/><W79/><G105/><T102/><D102/><U27/><E108/><V28/><F22/><W70/><G6/><T72/><D72/><U62/><E60/><V126/><F126/><W58/><G5/><T129/><D129/><U133/><E133/><V101/><F101/><W4/><G4/><T37/><D37/><U97/><E15/><V21/><F23/><W95/><G36/><T111/><D111/><U120/><E120/><V131/><F131/><W44/><G8/><T18/><D18/><U124/><E124/><V51/><F51/><W16/><G16/><T53/><D53/><U32/><E32/><V81/><F81/><W119/><G119/><T75/><D75/><U77/><E77/><V69/><F69/><W56/><G70/><T49/><D49/><U0/><E0/><V96/><F100/><RYUUKYOKU ba="0,1" sc="174,10,328,10,216,10,272,-30" hai0="25,30,33,42,43,48,52,76,80,83,84,86,91" hai1="20,27,31,40,41,55,57,62,85,87,89,94,97" hai2="21,26,28,88,90,96,99" /><INIT seed="4,1,1,3,0,11" ten="184,338,226,242" oya="0" hai0="52,14,12,92,77,37,28,61,20,36,31,96,131" hai1="71,50,103,35,79,116,104,19,110,124,9,23,112" hai2="98,111,55,121,49,107,117,47,101,64,60,135,24" hai3="69,133,63,39,1,30,27,34,119,41,97,66,105"/><T51/><D131/><U84/><E35/><V132/><F121/><W59/><G59/><N who="0" m="35047" /><D37/><U68/><E9/><V122/><F122/><W2/><G133/><N who="2" m="51273" /><F24/><W17/><G17/><T65/><D36/><U6/><E6/><V48/><F49/><W89/><G89/><N who="0" m="55311" /><D65/><U7/><E7/><V45/><F111/><W78/><G78/><T56/><D77/><U127/><E103/><V134/><F117/><W118/><G118/><T72/><D72/><U125/><E104/><V70/><F134/><W25/><G25/><N who="0" m="16423" /><D31/><U115/><E110/><V74/><F74/><W54/><G119/><T126/><D126/><U32/><E32/><V33/><F33/><W85/><G54/><AGARI ba="1,1" hai="12,14,51,54,56" m="16423,55311,35047" machi="54" ten="30,11600,0" yaku="8,1,52,2,54,1" doraHai="11" who="0" fromWho="3" sc="184,129,338,0,226,0,242,-119" /><INIT seed="4,2,0,1,0,55" ten="313,338,226,123" oya="0" hai0="92,69,38,77,35,116,108,133,103,93,54,21,39" hai1="96,34,89,47,79,118,64,9,26,75,111,87,20" hai2="91,67,49,100,36,62,42,84,65,119,61,6,30" hai3="128,90,81,120,63,85,27,46,48,83,31,129,14"/><T40/><D116/><U98/><E111/><V101/><F119/><W15/><G120/><T25/><D35/><U41/><E34/><V99/><F36/><W94/><G63/><T19/><D108/><U28/><E64/><V115/><F6/><W76/><G129/><T7/><D133/><U43/><E43/><V134/><F30/><W88/><G128/><T73/><D69/><U11/><E79/><V123/><F115/><W57/><G90/><T52/><D7/><U22/><E22/><V130/><F123/><W3/><G3/><T125/><D125/><U18/><E75/><V16/><F134/><W135/><G135/><T17/><D17/><U23/><E11/><V127/><F127/><W0/><G0/><T78/><D78/><U33/><E9/><V24/><F49/><W124/><G124/><T32/><D32/><U71/><E71/><V122/><F42/><W58/><G27/><T106/><D106/><U8/><E8/><V97/><F122/><W72/><G31/><T68/><D68/><U82/><E33/><V80/><F62/><W109/><G109/><T95/><D103/><U74/><E74/><V45/><F101/><W104/><G104/><T107/><D107/><U29/><E29/><V44/><F130/><W5/><G83/><N who="0" m="45487" /><D39/><U4/><E4/><V51/><F67/><W126/><G126/><T50/><D38/><N who="1" m="21943" /><E118/><V70/><F51/><W37/><G37/><T13/><D25/><U121/><E121/><V66/><F66/><W56/><REACH who="3" step="1"/><G5/><REACH who="3" ten="313,338,226,113" step="2"/><T1/><D1/><U114/><E114/><V117/><F117/><W86/><G86/><RYUUKYOKU ba="2,1" sc="313,10,338,10,226,-30,113,10" hai0="13,19,21,40,50,52,54,92,93,95" hai1="18,20,23,26,28,82,87,89,96,98" hai3="14,15,46,48,56,57,58,72,76,81,85,88,94" /><INIT seed="4,3,1,2,4,123" ten="323,348,196,123" oya="0" hai0="35,53,90,121,79,92,14,13,54,55,28,48,83" hai1="89,109,116,85,129,80,64,62,58,49,43,75,16" hai2="5,42,96,63,39,86,112,2,119,134,3,97,40" hai3="26,88,12,98,77,46,82,24,104,33,111,36,47"/><T105/><D121/><U73/><E116/><V107/><F112/><W68/><G68/><T81/><D105/><U38/><E38/><V100/><F134/><W93/><G111/><T122/><D122/><U30/><E30/><V52/><F119/><W65/><G65/><T22/><D35/><U74/><E129/><V6/><F86/><W19/><G104/><T66/><D66/><U0/><E0/><V41/><F39/><W69/><G69/><T25/><D48/><U27/><E109/><V114/><F114/><W95/><G95/><T50/><D50/><U29/><E29/><V91/><F2/><W125/><G125/><T132/><D132/><U9/><E27/><V87/><F97/><W70/><G70/><T45/><D45/><U37/><E49/><V44/><F3/><W1/><G1/><T21/><D21/><U57/><E58/><V102/><F102/><W10/><G33/><T59/><D59/><U15/><REACH who="1" step="1"/><E74/><REACH who="1" ten="323,338,196,123" step="2"/><V78/><F44/><AGARI ba="3,2" hai="9,15,16,37,43,44,57,62,64,73,75,80,85,89" machi="44" ten="40,5200,0" yaku="1,1,2,1,54,1,53,0" doraHai="123" doraHaiUra="130" who="1" fromWho="2" sc="323,0,338,81,196,-61,123,0" /><INIT seed="5,0,0,0,2,124" ten="323,419,135,123" oya="1" hai0="106,116,37,87,113,16,8,25,38,58,133,14,55" hai1="24,105,72,94,3,54,73,18,52,49,107,29,17" hai2="130,104,92,57,134,119,45,0,56,42,31,88,47" hai3="36,129,128,61,121,98,117,19,43,71,30,125,10"/><U32/><E3/><V74/><F74/><W95/><G121/><T80/><D116/><U62/><E62/><V15/><F104/><W102/><G30/><T40/><D113/><U21/><E18/><V39/><F0/><W33/><G33/><T131/><D133/><U48/><E94/><V103/><F134/><W100/><G125/><T66/><D106/><U81/><E81/><V115/><F103/><W69/><G102/><T85/><D66/><U68/><E68/><V35/><F119/><W97/><G97/><T63/><D131/><N who="3" m="50249" /><G117/><T5/><D40/><U26/><E73/><V135/><F31/><W13/><G61/><T67/><D67/><U114/><E72/><V126/><F35/><W4/><G4/><T50/><D87/><U78/><E114/><V96/><F126/><W11/><G11/><T132/><D132/><U27/><E29/><V51/><F130/><W84/><G84/><T70/><D63/><U90/><E32/><V41/><F135/><W91/><G100/><T64/><D5/><U118/><E118/><V86/><F115/><W34/><G34/><T53/><D85/><U6/><E6/><V99/><F99/><W2/><G2/><T20/><D8/><U101/><E101/><V59/><F96/><W108/><G108/><T89/><D20/><U65/><E105/><V12/><AGARI ba="0,0" hai="12,15,39,41,42,45,47,51,56,57,59,86,88,92" machi="12" ten="30,2000,0" yaku="0,1,54,1" doraHai="124" who="2" fromWho="2" sc="323,-5,419,-10,135,20,123,-5" /><INIT seed="6,0,0,3,4,41" ten="318,409,155,118" oya="2" hai0="36,101,129,52,13,57,131,5,111,107,3,17,27" hai1="74,8,94,79,127,48,30,40,55,43,10,128,104" hai2="54,121,92,45,97,61,76,39,90,67,34,78,89" hai3="113,18,6,53,19,85,75,16,102,82,108,2,124"/><V31/><F121/><W35/><G108/><T56/><D111/><U83/><E104/><V122/><F122/><W135/><G35/><T58/><D36/><U15/><E127/><V115/><F115/><W64/><G124/><T72/><D72/><U91/><E30/><V80/><F34/><W112/><G75/><T117/><D27/><U98/><E8/><V46/><F31/><W96/><G135/><T7/><D117/><U95/><E95/><V22/><F39/><W62/><G53/><T133/><D133/><U29/><E128/><N who="0" m="49225" /><D3/><U120/><E29/><V116/><F116/><W68/><G6/><N who="0" m="2059" /><D101/><U21/><E21/><V81/><F54/><W66/><G66/><T93/><D93/><U71/><E71/><V23/><F67/><W14/><G14/><T37/><D107/><U106/><E106/><V77/><F61/><W126/><G2/><T114/><D37/><U119/><E119/><V65/><F65/><W110/><G110/><T123/><D114/><N who="3" m="44137" /><G126/><T69/><D69/><U12/><E12/><V44/><F90/><N who="3" m="51511" /><G102/><T109/><D109/><U0/><E0/><V28/><F28/><W4/><G4/><T24/><D24/><U84/><E74/><V88/><F89/><W86/><G96/><T73/><D73/><U105/><E105/><V1/><F1/><W49/><G86/><T26/><D26/><U125/><E125/><V50/><F50/><AGARI ba="0,0" hai="16,18,19,49,50,62,64,68" m="51511,44137" machi="50" ten="30,3900,0" yaku="15,1,11,1,54,1" doraHai="41" who="3" fromWho="2" sc="318,0,409,0,155,-39,118,39" /><INIT seed="7,0,0,2,0,70" ten="318,409,116,157" oya="3" hai0="31,27,114,128,82,42,118,72,84,48,26,87,117" hai1="74,65,41,33,125,89,34,29,28,64,110,18,14" hai2="86,8,22,51,113,46,69,68,80,3,10,100,36" hai3="54,2,135,94,88,6,0,121,81,24,101,44,104"/><W21/><G121/><T124/><D124/><U127/><E74/><V39/><F113/><W58/><G135/><T92/><D72/><U60/><E41/><V75/><F75/><W49/><G81/><T50/><D128/><U61/><E89/><V56/><F100/><W119/><G119/><T12/><D114/><U63/><E63/><V79/><F56/><W9/><G104/><T38/><D12/><U106/><E18/><V16/><F68/><W132/><G132/><T7/><D7/><U98/><E98/><V108/><F69/><W37/><G101/><T107/><D92/><U53/><E53/><V13/><F108/><W73/><G73/><T71/><D71/><U131/><E14/><V129/><F129/><W85/><G0/><T76/><D42/><U116/><E116/><V5/><F8/><W35/><G35/><T57/><D57/><U11/><E11/><V62/><F62/><W23/><G24/><T77/><D31/><U32/><E32/><V111/><F111/><W133/><G133/><T59/><D59/><U109/><E131/><V17/><F17/><W78/><G78/><T96/><D96/><U115/><E115/><V120/><F120/><W122/><G122/><T4/><D4/><U95/><E95/><V105/><F105/><AGARI ba="0,0" hai="28,29,33,34,60,61,64,65,105,106,109,110,125,127" machi="105" ten="25,1600,0" yaku="22,2" doraHai="70" who="1" fromWho="2" sc="318,0,409,16,116,-16,157,0" owari="318,11.8,425,52.5,100,-40.0,157,-24.3" /></mjloggm>