<mjloggm ver="2.3"><GO type="169" lobby="0"/><UN n0="%E7%A0%B2%E5%A7%90%E5%A7%90" n1="%6B%75%73%73%79" n2="%31%38%63%6D%E7%AB%8B%E7%9B%B4%E6%A3%92" n3="%46%75%77%61" dan="16,17,16,17" rate="2104.93,2163.32,2137.78,2176.44" sx="F,M,M,M"/><TAIKYOKU oya="0"/><INIT seed="0,0,0,3,2,112" ten="250,250,250,250" oya="0" hai0="21,81,71,111,62,16,94,89,27,129,19,59,124" hai1="90,86,87,84,4,57,14,43,38,106,69,77,98" hai2="1,120,5,92,116,35,82,131,12,54,123,34,46" hai3="135,76,20,105,50,110,60,58,121,80,52,63,30"/><T10/><D71/><U6/><E69/><V7/><F131/><W114/><G114/><T118/><D129/><U85/><E38/><V113/><F1/><W45/><G105/><T29/><D124/><U73/><E43/><V79/><F113/><W53/><G110/><T2/><D111/><U133/><E57/><V119/><F92/><W109/><G109/><T31/><D118/><N who="2" m="45098" /><F54/><W132/><G121/><N who="2" m="46665" /><F46/><W67/><G30/><T115/><D115/><U70/><E70/><V44/><F44/><W74/><REACH who="3" step="1"/><G20/><REACH who="3" ten="250,250,250,240" step="2"/><T88/><D29/><U64/><E106/><V128/><F128/><W42/><G42/><T66/><D10/><U56/><E77/><V15/><F34/><W125/><G125/><T28/><D28/><U39/><E133/><V93/><F35/><W48/><G48/><T0/><D2/><U78/><E78/><V22/><F93/><W91/><G91/><T127/><D0/><U134/><E90/><V75/><F22/><W72/><G72/><T130/><D127/><U104/><E73/><V13/><AGARI ba="0,1" hai="5,7,12,13,15,75,79,82" m="46665,45098" machi="13" ten="40,8000,1" yaku="12,1,52,3" doraHai="112" who="2" fromWho="2" sc="250,-40,250,-20,250,90,240,-20" /><INIT seed="1,0,0,4,0,20" ten="210,230,340,220" oya="1" hai0="33,44,87,35,25,117,61,58,47,38,49,106,65" hai1="37,51,79,93,111,40,91,103,81,94,74,57,66" hai2="22,99,29,50,17,130,63,107,54,128,101,80,53" hai3="60,19,75,11,134,4,97,119,110,96,14,71,116"/><U67/><E111/><V76/><F29/><W135/><G75/><T131/><D117/><N who="3" m="45129" /><G110/><T9/><D106/><U56/><E37/><V125/><F125/><W108/><G108/><T48/><D131/><N who="2" m="50218" /><F63/><W84/><G84/><T69/><D9/><U123/><E123/><V98/><F98/><N who="3" m="37995" /><G4/><T109/><D109/><U126/><E103/><V3/><F3/><W95/><G95/><T133/><D87/><U132/><E94/><V85/><F50/><W121/><G121/><T118/><D118/><U59/><E126/><V127/><F127/><W68/><G60/><T0/><D61/><U89/><E93/><V28/><F28/><W32/><G32/><T30/><D35/><U12/><E51/><V104/><F107/><W92/><G92/><T42/><D49/><U10/><E40/><V41/><F41/><W18/><G18/><T39/><D38/><U31/><E31/><V64/><F64/><W90/><G90/><T77/><D65/><U16/><E67/><V5/><F5/><W23/><G11/><T8/><D8/><U112/><E66/><V88/><F76/><W36/><G36/><T43/><D77/><U1/><E79/><V46/><F46/><W73/><G73/><T7/><D44/><U83/><E74/><V114/><F114/><W102/><G102/><T78/><D47/><U86/><E112/><V129/><N who="2" m="50226" /><V115/><DORA hai="105" /><F115/><W45/><G45/><T70/><D39/><U6/><E6/><V82/><F80/><W113/><G113/><T27/><D7/><U15/><E83/><V13/><AGARI ba="0,0" hai="13,17,22,53,54,82,85,88,99,101,104" m="50226" machi="13" ten="40,2700,0" yaku="19,1,54,1" doraHai="20,105" who="2" fromWho="2" sc="210,-7,230,-13,340,27,220,-7" /><INIT seed="2,0,0,4,5,16" ten="203,217,367,213" oya="2" hai0="95,115,11,90,110,113,59,104,66,48,3,129,82" hai1="18,88,1,100,17,55,52,87,50,80,68,33,36" hai2="98,27,60,123,40,45,94,10,69,71,46,31,130" hai3="14,20,73,4,0,23,124,105,132,131,2,7,49"/><V35/><F123/><W134/><G105/><T58/><D104/><U13/><E36/><V38/><F130/><W97/><G73/><T135/><D129/><U74/><E1/><N who="3" m="618" /><G131/><T122/><D122/><U34/><E68/><V84/><F84/><W114/><G97/><T109/><D135/><N who="3" m="51753" /><G114/><T120/><D120/><U119/><E119/><V8/><F46/><W99/><G99/><T62/><D82/><U12/><E74/><V133/><F133/><W116/><G116/><T121/><D121/><U92/><E100/><V70/><REACH who="2" step="1"/><F60/><REACH who="2" ten="203,217,357,213" step="2"/><W5/><G124/><T9/><D62/><U89/><E33/><V79/><F79/><W78/><G78/><T53/><D115/><U30/><E34/><V26/><F26/><W111/><G111/><T108/><D113/><U77/><E77/><V83/><F83/><W25/><G49/><T93/><D48/><U57/><E50/><V22/><F22/><N who="3" m="8235" /><G25/><T107/><D109/><U118/><E118/><V81/><F81/><W125/><G125/><T42/><D110/><U21/><E80/><V72/><F72/><W32/><G32/><T126/><D108/><U51/><E51/><V76/><F76/><W39/><G39/><T61/><D126/><U6/><E87/><V56/><F56/><W24/><G24/><T96/><D58/><U19/><E57/><V86/><F86/><W47/><G47/><T85/><D59/><U117/><E117/><V37/><F37/><W29/><G29/><T101/><D85/><U44/><E30/><V67/><F67/><W54/><G14/><T102/><D66/><U91/><E12/><RYUUKYOKU ba="0,1" sc="203,-15,217,-15,357,15,213,15" hai2="8,10,27,31,35,38,40,45,69,70,71,94,98" hai3="4,5,7,54" /><INIT seed="2,1,1,4,1,116" ten="188,202,372,228" oya="2" hai0="36,117,70,130,33,91,48,75,66,9,11,102,106" hai1="99,87,39,109,82,77,120,84,56,23,37,127,5" hai2="16,93,112,17,69,2,79,88,0,4,86,95,115" hai3="7,12,114,133,126,73,100,107,22,41,92,49,44"/><V111/><F69/><W62/><G73/><T83/><D36/><U113/><E113/><V72/><F72/><W53/><G126/><T46/><D117/><U118/><E118/><V90/><F79/><W61/><G133/><T122/><D33/><U89/><E127/><V78/><F78/><W50/><G114/><T42/><D130/><U131/><E131/><V55/><F55/><W125/><G107/><T18/><D75/><U96/><E109/><V19/><F111/><W34/><G34/><T134/><D134/><U68/><E68/><V14/><F14/><W81/><G81/><T31/><D31/><U119/><E5/><V80/><F80/><W97/><G125/><T60/><D122/><U104/><E119/><V24/><F24/><W35/><G35/><T74/><D74/><U59/><E23/><V40/><F40/><W47/><REACH who="3" step="1"/><G22/><REACH who="3" ten="188,202,372,218" step="2"/><T58/><D106/><U123/><E104/><V45/><F112/><W108/><G108/><T20/><D83/><U6/><E82/><V32/><F32/><W110/><G110/><T103/><D9/><AGARI ba="1,2" hai="7,9,12,41,44,47,49,50,53,61,62,92,97,100" machi="9" ten="40,2600,0" yaku="1,1,8,1,53,0" doraHai="116" doraHaiUra="67" who="3" fromWho="0" sc="188,-29,202,0,372,0,218,49" /><INIT seed="3,0,0,0,0,26" ten="159,202,372,267" oya="3" hai0="126,38,107,121,93,2,42,91,23,130,56,110,72" hai1="45,98,4,52,43,58,16,21,119,28,73,14,100" hai2="66,33,65,118,9,111,125,0,116,90,12,47,122" hai3="95,55,27,25,79,44,94,39,92,132,84,41,70"/><W19/><G132/><T113/><RYUUKYOKU type="yao9" ba="0,0" sc="159,0,202,0,372,0,267,0" hai0="2,23,38,42,56,72,91,93,107,110,113,121,126,130" /><INIT seed="3,1,0,3,2,115" ten="159,202,372,267" oya="3" hai0="32,24,25,1,119,84,40,35,21,78,16,64,0" hai1="77,12,97,121,33,73,132,122,107,83,71,66,3" hai2="111,29,104,54,14,55,133,4,26,59,92,130,120" hai3="89,9,37,61,129,62,60,128,102,67,53,49,23"/><W52/><G102/><T123/><D123/><U126/><E12/><V75/><F104/><W22/><G37/><T131/><D131/><N who="3" m="50249" /><G67/><T31/><D64/><U105/><E3/><V68/><F68/><W86/><G9/><T127/><D40/><U124/><E33/><V110/><F75/><W17/><G17/><T10/><D78/><U7/><E7/><V79/><F79/><W113/><G113/><T43/><D43/><U116/><E66/><V87/><F120/><N who="1" m="46185" /><E71/><V48/><F4/><W41/><G41/><T69/><D69/><U6/><E6/><V80/><F130/><W42/><G42/><T15/><D84/><U19/><E19/><V28/><F87/><W70/><G70/><T117/><D127/><N who="1" m="48683" /><E132/><V134/><F133/><W34/><G34/><N who="0" m="12843" /><D25/><U135/><E135/><V103/><F134/><W39/><G39/><T51/><D51/><U109/><E109/><V63/><F26/><W18/><G49/><T47/><D47/><U38/><E38/><V45/><F110/><W56/><G56/><T13/><D13/><U44/><E44/><V95/><F14/><N who="3" m="9559" /><G23/><T58/><D58/><U125/><N who="1" m="48691" /><U65/><DORA hai="57" /><E65/><V5/><F111/><W106/><G106/><N who="1" m="40458" /><E97/><V11/><F5/><W8/><G8/><T93/><D1/><U76/><E76/><V36/><F36/><W99/><G99/><T108/><D108/><U46/><E46/><V91/><F45/><W101/><G101/><T118/><D0/><U50/><E50/><N who="2" m="31191" /><F103/><W114/><G114/><T88/><D118/><AGARI ba="1,0" hai="73,77,83,116,118" m="40458,48691,46185" machi="118" ten="50,12000,2" yaku="18,1,23,1,34,2,52,2" doraHai="115,57" who="1" fromWho="0" sc="159,-123,202,123,372,0,267,0" /><INIT seed="4,0,0,3,3,115" ten="36,325,372,267" oya="0" hai0="14,11,30,33,9,32,68,64,123,94,23,83,47" hai1="66,46,28,118,135,0,101,63,96,134,42,18,105" hai2="58,86,100,84,2,125,10,73,62,44,81,43,104" hai3="114,119,77,26,113,82,54,56,71,72,50,90,45"/><T5/><D123/><U122/><E122/><V103/><F125/><W85/><G71/><T48/><D68/><U40/><E0/><V53/><F86/><W69/><G69/><T19/><D64/><U4/><E4/><N who="2" m="1303" /><F84/><W87/><G119/><T6/><D94/><U25/><E18/><V78/><F104/><W89/><G26/><N who="0" m="16735" /><D83/><U22/><E118/><V21/><F21/><W39/><G72/><T109/><D48/><U60/><E42/><V88/><F88/><W130/><G130/><T70/><D70/><U110/><E110/><V112/><F112/><N who="3" m="43115" /><G87/><T38/><D38/><AGARI ba="0,0" hai="38,43,44,53,58,62,73,78,81,100,103" m="1303" machi="38" ten="30,1000,0" yaku="25,1" doraHai="115" who="2" fromWho="0" sc="36,-10,325,0,372,10,267,0" /><INIT seed="5,0,0,5,4,8" ten="26,325,382,267" oya="1" hai0="103,32,25,12,81,14,61,77,46,65,0,24,98" hai1="70,37,111,66,43,89,108,112,104,100,64,13,110" hai2="123,125,94,4,97,26,86,38,105,11,60,20,16" hai3="120,51,80,6,126,30,88,78,34,109,102,49,96"/><U36/><E112/><V72/><F123/><W15/><G109/><T3/><D46/><U75/><E75/><V113/><F72/><W63/><G120/><T9/><D25/><U55/><E100/><V44/><F105/><W7/><G126/><T45/><D45/><U68/><E104/><V118/><F118/><W10/><G6/><T128/><D128/><U83/><E83/><V101/><F125/><W40/><G40/><T67/><D67/><N who="1" m="25643" /><E89/><V59/><F86/><W71/><G71/><N who="1" m="27178" /><E13/><N who="0" m="5225" /><D9/><U5/><E5/><V58/><F113/><W95/><G63/><T69/><D81/><U62/><E43/><V124/><F124/><W91/><G30/><N who="0" m="19527" /><D77/><U21/><E21/><V53/><F4/><W57/><G34/><T31/><D31/><U114/><E114/><V39/><F11/><W93/><G78/><T23/><D23/><U22/><E22/><V76/><F76/><W122/><G80/><T79/><D79/><U131/><E131/><V17/><F17/><W133/><G122/><T106/><AGARI ba="0,0" hai="0,3,61,65,69,98,103,106" m="19527,5225" machi="106" ten="30,7900,0" yaku="25,1,52,3" doraHai="8" who="0" fromWho="0" sc="26,79,325,-39,382,-20,267,-20" /><INIT seed="6,0,0,2,1,27" ten="105,286,362,247" oya="2" hai0="117,64,97,8,11,134,130,37,40,107,114,108,74" hai1="15,49,92,30,135,53,129,115,86,32,39,99,72" hai2="0,90,7,3,106,57,62,68,120,95,52,6,34" hai3="21,56,70,104,19,88,71,98,50,83,65,33,118"/><V42/><F106/><W87/><G118/><T81/><D108/><U77/><E72/><V122/><F68/><W22/><G33/><T31/><D117/><U9/><E39/><V73/><F73/><W80/><G80/><T13/><D114/><U17/><E115/><V111/><F111/><W131/><G131/><T125/><D130/><U28/><E135/><V36/><F34/><W78/><G22/><T133/><D125/><U91/><E32/><V66/><F66/><W43/><G43/><T29/><D64/><U116/><E116/><V1/><F42/><W4/><G4/><T123/><D123/><U82/><E129/><V44/><F36/><W46/><G46/><AGARI ba="0,0" hai="9,15,17,28,30,46,49,53,77,82,86,91,92,99" machi="46" ten="30,7700,0" yaku="7,1,8,1,52,2" doraHai="27" who="1" fromWho="3" sc="105,0,286,77,362,0,247,-77" /><INIT seed="7,0,0,1,2,116" ten="105,363,362,170" oya="3" hai0="20,77,131,130,97,25,104,34,115,42,123,114,59" hai1="88,127,109,36,27,13,102,60,54,63,32,121,95" hai2="47,37,15,57,122,80,106,113,86,76,30,16,58" hai3="12,39,99,100,73,64,82,128,49,53,44,89,72"/><W67/><G128/><N who="0" m="49195" /><D34/><U56/><E36/><V46/><F106/><W5/><G39/><T132/><D77/><U120/><E109/><V2/><F2/><W4/><G73/><T87/><D42/><U19/><E102/><V68/><F68/><W75/><G72/><T94/><D59/><N who="2" m="22538" /><F37/><W21/><G75/><T31/><D104/><U38/><E38/><V70/><F70/><W78/><G78/><T43/><D43/><U112/><E112/><N who="0" m="43049" /><D87/><U35/><E127/><V108/><F108/><W9/><G64/><T24/><D24/><U119/><E119/><V96/><F113/><W90/><G67/><T93/><D132/><U0/><E27/><V22/><F122/><W74/><G74/><T66/><D66/><U17/><E32/><V117/><F117/><W14/><G82/><T111/><D111/><U107/><E107/><V110/><F110/><W81/><G81/><T129/><N who="0" m="49203" /><T52/><DORA hai="118" /><D123/><U84/><E35/><V48/><F48/><W91/><G99/><T26/><D26/><U33/><E33/><V135/><F135/><W65/><G65/><T62/><D97/><U40/><E63/><V126/><F126/><W61/><G61/><T55/><D62/><U134/><E134/><V51/><F96/><W69/><G69/><T3/><D3/><U50/><E0/><V101/><F101/><W92/><G100/><T103/><D103/><U6/><E120/><V1/><F1/><W124/><G124/><T23/><D23/><U41/><E121/><V105/><F105/><W85/><G21/><T18/><D31/><U79/><E60/><RYUUKYOKU ba="0,0" sc="105,15,363,-15,362,-15,170,15" hai0="18,20,25,52,55,93,94" hai3="4,5,9,12,14,44,49,53,85,89,90,91,92" /><INIT seed="7,1,0,1,1,111" ten="120,348,347,185" oya="3" hai0="129,22,133,116,20,81,130,80,82,101,99,64,91" hai1="19,104,89,66,78,55,53,31,125,70,21,124,98" hai2="115,33,39,114,17,96,58,5,69,28,108,32,44" hai3="16,92,26,15,36,59,77,8,105,74,85,23,11"/><W94/><G105/><T106/><D116/><U13/><E78/><V117/><F108/><W100/><G36/><T12/><D64/><U52/><E31/><V131/><F69/><W45/><G74/><T118/><D118/><U57/><E70/><V110/><F110/><W87/><G45/><T6/><D133/><U54/><E66/><V79/><F117/><W90/><G59/><T7/><D91/><U50/><E89/><V48/><F39/><W1/><G1/><T61/><D61/><U135/><E135/><V65/><F5/><W30/><G100/><T84/><D84/><U95/><E104/><V68/><F68/><W113/><G113/><N who="2" m="43017" /><F131/><W56/><G56/><T75/><D75/><U132/><E132/><V0/><F0/><W93/><G77/><T18/><REACH who="0" step="1"/><D22/><REACH who="0" ten="110,348,347,185" step="2"/><U41/><E21/><V38/><F79/><W34/><REACH who="3" step="1"/><G85/><REACH who="3" ten="110,348,347,175" step="2"/><T37/><D37/><U123/><E98/><V97/><F38/><W27/><G27/><T51/><D51/><U103/><E50/><V76/><F76/><W43/><G43/><T88/><D88/><U35/><E41/><N who="2" m="24591" /><F97/><W60/><G60/><T83/><N who="0" m="20480" /><DORA hai="134" /><T126/><D126/><U120/><E124/><V25/><F96/><W67/><G67/><T102/><D102/><U9/><E103/><V73/><F73/><W3/><G3/><T14/><D14/><U109/><E125/><V112/><F112/><W2/><G2/><T46/><D46/><U42/><E42/><V63/><F33/><W47/><G47/><T71/><D71/><U121/><E35/><V127/><F127/><W29/><G29/><RYUUKYOKU ba="1,2" sc="110,10,348,-30,347,10,175,10" hai0="6,7,12,18,20,99,101,106,129,130" hai2="17,25,28,32,58,63,65" hai3="8,11,15,16,23,26,30,34,87,90,92,93,94" /><INIT seed="7,2,2,0,3,76" ten="120,318,357,185" oya="3" hai0="125,102,11,52,123,47,80,124,30,62,23,131,44" hai1="25,51,27,16,35,130,67,36,65,77,21,110,66" hai2="14,61,46,17,9,90,43,99,94,22,13,109,8" hai3="106,121,6,0,81,84,104,58,87,88,48,83,69"/><W86/><G121/><T111/><D123/><U97/><E36/><V60/><F109/><W71/><G0/><T26/><D111/><U107/><E110/><V101/><F101/><W49/><G6/><T112/><D102/><U53/><E130/><V3/><F3/><W91/><G87/><T72/><D131/><U57/><E77/><V40/><F8/><W20/><G20/><T74/><D11/><U56/><E107/><V114/><F114/><W126/><G58/><N who="0" m="35143" /><D112/><U39/><E39/><V63/><F46/><W18/><G18/><AGARI ba="2,2" hai="9,13,14,17,18,22,40,43,60,61,63,90,94,99" machi="18" ten="40,1300,0" yaku="8,1" doraHai="76" who="2" fromWho="3" sc="120,0,318,0,357,39,185,-19" owari="120,-38.0,318,11.8,396,49.6,166,-23.4" /></mjloggm>