<mjloggm ver="2.3"><GO type="169" lobby="0"/><UN n0="%E3%83%AC%E3%82%AA%E3%83%B3%E3%83%8F%E3%83%AB%E3%83%88" n1="%E7%9B%9B%E5%B2%A1%E3%81%AE%E3%83%AA%E3%83%BC%E3%83%81%E8%B6%85%E4%BA%BA" n2="%E3%80%8E%53%65%63%72%65%74%E3%80%8F" n3="%E6%9C%AA%E6%9D%A5%E5%B0%91%E5%B9%B4" dan="17,17,16,16" rate="2153.70,2185.22,2101.86,2151.98" sx="M,M,M,F"/><TAIKYOKU oya="0"/><INIT seed="0,0,0,1,3,34" ten="250,250,250,250" oya="0" hai0="111,41,82,22,122,126,0,4,84,57,49,55,54" hai1="51,29,15,59,89,39,78,73,129,43,13,134,38" hai2="2,113,135,103,1,10,48,50,23,62,106,121,46" hai3="27,128,83,80,88,7,24,123,18,17,61,25,53"/><T132/><D122/><U114/><E129/><V117/><F121/><W33/><G123/><T74/><D132/><U104/><E104/><V99/><F113/><W85/><G128/><T124/><D74/><U100/><E100/><V19/><F135/><W28/><G7/><T16/><D111/><U31/><E73/><V35/><F35/><W75/><G75/><T81/><D41/><U120/><E78/><V127/><F127/><N who="0" m="48682" /><D55/><U125/><E125/><V8/><F117/><W86/><G28/><T91/><D4/><U92/><E43/><V108/><F62/><W97/><G97/><T105/><D105/><U69/><E29/><V66/><F66/><W6/><G6/><T21/><D21/><U94/><E31/><V71/><F50/><W60/><G33/><T37/><D37/><U118/><E51/><V93/><F71/><W133/><G133/><T64/><D64/><U12/><E69/><V130/><F106/><W47/><G47/><T90/><D0/><U107/><E107/><V45/><F108/><W119/><G119/><T102/><D102/><U110/><E110/><V131/><F46/><W109/><G109/><T56/><D56/><U26/><E59/><V77/><F130/><W11/><G11/><N who="2" m="4137" /><F131/><W20/><G53/><T115/><D115/><U67/><E114/><V72/><F48/><W95/><G20/><T9/><D9/><U70/><E120/><V3/><F45/><W14/><G61/><T30/><D30/><U79/><E118/><V68/><F68/><W42/><G60/><T5/><D5/><U40/><E134/><V98/><F1/><RYUUKYOKU ba="0,0" sc="250,0,250,0,250,0,250,0" /><INIT seed="1,1,0,4,5,91" ten="250,250,250,250" oya="1" hai0="10,81,110,93,24,66,123,62,56,115,105,112,59" hai1="94,20,117,99,127,74,28,126,48,103,80,78,57" hai2="130,125,40,72,61,67,33,121,133,122,68,107,41" hai3="55,101,14,119,85,9,11,106,32,89,135,109,44"/><U98/><E117/><V69/><F72/><W128/><G119/><T35/><D105/><U87/><E28/><V90/><F33/><W18/><G32/><T0/><D110/><U22/><E74/><V25/><F107/><W2/><G109/><T82/><D123/><N who="2" m="47114" /><F25/><W29/><G128/><T86/><D56/><U34/><E34/><V30/><F90/><W12/><G135/><T100/><D115/><U116/><E116/><V114/><F30/><W58/><G29/><T47/><D47/><U64/><E98/><V96/><F96/><W19/><G2/><T42/><D42/><U73/><E73/><V49/><F130/><W120/><G120/><T3/><D112/><U104/><E104/><V102/><F102/><W75/><G75/><T111/><D111/><U71/><E71/><V5/><F5/><W21/><G106/><T129/><D129/><U15/><E15/><V83/><F83/><W51/><G101/><T27/><D35/><U36/><E36/><V50/><F114/><W84/><G21/><T39/><D39/><U1/><E1/><V108/><F133/><W113/><G113/><T6/><D0/><U37/><E37/><V4/><F108/><W132/><G132/><T77/><D82/><U76/><E76/><V13/><F69/><W95/><G58/><T79/><D77/><U97/><E97/><AGARI ba="1,0" hai="9,11,12,14,18,19,44,51,55,84,85,89,95,97" machi="97" ten="30,7700,0" yaku="7,1,9,1,8,1,52,1" doraHai="91" who="3" fromWho="1" sc="250,0,250,-80,250,0,250,80" /><INIT seed="2,0,0,1,4,58" ten="250,170,250,330" oya="2" hai0="2,118,52,96,32,91,17,28,40,108,49,1,124" hai1="60,76,59,82,13,15,92,109,65,68,111,63,46" hai2="88,47,75,69,101,119,44,126,62,95,103,105,89" hai3="106,84,125,37,31,87,16,133,26,93,73,10,41"/><V50/><F119/><W110/><G106/><T120/><D120/><U71/><E46/><V67/><F126/><W100/><G73/><T43/><D124/><U81/><E92/><V42/><F75/><W25/><G125/><T5/><D108/><N who="1" m="41547" /><E68/><V0/><F0/><W121/><G121/><T38/><D118/><U48/><E48/><V57/><F105/><W9/><G133/><T7/><D49/><U55/><E81/><V20/><F69/><W90/><G37/><T77/><D91/><U112/><E112/><V132/><F132/><W114/><G110/><T18/><D52/><U134/><E134/><V85/><F47/><W27/><G31/><T129/><D96/><U98/><E98/><N who="2" m="57711" /><F20/><N who="3" m="13447" /><G41/><T33/><D28/><U70/><E70/><V117/><F117/><W29/><G100/><T19/><D38/><U74/><AGARI ba="0,0" hai="13,15,55,59,60,63,65,71,74,76,82" m="41547" machi="74" ten="30,4000,0" yaku="14,1,52,2" doraHai="58" who="1" fromWho="1" sc="250,-10,170,40,250,-20,330,-10" /><INIT seed="3,0,0,3,5,33" ten="240,210,230,320" oya="3" hai0="30,45,18,68,112,70,41,107,104,69,96,123,114" hai1="4,20,111,13,43,92,37,16,17,54,82,22,84" hai2="62,26,100,94,85,46,77,31,63,116,106,28,15" hai3="124,99,50,0,110,25,101,74,55,71,7,47,72"/><W49/><G124/><T134/><D123/><U44/><E111/><V79/><F116/><W115/><G115/><N who="0" m="44075" /><D134/><U131/><E131/><V132/><F132/><W98/><G71/><T38/><D30/><N who="2" m="11306" /><F106/><N who="0" m="40490" /><D18/><U91/><E4/><V117/><F26/><W76/><G110/><T126/><D96/><U58/><E82/><N who="2" m="47311" /><F79/><W65/><G65/><T8/><D8/><U34/><E34/><V29/><N who="2" m="11314" /><V10/><DORA hai="21" /><F46/><W88/><G76/><T105/><D105/><U3/><E3/><V19/><F117/><W133/><G133/><T86/><D86/><U51/><REACH who="1" step="1"/><E17/><REACH who="1" ten="240,200,230,320" step="2"/><V122/><F122/><W1/><G1/><T9/><D126/><U11/><AGARI ba="0,1" hai="11,13,16,20,22,37,43,44,51,54,58,84,91,92" machi="11" ten="20,8000,1" yaku="1,1,2,1,0,1,7,1,54,1,53,0" doraHai="33,21" doraHaiUra="119,64" who="1" fromWho="1" sc="240,-20,200,90,230,-20,320,-40" /><INIT seed="4,0,0,3,2,107" ten="220,290,210,280" oya="0" hai0="19,1,74,119,16,130,78,73,64,118,96,62,106" hai1="90,52,4,63,116,23,128,135,34,13,101,115,39" hai2="7,29,80,3,82,55,47,9,117,26,133,51,30" hai3="56,81,104,2,41,0,91,113,99,33,31,40,114"/><T57/><D1/><U109/><E109/><V22/><F133/><W66/><G33/><T42/><D130/><U65/><E34/><V98/><F117/><W123/><G31/><T61/><D42/><N who="3" m="16489" /><G123/><T35/><D35/><U126/><E39/><V85/><F30/><W79/><G66/><T83/><D73/><U68/><E116/><V12/><F85/><W49/><G49/><T121/><D121/><U28/><E135/><V77/><F77/><W59/><G91/><T127/><D127/><U89/><E128/><V10/><REACH who="2" step="1"/><F98/><REACH who="2" ten="220,290,200,280" step="2"/><W60/><G99/><T72/><D72/><U24/><E28/><V50/><F50/><W88/><G79/><T93/><D119/><U18/><E126/><V25/><F25/><W125/><G125/><T54/><D118/><U58/><E24/><V132/><F132/><W94/><G113/><T84/><D84/><U48/><E115/><V87/><F87/><W131/><G114/><T8/><D106/><U76/><E76/><V95/><F95/><W38/><G94/><T5/><D93/><U70/><E48/><V43/><F43/><W21/><G104/><T11/><D96/><U110/><E110/><V103/><F103/><W105/><G105/><T20/><D78/><U46/><E101/><V53/><F53/><W102/><G131/><T67/><D74/><U100/><E100/><V32/><F32/><W45/><G102/><T111/><D83/><U14/><E89/><V120/><F120/><W6/><G88/><T108/><D54/><U37/><E90/><V69/><F69/><W129/><G129/><T92/><D92/><RYUUKYOKU ba="0,1" sc="220,-10,290,-10,200,30,280,-10" hai2="3,7,9,10,12,22,26,29,47,51,55,80,82" /><INIT seed="5,1,1,0,4,109" ten="210,280,230,270" oya="1" hai0="57,116,61,34,15,28,99,0,37,126,10,100,124" hai1="47,129,41,132,117,85,23,69,9,20,49,17,86" hai2="25,81,58,97,104,92,105,30,54,102,76,14,68" hai3="108,63,87,59,128,7,77,103,91,1,29,95,89"/><U112/><E117/><V67/><F14/><W121/><G108/><T24/><D37/><U8/><E129/><V75/><F68/><W134/><G121/><T2/><D116/><U90/><E132/><V79/><F79/><W98/><G134/><T22/><D34/><U82/><E112/><V43/><F43/><W60/><G128/><T64/><D15/><U51/><E69/><V131/><F131/><W107/><G29/><T38/><D38/><U39/><E39/><V16/><F16/><W42/><G42/><T122/><D122/><U125/><E125/><N who="0" m="48233" /><D10/><N who="1" m="4203" /><E17/><V55/><F67/><W127/><G127/><T119/><D119/><U66/><E66/><V83/><F83/><N who="3" m="47599" /><G1/><T11/><D11/><U70/><E70/><V88/><F58/><W65/><G107/><AGARI ba="1,1" hai="0,2,22,24,28,57,61,64,99,100,107" m="48233" machi="107" ten="30,1000,0" yaku="18,1" doraHai="109" who="0" fromWho="3" sc="210,23,280,0,230,0,270,-13" /><INIT seed="6,0,0,2,4,0" ten="233,280,230,257" oya="2" hai0="27,125,97,60,62,83,38,33,103,29,48,10,36" hai1="126,50,8,42,90,54,107,95,80,91,108,49,130" hai2="58,116,45,122,7,123,40,118,28,129,41,74,65" hai3="76,22,131,85,104,127,82,25,96,53,20,30,101"/><V13/><F74/><W9/><G131/><T120/><D120/><N who="2" m="46122" /><F28/><W18/><G127/><T66/><D125/><U70/><E107/><V77/><F13/><W100/><G100/><T31/><D31/><U78/><E130/><V132/><F7/><W117/><G117/><N who="2" m="45161" /><F77/><W59/><G9/><T71/><D60/><U135/><E78/><V88/><F88/><W11/><G11/><T98/><D48/><U69/><E90/><V61/><F129/><W46/><G46/><T86/><D10/><U12/><E91/><V43/><F132/><W75/><G75/><T110/><D97/><U24/><E24/><V114/><F114/><W17/><REACH who="3" step="1"/><G22/><REACH who="3" ten="233,280,230,247" step="2"/><T57/><D103/><U47/><E8/><V37/><AGARI ba="0,1" hai="37,40,41,43,45,58,61,65" m="45161,46122" machi="37" ten="30,3000,0" yaku="34,2" doraHai="0" who="2" fromWho="2" sc="233,-10,280,-10,230,40,247,-10" /><INIT seed="6,1,0,3,0,46" ten="223,270,270,237" oya="2" hai0="90,39,96,91,64,122,131,79,37,68,114,59,34" hai1="3,97,44,56,73,47,116,65,94,54,89,113,10" hai2="5,107,127,43,109,95,66,12,76,8,132,84,87" hai3="111,118,130,63,117,71,99,105,53,110,20,129,41"/><V112/><F112/><W55/><G20/><T101/><D122/><U85/><E73/><V21/><F127/><W102/><G41/><T119/><D68/><U0/><E116/><N who="3" m="44650" /><G105/><T9/><D34/><U128/><E128/><N who="3" m="49258" /><G99/><T100/><D119/><U28/><E28/><V2/><F107/><W123/><G102/><T126/><D96/><U36/><E36/><V70/><F109/><N who="3" m="41483" /><G123/><T31/><D101/><U58/><E97/><V1/><F43/><W104/><G104/><T25/><D100/><U38/><E38/><V50/><F21/><W14/><G14/><T60/><D37/><U4/><E0/><V7/><F12/><W35/><G35/><T92/><D39/><U124/><E3/><V108/><F108/><W23/><G23/><T6/><D131/><U115/><E113/><V134/><F1/><W33/><G33/><T106/><D114/><U24/><E115/><V77/><F2/><W45/><G45/><T125/><D106/><U80/><E47/><V16/><F132/><W88/><G88/><T40/><D90/><U86/><E44/><V52/><F134/><W98/><G98/><T72/><D40/><U135/><E135/><V121/><F121/><W29/><G29/><T11/><D91/><U74/><E89/><V32/><F32/><W19/><G19/><T67/><D31/><U27/><E24/><V82/><F16/><W51/><G51/><T93/><D92/><U42/><E94/><V78/><F95/><W30/><G30/><T17/><D93/><U22/><E27/><V15/><F50/><W13/><G13/><N who="0" m="7343" /><D25/><U18/><E22/><RYUUKYOKU ba="1,0" sc="223,-10,270,-10,270,-10,237,30" hai3="53,55,63,71" /><INIT seed="7,2,0,4,2,84" ten="213,260,260,267" oya="3" hai0="96,115,86,57,81,9,99,37,1,31,118,97,24" hai1="14,98,121,68,16,78,102,41,65,74,104,108,20" hai2="94,18,19,80,64,67,59,8,28,133,27,69,56" hai3="0,135,62,131,87,103,11,130,82,10,129,6,109"/><W4/><G135/><T75/><D118/><U47/><E108/><V49/><F133/><W50/><G109/><T76/><D37/><U85/><E121/><V127/><F127/><W52/><G103/><T58/><D75/><U40/><E74/><V60/><F80/><W2/><G62/><T119/><D119/><U105/><E105/><V100/><F8/><W51/><G52/><T15/><D1/><U83/><E68/><V117/><F117/><W111/><G111/><T70/><D70/><U92/><E65/><V5/><F5/><W35/><G35/><T90/><D76/><AGARI ba="2,0" hai="0,2,4,6,10,11,50,51,76,82,87,129,130,131" machi="76" ten="40,3900,0" yaku="9,1,19,1" doraHai="84" who="3" fromWho="0" sc="213,-45,260,0,260,0,267,45" owari="168,-33.2,260,6.0,260,-14.0,312,41.2" /></mjloggm>