<mjloggm ver="2.3"><GO type="169" lobby="0"/><UN n0="%68%69%73%61%74%6F%E6%A3%92" n1="%E3%81%86%E3%81%A1%E3%83%BC" n2="%61%73%61%64%61%31%32" n3="%E5%9B%9B%E5%AE%AE%E7%B4%85%E8%BC%9D" dan="16,16,17,18" rate="2117.69,2127.10,2167.90,2237.11" sx="M,M,M,F"/><TAIKYOKU oya="0"/><INIT seed="0,0,0,4,2,22" ten="250,250,250,250" oya="0" hai0="95,0,118,85,91,55,99,56,7,135,83,119,61" hai1="128,37,31,77,127,38,4,115,69,70,21,58,60" hai2="124,68,100,76,8,40,29,53,75,81,87,79,49" hai3="103,23,36,72,30,16,43,133,28,89,80,46,6"/><T20/><D135/><U1/><E1/><V45/><F68/><W107/><G133/><T9/><REACH who="0" step="1"/><D20/><REACH who="0" ten="240,250,250,250" step="2"/><U51/><E115/><V90/><F124/><W86/><G23/><T27/><D27/><U15/><E127/><V96/><F8/><W32/><G32/><T19/><D19/><U74/><E21/><V57/><F29/><W24/><G16/><T26/><D26/><U125/><E31/><V17/><F17/><W98/><G24/><T18/><D18/><U11/><E125/><V102/><F75/><W106/><G72/><T122/><D122/><U132/><E132/><V47/><F47/><W94/><G6/><T93/><D93/><U64/><E128/><V113/><F113/><W120/><G120/><T39/><D39/><U108/><E38/><V123/><F123/><W126/><G126/><T105/><D105/><U65/><E37/><V33/><F33/><W66/><G107/><T116/><D116/><U14/><E74/><V35/><F35/><W117/><G106/><T2/><D2/><U84/><E15/><V10/><F10/><W97/><G117/><T54/><D54/><U59/><E14/><V112/><F112/><W78/><G30/><T41/><D41/><U63/><E11/><V114/><F114/><W109/><G28/><T62/><D62/><U130/><E4/><V67/><F40/><W48/><G36/><T92/><D92/><U111/><E63/><V3/><F3/><W129/><G129/><T12/><D12/><U50/><E130/><V73/><F73/><W101/><G43/><T13/><D13/><U131/><E131/><RYUUKYOKU ba="0,1" sc="240,30,250,-10,250,-10,250,-10" hai0="0,7,9,55,56,61,83,85,91,95,99,118,119" /><INIT seed="0,1,1,5,2,68" ten="270,240,240,240" oya="0" hai0="49,5,124,50,74,129,58,24,79,36,19,18,20" hai1="87,90,113,44,118,30,33,120,7,60,26,14,22" hai2="17,0,80,111,29,11,57,125,127,4,37,135,10" hai3="106,54,72,78,115,108,76,69,117,83,45,55,107"/><T46/><D129/><U27/><E118/><V123/><F123/><W82/><G117/><T59/><D5/><U31/><E120/><V61/><F135/><W130/><G115/><T75/><D79/><U131/><E131/><V77/><F29/><W105/><G130/><T16/><D124/><N who="2" m="47690" /><F111/><W1/><G108/><T100/><D100/><U104/><E104/><V103/><F103/><W116/><G116/><T12/><D49/><U62/><E113/><V99/><F99/><W28/><G69/><T96/><D96/><U94/><E44/><V40/><F11/><W110/><G110/><T97/><D97/><U35/><REACH who="1" step="1"/><E22/><REACH who="1" ten="270,230,240,240" step="2"/><V95/><F95/><W85/><G45/><T109/><D109/><U122/><E122/><V6/><F10/><AGARI ba="1,2" hai="7,10,14,26,27,30,31,33,35,60,62,87,90,94" machi="10" ten="40,2600,0" yaku="1,1,9,1,53,0" doraHai="68" doraHaiUra="66" who="1" fromWho="2" sc="270,0,230,49,240,-29,240,0" /><INIT seed="1,0,0,5,1,123" ten="270,279,211,240" oya="1" hai0="38,73,21,108,100,8,19,39,104,112,130,77,74" hai1="47,55,115,86,30,96,20,117,26,75,98,50,121" hai2="0,53,34,118,44,84,12,81,95,37,132,103,93" hai3="56,92,23,62,135,88,24,128,14,51,65,72,17"/><U3/><E75/><V40/><F0/><W46/><G128/><T101/><D112/><U134/><E115/><V116/><F132/><W119/><G135/><T7/><D130/><U2/><E134/><V66/><F34/><W67/><G72/><T11/><D77/><U13/><E117/><V41/><F66/><W22/><G119/><T133/><D133/><U42/><E121/><V49/><F41/><W15/><G65/><T35/><D35/><U78/><E2/><V106/><F106/><W5/><G5/><T124/><D104/><U60/><E3/><V6/><F37/><W80/><G80/><T57/><D57/><N who="1" m="34879" /><E13/><V129/><F129/><W131/><G22/><T69/><D21/><U82/><AGARI ba="0,0" hai="20,26,30,42,47,50,78,82,86,96,98" m="34879" machi="82" ten="30,1500,0" yaku="8,1" doraHai="123" who="1" fromWho="1" sc="270,-5,279,15,211,-5,240,-5" /><INIT seed="1,1,0,3,2,132" ten="265,294,206,235" oya="1" hai0="131,95,123,68,70,78,72,27,125,39,93,44,80" hai1="42,116,69,1,129,15,87,71,92,83,13,33,98" hai2="86,47,56,5,64,124,9,60,63,117,110,89,115" hai3="114,94,52,103,104,0,101,120,133,17,61,128,50"/><U37/><E1/><V67/><F117/><W107/><G133/><T7/><D131/><U18/><E116/><V29/><F29/><W11/><G120/><T14/><D27/><U48/><E37/><V30/><F30/><W16/><G114/><T99/><D93/><U51/><E33/><V66/><F110/><W49/><G128/><T85/><D72/><U53/><E129/><V22/><F22/><W12/><G0/><T77/><D78/><U34/><E34/><V126/><F47/><W106/><G61/><T135/><D123/><U35/><E35/><V45/><F45/><W134/><G134/><T58/><D58/><U55/><E42/><V23/><F23/><W112/><G112/><T73/><D73/><U84/><E92/><V54/><F63/><W108/><G50/><T113/><D113/><U32/><E32/><V26/><F26/><W97/><G108/><T28/><D28/><U100/><E98/><V62/><F60/><W81/><G81/><T65/><D65/><U6/><E83/><V2/><F115/><W20/><G103/><T57/><D57/><U122/><E100/><V118/><F118/><W36/><G36/><T10/><D135/><U43/><E43/><V130/><F130/><W90/><G101/><T76/><D77/><U82/><E82/><V109/><F109/><W102/><G102/><T40/><D125/><N who="2" m="48234" /><F66/><W31/><G31/><T24/><D24/><U74/><E122/><V127/><N who="2" m="48242" /><V41/><DORA hai="38" /><F41/><W21/><G21/><T19/><D40/><U4/><E74/><V96/><F96/><W3/><G97/><RYUUKYOKU ba="1,0" sc="265,-15,294,15,206,15,235,-15" hai1="4,6,13,15,18,48,51,53,55,69,71,84,87" hai2="2,5,9,54,56,62,64,67,86,89" /><INIT seed="1,2,0,1,0,52" ten="250,309,221,220" oya="1" hai0="133,43,22,78,61,111,16,99,100,85,86,88,44" hai1="35,31,19,47,40,57,98,39,4,117,42,53,8" hai2="3,59,122,84,107,127,13,11,120,17,74,83,2" hai3="96,9,72,68,123,104,58,106,92,94,33,115,26"/><U45/><E117/><V14/><F74/><W56/><G68/><T30/><D30/><U95/><E19/><V54/><F107/><W48/><G115/><T6/><D6/><U36/><E31/><V91/><F127/><W7/><G72/><T109/><D78/><U49/><E35/><V5/><F14/><W23/><G33/><T37/><D85/><U87/><E87/><V50/><REACH who="2" step="1"/><F2/><REACH who="2" ten="250,309,211,220" step="2"/><W0/><G106/><T27/><D109/><U79/><E79/><V82/><F82/><W69/><G104/><T126/><D111/><U46/><E39/><V121/><F121/><W128/><G0/><T97/><D126/><U67/><E36/><V103/><F103/><W129/><G123/><T125/><D100/><N who="1" m="60511" /><E67/><V131/><F131/><W38/><G38/><T89/><D125/><U64/><E64/><V118/><F118/><W55/><G128/><T12/><D12/><AGARI ba="2,1" hai="4,8,12,40,42,45,46,47,49,53,57" m="60511" machi="12" ten="30,2900,0" yaku="8,1,52,1" doraHai="52" who="1" fromWho="0" sc="250,-35,309,45,211,0,220,0" /><INIT seed="1,3,0,2,1,108" ten="215,354,211,220" oya="1" hai0="8,90,67,105,49,76,113,72,78,95,77,133,11" hai1="91,73,4,79,86,82,120,1,81,20,107,44,84" hai2="17,127,58,7,48,42,31,53,28,128,15,112,50" hai3="131,110,63,14,64,45,96,80,114,40,134,93,122"/><U74/><E1/><V70/><F70/><W116/><G110/><T119/><D105/><U106/><E4/><V12/><F128/><W117/><G122/><T16/><D133/><U9/><E9/><V135/><F135/><W121/><G121/><T57/><D113/><U21/><E120/><V92/><F127/><W22/><G134/><T18/><D72/><N who="1" m="43239" /><E44/><V25/><F112/><W27/><G114/><T6/><D119/><U68/><E21/><V88/><F25/><W118/><G80/><T23/><D6/><U5/><E20/><N who="2" m="11303" /><F42/><W29/><G131/><T51/><D67/><U41/><E5/><V104/><F104/><N who="1" m="39977" /><E41/><V59/><F50/><N who="0" m="18954" /><D57/><U85/><E68/><V99/><F58/><W97/><G14/><N who="0" m="9623" /><D18/><U109/><E109/><V26/><F26/><W47/><G40/><T32/><D32/><U132/><E132/><V65/><F65/><W35/><G35/><T43/><D43/><U103/><E103/><V0/><F0/><W10/><G10/><AGARI ba="3,0" hai="7,10,15,28,31,48,53,59,88,92,99" m="11303" machi="10" ten="30,2000,0" yaku="8,1,54,1" doraHai="108" who="2" fromWho="3" sc="215,0,354,0,211,29,220,-29" /><INIT seed="2,0,0,5,3,132" ten="215,354,240,191" oya="2" hai0="61,39,85,4,48,57,51,108,10,50,32,73,43" hai1="64,104,9,130,0,79,87,118,115,41,31,65,95" hai2="81,129,120,63,24,122,128,36,92,119,89,121,58" hai3="117,116,68,16,56,110,125,106,59,105,91,40,25"/><V13/><F36/><W53/><G68/><T101/><D32/><U123/><E104/><V94/><F13/><W112/><G110/><T113/><D73/><U124/><E115/><V8/><F8/><W114/><G40/><T15/><D108/><U6/><E118/><V14/><F14/><W72/><G72/><T55/><D101/><U27/><E130/><N who="2" m="50283" /><F119/><W82/><G82/><T102/><D102/><U86/><E41/><V78/><F24/><W22/><G91/><T71/><D85/><U45/><E45/><V44/><F44/><W7/><G7/><T46/><REACH who="0" step="1"/><D113/><REACH who="0" ten="205,354,240,191" step="2"/><U83/><E87/><N who="2" m="50415" /><F78/><W67/><G117/><T99/><D99/><U93/><E79/><V88/><F88/><W60/><G116/><T96/><D96/><U33/><E86/><V77/><F77/><W19/><G114/><T20/><D20/><U5/><E33/><V62/><F121/><W49/><G112/><T70/><AGARI ba="0,1" hai="4,10,15,39,43,46,48,50,51,55,57,61,70,71" machi="70" ten="30,2000,0" yaku="1,1,0,1,53,0" doraHai="132" doraHaiUra="80" who="0" fromWho="0" sc="205,30,354,-5,240,-10,191,-5" /><INIT seed="3,0,0,1,3,105" ten="235,349,230,186" oya="3" hai0="63,110,78,121,76,82,46,52,125,18,103,114,56" hai1="106,54,113,91,94,21,1,38,131,83,65,44,104" hai2="96,109,115,112,102,119,57,88,13,22,35,130,120" hai3="49,31,126,14,15,0,55,79,90,135,101,116,23"/><W81/><G116/><T129/><D121/><U27/><E1/><V41/><F35/><W36/><G36/><T89/><D129/><U33/><E33/><V11/><F119/><W100/><G0/><T9/><D110/><U133/><E113/><V70/><F70/><W99/><G126/><T98/><D125/><U75/><E65/><V28/><F109/><W4/><G90/><T68/><D68/><U124/><E124/><V43/><F130/><W10/><G135/><T51/><D103/><U86/><E131/><V53/><F120/><W73/><G99/><T95/><D114/><U80/><E80/><V5/><F112/><W66/><G66/><T26/><D82/><U69/><E69/><V107/><F115/><W92/><G92/><T132/><D132/><U72/><E133/><V34/><F34/><W37/><G37/><T12/><REACH who="0" step="1"/><D26/><REACH who="0" ten="225,349,230,186" step="2"/><U16/><E83/><V50/><F102/><W122/><G122/><T127/><D127/><U118/><E118/><V87/><F107/><W29/><G100/><T8/><D8/><U24/><E24/><N who="2" m="16407" /><F96/><W71/><G101/><T6/><D6/><U3/><E104/><V58/><F57/><W61/><G71/><T20/><D20/><U59/><E106/><V32/><F32/><W93/><G93/><AGARI ba="0,1" hai="5,11,13,41,43,50,53,58,87,88,93" m="16407" machi="93" ten="30,2000,0" yaku="8,1,54,1" doraHai="105" who="2" fromWho="3" sc="225,0,349,0,230,30,186,-20" /><INIT seed="4,0,0,1,5,103" ten="225,349,260,166" oya="0" hai0="12,93,61,53,51,49,58,33,20,43,87,84,114" hai1="34,129,29,102,9,42,2,8,76,128,118,122,10" hai2="24,79,67,27,69,120,4,80,38,62,3,98,81" hai3="71,108,7,19,127,65,73,56,1,60,35,0,26"/><T124/><D33/><U89/><E118/><V48/><F120/><W131/><G108/><T28/><D114/><U57/><E76/><V109/><F109/><W11/><G127/><T99/><D124/><U105/><E42/><V63/><F63/><W25/><G73/><T77/><D77/><U50/><E122/><V135/><F81/><W125/><G125/><T47/><D61/><U37/><E37/><V121/><F135/><W23/><G131/><T72/><D72/><U74/><E74/><V86/><F38/><W92/><G1/><T100/><REACH who="0" step="1"/><D12/><REACH who="0" ten="215,349,260,166" step="2"/><U83/><E34/><V85/><F121/><W55/><G35/><T52/><D52/><U17/><E128/><V5/><F62/><W106/><G55/><T36/><D36/><U78/><E129/><V75/><F79/><W40/><G71/><T126/><D126/><U59/><E78/><V113/><F69/><W97/><G40/><T41/><D41/><U54/><E54/><V82/><F113/><W16/><G25/><AGARI ba="0,1" hai="20,25,28,43,47,49,51,53,58,84,87,93,99,100" machi="25" ten="40,7700,0" yaku="1,1,8,1,53,1" doraHai="103" doraHaiUra="90" who="0" fromWho="3" sc="215,87,349,0,260,0,166,-77" /><INIT seed="4,1,0,3,5,114" ten="302,349,260,89" oya="0" hai0="117,98,78,94,81,27,112,8,66,17,34,60,58" hai1="6,46,33,4,16,88,23,120,31,2,19,25,100" hai2="134,21,62,132,54,113,83,72,10,65,133,14,0" hai3="50,89,18,119,82,69,52,64,115,76,29,28,125"/><T99/><D112/><U24/><E120/><V124/><F113/><W43/><G115/><T44/><D117/><U61/><E100/><V111/><F111/><W35/><G125/><T130/><D130/><U20/><E2/><V128/><F54/><W92/><G119/><T75/><D44/><U126/><E126/><V26/><F124/><W71/><G43/><T122/><D122/><U37/><E61/><V84/><F72/><W56/><G35/><T129/><D129/><U97/><E37/><V59/><F0/><W48/><G48/><T90/><D34/><U103/><E88/><N who="2" m="51231" /><F128/><W131/><G131/><T116/><D116/><U22/><E46/><V95/><F95/><W41/><G41/><T106/><D8/><U123/><E33/><V107/><F107/><W39/><G39/><T5/><D5/><U127/><E123/><V30/><F10/><W40/><G40/><T96/><REACH who="0" step="1"/><D106/><REACH who="0" ten="292,349,260,89" step="2"/><U63/><E127/><V86/><F133/><W80/><G69/><T11/><D11/><U104/><REACH who="1" step="1"/><E63/><REACH who="1" ten="292,339,260,89" step="2"/><V85/><F134/><W15/><G71/><T79/><D79/><U9/><E9/><V47/><F132/><W102/><G76/><T91/><D91/><U55/><E55/><V36/><F47/><W51/><G89/><T38/><D38/><U45/><E45/><V49/><F36/><W70/><G51/><T121/><D121/><U1/><E1/><V108/><F49/><W12/><G70/><T57/><D57/><U53/><E53/><V74/><F59/><W68/><G68/><T32/><D32/><U77/><E77/><V135/><F62/><RYUUKYOKU ba="1,2" sc="292,15,339,15,260,-15,89,-15" hai0="17,27,58,60,66,75,78,81,90,94,96,98,99" hai1="4,6,16,19,20,22,23,24,25,31,97,103,104" /><INIT seed="4,2,2,2,5,28" ten="307,354,245,74" oya="0" hai0="126,9,75,73,19,134,78,80,124,96,63,74,106" hai1="100,98,36,131,93,113,49,42,65,121,18,12,105" hai2="123,84,55,57,38,107,88,16,82,30,135,117,68" hai3="22,60,127,8,20,52,119,110,91,120,14,23,111"/><T83/><D9/><U79/><E121/><V1/><F123/><W70/><G120/><T13/><D13/><U76/><E36/><V102/><F68/><W95/><G119/><T15/><D15/><U37/><E37/><V21/><F38/><W6/><G127/><N who="0" m="48683" /><D19/><U71/><E131/><V129/><F1/><W29/><G70/><T132/><D63/><U50/><E113/><V122/><F122/><W53/><G29/><T104/><D96/><U5/><E105/><N who="0" m="40553" /><D78/><U24/><E5/><V61/><F129/><W108/><REACH who="3" step="1"/><G60/><REACH who="3" ten="307,354,245,64" step="2"/><T85/><D85/><AGARI ba="2,3" hai="6,8,14,20,22,23,52,53,85,91,95,108,110,111" machi="85" ten="50,6400,0" yaku="1,1,2,1,54,1,53,0" doraHai="28" doraHaiUra="58" who="3" fromWho="0" sc="307,-70,354,0,245,0,64,100" /><INIT seed="5,0,0,1,1,80" ten="237,354,245,164" oya="1" hai0="66,127,76,64,102,40,101,58,86,116,81,96,79" hai1="118,46,97,95,0,112,10,65,63,110,31,4,28" hai2="133,82,47,51,132,8,121,45,39,129,68,134,108" hai3="48,74,103,15,32,59,75,98,34,21,29,30,92"/><U36/><E112/><V41/><F8/><W38/><G38/><T111/><D111/><U99/><E118/><V125/><F82/><W89/><G34/><T17/><D40/><U13/><E110/><V114/><F108/><W55/><G32/><T135/><D79/><U9/><E97/><V14/><F14/><W73/><G21/><T85/><D127/><U115/><E46/><V25/><F25/><W52/><G15/><T3/><D3/><U109/><E36/><V71/><F121/><W105/><REACH who="3" step="1"/><G55/><REACH who="3" ten="237,354,245,154" step="2"/><T94/><D116/><U62/><E109/><V106/><F125/><W107/><G107/><T100/><D135/><U16/><E115/><V77/><F106/><W104/><G104/><T44/><D17/><U126/><E126/><V122/><F114/><W7/><G7/><T84/><D81/><U49/><E16/><V1/><F1/><W88/><G88/><N who="0" m="55367" /><D76/><U18/><E18/><V128/><F77/><W124/><G124/><T131/><D131/><N who="2" m="50250" /><F122/><W20/><G20/><T93/><D93/><U22/><E95/><V54/><AGARI ba="0,1" hai="39,41,45,47,51,54,68,71,132,133,134" m="50250" machi="54" ten="40,8000,1" yaku="20,1,19,1,34,2" doraHai="80" who="2" fromWho="2" sc="237,-20,354,-40,245,90,154,-20" /><INIT seed="6,0,0,2,1,131" ten="217,314,335,134" oya="2" hai0="76,112,74,5,17,36,28,117,115,93,35,127,67" hai1="73,60,116,95,10,49,70,111,100,14,132,129,19" hai2="57,38,65,97,134,3,40,63,1,27,125,84,105" hai3="6,80,18,82,118,52,51,94,58,22,61,46,78"/><V89/><F125/><W96/><G118/><T110/><D110/><U71/><E111/><V102/><F40/><W85/><G6/><T77/><D36/><U81/><E116/><V108/><F38/><W113/><G113/><T121/><D121/><U98/><E129/><V79/><F108/><W25/><G85/><T128/><D5/><U135/><E49/><V99/><F99/><W32/><G78/><T2/><D2/><U92/><E92/><V90/><F90/><W130/><G32/><T31/><D93/><U48/><E48/><V34/><F79/><W21/><G21/><T29/><D128/><U41/><E41/><V37/><F37/><W87/><G87/><T86/><D74/><U66/><E71/><V123/><F123/><W88/><REACH who="3" step="1"/><G130/><REACH who="3" ten="217,314,335,124" step="2"/><T43/><D117/><U13/><E73/><V106/><F34/><W69/><G69/><T59/><D35/><U120/><E120/><V75/><F84/><W8/><G8/><T11/><D112/><U64/><E81/><V15/><F75/><W44/><G44/><T9/><D115/><U122/><E122/><V12/><F97/><W39/><G39/><T7/><D7/><U56/><E14/><V103/><F1/><W4/><G4/><T50/><D11/><U119/><E119/><V0/><F12/><W47/><G47/><T114/><D114/><U133/><E70/><N who="2" m="42303" /><F15/><W55/><AGARI ba="0,1" hai="18,22,25,46,51,52,55,58,61,80,82,88,94,96" machi="55" ten="20,16000,3" yaku="1,1,0,1,7,1,25,2,8,1,54,2,53,0" doraHai="131" doraHaiUra="104" who="3" fromWho="3" sc="217,-40,314,-40,335,-80,124,170" /><INIT seed="7,0,0,1,1,123" ten="177,274,255,294" oya="3" hai0="34,60,99,79,73,29,46,130,90,120,133,57,9" hai1="87,35,7,64,42,38,115,111,51,59,47,3,54" hai2="22,108,43,11,93,31,62,131,70,114,97,112,23" hai3="105,89,26,81,25,75,103,113,4,122,91,5,85"/><W86/><G122/><T18/><D120/><U14/><E35/><V17/><F43/><W117/><G117/><T37/><D130/><U39/><E111/><V19/><F131/><W30/><G75/><T20/><D34/><U53/><E3/><V45/><F45/><W21/><G113/><N who="2" m="43625" /><F108/><W109/><G109/><T2/><D29/><U49/><E115/><V126/><F126/><W71/><G71/><T116/><D133/><U107/><E107/><V94/><F11/><W129/><G129/><T32/><D32/><U13/><E7/><V68/><F31/><W98/><G25/><T92/><D37/><U55/><E87/><V135/><F135/><W69/><G69/><N who="2" m="26729" /><F62/><W80/><AGARI ba="0,0" hai="4,5,21,26,30,80,81,85,86,89,91,98,103,105" machi="80" ten="20,3900,0" yaku="0,1,7,1,9,1" doraHai="123" who="3" fromWho="3" sc="177,-13,274,-13,255,-13,294,39" owari="164,-33.6,261,6.1,242,-15.8,333,43.3" /></mjloggm>