<mjloggm ver="2.3"><GO type="169" lobby="0"/><UN n0="%74%61%6B%65%33" n1="%E9%87%8E%E4%B8%AD%E6%99%B4" n2="%E7%A9%B4%E7%8C%AB" n3="%E3%82%B4%E3%83%BC%E3%83%AB%E3%83%89%E3%82%B7%E3%83%83%E3%83%97" dan="17,16,16,16" rate="2214.83,2061.71,2075.27,2105.24" sx="M,F,M,M"/><TAIKYOKU oya="0"/><INIT seed="0,0,0,0,3,92" ten="250,250,250,250" oya="0" hai0="13,113,3,20,64,47,30,107,50,39,134,44,24" hai1="10,87,0,28,89,35,71,86,36,119,94,6,15" hai2="74,53,131,126,34,130,31,22,11,48,2,68,81" hai3="46,55,93,17,132,133,85,40,67,114,76,42,83"/><T23/><D113/><U7/><E71/><V120/><F120/><W91/><G114/><T27/><D134/><U106/><E106/><V84/><F74/><W122/><G122/><T135/><D135/><N who="3" m="51785" /><G67/><T79/><D3/><U57/><E36/><V112/><F112/><W105/><G105/><T115/><D115/><U111/><E119/><V127/><F68/><W125/><G125/><N who="2" m="47625" /><F34/><W69/><G69/><T18/><D107/><U78/><E111/><V128/><F31/><W66/><G66/><T19/><D39/><U101/><E101/><V109/><F22/><W12/><G55/><T104/><D104/><U52/><E6/><N who="2" m="1495" /><F109/><W62/><G46/><T41/><D64/><U56/><E0/><V88/><F128/><W103/><G103/><T98/><D47/><AGARI ba="0,0" hai="47,48,53,81,84,88,130,131" m="1495,47625" machi="47" ten="30,2000,0" yaku="18,1,54,1" doraHai="92" who="2" fromWho="0" sc="250,-20,250,0,250,20,250,0" /><INIT seed="1,0,0,2,1,114" ten="230,250,270,250" oya="1" hai0="94,89,127,52,32,25,38,57,112,85,49,31,33" hai1="50,51,118,24,76,70,11,26,131,6,22,13,65" hai2="105,90,121,34,58,68,3,109,14,59,124,79,108" hai3="113,83,45,103,100,81,4,78,28,37,16,87,126"/><U132/><E132/><V133/><F121/><W46/><G113/><T43/><D112/><U67/><E131/><V134/><F3/><W115/><G115/><T9/><D127/><U19/><E118/><V54/><F34/><W71/><G71/><T96/><D9/><U10/><E76/><V119/><F105/><W130/><G130/><T97/><REACH who="0" step="1"/><D33/><REACH who="0" ten="220,250,270,250" step="2"/><U12/><E70/><V123/><F68/><W80/><G126/><T102/><D102/><U17/><E6/><V93/><F124/><W84/><G4/><T42/><D42/><U5/><E5/><V47/><F133/><W135/><G135/><T20/><D20/><AGARI ba="0,1" hai="10,11,12,13,17,19,20,22,24,26,50,51,65,67" machi="20" ten="25,4800,0" yaku="22,2,8,1" doraHai="114" who="1" fromWho="0" sc="220,-48,250,58,270,0,250,0" /><INIT seed="1,1,0,3,1,60" ten="172,308,270,250" oya="1" hai0="32,135,128,90,112,63,86,42,85,94,52,101,50" hai1="114,26,55,73,22,57,10,30,89,6,34,65,131" hai2="111,46,118,15,45,66,82,98,77,41,127,39,100" hai3="119,117,126,4,93,9,103,95,17,47,113,67,38"/><U1/><E131/><V43/><F111/><W40/><G113/><T12/><D112/><U64/><E73/><V92/><F127/><W11/><G126/><T70/><D128/><U7/><E114/><V33/><F33/><W28/><G28/><T115/><D115/><U80/><E7/><V56/><F118/><W76/><G76/><T44/><D135/><U116/><E116/><V24/><F24/><W27/><G103/><T3/><D3/><U37/><E37/><V0/><F0/><W133/><G133/><T121/><D121/><U129/><E129/><V14/><F56/><W69/><G117/><T71/><D32/><U108/><E108/><V124/><F66/><W104/><G104/><T48/><D101/><U75/><E34/><V122/><F122/><W120/><G120/><T107/><D107/><U13/><E1/><V31/><F31/><W84/><G84/><T97/><D12/><U23/><E23/><V99/><F99/><W68/><G68/><T91/><D63/><N who="1" m="36287" /><E75/><V88/><F100/><W21/><G11/><T132/><D132/><U59/><E59/><V105/><F105/><W51/><G38/><T18/><D18/><U125/><E125/><V134/><F134/><W102/><G102/><T110/><D110/><U54/><E54/><V19/><F19/><W49/><G119/><T25/><D25/><U79/><E79/><V53/><F53/><W36/><G4/><T58/><REACH who="0" step="1"/><D97/><REACH who="0" ten="162,308,270,250" step="2"/><U16/><E30/><V2/><F2/><W96/><G96/><T106/><D106/><U78/><E13/><V130/><F130/><W35/><G35/><RYUUKYOKU ba="1,1" sc="162,30,308,-10,270,-10,250,-10" hai0="42,44,48,50,52,58,70,71,85,86,90,91,94" /><INIT seed="2,2,1,3,4,61" ten="192,298,260,240" oya="2" hai0="35,15,22,17,87,94,25,30,46,47,124,62,121" hai1="132,50,133,130,24,44,71,1,56,81,28,76,91" hai2="0,2,51,5,45,105,96,103,63,84,110,117,58" hai3="134,100,8,33,11,126,79,118,97,89,75,40,109"/><V53/><F117/><W119/><G33/><T67/><D121/><U90/><E71/><V86/><F110/><W4/><G109/><T101/><D124/><U127/><E1/><V39/><F39/><W95/><G126/><T72/><D72/><U83/><E56/><V106/><F106/><W27/><G134/><N who="1" m="51818" /><E130/><V34/><F34/><W55/><G40/><T60/><D60/><U31/><E127/><V48/><F48/><W3/><G11/><T80/><D101/><U21/><E31/><V49/><F49/><W18/><G55/><T19/><D19/><U66/><E66/><V68/><F68/><W113/><G113/><T74/><D74/><N who="1" m="43159" /><E83/><V41/><REACH who="2" step="1"/><F5/><REACH who="2" ten="192,298,250,240" step="2"/><W88/><G119/><T107/><D107/><U123/><E123/><V13/><F13/><W108/><G118/><T104/><D104/><U52/><AGARI ba="2,2" hai="21,24,28,44,50,52,90,91" m="43159,51818" machi="52" ten="30,2000,0" yaku="20,1,54,1" doraHai="61" who="1" fromWho="1" sc="192,-7,298,46,250,-12,240,-7" /><INIT seed="3,0,0,0,1,18" ten="185,344,238,233" oya="3" hai0="20,70,93,14,121,101,116,110,71,3,35,104,47" hai1="31,133,89,7,21,15,91,44,92,127,30,57,11" hai2="37,58,19,6,108,60,118,48,120,45,73,54,5" hai3="62,86,115,124,29,46,28,16,94,129,22,76,131"/><W113/><G124/><T135/><D116/><U66/><E133/><V105/><F118/><W24/><G46/><T65/><D121/><U49/><E127/><V77/><F105/><W75/><G75/><T27/><D3/><U1/><E66/><V125/><F125/><W10/><G62/><T4/><D104/><U69/><E69/><V102/><F102/><W87/><G86/><T39/><D135/><U23/><E57/><V17/><F120/><W53/><G53/><T72/><D72/><U2/><E2/><V51/><F37/><W25/><G76/><T132/><D65/><U50/><E1/><V12/><F108/><W52/><G94/><T84/><D110/><U97/><E89/><V122/><F122/><W90/><G52/><T88/><D101/><U98/><E98/><V78/><F51/><N who="1" m="19465" /><E44/><V61/><F61/><W43/><G87/><T107/><D107/><U33/><E33/><V123/><F123/><W109/><G90/><T95/><D95/><U126/><E126/><V64/><F19/><W59/><G59/><T80/><D93/><U38/><E38/><V96/><F96/><W111/><G43/><T130/><D132/><U134/><E134/><V81/><REACH who="2" step="1"/><F77/><REACH who="2" ten="185,344,228,233" step="2"/><W119/><G119/><T41/><D39/><U114/><E114/><N who="3" m="43530" /><G111/><T79/><D79/><U83/><E83/><V103/><F103/><W26/><G109/><T117/><D117/><U128/><E128/><N who="3" m="49226" /><G10/><AGARI ba="0,1" hai="5,6,10,12,17,45,48,54,58,60,64,73,78,81" machi="10" ten="30,2000,0" yaku="1,1,7,1,53,0" doraHai="18" doraHaiUra="67" who="2" fromWho="3" sc="185,0,344,0,228,30,233,-20" /><INIT seed="4,0,0,4,5,87" ten="185,344,258,213" oya="0" hai0="103,119,126,2,9,24,57,124,16,14,77,6,117" hai1="19,29,112,134,7,105,127,130,111,121,95,26,66" hai2="100,132,12,28,47,129,97,108,39,5,82,34,125" hai3="78,55,94,118,86,35,76,85,101,114,115,40,54"/><T122/><D122/><U93/><E66/><V81/><F108/><W8/><G35/><T18/><D103/><U64/><E64/><V133/><F34/><W30/><G30/><T62/><D77/><N who="3" m="29801" /><G8/><N who="0" m="2135" /><D57/><U71/><E95/><V67/><F28/><W25/><G25/><T91/><D62/><U96/><E93/><V79/><F67/><W83/><G94/><T23/><D91/><U98/><E19/><V68/><F68/><W20/><G101/><T88/><D88/><U102/><E7/><V38/><F5/><W120/><G40/><T56/><D56/><U33/><E98/><V21/><F21/><W65/><G65/><T58/><D58/><U75/><E26/><V32/><F32/><W128/><G83/><T49/><D49/><U37/><E29/><V59/><F82/><W10/><G120/><T110/><D110/><U69/><E96/><V41/><F39/><W13/><G86/><T89/><D89/><U46/><E46/><V22/><F100/><W104/><G85/><T1/><D1/><U123/><E102/><V0/><F0/><W17/><G55/><T135/><D135/><U53/><E53/><V60/><F41/><W99/><G54/><T15/><D15/><U131/><E123/><V61/><F38/><W31/><G13/><T45/><D45/><U11/><E71/><V63/><F12/><W4/><G99/><T42/><D42/><U107/><E105/><V36/><F97/><W84/><G84/><T80/><D80/><U50/><E50/><V3/><F132/><W44/><G44/><T52/><D52/><U74/><E134/><RYUUKYOKU ba="0,0" sc="185,30,344,-10,258,-10,213,-10" hai0="9,14,16,18,23,24,117,119,124,126" /><INIT seed="4,1,0,3,0,91" ten="215,334,248,203" oya="0" hai0="72,21,40,17,16,61,52,104,87,62,111,112,121" hai1="128,98,96,69,105,68,28,39,9,73,54,0,41" hai2="5,120,37,55,27,15,99,65,31,83,123,7,43" hai3="92,42,63,36,50,74,77,60,46,8,85,18,67"/><T53/><D121/><U32/><E54/><V133/><F65/><W48/><G74/><T131/><D72/><U84/><E84/><V90/><F133/><W100/><G77/><T81/><D104/><U103/><E128/><V45/><F7/><W71/><G63/><N who="0" m="24075" /><D131/><U95/><E73/><V70/><F70/><W117/><G117/><T76/><D112/><U75/><E75/><V119/><F119/><W14/><REACH who="3" step="1"/><G100/><REACH who="3" ten="215,334,248,193" step="2"/><T30/><D111/><U44/><E69/><V129/><F129/><W89/><AGARI ba="1,1" hai="8,14,18,36,42,46,48,50,60,67,71,85,89,92" machi="89" ten="30,7900,0" yaku="1,1,2,1,0,1,52,1,53,0" doraHai="91" doraHaiUra="109" who="3" fromWho="3" sc="215,-40,334,-21,248,-21,193,92" /><INIT seed="5,0,0,5,2,77" ten="175,313,227,285" oya="1" hai0="95,80,4,33,49,59,122,125,44,43,28,128,42" hai1="89,127,20,115,13,0,118,41,70,17,7,105,58" hai2="26,131,110,29,104,109,135,81,54,120,40,65,71" hai3="62,12,132,134,103,72,90,16,119,93,55,130,79"/><U85/><E118/><V8/><F120/><W11/><G103/><T24/><D125/><U30/><E70/><V111/><F104/><W106/><G106/><T56/><D128/><U61/><E127/><V101/><F101/><W10/><G130/><T123/><D43/><U92/><E115/><V99/><F131/><W23/><G119/><T75/><D95/><U91/><E105/><V88/><F40/><W76/><G62/><T32/><D4/><U31/><E41/><V97/><F135/><N who="3" m="51755" /><G55/><T86/><D75/><U2/><E2/><V113/><F113/><W129/><G129/><T5/><D5/><U73/><E73/><V133/><F133/><W6/><G72/><T25/><D25/><U102/><E102/><V126/><F126/><W15/><G11/><T100/><D33/><U50/><E91/><V78/><F78/><W47/><G47/><T63/><D100/><U52/><E61/><N who="2" m="40367" /><F8/><AGARI ba="0,0" hai="0,7,8,13,17,20,30,31,50,52,58,85,89,92" machi="8" ten="40,7700,0" yaku="25,2,54,1" doraHai="77" who="1" fromWho="2" sc="175,0,313,77,227,-77,285,0" /><INIT seed="5,1,0,4,4,84" ten="175,390,150,285" oya="1" hai0="101,99,7,128,5,102,31,26,20,61,89,28,77" hai1="52,104,106,12,121,39,117,71,43,108,37,29,66" hai2="87,75,38,45,27,49,56,135,36,73,70,78,19" hai3="86,123,62,81,63,25,107,76,133,33,50,92,120"/><U22/><E121/><V110/><F110/><W113/><G107/><T105/><D128/><U14/><E117/><V41/><F135/><W82/><G133/><T16/><D77/><U79/><E79/><V3/><F3/><W10/><G10/><T122/><D122/><U2/><E2/><V69/><F38/><W93/><G113/><T60/><D102/><U132/><E132/><V1/><F1/><W80/><G120/><T40/><D40/><U13/><E66/><V8/><F69/><W64/><G62/><T17/><D61/><U15/><E71/><V53/><F78/><W130/><G130/><T51/><D51/><U44/><E39/><V74/><F70/><W46/><G25/><T118/><D118/><U90/><E108/><V95/><F8/><W48/><G50/><T85/><D60/><U24/><N who="1" m="3072" /><DORA hai="47" /><U96/><REACH who="1" step="1"/><E52/><REACH who="1" ten="175,380,150,285" step="2"/><V34/><F19/><W94/><G123/><T21/><D17/><U58/><E58/><V30/><REACH who="2" step="1"/><F73/><REACH who="2" ten="175,380,140,285" step="2"/><W65/><G76/><T129/><D129/><U115/><E115/><V112/><F112/><W32/><G46/><T18/><D18/><U72/><E72/><V91/><AGARI ba="1,2" hai="27,30,34,36,41,45,49,53,56,74,75,87,91,95" machi="91" ten="30,8000,1" yaku="1,1,0,1,52,2,53,1" doraHai="84,47" doraHaiUra="68,97" who="2" fromWho="2" sc="175,-21,380,-41,140,103,285,-21" /><INIT seed="6,0,0,3,0,26" ten="154,339,243,264" oya="2" hai0="34,105,62,48,16,116,20,18,94,124,32,87,130" hai1="31,89,107,114,30,39,80,33,53,11,44,72,102" hai2="66,119,110,13,108,82,101,15,5,134,59,49,43" hai3="68,12,127,93,69,118,98,73,76,29,35,77,85"/><V22/><F119/><W7/><G118/><T55/><D105/><U88/><E33/><V42/><F134/><W103/><G73/><T37/><D37/><U61/><E114/><V92/><F82/><W38/><G38/><T97/><D116/><U57/><E107/><V79/><F79/><W96/><G127/><T129/><D124/><U65/><E72/><V100/><F5/><W60/><G85/><T109/><D109/><N who="2" m="42090" /><F66/><W2/><G2/><T117/><D117/><U75/><E102/><N who="2" m="39531" /><F92/><W46/><G98/><T132/><D132/><U120/><E120/><V41/><F22/><W6/><G7/><T47/><D87/><N who="1" m="50279" /><E75/><V84/><F84/><W19/><G6/><T71/><D34/><U64/><E39/><V122/><F122/><W56/><G77/><T9/><D32/><U113/><E113/><V0/><F0/><W95/><G93/><T104/><D104/><U50/><E11/><V24/><F24/><W81/><G81/><T58/><D9/><U126/><E126/><V67/><F67/><N who="1" m="25673" /><E89/><V25/><F25/><W112/><G76/><T63/><D71/><U51/><E61/><V21/><F21/><N who="3" m="11495" /><G68/><T1/><D1/><U28/><E51/><V123/><F123/><W40/><G69/><T17/><D20/><U70/><E70/><V106/><F106/><W52/><G112/><T121/><D121/><U78/><E78/><V74/><F74/><W4/><G35/><T128/><REACH who="0" step="1"/><D58/><AGARI ba="0,0" hai="28,30,31,44,50,53,57,58" m="25673,50279" machi="58" ten="30,8000,1" yaku="8,1,52,3,54,1" doraHai="26" who="1" fromWho="0" sc="154,-80,339,80,243,0,264,0" /><INIT seed="7,0,0,5,2,129" ten="74,419,243,264" oya="3" hai0="121,116,114,19,18,21,41,51,23,13,70,125,5" hai1="62,52,110,80,119,126,54,36,40,89,37,61,98" hai2="14,90,25,69,77,10,100,123,24,107,84,130,9" hai3="95,12,39,35,97,63,50,58,111,57,31,30,42"/><W55/><G111/><T122/><D70/><U108/><E89/><V48/><F69/><W33/><G39/><N who="1" m="14922" /><E98/><V85/><F130/><W20/><G42/><T2/><D41/><U6/><E80/><V106/><F123/><W76/><G76/><T68/><D68/><U46/><E6/><V88/><F77/><W79/><G79/><T91/><D91/><U78/><E78/><V118/><F48/><W86/><G86/><T99/><D99/><U73/><E73/><V60/><F60/><N who="1" m="23145" /><E126/><V56/><F56/><W94/><G94/><T8/><D51/><N who="1" m="27079" /><E119/><V127/><F14/><W112/><G112/><T32/><D116/><U16/><E16/><V71/><F71/><W135/><G135/><T72/><D72/><U49/><E54/><V47/><F118/><W7/><G33/><T134/><D125/><U34/><E34/><V29/><F127/><W81/><G35/><T28/><D114/><U82/><E82/><V27/><F27/><W96/><G81/><T67/><D67/><U92/><E92/><V43/><F43/><W120/><G120/><T4/><D4/><U3/><E3/><V15/><F15/><W22/><G97/><T66/><D66/><U133/><E133/><V53/><F53/><N who="3" m="31927" /><G7/><T11/><D134/><U45/><AGARI ba="0,0" hai="45,49,52,108,110" m="27079,23145,14922" machi="45" ten="30,4000,0" yaku="34,2,54,1" doraHai="129" who="1" fromWho="1" sc="74,-10,419,40,243,-10,264,-20" owari="64,-43.6,459,55.9,233,-16.7,244,4.4" /></mjloggm>