<mjloggm ver="2.3"><GO type="169" lobby="0"/><UN n0="%E5%8D%83%E8%8D%89%E5%8F%B0" n1="%E3%83%9C%E3%82%AF%E3%81%A1%E3%82%83%E3%82%93" n2="%E7%AE%B1%E4%B8%8B%E3%81%AE%E3%82%B1%E3%83%B3%E5%9D%8A" n3="%E3%81%8B%E3%82%8F%E3%81%97%E3%81%83" dan="17,16,16,16" rate="2125.01,2064.68,2137.79,2113.23" sx="M,M,M,M"/><TAIKYOKU oya="0"/><INIT seed="0,0,0,5,3,117" ten="250,250,250,250" oya="0" hai0="21,109,57,13,84,32,19,68,61,122,105,33,103" hai1="43,119,42,85,106,97,101,12,89,113,91,29,2" hai2="49,65,118,20,26,112,72,104,107,55,87,60,99" hai3="88,93,40,3,92,78,110,27,38,129,8,54,75"/><T45/><D68/><U11/><E2/><V41/><F72/><W28/><G110/><T24/><D109/><U95/><E119/><V36/><F112/><W132/><G129/><T22/><D105/><U53/><E113/><V98/><F118/><W76/><G132/><T18/><D103/><U23/><E91/><V64/><F64/><W96/><G38/><T94/><D45/><U125/><E125/><V25/><F41/><W59/><G40/><T4/><D4/><U133/><E133/><V108/><F36/><W70/><G70/><T134/><D134/><U121/><E121/><V37/><F37/><W115/><G75/><T31/><D31/><U79/><E79/><V127/><F127/><W7/><G93/><T82/><D94/><U124/><E53/><V128/><F87/><W56/><G56/><T77/><REACH who="0" step="1"/><D122/><REACH who="0" ten="240,250,250,250" step="2"/><U123/><E123/><V58/><F107/><W17/><G115/><T116/><D116/><U1/><E124/><V100/><F104/><W135/><G135/><T46/><D46/><U66/><E29/><V51/><F100/><W34/><REACH who="3" step="1"/><G17/><REACH who="3" ten="240,250,250,240" step="2"/><T62/><D62/><AGARI ba="0,2" hai="3,7,8,27,28,34,54,59,62,76,78,88,92,96" machi="62" ten="30,7700,0" yaku="1,1,2,1,7,1,54,1,53,0" doraHai="117" doraHaiUra="120" who="3" fromWho="0" sc="240,-77,250,0,250,0,240,97" /><INIT seed="1,0,0,2,3,127" ten="163,250,250,337" oya="1" hai0="3,63,91,118,104,59,120,6,71,92,122,21,135" hai1="53,110,55,40,45,107,48,26,119,115,133,68,132" hai2="78,69,4,13,38,56,88,67,98,113,89,86,33" hai3="79,100,105,57,82,52,109,32,37,61,14,121,130"/><U85/><E107/><V73/><F33/><W74/><G121/><T58/><D104/><U1/><E1/><V75/><F38/><W51/><G37/><T5/><D118/><U27/><E119/><V16/><F69/><W65/><G32/><T112/><D112/><U70/><E27/><V23/><F113/><W41/><G109/><T108/><D108/><U29/><E115/><V22/><F4/><W64/><G105/><T7/><D3/><U102/><E102/><V101/><F78/><W99/><G100/><T31/><D135/><N who="1" m="51787" /><E85/><V111/><F111/><W62/><G99/><T11/><D71/><N who="1" m="27179" /><E110/><V24/><F101/><W87/><G74/><T15/><D122/><U96/><E96/><V124/><F124/><W90/><G79/><T10/><D120/><U9/><E9/><V30/><F98/><W94/><G82/><T126/><D126/><U50/><E50/><V123/><F123/><W43/><G14/><T54/><D10/><U12/><E12/><V35/><F35/><AGARI ba="0,0" hai="26,29,35,40,45,48,53,55" m="27179,51787" machi="35" ten="30,1500,0" yaku="20,1" doraHai="127" who="1" fromWho="2" sc="163,0,250,15,250,-15,337,0" /><INIT seed="1,1,0,3,2,8" ten="163,265,235,337" oya="1" hai0="23,19,39,131,114,25,122,50,47,0,108,35,82" hai1="24,29,32,52,75,87,48,92,59,90,4,63,68" hai2="132,109,30,65,10,60,67,56,88,96,13,78,123" hai3="115,102,9,5,58,91,18,110,84,71,6,2,27"/><U36/><E36/><V130/><F109/><W46/><G71/><T134/><D114/><U41/><E75/><V61/><F123/><W33/><G110/><T16/><D108/><U62/><E68/><V45/><F132/><W121/><G121/><T93/><D35/><U103/><E41/><V42/><F130/><W83/><G115/><T100/><D39/><U129/><E129/><V55/><F78/><W69/><G69/><T20/><D0/><U37/><E37/><V128/><F30/><W104/><G46/><T51/><D131/><U85/><E103/><V77/><F77/><W95/><G5/><T127/><D82/><U66/><E66/><V7/><F61/><W49/><G104/><T74/><D74/><U105/><E105/><V14/><F128/><W112/><G112/><T22/><D22/><U73/><E73/><V3/><F3/><W113/><G113/><T15/><D134/><U89/><REACH who="1" step="1"/><E4/><REACH who="1" ten="163,255,235,337" step="2"/><V17/><F42/><W119/><G102/><T28/><D122/><U107/><E107/><V54/><F67/><W124/><G6/><T111/><D111/><U97/><E97/><V81/><F96/><W117/><G84/><T106/><D106/><U101/><E101/><V135/><F135/><W40/><G40/><T11/><D100/><U98/><E98/><V80/><F65/><W99/><G99/><T38/><D38/><U1/><E1/><V94/><F55/><W64/><G64/><T70/><D70/><U21/><E21/><N who="2" m="11439" /><F45/><W31/><G2/><T86/><D47/><U76/><E76/><V12/><F54/><W53/><G53/><RYUUKYOKU ba="1,1" sc="163,-10,255,30,235,-10,337,-10" hai1="24,29,32,48,52,59,62,63,85,87,89,90,92" /><INIT seed="1,2,1,5,4,64" ten="153,285,225,327" oya="1" hai0="21,131,34,96,79,124,95,44,123,116,78,59,54" hai1="11,38,46,89,16,73,55,118,13,50,22,130,35" hai2="109,63,26,1,10,39,104,33,126,27,36,8,43" hai3="19,25,134,115,114,112,132,81,37,82,121,45,18"/><U42/><E118/><V70/><F109/><W58/><G121/><T30/><D116/><U40/><E35/><V49/><F126/><W2/><G2/><T69/><D124/><U108/><E108/><V74/><F74/><W57/><G45/><T17/><D123/><U68/><E73/><V98/><F49/><W87/><G37/><T65/><D30/><U3/><E130/><V105/><F43/><W119/><G119/><T41/><D34/><U31/><E68/><V77/><F77/><W86/><G25/><T102/><D131/><U0/><E0/><V93/><F93/><W94/><G94/><T5/><D5/><U7/><E31/><N who="2" m="19703" /><F27/><W62/><G62/><T47/><D47/><U90/><E42/><V122/><F10/><W24/><G24/><T117/><D117/><U99/><E99/><V6/><F122/><W113/><G113/><T15/><D69/><U76/><E76/><V71/><F71/><W52/><G114/><T92/><D65/><U4/><E7/><V60/><F60/><W125/><G125/><T29/><D92/><U67/><E67/><N who="2" m="41343" /><F105/><W106/><REACH who="3" step="1"/><G52/><REACH who="3" ten="153,285,225,317" step="2"/><T75/><D29/><U72/><E72/><V66/><F66/><W101/><G101/><AGARI ba="2,2" hai="1,6,8,36,39,98,101,104" m="41343,19703" machi="101" ten="30,7700,0" yaku="25,1,33,2,52,1" doraHai="64" who="2" fromWho="3" sc="153,0,285,0,225,103,317,-83" /><INIT seed="2,0,0,1,5,38" ten="153,285,328,234" oya="2" hai0="119,39,105,26,116,14,71,35,79,89,94,55,124" hai1="13,29,118,54,65,83,109,41,111,73,31,97,24" hai2="76,56,46,6,93,25,45,47,114,57,133,64,132" hai3="108,32,125,23,0,75,42,92,86,98,126,8,40"/><V50/><F6/><N who="3" m="1095" /><G75/><T21/><D105/><U78/><E118/><V61/><F25/><W68/><G68/><T113/><D71/><U16/><E65/><V117/><F76/><W11/><G32/><T135/><D79/><U58/><E97/><V70/><F93/><W134/><G11/><T59/><D35/><U22/><E41/><N who="3" m="15978" /><G86/><T12/><D39/><U67/><E67/><V28/><F28/><W84/><G84/><T80/><D80/><U18/><E18/><V115/><F117/><W17/><G108/><N who="1" m="41546" /><E24/><V96/><F96/><W91/><G134/><N who="2" m="51817" /><F70/><W107/><G107/><T88/><D26/><U106/><E106/><V20/><F20/><W85/><G85/><T44/><D21/><U104/><E104/><V52/><AGARI ba="0,0" hai="45,46,47,50,52,56,57,61,64,114,115" m="51817" machi="52" ten="40,12000,1" yaku="20,1,34,2,54,1" doraHai="38" who="2" fromWho="2" sc="153,-40,285,-40,328,120,234,-40" /><INIT seed="2,1,0,0,4,4" ten="113,245,448,194" oya="2" hai0="106,134,69,131,8,31,105,51,73,100,64,44,118" hai1="19,98,68,127,1,62,61,126,112,15,75,122,3" hai2="114,67,29,24,88,77,34,99,83,2,89,82,84" hai3="43,85,109,103,32,135,63,113,38,22,129,96,10"/><V91/><F114/><W28/><G109/><T50/><D73/><U74/><E112/><V86/><F2/><N who="1" m="521" /><E98/><V70/><REACH who="2" step="1"/><F99/><REACH who="2" ten="113,245,438,194" step="2"/><W133/><G113/><T130/><D130/><U132/><E122/><V41/><F41/><W111/><G43/><T107/><D131/><U97/><E97/><V66/><F66/><W76/><G96/><T93/><D64/><U92/><E127/><V95/><F95/><W48/><G129/><T58/><D93/><U26/><E92/><V16/><F16/><W20/><G103/><T108/><D100/><U87/><E19/><V6/><F6/><W55/><G28/><T23/><D31/><U123/><E123/><V116/><F116/><W56/><G55/><T121/><D118/><U72/><E126/><V14/><F14/><W125/><G125/><T90/><D121/><U21/><E15/><V59/><F59/><W25/><G56/><T36/><D58/><U47/><E68/><V128/><F128/><W80/><G25/><T46/><D69/><U11/><E26/><V124/><F124/><W52/><G52/><T17/><D17/><U110/><E110/><V40/><F40/><W18/><G18/><T78/><D108/><U0/><E0/><V39/><F39/><W30/><G38/><T42/><D36/><U79/><E47/><V81/><F81/><W102/><G80/><T53/><D44/><U57/><E57/><V35/><F35/><W65/><G102/><T94/><D46/><U104/><E104/><V101/><F101/><W7/><G111/><T54/><D105/><U9/><E21/><N who="3" m="8298" /><G32/><T45/><D106/><RYUUKYOKU ba="1,1" sc="113,-10,245,-10,438,30,194,-10" hai2="24,29,34,67,70,77,82,83,84,86,88,89,91" /><INIT seed="2,2,1,1,4,18" ten="103,235,468,184" oya="2" hai0="97,114,33,131,88,125,16,119,26,63,134,130,100" hai1="128,86,13,69,7,111,74,99,50,56,70,4,57" hai2="14,96,53,2,108,17,5,109,37,73,83,72,9" hai3="123,81,85,75,11,48,79,95,101,46,49,58,107"/><V59/><F37/><W84/><G123/><T28/><D114/><U112/><E74/><V80/><F96/><N who="3" m="61863" /><G58/><T127/><D119/><U0/><E0/><V1/><F73/><W34/><G34/><T62/><D100/><U30/><E30/><V25/><F25/><W15/><G84/><T66/><D134/><U54/><E112/><V71/><F71/><W115/><G46/><T43/><D43/><U6/><E128/><N who="0" m="49193" /><D16/><U110/><E99/><V124/><F124/><N who="0" m="47690" /><D66/><U44/><E13/><V29/><F29/><W89/><G115/><T126/><N who="0" m="47698" /><T105/><DORA hai="12" /><D105/><U42/><E86/><V106/><F106/><W102/><G102/><T36/><D36/><U21/><E42/><V67/><F67/><W32/><G32/><T61/><D61/><U132/><E132/><V76/><F80/><W41/><G41/><T121/><D121/><U87/><E87/><V133/><F133/><W38/><G38/><T118/><D118/><U22/><E70/><V19/><F1/><W55/><G55/><T39/><D39/><U122/><E69/><V129/><F129/><W103/><G103/><T90/><D90/><U93/><E122/><V51/><REACH who="2" step="1"/><F19/><AGARI ba="2,1" hai="11,15,19,48,49,75,79,81,85,89,95" m="61863" machi="19" ten="30,2000,0" yaku="24,1,52,1" doraHai="18,12" who="3" fromWho="2" sc="103,0,235,0,468,-26,184,36" /><INIT seed="3,0,0,4,0,97" ten="103,235,442,220" oya="3" hai0="24,34,36,99,22,78,71,88,43,18,98,58,76" hai1="91,37,26,133,38,6,117,82,12,66,44,25,130" hai2="42,84,87,14,9,96,134,69,107,39,62,17,0" hai3="48,33,13,47,94,16,3,128,81,28,52,32,68"/><W29/><G68/><T23/><D71/><U108/><E66/><V101/><F134/><W10/><G3/><T64/><D34/><U102/><E133/><V53/><F42/><W35/><G128/><T116/><D116/><U67/><E67/><V11/><F39/><W57/><G94/><T95/><D36/><U1/><E12/><V59/><F69/><W50/><REACH who="3" step="1"/><G81/><REACH who="3" ten="103,235,442,210" step="2"/><T20/><D43/><AGARI ba="0,1" hai="10,13,16,28,29,32,33,35,43,47,48,50,52,57" machi="43" ten="40,12000,1" yaku="1,1,2,1,54,2,53,0" doraHai="97" doraHaiUra="63" who="3" fromWho="0" sc="103,-120,235,0,442,0,210,130" owari="-17,-51.7,235,-16.5,442,54.2,340,14.0" /></mjloggm>