<mjloggm ver="2.3"><GO type="169" lobby="0"/><UN n0="%74%6F%69%74%6F%69%34" n1="%32%30%31%33%36%31%32" n2="%E3%81%93%E3%82%8D%E3%81%86%E3%81%BE%E3%82%8B" n3="%E4%B9%9D%E5%B0%BE%E3%81%AE%E3%83%8D%E3%82%B3" dan="17,17,16,16" rate="2212.66,2212.92,2042.93,2058.63" sx="F,M,M,M"/><TAIKYOKU oya="0"/><INIT seed="0,0,0,0,2,106" ten="250,250,250,250" oya="0" hai0="98,110,10,111,1,83,59,12,96,58,39,97,55" hai1="101,126,77,80,27,133,84,85,60,3,17,34,100" hai2="7,37,95,40,33,14,44,112,15,46,52,24,36" hai3="134,87,30,114,108,48,29,56,116,107,78,69,117"/><T81/><D1/><U76/><E3/><V105/><F112/><W66/><G108/><N who="0" m="41515" /><D39/><U131/><E126/><V65/><F105/><W113/><G107/><T72/><D55/><U54/><E131/><V102/><F65/><W79/><G69/><T99/><N who="0" m="24576" /><DORA hai="0" /><T71/><D71/><U130/><E133/><V104/><F104/><W31/><G134/><T35/><D35/><U119/><E119/><V22/><F102/><W2/><G2/><T53/><D72/><U135/><E130/><V121/><F33/><W92/><G114/><T16/><D59/><N who="1" m="34935" /><E34/><V62/><F36/><W128/><G128/><T4/><D4/><U123/><E123/><V124/><F7/><W67/><G113/><T129/><D129/><U38/><E38/><V51/><F121/><W49/><G116/><T32/><D32/><U20/><E135/><V103/><F103/><W13/><G117/><T132/><D132/><U9/><E101/><V57/><F124/><W89/><G56/><T86/><D86/><U23/><E100/><V42/><REACH who="2" step="1"/><F95/><REACH who="2" ten="250,250,240,250" step="2"/><W63/><G92/><T19/><D19/><AGARI ba="0,1" hai="14,15,19,22,24,37,40,42,44,46,51,52,57,62" machi="19" ten="30,8000,1" yaku="1,1,2,1,7,1,54,1,53,1" doraHai="106,0" doraHaiUra="91,21" who="2" fromWho="0" sc="250,-80,250,0,240,90,250,0" /><INIT seed="1,0,0,5,5,83" ten="170,250,330,250" oya="1" hai0="41,105,26,130,73,62,33,64,102,81,90,58,20" hai1="85,9,67,22,95,56,37,120,98,99,78,35,128" hai2="5,23,88,21,4,3,94,42,104,66,6,72,117" hai3="100,109,65,122,31,77,10,13,106,101,61,108,50"/><U16/><E120/><V52/><F117/><W17/><G122/><T119/><D119/><U118/><E35/><V30/><F104/><W8/><G31/><T19/><D130/><U134/><E37/><V46/><F72/><W115/><G115/><T60/><D33/><U53/><E118/><V11/><F66/><W114/><G114/><T39/><D105/><U55/><E128/><V44/><F44/><W36/><G36/><T63/><D102/><U111/><E9/><V87/><F42/><W79/><G10/><T27/><D39/><U18/><E18/><V68/><F68/><W15/><G15/><T132/><D41/><U49/><E134/><V84/><F84/><W86/><G79/><T82/><D132/><U133/><E111/><N who="3" m="42570" /><G50/><T112/><D112/><U135/><E67/><V54/><F23/><W32/><G106/><T29/><D73/><U70/><E70/><V69/><F69/><N who="3" m="42159" /><G32/><T124/><D29/><U75/><E75/><V51/><REACH who="2" step="1"/><F54/><REACH who="2" ten="170,250,320,250" step="2"/><W121/><G121/><T14/><D64/><U47/><E135/><V110/><F110/><W107/><G107/><T7/><D20/><U28/><E133/><V127/><F127/><W97/><G97/><T91/><D124/><U92/><E98/><V123/><F123/><W43/><G43/><T116/><D116/><U40/><E40/><V96/><F96/><W76/><G86/><T125/><D125/><U131/><E99/><V113/><F113/><W38/><G38/><T80/><D58/><U12/><E131/><V59/><F59/><W126/><G126/><T93/><D27/><AGARI ba="0,1" hai="3,4,5,6,11,21,27,30,46,51,52,87,88,94" machi="27" ten="40,8000,1" yaku="1,1,52,1,54,2,53,1" doraHai="83" doraHaiUra="25" who="2" fromWho="0" sc="170,-80,250,0,320,90,250,0" /><INIT seed="2,0,0,1,2,46" ten="90,250,410,250" oya="2" hai0="16,24,70,76,23,116,60,128,92,90,44,19,2" hai1="80,124,88,95,81,102,21,127,118,87,108,31,17" hai2="91,101,58,98,9,28,57,40,113,26,74,38,7" hai3="72,65,10,89,53,68,126,12,100,33,8,4,25"/><V52/><F113/><W62/><G72/><T117/><D2/><U56/><E31/><V14/><F74/><W59/><G126/><N who="1" m="48170" /><E118/><N who="0" m="45673" /><D128/><U69/><E69/><V30/><F91/><W75/><G75/><T66/><D76/><U106/><E108/><V125/><F125/><W120/><G120/><T51/><D19/><U0/><E0/><V42/><F58/><W132/><G132/><T99/><D44/><U129/><E129/><V86/><F86/><W133/><G133/><T131/><D131/><U54/><E106/><V6/><F6/><W63/><G89/><T15/><D15/><N who="1" m="9407" /><E102/><V82/><F30/><W20/><G100/><T49/><AGARI ba="0,0" hai="16,23,24,49,51,60,66,70,90,92,99" m="45673" machi="49" ten="30,7900,0" yaku="12,1,52,2,54,1" doraHai="46" who="0" fromWho="0" sc="90,79,250,-20,410,-39,250,-20" /><INIT seed="3,0,0,3,2,103" ten="169,230,371,230" oya="3" hai0="63,104,31,81,99,61,51,117,123,124,86,44,11" hai1="34,3,32,130,122,27,18,115,116,108,77,106,68" hai2="134,46,109,95,127,62,14,100,56,129,58,5,91" hai3="135,25,13,74,102,110,48,37,23,24,83,94,121"/><W60/><G121/><T22/><D117/><U12/><RYUUKYOKU type="yao9" ba="0,0" sc="169,0,230,0,371,0,230,0" hai1="3,12,18,27,32,34,68,77,106,108,115,116,122,130" /><INIT seed="3,1,0,2,2,123" ten="169,230,371,230" oya="3" hai0="82,20,17,130,53,103,56,89,4,14,57,19,77" hai1="122,125,27,35,6,63,119,129,16,71,72,31,117" hai2="111,88,127,120,43,3,76,83,124,126,90,51,113" hai3="95,110,39,36,49,0,81,99,75,107,66,48,104"/><W22/><G0/><T98/><D130/><U52/><E72/><V96/><F3/><W121/><G121/><T132/><D132/><U7/><E122/><V87/><F120/><W2/><G2/><T5/><D89/><U74/><E74/><V133/><F133/><W115/><G115/><T47/><D47/><U50/><E129/><V84/><F113/><W15/><G107/><T108/><D19/><U58/><E125/><V134/><F134/><W118/><G118/><T61/><D57/><U26/><E71/><V10/><F10/><W70/><G104/><T24/><D14/><U112/><E63/><V60/><F60/><W37/><G70/><T44/><D44/><U109/><E112/><V18/><F18/><W131/><G66/><T42/><D42/><U28/><E109/><V135/><F135/><W45/><G110/><T86/><REACH who="0" step="1"/><D108/><REACH who="0" ten="159,230,371,230" step="2"/><U41/><E41/><V105/><F111/><W25/><G131/><T40/><D40/><U79/><E16/><V12/><F12/><W59/><G15/><T54/><D54/><U62/><E58/><V106/><F43/><W97/><G59/><T33/><D33/><U68/><E52/><V9/><F124/><W30/><G45/><T46/><D46/><U69/><E35/><V94/><F126/><W80/><G49/><T92/><AGARI ba="1,1" hai="4,5,17,20,24,53,56,61,77,82,86,92,98,103" machi="92" ten="20,8000,1" yaku="1,1,0,1,7,1,8,1,53,1" doraHai="123" doraHaiUra="23" who="0" fromWho="0" sc="159,93,230,-21,371,-21,230,-41" /><INIT seed="4,0,0,4,4,122" ten="252,209,350,189" oya="0" hai0="86,91,134,0,127,101,78,38,57,121,106,99,133" hai1="130,29,25,60,128,19,45,77,13,39,21,84,117" hai2="18,10,34,116,67,23,81,2,15,62,107,47,65" hai3="113,9,63,90,48,32,24,89,103,59,79,132,97"/><T82/><D38/><U43/><E117/><V109/><F107/><W92/><G132/><N who="0" m="50795" /><D0/><U20/><E77/><V80/><F109/><W42/><G113/><T119/><D57/><U66/><REACH who="1" step="1"/><E84/><REACH who="1" ten="252,199,350,189" step="2"/><V17/><F116/><W94/><G79/><T28/><D119/><U1/><E1/><V120/><F2/><W114/><G114/><T126/><D28/><U75/><E75/><V83/><F120/><W76/><G76/><T31/><D31/><U40/><E40/><V87/><F87/><W102/><G42/><T68/><D68/><AGARI ba="0,1" hai="13,19,20,21,25,29,39,43,45,60,66,68,128,130" machi="68" ten="40,2600,0" yaku="1,1,53,1" doraHai="122" doraHaiUra="71" who="1" fromWho="0" sc="252,-26,199,36,350,0,189,0" /><INIT seed="5,0,0,5,4,44" ten="226,235,350,189" oya="1" hai0="132,81,84,127,45,55,40,70,24,6,103,115,27" hai1="42,75,37,101,10,29,107,4,86,50,123,8,52" hai2="14,36,51,85,26,15,111,47,66,54,62,34,16" hai3="119,124,129,96,13,49,21,9,135,114,80,46,112"/><U131/><E75/><V67/><F111/><W128/><G96/><T7/><D70/><U134/><E123/><V65/><F36/><W92/><G92/><T0/><D103/><U61/><E29/><V95/><F34/><W130/><G21/><T79/><D115/><N who="3" m="44073" /><G80/><T113/><D113/><U38/><E10/><V28/><F28/><W41/><G119/><T35/><D132/><U5/><E5/><V31/><F31/><W23/><G23/><T89/><D35/><U56/><E134/><V19/><F62/><W122/><G135/><T69/><D69/><U90/><E101/><V88/><F26/><W100/><G100/><T108/><D108/><U22/><E22/><V17/><AGARI ba="0,0" hai="14,15,16,17,19,47,51,54,65,66,67,85,88,95" machi="17" ten="30,8000,1" yaku="0,1,8,1,52,1,54,2" doraHai="44" who="2" fromWho="2" sc="226,-20,235,-40,350,80,189,-20" /><INIT seed="6,0,0,3,3,98" ten="206,195,430,169" oya="2" hai0="29,1,83,58,89,64,18,109,106,105,92,67,49" hai1="72,93,86,37,59,33,69,127,78,95,126,28,129" hai2="84,11,21,102,48,114,61,87,128,96,134,122,10" hai3="43,76,75,123,85,125,57,39,74,113,2,121,115"/><V44/><F122/><W119/><G2/><T53/><D109/><U118/><E69/><V24/><F114/><N who="3" m="43531" /><G57/><T50/><D1/><U12/><E37/><V79/><F134/><W9/><G9/><T14/><D29/><U73/><E118/><V0/><F128/><W80/><G43/><T135/><D135/><U16/><E129/><V17/><F61/><W82/><G39/><T38/><D38/><U19/><E33/><V63/><F63/><W5/><G5/><T71/><D83/><N who="1" m="47479" /><E28/><V88/><F0/><W100/><G119/><T55/><D106/><U35/><E59/><V103/><F79/><N who="3" m="46239" /><G125/><N who="1" m="47626" /><E35/><V13/><F10/><W77/><G100/><N who="2" m="38441" /><F44/><W42/><G42/><T97/><D71/><U132/><E132/><V22/><F48/><W32/><G32/><T41/><D41/><U116/><E116/><V31/><F11/><W6/><G6/><T46/><D105/><U124/><E124/><V36/><F36/><W7/><G7/><T52/><D55/><U104/><E104/><V15/><F15/><W133/><G133/><T4/><D4/><U131/><E131/><V101/><N who="2" m="38449" /><V25/><DORA hai="23" /><F25/><W99/><G99/><T94/><D14/><U3/><E3/><V51/><F51/><W8/><G8/><T117/><D117/><U45/><E45/><V40/><F40/><W111/><G111/><T107/><D107/><U62/><E62/><V20/><F20/><W90/><G77/><T108/><D108/><U60/><E60/><V30/><F30/><W54/><G76/><T91/><D18/><N who="1" m="6699" /><E12/><V34/><F34/><W66/><G123/><RYUUKYOKU ba="0,0" sc="206,10,195,10,430,10,169,-30" hai0="46,49,50,52,53,58,64,67,89,91,92,94,97" hai1="72,73,93,95" hai2="13,17,21,22,24,31,84,87,88,96" /><INIT seed="6,1,0,1,3,82" ten="216,205,440,139" oya="2" hai0="5,85,3,87,34,51,63,108,84,39,81,1,114" hai1="122,97,27,47,80,49,79,134,25,30,52,9,116" hai2="99,32,24,46,92,105,76,65,26,42,91,17,59" hai3="126,112,94,67,71,57,86,115,21,45,93,78,77"/><V13/><F105/><W103/><G71/><T72/><D39/><U55/><E116/><V83/><F32/><W43/><G126/><T11/><D108/><U54/><E134/><V133/><F133/><W8/><G21/><T7/><D34/><U90/><E9/><V125/><F125/><W2/><G2/><T68/><D114/><N who="3" m="43561" /><G8/><T104/><D104/><U130/><E130/><V129/><F59/><W4/><G4/><T53/><D3/><U44/><E122/><V95/><F95/><N who="3" m="36363" /><G103/><T6/><D72/><U102/><E102/><V23/><F65/><W69/><G69/><T123/><D123/><U88/><E97/><V111/><F111/><W74/><G74/><T127/><D127/><U132/><E132/><V22/><F22/><W119/><G119/><T106/><D106/><U110/><E110/><V113/><F113/><W19/><G19/><T60/><D68/><U12/><E30/><V0/><F0/><W14/><G14/><T36/><D11/><U121/><E12/><V61/><F13/><W48/><G86/><N who="0" m="33387" /><D36/><U29/><E121/><V109/><F99/><W89/><G89/><N who="0" m="51439" /><D1/><U131/><E80/><V50/><F83/><W117/><G117/><T70/><D70/><U33/><E33/><V41/><F109/><W101/><G101/><T20/><D20/><U10/><E10/><V62/><F23/><W135/><G135/><T128/><D128/><U28/><E131/><V73/><F129/><W18/><G18/><T37/><D37/><U120/><E120/><V35/><F17/><W38/><G38/><T15/><D15/><U64/><E90/><RYUUKYOKU ba="1,0" sc="216,15,205,-15,440,-15,139,15" hai0="5,6,7,51,53,60,63" hai3="43,45,48,57,67,77,78" /><INIT seed="7,2,0,4,3,37" ten="231,190,425,154" oya="3" hai0="92,59,53,96,60,43,132,94,106,22,130,114,89" hai1="82,26,125,5,10,127,12,44,108,81,38,70,66" hai2="135,102,50,123,104,118,95,90,77,54,67,134,64" hai3="75,91,39,1,119,48,19,79,107,3,101,18,109"/><W46/><G119/><T68/><D68/><U13/><E108/><V31/><F118/><W97/><G109/><T126/><D106/><U14/><E70/><V61/><F123/><W83/><G39/><T33/><D33/><U98/><E66/><V32/><F77/><W121/><G121/><T116/><D114/><U7/><E26/><N who="2" m="18551" /><F102/><W80/><G80/><N who="1" m="30826" /><E98/><N who="2" m="57719" /><F61/><W62/><G62/><T103/><D130/><U51/><E10/><V87/><F87/><W17/><REACH who="3" step="1"/><G91/><REACH who="3" ten="231,190,425,144" step="2"/><T78/><D89/><U120/><E120/><V45/><F104/><W20/><G20/><T0/><D22/><U99/><E38/><V73/><F73/><W29/><G29/><T11/><D60/><U133/><E133/><AGARI ba="2,1" hai="45,50,54,64,67,133,134,135" m="57719,18551" machi="133" ten="30,1000,0" yaku="20,1" doraHai="37" who="2" fromWho="1" sc="231,0,190,-16,425,26,144,0" owari="231,3.1,174,-22.6,451,55.1,144,-35.6" /></mjloggm>