<mjloggm ver="2.3"><GO type="169" lobby="0"/><UN n0="%E9%95%B7%E5%B2%A1" n1="%E3%81%BD%E3%81%A3%E3%81%91%E3%81%95%E3%82%93" n2="%48%79" n3="%6D%61%6A%75%6E%69%61" dan="16,16,16,16" rate="2128.99,2130.22,2124.35,2144.16" sx="M,M,F,M"/><TAIKYOKU oya="0"/><INIT seed="0,0,0,4,1,119" ten="250,250,250,250" oya="0" hai0="101,39,123,60,30,80,15,111,40,113,97,94,47" hai1="56,105,5,32,115,77,114,109,53,120,50,1,107" hai2="87,22,16,23,52,82,3,29,11,126,66,103,0" hai3="135,96,21,85,127,10,95,63,42,134,89,124,57"/><T35/><D113/><U118/><E118/><V121/><F126/><N who="3" m="48171" /><G42/><T88/><D111/><U20/><E32/><V27/><F121/><W73/><G10/><T49/><D123/><U81/><E109/><V7/><F66/><N who="3" m="39279" /><G21/><T106/><D80/><U71/><E120/><V41/><F41/><W8/><G8/><T130/><D130/><U125/><E71/><V69/><F69/><W58/><G58/><T26/><D60/><U128/><E1/><V31/><F103/><N who="3" m="60831" /><G73/><T90/><D15/><U112/><E5/><V9/><F9/><W99/><G99/><T24/><D26/><U116/><E116/><V122/><F122/><W2/><G2/><T46/><REACH who="0" step="1"/><D106/><REACH who="0" ten="240,250,250,250" step="2"/><U104/><E125/><V4/><F0/><W78/><G78/><T98/><D98/><U54/><E128/><V43/><F4/><W33/><G33/><T34/><D34/><U79/><E107/><V64/><F7/><W76/><G76/><T70/><D70/><U17/><E79/><V86/><F3/><W55/><G55/><AGARI ba="0,1" hai="24,30,35,39,40,46,47,49,55,88,90,94,97,101" machi="55" ten="30,5800,0" yaku="1,1,7,1,54,1,53,0" doraHai="119" doraHaiUra="100" who="0" fromWho="3" sc="240,68,250,0,250,0,250,-58" /><INIT seed="0,1,0,0,3,109" ten="308,250,250,192" oya="0" hai0="56,15,114,45,66,46,74,75,102,127,76,51,41" hai1="31,104,120,128,17,122,62,40,123,42,53,97,134" hai2="82,78,103,33,94,18,135,32,88,70,21,125,34" hai3="71,72,65,36,35,59,90,93,85,63,98,38,126"/><T115/><D102/><U118/><E31/><V99/><F135/><W107/><G126/><T132/><D15/><U89/><E118/><V5/><F70/><W113/><G113/><N who="0" m="43019" /><D76/><U67/><E53/><V50/><F125/><W23/><G72/><T58/><D127/><U30/><E134/><V64/><F64/><W108/><G108/><T110/><D110/><U129/><E30/><V28/><F5/><W10/><G10/><T86/><D86/><U81/><E17/><V60/><F60/><W79/><G35/><T101/><D101/><U20/><E20/><V22/><F28/><W37/><G23/><T39/><D74/><U3/><E3/><V105/><F50/><W12/><G12/><T55/><D75/><U119/><E119/><V24/><F21/><W100/><REACH who="3" step="1"/><G79/><REACH who="3" ten="308,250,250,182" step="2"/><T8/><D8/><U117/><E117/><V80/><REACH who="2" step="1"/><F78/><REACH who="2" ten="308,250,240,182" step="2"/><W73/><G73/><T11/><D11/><U44/><E120/><V68/><F68/><AGARI ba="1,2" hai="36,37,38,59,63,65,68,71,85,90,93,98,100,107" machi="68" ten="40,1300,0" yaku="1,1,53,0" doraHai="109" doraHaiUra="25" who="3" fromWho="2" sc="308,0,250,0,240,-16,182,36" /><INIT seed="1,0,0,4,2,96" ten="308,250,224,218" oya="1" hai0="37,130,88,124,12,2,21,114,20,49,100,91,84" hai1="45,133,38,6,121,78,7,30,52,9,111,85,110" hai2="89,54,103,41,32,93,24,27,132,61,116,1,90" hai3="34,29,101,56,70,46,26,123,108,67,0,43,31"/><U65/><E121/><V122/><F116/><W75/><G123/><T64/><D37/><U57/><E65/><V53/><F122/><W119/><G119/><T51/><D2/><U25/><E133/><V92/><F132/><W73/><G29/><T66/><D114/><U35/><E78/><V129/><F1/><W4/><G56/><T112/><D112/><U19/><E85/><V50/><F129/><W72/><G108/><N who="1" m="41514" /><E19/><V105/><F105/><W99/><G4/><N who="1" m="1578" /><E9/><V8/><F8/><W63/><G0/><T87/><D12/><U36/><E45/><V40/><F50/><AGARI ba="0,0" hai="25,30,35,36,38,50,52,57" m="1578,41514" machi="50" ten="30,5800,0" yaku="14,1,10,1,54,1" doraHai="96" who="1" fromWho="2" sc="308,0,250,58,224,-58,218,0" /><INIT seed="1,1,0,1,5,94" ten="308,308,166,218" oya="1" hai0="121,103,51,77,5,10,75,80,120,86,60,127,17" hai1="79,64,66,39,19,22,46,15,65,96,128,49,59" hai2="67,95,58,97,124,56,126,131,89,104,30,14,68" hai3="82,47,125,61,62,31,45,118,106,117,83,100,20"/><U81/><E39/><V71/><F131/><W34/><G34/><T93/><D127/><N who="2" m="48682" /><F30/><W78/><G125/><T114/><D114/><U37/><E37/><V8/><F104/><W105/><G20/><T53/><D17/><U98/><E128/><V90/><F90/><W119/><G31/><T73/><D60/><U41/><REACH who="1" step="1"/><E59/><REACH who="1" ten="308,298,166,218" step="2"/><N who="2" m="22571" /><F67/><W9/><G118/><T113/><D113/><U74/><AGARI ba="1,1" hai="15,19,22,41,46,49,64,65,66,74,79,81,96,98" machi="74" ten="30,11700,0" yaku="1,1,0,1,52,2,53,0" doraHai="94" doraHaiUra="134" who="1" fromWho="1" sc="308,-40,298,130,166,-40,218,-40" /><INIT seed="1,2,0,2,4,97" ten="268,428,126,178" oya="1" hai0="33,121,57,28,46,92,53,133,43,9,100,34,52" hai1="93,76,36,90,101,58,105,130,39,91,25,75,51" hai2="59,67,117,29,96,114,68,85,37,111,126,84,17" hai3="60,86,131,30,119,107,3,132,49,50,63,108,56"/><U89/><E105/><V22/><F117/><W19/><G119/><T44/><D133/><U1/><E1/><V38/><F111/><W35/><G3/><T2/><D121/><U106/><E106/><V20/><F68/><W69/><G132/><T6/><D53/><U48/><E76/><V5/><F5/><W98/><G19/><T116/><D116/><U95/><E75/><V83/><F126/><W88/><G108/><T4/><D6/><U11/><E11/><V128/><F128/><W112/><G131/><T8/><D8/><U62/><E25/><V113/><F96/><W78/><G78/><T42/><D46/><U81/><E81/><V73/><F73/><W32/><G112/><T27/><D34/><U0/><E0/><V104/><F104/><W80/><G69/><T31/><D31/><U102/><E130/><V10/><F10/><W79/><G63/><T15/><D2/><U21/><E62/><V122/><F29/><W55/><G32/><T77/><D77/><U110/><E91/><V23/><F17/><W7/><G7/><T127/><D127/><U74/><E74/><V47/><F47/><W14/><G14/><T54/><D44/><U123/><E58/><V71/><F71/><W40/><G40/><N who="0" m="15403" /><D57/><U99/><E99/><V65/><F122/><W13/><G13/><T66/><D66/><N who="2" m="25098" /><F59/><W87/><G107/><T64/><D64/><U120/><REACH who="1" step="1"/><E21/><REACH who="1" ten="268,418,126,178" step="2"/><V94/><F83/><W45/><G98/><N who="0" m="59463" /><D33/><U103/><E103/><V118/><F118/><W70/><G70/><T41/><D9/><U82/><E82/><V109/><F109/><AGARI ba="2,1" hai="36,39,48,51,89,90,93,95,101,102,109,110,120,123" machi="109" ten="25,18000,2" yaku="1,1,6,1,22,2,52,2,53,0" doraHai="97" doraHaiUra="125" who="1" fromWho="2" sc="268,0,418,196,126,-186,178,0" owari="268,6.8,614,71.4,-60,-56.0,178,-22.2" /></mjloggm>