<mjloggm ver="2.3"><GO type="169" lobby="0"/><UN n0="%E3%81%97%E3%82%83%E3%82%8B%E3%81%BC%E3%82%93" n1="%E3%81%BF%E3%81%A3%E3%81%A4%E3%81%83%EF%BD%9E" n2="%E5%A4%A9%E5%AE%89%E9%96%80%E5%BF%98%E5%8D%B4" n3="%E7%89%8C%E6%B5%81%E7%8A%B6%E6%85%8B%E9%BA%BB%E9%9B%80" dan="16,16,16,16" rate="2144.64,2179.30,2075.23,2154.39" sx="M,F,M,M"/><TAIKYOKU oya="0"/><INIT seed="0,0,0,3,4,0" ten="250,250,250,250" oya="0" hai0="134,85,21,125,12,91,113,23,95,37,84,135,8" hai1="67,126,46,20,98,86,10,93,120,111,36,116,124" hai2="52,90,65,60,80,55,18,121,5,41,57,4,43" hai3="106,69,83,29,47,92,16,100,51,104,31,74,32"/><T128/><D37/><U28/><E116/><V129/><F121/><W13/><G69/><T7/><D113/><U61/><E120/><V39/><F129/><W105/><G32/><T66/><D128/><U77/><E111/><V75/><F39/><W30/><G92/><T33/><D33/><U70/><E77/><V35/><F35/><W99/><G83/><T17/><D125/><N who="1" m="48235" /><E86/><N who="2" m="50503" /><F75/><W15/><G15/><T72/><D72/><U79/><E79/><V59/><F18/><W40/><REACH who="3" step="1"/><G74/><REACH who="3" ten="250,250,250,240" step="2"/><T25/><D85/><U107/><E70/><V38/><F38/><W56/><G56/><T26/><REACH who="0" step="1"/><D66/><REACH who="0" ten="240,250,250,240" step="2"/><U87/><E67/><V112/><F112/><W44/><G44/><T115/><D115/><U76/><E46/><V9/><F65/><W122/><G122/><T42/><D42/><N who="2" m="15882" /><F9/><AGARI ba="0,2" hai="9,13,16,29,30,31,40,47,51,99,100,104,105,106" machi="9" ten="40,2600,0" yaku="1,1,54,1,53,0" doraHai="0" doraHaiUra="132" who="3" fromWho="2" sc="240,0,250,0,250,-26,240,46" /><INIT seed="1,0,0,2,1,122" ten="240,250,224,286" oya="1" hai0="113,104,114,12,25,38,47,55,119,90,71,22,78" hai1="103,19,84,23,39,34,67,11,3,40,127,82,48" hai2="123,35,59,80,107,15,75,36,89,95,118,72,88" hai3="68,6,65,117,81,69,2,51,77,53,20,4,134"/><U87/><E34/><V42/><F35/><W135/><G117/><T37/><D119/><U124/><E67/><V120/><F118/><W130/><G130/><T66/><D104/><U52/><E103/><V21/><F107/><W54/><G20/><T131/><D78/><U102/><E102/><V64/><F36/><W28/><G28/><T56/><D131/><U1/><E40/><V13/><F42/><W9/><G4/><T17/><D71/><U97/><E39/><V125/><F95/><W46/><G54/><T91/><D66/><U83/><E97/><V100/><F100/><W24/><G24/><T45/><D38/><U44/><E84/><V14/><F21/><W60/><REACH who="3" step="1"/><G69/><REACH who="3" ten="240,250,224,276" step="2"/><T76/><D25/><U94/><E23/><V10/><F120/><W50/><G50/><T31/><D31/><U99/><E48/><V86/><F123/><W58/><G58/><T5/><D5/><U57/><E57/><V92/><F10/><W0/><G0/><T73/><D37/><U74/><E11/><V18/><F18/><W43/><G43/><T126/><D56/><U109/><E19/><V62/><REACH who="2" step="1"/><F125/><REACH who="2" ten="240,250,214,276" step="2"/><W8/><G8/><T96/><D126/><U121/><E127/><V105/><F105/><W41/><G41/><T85/><D17/><U112/><E124/><V128/><F128/><W63/><G63/><T110/><D22/><U49/><E121/><V70/><F70/><W30/><G30/><T115/><D115/><U132/><E112/><V116/><F116/><W26/><G26/><T79/><D114/><U29/><E29/><V101/><F101/><RYUUKYOKU ba="0,2" sc="240,-15,250,-15,214,15,276,15" hai2="13,14,15,59,62,64,72,75,80,86,88,89,92" hai3="2,6,9,46,51,53,60,65,68,77,81,134,135" /><INIT seed="2,1,2,2,2,76" ten="225,235,229,291" oya="2" hai0="39,57,117,46,43,78,67,71,132,31,102,40,18" hai1="90,87,127,107,91,75,119,111,130,32,115,38,114" hai2="44,89,17,52,110,86,122,97,33,56,9,135,60" hai3="20,10,123,26,118,94,104,47,16,84,51,83,82"/><V36/><F122/><W55/><G118/><T129/><D117/><U116/><RYUUKYOKU type="yao9" ba="1,2" sc="225,0,235,0,229,0,291,0" hai1="32,38,75,87,90,91,107,111,114,115,116,119,127,130" /><INIT seed="2,2,2,4,2,114" ten="225,235,229,291" oya="2" hai0="122,38,2,75,50,76,132,106,117,127,121,17,68" hai1="130,66,9,41,123,31,22,8,109,0,71,3,107" hai2="103,62,97,49,15,6,26,59,7,37,120,18,47" hai3="24,11,29,40,98,30,42,135,85,131,69,60,16"/><V133/><F120/><W99/><G131/><T84/><RYUUKYOKU type="yao9" ba="2,2" sc="225,0,235,0,229,0,291,0" hai0="2,17,38,50,68,75,76,84,106,117,121,122,127,132" /><INIT seed="2,3,2,2,3,35" ten="225,235,229,291" oya="2" hai0="5,26,53,29,123,65,16,39,87,43,14,44,91" hai1="97,61,6,37,77,55,62,19,21,118,115,66,68" hai2="59,47,105,133,25,132,92,41,48,127,56,22,106" hai3="70,101,99,80,63,13,112,49,32,60,2,7,125"/><V86/><F127/><W100/><G125/><T81/><D123/><U34/><E115/><V10/><F10/><W104/><G112/><T116/><D116/><U88/><E118/><V24/><F92/><W54/><G32/><T52/><D5/><U8/><E34/><V95/><F95/><W71/><G101/><T28/><D65/><U90/><E37/><V72/><F86/><W23/><G2/><T89/><D89/><U75/><E75/><V98/><F72/><W69/><G80/><T113/><D113/><U0/><E77/><V103/><F106/><W114/><G114/><T129/><D129/><U73/><E73/><V130/><F25/><W58/><G7/><T31/><REACH who="0" step="1"/><D26/><REACH who="0" ten="215,235,229,291" step="2"/><U74/><E90/><V121/><F130/><W83/><G100/><T84/><D84/><U1/><E74/><V17/><REACH who="2" step="1"/><F121/><REACH who="2" ten="215,235,219,291" step="2"/><W96/><G96/><T102/><D102/><U36/><E97/><V27/><F27/><W18/><G99/><T78/><D78/><U109/><E1/><V108/><F108/><W135/><G104/><T30/><N who="0" m="7168" /><DORA hai="64" /><T40/><D40/><U50/><E109/><V46/><F46/><W119/><G119/><T15/><D15/><U79/><E79/><V124/><F124/><W110/><G110/><T117/><D117/><U45/><E88/><V57/><AGARI ba="3,4" hai="17,22,24,41,47,48,56,57,59,98,103,105,132,133" machi="57" ten="30,3000,0" yaku="1,1,0,1,53,0" doraHai="35,64" doraHaiUra="3,67" who="2" fromWho="2" sc="215,-13,235,-13,219,79,291,-13" /><INIT seed="2,4,0,0,1,131" ten="202,222,298,278" oya="2" hai0="132,118,120,94,31,18,67,93,27,101,26,134,130" hai1="21,119,51,133,81,44,28,85,116,69,100,53,40" hai2="135,43,112,50,10,82,20,98,122,68,59,84,70" hai3="88,30,71,124,42,3,45,109,127,39,25,16,52"/><V8/><F112/><W92/><G3/><T79/><D120/><U96/><E69/><V49/><F122/><W66/><G109/><T102/><D130/><U91/><E40/><V128/><F128/><W76/><G76/><T48/><D118/><U103/><E103/><N who="0" m="39433" /><D67/><U83/><E83/><V15/><F98/><W47/><G66/><T77/><D48/><U126/><E126/><V64/><F20/><W63/><G71/><T60/><D18/><U108/><E108/><V123/><F84/><W5/><G5/><T80/><D60/><U46/><E46/><V34/><F50/><W11/><G11/><T89/><D31/><U58/><E44/><V72/><F49/><W38/><G38/><T121/><D121/><U74/><E74/><V129/><F64/><W56/><G45/><T33/><D33/><U19/><E28/><V12/><F34/><W61/><G61/><T6/><D6/><U117/><E21/><V36/><F72/><W65/><G65/><T106/><D106/><U86/><E19/><V125/><F129/><W32/><REACH who="3" step="1"/><G16/><REACH who="3" ten="202,222,298,268" step="2"/><T104/><D79/><N who="1" m="46271" /><E117/><V17/><F68/><W14/><G14/><T73/><D104/><U99/><E116/><V23/><F70/><W115/><G115/><T54/><D26/><U90/><E119/><V57/><F123/><W9/><G9/><T37/><D27/><U107/><E107/><V78/><F8/><W62/><G62/><T105/><D105/><U111/><E111/><V24/><F10/><W110/><G110/><T113/><D37/><U29/><E51/><V1/><F17/><W75/><G75/><RYUUKYOKU ba="4,1" sc="202,-10,222,-10,298,-10,268,30" hai3="25,30,32,39,42,47,52,56,63,88,92,124,127" /><INIT seed="3,5,1,2,4,90" ten="192,212,288,298" oya="3" hai0="116,59,75,9,11,74,13,119,80,112,117,57,42" hai1="105,130,7,73,89,25,133,123,56,3,12,5,52" hai2="81,64,15,97,83,70,18,101,32,26,39,87,84" hai3="109,113,60,27,61,102,63,24,53,95,43,85,17"/><W118/><G113/><T2/><D2/><U66/><E105/><V22/><F39/><W72/><G72/><T37/><D112/><U62/><E123/><V111/><F111/><W65/><G118/><T77/><D75/><U135/><E73/><V10/><F32/><W86/><G43/><T91/><D37/><U4/><E3/><V68/><F64/><W104/><G104/><T41/><D11/><U35/><E130/><V115/><F84/><W125/><G125/><T38/><D38/><U36/><E36/><V48/><F48/><W20/><G109/><T114/><D114/><U29/><E12/><V50/><F50/><W54/><G27/><T8/><D8/><U46/><E89/><V67/><F67/><W28/><G17/><T96/><D42/><U132/><E46/><V120/><F81/><W31/><G31/><T134/><D41/><U14/><E14/><V47/><F47/><W76/><G65/><AGARI ba="5,1" hai="4,5,7,25,29,35,52,56,62,65,66,132,133,135" machi="65" ten="50,3200,0" yaku="20,1,54,1" doraHai="90" who="1" fromWho="3" sc="192,0,212,57,288,0,298,-47" /><INIT seed="4,0,0,2,1,33" ten="192,269,288,251" oya="0" hai0="20,129,101,31,72,7,44,120,36,85,134,49,41" hai1="52,108,123,109,50,18,113,116,104,97,42,54,63" hai2="132,87,96,48,58,13,16,66,74,43,38,22,68" hai3="2,12,84,89,91,118,10,29,35,114,126,93,111"/><T133/><D72/><U65/><E123/><V32/><F74/><W121/><G111/><T115/><D120/><U8/><E116/><V15/><F132/><N who="0" m="50794" /><D115/><U67/><E113/><V135/><F135/><W92/><G121/><T17/><D129/><U51/><E104/><V23/><F32/><W81/><G114/><T69/><D69/><U99/><E42/><V107/><F38/><W78/><G118/><T47/><D101/><U27/><E8/><V19/><F68/><W124/><G29/><T131/><D131/><U9/><E9/><V103/><F87/><W90/><G35/><T71/><D71/><U39/><E27/><V57/><REACH who="2" step="1"/><F66/><REACH who="2" ten="192,269,278,251" step="2"/><W64/><G64/><T100/><D85/><U4/><E39/><V28/><F28/><W83/><G84/><T26/><D31/><U70/><E67/><V79/><F79/><W30/><G78/><T21/><D36/><U53/><E108/><V1/><F1/><W5/><G30/><T106/><D44/><AGARI ba="0,1" hai="13,15,16,19,22,23,43,44,48,57,58,96,103,107" machi="44" ten="40,8000,1" yaku="1,1,9,1,54,1,53,1" doraHai="33" doraHaiUra="40" who="2" fromWho="0" sc="192,-80,269,0,278,90,251,0" /><INIT seed="5,0,0,2,5,130" ten="112,269,368,251" oya="1" hai0="16,57,39,107,26,132,106,6,3,94,33,15,109" hai1="79,93,69,53,44,123,98,70,41,74,91,30,50" hai2="78,96,29,28,23,135,65,115,11,36,120,0,131" hai3="13,66,24,56,48,80,103,113,95,37,84,117,55"/><U52/><E123/><V54/><F120/><W49/><G37/><T128/><D109/><U116/><E116/><V75/><F65/><W100/><G113/><T124/><D128/><U46/><E30/><V40/><F131/><W58/><G117/><T99/><D124/><U82/><REACH who="1" step="1"/><E53/><REACH who="1" ten="112,259,368,251" step="2"/><V77/><F54/><W63/><G55/><T34/><D107/><U89/><E89/><V59/><F28/><W67/><G103/><T47/><D106/><U133/><E133/><V129/><F135/><W72/><G100/><T25/><D132/><U27/><E27/><V9/><F29/><W121/><G24/><T97/><D26/><U35/><E35/><V31/><F31/><W122/><G122/><T88/><D25/><U125/><E125/><V19/><F129/><W85/><G121/><T118/><D34/><U20/><E20/><V64/><F23/><W126/><G126/><T71/><D33/><U45/><E45/><V38/><F115/><W10/><G67/><T8/><D118/><U21/><E21/><V62/><F64/><W73/><G66/><T134/><D134/><U114/><E114/><V60/><F77/><W4/><G56/><T22/><D57/><U18/><E18/><V12/><F78/><W119/><G58/><T92/><D71/><U127/><E127/><V32/><F32/><W43/><G119/><T2/><D47/><U111/><E111/><V5/><F59/><W102/><G102/><T101/><D22/><U90/><E90/><V61/><F19/><W81/><G63/><T7/><D16/><U105/><E105/><V14/><F61/><RYUUKYOKU ba="0,1" sc="112,-10,259,30,368,-10,251,-10" hai1="41,44,46,50,52,69,70,74,79,82,91,93,98" /><INIT seed="5,1,1,2,3,8" ten="102,289,358,241" oya="1" hai0="55,47,65,5,94,21,63,134,125,87,117,46,93" hai1="3,108,64,32,22,66,96,60,83,105,129,45,78" hai2="35,56,39,116,59,119,98,88,61,79,86,101,29" hai3="0,99,126,110,128,33,75,131,44,121,71,115,127"/><U43/><E32/><V92/><F39/><W67/><G33/><T50/><D117/><U74/><E129/><N who="3" m="49738" /><G0/><T52/><D134/><U112/><E112/><V130/><F130/><W16/><G75/><T81/><D125/><N who="3" m="47625" /><G110/><T113/><D113/><U9/><E22/><V13/><F79/><W26/><G115/><T109/><D109/><U124/><E108/><V84/><F84/><W118/><G121/><T23/><D5/><N who="1" m="1215" /><E60/><V2/><F2/><W20/><G118/><T53/><D65/><U62/><E62/><V34/><F34/><W14/><G44/><T27/><D63/><U40/><E40/><V58/><F61/><N who="3" m="40431" /><G99/><T76/><D23/><U70/><E70/><V31/><F35/><W10/><G10/><T85/><D47/><U49/><E124/><V82/><F119/><W12/><AGARI ba="1,1" hai="12,14,16,20,26" m="40431,47625,49738" machi="12" ten="40,8000,1" yaku="19,1,18,1,52,2,54,1" doraHai="8" who="3" fromWho="3" sc="102,-21,289,-41,358,-21,241,93" /><INIT seed="6,0,0,1,3,131" ten="81,248,337,334" oya="2" hai0="114,84,119,19,8,50,97,62,105,128,126,111,81" hai1="66,24,0,102,9,60,5,65,46,90,96,40,21" hai2="35,18,16,122,93,72,82,36,87,64,74,25,68" hai3="123,80,27,17,133,44,76,33,109,47,124,41,10"/><V88/><F122/><W110/><G123/><T58/><D119/><U116/><E116/><V85/><F36/><W26/><G124/><T32/><D126/><U98/><E90/><V121/><F121/><W23/><G10/><T57/><D128/><U37/><E102/><V28/><F64/><W106/><G106/><T108/><D32/><U3/><E3/><V120/><F68/><W29/><G47/><T6/><D114/><U92/><E92/><V94/><F94/><W30/><G29/><T2/><D105/><U107/><E107/><V115/><F115/><W78/><G78/><T101/><D50/><U11/><E11/><V117/><F117/><W22/><G33/><T112/><D112/><U95/><E95/><V14/><F18/><W52/><G52/><T104/><D57/><U100/><E100/><V1/><F1/><W34/><G34/><T134/><D19/><U43/><E43/><V13/><F13/><W4/><G4/><T51/><D51/><U89/><E89/><V48/><F48/><W49/><G133/><T38/><D38/><U61/><E66/><V42/><F42/><W130/><G130/><T53/><REACH who="0" step="1"/><D134/><REACH who="0" ten="71,248,337,334" step="2"/><U135/><E135/><V69/><F120/><W132/><G132/><T39/><D39/><U55/><E37/><V103/><F69/><W7/><G7/><T45/><D45/><U56/><E46/><V113/><F113/><W63/><G63/><T125/><D125/><U127/><E127/><V31/><F31/><W83/><G30/><T54/><D54/><U20/><E55/><V12/><F35/><W75/><G41/><RYUUKYOKU ba="0,1" sc="71,30,248,-10,337,-10,334,-10" hai0="2,6,8,53,58,62,81,84,97,101,104,108,111" /><INIT seed="7,1,1,1,4,67" ten="101,238,327,324" oya="3" hai0="62,100,20,4,98,115,32,129,65,16,57,28,92" hai1="117,93,58,13,87,97,5,107,118,21,29,53,50" hai2="86,34,104,82,36,38,88,96,45,123,108,69,95" hai3="8,56,101,81,111,41,17,42,112,48,37,44,76"/><W116/><G112/><T61/><D129/><U89/><E5/><V7/><F108/><W68/><G116/><T130/><D130/><U1/><E1/><V26/><F104/><W90/><G68/><T64/><D115/><U22/><E29/><V15/><F69/><W85/><G111/><T51/><D51/><U39/><E39/><V126/><F126/><W0/><G101/><T84/><D4/><U2/><E2/><V52/><F123/><W74/><G56/><T94/><D32/><U3/><E3/><V124/><F124/><W83/><G41/><T60/><D65/><U30/><E30/><V103/><F34/><W131/><G131/><T122/><D122/><U24/><E24/><V54/><F26/><W91/><G48/><T134/><D134/><U79/><E107/><V71/><F71/><W11/><G17/><T6/><D6/><U31/><E31/><V14/><F14/><W113/><G113/><T132/><D132/><U9/><E118/><V18/><F7/><N who="3" m="1127" /><G11/><T10/><D92/><U66/><E66/><V121/><F121/><W120/><G120/><T19/><D84/><U135/><E135/><V12/><F15/><W105/><G105/><T110/><D110/><U63/><E117/><V33/><F33/><W99/><G99/><T70/><D70/><U59/><E9/><N who="2" m="6415" /><F54/><W75/><G75/><T77/><D77/><AGARI ba="1,1" hai="37,42,44,74,76,77,81,83,85,90,91" m="1127" machi="77" ten="30,1500,0" yaku="25,1" doraHai="67" who="3" fromWho="0" sc="101,-18,238,0,327,0,324,28" owari="83,-41.7,238,-16.2,327,12.7,352,45.2" /></mjloggm>