<mjloggm ver="2.3"><GO type="169" lobby="0"/><UN n0="%EF%BC%8A%E5%B0%8F%E5%A4%AA%E9%83%8E%EF%BC%8A" n1="%53%E6%9C%A8" n2="%E4%BE%8D" n3="%4E%49%4B%55%59%41" dan="16,17,18,17" rate="2077.73,2183.97,2285.81,2234.97" sx="M,M,M,M"/><TAIKYOKU oya="0"/><INIT seed="0,0,0,2,5,77" ten="250,250,250,250" oya="0" hai0="7,97,24,111,124,73,119,18,78,59,96,98,3" hai1="48,31,102,85,35,21,26,20,25,36,133,57,93" hai2="56,135,6,52,65,12,104,33,123,32,42,131,132" hai3="101,22,10,58,64,19,91,103,100,117,94,116,5"/><T15/><D119/><U49/><E133/><N who="2" m="51275" /><F123/><W106/><G106/><T125/><D24/><U87/><E36/><V79/><F104/><W107/><G107/><T76/><D59/><U50/><E35/><V120/><F120/><W38/><G38/><T45/><D45/><U108/><E108/><V54/><F42/><W46/><G46/><T44/><D111/><U89/><E102/><V105/><F105/><W90/><G64/><T39/><D7/><U88/><E57/><V112/><F112/><W84/><G58/><T86/><D3/><U8/><E8/><N who="2" m="4119" /><F131/><W13/><REACH who="3" step="1"/><G91/><REACH who="3" ten="250,250,250,240" step="2"/><T51/><D39/><U118/><E118/><V16/><F65/><W28/><G28/><T60/><D44/><U67/><E67/><V41/><F41/><W1/><AGARI ba="0,1" hai="1,5,10,13,19,22,84,90,94,100,101,103,116,117" machi="1" ten="30,2000,0" yaku="1,1,0,1,53,0" doraHai="77" doraHaiUra="121" who="3" fromWho="3" sc="250,-10,250,-5,250,-5,240,30" /><INIT seed="1,0,0,4,2,34" ten="240,245,245,270" oya="1" hai0="87,50,118,46,16,99,123,27,48,0,76,69,70" hai1="73,128,51,109,44,28,41,67,71,116,22,43,119" hai2="39,13,18,40,125,17,64,83,38,95,88,26,12" hai3="100,23,101,102,113,92,134,57,31,11,78,37,105"/><U115/><E73/><V25/><F125/><W54/><G105/><T104/><D118/><U1/><E115/><V30/><F64/><W36/><G113/><T110/><D110/><U42/><E128/><V131/><F131/><W7/><G134/><T129/><D129/><U114/><E114/><V4/><F83/><W47/><G78/><T121/><D76/><U29/><E109/><V19/><F40/><W135/><G135/><T108/><D87/><U52/><E71/><V91/><F4/><W80/><G80/><T111/><D104/><U93/><E67/><V130/><F130/><W77/><G77/><T24/><D99/><U82/><E82/><V75/><F30/><W94/><G47/><T8/><D16/><U14/><E1/><V60/><F60/><W2/><G23/><T90/><D90/><N who="2" m="34346" /><F95/><W132/><G31/><T126/><D126/><U103/><E116/><V68/><F68/><W122/><G132/><T72/><D72/><U86/><E86/><V10/><F10/><W74/><G74/><T49/><D8/><U58/><E119/><V117/><F117/><W32/><G32/><T20/><D0/><U56/><E93/><N who="3" m="35946" /><G122/><T124/><D124/><U62/><E103/><V5/><F5/><W79/><G79/><T89/><D123/><U6/><E6/><V63/><F63/><N who="3" m="36279" /><G36/><N who="2" m="13865" /><F75/><W21/><G37/><T33/><D121/><U85/><E85/><V127/><F127/><W61/><G61/><T66/><D111/><U53/><E44/><V107/><F107/><W97/><G97/><T120/><D108/><U9/><E22/><V35/><F35/><RYUUKYOKU ba="0,0" sc="240,-30,245,10,245,10,270,10" hai1="9,14,28,29,41,42,43,51,52,53,56,58,62" hai2="12,13,17,18,19,25,26" hai3="2,7,11,21,100,101,102" /><INIT seed="1,1,0,2,4,55" ten="210,255,255,280" oya="1" hai0="96,8,109,79,46,127,67,48,4,123,56,2,44" hai1="135,87,39,27,45,76,134,12,71,105,61,32,89" hai2="74,75,112,53,28,78,98,19,99,81,49,111,85" hai3="86,131,35,133,102,104,57,95,58,38,54,100,59"/><U51/><E105/><V132/><F111/><W41/><G35/><T113/><D109/><U115/><E115/><V1/><F1/><W114/><G114/><T25/><D113/><U125/><E125/><V73/><F132/><W117/><G104/><T82/><D127/><U31/><E39/><V43/><F112/><W24/><G38/><T14/><D123/><U91/><E12/><V103/><F28/><W5/><G41/><T7/><D2/><U18/><E18/><V92/><F43/><W77/><G5/><T20/><D96/><U47/><E47/><V129/><F129/><W10/><G10/><T110/><D110/><U80/><E71/><V23/><F99/><W37/><G37/><T0/><D0/><U119/><E119/><V88/><F23/><W108/><G108/><T40/><D46/><U101/><E101/><N who="3" m="39018" /><G131/><T34/><D34/><U126/><E126/><V36/><F19/><W33/><G133/><N who="1" m="50698" /><E61/><V124/><F36/><W106/><G106/><T22/><D7/><U118/><E118/><V60/><F60/><N who="3" m="35895" /><G117/><T16/><D22/><U64/><E64/><V128/><F128/><W72/><G72/><T68/><D68/><U70/><E70/><V9/><F9/><W42/><G42/><AGARI ba="1,0" hai="27,31,32,42,45,51,76,80,87,89,91" m="50698" machi="42" ten="30,1500,0" yaku="20,1" doraHai="55" who="1" fromWho="3" sc="210,0,255,18,255,0,280,-18" /><INIT seed="1,2,0,2,3,19" ten="210,273,255,262" oya="1" hai0="117,47,38,98,80,96,78,45,2,73,7,44,37" hai1="13,119,8,75,25,24,130,27,88,34,125,3,6" hai2="16,1,124,134,126,36,76,87,132,107,58,46,99" hai3="71,64,70,51,67,20,109,10,12,113,63,33,50"/><U52/><E75/><V43/><F1/><W79/><G33/><T84/><D117/><U82/><E119/><V115/><F76/><W116/><G113/><T121/><D121/><U77/><E130/><V106/><F87/><W93/><G116/><T11/><REACH who="0" step="1"/><D84/><REACH who="0" ten="200,273,255,262" step="2"/><U127/><E34/><V56/><F115/><W111/><G111/><T86/><D86/><U0/><E127/><V66/><F126/><W135/><G109/><T28/><D28/><U97/><E125/><V40/><F124/><W131/><G131/><T49/><D49/><U60/><E77/><V4/><F134/><W22/><G79/><T35/><D35/><U128/><E128/><V108/><F132/><W118/><G135/><T110/><D110/><U100/><E82/><V68/><F108/><W32/><G32/><T92/><D92/><U120/><E120/><V104/><F107/><W42/><G93/><T72/><D72/><U129/><E129/><V114/><F106/><W65/><G118/><T89/><D89/><U30/><E30/><V14/><F104/><W85/><G85/><T55/><D55/><U48/><E60/><V122/><F114/><W15/><G63/><T91/><D91/><U21/><E88/><V41/><F122/><W69/><G51/><T83/><D83/><U59/><E100/><V95/><F95/><W102/><G102/><T90/><D90/><U105/><E105/><V5/><F36/><AGARI ba="2,1" hai="2,7,11,36,37,38,44,45,47,73,78,80,96,98" machi="36" ten="40,1300,0" yaku="1,1,53,0" doraHai="19" doraHaiUra="29" who="0" fromWho="2" sc="200,29,273,0,255,-19,262,0" /><INIT seed="2,0,0,0,4,55" ten="229,273,236,262" oya="2" hai0="104,7,75,54,13,105,93,71,4,89,10,5,79" hai1="92,99,19,2,86,48,84,125,97,119,60,95,17" hai2="130,70,58,118,102,0,46,72,53,31,28,8,117" hai3="129,44,20,57,42,94,132,26,88,43,45,21,67"/><V133/><F72/><W126/><G126/><T36/><D71/><U127/><E119/><V80/><F70/><W41/><G129/><T38/><D75/><U40/><E48/><V50/><F130/><W1/><G1/><T14/><D79/><U64/><E60/><V96/><F133/><W120/><G120/><T87/><D105/><U18/><E2/><V91/><F118/><W115/><G115/><T12/><D104/><U22/><E22/><V6/><F117/><W37/><G132/><T62/><REACH who="0" step="1"/><D10/><REACH who="0" ten="219,273,236,262" step="2"/><U109/><E127/><V3/><F3/><W76/><G76/><T9/><D9/><U32/><E125/><V33/><F33/><W47/><G37/><T25/><D25/><U134/><E134/><V27/><F27/><W39/><G39/><T29/><D29/><U123/><E32/><V122/><F122/><W116/><G116/><T121/><D121/><U128/><E123/><V59/><F31/><W90/><G26/><T65/><D65/><U66/><E128/><V98/><F28/><W23/><G94/><T51/><D51/><U112/><E112/><V63/><F0/><W135/><G135/><T52/><D52/><U56/><E40/><V34/><F34/><W78/><G78/><T74/><D74/><U35/><E35/><V131/><F131/><W106/><G106/><T49/><D49/><U82/><E64/><V114/><F114/><W30/><G30/><T110/><D110/><U113/><E109/><V85/><F8/><W103/><G67/><T11/><D11/><U111/><E113/><V15/><F50/><W100/><G57/><AGARI ba="0,1" hai="4,5,7,12,13,14,36,38,54,57,62,87,89,93" machi="57" ten="40,8000,1" yaku="1,1,6,1,52,1,53,2" doraHai="55" doraHaiUra="68" who="0" fromWho="3" sc="219,90,273,0,236,0,262,-80" /><INIT seed="3,0,0,1,4,71" ten="309,273,236,182" oya="3" hai0="122,103,55,42,80,51,84,89,39,35,86,116,12" hai1="112,49,133,44,102,73,57,3,91,126,37,30,97" hai2="9,107,67,17,60,56,79,46,61,34,93,23,58" hai3="109,40,14,21,75,63,78,26,50,132,101,32,29"/><W27/><G132/><T70/><D116/><U77/><E112/><V110/><F110/><W2/><G2/><T98/><D70/><U13/><E133/><V131/><F131/><W92/><G109/><T114/><D122/><U41/><E3/><V135/><F135/><W4/><G63/><T119/><D119/><U128/><E126/><V52/><F107/><W69/><G69/><T121/><D121/><U54/><E128/><V105/><F105/><W68/><G68/><T8/><D35/><U118/><E118/><V53/><F34/><W15/><G75/><T38/><D42/><U104/><E91/><V99/><F79/><W90/><G78/><T117/><D86/><U134/><E134/><V59/><F9/><W125/><G101/><T76/><D76/><U82/><E13/><V108/><F46/><W65/><G65/><T45/><D114/><U111/><E111/><V25/><F108/><W20/><G125/><T24/><D24/><U16/><E30/><V0/><F0/><W95/><G32/><T72/><D72/><U47/><REACH who="1" step="1"/><E44/><REACH who="1" ten="309,263,236,182" step="2"/><V83/><F83/><W94/><G90/><T120/><D117/><U100/><E100/><V33/><F33/><W31/><G4/><T48/><D120/><U123/><E123/><V22/><F22/><W115/><G115/><T81/><D81/><U36/><E36/><V129/><F129/><W7/><G7/><T96/><D103/><U62/><E62/><N who="2" m="24171" /><F67/><W124/><G124/><T1/><D1/><U18/><AGARI ba="0,1" hai="16,18,37,41,47,49,54,57,73,77,82,97,102,104" machi="18" ten="30,7900,0" yaku="1,1,0,1,52,1,54,1,53,0" doraHai="71" doraHaiUra="19" who="1" fromWho="1" sc="309,-20,263,89,236,-20,182,-39" /><INIT seed="4,0,0,0,5,75" ten="289,352,216,143" oya="0" hai0="86,29,95,31,25,126,112,67,23,85,79,55,117" hai1="66,99,88,97,109,119,27,39,83,13,130,69,49" hai2="62,53,80,3,92,48,41,40,34,113,54,65,16" hai3="43,1,33,2,73,77,123,110,9,19,0,58,89"/><T103/><D117/><U28/><E39/><V24/><F3/><W87/><G110/><T52/><D112/><U101/><E109/><V94/><F113/><W32/><G123/><T57/><D126/><U135/><E119/><V128/><F128/><W12/><G43/><T36/><D36/><U133/><E130/><V14/><F24/><W35/><G58/><T84/><D31/><U120/><E120/><V78/><F34/><W118/><G118/><T10/><D10/><U56/><E13/><V122/><F40/><W132/><G132/><T7/><D7/><U21/><E69/><V38/><F41/><W50/><G50/><T45/><D45/><U131/><E131/><V107/><F107/><W64/><G64/><T90/><D79/><U60/><E49/><V105/><F105/><W134/><G134/><N who="1" m="51210" /><E101/><V30/><F38/><W115/><G115/><T5/><D5/><U71/><E71/><V102/><F102/><W61/><G61/><N who="0" m="38319" /><D103/><U127/><E127/><V72/><F122/><W8/><G73/><T59/><D55/><U4/><E4/><V11/><F54/><W82/><REACH who="3" step="1"/><G89/><REACH who="3" ten="289,352,216,133" step="2"/><T46/><D46/><U125/><E125/><V96/><F62/><AGARI ba="0,1" hai="23,25,29,52,59,62,84,85,86,90,95" m="38319" machi="62" ten="30,2900,0" yaku="8,1,54,1" doraHai="75" who="0" fromWho="2" sc="289,39,352,0,216,-29,133,0" /><INIT seed="4,1,0,3,2,37" ten="328,352,187,133" oya="0" hai0="5,51,2,56,133,8,74,88,128,59,23,72,99" hai1="110,21,25,77,112,41,19,91,71,65,116,108,53" hai2="76,13,82,109,52,134,45,87,0,127,17,7,48" hai3="80,130,120,81,36,117,26,24,123,58,114,47,115"/><T11/><D128/><U39/><E116/><V20/><F127/><W35/><G58/><T93/><D133/><U32/><E32/><V9/><REACH who="2" step="1"/><F134/><REACH who="2" ten="328,352,177,133" step="2"/><W101/><G117/><T122/><D122/><N who="3" m="46633" /><G130/><T44/><D11/><U68/><E110/><AGARI ba="1,1" hai="0,7,9,13,17,20,45,48,52,76,82,87,109,110" machi="110" ten="40,2600,0" yaku="1,1,54,1,53,0" doraHai="37" doraHaiUra="29" who="2" fromWho="1" sc="328,0,352,-29,177,39,133,0" /><INIT seed="5,0,0,2,2,77" ten="328,323,216,133" oya="1" hai0="62,134,127,125,57,28,37,23,96,94,80,10,82" hai1="73,90,119,8,126,51,69,25,24,112,63,83,93" hai2="12,47,27,75,4,99,34,6,39,19,13,21,56" hai3="65,115,45,68,110,48,5,72,52,128,61,9,135"/><U64/><E119/><V102/><F75/><W121/><G121/><T70/><D70/><U20/><E112/><V92/><F39/><W95/><G110/><T105/><D105/><U0/><E126/><N who="0" m="48137" /><D37/><U111/><E111/><V84/><F47/><W85/><G72/><T11/><D134/><U2/><E8/><N who="0" m="3113" /><D23/><U87/><E51/><V15/><F34/><W79/><G115/><T43/><D28/><U32/><E32/><V88/><REACH who="2" step="1"/><F56/><REACH who="2" ten="328,323,206,133" step="2"/><W74/><G74/><T100/><D43/><U108/><E108/><V89/><F89/><W30/><G135/><T55/><AGARI ba="0,1" hai="55,57,62,80,82,94,96,100" m="3113,48137" machi="55" ten="30,4000,0" yaku="18,1,52,2" doraHai="77" who="0" fromWho="0" sc="328,50,323,-20,206,-10,133,-10" /><INIT seed="6,0,0,3,5,60" ten="378,303,196,123" oya="2" hai0="75,91,32,130,70,3,107,95,115,82,129,13,24" hai1="98,54,35,28,134,87,100,90,20,38,69,114,73" hai2="57,131,111,30,103,5,6,40,36,112,76,119,55" hai3="113,79,77,22,31,101,118,80,81,62,48,39,52"/><V68/><F119/><W58/><G39/><T59/><D3/><U42/><E134/><V29/><F68/><W124/><G118/><T65/><D107/><U15/><E73/><V50/><F112/><W0/><G0/><T126/><D70/><U85/><E114/><V92/><F131/><W66/><G113/><T8/><D115/><U25/><E69/><V71/><F71/><W63/><G124/><T23/><D32/><U102/><E87/><V133/><F111/><W49/><G101/><T110/><D110/><U83/><E54/><V26/><F133/><W46/><G63/><N who="0" m="38143" /><D82/><U2/><E2/><V16/><F76/><W104/><G104/><T14/><D8/><U97/><E15/><V120/><F36/><W105/><G105/><T53/><D53/><U17/><E42/><V18/><F40/><W33/><G33/><T96/><D75/><U21/><E35/><V10/><F30/><W122/><G122/><T93/><D93/><U78/><E38/><V74/><F74/><W116/><G116/><T94/><D94/><N who="1" m="56535" /><E98/><N who="2" m="59847" /><F120/><W45/><G77/><T7/><D126/><U132/><E132/><V61/><F50/><W72/><G80/><T108/><D108/><U4/><E102/><V64/><F55/><W125/><G125/><T34/><D34/><U127/><E100/><V37/><F37/><W123/><G123/><T117/><D117/><U51/><E51/><N who="3" m="19530" /><G52/><T88/><D91/><U128/><E127/><V11/><F5/><W43/><G43/><T9/><D7/><U109/><E109/><V56/><F6/><W41/><G41/><T89/><D130/><RYUUKYOKU ba="0,0" sc="378,-10,303,-10,196,-10,123,30" hai3="22,31,45,46,58,62,66,72,79,81" /><INIT seed="7,1,0,5,1,100" ten="368,293,186,153" oya="3" hai0="127,17,43,41,132,45,42,111,104,84,62,64,103" hai1="56,37,112,65,18,16,131,26,40,3,70,115,76" hai2="77,19,108,94,61,21,67,48,68,71,34,23,75" hai3="89,88,116,11,109,14,114,93,97,101,39,10,83"/><W72/><G116/><T54/><D111/><U69/><E3/><V130/><F108/><W106/><G109/><T30/><D30/><U95/><E131/><V110/><F110/><W22/><G39/><T28/><D28/><U31/><E76/><V133/><F34/><W128/><G128/><T58/><D104/><U5/><E5/><V46/><F130/><W90/><G114/><T12/><D103/><U74/><E74/><V120/><F68/><W55/><G93/><T47/><D127/><U60/><E40/><V20/><F133/><W0/><G55/><T126/><D132/><U8/><E37/><V122/><F94/><W52/><G52/><T124/><D84/><U80/><E80/><V135/><F135/><W9/><G0/><T51/><D47/><U118/><E118/><V24/><F77/><W129/><G129/><T49/><D49/><U57/><E8/><V85/><F85/><W32/><G32/><T96/><D96/><U91/><E69/><V29/><F75/><W102/><G102/><T25/><D25/><U53/><E70/><V27/><REACH who="2" step="1"/><F21/><REACH who="2" ten="368,293,176,153" step="2"/><W44/><G44/><T4/><D126/><U15/><E112/><V63/><F63/><W79/><REACH who="3" step="1"/><G22/><REACH who="3" ten="368,293,176,143" step="2"/><N who="0" m="11559" /><D124/><U7/><E115/><V35/><F35/><W117/><G117/><T2/><D2/><U87/><E95/><V123/><F123/><W99/><G99/><T13/><D43/><AGARI ba="1,2" hai="19,20,23,24,27,29,43,46,48,61,67,71,120,122" machi="43" ten="40,1300,0" yaku="1,1,53,0" doraHai="100" doraHaiUra="1" who="2" fromWho="0" sc="368,-16,293,0,176,36,143,0" owari="352,45.2,293,9.3,212,-18.8,143,-35.7" /></mjloggm>