<mjloggm ver="2.3"><GO type="169" lobby="0"/><UN n0="%E3%81%BB%E3%82%80%E3%82%89" n1="%E3%83%A2%E3%83%B3%E3%82%AD%E3%83%BC%E3%83%88%E3%83%AA%E3%83%83%E3%82%AF" n2="%41%4F%54" n3="%73%73%73%31%39%33%33" dan="16,16,18,16" rate="2070.91,2001.90,2216.37,2136.13" sx="F,M,F,F"/><TAIKYOKU oya="0"/><INIT seed="0,0,0,3,1,76" ten="250,250,250,250" oya="0" hai0="82,24,21,118,40,62,132,71,0,58,11,31,92" hai1="23,89,32,67,42,88,86,87,63,104,131,100,48" hai2="121,127,44,7,51,117,29,134,116,60,125,99,37" hai3="120,59,8,111,53,5,30,4,101,12,115,129,107"/><T94/><D71/><U39/><E32/><V70/><F7/><W14/><G115/><T128/><D118/><N who="2" m="45674" /><F29/><W49/><G111/><T35/><D128/><U55/><E131/><V17/><F17/><W19/><G129/><T43/><D132/><U3/><E3/><V56/><F99/><W102/><G107/><T69/><D69/><U46/><E104/><V22/><F22/><W123/><G30/><T96/><D94/><U77/><E100/><V33/><F33/><W110/><G110/><T65/><D35/><U133/><E133/><V45/><F134/><W52/><G53/><T98/><D98/><U135/><E135/><V26/><F26/><W20/><REACH who="3" step="1"/><G5/><REACH who="3" ten="250,250,250,240" step="2"/><T105/><D105/><U80/><E55/><N who="2" m="33823" /><F121/><AGARI ba="0,1" hai="4,8,12,14,19,20,49,52,59,101,102,120,121,123" machi="121" ten="40,5200,0" yaku="1,1,13,1,54,1,53,0" doraHai="76" doraHaiUra="78" who="3" fromWho="2" sc="250,0,250,0,250,-52,240,62" /><INIT seed="1,0,0,4,3,37" ten="250,250,198,302" oya="1" hai0="99,24,48,16,75,86,69,18,71,127,64,102,22" hai1="95,13,111,12,38,79,52,124,128,62,44,56,0" hai2="98,119,97,51,92,93,76,110,132,61,28,96,42" hai3="84,35,25,73,27,109,129,49,29,50,19,7,36"/><U47/><E0/><V105/><F119/><W81/><G73/><T23/><D75/><U130/><E79/><V88/><F110/><W77/><G109/><T41/><D127/><U89/><E111/><V5/><F132/><W8/><G36/><T9/><D9/><U78/><E78/><V135/><F135/><W10/><G129/><N who="1" m="49770" /><E124/><V122/><F122/><W15/><REACH who="3" step="1"/><G27/><REACH who="3" ten="250,250,198,292" step="2"/><T91/><D24/><U2/><E2/><AGARI ba="0,1" hai="2,7,8,10,15,19,25,29,35,49,50,77,81,84" machi="2" ten="30,3900,0" yaku="1,1,2,1,7,1,53,0" doraHai="37" doraHaiUra="134" who="3" fromWho="1" sc="250,0,250,-39,198,0,292,49" /><INIT seed="2,0,0,5,5,18" ten="250,211,198,341" oya="2" hai0="130,32,133,50,62,8,108,22,110,119,36,2,76" hai1="125,75,6,19,115,77,49,81,20,14,95,25,9" hai2="97,90,29,111,117,60,116,73,46,28,37,121,70" hai3="13,63,58,33,96,53,80,16,69,59,0,51,122"/><V112/><F112/><W89/><G33/><T45/><D36/><U44/><E115/><V84/><F121/><W88/><G0/><T48/><D32/><U38/><E125/><V101/><F73/><W105/><G69/><T79/><D130/><U39/><REACH who="1" step="1"/><E95/><REACH who="1" ten="250,201,198,341" step="2"/><V4/><F117/><W7/><G105/><T11/><D119/><U17/><E17/><V99/><F116/><W67/><G122/><T42/><D108/><U109/><E109/><V15/><F111/><W3/><G7/><T65/><D110/><U123/><E123/><V113/><F113/><W41/><G16/><T83/><D133/><U26/><E26/><V61/><F4/><W74/><G80/><T129/><D129/><U107/><E107/><V127/><F127/><W40/><G3/><T43/><D2/><U56/><E56/><V132/><F132/><W1/><G1/><T34/><D83/><U94/><E94/><V98/><F70/><W10/><G59/><T100/><D45/><U31/><E31/><V47/><F29/><W118/><G58/><T128/><D128/><U35/><E35/><V103/><F28/><W78/><G118/><T92/><D92/><U106/><E106/><V114/><F114/><W54/><G13/><T23/><D34/><U87/><E87/><V120/><F120/><W104/><G104/><T27/><D27/><U57/><E57/><V30/><F30/><W66/><G74/><T91/><D65/><U55/><AGARI ba="0,1" hai="6,9,14,19,20,25,38,39,44,49,55,75,77,81" machi="55" ten="20,5200,0" yaku="1,1,0,1,7,1,52,1,53,0" doraHai="18" doraHaiUra="134" who="1" fromWho="1" sc="250,-13,201,62,198,-26,341,-13" /><INIT seed="3,0,0,5,5,134" ten="237,263,172,328" oya="3" hai0="37,7,45,111,110,65,42,63,78,131,64,125,0" hai1="79,39,55,24,104,26,67,126,19,1,50,16,113" hai2="98,32,118,9,89,96,13,14,48,17,94,85,53" hai3="43,106,84,34,33,46,18,86,74,22,29,40,12"/><W76/><G106/><T105/><D105/><U95/><E104/><V132/><F132/><W121/><G121/><T44/><D131/><U15/><E1/><V23/><F118/><W38/><G43/><T88/><D78/><U130/><E39/><V27/><F32/><W49/><G38/><T11/><D45/><U73/><E130/><V21/><F21/><W115/><G115/><T41/><D41/><U6/><E113/><V25/><F25/><W81/><G34/><T124/><D88/><U72/><E72/><V117/><F117/><W92/><G92/><T60/><D60/><U77/><E67/><N who="0" m="25673" /><D63/><U35/><E35/><V102/><F102/><W57/><G57/><T56/><D56/><U36/><E36/><V52/><F14/><W97/><G97/><T4/><D7/><U71/><E71/><V103/><F48/><W5/><G5/><T8/><D8/><U20/><E73/><V112/><F112/><W70/><G70/><T69/><D69/><U68/><E68/><V61/><F61/><W80/><G74/><T66/><D66/><U3/><E3/><V116/><F116/><W47/><G47/><T90/><D90/><U58/><E6/><V2/><F2/><W123/><G33/><T51/><D37/><U128/><E128/><V109/><F109/><AGARI ba="0,0" hai="0,4,11,42,44,51,109,110,111,124,125" m="25673" machi="109" ten="30,3900,0" yaku="14,1,52,2" doraHai="134" who="0" fromWho="2" sc="237,39,263,0,172,-39,328,0" /><INIT seed="4,0,0,2,2,92" ten="276,263,133,328" oya="0" hai0="123,14,34,22,18,97,70,12,82,104,67,17,32" hai1="69,95,73,100,131,60,11,103,77,135,4,35,102" hai2="124,98,45,79,48,15,75,125,118,16,86,63,27" hai3="126,90,49,89,106,81,109,37,93,30,9,117,26"/><T53/><D123/><U24/><E135/><V68/><F75/><W115/><G37/><T114/><D114/><U10/><E131/><V128/><F128/><W71/><G71/><T46/><D82/><U25/><E73/><V41/><F27/><W57/><G109/><T133/><D133/><U59/><E77/><V105/><F118/><W1/><G106/><T111/><D111/><U113/><E113/><V122/><F122/><W64/><G117/><T62/><D46/><U80/><E69/><V94/><F105/><W66/><G126/><N who="2" m="48745" /><F79/><W39/><G39/><T65/><D53/><N who="1" m="33903" /><E35/><V20/><F86/><W56/><G1/><T78/><D78/><U108/><E108/><V47/><F47/><W19/><G26/><N who="1" m="10346" /><E80/><V31/><F31/><W91/><G81/><T120/><D120/><U5/><E95/><V3/><F3/><W52/><G93/><T116/><D67/><U134/><E134/><V0/><F0/><W36/><G66/><T85/><D116/><U40/><E40/><V84/><F84/><W119/><G64/><T21/><D85/><U23/><E23/><V121/><F121/><W50/><G119/><T87/><D87/><U7/><AGARI ba="0,0" hai="4,5,7,10,11,100,102,103" m="10346,33903" machi="7" ten="40,1500,0" yaku="8,1" doraHai="92" who="1" fromWho="1" sc="276,-7,263,15,133,-4,328,-4" /><INIT seed="5,0,0,3,1,78" ten="269,278,129,324" oya="1" hai0="29,133,17,58,51,46,81,23,101,114,47,34,21" hai1="94,83,117,80,42,53,56,73,109,112,91,27,35" hai2="127,131,24,132,22,104,70,44,38,32,68,107,126" hai3="16,118,102,76,120,74,97,128,26,98,31,60,87"/><U37/><E117/><V129/><F32/><W115/><G120/><T11/><D114/><U40/><E112/><V100/><F100/><W116/><G115/><T111/><D111/><U59/><E73/><V14/><F14/><W106/><G128/><N who="2" m="49225" /><F44/><W28/><G74/><T43/><D133/><U89/><E37/><V130/><N who="2" m="49233" /><V50/><DORA hai="5" /><F50/><W9/><G98/><T19/><D34/><U103/><E35/><V105/><F38/><W69/><G69/><N who="2" m="26729" /><F22/><W52/><G118/><T96/><D46/><U90/><E109/><V110/><F110/><W125/><G116/><T15/><D58/><N who="1" m="22059" /><E27/><V0/><F0/><W1/><G26/><T41/><D41/><N who="1" m="15979" /><E53/><V55/><F24/><W36/><G36/><T6/><D23/><U64/><E64/><V92/><F55/><W95/><G52/><T108/><D108/><U75/><E75/><V134/><F92/><W79/><G95/><T57/><D57/><U124/><E124/><AGARI ba="0,0" hai="104,105,107,124,126,127,132,134" m="26729,49233" machi="124" ten="60,16000,3" yaku="30,2,28,2,18,1,19,1,31,2" doraHai="78,5" who="2" fromWho="1" sc="269,0,278,-160,129,160,324,0" /><INIT seed="6,0,0,3,4,94" ten="269,118,289,324" oya="2" hai0="18,33,6,23,95,87,14,72,48,13,119,34,28" hai1="133,2,91,86,71,118,122,126,19,37,24,5,11" hai2="84,98,20,113,101,68,89,10,79,3,99,127,43" hai3="32,50,17,4,22,103,66,53,93,78,41,121,27"/><V105/><F68/><W25/><G121/><T129/><D129/><U38/><E122/><V69/><F69/><W49/><G78/><T108/><D108/><U111/><E118/><V130/><F130/><W56/><G4/><T114/><D114/><U82/><E111/><V54/><F113/><W29/><G66/><T81/><D72/><U85/><E71/><V42/><F127/><W107/><G107/><T131/><D131/><U123/><E126/><V16/><F54/><W67/><G67/><T46/><D119/><U128/><E123/><V44/><F79/><W92/><G103/><T76/><D28/><U120/><E120/><V100/><F10/><W7/><G7/><T116/><D116/><U104/><E104/><V70/><F3/><W15/><G27/><T74/><D74/><U96/><E128/><V57/><F57/><W47/><AGARI ba="0,0" hai="15,17,22,25,29,32,41,47,49,50,53,56,92,93" machi="47" ten="30,1100,0" yaku="0,1" doraHai="94" who="3" fromWho="3" sc="269,-3,118,-3,289,-5,324,11" /><INIT seed="7,0,0,0,1,79" ten="266,115,284,335" oya="3" hai0="73,85,27,77,121,46,31,132,13,124,90,104,4" hai1="117,44,86,118,98,94,55,78,62,102,9,5,18" hai2="106,21,45,58,67,120,122,103,56,76,48,116,16" hai3="70,1,126,74,47,51,134,114,88,123,59,0,7"/><W49/><G70/><T63/><D121/><N who="2" m="46698" /><F116/><W23/><G74/><T57/><D104/><U93/><E118/><V125/><F125/><W43/><G123/><T54/><D124/><U65/><E117/><V112/><F112/><W119/><G23/><T8/><D132/><U11/><E18/><V87/><F67/><W12/><G114/><T24/><D46/><U111/><E111/><V38/><F38/><W109/><G134/><T135/><D135/><U71/><E44/><V32/><F32/><W28/><G28/><T22/><D27/><U52/><E11/><V36/><F36/><W96/><G109/><T14/><D73/><U80/><REACH who="1" step="1"/><E93/><REACH who="1" ten="266,105,284,335" step="2"/><V42/><F106/><W131/><G119/><T68/><D8/><U110/><E110/><V34/><F34/><W69/><G126/><T17/><D17/><U83/><E83/><N who="2" m="47591" /><F103/><W115/><G115/><T3/><D4/><U84/><E84/><V25/><AGARI ba="0,1" hai="16,21,25,42,45,48,56,58" m="47591,46698" machi="25" ten="30,4000,0" yaku="13,1,52,1,54,1" doraHai="79" who="2" fromWho="2" sc="266,-10,105,-10,284,50,335,-20" owari="256,-14.4,95,-40.5,334,43.4,315,11.5" /></mjloggm>