<mjloggm ver="2.3"><GO type="169" lobby="0"/><UN n0="%E3%81%AA%E3%81%BE%E3%81%91%E8%80%85" n1="%E3%81%8B%E3%81%A5%E3%81%8D%EF%BC%B8%EF%BC%A9" n2="%E9%BB%92%E7%8C%AB%E3%81%AE%E3%83%8E%E3%83%B3" n3="%E8%BE%9B%E5%8F%A3%E3%82%AB%E3%83%AC%E3%83%BC%E3%83%A9%E3%82%A4%E3%82%B9" dan="16,18,16,16" rate="2063.74,2190.87,2091.57,2121.57" sx="M,M,M,M"/><TAIKYOKU oya="0"/><INIT seed="0,0,0,2,1,51" ten="250,250,250,250" oya="0" hai0="59,33,10,113,26,15,120,101,105,86,44,93,100" hai1="40,90,133,99,111,117,83,46,134,88,8,72,104" hai2="124,121,53,49,38,68,32,4,3,9,23,74,62" hai3="106,87,110,50,131,78,126,130,96,60,109,11,79"/><T39/><D113/><U116/><E8/><V57/><F121/><W128/><G60/><T35/><D105/><U2/><E46/><V125/><F32/><W80/><G50/><T75/><D75/><U123/><E2/><V7/><F74/><W89/><G11/><T81/><D120/><U76/><E40/><V94/><F38/><W18/><G18/><T25/><D35/><U108/><E123/><V73/><F73/><W91/><G126/><T54/><D44/><U103/><E116/><V31/><F7/><W71/><G71/><T63/><D39/><U135/><E117/><V118/><F118/><W19/><G19/><T13/><D13/><U36/><E36/><V29/><F94/><N who="3" m="56399" /><G106/><T43/><D43/><U107/><E107/><V52/><F68/><W112/><G112/><T64/><D64/><U132/><N who="1" m="33792" /><DORA hai="129" /><U22/><REACH who="1" step="1"/><E22/><REACH who="1" ten="250,240,250,250" step="2"/><V84/><F23/><W21/><G21/><T98/><D33/><U69/><E69/><V97/><F124/><W82/><G82/><T37/><D37/><U47/><E47/><V77/><F125/><W12/><G12/><T92/><D81/><U55/><E55/><V6/><F53/><W28/><G28/><T58/><D54/><U14/><E14/><V122/><F31/><W61/><G61/><T85/><D15/><U20/><E20/><V114/><F29/><W16/><G16/><T24/><D10/><U48/><E48/><V66/><F49/><W127/><G127/><T115/><D115/><U34/><E34/><V70/><F114/><W102/><G130/><T67/><D59/><U30/><E30/><RYUUKYOKU ba="0,1" sc="250,15,240,15,250,-15,250,-15" hai0="24,25,26,58,63,67,85,86,92,93,98,100,101" hai1="72,76,83,88,90,99,103,104,108,111" /><INIT seed="0,1,1,1,3,82" ten="265,255,235,235" oya="0" hai0="132,29,42,44,59,68,49,5,80,128,100,77,74" hai1="84,56,109,115,12,62,78,16,122,108,79,21,4" hai2="31,72,73,97,13,66,70,69,47,120,94,116,52" hai3="35,71,106,123,8,32,41,43,98,61,2,105,19"/><T67/><D128/><U88/><E122/><V85/><F120/><W34/><G123/><T117/><D117/><U107/><E107/><V48/><F116/><W89/><G89/><T25/><D132/><U9/><E115/><V7/><F31/><W24/><G2/><T46/><D68/><U63/><E63/><V130/><F130/><W57/><G71/><T110/><D110/><N who="1" m="42603" /><E62/><V60/><F70/><W22/><G8/><T90/><D5/><U127/><E56/><V1/><F1/><W27/><G27/><T103/><D67/><U76/><E127/><V37/><F37/><W114/><G114/><T113/><D113/><U135/><E135/><V23/><F85/><W93/><G105/><T121/><D59/><U95/><E78/><V28/><F7/><W50/><G50/><T55/><D121/><U38/><E38/><V125/><F125/><W45/><G45/><T3/><D3/><AGARI ba="1,1" hai="3,4,9,12,16,21,76,79,84,88,95" m="42603" machi="3" ten="30,7700,0" yaku="14,1,52,1,54,2" doraHai="82" who="1" fromWho="0" sc="265,-80,255,90,235,0,235,0" /><INIT seed="1,0,0,2,3,135" ten="185,345,235,235" oya="1" hai0="58,54,77,14,25,79,104,10,92,91,118,66,73" hai1="98,126,119,133,60,127,41,1,110,81,0,99,62" hai2="123,34,6,106,51,27,24,32,102,120,78,68,96" hai3="31,93,3,5,122,47,74,8,87,101,67,17,61"/><U55/><E119/><V46/><F6/><W75/><G122/><T37/><D104/><U2/><E133/><V108/><F108/><W94/><G31/><T13/><D118/><U76/><E41/><V90/><F78/><W134/><G134/><T18/><D37/><U88/><E88/><V100/><F68/><W15/><G47/><T132/><D66/><U22/><E22/><V103/><F90/><W12/><G93/><T52/><D132/><U83/><E110/><V11/><F11/><W131/><G131/><T48/><D73/><U43/><E43/><V19/><F96/><N who="1" m="36905" /><E55/><V53/><F106/><W130/><G130/><T65/><D65/><U20/><E20/><V63/><F123/><W97/><G87/><N who="0" m="52351" /><D25/><U36/><E36/><V16/><F120/><W26/><G26/><T107/><D107/><U129/><E129/><V113/><F113/><W89/><G89/><T45/><D14/><U23/><E23/><V9/><F27/><W112/><G15/><T28/><D28/><U35/><E35/><V105/><F34/><W21/><REACH who="3" step="1"/><G112/><REACH who="3" ten="185,345,235,225" step="2"/><T80/><D80/><N who="1" m="30795" /><E76/><V114/><F114/><W111/><G111/><T59/><D45/><U95/><E95/><V40/><F105/><W69/><AGARI ba="0,1" hai="3,5,8,12,17,21,61,67,69,74,75,94,97,101" machi="69" ten="20,2700,0" yaku="1,1,0,1,7,1,53,0" doraHai="135" doraHaiUra="116" who="3" fromWho="3" sc="185,-7,345,-13,235,-7,225,37" /><INIT seed="2,0,0,5,2,77" ten="178,332,228,262" oya="2" hai0="128,121,35,20,26,81,92,129,90,69,104,87,62" hai1="102,120,61,10,54,45,28,5,110,52,38,60,84" hai2="0,2,9,103,36,56,11,25,117,86,63,105,115" hai3="133,22,126,78,30,107,34,80,24,47,16,51,95"/><V41/><F115/><W71/><G107/><T74/><D121/><U7/><E110/><V131/><F117/><W1/><G133/><T116/><D116/><U67/><E102/><V70/><F70/><W19/><G126/><T13/><D35/><U59/><E120/><V8/><F131/><N who="0" m="50250" /><D13/><U40/><E28/><V108/><F108/><W101/><G71/><T23/><D104/><U33/><E33/><V50/><F36/><W79/><G1/><T55/><D55/><U68/><E7/><V15/><F25/><W106/><G106/><T66/><D26/><U4/><E4/><V122/><F122/><W32/><G32/><T88/><D74/><U135/><E135/><V118/><F15/><W48/><G78/><T83/><D83/><U100/><E100/><V65/><F118/><W119/><G119/><T42/><D42/><U64/><REACH who="1" step="1"/><E84/><AGARI ba="0,0" hai="20,23,62,66,69,81,84,87,88,90,92" m="50250" machi="84" ten="30,3900,0" yaku="19,1,52,1,54,1" doraHai="77" who="0" fromWho="1" sc="178,39,332,-39,228,0,262,0" /><INIT seed="3,0,0,1,5,84" ten="217,293,228,262" oya="3" hai0="87,16,133,109,56,110,123,71,10,17,42,57,100" hai1="24,93,70,122,58,33,119,113,64,73,41,111,120" hai2="22,104,0,79,130,98,105,4,80,77,85,25,62" hai3="49,2,76,95,72,125,63,9,54,107,89,117,103"/><W7/><G117/><T108/><D123/><U129/><E58/><V11/><F130/><W88/><G125/><T30/><D71/><U45/><E93/><V78/><F62/><W34/><G34/><T36/><D133/><U59/><E59/><V101/><REACH who="2" step="1"/><F104/><REACH who="2" ten="217,293,218,262" step="2"/><W37/><G107/><T94/><D109/><U47/><E129/><V27/><F27/><W3/><G63/><T35/><D108/><U66/><E24/><V40/><F40/><W28/><G2/><T43/><D43/><U6/><E120/><V116/><F116/><W52/><G37/><T118/><D118/><U55/><E122/><V112/><F112/><W82/><G28/><AGARI ba="0,1" hai="0,4,11,22,25,28,77,78,79,80,85,98,101,105" machi="28" ten="30,3900,0" yaku="1,1,7,1,53,1" doraHai="84" doraHaiUra="20" who="2" fromWho="3" sc="217,0,293,0,218,49,262,-39" /><INIT seed="4,0,0,4,0,109" ten="217,293,267,223" oya="0" hai0="81,64,71,53,86,23,93,95,112,65,16,127,58" hai1="8,0,126,117,130,27,113,55,84,102,108,60,28" hai2="107,110,97,76,31,24,6,103,42,32,18,75,52" hai3="94,74,39,132,106,57,7,2,14,80,47,131,13"/><T63/><D127/><U17/><E108/><V92/><F110/><W12/><G106/><T37/><D37/><U96/><E117/><V88/><F42/><N who="3" m="23007" /><G94/><T101/><D112/><U77/><E126/><V21/><F6/><W79/><G57/><T128/><D128/><U115/><E130/><V135/><F135/><W34/><G34/><T11/><D11/><U129/><E129/><V49/><F76/><W35/><G35/><T19/><D19/><U29/><E0/><V120/><F75/><W15/><G131/><T98/><D93/><N who="1" m="58639" /><E84/><V89/><F107/><W78/><G78/><T43/><D43/><U68/><E68/><V105/><F105/><W56/><G56/><T51/><D63/><U69/><E77/><V116/><F120/><W5/><G15/><T10/><D10/><U85/><E85/><V26/><REACH who="2" step="1"/><F116/><REACH who="2" ten="217,293,257,223" step="2"/><W111/><G7/><T83/><D71/><U50/><E69/><V54/><F54/><W104/><G104/><T91/><REACH who="0" step="1"/><D81/><REACH who="0" ten="207,293,257,223" step="2"/><U46/><E60/><V67/><F67/><W36/><G111/><T44/><D44/><AGARI ba="0,2" hai="18,21,24,26,31,32,44,49,52,88,89,92,97,103" machi="44" ten="30,8000,1" yaku="1,1,7,1,54,2,53,1" doraHai="109" doraHaiUra="40" who="2" fromWho="0" sc="207,-80,293,0,257,100,223,0" /><INIT seed="5,0,0,0,3,78" ten="127,293,357,223" oya="1" hai0="125,52,27,53,25,33,42,41,45,85,105,7,113" hai1="134,38,5,95,39,29,65,110,70,115,104,35,55" hai2="60,36,117,13,31,121,96,124,54,131,106,15,58" hai3="22,129,128,94,116,67,59,30,103,18,50,130,109"/><U82/><E95/><V120/><F117/><W77/><G109/><T57/><D113/><U87/><E104/><V71/><F36/><W66/><G116/><T32/><D125/><U17/><E110/><V37/><F124/><W97/><G30/><T75/><D75/><U76/><E134/><V26/><F37/><W6/><G6/><T127/><D105/><U123/><E123/><V118/><F118/><W132/><G132/><T23/><D127/><U51/><E115/><V89/><F15/><W111/><G111/><T79/><D7/><U114/><E114/><V108/><F108/><W46/><G59/><T40/><D45/><U49/><E5/><V9/><F71/><W43/><REACH who="3" step="1"/><G77/><REACH who="3" ten="127,293,357,213" step="2"/><T133/><D133/><U88/><E29/><V69/><F58/><W72/><G72/><T21/><D33/><U80/><E35/><V98/><F31/><W90/><G90/><T12/><D32/><U84/><E70/><V73/><F89/><W4/><G4/><T56/><D56/><U47/><E65/><V62/><F69/><W100/><G100/><T11/><D57/><U101/><E101/><V0/><F120/><W1/><G1/><T10/><D10/><U112/><E112/><V126/><F0/><W122/><G122/><T107/><D11/><U34/><E34/><V28/><F28/><W8/><G8/><T68/><D68/><U119/><E119/><V3/><F9/><W83/><G83/><N who="0" m="47359" /><D107/><U93/><E93/><V20/><F106/><W74/><G74/><T135/><D135/><U24/><E51/><V92/><F121/><W16/><G16/><RYUUKYOKU ba="0,1" sc="127,-15,293,15,357,-15,213,15" hai1="17,24,38,39,47,49,55,76,80,82,84,87,88" hai3="18,22,43,46,50,66,67,94,97,103,128,129,130" /><INIT seed="5,1,1,0,3,98" ten="112,308,342,228" oya="1" hai0="94,82,47,79,88,39,132,118,60,33,71,86,104" hai1="61,70,95,125,115,91,77,112,105,107,4,83,42" hai2="3,48,121,36,21,27,89,116,58,64,2,99,54" hai3="90,45,135,78,56,35,133,134,110,9,55,15,128"/><U7/><E42/><V18/><F116/><W84/><G110/><T38/><D118/><U23/><E70/><V103/><F121/><W124/><G35/><T106/><D132/><U68/><E23/><V1/><F36/><W127/><G78/><T120/><D120/><U130/><E125/><N who="3" m="48202" /><G45/><T34/><D34/><U111/><E130/><V101/><REACH who="2" step="1"/><F64/><REACH who="2" ten="112,308,332,228" step="2"/><W13/><G128/><T5/><D38/><U102/><E111/><V14/><F14/><W43/><G15/><T19/><D33/><U32/><E115/><V6/><F6/><W26/><G13/><T11/><D5/><U49/><E112/><V81/><F81/><W113/><G113/><T93/><D39/><U87/><E7/><V108/><F108/><W85/><G134/><T76/><D82/><U30/><E4/><V73/><F73/><W97/><G135/><T52/><D11/><U66/><E83/><V31/><F31/><W75/><G9/><T74/><D74/><U117/><E117/><V126/><F126/><W80/><G75/><T67/><D19/><U109/><E30/><V123/><F123/><W122/><G122/><T16/><D16/><U96/><E109/><V25/><F25/><W46/><G26/><T24/><D24/><U22/><E66/><V57/><F57/><W92/><G80/><T119/><D119/><U69/><E68/><V129/><F129/><W37/><G133/><T20/><D76/><U8/><E69/><V40/><F40/><W59/><G59/><T50/><D79/><U62/><E77/><V72/><F72/><W10/><G10/><T29/><D29/><RYUUKYOKU ba="1,2" sc="112,-15,308,-15,332,15,228,15" hai2="1,2,3,18,21,27,48,54,58,89,99,101,103" hai3="37,43,46,55,56,84,85,90,92,97" /><INIT seed="6,2,2,4,5,57" ten="97,293,347,243" oya="2" hai0="59,38,13,97,124,3,107,135,93,131,48,128,27" hai1="85,60,41,84,121,119,99,86,31,81,94,98,127" hai2="80,118,89,112,75,106,83,47,73,45,70,120,58" hai3="63,113,116,101,51,125,74,103,8,54,23,82,24"/><V1/><F70/><W100/><G116/><T87/><D3/><U0/><E119/><V33/><F118/><W40/><G125/><T91/><D38/><U34/><E0/><V37/><F1/><W15/><G113/><T111/><D111/><U132/><E121/><V50/><F120/><W14/><G40/><T18/><D124/><U78/><E41/><V46/><F33/><W134/><G134/><T88/><D135/><U90/><E31/><V4/><F4/><W115/><G115/><T30/><D107/><U25/><E25/><V49/><F112/><W44/><G8/><T22/><D131/><U110/><E34/><V117/><F117/><W72/><G82/><N who="2" m="31273" /><F89/><W108/><G108/><T17/><D128/><U35/><E35/><V67/><F58/><W92/><G92/><T102/><D30/><U52/><E110/><V68/><F67/><W122/><G122/><T7/><D7/><U2/><E2/><V53/><F68/><W32/><G32/><T10/><D87/><N who="1" m="33355" /><E132/><V77/><F77/><W55/><G72/><N who="2" m="27721" /><F106/><W28/><G74/><T123/><D123/><U114/><E127/><V130/><F130/><W43/><G43/><T66/><REACH who="0" step="1"/><D48/><REACH who="0" ten="87,293,347,243" step="2"/><U9/><E114/><V16/><F50/><W126/><G126/><T62/><AGARI ba="2,3" hai="10,13,17,18,22,27,59,62,66,88,91,93,97,102" machi="62" ten="30,12000,2" yaku="1,1,2,1,0,1,8,1,52,1,54,1,53,0" doraHai="57" doraHaiUra="133" who="0" fromWho="0" sc="87,156,293,-32,347,-62,243,-32" /><INIT seed="7,0,0,2,5,115" ten="243,261,285,211" oya="3" hai0="65,108,4,26,111,37,22,21,112,29,54,71,47" hai1="127,91,49,31,130,38,10,56,2,27,109,78,34" hai2="135,45,118,6,7,84,46,69,12,3,14,96,83" hai3="25,52,113,40,125,43,122,121,42,75,102,68,16"/><W131/><G75/><T19/><D4/><U98/><E109/><V0/><F69/><W70/><G113/><T128/><D112/><U50/><E38/><V5/><F135/><W97/><G131/><T134/><D134/><U105/><E78/><V11/><F118/><W53/><G125/><T67/><D128/><U18/><E127/><V58/><F96/><W76/><G76/><T20/><D20/><U110/><E110/><V129/><F129/><W64/><G121/><T36/><D36/><U32/><E32/><V57/><F11/><W60/><G70/><T13/><D65/><U95/><E105/><V33/><F33/><W104/><REACH who="3" step="1"/><G122/><REACH who="3" ten="243,261,285,201" step="2"/><T30/><D71/><U55/><E130/><V62/><F3/><W72/><G72/><T120/><D120/><U124/><E124/><V17/><F0/><W41/><N who="3" m="10240" /><DORA hai="15" /><W39/><G39/><T99/><D108/><U73/><E73/><V9/><F7/><W87/><G87/><T100/><D37/><U106/><E2/><V28/><F6/><W23/><AGARI ba="0,1" hai="16,23,25,52,53,60,64,68,97,102,104" m="10240" machi="23" ten="40,12000,1" yaku="1,1,0,1,52,1,54,2,53,0" doraHai="115,15" doraHaiUra="89,24" who="3" fromWho="3" sc="243,-40,261,-40,285,-40,201,130" owari="203,-29.7,221,-17.9,245,4.5,331,43.1" /></mjloggm>