<mjloggm ver="2.3"><GO type="169" lobby="0"/><UN n0="%E3%81%97%E3%82%83%E3%82%8B%E3%81%BC%E3%82%93" n1="%E9%9B%B2%E3%81%AE%E3%83%95%E3%83%89%E3%82%A6" n2="%E8%8A%B1%E9%81%93%E6%A1%9C%E6%9C%A8" n3="%E4%BE%8D" dan="16,16,16,18" rate="2127.89,2086.10,2131.02,2222.55" sx="M,M,M,M"/><TAIKYOKU oya="0"/><INIT seed="0,0,0,4,5,41" ten="250,250,250,250" oya="0" hai0="133,55,50,52,73,62,7,129,34,12,68,57,125" hai1="30,58,84,43,33,36,42,25,64,71,46,96,79" hai2="91,116,20,60,5,85,131,48,93,0,121,8,29" hai3="102,104,27,114,106,115,124,61,119,120,44,4,26"/><T67/><D34/><U94/><E43/><V74/><F74/><W108/><G4/><T28/><D73/><U76/><E71/><V117/><F121/><W127/><G61/><T105/><D105/><N who="3" m="40553" /><G102/><T83/><D28/><U123/><E123/><V92/><F131/><W135/><G120/><T19/><D129/><U134/><E134/><V110/><F110/><W128/><G128/><T132/><D7/><U39/><E39/><V63/><F93/><W88/><G119/><N who="2" m="45641" /><F48/><W13/><G13/><T126/><D83/><U87/><E64/><V66/><F66/><W69/><G69/><T112/><D112/><N who="3" m="43049" /><G88/><T56/><D19/><U32/><E32/><V17/><F29/><W113/><G113/><T21/><D21/><U130/><E130/><V111/><F111/><W38/><G108/><T95/><D95/><U10/><E10/><V81/><F92/><W97/><G97/><T99/><D99/><U65/><E84/><V70/><F70/><W101/><G101/><T3/><D12/><AGARI ba="0,0" hai="0,5,8,12,17,20,60,63,81,85,91" m="45641" machi="12" ten="30,1000,0" yaku="12,1" doraHai="41" who="2" fromWho="0" sc="250,-10,250,0,250,10,250,0" /><INIT seed="1,0,0,0,0,40" ten="240,250,260,250" oya="1" hai0="18,5,57,24,17,76,127,79,130,109,68,103,96" hai1="60,74,26,56,120,63,104,47,13,66,46,0,90" hai2="37,69,21,102,41,110,58,67,108,84,23,75,51" hai3="118,128,33,9,116,119,44,2,52,94,81,121,71"/><U42/><E120/><V98/><F75/><W43/><G121/><T48/><D68/><U93/><E0/><V6/><F6/><N who="3" m="1239" /><G33/><T50/><D5/><U92/><E104/><V15/><F69/><W123/><G123/><T32/><D130/><U106/><E106/><V114/><F114/><W28/><G28/><T4/><D4/><U78/><E26/><V8/><F37/><W72/><G71/><T53/><D127/><U31/><E31/><V134/><F134/><W124/><G94/><T16/><D109/><U100/><E42/><V107/><F8/><W30/><G30/><T86/><D32/><U12/><E74/><V61/><F84/><W36/><G128/><T54/><D86/><N who="1" m="52311" /><E78/><V62/><F62/><W80/><G124/><T1/><D1/><U87/><E60/><V20/><REACH who="2" step="1"/><F15/><REACH who="2" ten="240,250,250,250" step="2"/><N who="1" m="5705" /><E87/><V45/><AGARI ba="0,1" hai="20,21,23,41,45,51,58,61,67,98,102,107,108,110" machi="45" ten="30,4000,0" yaku="1,1,0,1,52,1,53,0" doraHai="40" doraHaiUra="117" who="2" fromWho="2" sc="240,-10,250,-20,250,50,250,-10" /><INIT seed="2,0,0,5,1,87" ten="230,230,300,240" oya="2" hai0="122,11,119,96,4,75,43,35,108,129,88,68,3" hai1="15,53,117,10,114,39,42,121,78,61,70,58,31" hai2="118,34,126,69,65,89,110,27,9,80,60,84,22" hai3="94,44,33,93,90,49,1,104,91,125,135,103,37"/><V64/><F118/><W18/><G1/><T131/><D75/><U36/><E117/><V132/><F132/><W112/><G37/><T72/><D72/><U41/><E114/><V17/><F126/><W113/><G33/><T51/><D119/><U62/><E121/><V82/><F110/><W45/><G135/><T79/><D79/><U134/><E134/><V97/><F65/><W48/><G103/><T130/><D122/><U19/><E78/><V52/><F34/><W66/><G66/><T25/><D68/><U102/><E102/><V106/><F106/><W98/><G18/><T111/><D43/><U20/><E39/><V73/><F97/><W16/><G16/><T38/><D51/><N who="1" m="31039" /><E70/><V57/><F9/><W133/><G133/><T71/><D71/><U85/><E85/><V6/><F6/><W12/><G12/><T21/><D38/><U116/><E36/><V76/><F64/><W14/><G14/><T30/><D21/><U8/><E116/><V13/><REACH who="2" step="1"/><F69/><REACH who="2" ten="230,230,290,240" step="2"/><W123/><G104/><T105/><D105/><U50/><E10/><V7/><F7/><W83/><G123/><T74/><D111/><U95/><E8/><V86/><F86/><N who="3" m="50527" /><G125/><T55/><D74/><U28/><E62/><V100/><F100/><N who="3" m="60495" /><G113/><T81/><D108/><U2/><E61/><V99/><F99/><N who="3" m="57823" /><G112/><T0/><D96/><U67/><E67/><V109/><F109/><W63/><G63/><T59/><D11/><U128/><E2/><V77/><F77/><W5/><G5/><T32/><D4/><U54/><E50/><AGARI ba="0,1" hai="44,45,48,49,50" m="57823,60495,50527" machi="50" ten="30,3900,0" yaku="8,1,52,2" doraHai="87" who="3" fromWho="1" sc="230,0,230,-39,290,0,240,49" /><INIT seed="3,0,0,4,4,79" ten="230,191,290,289" oya="3" hai0="108,15,93,27,52,37,59,81,46,67,9,44,39" hai1="6,50,85,130,83,19,62,107,88,12,7,43,60" hai2="80,101,97,87,8,123,58,25,69,129,119,66,34" hai3="70,135,122,32,13,103,71,0,98,116,78,105,104"/><W5/><G13/><T73/><D108/><U54/><E130/><V124/><F119/><W112/><G116/><T90/><D67/><U102/><E43/><V91/><F129/><W72/><G122/><T57/><D27/><U11/><E102/><V2/><F123/><W115/><G135/><T49/><D39/><U89/><E107/><V42/><F124/><W31/><G105/><T84/><D73/><U125/><E89/><V24/><F69/><W133/><G133/><T22/><D22/><U74/><E74/><V3/><F42/><W61/><G5/><N who="1" m="1546" /><E125/><V56/><F8/><W118/><G0/><T95/><D59/><AGARI ba="0,0" hai="11,12,19,50,54,59,60,62,83,85,88" m="1546" machi="59" ten="30,3900,0" yaku="8,1,52,1,54,1" doraHai="79" who="1" fromWho="0" sc="230,-39,191,39,290,0,289,0" /><INIT seed="4,0,0,5,5,10" ten="191,230,290,289" oya="0" hai0="104,24,44,27,67,6,0,105,117,13,89,46,7" hai1="52,3,128,110,56,42,79,94,30,54,112,66,35" hai2="97,129,126,127,25,26,133,121,134,122,28,85,15" hai3="124,130,14,69,21,43,51,57,29,86,73,84,37"/><T78/><D117/><U135/><E3/><V101/><F101/><W132/><G73/><T76/><D67/><U68/><E79/><V72/><F72/><W114/><G69/><T8/><D89/><U17/><E17/><V87/><F97/><W102/><G37/><T90/><D90/><U109/><E42/><V120/><F87/><W59/><G114/><T80/><D0/><U116/><E116/><V45/><F85/><W62/><G124/><N who="2" m="47657" /><F45/><N who="3" m="26047" /><G130/><T31/><D31/><U60/><E128/><V88/><F88/><W81/><G132/><N who="2" m="50793" /><F129/><W96/><G59/><T63/><D63/><N who="1" m="40031" /><E135/><V9/><F28/><W58/><G57/><T22/><D80/><U2/><E94/><V49/><F49/><W119/><G119/><T18/><D105/><U34/><E30/><V11/><F11/><W36/><G36/><T125/><D125/><U40/><E40/><V20/><F20/><W12/><G21/><T83/><D104/><U32/><E54/><V19/><AGARI ba="0,0" hai="9,15,19,25,26,120,121,122" m="50793,47657" machi="19" ten="40,8000,1" yaku="18,1,20,1,34,2,52,1" doraHai="10" who="2" fromWho="2" sc="191,-40,230,-20,290,80,289,-20" /><INIT seed="5,0,0,4,2,92" ten="151,210,370,269" oya="1" hai0="120,11,25,123,6,28,2,114,129,47,53,115,21" hai1="22,8,20,96,62,134,75,130,80,88,3,45,99" hai2="74,30,102,105,42,36,131,112,55,16,107,35,125" hai3="90,49,24,78,23,9,128,50,76,29,14,56,61"/><U79/><E134/><V31/><F74/><W83/><G128/><T95/><D47/><U81/><E130/><V34/><F125/><W37/><G37/><T122/><D53/><U43/><E62/><V54/><F36/><W52/><G90/><T51/><D51/><U69/><E69/><V32/><F42/><W117/><G117/><T119/><D95/><U57/><E57/><V12/><F131/><W104/><G104/><T86/><D86/><N who="1" m="50247" /><E22/><V118/><F118/><W89/><G89/><T100/><D100/><U10/><E10/><V63/><F112/><N who="0" m="43050" /><D129/><U5/><E20/><V127/><F127/><W60/><G50/><T106/><D106/><U121/><E121/><V1/><F1/><W97/><G97/><T59/><D59/><U73/><E73/><V135/><F135/><W67/><G83/><T70/><D70/><U71/><E71/><V15/><F63/><N who="3" m="24139" /><G67/><T27/><D27/><U109/><E109/><V33/><F107/><W13/><G56/><T40/><D40/><U82/><E82/><V108/><F55/><W39/><G52/><T126/><D119/><U72/><E72/><V116/><F54/><W110/><G110/><T94/><D94/><U85/><E85/><V0/><F108/><W41/><G41/><T26/><D26/><U93/><E93/><V111/><F111/><W87/><G87/><T46/><D46/><U66/><E66/><V38/><F105/><W58/><G58/><T91/><D91/><U77/><E77/><V98/><F116/><W48/><G78/><T64/><D64/><U17/><E17/><V113/><F16/><RYUUKYOKU ba="0,0" sc="151,15,210,15,370,-15,269,-15" hai0="2,6,11,21,25,28,120,122,123,126" hai1="3,5,8,43,45,75,79,81,96,99" /><INIT seed="5,1,0,5,3,49" ten="166,225,355,254" oya="1" hai0="10,67,44,129,31,93,117,126,5,82,26,120,124" hai1="56,96,52,43,0,81,112,18,86,30,90,27,37" hai2="48,51,8,69,122,116,29,110,9,35,130,4,13" hai3="111,23,72,118,103,57,102,87,61,41,1,108,66"/><U98/><E112/><V19/><F116/><W42/><G72/><T115/><D117/><U39/><E0/><V62/><F122/><W24/><G118/><T73/><D115/><U53/><E18/><V50/><F110/><W114/><G1/><T28/><D120/><U65/><E39/><V133/><F133/><W58/><G114/><T88/><D129/><U70/><E70/><V64/><F130/><W131/><G131/><T17/><D67/><U104/><E104/><V75/><F75/><W105/><G105/><T63/><D63/><N who="1" m="38119" /><E43/><V12/><F29/><W127/><G127/><T91/><D17/><U109/><E37/><V89/><F35/><W132/><G132/><T100/><D100/><U15/><E15/><V33/><F33/><W94/><G111/><T25/><D73/><U78/><E109/><V21/><REACH who="2" step="1"/><F89/><REACH who="2" ten="166,225,345,254" step="2"/><W84/><G108/><T113/><D113/><U34/><E34/><V46/><F46/><W97/><G103/><T77/><D44/><U92/><E30/><V54/><F54/><N who="1" m="21097" /><E27/><V135/><F135/><W99/><G42/><T47/><D26/><U74/><E74/><V36/><F36/><W134/><G41/><T55/><D31/><U16/><E16/><V80/><F80/><W14/><G24/><T38/><D38/><U6/><E98/><V76/><F76/><W101/><G134/><T11/><D25/><U40/><E40/><V119/><F119/><W32/><G32/><T85/><D28/><U95/><E95/><V2/><F2/><W106/><G58/><T123/><D93/><U128/><E128/><V79/><F79/><RYUUKYOKU ba="1,1" sc="166,-30,225,10,345,10,254,10" hai1="6,78,81,86,90,92,96" hai2="4,8,9,12,13,19,21,48,50,51,62,64,69" hai3="14,23,57,61,66,84,87,94,97,99,101,102,106" /><INIT seed="5,2,1,2,1,65" ten="136,235,355,264" oya="1" hai0="50,92,7,113,12,66,36,79,89,63,46,83,57" hai1="59,4,112,88,77,20,98,128,115,28,101,119,19" hai2="3,130,127,129,76,13,103,1,125,6,29,90,34" hai3="100,69,61,102,82,23,122,133,40,56,54,114,73"/><U25/><E119/><V41/><F103/><W68/><G122/><T84/><D113/><N who="1" m="43595" /><E128/><N who="2" m="49259" /><F76/><W48/><G114/><T24/><D36/><U109/><E109/><V45/><F90/><W55/><G40/><T110/><D110/><U131/><E131/><V80/><F80/><W104/><G133/><T78/><D24/><U105/><E77/><V53/><F53/><W124/><G124/><N who="2" m="47689" /><F45/><W96/><G102/><T120/><D120/><U42/><E42/><V108/><F41/><W60/><G73/><T11/><D92/><U64/><E88/><V116/><F116/><W97/><G82/><T32/><D32/><N who="1" m="20495" /><E4/><V74/><F74/><W27/><G96/><T86/><D84/><U123/><E123/><V58/><F58/><W10/><G10/><T43/><AGARI ba="2,1" hai="7,11,12,43,46,50,57,63,66,78,79,83,86,89" machi="43" ten="20,2700,0" yaku="0,1,7,1,8,1" doraHai="65" who="0" fromWho="0" sc="136,43,235,-15,355,-9,264,-9" /><INIT seed="6,0,0,3,4,81" ten="179,220,346,255" oya="2" hai0="21,70,120,12,77,119,105,11,39,82,129,32,85" hai1="133,94,102,9,25,38,73,53,110,44,29,121,111" hai2="58,109,36,24,80,132,52,118,98,131,134,127,84" hai3="92,63,99,1,22,13,47,23,116,101,59,27,100"/><V135/><F118/><W26/><G1/><T6/><D120/><U83/><E121/><V79/><F36/><W41/><G116/><T124/><D119/><U57/><E133/><V126/><F109/><W65/><G100/><T31/><D129/><U46/><E9/><V55/><F131/><W35/><G35/><T62/><D39/><U72/><E72/><V108/><F108/><W54/><G54/><T30/><D105/><U97/><E44/><V69/><F69/><W91/><G101/><T43/><D32/><U34/><E73/><V3/><F3/><W28/><G13/><T56/><D70/><U0/><E0/><V61/><F98/><W64/><G64/><T33/><D33/><U45/><E45/><V96/><F96/><W115/><G115/><T113/><D113/><U78/><E46/><V10/><F10/><W48/><G26/><T87/><D43/><U75/><REACH who="1" step="1"/><E38/><REACH who="1" ten="179,210,346,255" step="2"/><V123/><F123/><W16/><REACH who="3" step="1"/><G22/><REACH who="3" ten="179,210,346,245" step="2"/><T125/><D21/><U5/><E5/><V122/><F122/><W66/><G66/><N who="0" m="39239" /><D125/><U68/><E68/><V86/><F127/><W93/><G93/><T51/><D124/><U40/><E40/><V15/><F126/><W117/><G117/><T104/><D104/><U76/><E76/><V71/><F71/><W67/><G67/><T103/><D103/><U90/><E90/><V37/><F79/><W89/><G89/><T114/><D114/><U17/><E17/><AGARI ba="0,2" hai="16,17,23,27,28,41,47,48,59,63,65,91,92,99" machi="17" ten="40,5200,0" yaku="1,1,8,1,54,1,53,0" doraHai="81" doraHaiUra="2" who="3" fromWho="1" sc="179,0,210,-52,346,0,245,72" /><INIT seed="7,0,0,3,0,34" ten="179,158,346,317" oya="3" hai0="95,81,85,99,75,11,114,69,101,116,56,33,93" hai1="38,74,127,89,92,12,45,61,135,60,88,130,122" hai2="70,14,113,112,125,37,3,115,86,57,16,41,23" hai3="19,64,32,4,2,84,117,47,102,15,132,1,118"/><W76/><G64/><T25/><D116/><N who="3" m="44649" /><G102/><T9/><D114/><U103/><E122/><V46/><F125/><W133/><G47/><T107/><D69/><U83/><E127/><V24/><F70/><W104/><G104/><T80/><D80/><U63/><E135/><N who="3" m="51786" /><G4/><T52/><D75/><U131/><E12/><V26/><F3/><W106/><G106/><T58/><D58/><U94/><E103/><V82/><REACH who="2" step="1"/><F57/><REACH who="2" ten="179,158,336,317" step="2"/><W128/><G128/><N who="1" m="49194" /><E45/><V44/><F44/><W29/><G32/><T67/><D56/><U22/><E38/><V111/><F111/><W90/><G29/><T79/><D107/><U54/><E54/><V17/><F17/><W55/><G55/><T39/><D52/><U119/><E119/><V42/><F42/><W105/><G105/><T78/><D67/><U120/><E120/><V66/><F66/><W50/><G50/><T28/><D39/><U53/><E53/><V43/><F43/><W20/><G76/><AGARI ba="0,1" hai="14,16,23,24,26,37,41,46,76,82,86,112,113,115" machi="76" ten="40,5200,0" yaku="1,1,15,1,54,1,53,0" doraHai="34" doraHaiUra="6" who="2" fromWho="3" sc="179,0,158,0,336,62,317,-52" owari="179,-22.1,158,-34.2,398,49.8,265,6.5" /></mjloggm>