<mjloggm ver="2.3"><GO type="169" lobby="0"/><UN n0="%6B%69%72%61%72%69%79%75" n1="%76%61%6C%6B%79%72%69%65" n2="%E3%81%AA%E3%81%88%E3%81%A8%E3%82%8B" n3="%54%6F%6B%75%63%68%69" dan="16,17,16,17" rate="2126.31,2196.68,2121.12,2216.98" sx="M,F,M,M"/><TAIKYOKU oya="0"/><INIT seed="0,0,0,3,5,69" ten="250,250,250,250" oya="0" hai0="86,93,72,77,52,119,16,90,71,20,38,27,74" hai1="130,89,106,3,118,32,67,65,21,81,126,12,76" hai2="41,18,23,63,56,132,36,100,37,54,19,30,26" hai3="105,35,9,124,84,120,13,5,108,112,125,121,98"/><T45/><D119/><U102/><E118/><V51/><F132/><W44/><G112/><T73/><D71/><U50/><E3/><V85/><F100/><N who="3" m="62615" /><G35/><T15/><D77/><U78/><E32/><V116/><F116/><W22/><G108/><T47/><D38/><U55/><E106/><V92/><F19/><N who="3" m="10607" /><G84/><T33/><D33/><U1/><E1/><V83/><F92/><W24/><G44/><T57/><REACH who="0" step="1"/><D27/><REACH who="0" ten="240,250,250,250" step="2"/><U70/><E78/><V104/><F30/><W40/><G24/><T80/><D80/><U87/><E76/><V110/><F110/><W17/><G17/><T31/><D31/><U48/><E70/><V101/><F26/><W2/><G40/><T43/><D43/><U107/><E130/><V28/><F28/><W75/><G75/><T7/><D7/><U64/><E81/><V61/><F41/><W11/><G5/><T88/><D88/><U133/><E89/><V42/><F42/><W99/><G121/><T29/><D29/><U62/><E133/><V131/><F131/><W129/><G120/><T103/><D103/><U8/><E102/><V95/><F104/><W96/><G129/><T49/><AGARI ba="0,1" hai="15,16,20,45,47,49,52,57,72,73,74,86,90,93" machi="49" ten="30,18000,2" yaku="1,1,0,1,25,2,54,2,53,1" doraHai="69" doraHaiUra="91" who="0" fromWho="0" sc="240,190,250,-60,250,-60,250,-60" /><INIT seed="0,1,0,4,4,47" ten="430,190,190,190" oya="0" hai0="132,67,110,87,5,107,40,86,82,90,98,80,13" hai1="54,114,29,70,7,49,32,35,101,58,64,75,105" hai2="3,83,60,0,122,4,12,15,72,38,127,115,97" hai3="117,8,39,104,69,17,9,128,121,55,71,65,62"/><T19/><D132/><U79/><E114/><V45/><F115/><W10/><G117/><T31/><D110/><U36/><E36/><V52/><F122/><W48/><G104/><T41/><D5/><U88/><E7/><V23/><F127/><W51/><G39/><T33/><D67/><U66/><E75/><V11/><F97/><W130/><G121/><T53/><D33/><U99/><E79/><V68/><F3/><W102/><G102/><T78/><D31/><U42/><E42/><V6/><F6/><W113/><G113/><T108/><D108/><U73/><E73/><V24/><F68/><W100/><G100/><T77/><D53/><U106/><E106/><V76/><F60/><W124/><G124/><T1/><D1/><U74/><E74/><V89/><F89/><W56/><G71/><T125/><D125/><U120/><E120/><V103/><F103/><W18/><REACH who="3" step="1"/><G51/><REACH who="3" ten="430,190,190,180" step="2"/><T28/><D107/><U46/><E70/><V16/><REACH who="2" step="1"/><F38/><REACH who="2" ten="430,190,180,180" step="2"/><W95/><G95/><T14/><D77/><U126/><E105/><V111/><F111/><W129/><AGARI ba="1,2" hai="8,9,10,17,18,48,55,56,62,65,69,128,129,130" machi="129" ten="40,8000,1" yaku="1,1,0,1,19,1,52,1,53,0" doraHai="47" doraHaiUra="109" who="3" fromWho="3" sc="430,-41,190,-21,180,-21,180,103" /><INIT seed="1,0,0,3,3,115" ten="389,169,159,283" oya="1" hai0="108,73,4,129,16,39,125,67,53,59,24,41,70" hai1="43,18,130,47,116,35,31,71,11,1,57,98,119" hai2="105,110,80,74,50,25,72,121,22,29,133,7,6" hai3="127,36,30,117,100,90,86,132,51,12,14,10,92"/><U20/><E71/><V131/><F121/><W58/><G36/><T0/><D73/><U134/><E134/><V103/><F133/><W21/><G127/><T33/><D108/><U88/><E130/><V19/><F110/><W56/><G132/><T37/><D129/><U27/><E57/><V94/><F105/><W32/><G32/><T2/><D67/><U87/><E98/><V62/><F131/><W68/><G100/><T60/><D70/><U66/><E66/><V17/><F50/><W123/><G123/><T63/><D63/><U9/><E9/><V61/><F80/><W109/><G117/><T42/><D0/><U113/><E113/><V23/><F29/><W99/><G68/><T91/><D91/><U106/><E106/><V83/><F83/><W126/><G126/><T76/><D76/><U49/><E11/><V15/><F94/><W38/><G38/><T93/><D93/><U118/><E1/><V52/><F103/><W45/><G99/><T65/><D65/><U84/><REACH who="1" step="1"/><E88/><REACH who="1" ten="389,159,159,283" step="2"/><V44/><F44/><W112/><G112/><T54/><D2/><U104/><E104/><V107/><F107/><W124/><G109/><T77/><D125/><U78/><E78/><V13/><F25/><AGARI ba="0,1" hai="18,20,25,27,31,35,43,47,49,84,87,116,118,119" machi="25" ten="40,18000,2" yaku="1,1,52,3,53,2" doraHai="115" doraHaiUra="81" who="1" fromWho="2" sc="389,0,159,190,159,-180,283,0" owari="389,48.9,349,14.9,-21,-52.1,283,-11.7" /></mjloggm>