<mjloggm ver="2.3"><GO type="169" lobby="0"/><UN n0="%50%73%79%63%68%65" n1="%E7%94%9F%E5%BE%92%E4%BC%9A%E3%80%90%E5%BA%8F%E3%80%91" n2="%E4%B9%85%E4%BF%9D%E3%82%B7%E3%82%AA%E3%83%AA" n3="%E3%83%9E%E3%83%BC%E3%83%9C%E3%82%A6" dan="17,16,16,16" rate="2134.80,2122.36,2012.33,2095.83" sx="M,M,M,M"/><TAIKYOKU oya="0"/><INIT seed="0,0,0,0,2,26" ten="250,250,250,250" oya="0" hai0="102,75,19,44,119,58,85,9,115,23,50,8,31" hai1="101,130,70,91,103,11,93,117,123,65,57,35,95" hai2="94,73,122,104,59,69,37,124,113,111,24,105,90" hai3="98,110,121,20,43,66,25,126,80,125,92,71,84"/><T134/><D119/><U83/><E123/><V5/><F5/><W133/><G121/><T52/><D75/><U41/><E70/><V14/><F14/><W120/><G120/><T135/><D115/><U62/><E35/><V40/><F24/><W42/><G110/><T49/><D102/><U77/><E130/><V109/><F59/><W76/><G66/><T81/><D135/><U114/><E117/><V1/><F40/><W47/><G71/><T87/><D134/><U88/><E41/><V17/><F17/><W6/><G6/><T16/><D87/><N who="1" m="48623" /><E11/><N who="0" m="4169" /><D31/><U118/><E118/><V3/><F37/><W131/><G131/><T61/><D23/><U18/><E18/><N who="0" m="6697" /><D44/><U53/><E114/><V112/><F69/><W12/><G47/><T0/><D0/><U74/><E74/><V30/><F122/><W32/><G133/><T60/><D60/><U64/><E103/><V68/><F68/><W54/><G20/><T22/><D22/><U15/><E15/><V108/><F73/><W96/><G12/><T82/><D82/><U51/><E101/><V56/><F113/><W38/><G38/><T33/><D33/><U97/><E62/><V132/><F132/><W48/><G80/><T86/><D86/><AGARI ba="0,0" hai="51,53,57,64,65,86,88,91,93,95,97" m="48623" machi="86" ten="30,2000,0" yaku="8,1,54,1" doraHai="26" who="1" fromWho="0" sc="250,-20,250,20,250,0,250,0" /><INIT seed="1,0,0,4,4,48" ten="230,270,250,250" oya="1" hai0="38,19,83,39,49,16,108,31,23,6,55,17,117" hai1="82,36,85,8,101,95,114,44,53,62,52,35,25" hai2="91,21,42,69,5,75,27,100,127,12,20,99,115" hai3="104,54,18,125,87,73,2,63,126,15,4,29,61"/><U67/><E114/><V129/><F129/><W24/><G73/><T14/><D117/><U102/><E35/><V106/><F127/><N who="3" m="48651" /><G104/><T130/><D130/><U46/><E36/><V132/><F132/><W80/><G4/><T60/><D108/><U28/><E8/><V103/><F69/><W66/><G2/><T3/><D60/><U120/><E120/><V78/><F115/><W119/><G119/><T41/><D41/><U57/><E44/><V107/><F78/><N who="3" m="46487" /><G66/><T90/><D3/><U134/><E134/><V135/><F75/><W70/><G70/><T68/><D68/><U1/><E1/><V98/><F42/><W10/><G54/><N who="1" m="21098" /><E95/><V92/><F135/><W51/><G51/><T22/><D39/><U30/><E46/><V88/><F92/><W71/><G71/><T77/><D38/><U50/><E50/><V111/><F111/><W81/><G81/><T116/><D116/><U128/><E128/><V58/><F58/><W105/><G105/><T13/><D49/><U11/><E11/><V65/><F107/><W45/><G45/><T89/><D55/><U7/><E7/><V43/><F106/><W123/><G123/><T40/><D6/><U59/><E59/><V79/><F5/><W47/><G47/><T93/><D40/><U84/><E84/><V64/><F43/><W32/><AGARI ba="0,0" hai="10,15,18,24,29,32,61,63" m="46487,48651" machi="32" ten="30,1100,0" yaku="18,1" doraHai="48" who="3" fromWho="3" sc="230,-3,270,-5,250,-3,250,11" /><INIT seed="2,0,0,3,5,89" ten="227,265,247,261" oya="2" hai0="41,76,22,74,52,86,78,65,88,12,98,72,96" hai1="50,39,75,135,71,8,37,9,28,25,67,101,77" hai2="36,18,116,30,117,108,34,49,113,95,15,17,125" hai3="107,57,105,23,31,47,80,81,69,2,119,85,130"/><V109/><F36/><W35/><G119/><N who="2" m="45641" /><F49/><W100/><G35/><T131/><D41/><U20/><E101/><V64/><F64/><W29/><G69/><T121/><D65/><U6/><E135/><V45/><F45/><W40/><G2/><T59/><D121/><U110/><E110/><N who="2" m="42603" /><F95/><W43/><G23/><T16/><D131/><U42/><E71/><V106/><F106/><W128/><G85/><T26/><D74/><U21/><E67/><V122/><F125/><W99/><G99/><N who="0" m="37931" /><D26/><U1/><E39/><V82/><F82/><W83/><G83/><N who="0" m="49247" /><D72/><U61/><E50/><AGARI ba="0,0" hai="12,16,22,50,52,59,76,78" m="49247,37931" machi="50" ten="30,7700,0" yaku="8,1,54,3" doraHai="89" who="0" fromWho="1" sc="227,77,265,-77,247,0,261,0" /><INIT seed="3,0,0,4,5,60" ten="304,188,247,261" oya="3" hai0="20,49,33,93,26,124,96,54,78,56,129,103,11" hai1="67,97,19,98,83,47,30,17,4,132,22,50,37" hai2="44,16,5,127,8,102,10,108,40,27,86,82,99" hai3="123,25,12,21,81,120,3,87,18,113,122,0,70"/><W115/><G70/><T61/><D129/><U74/><E37/><V39/><F108/><W88/><REACH who="3" step="1"/><G25/><REACH who="3" ten="304,188,247,251" step="2"/><T110/><D26/><U41/><E132/><V43/><F127/><W9/><G9/><T63/><D11/><U76/><E30/><V92/><F5/><W35/><G35/><T68/><D33/><U100/><E4/><V80/><F43/><W36/><G36/><T130/><D68/><U94/><E22/><V131/><F131/><W64/><G64/><T105/><D20/><U52/><E67/><V107/><F8/><W85/><G85/><T48/><D124/><U15/><E41/><V89/><F10/><W112/><AGARI ba="0,1" hai="0,3,12,18,21,81,87,88,112,113,115,120,122,123" machi="112" ten="40,7800,0" yaku="1,1,0,1,54,1,53,0" doraHai="60" doraHaiUra="69" who="3" fromWho="3" sc="304,-26,188,-26,247,-26,251,88" /><INIT seed="3,1,0,4,0,87" ten="278,162,221,339" oya="3" hai0="48,38,75,73,35,70,128,47,18,127,33,9,113" hai1="86,49,93,121,109,129,51,95,29,78,37,104,60" hai2="24,107,57,124,62,134,125,30,59,61,54,14,15" hai3="40,2,105,85,120,22,12,32,88,23,101,74,71"/><W123/><G32/><T115/><D70/><U16/><E121/><V89/><F107/><W67/><G2/><T53/><D38/><U39/><E104/><V36/><F36/><W100/><G74/><N who="0" m="28171" /><D128/><U83/><E29/><V34/><F134/><W69/><G105/><T103/><D103/><U114/><E114/><N who="0" m="43529" /><D127/><U10/><E129/><V81/><F81/><W117/><G117/><T31/><D31/><U106/><E106/><V58/><F58/><W6/><G69/><T135/><D135/><U25/><E109/><V94/><F124/><W64/><G71/><T132/><D132/><U96/><E95/><V90/><F125/><W1/><G100/><T43/><D43/><U17/><E60/><V66/><REACH who="2" step="1"/><F89/><REACH who="2" ten="278,162,211,339" step="2"/><W13/><G88/><T102/><D102/><N who="1" m="60687" /><E39/><V91/><F91/><W110/><G101/><T46/><D46/><U79/><E37/><V63/><F63/><W20/><G120/><T0/><D47/><U80/><E80/><V19/><F19/><W97/><G123/><T56/><D18/><U112/><E112/><V116/><F116/><W133/><G133/><T98/><D56/><U68/><E68/><V119/><F119/><W7/><G110/><T92/><D48/><U8/><E78/><V42/><F42/><W130/><G40/><T126/><D126/><U26/><E51/><V77/><F77/><W82/><G130/><T50/><D50/><U27/><E49/><V3/><F3/><W65/><G1/><T44/><D0/><U118/><E118/><V99/><AGARI ba="1,1" hai="14,15,24,30,34,54,57,59,61,62,66,90,94,99" machi="99" ten="20,5200,0" yaku="1,1,0,1,7,1,52,1,53,0" doraHai="87" doraHaiUra="122" who="2" fromWho="2" sc="278,-14,162,-14,211,65,339,-27" /><INIT seed="4,0,0,5,1,123" ten="264,148,276,312" oya="0" hai0="36,70,110,47,1,100,97,83,77,103,51,30,73" hai1="62,65,23,118,33,38,79,31,133,126,86,74,116" hai2="113,105,39,68,32,10,11,49,44,99,95,63,60" hai3="18,43,85,2,78,72,120,53,26,127,55,121,46"/><T96/><D70/><U64/><E38/><V50/><F32/><W13/><G2/><T111/><D36/><U22/><E133/><V48/><F105/><W107/><G107/><T7/><D30/><U101/><E126/><V12/><F113/><W114/><G72/><T90/><D7/><U27/><E74/><V3/><F3/><W128/><G127/><T5/><D5/><U16/><E33/><V89/><F10/><W135/><G135/><T119/><D1/><U102/><E118/><V117/><F117/><W91/><G78/><T34/><D34/><U80/><E116/><V112/><F112/><W108/><G26/><T14/><D14/><U8/><E8/><V56/><F68/><W40/><G114/><T28/><D28/><U130/><E130/><V115/><F115/><W19/><G85/><T134/><D119/><U109/><E109/><N who="0" m="41481" /><D134/><U35/><E35/><V106/><F12/><W61/><G13/><T25/><D25/><N who="1" m="14535" /><E62/><V59/><F63/><W45/><G108/><T82/><D82/><U69/><E69/><V37/><F60/><W71/><G71/><T92/><D97/><U4/><E4/><V17/><F99/><W20/><G61/><T131/><D131/><U98/><E98/><V24/><F24/><W88/><G128/><T104/><D104/><U58/><E58/><V124/><F59/><W87/><G87/><T6/><D6/><U75/><E75/><V81/><F56/><W42/><G19/><T125/><D125/><U93/><E93/><V94/><F124/><W76/><G18/><T0/><D0/><U29/><E29/><RYUUKYOKU ba="0,0" sc="264,15,148,15,276,-15,312,-15" hai0="47,51,73,77,83,90,92,96,100,103" hai1="23,27,31,64,65,79,80,86,101,102" /><INIT seed="4,1,0,2,0,67" ten="279,163,261,297" oya="0" hai0="16,9,36,132,78,20,87,13,59,82,117,25,127" hai1="122,75,34,103,43,45,125,100,66,72,95,76,130" hai2="44,24,6,39,69,104,131,33,57,54,5,42,64" hai3="65,110,73,133,134,80,74,49,18,22,61,38,124"/><T99/><D117/><U23/><E34/><V2/><F104/><W135/><G38/><T90/><D36/><U21/><E122/><V29/><F131/><W27/><G110/><T28/><D132/><U123/><E123/><V17/><F17/><W51/><G124/><T119/><D119/><U112/><E130/><V8/><F2/><W37/><G37/><T113/><D113/><U108/><E108/><V121/><F121/><W58/><REACH who="3" step="1"/><G80/><REACH who="3" ten="279,163,261,287" step="2"/><T70/><D127/><U52/><E125/><V91/><F5/><W4/><G4/><T116/><D116/><U47/><E112/><V83/><F6/><W14/><G14/><T88/><D70/><U115/><E115/><V11/><F83/><W19/><G19/><T86/><D99/><U120/><E120/><V101/><F69/><W129/><G129/><T3/><D3/><U10/><E75/><AGARI ba="1,1" hai="18,22,27,49,51,58,61,65,73,74,75,133,134,135" machi="75" ten="50,3200,0" yaku="1,1,20,1,53,0" doraHai="67" doraHaiUra="35" who="3" fromWho="1" sc="279,0,163,-35,261,0,287,45" /><INIT seed="5,0,0,2,1,31" ten="279,128,261,332" oya="1" hai0="12,68,83,100,84,86,7,37,96,22,91,89,103" hai1="24,54,93,48,15,28,57,1,14,23,87,119,72" hai2="4,47,129,11,6,64,78,99,62,116,61,19,63" hai3="5,127,43,135,102,55,42,114,30,52,21,98,44"/><U9/><E119/><V10/><F116/><W29/><G127/><T105/><D37/><U115/><E72/><V18/><F129/><W39/><G5/><T59/><D68/><U67/><E115/><V46/><F99/><W126/><G126/><T58/><D103/><U94/><E1/><V33/><F78/><W121/><G121/><T70/><D70/><U35/><E67/><V120/><F120/><W101/><G135/><T45/><D45/><N who="2" m="16906" /><F64/><W131/><G131/><T38/><D38/><U128/><E128/><V108/><F33/><W36/><G44/><T71/><D71/><U90/><E15/><V74/><F74/><W111/><G21/><T124/><D124/><U88/><E90/><V134/><F108/><W2/><G98/><T32/><D32/><U16/><REACH who="1" step="1"/><E9/><REACH who="1" ten="279,118,261,332" step="2"/><N who="2" m="3083" /><F134/><W123/><G2/><T34/><D91/><U122/><E122/><V17/><AGARI ba="0,1" hai="4,6,17,18,19,61,62,63" m="3083,16906" machi="17" ten="40,5200,0" yaku="28,2,8,1" doraHai="31" who="2" fromWho="2" sc="279,-13,118,-26,261,62,332,-13" /><INIT seed="6,0,0,4,2,34" ten="266,92,323,319" oya="2" hai0="135,68,32,107,88,67,104,21,20,3,30,29,47" hai1="66,48,78,94,95,55,18,12,83,61,7,17,9" hai2="65,126,72,74,99,16,130,76,79,37,22,129,24" hai3="120,19,62,57,84,87,6,14,92,73,112,75,54"/><V71/><F37/><W117/><G117/><T131/><D32/><U90/><E95/><V80/><F126/><W52/><G120/><T44/><D67/><U134/><E134/><V63/><REACH who="2" step="1"/><F99/><REACH who="2" ten="266,92,313,319" step="2"/><W96/><G112/><T105/><D135/><U10/><E66/><V100/><F100/><W116/><G116/><T85/><D131/><U125/><E125/><V91/><F91/><W77/><G96/><T122/><D88/><U97/><E61/><V86/><F86/><W23/><G84/><T41/><D85/><U106/><E106/><V35/><F35/><W109/><G87/><T58/><D107/><U28/><E83/><AGARI ba="0,1" hai="16,22,24,63,65,71,72,74,76,79,80,83,129,130" machi="83" ten="40,7700,0" yaku="1,1,9,1,54,1,53,0" doraHai="34" doraHaiUra="42" who="2" fromWho="1" sc="266,0,92,-77,313,87,319,0" /><INIT seed="6,1,0,1,1,0" ten="266,15,400,319" oya="2" hai0="21,31,18,15,68,119,45,37,102,1,88,116,63" hai1="58,72,135,118,117,126,70,111,36,82,50,57,105" hai2="99,40,23,90,96,108,16,125,59,98,77,39,83" hai3="65,61,29,10,113,34,2,24,73,100,3,124,28"/><V79/><F39/><W33/><G73/><T91/><D102/><U123/><E58/><V129/><F40/><W107/><G124/><T60/><D31/><U71/><E57/><V25/><F129/><W80/><G80/><T120/><D120/><U127/><E70/><V26/><F108/><W32/><G113/><T78/><D78/><U55/><E55/><V35/><F35/><W66/><G66/><T130/><D130/><U74/><E50/><V52/><F125/><W110/><G28/><T8/><D37/><U47/><E47/><V4/><F4/><N who="3" m="1303" /><G110/><T14/><D45/><U133/><E82/><V112/><F26/><W92/><G92/><T9/><D1/><U54/><E54/><V27/><F27/><W67/><G67/><T89/><D21/><U69/><E36/><V81/><F81/><W38/><G3/><T13/><D68/><U11/><E11/><N who="0" m="4169" /><D18/><U87/><E87/><N who="2" m="50559" /><F112/><W46/><G46/><T75/><D75/><U115/><E115/><V51/><AGARI ba="1,0" hai="16,23,25,51,52,59,77,79,96,98,99" m="50559" machi="51" ten="30,6000,0" yaku="8,1,54,2" doraHai="0" who="2" fromWho="2" sc="266,-21,15,-21,400,63,319,-21" owari="245,-15.5,-6,-50.6,463,56.3,298,9.8" /></mjloggm>