<mjloggm ver="2.3"><GO type="169" lobby="0"/><UN n0="%E6%BC%AB%E6%89%8D%E9%BA%BB%E5%B0%86%E5%91%86%E5%91%86" n1="%E3%83%94%E3%82%AC%E3%82%B7" n2="%4E%4F%2E%E2%85%A0" n3="%E3%82%A8%E3%82%B0%E3%83%81%E3%80%81" dan="16,17,17,16" rate="2050.22,2185.84,2217.40,2171.98" sx="F,M,M,M"/><TAIKYOKU oya="0"/><INIT seed="0,0,0,5,4,60" ten="250,250,250,250" oya="0" hai0="102,1,65,59,16,38,23,51,22,109,123,114,81" hai1="117,129,57,104,127,113,132,111,115,66,20,124,50" hai2="19,89,87,80,44,64,25,15,97,58,95,99,100" hai3="9,68,112,75,49,67,43,106,32,54,90,73,77"/><T108/><D114/><N who="1" m="43531" /><E104/><V130/><F130/><W101/><G112/><T55/><D1/><U69/><E20/><V131/><F131/><W96/><G43/><T14/><D123/><U84/><E84/><V3/><F3/><W37/><G37/><T63/><D38/><U82/><E82/><V122/><F122/><W13/><G32/><T74/><D102/><U71/><E129/><V88/><F44/><W46/><G77/><T47/><D81/><U18/><E18/><V34/><F25/><W85/><G68/><N who="1" m="26186" /><E117/><V105/><F34/><W33/><G67/><T93/><D93/><U5/><E5/><V62/><REACH who="2" step="1"/><F19/><REACH who="2" ten="250,250,240,250" step="2"/><W70/><G33/><T21/><REACH who="0" step="1"/><D74/><REACH who="0" ten="240,250,240,250" step="2"/><U135/><E111/><AGARI ba="0,2" hai="14,16,21,22,23,47,51,55,59,63,65,108,109,111" machi="111" ten="40,18000,2" yaku="1,1,2,1,14,1,10,1,52,1,54,1,53,0" doraHai="60" doraHaiUra="39" who="0" fromWho="1" sc="240,200,250,-180,240,0,250,0" /><INIT seed="0,1,0,1,0,115" ten="440,70,240,250" oya="0" hai0="101,44,80,107,132,135,81,102,117,127,128,82,57" hai1="51,72,3,63,106,59,75,124,27,49,35,41,104" hai2="74,43,34,131,91,94,8,134,126,85,93,1,9" hai3="7,58,113,122,96,133,6,89,13,114,30,33,42"/><T98/><D44/><U10/><E124/><V50/><F131/><W56/><G133/><N who="0" m="51275" /><D57/><U120/><E120/><V68/><F126/><W28/><G122/><T38/><D38/><U83/><E35/><V76/><F134/><W78/><G78/><T112/><D127/><U71/><E27/><V88/><F68/><W15/><G96/><N who="0" m="61863" /><D112/><U79/><E72/><V45/><F34/><W25/><G89/><T19/><D19/><U11/><E11/><V36/><F36/><W48/><G33/><T31/><D31/><U24/><E24/><V84/><REACH who="2" step="1"/><F1/><REACH who="2" ten="440,70,230,250" step="2"/><W0/><G0/><T47/><D128/><U26/><E71/><V123/><F123/><W40/><G25/><T53/><D47/><U97/><E26/><V110/><F110/><W77/><G114/><T95/><D53/><U12/><E3/><V70/><F70/><W66/><G113/><T23/><D23/><U62/><E41/><V29/><F29/><W99/><G30/><T20/><D20/><U4/><E62/><V103/><F103/><W22/><G22/><T21/><D21/><U90/><E106/><V116/><F116/><AGARI ba="1,1" hai="80,81,82,95,98,102,116,117" m="61863,51275" machi="116" ten="30,12000,1" yaku="20,1,34,2,52,2" doraHai="115" who="0" fromWho="2" sc="440,133,70,0,230,-123,250,0" /><INIT seed="0,2,0,2,2,73" ten="573,70,107,250" oya="0" hai0="88,71,134,133,78,77,97,120,51,23,5,126,52" hai1="29,94,131,4,102,93,8,59,25,0,7,114,35" hai2="60,19,61,135,111,119,86,115,32,113,67,121,62" hai3="17,82,106,81,110,129,43,49,15,85,21,123,117"/><T26/><D120/><U101/><E131/><V72/><F72/><W37/><G110/><T124/><D71/><U70/><E70/><V90/><F111/><W2/><G117/><T84/><D5/><U36/><E36/><V47/><F121/><W38/><G2/><T91/><D97/><U100/><E114/><V42/><F135/><N who="0" m="51722" /><D91/><U13/><E7/><V99/><F32/><W109/><G106/><T105/><D105/><U27/><E27/><V24/><F99/><W132/><G109/><T41/><D41/><U44/><E44/><V83/><F67/><W107/><G107/><T92/><D23/><U54/><REACH who="1" step="1"/><E0/><REACH who="1" ten="573,60,107,250" step="2"/><V9/><F115/><W64/><G38/><T95/><D26/><U53/><E53/><V14/><F113/><W55/><G129/><T127/><D95/><U89/><E89/><V40/><F24/><W112/><G37/><T98/><D98/><U128/><E128/><V1/><F1/><W28/><G112/><T96/><D96/><U16/><E16/><V48/><F119/><W130/><G130/><T39/><D39/><U50/><AGARI ba="2,1" hai="4,8,13,25,29,35,50,54,59,93,94,100,101,102" machi="50" ten="30,2000,0" yaku="1,1,0,1,53,0" doraHai="73" doraHaiUra="108" who="1" fromWho="1" sc="573,-12,60,36,107,-7,250,-7" /><INIT seed="1,0,0,5,0,116" ten="561,96,100,243" oya="1" hai0="34,127,84,36,81,46,7,64,39,79,21,53,48" hai1="119,58,15,92,126,133,69,72,87,71,91,76,124" hai2="77,118,135,2,13,101,47,56,105,123,100,3,8" hai3="62,35,49,86,22,93,63,59,106,121,85,16,42"/><U5/><E119/><V134/><F123/><W98/><G35/><T32/><D32/><U83/><E133/><N who="2" m="50699" /><F118/><W108/><G108/><T55/><D34/><U67/><E58/><V95/><F105/><W112/><G106/><T24/><D7/><U114/><E114/><V29/><F29/><W90/><G112/><T30/><D127/><N who="1" m="48683" /><E67/><V130/><F130/><W66/><G121/><T109/><D109/><U51/><E51/><V60/><F77/><W0/><G0/><N who="2" m="41" /><F95/><W128/><G128/><T78/><D78/><U37/><E37/><V61/><F47/><W107/><G107/><T131/><D131/><U65/><E65/><N who="2" m="39047" /><F61/><W57/><G49/><T26/><D64/><U40/><E40/><V103/><F103/><W82/><G42/><T96/><D96/><U73/><E73/><V52/><F52/><W41/><G41/><T6/><D39/><U23/><E5/><AGARI ba="0,0" hai="5,8,13,100,101" m="39047,41,50699" machi="5" ten="30,1000,0" yaku="20,1" doraHai="116" who="2" fromWho="1" sc="561,0,96,-10,100,10,243,0" /><INIT seed="2,0,0,3,3,132" ten="561,86,110,243" oya="2" hai0="5,110,87,8,106,47,68,1,20,23,14,48,34" hai1="76,72,82,29,66,75,69,52,114,6,2,135,120" hai2="74,85,25,134,130,126,42,39,21,53,11,31,0" hai3="15,33,83,96,119,98,111,104,19,118,30,10,117"/><V27/><F74/><W91/><G111/><T92/><D106/><U89/><E135/><V115/><F134/><W99/><G30/><T60/><D110/><U38/><E114/><V95/><F115/><W63/><G33/><T9/><D68/><U55/><E120/><V102/><F130/><W35/><G35/><T46/><D60/><U125/><E75/><V112/><F112/><W133/><G133/><T28/><D23/><U26/><E38/><V51/><F126/><W86/><REACH who="3" step="1"/><G63/><REACH who="3" ten="561,86,110,233" step="2"/><T93/><D28/><U44/><E125/><V105/><F31/><W40/><G40/><T109/><D34/><U80/><E29/><V78/><F42/><W24/><G24/><T90/><D109/><U57/><E26/><V73/><F27/><W4/><G4/><T123/><D5/><U67/><E6/><V84/><F25/><W43/><G43/><T12/><D123/><U79/><E2/><V100/><F0/><W124/><G124/><T122/><D1/><U56/><E69/><V54/><F39/><W108/><G108/><T45/><D122/><U59/><E89/><V103/><F51/><W16/><G16/><N who="0" m="10247" /><D48/><N who="1" m="28679" /><E72/><V77/><F73/><W129/><G129/><T13/><D13/><U116/><E116/><V22/><F78/><N who="1" m="29737" /><E55/><V81/><F54/><W64/><G64/><AGARI ba="0,1" hai="56,57,59,64,66,67,80,82" m="29737,28679" machi="64" ten="30,2000,0" yaku="8,1,54,1" doraHai="132" who="1" fromWho="3" sc="561,0,86,30,110,0,233,-20" /><INIT seed="3,0,0,0,0,29" ten="561,116,110,213" oya="3" hai0="66,59,78,17,12,39,61,116,24,112,80,79,20" hai1="57,87,69,10,128,18,84,52,51,97,101,127,11" hai2="77,75,68,88,129,3,40,110,58,90,16,23,93" hai3="1,46,130,31,47,53,8,113,135,119,60,19,41"/><W42/><G113/><T34/><D39/><U96/><E127/><V5/><F110/><W9/><G119/><T28/><D116/><U115/><E128/><V81/><F68/><W50/><G130/><T126/><D126/><U99/><E69/><V37/><F129/><W83/><G135/><T106/><D106/><U33/><E33/><V49/><F37/><W111/><G31/><T43/><D43/><U65/><E115/><V45/><F58/><W134/><G134/><T36/><D36/><U91/><E65/><V76/><F76/><W92/><G111/><T15/><D112/><U107/><E87/><V124/><F124/><W7/><G92/><T54/><D80/><U30/><E30/><V2/><F5/><W118/><G118/><T108/><D108/><U72/><E72/><V64/><F64/><W133/><G83/><T70/><D12/><U22/><E101/><V94/><F94/><W55/><G133/><T117/><D117/><U26/><REACH who="1" step="1"/><E107/><REACH who="1" ten="561,106,110,213" step="2"/><V100/><F100/><W56/><G46/><T103/><D103/><U48/><E48/><AGARI ba="0,1" hai="15,17,20,24,28,34,48,54,59,61,66,70,78,79" machi="48" ten="30,2000,0" yaku="7,1,52,1" doraHai="29" who="0" fromWho="1" sc="561,30,106,-20,110,0,213,0" /><INIT seed="4,0,0,1,3,15" ten="591,86,110,213" oya="0" hai0="58,90,25,82,75,130,132,67,86,62,26,110,60" hai1="14,3,64,76,22,98,29,91,18,123,5,95,114" hai2="107,55,1,48,50,89,32,51,80,73,106,23,101" hai3="125,117,49,135,97,108,40,118,96,16,124,44,102"/><T116/><D116/><U79/><E123/><V30/><F1/><W122/><G108/><T2/><D2/><U13/><E114/><V0/><F0/><W69/><G69/><T47/><D130/><U126/><E126/><N who="3" m="48746" /><G135/><T28/><D110/><U131/><E131/><V113/><F32/><W103/><G122/><T68/><D132/><U111/><E111/><V31/><F113/><W12/><G97/><T9/><D75/><U7/><E64/><V99/><F107/><N who="3" m="63943" /><G103/><T36/><D9/><AGARI ba="0,0" hai="9,12,16,40,44,49,117,118" m="63943,48746" machi="9" ten="30,3900,0" yaku="18,1,52,1,54,1" doraHai="15" who="3" fromWho="0" sc="591,-39,86,0,110,0,213,39" /><INIT seed="5,0,0,1,2,78" ten="552,86,110,252" oya="1" hai0="42,76,118,80,71,48,130,91,39,10,0,111,40" hai1="35,34,26,128,116,66,75,85,86,127,107,56,45" hai2="83,31,24,110,79,7,92,96,41,37,117,28,70" hai3="23,63,29,11,22,133,90,60,124,67,5,68,106"/><U38/><E75/><V72/><F110/><W17/><G106/><T52/><D71/><U61/><E116/><V51/><F117/><W59/><G124/><T81/><D118/><U101/><E127/><V62/><F37/><W27/><G133/><T77/><D111/><U9/><E128/><V16/><F7/><W103/><G103/><T65/><D65/><U108/><E108/><V95/><F70/><W1/><G90/><T58/><D130/><U99/><E9/><V53/><F41/><N who="0" m="15978" /><D39/><U131/><E131/><V135/><F62/><W121/><G121/><T6/><D0/><U64/><E38/><V132/><F16/><W129/><G129/><T20/><D20/><U69/><E45/><V3/><F3/><W84/><G84/><N who="0" m="50567" /><D81/><U8/><E8/><V93/><F96/><W82/><G82/><T88/><D88/><U13/><E13/><V47/><REACH who="2" step="1"/><F31/><REACH who="2" ten="552,86,100,252" step="2"/><W32/><G17/><T113/><D6/><U94/><E94/><V89/><F89/><W134/><G134/><T87/><D10/><U97/><E97/><V120/><F120/><W115/><G63/><T104/><D77/><U43/><E43/><V98/><F98/><W57/><G68/><T21/><D76/><U15/><E15/><V123/><F123/><W14/><G14/><T125/><D125/><U50/><E66/><V114/><F114/><W55/><G115/><T112/><D113/><U12/><E12/><V102/><F102/><W54/><G67/><T36/><D112/><U109/><E109/><V4/><F4/><W18/><G18/><T100/><D36/><U73/><E64/><RYUUKYOKU ba="0,1" sc="552,-15,86,-15,100,15,252,15" hai2="24,28,47,51,53,72,79,83,92,93,95,132,135" hai3="1,5,11,22,23,27,29,32,54,55,57,59,60" /><INIT seed="6,1,1,0,3,50" ten="537,71,115,267" oya="2" hai0="30,42,106,94,79,14,26,135,2,87,35,121,21" hai1="73,52,117,69,64,71,8,89,28,111,40,19,88" hai2="55,29,60,45,101,118,100,48,84,127,83,112,126" hai3="3,18,10,36,44,61,1,46,58,6,115,102,49"/><V5/><F112/><W114/><G36/><T24/><D121/><U32/><E111/><V86/><F118/><W13/><G102/><T56/><D106/><U97/><E117/><V22/><F5/><W23/><G1/><T123/><D123/><U41/><E73/><V68/><F29/><W130/><G130/><T122/><D122/><U93/><E69/><V38/><F22/><W90/><G90/><N who="1" m="34922" /><E71/><V65/><F38/><W133/><G133/><T113/><D14/><N who="1" m="7623" /><E64/><V96/><F101/><W37/><G37/><T81/><D2/><U124/><E124/><N who="2" m="47659" /><F83/><W31/><G31/><T132/><D113/><N who="3" m="43017" /><G49/><T0/><D0/><U63/><E32/><V120/><F120/><W70/><G70/><T104/><D35/><U11/><E28/><V20/><F20/><W51/><G51/><T134/><D21/><U116/><E11/><V17/><F17/><W72/><G72/><T82/><D30/><U47/><E116/><V54/><F55/><AGARI ba="1,1" hai="3,6,10,13,18,23,44,46,55,58,61" m="43017" machi="55" ten="30,3900,0" yaku="15,1,11,1,52,1" doraHai="50" who="3" fromWho="2" sc="537,0,71,0,115,-42,267,52" /><INIT seed="7,0,0,0,2,95" ten="537,71,73,319" oya="3" hai0="54,6,71,46,7,60,135,126,32,77,79,38,26" hai1="106,22,105,21,81,92,33,110,113,118,84,68,89" hai2="58,39,122,93,111,85,13,14,40,42,17,102,23" hai3="43,120,3,107,52,72,117,0,125,101,82,88,10"/><W11/><G117/><T115/><D26/><U134/><E110/><V64/><F111/><W109/><G109/><T4/><D60/><U44/><E118/><V50/><F39/><W87/><G120/><T27/><D54/><U36/><E33/><V2/><F2/><W45/><G125/><T55/><D46/><U128/><E68/><V108/><F108/><W99/><G72/><T74/><D55/><U30/><E113/><V34/><F34/><W19/><G43/><N who="2" m="16425" /><F122/><W48/><G10/><T15/><D135/><U9/><E134/><V132/><F132/><W5/><G5/><T8/><D27/><N who="1" m="16751" /><E128/><V63/><F50/><W24/><G24/><T18/><D79/><N who="1" m="46143" /><E36/><V66/><F14/><W35/><G35/><T119/><D7/><U112/><E112/><V57/><F102/><W90/><G90/><T98/><D126/><U20/><E106/><V96/><F85/><W127/><G127/><T78/><D78/><U29/><E105/><V70/><F70/><W61/><G61/><T59/><D6/><U131/><E131/><V65/><F63/><W97/><G97/><T76/><D98/><N who="1" m="57615" /><E29/><V67/><N who="2" m="16384" /><DORA hai="103" /><V73/><F73/><W94/><G107/><T75/><D4/><U123/><E123/><V62/><F62/><W47/><G47/><T56/><D119/><U49/><E9/><V83/><F83/><W130/><G130/><T124/><D8/><U31/><E31/><V121/><F121/><W25/><G25/><T1/><D124/><U37/><E37/><V129/><F129/><W16/><G11/><N who="0" m="6527" /><D75/><U12/><E12/><V80/><F80/><RYUUKYOKU ba="0,0" sc="537,-30,71,10,73,10,319,10" hai1="20,22,44,49" hai2="13,17,23,57,58,93,96" hai3="0,3,16,19,45,48,52,82,87,88,94,99,101" /><INIT seed="7,1,0,1,4,88" ten="507,81,83,329" oya="3" hai0="43,11,70,54,30,50,66,35,34,16,83,58,76" hai1="130,94,84,115,10,45,17,72,111,48,36,39,15" hai2="127,67,31,32,12,18,123,85,6,47,3,8,69" hai3="60,51,49,28,53,5,40,101,63,1,109,87,55"/><W29/><G109/><T71/><D43/><N who="1" m="24639" /><E111/><V9/><F127/><W105/><G40/><T129/><D30/><U112/><E72/><V13/><F123/><W93/><G105/><T41/><D129/><U110/><E110/><V33/><F47/><W24/><G1/><T59/><D41/><U52/><E130/><V7/><F85/><W57/><G5/><T117/><D117/><U62/><E94/><V26/><F67/><W120/><G120/><T97/><D97/><U74/><E84/><V131/><F69/><W128/><G128/><T121/><D59/><N who="1" m="35175" /><E74/><V89/><F89/><N who="3" m="53439" /><G101/><T116/><D11/><U19/><E19/><V77/><F77/><W25/><G29/><T108/><D108/><U102/><E102/><V104/><F104/><W98/><G98/><T14/><D116/><U82/><E82/><V4/><F131/><W2/><G2/><T119/><D119/><U114/><AGARI ba="1,0" hai="10,15,17,36,39,112,114,115" m="35175,24639" machi="114" ten="30,2000,0" yaku="15,1,54,1" doraHai="88" who="1" fromWho="1" sc="507,-6,81,23,83,-6,329,-11" owari="501,60.1,104,-29.6,77,-42.3,318,11.8" /></mjloggm>