<mjloggm ver="2.3"><GO type="169" lobby="0"/><UN n0="%E6%9A%97%E9%BB%92%E7%96%BE%E9%A2%A8%E9%BE%8D%E7%8E%8B%E4%B8%B8" n1="%53%E6%9C%A8" n2="%E6%9E%95%E9%AD%9A" n3="%E6%BC%AB%E6%89%8D%E9%BA%BB%E5%B0%86%E5%91%86%E5%91%86" dan="16,17,16,16" rate="2044.88,2182.74,2109.21,2055.80" sx="M,M,F,F"/><TAIKYOKU oya="0"/><INIT seed="0,0,0,4,2,96" ten="250,250,250,250" oya="0" hai0="20,86,7,66,39,61,80,11,124,70,135,104,127" hai1="113,114,78,17,101,69,52,89,88,35,1,3,43" hai2="60,36,107,22,121,65,57,4,64,129,9,123,10" hai3="110,24,14,84,118,29,73,34,79,100,41,47,54"/><T111/><D135/><U53/><E69/><V94/><F107/><W108/><G118/><T122/><D122/><U31/><E78/><V23/><F36/><W8/><G73/><T72/><D104/><U119/><E119/><V116/><F116/><W82/><G54/><N who="1" m="21098" /><E43/><V98/><F64/><W81/><G81/><T26/><D39/><U45/><E45/><V68/><F68/><W115/><G115/><N who="1" m="44042" /><E17/><V51/><F51/><W38/><REACH who="3" step="1"/><G100/><REACH who="3" ten="250,250,250,240" step="2"/><T71/><D72/><U120/><E120/><V5/><F121/><W30/><G30/><T13/><D111/><U131/><E131/><V18/><F129/><W19/><AGARI ba="0,1" hai="8,14,19,24,29,34,38,41,47,79,82,84,108,110" machi="19" ten="30,2000,0" yaku="1,1,0,1,53,0" doraHai="96" doraHaiUra="0" who="3" fromWho="3" sc="250,-10,250,-5,250,-5,240,30" /><INIT seed="1,0,0,4,5,24" ten="240,245,245,270" oya="1" hai0="26,133,4,1,75,60,61,67,12,95,92,128,47" hai1="32,39,113,109,13,3,20,86,21,6,132,42,56" hai2="40,31,25,106,30,2,115,85,54,65,71,50,55" hai3="5,53,63,43,96,0,58,27,80,16,107,70,36"/><U64/><E113/><V110/><F2/><W93/><G107/><T19/><D133/><U83/><E132/><V129/><F106/><W29/><G0/><T125/><D128/><U134/><E134/><V41/><F129/><W84/><G5/><T98/><D75/><U90/><E3/><V73/><F73/><W22/><G36/><T44/><D125/><U130/><E130/><V100/><F110/><W23/><G43/><N who="2" m="16457" /><F71/><W14/><G70/><T18/><D1/><U103/><E39/><V111/><F65/><W91/><REACH who="3" step="1"/><G80/><REACH who="3" ten="240,245,245,260" step="2"/><T126/><D4/><U101/><E83/><V35/><F111/><W114/><G114/><T62/><D126/><U97/><E6/><V102/><F115/><W46/><G46/><T68/><D47/><U116/><E109/><V118/><F118/><W88/><G88/><T104/><D44/><U127/><E90/><V79/><F102/><W123/><G123/><T9/><D104/><U124/><E101/><V112/><F100/><W8/><G8/><T122/><D122/><U74/><E103/><V45/><F112/><W87/><AGARI ba="0,1" hai="14,16,22,23,27,29,53,58,63,84,87,91,93,96" machi="87" ten="30,8000,1" yaku="1,1,0,1,8,1,52,1,54,1,53,0" doraHai="24" doraHaiUra="37" who="3" fromWho="3" sc="240,-20,245,-40,245,-20,260,90" /><INIT seed="2,0,0,4,4,1" ten="220,205,225,350" oya="2" hai0="28,111,40,95,83,24,6,126,30,123,133,74,134" hai1="68,106,0,71,22,127,9,8,64,65,89,61,63" hai2="78,50,84,36,66,38,2,4,82,91,92,18,3" hai3="53,48,56,26,47,29,59,93,72,34,5,107,37"/><V51/><F66/><W52/><G107/><T103/><D123/><U86/><E127/><V115/><F115/><W17/><G72/><T41/><D126/><U32/><E32/><V88/><F3/><W132/><G132/><T109/><D103/><U130/><E130/><V73/><F18/><W20/><G37/><T58/><D95/><U13/><E106/><V35/><F35/><W112/><G112/><T102/><D102/><U98/><E98/><V94/><F38/><W14/><G5/><T70/><D58/><U57/><E0/><V55/><F36/><W120/><G120/><T45/><D70/><U7/><E57/><V113/><F55/><W15/><G15/><T90/><D6/><U44/><E44/><V108/><F108/><N who="0" m="41546" /><D30/><U117/><E117/><V97/><REACH who="2" step="1"/><F113/><REACH who="2" ten="220,205,215,350" step="2"/><W39/><G39/><N who="0" m="21663" /><D41/><U104/><E65/><V101/><F101/><W27/><G53/><T25/><D28/><U125/><E64/><V87/><F87/><W100/><G100/><T85/><D74/><U122/><E86/><V42/><F42/><W21/><G93/><T128/><D128/><U16/><E125/><V135/><F135/><AGARI ba="0,1" hai="24,25,83,85,90,133,134,135" m="21663,41546" machi="135" ten="30,2000,0" yaku="20,1,14,1" doraHai="1" who="0" fromWho="2" sc="220,30,205,0,215,-20,350,0" /><INIT seed="3,0,0,4,5,13" ten="250,205,195,350" oya="3" hai0="78,116,108,131,121,0,86,94,41,65,16,32,100" hai1="26,112,29,69,115,11,104,20,87,76,59,93,48" hai2="27,35,117,24,105,62,61,135,45,71,51,72,128" hai3="67,130,6,110,90,47,57,77,5,107,134,36,31"/><W99/><G134/><T101/><D116/><U96/><E69/><V119/><F72/><W33/><G130/><T63/><D121/><U95/><E104/><V89/><F105/><W85/><G77/><T120/><D32/><U12/><E48/><V23/><F128/><W133/><G133/><T18/><D0/><U103/><E59/><V39/><F39/><W1/><G33/><T64/><D120/><U43/><E43/><V84/><F135/><W7/><G31/><T49/><D108/><U30/><E29/><V114/><F35/><W55/><G67/><N who="0" m="25675" /><D63/><U125/><E125/><V83/><F27/><W46/><G1/><T17/><D131/><U42/><E42/><V126/><F114/><W106/><G36/><T122/><D122/><U14/><E14/><V15/><F15/><W97/><G107/><T75/><D75/><U40/><E40/><N who="2" m="24999" /><F71/><W25/><G25/><T68/><D68/><U98/><E87/><V19/><F126/><W102/><G110/><T127/><D127/><U88/><REACH who="1" step="1"/><E76/><REACH who="1" ten="250,195,195,350" step="2"/><N who="2" m="46183" /><F119/><W73/><G73/><T54/><D41/><U9/><E9/><V8/><F8/><W118/><G106/><T34/><D34/><U81/><E81/><V53/><F117/><W60/><G118/><T44/><D78/><U129/><E129/><V38/><F38/><W92/><G85/><T52/><D54/><U124/><E124/><V82/><F53/><W50/><G50/><T21/><D21/><U109/><E109/><V4/><F82/><W80/><G80/><T22/><D22/><U66/><E66/><V91/><F61/><W111/><G111/><RYUUKYOKU ba="0,1" sc="250,10,195,10,195,-30,350,10" hai0="16,17,18,44,49,52,86,94,100,101" hai1="11,12,20,26,30,88,93,95,96,98,103,112,115" hai3="5,6,7,46,47,55,57,60,90,92,97,99,102" /><INIT seed="3,1,1,2,1,60" ten="260,205,165,360" oya="3" hai0="39,48,45,47,76,69,121,1,19,32,115,7,103" hai1="128,51,78,117,104,13,20,124,5,55,44,107,34" hai2="8,33,95,10,98,17,41,73,63,23,70,85,135" hai3="108,40,62,35,0,57,86,28,94,22,125,88,29"/><W31/><G0/><T114/><D121/><U109/><E109/><V16/><F73/><W65/><G108/><T53/><D32/><U50/><E34/><V112/><F112/><W97/><G125/><T100/><D69/><U71/><E124/><V110/><F33/><W127/><G127/><T89/><D76/><U93/><E128/><V56/><F70/><W64/><G40/><N who="0" m="22687" /><D89/><U129/><E129/><V96/><F110/><W113/><G113/><N who="0" m="43019" /><D19/><U133/><E78/><V38/><F17/><W130/><G130/><T132/><D132/><U43/><E133/><V123/><F123/><W92/><G35/><T2/><D7/><U118/><E71/><V126/><F135/><W54/><G22/><T52/><D53/><U90/><E5/><V105/><F23/><W27/><G27/><T74/><D74/><U67/><E20/><V21/><F21/><W30/><G30/><T81/><D81/><U11/><E117/><V101/><F16/><W134/><G134/><T80/><D80/><U102/><E90/><AGARI ba="1,1" hai="28,29,31,54,57,62,64,65,86,88,90,92,94,97" machi="90" ten="40,12000,1" yaku="8,1,52,2,54,1" doraHai="60" who="3" fromWho="1" sc="260,0,205,-123,165,0,360,133" /><INIT seed="3,2,0,0,2,131" ten="260,82,165,493" oya="3" hai0="90,61,126,99,39,45,22,94,49,117,46,115,71" hai1="29,32,70,121,5,19,79,88,53,26,27,77,40" hai2="72,102,130,92,106,15,63,36,95,103,104,24,6" hai3="86,120,73,78,91,50,123,124,56,33,96,7,108"/><W62/><G7/><T17/><D117/><U119/><E119/><V52/><F36/><W107/><G33/><T9/><D126/><U113/><E113/><V51/><F72/><W30/><G30/><T20/><D115/><U85/><E70/><V122/><F130/><W100/><G124/><T18/><D39/><U127/><E127/><V12/><F122/><W135/><G50/><T41/><D46/><U81/><E40/><V118/><F63/><W31/><G31/><T101/><D9/><U60/><E121/><V16/><F104/><W110/><G120/><T97/><D61/><U93/><E5/><V75/><F75/><W68/><G68/><T111/><D71/><U59/><REACH who="1" step="1"/><E81/><REACH who="1" ten="260,72,165,493" step="2"/><V48/><F6/><W8/><G123/><T109/><D109/><U76/><E76/><V64/><F118/><W4/><G78/><T128/><D111/><U66/><E66/><V23/><F64/><W114/><G114/><T98/><D128/><U44/><E44/><V65/><F65/><W47/><G47/><T43/><D43/><U54/><E54/><V21/><F52/><W57/><G4/><T0/><D0/><U10/><E10/><V35/><F48/><W34/><G8/><T25/><REACH who="0" step="1"/><D101/><REACH who="0" ten="250,72,165,493" step="2"/><U69/><E69/><V2/><F2/><W3/><G100/><T84/><D84/><U87/><E87/><V125/><F125/><W129/><G129/><T42/><D42/><U55/><E55/><V37/><F102/><W82/><G110/><T11/><D11/><U67/><E67/><V38/><F38/><W14/><G108/><T132/><D132/><RYUUKYOKU ba="2,2" sc="250,15,72,15,165,-15,493,-15" hai0="17,18,20,22,25,41,45,49,90,94,97,98,99" hai1="19,26,27,29,32,53,59,60,77,79,85,88,93" /><INIT seed="4,3,2,5,4,102" ten="265,87,150,478" oya="0" hai0="9,92,28,2,132,103,97,122,82,76,46,84,3" hai1="105,6,16,37,90,8,77,101,41,115,117,72,131" hai2="20,80,73,119,134,62,74,26,94,11,24,130,59" hai3="56,108,106,83,50,113,66,45,51,75,17,68,58"/><T85/><D122/><U126/><E117/><V116/><F130/><W67/><G83/><T54/><D132/><U22/><E131/><V48/><F134/><W104/><G75/><T14/><D28/><U40/><E126/><V38/><F38/><W123/><G17/><T30/><D30/><U110/><E110/><V34/><F34/><W79/><G79/><T36/><D85/><U57/><E37/><V55/><F94/><W19/><G19/><T60/><D60/><U128/><E128/><V43/><F11/><W135/><G135/><T70/><D70/><U27/><E77/><N who="2" m="44079" /><F20/><W99/><G99/><T23/><D23/><U91/><E72/><V88/><F88/><N who="1" m="33833" /><E101/><V5/><F5/><W10/><G45/><T0/><D36/><U25/><E105/><V15/><F15/><W89/><G89/><T121/><D121/><U120/><E120/><V107/><F107/><W71/><G123/><T78/><D78/><U64/><E27/><V129/><F74/><W118/><G118/><N who="2" m="45097" /><F129/><W29/><G10/><T95/><D95/><U112/><E8/><V39/><F39/><W81/><G81/><T69/><D2/><U7/><E7/><V125/><F125/><W133/><G133/><T65/><D9/><U18/><E18/><V1/><F1/><W96/><G29/><T21/><D14/><U93/><E93/><V114/><F114/><N who="1" m="43561" /><E6/><V44/><AGARI ba="3,2" hai="24,26,43,44,48,55,59,62" m="45097,44079" machi="44" ten="30,1100,0" yaku="12,1" doraHai="102" who="2" fromWho="2" sc="265,-8,87,-6,150,40,478,-6" /><INIT seed="5,0,0,4,0,2" ten="257,81,190,472" oya="1" hai0="28,73,127,108,75,56,4,97,104,54,82,60,114" hai1="130,118,47,17,90,78,79,74,58,25,10,99,13" hai2="106,61,23,16,103,41,67,83,12,14,62,42,94" hai3="88,35,116,124,3,126,131,68,18,43,109,51,32"/><U81/><E118/><V36/><F106/><W123/><G123/><T53/><D108/><U34/><E130/><V31/><F36/><W110/><G68/><T30/><D127/><N who="3" m="48681" /><G131/><T55/><D114/><U86/><E99/><N who="2" m="59895" /><F31/><W80/><G3/><T77/><D75/><U69/><E69/><V70/><F70/><W122/><G122/><T84/><D73/><U98/><E98/><V85/><F67/><W91/><G18/><T20/><D97/><U76/><E58/><V101/><F101/><W92/><G80/><T128/><D104/><U65/><E65/><V93/><F93/><W50/><G91/><T89/><D89/><U24/><E74/><V29/><F12/><W40/><G50/><T33/><D33/><N who="3" m="12873" /><G116/><T48/><D30/><U21/><E34/><V19/><F19/><W71/><G71/><T115/><D28/><U5/><REACH who="1" step="1"/><E47/><REACH who="1" ten="257,71,190,472" step="2"/><V39/><F85/><W129/><G129/><T8/><D128/><U134/><E134/><V133/><F133/><W100/><G110/><T132/><D132/><U38/><E38/><V27/><F39/><W0/><G109/><T111/><D111/><U95/><E95/><V52/><F83/><W105/><G92/><T11/><D82/><U15/><AGARI ba="0,1" hai="5,10,13,15,17,21,24,25,76,78,79,81,86,90" machi="15" ten="30,11700,0" yaku="1,1,0,1,8,1,52,1,53,0" doraHai="2" doraHaiUra="102" who="1" fromWho="1" sc="257,-39,71,127,190,-39,472,-39" /><INIT seed="5,1,0,5,0,45" ten="218,198,151,433" oya="1" hai0="43,100,116,12,129,128,69,82,44,20,104,49,76" hai1="3,38,106,127,74,55,105,132,47,70,73,67,78" hai2="13,28,99,7,96,34,36,102,122,6,77,113,75" hai3="18,59,52,19,60,126,10,41,16,130,27,117,93"/><U51/><E3/><V84/><F122/><W40/><G130/><N who="0" m="50283" /><D69/><U125/><E132/><V124/><F36/><W53/><G126/><N who="1" m="48138" /><E78/><V87/><F28/><W29/><G117/><T89/><D116/><U72/><E38/><V112/><F34/><W86/><G10/><T134/><D89/><U21/><E21/><V110/><F13/><W92/><G53/><T24/><D12/><U14/><E14/><V97/><F124/><W90/><REACH who="3" step="1"/><G92/><REACH who="3" ten="218,198,151,423" step="2"/><T135/><D135/><U103/><E103/><V30/><F102/><W57/><G57/><T62/><D100/><U79/><E79/><V118/><F118/><W94/><G94/><T114/><D76/><U1/><E1/><V32/><F77/><W61/><G61/><AGARI ba="1,1" hai="47,51,55,61,67,70,72,73,74,105,106" m="48138" machi="61" ten="40,3900,0" yaku="18,1,52,1" doraHai="45" who="1" fromWho="3" sc="218,0,198,52,151,0,423,-42" /><INIT seed="5,2,0,3,3,72" ten="218,250,151,381" oya="1" hai0="134,81,49,41,76,121,115,48,127,111,98,61,62" hai1="39,87,45,38,94,97,92,70,104,56,80,129,64" hai2="50,40,18,110,124,112,125,131,54,32,95,82,3" hai3="86,75,25,99,30,16,31,58,37,20,26,91,7"/><U74/><E70/><V55/><F32/><W8/><G37/><T44/><D111/><U71/><E71/><V114/><F3/><W17/><G75/><T24/><D115/><N who="2" m="44074" /><F95/><W96/><G58/><T107/><D134/><U88/><E129/><V53/><F18/><W60/><G60/><T33/><D127/><N who="2" m="48714" /><F82/><W119/><G119/><T83/><D121/><U23/><E74/><V5/><F5/><W133/><G133/><T65/><D49/><U1/><E104/><V67/><F131/><W85/><G7/><T122/><D122/><U73/><E73/><V28/><F28/><W116/><G116/><T93/><D107/><U117/><E94/><V47/><F67/><W21/><G91/><T128/><D128/><U118/><E1/><V100/><F100/><W0/><G0/><T120/><D120/><U106/><E106/><V109/><AGARI ba="2,0" hai="40,47,50,53,54,55,109,110" m="48714,44074" machi="109" ten="40,8000,1" yaku="15,1,11,1,18,1,34,2" doraHai="72" who="2" fromWho="2" sc="218,-22,250,-42,151,86,381,-22" /><INIT seed="6,0,0,3,5,116" ten="196,208,237,359" oya="2" hai0="35,0,18,100,4,26,56,36,31,6,5,17,11" hai1="125,80,69,122,66,86,3,101,104,15,126,60,54" hai2="118,130,132,44,119,98,42,102,40,97,52,84,115" hai3="59,47,16,50,131,62,81,2,124,110,77,88,70"/><V135/><F115/><W30/><G2/><T72/><D36/><U8/><E3/><V95/><F130/><W68/><G110/><T1/><D56/><U25/><E104/><N who="2" m="63567" /><F42/><W103/><G131/><T76/><D100/><U22/><E101/><N who="2" m="60639" /><F40/><W43/><G103/><T112/><D76/><U91/><E54/><V51/><F84/><N who="3" m="50191" /><G68/><T55/><D72/><U89/><E91/><V109/><F109/><W73/><G77/><T134/><D55/><U14/><E122/><V23/><F23/><W32/><G73/><T113/><D134/><AGARI ba="0,0" hai="44,51,52,118,119,132,134,135" m="60639,63567" machi="134" ten="30,2900,0" yaku="20,1,54,1" doraHai="116" who="2" fromWho="0" sc="196,-29,208,0,237,29,359,0" /><INIT seed="6,1,0,1,3,9" ten="167,208,266,359" oya="2" hai0="105,42,19,99,103,65,3,79,116,113,125,85,40" hai1="117,12,44,129,114,27,115,38,130,70,43,96,51" hai2="74,132,101,107,29,71,25,41,109,56,100,37,122" hai3="59,131,66,89,31,78,33,8,123,62,23,77,69"/><V54/><F122/><W24/><G123/><T97/><D113/><N who="1" m="43019" /><E27/><V92/><F74/><W49/><G131/><N who="1" m="50186" /><E96/><V108/><F92/><W11/><G33/><T110/><D125/><U112/><N who="1" m="43027" /><U75/><DORA hai="106" /><E75/><V91/><F100/><W50/><G89/><T30/><D110/><U98/><E98/><V22/><F101/><W81/><G69/><T124/><D124/><U102/><E102/><V94/><F71/><W5/><G8/><T10/><D116/><U90/><E90/><V28/><F28/><W76/><G81/><T39/><D97/><U14/><E117/><V13/><F107/><W52/><G66/><T126/><D126/><U58/><E70/><V47/><F13/><AGARI ba="1,0" hai="5,11,13,23,24,31,49,50,52,59,62,76,77,78" machi="13" ten="40,5200,0" yaku="8,1,52,1,54,1" doraHai="9,106" who="3" fromWho="2" sc="167,0,208,0,266,-55,359,55" /><INIT seed="7,0,0,0,1,51" ten="167,208,211,414" oya="3" hai0="108,125,96,128,57,87,66,23,89,133,61,38,37" hai1="123,81,15,59,119,34,33,71,114,78,48,16,65" hai2="62,135,60,131,8,84,44,55,122,120,86,85,7" hai3="73,111,101,93,36,25,103,132,1,80,35,90,27"/><W32/><G36/><T134/><D108/><U2/><E2/><N who="2" m="119" /><F135/><N who="0" m="51722" /><D96/><U45/><E123/><N who="2" m="47147" /><F131/><W107/><G93/><T54/><D23/><U100/><E71/><V98/><F98/><W82/><G90/><T21/><D21/><U91/><E59/><N who="2" m="34943" /><F62/><W118/><G73/><T9/><D9/><U24/><E34/><V117/><F44/><W109/><G1/><T19/><D19/><U12/><E16/><V11/><F117/><W31/><G132/><T0/><D0/><U52/><E45/><V72/><F72/><W39/><G39/><N who="0" m="14859" /><D89/><U67/><E91/><V42/><F42/><W102/><G107/><T88/><D128/><U95/><E33/><V69/><F69/><W28/><G118/><T26/><D26/><U22/><E24/><V40/><F40/><W116/><G116/><T4/><D4/><U126/><E22/><V74/><F74/><W105/><G105/><T18/><D18/><U58/><E119/><V50/><F11/><W127/><G102/><T77/><D125/><AGARI ba="0,0" hai="25,27,28,31,32,35,80,82,101,103,109,111,125,127" machi="125" ten="25,2400,0" yaku="22,2" doraHai="51" who="3" fromWho="0" sc="167,-24,208,0,211,0,414,24" owari="143,-35.7,208,-19.2,211,1.1,438,53.8" /></mjloggm>