<mjloggm ver="2.3"><GO type="169" lobby="0"/><UN n0="%E5%8D%83%E8%8D%89%E5%8F%B0" n1="%6A%61%63%6F%62%69%33%35" n2="%46%75%77%61" n3="%E9%B3%B3%E5%8D%97%E3%81%AE%E3%81%B6%E3%81%9F%E3%81%95%E3%82%93" dan="17,17,17,17" rate="2130.79,2129.79,2180.17,2142.74" sx="M,M,M,M"/><TAIKYOKU oya="0"/><INIT seed="0,0,0,1,3,16" ten="250,250,250,250" oya="0" hai0="135,100,48,112,99,86,127,42,58,126,34,89,96" hai1="31,70,26,49,85,19,91,11,92,47,65,107,45" hai2="105,121,123,41,8,17,64,35,73,51,78,57,109" hai3="81,90,3,68,69,84,39,21,71,60,124,83,38"/><T52/><D34/><U111/><E111/><V110/><F105/><W128/><G3/><T30/><D112/><U10/><E107/><V88/><F35/><W9/><G128/><T40/><D30/><U62/><E19/><V98/><F78/><W33/><G33/><T106/><D99/><U12/><E12/><N who="2" m="7303" /><F73/><W80/><G9/><T116/><D116/><U67/><E67/><V103/><F103/><W7/><G7/><T115/><D115/><U23/><REACH who="1" step="1"/><E45/><REACH who="1" ten="250,240,250,250" step="2"/><N who="2" m="26031" /><F123/><W53/><G69/><T77/><D135/><U61/><E61/><V55/><F121/><W37/><G68/><T13/><D13/><U18/><E18/><V6/><F64/><W122/><G71/><T4/><D4/><U50/><E50/><V125/><F6/><W74/><G60/><T46/><D40/><AGARI ba="0,1" hai="10,11,23,26,31,40,47,49,62,65,70,85,91,92" machi="40" ten="30,7700,0" yaku="1,1,7,1,52,1,53,1" doraHai="16" doraHaiUra="63" who="1" fromWho="0" sc="250,-77,240,87,250,0,250,0" /><INIT seed="1,0,0,0,3,88" ten="173,327,250,250" oya="1" hai0="27,134,54,2,71,77,39,47,113,65,120,86,49" hai1="12,85,9,46,79,80,112,100,26,56,98,41,42" hai2="28,131,116,101,13,64,70,21,17,43,31,106,40" hai3="99,25,122,128,125,108,78,51,37,20,5,105,14"/><U7/><E112/><V91/><F116/><W132/><G122/><T19/><D113/><U94/><E56/><V8/><F131/><W97/><G37/><T102/><D2/><U11/><E46/><V61/><F106/><W114/><G114/><T129/><D129/><U103/><E103/><V135/><F135/><W75/><G128/><T38/><D134/><U117/><E117/><V118/><F101/><W48/><G108/><T44/><D102/><U121/><E121/><V95/><F118/><W6/><G125/><T23/><D120/><U67/><E67/><V90/><F90/><W29/><G105/><T1/><D1/><U15/><REACH who="1" step="1"/><E26/><REACH who="1" ten="173,317,250,250" step="2"/><V96/><REACH who="2" step="1"/><F8/><REACH who="2" ten="173,317,240,250" step="2"/><W10/><G10/><T123/><D123/><U133/><E133/><V30/><AGARI ba="0,2" hai="13,17,21,28,30,31,40,43,61,64,70,91,95,96" machi="30" ten="30,8000,1" yaku="1,1,2,1,0,1,52,1,53,1" doraHai="88" doraHaiUra="57" who="2" fromWho="2" sc="173,-20,317,-40,240,100,250,-20" /><INIT seed="2,0,0,2,1,45" ten="153,277,340,230" oya="2" hai0="8,62,27,131,5,41,47,2,90,10,76,67,39" hai1="106,50,66,79,108,132,112,121,115,3,117,107,55" hai2="77,86,13,72,94,1,28,11,16,105,80,37,104" hai3="65,96,53,4,114,74,109,51,48,59,35,78,110"/><V68/><F68/><W126/><G35/><T97/><D131/><U70/><E3/><V119/><F119/><W95/><G126/><T98/><D76/><U29/><E117/><V61/><F61/><W26/><G114/><T24/><D10/><U6/><E121/><V91/><F37/><W21/><G4/><T73/><D73/><U113/><E6/><V40/><F40/><W56/><G74/><T34/><D34/><U43/><E43/><V31/><REACH who="2" step="1"/><F1/><REACH who="2" ten="153,277,330,230" step="2"/><W44/><G110/><T42/><D42/><U30/><E108/><V32/><F32/><W120/><G109/><T19/><D62/><U36/><E36/><V88/><F88/><N who="3" m="55399" /><G120/><T130/><D90/><U0/><E0/><V20/><F20/><W92/><G21/><T93/><D39/><U128/><E70/><V38/><F38/><W102/><G48/><T17/><D41/><U89/><E50/><V123/><F123/><W57/><G65/><T25/><D67/><U118/><E66/><V100/><F100/><W63/><G63/><T7/><D2/><U15/><E118/><V58/><F58/><W129/><G57/><T124/><D47/><U14/><E113/><V103/><F103/><W75/><G59/><T84/><D8/><U127/><E89/><V85/><F85/><W135/><G44/><T9/><D9/><U122/><E115/><V87/><F87/><W46/><G56/><T71/><D84/><U22/><E112/><V23/><F23/><W125/><G102/><T33/><D33/><U12/><E122/><V64/><F64/><W69/><G69/><T60/><D71/><RYUUKYOKU ba="0,1" sc="153,-10,277,-10,330,30,230,-10" hai2="11,13,16,28,31,72,77,80,86,91,94,104,105" /><INIT seed="2,1,1,0,3,18" ten="143,267,360,220" oya="2" hai0="2,32,81,126,122,108,13,23,127,51,80,29,121" hai1="37,69,70,5,98,67,85,120,82,10,102,57,8" hai2="97,28,88,130,77,3,68,53,113,76,6,22,38" hai3="12,135,93,61,36,20,124,123,30,75,63,74,56"/><V48/><F113/><W95/><G123/><T50/><D2/><U21/><E37/><V42/><F68/><W87/><G36/><T64/><D64/><U107/><E120/><V115/><F115/><W33/><G124/><T128/><D32/><U49/><E10/><V89/><F130/><W86/><G33/><T132/><D29/><U46/><E57/><V66/><F66/><W111/><G111/><T0/><D0/><U7/><E21/><V43/><F6/><W129/><G135/><T54/><D108/><U35/><E35/><V103/><F3/><W117/><G117/><T119/><D132/><U14/><E7/><V133/><F133/><W90/><G129/><T79/><D128/><U65/><E70/><V72/><F72/><W44/><G44/><T83/><D79/><N who="2" m="30282" /><F38/><W45/><G45/><T59/><D119/><U1/><E1/><V99/><F103/><W25/><G12/><T17/><D121/><U39/><E39/><V34/><F34/><W114/><G114/><T92/><D122/><U40/><E69/><V94/><F22/><W4/><G4/><T91/><REACH who="0" step="1"/><D51/><REACH who="0" ten="133,267,360,220" step="2"/><U19/><E67/><V105/><F28/><W118/><G118/><T11/><D11/><U73/><E65/><V112/><F112/><W52/><G63/><T31/><D31/><U106/><E49/><V110/><F110/><W58/><G58/><T116/><D116/><U101/><E8/><V9/><F9/><W71/><G71/><T134/><D134/><U16/><E5/><V96/><F105/><W62/><G62/><T27/><D27/><U104/><E104/><RYUUKYOKU ba="1,2" sc="133,15,267,-15,360,-15,220,15" hai0="13,17,23,50,54,59,80,81,83,91,92,126,127" hai3="20,25,30,52,56,61,74,75,86,87,90,93,95" /><INIT seed="3,2,2,4,5,50" ten="148,252,345,235" oya="3" hai0="64,128,65,34,12,86,125,95,96,26,109,51,10" hai1="102,135,89,33,61,72,27,123,30,127,126,87,79" hai2="81,29,63,78,19,107,70,114,28,83,5,57,31" hai3="2,40,93,112,68,84,71,101,69,39,48,3,98"/><W119/><G112/><T20/><D34/><U11/><E123/><V32/><F114/><W117/><G39/><T88/><D125/><N who="1" m="47627" /><E135/><V132/><F107/><W134/><G134/><T18/><D128/><U91/><E102/><V122/><F132/><W54/><G40/><T62/><D109/><U52/><E72/><V15/><F70/><W103/><G103/><T90/><D51/><U66/><E11/><N who="2" m="4591" /><F32/><W113/><G113/><T99/><D62/><U45/><E45/><V56/><F122/><W23/><G23/><T74/><D74/><U7/><E7/><V80/><F57/><W17/><G17/><T24/><D24/><U82/><E66/><N who="0" m="25705" /><D90/><U22/><E33/><V38/><F38/><W35/><G35/><T49/><D49/><U130/><E130/><V111/><F111/><W44/><REACH who="3" step="1"/><G84/><REACH who="3" ten="148,252,345,225" step="2"/><T58/><D58/><AGARI ba="2,3" hai="22,27,30,52,58,61,79,82,87,89,91" m="47627" machi="58" ten="30,3900,0" yaku="18,1,52,1,54,1" doraHai="50" who="1" fromWho="0" sc="148,-45,252,75,345,0,225,0" /><INIT seed="4,0,0,0,3,51" ten="103,327,345,225" oya="0" hai0="73,47,41,16,133,18,92,59,75,29,0,62,60" hai1="130,19,126,69,135,81,12,89,90,57,8,124,134" hai2="30,110,50,128,34,65,119,85,37,125,35,54,102" hai3="52,58,109,100,13,22,56,42,82,94,95,74,117"/><T83/><D0/><U44/><E69/><V3/><F37/><W101/><G109/><T24/><D62/><U96/><E96/><V87/><F110/><W20/><G117/><T14/><D18/><U66/><E66/><V38/><F38/><W39/><G39/><T84/><D92/><U106/><E106/><V5/><F128/><W121/><G42/><T71/><D71/><U132/><E44/><V116/><F65/><W103/><G121/><T114/><D47/><U115/><E57/><V32/><F102/><W53/><G74/><T6/><D41/><U77/><E115/><V10/><F125/><N who="1" m="48233" /><E130/><V61/><F61/><N who="3" m="35983" /><G82/><T26/><D114/><U98/><E98/><V45/><REACH who="2" step="1"/><F30/><REACH who="2" ten="103,327,335,225" step="2"/><W93/><G13/><T15/><D15/><U40/><E40/><V46/><F46/><W72/><G72/><AGARI ba="0,1" hai="8,12,19,72,77,81,89,90,132,134,135" m="48233" machi="72" ten="40,2600,0" yaku="20,1,18,1" doraHai="51" who="1" fromWho="3" sc="103,0,327,36,335,0,225,-26" /><INIT seed="5,0,0,5,0,97" ten="103,363,335,199" oya="1" hai0="108,58,69,73,66,9,99,19,88,21,47,86,122" hai1="46,91,134,81,36,78,63,126,75,70,115,3,92" hai2="25,110,113,1,5,121,4,87,62,129,120,95,107" hai3="8,100,49,15,40,56,61,109,57,29,104,34,128"/><U54/><E115/><V101/><F110/><W112/><G109/><T35/><D35/><U55/><E134/><V51/><F113/><W60/><G112/><T74/><D108/><U41/><E126/><V2/><F129/><W33/><G128/><T131/><D131/><U31/><E31/><V124/><F124/><W118/><G118/><T83/><D69/><U0/><E70/><V12/><F107/><W11/><G49/><T132/><D132/><U22/><E22/><V71/><F51/><W64/><G40/><T116/><D116/><U79/><E79/><V30/><F12/><W28/><G104/><T105/><D9/><U90/><E90/><V133/><F133/><W13/><G64/><T53/><D66/><U96/><REACH who="1" step="1"/><E63/><REACH who="1" ten="103,353,335,199" step="2"/><V32/><F62/><W10/><G8/><T52/><D122/><U85/><E85/><V59/><F71/><W48/><G48/><T102/><D47/><U119/><E119/><V77/><F87/><W42/><G42/><T68/><D68/><U72/><E72/><V27/><F77/><W44/><G44/><T38/><D38/><U16/><E16/><V43/><F30/><W20/><G20/><T39/><D39/><U130/><E130/><V82/><F43/><W24/><G24/><T123/><D123/><U45/><E45/><V114/><F114/><W26/><G26/><N who="0" m="14655" /><D58/><U65/><E65/><V6/><F120/><W7/><G7/><T125/><D125/><U135/><E135/><V80/><F121/><W98/><G57/><T14/><D14/><U127/><E127/><V93/><F59/><W18/><G56/><RYUUKYOKU ba="0,1" sc="103,15,353,15,335,-15,199,-15" hai0="52,53,73,74,83,86,88,99,102,105" hai1="0,3,36,41,46,54,55,75,78,81,91,92,96" /><INIT seed="5,1,1,4,4,78" ten="118,368,320,184" oya="1" hai0="35,13,99,39,67,133,112,108,91,127,24,3,58" hai1="29,62,72,22,28,37,114,33,41,85,48,14,126" hai2="26,20,44,117,90,50,105,6,12,95,77,52,131" hai3="56,113,87,118,71,10,8,65,4,82,88,116,36"/><U93/><E72/><V11/><F117/><N who="3" m="45163" /><G36/><T115/><D39/><U80/><E33/><V30/><F131/><W64/><G71/><T55/><D3/><U38/><E38/><V25/><F105/><W76/><G113/><N who="0" m="43595" /><D108/><U119/><E37/><V51/><F77/><W2/><G8/><T32/><D127/><U43/><E62/><V109/><F109/><W47/><G47/><T97/><D133/><U18/><E126/><V60/><F26/><W100/><G100/><T101/><D67/><N who="3" m="25673" /><G56/><T94/><D13/><U74/><E119/><V129/><F129/><W19/><G76/><T23/><D23/><U81/><E22/><V121/><F121/><W54/><G54/><T0/><D24/><U130/><E43/><V57/><REACH who="2" step="1"/><F44/><REACH who="2" ten="118,368,310,184" step="2"/><W9/><G9/><T111/><D111/><U75/><E130/><V102/><F102/><W135/><G135/><T61/><D0/><U125/><E114/><V92/><F92/><AGARI ba="1,2" hai="32,35,55,58,61,91,92,94,97,99,101" m="43595" machi="92" ten="30,1000,0" yaku="15,1" doraHai="78" who="0" fromWho="2" sc="118,33,368,0,310,-13,184,0" /><INIT seed="6,0,0,2,4,82" ten="151,368,297,184" oya="2" hai0="38,120,106,76,11,118,104,12,99,90,59,128,110" hai1="112,61,52,18,86,95,71,98,36,116,14,60,57" hai2="78,22,26,111,113,96,27,65,69,1,79,131,58" hai3="33,124,28,21,97,77,73,31,126,30,16,40,51"/><V132/><F69/><W114/><G73/><T43/><D110/><U49/><E36/><V15/><F1/><W67/><G77/><N who="2" m="29193" /><F111/><W35/><G67/><T7/><D118/><U53/><E116/><V41/><F113/><W72/><G72/><T44/><D120/><U50/><E71/><V23/><F132/><W24/><G97/><T94/><D128/><U66/><E112/><V9/><F41/><W5/><G114/><T8/><D76/><U20/><E66/><V115/><F115/><W103/><G103/><T123/><D123/><U54/><E54/><V64/><F96/><W42/><G42/><T127/><D127/><N who="3" m="48681" /><G40/><T133/><D133/><U93/><E98/><V130/><F130/><W87/><G51/><T0/><REACH who="0" step="1"/><D59/><REACH who="0" ten="141,368,297,184" step="2"/><U121/><E121/><V10/><F131/><W100/><G100/><T62/><D62/><U80/><E61/><N who="2" m="37943" /><F65/><W25/><G87/><T55/><D55/><U109/><E109/><V37/><F37/><W68/><G68/><T134/><D134/><U47/><E60/><V6/><F9/><W84/><G84/><T46/><D46/><U2/><E57/><V129/><F129/><W19/><G5/><AGARI ba="0,1" hai="0,5,7,8,11,12,38,43,44,90,94,99,104,106" machi="5" ten="30,2000,0" yaku="1,1,7,1,53,0" doraHai="82" doraHaiUra="117" who="0" fromWho="3" sc="141,30,368,0,297,0,184,-20" /><INIT seed="7,0,0,2,3,133" ten="171,368,297,164" oya="3" hai0="130,99,29,28,21,75,82,132,34,92,126,124,56" hai1="86,111,88,100,24,0,80,61,4,103,60,71,81" hai2="131,45,102,121,49,116,104,72,98,48,58,105,67" hai3="43,83,129,42,51,66,32,7,96,118,114,3,78"/><W87/><G118/><T44/><D34/><U59/><E111/><V120/><F116/><W15/><G3/><T106/><D106/><U26/><E71/><V73/><F131/><W89/><G32/><T38/><D130/><U17/><E60/><V119/><F119/><W19/><G114/><T112/><D112/><U94/><E4/><V117/><F117/><W22/><G129/><T125/><D132/><U25/><E17/><V70/><F70/><W108/><G108/><T14/><D38/><U91/><E0/><V12/><F12/><W37/><G37/><T50/><D56/><U79/><E79/><V64/><F105/><W97/><G7/><T134/><D134/><U6/><E6/><V127/><F127/><W85/><G66/><T10/><D82/><N who="1" m="31851" /><E91/><V53/><F67/><AGARI ba="0,0" hai="24,25,26,59,61,67,86,88,94,100,103" m="31851" machi="67" ten="30,2000,0" yaku="8,1,54,1" doraHai="133" who="1" fromWho="2" sc="171,0,368,20,297,-20,164,0" owari="171,-22.9,388,48.8,277,7.7,164,-33.6" /></mjloggm>