<mjloggm ver="2.3"><GO type="169" lobby="0"/><UN n0="%E3%81%AA%E3%81%AA%E3%81%BF%EF%BC%A0%E5%8F%B2%E7%9A%AE%E8%BB%8D%E5%9B%A3" n1="%69%50%68%6F%6E%65%31" n2="%E3%83%8F%E5%B4%8E%E7%9C%9F%E6%82%9F" n3="%E3%81%BF%E3%82%84%E3%81%AF%E3%82%89" dan="17,17,17,16" rate="2131.98,2148.27,2232.36,2046.36" sx="M,M,M,M"/><TAIKYOKU oya="0"/><INIT seed="0,0,0,4,4,97" ten="250,250,250,250" oya="0" hai0="10,118,64,40,91,17,116,6,126,65,107,60,3" hai1="8,20,43,120,124,24,78,103,37,73,89,71,74" hai2="83,32,113,50,59,75,86,66,129,105,57,96,114" hai3="23,92,19,95,131,1,62,53,38,14,81,31,123"/><T13/><D126/><U30/><E120/><V88/><F32/><W4/><G131/><T115/><D115/><U46/><E124/><V119/><F129/><W77/><G123/><T47/><D107/><U21/><E71/><V99/><F119/><W25/><G38/><T90/><D116/><U48/><E89/><V51/><F75/><W61/><G61/><T122/><D122/><U18/><E78/><V35/><F35/><W12/><G12/><T28/><D28/><U112/><E112/><V11/><F11/><W54/><G4/><T109/><D109/><U79/><E79/><V33/><F33/><W34/><G1/><T69/><D64/><U132/><E8/><V9/><F9/><W87/><REACH who="3" step="1"/><G53/><REACH who="3" ten="250,250,250,240" step="2"/><T44/><D3/><U102/><E132/><V125/><F125/><W26/><G26/><T100/><D6/><U45/><E74/><V70/><F113/><W117/><G117/><T15/><D118/><U128/><E73/><V82/><F114/><W76/><G76/><T94/><D15/><U42/><E128/><V56/><F50/><W127/><G127/><T121/><D121/><U58/><E58/><AGARI ba="0,1" hai="14,19,23,25,31,34,54,58,62,77,81,87,92,95" machi="58" ten="40,1300,0" yaku="1,1,53,0" doraHai="97" doraHaiUra="110" who="3" fromWho="1" sc="250,0,250,-13,250,0,240,23" /><INIT seed="1,0,0,4,2,117" ten="250,237,250,263" oya="1" hai0="80,3,75,44,26,27,103,92,71,16,90,10,19" hai1="65,85,49,73,115,1,113,53,60,114,58,102,76" hai2="21,17,78,23,107,52,135,41,83,127,118,99,64" hai3="72,43,94,2,28,125,37,105,131,46,129,97,95"/><U8/><E102/><V34/><F34/><W39/><G2/><T81/><D71/><U55/><E73/><V32/><F32/><W5/><G72/><T101/><D3/><U133/><E133/><V38/><F118/><W29/><G5/><T45/><D75/><U35/><E35/><V62/><F127/><W66/><G66/><T91/><D92/><U57/><E1/><V11/><F41/><W31/><G125/><T82/><D82/><U47/><E8/><AGARI ba="0,0" hai="8,10,16,19,26,27,44,45,80,81,90,91,101,103" machi="8" ten="25,6400,0" yaku="22,2,8,1,54,1" doraHai="117" who="0" fromWho="1" sc="250,64,237,-64,250,0,263,0" /><INIT seed="2,0,0,0,0,110" ten="314,173,250,263" oya="2" hai0="52,37,75,55,42,116,16,0,25,54,102,81,27" hai1="40,29,68,83,115,84,71,133,124,127,67,108,58" hai2="32,30,103,70,82,77,128,8,130,80,23,78,125" hai3="72,50,51,53,28,114,45,43,85,3,92,65,33"/><V112/><F70/><N who="1" m="26665" /><E29/><V46/><F32/><W60/><G72/><T13/><D116/><U88/><E108/><V34/><F34/><W61/><G3/><T4/><D102/><U7/><E7/><V56/><F46/><W129/><G65/><T21/><D37/><U98/><E40/><V69/><F69/><W91/><G129/><N who="2" m="49769" /><F56/><W131/><G131/><T9/><REACH who="0" step="1"/><D42/><REACH who="0" ten="304,173,250,263" step="2"/><U48/><E127/><V76/><F103/><W121/><G43/><T12/><D12/><U6/><E124/><V66/><F125/><W17/><G121/><T119/><D119/><U101/><E133/><V44/><F76/><AGARI ba="0,1" hai="0,4,9,13,16,21,25,27,52,54,55,75,76,81" machi="76" ten="40,5200,0" yaku="1,1,54,2,53,0" doraHai="110" doraHaiUra="94" who="0" fromWho="2" sc="304,62,173,0,250,-52,263,0" /><INIT seed="3,0,0,3,5,36" ten="366,173,198,263" oya="3" hai0="67,128,79,105,35,18,103,104,57,68,50,106,84" hai1="75,129,60,96,66,10,111,40,1,5,110,92,93" hai2="59,95,85,27,87,32,120,26,91,125,80,8,51" hai3="53,29,108,119,49,55,71,13,78,73,63,28,112"/><W15/><G112/><T48/><D68/><U90/><E75/><V52/><F125/><W56/><G119/><T43/><D128/><U132/><E129/><V4/><F32/><W19/><G108/><T116/><D116/><U76/><E76/><V102/><F120/><W89/><G13/><T101/><D35/><U118/><E118/><V114/><F114/><W41/><G71/><T100/><D18/><U83/><E83/><V0/><REACH who="2" step="1"/><F102/><REACH who="2" ten="366,173,188,263" step="2"/><W54/><G73/><T30/><D101/><U39/><E132/><V130/><F130/><W11/><G78/><AGARI ba="0,1" hai="0,4,8,26,27,51,52,59,78,80,85,87,91,95" machi="78" ten="30,8000,1" yaku="1,1,7,1,54,1,53,2" doraHai="36" doraHaiUra="23" who="2" fromWho="3" sc="366,0,173,0,188,90,263,-80" /><INIT seed="4,0,0,1,3,5" ten="366,173,278,183" oya="0" hai0="32,101,19,6,108,109,57,117,121,28,4,98,12" hai1="115,134,132,74,0,38,23,112,7,125,92,99,17" hai2="114,24,69,51,37,41,78,15,18,65,128,31,124" hai3="9,8,118,86,119,50,13,64,48,77,116,104,131"/><T21/><D117/><U85/><E38/><V56/><F114/><N who="1" m="43561" /><E74/><V35/><F78/><W61/><G104/><T66/><D121/><U90/><E125/><V1/><F1/><W54/><G131/><T40/><D40/><U67/><E67/><V58/><F124/><W47/><G13/><T36/><D36/><U53/><E53/><V113/><F37/><W126/><G126/><T105/><D66/><U59/><E59/><V20/><F128/><W97/><G97/><T79/><D79/><U80/><E7/><V102/><F69/><W11/><G48/><T2/><D57/><U71/><E0/><V33/><F65/><W30/><G30/><T81/><D81/><U83/><E71/><V10/><F58/><W135/><G135/><N who="1" m="51754" /><E99/><V29/><F56/><W72/><G72/><T96/><D98/><U68/><E68/><V52/><F41/><W130/><G130/><T103/><D4/><U43/><E43/><V123/><F52/><W49/><G49/><T94/><D6/><U100/><E100/><V42/><F102/><W84/><G77/><T60/><D2/><U129/><E129/><V91/><F113/><W46/><G46/><T55/><D103/><U27/><AGARI ba="0,0" hai="17,23,27,80,83,85,90,92" m="51754,43561" machi="27" ten="30,4000,0" yaku="15,1,11,1,20,1" doraHai="5" who="1" fromWho="1" sc="366,-20,173,40,278,-10,183,-10" /><INIT seed="5,0,0,0,5,74" ten="346,213,268,173" oya="1" hai0="63,24,57,46,18,34,36,108,49,4,70,128,0" hai1="58,89,92,62,122,47,97,15,29,33,123,19,107" hai2="23,127,102,82,73,88,51,110,68,84,126,61,56" hai3="76,103,98,43,55,113,86,26,109,10,37,114,131"/><U53/><E107/><V17/><F110/><W69/><G109/><T66/><D108/><U133/><E133/><V3/><F3/><W94/><G131/><T67/><D128/><U112/><E112/><N who="3" m="43114" /><G69/><T7/><D0/><U13/><E13/><V22/><F68/><W124/><G124/><N who="2" m="47657" /><F102/><W35/><G10/><T91/><D91/><U81/><E47/><V44/><F17/><W1/><G1/><T75/><D75/><U71/><E71/><V14/><F14/><W101/><G55/><N who="0" m="31983" /><D66/><U11/><REACH who="1" step="1"/><E81/><REACH who="1" ten="346,203,268,173" step="2"/><V116/><F116/><W99/><G26/><AGARI ba="0,1" hai="11,15,19,26,29,33,53,58,62,89,92,97,122,123" machi="26" ten="40,3900,0" yaku="1,1,2,1,53,0" doraHai="74" doraHaiUra="106" who="1" fromWho="3" sc="346,0,203,49,268,0,173,-39" /><INIT seed="5,1,0,1,5,36" ten="346,252,268,134" oya="1" hai0="30,10,26,114,19,94,37,0,85,31,25,68,130" hai1="109,77,58,48,76,84,83,120,121,89,98,116,46" hai2="86,14,40,70,107,82,47,33,104,64,35,95,92" hai3="8,129,122,72,124,135,108,2,131,51,34,53,24"/><U9/><E116/><V71/><F14/><W49/><G108/><T60/><D68/><N who="2" m="26154" /><F64/><W80/><G122/><T5/><D60/><U7/><E109/><V38/><F86/><W134/><G2/><T69/><D69/><U6/><E58/><V75/><F92/><W29/><G8/><T127/><D37/><U12/><E7/><V39/><F95/><W21/><G34/><N who="2" m="12809" /><F38/><W88/><G72/><T103/><D85/><U115/><E115/><V93/><F93/><W61/><G61/><T23/><D94/><U44/><E98/><V110/><F110/><W66/><G66/><T1/><D114/><U4/><E4/><V119/><F119/><W105/><G105/><N who="2" m="40521" /><F82/><W117/><G117/><T96/><D96/><U126/><E121/><V65/><F65/><W101/><G101/><T55/><D103/><U42/><E120/><V78/><F78/><W73/><G51/><T106/><D106/><U67/><E67/><V118/><F118/><W100/><G100/><T27/><D5/><U132/><E77/><V16/><F16/><W57/><G88/><T128/><D19/><U50/><E89/><V15/><F15/><W125/><G80/><T18/><D18/><U102/><E102/><V91/><F91/><W17/><G17/><T74/><D25/><U97/><E97/><V79/><F79/><W41/><G41/><T112/><D26/><U59/><E83/><V99/><F99/><W28/><G28/><T133/><D27/><U20/><E42/><V81/><F81/><W13/><G13/><T54/><D30/><U3/><E12/><V22/><F75/><RYUUKYOKU ba="1,0" sc="346,-10,252,-10,268,30,134,-10" hai2="22,39,40,47" /><INIT seed="6,2,0,4,4,128" ten="336,242,298,124" oya="2" hai0="104,115,98,133,69,60,16,54,44,119,26,67,20" hai1="31,131,21,58,46,100,94,87,3,66,88,114,62" hai2="89,135,32,126,73,101,83,99,17,0,96,45,65" hai3="9,1,47,43,19,50,110,15,5,79,109,56,27"/><V18/><F32/><W90/><G79/><T24/><D115/><U118/><E118/><V41/><F126/><W75/><G75/><T121/><D121/><U12/><E3/><V55/><F65/><W63/><G90/><T85/><D119/><U124/><E124/><V77/><F55/><W80/><G80/><T42/><D85/><U10/><E114/><V39/><F135/><W14/><G1/><T78/><D78/><U122/><E122/><V106/><F89/><W130/><G27/><T120/><D133/><U134/><E134/><V76/><F76/><W129/><G129/><T95/><D104/><U68/><E68/><V70/><F70/><W22/><REACH who="3" step="1"/><G130/><REACH who="3" ten="336,242,298,114" step="2"/><T40/><D24/><U38/><E131/><V35/><F0/><W4/><G4/><T105/><D120/><U25/><E25/><V71/><F83/><W8/><G8/><T86/><D26/><U125/><E10/><V57/><F77/><W23/><G23/><T117/><D20/><U72/><E21/><V107/><F73/><W34/><G34/><T61/><D117/><U112/><E72/><V49/><F35/><W59/><G59/><T30/><D30/><U7/><E31/><V51/><F71/><W53/><AGARI ba="2,1" hai="5,9,14,15,19,22,43,47,50,53,56,63,109,110" machi="53" ten="20,2700,0" yaku="1,1,0,1,7,1,53,0" doraHai="128" doraHaiUra="116" who="3" fromWho="3" sc="336,-9,242,-9,298,-15,114,43" /><INIT seed="7,0,0,2,1,14" ten="327,233,283,157" oya="3" hai0="0,101,58,131,86,113,2,36,76,75,111,47,27" hai1="46,132,40,83,130,94,59,42,106,135,118,34,16" hai2="13,63,79,23,9,11,97,78,87,28,53,89,25" hai3="119,121,24,49,95,35,3,38,55,110,134,100,125"/><W81/><G121/><T115/><D111/><U62/><E106/><V133/><F133/><N who="1" m="51273" /><E34/><V116/><F116/><W117/><G134/><T8/><D58/><U57/><E118/><V88/><F9/><W92/><G38/><T67/><D86/><U112/><E112/><V114/><F114/><W18/><G3/><T74/><D101/><U108/><E108/><V32/><F32/><W52/><G110/><T104/><D27/><U20/><E59/><N who="2" m="35311" /><F97/><N who="3" m="59431" /><G125/><T85/><D104/><U5/><E5/><N who="2" m="3311" /><F89/><W107/><G35/><T29/><D113/><U70/><E70/><V102/><F102/><W105/><G107/><T72/><D115/><U21/><E83/><AGARI ba="0,0" hai="23,25,28,78,79,83,87,88" m="3311,35311" machi="83" ten="30,2000,0" yaku="8,1,54,1" doraHai="14" who="2" fromWho="1" sc="327,0,233,-20,283,20,157,0" owari="327,42.7,213,-18.7,303,10.3,157,-34.3" /></mjloggm>