<mjloggm ver="2.3"><GO type="169" lobby="0"/><UN n0="%44%61%72%6B%72%69%64%65" n1="%E3%83%8A%E3%82%AB%E3%81%AB%E3%81%97" n2="%E3%83%81%E3%83%88" n3="%E3%81%A8%E3%81%B3%E3%81%BE%E3%81%93" dan="16,16,16,18" rate="2189.01,2104.77,2095.42,2214.61" sx="M,M,M,M"/><TAIKYOKU oya="0"/><INIT seed="0,0,0,2,1,79" ten="250,250,250,250" oya="0" hai0="87,127,119,2,89,23,73,38,98,44,3,125,9" hai1="52,32,8,109,134,88,100,106,4,112,16,83,51" hai2="103,33,37,102,10,17,59,108,13,39,6,25,104" hai3="75,82,56,29,27,122,96,77,48,1,42,118,84"/><T91/><D73/><U46/><E32/><V64/><F108/><W99/><G118/><T28/><D119/><U19/><E109/><V65/><F33/><W22/><G1/><T49/><D38/><U117/><E117/><V133/><F133/><W31/><G122/><T26/><D98/><U14/><E134/><V21/><F104/><W74/><G74/><T78/><D78/><U57/><E112/><V34/><F64/><W92/><G75/><T20/><D20/><U61/><E100/><V124/><F124/><N who="0" m="47690" /><D9/><U114/><E106/><V110/><F110/><W67/><G31/><T5/><D5/><U47/><E114/><V113/><F113/><W76/><G76/><T66/><D66/><N who="1" m="39215" /><E47/><V111/><F111/><W12/><G67/><T54/><D91/><U105/><E105/><V41/><F39/><W45/><G56/><T15/><D15/><U60/><E60/><V24/><F34/><W101/><G96/><T97/><D97/><U0/><E0/><V129/><F25/><W63/><G63/><T81/><AGARI ba="0,0" hai="2,3,23,26,28,44,49,54,81,87,89" m="47690" machi="81" ten="30,3000,0" yaku="18,1,52,1" doraHai="79" who="0" fromWho="0" sc="250,30,250,-10,250,-10,250,-10" /><INIT seed="0,1,0,1,0,40" ten="280,240,240,240" oya="0" hai0="83,14,108,33,115,99,114,52,77,31,13,42,69" hai1="119,25,62,120,89,94,4,23,38,36,8,54,135" hai2="12,30,11,41,10,128,5,100,59,27,60,35,131" hai3="19,123,112,44,58,126,109,53,104,17,6,1,70"/><T118/><D69/><U132/><E119/><V63/><F100/><W16/><G112/><T87/><D118/><U21/><E120/><V20/><F41/><W56/><G104/><T73/><D42/><U102/><E102/><V50/><F50/><W45/><G70/><T82/><D99/><U46/><E62/><V39/><F39/><W105/><G105/><T72/><D108/><U32/><E32/><V75/><F75/><W15/><G1/><T93/><D93/><U66/><E66/><V51/><F51/><N who="3" m="30783" /><G109/><T91/><D72/><U24/><E54/><V92/><F92/><W65/><G126/><T98/><D98/><U76/><E76/><V61/><F59/><W88/><G88/><T90/><D90/><U71/><E71/><V107/><F107/><W34/><G34/><T110/><D110/><U127/><E89/><V86/><F86/><W29/><G29/><T121/><D121/><U43/><E94/><V47/><F11/><N who="3" m="4599" /><G123/><T18/><D14/><N who="1" m="5383" /><E127/><V74/><F74/><W106/><G106/><T67/><D67/><U129/><E38/><V57/><F35/><W96/><G96/><T28/><D33/><U81/><E81/><V55/><F60/><AGARI ba="1,0" hai="16,17,19,44,45,58,60,65" m="4599,30783" machi="60" ten="30,7700,0" yaku="8,1,52,2,54,1" doraHai="40" who="3" fromWho="2" sc="280,0,240,0,240,-80,240,80" /><INIT seed="1,0,0,5,0,57" ten="280,240,160,320" oya="1" hai0="13,41,108,36,51,45,2,115,11,123,73,12,30" hai1="75,17,72,42,113,59,55,43,131,8,88,101,128" hai2="133,100,87,0,120,105,3,82,124,5,18,47,94" hai3="22,56,93,67,85,78,34,109,60,127,79,64,39"/><U95/><E113/><V80/><F120/><W97/><G34/><T106/><D115/><U116/><E101/><V68/><F68/><W58/><G39/><T14/><D106/><U99/><E116/><V118/><F118/><W10/><G109/><T52/><D108/><U129/><E8/><V24/><F105/><W63/><G127/><T91/><D73/><N who="1" m="28235" /><E17/><V7/><F124/><W21/><G10/><T40/><D123/><U48/><AGARI ba="0,0" hai="42,43,48,55,59,88,95,99,128,129,131" m="28235" machi="48" ten="40,3900,0" yaku="19,1,54,1" doraHai="57" who="1" fromWho="1" sc="280,-13,240,39,160,-13,320,-13" /><INIT seed="1,1,0,4,2,54" ten="267,279,147,307" oya="1" hai0="60,62,135,70,108,100,10,120,63,92,83,41,119" hai1="5,48,40,99,105,23,7,130,103,0,109,76,114" hai2="75,28,17,85,52,22,117,89,86,15,43,59,80" hai3="61,32,27,31,134,133,8,67,102,115,71,106,39"/><U29/><E114/><V74/><F117/><W35/><G35/><T65/><D119/><U104/><E130/><V84/><F43/><W33/><G33/><T18/><D120/><U64/><E104/><V42/><F42/><W132/><G8/><T21/><D135/><U56/><E76/><V111/><F111/><W69/><G115/><T13/><D108/><U90/><E0/><V47/><F47/><W118/><G118/><T12/><D41/><U46/><E109/><V50/><F84/><W97/><REACH who="3" step="1"/><G69/><REACH who="3" ten="267,279,147,297" step="2"/><T57/><D70/><U45/><E45/><V129/><F129/><W101/><G101/><T81/><D81/><U107/><E107/><V94/><REACH who="2" step="1"/><F28/><REACH who="2" ten="267,279,137,297" step="2"/><W49/><G49/><T16/><D83/><U1/><E29/><V110/><F110/><W131/><G131/><T82/><D82/><U24/><E48/><V77/><AGARI ba="1,2" hai="15,17,22,50,52,59,74,75,77,80,85,86,89,94" machi="77" ten="20,12000,2" yaku="1,1,0,1,7,1,25,2,52,1,54,1,53,0" doraHai="54" doraHaiUra="6" who="2" fromWho="2" sc="267,-31,279,-61,137,143,297,-31" /><INIT seed="2,0,0,5,4,133" ten="236,218,280,266" oya="2" hai0="111,24,134,23,5,85,20,74,44,77,118,80,105" hai1="42,116,86,39,113,27,101,38,14,100,91,60,127" hai2="76,110,2,104,117,13,83,82,6,93,8,28,11" hai3="61,57,0,89,79,68,52,29,59,22,19,98,47"/><V54/><F104/><W17/><G0/><T34/><D105/><U30/><E113/><V129/><F117/><W78/><G68/><T131/><D118/><U21/><E116/><V66/><F66/><W35/><G35/><T115/><D115/><U64/><E127/><V58/><F129/><W132/><G132/><T31/><D131/><U94/><E42/><V72/><F110/><W84/><G47/><T55/><D111/><U119/><E119/><V128/><F128/><W33/><G33/><T90/><D134/><U63/><E63/><V75/><F28/><W62/><G98/><T67/><D67/><U122/><E122/><V88/><F82/><W99/><G99/><T70/><D5/><U81/><E14/><V97/><F75/><W41/><G41/><T103/><D103/><U18/><E18/><V45/><F45/><W12/><G19/><T36/><D70/><U7/><E7/><V4/><F58/><W9/><G9/><T114/><D114/><U87/><E101/><V125/><REACH who="2" step="1"/><F54/><REACH who="2" ten="236,218,270,266" step="2"/><N who="3" m="33975" /><G29/><T102/><D55/><U37/><E81/><AGARI ba="0,1" hai="12,17,22,52,59,62,78,79,81,84,89" m="33975" machi="81" ten="30,2000,0" yaku="8,1,54,1" doraHai="133" who="3" fromWho="1" sc="236,0,218,-20,270,0,266,30" /><INIT seed="3,0,0,0,3,25" ten="236,198,270,296" oya="3" hai0="86,101,102,68,53,4,27,18,41,127,98,115,16" hai1="108,94,117,49,69,42,100,70,134,121,50,62,57" hai2="131,38,132,24,54,113,26,9,87,47,135,124,46" hai3="82,75,106,88,21,78,56,8,0,67,93,77,71"/><W99/><G71/><N who="1" m="27146" /><E94/><V15/><F113/><W64/><G77/><T6/><D68/><U51/><E100/><V48/><F131/><W61/><G106/><T123/><D115/><U110/><E121/><V33/><F124/><W14/><G0/><T12/><D127/><U2/><E2/><V89/><F46/><W29/><G21/><T1/><D123/><U19/><E19/><V76/><F38/><W44/><G44/><T92/><D1/><U125/><E125/><V63/><F63/><W114/><G114/><T126/><D102/><U96/><E96/><V112/><F76/><W120/><G120/><T129/><D129/><U109/><E134/><N who="2" m="51243" /><F33/><W103/><G29/><T80/><D41/><U90/><E90/><V3/><F3/><W17/><REACH who="3" step="1"/><G103/><REACH who="3" ten="236,198,270,286" step="2"/><T128/><D126/><U31/><E31/><V35/><F35/><W74/><G74/><T133/><D128/><U10/><E10/><V122/><F122/><W36/><G36/><T45/><D133/><U95/><E117/><V73/><F73/><W22/><G22/><T107/><D107/><U81/><E95/><N who="2" m="54719" /><F112/><W58/><G58/><T37/><D37/><U13/><E81/><V85/><F85/><W23/><G23/><T11/><D80/><U119/><E119/><V97/><F97/><W5/><G5/><AGARI ba="0,1" hai="5,9,15,24,26,47,48,54" m="54719,51243" machi="5" ten="30,1000,0" yaku="20,1" doraHai="25" who="2" fromWho="3" sc="236,0,198,0,270,20,286,-10" /><INIT seed="4,0,0,1,4,90" ten="236,198,290,276" oya="0" hai0="78,79,56,18,35,13,132,47,27,23,122,82,55" hai1="114,115,73,40,86,9,84,104,2,81,62,110,72" hai2="14,15,64,4,97,38,93,11,39,134,22,109,29" hai3="126,96,120,5,30,31,91,111,28,108,45,6,19"/><T105/><D105/><U95/><E40/><V57/><F109/><W66/><G126/><T76/><D122/><U133/><E110/><V42/><F134/><W48/><G120/><T20/><D132/><U67/><E104/><V33/><F33/><W26/><G66/><T130/><D35/><U60/><E133/><V12/><F39/><W89/><G111/><T59/><D130/><U119/><E119/><V112/><F112/><N who="1" m="43049" /><E2/><V129/><F129/><W8/><G91/><T0/><D0/><U68/><E9/><V3/><F42/><W88/><G89/><T21/><D82/><U85/><E81/><V52/><F64/><W131/><G131/><T94/><D94/><U100/><E62/><N who="2" m="36135" /><F38/><W103/><G103/><T124/><D124/><U102/><E102/><N who="2" m="60719" /><F3/><W135/><G135/><T125/><D125/><U106/><E106/><V92/><F92/><N who="3" m="56327" /><G108/><T25/><D47/><U74/><E74/><V116/><F116/><W49/><G8/><T43/><D43/><U46/><E46/><V53/><F53/><N who="3" m="29839" /><G49/><N who="0" m="30831" /><D59/><U121/><E121/><V1/><F1/><W41/><G41/><T7/><D7/><U113/><N who="1" m="43057" /><U128/><DORA hai="24" /><E128/><V51/><F51/><W50/><G50/><T80/><D80/><U54/><E54/><V118/><F118/><W61/><G61/><T69/><D69/><U65/><E65/><V36/><F36/><W117/><G117/><T123/><D123/><U16/><E73/><V87/><F87/><W77/><G6/><T63/><D63/><U70/><E72/><V98/><F98/><W44/><G5/><T101/><D101/><RYUUKYOKU ba="0,0" sc="236,15,198,-15,290,15,276,-15" hai0="13,18,20,21,23,25,27,76,78,79" hai2="4,11,12,14,15,22,29" /><INIT seed="4,1,0,3,0,87" ten="251,183,305,261" oya="0" hai0="56,2,15,100,26,24,28,89,61,117,52,7,42" hai1="135,88,3,35,131,127,111,27,79,10,39,103,102" hai2="54,47,95,64,34,23,37,107,122,5,120,96,51" hai3="59,66,80,44,91,109,46,55,41,81,82,57,58"/><T85/><D2/><U65/><E111/><V18/><F107/><W108/><G66/><T12/><D117/><U113/><E39/><V132/><F132/><W94/><G55/><T106/><D42/><U49/><E79/><V9/><F34/><W104/><G104/><T134/><D134/><U8/><E135/><V63/><F37/><W40/><G108/><T124/><D124/><U101/><E127/><V133/><F133/><W31/><G31/><T4/><D100/><U115/><E3/><V53/><F53/><W16/><G16/><T50/><D106/><U128/><E65/><V126/><F126/><W84/><REACH who="3" step="1"/><G109/><REACH who="3" ten="251,183,305,251" step="2"/><T98/><D61/><U43/><E27/><N who="0" m="10281" /><D28/><U1/><E35/><V70/><F18/><W112/><G112/><N who="1" m="43082" /><E8/><V97/><F23/><W105/><G105/><T114/><D114/><U116/><E10/><V32/><F32/><W86/><G86/><T110/><D110/><U75/><E75/><V13/><REACH who="2" step="1"/><F96/><REACH who="2" ten="251,183,295,251" step="2"/><W74/><G74/><T119/><D98/><U92/><E116/><V48/><F48/><W125/><G125/><T72/><D72/><U76/><E49/><V0/><F0/><W90/><G90/><AGARI ba="1,2" hai="5,9,13,47,51,54,63,64,70,90,95,97,120,122" machi="90" ten="30,7700,0" yaku="1,1,7,1,52,1,53,1" doraHai="87" doraHaiUra="45" who="2" fromWho="3" sc="251,0,183,0,295,100,251,-80" /><INIT seed="5,0,0,1,3,67" ten="251,183,395,171" oya="1" hai0="120,74,103,98,10,63,18,61,52,34,134,124,15" hai1="101,70,60,91,112,8,12,27,106,29,19,127,95" hai2="43,23,35,90,54,121,64,17,6,48,81,66,96" hai3="102,2,119,62,109,122,135,39,79,37,131,128,85"/><U58/><E112/><V46/><F121/><W113/><G2/><T80/><D34/><U5/><E127/><V57/><F35/><W36/><G122/><T22/><D124/><U42/><E42/><V44/><F6/><W92/><G109/><T111/><D111/><U49/><E49/><V32/><F32/><W87/><G113/><T88/><D120/><U97/><E5/><V114/><F114/><W51/><G135/><T25/><D134/><U108/><E108/><V56/><F56/><W33/><G33/><T107/><D74/><U16/><E19/><V28/><F28/><W7/><G7/><T105/><D105/><U13/><E13/><V1/><F44/><W26/><G26/><T14/><D14/><U47/><E47/><V99/><F99/><N who="3" m="59751" /><G51/><T82/><D82/><U53/><E70/><V9/><F9/><W41/><G41/><T4/><D52/><U31/><REACH who="1" step="1"/><E27/><REACH who="1" ten="251,173,395,171" step="2"/><N who="2" m="14831" /><F1/><W110/><G110/><T65/><D61/><U24/><E24/><V20/><F43/><W77/><G62/><T78/><D25/><U73/><E73/><V76/><F46/><W93/><G119/><T123/><D123/><U75/><E75/><V72/><F20/><W129/><G85/><AGARI ba="0,1" hai="8,12,16,29,31,53,58,60,85,91,95,97,101,106" machi="85" ten="30,5800,0" yaku="1,1,7,1,54,1,53,0" doraHai="67" doraHaiUra="118" who="1" fromWho="3" sc="251,0,173,68,395,0,171,-58" /><INIT seed="5,1,0,3,2,70" ten="251,241,395,113" oya="1" hai0="117,38,44,134,69,24,104,28,131,0,34,48,47" hai1="92,63,53,95,65,4,51,8,129,33,11,119,75" hai2="124,36,118,54,12,57,60,15,110,107,23,126,127" hai3="116,49,72,40,100,9,29,73,56,85,1,46,78"/><U42/><E119/><V111/><F118/><W97/><G116/><T114/><RYUUKYOKU type="yao9" ba="1,0" sc="251,0,241,0,395,0,113,0" hai0="0,24,28,34,38,44,47,48,69,104,114,117,131,134" /><INIT seed="5,2,0,5,0,120" ten="251,241,395,113" oya="1" hai0="48,11,54,19,23,57,71,43,40,4,95,103,123" hai1="105,116,49,0,37,115,91,130,86,2,42,18,60" hai2="46,109,22,61,1,118,29,70,64,100,80,77,52" hai3="88,74,126,58,32,73,93,128,121,90,131,89,27"/><U56/><E116/><V85/><F118/><W101/><G58/><T47/><D71/><U78/><E105/><V124/><F1/><W66/><G66/><T132/><D123/><U45/><E115/><V15/><F124/><W3/><G3/><T34/><D34/><U12/><E130/><N who="3" m="49706" /><G32/><T62/><D132/><U59/><E37/><V122/><F122/><W133/><G27/><T10/><D4/><U26/><E78/><V98/><F46/><W112/><G121/><T117/><D40/><U107/><E107/><V24/><F52/><W82/><G112/><T6/><D6/><U87/><E87/><V65/><F15/><W113/><G113/><T129/><D129/><U53/><E59/><V135/><F64/><W8/><G8/><T33/><D33/><U104/><E104/><V92/><REACH who="2" step="1"/><F135/><REACH who="2" ten="251,241,385,113" step="2"/><W25/><G133/><T55/><D55/><U119/><E119/><V67/><F67/><W102/><G25/><T108/><D117/><U39/><E26/><V84/><F84/><N who="3" m="50199" /><G126/><T13/><D47/><U31/><E2/><V20/><F20/><W125/><G125/><T111/><D23/><N who="1" m="11719" /><E0/><V21/><F21/><W63/><G63/><T17/><D62/><U81/><E39/><V79/><F79/><W41/><G41/><T69/><D43/><U35/><E35/><V38/><F38/><W110/><G74/><T106/><D54/><U44/><E44/><V9/><F9/><W16/><G73/><T7/><D7/><U30/><AGARI ba="2,1" hai="30,31,42,45,49,53,56,60,81,86,91" m="11719" machi="30" ten="30,1500,0" yaku="8,1" doraHai="120" who="1" fromWho="1" sc="251,-7,241,31,385,-7,113,-7" /><INIT seed="5,3,0,2,4,24" ten="244,272,378,106" oya="1" hai0="123,130,8,109,37,34,88,120,13,103,22,15,62" hai1="71,75,35,84,66,10,80,111,99,79,114,83,100" hai2="2,42,11,133,129,90,6,116,118,135,96,52,53" hai3="7,134,1,104,94,126,28,110,93,9,12,65,32"/><U89/><E35/><V122/><F122/><W55/><G110/><T21/><D109/><U58/><E111/><V48/><F129/><W105/><G126/><T115/><D37/><U117/><E71/><V95/><F42/><W92/><G134/><N who="2" m="51209" /><F53/><W97/><G65/><T87/><D103/><U73/><E10/><V102/><F102/><W3/><G55/><T5/><D62/><U69/><E69/><V125/><F125/><W33/><G33/><T59/><D59/><AGARI ba="3,0" hai="2,6,11,48,52,59,90,95,96,116,118" m="51209" machi="59" ten="30,2000,0" yaku="20,1,54,1" doraHai="24" who="2" fromWho="0" sc="244,-29,272,0,378,29,106,0" /><INIT seed="6,0,0,0,1,101" ten="215,272,407,106" oya="2" hai0="115,42,47,32,121,88,23,39,48,130,56,122,73" hai1="69,97,29,21,55,129,64,104,12,53,16,86,125" hai2="45,111,87,134,50,27,19,106,117,71,99,40,8" hai3="67,80,36,85,83,110,92,17,6,112,76,103,4"/><V109/><F117/><W114/><G67/><T102/><D32/><U68/><E129/><V131/><F131/><W46/><G17/><T54/><D73/><U96/><E125/><V14/><F71/><W7/><G110/><T74/><D74/><U82/><E96/><V26/><F134/><W2/><G2/><T75/><D75/><U128/><E128/><V5/><F87/><W116/><G116/><T59/><D102/><U108/><E108/><N who="2" m="41547" /><F5/><W61/><G61/><T44/><D130/><U119/><E29/><V127/><F127/><W28/><G28/><T90/><D115/><U93/><E69/><V60/><F60/><W22/><G22/><T34/><D23/><U1/><E1/><V123/><F123/><W35/><G35/><T52/><D34/><U31/><E31/><V81/><F81/><W105/><G92/><T135/><D135/><U72/><E72/><V24/><F99/><W51/><G80/><T126/><D126/><U38/><E82/><V30/><F30/><W66/><G66/><T124/><D124/><U37/><E64/><V100/><F100/><W91/><G91/><T41/><D48/><U94/><E86/><V25/><F25/><W15/><G15/><T11/><D11/><U0/><E0/><V78/><F78/><W18/><G18/><T10/><D10/><U77/><E77/><V132/><F132/><W118/><G118/><T3/><D3/><U98/><E68/><V62/><F62/><W89/><G76/><T49/><D49/><U65/><E119/><V9/><F9/><W63/><G51/><T120/><D120/><RYUUKYOKU ba="0,0" sc="215,15,272,-15,407,15,106,-15" hai0="39,41,42,44,47,52,54,56,59,88,90,121,122" hai2="8,14,19,24,26,27,40,45,50,106" /><INIT seed="6,1,0,3,5,102" ten="230,257,422,91" oya="2" hai0="101,50,33,13,119,17,0,56,1,86,61,47,126" hai1="51,129,60,134,122,99,73,104,113,65,36,77,110" hai2="48,39,114,67,18,15,29,68,46,128,16,84,111" hai3="59,2,64,19,35,90,49,80,85,127,103,26,131"/><V106/><F39/><W91/><G127/><T43/><D33/><U21/><E110/><V132/><F106/><W79/><G131/><T115/><D126/><U34/><E129/><V70/><F128/><W52/><G2/><T23/><D119/><U6/><E34/><V14/><F84/><W87/><G103/><T135/><D135/><U42/><E113/><V5/><F5/><W31/><G64/><T121/><D115/><U97/><E134/><V7/><F7/><W12/><REACH who="3" step="1"/><G85/><REACH who="3" ten="230,257,422,81" step="2"/><T74/><D101/><U89/><E73/><V10/><F67/><W20/><AGARI ba="1,1" hai="12,19,20,26,31,35,49,52,59,79,80,87,90,91" machi="20" ten="20,8000,1" yaku="1,1,2,1,0,1,7,1,54,1,53,0" doraHai="102" doraHaiUra="133" who="3" fromWho="3" sc="230,-21,257,-21,422,-41,81,93" /><INIT seed="7,0,0,3,5,111" ten="209,236,381,174" oya="3" hai0="81,112,47,133,30,73,61,128,72,25,8,34,35" hai1="45,89,99,29,37,104,119,114,97,118,71,53,15" hai2="100,84,69,102,14,56,103,108,105,51,36,92,124" hai3="60,70,113,134,17,109,129,3,38,86,59,2,96"/><W68/><G38/><T44/><D35/><U49/><E114/><V39/><F108/><W126/><G109/><T43/><D128/><U58/><E71/><V28/><F105/><W48/><G129/><T110/><D110/><U91/><E29/><V95/><F69/><W31/><G68/><T88/><D133/><U77/><E77/><V94/><F124/><W5/><G134/><T75/><D61/><U78/><E78/><V106/><F106/><W6/><G70/><T4/><D112/><U40/><E15/><V64/><F28/><W85/><G113/><T65/><D65/><U130/><E130/><V9/><F84/><W27/><G48/><T101/><D101/><N who="1" m="62511" /><E99/><V20/><F20/><N who="3" m="15847" /><G3/><T122/><D122/><U32/><E32/><V98/><F98/><W19/><G96/><T117/><D117/><AGARI ba="0,0" hai="37,40,45,49,53,58,89,91,117,118,119" m="62511" machi="117" ten="30,1000,0" yaku="12,1" doraHai="111" who="1" fromWho="0" sc="209,-10,236,10,381,0,174,0" owari="199,-20.1,246,4.6,381,48.1,174,-32.6" /></mjloggm>