<mjloggm ver="2.3"><GO type="169" lobby="0"/><UN n0="%E3%81%A8%E3%81%B3%E3%81%BE%E3%81%93" n1="%41%4C%50%45%52%49%4E" n2="%E7%99%BD%E3%81%AE%E7%A9%BA" n3="%52%65%64%62%75%6C%6C" dan="18,16,17,17" rate="2220.19,2113.95,2140.74,2206.52" sx="M,M,M,F"/><TAIKYOKU oya="0"/><INIT seed="0,0,0,3,5,44" ten="250,250,250,250" oya="0" hai0="117,110,70,65,7,41,102,134,6,34,123,80,2" hai1="135,69,11,131,29,101,57,116,126,59,71,125,9" hai2="45,96,55,68,98,100,38,23,10,56,73,31,103" hai3="81,108,118,1,62,60,3,105,58,20,18,37,93"/><T104/><D117/><U130/><E29/><V85/><F68/><N who="1" m="26185" /><E101/><V119/><F73/><W15/><G37/><T133/><D123/><U94/><E94/><V113/><F113/><W5/><G105/><T72/><D34/><U111/><E116/><V90/><F119/><W83/><G62/><N who="0" m="40247" /><D102/><U24/><E24/><V14/><F100/><W33/><G33/><T47/><D104/><U46/><E111/><V36/><F103/><W48/><G108/><T32/><D32/><U109/><E109/><V91/><F31/><W16/><G5/><T124/><D110/><U50/><E11/><V75/><F10/><W8/><G1/><T84/><D72/><U51/><E9/><V42/><F75/><W99/><G3/><T0/><D2/><U114/><E114/><V129/><F23/><W78/><G118/><T63/><D0/><U13/><E13/><V132/><F14/><W35/><G35/><T43/><D7/><U66/><E135/><N who="0" m="51721" /><D6/><U87/><E87/><V95/><F132/><W40/><G99/><T107/><D107/><U122/><E122/><V92/><F85/><W28/><G28/><T39/><D84/><U97/><E97/><V22/><F22/><W30/><G30/><T120/><D80/><U4/><E4/><V88/><F91/><W79/><G83/><T74/><D120/><U82/><E82/><V67/><F90/><W53/><G81/><T106/><D106/><U52/><E131/><V21/><F129/><W127/><G79/><T25/><D74/><U77/><E77/><V12/><F96/><W54/><G78/><T26/><D26/><RYUUKYOKU ba="0,0" sc="250,0,250,0,250,0,250,0" /><INIT seed="1,1,0,3,1,62" ten="250,250,250,250" oya="1" hai0="52,51,8,5,87,63,65,85,53,29,116,54,58" hai1="79,44,48,83,2,100,121,125,106,19,37,122,49" hai2="34,129,30,57,88,89,77,114,11,66,115,24,74" hai3="94,99,112,69,104,124,38,3,76,10,16,35,56"/><U47/><E2/><V86/><F129/><W109/><G69/><T98/><D116/><U7/><E7/><V36/><F36/><W0/><G35/><T22/><D98/><U43/><E125/><V82/><F11/><W17/><G38/><T105/><D105/><U31/><E31/><V32/><F32/><W25/><G104/><T40/><D40/><U108/><E108/><V119/><F119/><W55/><G112/><N who="2" m="43049" /><F74/><W33/><G76/><T18/><D29/><U59/><E59/><V127/><F127/><W135/><G135/><T126/><D51/><U26/><E37/><V20/><F34/><W132/><G132/><T9/><D126/><U120/><E100/><V71/><F71/><W42/><G109/><T28/><D28/><U72/><E106/><V101/><F101/><W81/><G33/><T67/><D67/><U46/><REACH who="1" step="1"/><E43/><REACH who="1" ten="250,240,250,250" step="2"/><V6/><F6/><W45/><G0/><T133/><D133/><U60/><E60/><AGARI ba="1,1" hai="20,24,30,57,60,66,77,82,86,88,89" m="43049" machi="60" ten="30,3900,0" yaku="11,1,52,1,54,1" doraHai="62" who="2" fromWho="1" sc="250,0,240,-42,250,52,250,0" /><INIT seed="2,0,0,1,5,59" ten="250,198,302,250" oya="2" hai0="96,58,56,102,47,93,46,124,60,88,77,78,40" hai1="12,43,31,81,90,68,131,85,10,79,32,108,82" hai2="91,67,17,33,16,21,45,9,11,8,63,94,110" hai3="73,51,86,23,132,112,20,5,92,6,129,135,61"/><V39/><F33/><W3/><G73/><T84/><D58/><U71/><E108/><V127/><F127/><W126/><G51/><T14/><D14/><U2/><E131/><V128/><F128/><W29/><G129/><T120/><D120/><U7/><E43/><V72/><F72/><W0/><G86/><T52/><D124/><U69/><E2/><N who="3" m="554" /><G92/><T70/><D70/><U107/><E107/><V24/><F110/><W49/><G49/><T111/><D111/><U80/><E32/><V97/><F17/><W48/><G48/><N who="0" m="26695" /><D47/><U89/><E31/><V113/><F113/><W25/><G126/><T53/><D53/><U15/><E15/><V115/><F115/><W87/><G87/><T65/><D65/><U4/><E4/><N who="3" m="1642" /><G61/><T42/><D42/><U100/><E100/><V38/><REACH who="2" step="1"/><F45/><REACH who="2" ten="250,198,292,250" step="2"/><W57/><G112/><T26/><D26/><U114/><E114/><V37/><F37/><W66/><G25/><T36/><D36/><U118/><E118/><V54/><F54/><W83/><G29/><T34/><D34/><U19/><E7/><V27/><F27/><W62/><G83/><AGARI ba="0,1" hai="52,56,60,77,78,83,84,88,93,96,102" m="26695" machi="83" ten="30,7700,0" yaku="8,1,52,1,54,2" doraHai="59" who="0" fromWho="3" sc="250,87,198,0,292,0,250,-77" /><INIT seed="3,0,0,4,2,133" ten="337,198,292,173" oya="3" hai0="94,19,21,108,65,95,121,61,1,99,55,101,117" hai1="127,92,118,54,11,122,130,59,110,75,17,78,27" hai2="40,24,20,104,50,84,86,9,106,85,105,8,10" hai3="113,124,125,73,79,88,81,13,36,46,5,80,134"/><W15/><G113/><T115/><D117/><U116/><E122/><V33/><F33/><W100/><G134/><T45/><D121/><U126/><E110/><V34/><F34/><W96/><G36/><T31/><D1/><U42/><E130/><V37/><F37/><W23/><G46/><T120/><D120/><U48/><E42/><V28/><F50/><W77/><G5/><T4/><D4/><U62/><E92/><V107/><N who="2" m="26624" /><DORA hai="90" /><V123/><F123/><W103/><G23/><T44/><D31/><U0/><E0/><V135/><F135/><W91/><G96/><N who="0" m="59543" /><D65/><U102/><E102/><V26/><F40/><W47/><G47/><T60/><D108/><U128/><E128/><V63/><F26/><W71/><G71/><T82/><D82/><N who="1" m="45407" /><E48/><V112/><REACH who="2" step="1"/><F63/><REACH who="2" ten="337,198,282,173" step="2"/><W132/><G132/><T29/><D60/><U6/><E27/><V70/><F70/><W58/><G58/><N who="0" m="35039" /><D115/><AGARI ba="0,1" hai="8,9,10,20,24,28,84,85,86,112,115" m="26624" machi="115" ten="80,8000,1" yaku="1,1,29,2,53,0" doraHai="133,90" doraHaiUra="2,12" who="2" fromWho="0" sc="337,-80,198,0,282,90,173,0" /><INIT seed="4,0,0,0,5,35" ten="257,198,372,173" oya="0" hai0="117,95,53,78,9,88,19,67,82,132,60,25,29" hai1="50,102,61,76,65,3,130,134,104,128,84,126,20" hai2="83,31,68,4,87,14,116,24,99,72,41,122,66" hai3="55,86,21,1,80,18,37,100,121,81,57,43,30"/><T97/><D132/><U93/><E126/><V6/><F122/><W58/><G121/><T0/><D53/><U12/><E134/><V11/><F72/><W79/><G37/><T42/><D42/><U38/><E38/><V51/><F116/><W109/><G109/><T13/><D0/><U44/><E104/><V85/><F4/><W62/><G43/><T22/><D117/><U7/><E76/><V74/><F99/><W69/><G69/><T103/><D78/><U63/><E63/><V64/><F74/><W32/><G32/><T92/><D82/><U10/><E20/><V40/><F85/><W124/><G30/><T119/><D119/><U111/><E12/><V46/><F41/><W129/><G129/><T96/><D60/><U48/><E111/><V70/><F70/><W33/><G33/><T45/><D45/><U49/><E44/><V107/><F107/><W114/><G114/><T101/><D67/><U98/><REACH who="1" step="1"/><E84/><REACH who="1" ten="257,188,372,173" step="2"/><V23/><F68/><AGARI ba="0,1" hai="3,7,10,48,49,50,61,65,68,93,98,102,128,130" machi="68" ten="40,8000,1" yaku="1,1,2,1,52,1,53,1" doraHai="35" doraHaiUra="94" who="1" fromWho="2" sc="257,0,188,90,372,-80,173,0" /><INIT seed="5,0,0,0,0,94" ten="257,278,292,173" oya="1" hai0="109,63,19,45,24,118,96,21,67,1,123,114,16" hai1="80,98,28,69,53,34,120,40,2,51,72,7,25" hai2="41,54,100,88,6,18,90,75,48,83,81,116,68" hai3="107,70,105,4,113,9,104,0,15,58,37,32,112"/><U102/><E120/><V99/><F116/><W124/><G58/><T27/><D109/><U135/><E69/><V55/><F68/><W111/><G111/><T87/><D118/><U26/><E135/><V131/><F131/><W3/><G70/><T66/><D1/><U50/><E2/><V12/><F6/><W121/><G121/><T133/><D133/><U56/><E7/><V49/><F41/><W64/><G64/><T59/><D114/><U43/><E26/><V14/><F75/><W30/><G124/><T132/><D132/><U128/><E128/><V108/><F108/><W76/><G3/><T5/><D5/><U57/><E80/><V95/><F81/><W117/><G117/><T62/><D87/><U84/><E84/><N who="2" m="50207" /><F100/><W86/><G86/><T126/><D126/><U91/><E91/><V110/><F110/><W106/><N who="3" m="26624" /><DORA hai="125" /><W11/><G76/><T103/><D45/><U119/><E72/><V101/><F101/><W29/><G37/><T127/><D123/><U85/><E85/><V97/><F97/><W39/><G39/><T46/><D46/><U10/><E119/><V52/><F14/><W17/><REACH who="3" step="1"/><G32/><REACH who="3" ten="257,278,292,163" step="2"/><T93/><D127/><U44/><E57/><V73/><F73/><W23/><G23/><AGARI ba="0,1" hai="12,18,23,48,49,52,54,55,90,95,99" m="50207" machi="23" ten="30,7700,0" yaku="8,1,52,1,54,2" doraHai="94,125" who="2" fromWho="3" sc="257,0,278,0,292,87,163,-77" /><INIT seed="6,0,0,0,4,100" ten="257,278,379,86" oya="2" hai0="115,6,24,112,26,51,120,104,117,22,92,90,98" hai1="122,76,41,83,75,33,1,124,42,121,89,84,50" hai2="10,96,71,99,131,36,48,107,30,62,45,17,128" hai3="95,35,44,4,38,70,5,2,43,88,11,86,82"/><V77/><F36/><W31/><G70/><T91/><D120/><U34/><E1/><V32/><F77/><W118/><G118/><T29/><D117/><U19/><E124/><V3/><F17/><W57/><G5/><T97/><D6/><U58/><E19/><V13/><F13/><W25/><REACH who="3" step="1"/><G57/><REACH who="3" ten="257,278,379,76" step="2"/><T66/><D115/><U28/><E58/><V54/><F71/><W111/><G111/><T78/><D112/><U130/><E122/><V53/><F131/><W12/><G12/><T102/><D26/><U47/><E130/><V18/><F128/><W81/><AGARI ba="0,1" hai="2,4,11,25,31,35,38,43,44,81,82,86,88,95" machi="81" ten="30,4000,0" yaku="1,1,0,1,54,1,53,0" doraHai="100" doraHaiUra="108" who="3" fromWho="3" sc="257,-10,278,-10,379,-20,76,50" /><INIT seed="7,0,0,0,5,56" ten="247,268,359,126" oya="3" hai0="132,55,60,8,104,115,63,34,25,31,16,54,27" hai1="95,45,96,66,117,98,118,121,32,102,51,38,22" hai2="89,113,107,37,52,20,79,123,110,70,57,103,18" hai3="106,46,3,125,94,30,76,64,127,131,87,93,100"/><W0/><G30/><T77/><D104/><U65/><E32/><V81/><F110/><W105/><G64/><T61/><D77/><U120/><E22/><V17/><F70/><W82/><G46/><T135/><D115/><U9/><E98/><V72/><F113/><W78/><G0/><T35/><D8/><U44/><E9/><V69/><F69/><W7/><G7/><T36/><D36/><U14/><E14/><V108/><F37/><W6/><G6/><T53/><D16/><U85/><E85/><V124/><F18/><W39/><G3/><T97/><D97/><U128/><E128/><V80/><F124/><N who="3" m="47691" /><G39/><T114/><D114/><U23/><E23/><V10/><F10/><W119/><G119/><N who="1" m="45578" /><E38/><V99/><F20/><W50/><G50/><T88/><D88/><U41/><E44/><V73/><F17/><W92/><G131/><T68/><D68/><U11/><E11/><V59/><F89/><N who="3" m="51447" /><G100/><T75/><D75/><U26/><E26/><V40/><F73/><W24/><G24/><T12/><D12/><U58/><E58/><V116/><F59/><W129/><G129/><T33/><D33/><U43/><E43/><V2/><F116/><W49/><G49/><T83/><D27/><U71/><E71/><V126/><F126/><W28/><G28/><T1/><D35/><U101/><E101/><V42/><F2/><W29/><G29/><T84/><D1/><U21/><E21/><V5/><F5/><W91/><G91/><T86/><D83/><U122/><AGARI ba="0,0" hai="41,45,51,65,66,95,96,102,120,121,122" m="45578" machi="122" ten="40,1500,0" yaku="12,1" doraHai="56" who="1" fromWho="1" sc="247,-4,268,15,359,-4,126,-7" owari="243,-15.7,283,8.3,355,45.5,119,-38.1" /></mjloggm>