<mjloggm ver="2.3"><GO type="169" lobby="0"/><UN n0="%E3%83%8A%E3%82%AB%E3%81%AB%E3%81%97" n1="%E5%BE%AE%E5%B7%AE%E3%81%AE%E4%BD%95%E5%88%87%E3%82%8B%EF%BC%9C%E9%81%8B" n2="%E3%83%A9%E3%82%B9%E3%82%8B%E3%81%8B%E3%81%AA" n3="%6B%6F%6D%6F%73%73" dan="16,16,17,16" rate="2115.59,2107.81,2191.65,2139.26" sx="M,M,M,F"/><TAIKYOKU oya="0"/><INIT seed="0,0,0,1,5,41" ten="250,250,250,250" oya="0" hai0="104,132,112,121,82,15,4,45,73,98,2,125,18" hai1="120,57,130,61,28,110,56,116,126,119,63,59,65" hai2="100,78,113,67,11,23,108,117,22,33,7,102,118" hai3="27,55,115,6,93,13,29,83,86,19,26,74,40"/><T53/><D112/><U84/><E84/><V38/><F33/><W122/><G115/><T69/><D69/><U64/><E28/><V88/><F38/><W24/><G122/><T37/><D121/><U89/><E89/><V124/><F113/><W12/><G74/><T111/><D132/><U94/><E94/><V131/><F78/><W10/><G93/><T48/><D125/><U8/><E8/><V76/><F76/><W68/><G68/><T30/><D111/><U134/><E120/><V49/><F67/><N who="1" m="25673" /><E110/><V42/><F108/><W128/><G128/><T3/><D30/><U62/><E130/><V99/><F131/><W17/><G29/><T54/><D37/><U70/><E70/><V5/><F124/><W87/><G87/><T129/><D129/><U14/><E14/><N who="2" m="5487" /><F7/><W85/><G86/><T66/><D66/><U106/><E106/><V79/><F79/><N who="3" m="46335" /><G6/><T50/><D82/><U34/><E34/><V77/><F77/><W109/><G109/><T0/><D73/><U123/><E123/><V96/><F96/><W44/><G13/><T90/><D4/><U95/><E95/><N who="2" m="56807" /><F118/><N who="1" m="45097" /><E126/><V60/><F117/><W47/><G12/><T51/><D90/><U16/><E16/><N who="3" m="6218" /><G10/><N who="0" m="6519" /><D98/><U127/><E127/><V39/><F39/><W80/><G80/><T114/><D104/><U43/><E43/><V31/><F31/><W1/><G1/><T72/><D72/><U75/><E75/><V92/><F92/><W20/><G40/><N who="0" m="24615" /><D114/><U21/><E134/><V133/><F133/><W36/><G36/><T103/><D103/><U35/><E35/><V32/><F32/><RYUUKYOKU ba="0,0" sc="250,15,250,15,250,-15,250,-15" hai0="0,2,3,50,51,53,54" hai1="21,56,57,59,61,62,63" /><INIT seed="0,1,0,3,5,33" ten="265,265,235,235" oya="0" hai0="55,39,132,41,96,122,16,78,124,72,91,103,135" hai1="68,19,47,70,130,80,62,5,59,92,58,15,61" hai2="77,74,129,60,38,45,134,127,128,10,3,107,69" hai3="28,17,23,71,110,121,43,50,87,84,108,67,2"/><T34/><D122/><U53/><E130/><N who="2" m="50283" /><F107/><W114/><G114/><T109/><D34/><U4/><E47/><V14/><F134/><N who="0" m="51242" /><D124/><U66/><E80/><N who="2" m="45111" /><F127/><W54/><G28/><T25/><D55/><U56/><E92/><V120/><F120/><W123/><G43/><T11/><D109/><N who="3" m="42089" /><G123/><T95/><D78/><U105/><E105/><V7/><F60/><N who="3" m="40423" /><G121/><T49/><D72/><U117/><E117/><V64/><F64/><W46/><G2/><T116/><D39/><U26/><E68/><V126/><F126/><W6/><G6/><T21/><D11/><U82/><E70/><V48/><F69/><W44/><G44/><N who="0" m="25743" /><D116/><U40/><E40/><N who="2" m="22679" /><F48/><W88/><G54/><T115/><D115/><U51/><E53/><V106/><F106/><W13/><G50/><T118/><D118/><U63/><E51/><V27/><F27/><W90/><G46/><T76/><D76/><U9/><E26/><V93/><F93/><W79/><G79/><T101/><AGARI ba="1,0" hai="16,21,25,91,95,96,101,103" m="25743,51242" machi="101" ten="30,3000,0" yaku="20,1,54,1" doraHai="33" who="0" fromWho="0" sc="265,33,265,-11,235,-11,235,-11" /><INIT seed="0,2,0,3,3,48" ten="298,254,224,224" oya="0" hai0="7,93,91,128,34,78,0,40,77,107,23,36,103" hai1="59,56,98,18,117,89,1,124,60,99,49,14,26" hai2="126,114,55,21,38,95,4,115,39,79,121,44,22" hai3="70,41,108,66,63,11,125,68,47,88,73,132,43"/><T80/><D34/><U54/><E124/><V32/><F32/><W90/><G73/><T13/><D128/><U28/><E117/><V6/><F121/><W16/><G108/><T120/><D120/><U8/><E1/><V109/><F79/><W127/><G132/><T35/><D35/><U2/><E2/><V12/><F109/><W135/><G135/><T71/><D71/><U25/><E89/><V20/><F126/><N who="3" m="48139" /><G70/><T9/><D107/><U76/><E76/><V30/><F30/><W62/><G62/><T101/><D13/><U19/><E19/><V57/><F95/><W105/><G105/><T100/><D23/><U94/><E28/><V29/><F29/><W75/><G75/><T81/><D80/><U119/><E119/><V27/><F27/><N who="1" m="10249" /><E94/><V85/><F114/><W86/><G43/><T51/><D36/><U10/><E8/><V37/><F115/><W67/><G67/><AGARI ba="2,0" hai="10,14,18,49,54,56,59,60,67,98,99" m="10249" machi="67" ten="30,2000,0" yaku="8,1,52,1" doraHai="48" who="1" fromWho="3" sc="298,0,254,26,224,0,224,-26" /><INIT seed="1,0,0,0,4,43" ten="298,280,224,198" oya="1" hai0="59,79,99,77,18,74,116,31,60,70,34,122,69" hai1="52,82,35,54,19,115,8,27,108,89,3,110,78" hai2="46,90,30,63,88,71,118,12,96,94,121,101,95" hai3="25,66,64,44,135,92,41,127,80,10,37,133,33"/><U98/><E115/><V106/><F118/><W109/><G109/><N who="1" m="42090" /><E89/><V39/><F121/><W45/><G127/><T23/><D116/><U112/><E98/><V58/><F71/><W73/><G92/><T131/><D131/><U17/><E112/><V22/><F106/><W119/><G119/><T61/><D74/><U4/><E35/><V50/><F39/><W87/><G73/><T97/><D34/><U102/><E102/><V5/><F5/><W20/><G10/><T53/><D122/><U6/><E6/><V14/><F30/><W113/><G33/><T84/><D31/><U126/><E126/><V75/><F75/><W72/><G72/><T81/><D79/><U114/><E114/><V38/><F38/><W68/><G113/><T2/><D2/><U51/><E27/><V85/><F101/><W28/><G45/><T111/><D111/><U49/><E49/><V55/><REACH who="2" step="1"/><F22/><REACH who="2" ten="298,280,214,198" step="2"/><W129/><G68/><T83/><D69/><U120/><E120/><V11/><F11/><W93/><G129/><T47/><D70/><U24/><E24/><V0/><F0/><W40/><G37/><T132/><D23/><U13/><E3/><V42/><AGARI ba="0,1" hai="12,14,42,46,50,55,58,63,85,88,90,94,95,96" machi="42" ten="20,12000,2" yaku="1,1,0,1,7,1,8,1,52,1,54,1,53,0" doraHai="43" doraHaiUra="67" who="2" fromWho="2" sc="298,-30,280,-60,214,130,198,-30" /><INIT seed="2,0,0,1,1,123" ten="268,220,344,168" oya="2" hai0="10,42,16,111,87,34,38,65,134,93,17,98,28" hai1="115,110,2,85,101,112,22,64,23,78,5,4,37" hai2="13,26,7,51,129,97,30,133,132,82,125,90,43" hai3="0,81,130,100,114,126,128,19,52,62,6,89,44"/><V79/><F125/><W108/><G126/><T35/><D134/><U83/><E64/><V49/><F129/><N who="3" m="49771" /><G100/><T127/><D127/><U96/><E37/><V41/><F90/><W36/><G114/><T39/><D65/><U66/><E66/><V9/><F97/><W54/><G62/><T31/><D87/><U48/><E48/><V76/><F51/><W24/><G6/><T72/><D10/><U124/><E124/><V95/><F95/><W21/><G0/><T25/><D72/><U32/><E32/><V70/><F70/><W135/><G135/><N who="2" m="51785" /><F49/><W107/><G107/><T29/><D42/><N who="2" m="15882" /><F82/><W40/><G108/><T12/><D111/><U105/><E110/><V74/><F74/><W18/><G18/><T53/><D93/><U69/><E69/><V50/><F50/><W3/><G3/><T57/><D98/><U8/><REACH who="1" step="1"/><E5/><REACH who="1" ten="268,210,344,168" step="2"/><V94/><F7/><W46/><G46/><T104/><D34/><U91/><E91/><V131/><F131/><W122/><G122/><T61/><D35/><U55/><E55/><V63/><F63/><W121/><G121/><T71/><D71/><U56/><E56/><V84/><F79/><W27/><G89/><T15/><D53/><N who="3" m="20585" /><G81/><T80/><D80/><U59/><E59/><V119/><F76/><W99/><G99/><T20/><D57/><U117/><E117/><V14/><F119/><W58/><G58/><T73/><D61/><U102/><E102/><V68/><F68/><W109/><G109/><T106/><D38/><U67/><E67/><V60/><F60/><W45/><G45/><T86/><D39/><RYUUKYOKU ba="0,1" sc="268,-15,210,15,344,-15,168,15" hai1="2,4,8,22,23,78,83,85,96,101,105,112,115" hai3="19,21,24,27,36,40,44" /><INIT seed="3,1,1,3,0,87" ten="253,225,329,183" oya="3" hai0="48,6,19,94,73,43,103,75,116,113,109,68,10" hai1="9,123,132,11,20,36,130,7,106,117,84,29,83" hai2="25,30,98,78,8,45,76,33,18,47,112,23,120" hai3="97,28,63,16,80,35,93,31,0,56,115,99,86"/><W5/><G115/><T49/><D116/><U129/><E123/><V77/><F112/><W22/><G5/><T41/><D113/><U64/><E106/><V27/><F120/><W15/><G0/><T65/><D109/><U101/><E117/><V105/><REACH who="2" step="1"/><F8/><REACH who="2" ten="253,225,319,183" step="2"/><W26/><G31/><T50/><D10/><U102/><E29/><V88/><F88/><W59/><G93/><T125/><D94/><U60/><E11/><V95/><F95/><W52/><REACH who="3" step="1"/><G59/><REACH who="3" ten="253,225,319,173" step="2"/><T40/><D68/><U79/><E7/><V81/><F81/><W46/><G46/><T82/><D82/><U134/><E83/><V121/><F121/><W55/><G55/><T14/><D6/><U4/><E4/><V72/><F72/><W100/><G100/><AGARI ba="1,3" hai="18,23,25,27,30,33,45,47,76,77,78,98,100,105" machi="100" ten="40,1300,0" yaku="1,1,53,0" doraHai="87" doraHaiUra="58" who="2" fromWho="3" sc="253,0,225,0,319,46,173,-16" /><INIT seed="4,0,0,1,3,113" ten="253,225,365,157" oya="0" hai0="46,96,133,22,78,1,126,40,111,36,115,84,51" hai1="9,60,37,86,99,75,6,64,81,124,70,48,114" hai2="130,97,23,106,41,100,50,19,21,98,27,89,57" hai3="30,80,82,92,102,43,24,17,67,7,95,32,47"/><T79/><D115/><U128/><E37/><V68/><F68/><W58/><G7/><T72/><D1/><U12/><E128/><V88/><F130/><W85/><G17/><T120/><D120/><U73/><E124/><V56/><F98/><W94/><G102/><T119/><D126/><U38/><E38/><V76/><F76/><W39/><REACH who="3" step="1"/><G85/><REACH who="3" ten="253,225,365,147" step="2"/><T11/><D84/><U77/><E114/><V29/><F19/><W59/><G59/><T4/><D4/><U33/><E99/><V104/><F56/><W69/><G69/><T122/><D96/><U107/><E107/><V87/><F57/><W5/><G5/><T45/><D45/><U53/><E33/><V0/><F100/><W127/><G127/><T90/><D46/><AGARI ba="0,1" hai="6,9,12,46,48,53,60,64,70,73,75,77,81,86" machi="46" ten="30,1000,0" yaku="7,1" doraHai="113" who="1" fromWho="0" sc="253,-10,225,20,365,0,147,0" /><INIT seed="5,0,0,4,2,54" ten="243,245,365,147" oya="1" hai0="69,84,22,129,73,26,131,124,9,18,102,10,71" hai1="114,126,135,132,133,85,113,45,109,63,0,75,120" hai2="72,130,56,31,47,81,68,105,99,88,28,106,25" hai3="32,98,53,49,29,11,119,21,93,103,39,79,104"/><U128/><E0/><V40/><F68/><N who="0" m="26186" /><D73/><U59/><E75/><V76/><F130/><N who="0" m="49674" /><D124/><U121/><E128/><V108/><F108/><W80/><G119/><T134/><D134/><U52/><E109/><V117/><F117/><W82/><G39/><T91/><D102/><U46/><E85/><V55/><F31/><W61/><G32/><T7/><D7/><U64/><E126/><V35/><F99/><W20/><G104/><T115/><D115/><N who="1" m="44043" /><E64/><V90/><F105/><W41/><G11/><T100/><D100/><U118/><E118/><V70/><F106/><W86/><G80/><AGARI ba="0,0" hai="9,10,18,22,26,80,84,91" m="49674,26186" machi="80" ten="30,1000,0" yaku="19,1" doraHai="54" who="0" fromWho="3" sc="243,10,245,0,365,0,147,-10" /><INIT seed="6,0,0,0,4,72" ten="253,245,365,137" oya="2" hai0="24,11,106,122,125,33,65,120,14,15,77,28,37" hai1="88,119,134,76,92,132,126,53,101,13,47,2,6" hai2="51,91,52,5,78,19,50,57,129,87,104,84,82" hai3="135,12,108,98,69,75,105,80,34,89,59,61,123"/><V124/><F104/><W112/><G34/><T99/><D37/><U45/><E119/><V102/><F102/><W54/><G108/><T107/><D125/><U30/><E2/><V16/><F129/><W31/><G123/><T9/><D65/><U58/><E101/><V29/><F124/><W10/><G135/><N who="1" m="51754" /><E30/><V17/><F29/><W32/><G112/><T117/><D117/><U131/><E131/><V62/><F5/><W83/><G69/><T64/><D64/><U100/><E100/><V35/><F35/><W43/><G43/><T93/><D77/><U63/><E76/><V55/><F55/><W130/><G105/><T60/><D60/><U21/><E126/><V41/><F41/><W109/><G109/><T110/><D110/><U68/><E68/><V39/><F39/><W40/><G40/><T26/><D28/><U96/><E6/><V27/><F27/><W38/><G38/><T25/><D25/><U73/><E73/><V0/><F0/><W20/><G32/><T133/><D33/><U114/><E114/><V18/><F18/><AGARI ba="0,0" hai="13,18,21,45,47,53,58,63,88,92,96" m="51754" machi="18" ten="30,2000,0" yaku="20,1,54,1" doraHai="72" who="1" fromWho="2" sc="253,0,245,20,365,-20,137,0" /><INIT seed="7,0,0,0,1,121" ten="253,265,345,137" oya="3" hai0="7,127,18,39,22,91,8,123,19,76,104,101,20" hai1="79,54,68,21,85,73,69,0,14,17,62,66,64" hai2="132,105,53,58,10,4,37,117,29,50,113,116,81" hai3="90,134,1,125,95,6,3,131,87,108,15,77,47"/><W27/><G125/><T75/><D123/><U93/><E0/><V106/><F37/><W94/><G131/><T78/><D127/><U52/><E73/><V70/><F70/><W97/><G134/><T48/><D39/><U65/><E65/><V63/><F132/><W67/><G67/><T45/><D75/><U9/><E21/><V44/><F113/><W32/><G77/><T49/><D101/><U115/><E115/><V31/><F106/><W112/><G112/><T11/><D104/><U122/><E122/><V30/><F105/><W86/><G47/><T13/><D91/><U128/><E128/><V133/><F81/><W5/><G108/><T88/><D88/><U100/><E85/><V56/><F56/><W28/><G87/><T25/><D49/><U59/><E79/><N who="0" m="30249" /><D7/><U2/><E2/><V16/><F133/><W26/><G26/><T55/><AGARI ba="0,0" hai="8,11,13,18,19,20,22,25,45,48,55" m="30249" machi="55" ten="30,1100,0" yaku="8,1" doraHai="121" who="0" fromWho="0" sc="253,11,265,-3,345,-3,137,-5" owari="264,6.4,262,-13.8,342,44.2,132,-36.8" /></mjloggm>