<mjloggm ver="2.3"><GO type="169" lobby="0"/><UN n0="%E5%B8%B0%E3%82%8A%E3%81%9F%E3%81%84%E3%80%82" n1="%53%4F%49%43%48%49" n2="%6D%61%6A%75%6E%69%61" n3="%73%6F%61%6F" dan="17,16,17,16" rate="2201.57,2083.96,2193.72,2141.97" sx="M,M,M,M"/><TAIKYOKU oya="0"/><INIT seed="0,0,0,1,5,89" ten="250,250,250,250" oya="0" hai0="38,25,122,110,12,114,106,45,23,50,76,39,72" hai1="11,63,111,48,64,98,123,34,53,109,62,32,21" hai2="91,80,120,116,37,18,20,124,5,0,59,73,44" hai3="92,10,1,133,132,71,42,54,90,57,70,108,51"/><T126/><D114/><U8/><E123/><V135/><F116/><W4/><G108/><N who="1" m="41546" /><E21/><V40/><F120/><W58/><G42/><T36/><D122/><U47/><E98/><V102/><F135/><N who="3" m="51787" /><G57/><T78/><D126/><U2/><E63/><V6/><F124/><W85/><AGARI ba="0,0" hai="1,4,10,51,54,58,70,71,85,90,92" m="51787" machi="85" ten="30,2000,0" yaku="20,1,52,1" doraHai="89" who="3" fromWho="3" sc="250,-10,250,-5,250,-5,250,20" /><INIT seed="1,0,0,2,3,123" ten="240,245,245,270" oya="1" hai0="121,13,106,8,31,130,101,0,104,24,77,96,30" hai1="75,3,118,133,103,35,76,129,134,9,89,47,127" hai2="71,98,95,54,4,57,126,91,51,68,27,81,42" hai3="48,28,85,90,20,86,50,55,34,87,74,61,82"/><U12/><E118/><V59/><F126/><W114/><G34/><T23/><D130/><U132/><E127/><V107/><F42/><W1/><G1/><T2/><D121/><U18/><E129/><V97/><F4/><W22/><G114/><T70/><D70/><U41/><E103/><V5/><F5/><W45/><G74/><T64/><D64/><U110/><E35/><V6/><F6/><W125/><G61/><T15/><D77/><U88/><E3/><V73/><F27/><W62/><G62/><T84/><D84/><U32/><E32/><V11/><F11/><W102/><G102/><T40/><D40/><U29/><E29/><V46/><F59/><W79/><G125/><T67/><D67/><U39/><REACH who="1" step="1"/><E110/><REACH who="1" ten="240,235,245,270" step="2"/><V72/><F107/><W105/><G105/><T116/><D31/><U117/><E117/><V37/><F68/><W10/><G28/><T21/><D116/><U38/><E38/><V44/><F71/><W7/><G79/><T131/><D131/><U26/><E26/><V19/><F37/><W112/><G112/><T58/><D106/><U111/><E111/><V33/><F33/><W69/><G69/><T124/><D124/><U53/><E53/><V92/><F54/><W52/><G52/><T14/><D0/><U108/><E108/><V115/><F115/><W65/><G55/><T16/><D2/><U63/><E63/><V80/><F46/><W128/><G45/><T119/><D119/><U25/><E25/><V93/><F44/><W78/><G128/><T109/><D109/><U49/><E49/><V99/><F51/><RYUUKYOKU ba="0,1" sc="240,-10,235,30,245,-10,270,-10" hai1="9,12,18,39,41,47,75,76,88,89,132,133,134" /><INIT seed="1,1,1,0,5,79" ten="230,265,235,260" oya="1" hai0="103,81,118,57,104,100,6,116,132,77,43,99,69" hai1="133,115,95,28,8,32,5,122,131,90,105,120,19" hai2="10,20,42,56,39,128,63,113,17,34,96,117,89" hai3="108,45,91,12,61,119,126,41,110,106,2,109,74"/><U93/><E115/><V66/><F117/><W86/><G106/><T76/><D69/><U62/><E105/><V87/><F128/><W24/><G2/><T35/><D35/><U70/><E131/><V98/><F113/><W88/><G74/><T23/><D43/><U97/><E19/><V49/><F34/><W46/><G126/><T59/><D132/><U52/><E133/><V3/><F39/><W27/><G119/><T111/><D111/><U125/><E125/><V107/><F107/><W30/><G12/><T101/><D76/><U73/><E73/><V38/><F38/><W31/><G61/><T127/><D59/><U4/><E95/><V33/><F33/><W124/><G124/><T40/><D40/><U67/><E5/><V114/><F114/><W18/><G18/><T13/><D127/><U85/><E97/><V21/><F3/><W135/><G135/><T16/><D6/><U130/><E130/><V22/><F10/><W83/><G91/><T80/><D80/><U55/><E120/><V78/><F78/><W50/><G46/><T82/><D82/><U123/><E123/><V0/><F0/><W92/><G92/><T9/><D9/><U60/><E60/><V65/><F65/><W54/><G41/><T7/><D7/><U11/><E11/><V29/><F29/><AGARI ba="1,1" hai="24,27,29,30,31,45,50,54,83,86,88,108,109,110" machi="29" ten="40,5200,0" yaku="14,1,52,1,54,1" doraHai="79" who="3" fromWho="2" sc="230,0,265,0,235,-55,260,65" /><INIT seed="2,0,0,0,4,86" ten="230,265,180,325" oya="2" hai0="28,126,45,106,63,101,60,47,92,100,33,1,97" hai1="125,68,44,22,40,65,83,90,132,17,9,61,32" hai2="77,62,49,7,78,6,50,19,18,13,64,10,93" hai3="14,112,110,80,114,3,98,16,42,58,21,76,8"/><V67/><F67/><W84/><G110/><T59/><D1/><U38/><E125/><V99/><F18/><W2/><G42/><T11/><D126/><U56/><E132/><V79/><F50/><W43/><G43/><T127/><D127/><U123/><E123/><V25/><F49/><W108/><G108/><T82/><D106/><U96/><E32/><V113/><F113/><N who="3" m="43627" /><G58/><T23/><D101/><U81/><E9/><V116/><F25/><N who="3" m="14503" /><G98/><T120/><D33/><U107/><E68/><V94/><F94/><W131/><G131/><T54/><D120/><U133/><E133/><V4/><F116/><W95/><G95/><T91/><D63/><U24/><REACH who="1" step="1"/><E90/><REACH who="1" ten="230,255,180,325" step="2"/><V0/><F0/><W31/><G31/><T135/><D135/><U34/><E34/><V39/><F39/><W119/><G119/><T46/><D11/><U52/><E52/><V37/><F37/><W41/><G41/><T69/><D69/><U26/><E26/><V87/><F87/><W121/><G121/><T89/><D82/><U36/><E36/><V75/><F75/><W118/><G118/><T72/><D72/><U88/><E88/><N who="2" m="55719" /><F79/><W105/><G105/><T124/><D124/><U117/><E117/><V134/><F134/><W104/><G104/><T51/><D91/><U129/><E129/><V103/><F103/><AGARI ba="0,1" hai="17,22,24,38,40,44,56,61,65,81,83,96,103,107" machi="103" ten="40,2600,0" yaku="1,1,53,1" doraHai="86" doraHaiUra="53" who="1" fromWho="2" sc="230,0,255,36,180,-26,325,0" /><INIT seed="3,0,0,0,2,22" ten="230,291,154,325" oya="3" hai0="34,2,90,7,60,116,68,62,122,61,118,119,16" hai1="83,105,50,52,132,65,25,21,58,78,111,77,97" hai2="113,108,33,20,114,76,26,93,99,19,18,6,121" hai3="53,40,28,73,88,94,24,84,109,49,82,3,126"/><W81/><G3/><T14/><D34/><U12/><E111/><V133/><F76/><W64/><G126/><T131/><D122/><U39/><E132/><V27/><F99/><W44/><G109/><T130/><D68/><U96/><E39/><V29/><F93/><W1/><G1/><T66/><D66/><U17/><E65/><V103/><F103/><W67/><G73/><T4/><D2/><U9/><E105/><V107/><F107/><W8/><G8/><T45/><D90/><U125/><E125/><V87/><F87/><W91/><G40/><T57/><D57/><U102/><E102/><V80/><F80/><N who="3" m="30827" /><G91/><T55/><D55/><U79/><REACH who="1" step="1"/><E83/><REACH who="1" ten="230,281,154,325" step="2"/><V115/><F108/><W104/><G104/><T10/><REACH who="0" step="1"/><D45/><REACH who="0" ten="220,281,154,325" step="2"/><U42/><E42/><V51/><F133/><W89/><G89/><T120/><D120/><U54/><E54/><V70/><F121/><W112/><G112/><T13/><D13/><U117/><E117/><V59/><F70/><W92/><G67/><T106/><D106/><U110/><E110/><V72/><F114/><W124/><G64/><T15/><D15/><U35/><E35/><V38/><F33/><W0/><G0/><T46/><D46/><U128/><E128/><AGARI ba="0,2" hai="4,7,10,14,16,60,61,62,116,118,119,128,130,131" machi="128" ten="50,6400,0" yaku="1,1,19,1,54,1,53,0" doraHai="22" doraHaiUra="100" who="0" fromWho="1" sc="220,84,281,-64,154,0,325,0" /><INIT seed="4,0,0,5,0,51" ten="304,217,154,325" oya="0" hai0="18,116,80,12,135,29,49,8,61,48,123,71,85" hai1="72,33,25,70,132,115,105,17,14,134,39,56,38" hai2="122,52,106,112,16,75,37,36,58,6,128,44,88" hai3="34,27,10,93,81,129,28,21,43,23,111,15,101"/><T78/><D116/><U91/><E70/><V55/><F122/><W31/><G111/><T103/><D123/><U94/><E105/><V22/><F128/><W125/><G43/><T41/><D135/><N who="1" m="51755" /><E72/><V87/><F75/><W84/><G129/><T97/><D29/><N who="1" m="19631" /><E56/><V5/><F106/><W9/><G31/><T68/><D41/><U130/><E115/><V62/><F37/><W64/><G64/><T113/><D113/><U119/><E119/><V107/><F107/><W63/><G63/><T127/><D127/><U95/><E130/><V47/><F36/><N who="1" m="13865" /><E91/><V59/><F112/><W2/><G125/><T102/><D102/><U19/><E19/><V76/><F76/><W0/><G2/><T53/><D71/><U77/><E77/><V92/><F47/><W86/><G0/><T100/><D100/><U83/><E83/><V73/><F44/><W109/><G81/><T20/><D68/><U96/><E96/><V32/><F32/><W26/><G34/><T65/><D65/><U126/><E126/><V104/><F104/><W124/><G124/><T74/><D97/><U114/><E114/><V60/><F73/><W35/><G35/><T82/><D103/><U24/><E24/><AGARI ba="0,0" hai="5,6,16,22,24,52,55,58,59,60,62,87,88,92" machi="24" ten="30,16000,3" yaku="7,1,9,1,8,1,52,2,54,3" doraHai="51" who="2" fromWho="1" sc="304,0,217,-160,154,160,325,0" /><INIT seed="5,0,0,0,0,40" ten="304,57,314,325" oya="1" hai0="37,54,56,127,68,81,107,20,5,106,63,79,133" hai1="42,9,111,47,50,72,122,120,57,8,33,87,62" hai2="29,134,51,19,25,113,16,108,34,130,35,104,48" hai3="45,1,14,117,131,13,125,102,55,43,69,23,82"/><U89/><E72/><V116/><F108/><W96/><G69/><T99/><D127/><U90/><E33/><V60/><F116/><W86/><G1/><T124/><D124/><U32/><E32/><V70/><F35/><W46/><G125/><T30/><D133/><U27/><E111/><V31/><F134/><W44/><G131/><T100/><D37/><U103/><E103/><V88/><F31/><W64/><G64/><T129/><D129/><U0/><E27/><V85/><F104/><W6/><G43/><T71/><D107/><U66/><E90/><V18/><F130/><W7/><G55/><T110/><D110/><U132/><E132/><V91/><F113/><W12/><G23/><T135/><D5/><U80/><REACH who="1" step="1"/><E0/><REACH who="1" ten="304,47,314,325" step="2"/><V101/><F91/><N who="3" m="51671" /><G117/><T123/><D135/><U53/><E53/><V67/><REACH who="2" step="1"/><F101/><REACH who="2" ten="304,47,304,325" step="2"/><W38/><G38/><T4/><D100/><U28/><E28/><V112/><F112/><W10/><G10/><AGARI ba="0,2" hai="8,9,10,42,47,50,57,62,66,80,87,89,120,122" machi="10" ten="40,12000,1" yaku="1,1,52,1,53,2" doraHai="40" doraHaiUra="118" who="1" fromWho="3" sc="304,0,47,140,304,0,325,-120" /><INIT seed="5,1,0,2,3,51" ten="304,187,304,205" oya="1" hai0="84,25,52,113,43,47,23,100,87,71,133,125,121" hai1="78,129,2,88,17,101,34,108,86,58,114,7,68" hai2="11,14,5,36,41,97,46,124,131,107,77,45,127" hai3="117,3,82,19,37,1,132,29,106,63,96,30,31"/><U56/><E68/><V90/><F131/><W53/><G37/><T70/><D113/><U123/><E114/><V54/><F77/><W83/><G132/><T102/><D70/><U57/><E123/><V135/><F135/><W128/><G128/><T134/><D71/><U130/><E34/><V61/><F90/><W20/><G117/><T118/><D118/><U111/><E101/><V98/><F107/><W74/><G106/><T10/><D125/><N who="2" m="48202" /><F46/><W73/><G96/><T50/><D121/><U120/><E78/><V62/><F62/><W91/><G91/><T24/><D24/><U48/><E120/><V32/><F32/><W39/><G39/><T72/><D72/><U60/><E48/><V38/><F38/><W59/><G74/><T8/><D43/><U115/><E115/><V95/><F95/><W22/><G22/><T64/><D134/><U79/><E79/><V16/><F5/><W75/><G75/><T18/><D133/><U66/><E17/><V110/><F110/><N who="1" m="42025" /><E130/><V119/><F119/><W104/><G104/><T85/><D102/><U9/><E129/><V99/><F61/><W105/><G105/><T69/><D100/><U80/><AGARI ba="1,0" hai="2,7,9,56,57,58,60,66,80,86,88" m="42025" machi="80" ten="30,3000,0" yaku="10,1,54,1" doraHai="51" who="1" fromWho="1" sc="304,-11,187,33,304,-11,205,-11" /><INIT seed="5,2,0,4,2,106" ten="293,220,293,194" oya="1" hai0="91,88,3,79,38,126,73,125,97,98,135,66,120" hai1="9,39,29,96,133,24,35,47,113,41,104,90,25" hai2="27,1,107,128,55,111,108,100,92,134,36,21,71" hai3="99,61,131,122,110,101,81,11,54,28,93,0,85"/><U89/><E113/><V124/><F128/><W62/><G131/><T14/><D3/><U95/><E133/><V75/><F71/><W82/><G110/><T84/><D38/><U123/><E123/><V12/><F1/><W72/><G28/><T19/><D66/><U65/><E65/><V70/><F70/><W112/><G112/><T10/><D135/><U4/><E104/><V52/><F107/><W117/><G122/><T13/><D91/><U67/><E67/><V5/><F36/><W80/><G72/><T119/><D119/><U20/><E90/><V34/><F134/><W64/><G54/><T103/><D103/><U46/><E46/><V15/><F34/><W48/><G48/><T115/><D73/><U16/><E9/><V22/><F75/><W26/><G26/><T33/><D33/><U78/><E78/><V50/><F50/><W105/><G64/><T43/><D79/><U86/><REACH who="1" step="1"/><E4/><REACH who="1" ten="293,210,293,194" step="2"/><V77/><F77/><W60/><G105/><T74/><D115/><U31/><E31/><V2/><F5/><W121/><G121/><T8/><D8/><U23/><E23/><V83/><F22/><W6/><G117/><T132/><D132/><U129/><E129/><V56/><F21/><W49/><G11/><T69/><D10/><U37/><E37/><V42/><F108/><W45/><G6/><T68/><D120/><U116/><E116/><V76/><F111/><W7/><G7/><T114/><D68/><U94/><E94/><V59/><F76/><N who="3" m="46215" /><G0/><T118/><D69/><U63/><E63/><V44/><F92/><W32/><G32/><RYUUKYOKU ba="2,1" sc="293,-15,210,15,293,-15,194,15" hai1="16,20,24,25,29,35,39,41,47,86,89,95,96" hai3="45,49,60,61,62,81,82,93,99,101" /><INIT seed="5,3,1,2,1,37" ten="278,225,278,209" oya="1" hai0="0,8,21,97,33,4,113,59,88,75,85,28,99" hai1="94,50,90,105,115,112,91,126,57,108,58,76,9" hai2="45,83,40,49,79,135,65,3,12,117,2,93,42" hai3="20,22,53,84,54,67,30,86,120,39,18,36,121"/><U26/><E126/><V14/><F117/><W32/><G67/><T111/><D111/><U27/><E108/><V131/><F2/><W72/><G30/><T134/><D75/><U62/><E105/><V35/><F35/><W132/><G32/><T10/><D113/><N who="1" m="43595" /><E76/><V60/><F3/><W110/><G72/><T66/><D33/><U109/><E109/><V56/><F131/><W119/><G110/><T43/><D10/><U123/><E123/><V129/><F135/><W11/><G11/><T44/><D66/><N who="1" m="39247" /><E9/><V92/><F129/><W13/><G13/><N who="2" m="5225" /><F79/><W46/><G46/><T69/><D59/><U41/><E90/><V47/><F83/><W118/><REACH who="3" step="1"/><G18/><REACH who="3" ten="278,225,278,199" step="2"/><T15/><D0/><U127/><E127/><V81/><F47/><W29/><G29/><T106/><D28/><U70/><E70/><V1/><F1/><W130/><G130/><T38/><D69/><U63/><E63/><V52/><F81/><W31/><G31/><T114/><D114/><U51/><E58/><V74/><F74/><W64/><G64/><T124/><D124/><U102/><E51/><V96/><F93/><W23/><G23/><T73/><D21/><U78/><E94/><V128/><F128/><W17/><G17/><T48/><D73/><U80/><E50/><V19/><F19/><W61/><G61/><T71/><D48/><U122/><E122/><V82/><F82/><W100/><G100/><AGARI ba="3,2" hai="40,42,45,49,52,56,60,65,92,96,100" m="5225" machi="100" ten="30,7700,0" yaku="8,1,52,2,54,1" doraHai="37" who="2" fromWho="3" sc="278,0,225,0,278,106,199,-86" /><INIT seed="6,0,0,0,5,27" ten="278,225,384,113" oya="2" hai0="103,104,101,15,30,95,81,85,1,60,63,66,10" hai1="131,82,0,53,90,122,28,6,108,117,5,31,29" hai2="83,35,67,109,126,125,121,119,120,112,25,69,84" hai3="3,51,39,38,118,45,128,61,36,133,110,55,42"/><V105/><F119/><W21/><G3/><T13/><D104/><U14/><E108/><V89/><F109/><W56/><G110/><T44/><D1/><U9/><E117/><V33/><F105/><W97/><G118/><T98/><D103/><U20/><E122/><V17/><F17/><W32/><G32/><T129/><D129/><U24/><E131/><V37/><F37/><W19/><G128/><T52/><D30/><N who="1" m="17671" /><E53/><V127/><F112/><W4/><G4/><T68/><D10/><N who="1" m="2343" /><E90/><V22/><F33/><W100/><G133/><T88/><REACH who="0" step="1"/><D44/><REACH who="0" ten="268,225,384,113" step="2"/><U80/><E80/><V62/><F35/><W123/><G123/><T2/><D2/><N who="1" m="215" /><E82/><V114/><F114/><W111/><G111/><T130/><D130/><U79/><E79/><V86/><F86/><W8/><G8/><T47/><D47/><U124/><E124/><V102/><F102/><W12/><REACH who="3" step="1"/><G61/><REACH who="3" ten="268,225,384,103" step="2"/><T70/><D70/><U59/><E59/><AGARI ba="0,2" hai="13,15,52,59,60,63,66,68,81,85,88,95,98,101" machi="59" ten="40,5200,0" yaku="1,1,54,2,53,0" doraHai="27" doraHaiUra="115" who="0" fromWho="1" sc="268,72,225,-52,384,0,103,0" /><INIT seed="7,0,0,1,5,25" ten="340,173,384,103" oya="3" hai0="78,51,10,23,47,20,74,125,56,124,43,115,64" hai1="90,114,50,40,100,109,95,9,111,75,32,69,67" hai2="28,91,99,127,131,113,26,0,60,133,76,66,86" hai3="55,62,112,116,103,37,33,108,118,83,22,82,14"/><W1/><G1/><T54/><D78/><U4/><E75/><V17/><F113/><W30/><G37/><T121/><D74/><U93/><E32/><V59/><F131/><W2/><G2/><T89/><D10/><U38/><E38/><V58/><F127/><N who="0" m="48714" /><D89/><U97/><E114/><V8/><F133/><W94/><G112/><T6/><D6/><U79/><E79/><V11/><F76/><W63/><G33/><T119/><D20/><U102/><E67/><V120/><F120/><W72/><G72/><T117/><D23/><U92/><E69/><V101/><F0/><W71/><G71/><T132/><D115/><U110/><E102/><V53/><F17/><W3/><G3/><T29/><D29/><U61/><E61/><N who="3" m="23050" /><G118/><N who="0" m="45067" /><D132/><U98/><E93/><N who="2" m="58607" /><F59/><W19/><G116/><T134/><D134/><U70/><E70/><V46/><F66/><W52/><G108/><T122/><D64/><U105/><E109/><V24/><F24/><N who="3" m="16663" /><G94/><T85/><D85/><U39/><E95/><N who="2" m="54775" /><F46/><W31/><G31/><T104/><D104/><U80/><E39/><V5/><F5/><W68/><G68/><T126/><D126/><U87/><E105/><V88/><F28/><W42/><G103/><T35/><D35/><U77/><E110/><V18/><F26/><W36/><G36/><T73/><D73/><N who="1" m="43055" /><E100/><V27/><F27/><W21/><G42/><T106/><D106/><U41/><E111/><V96/><F18/><W123/><G123/><N who="0" m="47115" /><D56/><U57/><E57/><V130/><F130/><W15/><G15/><T12/><D12/><N who="1" m="5159" /><E41/><AGARI ba="0,0" hai="41,43,47,51,54" m="47115,45067,48714" machi="41" ten="40,5200,0" yaku="18,1,34,2" doraHai="25" who="0" fromWho="1" sc="340,52,173,-52,384,0,103,0" owari="392,49.2,121,-27.9,384,18.4,103,-39.7" /></mjloggm>