<mjloggm ver="2.3"><GO type="169" lobby="0"/><UN n0="%E7%AE%B1%E4%B8%8B%E3%81%AE%E3%82%B1%E3%83%B3%E5%9D%8A" n1="%E3%80%90%E7%BD%AA%E6%AD%8C%E3%80%91" n2="%E5%9B%9B%E5%AE%AE%E7%B4%85%E8%BC%9D" n3="%E7%9B%AE%E5%8A%9B%36%30" dan="16,18,18,16" rate="2136.03,2270.70,2241.55,2158.99" sx="M,M,F,M"/><TAIKYOKU oya="0"/><INIT seed="0,0,0,0,2,32" ten="250,250,250,250" oya="0" hai0="5,105,80,54,88,38,10,97,119,8,75,72,17" hai1="126,90,50,18,131,73,132,13,102,51,133,39,68" hai2="63,27,15,84,34,95,135,52,100,30,28,122,93" hai3="53,59,96,94,45,121,47,56,79,42,67,92,57"/><T6/><D119/><U20/><E39/><V33/><F122/><W99/><G121/><T26/><D38/><U101/><E73/><V112/><F112/><W25/><G79/><T9/><D54/><U123/><E123/><V61/><F135/><N who="1" m="51785" /><E68/><V81/><F15/><W83/><G83/><T29/><D17/><U117/><E117/><V37/><F37/><W128/><G128/><T2/><D105/><U41/><E131/><V70/><F70/><W107/><G107/><T19/><D19/><U87/><E126/><V82/><F100/><N who="1" m="38505" /><E41/><V62/><F52/><W14/><G25/><T108/><D108/><U66/><E66/><V78/><F82/><AGARI ba="0,0" hai="13,18,20,50,51,82,87,90" m="38505,51785" machi="82" ten="30,1000,0" yaku="20,1" doraHai="32" who="1" fromWho="2" sc="250,0,250,10,250,-10,250,0" /><INIT seed="1,0,0,1,0,19" ten="250,260,240,250" oya="1" hai0="72,135,74,54,125,64,99,86,101,65,18,81,27" hai1="45,12,53,131,130,46,76,17,42,61,85,7,15" hai2="47,91,112,103,59,71,16,123,8,0,109,90,84" hai3="68,126,111,49,82,63,132,106,110,60,113,23,32"/><U116/><E116/><V41/><F71/><W89/><G32/><T120/><D125/><U35/><E35/><V98/><F123/><W38/><G38/><T92/><D135/><U119/><E119/><V134/><F109/><W104/><G113/><T69/><D120/><U51/><E7/><V118/><F118/><W107/><G132/><T66/><D69/><U62/><E15/><V58/><F112/><W37/><G37/><T56/><D27/><U80/><E131/><V22/><F8/><W88/><G49/><T129/><D18/><U133/><E130/><V5/><F5/><W77/><G126/><T70/><D70/><U100/><E100/><V34/><F0/><W128/><G128/><T96/><D99/><U78/><E78/><V50/><F34/><W115/><G115/><T93/><D93/><U28/><E28/><V122/><F122/><W40/><G40/><T114/><D129/><U24/><E24/><N who="2" m="14407" /><F134/><W6/><G6/><T67/><N who="0" m="16384" /><DORA hai="30" /><T11/><D11/><U124/><E124/><V10/><F10/><W95/><G68/><T13/><D13/><U14/><E14/><V97/><F91/><N who="3" m="34891" /><G23/><T26/><D26/><U73/><E73/><V39/><F39/><W33/><G33/><T102/><D101/><U87/><E87/><V48/><F48/><W25/><G25/><T83/><D114/><U1/><E1/><V2/><F2/><W121/><G121/><T79/><REACH who="0" step="1"/><D81/><REACH who="0" ten="240,260,240,250" step="2"/><U75/><E133/><V29/><F29/><W105/><G105/><T52/><D52/><U20/><E75/><V3/><F3/><W31/><G31/><RYUUKYOKU ba="0,1" sc="240,15,260,15,240,-15,250,-15" hai0="54,56,72,74,79,83,86,92,96,102" hai1="12,17,20,42,45,46,51,53,61,62,76,80,85" /><INIT seed="1,1,1,1,5,112" ten="255,275,225,235" oya="1" hai0="42,131,101,18,46,62,117,73,43,111,7,30,76" hai1="128,17,113,107,53,19,124,79,24,33,127,100,118" hai2="83,80,84,36,70,129,119,72,27,103,32,51,81" hai3="39,134,16,58,23,133,96,56,29,69,61,94,78"/><U31/><E113/><V38/><F70/><W6/><G39/><T95/><D111/><U44/><E79/><V65/><F65/><W106/><G106/><T71/><D30/><U1/><E1/><V47/><F129/><W45/><G29/><T109/><D109/><U14/><E100/><V40/><F72/><W0/><G45/><T68/><D7/><U90/><E107/><V92/><F119/><W82/><G69/><T52/><D131/><U48/><E128/><V59/><F59/><W8/><G134/><T75/><D76/><U55/><E55/><V86/><F86/><W54/><G58/><T77/><D77/><U85/><E118/><V9/><F9/><W37/><G37/><T89/><D18/><U15/><E15/><V22/><F32/><W98/><G94/><T26/><D26/><U66/><E66/><V50/><F38/><W104/><G104/><T13/><D101/><U67/><E67/><V102/><F102/><W91/><G91/><T5/><D43/><U108/><E108/><V41/><F41/><W87/><REACH who="3" step="1"/><G133/><REACH who="3" ten="255,275,225,225" step="2"/><T35/><D68/><U121/><E121/><V123/><F123/><W4/><G4/><T132/><D71/><U114/><E114/><V99/><REACH who="2" step="1"/><F84/><REACH who="2" ten="255,275,215,225" step="2"/><W49/><G49/><N who="0" m="28727" /><D132/><U110/><E110/><V88/><F88/><W115/><G115/><T135/><D135/><U130/><E130/><V126/><F126/><N who="1" m="48169" /><E90/><V10/><F10/><W120/><G120/><T64/><D89/><U20/><E85/><V97/><F97/><W25/><AGARI ba="1,3" hai="0,6,8,16,23,25,54,56,61,78,82,87,96,98" machi="25" ten="20,5200,0" yaku="1,1,0,1,7,1,54,1,53,0" doraHai="112" doraHaiUra="11" who="3" fromWho="3" sc="255,-14,275,-27,215,-14,225,85" /><INIT seed="2,0,0,0,0,87" ten="241,248,201,310" oya="2" hai0="108,81,127,92,75,66,47,56,44,103,55,68,42" hai1="19,1,62,52,11,34,36,106,12,40,59,25,54" hai2="8,86,111,13,27,16,123,98,63,93,135,120,133" hai3="94,97,91,39,80,65,18,37,72,60,129,41,3"/><V79/><F63/><W117/><G117/><T4/><D108/><U71/><E106/><V102/><F111/><W64/><G129/><T82/><D127/><U115/><E115/><V14/><F27/><W130/><G130/><T45/><D68/><U69/><E54/><V33/><F33/><W46/><G39/><T58/><D66/><U35/><E35/><V116/><F116/><W53/><G3/><T17/><D4/><U122/><E122/><V49/><F49/><W90/><G18/><T132/><D132/><N who="2" m="50762" /><F13/><W32/><G32/><T113/><D113/><U107/><E107/><V101/><F101/><W124/><G124/><T73/><D103/><U76/><E1/><V100/><F100/><W84/><REACH who="3" step="1"/><G72/><REACH who="3" ten="241,248,201,300" step="2"/><T77/><D73/><U134/><E134/><V5/><F5/><W21/><G21/><T89/><D75/><U29/><E36/><V70/><F70/><W22/><G22/><T126/><D126/><U78/><E71/><V10/><F10/><W61/><G61/><T50/><D17/><U96/><E69/><V110/><F110/><W121/><G121/><T112/><D112/><U48/><E62/><V23/><F8/><W30/><G30/><T128/><D128/><U85/><E34/><V131/><F131/><W57/><AGARI ba="0,1" hai="37,41,46,53,57,60,64,65,80,84,90,91,94,97" machi="57" ten="30,7900,0" yaku="1,1,0,1,52,2,53,0" doraHai="87" doraHaiUra="104" who="3" fromWho="3" sc="241,-20,248,-20,201,-39,300,89" /><INIT seed="3,0,0,5,5,27" ten="221,228,162,389" oya="3" hai0="26,72,46,34,106,62,110,107,20,6,118,92,15" hai1="82,66,59,75,126,22,1,53,32,113,39,122,104" hai2="76,117,42,86,94,80,124,13,41,99,83,33,77" hai3="109,25,127,119,61,95,12,8,129,96,45,115,49"/><W56/><G115/><T50/><D110/><U135/><RYUUKYOKU type="yao9" ba="0,0" sc="221,0,228,0,162,0,389,0" hai1="1,22,32,39,53,59,66,75,82,104,113,122,126,135" /><INIT seed="3,1,0,4,1,11" ten="221,228,162,389" oya="3" hai0="39,71,78,51,69,21,90,28,19,121,125,49,115" hai1="124,62,36,116,77,126,2,114,133,72,10,22,99" hai2="58,100,26,83,6,113,82,42,135,132,102,92,96" hai3="40,38,45,112,0,89,1,44,68,76,37,18,79"/><W107/><G112/><T122/><D39/><U32/><E32/><V119/><F42/><W104/><G68/><T17/><D78/><U57/><E114/><V25/><F58/><W134/><G134/><N who="2" m="51241" /><F6/><W110/><G110/><T16/><D115/><U12/><E36/><V130/><F26/><W50/><G89/><T128/><D128/><U103/><E2/><V105/><F25/><W8/><G8/><T13/><D125/><U65/><E116/><V85/><F113/><W60/><G60/><T73/><D73/><U70/><E133/><V14/><F14/><W61/><G61/><T7/><D90/><U20/><E70/><V97/><F119/><W98/><G98/><T15/><D7/><U5/><E126/><V3/><F3/><W47/><G45/><T94/><D19/><U80/><REACH who="1" step="1"/><E124/><REACH who="1" ten="221,218,162,389" step="2"/><V24/><F130/><W91/><G0/><T52/><D71/><U109/><E109/><V101/><F24/><W93/><G1/><T106/><D69/><U81/><E81/><N who="2" m="30731" /><F85/><W29/><G38/><T41/><D121/><U75/><E75/><V31/><F31/><W53/><G29/><T87/><D122/><U54/><E54/><V67/><F67/><W95/><G53/><T129/><D52/><U74/><E74/><V30/><F30/><W118/><G37/><T46/><D87/><U55/><E55/><V43/><F43/><W23/><G40/><T63/><D28/><U34/><E34/><V66/><F66/><W131/><G118/><T59/><D41/><U64/><E64/><V111/><F111/><W4/><G131/><T108/><D129/><RYUUKYOKU ba="1,1" sc="221,-15,218,15,162,15,389,-15" hai1="5,10,12,20,22,57,62,65,72,77,80,99,103" hai2="92,96,97,100,101,102,105" /><INIT seed="4,2,1,4,0,70" ten="206,233,177,374" oya="0" hai0="24,0,131,102,74,75,33,82,16,124,12,80,130" hai1="126,21,62,5,119,38,68,35,48,123,134,72,129" hai2="77,97,15,18,114,36,99,37,61,59,29,44,69" hai3="93,41,51,22,81,45,100,101,26,30,57,92,2"/><T46/><D0/><U25/><RYUUKYOKU type="yao9" ba="2,1" sc="206,0,233,0,177,0,374,0" hai1="5,21,25,35,38,48,62,68,72,119,123,126,129,134" /><INIT seed="4,3,1,1,4,118" ten="206,233,177,374" oya="0" hai0="14,134,9,67,25,8,59,37,53,76,12,43,75" hai1="92,1,78,81,18,88,82,0,44,49,28,19,30" hai2="94,73,127,2,98,93,38,108,50,124,109,131,56" hai3="133,74,130,41,71,83,55,123,84,119,77,10,89"/><T7/><D134/><U32/><E1/><V62/><F38/><W29/><G119/><T34/><D67/><U91/><E0/><V35/><F35/><W68/><G133/><T60/><D76/><U51/><E32/><V128/><F2/><W122/><G130/><N who="2" m="49705" /><F50/><W47/><G55/><T113/><D75/><U115/><E115/><V33/><F33/><W16/><G29/><T129/><D129/><U120/><E120/><N who="3" m="46122" /><G16/><T23/><D34/><U126/><E78/><V79/><F79/><W26/><G26/><T87/><D113/><U90/><E18/><V107/><F127/><W114/><G10/><T95/><D43/><U86/><E19/><V101/><F124/><W45/><G114/><T6/><D37/><U66/><E66/><N who="2" m="39239" /><F73/><W40/><G40/><T63/><D63/><U39/><E39/><V3/><F3/><W112/><G112/><T58/><D53/><U102/><E126/><V27/><F27/><W13/><G13/><T11/><D60/><U96/><E51/><V121/><F121/><W80/><G47/><T97/><D9/><U5/><E5/><V57/><F57/><W22/><G22/><T42/><D42/><U111/><E44/><V116/><F116/><W46/><G46/><T103/><REACH who="0" step="1"/><D87/><REACH who="0" ten="196,233,177,374" step="2"/><U106/><E86/><V64/><F64/><W99/><G99/><T17/><AGARI ba="3,2" hai="6,7,8,11,12,14,17,23,25,58,59,95,97,103" machi="17" ten="20,18000,2" yaku="1,1,2,1,0,1,7,1,9,1,8,1,53,0" doraHai="118" doraHaiUra="105" who="0" fromWho="0" sc="196,209,233,-63,177,-63,374,-63" /><INIT seed="4,4,0,3,1,64" ten="405,170,114,311" oya="0" hai0="104,85,23,32,22,131,18,5,9,121,60,59,27" hai1="118,86,37,3,10,87,130,111,116,126,57,69,2" hai2="26,29,125,52,49,14,16,135,105,122,38,128,82" hai3="129,13,99,120,71,102,17,84,41,100,108,73,107"/><T7/><D104/><U15/><E37/><V83/><F122/><W110/><G73/><T91/><D121/><U109/><E57/><V115/><F115/><W1/><G1/><T25/><D32/><U75/><E75/><V33/><F125/><W76/><G129/><T119/><D119/><U132/><E15/><V53/><F128/><W88/><G102/><T92/><D9/><U34/><E34/><V79/><F38/><W114/><G114/><T50/><D50/><U39/><E10/><V133/><F105/><W40/><G76/><T30/><REACH who="0" step="1"/><D131/><REACH who="0" ten="395,170,114,311" step="2"/><U31/><E39/><V19/><F49/><W43/><G120/><T36/><D36/><U123/><E123/><V51/><F51/><W42/><G42/><T78/><D78/><U68/><E130/><V134/><F79/><W55/><G43/><T77/><D77/><U63/><E63/><V62/><F62/><W20/><G41/><T54/><AGARI ba="4,1" hai="5,7,18,22,23,25,27,30,54,59,60,85,91,92" machi="54" ten="20,12000,1" yaku="1,1,0,1,7,1,8,1,53,1" doraHai="64" doraHaiUra="58" who="0" fromWho="0" sc="395,142,170,-44,114,-44,311,-44" /><INIT seed="4,5,0,3,2,57" ten="537,126,70,267" oya="0" hai0="82,43,25,98,122,115,114,102,81,67,135,24,73" hai1="70,51,36,131,106,5,123,86,113,71,56,29,105" hai2="112,128,46,2,38,49,47,90,79,33,96,1,15" hai3="16,117,116,13,6,62,8,75,94,44,84,109,63"/><T80/><D122/><U26/><E123/><V133/><F112/><N who="0" m="43050" /><D43/><U110/><E110/><V78/><F33/><W41/><G75/><T35/><D135/><U99/><E36/><V53/><F128/><W55/><G109/><T124/><D124/><U11/><E86/><V12/><F133/><W77/><G117/><T64/><D73/><U3/><E131/><V118/><F118/><W100/><G116/><T108/><D108/><U103/><E106/><V10/><F2/><W134/><G134/><T65/><D35/><U48/><E113/><V66/><F1/><W93/><G41/><T21/><D21/><U87/><E87/><V69/><F15/><W20/><G77/><T121/><D121/><U130/><E130/><V32/><F32/><W74/><G74/><T17/><D17/><U126/><E126/><V111/><F111/><W61/><G84/><T34/><D34/><U22/><REACH who="1" step="1"/><E56/><REACH who="1" ten="537,116,70,267" step="2"/><V76/><F38/><W30/><G30/><T88/><D81/><U119/><E119/><V120/><F120/><W60/><G94/><N who="0" m="58711" /><D80/><U129/><E129/><V95/><F95/><W42/><G93/><T7/><D82/><U127/><E127/><V89/><F96/><W50/><G100/><T37/><D37/><U45/><E45/><V59/><F47/><W101/><G101/><T31/><D88/><U23/><E23/><V85/><F85/><W92/><G92/><T58/><D58/><U107/><E107/><V104/><F104/><W14/><N who="3" m="15360" /><DORA hai="0" /><W125/><G125/><T91/><D91/><U40/><E40/><V97/><F90/><W19/><G42/><RYUUKYOKU ba="5,1" sc="537,-15,116,15,70,-15,267,15" hai1="3,5,11,22,26,29,48,51,70,71,99,103,105" hai3="6,8,13,14,16,19,20,44,50,55" /><INIT seed="5,6,1,3,2,111" ten="522,131,55,282" oya="1" hai0="34,10,49,39,46,78,130,11,50,8,80,68,118" hai1="55,35,4,29,129,92,70,93,32,113,71,127,65" hai2="24,52,9,72,95,102,126,23,83,45,38,128,96" hai3="59,119,100,82,103,33,112,58,79,30,12,2,124"/><U117/><E117/><V115/><F126/><W105/><G119/><T40/><D118/><U81/><E4/><V51/><F128/><W74/><G2/><T1/><D130/><U88/><E129/><V110/><F110/><W123/><G123/><T19/><D34/><U133/><E55/><V94/><F38/><W28/><G124/><T25/><D68/><U114/><E127/><V109/><F109/><W90/><G90/><T121/><D121/><U73/><E133/><V69/><F69/><W16/><G59/><T5/><D11/><U62/><E71/><V67/><F67/><W18/><G18/><T66/><D66/><U60/><E60/><V86/><F72/><W91/><G91/><T108/><D108/><U47/><E47/><V14/><F95/><N who="1" m="36425" /><E29/><V63/><F63/><W84/><G74/><N who="0" m="43095" /><D25/><U37/><E37/><V17/><F115/><N who="1" m="44041" /><E88/><N who="2" m="51295" /><F24/><W27/><G112/><T104/><D39/><U31/><E31/><V99/><F99/><W42/><G30/><T135/><D46/><U7/><E7/><V120/><F120/><W122/><G122/><T53/><D53/><U98/><E98/><V132/><F132/><W89/><G28/><T13/><D135/><U26/><E26/><V22/><AGARI ba="6,1" hai="9,14,17,22,23,45,51,52,94,96,102" m="51295" machi="22" ten="30,7900,0" yaku="25,1,8,1,54,2" doraHai="111" who="2" fromWho="2" sc="522,-26,131,-45,55,107,282,-26" /><INIT seed="6,0,0,4,4,67" ten="496,86,162,256" oya="2" hai0="3,14,94,119,74,92,114,129,71,60,0,86,77" hai1="16,25,125,102,96,99,47,53,57,26,82,104,85" hai2="122,12,11,115,120,28,79,95,66,100,103,23,91" hai3="121,51,15,13,50,20,8,127,131,21,39,5,19"/><V108/><F115/><W17/><G39/><T6/><D114/><U88/><E125/><V43/><F108/><W62/><G121/><T93/><D74/><U111/><E111/><V83/><F43/><W106/><G106/><T46/><D46/><U113/><E113/><V73/><F66/><W54/><G131/><T42/><D42/><U33/><E33/><V68/><F68/><W1/><G127/><T30/><D30/><U81/><E47/><V70/><F70/><W133/><G133/><T65/><D129/><U56/><E56/><AGARI ba="0,0" hai="1,5,8,13,15,17,19,20,21,50,51,54,56,62" machi="56" ten="40,1300,0" yaku="9,1" doraHai="67" who="3" fromWho="1" sc="496,0,86,-13,162,0,256,13" /><INIT seed="7,0,0,0,3,1" ten="496,73,162,269" oya="3" hai0="77,52,134,61,118,132,76,113,91,60,112,43,135" hai1="34,94,122,103,98,84,3,49,30,37,47,46,42" hai2="102,62,124,10,63,92,82,90,17,50,121,119,104" hai3="67,35,100,19,18,25,69,108,23,116,53,51,15"/><W68/><G116/><T131/><D118/><U28/><E122/><V2/><F119/><W11/><G108/><T44/><D131/><U24/><E3/><V55/><F124/><W75/><G75/><T120/><D120/><U5/><E30/><V0/><F0/><W59/><G100/><T39/><D91/><U123/><E123/><V70/><F70/><W54/><G35/><T79/><D52/><U6/><REACH who="1" step="1"/><E84/><REACH who="1" ten="496,63,162,269" step="2"/><N who="2" m="52295" /><F2/><W107/><G107/><T38/><D38/><U4/><E4/><V89/><F104/><W86/><G86/><T80/><D80/><U45/><E45/><V41/><F82/><W101/><G101/><T111/><D111/><U32/><E32/><V21/><F102/><W127/><G127/><T117/><D117/><U40/><AGARI ba="0,1" hai="5,6,24,28,34,37,40,42,46,47,49,94,98,103" machi="40" ten="20,12000,2" yaku="1,1,0,1,7,1,52,2,53,1" doraHai="1" doraHaiUra="97" who="1" fromWho="1" sc="496,-30,63,130,162,-30,269,-60" owari="466,56.6,193,-20.7,132,-36.8,209,0.9" /></mjloggm>