<mjloggm ver="2.3"><GO type="169" lobby="0"/><UN n0="%E3%82%A2%E3%83%AC%E3%82%88%E3%80%81%E3%82%A2%E3%83%AC%E3%82%A2%E3%83%AC" n1="%E3%83%A9%E3%83%96%E3%83%AC%E3%83%BC" n2="%6A%61%63%6B%74" n3="%E7%88%86%E7%89%8C%E3%82%A6%E3%82%B7%E3%82%B8%E3%83%9E%E3%81%8F%E3%82%93" dan="16,18,16,19" rate="2102.12,2237.98,2130.33,2245.94" sx="M,M,M,M"/><TAIKYOKU oya="0"/><INIT seed="0,0,0,5,3,99" ten="250,250,250,250" oya="0" hai0="119,121,133,91,4,31,30,54,56,115,67,116,39" hai1="51,59,63,37,55,65,26,120,106,117,17,124,12" hai2="57,48,21,122,70,126,35,27,41,96,128,2,107" hai3="108,104,15,100,68,25,20,29,76,1,8,127,85"/><T66/><D115/><U98/><E120/><V16/><F122/><W24/><G68/><T78/><D121/><U13/><E124/><V125/><F70/><W101/><G104/><T14/><D39/><U58/><E117/><V0/><F128/><W118/><G118/><T114/><D114/><U7/><E37/><V81/><F35/><W28/><G127/><N who="2" m="48649" /><F81/><N who="3" m="47271" /><G1/><T97/><D119/><U111/><E111/><V123/><F123/><W69/><G69/><T9/><D78/><U132/><E132/><V103/><F57/><W33/><G33/><T45/><D45/><AGARI ba="0,0" hai="0,2,16,21,27,41,45,48,96,103,107" m="48649" machi="45" ten="30,3900,0" yaku="18,1,52,1,54,1" doraHai="99" who="2" fromWho="0" sc="250,-39,250,0,250,39,250,0" /><INIT seed="1,0,0,1,5,48" ten="211,250,289,250" oya="1" hai0="132,28,92,95,69,50,70,78,47,93,57,85,41" hai1="74,36,25,44,54,91,112,68,131,110,128,75,22" hai2="53,113,40,1,21,33,59,13,127,11,109,102,125" hai3="7,65,43,77,116,64,71,133,52,16,122,14,82"/><U60/><E112/><V58/><F33/><W5/><G122/><T106/><D106/><U61/><E91/><V23/><F40/><W80/><G133/><T72/><D132/><U130/><E110/><V117/><F117/><W24/><G71/><T97/><D72/><U123/><E123/><V35/><F35/><W87/><G43/><T135/><D135/><U129/><E36/><V10/><F102/><W46/><G82/><T124/><D124/><N who="2" m="47690" /><F109/><W34/><G24/><T20/><D69/><U45/><E68/><V3/><F59/><W12/><G34/><T86/><D70/><U2/><E2/><N who="2" m="523" /><F10/><N who="3" m="6231" /><G116/><T81/><D57/><N who="1" m="34871" /><E61/><N who="2" m="36047" /><F113/><W94/><G94/><T55/><D41/><U120/><E120/><V126/><N who="2" m="47698" /><V49/><DORA hai="89" /><F49/><N who="3" m="28727" /><G12/><T9/><D9/><U88/><E131/><V118/><F118/><W38/><G38/><T8/><D8/><U42/><E42/><V15/><F15/><W99/><G99/><T115/><D97/><U83/><E45/><V103/><F103/><W66/><AGARI ba="0,0" hai="5,7,64,65,66,77,80,87" m="28727,6231" machi="66" ten="30,7900,0" yaku="8,1,52,1,54,2" doraHai="48,89" who="3" fromWho="3" sc="211,-20,250,-39,289,-20,250,79" /><INIT seed="2,0,0,4,3,59" ten="191,211,269,329" oya="2" hai0="48,36,94,6,50,101,74,26,34,21,121,13,52" hai1="132,73,76,25,135,97,42,85,66,67,86,129,115" hai2="83,103,133,38,114,90,57,14,112,27,95,111,126" hai3="110,130,125,51,28,46,23,11,72,131,7,40,60"/><V134/><F38/><W45/><G72/><T2/><D36/><U92/><E115/><N who="2" m="44075" /><F14/><W17/><G110/><T33/><D121/><U119/><E119/><V35/><F27/><W128/><G125/><T91/><D74/><U123/><E123/><V9/><F9/><W3/><G28/><T68/><D68/><U117/><E117/><V20/><F20/><W89/><G89/><T93/><D48/><U15/><E42/><V54/><F35/><W71/><G46/><T105/><D2/><U22/><E15/><V0/><F0/><W58/><G71/><T127/><D127/><U99/><E73/><V98/><F126/><W120/><G120/><T62/><D105/><U39/><E39/><V122/><F122/><W80/><G80/><T100/><D50/><U77/><E92/><V43/><F43/><W24/><G58/><N who="0" m="35143" /><D34/><U109/><E22/><V1/><F1/><W49/><G49/><T88/><D33/><U70/><E25/><V107/><F83/><W55/><G40/><T106/><D106/><U104/><E104/><V53/><F111/><W18/><G18/><N who="0" m="12599" /><D94/><U19/><E19/><V113/><F113/><W65/><G65/><T102/><D93/><U16/><E16/><V4/><F107/><W8/><G8/><AGARI ba="0,0" hai="6,8,13,88,91,100,101,102" m="12599,35143" machi="8" ten="30,7700,0" yaku="8,1,52,1,54,2" doraHai="59" who="0" fromWho="3" sc="191,77,211,0,269,0,329,-77" /><INIT seed="3,0,0,4,0,124" ten="268,211,269,252" oya="3" hai0="27,16,58,107,89,84,45,5,66,134,108,133,37" hai1="13,104,99,29,128,86,122,38,24,19,118,22,121" hai2="85,97,67,47,100,106,74,46,52,7,77,33,59" hai3="129,43,120,3,9,131,95,35,49,0,78,65,87"/><W34/><G120/><T71/><D71/><U103/><E38/><V101/><F33/><W109/><G65/><T39/><D107/><U119/><E86/><V28/><F28/><W56/><G35/><T63/><D5/><U102/><E102/><V88/><F67/><W10/><G34/><T127/><D127/><U126/><E126/><V6/><F100/><W91/><G109/><T93/><D108/><U64/><E64/><V112/><F112/><W73/><G10/><T54/><D54/><U8/><REACH who="1" step="1"/><E128/><REACH who="1" ten="268,201,269,252" step="2"/><N who="3" m="49226" /><G9/><T114/><D66/><U110/><E110/><V25/><F6/><W135/><G135/><T23/><D133/><U82/><E82/><N who="2" m="45367" /><F7/><W60/><G73/><T115/><D134/><U48/><E48/><N who="2" m="31111" /><F25/><W123/><G49/><T125/><D125/><U111/><E111/><V14/><F14/><W81/><G3/><T15/><D15/><U12/><E12/><V18/><F18/><W30/><G0/><T75/><D75/><U40/><E40/><V11/><F11/><W44/><G43/><N who="0" m="22767" /><D39/><U132/><E132/><V117/><F117/><AGARI ba="0,1" hai="8,13,19,22,24,29,99,103,104,117,118,119,121,122" machi="117" ten="40,5200,0" yaku="1,1,12,1,53,1" doraHai="124" doraHaiUra="21" who="1" fromWho="2" sc="268,0,201,62,269,-52,252,0" /><INIT seed="4,0,0,3,5,134" ten="268,263,217,252" oya="0" hai0="90,95,57,128,93,129,97,54,63,44,15,39,108" hai1="88,43,56,76,94,29,107,71,37,77,78,25,80" hai2="31,12,58,84,131,28,100,110,8,52,42,0,102" hai3="53,59,85,120,122,5,99,40,81,26,27,2,114"/><T10/><D108/><U11/><E71/><V118/><F110/><W89/><G114/><T30/><D30/><U135/><E135/><V92/><F131/><W61/><G40/><T133/><D133/><U125/><E107/><V66/><F0/><W86/><G86/><T112/><D112/><U24/><E80/><V79/><F66/><W124/><G124/><T127/><D127/><U55/><E11/><V23/><F42/><W38/><G38/><T60/><D39/><U47/><E29/><N who="2" m="11339" /><F23/><W4/><G99/><T3/><D3/><U45/><E125/><V83/><F92/><W67/><G67/><T103/><D44/><N who="1" m="16971" /><E43/><V21/><F21/><W130/><G130/><N who="0" m="50283" /><D63/><N who="1" m="36255" /><E37/><V6/><F118/><W132/><G132/><T115/><D115/><U14/><E14/><V91/><F79/><W82/><G82/><T117/><D117/><U48/><E48/><AGARI ba="0,0" hai="6,8,12,48,52,58,83,84,91,100,102" m="11339" machi="48" ten="30,2000,0" yaku="8,1,54,1" doraHai="134" who="2" fromWho="1" sc="268,0,263,-20,217,20,252,0" /><INIT seed="5,0,0,0,4,46" ten="268,243,237,252" oya="1" hai0="110,103,27,53,4,122,22,7,87,104,39,48,45" hai1="86,3,25,134,89,41,47,64,132,79,18,35,43" hai2="80,16,115,28,114,81,20,60,105,73,98,40,74" hai3="131,84,91,59,26,10,112,76,123,70,19,116,11"/><U23/><E3/><V118/><F118/><W65/><G123/><T130/><D110/><U124/><E79/><V5/><F28/><W99/><G70/><T85/><D122/><U34/><E64/><V128/><F5/><W113/><G131/><T49/><D39/><U24/><E43/><V67/><F128/><W83/><G116/><T58/><D130/><U50/><E124/><V55/><F40/><W90/><G65/><T133/><D133/><N who="1" m="51307" /><E25/><V95/><F105/><W44/><G59/><T75/><D75/><U78/><E78/><V6/><F6/><N who="0" m="2090" /><D103/><U8/><E8/><V77/><F80/><AGARI ba="0,0" hai="18,23,24,34,35,41,47,50,80,86,89" m="51307" machi="80" ten="30,2900,0" yaku="20,1,52,1" doraHai="46" who="1" fromWho="2" sc="268,0,243,29,237,-29,252,0" /><INIT seed="5,1,0,5,0,79" ten="268,272,208,252" oya="1" hai0="103,134,46,54,91,75,43,128,60,93,68,13,98" hai1="112,124,39,16,1,125,4,107,109,80,106,96,130" hai2="3,111,41,88,62,58,19,89,0,31,59,87,9" hai3="72,50,56,44,42,10,95,94,70,97,18,30,49"/><U122/><E122/><V115/><F111/><W77/><G70/><T35/><D35/><U14/><E109/><V52/><F31/><W63/><G30/><T45/><D128/><U99/><E39/><V53/><F115/><W29/><G29/><T84/><D134/><U119/><E119/><V105/><F105/><W7/><G18/><T83/><D75/><U34/><E34/><V114/><F114/><W20/><G20/><T61/><D68/><U90/><E130/><V11/><F41/><W2/><G50/><N who="0" m="26943" /><D13/><U81/><E4/><V5/><F87/><W57/><G57/><T37/><D37/><U76/><E1/><V121/><F121/><W17/><G17/><T6/><D6/><U32/><E32/><V47/><F47/><W28/><G28/><T71/><D71/><U74/><E112/><V126/><F126/><N who="1" m="48745" /><E107/><V66/><F66/><W69/><G69/><T102/><D102/><U78/><E90/><V24/><F24/><W85/><G72/><T27/><D27/><U73/><E106/><V64/><F64/><W129/><G129/><T65/><D65/><U101/><E101/><V108/><F108/><W133/><G133/><T131/><D131/><U12/><E12/><V92/><F0/><W22/><G2/><T15/><D15/><U82/><E82/><V23/><F3/><W110/><G7/><T48/><AGARI ba="1,0" hai="46,48,54,60,61,83,84,91,93,98,103" m="26943" machi="48" ten="30,2000,0" yaku="8,1,52,1" doraHai="79" who="0" fromWho="0" sc="268,23,272,-11,208,-6,252,-6" /><INIT seed="6,0,0,5,3,51" ten="291,261,202,246" oya="2" hai0="128,85,55,62,93,52,101,122,76,134,129,124,1" hai1="130,5,67,84,70,125,86,23,57,59,2,131,95" hai2="92,74,42,71,25,105,94,109,113,7,114,16,15" hai3="56,29,58,28,107,54,41,102,126,82,21,27,31"/><V22/><F105/><W50/><G126/><T3/><D122/><U135/><E70/><V111/><F74/><W127/><G127/><T65/><D124/><U53/><E125/><V61/><F42/><W4/><G41/><T132/><D76/><U13/><E67/><V100/><F71/><W69/><G69/><N who="0" m="42167" /><D85/><U72/><E2/><N who="0" m="521" /><D93/><N who="2" m="35946" /><F100/><W89/><G4/><T48/><D101/><U46/><E72/><V60/><F7/><W79/><G89/><T68/><D48/><N who="1" m="28823" /><E135/><N who="0" m="51753" /><D68/><U14/><E86/><V75/><F75/><W103/><G107/><T8/><D8/><N who="1" m="4239" /><E84/><V106/><F106/><W18/><G103/><T77/><D77/><U32/><E95/><V78/><F78/><W115/><G102/><T73/><D73/><U9/><E9/><V66/><F15/><W133/><G133/><T97/><D97/><U19/><E32/><V43/><F43/><W91/><G79/><T88/><D88/><U98/><E98/><V118/><F118/><W64/><G91/><T63/><D63/><N who="2" m="24138" /><F66/><W117/><G117/><T99/><D99/><U119/><E119/><V24/><F24/><W83/><G64/><T123/><D123/><U17/><E14/><V38/><F38/><W39/><G39/><T80/><D80/><U112/><E23/><V26/><F26/><W33/><G83/><T37/><D37/><U6/><E6/><V116/><F116/><W121/><G82/><T0/><D0/><U120/><E120/><V30/><F16/><W49/><G121/><T96/><D96/><U81/><E19/><V11/><F11/><W36/><G36/><T45/><D45/><RYUUKYOKU ba="0,0" sc="291,15,261,-15,202,15,246,-15" hai0="52,55,128,129" hai2="22,25,30,109,111,113,114" /><INIT seed="6,1,0,5,2,116" ten="306,246,217,231" oya="2" hai0="97,87,54,59,33,100,131,93,42,122,5,78,94" hai1="15,23,21,129,108,18,47,46,90,124,8,10,49" hai2="95,76,91,51,114,119,2,31,24,101,120,7,106" hai3="62,113,44,4,73,107,40,38,121,57,135,127,1"/><V104/><F119/><W3/><G127/><T25/><D122/><U125/><E108/><V16/><F120/><W53/><G121/><T84/><D131/><U71/><E71/><V55/><F114/><W126/><G126/><N who="1" m="48746" /><E129/><V81/><F101/><W26/><G135/><T34/><D42/><N who="1" m="24791" /><E47/><V79/><F7/><W0/><G113/><T70/><D70/><U80/><E80/><V30/><F2/><W88/><G107/><T74/><D74/><U45/><E45/><N who="2" m="28143" /><F106/><W61/><G73/><T112/><D112/><U68/><E68/><V35/><F104/><W28/><G88/><T27/><D5/><U22/><E90/><V109/><F35/><W36/><G36/><T118/><D118/><U110/><E110/><V89/><F89/><W48/><REACH who="3" step="1"/><G4/><REACH who="3" ten="306,246,217,221" step="2"/><T115/><D115/><U72/><E72/><V13/><F109/><W111/><G111/><T92/><D92/><U102/><E102/><V96/><F81/><W6/><G6/><T14/><D93/><U50/><E15/><V86/><F86/><W117/><G117/><T12/><D14/><U132/><E132/><V134/><F134/><W29/><G29/><N who="2" m="10761" /><F24/><W103/><G103/><T37/><D37/><U11/><E18/><V32/><F32/><AGARI ba="1,1" hai="0,1,3,26,28,32,38,40,44,48,53,57,61,62" machi="32" ten="40,2600,0" yaku="1,1,53,1" doraHai="116" doraHaiUra="69" who="3" fromWho="2" sc="306,0,246,0,217,-29,221,39" /><INIT seed="7,0,0,5,2,124" ten="306,246,188,260" oya="3" hai0="59,40,24,80,133,30,106,75,34,87,22,89,99" hai1="48,9,7,21,76,69,92,120,97,90,58,45,134" hai2="109,71,66,96,102,5,19,63,15,60,28,36,127" hai3="65,125,68,103,107,135,116,61,42,32,110,56,117"/><W4/><G125/><T93/><D133/><U128/><E69/><V54/><F109/><W23/><G32/><T85/><D40/><U126/><E126/><V35/><F127/><W3/><G135/><T111/><D111/><U31/><E120/><V105/><F36/><W73/><G110/><T114/><D114/><U74/><E58/><V26/><F5/><W49/><G73/><T38/><D38/><U115/><E115/><V55/><REACH who="2" step="1"/><F60/><REACH who="2" ten="306,246,178,260" step="2"/><W0/><G4/><T122/><D122/><U29/><E134/><V77/><F77/><W52/><G116/><T53/><D75/><U84/><E76/><V112/><F112/><W82/><G117/><T8/><D85/><U18/><E7/><V1/><F1/><W64/><G3/><T67/><D87/><U81/><E84/><V88/><F88/><W118/><G0/><T91/><D89/><U50/><E90/><V25/><F25/><W17/><G118/><T86/><D86/><U131/><E74/><V27/><F27/><W72/><G72/><T20/><D91/><U98/><E81/><V101/><F101/><W41/><G82/><T104/><D80/><U95/><E98/><V39/><F39/><W14/><G103/><T6/><D99/><U121/><E97/><V37/><F37/><W129/><G61/><T11/><D24/><U51/><E121/><V47/><F47/><W46/><G46/><T130/><D6/><U119/><E119/><V100/><F100/><W10/><G14/><T33/><D33/><U132/><E132/><V70/><F70/><W62/><G68/><T12/><D34/><RYUUKYOKU ba="0,1" sc="306,-10,246,-10,178,30,260,-10" hai2="15,19,26,28,35,54,55,63,66,71,96,102,105" /><INIT seed="8,1,1,5,3,108" ten="296,236,208,250" oya="0" hai0="122,63,28,13,36,25,4,67,99,54,88,87,43" hai1="60,51,91,32,90,49,58,41,106,72,6,46,78" hai2="97,130,77,39,3,17,133,101,22,11,123,69,52" hai3="79,70,55,42,100,1,134,68,75,62,23,116,126"/><T33/><D122/><U84/><E106/><V112/><F123/><W92/><G1/><T45/><D99/><U47/><E32/><V129/><F69/><W119/><G42/><T26/><D54/><U34/><E34/><V115/><F39/><W7/><G7/><T56/><D26/><U94/><E72/><V53/><F77/><W111/><G126/><T18/><D4/><U95/><E78/><V9/><F3/><W8/><G8/><N who="2" m="3145" /><F17/><W37/><G23/><T103/><D103/><U89/><E6/><V38/><F38/><W96/><G37/><T50/><D36/><U59/><E60/><V80/><F80/><N who="3" m="45183" /><G134/><T131/><D131/><N who="2" m="50186" /><F22/><W71/><G111/><T107/><D107/><U118/><E118/><N who="3" m="45098" /><G55/><N who="2" m="21065" /><F133/><W132/><G132/><T31/><D33/><U83/><E83/><V113/><F113/><W20/><G20/><N who="0" m="11343" /><D25/><U5/><E5/><V61/><F61/><AGARI ba="1,1" hai="61,62,68,70,71,92,96,100" m="45098,45183" machi="61" ten="40,1300,0" yaku="16,1" doraHai="108" who="3" fromWho="2" sc="296,0,236,0,208,-16,250,26" /><INIT seed="9,0,0,1,0,22" ten="296,236,192,276" oya="1" hai0="26,113,78,61,90,12,16,35,108,1,38,37,40" hai1="79,36,105,24,127,18,71,52,99,47,128,107,51" hai2="23,135,66,130,91,100,111,20,17,7,28,62,98" hai3="72,0,102,3,110,30,86,132,27,32,89,6,92"/><U115/><E115/><V14/><F130/><W2/><G110/><T70/><D108/><U57/><E128/><V80/><F135/><W82/><G132/><T117/><D113/><U120/><E120/><V133/><F133/><W109/><G109/><T64/><D1/><U114/><E114/><V41/><F111/><W76/><REACH who="3" step="1"/><G102/><REACH who="3" ten="296,236,192,266" step="2"/><T119/><D117/><U43/><E127/><V11/><F41/><W106/><G106/><T84/><D119/><U34/><E107/><V5/><F100/><W50/><G50/><T134/><D40/><U88/><E105/><V67/><F67/><W75/><G75/><T19/><D134/><U65/><E65/><V121/><F121/><W53/><G53/><T97/><D37/><U4/><E36/><V74/><F74/><W112/><G112/><T118/><D38/><U101/><E101/><V55/><F55/><W25/><G25/><T33/><D26/><U31/><E43/><V87/><F98/><W49/><G49/><T45/><D97/><U58/><E99/><V104/><F104/><W9/><AGARI ba="0,1" hai="0,2,3,6,9,27,30,32,72,76,82,86,89,92" machi="9" ten="30,7900,0" yaku="1,1,0,1,52,1,53,1" doraHai="22" doraHaiUra="83" who="3" fromWho="3" sc="296,-20,236,-39,192,-20,266,89" owari="276,7.6,197,-20.3,172,-32.8,355,45.5" /></mjloggm>