<mjloggm ver="2.3"><GO type="169" lobby="0"/><UN n0="%E3%82%A4%E3%82%AB%E3%81%AB%E3%82%82%E6%9D%B1%E5%8C%97" n1="%E7%88%86%E5%8B%9D%E5%95%8F%E9%A1%8C" n2="%E4%BF%BA%E3%81%A7%E3%81%99" n3="%E3%81%A4%E3%82%8B%E3%82%8B" dan="17,16,16,16" rate="2175.58,2078.40,2141.44,2171.19" sx="M,M,M,M"/><TAIKYOKU oya="0"/><INIT seed="0,0,0,0,2,2" ten="250,250,250,250" oya="0" hai0="106,49,129,88,21,46,58,71,77,53,94,99,5" hai1="82,67,55,29,98,93,117,112,102,34,32,31,89" hai2="9,104,52,92,72,60,27,66,123,62,54,14,50" hai3="44,131,13,26,101,108,120,121,70,22,37,110,7"/><T64/><D129/><U134/><E117/><V122/><F104/><W40/><G70/><T12/><D106/><U135/><E67/><V19/><F72/><W36/><G101/><T43/><D77/><U103/><E55/><V20/><F123/><N who="3" m="47179" /><G37/><T124/><D124/><U39/><E39/><V87/><F122/><W30/><G131/><T24/><D71/><U65/><E65/><V38/><F38/><W56/><G56/><T59/><D64/><U78/><E103/><V6/><F66/><W73/><G73/><T51/><D59/><U115/><E102/><V132/><F132/><N who="1" m="50729" /><E31/><V75/><F75/><W113/><G113/><N who="1" m="43594" /><E29/><V79/><F54/><W45/><G45/><T18/><REACH who="0" step="1"/><D5/><REACH who="0" ten="240,250,250,250" step="2"/><U33/><E78/><V25/><F79/><W126/><G126/><T107/><D107/><U41/><E34/><V61/><F6/><W11/><AGARI ba="0,1" hai="7,11,13,22,26,30,36,40,44,108,110" m="47179" machi="11" ten="30,2000,0" yaku="13,1,52,1" doraHai="2" who="3" fromWho="3" sc="240,-10,250,-5,250,-5,250,30" /><INIT seed="1,0,0,4,3,6" ten="230,245,245,280" oya="1" hai0="128,91,87,12,38,69,30,23,46,105,5,47,53" hai1="11,129,26,79,116,17,113,104,119,95,8,65,4" hai2="71,61,90,123,100,19,98,120,86,32,35,101,122" hai3="133,55,85,118,63,1,31,59,94,28,54,127,73"/><U107/><E113/><V130/><F130/><W51/><G73/><T82/><D69/><U117/><E129/><V106/><F101/><W78/><G127/><T13/><D128/><U62/><E79/><V52/><F19/><W81/><G133/><T121/><D105/><U108/><E95/><V97/><F97/><W74/><G1/><T33/><D121/><U2/><E108/><V102/><F102/><W24/><G118/><T45/><D33/><U103/><E103/><V124/><F124/><W114/><G114/><T66/><D66/><U40/><E40/><V0/><F0/><W125/><G125/><T29/><D38/><U68/><REACH who="1" step="1"/><E26/><REACH who="1" ten="230,235,245,280" step="2"/><V34/><F100/><W77/><G24/><T110/><D110/><U72/><E72/><V84/><F106/><W109/><G109/><T43/><D43/><U39/><E39/><V9/><F123/><W18/><G78/><T48/><D91/><U99/><E99/><V20/><F98/><W134/><G94/><T93/><D93/><U132/><E132/><V92/><F122/><W21/><G74/><T131/><D131/><U44/><E44/><V75/><F75/><W15/><G134/><T57/><D46/><AGARI ba="0,1" hai="15,18,21,28,31,46,51,54,55,59,63,77,81,85" machi="46" ten="30,2000,0" yaku="7,1,8,1" doraHai="6" who="3" fromWho="0" sc="230,-20,235,0,245,0,280,30" /><INIT seed="2,0,0,2,5,6" ten="210,235,245,310" oya="2" hai0="45,118,78,63,132,48,100,117,121,7,130,41,62" hai1="37,50,96,69,34,87,97,107,8,65,49,44,93" hai2="73,82,46,114,81,23,28,64,106,51,113,91,86" hai3="109,58,79,119,76,35,95,111,19,24,101,94,17"/><V68/><F106/><W53/><G119/><N who="0" m="45579" /><D100/><U103/><E34/><V125/><F125/><W105/><G105/><T66/><D78/><N who="3" m="29737" /><G35/><T83/><D83/><U74/><E74/><V70/><F73/><W127/><G127/><T115/><D7/><U72/><E72/><V21/><F64/><W18/><G24/><T4/><D4/><U38/><E87/><V102/><F102/><W110/><G101/><T10/><D10/><U5/><E65/><V71/><F82/><W52/><G58/><N who="0" m="37207" /><D121/><U124/><E69/><V129/><F129/><W14/><G14/><T128/><D115/><U120/><E50/><V89/><F89/><W3/><G3/><T122/><D122/><U11/><E124/><V32/><F32/><W33/><G33/><T90/><D90/><U26/><E26/><V98/><F28/><W31/><G31/><T27/><D27/><U75/><E75/><V57/><F114/><W88/><G95/><T61/><D132/><U2/><E11/><V77/><F113/><W36/><G36/><T13/><D13/><U99/><E120/><V9/><F9/><W85/><AGARI ba="0,0" hai="17,18,19,52,53,85,88,94,109,110,111" m="29737" machi="85" ten="40,5200,0" yaku="14,1,54,2" doraHai="6" who="3" fromWho="3" sc="210,-13,235,-13,245,-26,310,52" /><INIT seed="3,0,0,4,3,43" ten="197,222,219,362" oya="3" hai0="134,53,120,133,90,7,78,46,33,40,103,67,9" hai1="129,12,109,94,88,59,132,102,39,66,16,111,29" hai2="123,56,70,42,31,87,44,27,6,10,131,55,91" hai3="126,68,113,20,37,127,63,82,65,115,117,49,22"/><W61/><G82/><T50/><D120/><U108/><E39/><V77/><F123/><W81/><G81/><T98/><D33/><U106/><E29/><V74/><F70/><N who="3" m="42287" /><G22/><T112/><D112/><N who="3" m="43081" /><G20/><T21/><D67/><U97/><E132/><N who="0" m="50793" /><D78/><U19/><E129/><V105/><F105/><W48/><G37/><T14/><D21/><U119/><E119/><V52/><F77/><W11/><G11/><T79/><D79/><U54/><E66/><V84/><F74/><W128/><G128/><T47/><D90/><U89/><E12/><V62/><F131/><W35/><G35/><T17/><D7/><U1/><E89/><V92/><F27/><W57/><G68/><T121/><D121/><U30/><E30/><V100/><F31/><W93/><G93/><N who="0" m="58831" /><D40/><U73/><E1/><V5/><F100/><W99/><G99/><T72/><D72/><U75/><E75/><V23/><F23/><W60/><G117/><T101/><D101/><U36/><E36/><V51/><F87/><W15/><G15/><T41/><D41/><U114/><E73/><V34/><F34/><W107/><G107/><T104/><D104/><U4/><E4/><N who="2" m="1643" /><F10/><W124/><G63/><T135/><N who="0" m="50801" /><T95/><DORA hai="69" /><D95/><U80/><E80/><V0/><F0/><W8/><G8/><T38/><D38/><U26/><E114/><V3/><F3/><W122/><G122/><T18/><D17/><U64/><E64/><AGARI ba="0,0" hai="42,44,51,52,55,56,62,64,84,91,92" m="1643" machi="64" ten="30,3900,0" yaku="8,1,52,1,54,1" doraHai="43,69" who="2" fromWho="1" sc="197,0,222,-39,219,39,362,0" /><AGARI ba="0,0" hai="48,49,57,60,64,124,126,127" m="43081,42287" machi="64" ten="40,7700,0" yaku="18,1,34,2" doraHai="43,69" who="3" fromWho="1" sc="197,0,183,-77,258,0,362,77" /><INIT seed="3,1,0,0,1,43" ten="197,106,258,439" oya="3" hai0="75,83,120,92,36,58,51,113,133,77,107,13,70" hai1="44,9,11,71,16,86,15,118,82,28,35,73,42" hai2="121,5,81,57,40,25,63,105,126,0,127,95,34" hai3="93,84,33,115,85,32,53,14,76,94,132,111,20"/><W31/><G115/><T91/><D120/><U10/><E71/><V67/><F105/><W30/><G53/><T29/><D36/><U6/><E73/><V99/><F121/><W8/><G20/><T1/><D1/><U104/><E104/><V59/><F81/><W64/><G64/><T108/><D70/><U60/><E118/><V66/><F0/><W27/><G132/><T97/><D108/><U119/><E119/><V45/><F5/><W74/><G74/><T18/><D133/><U129/><E129/><V135/><F135/><W3/><G3/><T87/><D29/><U65/><E6/><V109/><F109/><W19/><G111/><T106/><D97/><U24/><E60/><V112/><F112/><W116/><G116/><T122/><D122/><U62/><E62/><V134/><F134/><W125/><G125/><N who="2" m="47625" /><F25/><W50/><G50/><T130/><D130/><U80/><E65/><N who="2" m="39167" /><F57/><W4/><G4/><T117/><D113/><U22/><REACH who="1" step="1"/><E86/><REACH who="1" ten="197,96,258,439" step="2"/><V52/><F67/><W124/><G124/><T46/><D117/><U48/><AGARI ba="1,1" hai="9,10,11,15,16,22,24,28,35,42,44,48,80,82" machi="48" ten="30,12000,2" yaku="1,1,2,1,0,1,52,1,54,1,53,1" doraHai="43" doraHaiUra="26" who="1" fromWho="1" sc="197,-31,96,133,258,-31,439,-61" /><INIT seed="4,0,0,0,4,126" ten="166,229,227,378" oya="0" hai0="95,125,132,60,28,112,67,109,56,1,44,84,4" hai1="53,9,131,10,92,115,55,35,17,37,2,86,135" hai2="48,83,33,41,14,24,8,82,78,61,49,117,25" hai3="11,88,102,58,103,87,110,22,106,80,76,3,39"/><T7/><D125/><U90/><E37/><V73/><F117/><W65/><G110/><T89/><D109/><U118/><E118/><V124/><F124/><W19/><G39/><T79/><D112/><U30/><E115/><V107/><F107/><W54/><G65/><T111/><D111/><U133/><E35/><V104/><F104/><W127/><G106/><T85/><D132/><N who="1" m="50763" /><E30/><V27/><F33/><W97/><G127/><T43/><D28/><U15/><E131/><V105/><F105/><W40/><G40/><T72/><D72/><U46/><E46/><V62/><F83/><W0/><G0/><T16/><D1/><U45/><E45/><V5/><REACH who="2" step="1"/><F41/><REACH who="2" ten="166,229,217,378" step="2"/><W120/><G120/><T93/><D93/><U114/><E114/><V100/><F100/><W38/><G103/><T81/><REACH who="0" step="1"/><D16/><REACH who="0" ten="156,229,217,378" step="2"/><N who="1" m="8303" /><E2/><V91/><F91/><W50/><G88/><T94/><D94/><U36/><E36/><AGARI ba="0,2" hai="4,7,36,43,44,56,60,67,79,81,84,85,89,95" machi="36" ten="30,2900,0" yaku="1,1,7,1,53,0" doraHai="126" doraHaiUra="128" who="0" fromWho="1" sc="156,49,229,-29,217,0,378,0" /><INIT seed="4,1,0,0,5,9" ten="205,200,217,378" oya="0" hai0="42,98,130,88,127,101,10,92,1,84,57,5,26" hai1="97,105,103,22,41,126,59,30,131,85,113,118,24" hai2="109,78,44,99,54,34,71,128,75,112,76,80,64" hai3="58,2,14,96,133,20,123,61,90,66,38,107,124"/><T32/><D130/><U94/><E118/><V0/><F109/><W18/><G2/><T60/><D127/><U16/><E126/><V120/><F0/><W47/><G124/><T81/><D42/><U116/><E116/><V73/><F34/><W15/><G133/><T83/><D32/><U49/><E131/><V79/><F128/><W55/><G123/><T3/><D26/><U129/><E129/><V119/><F119/><W53/><G38/><T121/><D121/><U87/><E105/><V62/><F112/><W117/><G117/><T115/><D115/><U4/><E113/><V46/><F99/><W31/><G31/><T134/><D134/><U17/><E4/><V122/><F54/><N who="3" m="20491" /><G107/><T65/><REACH who="0" step="1"/><D1/><REACH who="0" ten="195,200,217,378" step="2"/><U56/><E41/><V91/><F122/><W114/><G114/><T28/><D28/><U69/><E30/><V72/><F120/><W50/><G47/><T19/><D19/><U40/><E17/><V23/><F44/><W43/><G43/><T100/><D100/><U6/><E6/><V82/><F46/><W52/><G50/><T63/><D63/><U11/><E40/><V13/><F62/><W89/><G61/><T132/><D132/><U12/><E49/><V74/><F71/><W51/><G18/><T39/><D39/><U67/><E69/><V33/><F33/><W110/><G51/><T25/><D25/><U102/><E102/><V21/><F75/><W8/><G58/><N who="1" m="22058" /><E67/><V104/><F64/><W45/><G66/><T86/><D86/><U108/><E108/><V93/><F74/><W48/><N who="3" m="20499" /><W29/><DORA hai="27" /><G110/><RYUUKYOKU ba="1,1" sc="195,15,200,15,217,-15,378,-15" hai0="3,5,10,57,60,65,81,83,84,88,92,98,101" hai1="11,12,16,22,24,85,87,94,97,103" /><INIT seed="4,2,1,1,3,49" ten="210,215,202,363" oya="0" hai0="29,43,12,54,117,24,60,95,7,79,135,115,112" hai1="52,66,34,75,134,85,91,48,70,126,124,133,73" hai2="13,9,97,64,46,87,67,118,81,51,2,20,80" hai3="25,105,76,56,58,26,77,3,93,86,23,101,17"/><T42/><D117/><U94/><E34/><V37/><F2/><W100/><G3/><T47/><D135/><N who="1" m="51723" /><E66/><V102/><F37/><W10/><G105/><T127/><D127/><N who="1" m="48683" /><E70/><V0/><F0/><W130/><G10/><N who="0" m="4191" /><D79/><U109/><E109/><V36/><F36/><W61/><G86/><T62/><D95/><U83/><E94/><N who="2" m="58679" /><F20/><W55/><G93/><T59/><D62/><U98/><E98/><V88/><F81/><W22/><G61/><T121/><D121/><U32/><E32/><V99/><F99/><W110/><G110/><T15/><D15/><U128/><E128/><V6/><F118/><W111/><G130/><T30/><D24/><U84/><E85/><V14/><F13/><W106/><G111/><T65/><D65/><U4/><E4/><V11/><F11/><W39/><G26/><T104/><D104/><U19/><E19/><V103/><F103/><W1/><G17/><T40/><D47/><AGARI ba="2,1" hai="47,48,52,73,75,83,84,91" m="48683,51723" machi="47" ten="30,7700,0" yaku="20,1,18,1,52,1,54,1" doraHai="49" who="1" fromWho="0" sc="210,-83,215,93,202,0,363,0" /><INIT seed="5,0,0,5,2,21" ten="127,308,202,363" oya="1" hai0="75,118,72,79,105,26,125,91,88,28,104,110,112" hai1="135,41,52,37,61,2,89,17,87,15,95,113,127" hai2="0,106,36,44,29,5,123,82,83,47,24,19,31" hai3="6,3,93,133,27,102,97,70,56,74,8,13,94"/><U84/><E2/><V10/><F123/><W18/><G74/><T117/><D110/><U121/><E121/><V132/><F106/><W62/><G133/><T96/><D28/><U92/><E135/><V129/><F129/><W34/><G70/><T23/><D23/><U126/><E37/><V120/><F120/><W122/><G122/><T115/><D26/><U67/><E41/><V42/><F132/><W99/><G34/><T98/><REACH who="0" step="1"/><D79/><REACH who="0" ten="117,308,202,363" step="2"/><U80/><E126/><AGARI ba="0,1" hai="72,75,88,91,96,98,104,105,112,115,117,118,125,126" machi="126" ten="25,16000,3" yaku="1,1,2,1,22,2,34,3,54,1,53,2" doraHai="21" doraHaiUra="85" who="0" fromWho="1" sc="117,170,308,-160,202,0,363,0" /><INIT seed="6,0,0,0,3,18" ten="287,148,202,363" oya="2" hai0="29,68,69,4,32,108,54,50,11,5,56,86,1" hai1="57,47,109,100,8,30,45,53,70,80,62,2,131" hai2="129,121,97,104,89,101,0,123,19,61,58,60,102" hai3="63,34,71,15,20,98,21,132,59,52,44,122,46"/><V91/><F0/><W72/><G34/><T95/><D108/><U48/><E109/><V106/><F129/><W115/><G122/><T133/><D133/><U114/><E131/><V134/><F19/><N who="3" m="10367" /><G72/><T23/><D32/><U26/><E114/><V28/><F134/><W78/><G71/><T124/><D124/><U103/><E47/><V105/><F105/><W82/><G115/><T39/><D39/><U16/><E70/><V33/><F58/><W35/><G35/><T64/><D64/><U24/><E80/><V25/><F25/><W65/><G98/><T110/><D5/><U12/><E2/><V27/><F27/><N who="1" m="10281" /><E30/><V17/><F97/><W85/><G21/><T126/><D23/><U43/><AGARI ba="0,0" hai="8,12,16,43,45,48,53,57,62,100,103" m="10281" machi="43" ten="30,2000,0" yaku="8,1,54,1" doraHai="18" who="1" fromWho="1" sc="287,-5,148,20,202,-10,363,-5" /><INIT seed="7,0,0,0,5,5" ten="282,168,192,358" oya="3" hai0="103,75,30,86,60,119,50,26,113,127,79,78,10" hai1="36,67,82,107,110,132,17,32,129,64,94,106,29" hai2="34,3,101,46,99,9,116,58,43,80,95,102,122" hai3="0,24,13,18,54,20,14,105,22,77,37,25,7"/><W2/><G37/><T35/><D119/><U66/><E110/><V19/><F116/><W93/><G105/><T74/><D127/><U92/><E36/><V135/><F34/><W1/><G77/><T63/><D103/><U62/><E32/><V81/><F135/><W4/><G93/><T114/><D50/><U41/><E41/><V12/><F122/><W71/><G54/><T27/><D86/><U108/><E108/><V69/><F69/><W89/><G89/><T38/><D38/><U87/><E29/><V33/><F33/><W23/><G71/><T51/><D51/><U68/><E132/><V70/><F70/><W109/><G109/><T45/><D35/><U39/><E39/><V90/><F3/><W56/><G56/><T21/><D21/><N who="3" m="8297" /><G13/><T83/><D45/><U117/><E117/><V120/><F58/><W88/><G88/><T118/><D118/><U28/><E28/><V48/><F120/><W49/><G49/><T61/><D30/><U72/><E72/><V96/><F90/><W123/><G123/><T31/><D31/><U57/><E68/><V131/><F131/><W112/><G112/><T126/><D78/><N who="1" m="46551" /><E17/><V125/><REACH who="2" step="1"/><F125/><REACH who="2" ten="282,168,182,358" step="2"/><W52/><G0/><T40/><D126/><U128/><E107/><AGARI ba="0,1" hai="9,12,19,43,46,48,80,81,95,96,99,101,102,107" machi="107" ten="30,7700,0" yaku="1,1,2,1,7,1,52,1,53,0" doraHai="5" doraHaiUra="85" who="2" fromWho="1" sc="282,0,168,-77,182,87,358,0" owari="282,8.2,91,-40.9,269,-13.1,358,45.8" /></mjloggm>