<mjloggm ver="2.3"><GO type="169" lobby="0"/><UN n0="%E3%82%AB%E3%82%B6%E3%83%A9%E3%82%AD" n1="%E6%97%A5%E9%99%B0%E3%81%95%E3%82%93" n2="%E3%82%B9%E3%83%9E%E3%83%9B%E3%81%82%E3%81%96%E3%82%89%E3%81%97" n3="%68%69%73%61%74%6F%E6%A3%92" dan="17,16,17,16" rate="2149.94,2072.69,2152.55,2053.86" sx="M,F,M,M"/><TAIKYOKU oya="0"/><INIT seed="0,0,0,2,3,85" ten="250,250,250,250" oya="0" hai0="118,68,21,116,95,47,112,55,36,35,60,3,79" hai1="130,93,94,34,39,48,22,16,87,135,63,107,41" hai2="7,50,49,77,5,78,76,4,84,96,82,51,42" hai3="43,100,98,46,81,104,113,53,45,123,14,97,18"/><T102/><D35/><U13/><E107/><V54/><F96/><W67/><G113/><T129/><D112/><U109/><E109/><V30/><F30/><W6/><G6/><T128/><D3/><U126/><E126/><V111/><F111/><W120/><G67/><N who="0" m="41063" /><D21/><U33/><E135/><V44/><REACH who="2" step="1"/><F54/><REACH who="2" ten="250,250,240,250" step="2"/><W66/><G97/><N who="0" m="59711" /><D55/><U131/><E131/><N who="0" m="50249" /><D79/><AGARI ba="0,1" hai="4,5,7,42,44,49,50,51,76,77,78,79,82,84" machi="79" ten="40,2600,0" yaku="1,1,8,1,53,0" doraHai="85" doraHaiUra="20" who="2" fromWho="0" sc="250,-26,250,0,240,36,250,0" /><INIT seed="1,0,0,4,2,59" ten="224,250,276,250" oya="1" hai0="87,6,7,115,73,23,100,124,97,29,113,112,38" hai1="69,94,101,70,58,1,123,42,76,117,111,72,18" hai2="90,121,60,127,133,50,0,21,91,84,63,46,128" hai3="37,17,16,8,22,11,52,65,5,93,120,19,103"/><U80/><E117/><V40/><F121/><W15/><G37/><T62/><D73/><U51/><E123/><V9/><F128/><W24/><G65/><T28/><D38/><U13/><E1/><V32/><F32/><W129/><G129/><T98/><D87/><U66/><E111/><V57/><F133/><W25/><G25/><T61/><D23/><U55/><E42/><V33/><F33/><W126/><G126/><T79/><D79/><U83/><E83/><V45/><F127/><W53/><G120/><T132/><D124/><U20/><REACH who="1" step="1"/><E66/><REACH who="1" ten="224,240,276,250" step="2"/><V4/><F0/><W10/><G5/><T114/><D114/><U77/><E77/><V34/><F40/><W135/><G135/><T27/><D113/><U3/><E3/><V49/><F4/><W125/><G125/><T122/><D122/><U36/><E36/><V47/><F34/><W81/><G81/><T82/><D82/><U96/><AGARI ba="0,1" hai="13,18,20,51,55,58,69,70,72,76,80,94,96,101" machi="96" ten="30,6000,0" yaku="1,1,0,1,53,1" doraHai="59" doraHaiUra="104" who="1" fromWho="1" sc="224,-20,240,70,276,-20,250,-20" /><INIT seed="1,1,0,0,1,102" ten="204,310,256,230" oya="1" hai0="33,124,108,98,96,99,129,74,103,60,113,87,95" hai1="122,75,29,0,100,105,70,135,11,126,35,77,107" hai2="56,7,69,78,80,19,73,4,66,34,133,14,21" hai3="30,8,118,64,112,12,76,59,94,40,43,101,62"/><U50/><E122/><V55/><F34/><W111/><G111/><T130/><D33/><U110/><E70/><V54/><F133/><W97/><G112/><T127/><D60/><U89/><E135/><V117/><F117/><W1/><G1/><T37/><D37/><U22/><E22/><V52/><REACH who="2" step="1"/><F56/><REACH who="2" ten="204,310,246,230" step="2"/><W93/><G118/><T109/><D113/><U17/><E35/><V128/><F128/><N who="0" m="49258" /><D74/><U83/><E75/><V18/><F18/><W67/><G30/><T38/><D38/><U65/><E17/><V116/><F116/><W36/><G36/><T49/><D49/><U81/><E50/><V92/><F92/><W104/><G67/><T27/><D27/><U58/><E65/><V86/><F86/><W26/><G26/><T13/><D13/><U42/><E29/><V123/><F123/><W106/><G93/><T39/><D39/><U5/><E110/><N who="0" m="42601" /><D87/><U16/><E0/><V79/><F79/><W48/><G76/><T6/><D6/><U47/><E77/><V132/><F132/><W28/><G28/><T9/><D9/><U57/><E11/><V53/><N who="2" m="13312" /><DORA hai="32" /><V63/><AGARI ba="1,1" hai="4,7,14,19,21,63,66,69,73,78,80" m="13312" machi="63" ten="40,8000,1" yaku="1,1,4,1,0,1,54,1,53,1" doraHai="102,32" doraHaiUra="72,125" who="2" fromWho="2" sc="204,-21,310,-41,246,93,230,-21" /><INIT seed="2,0,0,4,1,85" ten="183,269,339,209" oya="2" hai0="29,104,116,74,117,129,33,47,108,9,52,42,95" hai1="84,48,3,44,22,30,26,46,2,36,28,11,72" hai2="71,125,128,13,124,77,115,6,43,5,78,107,14" hai3="118,113,67,99,97,135,88,131,19,38,69,75,65"/><V18/><F107/><W20/><G118/><N who="0" m="45675" /><D104/><U50/><E72/><V111/><F71/><W103/><G75/><T98/><D74/><U21/><E36/><V126/><F115/><W73/><G73/><T105/><D105/><U54/><E11/><V121/><F121/><W130/><G38/><T15/><D29/><U35/><E35/><V61/><F61/><W114/><G103/><T25/><D25/><U58/><E58/><V80/><F128/><N who="3" m="49195" /><G99/><T68/><D33/><U70/><E70/><V4/><F111/><W79/><G79/><N who="2" m="30217" /><F80/><W106/><G135/><T127/><D68/><U94/><E94/><V96/><F96/><W110/><G110/><T66/><D66/><N who="3" m="25097" /><G69/><T37/><D108/><U12/><E84/><V10/><F43/><W51/><G51/><N who="0" m="28799" /><D42/><U101/><E101/><V82/><F82/><W1/><G1/><T134/><D134/><U39/><E39/><V90/><F13/><N who="3" m="9327" /><G106/><T0/><D0/><U31/><E12/><V89/><AGARI ba="0,0" hai="4,5,6,10,14,18,89,90,124,125,126" m="30217" machi="89" ten="40,7800,0" yaku="18,1,52,2" doraHai="85" who="2" fromWho="2" sc="183,-26,269,-26,339,78,209,-26" /><INIT seed="2,1,0,1,5,2" ten="157,243,417,183" oya="2" hai0="81,86,116,66,79,1,131,5,111,49,129,65,37" hai1="56,93,46,40,58,24,34,61,20,35,110,107,43" hai2="52,90,82,10,123,135,36,97,103,45,89,124,48" hai3="71,18,126,80,108,130,87,92,38,63,75,77,25"/><V53/><F123/><W27/><G38/><T67/><D37/><U70/><E107/><V15/><F135/><W11/><G108/><T39/><D39/><U78/><E110/><V42/><F124/><W23/><G130/><T114/><D111/><U21/><E78/><V29/><F29/><W122/><G122/><T127/><D114/><U119/><E119/><V16/><F82/><W105/><G105/><T73/><D127/><U54/><E70/><V133/><F133/><W50/><G50/><T33/><D33/><U62/><E93/><N who="2" m="58799" /><F36/><W44/><G27/><T125/><D125/><U47/><E24/><V99/><F99/><W30/><G44/><T98/><D98/><U83/><E83/><V95/><F95/><W120/><G92/><T7/><D73/><U55/><AGARI ba="1,0" hai="20,21,34,35,40,43,46,47,54,55,56,58,61,62" machi="55" ten="25,3200,0" yaku="0,1,22,2" doraHai="2" who="1" fromWho="1" sc="157,-9,243,35,417,-17,183,-9" /><INIT seed="3,0,0,4,3,39" ten="148,278,400,174" oya="3" hai0="33,78,90,7,76,124,41,81,63,15,89,53,96" hai1="47,62,71,74,95,59,51,61,75,52,70,102,4" hai2="91,21,114,118,31,6,45,8,12,106,115,72,58" hai3="123,29,69,18,98,111,34,135,80,99,83,130,56"/><W2/><G123/><T132/><D33/><U100/><E4/><V57/><F118/><W23/><G69/><T68/><D124/><U16/><E70/><V0/><F106/><W94/><G2/><T24/><D24/><U126/><E126/><V20/><F72/><W35/><G29/><T88/><D132/><U86/><E75/><V103/><F103/><W26/><G130/><T37/><D96/><U5/><E74/><V108/><F91/><W19/><G111/><T120/><D120/><U11/><E62/><V93/><F93/><W54/><G18/><T109/><D109/><U104/><E71/><V85/><F85/><W60/><G99/><T44/><D81/><N who="3" m="31305" /><G135/><T128/><D128/><U121/><E104/><V79/><F79/><W36/><G36/><T66/><REACH who="0" step="1"/><D53/><REACH who="0" ten="138,278,400,174" step="2"/><U43/><E121/><V117/><F108/><W48/><G35/><T92/><D92/><U46/><E95/><V105/><F105/><W3/><G34/><T112/><D112/><U65/><E52/><V125/><F125/><W131/><G131/><T25/><D25/><U110/><E110/><V107/><F107/><W14/><G26/><T116/><D116/><U77/><E77/><V119/><F114/><W97/><G97/><T73/><D73/><U49/><E86/><V32/><F115/><W50/><G3/><T27/><D27/><U113/><E113/><V10/><F0/><W133/><G133/><T67/><D67/><U30/><E65/><V55/><F117/><W1/><G1/><T129/><D129/><U9/><E30/><V42/><F119/><W101/><AGARI ba="0,1" hai="14,19,23,48,50,54,56,60,94,98,101" m="31305" machi="101" ten="30,3000,0" yaku="5,1,8,1" doraHai="39" who="3" fromWho="3" sc="138,-10,278,-10,400,-10,174,40" /><INIT seed="3,1,0,5,5,68" ten="128,268,390,214" oya="3" hai0="9,20,36,128,42,28,25,29,84,126,117,8,58" hai1="122,12,73,97,66,132,99,91,48,131,18,50,77" hai2="37,54,129,27,74,90,45,52,44,85,106,5,26" hai3="134,11,116,72,133,104,35,0,63,53,81,123,79"/><W76/><G76/><T14/><D117/><U51/><E122/><V32/><F74/><W56/><G35/><T105/><D105/><U103/><E132/><N who="3" m="50794" /><G104/><T15/><D58/><U23/><E131/><V17/><F106/><W43/><G123/><T41/><D128/><U100/><E66/><V67/><F129/><W21/><G21/><T119/><D119/><U47/><E73/><V34/><F5/><N who="3" m="1447" /><G43/><T78/><D126/><U13/><E77/><V87/><F67/><W101/><G101/><N who="1" m="38986" /><E47/><V114/><F114/><W80/><G80/><T102/><D102/><U93/><E13/><V70/><F70/><W135/><G135/><T112/><D112/><U109/><E109/><V96/><F90/><W118/><AGARI ba="1,0" hai="53,56,63,72,79,81,116,118" m="1447,50794" machi="118" ten="30,1500,0" yaku="20,1" doraHai="68" who="3" fromWho="3" sc="128,-6,268,-6,390,-6,214,18" /><INIT seed="3,2,0,2,1,83" ten="122,262,384,232" oya="3" hai0="46,90,25,79,102,23,40,91,122,128,101,55,82" hai1="76,80,54,104,99,62,60,100,117,120,95,42,5" hai2="41,39,98,11,13,67,78,73,75,59,88,125,66" hai3="6,43,51,96,121,22,30,37,38,134,50,105,1"/><W107/><G121/><T10/><D122/><U81/><E117/><V15/><F125/><W126/><G126/><T84/><D128/><U70/><E120/><V106/><F13/><W17/><G30/><T89/><D55/><U57/><E42/><V16/><F78/><W127/><G127/><T116/><D116/><U110/><E110/><V36/><F66/><W20/><G43/><T35/><D35/><U109/><E109/><V45/><F36/><W132/><G96/><T119/><D10/><U65/><E5/><V131/><F131/><W108/><G6/><T92/><D92/><U111/><E111/><V68/><F68/><W44/><G108/><T19/><REACH who="0" step="1"/><D119/><REACH who="0" ten="112,262,384,232" step="2"/><U28/><E104/><V118/><F106/><W14/><G105/><T33/><D33/><U58/><E28/><V74/><F118/><W87/><G107/><T27/><D27/><U94/><E94/><V49/><F11/><W21/><G22/><T71/><D71/><U112/><E112/><V53/><F53/><W124/><G124/><T34/><D34/><U113/><E113/><V130/><F130/><W31/><G31/><T63/><D63/><U8/><E8/><V3/><F41/><W93/><G93/><T0/><D0/><U47/><E70/><V135/><F3/><W2/><G14/><T9/><D9/><U77/><E47/><V69/><F15/><W86/><G17/><T26/><D26/><U12/><E12/><V129/><F16/><W123/><G123/><T18/><D18/><U32/><E32/><V115/><F69/><W48/><G44/><T72/><D72/><RYUUKYOKU ba="2,1" sc="112,15,262,15,384,-15,232,-15" hai0="19,23,25,40,46,79,82,84,89,90,91,101,102" hai1="54,57,58,60,62,65,76,77,80,81,95,99,100" /><INIT seed="4,3,1,4,1,75" ten="127,277,369,217" oya="0" hai0="115,34,114,27,64,103,112,48,8,83,40,25,134" hai1="55,85,92,131,60,15,16,4,9,56,135,5,111" hai2="124,10,62,57,78,133,43,29,67,97,87,11,119" hai3="41,13,126,61,105,81,120,7,89,0,109,94,118"/><T93/><D134/><U102/><E135/><V106/><F133/><W68/><G109/><T36/><D36/><U110/><E131/><V30/><F124/><W26/><G105/><T86/><D64/><U95/><E110/><V128/><F128/><W66/><G0/><T117/><D117/><U104/><E104/><V35/><F119/><W65/><G66/><T44/><D34/><U98/><E111/><V77/><F35/><W42/><G26/><T100/><D8/><N who="2" m="3114" /><F106/><W28/><G28/><N who="2" m="10857" /><F43/><W22/><G7/><T132/><D132/><U91/><AGARI ba="3,1" hai="4,5,9,15,16,55,56,60,85,91,92,95,98,102" machi="91" ten="30,4000,0" yaku="0,1,8,1,54,1" doraHai="75" who="1" fromWho="1" sc="127,-23,277,59,369,-13,217,-13" /><INIT seed="5,0,0,0,3,88" ten="104,336,356,204" oya="1" hai0="91,50,106,30,35,17,19,52,44,62,116,90,63" hai1="3,103,12,22,85,107,99,109,117,98,112,69,66" hai2="110,73,47,84,74,133,64,46,34,72,59,68,26" hai3="25,100,24,10,43,53,114,56,89,118,61,78,108"/><U8/><E117/><V42/><F110/><W115/><G108/><T71/><D116/><U28/><E109/><V76/><F68/><W20/><G78/><T11/><D106/><U121/><E121/><V81/><F133/><W134/><G134/><T13/><D30/><U58/><E3/><V75/><N who="2" m="18432" /><DORA hai="49" /><V38/><F46/><W37/><G100/><T51/><D35/><U102/><E69/><V16/><F34/><W2/><G25/><T93/><D90/><U123/><E112/><V60/><F26/><W86/><G43/><T57/><D19/><U40/><E40/><V29/><F29/><W105/><G105/><T120/><D120/><U15/><E123/><V67/><REACH who="2" step="1"/><F16/><REACH who="2" ten="104,336,346,204" step="2"/><W0/><G118/><T1/><D1/><U122/><E28/><V95/><F95/><W94/><G2/><T125/><D125/><U127/><E107/><V111/><F111/><W4/><REACH who="3" step="1"/><G37/><REACH who="3" ten="104,336,346,194" step="2"/><T92/><D92/><U131/><E122/><V5/><F5/><W23/><G23/><T80/><D80/><U18/><E22/><V48/><F48/><W77/><G77/><T82/><D82/><U128/><E128/><V36/><F36/><W79/><G79/><T126/><D126/><U101/><E127/><V54/><AGARI ba="0,2" hai="38,42,47,54,59,60,64,67,76,81,84" m="18432" machi="54" ten="60,12000,2" yaku="1,1,0,1,52,1,53,4" doraHai="88,49" doraHaiUra="27,104" who="2" fromWho="2" sc="104,-30,336,-60,346,140,194,-30" /><INIT seed="6,0,0,1,0,106" ten="74,276,486,164" oya="2" hai0="55,32,54,43,70,81,112,99,107,87,92,127,103" hai1="75,23,8,85,80,64,40,7,97,108,109,0,68" hai2="129,66,82,94,12,51,6,59,95,122,5,105,56" hai3="47,30,132,58,2,114,62,100,93,76,117,78,35"/><V31/><F105/><W128/><G117/><T102/><D112/><U116/><E116/><V91/><F82/><W120/><G2/><T69/><D43/><U121/><E121/><V3/><F12/><W21/><G120/><T48/><D103/><U29/><E97/><V28/><F51/><W53/><G35/><T38/><D38/><U73/><E40/><V61/><F91/><W10/><G10/><T36/><D36/><U101/><E101/><V9/><F9/><W39/><G132/><T33/><D127/><U57/><E68/><V11/><F11/><W25/><G128/><T90/><D55/><U79/><E57/><V41/><F41/><W123/><G114/><T86/><D32/><U22/><E64/><V34/><F61/><W111/><G111/><T72/><D33/><U20/><REACH who="1" step="1"/><E29/><REACH who="1" ten="74,266,486,164" step="2"/><V126/><F28/><W13/><G123/><T16/><D16/><U98/><E98/><V113/><F31/><W4/><G39/><T46/><REACH who="0" step="1"/><D87/><REACH who="0" ten="64,266,486,164" step="2"/><U18/><E18/><V130/><F122/><W42/><G42/><T17/><D17/><U131/><E131/><V44/><F129/><W24/><G100/><T65/><D65/><U19/><E19/><V74/><F66/><W88/><G30/><T134/><D134/><U37/><E37/><V115/><F130/><W15/><G25/><T83/><D83/><U96/><E96/><V52/><F113/><W45/><G24/><T26/><D26/><U124/><E124/><V104/><F115/><W133/><G133/><T119/><D119/><U50/><E50/><V27/><F126/><W63/><G62/><RYUUKYOKU ba="0,2" sc="64,15,266,15,486,-15,164,-15" hai0="46,48,54,69,70,72,81,86,90,92,99,102,107" hai1="0,7,8,20,22,23,73,75,79,80,85,108,109" /><INIT seed="7,1,2,2,0,123" ten="79,281,471,149" oya="3" hai0="10,105,77,102,76,41,15,42,74,110,12,53,2" hai1="45,112,21,104,19,67,4,97,87,66,14,91,96" hai2="39,27,101,115,95,3,78,69,23,131,108,114,37" hai3="24,119,35,113,125,17,29,43,63,49,11,6,126"/><W25/><G63/><T94/><D105/><U47/><E104/><V48/><F3/><N who="3" m="479" /><G43/><T129/><D2/><U107/><E107/><V75/><F48/><W34/><G49/><T79/><D74/><U99/><E4/><V60/><F60/><W132/><G119/><T7/><D129/><U70/><E70/><V73/><F131/><W120/><G120/><T118/><D118/><U127/><E127/><N who="3" m="48650" /><G113/><T86/><D110/><U16/><E112/><V116/><F108/><W103/><G103/><T51/><D15/><N who="1" m="9375" /><E45/><V80/><F116/><W13/><G132/><T89/><REACH who="0" step="1"/><D102/><REACH who="0" ten="69,281,471,149" step="2"/><U30/><E14/><V62/><F62/><W46/><G13/><T84/><D84/><U31/><E87/><V8/><F114/><W121/><G121/><T134/><D134/><U33/><E97/><V65/><F115/><W58/><G25/><T68/><D68/><U54/><E96/><V100/><F27/><W61/><G34/><T122/><D122/><U71/><E33/><V55/><F100/><W50/><G35/><T109/><D109/><U28/><E71/><V124/><F101/><W44/><G24/><T36/><D36/><U18/><E99/><V85/><F37/><W22/><G22/><T135/><D135/><U92/><E30/><V133/><F23/><W90/><G29/><T57/><AGARI ba="1,3" hai="7,10,12,41,42,51,53,57,76,77,79,86,89,94" machi="57" ten="30,7900,0" yaku="1,1,0,1,8,1,53,1" doraHai="123" doraHaiUra="81" who="0" fromWho="0" sc="69,112,281,-21,471,-21,149,-40" owari="181,-21.9,260,6.0,450,55.0,109,-39.1" /></mjloggm>