<mjloggm ver="2.3"><GO type="169" lobby="0"/><UN n0="%E3%81%9F%E3%81%8B%E3%81%A3%E3%81%A6%E3%81%83%E3%83%BC" n1="%E3%81%91%E3%83%BC%E3%81%9E%E3%81%88" n2="%E5%8F%A4%E6%96%AF%E5%A1%94%E5%A4%AB%E4%BA%8C%E4%B8%96" n3="%74%61%6E%70%69%6E%38" dan="18,17,16,16" rate="2186.87,2142.18,2105.31,2136.06" sx="F,F,M,M"/><TAIKYOKU oya="0"/><INIT seed="0,0,0,5,0,71" ten="250,250,250,250" oya="0" hai0="92,0,49,13,106,60,120,20,68,126,18,67,58" hai1="33,97,36,17,121,45,123,23,129,117,72,27,25" hai2="82,8,87,99,124,31,35,110,53,80,89,112,5" hai3="22,32,114,79,96,15,116,19,125,111,29,86,77"/><T104/><D120/><U75/><E129/><V21/><F112/><W2/><G116/><T1/><D126/><U4/><E117/><V130/><F110/><W93/><G114/><T16/><D92/><U76/><E97/><V83/><F124/><W11/><G111/><T107/><D49/><U51/><E4/><V39/><F130/><W103/><G125/><T56/><REACH who="0" step="1"/><D18/><REACH who="0" ten="240,250,250,250" step="2"/><U69/><E17/><V115/><F115/><W122/><G122/><T10/><D10/><U128/><E51/><V12/><F8/><W119/><G119/><T28/><D28/><U85/><E123/><V131/><F131/><W66/><G93/><T59/><AGARI ba="0,1" hai="0,1,13,16,20,56,58,59,60,67,68,104,106,107" machi="59" ten="40,7800,0" yaku="1,1,0,1,54,1,53,0" doraHai="71" doraHaiUra="135" who="0" fromWho="0" sc="240,88,250,-26,250,-26,250,-26" /><INIT seed="0,1,0,4,4,47" ten="328,224,224,224" oya="0" hai0="44,16,112,83,34,29,74,40,59,99,135,62,53" hai1="78,52,88,23,105,49,55,60,4,79,21,11,73" hai2="123,56,68,131,72,58,7,121,19,10,36,81,42" hai3="66,67,41,106,0,8,87,76,18,107,64,12,1"/><T3/><D112/><U22/><E105/><V63/><F131/><W122/><G122/><T101/><D135/><U17/><E73/><V61/><F68/><W31/><G31/><T28/><D3/><U104/><E104/><V50/><F36/><W127/><G127/><T84/><D74/><U133/><E133/><V124/><F124/><W35/><G35/><T97/><D34/><U43/><E43/><V25/><F25/><W98/><G107/><T48/><D16/><U132/><E17/><V110/><F19/><W117/><G117/><T82/><D82/><U9/><E132/><V46/><F110/><W103/><G76/><N who="1" m="29226" /><E60/><V129/><F129/><W27/><G87/><T71/><D71/><U51/><E88/><V14/><F81/><W30/><G41/><T134/><D134/><U89/><E89/><V5/><F72/><W85/><G85/><T94/><REACH who="0" step="1"/><D99/><REACH who="0" ten="318,224,224,224" step="2"/><U6/><E4/><V113/><F5/><W90/><G0/><T102/><D102/><U54/><E6/><V118/><F113/><W109/><G1/><T65/><D65/><U93/><E93/><V39/><F118/><W119/><G119/><T120/><D120/><U111/><E111/><V20/><F123/><W125/><G125/><T77/><AGARI ba="1,1" hai="28,29,40,44,48,53,59,62,77,83,84,94,97,101" machi="77" ten="20,18000,2" yaku="1,1,0,1,7,1,8,1,52,1,53,2" doraHai="47" doraHaiUra="26" who="0" fromWho="0" sc="318,193,224,-61,224,-61,224,-61" /><INIT seed="0,2,0,5,4,90" ten="511,163,163,163" oya="0" hai0="37,45,97,64,71,58,101,23,46,28,122,117,15" hai1="40,98,76,74,81,126,24,66,62,17,9,30,50" hai2="11,8,80,87,51,108,123,84,99,96,54,63,118" hai3="20,69,5,53,125,111,60,128,85,19,73,13,57"/><T44/><D117/><U104/><E126/><V32/><F123/><W110/><G73/><T115/><D115/><U127/><E127/><V52/><F108/><N who="3" m="41515" /><G125/><T18/><D122/><U102/><E40/><V103/><F32/><W48/><G128/><T113/><D113/><U112/><E50/><V31/><F118/><W33/><G33/><T4/><D71/><U75/><E75/><V95/><F31/><W29/><G29/><T1/><D28/><U36/><E36/><V130/><F130/><W114/><G114/><T39/><D1/><U78/><E78/><V132/><F132/><W41/><G85/><T134/><D4/><U100/><E100/><V49/><F63/><W59/><G5/><T38/><D134/><U94/><E112/><V7/><F7/><W92/><G92/><T2/><D2/><U12/><E62/><V89/><F99/><W65/><G41/><T93/><D58/><AGARI ba="2,0" hai="13,19,20,48,53,57,58,59,60,65,69" m="41515" machi="58" ten="30,1000,0" yaku="14,1" doraHai="90" who="3" fromWho="0" sc="511,-16,163,0,163,0,163,16" /><INIT seed="1,0,0,5,0,35" ten="495,163,163,179" oya="1" hai0="59,19,22,48,81,51,43,11,97,83,112,104,129" hai1="99,37,25,131,130,68,96,24,28,7,82,8,80" hai2="95,34,31,16,26,115,12,135,57,46,55,128,39" hai3="74,23,124,78,75,20,93,14,36,86,0,134,71"/><U56/><E68/><V2/><F115/><W40/><G71/><T15/><D112/><U84/><E37/><V72/><F128/><N who="1" m="49193" /><E56/><V103/><F135/><W27/><G124/><T60/><D129/><U102/><E84/><V21/><F72/><W41/><G14/><T3/><D104/><N who="1" m="63559" /><E99/><V108/><F108/><W62/><G86/><T76/><D97/><U10/><E10/><V18/><F95/><W67/><G93/><T117/><D117/><U47/><E47/><V91/><F103/><W17/><G36/><T58/><D58/><U29/><E29/><V118/><F91/><W125/><G75/><T42/><D51/><U90/><E90/><V92/><F92/><W94/><G94/><T88/><D88/><U113/><E113/><V107/><F107/><W105/><G74/><T77/><D48/><U52/><E52/><V65/><F118/><W73/><G73/><T89/><D89/><U66/><E66/><V111/><F65/><W132/><G67/><T63/><D63/><U79/><E28/><V109/><F39/><W100/><G62/><T49/><D49/><U85/><E82/><V110/><F46/><W9/><G9/><T101/><D101/><U4/><E4/><V123/><F55/><W119/><G100/><T32/><D83/><U33/><E33/><V69/><F57/><W127/><G105/><T44/><D32/><U30/><E30/><V70/><F69/><W98/><G98/><T45/><D45/><U6/><E6/><V122/><F70/><W50/><G50/><T106/><D106/><U13/><AGARI ba="0,0" hai="7,8,13,24,25,79,80,85" m="63559,49193" machi="13" ten="30,1500,0" yaku="19,1" doraHai="35" who="1" fromWho="1" sc="495,-5,163,15,163,-5,179,-5" /><INIT seed="1,1,0,2,1,69" ten="490,178,158,174" oya="1" hai0="111,131,1,84,5,123,125,96,39,118,42,75,67" hai1="93,14,100,61,99,48,20,85,134,8,86,23,11" hai2="132,135,40,101,56,130,126,104,82,122,54,18,71" hai3="30,117,26,64,95,78,106,88,65,45,13,33,81"/><U32/><E32/><V102/><F122/><W37/><G106/><T12/><D12/><U0/><E134/><N who="2" m="51243" /><F130/><W127/><G127/><T22/><D84/><N who="1" m="32363" /><E0/><V44/><F71/><W77/><G117/><T115/><D96/><U34/><E34/><V73/><F126/><W10/><G88/><T7/><D42/><U55/><E61/><N who="2" m="35991" /><F104/><W50/><G95/><T43/><D43/><U119/><E119/><V79/><F18/><W109/><G37/><AGARI ba="1,0" hai="37,40,44,73,79,82,101,102" m="35991,51243" machi="37" ten="30,2000,0" yaku="20,1,52,1" doraHai="69" who="2" fromWho="3" sc="490,0,178,0,158,23,174,-23" /><INIT seed="2,0,0,2,4,44" ten="490,178,181,151" oya="2" hai0="56,42,80,118,94,32,30,64,90,70,110,88,99" hai1="79,117,61,134,50,43,28,8,87,54,73,19,49" hai2="60,113,52,29,104,129,112,39,17,76,14,65,103" hai3="2,125,72,126,122,66,6,58,11,53,1,24,86"/><V78/><F39/><W93/><G72/><T135/><D110/><U105/><E134/><V36/><F36/><W127/><G122/><T21/><D32/><U119/><E73/><V77/><F129/><W33/><G66/><T130/><D70/><U95/><E105/><V4/><F29/><W18/><G93/><T120/><D120/><U128/><E128/><V69/><F4/><W96/><G96/><T67/><D130/><U38/><E38/><V71/><F71/><W100/><G100/><T124/><D135/><U131/><E131/><V83/><F83/><W63/><G86/><N who="0" m="50247" /><D124/><U109/><E109/><V3/><F3/><W81/><G81/><T133/><D133/><U27/><E43/><V132/><F132/><W31/><REACH who="3" step="1"/><G18/><REACH who="3" ten="490,178,181,141" step="2"/><T108/><D108/><U26/><E87/><V7/><F103/><W121/><G121/><T68/><D67/><U115/><E95/><V84/><F84/><W23/><G23/><T102/><D21/><U106/><E19/><V35/><F104/><W22/><G22/><T40/><D64/><U16/><E106/><V62/><F35/><W34/><G34/><T12/><D94/><U116/><E16/><V45/><F17/><W75/><G75/><T51/><D99/><U107/><E107/><V15/><F65/><W13/><AGARI ba="0,1" hai="1,2,6,11,13,24,31,33,53,58,63,125,126,127" machi="13" ten="30,4000,0" yaku="1,1,0,1,18,1,53,0" doraHai="44" doraHaiUra="41" who="3" fromWho="3" sc="490,-10,178,-10,181,-20,141,50" /><INIT seed="3,0,0,5,3,96" ten="480,168,161,191" oya="3" hai0="127,69,117,113,120,133,76,126,34,56,91,123,41" hai1="71,111,77,110,89,21,128,27,64,50,115,134,78" hai2="47,72,95,102,103,124,3,130,97,132,61,121,11" hai3="45,9,19,59,13,90,92,5,88,62,112,101,125"/><W29/><G125/><T60/><D34/><U63/><E115/><V0/><F124/><N who="0" m="47658" /><D117/><U1/><E128/><V131/><F130/><W18/><G112/><T33/><D33/><U38/><E38/><V82/><F132/><W80/><G29/><T22/><D113/><U109/><E134/><V79/><F131/><W12/><G45/><T81/><D69/><U100/><E89/><V98/><F121/><W6/><G80/><T4/><D133/><U108/><N who="1" m="27648" /><DORA hai="65" /><U24/><E1/><V28/><F28/><W15/><G101/><T35/><D35/><U135/><E135/><V42/><F61/><W85/><G90/><T105/><D105/><U30/><E27/><V87/><F87/><W114/><G114/><T7/><D41/><U75/><E75/><V48/><REACH who="2" step="1"/><F11/><REACH who="2" ten="480,168,151,191" step="2"/><W25/><G25/><T44/><D60/><U54/><REACH who="1" step="1"/><E100/><REACH who="1" ten="480,158,151,191" step="2"/><V49/><F49/><W46/><G15/><T16/><D123/><U86/><E86/><V106/><AGARI ba="0,2" hai="0,3,42,47,48,72,79,82,95,97,98,102,103,106" machi="106" ten="20,12000,2" yaku="1,1,0,1,7,1,52,2,53,2" doraHai="96,65" doraHaiUra="119,99" who="2" fromWho="2" sc="480,-30,158,-30,151,140,191,-60" /><INIT seed="4,0,0,1,1,16" ten="450,128,291,131" oya="0" hai0="112,4,88,31,29,90,99,28,14,85,42,111,6" hai1="77,8,54,37,13,106,76,69,0,48,65,121,98" hai2="61,82,133,70,21,104,105,103,60,36,89,115,55" hai3="72,95,2,56,19,92,39,126,81,117,91,34,25"/><T66/><D112/><U53/><E121/><V10/><F115/><W67/><G117/><T33/><D111/><U44/><E0/><V131/><F133/><W71/><G71/><T23/><D33/><U51/><E37/><V26/><F131/><W134/><G39/><T100/><D66/><U75/><E75/><V122/><F36/><W41/><G41/><T62/><D62/><U124/><E124/><V132/><F122/><W119/><G2/><T12/><D42/><U5/><E65/><V102/><F132/><W27/><G34/><T22/><D100/><U49/><E69/><V114/><F10/><W17/><G119/><T127/><D127/><U128/><E128/><V109/><F109/><W38/><G38/><T107/><D107/><U125/><E125/><V74/><F114/><W58/><G72/><T20/><D99/><U78/><E106/><V24/><F74/><W43/><G43/><T46/><D46/><U123/><E123/><V110/><F70/><W30/><G81/><N who="0" m="49199" /><D90/><U3/><E3/><V59/><F89/><W108/><G91/><T97/><D97/><U9/><E98/><V45/><F110/><W47/><G47/><T120/><D120/><U57/><REACH who="1" step="1"/><E8/><REACH who="1" ten="450,118,291,131" step="2"/><V118/><F104/><W101/><G67/><T73/><D73/><U68/><E68/><V113/><F105/><W64/><G64/><T93/><D93/><U11/><E11/><V87/><F113/><W63/><G108/><T116/><D116/><U83/><E83/><V135/><F82/><W79/><G126/><T96/><D96/><U52/><E52/><V15/><F55/><RYUUKYOKU ba="0,1" sc="450,15,118,15,291,-15,131,-15" hai0="4,6,12,14,20,22,23,28,29,31" hai1="5,9,13,44,48,49,51,53,54,57,76,77,78" /><INIT seed="4,1,1,4,1,123" ten="465,133,276,116" oya="0" hai0="122,20,18,10,98,0,115,121,107,97,15,81,11" hai1="48,4,88,12,35,25,77,41,46,90,54,73,62" hai2="70,64,131,110,93,39,120,19,134,112,42,95,68" hai3="8,33,43,84,132,59,5,36,7,111,67,28,96"/><T65/><D115/><U6/><E73/><V80/><F120/><W47/><G132/><T21/><D65/><U3/><E3/><V125/><F134/><W52/><G67/><T9/><D0/><U130/><E130/><V23/><F131/><W22/><G33/><T78/><D97/><U108/><E108/><V109/><F112/><W135/><G135/><T113/><D113/><U104/><E104/><V79/><F125/><W24/><G111/><T45/><D21/><U94/><E77/><V60/><F68/><W106/><G8/><T100/><REACH who="0" step="1"/><D45/><REACH who="0" ten="455,133,276,116" step="2"/><U56/><E35/><V58/><F109/><W114/><G114/><T86/><AGARI ba="1,2" hai="9,10,11,15,18,20,78,81,86,98,100,107,121,122" machi="86" ten="30,12000,1" yaku="1,1,2,1,0,1,53,2" doraHai="123" doraHaiUra="116" who="0" fromWho="0" sc="455,143,133,-41,276,-41,116,-41" /><INIT seed="4,2,0,0,1,53" ten="598,92,235,75" oya="0" hai0="105,119,118,0,49,80,130,67,59,102,74,79,78" hai1="76,47,120,35,31,7,50,62,98,125,28,39,90" hai2="11,18,108,71,122,46,21,103,2,20,109,22,4" hai3="17,26,73,3,33,72,89,111,88,54,15,114,133"/><T16/><D0/><U85/><E120/><V131/><F71/><W57/><G111/><T68/><D130/><U8/><E39/><V25/><F103/><W10/><G114/><T9/><D79/><U107/><E125/><V97/><F97/><W113/><G113/><T110/><D110/><N who="2" m="42602" /><F46/><W40/><G40/><T32/><D32/><U14/><E35/><V116/><F122/><W12/><G3/><T64/><D68/><U36/><E36/><V95/><F95/><W92/><G133/><T132/><D132/><U106/><E62/><V124/><F124/><W52/><G54/><T6/><D6/><U13/><E13/><V126/><F126/><W69/><G69/><T19/><D102/><U75/><E75/><V55/><F55/><W51/><G12/><T34/><D34/><U135/><E135/><V94/><F94/><W134/><G134/><T37/><D105/><U27/><E98/><V58/><F58/><W56/><G56/><T100/><D100/><U127/><E127/><V128/><F116/><W45/><G57/><T121/><D121/><U115/><E115/><V123/><F123/><W104/><G104/><T24/><D37/><U60/><E107/><V5/><F5/><W1/><G1/><T42/><D118/><U96/><E7/><V83/><F83/><W29/><G89/><T65/><D119/><U81/><E90/><V63/><F63/><W30/><G30/><T112/><D112/><U117/><E106/><V99/><F99/><AGARI ba="2,0" hai="10,15,17,26,29,33,45,51,52,72,73,88,92,99" machi="99" ten="30,3900,0" yaku="7,1,54,2" doraHai="53" who="3" fromWho="2" sc="598,0,92,0,235,-45,75,45" /><INIT seed="5,0,0,0,2,100" ten="598,92,190,120" oya="1" hai0="42,95,125,10,130,133,120,30,36,97,124,15,114" hai1="68,6,28,32,80,74,118,88,85,22,111,75,108" hai2="104,116,13,89,98,101,86,38,48,79,134,19,0" hai3="53,52,126,122,55,12,70,132,121,117,21,66,135"/><U69/><E118/><V9/><F116/><W45/><G12/><T44/><D114/><U43/><E32/><V73/><F134/><N who="3" m="51243" /><G21/><T62/><D133/><U61/><E43/><V103/><F38/><W90/><G117/><T102/><D130/><U58/><E6/><V35/><F35/><W96/><G90/><T81/><D120/><N who="3" m="46185" /><G96/><T60/><D81/><U23/><E75/><V92/><F0/><W1/><G1/><T72/><D30/><U67/><E74/><V59/><F103/><W25/><G25/><T26/><D26/><N who="1" m="16471" /><E23/><V112/><F112/><W47/><G126/><N who="0" m="48747" /><D72/><U2/><E2/><V119/><F119/><W41/><G41/><T110/><D110/><AGARI ba="0,0" hai="58,61,67,68,69,80,85,88,108,110,111" m="16471" machi="110" ten="30,2900,0" yaku="10,1,54,1" doraHai="100" who="1" fromWho="0" sc="598,-29,92,29,190,0,120,0" /><INIT seed="5,1,0,0,3,67" ten="569,121,190,120" oya="1" hai0="43,101,16,90,42,69,75,70,120,25,73,81,24" hai1="26,61,132,104,79,46,119,133,110,115,72,30,91" hai2="106,85,52,47,135,39,27,113,0,93,4,38,95" hai3="11,77,7,40,125,34,54,62,60,48,6,99,64"/><U17/><E119/><V108/><F108/><W32/><G125/><T74/><D101/><U124/><E110/><V35/><F106/><W9/><G40/><T131/><D131/><U49/><E104/><V36/><F113/><W98/><G77/><T116/><D116/><U66/><E115/><V130/><F130/><W129/><G129/><T41/><D120/><U5/><E5/><V50/><F135/><N who="1" m="51785" /><E124/><V23/><F35/><W80/><G80/><T122/><D122/><U109/><E79/><V56/><F0/><W84/><G84/><T3/><D3/><U21/><E91/><V128/><F4/><W2/><G34/><T92/><D81/><U134/><E72/><V15/><F15/><W126/><G32/><T19/><D90/><U22/><E109/><V68/><F128/><W96/><G126/><T65/><D92/><U51/><N who="1" m="51793" /><U107/><DORA hai="83" /><E46/><V78/><F47/><W103/><G103/><T123/><D123/><U13/><E107/><V59/><F78/><W12/><REACH who="3" step="1"/><G64/><REACH who="3" ten="569,121,190,110" step="2"/><T28/><D65/><U33/><E33/><V14/><F85/><W18/><G18/><N who="0" m="6699" /><D28/><U97/><E97/><V63/><F93/><W94/><G94/><T37/><D37/><U44/><E17/><V111/><F95/><W45/><AGARI ba="1,1" hai="2,6,7,9,11,12,45,48,54,60,62,96,98,99" machi="45" ten="30,2000,0" yaku="1,1,0,1,53,0" doraHai="67,83" doraHaiUra="31,76" who="3" fromWho="3" sc="569,-6,121,-11,190,-6,110,33" /><INIT seed="6,0,0,2,2,16" ten="563,110,184,143" oya="2" hai0="5,95,115,67,109,127,63,129,11,56,121,17,118" hai1="83,31,80,120,102,113,39,19,89,2,12,30,93" hai2="50,90,49,99,84,101,132,34,3,55,14,15,1" hai3="111,42,114,4,124,10,94,79,104,76,126,54,58"/><V86/><F132/><W43/><G111/><T40/><D109/><U130/><E39/><V74/><F34/><W70/><G104/><T97/><D121/><U119/><E119/><V6/><F74/><W105/><G105/><T122/><D122/><U106/><E120/><V45/><F50/><W72/><G70/><T8/><D118/><U7/><E130/><V60/><F60/><W27/><G94/><T125/><D129/><U65/><E65/><V0/><F6/><W100/><G100/><T81/><D115/><U73/><E7/><V85/><REACH who="2" step="1"/><F90/><REACH who="2" ten="563,110,174,143" step="2"/><W46/><G4/><T24/><D5/><U88/><E89/><V23/><F23/><W78/><G72/><T112/><D63/><U41/><E73/><V36/><F36/><W13/><G126/><T52/><D125/><U25/><E88/><V117/><F117/><W35/><G124/><T134/><D127/><U135/><E135/><V66/><F66/><W29/><G114/><T32/><D112/><U62/><E113/><V131/><F131/><W61/><G35/><T110/><D32/><U59/><E62/><V82/><F82/><W22/><G79/><T92/><D81/><U18/><E80/><V28/><F28/><W103/><G78/><T51/><D134/><U48/><E83/><V77/><F77/><W37/><G76/><T128/><D128/><U98/><E31/><V91/><F91/><W33/><G33/><T123/><D123/><U96/><E30/><V9/><F9/><W68/><G37/><T20/><D110/><U71/><E48/><V57/><F57/><W44/><G58/><RYUUKYOKU ba="0,1" sc="563,-10,110,-10,174,30,143,-10" hai2="0,1,3,14,15,45,49,55,84,85,86,99,101" /><INIT seed="6,1,1,3,0,26" ten="553,100,204,133" oya="2" hai0="63,59,87,76,17,111,119,6,92,55,77,91,29" hai1="21,0,68,67,60,130,121,85,32,97,62,38,125" hai2="96,115,113,102,64,123,31,12,24,135,83,10,3" hai3="5,46,56,88,27,40,103,34,20,43,33,78,4"/><V48/><F123/><W8/><G78/><T16/><D111/><U71/><E121/><V120/><F120/><W72/><G72/><T109/><D109/><U84/><E32/><V11/><F64/><W110/><G103/><T81/><D119/><U49/><E38/><V65/><F65/><W45/><G110/><T86/><D6/><U98/><E0/><V100/><F135/><W37/><G56/><T30/><D77/><U80/><E125/><V116/><F116/><W15/><G4/><T66/><D66/><U82/><E67/><V118/><F118/><W44/><G88/><T105/><D105/><U2/><E2/><V41/><F3/><W22/><G22/><T79/><D79/><U104/><E21/><V7/><F102/><W18/><REACH who="3" step="1"/><G46/><REACH who="3" ten="553,100,204,123" step="2"/><T99/><D87/><U42/><E85/><V107/><F100/><W131/><G131/><T53/><D53/><U57/><E84/><V47/><F7/><W129/><G129/><T1/><D1/><U101/><E130/><V94/><F47/><W75/><G75/><T9/><D9/><U106/><E101/><V70/><F10/><W128/><G128/><T74/><D74/><U124/><E57/><V58/><F58/><W25/><G25/><T54/><D54/><U127/><E42/><V35/><F24/><W73/><G73/><T51/><D63/><U114/><E114/><V117/><F113/><W133/><G133/><T23/><D23/><U69/><E69/><V52/><F70/><W112/><G112/><T89/><D76/><U95/><E95/><V14/><F94/><W132/><G132/><RYUUKYOKU ba="1,2" sc="553,10,100,10,204,-30,123,10" hai0="16,17,29,30,51,55,59,81,86,89,91,92,99" hai1="49,60,62,68,71,80,82,97,98,104,106,124,127" hai3="5,8,15,18,20,27,33,34,37,40,43,44,45" /><INIT seed="7,2,2,5,5,10" ten="563,110,174,133" oya="3" hai0="110,74,79,54,45,126,115,7,86,18,69,0,22" hai1="108,50,4,83,1,71,61,122,15,51,72,127,130" hai2="88,116,21,119,112,134,118,44,55,81,117,65,80" hai3="36,13,109,28,75,100,87,66,20,64,37,70,97"/><W32/><G75/><T58/><D110/><U59/><E108/><V76/><F117/><W95/><G109/><T14/><D69/><U91/><E122/><V8/><F134/><W77/><G32/><T25/><D74/><U63/><E127/><V101/><F101/><W52/><G70/><T107/><D107/><U92/><E1/><V42/><F65/><N who="3" m="25195" /><G37/><T47/><D126/><U5/><E71/><V17/><F55/><W6/><G36/><T9/><D115/><U90/><E130/><V85/><F112/><W33/><G33/><T121/><D121/><U30/><E30/><V105/><F105/><W128/><G128/><T111/><D111/><U48/><E59/><V38/><F8/><N who="3" m="4247" /><G52/><T12/><D0/><U43/><E43/><V113/><F113/><W104/><G104/><T103/><D103/><U41/><E41/><V53/><F53/><W124/><G124/><T57/><D25/><U60/><E72/><V40/><F40/><W26/><G87/><T133/><D133/><U34/><E34/><V56/><F56/><N who="0" m="21610" /><D54/><U114/><E114/><V23/><F118/><W35/><G35/><T49/><D49/><U46/><E46/><V67/><F119/><W19/><G77/><T78/><D86/><N who="1" m="50527" /><E15/><V11/><F116/><W98/><G98/><AGARI ba="2,2" hai="4,5,48,50,51,60,61,63,91,92,98" m="50527" machi="98" ten="30,1000,0" yaku="8,1" doraHai="10" who="1" fromWho="3" sc="563,0,110,36,174,0,133,-16" owari="563,66.3,146,-25.4,174,-2.6,117,-38.3" /></mjloggm>