<mjloggm ver="2.3"><GO type="169" lobby="0"/><UN n0="%73%73%73%31%39%33%33" n1="%6F%75%74%E7%A5%AD%E3%82%8A" n2="%41%4F%54" n3="%E6%9D%BE%E5%B1%8B%E3%81%8A%E3%81%98%E3%81%95%E3%82%93" dan="16,16,18,17" rate="2138.11,2071.24,2212.83,2144.97" sx="F,M,F,M"/><TAIKYOKU oya="0"/><INIT seed="0,0,0,4,0,100" ten="250,250,250,250" oya="0" hai0="41,72,106,126,107,18,130,14,125,36,59,9,26" hai1="115,86,1,5,89,23,58,22,19,65,33,77,3" hai2="20,95,90,51,101,54,56,7,67,53,24,96,75" hai3="111,28,52,119,128,66,94,123,45,50,8,39,103"/><T13/><D72/><U43/><E77/><V32/><F75/><W70/><G119/><T98/><D130/><U63/><E33/><V4/><F32/><W71/><G128/><T87/><D87/><U132/><E132/><V104/><F67/><W16/><G28/><T135/><D135/><U62/><E43/><V78/><F78/><W118/><G118/><T109/><D109/><U122/><E122/><V113/><F54/><W30/><G30/><T37/><D98/><U29/><E5/><V81/><F81/><W112/><G112/><T61/><D26/><U46/><E46/><V114/><F114/><W40/><G123/><T73/><D14/><U117/><E117/><V79/><F79/><W49/><G66/><T44/><D37/><U0/><E63/><V17/><REACH who="2" step="1"/><F113/><REACH who="2" ten="250,250,240,250" step="2"/><W116/><G116/><T34/><D34/><U47/><E115/><V93/><F93/><W15/><G111/><T102/><D73/><U60/><E65/><V82/><F82/><W80/><G80/><T38/><D102/><U92/><E92/><V110/><F110/><W48/><REACH who="3" step="1"/><G52/><REACH who="3" ten="250,250,240,240" step="2"/><T129/><D129/><U27/><E29/><V88/><F88/><W25/><G25/><T21/><D126/><U42/><E89/><V127/><F127/><W69/><G69/><T2/><D125/><U84/><E27/><V97/><AGARI ba="0,2" hai="4,7,17,20,24,51,53,56,90,95,96,97,101,104" machi="97" ten="20,5200,0" yaku="1,1,0,1,7,1,52,1,53,0" doraHai="100" doraHaiUra="31" who="2" fromWho="2" sc="250,-26,250,-13,240,72,240,-13" /><INIT seed="1,0,0,3,3,15" ten="224,237,312,227" oya="1" hai0="113,67,19,23,71,75,70,96,72,49,63,17,31" hai1="128,35,27,57,10,74,26,112,90,33,65,18,132" hai2="122,77,73,68,45,37,129,131,12,11,98,32,80" hai3="103,0,58,44,107,84,111,25,97,91,88,85,2"/><U3/><E112/><V119/><F119/><W109/><G58/><T30/><D113/><U39/><E74/><V28/><F122/><W99/><G44/><T6/><D6/><N who="1" m="1375" /><E39/><V92/><F68/><W9/><G25/><T42/><D96/><U116/><E90/><N who="3" m="34346" /><G9/><T60/><D49/><U38/><E38/><V29/><F32/><N who="1" m="12361" /><E57/><V24/><F24/><W50/><G50/><T5/><D5/><U95/><E95/><V93/><F93/><N who="3" m="58863" /><G2/><T104/><D104/><U20/><E65/><V133/><F45/><W79/><G0/><T124/><D67/><U94/><E116/><V106/><F37/><W16/><G16/><T110/><D42/><U89/><E27/><V53/><F53/><W52/><G52/><T121/><D121/><U134/><E94/><V48/><F92/><W46/><G46/><T130/><D124/><U61/><E89/><V108/><F48/><W51/><G51/><T125/><D125/><U105/><E61/><V120/><F120/><W40/><G40/><T7/><D7/><U34/><E105/><V59/><F106/><W1/><G1/><T78/><D130/><U102/><E128/><V43/><F59/><W126/><G126/><T76/><D23/><U123/><E123/><V14/><F43/><W36/><G36/><T54/><D54/><U62/><E62/><V22/><F22/><W69/><G69/><T127/><D127/><U135/><E34/><V8/><F131/><W66/><G66/><T4/><D4/><U86/><E102/><V64/><F64/><W114/><G114/><T56/><D56/><U101/><E101/><RYUUKYOKU ba="0,0" sc="224,15,237,15,312,-15,227,-15" hai0="17,19,30,31,60,63,70,71,72,75,76,78,110" hai1="18,20,26,86,132,134,135" /><INIT seed="1,1,0,3,0,103" ten="239,252,297,212" oya="1" hai0="30,74,126,104,26,125,106,45,42,49,73,108,99" hai1="92,59,76,29,13,71,25,107,54,129,27,119,132" hai2="67,34,109,113,58,95,72,117,94,40,11,51,62" hai3="131,32,91,65,2,50,20,7,114,53,75,8,36"/><U121/><E119/><V55/><F117/><W115/><G36/><T12/><D12/><U89/><E71/><V135/><F34/><W0/><G32/><T111/><D99/><U24/><E121/><V15/><F72/><W6/><G65/><T78/><D78/><U122/><E122/><V97/><F109/><N who="0" m="42058" /><D74/><U120/><E120/><V61/><F135/><W16/><G75/><T46/><D46/><U85/><E132/><V101/><F113/><N who="3" m="43019" /><G91/><T93/><D93/><U98/><E13/><V124/><F124/><N who="0" m="47722" /><D73/><U60/><E76/><V47/><F95/><W90/><G90/><T118/><D118/><U64/><E64/><V35/><F35/><AGARI ba="1,0" hai="26,30,35,42,45,49,104,106" m="47722,42058" machi="35" ten="30,7700,0" yaku="14,1,18,1,52,2" doraHai="103" who="0" fromWho="2" sc="239,80,252,0,297,-80,212,0" /><INIT seed="2,0,0,0,0,1" ten="319,252,217,212" oya="2" hai0="81,17,14,12,117,59,118,10,76,58,132,42,56" hai1="111,47,114,27,89,126,51,28,60,82,72,69,49" hai2="110,73,30,34,95,53,98,25,115,43,21,19,119" hai3="31,65,120,93,74,103,134,130,36,33,71,106,7"/><V77/><F115/><W67/><G120/><T125/><D42/><U113/><E111/><V2/><F119/><N who="0" m="45578" /><D125/><U121/><E126/><V63/><F110/><W66/><G36/><T3/><D132/><U75/><E121/><V9/><F43/><W108/><G108/><T78/><D3/><U15/><E51/><V68/><F77/><W97/><G74/><T55/><D55/><U116/><E116/><V96/><F73/><W80/><G80/><T50/><D50/><U94/><E72/><V86/><F86/><W57/><G71/><T29/><D29/><U52/><E82/><V24/><F95/><W133/><G130/><T45/><D45/><U6/><E75/><V4/><REACH who="2" step="1"/><F53/><REACH who="2" ten="319,252,207,212" step="2"/><W122/><G122/><T62/><D81/><U112/><E112/><V64/><AGARI ba="0,1" hai="2,4,9,19,21,24,25,30,34,63,64,68,96,98" machi="64" ten="30,12000,1" yaku="1,1,2,1,0,1,52,1,53,1" doraHai="1" doraHaiUra="16" who="2" fromWho="2" sc="319,-40,252,-40,207,130,212,-40" /><INIT seed="2,1,0,1,5,72" ten="279,212,337,172" oya="2" hai0="77,80,38,66,98,65,44,129,48,104,39,54,120" hai1="33,135,88,23,3,55,84,60,59,6,132,67,0" hai2="24,35,124,97,87,53,105,17,107,91,13,11,121" hai3="27,12,42,93,74,130,102,57,22,63,61,92,51"/><V26/><F121/><W5/><G130/><T110/><D120/><U41/><E33/><V30/><F124/><W7/><G74/><T31/><D31/><U108/><E41/><V8/><F26/><W52/><G102/><T9/><D129/><U2/><E108/><V69/><F69/><W10/><G7/><T70/><D110/><U36/><E36/><V64/><F64/><W123/><G123/><T134/><D134/><U32/><E32/><V111/><F111/><W122/><G122/><T103/><D9/><U133/><E23/><V118/><F118/><W106/><G106/><T40/><D70/><U89/><E6/><V101/><F107/><W18/><G42/><T50/><D39/><U81/><REACH who="1" step="1"/><E55/><REACH who="1" ten="279,202,337,172" step="2"/><V79/><F53/><N who="3" m="33967" /><G63/><T125/><D38/><U56/><E56/><AGARI ba="1,1" hai="5,10,12,18,22,27,51,52,56,92,93" m="33967" machi="56" ten="30,2000,0" yaku="8,1,54,1" doraHai="72" who="3" fromWho="1" sc="279,0,202,-23,337,0,172,33" /><INIT seed="3,0,0,0,5,18" ten="279,179,337,205" oya="3" hai0="77,17,118,14,119,127,62,73,56,30,43,4,32" hai1="8,95,74,120,57,90,11,126,53,128,85,60,96" hai2="80,68,44,86,2,41,89,12,42,21,58,9,88" hai3="129,122,36,16,27,35,39,45,97,34,69,65,103"/><W134/><G122/><T112/><D4/><U10/><E74/><V28/><F68/><W79/><G134/><T108/><D108/><U51/><E120/><V29/><F2/><W113/><G113/><T78/><D127/><U114/><E114/><V83/><F58/><W22/><G79/><T124/><D43/><U104/><E126/><V7/><F42/><W67/><G129/><T98/><D124/><U24/><E128/><V48/><F21/><W23/><G45/><T13/><D98/><U75/><E75/><V91/><REACH who="2" step="1"/><F83/><REACH who="2" ten="279,179,327,205" step="2"/><W0/><G0/><T64/><D56/><U121/><E121/><V15/><F15/><W135/><G135/><T116/><D14/><U70/><E70/><V5/><F5/><W107/><G23/><T19/><D13/><U87/><E51/><V40/><F40/><W106/><G106/><T6/><D6/><U3/><E104/><V25/><F25/><W92/><G107/><T123/><D123/><U115/><E3/><V47/><F47/><W105/><G105/><T71/><D71/><U76/><E115/><V93/><F93/><W61/><REACH who="3" step="1"/><G67/><REACH who="3" ten="279,179,327,195" step="2"/><T46/><D64/><U33/><E33/><AGARI ba="0,2" hai="16,22,27,33,34,35,36,39,61,65,69,92,97,103" machi="33" ten="40,12000,1" yaku="1,1,2,1,52,1,54,1,53,0" doraHai="18" doraHaiUra="55" who="3" fromWho="1" sc="279,0,179,-120,327,0,195,140" /><INIT seed="3,1,0,1,2,59" ten="279,59,327,335" oya="3" hai0="135,125,107,15,70,108,82,23,63,0,51,39,24" hai1="79,20,32,34,74,44,95,75,97,67,8,131,1" hai2="30,91,64,41,73,26,104,98,122,13,109,89,113" hai3="47,119,110,134,57,48,19,28,33,103,127,118,46"/><W128/><G103/><T76/><D0/><U42/><E20/><V85/><F113/><W45/><G19/><T96/><D39/><U31/><E131/><V121/><F73/><W27/><G128/><T38/><D38/><U36/><E67/><V14/><F109/><W58/><G127/><T3/><D3/><U4/><E31/><V37/><F64/><W124/><G124/><T60/><D125/><U114/><E114/><V130/><F130/><W43/><G134/><T106/><D108/><U18/><E18/><V7/><F41/><W123/><G123/><N who="2" m="47113" /><F37/><W94/><G94/><T88/><D70/><U62/><E75/><V21/><F7/><W92/><G92/><N who="0" m="56327" /><D107/><U71/><E71/><V69/><F69/><W99/><G99/><T10/><D51/><U72/><E72/><V6/><F6/><W56/><REACH who="3" step="1"/><G110/><REACH who="3" ten="279,59,327,325" step="2"/><T120/><D135/><U100/><E95/><N who="2" m="56687" /><F104/><W101/><G101/><T87/><D106/><U83/><E100/><V66/><F66/><W126/><G126/><T16/><D120/><U112/><E97/><V77/><F77/><W11/><G11/><T132/><D132/><U5/><E112/><V55/><F55/><W53/><G53/><T50/><D50/><U129/><E129/><V93/><AGARI ba="1,1" hai="13,14,21,26,30,85,91,93" m="56687,47113" machi="93" ten="30,1100,0" yaku="13,1" doraHai="59" who="2" fromWho="2" sc="279,-4,59,-4,327,24,325,-6" /><INIT seed="4,0,0,4,1,88" ten="275,55,351,319" oya="0" hai0="23,104,13,7,111,125,37,57,135,120,100,39,75" hai1="95,96,80,123,79,105,5,86,97,76,4,101,6" hai2="132,98,22,20,32,31,118,91,36,65,27,38,19" hai3="119,44,18,110,10,115,33,50,130,12,29,40,42"/><T60/><D120/><U63/><E123/><V45/><F132/><W72/><G110/><T35/><D35/><U77/><REACH who="1" step="1"/><E63/><REACH who="1" ten="275,45,351,319" step="2"/><V74/><F118/><W92/><G119/><T113/><D111/><U25/><E25/><V14/><F27/><W114/><G114/><T133/><D133/><U117/><E117/><V84/><F38/><W3/><G115/><T8/><D113/><U68/><E68/><V11/><F36/><W109/><G109/><T122/><D39/><U64/><E64/><V41/><F65/><W62/><G62/><T108/><D37/><U127/><E127/><V61/><F61/><W126/><G126/><T59/><D122/><U24/><E24/><V43/><F43/><W131/><G42/><T89/><D108/><U28/><E28/><V9/><F31/><W93/><G29/><T1/><D125/><U0/><E0/><V30/><F30/><W17/><G3/><T129/><D1/><U52/><E52/><V70/><F70/><W112/><G112/><T106/><D135/><U90/><AGARI ba="0,1" hai="4,5,6,76,77,79,80,86,90,95,96,97,101,105" machi="90" ten="30,7900,0" yaku="1,1,0,1,52,1,53,1" doraHai="88" doraHaiUra="83" who="1" fromWho="1" sc="275,-39,45,89,351,-20,319,-20" /><INIT seed="5,0,0,0,3,131" ten="236,134,331,299" oya="1" hai0="106,118,75,114,18,28,71,83,95,105,126,31,98" hai1="13,94,19,100,111,44,73,113,101,78,55,127,5" hai2="37,27,76,107,132,33,22,97,135,34,21,72,57" hai3="52,16,68,24,119,96,42,124,121,129,40,81,6"/><U39/><E113/><V130/><F37/><W20/><G121/><T80/><D71/><U122/><E122/><V112/><F130/><W0/><G129/><T99/><D114/><U54/><E127/><V79/><F112/><W86/><G68/><T70/><D70/><U125/><E125/><V51/><F51/><W15/><G124/><T11/><D126/><U103/><E5/><V69/><F57/><W128/><G0/><T36/><D36/><U1/><E1/><V74/><F69/><W82/><G119/><T58/><D58/><U14/><E111/><V87/><F87/><W64/><G64/><T116/><D11/><U10/><E94/><V23/><F27/><W84/><G96/><T85/><D85/><U110/><E14/><V89/><F89/><N who="3" m="51343" /><G128/><T29/><D95/><U88/><E110/><V43/><F43/><W46/><G6/><T62/><D62/><U60/><E60/><V65/><F65/><W77/><G15/><T91/><D31/><U63/><E63/><V123/><F123/><W4/><G4/><T9/><D9/><U3/><E3/><V134/><F97/><W120/><G120/><T104/><D104/><U61/><E61/><V92/><F92/><W41/><G41/><T25/><D25/><U35/><E103/><V66/><F66/><W7/><G7/><T12/><D12/><U47/><E101/><V50/><F107/><W59/><G59/><T32/><D75/><N who="2" m="28714" /><F50/><AGARI ba="0,0" hai="16,20,24,40,42,46,50,52,77,82,86" m="51343" machi="50" ten="30,3900,0" yaku="8,1,54,2" doraHai="131" who="3" fromWho="2" sc="236,0,134,0,331,-39,299,39" /><INIT seed="6,0,0,0,0,66" ten="236,134,292,338" oya="2" hai0="58,9,28,33,79,133,53,103,90,94,88,81,55" hai1="89,115,129,76,102,60,135,73,24,106,4,1,70" hai2="12,21,39,5,123,85,26,92,30,42,59,67,54" hai3="108,56,63,37,119,48,57,78,100,69,84,82,91"/><V77/><F123/><W38/><G108/><T22/><D133/><U87/><E24/><V128/><F128/><W0/><G0/><T68/><D33/><U23/><E23/><V95/><F39/><W105/><G119/><T34/><D34/><U110/><E110/><V86/><F42/><W8/><G8/><T65/><D9/><U125/><E4/><V41/><F41/><W122/><G122/><T10/><D10/><U104/><E1/><V118/><F67/><W113/><G56/><T2/><D2/><U107/><E129/><V93/><F118/><W3/><G48/><T71/><D103/><U116/><E116/><V111/><F111/><W31/><G69/><T96/><D90/><U32/><E32/><V11/><REACH who="2" step="1"/><F77/><REACH who="2" ten="236,134,282,338" step="2"/><W29/><G38/><T74/><D65/><U99/><E76/><V49/><AGARI ba="0,1" hai="5,11,12,21,26,30,49,54,59,85,86,92,93,95" machi="49" ten="30,11700,0" yaku="1,1,2,1,0,1,8,1,53,0" doraHai="66" doraHaiUra="120" who="2" fromWho="2" sc="236,-39,134,-39,282,127,338,-39" /><INIT seed="6,1,0,1,0,133" ten="197,95,409,299" oya="2" hai0="81,90,53,114,66,120,34,27,64,59,56,50,107" hai1="78,118,92,63,108,1,131,0,106,17,135,119,74" hai2="5,128,79,98,35,73,14,89,125,61,47,42,111" hai3="117,130,11,8,82,33,87,38,9,37,36,80,40"/><V4/><F35/><W62/><G33/><T85/><D107/><U134/><E108/><V96/><F111/><W104/><G104/><T100/><D114/><U28/><E106/><V122/><F122/><W101/><G117/><T69/><D69/><U2/><E92/><V105/><F128/><W99/><G62/><T49/><D100/><U86/><E86/><V21/><F61/><W123/><G123/><T83/><D83/><U24/><E63/><V103/><F79/><W31/><G31/><T51/><D120/><U91/><E91/><V32/><F32/><W57/><G57/><T76/><D76/><U48/><E48/><V72/><F5/><W124/><G40/><T15/><D15/><U71/><E71/><V102/><F89/><W60/><G60/><T41/><D41/><U129/><E74/><V45/><F45/><W126/><G130/><N who="1" m="49674" /><E78/><V93/><F73/><W6/><G6/><T95/><D95/><U58/><E58/><V77/><F77/><N who="3" m="46479" /><G82/><T132/><D59/><U113/><E17/><V44/><F72/><W16/><G16/><T88/><D90/><U68/><E68/><V22/><F105/><W94/><G38/><T67/><D51/><U84/><E84/><V54/><F42/><W7/><G7/><T43/><D50/><U13/><E13/><V23/><F14/><W115/><G115/><T109/><D109/><U26/><E113/><V97/><F93/><W116/><G116/><N who="1" m="44586" /><E26/><V25/><F25/><W75/><G75/><T20/><D43/><U70/><E70/><V39/><F39/><W121/><G121/><T127/><D27/><RYUUKYOKU ba="1,0" sc="197,-15,95,15,409,-15,299,15" hai1="0,1,2,24,28,134,135" hai3="8,9,11,36,37,94,99,101,124,126" /><INIT seed="7,2,0,3,4,72" ten="182,110,394,314" oya="3" hai0="131,91,16,17,34,46,111,22,71,94,23,68,84" hai1="78,106,64,115,98,38,18,36,99,134,66,81,122" hai2="37,52,121,118,95,2,55,31,21,40,10,60,45" hai3="50,97,53,82,20,132,85,116,57,32,15,107,86"/><W11/><G132/><T123/><D111/><U135/><E122/><V56/><F118/><W130/><G130/><T113/><D123/><U101/><E115/><V26/><F121/><W133/><G133/><T3/><D3/><U13/><E135/><V87/><F2/><W59/><G32/><T92/><D34/><U112/><E134/><V25/><F10/><W7/><G116/><T24/><D131/><U43/><E112/><V104/><F104/><W96/><G107/><T54/><D113/><U90/><E90/><V88/><F26/><W120/><G120/><T83/><D71/><U74/><E98/><V67/><AGARI ba="2,0" hai="21,25,31,37,40,45,52,55,56,60,67,87,88,95" machi="67" ten="20,5200,0" yaku="0,1,7,1,54,2" doraHai="72" who="2" fromWho="2" sc="182,-15,110,-15,394,58,314,-28" owari="167,-23.3,95,-40.5,452,55.2,286,8.6" /></mjloggm>