<mjloggm ver="2.3"><GO type="169" lobby="0"/><UN n0="%E5%AD%90%E8%A1%BF%E9%9B%85%E6%AD%8C" n1="%E3%83%9C%E3%82%AF%E3%81%A1%E3%82%83%E3%82%93" n2="%6D%73%64%31%31%32%30" n3="%76%61%6C%6B%79%72%69%65" dan="16,16,17,17" rate="2115.36,2066.26,2220.42,2195.94" sx="M,M,M,F"/><TAIKYOKU oya="0"/><INIT seed="0,0,0,2,3,68" ten="250,250,250,250" oya="0" hai0="91,40,47,111,22,72,61,23,65,116,56,53,84" hai1="37,120,134,130,126,75,20,57,11,35,50,16,74" hai2="94,70,108,123,34,27,117,38,121,100,21,30,71" hai3="10,95,31,73,76,51,54,58,2,48,13,128,93"/><T97/><D116/><U29/><E120/><V80/><F108/><W133/><G2/><T101/><D72/><U89/><E130/><V98/><F117/><W118/><G118/><T9/><D111/><U42/><E134/><V107/><F94/><W86/><G133/><T92/><D9/><U125/><E29/><V114/><F114/><W110/><G110/><T67/><D67/><U99/><E35/><V102/><F102/><W124/><G73/><T62/><D62/><U135/><E11/><V96/><F96/><W83/><G128/><T59/><D59/><U90/><E90/><V66/><F21/><W103/><G124/><T104/><REACH who="0" step="1"/><D65/><REACH who="0" ten="240,250,250,250" step="2"/><U82/><E75/><V77/><F66/><W3/><G58/><T0/><D0/><U26/><E57/><V18/><F70/><W129/><G10/><T112/><D112/><U88/><E74/><V6/><F71/><W46/><G3/><T44/><D44/><N who="1" m="23631" /><E135/><V17/><F123/><W132/><G132/><T119/><D119/><U87/><E125/><V113/><F113/><W85/><G129/><T4/><D4/><U45/><E126/><V15/><F6/><W5/><G5/><T36/><AGARI ba="0,1" hai="22,23,36,40,47,53,56,61,84,91,92,97,101,104" machi="36" ten="20,18000,2" yaku="1,1,0,1,7,1,52,1,53,2" doraHai="68" doraHaiUra="19" who="0" fromWho="0" sc="240,190,250,-60,250,-60,250,-60" /><INIT seed="0,1,0,2,3,42" ten="430,190,190,190" oya="0" hai0="120,69,6,32,103,17,16,19,104,67,123,71,56" hai1="43,135,110,52,68,116,89,80,24,128,99,54,22" hai2="12,23,73,46,57,5,10,92,109,14,90,65,60" hai3="21,88,82,126,100,132,33,118,97,95,4,44,29"/><T51/><D32/><U13/><E116/><V115/><F109/><W15/><G118/><T61/><D6/><U64/><E110/><V75/><F115/><W131/><G33/><T40/><D103/><U30/><E128/><V84/><F14/><W81/><G131/><T63/><D104/><U41/><E64/><V127/><F127/><W98/><G126/><T70/><REACH who="0" step="1"/><D61/><REACH who="0" ten="420,190,190,190" step="2"/><U91/><E135/><V111/><F111/><W121/><G132/><T2/><D2/><U107/><E107/><V26/><REACH who="2" step="1"/><F46/><AGARI ba="1,1" hai="16,17,19,40,46,51,56,63,67,69,70,71,120,123" machi="46" ten="50,9600,0" yaku="1,1,52,1,54,1,53,0" doraHai="42" doraHaiUra="74" who="0" fromWho="2" sc="420,109,190,0,190,-99,190,0" /><INIT seed="0,2,0,0,0,60" ten="529,190,91,190" oya="0" hai0="75,36,128,64,131,27,109,78,44,127,123,17,110" hai1="107,65,38,86,121,80,82,114,47,56,68,63,51" hai2="57,41,72,96,22,125,61,10,9,1,24,15,95" hai3="119,48,31,122,50,87,37,42,14,90,35,91,99"/><T34/><D123/><U132/><E121/><V43/><F72/><W2/><G2/><T49/><D127/><U134/><E107/><V97/><F125/><W3/><G3/><T70/><D36/><U81/><E114/><V93/><F1/><W26/><G122/><T45/><D78/><U40/><E86/><V8/><F15/><W69/><G119/><T113/><D75/><U23/><E23/><V89/><F95/><W29/><G29/><N who="0" m="19775" /><D17/><U102/><E102/><V126/><F97/><W111/><G111/><N who="0" m="42507" /><D113/><U52/><AGARI ba="2,0" hai="38,40,47,51,52,56,63,65,68,80,81,82,132,134" machi="52" ten="30,8000,1" yaku="0,1,24,2,52,1,54,1" doraHai="60" who="1" fromWho="1" sc="529,-42,190,86,91,-22,190,-22" /><INIT seed="1,0,0,5,4,135" ten="487,276,69,168" oya="1" hai0="93,46,24,113,43,76,134,31,97,2,65,60,78" hai1="30,57,10,22,50,73,5,0,121,28,49,128,95" hai2="38,41,98,53,114,44,20,96,67,62,23,11,110" hai3="48,25,51,58,66,104,55,8,33,94,9,35,115"/><U86/><E73/><V83/><F110/><W108/><G104/><T4/><D113/><U47/><E121/><V84/><F114/><W7/><G115/><T15/><D2/><U112/><E112/><V79/><F11/><W54/><G108/><T85/><D134/><U21/><E128/><V107/><F107/><W129/><G129/><T64/><D15/><U74/><E74/><V77/><F77/><W72/><G72/><T1/><D4/><U61/><E22/><V19/><F23/><W119/><G119/><T37/><D1/><U69/><E69/><V103/><F53/><W111/><G111/><T70/><D65/><U80/><E95/><V59/><REACH who="2" step="1"/><F103/><REACH who="2" ten="487,276,59,168" step="2"/><W68/><G54/><T126/><D76/><U90/><E21/><V71/><F71/><W17/><G55/><T106/><D106/><U56/><E10/><V99/><F99/><W120/><G68/><T42/><D78/><U130/><E130/><V116/><F116/><W117/><G8/><T92/><D97/><U131/><E131/><V39/><F39/><W12/><G9/><T81/><D37/><U34/><E0/><V133/><F133/><W127/><G120/><T13/><D70/><U118/><E118/><V101/><F101/><W27/><G117/><T122/><D122/><U32/><E5/><V36/><F36/><W3/><G33/><T82/><D42/><N who="1" m="24823" /><E34/><V63/><F63/><W29/><G35/><T105/><D60/><U18/><E32/><V109/><F109/><W75/><G3/><T89/><D105/><U6/><E6/><V91/><F91/><W124/><G7/><RYUUKYOKU ba="0,1" sc="487,-10,276,-10,59,30,168,-10" hai2="19,20,38,41,44,59,62,67,79,83,84,96,98" /><INIT seed="2,1,1,5,3,60" ten="477,266,89,158" oya="2" hai0="67,116,26,68,16,89,57,6,77,132,118,17,134" hai1="112,10,98,46,115,37,50,133,32,15,49,25,5" hai2="28,124,35,58,79,131,21,76,135,64,107,120,4" hai3="48,123,94,47,117,81,91,88,127,36,27,78,84"/><V7/><F120/><W22/><G123/><T113/><D113/><U2/><E133/><N who="0" m="51305" /><D68/><U82/><E37/><V80/><F107/><W72/><G117/><N who="0" m="45163" /><D6/><N who="2" m="2090" /><F35/><W95/><G36/><T93/><D77/><U54/><E2/><V119/><F119/><W90/><G127/><T31/><D57/><U43/><E82/><V106/><F106/><W18/><REACH who="3" step="1"/><G72/><REACH who="3" ten="477,266,89,148" step="2"/><T44/><D44/><N who="1" m="25759" /><E115/><V14/><F124/><W19/><G19/><T40/><D17/><U29/><E112/><V103/><F135/><W85/><G85/><T24/><D16/><U86/><E86/><V52/><F131/><W62/><G62/><T129/><D129/><U108/><E46/><V42/><F28/><W59/><G59/><T75/><D31/><U65/><E29/><V34/><F34/><W96/><G96/><T109/><D75/><U1/><E98/><V9/><F21/><W51/><G51/><T3/><D109/><U0/><E108/><V100/><F9/><W125/><G125/><T70/><D70/><U41/><E32/><V83/><F14/><W73/><G73/><T53/><D3/><U66/><E1/><V55/><F76/><W110/><G110/><T8/><D24/><U114/><E0/><V38/><F79/><W121/><G121/><T63/><D26/><U111/><E111/><V128/><F128/><W101/><G101/><N who="2" m="38985" /><F38/><W30/><G30/><T87/><D8/><U56/><E114/><V12/><F12/><W122/><G122/><T61/><D87/><U20/><E25/><V69/><F69/><W102/><G102/><T39/><D39/><U126/><E126/><RYUUKYOKU ba="1,2" sc="477,-10,266,-10,89,-10,148,30" hai3="18,22,27,47,48,78,81,84,88,90,91,94,95" /><INIT seed="3,2,2,1,0,43" ten="467,256,79,178" oya="3" hai0="105,73,121,45,120,7,107,102,64,63,128,91,20" hai1="56,22,110,8,117,99,38,76,94,69,11,60,2" hai2="84,118,106,24,93,12,49,103,30,27,86,74,108" hai3="55,90,116,0,48,54,18,75,14,89,16,32,97"/><W19/><G116/><T65/><D73/><U23/><E69/><V104/><F74/><W44/><G0/><T71/><D128/><U3/><E38/><V95/><F108/><W96/><G75/><T6/><D91/><N who="3" m="34825" /><G32/><T41/><D64/><U17/><E110/><V112/><F49/><N who="3" m="28967" /><G14/><T135/><D135/><U53/><E117/><V51/><F51/><W25/><G25/><T35/><D35/><U57/><E3/><V13/><F118/><W42/><G42/><T81/><D41/><U100/><E2/><V98/><F112/><W66/><G66/><T1/><D65/><U15/><E76/><V101/><REACH who="2" step="1"/><F98/><REACH who="2" ten="467,256,69,178" step="2"/><W83/><G83/><T133/><D81/><U115/><E115/><V52/><F52/><W34/><G34/><T132/><D133/><U68/><E68/><V77/><F77/><W87/><G87/><T70/><D71/><U114/><E114/><V131/><F131/><W125/><G125/><T79/><D79/><U29/><E57/><AGARI ba="2,3" hai="16,18,19,48,55,57,96,97" m="28967,34825" machi="57" ten="30,5800,0" yaku="8,1,52,1,54,1" doraHai="43" who="3" fromWho="1" sc="467,0,256,-64,69,0,178,94" /><INIT seed="3,3,0,4,2,54" ten="467,192,69,272" oya="3" hai0="26,37,13,78,29,135,124,33,36,27,86,67,60" hai1="95,102,9,39,42,107,14,115,127,63,6,30,131" hai2="46,45,111,75,62,21,92,98,7,24,40,59,81" hai3="132,10,18,3,128,50,44,103,114,55,85,76,133"/><W1/><G114/><T73/><D135/><N who="3" m="51785" /><G128/><T53/><D124/><U88/><E127/><V120/><F111/><W58/><G103/><T99/><D86/><U91/><E131/><V108/><F108/><W83/><G44/><T16/><D27/><U32/><E107/><V126/><F126/><W106/><G106/><T22/><D53/><U116/><E116/><V69/><F69/><W100/><G100/><T52/><D52/><U117/><E117/><V125/><F125/><W74/><G74/><T123/><D123/><U57/><E42/><V31/><F40/><W0/><G18/><T68/><REACH who="0" step="1"/><D99/><REACH who="0" ten="457,192,69,272" step="2"/><N who="1" m="59775" /><E115/><V28/><F120/><W12/><G12/><T20/><D20/><U47/><E32/><V101/><F31/><W5/><AGARI ba="3,1" hai="0,1,3,5,10,50,55,58,76,83,85" m="51785" machi="5" ten="30,3000,0" yaku="20,1,52,1" doraHai="54" who="3" fromWho="3" sc="457,-13,192,-13,69,-13,272,49" /><INIT seed="3,4,0,3,2,10" ten="444,179,56,321" oya="3" hai0="128,122,44,106,5,93,58,1,104,19,79,50,28" hai1="23,96,24,16,17,56,107,15,38,59,134,120,35" hai2="112,30,108,123,13,54,66,18,80,73,60,72,42" hai3="33,100,129,124,52,125,40,132,81,97,26,3,53"/><W22/><G132/><T41/><D122/><U12/><E120/><V71/><F112/><W133/><G133/><T85/><D128/><U11/><E134/><V115/><F108/><W63/><G129/><T47/><D28/><U57/><E38/><V78/><F115/><W4/><G33/><T25/><D5/><U68/><E68/><V65/><F42/><W36/><G81/><T103/><D1/><U118/><E118/><V121/><F30/><W7/><G40/><T69/><D69/><U14/><E35/><V64/><F72/><W113/><G36/><T6/><D6/><N who="3" m="2089" /><G63/><T99/><D44/><U101/><AGARI ba="4,0" hai="11,12,14,15,16,17,23,24,56,57,59,96,101,107" machi="101" ten="30,8000,1" yaku="0,1,52,3,54,1" doraHai="10" who="1" fromWho="1" sc="444,-24,179,92,56,-24,321,-44" /><INIT seed="4,0,0,1,2,77" ten="420,271,32,277" oya="0" hai0="54,40,103,64,106,128,3,68,42,108,34,20,84" hai1="89,83,124,12,87,6,39,96,104,82,121,31,29" hai2="107,99,25,98,95,56,10,105,19,0,65,4,57" hai3="113,23,126,66,26,21,81,115,133,119,114,102,117"/><T16/><D3/><U13/><E121/><V35/><F99/><W100/><G66/><T120/><D34/><U132/><E39/><V52/><F65/><W5/><G5/><T11/><D11/><N who="1" m="4215" /><E104/><V92/><F92/><W93/><G93/><T122/><D128/><U24/><E96/><V61/><F56/><W2/><G2/><T125/><D125/><U47/><E132/><V38/><F38/><W46/><G46/><T135/><D135/><U50/><E124/><V73/><F73/><W59/><G133/><T53/><D108/><U32/><E13/><V9/><F9/><W130/><G126/><T55/><D103/><N who="3" m="39465" /><G59/><T72/><D72/><U134/><E32/><V118/><F118/><N who="3" m="45067" /><G26/><T8/><D106/><U14/><E14/><V15/><F35/><W86/><G130/><T60/><D8/><U78/><E24/><V69/><F69/><W75/><G75/><T127/><D127/><U51/><E51/><V131/><F131/><W79/><AGARI ba="0,0" hai="21,23,79,81,86,113,114,115" m="45067,39465" machi="79" ten="40,2700,0" yaku="15,1,52,1" doraHai="77" who="3" fromWho="3" sc="420,-13,271,-7,32,-7,277,27" /><INIT seed="5,0,0,3,2,50" ten="407,264,25,304" oya="1" hai0="86,25,14,69,3,90,26,24,109,36,115,79,7" hai1="129,104,123,126,11,106,127,107,74,44,110,83,16" hai2="63,77,56,134,58,100,23,121,76,4,133,122,43" hai3="52,96,120,15,84,46,39,87,112,51,57,31,130"/><U89/><E123/><V119/><F100/><W118/><G120/><T66/><D109/><U131/><E110/><V13/><F119/><W38/><G112/><T67/><D36/><U95/><E44/><V54/><F43/><W85/><G118/><T94/><D3/><U99/><E11/><V114/><F114/><W75/><G75/><T78/><D115/><U97/><E97/><V21/><F63/><W71/><G71/><T105/><D105/><U72/><E72/><V88/><F13/><W73/><G73/><T117/><D117/><U18/><E18/><V6/><REACH who="2" step="1"/><F88/><REACH who="2" ten="407,264,15,304" step="2"/><W55/><G15/><T92/><D14/><U34/><E34/><V98/><F98/><W45/><G96/><T82/><D90/><U101/><E16/><V81/><F81/><W17/><G17/><T113/><D82/><U10/><E10/><V91/><F91/><W1/><G1/><T20/><D113/><U124/><E89/><V102/><F102/><W41/><G31/><T59/><D7/><U2/><E2/><V19/><F19/><W53/><G130/><T68/><D68/><U33/><E33/><V64/><F64/><W35/><G35/><T48/><D67/><U125/><E125/><V27/><F27/><W60/><REACH who="3" step="1"/><G46/><REACH who="3" ten="407,264,15,294" step="2"/><T12/><D69/><U47/><E47/><V93/><F93/><W65/><AGARI ba="0,2" hai="38,39,41,45,51,52,53,55,57,60,65,84,85,87" machi="65" ten="30,12000,2" yaku="1,1,2,1,0,1,52,3,54,1,53,0" doraHai="50" doraHaiUra="28" who="3" fromWho="3" sc="407,-30,264,-60,15,-30,294,140" owari="377,17.7,204,-19.6,-15,-51.5,434,53.4" /></mjloggm>