<mjloggm ver="2.3"><GO type="169" lobby="0"/><UN n0="%E8%8B%B1%E5%9B%BD%E5%A3%B2%E5%8D%B4" n1="%E3%82%AB%E3%83%A9%E6%9D%BE" n2="%E8%8D%92%E6%9C%A8%E6%AF%94%E5%A5%88" n3="%E5%B3%B6%E7%94%B0%E7%9C%9F%E5%A4%A2" dan="18,17,16,16" rate="2259.91,2134.27,2155.08,2182.68" sx="M,M,F,F"/><TAIKYOKU oya="0"/><INIT seed="0,0,0,3,1,84" ten="250,250,250,250" oya="0" hai0="127,69,50,109,36,45,41,80,71,26,83,19,5" hai1="16,121,54,64,55,18,68,60,59,9,100,37,52" hai2="39,132,96,95,13,106,107,111,93,63,120,29,0" hai3="7,31,51,116,56,78,66,89,1,90,135,25,6"/><T23/><D127/><U32/><E121/><V22/><F120/><W10/><G116/><T92/><D92/><U85/><E32/><V104/><F0/><W30/><G135/><T27/><D109/><U48/><E37/><V101/><F39/><W134/><G134/><T17/><D5/><U43/><E100/><V4/><F132/><W81/><G7/><T123/><D123/><U119/><E119/><V33/><F33/><W128/><G128/><T65/><D36/><U44/><E9/><V21/><F111/><W35/><G30/><T73/><D73/><U126/><E126/><V46/><F46/><W105/><G105/><T94/><D94/><U12/><E12/><V113/><F113/><W110/><G110/><T61/><REACH who="0" step="1"/><D71/><REACH who="0" ten="240,250,250,250" step="2"/><U77/><E68/><V125/><F93/><W129/><G129/><T38/><D38/><U130/><E130/><V40/><F125/><W82/><G82/><AGARI ba="0,1" hai="16,18,43,44,48,52,54,55,59,60,64,77,82,85" machi="82" ten="40,5200,0" yaku="8,1,54,2" doraHai="84" who="1" fromWho="3" sc="240,0,250,62,250,0,250,-52" /><INIT seed="1,0,0,4,2,52" ten="240,312,250,198" oya="1" hai0="117,120,17,102,1,80,0,54,84,44,20,13,26" hai1="59,98,106,118,3,110,65,34,85,5,82,100,43" hai2="32,18,131,86,55,14,21,57,41,103,94,104,75" hai3="58,72,79,19,39,68,107,108,45,90,47,2,50"/><U38/><E34/><V128/><F32/><W87/><G107/><T105/><D117/><U12/><E118/><V83/><F41/><W24/><G68/><T23/><D120/><U88/><E3/><V133/><F133/><W16/><G2/><T36/><D102/><U125/><E125/><V11/><F104/><W114/><G114/><T132/><D105/><U25/><E110/><V78/><F103/><W93/><G108/><T22/><D132/><U6/><E25/><V111/><F111/><W124/><G124/><T33/><D33/><U49/><E38/><V51/><F11/><W121/><G121/><T15/><D15/><U129/><E129/><V46/><F46/><N who="3" m="17419" /><G39/><T92/><D92/><U77/><E43/><V97/><F97/><N who="3" m="57527" /><G24/><T35/><D35/><U71/><E71/><V89/><AGARI ba="0,0" hai="14,18,21,51,55,57,75,78,83,86,89,94,128,131" machi="89" ten="30,7900,0" yaku="0,1,25,2,52,1" doraHai="52" who="2" fromWho="2" sc="240,-20,312,-39,250,79,198,-20" /><INIT seed="2,0,0,5,4,80" ten="220,273,329,178" oya="2" hai0="96,24,36,74,94,84,135,64,111,44,12,43,105" hai1="132,47,122,20,117,32,95,63,60,127,56,73,82" hai2="25,89,133,2,104,78,75,40,71,16,101,46,45" hai3="68,59,77,18,27,4,120,98,128,130,124,67,21"/><V7/><F133/><W26/><G68/><T23/><D74/><U85/><E32/><V53/><F71/><W79/><G120/><T92/><D135/><U38/><E132/><V81/><F53/><W83/><G4/><T87/><D111/><U19/><E117/><V114/><F114/><W1/><G1/><T106/><D64/><U30/><E127/><V65/><F65/><W93/><G124/><T97/><D12/><U115/><E30/><V109/><F109/><W33/><G33/><T55/><D55/><U103/><E73/><V14/><F25/><W107/><G107/><T31/><D106/><U90/><E122/><V39/><F46/><W88/><G26/><T41/><D105/><U51/><E38/><V131/><F131/><N who="3" m="50219" /><G83/><T15/><D15/><N who="1" m="9343" /><E115/><V134/><F134/><W50/><G50/><T62/><D62/><AGARI ba="0,0" hai="18,21,27,59,62,67,77,79,88,93,98" m="50219" machi="62" ten="30,2000,0" yaku="19,1,54,1" doraHai="80" who="3" fromWho="0" sc="220,-20,273,0,329,0,178,20" /><INIT seed="3,0,0,2,1,116" ten="200,273,329,198" oya="3" hai0="58,14,80,64,118,79,131,25,104,49,82,127,34" hai1="85,112,107,65,1,67,100,2,71,119,0,122,91" hai2="88,20,89,103,27,121,111,55,22,93,38,13,39" hai3="11,40,29,57,114,126,30,72,117,8,96,45,5"/><W110/><G117/><T125/><D118/><U129/><E119/><V47/><F111/><W9/><G114/><T77/><D104/><U44/><E112/><V101/><F55/><W24/><G72/><T4/><D131/><U60/><E129/><V109/><F109/><W15/><G110/><T35/><D14/><U52/><E67/><V105/><F105/><W120/><G120/><T78/><D4/><U62/><E122/><V43/><F39/><W70/><G70/><T68/><D68/><U95/><E107/><V66/><F66/><W53/><G126/><N who="0" m="48139" /><D25/><U36/><E100/><V94/><F121/><W86/><G96/><T41/><D64/><U106/><E106/><V6/><F94/><W69/><G69/><T23/><D23/><U76/><E76/><V46/><F46/><W83/><G57/><T73/><D58/><U102/><E102/><V7/><F89/><W97/><G97/><T21/><D21/><U81/><E62/><V18/><F7/><W135/><G135/><T19/><D19/><U26/><E26/><V75/><F6/><W31/><G24/><T74/><D79/><U99/><E2/><V130/><F130/><W37/><REACH who="3" step="1"/><G53/><REACH who="3" ten="200,273,329,188" step="2"/><T123/><D123/><U48/><E71/><V132/><F75/><W10/><G10/><T115/><D115/><U90/><E65/><V59/><F59/><W32/><G32/><T3/><D3/><U51/><E1/><V133/><F133/><W12/><G12/><T28/><D28/><U63/><E0/><V54/><F132/><W42/><G42/><T84/><D74/><U128/><E128/><RYUUKYOKU ba="0,1" sc="200,15,273,-15,329,-15,188,15" hai0="34,35,41,49,73,77,78,80,82,84" hai3="5,8,9,11,15,29,30,31,37,40,45,83,86" /><INIT seed="3,1,1,0,5,36" ten="215,258,314,203" oya="3" hai0="99,51,14,20,120,69,53,71,54,135,64,29,110" hai1="126,12,63,92,93,89,106,131,105,8,124,35,34" hai2="38,104,130,85,75,116,109,81,96,44,6,57,70" hai3="82,129,132,1,3,95,61,88,113,28,2,122,11"/><W107/><G122/><T134/><D120/><U46/><E131/><V67/><F130/><W45/><G113/><T25/><D110/><U91/><E63/><V4/><F70/><W19/><G107/><T16/><D99/><U56/><E56/><V68/><F68/><W84/><G129/><T42/><D69/><U115/><E46/><V33/><F33/><W78/><G28/><T79/><D79/><U86/><E115/><V24/><F109/><W72/><G132/><N who="0" m="50731" /><D64/><U27/><E27/><V30/><F75/><W7/><G61/><T41/><D71/><U18/><E106/><V119/><F57/><W50/><REACH who="3" step="1"/><G19/><REACH who="3" ten="215,258,314,193" step="2"/><T22/><D54/><AGARI ba="1,2" hai="1,2,3,7,11,45,50,54,72,78,82,84,88,95" machi="54" ten="30,12000,1" yaku="1,1,2,1,7,1,54,1,53,1" doraHai="36" doraHaiUra="48" who="3" fromWho="0" sc="215,-123,258,0,314,0,193,143" /><INIT seed="3,2,0,3,3,51" ten="92,258,314,336" oya="3" hai0="127,125,41,88,50,62,130,71,36,20,54,34,84" hai1="25,48,22,60,80,134,92,67,123,133,3,94,109" hai2="131,96,78,128,0,85,12,38,118,75,45,58,21" hai3="7,30,15,70,98,5,31,119,120,87,93,112,111"/><W61/><G112/><T18/><D34/><U121/><E3/><V59/><F118/><W95/><G119/><T72/><D72/><U49/><E109/><V69/><F69/><W42/><G120/><T99/><D99/><U108/><E80/><V117/><F0/><W56/><G111/><T124/><D130/><N who="2" m="49706" /><F75/><W104/><G42/><T1/><D1/><U4/><E4/><V6/><F96/><W105/><G70/><T17/><D36/><U103/><E108/><V68/><F68/><W39/><G39/><T33/><D33/><U47/><E121/><V135/><F135/><N who="1" m="51721" /><E49/><V8/><F21/><W100/><G7/><T28/><D41/><N who="1" m="24687" /><E103/><V43/><F117/><W65/><G105/><T10/><D10/><U24/><E24/><V89/><F78/><W122/><G122/><T9/><D9/><U2/><E2/><V74/><F74/><W129/><G129/><T55/><D71/><N who="1" m="42471" /><E123/><V11/><F8/><N who="3" m="4495" /><G104/><T116/><D116/><U77/><E77/><V106/><F106/><W16/><G93/><AGARI ba="2,0" hai="6,11,12,38,43,45,58,59,85,89,93" m="49706" machi="93" ten="30,1000,0" yaku="19,1" doraHai="51" who="2" fromWho="3" sc="92,0,258,0,314,16,336,-16" /><INIT seed="4,0,0,3,0,135" ten="92,258,330,320" oya="0" hai0="93,49,87,50,19,82,126,46,71,40,81,45,98" hai1="55,86,58,111,70,7,4,112,53,39,65,34,56" hai2="3,96,18,94,95,31,90,20,23,68,110,8,118" hai3="54,44,47,17,99,13,105,52,38,69,60,22,89"/><T133/><D133/><U113/><E111/><V91/><F110/><W30/><G30/><T119/><D119/><U97/><E34/><V62/><F118/><W79/><G79/><T125/><D71/><U115/><E39/><V128/><F128/><W120/><G120/><T6/><D6/><N who="1" m="2091" /><E86/><V2/><F8/><W77/><G77/><T14/><D87/><U106/><E70/><V102/><F102/><W5/><G5/><T51/><D82/><U114/><N who="1" m="28672" /><DORA hai="104" /><U131/><E131/><V11/><F11/><W84/><G38/><T66/><D81/><U109/><E109/><V121/><F121/><W10/><G84/><T61/><D61/><N who="1" m="38055" /><E58/><V134/><F134/><W26/><G69/><T101/><D66/><U57/><E57/><V108/><F108/><W92/><G105/><T36/><REACH who="0" step="1"/><D46/><REACH who="0" ten="82,258,330,320" step="2"/><U41/><E41/><V0/><F68/><W122/><G47/><T124/><D124/><U129/><E129/><V43/><F43/><W21/><G60/><T80/><D80/><U103/><AGARI ba="0,1" hai="53,55,97,103,106" m="38055,28672,2091" machi="103" ten="60,4000,0" yaku="15,1,11,1" doraHai="135,104" who="1" fromWho="1" sc="82,-20,258,50,330,-10,320,-10" /><INIT seed="5,0,0,3,4,117" ten="62,308,320,310" oya="1" hai0="130,42,27,18,77,25,20,21,131,10,129,127,63" hai1="123,94,4,0,122,66,74,73,26,92,7,86,135" hai2="67,50,2,113,22,56,3,87,134,30,57,85,65" hai3="40,28,99,14,103,110,96,38,11,43,33,84,98"/><U1/><E66/><V119/><F119/><W107/><G110/><T8/><D77/><U133/><E86/><V15/><F134/><W9/><G38/><T75/><D75/><U37/><E26/><V91/><F2/><W101/><G33/><T48/><D63/><U49/><E49/><V95/><F3/><W62/><G28/><T93/><D93/><U32/><REACH who="1" step="1"/><E32/><REACH who="1" ten="62,298,320,310" step="2"/><V112/><F50/><W71/><G84/><T72/><D72/><U46/><E46/><V59/><F85/><W23/><G99/><T39/><D48/><U121/><E121/><V97/><F87/><W5/><G96/><T83/><D83/><U126/><E126/><V120/><F120/><W13/><G98/><T54/><D54/><U132/><E132/><V36/><F36/><AGARI ba="0,1" hai="0,1,4,7,36,37,73,74,92,94,122,123,133,135" machi="36" ten="25,18000,2" yaku="1,1,22,2,52,2,53,2" doraHai="117" doraHaiUra="105" who="1" fromWho="2" sc="62,0,298,190,320,-180,310,0" /><INIT seed="5,1,0,5,2,14" ten="62,488,140,310" oya="1" hai0="43,59,119,73,54,47,10,11,95,60,128,39,31" hai1="89,98,61,45,114,34,133,20,33,8,13,63,26" hai2="127,69,94,68,67,7,32,92,66,84,3,97,48" hai3="76,107,64,113,112,106,25,81,121,88,40,115,22"/><U120/><E120/><V96/><F32/><W77/><G121/><T62/><D119/><U109/><E114/><V70/><F127/><W80/><G40/><T101/><D128/><U100/><E89/><V75/><F75/><N who="3" m="43039" /><G64/><T82/><D31/><U108/><E133/><V29/><F29/><W124/><G124/><T28/><D28/><N who="1" m="17479" /><E45/><V86/><F48/><W110/><G110/><N who="1" m="42602" /><E34/><V129/><F129/><W130/><G130/><T122/><D122/><U111/><N who="1" m="42610" /><U99/><DORA hai="132" /><E33/><V52/><F3/><W57/><G57/><T24/><D24/><U37/><E37/><V91/><F7/><W123/><G123/><T17/><D82/><U5/><E99/><V125/><F125/><W83/><G83/><T72/><D72/><U23/><E23/><V12/><F12/><W117/><G117/><T1/><D73/><U49/><E49/><V50/><F86/><N who="3" m="50255" /><G77/><T6/><D62/><U2/><E2/><V87/><F84/><W42/><G42/><T65/><D65/><U135/><E135/><V126/><F126/><W85/><G85/><T105/><D11/><U21/><E21/><V116/><F116/><W56/><G56/><T41/><D41/><U134/><E134/><V58/><REACH who="2" step="1"/><F87/><REACH who="2" ten="62,488,130,310" step="2"/><W15/><G15/><T78/><D6/><U131/><E131/><V93/><F93/><AGARI ba="1,1" hai="5,8,13,61,63,93,98,100" m="42610,17479" machi="93" ten="40,2000,0" yaku="10,1" doraHai="14,132" who="1" fromWho="2" sc="62,0,488,33,130,-23,310,0" /><INIT seed="5,2,0,5,3,104" ten="62,521,107,310" oya="1" hai0="40,134,113,115,29,126,108,120,125,116,1,111,71" hai1="49,89,135,7,114,44,95,81,79,23,83,2,92" hai2="41,31,22,57,28,48,82,8,30,55,38,72,20" hai3="128,5,127,52,110,62,16,133,43,12,132,103,67"/><U9/><E135/><N who="3" m="51786" /><G110/><N who="0" m="42027" /><D134/><U107/><E107/><V4/><F38/><W37/><G128/><T50/><D29/><U63/><E114/><N who="0" m="43529" /><D1/><U21/><E63/><V18/><F41/><W76/><G127/><N who="0" m="48651" /><D71/><U66/><E66/><V124/><F124/><W45/><G5/><T33/><D33/><U70/><E70/><V15/><REACH who="2" step="1"/><F4/><REACH who="2" ten="62,521,97,310" step="2"/><W3/><G43/><T58/><D116/><U98/><E7/><V75/><F75/><W73/><G73/><T130/><D130/><U102/><E2/><V96/><F96/><W88/><G37/><T42/><D120/><U56/><E98/><V77/><AGARI ba="2,1" hai="8,15,18,20,22,28,30,31,48,55,57,72,77,82" machi="77" ten="30,4000,0" yaku="1,1,0,1,52,1,53,0" doraHai="104" doraHaiUra="101" who="2" fromWho="2" sc="62,-12,521,-22,97,56,310,-12" /><INIT seed="6,0,0,1,0,80" ten="50,499,153,298" oya="2" hai0="129,91,65,61,12,79,23,11,37,49,115,86,118" hai1="15,68,58,38,106,124,17,102,105,100,84,75,28" hai2="42,33,104,78,31,113,39,3,82,99,50,93,95" hai3="90,88,8,117,67,48,36,43,60,131,22,55,27"/><V98/><F113/><W4/><G117/><T53/><D118/><U76/><E38/><V125/><F125/><W57/><G131/><T110/><D129/><U72/><E68/><V10/><F33/><W16/><G36/><T2/><D110/><U123/><E28/><V77/><F31/><W24/><G24/><T59/><D115/><U20/><E124/><V121/><F121/><W46/><REACH who="3" step="1"/><G43/><REACH who="3" ten="50,499,153,288" step="2"/><T103/><D37/><U29/><E123/><V21/><F39/><W26/><G26/><T89/><D103/><U45/><E100/><V126/><F42/><W1/><AGARI ba="0,1" hai="1,4,8,16,22,27,46,48,55,57,60,67,88,90" machi="1" ten="20,8000,1" yaku="1,1,0,1,7,1,54,2,53,0" doraHai="80" doraHaiUra="101" who="3" fromWho="3" sc="50,-20,499,-20,153,-40,288,90" /><INIT seed="7,0,0,0,1,128" ten="30,479,113,378" oya="3" hai0="17,111,44,77,19,2,109,133,123,63,98,56,71" hai1="116,124,101,29,89,9,21,87,78,47,85,48,114" hai2="11,27,132,37,8,86,112,130,91,120,88,131,53" hai3="97,82,105,115,55,42,95,57,61,69,64,100,76"/><W26/><G115/><T68/><D77/><U59/><E124/><V54/><F37/><W117/><G117/><T113/><D123/><U94/><E114/><V92/><F120/><W18/><G42/><T40/><D113/><U39/><E116/><V73/><F73/><W36/><G36/><T30/><D30/><U134/><E134/><V135/><F27/><W13/><G26/><T90/><D2/><U3/><E59/><V96/><F112/><W104/><G69/><T58/><D90/><U127/><E101/><V70/><F70/><N who="0" m="26666" /><D98/><U16/><E127/><V65/><F65/><W49/><G64/><N who="0" m="39015" /><D19/><U60/><E60/><V7/><F11/><W33/><G33/><T119/><D17/><U110/><E110/><N who="0" m="41993" /><D58/><U51/><E39/><V50/><F91/><W24/><G24/><T52/><D119/><U62/><E62/><V20/><F20/><W67/><G67/><T14/><D14/><N who="1" m="7247" /><E3/><N who="2" m="127" /><F96/><W4/><G4/><T72/><D72/><U12/><E29/><V0/><F0/><W66/><G66/><T41/><D41/><N who="1" m="24687" /><E51/><V32/><F32/><W99/><G49/><N who="0" m="28711" /><D40/><U103/><E103/><V31/><F31/><W121/><G121/><T10/><D10/><U75/><E75/><V22/><F22/><W107/><G97/><T126/><D126/><U15/><E21/><V93/><F93/><W43/><G43/><T35/><D35/><U122/><E122/><V84/><F84/><N who="3" m="48199" /><G13/><T1/><D1/><U129/><E129/><N who="2" m="49163" /><F53/><W25/><G25/><T125/><D125/><U80/><AGARI ba="0,0" hai="12,15,78,80,85,87,89,94" m="24687,7247" machi="80" ten="30,2000,0" yaku="8,1,54,1" doraHai="128" who="1" fromWho="1" sc="30,-5,479,20,113,-5,378,-10" owari="25,-47.5,499,59.9,108,-29.2,368,16.8" /></mjloggm>