<mjloggm ver="2.3"><GO type="169" lobby="0"/><UN n0="%E6%96%B0%E6%9C%88%E9%97%87%E9%9F%B3" n1="%61%63%74%79" n2="%73%73%73%31%39%33%33" n3="%E3%83%91%E3%82%A1%E3%82%AF" dan="17,16,16,18" rate="2200.57,2034.89,2127.81,2254.98" sx="M,M,F,M"/><TAIKYOKU oya="0"/><INIT seed="0,0,0,1,3,35" ten="250,250,250,250" oya="0" hai0="132,108,106,115,82,38,104,61,32,128,117,118,57" hai1="114,23,27,134,85,10,14,18,101,133,13,98,16" hai2="11,95,48,64,0,45,62,111,123,17,112,6,9" hai3="72,100,7,102,90,71,36,59,41,29,77,84,49"/><T20/><D32/><U83/><E114/><V37/><F123/><W50/><G71/><T120/><D38/><U46/><E27/><V105/><F105/><W103/><G29/><T19/><D120/><U74/><E74/><V97/><F37/><W63/><G77/><T30/><D115/><U129/><E129/><V12/><F112/><W75/><G36/><T65/><D128/><U22/><E10/><V21/><F111/><W81/><G7/><T25/><D132/><U89/><REACH who="1" step="1"/><E46/><REACH who="1" ten="250,240,250,250" step="2"/><V58/><F11/><W79/><G75/><T39/><D25/><U67/><E67/><V96/><REACH who="2" step="1"/><F95/><AGARI ba="0,1" hai="13,14,16,18,22,23,83,85,89,95,98,101,133,134" machi="95" ten="40,5200,0" yaku="1,1,9,1,54,1,53,0" doraHai="35" doraHaiUra="60" who="1" fromWho="2" sc="250,0,240,62,250,-52,250,0" /><INIT seed="1,0,0,3,1,26" ten="250,302,198,250" oya="1" hai0="78,95,68,112,52,104,87,115,83,56,116,16,0" hai1="15,69,21,24,117,99,59,31,92,111,48,37,3" hai2="58,126,23,128,38,79,55,40,47,25,11,9,65" hai3="63,33,113,30,42,66,110,7,109,32,80,120,64"/><U97/><E117/><V12/><F126/><W72/><G120/><T127/><D104/><U108/><E3/><V75/><F128/><W130/><G113/><T103/><D116/><U8/><E69/><V135/><F135/><W19/><G7/><T131/><D68/><U101/><E37/><V17/><F65/><W107/><G66/><T14/><D0/><U13/><E99/><V106/><F106/><W29/><G42/><T41/><D41/><U122/><E122/><V20/><F79/><N who="3" m="44135" /><G19/><T34/><D34/><N who="3" m="13417" /><G107/><T102/><D127/><U121/><E121/><V73/><F73/><W6/><G6/><T43/><D131/><U100/><E101/><V28/><REACH who="2" step="1"/><F75/><REACH who="2" ten="250,302,188,250" step="2"/><W82/><G130/><T84/><D115/><U54/><REACH who="1" step="1"/><E8/><REACH who="1" ten="250,292,188,250" step="2"/><V118/><F118/><W133/><G133/><T10/><D112/><U124/><E124/><V51/><AGARI ba="0,2" hai="9,11,12,17,20,23,25,28,38,40,47,51,55,58" machi="51" ten="20,5200,0" yaku="1,1,0,1,7,1,52,1,53,0" doraHai="26" doraHaiUra="132" who="2" fromWho="2" sc="250,-13,292,-26,188,72,250,-13" /><INIT seed="2,0,0,5,0,35" ten="237,266,260,237" oya="2" hai0="8,119,2,113,7,3,39,88,30,21,109,1,57" hai1="71,103,53,81,40,77,85,43,67,126,92,98,107" hai2="24,78,102,34,135,62,20,11,4,41,111,91,38" hai3="128,29,133,5,130,79,117,89,120,13,9,17,51"/><V100/><F34/><W68/><G68/><T127/><D39/><U10/><E126/><V74/><F135/><W80/><G133/><T58/><D113/><U70/><E53/><V82/><F91/><W114/><G117/><T22/><D127/><U118/><E118/><V95/><F95/><W115/><G89/><T99/><D119/><U36/><E70/><V52/><F111/><W56/><G29/><T61/><D109/><U14/><E36/><V33/><F33/><W6/><G56/><T122/><D122/><U46/><E46/><V19/><F41/><W64/><G51/><T125/><D58/><U101/><E101/><V93/><F93/><W108/><G64/><T121/><D121/><U45/><E45/><V31/><F31/><W105/><G105/><T28/><D28/><U90/><E67/><V26/><F26/><W132/><G132/><T42/><D42/><U54/><E54/><V55/><F38/><W112/><G120/><T69/><D69/><U110/><E71/><V75/><F75/><W27/><G27/><T84/><D99/><U131/><E131/><N who="3" m="50218" /><G108/><T94/><D125/><U15/><E15/><N who="2" m="5607" /><F55/><W96/><G96/><T123/><D123/><U18/><REACH who="1" step="1"/><E110/><REACH who="1" ten="237,256,260,237" step="2"/><V106/><F106/><W83/><G115/><T66/><REACH who="0" step="1"/><D30/><REACH who="0" ten="227,256,260,237" step="2"/><U86/><AGARI ba="0,2" hai="10,14,18,40,43,77,81,85,86,90,92,98,103,107" machi="86" ten="20,5200,0" yaku="1,1,2,1,0,1,7,1,53,0" doraHai="35" doraHaiUra="59" who="1" fromWho="1" sc="227,-13,256,72,260,-26,237,-13" /><INIT seed="3,0,0,4,5,125" ten="214,328,234,224" oya="3" hai0="77,109,85,74,120,68,106,101,116,20,9,32,55" hai1="99,129,98,115,100,60,122,43,134,107,83,65,51" hai2="104,102,89,29,130,66,3,18,92,27,45,19,34" hai3="80,128,108,86,12,81,30,11,15,17,95,28,110"/><W53/><G95/><T111/><D20/><U22/><E122/><V6/><F45/><W1/><G1/><T133/><D55/><U10/><E115/><V16/><F66/><W126/><G126/><T127/><D9/><U40/><E134/><V113/><F102/><W8/><G53/><T87/><D87/><U2/><E51/><V23/><F104/><W112/><G112/><T76/><D85/><U73/><E22/><V84/><F113/><W118/><G118/><T67/><D77/><U52/><E98/><V38/><F38/><W21/><G128/><T97/><D76/><U25/><E25/><V117/><F117/><W44/><G44/><T79/><D79/><U50/><E83/><N who="3" m="31818" /><G86/><T56/><D56/><U49/><E49/><V93/><F93/><W64/><G64/><T131/><D67/><U103/><E73/><V94/><F94/><W7/><G21/><T62/><D62/><U24/><E60/><V13/><REACH who="2" step="1"/><F130/><REACH who="2" ten="214,328,224,224" step="2"/><W114/><G114/><T0/><D101/><U36/><E100/><V88/><F88/><W26/><G26/><T33/><D116/><U57/><E24/><V37/><F37/><W39/><G39/><T96/><D106/><U63/><E36/><V54/><F54/><W71/><G71/><T70/><D70/><U90/><E129/><V5/><F5/><W135/><G135/><T4/><D133/><U82/><E107/><V121/><F121/><W69/><G69/><T105/><D68/><U61/><E52/><V47/><F47/><W35/><G35/><N who="0" m="13387" /><D131/><U123/><E65/><V91/><F91/><W75/><G75/><RYUUKYOKU ba="0,1" sc="214,-15,328,-15,224,15,224,15" hai2="3,6,13,16,18,19,23,27,29,34,84,89,92" hai3="7,8,11,12,15,17,28,30,108,110" /><INIT seed="3,1,1,3,2,15" ten="199,313,239,239" oya="3" hai0="34,45,117,105,94,10,74,122,99,129,42,64,93" hai1="19,127,126,61,50,20,11,30,98,97,72,101,70" hai2="28,106,18,16,121,48,100,134,75,103,27,111,86" hai3="71,91,51,96,17,3,5,9,125,107,31,26,24"/><W108/><G125/><N who="1" m="47626" /><E72/><V130/><F75/><W4/><G4/><T114/><D117/><U58/><E70/><V73/><F73/><W25/><G71/><T88/><D122/><U76/><E76/><V104/><F121/><W53/><G108/><T36/><D114/><U116/><E116/><V68/><F68/><W1/><G1/><T67/><D129/><U35/><E11/><V12/><F111/><W82/><G82/><T123/><D123/><U23/><E35/><V90/><F130/><W39/><G39/><T13/><D34/><U0/><E50/><V49/><F12/><W66/><G66/><T59/><D105/><U85/><E85/><V92/><F134/><W124/><G31/><T57/><D74/><U33/><E33/><V56/><F106/><W109/><G109/><T38/><D38/><U79/><E79/><V81/><F104/><W37/><G37/><T44/><D44/><U113/><E113/><V84/><F49/><W65/><G65/><T133/><D133/><U115/><E115/><V120/><F120/><W112/><G112/><T8/><D8/><U2/><E30/><V55/><F28/><W78/><G78/><T128/><D128/><U60/><E23/><N who="2" m="13799" /><F18/><W21/><G124/><T118/><D118/><U7/><E0/><V119/><F119/><W54/><G107/><T63/><D93/><U14/><E2/><V41/><F41/><W69/><G69/><N who="0" m="42143" /><D67/><N who="1" m="39319" /><E7/><V80/><F92/><N who="3" m="56351" /><G51/><T62/><D62/><U52/><E101/><V132/><F132/><W32/><G32/><T95/><D95/><U47/><E61/><V102/><F102/><RYUUKYOKU ba="1,1" sc="199,0,313,0,239,0,239,0" hai0="10,13,36,42,45,57,59,88,94,99" hai1="14,19,20,47,52,97,98" hai2="48,55,56,80,81,84,86,90,100,103" hai3="3,5,9,17,21,24,25,26,53,54" /><INIT seed="3,2,1,5,1,82" ten="199,313,239,239" oya="3" hai0="12,111,114,5,76,98,34,102,135,106,122,72,74" hai1="125,94,35,47,32,117,59,110,44,49,63,99,57" hai2="16,55,85,68,69,109,13,119,65,14,43,64,132" hai3="25,3,96,10,22,23,7,62,89,78,33,126,87"/><W95/><G126/><T46/><D34/><U83/><E110/><V41/><F119/><W24/><G62/><T116/><D46/><U0/><E0/><V128/><F109/><W28/><G78/><T77/><D12/><U133/><E133/><V104/><F104/><W56/><G56/><T54/><D54/><U26/><E117/><V52/><F128/><W66/><G66/><T45/><D5/><U8/><E44/><V70/><F132/><W107/><REACH who="3" step="1"/><G25/><REACH who="3" ten="199,313,239,229" step="2"/><T42/><D77/><U130/><E57/><V1/><F70/><W37/><G37/><T129/><D76/><U51/><E63/><V118/><F118/><W19/><G19/><T21/><D116/><U40/><E26/><V101/><F16/><W80/><G80/><T97/><D111/><U30/><E83/><V17/><F17/><W120/><G120/><T88/><D122/><U121/><E59/><V29/><F29/><W108/><G108/><T48/><D135/><U79/><E125/><V39/><F39/><W92/><G92/><T6/><D106/><U18/><E94/><V53/><F69/><W115/><G115/><T75/><D114/><U2/><E18/><V36/><F36/><W9/><G9/><T93/><D93/><U105/><E79/><V113/><F68/><W61/><G61/><T127/><D127/><U81/><E81/><V84/><F113/><W131/><G131/><T90/><D129/><U58/><E8/><V100/><F55/><W4/><G4/><T123/><D6/><U50/><E130/><V73/><F73/><N who="0" m="18690" /><T27/><DORA hai="112" /><D123/><U15/><E121/><RYUUKYOKU ba="2,2" sc="199,-15,313,-15,239,15,229,15" hai2="1,13,14,41,43,52,53,64,65,84,85,100,101" hai3="3,7,10,22,23,24,28,33,87,89,95,96,107" /><INIT seed="3,3,2,4,0,45" ten="184,298,254,244" oya="3" hai0="26,27,47,106,35,43,40,123,24,33,115,103,119" hai1="38,60,34,104,130,17,42,50,6,79,70,88,37" hai2="102,82,85,99,53,133,74,94,1,105,73,97,3" hai3="120,59,72,132,90,117,109,89,93,56,114,69,116"/><W20/><G69/><T14/><D123/><U9/><E104/><V19/><F133/><W31/><G120/><T125/><D119/><U2/><E34/><V5/><F19/><W95/><G72/><T107/><D125/><U96/><E130/><V64/><F64/><W129/><G20/><T52/><D115/><U81/><E17/><V98/><F98/><W131/><G31/><T92/><D107/><U62/><E70/><V67/><F67/><W63/><G63/><T4/><D106/><U91/><E37/><V86/><F86/><W111/><REACH who="3" step="1"/><G132/><REACH who="3" ten="184,298,254,234" step="2"/><T128/><D128/><U68/><E60/><V121/><F121/><W126/><G126/><T18/><D35/><U0/><E62/><V49/><F74/><W66/><G66/><T75/><D75/><U80/><E68/><V32/><F73/><W76/><G76/><T7/><D33/><U122/><E79/><V36/><F32/><W118/><G118/><T51/><D4/><U22/><E22/><V108/><F5/><W57/><G57/><T12/><D7/><U28/><E28/><V48/><F3/><W21/><G21/><N who="0" m="11463" /><D14/><U30/><E6/><V16/><F1/><W29/><G29/><T55/><D55/><U83/><E30/><V110/><F53/><W8/><G8/><T46/><D46/><U25/><E0/><V23/><F23/><W65/><G65/><T44/><D44/><U58/><E2/><V100/><F16/><W134/><G134/><T127/><D127/><U61/><E122/><V71/><F71/><W78/><G78/><T77/><D77/><U135/><E135/><RYUUKYOKU ba="3,3" sc="184,15,298,-15,254,-15,234,15" hai0="24,26,27,40,43,47,51,52,92,103" hai3="56,59,89,90,93,95,109,111,114,116,117,129,131" /><INIT seed="3,4,3,0,0,114" ten="199,283,239,249" oya="3" hai0="10,84,21,50,49,45,133,105,86,52,75,121,40" hai1="8,79,14,20,111,1,23,67,113,88,16,125,47" hai2="135,131,120,9,35,64,92,51,110,43,34,41,101" hai3="28,15,7,48,4,68,37,126,72,123,62,60,96"/><W44/><G123/><T36/><D121/><U95/><E113/><V91/><F120/><W117/><G117/><T129/><D75/><U31/><E79/><V102/><F110/><W12/><G37/><T13/><D105/><U93/><E111/><V70/><F135/><W18/><G72/><T30/><D133/><U134/><E125/><V32/><F131/><W39/><G39/><T25/><D129/><U90/><E67/><V11/><F64/><W89/><G68/><T2/><D2/><U42/><E1/><V118/><F70/><W80/><G28/><T5/><REACH who="0" step="1"/><D36/><REACH who="0" ten="189,283,239,249" step="2"/><U76/><E134/><V103/><F118/><W3/><G3/><T73/><D73/><U115/><E115/><V0/><F0/><W87/><G126/><T104/><D104/><U78/><E76/><V54/><F11/><N who="3" m="4199" /><G7/><T109/><D109/><U26/><E78/><V24/><F9/><N who="3" m="6511" /><G96/><T63/><D63/><U100/><E8/><V38/><F38/><W98/><G98/><T132/><D132/><U55/><E23/><V6/><F6/><W59/><G59/><AGARI ba="4,4" hai="5,10,13,21,25,30,40,45,49,50,52,59,84,86" machi="59" ten="30,12000,2" yaku="1,1,7,1,8,1,54,1,53,2" doraHai="114" doraHaiUra="83" who="0" fromWho="3" sc="189,172,283,0,239,0,249,-132" /><INIT seed="4,0,0,4,5,83" ten="361,283,239,117" oya="0" hai0="85,60,49,41,22,135,2,94,13,101,45,133,11" hai1="53,50,77,17,8,114,129,62,99,86,96,37,122" hai2="18,7,79,66,100,25,132,21,20,127,9,31,87" hai3="15,71,105,97,69,57,58,130,117,90,26,104,4"/><T28/><D2/><U36/><E122/><V64/><F100/><W40/><G117/><T75/><D75/><U34/><E34/><V38/><F38/><W70/><G130/><T16/><D60/><U131/><E114/><V111/><F111/><W123/><G123/><T33/><D33/><U119/><E62/><V73/><F73/><W29/><G40/><T72/><D72/><U5/><E17/><V12/><F127/><W98/><G4/><T120/><D120/><U61/><E61/><V126/><F132/><N who="0" m="50762" /><D101/><U32/><E32/><V93/><F126/><W3/><G15/><T19/><D28/><U108/><E108/><V102/><F102/><W51/><G3/><T1/><D1/><U81/><E36/><V14/><REACH who="2" step="1"/><F79/><REACH who="2" ten="361,283,229,117" step="2"/><W113/><G113/><T48/><D48/><U74/><E74/><V128/><F128/><N who="1" m="49225" /><E37/><V23/><F23/><W0/><G51/><T125/><D125/><U44/><E119/><V43/><F43/><W65/><G105/><T47/><D47/><U76/><E76/><V112/><F112/><W110/><G104/><T80/><D94/><U55/><E55/><V39/><F39/><W84/><G110/><T124/><D124/><U92/><E92/><V103/><F103/><W56/><G65/><T42/><D42/><U59/><E44/><V116/><F116/><W6/><G70/><T89/><D22/><U82/><E81/><V35/><F35/><N who="3" m="20919" /><G71/><T52/><D41/><U78/><E78/><V68/><F68/><W134/><G69/><T95/><D80/><U118/><E118/><V46/><F46/><W63/><G134/><RYUUKYOKU ba="0,1" sc="361,10,283,10,229,10,117,-30" hai0="11,13,16,19,45,49,52,85,89,95" hai1="5,8,50,53,59,77,82,86,96,99" hai2="7,9,12,14,18,20,21,25,31,64,66,87,93" /><INIT seed="4,1,1,3,2,65" ten="371,293,239,87" oya="0" hai0="43,1,54,42,84,86,44,114,103,26,115,109,8" hai1="116,33,75,72,92,82,67,7,11,80,34,120,55" hai2="126,29,93,133,46,58,90,100,110,62,22,15,76" hai3="13,102,0,56,96,108,107,21,111,70,31,89,119"/><T88/><D103/><U63/><E55/><V83/><F110/><W78/><G119/><T28/><D109/><U41/><E92/><V101/><F126/><W112/><G112/><N who="0" m="43051" /><D54/><U59/><E41/><V104/><F46/><W66/><G0/><T68/><D68/><U4/><E120/><V9/><F104/><W14/><G78/><T124/><D124/><U3/><E4/><V57/><F57/><W17/><G56/><T125/><D125/><U19/><E19/><V50/><F50/><W5/><G31/><T95/><D84/><U129/><E116/><V121/><F133/><W35/><G35/><N who="0" m="20887" /><D44/><U98/><E98/><V99/><F121/><W32/><G32/><T87/><D87/><U6/><E33/><V85/><F29/><W12/><G89/><T18/><D18/><U97/><E34/><V16/><REACH who="2" step="1"/><F22/><REACH who="2" ten="371,293,229,87" step="2"/><W64/><G111/><T135/><D135/><U134/><E59/><V10/><F10/><W39/><G108/><T94/><D94/><U53/><E11/><V105/><F105/><W73/><G107/><T122/><D122/><U49/><E134/><V52/><AGARI ba="1,2" hai="9,15,16,52,58,62,76,83,85,90,93,99,100,101" machi="52" ten="20,12000,2" yaku="1,1,0,1,7,1,8,1,54,2,53,0" doraHai="65" doraHaiUra="113" who="2" fromWho="2" sc="371,-61,293,-31,229,143,87,-31" /><INIT seed="5,0,0,4,4,11" ten="310,262,372,56" oya="1" hai0="61,49,128,133,83,112,12,32,41,77,35,1,5" hai1="54,131,66,75,8,2,36,121,126,97,103,60,86" hai2="57,107,31,43,89,90,26,113,130,13,69,63,23" hai3="52,108,18,46,29,22,55,15,122,73,87,135,42"/><U81/><E121/><V28/><F69/><W20/><G73/><T17/><D112/><U85/><E126/><V58/><F107/><W16/><G135/><T132/><D128/><U102/><E131/><V10/><F113/><W104/><G108/><T129/><D129/><U50/><E36/><V14/><F43/><W125/><G125/><T0/><D61/><U127/><E127/><V71/><F71/><W27/><G104/><T84/><D5/><U9/><E75/><V105/><F105/><W115/><G115/><T65/><D65/><U37/><E37/><V33/><F130/><W101/><G101/><N who="1" m="38410" /><E2/><N who="0" m="1129" /><D49/><U109/><E97/><V24/><F58/><W134/><G134/><N who="0" m="51819" /><D41/><U116/><E116/><V40/><F40/><W94/><G122/><T21/><AGARI ba="0,0" hai="12,17,21,32,35,77,83,84" m="51819,1129" machi="21" ten="30,2000,0" yaku="20,1,52,1" doraHai="11" who="0" fromWho="0" sc="310,20,262,-10,372,-5,56,-5" /><INIT seed="6,0,0,3,1,108" ten="330,252,367,51" oya="2" hai0="0,133,106,134,76,14,74,105,27,49,98,96,53" hai1="110,85,127,32,39,7,33,68,63,1,44,25,125" hai2="71,30,15,2,46,4,37,86,66,115,94,35,48" hai3="41,43,128,126,72,78,22,23,80,70,82,109,102"/><V18/><F37/><W17/><G109/><T132/><D0/><U11/><E85/><V12/><F2/><W123/><G123/><T24/><D14/><U36/><E110/><V52/><F4/><W84/><G70/><T122/><D122/><U28/><E33/><V117/><F117/><W50/><G128/><T40/><D40/><U124/><REACH who="1" step="1"/><E44/><REACH who="1" ten="330,242,367,51" step="2"/><V26/><F46/><W90/><G126/><T100/><D74/><U34/><E34/><V95/><F86/><W51/><G72/><T107/><D76/><U104/><E104/><N who="0" m="40041" /><D98/><U47/><E47/><AGARI ba="0,1" hai="24,27,47,49,53,96,100,107,132,133,134" m="40041" machi="47" ten="40,1300,0" yaku="20,1" doraHai="108" who="0" fromWho="1" sc="330,23,242,-13,367,0,51,0" /><INIT seed="7,0,0,0,0,108" ten="353,229,367,51" oya="3" hai0="49,52,21,63,48,121,60,75,80,59,116,94,18" hai1="29,77,111,54,89,117,19,53,123,114,65,93,31" hai2="40,2,33,99,124,17,8,10,119,43,69,104,44" hai3="90,76,122,4,133,81,15,107,64,109,100,24,84"/><W58/><G109/><T132/><D121/><U85/><E123/><V38/><F119/><W126/><G133/><T7/><D116/><U98/><E117/><V128/><F43/><W97/><G126/><T22/><D132/><U118/><E118/><V130/><F124/><W34/><G122/><T120/><D120/><U28/><E111/><V68/><F33/><W82/><G4/><T129/><D129/><N who="2" m="49770" /><F17/><W127/><G127/><T110/><D110/><U14/><E65/><V9/><F2/><W105/><G15/><T5/><D94/><U3/><E3/><V83/><F83/><W101/><G58/><T88/><D75/><U1/><E1/><V50/><F38/><W46/><G46/><T131/><D131/><U39/><E39/><V42/><F42/><W47/><G47/><T35/><D35/><U36/><E36/><V135/><F135/><W115/><G64/><T95/><D80/><N who="1" m="47247" /><E114/><V32/><F32/><W96/><G115/><T66/><D63/><U70/><E70/><V13/><F13/><W26/><REACH who="3" step="1"/><G34/><REACH who="3" ten="353,229,367,41" step="2"/><T12/><D66/><U61/><E61/><V87/><F69/><W57/><G57/><T112/><D112/><U25/><E25/><V113/><F68/><W72/><AGARI ba="0,1" hai="24,26,72,76,81,82,84,90,96,97,100,101,105,107" machi="72" ten="20,18000,2" yaku="1,1,0,1,7,1,9,1,53,2" doraHai="108" doraHaiUra="103" who="3" fromWho="3" sc="353,-60,229,-60,367,-60,41,190" /><INIT seed="7,1,0,3,2,62" ten="293,169,307,231" oya="3" hai0="30,66,11,116,96,3,41,13,35,124,48,120,119" hai1="134,26,36,93,43,38,72,131,106,74,34,63,12" hai2="73,112,84,104,90,27,55,9,76,51,64,99,100" hai3="18,24,1,70,78,77,121,21,94,0,103,50,49"/><W110/><G121/><T128/><D120/><U68/><E106/><V115/><F64/><W61/><G110/><T20/><D128/><U81/><E131/><V82/><F27/><W113/><G113/><N who="2" m="43593" /><F9/><W15/><G0/><T89/><D124/><U6/><E134/><V80/><F51/><N who="3" m="19467" /><G1/><T32/><D32/><U47/><E36/><V126/><F55/><W87/><G70/><T23/><D23/><U111/><E111/><V69/><F69/><W129/><G129/><T107/><D66/><U52/><E81/><V10/><F10/><N who="3" m="6519" /><G61/><T29/><D35/><U95/><E72/><V118/><F126/><W46/><G46/><T31/><D3/><U45/><E74/><V56/><F56/><W67/><G67/><T108/><D108/><U75/><E75/><V53/><F53/><W122/><G122/><T91/><D107/><U58/><E68/><V16/><F16/><N who="3" m="12327" /><G87/><T135/><D135/><U65/><E6/><V105/><F105/><W22/><G22/><T14/><D20/><U7/><E7/><V19/><F19/><W98/><AGARI ba="1,0" hai="77,78,94,98,103" m="12327,6519,19467" machi="98" ten="30,3000,0" yaku="8,1,54,1" doraHai="62" who="3" fromWho="3" sc="293,-11,169,-11,307,-11,231,33" /><INIT seed="7,2,0,0,4,98" ten="282,158,296,264" oya="3" hai0="80,17,46,4,1,42,52,55,58,106,7,92,47" hai1="107,44,78,134,109,33,50,13,69,120,41,26,113" hai2="10,128,6,63,28,48,49,84,75,132,103,97,59" hai3="34,29,72,51,116,60,86,118,68,31,16,129,54"/><W20/><G72/><T3/><D106/><U99/><E120/><V14/><F75/><W36/><G36/><T32/><D32/><U126/><E109/><V24/><F84/><W93/><G129/><T37/><D80/><U88/><E69/><V15/><F15/><W114/><G114/><T23/><D92/><U22/><E113/><V71/><F71/><W74/><G74/><T115/><D115/><U30/><E126/><V91/><F91/><N who="3" m="53495" /><G34/><T117/><D117/><U38/><E134/><V102/><F132/><W121/><G68/><T83/><D83/><U135/><E135/><V104/><F103/><W94/><G121/><T66/><D66/><U124/><E124/><V108/><F108/><W101/><G60/><T67/><D67/><U0/><E0/><V119/><F119/><W130/><G130/><T25/><D7/><U110/><E110/><V87/><F87/><W45/><G118/><T8/><D47/><U56/><E78/><V2/><F2/><W62/><G62/><T112/><D112/><U64/><E64/><V100/><F100/><W89/><G89/><T12/><D55/><N who="1" m="31863" /><E88/><V5/><F128/><W77/><G77/><T131/><D131/><U123/><E123/><V27/><F5/><W43/><G43/><T96/><D96/><U40/><E41/><V76/><F76/><W82/><G82/><T90/><D90/><U21/><E13/><V127/><F127/><W11/><G116/><T125/><D125/><U111/><E111/><V73/><F73/><W70/><G70/><T65/><D65/><U122/><E122/><V85/><F14/><RYUUKYOKU ba="2,0" sc="282,15,158,15,296,-15,264,-15" hai0="1,3,4,8,12,17,23,25,37,42,46,52,58" hai1="21,22,26,30,33,38,40,44,99,107" /><INIT seed="8,3,0,5,2,21" ten="297,173,281,249" oya="0" hai0="61,20,104,52,107,27,106,45,66,46,15,122,76" hai1="44,119,71,81,49,116,56,25,131,82,0,99,128" hai2="105,90,33,110,112,79,121,130,41,127,50,135,54" hai3="36,75,132,53,91,63,6,72,57,9,117,34,111"/><T30/><D122/><U98/><E71/><V10/><F121/><W40/><G111/><T126/><D76/><U19/><E0/><V92/><F110/><W16/><G132/><T102/><D102/><U64/><E19/><V93/><F112/><W38/><G117/><N who="1" m="45130" /><E25/><V42/><F135/><W77/><G77/><T129/><D129/><N who="1" m="49739" /><E56/><V83/><F33/><W59/><G91/><T73/><D73/><U7/><E7/><V51/><F105/><W2/><G34/><T103/><D103/><U88/><E64/><V80/><F127/><W11/><G59/><T43/><D126/><U67/><E67/><V60/><F10/><W3/><G40/><N who="2" m="15465" /><F79/><W58/><G58/><T31/><D31/><U23/><E23/><V94/><F90/><W96/><G96/><N who="1" m="36906" /><E88/><V69/><F69/><W120/><G120/><T17/><D43/><AGARI ba="3,0" hai="43,44,49,81,82" m="36906,49739,45130" machi="43" ten="30,2000,0" yaku="16,1,19,1" doraHai="21" who="1" fromWho="0" sc="297,-29,173,29,281,0,249,0" /><INIT seed="9,0,0,5,1,80" ten="268,202,281,249" oya="1" hai0="16,26,77,0,116,24,118,103,91,121,89,23,113" hai1="92,124,70,117,131,94,78,54,8,13,128,98,67" hai2="56,28,55,130,64,6,62,105,111,39,30,122,101" hai3="125,90,1,3,99,112,18,27,63,22,50,15,57"/><U38/><E38/><V49/><F111/><W85/><G112/><T132/><D113/><U61/><E117/><N who="0" m="45161" /><D0/><U133/><E78/><V41/><F122/><W109/><G125/><T32/><D132/><U107/><E124/><V60/><F6/><W34/><G109/><T120/><D103/><U25/><E133/><V33/><F33/><W100/><G50/><T69/><D69/><U127/><E127/><V59/><F130/><N who="1" m="49705" /><E54/><V36/><F101/><W81/><G15/><T52/><D77/><U79/><E79/><V134/><F105/><W29/><G18/><T106/><D106/><U48/><E48/><V96/><F96/><W21/><G1/><T75/><D75/><U88/><E25/><V19/><F134/><W115/><G3/><T12/><D52/><U129/><N who="1" m="49713" /><U14/><DORA hai="2" /><E107/><V43/><F49/><W51/><G51/><T20/><D26/><U44/><E44/><V97/><F55/><W87/><G115/><T93/><D32/><U46/><E46/><V40/><F40/><W17/><G34/><T72/><D72/><U47/><E47/><V86/><F39/><W110/><G110/><T10/><D24/><U104/><E104/><V102/><F36/><W76/><G29/><T11/><D121/><U37/><E37/><V126/><F126/><W123/><G27/><T4/><D120/><U108/><E108/><V45/><F45/><W73/><G123/><T5/><D23/><U35/><E35/><V95/><F30/><W42/><G22/><T68/><D20/><U31/><E31/><V74/><F28/><W84/><G21/><RYUUKYOKU ba="0,0" sc="268,0,202,0,281,0,249,0" /><INIT seed="10,1,0,4,0,128" ten="268,202,281,249" oya="2" hai0="70,18,111,115,25,26,4,124,108,134,135,49,120" hai1="119,17,93,6,98,27,97,85,123,75,39,74,103" hai2="47,46,109,101,86,95,69,112,19,71,36,76,77" hai3="72,116,11,52,41,114,42,14,91,94,84,81,88"/><V13/><F112/><W73/><G116/><T35/><D115/><U20/><E119/><V2/><F2/><W24/><G114/><T87/><D120/><U82/><E39/><V104/><F104/><W113/><G113/><T0/><D70/><U12/><E123/><V10/><F109/><W133/><G133/><N who="0" m="50699" /><D124/><U3/><E3/><V64/><F36/><W5/><G24/><T105/><D105/><U79/><E6/><V110/><F110/><W22/><G22/><N who="0" m="13527" /><D87/><U23/><REACH who="1" step="1"/><E98/><REACH who="1" ten="268,192,281,249" step="2"/><V106/><F71/><W45/><G73/><T51/><D4/><U107/><E107/><V37/><F106/><W8/><G72/><T55/><D0/><U68/><E68/><V66/><F69/><W56/><G8/><T63/><D111/><U61/><E61/><V57/><F37/><W28/><G28/><AGARI ba="1,1" hai="12,17,20,23,27,28,74,75,79,82,85,93,97,103" machi="28" ten="30,2000,0" yaku="1,1,7,1,53,0" doraHai="128" doraHaiUra="65" who="1" fromWho="3" sc="268,0,192,33,281,0,249,-23" /><INIT seed="11,0,0,3,4,95" ten="268,225,281,226" oya="3" hai0="124,93,74,37,45,5,51,64,134,29,97,114,104" hai1="123,44,52,101,7,41,82,68,120,78,14,98,42" hai2="92,26,35,4,28,121,113,60,19,63,48,58,81" hai3="2,106,107,125,119,131,25,33,23,80,75,122,16"/><W59/><G122/><T130/><D37/><U132/><E68/><V53/><F113/><W85/><G119/><T102/><D74/><U90/><E90/><V89/><F121/><W111/><G131/><T126/><D130/><U17/><E7/><V30/><F30/><W47/><G75/><T79/><D79/><U21/><E132/><V135/><F135/><W50/><G125/><N who="0" m="48235" /><D134/><U117/><E42/><V9/><F19/><W116/><G111/><T27/><D64/><U11/><E11/><V103/><F103/><W57/><G2/><T77/><D77/><U38/><E52/><V18/><F18/><W56/><G33/><N who="0" m="20671" /><D5/><U32/><E32/><V40/><F81/><W76/><REACH who="3" step="1"/><G116/><REACH who="3" ten="268,225,281,216" step="2"/><T128/><D128/><U83/><E117/><V84/><F40/><AGARI ba="0,1" hai="16,23,25,40,47,50,56,57,59,76,80,85,106,107" machi="40" ten="40,7700,0" yaku="1,1,2,1,54,1,53,0" doraHai="95" doraHaiUra="34" who="3" fromWho="2" sc="268,0,225,0,281,-77,216,87" owari="268,6.8,225,-17.5,204,-29.6,303,40.3" /></mjloggm>