<mjloggm ver="2.3"><GO type="169" lobby="0"/><UN n0="%67%61%79%75%6E%79" n1="%E3%81%A9%E3%81%A9%E3%81%84%E3%81%A4" n2="%E5%A4%A9%E5%AE%89%E9%96%80%E5%BF%98%E5%8D%B4" n3="%4E%49%4B%55%59%41" dan="17,17,16,17" rate="2211.68,2110.52,2055.69,2218.58" sx="M,M,M,M"/><TAIKYOKU oya="0"/><INIT seed="0,0,0,3,5,127" ten="250,250,250,250" oya="0" hai0="62,101,15,113,47,18,61,4,23,117,102,103,57" hai1="32,11,5,60,28,2,79,121,78,124,114,77,13" hai2="14,82,131,106,1,123,54,24,125,71,12,116,22" hai3="66,120,56,37,42,84,49,81,20,40,99,72,0"/><T133/><D117/><U3/><E121/><V44/><F123/><W135/><G37/><T17/><D113/><U45/><E114/><V129/><F1/><W91/><G0/><T65/><D133/><U69/><E124/><V115/><F115/><W51/><G135/><T93/><D4/><U88/><E45/><V58/><F116/><W111/><G111/><T100/><N who="0" m="25600" /><DORA hai="63" /><T25/><D47/><U30/><E30/><V43/><F106/><W105/><G72/><T52/><D93/><U104/><E104/><V64/><F125/><W89/><G20/><N who="0" m="11327" /><D61/><U34/><E34/><V83/><F71/><W98/><G105/><T55/><AGARI ba="0,0" hai="18,23,25,52,55,57,62,65" m="11327,25600" machi="55" ten="40,7800,0" yaku="8,1,52,1,54,1" doraHai="127,63" who="0" fromWho="0" sc="250,78,250,-26,250,-26,250,-26" /><INIT seed="0,1,0,3,4,119" ten="328,224,224,224" oya="0" hai0="34,56,5,101,31,135,97,85,63,81,102,17,32" hai1="92,57,7,54,76,118,104,55,21,48,15,68,6" hai2="107,1,80,100,112,53,132,109,123,120,73,8,131" hai3="99,25,79,91,86,126,62,44,64,9,69,134,95"/><T43/><D135/><U60/><E118/><V115/><F53/><W93/><G134/><T14/><D5/><U37/><E104/><V41/><F41/><W24/><G126/><T29/><D43/><U108/><E37/><V18/><F18/><W98/><G44/><T129/><D129/><U130/><E130/><V125/><F132/><W4/><G79/><T10/><D34/><U3/><E108/><V13/><F131/><W23/><G93/><T72/><D72/><U40/><E40/><V114/><F13/><W90/><G91/><T12/><D12/><U77/><E3/><V58/><F58/><W33/><G33/><T67/><D32/><U2/><E2/><V0/><F109/><W106/><G106/><T121/><D121/><N who="2" m="46666" /><F8/><W51/><G51/><T16/><D17/><N who="1" m="10431" /><E92/><V122/><F125/><W61/><G61/><T74/><D74/><U116/><E68/><V127/><F127/><W89/><G25/><T59/><D59/><N who="1" m="33223" /><E116/><V110/><F110/><W65/><G65/><T66/><D66/><U50/><E60/><V11/><F11/><W26/><G26/><T82/><D82/><U78/><AGARI ba="1,0" hai="6,7,50,55,57,76,77,78" m="33223,10431" machi="78" ten="30,1100,0" yaku="8,1" doraHai="119" who="1" fromWho="1" sc="328,-6,224,14,224,-4,224,-4" /><INIT seed="1,0,0,4,4,8" ten="322,238,220,220" oya="1" hai0="99,19,69,87,107,115,92,133,111,127,20,41,84" hai1="106,132,50,129,6,25,16,35,124,94,91,131,28" hai2="66,0,118,5,11,122,13,38,93,76,126,98,42" hai3="104,9,88,125,67,21,15,120,56,14,4,27,74"/><U32/><E106/><V96/><F118/><W77/><G104/><T72/><D72/><U103/><E103/><V128/><F122/><W86/><G120/><T80/><D107/><U78/><E78/><V100/><F126/><W43/><G125/><T33/><D33/><U53/><E124/><V58/><F128/><N who="1" m="49225" /><E132/><V89/><F76/><W40/><G77/><T57/><D69/><U46/><E6/><V48/><F38/><W17/><G74/><T119/><D115/><U64/><E64/><V31/><F31/><W102/><G102/><T117/><D133/><U54/><E35/><V83/><F66/><W90/><G27/><T61/><D127/><U121/><E121/><V18/><F83/><W116/><G116/><T109/><D41/><N who="3" m="15945" /><G86/><N who="0" m="32811" /><D80/><U1/><E1/><V59/><F42/><W97/><G97/><T7/><D119/><U123/><E123/><V82/><F82/><W81/><G81/><T110/><D117/><U112/><E112/><V44/><F98/><W37/><G37/><T130/><D130/><U23/><E32/><V108/><F100/><W52/><G67/><N who="0" m="39343" /><D7/><U85/><E28/><V30/><F30/><W10/><G21/><T60/><D99/><U49/><E54/><V70/><F0/><W68/><G68/><T2/><D2/><U114/><E114/><V36/><F70/><W29/><G29/><T45/><D111/><U34/><E34/><V24/><F108/><W95/><G95/><T26/><D110/><U79/><E79/><V22/><F36/><W3/><G3/><T62/><D109/><U39/><E39/><V12/><F24/><RYUUKYOKU ba="0,0" sc="322,-30,238,10,220,10,220,10" hai1="16,23,25,46,49,50,53,85,91,94" hai2="5,11,12,13,18,22,44,48,58,59,89,93,96" hai3="4,9,10,14,15,17,52,56,88,90" /><INIT seed="1,1,0,1,3,127" ten="292,248,230,230" oya="1" hai0="129,60,107,82,36,31,113,98,86,48,27,73,76" hai1="128,26,79,20,123,103,21,81,125,16,34,41,19" hai2="22,91,122,12,87,120,106,63,100,50,93,29,96" hai3="43,66,18,67,14,35,104,119,110,39,42,6,28"/><U51/><E123/><V13/><F63/><W8/><G104/><T105/><D36/><U24/><E125/><V58/><F12/><W97/><G110/><T94/><D113/><U56/><E34/><V45/><F29/><W101/><G119/><T71/><D48/><U89/><E103/><V23/><F45/><W33/><G6/><T117/><D117/><U85/><E128/><V118/><F118/><W17/><G17/><T108/><D129/><U54/><REACH who="1" step="1"/><E41/><REACH who="1" ten="292,238,230,230" step="2"/><V53/><F23/><W55/><G35/><T130/><D130/><U84/><E84/><V92/><REACH who="2" step="1"/><F106/><REACH who="2" ten="292,238,220,230" step="2"/><W1/><G33/><T40/><D107/><U11/><E11/><V75/><F75/><W61/><G8/><T132/><D105/><U131/><E131/><V80/><F80/><W0/><G42/><T115/><D40/><U112/><E112/><V46/><F46/><W44/><G44/><T134/><D115/><U37/><E37/><V99/><F99/><W135/><G97/><T124/><D124/><U4/><E4/><V30/><F30/><W10/><G28/><T77/><D31/><U25/><E25/><V47/><F47/><W102/><G43/><T9/><D27/><U95/><E95/><V65/><F65/><W38/><G39/><T7/><D94/><U109/><E109/><V68/><F68/><W5/><G38/><T72/><D108/><U57/><E57/><V78/><F78/><AGARI ba="1,2" hai="16,19,20,21,24,26,51,54,56,78,79,81,85,89" machi="78" ten="40,12000,1" yaku="1,1,9,1,8,1,54,1,53,0" doraHai="127" doraHaiUra="62" who="1" fromWho="2" sc="292,0,238,143,220,-123,230,0" /><INIT seed="1,2,0,1,3,90" ten="292,381,97,230" oya="1" hai0="65,102,3,115,35,107,106,80,53,99,48,67,17" hai1="6,91,69,128,1,45,111,5,36,15,113,21,68" hai2="31,109,41,70,12,78,55,98,89,18,14,22,47" hai3="108,10,81,127,11,16,27,114,103,133,26,134,63"/><U97/><E113/><V34/><F109/><W13/><G103/><T130/><D115/><U75/><E75/><V57/><F70/><W51/><G114/><T66/><D3/><U85/><E97/><V86/><F78/><W2/><G63/><T110/><D110/><U95/><E111/><V71/><F71/><W125/><G51/><T4/><D4/><U9/><E128/><V61/><F34/><W122/><G81/><T88/><D35/><U74/><E74/><V8/><F98/><W123/><G108/><T101/><D130/><U52/><E36/><V121/><F121/><N who="3" m="46091" /><G10/><T43/><D43/><U79/><E79/><V131/><F131/><W100/><G100/><T84/><D102/><U126/><E126/><N who="3" m="48138" /><G2/><T60/><D107/><U39/><E39/><V19/><F47/><W124/><G124/><T129/><D129/><U94/><E1/><V82/><F41/><W120/><G120/><T116/><D60/><U54/><E6/><V104/><F104/><W112/><G112/><T72/><D72/><U58/><E69/><V64/><F64/><W56/><G56/><T30/><D66/><U38/><E38/><V40/><F40/><W93/><G93/><N who="1" m="35338" /><E68/><V23/><F8/><W105/><G105/><T37/><D106/><U24/><E58/><V132/><F57/><W28/><G27/><T118/><D37/><U135/><E45/><V117/><F86/><W25/><G26/><T59/><D99/><U32/><E32/><AGARI ba="2,0" hai="11,13,16,25,28,32,133,134" m="48138,46091" machi="32" ten="30,7700,0" yaku="18,1,34,2,54,1" doraHai="90" who="3" fromWho="1" sc="292,0,381,-83,97,0,230,83" /><INIT seed="2,0,0,1,5,98" ten="292,298,97,313" oya="2" hai0="1,16,36,43,57,32,90,14,82,85,5,132,113" hai1="67,63,99,38,48,79,123,71,56,91,40,2,68" hai2="6,66,128,78,104,39,3,60,31,94,50,133,19" hai3="108,34,93,112,109,20,41,95,59,114,134,65,101"/><V117/><F104/><W131/><G34/><T17/><D32/><U118/><E2/><V119/><F39/><W42/><G20/><T92/><D132/><U110/><E79/><V124/><F31/><W49/><G101/><T80/><D113/><N who="3" m="43625" /><G93/><T120/><D120/><U51/><E91/><V11/><F133/><W89/><G134/><T87/><D36/><U115/><E99/><V62/><F124/><W15/><G15/><T83/><D43/><N who="3" m="16393" /><G131/><T4/><D1/><U22/><E115/><V64/><F128/><W130/><G130/><T61/><D85/><U37/><E22/><V46/><F78/><W102/><G102/><T24/><D24/><U77/><E77/><V127/><F127/><W84/><G65/><N who="0" m="39087" /><D17/><U76/><E76/><V100/><F19/><W35/><G35/><T12/><D14/><U116/><E40/><N who="2" m="24903" /><F66/><W75/><G75/><T44/><D44/><U126/><E67/><V122/><F64/><W125/><G125/><T47/><D47/><U106/><E126/><V33/><F33/><W52/><AGARI ba="0,0" hai="49,52,59,84,89,95,108,109" m="16393,43625" machi="52" ten="40,2700,0" yaku="11,1,54,1" doraHai="98" who="3" fromWho="3" sc="292,-7,298,-7,97,-13,313,27" /><INIT seed="3,0,0,4,2,113" ten="285,291,84,340" oya="3" hai0="71,5,51,109,84,25,7,6,75,130,49,127,101" hai1="40,3,52,58,61,24,107,54,106,30,110,9,102" hai2="10,105,96,29,72,48,44,89,62,93,53,115,104" hai3="60,98,4,28,27,41,74,57,79,23,117,122,73"/><W15/><G122/><T128/><D75/><U12/><E110/><V91/><F115/><W8/><G117/><T14/><D109/><U38/><E3/><V126/><F126/><W80/><G41/><T97/><D71/><U119/><E119/><V94/><F72/><W125/><G125/><T26/><D84/><U34/><E102/><V13/><F29/><W90/><G74/><T100/><D14/><U121/><E121/><V118/><F62/><W0/><G0/><T86/><D86/><U114/><E114/><V22/><F22/><W124/><G124/><T43/><D127/><U83/><E83/><V20/><F20/><W45/><G45/><T50/><D43/><U133/><E133/><V47/><F47/><W78/><G78/><T103/><REACH who="0" step="1"/><D97/><REACH who="0" ten="275,291,84,340" step="2"/><U66/><E40/><V76/><F118/><W35/><G98/><T132/><D132/><U111/><E111/><V70/><F70/><W21/><REACH who="3" step="1"/><G90/><REACH who="3" ten="275,291,84,330" step="2"/><T36/><D36/><U59/><E38/><V120/><F91/><W11/><G11/><T135/><D135/><U65/><E9/><V19/><F89/><W68/><G68/><T88/><D88/><U92/><E58/><V63/><F96/><W39/><G39/><T129/><AGARI ba="0,2" hai="5,6,7,25,26,49,50,51,100,101,103,128,129,130" machi="129" ten="50,32000,5" yakuman="40" doraHai="113" doraHaiUra="95" who="0" fromWho="0" sc="275,340,291,-80,84,-80,330,-160" /><INIT seed="4,0,0,4,2,95" ten="615,211,4,170" oya="0" hai0="129,6,49,91,34,75,96,70,124,122,33,93,59" hai1="90,69,134,82,87,105,103,89,63,73,46,24,111" hai2="18,92,99,127,120,60,131,125,58,108,44,0,10" hai3="22,26,3,116,36,130,114,1,109,110,56,8,106"/><T74/><D70/><U42/><E111/><N who="3" m="42506" /><G56/><T30/><D122/><U97/><E134/><V81/><F108/><W40/><G40/><T52/><D124/><N who="2" m="47690" /><F120/><W25/><G36/><T113/><D113/><U68/><E24/><N who="3" m="9322" /><G106/><T41/><D129/><U28/><E28/><V112/><F131/><W135/><G130/><T11/><D41/><U29/><E29/><V65/><F112/><W9/><G114/><T77/><D30/><U43/><E43/><V45/><F81/><W101/><G101/><T121/><D121/><U50/><E73/><V16/><F0/><N who="3" m="75" /><G135/><T123/><D123/><U104/><E104/><V118/><F118/><W72/><G72/><T35/><REACH who="0" step="1"/><D77/><REACH who="0" ten="605,211,4,170" step="2"/><U53/><E69/><V102/><F10/><N who="3" m="4203" /><G22/><T57/><D57/><U66/><E42/><V15/><F15/><AGARI ba="0,1" hai="6,11,15,33,34,35,49,52,59,74,75,91,93,96" machi="15" ten="40,7700,0" yaku="1,1,52,1,54,1,53,0" doraHai="95" doraHaiUra="14" who="0" fromWho="2" sc="605,87,211,0,4,-77,170,0" owari="692,79.2,211,1.1,-73,-57.3,170,-23.0" /></mjloggm>