<mjloggm ver="2.3"><GO type="169" lobby="0"/><UN n0="%E7%9C%9F%E3%81%AE%E9%9B%80%E5%A3%AB%E3%81%86%E3%81%BE%E3%81%9F%E3%82%93" n1="%E3%83%AC%E3%82%AA%E3%83%B3%E3%83%8F%E3%83%AB%E3%83%88" n2="%E3%81%A1%E3%82%80%E3%81%8A" n3="%E6%96%B0%E6%89%8B%31%34%32%38%35%37" dan="17,17,16,17" rate="2124.72,2186.65,2056.13,2147.48" sx="M,M,M,M"/><TAIKYOKU oya="0"/><INIT seed="0,0,0,2,4,40" ten="250,250,250,250" oya="0" hai0="113,44,96,15,115,109,102,62,10,17,51,47,25" hai1="14,95,46,4,52,56,108,67,114,7,89,132,83" hai2="70,80,54,64,50,45,124,26,42,55,112,78,73" hai3="117,135,28,85,127,2,98,76,120,79,69,118,107"/><T13/><D25/><U22/><E108/><V75/><F124/><W68/><G2/><T106/><D109/><U39/><E132/><V31/><F112/><W110/><G110/><T116/><D116/><U92/><E114/><V18/><F73/><W121/><G127/><T63/><D113/><U12/><E67/><V81/><F18/><W38/><G28/><T32/><D32/><U48/><E83/><V103/><F80/><W111/><G111/><T90/><D115/><U122/><E122/><V133/><F103/><W125/><G125/><T9/><D90/><U100/><E39/><V72/><F72/><W8/><G38/><T129/><D129/><U6/><E56/><V88/><F133/><W41/><G135/><T5/><REACH who="0" step="1"/><D47/><REACH who="0" ten="240,250,250,250" step="2"/><U20/><E100/><V101/><F101/><N who="3" m="62903" /><G118/><T66/><D66/><U1/><E1/><V30/><F88/><W0/><G117/><T131/><D131/><U126/><E126/><V36/><F26/><W19/><G0/><T105/><D105/><U97/><E95/><V29/><REACH who="2" step="1"/><F36/><REACH who="2" ten="240,250,240,250" step="2"/><W134/><G134/><T91/><D91/><U94/><E94/><V119/><F119/><W123/><G121/><T128/><D128/><U65/><REACH who="1" step="1"/><E65/><REACH who="1" ten="240,240,240,250" step="2"/><V77/><F77/><W104/><G79/><T130/><D130/><U33/><E33/><V87/><F87/><W71/><G85/><T37/><D37/><U58/><E58/><V53/><F53/><AGARI ba="0,3" hai="5,9,10,13,15,17,44,51,53,62,63,96,102,106" machi="53" ten="30,11600,0" yaku="1,1,7,1,52,1,53,1" doraHai="40" doraHaiUra="93" who="0" fromWho="2" sc="240,146,240,0,240,-116,250,0" /><INIT seed="0,1,0,4,2,83" ten="386,240,124,250" oya="0" hai0="82,112,115,84,91,49,25,75,9,104,61,132,68" hai1="59,128,123,124,17,30,86,28,10,2,8,71,74" hai2="20,39,131,46,48,111,72,44,87,62,98,47,125" hai3="55,60,15,57,52,63,18,0,31,102,35,34,76"/><T95/><D132/><U29/><E71/><V129/><F72/><W90/><G0/><T51/><D104/><U93/><E74/><V120/><F120/><W64/><G102/><T135/><D135/><U37/><E123/><V117/><F125/><W126/><G126/><T116/><D116/><U122/><E122/><V97/><F117/><W81/><G90/><T50/><D9/><U127/><E37/><V80/><F111/><W109/><G109/><T103/><D25/><U32/><E32/><V70/><F39/><W41/><G41/><T113/><D75/><U54/><E128/><N who="2" m="49227" /><F48/><W6/><G6/><T58/><D68/><U118/><E118/><V5/><F5/><W23/><G31/><T22/><D22/><U89/><E8/><V42/><F42/><W130/><G130/><T85/><D103/><U69/><E69/><V96/><F20/><W21/><G23/><T108/><D108/><U107/><E107/><V12/><F12/><W100/><G100/><T79/><REACH who="0" step="1"/><D113/><REACH who="0" ten="376,240,124,250" step="2"/><U65/><E127/><V105/><F105/><W19/><G35/><T36/><D36/><U24/><E124/><V43/><F70/><W66/><G34/><T4/><D4/><U40/><E24/><V101/><F101/><W114/><G114/><T26/><D26/><U1/><E10/><V88/><F43/><W11/><G21/><T94/><D94/><U56/><E40/><V99/><N who="2" m="24576" /><DORA hai="133" /><V27/><F27/><W45/><G11/><T73/><D73/><U110/><E110/><V16/><F16/><W106/><G106/><T38/><D38/><U14/><E17/><RYUUKYOKU ba="1,1" sc="376,15,240,-15,124,15,250,-15" hai0="49,50,51,58,61,79,82,84,85,91,95,112,115" hai2="44,46,47,62,80,87,88" /><INIT seed="0,2,1,4,2,84" ten="391,225,139,235" oya="0" hai0="61,106,50,105,80,62,90,73,133,8,52,72,45" hai1="111,95,38,64,54,70,31,92,97,107,44,24,59" hai2="102,98,119,47,126,78,108,114,96,101,94,55,60" hai3="67,132,118,51,5,135,104,0,83,127,21,37,68"/><T10/><D133/><U76/><E111/><V6/><F114/><W128/><G21/><T69/><D106/><U93/><E76/><V88/><F108/><W131/><G37/><T20/><D105/><U89/><E70/><V134/><F134/><N who="3" m="51243" /><G118/><T112/><D112/><U1/><E1/><V18/><F119/><W130/><G104/><T9/><D69/><U43/><E64/><V15/><F78/><W2/><G51/><T40/><D20/><U124/><E124/><V23/><F126/><W14/><G127/><T87/><REACH who="0" step="1"/><D52/><REACH who="0" ten="381,225,139,235" step="2"/><U36/><E107/><V71/><F71/><W116/><G68/><T91/><D91/><U16/><E54/><V3/><F55/><W75/><G116/><T34/><D34/><U117/><E89/><V81/><F60/><AGARI ba="2,2" hai="8,9,10,40,45,50,60,61,62,72,73,80,87,90" machi="60" ten="40,3900,0" yaku="1,1,52,1,53,0" doraHai="84" doraHaiUra="27" who="0" fromWho="2" sc="381,65,225,0,139,-45,235,0" /><INIT seed="0,3,0,5,1,13" ten="446,225,94,235" oya="0" hai0="29,70,86,94,64,81,74,17,24,11,1,26,32" hai1="8,28,82,21,36,54,62,6,3,91,16,12,60" hai2="103,4,109,85,55,45,66,73,19,89,40,59,61" hai3="83,27,37,121,114,34,35,75,71,101,42,124,2"/><T115/><D115/><U113/><E36/><V98/><F109/><W30/><G114/><T133/><D133/><U108/><E108/><V25/><F73/><W68/><G124/><T135/><D135/><U65/><E113/><V106/><F4/><W102/><G121/><T48/><D94/><U112/><E112/><V134/><F134/><W0/><G101/><T7/><D74/><U76/><E91/><V63/><F25/><W119/><G102/><T39/><D39/><U10/><E28/><V38/><F19/><W100/><G100/><T67/><D70/><N who="3" m="26665" /><G119/><T126/><D126/><U125/><E65/><V58/><F85/><W57/><G57/><T22/><REACH who="0" step="1"/><D48/><REACH who="0" ten="436,225,94,235" step="2"/><U95/><E95/><V110/><F110/><W14/><G75/><T5/><D5/><U127/><E127/><V117/><REACH who="2" step="1"/><F89/><AGARI ba="3,1" hai="1,7,11,17,22,24,26,29,32,64,67,81,86,89" machi="89" ten="30,5800,0" yaku="1,1,7,1,52,1,53,0" doraHai="13" doraHaiUra="99" who="0" fromWho="2" sc="436,77,225,0,94,-67,235,0" /><INIT seed="0,4,0,4,4,82" ten="513,225,27,235" oya="0" hai0="131,125,61,121,95,105,113,35,34,80,4,91,40" hai1="15,116,63,9,78,7,64,54,107,97,58,119,84" hai2="2,0,126,5,21,17,22,96,19,83,3,14,115" hai3="37,79,28,43,45,85,52,108,12,94,55,75,1"/><T98/><D113/><U24/><E24/><V68/><F96/><W117/><G117/><T51/><D121/><U102/><REACH who="1" step="1"/><E64/><REACH who="1" ten="513,215,27,235" step="2"/><V38/><F68/><W13/><G28/><T23/><D35/><U112/><E112/><V26/><F38/><W20/><G108/><T47/><D34/><U120/><E120/><V129/><F115/><W111/><G111/><T104/><D104/><U87/><E87/><V48/><F126/><W81/><G1/><T10/><D105/><U49/><E49/><V11/><F48/><W72/><G75/><T31/><D51/><U66/><E66/><V100/><F100/><W74/><G72/><T67/><D67/><U71/><E71/><V114/><F114/><W101/><G74/><T133/><D125/><U76/><E76/><V30/><F129/><W56/><G12/><T18/><D131/><U46/><E46/><V16/><REACH who="2" step="1"/><F83/><AGARI ba="4,1" hai="7,9,15,54,58,63,78,83,84,97,102,107,116,119" machi="83" ten="40,2600,0" yaku="1,1,52,1,53,0" doraHai="82" doraHaiUra="44" who="1" fromWho="2" sc="513,0,215,48,27,-38,235,0" owari="513,61.3,263,6.3,-11,-51.1,235,-16.5" /></mjloggm>