<mjloggm ver="2.3"><GO type="169" lobby="0"/><UN n0="%74%6F%72%69%30%36%31%32" n1="%E3%81%97%E3%82%87%E3%81%BC%E3%82%93%EF%BD%8E" n2="%73%79%6C%76%65%6F%6E" n3="%50%73%79%63%68%65" dan="16,17,16,16" rate="2134.64,2206.23,2169.22,2146.04" sx="M,M,M,M"/><TAIKYOKU oya="0"/><INIT seed="0,0,0,4,4,134" ten="250,250,250,250" oya="0" hai0="106,35,32,93,42,57,118,79,115,5,102,52,135" hai1="78,88,48,114,20,44,94,30,72,27,43,119,60" hai2="36,113,63,99,50,55,58,128,82,69,123,87,74" hai3="0,103,66,124,18,16,62,9,54,85,19,81,126"/><T125/><D125/><N who="3" m="48233" /><G103/><T130/><D52/><U131/><E119/><V132/><F113/><W39/><G39/><T4/><D93/><U64/><E131/><V116/><F132/><W53/><G0/><T41/><D57/><N who="1" m="36879" /><E72/><V23/><F116/><W33/><G33/><T61/><D79/><U68/><E68/><V98/><F128/><W10/><G54/><T97/><D61/><U127/><E127/><V40/><F123/><W25/><G25/><T6/><D115/><U26/><E26/><V120/><F120/><W46/><G46/><T56/><D118/><U91/><E114/><V2/><F2/><W31/><G31/><T96/><D130/><U101/><E78/><V77/><F36/><W47/><G47/><T12/><D135/><U38/><E38/><V112/><F112/><W28/><G28/><T24/><D24/><U122/><E122/><V37/><F37/><W29/><G29/><T100/><D56/><U92/><E101/><N who="0" m="39017" /><D12/><U59/><E59/><V108/><F69/><N who="3" m="42199" /><G53/><T70/><D70/><U110/><E30/><V65/><F65/><W109/><G109/><T73/><D106/><U107/><E107/><V34/><F108/><W84/><G84/><T89/><D73/><U15/><E27/><V80/><F34/><N who="0" m="12842" /><D96/><U49/><E110/><V21/><F98/><W76/><AGARI ba="0,0" hai="9,10,16,18,19,76,81,85" m="42199,48233" machi="76" ten="30,8000,1" yaku="18,1,52,3,54,1" doraHai="134" who="3" fromWho="3" sc="250,-40,250,-20,250,-20,250,80" /><INIT seed="1,0,0,5,3,24" ten="210,230,230,330" oya="1" hai0="34,103,71,2,80,125,30,31,20,104,64,50,124" hai1="36,19,46,13,53,21,18,127,22,83,45,32,84" hai2="131,12,76,67,43,4,91,6,98,70,119,100,23" hai3="26,86,111,121,66,126,109,51,134,116,101,15,96"/><U69/><E127/><N who="0" m="48713" /><D34/><U33/><E69/><V59/><F70/><W49/><G126/><T102/><D2/><U115/><E115/><V95/><F119/><W93/><G116/><T42/><D80/><U114/><E114/><V47/><F131/><W89/><G121/><T106/><D20/><U10/><E46/><V123/><F123/><W122/><G122/><T44/><D71/><U130/><E130/><V65/><F76/><W58/><G134/><T63/><D63/><U73/><E73/><V108/><F108/><N who="3" m="41547" /><G15/><T27/><D27/><U1/><E1/><V52/><F67/><W41/><G41/><T97/><D64/><U35/><E19/><V77/><F65/><W79/><G79/><T82/><D82/><U29/><E29/><N who="0" m="10761" /><D103/><U62/><E62/><V16/><F77/><W105/><G26/><T11/><D11/><U88/><REACH who="1" step="1"/><E36/><REACH who="1" ten="210,220,230,330" step="2"/><V60/><REACH who="2" step="1"/><F100/><REACH who="2" ten="210,220,220,330" step="2"/><W110/><G110/><T133/><D133/><U99/><E99/><V8/><F8/><W37/><G96/><T54/><D106/><U90/><E90/><V87/><F87/><W3/><G101/><T0/><D0/><U81/><E81/><V72/><F72/><W94/><G3/><T85/><D85/><U55/><E55/><AGARI ba="0,2" hai="42,44,50,54,55,97,102,104" m="10761,48713" machi="55" ten="30,7700,0" yaku="18,1,52,3" doraHai="24" who="0" fromWho="1" sc="210,97,220,-77,220,0,330,0" /><INIT seed="2,0,0,3,2,60" ten="307,143,220,330" oya="2" hai0="7,31,112,20,88,73,89,52,51,1,47,17,62" hai1="34,121,49,92,26,50,86,127,120,45,96,14,67" hai2="25,122,38,133,90,126,124,84,37,61,28,95,22" hai3="101,91,58,35,75,82,85,24,3,11,116,29,125"/><V102/><F122/><N who="1" m="47209" /><E127/><N who="2" m="48683" /><F133/><W30/><G116/><T110/><D73/><U56/><E86/><V71/><F102/><W105/><G30/><T39/><D112/><U66/><E56/><V123/><F123/><W53/><G75/><T16/><D39/><U55/><E50/><V19/><F28/><W98/><G125/><T23/><D110/><U4/><E34/><V131/><F131/><W129/><G129/><T97/><D31/><U76/><E76/><V113/><F113/><W72/><G72/><T130/><D130/><U12/><E26/><V42/><F42/><W10/><REACH who="3" step="1"/><G3/><REACH who="3" ten="307,143,220,320" step="2"/><T5/><D1/><U104/><E104/><V2/><F2/><W134/><G134/><T94/><D89/><N who="1" m="55311" /><E14/><V93/><F93/><W107/><G107/><T36/><D36/><U32/><E32/><V63/><F95/><W81/><G81/><T99/><D99/><U41/><E41/><V6/><F90/><W8/><G8/><AGARI ba="0,1" hai="4,8,12,45,49,55,66,67" m="55311,47209" machi="8" ten="30,3900,0" yaku="13,1,52,2" doraHai="60" who="1" fromWho="3" sc="307,0,143,49,220,0,320,-39" /><INIT seed="3,0,0,4,4,63" ten="307,192,220,281" oya="3" hai0="46,85,16,22,99,60,106,102,23,11,35,59,37" hai1="14,88,31,131,54,97,55,8,92,98,75,26,119" hai2="125,45,30,68,134,17,70,2,120,129,71,116,56" hai3="53,100,130,81,122,118,133,84,77,51,5,33,43"/><W90/><G118/><T104/><D35/><U9/><E131/><V34/><F116/><W112/><G122/><T101/><D85/><U15/><E75/><V95/><F2/><W91/><G112/><T50/><D37/><U73/><E73/><V12/><F129/><W39/><G130/><T83/><D83/><U32/><E119/><V126/><F120/><W4/><G33/><T114/><D114/><U127/><E127/><N who="2" m="48651" /><F134/><W128/><G128/><T49/><D11/><U7/><REACH who="1" step="1"/><E98/><REACH who="1" ten="307,182,220,281" step="2"/><V124/><F124/><W28/><G133/><T66/><D99/><U44/><E44/><V13/><F45/><W21/><G84/><T79/><D46/><U89/><E89/><V72/><F72/><W76/><G91/><T10/><D79/><U109/><E109/><V58/><F58/><W20/><G90/><T105/><D102/><U6/><AGARI ba="0,1" hai="6,7,8,9,14,15,26,31,32,54,55,88,92,97" machi="6" ten="20,8000,1" yaku="1,1,0,1,7,1,9,1,54,1,53,0" doraHai="63" doraHaiUra="19" who="1" fromWho="1" sc="307,-20,182,90,220,-20,281,-40" /><INIT seed="4,0,0,0,1,17" ten="287,272,200,241" oya="0" hai0="130,26,52,64,86,79,28,99,10,50,88,71,45" hai1="74,67,72,112,60,2,104,21,77,57,90,121,95" hai2="103,34,81,69,11,124,54,75,128,19,80,73,8" hai3="46,47,56,23,25,105,42,87,89,83,30,110,16"/><T0/><D130/><U100/><E121/><V116/><F34/><W132/><G110/><T4/><D79/><U101/><E2/><V94/><F69/><W133/><G105/><T12/><D99/><U122/><E122/><V98/><F128/><W36/><G47/><T7/><D64/><U127/><E127/><V123/><F123/><W85/><G56/><T15/><D71/><U111/><E111/><V134/><F124/><W84/><REACH who="3" step="1"/><G30/><REACH who="3" ten="287,272,200,231" step="2"/><T93/><REACH who="0" step="1"/><D7/><REACH who="0" ten="277,272,200,231" step="2"/><U49/><E104/><V120/><F120/><W1/><G1/><T59/><D59/><U117/><E57/><V82/><F116/><W20/><G20/><AGARI ba="0,2" hai="0,4,10,12,15,20,26,28,45,50,52,86,88,93" machi="20" ten="30,12000,1" yaku="1,1,7,1,52,1,54,2,53,0" doraHai="17" doraHaiUra="65" who="0" fromWho="3" sc="277,140,272,0,200,0,231,-120" /><INIT seed="4,1,0,0,2,30" ten="417,272,200,111" oya="0" hai0="122,0,86,120,96,94,117,4,98,52,119,55,62" hai1="130,54,31,34,37,9,57,102,35,104,63,16,127" hai2="75,48,70,26,131,72,114,107,80,28,45,27,23" hai3="32,17,21,90,15,103,78,123,29,76,33,73,84"/><T79/><D0/><U132/><E37/><V22/><F107/><W8/><G103/><T85/><D4/><U71/><E31/><V118/><F70/><W58/><G123/><T13/><D13/><U88/><E130/><V39/><F39/><W93/><G58/><T53/><D62/><U111/><E111/><V60/><F131/><W61/><G61/><T3/><D3/><U89/><E132/><V43/><F114/><W125/><G125/><T6/><D6/><U2/><E127/><V113/><F113/><W81/><REACH who="3" step="1"/><G78/><REACH who="3" ten="417,272,200,101" step="2"/><T51/><D79/><U68/><E68/><V25/><F60/><W20/><G20/><T5/><D120/><U108/><E71/><V129/><F23/><W134/><G134/><T105/><D122/><U19/><E102/><V10/><F22/><W66/><G66/><T11/><D119/><U128/><E128/><V99/><F118/><W56/><G56/><T100/><D117/><U87/><E63/><V24/><F129/><W74/><G74/><T95/><D100/><U69/><E57/><V14/><F75/><W59/><G59/><T135/><D135/><U101/><E101/><V133/><F133/><W65/><G65/><T97/><D105/><U110/><E69/><V121/><F121/><W64/><G64/><T49/><D11/><U124/><E104/><V46/><F28/><W12/><G12/><T36/><D36/><U77/><E9/><V116/><F116/><W109/><G109/><T67/><D67/><U91/><E108/><V92/><F14/><W7/><G7/><T82/><D5/><U83/><E110/><RYUUKYOKU ba="1,1" sc="417,-10,272,-10,200,-10,101,30" hai3="8,15,17,21,29,32,33,73,76,81,84,90,93" /><INIT seed="5,2,1,0,4,32" ten="407,262,190,131" oya="1" hai0="18,77,11,68,47,19,98,131,79,93,48,130,112" hai1="21,91,113,115,34,2,87,7,71,72,27,43,104" hai2="10,129,95,111,122,1,126,114,24,65,26,6,50" hai3="124,59,81,89,106,56,117,35,73,28,60,51,105"/><U103/><E72/><V4/><F65/><W46/><G117/><T61/><D112/><N who="1" m="43083" /><E71/><V25/><F114/><W92/><G124/><T39/><D39/><U96/><E43/><V101/><F122/><W42/><G59/><T62/><D77/><U20/><E34/><V120/><F120/><W90/><G28/><T119/><D79/><U74/><E74/><V70/><F70/><W45/><G35/><T132/><D132/><U36/><E36/><V121/><F121/><W41/><G73/><T135/><D135/><U23/><E7/><V31/><F126/><W134/><G81/><T123/><D119/><U127/><E2/><V49/><F6/><W78/><G78/><T22/><D123/><U86/><E86/><V69/><F69/><W17/><G17/><T44/><D68/><U30/><E127/><V88/><F31/><W94/><G134/><T109/><D109/><U67/><E67/><V9/><F111/><W100/><G100/><N who="0" m="60495" /><D19/><U110/><E110/><V5/><F101/><W99/><G56/><T107/><D11/><U29/><E29/><V66/><F66/><W76/><G76/><T52/><D47/><U63/><E63/><V3/><F129/><N who="0" m="49162" /><D107/><U57/><E57/><V58/><F58/><W83/><G60/><T53/><D53/><U37/><E37/><V75/><F75/><W38/><REACH who="3" step="1"/><G83/><AGARI ba="2,1" hai="20,21,23,27,30,83,87,91,96,103,104" m="43083" machi="83" ten="30,1500,0" yaku="15,1" doraHai="32" who="1" fromWho="3" sc="407,0,262,31,190,0,131,-21" /><INIT seed="5,3,0,1,3,103" ten="407,293,190,110" oya="1" hai0="132,77,0,117,66,71,38,123,28,31,85,45,8" hai1="18,19,135,93,97,24,63,114,78,22,88,50,101" hai2="10,15,46,37,91,86,41,20,110,57,115,124,47" hai3="98,108,30,32,13,62,119,2,126,36,11,82,64"/><U87/><E114/><V94/><F124/><W16/><G108/><T83/><D117/><U51/><E135/><V122/><F110/><W73/><G119/><T54/><D123/><U53/><E78/><V26/><F122/><W69/><G126/><T75/><D132/><U25/><E63/><V96/><F115/><W76/><G36/><T129/><D129/><U128/><E128/><V111/><F111/><W67/><G67/><T121/><D121/><U81/><E53/><V72/><F72/><W106/><G2/><T100/><D85/><U74/><E74/><V14/><F47/><W33/><REACH who="3" step="1"/><G30/><REACH who="3" ten="407,293,190,100" step="2"/><T120/><D31/><U55/><E55/><V84/><F37/><W102/><AGARI ba="3,1" hai="11,13,16,32,33,62,64,69,73,76,82,98,102,106" machi="102" ten="30,12000,2" yaku="1,1,2,1,0,1,52,1,54,1,53,1" doraHai="103" doraHaiUra="65" who="3" fromWho="3" sc="407,-33,293,-63,190,-33,100,139" /><INIT seed="6,0,0,0,5,54" ten="374,230,157,239" oya="2" hai0="50,96,22,57,124,73,26,37,106,115,80,13,31" hai1="58,51,44,17,81,28,118,78,107,130,113,108,47" hai2="129,41,111,100,8,88,48,94,125,101,29,55,66" hai3="98,24,21,49,4,72,30,83,70,69,61,99,123"/><V75/><F75/><W90/><G123/><T119/><D37/><U126/><E108/><V63/><F111/><W62/><G4/><T38/><D38/><U19/><E118/><V60/><F125/><W87/><G72/><T89/><D115/><U103/><E113/><V20/><F129/><W76/><G70/><T40/><D124/><U95/><E107/><V114/><F114/><W67/><G62/><N who="2" m="23593" /><F41/><W12/><G76/><T133/><D133/><U135/><E28/><V59/><F66/><W39/><G39/><T0/><D0/><U93/><E135/><V109/><F109/><W9/><REACH who="3" step="1"/><G49/><REACH who="3" ten="374,230,157,229" step="2"/><T84/><D73/><U34/><E51/><V121/><F121/><W116/><G116/><T5/><D119/><U46/><E78/><V134/><F134/><W85/><G85/><T110/><D5/><U14/><E126/><V105/><F105/><W102/><G102/><T16/><D110/><U64/><E103/><V3/><F3/><W112/><G112/><T122/><D122/><U18/><E130/><V97/><F8/><W92/><G92/><T27/><D106/><U132/><E132/><V77/><F77/><W53/><G53/><N who="0" m="31927" /><D40/><U6/><E81/><V68/><F68/><W43/><G43/><T42/><D42/><U79/><E79/><V127/><F127/><W32/><G32/><T52/><D52/><U120/><E34/><V104/><F104/><W91/><G91/><T45/><D89/><U2/><E2/><V117/><F117/><W33/><G33/><T1/><D1/><U86/><E120/><V36/><F36/><W71/><G71/><RYUUKYOKU ba="0,1" sc="374,-15,230,-15,157,15,229,15" hai2="20,29,48,55,59,88,94,97,100,101" hai3="9,12,21,24,30,61,67,69,83,87,90,98,99" /><INIT seed="6,1,1,4,3,48" ten="359,215,172,244" oya="2" hai0="50,74,34,98,114,122,62,30,43,129,124,20,112" hai1="12,38,58,78,128,1,8,44,37,36,4,119,10" hai2="17,23,72,120,94,7,46,52,22,134,111,87,81" hai3="69,33,77,40,59,60,89,28,0,57,3,107,2"/><V132/><F120/><W88/><G107/><T73/><D34/><U31/><E119/><V80/><F7/><W41/><G77/><T51/><D122/><U29/><E128/><V115/><F115/><N who="0" m="44074" /><D124/><U113/><E113/><V109/><F94/><W96/><G69/><T83/><D129/><U49/><E58/><V24/><F72/><W13/><G13/><T125/><D125/><U54/><REACH who="1" step="1"/><E78/><REACH who="1" ten="359,205,172,244" step="2"/><N who="2" m="46487" /><F81/><W5/><G59/><T16/><D83/><U21/><E21/><V104/><F23/><W76/><G76/><T131/><D131/><U117/><E117/><V135/><F104/><W18/><G57/><T70/><D20/><U93/><E93/><V15/><F24/><W25/><G25/><T101/><D70/><U123/><E123/><V64/><F64/><W99/><G33/><T75/><D75/><U103/><E103/><V68/><F68/><W55/><G89/><T9/><D74/><U19/><AGARI ba="1,2" hai="1,4,8,10,12,19,29,31,36,37,38,44,49,54" machi="19" ten="30,7900,0" yaku="1,1,0,1,52,1,53,1" doraHai="48" doraHaiUra="14" who="1" fromWho="1" sc="359,-21,205,102,172,-40,244,-21" /><INIT seed="7,0,0,4,1,9" ten="338,307,132,223" oya="3" hai0="25,55,113,34,69,56,75,135,98,104,84,134,108" hai1="83,1,93,10,91,22,129,120,92,115,37,112,45" hai2="79,65,33,66,43,125,13,114,107,28,70,38,17" hai3="72,64,53,80,18,118,52,63,3,27,24,30,16"/><W41/><G118/><T5/><D69/><U4/><E120/><V20/><F114/><N who="1" m="43561" /><E129/><V130/><F130/><W32/><G3/><T101/><D75/><U36/><E22/><V106/><F79/><W0/><G0/><T123/><D108/><U48/><E83/><V35/><F125/><W127/><G41/><T50/><D123/><U49/><E49/><V124/><F124/><W132/><G132/><N who="0" m="50731" /><D5/><U110/><E110/><V88/><F106/><W62/><G127/><T89/><D113/><U60/><E60/><V21/><F107/><W40/><G40/><T121/><D121/><U128/><E128/><V100/><F100/><W39/><G39/><N who="1" m="14922" /><E91/><V2/><F2/><W14/><G27/><T57/><D34/><U126/><E126/><V6/><F6/><W76/><G18/><T117/><D25/><U23/><E23/><V109/><F109/><W46/><G46/><N who="0" m="28119" /><D117/><U61/><E61/><V59/><F70/><W77/><G77/><T11/><D11/><U131/><E131/><V8/><F35/><W99/><G63/><T71/><D71/><U90/><E90/><V85/><F33/><W122/><G122/><T7/><D7/><U29/><E29/><V68/><F68/><W44/><G44/><T51/><D51/><U42/><AGARI ba="0,0" hai="1,4,10,42,45,48,92,93" m="14922,43561" machi="42" ten="30,1100,0" yaku="15,1" doraHai="9" who="1" fromWho="1" sc="338,-3,307,11,132,-3,223,-5" owari="335,43.5,318,11.8,129,-37.1,218,-18.2" /></mjloggm>