<mjloggm ver="2.3"><GO type="169" lobby="0"/><UN n0="%67%61%79%75%6E%79" n1="%E3%83%A9%E3%83%96%E3%83%AC%E3%83%BC" n2="%E8%8C%B6%E5%BA%A6" n3="%61%6B%69%62%61%62%61%6E" dan="17,18,16,17" rate="2207.17,2220.39,2116.68,2196.85" sx="M,M,M,M"/><TAIKYOKU oya="0"/><INIT seed="0,0,0,3,5,6" ten="250,250,250,250" oya="0" hai0="23,57,113,71,96,47,38,124,125,101,1,14,95" hai1="8,73,90,98,35,128,63,135,20,130,27,60,31" hai2="89,111,79,4,107,51,104,102,121,112,105,80,50" hai3="114,44,62,49,94,81,48,18,97,58,85,92,91"/><T75/><D1/><U106/><E73/><V122/><F112/><W69/><G114/><T123/><D71/><U46/><E135/><V59/><F102/><W119/><G119/><T74/><D113/><U52/><E35/><V7/><F89/><W83/><G69/><T66/><D123/><U53/><E90/><V12/><F111/><W34/><G34/><T42/><D57/><U33/><E33/><V29/><F29/><W37/><G37/><T13/><D66/><U30/><E98/><V11/><F4/><W3/><G3/><T76/><D76/><U108/><E108/><V32/><F32/><W5/><G5/><T25/><D75/><U55/><E106/><V16/><F7/><W82/><G94/><T72/><D74/><U120/><E120/><V88/><F51/><W68/><G68/><T0/><D72/><U78/><E78/><V10/><F10/><W67/><G97/><T65/><D65/><U116/><E116/><V129/><F79/><W132/><G132/><T117/><D0/><U131/><E8/><V15/><F15/><W43/><G49/><T22/><D22/><U133/><E133/><V87/><REACH who="2" step="1"/><F129/><REACH who="2" ten="250,250,240,250" step="2"/><W36/><G36/><T134/><D134/><U100/><E100/><V41/><F41/><W99/><G18/><N who="0" m="12535" /><D117/><U40/><E30/><V28/><F28/><W54/><G43/><T77/><D77/><U61/><E40/><V103/><F103/><W118/><G118/><T45/><D45/><AGARI ba="0,1" hai="20,27,31,45,46,52,53,55,60,61,63,128,130,131" machi="45" ten="50,8000,1" yaku="29,2,19,1,54,1" doraHai="6" who="1" fromWho="0" sc="250,-80,250,90,240,0,250,0" /><INIT seed="1,0,0,4,0,127" ten="170,340,240,250" oya="1" hai0="0,20,74,101,128,35,59,100,9,116,33,119,87" hai1="45,54,41,111,23,81,72,15,21,102,107,39,130" hai2="25,52,65,98,95,55,6,19,49,76,58,3,109" hai3="12,91,46,16,117,22,108,88,50,11,78,32,34"/><U56/><E107/><V113/><F109/><W104/><G108/><T66/><D74/><U18/><E102/><V118/><F118/><W51/><G117/><T24/><D66/><U99/><E99/><V125/><F125/><W134/><G104/><T135/><D59/><U92/><E92/><V96/><F113/><W120/><G120/><T124/><D87/><U93/><E93/><V103/><F76/><W27/><G78/><T47/><D47/><U28/><E111/><V82/><F82/><W61/><G134/><T64/><D64/><U5/><E5/><V89/><F3/><W10/><G10/><T48/><D48/><U67/><E67/><V110/><F6/><W44/><G61/><T62/><D62/><U112/><E112/><V133/><F133/><W30/><G34/><T115/><D101/><U36/><E81/><V129/><F110/><W73/><G32/><T17/><D100/><U77/><E39/><V63/><F49/><N who="3" m="18443" /><G73/><T131/><D135/><U26/><E77/><V83/><F98/><W123/><G123/><T122/><D122/><U31/><E72/><V38/><F38/><W37/><G37/><T2/><D115/><U79/><E79/><V106/><F106/><W60/><G60/><T57/><D124/><U132/><E132/><V121/><F121/><W43/><G43/><T80/><D80/><U85/><E85/><N who="2" m="50367" /><F65/><W114/><G114/><T68/><D119/><U14/><E41/><V71/><F55/><W86/><G86/><T7/><D116/><U69/><E36/><V29/><F96/><W4/><G4/><T84/><D7/><RYUUKYOKU ba="0,0" sc="170,-10,340,-10,240,-10,250,30" hai3="11,12,16,22,27,30,44,46,88,91" /><INIT seed="2,1,0,0,1,78" ten="160,330,230,280" oya="2" hai0="36,25,116,57,52,69,87,4,7,68,12,89,17" hai1="130,43,11,72,123,28,49,19,94,27,46,34,115" hai2="6,5,121,41,50,105,129,45,117,23,56,51,119" hai3="71,14,38,26,58,2,79,63,16,48,20,55,24"/><V74/><F105/><W70/><G2/><T53/><D36/><U126/><E115/><V31/><F121/><W75/><G38/><T108/><D108/><U40/><E123/><V81/><F129/><W125/><G125/><T60/><D116/><U42/><E126/><V8/><F31/><W59/><G26/><T44/><D25/><U22/><E72/><V106/><F23/><W18/><G79/><T100/><D100/><U107/><E107/><V64/><F106/><W33/><G75/><T86/><D86/><U118/><E130/><V67/><F6/><W99/><G99/><T30/><D30/><U113/><E118/><V112/><F112/><W76/><G76/><T92/><D69/><U128/><E128/><V98/><F98/><W122/><G122/><T110/><D68/><U9/><E113/><V32/><F32/><W1/><G1/><T66/><D110/><U10/><E34/><V131/><F131/><W109/><G109/><T101/><D101/><U95/><E28/><V85/><F74/><W0/><G0/><T62/><D44/><U82/><E82/><V61/><F64/><W111/><G111/><T135/><D135/><U103/><E103/><V97/><F97/><W80/><G80/><T37/><D37/><U21/><E21/><V15/><REACH who="2" step="1"/><F51/><REACH who="2" ten="160,330,220,280" step="2"/><W104/><G104/><T102/><D102/><U90/><E22/><V3/><F3/><W83/><G33/><T124/><D124/><U13/><E11/><V84/><F84/><W73/><G48/><T120/><D120/><U91/><E49/><V29/><F29/><N who="3" m="17543" /><G73/><T65/><D66/><RYUUKYOKU ba="1,1" sc="160,-10,330,-10,220,30,280,-10" hai2="5,8,15,41,45,50,56,61,67,81,85,117,119" /><INIT seed="2,2,1,1,3,134" ten="150,320,250,270" oya="2" hai0="14,19,75,37,90,67,39,58,104,1,50,95,49" hai1="76,42,108,135,52,53,121,15,105,10,51,126,48" hai2="77,54,96,46,56,120,106,32,2,101,29,38,27" hai3="6,103,13,47,87,74,62,71,79,45,100,0,23"/><V93/><F120/><W85/><G74/><T73/><D1/><U131/><E105/><V65/><F2/><W21/><G0/><T119/><D104/><U61/><E121/><V41/><F77/><W44/><G71/><T102/><D102/><N who="3" m="38953" /><G62/><T112/><D112/><U109/><E76/><V25/><F25/><W94/><G94/><T88/><D119/><U28/><E28/><V16/><F16/><N who="3" m="10383" /><G6/><T34/><D34/><U70/><E131/><V9/><F9/><W116/><G116/><T69/><D69/><U18/><E42/><V115/><F115/><W111/><G111/><T117/><D117/><U57/><E135/><V86/><F65/><W89/><G89/><T68/><D68/><U5/><E5/><V133/><F133/><W92/><G92/><T33/><D33/><U80/><E61/><V114/><F114/><W110/><G110/><N who="1" m="42602" /><E70/><V98/><F106/><W124/><G23/><T55/><D75/><U118/><E118/><V31/><F101/><W91/><G91/><T8/><D73/><U97/><E97/><V83/><F98/><W123/><G123/><T20/><D90/><U4/><E4/><V43/><F96/><W22/><G22/><T84/><D67/><U66/><E66/><V130/><F32/><W36/><G36/><T82/><D95/><U128/><E128/><V40/><F93/><W81/><G85/><T127/><D37/><U11/><E11/><V3/><F130/><W24/><G24/><N who="0" m="14367" /><D39/><U72/><E72/><V125/><F38/><W122/><G122/><T59/><D84/><U113/><E113/><V99/><F86/><RYUUKYOKU ba="2,1" sc="150,-10,320,-10,250,-10,270,30" hai3="44,45,47,79,81,87,124" /><INIT seed="3,3,1,5,2,48" ten="140,310,240,300" oya="3" hai0="126,24,109,51,66,46,123,54,122,85,82,8,124" hai1="49,72,128,12,88,93,57,108,25,129,34,94,104" hai2="91,38,120,3,95,96,21,69,105,50,117,58,76" hai3="5,110,77,56,100,39,28,61,74,92,98,83,71"/><W99/><G39/><T86/><D109/><U134/><E104/><V130/><F69/><W18/><G110/><T84/><D82/><U79/><E79/><V40/><F117/><W35/><G5/><T59/><D8/><U26/><E72/><V101/><F3/><W111/><G111/><T47/><D24/><U70/><E70/><V115/><F115/><W80/><G71/><T87/><N who="0" m="21504" /><DORA hai="44" /><T22/><D22/><U11/><E134/><V16/><F130/><N who="1" m="50281" /><E94/><V7/><F7/><W4/><G4/><T65/><D47/><U52/><E108/><V131/><F120/><N who="0" m="46122" /><D46/><U73/><E73/><V55/><F131/><W31/><G80/><T90/><D90/><U32/><E26/><V67/><F76/><W29/><G98/><T113/><D113/><U119/><E119/><V15/><F38/><W132/><G132/><T33/><D33/><N who="1" m="12907" /><E25/><V14/><F14/><W127/><G35/><T2/><D2/><U30/><E30/><V102/><F105/><W45/><G45/><T63/><D63/><U78/><E78/><V64/><F96/><W13/><G31/><T133/><D133/><U116/><E116/><V42/><F91/><W23/><G29/><T53/><D59/><U0/><E0/><V89/><F89/><W36/><G36/><T41/><D41/><N who="2" m="15978" /><F95/><W1/><G28/><T17/><D17/><N who="1" m="8351" /><E88/><V114/><F114/><W97/><G97/><T19/><D19/><U75/><E75/><V121/><F121/><W135/><G135/><T20/><D20/><U62/><E93/><V60/><F60/><AGARI ba="3,1" hai="49,52,57,60,62" m="8351,12907,50281" machi="60" ten="30,7700,0" yaku="19,1,52,2,54,1" doraHai="48,44" who="1" fromWho="2" sc="140,0,310,96,240,-86,300,0" /><INIT seed="4,0,0,5,0,132" ten="140,406,154,300" oya="0" hai0="12,17,49,66,16,6,76,129,22,117,33,123,111" hai1="52,82,10,58,38,27,20,124,55,79,28,115,71" hai2="43,30,87,7,15,110,133,3,64,107,113,80,1" hai3="40,126,119,134,2,125,70,63,0,25,92,65,118"/><T9/><D123/><U44/><E71/><V89/><F110/><W57/><G134/><T86/><D117/><U4/><E115/><V100/><F133/><W19/><G92/><T77/><D111/><U96/><E96/><V61/><F113/><W95/><G95/><T131/><D33/><U42/><E124/><N who="3" m="47722" /><G40/><T51/><D66/><U29/><E29/><V39/><F30/><W72/><G72/><T101/><D17/><U83/><E58/><V128/><F128/><N who="0" m="49226" /><D101/><U78/><E79/><N who="0" m="30281" /><D86/><U105/><E105/><V69/><F100/><W81/><G81/><T36/><D36/><U93/><E93/><V102/><F102/><W60/><G25/><AGARI ba="0,0" hai="6,9,12,16,22,25,49,51" m="30281,49226" machi="25" ten="30,2900,0" yaku="19,1,54,1" doraHai="132" who="0" fromWho="3" sc="140,29,406,0,154,0,300,-29" /><INIT seed="4,1,0,1,0,17" ten="169,406,154,271" oya="0" hai0="77,40,123,54,53,30,56,81,83,5,9,55,128" hai1="33,73,120,38,115,124,118,75,69,71,110,60,18" hai2="51,111,99,132,46,63,112,78,122,68,10,20,135" hai3="21,57,37,59,25,94,6,82,95,7,22,105,65"/><T117/><D123/><U47/><RYUUKYOKU type="yao9" ba="1,0" sc="169,0,406,0,154,0,271,0" hai1="18,33,38,47,60,69,71,73,75,110,115,118,120,124" /><INIT seed="4,2,0,2,4,127" ten="169,406,154,271" oya="0" hai0="17,87,64,9,34,2,103,84,35,126,99,53,45" hai1="56,132,68,133,98,128,7,33,28,48,16,129,4" hai2="104,134,105,71,5,116,75,108,57,46,125,52,93" hai3="10,37,3,117,81,39,22,95,62,67,88,106,121"/><T114/><D114/><U101/><E68/><V41/><F75/><W6/><G117/><T54/><D126/><U124/><E124/><V44/><F125/><W119/><G119/><T14/><D2/><U55/><E28/><V13/><F116/><W77/><G106/><T91/><D64/><U40/><E40/><V66/><F134/><N who="1" m="51817" /><E33/><V42/><F108/><W109/><G109/><T65/><D65/><U102/><E102/><V26/><F26/><W58/><G22/><T74/><D74/><U38/><E38/><V79/><F79/><W51/><G51/><T0/><D0/><U25/><E25/><V70/><F93/><W21/><G21/><T69/><D69/><U107/><E16/><V49/><F44/><W8/><G10/><T1/><D1/><U12/><E12/><V30/><F42/><W85/><REACH who="3" step="1"/><G121/><REACH who="3" ten="169,406,154,261" step="2"/><T36/><D36/><U24/><E24/><V89/><F105/><W100/><G100/><T80/><D35/><U86/><E101/><V115/><F104/><W92/><G92/><N who="0" m="58855" /><D34/><U82/><E107/><V43/><F49/><W130/><G130/><N who="1" m="50282" /><E98/><AGARI ba="2,1" hai="3,6,8,37,39,58,62,67,77,81,85,88,95,98" machi="98" ten="30,3900,0" yaku="1,1,7,1,54,1,53,0" doraHai="127" doraHaiUra="27" who="3" fromWho="1" sc="169,0,406,-45,154,0,261,55" /><INIT seed="5,0,0,5,4,43" ten="169,361,154,316" oya="1" hai0="30,98,83,96,31,120,61,74,122,51,25,72,81" hai1="106,105,4,40,67,8,88,129,19,13,110,95,45" hai2="39,32,79,53,60,0,16,131,69,89,94,55,91" hai3="38,126,103,100,34,112,90,41,3,12,22,44,97"/><U49/><E129/><V104/><F104/><W109/><G109/><T82/><D61/><U132/><E132/><V86/><F131/><W26/><G3/><T58/><D58/><U73/><E73/><N who="0" m="28265" /><D25/><U114/><E114/><V117/><F117/><W36/><G126/><T1/><D1/><U107/><E67/><V133/><F32/><W11/><G34/><T63/><D51/><U48/><E110/><V77/><F0/><W135/><G112/><T71/><D63/><U115/><E115/><V17/><F39/><W46/><G135/><T134/><D71/><U93/><E49/><V128/><F128/><W92/><G38/><T124/><D134/><U80/><REACH who="1" step="1"/><E4/><REACH who="1" ten="169,351,154,316" step="2"/><V75/><F75/><W2/><G36/><T14/><D124/><U65/><E65/><V68/><F133/><W20/><G2/><T111/><D111/><U23/><E23/><V10/><F60/><W113/><G22/><T84/><D122/><U66/><E66/><V27/><F69/><W87/><G20/><T121/><D120/><U57/><E57/><V37/><F68/><W62/><G113/><T127/><D121/><U52/><E52/><V56/><F53/><W78/><G62/><T42/><D127/><U119/><E119/><V6/><F6/><W33/><G33/><T7/><D42/><U118/><E118/><V64/><F64/><W130/><G41/><T35/><D35/><U102/><E102/><V50/><F37/><W29/><G103/><T125/><D125/><U85/><AGARI ba="0,1" hai="8,13,19,40,45,48,80,85,88,93,95,105,106,107" machi="85" ten="40,12000,1" yaku="1,1,0,1,52,1,54,1,53,1" doraHai="43" doraHaiUra="5" who="1" fromWho="1" sc="169,-40,351,130,154,-40,316,-40" /><INIT seed="5,1,0,1,4,47" ten="129,481,114,276" oya="1" hai0="75,42,4,84,122,44,18,114,72,12,14,107,62" hai1="82,79,8,55,65,130,88,117,50,116,93,2,97" hai2="33,27,87,41,15,29,7,31,127,17,98,66,45" hai3="21,6,5,24,10,124,126,69,129,132,85,23,37"/><U64/><E130/><V58/><F127/><W19/><G69/><T83/><D107/><U135/><E135/><V30/><F7/><W99/><G37/><T131/><D114/><U46/><E2/><V102/><F87/><W108/><G108/><T91/><D131/><U120/><E120/><V105/><F66/><W39/><G39/><T63/><D122/><U70/><E8/><V28/><F58/><W111/><G111/><T26/><D26/><U128/><E128/><V115/><F115/><W106/><G129/><T60/><D4/><U78/><E78/><V73/><F73/><W57/><G85/><T90/><D90/><U49/><E70/><V32/><F32/><W71/><G71/><T67/><D14/><U13/><E13/><V16/><REACH who="2" step="1"/><F15/><REACH who="2" ten="129,481,104,276" step="2"/><N who="3" m="9471" /><G5/><T59/><D75/><U94/><E65/><V61/><F61/><W38/><G6/><T22/><REACH who="0" step="1"/><D72/><REACH who="0" ten="119,481,104,276" step="2"/><N who="1" m="43367" /><E117/><V51/><AGARI ba="1,2" hai="16,17,27,28,29,30,31,33,41,45,51,98,102,105" machi="51" ten="30,7900,0" yaku="1,1,0,1,52,1,54,1,53,0" doraHai="47" doraHaiUra="9" who="2" fromWho="2" sc="119,-21,481,-40,104,102,276,-21" /><INIT seed="6,0,0,0,1,18" ten="98,441,206,255" oya="2" hai0="100,26,116,57,86,23,51,52,32,40,21,77,43" hai1="22,107,135,103,65,25,72,94,113,117,9,12,42" hai2="78,112,122,106,30,11,58,55,44,70,82,76,10" hai3="127,84,134,91,104,13,71,41,17,89,2,109,28"/><V75/><F70/><W49/><G109/><T27/><D116/><U110/><E107/><V15/><F122/><W81/><G127/><T48/><D32/><U130/><E110/><V35/><F106/><W0/><G71/><T99/><D51/><U118/><E72/><V7/><F112/><W59/><G104/><T47/><D47/><U16/><E113/><V125/><F125/><W4/><G28/><N who="0" m="17487" /><D99/><U19/><E65/><V37/><F78/><W87/><G4/><T95/><D100/><U39/><E130/><V105/><F105/><W88/><G89/><N who="0" m="53687" /><D77/><U102/><E135/><V63/><F35/><W8/><G134/><T119/><D119/><U67/><E67/><V61/><F44/><W29/><G0/><T129/><D129/><U31/><E117/><V97/><F97/><W126/><G2/><T24/><D24/><U20/><E94/><V66/><F37/><W123/><G123/><T80/><D80/><U90/><E90/><V114/><F114/><W111/><G111/><T68/><D68/><U45/><E118/><V33/><F33/><W73/><G73/><T50/><D50/><U98/><E98/><V46/><F46/><W54/><G126/><T83/><D83/><U124/><E124/><V38/><F38/><W115/><G115/><T6/><D6/><U121/><E121/><V74/><F74/><W132/><G132/><T79/><D79/><U128/><E128/><V62/><F76/><W64/><G49/><T96/><D96/><U53/><E53/><V36/><F75/><W14/><G91/><T5/><D5/><U108/><E108/><RYUUKYOKU ba="0,0" sc="98,15,441,15,206,-15,255,-15" hai0="23,27,40,43,48,52,57" hai1="9,12,16,19,20,22,25,31,39,42,45,102,103" /><INIT seed="7,1,0,3,3,72" ten="113,456,191,240" oya="3" hai0="41,78,85,46,91,13,15,50,0,54,127,18,59" hai1="52,61,106,49,21,130,47,42,17,80,20,92,4" hai2="133,93,129,132,77,43,1,82,44,16,131,48,69" hai3="73,2,95,101,126,105,14,111,90,62,112,7,125"/><W64/><G2/><T110/><D110/><U84/><E130/><N who="2" m="49675" /><F1/><W89/><G112/><T57/><D0/><U71/><E92/><V6/><F6/><W124/><G111/><T120/><D127/><U34/><E106/><V100/><F69/><W39/><G39/><T38/><D120/><U11/><E34/><V24/><F100/><W51/><G51/><T22/><D57/><N who="1" m="34983" /><E71/><V117/><F93/><W10/><G73/><T66/><D66/><U83/><E83/><V134/><F117/><W97/><REACH who="3" step="1"/><G105/><REACH who="3" ten="113,456,191,230" step="2"/><T79/><REACH who="0" step="1"/><D13/><REACH who="0" ten="103,456,191,230" step="2"/><N who="1" m="7359" /><E49/><V25/><F133/><W60/><G60/><T135/><D135/><U75/><E75/><N who="2" m="43327" /><F134/><W102/><G102/><T122/><D122/><U31/><E42/><V114/><F132/><W96/><G96/><T32/><D32/><U109/><E109/><V40/><F40/><W86/><G86/><T119/><D119/><U23/><E84/><V98/><F98/><W116/><G116/><T88/><D88/><U35/><E35/><V53/><F43/><W108/><G108/><T118/><D118/><U113/><E113/><V121/><F114/><W33/><G33/><T74/><D74/><U123/><E123/><V128/><F121/><W58/><AGARI ba="1,2" hai="7,10,14,58,62,64,89,90,95,97,101,124,125,126" machi="58" ten="30,6000,0" yaku="1,1,0,1,18,1,53,0" doraHai="72" doraHaiUra="27" who="3" fromWho="3" sc="103,-21,456,-21,191,-21,230,83" /><INIT seed="7,2,0,2,0,96" ten="82,435,170,313" oya="3" hai0="121,52,12,85,44,3,76,69,102,128,47,9,4" hai1="103,82,92,95,2,7,93,37,116,51,43,89,62" hai2="56,6,45,5,108,133,77,73,78,50,101,10,107" hai3="80,31,125,24,118,132,122,18,68,79,32,88,34"/><W23/><G118/><T100/><D69/><U99/><E37/><V22/><F108/><W20/><G122/><T134/><D121/><U46/><E116/><V97/><F133/><W91/><G132/><T60/><D134/><U98/><E2/><V71/><F71/><W117/><G117/><T106/><D128/><U41/><E7/><V114/><F5/><W63/><G125/><T124/><D124/><U72/><E62/><V19/><F56/><W127/><G127/><T54/><D3/><U17/><E17/><V61/><F61/><W119/><G119/><T113/><D106/><U40/><E72/><V123/><F73/><W30/><G30/><T115/><D76/><U90/><E82/><V65/><F65/><W33/><G63/><T105/><D105/><U84/><AGARI ba="2,0" hai="40,41,43,46,51,84,89,90,92,93,95,98,99,103" machi="84" ten="20,5200,0" yaku="0,1,7,1,8,1,52,1" doraHai="96" who="1" fromWho="1" sc="82,-15,435,58,170,-15,313,-28" owari="67,-43.3,493,59.3,155,-24.5,285,8.5" /></mjloggm>