<mjloggm ver="2.3"><GO type="169" lobby="0"/><UN n0="%74%61%6E%61%4B%61" n1="%61%6B%69%62%61%62%61%6E" n2="%E5%9B%9B%E5%AE%AE%E7%B4%85%E8%BC%9D" n3="%E3%83%A8%E3%82%B3%E3%83%86%E3%82%A3%E3%83%B3%40" dan="18,17,18,16" rate="2225.98,2179.43,2235.36,2100.07" sx="M,M,F,M"/><TAIKYOKU oya="0"/><INIT seed="0,0,0,3,1,35" ten="250,250,250,250" oya="0" hai0="122,115,7,106,123,90,0,58,68,46,79,99,28" hai1="74,73,134,93,10,107,32,87,101,71,94,31,21" hai2="26,17,133,8,97,80,78,25,57,23,6,130,100" hai3="24,53,127,125,4,33,54,11,59,96,135,44,84"/><T75/><D115/><U89/><E32/><V124/><F130/><W47/><G135/><T128/><D68/><U14/><E71/><V117/><F133/><W27/><G96/><T82/><D128/><U42/><E107/><V114/><F114/><W12/><G84/><T38/><D28/><U111/><E111/><V88/><F124/><N who="3" m="47691" /><G54/><T65/><D58/><U102/><E134/><V81/><F117/><W41/><G33/><T70/><D90/><U9/><E42/><V121/><F121/><W37/><G47/><T49/><D49/><AGARI ba="0,0" hai="4,11,12,24,27,37,41,44,49,53,59" m="47691" machi="49" ten="30,1000,0" yaku="18,1" doraHai="35" who="3" fromWho="0" sc="250,-10,250,0,250,0,250,10" /><INIT seed="1,0,0,3,0,98" ten="240,250,250,260" oya="1" hai0="58,129,117,59,77,125,120,60,61,31,13,7,15" hai1="134,0,79,104,93,86,107,110,11,74,123,91,50" hai2="46,51,37,41,10,115,124,132,112,32,66,114,103" hai3="47,67,85,113,43,39,8,45,48,88,18,128,96"/><U4/><E123/><V84/><F32/><W27/><G128/><T122/><D117/><U44/><E134/><V90/><F132/><W102/><G113/><T62/><D129/><U72/><E110/><V6/><F124/><W55/><G67/><T121/><D125/><U65/><E65/><V94/><F66/><W111/><G111/><T95/><D77/><U97/><E107/><V106/><F37/><W69/><G69/><T135/><D135/><U5/><E5/><V23/><F23/><W57/><G8/><T30/><D95/><U54/><REACH who="1" step="1"/><E79/><REACH who="1" ten="240,240,250,260" step="2"/><V29/><F106/><W81/><G18/><T1/><D7/><U26/><E26/><V53/><F29/><N who="0" m="10762" /><D1/><U22/><E22/><V40/><REACH who="2" step="1"/><F103/><AGARI ba="0,1" hai="0,4,11,44,50,54,72,74,86,91,93,97,103,104" machi="103" ten="40,3900,0" yaku="1,1,52,1,53,0" doraHai="98" doraHaiUra="24" who="1" fromWho="2" sc="240,0,240,49,250,-39,260,0" /><INIT seed="1,1,0,4,4,61" ten="240,289,211,260" oya="1" hai0="130,39,4,109,11,71,42,74,100,114,110,27,8" hai1="70,123,53,124,13,40,15,56,46,12,131,64,96" hai2="76,127,51,7,87,26,129,50,54,105,97,84,62" hai3="85,113,35,41,45,120,52,21,28,31,72,10,32"/><U88/><E123/><V101/><F127/><W69/><G69/><T122/><D114/><U128/><E124/><V83/><F129/><N who="1" m="49737" /><E70/><V119/><F119/><W132/><G72/><T58/><D71/><U2/><E2/><V121/><F121/><W33/><G113/><T24/><D130/><U102/><E64/><V57/><F7/><W80/><G120/><T43/><D74/><U47/><E40/><V116/><F116/><W38/><G132/><T14/><D122/><U133/><E133/><V29/><REACH who="2" step="1"/><F87/><REACH who="2" ten="240,289,201,260" step="2"/><W66/><G85/><T59/><D4/><U25/><E25/><V103/><F103/><W92/><G32/><AGARI ba="1,1" hai="26,29,32,50,51,54,57,62,76,83,84,97,101,105" machi="32" ten="30,2000,0" yaku="1,1,7,1,53,0" doraHai="61" doraHaiUra="89" who="2" fromWho="3" sc="240,0,289,0,201,33,260,-23" /><INIT seed="2,0,0,3,2,29" ten="240,289,234,237" oya="2" hai0="41,42,62,40,47,115,36,61,59,76,130,111,118" hai1="125,119,96,66,52,12,80,90,126,18,44,33,103" hai2="46,117,69,49,97,134,16,83,78,24,14,7,19" hai3="101,77,15,60,4,21,26,3,25,95,20,116,113"/><V51/><F117/><W48/><G116/><T22/><D118/><U27/><E66/><V86/><F134/><W30/><G113/><T34/><D34/><U131/><E131/><V43/><F69/><W92/><G3/><T121/><D76/><U65/><E65/><V84/><F97/><W75/><G60/><T91/><D22/><U31/><E119/><V112/><F112/><W98/><G77/><T94/><D115/><U102/><E80/><N who="2" m="47127" /><F24/><W99/><G75/><T11/><D111/><U110/><E90/><N who="2" m="51551" /><F51/><W5/><G15/><T6/><D130/><U17/><E110/><V120/><F120/><W13/><G13/><T35/><D35/><U1/><E1/><V9/><AGARI ba="0,0" hai="7,9,14,16,19,43,46,49" m="51551,47127" machi="9" ten="30,6000,0" yaku="25,1,8,1,54,1" doraHai="29" who="2" fromWho="2" sc="240,-20,289,-20,234,60,237,-20" /><INIT seed="2,1,0,5,0,18" ten="220,269,294,217" oya="2" hai0="17,34,83,54,37,80,106,87,68,96,78,27,82" hai1="84,109,113,103,31,75,32,77,88,24,12,50,101" hai2="73,117,85,124,49,95,38,99,104,62,61,44,127" hai3="102,128,116,25,3,76,112,11,58,59,43,7,52"/><V55/><F73/><W60/><G128/><T100/><D37/><U133/><E113/><V79/><F117/><W65/><G112/><T92/><D68/><U108/><E133/><V14/><F38/><W134/><G134/><T22/><D34/><U107/><E12/><V47/><F104/><W69/><G116/><T20/><D54/><U39/><E39/><V41/><F44/><W130/><G130/><T51/><D51/><U9/><E9/><V45/><F45/><W23/><G43/><T56/><D56/><U36/><E36/><V121/><F121/><W28/><G76/><T29/><D106/><U123/><E123/><V13/><F79/><W67/><G102/><T119/><D119/><U90/><E90/><V86/><F86/><W132/><G132/><T15/><AGARI ba="1,0" hai="15,17,20,22,27,29,78,80,82,83,87,92,96,100" machi="15" ten="20,8000,1" yaku="0,1,7,1,8,1,52,2" doraHai="18" who="0" fromWho="0" sc="220,83,269,-21,294,-41,217,-21" /><INIT seed="3,0,0,5,0,14" ten="303,248,253,196" oya="3" hai0="78,115,51,103,123,42,117,134,96,116,94,80,71" hai1="31,76,4,129,119,61,74,13,100,72,10,3,16" hai2="104,64,2,60,6,75,27,92,73,108,30,41,69" hai3="22,57,128,24,55,9,95,56,85,65,32,34,82"/><W114/><G128/><T62/><D123/><U5/><E129/><V37/><F92/><W101/><G114/><T106/><D134/><U28/><E72/><V113/><F108/><W112/><G112/><T125/><D125/><U90/><E100/><V89/><F89/><W98/><G9/><T127/><D127/><U93/><E119/><V54/><F54/><W102/><G102/><T38/><D115/><U70/><E74/><V0/><F113/><W99/><G99/><T19/><D38/><U67/><E76/><V35/><F104/><W49/><G57/><T81/><D81/><U23/><REACH who="1" step="1"/><E4/><REACH who="1" ten="303,238,253,196" step="2"/><V111/><F111/><W84/><G84/><AGARI ba="0,1" hai="3,5,10,13,16,23,28,31,61,67,70,84,90,93" machi="84" ten="30,12000,2" yaku="1,1,2,1,7,1,52,1,54,1,53,1" doraHai="14" doraHaiUra="88" who="1" fromWho="3" sc="303,0,238,130,253,0,196,-120" /><INIT seed="4,0,0,1,0,54" ten="303,368,253,76" oya="0" hai0="85,102,62,107,53,33,16,111,89,31,126,84,77" hai1="92,108,86,94,50,4,90,104,22,57,13,27,131" hai2="69,70,72,132,130,1,119,7,110,55,96,14,79" hai3="74,66,134,51,29,46,19,78,9,39,48,18,81"/><T105/><D126/><U40/><E108/><V103/><F110/><W118/><G118/><T88/><D111/><U8/><E104/><V30/><F130/><W12/><G134/><T34/><D77/><U116/><E131/><V38/><F132/><W44/><G66/><T73/><D73/><U47/><E116/><V127/><F14/><W106/><G106/><T113/><D113/><U21/><E57/><V97/><F97/><W36/><G29/><T68/><D31/><U43/><E43/><V98/><F96/><W6/><G36/><T56/><D68/><U23/><REACH who="1" step="1"/><E94/><REACH who="1" ten="303,358,253,76" step="2"/><V45/><F119/><W76/><G39/><T11/><D107/><U64/><E64/><V87/><F70/><W15/><G74/><T115/><D105/><U61/><E61/><V49/><F69/><W120/><G120/><T10/><D115/><U63/><E63/><V124/><F38/><W71/><G71/><T26/><D56/><U25/><AGARI ba="0,1" hai="4,8,13,21,22,23,25,27,40,47,50,86,90,92" machi="25" ten="30,4000,0" yaku="1,1,0,1,8,1,53,0" doraHai="54" doraHaiUra="121" who="1" fromWho="1" sc="303,-20,358,50,253,-10,76,-10" /><INIT seed="5,0,0,5,5,73" ten="283,408,243,66" oya="1" hai0="96,70,76,132,133,51,17,52,84,75,60,106,31" hai1="91,38,25,131,119,8,41,115,47,92,18,103,50" hai2="89,88,3,4,58,86,134,129,135,15,0,95,59" hai3="120,35,117,61,123,74,97,56,22,23,82,53,2"/><U114/><E119/><V33/><F33/><W42/><G117/><T20/><D31/><U111/><E131/><V26/><F129/><W121/><G2/><T101/><D75/><U16/><E103/><V6/><F15/><W77/><G35/><T39/><D39/><U99/><E111/><V36/><F36/><W93/><REACH who="3" step="1"/><G42/><REACH who="3" ten="283,408,243,56" step="2"/><T12/><D133/><U11/><E114/><V30/><F3/><W67/><G67/><T5/><D132/><U83/><E115/><V54/><F0/><W40/><G40/><T46/><D5/><U7/><E7/><V45/><F135/><W108/><G108/><T102/><D106/><U28/><E38/><V63/><F134/><W32/><G32/><T94/><D70/><U13/><E28/><V9/><F6/><W81/><G81/><N who="0" m="47143" /><D60/><U62/><E62/><V19/><F30/><W21/><G21/><T116/><D116/><U14/><E83/><V85/><F4/><W98/><G98/><T113/><D113/><U48/><E48/><V87/><F63/><W71/><G71/><T79/><D96/><U66/><E66/><V43/><F43/><W78/><G78/><T10/><D79/><U126/><E126/><V118/><F118/><W1/><G1/><T34/><D34/><U130/><E130/><V44/><F9/><W110/><G110/><T37/><D37/><U127/><E127/><V64/><F64/><W55/><G55/><T57/><D10/><U27/><AGARI ba="0,1" hai="8,11,13,14,16,18,25,27,41,47,50,91,92,99" machi="27" ten="30,11700,0" yaku="0,1,9,1,8,1,54,1" doraHai="73" who="1" fromWho="1" sc="283,-39,408,127,243,-39,56,-39" /><INIT seed="5,1,0,4,4,107" ten="244,535,204,17" oya="1" hai0="33,39,53,83,68,80,108,105,113,67,117,20,4" hai1="37,31,120,8,127,118,128,57,6,59,46,22,27" hai2="14,25,50,36,132,116,112,9,45,125,89,12,84" hai3="38,88,32,54,34,18,95,97,109,133,126,90,99"/><U102/><E118/><V101/><F116/><W61/><G109/><T51/><D108/><U11/><E128/><V35/><F125/><W135/><G126/><T111/><D111/><U121/><E127/><V134/><F36/><W81/><G38/><T16/><D33/><U48/><E102/><V72/><F101/><W42/><G42/><T69/><D105/><U123/><E37/><V103/><F103/><W43/><G43/><T7/><D117/><U70/><E70/><V56/><F56/><N who="3" m="34967" /><G18/><T13/><D113/><U74/><E74/><V41/><F112/><W55/><G55/><T24/><D39/><U63/><E63/><V29/><F72/><W119/><G119/><T96/><D67/><U85/><E85/><V78/><F78/><W110/><G110/><T115/><D115/><U131/><E131/><V100/><F100/><W21/><G21/><N who="0" m="11407" /><D96/><U79/><E79/><V106/><F106/><W3/><G3/><T64/><D64/><U5/><E5/><N who="0" m="2121" /><D69/><U10/><REACH who="1" step="1"/><E6/><REACH who="1" ten="244,525,204,17" step="2"/><V47/><F84/><N who="3" m="50191" /><G97/><T23/><D68/><U2/><E2/><V82/><F89/><W71/><G71/><T30/><D51/><U76/><E76/><V93/><F50/><W66/><G66/><T44/><D53/><AGARI ba="1,1" hai="8,10,11,22,27,31,46,48,53,57,59,120,121,123" machi="53" ten="50,2400,0" yaku="1,1,53,0" doraHai="107" doraHaiUra="73" who="1" fromWho="0" sc="244,-27,525,37,204,0,17,0" /><INIT seed="5,2,0,0,5,40" ten="217,562,204,17" oya="1" hai0="67,54,34,29,119,44,58,12,135,70,105,42,113" hai1="96,66,97,120,75,51,115,57,100,32,41,27,72" hai2="107,128,125,132,64,61,22,62,4,76,7,28,9" hai3="103,92,131,56,16,102,1,99,124,118,71,38,30"/><U5/><E120/><V35/><F125/><W13/><G1/><T90/><D119/><U33/><E5/><V60/><F128/><W43/><G131/><T104/><D113/><U130/><E130/><V17/><F132/><W45/><G118/><T69/><D135/><U110/><E115/><V73/><F107/><W10/><G124/><T114/><D114/><U117/><E117/><V31/><F64/><W26/><G71/><T6/><D90/><U82/><E97/><V2/><F7/><W53/><G102/><T74/><D74/><U55/><E32/><V83/><REACH who="2" step="1"/><F35/><REACH who="2" ten="217,562,194,17" step="2"/><W14/><G14/><AGARI ba="2,1" hai="2,4,9,14,17,22,28,31,60,61,62,73,76,83" machi="14" ten="40,2600,0" yaku="1,1,2,1,53,0" doraHai="40" doraHaiUra="126" who="2" fromWho="3" sc="217,0,562,0,194,42,17,-32" owari="217,-18.3,562,66.2,236,3.6,-15,-51.5" /></mjloggm>