<mjloggm ver="2.3"><GO type="169" lobby="0"/><UN n0="%79%61%63%68%69%33%35%38" n1="%E3%81%BD%E3%81%A3%E3%81%91%E3%81%95%E3%82%93" n2="%50%73%79%63%68%65" n3="%41%6E%73%6F%6E%4C%61%6D" dan="16,16,16,16" rate="2117.46,2100.10,2129.55,2092.54" sx="M,M,M,M"/><TAIKYOKU oya="0"/><INIT seed="0,0,0,5,4,94" ten="250,250,250,250" oya="0" hai0="38,97,91,88,14,81,24,111,5,102,46,2,93" hai1="50,128,65,61,125,54,121,20,117,68,0,135,13" hai2="110,122,115,116,41,7,42,53,126,16,75,123,25" hai3="69,18,76,90,113,47,31,89,60,52,120,45,9"/><T17/><D111/><U101/><E0/><V37/><F75/><W40/><G113/><T57/><D24/><U48/><E117/><V64/><F115/><W29/><G120/><T107/><D2/><U33/><E33/><V8/><F116/><W112/><G112/><T6/><D81/><U105/><E121/><V80/><F110/><W71/><G76/><T26/><D26/><U98/><E125/><V21/><F126/><W62/><G40/><T83/><D57/><U55/><E128/><V96/><F64/><W34/><G34/><T74/><D38/><U36/><E36/><V99/><F123/><W3/><G3/><T131/><D46/><U4/><E135/><V11/><F122/><W67/><G67/><T129/><D129/><U119/><E119/><V78/><F53/><W87/><G87/><N who="0" m="52383" /><D91/><U100/><E100/><V118/><F118/><W43/><G43/><N who="2" m="16393" /><F37/><W92/><G92/><T73/><D73/><U15/><E105/><V106/><F106/><W134/><G134/><T124/><D131/><U82/><E65/><V22/><F22/><W30/><G52/><T27/><D124/><U44/><E55/><V59/><F59/><W133/><G133/><T23/><D27/><U85/><E54/><V66/><F66/><W72/><G72/><T39/><D39/><U79/><E68/><V109/><F109/><W56/><G71/><T127/><D127/><U108/><E108/><V1/><F11/><W63/><G69/><T32/><D32/><U86/><E20/><V12/><F1/><W130/><G130/><T95/><D107/><U77/><E77/><AGARI ba="0,0" hai="5,6,14,17,23,74,77,83,95,97,102" m="52383" machi="77" ten="30,5800,0" yaku="6,1,52,1,54,1" doraHai="94" who="0" fromWho="1" sc="250,58,250,-58,250,0,250,0" /><INIT seed="0,1,0,5,3,70" ten="308,192,250,250" oya="0" hai0="135,46,93,132,41,81,104,2,0,102,21,67,66" hai1="76,117,75,30,42,54,89,59,111,65,122,95,105" hai2="130,55,48,126,8,6,1,101,23,10,56,32,92" hai3="115,62,86,68,44,47,26,13,113,12,38,36,9"/><T11/><D104/><U96/><E117/><V35/><F130/><W69/><G26/><T91/><D21/><U121/><E65/><V97/><F126/><W61/><G86/><T107/><D81/><U17/><E111/><V77/><F77/><W90/><G90/><T19/><D107/><U79/><E30/><V60/><F23/><W131/><REACH who="3" step="1"/><G9/><REACH who="3" ten="308,192,250,240" step="2"/><T52/><D91/><U31/><E89/><V25/><F25/><W72/><G72/><T87/><D87/><U40/><E79/><V128/><F10/><W5/><G5/><T53/><D11/><U24/><E76/><V129/><REACH who="2" step="1"/><F60/><REACH who="2" ten="308,192,240,240" step="2"/><W124/><G124/><T34/><D135/><U45/><E24/><V22/><F22/><W103/><G103/><T63/><D102/><U16/><E31/><V125/><F125/><W64/><G64/><T84/><D63/><U49/><E75/><V112/><F112/><W43/><G43/><T100/><D41/><U7/><E42/><V58/><F58/><W51/><G51/><T39/><D100/><U106/><E59/><V18/><F18/><W4/><G4/><T33/><D19/><U29/><E7/><V134/><F134/><W114/><G114/><T37/><D132/><U98/><E29/><V3/><F3/><W127/><G127/><T78/><D78/><U15/><E17/><V50/><F50/><W109/><G109/><T74/><D74/><U71/><E40/><V120/><F120/><W110/><G110/><T119/><D66/><U20/><E122/><V80/><F80/><W14/><G14/><T28/><D67/><U82/><E121/><RYUUKYOKU ba="1,2" sc="308,-15,192,-15,240,15,240,15" hai2="1,6,8,32,35,48,55,56,92,97,101,128,129" hai3="12,13,36,38,44,47,61,62,68,69,113,115,131" /><INIT seed="1,2,2,0,0,111" ten="293,177,255,255" oya="1" hai0="72,47,95,113,112,54,102,97,62,84,134,103,15" hai1="81,125,65,7,101,80,19,17,93,131,114,48,35" hai2="73,130,121,5,89,14,52,105,63,9,107,128,2" hai3="82,0,117,68,33,69,22,66,56,110,91,129,46"/><U28/><E7/><V98/><F73/><W86/><G33/><T31/><D134/><U50/><E65/><V4/><F121/><W36/><G129/><N who="2" m="49769" /><F5/><W3/><G110/><T106/><D31/><U74/><E131/><V77/><F77/><W124/><G124/><T76/><D15/><U21/><E35/><V26/><F26/><W61/><G117/><T38/><D62/><U37/><E37/><V16/><F89/><W8/><G22/><T12/><D12/><U88/><E101/><V49/><F63/><W100/><G100/><T34/><D34/><U60/><E60/><V126/><F98/><W13/><G3/><T94/><D54/><U44/><E74/><V118/><F118/><W43/><REACH who="3" step="1"/><G0/><REACH who="3" ten="293,177,255,245" step="2"/><T120/><D120/><U53/><E125/><V122/><F126/><W64/><G64/><T92/><D103/><U58/><E28/><V1/><F122/><W25/><G25/><T83/><REACH who="0" step="1"/><D72/><REACH who="0" ten="283,177,255,245" step="2"/><U135/><E135/><V18/><F2/><W27/><G27/><T116/><D116/><U51/><E21/><N who="2" m="11415" /><F18/><AGARI ba="2,4" hai="8,13,18,36,43,46,56,61,66,68,69,82,86,91" machi="18" ten="30,3900,0" yaku="1,1,7,1,53,1" doraHai="111" doraHaiUra="85" who="3" fromWho="2" sc="283,0,177,0,255,-45,245,85" /><INIT seed="2,0,0,5,5,90" ten="283,177,210,330" oya="2" hai0="108,114,78,98,28,38,113,82,88,103,36,8,116" hai1="91,93,16,41,26,57,75,66,1,61,21,0,46" hai2="71,7,59,79,62,125,18,115,120,34,130,95,48" hai3="129,106,39,104,118,52,131,9,24,17,35,10,135"/><V105/><F105/><W112/><G118/><T101/><D116/><U13/><E75/><V49/><F120/><W80/><G39/><T110/><D28/><U96/><REACH who="1" step="1"/><E26/><REACH who="1" ten="283,167,210,330" step="2"/><V64/><F115/><W68/><G112/><T15/><D114/><U122/><E122/><V6/><F130/><W97/><G131/><T126/><D113/><U94/><E94/><V4/><F95/><W5/><G129/><T40/><D126/><U60/><E60/><V47/><F125/><W25/><G106/><T23/><D110/><U134/><E134/><V84/><F62/><W117/><G25/><T43/><D108/><U133/><E133/><V20/><F7/><W3/><G135/><T58/><D38/><AGARI ba="0,1" hai="0,1,13,16,21,38,41,46,57,61,66,91,93,96" machi="38" ten="30,7700,0" yaku="1,1,7,1,52,1,54,1,53,0" doraHai="90" doraHaiUra="22" who="1" fromWho="0" sc="283,-77,167,87,210,0,330,0" /><INIT seed="3,0,0,0,3,44" ten="206,254,210,330" oya="3" hai0="73,85,40,69,101,26,53,65,7,64,116,32,114" hai1="122,132,33,106,108,27,41,16,103,63,62,22,90" hai2="29,123,78,93,1,48,58,129,91,98,59,115,75" hai3="55,112,74,52,97,54,47,99,102,82,121,49,34"/><W43/><G121/><T5/><D116/><U2/><E122/><V37/><F37/><W19/><G112/><T14/><D73/><U81/><E2/><V57/><F123/><W68/><G68/><T8/><D114/><U18/><E33/><V77/><F115/><W80/><G34/><T45/><D101/><U127/><E132/><V0/><F129/><W9/><G74/><T117/><D117/><U72/><E127/><V95/><F29/><W87/><G102/><T25/><D53/><U88/><E108/><V118/><F118/><W71/><G71/><T111/><D111/><U13/><E41/><V120/><F120/><W66/><G66/><T131/><D131/><U50/><E50/><V21/><F21/><W30/><G30/><T31/><D5/><U70/><E72/><V6/><F75/><W125/><G125/><T119/><D26/><U60/><E70/><V15/><F1/><W100/><G100/><T86/><D119/><U92/><E81/><N who="3" m="31338" /><G87/><T36/><REACH who="0" step="1"/><D64/><REACH who="0" ten="196,254,210,330" step="2"/><U107/><E107/><V79/><F6/><W23/><G9/><T124/><D124/><U10/><E106/><V11/><F11/><W110/><G110/><T20/><D20/><U67/><E67/><V56/><F0/><W28/><G28/><T126/><D126/><U17/><E18/><V46/><F15/><AGARI ba="0,1" hai="15,19,23,43,47,49,52,54,55,97,99" m="31338" machi="15" ten="30,5800,0" yaku="8,1,52,1,54,1" doraHai="44" who="3" fromWho="2" sc="196,0,254,0,210,-58,330,68" /><INIT seed="3,1,0,0,2,18" ten="196,254,152,398" oya="3" hai0="131,17,98,118,124,86,77,68,6,48,1,90,11" hai1="46,50,97,133,25,22,66,54,94,81,38,19,3" hai2="62,47,121,88,84,57,85,60,52,82,30,134,7" hai3="78,107,83,95,101,92,71,129,29,32,122,105,106"/><W2/><G2/><T51/><D118/><U69/><E133/><V76/><F134/><W44/><G44/><T63/><D124/><U119/><E119/><V58/><F121/><W70/><G122/><T56/><D131/><U40/><E3/><V14/><F30/><W108/><G108/><T45/><D68/><U100/><E81/><V37/><F37/><W110/><G110/><T59/><D77/><U74/><E74/><V93/><F47/><W73/><G129/><T104/><D104/><U117/><E117/><V8/><F58/><W99/><G92/><T55/><D98/><U109/><E109/><V72/><REACH who="2" step="1"/><F62/><REACH who="2" ten="196,254,142,398" step="2"/><W91/><G71/><T43/><D59/><U102/><E69/><V10/><F10/><W79/><G70/><T26/><D45/><U125/><E125/><V130/><F130/><W13/><G29/><T115/><D115/><U4/><E38/><V15/><F15/><W23/><G32/><T12/><D43/><U103/><E40/><V5/><F5/><W0/><G0/><T9/><D26/><U127/><E127/><V123/><F123/><W113/><G113/><T64/><D64/><U80/><E66/><V67/><F67/><W34/><G13/><T120/><D120/><U27/><E4/><V96/><AGARI ba="1,1" hai="7,8,14,52,57,60,72,76,82,84,85,88,93,96" machi="96" ten="20,8000,1" yaku="1,1,0,1,7,1,54,2,53,0" doraHai="18" doraHaiUra="126" who="2" fromWho="2" sc="196,-21,254,-21,142,93,398,-41" /><INIT seed="4,0,0,1,5,40" ten="175,233,235,357" oya="0" hai0="19,32,110,69,112,41,63,82,21,54,43,127,103" hai1="56,83,10,59,128,0,14,2,84,88,71,104,80" hai2="85,105,92,75,131,46,66,23,60,25,24,99,100" hai3="44,98,97,16,124,64,68,72,15,45,106,27,17"/><T51/><D127/><U58/><E71/><V108/><F108/><W87/><G124/><T47/><D110/><U48/><E104/><V86/><F75/><W89/><G72/><T6/><D32/><U34/><E34/><V102/><F131/><W35/><G64/><T42/><D112/><U130/><E80/><V117/><F117/><W116/><G68/><T95/><D6/><U133/><E133/><V22/><F102/><W57/><G116/><T13/><D82/><U93/><E93/><V33/><F33/><W30/><G106/><T74/><D74/><U78/><E78/><V122/><F122/><W12/><G12/><T9/><D69/><U70/><E70/><V53/><F105/><W126/><G57/><T115/><D115/><U123/><E48/><N who="2" m="28823" /><F60/><W4/><G4/><T29/><D63/><U101/><E101/><V65/><F65/><W73/><G73/><T36/><D103/><U20/><E20/><N who="2" m="7723" /><F66/><W119/><G119/><T129/><D95/><U135/><E135/><V111/><F111/><W7/><G7/><T120/><D129/><N who="1" m="49771" /><E123/><V90/><F100/><W38/><G38/><T121/><REACH who="0" step="1"/><D36/><REACH who="0" ten="165,233,235,357" step="2"/><U76/><E76/><V31/><F92/><W39/><G39/><T109/><D109/><U5/><AGARI ba="0,1" hai="0,2,5,10,14,56,58,59,83,84,88" m="49771" machi="5" ten="30,2000,0" yaku="19,1,54,1" doraHai="40" who="1" fromWho="1" sc="165,-10,233,30,235,-5,357,-5" /><INIT seed="5,0,0,5,0,100" ten="155,263,230,352" oya="1" hai0="75,12,108,124,3,46,48,83,121,49,39,86,82" hai1="113,19,67,71,6,1,111,50,103,81,38,11,55" hai2="29,95,127,84,98,90,107,104,80,91,0,76,18" hai3="58,129,13,7,62,2,120,33,74,54,132,69,35"/><U105/><E38/><V59/><F0/><W110/><G120/><T131/><D121/><U126/><E113/><V72/><F29/><W99/><G110/><T102/><D108/><U106/><E111/><V109/><F109/><W34/><G129/><T79/><D131/><U70/><E126/><V65/><F18/><W43/><G132/><T8/><D102/><U42/><E42/><V56/><F127/><W125/><G125/><T36/><D124/><U128/><E128/><V94/><REACH who="2" step="1"/><F65/><REACH who="2" ten="155,263,220,352" step="2"/><W31/><G2/><T97/><D97/><U135/><E135/><V37/><F37/><W88/><G31/><T4/><D3/><U61/><E71/><V21/><F21/><W123/><G69/><T85/><D75/><U122/><E122/><V17/><F17/><W87/><G123/><T25/><D25/><U63/><E19/><V96/><F96/><W66/><G99/><T117/><D117/><U15/><E1/><V30/><F30/><W16/><G66/><T57/><D36/><U60/><E67/><V40/><F40/><W10/><G43/><T73/><D39/><U68/><E70/><V77/><F77/><W78/><G78/><N who="0" m="46295" /><D73/><U47/><E68/><V52/><F52/><W27/><G74/><T45/><D57/><AGARI ba="0,1" hai="56,57,59,72,76,80,84,90,91,94,95,98,104,107" machi="57" ten="40,8000,1" yaku="1,1,52,2,53,1" doraHai="100" doraHaiUra="93" who="2" fromWho="0" sc="155,-80,263,0,220,90,352,0" /><INIT seed="6,0,0,1,3,26" ten="75,263,310,352" oya="2" hai0="103,57,31,93,61,90,50,40,82,110,68,94,71" hai1="101,60,0,6,72,113,39,85,47,24,130,30,64" hai2="10,87,14,20,124,45,9,99,79,134,21,32,89" hai3="67,23,34,35,122,51,4,126,58,98,27,69,2"/><V83/><F134/><W131/><G122/><T63/><D110/><U59/><E72/><V108/><F108/><W62/><G126/><T115/><D103/><U53/><E113/><V25/><F124/><W56/><G131/><T15/><D15/><U13/><E0/><V18/><F32/><W135/><G135/><T1/><D1/><U33/><E130/><V70/><F70/><W74/><G74/><T75/><D75/><U104/><E85/><V65/><F65/><W123/><G123/><T37/><D115/><U116/><E116/><V102/><F45/><W132/><G132/><T44/><D82/><U96/><E6/><V36/><F36/><W112/><G112/><T66/><D93/><U128/><E13/><V125/><F79/><W119/><G119/><T76/><D76/><U22/><E128/><V48/><F48/><W42/><G98/><T3/><D3/><U111/><E111/><V84/><F84/><W43/><G2/><T7/><D7/><U78/><E78/><V55/><F55/><W107/><G4/><T114/><D114/><U100/><E100/><V29/><REACH who="2" step="1"/><F125/><REACH who="2" ten="75,263,300,352" step="2"/><W11/><G69/><T105/><D71/><U91/><E33/><V88/><F88/><W77/><G35/><T54/><D63/><U92/><E39/><V120/><F120/><W117/><G34/><T106/><REACH who="0" step="1"/><D31/><REACH who="0" ten="65,263,300,352" step="2"/><U38/><E91/><V5/><F5/><W80/><G77/><T28/><D28/><U121/><E121/><V129/><F129/><W95/><G117/><T17/><D17/><U97/><E30/><V46/><F46/><W16/><G16/><RYUUKYOKU ba="0,2" sc="65,15,263,-15,300,15,352,-15" hai0="37,40,44,50,54,57,61,66,68,90,94,105,106" hai2="9,10,14,18,20,21,25,29,83,87,89,99,102" /><INIT seed="6,1,2,4,2,12" ten="80,248,315,337" oya="2" hai0="114,130,59,90,60,55,44,106,9,24,68,23,40" hai1="11,35,77,21,126,33,75,25,112,132,73,70,50" hai2="66,4,82,31,5,84,98,65,94,76,56,46,101" hai3="1,64,89,38,41,129,97,45,103,47,109,125,88"/><V34/><F34/><W18/><G109/><T105/><D114/><U0/><E70/><V6/><F31/><W16/><G125/><T93/><D130/><U110/><E110/><V81/><F46/><W61/><G129/><T15/><D68/><U102/><E126/><V14/><F56/><W13/><G1/><T30/><D106/><U107/><E112/><V36/><F36/><W3/><G3/><T20/><D105/><U72/><E132/><V37/><F37/><W27/><G27/><T22/><D40/><U63/><E77/><V58/><F58/><W119/><G47/><T127/><D44/><U120/><E63/><V100/><F100/><W54/><G54/><T69/><D69/><U62/><E62/><V116/><F116/><W51/><G38/><T108/><D108/><U2/><E120/><V104/><F104/><W53/><G119/><T7/><D127/><U96/><E50/><V39/><F39/><W135/><G135/><T71/><D71/><U91/><E91/><N who="3" m="34890" /><G64/><N who="2" m="24681" /><F82/><W121/><G13/><AGARI ba="1,2" hai="4,5,6,13,14,76,81,84,94,98,101" m="24681" machi="13" ten="30,1500,0" yaku="8,1" doraHai="12" who="2" fromWho="3" sc="80,0,248,0,315,38,337,-18" /><INIT seed="6,2,0,3,5,98" ten="80,248,353,319" oya="2" hai0="18,39,64,119,59,23,71,86,84,124,21,83,102" hai1="63,2,38,123,125,26,108,42,5,131,3,12,4" hai2="111,37,17,24,61,90,27,32,79,62,92,6,77" hai3="7,80,101,28,87,16,36,107,128,88,55,67,127"/><V96/><F37/><W120/><G120/><T46/><D124/><U56/><E108/><V95/><F111/><W105/><G127/><T117/><D71/><U114/><E125/><V53/><F6/><W116/><G116/><T91/><D64/><U54/><E123/><V13/><F32/><W134/><G134/><T45/><D39/><U48/><E114/><V22/><F95/><W104/><G36/><T130/><D59/><U57/><E131/><V75/><F75/><W29/><G128/><T69/><D69/><U99/><E38/><V65/><F53/><W19/><G7/><T135/><D91/><U43/><E3/><V31/><F62/><W58/><G67/><T74/><D18/><U93/><E2/><V103/><F90/><W126/><G126/><T50/><D50/><U81/><E81/><V0/><F0/><W85/><G85/><T106/><D130/><U11/><E26/><V70/><REACH who="2" step="1"/><F27/><REACH who="2" ten="80,248,343,319" step="2"/><W129/><G129/><T35/><D35/><U121/><E5/><V68/><F68/><W8/><G107/><T40/><D106/><U100/><REACH who="1" step="1"/><E121/><REACH who="1" ten="80,238,343,319" step="2"/><V14/><F14/><W33/><G105/><T20/><D119/><U110/><E110/><V76/><F76/><W10/><G104/><T113/><D117/><U122/><E122/><V115/><F115/><W109/><G109/><T49/><D113/><U118/><E118/><V52/><F52/><AGARI ba="2,2" hai="4,11,12,42,43,48,52,54,56,57,63,93,99,100" machi="52" ten="30,8000,1" yaku="1,1,7,1,8,1,52,1,54,1,53,0" doraHai="98" doraHaiUra="60" who="1" fromWho="2" sc="80,0,238,106,343,-86,319,0" /><INIT seed="7,0,0,4,5,92" ten="80,344,257,319" oya="3" hai0="133,82,87,59,112,43,127,30,73,91,27,34,33" hai1="15,28,77,6,80,108,109,79,69,19,66,21,135" hai2="29,50,40,131,125,62,81,32,36,114,75,42,123" hai3="25,60,130,97,99,111,63,122,93,68,22,113,57"/><W104/><G122/><T55/><D73/><U96/><E79/><V101/><F36/><W7/><G104/><T128/><D43/><U38/><E38/><V51/><F123/><W78/><G130/><T105/><D105/><U52/><E96/><N who="3" m="36938" /><G68/><T14/><D128/><U94/><E94/><V39/><F39/><W86/><G111/><T120/><D120/><U126/><E28/><V100/><F131/><W83/><G113/><T56/><D34/><U89/><E89/><V37/><F37/><W11/><G93/><T17/><D112/><U121/><E121/><V74/><F114/><W98/><N who="3" m="36946" /><W46/><DORA hai="20" /><G46/><T41/><D41/><U71/><E69/><V44/><F44/><W31/><G57/><T117/><D117/><U1/><E71/><V134/><F32/><W107/><G107/><T70/><D70/><U67/><E108/><V64/><F75/><W118/><G118/><T49/><D127/><U24/><E1/><V8/><F74/><W4/><G4/><T95/><D133/><U35/><E135/><V103/><F134/><W45/><G45/><T119/><D119/><U9/><E126/><V84/><F125/><W2/><G2/><T72/><D72/><N who="1" m="43047" /><E109/><V132/><F132/><W129/><G129/><T10/><D59/><U115/><E115/><V90/><F42/><W102/><G102/><T53/><D95/><U58/><E35/><V54/><F40/><W48/><G48/><T116/><D116/><U26/><E24/><V3/><F51/><W0/><G0/><T18/><D18/><N who="1" m="12599" /><E6/><V110/><F110/><W47/><G47/><RYUUKYOKU ba="0,0" sc="80,10,344,10,257,-30,319,10" hai0="10,14,17,27,30,33,49,53,55,56,82,87,91" hai1="9,15,19,52,58,66,67" hai3="7,11,22,25,31,60,63,78,83,86" /><INIT seed="7,1,0,2,2,91" ten="90,354,227,329" oya="3" hai0="80,54,19,51,58,92,37,124,69,121,31,129,111" hai1="7,98,70,5,101,87,57,59,45,38,4,73,55" hai2="10,64,114,26,85,81,88,49,34,93,109,115,18" hai3="68,134,52,44,97,96,42,100,47,86,123,39,89"/><W67/><G123/><T11/><D121/><U36/><E70/><V77/><F109/><W126/><G134/><T79/><D111/><U9/><E73/><V21/><F64/><W0/><G126/><T132/><D69/><U83/><E38/><V40/><F34/><W65/><G0/><T3/><D124/><U113/><E113/><V122/><F122/><W95/><G68/><T15/><D31/><U99/><E36/><V66/><F66/><W82/><REACH who="3" step="1"/><G96/><REACH who="3" ten="90,354,227,319" step="2"/><N who="1" m="36906" /><E101/><V35/><F115/><W50/><AGARI ba="1,1" hai="39,42,44,47,50,52,65,67,82,86,89,95,97,100" machi="50" ten="30,11700,0" yaku="1,1,0,1,52,1,54,1,53,0" doraHai="91" doraHaiUra="16" who="3" fromWho="3" sc="90,-40,354,-40,227,-40,319,130" owari="50,-45.0,314,11.4,187,-21.3,449,54.9" /></mjloggm>