<mjloggm ver="2.3"><GO type="169" lobby="0"/><UN n0="%E5%A4%9A%E6%91%A9%E3%82%BD%E3%83%BC%E3%82%B8" n1="%E8%8A%B1%E9%81%93%E6%A1%9C%E6%9C%A8" n2="%73%79%6C%76%65%6F%6E" n3="%E5%A4%96%E5%B7%9D%E7%AB%9C%E6%88%90" dan="17,16,16,16" rate="2230.98,2149.07,2138.49,2187.48" sx="M,M,M,M"/><TAIKYOKU oya="0"/><INIT seed="0,0,0,3,2,116" ten="250,250,250,250" oya="0" hai0="102,43,61,111,107,123,13,122,109,89,51,58,41" hai1="101,38,115,45,24,103,25,95,132,1,87,86,77" hai2="46,133,108,67,68,44,49,126,50,40,36,64,5" hai3="124,0,74,57,20,90,37,92,29,2,7,60,59"/><T32/><D32/><U129/><E1/><V81/><F5/><W8/><G124/><T39/><D89/><U28/><E129/><V62/><F81/><W98/><G74/><T63/><D13/><U79/><E132/><V134/><F108/><N who="0" m="41546" /><D39/><U26/><E115/><V76/><F76/><W78/><G78/><T33/><D33/><U83/><E28/><V10/><F10/><W4/><G37/><T3/><D3/><U42/><E95/><V56/><F126/><W91/><G91/><T16/><D16/><U17/><E17/><V70/><F36/><W27/><REACH who="3" step="1"/><G60/><REACH who="3" ten="250,250,250,240" step="2"/><N who="0" m="23115" /><D58/><U75/><E79/><V19/><F67/><W127/><G127/><T118/><D118/><U21/><E38/><V80/><F134/><W47/><G47/><N who="0" m="26095" /><D43/><U100/><E42/><V119/><F133/><W12/><G12/><T11/><D11/><AGARI ba="0,1" hai="0,2,4,7,8,11,20,27,29,57,59,90,92,98" machi="11" ten="40,5200,0" yaku="1,1,9,1,53,1" doraHai="116" doraHaiUra="88" who="3" fromWho="0" sc="250,-52,250,0,250,0,240,62" /><INIT seed="1,0,0,0,5,70" ten="198,250,250,302" oya="1" hai0="72,28,86,116,84,45,40,101,113,115,69,47,5" hai1="0,21,32,64,29,125,15,121,44,77,4,17,89" hai2="87,48,122,7,1,30,126,43,120,80,119,20,14" hai3="74,23,16,6,65,51,102,105,58,90,128,12,31"/><U79/><E121/><V82/><F119/><W56/><G128/><T131/><D72/><U38/><E125/><V60/><F1/><W118/><G74/><T3/><D116/><U49/><E64/><V36/><F126/><W22/><G105/><T103/><D69/><U104/><E104/><V11/><F60/><W54/><G102/><T93/><D131/><U50/><E89/><V81/><F87/><W133/><G133/><T100/><D28/><U71/><E71/><V127/><F127/><W53/><G65/><T9/><D47/><U18/><E18/><V132/><F132/><W42/><G6/><T106/><D106/><U91/><E91/><V55/><F43/><W98/><G42/><T68/><D68/><U24/><E38/><V110/><F110/><W92/><G118/><T76/><D93/><U85/><E85/><V108/><F36/><W25/><REACH who="3" step="1"/><G54/><REACH who="3" ten="198,250,250,292" step="2"/><T88/><D76/><U109/><E79/><V97/><F120/><W124/><G124/><T37/><REACH who="0" step="1"/><D88/><REACH who="0" ten="188,250,250,292" step="2"/><U8/><E77/><V78/><F122/><W112/><G112/><AGARI ba="0,2" hai="3,5,9,37,40,45,84,86,100,101,103,112,113,115" machi="112" ten="40,5200,0" yaku="1,1,2,1,52,1,53,0" doraHai="70" doraHaiUra="62" who="0" fromWho="3" sc="188,72,250,0,250,0,292,-52" /><INIT seed="2,0,0,5,3,85" ten="260,250,250,240" oya="2" hai0="60,48,120,114,49,107,100,81,25,74,80,105,115" hai1="92,89,45,31,71,108,109,2,106,44,34,68,41" hai2="28,15,39,4,126,9,84,133,11,65,59,33,73" hai3="77,99,131,55,54,117,102,32,36,57,3,24,128"/><V46/><F73/><W17/><G117/><T19/><D120/><U90/><E106/><V47/><F126/><W86/><G36/><T78/><D60/><U121/><E2/><V22/><F33/><W42/><G42/><T21/><D81/><U35/><E31/><V97/><F133/><W113/><G3/><T75/><D75/><U10/><E10/><V118/><F118/><W122/><G122/><T67/><D67/><U79/><E79/><V93/><F39/><W112/><G77/><T70/><D70/><U7/><E7/><V72/><F72/><W12/><G86/><T56/><D48/><U111/><E121/><V43/><F43/><W95/><G24/><T96/><REACH who="0" step="1"/><D105/><REACH who="0" ten="250,250,250,240" step="2"/><U58/><E71/><V82/><F65/><W87/><G113/><T103/><D103/><U124/><E68/><V62/><F62/><W104/><G112/><T23/><D23/><U119/><E119/><V64/><F64/><W134/><G32/><T129/><D129/><U132/><E35/><V0/><F22/><W27/><G131/><T30/><D30/><U37/><E34/><V29/><F28/><W1/><G128/><T135/><D135/><U101/><E132/><V40/><F82/><W38/><G134/><T16/><D16/><U6/><E101/><V91/><F29/><W83/><G104/><T63/><D63/><U98/><E37/><V52/><F4/><W125/><G38/><T116/><D116/><U110/><E6/><V88/><F11/><W66/><G66/><T127/><D127/><U53/><N who="1" m="27648" /><DORA hai="76" /><U18/><E124/><V51/><F9/><RYUUKYOKU ba="0,1" sc="250,30,250,-10,250,-10,240,-10" hai0="19,21,25,49,56,74,78,80,96,100,107,114,115" /><INIT seed="3,1,1,2,3,106" ten="280,240,240,230" oya="3" hai0="99,117,37,6,81,124,22,30,15,41,70,19,77" hai1="57,135,50,58,131,108,66,88,53,3,125,110,105" hai2="45,11,104,13,129,16,127,112,97,71,65,73,49" hai3="59,67,21,44,61,64,102,121,36,94,28,100,47"/><W122/><G67/><T7/><D117/><U85/><E105/><V90/><F112/><W55/><G102/><T35/><D70/><U98/><E3/><V72/><F127/><W5/><G5/><T9/><D124/><U103/><E125/><V91/><F129/><W20/><G20/><T38/><D41/><U133/><E131/><V18/><F104/><W89/><G89/><T2/><D99/><U128/><E128/><V113/><F113/><W86/><G86/><T69/><D69/><U83/><E98/><V95/><F90/><W62/><G36/><T63/><D63/><N who="1" m="38255" /><E103/><V107/><F107/><W92/><G92/><T76/><D6/><U75/><E75/><V12/><F65/><W119/><G119/><T26/><REACH who="0" step="1"/><D76/><REACH who="0" ten="270,240,240,230" step="2"/><U33/><E33/><V0/><F71/><W40/><G40/><T68/><D68/><U93/><E93/><V43/><F0/><W134/><G94/><T42/><D42/><U17/><E133/><V48/><F48/><W80/><G134/><T118/><D118/><U27/><E135/><V79/><REACH who="2" step="1"/><F79/><REACH who="2" ten="270,240,230,230" step="2"/><W39/><G122/><T96/><D96/><U82/><E50/><V4/><F4/><W114/><G121/><T31/><D31/><U115/><E115/><V52/><F52/><W87/><G114/><T132/><D132/><U10/><E53/><V123/><F123/><W74/><G28/><T8/><D8/><AGARI ba="1,3" hai="8,11,12,13,16,18,43,45,49,72,73,91,95,97" machi="8" ten="30,12000,2" yaku="1,1,7,1,9,1,52,2,54,1,53,0" doraHai="106" doraHaiUra="60" who="2" fromWho="0" sc="270,-123,240,0,230,153,230,0" /><INIT seed="4,0,0,0,5,129" ten="147,240,383,230" oya="0" hai0="40,76,42,88,36,64,20,7,44,26,47,105,75" hai1="39,95,1,52,61,89,124,4,28,33,65,8,130" hai2="77,82,117,87,111,55,94,49,35,48,38,108,12" hai3="109,92,54,86,85,19,59,126,63,79,46,101,60"/><T24/><D105/><U15/><E130/><V118/><F38/><W17/><G109/><T119/><D119/><N who="2" m="45578" /><F35/><W112/><G126/><T84/><D64/><U53/><E124/><V134/><F134/><W10/><G112/><T81/><D7/><U30/><E39/><V122/><F122/><W98/><G46/><T113/><D113/><U13/><E1/><V3/><F3/><W121/><G121/><T96/><D96/><U99/><E15/><V97/><F12/><W116/><G116/><T66/><D66/><U50/><E33/><V69/><F69/><W34/><G34/><T133/><D20/><U128/><E128/><V32/><F48/><W18/><G10/><T70/><D70/><U56/><REACH who="1" step="1"/><E53/><REACH who="1" ten="147,230,383,230" step="2"/><V5/><F32/><W127/><G127/><T132/><D24/><U93/><E93/><V115/><F115/><W29/><G54/><T41/><D26/><U22/><E22/><V107/><F107/><W43/><G92/><N who="0" m="54279" /><D36/><U80/><E80/><V51/><F82/><W9/><G9/><T125/><D125/><U27/><E27/><V16/><F108/><W37/><G37/><T58/><D58/><AGARI ba="0,1" hai="4,8,13,28,30,50,52,56,58,61,65,89,95,99" machi="58" ten="30,7700,0" yaku="1,1,7,1,8,1,54,1,53,0" doraHai="129" doraHaiUra="110" who="1" fromWho="0" sc="147,-77,230,87,383,0,230,0" /><INIT seed="5,0,0,1,0,104" ten="70,317,383,230" oya="1" hai0="51,13,33,42,77,66,41,97,79,3,114,116,9" hai1="135,71,62,69,101,121,89,70,134,115,125,52,21" hai2="68,132,60,94,124,90,100,18,95,8,92,129,19" hai3="37,118,74,86,131,63,4,6,78,85,103,110,59"/><U88/><E121/><V82/><F124/><W67/><G110/><T7/><D116/><U98/><E125/><V73/><F129/><W96/><G37/><T102/><D114/><U43/><E43/><V0/><F132/><N who="1" m="50729" /><E21/><V22/><F100/><W28/><G131/><T14/><D33/><U72/><E115/><V93/><F0/><W56/><G56/><T32/><D32/><U36/><E36/><V87/><F8/><W75/><G118/><T50/><D66/><U76/><E62/><V48/><F48/><W128/><G128/><T12/><D51/><U30/><E30/><V91/><F22/><W112/><G112/><T126/><D126/><U17/><E17/><V55/><F73/><W107/><G28/><T45/><REACH who="0" step="1"/><D42/><REACH who="0" ten="60,317,383,230" step="2"/><U122/><E122/><V54/><F68/><W49/><G49/><T47/><D47/><U83/><E52/><V123/><F123/><W111/><G111/><T24/><D24/><U106/><AGARI ba="0,1" hai="69,70,71,72,76,83,88,89,98,101,106" m="50729" machi="106" ten="40,7800,0" yaku="20,1,52,1,54,1" doraHai="104" who="1" fromWho="1" sc="60,-26,317,88,383,-26,230,-26" /><INIT seed="5,1,0,4,0,92" ten="34,405,357,204" oya="1" hai0="85,50,113,63,73,28,60,70,96,21,66,101,121" hai1="41,56,127,95,130,53,25,80,129,13,24,103,12" hai2="1,84,75,20,132,124,8,104,38,125,126,40,110" hai3="108,15,105,49,123,48,23,39,86,133,14,30,91"/><U120/><E120/><V77/><F110/><W116/><G105/><T47/><D113/><U131/><E127/><V83/><F132/><W115/><G39/><T68/><D121/><U114/><E114/><V135/><F135/><W122/><G133/><T102/><D73/><U22/><E41/><V0/><F104/><W46/><G115/><T59/><D85/><U10/><E80/><N who="2" m="45119" /><F20/><W6/><G108/><T32/><D32/><U87/><E22/><V18/><F18/><W111/><G111/><T93/><D102/><U31/><E31/><V17/><F17/><W2/><G49/><T36/><D63/><U69/><E69/><V45/><F8/><N who="3" m="2135" /><G30/><T134/><D36/><U112/><E112/><V99/><F99/><W11/><G23/><T65/><D65/><U72/><E72/><V79/><AGARI ba="1,0" hai="0,1,38,40,45,79,83,84,124,125,126" m="45119" machi="79" ten="30,1100,0" yaku="18,1" doraHai="92" who="2" fromWho="2" sc="34,-4,405,-6,357,14,204,-4" /><INIT seed="6,0,0,4,2,91" ten="30,399,371,200" oya="2" hai0="56,104,62,6,135,44,37,14,133,8,77,42,123" hai1="57,111,21,15,86,112,9,25,106,63,115,119,7" hai2="3,70,110,103,82,66,71,94,55,116,68,121,125" hai3="35,30,100,74,114,73,43,64,16,108,39,83,59"/><V113/><F116/><W18/><G108/><T28/><D123/><U54/><E111/><V128/><F121/><W36/><G59/><T118/><D118/><U47/><E119/><V67/><F110/><W80/><G64/><T127/><D104/><U29/><E106/><V122/><F122/><W53/><G53/><T19/><D28/><U130/><E130/><V52/><F3/><W78/><G100/><T89/><D127/><U46/><E86/><V72/><F125/><W101/><G101/><T50/><D37/><U22/><E22/><V11/><F128/><W90/><G90/><T109/><D109/><U24/><E24/><V26/><F11/><W32/><G30/><T124/><D124/><U0/><E0/><V51/><F26/><W97/><G97/><T60/><D19/><U38/><E38/><V69/><F69/><W134/><G43/><T129/><D129/><U61/><E61/><V131/><F113/><AGARI ba="0,0" hai="7,9,15,21,25,29,46,47,54,57,63,112,113,115" machi="113" ten="40,1300,0" yaku="15,1" doraHai="91" who="1" fromWho="2" sc="30,0,399,13,371,-13,200,0" /><INIT seed="7,0,0,1,4,111" ten="30,412,358,200" oya="3" hai0="92,38,33,3,53,30,14,62,129,24,37,88,41" hai1="76,13,133,69,31,20,81,105,93,65,58,94,132" hai2="106,112,16,21,4,54,110,117,49,80,71,2,78" hai3="52,35,10,119,109,48,28,59,68,43,121,83,39"/><W102/><G119/><T96/><D3/><U45/><E69/><V123/><F110/><W116/><G116/><T98/><D129/><U113/><E113/><V7/><F117/><W66/><G109/><T135/><D135/><N who="1" m="51787" /><E105/><V125/><F106/><W91/><G121/><T103/><D41/><U100/><E45/><V47/><F123/><W82/><G102/><T99/><D14/><U87/><E100/><V32/><F32/><W79/><G91/><T73/><D73/><U122/><E122/><V9/><F125/><W108/><G108/><T64/><D53/><U127/><E127/><V56/><F71/><W67/><G10/><T84/><D99/><U77/><E77/><V114/><F7/><W57/><G68/><T74/><D74/><U63/><E13/><V131/><F131/><W85/><G83/><T22/><D98/><U89/><E76/><V17/><F47/><N who="3" m="24063" /><G57/><T120/><D120/><U27/><AGARI ba="0,0" hai="20,27,31,58,63,65,81,87,89,93,94" m="51787" machi="27" ten="30,1100,0" yaku="20,1" doraHai="111" who="1" fromWho="1" sc="30,-3,412,11,358,-3,200,-5" owari="27,-47.3,423,52.3,355,15.5,195,-20.5" /></mjloggm>