<mjloggm ver="2.3"><GO type="169" lobby="0"/><UN n0="%E7%8B%82%E6%B0%97%E3%81%AE%E7%9E%B3" n1="%6D%61%6A%75%6E%69%61" n2="%E7%A5%9E%E5%91%AA%E9%AD%94%E5%A5%B3" n3="%E3%83%A8%E3%82%B3%E3%83%86%E3%82%A3%E3%83%B3%40" dan="16,17,16,16" rate="2090.00,2186.58,2122.67,2086.76" sx="M,M,M,M"/><TAIKYOKU oya="0"/><INIT seed="0,0,0,3,0,15" ten="250,250,250,250" oya="0" hai0="112,126,3,128,13,62,9,125,32,60,109,117,49" hai1="102,98,53,101,97,108,42,91,115,5,0,79,131" hai2="43,104,24,124,38,86,34,37,92,135,31,110,58" hai3="75,29,61,84,51,77,114,22,66,85,78,68,55"/><T4/><D117/><U127/><E108/><V113/><F113/><W30/><G114/><T69/><D112/><U87/><E115/><V46/><F110/><W132/><G132/><T118/><D118/><U16/><E0/><V18/><F104/><W45/><G75/><T72/><D72/><U63/><E5/><V19/><F38/><W74/><G74/><T106/><D106/><U67/><E127/><N who="0" m="48649" /><D109/><U76/><E42/><V35/><F35/><W134/><G134/><T90/><D32/><U1/><E1/><V36/><F36/><W130/><G130/><T116/><D116/><U23/><E53/><V48/><F124/><W59/><G68/><T39/><D39/><U105/><E131/><V111/><F111/><W44/><G44/><T26/><D69/><U103/><E105/><V81/><F92/><W21/><G78/><T120/><D120/><U99/><E91/><V83/><F135/><W8/><G77/><T100/><D100/><U56/><REACH who="1" step="1"/><E87/><REACH who="1" ten="250,240,250,250" step="2"/><V12/><F86/><W28/><G84/><T121/><D90/><U80/><E80/><V2/><F2/><W119/><G85/><T107/><D107/><U33/><E33/><V7/><F83/><W94/><G119/><T17/><D128/><U14/><AGARI ba="0,1" hai="14,16,23,56,63,67,76,79,97,98,99,101,102,103" machi="14" ten="30,12000,2" yaku="1,1,0,1,8,1,52,1,54,1,53,1" doraHai="15" doraHaiUra="52" who="1" fromWho="1" sc="250,-60,240,130,250,-30,250,-30" /><INIT seed="1,0,0,0,2,72" ten="190,370,220,220" oya="1" hai0="100,119,111,19,52,78,11,10,70,80,117,13,108" hai1="62,55,56,38,35,74,4,54,88,30,63,96,9" hai2="16,90,39,17,98,131,25,31,129,65,104,128,5" hai3="114,94,67,1,33,37,101,8,79,28,105,109,40"/><U21/><E74/><V112/><F39/><W134/><G114/><T24/><D70/><U83/><E38/><V46/><F112/><W81/><G94/><T91/><D100/><U135/><E135/><V2/><F46/><N who="3" m="23823" /><G67/><T95/><D24/><U113/><E35/><V43/><F43/><W93/><G93/><T87/><D10/><U61/><E113/><V41/><F41/><W59/><G59/><T86/><REACH who="0" step="1"/><D52/><REACH who="0" ten="180,370,220,220" step="2"/><U76/><E55/><V32/><F65/><W57/><G8/><T84/><D84/><U7/><E9/><N who="2" m="2231" /><F90/><W89/><G89/><T127/><D127/><U42/><E42/><V48/><F48/><W125/><G125/><T3/><D3/><U121/><E121/><V123/><F123/><W45/><G1/><T68/><D68/><U18/><E30/><V118/><F118/><AGARI ba="0,1" hai="11,13,19,78,80,86,87,91,95,108,111,117,118,119" machi="118" ten="40,2600,0" yaku="1,1,52,1,53,0" doraHai="72" doraHaiUra="92" who="0" fromWho="2" sc="180,36,370,0,220,-26,220,0" /><INIT seed="2,0,0,0,3,69" ten="216,370,194,220" oya="2" hai0="128,98,105,113,60,40,83,74,97,127,11,112,75" hai1="19,34,0,109,28,56,99,79,49,84,135,131,129" hai2="108,17,102,32,54,80,88,94,8,114,78,77,2" hai3="13,24,71,72,119,62,38,81,116,1,47,45,89"/><V93/><F114/><W52/><G1/><T64/><D128/><N who="1" m="49227" /><E109/><V68/><F32/><W29/><G13/><T14/><D127/><U23/><E135/><V4/><F68/><W15/><G15/><T87/><D40/><U107/><E0/><V104/><F108/><W70/><G70/><T66/><D60/><U86/><E28/><V118/><F118/><W111/><G111/><T92/><D14/><N who="1" m="9719" /><E34/><V122/><F122/><W12/><G12/><T33/><D33/><U59/><E79/><V53/><F17/><W130/><G130/><T57/><D11/><U61/><E49/><V124/><F93/><W25/><G29/><T106/><D92/><U10/><E10/><V121/><F77/><W91/><G116/><T85/><D83/><U82/><E82/><V22/><F121/><W9/><G81/><T90/><D90/><U50/><E50/><V7/><F22/><W76/><G89/><T21/><D21/><U31/><E31/><V5/><F8/><W110/><G91/><T63/><D63/><U44/><E44/><V125/><F2/><W134/><G45/><T41/><D57/><N who="1" m="22091" /><E61/><V117/><F117/><W27/><G62/><T51/><D51/><U26/><E26/><V103/><F80/><W96/><G27/><T95/><D95/><U30/><E30/><V126/><F78/><W18/><G76/><T73/><D73/><U132/><E132/><V101/><F104/><W35/><G134/><T42/><AGARI ba="0,0" hai="41,42,64,66,74,75,85,87,97,98,105,106,112,113" machi="42" ten="25,3200,0" yaku="0,1,22,2" doraHai="69" who="0" fromWho="0" sc="216,32,370,-8,194,-16,220,-8" /><INIT seed="3,0,0,1,2,68" ten="248,362,178,212" oya="3" hai0="118,99,59,105,60,65,86,127,102,125,115,54,42" hai1="116,84,108,107,89,26,2,5,33,21,28,129,19" hai2="37,79,100,36,8,88,39,70,30,0,3,78,91" hai3="111,48,85,124,97,122,43,128,121,24,32,55,47"/><W35/><G128/><T23/><D118/><U27/><E107/><V31/><F100/><W22/><G124/><T67/><D115/><U25/><E129/><V112/><F70/><W132/><G132/><T49/><D86/><U58/><E116/><V114/><F36/><W93/><G111/><T134/><D134/><U12/><E108/><V69/><F69/><W92/><G121/><T104/><D104/><U13/><E58/><V106/><F106/><W4/><G4/><T123/><D123/><U52/><E52/><V29/><F29/><W71/><G71/><T103/><D103/><U77/><E77/><V135/><F8/><W110/><G110/><T81/><D81/><U83/><REACH who="1" step="1"/><E13/><REACH who="1" ten="248,352,178,212" step="2"/><V7/><F135/><W11/><G55/><T96/><D125/><U63/><E63/><V10/><REACH who="2" step="1"/><F10/><AGARI ba="0,1" hai="2,5,10,12,19,21,25,26,27,28,33,83,84,89" machi="10" ten="40,8000,1" yaku="1,1,24,2,53,1" doraHai="68" doraHaiUra="18" who="1" fromWho="2" sc="248,0,352,90,178,-80,212,0" /><INIT seed="4,0,0,4,4,51" ten="248,442,98,212" oya="0" hai0="134,68,36,57,40,76,81,11,99,5,43,90,93" hai1="24,128,105,38,115,101,74,130,33,48,18,96,62" hai2="54,8,67,64,75,45,131,6,107,47,17,129,126" hai3="108,85,30,118,117,73,31,95,15,22,50,100,21"/><T53/><D68/><U14/><E38/><V65/><F75/><W88/><G108/><T29/><D134/><U82/><E62/><V25/><F107/><W104/><G73/><T13/><D29/><N who="1" m="19623" /><E48/><V71/><F71/><W59/><G117/><T111/><D111/><U133/><E133/><V77/><F77/><W69/><G69/><T89/><D36/><U3/><E3/><V44/><F126/><W125/><G125/><T27/><D27/><U55/><E82/><V92/><F92/><W56/><G104/><T72/><REACH who="0" step="1"/><D90/><REACH who="0" ten="238,442,98,212" step="2"/><U7/><E128/><N who="2" m="49227" /><F25/><W102/><G88/><T9/><D9/><U35/><E130/><V61/><F17/><W98/><G118/><T91/><D91/><U97/><E115/><V84/><F8/><W41/><G30/><T135/><D135/><U122/><E122/><V23/><F6/><W79/><G31/><T26/><D26/><U120/><E7/><V78/><F23/><W49/><G22/><T110/><D110/><U10/><E120/><V116/><F116/><W114/><G21/><T109/><D109/><U121/><E10/><V60/><F78/><W42/><G79/><T32/><D32/><U132/><E35/><V52/><F84/><W37/><G85/><T124/><D124/><U127/><E127/><V103/><F103/><W4/><G100/><T87/><D87/><U113/><E101/><V63/><AGARI ba="0,1" hai="44,45,47,52,54,60,61,63,64,65,67" m="49227" machi="63" ten="40,16000,3" yaku="29,2,28,2,19,1,34,2,52,2,54,1" doraHai="51" who="2" fromWho="2" sc="238,-80,442,-40,98,170,212,-40" /><INIT seed="5,0,0,0,2,21" ten="158,402,268,172" oya="1" hai0="25,37,13,110,66,102,103,107,24,96,11,77,54" hai1="1,33,93,118,57,79,115,123,18,55,19,113,4" hai2="0,60,15,91,87,94,31,26,9,127,46,100,106" hai3="108,86,135,70,81,3,47,16,43,42,130,6,41"/><U88/><E123/><V50/><F127/><W72/><G72/><T5/><D110/><U120/><E120/><V105/><F0/><W90/><G108/><T56/><D37/><U133/><E79/><V117/><F60/><W52/><G135/><T35/><D77/><U22/><E133/><V82/><F100/><W78/><G70/><T111/><D111/><U69/><E69/><V58/><F58/><W45/><G130/><T73/><D73/><U97/><E33/><V63/><F63/><W49/><G3/><T126/><D35/><U99/><E118/><V10/><F94/><W7/><G45/><T36/><D36/><U27/><E4/><V98/><F98/><W28/><G28/><T116/><D116/><U51/><E1/><V114/><F114/><N who="1" m="43529" /><E99/><V40/><F9/><W59/><G78/><T83/><D126/><U92/><E92/><V8/><F8/><W65/><G16/><AGARI ba="0,0" hai="16,18,19,22,27,51,55,57,88,93,97" m="43529" machi="16" ten="30,11600,0" yaku="15,1,52,1,54,2" doraHai="21" who="1" fromWho="3" sc="158,0,402,116,268,0,172,-116" /><INIT seed="5,1,0,2,1,104" ten="158,518,268,56" oya="1" hai0="6,72,43,75,25,3,36,22,44,131,19,126,14" hai1="90,113,49,23,111,35,41,29,5,86,18,102,52" hai2="13,121,68,99,135,21,56,107,109,83,38,127,34" hai3="51,47,16,30,20,122,116,76,1,59,79,106,89"/><U114/><E111/><V26/><F121/><W40/><G122/><T8/><D126/><U57/><E5/><V27/><F68/><W65/><G106/><T15/><REACH who="0" step="1"/><D131/><REACH who="0" ten="148,518,268,56" step="2"/><U128/><E128/><V70/><F127/><W125/><G125/><T85/><D85/><U117/><E86/><V94/><F109/><W100/><G116/><T96/><D96/><U67/><E117/><V9/><F99/><W84/><G1/><T17/><D17/><U97/><E18/><V87/><F87/><W7/><G30/><T32/><D32/><U11/><E97/><V54/><F34/><W108/><G7/><T98/><D98/><U101/><E35/><V42/><F107/><W110/><G110/><T119/><D119/><U81/><E29/><V0/><F0/><W46/><G108/><T37/><D37/><U78/><E113/><V88/><F38/><W62/><G100/><T58/><D58/><U48/><E57/><V95/><F56/><W130/><G130/><T103/><D103/><U132/><E101/><V112/><F70/><W33/><G33/><T55/><D55/><U63/><E52/><V129/><F54/><W4/><G4/><T105/><D105/><U118/><E114/><V53/><F53/><W93/><REACH who="3" step="1"/><G47/><REACH who="3" ten="148,518,268,46" step="2"/><T134/><D134/><U28/><E102/><V60/><F135/><W71/><G71/><T39/><D39/><U91/><E132/><V12/><F129/><W80/><G80/><T82/><D82/><U92/><E81/><V73/><F83/><W64/><G64/><T24/><D24/><AGARI ba="1,2" hai="16,20,24,40,46,51,59,62,65,76,79,84,89,93" machi="24" ten="30,7700,0" yaku="1,1,7,1,8,1,54,1,53,0" doraHai="104" doraHaiUra="123" who="3" fromWho="0" sc="148,-80,518,0,268,0,46,100" /><INIT seed="6,0,0,3,1,30" ten="68,518,268,146" oya="2" hai0="83,73,93,49,44,65,52,90,118,9,103,16,119" hai1="20,128,110,64,113,115,114,29,104,17,22,50,40" hai2="97,133,25,100,42,71,28,109,23,19,33,125,1" hai3="27,76,126,107,108,106,95,102,13,63,81,124,43"/><V99/><F133/><W92/><G108/><T32/><D103/><U56/><E110/><V68/><F109/><W26/><G43/><T117/><D65/><U116/><E116/><V39/><F125/><N who="3" m="48235" /><G13/><N who="0" m="7215" /><D73/><U78/><E104/><N who="3" m="39978" /><G63/><T66/><D66/><U121/><E128/><V101/><F1/><W0/><G0/><T6/><D6/><U3/><E3/><V10/><F10/><W41/><G41/><T58/><D83/><U14/><E121/><V80/><F80/><W98/><G92/><T130/><D130/><U60/><E78/><V96/><F42/><W85/><AGARI ba="0,0" hai="26,27,76,81,85,95,98,102" m="39978,48235" machi="85" ten="30,1100,0" yaku="18,1" doraHai="30" who="3" fromWho="3" sc="68,-3,518,-3,268,-5,146,11" /><INIT seed="7,0,0,0,0,46" ten="65,515,263,157" oya="3" hai0="33,116,13,85,120,17,22,5,40,57,6,48,79" hai1="133,45,93,27,65,32,39,130,101,21,125,29,25" hai2="0,128,118,77,24,73,53,60,34,19,63,95,37" hai3="87,75,30,121,42,67,92,7,106,110,80,64,131"/><W97/><G131/><T62/><D120/><U54/><E65/><V69/><F118/><W52/><G121/><T36/><D116/><U108/><E108/><V105/><F105/><W123/><G123/><T102/><D33/><U11/><E11/><V72/><F0/><W78/><G110/><T51/><D102/><U16/><E130/><V4/><F4/><W44/><G7/><T3/><D3/><U26/><E39/><V91/><F37/><W18/><G30/><T31/><D31/><U55/><E27/><V126/><F34/><W127/><G127/><T135/><D135/><U8/><E8/><V71/><F126/><W114/><G114/><T83/><D36/><U86/><E133/><V66/><F77/><W61/><G18/><T109/><D109/><U103/><E55/><V117/><F117/><W98/><G75/><T56/><D40/><U20/><E32/><V68/><F68/><W47/><G106/><T70/><D70/><U100/><E125/><V58/><F71/><W12/><G42/><T112/><D112/><U113/><E113/><V59/><F69/><W107/><G107/><T1/><D1/><U76/><E76/><V94/><F128/><W111/><G111/><T28/><D28/><U115/><E115/><V122/><F122/><W10/><G78/><T35/><D35/><U124/><E124/><V41/><F41/><W132/><G132/><T49/><REACH who="0" step="1"/><D57/><REACH who="0" ten="55,515,263,157" step="2"/><U129/><E29/><V99/><F59/><N who="3" m="35047" /><G44/><T14/><D14/><U81/><E129/><V119/><F119/><W82/><G47/><T15/><D15/><U43/><E45/><RYUUKYOKU ba="0,1" sc="55,30,515,-10,263,-10,157,-10" hai0="5,6,13,17,22,48,49,51,56,62,79,83,85" owari="85,-41.5,515,61.5,253,5.3,147,-25.3" /></mjloggm>