<mjloggm ver="2.3"><GO type="169" lobby="0"/><UN n0="%E2%80%A0%E6%B0%B4%E9%8A%80%E7%87%88%E2%80%A0" n1="%E5%A5%94%E4%BB%94" n2="%E7%A0%B2%E5%A7%90%E5%A7%90" n3="%E9%AB%98%E6%A9%8B%E8%89%AF%E5%A4%AA" dan="18,17,16,16" rate="2216.71,2230.56,2099.80,2143.82" sx="F,M,F,M"/><TAIKYOKU oya="0"/><INIT seed="0,0,0,5,1,121" ten="250,250,250,250" oya="0" hai0="112,63,90,126,92,71,5,11,125,13,6,3,56" hai1="122,10,54,7,62,134,115,70,2,127,97,15,36" hai2="95,44,104,18,45,65,59,124,132,9,99,64,100" hai3="16,77,28,60,35,52,106,96,30,88,87,57,31"/><T25/><D71/><U102/><E122/><V73/><F132/><W22/><G35/><T51/><D112/><U67/><E127/><V58/><F124/><W0/><G0/><T94/><D51/><U101/><E134/><V8/><F73/><W79/><G106/><T108/><D92/><U46/><E115/><V130/><F104/><W84/><G96/><T81/><D81/><U129/><E129/><V48/><F130/><W23/><G84/><T66/><D25/><U98/><E98/><V17/><F48/><W33/><G33/><T61/><D61/><U116/><E116/><V39/><F99/><W111/><G111/><T82/><D82/><U86/><E86/><V34/><F34/><W119/><G119/><T72/><D72/><U118/><E118/><V43/><F43/><W85/><G85/><T47/><D47/><U49/><E97/><V27/><F27/><N who="3" m="14791" /><G23/><T117/><D117/><U55/><E54/><V38/><REACH who="2" step="1"/><F95/><AGARI ba="0,0" hai="28,30,31,52,57,60,77,79,87,88,95" m="14791" machi="95" ten="30,7700,0" yaku="8,1,54,3" doraHai="121" who="3" fromWho="2" sc="250,0,250,0,250,-77,250,77" /><INIT seed="1,0,0,3,5,40" ten="250,250,173,327" oya="1" hai0="124,20,42,121,110,31,129,122,84,77,39,73,48" hai1="53,41,113,51,35,13,70,90,37,86,6,54,93" hai2="69,19,58,57,132,83,76,43,114,26,87,99,2" hai3="128,81,12,0,61,44,7,102,59,126,68,4,74"/><U30/><E113/><V133/><F69/><W115/><G115/><T47/><D73/><U33/><E70/><V80/><F114/><W120/><G0/><T125/><D77/><U105/><E105/><V103/><F2/><W27/><G120/><N who="0" m="46187" /><D84/><U89/><E37/><V15/><F26/><W36/><G102/><T14/><D31/><U9/><E30/><V94/><F80/><W106/><G106/><T56/><D20/><U8/><E9/><V17/><F43/><W28/><G74/><T95/><D95/><U135/><E135/><N who="2" m="51787" /><F19/><W123/><G81/><T134/><D14/><U116/><E116/><V78/><F76/><W23/><G68/><T32/><D32/><U71/><E71/><V112/><F112/><W66/><G12/><T5/><D5/><U91/><E33/><V16/><F17/><W21/><G23/><AGARI ba="0,0" hai="15,16,23,57,58,78,83,87,94,99,103" m="51787" machi="23" ten="30,2000,0" yaku="20,1,54,1" doraHai="40" who="2" fromWho="3" sc="250,0,250,0,173,20,327,-20" /><BYE who="0" /><UN n0="%E2%80%A0%E6%B0%B4%E9%8A%80%E7%87%88%E2%80%A0" /><INIT seed="2,0,0,1,4,31" ten="250,250,193,307" oya="2" hai0="42,114,48,107,82,34,91,104,59,40,17,13,11" hai1="58,45,133,30,118,81,26,122,98,102,68,18,67" hai2="33,117,106,57,109,7,25,6,129,63,103,116,88" hai3="5,72,49,60,1,78,127,83,66,70,94,47,97"/><V71/><F129/><W62/><G127/><T3/><D114/><U92/><E118/><V135/><F135/><W131/><G131/><T84/><D3/><U8/><E68/><V12/><F109/><W75/><G62/><T130/><D130/><U77/><E122/><V110/><F110/><W121/><G5/><T79/><D104/><U56/><E45/><V65/><F57/><W96/><G1/><T134/><D107/><U85/><E133/><V76/><F76/><W95/><G72/><T53/><D134/><U16/><E8/><N who="2" m="4119" /><F7/><W24/><G24/><T73/><REACH who="0" step="1"/><D34/><REACH who="0" ten="240,250,193,307" step="2"/><U52/><E67/><V89/><F116/><W80/><G121/><T28/><D28/><U113/><E113/><V32/><F117/><W23/><G80/><AGARI ba="0,1" hai="11,13,17,40,42,48,53,59,73,79,80,82,84,91" machi="80" ten="30,2000,0" yaku="1,1,7,1,53,0" doraHai="31" doraHaiUra="64" who="0" fromWho="3" sc="240,30,250,0,193,0,307,-20" /><INIT seed="3,0,0,2,3,42" ten="270,250,193,287" oya="3" hai0="126,61,8,135,75,76,17,96,81,32,133,93,131" hai1="91,117,99,53,107,66,59,88,56,52,70,129,10" hai2="62,65,120,68,92,124,102,106,30,2,43,134,26" hai3="31,125,60,64,94,55,3,25,47,13,35,44,15"/><W69/><G3/><T50/><D32/><U122/><E122/><V83/><F120/><W110/><G125/><T1/><D126/><U112/><E112/><V63/><F124/><W49/><G110/><T119/><D119/><U12/><E129/><V54/><F2/><W80/><G80/><T48/><D131/><U18/><E117/><V100/><F134/><N who="0" m="51210" /><D61/><U86/><E70/><V67/><F83/><W87/><G87/><T74/><D74/><U113/><E113/><V127/><F127/><W84/><G84/><T40/><D40/><U109/><E109/><V118/><F118/><W72/><G72/><T36/><D36/><U19/><E66/><V14/><F14/><W27/><G94/><T128/><D128/><U23/><E107/><V58/><F67/><W130/><G130/><T82/><D81/><N who="1" m="49231" /><E59/><V22/><F43/><W5/><G5/><N who="0" m="1071" /><D17/><U24/><E56/><V34/><F92/><AGARI ba="0,0" hai="10,12,18,19,23,24,52,53,91,92,99" m="49231" machi="92" ten="30,3900,0" yaku="8,1,54,2" doraHai="42" who="1" fromWho="2" sc="270,0,250,39,193,-39,287,0" /><INIT seed="4,0,0,4,3,116" ten="270,289,154,287" oya="0" hai0="52,69,87,9,66,92,101,42,105,8,94,39,72" hai1="128,107,60,129,62,40,117,11,102,76,53,23,134" hai2="24,38,122,127,121,50,90,43,16,64,30,81,21" hai3="0,83,46,130,44,32,20,112,110,104,3,120,133"/><T48/><D72/><U82/><E117/><V18/><F38/><W126/><RYUUKYOKU type="yao9" ba="0,0" sc="270,0,289,0,154,0,287,0" hai3="0,3,20,32,44,46,83,104,110,112,120,126,130,133" /><INIT seed="4,1,0,1,0,60" ten="270,289,154,287" oya="0" hai0="62,15,80,102,64,58,121,118,128,28,21,3,109" hai1="123,4,89,17,70,54,20,49,131,71,119,95,14" hai2="94,19,84,101,99,22,9,79,125,133,113,134,68" hai3="7,122,127,86,130,82,98,18,1,114,43,85,83"/><T110/><D118/><U59/><E123/><V97/><F113/><W48/><G114/><T74/><D121/><U6/><E131/><V23/><F125/><W69/><G69/><T117/><D117/><U111/><E111/><N who="0" m="42505" /><D3/><U92/><E119/><V10/><F68/><W91/><G122/><T57/><D128/><U30/><E95/><V88/><F79/><W32/><G32/><T47/><D102/><U34/><E71/><V67/><F99/><W36/><G36/><T29/><D47/><U132/><E132/><V129/><F129/><W104/><G127/><T78/><D58/><U13/><E70/><V39/><F39/><W51/><G43/><T42/><D42/><U31/><E34/><V108/><F108/><W41/><G41/><T115/><D115/><U8/><REACH who="1" step="1"/><E4/><REACH who="1" ten="270,279,154,287" step="2"/><V66/><F134/><W37/><G130/><T81/><D80/><U105/><E105/><V38/><F133/><W112/><G112/><T116/><D116/><U40/><E40/><V103/><F38/><W124/><G37/><T16/><AGARI ba="1,1" hai="15,16,21,28,29,57,62,64,74,78,81" m="42505" machi="16" ten="30,6000,0" yaku="10,1,52,1,54,1" doraHai="60" who="0" fromWho="0" sc="270,73,279,-21,154,-21,287,-21" /><INIT seed="4,2,0,4,0,41" ten="343,258,133,266" oya="0" hai0="86,93,55,115,67,46,54,80,96,73,111,64,123" hai1="85,118,8,103,57,126,27,31,1,106,6,99,128" hai2="38,95,90,101,49,39,74,14,98,120,81,5,112" hai3="47,28,69,42,113,11,18,114,71,116,59,132,110"/><T92/><D123/><U7/><E118/><V109/><F109/><W68/><G110/><T53/><D111/><U61/><E128/><V133/><F120/><W72/><G72/><T75/><D115/><U76/><E126/><V89/><F112/><N who="3" m="43115" /><G116/><T117/><D117/><U2/><E76/><V43/><F133/><W58/><G28/><T30/><D30/><U84/><E6/><V63/><F74/><W45/><G42/><T36/><D75/><U102/><E103/><V66/><F39/><W35/><G35/><T129/><D73/><U23/><REACH who="1" step="1"/><E1/><REACH who="1" ten="343,248,133,266" step="2"/><V22/><F5/><W60/><G132/><T97/><D129/><U124/><E124/><V104/><F101/><W56/><G60/><T82/><D97/><U13/><E13/><AGARI ba="2,1" hai="11,13,18,45,47,56,58,59,68,69,71" m="43115" machi="13" ten="40,5200,0" yaku="15,1,52,2" doraHai="41" who="3" fromWho="1" sc="343,0,248,-58,133,0,266,68" /><INIT seed="5,0,0,3,1,73" ten="343,190,133,334" oya="1" hai0="106,32,39,103,88,110,70,29,80,91,84,63,85" hai1="113,125,26,90,92,78,8,129,48,133,98,77,93" hai2="120,50,17,18,11,35,22,57,0,9,102,16,105" hai3="14,128,43,100,27,40,46,49,117,42,13,68,4"/><U75/><E75/><V10/><F120/><W123/><G68/><T65/><D110/><U61/><E113/><V2/><F105/><W94/><G123/><T115/><D39/><U121/><E121/><V20/><F102/><W53/><G128/><T25/><D115/><U66/><E125/><V71/><F71/><W23/><G117/><T82/><D103/><U86/><E133/><V79/><F79/><N who="1" m="30217" /><E129/><V124/><F124/><W122/><G4/><T67/><D67/><U101/><E48/><V69/><F69/><W131/><G122/><T81/><REACH who="0" step="1"/><D106/><REACH who="0" ten="333,190,133,334" step="2"/><U5/><E66/><V134/><F134/><W45/><G131/><T59/><D59/><U60/><E26/><V83/><F57/><W36/><G36/><T130/><D130/><U74/><E74/><V87/><F50/><W6/><G45/><T112/><D112/><U58/><E58/><V41/><F41/><W24/><G24/><T30/><D30/><U44/><E44/><V104/><F104/><W114/><G114/><T118/><D118/><U37/><E37/><V54/><F54/><W76/><G27/><T89/><AGARI ba="0,1" hai="25,29,32,63,65,70,80,81,82,84,85,88,89,91" machi="89" ten="30,4000,0" yaku="1,1,0,1,54,1,53,0" doraHai="73" doraHaiUra="108" who="0" fromWho="0" sc="333,50,190,-20,133,-10,334,-10" /><INIT seed="6,0,0,0,1,131" ten="383,170,123,324" oya="2" hai0="30,99,119,31,134,12,69,10,11,83,124,4,132" hai1="84,25,5,78,121,112,23,118,108,32,8,52,85" hai2="33,80,7,90,19,106,42,61,97,14,28,57,111" hai3="47,53,15,96,122,65,0,93,86,89,62,125,41"/><V91/><F111/><W76/><G125/><T95/><D124/><U9/><E118/><V98/><F7/><W24/><G122/><T22/><D69/><U63/><E32/><V120/><F120/><W127/><G127/><T128/><D128/><U44/><E112/><V117/><F117/><W126/><G126/><T16/><D119/><U27/><E27/><V59/><F42/><W66/><G0/><N who="0" m="263" /><D83/><U50/><E108/><V46/><F46/><W3/><G3/><T113/><D113/><U58/><E121/><V103/><F33/><W82/><G24/><N who="0" m="14407" /><D95/><U110/><E110/><V40/><F28/><N who="0" m="10794" /><D99/><U72/><E72/><V26/><F26/><W36/><G62/><T71/><D71/><U88/><E78/><V101/><F40/><W102/><G53/><T75/><D75/><U130/><E84/><V81/><F59/><W43/><G15/><T51/><D51/><U133/><E130/><V73/><F73/><W115/><G115/><T20/><D20/><U45/><E45/><V74/><F74/><W109/><G109/><T48/><D48/><U35/><E23/><V34/><F34/><W100/><G76/><T2/><D2/><U56/><E56/><V114/><F114/><W21/><G21/><T18/><AGARI ba="0,0" hai="11,12,18,132,134" m="10794,14407,263" machi="18" ten="30,8000,1" yaku="34,2,52,2,54,1" doraHai="131" who="0" fromWho="0" sc="383,80,170,-20,123,-40,324,-20" /><INIT seed="7,0,0,0,4,41" ten="463,150,83,304" oya="3" hai0="130,97,57,29,73,69,27,84,71,26,132,99,112" hai1="6,36,2,18,16,23,50,91,93,44,0,10,95" hai2="15,14,81,39,67,3,104,92,53,58,82,113,126" hai3="33,59,109,135,70,11,108,13,74,129,22,64,7"/><W77/><G70/><T118/><D73/><U134/><E36/><V1/><F104/><W4/><G33/><T114/><D118/><U100/><E0/><V117/><F117/><W49/><G77/><T32/><D130/><U78/><E78/><V40/><F113/><N who="0" m="43626" /><D132/><U55/><E134/><V45/><F126/><W12/><G74/><T106/><D84/><U110/><E110/><V37/><F92/><W127/><G135/><T46/><D46/><U102/><E18/><V83/><F1/><W124/><G64/><T68/><D106/><U96/><E93/><V52/><F3/><W25/><G49/><T51/><D26/><AGARI ba="0,0" hai="2,6,10,16,23,26,44,50,55,91,95,96,100,102" machi="26" ten="30,3900,0" yaku="7,1,52,1,54,1" doraHai="41" who="1" fromWho="0" sc="463,-39,150,39,83,0,304,0" owari="424,52.4,189,-21.1,83,-41.7,304,10.4" /></mjloggm>