<mjloggm ver="2.3"><GO type="169" lobby="0"/><UN n0="%E3%82%B9%E3%83%9E%E3%83%9B%E3%81%82%E3%81%96%E3%82%89%E3%81%97" n1="%37%36%35%2D%37%32" n2="%E4%BF%BA%E3%81%A7%E3%81%99" n3="%6B%6C%6F%6E%64%69%6B%65" dan="17,16,16,16" rate="2142.77,2067.16,2054.42,2162.69" sx="M,M,M,M"/><TAIKYOKU oya="0"/><INIT seed="0,0,0,5,3,115" ten="250,250,250,250" oya="0" hai0="33,27,49,16,44,73,54,81,17,15,126,78,128" hai1="134,94,88,40,74,65,69,21,110,10,131,0,52" hai2="97,28,58,99,129,62,76,91,119,133,124,1,50" hai3="30,114,98,105,108,95,92,82,14,104,64,35,53"/><T85/><D128/><U4/><E74/><V24/><F129/><W90/><G114/><T68/><D68/><U118/><E131/><V67/><F133/><W79/><G108/><T13/><D126/><U106/><E106/><V11/><F124/><W34/><G34/><T56/><D73/><U83/><E110/><V6/><F76/><W51/><G64/><T112/><D112/><U2/><E134/><V120/><F120/><W135/><G135/><T59/><D27/><U48/><E40/><V125/><F125/><W66/><G66/><T57/><REACH who="0" step="1"/><D33/><REACH who="0" ten="240,250,250,250" step="2"/><U25/><E69/><V46/><F119/><W127/><G127/><T22/><D22/><U107/><E21/><V41/><F91/><W123/><G35/><AGARI ba="0,1" hai="1,6,11,24,28,35,41,46,50,58,62,67,97,99" machi="35" ten="30,1000,0" yaku="7,1" doraHai="115" who="2" fromWho="3" sc="240,0,250,0,250,20,250,-10" /><INIT seed="1,0,0,4,3,50" ten="240,250,270,240" oya="1" hai0="135,60,71,37,63,134,106,32,59,116,108,49,99" hai1="109,61,40,2,20,84,123,112,87,68,70,113,5" hai2="92,96,51,43,104,75,120,65,66,111,122,28,91" hai3="4,39,23,125,110,114,14,76,21,73,25,102,44"/><U82/><E123/><V107/><F111/><W94/><G114/><T47/><D32/><U27/><E109/><V53/><F75/><W131/><G110/><T52/><D108/><U103/><E40/><V36/><F28/><W13/><G76/><T48/><D106/><U10/><E103/><V78/><F78/><W34/><G73/><T19/><D19/><U86/><E82/><V97/><F122/><W58/><G44/><T118/><D99/><U11/><E11/><V121/><F121/><W101/><G39/><T81/><D81/><U22/><E22/><V15/><F120/><W117/><G94/><T132/><D37/><U31/><REACH who="1" step="1"/><E61/><REACH who="1" ten="240,240,270,240" step="2"/><N who="0" m="23625" /><D71/><AGARI ba="0,1" hai="2,5,10,20,27,31,68,70,71,84,86,87,112,113" machi="71" ten="40,2000,0" yaku="1,1,53,0" doraHai="50" doraHaiUra="8" who="1" fromWho="0" sc="240,-20,240,30,270,0,240,0" /><INIT seed="1,1,0,2,3,37" ten="220,270,270,240" oya="1" hai0="113,60,82,132,18,125,53,76,124,122,95,8,111" hai1="39,52,40,38,92,120,44,11,84,98,114,77,96" hai2="118,65,131,45,130,88,126,107,29,64,115,27,105" hai3="80,62,85,70,15,99,79,106,14,121,108,117,89"/><U41/><E114/><V90/><F118/><W134/><G121/><T74/><D113/><U24/><E120/><V104/><F115/><W55/><G117/><T73/><D122/><U135/><E135/><V68/><F126/><W25/><G108/><T66/><D132/><U63/><E98/><V58/><F68/><W49/><G134/><T5/><D111/><U123/><E123/><V112/><F112/><W93/><G25/><T86/><D53/><U46/><E11/><V127/><F127/><N who="0" m="48714" /><D18/><U100/><E24/><V7/><F7/><W133/><G133/><T30/><D30/><U51/><E63/><N who="2" m="38007" /><F65/><W69/><G106/><T109/><D95/><U91/><E77/><V116/><F45/><W103/><G103/><T47/><D47/><U21/><E21/><N who="2" m="15599" /><F116/><W12/><REACH who="3" step="1"/><G62/><REACH who="3" ten="220,270,270,230" step="2"/><T83/><D109/><U13/><E13/><V110/><F110/><W2/><G2/><T54/><D60/><U50/><REACH who="1" step="1"/><E52/><REACH who="1" ten="220,260,270,230" step="2"/><V6/><F107/><AGARI ba="1,2" hai="38,39,40,41,44,46,50,51,84,91,92,96,100,107" machi="107" ten="30,18000,2" yaku="1,1,2,1,7,1,9,1,52,2,53,0" doraHai="37" doraHaiUra="3" who="1" fromWho="2" sc="220,0,260,203,270,-183,230,0" /><INIT seed="1,2,0,4,4,71" ten="220,463,87,230" oya="1" hai0="95,46,33,132,128,126,97,42,67,87,94,6,54" hai1="98,11,84,74,29,119,78,2,93,25,96,125,5" hai2="118,20,45,53,134,10,121,77,92,115,69,48,66" hai3="114,38,104,58,1,85,30,22,113,21,17,124,108"/><U40/><E125/><V36/><F121/><W14/><G1/><T50/><D126/><U26/><E26/><V89/><F134/><W83/><G104/><T39/><D33/><U55/><E119/><V110/><F118/><W44/><G124/><T107/><D132/><U13/><E55/><V133/><F110/><W16/><G30/><T7/><D128/><U122/><E122/><V106/><F133/><W81/><G58/><T51/><D67/><U68/><E68/><V12/><F106/><W35/><G35/><T65/><D65/><U9/><E74/><V72/><F115/><W56/><G56/><T24/><D24/><U82/><E40/><V99/><F77/><W18/><G18/><T3/><D107/><U123/><E93/><V86/><F20/><W111/><G44/><T100/><D3/><U73/><E73/><V28/><F28/><W101/><G14/><T62/><D62/><U23/><REACH who="1" step="1"/><E123/><REACH who="1" ten="220,453,87,230" step="2"/><V52/><F72/><W91/><G114/><T76/><D94/><U102/><E102/><V135/><F53/><W90/><G113/><T57/><D100/><U8/><E8/><V27/><F135/><W63/><G101/><T43/><D43/><U112/><E112/><V61/><F27/><W15/><G111/><T103/><D103/><U131/><E131/><V127/><F127/><W120/><G120/><T80/><D95/><U31/><E31/><V37/><F99/><W32/><G108/><T70/><D97/><U41/><E41/><V109/><F109/><W4/><G81/><T105/><D105/><U0/><E0/><V116/><F116/><RYUUKYOKU ba="2,1" sc="220,-15,453,15,87,15,230,-15" hai1="2,5,9,11,13,23,25,29,78,82,84,96,98" hai2="10,12,36,37,45,48,52,61,66,69,86,89,92" /><INIT seed="1,3,1,0,1,133" ten="205,468,102,215" oya="1" hai0="124,25,117,114,21,68,135,95,6,52,9,80,109" hai1="71,3,37,36,130,17,105,132,116,53,121,41,63" hai2="85,96,38,12,20,72,58,127,55,84,99,97,126" hai3="40,74,98,8,103,31,92,102,39,15,100,0,88"/><U69/><E17/><N who="2" m="10279" /><F72/><W43/><G74/><T70/><D114/><U110/><E105/><V128/><F38/><N who="1" m="14953" /><E3/><V47/><F47/><W131/><G0/><T104/><D104/><U134/><E121/><V51/><F128/><W27/><G39/><T123/><D117/><U118/><E130/><V86/><F85/><W10/><G131/><T119/><D119/><N who="1" m="45611" /><E41/><V79/><F79/><W45/><G45/><T4/><D123/><U73/><E73/><V48/><F48/><W23/><REACH who="3" step="1"/><G8/><REACH who="3" ten="205,468,102,205" step="2"/><T2/><D9/><U91/><E134/><V24/><F24/><W107/><G107/><T33/><D2/><U77/><E132/><V16/><F16/><AGARI ba="3,2" hai="10,15,16,23,27,31,40,43,88,92,98,100,102,103" machi="16" ten="40,8000,1" yaku="1,1,8,1,54,2,53,0" doraHai="133" doraHaiUra="56" who="3" fromWho="2" sc="205,0,468,0,102,-89,205,109" /><INIT seed="2,0,0,3,5,80" ten="205,468,13,314" oya="2" hai0="61,81,36,112,12,118,86,40,117,47,54,121,105" hai1="104,44,124,14,78,49,130,87,96,58,26,110,73" hai2="32,64,123,92,6,10,66,93,55,107,60,134,25" hai3="90,67,74,76,126,46,20,8,114,97,2,21,135"/><V18/><F123/><W53/><G135/><T4/><D121/><U84/><E26/><V100/><F107/><W27/><G126/><T72/><D105/><U59/><E124/><V11/><F134/><W52/><G114/><T24/><D112/><U129/><E110/><V48/><F32/><W17/><G74/><T108/><D108/><U63/><E73/><V106/><F106/><W15/><G76/><T103/><D103/><N who="1" m="62567" /><E78/><V39/><F39/><W122/><G122/><T41/><D41/><U98/><E98/><V23/><F100/><W94/><G2/><T79/><D24/><U101/><E101/><V116/><F116/><W131/><G131/><N who="1" m="50186" /><E14/><V77/><F77/><W57/><G21/><T91/><D12/><U89/><E89/><V30/><F30/><W111/><G46/><T132/><D132/><U113/><E113/><V115/><F115/><W50/><G111/><T125/><D125/><U29/><E29/><V7/><F7/><W31/><G50/><T120/><D4/><U70/><E70/><V13/><F11/><W19/><G31/><T71/><D120/><U119/><E119/><V16/><F6/><W42/><G42/><T9/><D9/><U102/><E102/><V68/><REACH who="2" step="1"/><F66/><REACH who="2" ten="205,468,3,314" step="2"/><W99/><G67/><N who="0" m="41455" /><D118/><U45/><E63/><V83/><F83/><W0/><G0/><T69/><D117/><U51/><E51/><V38/><F38/><W88/><G57/><AGARI ba="0,1" hai="10,13,16,18,23,25,48,55,57,60,64,68,92,93" machi="57" ten="30,5800,0" yaku="1,1,7,1,54,1,53,0" doraHai="80" doraHaiUra="95" who="2" fromWho="3" sc="205,0,468,0,3,68,314,-58" /><INIT seed="2,1,0,2,4,119" ten="205,468,71,256" oya="2" hai0="18,61,54,118,39,132,56,22,34,135,105,46,72" hai1="38,79,32,13,104,33,127,5,126,129,10,130,55" hai2="21,35,15,47,128,106,31,1,28,88,94,26,113" hai3="70,74,82,60,20,120,84,77,87,86,59,24,8"/><V37/><F113/><W92/><G70/><T97/><D34/><N who="1" m="13419" /><E104/><V58/><F106/><W131/><G131/><N who="1" m="50186" /><E38/><V48/><F128/><W30/><G8/><T125/><D72/><U109/><E79/><V81/><F1/><W99/><G120/><T96/><D118/><U25/><E55/><V27/><F37/><W123/><G123/><T112/><D112/><U90/><E90/><V42/><F15/><W17/><G74/><T78/><D78/><U41/><E41/><V50/><F50/><W108/><G108/><T133/><D105/><U95/><E95/><V100/><F100/><W122/><G122/><T114/><D114/><U85/><E85/><V7/><F7/><W3/><G3/><T0/><D0/><U63/><E63/><V6/><F6/><W117/><G117/><T19/><D125/><N who="1" m="47627" /><E25/><V51/><F51/><W52/><REACH who="3" step="1"/><G30/><REACH who="3" ten="205,468,71,246" step="2"/><T134/><D134/><U66/><E66/><V68/><F68/><W57/><G57/><T107/><D56/><U102/><E102/><AGARI ba="1,1" hai="17,20,24,52,59,60,77,82,84,86,87,92,99,102" machi="102" ten="30,7700,0" yaku="1,1,7,1,8,1,54,1,53,0" doraHai="119" doraHaiUra="44" who="3" fromWho="1" sc="205,0,468,-80,71,0,246,90" /><INIT seed="3,0,0,3,2,77" ten="205,388,71,336" oya="3" hai0="37,26,33,72,15,123,120,25,87,117,126,82,39" hai1="35,23,18,93,110,43,70,41,88,8,134,118,76" hai2="107,69,53,127,38,30,42,9,80,67,124,98,3" hai3="114,106,74,46,89,108,22,96,12,71,133,10,109"/><W62/><G114/><T63/><D117/><U129/><E118/><V116/><F30/><W131/><G22/><T92/><D126/><N who="2" m="48170" /><F80/><W1/><G1/><T130/><D130/><U20/><E70/><V7/><F98/><W125/><G125/><T29/><D15/><U57/><E35/><V75/><F75/><W54/><G74/><T32/><D92/><U45/><E129/><V68/><F107/><W112/><G112/><T13/><D13/><U121/><E110/><V128/><F116/><W81/><G131/><T95/><D95/><U83/><E134/><V51/><F128/><W16/><G133/><T135/><D72/><U91/><E91/><V73/><F73/><W17/><G106/><T103/><D103/><U14/><E57/><N who="2" m="32959" /><F67/><W65/><G96/><T132/><D120/><U97/><E23/><V48/><F48/><N who="3" m="28951" /><G17/><T101/><D123/><U28/><E121/><V113/><F113/><W55/><G55/><T19/><D132/><U85/><E28/><V122/><F122/><W58/><G71/><N who="2" m="27209" /><F42/><W31/><G31/><T56/><D29/><U119/><E119/><V64/><F64/><W79/><G79/><T4/><D135/><U34/><E34/><V27/><F27/><W36/><G36/><AGARI ba="0,0" hai="3,7,9,36,38" m="27209,32959,48170" machi="36" ten="30,1000,0" yaku="18,1" doraHai="77" who="2" fromWho="3" sc="205,0,388,0,71,10,336,-10" /><INIT seed="4,0,0,4,0,96" ten="205,388,81,326" oya="0" hai0="43,41,94,58,52,19,47,99,36,46,126,117,42" hai1="67,6,107,61,130,121,103,111,54,116,87,30,100" hai2="25,65,90,51,102,115,88,89,39,8,81,134,10" hai3="45,59,124,17,112,14,23,120,64,7,62,135,13"/><T122/><D117/><U48/><E111/><V76/><F39/><W75/><G75/><T0/><D122/><U80/><E116/><V34/><F115/><W108/><G108/><T22/><D0/><U60/><E121/><V105/><F134/><W118/><G120/><T109/><D126/><U127/><E107/><V38/><F38/><W97/><G124/><T16/><D109/><U31/><E127/><V40/><F65/><W123/><G123/><T84/><D84/><U72/><E72/><V12/><F51/><W50/><G112/><T4/><D4/><U131/><E6/><V20/><F40/><W106/><G135/><T9/><D9/><U91/><E60/><V27/><F34/><W101/><G118/><T26/><D19/><U1/><E1/><V18/><F8/><W57/><G57/><T119/><D119/><U85/><E85/><V33/><F33/><W49/><G49/><N who="0" m="30991" /><D36/><U113/><E113/><V77/><F77/><W29/><G29/><T3/><D3/><U68/><E30/><V92/><F105/><W86/><G7/><T56/><D56/><N who="1" m="32839" /><E31/><V63/><F63/><W125/><G86/><T133/><D133/><U37/><E37/><V70/><F70/><W132/><G125/><T71/><D71/><U79/><E79/><V74/><REACH who="2" step="1"/><F10/><REACH who="2" ten="205,388,71,326" step="2"/><W128/><G132/><T55/><D55/><U104/><E104/><V53/><F53/><W5/><G50/><T2/><D2/><U44/><E44/><V21/><F21/><N who="3" m="11439" /><G45/><N who="0" m="16907" /><D41/><U82/><E82/><V11/><F11/><N who="3" m="4463" /><G23/><T93/><D93/><U24/><E68/><V95/><F95/><RYUUKYOKU ba="0,1" sc="205,10,388,-30,71,10,326,10" hai0="16,22,26,42,43,94,99" hai2="12,18,20,25,27,74,76,81,88,89,90,92,102" hai3="59,62,64,97,101,106,128" /><INIT seed="4,1,1,3,2,112" ten="215,358,81,336" oya="0" hai0="128,92,124,116,127,115,58,46,18,56,82,119,107" hai1="35,32,51,71,45,79,34,135,44,43,30,67,42" hai2="83,102,55,2,120,80,105,13,81,110,106,3,33" hai3="132,122,134,10,1,27,95,59,37,15,129,73,61"/><T12/><D107/><U57/><E135/><N who="3" m="51754" /><G1/><T20/><D115/><U78/><E71/><V84/><F110/><W36/><G73/><T6/><D6/><U86/><E30/><V76/><F33/><W62/><G62/><T125/><D128/><U131/><E131/><V109/><F109/><W118/><G129/><T8/><D92/><U22/><E22/><V50/><F120/><W53/><G122/><T89/><D46/><U54/><E67/><V4/><F13/><W60/><G60/><T17/><D89/><U16/><E16/><V114/><F114/><W108/><G108/><T39/><D82/><U117/><E86/><V26/><F26/><W123/><G123/><T99/><D99/><U31/><E31/><V64/><F64/><W66/><G66/><T97/><D97/><U98/><E98/><V28/><F102/><W65/><G95/><T133/><D39/><N who="3" m="14921" /><G27/><N who="0" m="14735" /><D133/><U101/><E101/><V68/><F106/><W111/><G111/><T41/><D41/><U88/><E42/><V49/><F105/><W14/><G65/><T24/><D24/><U47/><E43/><V130/><F68/><W52/><G53/><T113/><D113/><U100/><E100/><V103/><F130/><W40/><G40/><T48/><D48/><U75/><E75/><V0/><F50/><W104/><G104/><T19/><D19/><U121/><E121/><V93/><F4/><N who="3" m="3399" /><G15/><T38/><D38/><U72/><E72/><V7/><F7/><W21/><G21/><T5/><D5/><U69/><E69/><V87/><F2/><W63/><G63/><T11/><D11/><RYUUKYOKU ba="1,1" sc="215,15,358,-15,81,-15,336,15" hai0="8,12,18,56,58,116,119,124,125,127" hai3="52,59,61,118" /><INIT seed="4,2,1,3,1,53" ten="230,343,66,351" oya="0" hai0="95,133,48,8,122,18,11,91,112,100,94,45,68" hai1="12,126,83,90,72,17,101,33,46,124,40,37,106" hai2="4,77,129,107,28,99,15,96,55,130,108,134,30" hai3="88,21,119,69,47,97,128,61,63,25,23,34,123"/><T62/><D122/><U98/><E33/><V65/><F108/><W113/><G123/><T16/><D112/><U131/><E131/><N who="2" m="50187" /><F134/><W67/><G128/><T31/><D133/><U118/><E118/><V50/><F65/><W2/><G2/><T127/><D31/><N who="2" m="11818" /><F77/><W20/><G113/><T109/><D109/><U87/><REACH who="1" step="1"/><E72/><REACH who="1" ten="230,333,66,351" step="2"/><V79/><F107/><W102/><G119/><T26/><D127/><U116/><E116/><V121/><F121/><W132/><G132/><T49/><D68/><U104/><E104/><V60/><F79/><W29/><G61/><T14/><D62/><U6/><E6/><V27/><F60/><W125/><G125/><T105/><D105/><U36/><E36/><V73/><F73/><W52/><G34/><T115/><D115/><U84/><E84/><V103/><F103/><W13/><G102/><T110/><D100/><U7/><E7/><V92/><F99/><W9/><G97/><T120/><D120/><U76/><E76/><V57/><F96/><W35/><G88/><T0/><D91/><U59/><E59/><V64/><F57/><W114/><G114/><T22/><D110/><U111/><E111/><V81/><F4/><N who="3" m="3239" /><G35/><T135/><D135/><U70/><E70/><V56/><F56/><W58/><G69/><T5/><REACH who="0" step="1"/><D48/><AGARI ba="2,2" hai="20,21,23,25,29,47,48,52,58,63,67" m="3239" machi="48" ten="30,3900,0" yaku="8,1,52,1,54,1" doraHai="53" who="3" fromWho="0" sc="230,-45,333,0,66,0,351,65" /><INIT seed="5,0,0,1,0,96" ten="185,333,66,416" oya="1" hai0="62,79,134,38,54,117,67,128,66,12,95,49,45" hai1="10,69,88,48,120,72,76,110,94,123,103,64,106" hai2="122,36,9,32,97,90,20,41,109,24,13,84,118" hai3="104,133,39,50,98,80,3,46,56,17,105,65,108"/><U127/><E127/><V14/><F109/><W87/><G3/><T68/><D95/><U126/><E126/><V85/><F118/><W92/><G108/><T21/><D21/><U29/><E110/><V70/><F122/><W42/><G133/><T27/><D27/><U112/><E112/><V135/><F70/><W22/><G39/><T7/><D12/><U114/><E114/><V99/><F135/><W8/><G56/><T81/><D7/><U116/><E116/><V43/><F32/><W63/><G65/><T89/><D89/><U57/><E29/><V47/><F43/><W11/><G63/><N who="0" m="40031" /><D81/><U119/><E119/><V35/><F35/><W1/><G1/><T86/><D86/><U25/><E25/><V51/><F36/><W131/><G105/><T59/><D79/><U53/><E10/><V100/><F90/><N who="3" m="51559" /><G104/><T40/><D134/><U26/><E26/><V77/><F77/><W83/><G83/><T16/><D16/><U37/><E37/><V31/><F14/><N who="3" m="9527" /><G131/><T23/><D23/><U115/><E115/><V15/><F15/><W2/><G2/><T102/><D128/><U18/><E18/><V130/><F130/><W71/><G71/><N who="0" m="42487" /><D117/><U55/><E106/><V34/><F34/><W101/><AGARI ba="0,0" hai="8,11,42,46,50,92,98,101" m="9527,51559" machi="101" ten="30,2000,0" yaku="8,1,52,1" doraHai="96" who="3" fromWho="3" sc="185,-5,333,-10,66,-5,416,20" /><INIT seed="6,0,0,5,0,54" ten="180,323,61,436" oya="2" hai0="25,48,5,71,114,86,69,3,99,31,1,40,29" hai1="52,18,135,76,110,34,56,64,19,109,81,107,55" hai2="65,28,72,37,63,66,49,38,58,94,46,26,51" hai3="27,47,123,117,87,68,4,104,119,102,133,30,80"/><V75/><F72/><W91/><G123/><T50/><D86/><U39/><E107/><V10/><F75/><W131/><G131/><T45/><D99/><U33/><E39/><V7/><F66/><W74/><G133/><T83/><D83/><U126/><E135/><V44/><F94/><N who="3" m="54655" /><G4/><T60/><D114/><U14/><E126/><V128/><F128/><W121/><G47/><T53/><D29/><U9/><E110/><V127/><F127/><W120/><G68/><T12/><D12/><U13/><E109/><V70/><F70/><W98/><G27/><T108/><D108/><U41/><E41/><V113/><F113/><W116/><G30/><T84/><D84/><U118/><E118/><V62/><F62/><W97/><G97/><T61/><D69/><U32/><E81/><V77/><F77/><AGARI ba="0,0" hai="74,77,80,98,102,104,116,117,119,120,121" m="54655" machi="77" ten="30,3900,0" yaku="24,1,34,2" doraHai="54" who="3" fromWho="2" sc="180,0,323,0,61,-39,436,39" /><INIT seed="7,0,0,4,2,75" ten="180,323,22,475" oya="3" hai0="53,0,96,89,6,77,47,88,34,78,104,32,108" hai1="115,128,95,85,33,41,11,110,86,118,26,92,62" hai2="91,70,18,67,71,10,25,61,13,45,116,50,102" hai3="97,127,39,52,119,124,69,68,54,130,114,65,24"/><W36/><G24/><T105/><D47/><U83/><E11/><V14/><F116/><W5/><G97/><T111/><D96/><U93/><E26/><V107/><F102/><W134/><G5/><T59/><D59/><U129/><E33/><V12/><F107/><W48/><G119/><T28/><D53/><U7/><E7/><V133/><F71/><W9/><G9/><T103/><D6/><U49/><E62/><V44/><F133/><W72/><G72/><T22/><D22/><U90/><E49/><V112/><F25/><W27/><G27/><T19/><D19/><U20/><E41/><V17/><F112/><W3/><G3/><T58/><D58/><U123/><E20/><V87/><F45/><W99/><G99/><T117/><D117/><U63/><E63/><V120/><F120/><W43/><G48/><T66/><D103/><U16/><E16/><V30/><F30/><W57/><G65/><T100/><D100/><U4/><E4/><V121/><F121/><W1/><G57/><T81/><D66/><U37/><E37/><V125/><F125/><W23/><G43/><T29/><D81/><U79/><E118/><V2/><F2/><W73/><G54/><T106/><D106/><U31/><E123/><V35/><F35/><W8/><G52/><T55/><D55/><U135/><E31/><V84/><F84/><W76/><G23/><T122/><D122/><U56/><E56/><V101/><F101/><W131/><G8/><T38/><D38/><U132/><E115/><V42/><F18/><W126/><G39/><T60/><D0/><RYUUKYOKU ba="0,0" sc="180,15,323,-15,22,15,475,-15" hai0="28,29,32,34,60,77,78,88,89,104,105,108,111" hai2="10,12,13,14,17,42,44,50,61,67,70,87,91" owari="195,-20.5,308,10.8,37,-46.3,460,56.0" /></mjloggm>