<mjloggm ver="2.3"><GO type="169" lobby="0"/><UN n0="%E3%81%9F%E3%81%8B%31%34%31" n1="%E6%AF%94%E5%98%89%E7%A7%80%E4%BB%81" n2="%E3%80%8C%E3%83%92%E3%83%AD%E3%80%8D%34%30" n3="%E5%B9%BB%E6%B5%B7" dan="16,16,17,17" rate="2136.65,2067.53,2191.98,2133.95" sx="M,M,M,M"/><TAIKYOKU oya="0"/><INIT seed="0,0,0,4,1,135" ten="250,250,250,250" oya="0" hai0="132,69,120,128,105,40,83,99,33,113,22,42,59" hai1="23,82,127,17,13,77,25,32,93,71,66,61,107" hai2="53,94,80,29,91,86,81,121,21,49,19,65,115" hai3="79,6,133,68,0,39,123,37,12,7,27,131,60"/><T104/><D33/><U16/><E107/><V70/><F121/><W75/><G133/><T38/><D69/><U64/><E64/><V55/><F115/><W48/><G48/><T36/><D132/><U9/><E32/><V117/><F117/><W5/><G27/><T89/><D113/><U126/><REACH who="1" step="1"/><E93/><REACH who="1" ten="250,240,250,250" step="2"/><V72/><F65/><W47/><G123/><T111/><D105/><U102/><E102/><V74/><F70/><W92/><G68/><T34/><D34/><U125/><E125/><V54/><F94/><W124/><G92/><T31/><D120/><U24/><E24/><V30/><F81/><W45/><G124/><T112/><D104/><U43/><E43/><V14/><REACH who="2" step="1"/><F49/><REACH who="2" ten="250,240,240,250" step="2"/><W35/><G39/><T50/><D38/><U85/><AGARI ba="0,2" hai="9,13,16,17,23,25,61,66,71,77,82,85,126,127" machi="85" ten="30,8000,1" yaku="1,1,0,1,52,2,54,1,53,0" doraHai="135" doraHaiUra="101" who="1" fromWho="1" sc="250,-40,240,100,240,-20,250,-20" /><INIT seed="1,0,0,3,2,66" ten="210,340,220,230" oya="1" hai0="40,9,23,93,22,72,125,25,112,50,100,127,21" hai1="63,115,17,116,103,19,13,37,65,97,62,18,76" hai2="6,60,49,89,43,82,134,5,71,45,77,69,126" hai3="117,86,118,130,95,42,24,44,33,73,52,14,91"/><U46/><E116/><V74/><F134/><W7/><G73/><T51/><D72/><U57/><E76/><V32/><F126/><W132/><G132/><T26/><D112/><U84/><E84/><V96/><F32/><W111/><G111/><T3/><D100/><U123/><E123/><V98/><F60/><W67/><G130/><T109/><D93/><U15/><E115/><V35/><F35/><W90/><G67/><T110/><D40/><U81/><E81/><V102/><F89/><W129/><G129/><T108/><D9/><U114/><E114/><V27/><F27/><N who="0" m="10250" /><D3/><U4/><E4/><V94/><REACH who="2" step="1"/><F98/><REACH who="2" ten="210,340,210,230" step="2"/><W121/><G91/><T29/><D29/><U31/><E63/><V30/><F30/><W92/><G33/><T28/><D28/><U8/><E31/><V87/><F87/><W20/><G86/><T101/><D101/><U104/><E13/><V47/><F47/><W122/><G44/><T75/><D75/><U135/><E135/><V124/><F124/><AGARI ba="0,1" hai="21,22,23,50,51,108,109,110,124,125,127" m="10250" machi="124" ten="40,8000,1" yaku="28,2,14,1,18,1" doraHai="66" who="0" fromWho="2" sc="210,90,340,0,210,-80,230,0" /><INIT seed="2,0,0,5,1,45" ten="300,340,130,230" oya="2" hai0="87,121,130,132,86,122,27,96,67,38,23,19,98" hai1="36,40,49,37,68,21,16,2,74,120,88,117,133" hai2="50,10,9,81,99,7,89,118,101,13,44,127,17" hai3="124,77,34,5,105,76,43,12,42,48,53,1,65"/><V52/><F127/><W8/><G124/><T39/><D132/><U33/><E117/><V70/><F118/><W126/><G126/><T119/><D119/><U82/><E68/><V22/><F70/><W55/><G34/><T28/><D67/><U58/><E33/><V69/><F69/><W41/><G65/><T80/><D130/><U100/><E2/><V56/><F56/><W60/><G105/><T62/><D62/><U116/><E116/><V26/><F10/><W78/><G60/><T61/><D61/><U135/><E100/><V71/><F71/><W90/><G1/><T111/><D111/><U3/><E3/><V94/><F81/><W20/><G20/><T11/><D87/><N who="1" m="50295" /><E74/><V93/><F93/><W115/><G115/><T79/><D39/><U30/><E30/><V47/><F47/><W83/><G55/><T59/><D59/><U134/><E120/><V108/><F108/><W29/><G29/><T75/><D38/><U91/><E91/><AGARI ba="0,0" hai="7,9,13,17,22,26,44,50,52,89,91,94,99,101" machi="91" ten="40,7700,0" yaku="8,1,52,1,54,1" doraHai="45" who="2" fromWho="1" sc="300,0,340,-77,130,77,230,0" /><INIT seed="2,1,0,1,5,124" ten="300,263,207,230" oya="2" hai0="51,9,125,66,133,43,91,29,108,24,123,122,102" hai1="79,69,82,118,26,2,74,111,65,134,84,113,4" hai2="132,119,115,76,17,97,131,100,85,48,135,12,80" hai3="96,92,121,45,36,58,31,110,88,53,47,61,104"/><V19/><F115/><W112/><G121/><T68/><D125/><U22/><E113/><V38/><F119/><W90/><G112/><T95/><D108/><U106/><E106/><V33/><F38/><W59/><G110/><T130/><D133/><U81/><E134/><V54/><F33/><W116/><G116/><T55/><D102/><U105/><E105/><V37/><F37/><W1/><G1/><T49/><D9/><U15/><E118/><V63/><F63/><W62/><G104/><T5/><D5/><U87/><E2/><V101/><F101/><W72/><G72/><T50/><D43/><U46/><E111/><V41/><F41/><W70/><G70/><T13/><D13/><U10/><E46/><V114/><F114/><W83/><G31/><T107/><D107/><U117/><E117/><V56/><F19/><W71/><G71/><T21/><D55/><U39/><E39/><V11/><REACH who="2" step="1"/><F131/><REACH who="2" ten="300,263,197,230" step="2"/><W3/><G36/><T27/><D130/><U93/><E4/><V52/><F52/><N who="3" m="34023" /><G3/><T78/><D123/><U94/><E65/><V128/><F128/><W99/><G99/><N who="0" m="57855" /><D122/><U32/><E32/><V73/><F73/><W34/><G34/><T20/><D66/><U103/><E74/><V35/><F35/><W109/><G109/><T6/><D6/><N who="1" m="3543" /><E103/><V67/><F67/><W86/><AGARI ba="1,1" hai="45,47,53,58,62,83,86,88,90,92,96" m="34023" machi="86" ten="30,4000,0" yaku="8,1,54,2" doraHai="124" who="3" fromWho="3" sc="300,-11,263,-11,197,-21,230,53" /><INIT seed="3,0,0,3,0,78" ten="289,252,176,283" oya="3" hai0="81,22,19,49,61,111,47,118,84,133,66,38,103" hai1="115,43,95,6,17,129,130,108,92,83,57,32,0" hai2="90,67,70,117,18,52,132,65,8,62,122,116,12" hai3="120,63,9,125,119,13,40,99,87,126,75,91,71"/><W2/><G119/><T41/><D111/><U11/><E108/><V121/><F132/><W101/><G75/><T64/><D133/><U88/><E115/><V46/><F67/><W73/><G73/><T7/><D118/><U20/><E32/><V128/><F128/><N who="1" m="49257" /><E43/><V30/><F30/><W105/><G2/><T37/><D103/><U82/><E57/><V16/><F18/><W1/><G1/><T5/><D38/><U4/><E4/><V15/><F15/><W24/><G40/><T34/><D34/><U56/><E56/><V102/><F102/><W14/><G24/><T124/><D37/><U33/><E33/><V29/><F29/><W51/><G51/><T59/><D66/><U74/><E74/><V72/><F72/><W131/><G120/><N who="2" m="46185" /><F90/><W39/><G131/><T48/><D48/><AGARI ba="0,0" hai="8,12,16,46,48,52,62,65,70,116,117" m="46185" machi="48" ten="30,3900,0" yaku="13,1,54,2" doraHai="78" who="2" fromWho="0" sc="289,-39,252,0,176,39,283,0" /><INIT seed="4,0,0,4,0,105" ten="250,252,215,283" oya="0" hai0="118,98,130,43,59,66,68,78,119,106,57,21,111" hai1="75,71,133,135,14,10,5,29,31,20,113,132,26" hai2="99,24,129,126,3,70,58,35,128,17,101,44,95" hai3="11,103,55,27,56,38,16,28,93,1,120,82,6"/><T69/><D130/><U0/><E71/><V47/><F70/><W63/><G120/><T124/><D124/><U81/><E113/><V40/><F126/><W18/><G38/><T134/><D134/><U12/><REACH who="1" step="1"/><E31/><REACH who="1" ten="250,242,215,283" step="2"/><V2/><F129/><W7/><G7/><T79/><D69/><U34/><E34/><V49/><F128/><W73/><G28/><T50/><D68/><U15/><E15/><V33/><F2/><W19/><G27/><T127/><D127/><U51/><E51/><V64/><F3/><W80/><REACH who="3" step="1"/><G73/><REACH who="3" ten="250,242,215,273" step="2"/><T45/><D119/><U100/><E100/><V91/><F101/><W107/><G107/><T112/><D106/><U121/><E121/><V115/><F35/><W52/><G52/><T53/><D53/><U74/><E74/><V97/><F24/><W109/><G109/><T72/><D72/><U114/><E114/><V108/><F33/><W30/><G30/><T102/><D111/><U65/><E65/><V36/><F64/><W13/><G13/><T8/><D118/><U104/><E104/><V48/><F115/><W85/><G85/><T62/><D112/><U83/><E83/><V86/><F86/><W37/><G37/><T92/><D66/><U32/><E32/><V90/><F36/><W88/><G88/><T54/><D54/><U125/><E125/><V94/><F108/><W89/><G89/><T67/><D102/><U23/><E23/><V122/><F122/><W4/><G4/><T123/><D21/><U22/><E22/><V87/><F87/><W60/><G60/><N who="0" m="38287" /><D123/><U41/><E41/><N who="2" m="24591" /><F17/><W110/><G110/><RYUUKYOKU ba="0,2" sc="250,-30,242,10,215,10,273,10" hai1="0,5,10,12,14,20,26,29,75,81,132,133,135" hai2="40,47,49,58,90,91,94,95,97,99" hai3="1,6,11,16,18,19,55,56,63,80,82,93,103" /><INIT seed="5,1,2,0,0,116" ten="220,252,225,283" oya="1" hai0="78,61,75,20,43,2,51,56,18,73,7,35,53" hai1="8,117,40,22,70,24,13,102,103,66,27,110,81" hai2="92,76,128,87,36,105,52,88,29,72,133,42,54" hai3="16,79,80,86,68,55,17,85,124,69,37,25,109"/><U114/><E117/><V60/><F133/><W3/><G109/><T89/><D35/><U33/><E110/><V115/><F128/><W62/><G124/><T15/><D78/><U21/><E33/><V106/><F115/><W120/><G37/><T28/><D28/><U95/><E114/><V83/><F29/><W118/><G3/><T121/><D121/><U82/><E40/><V131/><F131/><W58/><G120/><T93/><D43/><U71/><E66/><V100/><F60/><W5/><G5/><T99/><D2/><U44/><E44/><N who="2" m="23623" /><F106/><W31/><G118/><T1/><D1/><U59/><E59/><V127/><F127/><W111/><G111/><T96/><D7/><U119/><E119/><V45/><F45/><W91/><G69/><T19/><D51/><U134/><E134/><V97/><AGARI ba="1,2" hai="52,54,72,76,83,87,88,92,97,100,105" m="23623" machi="97" ten="30,4000,0" yaku="24,1,54,2" doraHai="116" who="2" fromWho="2" sc="220,-11,252,-21,225,63,283,-11" /><INIT seed="6,0,0,0,1,126" ten="209,231,288,272" oya="2" hai0="64,113,8,4,48,33,21,105,87,119,111,50,46" hai1="123,39,70,30,16,58,74,29,106,91,36,37,127" hai2="24,18,28,104,34,79,110,54,23,95,26,14,15" hai3="117,132,130,71,65,5,121,82,78,92,27,41,3"/><V13/><F104/><W116/><G121/><T107/><D33/><U77/><E106/><V49/><F110/><W85/><G132/><T56/><D111/><U25/><E70/><V11/><F79/><W109/><G109/><T44/><D113/><U133/><E127/><V89/><F11/><W69/><G27/><T1/><D119/><U88/><E133/><V60/><F60/><W67/><G92/><T51/><D107/><U94/><E123/><V68/><F68/><W6/><G78/><T96/><D87/><U90/><E94/><V131/><F131/><W22/><G22/><T59/><D21/><U122/><E122/><V86/><REACH who="2" step="1"/><F26/><REACH who="2" ten="209,231,278,272" step="2"/><W20/><G130/><T114/><D114/><U128/><E128/><V80/><F80/><W101/><G82/><T66/><D105/><U102/><E77/><V108/><F108/><W17/><G71/><T62/><D96/><U47/><E74/><V135/><F135/><W134/><G69/><T43/><D43/><U72/><E72/><V0/><F0/><W112/><G3/><T2/><D1/><U83/><E83/><V7/><F7/><W129/><G41/><T32/><D2/><U115/><E115/><V124/><F124/><W55/><G112/><T73/><D73/><U76/><E76/><V93/><F93/><W9/><G129/><T125/><D125/><U75/><E75/><V99/><F99/><W31/><G134/><T52/><D4/><U100/><E25/><V38/><F38/><W42/><G42/><T10/><D62/><U118/><E36/><V84/><F84/><W45/><G5/><RYUUKYOKU ba="0,1" sc="209,-10,231,-10,278,30,272,-10" hai2="13,14,15,18,23,24,28,34,49,54,86,89,95" /><INIT seed="6,1,1,0,0,51" ten="199,221,308,262" oya="2" hai0="127,67,115,100,99,14,106,125,94,52,31,39,20" hai1="46,76,29,78,55,37,22,69,129,59,54,40,30" hai2="48,93,56,97,70,33,92,25,36,134,12,112,108" hai3="44,117,0,8,126,116,38,34,49,82,71,103,124"/><V107/><F36/><W74/><G34/><T105/><D39/><U65/><E129/><V110/><F70/><W120/><G71/><T5/><D67/><U3/><E3/><V9/><F107/><W79/><G103/><T122/><D122/><U61/><E55/><V35/><F134/><W121/><G8/><N who="0" m="4367" /><D115/><U75/><E75/><V113/><F48/><W15/><G15/><T85/><D85/><U41/><E41/><V27/><F56/><W16/><G0/><T133/><D133/><U101/><E101/><V23/><F97/><W135/><G16/><T81/><D81/><U90/><E90/><V111/><F93/><W60/><G135/><T132/><D132/><U63/><REACH who="1" step="1"/><E22/><REACH who="1" ten="199,211,308,262" step="2"/><V57/><F23/><W131/><G74/><T114/><D114/><U2/><E2/><V24/><F113/><W21/><G131/><T19/><D31/><AGARI ba="1,2" hai="29,30,31,37,40,46,54,59,61,63,65,69,76,78" machi="31" ten="40,2600,0" yaku="1,1,52,1,53,0" doraHai="51" doraHaiUra="4" who="1" fromWho="0" sc="199,-29,211,49,308,0,262,0" /><INIT seed="7,0,0,2,0,58" ten="170,260,308,262" oya="3" hai0="129,102,74,65,128,96,43,70,90,98,80,127,49" hai1="40,93,44,112,94,110,81,133,117,61,85,116,16" hai2="18,20,59,4,56,47,32,11,15,10,119,125,13" hai3="82,113,51,35,126,66,3,118,72,29,87,111,83"/><W132/><G118/><N who="1" m="45674" /><E110/><V9/><F119/><W134/><G111/><T53/><D43/><U89/><E133/><N who="3" m="51306" /><G3/><T8/><D127/><U0/><E0/><V5/><F125/><W86/><G126/><T95/><D74/><U68/><E112/><V23/><F32/><W60/><G113/><T78/><D78/><U28/><E28/><V17/><F47/><W55/><G29/><T2/><D2/><U121/><E121/><V19/><F19/><W115/><G35/><T42/><D42/><U37/><E16/><V31/><F31/><W39/><G39/><T6/><D8/><U26/><E26/><V57/><AGARI ba="0,0" hai="4,5,9,10,11,13,15,17,18,20,23,56,57,59" machi="57" ten="30,4000,0" yaku="0,1,9,1,8,1" doraHai="58" who="2" fromWho="2" sc="170,-10,260,-10,308,40,262,-20" owari="160,-34.0,250,5.0,348,44.8,242,-15.8" /></mjloggm>