<mjloggm ver="2.3"><GO type="169" lobby="0"/><UN n0="%E9%87%8E%E4%B8%AD%E6%99%B4" n1="%E6%A1%9C%E5%B0%8F%E8%B7%AF%E6%89%8D%E8%8F%AF" n2="%74%61%6B%75%61%6B%61" n3="%E3%82%BF%E3%83%9E%E3%83%8D%E3%82%AE" dan="16,16,16,17" rate="2062.22,2164.61,2172.62,2204.12" sx="F,M,M,M"/><TAIKYOKU oya="0"/><INIT seed="0,0,0,2,5,57" ten="250,250,250,250" oya="0" hai0="134,121,68,30,97,23,75,33,88,21,29,25,31" hai1="1,10,131,108,4,116,127,64,18,128,17,28,0" hai2="11,6,15,115,7,102,35,107,122,13,87,104,96" hai3="41,79,90,20,110,54,106,51,56,123,129,74,34"/><T73/><D134/><U89/><E64/><V112/><F122/><W81/><G34/><T39/><D121/><U49/><E49/><V103/><F35/><W60/><G123/><T85/><D39/><U82/><E116/><V3/><F87/><W65/><G110/><T2/><D2/><U27/><E89/><V119/><F119/><W101/><G129/><N who="1" m="49738" /><E82/><V62/><F3/><N who="1" m="1097" /><E108/><V66/><F103/><W120/><G120/><T113/><D113/><U50/><E50/><V67/><F107/><W24/><G90/><T95/><D68/><U36/><E36/><V94/><F104/><W61/><G41/><T48/><D48/><U105/><E105/><V32/><F67/><W126/><G126/><T86/><D86/><U124/><E4/><V47/><F47/><W111/><G65/><T83/><D33/><N who="1" m="20639" /><E10/><V59/><F32/><W117/><G111/><T58/><D58/><U84/><E84/><V99/><F99/><W26/><G117/><T52/><D52/><U132/><E132/><V40/><F40/><W78/><G78/><T5/><D5/><U125/><AGARI ba="0,0" hai="17,18,124,125,127" m="20639,1097,49738" machi="125" ten="40,8000,1" yaku="18,1,19,1,34,2" doraHai="57" who="1" fromWho="1" sc="250,-40,250,80,250,-20,250,-20" /><INIT seed="1,0,0,1,5,118" ten="210,330,230,230" oya="1" hai0="112,14,15,71,18,49,9,74,124,105,92,23,45" hai1="21,53,91,58,108,111,90,20,3,101,116,0,38" hai2="102,127,79,122,121,6,104,88,120,132,42,110,87" hai3="8,135,76,95,86,134,80,117,51,65,133,89,57"/><U34/><E34/><V61/><F110/><N who="1" m="42025" /><E38/><V29/><F127/><W106/><G117/><T131/><D105/><U63/><E116/><V50/><F132/><W98/><G8/><T100/><D124/><U12/><E101/><V85/><F6/><W46/><G65/><T82/><D112/><U48/><E48/><V31/><F79/><W114/><G57/><T115/><D115/><U36/><E36/><V59/><F85/><W32/><G32/><T4/><D131/><U64/><E64/><V16/><F16/><W93/><G114/><T113/><D113/><U125/><E125/><V17/><F17/><W94/><REACH who="3" step="1"/><G106/><REACH who="3" ten="210,330,230,220" step="2"/><T56/><D56/><U78/><E21/><V73/><F59/><W81/><G81/><T27/><D71/><U40/><E20/><V129/><F129/><W123/><G123/><T11/><D82/><U37/><E58/><V22/><F22/><W66/><G66/><T35/><D35/><U26/><E63/><V97/><F61/><W47/><G47/><T67/><D67/><U126/><E126/><V130/><F130/><W33/><G33/><T77/><D45/><U96/><E3/><V30/><F73/><W24/><G24/><T99/><D74/><U7/><E26/><V119/><F119/><W69/><G69/><T28/><D77/><U109/><E78/><V83/><REACH who="2" step="1"/><F122/><REACH who="2" ten="210,330,220,220" step="2"/><W43/><AGARI ba="0,2" hai="43,46,51,76,80,86,89,93,94,95,98,133,134,135" machi="43" ten="30,7900,0" yaku="1,1,0,1,20,1,53,1" doraHai="118" doraHaiUra="39" who="3" fromWho="3" sc="210,-20,330,-39,220,-20,220,99" /><INIT seed="2,0,0,1,2,17" ten="190,291,200,319" oya="2" hai0="27,122,13,1,40,107,37,135,66,73,48,119,23" hai1="31,128,26,19,10,113,50,95,134,43,130,44,72" hai2="9,65,24,29,70,20,93,35,67,12,74,83,11" hai3="109,7,2,63,88,84,36,18,55,22,14,79,75"/><V45/><F35/><W92/><G109/><T41/><D122/><U46/><E113/><V8/><F12/><W68/><G36/><T85/><D1/><U99/><E72/><V101/><F70/><W56/><G68/><T47/><D73/><U126/><E126/><V76/><REACH who="2" step="1"/><F45/><REACH who="2" ten="190,291,190,319" step="2"/><W32/><G32/><T121/><D13/><U112/><E46/><V38/><F38/><W77/><REACH who="3" step="1"/><G75/><REACH who="3" ten="190,291,190,309" step="2"/><T108/><D37/><U28/><E130/><V129/><F129/><W115/><G115/><T3/><D108/><U103/><E128/><V78/><F78/><W51/><G51/><T90/><D48/><U4/><E112/><V30/><F30/><W116/><G116/><T111/><D119/><U82/><E31/><V105/><F105/><W6/><G6/><T132/><D107/><U39/><E28/><V91/><F91/><W133/><G133/><T0/><D90/><U80/><E39/><V61/><F61/><W131/><G131/><T34/><D132/><U54/><E134/><V114/><F114/><W106/><G106/><T100/><D135/><U120/><E4/><V87/><F87/><W16/><G16/><T59/><D85/><U123/><E19/><V118/><F118/><W33/><G33/><T42/><D34/><U94/><E50/><V124/><F124/><W60/><G60/><T71/><D71/><U69/><E69/><V127/><F127/><W52/><G52/><T89/><D89/><U86/><E54/><V96/><AGARI ba="0,2" hai="8,9,11,20,24,29,65,67,74,76,83,93,96,101" machi="96" ten="30,6000,0" yaku="1,1,0,1,52,1,53,0" doraHai="17" doraHaiUra="110" who="2" fromWho="2" sc="190,-20,291,-20,190,80,309,-20" /><INIT seed="2,1,0,3,3,59" ten="170,271,270,289" oya="2" hai0="77,63,24,7,98,17,64,60,95,124,87,61,101" hai1="30,116,135,15,103,32,54,80,113,14,45,90,126" hai2="100,105,21,23,69,109,37,25,2,110,112,33,123" hai3="6,56,74,127,111,10,8,104,84,49,81,96,13"/><V133/><RYUUKYOKU type="yao9" ba="1,0" sc="170,0,271,0,270,0,289,0" hai2="2,21,23,25,33,37,69,100,105,109,110,112,123,133" /><INIT seed="2,2,0,3,4,16" ten="170,271,270,289" oya="2" hai0="67,128,44,101,99,87,58,79,108,51,45,117,93" hai1="75,91,60,3,73,31,122,74,102,121,98,1,92" hai2="55,68,46,52,62,23,10,17,29,50,26,105,36" hai3="81,132,120,18,104,12,111,35,106,7,95,47,66"/><V49/><F105/><W21/><G120/><N who="1" m="46186" /><E31/><V40/><F36/><W41/><G35/><T107/><D108/><U77/><E60/><V13/><REACH who="2" step="1"/><F50/><REACH who="2" ten="170,271,260,289" step="2"/><W96/><G104/><T94/><D117/><U109/><E109/><V82/><F82/><W14/><G81/><T72/><D128/><U134/><E134/><V53/><F53/><W103/><G111/><T5/><D51/><U24/><E74/><V131/><F131/><W110/><G110/><T69/><D72/><U126/><E75/><V4/><F4/><W133/><G106/><T27/><D5/><U9/><E73/><V38/><F38/><W2/><G132/><T112/><D107/><U125/><E125/><V59/><F59/><W20/><G133/><T8/><D58/><U25/><E126/><V34/><F34/><W130/><G130/><T89/><D112/><U57/><E57/><V100/><F100/><W71/><G7/><T37/><D37/><U0/><E102/><V86/><F86/><W114/><G114/><T70/><D87/><U90/><E92/><V32/><F32/><W28/><G95/><T78/><D101/><U65/><E98/><V39/><F39/><W113/><G96/><T33/><D99/><U22/><E3/><V84/><F84/><W15/><G2/><T43/><D33/><U64/><E1/><V85/><F85/><W80/><G113/><T135/><D93/><U123/><E0/><V76/><F76/><W116/><G103/><T63/><D94/><U118/><E77/><V42/><F42/><W48/><G80/><T11/><D79/><U97/><E123/><RYUUKYOKU ba="2,1" sc="170,-10,271,-10,260,30,289,-10" hai2="10,13,17,23,26,29,40,46,49,52,55,62,68" /><INIT seed="2,3,1,2,5,44" ten="160,261,290,279" oya="2" hai0="77,93,33,111,94,7,46,70,110,68,109,90,1" hai1="54,125,38,108,34,113,83,23,112,119,24,19,63" hai2="5,12,52,49,118,16,43,35,60,134,84,124,72" hai3="55,53,76,105,3,78,28,25,32,120,98,37,128"/><V15/><F72/><W80/><G120/><T18/><D33/><U21/><E119/><V85/><F118/><W22/><G37/><T65/><D77/><U13/><E34/><V86/><F35/><W30/><G3/><T107/><D107/><U31/><E38/><V39/><F124/><W121/><G121/><T104/><D104/><U126/><E83/><V88/><F134/><W0/><G0/><T79/><D79/><U131/><E63/><V129/><F129/><W17/><G30/><T51/><D18/><U116/><E54/><V95/><F39/><W89/><G128/><T41/><D65/><U61/><E61/><V115/><F115/><N who="1" m="44105" /><E131/><V103/><F103/><W81/><G105/><T106/><D106/><U29/><E116/><V127/><F127/><N who="1" m="48649" /><E108/><V135/><F135/><W62/><G62/><T73/><D73/><U101/><E101/><V67/><F43/><W47/><G55/><T20/><D90/><U2/><E2/><V40/><F40/><W11/><G32/><T99/><D70/><U69/><E69/><V66/><F66/><W48/><G80/><T114/><D68/><U132/><E132/><V27/><F60/><W64/><G64/><T10/><D114/><U96/><E96/><N who="2" m="57447" /><F67/><W75/><G75/><T71/><D71/><U100/><E100/><V6/><F52/><W50/><G53/><T4/><D99/><U87/><E87/><V9/><F49/><N who="3" m="19051" /><G98/><T117/><D117/><U58/><E58/><V97/><F97/><W91/><G47/><T8/><D111/><U102/><E102/><V56/><F56/><W123/><G123/><RYUUKYOKU ba="3,1" sc="160,-10,261,30,290,-10,279,-10" hai1="13,19,21,23,24,29,31" /><INIT seed="3,4,1,3,3,26" ten="150,291,280,269" oya="3" hai0="43,8,68,40,87,65,96,125,121,135,131,88,58" hai1="5,80,116,41,64,128,33,111,127,86,57,107,83" hai2="45,100,102,113,104,77,117,42,105,25,52,61,63" hai3="62,13,70,66,29,24,15,1,31,27,16,37,97"/><W32/><G1/><T99/><D121/><U71/><E71/><V112/><F117/><W17/><G37/><T0/><D68/><U7/><E107/><V106/><F77/><W55/><G55/><T35/><D131/><U126/><E111/><V76/><F76/><W129/><G129/><T48/><D125/><U109/><E109/><V60/><F25/><W93/><G13/><T110/><D135/><U59/><E116/><V9/><F9/><W53/><G53/><T120/><D120/><U3/><E33/><V72/><F72/><W85/><G85/><T90/><D110/><U103/><E103/><V84/><F84/><W11/><G17/><T2/><D87/><U108/><E108/><V36/><REACH who="2" step="1"/><F52/><REACH who="2" ten="150,291,270,269" step="2"/><W130/><G130/><T82/><D8/><U22/><E86/><V18/><F18/><W38/><G38/><T12/><D65/><U114/><E128/><V95/><F95/><W51/><G51/><T69/><D82/><U4/><E64/><V75/><F75/><W49/><G49/><T122/><D48/><U133/><E80/><V92/><F92/><W74/><G74/><T78/><D122/><U91/><E83/><V89/><F89/><W44/><G44/><T21/><D78/><U10/><E91/><V118/><F118/><W28/><G27/><T6/><D88/><AGARI ba="4,2" hai="11,15,16,24,28,29,31,32,62,66,70,88,93,97" machi="88" ten="30,18000,2" yaku="7,1,52,3,54,2" doraHai="26" who="3" fromWho="0" sc="150,-192,291,0,270,0,269,212" owari="-42,-54.2,291,9.1,270,-13.0,481,58.1" /></mjloggm>