<mjloggm ver="2.3"><GO type="169" lobby="0"/><UN n0="%42%41%4E%44%49%54" n1="%E3%83%8A%E3%82%B4%E3%83%A0" n2="%E3%82%B7%E3%83%A9%2E" n3="%E5%BE%A1%E5%BD%B1%E3%82%86%E3%81%9A%E3%81%8D" dan="16,18,16,16" rate="2124.38,2241.26,2182.97,2170.47" sx="M,M,M,M"/><TAIKYOKU oya="0"/><INIT seed="0,0,0,5,2,37" ten="250,250,250,250" oya="0" hai0="133,92,134,18,61,68,58,118,0,74,47,117,69" hai1="125,21,30,60,81,83,39,129,97,55,86,42,16" hai2="76,110,34,88,43,72,104,53,31,79,98,126,12" hai3="59,70,123,15,6,23,13,38,36,78,124,114,44"/><T122/><D0/><U75/><E129/><V24/><F110/><W95/><G114/><T2/><D2/><U100/><E125/><V7/><F126/><W64/><G124/><T101/><D74/><U62/><E30/><V128/><F128/><W4/><G70/><N who="0" m="27243" /><D18/><U63/><E75/><V71/><F71/><W89/><G78/><T26/><D26/><U113/><E113/><V73/><F73/><W65/><G23/><T82/><D82/><U8/><E8/><V49/><F72/><W112/><G95/><T119/><D92/><U9/><E9/><V107/><F7/><W77/><G77/><T25/><D25/><U96/><E83/><V54/><F12/><W48/><G89/><T94/><D94/><U115/><E115/><V45/><F79/><W52/><G112/><T27/><D27/><U120/><E120/><V67/><F67/><W35/><G13/><T46/><D101/><U131/><E131/><V56/><F54/><W80/><G15/><T132/><D122/><U51/><E39/><V85/><F98/><W130/><G6/><T1/><D1/><U29/><E55/><AGARI ba="0,0" hai="46,47,55,58,61,117,118,119,132,133,134" m="27243" machi="55" ten="40,7700,0" yaku="20,1,34,2" doraHai="37" who="0" fromWho="1" sc="250,77,250,-77,250,0,250,0" /><INIT seed="0,1,0,0,1,72" ten="327,173,250,250" oya="0" hai0="52,5,83,76,124,66,61,53,14,11,7,0,45" hai1="129,26,126,78,113,2,36,42,110,71,128,46,6" hai2="68,97,25,65,29,60,28,98,41,103,86,125,57" hai3="88,79,105,107,111,3,94,40,19,130,75,35,85"/><T4/><D124/><U18/><E71/><V38/><F125/><W118/><G35/><T63/><D0/><U77/><E126/><V96/><F68/><W114/><G3/><T44/><D14/><U81/><E110/><V109/><F109/><W43/><G111/><T73/><D11/><N who="1" m="2519" /><E18/><V27/><F38/><W112/><G19/><T131/><D131/><N who="1" m="50251" /><E26/><V116/><F116/><W23/><G23/><T134/><D134/><U108/><E108/><V58/><F41/><W127/><G43/><T64/><D45/><U62/><E62/><V54/><F86/><W122/><G40/><T67/><REACH who="0" step="1"/><D44/><REACH who="0" ten="317,173,250,250" step="2"/><U92/><E113/><V56/><F103/><W50/><G127/><T32/><D32/><U101/><E81/><V87/><F27/><W132/><G130/><T70/><D70/><U84/><E84/><V12/><F25/><W59/><G85/><T89/><D89/><U69/><E69/><V37/><F87/><W16/><G88/><T31/><D31/><U13/><E13/><V9/><F37/><W15/><G112/><T135/><D135/><U95/><E101/><V1/><F1/><W30/><G132/><T90/><D90/><U24/><E24/><V20/><F29/><W48/><G30/><T17/><D17/><U121/><E121/><V102/><F102/><W106/><G16/><T49/><D49/><U120/><E120/><V119/><F119/><W34/><G48/><T39/><D39/><U99/><E99/><V80/><F28/><W51/><G114/><T55/><AGARI ba="1,1" hai="4,5,7,52,53,55,61,63,64,66,67,73,76,83" machi="55" ten="40,18000,2" yaku="1,1,0,1,29,2,52,1,54,1,53,0" doraHai="72" doraHaiUra="22" who="0" fromWho="0" sc="317,193,173,-61,250,-61,250,-61" /><INIT seed="0,2,0,5,2,41" ten="510,112,189,189" oya="0" hai0="135,96,12,113,2,6,49,93,103,98,45,3,121" hai1="18,38,46,26,23,102,87,11,34,19,114,63,97" hai2="1,75,80,43,66,89,107,94,40,105,85,9,42" hai3="104,24,4,79,48,123,122,10,118,69,64,5,15"/><T112/><D121/><U82/><E114/><V100/><F66/><W76/><G104/><T77/><D135/><U130/><E130/><V95/><F75/><W120/><G118/><T57/><D57/><U99/><E34/><V84/><F100/><W56/><G24/><T35/><D35/><U8/><E63/><V7/><REACH who="2" step="1"/><F95/><REACH who="2" ten="510,112,179,189" step="2"/><W116/><G64/><T58/><D103/><U110/><E110/><V50/><F50/><W65/><G65/><T60/><D93/><U51/><E38/><V74/><F74/><W39/><G39/><T22/><D49/><U83/><E102/><V55/><F55/><W0/><G120/><T62/><D113/><U125/><E125/><V54/><F54/><W37/><G48/><T27/><D112/><U88/><E83/><V132/><F132/><W111/><G37/><T16/><D62/><U78/><E78/><AGARI ba="2,1" hai="1,7,9,40,42,43,78,80,84,85,89,94,105,107" machi="78" ten="40,1300,0" yaku="1,1,53,0" doraHai="41" doraHaiUra="126" who="2" fromWho="1" sc="510,0,112,-19,179,29,189,0" /><INIT seed="1,0,0,4,3,92" ten="510,93,208,189" oya="1" hai0="50,89,121,80,132,39,30,62,47,67,26,135,32" hai1="29,114,106,108,25,55,36,83,33,4,45,128,91" hai2="93,122,104,56,70,127,18,14,111,126,117,41,78" hai3="101,1,124,118,82,68,61,3,43,2,73,102,131"/><U46/><E114/><V109/><F70/><W17/><G118/><T98/><D39/><U119/><E119/><V53/><F117/><W9/><G43/><T116/><D116/><U84/><E128/><V97/><F104/><W54/><G131/><T71/><D121/><U49/><E106/><V21/><F41/><W37/><G37/><T0/><D0/><U63/><E4/><V115/><F78/><W103/><G124/><N who="2" m="47657" /><F122/><W6/><G17/><T13/><D13/><U66/><E108/><N who="2" m="41547" /><F115/><W133/><G133/><T76/><D89/><U20/><E36/><V59/><F53/><W27/><G54/><T24/><D24/><U22/><REACH who="1" step="1"/><E46/><REACH who="1" ten="510,83,208,189" step="2"/><V105/><F105/><W19/><G6/><T5/><D5/><U77/><E77/><V48/><F48/><W87/><G2/><T74/><D50/><U38/><E38/><V35/><F35/><W96/><G1/><T94/><D47/><U88/><E88/><AGARI ba="0,1" hai="14,18,21,56,59,88,93,97" m="41547,47657" machi="88" ten="30,7700,0" yaku="18,1,14,1,52,1,54,1" doraHai="92" who="2" fromWho="1" sc="510,0,83,-77,208,87,189,0" /><INIT seed="2,0,0,1,0,66" ten="510,6,295,189" oya="2" hai0="6,45,56,11,121,99,37,29,64,24,93,60,107" hai1="113,23,19,80,109,20,106,52,132,82,118,98,130" hai2="21,134,67,75,15,85,12,116,2,71,18,94,65" hai3="95,87,35,78,115,119,129,112,96,61,54,126,13"/><V4/><F116/><W104/><G35/><T72/><D121/><U133/><E113/><V28/><F75/><W48/><G119/><T14/><D72/><U10/><E118/><V42/><F134/><N who="1" m="51817" /><E109/><V91/><F2/><W40/><G104/><T34/><D107/><U92/><E106/><V90/><F71/><W117/><G117/><T127/><D127/><U100/><E10/><N who="2" m="4167" /><F42/><W46/><G126/><T55/><D37/><U58/><E130/><V47/><F47/><W86/><G129/><T81/><D81/><N who="1" m="31339" /><E19/><V39/><F39/><W32/><G112/><T38/><D38/><U89/><E100/><V125/><F125/><W131/><G115/><T1/><D1/><U84/><E84/><N who="2" m="52583" /><F28/><W114/><G114/><T73/><D73/><U77/><E77/><V51/><F51/><AGARI ba="0,0" hai="20,23,51,52,58,89,92,98" m="31339,51817" machi="51" ten="30,2000,0" yaku="20,1,54,1" doraHai="66" who="1" fromWho="2" sc="510,0,6,20,295,-20,189,0" /><INIT seed="3,0,0,4,0,32" ten="510,26,275,189" oya="3" hai0="13,118,96,25,38,19,49,51,3,86,92,87,97" hai1="65,90,28,109,44,103,37,29,134,107,119,80,31" hai2="56,12,72,5,81,128,39,113,40,73,70,59,111" hai3="106,66,24,1,50,93,30,91,75,15,108,79,4"/><W104/><G66/><T6/><D38/><U63/><E109/><V110/><F113/><W105/><G108/><N who="2" m="41513" /><F70/><W26/><G15/><T121/><D118/><U132/><E119/><V35/><F35/><W42/><G42/><T133/><D133/><N who="1" m="51307" /><E107/><V77/><F73/><W45/><G75/><T94/><D121/><U9/><E103/><V33/><F33/><W127/><G79/><T117/><D117/><U95/><E9/><N who="2" m="4143" /><F128/><W11/><G127/><T102/><D25/><U116/><E116/><V10/><F10/><W88/><G91/><T47/><D6/><U101/><E80/><V2/><F2/><W46/><G50/><N who="0" m="18955" /><D3/><U115/><E101/><V54/><F54/><W83/><G83/><T130/><D47/><AGARI ba="0,0" hai="39,40,47,56,59,72,77,81" m="4143,41513" machi="47" ten="30,1000,0" yaku="14,1" doraHai="32" who="2" fromWho="0" sc="510,-10,26,0,275,10,189,0" /><INIT seed="4,0,0,1,4,1" ten="500,26,285,189" oya="0" hai0="24,90,70,8,55,117,30,28,7,72,6,25,42" hai1="19,113,33,20,61,40,107,31,18,65,131,62,15" hai2="78,45,48,105,11,53,134,46,91,104,3,93,52" hai3="64,125,132,26,69,92,14,27,114,109,99,77,44"/><T128/><D117/><U127/><E107/><V32/><F134/><W116/><G116/><T129/><D72/><U79/><E131/><N who="0" m="50249" /><D70/><U88/><E127/><V29/><F78/><W22/><G125/><T58/><D42/><U0/><E79/><V102/><F102/><W66/><G132/><T57/><D90/><U106/><E106/><V37/><F29/><N who="0" m="11370" /><D58/><U83/><E0/><V56/><F32/><W51/><G77/><T124/><D124/><U100/><E100/><V118/><F37/><W39/><G39/><T130/><N who="0" m="50257" /><T50/><DORA hai="49" /><D7/><U101/><E101/><V13/><F3/><AGARI ba="0,0" hai="3,6,8,24,25,50,55,57" m="11370,50257" machi="3" ten="40,7700,0" yaku="19,1,52,2" doraHai="1,49" who="0" fromWho="2" sc="500,77,26,0,285,-77,189,0" /><INIT seed="4,1,0,3,0,121" ten="577,26,208,189" oya="0" hai0="100,14,111,60,96,35,21,83,114,118,32,84,126" hai1="53,62,87,2,0,113,66,24,122,1,44,110,12" hai2="63,18,10,3,116,17,105,51,120,86,46,77,92" hai3="99,89,15,135,11,38,101,78,74,103,65,68,52"/><T129/><D118/><U56/><E122/><V34/><F120/><W88/><G38/><T25/><D114/><U47/><E113/><V107/><F34/><W69/><G135/><T42/><D129/><U72/><E72/><V59/><F116/><W20/><G20/><T108/><D42/><U19/><E24/><V16/><F3/><W75/><G52/><T81/><D14/><U43/><E66/><V23/><F10/><W27/><G27/><T80/><D84/><U30/><E30/><V54/><F107/><W104/><G103/><T119/><D119/><U67/><E87/><V8/><F8/><W55/><G55/><T133/><D126/><U106/><E106/><V61/><F105/><W29/><G29/><N who="0" m="17583" /><D60/><U9/><E67/><V73/><F73/><W28/><G28/><T64/><D64/><U132/><E132/><V33/><F33/><W13/><G74/><T125/><D125/><U102/><E102/><V131/><F131/><W127/><G13/><T26/><D26/><U134/><E134/><V48/><F23/><W6/><G127/><T71/><D71/><N who="3" m="27209" /><G65/><T36/><D36/><U49/><REACH who="1" step="1"/><E47/><REACH who="1" ten="577,16,208,189" step="2"/><V45/><F45/><W85/><G75/><T123/><D133/><U90/><E90/><N who="3" m="34922" /><G85/><T58/><D123/><U117/><E117/><V7/><F86/><W98/><G99/><T39/><D96/><U4/><E4/><V130/><F7/><W41/><G78/><T50/><D100/><U128/><E128/><V112/><F77/><W97/><G98/><T37/><D32/><U5/><E5/><V79/><F130/><W31/><G31/><RYUUKYOKU ba="1,1" sc="577,-15,16,15,208,-15,189,15" hai1="0,1,2,9,12,19,43,44,49,53,56,62,110" hai3="6,11,15,41,97,101,104" /><INIT seed="5,2,1,1,5,81" ten="562,31,193,204" oya="1" hai0="125,82,107,44,123,111,2,68,103,13,56,21,115" hai1="132,101,32,45,86,122,110,10,12,104,98,93,50" hai2="94,116,18,124,72,91,0,35,121,126,43,39,41" hai3="64,133,80,92,62,4,97,119,7,42,30,1,23"/><U75/><E122/><V55/><F121/><W74/><G42/><T114/><D123/><U134/><E32/><V3/><F116/><W15/><G1/><N who="2" m="585" /><F72/><W127/><G133/><T27/><D68/><U24/><E75/><V47/><F35/><W70/><G127/><N who="2" m="48681" /><F18/><W37/><G37/><T129/><D2/><U90/><E110/><V46/><F55/><W60/><G60/><T120/><D129/><U58/><E24/><V100/><F100/><W112/><G62/><T16/><D103/><U6/><REACH who="1" step="1"/><E58/><REACH who="1" ten="562,21,193,204" step="2"/><V19/><F19/><W78/><G74/><T9/><D56/><U5/><E5/><V83/><F83/><W89/><G7/><T102/><D82/><U40/><AGARI ba="2,2" hai="6,10,12,40,45,50,86,90,93,98,101,104,132,134" machi="40" ten="30,6000,0" yaku="1,1,0,1,52,1,53,0" doraHai="81" doraHaiUra="61" who="1" fromWho="1" sc="562,-22,21,86,193,-22,204,-22" /><INIT seed="5,3,0,3,4,25" ten="540,107,171,182" oya="1" hai0="76,92,98,99,116,58,57,48,17,45,51,96,16" hai1="47,124,55,1,5,65,38,102,8,56,3,52,131" hai2="80,90,24,33,123,44,122,62,126,84,67,103,117" hai3="0,21,130,30,129,46,59,110,64,121,6,40,43"/><U34/><E131/><N who="3" m="50186" /><G121/><T89/><D76/><U79/><E124/><V70/><F126/><W78/><G78/><T75/><D75/><U127/><E127/><V39/><F117/><W71/><G71/><T37/><D37/><U128/><E128/><V95/><F39/><W32/><G32/><T119/><D119/><U97/><E3/><V53/><F53/><W63/><G110/><T114/><D114/><U50/><E34/><V10/><F44/><W73/><G73/><T60/><D116/><U66/><E79/><V132/><F132/><W27/><G46/><T41/><D51/><U104/><REACH who="1" step="1"/><E38/><REACH who="1" ten="540,97,171,182" step="2"/><V101/><F123/><W134/><G134/><T18/><D60/><AGARI ba="3,1" hai="1,5,8,47,50,52,55,56,60,65,66,97,102,104" machi="60" ten="30,12000,1" yaku="1,1,2,1,7,1,54,1,53,1" doraHai="25" doraHaiUra="93" who="1" fromWho="0" sc="540,-129,97,139,171,0,182,0" /><INIT seed="5,4,0,5,2,109" ten="411,236,171,182" oya="1" hai0="63,107,26,126,115,42,25,80,52,92,59,116,72" hai1="2,131,95,132,67,19,83,61,9,6,128,118,4" hai2="110,101,90,133,18,31,13,135,10,23,11,97,43" hai3="54,89,16,17,78,34,130,14,113,71,114,41,21"/><U0/><E118/><V87/><F43/><W104/><G34/><T120/><D116/><U106/><E106/><V38/><F38/><W85/><G71/><T20/><D107/><U82/><E132/><N who="2" m="50763" /><F31/><W51/><G104/><T119/><D119/><U40/><E40/><V57/><F57/><W7/><G41/><T123/><D126/><U86/><E95/><N who="2" m="58559" /><F110/><W70/><G70/><T22/><D42/><U98/><E98/><V76/><F76/><W30/><G78/><T3/><D3/><U125/><E125/><V35/><F35/><W44/><G130/><T49/><D92/><AGARI ba="4,0" hai="10,11,13,18,23,87,90,92" m="58559,50763" machi="92" ten="30,1000,0" yaku="20,1" doraHai="109" who="2" fromWho="0" sc="411,-22,236,0,171,22,182,0" /><INIT seed="6,0,0,1,0,128" ten="389,236,193,182" oya="2" hai0="32,31,87,111,110,81,26,66,58,23,74,28,11" hai1="69,1,6,41,131,126,3,88,127,21,85,15,120" hai2="18,20,132,98,99,101,49,13,119,2,17,77,76" hai3="125,135,118,42,117,9,12,96,79,16,70,104,14"/><V64/><F132/><W123/><G70/><T89/><D74/><U95/><E131/><V122/><F122/><W115/><G123/><T113/><D113/><U80/><E120/><V36/><F119/><W5/><G79/><T10/><D32/><U75/><E69/><V59/><F36/><W116/><G42/><T86/><D31/><U103/><E41/><V78/><F2/><W65/><G65/><T25/><D25/><U93/><E93/><V40/><F101/><W46/><G46/><T68/><D68/><U63/><E63/><V27/><F64/><W55/><G55/><T47/><D47/><U33/><E33/><V71/><F71/><W102/><G115/><T37/><D37/><U44/><E44/><N who="2" m="25735" /><F59/><W0/><G125/><N who="1" m="47626" /><E6/><V91/><F91/><W30/><G30/><T82/><D111/><U57/><E57/><V72/><F72/><W62/><G62/><N who="0" m="38231" /><D110/><U48/><E48/><V34/><F34/><W114/><G114/><T107/><D107/><U92/><E75/><V129/><F129/><W124/><G124/><T53/><D53/><U45/><E45/><V83/><F83/><W108/><G108/><T121/><D121/><U112/><E112/><V52/><F52/><W105/><G105/><T38/><D38/><U134/><E103/><V7/><F7/><W43/><G43/><T133/><D82/><U60/><E60/><V24/><F24/><W35/><G35/><T22/><D26/><U19/><E3/><V109/><F109/><W54/><G54/><T56/><D81/><U97/><E1/><V94/><F94/><N who="1" m="35881" /><E97/><V106/><F106/><RYUUKYOKU ba="0,0" sc="389,-15,236,15,193,15,182,-15" hai1="15,19,21,80,85,88,134" hai2="13,17,18,20,27,76,77,78,98,99" /><INIT seed="6,1,0,4,1,115" ten="374,251,208,167" oya="2" hai0="125,6,15,93,130,79,19,90,134,57,83,31,102" hai1="67,21,133,122,7,28,68,72,124,123,51,8,18" hai2="121,76,94,39,81,110,42,55,63,112,117,106,54" hai3="33,58,4,108,98,132,87,128,89,49,36,50,114"/><V30/><F121/><N who="1" m="46089" /><E72/><V46/><F106/><W41/><G33/><T104/><D125/><U99/><E133/><V95/><F112/><W80/><G114/><T10/><D134/><U24/><E124/><V11/><F117/><W66/><G132/><T48/><D31/><U135/><E135/><V88/><F110/><W27/><G128/><T118/><D130/><U105/><E51/><V14/><F30/><W3/><G108/><T116/><D102/><N who="1" m="62687" /><E67/><V64/><F95/><W20/><G36/><T78/><D104/><U75/><E75/><V69/><F81/><W97/><G4/><T44/><D57/><U84/><E84/><V23/><F23/><W26/><G3/><T32/><D32/><U5/><E68/><V16/><REACH who="2" step="1"/><F76/><REACH who="2" ten="374,251,198,167" step="2"/><W40/><G20/><T119/><D83/><U59/><E28/><V61/><F61/><W127/><G80/><T70/><D79/><U73/><E21/><V52/><F52/><W38/><G127/><T43/><D78/><U120/><E120/><V2/><F2/><W111/><G111/><T109/><D109/><U113/><E113/><V60/><F60/><W77/><G77/><T86/><D70/><U25/><E73/><V12/><F12/><W13/><G13/><T92/><D92/><U71/><E24/><V35/><F35/><W126/><G27/><T100/><D100/><U62/><E25/><V53/><F53/><W107/><G26/><T85/><D85/><AGARI ba="1,1" hai="11,14,16,39,42,46,54,55,63,64,69,85,88,94" machi="85" ten="30,12000,1" yaku="1,1,7,1,54,2,53,1" doraHai="115" doraHaiUra="9" who="2" fromWho="0" sc="374,-123,251,0,198,133,167,0" /><INIT seed="6,2,0,2,2,109" ten="251,251,331,167" oya="2" hai0="7,110,83,15,114,128,12,76,104,55,113,94,72" hai1="20,41,5,79,90,118,111,81,77,39,112,4,63" hai2="96,121,67,54,117,130,44,38,92,37,68,134,11" hai3="35,22,57,75,70,30,18,82,125,80,107,135,6"/><V66/><F117/><W24/><G135/><T28/><D110/><U45/><E111/><V93/><F121/><W131/><G125/><T19/><D104/><U8/><E118/><V89/><F130/><W84/><G131/><T123/><D128/><U97/><E5/><V85/><F134/><W59/><G107/><T73/><D123/><U52/><E20/><V64/><F68/><W34/><G70/><T46/><D28/><U98/><E90/><V56/><F11/><W50/><G34/><T29/><D29/><U61/><E112/><N who="0" m="43113" /><D7/><U58/><E63/><V74/><F44/><W62/><G6/><T26/><D94/><U65/><E79/><V127/><F74/><W9/><G9/><T0/><D0/><U10/><E10/><V103/><REACH who="2" step="1"/><F127/><REACH who="2" ten="251,251,321,167" step="2"/><W133/><G75/><T115/><D73/><U78/><E8/><V99/><F99/><W122/><G133/><T129/><D129/><U27/><E97/><V32/><F32/><W51/><G122/><T71/><D71/><U1/><E98/><V40/><F40/><W23/><G35/><T88/><D115/><U119/><E119/><V101/><F101/><W31/><G84/><T53/><D46/><U25/><E4/><V95/><F95/><W14/><G80/><T105/><D72/><U126/><E1/><V120/><F120/><W13/><G82/><T47/><D83/><U91/><E126/><V3/><F3/><W48/><G57/><T116/><D116/><U69/><E78/><V124/><F124/><W60/><G59/><T43/><D76/><U86/><E77/><V100/><F100/><RYUUKYOKU ba="2,1" sc="251,-15,251,15,321,15,167,-15" hai1="25,27,39,41,45,52,58,61,65,69,81,86,91" hai2="37,38,54,56,64,66,67,85,89,92,93,96,103" /><INIT seed="6,3,1,5,2,26" ten="236,266,336,152" oya="2" hai0="5,16,92,18,14,20,89,77,25,107,74,67,63" hai1="30,132,3,113,75,91,84,47,109,127,6,71,49" hai2="24,51,108,50,122,37,131,56,15,79,135,103,44" hai3="95,8,86,123,27,53,115,32,70,39,78,31,88"/><V110/><F122/><W112/><G39/><T35/><D107/><U48/><E75/><V111/><F135/><W10/><G123/><T96/><D35/><U69/><E109/><V33/><F131/><W68/><G78/><T17/><D74/><U98/><E113/><N who="3" m="43594" /><G53/><T128/><D128/><U40/><E127/><V72/><F37/><W101/><G101/><T19/><D77/><U100/><E6/><V43/><F103/><W28/><G28/><T0/><D0/><U106/><E3/><V129/><F129/><W59/><G59/><N who="0" m="37375" /><D5/><U2/><E2/><V114/><F114/><W60/><G60/><T57/><D57/><U105/><E105/><V1/><F1/><W117/><G117/><T9/><AGARI ba="3,1" hai="9,14,16,17,18,19,20,25,89,92,96" m="37375" machi="9" ten="30,2000,0" yaku="8,1,54,1" doraHai="26" who="0" fromWho="0" sc="236,39,266,-8,336,-13,152,-8" /><INIT seed="7,0,0,3,1,121" ten="275,258,323,144" oya="3" hai0="71,11,16,106,47,50,103,70,132,61,56,62,84" hai1="54,130,39,44,72,40,48,90,99,127,2,86,23" hai2="68,21,128,31,1,46,37,76,120,129,14,83,134" hai3="78,88,95,38,123,111,96,116,15,34,24,75,59"/><W5/><G123/><T93/><D132/><U10/><E130/><N who="2" m="50283" /><F120/><W19/><G116/><T51/><D106/><U66/><E127/><V102/><F1/><W77/><G38/><T115/><D115/><U29/><E72/><V79/><F68/><W33/><G111/><T63/><D71/><U41/><E66/><V97/><F83/><W58/><G5/><T25/><D70/><U52/><E39/><V122/><F134/><W135/><G135/><T55/><D103/><U108/><E108/><V89/><F89/><W91/><G91/><N who="0" m="53479" /><D25/><U64/><E64/><V98/><F98/><W87/><G75/><T80/><D80/><U109/><E109/><V110/><F110/><W107/><G107/><T65/><D51/><N who="1" m="28775" /><E10/><V32/><F32/><W101/><G33/><T28/><D28/><U6/><E99/><V9/><F31/><W67/><G24/><T26/><D11/><U42/><E2/><V74/><F21/><AGARI ba="0,0" hai="16,21,26,47,50,55,56,61,62,63,65" m="53479" machi="21" ten="30,2000,0" yaku="8,1,54,1" doraHai="121" who="0" fromWho="2" sc="275,20,258,0,323,-20,144,0" owari="295,9.5,258,-14.2,303,40.3,144,-35.6" /></mjloggm>