<mjloggm ver="2.3"><GO type="169" lobby="0"/><UN n0="%6E%6F%73%75%6B%65" n1="%43%72%37" n2="%E3%83%A2%E3%83%AD%E3%83%98%E3%82%A4%E3%83%A4" n3="%E7%9B%AE%E5%8A%9B%36%30" dan="17,17,16,17" rate="2138.74,2213.51,2162.79,2162.93" sx="M,M,M,M"/><TAIKYOKU oya="0"/><INIT seed="0,0,0,2,0,59" ten="250,250,250,250" oya="0" hai0="43,16,109,51,45,9,35,92,49,129,118,81,105" hai1="87,114,22,64,47,2,100,69,6,134,121,98,85" hai2="104,72,124,79,112,86,58,25,132,31,53,61,97" hai3="0,15,38,73,76,115,83,113,102,111,125,10,95"/><T44/><D129/><U37/><E121/><V91/><F112/><W133/><G111/><T93/><D118/><U24/><E114/><V5/><F132/><W57/><G133/><T17/><D105/><U108/><E134/><V3/><F124/><W20/><G125/><T8/><D109/><U4/><E37/><V101/><F5/><W120/><G120/><T106/><D106/><U50/><E108/><V29/><F3/><W74/><G74/><T7/><D35/><U13/><E2/><V33/><F31/><W84/><G38/><T11/><D81/><U68/><E85/><V65/><F79/><W128/><G20/><T55/><REACH who="0" step="1"/><D7/><REACH who="0" ten="240,250,250,250" step="2"/><U90/><E4/><V48/><F72/><W122/><G128/><T78/><D78/><U75/><E75/><V80/><REACH who="2" step="1"/><F65/><REACH who="2" ten="240,250,240,250" step="2"/><W12/><G122/><T46/><D46/><U28/><E64/><V107/><F107/><W77/><G77/><T36/><D36/><U63/><E6/><V96/><F96/><W110/><G110/><T18/><AGARI ba="0,2" hai="8,9,11,16,17,18,43,44,45,49,51,55,92,93" machi="18" ten="30,11700,0" yaku="1,1,0,1,8,1,54,1,53,0" doraHai="59" doraHaiUra="99" who="0" fromWho="0" sc="240,137,250,-39,240,-39,250,-39" /><INIT seed="0,1,0,4,4,23" ten="377,211,201,211" oya="0" hai0="34,56,72,76,114,103,65,126,132,134,49,31,79" hai1="11,28,74,3,36,53,41,62,78,68,7,70,135" hai2="13,129,57,92,90,109,101,51,88,94,67,43,40" hai3="124,47,107,14,108,110,95,30,38,37,89,116,44"/><T71/><D114/><U46/><E135/><N who="0" m="51753" /><D126/><U121/><E121/><V58/><F101/><W33/><G107/><T122/><D122/><U59/><REACH who="1" step="1"/><E28/><REACH who="1" ten="377,201,201,211" step="2"/><V127/><F127/><W8/><G124/><T115/><D31/><U100/><E100/><V83/><F129/><W117/><G117/><T96/><D103/><U61/><E61/><V131/><F131/><W128/><G116/><T104/><D115/><U85/><E85/><V52/><F109/><W106/><G128/><T15/><D104/><U32/><E32/><V93/><F13/><W111/><G106/><T123/><D15/><U80/><AGARI ba="1,1" hai="3,7,11,36,41,46,53,59,62,68,70,74,78,80" machi="80" ten="30,8000,1" yaku="1,1,0,1,25,2,53,1" doraHai="23" doraHaiUra="105" who="1" fromWho="1" sc="377,-41,201,93,201,-21,211,-21" /><INIT seed="1,0,0,4,0,43" ten="336,294,180,190" oya="1" hai0="70,29,90,81,27,125,28,18,113,92,50,5,119" hai1="122,17,60,40,133,71,10,68,48,21,107,120,46" hai2="132,116,78,114,63,15,32,24,87,13,62,30,47" hai3="101,49,75,110,59,91,8,51,57,117,3,56,112"/><U11/><E107/><V42/><F116/><W1/><G112/><T134/><D113/><U121/><E133/><V128/><F114/><W69/><G69/><T105/><D105/><U93/><E93/><V84/><F132/><W135/><G110/><T73/><D134/><U95/><E95/><V111/><F111/><W96/><G75/><T89/><D125/><U129/><E129/><V14/><F128/><W0/><G91/><T97/><D70/><U2/><E2/><V33/><F33/><W123/><G123/><T80/><D5/><U64/><REACH who="1" step="1"/><E71/><REACH who="1" ten="336,284,180,190" step="2"/><V39/><REACH who="2" step="1"/><F87/><REACH who="2" ten="336,284,170,190" step="2"/><W77/><G135/><T127/><D119/><U76/><E76/><V6/><F6/><W36/><G77/><T79/><D79/><U45/><E45/><V131/><F131/><W86/><G117/><T126/><D126/><U58/><E58/><V94/><F94/><W61/><G86/><T38/><D92/><U35/><E35/><V74/><F74/><W37/><G59/><T102/><D73/><U4/><E4/><V9/><F9/><W54/><G57/><T20/><D127/><U103/><E103/><V12/><N who="2" m="3072" /><DORA hai="109" /><V41/><F41/><W108/><G56/><T52/><D102/><U53/><E53/><V55/><F55/><W100/><G54/><T26/><D52/><U83/><E83/><AGARI ba="0,2" hai="24,30,32,39,42,47,62,63,78,83,84" m="3072" machi="83" ten="50,3200,0" yaku="1,1,52,1,53,0" doraHai="43,109" doraHaiUra="118,16" who="2" fromWho="1" sc="336,0,284,-32,170,52,190,0" /><INIT seed="2,0,0,2,2,15" ten="336,252,222,190" oya="2" hai0="61,26,104,19,77,9,52,8,76,13,63,122,79" hai1="127,84,70,37,124,53,12,21,126,41,49,58,36" hai2="88,30,3,125,112,92,117,62,40,102,82,87,120" hai3="111,42,56,134,133,39,18,65,100,72,73,69,14"/><V129/><F3/><W99/><G69/><T96/><D122/><U71/><E84/><V57/><F120/><W74/><G111/><T89/><D26/><U20/><E20/><V80/><F112/><W10/><G42/><T54/><D9/><U103/><E103/><V48/><F117/><W132/><G39/><N who="1" m="14922" /><E21/><V101/><F129/><W46/><G46/><T85/><D96/><U59/><E12/><V105/><F125/><W93/><G56/><N who="1" m="21546" /><E41/><V7/><F7/><W75/><N who="3" m="18432" /><DORA hai="55" /><W43/><G43/><T128/><D104/><U67/><E67/><AGARI ba="0,0" hai="10,14,18,65,67,93,99,100,132,133,134" m="18432" machi="67" ten="80,5200,0" yaku="20,1,52,1" doraHai="15,55" who="3" fromWho="1" sc="336,0,252,-52,222,0,190,52" /><INIT seed="3,0,0,4,2,68" ten="336,200,222,242" oya="3" hai0="24,97,2,109,87,18,95,74,72,8,80,112,30" hai1="46,36,123,126,103,131,130,19,60,76,59,25,43" hai2="64,93,91,105,53,51,86,38,31,6,84,23,90" hai3="81,11,21,40,65,57,3,42,62,54,92,108,26"/><W35/><G35/><T10/><D109/><U39/><E76/><V61/><F105/><W63/><G108/><T133/><D133/><U75/><E75/><V27/><F6/><W121/><G121/><T79/><D112/><U135/><E123/><V102/><F38/><N who="1" m="14377" /><E103/><V67/><F102/><W94/><G81/><T107/><D107/><U28/><E19/><V17/><F31/><W45/><G3/><T13/><D10/><U9/><E9/><V132/><F61/><W77/><G77/><T134/><D134/><U71/><E135/><V100/><F100/><W122/><G11/><T55/><D2/><U7/><E7/><V85/><F132/><W37/><G42/><T5/><D18/><U117/><E71/><V104/><F104/><W129/><G122/><T111/><D95/><U119/><E126/><V127/><F127/><W34/><G34/><T88/><D97/><U20/><E46/><N who="2" m="27895" /><F85/><W113/><G113/><T82/><D74/><U83/><E43/><V22/><F23/><W96/><G96/><T78/><D78/><U99/><E99/><V16/><F17/><W69/><G129/><N who="1" m="49162" /><E83/><AGARI ba="0,0" hai="16,22,27,64,67,83,84,86,90,91,93" m="27895" machi="83" ten="30,2000,0" yaku="8,1,54,1" doraHai="68" who="2" fromWho="1" sc="336,0,200,-20,222,20,242,0" /><INIT seed="4,0,0,3,1,78" ten="336,180,242,242" oya="0" hai0="119,7,125,107,128,49,40,101,100,51,44,31,81" hai1="60,124,34,38,132,45,22,111,135,33,69,121,131" hai2="96,75,64,9,23,112,19,68,36,11,15,6,2" hai3="20,123,74,57,126,127,104,103,16,88,92,37,115"/><T13/><D119/><U67/><E121/><V86/><F75/><W82/><G115/><T72/><D31/><U26/><E111/><V0/><F36/><W18/><G37/><T113/><D113/><U73/><E73/><V35/><F35/><W8/><G123/><T55/><D125/><N who="3" m="47625" /><G104/><T32/><D32/><U108/><E108/><V27/><F112/><W91/><G8/><T77/><D128/><U12/><E12/><V83/><F96/><N who="3" m="59783" /><G57/><T85/><D72/><U70/><E69/><V122/><F122/><W21/><G21/><T98/><D98/><U17/><E131/><V117/><F117/><W4/><G4/><T134/><D134/><N who="1" m="51243" /><E124/><V50/><F50/><W61/><G61/><T97/><D97/><U63/><E60/><V80/><F86/><W79/><G18/><T56/><D107/><U120/><E120/><V59/><F68/><W84/><G74/><T76/><D76/><U109/><E109/><V41/><F41/><AGARI ba="0,0" hai="17,22,26,33,34,38,41,45,63,67,70" m="51243" machi="41" ten="30,1000,0" yaku="20,1" doraHai="78" who="1" fromWho="2" sc="336,0,180,10,242,-10,242,0" /><INIT seed="5,0,0,3,5,60" ten="336,190,232,242" oya="1" hai0="120,86,127,134,11,85,15,135,106,76,109,80,81" hai1="96,47,6,112,24,35,28,91,84,23,103,110,12" hai2="122,115,105,50,49,70,56,77,52,33,107,65,79" hai3="3,31,44,63,34,25,97,21,82,54,57,123,17"/><U55/><E112/><V121/><F33/><W104/><G123/><T22/><D109/><U94/><E110/><V90/><F115/><W48/><G3/><T124/><D22/><U69/><E69/><V118/><F118/><W87/><G97/><T114/><D114/><U9/><E35/><V130/><F130/><W59/><G104/><T98/><D120/><U30/><E47/><V20/><F20/><W41/><G59/><T117/><D117/><U83/><REACH who="1" step="1"/><E55/><REACH who="1" ten="336,180,232,242" step="2"/><V73/><F52/><W61/><G34/><T111/><D111/><U93/><E93/><V100/><F70/><W7/><G44/><T39/><D106/><U51/><E51/><V72/><F49/><W32/><G41/><T116/><D116/><U18/><AGARI ba="0,1" hai="6,9,12,18,23,24,28,30,83,84,91,94,96,103" machi="18" ten="20,12000,1" yaku="1,1,0,1,7,1,8,1,53,1" doraHai="60" doraHaiUra="99" who="1" fromWho="1" sc="336,-40,180,130,232,-40,242,-40" /><INIT seed="5,1,0,0,4,128" ten="296,310,192,202" oya="1" hai0="12,116,100,37,89,130,0,94,96,7,70,69,40" hai1="97,1,80,42,120,86,50,123,6,13,88,111,115" hai2="77,34,33,28,74,78,102,19,129,49,4,23,95" hai3="29,72,83,32,122,105,84,131,112,31,52,9,71"/><U48/><E1/><V67/><F129/><W21/><G122/><T35/><D130/><U2/><E2/><V133/><F4/><W16/><G32/><T110/><D35/><U117/><E117/><V27/><F33/><W61/><G131/><T58/><D110/><U124/><E111/><V85/><F74/><W45/><G105/><T11/><D116/><U62/><E115/><V98/><F67/><W57/><G72/><T18/><D58/><U65/><E124/><V101/><F101/><W106/><G106/><T135/><D135/><U8/><E97/><V46/><F85/><W63/><G112/><T93/><D40/><U104/><E104/><V90/><F102/><W55/><G9/><T75/><D37/><U73/><E73/><V119/><F119/><W87/><G84/><T5/><D5/><U113/><E113/><V125/><F125/><W44/><G71/><T68/><D75/><U99/><E99/><V3/><F3/><W15/><G63/><T41/><D41/><U134/><E134/><V76/><F133/><W91/><G55/><T118/><D118/><U56/><REACH who="1" step="1"/><E42/><REACH who="1" ten="296,300,192,202" step="2"/><V54/><REACH who="2" step="1"/><F34/><REACH who="2" ten="296,300,182,202" step="2"/><W47/><AGARI ba="1,2" hai="15,16,21,29,31,44,45,47,52,57,61,83,87,91" machi="47" ten="30,7900,0" yaku="0,1,8,1,54,2" doraHai="128" who="3" fromWho="3" sc="296,-21,300,-40,182,-21,202,102" /><INIT seed="6,0,0,5,2,26" ten="275,260,161,304" oya="2" hai0="69,22,55,80,81,110,121,88,34,66,23,42,128" hai1="48,119,83,95,29,74,75,108,133,90,103,60,72" hai2="109,51,105,20,45,131,78,93,41,98,54,70,127" hai3="16,96,5,126,10,122,84,114,11,135,15,50,17"/><V130/><F70/><W113/><G122/><T2/><D121/><U120/><E120/><V58/><F105/><W56/><G135/><T44/><D34/><U118/><E108/><V27/><F78/><W65/><G126/><T46/><D110/><U4/><E133/><V24/><F127/><W52/><G65/><T106/><D106/><U117/><E4/><V49/><F109/><W33/><G33/><T100/><D100/><U7/><E7/><V57/><F57/><W18/><G96/><T32/><D32/><U125/><E125/><V25/><REACH who="2" step="1"/><F20/><REACH who="2" ten="275,260,151,304" step="2"/><W14/><REACH who="3" step="1"/><G84/><REACH who="3" ten="275,260,151,294" step="2"/><T115/><D69/><U59/><E72/><V101/><AGARI ba="0,2" hai="24,25,27,41,45,49,51,54,58,93,98,101,130,131" machi="101" ten="30,6000,0" yaku="1,1,2,1,0,1,53,0" doraHai="26" doraHaiUra="76" who="2" fromWho="2" sc="275,-20,260,-20,151,80,294,-20" /><INIT seed="6,1,0,3,0,92" ten="255,240,231,274" oya="2" hai0="85,97,35,59,90,65,111,125,62,108,31,29,56" hai1="121,6,78,126,95,83,48,71,87,13,89,120,18" hai2="109,102,14,19,23,61,106,1,123,54,124,5,105" hai3="112,64,52,88,84,39,77,114,96,119,42,57,72"/><V79/><F123/><N who="1" m="47177" /><E71/><V99/><F124/><W51/><G119/><T122/><D125/><U58/><E6/><V66/><F109/><W9/><G72/><T4/><D122/><U3/><E3/><V44/><F79/><W110/><G110/><T107/><D4/><U38/><E38/><V36/><F106/><W12/><G64/><T16/><D111/><U10/><E126/><V60/><F5/><W104/><G39/><T74/><D74/><U34/><E34/><V46/><F1/><W91/><G42/><T2/><D2/><U116/><E116/><V27/><F36/><W30/><G30/><T100/><D108/><U118/><E118/><V131/><F131/><W115/><G77/><T49/><D35/><U22/><E10/><V117/><F117/><W20/><G20/><T25/><D49/><U75/><E58/><V33/><F54/><W17/><G84/><T0/><D59/><U101/><E101/><AGARI ba="1,0" hai="9,12,17,51,52,57,88,91,96,101,104,112,114,115" machi="101" ten="40,8000,1" yaku="15,1,11,1,52,1,54,2" doraHai="92" who="3" fromWho="1" sc="255,0,240,-83,231,0,274,83" /><INIT seed="7,0,0,4,4,48" ten="255,157,231,357" oya="3" hai0="64,6,22,4,134,127,27,72,38,16,116,118,33" hai1="89,110,40,28,74,34,68,79,20,13,112,87,55" hai2="66,120,111,80,21,88,30,51,25,57,12,133,131" hai3="58,95,41,62,106,26,107,97,115,53,69,70,132"/><W83/><G115/><T52/><D38/><U1/><E110/><V49/><F111/><W32/><G132/><T117/><D72/><U35/><E112/><V130/><F133/><W101/><G41/><T9/><D134/><U44/><E68/><V45/><F120/><W102/><G102/><T65/><D65/><U59/><E1/><V61/><F12/><W24/><G24/><T124/><D64/><U78/><E74/><V98/><F51/><W15/><G83/><T99/><D99/><U3/><E3/><V10/><F10/><W123/><G107/><T109/><D109/><U29/><E35/><V11/><F11/><W42/><G42/><T5/><D52/><U108/><E34/><V90/><F98/><W36/><G36/><T75/><D75/><U94/><E108/><V39/><F39/><W19/><G106/><T0/><D33/><U96/><E44/><V82/><F82/><W86/><G86/><T37/><D37/><U63/><E40/><N who="2" m="24743" /><F80/><W73/><G73/><T121/><D121/><U114/><E114/><V85/><F85/><W60/><G70/><T50/><D50/><U76/><REACH who="1" step="1"/><E87/><REACH who="1" ten="255,147,231,357" step="2"/><V54/><F131/><W92/><G69/><T91/><D0/><U103/><E103/><V93/><F130/><W23/><G101/><T125/><D118/><U104/><E104/><V77/><F77/><W67/><G32/><T129/><D117/><U56/><E56/><V14/><F90/><W81/><G58/><T105/><D91/><U31/><E31/><V18/><F88/><W100/><G123/><T17/><D105/><U113/><E113/><RYUUKYOKU ba="0,1" sc="255,-10,147,30,231,-10,357,-10" hai1="13,20,28,29,55,59,63,76,78,79,89,94,96" owari="245,4.5,177,-32.3,221,-17.9,357,45.7" /></mjloggm>