<mjloggm ver="2.3"><GO type="169" lobby="0"/><UN n0="%E8%8A%B1%E9%81%93%E6%A1%9C%E6%9C%A8" n1="%E3%83%91%E3%82%A1%E3%82%AF" n2="%E3%81%8B%E3%81%A5%E3%81%8D%EF%BC%B8%EF%BC%A9" n3="%E3%82%A8%E3%82%B9%E3%82%B1%E3%83%BC%2E" dan="16,18,18,17" rate="2132.62,2244.35,2168.57,2189.72" sx="M,M,M,M"/><TAIKYOKU oya="0"/><INIT seed="0,0,0,2,4,112" ten="250,250,250,250" oya="0" hai0="19,25,42,54,134,98,14,63,124,8,5,59,38" hai1="60,81,70,103,15,50,75,106,29,102,26,51,13" hai2="79,47,122,119,30,32,86,39,67,1,18,20,89" hai3="16,65,71,45,34,43,82,123,37,99,0,107,109"/><T40/><D134/><U83/><E70/><V44/><F122/><W55/><G0/><T9/><D124/><U100/><E106/><V35/><F1/><W52/><G34/><T129/><D129/><U3/><E3/><V105/><F105/><W131/><G123/><T12/><D38/><U36/><E60/><V132/><F132/><W6/><G6/><T85/><D98/><U10/><E36/><V28/><F67/><W101/><G131/><T49/><D85/><U93/><E93/><V31/><F79/><W27/><G109/><T92/><D92/><U57/><E75/><V22/><F39/><W113/><G113/><T128/><D128/><U135/><E15/><V17/><F35/><W116/><G116/><T4/><REACH who="0" step="1"/><D49/><REACH who="0" ten="240,250,250,250" step="2"/><U97/><E97/><V120/><F120/><W58/><G37/><T133/><D133/><U91/><E50/><V77/><F86/><W104/><G99/><T117/><D117/><U53/><E135/><V62/><F119/><W69/><G104/><T73/><D73/><U87/><E83/><V121/><F121/><W88/><G82/><T46/><D46/><U23/><REACH who="1" step="1"/><E102/><REACH who="1" ten="240,240,250,250" step="2"/><V114/><F114/><W72/><G101/><T108/><D108/><U126/><E126/><V94/><F94/><W68/><G107/><T130/><D130/><U96/><E96/><V48/><F48/><W110/><G72/><T64/><D64/><U80/><E80/><V11/><F44/><W74/><G45/><T78/><D78/><U84/><E84/><V115/><F47/><W76/><G74/><T33/><D33/><U2/><E2/><RYUUKYOKU ba="0,2" sc="240,15,240,15,250,-15,250,-15" hai0="4,5,8,9,12,14,19,25,40,42,54,59,63" hai1="10,13,23,26,29,51,53,57,81,87,91,100,103" /><INIT seed="0,1,2,0,3,33" ten="255,255,235,235" oya="0" hai0="7,70,85,22,34,60,64,8,94,90,36,102,12" hai1="92,42,117,75,97,105,71,68,0,95,17,98,30" hai2="132,63,128,103,72,55,93,51,131,25,44,50,110" hai3="88,101,32,104,127,37,67,78,81,26,62,130,126"/><T47/><D34/><U121/><E75/><V18/><F72/><N who="3" m="43207" /><G130/><N who="2" m="49705" /><F110/><W45/><G88/><T120/><D120/><U99/><E117/><V29/><F18/><W134/><G134/><T57/><D102/><U61/><E105/><V66/><F132/><W23/><G62/><T80/><D22/><U21/><E30/><V108/><F108/><W13/><G13/><T116/><D116/><U106/><E106/><V89/><F103/><W53/><G67/><T84/><D70/><U1/><E42/><V79/><F79/><W73/><G73/><T86/><D36/><U109/><E121/><V69/><F50/><W129/><G129/><T118/><D118/><U14/><E109/><V82/><F82/><W77/><G77/><T41/><REACH who="0" step="1"/><D80/><REACH who="0" ten="245,255,235,235" step="2"/><U74/><E71/><V107/><F107/><W52/><G32/><T38/><AGARI ba="1,3" hai="7,8,12,38,41,47,57,60,64,84,85,86,90,94" machi="38" ten="20,7800,0" yaku="1,1,2,1,0,1,7,1,53,0" doraHai="33" doraHaiUra="76" who="0" fromWho="0" sc="245,111,255,-27,235,-27,235,-27" /><INIT seed="0,2,0,1,1,86" ten="356,228,208,208" oya="0" hai0="117,110,23,67,32,3,28,130,111,118,102,11,88" hai1="112,79,41,40,34,36,113,125,50,135,31,87,14" hai2="8,97,59,18,12,60,70,62,119,134,39,65,105" hai3="29,133,4,94,91,74,82,84,101,89,116,100,25"/><T71/><D102/><U24/><E36/><V10/><F134/><W26/><G116/><T63/><D32/><U93/><E125/><V80/><F39/><W16/><G133/><T61/><D130/><U92/><E135/><V51/><F119/><W120/><G120/><T37/><D37/><U52/><E14/><V1/><F51/><W72/><G4/><T45/><D45/><U49/><E49/><V13/><F80/><W47/><G47/><T35/><D35/><U21/><E34/><V46/><F46/><W68/><G68/><T2/><D28/><U83/><E93/><V77/><F77/><W124/><G124/><T19/><D63/><U54/><E92/><V103/><F1/><W22/><G72/><T42/><D42/><N who="1" m="16491" /><E50/><V81/><F81/><W106/><G106/><T76/><D3/><U75/><E75/><V127/><F127/><W7/><G7/><T98/><D11/><U115/><AGARI ba="2,0" hai="21,24,31,52,54,79,83,87,112,113,115" m="16491" machi="115" ten="40,2700,0" yaku="11,1,54,1" doraHai="86" who="1" fromWho="1" sc="356,-15,228,33,208,-9,208,-9" /><INIT seed="1,0,0,4,1,77" ten="341,261,199,199" oya="1" hai0="85,8,128,4,65,22,63,58,9,79,83,125,52" hai1="127,2,10,73,62,1,13,133,126,51,87,57,37" hai2="101,92,111,84,50,49,59,94,53,5,135,105,6" hai3="102,96,68,27,3,47,88,97,108,71,107,95,0"/><U117/><E37/><V55/><F111/><W98/><G108/><T129/><D125/><N who="1" m="47627" /><E73/><V75/><F75/><W70/><G97/><T20/><D9/><U23/><E117/><V15/><F135/><W69/><N who="3" m="17408" /><DORA hai="35" /><W124/><G124/><T41/><D41/><U42/><E23/><V18/><F105/><W39/><REACH who="3" step="1"/><G27/><REACH who="3" ten="341,261,199,189" step="2"/><T36/><D36/><U26/><E26/><V90/><F101/><W80/><G80/><T24/><D24/><U91/><E133/><V38/><F94/><W19/><G19/><T81/><D81/><N who="1" m="49647" /><E42/><AGARI ba="0,1" hai="0,3,39,42,47,88,95,96,98,102,107" m="17408" machi="42" ten="70,8000,1" yaku="1,1,52,2,54,1,53,0" doraHai="77,35" doraHaiUra="112,116" who="3" fromWho="1" sc="341,0,261,-80,199,0,189,90" /><INIT seed="2,0,0,3,1,119" ten="341,181,199,279" oya="2" hai0="48,44,85,32,6,27,115,42,102,21,63,53,56" hai1="8,43,123,96,106,135,126,114,19,111,101,40,23" hai2="95,127,41,24,58,134,82,70,46,29,64,100,49" hai3="51,0,59,97,25,36,124,131,88,66,79,7,54"/><V3/><F3/><W86/><G36/><T132/><D132/><U83/><E135/><V2/><F2/><W39/><G39/><T92/><D115/><U28/><E114/><V4/><F134/><W74/><G74/><T20/><D32/><U91/><E111/><V13/><F127/><W90/><G124/><T84/><D6/><U121/><E28/><V112/><F70/><W73/><G73/><T77/><D77/><U89/><E8/><V122/><F112/><W14/><G131/><T57/><D20/><U67/><E67/><V17/><F4/><W62/><G0/><T55/><D102/><U1/><E1/><V45/><F45/><W18/><G25/><T30/><REACH who="0" step="1"/><D92/><REACH who="0" ten="331,181,199,279" step="2"/><U72/><E126/><V75/><F100/><W120/><G7/><T93/><D93/><U33/><E33/><V133/><F133/><W38/><G79/><T87/><D87/><N who="1" m="50431" /><E91/><V11/><F95/><W104/><G90/><T15/><D15/><N who="1" m="9727" /><E72/><V61/><F75/><W98/><G88/><T105/><D105/><U125/><E125/><V9/><F9/><W60/><G86/><T129/><D129/><U22/><E22/><V69/><F82/><W5/><G104/><T68/><D68/><U37/><E37/><AGARI ba="0,1" hai="21,27,30,37,42,44,48,53,55,56,57,63,84,85" machi="37" ten="30,3900,0" yaku="1,1,7,1,53,1" doraHai="119" doraHaiUra="26" who="0" fromWho="1" sc="331,49,181,-39,199,0,279,0" /><INIT seed="3,0,0,2,0,58" ten="380,142,199,279" oya="3" hai0="4,69,8,34,13,54,133,89,101,82,135,126,114" hai1="50,117,84,95,120,65,77,59,129,46,6,38,110" hai2="131,97,25,57,87,71,96,43,42,1,102,112,63" hai3="107,33,78,21,86,47,83,64,123,121,100,55,128"/><W53/><G33/><T32/><D126/><U3/><E120/><V75/><F75/><W118/><G118/><T29/><D114/><U93/><E110/><V9/><F112/><W130/><G107/><T28/><D69/><U79/><E38/><V103/><F71/><W48/><G100/><T49/><D101/><U7/><E129/><N who="3" m="49770" /><G64/><T14/><D14/><U44/><E59/><V72/><F72/><W15/><G55/><T116/><D116/><U76/><E65/><V10/><F131/><W92/><G92/><N who="1" m="35402" /><E3/><V132/><F132/><N who="0" m="50762" /><D89/><U109/><E109/><V17/><F1/><W11/><G21/><T20/><D82/><U111/><E111/><V2/><F2/><W81/><G83/><T80/><D80/><U40/><E117/><V51/><F103/><W52/><G53/><T90/><D90/><U56/><E84/><V26/><F87/><W119/><G119/><T19/><D34/><U16/><E40/><V108/><F102/><W125/><G125/><T23/><D32/><U67/><E67/><V85/><F85/><W134/><G134/><T60/><D23/><U31/><E79/><V73/><F73/><W36/><G36/><T99/><D99/><U122/><E77/><V30/><F97/><W104/><G104/><T115/><D20/><U39/><E39/><V66/><F96/><W70/><G70/><T91/><D91/><U24/><E76/><V12/><F108/><W18/><AGARI ba="0,0" hai="11,15,18,47,48,52,78,81,86,121,123" m="49770" machi="18" ten="30,3000,0" yaku="19,1,54,1" doraHai="58" who="3" fromWho="3" sc="380,-10,142,-10,199,-10,279,30" /><INIT seed="3,1,0,0,5,86" ten="370,132,189,309" oya="3" hai0="55,44,133,21,69,80,12,64,117,111,107,83,126" hai1="30,1,32,123,130,91,106,56,14,77,47,79,28" hai2="15,31,67,134,37,18,66,129,85,103,33,84,39" hai3="52,90,92,17,98,19,3,51,125,2,68,9,73"/><W35/><G68/><T70/><D111/><U29/><E1/><V105/><F129/><W115/><G35/><T96/><D117/><U8/><E123/><V100/><F134/><W132/><G73/><T46/><D126/><U7/><E32/><V38/><F31/><W97/><G115/><T76/><D133/><U16/><E106/><V57/><F33/><W116/><G132/><T50/><D64/><U119/><E130/><V93/><F105/><W131/><G116/><T78/><D96/><U127/><E127/><V59/><F15/><W95/><G125/><T71/><D107/><U87/><E7/><V128/><F93/><W6/><G3/><T72/><D46/><U94/><E119/><V11/><F11/><W65/><G65/><N who="2" m="24585" /><F18/><W135/><G131/><T22/><REACH who="0" step="1"/><D12/><REACH who="0" ten="360,132,189,309" step="2"/><U99/><E47/><V108/><F108/><W24/><G135/><T60/><D60/><U23/><E56/><N who="2" m="21579" /><F128/><W61/><G61/><T27/><D27/><U49/><E49/><V0/><F0/><W45/><REACH who="3" step="1"/><G24/><REACH who="3" ten="360,132,189,299" step="2"/><T81/><D81/><N who="1" m="49647" /><E8/><V102/><AGARI ba="1,2" hai="37,38,39,84,85,100,102,103" m="21579,24585" machi="102" ten="40,2700,0" yaku="28,2" doraHai="86" who="2" fromWho="2" sc="360,-8,132,-8,189,50,299,-14" /><INIT seed="4,0,0,4,5,40" ten="352,124,239,285" oya="0" hai0="47,134,68,17,84,86,7,16,63,38,91,73,118" hai1="25,69,80,81,52,112,95,109,42,12,111,41,122" hai2="18,77,131,37,126,20,108,133,60,43,29,51,129" hai3="90,98,116,21,56,67,61,0,55,57,83,19,50"/><T89/><D118/><U128/><E122/><V26/><F108/><W33/><G116/><T62/><D73/><U71/><E12/><V30/><F37/><W103/><G33/><T104/><D104/><U87/><E95/><V132/><F77/><W107/><G0/><T85/><D134/><N who="2" m="51818" /><F60/><W101/><G107/><T72/><D72/><U31/><E128/><N who="2" m="49227" /><F51/><W82/><G82/><T53/><D7/><U15/><E81/><V11/><F43/><W100/><G83/><T6/><D6/><U66/><E111/><V35/><F11/><W58/><G90/><N who="0" m="34315" /><D38/><U46/><E109/><V106/><F106/><W125/><G98/><T76/><D68/><U28/><E69/><V123/><F123/><W5/><G57/><T1/><D76/><U75/><E75/><V13/><F30/><W97/><G61/><N who="0" m="23051" /><D1/><U8/><E71/><V94/><F94/><W48/><G48/><AGARI ba="0,0" hai="16,17,47,48,53,84,85,86" m="23051,34315" machi="48" ten="30,5800,0" yaku="8,1,52,1,54,1" doraHai="40" who="0" fromWho="3" sc="352,58,124,0,239,0,285,-58" /><INIT seed="4,1,0,4,1,52" ten="410,124,239,227" oya="0" hai0="120,12,91,99,64,63,62,15,75,65,43,129,98" hai1="84,69,13,71,10,127,105,53,54,32,16,21,90" hai2="25,49,45,67,111,55,117,70,135,124,2,50,37" hai3="58,66,106,130,74,121,41,80,82,132,38,85,44"/><T26/><D120/><U107/><E32/><V110/><F2/><W4/><G106/><T93/><D129/><U51/><E127/><V86/><F25/><W134/><G130/><T36/><D75/><U100/><E54/><V113/><F86/><W92/><G121/><T122/><D122/><U123/><E123/><V115/><F124/><W119/><G119/><T102/><D36/><U97/><E107/><V68/><F135/><N who="3" m="51755" /><G4/><T95/><D43/><U34/><E34/><V56/><F37/><W31/><G31/><T42/><D42/><U9/><E9/><V131/><F117/><W39/><G39/><T61/><D26/><U83/><REACH who="1" step="1"/><E21/><REACH who="1" ten="410,114,239,227" step="2"/><V96/><F131/><W112/><G112/><N who="2" m="43081" /><F67/><AGARI ba="1,1" hai="12,15,61,62,63,64,65,67,91,93,95,98,99,102" machi="67" ten="40,2000,0" yaku="8,1" doraHai="52" who="0" fromWho="2" sc="410,33,114,0,239,-23,227,0" /><INIT seed="4,2,0,4,2,135" ten="443,114,216,227" oya="0" hai0="31,78,79,65,23,57,104,41,44,42,90,124,17" hai1="80,7,11,64,33,75,113,133,120,115,63,82,84" hai2="8,1,76,14,116,39,59,98,89,107,69,4,126" hai3="60,9,101,85,131,50,22,68,66,95,49,91,88"/><T123/><D123/><U74/><E120/><V67/><F116/><W16/><G131/><T129/><D104/><U56/><E133/><V97/><F39/><W105/><G9/><T122/><D129/><U13/><E33/><V0/><F69/><W24/><REACH who="3" step="1"/><G91/><REACH who="3" ten="443,114,216,217" step="2"/><T77/><D90/><U53/><E64/><V127/><F89/><W12/><G12/><T132/><D65/><U81/><REACH who="1" step="1"/><E84/><REACH who="1" ten="443,104,216,217" step="2"/><V40/><F67/><W26/><G26/><T46/><D122/><U117/><E117/><V100/><F98/><AGARI ba="2,2" hai="16,22,24,49,50,60,66,68,85,88,95,98,101,105" machi="98" ten="40,5200,0" yaku="1,1,54,2,53,0" doraHai="135" doraHaiUra="114" who="3" fromWho="2" sc="443,0,104,0,216,-58,217,78" /><INIT seed="5,0,0,0,2,81" ten="443,104,158,295" oya="1" hai0="86,69,50,76,94,102,46,77,119,98,92,97,7" hai1="58,125,5,70,56,43,84,4,107,117,116,108,47" hai2="123,0,129,17,120,105,60,112,73,13,113,34,9" hai3="16,15,131,134,80,10,61,36,103,57,83,115,75"/><U90/><E70/><V126/><F73/><W53/><G36/><T33/><D119/><U68/><E68/><V19/><F105/><W22/><G115/><N who="2" m="44105" /><F60/><W109/><G109/><T78/><D33/><U74/><E107/><V59/><F59/><W127/><G127/><T3/><D69/><U28/><E74/><V133/><F126/><W128/><G134/><T30/><D30/><U37/><E125/><V121/><F34/><W118/><G118/><T72/><D72/><U31/><E108/><V64/><F64/><W79/><G103/><T12/><D3/><U21/><E117/><V54/><F54/><W93/><G93/><T45/><D50/><N who="1" m="27007" /><E116/><V122/><F133/><W82/><G10/><T55/><D55/><U110/><E37/><V24/><N who="2" m="30720" /><DORA hai="23" /><V32/><F0/><W96/><G96/><T66/><D66/><U106/><E106/><V63/><F63/><W100/><G100/><T38/><D38/><U20/><E110/><V44/><F44/><W2/><G2/><T1/><D1/><U42/><E42/><V91/><F91/><W40/><G40/><T41/><D41/><U6/><E58/><V87/><F129/><AGARI ba="0,0" hai="15,16,22,53,57,61,75,79,80,82,83,128,129,131" machi="129" ten="40,2600,0" yaku="19,1,54,1" doraHai="81,23" who="3" fromWho="2" sc="443,0,104,0,158,-26,295,26" /><INIT seed="6,0,0,0,1,11" ten="443,104,132,321" oya="2" hai0="106,42,128,107,80,51,18,57,79,73,45,26,27" hai1="14,8,36,33,93,83,21,7,65,124,97,39,113" hai2="115,58,100,98,46,123,121,68,2,87,15,91,95" hai3="31,44,84,29,114,102,17,133,101,120,41,60,82"/><V135/><F2/><W76/><G120/><T105/><D128/><U78/><E33/><V72/><F68/><W47/><G133/><T75/><D75/><U122/><E113/><V16/><F72/><W109/><G109/><T9/><D9/><U49/><E124/><V64/><F46/><W0/><G0/><T62/><REACH who="0" step="1"/><D18/><REACH who="0" ten="433,104,132,321" step="2"/><U104/><E122/><V71/><F135/><W126/><G126/><T37/><D37/><U19/><E39/><V134/><F134/><W43/><G114/><T30/><D30/><U99/><E36/><V81/><F115/><W56/><G17/><T12/><D12/><U53/><E104/><V74/><F74/><W96/><G29/><T129/><D129/><U119/><E119/><V130/><F130/><W70/><G31/><T50/><D50/><U48/><E8/><V10/><REACH who="2" step="1"/><F71/><REACH who="2" ten="433,104,122,321" step="2"/><W24/><G70/><T116/><D116/><U127/><E127/><V6/><F6/><W22/><G44/><T132/><D132/><U61/><E7/><V20/><F20/><W66/><G47/><T25/><D25/><U85/><E21/><V52/><F52/><AGARI ba="0,2" hai="26,27,42,45,51,52,57,62,73,79,80,105,106,107" machi="52" ten="40,5200,0" yaku="1,1,54,1,53,1" doraHai="11" doraHaiUra="38" who="0" fromWho="2" sc="433,72,104,0,122,-52,321,0" /><INIT seed="7,0,0,2,1,125" ten="505,104,70,321" oya="3" hai0="13,52,53,32,105,5,118,81,101,60,26,72,8" hai1="10,43,76,37,65,114,95,73,41,48,99,2,75" hai2="117,90,33,103,40,129,44,97,21,11,91,122,58" hai3="130,1,20,87,121,134,18,24,100,68,56,133,42"/><W123/><G68/><T12/><D118/><U55/><E114/><V35/><F117/><W78/><G1/><T6/><D105/><U29/><E29/><V57/><F122/><W83/><G100/><T31/><D101/><U38/><E65/><V93/><F33/><W16/><G42/><T113/><D113/><U7/><E43/><V107/><F35/><W23/><G56/><T15/><D60/><U64/><E64/><V108/><F108/><W30/><G130/><T112/><D112/><U47/><E76/><V84/><F11/><W14/><REACH who="3" step="1"/><G30/><REACH who="3" ten="505,104,70,311" step="2"/><T22/><D31/><U124/><E124/><V96/><F129/><W82/><G82/><T131/><D131/><U98/><E38/><V39/><REACH who="2" step="1"/><F21/><REACH who="2" ten="505,104,60,311" step="2"/><W106/><G106/><T45/><D45/><U109/><E109/><V77/><F77/><W50/><G50/><T126/><D81/><AGARI ba="0,2" hai="39,40,44,57,58,81,84,90,91,93,96,97,103,107" machi="81" ten="30,7700,0" yaku="1,1,7,1,53,2" doraHai="125" doraHaiUra="85" who="2" fromWho="0" sc="505,-77,104,0,60,97,311,0" owari="428,52.8,104,-39.6,157,-24.3,311,11.1" /></mjloggm>