<mjloggm ver="2.3"><GO type="169" lobby="0"/><UN n0="%E3%81%95%E3%81%8B%E3%81%8D" n1="%E5%A4%9A%E6%91%A9%E3%82%BD%E3%83%BC%E3%82%B8" n2="%31%35%2E%31%35%63%6D" n3="%E6%9E%95%E9%AD%9A" dan="17,17,18,16" rate="2225.90,2225.02,2306.80,2105.32" sx="M,M,M,F"/><TAIKYOKU oya="0"/><INIT seed="0,0,0,2,0,48" ten="250,250,250,250" oya="0" hai0="121,107,110,6,40,73,16,11,45,115,104,116,60" hai1="120,43,135,59,44,99,128,81,32,80,101,51,129" hai2="17,71,53,23,63,62,30,70,38,82,119,66,46" hai3="122,35,95,100,18,58,89,42,105,37,77,5,9"/><T134/><D115/><U125/><E120/><V28/><F119/><W27/><G77/><T36/><D121/><U84/><E32/><V130/><F130/><W108/><G100/><T74/><D116/><U94/><E135/><V117/><F117/><W8/><G105/><T98/><D134/><U131/><E125/><V0/><F0/><W87/><G37/><T25/><D110/><U124/><E124/><V85/><F38/><W4/><G42/><T56/><D73/><U31/><E31/><V102/><F102/><W79/><G79/><T1/><D98/><U86/><E59/><V90/><F46/><W41/><G41/><T75/><D74/><U88/><REACH who="1" step="1"/><E84/><REACH who="1" ten="250,240,250,250" step="2"/><V111/><F111/><W19/><G35/><T39/><D75/><U133/><E133/><V57/><REACH who="2" step="1"/><F70/><REACH who="2" ten="250,240,240,250" step="2"/><W50/><G108/><T10/><D39/><U83/><AGARI ba="0,2" hai="43,44,51,80,81,83,86,88,94,99,101,128,129,131" machi="83" ten="40,12000,2" yaku="1,1,0,1,19,1,54,1,53,3" doraHai="48" doraHaiUra="78" who="1" fromWho="1" sc="250,-60,240,140,240,-30,250,-30" /><INIT seed="1,0,0,0,3,127" ten="190,380,210,220" oya="1" hai0="83,94,17,121,96,93,31,90,133,53,59,8,71" hai1="78,119,65,33,27,89,124,64,100,29,108,70,32" hai2="7,5,40,25,101,95,82,115,86,66,109,35,110" hai3="75,126,47,19,135,15,77,13,61,60,69,42,30"/><U67/><E119/><V49/><F115/><W63/><G126/><T38/><D71/><U122/><E124/><V112/><F112/><W12/><G69/><T81/><D38/><U0/><E122/><V37/><F37/><W4/><G30/><T84/><D133/><U1/><E70/><V106/><F106/><W34/><G34/><T104/><D104/><U134/><E134/><V80/><F66/><W21/><G135/><T87/><D31/><U54/><E33/><V20/><F35/><W43/><G75/><T48/><D121/><U118/><E118/><V16/><F82/><W79/><G4/><T36/><D36/><U46/><E108/><N who="2" m="41579" /><F95/><W113/><G113/><T73/><D73/><U57/><E46/><N who="2" m="25799" /><F101/><W41/><G47/><T107/><D107/><U45/><E45/><V44/><F44/><W114/><G114/><T56/><D56/><U10/><E100/><V55/><F55/><W68/><G68/><T129/><D96/><U97/><E78/><AGARI ba="0,0" hai="5,7,16,20,25,78,80,86" m="25799,41579" machi="78" ten="30,2000,0" yaku="14,1,54,1" doraHai="127" who="2" fromWho="1" sc="190,0,380,-20,210,20,220,0" /><AGARI ba="0,0" hai="12,13,15,19,21,41,42,43,60,61,63,77,78,79" machi="78" ten="40,1300,0" yaku="8,1" doraHai="127" who="3" fromWho="1" sc="190,0,360,-13,230,0,220,13" /><INIT seed="2,0,0,1,3,112" ten="190,347,230,233" oya="2" hai0="7,82,21,3,108,120,47,24,118,42,81,134,13" hai1="51,62,131,75,89,94,37,127,113,92,86,14,76" hai2="97,4,34,88,65,125,33,6,22,16,115,26,56" hai3="15,61,95,40,114,122,20,58,54,55,130,48,38"/><V46/><F115/><W64/><G122/><T119/><D120/><U66/><E37/><V41/><F125/><W71/><G114/><T27/><D3/><U31/><E113/><V124/><F124/><W80/><G130/><T29/><D108/><U78/><E127/><V129/><F129/><W53/><G80/><T1/><D1/><U107/><E107/><V85/><F97/><W121/><G95/><T99/><D99/><U52/><E131/><V101/><F101/><W30/><G121/><T23/><D13/><U74/><E31/><V109/><F109/><W45/><REACH who="3" step="1"/><G15/><REACH who="3" ten="190,347,230,223" step="2"/><T72/><D72/><U90/><E74/><V59/><F34/><W36/><G36/><T57/><D134/><U105/><E75/><V69/><F33/><W68/><G68/><T67/><D82/><U100/><E14/><V73/><F69/><W50/><G50/><T106/><D81/><U132/><E132/><V63/><F73/><W35/><G35/><T28/><D106/><U79/><E105/><V96/><F96/><W9/><G9/><T49/><D7/><U32/><E32/><V117/><F117/><W103/><G103/><T19/><D19/><U91/><E100/><V135/><F135/><W133/><G133/><T17/><D17/><U43/><E94/><N who="2" m="54543" /><F59/><W128/><G128/><T102/><D102/><U39/><E39/><V116/><F116/><W2/><G2/><T110/><D110/><U111/><E111/><V126/><F126/><W8/><G8/><T12/><D12/><U44/><E92/><V98/><F98/><W70/><G70/><T11/><D11/><RYUUKYOKU ba="0,1" sc="190,10,347,-30,230,10,223,10" hai0="21,23,24,27,28,29,42,47,49,57,67,118,119" hai2="4,6,16,22,26,41,46,56,63,65" hai3="20,30,38,40,45,48,53,54,55,58,61,64,71" /><INIT seed="2,1,1,0,5,111" ten="200,317,240,233" oya="2" hai0="102,11,9,135,120,113,18,51,60,37,7,23,71" hai1="13,106,1,89,17,38,82,90,47,127,35,88,41" hai2="103,67,79,81,126,72,30,56,20,92,3,57,117" hai3="134,107,22,15,116,49,54,74,62,129,104,53,131"/><V4/><F117/><W21/><G116/><T31/><D37/><U132/><E1/><V97/><F126/><W39/><G39/><T33/><D120/><U42/><E35/><V128/><F128/><N who="3" m="49227" /><G74/><T19/><D51/><U95/><E106/><V76/><F76/><W124/><G134/><T70/><D102/><U73/><E132/><V115/><F3/><W122/><G122/><T34/><D60/><U91/><E127/><V114/><F4/><W105/><G124/><T77/><D77/><U68/><E68/><V123/><F123/><W5/><G62/><T36/><D36/><U110/><E110/><V100/><F100/><W130/><G53/><T64/><D64/><U78/><E41/><V8/><F8/><N who="3" m="4495" /><G130/><T65/><D65/><U99/><REACH who="1" step="1"/><E91/><REACH who="1" ten="200,307,240,233" step="2"/><V63/><F57/><AGARI ba="1,2" hai="21,22,49,54,57,104,105,107" m="4495,49227" machi="57" ten="40,1300,0" yaku="19,1" doraHai="111" who="3" fromWho="2" sc="200,0,307,0,240,-16,233,36" /><INIT seed="3,0,0,3,2,71" ten="200,307,224,269" oya="3" hai0="134,58,84,60,89,54,92,114,10,2,70,131,41" hai1="4,57,38,68,66,21,12,73,119,109,51,132,110" hai2="50,24,13,29,78,53,86,34,72,17,102,5,126" hai3="85,105,118,67,8,129,103,16,83,0,36,27,45"/><W19/><G118/><T91/><D131/><U74/><E119/><V18/><F72/><W82/><G129/><T113/><D134/><U6/><E132/><V20/><F126/><W79/><G67/><T125/><D125/><U56/><E38/><V25/><F102/><W135/><G135/><T46/><D70/><U115/><E115/><V40/><F40/><W101/><G105/><T99/><D2/><U93/><E93/><V62/><F62/><W59/><G59/><N who="1" m="22602" /><E51/><V111/><F111/><N who="1" m="42505" /><E21/><V75/><F75/><N who="1" m="28681" /><E12/><V7/><F86/><W31/><G36/><T112/><D10/><U44/><E44/><V124/><F124/><W130/><G45/><T33/><D33/><U117/><E117/><V94/><F94/><W22/><G130/><T47/><REACH who="0" step="1"/><D41/><REACH who="0" ten="190,307,224,269" step="2"/><U61/><AGARI ba="0,1" hai="4,6,61,66,68" m="28681,42505,22602" machi="61" ten="40,1500,0" yaku="14,1" doraHai="71" who="1" fromWho="1" sc="190,-4,307,25,224,-4,269,-7" /><INIT seed="4,0,0,4,1,78" ten="186,332,220,262" oya="0" hai0="91,38,29,127,130,66,67,131,135,35,92,72,6" hai1="103,80,73,133,112,26,51,84,8,33,11,31,132" hai2="123,20,121,24,17,36,88,113,39,10,98,9,99" hai3="52,126,93,101,95,25,7,87,59,85,70,13,71"/><T2/><D38/><U60/><E73/><V16/><F113/><W0/><G0/><T75/><D127/><U55/><E60/><V30/><F30/><W90/><G126/><T129/><D135/><N who="1" m="51787" /><E103/><V27/><F20/><W110/><G110/><T104/><D104/><U125/><E112/><V37/><F37/><W43/><G43/><T68/><D6/><U102/><E102/><V49/><F49/><W124/><G25/><N who="0" m="18863" /><D2/><U14/><E14/><V106/><F106/><W1/><G1/><T117/><D117/><U74/><E74/><N who="0" m="28201" /><D68/><U76/><E125/><V64/><F64/><W54/><G70/><T97/><AGARI ba="0,0" hai="66,67,91,92,97,129,130,131" m="28201,18863" machi="97" ten="40,2100,0" yaku="19,1" doraHai="78" who="0" fromWho="0" sc="186,21,332,-7,220,-7,262,-7" /><INIT seed="4,1,0,5,2,14" ten="207,325,213,255" oya="0" hai0="54,63,29,118,130,36,101,109,8,90,128,31,61" hai1="117,81,70,27,60,72,97,85,6,16,94,55,100" hai2="19,80,87,123,40,119,82,33,7,56,25,12,98" hai3="103,69,108,50,5,15,66,11,122,112,107,91,3"/><T28/><D118/><U110/><E110/><V93/><F123/><W67/><G91/><T125/><D36/><U127/><E117/><V47/><F119/><W105/><G50/><T83/><D109/><U20/><E127/><V120/><F120/><W134/><G15/><T10/><D101/><U51/><E6/><V39/><F56/><W43/><G67/><T4/><D125/><U76/><E70/><V116/><F116/><W59/><G59/><T133/><D133/><U62/><E72/><V17/><F33/><W26/><G43/><T41/><D41/><U129/><E129/><N who="0" m="49769" /><D54/><U132/><E132/><V32/><F7/><W124/><G103/><T42/><D42/><U114/><E114/><V88/><F12/><W99/><G105/><T65/><D4/><U0/><E0/><V135/><F135/><W75/><G107/><T24/><D24/><U35/><E35/><V84/><F32/><W95/><G112/><T34/><D34/><U13/><E27/><V18/><REACH who="2" step="1"/><F25/><REACH who="2" ten="207,325,203,255" step="2"/><W121/><G26/><T115/><D115/><U57/><AGARI ba="1,1" hai="13,16,20,51,55,57,60,62,76,81,85,94,97,100" machi="57" ten="20,8000,1" yaku="0,1,7,1,8,1,52,1,54,1" doraHai="14" who="1" fromWho="1" sc="207,-41,325,93,203,-21,255,-21" /><INIT seed="5,0,0,4,4,86" ten="166,418,182,234" oya="1" hai0="111,119,127,52,59,98,78,94,54,10,22,7,105" hai1="43,38,0,83,79,39,73,82,97,85,56,132,62" hai2="120,48,109,65,69,3,129,75,53,25,77,95,74" hai3="9,124,106,45,17,90,66,1,115,113,32,6,93"/><U116/><E116/><V104/><F120/><W4/><G124/><T114/><D119/><U60/><E0/><V58/><F104/><W68/><G32/><T107/><D111/><U13/><E132/><V40/><F109/><W81/><G106/><T21/><D127/><U16/><E97/><V26/><F3/><W87/><G68/><T99/><D114/><U130/><E130/><V80/><F129/><W125/><G66/><T19/><D78/><U55/><E60/><V30/><F75/><W100/><G45/><T46/><D46/><U37/><E43/><V102/><F40/><W61/><G61/><T28/><D28/><U126/><E126/><V2/><F2/><W42/><G42/><T24/><D21/><U36/><E36/><V84/><F69/><W122/><G6/><T67/><D67/><U72/><REACH who="1" step="1"/><E83/><REACH who="1" ten="166,408,182,234" step="2"/><V47/><F80/><W64/><G81/><T121/><D99/><U108/><E108/><V118/><F118/><W112/><G125/><T27/><D121/><U57/><E57/><V96/><F58/><W14/><G122/><T15/><D105/><U34/><E34/><V18/><F96/><W133/><G133/><T128/><D107/><U8/><AGARI ba="0,1" hai="8,13,16,37,38,39,55,56,62,72,73,79,82,85" machi="8" ten="30,6000,0" yaku="1,1,0,1,54,1,53,0" doraHai="86" doraHaiUra="29" who="1" fromWho="1" sc="166,-20,408,70,182,-20,234,-20" /><INIT seed="5,1,0,3,0,50" ten="146,478,162,214" oya="1" hai0="120,30,107,126,89,129,117,78,27,86,49,16,125" hai1="13,100,32,37,65,61,4,36,75,21,64,63,42" hai2="59,82,132,90,25,35,113,56,18,24,51,130,106" hai3="79,93,77,81,62,1,12,15,70,7,80,124,76"/><U122/><E122/><V108/><F108/><W33/><G33/><T123/><D117/><U66/><E32/><V119/><F119/><W110/><G1/><T67/><D107/><U121/><E121/><N who="0" m="46665" /><D129/><U3/><E75/><V109/><F109/><W9/><G124/><N who="0" m="47723" /><D67/><U34/><E34/><V103/><F130/><W44/><G70/><T91/><D30/><U69/><E65/><V2/><F2/><W115/><G115/><T43/><D78/><U134/><E66/><V92/><F106/><W26/><G77/><T98/><D98/><U17/><E64/><V116/><F113/><W47/><G76/><T8/><D86/><U53/><E69/><V128/><F128/><W60/><G79/><T46/><D8/><U112/><E112/><V29/><F116/><W55/><G9/><T68/><D68/><U57/><E36/><V133/><F103/><W10/><G10/><T23/><AGARI ba="1,0" hai="16,23,27,43,46,49,89,91" m="47723,46665" machi="23" ten="40,5200,0" yaku="13,1,18,1,54,1" doraHai="50" who="0" fromWho="0" sc="146,55,478,-27,162,-14,214,-14" /><INIT seed="6,0,0,5,3,108" ten="201,451,148,200" oya="2" hai0="110,58,68,47,90,128,24,80,88,75,52,97,72" hai1="18,114,60,2,134,50,101,95,79,7,1,106,16" hai2="121,115,93,8,98,125,25,35,92,117,27,89,132" hai3="9,12,123,33,14,10,127,38,56,63,65,76,81"/><V43/><F117/><W85/><G33/><T78/><D110/><U119/><E119/><V59/><F121/><W48/><G38/><T5/><D68/><U55/><E106/><V124/><F43/><W73/><G123/><T83/><D128/><U28/><E28/><V36/><F36/><W130/><G127/><N who="2" m="48713" /><F132/><W133/><G130/><T118/><D118/><U30/><E1/><V135/><F135/><W13/><G133/><T62/><D5/><U4/><E2/><V44/><F44/><W6/><G73/><T102/><D24/><N who="2" m="9290" /><F35/><W77/><G77/><T32/><D32/><U20/><E30/><V26/><N who="2" m="9298" /><V17/><DORA hai="91" /><F59/><N who="3" m="37119" /><G6/><T34/><D34/><U49/><E134/><V112/><F93/><W15/><G15/><AGARI ba="0,0" hai="8,15,17,89,92,98,112,115" m="9298,48713" machi="15" ten="40,12000,1" yaku="18,1,52,3" doraHai="108,91" who="2" fromWho="3" sc="201,0,451,0,148,120,200,-120" /><INIT seed="6,1,0,4,0,118" ten="201,451,268,80" oya="2" hai0="60,119,134,81,8,69,92,93,31,104,49,120,52" hai1="61,109,0,135,7,44,70,114,101,131,96,65,103" hai2="5,20,129,66,34,89,54,19,53,125,76,67,79" hai3="128,39,123,29,48,130,64,86,55,84,105,38,133"/><V95/><F34/><W4/><G105/><T100/><D119/><U107/><E109/><V47/><F125/><W35/><G4/><T42/><D134/><U87/><E103/><V75/><F129/><N who="3" m="49771" /><G35/><T24/><D42/><U108/><E108/><V110/><F5/><W68/><G29/><T85/><D8/><U15/><E131/><V127/><F127/><W106/><G86/><T11/><D11/><U122/><E87/><V3/><F3/><W17/><G17/><T37/><D37/><N who="3" m="13833" /><G84/><T59/><D104/><U27/><E135/><V78/><F75/><W62/><G106/><T23/><D93/><U1/><E1/><V50/><F19/><W77/><G77/><T9/><D92/><U97/><E107/><V94/><F20/><W14/><G14/><T83/><D9/><U33/><E15/><V6/><F6/><W26/><G26/><T80/><D85/><U102/><E27/><V126/><F126/><W16/><G16/><T36/><D31/><U2/><E33/><V22/><F22/><W74/><G74/><T113/><D24/><U58/><E7/><V116/><F110/><W30/><G30/><T91/><D23/><U111/><E111/><V12/><F12/><W45/><G133/><T63/><D83/><U41/><E0/><V56/><F95/><W25/><G25/><T90/><D81/><U51/><E2/><V124/><F124/><W46/><G45/><T99/><D80/><U88/><E44/><V98/><F116/><W112/><G112/><T121/><D113/><U115/><E115/><V82/><F82/><W71/><G71/><RYUUKYOKU ba="1,0" sc="201,-15,451,-15,268,15,80,15" hai2="47,50,53,54,56,66,67,76,78,79,89,94,98" hai3="46,48,55,62,64,68,123" /><INIT seed="6,2,0,1,0,32" ten="186,436,283,95" oya="2" hai0="14,44,103,95,33,69,12,39,79,18,115,36,50" hai1="11,1,91,106,121,109,100,19,64,7,16,81,62" hai2="84,83,55,114,59,94,72,135,4,2,38,82,29" hai3="129,98,111,23,35,3,15,17,57,28,8,13,68"/><V67/><F38/><W120/><G68/><T101/><D69/><U113/><E109/><V65/><F29/><W90/><G120/><T87/><D33/><U22/><E121/><V104/><F104/><W127/><G111/><T56/><D115/><U0/><E113/><V31/><F31/><W6/><G57/><T128/><D128/><U46/><E46/><V133/><F72/><W92/><G129/><T134/><D134/><N who="2" m="51210" /><F94/><W73/><G73/><T71/><D71/><U45/><E45/><V77/><F83/><W89/><G127/><T122/><D56/><U30/><E30/><V112/><F112/><W10/><G35/><T66/><D66/><U41/><E41/><V78/><F78/><W107/><G107/><T75/><D75/><U49/><E106/><V52/><F55/><W47/><G47/><T119/><D79/><U9/><E100/><V86/><F86/><W110/><G110/><T43/><D103/><U40/><E81/><V34/><F34/><W61/><G61/><T125/><D125/><U130/><E130/><V96/><F96/><W74/><G74/><T25/><D122/><U117/><E91/><V108/><F114/><W20/><G28/><T126/><D126/><U131/><E131/><V97/><F97/><W60/><G60/><T54/><D39/><U76/><E76/><V26/><F108/><W93/><REACH who="3" step="1"/><G13/><REACH who="3" ten="186,436,283,85" step="2"/><N who="0" m="5227" /><D44/><U21/><E40/><V27/><F59/><W70/><G70/><T123/><D43/><U99/><E62/><V58/><F67/><W102/><G102/><T132/><D101/><U88/><E64/><V124/><F65/><RYUUKYOKU ba="2,1" sc="186,-10,436,-10,283,-10,85,30" hai3="3,6,8,10,15,17,20,23,89,90,92,93,98" /><INIT seed="7,3,1,4,5,2" ten="176,426,273,115" oya="3" hai0="93,57,5,80,69,127,105,130,113,43,122,44,74" hai1="98,48,13,111,33,119,75,10,17,52,107,11,27" hai2="126,55,0,89,129,121,125,71,4,116,97,62,108" hai3="25,115,3,31,96,103,49,112,120,42,92,38,22"/><W64/><G120/><T106/><D122/><U95/><E111/><V16/><F108/><W110/><G110/><T28/><D69/><U54/><E75/><V132/><F116/><W61/><G38/><T18/><D28/><U68/><E107/><V79/><F79/><W83/><G3/><T133/><D130/><U131/><E68/><V26/><F129/><W87/><G42/><T40/><D40/><U41/><E131/><V47/><F47/><W19/><G49/><T102/><D18/><U70/><E70/><V50/><F132/><W56/><REACH who="3" step="1"/><G19/><REACH who="3" ten="176,426,273,105" step="2"/><T135/><D43/><U72/><E41/><V7/><F50/><W63/><G63/><T109/><D109/><U124/><E17/><V99/><F0/><W34/><G34/><T51/><D51/><U1/><E48/><V76/><F62/><W101/><G101/><T66/><D102/><U35/><E1/><V14/><F121/><W117/><G117/><T53/><D135/><U20/><E33/><V104/><F16/><W6/><G6/><T114/><D5/><U85/><E35/><V9/><F4/><W21/><G21/><T77/><D133/><U30/><E20/><V94/><F7/><W78/><AGARI ba="3,2" hai="22,25,31,56,61,64,78,83,87,92,96,103,112,115" machi="78" ten="30,12000,1" yaku="1,1,0,1,25,2,53,1" doraHai="2" doraHaiUra="90" who="3" fromWho="3" sc="176,-43,426,-43,273,-43,105,149" /><INIT seed="7,4,0,3,2,76" ten="133,383,230,254" oya="3" hai0="38,131,49,55,35,96,88,45,17,13,36,128,4" hai1="101,108,28,130,52,99,110,112,21,6,123,74,54" hai2="92,120,80,86,7,61,59,122,104,9,10,82,56" hai3="58,71,25,95,31,129,94,48,135,115,81,64,27"/><W15/><G115/><T14/><D35/><U33/><E123/><N who="2" m="47147" /><F104/><W83/><G71/><T79/><D38/><U53/><E21/><V20/><F59/><W98/><G129/><T75/><D36/><U18/><E18/><V87/><F20/><N who="3" m="15783" /><G27/><T3/><D3/><U78/><E53/><N who="2" m="33935" /><F10/><W24/><G24/><T46/><D131/><U109/><E99/><V66/><F66/><W100/><G135/><T47/><D128/><U126/><E78/><V121/><F121/><W1/><G1/><T16/><D4/><U29/><E101/><V37/><F37/><W43/><G95/><T26/><D26/><U73/><E73/><V5/><F5/><W39/><G15/><T91/><D79/><U44/><E74/><V11/><F11/><W12/><G12/><T8/><D75/><U42/><E130/><V65/><F65/><W63/><G39/><T77/><D77/><U116/><E109/><V51/><F51/><W84/><G84/><N who="2" m="32297" /><F92/><W124/><G124/><T93/><REACH who="0" step="1"/><D91/><REACH who="0" ten="123,383,230,254" step="2"/><U106/><E110/><V41/><F41/><W50/><G43/><T125/><D125/><U85/><E126/><V127/><F127/><W62/><G62/><T111/><D111/><U40/><E40/><V19/><F19/><W117/><G117/><T67/><D67/><U119/><E42/><V30/><F30/><W2/><G2/><AGARI ba="4,1" hai="2,7,9,80,82" m="32297,33935,47147" machi="2" ten="30,3900,0" yaku="13,1,52,2" doraHai="76" who="2" fromWho="3" sc="123,0,383,0,230,61,254,-51" owari="123,-37.7,383,48.3,291,9.1,203,-19.7" /></mjloggm>