<mjloggm ver="2.3"><GO type="169" lobby="0"/><UN n0="%6D%79%6D%65%6C%6F%58%58" n1="%E3%82%AD%E3%83%AA%E3%83%B3%E3%83%AA%E3%82%AD%E5%BF%AB" n2="%E3%83%90%E3%83%AA%E3%83%88%E3%83%B3" n3="%E3%81%8A%E3%81%AF%44%E3%83%9D%E3%83%86%E3%83%88" dan="16,17,17,17" rate="2124.75,2216.99,2230.46,2192.23" sx="F,M,M,F"/><TAIKYOKU oya="0"/><INIT seed="0,0,0,3,3,109" ten="250,250,250,250" oya="0" hai0="89,62,106,78,4,10,21,101,54,6,2,16,80" hai1="79,131,0,97,38,55,134,92,69,31,117,129,58" hai2="90,37,63,100,88,60,26,76,13,35,3,110,47" hai3="44,27,93,41,123,127,8,65,43,107,34,50,39"/><T111/><D111/><U120/><E117/><V53/><F3/><W75/><G107/><T74/><D6/><U48/><E120/><V11/><F110/><W99/><G123/><T59/><D89/><U1/><E134/><V29/><F76/><W32/><G127/><T42/><D106/><U108/><E108/><V36/><F100/><W81/><G65/><T114/><D42/><U49/><E38/><V91/><F37/><W5/><G27/><T15/><REACH who="0" step="1"/><D101/><REACH who="0" ten="240,250,250,250" step="2"/><U86/><E131/><V67/><F67/><W130/><G130/><T82/><D82/><U30/><E129/><V115/><F53/><W112/><G43/><T61/><D61/><U128/><E55/><V87/><F63/><W57/><G41/><T124/><D124/><U52/><E52/><V85/><F60/><W104/><G5/><T126/><D126/><U24/><E128/><V98/><F91/><W12/><G104/><T95/><D95/><U40/><E92/><V118/><F90/><W102/><G93/><T70/><D70/><U56/><E40/><V23/><F88/><W83/><G102/><T116/><D116/><U7/><E7/><V17/><F118/><W25/><G83/><T33/><D33/><U122/><E69/><V96/><F35/><W94/><G34/><T14/><D14/><U9/><E122/><V72/><F13/><W77/><G12/><T20/><D20/><U73/><E0/><V132/><F23/><W121/><G121/><T28/><D28/><U22/><E30/><V125/><F29/><W64/><G94/><T51/><D51/><U66/><E48/><RYUUKYOKU ba="0,1" sc="240,30,250,-10,250,-10,250,-10" hai0="2,4,10,15,16,21,54,59,62,74,78,80,114" /><INIT seed="0,1,1,0,3,83" ten="270,240,240,240" oya="0" hai0="52,86,128,27,22,56,111,24,101,20,75,15,65" hai1="123,96,95,67,29,125,28,21,26,122,77,33,6" hai2="39,51,43,109,36,30,50,47,124,53,110,126,81" hai3="114,41,105,72,35,87,48,106,119,82,117,66,54"/><T133/><D75/><U16/><E125/><N who="2" m="48235" /><F30/><W40/><G114/><T74/><D74/><U78/><E67/><V115/><F81/><W2/><G72/><T18/><D128/><U76/><E6/><V19/><F19/><W55/><G2/><T79/><D133/><U92/><E92/><V132/><F115/><W3/><G3/><T46/><D101/><U73/><E73/><V44/><F132/><W84/><G66/><T89/><D79/><U131/><E131/><V45/><F45/><W91/><G35/><T62/><D111/><AGARI ba="1,1" hai="36,39,43,44,47,50,51,53,109,110,111" m="48235" machi="111" ten="30,7700,0" yaku="14,1,18,1,34,2" doraHai="83" who="2" fromWho="0" sc="270,-80,240,0,240,90,240,0" /><INIT seed="1,0,0,4,2,21" ten="190,240,330,240" oya="1" hai0="32,6,5,50,27,91,34,45,8,134,17,133,47" hai1="4,124,56,132,43,135,117,88,90,84,82,19,93" hai2="44,41,95,74,127,61,71,31,73,114,60,129,18" hai3="48,0,105,103,65,122,125,126,63,69,66,130,28"/><U7/><E117/><V35/><F129/><W40/><G0/><T68/><D68/><U78/><E124/><V22/><F114/><W36/><G122/><T49/><D91/><U20/><E43/><V121/><F121/><W55/><G130/><T59/><D59/><U115/><E90/><V87/><F127/><N who="3" m="48651" /><G28/><T89/><D89/><U12/><E115/><V37/><F87/><W57/><G105/><T16/><D8/><U94/><E94/><V15/><F95/><W24/><G103/><T10/><D10/><U53/><E135/><V86/><F86/><W118/><G24/><AGARI ba="0,0" hai="5,6,16,17,24,27,32,34,45,47,49,50,133,134" machi="24" ten="25,8000,1" yaku="22,2,52,2,54,1" doraHai="21" who="0" fromWho="3" sc="190,80,240,0,330,0,240,-80" /><INIT seed="2,0,0,5,5,41" ten="270,240,330,160" oya="2" hai0="112,108,107,48,0,38,87,66,81,24,5,15,120" hai1="96,51,2,68,93,119,104,11,132,83,62,128,95" hai2="118,114,36,134,103,32,53,125,98,59,116,97,78" hai3="6,45,30,72,117,8,34,111,71,110,29,65,82"/><V26/><F114/><W14/><G117/><T130/><D112/><U3/><E119/><V61/><F134/><W84/><G72/><T63/><D38/><U60/><E132/><V90/><F125/><W1/><G65/><T79/><D108/><U13/><E128/><V113/><F113/><W131/><G71/><T106/><D0/><U85/><E104/><V86/><F78/><W89/><G131/><T35/><D120/><U55/><E2/><V99/><F36/><W133/><G133/><T101/><D101/><U64/><E60/><V12/><F103/><W135/><G135/><T109/><D109/><U100/><E93/><V23/><F12/><W28/><G34/><T20/><D35/><U42/><E42/><V47/><F32/><W9/><REACH who="3" step="1"/><G45/><REACH who="3" ten="270,240,330,150" step="2"/><T22/><D130/><U57/><E68/><V70/><F47/><W4/><AGARI ba="0,1" hai="1,4,6,8,9,14,28,29,30,82,84,89,110,111" machi="4" ten="30,4000,0" yaku="1,1,2,1,0,1,53,0" doraHai="41" doraHaiUra="74" who="3" fromWho="3" sc="270,-10,240,-10,330,-20,150,50" /><INIT seed="3,0,0,0,5,112" ten="260,230,310,200" oya="3" hai0="122,16,130,56,45,0,2,46,55,113,24,23,19" hai1="38,92,33,64,39,30,102,118,120,27,115,129,119" hai2="44,96,3,42,43,104,75,72,65,28,127,121,82" hai3="13,40,101,116,37,99,76,17,135,21,10,81,91"/><W50/><G135/><T49/><D122/><U34/><E115/><V105/><F121/><W63/><G37/><T124/><D113/><U54/><E120/><V6/><F127/><W69/><G91/><T74/><D124/><U12/><E129/><V32/><F65/><W41/><G50/><T71/><D71/><U7/><E34/><V90/><F43/><W123/><G123/><T83/><D130/><U52/><E64/><V8/><F75/><W68/><G69/><T78/><REACH who="0" step="1"/><D19/><REACH who="0" ten="250,230,310,200" step="2"/><U53/><E7/><V107/><F6/><W86/><G68/><T94/><D94/><U109/><E109/><V26/><F105/><W18/><G116/><N who="1" m="44586" /><E12/><V126/><F107/><W89/><G63/><T111/><D111/><U59/><E59/><V61/><F104/><W22/><G13/><T20/><D20/><U103/><E92/><V9/><F61/><W98/><G22/><T73/><D73/><U70/><E70/><V114/><F72/><W51/><G21/><T77/><D77/><U133/><E133/><V87/><F114/><W106/><G10/><T57/><D57/><U128/><E128/><V131/><F126/><W88/><G76/><T15/><D15/><U62/><E62/><V79/><F131/><W47/><G51/><T93/><D93/><U60/><E60/><V134/><F134/><W108/><G108/><T31/><D31/><U25/><E25/><V110/><F110/><W95/><G47/><AGARI ba="0,1" hai="0,2,16,23,24,45,46,47,49,55,56,74,78,83" machi="47" ten="40,2600,0" yaku="1,1,54,1,53,0" doraHai="112" doraHaiUra="84" who="0" fromWho="3" sc="250,36,230,0,310,0,200,-26" /><INIT seed="4,0,0,5,0,54" ten="286,230,310,174" oya="0" hai0="10,57,33,112,51,88,134,58,6,35,50,40,123" hai1="63,86,21,102,48,126,135,32,38,27,110,132,41" hai2="7,29,37,104,109,62,87,8,61,128,17,70,96" hai3="69,59,47,15,130,43,11,73,115,99,131,26,91"/><T100/><D123/><U36/><E110/><V3/><F109/><W98/><G69/><T1/><D112/><U13/><E126/><V55/><F37/><W75/><G115/><T76/><D76/><U60/><E102/><V49/><F128/><W122/><G122/><T95/><D100/><U78/><E32/><V103/><F29/><W127/><G127/><T116/><D116/><U107/><E13/><V18/><F87/><W71/><G71/><T2/><D134/><N who="1" m="51243" /><E48/><V83/><F83/><W89/><G26/><T106/><D106/><U20/><E20/><V22/><F70/><W65/><G75/><T81/><D81/><N who="1" m="47415" /><E107/><V85/><F85/><W19/><G73/><T53/><D2/><U118/><E118/><V67/><F22/><W56/><G131/><T80/><D80/><U124/><E124/><V72/><F72/><W45/><G130/><T52/><D40/><U82/><E82/><V66/><F62/><N who="1" m="23593" /><E41/><V68/><REACH who="2" step="1"/><F66/><REACH who="2" ten="286,230,300,174" step="2"/><W44/><G65/><T117/><D117/><U23/><E21/><V93/><F93/><N who="3" m="56623" /><G43/><T114/><D114/><U14/><E38/><V108/><F108/><W105/><G105/><T90/><D95/><AGARI ba="0,1" hai="11,15,19,44,45,47,56,59,91,95,99" m="56623" machi="95" ten="30,3900,0" yaku="8,1,52,2" doraHai="54" who="3" fromWho="0" sc="286,-39,230,0,300,0,174,49" /><INIT seed="5,0,0,1,1,55" ten="247,230,300,223" oya="1" hai0="38,33,29,57,101,46,128,31,24,88,134,78,63" hai1="118,40,129,52,14,89,25,106,35,36,10,109,59" hai2="121,26,62,44,87,70,66,85,83,49,65,81,3" hai3="0,108,51,80,34,98,76,13,2,119,15,122,27"/><U43/><E118/><V131/><F121/><W96/><G122/><T11/><D128/><U48/><E129/><V117/><F117/><W60/><G119/><T103/><D78/><U58/><E109/><V125/><F125/><W95/><G108/><T64/><D134/><U77/><E106/><V17/><F3/><W19/><G51/><T90/><D31/><U104/><E104/><V61/><F131/><W71/><G96/><T56/><D11/><U6/><E77/><V100/><F100/><W30/><G71/><T67/><D46/><U97/><E36/><V91/><F17/><W120/><G60/><T28/><D38/><U130/><E130/><V115/><F26/><W110/><G110/><T20/><D63/><U116/><E116/><V127/><F115/><W107/><G107/><T79/><D79/><U21/><E59/><V50/><F127/><W93/><G93/><T41/><D24/><U113/><E35/><V16/><F16/><W94/><G94/><T73/><D20/><U45/><E45/><V135/><F135/><W82/><G82/><T54/><D54/><U39/><E39/><V32/><F32/><W1/><G19/><T9/><D33/><U68/><E68/><V74/><F74/><W133/><G133/><T8/><D41/><N who="1" m="15947" /><E113/><V18/><F44/><W86/><REACH who="3" step="1"/><G120/><REACH who="3" ten="247,230,300,213" step="2"/><T5/><D5/><U12/><E97/><V37/><F37/><W72/><G72/><AGARI ba="0,1" hai="8,9,28,29,56,57,64,67,72,73,88,90,101,103" machi="72" ten="25,8000,1" yaku="22,2,52,2,54,1" doraHai="55" who="0" fromWho="3" sc="247,90,230,0,300,0,213,-80" /><INIT seed="6,0,0,2,4,10" ten="337,230,300,133" oya="2" hai0="24,113,85,130,63,123,68,6,128,116,70,16,72" hai1="56,73,14,132,17,115,32,5,111,86,26,61,114" hai2="57,15,101,84,52,91,54,103,88,81,90,2,110" hai3="11,27,19,100,28,60,8,37,43,38,119,36,30"/><V21/><F2/><W78/><G119/><T39/><D72/><U1/><E111/><V117/><F117/><W92/><G78/><T126/><D113/><U97/><E73/><V134/><F134/><W29/><G43/><T25/><D123/><U58/><E132/><V18/><F54/><W46/><G46/><T66/><D39/><U20/><E86/><V104/><F110/><W129/><G129/><N who="0" m="49771" /><D126/><U108/><E108/><V83/><F104/><W89/><G100/><N who="2" m="38473" /><F83/><W51/><G51/><AGARI ba="0,0" hai="15,18,21,51,52,57,81,84,88,90,91" m="38473" machi="51" ten="30,11600,0" yaku="8,1,52,1,54,2" doraHai="10" who="2" fromWho="3" sc="337,0,230,0,300,116,133,-116" /><INIT seed="6,1,0,2,0,91" ten="337,230,416,17" oya="2" hai0="66,127,110,41,51,84,101,111,28,135,25,61,94" hai1="82,27,67,21,40,96,114,68,36,14,48,121,113" hai2="15,123,12,60,7,18,13,126,90,57,108,43,6" hai3="24,105,116,100,107,122,129,10,75,46,11,115,131"/><V72/><F123/><W109/><G109/><N who="0" m="41483" /><D127/><U44/><E121/><V0/><F72/><W54/><G122/><T112/><D84/><U55/><E14/><V47/><F126/><W4/><G116/><T31/><D31/><U19/><E82/><V70/><F70/><W76/><G115/><T134/><D51/><U88/><E67/><V133/><F108/><W95/><G24/><T128/><D41/><U17/><E68/><V65/><F133/><N who="0" m="50698" /><D128/><N who="3" m="49225" /><G76/><T78/><D78/><U58/><E17/><V63/><F63/><W132/><G75/><T106/><D106/><N who="3" m="40457" /><G132/><T2/><D2/><U103/><E114/><V118/><F118/><W71/><G71/><T56/><D112/><U42/><E113/><V30/><F30/><W92/><G100/><T34/><D101/><U98/><E103/><V117/><F117/><W38/><G11/><T73/><D73/><U85/><E40/><V3/><F18/><W33/><G33/><T86/><D86/><U22/><E21/><V125/><F125/><W80/><G80/><T5/><D5/><U93/><AGARI ba="1,0" hai="19,22,27,36,42,44,48,55,58,85,88,93,96,98" machi="93" ten="20,5200,0" yaku="0,1,7,1,52,1,54,1" doraHai="91" who="1" fromWho="1" sc="337,-14,230,55,416,-27,17,-14" /><INIT seed="7,0,0,3,0,70" ten="323,285,389,3" oya="3" hai0="107,90,101,130,22,95,123,37,106,34,5,118,29" hai1="110,45,114,76,31,116,52,47,61,100,87,71,65" hai2="74,42,122,1,135,59,129,132,81,89,121,79,86" hai3="84,103,58,15,104,49,54,41,16,94,40,113,73"/><W91/><G73/><T66/><D123/><N who="2" m="47114" /><F1/><W72/><G72/><T119/><D34/><U69/><E110/><V21/><F59/><W3/><G3/><T46/><D5/><U126/><E114/><V26/><F42/><W68/><G68/><T35/><D35/><U17/><E126/><V97/><F129/><W92/><G104/><T111/><D111/><U75/><E75/><V93/><F74/><W131/><G131/><T30/><D66/><U120/><E120/><V88/><F79/><W128/><G128/><T99/><D130/><U6/><E116/><V55/><F55/><W96/><G113/><T25/><D30/><AGARI ba="0,0" hai="21,26,30,81,86,88,89,93,97,132,135" m="47114" machi="30" ten="30,2000,0" yaku="13,1,54,1" doraHai="70" who="2" fromWho="0" sc="323,-20,285,0,389,20,3,0" owari="303,10.3,285,-11.5,409,50.9,3,-49.7" /></mjloggm>