<mjloggm ver="2.3"><GO type="169" lobby="0"/><UN n0="%E3%81%93%E3%82%93%E3%81%AB%E3%82%83%E3%81%8F%E5%A4%A7%E8%87%A3" n1="%61%6B%69%62%61%62%61%6E" n2="%E5%A5%88%E8%89%AF%E3%82%B7%E3%82%AB%E3%83%9E%E3%83%AB%EF%BC%81" n3="%46%72%6F%6E" dan="16,17,16,16" rate="2080.05,2166.00,2144.31,2137.71" sx="M,M,M,M"/><TAIKYOKU oya="0"/><INIT seed="0,0,0,4,0,7" ten="250,250,250,250" oya="0" hai0="78,85,75,28,96,17,14,80,59,56,84,26,57" hai1="131,76,37,53,61,86,87,24,20,116,64,46,49" hai2="105,6,32,34,91,123,33,16,113,130,45,73,117" hai3="127,106,100,40,44,135,133,52,38,125,50,69,10"/><T72/><D96/><U65/><E116/><V2/><F105/><W109/><G109/><T43/><D43/><U18/><E131/><V3/><F73/><W35/><G35/><T129/><D129/><U93/><E37/><V60/><F130/><W79/><G79/><T68/><D68/><U30/><E86/><V99/><F113/><W27/><G27/><T97/><D97/><U77/><E30/><V13/><F45/><W48/><G106/><T92/><D75/><U110/><E110/><V67/><F6/><W55/><G100/><T9/><REACH who="0" step="1"/><D92/><REACH who="0" ten="240,250,250,250" step="2"/><U132/><E132/><N who="3" m="50762" /><G69/><T51/><D51/><N who="3" m="19497" /><G10/><T121/><D121/><U21/><E61/><V107/><F123/><W36/><G36/><T4/><D4/><U102/><E49/><V89/><F117/><W29/><G29/><T5/><D5/><U108/><E108/><V82/><F2/><W22/><G22/><AGARI ba="0,1" hai="9,14,17,22,26,28,56,57,59,72,78,80,84,85" machi="22" ten="40,3900,0" yaku="1,1,52,1,53,0" doraHai="7" doraHaiUra="70" who="0" fromWho="3" sc="240,49,250,0,250,0,250,-39" /><INIT seed="0,1,0,3,4,36" ten="289,250,250,211" oya="0" hai0="4,70,129,34,106,24,79,109,82,128,23,96,26" hai1="80,32,2,33,111,55,66,58,77,27,31,21,74" hai2="133,72,50,122,44,5,85,37,126,94,13,117,83" hai3="92,119,115,3,62,127,7,131,135,88,25,73,59"/><T9/><D70/><U67/><E2/><V57/><F126/><W10/><G115/><T8/><D106/><U54/><E111/><V116/><F122/><W48/><G119/><T68/><D68/><U125/><E125/><V15/><F37/><W53/><G127/><T51/><D96/><U42/><E54/><V113/><F113/><W108/><G108/><T91/><D91/><U11/><E11/><V98/><F57/><W64/><G131/><N who="0" m="50251" /><D109/><U89/><E89/><V107/><F72/><W75/><G135/><T71/><D71/><U12/><E12/><V130/><F107/><W65/><G25/><T99/><D99/><U97/><E97/><V20/><F133/><W39/><G39/><T112/><D112/><U124/><E124/><V81/><F81/><W134/><G134/><T78/><D34/><U84/><E33/><V0/><F130/><W41/><G65/><T104/><D104/><U86/><E32/><V76/><F0/><W49/><G64/><T14/><D9/><U60/><E67/><V46/><F116/><W40/><G49/><T38/><D38/><U102/><E102/><V35/><F35/><W110/><G110/><T105/><D105/><U47/><REACH who="1" step="1"/><E66/><REACH who="1" ten="289,240,250,211" step="2"/><V121/><F117/><W29/><G10/><T120/><D120/><U43/><E43/><N who="2" m="24863" /><F98/><N who="3" m="57607" /><G41/><T61/><D26/><U52/><E52/><V101/><F101/><W93/><G40/><T69/><D69/><U95/><E95/><V118/><F94/><W17/><G93/><T30/><D82/><U28/><E28/><V114/><F118/><W1/><G29/><T100/><D100/><RYUUKYOKU ba="1,1" sc="289,-10,240,30,250,-10,211,-10" hai1="21,27,31,42,47,55,58,60,74,77,80,84,86" /><INIT seed="1,2,1,4,2,9" ten="279,270,240,201" oya="1" hai0="92,56,87,103,109,121,93,47,35,82,69,73,110" hai1="134,102,48,108,33,79,112,10,24,84,111,1,105" hai2="96,76,28,34,104,64,4,31,107,55,135,124,27" hai3="68,61,67,70,99,125,72,41,119,39,128,18,95"/><U46/><E112/><V16/><F124/><W115/><G115/><T57/><D69/><U60/><E134/><V21/><F135/><W36/><G125/><T14/><D35/><U40/><E60/><V12/><F76/><W45/><G128/><T49/><D73/><U32/><E102/><V88/><F64/><W5/><G72/><T19/><D121/><U100/><E100/><V7/><F31/><W44/><G119/><T43/><D57/><U8/><E105/><V81/><F55/><W0/><G0/><T22/><D56/><U77/><E10/><V54/><F54/><W6/><G68/><T20/><D20/><U130/><E130/><V51/><F51/><W13/><G45/><T120/><D120/><U126/><E126/><V63/><F63/><W66/><G39/><T89/><REACH who="0" step="1"/><D103/><REACH who="0" ten="269,270,240,201" step="2"/><U59/><E59/><V58/><F58/><W127/><G127/><T42/><D42/><U116/><E116/><V118/><F118/><W75/><G75/><T123/><D123/><U17/><E33/><V117/><F117/><W133/><G133/><T122/><D122/><U30/><E111/><AGARI ba="2,2" hai="14,19,22,43,47,49,82,87,89,92,93,109,110,111" machi="111" ten="40,8000,1" yaku="1,1,14,1,52,1,53,2" doraHai="9" doraHaiUra="91" who="0" fromWho="1" sc="269,106,270,-86,240,0,201,0" /><INIT seed="2,0,0,2,2,28" ten="375,184,240,201" oya="2" hai0="87,68,19,102,31,67,47,6,39,84,60,85,99" hai1="130,127,123,66,10,55,110,51,34,32,98,109,27" hai2="23,58,24,7,75,40,44,20,33,9,48,89,12" hai3="56,64,36,57,118,115,65,111,70,71,15,38,86"/><V113/><F75/><W116/><G15/><T13/><D6/><U5/><E130/><V97/><F113/><W74/><G74/><T103/><D39/><U69/><E127/><V46/><F58/><W37/><G86/><T16/><D47/><U94/><E123/><V124/><F124/><W107/><G107/><T105/><D103/><U41/><E41/><V1/><F46/><W100/><G100/><T0/><D0/><U91/><E27/><V63/><F63/><W35/><G35/><T29/><REACH who="0" step="1"/><D19/><REACH who="0" ten="365,184,240,201" step="2"/><U77/><E109/><V122/><F1/><W96/><G111/><T92/><D92/><U26/><E110/><V11/><F122/><W54/><G115/><T30/><D30/><U79/><E5/><V108/><F108/><W25/><G37/><T49/><D49/><U104/><E104/><V17/><F48/><W93/><G36/><T73/><D73/><U59/><E51/><V8/><F44/><W135/><G38/><T128/><D128/><U95/><E95/><V112/><F40/><W80/><G93/><T18/><D18/><U72/><E72/><V88/><F112/><W82/><G116/><T42/><D42/><U133/><E94/><V53/><F97/><W121/><G96/><T50/><D50/><U134/><E98/><V125/><F125/><W52/><G118/><T76/><D76/><U120/><E77/><V22/><F7/><W131/><G131/><T83/><D83/><U21/><E79/><V61/><F89/><W114/><G114/><T45/><D45/><U78/><E91/><V101/><F88/><W119/><G119/><RYUUKYOKU ba="0,1" sc="365,30,184,-10,240,-10,201,-10" hai0="13,16,29,31,60,67,68,84,85,87,99,102,105" /><INIT seed="3,1,1,2,3,63" ten="395,174,230,191" oya="3" hai0="116,33,74,122,52,119,84,59,13,109,134,27,128" hai1="85,79,65,15,72,105,19,129,3,0,82,117,42" hai2="123,133,120,111,83,6,87,88,76,125,22,115,90" hai3="126,131,9,64,124,31,78,98,4,75,101,102,57"/><W21/><G131/><T48/><D128/><U58/><E129/><V18/><F115/><W110/><G110/><T114/><D109/><U46/><E105/><V26/><F111/><W130/><G130/><T16/><D74/><U41/><E72/><V54/><F125/><N who="3" m="48235" /><G78/><T81/><D122/><N who="2" m="46634" /><F133/><W108/><G75/><T20/><D134/><U62/><E117/><V135/><F135/><W113/><G113/><T96/><D96/><U103/><E103/><V29/><F6/><W91/><G91/><N who="2" m="34857" /><F54/><W30/><G21/><T40/><D40/><U8/><REACH who="1" step="1"/><E41/><REACH who="1" ten="395,164,230,191" step="2"/><V70/><F70/><W7/><G108/><T28/><D114/><U56/><E56/><V34/><F34/><W17/><G101/><T118/><D118/><U92/><E92/><V68/><F68/><W55/><G102/><T32/><D119/><U12/><E12/><V107/><F107/><W39/><G55/><T104/><D104/><U45/><E45/><V25/><F25/><W14/><G39/><AGARI ba="1,2" hai="0,3,8,15,19,39,42,46,58,62,65,79,82,85" machi="39" ten="30,7700,0" yaku="1,1,7,1,52,1,53,1" doraHai="63" doraHaiUra="43" who="1" fromWho="3" sc="395,0,164,100,230,0,191,-80" /><INIT seed="4,0,0,1,5,7" ten="395,264,230,111" oya="0" hai0="42,56,38,119,28,29,44,40,89,43,16,18,88" hai1="41,123,78,93,31,95,86,30,66,61,70,33,13" hai2="65,135,115,49,34,106,125,25,134,2,15,129,131" hai3="85,26,130,17,51,104,112,82,62,127,64,109,45"/><T4/><D119/><U67/><E123/><V20/><F106/><W120/><G109/><T133/><D133/><N who="2" m="50698" /><F65/><W108/><G108/><T52/><D38/><U53/><E41/><N who="0" m="15977" /><D4/><U77/><E33/><V14/><F49/><W9/><G120/><T36/><D36/><U128/><E13/><N who="2" m="4619" /><F115/><W100/><G112/><T55/><N who="0" m="15985" /><T12/><DORA hai="97" /><D44/><U60/><E53/><N who="0" m="20553" /><D56/><U132/><E132/><V5/><F34/><W11/><G127/><T116/><D116/><U81/><E128/><V32/><F32/><W102/><G130/><N who="2" m="49673" /><F5/><W122/><G122/><T87/><D87/><U37/><E37/><V47/><F47/><W117/><G117/><T75/><D75/><U1/><E86/><V101/><F101/><N who="3" m="39019" /><G104/><T46/><D46/><U103/><E103/><V110/><F110/><W105/><G105/><T107/><D107/><U80/><REACH who="1" step="1"/><E70/><REACH who="1" ten="395,254,230,111" step="2"/><V113/><F113/><W79/><G64/><T96/><D96/><U22/><E22/><V39/><F39/><W19/><G62/><T124/><D124/><U90/><E90/><N who="0" m="34921" /><D12/><U71/><E71/><V73/><F125/><W6/><G6/><T74/><D74/><U21/><E21/><V76/><F73/><W59/><G59/><T91/><N who="0" m="34929" /><T48/><DORA hai="126" /><D48/><U83/><E83/><V94/><F20/><N who="3" m="13583" /><G19/><AGARI ba="0,1" hai="16,18,19,28,29" m="34929,20553,15985" machi="19" ten="40,24000,3" yaku="28,2,26,2,8,1,54,3" doraHai="7,97,126" who="0" fromWho="3" sc="395,250,254,0,230,0,111,-240" owari="645,74.5,254,5.4,230,-17.0,-129,-62.9" /></mjloggm>