<mjloggm ver="2.3"><GO type="169" lobby="0"/><UN n0="%43%2D%6D%69%6E%6F%72%E2%99%AA" n1="%70%61%77%61" n2="%73%68%61%79%65" n3="%67%78%7A" dan="16,18,17,18" rate="2131.78,2295.87,2163.15,2287.22" sx="M,M,M,F"/><TAIKYOKU oya="0"/><INIT seed="0,0,0,5,0,130" ten="250,250,250,250" oya="0" hai0="61,41,1,80,74,53,57,121,2,87,51,37,78" hai1="21,101,40,96,56,108,109,67,81,79,46,9,23" hai2="111,104,43,92,30,45,126,84,127,64,36,69,114" hai3="112,15,34,93,125,76,106,0,3,32,22,7,60"/><T8/><D121/><U25/><E9/><V27/><F104/><W11/><G106/><T107/><D107/><U28/><E23/><V66/><F114/><W68/><G112/><T129/><D129/><U55/><E67/><V98/><F111/><W91/><G125/><N who="2" m="47625" /><F84/><W95/><G76/><T54/><D74/><U42/><E96/><V120/><F69/><W88/><G68/><T73/><D73/><U50/><E101/><N who="2" m="60615" /><F120/><W82/><G60/><T110/><D110/><N who="1" m="42603" /><E56/><V103/><F103/><W48/><G22/><AGARI ba="0,0" hai="22,27,30,36,43,45,64,66" m="60615,47625" machi="22" ten="30,1000,0" yaku="18,1" doraHai="130" who="2" fromWho="3" sc="250,0,250,0,250,10,250,-10" /><INIT seed="1,0,0,5,4,52" ten="250,250,260,240" oya="1" hai0="32,119,16,79,25,9,64,39,46,117,12,122,134" hai1="78,30,22,81,56,6,75,17,106,20,29,3,24" hai2="2,62,50,49,18,28,114,94,69,58,1,87,92" hai3="31,70,126,43,55,84,123,115,61,129,116,36,130"/><U86/><E106/><V113/><F69/><W105/><G115/><N who="2" m="44041" /><F28/><W57/><G123/><T118/><D122/><U74/><E3/><N who="2" m="1035" /><F18/><W127/><G105/><T48/><D134/><U88/><E6/><V73/><F73/><W90/><G31/><T41/><D79/><U108/><E108/><V95/><F87/><W71/><G116/><T72/><D72/><U133/><E133/><V96/><F96/><W99/><G99/><T8/><D64/><AGARI ba="0,0" hai="49,50,58,62,64,92,94,95" m="1035,44041" machi="64" ten="40,2600,0" yaku="11,1,52,1" doraHai="52" who="2" fromWho="0" sc="250,-26,250,0,260,26,240,0" /><INIT seed="2,0,0,1,0,127" ten="224,250,286,240" oya="2" hai0="66,31,58,23,22,12,101,131,135,129,46,16,93" hai1="84,95,62,53,30,59,21,47,124,10,126,4,69" hai2="27,134,109,128,123,15,91,83,65,54,90,26,119" hai3="64,85,3,89,11,33,9,43,68,36,77,34,120"/><V111/><F119/><W1/><G120/><T88/><D101/><U72/><E72/><V37/><F123/><W29/><G77/><T38/><D135/><U133/><E133/><V45/><F134/><W94/><G68/><T106/><D106/><U73/><E73/><V50/><F37/><W17/><G64/><T70/><D70/><U41/><E69/><V132/><F132/><W25/><G43/><T104/><D104/><U76/><E21/><V6/><F65/><W49/><G36/><T116/><D116/><U44/><E30/><V113/><F113/><W28/><G49/><T110/><D110/><N who="2" m="41994" /><F128/><N who="0" m="49226" /><D46/><U99/><E47/><V125/><F125/><W117/><G117/><T98/><D38/><U114/><E114/><V67/><F67/><W51/><G51/><T7/><D7/><U75/><E44/><V79/><F6/><W105/><G105/><T74/><D74/><U24/><E75/><N who="2" m="43519" /><F15/><W108/><G108/><T42/><D42/><U35/><E41/><V2/><F2/><W81/><G1/><T80/><D80/><U86/><E4/><V102/><F102/><W19/><G81/><T71/><D71/><U8/><E124/><V13/><F13/><W63/><G3/><T112/><D112/><U61/><E126/><V40/><F40/><W96/><G94/><T57/><D66/><U82/><E82/><V121/><F121/><W78/><G78/><T0/><D0/><U103/><E76/><V56/><F45/><W87/><G89/><AGARI ba="0,0" hai="26,27,50,54,56,89,90,91" m="43519,41994" machi="89" ten="30,2900,0" yaku="14,1,10,1" doraHai="127" who="2" fromWho="3" sc="224,0,250,0,286,29,240,-29" /><INIT seed="2,1,0,1,3,45" ten="224,250,315,211" oya="2" hai0="51,76,124,66,96,69,132,56,34,44,36,60,88" hai1="0,38,91,11,28,79,61,71,92,13,131,130,78" hai2="4,22,86,73,65,106,90,5,134,29,23,108,83" hai3="112,37,42,40,21,113,74,58,107,19,52,12,27"/><V48/><F134/><W6/><G74/><T75/><D132/><U20/><E38/><V31/><F106/><W82/><G107/><T53/><D34/><U94/><E0/><V102/><F73/><W55/><G82/><T97/><D124/><U100/><E100/><V117/><F102/><W126/><G126/><T110/><D110/><U109/><E109/><V2/><F117/><W41/><G37/><T81/><REACH who="0" step="1"/><D88/><REACH who="0" ten="214,250,315,211" step="2"/><U39/><E91/><V25/><F108/><W118/><G118/><T67/><D67/><U10/><E130/><V128/><F65/><W103/><G103/><T98/><D98/><U59/><E131/><V9/><F128/><W68/><G112/><T1/><D1/><U50/><E78/><V119/><F119/><W89/><G113/><T111/><D111/><U105/><E79/><V16/><F4/><W15/><G89/><T127/><D127/><U46/><E105/><V54/><REACH who="2" step="1"/><F23/><REACH who="2" ten="214,250,305,211" step="2"/><W47/><G6/><T24/><D24/><U33/><E20/><V114/><F114/><W123/><G27/><T99/><D99/><U35/><E33/><V122/><F122/><W17/><G123/><T63/><D63/><U14/><E35/><V43/><F43/><AGARI ba="1,2" hai="36,43,44,51,53,56,60,66,69,75,76,81,96,97" machi="43" ten="40,8000,1" yaku="1,1,24,2,52,1,53,1" doraHai="45" doraHaiUra="77" who="0" fromWho="2" sc="214,103,250,0,305,-83,211,0" /><INIT seed="3,0,0,3,5,30" ten="317,250,222,211" oya="3" hai0="117,82,27,31,15,113,69,132,25,5,19,10,17" hai1="91,26,55,65,118,42,123,29,115,93,128,33,78" hai2="88,126,105,47,73,50,62,108,4,70,52,72,41" hai3="38,23,43,9,22,48,18,97,40,79,109,74,98"/><W124/><G38/><T114/><D69/><U21/><E123/><V7/><F105/><W106/><G124/><T67/><D67/><U46/><E115/><N who="0" m="44041" /><D82/><U58/><E128/><V116/><F116/><W24/><G109/><T75/><D75/><U45/><E118/><V8/><F108/><W127/><G127/><T80/><D80/><U56/><E78/><V57/><F126/><W89/><G74/><T84/><D84/><U119/><E119/><V96/><F70/><W112/><G79/><T129/><D117/><U16/><E65/><V100/><F4/><W51/><G112/><T44/><D44/><U103/><E103/><V133/><F133/><W101/><G106/><T125/><D125/><U36/><E46/><V0/><REACH who="2" step="1"/><F100/><REACH who="2" ten="317,250,212,211" step="2"/><W94/><G101/><T130/><D132/><U2/><E2/><V135/><F135/><W99/><G40/><T76/><D76/><U3/><E3/><V35/><F35/><W95/><G43/><T83/><D83/><U20/><E33/><V12/><F12/><W111/><G111/><T81/><D81/><U107/><E107/><V49/><F49/><W53/><G48/><T121/><D121/><U54/><E42/><V66/><F66/><W59/><G89/><T87/><D27/><N who="1" m="14727" /><E36/><V28/><F28/><W120/><G120/><T77/><D130/><U13/><E13/><V102/><F102/><W68/><G68/><T134/><D134/><U6/><E6/><V104/><F104/><W61/><G51/><T39/><D39/><U37/><E37/><V1/><F1/><W85/><G24/><T14/><D129/><RYUUKYOKU ba="0,1" sc="317,-10,250,-10,212,30,211,-10" hai2="0,7,8,41,47,50,52,57,62,72,73,88,96" /><INIT seed="4,1,1,3,2,10" ten="307,240,242,201" oya="0" hai0="45,114,80,81,40,59,50,91,128,4,95,47,129" hai1="126,60,106,54,53,2,15,58,65,107,90,76,84" hai2="112,11,37,123,14,33,3,127,96,122,31,25,97" hai3="19,103,8,22,35,121,99,124,118,62,55,134,113"/><T32/><D32/><U51/><E2/><V119/><F37/><W57/><G118/><T61/><D114/><U101/><E126/><V41/><F112/><W52/><G113/><T72/><D47/><U67/><E76/><V29/><F127/><W13/><G124/><T63/><D4/><U27/><E27/><V78/><F41/><W89/><G35/><T9/><D9/><U38/><E38/><V34/><F119/><W44/><G134/><T56/><D72/><U77/><E77/><V83/><F3/><W98/><G121/><T100/><D100/><U135/><E135/><V75/><F31/><W16/><G89/><T70/><D70/><U21/><E101/><V74/><F33/><W111/><G111/><T46/><D46/><N who="1" m="27895" /><E107/><V36/><F36/><W26/><G103/><T64/><D129/><U48/><E106/><V87/><F75/><W88/><G88/><T109/><D109/><U0/><E0/><V82/><F122/><W30/><G30/><T43/><D40/><U102/><E60/><V6/><F123/><W1/><G1/><T28/><D28/><U42/><E42/><V86/><F74/><W133/><G133/><T23/><D128/><U125/><E102/><V85/><F78/><W69/><G69/><T71/><D71/><U20/><E125/><V108/><F108/><W66/><G66/><N who="1" m="25098" /><E15/><V131/><F131/><W117/><G117/><T79/><D79/><U120/><E120/><V73/><F73/><W105/><G105/><T18/><D64/><U116/><E116/><V68/><F68/><W104/><G104/><T12/><D91/><RYUUKYOKU ba="1,1" sc="307,-30,240,10,242,10,201,10" hai1="20,21,48,54,58,84,90" hai2="6,11,14,25,29,34,82,83,85,86,87,96,97" hai3="8,13,16,19,22,26,44,52,55,57,62,98,99" /><INIT seed="5,2,1,3,4,95" ten="277,250,252,211" oya="1" hai0="88,17,107,70,29,58,81,6,117,63,60,74,20" hai1="133,82,43,28,48,33,49,23,19,80,112,86,89" hai2="32,42,102,52,4,93,98,3,131,2,54,31,128" hai3="104,113,105,84,92,126,125,127,109,11,116,25,78"/><U40/><E112/><V132/><F132/><W9/><G109/><T85/><D117/><U71/><E71/><V22/><F32/><W110/><G110/><T103/><D6/><U68/><E68/><V50/><F42/><N who="1" m="15913" /><E33/><V72/><F72/><W59/><G113/><T87/><D29/><U0/><E0/><V16/><F31/><W119/><G25/><T44/><D74/><U124/><E124/><N who="3" m="31746" /><W66/><DORA hai="91" /><G66/><T108/><D44/><U36/><E36/><V18/><F18/><W30/><G30/><T27/><D108/><U21/><E133/><V75/><F75/><W55/><G9/><T12/><D70/><U101/><E101/><V26/><F4/><W62/><G11/><T79/><D103/><U57/><E57/><N who="2" m="32919" /><F54/><W111/><G111/><T14/><D107/><N who="3" m="41033" /><G78/><T83/><REACH who="0" step="1"/><D63/><REACH who="0" ten="267,250,252,211" step="2"/><U47/><E28/><V67/><F67/><AGARI ba="2,2" hai="12,14,17,20,27,58,60,67,79,81,83,85,87,88" machi="67" ten="30,12000,2" yaku="1,1,2,1,7,1,8,1,54,1,53,1" doraHai="95,91" doraHaiUra="53,65" who="0" fromWho="2" sc="267,146,250,0,252,-126,211,0" /><INIT seed="6,0,0,3,5,11" ten="413,250,126,211" oya="2" hai0="24,96,95,8,34,98,43,16,126,132,30,111,21" hai1="108,1,5,47,124,115,13,29,62,58,40,100,91" hai2="92,32,134,114,38,71,104,72,84,128,18,22,76" hai3="48,59,74,15,61,127,49,37,64,110,67,56,94"/><V78/><F32/><W3/><G3/><T109/><D132/><U2/><E108/><V87/><F71/><W130/><G74/><T45/><D126/><U28/><E115/><V46/><F134/><W83/><G110/><T19/><D8/><N who="1" m="4239" /><E1/><V68/><F68/><W70/><G37/><T17/><D98/><U9/><E2/><V6/><F104/><W79/><G130/><T89/><REACH who="0" step="1"/><D34/><REACH who="0" ten="403,250,126,211" step="2"/><U25/><E9/><V97/><F128/><W131/><G131/><T35/><D35/><U93/><E124/><V85/><F114/><W65/><G127/><T14/><D14/><U31/><E25/><V50/><F72/><W53/><G15/><T81/><D81/><U75/><E29/><V80/><F80/><W82/><G79/><T55/><D55/><U125/><E28/><V119/><F119/><W77/><G77/><T7/><D7/><U41/><E31/><V123/><F6/><W121/><G82/><T20/><D20/><U52/><E52/><N who="2" m="29783" /><F123/><W113/><G121/><T60/><D60/><U69/><E62/><V66/><F66/><N who="3" m="41295" /><G113/><T4/><D4/><U88/><E125/><V103/><F38/><AGARI ba="0,1" hai="16,17,19,21,24,30,38,43,45,89,95,96,109,111" machi="38" ten="40,2600,0" yaku="1,1,54,1,53,0" doraHai="11" doraHaiUra="117" who="0" fromWho="2" sc="403,36,250,0,126,-26,211,0" /><INIT seed="7,0,0,2,5,55" ten="439,250,100,211" oya="3" hai0="47,18,20,92,15,133,23,62,3,88,67,70,36" hai1="38,126,85,34,79,12,0,33,131,22,10,68,40" hai2="50,84,121,21,39,103,54,1,8,86,26,28,35" hai3="2,118,51,78,75,80,89,59,93,44,61,48,45"/><W132/><G118/><T98/><D3/><U6/><E68/><V115/><F39/><W109/><G2/><T11/><D133/><U100/><E100/><V64/><F115/><W127/><G132/><T71/><D71/><U37/><E126/><V65/><F121/><W77/><G77/><T16/><D36/><U73/><E85/><V94/><F84/><W58/><G127/><T74/><D74/><U42/><E42/><V81/><F35/><W90/><G109/><T66/><D47/><N who="1" m="23951" /><E38/><V105/><F105/><W116/><G116/><T117/><D67/><U25/><E12/><V4/><F103/><W87/><G89/><T14/><D117/><U69/><E69/><V107/><F94/><W112/><G112/><T19/><D19/><N who="1" m="12511" /><E131/><V52/><F107/><W99/><G75/><T63/><D63/><U13/><E13/><V53/><REACH who="2" step="1"/><F50/><REACH who="2" ten="439,250,90,211" step="2"/><W5/><G48/><T17/><D17/><U24/><E34/><V46/><F46/><W96/><G96/><T7/><D18/><U130/><E33/><V30/><F30/><W108/><G5/><T91/><D23/><U124/><E6/><V128/><F128/><W119/><G119/><T110/><D110/><U125/><E130/><V97/><F97/><W134/><G108/><T60/><D60/><U41/><E125/><V31/><F31/><W114/><G114/><T29/><D29/><U95/><E124/><V83/><F83/><W76/><G134/><T27/><D27/><U104/><E104/><V49/><F49/><W102/><G61/><T56/><D62/><U82/><E82/><V101/><F101/><RYUUKYOKU ba="0,1" sc="439,-10,250,-10,90,30,211,-10" hai2="1,4,8,21,26,28,52,53,54,64,65,81,86" owari="439,53.9,240,4.0,120,-38.0,201,-19.9" /></mjloggm>