<mjloggm ver="2.3"><GO type="169" lobby="0"/><UN n0="%6F%73%72%67" n1="%E3%81%9B%E3%81%A9%E3%81%AA%E3%82%8A%E3%81%82%E3%82%93" n2="%E5%8D%B5%E3%81%8B%E3%81%91%E6%B6%85%E6%A7%83" n3="%E3%83%9E%E3%83%BC%E3%83%9C%E3%82%A6" dan="16,17,16,16" rate="2135.49,2164.52,2162.27,2109.67" sx="M,M,M,M"/><TAIKYOKU oya="0"/><INIT seed="0,0,0,5,4,14" ten="250,250,250,250" oya="0" hai0="90,85,93,19,29,43,38,50,116,91,105,73,47" hai1="54,5,18,115,16,13,129,111,11,23,71,3,96" hai2="1,48,65,78,34,6,35,101,117,99,55,56,20" hai3="33,82,53,104,32,49,84,83,89,80,74,17,113"/><T121/><D116/><U72/><E71/><V60/><F117/><W97/><G113/><T126/><D105/><U118/><E118/><V25/><F78/><W40/><G40/><T64/><D73/><U95/><E72/><V76/><F76/><W107/><G74/><T52/><D121/><U4/><E111/><V86/><F86/><W10/><G33/><T61/><D29/><U120/><E120/><V127/><F6/><W51/><G32/><T68/><D91/><U108/><E108/><V31/><F1/><W128/><G128/><T103/><D103/><U75/><E75/><V42/><F42/><W67/><G67/><T9/><D126/><U134/><E134/><V58/><REACH who="2" step="1"/><F127/><REACH who="2" ten="250,250,240,250" step="2"/><W44/><G97/><T28/><D28/><U12/><E115/><V119/><F119/><W92/><REACH who="3" step="1"/><G49/><REACH who="3" ten="250,250,240,240" step="2"/><T27/><D43/><U70/><E129/><V110/><F110/><W2/><G2/><T36/><D38/><U21/><E4/><V81/><F81/><W57/><G57/><T7/><D36/><U94/><E70/><V22/><F22/><W26/><G26/><T125/><D125/><U69/><E69/><V112/><F112/><W63/><G63/><T59/><D68/><U66/><E66/><V106/><AGARI ba="0,2" hai="20,25,31,34,35,48,55,56,58,60,65,99,101,106" machi="106" ten="20,2700,0" yaku="1,1,0,1,7,1,53,0" doraHai="14" doraHaiUra="133" who="2" fromWho="2" sc="250,-13,250,-7,240,47,240,-7" /><INIT seed="1,0,0,4,5,103" ten="237,243,287,233" oya="1" hai0="132,6,33,17,47,75,27,119,79,52,83,135,44" hai1="39,81,15,96,127,36,98,108,10,24,16,37,55" hai2="87,29,125,120,0,80,82,51,118,110,73,26,131" hai3="91,46,30,23,114,61,85,92,102,128,65,49,57"/><U3/><E127/><V94/><F120/><W71/><G128/><T99/><D119/><U121/><E121/><V28/><F118/><W40/><G114/><T90/><D6/><U48/><E3/><V63/><F131/><W93/><G71/><T1/><D1/><U21/><E81/><V11/><F110/><W104/><G104/><T116/><D116/><U106/><E108/><V126/><F63/><W76/><G76/><T134/><D17/><U9/><E106/><V117/><F117/><W130/><G130/><T89/><D99/><U38/><N who="1" m="9216" /><DORA hai="62" /><U35/><E35/><V133/><F133/><W19/><G30/><T7/><D7/><U97/><REACH who="1" step="1"/><E15/><REACH who="1" ten="237,233,287,233" step="2"/><V105/><F0/><W45/><G93/><T67/><D33/><U18/><E18/><V68/><F94/><W13/><G102/><T20/><D90/><U32/><E32/><V70/><F105/><W77/><G77/><T112/><D89/><U43/><E43/><V12/><F12/><W58/><G40/><T122/><D122/><U100/><E100/><V101/><F101/><W123/><G123/><T95/><D95/><U42/><E42/><V78/><F125/><W129/><G129/><T86/><D132/><U25/><E25/><V64/><F26/><W88/><G91/><T74/><D27/><U4/><E4/><V54/><F126/><W115/><G115/><T111/><D134/><U107/><E107/><V41/><F41/><W60/><G92/><T8/><D111/><U69/><E69/><N who="2" m="26731" /><F82/><W72/><G88/><T84/><D135/><U2/><E2/><V109/><F109/><RYUUKYOKU ba="0,1" sc="237,-10,233,30,287,-10,233,-10" hai1="9,10,16,21,24,48,55,96,97,98" /><INIT seed="1,1,1,1,3,69" ten="227,263,277,223" oya="1" hai0="122,66,6,71,16,81,82,73,43,90,60,95,94" hai1="98,117,61,112,64,96,80,57,19,27,113,17,36" hai2="127,70,68,56,41,110,11,67,77,128,123,22,9" hai3="135,12,37,101,48,32,20,54,104,18,100,0,55"/><U25/><E117/><V63/><F123/><W30/><G135/><T88/><D122/><U116/><E116/><V52/><F128/><W89/><G104/><T3/><D43/><U62/><E80/><V83/><F110/><W120/><G120/><T33/><D33/><U129/><E129/><V74/><F127/><W40/><G0/><T102/><D102/><U121/><E121/><V45/><F22/><W103/><G89/><T72/><D6/><U15/><E57/><V1/><F1/><W132/><G132/><T23/><D3/><U119/><E119/><V59/><F59/><W79/><G79/><T44/><D44/><U34/><E34/><V76/><F76/><W53/><G48/><T84/><D73/><U10/><E64/><V131/><F70/><W50/><G50/><T14/><REACH who="0" step="1"/><D72/><REACH who="0" ten="217,263,277,223" step="2"/><U4/><E4/><V114/><F131/><W99/><G32/><T39/><D39/><U26/><E36/><V42/><F114/><W24/><G40/><T5/><D5/><N who="1" m="3535" /><E112/><V86/><F74/><W8/><REACH who="3" step="1"/><G37/><REACH who="3" ten="217,263,277,213" step="2"/><T125/><D125/><U126/><E126/><V105/><F41/><W78/><G78/><T13/><D13/><U58/><E113/><V38/><F105/><W7/><G7/><T21/><D21/><U118/><E118/><V65/><F65/><W133/><G133/><T92/><D92/><U130/><E130/><V28/><F38/><W85/><G85/><AGARI ba="1,3" hai="14,16,23,60,66,71,81,82,84,85,88,90,94,95" machi="85" ten="30,8000,1" yaku="1,1,7,1,9,1,54,2,53,0" doraHai="69" doraHaiUra="75" who="0" fromWho="3" sc="217,113,263,0,277,0,213,-83" /><INIT seed="2,0,0,0,0,104" ten="330,263,277,130" oya="2" hai0="60,112,123,87,64,39,73,93,10,57,96,80,120" hai1="20,98,15,134,29,130,105,41,19,76,9,33,109" hai2="45,91,50,117,59,124,88,126,118,82,90,68,108" hai3="38,0,48,40,66,49,106,30,63,116,122,3,2"/><V97/><F68/><W133/><G116/><T70/><D39/><U61/><E41/><V95/><F59/><W46/><G122/><T81/><D112/><U103/><E109/><V121/><F121/><W55/><G106/><T36/><D36/><U110/><E110/><V16/><F108/><W5/><G133/><T102/><D70/><U58/><E130/><V56/><F56/><W4/><G30/><T22/><D22/><U69/><E134/><V26/><F82/><W113/><G113/><T54/><D64/><U79/><E20/><N who="2" m="13575" /><F118/><W8/><G8/><T12/><D80/><U83/><E83/><V11/><F11/><W119/><G119/><T67/><D67/><N who="1" m="41199" /><E58/><V62/><F62/><W94/><G94/><T34/><D34/><U21/><E9/><V25/><F25/><AGARI ba="0,0" hai="15,19,21,25,29,33,76,79,98,103,105" m="41199" machi="25" ten="30,1000,0" yaku="25,1" doraHai="104" who="1" fromWho="2" sc="330,0,263,10,277,-10,130,0" /><INIT seed="3,0,0,5,2,106" ten="330,273,267,130" oya="3" hai0="37,83,18,79,107,51,23,105,104,78,65,114,125" hai1="8,11,70,56,112,75,61,93,99,59,118,19,135" hai2="36,95,88,89,74,21,47,129,5,29,116,38,4" hai3="42,108,62,127,63,111,86,32,77,10,72,84,121"/><W49/><G121/><T13/><D37/><U43/><E112/><V52/><F116/><W117/><G117/><T119/><D119/><U94/><E118/><V40/><F74/><W115/><G115/><T96/><D114/><U67/><E135/><V109/><F109/><N who="3" m="42059" /><G32/><T92/><D65/><U25/><E75/><V9/><F129/><W87/><G127/><T50/><D79/><U24/><E43/><V17/><F29/><W57/><G10/><T76/><D78/><U123/><E123/><V16/><F36/><W28/><G28/><T60/><D60/><U68/><E99/><V120/><F120/><W48/><G42/><T2/><D2/><U3/><E61/><N who="3" m="23050" /><G57/><T98/><D125/><U54/><E19/><V133/><F133/><W6/><G6/><T15/><D15/><U46/><E3/><V41/><F38/><W132/><G132/><T97/><REACH who="0" step="1"/><D92/><REACH who="0" ten="320,273,267,130" step="2"/><U34/><E67/><V80/><F95/><W26/><G26/><T113/><D113/><U110/><E110/><V22/><F80/><AGARI ba="0,1" hai="48,49,72,77,80,84,86,87" m="23050,42059" machi="80" ten="40,7700,0" yaku="14,1,10,1,52,1" doraHai="106" who="3" fromWho="2" sc="320,0,273,0,267,-77,130,87" /><INIT seed="3,1,0,2,1,19" ten="320,273,190,217" oya="3" hai0="77,27,116,87,61,10,60,3,49,14,75,88,6" hai1="133,13,64,50,114,44,65,80,55,45,108,93,92" hai2="118,89,48,53,124,111,74,63,123,107,113,17,35" hai3="101,24,117,52,46,21,78,120,5,115,103,68,25"/><W134/><G115/><T4/><D116/><U38/><E114/><V86/><F118/><W70/><G117/><T131/><D131/><U100/><E108/><V102/><F111/><W20/><G120/><T16/><D75/><U98/><E133/><V11/><F123/><W132/><G78/><T42/><D77/><U0/><E0/><V39/><F39/><W28/><G5/><T83/><D6/><U135/><E80/><V34/><F124/><W97/><G46/><N who="0" m="25815" /><D3/><U121/><E135/><N who="3" m="51754" /><G52/><T9/><D9/><U40/><E121/><V2/><F74/><W119/><G119/><T84/><D84/><U66/><REACH who="1" step="1"/><E13/><REACH who="1" ten="320,263,190,217" step="2"/><V69/><F2/><W72/><G72/><T51/><D51/><U67/><N who="1" m="16384" /><DORA hai="62" /><U95/><AGARI ba="1,1" hai="38,40,44,45,50,55,92,93,95,98,100" m="16384" machi="95" ten="40,16000,3" yaku="1,1,4,1,0,1,52,4,53,1" doraHai="19,62" doraHaiUra="15,36" who="1" fromWho="1" sc="320,-41,263,173,190,-41,217,-81" /><INIT seed="4,0,0,1,2,83" ten="279,436,149,136" oya="0" hai0="28,71,21,86,41,37,51,96,26,99,55,54,90" hai1="30,108,0,50,29,48,40,22,70,56,66,128,125" hai2="65,127,74,106,129,18,42,8,105,79,98,84,4" hai3="118,67,10,31,134,101,17,7,114,39,1,9,38"/><T107/><D71/><U47/><E0/><V73/><F65/><W124/><G118/><T92/><D37/><U100/><E108/><V131/><F42/><W121/><G101/><T49/><D107/><U69/><E100/><V133/><F18/><W43/><G67/><T130/><D41/><U119/><E29/><V57/><F57/><W85/><G114/><T63/><D63/><N who="1" m="38247" /><E22/><V113/><F8/><W60/><G60/><T19/><D130/><N who="2" m="49674" /><F4/><W117/><G7/><T104/><D104/><U93/><E93/><V32/><F32/><W2/><G43/><T91/><D28/><U45/><E30/><V34/><F34/><W24/><G31/><T115/><D115/><U36/><E128/><V61/><F61/><W25/><G17/><T16/><D19/><U109/><E109/><V53/><F53/><N who="0" m="19978" /><D99/><U126/><E119/><V95/><F113/><W33/><G117/><T23/><D21/><U72/><E72/><N who="2" m="27755" /><F133/><W15/><G134/><T132/><D132/><U87/><E69/><V122/><F122/><W78/><G121/><T44/><D44/><U103/><E70/><V11/><F11/><W58/><G33/><T80/><AGARI ba="0,0" hai="16,23,26,49,51,80,86,90,91,92,96" m="19978" machi="80" ten="30,6000,0" yaku="8,1,52,1,54,1" doraHai="83" who="0" fromWho="0" sc="279,60,436,-20,149,-20,136,-20" /><INIT seed="4,1,0,4,5,92" ten="339,416,129,116" oya="0" hai0="131,55,50,77,123,2,124,49,9,114,135,120,33" hai1="45,118,19,115,93,87,134,102,60,96,126,64,94" hai2="29,54,86,69,13,21,132,44,48,25,16,35,71" hai3="52,27,73,22,78,110,113,101,125,38,119,14,51"/><T89/><D33/><U24/><E118/><V28/><F132/><W127/><G110/><T75/><D135/><U7/><E134/><V116/><F116/><W98/><G119/><T83/><D114/><U56/><E115/><V42/><F28/><W72/><G113/><T15/><D124/><N who="3" m="47689" /><G78/><T130/><D2/><U23/><E126/><V46/><REACH who="2" step="1"/><F86/><REACH who="2" ten="339,416,119,116" step="2"/><W10/><G38/><AGARI ba="1,1" hai="13,16,21,25,29,35,38,42,44,46,48,54,69,71" machi="38" ten="30,7700,0" yaku="1,1,2,1,7,1,54,1,53,0" doraHai="92" doraHaiUra="104" who="2" fromWho="3" sc="339,0,416,0,119,90,116,-80" /><INIT seed="5,0,0,2,1,112" ten="339,416,209,36" oya="1" hai0="7,28,25,97,126,108,83,40,34,44,51,15,102" hai1="19,61,77,58,70,115,80,85,23,116,20,106,1" hai2="127,45,57,21,122,73,26,10,93,90,50,96,30" hai3="60,117,55,132,133,27,52,56,130,54,53,91,22"/><U76/><E106/><V17/><F127/><W69/><G69/><T65/><D126/><U18/><E70/><V124/><F124/><W111/><G111/><T46/><D108/><U99/><E1/><V98/><F122/><W78/><G130/><T71/><D83/><U131/><E115/><V134/><F134/><W39/><G39/><T113/><D113/><U37/><E37/><V41/><F73/><W9/><G78/><T35/><D35/><U87/><E99/><V16/><F57/><W38/><G38/><T79/><D79/><U92/><E131/><V89/><F10/><W125/><G125/><T29/><D29/><U94/><E116/><V121/><F121/><W135/><G9/><T74/><D74/><U24/><E85/><V49/><F49/><W14/><G14/><T33/><D33/><U118/><E118/><V6/><F6/><W100/><G100/><T36/><D15/><U59/><E59/><V129/><F129/><W11/><G11/><T81/><D81/><U0/><E0/><V62/><F62/><W95/><G117/><T64/><D7/><U107/><E107/><V32/><F32/><W75/><G75/><T13/><D13/><N who="1" m="9295" /><E77/><V42/><F42/><W4/><G4/><T47/><D71/><U128/><E128/><V48/><F48/><W103/><G103/><T5/><D5/><U43/><E43/><V67/><F67/><AGARI ba="0,0" hai="19,23,24,58,61,67,76,80,87,92,94" m="9295" machi="67" ten="30,1500,0" yaku="8,1" doraHai="112" who="1" fromWho="2" sc="339,0,416,15,209,-15,36,0" /><INIT seed="5,1,0,0,4,2" ten="339,431,194,36" oya="1" hai0="74,50,72,119,22,63,62,81,122,123,79,44,117" hai1="96,103,83,10,91,104,113,84,69,56,126,0,121" hai2="45,6,106,132,66,98,109,95,135,61,115,67,16" hai3="34,125,12,97,31,107,13,94,38,116,93,52,41"/><U86/><E69/><V53/><F109/><W78/><G125/><T59/><D22/><U11/><E121/><V127/><F106/><W46/><G116/><T19/><D19/><U14/><E113/><V130/><F115/><W25/><G78/><T23/><D23/><U3/><E126/><V131/><F127/><W20/><G107/><T134/><D134/><N who="2" m="51242" /><F16/><W42/><G42/><T37/><D37/><U28/><E28/><V71/><F66/><W1/><G1/><T17/><D17/><U90/><E56/><V9/><F53/><W70/><G70/><T101/><D101/><U80/><E11/><V92/><F45/><W110/><G110/><T26/><D26/><U100/><E103/><N who="2" m="60871" /><F95/><W111/><G111/><T108/><D108/><U33/><E33/><V82/><F82/><W57/><G94/><T48/><D59/><U24/><E24/><V32/><F32/><W29/><G29/><T88/><D44/><U58/><E58/><V99/><F99/><W39/><G34/><T133/><D81/><U49/><E49/><V65/><F65/><W51/><REACH who="3" step="1"/><G39/><REACH who="3" ten="339,431,194,26" step="2"/><T85/><D133/><U27/><E104/><V43/><F43/><W35/><G35/><T105/><D105/><U75/><E83/><V87/><F87/><W4/><G4/><T60/><D85/><U54/><E80/><V30/><F30/><W124/><G124/><T55/><D119/><U102/><E86/><V114/><F114/><W15/><G15/><AGARI ba="1,1" hai="6,9,15,61,67,71,130,131" m="60871,51242" machi="15" ten="30,2000,0" yaku="20,1,52,1" doraHai="2" who="2" fromWho="3" sc="339,0,431,0,194,33,26,-23" /><INIT seed="6,0,0,0,4,41" ten="339,431,227,3" oya="2" hai0="25,14,49,69,64,73,131,129,96,8,66,21,97" hai1="134,65,33,89,62,30,125,39,56,63,50,70,124" hai2="60,54,0,67,16,47,90,28,119,104,19,108,74" hai3="81,78,111,109,58,116,130,121,112,44,42,127,6"/><V38/><F119/><W40/><G6/><T118/><D73/><U9/><E39/><V123/><F123/><W92/><G92/><T110/><D110/><N who="3" m="41993" /><G81/><T52/><D118/><U18/><E50/><V59/><F108/><W43/><G78/><T77/><D77/><U132/><E89/><V32/><F74/><W107/><G107/><T27/><D69/><U122/><E122/><V20/><F104/><W45/><G116/><T75/><D75/><U72/><E72/><V79/><F79/><W22/><G22/><T51/><D21/><U76/><E76/><V99/><F0/><W135/><G121/><T95/><D14/><N who="1" m="7503" /><E30/><V7/><F7/><W71/><G135/><N who="1" m="51754" /><E33/><V13/><F32/><W35/><G35/><T115/><D95/><U83/><E83/><V17/><F28/><W55/><G127/><T114/><REACH who="0" step="1"/><D8/><REACH who="0" ten="329,431,227,3" step="2"/><U57/><E70/><V36/><F36/><W100/><G100/><T2/><D2/><U84/><E124/><V1/><F1/><W80/><G80/><T94/><D94/><U4/><E125/><V117/><F117/><W34/><G34/><T46/><D46/><N who="3" m="18025" /><G130/><T85/><D85/><U87/><E84/><V3/><F3/><W26/><G26/><T68/><D68/><U133/><E87/><V61/><F38/><W102/><G102/><T101/><D101/><U23/><E133/><V10/><F10/><W53/><G71/><T105/><D105/><U103/><E103/><V128/><F128/><W29/><G29/><T37/><D37/><U86/><E23/><V15/><F20/><W88/><G88/><T91/><D91/><RYUUKYOKU ba="0,1" sc="329,30,431,-10,227,-10,3,-10" hai0="25,27,49,51,52,64,66,96,97,114,115,129,131" owari="359,15.9,431,53.1,217,-18.3,-7,-50.7" /></mjloggm>