<mjloggm ver="2.3"><GO type="169" lobby="0"/><UN n0="%E5%8C%97%E6%AC%A7%E3%81%AE%E3%82%82%E3%81%93%E3%81%86" n1="%73%65%69%67%65%6E" n2="%E3%81%B5%E3%81%8B%E3%81%8C%E3%82%8F" n3="%E5%85%A8%E9%80%9F%E3%82%86%E3%83%BC%E3%81%B8%E3%81%84" dan="16,16,16,18" rate="2117.13,2059.99,2057.87,2239.02" sx="M,M,M,M"/><TAIKYOKU oya="0"/><INIT seed="0,0,0,5,3,18" ten="250,250,250,250" oya="0" hai0="133,37,61,121,91,81,2,78,92,82,127,75,108" hai1="129,132,123,71,72,60,90,39,28,70,57,9,66" hai2="41,119,89,126,54,1,24,43,64,69,100,27,68" hai3="118,33,77,74,11,48,21,115,86,14,10,106,19"/><T20/><D121/><U6/><E123/><V114/><F114/><W26/><G118/><T49/><D37/><U0/><E129/><V76/><F1/><W3/><G74/><T55/><D133/><U25/><E132/><V53/><F100/><W7/><G106/><T94/><D127/><U128/><E128/><V4/><F4/><W73/><G73/><T97/><D2/><U104/><E104/><V124/><F64/><W111/><G111/><T50/><D108/><U116/><E116/><V36/><F36/><W63/><G115/><T87/><D94/><U23/><E39/><V83/><F89/><W134/><G134/><T102/><REACH who="0" step="1"/><D20/><REACH who="0" ten="240,250,250,250" step="2"/><U59/><E72/><V17/><F119/><W110/><G110/><T135/><D135/><U79/><E79/><V131/><F131/><W46/><G77/><T16/><D16/><U122/><E122/><V93/><F93/><W47/><G86/><T35/><D35/><U30/><E30/><V52/><F17/><W109/><G109/><T105/><D105/><U51/><E23/><V8/><F76/><W5/><G33/><T84/><D84/><U38/><E28/><V62/><F126/><W98/><G98/><T101/><D101/><U45/><E38/><V15/><F124/><W107/><G107/><T96/><D96/><U125/><E125/><V99/><F99/><W65/><REACH who="3" step="1"/><G48/><REACH who="3" ten="240,250,250,240" step="2"/><T31/><D31/><U85/><E51/><V113/><F113/><W117/><G117/><T56/><AGARI ba="0,2" hai="49,50,55,56,61,75,78,81,82,87,91,92,97,102" machi="56" ten="30,3000,0" yaku="1,1,0,1,53,0" doraHai="18" doraHaiUra="130" who="0" fromWho="0" sc="240,50,250,-10,250,-10,240,-10" /><INIT seed="0,1,0,2,2,27" ten="290,240,240,230" oya="0" hai0="62,49,14,86,67,82,13,84,25,111,24,80,7" hai1="85,119,37,22,28,64,40,92,129,32,133,106,120" hai2="10,128,127,121,108,114,83,48,16,116,47,110,60" hai3="57,36,42,20,88,30,103,79,68,77,90,130,45"/><T134/><D134/><U63/><E120/><V113/><F128/><W26/><G68/><T72/><D72/><U55/><E119/><V33/><F127/><W61/><G130/><T44/><D111/><N who="2" m="42538" /><F33/><W132/><G132/><T81/><D7/><U101/><E129/><V76/><F116/><W102/><G79/><T0/><D0/><U31/><E32/><V17/><F121/><W100/><REACH who="3" step="1"/><G77/><REACH who="3" ten="290,240,240,220" step="2"/><T124/><D124/><U58/><E133/><V23/><F113/><W6/><G6/><T125/><D125/><U2/><E2/><V98/><F76/><W39/><G39/><T11/><D84/><U53/><E37/><V104/><F114/><W105/><G105/><T66/><D86/><U118/><E118/><V52/><F104/><W109/><G109/><T74/><D74/><U21/><E106/><V56/><F98/><W4/><G4/><T95/><D80/><U29/><E85/><V18/><F83/><W107/><G107/><T71/><D81/><U78/><E78/><V38/><F38/><W73/><G73/><T50/><D82/><U54/><E40/><N who="2" m="24679" /><F10/><W19/><G19/><T35/><D11/><U122/><E122/><V5/><F5/><W34/><G34/><T135/><D35/><U123/><E123/><V12/><AGARI ba="1,1" hai="12,16,17,18,23,52,56,60" m="24679,42538" machi="12" ten="30,4000,0" yaku="14,1,54,2" doraHai="27" who="2" fromWho="2" sc="290,-21,240,-11,240,53,220,-11" /><INIT seed="1,0,0,2,4,111" ten="269,229,293,209" oya="1" hai0="108,117,76,68,64,132,70,8,122,19,95,26,107" hai1="15,99,129,55,32,30,121,126,123,104,118,101,82" hai2="92,89,0,69,94,128,52,14,13,59,31,63,134" hai3="48,42,34,50,130,39,65,33,131,106,109,20,23"/><U78/><E118/><V6/><F134/><W41/><G65/><T97/><D108/><U115/><E129/><N who="3" m="49162" /><G109/><T81/><D132/><U90/><E126/><V110/><F110/><W22/><G39/><T21/><D107/><U103/><E103/><V53/><F128/><W133/><G106/><T119/><D122/><U80/><E15/><V49/><F31/><W35/><G133/><T3/><D3/><U16/><E16/><V113/><F113/><W120/><G120/><T5/><D64/><U4/><E4/><V73/><F73/><W24/><G24/><T116/><D8/><U11/><E11/><V87/><F69/><W85/><G85/><T9/><D81/><U66/><E82/><V28/><F28/><W93/><G93/><T86/><D86/><U38/><E30/><V98/><F0/><W100/><G100/><T88/><D76/><U56/><E101/><V135/><F6/><W124/><G124/><T61/><D61/><U84/><E123/><V2/><F2/><W125/><G125/><T91/><D91/><U45/><E121/><V10/><F10/><W17/><G17/><T79/><D79/><U127/><E78/><V40/><F40/><AGARI ba="0,0" hai="20,22,23,33,34,35,40,41,42,48,50" m="49162" machi="40" ten="40,5200,0" yaku="28,2,19,1" doraHai="111" who="3" fromWho="2" sc="269,0,229,0,293,-52,209,52" /><INIT seed="2,0,0,4,0,111" ten="269,229,241,261" oya="2" hai0="112,63,87,69,62,71,115,70,86,33,0,10,102" hai1="14,4,72,90,3,130,40,15,101,114,61,78,7" hai2="35,6,123,64,92,65,110,83,38,66,82,2,46" hai3="60,89,5,132,94,109,52,21,26,135,100,56,48"/><V105/><F123/><W129/><G109/><T88/><D33/><U59/><E130/><V98/><F105/><W30/><G129/><T18/><D102/><U106/><E40/><V84/><F110/><W96/><G5/><T75/><D75/><U32/><E32/><V31/><F82/><W58/><REACH who="3" step="1"/><G89/><REACH who="3" ten="269,229,241,251" step="2"/><T8/><D88/><U17/><E90/><V85/><F6/><W22/><G22/><T54/><D8/><U108/><E4/><V128/><F128/><W118/><G118/><T67/><D10/><U113/><E7/><V24/><F2/><W1/><G1/><T9/><D9/><U134/><E3/><V44/><F38/><W120/><G120/><T125/><D0/><U25/><E108/><V19/><F83/><W34/><G34/><T29/><D125/><U77/><E78/><V79/><F79/><W11/><G11/><T42/><D70/><U41/><E77/><V93/><F35/><W127/><G127/><T20/><D71/><U81/><E81/><V53/><F84/><W116/><G116/><T47/><D86/><U37/><E37/><V76/><F85/><W126/><G126/><T107/><D87/><U27/><E72/><V16/><F76/><W80/><G80/><T133/><D20/><U74/><E74/><V99/><F98/><W39/><G39/><T55/><D69/><U13/><E13/><V73/><F99/><W91/><G91/><T45/><D133/><U57/><E134/><V23/><F73/><W51/><G51/><T43/><D63/><U104/><E61/><V124/><F124/><W119/><G119/><RYUUKYOKU ba="0,1" sc="269,-10,229,-10,241,-10,251,30" hai3="21,26,30,48,52,56,58,60,94,96,100,132,135" /><INIT seed="3,1,1,1,0,10" ten="259,219,231,281" oya="3" hai0="4,89,112,97,6,118,3,80,25,9,90,1,52" hai1="19,114,63,74,106,37,115,85,102,17,109,92,7" hai2="8,46,122,75,15,20,21,116,11,51,94,124,79" hai3="60,113,42,129,41,24,29,62,70,130,68,61,5"/><W101/><G101/><T73/><D118/><U83/><E37/><V93/><F124/><W104/><G104/><T81/><D112/><U77/><E7/><V96/><F116/><W65/><G5/><T14/><D73/><U16/><E109/><V36/><F36/><W54/><G113/><T78/><D1/><U86/><E63/><N who="3" m="24138" /><G24/><T87/><D4/><U91/><E85/><V95/><F122/><W55/><G70/><T88/><D3/><U43/><E43/><N who="3" m="16394" /><G29/><T84/><D52/><AGARI ba="1,1" hai="52,54,55,62,65,68,129,130" m="16394,24138" machi="52" ten="30,5800,0" yaku="34,2,54,1" doraHai="10" who="3" fromWho="0" sc="259,-61,219,0,231,0,281,71" /><INIT seed="3,2,0,0,5,122" ten="198,219,231,352" oya="3" hai0="107,7,99,89,56,119,43,14,34,51,62,79,3" hai1="29,105,95,50,110,22,118,131,84,103,102,80,115" hai2="93,96,66,30,117,33,123,75,125,54,38,55,42" hai3="9,108,67,35,77,39,31,60,130,5,23,120,58"/><W45/><G35/><T112/><D3/><U24/><E115/><V82/><F117/><W101/><G120/><T83/><D119/><U48/><E118/><V104/><F104/><W46/><G77/><T12/><D34/><U4/><E131/><V44/><F125/><W90/><G39/><T19/><D7/><U91/><E105/><V72/><F123/><W0/><G130/><T69/><D69/><U59/><E4/><V10/><F66/><W126/><G126/><T13/><D112/><U76/><E110/><V17/><F82/><W32/><G32/><T100/><D89/><U116/><E116/><V109/><F109/><W71/><G71/><T132/><D132/><U40/><E50/><V26/><F17/><W25/><G108/><T2/><D2/><U121/><E121/><V70/><F10/><W20/><G90/><T11/><D51/><U21/><E21/><V88/><REACH who="2" step="1"/><F70/><REACH who="2" ten="198,219,221,352" step="2"/><W129/><G129/><T94/><D107/><U81/><E81/><V64/><F64/><W135/><G135/><T1/><D1/><U78/><E80/><V87/><F87/><W114/><G114/><T86/><REACH who="0" step="1"/><D43/><REACH who="0" ten="188,219,221,352" step="2"/><U36/><E40/><V106/><F106/><W41/><G41/><T61/><D61/><U113/><E113/><V127/><F127/><W27/><REACH who="3" step="1"/><G101/><REACH who="3" ten="188,219,221,342" step="2"/><T47/><D47/><U6/><E103/><V65/><F65/><AGARI ba="2,3" hai="11,12,13,14,19,56,62,65,79,83,86,94,99,100" machi="65" ten="30,7700,0" yaku="1,1,7,1,8,1,53,1" doraHai="122" doraHaiUra="52" who="0" fromWho="2" sc="188,113,219,0,221,-83,342,0" /><INIT seed="4,0,0,2,3,130" ten="301,219,138,342" oya="0" hai0="10,63,5,55,33,13,4,79,123,133,77,132,27" hai1="82,115,75,44,52,93,83,80,70,78,43,15,11" hai2="88,117,66,2,18,129,107,26,6,118,35,124,48" hai3="119,114,128,51,116,21,0,68,30,125,17,126,87"/><T56/><D123/><U131/><E131/><V113/><F124/><N who="3" m="47723" /><G128/><T102/><D102/><U95/><E115/><V38/><F129/><W94/><G68/><T12/><D33/><U3/><E70/><V72/><F38/><W76/><G0/><T62/><D27/><U49/><E3/><V109/><F72/><W8/><G114/><T1/><D1/><U99/><E43/><V37/><F37/><W104/><G104/><T54/><D56/><U91/><REACH who="1" step="1"/><E95/><REACH who="1" ten="301,209,138,342" step="2"/><V111/><F113/><W64/><G94/><T31/><D10/><U81/><E81/><V36/><F118/><W103/><G8/><T40/><D31/><U67/><E67/><V25/><F66/><W65/><G30/><T69/><D69/><U92/><E92/><V22/><F107/><W29/><G29/><T89/><D89/><U47/><E47/><V24/><F88/><W101/><G64/><T100/><D100/><U32/><E32/><V20/><F35/><W16/><G65/><T58/><D58/><U45/><E45/><V73/><F117/><W85/><G119/><T106/><D106/><U96/><E96/><V42/><F2/><W39/><G116/><T120/><D120/><U34/><E34/><V122/><F42/><AGARI ba="0,1" hai="4,5,12,13,40,42,54,55,62,63,77,79,132,133" machi="42" ten="25,9600,0" yaku="22,2,52,2" doraHai="130" who="0" fromWho="2" sc="301,106,209,0,138,-96,342,0" /><INIT seed="4,1,0,5,0,7" ten="407,209,42,342" oya="0" hai0="40,71,51,135,36,132,96,123,8,29,134,77,118" hai1="72,49,15,14,52,133,107,33,114,112,83,55,50" hai2="75,66,97,86,125,3,44,106,116,74,95,37,21" hai3="5,32,110,81,127,89,27,121,63,103,120,46,22"/><T56/><D118/><U85/><E72/><V64/><F125/><W68/><G110/><T128/><D123/><N who="3" m="47177" /><G32/><T111/><D71/><U115/><E107/><V67/><F116/><W82/><G127/><T34/><D128/><U10/><E33/><V39/><F106/><W98/><G89/><T102/><D111/><U93/><E93/><V25/><F3/><W87/><G5/><T76/><D36/><U126/><E133/><V70/><F70/><W18/><G87/><T78/><D34/><U57/><E126/><V122/><F86/><W79/><G79/><T17/><D29/><U73/><E73/><V61/><F61/><W54/><G46/><T62/><D51/><U19/><E15/><V16/><F122/><W69/><G54/><T117/><D40/><U23/><E23/><V59/><F59/><W129/><G129/><T119/><D96/><U41/><E41/><V130/><F130/><W38/><G38/><T101/><D117/><U42/><E42/><V109/><F39/><W105/><G68/><T124/><D119/><U108/><E108/><V60/><F60/><W20/><G22/><T92/><D124/><U104/><E104/><V12/><F109/><W43/><G43/><T94/><D102/><U90/><E115/><V28/><F44/><AGARI ba="1,0" hai="10,14,19,44,49,50,52,55,57,83,85,90,112,114" machi="44" ten="40,8000,1" yaku="25,2,52,1,54,1" doraHai="7" who="1" fromWho="2" sc="407,0,209,83,42,-83,342,0" owari="407,50.7,292,-10.8,-41,-54.1,342,14.2" /></mjloggm>