<mjloggm ver="2.3"><GO type="169" lobby="0"/><UN n0="%E3%81%86%E3%81%A1%E3%83%BC" n1="%E4%BA%BA%E7%8B%BC" n2="%62%75%72%61%69" n3="%E3%81%9D%E3%81%86%E3%81%9F%E3%81%A3%E3%81%9F" dan="16,16,17,16" rate="2159.83,2049.01,2180.05,2068.91" sx="M,M,M,M"/><TAIKYOKU oya="0"/><INIT seed="0,0,0,4,2,39" ten="250,250,250,250" oya="0" hai0="12,77,74,7,90,65,73,25,23,38,37,79,96" hai1="116,124,102,105,21,71,83,26,49,16,51,111,4" hai2="84,45,135,10,64,133,17,118,43,115,81,121,94" hai3="95,110,35,24,67,68,32,11,14,1,80,86,117"/><T69/><D69/><U55/><E116/><V52/><F121/><W97/><G1/><T53/><D65/><U46/><E111/><V109/><F109/><W56/><G68/><T93/><D77/><U122/><E124/><V48/><F115/><W34/><G117/><T0/><D0/><U112/><E112/><V78/><F118/><W9/><G110/><T22/><D74/><U131/><E131/><V63/><F94/><W72/><G72/><T58/><D79/><U29/><E122/><V8/><F64/><W134/><G134/><N who="2" m="51209" /><F17/><W127/><G24/><T85/><D85/><U36/><E71/><V130/><F130/><W92/><G92/><T5/><D73/><U107/><E36/><N who="2" m="21735" /><F63/><W129/><G129/><T27/><D38/><U50/><E4/><V108/><F108/><W40/><G95/><T103/><D37/><U60/><E83/><V100/><F100/><W106/><G67/><T89/><D5/><U57/><E105/><V20/><F20/><W15/><G34/><T62/><D7/><U59/><E107/><V41/><F41/><W30/><G35/><T70/><D70/><U114/><E114/><V88/><F78/><W120/><G32/><T2/><D2/><U98/><E102/><V33/><F33/><W19/><G106/><T91/><D23/><N who="1" m="15583" /><E98/><V125/><F125/><W18/><G127/><T31/><REACH who="0" step="1"/><D31/><REACH who="0" ten="240,250,250,250" step="2"/><U128/><E128/><V44/><AGARI ba="0,1" hai="8,10,44,48,52,81,84,88" m="21735,51209" machi="44" ten="30,7900,0" yaku="20,1,52,1,54,2" doraHai="39" who="2" fromWho="2" sc="240,-39,250,-20,250,89,250,-20" /><INIT seed="1,0,0,1,1,60" ten="201,230,339,230" oya="1" hai0="31,25,103,105,54,58,91,1,108,71,9,61,110" hai1="115,81,50,51,26,70,24,47,53,95,102,62,124" hai2="111,57,98,75,123,4,77,59,46,66,107,22,67" hai3="85,49,42,0,33,43,64,78,130,52,44,30,76"/><U83/><E115/><V7/><F111/><N who="0" m="42538" /><D71/><U12/><E124/><V96/><F123/><W129/><G0/><T28/><D91/><U114/><E114/><V82/><F46/><W63/><G30/><T32/><D28/><U23/><E12/><V41/><F41/><N who="3" m="15371" /><G85/><T133/><D103/><U56/><E70/><V11/><F22/><W118/><G33/><T14/><D1/><U135/><E135/><V45/><F45/><W113/><G118/><T34/><D105/><U68/><E68/><V3/><F7/><W104/><G104/><T117/><D117/><U121/><E51/><V125/><F125/><W89/><G89/><T69/><D69/><U15/><E15/><V10/><F10/><W87/><G87/><T100/><D100/><U94/><E24/><V20/><F20/><W80/><G80/><N who="1" m="30794" /><E102/><V2/><F2/><W5/><G113/><T55/><D133/><U112/><E112/><V84/><F107/><W73/><G73/><T48/><D25/><U72/><E72/><V116/><F75/><W29/><G29/><T109/><D31/><N who="1" m="17887" /><E121/><V17/><F116/><W21/><G21/><T6/><N who="0" m="42546" /><T65/><DORA hai="122" /><D48/><U128/><E128/><N who="3" m="49258" /><G5/><T120/><D120/><U131/><E131/><V93/><F17/><W19/><G19/><T39/><D39/><U38/><E38/><V36/><F36/><W40/><N who="3" m="15379" /><AGARI ba="0,0" hai="40,47,50,53,56,62,94,95" m="17887,30794" machi="40" ten="30,2900,0" yaku="3,1,8,1" doraHai="60,122" who="1" fromWho="3" sc="201,0,230,29,339,0,230,-29" /><INIT seed="1,1,0,1,2,4" ten="201,259,339,201" oya="1" hai0="82,109,46,39,71,20,119,124,120,121,8,36,16" hai1="63,128,83,31,11,116,111,106,107,3,68,64,69" hai2="85,77,133,135,53,34,88,74,33,81,72,58,9" hai3="67,98,70,6,113,114,118,101,54,97,65,76,89"/><U19/><E116/><V43/><F43/><W80/><G118/><T59/><D119/><U14/><E128/><V75/><F77/><W108/><G108/><T45/><D71/><U42/><E69/><V127/><F127/><W44/><G89/><T90/><D109/><U50/><E111/><V21/><F21/><W134/><G134/><N who="2" m="51209" /><F9/><W24/><G24/><T41/><D59/><U79/><E31/><V105/><F105/><W55/><G70/><T1/><D124/><U13/><E3/><V32/><F32/><W26/><G44/><T87/><D1/><U73/><REACH who="1" step="1"/><E14/><REACH who="1" ten="201,249,339,201" step="2"/><V78/><F78/><W2/><G76/><T35/><D120/><U15/><E15/><V60/><AGARI ba="1,1" hai="33,34,53,58,60,72,74,75,81,85,88" m="51209" machi="60" ten="40,2700,0" yaku="20,1,54,1" doraHai="4" who="2" fromWho="2" sc="201,-8,249,-14,339,40,201,-8" /><INIT seed="2,0,0,4,1,20" ten="193,235,379,193" oya="2" hai0="79,101,30,19,114,127,81,124,43,31,22,54,9" hai1="12,33,41,133,95,11,5,39,53,64,87,123,78" hai2="67,102,21,82,120,66,94,0,99,129,92,27,69" hai3="105,24,49,115,109,132,34,1,100,42,121,25,71"/><V60/><F120/><W70/><G34/><T76/><D114/><U89/><E133/><V73/><F0/><W16/><G1/><T38/><D101/><U91/><E123/><V37/><F37/><W26/><G121/><T107/><D107/><U128/><E128/><V61/><F129/><W56/><G132/><T58/><D9/><U85/><E78/><V75/><F92/><W6/><G6/><T130/><D43/><U83/><E64/><V90/><F82/><W126/><G109/><T112/><D38/><U122/><E122/><V106/><F90/><W96/><G126/><N who="0" m="48171" /><D79/><U55/><E33/><V7/><F7/><W48/><G115/><T4/><D4/><U17/><REACH who="1" step="1"/><E5/><REACH who="1" ten="193,225,379,193" step="2"/><V18/><REACH who="2" step="1"/><F106/><REACH who="2" ten="193,225,369,193" step="2"/><W125/><G125/><T68/><D130/><U47/><AGARI ba="0,2" hai="11,12,17,39,41,47,53,55,83,85,87,89,91,95" machi="47" ten="30,8000,1" yaku="1,1,2,1,0,1,53,2" doraHai="20" doraHaiUra="84" who="1" fromWho="1" sc="193,-20,225,100,369,-40,193,-20" /><INIT seed="3,0,0,0,4,61" ten="173,325,329,173" oya="3" hai0="49,76,1,127,112,24,65,93,44,109,83,0,110" hai1="129,29,80,20,67,7,12,96,75,113,79,8,16" hai2="36,95,101,45,6,58,125,57,70,38,55,89,91" hai3="3,34,11,41,123,37,62,102,5,114,18,9,22"/><W118/><G114/><T43/><D127/><U53/><E113/><V130/><F70/><W122/><G102/><T42/><D112/><U77/><E129/><V126/><F6/><N who="3" m="1247" /><G62/><T103/><D43/><U4/><E53/><V108/><F101/><W88/><G88/><N who="2" m="33865" /><F95/><W69/><G41/><T56/><D24/><U33/><E96/><V87/><F87/><W116/><G37/><N who="2" m="14441" /><F45/><W128/><G34/><T104/><D93/><U21/><E79/><V15/><F55/><W35/><G35/><T107/><D103/><U50/><E50/><V90/><F90/><W71/><G128/><T73/><D104/><U26/><E67/><V68/><F68/><W47/><G47/><T81/><D107/><U105/><E105/><V10/><F130/><W60/><G60/><N who="0" m="38023" /><D83/><U84/><E75/><V120/><F120/><N who="3" m="46123" /><G71/><T13/><D81/><U119/><E119/><N who="3" m="45610" /><G69/><T48/><D76/><U27/><REACH who="1" step="1"/><E21/><REACH who="1" ten="173,315,329,173" step="2"/><V30/><F58/><W28/><G22/><T117/><D117/><U19/><AGARI ba="0,1" hai="4,7,8,12,16,19,20,26,27,29,33,77,80,84" machi="19" ten="20,8000,1" yaku="1,1,2,1,0,1,7,1,54,1,53,0" doraHai="61" doraHaiUra="121" who="1" fromWho="1" sc="173,-20,315,90,329,-20,173,-40" /><INIT seed="4,0,0,4,4,64" ten="153,405,309,133" oya="0" hai0="22,52,82,54,104,21,11,55,81,7,89,24,13" hai1="88,97,36,105,50,10,96,27,62,125,109,23,106" hai2="87,85,26,40,15,113,16,33,120,63,115,101,116" hai3="79,78,28,80,60,20,111,134,90,49,73,131,114"/><T122/><D104/><U35/><E109/><V99/><F120/><W98/><G111/><T86/><D122/><U69/><E36/><V118/><F40/><W121/><G121/><T43/><D43/><U95/><E125/><V68/><F26/><W45/><G114/><N who="2" m="43529" /><F33/><W119/><G134/><T53/><N who="0" m="13312" /><DORA hai="94" /><T58/><D58/><U42/><E10/><N who="2" m="6263" /><F87/><W47/><G28/><T77/><REACH who="0" step="1"/><D24/><REACH who="0" ten="143,405,309,133" step="2"/><U29/><E105/><N who="2" m="63679" /><F85/><AGARI ba="0,1" hai="7,11,13,21,22,77,81,82,85,86,89" m="13312" machi="85" ten="50,12000,1" yaku="1,1,8,1,54,1,53,2" doraHai="64,94" doraHaiUra="93,17" who="0" fromWho="2" sc="143,130,405,0,309,-120,133,0" /><INIT seed="4,1,0,4,5,0" ten="273,405,189,133" oya="0" hai0="131,73,29,123,59,72,135,101,58,44,68,74,13" hai1="93,81,112,119,33,8,48,133,100,111,78,62,89" hai2="51,11,114,105,118,24,86,42,18,67,31,45,7" hai3="14,83,120,69,19,110,32,91,117,128,130,127,129"/><T103/><D68/><U52/><E111/><V40/><F114/><W108/><G69/><T46/><D123/><U9/><E119/><V27/><F105/><W22/><G91/><T124/><D29/><U107/><E133/><V90/><F67/><W3/><G83/><T23/><D135/><U109/><E109/><N who="3" m="42090" /><G117/><T102/><D13/><U53/><E33/><V115/><F115/><W28/><G127/><T94/><D23/><U2/><E112/><V15/><F118/><W54/><G54/><T82/><D82/><U16/><E62/><V35/><F27/><N who="3" m="18463" /><G3/><T92/><D131/><U21/><E107/><V125/><F125/><W122/><AGARI ba="1,0" hai="14,19,22,120,122,128,129,130" m="18463,42090" machi="122" ten="40,5200,0" yaku="19,1,34,2" doraHai="0" who="3" fromWho="3" sc="273,-27,405,-14,189,-14,133,55" /><INIT seed="5,0,0,5,1,122" ten="246,391,175,188" oya="1" hai0="101,29,84,32,124,7,55,133,115,74,51,106,77" hai1="42,13,24,12,88,52,86,15,21,3,10,116,80" hai2="17,31,126,50,81,96,102,125,0,92,47,112,103" hai3="57,67,36,41,110,11,5,83,34,56,100,4,99"/><U113/><E116/><V127/><F0/><W82/><G34/><T16/><D74/><U63/><E113/><V9/><F112/><W78/><G5/><T94/><D106/><U28/><E42/><V97/><F31/><W132/><G132/><T130/><D115/><U14/><E3/><V120/><F120/><W109/><G83/><T111/><D111/><U76/><E76/><V62/><F62/><W131/><G67/><T91/><D7/><U26/><E26/><V30/><F30/><W118/><G131/><T40/><D40/><U128/><E128/><V37/><F37/><W44/><G57/><T108/><D108/><U58/><REACH who="1" step="1"/><E13/><REACH who="1" ten="246,381,175,188" step="2"/><V104/><F127/><W75/><G118/><T117/><D124/><U25/><E25/><V18/><F126/><W79/><G78/><T61/><D77/><U27/><E27/><V71/><F125/><W35/><G35/><T43/><D43/><U72/><E72/><V95/><F104/><N who="3" m="63519" /><G56/><T129/><D117/><U98/><E98/><V46/><F71/><W90/><G90/><T89/><D91/><U8/><AGARI ba="0,1" hai="8,10,12,14,15,21,24,28,52,58,63,80,86,88" machi="8" ten="30,12000,1" yaku="1,1,0,1,8,1,54,2,53,0" doraHai="122" doraHaiUra="33" who="1" fromWho="1" sc="246,-40,381,130,175,-40,188,-40" /><INIT seed="5,1,0,1,5,34" ten="206,511,135,148" oya="1" hai0="16,46,127,23,97,106,13,61,68,125,20,74,67" hai1="55,112,80,133,69,57,11,38,10,93,121,88,48" hai2="51,59,81,83,2,58,36,40,18,17,0,29,39" hai3="28,15,134,82,12,56,3,99,131,14,104,89,63"/><U124/><E121/><V77/><F29/><W86/><G131/><T78/><D46/><U47/><E112/><V71/><F51/><W76/><G134/><T111/><D111/><U72/><E124/><V42/><F77/><W122/><G122/><T64/><D64/><U43/><E133/><V5/><F5/><W41/><G41/><T27/><D78/><U60/><E80/><V9/><F9/><W49/><G28/><T120/><D74/><U73/><E73/><V44/><F44/><W25/><G25/><T98/><D120/><U32/><E32/><V19/><F19/><W108/><G108/><T119/><D119/><U128/><E128/><V116/><F71/><W7/><G49/><T1/><D1/><U101/><E101/><V75/><F75/><W85/><G99/><T115/><D115/><U31/><E31/><V117/><AGARI ba="1,0" hai="0,2,17,18,36,39,40,42,58,59,81,83,116,117" machi="117" ten="25,8000,1" yaku="0,1,22,2,52,2" doraHai="34" who="2" fromWho="2" sc="206,-21,511,-41,135,83,148,-21" /><INIT seed="6,0,0,2,4,30" ten="185,470,218,127" oya="2" hai0="107,135,84,52,4,55,119,37,62,24,112,127,16" hai1="115,133,111,87,18,60,44,70,126,113,96,48,104" hai2="19,51,1,82,56,23,36,132,28,106,109,61,17" hai3="121,58,114,91,13,110,89,66,6,120,85,47,77"/><V86/><F36/><W38/><G110/><T50/><D37/><U45/><E111/><V97/><F1/><W8/><G77/><T0/><D107/><U35/><E35/><V9/><F132/><W92/><G66/><T124/><D135/><U98/><E133/><V5/><F51/><W63/><G114/><T25/><D112/><N who="1" m="43083" /><E126/><N who="0" m="48169" /><D4/><U69/><E45/><V57/><F28/><W21/><G21/><N who="0" m="13351" /><D25/><U15/><E87/><V122/><F106/><W131/><G131/><T31/><D31/><U22/><E60/><V26/><F19/><W41/><REACH who="3" step="1"/><G91/><REACH who="3" ten="185,470,218,117" step="2"/><T59/><D119/><U102/><E98/><V101/><F109/><W74/><G74/><T93/><D84/><U73/><E73/><V39/><F86/><W75/><G75/><T7/><D0/><U118/><E118/><V88/><F97/><W68/><G68/><T64/><D64/><U12/><E12/><V76/><F88/><W130/><G130/><T78/><D78/><U95/><E104/><V10/><F76/><W49/><G49/><T125/><D125/><U67/><E67/><V123/><F39/><W90/><G90/><T11/><D50/><U116/><E116/><V108/><F108/><W42/><G42/><AGARI ba="0,1" hai="15,18,22,42,44,48,69,70,95,96,102" m="43083" machi="42" ten="30,1000,0" yaku="15,1" doraHai="30" who="1" fromWho="3" sc="185,0,470,20,218,0,117,-10" /><INIT seed="7,0,0,5,5,16" ten="185,490,218,107" oya="3" hai0="8,92,72,52,89,66,74,1,34,38,132,6,134" hai1="46,103,30,96,24,75,70,82,65,124,117,31,64" hai2="26,122,19,107,114,105,20,33,128,83,57,43,41" hai3="51,104,2,111,116,90,115,99,35,71,87,121,0"/><W69/><G116/><T94/><D38/><U60/><E117/><V91/><F114/><W112/><G121/><T135/><D34/><U61/><E124/><V97/><F33/><W7/><G35/><T133/><D133/><U49/><E82/><V4/><F128/><W126/><G126/><T101/><D66/><U73/><E61/><V81/><F4/><W62/><G111/><T131/><D131/><U85/><E85/><V95/><F107/><W53/><G99/><N who="0" m="59623" /><D52/><U44/><E65/><V9/><F105/><W98/><G98/><AGARI ba="0,0" hai="1,6,8,72,74,89,94,98,132,134,135" m="59623" machi="98" ten="30,1000,0" yaku="20,1" doraHai="16" who="0" fromWho="3" sc="185,10,490,0,218,0,107,-10" owari="195,-20.5,490,59.0,218,1.8,97,-40.3" /></mjloggm>