<mjloggm ver="2.3"><GO type="169" lobby="0"/><UN n0="%E9%95%B7%E5%B2%A1" n1="%53%68%69%72%6C%65%79" n2="%4E%49%4A%49%49%52%4F" n3="%E5%AF%BF%E4%BA%BA%E6%B5%81%E7%89%8C%E6%89%8B" dan="16,16,17,16" rate="2051.80,2069.83,2239.70,2140.98" sx="M,M,M,M"/><TAIKYOKU oya="0"/><INIT seed="0,0,0,2,1,115" ten="250,250,250,250" oya="0" hai0="110,97,40,86,57,63,27,73,74,82,65,54,126" hai1="94,72,2,1,11,10,35,121,62,41,33,46,125" hai2="39,128,134,75,55,37,113,87,68,89,64,123,99" hai3="15,83,107,132,32,88,79,49,106,100,92,71,13"/><T43/><D126/><U78/><E121/><V60/><F113/><W38/><G38/><T108/><D97/><U52/><E125/><V22/><F123/><W25/><G71/><T90/><D54/><U130/><E130/><V19/><F128/><W24/><G132/><T104/><D104/><U3/><E94/><V30/><F75/><W21/><G32/><T36/><D27/><U95/><E95/><V9/><F134/><W69/><G69/><T50/><D50/><U17/><E17/><V109/><F109/><N who="0" m="42090" /><D36/><U18/><E18/><V48/><F99/><W26/><G49/><T7/><D7/><U20/><E20/><V6/><F37/><W8/><G21/><T61/><D63/><U81/><E41/><AGARI ba="0,0" hai="40,41,43,57,61,65,73,74,82,86,90" m="42090" machi="41" ten="30,2900,0" yaku="14,1,10,1" doraHai="115" who="0" fromWho="1" sc="250,29,250,-29,250,0,250,0" /><INIT seed="0,1,0,4,0,108" ten="279,221,250,250" oya="0" hai0="39,57,63,30,28,86,101,60,75,133,45,23,79" hai1="65,81,106,102,44,87,127,104,117,132,37,85,22" hai2="34,107,53,96,128,109,134,78,68,17,55,5,41" hai3="20,19,83,40,111,64,122,123,58,110,15,8,66"/><T62/><D133/><U82/><E117/><V93/><F34/><W91/><G40/><T4/><D75/><U113/><E132/><V36/><F68/><W6/><G83/><T76/><D4/><U27/><E127/><V1/><F107/><W42/><G42/><T97/><D39/><U59/><E44/><V25/><F78/><W61/><G66/><T124/><D124/><U12/><E37/><V77/><F109/><N who="3" m="41483" /><G91/><T105/><D45/><U84/><E12/><AGARI ba="1,0" hai="6,8,12,15,19,20,58,61,64,122,123" m="41483" machi="12" ten="30,1000,0" yaku="14,1" doraHai="108" who="3" fromWho="1" sc="279,0,221,-13,250,0,250,13" /><INIT seed="1,0,0,0,1,60" ten="279,208,250,263" oya="1" hai0="91,119,65,61,4,117,5,7,86,126,112,43,118" hai1="48,35,108,28,111,27,46,50,3,77,78,103,1" hai2="121,16,20,97,58,125,106,12,47,110,69,30,100" hai3="38,41,57,94,64,13,113,63,33,134,44,52,120"/><U67/><E103/><V80/><F110/><N who="1" m="42025" /><E48/><V105/><F69/><W18/><G18/><T127/><D43/><N who="1" m="24927" /><E67/><V92/><F121/><W93/><G120/><T71/><REACH who="0" step="1"/><D112/><REACH who="0" ten="269,208,250,263" step="2"/><U42/><E42/><V36/><F36/><W19/><G33/><T116/><N who="0" m="29696" /><DORA hai="62" /><T87/><D87/><U37/><E37/><V85/><F85/><W34/><G34/><T123/><D123/><U14/><E14/><V9/><F12/><W29/><G113/><T81/><AGARI ba="0,1" hai="4,5,7,61,65,71,81,86,91,126,127" m="29696" machi="81" ten="60,8000,1" yaku="1,1,0,1,52,2,53,1" doraHai="60,62" doraHaiUra="53,76" who="0" fromWho="0" sc="269,90,208,-40,250,-20,263,-20" /><INIT seed="2,0,0,0,4,43" ten="359,168,230,243" oya="2" hai0="129,28,57,34,71,47,4,84,29,122,62,75,83" hai1="126,112,127,68,86,118,120,23,13,55,116,114,12" hai2="123,106,85,78,91,19,113,36,87,93,22,35,64" hai3="61,81,46,134,102,89,105,38,132,80,108,79,49"/><V131/><F123/><W77/><G38/><T100/><D122/><U58/><E120/><V42/><F106/><W73/><G108/><T2/><D129/><U27/><E68/><V50/><F35/><W95/><G61/><T14/><D75/><U101/><E101/><V41/><F131/><W133/><G105/><T125/><D125/><N who="1" m="47627" /><E86/><V70/><F113/><N who="1" m="43625" /><E55/><V26/><F36/><W39/><G39/><T33/><D71/><U103/><E103/><V5/><F5/><W97/><G49/><T31/><D2/><U8/><E58/><V66/><F70/><W56/><G56/><T76/><D100/><U37/><E37/><V135/><F135/><W90/><G46/><T15/><D47/><U99/><E99/><V121/><F121/><W9/><G9/><T21/><D4/><N who="1" m="3079" /><E13/><V69/><F69/><W98/><G98/><T48/><D14/><U59/><E59/><V67/><REACH who="2" step="1"/><F50/><REACH who="2" ten="359,168,220,243" step="2"/><W53/><REACH who="3" step="1"/><G53/><REACH who="3" ten="359,168,220,233" step="2"/><T72/><D48/><U40/><E40/><V117/><F117/><W7/><G7/><T11/><D57/><U16/><AGARI ba="0,2" hai="16,23,27,116,118" m="3079,43625,47627" machi="16" ten="30,7900,0" yaku="18,1,34,2,54,1" doraHai="43" who="1" fromWho="1" sc="359,-20,168,99,220,-39,233,-20" /><INIT seed="3,0,0,2,2,128" ten="339,267,181,213" oya="3" hai0="14,119,98,135,109,68,78,107,88,132,10,29,40" hai1="33,13,21,108,41,25,22,76,24,96,95,89,23" hai2="73,120,82,36,121,56,111,79,1,39,50,28,74" hai3="48,5,85,81,114,125,0,61,45,67,43,112,38"/><W126/><G0/><T115/><D119/><U54/><E108/><V103/><F111/><W47/><G5/><T4/><D109/><U72/><E41/><V53/><F74/><W9/><G9/><T129/><D129/><U64/><E64/><V117/><F117/><W105/><G105/><T26/><D68/><U87/><E72/><V6/><F103/><W27/><G27/><N who="1" m="10314" /><E33/><V58/><F28/><W97/><G97/><T106/><D78/><U16/><E54/><V91/><F58/><N who="3" m="37303" /><G85/><T104/><D40/><U71/><E71/><V69/><F69/><W57/><G81/><AGARI ba="0,0" hai="13,16,21,22,23,76,81,87,89,95,96" m="10314" machi="81" ten="30,2000,0" yaku="8,1,54,1" doraHai="128" who="1" fromWho="3" sc="339,0,267,20,181,0,213,-20" /><INIT seed="4,0,0,1,1,55" ten="339,287,181,193" oya="0" hai0="43,133,86,63,51,54,71,13,1,66,29,118,72" hai1="117,108,104,8,15,70,134,76,37,113,126,119,82" hai2="94,12,34,125,130,64,112,2,120,123,52,20,24" hai3="26,40,102,127,0,84,57,109,9,21,33,30,75"/><T56/><D1/><U39/><E108/><V99/><F112/><W6/><G109/><T106/><D72/><U124/><E70/><V81/><F2/><W80/><G127/><N who="1" m="48682" /><E104/><V129/><F125/><W128/><G128/><N who="2" m="49257" /><F64/><W48/><G102/><T100/><D133/><U116/><E134/><V92/><F81/><W96/><G96/><N who="0" m="61703" /><D13/><U132/><E113/><V90/><F34/><W91/><G75/><T61/><D86/><N who="1" m="48455" /><E132/><V107/><F12/><W135/><G135/><T98/><D98/><U73/><E73/><V41/><F41/><W103/><G103/><T3/><D3/><U101/><E101/><V93/><F107/><W32/><REACH who="3" step="1"/><G40/><REACH who="3" ten="339,287,181,183" step="2"/><T87/><D87/><U68/><E117/><V16/><F123/><W18/><G18/><T7/><D118/><U74/><E74/><V95/><F120/><W4/><G4/><T49/><D7/><U89/><E116/><V110/><F110/><W47/><G47/><T88/><D43/><U114/><E119/><V36/><F36/><W23/><G23/><T38/><D38/><U14/><E37/><V83/><F83/><W131/><G131/><T19/><D19/><U10/><E39/><V85/><F85/><W105/><G105/><T31/><D31/><U77/><E114/><V50/><F94/><W25/><G25/><T65/><D29/><U121/><E121/><V28/><F28/><W115/><G115/><T22/><D22/><U62/><E8/><V59/><AGARI ba="0,1" hai="16,20,24,50,52,59,90,92,93,95,99" m="49257" machi="59" ten="30,7900,0" yaku="19,1,52,1,54,2" doraHai="55" who="2" fromWho="2" sc="339,-39,287,-20,181,89,183,-20" /><INIT seed="5,0,0,0,1,92" ten="300,267,270,163" oya="1" hai0="44,80,65,64,96,88,74,19,95,7,127,120,58" hai1="48,129,81,21,33,42,16,132,23,22,123,78,12" hai2="14,111,107,52,103,118,134,115,83,1,86,24,36" hai3="87,84,125,40,117,5,35,13,101,8,61,6,94"/><U26/><E123/><V79/><F111/><W85/><G35/><T112/><D112/><U102/><E132/><V97/><F134/><W108/><G108/><T133/><D133/><U130/><E102/><V67/><F118/><W62/><G125/><T37/><D127/><U32/><E42/><V82/><F1/><W57/><G117/><T90/><D120/><U124/><E124/><V43/><F115/><W34/><G34/><T27/><D7/><U10/><E48/><V4/><F67/><W60/><G40/><T105/><D105/><U104/><E104/><V122/><F122/><W75/><G75/><T38/><D38/><U46/><E46/><V72/><F24/><W56/><REACH who="3" step="1"/><G5/><REACH who="3" ten="300,267,270,153" step="2"/><T47/><D74/><U30/><REACH who="1" step="1"/><E33/><REACH who="1" ten="300,257,270,153" step="2"/><V20/><F36/><W106/><G106/><T68/><D37/><U121/><E121/><V70/><F107/><W114/><G114/><T3/><D68/><U110/><E110/><V41/><F70/><W128/><G128/><T71/><D71/><U69/><E69/><V53/><F41/><W29/><G29/><T89/><D44/><U54/><E54/><V2/><F43/><W9/><G9/><T99/><D47/><U91/><E91/><V73/><F53/><W17/><G17/><T49/><D90/><U0/><E0/><V66/><F52/><W113/><G113/><T77/><D3/><U131/><E131/><V76/><F2/><W51/><G51/><T100/><D89/><U116/><E116/><V31/><F76/><W126/><G126/><T98/><D49/><U119/><E119/><V25/><F79/><RYUUKYOKU ba="0,2" sc="300,-15,257,15,270,-15,153,15" hai1="10,12,16,21,22,23,26,30,32,78,81,129,130" hai3="6,8,13,56,57,60,61,62,84,85,87,94,101" /><INIT seed="5,1,2,4,0,67" ten="285,272,255,168" oya="1" hai0="18,17,56,125,76,122,129,6,82,43,65,38,93" hai1="64,128,74,50,80,46,77,27,101,30,97,47,81" hai2="85,0,94,130,91,113,99,134,90,1,84,121,95" hai3="22,5,15,107,106,25,60,58,89,69,108,14,117"/><U42/><E128/><V103/><F121/><W133/><G108/><T54/><D129/><U135/><E135/><V96/><F130/><W119/><G133/><T68/><D125/><U10/><E81/><N who="2" m="49423" /><F0/><W115/><G115/><T62/><D122/><U36/><E64/><V37/><F1/><W123/><G123/><T57/><D6/><U35/><E10/><V73/><F37/><W40/><G40/><T104/><D104/><U70/><E70/><V45/><F45/><W29/><G89/><T131/><D131/><U114/><E114/><V21/><F21/><W59/><G59/><T116/><D116/><N who="3" m="44617" /><G69/><T100/><D57/><U110/><E110/><V92/><F134/><W3/><G3/><T63/><D43/><U31/><E31/><V44/><F44/><W118/><N who="3" m="44625" /><W7/><DORA hai="4" /><G7/><T28/><D38/><U23/><E35/><V87/><F113/><W66/><G14/><T75/><REACH who="0" step="1"/><D28/><REACH who="0" ten="275,272,255,168" step="2"/><U132/><E132/><V109/><F109/><W53/><G66/><T78/><D78/><U39/><E47/><V98/><F73/><W102/><G102/><AGARI ba="1,3" hai="85,87,91,92,94,95,96,98,99,102,103" m="49423" machi="102" ten="30,12000,2" yaku="8,1,35,5" doraHai="67,4" who="2" fromWho="3" sc="275,0,272,0,255,153,168,-123" /><INIT seed="6,0,0,4,1,99" ten="275,272,408,45" oya="2" hai0="91,93,58,47,57,61,135,21,52,20,48,42,22" hai1="100,84,78,44,2,62,33,131,41,34,7,106,90" hai2="89,15,87,67,29,6,32,132,14,65,119,83,108" hai3="79,1,9,95,50,94,36,39,59,27,123,23,3"/><V25/><F108/><W69/><G123/><T28/><D135/><U103/><E106/><V60/><F132/><W110/><G110/><T54/><D28/><U107/><E107/><V24/><F119/><W101/><G69/><T122/><D122/><U127/><E78/><V129/><F129/><W31/><G79/><T96/><REACH who="0" step="1"/><D22/><REACH who="0" ten="265,272,408,45" step="2"/><U38/><E131/><V126/><F29/><W12/><G23/><T86/><D86/><U68/><E127/><V113/><F87/><W120/><G31/><T53/><D53/><U0/><E34/><V64/><F67/><W80/><G120/><T97/><D97/><U81/><E33/><V92/><F64/><W134/><G134/><T115/><D115/><U30/><E30/><V118/><F65/><W116/><G116/><T45/><D45/><U133/><E133/><V55/><F113/><W35/><G35/><T10/><D10/><U19/><E44/><V85/><F32/><W73/><G9/><T5/><D5/><U124/><E7/><V37/><F6/><W105/><G73/><T76/><D76/><U104/><E84/><V4/><F85/><W43/><G1/><T8/><D8/><U70/><E0/><V75/><F4/><W82/><G3/><T102/><D102/><U49/><E103/><V71/><F75/><W112/><G101/><T114/><D114/><U11/><E100/><V77/><F77/><W130/><G112/><T88/><D88/><U117/><E90/><V121/><F89/><W26/><G130/><T18/><D18/><U56/><E19/><V40/><F121/><W46/><G105/><RYUUKYOKU ba="0,1" sc="265,30,272,-10,408,-10,45,-10" hai0="20,21,42,47,48,52,54,57,58,61,91,93,96" /><INIT seed="7,1,1,5,2,89" ten="295,262,398,35" oya="3" hai0="1,105,111,49,101,70,59,16,124,94,67,126,2" hai1="110,108,107,129,71,53,75,123,29,50,90,8,57" hai2="20,79,78,104,131,63,31,25,38,17,102,81,134" hai3="72,82,87,6,3,121,46,7,54,92,0,115,24"/><W12/><G121/><T64/><D111/><U65/><E123/><V48/><F38/><W51/><G72/><T84/><D105/><U86/><E75/><V100/><F131/><W66/><G115/><T116/><D116/><U133/><E107/><V80/><F134/><W73/><G73/><T118/><D118/><U52/><E129/><V33/><F63/><W19/><G0/><N who="0" m="107" /><D70/><U26/><E8/><V61/><F61/><W85/><G3/><T21/><D101/><N who="2" m="39018" /><F104/><W132/><G132/><T69/><D69/><U117/><E133/><V41/><F33/><W58/><G24/><N who="0" m="14375" /><D94/><U77/><E77/><N who="2" m="29195" /><F31/><W18/><G18/><T125/><D84/><N who="3" m="32329" /><G82/><T130/><D130/><U122/><E122/><V135/><F135/><W35/><G35/><T34/><D34/><U95/><E117/><V76/><F76/><W32/><G32/><T120/><D120/><U127/><E108/><V97/><F97/><W119/><G119/><T36/><D36/><U44/><E110/><V43/><F48/><N who="3" m="31047" /><G66/><T114/><D114/><U13/><E65/><V45/><F45/><W106/><G106/><T88/><D67/><U109/><E109/><V22/><F81/><W37/><G37/><T68/><D68/><U96/><E71/><V93/><F80/><W113/><G113/><T30/><D30/><U47/><E13/><V39/><F39/><W40/><G92/><T74/><D74/><U103/><E127/><V5/><F93/><W91/><G91/><T4/><D88/><U11/><E95/><V62/><F62/><W60/><G60/><N who="0" m="37919" /><D49/><U15/><E50/><V27/><F27/><RYUUKYOKU ba="1,1" sc="295,15,262,-15,398,-15,35,15" hai0="4,124,125,126" hai3="6,7,12,19,40,46,51" /><INIT seed="7,2,1,5,1,118" ten="310,247,383,50" oya="3" hai0="69,34,55,96,71,51,6,25,27,59,93,111,19" hai1="122,100,53,33,23,109,18,22,86,94,134,67,46" hai2="3,130,98,8,31,78,47,2,4,80,13,128,16" hai3="56,24,40,66,11,72,49,39,64,30,45,110,81"/><W105/><G110/><T75/><D75/><U77/><E109/><V26/><F98/><W57/><G105/><T36/><D36/><U76/><E134/><V103/><F103/><W106/><G106/><T50/><D6/><U73/><E33/><N who="2" m="20727" /><F47/><W37/><G11/><T90/><D111/><U88/><E122/><V0/><F80/><W115/><G115/><T107/><D107/><U97/><E67/><V82/><F82/><W52/><G39/><T83/><D83/><U117/><E73/><V29/><F29/><W125/><G125/><T43/><D27/><N who="1" m="14807" /><E23/><N who="2" m="11663" /><F78/><W119/><G119/><T70/><D43/><U1/><E1/><AGARI ba="2,1" hai="0,1,2,3,4,8,128,130" m="11663,20727" machi="1" ten="30,7700,0" yaku="24,1,34,2,54,1" doraHai="118" who="2" fromWho="1" sc="310,0,247,-83,383,93,50,0" owari="310,11.0,164,-23.6,476,57.6,50,-45.0" /></mjloggm>