<mjloggm ver="2.3"><GO type="169" lobby="0"/><UN n0="%E6%99%AE%E9%9C%B2%E9%9C%B2" n1="%61%73%61%64%61%31%32" n2="%E3%82%B0%E3%83%B3%E3%83%80%E3%83%AA%E3%83%BC" n3="%43%68%65" dan="16,17,19,16" rate="2153.87,2169.61,2282.65,2086.39" sx="M,M,M,M"/><TAIKYOKU oya="0"/><INIT seed="0,0,0,3,5,73" ten="250,250,250,250" oya="0" hai0="113,106,77,97,29,23,21,39,87,122,28,126,108" hai1="36,98,79,116,14,57,54,27,24,52,12,71,66" hai2="134,102,119,6,61,55,94,83,93,13,80,37,78" hai3="59,76,16,11,3,56,51,111,41,35,117,25,67"/><T124/><D122/><U70/><E36/><V62/><F134/><W105/><G117/><T100/><D39/><U135/><E116/><V48/><F37/><W133/><G105/><T17/><D113/><U68/><E135/><V8/><F119/><W53/><G41/><T121/><D121/><U99/><E66/><V2/><F2/><W5/><G133/><T128/><D128/><U104/><E104/><V19/><F83/><W131/><G111/><T88/><D77/><U45/><E45/><V91/><F102/><W44/><G131/><T86/><D86/><U22/><E79/><V15/><F94/><W33/><G33/><T9/><D9/><U49/><E54/><V125/><F125/><N who="0" m="48234" /><D108/><U47/><E47/><V64/><F64/><W38/><G38/><T10/><D10/><U130/><E130/><V95/><F6/><W127/><G127/><T32/><D32/><U72/><E72/><V107/><F107/><W110/><G110/><T103/><D103/><U81/><E81/><V109/><F95/><W114/><G114/><T90/><D23/><U85/><E85/><N who="2" m="48279" /><F15/><W40/><G76/><T0/><D0/><U18/><E12/><V75/><F75/><W112/><G112/><T84/><D84/><U129/><REACH who="1" step="1"/><E129/><REACH who="1" ten="250,240,250,250" step="2"/><V123/><F123/><W26/><G3/><T89/><D87/><U96/><AGARI ba="0,1" hai="14,18,22,24,27,49,52,57,68,70,71,96,98,99" machi="96" ten="40,8000,1" yaku="1,1,2,1,0,1,54,1,53,0" doraHai="73" doraHaiUra="4" who="1" fromWho="1" sc="250,-40,240,90,250,-20,250,-20" /><INIT seed="1,0,0,0,3,69" ten="210,330,230,230" oya="1" hai0="59,117,58,57,67,81,128,134,89,52,116,54,130" hai1="118,133,38,14,7,61,82,8,35,93,120,31,115" hai2="71,131,88,56,34,40,60,105,45,21,0,41,30" hai3="6,2,22,86,19,16,96,77,66,102,84,83,33"/><U104/><E115/><V5/><F131/><N who="0" m="50218" /><D81/><U111/><E104/><V24/><F105/><W95/><G33/><T53/><D89/><U9/><E120/><V78/><F71/><W25/><G66/><T64/><D134/><U79/><E118/><AGARI ba="0,0" hai="52,53,54,57,58,59,64,67,116,117,118" m="50218" machi="118" ten="40,12000,2" yaku="28,2,19,1,34,2,54,1" doraHai="69" who="0" fromWho="1" sc="210,120,330,-120,230,0,230,0" /><INIT seed="2,0,0,3,1,79" ten="330,210,230,230" oya="2" hai0="64,46,94,32,26,67,21,28,6,31,128,104,2" hai1="13,88,121,55,112,22,14,50,45,80,15,109,86" hai2="96,38,30,44,90,97,111,124,1,99,5,57,103" hai3="36,114,39,73,84,77,16,106,100,48,47,71,93"/><V131/><F30/><W61/><G114/><T98/><D104/><U51/><E112/><V10/><F124/><W95/><G106/><T108/><D108/><U102/><E109/><V118/><F131/><W101/><G73/><T72/><D72/><U134/><E134/><V119/><F111/><W18/><G61/><T17/><D31/><U135/><E135/><V23/><F103/><W120/><G71/><T125/><D125/><U3/><E3/><V87/><F23/><W0/><G0/><T107/><D107/><U92/><E121/><V24/><F24/><W27/><G27/><T130/><D46/><U58/><E102/><V85/><F57/><W41/><G120/><T29/><D29/><U52/><E92/><N who="3" m="35402" /><G39/><T62/><D62/><U7/><E22/><V56/><F56/><W8/><G36/><T69/><D69/><U91/><E91/><V122/><F122/><W74/><G74/><T43/><D130/><U70/><E70/><V59/><F59/><W117/><G117/><T25/><D128/><U63/><E63/><V11/><F10/><AGARI ba="0,0" hai="7,10,13,14,15,45,50,51,52,55,58,80,86,88" machi="10" ten="40,8000,1" yaku="8,1,52,1,54,2" doraHai="79" who="1" fromWho="2" sc="330,0,210,80,230,-80,230,0" /><INIT seed="3,0,0,3,4,121" ten="330,290,150,230" oya="3" hai0="120,50,130,10,33,91,34,48,101,41,14,133,13" hai1="19,109,107,38,95,124,1,134,88,54,78,81,5" hai2="11,108,56,68,76,62,4,89,100,67,96,93,117" hai3="126,115,37,52,119,70,111,122,23,28,102,113,30"/><W65/><G37/><T16/><D120/><U112/><E54/><V131/><F131/><W8/><G122/><T9/><D130/><U73/><E19/><V20/><F117/><W118/><G102/><T39/><D133/><U90/><E5/><V58/><F76/><W103/><G103/><T47/><D101/><U53/><E53/><V63/><F108/><W105/><G105/><T61/><D61/><U6/><E107/><V3/><F68/><W15/><G52/><T114/><D114/><N who="3" m="43529" /><G65/><T82/><D48/><U26/><E112/><V22/><REACH who="2" step="1"/><F100/><REACH who="2" ten="330,290,140,230" step="2"/><W31/><G70/><T79/><D91/><U129/><E90/><V25/><F25/><W40/><G111/><T77/><D79/><U24/><E78/><V69/><F69/><W83/><G118/><T17/><REACH who="0" step="1"/><D39/><REACH who="0" ten="320,290,140,230" step="2"/><U125/><E38/><V127/><F127/><W72/><G126/><T86/><AGARI ba="0,2" hai="9,10,13,14,16,17,33,34,41,47,50,77,82,86" machi="86" ten="20,12000,2" yaku="1,1,2,1,0,1,7,1,9,1,54,1,53,0" doraHai="121" doraHaiUra="55" who="0" fromWho="0" sc="320,140,290,-30,140,-30,230,-60" /><INIT seed="4,0,0,2,5,56" ten="460,260,110,170" oya="0" hai0="16,126,46,107,92,105,95,106,71,87,6,30,76" hai1="62,36,102,33,27,20,34,53,49,113,79,118,83" hai2="51,12,29,101,73,19,60,1,103,63,86,66,3" hai3="74,41,54,80,122,9,15,13,39,17,90,125,69"/><T131/><D71/><U97/><E36/><V55/><F73/><W0/><G0/><T32/><D126/><U78/><E118/><V89/><F1/><W68/><G125/><T28/><D6/><U112/><E33/><V8/><F29/><W111/><G111/><T26/><D30/><U67/><E34/><V35/><F35/><W43/><G122/><T59/><D131/><U37/><E37/><V70/><F3/><W21/><G54/><T121/><D121/><U132/><E132/><V45/><REACH who="2" step="1"/><F63/><REACH who="2" ten="460,260,100,170" step="2"/><W110/><G110/><T61/><D61/><U65/><E62/><V38/><F38/><W130/><G39/><T117/><D28/><U18/><E113/><V4/><F4/><W88/><G130/><T23/><D32/><U129/><E112/><V109/><F109/><W44/><G74/><T119/><D119/><U114/><E114/><V85/><F85/><W47/><G17/><T10/><D16/><U72/><E129/><V128/><F128/><W52/><G69/><T14/><D87/><U100/><E72/><V81/><AGARI ba="0,1" hai="8,12,19,45,51,55,60,66,70,81,86,89,101,103" machi="81" ten="20,12000,2" yaku="1,1,0,1,7,1,25,2,52,1,53,0" doraHai="56" doraHaiUra="25" who="2" fromWho="2" sc="460,-60,260,-30,100,130,170,-30" /><INIT seed="5,0,0,5,4,102" ten="400,230,230,140" oya="1" hai0="132,78,114,131,34,109,112,29,118,113,70,17,2" hai1="19,9,7,128,85,36,28,71,24,89,107,48,121" hai2="46,60,0,25,106,83,120,50,101,37,129,68,59" hai3="5,90,86,15,23,40,105,41,124,116,27,110,42"/><U111/><E36/><V91/><F0/><W22/><G110/><T26/><D70/><U43/><E121/><V62/><F120/><W52/><G124/><T65/><D109/><U135/><E71/><V127/><F37/><W6/><G116/><T99/><D65/><U100/><E111/><V72/><F72/><W13/><G105/><T96/><D118/><U115/><E19/><V16/><F101/><W53/><G15/><T87/><D131/><U35/><E128/><V92/><F106/><W67/><G67/><T73/><D132/><U77/><E115/><V97/><F68/><W93/><G23/><T38/><D2/><U133/><E77/><V58/><F83/><W31/><REACH who="3" step="1"/><G6/><REACH who="3" ten="400,230,230,130" step="2"/><T94/><D114/><U88/><E133/><V108/><F127/><W84/><G84/><T54/><D87/><U130/><E135/><V61/><F108/><W39/><G39/><T32/><D38/><U49/><E130/><V69/><F129/><W20/><G20/><T79/><D113/><U117/><E117/><V125/><F125/><W45/><G45/><T104/><D104/><U4/><E4/><V76/><F69/><W10/><AGARI ba="0,1" hai="5,10,13,22,27,31,40,41,42,52,53,86,90,93" machi="10" ten="30,8000,1" yaku="1,1,0,1,8,1,54,1,53,1" doraHai="102" doraHaiUra="3" who="3" fromWho="3" sc="400,-20,230,-40,230,-20,130,90" /><INIT seed="6,0,0,4,3,37" ten="380,190,210,220" oya="2" hai0="16,90,25,74,65,75,31,68,54,67,48,120,93" hai1="86,0,79,66,105,104,134,94,23,131,128,61,108" hai2="40,3,4,15,123,45,64,100,98,71,33,6,121" hai3="9,83,113,53,81,5,59,47,135,18,14,76,106"/><V24/><F6/><W13/><G135/><T26/><D120/><U21/><E0/><V114/><F15/><W110/><G110/><T42/><D68/><U73/><E108/><V92/><F114/><W70/><G70/><T28/><D75/><U85/><E134/><V111/><F111/><W11/><G106/><N who="1" m="41066" /><E73/><V1/><F64/><W84/><G113/><T57/><D74/><U38/><E38/><V36/><F71/><W124/><G124/><T55/><D55/><U17/><E79/><V132/><F132/><W27/><G83/><T10/><D65/><U7/><E7/><V30/><REACH who="2" step="1"/><F4/><REACH who="2" ten="380,190,200,220" step="2"/><W44/><REACH who="3" step="1"/><G27/><REACH who="3" ten="380,190,200,210" step="2"/><T72/><D25/><U34/><E66/><V107/><F107/><W58/><G58/><T41/><D67/><U2/><E2/><AGARI ba="0,2" hai="1,2,3,24,30,33,36,40,45,92,98,100,121,123" machi="2" ten="40,3900,0" yaku="1,1,52,1,53,0" doraHai="37" doraHaiUra="133" who="2" fromWho="1" sc="380,0,190,-39,200,59,210,0" /><INIT seed="6,1,0,3,1,91" ten="380,151,259,210" oya="2" hai0="62,35,34,67,89,31,48,28,114,57,63,123,25" hai1="105,40,29,97,81,90,58,120,55,4,68,17,59" hai2="23,38,78,53,107,30,51,10,119,33,80,27,47" hai3="100,124,36,20,132,71,52,87,6,42,74,18,88"/><V37/><F119/><W102/><G74/><T79/><D123/><U11/><E68/><V106/><F38/><W82/><G71/><T85/><D79/><U92/><E120/><V95/><F37/><W2/><G124/><T111/><D111/><U16/><E105/><V125/><F125/><W8/><G132/><T109/><D114/><U135/><E135/><V43/><F43/><W104/><G104/><T49/><D63/><U45/><E29/><V86/><F33/><W24/><REACH who="3" step="1"/><G52/><REACH who="3" ten="380,151,259,200" step="2"/><T117/><D109/><U116/><E116/><V128/><F128/><W118/><G118/><T134/><D134/><U93/><E55/><V5/><REACH who="2" step="1"/><F95/><REACH who="2" ten="380,151,249,200" step="2"/><N who="1" m="36425" /><E40/><V115/><F115/><W12/><G12/><AGARI ba="1,2" hai="5,10,12,23,27,30,47,51,53,78,80,86,106,107" machi="12" ten="30,5800,0" yaku="1,1,7,1,53,1" doraHai="91" doraHaiUra="75" who="2" fromWho="3" sc="380,0,151,0,249,81,200,-61" /><INIT seed="6,2,0,5,4,23" ten="380,151,330,139" oya="2" hai0="85,70,0,9,62,24,30,127,34,129,105,37,6" hai1="67,82,95,2,133,31,47,102,107,60,64,8,36" hai2="44,123,132,119,27,121,114,29,28,108,79,104,48" hai3="110,12,80,96,116,88,63,92,55,10,7,128,81"/><V35/><F104/><W13/><G110/><T39/><D127/><U66/><E133/><V91/><F119/><W69/><G116/><T20/><D129/><U42/><E107/><V131/><F131/><W94/><G128/><T17/><D105/><U113/><E113/><V43/><F114/><W22/><G69/><T58/><D85/><U135/><E135/><V26/><F132/><W15/><G94/><T19/><D70/><U120/><E120/><V1/><F108/><W75/><G75/><T122/><D122/><U77/><E31/><V14/><F1/><W32/><G32/><T78/><D78/><U99/><E60/><V41/><F79/><W126/><G126/><T111/><D17/><U97/><E99/><V86/><F14/><N who="3" m="5739" /><G22/><T21/><D21/><U16/><E16/><V11/><F11/><W46/><G46/><T112/><D111/><U3/><REACH who="1" step="1"/><E8/><REACH who="1" ten="380,141,330,139" step="2"/><V4/><F121/><W117/><G117/><T124/><D112/><U45/><E45/><V134/><F123/><W73/><G73/><AGARI ba="2,1" hai="2,3,36,42,47,64,66,67,73,77,82,95,97,102" machi="73" ten="40,5200,0" yaku="1,1,53,2" doraHai="23" doraHaiUra="33" who="1" fromWho="3" sc="380,0,141,68,330,0,139,-58" /><INIT seed="7,0,0,4,4,90" ten="380,209,330,81" oya="3" hai0="25,107,10,39,17,29,5,27,56,123,35,58,13" hai1="18,112,61,111,99,78,76,43,30,41,38,47,83" hai2="91,132,118,46,98,57,6,100,14,64,63,74,32" hai3="37,19,62,87,3,36,110,66,129,55,44,104,54"/><W2/><G104/><T31/><D107/><U16/><E112/><V67/><F32/><W4/><G129/><T119/><D39/><U48/><E111/><V52/><F74/><W65/><G110/><T69/><D69/><U33/><E33/><V73/><F73/><W77/><G19/><N who="1" m="7210" /><E38/><V11/><F118/><W93/><G66/><T1/><D119/><U75/><E75/><V21/><F132/><W53/><G77/><N who="1" m="29802" /><E83/><V95/><F21/><W124/><G124/><T80/><D123/><U117/><E30/><V9/><F9/><W131/><G131/><T121/><D80/><U8/><E8/><V51/><F100/><W101/><G4/><T88/><D121/><U59/><E117/><V70/><F70/><W20/><G20/><N who="0" m="11311" /><D88/><U106/><E106/><V134/><F134/><W105/><G105/><T97/><D97/><U116/><E99/><V60/><F60/><W114/><G114/><T94/><D94/><U81/><E81/><V7/><F6/><W109/><G109/><T133/><D133/><U15/><E116/><V96/><F96/><N who="3" m="59535" /><G87/><T50/><D50/><U12/><E41/><AGARI ba="0,0" hai="7,11,14,41,46,51,52,57,63,64,67,91,95,98" machi="41" ten="30,7700,0" yaku="7,1,8,1,52,1,54,1" doraHai="90" who="2" fromWho="1" sc="380,0,209,-77,330,77,81,0" owari="380,18.0,132,-26.8,407,50.7,81,-41.9" /></mjloggm>