<mjloggm ver="2.3"><GO type="169" lobby="0"/><UN n0="%28%E9%83%A8%E9%95%B7%29" n1="%54%72%69%6F%73%64%61%64" n2="%E3%83%87%E3%82%B8%E3%82%BF%E3%83%AB%E5%85%88%E7%94%9F" n3="%73%6F%61%6F" dan="16,16,16,16" rate="2124.25,2091.82,2152.86,2141.39" sx="M,M,M,M"/><TAIKYOKU oya="0"/><INIT seed="0,0,0,4,1,107" ten="250,250,250,250" oya="0" hai0="54,42,45,110,106,11,68,18,119,111,34,33,28" hai1="121,77,36,15,86,114,94,79,29,37,103,133,32" hai2="2,70,132,64,31,117,0,3,35,125,10,96,88" hai3="85,57,130,87,109,101,90,113,58,56,67,84,24"/><T74/><BYE who="2" /><D106/><U40/><E121/><V60/><F60/><W13/><G113/><T52/><D68/><U76/><E114/><V50/><F50/><W92/><G130/><T128/><D119/><U89/><E133/><V38/><F38/><UN n2="%E3%83%87%E3%82%B8%E3%82%BF%E3%83%AB%E5%85%88%E7%94%9F" /><W4/><G109/><N who="0" m="41483" /><D128/><U135/><E135/><V19/><F117/><W97/><G24/><N who="0" m="18567" /><D34/><U23/><E40/><V123/><F123/><W99/><G99/><T39/><D74/><U72/><E32/><V129/><F129/><W104/><G67/><T26/><D26/><U93/><E29/><V51/><F64/><W27/><G27/><T20/><D20/><U47/><E47/><V9/><F70/><W43/><G104/><T49/><D39/><U16/><REACH who="1" step="1"/><E72/><REACH who="1" ten="250,240,250,250" step="2"/><V48/><F132/><W55/><G43/><T14/><AGARI ba="0,1" hai="11,14,18,42,45,49,52,54" m="18567,41483" machi="14" ten="30,6000,0" yaku="14,1,10,1,54,1" doraHai="107" who="0" fromWho="0" sc="250,70,240,-20,250,-20,250,-20" /><INIT seed="0,1,0,3,2,57" ten="320,220,230,230" oya="0" hai0="64,120,117,24,102,63,78,116,133,90,19,18,72" hai1="101,59,77,53,54,61,41,8,55,107,112,39,134" hai2="12,6,87,2,89,43,21,71,91,128,27,86,75" hai3="7,118,110,65,132,34,31,96,74,108,82,126,49"/><T69/><D120/><U5/><E134/><V68/><F75/><W121/><G132/><T99/><D133/><U32/><E32/><V50/><F2/><W22/><G126/><T29/><D90/><U97/><E112/><V85/><F128/><W67/><G34/><T135/><D135/><U48/><E39/><V35/><F35/><W131/><G118/><T4/><D4/><U47/><REACH who="1" step="1"/><E77/><REACH who="1" ten="320,210,230,230" step="2"/><V119/><F119/><W122/><G121/><T104/><D117/><U46/><E46/><N who="2" m="25951" /><F68/><W26/><G122/><T123/><D116/><U38/><E38/><V109/><F71/><W93/><G110/><T14/><D123/><U70/><E70/><V51/><F109/><W40/><G108/><T58/><D69/><U0/><AGARI ba="1,1" hai="0,5,8,41,47,48,53,54,55,59,61,97,101,107" machi="0" ten="20,5200,0" yaku="1,1,0,1,7,1,52,1,53,0" doraHai="57" doraHaiUra="76" who="1" fromWho="1" sc="320,-27,210,65,230,-14,230,-14" /><INIT seed="1,0,0,3,4,135" ten="293,275,216,216" oya="1" hai0="41,71,12,4,132,44,100,59,119,65,48,128,94" hai1="8,75,105,95,16,67,113,18,7,1,23,42,98" hai2="37,92,86,73,25,76,114,111,78,17,36,0,116" hai3="122,28,43,66,20,53,50,9,19,63,35,112,96"/><U85/><E113/><V22/><F116/><W68/><G122/><T52/><D119/><U69/><E75/><V30/><F114/><W60/><G112/><T80/><D132/><U6/><E6/><V134/><F134/><W109/><G109/><T79/><D128/><U102/><E42/><V54/><F0/><W39/><G35/><T83/><D71/><U11/><E11/><V57/><F111/><W56/><G96/><N who="0" m="59415" /><D65/><U130/><E130/><V72/><F72/><W10/><G28/><T33/><D33/><U3/><E3/><V101/><F73/><W55/><G63/><N who="0" m="36327" /><D79/><U38/><E38/><V117/><F117/><W121/><G121/><T115/><D115/><U123/><E123/><V34/><F37/><W97/><G97/><T91/><D91/><U47/><E47/><V40/><F40/><W62/><G62/><T64/><D64/><U5/><E5/><V2/><F2/><W74/><G74/><T21/><D21/><U118/><E118/><V88/><F101/><W84/><G55/><T87/><D87/><U133/><E133/><V120/><F36/><W107/><G84/><T61/><D61/><U129/><E129/><V82/><F120/><W93/><G66/><T90/><D90/><N who="1" m="53711" /><E67/><V127/><F76/><W110/><G68/><T49/><D49/><U27/><E69/><V108/><F108/><W58/><G110/><T24/><D24/><U45/><E45/><V31/><F34/><W14/><G50/><T70/><D70/><U77/><E77/><V15/><F78/><W104/><G60/><T124/><D124/><U29/><AGARI ba="0,0" hai="1,7,8,16,18,23,27,29,98,102,105" m="53711" machi="29" ten="30,3000,0" yaku="5,1,54,1" doraHai="135" who="1" fromWho="1" sc="293,-10,275,30,216,-10,216,-10" /><INIT seed="1,1,0,2,4,53" ten="283,305,206,206" oya="1" hai0="132,41,105,29,93,134,111,3,27,131,39,60,58" hai1="71,56,76,86,32,104,119,22,97,128,17,96,63" hai2="114,28,121,64,83,84,18,75,2,74,15,107,73" hai3="110,57,9,91,13,120,8,101,65,102,94,0,129"/><U87/><E119/><V115/><F2/><W79/><G110/><T113/><D105/><U106/><E32/><V108/><F28/><W10/><G120/><T4/><D113/><N who="2" m="43018" /><F64/><W117/><G0/><T37/><D111/><U1/><E71/><V81/><F15/><W48/><G129/><T19/><D19/><U125/><E128/><V66/><F18/><W59/><G79/><T62/><D131/><U77/><E125/><V26/><F26/><W52/><G13/><T126/><D126/><U14/><E106/><V46/><F46/><W72/><G72/><T92/><D4/><U49/><E104/><V85/><F66/><W118/><G118/><T55/><D3/><U51/><E1/><V12/><F12/><W124/><G124/><T40/><D27/><U38/><E38/><V34/><F34/><W80/><G80/><N who="2" m="30793" /><F121/><W61/><REACH who="3" step="1"/><G117/><REACH who="3" ten="283,305,206,196" step="2"/><T42/><D132/><U54/><E77/><V45/><F108/><W112/><G112/><T127/><D134/><U35/><E76/><V47/><F74/><W23/><G23/><T78/><D127/><U98/><E35/><V44/><F73/><W11/><N who="3" m="2048" /><DORA hai="103" /><W89/><G89/><T88/><D78/><U123/><E123/><V6/><F75/><W30/><G30/><T70/><D88/><U122/><E122/><V109/><F6/><W99/><AGARI ba="1,1" hai="48,52,57,59,61,65,91,94,99,101,102" m="2048" machi="99" ten="40,12000,2" yaku="1,1,0,1,8,1,52,2,54,1,53,1" doraHai="53,103" doraHaiUra="24,50" who="3" fromWho="3" sc="283,-31,305,-61,206,-31,196,133" /><INIT seed="2,0,0,0,0,74" ten="252,244,175,329" oya="2" hai0="44,31,83,51,76,65,131,114,10,24,2,124,30" hai1="94,121,69,77,33,32,39,8,22,45,6,106,16" hai2="97,79,61,64,130,95,123,7,55,98,11,132,0" hai3="54,21,128,1,53,107,82,34,89,56,71,52,72"/><V17/><F123/><W73/><G34/><T68/><D114/><U91/><E106/><V23/><F132/><W127/><G1/><T115/><D115/><U135/><E69/><V48/><F130/><W59/><G71/><T86/><D124/><U134/><E121/><V49/><F98/><W18/><G107/><T93/><D131/><U90/><E90/><V57/><F79/><W103/><G103/><T63/><D93/><U15/><E77/><V78/><F78/><W35/><G35/><T101/><D101/><U119/><E119/><V129/><F129/><W67/><G127/><T14/><D24/><U85/><E39/><V3/><F3/><W46/><G46/><T26/><D26/><U118/><E118/><V38/><F38/><W109/><G109/><T70/><D70/><U58/><E45/><V99/><F99/><W88/><G67/><T100/><D2/><U20/><E20/><V87/><F87/><W112/><G112/><T117/><D100/><U126/><E126/><V133/><F133/><N who="1" m="50697" /><E58/><V42/><F42/><W110/><G59/><T12/><D12/><AGARI ba="0,0" hai="6,8,12,15,16,22,32,33,85,91,94" m="50697" machi="12" ten="30,2000,0" yaku="20,1,54,1" doraHai="74" who="1" fromWho="0" sc="252,-20,244,20,175,0,329,0" /><INIT seed="3,0,0,5,3,42" ten="232,264,175,329" oya="3" hai0="40,8,130,17,10,96,70,120,46,75,87,111,125" hai1="132,18,29,7,55,39,24,44,76,4,22,2,35" hai2="13,60,92,48,97,102,58,127,135,123,86,124,101" hai3="3,93,21,109,98,106,31,12,74,121,94,66,115"/><W57/><G3/><T1/><D111/><U128/><E132/><V131/><F135/><W133/><G74/><T79/><D70/><U89/><E128/><V63/><F131/><W71/><G115/><T81/><D130/><U65/><E65/><V80/><F102/><W77/><G121/><T116/><D116/><U61/><E76/><V95/><F95/><W47/><G71/><T126/><D120/><U11/><E7/><V54/><F123/><W45/><G77/><T110/><D110/><U73/><E73/><V23/><F127/><W104/><G133/><T68/><D68/><U69/><E89/><V9/><F23/><W108/><G66/><T26/><D96/><U49/><E69/><V103/><F103/><W84/><G57/><T37/><D87/><U62/><REACH who="1" step="1"/><E39/><REACH who="1" ten="232,254,175,329" step="2"/><V5/><REACH who="2" step="1"/><F124/><REACH who="2" ten="232,254,165,329" step="2"/><N who="0" m="47722" /><D1/><U83/><E83/><V59/><F59/><W38/><G109/><T50/><D37/><U53/><E53/><V72/><F72/><W107/><G38/><T90/><D90/><AGARI ba="0,2" hai="5,9,13,48,54,58,60,63,80,86,90,92,97,101" machi="90" ten="30,3900,0" yaku="1,1,7,1,8,1,53,0" doraHai="42" doraHaiUra="25" who="2" fromWho="0" sc="232,-39,254,0,165,59,329,0" /><INIT seed="4,0,0,2,5,122" ten="193,254,224,329" oya="0" hai0="35,115,97,124,24,114,51,87,110,39,23,2,130" hai1="44,42,67,70,93,8,73,72,54,125,34,71,91" hai2="14,79,123,7,52,66,29,64,16,12,81,78,134" hai3="117,26,37,0,45,108,49,120,58,103,41,62,109"/><T88/><D39/><U19/><E34/><V112/><F123/><W57/><G0/><T55/><D2/><U83/><E125/><V129/><F129/><W101/><G117/><T133/><D124/><U21/><E54/><V13/><F134/><W28/><G120/><T86/><D130/><U27/><E8/><N who="2" m="4127" /><F29/><W99/><G103/><T121/><D121/><U85/><E67/><N who="2" m="25643" /><F13/><W132/><G37/><T98/><D35/><U76/><REACH who="1" step="1"/><E72/><REACH who="1" ten="193,244,224,329" step="2"/><V60/><F52/><W119/><G119/><T65/><D65/><U3/><E3/><V116/><F116/><W74/><G74/><T95/><D133/><U40/><E40/><V48/><F112/><N who="0" m="43050" /><D86/><U77/><E77/><V17/><F79/><W18/><G132/><T32/><D32/><U33/><E33/><V9/><F78/><W107/><G99/><T131/><D131/><U36/><AGARI ba="0,1" hai="19,21,27,36,42,44,70,71,73,76,83,85,91,93" machi="36" ten="20,2700,0" yaku="1,1,0,1,7,1,53,0" doraHai="122" doraHaiUra="30" who="1" fromWho="1" sc="193,-13,244,37,224,-7,329,-7" /><INIT seed="5,0,0,3,2,97" ten="180,281,217,322" oya="1" hai0="52,5,134,130,30,7,33,76,126,128,79,105,95" hai1="29,117,70,60,2,67,12,66,69,42,36,98,93" hai2="118,123,84,108,35,1,46,133,8,111,23,101,73" hai3="116,17,132,91,4,80,20,99,113,48,51,34,110"/><U86/><E117/><V61/><F84/><W6/><G113/><T96/><D33/><U119/><E119/><V40/><F61/><W43/><G34/><T106/><D30/><U45/><E2/><V62/><F62/><W58/><G110/><T74/><D5/><U103/><E29/><V26/><F46/><W24/><G132/><T50/><D7/><U19/><E86/><V59/><F59/><W127/><G127/><T11/><D11/><U13/><E13/><V124/><F40/><W114/><G114/><T122/><D122/><U121/><E121/><V94/><F94/><W63/><G80/><N who="0" m="45079" /><D79/><U120/><E120/><V78/><F78/><W18/><G18/><T31/><D31/><U109/><E109/><V47/><F23/><W131/><G131/><N who="0" m="50219" /><D126/><U104/><E67/><V28/><F28/><W75/><G17/><T57/><D134/><U135/><E135/><V55/><F133/><W21/><G24/><T64/><D64/><U41/><E41/><V25/><F26/><W100/><G43/><T83/><D83/><U15/><E70/><V32/><F25/><W53/><G53/><T92/><D92/><U14/><REACH who="1" step="1"/><E93/><REACH who="1" ten="180,271,217,322" step="2"/><V115/><F111/><W77/><G116/><T102/><AGARI ba="0,1" hai="50,52,57,95,96,102,105,106" m="50219,45079" machi="102" ten="30,4000,0" yaku="19,1,52,1,54,1" doraHai="97" who="0" fromWho="0" sc="180,50,271,-20,217,-10,322,-10" /><INIT seed="6,0,0,2,1,65" ten="230,251,207,312" oya="2" hai0="122,27,30,31,131,89,55,86,16,21,73,92,22" hai1="49,41,64,39,23,1,4,87,0,14,32,71,56" hai2="12,18,8,29,110,61,97,11,130,107,119,70,67" hai3="91,78,60,83,125,127,129,80,63,69,84,3,13"/><V19/><F119/><W42/><G3/><T44/><D122/><U85/><E32/><V51/><F130/><W114/><G129/><T20/><D131/><U50/><E0/><V98/><F110/><W134/><G134/><T117/><D73/><U118/><E118/><V28/><F51/><W53/><G42/><T88/><D117/><U101/><E1/><V81/><F81/><W74/><G69/><T47/><D89/><U79/><E101/><V124/><F124/><W46/><G13/><N who="0" m="9231" /><D55/><U75/><E75/><V5/><F19/><W54/><G46/><N who="0" m="17451" /><D21/><U52/><E23/><V36/><F36/><W40/><G40/><T109/><D109/><U33/><E33/><V93/><F107/><W24/><G83/><T15/><D15/><U120/><E79/><V43/><F43/><W121/><G80/><T90/><D90/><U25/><E25/><V132/><F132/><W35/><G91/><T102/><D102/><U112/><E14/><V76/><F76/><W133/><G133/><T37/><D37/><U34/><E34/><V123/><F123/><W2/><G35/><T99/><D99/><U108/><E39/><V104/><F104/><W103/><G2/><T10/><D10/><N who="2" m="3626" /><F5/><W115/><G78/><T94/><D94/><U135/><E4/><V68/><F98/><W116/><G121/><T126/><D126/><U95/><E120/><V100/><F70/><W45/><G125/><T111/><D111/><U57/><E108/><V7/><F7/><W105/><G105/><T113/><D31/><N who="2" m="11850" /><F12/><W106/><G127/><T66/><D113/><U26/><E112/><RYUUKYOKU ba="0,0" sc="230,15,251,-15,207,15,312,-15" hai0="22,27,30,66,86,88,92" hai2="18,61,67,68,93,97,100" /><INIT seed="6,1,0,1,0,35" ten="245,236,222,297" oya="2" hai0="18,46,110,56,49,107,72,14,8,27,31,26,85" hai1="34,1,84,30,52,83,67,99,80,5,119,77,16" hai2="86,128,17,123,114,75,121,28,79,111,88,47,19" hai3="55,25,40,73,117,134,69,22,24,113,45,126,20"/><V129/><F114/><W104/><G73/><T15/><D72/><U39/><E119/><V91/><F111/><W127/><G117/><T120/><D110/><U64/><E39/><V37/><F28/><W125/><G104/><T102/><D120/><N who="2" m="46154" /><F75/><W57/><G69/><T42/><D107/><U60/><E83/><V124/><F79/><W6/><G6/><T76/><D102/><U12/><E99/><V2/><F2/><W32/><G134/><T68/><D68/><U98/><E98/><V132/><F132/><W4/><G4/><N who="0" m="3335" /><D31/><U82/><E80/><V109/><F109/><W133/><G113/><T95/><D56/><N who="1" m="34823" /><E1/><V13/><F124/><W50/><G133/><T54/><D54/><U118/><E118/><V92/><F91/><W74/><G74/><T70/><D70/><U116/><E116/><V44/><F19/><W63/><G32/><T96/><D96/><U53/><E30/><V93/><F93/><W135/><G135/><T0/><D0/><U100/><E34/><V122/><F37/><W59/><G127/><T94/><D94/><U66/><E5/><V101/><F101/><W87/><G126/><T131/><D95/><U90/><E100/><V43/><F43/><W33/><G40/><T9/><D85/><U71/><E71/><V112/><F112/><W58/><G87/><T38/><D38/><U89/><E53/><V23/><N who="2" m="46162" /><V11/><DORA hai="3" /><F11/><AGARI ba="1,0" hai="11,12,16,64,66,67,77,82,84,89,90" m="34823" machi="11" ten="30,3900,0" yaku="8,1,54,2" doraHai="35,3" who="1" fromWho="2" sc="245,0,236,42,222,-42,297,0" /><INIT seed="7,0,0,3,0,27" ten="245,278,180,297" oya="3" hai0="72,71,51,104,40,38,70,115,12,2,82,128,118" hai1="95,22,106,7,135,97,69,47,43,63,14,64,122" hai2="55,134,13,110,111,81,21,123,15,87,65,28,112" hai3="10,6,80,32,85,24,11,125,130,67,100,31,18"/><W113/><G113/><T102/><D118/><U79/><E122/><V99/><F123/><W127/><G130/><T26/><D12/><U90/><E135/><V96/><F134/><W44/><G100/><T68/><D51/><U8/><E106/><V17/><F112/><W29/><G67/><T92/><D92/><U132/><E132/><V0/><F0/><W116/><G116/><T39/><D115/><U131/><E131/><V62/><F55/><W42/><G18/><T16/><D128/><U4/><E79/><V86/><F111/><W54/><G54/><T9/><D16/><U109/><E109/><V19/><F28/><W33/><G31/><T66/><D26/><U30/><E22/><V77/><F86/><W52/><G52/><T25/><D25/><U94/><E94/><V114/><F114/><W75/><G75/><T105/><D66/><U76/><E76/><V121/><F121/><W103/><G103/><T41/><D102/><U83/><E83/><V49/><F49/><N who="3" m="26775" /><G6/><N who="0" m="1239" /><D40/><U107/><E107/><N who="0" m="41033" /><D41/><U74/><E74/><V133/><F133/><W1/><G1/><T61/><D61/><U89/><E30/><V101/><F110/><W48/><G48/><T46/><D46/><U50/><E4/><V93/><F99/><W88/><G33/><T78/><AGARI ba="0,0" hai="38,39,68,70,71,72,78,82" m="41033,1239" machi="78" ten="40,2700,0" yaku="33,2" doraHai="27" who="0" fromWho="0" sc="245,27,278,-7,180,-7,297,-13" /><INIT seed="8,0,0,1,5,126" ten="272,271,173,284" oya="0" hai0="91,90,77,46,97,48,42,3,4,60,98,44,133" hai1="24,25,71,1,18,88,55,38,105,83,86,132,7" hai2="127,89,43,39,99,111,22,106,110,27,40,113,85" hai3="34,17,37,74,30,12,57,130,54,73,29,52,11"/><T131/><D133/><U33/><E71/><V129/><F127/><W5/><G37/><T124/><D124/><U21/><E38/><V122/><F122/><W87/><G130/><T9/><D131/><U134/><E105/><V47/><F129/><W51/><G34/><T59/><D77/><U50/><E1/><V135/><F135/><N who="1" m="51753" /><E7/><V32/><F32/><W84/><G73/><T16/><D44/><N who="1" m="28103" /><E33/><V31/><F113/><W108/><G74/><T102/><D16/><U123/><E123/><V0/><F0/><W78/><G108/><T41/><D41/><U107/><E107/><V72/><F72/><W109/><G109/><T35/><D35/><U115/><E115/><V10/><F43/><W79/><G5/><T101/><D97/><U15/><AGARI ba="0,0" hai="15,18,21,24,25,83,86,88" m="28103,51753" machi="15" ten="30,2000,0" yaku="20,1,54,1" doraHai="126" who="1" fromWho="1" sc="272,-10,271,20,173,-5,284,-5" /><INIT seed="9,0,0,3,3,1" ten="262,291,168,279" oya="1" hai0="65,95,67,52,102,25,105,113,64,0,91,110,114" hai1="99,34,18,37,16,135,58,104,14,93,59,57,129" hai2="36,17,4,42,100,123,112,7,45,118,66,119,26" hai3="121,125,50,85,70,32,60,22,117,71,11,41,82"/><U116/><E104/><V23/><F123/><W8/><G32/><T88/><D110/><U94/><E37/><V76/><F112/><W115/><G115/><T10/><D105/><U106/><E34/><V107/><F76/><W97/><G121/><T81/><D113/><U103/><E116/><V133/><F133/><W49/><G97/><N who="0" m="59711" /><D0/><U69/><E135/><V53/><F66/><W38/><G38/><T33/><D33/><U15/><E69/><V120/><F120/><W61/><G22/><T20/><D81/><U68/><E68/><V35/><F35/><W126/><G117/><N who="2" m="44553" /><F53/><W132/><G132/><T134/><D10/><U28/><E129/><V83/><F83/><W80/><REACH who="3" step="1"/><G85/><REACH who="3" ten="262,291,168,269" step="2"/><T40/><D114/><U12/><E28/><V89/><F89/><W90/><G90/><T19/><D134/><U84/><E106/><V56/><F56/><W109/><G109/><T131/><D131/><U48/><E48/><V5/><F107/><W79/><G79/><T6/><D88/><AGARI ba="0,1" hai="12,14,15,16,18,57,58,59,84,88,93,94,99,103" machi="88" ten="40,7700,0" yaku="8,1,54,2" doraHai="1" who="1" fromWho="0" sc="262,-77,291,87,168,0,269,0" owari="185,-21.5,378,47.8,168,-33.2,269,6.9" /></mjloggm>