<mjloggm ver="2.3"><GO type="169" lobby="0"/><UN n0="%E3%81%A8%E3%81%A3%E3%81%A8%E3%83%BC" n1="%42%41%4E%44%49%54" n2="%41%4C%50%45%52%49%4E" n3="%4E%6F%2E%30%30%30%31" dan="16,16,16,17" rate="2109.94,2126.66,2110.60,2162.65" sx="M,M,M,F"/><TAIKYOKU oya="0"/><INIT seed="0,0,0,0,1,123" ten="250,250,250,250" oya="0" hai0="57,78,22,47,89,114,90,28,40,125,21,61,38" hai1="95,69,25,102,84,79,49,91,12,18,106,88,110" hai2="23,82,128,48,73,35,16,134,66,117,29,4,74" hai3="129,34,44,14,101,93,30,135,77,96,5,104,2"/><T45/><D114/><U1/><E1/><V54/><F128/><W103/><G129/><T118/><D118/><U41/><E69/><V65/><F134/><W126/><G135/><T56/><D125/><U71/><E71/><V121/><F121/><W15/><G77/><T8/><D8/><U92/><E79/><V109/><F117/><W108/><G126/><T122/><D122/><U6/><E106/><V3/><F29/><W58/><G44/><T81/><D47/><N who="1" m="25839" /><E110/><V59/><F35/><W99/><G108/><T83/><D57/><U105/><E105/><V127/><F127/><W94/><G104/><T120/><D120/><U51/><E102/><V100/><F100/><W60/><G5/><T63/><D63/><U10/><E51/><V72/><F82/><W62/><G2/><T64/><D83/><N who="1" m="49183" /><E91/><V116/><F116/><W19/><G58/><T0/><D0/><U115/><E115/><V39/><F39/><W75/><G75/><T55/><D90/><U97/><E97/><V67/><F109/><W119/><G119/><T68/><D89/><U111/><E111/><V46/><F46/><W87/><G87/><T85/><REACH who="0" step="1"/><D28/><REACH who="0" ten="240,250,250,250" step="2"/><U80/><E80/><V11/><REACH who="2" step="1"/><F72/><REACH who="2" ten="240,250,240,250" step="2"/><W113/><G30/><T53/><D53/><U124/><E124/><V7/><F7/><W26/><G113/><T27/><D27/><AGARI ba="0,2" hai="3,4,11,16,23,27,48,54,59,65,66,67,73,74" machi="27" ten="40,2600,0" yaku="1,1,54,1,53,0" doraHai="123" doraHaiUra="133" who="2" fromWho="0" sc="240,-26,250,0,240,46,250,0" /><INIT seed="1,0,0,4,2,88" ten="214,250,286,250" oya="1" hai0="37,89,126,44,45,99,110,53,5,130,101,69,21" hai1="112,34,50,80,113,27,133,49,83,7,84,36,26" hai2="82,107,109,105,132,64,102,15,8,90,128,48,29" hai3="122,95,127,63,59,57,85,51,18,114,74,12,46"/><U24/><E36/><V70/><F109/><W43/><G114/><T68/><D110/><U123/><E123/><V9/><F128/><W52/><G122/><T120/><D130/><U62/><E34/><V38/><F38/><W73/><G127/><T41/><D126/><U119/><E119/><V134/><F29/><W100/><G59/><T135/><D120/><U22/><E133/><N who="2" m="51307" /><F48/><N who="1" m="18537" /><E7/><V1/><F1/><W20/><REACH who="3" step="1"/><G85/><REACH who="3" ten="214,250,286,240" step="2"/><T31/><D69/><U2/><E113/><V86/><F70/><W98/><AGARI ba="0,1" hai="12,18,20,43,46,51,52,57,63,73,74,95,98,100" machi="98" ten="30,12000,2" yaku="1,1,2,1,0,1,52,1,54,1,53,1" doraHai="88" doraHaiUra="40" who="3" fromWho="3" sc="214,-30,250,-60,286,-30,240,130" /><INIT seed="2,0,0,4,1,106" ten="184,190,256,370" oya="2" hai0="82,37,57,62,60,115,127,48,13,20,44,101,134" hai1="108,100,91,77,4,66,76,73,45,15,51,69,85" hai2="92,119,47,33,50,58,38,110,79,102,81,121,11" hai3="124,72,133,74,122,68,67,80,24,112,22,3,126"/><V87/><F119/><W123/><G3/><T99/><D115/><U88/><E100/><V7/><F121/><W21/><G112/><T34/><D34/><U86/><E73/><N who="3" m="28266" /><G80/><T78/><D37/><U95/><E108/><V63/><F33/><W18/><G133/><T94/><D127/><N who="3" m="48681" /><G22/><T65/><D134/><U29/><E29/><V103/><F110/><W5/><G5/><T28/><D82/><N who="1" m="49623" /><E66/><V31/><F92/><W125/><G125/><T97/><D78/><U6/><E69/><V96/><F79/><N who="1" m="30281" /><E15/><V71/><F71/><W120/><G120/><T132/><D132/><U116/><E116/><V8/><F81/><W83/><G83/><T135/><D135/><U131/><E131/><V128/><F7/><W93/><G93/><T46/><D13/><U12/><E12/><V42/><F128/><W14/><G14/><T59/><D94/><U0/><E0/><V16/><F11/><W10/><G10/><T107/><D107/><U61/><E61/><AGARI ba="0,0" hai="18,21,24,61,67,68,122,123" m="48681,28266" machi="61" ten="30,7700,0" yaku="18,1,52,3" doraHai="106" who="3" fromWho="1" sc="184,0,190,-77,256,0,370,77" /><INIT seed="3,0,0,1,1,109" ten="184,113,256,447" oya="3" hai0="58,69,115,63,82,1,125,106,127,53,124,13,36" hai1="83,16,114,110,60,85,4,9,30,131,3,104,123" hai2="59,31,96,99,133,15,90,76,51,18,47,27,134" hai3="88,94,89,43,52,80,100,70,72,11,57,38,78"/><W2/><G70/><T29/><D1/><U73/><E123/><V6/><F6/><N who="3" m="1495" /><G94/><T37/><D106/><U24/><E104/><V54/><F76/><W7/><G7/><T118/><D29/><U68/><E110/><V95/><F99/><W26/><G26/><T33/><D33/><U135/><E135/><V49/><F31/><W39/><G39/><N who="0" m="14923" /><D82/><U71/><E131/><V62/><F27/><W119/><G100/><T23/><D23/><U25/><E73/><V48/><REACH who="2" step="1"/><F47/><REACH who="2" ten="184,113,246,447" step="2"/><N who="3" m="24055" /><G119/><T116/><D13/><U44/><E44/><V67/><F67/><W66/><G66/><N who="0" m="41183" /><D115/><U79/><E114/><V77/><F77/><W35/><G35/><T92/><D92/><U91/><E79/><V28/><F28/><W45/><G45/><T107/><D107/><U10/><E25/><V17/><F17/><W55/><G78/><T111/><D111/><U128/><E128/><V56/><F56/><W21/><G57/><T81/><D81/><U101/><E30/><V20/><AGARI ba="0,1" hai="15,18,20,48,49,51,54,59,62,90,95,96,133,134" machi="20" ten="30,8000,1" yaku="1,1,0,1,53,3" doraHai="109" doraHaiUra="46" who="2" fromWho="2" sc="184,-20,113,-20,246,90,447,-40" /><INIT seed="4,0,0,2,2,43" ten="164,93,336,407" oya="0" hai0="11,50,83,91,88,63,37,18,100,101,7,71,110" hai1="2,49,113,112,85,34,120,29,65,79,123,99,81" hai2="72,0,55,22,98,53,135,107,5,13,93,126,89" hai3="125,106,36,118,14,9,35,51,133,59,121,84,102"/><T57/><D37/><U17/><E2/><V97/><F72/><W41/><G35/><T116/><D116/><U62/><E17/><V77/><F77/><W76/><G118/><T78/><D71/><U90/><E34/><V134/><F0/><W96/><G133/><N who="2" m="50697" /><F126/><W58/><G36/><T119/><D119/><U115/><E29/><V56/><F56/><W42/><G121/><T6/><D18/><U19/><E19/><N who="2" m="10607" /><F5/><N who="0" m="1546" /><D11/><U26/><E26/><V80/><F80/><W4/><G125/><T33/><D33/><U32/><E32/><V28/><F28/><W64/><G59/><T104/><D104/><U122/><E49/><V67/><F67/><W70/><G70/><T24/><D24/><U111/><E111/><V46/><F46/><W108/><G108/><T30/><D30/><U94/><E65/><V39/><F39/><W66/><G58/><T61/><D78/><U23/><E23/><V128/><F128/><W60/><G60/><AGARI ba="0,0" hai="60,62,79,81,85,90,94,99,112,113,115,120,122,123" machi="60" ten="50,3200,0" yaku="15,1,11,1" doraHai="43" who="1" fromWho="3" sc="164,0,93,32,336,0,407,-32" /><INIT seed="5,0,0,4,3,113" ten="164,125,336,375" oya="1" hai0="57,52,86,26,0,127,27,65,44,123,53,41,131" hai1="39,107,77,22,3,93,6,5,17,116,126,46,72" hai2="45,128,68,90,106,114,125,105,84,111,73,12,9" hai3="134,50,75,92,101,43,18,58,66,33,98,51,80"/><U109/><E107/><V119/><F111/><W135/><G33/><T49/><D131/><U10/><E6/><V130/><F68/><W29/><G29/><T67/><D127/><U59/><E126/><V78/><F125/><W103/><G103/><T95/><D0/><U115/><E115/><V96/><F114/><W32/><G32/><T133/><D133/><N who="3" m="50697" /><G18/><T69/><D69/><U21/><E109/><V62/><F62/><N who="3" m="38231" /><G43/><T55/><D123/><U97/><E59/><V120/><F120/><W15/><G15/><T99/><D86/><U23/><E116/><V30/><F30/><W54/><G54/><T48/><D48/><U14/><E39/><V89/><F45/><W74/><G74/><T76/><D76/><AGARI ba="0,0" hai="50,51,75,76,80,92,98,101" m="38231,50697" machi="76" ten="30,1000,0" yaku="20,1" doraHai="113" who="3" fromWho="0" sc="164,-10,125,0,336,0,375,10" /><INIT seed="6,0,0,4,4,8" ten="154,125,336,385" oya="2" hai0="89,24,95,29,32,93,113,122,0,94,110,39,60" hai1="133,114,96,21,33,26,117,52,78,118,31,16,106" hai2="127,64,135,22,134,111,66,14,27,74,129,120,86" hai3="9,38,125,2,76,116,88,40,11,104,36,12,55"/><V3/><F74/><W37/><G116/><T73/><D110/><U80/><E114/><V100/><F120/><W92/><G104/><T28/><D122/><U44/><E133/><N who="2" m="50699" /><F3/><W4/><G125/><T54/><D39/><U97/><E106/><V18/><F111/><W13/><G76/><T128/><D128/><U119/><E44/><V103/><F127/><W90/><G40/><T108/><D108/><U87/><REACH who="1" step="1"/><E52/><REACH who="1" ten="154,115,336,385" step="2"/><V84/><F129/><W130/><G55/><T132/><D132/><U75/><E75/><V70/><F66/><W62/><G130/><T5/><D73/><U98/><E98/><V25/><F64/><W7/><G62/><T41/><D41/><U126/><E126/><V61/><F61/><W82/><G36/><T101/><D113/><U72/><E72/><V6/><F70/><W35/><G37/><T109/><D109/><U67/><E67/><V20/><F103/><W68/><G38/><T46/><D46/><U51/><E51/><V102/><F100/><W45/><G45/><T48/><D48/><U50/><E50/><V65/><F102/><W42/><G68/><T107/><D54/><U121/><E121/><V59/><F65/><W43/><G42/><T23/><D60/><U79/><E79/><V53/><F53/><W34/><G43/><T91/><D107/><U77/><E77/><V30/><F59/><W47/><G47/><T10/><D101/><U83/><E83/><V57/><F57/><W17/><G82/><T85/><D85/><U105/><E105/><V123/><F123/><W49/><G49/><T19/><D32/><RYUUKYOKU ba="0,1" sc="154,10,115,10,336,10,385,-30" hai0="0,5,10,19,23,24,28,29,89,91,93,94,95" hai1="16,21,26,31,33,78,80,87,96,97,117,118,119" hai2="6,14,18,20,22,25,27,30,84,86" /><INIT seed="6,1,1,4,3,8" ten="164,125,346,355" oya="2" hai0="16,99,68,43,63,4,28,10,128,118,74,104,13" hai1="131,126,110,108,96,1,117,114,133,73,24,70,19" hai2="59,80,67,65,49,72,119,78,130,64,38,47,51" hai3="2,97,3,107,100,42,39,105,111,90,75,37,127"/><V109/><F119/><W50/><G50/><T9/><D74/><U120/><RYUUKYOKU type="yao9" ba="1,1" sc="164,0,125,0,346,0,355,0" hai1="1,19,24,70,73,96,108,110,114,117,120,126,131,133" /><INIT seed="6,2,1,1,0,127" ten="164,125,346,355" oya="2" hai0="135,80,68,61,55,108,49,116,119,58,83,54,115" hai1="107,130,66,81,84,67,111,51,82,132,44,3,4" hai2="104,98,88,69,114,126,7,30,53,120,101,112,15" hai3="16,100,22,20,124,1,39,79,18,113,17,33,23"/><V65/><F120/><W105/><G39/><T96/><D108/><U122/><E111/><V72/><F72/><W40/><G40/><T97/><D115/><N who="2" m="44074" /><F126/><W29/><G113/><T128/><D128/><U10/><E107/><V71/><F30/><W41/><G41/><T131/><D131/><U77/><E130/><V103/><F65/><W76/><G124/><T35/><D35/><U90/><E122/><V117/><F117/><N who="0" m="45130" /><D135/><U6/><E132/><V38/><F38/><W8/><G105/><T32/><D32/><U36/><E6/><V121/><F121/><W48/><G100/><N who="2" m="38473" /><F53/><W86/><G33/><T91/><D68/><U75/><REACH who="1" step="1"/><E36/><REACH who="1" ten="164,115,346,355" step="2"/><V11/><F104/><W43/><G1/><T59/><D91/><U106/><E106/><V56/><F56/><W26/><G76/><T45/><D59/><U21/><E21/><V63/><F63/><W110/><G110/><T89/><D89/><U19/><E19/><V134/><F134/><W94/><G20/><T46/><D46/><U13/><E13/><V47/><F47/><N who="3" m="25727" /><G22/><T95/><D95/><AGARI ba="2,2" hai="7,11,15,69,71,88,95,98" m="38473,44074" machi="95" ten="30,2900,0" yaku="15,1,54,1" doraHai="127" who="2" fromWho="0" sc="164,-35,115,0,346,55,355,0" /><INIT seed="6,3,0,3,1,132" ten="129,115,401,355" oya="2" hai0="6,101,127,120,10,103,9,73,18,131,126,60,67" hai1="92,96,34,50,114,47,109,102,86,7,95,54,83" hai2="21,69,58,75,70,121,31,77,76,44,112,87,61" hai3="56,53,25,106,65,40,81,35,29,128,89,30,19"/><V71/><F121/><W41/><G106/><T66/><D73/><U63/><E109/><V32/><F32/><W110/><G110/><T15/><D120/><U62/><E114/><V59/><F112/><W117/><G117/><T42/><D42/><U22/><E34/><V74/><F44/><W16/><G65/><T5/><D131/><U1/><E1/><V78/><F87/><W123/><G123/><T100/><D18/><N who="3" m="6697" /><G35/><T105/><D105/><U49/><E7/><V99/><F99/><W17/><N who="3" m="6705" /><W104/><DORA hai="52" /><G104/><T98/><D98/><N who="1" m="59719" /><E22/><V135/><F135/><W118/><G128/><T91/><D91/><N who="1" m="51679" /><E50/><V2/><F2/><W68/><G68/><T107/><D107/><U38/><E38/><V13/><F13/><W133/><G133/><T88/><D88/><AGARI ba="3,0" hai="47,49,54,62,63,88,95,96" m="51679,59719" machi="88" ten="30,2000,0" yaku="8,1,54,1" doraHai="132,52" who="1" fromWho="0" sc="129,-29,115,29,401,0,355,0" /><INIT seed="7,0,0,0,3,52" ten="100,144,401,355" oya="3" hai0="53,119,55,41,79,109,107,4,86,92,58,105,122" hai1="13,10,32,123,125,120,46,81,66,33,82,71,20" hai2="7,134,114,9,68,17,19,78,85,126,106,18,8" hai3="54,91,36,57,72,50,108,135,90,3,25,101,5"/><W63/><G135/><T31/><D109/><U73/><E125/><V24/><F106/><W61/><G36/><T121/><D119/><U22/><E46/><V47/><F68/><W94/><G72/><T37/><D31/><U35/><E66/><V43/><F114/><W60/><G108/><T45/><D55/><U84/><E71/><V100/><F134/><W0/><G5/><T80/><D92/><U30/><E73/><V38/><F126/><W104/><G104/><T70/><D70/><U102/><E102/><V28/><F100/><W127/><G127/><T15/><D107/><U124/><E124/><V16/><N who="2" m="4096" /><DORA hai="130" /><V133/><F133/><W39/><G39/><T51/><REACH who="0" step="1"/><D105/><REACH who="0" ten="90,144,401,355" step="2"/><U48/><E30/><V14/><F28/><W44/><G25/><T26/><D26/><U6/><E123/><V112/><F24/><W34/><G34/><T97/><D97/><U67/><E120/><V116/><F116/><W89/><REACH who="3" step="1"/><G44/><REACH who="3" ten="90,144,401,345" step="2"/><T21/><D21/><U131/><E22/><V56/><F47/><W95/><G95/><T27/><D27/><U88/><E20/><V75/><F9/><AGARI ba="0,2" hai="4,9,15,37,41,45,51,53,58,79,80,86,121,122" machi="9" ten="40,2600,0" yaku="1,1,52,1,53,0" doraHai="52,130" doraHaiUra="87,59" who="0" fromWho="2" sc="90,46,144,0,401,-26,345,0" owari="136,-36.4,144,-25.6,375,47.5,345,14.5" /></mjloggm>