<mjloggm ver="2.3"><GO type="169" lobby="0"/><UN n0="%E3%81%97%E3%82%89%E3%81%99%EF%BC%A1" n1="%69%50%68%6F%6E%65%31" n2="%43%2D%6D%69%6E%6F%72%E2%99%AA" n3="%E9%A2%A8%E8%BB%8A%E3%81%AE%E7%B5%B5%E7%90%86%E5%AD%90" dan="16,16,16,16" rate="2101.89,2122.99,2131.47,2075.20" sx="M,M,M,F"/><TAIKYOKU oya="0"/><INIT seed="0,0,0,4,3,13" ten="250,250,250,250" oya="0" hai0="118,126,79,95,117,133,128,107,11,87,55,96,6" hai1="31,62,42,100,98,106,37,124,105,127,69,30,27" hai2="108,66,130,24,83,51,60,115,97,2,38,113,109" hai3="78,41,21,80,86,0,35,33,89,34,94,20,5"/><T121/><D121/><U61/><E106/><V71/><F2/><W77/><G41/><T92/><D133/><U17/><E31/><V122/><F83/><W43/><G43/><T36/><D128/><U123/><E123/><V19/><F122/><W32/><N who="3" m="8192" /><DORA hai="112" /><W99/><G0/><T40/><D126/><U134/><E30/><V12/><F24/><W90/><G5/><T104/><D55/><U57/><E69/><V111/><F38/><W91/><REACH who="3" step="1"/><G78/><REACH who="3" ten="250,250,250,240" step="2"/><T22/><D40/><U9/><E42/><V75/><F109/><W52/><G52/><T50/><D6/><U28/><E37/><V110/><F108/><W81/><G81/><N who="0" m="47551" /><D36/><U47/><E127/><V103/><F110/><W67/><G67/><T64/><D64/><U70/><E124/><V4/><F4/><W15/><G15/><T68/><D68/><U7/><E70/><V76/><F12/><W59/><G59/><T56/><D56/><U58/><E57/><V53/><F111/><W45/><G45/><T72/><D50/><U44/><E58/><V101/><F51/><W132/><G132/><T29/><D11/><U48/><E7/><V125/><F125/><W131/><G131/><T135/><D135/><U25/><E134/><V14/><F130/><W88/><AGARI ba="0,1" hai="20,21,77,80,86,88,89,90,91,94,99" m="8192" machi="88" ten="60,8000,1" yaku="1,1,0,1,54,1,53,1" doraHai="13,112" doraHaiUra="74,63" who="3" fromWho="3" sc="250,-40,250,-20,250,-20,240,90" /><INIT seed="1,0,0,3,4,12" ten="210,230,230,330" oya="1" hai0="93,104,89,13,36,41,24,55,95,52,119,102,72" hai1="50,8,29,4,45,99,61,113,38,58,125,64,132" hai2="98,51,60,14,92,128,54,115,27,42,57,77,105" hai3="21,7,66,79,123,81,63,100,80,32,101,122,118"/><U3/><E113/><V83/><F115/><W1/><G32/><T120/><D119/><U0/><E132/><V84/><F128/><W121/><G118/><T134/><D72/><U124/><E38/><V112/><F112/><W78/><G1/><T117/><D117/><U59/><E3/><V70/><F105/><W46/><G7/><T111/><D111/><U15/><E59/><V48/><F70/><W82/><G46/><T67/><D104/><U17/><E99/><V85/><F85/><W25/><G101/><T35/><D67/><U133/><E29/><V86/><F86/><W130/><G100/><T20/><D36/><U108/><E133/><V74/><F74/><W68/><REACH who="3" step="1"/><G130/><REACH who="3" ten="210,230,230,320" step="2"/><T2/><D2/><U87/><E108/><V71/><F42/><W11/><G11/><T6/><D41/><U23/><REACH who="1" step="1"/><E87/><REACH who="1" ten="210,220,230,320" step="2"/><V30/><F84/><W37/><G37/><T31/><D134/><U47/><E47/><V129/><F98/><W109/><G109/><T127/><D120/><U34/><E34/><V91/><F129/><W18/><AGARI ba="0,2" hai="18,21,25,63,66,68,78,79,80,81,82,121,122,123" machi="18" ten="40,8000,1" yaku="1,1,0,1,52,1,53,1" doraHai="12" doraHaiUra="65" who="3" fromWho="3" sc="210,-20,220,-40,230,-20,320,100" /><INIT seed="2,0,0,4,0,97" ten="190,180,210,420" oya="2" hai0="103,11,52,1,65,106,43,6,21,26,17,74,110" hai1="127,75,124,128,94,35,15,36,54,82,90,85,28" hai2="122,133,47,0,117,19,34,129,71,20,112,113,3" hai3="109,61,67,100,125,83,78,91,68,22,33,92,37"/><V101/><F71/><W121/><G121/><T84/><D74/><U29/><E36/><V87/><F47/><W39/><G33/><T96/><D110/><U131/><E15/><N who="2" m="9343" /><F87/><W64/><G64/><T23/><D65/><U93/><E54/><V58/><F58/><W10/><G10/><T25/><D43/><U60/><E60/><V56/><F56/><W51/><G109/><T104/><D84/><U42/><E42/><V2/><F101/><W111/><G100/><T105/><REACH who="0" step="1"/><D52/><REACH who="0" ten="180,180,210,420" step="2"/><U134/><E75/><V70/><F113/><W57/><G111/><T44/><D44/><U99/><E85/><V18/><F112/><W8/><G67/><T53/><D53/><U79/><E131/><V24/><F129/><W48/><G68/><T95/><D95/><U130/><E93/><V120/><F70/><W7/><G92/><T63/><D63/><U31/><E130/><V40/><F40/><W88/><G61/><T102/><D102/><U89/><E128/><V81/><F81/><W12/><G57/><T69/><D69/><U27/><E94/><V114/><F114/><W80/><G80/><T55/><D55/><U116/><E82/><V66/><F66/><W5/><G83/><T86/><D86/><U38/><E79/><V14/><F122/><W32/><G78/><T77/><D77/><U132/><E89/><V73/><F73/><W30/><G88/><T126/><D126/><U123/><E90/><V72/><F72/><W59/><G125/><N who="1" m="48202" /><E123/><V13/><F120/><W49/><G91/><T45/><D45/><U62/><E62/><V135/><F135/><RYUUKYOKU ba="0,1" sc="180,30,180,-10,210,-10,420,-10" hai0="1,6,11,17,21,23,25,26,96,103,104,105,106" /><INIT seed="3,1,1,3,3,123" ten="210,170,200,410" oya="3" hai0="14,107,108,53,18,135,51,68,39,62,100,55,35" hai1="27,22,31,72,84,61,44,7,101,85,10,8,40" hai2="89,38,82,98,26,88,37,103,46,73,133,112,105" hai3="114,20,79,110,70,24,106,91,2,83,134,34,50"/><W69/><G114/><T47/><D135/><U117/><E117/><V93/><F112/><W29/><G2/><T132/><D132/><U56/><E72/><V52/><F133/><W78/><G134/><T109/><D35/><U60/><E101/><V32/><F32/><W41/><G106/><T45/><D107/><U49/><E61/><V113/><F26/><W1/><G1/><T57/><D100/><U77/><E77/><N who="2" m="44335" /><F89/><W43/><G91/><T127/><D127/><U16/><E31/><V125/><F125/><W4/><G4/><T36/><D68/><U23/><E23/><V128/><F128/><W86/><G79/><T95/><D95/><U6/><E6/><V80/><F80/><W120/><G120/><T81/><D81/><U19/><E19/><V25/><F25/><W65/><G34/><T42/><REACH who="0" step="1"/><D39/><REACH who="0" ten="200,170,200,410" step="2"/><U71/><E71/><V63/><F113/><W58/><G70/><T124/><D124/><U17/><E17/><V66/><F38/><W11/><G69/><T5/><D5/><U111/><E111/><V15/><F37/><W96/><G110/><T104/><D104/><U119/><E119/><V48/><F103/><W126/><G126/><T64/><D64/><U130/><E130/><V54/><F66/><W0/><G65/><T13/><D13/><N who="1" m="5279" /><E10/><AGARI ba="1,2" hai="10,14,18,36,42,45,47,51,53,55,57,62,108,109" machi="10" ten="40,5200,0" yaku="1,1,52,2,53,0" doraHai="123" doraHaiUra="87" who="0" fromWho="1" sc="200,75,170,-55,200,0,410,0" /><INIT seed="4,0,0,0,5,131" ten="275,115,200,410" oya="0" hai0="5,6,126,87,73,97,40,11,90,134,50,57,108" hai1="128,79,85,44,80,52,25,75,109,70,59,91,68" hai2="47,84,78,94,117,95,51,111,125,4,45,54,56" hai3="103,67,7,130,14,99,15,48,1,102,38,82,132"/><T86/><D73/><U2/><E109/><V13/><F111/><W133/><G38/><T41/><D126/><U116/><E116/><V58/><F117/><W24/><G130/><T88/><D108/><U8/><E128/><V112/><F112/><W55/><G67/><T43/><D97/><U60/><E25/><V121/><F121/><W74/><G24/><T122/><D122/><U19/><E44/><V65/><F125/><W39/><G39/><T21/><D21/><U101/><E101/><V30/><F30/><W89/><G103/><T93/><D134/><N who="3" m="51817" /><G7/><T29/><D29/><U18/><E19/><V104/><F4/><W129/><G1/><T35/><D35/><U81/><REACH who="1" step="1"/><E18/><REACH who="1" ten="275,105,200,410" step="2"/><V123/><F123/><W105/><G129/><T66/><D5/><AGARI ba="0,1" hai="2,5,8,52,59,60,68,70,75,79,80,81,85,91" machi="5" ten="40,8000,1" yaku="1,1,2,1,54,1,53,1" doraHai="131" doraHaiUra="49" who="1" fromWho="0" sc="275,-80,105,90,200,0,410,0" /><INIT seed="5,0,0,2,2,64" ten="195,195,200,410" oya="1" hai0="42,124,8,71,43,1,91,129,104,7,126,21,117" hai1="27,102,92,52,128,110,63,86,37,22,57,113,111" hai2="85,81,55,31,118,36,40,19,94,0,4,45,95" hai3="134,62,109,123,70,84,11,103,30,39,60,69,10"/><U66/><E37/><V9/><F118/><W75/><G75/><T50/><D117/><U108/><E113/><V18/><F31/><W121/><G103/><T46/><D104/><U3/><E3/><V78/><F55/><W100/><G100/><T24/><D129/><U120/><E120/><V14/><REACH who="2" step="1"/><F19/><REACH who="2" ten="195,195,190,410" step="2"/><W82/><G30/><T114/><D114/><U105/><E128/><V44/><F44/><W131/><G131/><T98/><D46/><U90/><E105/><V135/><F135/><W80/><G134/><T89/><D124/><U122/><E122/><V34/><F34/><W76/><G123/><T72/><D126/><U96/><E52/><V132/><F132/><W107/><G107/><T47/><D47/><U56/><E56/><V61/><F61/><W88/><G62/><T35/><D35/><U106/><REACH who="1" step="1"/><E110/><REACH who="1" ten="195,185,190,410" step="2"/><V74/><F74/><W25/><G109/><T93/><D72/><U77/><E77/><V112/><F112/><W16/><G121/><T5/><D43/><U20/><E20/><AGARI ba="0,2" hai="0,4,9,14,18,20,36,40,45,78,81,85,94,95" machi="20" ten="30,2000,0" yaku="1,1,7,1,53,0" doraHai="64" doraHaiUra="87" who="2" fromWho="1" sc="195,0,185,-20,190,40,410,0" /><INIT seed="6,0,0,5,4,34" ten="195,165,230,410" oya="2" hai0="125,105,69,99,53,80,33,67,106,29,4,96,76" hai1="27,114,135,10,45,51,59,93,74,26,68,63,25" hai2="124,21,9,89,24,58,117,39,14,55,116,36,95" hai3="87,12,31,70,22,43,30,122,132,18,20,78,92"/><V8/><F124/><W85/><G70/><T37/><D125/><U52/><E114/><V81/><F81/><W46/><G122/><T66/><D37/><U104/><E104/><V131/><F131/><W126/><G126/><T108/><D108/><U48/><E135/><V42/><F117/><W61/><G61/><T72/><D53/><U65/><E74/><V75/><F75/><W86/><G132/><T79/><D79/><U56/><E93/><V91/><F42/><W129/><G129/><T111/><D111/><U134/><E134/><V109/><F116/><W130/><G130/><T23/><D23/><U110/><E110/><V1/><F1/><W41/><G78/><T38/><D38/><U62/><E48/><V60/><F91/><W113/><G113/><T28/><D4/><U11/><REACH who="1" step="1"/><E68/><REACH who="1" ten="195,155,230,410" step="2"/><V120/><F109/><W73/><G92/><T13/><D69/><U49/><E49/><V123/><F39/><W115/><G73/><T6/><D106/><U107/><E107/><V84/><F36/><W71/><G71/><T98/><D105/><U64/><AGARI ba="0,1" hai="10,11,25,26,27,45,51,52,56,59,62,63,64,65" machi="64" ten="30,12000,2" yaku="1,1,0,1,9,1,8,1,54,1,53,2" doraHai="34" doraHaiUra="7" who="1" fromWho="1" sc="195,-30,155,130,230,-60,410,-30" /><INIT seed="7,0,0,5,0,108" ten="165,285,170,380" oya="3" hai0="11,64,53,52,14,47,125,114,96,104,132,72,40" hai1="12,49,79,111,58,41,56,23,97,15,115,22,90" hai2="101,112,31,95,29,24,100,73,133,81,57,74,102" hai3="42,35,84,48,76,116,51,32,135,2,13,67,82"/><W127/><G116/><T126/><D72/><U20/><E111/><V106/><F106/><W5/><G2/><T68/><D132/><U34/><E34/><V0/><F0/><W37/><G37/><T4/><D114/><U16/><E79/><V121/><F133/><W8/><G135/><T86/><D86/><U43/><E115/><V91/><F112/><W124/><G67/><T55/><D64/><U129/><E129/><V94/><F121/><W98/><G98/><T110/><D68/><U117/><E117/><V26/><F57/><W50/><G42/><T21/><D21/><U70/><E70/><V123/><F81/><W9/><G9/><T77/><D77/><U7/><E7/><V85/><F123/><W107/><G107/><T113/><D113/><U71/><E71/><V118/><F118/><W39/><G39/><T60/><D60/><U88/><E23/><V44/><F44/><W10/><G10/><T61/><D61/><U78/><E78/><V18/><F18/><W3/><G3/><T62/><D62/><U128/><E128/><V25/><F95/><W75/><G75/><T59/><D59/><U66/><E66/><V131/><F131/><W46/><G46/><T130/><D130/><U120/><E120/><V65/><F65/><W36/><G76/><T103/><REACH who="0" step="1"/><D110/><REACH who="0" ten="155,285,170,380" step="2"/><U87/><E87/><V99/><F85/><W93/><G84/><T122/><D122/><U105/><E22/><V38/><F38/><AGARI ba="0,1" hai="4,11,14,38,40,47,52,53,55,96,103,104,125,126" machi="38" ten="40,2600,0" yaku="1,1,54,1,53,0" doraHai="108" doraHaiUra="45" who="0" fromWho="2" sc="155,36,285,0,170,-26,380,0" owari="191,-20.9,285,8.5,144,-35.6,380,48.0" /></mjloggm>