<mjloggm ver="2.3"><GO type="169" lobby="0"/><UN n0="%4D%72%52%41%4D%4F" n1="%4D%E6%9C%AC" n2="%E4%B9%85%E4%BF%9D%E3%82%B7%E3%82%AA%E3%83%AA" n3="%E7%9C%BC%E9%8F%A1%E3%81%AE%E7%94%B7%E3%81%AE%E5%AD%90" dan="16,18,16,16" rate="2110.61,2247.69,2017.85,2071.28" sx="M,M,M,M"/><TAIKYOKU oya="0"/><INIT seed="0,0,0,4,3,18" ten="250,250,250,250" oya="0" hai0="98,19,104,50,35,67,15,1,95,103,40,87,111" hai1="39,48,108,82,64,130,28,113,110,33,57,97,89" hai2="69,74,7,134,60,100,73,112,59,71,102,129,46" hai3="22,37,117,86,127,114,0,80,96,92,51,52,109"/><T2/><D111/><N who="1" m="42539" /><E39/><V34/><F34/><W53/><G109/><T29/><D67/><U62/><E130/><V5/><F59/><W25/><G37/><T41/><D35/><U85/><E113/><V77/><F46/><W122/><G114/><T58/><D29/><U63/><E97/><V3/><F60/><W43/><G117/><T83/><D104/><U94/><E48/><V27/><F27/><W75/><G75/><T93/><D93/><U125/><E125/><V91/><F91/><W133/><G127/><T23/><D2/><U78/><E63/><V65/><F77/><W12/><G0/><T17/><D1/><U79/><E82/><V44/><F3/><W88/><G12/><T14/><D58/><U8/><E8/><V13/><F13/><W115/><G115/><T9/><REACH who="0" step="1"/><D50/><REACH who="0" ten="240,250,250,250" step="2"/><U123/><E123/><V6/><F112/><W49/><G122/><T124/><D124/><U32/><E32/><V36/><F36/><W38/><G38/><T118/><D118/><U10/><E10/><V101/><F129/><W135/><G51/><T45/><D45/><U56/><E57/><V68/><F44/><N who="3" m="25759" /><G135/><T72/><D72/><N who="2" m="27754" /><F65/><W121/><G133/><AGARI ba="0,1" hai="5,6,7,68,69,71,100,101,102,133,134" m="27754" machi="133" ten="50,8000,1" yaku="29,2,28,2" doraHai="18" who="2" fromWho="3" sc="240,0,250,0,250,90,250,-80" /><INIT seed="1,0,0,5,4,11" ten="240,250,340,170" oya="1" hai0="127,16,46,118,22,109,74,7,128,1,78,3,112" hai1="101,42,65,99,44,26,117,69,80,58,108,66,79" hai2="85,5,12,52,48,13,120,68,134,87,41,114,106" hai3="25,91,28,94,47,115,116,98,107,18,20,6,135"/><U21/><E117/><V95/><F120/><W60/><G116/><T32/><D118/><U61/><E108/><V123/><F123/><W86/><G135/><T75/><D112/><U14/><E69/><V10/><F106/><W37/><G115/><T133/><D109/><U23/><E66/><V92/><F68/><W19/><G6/><T102/><D133/><U56/><E56/><V82/><F134/><W121/><G121/><T43/><D32/><U35/><E35/><V72/><F72/><W38/><G107/><T30/><D30/><U71/><E71/><V132/><F41/><W105/><G60/><T36/><D128/><U70/><E70/><V31/><F31/><W64/><G64/><T89/><D102/><U34/><E34/><V29/><F29/><W90/><G105/><T130/><D127/><U17/><E99/><V103/><F114/><W49/><G37/><T40/><D40/><U124/><E101/><V84/><F132/><W77/><G77/><T131/><D89/><U110/><E124/><V113/><F113/><W57/><G38/><T88/><D88/><U93/><E93/><N who="2" m="35915" /><F82/><N who="3" m="49495" /><G57/><T63/><D74/><U53/><E110/><V125/><F103/><W8/><G8/><N who="0" m="2159" /><D3/><U104/><E104/><V96/><F96/><W55/><AGARI ba="0,0" hai="18,19,20,25,28,47,49,55,91,94,98" m="49495" machi="55" ten="30,1100,0" yaku="8,1" doraHai="11" who="3" fromWho="3" sc="240,-3,250,-5,340,-3,170,11" /><INIT seed="2,0,0,2,1,69" ten="237,245,337,181" oya="2" hai0="14,54,98,76,128,62,114,57,9,33,70,104,105" hai1="34,68,107,45,99,131,120,71,115,22,95,37,101" hai2="24,72,119,130,84,17,48,41,91,61,47,51,116" hai3="133,90,44,126,108,73,0,5,18,127,58,16,123"/><V83/><F130/><W28/><G123/><T75/><D114/><U12/><E115/><V40/><F72/><W110/><G73/><T55/><D128/><U74/><E131/><V122/><F122/><W19/><G58/><T111/><D70/><U50/><E34/><V65/><F24/><W103/><G103/><T20/><D33/><U25/><E74/><V112/><F112/><W35/><G90/><T102/><D111/><N who="3" m="42537" /><G44/><T26/><D76/><U52/><E120/><V121/><F121/><W53/><G53/><T39/><D39/><U89/><E37/><V77/><F77/><W2/><G133/><T23/><D75/><U21/><E12/><V1/><F1/><N who="3" m="619" /><G5/><T46/><D105/><U81/><E81/><V100/><F100/><W15/><G15/><T109/><D109/><U106/><E106/><V27/><F41/><W93/><G93/><T38/><D38/><U4/><E4/><V86/><F86/><W10/><G10/><T135/><D135/><U32/><E71/><V117/><F47/><W87/><G87/><T67/><D46/><U129/><E68/><N who="2" m="42031" /><F40/><W3/><N who="3" m="627" /><W11/><DORA hai="118" /><G11/><T31/><REACH who="0" step="1"/><D23/><REACH who="0" ten="227,245,337,181" step="2"/><U79/><E129/><V96/><F117/><W66/><G66/><T78/><D78/><U8/><E79/><V63/><F116/><W132/><G132/><T92/><D92/><U80/><E107/><V36/><F36/><W124/><G35/><T42/><D42/><U56/><E45/><V85/><F119/><W125/><G125/><T6/><AGARI ba="0,1" hai="6,9,14,20,26,31,54,55,57,62,67,98,102,104" machi="6" ten="20,8000,1" yaku="1,1,0,1,7,1,53,2" doraHai="69,118" doraHaiUra="59,94" who="0" fromWho="0" sc="227,90,245,-20,337,-40,181,-20" /><INIT seed="3,0,0,3,0,22" ten="317,225,297,161" oya="3" hai0="30,121,134,81,123,131,36,126,124,44,55,54,12" hai1="96,127,61,129,120,21,28,95,58,125,107,41,97" hai2="18,114,110,100,32,86,60,46,11,115,68,108,45" hai3="31,53,98,75,135,104,23,84,37,76,87,33,47"/><W52/><G33/><T17/><D81/><U15/><E120/><N who="0" m="46153" /><D30/><U112/><E112/><V89/><F32/><W103/><G135/><T9/><D134/><U1/><E129/><V99/><F11/><W111/><G111/><N who="2" m="42537" /><F18/><W8/><G75/><T50/><D36/><U109/><E109/><V3/><F3/><W119/><G119/><T24/><D24/><N who="1" m="16399" /><E1/><V78/><F60/><W10/><G87/><T4/><D4/><U13/><E41/><V102/><F68/><W63/><G76/><T43/><D131/><U82/><E82/><N who="2" m="47447" /><F45/><W105/><G105/><T16/><D17/><U27/><E107/><N who="2" m="63903" /><F46/><W94/><G63/><T5/><D5/><U66/><E27/><V91/><F102/><W77/><G37/><T62/><D62/><U0/><E0/><V29/><F29/><W106/><G8/><T7/><D7/><U117/><E117/><V14/><F14/><W85/><G10/><T40/><D40/><U2/><E2/><V20/><F20/><W26/><G47/><T35/><D35/><U73/><E15/><V38/><F38/><W42/><G42/><T79/><D43/><U116/><E13/><V74/><F74/><W34/><G34/><T101/><D101/><N who="1" m="60575" /><E73/><V93/><F91/><N who="3" m="53607" /><G106/><T6/><D6/><U25/><E116/><V92/><F89/><W51/><G51/><T49/><D79/><U83/><E61/><V80/><F80/><N who="3" m="47247" /><G104/><T59/><D44/><U130/><E83/><V48/><F48/><W39/><G39/><T72/><D72/><U56/><E66/><V64/><F64/><W65/><G65/><T71/><D71/><RYUUKYOKU ba="0,0" sc="317,10,225,-30,297,10,161,10" hai0="9,12,16,49,50,54,55,59,124,126" hai2="92,93,114,115" hai3="23,26,31,52,53,98,103" /><INIT seed="3,1,0,5,5,30" ten="327,195,307,171" oya="3" hai0="130,2,4,11,7,6,46,60,56,41,84,120,16" hai1="114,109,102,99,131,73,118,33,43,39,15,97,76" hai2="21,91,5,45,20,74,127,29,14,49,94,128,59" hai3="111,22,96,134,8,122,88,106,32,78,17,27,100"/><W68/><G122/><T51/><D130/><U58/><E114/><V52/><F74/><W63/><G134/><T81/><D120/><U121/><E121/><V61/><F128/><W65/><G111/><T135/><D135/><U42/><E131/><V93/><F127/><W124/><G124/><T31/><D31/><U62/><E109/><V113/><F113/><W126/><G126/><T71/><D71/><U95/><E118/><V53/><F94/><W103/><G78/><T77/><D2/><U69/><E69/><V36/><F36/><W116/><G116/><T89/><D11/><U9/><E33/><V101/><F101/><W19/><G32/><T92/><D16/><U55/><E39/><V112/><F112/><W44/><G44/><T28/><D28/><U70/><E70/><V125/><F125/><W3/><G3/><T24/><D24/><U80/><REACH who="1" step="1"/><E99/><REACH who="1" ten="327,185,307,171" step="2"/><V13/><F20/><W104/><G8/><T119/><D119/><U85/><E85/><V37/><F37/><W64/><G64/><T132/><D132/><U86/><E86/><V23/><F21/><W18/><REACH who="3" step="1"/><G88/><REACH who="3" ten="327,185,307,161" step="2"/><T47/><D89/><U38/><E38/><V72/><F91/><W79/><G79/><T35/><D77/><U108/><E108/><V82/><F23/><W129/><G129/><T34/><D34/><U26/><E26/><V75/><F75/><W117/><G117/><T10/><D35/><U1/><E1/><V107/><F72/><W98/><AGARI ba="1,2" hai="17,18,19,22,27,63,65,68,96,98,100,103,104,106" machi="98" ten="30,18000,2" yaku="1,1,0,1,9,1,53,3" doraHai="30" doraHaiUra="12" who="3" fromWho="3" sc="327,-61,185,-61,307,-61,161,203" /><INIT seed="3,2,0,0,5,80" ten="266,124,246,364" oya="3" hai0="61,36,99,133,120,33,37,22,30,87,128,75,0" hai1="6,46,118,127,66,1,3,32,110,18,92,14,125" hai2="40,48,105,68,89,82,94,123,108,86,4,79,130" hai3="57,34,41,55,64,15,84,49,106,10,121,60,17"/><W9/><G121/><T71/><D75/><U113/><E66/><V90/><F68/><W114/><G114/><T28/><D0/><U35/><E46/><V21/><F123/><W43/><G106/><T102/><D120/><U51/><E51/><V12/><F105/><W119/><G34/><N who="1" m="12842" /><E92/><V132/><F132/><W8/><G119/><T44/><D128/><U39/><E39/><V91/><F130/><W7/><G84/><T115/><D22/><N who="1" m="11607" /><E113/><V101/><F101/><W31/><G31/><T126/><D133/><U76/><E76/><V78/><F108/><W29/><G29/><T124/><D115/><U23/><E110/><V134/><F134/><W73/><G73/><T109/><D109/><U70/><E70/><V65/><F65/><W52/><G55/><T56/><D71/><U95/><E95/><V96/><F78/><W131/><G131/><T97/><D44/><U38/><E38/><V50/><F50/><W59/><REACH who="3" step="1"/><G7/><REACH who="3" ten="266,124,246,354" step="2"/><T116/><D116/><U27/><E118/><V25/><F4/><W2/><G2/><N who="1" m="522" /><E6/><V77/><F86/><W135/><G135/><T122/><D87/><U26/><E23/><AGARI ba="2,1" hai="8,9,10,15,17,23,41,43,49,52,57,59,60,64" machi="23" ten="40,7700,0" yaku="1,1,8,1,54,1,53,0" doraHai="80" doraHaiUra="81" who="3" fromWho="1" sc="266,0,124,-83,246,0,354,93" /><INIT seed="3,3,0,1,4,134" ten="266,41,246,447" oya="3" hai0="128,84,31,45,39,98,28,130,127,3,15,0,8" hai1="56,110,70,11,135,116,71,41,40,132,17,115,43" hai2="61,16,63,44,52,131,5,103,32,82,20,6,96" hai3="101,109,90,126,100,37,12,26,91,38,51,68,114"/><W105/><G68/><N who="1" m="26154" /><E17/><V54/><F131/><N who="0" m="50218" /><D98/><U123/><E11/><V92/><F32/><W67/><G67/><T94/><D45/><U10/><E10/><V87/><F5/><W81/><G114/><T25/><D39/><U118/><E115/><V89/><F6/><W50/><G81/><T34/><D94/><U129/><E123/><V86/><F86/><W65/><G65/><T124/><D84/><U4/><E4/><V74/><F74/><W69/><G69/><T76/><D76/><U35/><E35/><V64/><F64/><W49/><G12/><T21/><D31/><U33/><E33/><V14/><F44/><W62/><G62/><AGARI ba="3,0" hai="14,16,20,52,54,61,62,63,82,87,89,92,96,103" machi="62" ten="40,5200,0" yaku="8,1,54,2" doraHai="134" who="2" fromWho="3" sc="266,0,41,0,246,61,447,-61" /><INIT seed="4,0,0,4,3,20" ten="266,41,307,386" oya="0" hai0="64,80,122,19,45,129,79,35,126,6,4,121,59" hai1="14,7,3,82,63,46,9,97,32,15,16,108,107" hai2="54,40,123,8,125,92,104,96,127,50,33,109,11" hai3="85,90,18,71,55,26,111,21,38,114,84,120,57"/><T103/><D35/><U56/><E108/><V62/><F123/><W49/><G120/><T1/><D129/><U25/><E46/><V115/><F115/><W94/><G114/><T34/><D126/><U58/><E82/><V73/><F73/><W119/><G111/><T30/><D103/><U105/><E97/><V13/><F104/><W110/><G110/><T124/><D124/><N who="2" m="47690" /><F33/><W76/><G119/><T44/><D19/><U132/><E132/><V95/><F8/><W112/><G112/><T89/><D89/><U53/><E15/><V131/><F131/><W0/><G71/><T47/><D1/><U100/><E100/><V68/><F40/><W36/><G0/><T43/><D43/><U28/><REACH who="1" step="1"/><E58/><REACH who="1" ten="266,31,307,386" step="2"/><V51/><F109/><W65/><G36/><T101/><D122/><U27/><E27/><V48/><F92/><W69/><G38/><T77/><D101/><U106/><E106/><V42/><F42/><W83/><G69/><T135/><D135/><U134/><E134/><V81/><F81/><W17/><G65/><T91/><D121/><U99/><E99/><V5/><F96/><W86/><G86/><N who="0" m="50631" /><D59/><U37/><E37/><V74/><F74/><W24/><G24/><N who="0" m="18759" /><D64/><U128/><E128/><V39/><F39/><W133/><G133/><T41/><D41/><U22/><AGARI ba="0,1" hai="3,7,9,14,16,22,25,28,32,53,56,63,105,107" machi="22" ten="20,12000,2" yaku="1,1,0,1,7,1,24,2,52,1,54,1,53,0" doraHai="20" doraHaiUra="98" who="1" fromWho="1" sc="266,-60,31,130,307,-30,386,-30" /><INIT seed="5,0,0,5,3,61" ten="206,161,277,356" oya="1" hai0="124,60,122,30,3,119,82,64,50,22,48,114,109" hai1="126,49,97,43,44,80,28,92,20,81,106,79,89" hai2="90,129,67,8,94,38,73,132,6,52,101,46,17" hai3="75,23,39,72,53,102,84,128,40,35,29,54,93"/><U18/><E126/><V59/><F73/><W83/><G35/><T19/><D109/><U4/><E106/><V95/><F132/><W42/><G75/><T34/><D119/><U131/><E131/><V31/><F129/><W110/><G72/><T0/><D124/><U16/><E4/><V7/><F31/><W123/><G123/><T66/><D122/><U74/><REACH who="1" step="1"/><E81/><REACH who="1" ten="206,151,277,356" step="2"/><V117/><F6/><W1/><G83/><T118/><D82/><U15/><E15/><V11/><F7/><W13/><G13/><T113/><D0/><U115/><E115/><V62/><F117/><W26/><G1/><T77/><D3/><U133/><E133/><V120/><F120/><W88/><G128/><T104/><D118/><U57/><E57/><V41/><F94/><W21/><G93/><T86/><D104/><U51/><E51/><V135/><F135/><W87/><G110/><T127/><D127/><U112/><E112/><V32/><F59/><W78/><G39/><T121/><D121/><U76/><E76/><V10/><F38/><W5/><G78/><T65/><D77/><U47/><E47/><V99/><F46/><W2/><G5/><T111/><D111/><U27/><AGARI ba="0,1" hai="16,18,20,27,28,43,44,49,74,79,80,89,92,97" machi="27" ten="30,6000,0" yaku="1,1,0,1,54,1,53,0" doraHai="61" doraHaiUra="33" who="1" fromWho="1" sc="206,-20,151,70,277,-20,356,-20" /><INIT seed="5,1,0,3,4,90" ten="186,221,257,336" oya="1" hai0="23,33,105,115,65,85,128,25,14,124,9,30,98" hai1="112,19,17,20,48,104,3,12,31,58,120,42,44" hai2="52,92,53,62,46,126,119,83,77,66,123,40,5" hai3="69,116,56,86,61,29,127,8,110,73,49,114,68"/><U54/><E120/><V37/><F123/><W93/><G73/><T11/><D115/><U88/><E112/><V0/><F119/><W97/><G114/><T95/><D124/><U64/><E3/><V118/><F126/><W108/><G127/><T27/><D128/><U125/><E125/><V7/><F118/><W2/><G116/><T81/><D105/><U60/><E104/><V72/><F5/><W24/><G86/><T13/><D65/><U117/><E117/><V47/><F47/><W41/><G41/><T74/><D74/><U89/><E31/><V63/><F63/><W67/><G8/><T133/><D133/><U87/><E87/><V16/><F16/><W38/><G38/><T129/><D129/><U4/><E4/><V79/><F92/><W51/><G51/><T109/><D109/><U18/><E18/><V107/><F79/><W22/><G2/><T131/><D131/><U59/><REACH who="1" step="1"/><E19/><REACH who="1" ten="186,211,257,336" step="2"/><V39/><F107/><W15/><G15/><T82/><D85/><U1/><E1/><V101/><F0/><W135/><G135/><T134/><D134/><U32/><E32/><V21/><F7/><W78/><G110/><T121/><D121/><U10/><E10/><N who="0" m="3593" /><D33/><U102/><E102/><V28/><F101/><N who="3" m="60591" /><G108/><T26/><D14/><U132/><E132/><V130/><F130/><W99/><G29/><T84/><D13/><U91/><E91/><V96/><F96/><W76/><G99/><T122/><D122/><U111/><E111/><V100/><F100/><W50/><G78/><N who="0" m="46135" /><D82/><U70/><E70/><N who="3" m="27242" /><G76/><T34/><D34/><U94/><E94/><RYUUKYOKU ba="1,1" sc="186,10,211,10,257,-30,336,10" hai0="23,25,26,27,30,95,98" hai1="12,17,20,42,44,48,54,58,59,60,64,88,89" hai3="22,24,49,50,56,61,67" /><INIT seed="5,2,1,5,3,113" ten="196,221,227,346" oya="1" hai0="8,133,135,63,130,84,27,92,10,44,56,11,4" hai1="115,7,93,132,1,26,125,118,16,104,105,23,129" hai2="43,55,114,22,124,87,2,97,29,12,32,89,70" hai3="65,42,67,30,86,38,126,108,74,102,14,103,99"/><U9/><E115/><V33/><F114/><W37/><G74/><T106/><D106/><U117/><E105/><V39/><F2/><W53/><G108/><T109/><D109/><U48/><E104/><V28/><F124/><W61/><G126/><T100/><D130/><U47/><E125/><V17/><F70/><W59/><G30/><T73/><D73/><U120/><E120/><V91/><F33/><W77/><G67/><T24/><D44/><U122/><E122/><V80/><F39/><W96/><G96/><N who="0" m="59399" /><D84/><U66/><E129/><V94/><F32/><W75/><G75/><T31/><D4/><U41/><E66/><V6/><F6/><W35/><G35/><T20/><D27/><U81/><E132/><N who="0" m="50761" /><D8/><U119/><REACH who="1" step="1"/><E93/><REACH who="1" ten="196,211,227,346" step="2"/><V57/><REACH who="2" step="1"/><F43/><REACH who="2" ten="196,211,217,346" step="2"/><W68/><G42/><T116/><D116/><U110/><E110/><V121/><F121/><W18/><G68/><T88/><D88/><U54/><E54/><AGARI ba="2,3" hai="10,11,20,24,31,54,56,63" m="50761,59399" machi="54" ten="30,1000,0" yaku="20,1" doraHai="113" who="0" fromWho="1" sc="196,46,211,-16,217,0,346,0" /><INIT seed="6,0,0,1,5,21" ten="242,195,217,346" oya="2" hai0="57,53,39,87,56,44,23,78,48,123,67,89,92" hai1="13,66,28,118,116,15,4,2,43,8,17,80,51" hai2="88,61,122,60,36,63,42,0,12,84,1,109,129" hai3="74,82,58,38,18,120,124,85,20,121,9,25,81"/><V130/><F122/><W125/><G38/><T100/><D123/><U70/><E80/><V83/><F109/><W91/><G58/><T108/><D108/><U133/><E66/><V62/><N who="2" m="15360" /><DORA hai="75" /><V30/><F30/><W16/><G74/><T46/><D67/><U119/><E70/><V71/><F71/><W37/><G37/><T90/><D100/><U3/><E51/><V5/><F5/><W59/><G59/><T26/><D57/><U22/><E43/><V14/><F14/><N who="3" m="7247" /><G82/><N who="0" m="47575" /><D39/><U47/><E47/><N who="0" m="17961" /><D92/><U128/><E128/><N who="2" m="49259" /><F12/><W107/><G107/><T34/><D34/><U72/><E72/><V27/><F27/><W65/><G65/><T55/><D53/><U117/><N who="1" m="29696" /><DORA hai="126" /><U64/><E64/><V73/><F73/><W115/><G121/><T104/><D104/><U54/><E54/><V86/><F42/><W110/><G120/><T114/><D114/><U113/><E113/><V45/><F36/><W98/><G115/><T76/><D76/><U24/><REACH who="1" step="1"/><E133/><REACH who="1" ten="242,185,217,346" step="2"/><V33/><F45/><W102/><G110/><T50/><D50/><U79/><E79/><N who="2" m="46207" /><F33/><AGARI ba="0,1" hai="2,3,4,8,13,15,17,22,24,28,33" m="29696" machi="33" ten="70,12000,2" yaku="1,1,34,3,52,1,53,2" doraHai="21,75,126" doraHaiUra="105,19,6" who="1" fromWho="2" sc="242,0,185,130,217,-120,346,0" /><INIT seed="7,0,0,5,1,4" ten="242,315,97,346" oya="3" hai0="79,40,112,100,49,25,46,41,91,93,123,94,99" hai1="12,53,47,122,133,81,10,2,107,16,101,20,26" hai2="119,85,103,45,125,117,97,109,7,86,54,5,89" hai3="135,37,127,114,65,0,11,102,36,31,87,3,51"/><W110/><G31/><T21/><D123/><U96/><E122/><V15/><F109/><W90/><G110/><T64/><D112/><U113/><E113/><V131/><F131/><W29/><G114/><T118/><D118/><U111/><E111/><V55/><F125/><W24/><G102/><T56/><D79/><U130/><E130/><V71/><F45/><W19/><G65/><T33/><D33/><U44/><E133/><V121/><F121/><W23/><G127/><T126/><D126/><U78/><E2/><V67/><F15/><N who="3" m="7679" /><G0/><T50/><D64/><U80/><E53/><V88/><F67/><W34/><G34/><T66/><D66/><U95/><E107/><V42/><F42/><W84/><G84/><T92/><D91/><U77/><E77/><V134/><F97/><W120/><G3/><T72/><D72/><U6/><E81/><V129/><F129/><W30/><G30/><T70/><D70/><U9/><E9/><V105/><F103/><W74/><G74/><AGARI ba="0,0" hai="6,10,12,16,20,26,44,47,74,78,80,95,96,101" machi="74" ten="30,3900,0" yaku="7,1,52,1,54,1" doraHai="4" who="1" fromWho="3" sc="242,0,315,39,97,0,346,-39" owari="242,-15.8,354,45.4,97,-40.3,307,10.7" /></mjloggm>