<mjloggm ver="2.3"><GO type="169" lobby="0"/><UN n0="%E3%81%BD%E3%81%A3%E3%81%91%E3%81%95%E3%82%93" n1="%E3%82%A4%E3%82%AB%E3%81%AB%E3%82%82%E6%9D%B1%E5%8C%97" n2="%E5%8F%A4%E6%96%AF%E5%A1%94%E5%A4%AB%E4%BA%8C%E4%B8%96" n3="%E9%95%B7%E5%B2%A1" dan="16,17,16,16" rate="2132.95,2184.66,2104.80,2104.33" sx="M,M,M,M"/><TAIKYOKU oya="0"/><INIT seed="0,0,0,3,3,81" ten="250,250,250,250" oya="0" hai0="24,130,121,74,7,67,10,102,28,16,36,22,59" hai1="119,104,128,92,23,6,124,29,4,77,43,94,19" hai2="42,14,50,122,89,97,82,44,2,5,112,133,15" hai3="86,114,11,18,52,113,118,58,70,132,26,71,73"/><T45/><D121/><U91/><E119/><V69/><F112/><W85/><G73/><T95/><D74/><U37/><E104/><V93/><F122/><W90/><G118/><T31/><D130/><U135/><E128/><V108/><F133/><W120/><G120/><T63/><D36/><U17/><E135/><V96/><F108/><W35/><G132/><T30/><D45/><U39/><E124/><V61/><F2/><W110/><G110/><T134/><D134/><U65/><E77/><V12/><F69/><W51/><G114/><T125/><D125/><U75/><E75/><V105/><F105/><W41/><G113/><T123/><D123/><U13/><E29/><V116/><F61/><W76/><G41/><T72/><D72/><U56/><E94/><V57/><F57/><W21/><G35/><T27/><D27/><U25/><E43/><V107/><F107/><W60/><G76/><T88/><D102/><U54/><E65/><V109/><F109/><W33/><G33/><T32/><D32/><U8/><E39/><V131/><F131/><W46/><G11/><T129/><D129/><U115/><E37/><V9/><F116/><W48/><G48/><T62/><D62/><N who="1" m="36119" /><E115/><V83/><F97/><AGARI ba="0,0" hai="4,6,8,13,17,19,23,25,91,92,97" m="36119" machi="97" ten="30,2000,0" yaku="25,1,8,1" doraHai="81" who="1" fromWho="2" sc="250,0,250,20,250,-20,250,0" /><INIT seed="1,0,0,1,1,71" ten="250,270,230,250" oya="1" hai0="66,124,20,122,102,95,54,65,113,56,93,21,0" hai1="87,111,53,135,51,11,1,24,36,52,9,47,49" hai2="129,105,94,62,86,15,112,116,17,40,96,119,89" hai3="99,42,2,38,80,48,61,19,30,27,46,104,22"/><U14/><E135/><V79/><F129/><W114/><G114/><T108/><D0/><U82/><E111/><V83/><F112/><W10/><G61/><T8/><D8/><U85/><E1/><V90/><F105/><W118/><G118/><T130/><D56/><U123/><E123/><V110/><F110/><W81/><G104/><T28/><D28/><U37/><E24/><V32/><F32/><W70/><G70/><T63/><D63/><U43/><E43/><V133/><F133/><W59/><G99/><T74/><D54/><U57/><E87/><V58/><F40/><W72/><G72/><T134/><D74/><U101/><E101/><V126/><F126/><W39/><G59/><T26/><D26/><U92/><E92/><V125/><F125/><W76/><G19/><T44/><D95/><U68/><E68/><V91/><F116/><W106/><G106/><T98/><D93/><U84/><E84/><V64/><REACH who="2" step="1"/><F119/><REACH who="2" ten="250,270,220,250" step="2"/><W78/><G78/><T88/><D108/><U4/><E11/><AGARI ba="0,1" hai="11,15,17,58,62,64,79,83,86,89,90,91,94,96" machi="11" ten="30,7700,0" yaku="1,1,2,1,7,1,8,1,53,0" doraHai="71" doraHaiUra="31" who="2" fromWho="1" sc="250,0,270,-77,220,87,250,0" /><INIT seed="2,0,0,0,5,44" ten="250,193,307,250" oya="2" hai0="8,101,66,13,122,120,134,72,113,65,1,95,33" hai1="53,6,128,100,36,42,129,85,24,3,22,96,88" hai2="15,73,69,123,30,67,99,16,82,83,105,135,46" hai3="61,97,121,47,77,4,91,62,130,127,106,41,35"/><V126/><F123/><W116/><G121/><T110/><D72/><U28/><E53/><V17/><F126/><W81/><G116/><T12/><D33/><U78/><E78/><V108/><F135/><W11/><G35/><T39/><D95/><U90/><E36/><V89/><F108/><W45/><G130/><N who="1" m="50282" /><E42/><V52/><F30/><W115/><G127/><T25/><D101/><U18/><E28/><V64/><F69/><W20/><G20/><T112/><D39/><U63/><E63/><V21/><F73/><W75/><G115/><T76/><D76/><U103/><E103/><V50/><F17/><W107/><G47/><T54/><D54/><U125/><E125/><V7/><F7/><W31/><G31/><T102/><D102/><U98/><E96/><V124/><F124/><W37/><G107/><T114/><D112/><U133/><E85/><N who="2" m="50359" /><F105/><W23/><G23/><T55/><D120/><U131/><N who="1" m="50290" /><U40/><DORA hai="84" /><E40/><V68/><F68/><W38/><G38/><T43/><D43/><U9/><E133/><V32/><F32/><W118/><G118/><T51/><D134/><U27/><E27/><V109/><F109/><W132/><G132/><T56/><D25/><U111/><E111/><V70/><F70/><W93/><G106/><AGARI ba="0,0" hai="3,6,9,18,22,24,88,90,98,100,106" m="50290" machi="106" ten="40,8000,1" yaku="19,1,52,2,54,1" doraHai="44,84" who="1" fromWho="3" sc="250,0,193,80,307,0,250,-80" /><INIT seed="3,0,0,1,5,26" ten="250,273,307,170" oya="3" hai0="84,79,85,36,123,126,87,108,77,42,128,115,47" hai1="29,16,76,18,66,125,2,7,13,119,17,64,83" hai2="35,109,114,30,59,134,15,127,78,63,10,12,33" hai3="104,57,94,48,50,65,41,61,22,23,110,73,100"/><W4/><G73/><T45/><D123/><U28/><E125/><V92/><F114/><W32/><G32/><T40/><D126/><U121/><E121/><V74/><F127/><W58/><G110/><T132/><D108/><U24/><E2/><V25/><F109/><W60/><G104/><T107/><D107/><U131/><E131/><V96/><F134/><W101/><G4/><T135/><D128/><U103/><E103/><V118/><F118/><W55/><G101/><T86/><N who="0" m="21504" /><DORA hai="122" /><T67/><D67/><U90/><E119/><V97/><F35/><W124/><G124/><T129/><D115/><U21/><E90/><V1/><F1/><W82/><G82/><T56/><D56/><U8/><E83/><V120/><F120/><W38/><G38/><T68/><D68/><U54/><E76/><V72/><F78/><N who="0" m="29706" /><D36/><U133/><E133/><N who="0" m="51273" /><D129/><U111/><E111/><V19/><F15/><W14/><G14/><T75/><D75/><U113/><E113/><V44/><F44/><AGARI ba="0,0" hai="40,42,44,45,47" m="51273,29706,21504" machi="44" ten="50,6400,0" yaku="28,2,20,1" doraHai="26,122" who="0" fromWho="2" sc="250,64,273,0,307,-64,170,0" /><INIT seed="4,0,0,0,4,90" ten="314,273,243,170" oya="0" hai0="84,94,103,9,57,89,69,76,16,60,108,28,14" hai1="12,31,87,83,7,10,135,38,25,99,68,15,34" hai2="37,109,91,44,29,51,4,88,104,65,126,101,72" hai3="131,92,47,127,1,6,115,63,24,58,71,33,41"/><T98/><D108/><U42/><E68/><V11/><F109/><W3/><G131/><T85/><D69/><U70/><E70/><V128/><F72/><W8/><G127/><T73/><D73/><U46/><E135/><V80/><F128/><W119/><G115/><T96/><D28/><U49/><E99/><V23/><F126/><W121/><G121/><T52/><D76/><U64/><E64/><V22/><F37/><W18/><G71/><T21/><D9/><U2/><REACH who="1" step="1"/><E38/><REACH who="1" ten="314,263,243,170" step="2"/><V0/><F65/><W105/><G119/><T118/><D118/><U54/><E54/><V122/><F122/><W124/><G124/><T66/><D66/><U17/><E17/><V13/><F29/><W30/><G18/><T35/><D35/><U120/><E120/><V39/><F39/><W93/><G105/><AGARI ba="0,1" hai="14,16,21,52,57,60,84,85,89,94,96,98,103,105" machi="105" ten="30,11600,0" yaku="7,1,52,1,54,2" doraHai="90" who="0" fromWho="3" sc="314,126,263,0,243,0,170,-116" /><INIT seed="4,1,0,0,1,114" ten="440,263,243,54" oya="0" hai0="73,96,18,25,66,27,22,81,40,83,100,5,62" hai1="105,39,79,6,99,131,2,115,130,123,61,21,85" hai2="12,110,45,19,109,89,95,60,17,108,84,52,4" hai3="14,26,1,9,37,44,101,94,112,90,86,125,10"/><T24/><D5/><U75/><E123/><V70/><F70/><W47/><G112/><T3/><D3/><U51/><E115/><V48/><F4/><W46/><G125/><T72/><D40/><U30/><E39/><V113/><F113/><W134/><G134/><T91/><D81/><U80/><E61/><V98/><F60/><W120/><G120/><T122/><D122/><U29/><E51/><V42/><F42/><W53/><G1/><T87/><D73/><U71/><E71/><V38/><F38/><W107/><G26/><T135/><D72/><U129/><E21/><V20/><REACH who="2" step="1"/><F17/><REACH who="2" ten="440,263,233,54" step="2"/><W54/><G37/><T133/><D135/><U124/><E6/><V76/><F76/><W58/><G54/><T55/><D55/><U103/><E2/><V34/><F34/><W111/><G53/><T33/><D33/><U106/><E124/><V116/><F116/><W78/><G78/><T74/><D133/><U59/><E30/><V23/><F23/><W128/><G111/><T67/><D67/><U41/><E29/><V97/><AGARI ba="1,1" hai="12,19,20,45,48,52,84,89,95,97,98,108,109,110" machi="97" ten="40,5200,0" yaku="1,1,0,1,54,1,53,0" doraHai="114" doraHaiUra="77" who="2" fromWho="2" sc="440,-27,263,-14,233,65,54,-14" /><INIT seed="5,0,0,3,3,4" ten="413,249,298,40" oya="1" hai0="79,100,34,2,23,24,83,76,127,128,49,93,46" hai1="26,107,25,90,1,32,135,109,96,78,97,16,56" hai2="63,102,62,18,0,118,82,87,6,73,59,125,37" hai3="70,19,68,85,28,122,134,91,41,66,74,36,65"/><U112/><E1/><V111/><F118/><W132/><G74/><T21/><D2/><U104/><E112/><V75/><F125/><W113/><G28/><T31/><D127/><U14/><E135/><N who="3" m="51754" /><G19/><T9/><D9/><U121/><E121/><V39/><F111/><W11/><G85/><T5/><D5/><U86/><E109/><V8/><F102/><W15/><G91/><T20/><D128/><U51/><E78/><V84/><F75/><W89/><G89/><T71/><D71/><N who="3" m="27177" /><G122/><T77/><D93/><N who="1" m="54487" /><E32/><V57/><F73/><W44/><G15/><T55/><REACH who="0" step="1"/><D100/><REACH who="0" ten="403,249,298,40" step="2"/><U53/><E107/><V129/><F0/><W45/><G11/><T106/><D106/><U101/><E101/><V130/><F8/><W7/><G7/><T40/><D40/><U88/><E104/><V98/><F6/><W72/><G72/><AGARI ba="0,1" hai="20,21,23,24,31,34,46,49,55,72,76,77,79,83" machi="72" ten="40,8000,1" yaku="1,1,53,3" doraHai="4" doraHaiUra="17" who="0" fromWho="3" sc="403,90,249,0,298,0,40,-80" owari="493,59.3,249,-15.1,298,9.8,-40,-54.0" /></mjloggm>