<mjloggm ver="2.3"><GO type="169" lobby="0"/><UN n0="%43%72%37" n1="%E3%81%97%E3%81%BE%E3%81%A0%E3%81%BE%32" n2="%73%79%6C%76%65%6F%6E" n3="%56%45%54%54%45%4C" dan="17,16,16,17" rate="2205.87,2122.23,2192.55,2180.32" sx="M,M,M,M"/><TAIKYOKU oya="0"/><INIT seed="0,0,0,0,0,32" ten="250,250,250,250" oya="0" hai0="129,130,96,93,119,19,42,88,103,73,38,125,1" hai1="40,62,3,63,95,34,98,7,79,135,28,36,74" hai2="58,111,99,4,14,15,27,76,77,22,2,134,120" hai3="60,80,116,20,117,86,89,41,87,8,11,9,132"/><T30/><D119/><U10/><E135/><V109/><F120/><W133/><G41/><T45/><D73/><U108/><E28/><V112/><F112/><W91/><G20/><T66/><D125/><U33/><E62/><V50/><F134/><N who="3" m="51819" /><G60/><T83/><D66/><U53/><E53/><N who="2" m="32055" /><F99/><W54/><G54/><T115/><D115/><U122/><E63/><V44/><F44/><W56/><G56/><T90/><D30/><U23/><E23/><V43/><F43/><W107/><G107/><T78/><D19/><U118/><E122/><V29/><F2/><W25/><G25/><T18/><D18/><U75/><E118/><N who="3" m="45674" /><G80/><T82/><D1/><U13/><E3/><V68/><F22/><W85/><AGARI ba="0,0" hai="8,9,11,85,86,87,89,91" m="45674,51819" machi="85" ten="40,5200,0" yaku="28,2,20,1" doraHai="32" who="3" fromWho="3" sc="250,-26,250,-13,250,-13,250,52" /><INIT seed="1,0,0,5,5,53" ten="224,237,237,302" oya="1" hai0="28,85,133,57,93,17,32,128,134,108,125,73,109" hai1="82,91,25,62,18,10,92,81,120,70,78,86,44" hai2="89,127,42,71,58,52,115,122,4,135,76,87,31" hai3="124,0,97,1,30,11,126,21,123,116,101,2,121"/><U64/><E120/><N who="3" m="46154" /><G97/><T7/><D73/><U51/><E25/><V75/><F122/><W113/><G101/><T13/><D85/><U23/><E23/><V65/><F42/><W47/><G47/><T45/><D93/><U112/><E112/><V102/><F102/><W34/><G113/><T103/><D103/><U80/><E10/><V107/><F107/><W40/><G40/><T77/><D77/><U98/><REACH who="1" step="1"/><E18/><REACH who="1" ten="224,227,237,302" step="2"/><V8/><F115/><W90/><G11/><T119/><D17/><U35/><E35/><V110/><F8/><W96/><G21/><T16/><D16/><U117/><E117/><V50/><F31/><W6/><G116/><T39/><D32/><U69/><E69/><V14/><F71/><W66/><G34/><T118/><D28/><U15/><E15/><V130/><F14/><W131/><G30/><T49/><D13/><U63/><E63/><V43/><F4/><W100/><G6/><T83/><D7/><U12/><E12/><V9/><F9/><W59/><G0/><T20/><D20/><U79/><E79/><V60/><F76/><W55/><G1/><T24/><D24/><U104/><E104/><V48/><F60/><W37/><G2/><T46/><D119/><U27/><E27/><V54/><F75/><W26/><G26/><T114/><D118/><U22/><E22/><V84/><F127/><W41/><G124/><T67/><D125/><U29/><E29/><V132/><F132/><W88/><G126/><T68/><D114/><U94/><E94/><V19/><F135/><N who="0" m="51722" /><D68/><U74/><E74/><V95/><F95/><RYUUKYOKU ba="0,1" sc="224,-10,227,30,237,-10,302,-10" hai1="44,51,62,64,70,78,80,81,82,86,91,92,98" /><INIT seed="1,1,1,4,4,92" ten="214,257,227,292" oya="1" hai0="77,117,134,53,5,81,90,119,31,49,27,130,115" hai1="9,21,26,70,65,4,57,25,51,39,19,109,46" hai2="98,66,80,28,95,121,40,127,106,52,118,1,116" hai3="7,97,8,59,63,3,108,35,123,125,38,85,10"/><U68/><E39/><V15/><F1/><W89/><G123/><T45/><D115/><U88/><E109/><V103/><F121/><W0/><G108/><T69/><D134/><U64/><E26/><V110/><F110/><W78/><G38/><T22/><D130/><U13/><E68/><V67/><F40/><W100/><G35/><T54/><D69/><U93/><E57/><V102/><F28/><W16/><G78/><T12/><D90/><U48/><E48/><V23/><F127/><W91/><G125/><T82/><D81/><U122/><E70/><V113/><F113/><W18/><G3/><T105/><D105/><U83/><E83/><V47/><F106/><W34/><G34/><T62/><D62/><U33/><E33/><V135/><F103/><W72/><G72/><T14/><D54/><U58/><E58/><V94/><F94/><W75/><G75/><T132/><D132/><U50/><E50/><N who="2" m="28767" /><F135/><W60/><G59/><T112/><D112/><U11/><E11/><V133/><F133/><W87/><G0/><T99/><D119/><U86/><REACH who="1" step="1"/><E122/><REACH who="1" ten="214,247,227,292" step="2"/><V20/><F118/><W30/><G10/><T126/><D117/><U96/><E96/><V6/><F116/><W43/><G97/><T24/><D126/><U74/><E74/><V124/><F124/><W17/><G8/><T44/><D99/><U79/><E79/><V111/><F111/><W84/><G7/><T32/><D5/><U101/><E101/><V36/><F36/><W129/><G100/><T76/><D76/><U61/><E61/><V42/><F98/><W29/><G63/><RYUUKYOKU ba="1,2" sc="214,-10,247,30,227,-10,292,-10" hai1="4,9,13,19,21,25,46,51,64,65,86,88,93" /><INIT seed="1,2,2,5,4,5" ten="204,277,217,282" oya="1" hai0="81,92,0,130,91,40,65,41,67,24,121,74,15" hai1="111,13,25,16,98,17,95,99,57,117,107,8,27" hai2="61,118,96,105,90,135,132,101,115,45,47,28,94" hai3="103,12,11,114,31,77,79,38,30,82,23,46,64"/><U69/><E69/><V83/><F118/><W78/><G114/><T80/><D0/><U55/><E117/><V119/><F119/><W133/><G133/><N who="2" m="51273" /><F115/><W22/><G64/><N who="0" m="24651" /><D74/><U66/><E66/><V19/><F28/><N who="3" m="10795" /><G38/><T35/><D35/><U34/><E34/><V70/><F83/><N who="0" m="31818" /><D24/><N who="1" m="9291" /><E107/><V97/><F70/><W131/><G131/><T37/><D37/><U129/><E111/><V84/><F61/><W14/><G103/><T62/><D130/><U18/><E129/><V68/><F68/><W126/><G126/><T108/><D108/><U3/><E3/><V26/><F97/><N who="1" m="36873" /><E95/><V59/><F59/><W124/><G124/><T85/><D121/><U76/><E76/><V88/><F90/><W102/><G102/><T100/><D100/><U48/><AGARI ba="2,2" hai="8,13,16,17,18,48,55,57" m="36873,9291" machi="48" ten="30,6000,0" yaku="8,1,52,1,54,1" doraHai="5" who="1" fromWho="1" sc="204,-22,277,86,217,-22,282,-22" /><INIT seed="1,3,0,4,1,112" ten="182,363,195,260" oya="1" hai0="87,47,116,19,21,115,36,122,123,132,59,64,89" hai1="90,48,86,49,91,17,8,55,38,108,58,104,25" hai2="32,62,50,12,57,77,105,118,56,15,26,73,60" hai3="41,53,44,23,75,96,34,1,27,14,63,24,30"/><U113/><E38/><V3/><F105/><W33/><G1/><T117/><D115/><U67/><E104/><V133/><F3/><W46/><G75/><T83/><D132/><U103/><E103/><V9/><F133/><W29/><G96/><T85/><D64/><U35/><E67/><V84/><F73/><W72/><G72/><T20/><D59/><U101/><E101/><V110/><F110/><W111/><G111/><T0/><D0/><U99/><E35/><V10/><F50/><W82/><G82/><T31/><D31/><U6/><E99/><V100/><F100/><W128/><G128/><T135/><D87/><U52/><E108/><V22/><F32/><W16/><REACH who="3" step="1"/><G41/><REACH who="3" ten="182,363,195,250" step="2"/><N who="0" m="22951" /><D135/><U107/><E113/><V37/><F84/><W13/><G13/><N who="0" m="9327" /><D21/><N who="1" m="13487" /><E107/><V88/><F22/><W40/><G40/><T114/><D114/><U79/><E86/><V124/><F10/><W106/><G106/><T43/><D43/><U95/><E95/><V125/><F9/><W28/><G28/><T42/><D42/><U70/><E8/><V81/><F37/><W18/><G18/><T130/><D130/><U68/><E6/><V121/><F15/><W120/><G120/><AGARI ba="3,1" hai="83,85,89,116,117,120,122,123" m="9327,22951" machi="120" ten="30,3900,0" yaku="13,1,52,2" doraHai="112" who="0" fromWho="3" sc="182,58,363,0,195,0,250,-48" /><INIT seed="2,0,0,5,4,30" ten="240,363,195,202" oya="2" hai0="9,88,120,128,102,14,49,26,93,112,122,0,21" hai1="115,46,98,83,41,29,36,116,45,37,89,125,19" hai2="74,2,62,130,131,64,69,66,61,117,55,48,105" hai3="1,10,90,78,73,129,22,108,99,80,7,110,42"/><V51/><F74/><W71/><G129/><N who="2" m="49161" /><F105/><W67/><G22/><T6/><D128/><U85/><E116/><V15/><F2/><W32/><G42/><T113/><D102/><U60/><E115/><V3/><F3/><W100/><G90/><T56/><D0/><U135/><E19/><V28/><F15/><W86/><G86/><T97/><D49/><N who="2" m="19018" /><F28/><W16/><G16/><T96/><D96/><U34/><E98/><V40/><F55/><W106/><REACH who="3" step="1"/><G32/><REACH who="3" ten="240,363,195,192" step="2"/><T27/><D21/><U107/><E34/><V53/><F40/><W54/><G54/><T104/><D88/><U63/><E41/><V77/><F53/><W43/><G43/><T84/><D84/><U8/><E85/><V119/><F77/><W79/><G79/><T103/><D113/><U87/><E87/><V81/><F81/><W31/><G31/><T124/><D112/><U38/><E29/><V52/><F52/><W33/><G33/><T94/><D26/><U111/><E83/><V25/><F25/><W59/><G59/><AGARI ba="0,1" hai="59,61,62,64,66,69,117,119" m="19018,49161" machi="59" ten="30,5800,0" yaku="19,1,34,2" doraHai="30" who="2" fromWho="3" sc="240,0,363,0,195,68,192,-58" /><INIT seed="2,1,0,1,1,117" ten="240,363,263,134" oya="2" hai0="29,91,110,96,4,45,80,115,39,8,135,59,118" hai1="23,66,38,128,16,10,30,56,127,132,20,9,133" hai2="49,113,101,130,76,116,11,93,62,2,34,58,78" hai3="43,12,122,55,75,123,120,107,87,1,54,94,6"/><V124/><F113/><W104/><G75/><T112/><D118/><U57/><E38/><V63/><F116/><W72/><G72/><T42/><D110/><U15/><E66/><V69/><F34/><W61/><G1/><T90/><D135/><N who="1" m="51787" /><E57/><V95/><F69/><W98/><G43/><T22/><D91/><U114/><E56/><V79/><F124/><W125/><G125/><T64/><D29/><U126/><E128/><V33/><F33/><W131/><G131/><T14/><D22/><U121/><E114/><V97/><F130/><W24/><G87/><T74/><D96/><U27/><E121/><V21/><F2/><W88/><G24/><T7/><D7/><U19/><E10/><V105/><F11/><W50/><G61/><T17/><D59/><U109/><E109/><V35/><F35/><W108/><G108/><T134/><D64/><U77/><E77/><V111/><F111/><W100/><G100/><T73/><D134/><U37/><E37/><V81/><F81/><W67/><G67/><T60/><D60/><U92/><E92/><V119/><F119/><W86/><G98/><T28/><D4/><U89/><E89/><V0/><F0/><W40/><G40/><T106/><D115/><U53/><E53/><N who="2" m="32047" /><F21/><W47/><REACH who="3" step="1"/><G55/><REACH who="3" ten="240,363,263,124" step="2"/><T41/><D112/><U99/><E99/><V82/><F82/><W102/><G102/><T3/><D3/><U85/><E85/><V46/><F63/><W83/><G83/><T32/><D42/><U31/><E31/><V25/><F62/><W13/><G13/><AGARI ba="1,1" hai="9,13,15,16,19,20,23,27,30,126,127" m="51787" machi="13" ten="30,7700,0" yaku="20,1,34,2,54,1" doraHai="117" who="1" fromWho="3" sc="240,0,363,90,263,0,124,-80" /><INIT seed="3,0,0,0,5,114" ten="240,453,263,44" oya="3" hai0="36,70,89,123,7,67,40,9,119,125,15,53,55" hai1="132,38,100,115,20,32,1,94,33,65,112,18,62" hai2="95,56,52,28,8,84,93,118,130,120,74,17,22" hai3="66,57,24,101,85,16,47,29,96,50,48,64,104"/><W54/><G85/><T13/><D123/><U106/><E38/><V68/><F74/><W122/><G122/><T109/><D109/><U90/><E1/><V71/><F120/><W25/><G25/><T116/><D125/><U98/><E33/><V3/><F28/><W127/><G127/><T134/><D134/><U34/><E32/><V2/><F130/><W73/><G73/><T35/><D35/><U80/><E80/><V69/><F118/><W108/><G108/><T10/><D67/><U91/><E91/><V99/><F84/><W72/><G72/><T27/><D70/><U63/><E63/><V77/><F77/><W105/><G105/><T117/><D27/><U43/><E43/><V76/><F76/><W30/><G30/><T46/><REACH who="0" step="1"/><D89/><REACH who="0" ten="230,453,263,44" step="2"/><U26/><E34/><V49/><F71/><W92/><G104/><T102/><D102/><U83/><E132/><V5/><F69/><W41/><REACH who="3" step="1"/><G29/><REACH who="3" ten="230,453,263,34" step="2"/><T113/><D113/><U58/><E106/><V60/><F95/><W45/><G45/><T78/><D78/><U129/><E115/><V126/><F126/><W121/><G121/><T44/><D44/><U31/><E112/><V59/><F93/><W6/><G6/><AGARI ba="0,2" hai="6,7,9,10,13,15,36,40,46,53,55,116,117,119" machi="6" ten="40,8000,1" yaku="1,1,9,1,52,3,53,0" doraHai="114" doraHaiUra="81" who="0" fromWho="3" sc="230,100,453,0,263,0,34,-80" owari="330,13.0,453,55.3,263,-13.7,-46,-54.6" /></mjloggm>