<mjloggm ver="2.3"><GO type="169" lobby="0"/><UN n0="%E5%AF%BF%E4%BA%BA%E6%B5%81%E7%89%8C%E6%89%8B" n1="%E3%82%A8%E3%82%B9%E3%82%B1%E3%83%BC%2E" n2="%E2%98%86%E5%AD%AB%E7%87%95%E5%A7%BF%E2%98%86" n3="%E3%81%A7%E3%82%93%E3%81%A4%E3%81%86" dan="16,17,17,18" rate="2100.23,2203.99,2233.55,2205.61" sx="M,M,M,M"/><TAIKYOKU oya="0"/><INIT seed="0,0,0,5,4,112" ten="250,250,250,250" oya="0" hai0="94,76,3,57,37,71,125,101,31,15,104,4,50" hai1="33,20,43,35,23,109,60,98,28,53,72,128,80" hai2="117,69,68,75,132,10,78,74,30,73,124,62,108" hai3="96,126,39,65,59,48,32,40,116,24,70,110,17"/><T122/><BYE who="3" /><D122/><U131/><E109/><V0/><F108/><W88/><G88/><T105/><D37/><UN n3="%E3%81%A7%E3%82%93%E3%81%A4%E3%81%86" /><U121/><E121/><V107/><F132/><W49/><G96/><T99/><D71/><U115/><E115/><V45/><F124/><W87/><G87/><T134/><D3/><U90/><E43/><V63/><F78/><W120/><G17/><T8/><D134/><U19/><E72/><V135/><F135/><W12/><G12/><T111/><D125/><U79/><E79/><V129/><F129/><W34/><G24/><T84/><D111/><U41/><E41/><V5/><F45/><N who="3" m="23711" /><G32/><T11/><D11/><U83/><E28/><V89/><F89/><W27/><G27/><T113/><D31/><U97/><E60/><V46/><F46/><W85/><G85/><T52/><REACH who="0" step="1"/><D113/><REACH who="0" ten="240,250,250,250" step="2"/><U44/><E128/><V21/><F69/><W42/><G70/><T103/><D103/><U102/><E102/><V81/><F68/><W133/><G120/><T56/><D56/><U7/><E44/><V114/><F114/><W9/><G59/><T16/><D16/><U119/><E19/><V13/><F0/><W14/><G9/><T54/><D54/><U58/><E53/><V22/><F30/><W100/><G126/><T106/><D106/><U2/><E58/><V55/><F107/><W118/><G100/><T36/><D36/><U66/><E2/><V93/><F55/><W38/><G110/><T130/><D130/><U95/><E131/><V29/><F29/><W67/><G133/><T6/><D6/><U64/><E7/><V123/><F5/><RYUUKYOKU ba="0,1" sc="240,30,250,-10,250,-10,250,-10" hai0="4,8,15,50,52,57,76,84,94,99,101,104,105" /><INIT seed="0,1,1,1,2,37" ten="270,240,240,240" oya="0" hai0="74,94,121,8,28,10,133,46,47,56,95,63,50" hai1="14,135,109,19,127,75,77,126,1,48,20,36,99" hai2="114,33,86,9,89,71,102,22,21,30,6,69,85" hai3="107,4,24,60,26,32,2,122,76,7,42,53,105"/><T131/><D121/><U82/><E36/><V111/><F114/><W106/><G122/><T110/><D74/><U62/><E1/><V23/><F111/><W117/><G117/><T12/><D133/><U130/><E109/><V43/><F102/><W81/><G2/><T29/><D131/><U54/><E130/><V17/><F17/><W25/><G32/><T66/><D47/><U79/><E79/><V34/><F43/><W44/><G53/><T91/><D8/><U58/><E135/><V129/><F129/><W100/><G60/><T128/><D110/><U31/><E31/><N who="0" m="11849" /><D91/><U49/><REACH who="1" step="1"/><E99/><REACH who="1" ten="270,230,240,240" step="2"/><V35/><F30/><W41/><G100/><T65/><D128/><U103/><E103/><V132/><F132/><W16/><G7/><N who="0" m="3167" /><D66/><U38/><E38/><V68/><F89/><W113/><G4/><T97/><D97/><U120/><E120/><V115/><F115/><W11/><G113/><T98/><D98/><U93/><E93/><V119/><F119/><W18/><G18/><T45/><D45/><U124/><AGARI ba="1,2" hai="14,19,20,48,49,54,58,62,75,77,82,124,126,127" machi="124" ten="30,4000,0" yaku="1,1,0,1,18,1,53,0" doraHai="37" doraHaiUra="67" who="1" fromWho="1" sc="270,-21,230,63,240,-11,240,-11" /><INIT seed="1,0,0,2,4,101" ten="249,293,229,229" oya="1" hai0="54,97,104,0,82,23,28,73,61,81,96,115,48" hai1="105,63,91,107,12,6,109,65,55,27,108,18,8" hai2="71,36,60,133,10,35,64,3,67,51,30,68,58" hai3="42,7,37,41,19,90,94,44,122,121,128,39,1"/><U14/><E55/><V88/><F36/><W102/><G128/><T135/><D115/><U132/><E27/><V43/><F133/><W84/><G19/><T34/><D0/><U127/><E132/><V33/><F30/><W40/><G7/><T21/><D97/><U52/><E52/><V83/><F3/><W16/><G1/><T24/><D61/><U118/><E118/><V119/><F10/><W25/><G102/><T9/><D9/><N who="1" m="4151" /><E127/><V86/><F119/><W85/><G85/><T74/><D74/><U72/><E72/><V123/><F123/><W79/><G79/><T78/><D81/><U57/><E91/><V59/><F59/><W129/><G129/><T100/><REACH who="0" step="1"/><D135/><REACH who="0" ten="239,293,229,229" step="2"/><U131/><E131/><V106/><F67/><W130/><G130/><T66/><D66/><U22/><E8/><V13/><F64/><W31/><G122/><T77/><D77/><U112/><E112/><V80/><F60/><W76/><G76/><T20/><D20/><U49/><E49/><V95/><F51/><W32/><G121/><T110/><D110/><AGARI ba="0,1" hai="14,18,22,57,63,65,105,107,108,109,110" m="4151" machi="110" ten="30,11600,0" yaku="14,1,10,1,52,2" doraHai="101" who="1" fromWho="0" sc="239,-116,293,126,229,0,229,0" /><INIT seed="1,1,0,0,0,16" ten="123,419,229,229" oya="1" hai0="121,134,54,52,38,58,53,56,77,35,123,8,27" hai1="97,69,21,59,39,131,120,110,94,13,124,92,133" hai2="40,5,132,10,100,103,47,82,79,51,63,46,90" hai3="57,42,135,112,81,114,122,43,93,50,19,88,18"/><U70/><E39/><V48/><F132/><W28/><G122/><N who="0" m="46603" /><D38/><U41/><E41/><V96/><F63/><W83/><G135/><T4/><D77/><U17/><E133/><V15/><F90/><W67/><G28/><N who="0" m="19871" /><D134/><U11/><E92/><V62/><F62/><N who="3" m="38351" /><G114/><T104/><D104/><U84/><E84/><V95/><F103/><W76/><G112/><T45/><D45/><U34/><E34/><V117/><F117/><W66/><G66/><T102/><D102/><U29/><E120/><V32/><F32/><W3/><G3/><AGARI ba="1,0" hai="3,4,8,52,53,54,56,58" m="19871,46603" machi="3" ten="30,2000,0" yaku="13,1,54,1" doraHai="16" who="0" fromWho="3" sc="123,23,419,0,229,0,229,-23" /><INIT seed="2,0,0,3,5,25" ten="146,419,229,206" oya="2" hai0="26,120,55,100,32,21,18,31,103,17,112,48,67" hai1="111,70,92,85,15,88,124,54,14,40,128,8,10" hai2="38,69,115,1,22,126,33,44,87,122,61,99,108" hai3="6,81,58,51,107,27,63,71,83,123,89,30,104"/><V53/><F115/><W127/><G123/><T35/><D112/><U13/><E70/><V116/><F33/><W77/><G127/><T134/><D120/><U101/><E124/><V49/><F122/><W41/><G6/><T96/><D134/><U119/><E119/><V50/><F1/><W62/><G71/><T57/><D103/><U11/><E111/><V34/><F34/><W78/><G89/><T72/><D72/><U131/><E40/><N who="2" m="22551" /><F87/><W39/><G39/><T97/><D97/><U94/><E54/><V109/><F22/><W46/><G83/><T3/><D3/><U43/><E43/><V16/><F16/><W68/><G68/><T80/><D80/><U73/><E73/><V86/><F86/><W4/><G4/><T121/><D121/><U12/><N who="1" m="3072" /><DORA hai="93" /><U66/><E66/><N who="2" m="41167" /><F126/><W7/><G7/><T132/><D35/><U79/><E79/><V0/><F0/><W37/><G78/><T9/><D32/><U45/><REACH who="1" step="1"/><E45/><REACH who="1" ten="146,409,229,206" step="2"/><N who="2" m="27823" /><F116/><W125/><G125/><T59/><D9/><U65/><E65/><V56/><F99/><AGARI ba="0,1" hai="8,10,11,85,88,92,94,99,101,128,131" m="3072" machi="99" ten="60,7700,0" yaku="1,1,52,1,54,1,53,0" doraHai="25,93" doraHaiUra="47,129" who="1" fromWho="2" sc="146,0,409,87,229,-77,206,0" /><INIT seed="3,0,0,4,4,84" ten="146,496,152,206" oya="3" hai0="77,56,73,57,88,133,102,106,45,110,40,115,7" hai1="79,54,51,114,135,41,1,116,128,3,118,15,86" hai2="70,75,111,47,132,0,123,31,98,125,66,49,11" hai3="23,50,74,97,59,26,72,4,16,62,30,29,22"/><W53/><G4/><T95/><D110/><U37/><E37/><V44/><F111/><W90/><G50/><T87/><D133/><U35/><E41/><V9/><F75/><W105/><G29/><T61/><D115/><U12/><E35/><V25/><F132/><W130/><G130/><T107/><D7/><U80/><E114/><V46/><F125/><W52/><G53/><T126/><D126/><U131/><E135/><V103/><F123/><W83/><G105/><T121/><D121/><U6/><E12/><V78/><F78/><W58/><G58/><T71/><D71/><U48/><E15/><V101/><F49/><N who="1" m="19017" /><E54/><V113/><F113/><W32/><G32/><T85/><D45/><U38/><E38/><V91/><F0/><N who="1" m="73" /><E6/><V2/><F2/><W42/><G42/><T120/><D120/><U64/><E64/><V27/><F66/><W68/><G68/><T5/><D5/><U93/><E93/><N who="2" m="56639" /><F70/><W63/><G63/><T14/><D14/><U13/><E13/><V18/><F31/><W129/><G129/><AGARI ba="0,0" hai="79,80,86,116,118,128,129,131" m="73,19017" machi="129" ten="40,1300,0" yaku="19,1" doraHai="84" who="1" fromWho="3" sc="146,0,496,13,152,0,206,-13" /><INIT seed="4,0,0,4,0,118" ten="146,509,152,193" oya="0" hai0="36,126,101,7,128,55,71,121,93,64,46,4,15" hai1="133,16,88,14,12,116,53,72,80,23,1,17,3" hai2="5,19,30,22,79,108,91,63,85,18,50,127,104" hai3="25,134,8,103,113,67,120,48,47,84,132,111,51"/><T94/><D128/><U45/><E116/><V10/><F108/><W69/><G111/><T58/><D126/><U38/><E133/><V62/><F104/><W73/><G73/><T89/><D101/><U29/><E29/><V75/><F127/><W9/><G113/><T32/><D32/><U129/><E129/><V109/><F109/><W74/><G74/><T77/><D77/><U78/><E88/><V40/><F79/><W27/><G103/><T81/><D81/><U95/><E95/><V2/><F30/><W26/><G84/><T70/><D94/><U96/><E96/><V92/><F75/><W131/><G131/><T106/><D106/><U37/><E53/><V65/><F19/><W98/><G98/><T44/><D71/><U60/><E60/><V21/><F21/><W42/><G48/><N who="0" m="31079" /><D44/><U114/><E114/><V117/><F117/><W107/><G107/><T66/><D15/><U83/><E45/><V31/><F31/><W125/><G125/><T115/><D115/><U33/><E33/><V82/><F92/><W86/><G86/><N who="0" m="52407" /><D70/><U43/><E43/><V90/><F90/><W112/><G112/><T49/><D36/><N who="1" m="13931" /><E83/><V102/><F102/><W54/><G42/><N who="0" m="24791" /><D121/><U13/><E13/><V100/><F100/><W97/><G97/><T11/><D11/><N who="3" m="4169" /><G120/><T124/><D124/><U6/><E6/><AGARI ba="0,0" hai="4,6,7,64,66" m="24791,52407,31079" machi="6" ten="30,1500,0" yaku="8,1" doraHai="118" who="0" fromWho="1" sc="146,15,509,-15,152,0,193,0" /><INIT seed="4,1,0,2,2,113" ten="161,494,152,193" oya="0" hai0="92,55,87,36,74,27,101,70,73,94,45,133,2" hai1="111,69,7,130,28,25,128,58,15,46,8,119,90" hai2="53,99,114,12,88,21,100,18,108,71,3,109,123" hai3="17,59,93,126,81,16,80,76,95,57,132,22,42"/><T107/><D70/><U32/><E119/><V103/><F123/><W79/><G42/><T72/><D2/><U129/><E69/><V125/><F114/><W49/><G49/><T83/><D133/><U67/><E111/><V134/><F3/><W106/><G106/><T13/><D27/><U65/><E58/><V39/><F39/><W116/><G22/><T96/><D13/><U64/><E90/><V40/><F40/><W23/><G23/><T4/><D4/><U37/><E46/><V120/><F120/><W24/><G24/><T112/><D112/><U9/><E9/><V98/><F71/><W6/><G6/><T135/><D135/><U91/><E91/><V47/><F125/><W60/><G60/><T1/><D1/><U85/><E85/><V84/><F134/><W62/><G62/><T77/><D55/><U41/><E41/><V19/><F19/><W102/><G102/><N who="2" m="38953" /><F109/><W75/><G132/><T86/><D45/><U48/><E48/><N who="2" m="28831" /><F108/><W56/><G126/><T11/><D11/><U97/><E97/><V117/><F117/><W33/><G33/><T104/><D36/><AGARI ba="1,0" hai="7,8,15,25,28,32,36,37,64,65,67,128,129,130" machi="36" ten="50,1600,0" yaku="19,1" doraHai="113" who="1" fromWho="0" sc="161,-19,494,19,152,0,193,0" /><INIT seed="5,0,0,0,4,115" ten="142,513,152,193" oya="1" hai0="124,1,107,30,10,126,71,111,14,125,96,57,50" hai1="120,117,89,56,99,134,91,86,39,114,51,16,69" hai2="63,46,94,100,24,93,65,5,33,60,112,76,121" hai3="109,64,2,58,23,13,75,18,92,54,123,55,25"/><U28/><E117/><V74/><F121/><W129/><G75/><T108/><D71/><U43/><E69/><V133/><F112/><W87/><G2/><T122/><D1/><U32/><E39/><V3/><F133/><W90/><G109/><T35/><D122/><U9/><E120/><V81/><F100/><W104/><G104/><T83/><D30/><U131/><E134/><V97/><F46/><W105/><G105/><T17/><D35/><U41/><E131/><V102/><F94/><W68/><G68/><T21/><D83/><U8/><E28/><V113/><F113/><W132/><G129/><T85/><D85/><U11/><E32/><V135/><F135/><W49/><G123/><T72/><D72/><U66/><E99/><V118/><F118/><W79/><G79/><T26/><D96/><U128/><E128/><V47/><F24/><W44/><G64/><T61/><D50/><U59/><E66/><V27/><F27/><W29/><G132/><T127/><N who="0" m="31744" /><DORA hai="95" /><T77/><D77/><U38/><E38/><V70/><F33/><W78/><G78/><T20/><D107/><U48/><E114/><V103/><F103/><W101/><G101/><T7/><REACH who="0" step="1"/><D21/><REACH who="0" ten="132,513,152,193" step="2"/><U119/><E86/><V31/><F31/><W82/><G82/><T37/><D37/><U88/><E48/><V4/><F3/><W45/><G55/><AGARI ba="0,1" hai="7,10,14,17,20,26,55,57,61,108,111" m="31744" machi="55" ten="70,4500,0" yaku="1,1,18,1,53,0" doraHai="115,95" doraHaiUra="80,34" who="0" fromWho="3" sc="132,55,513,0,152,0,193,-45" /><INIT seed="6,0,0,5,1,104" ten="187,513,152,148" oya="2" hai0="19,130,10,41,122,93,15,33,97,16,63,65,70" hai1="109,116,79,30,20,2,95,82,78,124,49,77,132" hai2="32,54,48,31,80,94,120,56,72,38,61,6,27" hai3="64,112,50,36,90,7,114,53,47,37,23,96,35"/><V5/><F38/><W3/><G35/><T84/><D122/><U52/><E2/><V9/><F120/><W62/><G23/><T39/><D33/><U4/><E4/><V76/><F94/><N who="3" m="56407" /><G7/><T102/><D130/><U28/><E109/><V100/><F100/><W134/><G3/><T131/><D131/><U74/><E124/><V22/><F32/><W73/><G73/><T8/><D84/><U58/><E132/><V13/><REACH who="2" step="1"/><F6/><REACH who="2" ten="187,513,142,148" step="2"/><W117/><G134/><T66/><D39/><U115/><E20/><V57/><F57/><N who="3" m="36943" /><G117/><T110/><D93/><U55/><E78/><V108/><F108/><W12/><G12/><T21/><D15/><U68/><E55/><V43/><F43/><W107/><G107/><T99/><D41/><U125/><E74/><V83/><F83/><W40/><G53/><T71/><D102/><U45/><E28/><V111/><F111/><W67/><G67/><T24/><D110/><U87/><E87/><V25/><F25/><W133/><G133/><T42/><D42/><U119/><E49/><AGARI ba="0,1" hai="5,9,13,22,27,31,48,49,54,56,61,72,76,80" machi="49" ten="40,3900,0" yaku="1,1,52,1,53,0" doraHai="104" doraHaiUra="128" who="2" fromWho="1" sc="187,0,513,-39,142,49,148,0" /><INIT seed="6,1,0,0,2,35" ten="187,474,191,148" oya="2" hai0="68,69,108,109,45,41,28,61,36,85,121,86,1" hai1="103,72,48,64,38,71,99,130,112,55,12,110,133" hai2="50,111,5,129,118,66,79,97,65,42,81,26,11" hai3="27,95,92,119,124,114,37,33,122,21,15,31,78"/><V127/><F118/><W9/><G119/><T115/><D28/><U96/><E38/><V23/><F129/><W13/><G122/><T47/><D1/><U46/><E72/><V18/><F127/><W62/><G37/><T113/><D121/><U29/><E110/><N who="0" m="42601" /><D45/><U94/><E112/><N who="0" m="43081" /><D61/><U39/><E39/><V4/><F111/><W105/><G114/><T75/><D75/><U2/><E2/><V116/><F116/><W98/><G124/><T83/><D86/><U93/><E133/><V16/><F97/><W70/><G78/><AGARI ba="1,0" hai="36,41,47,68,69,78,83,85" m="43081,42601" machi="78" ten="30,1000,0" yaku="15,1" doraHai="35" who="0" fromWho="3" sc="187,13,474,0,191,0,148,-13" /><INIT seed="7,0,0,2,4,56" ten="200,474,191,135" oya="3" hai0="100,35,46,29,41,113,49,73,4,2,107,64,31" hai1="39,42,91,55,3,38,13,88,21,36,7,127,5" hai2="34,105,130,58,82,74,8,117,98,89,131,19,47" hai3="109,17,22,78,45,50,86,108,51,68,1,33,87"/><W84/><G33/><T94/><D73/><U9/><E127/><V110/><F110/><N who="3" m="42603" /><G1/><T102/><D107/><U92/><E91/><V59/><F117/><W124/><G124/><T62/><D35/><U126/><E126/><V135/><F135/><W119/><G119/><T26/><D113/><U90/><E90/><V23/><F34/><W66/><G78/><T27/><D4/><U99/><E55/><V53/><F8/><W115/><G115/><T132/><D2/><U72/><E72/><V20/><F20/><W15/><G45/><T70/><D132/><U112/><E112/><V14/><F47/><W134/><G134/><T52/><D31/><U77/><E77/><N who="2" m="44343" /><F53/><W54/><G54/><T116/><D29/><U85/><E99/><V95/><F105/><W16/><G17/><T18/><D18/><U32/><E32/><V65/><F65/><W129/><G129/><AGARI ba="0,0" hai="14,19,23,58,59,89,95,98,129,130,131" m="44343" machi="129" ten="30,1000,0" yaku="19,1" doraHai="56" who="2" fromWho="3" sc="200,0,474,0,191,10,135,-10" owari="200,-20.0,474,57.4,201,0.1,125,-37.5" /></mjloggm>