<mjloggm ver="2.3"><GO type="169" lobby="0"/><UN n0="%48%45%52%4F%2D%50%4F%4E" n1="%E3%82%A4%E3%82%AB%E3%81%AB%E3%82%82%E6%9D%B1%E5%8C%97" n2="%43%2D%6D%69%6E%6F%72%E2%99%AA" n3="%E9%95%B7%E5%B2%A1" dan="16,17,16,16" rate="2109.33,2176.22,2144.25,2140.86" sx="M,M,M,M"/><TAIKYOKU oya="0"/><INIT seed="0,0,0,1,1,133" ten="250,250,250,250" oya="0" hai0="51,102,46,93,84,109,48,76,58,83,66,44,59" hai1="68,38,52,53,104,65,7,112,17,39,40,106,91" hai2="122,117,36,50,71,25,115,20,9,0,35,62,90" hai3="21,101,47,3,4,77,5,28,60,126,97,105,49"/><T14/><D109/><U124/><E7/><V98/><F36/><W54/><G126/><T108/><D108/><U131/><E131/><V89/><F35/><W42/><G77/><T64/><D14/><U114/><E91/><V100/><F115/><N who="1" m="44073" /><E17/><V130/><F122/><W128/><G128/><T80/><D93/><U70/><E124/><V129/><F50/><W118/><G118/><T13/><D13/><U41/><E104/><V103/><F103/><W127/><G127/><T123/><D102/><U85/><E85/><V121/><F121/><W43/><G60/><T32/><D84/><U19/><E19/><V22/><F22/><W33/><G33/><T2/><D76/><U120/><E106/><V61/><F61/><W15/><G3/><T119/><D32/><U1/><E1/><V110/><F110/><W125/><G125/><T29/><D29/><U12/><E12/><V56/><F90/><W55/><G42/><N who="1" m="16490" /><E65/><V30/><F89/><W79/><G79/><T116/><REACH who="0" step="1"/><D2/><REACH who="0" ten="240,250,250,250" step="2"/><U37/><E120/><AGARI ba="0,1" hai="44,46,48,51,58,59,64,66,80,83,116,119,120,123" machi="120" ten="25,9600,0" yaku="1,1,2,1,22,2,53,0" doraHai="133" doraHaiUra="34" who="0" fromWho="1" sc="240,106,250,-96,250,0,250,0" /><INIT seed="0,1,0,2,2,106" ten="346,154,250,250" oya="0" hai0="110,62,38,27,57,129,109,6,52,72,3,1,45" hai1="35,120,49,75,88,12,10,53,101,82,7,55,99" hai2="61,30,23,22,80,67,15,112,125,71,21,111,102" hai3="86,39,96,14,118,64,115,65,54,107,29,58,44"/><T116/><D116/><U63/><E120/><V32/><F112/><W69/><G115/><T13/><D129/><U121/><E121/><V124/><F111/><N who="0" m="42506" /><D72/><U0/><E35/><V26/><F15/><W36/><G29/><T103/><D103/><U98/><E0/><N who="0" m="73" /><D27/><U132/><E132/><V92/><F92/><W5/><G107/><T19/><D6/><U87/><E75/><V95/><F95/><W133/><G5/><T126/><D126/><N who="2" m="48746" /><F102/><W66/><G14/><T130/><D130/><U46/><REACH who="1" step="1"/><E101/><REACH who="1" ten="346,144,250,250" step="2"/><V37/><F37/><N who="3" m="14411" /><G133/><T128/><D128/><U56/><AGARI ba="1,1" hai="7,10,12,46,49,53,55,56,63,82,87,88,98,99" machi="56" ten="30,12000,2" yaku="1,1,0,1,8,1,54,1,53,2" doraHai="106" doraHaiUra="51" who="1" fromWho="1" sc="346,-61,144,133,250,-31,250,-31" /><INIT seed="1,0,0,2,1,66" ten="285,277,219,219" oya="1" hai0="111,2,52,101,119,88,112,17,76,120,67,117,94" hai1="83,131,92,108,99,65,35,24,1,90,61,127,45" hai2="6,37,19,9,105,124,113,22,116,15,98,14,4" hai3="134,57,7,44,121,68,100,54,59,25,29,71,93"/><U60/><E1/><V128/><F37/><W38/><G121/><T31/><D112/><U30/><E131/><V69/><F116/><W133/><G7/><T46/><D120/><U70/><E127/><V43/><F43/><N who="3" m="22647" /><G93/><T114/><D114/><U118/><E118/><V72/><F72/><W53/><G100/><T55/><D2/><U41/><E108/><V86/><F128/><W84/><G84/><T42/><D101/><U40/><E45/><V82/><F124/><W5/><G5/><T18/><D76/><U91/><REACH who="1" step="1"/><E61/><REACH who="1" ten="285,267,219,219" step="2"/><V132/><F113/><W33/><G54/><T50/><D111/><U64/><E64/><V12/><F132/><N who="3" m="50795" /><G53/><T109/><D67/><U107/><E107/><V126/><F105/><W16/><G16/><T80/><D109/><U26/><E26/><V36/><F19/><W34/><G33/><T81/><D117/><U89/><E89/><V103/><F126/><W85/><G85/><AGARI ba="0,1" hai="24,30,35,40,41,60,65,70,83,85,90,91,92,99" machi="85" ten="40,3900,0" yaku="1,1,52,1,53,0" doraHai="66" doraHaiUra="13" who="1" fromWho="3" sc="285,0,267,49,219,0,219,-39" /><INIT seed="1,1,0,0,5,69" ten="285,316,219,180" oya="1" hai0="133,105,65,42,34,101,113,115,75,39,24,17,54" hai1="86,3,45,37,94,56,87,10,11,60,110,119,14" hai2="33,70,8,35,74,19,81,100,84,16,130,50,62" hai3="120,112,61,135,102,43,41,29,72,63,47,18,116"/><U51/><E119/><V40/><F74/><W106/><G120/><T88/><D54/><U76/><E3/><V7/><F100/><W46/><G112/><T89/><D65/><U49/><E110/><V91/><F130/><W98/><G135/><T71/><D71/><U126/><E126/><V107/><F107/><W114/><G114/><T21/><D75/><U97/><E11/><V92/><F70/><W67/><G116/><T85/><D133/><U5/><E37/><V31/><F62/><W44/><G72/><T121/><D121/><U132/><E132/><V73/><F50/><N who="1" m="18953" /><E76/><V2/><F40/><W1/><G1/><T118/><D118/><U122/><E45/><V111/><F111/><W95/><G29/><T103/><D39/><U131/><E131/><V134/><F134/><W90/><G18/><T15/><D17/><U26/><E26/><V123/><F123/><W59/><REACH who="3" step="1"/><G61/><REACH who="3" ten="285,316,219,170" step="2"/><T66/><D113/><U57/><E122/><V52/><F2/><W9/><G9/><T108/><D115/><U125/><E60/><V68/><F19/><W4/><G4/><T23/><D108/><U38/><E10/><V48/><F7/><W109/><G109/><T93/><D34/><U28/><E28/><V64/><F31/><W6/><G6/><T124/><D23/><U104/><E5/><V53/><F8/><W36/><G36/><T30/><D21/><U80/><E38/><V78/><F16/><W77/><G77/><T83/><D30/><U32/><E32/><N who="2" m="12363" /><F48/><W117/><G117/><T96/><D24/><U0/><E0/><V22/><F22/><RYUUKYOKU ba="1,1" sc="285,-15,316,-15,219,15,170,15" hai2="52,53,64,68,73,78,81,84,91,92" hai3="41,43,44,46,47,59,63,67,90,95,98,102,106" /><INIT seed="2,2,1,5,3,103" ten="270,301,234,185" oya="2" hai0="100,107,120,119,48,116,125,26,68,55,78,39,28" hai1="40,62,50,46,94,20,121,23,41,49,83,54,123" hai2="33,60,89,88,90,42,129,34,66,118,15,27,132" hai3="96,77,21,108,1,0,63,86,99,98,30,91,85"/><V93/><F118/><N who="0" m="45098" /><D120/><N who="1" m="46155" /><E94/><V97/><F132/><W95/><G108/><T24/><D125/><U130/><E83/><V52/><F129/><W87/><G63/><T75/><D39/><U47/><E130/><V80/><F42/><N who="1" m="16489" /><E62/><V3/><F3/><W76/><G1/><T31/><D68/><U57/><E57/><V67/><F34/><W131/><G0/><T37/><D37/><U4/><E4/><V16/><F27/><N who="3" m="16751" /><G131/><T70/><D70/><U117/><E117/><V61/><F33/><W133/><G133/><T14/><D75/><U18/><E18/><V12/><F12/><W74/><G74/><T127/><D14/><U45/><E54/><V104/><F80/><W32/><G32/><T113/><D78/><AGARI ba="2,1" hai="76,77,78,85,86,87,91,95,96,98,99" m="16751" machi="78" ten="30,1000,0" yaku="8,1" doraHai="103" who="3" fromWho="0" sc="270,-16,301,0,234,0,185,26" /><INIT seed="3,0,0,1,3,123" ten="254,301,234,211" oya="3" hai0="126,79,113,7,85,21,120,13,73,54,18,19,122" hai1="81,37,42,33,44,90,112,29,103,49,26,51,130" hai2="100,128,94,83,89,5,43,133,40,68,99,24,71" hai3="76,34,108,125,16,82,39,11,116,61,4,10,114"/><W14/><G114/><T101/><D73/><U95/><E112/><V15/><F133/><W129/><G116/><T36/><D113/><U0/><E0/><V12/><F128/><W107/><G129/><T91/><D79/><U88/><E130/><V80/><F71/><W124/><G107/><T67/><D36/><U48/><REACH who="1" step="1"/><E81/><REACH who="1" ten="254,291,234,211" step="2"/><V86/><F83/><W75/><G108/><T9/><D120/><U8/><E8/><V47/><F68/><W31/><G39/><T115/><D9/><U1/><E1/><V65/><F65/><W62/><G125/><T2/><D2/><U96/><AGARI ba="0,1" hai="26,29,33,37,42,44,48,49,51,88,90,95,96,103" machi="96" ten="30,12000,2" yaku="1,1,0,1,54,1,53,3" doraHai="123" doraHaiUra="45" who="1" fromWho="1" sc="254,-30,291,130,234,-30,211,-60" /><INIT seed="4,0,0,4,1,61" ten="224,421,204,151" oya="0" hai0="22,113,15,129,133,59,93,49,78,60,34,101,88" hai1="46,23,116,102,43,134,55,77,25,103,112,109,64" hai2="114,97,20,4,73,75,117,124,123,98,40,82,13" hai3="71,35,96,6,111,100,26,28,51,24,121,21,125"/><T56/><D34/><U120/><E116/><V48/><F123/><W84/><G111/><T118/><D118/><U128/><E120/><V45/><F117/><W104/><G121/><T91/><D113/><U41/><E109/><V135/><F114/><W1/><G125/><T36/><D36/><U33/><E33/><V29/><F124/><W31/><G1/><T17/><D133/><U80/><E112/><V86/><F135/><W68/><G6/><T7/><D129/><U79/><E64/><V126/><F126/><W94/><G51/><T66/><D78/><U70/><E70/><V105/><F75/><W131/><G131/><T107/><D107/><U58/><E128/><V132/><F73/><W32/><REACH who="3" step="1"/><G21/><REACH who="3" ten="224,421,204,141" step="2"/><T108/><D108/><U38/><E23/><V53/><F4/><W16/><G16/><N who="0" m="10527" /><D7/><U83/><E38/><V39/><F39/><W19/><G19/><T106/><D17/><U89/><E134/><V37/><F132/><W11/><G11/><T52/><D106/><U130/><E130/><V69/><F105/><W44/><G44/><T122/><D122/><U95/><E46/><V47/><F37/><W119/><G119/><T27/><D27/><U115/><E25/><V90/><F47/><W8/><G8/><T2/><D2/><U42/><E115/><V9/><F9/><W65/><G65/><T0/><D0/><U14/><E14/><V87/><F13/><W67/><G67/><T74/><D74/><U62/><E62/><V54/><F45/><W18/><G18/><T3/><D3/><U10/><E10/><V50/><F20/><RYUUKYOKU ba="0,1" sc="224,15,421,-15,204,-15,141,15" hai0="49,52,56,59,60,66,88,91,93,101" hai3="24,26,28,31,32,35,68,71,84,94,96,100,104" /><INIT seed="4,1,1,3,1,28" ten="239,406,189,156" oya="0" hai0="122,91,40,43,120,6,37,135,42,2,110,86,55" hai1="16,53,52,82,108,59,47,57,71,77,129,115,15" hai2="70,89,96,65,9,92,38,112,5,36,93,32,25" hai3="84,39,88,3,31,121,117,98,44,126,103,21,48"/><T35/><D37/><U78/><E108/><V73/><F73/><W64/><G117/><T14/><D2/><U20/><E71/><V50/><F112/><W66/><G126/><T30/><D110/><U111/><E111/><V133/><F133/><W12/><G39/><T87/><D135/><U102/><E115/><V0/><F65/><W69/><G3/><T7/><D55/><N who="1" m="21067" /><E129/><V8/><F70/><W67/><G121/><T34/><D30/><U63/><E102/><V128/><F50/><W114/><G114/><T94/><D86/><N who="1" m="48463" /><E78/><V46/><F9/><W113/><G113/><T125/><D125/><U22/><E47/><V132/><F46/><W130/><G130/><T68/><D68/><U72/><E72/><V74/><F74/><W26/><G69/><T13/><D13/><N who="1" m="9231" /><E63/><V49/><F132/><W105/><G12/><T18/><D120/><U109/><E109/><V85/><F128/><W4/><G4/><T99/><D122/><U1/><E1/><V104/><F104/><W10/><G10/><T76/><D76/><U123/><E123/><V27/><F32/><W45/><REACH who="3" step="1"/><G48/><REACH who="3" ten="239,406,189,146" step="2"/><T17/><D7/><U11/><E11/><N who="2" m="2471" /><F49/><W83/><AGARI ba="1,2" hai="21,26,31,44,45,64,66,67,83,84,88,98,103,105" machi="83" ten="30,4000,0" yaku="1,1,0,1,54,1,53,0" doraHai="28" doraHaiUra="90" who="3" fromWho="3" sc="239,-21,406,-11,189,-11,146,63" /><INIT seed="5,0,0,4,3,103" ten="218,395,178,209" oya="1" hai0="62,12,2,73,131,112,120,56,108,60,128,17,74" hai1="135,98,0,83,41,20,24,71,89,93,15,14,110" hai2="59,87,129,68,115,82,114,58,34,39,90,122,49" hai3="25,101,42,8,29,23,86,31,9,10,19,121,66"/><U92/><E0/><V119/><F119/><W47/><G121/><T40/><D108/><U6/><E71/><V28/><F39/><W53/><G66/><T104/><D2/><U117/><E117/><V21/><F122/><W124/><G124/><T64/><D120/><U118/><E118/><V130/><F34/><W35/><G53/><T84/><D112/><N who="2" m="43050" /><F68/><W106/><G86/><T22/><D40/><U4/><E135/><V100/><F100/><W99/><REACH who="3" step="1"/><G35/><REACH who="3" ten="218,395,178,199" step="2"/><T50/><D84/><U5/><E110/><V65/><F65/><W3/><G3/><T116/><D116/><U57/><E41/><V33/><F33/><W77/><G77/><T67/><D64/><U1/><E1/><V105/><F87/><W30/><G30/><T72/><D67/><U76/><E76/><V102/><F28/><W78/><G78/><T51/><D72/><U27/><E83/><V13/><F82/><W88/><G88/><T37/><D73/><U96/><E89/><V125/><F90/><W7/><G7/><T134/><D74/><U48/><E4/><V91/><F91/><W123/><G123/><T61/><D134/><U54/><E5/><V85/><F85/><W36/><AGARI ba="0,1" hai="8,9,10,19,23,25,29,31,36,42,47,99,101,106" machi="36" ten="30,4000,0" yaku="1,1,0,1,52,1,53,0" doraHai="103" doraHaiUra="55" who="3" fromWho="3" sc="218,-10,395,-20,178,-10,199,50" /><INIT seed="6,0,0,4,3,44" ten="208,375,168,249" oya="2" hai0="11,46,93,72,52,132,64,104,100,69,108,94,127" hai1="36,51,83,28,19,74,53,88,20,26,48,119,13" hai2="29,90,101,38,68,129,109,112,61,24,50,125,16" hai3="54,7,14,58,116,113,107,126,49,15,122,62,97"/><V59/><F38/><W40/><G116/><T8/><D108/><U4/><E119/><V12/><F109/><W30/><G122/><T99/><D132/><U133/><E133/><V22/><F112/><W102/><G113/><T73/><D127/><U10/><E36/><V47/><F68/><W23/><G126/><T67/><D72/><U75/><E51/><V65/><F125/><W85/><G7/><T18/><D73/><U95/><E4/><V56/><F129/><W17/><G30/><T25/><D8/><U130/><E130/><V27/><F101/><W91/><G40/><T89/><D69/><U121/><E121/><V78/><F78/><W39/><G39/><T134/><D134/><U103/><E103/><V42/><F59/><W77/><G77/><T55/><D104/><U3/><E3/><V57/><F57/><W87/><G87/><T70/><D70/><U111/><E83/><V128/><F128/><W105/><G105/><T86/><D25/><U33/><E10/><V92/><REACH who="2" step="1"/><F29/><REACH who="2" ten="208,375,158,249" step="2"/><W82/><G62/><T115/><D115/><U131/><E131/><V118/><F118/><W2/><G2/><T124/><D124/><U0/><E0/><V84/><AGARI ba="0,1" hai="12,16,22,24,27,42,47,50,56,61,65,84,90,92" machi="84" ten="20,18000,2" yaku="1,1,0,1,7,1,8,1,52,1,54,1,53,0" doraHai="44" doraHaiUra="66" who="2" fromWho="2" sc="208,-60,375,-60,158,190,249,-60" /><INIT seed="6,1,0,3,1,103" ten="148,315,348,189" oya="2" hai0="17,22,35,9,57,50,82,66,120,96,63,54,25" hai1="105,8,113,38,34,69,21,45,76,60,62,94,130" hai2="68,23,109,125,47,2,90,88,59,12,14,53,77" hai3="29,78,24,89,101,85,106,75,6,80,40,84,7"/><V4/><F68/><W55/><G40/><T135/><D120/><U72/><E34/><V118/><F118/><W79/><G85/><T3/><D135/><U49/><E38/><V92/><F125/><W27/><G27/><T65/><D35/><U115/><E105/><V111/><F77/><W127/><G127/><T110/><D110/><N who="2" m="41994" /><F47/><W124/><G124/><T134/><D134/><U71/><E94/><V30/><F2/><W128/><G128/><T74/><D96/><U18/><E8/><N who="2" m="4103" /><F92/><W100/><G79/><T10/><D3/><U108/><E72/><V36/><F36/><W121/><G121/><T15/><D15/><U117/><E76/><V42/><F42/><W123/><G123/><T41/><D41/><N who="1" m="24751" /><E108/><V51/><F14/><W122/><G122/><T0/><D0/><U91/><E117/><V70/><F70/><N who="1" m="26633" /><E91/><V132/><F132/><W44/><G78/><T16/><D74/><U1/><E1/><V93/><F93/><W119/><G119/><T116/><D116/><U46/><E46/><V87/><F87/><W112/><G75/><T58/><D82/><U126/><E126/><V114/><F30/><W67/><G100/><T39/><D39/><U107/><E130/><V99/><F23/><N who="3" m="15519" /><G106/><T48/><D22/><U56/><E107/><V20/><F20/><W104/><G112/><N who="1" m="43082" /><E56/><V97/><F114/><W61/><G101/><T98/><D58/><U28/><E28/><V64/><F90/><W83/><G104/><T73/><D73/><U13/><E13/><V102/><F102/><W37/><G37/><T31/><D31/><U129/><E129/><RYUUKYOKU ba="1,0" sc="148,-10,315,30,348,-10,189,-10" hai1="18,21,60,62" /><INIT seed="7,2,0,5,5,51" ten="138,345,338,179" oya="3" hai0="21,23,58,106,117,0,121,76,46,70,13,6,44" hai1="62,33,132,1,101,19,78,7,79,88,81,45,130" hai2="93,111,91,41,133,73,89,103,26,56,67,87,126" hai3="4,110,83,8,90,80,131,38,107,104,39,71,128"/><W63/><G110/><T94/><D117/><U14/><E33/><V64/><F111/><W50/><G50/><T120/><D106/><U125/><E101/><V116/><F116/><W97/><G71/><T54/><D0/><U3/><E7/><V30/><F73/><W17/><G17/><T16/><D70/><U2/><E130/><N who="3" m="49706" /><G63/><T22/><D6/><U49/><E132/><V84/><F133/><W5/><G5/><T28/><D76/><U77/><E62/><V105/><F126/><W48/><G48/><T86/><D120/><U74/><E125/><V40/><F103/><N who="3" m="62575" /><G107/><T66/><D66/><N who="2" m="25130" /><F56/><W119/><G119/><T123/><D123/><U37/><E37/><V92/><F105/><W96/><G39/><T43/><D121/><U118/><E118/><V52/><F52/><W129/><G38/><T11/><D28/><U42/><REACH who="1" step="1"/><E88/><REACH who="1" ten="138,335,338,179" step="2"/><V53/><F53/><W20/><G129/><T27/><D43/><U127/><E127/><V57/><F57/><W124/><G4/><T99/><D27/><U122/><E122/><V108/><F108/><W10/><G90/><N who="0" m="53591" /><D99/><U109/><E109/><V113/><F113/><W32/><G124/><T31/><D31/><U72/><E72/><V115/><F115/><W25/><G32/><T68/><D68/><U24/><E24/><V85/><F85/><W134/><G134/><T61/><AGARI ba="2,1" hai="11,13,16,21,22,23,44,46,54,58,61" m="53591" machi="61" ten="30,4000,0" yaku="8,1,52,1,54,1" doraHai="51" who="0" fromWho="0" sc="138,56,335,-12,338,-12,179,-22" owari="194,-20.6,323,12.3,326,42.6,157,-34.3" /></mjloggm>