<mjloggm ver="2.3"><GO type="169" lobby="0"/><UN n0="%74%6F%72%69%30%36%31%32" n1="%E6%B2%96%E3%83%92%E3%82%AB%E3%83%AB%EF%BC%88%E6%9C%AC%E7%89%A9%EF%BC%89" n2="%E6%9C%AA%E6%9D%A5%E5%B0%91%E5%B9%B4" n3="%E3%81%97%E3%82%89%E3%81%99%EF%BC%A1" dan="16,18,16,16" rate="2146.56,2201.54,2170.16,2099.61" sx="M,F,F,M"/><TAIKYOKU oya="0"/><INIT seed="0,0,0,3,4,11" ten="250,250,250,250" oya="0" hai0="110,76,103,132,56,95,10,101,81,94,60,36,80" hai1="3,40,86,112,31,93,118,104,66,74,102,52,22" hai2="29,131,77,79,84,9,49,61,13,44,107,4,69" hai3="47,127,26,27,92,24,0,75,33,73,41,70,37"/><T18/><D36/><U134/><E3/><V99/><F131/><W46/><G70/><T35/><D35/><U50/><E40/><V67/><F29/><W30/><G127/><T109/><D132/><U72/><E66/><V89/><F107/><W12/><G0/><T15/><D95/><U105/><E118/><V117/><F99/><W32/><G47/><T98/><D103/><U83/><E112/><V51/><F117/><W87/><G12/><T124/><D124/><U88/><E134/><V126/><F126/><W133/><G133/><T28/><D28/><U119/><E119/><V120/><F120/><W59/><G59/><T65/><REACH who="0" step="1"/><D81/><REACH who="0" ten="240,250,250,250" step="2"/><U122/><E105/><V62/><F62/><W121/><G30/><T53/><D53/><U97/><E122/><V23/><F51/><W114/><G32/><T8/><D8/><U20/><E31/><V1/><F23/><W54/><G33/><T116/><D116/><U68/><E22/><V55/><REACH who="2" step="1"/><F1/><REACH who="2" ten="240,250,240,250" step="2"/><W130/><G121/><T45/><D45/><U58/><E20/><V14/><F14/><W19/><G46/><T57/><D57/><U17/><E68/><V6/><F6/><W115/><G37/><T125/><D125/><U85/><E17/><V135/><F135/><W108/><G19/><T90/><D90/><AGARI ba="0,2" hai="50,52,58,72,74,83,85,86,88,90,93,97,102,104" machi="90" ten="30,3900,0" yaku="7,1,54,2" doraHai="11" who="1" fromWho="0" sc="240,-39,250,59,240,0,250,0" /><INIT seed="1,0,0,1,4,73" ten="201,309,240,250" oya="1" hai0="32,46,95,86,98,121,17,43,1,4,105,71,26" hai1="36,41,54,100,60,56,58,35,49,108,87,123,80" hai2="11,69,62,127,57,10,52,53,31,106,94,125,133" hai3="76,111,6,37,131,126,115,124,15,44,78,129,99"/><U92/><E35/><V117/><F106/><W29/><G111/><T104/><D71/><U5/><E123/><V3/><F69/><W114/><G29/><T34/><D121/><U48/><E36/><V16/><F117/><W75/><G75/><T33/><D86/><U112/><E112/><N who="3" m="43050" /><G99/><T47/><D47/><U128/><E5/><V91/><F133/><W45/><G15/><T79/><D79/><N who="3" m="30249" /><G6/><T77/><D77/><U97/><E108/><V14/><F31/><W22/><G22/><T65/><D65/><U7/><E7/><V59/><F3/><W8/><G8/><T23/><D4/><U63/><E97/><V21/><F125/><N who="3" m="48235" /><G37/><T61/><D1/><U19/><E19/><V101/><F127/><W51/><G45/><T27/><D27/><U68/><E68/><V40/><F101/><W88/><G88/><T116/><D32/><U39/><E39/><V30/><F30/><W122/><G122/><T84/><D34/><U85/><E100/><V67/><F40/><AGARI ba="0,0" hai="40,44,51,129,131" m="48235,30249,43050" machi="40" ten="40,8000,1" yaku="18,1,52,3" doraHai="73" who="3" fromWho="2" sc="201,0,309,0,240,-80,250,80" /><INIT seed="2,0,0,1,4,69" ten="201,309,160,330" oya="2" hai0="92,64,93,116,131,135,52,127,104,130,14,35,71" hai1="2,133,42,77,75,91,68,54,98,41,74,7,45" hai2="132,36,31,65,89,106,81,115,103,57,10,34,40" hai3="33,21,110,25,72,49,119,43,97,12,99,56,84"/><V9/><F115/><W85/><G72/><T126/><D35/><U108/><E108/><V27/><F132/><W4/><G110/><T125/><D104/><U58/><E68/><V51/><F36/><W48/><G33/><T111/><D111/><U86/><E98/><N who="3" m="37386" /><G119/><T128/><D116/><U46/><E77/><V120/><F120/><W129/><G56/><T11/><D52/><U1/><E46/><V5/><F106/><W28/><G129/><T59/><D71/><U18/><E42/><V23/><F103/><W102/><G102/><T38/><D38/><U16/><E2/><V73/><F34/><W123/><G123/><T79/><D79/><U26/><E1/><V80/><F73/><W24/><G25/><T117/><D117/><U134/><E26/><V22/><F5/><W118/><G118/><T3/><D3/><U105/><E7/><V15/><F65/><W76/><G43/><T30/><D30/><U107/><E41/><V60/><F40/><W19/><G4/><T87/><D87/><N who="3" m="33353" /><G76/><T55/><D64/><U47/><E75/><V50/><F89/><W32/><G32/><T17/><REACH who="0" step="1"/><D135/><REACH who="0" ten="191,309,160,330" step="2"/><U96/><E133/><V67/><F81/><W114/><G114/><T62/><AGARI ba="0,1" hai="11,14,17,55,59,62,92,93,125,126,127,128,130,131" machi="62" ten="40,8000,1" yaku="1,1,2,1,0,1,18,1,19,1,53,0" doraHai="69" doraHaiUra="78" who="0" fromWho="0" sc="191,90,309,-20,160,-40,330,-20" /><INIT seed="3,0,0,0,3,87" ten="281,289,120,310" oya="3" hai0="20,16,112,85,72,39,48,15,28,58,103,34,31" hai1="22,59,12,26,45,132,49,111,35,104,37,61,65" hai2="73,88,9,109,14,92,121,42,134,18,21,19,2" hai3="33,135,126,79,113,130,64,24,125,13,127,6,55"/><W114/><G64/><T131/><D72/><U63/><E111/><V116/><F109/><W25/><G79/><T105/><D39/><U70/><E132/><V118/><F134/><W124/><N who="3" m="31744" /><DORA hai="17" /><W80/><G80/><T78/><D131/><U1/><E1/><V36/><F73/><W46/><G135/><T108/><D112/><N who="3" m="43113" /><G33/><T75/><D75/><U107/><E35/><V5/><F121/><W0/><G0/><T117/><D117/><U76/><E76/><V102/><F102/><W11/><G130/><T23/><D34/><U120/><E120/><V60/><F60/><W115/><N who="3" m="43121" /><W122/><DORA hai="40" /><G122/><T82/><D103/><U57/><E63/><V32/><F32/><W101/><G101/><T77/><D77/><U100/><E61/><V128/><F128/><W119/><G119/><T98/><D108/><U8/><E100/><V66/><F66/><W123/><G123/><T53/><D105/><U94/><E65/><V50/><F36/><W67/><G67/><T47/><D98/><U4/><E37/><V27/><F118/><W43/><G55/><T7/><D78/><U99/><E107/><V44/><F116/><W56/><G56/><T29/><D58/><U71/><E59/><V52/><F2/><W62/><G62/><T68/><D68/><U89/><E57/><V84/><REACH who="2" step="1"/><F42/><REACH who="2" ten="281,289,110,310" step="2"/><W81/><G43/><T91/><REACH who="0" step="1"/><D7/><AGARI ba="0,1" hai="5,7,9,14,18,19,21,27,44,50,52,84,88,92" machi="7" ten="40,24000,4" yaku="1,1,2,1,8,1,52,3,54,2,53,3" doraHai="87,17,40" doraHaiUra="86,90,10" who="2" fromWho="0" sc="281,-240,289,0,110,250,310,0" /><INIT seed="4,0,0,1,0,49" ten="41,289,360,310" oya="0" hai0="93,130,34,15,21,63,105,41,120,70,5,104,18" hai1="111,106,57,103,68,12,112,23,99,81,89,75,46" hai2="66,47,101,87,88,1,26,122,16,42,97,84,77" hai3="20,28,29,58,64,95,91,31,78,123,110,4,44"/><T109/><D120/><U79/><E68/><V118/><F122/><W25/><G110/><T107/><D109/><U113/><E111/><V45/><F1/><W13/><G123/><T121/><D121/><U55/><E46/><V48/><F118/><W51/><G78/><T131/><D34/><U36/><E36/><V24/><F66/><W125/><G125/><T124/><D124/><U33/><E33/><V11/><F77/><W62/><G4/><T102/><D41/><U96/><E12/><N who="2" m="7199" /><F47/><W129/><G13/><T135/><D5/><U59/><E23/><V3/><F3/><W115/><G115/><N who="1" m="44106" /><E55/><N who="2" m="30095" /><F101/><W73/><G129/><N who="0" m="49163" /><D135/><U119/><E119/><V50/><F50/><W40/><REACH who="3" step="1"/><G73/><REACH who="3" ten="41,289,360,300" step="2"/><T8/><D8/><U86/><E99/><AGARI ba="0,1" hai="20,25,28,29,31,40,44,51,58,62,64,91,95,99" machi="99" ten="30,7700,0" yaku="1,1,2,1,7,1,8,1,53,0" doraHai="49" doraHaiUra="114" who="3" fromWho="1" sc="41,0,289,-77,360,0,300,87" /><INIT seed="5,0,0,3,3,35" ten="41,212,360,387" oya="1" hai0="57,47,32,127,113,92,126,36,78,67,30,9,131" hai1="20,122,65,12,55,100,111,41,44,84,130,60,46" hai2="76,54,66,70,133,105,117,102,85,11,118,95,119" hai3="110,39,86,58,10,31,51,17,7,48,52,121,106"/><U19/><E130/><V114/><F133/><W45/><G110/><T21/><D32/><U103/><E122/><V24/><F114/><W71/><G71/><T15/><D78/><U61/><E111/><V56/><F70/><W40/><G121/><T107/><D107/><U115/><E115/><V33/><F66/><W27/><G106/><T79/><D79/><U6/><E6/><V116/><F116/><W18/><G86/><T91/><D113/><U59/><E84/><V132/><F132/><W26/><G39/><T112/><D131/><U96/><E41/><V34/><F105/><W80/><G80/><T1/><D47/><N who="1" m="17963" /><E96/><V83/><F11/><W128/><G128/><T77/><D77/><U90/><E90/><V99/><REACH who="2" step="1"/><F24/><REACH who="2" ten="41,212,350,387" step="2"/><W82/><G27/><N who="0" m="16751" /><D112/><U97/><E97/><V73/><F73/><W98/><G98/><N who="0" m="57631" /><D36/><U81/><E81/><V13/><F13/><W42/><G82/><T129/><D129/><U74/><E74/><V124/><F124/><N who="0" m="47658" /><D15/><U50/><E65/><V49/><AGARI ba="0,1" hai="33,34,49,54,56,76,83,85,95,99,102,117,118,119" machi="49" ten="30,2000,0" yaku="1,1,0,1,53,0" doraHai="35" doraHaiUra="134" who="2" fromWho="2" sc="41,-5,212,-10,350,30,387,-5" /><INIT seed="6,0,0,1,3,111" ten="36,202,380,382" oya="2" hai0="129,123,83,68,69,134,30,82,98,46,29,105,57" hai1="116,32,22,77,45,0,109,6,36,124,101,93,26" hai2="51,128,89,14,108,106,2,75,97,9,11,16,122" hai3="133,3,67,87,61,10,15,66,53,64,90,43,13"/><V71/><F122/><W49/><G133/><T110/><D123/><U88/><E116/><V39/><F39/><W37/><G3/><T28/><D110/><U135/><E101/><V121/><F71/><W18/><G37/><T132/><D129/><U115/><E32/><V44/><F75/><W24/><G43/><T35/><D35/><U73/><E109/><V4/><F121/><W81/><G15/><T20/><D46/><U104/><E104/><V21/><F108/><W112/><G112/><T96/><D57/><U102/><E102/><V86/><F128/><W79/><G24/><T85/><D20/><U127/><E135/><N who="0" m="51753" /><D105/><U48/><E36/><V99/><F21/><W23/><G23/><T119/><D85/><U120/><E120/><V76/><F76/><W84/><G61/><T31/><N who="0" m="7168" /><DORA hai="40" /><T41/><D41/><U126/><E77/><V12/><F106/><W125/><G84/><T95/><D95/><U78/><E78/><V92/><F2/><W55/><G79/><T131/><D131/><U25/><E22/><V17/><F4/><W42/><G42/><AGARI ba="0,0" hai="9,11,12,14,16,17,42,44,51,86,89,92,97,99" machi="42" ten="30,12000,1" yaku="7,1,9,1,8,1,52,1,54,1" doraHai="111,40" who="2" fromWho="3" sc="36,0,202,0,380,120,382,-120" /><INIT seed="6,1,0,5,2,74" ten="36,202,500,262" oya="2" hai0="39,107,60,98,67,102,134,51,29,18,52,62,14" hai1="6,54,66,79,19,109,44,111,69,104,41,20,125" hai2="42,10,53,35,55,101,121,93,77,88,85,99,78" hai3="95,16,65,28,100,38,21,122,84,4,56,73,34"/><V123/><F35/><W103/><G73/><T76/><D39/><U58/><E104/><V113/><F42/><W81/><G38/><T0/><D0/><U71/><E6/><V1/><F1/><W33/><G122/><N who="2" m="46601" /><F53/><W8/><G28/><T40/><D40/><U92/><E92/><N who="2" m="54287" /><F55/><W50/><G33/><T132/><D29/><U22/><E22/><V7/><F10/><W108/><G108/><T133/><D76/><N who="2" m="29290" /><F7/><W45/><G34/><T30/><D30/><U126/><E54/><V46/><F46/><W105/><G45/><T37/><D37/><U94/><E44/><V130/><F113/><W43/><G8/><T63/><D51/><U110/><E20/><V17/><F17/><W124/><G50/><T13/><D67/><U112/><E19/><V15/><F15/><W72/><G65/><T68/><D68/><U2/><E69/><V80/><F80/><W75/><G81/><T120/><D120/><U131/><E71/><V87/><F87/><W24/><G84/><T90/><D52/><U59/><E66/><V83/><F83/><W57/><G16/><T119/><D119/><U5/><E2/><V3/><F3/><W12/><G21/><T89/><REACH who="0" step="1"/><D18/><REACH who="0" ten="26,202,500,262" step="2"/><U116/><E116/><V26/><F26/><W25/><G24/><T96/><D96/><U91/><E111/><V11/><F11/><W86/><G25/><T49/><D49/><U32/><E110/><V82/><F82/><W135/><G43/><T106/><D106/><U27/><E41/><V47/><F47/><W97/><G105/><T129/><D129/><AGARI ba="1,1" hai="93,99,101,129,130" m="29290,54287,46601" machi="129" ten="30,18000,2" yaku="34,2,52,3,54,1" doraHai="74" who="2" fromWho="0" sc="26,-183,202,0,500,193,262,0" owari="-157,-65.7,202,-19.8,693,79.3,262,6.2" /></mjloggm>