<mjloggm ver="2.3"><GO type="169" lobby="0"/><UN n0="%E3%81%95%E3%82%93%E3%81%84%E3%81%A1%E3%82%8D%E3%81%8F%E3%81%94" n1="%6B%73%77%72%74" n2="%E3%81%9F%E3%81%8B%E3%81%AF%E3%81%97%E3%81%83%E3%81%83%E3%81%83" n3="%E3%81%BF%E3%82%84%E3%81%AF%E3%82%89" dan="17,16,16,16" rate="2087.88,2149.73,2108.37,2046.84" sx="M,M,M,M"/><TAIKYOKU oya="0"/><INIT seed="0,0,0,0,4,67" ten="250,250,250,250" oya="0" hai0="93,134,4,40,41,42,101,102,119,128,130,100,106" hai1="80,6,34,39,5,122,118,49,114,112,72,38,71" hai2="97,44,58,79,65,77,48,127,18,131,115,103,107" hai3="75,12,90,96,28,35,61,47,0,104,51,22,53"/><T30/><D119/><U135/><E118/><V55/><F115/><W23/><G35/><T25/><D134/><U36/><E122/><V132/><F132/><W16/><G0/><T84/><D4/><U111/><E135/><V83/><F127/><W3/><G3/><T7/><D7/><U92/><E34/><V82/><F131/><N who="0" m="50218" /><D106/><U62/><E111/><V105/><F105/><W91/><G75/><T116/><D116/><U59/><E49/><V113/><F113/><W31/><G61/><T52/><D84/><U69/><E6/><V73/><F18/><W99/><G31/><T64/><D64/><U117/><E5/><V14/><F14/><W2/><G2/><T63/><D93/><U45/><E117/><V32/><F32/><W13/><G13/><T56/><D40/><U68/><E92/><V88/><F65/><W126/><G126/><T50/><D50/><U85/><E72/><V121/><F121/><W76/><G76/><T33/><AGARI ba="0,0" hai="25,30,33,41,42,52,56,63,100,101,102" m="50218" machi="33" ten="30,3000,0" yaku="19,1,54,1" doraHai="67" who="0" fromWho="0" sc="250,30,250,-10,250,-10,250,-10" /><INIT seed="0,1,0,4,0,113" ten="280,240,240,240" oya="0" hai0="122,118,20,75,65,115,13,24,31,80,63,43,58" hai1="127,39,18,108,106,114,84,46,123,17,51,0,23" hai2="38,88,49,69,12,48,116,87,8,11,117,89,71" hai3="67,54,107,6,83,36,131,28,91,68,121,77,53"/><T100/><D118/><N who="2" m="45674" /><F38/><W4/><G131/><T25/><D115/><U134/><E106/><V10/><F12/><W33/><G36/><T37/><D122/><U98/><E0/><V74/><F74/><W109/><G109/><T52/><D100/><U86/><E39/><V64/><F88/><W60/><G121/><T40/><D13/><U79/><E98/><V57/><F57/><W15/><G107/><T22/><D37/><U16/><E86/><V103/><F103/><W70/><G70/><N who="2" m="26633" /><F64/><W120/><G91/><T95/><D95/><AGARI ba="1,0" hai="8,10,11,48,49,87,89,95" m="26633,45674" machi="95" ten="40,8000,1" yaku="12,1,52,3" doraHai="113" who="2" fromWho="0" sc="280,-83,240,0,240,83,240,0" /><INIT seed="1,0,0,2,5,34" ten="197,240,323,240" oya="1" hai0="11,123,90,64,130,22,25,56,28,131,71,78,0" hai1="87,69,37,114,132,135,73,72,16,106,66,8,107" hai2="24,59,105,116,27,63,117,74,19,7,76,84,31" hai3="58,89,29,41,23,30,53,91,20,40,103,88,45"/><U15/><E114/><V68/><F105/><W48/><G103/><T2/><D71/><U121/><E121/><V54/><F74/><N who="1" m="28777" /><E37/><V14/><F68/><W108/><G108/><T50/><D123/><U92/><E92/><V1/><F27/><W18/><G41/><T97/><D78/><U49/><E49/><V93/><F93/><W118/><G118/><T67/><D11/><U4/><E87/><V100/><F100/><W120/><G120/><T126/><D131/><U125/><E125/><V26/><F26/><W77/><G77/><T46/><D126/><U47/><E47/><V51/><F51/><W13/><REACH who="3" step="1"/><G23/><REACH who="3" ten="197,240,323,230" step="2"/><T133/><D130/><U35/><E35/><N who="2" m="20967" /><F76/><W122/><G122/><T57/><D22/><U115/><E115/><V79/><F79/><W95/><G95/><T109/><D109/><U42/><E107/><V102/><F102/><W104/><G104/><T98/><D90/><U111/><E42/><V70/><F117/><W55/><G55/><T52/><D52/><U129/><E106/><V10/><F116/><W119/><G119/><T127/><D127/><U21/><E111/><V12/><F54/><W110/><G110/><T94/><D94/><U6/><E129/><V3/><F70/><W36/><AGARI ba="0,1" hai="13,18,20,29,30,36,40,45,48,53,58,88,89,91" machi="36" ten="30,4000,0" yaku="1,1,0,1,54,1,53,0" doraHai="34" doraHaiUra="128" who="3" fromWho="3" sc="197,-10,240,-20,323,-10,230,50" /><INIT seed="2,0,0,5,2,11" ten="187,220,313,280" oya="2" hai0="75,118,77,69,99,13,61,43,19,81,105,30,101" hai1="53,38,64,100,129,27,65,94,54,17,50,117,111" hai2="32,127,49,8,33,96,55,36,20,126,39,22,109" hai3="24,67,114,78,59,134,70,34,121,45,47,60,106"/><V113/><F113/><W88/><G134/><T97/><D118/><U15/><E117/><V5/><F109/><W80/><G121/><T98/><D30/><U91/><E129/><V6/><F96/><W21/><G106/><T57/><D69/><U107/><E38/><N who="2" m="14379" /><F49/><W82/><G34/><N who="2" m="13417" /><F55/><W83/><G114/><T48/><D43/><U58/><E111/><V4/><F8/><W76/><G70/><T102/><D48/><U104/><E54/><V14/><F14/><W135/><G47/><T84/><D102/><U73/><E100/><V124/><AGARI ba="0,0" hai="4,5,6,20,22,124,126,127" m="13417,14379" machi="124" ten="50,9600,0" yaku="28,2,18,1" doraHai="11" who="2" fromWho="2" sc="187,-32,220,-32,313,96,280,-32" /><INIT seed="2,1,0,5,4,70" ten="155,188,409,248" oya="2" hai0="27,29,57,115,38,34,66,119,118,19,83,60,104" hai1="47,2,16,125,88,106,96,32,4,52,71,24,107" hai2="95,112,58,133,77,12,21,15,120,100,129,6,33" hai3="75,69,62,0,105,126,11,108,123,128,44,109,113"/><V22/><F112/><W63/><RYUUKYOKU type="yao9" ba="1,0" sc="155,0,188,0,409,0,248,0" hai3="0,11,44,62,63,69,75,105,108,109,113,123,126,128" /><INIT seed="2,2,0,0,2,24" ten="155,188,409,248" oya="2" hai0="22,20,75,131,27,117,16,51,93,18,80,84,97" hai1="103,58,34,59,94,10,73,98,67,6,42,55,26" hai2="44,92,130,41,47,110,19,129,102,112,89,125,74" hai3="30,108,86,7,66,104,48,122,17,83,113,1,70"/><V31/><F112/><W49/><G108/><T9/><D131/><U115/><E115/><V127/><F74/><W69/><G113/><T28/><D75/><U60/><E73/><V11/><F102/><W96/><G70/><T68/><D68/><U39/><E39/><V0/><F110/><W91/><G122/><T88/><D117/><U106/><E42/><V81/><F81/><W118/><G118/><T63/><D63/><U107/><E34/><V3/><F19/><W87/><G87/><T21/><D51/><U116/><E26/><V124/><F31/><W46/><G49/><T25/><D9/><U37/><E37/><N who="2" m="21551" /><F47/><W62/><G17/><N who="0" m="6763" /><D27/><U119/><E116/><V111/><F111/><W85/><G85/><T105/><D105/><U57/><E119/><V100/><F100/><AGARI ba="2,0" hai="20,21,22,25,28,80,84,88,93,97,100" m="6763" machi="100" ten="30,7700,0" yaku="8,1,52,1,54,2" doraHai="24" who="0" fromWho="2" sc="155,83,188,0,409,-83,248,0" /><INIT seed="3,0,0,4,2,62" ten="238,188,326,248" oya="3" hai0="35,127,135,92,128,6,32,42,10,1,98,126,107" hai1="104,80,117,63,85,16,88,82,95,81,86,87,111" hai2="133,44,51,52,83,12,102,8,129,27,55,14,84" hai3="45,38,77,23,91,70,18,112,47,33,61,11,72"/><W59/><G112/><T19/><D128/><U17/><E111/><V57/><F129/><W49/><G33/><T34/><D135/><U114/><E114/><V73/><F133/><W120/><G120/><T78/><D107/><U2/><E2/><V115/><F115/><W53/><G72/><T106/><D106/><U26/><E117/><V28/><F73/><W50/><G77/><T93/><D78/><U5/><E104/><V22/><F102/><W60/><G11/><T125/><D42/><U105/><E105/><V3/><F3/><W58/><G38/><T24/><D98/><U67/><E5/><V41/><F8/><W103/><G103/><T134/><D134/><U71/><REACH who="1" step="1"/><E26/><REACH who="1" ten="238,178,326,248" step="2"/><V37/><REACH who="2" step="1"/><F55/><REACH who="2" ten="238,178,316,248" step="2"/><W56/><G53/><T124/><D125/><U20/><E20/><AGARI ba="0,2" hai="1,6,10,19,20,24,32,34,35,92,93,124,126,127" machi="20" ten="50,1600,0" yaku="18,1" doraHai="62" who="0" fromWho="1" sc="238,36,178,-16,316,0,248,0" /><INIT seed="4,0,0,4,3,121" ten="274,162,316,248" oya="0" hai0="28,29,54,42,41,43,69,40,110,56,70,27,37" hai1="117,48,59,98,124,20,119,133,8,13,24,60,63" hai2="114,130,61,97,73,134,120,67,115,108,76,58,16" hai3="75,17,14,90,34,116,50,113,85,19,36,49,9"/><T72/><D72/><U94/><E124/><V84/><F120/><W91/><G113/><N who="2" m="43017" /><F134/><W87/><G116/><T82/><D82/><U53/><E133/><V71/><F130/><W4/><G75/><T111/><N who="0" m="10240" /><DORA hai="95" /><T32/><D29/><U47/><E119/><V77/><F108/><N who="0" m="41514" /><D37/><U6/><E47/><V26/><F84/><W64/><G64/><T118/><D118/><U112/><E112/><V5/><F5/><W99/><G36/><T127/><D127/><U12/><E12/><V38/><F38/><W86/><G34/><T135/><D135/><U74/><E74/><V83/><F76/><W18/><G4/><T128/><D128/><U80/><E80/><V51/><F83/><W44/><G50/><AGARI ba="0,0" hai="27,28,32,50,54,56,69,70" m="41514,10240" machi="50" ten="40,12000,1" yaku="10,1,52,3" doraHai="121,95" who="0" fromWho="3" sc="274,120,162,0,316,0,248,-120" /><INIT seed="4,1,0,2,2,3" ten="394,162,316,128" oya="0" hai0="29,43,66,115,104,82,8,56,134,118,30,45,132" hai1="23,103,70,55,77,71,53,133,52,67,101,49,7" hai2="61,116,95,80,4,106,128,111,18,102,81,41,92" hai3="93,74,6,69,65,110,50,83,36,126,88,123,79"/><T44/><D118/><U97/><E133/><N who="0" m="51305" /><D104/><U130/><E130/><V5/><F111/><W99/><G110/><T46/><D43/><U47/><E77/><V60/><F128/><W112/><G112/><T90/><D8/><U25/><E7/><N who="2" m="2635" /><F106/><W1/><G126/><T124/><D115/><U34/><E34/><V9/><F41/><W59/><G123/><T16/><D16/><U48/><E67/><V119/><F18/><W63/><G36/><T96/><D124/><U68/><E97/><N who="2" m="59687" /><F9/><W19/><G19/><T26/><D30/><U114/><E114/><V135/><F135/><W87/><G50/><T89/><D66/><U35/><E35/><V14/><F14/><W127/><G127/><T109/><D109/><U98/><E49/><V13/><F13/><W57/><REACH who="3" step="1"/><G74/><REACH who="3" ten="394,162,316,118" step="2"/><T37/><D37/><U33/><E48/><V108/><F108/><W120/><G120/><T22/><D29/><U51/><E51/><V84/><F119/><W10/><AGARI ba="1,1" hai="1,6,10,57,59,63,65,69,79,83,87,88,93,99" machi="10" ten="30,7900,0" yaku="1,1,0,1,52,1,54,1,53,0" doraHai="3" doraHaiUra="42" who="3" fromWho="3" sc="394,-40,162,-21,316,-21,118,92" /><INIT seed="5,0,0,4,5,97" ten="354,141,295,210" oya="1" hai0="86,76,6,5,38,91,95,51,110,123,18,72,29" hai1="55,10,84,30,75,32,2,36,122,4,61,22,135" hai2="25,116,42,71,16,27,106,105,99,79,59,101,117" hai3="131,54,103,96,128,120,40,60,57,47,49,85,93"/><U64/><E122/><V129/><F71/><W119/><G120/><T58/><D38/><U20/><E75/><V65/><F129/><W52/><G119/><T81/><D110/><U112/><E112/><V45/><F105/><W48/><REACH who="3" step="1"/><G85/><REACH who="3" ten="354,141,295,200" step="2"/><T68/><D123/><U73/><E84/><V3/><F116/><W50/><G50/><T39/><D51/><U92/><E36/><V63/><F117/><W13/><G13/><T74/><D86/><U87/><E87/><V35/><F3/><W125/><G125/><T43/><D39/><U127/><E2/><V37/><F79/><W100/><G100/><T104/><D76/><U31/><E127/><V53/><F35/><W7/><G7/><T126/><D6/><U98/><E32/><V130/><F130/><W121/><G121/><T83/><D5/><U66/><E4/><V118/><F118/><W56/><AGARI ba="0,1" hai="40,47,48,49,52,54,56,57,60,93,96,103,128,131" machi="56" ten="30,7900,0" yaku="1,1,0,1,52,1,54,1,53,0" doraHai="97" doraHaiUra="69" who="3" fromWho="3" sc="354,-20,141,-39,295,-20,200,89" /><INIT seed="6,0,0,1,5,61" ten="334,102,275,289" oya="2" hai0="78,63,105,135,128,30,49,70,72,40,56,114,6" hai1="117,112,111,52,26,86,102,24,7,77,57,100,91" hai2="55,25,71,106,14,36,110,98,132,118,94,13,131" hai3="109,87,46,84,16,8,81,45,127,80,129,122,93"/><V121/><F121/><W9/><G109/><T104/><D70/><U31/><E111/><V50/><F118/><W10/><G122/><T66/><D114/><U79/><E112/><V23/><F110/><W62/><G127/><T83/><D128/><U53/><E117/><V42/><F106/><W65/><G129/><T64/><D135/><U32/><E7/><V124/><F124/><W37/><G93/><T69/><D6/><U54/><E57/><V58/><F132/><W99/><G99/><T126/><D30/><U18/><E18/><V21/><F21/><W48/><G37/><T74/><D72/><U19/><E19/><V119/><F71/><W67/><G16/><T97/><D97/><U44/><E44/><N who="3" m="17002" /><G62/><T133/><D133/><U96/><E24/><V125/><F125/><W60/><G60/><T107/><D69/><U90/><E90/><V51/><F36/><W12/><G12/><T33/><D33/><U38/><E38/><V130/><F119/><W17/><G17/><T39/><D39/><U68/><E68/><V28/><F130/><W88/><G48/><T27/><D49/><U11/><E11/><V89/><F131/><W29/><G29/><T115/><D115/><U73/><E73/><V85/><F98/><W3/><G3/><T76/><D74/><U43/><E43/><V59/><F42/><W92/><G92/><T1/><D40/><U34/><E34/><V0/><F0/><W123/><G123/><T35/><D1/><U15/><E15/><V47/><F13/><W82/><G82/><T134/><D126/><U103/><E96/><RYUUKYOKU ba="0,0" sc="334,-15,102,15,275,-15,289,15" hai1="26,31,32,52,53,54,77,79,86,91,100,102,103" hai3="8,9,10,65,67,80,81,84,87,88" /><INIT seed="7,1,0,2,4,92" ten="319,117,260,304" oya="3" hai0="69,40,115,51,32,46,106,27,23,60,98,64,94" hai1="99,35,26,62,96,29,77,120,74,129,107,7,4" hai2="50,110,117,95,124,17,58,3,105,28,22,103,11" hai3="119,52,9,89,87,88,63,65,85,126,75,41,93"/><W135/><G119/><T16/><D115/><U112/><E120/><V59/><F110/><W19/><G75/><T61/><D32/><U57/><E112/><V78/><F124/><W45/><G126/><T68/><D106/><U30/><E129/><V125/><F125/><W79/><G52/><T10/><D10/><U102/><E30/><V113/><F105/><W131/><G131/><T86/><D86/><U0/><E0/><V53/><F78/><W1/><G135/><T56/><D61/><U108/><E108/><V122/><F117/><W90/><G79/><T6/><D6/><U101/><E77/><V127/><F122/><W12/><G1/><T84/><D84/><U82/><E82/><V100/><F100/><AGARI ba="1,0" hai="16,23,27,40,46,51,56,60,64,68,69,94,98,100" machi="100" ten="30,3900,0" yaku="7,1,52,1,54,1" doraHai="92" who="0" fromWho="2" sc="319,42,117,0,260,-42,304,0" owari="361,46.1,117,-38.3,218,-18.2,304,10.4" /></mjloggm>