<mjloggm ver="2.3"><GO type="169" lobby="0"/><UN n0="%E2%98%86%41%64%72%69%61%6E" n1="%E3%81%AF%E3%81%92%E3%81%97%E3%81%8F%E3%82%A6%E3%83%84" n2="%6B%75%73%6F%E6%AD%A3%E5%AE%97" n3="%50%6F%6F%48%65%3F" dan="16,17,16,16" rate="2195.70,2183.39,2095.74,2165.85" sx="M,M,M,F"/><TAIKYOKU oya="0"/><INIT seed="0,0,0,0,1,60" ten="250,250,250,250" oya="0" hai0="74,34,125,83,44,90,64,17,21,86,6,25,69" hai1="118,66,80,111,124,31,123,105,22,94,82,115,27" hai2="122,98,11,104,57,24,59,100,77,46,113,51,131" hai3="89,76,73,18,85,112,75,117,91,53,102,39,130"/><T5/><D125/><U79/><E118/><V92/><F122/><W30/><G39/><T62/><D74/><U116/><E116/><V95/><F113/><W16/><G117/><T28/><REACH who="0" step="1"/><D44/><REACH who="0" ten="240,250,250,250" step="2"/><U10/><E124/><V87/><F46/><W96/><G112/><T8/><D8/><U126/><E115/><V134/><F11/><W38/><G130/><T42/><D42/><U19/><E126/><V120/><F131/><W15/><G73/><T47/><D47/><U71/><E123/><V7/><F120/><W49/><G75/><T88/><D88/><U133/><E10/><V99/><F77/><W36/><G76/><T2/><D2/><U43/><E43/><V114/><F114/><W12/><G89/><T68/><D68/><U52/><E71/><V67/><F59/><W121/><G121/><T129/><D129/><U63/><E79/><V45/><F57/><W56/><G36/><T106/><D106/><U37/><E105/><V35/><F45/><W3/><G38/><T109/><D109/><U93/><E37/><V128/><F104/><W72/><G72/><T33/><D33/><U127/><E111/><V132/><F35/><W0/><G0/><T119/><D119/><U84/><E127/><V9/><F9/><N who="3" m="6159" /><G3/><T32/><D32/><U50/><E22/><V107/><F128/><W108/><G108/><T1/><D1/><U81/><E133/><V14/><F134/><W54/><G56/><T26/><AGARI ba="0,1" hai="5,6,17,21,25,26,28,34,62,64,69,83,86,90" machi="26" ten="20,18000,2" yaku="1,1,0,1,7,1,52,1,53,2" doraHai="60" doraHaiUra="20" who="0" fromWho="0" sc="240,190,250,-60,250,-60,250,-60" /><INIT seed="0,1,0,0,3,38" ten="430,190,190,190" oya="0" hai0="102,12,129,122,98,40,88,44,49,48,37,64,70" hai1="32,100,60,77,83,6,75,2,59,63,26,110,117" hai2="39,76,92,30,113,126,65,94,15,97,85,41,45" hai3="24,61,91,10,73,46,7,19,3,87,21,96,103"/><T135/><D122/><U0/><E117/><V133/><F113/><W86/><G73/><T51/><D135/><U67/><E110/><V42/><F133/><W33/><G61/><T29/><D129/><U106/><E6/><V71/><F126/><W95/><G33/><T74/><D74/><U128/><E128/><V16/><F30/><W62/><G62/><T57/><D29/><U50/><E50/><V78/><F71/><W114/><G114/><T108/><D108/><U5/><E5/><V36/><F65/><W120/><G120/><T119/><D119/><U69/><E60/><V25/><F25/><W23/><G46/><T90/><D70/><U11/><E11/><V8/><F85/><W89/><G89/><T93/><D64/><U55/><E55/><V99/><F94/><W105/><G23/><T109/><D109/><U58/><E59/><V130/><F97/><AGARI ba="1,0" hai="3,7,10,19,21,24,86,87,91,95,96,97,103,105" machi="97" ten="30,1000,0" yaku="7,1" doraHai="38" who="3" fromWho="2" sc="430,0,190,0,190,-13,190,13" /><INIT seed="1,0,0,3,2,85" ten="430,190,177,203" oya="1" hai0="63,78,65,116,5,54,89,15,9,125,75,45,87" hai1="67,86,21,31,16,115,41,11,122,83,30,68,71" hai2="8,121,22,101,93,96,84,3,129,1,44,126,131" hai3="0,91,98,37,57,79,97,73,34,120,42,61,82"/><U74/><E115/><V104/><F121/><W51/><G120/><T20/><D116/><U127/><E122/><V112/><F112/><W76/><G34/><T53/><D125/><U59/><E74/><V119/><F119/><W24/><G24/><T60/><D75/><U38/><E127/><V123/><F123/><W80/><G0/><T32/><D32/><U7/><E38/><V19/><F126/><W2/><G2/><T134/><D134/><U10/><E41/><V108/><F108/><W66/><G37/><T94/><D78/><U107/><E107/><V40/><F8/><N who="1" m="3113" /><E7/><V25/><F1/><W113/><G113/><T77/><D77/><N who="1" m="46447" /><E71/><V43/><F3/><W128/><G128/><N who="2" m="49225" /><F44/><W133/><G133/><T109/><D109/><U99/><E99/><N who="2" m="61503" /><F84/><W72/><G42/><T105/><D105/><U12/><E68/><V135/><F135/><W106/><G51/><T46/><D46/><U110/><E110/><V117/><F117/><W118/><G118/><T81/><D45/><U95/><E95/><V69/><F69/><W102/><G98/><T130/><D94/><U103/><E103/><AGARI ba="0,0" hai="19,22,25,40,43,93,96,103" m="61503,49225" machi="103" ten="30,1000,0" yaku="19,1" doraHai="85" who="2" fromWho="1" sc="430,0,190,-10,177,10,203,0" /><INIT seed="2,0,0,2,2,25" ten="430,180,187,203" oya="2" hai0="34,103,51,90,87,71,111,31,128,29,3,134,76" hai1="120,113,9,58,127,11,116,17,77,126,131,74,130" hai2="38,41,13,80,27,92,119,70,48,61,63,135,26" hai3="65,10,107,133,72,6,7,110,15,124,108,52,86"/><V55/><F119/><W39/><G72/><T56/><D71/><U53/><E116/><V106/><F106/><W8/><G39/><T57/><D34/><U47/><E113/><V98/><F135/><W30/><G107/><T115/><D3/><U21/><E120/><V73/><F38/><W121/><G121/><T12/><D115/><U112/><E112/><V67/><F61/><W19/><G133/><T97/><D134/><U101/><E101/><V105/><F41/><W14/><G65/><T95/><D111/><N who="3" m="42537" /><G86/><T114/><D114/><U117/><E117/><V75/><F105/><W109/><G52/><N who="0" m="31775" /><D128/><N who="1" m="49195" /><E47/><V59/><F13/><N who="3" m="5271" /><G30/><T64/><D76/><U42/><E42/><V100/><REACH who="2" step="1"/><F73/><REACH who="2" ten="430,180,177,203" step="2"/><W81/><G109/><T104/><D12/><N who="1" m="9383" /><E127/><V102/><F102/><W85/><G124/><T82/><D104/><U69/><E126/><V36/><F36/><W91/><G15/><T44/><D44/><U33/><E69/><V20/><F20/><W22/><G7/><T5/><D5/><U129/><E129/><V28/><F28/><W123/><G123/><T32/><D32/><U88/><E33/><V49/><F49/><W89/><G22/><T18/><D18/><U0/><E0/><V83/><F83/><W93/><G93/><T84/><D103/><U37/><E37/><V24/><F24/><W132/><G132/><T40/><D40/><U78/><E74/><V66/><F66/><W23/><G23/><T79/><D29/><U16/><E9/><V1/><F1/><W54/><G54/><T45/><D31/><U118/><E53/><V68/><F68/><RYUUKYOKU ba="0,1" sc="430,-15,180,-15,177,15,203,15" hai2="26,27,48,55,59,63,67,70,75,80,92,98,100" hai3="10,14,19,81,85,89,91" /><INIT seed="2,1,1,2,1,59" ten="415,165,192,218" oya="2" hai0="75,60,77,110,129,87,71,50,42,115,68,43,34" hai1="22,105,10,112,51,108,62,65,126,102,32,17,93" hai2="99,53,114,120,23,135,84,95,111,12,94,55,7" hai3="89,124,96,48,11,63,56,69,121,125,100,103,8"/><V78/><F114/><W92/><G121/><T97/><D75/><U2/><E112/><V58/><F120/><W38/><G38/><T70/><D34/><U66/><E32/><V119/><F119/><W3/><G69/><T101/><D115/><U109/><E126/><N who="3" m="48746" /><G48/><T128/><D110/><N who="1" m="42603" /><E105/><V85/><F111/><W46/><G46/><T15/><D15/><U133/><E133/><V29/><F135/><W82/><G82/><N who="0" m="47567" /><D50/><U132/><E132/><V33/><F33/><W107/><G3/><T9/><D9/><N who="3" m="3657" /><G107/><N who="0" m="63919" /><D60/><U83/><E51/><V127/><F127/><W24/><G24/><T36/><D36/><U14/><E62/><V44/><F44/><W80/><G80/><T122/><D122/><U5/><E83/><V116/><F12/><W118/><G118/><T18/><D18/><U67/><E67/><AGARI ba="1,1" hai="56,63,67,89,92,96,100,103" m="3657,48746" machi="67" ten="30,2000,0" yaku="18,1,52,1" doraHai="59" who="3" fromWho="1" sc="415,0,165,-23,192,0,218,33" /><INIT seed="3,0,0,1,5,37" ten="415,142,192,251" oya="3" hai0="116,123,4,48,19,115,68,97,46,100,15,111,50" hai1="71,90,22,66,16,95,59,54,119,34,49,121,94" hai2="43,125,134,21,24,39,45,64,128,10,109,41,31" hai3="6,83,133,98,120,101,27,44,60,33,127,14,8"/><W93/><G120/><T114/><D116/><U104/><E121/><V130/><F109/><W69/><G133/><T23/><D68/><U56/><E104/><V80/><F134/><W32/><G127/><T73/><D73/><U30/><E119/><V135/><F135/><W63/><G83/><T7/><D123/><U117/><E117/><V70/><F125/><W126/><G126/><T55/><D111/><U96/><E34/><V25/><F64/><W2/><G44/><T67/><D67/><U113/><E113/><N who="0" m="43017" /><D50/><U26/><E71/><V76/><F70/><W112/><G112/><T3/><D3/><U131/><E131/><N who="2" m="50219" /><F45/><W106/><G2/><T110/><D110/><U5/><E5/><V85/><F39/><W29/><G33/><T124/><D124/><U107/><E107/><AGARI ba="0,0" hai="4,7,15,19,23,46,48,55,97,100,107" m="43017" machi="107" ten="30,1000,0" yaku="11,1" doraHai="37" who="0" fromWho="1" sc="415,10,142,-10,192,0,251,0" /><INIT seed="4,0,0,3,3,21" ten="425,132,192,251" oya="0" hai0="63,101,24,75,4,87,68,50,93,78,96,133,72" hai1="16,46,82,130,97,45,26,92,9,112,69,71,95" hai2="67,99,59,1,121,14,128,103,113,17,127,79,123" hai3="135,134,53,74,58,5,7,55,111,25,35,117,108"/><T32/><D133/><N who="3" m="50697" /><G117/><T106/><D4/><N who="3" m="1609" /><G74/><T10/><D10/><U51/><E130/><V107/><F128/><W0/><G0/><T66/><D50/><U81/><E112/><V65/><F1/><W18/><G55/><T126/><D126/><U22/><E71/><V100/><F127/><W76/><G76/><T118/><D118/><U64/><E69/><V39/><F39/><W86/><G86/><T56/><D56/><U61/><E9/><V23/><F113/><W88/><G88/><N who="0" m="53407" /><D78/><U41/><E46/><V120/><F79/><W15/><G53/><T116/><D116/><U104/><E104/><V49/><F59/><W114/><G58/><T83/><D83/><U30/><E30/><AGARI ba="0,0" hai="24,30,32,63,66,68,72,75,96,101,106" m="53407" machi="30" ten="30,5800,0" yaku="25,1,52,1,54,1" doraHai="21" who="0" fromWho="1" sc="425,58,132,-58,192,0,251,0" /><INIT seed="4,1,0,1,3,72" ten="483,74,192,251" oya="0" hai0="76,130,106,8,68,126,55,62,38,3,111,64,24" hai1="56,57,10,15,84,108,11,129,25,1,42,133,92" hai2="89,109,59,43,19,14,120,79,54,12,53,33,30" hai3="101,35,96,71,114,119,39,75,34,7,29,122,17"/><T93/><D106/><U70/><E70/><V47/><F120/><W118/><G71/><T117/><D117/><U127/><E108/><V91/><F109/><W48/><G75/><T94/><D111/><U66/><E133/><V52/><F33/><W107/><G39/><T100/><D130/><U45/><E129/><V88/><F30/><W69/><G69/><T95/><D126/><U20/><E127/><V0/><F0/><W135/><G135/><T124/><D38/><U44/><E1/><V86/><F59/><W46/><G122/><T58/><D124/><U23/><E10/><V50/><F19/><W103/><G114/><T41/><D41/><U125/><E125/><V31/><F31/><W134/><G134/><T61/><D24/><U6/><E23/><V73/><F73/><W82/><G7/><T26/><D26/><U21/><E21/><V27/><F27/><W77/><G101/><T74/><D100/><U18/><E66/><V123/><F123/><W32/><G17/><T116/><D116/><U60/><E60/><V51/><F50/><W131/><G29/><T121/><D121/><U78/><E92/><V49/><F49/><W4/><G4/><T63/><D63/><U112/><E112/><V67/><F67/><W80/><G131/><T113/><D113/><U9/><E9/><V83/><AGARI ba="1,0" hai="12,14,43,47,51,52,53,54,79,83,86,88,89,91" machi="83" ten="40,8000,1" yaku="0,1,8,1,52,1,54,2" doraHai="72" who="2" fromWho="2" sc="483,-41,74,-21,192,83,251,-21" /><INIT seed="5,0,0,3,0,34" ten="442,53,275,230" oya="1" hai0="54,18,100,115,24,93,36,125,4,89,129,104,26" hai1="60,83,17,85,86,58,91,117,35,13,43,37,105" hai2="46,123,98,70,10,31,124,66,76,44,130,94,12" hai3="88,29,64,108,41,6,87,7,112,72,121,82,56"/><U109/><E117/><V81/><F123/><W39/><G121/><T119/><D36/><U20/><E105/><V40/><F124/><W127/><G108/><T80/><D119/><U59/><E35/><V111/><F111/><W95/><G127/><T32/><D125/><U27/><E109/><V5/><F130/><W134/><G134/><T30/><D129/><U73/><E73/><V28/><F66/><W22/><G112/><T135/><D115/><U3/><E3/><V11/><F11/><W33/><G33/><T14/><D135/><U106/><E106/><V65/><F65/><W96/><G72/><T102/><D4/><U75/><E75/><V78/><F70/><W97/><G41/><T101/><D26/><U8/><E37/><V67/><F67/><W23/><G39/><T50/><D80/><U74/><E74/><V133/><F133/><W2/><G2/><T120/><D104/><U55/><E43/><V107/><F107/><W92/><G92/><T90/><D93/><U53/><E85/><N who="2" m="48295" /><F78/><N who="3" m="46551" /><G97/><T116/><D116/><U51/><REACH who="1" step="1"/><E8/><REACH who="1" ten="442,43,275,230" step="2"/><V118/><F118/><W57/><G96/><T25/><D120/><U15/><AGARI ba="0,1" hai="13,15,17,20,27,51,53,55,58,59,60,83,86,91" machi="15" ten="30,12000,1" yaku="1,1,2,1,0,1,8,1,53,1" doraHai="34" doraHaiUra="79" who="1" fromWho="1" sc="442,-40,43,130,275,-40,230,-40" /><INIT seed="5,1,0,4,5,24" ten="402,173,235,190" oya="1" hai0="98,0,134,53,116,111,75,2,56,114,7,50,49" hai1="20,71,81,121,110,22,9,16,62,100,48,73,66" hai2="67,29,127,4,108,64,131,11,45,23,43,96,128" hai3="3,130,35,106,55,125,86,101,68,105,25,51,107"/><U59/><E121/><V82/><F108/><W113/><G3/><T21/><D75/><U17/><E110/><V5/><F127/><W6/><G6/><T88/><D111/><U90/><E100/><V95/><F82/><W104/><G68/><T39/><D39/><U120/><E120/><V119/><F119/><W30/><G125/><T122/><D122/><U79/><E90/><V31/><F23/><W12/><G113/><T26/><D116/><U70/><E9/><V32/><F32/><W109/><G109/><T18/><D114/><U117/><E117/><V52/><F4/><W123/><G123/><T102/><D134/><U74/><E74/><V77/><F77/><W54/><G130/><N who="2" m="49705" /><F52/><W37/><G37/><T65/><D65/><N who="2" m="25162" /><F43/><W42/><G12/><T78/><D78/><U89/><E89/><N who="2" m="55407" /><F45/><W44/><REACH who="3" step="1"/><G86/><REACH who="3" ten="402,173,235,180" step="2"/><T129/><D129/><U33/><E33/><V118/><F118/><W38/><G38/><T46/><D7/><U41/><E41/><V60/><F60/><W47/><G47/><T132/><D0/><AGARI ba="1,1" hai="0,5,11,29,31" m="55407,25162,49705" machi="0" ten="30,3900,0" yaku="19,1,52,2" doraHai="24" who="2" fromWho="0" sc="402,-42,173,0,235,52,180,0" /><INIT seed="6,0,0,4,2,128" ten="360,173,287,180" oya="2" hai0="91,98,26,106,50,118,73,35,22,60,96,37,72" hai1="131,8,36,39,15,41,94,125,123,109,108,4,48" hai2="42,6,52,55,67,40,12,62,120,130,78,19,9" hai3="64,16,107,46,44,81,53,61,86,38,3,32,114"/><V87/><F120/><W116/><G116/><T95/><D37/><U31/><E131/><V23/><F130/><W88/><G3/><T100/><D118/><U105/><E105/><V83/><F40/><W7/><G32/><T122/><D122/><U126/><E123/><V132/><F132/><W0/><G107/><T34/><D34/><U59/><E31/><V93/><F42/><W51/><G114/><T57/><D50/><U56/><E94/><V24/><REACH who="2" step="1"/><F93/><REACH who="2" ten="360,173,277,180" step="2"/><W77/><G38/><N who="1" m="14378" /><E108/><V5/><F5/><W121/><G7/><T63/><D35/><U33/><E33/><V117/><F117/><W82/><G121/><T54/><D63/><U92/><E92/><V69/><AGARI ba="0,1" hai="6,9,12,19,23,24,52,55,62,67,69,78,83,87" machi="69" ten="20,7800,0" yaku="1,1,0,1,7,1,54,1,53,0" doraHai="128" doraHaiUra="103" who="2" fromWho="2" sc="360,-26,173,-26,277,88,180,-26" /><INIT seed="6,1,0,0,0,74" ten="334,147,365,154" oya="2" hai0="122,130,9,128,69,127,14,91,106,58,60,116,1" hai1="78,40,79,59,55,47,29,97,123,35,11,101,63" hai2="33,81,42,85,2,87,126,36,26,98,114,75,52" hai3="83,72,68,84,82,50,76,28,66,111,34,0,19"/><V62/><F114/><W135/><G0/><T109/><D122/><U107/><E123/><V17/><F2/><W64/><G111/><T54/><D109/><U99/><E11/><V94/><F126/><W5/><G5/><T53/><D106/><U86/><E86/><V104/><F104/><W88/><G135/><T6/><D127/><U41/><E99/><V77/><F42/><W4/><G4/><T44/><D116/><U113/><E113/><V61/><F36/><W56/><G68/><T102/><D102/><U30/><E41/><V92/><F92/><W129/><G129/><T89/><D69/><U16/><E16/><V121/><F121/><W124/><G124/><T8/><D44/><U37/><REACH who="1" step="1"/><E29/><REACH who="1" ten="334,137,365,154" step="2"/><V27/><F87/><W7/><G19/><T132/><D9/><U95/><E95/><V65/><F85/><W131/><G131/><T67/><D128/><U57/><E57/><V23/><F27/><AGARI ba="1,1" hai="27,30,35,37,40,47,55,59,63,78,79,97,101,107" machi="27" ten="40,8000,1" yaku="1,1,52,2,53,1" doraHai="74" doraHaiUra="48" who="1" fromWho="2" sc="334,0,137,93,365,-83,154,0" /><INIT seed="7,0,0,5,3,56" ten="334,230,282,154" oya="3" hai0="114,130,76,66,1,90,6,27,75,21,127,38,34" hai1="41,49,22,14,86,69,12,33,91,128,122,97,78" hai2="17,65,62,71,10,133,32,31,20,7,3,35,125" hai3="51,84,94,11,19,119,55,30,82,70,46,124,79"/><W113/><G119/><T36/><D34/><U134/><E69/><V112/><F112/><W24/><G70/><T58/><D90/><U126/><E33/><V111/><F111/><W48/><G113/><T92/><D114/><U67/><E122/><V110/><F110/><W118/><G118/><T99/><D127/><U85/><E126/><V100/><F125/><W61/><G124/><T26/><D26/><U16/><E134/><V25/><F133/><W29/><G94/><T77/><D130/><U4/><E67/><V9/><F100/><W0/><G0/><T2/><D6/><U101/><E128/><V117/><F117/><W50/><G30/><N who="0" m="17775" /><D75/><U63/><E63/><V42/><F42/><W131/><G131/><T102/><D36/><U5/><E78/><N who="0" m="30313" /><D38/><U64/><E64/><V83/><F83/><W8/><G61/><AGARI ba="0,0" hai="1,2,58,61,66,92,99,102" m="30313,17775" machi="61" ten="30,2000,0" yaku="25,1,52,1" doraHai="56" who="0" fromWho="3" sc="334,20,230,0,282,0,154,-20" owari="354,45.4,230,-17.0,282,8.2,134,-36.6" /></mjloggm>