<mjloggm ver="2.3"><GO type="169" lobby="0"/><UN n0="%43%68%69%39%77%61" n1="%79%61%63%68%69%33%35%38" n2="%E6%9C%AA%E6%9D%A5%E5%B0%91%E5%B9%B4" n3="%E3%81%95%E3%81%8B%E3%81%8D" dan="17,16,16,17" rate="2107.51,2103.71,2162.28,2225.11" sx="M,M,F,M"/><TAIKYOKU oya="0"/><INIT seed="0,0,0,2,3,121" ten="250,250,250,250" oya="0" hai0="2,77,117,22,9,116,12,109,110,106,97,69,31" hai1="56,0,89,105,28,132,47,41,61,52,100,42,73" hai2="38,64,99,6,135,107,8,58,37,48,14,123,44" hai3="63,94,10,36,26,134,18,70,65,32,104,68,95"/><T50/><D69/><U25/><E132/><V108/><F123/><W75/><G75/><T13/><D77/><U3/><E73/><V62/><F135/><W57/><G134/><T126/><D126/><U122/><E122/><V102/><REACH who="2" step="1"/><F108/><REACH who="2" ten="250,250,240,250" step="2"/><N who="0" m="41578" /><D117/><U130/><E130/><V59/><F59/><W119/><G119/><T5/><D116/><U114/><E114/><V19/><F19/><W34/><G68/><T111/><N who="0" m="41586" /><T113/><DORA hai="85" /><D113/><U35/><E0/><V79/><F79/><W98/><G57/><T11/><D11/><U86/><E3/><V131/><F131/><W93/><G10/><T133/><D133/><U66/><E47/><V7/><F7/><W92/><G18/><T127/><D127/><U101/><E56/><V40/><AGARI ba="0,1" hai="6,8,14,37,38,40,44,48,58,62,64,99,102,107" machi="40" ten="20,5200,0" yaku="1,1,0,1,7,1,53,1" doraHai="121,85" doraHaiUra="88,103" who="2" fromWho="2" sc="250,-26,250,-13,240,62,250,-13" /><INIT seed="1,0,0,0,0,81" ten="224,237,302,237" oya="1" hai0="110,21,34,84,55,128,73,20,116,127,106,122,114" hai1="0,115,103,13,45,100,61,77,52,24,43,60,124" hai2="83,126,108,26,94,65,16,42,132,58,62,36,71" hai3="19,67,23,131,92,10,98,70,93,5,64,80,44"/><U32/><E115/><V134/><F108/><W118/><G131/><T17/><RYUUKYOKU type="yao9" ba="0,0" sc="224,0,237,0,302,0,237,0" hai0="17,20,21,34,55,73,84,106,110,114,116,122,127,128" /><INIT seed="1,1,0,5,5,52" ten="224,237,302,237" oya="1" hai0="36,50,70,10,3,113,76,86,101,116,118,43,120" hai1="60,64,85,45,127,47,114,5,89,129,42,49,91" hai2="90,126,4,134,15,83,80,106,102,96,34,74,81" hai3="37,0,29,68,125,59,124,54,23,111,25,103,55"/><U133/><E114/><V19/><F34/><W72/><G72/><T94/><D113/><U130/><E127/><N who="3" m="48714" /><G68/><T62/><D36/><N who="1" m="21703" /><E5/><V82/><F126/><W98/><G0/><T40/><D120/><U16/><E85/><N who="2" m="50495" /><F19/><W21/><G37/><T22/><D3/><U51/><E16/><V105/><F15/><W28/><G111/><T121/><D10/><U93/><E93/><N who="2" m="58639" /><F4/><W119/><G119/><T48/><D121/><U58/><E91/><V92/><F134/><W12/><G12/><T109/><D109/><U26/><E89/><V110/><F110/><W87/><G87/><T41/><D116/><U33/><E33/><V17/><F17/><N who="3" m="12463" /><G23/><T44/><D22/><U84/><E84/><V61/><F61/><N who="3" m="36087" /><G55/><T75/><D86/><U31/><E31/><V132/><F132/><W128/><G128/><N who="1" m="49258" /><E26/><V123/><F123/><W135/><G135/><T14/><D118/><U30/><E30/><V32/><F32/><W100/><G100/><T57/><D14/><U46/><E133/><V9/><F9/><W67/><G67/><T27/><D27/><U104/><E104/><AGARI ba="1,0" hai="28,29,98,103,104" m="36087,12463,48714" machi="104" ten="30,2000,0" yaku="18,1,52,1" doraHai="52" who="3" fromWho="1" sc="224,0,237,-23,302,0,237,23" /><INIT seed="2,0,0,0,2,1" ten="224,214,302,260" oya="2" hai0="11,46,94,83,48,23,74,129,58,44,35,102,26" hai1="61,117,101,131,89,50,65,122,63,41,27,77,91" hai2="14,37,21,100,18,110,126,93,135,47,112,67,20" hai3="107,109,97,53,79,114,84,55,133,25,82,19,33"/><V49/><F112/><W54/><G114/><T123/><D123/><U4/><E117/><V62/><F126/><W73/><G109/><T70/><D70/><U125/><E122/><V68/><F135/><W118/><G118/><T120/><D35/><U34/><E125/><V42/><F110/><W86/><G133/><T2/><D129/><U80/><E131/><V105/><F105/><W66/><G66/><T28/><D120/><U39/><E61/><V29/><F100/><W132/><G132/><T111/><D111/><U15/><E39/><V116/><F116/><W72/><G72/><T31/><D31/><U13/><E13/><V121/><F121/><W85/><G19/><T119/><D74/><U57/><E101/><V36/><REACH who="2" step="1"/><F93/><REACH who="2" ten="224,214,292,260" step="2"/><W7/><G107/><T108/><D94/><U22/><E34/><V98/><F98/><W30/><G97/><T10/><D102/><U59/><E80/><V69/><F69/><W104/><G104/><T90/><D108/><U113/><E113/><V40/><F40/><W5/><AGARI ba="0,1" hai="5,7,25,30,33,53,54,55,73,79,82,84,85,86" machi="5" ten="40,5200,0" yaku="0,1,52,2" doraHai="1" who="3" fromWho="3" sc="224,-13,214,-13,292,-26,260,62" /><INIT seed="3,0,0,0,1,120" ten="211,201,266,322" oya="3" hai0="10,105,2,123,39,53,95,41,127,0,28,131,46" hai1="4,78,27,52,125,79,89,90,132,134,76,92,32" hai2="103,66,108,124,82,69,97,55,62,5,102,56,3" hai3="113,26,17,48,45,30,111,128,75,112,42,93,16"/><W29/><G75/><T116/><D123/><U37/><E37/><V80/><F124/><W24/><G128/><T72/><D116/><U118/><E4/><V67/><F108/><W86/><G111/><T33/><D131/><U87/><E32/><V74/><F103/><W121/><G121/><T35/><D95/><U23/><E125/><V20/><F74/><W109/><G109/><T14/><D53/><U91/><E118/><V135/><F135/><W60/><G60/><T12/><D12/><U18/><E134/><V47/><F67/><W1/><G1/><T101/><D14/><U44/><REACH who="1" step="1"/><E132/><REACH who="1" ten="211,191,266,322" step="2"/><V85/><F5/><W115/><G115/><T43/><D33/><U98/><E98/><V36/><F97/><W73/><G113/><T99/><D35/><U19/><E19/><V114/><F114/><W70/><G112/><T21/><D39/><U94/><E94/><V40/><F36/><W81/><G93/><T107/><D99/><U84/><E84/><V8/><F85/><W77/><G73/><T9/><D72/><U119/><E119/><V11/><F3/><W64/><G29/><T68/><D28/><U31/><E31/><V122/><F122/><W96/><G96/><T106/><D127/><U22/><E22/><V110/><F20/><W49/><G30/><T50/><D0/><U57/><E57/><V133/><F133/><W88/><G16/><T129/><D2/><U104/><E104/><V59/><F110/><W65/><G17/><T6/><D106/><U54/><E54/><V13/><F56/><W58/><G86/><T7/><D21/><RYUUKYOKU ba="0,1" sc="211,-10,191,30,266,-10,322,-10" hai1="18,23,27,44,52,76,78,79,87,89,90,91,92" /><INIT seed="4,1,1,1,4,96" ten="201,221,256,312" oya="0" hai0="121,68,123,38,86,43,129,134,29,79,23,58,22" hai1="7,3,50,39,88,107,14,128,37,57,2,102,80" hai2="44,61,104,40,0,124,90,65,25,49,135,114,109" hai3="60,103,119,133,42,19,100,11,66,20,17,9,73"/><T55/><D68/><U115/><E14/><V36/><F109/><W132/><G119/><T54/><D129/><U6/><E57/><V82/><F0/><N who="1" m="41" /><E50/><V83/><F104/><W45/><G73/><T46/><D134/><N who="3" m="51817" /><G9/><T70/><D70/><U75/><E128/><V72/><F135/><W81/><G81/><T116/><D116/><U30/><E30/><V112/><F124/><W15/><G60/><T125/><D125/><U41/><E6/><V52/><F25/><N who="3" m="14479" /><G66/><T69/><D22/><U89/><E7/><V48/><F72/><W78/><G78/><T84/><D79/><N who="1" m="44159" /><E89/><V76/><F90/><W113/><G113/><N who="2" m="43625" /><F76/><W31/><G31/><T97/><D29/><U27/><E88/><V85/><F85/><W16/><G19/><T18/><D86/><U53/><E27/><V51/><F65/><W98/><G98/><T126/><D84/><U33/><E115/><V130/><F130/><W64/><G64/><T71/><D126/><U13/><E13/><V63/><F63/><W32/><G32/><T99/><D99/><U117/><E33/><V26/><F26/><W111/><G111/><T127/><D97/><U118/><E118/><V62/><F62/><W93/><G93/><T56/><D127/><U74/><E74/><V95/><F95/><W108/><G108/><T59/><D18/><U106/><E117/><V92/><F92/><W131/><G131/><T1/><D1/><U10/><E107/><V4/><F4/><W34/><G34/><T24/><D24/><U21/><E106/><V47/><F61/><W5/><G5/><T122/><D23/><RYUUKYOKU ba="1,1" sc="201,10,221,-30,256,10,312,10" hai0="38,43,46,54,55,56,58,59,69,71,121,122,123" hai2="36,40,44,47,48,49,51,52,82,83" hai3="11,15,16,42,45,100,103" /><INIT seed="4,2,1,3,4,122" ten="211,191,266,322" oya="0" hai0="78,57,18,99,4,102,2,41,13,16,66,80,59" hai1="53,55,77,23,49,73,128,32,60,6,76,132,0" hai2="1,87,83,94,45,100,117,104,62,115,37,31,91" hai3="101,25,28,14,11,90,121,21,40,39,108,5,35"/><T63/><D2/><U38/><E32/><V111/><F1/><W131/><G101/><T50/><D4/><U10/><E38/><V113/><F31/><W120/><G90/><T46/><D59/><N who="1" m="34927" /><E73/><V118/><F62/><W109/><G131/><T127/><D127/><U27/><E0/><V130/><F45/><N who="3" m="23711" /><G21/><T71/><D71/><U106/><E106/><V86/><F37/><W105/><G105/><T93/><REACH who="0" step="1"/><D13/><REACH who="0" ten="201,191,266,322" step="2"/><N who="1" m="5335" /><E128/><V88/><F130/><W9/><G9/><T72/><AGARI ba="2,2" hai="16,18,41,46,50,57,63,66,72,78,80,93,99,102" machi="72" ten="20,12000,1" yaku="1,1,0,1,7,1,54,1,53,1" doraHai="122" doraHaiUra="47" who="0" fromWho="0" sc="201,146,191,-42,266,-42,322,-42" /><INIT seed="4,3,0,5,5,45" ten="347,149,224,280" oya="0" hai0="5,122,131,97,40,77,12,94,112,130,22,32,123" hai1="110,11,111,19,90,43,91,72,15,119,59,99,66" hai2="96,1,27,57,51,68,118,7,117,36,54,133,114" hai3="0,61,135,30,76,48,78,134,26,95,42,49,31"/><T81/><D32/><U109/><E119/><N who="2" m="45579" /><F114/><W129/><G0/><T98/><D40/><U52/><E72/><V101/><F133/><N who="3" m="50699" /><G129/><N who="0" m="49163" /><D22/><U41/><E66/><V85/><F68/><W3/><G3/><T116/><D12/><U14/><E14/><V74/><F74/><W18/><G42/><T53/><D5/><U23/><E11/><N who="2" m="2543" /><F36/><W75/><G61/><T125/><D53/><U47/><E99/><N who="0" m="37897" /><D116/><U82/><E82/><V16/><F85/><W63/><G63/><T120/><D112/><U88/><REACH who="1" step="1"/><E47/><REACH who="1" ten="347,139,224,280" step="2"/><V6/><F6/><W65/><G65/><T89/><D125/><U4/><E4/><V17/><F27/><W71/><G75/><N who="0" m="43199" /><D122/><U58/><E58/><V9/><F9/><W106/><G71/><T84/><AGARI ba="3,1" hai="84,89,94,120,123" m="43199,37897,49163" machi="84" ten="30,6000,0" yaku="19,1,34,2" doraHai="45" who="0" fromWho="0" sc="347,79,139,-23,224,-23,280,-23" /><INIT seed="4,4,0,2,0,53" ten="426,116,201,257" oya="0" hai0="99,112,97,100,102,85,40,8,9,132,115,79,14" hai1="107,0,57,108,126,45,46,19,22,58,27,130,124" hai2="109,81,37,60,93,20,74,26,80,73,131,128,87" hai3="59,16,33,119,55,38,69,83,123,24,78,7,52"/><T56/><D132/><U31/><E108/><V36/><F109/><W63/><G119/><T12/><D40/><U103/><E0/><V68/><F93/><W92/><G38/><N who="2" m="14953" /><F68/><W48/><G123/><T105/><D85/><U62/><E107/><V134/><F60/><W43/><G33/><T13/><D79/><U29/><E103/><N who="0" m="39465" /><D56/><N who="1" m="21611" /><E62/><V15/><F15/><W106/><G106/><T23/><D23/><U25/><E130/><N who="2" m="49707" /><F134/><W71/><G43/><T44/><D105/><U77/><E77/><N who="2" m="46511" /><F80/><W120/><G92/><T42/><D8/><U39/><E39/><V65/><F65/><W135/><G135/><T5/><D9/><U47/><E126/><V67/><F67/><W34/><G120/><T21/><D21/><N who="1" m="15535" /><E124/><V30/><AGARI ba="4,0" hai="20,26,30,73,74" m="46511,49707,14953" machi="30" ten="30,1100,0" yaku="19,1" doraHai="53" who="2" fromWho="2" sc="426,-9,116,-7,201,23,257,-7" /><INIT seed="5,0,0,0,3,25" ten="417,109,224,250" oya="1" hai0="95,96,112,54,34,42,66,16,36,71,84,79,50" hai1="21,58,31,100,32,102,39,55,17,134,106,87,60" hai2="45,12,19,13,10,117,63,1,20,26,68,135,107" hai3="28,105,64,49,83,130,3,67,125,56,38,98,76"/><U37/><E134/><V41/><F107/><W2/><G38/><T104/><D34/><U82/><E39/><V92/><F117/><W119/><G2/><T85/><D104/><U110/><E37/><V74/><F74/><W40/><G3/><T5/><D5/><U121/><E121/><V62/><F135/><W97/><G130/><T80/><D112/><U65/><E110/><V51/><F68/><W46/><G125/><T91/><D36/><U129/><E129/><V99/><F1/><W24/><G119/><T120/><D42/><U47/><E106/><V9/><F13/><W88/><G56/><T108/><D108/><U48/><E32/><V29/><REACH who="2" step="1"/><F10/><REACH who="2" ten="417,109,214,250" step="2"/><W52/><G105/><T4/><D71/><U44/><E44/><V122/><F122/><W30/><G24/><T23/><D120/><U116/><E116/><V59/><F59/><W43/><G43/><T35/><D85/><U123/><E123/><V109/><F109/><W22/><G40/><T111/><D84/><U86/><E86/><V6/><F6/><W118/><G118/><T14/><D4/><U75/><E75/><V78/><F78/><W61/><G76/><T27/><D79/><N who="1" m="46559" /><E31/><V131/><F131/><W0/><G0/><T127/><D111/><U70/><E70/><V57/><F57/><N who="3" m="36911" /><G28/><T101/><D127/><U77/><E77/><V69/><F69/><W132/><G132/><T103/><D14/><AGARI ba="0,1" hai="14,17,21,47,48,55,58,60,65,100,102" m="46559" machi="14" ten="30,1500,0" yaku="8,1" doraHai="25" who="1" fromWho="0" sc="417,-15,109,25,214,0,250,0" /><INIT seed="5,1,0,1,3,20" ten="402,134,214,250" oya="1" hai0="116,19,105,33,15,71,134,83,122,129,42,23,97" hai1="52,133,76,6,113,115,120,39,2,49,8,13,56" hai2="135,89,95,10,121,38,80,16,66,54,84,98,43" hai3="104,74,27,37,31,65,5,55,132,87,53,99,22"/><U128/><E120/><V127/><F121/><W93/><G74/><T91/><D122/><U61/><E39/><V48/><F135/><W72/><G72/><T64/><D116/><U131/><E133/><V106/><F127/><W82/><G104/><T90/><D134/><U124/><E124/><V32/><F32/><W92/><G37/><T7/><D33/><U28/><E76/><V81/><F38/><W103/><G5/><T100/><D42/><U59/><E2/><V108/><F43/><W3/><G3/><T73/><D129/><U102/><E102/><V41/><F41/><W50/><G65/><T44/><D44/><U62/><E28/><V111/><F66/><W35/><G35/><T94/><D7/><U12/><E49/><V47/><F106/><W60/><G60/><T117/><D117/><U14/><E6/><V96/><F96/><N who="3" m="59783" /><G50/><T21/><D71/><U77/><E77/><V126/><F81/><W29/><G29/><T9/><D64/><N who="1" m="38951" /><E8/><V69/><F69/><W67/><G67/><T125/><D125/><U109/><E109/><V86/><F126/><W26/><G26/><T51/><D51/><U30/><E30/><V63/><F63/><W79/><G132/><T70/><D70/><U85/><E85/><V68/><F68/><W45/><G45/><T17/><D73/><U119/><E119/><V75/><F75/><W123/><G123/><T101/><D105/><U58/><E58/><V118/><F118/><W18/><G31/><T24/><D100/><AGARI ba="1,0" hai="18,22,27,53,55,79,82,87,93,99,100" m="59783" machi="100" ten="30,2000,0" yaku="8,1,52,1" doraHai="20" who="3" fromWho="0" sc="402,-23,134,0,214,0,250,23" /><INIT seed="6,0,0,2,1,16" ten="379,134,214,273" oya="2" hai0="61,77,54,78,51,71,125,36,29,96,126,135,57" hai1="89,24,65,109,33,11,5,92,75,3,80,10,95" hai2="13,123,37,12,22,2,104,45,102,113,60,103,118" hai3="76,27,111,18,14,83,94,74,6,106,99,131,87"/><V17/><F118/><W85/><G111/><T116/><D36/><U35/><E109/><V58/><F123/><W68/><G68/><T34/><D135/><U129/><E129/><V4/><F113/><W1/><G131/><T62/><D116/><U122/><E122/><V28/><F2/><W88/><G27/><N who="0" m="18751" /><D96/><U101/><E65/><V53/><F104/><W21/><REACH who="3" step="1"/><G106/><REACH who="3" ten="379,134,214,263" step="2"/><T32/><D71/><U120/><E120/><V50/><F37/><W97/><G97/><T100/><D126/><U127/><E127/><V112/><F112/><W70/><G70/><T38/><D125/><U48/><E24/><V44/><F28/><W55/><G55/><T7/><D54/><U79/><E48/><V90/><F50/><W64/><G64/><T114/><D114/><U26/><E26/><V117/><F117/><W119/><G119/><T39/><D39/><U40/><E40/><V23/><F45/><W25/><G25/><T8/><D38/><U132/><E132/><V0/><F44/><W108/><G108/><T46/><D46/><U134/><E134/><V124/><F124/><W91/><G91/><T69/><D69/><U84/><E35/><V42/><F42/><W52/><G52/><T73/><D32/><U56/><E33/><V93/><F90/><W72/><G72/><T128/><D73/><U105/><E105/><V41/><F41/><W86/><G86/><T98/><D128/><U59/><E11/><AGARI ba="0,1" hai="1,6,11,14,18,21,74,76,83,85,87,88,94,99" machi="11" ten="40,5200,0" yaku="1,1,52,1,54,1,53,0" doraHai="16" doraHaiUra="47" who="3" fromWho="1" sc="379,0,134,-52,214,0,263,62" /><INIT seed="7,0,0,4,2,133" ten="379,82,214,325" oya="3" hai0="79,83,116,81,13,25,20,9,125,74,132,65,71" hai1="113,90,58,0,122,67,2,60,41,96,21,24,54" hai2="43,107,82,135,33,124,42,51,88,55,47,72,97" hai3="59,93,22,49,68,36,89,32,23,26,61,100,46"/><W8/><G32/><T106/><D116/><U52/><E122/><V16/><F135/><W99/><G36/><T80/><D132/><U18/><E113/><V98/><F33/><W78/><G68/><T62/><D125/><U131/><E131/><V91/><F72/><W85/><G78/><T56/><D106/><U30/><E41/><N who="2" m="15371" /><F124/><W120/><G120/><T66/><D66/><U57/><E67/><V87/><F107/><W111/><G111/><T40/><D40/><U39/><E39/><V117/><F117/><W3/><G3/><T19/><D56/><U4/><E4/><AGARI ba="0,0" hai="4,9,13,19,20,25,62,65,71,74,79,80,81,83" machi="4" ten="30,1000,0" yaku="7,1" doraHai="133" who="0" fromWho="1" sc="379,10,82,-10,214,0,325,0" owari="389,48.9,72,-42.8,214,-18.6,325,12.5" /></mjloggm>