<mjloggm ver="2.3"><GO type="169" lobby="0"/><UN n0="%E5%AE%8C%E5%85%A8%E5%AE%89%E7%89%8C" n1="%E2%91%A3%E9%81%BF%E9%81%8A%E6%88%AF%E3%80%90%E6%9D%B1%E5%8D%97%E3%80%91" n2="%E5%BE%B3%E4%B9%83%E7%A5%9E" n3="%E3%82%B1%E3%82%A4%E3%83%AD%E3%83%B3" dan="17,17,17,16" rate="2176.30,2152.31,2151.81,2125.28" sx="M,M,M,M"/><TAIKYOKU oya="0"/><INIT seed="0,0,0,0,4,23" ten="250,250,250,250" oya="0" hai0="49,127,104,47,40,115,9,71,74,103,0,77,91" hai1="28,52,8,16,79,119,135,14,20,48,129,106,64" hai2="133,44,122,92,93,21,32,110,66,90,38,13,59" hai3="114,5,88,95,117,46,96,12,69,54,121,57,33"/><T18/><D115/><U63/><E119/><V76/><F110/><W100/><G117/><T82/><D127/><U120/><E120/><V37/><F32/><W45/><G69/><T78/><D71/><U99/><E79/><V19/><F122/><W101/><G114/><T113/><D113/><U56/><E135/><V35/><F35/><W62/><G33/><T84/><D74/><U15/><E129/><V130/><F130/><W111/><G111/><T2/><D18/><U85/><E106/><V22/><F133/><W29/><G29/><T36/><D36/><U132/><E132/><V43/><F76/><W131/><G131/><T61/><D0/><U75/><E75/><V94/><F38/><W123/><G121/><T107/><D61/><U87/><E99/><V125/><F125/><W112/><G112/><T65/><D65/><U7/><E28/><V68/><F68/><AGARI ba="0,0" hai="7,8,14,15,16,20,48,52,56,63,64,68,85,87" machi="68" ten="30,3900,0" yaku="7,1,54,2" doraHai="23" who="1" fromWho="2" sc="250,0,250,39,250,-39,250,0" /><INIT seed="1,0,0,3,5,37" ten="250,289,211,250" oya="1" hai0="22,33,93,9,97,11,109,84,57,24,113,19,61" hai1="75,44,94,132,130,12,38,63,112,21,15,79,4" hai2="134,71,77,49,64,90,18,42,87,70,82,81,28" hai3="131,17,13,118,114,53,35,0,88,51,122,86,20"/><U74/><E112/><V106/><F134/><W126/><G122/><T62/><D109/><U95/><E132/><V10/><F106/><W67/><G114/><T127/><D127/><U111/><E111/><V107/><F107/><W45/><G131/><T69/><D113/><U8/><E130/><V59/><F28/><W34/><G126/><T30/><D84/><U27/><E15/><V56/><F70/><W66/><G0/><T3/><D69/><U32/><E32/><V6/><F71/><W100/><G118/><T1/><D11/><U133/><E63/><V36/><F36/><W85/><G100/><T43/><D43/><U31/><E133/><V91/><F18/><W29/><G29/><T68/><D68/><U72/><REACH who="1" step="1"/><E79/><REACH who="1" ten="250,279,211,250" step="2"/><V54/><F77/><W76/><G35/><T115/><D61/><U103/><E103/><V96/><F6/><W46/><G34/><T116/><D115/><U124/><E124/><V40/><F90/><W55/><G76/><T101/><D116/><U2/><E2/><V58/><F64/><W121/><G121/><T7/><D3/><U47/><E47/><V125/><F125/><W129/><G129/><T105/><D33/><U25/><E25/><V80/><F91/><W48/><G88/><T135/><D135/><U117/><E117/><V123/><F123/><W119/><G119/><T73/><D101/><U89/><E89/><V98/><F98/><W16/><G17/><T41/><D19/><U99/><E99/><V120/><F96/><W92/><G92/><T110/><D93/><U5/><E5/><V26/><F120/><RYUUKYOKU ba="0,1" sc="250,-15,279,15,211,-15,250,15" hai1="4,8,12,21,27,31,38,44,72,74,75,94,95" hai3="13,16,20,45,46,48,51,53,55,66,67,85,86" /><INIT seed="1,1,1,5,0,7" ten="235,294,196,265" oya="1" hai0="89,47,87,62,134,120,70,22,32,100,72,40,58" hai1="34,125,31,128,60,50,116,119,15,126,24,52,99" hai2="130,113,11,132,30,61,115,42,1,131,85,9,8" hai3="37,82,124,39,10,96,45,28,109,2,65,36,54"/><U25/><E60/><V4/><F132/><W93/><G109/><T69/><D32/><U102/><E25/><V121/><F121/><W43/><G28/><T122/><D72/><U57/><E15/><V80/><F42/><W73/><G124/><N who="1" m="47722" /><E128/><N who="2" m="49195" /><F61/><W21/><G21/><T98/><D22/><U107/><AGARI ba="1,1" hai="24,31,34,50,52,57,99,102,107,116,119" m="47722" machi="107" ten="30,3000,0" yaku="18,1,54,1" doraHai="7" who="1" fromWho="1" sc="235,-11,294,43,196,-11,265,-11" /><INIT seed="1,2,0,5,5,110" ten="224,337,185,254" oya="1" hai0="135,130,83,100,22,62,34,55,114,15,79,126,75" hai1="64,87,113,39,131,6,118,112,38,92,73,30,32" hai2="125,78,133,90,18,85,53,71,2,47,33,99,109" hai3="77,103,84,51,134,96,37,88,40,93,10,24,29"/><U60/><E73/><V27/><F109/><W128/><G37/><T1/><D1/><U121/><E121/><V80/><F71/><W42/><G134/><T49/><D34/><U50/><E118/><V4/><F133/><W23/><G128/><T111/><D111/><U116/><E116/><V21/><F125/><W74/><G10/><T7/><D135/><U102/><E131/><V107/><F33/><W119/><G119/><T48/><D130/><U45/><E6/><V41/><F53/><W54/><G77/><T59/><D126/><U70/><E32/><V12/><F2/><W25/><G24/><T115/><D100/><U20/><E39/><V52/><F52/><W46/><REACH who="3" step="1"/><G74/><REACH who="3" ten="224,337,185,244" step="2"/><T63/><D7/><U124/><E38/><V58/><F27/><W13/><G13/><T123/><D123/><U91/><E124/><V5/><F78/><W76/><G76/><T108/><D108/><U57/><E70/><V56/><F5/><W36/><G36/><T14/><D14/><U17/><E30/><V127/><F4/><W101/><G101/><T16/><REACH who="0" step="1"/><D49/><REACH who="0" ten="214,337,185,244" step="2"/><U43/><REACH who="1" step="1"/><E102/><REACH who="1" ten="214,327,185,244" step="2"/><V9/><F127/><W120/><G120/><T122/><D122/><U129/><E129/><V82/><F12/><AGARI ba="2,3" hai="12,17,20,43,45,50,57,60,64,87,91,92,112,113" machi="12" ten="30,11600,0" yaku="1,1,7,1,52,2,53,0" doraHai="110" doraHaiUra="132" who="1" fromWho="2" sc="214,0,327,152,185,-122,244,0" /><INIT seed="1,3,0,4,1,31" ten="214,479,63,244" oya="1" hai0="43,83,19,42,25,74,38,93,80,130,132,70,50" hai1="17,10,110,55,39,32,52,35,107,79,102,121,1" hai2="9,66,7,82,126,106,134,103,21,65,69,54,53" hai3="85,30,133,63,36,8,104,87,22,45,120,33,15"/><U88/><E121/><V129/><F126/><W111/><G104/><T58/><D70/><U51/><E39/><V16/><F129/><W49/><G120/><T64/><D132/><U117/><E117/><V46/><F134/><W28/><G36/><T13/><D74/><U81/><E55/><V14/><F106/><W114/><G111/><T60/><D38/><U90/><E110/><V125/><F125/><W59/><G114/><T5/><D5/><U72/><E107/><V113/><F113/><W47/><G33/><T98/><D25/><U12/><E102/><V57/><F103/><W105/><G105/><T128/><D128/><U76/><E76/><V109/><F69/><W40/><G47/><N who="0" m="25975" /><D43/><U61/><E61/><V77/><F46/><W29/><G22/><N who="0" m="11631" /><D130/><U26/><E1/><V48/><F54/><N who="3" m="34295" /><G133/><T18/><D18/><AGARI ba="3,0" hai="8,15,18,28,29,30,40,45,49,85,87" m="34295" machi="18" ten="30,1000,0" yaku="8,1" doraHai="31" who="3" fromWho="0" sc="214,-19,479,0,63,0,244,19" /><INIT seed="2,0,0,3,0,82" ten="195,479,63,263" oya="2" hai0="54,98,105,119,94,126,10,131,74,93,88,70,22" hai1="114,96,63,107,66,9,55,113,14,39,77,68,47" hai2="95,87,52,45,41,111,40,8,30,76,56,28,32" hai3="69,37,89,20,33,49,64,1,11,62,53,75,120"/><V90/><F111/><W101/><G33/><T97/><D131/><U3/><E77/><V16/><F76/><W42/><G75/><T128/><D128/><U15/><E15/><N who="2" m="7271" /><F32/><W117/><G101/><T79/><D126/><U6/><E14/><V57/><F57/><W71/><G71/><T35/><D35/><U24/><E24/><V85/><F85/><W59/><G117/><T129/><D129/><U51/><REACH who="1" step="1"/><E39/><REACH who="1" ten="195,469,63,263" step="2"/><V58/><F58/><W99/><G59/><T124/><D79/><U27/><E27/><V91/><F91/><W36/><G89/><T19/><D88/><U100/><AGARI ba="0,1" hai="3,6,9,47,51,55,63,66,68,96,100,107,113,114" machi="100" ten="30,4000,0" yaku="1,1,0,1,53,1" doraHai="82" doraHaiUra="102" who="1" fromWho="1" sc="195,-10,469,50,63,-20,263,-10" /><INIT seed="3,0,0,0,4,12" ten="185,519,43,253" oya="3" hai0="96,86,80,105,30,110,58,122,90,15,23,4,52" hai1="85,103,121,118,27,62,109,5,9,11,26,78,91" hai2="98,46,39,63,7,128,132,77,6,60,45,124,89" hai3="134,126,16,13,3,129,21,111,76,70,17,47,18"/><W130/><G70/><T87/><D122/><U66/><E121/><V19/><F124/><W74/><G126/><T94/><D110/><U33/><E118/><V106/><F128/><N who="3" m="49259" /><G3/><T42/><D42/><U43/><E33/><V20/><F77/><W65/><G65/><T37/><D37/><U82/><E109/><V113/><F113/><W22/><G111/><T114/><D114/><U32/><E32/><V93/><F106/><W97/><G134/><T117/><D117/><U57/><E11/><V0/><F132/><W120/><G120/><T75/><D75/><U119/><E119/><V24/><F0/><W92/><G47/><T127/><D127/><U38/><E103/><V50/><F39/><W54/><G54/><T104/><D4/><U49/><E38/><V73/><F73/><W10/><G76/><T40/><D40/><U51/><E91/><V34/><F34/><W64/><G64/><T69/><D69/><U102/><E102/><V2/><F46/><W25/><G74/><T107/><D80/><U8/><E8/><V31/><F31/><N who="3" m="17839" /><G10/><T36/><D36/><U108/><E108/><V56/><F2/><W48/><G48/><N who="1" m="18506" /><E43/><N who="2" m="24895" /><F63/><W71/><G71/><T100/><D30/><U83/><E83/><V41/><F41/><W101/><AGARI ba="0,0" hai="13,16,17,18,22,92,97,101" m="17839,49259" machi="101" ten="30,12000,1" yaku="19,1,52,3,54,1" doraHai="12" who="3" fromWho="3" sc="185,-40,519,-40,43,-40,253,120" /><INIT seed="3,1,0,3,2,33" ten="145,479,3,373" oya="3" hai0="119,53,67,70,126,55,18,77,43,21,3,32,58" hai1="27,98,49,114,12,35,81,75,93,30,11,14,38" hai2="51,28,36,82,110,128,90,116,121,134,57,10,113" hai3="129,117,39,108,9,0,94,91,63,127,41,122,42"/><W60/><G122/><T130/><D32/><U56/><E38/><V37/><F113/><W62/><G117/><T6/><D55/><U16/><E114/><V86/><F116/><W135/><G129/><T2/><D6/><U88/><E75/><V115/><F128/><W125/><G135/><T87/><D43/><N who="3" m="16393" /><G39/><T59/><D59/><U83/><E49/><V74/><F121/><W29/><G29/><T106/><D106/><U92/><E56/><V66/><F115/><W50/><G50/><T54/><D54/><U23/><E93/><V124/><F134/><W101/><G101/><T118/><D67/><U64/><E64/><V133/><F28/><W103/><G103/><T76/><D70/><U84/><E98/><V20/><F133/><W71/><G71/><T19/><D130/><U132/><E132/><V46/><F74/><W40/><N who="3" m="16401" /><W120/><DORA hai="96" /><G120/><T8/><D118/><U100/><E100/><V131/><F131/><W26/><G26/><T85/><D58/><U48/><E48/><V105/><F105/><W61/><G108/><T99/><D119/><U73/><E73/><V89/><F110/><W123/><G123/><T68/><D68/><U52/><E52/><N who="2" m="29815" /><F124/><N who="3" m="47691" /><G63/><T65/><D126/><U72/><E72/><V45/><F45/><W69/><G69/><T13/><D65/><U7/><AGARI ba="1,0" hai="7,11,12,14,16,23,27,30,35,81,83,84,88,92" machi="7" ten="20,5200,0" yaku="0,1,7,1,54,2" doraHai="33,96" who="1" fromWho="1" sc="145,-14,479,55,3,-14,373,-27" owari="131,-26.9,534,63.4,-11,-51.1,346,14.6" /></mjloggm>