<mjloggm ver="2.3"><GO type="169" lobby="0"/><UN n0="%40%6B%6B%6B" n1="%6D%75%72%61%30%2B" n2="%40%E5%8F%8B%E5%88%A9%E5%A5%88%E7%B7%92%40" n3="%E3%82%82%E3%82%8A%E3%82%82%E3%82%8A%E3%81%8A%E3%81%AB%E3%81%8E%E3%82%8A" dan="18,16,17,16" rate="2249.34,2119.58,2187.06,2141.87" sx="M,M,F,M"/><TAIKYOKU oya="0"/><INIT seed="0,0,0,2,1,56" ten="250,250,250,250" oya="0" hai0="91,59,130,70,104,23,115,86,93,11,13,46,39" hai1="30,132,24,128,99,105,65,49,131,69,35,3,113" hai2="101,84,58,103,52,122,15,81,55,96,116,44,48" hai3="133,10,88,109,95,9,106,14,29,108,41,87,80"/><T63/><D115/><U5/><E49/><V71/><F71/><W26/><G106/><T85/><D130/><U75/><E75/><V124/><F124/><W1/><G133/><T47/><D104/><U114/><E132/><V8/><F116/><W82/><G41/><T12/><D70/><U110/><E110/><N who="3" m="42602" /><G1/><T51/><D39/><U119/><E119/><V22/><F22/><N who="3" m="15575" /><G10/><T53/><D23/><U126/><E126/><V27/><F27/><W79/><G79/><T0/><D47/><U74/><E74/><V134/><F134/><W34/><G34/><T20/><D20/><U64/><E3/><V60/><F96/><W40/><G40/><T97/><D13/><U125/><E125/><V100/><F122/><W36/><G36/><T25/><D25/><U98/><E105/><V120/><F120/><W107/><G107/><T32/><D32/><U43/><E43/><V50/><F50/><W33/><G33/><T72/><D72/><U112/><E35/><V2/><F2/><W68/><G68/><T129/><D129/><N who="1" m="49739" /><E69/><V78/><REACH who="2" step="1"/><F101/><REACH who="2" ten="250,250,240,250" step="2"/><W28/><G28/><T6/><REACH who="0" step="1"/><D0/><REACH who="0" ten="240,250,240,250" step="2"/><U4/><E114/><V61/><F61/><W127/><G127/><T76/><D76/><U16/><E113/><V66/><F66/><AGARI ba="0,2" hai="6,11,12,46,51,53,59,63,66,85,86,91,93,97" machi="66" ten="30,12000,1" yaku="1,1,7,1,8,1,52,1,53,1" doraHai="56" doraHaiUra="62" who="0" fromWho="2" sc="240,140,250,0,240,-120,250,0" /><INIT seed="0,1,0,5,1,76" ten="380,250,120,250" oya="0" hai0="62,24,48,113,46,104,56,92,38,124,98,14,80" hai1="94,133,27,20,7,57,60,51,15,58,100,130,18" hai2="13,43,77,53,68,127,101,6,10,16,81,34,108" hai3="116,3,107,70,54,103,120,87,132,42,86,128,129"/><T17/><D104/><U59/><E133/><V67/><F127/><W39/><G116/><T44/><D38/><U117/><E130/><V126/><F126/><W66/><G132/><T30/><D113/><U89/><E117/><V52/><F34/><W105/><G3/><T25/><D124/><U84/><E100/><V28/><F28/><W85/><G120/><T36/><D36/><U102/><E102/><V31/><F31/><W95/><G70/><T109/><D109/><U50/><E60/><V69/><F108/><W91/><G66/><T115/><D115/><U99/><E7/><V123/><F123/><W0/><G0/><T1/><D1/><U93/><E93/><V35/><F35/><W37/><G54/><T63/><D63/><U71/><E71/><V61/><F69/><W32/><G32/><T33/><D25/><U47/><E99/><V23/><F43/><W134/><G39/><T8/><D48/><U82/><E94/><V29/><F29/><W114/><G134/><T65/><REACH who="0" step="1"/><D80/><REACH who="0" ten="370,250,120,250" step="2"/><U19/><E51/><V45/><F101/><AGARI ba="1,1" hai="8,14,17,24,30,33,44,46,56,62,65,92,98,101" machi="101" ten="30,5800,0" yaku="1,1,2,1,7,1,53,0" doraHai="76" doraHaiUra="112" who="0" fromWho="2" sc="370,71,250,0,120,-61,250,0" /><INIT seed="0,2,0,0,1,41" ten="441,250,59,250" oya="0" hai0="127,70,38,74,14,44,10,95,64,72,54,125,89" hai1="77,18,97,119,128,112,30,66,115,28,69,86,102" hai2="129,135,104,90,113,109,83,19,91,114,130,17,99" hai3="55,121,6,118,21,79,23,26,53,48,98,133,9"/><T16/><D64/><U63/><E119/><V47/><F135/><W126/><G118/><T117/><D70/><U78/><E128/><V20/><F109/><W134/><G126/><N who="0" m="48139" /><D117/><U33/><E18/><V92/><F19/><W49/><G121/><T45/><D54/><U103/><E103/><V94/><F47/><N who="0" m="17994" /><D38/><U50/><E50/><V107/><F20/><W52/><G48/><T27/><D27/><U101/><E66/><V51/><F51/><W106/><G23/><T80/><D80/><U110/><E69/><V124/><F17/><W36/><G36/><T8/><D10/><U71/><E71/><V57/><F57/><W122/><G49/><T24/><D24/><U3/><E110/><V59/><F59/><W85/><G26/><T12/><D14/><U87/><E112/><N who="2" m="43115" /><F124/><W13/><G9/><T22/><D8/><U84/><E115/><V116/><F83/><W56/><G56/><T58/><D58/><U75/><E30/><V82/><F82/><W61/><G53/><T40/><D40/><U96/><E28/><V11/><F11/><W88/><G55/><T73/><D73/><U32/><E75/><V43/><F43/><W37/><G52/><T111/><D111/><U65/><E65/><V68/><F68/><W46/><G37/><T1/><D1/><U25/><E3/><V5/><F116/><W108/><G108/><T67/><D67/><U105/><E25/><V131/><F131/><W62/><G46/><T42/><D42/><U39/><E39/><V132/><F130/><W123/><G13/><T120/><D120/><U100/><E32/><RYUUKYOKU ba="2,0" sc="441,30,250,-10,59,-10,250,-10" hai0="12,16,22,72,74,89,95" /><INIT seed="0,3,0,3,0,53" ten="471,240,49,240" oya="0" hai0="125,110,24,97,67,127,39,100,89,87,5,49,35" hai1="134,23,54,47,94,4,98,46,1,72,56,117,3" hai2="48,73,83,36,64,70,41,124,17,118,99,22,82" hai3="58,109,123,12,59,130,65,51,7,74,114,106,2"/><T32/><D39/><U33/><E117/><V122/><F122/><W80/><G114/><T120/><D5/><U128/><E33/><V37/><F118/><W42/><G106/><T78/><D78/><U66/><E134/><V90/><F124/><W16/><G123/><T116/><D116/><U111/><E72/><V34/><F34/><W131/><G109/><T62/><D49/><U119/><E128/><N who="3" m="49194" /><G2/><T21/><D35/><U102/><E119/><V95/><F70/><W27/><G7/><T8/><D8/><U108/><E66/><V19/><F64/><W30/><G74/><T26/><D26/><U52/><E54/><V0/><F0/><W55/><G80/><T61/><D32/><U9/><E23/><V93/><F73/><W69/><G42/><T107/><D110/><N who="1" m="42027" /><E1/><V133/><F133/><W29/><G27/><T103/><D120/><U6/><E6/><V71/><F93/><W10/><G69/><T84/><D127/><U85/><E85/><V135/><F71/><W126/><G126/><T57/><D87/><U31/><E31/><N who="3" m="11786" /><G65/><T50/><D67/><U44/><E44/><AGARI ba="3,0" hai="10,12,16,44,51,55,58,59" m="11786,49194" machi="44" ten="30,7700,0" yaku="19,1,52,2,54,1" doraHai="53" who="3" fromWho="1" sc="471,0,240,-86,49,0,240,86" /><INIT seed="1,0,0,1,5,84" ten="471,154,49,326" oya="1" hai0="33,66,118,6,16,101,103,82,13,54,59,88,107" hai1="38,11,69,132,5,97,127,92,51,68,124,24,119" hai2="27,76,120,37,14,31,61,106,50,65,130,7,1" hai3="128,105,58,23,86,87,75,114,48,83,113,15,43"/><U108/><E119/><V47/><F37/><W49/><G105/><T109/><D33/><U42/><E38/><V3/><F120/><W85/><G128/><T98/><D118/><U89/><E132/><V117/><F117/><W135/><G135/><T131/><D109/><U36/><E36/><V2/><F130/><W21/><G43/><T104/><D6/><U18/><E108/><V67/><F106/><W53/><G49/><T34/><D34/><U71/><E24/><V112/><F112/><W73/><G15/><T111/><D111/><U56/><E18/><V93/><F61/><W52/><G83/><T99/><D66/><U100/><E100/><V62/><F62/><W8/><G8/><T116/><D131/><U110/><E110/><V115/><F76/><W26/><G26/><T129/><D129/><U90/><E56/><V81/><F81/><W122/><G122/><T4/><D4/><U126/><E90/><V32/><F115/><W46/><G48/><T44/><D44/><U45/><REACH who="1" step="1"/><E71/><REACH who="1" ten="471,144,49,326" step="2"/><V39/><F39/><W60/><G113/><T91/><D116/><U9/><E9/><V19/><F7/><W0/><G58/><T95/><D103/><U35/><E35/><V30/><F32/><W121/><G114/><T10/><D101/><U77/><E77/><V55/><F19/><W41/><G121/><T96/><D16/><U28/><E28/><V20/><F30/><W72/><G46/><T17/><D17/><U64/><E64/><N who="2" m="24651" /><F93/><W74/><G23/><T80/><D95/><U40/><E40/><V78/><F78/><W133/><G21/><RYUUKYOKU ba="0,1" sc="471,-15,144,15,49,15,326,-15" hai1="5,11,42,45,51,68,69,89,92,97,124,126,127" hai2="1,2,3,14,20,27,31,47,50,55" /><INIT seed="1,1,1,2,1,99" ten="456,159,64,311" oya="1" hai0="90,102,118,21,122,114,0,73,46,5,128,16,9" hai1="116,120,24,92,19,59,18,76,62,39,43,130,96" hai2="64,47,31,33,124,17,109,36,6,44,23,134,71" hai3="87,50,97,103,52,22,8,13,129,83,32,81,91"/><U111/><E116/><V49/><F36/><W101/><G32/><T28/><D73/><U115/><E115/><V29/><F124/><W86/><G22/><T56/><D118/><U126/><E120/><V20/><F134/><W127/><G97/><T108/><D108/><U42/><E130/><V3/><F109/><W107/><G107/><T119/><D114/><U79/><E126/><V74/><F74/><W123/><G129/><T14/><D119/><U12/><E24/><V89/><F23/><W38/><G38/><T117/><D117/><U85/><E39/><V105/><F105/><W61/><G61/><T125/><D122/><U121/><E121/><V58/><F71/><W10/><G127/><T100/><D128/><U57/><E57/><V40/><F47/><N who="3" m="27743" /><G123/><T75/><D75/><U48/><E48/><V65/><F89/><N who="3" m="51407" /><G8/><T51/><D125/><U69/><E69/><V94/><F33/><W113/><G113/><T95/><D28/><U84/><E96/><V63/><F31/><W110/><G110/><T2/><D2/><U80/><E111/><V1/><F29/><W68/><G68/><T4/><D4/><AGARI ba="1,1" hai="4,10,13,83,87,91,101,103" m="51407,27743" machi="4" ten="30,7700,0" yaku="8,1,52,2,54,1" doraHai="99" who="3" fromWho="0" sc="456,-80,159,0,64,0,311,90" /><INIT seed="2,0,0,3,4,109" ten="376,159,64,401" oya="2" hai0="54,63,64,119,129,78,120,81,104,131,43,23,34" hai1="4,135,66,95,20,17,37,76,46,125,93,48,18" hai2="102,25,53,11,130,27,21,71,14,133,67,111,55" hai3="91,101,35,97,1,13,80,127,84,2,75,57,32"/><V124/><F124/><W41/><G127/><T29/><D104/><U70/><E125/><V107/><F130/><W115/><G75/><T83/><D34/><U114/><E37/><V49/><F133/><W112/><G41/><T51/><D43/><U87/><E4/><V96/><F111/><W100/><G13/><T30/><D83/><U61/><E17/><V58/><F21/><W45/><G45/><T7/><D7/><U113/><E95/><V28/><F28/><W88/><G57/><T5/><D5/><U108/><E135/><V94/><F107/><W86/><G80/><T126/><D120/><U103/><E76/><V82/><F82/><W74/><G74/><T123/><D123/><U117/><E117/><V110/><F110/><W15/><G15/><T3/><D3/><U38/><E38/><V68/><F68/><W10/><G97/><T0/><D0/><U9/><E9/><AGARI ba="0,0" hai="1,2,9,10,32,35,84,86,88,91,100,101,112,115" machi="9" ten="25,8000,1" yaku="22,2,52,2,54,1" doraHai="109" who="3" fromWho="1" sc="376,0,159,-80,64,0,401,80" /><INIT seed="3,0,0,2,4,118" ten="376,79,64,481" oya="3" hai0="49,32,1,96,133,99,108,19,2,86,5,61,27" hai1="45,72,54,38,50,55,46,127,106,125,113,12,64" hai2="47,109,84,65,73,11,129,95,30,58,102,28,17" hai3="111,80,0,42,120,124,53,117,126,74,56,40,92"/><W115/><G117/><T52/><D108/><U44/><E72/><V77/><F109/><W83/><G111/><T75/><D75/><U16/><E106/><V21/><F129/><W134/><G115/><T39/><D39/><U88/><E113/><V29/><F11/><W51/><G0/><T128/><D86/><U6/><E6/><V110/><F110/><W98/><G134/><T57/><D128/><U37/><E64/><V3/><F3/><W8/><G8/><T24/><D133/><U9/><E46/><V93/><F73/><W67/><G67/><T25/><D32/><U13/><E13/><V4/><F47/><W78/><G83/><T85/><D85/><U100/><E100/><V63/><F102/><W103/><REACH who="3" step="1"/><G120/><REACH who="3" ten="376,79,64,471" step="2"/><T18/><D1/><U107/><E9/><V15/><F4/><W26/><G26/><T130/><D130/><U41/><E127/><AGARI ba="0,1" hai="40,42,51,53,56,74,78,80,92,98,103,124,126,127" machi="127" ten="40,3900,0" yaku="1,1,18,1,53,0" doraHai="118" doraHaiUra="131" who="3" fromWho="1" sc="376,0,79,-39,64,0,471,49" /><INIT seed="3,1,0,3,0,49" ten="376,40,64,520" oya="3" hai0="121,8,122,108,10,29,88,15,6,123,81,41,63" hai1="74,90,112,11,87,27,105,62,102,99,128,118,18" hai2="17,110,0,5,82,31,65,113,100,32,111,72,47" hai3="12,109,135,126,4,96,30,69,94,120,59,39,23"/><W48/><G120/><T107/><D107/><U73/><E112/><V28/><F47/><W33/><G39/><T56/><D108/><U42/><E128/><V125/><F65/><W80/><G69/><T3/><D29/><U9/><E118/><V25/><F100/><W95/><G135/><T91/><D81/><U57/><E42/><V51/><F51/><W129/><G126/><T37/><D41/><U97/><E97/><V24/><F113/><W20/><G129/><T19/><REACH who="0" step="1"/><D37/><REACH who="0" ten="366,40,64,520" step="2"/><U106/><E106/><V127/><F82/><W45/><G30/><T61/><D61/><U103/><E105/><V67/><F110/><W86/><G109/><T14/><D14/><U52/><E74/><V124/><F111/><W40/><G12/><T130/><D130/><U64/><E73/><V44/><F72/><W119/><G80/><T115/><D115/><U26/><E26/><V89/><F25/><W117/><G117/><T21/><D21/><U2/><E2/><V116/><F0/><W101/><G23/><T133/><D133/><U85/><E27/><V36/><F31/><W83/><G20/><T34/><D34/><U75/><E75/><V71/><F116/><W53/><G119/><T132/><D132/><U46/><E62/><V84/><F124/><W60/><G33/><T98/><D98/><U7/><E99/><V58/><F125/><W78/><G95/><T114/><D114/><U66/><E87/><V55/><F84/><W92/><G94/><T43/><D43/><U1/><E85/><V131/><F127/><W77/><G77/><T50/><D50/><RYUUKYOKU ba="1,1" sc="366,15,40,-15,64,-15,520,15" hai0="3,6,8,10,15,19,56,63,88,91,121,122,123" hai3="4,40,45,48,53,59,60,78,83,86,92,96,101" /><INIT seed="3,2,1,3,2,33" ten="381,25,49,535" oya="3" hai0="98,17,14,100,117,134,59,43,60,95,44,8,123" hai1="13,99,72,66,65,81,10,115,127,112,86,85,106" hai2="109,56,3,49,63,28,96,101,121,4,5,97,108" hai3="110,122,75,104,24,52,126,119,103,102,125,76,31"/><W12/><G119/><T51/><D134/><U42/><E127/><N who="3" m="48650" /><G122/><T19/><D117/><U2/><E72/><V57/><F28/><W91/><G110/><N who="2" m="42601" /><F121/><W38/><G38/><T118/><D118/><U37/><E115/><V15/><F97/><W105/><G12/><T133/><D133/><U114/><E114/><V130/><F130/><W7/><G7/><T41/><D123/><U21/><E112/><V23/><F5/><W54/><G91/><T22/><D43/><U69/><E69/><V107/><F49/><W16/><G76/><T6/><REACH who="0" step="1"/><D22/><REACH who="0" ten="371,25,49,535" step="2"/><U73/><E21/><V20/><F20/><N who="3" m="13319" /><G31/><T67/><AGARI ba="2,2" hai="6,8,14,17,19,41,44,51,59,60,67,95,98,100" machi="67" ten="20,5200,0" yaku="1,1,0,1,7,1,8,1,53,0" doraHai="33" doraHaiUra="68" who="0" fromWho="0" sc="371,78,25,-15,49,-15,535,-28" /><INIT seed="4,0,0,2,4,95" ten="449,10,34,507" oya="0" hai0="126,58,115,128,129,38,66,48,36,124,134,133,32" hai1="112,17,92,91,41,99,35,13,21,28,106,34,94" hai2="64,96,117,86,82,84,89,71,135,104,54,93,49" hai3="14,67,121,31,130,65,0,5,60,111,15,72,79"/><T75/><D32/><U69/><E112/><V1/><F1/><W118/><G111/><T76/><D115/><U85/><E106/><V50/><F135/><N who="0" m="51722" /><D76/><U81/><E69/><V51/><F117/><W87/><G72/><T19/><D75/><U98/><E41/><V59/><F104/><W23/><G118/><T57/><D19/><U45/><E45/><V4/><F4/><W107/><G107/><T127/><D48/><U12/><E12/><V6/><F6/><W53/><G130/><N who="0" m="50283" /><D66/><U7/><E7/><V125/><F64/><W120/><G67/><T61/><D61/><U101/><E28/><V56/><F71/><W37/><G37/><AGARI ba="0,0" hai="36,37,38,57,58,124,126,127" m="50283,51722" machi="37" ten="40,48000,5" yakuman="39" doraHai="95" who="0" fromWho="3" sc="449,480,10,0,34,0,507,-480" /><INIT seed="4,1,0,5,1,93" ten="929,10,34,27" oya="0" hai0="65,19,35,3,41,99,14,0,48,9,56,135,79" hai1="49,46,62,89,11,87,119,126,8,118,28,43,67" hai2="17,94,39,66,30,36,113,4,75,22,70,96,5" hai3="31,77,129,61,134,69,18,53,124,32,64,121,82"/><T45/><D135/><U92/><E126/><V117/><F75/><W104/><G134/><T34/><D79/><U47/><E28/><V15/><F117/><W44/><G124/><T51/><D99/><U6/><E47/><V115/><F30/><W68/><G129/><T101/><D101/><U110/><E110/><V57/><F70/><W105/><G68/><T58/><D65/><U40/><E40/><V112/><F57/><W132/><G132/><T81/><D81/><U21/><E21/><V90/><F66/><W23/><G32/><T33/><REACH who="0" step="1"/><D51/><REACH who="0" ten="919,10,34,27" step="2"/><U50/><E50/><V123/><F123/><W2/><G64/><T107/><D107/><U74/><E74/><V97/><F97/><W71/><G82/><T95/><D95/><U109/><E109/><V116/><F116/><W91/><G77/><T60/><D60/><U76/><E76/><V131/><F131/><W103/><G61/><T42/><D42/><U38/><E49/><V85/><F96/><W1/><G103/><T25/><D25/><U128/><E128/><V7/><AGARI ba="1,1" hai="4,5,7,15,17,22,36,39,85,90,94,112,113,115" machi="7" ten="40,2700,0" yaku="0,1,15,1" doraHai="93" who="2" fromWho="2" sc="919,-14,10,-8,34,40,27,-8" /><INIT seed="5,0,0,3,3,97" ten="905,2,74,19" oya="1" hai0="111,102,87,27,55,104,49,40,86,28,100,93,89" hai1="109,82,47,95,105,25,26,30,88,44,98,131,62" hai2="20,6,12,107,126,10,96,7,22,31,101,48,33" hai3="60,37,69,51,74,56,119,23,103,85,115,121,77"/><U122/><E122/><V125/><F7/><W118/><G37/><T81/><D111/><U8/><E131/><V91/><F33/><W130/><G121/><T66/><D66/><U53/><E109/><V110/><F110/><W75/><G69/><T70/><D40/><U79/><E105/><V83/><F31/><W106/><G51/><T127/><D127/><N who="2" m="48650" /><F48/><W73/><G130/><T132/><D132/><U1/><E1/><V32/><F32/><W14/><G74/><T45/><D104/><U112/><E112/><V92/><F83/><W24/><G115/><T133/><D70/><U11/><E47/><V54/><F54/><W124/><G119/><T114/><D133/><U43/><E53/><V72/><F72/><W65/><G118/><T21/><D114/><U128/><E62/><V38/><F38/><W46/><G46/><T41/><D55/><U58/><E58/><V50/><F50/><W116/><G75/><T64/><D64/><U57/><E57/><V113/><F113/><W15/><G73/><T135/><D135/><U16/><E128/><V18/><F6/><W129/><G129/><T35/><D35/><U29/><E29/><V5/><F5/><W2/><G116/><T123/><D123/><U117/><E117/><V13/><F13/><W36/><G124/><T67/><D67/><U34/><E26/><V3/><F3/><W4/><G2/><T71/><D71/><U52/><E52/><V42/><F42/><W63/><G65/><T99/><D28/><U68/><E68/><V59/><F59/><W90/><G56/><T134/><D134/><RYUUKYOKU ba="0,0" sc="905,-10,2,-10,74,30,19,-10" hai2="10,12,18,20,22,91,92,96,101,107" owari="895,99.5,-8,-50.8,104,-9.6,9,-39.1" /></mjloggm>