<mjloggm ver="2.3"><GO type="169" lobby="0"/><UN n0="%E3%81%93%E3%81%A1" n1="%72%65%6E%6A%69%38%33" n2="%E6%84%9A%E5%85%84%E3%81%8C%E6%84%9A%E5%BD%A2" n3="%E7%89%A7%E5%A0%B4%E3%81%AE%E5%B0%91%E5%A5%B3" dan="16,16,16,17" rate="2209.52,2094.81,2081.15,2207.26" sx="F,M,M,F"/><TAIKYOKU oya="0"/><INIT seed="0,0,0,4,5,9" ten="250,250,250,250" oya="0" hai0="27,93,80,97,102,95,39,2,13,50,75,4,29" hai1="42,72,118,79,55,44,106,28,46,110,41,53,51" hai2="86,131,128,92,40,33,98,20,87,56,89,52,17" hai3="11,25,103,62,63,83,16,8,0,5,36,67,24"/><T112/><D39/><U88/><E106/><V57/><F33/><W90/><G36/><T19/><D112/><U68/><E118/><V120/><F120/><W107/><G103/><T101/><D2/><U78/><E68/><V81/><F57/><W126/><G107/><T73/><D4/><U76/><E110/><V119/><F40/><W121/><G126/><T1/><D1/><U123/><E123/><V58/><F56/><W122/><G122/><T74/><D50/><U18/><E72/><V125/><F125/><W60/><G67/><T134/><D134/><U130/><E28/><V49/><F119/><W94/><G83/><T21/><D80/><U59/><E130/><V22/><F22/><W37/><G37/><T117/><D117/><U129/><E129/><N who="2" m="49739" /><F81/><W77/><G77/><T31/><REACH who="0" step="1"/><D27/><AGARI ba="0,0" hai="17,20,27,49,52,58,86,87,89,92,98" m="49739" machi="27" ten="30,2000,0" yaku="19,1,54,1" doraHai="9" who="2" fromWho="0" sc="250,-20,250,0,250,20,250,0" /><INIT seed="1,0,0,5,5,119" ten="230,250,270,250" oya="1" hai0="68,107,129,110,83,111,88,24,1,109,19,113,82" hai1="89,56,97,71,85,122,99,14,50,98,55,93,46" hai2="65,100,47,18,87,61,103,96,127,28,10,79,58" hai3="48,8,121,23,74,63,4,101,32,64,112,35,95"/><U3/><E3/><V128/><F128/><W86/><G74/><T52/><D113/><U29/><E71/><V132/><F132/><W120/><G112/><T39/><D129/><U11/><E29/><V44/><F127/><W72/><G72/><T123/><D107/><U92/><E122/><V43/><F28/><W90/><G101/><T75/><D39/><U104/><E104/><V114/><F114/><W135/><G135/><T15/><D1/><U7/><REACH who="1" step="1"/><E46/><REACH who="1" ten="230,240,270,250" step="2"/><V45/><F47/><W69/><G32/><T133/><D68/><U20/><E20/><V115/><F44/><W70/><G35/><T37/><D123/><U0/><E0/><V130/><F115/><W108/><G69/><T118/><D133/><U21/><E21/><V54/><F130/><W57/><G23/><T17/><D111/><U77/><E77/><V78/><F79/><W26/><G108/><T51/><D110/><U6/><E6/><V38/><F78/><W12/><REACH who="3" step="1"/><G26/><REACH who="3" ten="230,240,270,240" step="2"/><T94/><D24/><U30/><E30/><V80/><F43/><W126/><G126/><T124/><D109/><U34/><E34/><V13/><F38/><W59/><G59/><T73/><D37/><U16/><E16/><V62/><F18/><W33/><G33/><T31/><D31/><U125/><E125/><V41/><F41/><W22/><G22/><N who="0" m="11583" /><D124/><U27/><E27/><V116/><F45/><W49/><G49/><T76/><D118/><U2/><E2/><V9/><F58/><W53/><AGARI ba="0,2" hai="4,8,12,48,53,57,63,64,70,86,90,95,120,121" machi="53" ten="30,7900,0" yaku="1,1,0,1,52,2,53,0" doraHai="119" doraHaiUra="42" who="3" fromWho="3" sc="230,-20,240,-39,270,-20,240,99" /><INIT seed="2,0,0,3,3,106" ten="210,201,250,339" oya="2" hai0="44,83,61,0,122,94,55,99,93,48,38,118,34" hai1="88,113,92,7,121,125,29,65,8,14,64,132,56" hai2="63,85,95,19,53,77,50,110,70,27,133,115,1" hai3="120,116,119,103,123,3,13,68,22,128,39,100,9"/><V52/><F115/><W111/><G68/><T101/><D122/><U11/><E113/><V135/><F1/><W66/><G39/><T49/><D34/><U21/><E121/><V79/><F110/><W12/><G66/><T18/><D118/><U89/><E125/><V131/><F131/><W59/><G59/><T10/><D38/><U47/><E132/><V98/><F70/><W23/><G9/><T41/><D61/><U81/><E47/><V32/><F63/><W105/><G105/><T62/><D62/><U129/><E129/><V43/><F43/><W80/><G80/><T76/><D93/><U114/><E56/><V107/><F107/><W33/><G33/><T72/><D18/><U74/><E114/><V124/><F124/><W2/><REACH who="3" step="1"/><G128/><REACH who="3" ten="210,201,250,329" step="2"/><T42/><REACH who="0" step="1"/><D49/><REACH who="0" ten="200,201,250,329" step="2"/><U5/><E65/><V75/><F32/><W36/><G36/><T102/><D102/><U30/><E64/><V71/><F133/><W86/><G86/><T117/><D117/><U46/><E92/><V109/><F85/><W37/><G37/><T15/><D15/><U82/><E14/><V84/><F84/><W108/><AGARI ba="0,2" hai="2,3,12,13,22,23,100,103,108,111,116,119,120,123" machi="108" ten="25,6400,0" yaku="1,1,0,1,22,2,53,0" doraHai="106" doraHaiUra="24" who="3" fromWho="3" sc="200,-16,201,-16,250,-32,329,84" /><INIT seed="3,0,0,4,1,86" ten="184,185,218,413" oya="3" hai0="11,109,116,74,51,96,60,108,29,78,23,21,70" hai1="52,33,81,18,71,125,84,91,9,8,132,4,100" hai2="67,77,31,80,111,64,124,32,1,58,115,61,6" hai3="7,38,73,134,26,119,14,95,90,106,47,87,57"/><W69/><G69/><T110/><D116/><U76/><E71/><V118/><F118/><W85/><G73/><T28/><D51/><U102/><E125/><V2/><F115/><W89/><G119/><T129/><D129/><U62/><E132/><V46/><F111/><W0/><G106/><T35/><D78/><U24/><E33/><V107/><F107/><W44/><G0/><T97/><D74/><U127/><E127/><V63/><F6/><W130/><G130/><T27/><D11/><N who="1" m="4171" /><E76/><V94/><F46/><W103/><G103/><N who="1" m="39466" /><E4/><V41/><F41/><W25/><G38/><T65/><REACH who="0" step="1"/><D35/><REACH who="0" ten="174,185,218,413" step="2"/><U42/><E42/><V39/><F124/><W72/><G72/><T93/><D93/><U92/><E92/><V55/><F94/><W5/><G134/><T128/><D128/><U22/><E62/><V10/><F61/><W3/><G95/><T15/><D15/><U40/><E40/><V59/><F63/><W49/><G14/><T56/><D56/><U36/><E36/><V16/><F58/><W133/><G133/><T20/><D20/><U114/><E114/><V79/><F59/><W43/><G57/><T135/><D135/><U126/><E126/><V123/><F39/><W12/><G12/><T121/><D121/><U120/><E120/><V19/><F123/><W37/><G43/><T83/><D83/><U30/><E52/><V113/><F55/><W68/><G37/><T17/><D17/><AGARI ba="0,1" hai="17,18,22,24,30,81,84,91" m="39466,4171" machi="17" ten="30,2000,0" yaku="8,1,52,1" doraHai="86" who="1" fromWho="0" sc="174,-20,185,30,218,0,413,0" /><INIT seed="4,0,0,5,5,36" ten="154,215,218,413" oya="0" hai0="0,92,28,104,5,10,59,72,38,44,13,122,87" hai1="107,37,52,22,91,58,34,111,45,102,109,80,135" hai2="115,66,98,53,118,14,32,83,76,68,81,128,90" hai3="60,1,40,30,57,25,54,84,100,16,106,41,88"/><T85/><D104/><U35/><E22/><V62/><F115/><W48/><G1/><T97/><D72/><U51/><E135/><V19/><F32/><W75/><G75/><T70/><D70/><U114/><E114/><V108/><F128/><W125/><G125/><T23/><D122/><U46/><E80/><V20/><F108/><W8/><G106/><T86/><D59/><U55/><E91/><V79/><F118/><W17/><G100/><T47/><D38/><U117/><E117/><V15/><F53/><N who="3" m="33839" /><G30/><T131/><D131/><U3/><E3/><V12/><F98/><W133/><G133/><T49/><D49/><U78/><E78/><V127/><F127/><W9/><G8/><T94/><D94/><U134/><E134/><V124/><F90/><W21/><G17/><T103/><REACH who="0" step="1"/><D0/><REACH who="0" ten="144,215,218,413" step="2"/><U121/><E121/><V42/><F124/><W99/><G99/><T101/><D101/><U126/><E126/><V116/><F116/><W113/><G113/><T82/><D82/><U50/><E109/><V67/><F81/><N who="3" m="49167" /><G9/><T71/><D71/><U65/><E111/><V110/><F110/><W27/><G27/><AGARI ba="0,1" hai="5,10,13,23,27,28,44,47,85,86,87,92,97,103" machi="27" ten="40,3900,0" yaku="1,1,8,1,53,0" doraHai="36" doraHaiUra="112" who="0" fromWho="3" sc="144,49,215,0,218,0,413,-39" /><INIT seed="4,1,0,5,0,48" ten="193,215,218,374" oya="0" hai0="6,110,15,55,61,33,56,128,41,133,90,43,112" hai1="83,24,114,63,5,119,71,116,82,115,28,60,127" hai2="36,37,58,74,19,59,1,66,12,22,50,85,78" hai3="67,2,26,86,117,69,97,80,62,129,35,14,46"/><T34/><D112/><N who="1" m="43051" /><E5/><V0/><F74/><W39/><G2/><T25/><D133/><U3/><E3/><V109/><F109/><W101/><G117/><N who="1" m="45130" /><E127/><V89/><F78/><W124/><G129/><T47/><D128/><U113/><N who="1" m="43059" /><U77/><DORA hai="45" /><E71/><V29/><F29/><W53/><G14/><T100/><D110/><U111/><E111/><V135/><F135/><W64/><G64/><T99/><D6/><U130/><E130/><V16/><F19/><W30/><G124/><T13/><D34/><N who="1" m="20743" /><E83/><V70/><F70/><W105/><G39/><T17/><D33/><U134/><E134/><V27/><F36/><W87/><G80/><T4/><D4/><U72/><AGARI ba="1,0" hai="60,63,72,77,82" m="20743,45130,43059" machi="72" ten="50,3200,0" yaku="15,1,11,1" doraHai="48,45" who="1" fromWho="1" sc="193,-17,215,35,218,-9,374,-9" /><INIT seed="5,0,0,1,3,2" ten="176,250,209,365" oya="1" hai0="30,118,72,15,50,5,102,12,4,79,45,93,66" hai1="128,36,100,77,43,57,14,49,24,122,107,70,115" hai2="90,37,86,42,27,74,96,62,78,85,11,21,80" hai3="104,56,130,10,31,108,63,53,112,121,132,88,0"/><U38/><E122/><V67/><F37/><W18/><G108/><T64/><D118/><U33/><E70/><V71/><F42/><W3/><G104/><T46/><D30/><U65/><E128/><V95/><REACH who="2" step="1"/><F11/><REACH who="2" ten="176,250,199,365" step="2"/><W13/><G10/><T91/><D66/><U103/><E43/><V116/><F116/><W75/><G121/><T6/><D64/><U25/><E65/><V83/><F83/><W39/><G39/><T113/><D113/><U48/><E115/><V9/><F9/><W8/><G8/><T29/><D29/><AGARI ba="0,1" hai="21,27,29,62,67,71,74,78,80,85,86,90,95,96" machi="29" ten="30,2000,0" yaku="1,1,7,1,53,0" doraHai="2" doraHaiUra="41" who="2" fromWho="0" sc="176,-20,250,0,199,30,365,0" /><INIT seed="6,0,0,2,4,44" ten="156,250,229,365" oya="2" hai0="98,16,75,111,31,40,83,62,85,46,104,72,79" hai1="36,80,28,26,10,35,70,89,114,53,117,9,96" hai2="68,0,15,88,17,69,77,59,41,123,108,115,4" hai3="121,119,54,22,14,48,126,107,8,42,24,6,128"/><V113/><F123/><W7/><G119/><T129/><D111/><U84/><E117/><V11/><F77/><W92/><G107/><T130/><D31/><U21/><E36/><V55/><F41/><W67/><G121/><T100/><D62/><U71/><E114/><N who="2" m="43531" /><F108/><W58/><G128/><T66/><D66/><U13/><E35/><V90/><F68/><W18/><G126/><T120/><D120/><U51/><E96/><V86/><F69/><W124/><G124/><T60/><D60/><U29/><E29/><V106/><F86/><W37/><G67/><T45/><D45/><U112/><E112/><V19/><F106/><W38/><G42/><T105/><D105/><U12/><E71/><V32/><F32/><W87/><G6/><T1/><D1/><U43/><E43/><V47/><F47/><W61/><G61/><T134/><D134/><U91/><E70/><V132/><F132/><W110/><G110/><T23/><D129/><U34/><E34/><V73/><F73/><W2/><G24/><T99/><D99/><U127/><E127/><V30/><F30/><W50/><G50/><T125/><D125/><U118/><E118/><V52/><F55/><W76/><G76/><T63/><D63/><U109/><E109/><V3/><F3/><W95/><G87/><T135/><D135/><U20/><E13/><V133/><F133/><W122/><G122/><T64/><D64/><U131/><E131/><V65/><F65/><W81/><G37/><N who="0" m="21775" /><D130/><U82/><E84/><V78/><F0/><W33/><G38/><T74/><D85/><U94/><E28/><RYUUKYOKU ba="0,0" sc="156,30,250,-10,229,-10,365,-10" hai0="16,23,72,74,75,79,83,98,100,104" /><INIT seed="7,1,0,4,1,127" ten="186,240,219,355" oya="3" hai0="13,133,97,76,124,54,78,101,30,53,25,2,81" hai1="75,106,100,85,14,61,108,121,6,8,24,91,77" hai2="11,92,51,90,9,93,0,102,19,107,84,99,46" hai3="66,57,103,68,86,37,96,60,35,39,134,80,129"/><W83/><G134/><T42/><D124/><U31/><E108/><V15/><F0/><W50/><G80/><T59/><D133/><U38/><E121/><V34/><F34/><W5/><G5/><T73/><D2/><U104/><E38/><V49/><F49/><W18/><G18/><T71/><D71/><U44/><E100/><V123/><F123/><W116/><G116/><T28/><D42/><U126/><E126/><V26/><F26/><W94/><G35/><T27/><D13/><U110/><E110/><V45/><F45/><W52/><G129/><T56/><D73/><U119/><E44/><V58/><F58/><W74/><G74/><T132/><D132/><U21/><E119/><V1/><F1/><W4/><G4/><T118/><D118/><U111/><E111/><V16/><F19/><W113/><G113/><T105/><D105/><U87/><E61/><V112/><F112/><W36/><G36/><T55/><D55/><U47/><E47/><V98/><F98/><W65/><G65/><T22/><D101/><U88/><E75/><V7/><F7/><W67/><G67/><T23/><D81/><N who="1" m="49199" /><E77/><AGARI ba="1,0" hai="37,39,50,52,57,60,66,68,77,83,86,94,96,103" machi="77" ten="30,2900,0" yaku="7,1,54,1" doraHai="127" who="3" fromWho="1" sc="186,0,240,-32,219,0,355,32" owari="186,-31.4,208,-19.2,219,1.9,387,48.7" /></mjloggm>