<mjloggm ver="2.3"><GO type="169" lobby="0"/><UN n0="%E3%81%BE%E3%83%BC%E3%81%86" n1="%E3%83%AA%E3%83%B3%E3%83%8D%E3%83%B3" n2="%E7%B4%AB%E3%81%AE%E9%8F%A1" n3="%E3%81%BF%E3%81%8B%E3%81%82" dan="16,16,17,16" rate="2075.73,2020.49,2169.33,2022.15" sx="M,F,M,M"/><TAIKYOKU oya="0"/><INIT seed="0,0,0,5,5,46" ten="250,250,250,250" oya="0" hai0="117,129,87,8,64,88,102,25,42,45,99,66,23" hai1="44,40,18,9,98,112,127,13,78,26,52,7,134" hai2="120,0,82,107,20,104,32,80,128,126,39,58,62" hai3="41,35,34,50,119,33,116,59,90,15,81,92,63"/><T121/><D117/><U37/><E127/><V122/><F32/><W3/><G3/><T106/><D121/><U123/><E123/><V101/><F0/><W77/><G15/><T53/><D53/><U29/><E134/><V54/><F126/><W14/><G14/><T68/><D8/><U105/><E112/><V17/><F39/><W2/><G2/><T6/><D68/><U43/><E78/><V48/><F128/><W89/><G89/><T55/><D55/><U24/><E40/><V4/><F4/><W49/><G41/><T108/><D6/><U21/><E26/><V12/><F120/><W76/><G77/><T131/><D108/><U132/><E132/><V94/><F122/><W61/><G61/><T71/><D71/><U5/><E105/><V91/><F101/><W86/><G119/><T30/><D131/><U73/><E73/><V96/><F104/><W103/><G103/><T57/><D57/><U118/><E98/><V56/><REACH who="2" step="1"/><F107/><REACH who="2" ten="250,250,240,250" step="2"/><W19/><G116/><T130/><D130/><U85/><E118/><V47/><F47/><W1/><G1/><T93/><REACH who="0" step="1"/><D129/><REACH who="0" ten="240,250,240,250" step="2"/><U69/><E5/><V113/><F113/><W38/><G38/><AGARI ba="0,2" hai="23,25,30,38,42,45,64,66,87,88,93,99,102,106" machi="38" ten="30,11600,0" yaku="1,1,2,1,7,1,54,1,53,0" doraHai="46" doraHaiUra="65" who="0" fromWho="3" sc="240,136,250,0,240,0,250,-116" /><INIT seed="0,1,0,5,0,67" ten="376,250,240,134" oya="0" hai0="58,128,135,77,52,74,20,94,112,79,66,24,35" hai1="59,0,8,33,2,131,26,103,75,34,9,12,18" hai2="72,105,117,89,124,100,54,130,92,27,114,42,97" hai3="134,41,6,104,71,60,16,14,7,98,108,119,127"/><T48/><D112/><U31/><E75/><V28/><F114/><W111/><G119/><T76/><D35/><N who="1" m="20983" /><E59/><V57/><F72/><W45/><G134/><T11/><D135/><U3/><E103/><V122/><F122/><W84/><G84/><T121/><D128/><U80/><E80/><V73/><F73/><W118/><G127/><T55/><D74/><U30/><E131/><V22/><F124/><W110/><G98/><T46/><D121/><U86/><E86/><V1/><F1/><N who="1" m="617" /><E30/><V43/><F117/><W49/><G104/><T125/><D66/><U44/><E44/><V132/><F130/><W62/><G62/><T68/><D68/><U29/><E29/><V133/><F133/><W107/><G107/><T10/><D94/><U69/><E69/><V50/><F132/><W102/><G102/><T87/><D87/><AGARI ba="1,0" hai="22,27,28,42,43,50,54,57,87,89,92,97,100,105" machi="87" ten="30,1000,0" yaku="7,1" doraHai="67" who="2" fromWho="0" sc="376,-13,250,0,240,13,134,0" /><INIT seed="1,0,0,5,4,122" ten="363,250,253,134" oya="1" hai0="5,121,67,92,75,90,133,19,76,21,57,113,129" hai1="131,60,1,29,77,40,18,106,108,128,55,73,63" hai2="110,13,115,7,65,28,20,31,89,12,78,44,74" hai3="120,49,127,6,91,97,93,101,51,94,98,99,41"/><U50/><E1/><V87/><F115/><W135/><G120/><T48/><D113/><U39/><E106/><V61/><F74/><W32/><G32/><T130/><D133/><U38/><E29/><V23/><F78/><W86/><G135/><T9/><D76/><U24/><E24/><V104/><F104/><W109/><G127/><T15/><D75/><U27/><E27/><V132/><F132/><W25/><G109/><T123/><D123/><U95/><E108/><V69/><F110/><W8/><G25/><T53/><D67/><U59/><E18/><V2/><F2/><W36/><G36/><N who="1" m="13866" /><E95/><V102/><F102/><W58/><G51/><T47/><D47/><N who="1" m="25959" /><E77/><V116/><F28/><W11/><G11/><T126/><D126/><U64/><E73/><V124/><F31/><W46/><REACH who="3" step="1"/><G58/><AGARI ba="0,0" hai="55,58,59,60,63,64,128,131" m="25959,13866" machi="58" ten="30,2900,0" yaku="34,2" doraHai="122" who="1" fromWho="3" sc="363,0,250,29,253,0,134,-29" /><INIT seed="1,1,0,5,3,24" ten="363,279,253,105" oya="1" hai0="134,8,78,31,99,25,46,116,63,122,56,73,52" hai1="85,109,131,14,62,1,83,33,125,45,38,17,128" hai2="42,30,104,76,43,115,133,18,111,20,93,51,77" hai3="71,132,82,67,130,135,7,10,101,2,50,124,58"/><U86/><E1/><V54/><F104/><W117/><G117/><T107/><D116/><U126/><E33/><V32/><F111/><W70/><G124/><N who="1" m="47722" /><E109/><V11/><F133/><N who="3" m="51275" /><G101/><T55/><D122/><U37/><E62/><V84/><F115/><W49/><G82/><T87/><D73/><U16/><E85/><V97/><F32/><W39/><G39/><N who="1" m="14858" /><E45/><V102/><F11/><W88/><G130/><N who="1" m="49706" /><E14/><V98/><F84/><W106/><G106/><T15/><D107/><U95/><E95/><V113/><F93/><W129/><G129/><T123/><D87/><U89/><AGARI ba="1,0" hai="16,17,83,86,89" m="49706,14858,47722" machi="89" ten="40,7800,0" yaku="18,1,19,1,54,1" doraHai="24" who="1" fromWho="1" sc="363,-27,279,81,253,-27,105,-27" /><INIT seed="1,2,0,4,4,89" ten="336,360,226,78" oya="1" hai0="16,3,44,17,30,22,90,131,99,112,14,95,87" hai1="42,52,57,10,119,6,69,109,53,133,58,49,115" hai2="77,31,94,88,54,51,66,15,82,128,70,110,36" hai3="64,111,63,50,108,97,26,116,2,71,86,35,78"/><U48/><E115/><V13/><F36/><W56/><G2/><T43/><D131/><U105/><E105/><V124/><F110/><N who="3" m="42027" /><G116/><T84/><D3/><U9/><E109/><V19/><F128/><W92/><G86/><T76/><D112/><U7/><E119/><V28/><F124/><W127/><G78/><T21/><D30/><N who="2" m="11306" /><F70/><W62/><G50/><T107/><D107/><U129/><E69/><V126/><F126/><W39/><G39/><T12/><D76/><U33/><E129/><V46/><F66/><N who="3" m="41431" /><G26/><T41/><D41/><U65/><E65/><V74/><F74/><W79/><G79/><T123/><D123/><U125/><E125/><V0/><F0/><W98/><G98/><T60/><D60/><U59/><E33/><V118/><F118/><W20/><G20/><T27/><D27/><U135/><E58/><V130/><F130/><W4/><G4/><T45/><D44/><U114/><E114/><V132/><F77/><W24/><G24/><T11/><D11/><U81/><E81/><V61/><F61/><W18/><G127/><T8/><D8/><U120/><E42/><V40/><F82/><W96/><G35/><T23/><D22/><U55/><E55/><V72/><F54/><W134/><G134/><T47/><D45/><U37/><E37/><AGARI ba="2,0" hai="12,14,16,17,21,23,37,43,47,84,87,90,95,99" machi="37" ten="30,7700,0" yaku="7,1,9,1,52,1,54,1" doraHai="89" who="0" fromWho="1" sc="336,83,360,-83,226,0,78,0" /><INIT seed="2,0,0,4,0,25" ten="419,277,226,78" oya="2" hai0="100,112,4,78,64,111,84,62,87,41,38,3,5" hai1="52,91,63,109,118,86,89,76,18,12,83,43,120" hai2="123,96,126,54,35,23,1,131,119,132,70,14,98" hai3="125,88,45,19,16,95,128,108,39,72,73,31,61"/><V92/><F119/><W130/><G108/><T44/><D111/><U102/><E118/><V34/><F123/><W49/><G39/><T117/><D112/><U48/><E109/><V106/><F1/><W135/><G135/><T29/><D117/><U81/><E120/><V17/><F132/><W33/><G61/><T90/><D100/><U82/><E102/><V74/><F74/><W107/><G107/><T27/><D78/><U77/><E43/><V97/><F106/><W20/><G33/><T24/><D24/><U127/><E127/><V124/><F70/><W105/><G105/><T9/><D90/><U58/><E63/><V129/><F54/><N who="3" m="29999" /><G20/><T7/><D5/><U121/><E121/><V2/><F2/><W36/><G31/><T22/><REACH who="0" step="1"/><D4/><REACH who="0" ten="409,277,226,78" step="2"/><U69/><E91/><V0/><F126/><W80/><G125/><T66/><D66/><U99/><E77/><V60/><F124/><W8/><G73/><T110/><D110/><U93/><REACH who="1" step="1"/><E69/><AGARI ba="0,1" hai="3,7,9,22,27,29,38,41,44,62,64,69,84,87" machi="69" ten="30,3900,0" yaku="1,1,7,1,52,1,53,0" doraHai="25" doraHaiUra="104" who="0" fromWho="1" sc="409,49,277,-39,226,0,78,0" /><INIT seed="3,0,0,0,3,12" ten="458,238,226,78" oya="3" hai0="76,52,49,132,38,4,66,18,3,91,53,48,92" hai1="23,34,73,13,68,106,88,100,102,124,98,129,109" hai2="83,135,44,42,131,85,64,117,72,79,17,20,35" hai3="33,116,133,99,96,6,103,51,57,120,55,71,36"/><W50/><G36/><T130/><D38/><U127/><E34/><V40/><F117/><W22/><G33/><T28/><D28/><U89/><E68/><V84/><F35/><W80/><G71/><T46/><D130/><U95/><E129/><V27/><F131/><W74/><G120/><T47/><D132/><U7/><E109/><V21/><F135/><W60/><G116/><T70/><D76/><U107/><E7/><V16/><F64/><W121/><G6/><T32/><D32/><U37/><E37/><V39/><REACH who="2" step="1"/><F42/><REACH who="2" ten="458,238,216,78" step="2"/><W86/><G133/><T105/><D66/><U9/><E127/><V54/><F54/><W94/><G121/><T108/><D53/><U45/><E124/><V104/><F104/><W1/><G1/><T82/><D52/><U19/><E106/><V11/><F11/><W69/><G74/><T61/><D105/><U14/><E107/><V97/><F97/><W29/><G99/><T126/><D126/><U101/><E73/><V25/><AGARI ba="0,1" hai="16,17,20,21,25,27,39,40,44,72,79,83,84,85" machi="25" ten="20,12000,2" yaku="1,1,0,1,7,1,9,1,52,2,54,1,53,0" doraHai="12" doraHaiUra="2" who="2" fromWho="2" sc="458,-30,238,-30,216,130,78,-60" /><INIT seed="4,0,0,5,5,109" ten="428,208,346,18" oya="0" hai0="37,20,53,106,27,28,51,135,124,55,60,64,107" hai1="75,108,85,96,45,7,62,78,59,111,73,29,47" hai2="33,81,71,13,103,86,30,67,77,110,104,83,34" hai3="68,118,122,54,112,84,0,99,130,128,132,39,41"/><T1/><D37/><U16/><E29/><V129/><F110/><W100/><G0/><T24/><D1/><U4/><E85/><V44/><F129/><N who="3" m="49771" /><G118/><T89/><D124/><U94/><E78/><V36/><F30/><W115/><G68/><T114/><D135/><U91/><E111/><V43/><F13/><W134/><G54/><T10/><D10/><U102/><E75/><V19/><F19/><W26/><G26/><T9/><D9/><U90/><E73/><V87/><F103/><W121/><G84/><T35/><D89/><N who="1" m="33803" /><E108/><V95/><F104/><N who="3" m="63519" /><G41/><T133/><D133/><N who="3" m="51305" /><G39/><T127/><D27/><U3/><E3/><V40/><F40/><W123/><AGARI ba="0,0" hai="112,115,121,122,123" m="51305,63519,49771" machi="123" ten="40,16000,3" yaku="13,1,19,1,20,1,23,1,34,2,52,2" doraHai="109" who="3" fromWho="3" sc="428,-80,208,-40,346,-40,18,160" /><INIT seed="5,0,0,5,0,75" ten="348,168,306,178" oya="1" hai0="91,40,82,19,11,2,36,96,117,90,70,39,25" hai1="41,93,103,67,16,65,34,5,1,22,110,120,13" hai2="86,115,45,101,27,12,43,118,125,55,112,114,132" hai3="14,124,83,15,111,94,68,48,44,56,87,61,33"/><U81/><E120/><V76/><F118/><W54/><G68/><T121/><D70/><U0/><E34/><V113/><F132/><W30/><G111/><T97/><D117/><U128/><E110/><V104/><F125/><W122/><G124/><T59/><D40/><U46/><E128/><V74/><F74/><W58/><G58/><T84/><D2/><U116/><E116/><V24/><F55/><W133/><G133/><T131/><D36/><U29/><E29/><V108/><F108/><W85/><G85/><T47/><D47/><U26/><E0/><V78/><F12/><W63/><G63/><T69/><D69/><U57/><E1/><V99/><F115/><W32/><G94/><T23/><D39/><U89/><E103/><V6/><F6/><W71/><G71/><T20/><D11/><N who="1" m="4335" /><E81/><N who="2" m="47399" /><F78/><W66/><G122/><T102/><D102/><U107/><E107/><V80/><F80/><W77/><REACH who="3" step="1"/><G33/><REACH who="3" ten="348,168,306,168" step="2"/><T31/><D121/><U38/><E57/><V18/><F113/><W88/><G88/><T10/><D91/><U64/><E93/><V119/><F119/><W130/><G130/><T106/><D106/><U28/><E89/><V129/><F129/><W21/><G21/><T9/><D59/><U105/><E105/><V42/><F114/><W134/><G134/><T60/><D60/><U109/><E109/><V126/><F112/><W127/><G127/><T7/><D131/><U8/><E65/><V52/><F126/><W72/><G72/><T135/><D135/><U50/><E38/><V92/><F104/><W4/><G4/><T123/><D7/><RYUUKYOKU ba="0,1" sc="348,-15,168,15,306,-15,168,15" hai1="8,16,22,26,28,41,46,50,64,67" hai3="14,15,30,32,44,48,54,56,61,66,77,83,87" /><INIT seed="5,1,1,1,2,85" ten="333,183,291,183" oya="1" hai0="3,56,70,103,64,26,67,54,2,1,55,131,52" hai1="43,53,117,13,104,100,128,59,45,36,99,94,101" hai2="29,119,91,60,126,89,74,125,109,16,76,42,77" hai3="113,66,71,88,78,15,37,110,61,0,68,46,48"/><U107/><E117/><V135/><F109/><W102/><G0/><T39/><D39/><U130/><E13/><V72/><F119/><W96/><G110/><T98/><D70/><U105/><REACH who="1" step="1"/><E100/><REACH who="1" ten="333,173,291,183" step="2"/><V50/><F126/><W124/><G124/><T106/><D131/><U127/><E127/><V93/><F125/><W19/><G102/><T123/><D123/><U6/><E6/><V132/><F132/><W86/><G113/><T31/><REACH who="0" step="1"/><D56/><REACH who="0" ten="323,173,291,183" step="2"/><U51/><AGARI ba="1,3" hai="36,43,45,51,53,59,94,99,101,104,105,107,128,130" machi="51" ten="40,7800,0" yaku="1,1,0,1,53,1" doraHai="85" doraHaiUra="69" who="1" fromWho="1" sc="323,-27,173,111,291,-27,183,-27" /><INIT seed="5,2,0,2,5,135" ten="296,284,264,156" oya="1" hai0="7,87,5,76,121,27,130,134,13,91,117,53,37" hai1="120,110,102,25,15,68,57,123,10,62,66,45,19" hai2="14,46,132,98,111,55,81,60,106,9,131,59,8" hai3="78,125,17,92,22,77,64,44,85,118,54,122,4"/><U79/><E110/><V50/><F111/><W105/><G105/><T115/><D37/><U24/><E102/><V127/><F132/><W67/><G122/><T101/><D76/><U109/><E109/><V11/><F131/><W112/><G4/><T42/><D42/><U0/><E0/><V16/><F127/><W35/><G35/><T32/><D13/><U47/><E47/><V108/><F108/><W107/><G107/><T128/><D53/><U29/><E25/><V30/><F30/><W2/><G2/><T129/><D117/><U3/><E3/><V6/><F81/><W51/><G125/><T12/><D101/><U89/><E79/><N who="3" m="30218" /><G112/><T72/><D72/><U116/><E116/><V65/><F106/><W43/><G43/><T82/><D115/><U84/><E68/><V36/><F36/><W52/><G54/><T48/><D12/><U34/><REACH who="1" step="1"/><E45/><REACH who="1" ten="296,274,264,156" step="2"/><V1/><REACH who="2" step="1"/><F98/><REACH who="2" ten="296,274,254,156" step="2"/><W100/><G118/><T95/><D128/><U39/><E39/><V49/><F49/><W40/><G51/><T23/><D48/><U104/><E104/><V97/><F97/><W114/><G114/><T99/><D99/><U73/><E73/><V31/><F31/><W96/><G96/><T86/><D129/><U71/><E71/><V58/><F58/><W133/><G133/><T41/><D134/><U93/><AGARI ba="2,2" hai="10,15,19,24,29,34,57,62,66,84,89,93,120,123" machi="93" ten="20,3900,0" yaku="1,1,0,1,7,1,53,0" doraHai="135" doraHaiUra="69" who="1" fromWho="1" sc="296,-15,274,65,254,-15,156,-15" /><INIT seed="5,3,0,4,4,29" ten="281,339,239,141" oya="1" hai0="60,45,111,33,2,31,94,70,103,30,132,86,40" hai1="54,101,38,43,44,90,17,63,116,46,114,47,113" hai2="58,124,77,9,42,131,48,21,112,129,118,15,27" hai3="4,12,23,134,59,72,92,98,108,73,7,52,50"/><U107/><E107/><V49/><F118/><W10/><G108/><T65/><D111/><U82/><E101/><V55/><F124/><W41/><G134/><T61/><D132/><U67/><E17/><V81/><F112/><N who="1" m="43113" /><E82/><V11/><F42/><W97/><G97/><T79/><D2/><U35/><E90/><V100/><F48/><W34/><G23/><T71/><D79/><U104/><E104/><V25/><F100/><W16/><G41/><T0/><D0/><U80/><E80/><V105/><F105/><W109/><G109/><T96/><D86/><U3/><E3/><V1/><F1/><W13/><G34/><T126/><D33/><U83/><E83/><V64/><F64/><W88/><REACH who="3" step="1"/><G13/><REACH who="3" ten="281,339,239,131" step="2"/><T18/><D126/><U127/><E127/><V53/><F21/><W32/><G32/><T37/><D96/><U74/><E35/><V62/><F15/><W84/><G84/><T5/><D40/><U122/><E43/><V102/><F25/><W51/><G51/><T121/><D121/><U119/><E122/><V8/><F27/><W24/><G24/><T85/><D85/><U78/><E119/><V120/><F120/><W76/><G76/><T91/><D31/><U128/><E116/><V75/><REACH who="2" step="1"/><F102/><REACH who="2" ten="281,339,229,131" step="2"/><W69/><G69/><T99/><D71/><U87/><E38/><V89/><F89/><W26/><G26/><T123/><D37/><U66/><E78/><V135/><F135/><W14/><G14/><T125/><D91/><U56/><E63/><V93/><F93/><W110/><G110/><T57/><D61/><U117/><E117/><RYUUKYOKU ba="3,2" sc="281,-15,339,-15,229,15,131,15" hai2="8,9,11,49,53,55,58,62,75,77,81,129,131" hai3="4,7,10,12,16,50,52,59,72,73,88,92,98" /><INIT seed="6,4,2,1,4,48" ten="266,324,244,146" oya="2" hai0="68,129,102,26,130,19,3,126,29,107,0,75,135" hai1="108,55,7,101,133,100,79,8,39,88,124,69,89" hai2="84,67,70,94,36,111,105,2,27,18,11,30,23" hai3="125,80,120,41,134,90,93,31,121,9,72,56,104"/><V47/><F105/><W14/><G104/><T59/><D68/><U58/><E108/><V127/><F111/><W25/><G134/><T76/><D135/><U46/><E69/><V42/><F127/><W21/><G125/><T98/><D59/><U132/><E124/><V65/><F70/><W87/><G41/><T61/><D19/><U116/><E116/><V85/><F85/><W10/><G10/><T64/><D76/><U112/><E133/><V73/><F73/><W16/><G72/><T53/><D53/><U28/><E79/><V113/><F113/><W57/><REACH who="3" step="1"/><G80/><REACH who="3" ten="266,324,244,136" step="2"/><T71/><D75/><U20/><E8/><V5/><F94/><W78/><G78/><T1/><REACH who="0" step="1"/><D126/><REACH who="0" ten="256,324,244,136" step="2"/><U44/><E132/><V24/><REACH who="2" step="1"/><F84/><REACH who="2" ten="256,324,234,136" step="2"/><W110/><G110/><T95/><D95/><U40/><E112/><V115/><F115/><W81/><G81/><T4/><D4/><U114/><E114/><V77/><F77/><W103/><G103/><T123/><D123/><AGARI ba="4,5" hai="9,14,16,21,25,31,56,57,87,90,93,120,121,123" machi="123" ten="40,2600,0" yaku="1,1,54,1,53,0" doraHai="48" doraHaiUra="62" who="3" fromWho="0" sc="256,-38,324,0,234,0,136,88" /><INIT seed="7,0,0,5,0,101" ten="218,324,234,224" oya="3" hai0="123,111,13,23,77,7,17,50,80,85,41,16,35" hai1="88,78,29,18,45,131,36,89,68,128,63,51,48" hai2="59,62,3,31,114,102,134,47,126,38,104,93,121" hai3="71,46,115,22,108,64,90,107,74,12,2,105,54"/><W113/><G2/><T67/><D111/><U127/><E127/><V92/><F3/><W34/><G34/><T69/><D35/><U5/><E5/><V20/><F126/><W39/><G74/><T119/><D123/><U97/><E29/><V0/><F0/><W33/><G33/><T40/><D119/><U57/><E68/><V1/><F1/><W124/><G90/><N who="1" m="34922" /><E97/><V61/><F61/><N who="3" m="40335" /><G124/><T43/><D69/><U44/><E78/><V116/><F121/><W112/><G108/><T130/><D67/><N who="1" m="39407" /><E18/><N who="0" m="7273" /><D130/><N who="1" m="49707" /><E45/><V106/><F47/><W100/><G100/><T8/><D23/><U4/><E4/><V53/><F20/><W133/><G133/><T110/><D110/><U9/><E9/><V81/><F134/><W72/><G72/><T52/><D40/><AGARI ba="0,0" hai="36,40,44,48,51" m="49707,39407,34922" machi="40" ten="30,2000,0" yaku="19,1,54,1" doraHai="101" who="1" fromWho="0" sc="218,-20,324,20,234,0,224,0" owari="198,-30.2,344,44.4,234,3.4,224,-17.6" /></mjloggm>