<mjloggm ver="2.3"><GO type="169" lobby="0"/><UN n0="%E6%AE%8B%E9%85%B7%E3%81%AA%E5%A4%A9%E4%BD%BF%E3%83%8F%E3%83%9E%E3%83%BC" n1="%E3%81%AF%E3%81%99%E3%81%9F" n2="%E3%83%A4%E3%83%A0%E3%83%81%E3%83%A3%E7%84%A1%E6%95%B5" n3="%67%61%79%75%6E%79" dan="16,16,18,17" rate="2126.05,2080.50,2233.87,2194.26" sx="M,M,M,M"/><TAIKYOKU oya="0"/><INIT seed="0,0,0,2,0,21" ten="250,250,250,250" oya="0" hai0="70,5,0,92,24,124,94,32,104,19,26,90,23" hai1="69,127,67,10,16,130,96,111,50,52,120,39,43" hai2="59,66,122,11,128,85,72,22,46,28,20,37,105" hai3="74,13,3,55,38,27,132,98,68,78,31,29,75"/><T44/><D104/><U71/><E120/><V119/><F122/><W80/><G3/><T35/><D70/><U47/><E111/><V45/><F72/><W65/><G38/><T79/><D79/><U100/><E130/><V110/><F85/><W12/><G75/><T134/><D134/><U58/><E127/><V95/><F95/><W73/><G74/><T102/><D124/><U62/><E10/><V56/><F11/><W106/><G31/><T107/><D0/><U114/><E114/><V101/><F28/><W99/><G55/><T33/><D5/><U125/><E125/><V40/><F101/><W131/><G131/><T97/><D44/><U60/><E16/><V89/><F105/><W36/><G36/><T126/><D126/><U109/><E109/><V77/><F77/><W86/><G73/><T88/><D107/><U112/><E112/><V129/><F89/><W118/><G118/><T57/><D57/><U8/><E8/><V48/><F119/><W17/><G132/><T6/><D6/><U53/><E96/><V117/><F117/><W18/><G18/><T113/><D113/><U87/><E87/><V49/><F110/><W42/><G42/><T76/><D76/><U108/><E108/><V25/><F40/><W123/><G123/><T91/><REACH who="0" step="1"/><D94/><REACH who="0" ten="240,250,250,250" step="2"/><U133/><E133/><V115/><F115/><W121/><G106/><T103/><D103/><U64/><E100/><V84/><F128/><W7/><G78/><T41/><D41/><U54/><AGARI ba="0,1" hai="39,43,47,50,52,53,54,58,60,62,64,67,69,71" machi="54" ten="30,24000,4" yaku="0,1,9,1,24,2,35,6,54,1" doraHai="21" who="1" fromWho="1" sc="240,-120,250,250,250,-60,250,-60" /><INIT seed="1,0,0,2,0,124" ten="120,500,190,190" oya="1" hai0="63,102,56,117,72,67,103,116,25,7,86,122,130" hai1="77,135,21,112,75,134,118,90,2,37,108,0,96" hai2="127,121,105,131,73,65,115,88,33,58,97,109,132" hai3="78,74,41,30,38,34,14,24,98,80,4,19,85"/><U1/><E112/><V100/><RYUUKYOKU type="yao9" ba="0,0" sc="120,0,500,0,190,0,190,0" hai2="33,58,65,73,88,97,100,105,109,115,121,127,131,132" /><INIT seed="1,1,0,3,1,128" ten="120,500,190,190" oya="1" hai0="122,36,98,76,117,116,64,28,89,51,87,24,100" hai1="96,53,107,129,95,22,14,66,5,59,135,93,115" hai2="69,3,133,84,12,127,27,70,43,61,106,0,44" hai3="9,42,35,62,82,105,54,40,97,26,33,29,7"/><U99/><E115/><V130/><F130/><W91/><G35/><T113/><D113/><U18/><E129/><V31/><F12/><W15/><G82/><T126/><D36/><U58/><E107/><V10/><F10/><W118/><G118/><T37/><D37/><U125/><E125/><V67/><F127/><W63/><G63/><T45/><D126/><U17/><E5/><V121/><F121/><W20/><G33/><T94/><D122/><U75/><E75/><V46/><F70/><W4/><G4/><T83/><D64/><U134/><E66/><V74/><F44/><W81/><G105/><T131/><D131/><U86/><E86/><V119/><F84/><W57/><REACH who="3" step="1"/><G81/><REACH who="3" ten="120,500,190,180" step="2"/><T71/><D71/><U78/><E78/><V112/><F106/><W6/><G6/><T72/><D76/><U101/><E18/><V124/><F119/><W68/><G68/><T92/><D83/><U39/><E39/><N who="2" m="21887" /><F124/><W77/><G77/><T111/><D87/><U30/><E30/><V50/><F112/><W56/><G56/><T49/><D28/><U47/><E47/><V88/><F31/><W11/><G11/><T80/><D45/><U108/><E59/><V85/><F69/><W21/><G21/><T52/><D80/><U19/><E17/><V38/><F38/><W123/><G123/><T109/><D116/><U23/><E22/><V41/><F85/><W34/><G34/><T120/><D117/><U65/><E23/><V103/><F61/><W1/><G1/><T48/><D120/><U13/><E19/><V132/><F0/><W32/><G32/><RYUUKYOKU ba="1,1" sc="120,-10,500,-10,190,-10,180,30" hai3="7,9,15,20,26,29,40,42,54,57,62,91,97" /><INIT seed="2,2,1,1,0,69" ten="110,490,180,210" oya="2" hai0="65,26,72,23,94,66,86,51,81,93,108,15,59" hai1="14,129,104,33,10,122,50,12,90,112,53,5,118" hai2="71,13,126,7,35,130,98,110,87,78,117,121,8" hai3="95,22,18,76,9,101,88,61,116,46,37,29,36"/><V2/><F117/><W91/><G116/><T38/><D108/><U60/><E118/><V28/><F121/><W0/><G76/><T11/><D38/><U124/><E112/><V83/><F126/><W43/><G29/><T131/><D131/><U125/><E129/><V40/><F130/><W44/><G61/><T64/><D72/><U99/><E122/><V97/><F71/><W42/><G101/><T58/><D94/><U73/><E73/><V25/><F110/><W45/><G45/><T30/><D93/><U109/><E33/><V100/><F100/><W119/><G119/><T67/><N who="0" m="16384" /><DORA hai="24" /><T56/><D51/><U48/><E109/><V133/><F133/><W123/><G123/><T20/><D20/><U106/><E60/><V103/><F103/><W54/><G54/><T89/><REACH who="0" step="1"/><D59/><REACH who="0" ten="100,490,180,210" step="2"/><U135/><E50/><V128/><F128/><W3/><G95/><T49/><D49/><U75/><E48/><V16/><F40/><W113/><G113/><T120/><D120/><U55/><E75/><V105/><F105/><W85/><G22/><AGARI ba="2,2" hai="2,7,8,13,16,22,25,28,35,78,83,87,97,98" machi="22" ten="30,12000,1" yaku="7,1,24,2,52,1,54,1" doraHai="69,24" who="2" fromWho="3" sc="100,0,490,0,180,146,210,-126" /><INIT seed="2,3,0,5,1,104" ten="100,490,326,84" oya="2" hai0="120,129,44,66,11,101,128,94,41,124,110,38,18" hai1="109,15,70,67,68,69,83,21,33,96,86,63,65" hai2="46,102,55,29,64,53,111,3,125,95,34,57,106" hai3="4,48,88,43,133,75,74,121,103,2,118,126,93"/><V12/><F3/><W36/><G121/><T100/><D120/><U134/><E33/><V61/><F125/><W130/><G118/><T1/><D110/><U5/><E109/><V77/><F111/><W42/><G126/><T47/><D124/><U23/><E134/><V85/><F106/><W26/><G103/><T49/><D66/><U135/><E135/><V92/><F34/><W127/><G127/><T115/><D115/><U31/><E96/><V27/><F12/><W40/><G36/><T82/><D82/><U81/><E67/><V8/><F8/><W45/><G133/><T24/><D24/><U91/><E83/><V99/><F46/><W98/><G130/><N who="0" m="50283" /><D94/><U14/><E31/><V78/><F78/><W108/><G108/><T60/><D60/><U112/><E112/><V113/><F113/><W54/><REACH who="3" step="1"/><G26/><REACH who="3" ten="100,490,326,74" step="2"/><T84/><D101/><U56/><E15/><V107/><F27/><W80/><G80/><T76/><D100/><U117/><E117/><V52/><F102/><W51/><G51/><T16/><D49/><U71/><E14/><V35/><F107/><W9/><AGARI ba="3,1" hai="2,4,9,40,42,43,45,48,54,74,75,88,93,98" machi="9" ten="30,8000,1" yaku="1,1,0,1,52,2,54,1,53,0" doraHai="104" doraHaiUra="28" who="3" fromWho="3" sc="100,-23,490,-23,326,-43,74,99" /><INIT seed="3,0,0,0,2,124" ten="77,467,283,173" oya="3" hai0="76,66,64,63,67,102,51,45,38,88,5,16,7" hai1="110,104,107,131,114,61,15,75,91,122,29,71,79" hai2="42,130,54,95,132,100,33,111,83,23,120,43,85" hai3="112,3,24,60,86,103,21,134,19,46,27,49,2"/><W109/><G112/><T125/><D125/><U47/><E114/><V20/><F33/><W129/><G134/><T12/><D38/><U6/><E122/><V118/><F118/><W94/><G109/><T87/><D102/><U74/><E110/><V133/><F111/><W106/><G106/><T4/><D76/><U28/><E47/><V11/><F11/><W73/><G73/><T34/><D34/><U37/><E37/><V127/><F127/><W90/><G103/><T92/><D63/><U128/><E91/><V0/><F0/><W50/><G50/><T9/><REACH who="0" step="1"/><D67/><REACH who="0" ten="67,467,283,173" step="2"/><U113/><E79/><V52/><F100/><W119/><G119/><T53/><AGARI ba="0,1" hai="4,5,7,9,12,16,45,51,53,64,66,87,88,92" machi="53" ten="30,12000,2" yaku="1,1,2,1,0,1,8,1,54,2,53,0" doraHai="124" doraHaiUra="77" who="0" fromWho="0" sc="67,130,467,-30,283,-30,173,-60" /><INIT seed="4,0,0,5,0,60" ten="197,437,253,113" oya="0" hai0="28,118,33,73,79,53,22,21,96,12,135,47,55" hai1="117,114,129,13,61,35,123,103,30,108,99,46,130" hai2="16,75,90,58,26,59,89,15,94,2,134,48,11" hai3="27,62,87,0,91,57,37,127,84,122,68,93,52"/><T109/><D118/><U43/><E117/><V100/><F75/><W32/><G127/><T1/><D1/><U41/><E108/><V67/><F134/><W86/><G0/><T126/><D135/><U25/><E123/><V69/><F2/><W17/><G37/><T44/><D126/><U64/><E114/><V131/><F131/><W14/><G122/><T51/><D109/><U116/><E13/><V8/><F69/><W63/><G32/><T106/><D33/><U20/><E116/><V24/><F8/><W38/><G38/><T98/><D106/><N who="1" m="63871" /><E20/><V23/><F26/><W77/><G77/><T31/><D79/><U74/><E74/><V101/><F59/><W124/><G27/><T107/><D107/><U80/><E80/><V18/><F90/><W5/><G5/><T115/><D73/><U29/><E30/><V39/><F39/><W7/><G7/><T34/><D34/><U120/><E120/><V76/><F76/><W72/><G72/><T128/><D115/><U3/><E3/><V133/><F133/><W111/><G111/><T113/><D113/><U92/><E92/><V95/><F94/><W70/><G124/><T81/><D81/><U105/><E105/><V49/><F100/><W50/><G70/><T4/><D4/><U102/><E102/><V66/><F101/><W78/><G68/><T65/><D12/><U54/><E54/><N who="2" m="32071" /><F49/><W125/><G125/><T104/><D104/><U85/><E85/><AGARI ba="0,0" hai="11,15,16,18,23,24,66,67,85,89,95" m="32071" machi="85" ten="30,7700,0" yaku="8,1,52,2,54,1" doraHai="60" who="2" fromWho="1" sc="197,0,437,-77,253,77,113,0" /><INIT seed="5,0,0,1,4,15" ten="197,360,330,113" oya="1" hai0="58,82,50,94,12,61,21,130,72,62,81,67,106" hai1="37,45,39,53,86,99,20,60,103,102,134,26,74" hai2="59,71,105,4,8,17,68,70,112,40,33,31,48" hai3="121,85,51,117,65,27,18,111,10,75,16,83,116"/><U96/><E74/><V100/><F112/><W57/><G111/><T125/><D106/><U42/><E134/><V3/><F105/><W52/><G121/><T46/><D72/><U114/><E114/><V97/><F31/><W118/><G75/><T34/><D34/><U115/><E115/><V55/><F33/><W35/><G65/><T80/><D130/><U78/><E39/><V120/><F120/><W47/><G10/><T73/><D73/><U129/><E129/><V128/><F128/><W88/><G47/><T110/><D125/><U7/><E7/><V24/><F40/><W11/><G11/><T13/><D62/><U1/><E1/><V25/><F97/><W79/><G79/><T133/><D133/><U87/><E96/><V14/><REACH who="2" step="1"/><F100/><REACH who="2" ten="197,360,320,113" step="2"/><W124/><G124/><T30/><D110/><U19/><E102/><V95/><F95/><W91/><G91/><T77/><D94/><U2/><E78/><V109/><F109/><W29/><AGARI ba="0,1" hai="16,18,27,29,35,51,52,57,83,85,88,116,117,118" machi="29" ten="40,12000,2" yaku="0,1,12,1,52,2,54,3" doraHai="15" who="3" fromWho="3" sc="197,-30,360,-60,320,-30,113,130" /><INIT seed="6,0,0,2,5,74" ten="167,300,290,243" oya="2" hai0="110,73,50,36,21,9,95,41,6,111,5,134,22" hai1="113,87,70,129,105,37,33,86,16,127,96,63,40" hai2="27,44,24,132,19,26,120,43,25,59,116,109,11" hai3="45,34,97,51,92,67,82,118,17,85,62,56,89"/><V79/><F116/><W107/><G118/><T99/><D134/><U114/><E33/><V75/><F120/><W100/><G34/><T102/><D36/><U103/><E129/><V61/><F132/><W2/><G2/><T10/><D73/><U23/><E127/><V64/><F109/><W54/><REACH who="3" step="1"/><G17/><REACH who="3" ten="167,300,290,233" step="2"/><T60/><D110/><U91/><E16/><V46/><F19/><W3/><G3/><T76/><D111/><U57/><E114/><V42/><F25/><W15/><G15/><T28/><D5/><U88/><E113/><V49/><F27/><W66/><G66/><T39/><D6/><U52/><E23/><V1/><F26/><W0/><G0/><T106/><D22/><U72/><E72/><V123/><F24/><W35/><G35/><T29/><D21/><U80/><E70/><V93/><F1/><W112/><G112/><T7/><D7/><U77/><REACH who="1" step="1"/><E87/><REACH who="1" ten="167,290,290,233" step="2"/><V135/><F75/><W126/><G126/><T101/><D9/><U12/><E12/><V58/><F11/><W125/><G125/><T30/><D10/><U115/><E115/><V84/><F135/><W133/><G133/><T32/><D32/><U71/><E71/><V68/><F68/><W98/><G98/><T90/><D99/><U8/><E8/><V130/><F84/><W13/><G13/><T122/><D122/><U47/><AGARI ba="0,2" hai="37,40,47,52,57,63,77,80,86,88,91,96,103,105" machi="47" ten="30,12000,2" yaku="1,1,0,1,52,1,54,2,53,1" doraHai="74" doraHaiUra="55" who="1" fromWho="1" sc="167,-30,290,140,290,-60,233,-30" /><INIT seed="7,0,0,0,5,100" ten="137,430,230,203" oya="3" hai0="118,60,25,83,10,120,126,19,49,86,5,91,42" hai1="1,22,45,66,17,81,121,38,34,74,113,43,93" hai2="58,57,76,70,106,97,7,30,72,21,44,124,63" hai3="127,59,110,94,96,84,50,53,8,111,88,32,122"/><W103/><G122/><T15/><D126/><U14/><E113/><V0/><F70/><W114/><G127/><T135/><D135/><U101/><E34/><V47/><F58/><W37/><G114/><T128/><D128/><U46/><E66/><V112/><F112/><W40/><G32/><T78/><D120/><U95/><E1/><V67/><F76/><W33/><G33/><T4/><D118/><U132/><E132/><V26/><F72/><W117/><G117/><T18/><D60/><U62/><E62/><V27/><F27/><W75/><G75/><T115/><D115/><U65/><E65/><V105/><F97/><W109/><G8/><T82/><D25/><U90/><E95/><V92/><F92/><W134/><G134/><T73/><D4/><U23/><E101/><V48/><F47/><W119/><G119/><T52/><REACH who="0" step="1"/><D42/><REACH who="0" ten="127,430,230,203" step="2"/><U3/><E22/><V13/><F124/><W116/><G116/><T129/><D129/><U104/><E46/><AGARI ba="0,1" hai="5,10,15,18,19,46,49,52,73,78,82,83,86,91" machi="46" ten="30,3900,0" yaku="1,1,7,1,54,1,53,0" doraHai="100" doraHaiUra="131" who="0" fromWho="1" sc="127,49,430,-39,230,0,203,0" owari="176,-32.4,391,49.1,230,3.0,203,-19.7" /></mjloggm>