<mjloggm ver="2.3"><GO type="169" lobby="0"/><UN n0="%48%69%62%69%6B%69" n1="%E3%81%A1%E3%82%87%E3%82%8A%E3%81%8A" n2="%E6%BC%A3%E5%A4%8F" n3="%45%4D%49%4E%45%4C" dan="16,16,16,17" rate="2105.41,2122.00,2107.84,2156.02" sx="F,M,M,M"/><TAIKYOKU oya="0"/><INIT seed="0,0,0,1,4,128" ten="250,250,250,250" oya="0" hai0="91,46,36,49,108,116,0,85,76,102,100,51,28" hai1="3,92,114,109,50,105,120,84,123,5,64,122,124" hai2="71,18,82,47,96,104,52,45,113,118,121,4,119" hai3="88,48,130,55,27,77,7,33,22,125,98,34,56"/><T81/><D116/><N who="2" m="44586" /><F113/><W99/><G125/><T17/><D0/><U135/><E105/><V13/><F121/><W24/><G130/><T132/><D132/><U53/><E64/><V127/><F127/><W134/><G77/><T35/><D108/><U43/><E43/><V115/><F71/><W112/><G134/><T133/><D133/><U42/><E42/><V103/><F4/><W79/><G79/><T57/><D36/><U63/><E63/><V44/><F82/><W26/><G7/><T110/><D110/><U67/><E67/><V97/><F97/><W10/><G10/><T72/><D28/><U106/><E106/><V126/><F115/><W89/><G112/><T41/><D35/><U16/><E114/><V31/><F31/><W94/><REACH who="3" step="1"/><G22/><REACH who="3" ten="250,250,250,240" step="2"/><T23/><D76/><U131/><E131/><V19/><F126/><W75/><G75/><T15/><D72/><U25/><E135/><V90/><F90/><W74/><G74/><T65/><D65/><U54/><E109/><V129/><F129/><W9/><G9/><T1/><D1/><U20/><E124/><V78/><F78/><W14/><G14/><T8/><D8/><U11/><E122/><V117/><F117/><W95/><AGARI ba="0,1" hai="24,26,27,33,34,48,55,56,88,89,94,95,98,99" machi="95" ten="30,7900,0" yaku="1,1,0,1,9,1,54,1,53,0" doraHai="128" doraHaiUra="111" who="3" fromWho="3" sc="250,-39,250,-20,250,-20,240,89" /><INIT seed="1,0,0,1,3,81" ten="211,230,230,329" oya="1" hai0="88,58,27,96,31,49,26,72,105,52,41,56,82" hai1="21,24,17,133,92,71,98,79,46,59,114,113,68" hai2="87,53,121,126,60,62,0,93,101,74,73,20,2" hai3="95,43,8,4,51,7,108,40,75,30,35,112,67"/><U16/><E79/><V123/><F126/><W100/><G108/><T18/><D72/><U77/><E77/><V34/><F34/><W127/><G75/><T91/><D41/><U13/><E46/><V86/><F20/><W14/><G30/><T12/><D31/><U116/><E116/><V97/><F93/><W99/><G35/><T131/><D131/><U104/><E104/><V39/><F97/><W5/><G127/><T134/><D134/><U85/><E133/><V83/><F83/><W69/><G112/><T122/><D122/><U61/><E68/><V109/><F53/><W65/><G69/><T94/><D58/><U132/><E71/><V106/><F39/><W117/><G117/><T48/><D48/><U3/><E3/><V110/><F101/><W33/><G33/><T38/><D38/><U70/><E70/><V115/><F115/><W120/><G120/><T9/><D105/><AGARI ba="0,0" hai="0,2,60,62,73,74,86,87,105,106,109,110,121,123" machi="105" ten="25,6400,0" yaku="22,2,52,2" doraHai="81" who="2" fromWho="0" sc="211,-64,230,0,230,64,329,0" /><INIT seed="2,0,0,1,5,34" ten="147,230,294,329" oya="2" hai0="106,86,103,75,3,131,59,129,110,90,119,9,49" hai1="17,35,18,45,46,111,121,48,5,61,14,132,7" hai2="125,60,27,79,133,23,122,100,36,95,13,109,68" hai3="62,55,58,20,4,89,25,40,115,72,47,107,53"/><V2/><F122/><W10/><G72/><T44/><D110/><U96/><E111/><V85/><F36/><W0/><G107/><T80/><D59/><U43/><E35/><V42/><F42/><W102/><G102/><T12/><D119/><U99/><E132/><V127/><F133/><W98/><G115/><T8/><D75/><U101/><E121/><V33/><F33/><W54/><G98/><T1/><D103/><U78/><E78/><V134/><F134/><W63/><G89/><T123/><D106/><U70/><E18/><V113/><F113/><W117/><G63/><T104/><D104/><U52/><E70/><V6/><F13/><W91/><G91/><T87/><D87/><U67/><E67/><N who="2" m="41063" /><F79/><W83/><G83/><T88/><D90/><U92/><E99/><N who="2" m="59519" /><F85/><W16/><REACH who="3" step="1"/><G117/><REACH who="3" ten="147,230,294,319" step="2"/><T11/><D123/><U24/><E61/><V74/><F74/><W69/><G69/><T57/><D57/><U114/><E114/><V81/><F81/><W116/><G116/><T108/><D108/><U38/><REACH who="1" step="1"/><E24/><REACH who="1" ten="147,220,294,319" step="2"/><V94/><F27/><W37/><AGARI ba="0,2" hai="0,4,10,16,20,25,37,40,47,53,54,55,58,62" machi="37" ten="20,8000,1" yaku="1,1,0,1,7,1,52,1,54,1,53,0" doraHai="34" doraHaiUra="118" who="3" fromWho="3" sc="147,-20,220,-20,294,-40,319,100" /><INIT seed="3,0,0,3,4,42" ten="127,200,254,419" oya="3" hai0="78,3,93,112,115,7,85,83,134,102,110,127,132" hai1="47,54,129,1,50,64,16,113,77,23,92,57,2" hai2="117,33,101,100,107,80,4,84,128,37,10,104,76" hai3="15,18,66,69,19,120,99,125,70,75,94,67,22"/><W88/><G75/><T39/><D7/><U126/><E113/><N who="0" m="43593" /><D3/><U13/><E129/><V111/><F117/><W71/><G125/><T121/><D39/><U25/><E126/><V103/><F128/><W122/><REACH who="3" step="1"/><G19/><REACH who="3" ten="127,200,254,409" step="2"/><T58/><D127/><U114/><E114/><V8/><F111/><W30/><G30/><T44/><D110/><U60/><E77/><V116/><F76/><W79/><G79/><T12/><D121/><AGARI ba="0,1" hai="15,18,22,66,67,69,70,71,88,94,99,120,121,122" machi="121" ten="50,4800,0" yaku="1,1,54,1,53,0" doraHai="42" doraHaiUra="81" who="3" fromWho="0" sc="127,-48,200,0,254,0,409,58" /><INIT seed="3,1,0,1,4,22" ten="79,200,254,467" oya="3" hai0="13,8,104,9,90,49,101,81,58,105,48,27,39" hai1="85,11,96,35,117,86,127,97,83,57,121,10,126" hai2="17,110,62,113,124,75,6,26,45,100,32,23,130" hai3="53,92,14,52,19,3,87,24,34,88,120,66,65"/><W30/><G120/><T36/><D101/><U94/><E35/><V54/><F113/><W77/><G3/><T42/><D104/><U93/><E57/><V55/><F110/><W61/><G77/><T123/><D105/><U111/><E111/><V40/><F75/><W84/><G84/><N who="0" m="50447" /><D39/><U16/><E83/><V31/><F130/><W15/><G15/><T59/><D36/><U112/><E112/><V70/><F124/><W80/><G80/><T95/><D95/><U114/><E114/><V38/><F100/><W91/><G91/><T72/><D72/><U89/><E89/><V135/><F6/><W108/><G108/><T60/><D123/><U4/><E4/><V129/><F129/><W109/><G109/><T67/><D13/><U76/><E76/><V98/><F98/><W44/><G44/><N who="0" m="25623" /><D27/><U134/><E121/><V1/><F1/><W2/><G2/><T122/><D122/><U29/><E117/><V7/><F38/><W133/><G133/><T5/><D5/><U21/><E134/><V46/><F7/><W82/><G92/><T74/><D74/><U0/><E0/><V118/><F118/><W12/><G12/><T68/><D68/><U73/><E73/><V79/><F70/><W63/><G66/><T107/><D107/><U128/><E128/><V115/><F115/><W116/><G116/><T103/><D103/><U102/><E102/><V20/><F135/><W50/><G65/><T51/><D59/><U64/><E126/><V43/><F32/><W37/><G37/><T47/><D47/><U99/><E127/><V56/><F46/><RYUUKYOKU ba="1,0" sc="79,30,200,-10,254,-10,467,-10" hai0="8,9,49,51,58,60,67" /><INIT seed="4,2,0,5,5,120" ten="109,190,244,457" oya="0" hai0="101,56,69,91,0,72,74,14,108,84,132,59,33" hai1="119,79,78,63,29,2,123,52,35,61,134,32,12" hai2="45,104,96,15,24,100,92,111,112,64,114,38,1" hai3="75,118,19,36,6,122,9,124,7,89,86,110,70"/><T128/><D0/><U20/><E2/><V87/><F1/><W37/><G19/><T115/><D69/><U44/><E123/><V67/><F15/><W50/><G50/><T130/><D33/><U97/><E119/><V49/><F38/><W5/><G89/><T58/><D115/><N who="2" m="44074" /><F24/><W13/><G86/><T31/><D31/><U48/><E134/><V40/><F111/><W41/><G70/><T82/><D132/><U80/><E35/><V93/><F93/><W39/><G122/><T17/><D101/><U125/><E32/><V99/><F87/><W127/><G118/><T135/><D135/><U71/><E71/><V10/><F10/><W109/><G41/><T46/><D46/><U90/><E125/><N who="3" m="48202" /><G75/><T11/><REACH who="0" step="1"/><D108/><REACH who="0" ten="99,190,244,457" step="2"/><N who="3" m="41577" /><G9/><T85/><D85/><U47/><E47/><V94/><F45/><W54/><G13/><T68/><D68/><U107/><E44/><V51/><F100/><W27/><G27/><T88/><D88/><U22/><E90/><V116/><F116/><W77/><G77/><T81/><D81/><U133/><E80/><V73/><F73/><AGARI ba="2,1" hai="11,14,17,56,58,59,72,73,74,82,84,91,128,130" machi="73" ten="40,2000,0" yaku="1,1,53,0" doraHai="120" doraHaiUra="66" who="0" fromWho="2" sc="99,36,190,0,244,-26,457,0" /><INIT seed="4,3,0,0,0,88" ten="135,190,218,457" oya="0" hai0="26,60,23,62,122,7,119,41,31,115,131,85,45" hai1="18,6,74,3,86,65,89,64,126,25,8,116,87" hai2="118,68,107,30,70,108,0,47,44,57,84,82,53" hai3="91,103,17,59,48,114,37,61,127,100,121,81,12"/><T51/><D122/><U14/><E116/><V124/><F108/><W29/><G37/><T99/><D119/><U117/><E117/><V96/><F124/><W15/><G114/><T24/><D115/><U42/><E74/><V113/><F0/><W106/><G106/><T2/><D131/><U27/><E126/><V98/><F113/><W130/><G29/><T34/><D7/><U38/><E86/><V101/><F98/><W40/><G12/><T58/><D2/><U102/><E102/><V104/><F104/><W54/><G121/><T71/><D71/><U50/><E38/><V132/><F132/><W20/><G127/><T9/><D9/><U19/><E19/><V120/><F120/><W49/><G49/><T90/><D99/><U80/><E3/><V28/><F70/><W109/><G109/><T52/><D62/><U46/><E6/><V22/><F68/><W35/><G35/><T77/><D77/><U112/><E112/><V105/><F105/><W123/><G123/><T63/><D63/><U95/><E80/><V55/><F55/><W129/><G129/><T16/><D90/><U133/><REACH who="1" step="1"/><E133/><REACH who="1" ten="135,180,218,457" step="2"/><V125/><F118/><W32/><G130/><T33/><REACH who="0" step="1"/><D85/><REACH who="0" ten="125,180,218,457" step="2"/><U21/><E21/><AGARI ba="3,2" hai="16,21,23,24,26,31,33,34,41,45,51,52,58,60" machi="21" ten="30,18000,2" yaku="1,1,2,1,7,1,54,2,53,1" doraHai="88" doraHaiUra="36" who="0" fromWho="1" sc="125,209,180,-189,218,0,457,0" owari="334,13.4,-9,-50.9,218,-18.2,457,55.7" /></mjloggm>