<mjloggm ver="2.3"><GO type="169" lobby="0"/><UN n0="%E7%99%BE%E9%87%8E%E3%81%95%E3%82%93" n1="%E3%81%97%E3%82%89%E3%81%99%EF%BC%A1" n2="%6B%6C%6F%6E%64%69%6B%65" n3="%E4%B9%9D%E5%B0%BE%E3%81%AE%E3%83%8D%E3%82%B3" dan="17,16,16,16" rate="2176.70,2103.73,2153.00,2046.60" sx="M,M,M,M"/><TAIKYOKU oya="0"/><INIT seed="0,0,0,2,1,27" ten="250,250,250,250" oya="0" hai0="134,25,78,115,58,77,89,111,117,101,94,10,128" hai1="7,131,127,13,98,46,125,43,87,135,55,63,44" hai2="47,82,100,59,113,79,34,50,18,57,53,108,124" hai3="107,133,14,1,0,84,99,103,70,45,130,21,6"/><T33/><D115/><U40/><E98/><V109/><F113/><W83/><G130/><T60/><D117/><U9/><E135/><V116/><F116/><W71/><G133/><T26/><D134/><U80/><E131/><V86/><F34/><W119/><G119/><T88/><D128/><U51/><E63/><V66/><F124/><W62/><G71/><T8/><D111/><N who="2" m="42570" /><F66/><W81/><G81/><T85/><D101/><U95/><E95/><V105/><F18/><W56/><G70/><T118/><D118/><U52/><E125/><V16/><F16/><W93/><G107/><T104/><D104/><U31/><E31/><V102/><F102/><W20/><G1/><T49/><D49/><N who="1" m="26759" /><E127/><V64/><F64/><W91/><G0/><T42/><D42/><U17/><E17/><V73/><F86/><W29/><G45/><T132/><D132/><U96/><E96/><AGARI ba="0,0" hai="47,50,53,57,59,73,79,82,96,100,105" m="42570" machi="96" ten="30,1000,0" yaku="14,1" doraHai="27" who="2" fromWho="1" sc="250,0,250,-10,250,10,250,0" /><INIT seed="1,0,0,4,3,64" ten="250,240,260,250" oya="1" hai0="56,17,5,22,14,96,41,53,63,26,75,90,36" hai1="8,133,103,130,66,95,65,48,108,88,84,91,2" hai2="70,33,10,113,93,101,54,134,73,123,97,11,86" hai3="105,40,71,114,82,15,79,49,1,83,94,23,120"/><U127/><E133/><V119/><F123/><W112/><G120/><T4/><D75/><U104/><E130/><V16/><F119/><W116/><G105/><T68/><D68/><U77/><E127/><V43/><F33/><W76/><G1/><T129/><D129/><U121/><E121/><V7/><F73/><W55/><G116/><T100/><D36/><U24/><E77/><V110/><F43/><W32/><G32/><T106/><D41/><U62/><E108/><V50/><F70/><W42/><G71/><T61/><D61/><U37/><E37/><V69/><F69/><W28/><G94/><T19/><REACH who="0" step="1"/><D90/><REACH who="0" ten="240,240,260,250" step="2"/><U67/><E91/><V87/><F110/><W29/><G49/><T81/><D81/><U59/><E48/><V99/><F134/><W0/><G42/><T72/><D72/><U122/><E122/><V13/><F113/><W18/><G40/><T124/><D124/><U45/><E62/><V30/><F99/><W125/><G83/><T31/><D31/><U25/><E66/><V35/><F30/><W58/><G82/><T57/><D57/><U78/><E59/><V20/><F35/><W39/><G39/><T102/><D102/><U118/><E65/><V6/><F50/><W47/><G125/><T52/><D52/><U109/><E67/><V117/><F54/><W46/><G58/><T128/><D128/><U115/><E103/><V3/><REACH who="2" step="1"/><F117/><REACH who="2" ten="240,240,250,250" step="2"/><W12/><G55/><T126/><D126/><U89/><E118/><V135/><F135/><W132/><G132/><T92/><D92/><U44/><E115/><V51/><F51/><RYUUKYOKU ba="0,2" sc="240,15,240,-15,250,15,250,-15" hai0="4,5,14,17,19,22,26,53,56,63,96,100,106" hai2="3,6,7,10,11,13,16,20,86,87,93,97,101" /><INIT seed="2,1,2,0,3,17" ten="255,225,265,235" oya="2" hai0="114,128,15,104,51,78,119,98,120,89,48,64,97" hai1="44,7,135,53,92,108,52,8,86,35,63,25,57" hai2="96,46,129,87,31,2,109,127,43,1,91,112,29" hai3="125,39,122,34,121,110,66,65,18,24,111,123,101"/><V88/><F112/><W6/><G39/><T3/><D114/><U99/><E108/><N who="3" m="41514" /><G125/><T67/><D120/><U26/><E35/><V116/><F109/><W30/><G101/><T59/><D3/><U115/><E86/><V12/><F116/><W79/><G79/><T61/><D119/><U95/><E135/><V0/><F127/><W94/><G6/><T60/><D128/><U113/><E113/><V32/><F129/><W62/><G94/><T132/><D78/><U42/><E53/><V11/><F32/><W21/><G62/><T80/><D132/><U70/><E70/><V10/><F96/><N who="0" m="36970" /><D104/><U23/><E115/><V16/><F91/><W54/><G54/><T85/><D15/><AGARI ba="1,2" hai="15,18,21,24,30,34,65,66,121,122,123" m="41514" machi="15" ten="40,2600,0" yaku="14,1,52,1" doraHai="17" who="3" fromWho="0" sc="255,-29,225,0,265,0,235,49" /><INIT seed="3,0,0,3,3,108" ten="226,225,265,284" oya="3" hai0="74,53,12,126,98,115,92,40,79,101,43,41,125" hai1="69,118,58,1,50,121,29,132,119,72,96,120,5" hai2="81,25,67,17,54,42,73,21,57,13,56,65,107" hai3="90,134,111,66,133,62,131,76,64,124,7,116,32"/><W30/><G116/><N who="1" m="44586" /><E72/><V35/><F107/><W18/><G111/><T28/><D28/><U4/><E69/><V128/><F128/><W31/><G76/><T63/><D74/><U122/><E96/><V68/><F68/><W106/><G106/><T19/><D79/><U105/><E105/><V104/><F104/><W27/><G131/><T34/><D34/><U10/><E132/><V75/><F42/><W77/><G77/><T129/><D129/><U102/><E102/><V52/><F75/><W89/><G31/><T103/><D103/><U49/><E58/><V44/><F44/><W20/><G7/><N who="1" m="2634" /><E29/><N who="2" m="17583" /><F81/><W3/><G66/><T33/><D33/><U23/><E23/><N who="2" m="11695" /><F35/><W36/><G32/><T45/><D45/><U84/><E84/><V88/><F88/><W60/><G90/><T71/><D71/><U0/><E10/><V80/><F80/><W83/><G83/><T61/><D101/><U38/><E38/><V130/><F73/><W86/><G36/><T112/><D98/><U55/><E55/><N who="2" m="21035" /><F130/><W6/><G89/><T99/><D53/><U14/><E14/><V135/><F135/><W82/><G82/><T95/><D99/><U87/><E87/><V123/><F123/><W70/><G86/><T94/><D12/><U59/><E59/><AGARI ba="0,0" hai="56,57,59,65,67" m="21035,11695,17583" machi="59" ten="30,2000,0" yaku="8,1,54,1" doraHai="108" who="2" fromWho="1" sc="226,0,225,-20,265,20,284,0" /><INIT seed="4,0,0,5,1,11" ten="226,205,285,284" oya="0" hai0="29,77,44,113,86,87,116,24,28,135,35,115,16" hai1="66,92,99,78,93,80,55,9,132,81,123,131,127" hai2="38,67,101,84,83,5,108,111,82,105,39,30,49" hai3="2,120,75,100,54,97,17,7,73,18,43,104,102"/><T1/><D116/><U50/><E123/><V21/><F5/><W133/><G120/><T8/><D135/><U53/><E132/><V46/><F82/><W56/><G133/><T51/><D77/><U6/><E131/><V119/><F39/><W89/><G43/><T118/><D29/><U69/><E127/><V76/><F38/><W37/><G37/><T23/><D118/><U57/><E69/><V134/><F119/><W129/><G129/><T122/><D122/><U121/><E121/><V60/><F134/><W19/><G100/><T95/><D95/><U25/><E25/><V32/><F32/><W41/><G41/><T110/><D110/><U20/><E20/><V61/><F61/><W88/><G2/><T22/><D22/><U126/><E126/><V15/><F101/><W72/><REACH who="3" step="1"/><G7/><REACH who="3" ten="226,205,285,274" step="2"/><N who="0" m="1135" /><D115/><U26/><E6/><V128/><F128/><W65/><G65/><T0/><D113/><U14/><E66/><V47/><F111/><W91/><G91/><T114/><D0/><U106/><E53/><V125/><F108/><W4/><G4/><T48/><D114/><U45/><E55/><V96/><F125/><W109/><G109/><T124/><D124/><U64/><E64/><V59/><F67/><W34/><G34/><T3/><D3/><U112/><E112/><V79/><F76/><W40/><G40/><N who="0" m="24583" /><D51/><AGARI ba="0,1" hai="17,18,19,51,54,56,72,73,75,88,89,97,102,104" machi="51" ten="50,3200,0" yaku="1,1,54,1,53,0" doraHai="11" doraHaiUra="70" who="3" fromWho="0" sc="226,-32,205,0,285,0,274,42" /><INIT seed="5,0,0,4,5,76" ten="194,205,285,316" oya="1" hai0="111,66,48,124,43,13,101,84,60,86,19,22,121" hai1="21,127,135,17,73,95,112,119,104,122,36,1,74" hai2="58,67,46,102,72,62,9,42,82,110,79,24,75" hai3="2,78,56,91,55,115,90,97,20,129,30,40,34"/><U52/><RYUUKYOKU type="yao9" ba="0,0" sc="194,0,205,0,285,0,316,0" hai1="1,17,21,36,52,73,74,95,104,112,119,122,127,135" /><INIT seed="5,1,0,0,2,51" ten="194,205,285,316" oya="1" hai0="22,91,128,45,104,30,124,31,130,81,89,65,105" hai1="92,50,0,75,72,93,3,94,59,29,16,106,58" hai2="63,46,38,19,116,11,43,107,2,57,71,49,74" hai3="68,88,25,103,21,86,42,26,70,54,24,39,132"/><U133/><E106/><N who="0" m="41065" /><D65/><U6/><E133/><V131/><F116/><W12/><G132/><T47/><D22/><U87/><E29/><N who="0" m="10761" /><D81/><U135/><E135/><V80/><F131/><N who="0" m="50218" /><D124/><U117/><E117/><V95/><F107/><W23/><G103/><T69/><D69/><U66/><E87/><V118/><F118/><W28/><G70/><T102/><D102/><U36/><E36/><V120/><F120/><W96/><G68/><T8/><D8/><U13/><E66/><V83/><F95/><W126/><G39/><T20/><D20/><U61/><E61/><V134/><F134/><W64/><G64/><T90/><AGARI ba="1,0" hai="45,47,89,90,91" m="50218,10761,41065" machi="90" ten="40,5200,0" yaku="28,2,19,1" doraHai="51" who="0" fromWho="0" sc="194,55,205,-27,285,-14,316,-14" /><INIT seed="6,0,0,3,2,19" ten="249,178,271,302" oya="2" hai0="56,130,103,69,1,27,2,97,129,89,83,115,32" hai1="104,50,88,25,24,133,9,100,119,75,38,13,64" hai2="7,109,82,121,40,30,131,111,47,17,4,20,77" hai3="54,101,135,92,53,39,122,108,84,78,71,96,86"/><V81/><F121/><W6/><G122/><T125/><D69/><U118/><E38/><V124/><F30/><W5/><G71/><T128/><D115/><U126/><E75/><V87/><F82/><N who="3" m="47191" /><G53/><T99/><D125/><U105/><E126/><V60/><F60/><W23/><G39/><T31/><D56/><U63/><E133/><V0/><F124/><W42/><G42/><T8/><D8/><U16/><E50/><N who="2" m="26983" /><F0/><N who="0" m="106" /><D103/><U14/><E100/><V113/><F113/><W127/><G108/><N who="2" m="41545" /><F131/><W10/><G127/><T106/><D106/><U107/><E118/><V98/><F98/><W79/><G54/><T46/><D46/><U36/><E36/><V114/><F114/><W22/><G135/><T59/><D59/><U72/><E119/><V74/><F74/><W33/><G33/><T3/><D3/><U117/><E72/><V62/><F62/><W11/><G11/><T29/><D31/><U12/><E117/><V49/><F49/><W28/><G28/><T51/><D51/><U41/><E41/><V52/><F52/><W93/><G10/><T95/><D83/><U55/><E55/><V57/><F57/><W134/><G134/><T61/><D61/><U68/><REACH who="1" step="1"/><E88/><REACH who="1" ten="249,168,271,302" step="2"/><V90/><F90/><N who="3" m="53335" /><G79/><T80/><D80/><U65/><E65/><V58/><F58/><W102/><G101/><T70/><D70/><U43/><E43/><V132/><F132/><W123/><G123/><T94/><D94/><U85/><E85/><AGARI ba="0,1" hai="27,29,32,85,89,95,97,99,128,129,130" m="106" machi="85" ten="40,1300,0" yaku="19,1" doraHai="19" who="0" fromWho="1" sc="249,23,168,-13,271,0,302,0" /><INIT seed="7,0,0,3,0,115" ten="272,155,271,302" oya="3" hai0="31,53,38,43,16,21,5,65,101,1,111,110,64" hai1="76,77,48,39,36,74,18,15,11,22,54,57,98" hai2="124,47,90,69,88,67,12,0,99,32,17,103,4" hai3="130,33,92,131,113,66,94,128,68,71,26,91,129"/><W14/><G128/><T112/><D31/><U126/><E126/><V13/><F124/><W95/><G113/><T45/><D112/><U96/><E39/><V27/><F0/><W60/><G33/><T83/><D101/><U3/><E36/><V104/><F4/><W122/><G122/><T135/><D135/><U109/><E109/><V97/><F47/><W114/><G114/><T23/><D53/><U78/><E74/><V61/><F99/><N who="3" m="57759" /><G26/><T40/><D40/><U79/><N who="1" m="19456" /><DORA hai="102" /><U9/><E3/><V125/><F125/><W117/><G117/><T55/><D55/><U105/><E105/><V75/><F75/><W93/><G14/><N who="2" m="5737" /><F17/><W120/><G120/><T28/><D83/><U106/><REACH who="1" step="1"/><E106/><REACH who="1" ten="272,145,271,302" step="2"/><V132/><F132/><W82/><G82/><T50/><D110/><U42/><E42/><V30/><AGARI ba="0,1" hai="27,30,32,61,67,69,88,90,97,103,104" m="5737" machi="30" ten="30,4000,0" yaku="25,1,52,1,54,1" doraHai="115,102" who="2" fromWho="2" sc="272,-10,145,-10,271,50,302,-20" owari="262,-13.8,135,-36.5,321,42.1,282,8.2" /></mjloggm>