<mjloggm ver="2.3"><GO type="169" lobby="0"/><UN n0="%E3%81%93%E3%82%8C%E3%81%8C%E3%81%B5%E3%81%95%E3%81%B5%E3%81%95" n1="%E3%81%94%E3%82%8B%E3%81%A3" n2="%E3%81%9F%E3%81%8B%31%34%31" n3="%46%75%4B%61" dan="16,17,16,16" rate="2136.00,2185.84,2117.23,2078.65" sx="M,M,M,M"/><TAIKYOKU oya="0"/><INIT seed="0,0,0,4,0,46" ten="250,250,250,250" oya="0" hai0="73,114,77,2,81,107,104,132,25,35,93,96,133" hai1="127,98,6,19,55,99,51,63,83,18,44,48,64" hai2="1,62,106,36,72,49,118,110,45,97,94,108,87" hai3="31,27,125,80,7,67,39,134,29,41,20,75,78"/><T13/><D2/><U112/><E127/><V34/><F72/><W126/><G39/><T69/><D69/><U113/><E6/><V58/><F36/><W86/><G41/><T123/><D13/><U79/><E98/><V24/><F1/><W10/><G67/><T0/><D0/><U70/><E99/><V16/><F87/><W15/><G134/><N who="0" m="51819" /><D25/><U124/><E124/><N who="3" m="47722" /><G75/><T74/><D35/><U90/><E90/><V37/><F106/><N who="0" m="40490" /><D123/><U121/><E121/><V22/><F34/><W66/><G66/><T128/><D114/><N who="1" m="44139" /><E51/><V68/><F37/><W101/><G101/><N who="0" m="60559" /><D73/><AGARI ba="0,0" hai="18,19,44,48,55,63,64,70,73,79,83" m="44139" machi="73" ten="30,2000,0" yaku="11,1,52,1" doraHai="46" who="1" fromWho="0" sc="250,-20,250,20,250,0,250,0" /><INIT seed="1,0,0,0,4,58" ten="230,270,250,250" oya="1" hai0="134,124,87,11,119,57,30,42,113,62,23,67,93" hai1="102,129,47,14,1,50,86,108,35,116,110,63,122" hai2="131,21,118,39,111,44,75,81,41,96,80,125,7" hai3="16,38,103,49,43,121,128,27,90,84,99,53,24"/><U70/><E1/><V19/><F118/><W6/><G128/><T20/><D113/><U132/><E122/><V115/><F131/><W46/><G121/><T66/><D119/><U88/><E129/><V91/><F111/><N who="1" m="42537" /><E35/><V104/><F115/><W36/><G6/><T0/><D124/><U101/><E14/><V78/><F125/><W13/><G38/><T100/><D134/><U109/><E132/><V60/><F7/><W73/><G73/><T98/><D42/><N who="1" m="24951" /><E116/><V29/><F29/><W48/><G36/><T18/><D67/><N who="1" m="41343" /><E109/><V22/><F22/><N who="3" m="11535" /><G99/><T15/><D0/><U37/><E37/><V34/><F34/><W114/><G103/><T26/><D23/><U69/><E69/><V105/><F96/><W2/><G2/><T97/><D97/><U82/><AGARI ba="0,0" hai="82,86,88,101,102" m="41343,24951,42537" machi="82" ten="30,11700,0" yaku="14,1,10,1,52,1,54,1" doraHai="58" who="1" fromWho="1" sc="230,-39,270,117,250,-39,250,-39" /><INIT seed="1,1,0,5,0,3" ten="191,387,211,211" oya="1" hai0="134,129,41,6,62,122,13,75,1,26,72,94,108" hai1="66,58,7,71,5,56,53,95,35,125,12,64,20" hai2="101,86,50,104,130,14,120,79,119,117,27,118,96" hai3="105,65,91,49,38,100,60,99,84,23,109,80,131"/><U42/><E35/><V40/><F120/><W81/><G38/><T126/><D122/><U45/><E71/><V25/><F130/><W57/><G131/><T32/><D129/><U89/><E125/><V34/><F34/><W22/><G109/><T4/><D1/><U98/><E20/><V135/><F135/><W83/><G49/><T92/><D134/><U44/><E12/><V113/><F113/><W15/><G15/><T114/><D108/><U21/><E21/><V59/><F79/><W115/><G115/><T110/><D110/><U46/><E42/><V77/><F77/><W11/><G11/><T85/><D114/><U9/><E9/><V124/><F124/><W8/><G8/><T107/><D107/><U111/><E58/><V29/><F14/><W93/><AGARI ba="1,0" hai="22,23,57,60,65,80,81,83,84,91,93,99,100,105" machi="93" ten="30,1100,0" yaku="0,1" doraHai="3" who="3" fromWho="3" sc="191,-4,387,-6,211,-4,211,14" /><INIT seed="2,0,0,5,0,135" ten="187,381,207,225" oya="2" hai0="1,129,63,71,59,124,72,24,13,90,96,117,46" hai1="98,130,14,50,53,47,29,8,79,51,108,93,36" hai2="109,45,25,125,28,11,110,120,70,64,80,104,33" hai3="121,9,39,133,31,113,73,12,38,83,61,95,19"/><V6/><F120/><W128/><G133/><T127/><D1/><U2/><E108/><N who="2" m="41579" /><F104/><W3/><G128/><T60/><D129/><U75/><E130/><V26/><F45/><W97/><G121/><T126/><D117/><U58/><E29/><V94/><F94/><W101/><G113/><T35/><D72/><U100/><E36/><V15/><F80/><W131/><G131/><T10/><D46/><U102/><E2/><V119/><F119/><W115/><G115/><T21/><D35/><U91/><E79/><V118/><F118/><W18/><G31/><N who="0" m="17807" /><D71/><U48/><E75/><V34/><F64/><W77/><G3/><T65/><D63/><N who="1" m="36303" /><E47/><V103/><F103/><W122/><G122/><T0/><D0/><U82/><E82/><V67/><F67/><W66/><G18/><AGARI ba="0,0" hai="8,14,18,48,50,51,91,93,98,100,102" m="36303" machi="18" ten="30,1000,0" yaku="8,1" doraHai="135" who="1" fromWho="3" sc="187,0,381,10,207,0,225,-10" /><INIT seed="3,0,0,2,0,58" ten="187,391,207,215" oya="3" hai0="49,125,66,119,114,100,55,52,59,68,108,54,11" hai1="74,8,22,128,39,62,95,84,16,79,91,21,87" hai2="30,60,97,0,115,116,37,85,83,17,23,51,24" hai3="36,1,131,9,4,69,78,5,88,61,96,48,113"/><W121/><G121/><T57/><D100/><U7/><E39/><V32/><F37/><W31/><G113/><T28/><D28/><U27/><E74/><V105/><F115/><W44/><G36/><T129/><D11/><U13/><E128/><V133/><F133/><W90/><G31/><T38/><D114/><U118/><E118/><V123/><F123/><W2/><G78/><T107/><D107/><U34/><E34/><V110/><F110/><W64/><G131/><T122/><D119/><U103/><E103/><V126/><F126/><W72/><G72/><T14/><D14/><U25/><E62/><V124/><F124/><W77/><G77/><T117/><D129/><U18/><E79/><V47/><F0/><W15/><G96/><AGARI ba="0,0" hai="7,8,13,16,18,21,22,25,27,84,87,91,95,96" machi="96" ten="30,7700,0" yaku="7,1,9,1,8,1,54,1" doraHai="58" who="1" fromWho="3" sc="187,0,391,77,207,0,215,-77" /><INIT seed="4,0,0,5,2,20" ten="187,468,207,138" oya="0" hai0="47,49,121,22,11,125,102,74,134,56,96,9,32" hai1="117,26,4,13,124,129,98,60,86,29,81,101,108" hai2="82,59,37,88,3,41,39,110,73,94,130,17,48" hai3="43,72,0,111,83,40,53,64,133,68,100,70,27"/><T28/><D121/><U65/><E108/><V25/><F3/><W51/><G0/><T132/><D32/><U118/><E129/><V63/><F110/><W21/><G111/><T106/><D74/><U107/><E124/><V15/><F130/><W131/><G131/><T84/><D125/><U104/><E104/><V91/><F48/><W18/><G133/><N who="0" m="51307" /><D56/><U2/><E13/><V34/><F41/><W55/><G100/><T8/><D84/><U5/><E5/><V58/><F58/><W10/><G70/><T16/><D28/><U128/><E4/><V77/><F91/><W120/><G120/><T87/><D87/><U123/><E2/><V92/><F92/><W67/><G10/><T93/><D106/><U89/><E123/><V1/><F1/><W97/><G97/><T38/><D38/><U99/><E99/><V75/><F73/><W126/><G126/><T6/><D6/><U35/><E128/><V45/><F45/><N who="3" m="27887" /><G68/><AGARI ba="0,0" hai="26,29,35,60,65,68,81,86,89,98,101,107,117,118" machi="68" ten="30,7700,0" yaku="7,1,25,2,52,1" doraHai="20" who="1" fromWho="3" sc="187,0,468,77,207,0,138,-77" /><INIT seed="5,0,0,3,3,129" ten="187,545,207,61" oya="1" hai0="73,52,128,1,109,130,49,41,12,2,23,36,66" hai1="84,105,14,108,120,25,92,110,45,3,56,62,20" hai2="59,18,24,29,80,90,127,63,125,115,81,64,40" hai3="96,46,65,135,133,9,113,22,87,57,31,0,67"/><U99/><E120/><V6/><F6/><W53/><G113/><T32/><D109/><U95/><E3/><V121/><F121/><W111/><G111/><T72/><D32/><U103/><E45/><V83/><F40/><W106/><G106/><T74/><D66/><U91/><E14/><V104/><F104/><W71/><G96/><T5/><D41/><U15/><E15/><V112/><F18/><W134/><G71/><T34/><D34/><U11/><E11/><V38/><F90/><W116/><G46/><T88/><D36/><U43/><E43/><V98/><F98/><W8/><G87/><T13/><D88/><U117/><E105/><V58/><F58/><W82/><G82/><T77/><D77/><U35/><E117/><V123/><F38/><W21/><G116/><T75/><D75/><U132/><E35/><N who="2" m="20903" /><F123/><W7/><G9/><N who="0" m="2223" /><D23/><N who="3" m="8713" /><G31/><T19/><D19/><U28/><E108/><V131/><F131/><N who="0" m="50218" /><D2/><U51/><E110/><V79/><F79/><W78/><G78/><T48/><D48/><AGARI ba="0,0" hai="0,7,8,48,53,57,65,67,133,134,135" m="8713" machi="48" ten="30,7700,0" yaku="20,1,52,3" doraHai="129" who="3" fromWho="0" sc="187,-77,545,0,207,0,61,77" /><INIT seed="6,0,0,2,2,127" ten="110,545,207,138" oya="2" hai0="93,64,53,68,15,99,3,20,92,42,39,23,107" hai1="8,61,132,65,118,88,80,116,98,44,7,102,129" hai2="121,133,72,16,41,108,13,131,29,95,69,79,33" hai3="91,128,125,36,11,74,40,27,45,81,87,60,100"/><V120/><F69/><W104/><G125/><T10/><D3/><U86/><E129/><V25/><F133/><W58/><G128/><T14/><D107/><U22/><E22/><V67/><F131/><W0/><G27/><T85/><D64/><U38/><E44/><V62/><F108/><W117/><G117/><T66/><D66/><U119/><E38/><V54/><F41/><W32/><G32/><T78/><D68/><U30/><E30/><V122/><F54/><W71/><G71/><T84/><D42/><U31/><E31/><V2/><F2/><W110/><G110/><T49/><D39/><U77/><E77/><V56/><F95/><N who="0" m="36426" /><D99/><U134/><E134/><V126/><F126/><W124/><G124/><T9/><D78/><U6/><E132/><V73/><REACH who="2" step="1"/><F79/><REACH who="2" ten="110,545,197,138" step="2"/><W24/><G0/><T51/><D53/><U76/><E118/><V18/><F18/><W12/><G74/><T115/><D115/><U5/><E76/><V17/><F17/><W37/><G104/><T135/><D135/><U4/><E119/><V123/><N who="2" m="30720" /><DORA hai="130" /><V57/><F57/><W34/><G58/><T105/><D105/><U112/><E116/><V96/><F96/><W111/><G111/><T97/><D97/><U19/><E19/><V101/><F101/><W106/><G100/><T109/><D109/><U90/><E98/><V114/><F114/><W82/><G106/><T50/><D15/><N who="1" m="5511" /><E102/><V26/><F26/><W63/><G12/><T70/><D70/><N who="1" m="42287" /><E112/><V75/><F75/><W28/><G40/><T52/><D14/><U1/><E1/><V48/><F48/><RYUUKYOKU ba="0,1" sc="110,-15,545,15,197,15,138,-15" hai1="5,6,7,80,86,88,90" hai2="13,16,25,29,33,56,62,67,72,73" /><INIT seed="6,1,1,3,5,61" ten="95,560,212,123" oya="2" hai0="28,50,57,40,41,3,76,58,115,9,102,39,53" hai1="46,131,73,45,133,81,21,125,70,15,77,119,101" hai2="132,103,91,38,5,74,79,13,24,31,27,63,34" hai3="124,94,89,62,118,106,83,87,92,80,19,69,110"/><V60/><F38/><W6/><G110/><T85/><D115/><U16/><E119/><V75/><F103/><W105/><G6/><T42/><D28/><U25/><E70/><V121/><F121/><W112/><G118/><T135/><D135/><U114/><E114/><V71/><F132/><W122/><G112/><T7/><D102/><U129/><E133/><V20/><F91/><W26/><G124/><T113/><D113/><U4/><E101/><V14/><F79/><W134/><G134/><T96/><D96/><U51/><E125/><V97/><F97/><W32/><G92/><T127/><D127/><U49/><E4/><V128/><F128/><N who="1" m="49225" /><E25/><V36/><F36/><W44/><G44/><AGARI ba="1,1" hai="15,16,21,44,45,46,49,51,73,77,81" m="49225" machi="44" ten="30,2000,0" yaku="19,1,54,1" doraHai="61" who="1" fromWho="3" sc="95,0,560,33,212,0,123,-23" /><INIT seed="7,0,0,1,0,63" ten="95,593,212,100" oya="3" hai0="71,16,83,17,27,100,9,78,65,57,118,127,124" hai1="7,93,98,38,131,28,45,84,120,19,133,114,109" hai2="88,33,55,43,46,68,74,8,31,89,134,107,128" hai3="26,4,66,132,44,51,73,69,126,104,79,42,135"/><W94/><G104/><T18/><D118/><U112/><E109/><V105/><F74/><W40/><G4/><T3/><D100/><U1/><E120/><V90/><F68/><W80/><G126/><N who="0" m="48171" /><D71/><U56/><E131/><V59/><F128/><W119/><G119/><T39/><D39/><U95/><E133/><N who="3" m="51274" /><G94/><T53/><D65/><U123/><E123/><V60/><F134/><W97/><G97/><T85/><D27/><U48/><E28/><V22/><F107/><W92/><G92/><T96/><D96/><U10/><E38/><V35/><F105/><W2/><G2/><T115/><D115/><N who="1" m="44075" /><E56/><V58/><F35/><W77/><G26/><T121/><D121/><U116/><E116/><V34/><F34/><W62/><G77/><T111/><D111/><U50/><E84/><V101/><F33/><W129/><G129/><T125/><N who="0" m="48179" /><T37/><DORA hai="11" /><D37/><U91/><E93/><V87/><F87/><W61/><G61/><N who="0" m="36015" /><D3/><U23/><E45/><V76/><F76/><W54/><AGARI ba="0,0" hai="40,42,44,51,54,62,66,69,73,79,80" m="51274" machi="54" ten="30,3000,0" yaku="20,1,52,1" doraHai="63,11" who="3" fromWho="3" sc="95,-10,593,-10,212,-10,100,30" /><INIT seed="7,1,0,1,0,112" ten="85,583,202,130" oya="3" hai0="88,127,65,55,1,132,73,113,134,6,40,121,10" hai1="14,26,68,38,83,125,104,110,135,16,103,82,58" hai2="47,31,100,35,86,53,50,60,109,32,89,108,105" hai3="118,9,13,74,4,45,75,111,72,41,102,96,15"/><W133/><G111/><T42/><D121/><U101/><E68/><V91/><F105/><W92/><G133/><T39/><D73/><U61/><E38/><V36/><F100/><N who="1" m="38473" /><E104/><V78/><F36/><W48/><REACH who="3" step="1"/><G15/><REACH who="3" ten="85,583,202,120" step="2"/><T52/><D113/><U20/><E135/><N who="0" m="51753" /><D127/><U67/><E125/><V71/><F109/><W22/><G22/><T66/><D39/><U129/><E110/><V128/><F108/><W97/><G97/><T23/><D23/><N who="1" m="11671" /><E129/><V80/><F128/><W70/><G70/><T29/><D29/><AGARI ba="1,1" hai="20,26,29,58,61,67,82,83" m="11671,38473" machi="29" ten="30,2000,0" yaku="8,1,54,1" doraHai="112" who="1" fromWho="0" sc="85,-23,583,33,202,0,120,0" owari="62,-43.8,616,71.6,202,0.2,120,-28.0" /></mjloggm>