<mjloggm ver="2.3"><GO type="169" lobby="0"/><UN n0="%6D%69%77%61%6B%75%40" n1="%73%79%6C%76%65%6F%6E" n2="%E3%83%91%E3%82%A1%E3%82%AF" n3="%E7%89%8C%E6%B5%81%E7%8A%B6%E6%85%8B%E9%BA%BB%E9%9B%80" dan="16,16,18,16" rate="2071.17,2171.18,2257.98,2138.56" sx="M,M,M,M"/><TAIKYOKU oya="0"/><INIT seed="0,0,0,0,0,45" ten="250,250,250,250" oya="0" hai0="97,110,73,60,47,119,19,108,43,11,6,36,89" hai1="94,101,105,122,28,55,102,27,58,12,20,0,92" hai2="51,75,95,134,86,70,120,69,71,91,57,100,115" hai3="72,123,25,96,111,79,39,59,7,1,117,93,135"/><T114/><D119/><U66/><E0/><V29/><F75/><W52/><G117/><T10/><D114/><U13/><E122/><V46/><F120/><W49/><G123/><T65/><D73/><U99/><E66/><V104/><F134/><W15/><G1/><T31/><D31/><U87/><E105/><V90/><F29/><W14/><G39/><T22/><D97/><N who="1" m="59559" /><E87/><V88/><F57/><W82/><G135/><T103/><D89/><U126/><E126/><V50/><F115/><W77/><G111/><N who="0" m="42539" /><D103/><U133/><E133/><V116/><F116/><W17/><G79/><T38/><D38/><U83/><E83/><V62/><F62/><AGARI ba="0,0" hai="12,13,20,27,28,55,58,62,94,99,102" m="59559" machi="62" ten="30,1000,0" yaku="8,1" doraHai="45" who="1" fromWho="2" sc="250,0,250,10,250,-10,250,0" /><INIT seed="1,0,0,0,0,85" ten="250,260,240,250" oya="1" hai0="59,80,23,29,22,14,110,5,42,54,131,45,32" hai1="30,88,135,56,57,65,12,100,120,2,7,86,134" hai2="71,39,84,49,104,9,46,83,19,60,17,68,16" hai3="21,15,99,95,31,43,77,6,26,61,91,48,87"/><U13/><E120/><V107/><F39/><W62/><G6/><T44/><D110/><U55/><E100/><V76/><F9/><W122/><G122/><T3/><D131/><U47/><E30/><V20/><F20/><W128/><G128/><T24/><D44/><U25/><E25/><V8/><F8/><W111/><G111/><T4/><D80/><U34/><E34/><V125/><F125/><W75/><G75/><T96/><D96/><U109/><E109/><V106/><REACH who="2" step="1"/><F60/><REACH who="2" ten="250,260,230,250" step="2"/><W10/><G10/><T53/><D3/><U101/><E2/><V98/><F98/><W35/><G35/><T72/><D23/><U112/><E7/><V73/><F73/><W92/><G62/><T41/><D72/><U36/><E36/><V67/><F67/><W116/><G61/><N who="0" m="36079" /><D32/><U127/><E127/><V1/><F1/><W126/><G126/><T28/><D29/><U40/><E65/><V89/><F89/><W124/><G124/><T18/><D28/><U58/><E112/><V117/><F117/><W113/><G116/><T90/><D90/><U74/><E74/><V102/><F102/><N who="3" m="60775" /><G113/><T114/><D114/><U132/><E101/><V97/><F97/><W66/><G66/><T63/><D63/><U130/><E130/><V69/><F69/><W70/><G70/><T93/><D5/><U115/><E115/><V121/><F121/><W94/><G77/><T0/><D0/><U78/><E78/><V81/><F81/><N who="3" m="49647" /><G15/><T27/><D4/><U52/><E13/><V51/><F51/><W119/><G119/><T118/><D118/><U105/><E12/><RYUUKYOKU ba="0,1" sc="250,-15,260,-15,230,15,250,15" hai2="16,17,19,46,49,68,71,76,83,84,104,106,107" hai3="21,26,31,43,48,94,95" /><INIT seed="2,1,1,5,2,5" ten="235,245,245,265" oya="2" hai0="51,81,128,68,52,98,46,74,36,104,55,12,111" hai1="61,18,8,40,57,16,106,80,130,121,23,129,27" hai2="32,127,50,72,123,17,49,125,102,15,2,118,133" hai3="93,105,0,62,56,31,47,108,109,86,44,26,120"/><V92/><F123/><W21/><G105/><T39/><D111/><N who="3" m="42569" /><G0/><T25/><D128/><N who="1" m="49259" /><E106/><V9/><F118/><W7/><G7/><T59/><D68/><U95/><E121/><V22/><F72/><W33/><G33/><T99/><D104/><U19/><E40/><V76/><F76/><W119/><G119/><T70/><D70/><U6/><E95/><V101/><F32/><W42/><G42/><T116/><D116/><U11/><E80/><V1/><F133/><W73/><G73/><T37/><D25/><U134/><E134/><V35/><F35/><W88/><G120/><T53/><D74/><U66/><E6/><N who="2" m="1231" /><F2/><W14/><G14/><T122/><D122/><U115/><E115/><V75/><F75/><W94/><G94/><T38/><N who="0" m="9216" /><DORA hai="87" /><T65/><D65/><AGARI ba="1,1" hai="21,26,31,44,47,56,62,65,86,88,93" m="42569" machi="65" ten="30,3900,0" yaku="14,1,52,1,54,1" doraHai="5,87" who="3" fromWho="0" sc="235,-42,245,0,245,0,265,52" /><INIT seed="3,0,0,4,3,29" ten="193,245,245,317" oya="3" hai0="93,119,69,60,31,95,41,99,133,67,51,87,92" hai1="94,122,102,16,55,100,59,107,96,82,129,121,15" hai2="17,81,75,72,62,101,8,25,22,109,28,89,4" hai3="24,20,48,88,30,43,19,131,73,78,132,44,70"/><W12/><G131/><T118/><D133/><U23/><E129/><V120/><F109/><W105/><G132/><T130/><D130/><U11/><E102/><V63/><F120/><W2/><G105/><T57/><D87/><U32/><E32/><V110/><F110/><W74/><G70/><T66/><D66/><U64/><E64/><V65/><F101/><W34/><G78/><T108/><D108/><U54/><E107/><V38/><F38/><W79/><G79/><T1/><D1/><U106/><E106/><V58/><F63/><W77/><G77/><T104/><D104/><U27/><E82/><V97/><F28/><W124/><G124/><T3/><D3/><U45/><E45/><V114/><F114/><W80/><REACH who="3" step="1"/><G2/><REACH who="3" ten="193,245,245,307" step="2"/><T14/><D69/><U21/><E121/><V76/><F75/><W128/><G128/><T50/><D119/><U112/><E122/><V61/><F72/><W85/><AGARI ba="0,1" hai="12,19,20,24,30,34,43,44,48,73,74,80,85,88" machi="85" ten="30,11700,0" yaku="1,1,0,1,52,1,54,1,53,0" doraHai="29" doraHaiUra="126" who="3" fromWho="3" sc="193,-39,245,-39,245,-39,307,127" /><INIT seed="3,1,0,2,5,77" ten="154,206,206,434" oya="3" hai0="20,99,82,13,95,107,46,63,18,66,86,98,71" hai1="78,73,47,27,76,89,131,10,50,113,132,72,48" hai2="65,119,54,128,126,100,123,109,26,35,44,122,36" hai3="115,62,34,60,33,80,96,64,2,68,118,83,59"/><W24/><G115/><T29/><D107/><U130/><E113/><V17/><F119/><W5/><G118/><T49/><D29/><U25/><E132/><V112/><F112/><W57/><G68/><T58/><D95/><U52/><E10/><V37/><F100/><W41/><G41/><T3/><D3/><U125/><E89/><V101/><F101/><W103/><G5/><T40/><REACH who="0" step="1"/><D71/><REACH who="0" ten="144,206,206,434" step="2"/><U53/><REACH who="1" step="1"/><E47/><REACH who="1" ten="144,196,206,434" step="2"/><V12/><F44/><W16/><G2/><T31/><D31/><U114/><E114/><V87/><F123/><W127/><G127/><AGARI ba="1,2" hai="25,27,48,50,52,53,72,73,76,78,125,127,130,131" machi="127" ten="25,6400,0" yaku="1,1,22,2,54,1,53,0" doraHai="77" doraHaiUra="111" who="1" fromWho="3" sc="144,0,196,87,206,0,434,-67" /><INIT seed="4,0,0,5,5,38" ten="144,283,206,367" oya="0" hai0="92,3,70,34,128,20,30,5,114,4,88,72,12" hai1="83,32,97,44,127,25,73,21,23,94,49,64,0" hai2="15,108,6,56,19,82,71,67,2,39,36,26,18" hai3="118,95,69,28,134,90,121,110,62,45,106,40,55"/><T13/><D70/><U47/><E0/><V27/><F108/><W17/><G110/><T105/><D72/><U1/><E1/><V79/><F71/><W78/><G118/><T98/><D114/><U77/><E127/><V115/><F2/><W132/><G106/><T8/><D128/><U113/><E113/><V61/><F115/><W109/><G109/><T74/><D74/><U75/><E75/><V41/><F6/><W101/><G78/><T50/><D105/><U81/><E64/><V24/><F41/><W133/><G121/><T80/><D34/><U84/><E32/><V87/><REACH who="2" step="1"/><F19/><REACH who="2" ten="144,283,196,367" step="2"/><W65/><G17/><T116/><D116/><U35/><E35/><V46/><F46/><W103/><G40/><T43/><D5/><U135/><E47/><V31/><F31/><W131/><G28/><T99/><D30/><U59/><E44/><V96/><F96/><N who="3" m="57463" /><G131/><T66/><D99/><U37/><E97/><V9/><AGARI ba="0,1" hai="9,15,18,24,26,27,36,39,56,61,67,79,82,87" machi="9" ten="30,4000,0" yaku="1,1,0,1,53,1" doraHai="38" doraHaiUra="10" who="2" fromWho="2" sc="144,-20,283,-10,196,50,367,-10" /><INIT seed="5,0,0,5,3,71" ten="124,273,246,357" oya="1" hai0="105,55,99,84,77,52,102,44,124,20,93,57,17" hai1="34,80,103,75,68,59,118,7,64,104,16,49,28" hai2="5,29,11,47,9,101,132,87,117,81,116,45,6" hai3="35,74,100,113,0,76,112,1,92,114,133,31,32"/><U2/><BYE who="3" /><E118/><V42/><F132/><W65/><G65/><T125/><D44/><U54/><E2/><V38/><F29/><W30/><G30/><T24/><D55/><UN n3="%E7%89%8C%E6%B5%81%E7%8A%B6%E6%85%8B%E9%BA%BB%E9%9B%80" /><U86/><E75/><V107/><F107/><W120/><G120/><T108/><D108/><U91/><E7/><V61/><F101/><W66/><G66/><T135/><D135/><U127/><E127/><V69/><F69/><W111/><G111/><T123/><D123/><U85/><E28/><V106/><F106/><W19/><G19/><T13/><D24/><U83/><E34/><N who="3" m="12842" /><G31/><T60/><REACH who="0" step="1"/><D105/><REACH who="0" ten="114,273,246,357" step="2"/><U23/><E104/><V37/><F61/><W40/><G133/><T4/><D4/><U89/><E54/><V56/><F5/><W26/><G26/><T122/><D122/><U62/><E62/><V73/><F6/><W36/><G0/><T88/><D88/><U126/><E91/><V22/><F45/><N who="3" m="23687" /><G1/><T21/><D21/><U33/><E23/><V3/><F22/><W70/><G114/><T109/><D109/><U8/><E33/><V82/><F3/><W63/><G113/><T119/><D119/><U58/><E89/><V53/><F117/><W79/><G112/><T27/><D27/><U25/><E126/><V121/><F47/><W39/><G63/><T10/><D10/><U96/><E8/><V50/><F11/><W72/><G79/><T43/><D43/><U128/><E25/><V78/><F9/><W51/><G76/><T129/><D129/><U95/><E128/><V98/><F78/><W97/><G51/><T90/><D90/><U41/><E49/><RYUUKYOKU ba="0,1" sc="114,30,273,-10,246,-10,357,-10" hai0="13,17,20,52,57,60,77,84,93,99,102,124,125" /><INIT seed="6,1,1,5,2,38" ten="144,263,236,347" oya="2" hai0="96,78,76,36,31,70,40,33,56,24,93,113,106" hai1="132,83,121,81,63,126,74,1,61,67,28,102,20" hai2="66,109,82,87,35,89,127,68,65,13,130,91,53" hai3="37,100,108,71,133,3,95,99,116,45,80,86,112"/><V104/><F127/><W77/><G108/><T12/><D113/><U42/><E1/><V51/><F35/><W18/><G116/><T7/><D70/><U30/><E126/><V97/><F130/><W114/><G71/><T118/><D106/><U19/><E132/><V72/><F109/><W79/><G133/><T134/><D118/><U64/><E121/><V92/><F68/><W54/><G3/><T14/><D134/><U69/><E102/><V98/><F72/><W124/><G124/><T123/><D123/><U52/><E67/><V59/><F104/><W85/><G18/><T6/><D56/><U34/><E34/><V128/><F128/><W25/><G25/><T115/><D115/><U16/><E19/><V103/><F98/><W50/><G37/><T88/><D14/><U48/><E63/><V120/><F120/><W119/><G119/><T46/><REACH who="0" step="1"/><D12/><REACH who="0" ten="134,263,236,347" step="2"/><U44/><E69/><V117/><F117/><W49/><G114/><T29/><D29/><U73/><E30/><V58/><F13/><W32/><G112/><T57/><D57/><U22/><E28/><V4/><F4/><AGARI ba="1,2" hai="4,6,7,24,31,33,36,40,46,76,78,88,93,96" machi="4" ten="40,8000,1" yaku="1,1,52,1,54,1,53,1" doraHai="38" doraHaiUra="27" who="0" fromWho="2" sc="134,103,263,0,236,-83,347,0" /><INIT seed="7,0,0,0,3,104" ten="237,263,153,347" oya="3" hai0="131,99,55,20,78,36,52,41,56,80,40,28,88" hai1="33,21,70,121,105,62,4,64,75,116,123,37,16" hai2="74,23,32,6,122,97,133,46,61,15,14,79,76" hai3="17,94,26,129,12,86,115,107,59,110,91,0,29"/><W50/><G0/><T8/><D131/><U45/><E105/><V19/><F133/><W106/><G129/><T39/><D36/><U77/><E33/><V31/><F122/><W93/><G115/><T58/><D8/><U30/><E30/><V34/><F97/><W126/><G126/><T57/><D39/><U27/><E4/><V85/><F85/><W108/><G94/><N who="0" m="56775" /><D80/><U54/><E116/><V69/><F46/><W9/><G59/><N who="0" m="22603" /><D78/><U66/><E66/><V49/><F49/><W81/><G50/><N who="0" m="30999" /><D55/><U95/><E54/><V96/><F61/><W3/><G3/><T119/><D119/><U103/><E45/><V63/><F63/><W117/><G81/><T68/><D68/><U83/><E37/><V53/><F53/><W11/><G11/><T18/><D28/><U35/><E35/><V92/><F69/><W10/><G10/><T47/><D47/><U73/><E73/><V90/><F79/><W2/><G2/><T1/><D1/><U38/><E38/><V51/><F51/><W22/><G117/><T120/><D120/><U127/><E127/><V132/><F132/><W101/><G107/><T118/><D118/><U128/><E128/><V42/><F42/><W114/><G9/><T13/><AGARI ba="0,0" hai="13,18,20,40,41" m="30999,22603,56775" machi="13" ten="30,4000,0" yaku="8,1,54,2" doraHai="104" who="0" fromWho="0" sc="237,40,263,-10,153,-10,347,-20" owari="277,7.7,253,-14.7,143,-35.7,327,42.7" /></mjloggm>