<mjloggm ver="2.3"><GO type="169" lobby="0"/><UN n0="%E2%98%86%41%64%72%69%61%6E" n1="%E3%81%A7%E3%82%93%E3%81%A4%E3%81%86" n2="%74%61%6B%65%33" n3="%61%6D%6F%2D%6D%65%64" dan="16,18,17,16" rate="2197.85,2196.94,2212.77,2063.79" sx="M,M,M,M"/><TAIKYOKU oya="0"/><INIT seed="0,0,0,3,1,107" ten="250,250,250,250" oya="0" hai0="126,6,86,55,82,67,132,130,72,114,102,18,13" hai1="49,37,77,111,93,26,3,135,116,71,62,88,117" hai2="133,29,75,54,2,33,0,69,30,115,66,23,63" hai3="85,103,46,14,87,19,52,47,70,38,57,110,79"/><T128/><D114/><U27/><E37/><V56/><F115/><W40/><G110/><T17/><D126/><U41/><E3/><V4/><F133/><W90/><G70/><T76/><D132/><U44/><E135/><V1/><F33/><W34/><G34/><T92/><D67/><U12/><E77/><V8/><F75/><W109/><G109/><T122/><D122/><U51/><E111/><V9/><F23/><W81/><G103/><T112/><D112/><U61/><E12/><V22/><F22/><W89/><G47/><T65/><D65/><U78/><E78/><V16/><F16/><N who="0" m="6250" /><D55/><U68/><E68/><V95/><F95/><W74/><G87/><T131/><D102/><U11/><E11/><V53/><F53/><W58/><G58/><T31/><D31/><U84/><E71/><V118/><F118/><W124/><G124/><T129/><D129/><U59/><E116/><V83/><F83/><W73/><G74/><T32/><D32/><U98/><E117/><V20/><F20/><W28/><G28/><T120/><D120/><U35/><E35/><V36/><F36/><W45/><G45/><T64/><D64/><U106/><E106/><V43/><F43/><W123/><G123/><T121/><D121/><U21/><E84/><V24/><F24/><N who="1" m="9257" /><E21/><V99/><F99/><W105/><G105/><T113/><D113/><U101/><E101/><V125/><F125/><W80/><G73/><T25/><D25/><U5/><E5/><N who="2" m="1063" /><F1/><W104/><G104/><T10/><D72/><U42/><E42/><V91/><F91/><W60/><G80/><RYUUKYOKU ba="0,0" sc="250,0,250,0,250,0,250,0" hai0="6,10,13,76,82,86,92,128,130,131" hai1="41,44,49,51,59,61,62,88,93,98" hai2="2,4,9,29,30,54,56,63,66,69" hai3="14,19,38,40,46,52,57,60,79,81,85,89,90" /><INIT seed="0,1,0,2,3,19" ten="250,250,250,250" oya="0" hai0="52,133,114,89,78,16,85,50,107,29,11,49,43" hai1="36,99,2,47,1,56,21,23,83,104,32,98,103" hai2="35,60,92,27,10,73,7,30,6,15,130,51,90" hai3="119,71,82,105,0,77,57,8,132,129,67,14,46"/><T110/><D114/><U134/><E32/><V17/><F130/><W112/><G112/><T25/><D107/><U54/><E134/><V61/><F73/><W81/><G119/><T93/><D133/><U26/><E83/><V76/><F76/><W108/><G108/><T42/><D50/><U120/><E120/><V84/><F51/><W125/><G132/><T33/><D78/><U55/><E99/><V64/><REACH who="2" step="1"/><F60/><REACH who="2" ten="250,250,240,250" step="2"/><W94/><G129/><T96/><D110/><U87/><E36/><V79/><F79/><W126/><G77/><T63/><D63/><U91/><E1/><V68/><AGARI ba="1,1" hai="6,7,10,15,17,27,30,35,61,64,68,84,90,92" machi="68" ten="20,2700,0" yaku="1,1,0,1,7,1,53,0" doraHai="19" doraHaiUra="106" who="2" fromWho="2" sc="250,-14,250,-8,240,40,250,-8" /><INIT seed="1,0,0,5,3,44" ten="236,242,280,242" oya="1" hai0="34,3,76,69,42,32,84,91,55,115,58,18,68" hai1="100,1,99,88,87,119,81,47,61,37,78,97,110" hai2="75,15,80,43,0,132,64,95,111,105,79,60,128" hai3="39,93,27,25,71,104,108,5,56,96,107,51,20"/><U94/><E119/><V10/><F0/><W8/><G108/><T116/><D115/><U112/><E1/><V48/><F111/><W86/><G71/><T21/><D116/><U45/><E110/><V131/><F105/><W33/><G39/><T16/><D76/><U70/><E112/><V53/><F43/><W40/><G33/><T65/><D42/><U23/><E37/><V103/><F132/><W125/><G125/><T121/><D121/><U50/><E23/><V24/><F24/><W98/><G86/><T126/><D3/><U67/><REACH who="1" step="1"/><E50/><REACH who="1" ten="236,232,280,242" step="2"/><V12/><F48/><W36/><G36/><T113/><D113/><U123/><E123/><V109/><F109/><W11/><G20/><T124/><D21/><U74/><E74/><V63/><F75/><W77/><G51/><T129/><D34/><U130/><E130/><V13/><F131/><W133/><G133/><T52/><D32/><U41/><E41/><V57/><F128/><W117/><G40/><T2/><D2/><U135/><E135/><V19/><F10/><W17/><G117/><T72/><D72/><U14/><E14/><V54/><F12/><W118/><G118/><T46/><D129/><U92/><AGARI ba="0,1" hai="45,47,61,67,70,78,81,87,88,92,94,97,99,100" machi="92" ten="20,12000,1" yaku="1,1,0,1,7,1,54,1,53,1" doraHai="44" doraHaiUra="82" who="1" fromWho="1" sc="236,-40,232,130,280,-40,242,-40" /><INIT seed="1,1,0,2,5,101" ten="196,362,240,202" oya="1" hai0="75,34,70,86,124,128,92,90,15,105,6,106,64" hai1="82,29,103,132,118,51,9,113,32,80,108,18,91" hai2="72,73,83,11,3,127,69,52,50,36,126,20,30" hai3="53,123,47,40,78,74,16,62,112,88,66,35,87"/><U65/><E113/><V122/><F36/><W23/><G123/><T104/><D75/><U61/><E118/><V33/><F33/><W14/><G112/><T42/><D34/><U95/><E132/><V121/><F69/><W60/><G35/><T81/><D128/><U38/><E38/><V56/><F30/><W58/><G74/><T59/><D124/><N who="2" m="47658" /><F20/><W107/><G78/><T26/><D42/><U46/><E103/><V10/><F73/><W89/><G107/><T45/><D45/><U99/><E108/><V37/><F37/><W31/><G31/><T129/><D26/><U119/><E29/><V7/><F11/><W27/><G27/><T97/><D70/><U85/><E119/><V54/><F54/><W24/><G24/><T22/><D129/><U135/><E135/><V5/><F5/><W109/><G109/><T0/><D0/><U55/><E32/><V110/><F110/><W94/><G89/><T12/><D6/><U98/><E82/><V68/><F68/><W125/><G125/><T17/><D64/><U102/><E99/><V79/><AGARI ba="1,0" hai="3,7,10,50,52,56,72,79,83,121,122" m="47658" machi="79" ten="30,2000,0" yaku="18,1,54,1" doraHai="101" who="2" fromWho="2" sc="196,-6,362,-11,240,23,202,-6" /><INIT seed="2,0,0,3,1,27" ten="190,351,263,196" oya="2" hai0="34,5,42,46,40,113,52,7,35,66,116,127,103" hai1="56,76,49,75,60,57,87,12,78,65,81,61,67" hai2="44,80,32,88,0,63,109,50,23,19,4,26,3" hai3="110,119,15,18,79,128,91,132,108,83,133,54,114"/><V131/><F131/><W130/><G54/><T86/><D113/><U94/><E75/><V47/><F32/><W107/><G18/><T69/><D127/><U89/><E49/><V29/><F109/><N who="3" m="42091" /><G15/><T39/><D116/><U115/><E115/><V96/><F47/><W48/><G48/><T105/><D42/><U64/><E64/><V123/><F123/><W9/><G9/><T10/><D86/><U84/><E12/><V70/><F4/><W59/><G59/><T95/><D95/><U93/><E94/><V1/><F19/><W129/><G114/><T112/><D52/><U51/><E51/><V11/><F11/><W111/><N who="3" m="42099" /><W31/><DORA hai="41" /><G31/><T2/><D5/><U36/><E36/><V73/><F96/><W90/><G119/><T99/><D112/><U126/><E126/><V77/><F88/><AGARI ba="0,0" hai="56,57,60,61,65,67,76,78,81,84,87,88,89,93" machi="88" ten="30,7700,0" yaku="7,1,9,1,8,1,54,1" doraHai="27,41" who="1" fromWho="2" sc="190,0,351,77,263,-77,196,0" /><INIT seed="3,0,0,2,0,126" ten="190,428,186,196" oya="3" hai0="98,109,94,85,10,111,71,9,47,122,116,80,87" hai1="48,20,128,51,107,39,74,58,13,54,63,61,7" hai2="124,50,8,118,104,28,120,37,25,135,53,6,96" hai3="72,24,11,56,35,12,3,115,57,90,123,93,127"/><W91/><G115/><T99/><D122/><U0/><E107/><V132/><F37/><W29/><G123/><T119/><D47/><U68/><E74/><V46/><F118/><W102/><G127/><T97/><D71/><U66/><E39/><V89/><F124/><W62/><G3/><T21/><D21/><U42/><E0/><V103/><F120/><W44/><G72/><T26/><D26/><U41/><E7/><V14/><REACH who="2" step="1"/><F89/><REACH who="2" ten="190,428,176,196" step="2"/><W95/><G102/><T106/><D119/><U69/><E42/><V18/><F18/><W27/><G29/><T131/><D116/><U134/><E41/><V17/><F17/><W84/><G91/><T65/><D109/><U45/><E134/><V33/><AGARI ba="0,1" hai="6,8,14,25,28,33,46,50,53,96,103,104,132,135" machi="33" ten="30,2000,0" yaku="1,1,0,1,53,0" doraHai="126" doraHaiUra="32" who="2" fromWho="2" sc="190,-5,428,-5,176,30,196,-10" /><INIT seed="4,0,0,2,1,75" ten="185,423,206,186" oya="0" hai0="117,5,95,59,111,39,51,32,74,29,120,7,116" hai1="96,123,48,76,91,118,55,98,93,3,36,31,77" hai2="94,56,90,4,85,41,132,23,53,24,20,82,126" hai3="34,13,87,60,19,17,35,86,9,115,131,58,6"/><T43/><D120/><U8/><E36/><V21/><F126/><W124/><G124/><T0/><D111/><U65/><E118/><V27/><F132/><W25/><G115/><T18/><D39/><U129/><E123/><V2/><F41/><W108/><G108/><T113/><D113/><U101/><E65/><V79/><F4/><W133/><G133/><T78/><D18/><U100/><E31/><V83/><F83/><W40/><G131/><T97/><D29/><U49/><E49/><V88/><F2/><W103/><G103/><T38/><D32/><U122/><E122/><V89/><REACH who="2" step="1"/><F94/><REACH who="2" ten="185,423,196,186" step="2"/><W64/><G40/><T44/><D7/><U73/><E3/><V1/><F1/><W72/><G6/><T28/><D117/><U107/><E129/><V109/><F109/><W69/><G72/><T22/><D116/><U81/><E81/><V106/><F106/><W52/><G35/><T15/><D0/><U66/><E73/><V68/><F68/><W26/><G34/><T42/><D38/><U54/><E93/><V110/><F110/><W61/><REACH who="3" step="1"/><G26/><REACH who="3" ten="185,423,196,176" step="2"/><T37/><D42/><U10/><E107/><V92/><F92/><W99/><G99/><T12/><D5/><U50/><E98/><V121/><F121/><W70/><G70/><T71/><D71/><U125/><E96/><V104/><F104/><W105/><G105/><T114/><D114/><U46/><E125/><V112/><F112/><W134/><G134/><T30/><D97/><U128/><E128/><V102/><F102/><W14/><G14/><T135/><D15/><U119/><E101/><RYUUKYOKU ba="0,2" sc="185,-15,423,-15,196,15,176,15" hai2="20,21,23,24,27,53,56,79,82,85,88,89,90" hai3="9,13,17,19,25,52,58,60,61,64,69,86,87" /><INIT seed="5,1,2,5,5,40" ten="170,408,211,191" oya="1" hai0="48,65,15,19,125,54,119,77,78,35,59,13,103" hai1="30,29,86,62,114,84,2,90,5,83,7,118,43" hai2="67,116,20,21,9,66,112,23,85,46,129,14,47" hai3="33,22,45,75,88,111,115,63,34,101,128,1,89"/><U37/><E118/><V122/><F122/><W74/><G111/><T126/><D119/><U117/><E117/><V87/><F116/><W10/><G101/><T104/><D35/><U4/><E114/><V0/><F0/><W24/><G115/><T108/><D108/><U110/><E2/><V60/><F129/><W102/><G102/><T127/><D15/><U42/><E110/><V64/><F60/><W69/><G45/><N who="2" m="16905" /><F112/><W31/><G128/><T70/><D103/><U124/><E124/><V8/><F8/><W99/><G75/><T73/><D73/><U72/><E72/><V52/><F52/><W95/><G74/><T131/><D104/><U100/><E100/><V39/><F39/><W82/><G69/><T16/><D131/><U55/><E37/><V133/><F133/><W120/><G120/><T57/><D70/><U17/><E55/><V94/><F94/><W130/><G130/><T132/><D132/><U50/><E62/><V18/><AGARI ba="1,2" hai="9,14,18,20,21,23,64,66,67,85,87" m="16905" machi="18" ten="40,8000,1" yaku="8,1,52,3" doraHai="40" who="2" fromWho="2" sc="170,-21,408,-41,211,103,191,-21" /><INIT seed="6,0,0,4,3,81" ten="149,367,314,170" oya="2" hai0="46,79,123,18,21,92,42,122,101,2,8,94,115" hai1="44,36,114,87,99,112,67,107,59,98,80,31,7" hai2="17,29,110,75,12,121,61,84,55,90,103,39,5" hai3="4,28,56,54,76,30,97,23,104,71,70,118,82"/><V88/><F121/><W9/><G118/><T116/><D115/><N who="1" m="44075" /><E107/><V91/><F75/><W11/><G104/><T1/><D116/><U0/><E31/><V119/><F119/><W106/><G106/><T51/><D79/><N who="1" m="46495" /><E7/><V86/><F39/><W64/><G97/><T95/><D101/><U73/><E0/><V129/><F129/><W24/><G64/><T105/><D105/><U131/><E73/><V111/><F5/><W52/><G54/><T38/><D38/><U100/><E100/><V78/><F29/><W125/><G125/><T25/><REACH who="0" step="1"/><D8/><REACH who="0" ten="139,367,314,170" step="2"/><U37/><E37/><V85/><F78/><W32/><G11/><T83/><D83/><U22/><E131/><V72/><F103/><W124/><G124/><T58/><D58/><U60/><E36/><V3/><F72/><W109/><G109/><N who="2" m="41481" /><F3/><AGARI ba="0,1" hai="1,2,3,18,21,25,42,46,51,92,94,95,122,123" machi="3" ten="40,1300,0" yaku="1,1,53,0" doraHai="81" doraHaiUra="77" who="0" fromWho="2" sc="139,23,367,0,314,-13,170,0" /><INIT seed="7,0,0,3,3,20" ten="162,367,301,170" oya="3" hai0="43,34,106,40,91,76,60,73,88,135,120,107,58" hai1="126,29,5,15,48,130,70,11,77,24,9,129,92" hai2="2,17,10,89,104,47,125,7,36,112,19,81,8" hai3="90,93,54,95,103,38,79,96,127,74,110,18,53"/><W1/><G38/><T26/><D120/><U32/><E70/><V65/><F104/><W72/><G1/><T114/><D107/><U102/><E126/><V66/><F125/><W55/><G127/><T59/><D106/><U45/><E77/><V0/><F112/><W50/><G110/><T67/><D114/><U41/><E11/><V98/><F98/><W30/><G79/><T44/><D135/><U105/><E105/><V122/><F122/><W37/><G37/><T80/><D59/><U128/><E92/><V69/><F69/><W116/><G116/><T31/><D43/><U23/><E102/><V123/><F123/><W14/><G30/><T75/><D75/><U85/><E85/><V86/><F36/><AGARI ba="0,0" hai="26,31,34,36,40,44,58,60,67,73,76,80,88,91" machi="36" ten="30,3900,0" yaku="7,1,52,1,54,1" doraHai="20" who="0" fromWho="2" sc="162,39,367,0,301,-39,170,0" owari="201,-19.9,367,46.7,262,6.2,170,-33.0" /></mjloggm>