<mjloggm ver="2.3"><GO type="169" lobby="0"/><UN n0="%6B%75%72%6F%6E%6F%35%39" n1="%E3%82%88%E3%81%86%E3%81%B8%E3%83%BC%58" n2="%E9%BB%92%E7%8C%AB%E3%81%AE%E3%83%8E%E3%83%B3" n3="%41%E7%9F%B3%E6%A9%8B" dan="16,16,16,16" rate="2130.15,2141.98,2098.34,2146.35" sx="M,M,M,M"/><TAIKYOKU oya="0"/><INIT seed="0,0,0,5,2,50" ten="250,250,250,250" oya="0" hai0="95,58,6,48,53,67,47,17,97,124,1,56,112" hai1="27,60,22,93,19,81,119,116,98,110,134,31,57" hai2="101,23,36,115,68,33,130,76,132,54,30,114,38" hai3="55,122,100,123,117,79,86,87,120,52,8,13,75"/><T34/><D112/><U32/><E110/><V129/><F33/><W49/><G117/><T18/><D124/><U125/><E134/><V10/><F10/><W66/><G66/><T108/><D34/><U4/><E81/><V12/><F132/><W71/><G71/><T92/><D108/><U99/><E4/><V90/><F76/><W113/><G113/><N who="2" m="43017" /><F101/><W64/><G64/><T70/><D70/><U118/><E125/><V0/><F0/><W25/><G100/><T131/><D131/><N who="2" m="50186" /><F90/><W51/><G25/><T83/><D6/><U127/><E127/><V62/><F68/><W80/><G51/><T96/><D1/><U14/><REACH who="1" step="1"/><E93/><REACH who="1" ten="250,240,250,250" step="2"/><V69/><F69/><W35/><G35/><T88/><D83/><U94/><E94/><V109/><F109/><W63/><G63/><N who="0" m="38375" /><D47/><U39/><E39/><V91/><F38/><W37/><G37/><T78/><D78/><U26/><E26/><V105/><F36/><W85/><REACH who="3" step="1"/><G49/><REACH who="3" ten="250,240,250,240" step="2"/><T103/><AGARI ba="0,2" hai="17,18,48,53,58,88,92,95,96,97,103" m="38375" machi="103" ten="30,6000,0" yaku="8,1,52,1,54,1" doraHai="50" who="0" fromWho="0" sc="250,80,240,-20,250,-20,240,-20" /><INIT seed="0,1,0,1,3,51" ten="330,220,230,220" oya="0" hai0="69,57,25,29,20,99,104,84,1,110,86,112,80" hai1="72,93,113,0,65,75,100,106,92,81,4,94,118" hai2="23,62,111,9,12,11,133,124,38,129,16,10,30" hai3="34,22,135,128,5,78,33,79,107,101,43,85,7"/><T64/><D112/><U119/><E65/><V70/><F38/><W117/><G117/><N who="1" m="44554" /><E4/><V83/><F83/><W122/><G122/><T37/><D110/><U46/><E46/><V28/><F111/><W108/><G108/><T17/><D37/><U77/><E0/><V68/><F124/><W76/><G128/><T95/><D1/><U6/><E6/><V74/><F74/><N who="1" m="28201" /><E113/><V97/><F129/><W71/><G71/><T49/><D69/><U27/><E27/><V115/><F115/><W50/><G135/><T105/><D17/><U116/><N who="1" m="44562" /><U87/><DORA hai="90" /><E106/><V123/><F133/><W18/><G7/><T59/><D59/><U63/><E63/><V53/><F123/><W131/><G5/><T47/><D57/><U130/><E130/><V40/><F40/><W2/><G2/><T89/><D64/><U82/><E82/><V114/><F114/><W127/><G131/><T31/><D31/><U24/><E24/><V88/><F70/><W54/><G43/><T35/><D35/><U41/><E41/><V121/><F121/><W3/><G3/><T66/><D66/><U52/><E52/><V60/><F68/><W26/><G127/><T21/><D21/><U45/><E45/><V96/><F62/><W8/><G8/><T56/><D56/><U14/><E14/><V58/><F30/><W55/><G55/><N who="0" m="30143" /><D80/><U125/><E125/><V13/><F28/><W102/><G107/><T36/><D36/><U39/><E39/><V73/><F60/><W19/><G34/><T67/><D67/><U91/><E100/><N who="3" m="38506" /><G33/><T126/><D126/><RYUUKYOKU ba="1,0" sc="330,15,220,15,230,-15,220,-15" hai0="20,25,29,84,86,89,95,99,104,105" hai1="77,81,87,91,92,93,94" /><INIT seed="0,2,0,2,4,15" ten="345,235,215,205" oya="0" hai0="7,58,29,5,98,130,22,24,85,131,70,46,36" hai1="62,60,107,57,109,86,73,135,84,1,117,94,4" hai2="68,34,64,103,132,65,74,67,87,55,33,12,128" hai3="28,127,119,112,90,75,26,52,31,27,13,80,43"/><T99/><D70/><U2/><E107/><V76/><F74/><W111/><G112/><T124/><D124/><U63/><E73/><V9/><F68/><W134/><G119/><T44/><D85/><N who="1" m="32875" /><E117/><V35/><F132/><W126/><G134/><T42/><D58/><U121/><E135/><V71/><F128/><N who="0" m="49194" /><D46/><U104/><E104/><V91/><F103/><W37/><G111/><T97/><AGARI ba="2,0" hai="5,7,22,24,29,36,42,44,97,98,99" m="49194" machi="97" ten="30,1500,0" yaku="19,1" doraHai="15" who="0" fromWho="0" sc="345,21,235,-7,215,-7,205,-7" /><INIT seed="0,3,0,4,4,135" ten="366,228,208,198" oya="0" hai0="121,71,61,119,86,112,48,36,80,78,133,14,29" hai1="57,39,35,67,97,82,131,101,129,17,30,103,134" hai2="65,118,37,8,60,95,23,79,120,45,24,115,88" hai3="31,11,69,92,93,107,53,9,63,13,81,12,77"/><T55/><D112/><U83/><E134/><V85/><F115/><W102/><G31/><T66/><D133/><U96/><E39/><V6/><F120/><W99/><G69/><T10/><D119/><U132/><E132/><V49/><F118/><W54/><G63/><T70/><D121/><U5/><E17/><V87/><F37/><W40/><G40/><T33/><D36/><U125/><E5/><V130/><F130/><N who="1" m="49673" /><E30/><V7/><F79/><W56/><G56/><T76/><D71/><U128/><N who="1" m="49681" /><U3/><DORA hai="21" /><E3/><V58/><F87/><W73/><G107/><T117/><D117/><U91/><E35/><V75/><F75/><W19/><REACH who="3" step="1"/><G93/><REACH who="3" ten="366,228,208,188" step="2"/><T62/><D62/><U89/><E57/><V108/><F108/><W98/><G98/><N who="1" m="37994" /><E67/><V25/><F65/><W27/><G27/><T72/><D29/><U43/><E43/><V68/><F25/><W26/><G26/><T110/><D33/><U123/><E123/><V116/><F68/><W41/><G41/><T111/><D72/><U0/><E0/><V34/><F24/><W47/><G47/><T109/><D111/><U122/><E122/><V90/><F116/><W114/><G114/><T127/><D110/><U20/><E20/><V64/><F23/><W113/><G113/><T18/><D109/><U38/><E38/><V126/><F64/><W94/><G94/><T1/><D1/><U106/><E106/><V28/><F95/><W74/><G74/><T104/><D104/><U22/><E22/><V50/><F28/><W52/><G52/><T32/><D32/><U46/><E46/><RYUUKYOKU ba="3,1" sc="366,-10,228,-10,208,-10,188,30" hai3="9,11,12,13,19,53,54,73,77,81,92,99,102" /><INIT seed="1,4,1,3,0,27" ten="356,218,198,218" oya="1" hai0="69,76,15,24,71,82,49,37,84,1,45,28,42" hai1="56,2,109,124,112,113,20,92,117,107,106,78,93" hai2="81,94,114,122,54,65,52,96,64,23,0,129,77" hai3="53,119,66,97,21,51,72,134,116,61,60,73,7"/><U63/><E2/><V100/><F122/><W19/><G7/><T118/><D1/><U89/><E117/><N who="3" m="45130" /><G134/><T44/><D118/><U79/><E20/><V68/><F0/><W11/><G11/><T87/><D87/><N who="1" m="52287" /><E56/><V123/><F123/><W22/><G97/><T3/><D3/><U14/><E14/><V130/><F114/><N who="1" m="44137" /><E63/><N who="3" m="24138" /><G66/><N who="2" m="25705" /><F23/><N who="3" m="8715" /><G19/><T26/><D15/><U38/><E38/><V132/><F132/><W16/><G16/><T127/><D127/><U75/><E124/><V4/><F4/><W121/><G121/><T101/><D101/><U85/><E109/><V99/><F68/><W25/><G25/><T58/><D58/><AGARI ba="4,1" hai="51,53,58,72,73" m="8715,24138,45130" machi="58" ten="30,1000,0" yaku="12,1" doraHai="27" who="3" fromWho="0" sc="356,-22,218,0,198,0,218,32" /><INIT seed="2,0,0,5,3,98" ten="334,218,198,250" oya="2" hai0="91,84,88,25,85,104,16,39,8,9,20,59,12" hai1="97,87,67,76,36,93,22,83,110,124,127,81,24" hai2="131,69,109,117,56,65,86,106,130,31,0,111,121" hai3="73,48,14,33,29,126,120,50,90,34,58,38,27"/><V96/><F117/><W37/><G120/><T116/><D116/><U134/><E36/><V21/><F121/><W30/><G126/><N who="1" m="48170" /><E67/><V26/><F0/><W95/><G73/><T41/><D104/><U4/><E4/><V70/><F86/><W78/><G78/><T105/><D105/><U32/><E32/><V57/><F65/><W19/><G38/><T6/><D39/><U94/><E134/><V89/><F57/><W45/><G58/><T122/><D41/><U100/><E110/><N who="2" m="41995" /><F56/><W47/><G47/><T28/><D122/><U71/><E71/><N who="2" m="27147" /><F89/><W13/><G13/><T15/><D59/><U132/><E132/><V44/><F44/><W75/><G75/><T101/><D101/><AGARI ba="0,0" hai="21,26,31,96,101,106,130,131" m="27147,41995" machi="101" ten="40,7700,0" yaku="14,1,10,1,52,1" doraHai="98" who="2" fromWho="0" sc="334,-77,218,0,198,77,250,0" /><INIT seed="2,1,0,2,2,35" ten="257,218,275,250" oya="2" hai0="19,90,31,81,96,105,104,55,76,68,28,45,131" hai1="125,11,83,1,21,25,113,56,46,129,0,89,65" hai2="117,23,135,24,133,41,100,95,14,10,48,109,54" hai3="8,67,75,52,127,112,98,4,114,20,87,92,97"/><V63/><F117/><W18/><G127/><T123/><D123/><U73/><E113/><N who="3" m="43626" /><G75/><T115/><D115/><U37/><E125/><V94/><F109/><W5/><G67/><T103/><D131/><U72/><E129/><V101/><F41/><W88/><G5/><T12/><D105/><U9/><E37/><V108/><F108/><W42/><G42/><T13/><D68/><U106/><E46/><N who="2" m="27927" /><F63/><W69/><G69/><T77/><D90/><U43/><E43/><V34/><F34/><W78/><G78/><T36/><D77/><U60/><E106/><V132/><F101/><W70/><G70/><T121/><D121/><U16/><E73/><V118/><F100/><W66/><G66/><T53/><D13/><U84/><REACH who="1" step="1"/><E72/><REACH who="1" ten="257,208,275,250" step="2"/><V120/><F118/><W22/><G22/><T40/><D31/><U122/><E122/><V61/><F120/><W99/><G52/><T44/><D28/><U116/><E116/><V93/><F135/><W107/><G107/><T30/><D30/><U49/><E49/><V26/><F133/><W6/><G8/><AGARI ba="1,1" hai="0,1,8,9,11,16,21,25,56,60,65,83,84,89" machi="8" ten="40,8000,1" yaku="1,1,52,2,54,1,53,0" doraHai="35" doraHaiUra="71" who="1" fromWho="3" sc="257,0,208,93,275,0,250,-83" /><INIT seed="3,0,0,0,3,53" ten="257,301,275,167" oya="3" hai0="114,52,59,64,87,27,24,37,46,116,130,45,30" hai1="69,88,40,63,66,0,75,125,44,62,17,119,19" hai2="97,20,50,26,81,133,101,36,72,28,7,55,11" hai3="25,9,15,57,77,80,106,39,21,82,23,110,107"/><W61/><G39/><T89/><D116/><U16/><E119/><V85/><F133/><W35/><G35/><T5/><D130/><U33/><E33/><V128/><F128/><W131/><G131/><T6/><D114/><U134/><E0/><V67/><F36/><W14/><G110/><T93/><D64/><U70/><E75/><V113/><F113/><W112/><G112/><T104/><D104/><U22/><E134/><V124/><F124/><W51/><G51/><T78/><D78/><U122/><E122/><V42/><F67/><W10/><G61/><N who="0" m="36071" /><D37/><U100/><E100/><V65/><F65/><W3/><G77/><T74/><D74/><U1/><E1/><V117/><F72/><W71/><G3/><T91/><D91/><U47/><E125/><V13/><F117/><W126/><G25/><N who="0" m="9803" /><D30/><U38/><E69/><V34/><F34/><W115/><G115/><T43/><D43/><U132/><E132/><V83/><F42/><W68/><REACH who="3" step="1"/><G126/><REACH who="3" ten="257,301,275,157" step="2"/><T94/><D94/><U98/><E63/><V129/><F129/><W76/><G76/><T18/><D18/><U32/><E32/><V86/><F81/><W48/><G48/><T60/><D60/><U109/><E109/><V102/><F83/><W120/><G120/><T29/><D29/><U105/><E105/><V123/><F123/><W79/><G79/><T135/><D135/><U56/><E19/><V108/><F108/><W8/><G8/><T96/><D5/><U12/><E17/><V103/><REACH who="2" step="1"/><F97/><REACH who="2" ten="257,301,265,157" step="2"/><W127/><G127/><T84/><D6/><U4/><E4/><V54/><F54/><RYUUKYOKU ba="0,2" sc="257,10,301,-30,265,10,157,10" hai0="45,46,84,87,89,93,96" hai2="7,11,13,20,26,28,50,55,85,86,101,102,103" hai3="9,10,14,15,21,23,57,68,71,80,82,106,107" /><INIT seed="3,1,2,5,1,131" ten="267,271,275,167" oya="3" hai0="117,100,90,8,1,27,111,45,109,23,25,89,0" hai1="122,82,97,6,15,81,103,40,102,128,28,30,120" hai2="114,19,95,31,119,2,33,18,5,10,115,126,110" hai3="22,86,50,85,13,125,35,61,77,55,65,91,59"/><W121/><G121/><N who="1" m="46698" /><E40/><V130/><F119/><W92/><G125/><T72/><D117/><U62/><E128/><V57/><F130/><W123/><G123/><T63/><D72/><U7/><E62/><V98/><F126/><W29/><G35/><T14/><D100/><N who="1" m="38443" /><E97/><V124/><F124/><W51/><G29/><N who="1" m="11370" /><E15/><V34/><F98/><W101/><G101/><T79/><D63/><U39/><E39/><V52/><F33/><W93/><G55/><T83/><D45/><U42/><E42/><V132/><F31/><W36/><G36/><T54/><D54/><U112/><E112/><V68/><F34/><W71/><G71/><T38/><D38/><U78/><E78/><V12/><F68/><W4/><G77/><T26/><D23/><U96/><E96/><V127/><F127/><W105/><G105/><T20/><D20/><U46/><E46/><V69/><F69/><W17/><REACH who="3" step="1"/><G4/><AGARI ba="1,2" hai="4,6,7,81,82" m="11370,38443,46698" machi="4" ten="30,2000,0" yaku="28,2" doraHai="131" who="1" fromWho="3" sc="267,0,271,43,275,0,167,-23" /><INIT seed="4,0,0,3,2,102" ten="267,314,275,144" oya="0" hai0="120,116,29,114,98,19,125,106,22,72,105,128,79" hai1="52,46,2,122,90,71,26,99,81,91,28,123,44" hai2="75,112,83,41,63,111,69,38,48,84,74,33,43" hai3="17,1,134,104,76,4,68,5,65,89,32,42,92"/><T130/><D114/><U97/><E2/><V18/><F111/><W56/><G32/><T87/><D116/><U103/><E71/><V8/><F33/><W124/><G68/><T30/><D120/><U23/><E99/><V88/><F112/><W21/><G134/><T86/><D72/><U49/><E44/><V59/><F69/><W16/><G124/><T77/><D125/><U64/><E64/><V11/><F38/><W31/><G76/><N who="0" m="29259" /><D98/><U25/><E91/><V50/><F75/><W96/><G42/><N who="2" m="15881" /><F74/><W14/><G104/><N who="0" m="40043" /><D19/><U24/><E123/><V55/><F18/><W119/><G119/><T118/><D118/><U0/><E0/><V13/><F13/><W3/><G3/><T108/><D108/><U127/><E122/><V78/><F78/><W70/><G70/><T40/><D40/><U60/><E127/><V9/><AGARI ba="0,0" hai="8,9,11,48,50,55,59,63,83,84,88" m="15881" machi="9" ten="30,2000,0" yaku="8,1,54,1" doraHai="102" who="2" fromWho="2" sc="267,-10,314,-5,275,20,144,-5" /><INIT seed="5,0,0,5,4,101" ten="257,309,295,139" oya="1" hai0="46,118,10,41,66,90,131,124,78,39,26,119,43" hai1="71,17,67,24,130,104,8,103,129,21,58,134,55" hai2="60,14,122,28,83,99,47,32,44,52,30,2,92" hai3="135,77,9,72,34,80,108,88,125,5,49,40,127"/><U48/><E134/><V25/><F2/><W70/><G70/><T114/><D114/><U37/><E37/><V36/><F122/><W123/><G123/><T29/><D131/><N who="1" m="50187" /><E8/><V109/><F109/><W97/><G108/><T111/><D124/><U56/><E71/><V51/><F30/><W94/><G34/><T87/><D111/><U100/><E104/><V133/><F133/><W64/><G64/><T106/><D106/><U96/><E96/><V117/><F117/><W0/><G135/><T81/><D66/><U105/><E105/><V120/><F120/><W16/><G16/><T89/><D10/><U82/><E82/><V1/><F1/><W54/><REACH who="3" step="1"/><G40/><REACH who="3" ten="257,309,295,129" step="2"/><T7/><D43/><U63/><AGARI ba="0,1" hai="17,21,24,48,55,56,58,63,67,100,103" m="50187" machi="63" ten="30,1500,0" yaku="19,1" doraHai="101" who="1" fromWho="1" sc="257,-5,309,25,295,-5,129,-5" /><INIT seed="5,1,0,1,0,116" ten="252,334,290,124" oya="1" hai0="41,73,38,78,37,20,34,107,133,47,129,84,17" hai1="103,88,122,27,77,26,83,130,33,18,98,81,29" hai2="49,57,55,56,104,3,108,101,123,1,68,11,36" hai3="61,30,110,58,25,65,7,126,99,75,0,118,92"/><U71/><E130/><V132/><F108/><W117/><G110/><T115/><D115/><U13/><E71/><V4/><F68/><W76/><G126/><T46/><D133/><U9/><E27/><V60/><F132/><W135/><G135/><T28/><D129/><U89/><E122/><V35/><F35/><W40/><G40/><T86/><D107/><U52/><E83/><V105/><F36/><W106/><G106/><T94/><D28/><U134/><E134/><V79/><F123/><W95/><G95/><T125/><D34/><U90/><E52/><V113/><F3/><W14/><G0/><T97/><D73/><U82/><REACH who="1" step="1"/><E77/><REACH who="1" ten="252,324,290,124" step="2"/><V64/><F113/><W32/><G76/><T121/><D78/><U119/><E119/><V51/><F79/><W19/><G118/><T96/><D121/><U67/><E67/><V124/><F124/><W22/><G117/><T93/><D125/><U8/><E8/><V53/><REACH who="2" step="1"/><F101/><REACH who="2" ten="252,324,280,124" step="2"/><W66/><G75/><T15/><D38/><U10/><E10/><V80/><F80/><W21/><G32/><T74/><D74/><U63/><E63/><V120/><F120/><W112/><G112/><T16/><D37/><U85/><E85/><V45/><AGARI ba="1,2" hai="1,4,11,45,49,51,53,55,56,57,60,64,104,105" machi="45" ten="20,2700,0" yaku="1,1,0,1,7,1,53,0" doraHai="116" doraHaiUra="87" who="2" fromWho="2" sc="252,-8,324,-14,280,50,124,-8" /><INIT seed="6,0,0,5,3,112" ten="244,310,330,116" oya="2" hai0="86,63,85,18,57,17,30,79,80,14,81,130,69" hai1="70,37,71,132,75,10,4,72,19,131,35,114,48" hai2="24,51,97,22,50,46,61,52,3,99,21,62,110" hai3="8,100,74,41,49,120,7,40,133,29,101,0,38"/><V67/><F3/><W117/><G120/><T103/><D130/><U1/><E48/><V34/><F110/><W135/><G74/><N who="1" m="28202" /><E114/><V102/><F34/><W87/><G38/><T95/><D69/><N who="1" m="26123" /><E19/><V118/><F118/><W88/><G117/><T90/><D30/><U77/><E131/><V128/><F128/><W107/><G29/><T123/><D123/><U45/><E77/><V12/><F67/><W36/><G36/><T60/><D57/><U59/><E59/><N who="2" m="33175" /><F12/><W5/><G5/><T116/><D116/><U43/><E35/><V89/><F102/><W126/><G126/><T82/><D18/><U55/><E55/><N who="2" m="30199" /><F22/><W39/><G39/><T6/><D6/><U32/><E32/><V111/><F111/><W64/><G64/><T27/><D27/><U122/><E122/><V129/><F129/><W66/><G66/><T44/><D44/><U20/><E20/><V2/><F2/><W127/><G127/><T54/><D54/><U28/><E28/><N who="2" m="17423" /><F97/><N who="3" m="61839" /><G101/><T78/><D103/><U124/><E124/><V65/><F65/><W76/><G49/><T125/><D125/><U26/><E26/><V91/><F99/><W105/><G105/><T33/><D33/><U25/><E25/><V121/><F121/><W58/><G58/><T11/><REACH who="0" step="1"/><D82/><REACH who="0" ten="234,310,330,116" step="2"/><U94/><E4/><V9/><F9/><W56/><G56/><T73/><AGARI ba="0,1" hai="11,14,17,60,63,73,78,79,80,81,85,86,90,95" machi="73" ten="20,8000,1" yaku="1,1,2,1,0,1,7,1,53,1" doraHai="112" doraHaiUra="104" who="0" fromWho="0" sc="234,90,310,-20,330,-40,116,-20" /><INIT seed="7,0,0,2,0,75" ten="324,290,290,96" oya="3" hai0="0,82,64,13,87,8,125,51,34,112,83,114,108" hai1="81,134,41,44,28,72,20,115,71,31,101,80,56" hai2="49,22,18,97,25,40,37,68,100,23,60,105,35" hai3="116,1,53,121,111,74,67,88,102,50,27,30,19"/><W103/><G116/><T127/><D108/><U70/><E101/><V89/><F37/><W5/><G111/><T119/><D0/><U47/><E56/><V131/><F131/><W132/><G121/><T54/><D64/><U109/><E109/><V14/><F35/><W90/><G132/><T38/><D38/><U45/><E20/><V113/><F113/><N who="0" m="43626" /><D34/><U110/><E110/><V9/><F89/><W21/><G67/><T32/><D32/><U107/><E41/><V26/><F68/><N who="1" m="26153" /><E72/><V133/><F60/><W62/><G74/><T61/><D61/><U4/><E115/><V93/><F105/><W58/><G30/><N who="1" m="11306" /><E107/><V12/><F133/><W96/><G50/><T91/><D83/><N who="1" m="31819" /><E4/><N who="2" m="3111" /><F23/><W130/><G130/><T66/><D66/><U92/><E92/><V6/><F6/><W16/><G19/><N who="0" m="8615" /><D119/><U122/><E134/><V129/><F129/><W106/><REACH who="3" step="1"/><G103/><REACH who="3" ten="324,290,290,86" step="2"/><T11/><D127/><U86/><E122/><V78/><F100/><W126/><G126/><T57/><D125/><U104/><E104/><V36/><F49/><W59/><G59/><T69/><D69/><U42/><E42/><V29/><F40/><W43/><G43/><T46/><D57/><U99/><E47/><V124/><F124/><W2/><G2/><T52/><D54/><U65/><E65/><V63/><F29/><W79/><G79/><T33/><D33/><U73/><E45/><V77/><F36/><W94/><G94/><T95/><D95/><U39/><E39/><V128/><F128/><W85/><G85/><T123/><D123/><U84/><E44/><V48/><F93/><RYUUKYOKU ba="0,1" sc="324,15,290,-15,290,-15,86,15" hai0="11,46,51,52,82,87,91" hai3="1,5,16,21,27,53,58,62,88,90,96,102,106" /><INIT seed="7,1,1,3,0,36" ten="339,275,275,101" oya="3" hai0="28,4,58,39,135,118,76,49,106,21,85,33,47" hai1="89,77,35,134,1,114,102,2,5,91,66,82,75" hai2="84,60,127,90,43,11,8,7,54,27,101,63,17" hai3="133,13,81,125,67,56,50,100,105,108,23,130,131"/><W31/><G108/><T41/><D135/><U42/><E35/><V86/><F127/><W99/><G125/><T61/><D118/><U10/><E2/><V14/><F101/><W113/><G113/><T15/><D106/><U69/><E114/><V83/><F43/><W94/><G133/><T22/><D39/><U103/><E134/><V48/><F86/><W93/><G81/><N who="0" m="47271" /><D33/><U20/><E20/><V96/><F96/><W122/><G122/><T72/><D28/><U62/><E103/><V25/><F25/><W0/><G0/><T88/><D88/><U120/><E102/><V87/><F87/><W110/><G110/><T74/><D74/><U71/><E71/><V70/><F70/><W68/><G68/><T92/><D92/><U115/><E115/><V30/><F30/><W97/><G31/><T24/><D24/><U37/><E120/><V64/><F64/><W45/><G67/><N who="0" m="39351" /><D72/><U9/><E9/><AGARI ba="1,1" hai="4,9,15,21,22,41,47,49" m="39351,47271" machi="9" ten="30,3900,0" yaku="25,1,8,1,52,1" doraHai="36" who="0" fromWho="1" sc="339,52,275,-42,275,0,101,0" owari="391,49.1,233,-16.7,275,7.5,101,-39.9" /></mjloggm>