<mjloggm ver="2.3"><GO type="169" lobby="0"/><UN n0="%E3%81%84%E3%81%BE%E3%81%99%E3%81%91" n1="%68%69%73%61%74%6F%E6%A3%92" n2="%E3%83%A2%E3%83%AD%E3%83%98%E3%82%A4%E3%83%A4" n3="%E3%81%B3%E3%82%8A%E3%81%B3%E3%82%8A%E2%98%86%E3%83%93%E3%83%AA%E3%83%BC" dan="16,16,16,16" rate="2115.45,2082.39,2175.12,2138.11" sx="M,M,M,M"/><TAIKYOKU oya="0"/><INIT seed="0,0,0,2,5,5" ten="250,250,250,250" oya="0" hai0="116,87,46,50,86,44,48,25,55,124,107,100,3" hai1="131,74,114,109,91,111,36,81,135,35,12,14,23" hai2="122,6,88,11,47,1,82,19,4,38,132,84,90" hai3="98,49,108,37,16,128,133,39,94,65,8,13,119"/><T127/><D116/><U68/><E68/><V70/><F70/><W57/><G119/><T117/><D117/><U58/><E36/><V103/><F122/><W63/><G108/><T62/><D3/><U113/><E35/><V129/><F129/><W24/><G128/><T56/><D25/><U33/><E33/><V99/><F132/><W106/><G106/><T30/><D30/><U92/><E131/><V34/><F34/><W72/><G72/><T123/><D107/><U115/><E58/><V77/><F6/><W40/><G133/><T51/><D100/><U0/><E0/><V53/><F19/><W41/><G24/><T43/><D123/><U52/><E23/><V118/><F118/><W10/><G10/><T125/><REACH who="0" step="1"/><D50/><REACH who="0" ten="240,250,250,250" step="2"/><U32/><E135/><V60/><F38/><W69/><G39/><T61/><D61/><U79/><E32/><V64/><F60/><W102/><REACH who="3" step="1"/><G37/><REACH who="3" ten="240,250,250,240" step="2"/><T59/><D59/><U101/><E109/><V66/><F47/><W96/><G96/><T105/><D105/><U120/><E111/><V97/><F97/><W134/><G134/><T18/><D18/><U29/><E120/><V28/><F99/><W2/><G2/><T45/><D45/><U126/><E29/><V78/><F1/><W26/><G26/><T104/><D104/><U83/><E113/><V85/><F28/><W93/><G93/><T89/><D89/><U71/><E92/><V76/><F90/><W21/><G21/><T121/><D121/><U9/><E114/><V7/><F88/><W110/><G110/><T20/><D20/><U80/><E115/><RYUUKYOKU ba="0,2" sc="240,15,250,-15,250,-15,240,15" hai0="43,44,46,48,51,55,56,62,86,87,124,125,127" hai3="8,13,16,40,41,49,57,63,65,69,94,98,102" /><INIT seed="0,1,2,1,5,61" ten="255,235,235,255" oya="0" hai0="87,123,92,49,29,52,129,51,121,44,128,135,22" hai1="59,12,132,79,76,113,111,103,41,4,67,30,27" hai2="64,18,86,31,122,125,66,107,39,40,48,50,97" hai3="7,71,70,101,117,124,105,99,119,55,60,23,0"/><T131/><D135/><U88/><E111/><V58/><F122/><N who="0" m="46602" /><D29/><U10/><E103/><V118/><F125/><W114/><G23/><T68/><D22/><U81/><E41/><V24/><F39/><W83/><G55/><N who="0" m="30119" /><D92/><U102/><E102/><V82/><F18/><W26/><G114/><T56/><D87/><N who="1" m="50287" /><E113/><V21/><F118/><W15/><G15/><T116/><D68/><U106/><E106/><V100/><F40/><W110/><G71/><T78/><D78/><N who="1" m="29739" /><E132/><V69/><F69/><W38/><G70/><T54/><D54/><U6/><E27/><V16/><F31/><W133/><G26/><T45/><D116/><U2/><E2/><V19/><F19/><W28/><G0/><T89/><D89/><U34/><E34/><V57/><F86/><W13/><G133/><T1/><D1/><U109/><E109/><V42/><F82/><W32/><G83/><T53/><D53/><U8/><E30/><V94/><F107/><W72/><G110/><T85/><D85/><U25/><E25/><V91/><F100/><W75/><G101/><T3/><D3/><U9/><E12/><V43/><F43/><W84/><G117/><T80/><D80/><U95/><E95/><V130/><F42/><W96/><G105/><T115/><D115/><U14/><E14/><V20/><F24/><W65/><G119/><T35/><D35/><U98/><E98/><V36/><F97/><W73/><G99/><T126/><D126/><U47/><E47/><AGARI ba="1,2" hai="45,47,51,52,56,128,129,131" m="30119,46602" machi="47" ten="40,12000,1" yaku="19,1,34,2,54,1" doraHai="61" who="0" fromWho="1" sc="255,143,235,-123,235,0,255,0" /><INIT seed="0,2,0,0,3,66" ten="398,112,235,255" oya="0" hai0="76,32,42,31,52,26,35,116,87,65,2,113,83" hai1="27,53,15,135,88,106,89,86,41,102,39,34,57" hai2="131,80,84,77,24,94,29,119,125,72,74,124,105" hai3="104,111,98,126,120,12,134,6,95,62,22,97,21"/><T108/><D113/><U118/><E135/><V107/><F24/><W61/><G134/><T112/><D112/><U5/><E118/><V68/><F29/><W123/><G111/><T103/><D116/><U73/><E73/><N who="2" m="28267" /><F119/><W91/><G126/><N who="2" m="48745" /><F68/><W38/><G38/><T3/><D32/><U46/><E27/><V50/><F50/><W96/><G104/><N who="2" m="40009" /><F94/><W8/><G22/><T4/><D65/><U71/><E15/><V28/><F28/><W55/><G21/><T1/><D42/><U14/><E14/><V17/><F17/><W109/><G109/><T122/><D108/><U78/><E5/><V93/><F93/><W23/><G23/><T11/><D4/><U63/><E71/><V59/><F59/><W13/><G13/><T101/><D11/><U85/><E34/><V18/><F18/><W114/><G114/><T45/><D26/><U47/><E46/><V10/><F10/><W44/><G44/><T117/><D117/><U25/><E25/><V129/><AGARI ba="2,0" hai="77,80,84,129,131" m="40009,48745,28267" machi="129" ten="40,5200,0" yaku="18,1,34,2" doraHai="66" who="2" fromWho="2" sc="398,-28,112,-15,235,58,255,-15" /><INIT seed="1,0,0,4,5,12" ten="370,97,293,240" oya="1" hai0="45,15,51,91,54,63,110,115,121,2,92,70,17" hai1="99,100,8,36,119,18,19,57,64,21,48,44,25" hai2="4,47,124,43,10,62,86,83,49,55,125,67,5" hai3="11,80,31,113,35,84,52,133,14,1,30,134,77"/><U75/><E75/><V76/><F55/><W74/><G113/><T13/><D2/><U29/><E36/><V103/><F103/><W96/><G1/><T78/><D115/><U81/><E81/><V101/><F101/><W56/><G96/><T39/><D39/><U46/><E8/><V61/><F61/><W71/><G71/><T7/><D78/><U126/><E126/><N who="2" m="48747" /><F10/><W107/><G107/><T34/><D34/><U37/><E37/><V117/><F117/><W38/><G74/><T88/><D110/><U73/><E73/><V128/><F128/><W130/><G130/><T22/><D70/><AGARI ba="0,0" hai="4,5,43,47,49,62,67,70,76,83,86" m="48747" machi="70" ten="30,1000,0" yaku="18,1" doraHai="12" who="2" fromWho="0" sc="370,-10,97,0,293,10,240,0" /><INIT seed="2,0,0,5,2,118" ten="360,97,303,240" oya="2" hai0="56,44,110,80,37,49,68,26,38,112,67,24,74" hai1="100,72,90,47,18,23,39,135,121,8,51,95,9" hai2="120,108,60,29,113,69,22,130,65,7,85,20,103" hai3="15,132,30,34,97,33,14,54,17,83,50,86,4"/><V66/><F113/><W107/><G132/><T126/><D112/><U75/><E39/><V12/><F130/><W13/><G4/><T11/><D110/><U131/><E135/><V73/><F73/><W43/><G43/><T105/><D105/><U87/><E100/><V99/><F108/><W46/><G30/><T70/><D70/><U116/><E116/><V94/><F66/><W3/><G3/><T124/><D68/><U128/><E75/><V27/><F85/><W106/><G17/><T119/><D11/><U91/><E72/><V129/><F129/><W58/><G46/><T41/><D67/><U115/><E115/><V31/><F120/><W1/><G1/><T59/><D37/><U52/><E121/><V109/><F109/><W5/><G5/><T81/><D81/><U55/><E55/><V102/><F102/><W36/><G36/><T117/><D117/><U10/><REACH who="1" step="1"/><E91/><REACH who="1" ten="360,87,303,240" step="2"/><V111/><F111/><W114/><G114/><T21/><D38/><U79/><E79/><V71/><F103/><W78/><REACH who="3" step="1"/><G97/><REACH who="3" ten="360,87,303,230" step="2"/><T62/><D119/><U82/><E82/><V123/><F99/><W89/><G89/><T88/><D88/><U96/><E96/><V125/><F123/><W32/><AGARI ba="0,2" hai="13,14,15,32,33,34,50,54,58,78,83,86,106,107" machi="32" ten="40,2700,0" yaku="1,1,0,1,53,0" doraHai="118" doraHaiUra="63" who="3" fromWho="3" sc="360,-7,87,-7,303,-13,230,47" /><INIT seed="3,0,0,5,0,81" ten="353,80,290,277" oya="3" hai0="6,40,56,68,105,86,122,127,83,37,89,114,92" hai1="135,96,78,113,7,133,63,84,67,64,43,46,73" hai2="115,108,20,33,97,106,27,76,62,126,120,99,131" hai3="124,50,15,110,111,109,2,42,44,17,88,66,24"/><W91/><G2/><T41/><D122/><U31/><E73/><V70/><F33/><W13/><G124/><T107/><D68/><U101/><E7/><V34/><F34/><W134/><G134/><T30/><D30/><U18/><E31/><V21/><F115/><W14/><G66/><T94/><D6/><U123/><E113/><V23/><F27/><W11/><G24/><T53/><D114/><U55/><E55/><V116/><F116/><W10/><G15/><T121/><D121/><U100/><E123/><V95/><F106/><W22/><G22/><T102/><D107/><U130/><E130/><V58/><F70/><W36/><G36/><T118/><D118/><U47/><E96/><V128/><F126/><W132/><G132/><T65/><D65/><U93/><E63/><V85/><F108/><W51/><REACH who="3" step="1"/><G50/><REACH who="3" ten="353,80,290,267" step="2"/><N who="0" m="30775" /><D127/><U69/><E69/><V103/><F20/><W87/><G87/><N who="0" m="52287" /><D37/><U125/><E125/><V25/><F85/><W72/><G72/><T38/><D38/><U16/><E84/><V57/><F25/><W59/><G59/><T77/><D83/><U80/><E80/><V98/><F58/><W119/><G119/><T39/><D39/><U90/><E78/><V29/><F57/><W112/><G112/><T8/><D77/><U0/><E0/><V26/><F26/><W74/><G74/><T35/><D35/><U19/><E133/><V129/><F120/><W28/><G28/><T1/><D1/><U79/><E135/><V5/><F76/><W71/><G71/><T12/><D12/><U3/><E79/><V49/><F131/><RYUUKYOKU ba="0,1" sc="353,-10,80,-10,290,-10,267,30" hai3="10,11,13,14,17,42,44,51,88,91,109,110,111" /><INIT seed="3,1,1,2,5,95" ten="343,70,280,297" oya="3" hai0="123,57,78,92,116,1,106,67,100,97,71,109,9" hai1="31,10,45,51,58,37,72,39,118,70,2,91,82" hai2="42,20,40,83,81,23,133,52,63,129,41,103,69" hai3="17,8,55,26,77,61,107,15,76,89,104,120,7"/><W102/><G120/><T68/><D123/><U105/><E70/><V115/><F115/><W56/><G89/><T112/><D116/><U122/><E118/><V14/><F133/><W53/><G53/><T121/><D121/><U32/><E32/><V49/><F129/><W74/><G74/><T134/><D109/><U124/><E31/><V84/><F103/><W19/><G19/><T66/><D78/><U60/><E105/><V62/><F69/><W111/><G107/><T46/><D134/><U34/><E34/><V87/><F14/><W93/><G104/><T90/><D68/><U132/><E124/><V38/><F38/><W48/><G61/><N who="2" m="23049" /><F87/><W27/><G111/><T44/><D71/><U28/><E28/><V64/><F64/><W94/><G94/><T99/><D66/><U0/><E122/><V135/><F83/><W65/><G65/><T29/><D67/><U18/><E2/><V79/><F135/><W125/><G125/><T50/><D29/><U16/><E132/><V33/><F33/><W98/><G27/><T85/><D85/><N who="1" m="50615" /><E72/><V110/><F110/><W47/><REACH who="3" step="1"/><G56/><AGARI ba="1,1" hai="20,23,40,41,42,49,52,56,79,81,84" m="23049" machi="56" ten="30,2000,0" yaku="8,1,54,1" doraHai="95" who="2" fromWho="3" sc="343,0,70,0,280,33,297,-23" /><INIT seed="4,0,0,3,3,108" ten="343,70,313,274" oya="0" hai0="48,5,66,58,126,128,121,122,31,77,102,59,42" hai1="88,123,4,70,13,23,12,27,110,131,43,114,81" hai2="103,98,67,21,32,60,16,40,92,87,134,91,117" hai3="71,47,9,90,68,72,55,135,120,39,76,85,33"/><T133/><D31/><U24/><E70/><V95/><F32/><W0/><G120/><T44/><D102/><U130/><E123/><N who="0" m="47113" /><D5/><U11/><E43/><V34/><F34/><W8/><G33/><T79/><D79/><U63/><E63/><V52/><F134/><W124/><G135/><T51/><D77/><U15/><E110/><V73/><F117/><W107/><G107/><T97/><D97/><U65/><E65/><V84/><F40/><W106/><G106/><T96/><D96/><U3/><E81/><V100/><F73/><W74/><G76/><T56/><D133/><U37/><E37/><V113/><F113/><W20/><G85/><T132/><D132/><U49/><E49/><V78/><F52/><W116/><G0/><T28/><D28/><N who="1" m="17439" /><E88/><V57/><F103/><W38/><G90/><T53/><D128/><N who="1" m="49195" /><E27/><V125/><F125/><W82/><G124/><T50/><D126/><U29/><E29/><V22/><F78/><W1/><G82/><T30/><D30/><U80/><E80/><V14/><F87/><W93/><G74/><T83/><D83/><U101/><E101/><V104/><F22/><W89/><G20/><T94/><D94/><AGARI ba="0,0" hai="14,16,21,57,60,67,84,91,92,94,95,98,100,104" machi="94" ten="30,2000,0" yaku="7,1,54,1" doraHai="108" who="2" fromWho="0" sc="343,-20,70,0,313,20,274,0" /><INIT seed="5,0,0,5,3,9" ten="323,70,333,274" oya="1" hai0="75,35,3,54,88,130,76,50,56,57,48,116,127" hai1="123,102,66,129,128,26,20,78,79,17,5,117,132" hai2="89,126,24,72,90,77,51,55,40,18,131,122,92" hai3="83,119,6,67,87,96,39,22,112,21,59,91,8"/><U73/><E123/><V63/><F122/><W29/><G39/><T43/><D116/><U86/><E117/><V25/><F131/><W47/><G119/><T80/><D35/><U2/><E73/><V107/><F107/><W62/><G112/><T95/><D130/><N who="1" m="50283" /><E132/><V58/><F126/><W27/><G47/><T15/><D3/><U42/><E102/><V110/><F110/><W134/><G134/><T115/><D115/><U52/><E42/><V10/><F72/><W84/><G96/><T49/><D127/><U124/><E66/><V44/><F77/><N who="1" m="29193" /><E86/><V85/><F89/><W99/><G99/><T53/><D43/><U70/><E70/><V113/><F113/><W100/><G100/><T65/><D65/><U125/><E5/><V111/><F111/><W120/><G120/><T69/><D69/><U12/><E2/><V98/><F85/><W104/><G104/><T37/><D37/><U74/><E74/><V105/><F105/><W82/><G87/><T36/><D36/><U19/><E52/><V13/><AGARI ba="0,0" hai="10,13,18,24,25,40,44,51,55,58,63,90,92,98" machi="13" ten="30,4000,0" yaku="0,1,8,1,52,1" doraHai="9" who="2" fromWho="2" sc="323,-10,70,-20,333,40,274,-10" /><INIT seed="6,0,0,2,3,65" ten="313,50,373,264" oya="2" hai0="34,111,43,80,28,35,41,75,47,93,129,132,81" hai1="113,127,76,59,10,115,130,126,122,42,102,91,98" hai2="131,44,2,17,89,134,51,50,37,36,29,87,106" hai3="90,62,30,109,107,116,6,82,20,39,27,0,69"/><V119/><F2/><W33/><G109/><T120/><D111/><U108/><E42/><V68/><F106/><W63/><G116/><T21/><D120/><U31/><E31/><V92/><F119/><W118/><G118/><T135/><D93/><U101/><E10/><V124/><F124/><W83/><G39/><T96/><D96/><U79/><E59/><V23/><F134/><W54/><G107/><T104/><D104/><U67/><E67/><V114/><F114/><W8/><G69/><T26/><D43/><U77/><E108/><V88/><F68/><W32/><G83/><T55/><D55/><U25/><E25/><V125/><F125/><N who="1" m="47625" /><E122/><V19/><F51/><W46/><G63/><T3/><D3/><U58/><E58/><V128/><F29/><W84/><G62/><T133/><D28/><U94/><E130/><N who="2" m="49707" /><F89/><W86/><G54/><T9/><D129/><U7/><E7/><V12/><F17/><W117/><G117/><T99/><D135/><U11/><E11/><V52/><AGARI ba="0,0" hai="12,19,23,36,37,44,50,52,87,88,92" m="49707" machi="52" ten="30,6000,0" yaku="19,1,54,2" doraHai="65" who="2" fromWho="2" sc="313,-20,50,-20,373,60,264,-20" /><INIT seed="6,1,0,1,2,77" ten="293,30,433,244" oya="2" hai0="132,59,76,46,113,131,15,68,55,106,54,120,62" hai1="31,123,13,49,36,39,1,58,0,2,81,111,122" hai2="50,80,29,87,40,90,10,48,19,93,121,69,9" hai3="129,42,108,26,43,97,109,78,72,51,28,128,73"/><V18/><F69/><W99/><G78/><T17/><D113/><U79/><E111/><N who="3" m="42570" /><G26/><T57/><D120/><U114/><E114/><V107/><F107/><W21/><G21/><T12/><D68/><U61/><E31/><V88/><F29/><W71/><G51/><N who="2" m="19497" /><F40/><N who="3" m="15403" /><G28/><T96/><D46/><U110/><E49/><V104/><F104/><W20/><G20/><T119/><D119/><U16/><E110/><V126/><F126/><W47/><G47/><T103/><D132/><U101/><E101/><V75/><F75/><N who="3" m="28747" /><G71/><T22/><D76/><U92/><E92/><V127/><F127/><W83/><G83/><T135/><D135/><U94/><E94/><V3/><F3/><W6/><G6/><T56/><D56/><U35/><E35/><V27/><F121/><W82/><G82/><T84/><D57/><U105/><E105/><V74/><F74/><W24/><G24/><T8/><D106/><U52/><E122/><V116/><F116/><W37/><G37/><T7/><D7/><U44/><E44/><V89/><F27/><W38/><G38/><T102/><D102/><U53/><E53/><V100/><F100/><W66/><G66/><T112/><D112/><U133/><E133/><V41/><F41/><W30/><G30/><T118/><D103/><U34/><E34/><V98/><F89/><W85/><G85/><T4/><D118/><U45/><E45/><V91/><F90/><W117/><G117/><T70/><D70/><U63/><E123/><V14/><F9/><W134/><G134/><T130/><D84/><N who="1" m="48191" /><E63/><V124/><F124/><W67/><G67/><RYUUKYOKU ba="1,0" sc="293,-30,30,10,433,10,244,10" hai1="0,1,2,13,16,36,39,52,58,61" hai2="10,14,18,19,80,87,88,91,93,98" hai3="97,99,128,129" /><INIT seed="6,2,0,4,4,116" ten="263,40,443,254" oya="2" hai0="97,1,32,59,29,8,30,61,124,70,28,87,37" hai1="5,33,54,82,128,47,75,15,86,58,63,121,48" hai2="55,119,7,36,35,105,39,57,73,60,24,68,31" hai3="85,50,77,17,19,43,76,98,84,6,104,78,92"/><V112/><F73/><W79/><G104/><T134/><D134/><U114/><E33/><V118/><F105/><W107/><G107/><T110/><D110/><U53/><E75/><V52/><F68/><W74/><G74/><T83/><D70/><U131/><E114/><V125/><F112/><W25/><G6/><T40/><D124/><U10/><E128/><V115/><F115/><W45/><N who="3" m="19456" /><DORA hai="46" /><W71/><G71/><T14/><D1/><U20/><E131/><V2/><F125/><W67/><G67/><T51/><D37/><U99/><E99/><V129/><F36/><W113/><G113/><T103/><D97/><U91/><REACH who="1" step="1"/><E20/><REACH who="1" ten="263,30,443,254" step="2"/><V132/><F35/><W22/><G19/><T120/><D32/><U130/><E130/><V126/><F129/><W49/><G49/><T38/><D51/><U117/><E117/><V34/><F34/><W18/><G18/><T44/><D38/><U27/><E27/><V80/><F39/><W95/><G95/><T11/><D83/><U12/><E12/><V90/><F126/><W3/><G3/><T66/><D14/><U133/><E133/><V42/><F132/><W100/><AGARI ba="2,1" hai="17,22,25,43,45,50,84,85,92,98,100" m="19456" machi="100" ten="40,5200,0" yaku="0,1,8,1,52,1" doraHai="116,46" who="3" fromWho="3" sc="263,-15,30,-15,443,-28,254,68" /><INIT seed="7,0,0,0,2,57" ten="248,15,415,322" oya="3" hai0="104,99,43,106,67,125,18,81,1,63,107,88,86" hai1="40,110,60,50,62,112,48,16,126,0,24,36,41" hai2="130,65,2,69,49,28,4,34,98,6,118,128,52" hai3="83,131,78,7,120,51,108,97,73,19,90,44,133"/><W124/><G120/><T72/><D1/><U114/><E0/><V96/><F118/><W37/><G37/><T109/><D109/><U45/><E24/><N who="2" m="18695" /><F65/><W122/><G122/><T71/><D125/><U100/><E100/><V91/><F69/><W75/><G131/><N who="2" m="50217" /><F91/><W77/><G133/><T38/><D72/><U11/><E126/><V58/><F2/><W94/><G124/><T33/><D33/><U9/><E110/><V35/><F35/><W80/><G108/><T30/><D30/><U93/><E93/><V13/><F13/><W47/><G7/><AGARI ba="0,0" hai="4,6,7,49,52,58,96,98" m="50217,18695" machi="7" ten="30,2000,0" yaku="19,1,54,1" doraHai="57" who="2" fromWho="3" sc="248,0,15,0,415,20,322,-20" owari="248,-15.2,15,-48.5,435,53.5,302,10.2" /></mjloggm>