<mjloggm ver="2.3"><GO type="169" lobby="0"/><UN n0="%E6%88%91%E5%8F%AF%E4%BB%A5" n1="%E8%8B%B1%E5%9B%BD%E5%A3%B2%E5%8D%B4" n2="%E3%81%8B%E3%81%B6%E8%8C%B6" n3="%E9%88%8D%E7%97%9B" dan="16,18,17,16" rate="2103.83,2240.87,2141.08,2108.13" sx="M,M,M,F"/><TAIKYOKU oya="0"/><INIT seed="0,0,0,5,1,47" ten="250,250,250,250" oya="0" hai0="30,49,91,135,105,20,32,38,4,90,1,60,16" hai1="93,45,27,22,131,113,118,8,72,37,36,39,7" hai2="70,121,14,98,46,117,87,34,65,115,130,100,94" hai3="101,19,42,71,25,2,122,11,23,59,110,48,40"/><T107/><D38/><U64/><E118/><V116/><F121/><W0/><G71/><T56/><D135/><U114/><E131/><V96/><F115/><N who="1" m="44041" /><E64/><V21/><F34/><W13/><G122/><T5/><D105/><U24/><E93/><V61/><F130/><W128/><G110/><T132/><D107/><U102/><E102/><V75/><F75/><W92/><G0/><T76/><D76/><U55/><E72/><V78/><F96/><N who="3" m="59527" /><G2/><T119/><D119/><U54/><E45/><V120/><F120/><W99/><G99/><T26/><D132/><U33/><E33/><V35/><F35/><W79/><G79/><T68/><D68/><U29/><E27/><V106/><F46/><W73/><G73/><T83/><D83/><U80/><E80/><V103/><F103/><W52/><G128/><T82/><D82/><U66/><E66/><V89/><F78/><W74/><G74/><T12/><D49/><U9/><E9/><V3/><F117/><W51/><G48/><T104/><D104/><U86/><E86/><V84/><F84/><W129/><G129/><T108/><D108/><U134/><E134/><V112/><F112/><W81/><G81/><T133/><D133/><U53/><E39/><V126/><F116/><W50/><G50/><T62/><D62/><U41/><E41/><V111/><F111/><W28/><AGARI ba="0,0" hai="11,13,19,23,25,28,40,42,51,52,59" m="59527" machi="28" ten="30,4000,0" yaku="8,1,52,1,54,1" doraHai="47" who="3" fromWho="3" sc="250,-20,250,-10,250,-10,250,40" /><INIT seed="1,0,0,1,4,25" ten="230,240,240,290" oya="1" hai0="75,48,43,97,19,121,36,4,102,81,17,87,110" hai1="63,101,27,120,119,108,8,67,82,76,111,60,135" hai2="68,24,85,89,126,38,12,3,117,133,15,35,94" hai3="122,7,103,21,90,100,46,93,61,57,123,28,20"/><U0/><E119/><V26/><F117/><W40/><G7/><T9/><D36/><U45/><E120/><V32/><F38/><W125/><G125/><T79/><D110/><N who="1" m="42027" /><E101/><V129/><F68/><W104/><G104/><T6/><D75/><U80/><E135/><V130/><F3/><W34/><G34/><T115/><D115/><U22/><E45/><V118/><F118/><W10/><G20/><T1/><D4/><N who="1" m="1031" /><E67/><V14/><F133/><W78/><G100/><T132/><D121/><U47/><E47/><V56/><F56/><W54/><G103/><T31/><D132/><U53/><E53/><V86/><F126/><W96/><G10/><T2/><D2/><U73/><E82/><V116/><F116/><W106/><G106/><T74/><D74/><U18/><AGARI ba="0,0" hai="18,22,27,60,63,73,76,80" m="1031,42027" machi="18" ten="30,3000,0" yaku="14,1,10,1" doraHai="25" who="1" fromWho="1" sc="230,-10,240,30,240,-10,290,-10" /><INIT seed="1,1,0,1,0,57" ten="220,270,230,280" oya="1" hai0="7,84,32,50,28,105,94,55,121,82,29,131,20" hai1="74,112,120,128,15,100,16,86,123,42,22,3,0" hai2="75,51,132,58,64,88,70,130,40,122,1,101,104" hai3="33,45,73,65,126,34,5,83,85,30,37,129,27"/><U127/><E112/><V52/><F122/><W25/><G126/><T97/><D105/><U44/><E74/><V54/><F75/><W103/><G73/><T69/><D69/><U133/><E127/><V53/><F1/><W80/><G103/><T76/><D131/><U91/><E100/><V61/><F130/><W39/><G5/><T36/><D36/><U124/><E133/><V63/><F132/><W13/><G13/><T115/><D32/><U62/><E128/><V8/><F8/><W87/><G65/><T109/><D109/><U108/><E124/><V116/><F116/><W98/><G98/><T68/><D68/><U111/><E120/><V66/><F88/><W12/><G12/><T114/><D121/><U110/><E62/><V95/><F104/><W72/><G45/><T17/><D7/><U59/><E59/><V43/><REACH who="2" step="1"/><F51/><REACH who="2" ten="220,270,220,280" step="2"/><W113/><G72/><T67/><D114/><U2/><E123/><V134/><F134/><W78/><G129/><T26/><D115/><U35/><E35/><V6/><F6/><W81/><G113/><T107/><D107/><U31/><E31/><V21/><F21/><W23/><G33/><T24/><D28/><U119/><E119/><V135/><F135/><W99/><G30/><T89/><D29/><U47/><E42/><V79/><F79/><W4/><G78/><T11/><D76/><U102/><E102/><V90/><F90/><W117/><G34/><T77/><D77/><U56/><E56/><V9/><F9/><W18/><G23/><N who="0" m="13423" /><D11/><U46/><E3/><V14/><F14/><W118/><G117/><RYUUKYOKU ba="1,1" sc="220,-15,270,15,220,15,280,-15" hai1="0,2,15,16,22,44,46,47,86,91,108,110,111" hai2="40,43,52,53,54,58,61,63,64,66,70,95,101" /><INIT seed="1,2,1,4,4,122" ten="205,285,235,265" oya="1" hai0="3,40,133,38,101,96,118,109,5,123,9,93,14" hai1="45,53,80,85,129,2,77,50,83,4,86,57,22" hai2="110,102,60,1,69,37,63,31,78,43,135,47,121" hai3="99,46,16,124,79,64,134,25,27,91,23,89,111"/><U127/><E129/><V107/><F121/><W52/><G124/><T24/><D123/><U21/><E127/><V51/><F31/><W98/><G79/><T20/><D118/><U10/><REACH who="1" step="1"/><E45/><REACH who="1" ten="205,275,235,265" step="2"/><V13/><F47/><W75/><G46/><T81/><D133/><U108/><E108/><V68/><F110/><W54/><G111/><T92/><D109/><U73/><E73/><V128/><F135/><W48/><G75/><T72/><D72/><U97/><E97/><N who="3" m="36874" /><G134/><T116/><D96/><U42/><E42/><V106/><F43/><W33/><G33/><T112/><D40/><U100/><E100/><V30/><F102/><W8/><G64/><T132/><D101/><U95/><E95/><V26/><F128/><W58/><G54/><T29/><D92/><U62/><E62/><V32/><F60/><W18/><G27/><T56/><D93/><U115/><E115/><V7/><F26/><W103/><G103/><T17/><D112/><U114/><E114/><V119/><F63/><W11/><G11/><T117/><D132/><U104/><E104/><V120/><F32/><W34/><G34/><T12/><D117/><U67/><E67/><V55/><F55/><W61/><G61/><T74/><D116/><U87/><E87/><V19/><F119/><W15/><AGARI ba="2,2" hai="8,15,16,18,23,25,48,52,58,89,91" m="36874" machi="15" ten="30,4000,0" yaku="8,1,54,2" doraHai="122" who="3" fromWho="3" sc="205,-12,275,-22,235,-12,265,66" /><INIT seed="2,0,0,3,4,29" ten="193,253,223,331" oya="2" hai0="6,44,65,69,50,101,10,55,135,43,130,23,51" hai1="45,102,57,53,81,66,116,30,27,122,7,133,46" hai2="111,19,100,41,20,73,26,15,104,96,103,12,52" hai3="108,40,82,1,98,36,31,9,42,107,70,85,128"/><V22/><F73/><W90/><G70/><T62/><D130/><U127/><E116/><V110/><F41/><W49/><G36/><T125/><D135/><U91/><E127/><V58/><F100/><W112/><G108/><N who="2" m="41513" /><F20/><W89/><G112/><T123/><D125/><U126/><E126/><V64/><BYE who="1" /><F64/><W47/><G42/><T97/><D23/><U59/><E59/><V54/><F54/><W35/><G128/><T132/><D132/><U2/><E2/><V119/><F119/><W0/><G9/><T105/><D123/><U134/><E134/><V83/><F83/><W18/><G18/><UN n1="%E8%8B%B1%E5%9B%BD%E5%A3%B2%E5%8D%B4" /><T60/><D60/><AGARI ba="0,0" hai="12,15,19,22,26,52,58,60,96,103,104" m="41513" machi="60" ten="30,5800,0" yaku="14,1,10,1,54,1" doraHai="29" who="2" fromWho="0" sc="193,-58,253,0,223,58,331,0" /><INIT seed="2,1,0,1,0,19" ten="135,253,281,331" oya="2" hai0="116,36,52,92,64,46,28,25,106,56,115,7,131" hai1="75,35,107,10,70,2,77,24,53,51,85,27,89" hai2="31,84,102,58,5,37,15,82,120,60,129,80,108" hai3="69,21,43,135,104,30,14,47,3,133,132,125,33"/><V59/><F120/><W114/><G104/><T9/><D106/><U71/><E107/><V54/><F37/><W1/><BYE who="2" /><G69/><UN n2="%E3%81%8B%E3%81%B6%E8%8C%B6" /><T126/><D115/><U4/><E77/><V26/><F129/><W67/><G67/><T66/><D131/><U94/><E75/><V17/><F5/><W34/><G114/><T127/><D92/><U49/><E49/><V122/><F108/><W45/><G125/><N who="0" m="47627" /><D116/><U48/><E48/><V113/><F122/><W97/><G97/><T83/><D83/><U105/><E105/><V22/><F102/><W121/><G121/><T98/><D98/><U79/><E79/><V96/><F96/><W12/><G43/><N who="0" m="22887" /><D9/><U65/><E65/><N who="2" m="39063" /><F113/><W11/><G47/><T50/><D7/><U100/><E100/><V40/><F40/><W130/><G45/><T73/><D73/><U109/><E109/><V68/><F84/><W117/><G117/><T128/><D128/><U20/><E27/><V93/><F93/><W8/><G130/><T57/><D56/><U44/><E35/><AGARI ba="1,0" hai="25,28,35,50,52,57,64,66" m="22887,47627" machi="35" ten="30,2000,0" yaku="18,1,54,1" doraHai="19" who="0" fromWho="1" sc="135,23,253,-23,281,0,331,0" /><INIT seed="3,0,0,1,4,104" ten="158,230,281,331" oya="3" hai0="107,84,67,52,4,70,121,19,115,50,26,24,100" hai1="128,37,13,135,132,101,6,1,60,5,25,71,49" hai2="12,34,112,38,63,51,35,97,131,109,124,41,36" hai3="134,68,111,93,78,119,0,46,83,116,15,127,129"/><W118/><G0/><T20/><D121/><U99/><E37/><V21/><F112/><W114/><G68/><T77/><D115/><U64/><E128/><V90/><F131/><W126/><G114/><T44/><D4/><U105/><E13/><V55/><F109/><W58/><G129/><T133/><D133/><U14/><E14/><V82/><F124/><N who="3" m="47659" /><G46/><T92/><D107/><U11/><E49/><V30/><F35/><W2/><G2/><T65/><D24/><U56/><E56/><V103/><F34/><W32/><G58/><T3/><D3/><U95/><E6/><V31/><F38/><W57/><G57/><T80/><REACH who="0" step="1"/><D70/><REACH who="0" ten="148,230,281,331" step="2"/><U120/><E120/><V122/><F122/><W53/><G134/><N who="1" m="51242" /><E25/><V96/><F12/><W59/><G15/><T106/><D106/><AGARI ba="0,1" hai="1,5,11,60,64,71,95,99,101,105,106" m="51242" machi="106" ten="30,1000,0" yaku="20,1" doraHai="104" who="1" fromWho="0" sc="148,-10,230,20,281,0,331,0" /><INIT seed="4,0,0,1,5,3" ten="138,250,281,331" oya="0" hai0="120,47,21,67,4,37,72,59,100,126,118,0,68" hai1="92,12,62,50,7,110,31,65,131,19,28,20,2" hai2="108,102,78,79,45,117,125,39,33,73,96,119,69" hai3="13,95,48,55,128,15,16,11,111,83,53,127,85"/><T58/><D118/><N who="2" m="45066" /><F69/><W88/><G111/><T34/><D34/><U25/><E110/><V109/><F39/><W104/><G104/><T101/><D120/><U26/><E131/><V29/><F45/><N who="3" m="27791" /><G128/><T87/><D72/><U5/><E2/><V82/><F29/><N who="1" m="11337" /><E92/><N who="2" m="58631" /><F33/><W75/><G75/><T49/><D37/><U114/><E50/><V41/><F41/><W135/><G55/><T90/><D21/><U14/><E114/><V93/><F125/><W23/><G127/><T51/><D126/><U86/><E86/><N who="2" m="48471" /><F93/><W84/><G135/><T133/><D133/><U112/><E112/><V60/><F60/><W66/><G66/><T80/><D68/><U129/><E129/><V17/><F17/><N who="3" m="10671" /><G83/><AGARI ba="0,0" hai="73,79,83,108,109" m="48471,58631,45066" machi="83" ten="30,3900,0" yaku="12,1,34,2" doraHai="3" who="2" fromWho="3" sc="138,0,250,0,281,39,331,-39" /><INIT seed="5,0,0,2,5,64" ten="138,250,320,292" oya="1" hai0="59,76,132,27,74,81,24,115,102,5,82,38,107" hai1="37,19,14,57,131,66,43,134,130,113,114,44,20" hai2="122,117,73,3,93,39,6,71,70,98,105,92,88" hai3="25,119,7,78,116,50,31,99,48,51,108,61,54"/><U32/><E32/><V29/><F117/><N who="3" m="45131" /><G108/><T13/><D115/><N who="1" m="44043" /><E134/><V103/><F122/><W63/><G54/><T17/><D132/><U35/><E35/><V1/><F39/><W9/><G99/><T4/><D38/><U16/><E19/><V49/><F29/><W87/><G87/><T89/><D107/><U95/><E95/><V104/><F73/><W68/><G68/><T123/><D102/><U65/><E57/><V0/><F6/><W46/><G78/><T97/><D123/><U127/><E127/><V94/><F105/><W83/><G83/><T56/><D4/><U79/><E79/><V96/><F104/><W34/><G46/><T91/><D5/><U28/><E28/><V60/><F60/><W8/><G8/><T18/><D76/><U80/><E80/><V36/><F36/><W133/><G133/><T12/><REACH who="0" step="1"/><D97/><REACH who="0" ten="128,250,320,292" step="2"/><U15/><E15/><AGARI ba="0,1" hai="7,9,15,25,31,34,48,50,51,61,63" m="45131" machi="15" ten="30,1000,0" yaku="12,1" doraHai="64" who="3" fromWho="1" sc="128,0,250,-10,320,0,292,20" /><INIT seed="6,0,0,0,1,84" ten="128,240,320,312" oya="2" hai0="71,112,42,106,120,96,124,32,28,37,17,92,114" hai1="57,50,29,91,69,123,34,79,64,10,65,7,130" hai2="60,54,58,98,108,129,89,5,62,132,68,109,23" hai3="104,59,8,31,21,26,126,88,134,113,105,66,102"/><V15/><F129/><W4/><G126/><T52/><D120/><U33/><E130/><V63/><F132/><W47/><G134/><T87/><D124/><U97/><E79/><V39/><F39/><W80/><G102/><T3/><D71/><U101/><E123/><V83/><F68/><W131/><G131/><T1/><D17/><U72/><E72/><V18/><F5/><W122/><G122/><T12/><D12/><U128/><E128/><V74/><F74/><W115/><G47/><N who="0" m="24015" /><D87/><U70/><E29/><V2/><F2/><W36/><G36/><T73/><D73/><U40/><E69/><V107/><F107/><W0/><G59/><T135/><D135/><U110/><E110/><N who="2" m="42603" /><F83/><W90/><G66/><T46/><D106/><N who="3" m="41065" /><G80/><T67/><D67/><U99/><E70/><V38/><F38/><W30/><G30/><T55/><D3/><U118/><E118/><V45/><F45/><W56/><G56/><T49/><D1/><U76/><E57/><V125/><F125/><W16/><G31/><T43/><D28/><U11/><E40/><V93/><AGARI ba="0,0" hai="15,18,23,54,58,60,62,63,89,93,98" m="42603" machi="93" ten="30,3000,0" yaku="10,1,52,1" doraHai="84" who="2" fromWho="2" sc="128,-10,240,-10,320,30,312,-10" /><INIT seed="6,1,0,4,1,91" ten="118,230,350,302" oya="2" hai0="133,6,115,14,68,38,24,21,89,87,10,78,131" hai1="54,70,11,129,125,74,110,37,128,120,75,84,100" hai2="43,8,41,44,122,28,123,20,106,16,66,95,82" hai3="62,48,30,2,22,90,25,17,65,7,107,26,124"/><V42/><F106/><W55/><G124/><T112/><D68/><U118/><E54/><V101/><F66/><W12/><G107/><T80/><D38/><U27/><E27/><N who="2" m="16487" /><F123/><W108/><G108/><T113/><D131/><U96/><E11/><V92/><F122/><W103/><G103/><T13/><D133/><U47/><E47/><V117/><F117/><W4/><G2/><T34/><D34/><U79/><E37/><V59/><F101/><W72/><G72/><T1/><REACH who="0" step="1"/><D78/><REACH who="0" ten="108,230,350,302" step="2"/><U46/><E70/><V71/><F71/><W73/><G30/><AGARI ba="1,1" hai="1,6,10,13,14,21,24,30,80,87,89,112,113,115" machi="30" ten="40,8000,1" yaku="1,1,2,1,15,1,53,1" doraHai="91" doraHaiUra="5" who="0" fromWho="3" sc="108,93,230,0,350,0,302,-83" /><INIT seed="7,0,0,3,2,73" ten="201,230,350,219" oya="3" hai0="2,67,54,61,94,52,16,27,103,62,36,9,31" hai1="121,105,11,50,74,84,6,70,4,66,59,26,128" hai2="75,113,40,48,130,110,45,43,44,14,10,118,20" hai3="71,13,38,69,134,101,88,17,42,55,32,133,78"/><W79/><G32/><T29/><D36/><U119/><E121/><V37/><F110/><W34/><G34/><T86/><D2/><U60/><E74/><V109/><F109/><W80/><G101/><T87/><D87/><U15/><E128/><V116/><F75/><W93/><G55/><N who="0" m="21035" /><D67/><U132/><E132/><N who="3" m="50794" /><G42/><T111/><D111/><U65/><E105/><V104/><F104/><W107/><G38/><T82/><D94/><U125/><E65/><V0/><F130/><W122/><G122/><T58/><D103/><U23/><E66/><V3/><F113/><W91/><G107/><T56/><D62/><U129/><E60/><V39/><F48/><W97/><G91/><N who="0" m="51671" /><D61/><U102/><E102/><V8/><F40/><W81/><G81/><T25/><D25/><U77/><E26/><V46/><F43/><W53/><G53/><T108/><D108/><U47/><E50/><V12/><F44/><W131/><G131/><T112/><D112/><U5/><E47/><V22/><AGARI ba="0,0" hai="0,3,8,10,12,14,20,22,37,39,45,46,116,118" machi="22" ten="25,3200,0" yaku="0,1,22,2" doraHai="73" who="2" fromWho="2" sc="201,-8,230,-8,350,32,219,-16" owari="193,-30.7,222,2.2,382,48.2,203,-19.7" /></mjloggm>