<mjloggm ver="2.3"><GO type="169" lobby="0"/><UN n0="%70%72%6F%6E%61%72%69" n1="%E3%83%8A%E3%82%AB%E3%81%AB%E3%81%97" n2="%E3%82%A8%E3%83%AB%E3%82%B2%E3%83%AB%E3%83%BC%E3%82%B8" n3="%E3%81%82%73%71%77%64" dan="16,16,16,17" rate="2144.04,2117.71,2131.55,2181.75" sx="M,M,M,M"/><TAIKYOKU oya="0"/><INIT seed="0,0,0,2,2,81" ten="250,250,250,250" oya="0" hai0="26,68,109,0,71,80,83,35,30,62,122,45,125" hai1="58,37,79,132,61,105,131,111,46,103,25,93,129" hai2="34,121,91,50,112,59,14,126,57,123,76,44,29" hai3="1,28,102,116,77,78,127,49,12,7,39,38,113"/><T110/><D122/><U135/><E105/><V18/><F112/><W10/><G113/><T27/><D0/><U40/><E79/><V124/><F29/><W94/><G116/><T84/><D125/><U67/><E25/><V89/><F34/><W99/><G127/><N who="2" m="48681" /><F76/><W9/><G28/><T87/><D45/><U96/><REACH who="1" step="1"/><E111/><REACH who="1" ten="250,240,250,250" step="2"/><N who="0" m="42505" /><D27/><U101/><E101/><V85/><F123/><W69/><G78/><N who="0" m="46103" /><D62/><U16/><E16/><V74/><F121/><W56/><G77/><AGARI ba="0,1" hai="26,30,35,68,71,77,83,87" m="46103,42505" machi="77" ten="30,11600,0" yaku="14,1,10,1,52,2" doraHai="81" who="0" fromWho="3" sc="250,126,240,0,250,0,250,-116" /><INIT seed="0,1,0,4,4,27" ten="376,240,250,134" oya="0" hai0="21,24,0,116,29,80,63,19,17,121,114,77,14" hai1="55,133,38,118,99,119,104,75,126,105,18,113,35" hai2="46,36,81,9,10,61,86,79,122,87,57,135,50" hai3="11,7,129,53,127,56,47,134,33,95,84,108,73"/><T117/><D114/><U106/><E38/><V109/><F109/><W60/><G73/><T88/><D121/><U82/><E35/><V97/><F135/><W94/><G108/><T54/><D0/><U12/><E133/><V15/><F36/><W131/><G134/><T4/><D4/><U59/><E126/><V43/><F122/><W48/><G33/><T30/><D117/><U44/><E44/><V20/><F87/><W128/><G127/><T52/><D116/><U68/><E68/><V23/><F97/><W66/><REACH who="3" step="1"/><G84/><REACH who="3" ten="376,240,250,124" step="2"/><N who="0" m="50183" /><D77/><U31/><E75/><V37/><F37/><W91/><G91/><T40/><D40/><U107/><E118/><V130/><F130/><W124/><G124/><T13/><D24/><U64/><E119/><V51/><F51/><W90/><G90/><T2/><D2/><AGARI ba="1,1" hai="2,7,11,47,48,53,56,60,66,94,95,128,129,131" machi="2" ten="40,2600,0" yaku="1,1,19,1,53,0" doraHai="27" doraHaiUra="74" who="3" fromWho="0" sc="376,-29,240,0,250,0,124,39" /><INIT seed="1,0,0,5,2,64" ten="347,240,250,163" oya="1" hai0="98,26,0,17,43,32,12,106,89,31,132,104,88" hai1="120,40,111,55,97,108,66,39,118,114,80,116,11" hai2="70,81,54,130,125,103,25,33,90,20,51,135,65" hai3="79,91,93,34,71,3,47,134,2,4,86,42,115"/><U68/><E11/><V57/><F33/><W19/><G134/><T9/><D132/><U53/><E80/><V133/><F133/><W58/><G115/><T105/><D98/><U50/><E97/><V123/><F135/><W56/><G34/><T27/><D43/><U72/><E72/><V75/><F123/><W109/><G109/><N who="1" m="42058" /><E114/><V10/><F103/><W28/><G28/><T92/><D92/><U60/><E120/><V126/><F130/><W48/><G71/><T76/><D26/><U73/><E73/><V110/><F10/><W63/><G58/><T127/><D127/><N who="2" m="48650" /><F110/><W82/><G19/><T62/><D76/><U24/><E24/><V67/><F70/><W7/><G3/><T61/><REACH who="0" step="1"/><D0/><REACH who="0" ten="337,240,250,163" step="2"/><U96/><E96/><V13/><F13/><W122/><G2/><T69/><D69/><U21/><E21/><V16/><F90/><AGARI ba="0,1" hai="9,12,17,27,31,32,61,62,88,89,90,104,105,106" machi="90" ten="40,8000,1" yaku="1,1,54,1,53,3" doraHai="64" doraHaiUra="85" who="0" fromWho="2" sc="337,90,240,0,250,-80,163,0" /><INIT seed="2,0,0,2,0,51" ten="427,240,170,163" oya="2" hai0="128,132,106,15,36,44,4,68,111,125,38,116,113" hai1="77,109,29,103,49,22,82,25,105,95,110,42,99" hai2="74,70,63,41,48,126,121,135,65,9,47,107,24" hai3="45,13,59,118,0,91,83,130,97,35,14,108,20"/><V112/><F112/><W46/><G118/><T133/><RYUUKYOKU type="yao9" ba="0,0" sc="427,0,240,0,170,0,163,0" hai0="4,15,36,38,44,68,106,111,113,116,125,128,132,133" /><INIT seed="2,1,0,0,0,45" ten="427,240,170,163" oya="2" hai0="76,86,84,39,108,89,104,58,1,28,92,35,81" hai1="90,88,117,97,99,27,132,15,33,129,46,107,109" hai2="5,118,19,22,134,125,128,110,102,52,14,74,112" hai3="4,94,29,44,60,85,57,71,135,42,121,51,80"/><V106/><F112/><W36/><G135/><T124/><D108/><U133/><E117/><V64/><F118/><W131/><G131/><T26/><D124/><U13/><E109/><V34/><F110/><W114/><G121/><T43/><D104/><U20/><E129/><V75/><F128/><W47/><G114/><T6/><D58/><U105/><E33/><V82/><F125/><W25/><G71/><T10/><D43/><U73/><E46/><V21/><F134/><W40/><G94/><T115/><D115/><U116/><E116/><V123/><F34/><W66/><G4/><T24/><D24/><U67/><E27/><V79/><F123/><W2/><G2/><T65/><D65/><U17/><E67/><V95/><F106/><W59/><G60/><T100/><D100/><U55/><E20/><V18/><F64/><W113/><G113/><T62/><D62/><U69/><E55/><V122/><F122/><W38/><G38/><T16/><D39/><U54/><E54/><V91/><F102/><W77/><REACH who="3" step="1"/><G66/><REACH who="3" ten="427,240,170,153" step="2"/><T68/><D68/><U83/><E69/><V7/><F7/><W49/><G49/><T48/><D48/><U37/><E37/><V23/><F5/><W130/><G130/><T78/><D92/><U70/><E70/><V3/><F3/><W98/><G98/><T111/><D111/><U119/><E119/><V120/><F120/><W72/><G72/><T127/><D127/><U31/><E73/><V12/><F75/><W11/><G11/><T0/><D0/><U50/><E133/><V61/><F74/><W53/><G53/><RYUUKYOKU ba="1,1" sc="427,-10,240,-10,170,-10,153,30" hai3="25,29,36,40,42,44,47,51,57,59,77,80,85" /><INIT seed="3,2,1,4,1,21" ten="417,230,160,183" oya="3" hai0="33,124,49,122,46,133,39,11,10,29,129,45,18" hai1="116,35,90,41,44,100,53,16,74,7,5,43,103" hai2="82,93,32,134,54,65,38,135,114,23,42,2,14" hai3="27,95,115,110,131,96,58,4,31,47,20,85,0"/><W117/><G115/><T88/><D122/><U28/><E74/><V94/><F114/><W51/><G117/><T78/><D133/><N who="2" m="50698" /><F32/><W56/><G131/><T6/><D124/><U55/><E116/><V126/><F2/><W113/><G113/><T52/><D78/><U127/><E127/><V19/><F126/><W66/><G110/><T120/><D120/><U125/><E125/><V97/><F65/><W69/><G69/><T9/><D129/><U67/><E67/><V111/><F111/><W84/><G4/><T48/><D39/><U98/><E90/><V109/><F109/><W118/><G0/><T36/><D36/><U87/><E87/><N who="3" m="33354" /><G66/><T89/><D18/><U119/><E119/><V68/><F68/><W63/><G63/><T40/><REACH who="0" step="1"/><D6/><REACH who="0" ten="407,230,160,183" step="2"/><U102/><E16/><N who="2" m="10647" /><F38/><W79/><G79/><T81/><D81/><U73/><E7/><V62/><F82/><W37/><G37/><T3/><D3/><U92/><E5/><V70/><F19/><W12/><G118/><T64/><D64/><U132/><E132/><V112/><F112/><W22/><G12/><T101/><D101/><U75/><E102/><V128/><F128/><W105/><G105/><T25/><AGARI ba="2,2" hai="9,10,11,25,29,33,40,45,46,48,49,52,88,89" machi="25" ten="30,8000,1" yaku="1,1,0,1,52,1,54,2,53,0" doraHai="21" doraHaiUra="104" who="0" fromWho="0" sc="407,106,230,-22,160,-22,183,-42" /><INIT seed="4,0,0,0,2,128" ten="513,208,138,141" oya="0" hai0="86,77,79,116,1,27,55,12,21,54,11,82,115" hai1="68,34,38,106,22,61,62,14,117,88,109,107,8" hai2="87,36,49,56,52,126,130,7,69,103,19,118,114" hai3="58,0,125,67,53,16,96,85,39,90,65,99,37"/><T31/><D116/><U4/><E34/><V26/><F118/><W41/><G0/><T83/><D115/><U25/><E117/><V110/><F110/><W48/><G125/><T113/><D1/><U89/><E109/><V33/><F130/><W135/><G135/><T131/><D113/><U20/><E38/><V42/><F114/><W73/><G73/><T75/><REACH who="0" step="1"/><D131/><REACH who="0" ten="503,208,138,141" step="2"/><U32/><E106/><V66/><F126/><W129/><G129/><T104/><D104/><U13/><E107/><V57/><F103/><W3/><G3/><T101/><D101/><U121/><E121/><V122/><F122/><W124/><G124/><T127/><D127/><U64/><E32/><V51/><F33/><W24/><G39/><T40/><D40/><U95/><E68/><V47/><F7/><AGARI ba="0,1" hai="7,11,12,21,27,31,54,55,75,77,79,82,83,86" machi="7" ten="30,2900,0" yaku="1,1,7,1,53,0" doraHai="128" doraHaiUra="132" who="0" fromWho="2" sc="503,39,208,0,138,-29,141,0" /><INIT seed="4,1,0,0,4,78" ten="542,208,109,141" oya="0" hai0="66,128,44,135,12,131,56,3,111,121,51,98,34" hai1="64,43,1,95,41,48,47,38,69,127,87,40,15" hai2="21,63,29,28,37,91,55,88,0,108,122,45,85" hai3="20,75,84,67,114,81,9,123,70,30,2,89,68"/><T19/><D121/><U124/><E1/><V54/><F108/><W76/><G114/><T62/><D3/><U53/><E15/><V106/><F122/><W32/><G32/><T14/><D111/><U4/><E4/><V50/><F106/><W5/><G123/><T16/><D34/><U103/><E103/><V6/><F37/><W8/><G67/><T7/><D98/><U86/><E95/><V97/><F0/><W120/><G120/><T113/><D135/><U82/><E86/><V104/><F6/><W72/><G72/><T58/><D58/><N who="1" m="33063" /><E82/><N who="2" m="49207" /><F104/><W73/><G9/><T93/><D93/><U112/><E87/><V11/><F11/><W115/><G115/><T94/><D94/><U80/><E80/><V71/><F71/><W83/><REACH who="3" step="1"/><G73/><REACH who="3" ten="542,208,109,131" step="2"/><T60/><D113/><U96/><E112/><V24/><F97/><W102/><G102/><T119/><D66/><U46/><E96/><V90/><F29/><W79/><G79/><T109/><D109/><U22/><E22/><V101/><F101/><W100/><G100/><T65/><D65/><U125/><E38/><V117/><F117/><W105/><G105/><T17/><D119/><U23/><E23/><V52/><F63/><AGARI ba="1,1" hai="40,41,43,46,47,63,64,69,124,125,127" m="33063" machi="63" ten="40,5200,0" yaku="18,1,34,2" doraHai="78" who="1" fromWho="2" sc="542,0,208,65,109,-55,131,0" /><INIT seed="5,0,0,4,0,43" ten="542,273,54,131" oya="1" hai0="23,86,109,45,30,103,60,3,83,13,88,20,27" hai1="124,118,44,72,75,10,111,46,81,107,105,31,8" hai2="50,52,26,104,65,100,125,113,74,1,101,67,48" hai3="91,117,123,135,32,16,56,39,29,95,87,47,12"/><U129/><E118/><V11/><F125/><W33/><G123/><T90/><D109/><U68/><E68/><V96/><F74/><W7/><G7/><T38/><D3/><U114/><E31/><V78/><F113/><W14/><G14/><T35/><D103/><U53/><E124/><V71/><F78/><W6/><G6/><T127/><D127/><U4/><E114/><V9/><F100/><W108/><G108/><T121/><D60/><U64/><E111/><V133/><F133/><W66/><G135/><T134/><D121/><U57/><E64/><V115/><F115/><W92/><G92/><T17/><D134/><U116/><E116/><V89/><F89/><W85/><G85/><T122/><D122/><U37/><E129/><V131/><F131/><W36/><G36/><T119/><D119/><U106/><E10/><V0/><F26/><W2/><G2/><N who="2" m="1129" /><F50/><W77/><G77/><T84/><D38/><U102/><E37/><V49/><F49/><W40/><G29/><T25/><D30/><U58/><E102/><V80/><F80/><W42/><G42/><T24/><D23/><U18/><E81/><V62/><F67/><W112/><G112/><T110/><D35/><U120/><E4/><V61/><F61/><N who="3" m="38183" /><G117/><T51/><D110/><U28/><E28/><V21/><F21/><N who="3" m="11399" /><G32/><T63/><D20/><U94/><E120/><V73/><F73/><W5/><G33/><T41/><D17/><U70/><E72/><V97/><F97/><W15/><G5/><T69/><D69/><U126/><E75/><V54/><F54/><W22/><G22/><RYUUKYOKU ba="0,0" sc="542,-15,273,-15,54,15,131,15" hai2="9,11,48,52,62,65,71,96,101,104" hai3="15,39,40,47,87,91,95" /><INIT seed="6,1,0,4,2,35" ten="527,258,69,146" oya="2" hai0="43,128,98,134,25,41,71,85,54,20,126,69,102" hai1="105,133,50,28,109,99,75,64,53,57,52,5,4" hai2="121,32,72,21,67,127,97,123,115,34,129,91,74" hai3="86,131,104,56,83,82,39,76,63,122,89,107,108"/><V7/><F67/><W26/><G108/><T22/><D22/><U116/><E109/><V6/><F97/><W100/><G131/><T80/><D128/><U88/><E75/><N who="2" m="28715" /><F129/><W94/><G122/><N who="2" m="46601" /><F21/><W18/><G39/><T8/><D43/><U19/><E105/><V55/><F91/><W36/><G36/><T2/><D41/><U1/><E116/><V23/><F23/><N who="3" m="13687" /><G107/><T10/><D69/><U103/><E103/><V46/><F115/><W66/><G104/><T92/><D71/><U124/><E19/><V40/><F40/><W101/><G83/><T60/><D80/><U9/><E64/><V17/><F46/><W81/><G82/><T70/><D70/><U95/><E28/><V29/><F29/><W15/><G15/><T118/><D118/><U135/><E5/><N who="2" m="1547" /><F17/><W90/><G90/><T31/><D31/><U117/><E117/><V33/><F127/><W37/><G37/><T47/><D47/><U78/><E78/><V79/><F79/><W12/><G12/><T48/><D98/><AGARI ba="1,0" hai="56,63,66,76,81,86,89,94,98,100,101" m="13687" machi="98" ten="30,1000,0" yaku="8,1" doraHai="35" who="3" fromWho="0" sc="527,-13,258,0,69,0,146,13" /><INIT seed="7,0,0,0,4,32" ten="514,258,69,159" oya="3" hai0="132,92,125,106,74,105,4,79,42,108,81,52,30" hai1="7,55,107,67,128,75,66,24,17,37,133,68,48" hai2="86,85,19,78,129,16,113,98,135,36,115,31,116" hai3="40,21,76,43,11,54,84,100,110,126,6,60,93"/><W5/><G126/><T64/><D108/><U91/><E75/><V47/><F116/><W12/><G110/><T45/><D64/><U130/><E107/><V77/><F31/><W62/><G6/><T34/><D132/><U63/><E67/><V102/><F47/><W9/><G9/><T90/><D52/><U101/><E101/><V123/><F36/><W13/><G76/><N who="2" m="29289" /><F135/><W134/><G134/><T99/><D125/><U120/><E91/><V80/><F80/><W119/><G119/><T88/><D90/><U121/><E37/><V15/><F15/><W94/><G21/><T28/><D4/><U104/><E104/><V46/><F46/><W0/><G13/><T44/><D44/><N who="1" m="28039" /><E7/><V53/><F53/><W41/><G12/><T57/><D57/><U69/><E133/><V70/><F70/><W26/><G54/><T29/><D34/><U38/><E68/><V111/><F111/><W72/><G26/><T22/><D22/><N who="1" m="13391" /><E38/><V96/><F102/><W3/><G41/><T51/><AGARI ba="0,0" hai="28,29,30,42,45,51,74,79,81,88,92,99,105,106" machi="51" ten="30,2000,0" yaku="0,1,54,1" doraHai="32" who="0" fromWho="0" sc="514,20,258,-5,69,-5,159,-10" owari="534,63.4,253,5.3,64,-43.6,149,-25.1" /></mjloggm>