<mjloggm ver="2.3"><GO type="169" lobby="0"/><UN n0="%E3%81%97%E3%82%89%E3%81%99%EF%BC%A1" n1="%E9%A7%92%E5%B8%AB%E6%97%A5%E5%90%91" n2="%E3%81%8D%E3%82%83%E3%83%BC%E3%82%8D%E3%82%93" n3="%53%69%65%72%72%61" dan="16,16,16,16" rate="2101.98,2092.59,2149.06,2103.46" sx="M,M,M,M"/><TAIKYOKU oya="0"/><INIT seed="0,0,0,1,1,50" ten="250,250,250,250" oya="0" hai0="122,134,66,115,37,113,55,43,19,125,79,2,126" hai1="100,8,56,118,102,63,38,132,101,21,85,124,103" hai2="54,3,39,62,87,52,67,108,99,6,94,49,61" hai3="80,44,11,104,128,26,0,65,36,40,28,106,60"/><T131/><D2/><U82/><E118/><V120/><F120/><W127/><G127/><N who="0" m="48651" /><D79/><U98/><E132/><V105/><F108/><W89/><G128/><T46/><D19/><U13/><E38/><V58/><F39/><W121/><G89/><T83/><D83/><U74/><E74/><V97/><F105/><W111/><G111/><T25/><D25/><U23/><E124/><V95/><F3/><W5/><G121/><T32/><D32/><U41/><E41/><V91/><F6/><W112/><G112/><N who="0" m="43083" /><D122/><U27/><E27/><V68/><F95/><W34/><REACH who="3" step="1"/><G80/><REACH who="3" ten="250,250,250,240" step="2"/><T76/><D131/><U18/><E103/><V130/><F130/><W9/><G9/><T45/><D76/><N who="1" m="46279" /><E98/><V107/><F107/><W93/><G93/><T129/><D129/><U35/><E35/><V123/><F123/><W114/><G114/><T10/><D10/><U92/><E92/><V1/><F1/><W4/><G4/><T57/><D134/><U12/><E12/><V90/><F90/><W78/><G78/><T20/><D20/><U17/><E17/><V117/><F117/><W7/><G7/><T42/><D66/><AGARI ba="0,1" hai="8,13,18,21,23,56,63,66,100,101,102" m="46279" machi="66" ten="30,1000,0" yaku="8,1" doraHai="50" who="1" fromWho="0" sc="250,-10,250,20,250,0,240,0" /><INIT seed="1,0,0,3,1,19" ten="240,270,250,240" oya="1" hai0="24,64,129,49,112,120,106,80,92,35,47,81,2" hai1="62,135,132,9,67,52,6,43,50,108,21,17,115" hai2="33,41,85,104,101,66,131,100,60,1,94,37,65" hai3="71,56,14,20,117,27,116,34,3,32,79,54,23"/><U95/><E115/><V87/><F33/><W22/><G71/><T0/><D106/><U98/><E43/><V45/><F1/><W91/><G3/><T58/><D112/><U51/><E108/><V12/><F131/><W7/><G79/><T74/><D129/><U28/><E28/><V130/><F104/><W31/><G34/><T86/><D120/><U63/><E50/><V121/><F121/><W42/><G42/><T78/><D92/><U68/><E63/><V113/><F113/><W70/><G91/><T84/><D74/><U99/><E9/><V30/><F30/><W119/><G70/><T88/><D35/><U127/><E6/><V59/><F66/><W25/><G54/><T77/><D24/><N who="1" m="14383" /><E95/><V125/><F125/><W72/><G72/><T82/><D82/><U90/><E90/><V105/><F105/><W122/><G56/><T69/><D69/><U39/><E39/><V16/><F130/><W133/><G133/><N who="1" m="51274" /><E127/><V26/><F26/><N who="3" m="18551" /><G122/><T8/><D8/><AGARI ba="0,0" hai="7,8,14,20,22,23,25,27,116,117,119" m="18551" machi="8" ten="40,12000,2" yaku="12,1,34,2,52,3" doraHai="19" who="3" fromWho="0" sc="240,-120,270,0,250,0,240,120" /><INIT seed="2,0,0,0,4,49" ten="120,270,250,360" oya="2" hai0="31,30,58,97,75,110,6,126,70,73,94,95,83" hai1="18,131,22,61,13,67,51,24,56,93,53,54,104" hai2="27,66,84,121,103,52,132,39,12,101,25,114,23" hai3="43,100,116,122,106,72,86,7,64,41,98,47,36"/><V135/><F114/><W21/><G116/><T28/><D70/><U76/><E104/><V102/><F121/><W133/><G122/><T87/><D110/><U134/><E134/><N who="2" m="51243" /><F39/><W38/><G72/><T29/><N who="0" m="7168" /><DORA hai="2" /><T118/><D126/><U120/><E131/><V117/><F117/><W9/><G133/><T119/><D118/><U42/><E120/><V14/><F66/><W74/><G74/><T109/><D119/><U17/><E76/><V8/><F23/><W32/><G32/><T85/><D109/><U60/><E93/><V71/><F71/><W92/><G21/><T63/><D6/><U78/><E78/><V50/><F84/><W59/><G86/><T99/><D85/><U111/><E111/><V112/><F112/><W88/><G64/><T128/><D128/><U127/><E127/><V0/><F0/><W16/><G59/><T123/><D123/><U4/><E4/><N who="2" m="3079" /><F14/><W96/><G38/><T15/><D15/><U81/><E81/><V68/><F68/><W26/><G41/><T55/><D75/><U69/><E42/><V129/><F129/><W1/><REACH who="3" step="1"/><G26/><REACH who="3" ten="120,270,250,350" step="2"/><T44/><D73/><U5/><E5/><V108/><F108/><W57/><G57/><AGARI ba="0,1" hai="25,27,50,52,57,101,102,103" m="3079,51243" machi="57" ten="30,11600,0" yaku="20,1,52,2,54,1" doraHai="49,2" who="2" fromWho="3" sc="120,0,270,0,250,126,350,-116" /><INIT seed="2,1,0,0,3,13" ten="120,270,376,234" oya="2" hai0="84,19,32,11,55,110,117,17,96,62,108,26,113" hai1="5,4,99,7,33,114,79,50,130,68,72,45,94" hai2="100,58,121,16,123,3,124,20,35,64,133,134,49" hai3="52,54,104,78,101,88,28,0,95,76,69,128,65"/><V24/><F100/><W21/><G0/><T2/><D113/><U118/><E114/><V106/><F106/><W63/><G128/><T87/><D96/><U89/><E130/><V60/><F3/><W90/><G104/><T109/><D117/><U107/><E33/><V12/><F124/><W27/><G101/><T6/><D62/><U40/><E68/><V102/><F102/><W103/><G103/><T10/><D55/><U122/><E107/><V92/><F92/><W48/><G54/><T71/><D71/><U53/><E118/><V18/><F49/><W116/><G116/><T9/><D84/><U51/><E122/><V86/><F86/><W119/><G119/><T36/><D87/><U105/><E105/><V15/><F35/><W126/><G126/><T37/><D36/><U44/><E72/><V120/><REACH who="2" step="1"/><F24/><REACH who="2" ten="120,270,366,234" step="2"/><W43/><G95/><T127/><D127/><U34/><E34/><V38/><F38/><W61/><G78/><AGARI ba="1,1" hai="4,5,7,40,44,45,50,51,53,78,79,89,94,99" machi="78" ten="40,1300,0" yaku="8,1" doraHai="13" who="1" fromWho="3" sc="120,0,270,26,366,0,234,-16" /><INIT seed="3,0,0,5,4,38" ten="120,296,366,218" oya="3" hai0="25,64,73,44,26,23,40,21,110,78,68,48,8" hai1="49,98,18,11,119,22,30,88,60,20,116,134,82" hai2="91,45,43,89,100,66,79,135,9,58,105,126,122" hai3="95,115,113,121,90,31,59,7,75,94,102,0,28"/><W72/><G121/><T27/><D110/><U85/><E134/><V71/><F71/><W1/><G102/><T41/><D68/><U117/><E30/><V104/><F126/><W128/><G59/><T24/><D64/><U3/><E98/><V57/><F79/><W125/><G7/><T34/><D34/><U2/><E11/><V15/><F135/><W114/><G128/><T127/><D127/><U112/><E112/><V81/><F122/><W17/><G125/><T19/><D73/><U109/><E109/><V93/><F81/><W106/><G106/><T35/><D78/><U83/><E83/><V39/><F91/><W12/><G90/><T120/><D35/><U56/><E49/><V51/><F39/><W5/><G5/><T99/><D8/><U97/><E97/><V124/><F124/><W107/><G107/><T36/><D99/><U74/><E74/><N who="3" m="28202" /><G17/><N who="0" m="12335" /><D36/><U108/><E108/><V47/><F104/><W86/><G86/><T63/><D63/><U130/><E130/><V62/><F105/><W92/><G12/><N who="0" m="9703" /><D120/><U103/><E103/><V96/><F100/><W37/><G37/><T33/><D33/><U13/><E20/><V111/><F111/><W69/><G69/><T53/><AGARI ba="0,0" hai="25,26,27,40,41,44,48,53" m="9703,12335" machi="53" ten="30,4000,0" yaku="8,1,52,2" doraHai="38" who="0" fromWho="0" sc="120,40,296,-10,366,-10,218,-20" /><INIT seed="4,0,0,4,1,12" ten="160,286,356,198" oya="0" hai0="134,63,58,112,71,92,43,97,133,118,9,19,52" hai1="34,76,89,0,99,114,91,46,79,66,117,22,101" hai2="31,32,29,87,124,72,129,131,69,108,56,96,95" hai3="51,53,123,57,116,74,59,78,73,13,98,125,70"/><T14/><D118/><U61/><E34/><V24/><F72/><W80/><G116/><T37/><D112/><U67/><E0/><V11/><F69/><W4/><G70/><T49/><D37/><U120/><E120/><V86/><F108/><W104/><G123/><T75/><D75/><U36/><E67/><V93/><F124/><W132/><G125/><T35/><D35/><U6/><E6/><V38/><F38/><W109/><G109/><T33/><D33/><U27/><E79/><V39/><F39/><W40/><G132/><T45/><REACH who="0" step="1"/><D71/><REACH who="0" ten="150,286,356,198" step="2"/><N who="1" m="42447" /><E117/><V113/><F113/><W23/><G73/><T119/><D119/><U1/><E36/><V5/><F32/><W103/><G74/><T110/><D110/><U44/><E114/><V17/><F131/><W25/><G104/><T15/><D15/><U62/><E1/><V18/><F129/><W102/><G13/><T3/><D3/><U41/><E27/><V47/><F24/><W126/><G25/><T100/><AGARI ba="0,1" hai="9,14,19,43,45,49,52,58,63,92,97,100,133,134" machi="100" ten="30,12000,1" yaku="1,1,0,1,52,1,54,1,53,1" doraHai="12" doraHaiUra="7" who="0" fromWho="0" sc="150,130,286,-40,356,-40,198,-40" /><INIT seed="4,1,0,4,1,120" ten="280,246,316,158" oya="0" hai0="75,0,81,40,101,133,58,111,76,31,41,65,62" hai1="21,126,123,108,35,98,96,30,61,18,13,125,117" hai2="11,77,39,88,16,63,94,79,25,20,72,103,124" hai3="23,128,110,80,97,122,51,83,54,59,115,129,53"/><T135/><D0/><U82/><E108/><V127/><F39/><W130/><G122/><T50/><D101/><U93/><E123/><V44/><F44/><W68/><G68/><T19/><D31/><U131/><E117/><V121/><F121/><W36/><G36/><T43/><D50/><U107/><E107/><V4/><F103/><W66/><G66/><T73/><D73/><U2/><E2/><V57/><F72/><W22/><G115/><T26/><D26/><N who="1" m="18903" /><E82/><V67/><F127/><N who="1" m="48649" /><E131/><V74/><F74/><W12/><G97/><N who="1" m="37482" /><E61/><V3/><F124/><W116/><G116/><T84/><D75/><U8/><E93/><V78/><F78/><W95/><G95/><T55/><D111/><U5/><E21/><N who="3" m="7690" /><G12/><T69/><D69/><U7/><AGARI ba="1,0" hai="5,7,8,13,18" m="37482,48649,18903" machi="7" ten="30,1100,0" yaku="18,1" doraHai="120" who="1" fromWho="1" sc="280,-6,246,14,316,-4,158,-4" /><INIT seed="5,0,0,3,4,133" ten="274,260,312,154" oya="1" hai0="9,125,97,93,52,22,69,2,67,40,124,85,121" hai1="58,42,73,103,38,117,62,61,16,70,60,34,89" hai2="26,21,111,112,30,33,47,17,132,95,83,119,46" hai3="81,128,12,109,19,29,90,50,54,35,77,76,110"/><U31/><E117/><V37/><F111/><W63/><G128/><T107/><D107/><U27/><E73/><V94/><F119/><W78/><G63/><T135/><D135/><U101/><E70/><V53/><F132/><W127/><G35/><T0/><D40/><U64/><E64/><V45/><F112/><W126/><G29/><T96/><D121/><U88/><E58/><V7/><F7/><W18/><G18/><T39/><D39/><U25/><E42/><V48/><F37/><W74/><G74/><T56/><D22/><N who="1" m="13511" /><E34/><V3/><F83/><W24/><G24/><T43/><D43/><U92/><E38/><V66/><F3/><W118/><G118/><T84/><D67/><U59/><E59/><V79/><F79/><W72/><G72/><T134/><D69/><U102/><E92/><V99/><F66/><W82/><G109/><T13/><D134/><U65/><E65/><V1/><F1/><W41/><G41/><T11/><D93/><U98/><E98/><V130/><F95/><W5/><G5/><T91/><D91/><N who="1" m="34891" /><E27/><V116/><F116/><W115/><G110/><T8/><D56/><U44/><E44/><V105/><F105/><W51/><G51/><T28/><D0/><U71/><E71/><V86/><F47/><N who="3" m="27999" /><G115/><T6/><D2/><U123/><E123/><V57/><F46/><W100/><G100/><T68/><D68/><U108/><E108/><V80/><F45/><W15/><G82/><T113/><D113/><U131/><E131/><V122/><F130/><W75/><G81/><T23/><D96/><U129/><E129/><RYUUKYOKU ba="0,0" sc="274,-10,260,30,312,-10,154,-10" hai1="31,60,61,62,101,102,103" /><INIT seed="5,1,0,3,0,58" ten="264,290,302,144" oya="1" hai0="46,51,13,41,77,26,30,97,133,83,94,121,117" hai1="76,75,122,118,36,5,107,135,90,28,92,8,24" hai2="68,2,18,109,101,128,99,53,12,39,85,131,33" hai3="25,67,22,130,37,47,87,134,55,73,113,125,98"/><U11/><E122/><V35/><F109/><W79/><G73/><T123/><D117/><U52/><E118/><V66/><F2/><W91/><G113/><T111/><D111/><U72/><E135/><V100/><F39/><W40/><G134/><T93/><D13/><U70/><E70/><V21/><F101/><W86/><G130/><N who="2" m="49705" /><F85/><W49/><G125/><T38/><D38/><U106/><E36/><V43/><F43/><W110/><G110/><T63/><D63/><U105/><E76/><V17/><F17/><W10/><G79/><T16/><D133/><U89/><E52/><V127/><F127/><W20/><G10/><T71/><D71/><U54/><E54/><V114/><F114/><W57/><G22/><N who="0" m="13639" /><D30/><U69/><E69/><V45/><F45/><W60/><G98/><T34/><D97/><U27/><E27/><V15/><F15/><W103/><G103/><T61/><D61/><U95/><E24/><V50/><F68/><N who="3" m="42087" /><G91/><N who="1" m="34826" /><E28/><AGARI ba="1,0" hai="20,25,28,37,40,47,49,55,57,86,87" m="42087" machi="28" ten="30,2000,0" yaku="24,1,52,1" doraHai="58" who="3" fromWho="1" sc="264,0,290,-23,302,0,144,23" /><INIT seed="6,0,0,2,1,17" ten="264,267,302,167" oya="2" hai0="97,59,37,103,7,55,115,41,131,113,92,84,70" hai1="66,25,8,19,133,134,40,130,78,126,52,64,75" hai2="24,53,68,1,57,69,83,112,94,77,48,91,114" hai3="106,3,21,118,4,102,107,33,132,135,46,0,81"/><V120/><F120/><W65/><G118/><T56/><D70/><U63/><E40/><V124/><F1/><W128/><G33/><T44/><D131/><U10/><E130/><V111/><F124/><W80/><G65/><N who="1" m="25194" /><E126/><V105/><F105/><W60/><G128/><T89/><D7/><U54/><E78/><V11/><F11/><N who="1" m="4137" /><E75/><V117/><F117/><W16/><G60/><T116/><D116/><U13/><E25/><V15/><F111/><W74/><G4/><T79/><D79/><U32/><E32/><V50/><F15/><W104/><G102/><T125/><D125/><U26/><E26/><V129/><F129/><W61/><G61/><T72/><D72/><U87/><E63/><V67/><F67/><W76/><G80/><T122/><D122/><U58/><E87/><N who="2" m="48623" /><F50/><W12/><REACH who="3" step="1"/><G46/><REACH who="3" ten="264,267,302,157" step="2"/><T71/><D71/><U43/><E58/><V35/><F69/><W51/><G51/><T42/><D59/><U49/><E49/><V27/><F68/><W73/><G73/><T2/><D44/><U100/><E100/><V22/><F35/><W29/><G29/><T90/><D103/><U109/><E109/><V36/><F57/><W30/><G30/><T18/><D56/><U38/><E38/><V95/><F36/><W93/><G93/><N who="0" m="56495" /><D37/><U108/><E108/><V96/><F95/><W47/><G47/><T28/><D28/><U110/><E110/><V88/><F48/><W45/><G45/><T62/><D62/><U86/><E43/><V23/><F94/><W39/><G39/><T85/><D42/><U31/><E31/><V119/><F119/><RYUUKYOKU ba="0,1" sc="264,-10,267,-10,302,-10,157,30" hai3="0,3,12,16,21,74,76,81,104,106,107,132,135" /><INIT seed="7,1,1,0,0,36" ten="254,257,292,187" oya="3" hai0="12,77,55,118,44,89,45,69,6,58,7,9,21" hai1="76,111,90,66,22,127,110,53,25,32,23,113,126" hai2="56,8,39,30,80,93,33,86,18,96,104,17,43" hai3="59,68,52,2,128,95,74,40,75,60,99,94,71"/><W100/><G2/><T135/><D69/><U73/><E66/><V57/><F104/><W105/><G128/><T121/><D118/><U54/><E73/><V34/><F39/><W29/><G29/><T132/><D121/><U20/><E76/><V109/><F43/><W48/><G71/><T11/><D77/><U16/><E90/><V31/><F109/><N who="1" m="41481" /><E53/><V15/><F34/><W4/><G4/><T0/><D21/><N who="1" m="13479" /><E54/><V81/><F33/><W41/><G74/><T122/><D122/><U46/><E46/><V26/><F81/><W63/><G75/><T61/><D89/><U19/><E32/><V13/><F57/><W102/><G105/><T84/><D84/><U14/><E113/><V42/><F42/><N who="3" m="16491" /><G68/><T124/><REACH who="0" step="1"/><D124/><AGARI ba="1,1" hai="14,19,20,22,23,124,126,127" m="13479,41481" machi="124" ten="30,7700,0" yaku="18,1,34,2,54,1" doraHai="36" who="1" fromWho="0" sc="254,-80,257,90,292,0,187,0" owari="174,-32.6,347,44.7,292,9.2,187,-21.3" /></mjloggm>