<mjloggm ver="2.3"><GO type="169" lobby="0"/><UN n0="%68%7A%63" n1="%E3%82%B0%E3%83%B3%E3%83%80%E3%83%AA%E3%83%BC" n2="%73%79%6C%76%65%6F%6E" n3="%E8%B2%A1%E5%89%8D%E5%8F%88%E4%B8%80" dan="18,19,16,17" rate="2234.98,2281.92,2174.23,2221.42" sx="F,M,M,M"/><TAIKYOKU oya="0"/><INIT seed="0,0,0,2,0,33" ten="250,250,250,250" oya="0" hai0="104,21,75,127,133,6,106,58,135,62,49,81,35" hai1="20,59,90,23,85,30,53,65,73,134,40,68,96" hai2="80,39,54,74,88,97,100,130,131,24,31,101,47" hai3="128,11,102,94,3,110,77,61,38,67,71,18,28"/><T51/><D35/><U118/><E134/><N who="0" m="51209" /><D127/><U41/><E73/><V25/><F74/><W105/><G38/><T1/><D21/><U93/><E118/><V36/><F54/><W103/><G28/><T72/><D51/><U129/><E129/><N who="2" m="49163" /><F47/><W126/><G18/><T87/><D49/><U109/><E20/><N who="2" m="15751" /><F25/><W132/><G67/><N who="0" m="39383" /><D75/><U66/><E66/><V46/><F46/><W95/><G61/><T19/><D19/><U124/><E65/><V98/><F39/><W121/><G71/><T112/><D72/><U125/><E68/><V34/><F34/><W32/><G32/><T122/><D112/><U48/><E41/><V108/><F36/><W79/><G128/><T89/><D122/><U44/><E40/><V123/><F123/><W70/><G121/><T69/><D69/><U43/><E124/><V0/><F101/><W99/><G70/><T84/><D84/><U113/><E125/><V78/><F100/><W55/><G126/><T114/><D114/><U56/><E113/><V12/><F98/><W116/><G103/><T5/><D5/><U115/><E96/><V14/><F97/><W107/><G102/><T10/><AGARI ba="0,0" hai="1,6,10,81,87,89,104,106" m="39383,51209" machi="10" ten="30,3000,0" yaku="20,1,52,1" doraHai="33" who="0" fromWho="0" sc="250,30,250,-10,250,-10,250,-10" /><INIT seed="0,1,0,4,2,134" ten="280,240,240,240" oya="0" hai0="124,20,51,25,114,69,19,122,95,110,43,90,109" hai1="62,26,11,27,118,9,57,59,47,106,71,115,15" hai2="5,38,111,29,84,0,116,34,105,13,24,96,39" hai3="63,128,16,49,94,75,54,46,117,104,14,77,102"/><T52/><D69/><U121/><E118/><V100/><F13/><W101/><G128/><T76/><D114/><U37/><E121/><V4/><F4/><W56/><G104/><T126/><D76/><U119/><E106/><V97/><F84/><W40/><G117/><T103/><D43/><U45/><E71/><V129/><F97/><W99/><G75/><T58/><D103/><U79/><E37/><N who="2" m="13835" /><F116/><W89/><REACH who="3" step="1"/><G77/><REACH who="3" ten="280,240,240,230" step="2"/><T41/><D122/><U33/><E119/><V127/><F129/><W66/><G66/><T1/><D41/><U135/><E79/><V85/><F105/><W32/><G32/><T82/><D1/><U73/><E33/><V93/><F34/><W112/><G112/><T133/><D133/><U78/><E78/><V70/><F0/><W22/><AGARI ba="1,1" hai="14,16,22,40,46,49,54,56,63,89,94,99,101,102" machi="22" ten="20,8000,1" yaku="1,1,0,1,7,1,8,1,54,1,53,0" doraHai="134" doraHaiUra="74" who="3" fromWho="3" sc="280,-41,240,-21,240,-21,230,93" /><INIT seed="1,0,0,4,2,90" ten="239,219,219,323" oya="1" hai0="11,87,67,91,123,80,117,53,31,96,19,92,101" hai1="44,26,30,0,29,133,62,3,13,125,76,124,10" hai2="16,129,45,100,32,113,119,50,121,93,104,82,74" hai3="85,86,39,15,94,40,20,108,63,21,84,109,111"/><U51/><E76/><V54/><F119/><W120/><G120/><T41/><D117/><U7/><E62/><V60/><F121/><W65/><G40/><T64/><D123/><U66/><E66/><V52/><F32/><W34/><G39/><T69/><D69/><U9/><E51/><V59/><F104/><W98/><G34/><T132/><D41/><U43/><E44/><V73/><F129/><W28/><G15/><T83/><D31/><N who="1" m="11787" /><E43/><V107/><F107/><W5/><G28/><T79/><D132/><U114/><E114/><V106/><F106/><W122/><G5/><T72/><D53/><U12/><E26/><V8/><F113/><W38/><G38/><T110/><D67/><U68/><E68/><V46/><F46/><W127/><G122/><T128/><D64/><U97/><E97/><N who="2" m="59439" /><F74/><W81/><G81/><N who="0" m="45287" /><D128/><U116/><E116/><V99/><F73/><W17/><G65/><T4/><D19/><N who="1" m="8591" /><E133/><V103/><F82/><W131/><G131/><T78/><D83/><U18/><E18/><V49/><F49/><W115/><G17/><T22/><D78/><U48/><E48/><V27/><F45/><W25/><G115/><T57/><D57/><U77/><E77/><V130/><F130/><W118/><G118/><T6/><D80/><U89/><E89/><V126/><F50/><W55/><G111/><T75/><D110/><U23/><E23/><N who="3" m="8778" /><G109/><T61/><D22/><U134/><E134/><V95/><F27/><W2/><G25/><T135/><D135/><U47/><E47/><V14/><F54/><W88/><G108/><T37/><D37/><RYUUKYOKU ba="0,0" sc="239,-15,219,15,219,15,323,-15" hai1="0,3,7,10,13,124,125" hai2="8,14,16,52,59,60,95,99,103,126" /><INIT seed="1,1,0,0,0,97" ten="224,234,234,308" oya="1" hai0="28,116,103,22,27,98,53,73,77,125,70,129,80" hai1="43,104,90,88,65,3,112,89,96,78,74,44,82" hai2="11,123,25,32,86,105,49,48,107,40,29,110,94" hai3="122,15,26,135,6,120,61,93,2,31,79,47,121"/><U95/><E112/><V59/><F123/><W51/><G135/><T12/><D116/><U76/><E104/><V100/><F110/><W58/><G2/><T4/><D70/><U38/><E65/><V132/><F132/><W63/><G79/><T57/><D125/><U20/><E78/><V42/><F11/><W30/><G30/><T66/><D66/><U36/><E36/><V50/><F59/><W18/><G93/><T124/><D129/><U14/><REACH who="1" step="1"/><E3/><REACH who="1" ten="224,224,234,308" step="2"/><V115/><F115/><W83/><G122/><T126/><D4/><U84/><E84/><V55/><F86/><W23/><G6/><T41/><D41/><U13/><E13/><V85/><F107/><W118/><G15/><T75/><D12/><U113/><E113/><V101/><F105/><W109/><G121/><T9/><D73/><U10/><E10/><V0/><F0/><W117/><G120/><T60/><D9/><U54/><E54/><V24/><F55/><W128/><G118/><T21/><D126/><U5/><E5/><V39/><F39/><W92/><G117/><T119/><D124/><U16/><AGARI ba="1,1" hai="14,16,20,38,43,44,74,76,82,88,89,90,95,96" machi="16" ten="30,12000,1" yaku="1,1,0,1,54,2,53,1" doraHai="97" doraHaiUra="91" who="1" fromWho="1" sc="224,-41,224,133,234,-41,308,-41" /><INIT seed="1,2,0,3,3,66" ten="183,357,193,267" oya="1" hai0="120,92,58,1,72,80,40,25,133,18,124,28,17" hai1="19,131,70,51,7,106,123,115,43,48,126,86,88" hai2="16,95,109,5,45,0,71,117,74,37,49,44,119" hai3="65,10,121,113,89,125,83,30,90,91,52,36,67"/><U84/><E115/><V97/><F74/><W101/><G121/><T33/><D1/><U57/><E123/><V35/><F35/><W105/><G30/><T34/><D120/><U76/><E106/><V60/><F109/><W63/><G36/><T111/><D34/><U103/><E103/><V56/><F0/><W69/><G125/><T21/><D111/><U129/><E7/><V2/><F2/><W3/><G67/><T12/><D133/><U96/><E96/><V118/><F5/><W100/><G83/><T130/><D40/><U41/><E19/><V31/><F31/><W22/><G22/><T116/><D130/><N who="1" m="49675" /><E76/><V132/><F132/><W4/><G105/><T6/><D116/><U87/><E126/><V62/><F16/><W82/><G82/><T24/><D6/><U61/><E88/><V53/><F95/><W27/><G113/><T98/><D124/><U20/><E20/><V42/><F97/><W59/><REACH who="3" step="1"/><G27/><REACH who="3" ten="183,357,193,257" step="2"/><T112/><D112/><U85/><N who="1" m="21504" /><DORA hai="79" /><U75/><E75/><V102/><F118/><W68/><G68/><T122/><D122/><U64/><E70/><V9/><F71/><W107/><G107/><T99/><D72/><U78/><E78/><V94/><F117/><W32/><G32/><T108/><D108/><U73/><E73/><V47/><F119/><W128/><G128/><T29/><D80/><U15/><E15/><V38/><F38/><W13/><G13/><T54/><D12/><U26/><E26/><V8/><F37/><W11/><G11/><T114/><D114/><U134/><E134/><V46/><F9/><RYUUKYOKU ba="2,1" sc="183,-15,357,15,193,-15,257,15" hai1="41,43,48,51,57,61,64" hai3="3,4,10,52,59,63,65,69,89,90,91,100,101" /><INIT seed="1,3,1,3,2,19" ten="168,372,178,272" oya="1" hai0="55,123,61,35,93,0,65,97,66,18,113,22,129" hai1="49,42,108,83,60,115,3,20,4,121,99,28,6" hai2="78,23,50,68,128,15,75,85,25,126,91,89,62" hai3="5,131,76,134,120,117,80,46,11,109,40,48,27"/><U43/><E115/><V130/><F126/><W122/><G109/><T107/><D35/><U69/><E121/><V32/><F32/><W33/><G134/><T82/><D113/><U37/><E37/><V72/><F15/><W14/><G131/><N who="2" m="50217" /><F50/><W13/><G13/><T54/><D0/><U133/><E3/><V94/><F78/><W7/><G7/><T30/><D107/><U102/><E83/><N who="2" m="49343" /><F62/><W36/><G117/><T70/><D123/><U135/><E108/><V101/><F101/><W34/><G34/><T44/><D30/><U58/><E49/><V8/><F68/><W125/><G125/><T105/><D105/><N who="1" m="63711" /><E69/><V26/><F8/><W104/><G104/><T127/><D82/><U124/><E43/><V71/><F71/><W111/><G36/><T81/><D81/><U100/><E42/><V56/><F26/><W17/><G111/><T12/><D127/><U77/><E100/><V73/><F56/><W10/><G33/><T96/><D129/><U84/><E84/><N who="2" m="52583" /><F75/><W98/><G40/><T24/><D70/><U87/><E87/><V86/><F86/><W52/><G48/><N who="0" m="28935" /><D97/><U88/><E77/><V45/><F45/><W112/><G76/><T9/><D96/><U59/><E59/><V16/><AGARI ba="3,1" hai="16,23,25,72,73" m="52583,49343,50217" machi="16" ten="30,4000,0" yaku="19,1,52,1,54,1" doraHai="19" who="2" fromWho="2" sc="168,-13,372,-23,178,59,272,-13" /><INIT seed="2,0,0,1,4,60" ten="155,349,237,259" oya="2" hai0="127,22,12,21,61,115,36,14,129,130,64,108,13" hai1="30,15,72,9,39,122,91,123,49,29,40,37,71" hai2="96,1,99,131,112,50,76,102,69,109,97,132,45" hai3="10,67,126,51,93,120,135,26,19,80,53,83,117"/><V59/><F112/><W4/><G117/><T75/><D75/><U134/><E72/><V103/><F69/><W48/><G135/><T116/><D36/><U89/><E71/><V88/><F1/><W119/><G51/><T17/><D115/><U62/><E62/><V84/><F132/><W111/><G111/><T35/><D35/><U33/><E49/><V44/><F131/><N who="0" m="50186" /><D108/><U41/><E15/><N who="0" m="5705" /><D127/><U82/><E82/><N who="2" m="47175" /><F109/><W43/><G83/><T57/><D116/><U11/><REACH who="1" step="1"/><E134/><REACH who="1" ten="155,339,237,259" step="2"/><V20/><F50/><W101/><G48/><T28/><D28/><U77/><E77/><V8/><F45/><W95/><G80/><T133/><D133/><U25/><E25/><V128/><F44/><W105/><G26/><T24/><D24/><U92/><E92/><V121/><F128/><W2/><G95/><T86/><D86/><U100/><E100/><V32/><F103/><W106/><G93/><T73/><D73/><U3/><E3/><V7/><F102/><W104/><G101/><T68/><D68/><U87/><E87/><V55/><F99/><W124/><G2/><T107/><D107/><U58/><E58/><V56/><F97/><W65/><G106/><T85/><D85/><U118/><E118/><V98/><F59/><W6/><G119/><T90/><D90/><U94/><E94/><V18/><F98/><W34/><G105/><T79/><D79/><U46/><E46/><V78/><F56/><W66/><G104/><T125/><D125/><U23/><E23/><AGARI ba="0,1" hai="14,17,21,22,23,57,61,64" m="5705,50186" machi="23" ten="30,2000,0" yaku="19,1,52,1" doraHai="60" who="0" fromWho="1" sc="155,30,339,-20,237,0,259,0" /><INIT seed="3,0,0,0,1,42" ten="185,319,237,259" oya="3" hai0="52,129,78,112,85,93,110,25,84,59,113,89,106" hai1="8,75,20,30,100,16,87,24,28,56,64,51,50" hai2="86,61,109,120,34,67,37,48,114,44,65,91,108" hai3="17,95,96,66,36,98,101,39,12,82,77,118,94"/><W90/><G118/><T83/><D110/><N who="2" m="42602" /><F34/><W32/><G66/><T22/><D106/><U133/><E75/><V43/><F114/><W102/><G90/><T134/><D129/><U135/><E100/><V19/><F120/><W53/><G53/><T0/><D0/><U15/><E30/><V127/><F127/><W99/><G99/><T13/><D13/><U31/><E31/><V122/><F122/><W92/><G92/><T72/><D72/><U6/><E87/><V11/><F61/><W79/><G32/><T131/><D134/><N who="1" m="51211" /><E28/><V81/><F37/><W10/><REACH who="3" step="1"/><G79/><REACH who="3" ten="185,319,237,249" step="2"/><T18/><REACH who="0" step="1"/><D131/><REACH who="0" ten="175,319,237,249" step="2"/><U119/><E119/><V117/><F117/><W69/><G69/><T40/><D40/><U49/><E64/><V23/><F67/><W63/><G63/><AGARI ba="0,2" hai="18,22,25,52,59,63,78,83,84,85,89,93,112,113" machi="63" ten="40,2600,0" yaku="1,1,54,1,53,0" doraHai="42" doraHaiUra="70" who="0" fromWho="3" sc="175,46,319,0,237,0,249,-26" /><INIT seed="4,0,0,4,1,127" ten="221,319,237,223" oya="0" hai0="102,58,39,126,94,112,80,71,29,1,8,12,65" hai1="124,125,101,55,60,38,35,103,135,67,57,120,44" hai2="134,132,37,121,9,92,128,77,90,27,61,115,6" hai3="47,81,26,96,109,83,91,7,51,86,100,133,122"/><T17/><D39/><U74/><E120/><V76/><F37/><W34/><G109/><T75/><D112/><U110/><E110/><V97/><F121/><W42/><G133/><N who="2" m="51305" /><F115/><W33/><G122/><T66/><D71/><N who="1" m="42471" /><E74/><V16/><F128/><W23/><G7/><T108/><D126/><N who="1" m="48747" /><E35/><V14/><F61/><W4/><G4/><T28/><D1/><U22/><E22/><AGARI ba="0,0" hai="6,9,14,16,22,27,76,77,90,92,97" m="51305" machi="22" ten="30,2000,0" yaku="20,1,54,1" doraHai="127" who="2" fromWho="1" sc="221,0,319,-20,237,20,223,0" /><INIT seed="5,0,0,1,1,124" ten="221,299,257,223" oya="1" hai0="63,62,61,129,27,24,95,98,128,91,73,116,2" hai1="52,103,58,109,126,38,87,40,132,72,28,55,45" hai2="31,102,113,120,118,32,7,50,20,59,6,18,30" hai3="14,0,68,23,86,15,96,56,43,1,85,29,17"/><U42/><E126/><V51/><F118/><W21/><G68/><T54/><D73/><U48/><E132/><V100/><F120/><W133/><G43/><T19/><D2/><U9/><E72/><V94/><F113/><W22/><G29/><N who="2" m="10761" /><F32/><W131/><G96/><T101/><D116/><U67/><E109/><V25/><F94/><W115/><G23/><N who="0" m="13439" /><D27/><U134/><E134/><V33/><F33/><W89/><G17/><T76/><D76/><U12/><E28/><V26/><F26/><W78/><G78/><T57/><D101/><N who="2" m="39018" /><F59/><W71/><G71/><T44/><D44/><U13/><E103/><V122/><F122/><W119/><G56/><N who="0" m="34967" /><D63/><U41/><E13/><V53/><F53/><AGARI ba="0,0" hai="53,57,62,91,95,98,128,129" m="34967,13439" machi="53" ten="30,3900,0" yaku="25,1,52,2" doraHai="124" who="0" fromWho="2" sc="221,39,299,0,257,-39,223,0" /><INIT seed="6,0,0,3,0,127" ten="260,299,218,223" oya="2" hai0="91,125,113,1,132,45,64,52,23,54,18,89,19" hai1="30,12,32,133,22,27,0,128,98,51,66,48,85" hai2="96,35,111,49,81,80,58,67,56,97,86,63,108" hai3="75,33,9,92,130,6,83,36,109,28,70,69,134"/><V131/><F35/><W21/><G21/><T13/><D1/><U112/><E66/><V95/><F131/><W46/><G92/><T41/><D125/><U50/><E128/><V104/><F104/><W102/><G102/><T135/><D64/><U14/><E0/><V42/><F81/><W120/><G130/><T24/><D113/><U37/><E37/><V101/><F96/><W100/><G100/><T4/><D4/><U76/><E133/><N who="0" m="51273" /><D91/><U26/><E112/><V118/><F118/><W15/><G109/><N who="2" m="42057" /><F42/><W78/><G120/><T90/><D90/><U57/><E98/><V34/><F34/><W43/><G134/><T126/><D89/><U8/><E76/><N who="2" m="46343" /><F49/><W77/><G77/><T123/><D123/><U2/><E50/><V94/><F94/><W53/><G53/><T105/><D105/><U5/><E51/><V44/><F44/><W84/><G75/><T71/><D126/><U7/><E85/><V87/><F87/><W20/><G33/><T121/><D121/><U79/><E79/><V11/><F11/><W29/><REACH who="3" step="1"/><G20/><REACH who="3" ten="260,299,218,213" step="2"/><T47/><D23/><U65/><E32/><V99/><F99/><W115/><G115/><T40/><D54/><U122/><E122/><V16/><F58/><W10/><G10/><T107/><D107/><U88/><E57/><V60/><F60/><W55/><G55/><T124/><D52/><U73/><E22/><V106/><F106/><W103/><G103/><T129/><D129/><U93/><E93/><V119/><F119/><W110/><G110/><T25/><D124/><U74/><E8/><V82/><F82/><RYUUKYOKU ba="0,1" sc="260,-15,299,-15,218,15,213,15" hai2="16,56,63,67,95,97,101" hai3="6,9,15,28,29,36,43,46,69,70,78,83,84" /><INIT seed="6,1,1,5,5,110" ten="245,284,233,228" oya="2" hai0="121,104,20,81,106,26,48,9,86,72,132,78,116" hai1="125,40,19,11,114,41,92,50,5,54,134,3,29" hai2="67,18,60,88,66,6,69,119,2,0,105,17,117" hai3="27,24,22,10,97,61,75,107,84,56,115,8,62"/><V70/><F105/><W111/><G111/><T118/><D121/><U98/><E29/><V33/><F33/><W12/><G75/><T133/><D9/><U1/><E1/><V127/><F127/><W120/><G120/><T90/><D48/><U135/><E114/><V37/><F37/><W83/><G115/><T53/><D53/><U108/><E19/><V25/><F88/><N who="3" m="51231" /><G107/><N who="0" m="41003" /><D20/><U85/><E85/><V7/><REACH who="2" step="1"/><F60/><REACH who="2" ten="245,284,223,228" step="2"/><W128/><G62/><T99/><D118/><U130/><E125/><V49/><F49/><W96/><G61/><T15/><D116/><U58/><E108/><V21/><F21/><W82/><G22/><T79/><D90/><N who="1" m="55575" /><E130/><V31/><F31/><W76/><G128/><T77/><D133/><AGARI ba="1,2" hai="3,5,11,40,41,50,54,58,133,134,135" m="55575" machi="133" ten="30,1000,0" yaku="20,1" doraHai="110" who="1" fromWho="0" sc="245,-13,284,33,223,0,228,0" /><INIT seed="7,0,0,3,5,7" ten="232,317,223,228" oya="3" hai0="124,58,84,45,11,123,110,0,48,42,40,2,80" hai1="130,73,32,18,39,15,28,1,51,96,41,38,19" hai2="8,117,60,97,108,118,6,30,37,17,34,47,24" hai3="71,128,65,10,102,131,27,134,49,9,62,132,83"/><W13/><G102/><T94/><D110/><U113/><E1/><V72/><F108/><W86/><G27/><T95/><D123/><U115/><E73/><V4/><F72/><W69/><G49/><T29/><D124/><U76/><E130/><N who="3" m="49706" /><G71/><T74/><D74/><U56/><E56/><V66/><F17/><W61/><G61/><T52/><D29/><U104/><E28/><V82/><F4/><W112/><G112/><T53/><D0/><U101/><E51/><V50/><F37/><W105/><G105/><T46/><D2/><U100/><E104/><V106/><F82/><W78/><G13/><T87/><D48/><U119/><E15/><V111/><F111/><W109/><G109/><T44/><D44/><U107/><E107/><V59/><F106/><W126/><G126/><T68/><D58/><U79/><E39/><V14/><F97/><W22/><G22/><T120/><D120/><U135/><E96/><V75/><F75/><W122/><G122/><T54/><D54/><AGARI ba="0,0" hai="6,8,14,24,30,34,47,50,54,59,60,66,117,118" machi="54" ten="30,2000,0" yaku="7,1,52,1" doraHai="7" who="2" fromWho="0" sc="232,-20,317,0,223,20,228,0" owari="212,-28.8,317,41.7,243,4.3,228,-17.2" /></mjloggm>