<mjloggm ver="2.3"><GO type="169" lobby="0"/><UN n0="%E3%82%86%E3%83%BC%E3%82%84%2E%74" n1="%6D%73%E3%82%80%E3%83%BC%E3%81%95%E3%82%93" n2="%48%69%70%70%6F%5F" n3="%E3%83%88%E3%83%B3%E3%83%8D%E3%83%AB%E5%A4%A9%E5%9B%BD" dan="17,17,17,18" rate="2198.47,2155.87,2192.44,2232.86" sx="M,F,M,M"/><TAIKYOKU oya="0"/><INIT seed="0,0,0,4,3,57" ten="250,250,250,250" oya="0" hai0="77,64,125,9,73,94,62,127,85,55,21,80,6" hai1="76,134,44,131,48,23,67,68,11,1,20,107,102" hai2="78,97,18,16,93,53,92,110,105,15,123,31,99" hai3="63,126,109,26,116,82,74,72,52,66,103,34,121"/><T58/><D21/><U135/><E131/><V84/><F110/><W24/><G116/><T13/><REACH who="0" step="1"/><D64/><REACH who="0" ten="240,250,250,250" step="2"/><U0/><E20/><V27/><F123/><W30/><G66/><T45/><D45/><U111/><E67/><V19/><F105/><W28/><G109/><T2/><D2/><U49/><E44/><V8/><F53/><W42/><G52/><T61/><D61/><U87/><E0/><V10/><F10/><W124/><G63/><T128/><D128/><U50/><E1/><V14/><F8/><W36/><G121/><T132/><D132/><U112/><E23/><V91/><F78/><W32/><G32/><T96/><D96/><U86/><E11/><V71/><F71/><W119/><G34/><T75/><D75/><U46/><E46/><V95/><F99/><W108/><G74/><T114/><D114/><U56/><E68/><V54/><F54/><W120/><G72/><T98/><D98/><U69/><E69/><V29/><F97/><W17/><G120/><T5/><D5/><U129/><E129/><V104/><F104/><W81/><G108/><T43/><D43/><U122/><E111/><V59/><F59/><W41/><G41/><T7/><D7/><U83/><E122/><V60/><F60/><W22/><G42/><T65/><D65/><U79/><E56/><V40/><F40/><W37/><G22/><T101/><D101/><U47/><E47/><V51/><F51/><W113/><G103/><T3/><D3/><U130/><E130/><V33/><F33/><W70/><G70/><T115/><D115/><U39/><E112/><RYUUKYOKU ba="0,1" sc="240,30,250,-10,250,-10,250,-10" hai0="6,9,13,55,58,62,73,77,80,85,94,125,127" /><INIT seed="0,1,1,5,4,27" ten="270,240,240,240" oya="0" hai0="41,125,40,118,112,113,19,95,8,110,114,51,58" hai1="25,84,87,79,105,73,10,33,108,12,61,17,6" hai2="93,69,13,83,107,71,14,7,64,43,23,47,48" hai3="88,38,75,36,50,2,92,117,24,129,127,115,45"/><T86/><D118/><U133/><E105/><V44/><F107/><W34/><G115/><T67/><D125/><U46/><E108/><V90/><F83/><W99/><G117/><T76/><D110/><U106/><E106/><V132/><F132/><W30/><G127/><T119/><D119/><U49/><E133/><V56/><F44/><W31/><G129/><T91/><D76/><U82/><E61/><V131/><F131/><W98/><G2/><T37/><D37/><U65/><E65/><V94/><F94/><W70/><G70/><T63/><REACH who="0" step="1"/><D51/><REACH who="0" ten="260,240,240,240" step="2"/><U122/><E49/><V42/><F48/><W20/><G38/><T1/><D1/><U109/><E109/><V85/><F42/><W81/><G36/><T59/><D59/><U62/><E46/><V134/><F56/><W130/><G130/><T32/><D32/><U26/><E33/><V89/><F43/><W39/><G34/><T0/><D0/><U54/><E79/><V52/><F47/><W16/><G39/><T29/><D29/><U74/><E74/><V57/><F57/><W102/><G75/><T4/><D4/><U3/><E3/><V5/><F7/><W78/><G78/><T22/><D22/><U15/><E6/><V124/><F5/><W104/><G81/><T60/><D60/><U77/><E62/><V96/><F124/><W21/><G21/><T68/><D68/><U135/><E73/><V53/><F69/><W35/><G35/><T28/><D28/><U101/><E77/><V128/><F71/><W100/><G100/><T97/><D97/><U66/><E101/><RYUUKYOKU ba="1,2" sc="260,15,240,-15,240,-15,240,15" hai0="8,19,40,41,58,63,67,86,91,95,112,113,114" hai3="16,20,24,30,31,45,50,88,92,98,99,102,104" /><INIT seed="0,2,2,0,3,58" ten="275,225,225,255" oya="0" hai0="18,54,113,73,93,44,125,8,66,72,115,91,74" hai1="108,39,63,107,104,67,78,19,59,20,37,134,87" hai2="124,28,94,50,100,123,112,88,99,40,119,15,22" hai3="135,77,57,36,62,2,7,82,47,122,101,132,92"/><T106/><D106/><U24/><E108/><V42/><F112/><W31/><G122/><T55/><D125/><U10/><E134/><V103/><F123/><W114/><G114/><T129/><D129/><U95/><E107/><V65/><F124/><W27/><G7/><T80/><D80/><U97/><E104/><V81/><F119/><W116/><G2/><T75/><N who="0" m="18432" /><DORA hai="109" /><T33/><D33/><U4/><E87/><V121/><F121/><W51/><G36/><T130/><D130/><U9/><E78/><V34/><F65/><W35/><G77/><T41/><D66/><U46/><E46/><V85/><F103/><W52/><G82/><T89/><D55/><U118/><E10/><V61/><F50/><W12/><G12/><T83/><D54/><U45/><E45/><V49/><F49/><W16/><G16/><T64/><D64/><U38/><E118/><V30/><F34/><W111/><G111/><T1/><D91/><U43/><E43/><N who="2" m="16427" /><F61/><W25/><G116/><T68/><D68/><U86/><E86/><V6/><F22/><W70/><G70/><T133/><D83/><U26/><E26/><V48/><F48/><W110/><G27/><T126/><D126/><U21/><E21/><V84/><F85/><W131/><G131/><T23/><D133/><N who="3" m="51273" /><G110/><T60/><D8/><AGARI ba="2,2" hai="6,8,15,28,30,81,84,88,94,99,100" m="16427" machi="8" ten="30,2000,0" yaku="8,1,54,1" doraHai="58,109" who="2" fromWho="0" sc="275,-26,225,0,225,46,255,0" /><INIT seed="1,0,0,4,0,26" ten="249,225,271,255" oya="1" hai0="67,47,109,58,31,22,34,115,40,49,6,110,24" hai1="125,23,128,134,100,78,86,90,108,91,93,46,105" hai2="2,98,127,132,17,133,111,1,64,106,112,21,30" hai3="8,13,87,65,72,42,62,60,135,99,14,107,9"/><U45/><E125/><V74/><F74/><W33/><G72/><T68/><D115/><U88/><E128/><V32/><F64/><W12/><G135/><N who="2" m="51785" /><F98/><W85/><G33/><T118/><D118/><U20/><E134/><V52/><F52/><W3/><G42/><T69/><D6/><U57/><E105/><V18/><F106/><W76/><G3/><N who="2" m="1033" /><F127/><W102/><G76/><T130/><D130/><U43/><E108/><N who="0" m="41577" /><D34/><U28/><E57/><V120/><F111/><W123/><G123/><T48/><D48/><N who="1" m="26687" /><E23/><V94/><F94/><W50/><G50/><T121/><D121/><U4/><E4/><V16/><F120/><W25/><G60/><AGARI ba="0,0" hai="22,24,31,40,47,49,58,60,67,68,69" m="41577" machi="60" ten="30,2000,0" yaku="14,1,52,1" doraHai="26" who="0" fromWho="3" sc="249,20,225,0,271,0,255,-20" /><INIT seed="2,0,0,3,2,114" ten="269,225,271,235" oya="2" hai0="57,110,28,121,59,19,44,105,9,135,101,133,122" hai1="117,72,13,89,60,23,50,120,71,51,26,52,18" hai2="125,123,99,1,124,35,58,12,116,61,69,41,39" hai3="38,129,119,115,77,6,130,84,74,118,62,11,42"/><V67/><F1/><N who="3" m="463" /><G84/><T93/><D105/><U54/><E120/><V98/><F35/><W46/><G62/><T66/><D110/><U112/><E112/><V56/><F123/><W34/><G34/><T87/><D28/><U81/><E117/><N who="3" m="44554" /><G115/><T2/><D44/><U102/><E71/><V45/><F116/><W76/><G76/><T73/><D73/><U107/><E72/><V106/><F106/><W24/><G24/><T27/><D27/><U94/><E107/><V103/><F103/><W49/><G49/><T8/><D87/><N who="1" m="50415" /><E26/><V91/><F99/><W17/><G17/><T109/><D19/><U97/><E60/><V128/><F98/><W79/><G79/><T43/><D101/><U36/><E36/><V127/><F39/><W80/><AGARI ba="0,0" hai="38,42,46,74,77,80,129,130" m="44554,463" machi="80" ten="30,8000,1" yaku="25,1,23,1,52,3" doraHai="114" who="3" fromWho="3" sc="269,-20,225,-20,271,-40,235,80" /><INIT seed="3,0,0,0,5,31" ten="249,205,231,315" oya="3" hai0="58,5,25,129,46,125,76,40,24,52,64,16,82" hai1="6,95,123,21,135,55,26,30,71,83,14,65,49" hai2="51,101,63,61,72,47,85,23,132,88,60,96,69" hai3="45,39,112,22,37,56,20,89,98,74,62,15,130"/><W18/><G112/><T75/><D125/><U27/><E123/><V7/><F72/><W97/><G74/><T1/><D129/><U104/><E104/><V113/><F113/><W105/><G130/><T92/><D64/><U48/><E135/><V86/><F132/><W77/><G77/><T43/><D92/><U108/><E108/><V116/><F116/><W2/><G2/><T90/><D90/><U84/><E71/><V11/><F69/><W29/><G105/><T57/><D57/><U110/><E65/><V10/><F23/><W36/><G45/><T107/><D107/><U115/><E110/><V19/><F19/><W87/><G22/><T128/><D43/><U12/><E6/><V41/><F85/><W54/><REACH who="3" step="1"/><G29/><REACH who="3" ten="249,205,231,305" step="2"/><T4/><D1/><U53/><E115/><V59/><F10/><W114/><G114/><T67/><D128/><U79/><E26/><V93/><F11/><W3/><G3/><T66/><D25/><U17/><E12/><V102/><F7/><W44/><G44/><T103/><D5/><U78/><E78/><V80/><REACH who="2" step="1"/><F102/><REACH who="2" ten="249,205,221,305" step="2"/><W118/><G118/><T70/><D103/><U119/><E119/><V34/><F34/><W8/><G8/><T33/><D33/><U32/><E32/><V81/><F81/><AGARI ba="0,2" hai="15,18,20,36,37,39,54,56,62,81,87,89,97,98" machi="81" ten="40,2000,0" yaku="1,1,53,0" doraHai="31" doraHaiUra="99" who="3" fromWho="2" sc="249,0,205,0,221,-20,305,40" /><INIT seed="3,1,0,4,2,12" ten="249,205,201,345" oya="3" hai0="90,13,50,62,110,3,112,9,129,31,51,39,80" hai1="65,40,132,97,57,116,4,123,36,104,100,54,125" hai2="131,34,42,35,109,77,71,28,98,11,135,37,114" hai3="19,29,22,7,96,27,41,33,43,78,16,58,124"/><W73/><G124/><T128/><D39/><U83/><E123/><V5/><F114/><W79/><G7/><T118/><D118/><U105/><E125/><V106/><F71/><W26/><G73/><T25/><D3/><U88/><E116/><V52/><F109/><W48/><G96/><T2/><D2/><U67/><E132/><V60/><F135/><W119/><G119/><T94/><D110/><U45/><E105/><V101/><F131/><N who="0" m="50250" /><D80/><U84/><REACH who="1" step="1"/><E4/><REACH who="1" ten="249,195,201,345" step="2"/><V69/><F5/><W38/><G38/><T0/><D112/><U133/><E133/><V72/><F106/><W64/><G79/><T47/><D0/><U15/><E15/><V46/><F77/><W115/><G78/><T89/><D62/><AGARI ba="1,1" hai="36,40,45,54,57,62,65,67,83,84,88,97,100,104" machi="62" ten="30,7700,0" yaku="1,1,7,1,54,1,53,1" doraHai="12" doraHaiUra="99" who="1" fromWho="0" sc="249,-80,195,90,201,0,345,0" /><INIT seed="4,0,0,0,0,37" ten="169,285,201,345" oya="0" hai0="63,124,106,16,116,34,113,61,10,104,110,22,54" hai1="76,109,28,73,3,25,105,125,95,83,20,98,11" hai2="120,58,52,15,99,101,102,18,66,1,46,78,88" hai3="49,129,53,40,29,127,26,119,111,81,7,100,117"/><T27/><D116/><U107/><E109/><V60/><F120/><W19/><G111/><T86/><D110/><U112/><E125/><V70/><F1/><W41/><G127/><T85/><D124/><U21/><E112/><V33/><F33/><W130/><G100/><T80/><D113/><U133/><E133/><V69/><F78/><W72/><G19/><T17/><D34/><U67/><E67/><V123/><F123/><W77/><G7/><T114/><D114/><U97/><E97/><V82/><F69/><W47/><G119/><T38/><D38/><U134/><E134/><V57/><F70/><W39/><G39/><T32/><D32/><U108/><E108/><V5/><F5/><W9/><G9/><T131/><D131/><N who="3" m="50185" /><G117/><T2/><D85/><U4/><REACH who="1" step="1"/><E20/><AGARI ba="0,0" hai="20,26,29,40,41,47,49,53,72,77,81" m="50185" machi="20" ten="30,3900,0" yaku="19,1,52,2" doraHai="37" who="3" fromWho="1" sc="169,0,285,-39,201,0,345,39" /><INIT seed="5,0,0,0,1,96" ten="169,246,201,384" oya="1" hai0="113,74,120,125,109,2,68,80,58,6,119,48,70" hai1="99,18,12,117,84,22,111,28,67,60,81,112,115" hai2="0,101,39,83,40,127,21,85,53,23,9,64,33" hai3="122,42,56,88,47,3,46,87,124,79,91,37,16"/><U41/><E117/><V98/><F33/><W65/><G122/><T126/><D2/><U97/><E41/><V55/><F64/><W105/><G105/><T10/><D6/><U54/><E54/><V14/><F0/><W49/><G3/><T45/><D10/><U5/><E5/><V132/><F132/><W135/><G124/><N who="0" m="47723" /><D80/><U94/><E28/><V134/><F134/><W4/><G4/><T73/><D73/><U123/><E123/><V43/><F127/><W95/><G56/><T131/><D74/><U25/><E12/><V92/><F53/><W52/><G65/><T93/><D93/><U26/><E26/><V8/><F55/><W36/><G36/><T38/><D120/><U86/><E99/><V32/><F32/><W20/><G135/><T114/><D119/><U71/><E111/><V104/><F104/><W103/><G103/><T108/><D58/><U66/><E66/><V116/><F8/><W118/><G118/><T44/><D38/><U57/><E57/><V34/><F34/><W59/><G59/><T75/><D75/><U19/><E19/><N who="2" m="8655" /><F39/><W62/><G62/><T121/><D131/><U1/><E1/><V31/><F116/><W133/><G133/><T35/><D35/><U63/><E63/><V110/><F110/><N who="0" m="42602" /><D121/><U106/><E106/><V128/><F128/><W50/><G37/><T72/><D72/><U61/><E61/><V82/><F82/><N who="3" m="47583" /><G95/><T78/><D78/><N who="1" m="46135" /><E86/><V11/><F11/><W29/><G29/><T90/><D70/><U51/><E51/><V15/><F31/><W107/><G107/><T89/><D68/><RYUUKYOKU ba="0,0" sc="169,-15,246,15,201,-15,384,15" hai1="18,22,25,60,67,71,94,97,112,115" hai3="16,20,42,46,47,49,50,52,88,91" /><INIT seed="5,1,0,2,3,121" ten="154,261,186,399" oya="1" hai0="59,108,38,18,107,49,42,76,53,95,7,118,81" hai1="96,46,82,64,55,120,11,36,69,127,86,62,63" hai2="74,33,122,6,88,22,41,66,131,112,105,109,123" hai3="14,45,99,92,78,71,67,77,70,32,31,48,125"/><U114/><E120/><V10/><F33/><W20/><G125/><T19/><D118/><U84/><E127/><V80/><F105/><W51/><G32/><T126/><D107/><U83/><E114/><V113/><F66/><W44/><G67/><T117/><D117/><U87/><E96/><V9/><F41/><N who="3" m="24591" /><G71/><T35/><D126/><U129/><E129/><V28/><F74/><W65/><G65/><T102/><D35/><U85/><E11/><V8/><F6/><W37/><G37/><T75/><D102/><U115/><E115/><N who="2" m="44107" /><F131/><W133/><G133/><T116/><D95/><U43/><N who="1" m="21504" /><DORA hai="16" /><U27/><REACH who="1" step="1"/><E27/><REACH who="1" ten="154,251,186,399" step="2"/><N who="2" m="16503" /><F123/><W68/><G99/><T26/><D116/><U60/><E60/><V119/><F122/><W130/><G130/><T58/><D26/><U94/><E94/><V29/><F119/><W98/><G98/><T5/><D81/><U132/><E132/><V56/><F80/><W79/><G92/><T40/><D76/><U91/><E91/><V39/><F88/><W103/><G77/><T23/><D75/><U106/><E106/><V12/><F8/><W47/><G78/><T0/><D7/><U50/><E50/><V124/><F9/><W128/><G79/><T52/><D5/><U54/><E54/><V104/><F10/><W24/><G128/><T57/><D53/><U135/><E135/><V61/><F104/><W15/><G51/><T134/><D134/><U1/><E1/><V30/><F124/><W25/><G24/><T73/><D49/><U89/><E89/><V97/><F97/><W4/><G4/><T3/><D73/><RYUUKYOKU ba="1,1" sc="154,-10,251,30,186,-10,399,-10" hai1="36,43,46,55,62,63,64,69,82,83" /><INIT seed="5,2,1,1,2,97" ten="144,281,176,389" oya="1" hai0="65,109,75,78,106,67,90,12,38,101,103,110,42" hai1="72,117,25,35,53,17,4,45,69,5,113,48,49" hai2="94,74,59,73,131,41,52,55,119,32,61,135,122" hai3="36,60,120,107,121,13,134,87,33,111,64,7,76"/><U85/><E117/><V62/><F119/><W16/><G111/><T21/><D38/><U11/><E72/><V56/><F122/><W23/><G36/><T95/><D42/><U123/><E69/><V29/><F135/><W18/><G33/><T115/><D115/><U99/><E123/><V54/><F131/><W82/><G107/><T43/><D43/><U58/><E113/><V130/><F130/><W84/><G7/><T124/><D124/><U112/><E112/><V93/><F41/><W126/><G134/><T88/><D12/><N who="1" m="7327" /><E35/><V127/><F127/><W9/><G84/><T79/><D21/><U51/><E99/><V105/><F105/><W26/><G126/><T24/><D106/><U80/><E25/><V37/><F37/><W81/><REACH who="3" step="1"/><G82/><REACH who="3" ten="144,281,176,379" step="2"/><T1/><D75/><U10/><E45/><V0/><F74/><W108/><G108/><T129/><D129/><U102/><E5/><V22/><F73/><W128/><G128/><T89/><D109/><U118/><E118/><V50/><F32/><W96/><G96/><T14/><D110/><U66/><E85/><V15/><F0/><W44/><G44/><T116/><D1/><U125/><E80/><V114/><F114/><W83/><G83/><T47/><D116/><U3/><E125/><V86/><F86/><W133/><G133/><T30/><D47/><U71/><E4/><V19/><F29/><W63/><G63/><T6/><D30/><U77/><E3/><V20/><F22/><W28/><G28/><T8/><D6/><U57/><E10/><V92/><F61/><W46/><G46/><RYUUKYOKU ba="2,2" sc="144,-15,281,-15,176,15,379,15" hai2="15,19,20,50,52,54,55,56,59,62,92,93,94" hai3="9,13,16,18,23,26,60,64,76,81,87,120,121" /><INIT seed="6,3,2,4,5,11" ten="129,266,191,394" oya="2" hai0="4,112,73,126,99,38,97,98,88,50,27,64,67" hai1="118,119,60,53,77,72,93,37,102,9,29,21,128" hai2="19,85,6,108,33,135,115,120,101,75,110,94,30" hai3="14,92,121,41,58,28,1,34,68,65,66,124,36"/><V74/><F120/><W104/><G104/><T3/><D38/><U49/><E37/><V39/><F39/><W123/><G1/><T111/><D111/><N who="2" m="42538" /><F135/><W42/><G34/><T57/><D73/><U22/><E49/><V87/><F115/><W26/><G14/><T40/><D112/><U2/><E2/><V91/><F101/><W7/><G7/><T71/><D71/><U109/><E102/><V95/><F6/><W63/><G92/><T82/><D126/><U46/><E93/><V133/><F133/><W12/><G12/><T70/><D70/><U16/><E72/><V43/><F43/><W83/><G83/><T117/><D117/><U114/><E119/><V55/><F55/><W132/><G132/><T134/><D134/><U122/><E53/><V79/><F19/><W62/><G124/><T35/><D4/><U90/><E16/><V116/><F116/><W48/><G36/><T80/><D3/><U86/><E122/><V76/><F30/><W125/><G28/><N who="0" m="19871" /><D40/><U45/><E128/><V47/><F33/><W81/><G42/><T127/><D127/><U61/><E29/><V105/><F47/><W69/><G41/><T10/><D10/><U15/><E45/><V8/><F8/><W130/><G125/><T13/><D13/><U106/><E46/><V18/><F105/><W24/><G123/><T52/><D88/><U0/><E109/><V113/><F113/><W56/><G121/><T20/><D20/><N who="1" m="7787" /><E114/><V107/><F107/><W5/><G5/><T51/><D51/><U96/><E118/><V78/><F18/><W31/><G48/><RYUUKYOKU ba="3,2" sc="129,15,266,-15,191,15,394,-15" hai0="50,52,57,64,67,80,82,97,98,99" hai2="74,75,76,78,79,85,87,91,94,95" /><INIT seed="6,4,2,3,2,39" ten="144,251,206,379" oya="2" hai0="119,16,8,28,34,125,131,93,86,43,95,72,124" hai1="4,126,135,106,51,52,107,94,69,19,21,22,17" hai2="37,103,130,114,134,74,85,83,38,25,116,46,123" hai3="105,59,9,127,54,3,55,110,82,57,31,35,132"/><V109/><F116/><W49/><G110/><T73/><D119/><U23/><E69/><V32/><F123/><W1/><G105/><T111/><D111/><U120/><E120/><V133/><F109/><W48/><G132/><N who="2" m="50793" /><F114/><W92/><G127/><N who="0" m="48715" /><D131/><U81/><E135/><V75/><F130/><W121/><G92/><N who="0" m="35403" /><D86/><U29/><E126/><V13/><F103/><W15/><G121/><T18/><D43/><U20/><E4/><V102/><F102/><W61/><G61/><T64/><D64/><U40/><E40/><N who="2" m="22799" /><F38/><W30/><G30/><T108/><D108/><U12/><E29/><N who="2" m="19503" /><F13/><W58/><G15/><N who="0" m="7271" /><D18/><U115/><E115/><V0/><F0/><W26/><G3/><T118/><D118/><U42/><E19/><V53/><F53/><W10/><G1/><T47/><D47/><U80/><E42/><V90/><AGARI ba="4,2" hai="74,75,83,85,90" m="19503,22799,50793" machi="90" ten="30,3000,0" yaku="20,1,52,1" doraHai="39" who="2" fromWho="2" sc="144,-14,251,-14,206,62,379,-14" /><INIT seed="6,5,0,4,0,15" ten="130,237,268,365" oya="2" hai0="34,9,84,74,50,105,59,21,86,68,41,132,6" hai1="94,19,32,106,16,3,49,135,29,30,60,71,39" hai2="131,20,122,76,5,0,83,55,38,112,81,78,108" hai3="95,25,117,113,102,134,91,128,69,88,98,62,65"/><V23/><F122/><W53/><G117/><T118/><D34/><U37/><E106/><V27/><F38/><W43/><G128/><T12/><D132/><U104/><E104/><V1/><F131/><W97/><G134/><T58/><D105/><U114/><E3/><V124/><F112/><W28/><G113/><T45/><D68/><U133/><E49/><V101/><F124/><W31/><G43/><T11/><D74/><U123/><E71/><V4/><F101/><W13/><G13/><T87/><D118/><U77/><E114/><V8/><F55/><W75/><G75/><T36/><D36/><U67/><E94/><V70/><F70/><W42/><G42/><T51/><D11/><U48/><E48/><V44/><F8/><W2/><G2/><T7/><D7/><U99/><E99/><V66/><F27/><W24/><G53/><T121/><D121/><U92/><E67/><V14/><F66/><W125/><G125/><T10/><D10/><U126/><E126/><V61/><F108/><W26/><G102/><T129/><D129/><U111/><E111/><V85/><F0/><W103/><G103/><T116/><D116/><U115/><E115/><V54/><F1/><W90/><G90/><T79/><D21/><U18/><E32/><V63/><F20/><W73/><G73/><T100/><D100/><U33/><E33/><V120/><F120/><W40/><G40/><T52/><REACH who="0" step="1"/><D58/><REACH who="0" ten="120,237,268,365" step="2"/><U107/><E123/><V96/><F23/><W47/><G47/><T22/><D22/><U72/><E135/><V93/><F44/><W56/><G69/><RYUUKYOKU ba="5,1" sc="120,15,237,-15,268,-15,365,15" hai0="6,9,12,41,45,50,51,52,59,79,84,86,87" hai3="24,25,26,28,31,56,62,65,88,91,95,97,98" /><INIT seed="7,6,1,1,1,16" ten="135,222,253,380" oya="3" hai0="28,72,5,13,65,111,94,98,37,29,107,50,14" hai1="124,60,96,4,87,120,63,56,0,113,21,22,135" hai2="61,24,27,116,33,132,41,8,23,35,123,104,25" hai3="118,131,76,31,112,126,105,57,7,134,92,11,62"/><W47/><G118/><T91/><D111/><U68/><E120/><V20/><F104/><W88/><G105/><T82/><D37/><U51/><E0/><V45/><F116/><W53/><G112/><T84/><D65/><U69/><E4/><V89/><F123/><W36/><G134/><T128/><D128/><U86/><E51/><V75/><F132/><W108/><G131/><T115/><D115/><U30/><E30/><V2/><F75/><W121/><G126/><T90/><D72/><U93/><E93/><V85/><F61/><W17/><G17/><T74/><D74/><U12/><E12/><V1/><F35/><W83/><G31/><T18/><D107/><U6/><E6/><V99/><F99/><W42/><G121/><T48/><D50/><U106/><E106/><V109/><F33/><W101/><G101/><T67/><D67/><U3/><E3/><V100/><F100/><W130/><G130/><T125/><D125/><U117/><E124/><V32/><F32/><W46/><G46/><T54/><D13/><U66/><E66/><V71/><F71/><W64/><G64/><T43/><D43/><U10/><E113/><V15/><F1/><W70/><G70/><T40/><D40/><U102/><E117/><V26/><F2/><W55/><G108/><T52/><D5/><U9/><E135/><V59/><F109/><W80/><G55/><T122/><D122/><U34/><E69/><V58/><F41/><W129/><G42/><T95/><D95/><U79/><E68/><V49/><N who="2" m="6144" /><DORA hai="103" /><V39/><F39/><W110/><G129/><RYUUKYOKU ba="6,1" sc="135,0,222,0,253,0,380,0" owari="135,-36.5,222,-17.8,253,5.3,390,49.0" /></mjloggm>