<mjloggm ver="2.3"><GO type="169" lobby="0"/><UN n0="%E5%8D%B5%E3%81%8B%E3%81%91%E6%B6%85%E6%A7%83" n1="%E3%81%82%E3%81%84%E3%81%93%E3%81%99" n2="%72%65%6E%6A%69%38%33" n3="%E3%81%9F%E3%81%8B%E3%81%AF%E3%81%97%E3%81%83%E3%81%83%E3%81%83" dan="16,16,16,16" rate="2164.68,2142.61,2089.60,2122.04" sx="M,M,M,M"/><TAIKYOKU oya="0"/><INIT seed="0,0,0,2,5,58" ten="250,250,250,250" oya="0" hai0="3,44,108,126,86,45,81,103,134,59,96,40,79" hai1="132,123,119,29,13,76,110,46,62,48,25,32,133" hai2="97,28,18,16,115,12,21,113,11,27,36,2,114" hai3="6,4,67,70,125,85,17,127,0,30,89,99,120"/><T66/><D134/><N who="1" m="51819" /><E123/><V26/><F36/><W50/><G120/><T56/><D126/><U24/><E119/><V73/><F73/><W14/><G30/><T95/><D108/><U128/><E110/><V102/><F97/><W63/><G99/><T82/><D3/><U35/><E76/><V60/><F60/><W107/><G107/><T116/><D116/><U100/><E100/><V7/><F102/><W122/><G122/><T38/><D66/><U88/><E13/><N who="2" m="9359" /><F28/><W42/><G0/><T101/><D101/><U71/><E128/><V41/><F41/><W74/><G74/><T87/><REACH who="0" step="1"/><D45/><REACH who="0" ten="240,250,250,250" step="2"/><U37/><E35/><V10/><AGARI ba="0,1" hai="2,7,10,11,12,18,26,27,113,114,115" m="9359" machi="10" ten="40,5200,0" yaku="34,2,54,1" doraHai="58" who="2" fromWho="2" sc="240,-26,250,-13,250,62,250,-13" /><INIT seed="1,0,0,1,0,12" ten="214,237,312,237" oya="1" hai0="30,109,99,13,77,0,47,89,110,108,41,61,113" hai1="19,35,125,54,51,56,16,130,103,18,117,97,126" hai2="32,40,11,116,70,73,122,15,102,64,3,8,124" hai3="50,45,1,132,100,86,82,81,57,10,36,9,128"/><U44/><E117/><V65/><F116/><W135/><G128/><T98/><D113/><U120/><E35/><V67/><F122/><W96/><G57/><T52/><D0/><U14/><E130/><V21/><F32/><W133/><G36/><T24/><D77/><U55/><E120/><V93/><F73/><W83/><G86/><T39/><D89/><U104/><REACH who="1" step="1"/><E14/><REACH who="1" ten="214,227,312,237" step="2"/><V75/><F15/><W78/><G1/><T94/><D13/><U4/><E4/><V53/><F3/><W92/><REACH who="3" step="1"/><G78/><REACH who="3" ten="214,227,312,227" step="2"/><T60/><D110/><U17/><N who="1" m="4096" /><DORA hai="26" /><U6/><E6/><V80/><F11/><W76/><G76/><T127/><D109/><U106/><E106/><V23/><F8/><W115/><G115/><T63/><D108/><U29/><E29/><V31/><F31/><W134/><G134/><T121/><D30/><U90/><E90/><V119/><F119/><W38/><G38/><T43/><D121/><U69/><E69/><V105/><F70/><W112/><G112/><T42/><D39/><U37/><E37/><V20/><F105/><W5/><G5/><T87/><D24/><U28/><E28/><V7/><F7/><W2/><G2/><T131/><D131/><U74/><E74/><V71/><F71/><W129/><G129/><T91/><D127/><U123/><E123/><V72/><F124/><W114/><G114/><T66/><D66/><U46/><E46/><V59/><F67/><W49/><G49/><AGARI ba="0,2" hai="41,42,43,47,49,52,60,61,63,87,91,94,98,99" machi="49" ten="40,2600,0" yaku="8,1,54,1" doraHai="12,26" who="0" fromWho="3" sc="214,46,227,0,312,0,227,-26" /><AGARI ba="0,0" hai="44,49,51,54,55,56,97,103,104,125,126" m="4096" machi="49" ten="50,18000,2" yaku="1,1,52,4,54,1,53,0" doraHai="12,26" doraHaiUra="62,68" who="1" fromWho="3" sc="260,0,227,180,312,0,201,-180" /><INIT seed="1,1,0,1,3,38" ten="260,407,312,21" oya="1" hai0="122,123,84,68,40,58,94,53,51,4,42,47,130" hai1="112,121,135,34,133,46,90,98,119,2,128,45,79" hai2="19,126,1,48,3,36,115,85,13,77,54,0,20" hai3="101,69,117,41,50,33,87,91,76,5,83,86,70"/><U89/><E121/><N who="0" m="46089" /><D4/><U96/><E119/><V16/><F36/><W81/><G117/><T55/><D94/><U60/><E112/><V7/><F115/><W104/><G33/><T12/><D84/><U118/><E118/><V111/><F111/><W24/><G24/><T75/><D12/><U39/><E34/><V116/><F126/><W22/><G22/><T95/><D95/><U28/><E28/><V106/><F106/><W14/><G101/><T107/><D107/><U124/><E124/><V23/><F116/><W62/><G104/><T30/><D30/><U59/><E79/><V57/><F7/><W120/><G120/><T63/><D75/><U6/><E6/><V109/><F109/><W49/><G62/><T80/><D80/><U108/><E2/><V129/><F129/><W131/><G131/><T43/><D68/><U29/><E29/><V110/><F110/><W64/><G64/><T9/><D9/><U21/><E21/><V35/><F35/><W15/><G15/><T52/><D53/><U93/><E128/><AGARI ba="1,0" hai="40,42,43,47,51,52,55,58,63,128,130" m="46089" machi="128" ten="40,12000,2" yaku="13,1,34,2,52,3,54,1" doraHai="38" who="0" fromWho="1" sc="260,123,407,-123,312,0,21,0" /><INIT seed="2,0,0,0,4,18" ten="383,284,312,21" oya="2" hai0="96,64,26,71,35,61,4,80,56,47,94,27,126" hai1="58,28,108,8,49,89,85,119,75,15,117,21,129" hai2="103,101,134,63,107,6,109,77,7,59,23,123,45" hai3="0,102,132,113,30,120,39,40,111,17,42,104,33"/><V41/><F123/><W50/><G50/><T34/><D126/><U10/><E75/><V25/><F134/><W12/><G102/><T72/><D4/><U38/><E38/><V118/><F118/><W90/><G90/><T116/><D116/><U54/><E108/><V98/><F109/><W32/><G42/><T114/><D114/><U97/><E129/><V82/><F103/><W3/><G40/><T128/><D128/><U62/><E97/><V81/><F81/><W122/><G104/><T78/><D34/><N who="3" m="13417" /><G39/><T2/><D2/><N who="3" m="553" /><G111/><T5/><D5/><U124/><E124/><V74/><F45/><W92/><G92/><T65/><D35/><U131/><E131/><V22/><F41/><W37/><G37/><T36/><D36/><U51/><E119/><V52/><REACH who="2" step="1"/><F23/><REACH who="2" ten="383,284,302,21" step="2"/><N who="3" m="11687" /><G132/><T29/><D47/><U112/><E117/><V46/><F46/><W95/><G95/><T44/><D44/><U100/><E100/><V135/><F135/><W13/><G113/><T43/><D43/><U99/><E112/><V11/><F11/><W19/><G30/><AGARI ba="0,1" hai="6,7,22,25,30,52,59,63,74,77,82,98,101,107" machi="30" ten="30,12000,1" yaku="1,1,7,1,52,1,54,1,53,1" doraHai="18" doraHaiUra="20" who="2" fromWho="3" sc="383,0,284,0,302,130,21,-120" owari="383,18.3,284,-11.6,432,53.2,-99,-59.9" /></mjloggm>