<mjloggm ver="2.3"><GO type="169" lobby="0"/><UN n0="%E3%81%95%E3%82%88%E3%81%AA%E3%82%89%E3%83%9A%E3%81%BA%E3%83%9A" n1="%E5%9B%BD%E7%8E%8B" n2="%E6%99%AE%E9%9C%B2%E9%9C%B2" n3="%E7%AD%89%E3%80%85%E5%8A%9B%E5%8A%87%E5%A0%B4" dan="16,17,16,16" rate="2125.55,2183.51,2144.61,2140.00" sx="F,M,M,M"/><TAIKYOKU oya="0"/><INIT seed="0,0,0,0,3,86" ten="250,250,250,250" oya="0" hai0="39,95,91,11,47,116,117,0,78,54,4,121,118" hai1="30,89,81,46,14,2,107,74,76,103,6,63,10" hai2="67,72,62,28,56,1,92,96,34,42,66,111,64" hai3="99,135,127,61,40,70,48,57,50,23,60,37,7"/><T100/><D100/><U19/><E107/><V17/><F72/><W120/><G135/><T130/><D121/><U115/><E103/><V71/><F111/><W27/><G127/><T24/><D130/><U68/><E115/><V134/><F1/><W22/><G120/><T113/><D113/><U83/><E30/><V123/><F123/><W44/><G7/><T90/><D78/><U124/><E46/><V97/><F134/><W41/><G23/><T55/><D24/><U131/><E124/><V8/><F97/><W29/><G41/><T58/><D95/><U98/><E131/><V38/><F42/><W3/><G3/><T125/><D125/><U45/><E45/><V9/><F38/><W21/><G61/><T87/><D87/><U102/><E63/><V105/><F105/><W128/><G70/><T106/><D106/><U5/><E68/><V77/><F77/><W25/><G99/><T80/><D80/><U104/><E2/><V133/><F28/><W59/><G128/><T13/><D0/><U35/><E35/><V88/><F34/><W36/><G37/><T73/><D73/><U108/><E108/><V122/><F133/><W101/><G101/><T52/><REACH who="0" step="1"/><D58/><REACH who="0" ten="240,250,250,250" step="2"/><U69/><E69/><V49/><F71/><W85/><G85/><T129/><D129/><U109/><E109/><V33/><F122/><W110/><G110/><T82/><D82/><U31/><E31/><V75/><F75/><W18/><G59/><T93/><D93/><U43/><E83/><V20/><F56/><W53/><AGARI ba="0,1" hai="18,21,22,25,27,29,36,40,44,48,50,53,57,60" machi="53" ten="20,1500,0" yaku="0,1,7,1" doraHai="86" who="3" fromWho="3" sc="240,-7,250,-4,250,-4,250,25" /><INIT seed="1,0,0,0,5,86" ten="233,246,246,275" oya="1" hai0="107,114,124,10,16,102,34,2,62,25,69,125,116" hai1="118,50,21,95,32,84,26,53,30,1,72,113,93" hai2="3,59,38,78,94,70,130,44,115,77,40,36,22" hai3="134,55,63,112,89,18,56,68,103,6,104,19,108"/><U106/><E106/><V52/><F3/><W80/><G112/><T49/><D116/><U127/><E72/><V105/><F105/><W20/><G108/><T57/><D114/><U73/><E73/><V41/><F130/><W110/><G110/><T99/><D49/><U132/><E113/><V51/><F115/><W126/><G126/><T81/><D81/><U4/><E118/><V9/><F9/><W90/><G134/><T23/><D69/><U92/><E127/><N who="0" m="48713" /><D34/><U43/><E43/><V133/><F133/><W33/><G33/><T11/><D2/><U100/><E132/><V85/><F70/><W17/><G68/><T129/><D129/><U42/><E42/><V87/><F22/><W97/><G6/><T14/><D14/><U75/><E75/><V39/><F41/><W27/><REACH who="3" step="1"/><G80/><REACH who="3" ten="233,246,246,265" step="2"/><T13/><D25/><U15/><E32/><V82/><F82/><W74/><G74/><T101/><D101/><U0/><E100/><V58/><F39/><W119/><G119/><T79/><D79/><U24/><E24/><V98/><F38/><W121/><G121/><T46/><D46/><U8/><REACH who="1" step="1"/><E84/><REACH who="1" ten="233,236,246,265" step="2"/><V47/><F85/><W88/><AGARI ba="0,2" hai="17,18,19,20,27,55,56,63,88,89,90,97,103,104" machi="88" ten="30,12000,2" yaku="1,1,0,1,52,3,54,1,53,0" doraHai="86" doraHaiUra="67" who="3" fromWho="3" sc="233,-30,236,-60,246,-30,265,140" /><INIT seed="2,0,0,5,3,134" ten="203,176,216,405" oya="2" hai0="104,46,77,87,28,18,99,111,30,49,132,79,16" hai1="24,100,69,37,13,4,8,113,12,89,25,64,76" hai2="114,20,65,48,133,59,23,96,9,110,125,34,91" hai3="19,116,45,41,71,2,35,81,17,105,88,22,109"/><V21/><F114/><W68/><G116/><T54/><D132/><U43/><E100/><V126/><F133/><W101/><G35/><T53/><D111/><U120/><E113/><V10/><F34/><W122/><G122/><T130/><D130/><U51/><E37/><V60/><F110/><W44/><G109/><T121/><D121/><U85/><E76/><V127/><F48/><W128/><G2/><T0/><D0/><U7/><E64/><V84/><REACH who="2" step="1"/><F96/><REACH who="2" ten="203,176,206,405" step="2"/><W129/><G128/><T29/><D99/><U80/><E120/><V33/><F33/><W67/><G129/><T94/><D104/><U6/><E69/><V63/><F63/><W56/><G71/><T117/><D117/><U78/><E51/><V112/><F112/><W70/><G68/><T97/><D54/><U32/><E32/><V15/><F15/><W75/><G70/><T5/><D87/><N who="1" m="48535" /><E43/><V115/><F115/><W39/><G41/><T26/><D26/><N who="1" m="10347" /><E12/><V14/><F14/><W61/><G105/><T1/><D1/><U124/><E13/><V103/><F103/><W92/><G101/><N who="0" m="60599" /><D5/><U123/><E7/><V58/><F58/><W47/><G56/><T131/><D131/><U3/><E6/><V50/><F50/><W98/><G61/><T102/><D102/><U52/><E52/><V106/><F106/><W55/><G55/><T57/><D57/><U86/><E123/><V95/><AGARI ba="0,1" hai="9,10,20,21,23,59,60,65,84,91,95,125,126,127" machi="95" ten="40,18000,2" yaku="1,1,0,1,18,1,52,3,53,0" doraHai="134" doraHaiUra="27" who="2" fromWho="2" sc="203,-60,176,-60,206,190,405,-60" /><INIT seed="2,1,0,4,4,52" ten="143,116,396,345" oya="2" hai0="17,133,34,49,115,86,8,60,104,91,114,112,100" hai1="32,109,99,74,0,47,6,94,27,46,101,102,48" hai2="80,21,73,77,89,30,76,51,66,85,9,108,125" hai3="12,128,90,124,39,107,57,116,33,71,97,121,4"/><V61/><F125/><W106/><G71/><T88/><D34/><U23/><E74/><V37/><F37/><W3/><G3/><T87/><D133/><U105/><E109/><V64/><F108/><W81/><G33/><T127/><D127/><U118/><E32/><V132/><F132/><W7/><G39/><T31/><D31/><U59/><E118/><V75/><F64/><W22/><G124/><T25/><D104/><U19/><E0/><V126/><F51/><W18/><G121/><T35/><D100/><N who="1" m="60535" /><E6/><V98/><F98/><W83/><G116/><T56/><D49/><U68/><E68/><V43/><F43/><W131/><G107/><T16/><D35/><U58/><E47/><V123/><F123/><W15/><G106/><T95/><D25/><U92/><E92/><V135/><F135/><W122/><G122/><T13/><D17/><U10/><E10/><V134/><F9/><W42/><G4/><T65/><D112/><U62/><E105/><V54/><F75/><W55/><G42/><T72/><D72/><U5/><E5/><V130/><F73/><W26/><G7/><T41/><D41/><N who="1" m="24655" /><E59/><V129/><F126/><W69/><G69/><T29/><D29/><U2/><E2/><V111/><F30/><W119/><G119/><T44/><D44/><U70/><E70/><V38/><F111/><W53/><G57/><T84/><D84/><U110/><E110/><V96/><F85/><W93/><G55/><AGARI ba="1,0" hai="19,23,27,55,58,62,101,102" m="24655,60535" machi="55" ten="30,2000,0" yaku="8,1,52,1" doraHai="52" who="1" fromWho="3" sc="143,0,116,23,396,0,345,-23" /><INIT seed="3,0,0,1,0,106" ten="143,139,396,322" oya="3" hai0="70,15,78,24,49,20,122,2,131,65,21,73,1" hai1="39,46,60,109,113,83,124,29,51,119,115,17,111" hai2="41,54,71,79,58,129,25,114,117,31,4,43,45" hai3="101,37,26,10,3,7,108,61,128,125,27,5,84"/><W121/><G121/><T94/><D122/><U9/><E29/><V22/><F117/><W40/><G128/><T80/><D131/><U123/><E83/><V91/><F129/><W36/><G125/><T86/><D49/><U33/><E33/><V85/><F71/><W133/><G133/><T110/><D110/><N who="1" m="41995" /><E123/><V67/><F67/><W93/><G108/><T14/><D65/><U100/><E100/><V53/><F79/><W98/><G7/><T92/><D70/><U38/><E17/><V66/><F114/><N who="1" m="43529" /><E9/><V82/><F66/><W50/><G10/><T44/><D44/><U23/><E23/><V8/><F45/><W35/><G35/><T47/><D47/><U130/><E60/><V52/><REACH who="2" step="1"/><F58/><REACH who="2" ten="143,139,386,322" step="2"/><W132/><G132/><T112/><D112/><U97/><E130/><V63/><F63/><W69/><G61/><T87/><D78/><U81/><E119/><V120/><F120/><W102/><G69/><T95/><D2/><AGARI ba="0,1" hai="2,4,8,22,25,31,41,43,52,53,54,82,85,91" machi="2" ten="40,2600,0" yaku="1,1,54,1,53,0" doraHai="106" doraHaiUra="107" who="2" fromWho="0" sc="143,-26,139,0,386,36,322,0" /><INIT seed="4,0,0,0,4,30" ten="117,139,422,322" oya="0" hai0="39,117,0,16,67,26,73,110,86,88,134,104,1" hai1="44,41,132,128,82,114,130,25,53,66,113,65,122" hai2="33,135,51,68,59,79,35,115,76,52,22,120,9" hai3="121,83,123,27,15,38,97,125,13,105,17,103,89"/><T124/><D117/><U91/><E25/><V31/><F120/><N who="3" m="46155" /><G38/><T100/><D39/><N who="1" m="21567" /><E91/><V111/><F68/><W5/><G125/><T12/><D134/><U23/><E23/><V21/><F111/><W90/><G5/><T96/><D124/><U6/><E82/><V98/><F135/><W108/><G108/><T77/><D110/><U116/><E122/><V8/><F115/><N who="1" m="44041" /><E6/><V62/><F22/><N who="3" m="13775" /><G90/><T63/><D26/><U45/><E132/><V106/><F21/><W127/><G127/><T28/><D28/><U43/><E53/><V101/><F31/><W46/><G89/><T119/><D119/><U133/><E116/><V87/><F9/><W74/><G83/><T61/><D77/><U34/><E34/><V32/><F8/><W99/><G74/><T18/><D73/><U49/><E133/><V94/><F106/><W102/><G15/><T29/><D29/><U93/><E93/><V24/><F24/><W60/><G13/><T11/><D18/><U81/><E81/><V118/><F118/><W107/><G105/><T40/><D40/><U112/><E112/><V47/><REACH who="2" step="1"/><F87/><REACH who="2" ten="117,139,412,322" step="2"/><W69/><G107/><T56/><REACH who="0" step="1"/><D63/><REACH who="0" ten="107,139,412,322" step="2"/><U95/><E95/><AGARI ba="0,2" hai="0,1,11,12,16,56,61,67,86,88,95,96,100,104" machi="95" ten="30,12000,1" yaku="1,1,2,1,7,1,54,2,53,0" doraHai="30" doraHaiUra="109" who="0" fromWho="1" sc="107,140,139,-120,412,0,322,0" /><INIT seed="4,1,0,4,3,133" ten="247,19,412,322" oya="0" hai0="83,64,57,35,104,85,8,119,103,93,109,23,12" hai1="92,118,36,123,11,26,2,0,48,31,62,89,70" hai2="45,91,24,97,34,13,132,79,53,107,72,14,42" hai3="50,84,41,130,117,47,18,1,67,77,9,134,80"/><T6/><D119/><U30/><E36/><V110/><F110/><W121/><G117/><T99/><D35/><U59/><E118/><V71/><F53/><W16/><G134/><T81/><D109/><U37/><E37/><V75/><F91/><W15/><G130/><T106/><D106/><U65/><E123/><V122/><F13/><W113/><G113/><T25/><D104/><U102/><E11/><V43/><F42/><W129/><G129/><T68/><D68/><U115/><E102/><V39/><F14/><W74/><G121/><T69/><D69/><U98/><E115/><V101/><F122/><W17/><G1/><T90/><D83/><U60/><E48/><V22/><F22/><W96/><G67/><T40/><D40/><U88/><E89/><V33/><F33/><W120/><G120/><T55/><D64/><U27/><E27/><V38/><F38/><W126/><G126/><T20/><REACH who="0" step="1"/><D25/><REACH who="0" ten="237,19,412,322" step="2"/><U82/><E82/><N who="2" m="45415" /><F24/><W127/><G80/><T78/><D78/><U108/><E108/><V5/><F34/><W3/><G77/><T76/><D76/><U111/><E111/><V66/><F132/><W29/><G41/><T28/><D28/><U44/><E44/><V7/><F66/><W87/><G29/><T94/><D94/><U135/><E135/><V105/><F71/><W63/><G47/><T128/><D128/><U10/><E30/><V58/><F107/><W112/><G112/><T19/><D19/><U61/><E70/><V124/><F105/><W73/><G18/><T116/><D116/><U56/><E65/><V46/><F46/><RYUUKYOKU ba="1,1" sc="237,30,19,-10,412,-10,322,-10" hai0="6,8,12,20,23,55,57,81,85,90,93,99,103" /><INIT seed="4,2,1,2,4,35" ten="267,9,402,312" oya="0" hai0="6,86,47,101,48,127,83,114,70,62,65,84,113" hai1="71,102,112,104,118,119,7,126,58,37,9,75,69" hai2="32,56,99,115,51,122,110,11,43,19,117,14,107" hai3="79,26,21,72,66,4,17,129,25,40,31,28,36"/><T30/><D101/><U23/><E23/><V63/><F110/><W128/><G66/><T106/><D106/><U93/><E58/><V74/><F74/><W98/><G98/><T68/><D30/><N who="3" m="11305" /><G40/><T3/><D127/><U89/><E93/><V85/><F85/><W80/><G36/><T5/><D70/><N who="1" m="26635" /><E89/><V73/><F107/><W22/><G4/><T103/><D103/><U57/><E57/><V42/><F115/><N who="0" m="44042" /><D83/><U90/><E90/><V108/><F122/><W132/><G132/><T135/><D6/><U125/><E37/><V16/><F117/><N who="1" m="44553" /><E75/><V44/><F73/><W124/><G124/><N who="1" m="47722" /><E112/><V76/><F56/><W91/><G91/><T24/><D24/><U92/><E92/><V95/><F95/><W54/><G26/><T97/><D97/><N who="1" m="61519" /><E9/><V41/><F11/><W88/><G88/><T27/><D27/><U77/><E7/><V87/><F99/><W131/><G22/><T38/><D135/><U18/><E18/><V105/><F19/><W49/><G49/><T94/><D94/><U39/><E39/><V52/><F51/><W20/><G21/><T64/><D38/><U29/><E29/><V134/><F134/><W59/><G59/><T121/><D65/><U45/><E45/><V96/><F44/><W109/><G54/><N who="0" m="29983" /><D121/><U130/><E77/><V82/><F96/><W8/><G8/><AGARI ba="2,1" hai="3,5,8,62,64,68,84,86" m="29983,44042" machi="8" ten="30,2900,0" yaku="15,1,52,1" doraHai="35" who="0" fromWho="3" sc="267,45,9,0,402,0,312,-35" /><INIT seed="4,3,0,2,5,37" ten="312,9,402,277" oya="0" hai0="31,100,55,3,53,4,14,128,116,104,69,105,102" hai1="13,74,28,107,48,71,81,134,123,62,91,122,72" hai2="130,61,57,33,10,77,98,2,32,119,103,83,133" hai3="67,26,109,106,110,20,1,6,5,59,97,9,40"/><T51/><D116/><U85/><E107/><V22/><F119/><W16/><G6/><T52/><D69/><U101/><E101/><N who="0" m="39017" /><D104/><U54/><E28/><V87/><F130/><W111/><G106/><T56/><D105/><U64/><E134/><V132/><F22/><W15/><G97/><T24/><D3/><U18/><E123/><V92/><F2/><W89/><G89/><T63/><D128/><U96/><E96/><V114/><F114/><W50/><G1/><T38/><D38/><U118/><E122/><V80/><F10/><W39/><G39/><T34/><D34/><U30/><E30/><V108/><F108/><W135/><G135/><N who="2" m="51785" /><F83/><W124/><G124/><T112/><D112/><U65/><E65/><AGARI ba="3,0" hai="32,33,57,61,65,77,80,87,92,98,103" m="51785" machi="65" ten="30,1000,0" yaku="20,1" doraHai="37" who="2" fromWho="1" sc="312,0,9,-19,402,19,277,0" owari="312,11.2,-10,-51.0,421,52.1,277,-12.3" /></mjloggm>