<mjloggm ver="2.3"><GO type="169" lobby="0"/><UN n0="%E3%83%A9%E3%83%B3%E3%82%B9%E3%83%AD%E3%83%83%E3%83%88" n1="%E4%BF%BA%E3%81%A0%E3%81%91%E5%8D%B3%E8%A3%8F%E7%84%A1%E3%81%97" n2="%E7%B4%AB%E3%81%AE%E9%8F%A1" n3="%E5%AD%A4%E7%8B%AC%E6%82%A3%E8%80%85" dan="16,16,17,16" rate="2111.80,2088.89,2158.33,2060.92" sx="M,M,M,F"/><TAIKYOKU oya="0"/><INIT seed="0,0,0,2,0,8" ten="250,250,250,250" oya="0" hai0="121,118,79,27,85,96,69,131,40,113,87,64,71" hai1="47,70,37,126,80,38,7,110,120,10,72,16,49" hai2="65,128,63,109,30,130,23,90,34,132,124,46,100" hai3="127,91,116,104,73,45,89,123,82,51,15,39,44"/><T32/><D113/><U84/><E110/><V108/><F100/><W18/><G116/><T125/><D121/><U28/><E126/><V1/><F90/><W56/><G127/><T20/><D32/><U92/><E70/><V36/><F1/><W33/><G33/><T99/><D118/><U35/><E120/><V31/><F34/><W29/><G29/><T59/><D40/><U106/><E106/><V54/><F23/><W112/><G112/><T53/><D131/><N who="2" m="50218" /><F30/><W129/><G129/><T105/><D125/><U74/><E92/><V55/><F31/><W13/><G104/><T3/><D3/><U111/><E111/><N who="2" m="42571" /><F132/><W6/><G123/><T43/><D105/><U2/><E74/><V117/><F117/><W42/><G56/><T119/><D79/><U122/><E72/><V97/><F97/><W21/><G73/><T60/><D96/><U78/><E122/><V62/><F124/><W66/><G82/><T57/><D99/><U98/><E98/><V77/><F77/><W94/><G66/><T9/><D9/><U114/><E114/><V67/><F36/><W133/><G94/><T11/><D11/><U135/><E135/><V95/><F95/><W41/><G133/><T24/><D119/><U0/><E0/><V81/><F81/><W68/><G68/><T61/><D20/><U83/><E80/><V14/><F14/><W52/><G42/><T25/><D43/><N who="1" m="24831" /><E16/><V88/><F88/><N who="3" m="33867" /><G6/><T107/><D107/><U50/><E35/><V101/><F101/><W48/><G39/><N who="1" m="14858" /><E28/><V4/><F4/><W58/><G15/><T93/><D93/><RYUUKYOKU ba="0,0" sc="250,10,250,10,250,-30,250,10" hai0="24,25,27,53,57,59,60,61,64,69,71,85,87" hai1="2,7,10,50,78,83,84" hai3="13,18,21,41,44,45,48,51,52,58" /><INIT seed="0,1,0,1,4,119" ten="260,260,220,260" oya="0" hai0="59,77,60,69,66,89,19,53,110,61,38,90,23" hai1="128,88,16,74,49,63,45,21,125,26,47,40,132" hai2="44,133,87,105,135,120,15,85,50,122,73,78,83" hai3="8,130,111,67,86,99,24,37,3,4,102,1,35"/><T115/><D115/><U48/><E125/><V18/><F105/><W58/><G37/><T0/><D0/><U14/><E132/><N who="2" m="50763" /><F85/><W62/><G111/><T95/><D110/><U12/><E128/><V68/><F68/><W76/><G130/><T97/><D38/><U93/><E63/><V84/><F84/><W109/><G109/><T100/><REACH who="0" step="1"/><D77/><REACH who="0" ten="250,260,220,260" step="2"/><U101/><E74/><V46/><F73/><W106/><G3/><T107/><D107/><U27/><E101/><V7/><F7/><W103/><G103/><T75/><D75/><U51/><E12/><AGARI ba="1,1" hai="12,19,23,53,59,60,61,66,69,89,90,95,97,100" machi="12" ten="30,2900,0" yaku="1,1,7,1,53,0" doraHai="119" doraHaiUra="117" who="0" fromWho="1" sc="250,42,260,-32,220,0,260,0" /><INIT seed="0,2,0,1,3,127" ten="292,228,220,260" oya="0" hai0="34,31,66,40,82,116,57,106,13,124,123,6,2" hai1="104,14,83,132,1,93,61,4,20,73,125,86,62" hai2="10,126,9,12,56,26,84,99,15,27,44,133,42" hai3="94,16,0,24,75,19,70,25,85,36,49,48,51"/><T47/><D116/><U130/><E125/><V120/><F120/><W78/><G36/><T119/><D106/><U54/><E132/><V135/><F126/><W87/><G70/><T32/><D2/><U69/><E104/><V81/><F56/><W111/><G0/><T11/><D123/><U39/><E39/><V118/><F118/><W53/><G111/><T89/><D119/><U95/><E1/><V98/><F84/><N who="3" m="32331" /><G75/><T79/><D89/><U33/><E33/><V60/><F60/><W101/><G78/><T97/><D97/><U22/><E73/><V80/><REACH who="2" step="1"/><F42/><REACH who="2" ten="292,228,210,260" step="2"/><W43/><G43/><T92/><D40/><U64/><E86/><V121/><F121/><W52/><G101/><T100/><D57/><U58/><E58/><V45/><AGARI ba="2,1" hai="9,10,12,15,26,27,44,45,80,81,98,99,133,135" machi="45" ten="25,6400,0" yaku="1,1,0,1,22,2,53,0" doraHai="127" doraHaiUra="17" who="2" fromWho="2" sc="292,-34,228,-18,210,80,260,-18" /><INIT seed="1,0,0,3,3,32" ten="258,210,290,242" oya="1" hai0="63,115,78,51,42,0,13,77,105,57,82,97,71" hai1="76,96,35,8,114,73,36,69,10,58,14,48,17" hai2="101,43,93,41,74,67,31,134,95,68,22,133,9" hai3="18,15,108,123,61,16,24,119,98,128,94,38,131"/><U103/><E114/><V2/><F74/><W28/><G123/><T130/><D115/><U6/><E69/><V75/><F75/><W135/><G38/><T132/><D132/><N who="2" m="50794" /><F67/><W89/><G108/><T47/><D71/><U111/><E111/><V46/><F68/><W29/><G135/><T126/><D126/><U23/><E36/><V109/><F109/><W120/><G120/><T39/><D130/><N who="3" m="49705" /><G119/><T118/><D118/><U26/><E73/><V20/><F101/><W37/><G37/><T12/><D0/><U45/><E58/><V104/><F104/><W116/><G116/><T107/><D39/><U65/><E65/><V79/><F79/><W88/><G61/><T129/><D129/><U4/><E76/><V99/><F31/><N who="3" m="11851" /><G24/><T19/><D78/><U33/><E26/><V117/><F117/><W102/><G18/><T3/><D19/><U30/><E30/><V122/><F122/><W7/><G7/><N who="1" m="2602" /><E35/><V121/><F121/><W1/><G1/><T84/><D3/><U125/><E33/><V44/><F2/><W91/><G102/><T72/><D72/><U70/><E70/><V124/><F124/><W106/><G106/><T112/><D112/><U100/><E125/><V5/><F5/><W55/><G55/><N who="0" m="34239" /><D107/><U85/><E100/><V80/><F43/><W83/><G83/><T21/><D21/><AGARI ba="0,0" hai="15,16,21,88,89,91,94,98" m="11851,49705" machi="21" ten="30,3900,0" yaku="19,1,54,2" doraHai="32" who="3" fromWho="0" sc="258,-39,210,0,290,0,242,39" /><INIT seed="2,0,0,4,3,118" ten="219,210,290,281" oya="2" hai0="19,9,134,106,28,77,57,104,2,119,84,39,60" hai1="29,32,14,87,1,81,125,90,75,50,37,44,65" hai2="18,51,54,93,47,79,41,107,16,100,66,3,103" hai3="114,115,33,112,135,80,113,101,127,43,26,48,83"/><V126/><F3/><W25/><G127/><T23/><D119/><U105/><E125/><V30/><F126/><W49/><G135/><T130/><D39/><U88/><E1/><V55/><F107/><W70/><G70/><T111/><D130/><U56/><E105/><V24/><F66/><W124/><G124/><T61/><D61/><U46/><E75/><V40/><F79/><W4/><G4/><T71/><D71/><U97/><E32/><V17/><F41/><W64/><G64/><T10/><D111/><U53/><E29/><V5/><F5/><W63/><G63/><T38/><D38/><U62/><E14/><V20/><REACH who="2" step="1"/><F93/><REACH who="2" ten="219,210,280,281" step="2"/><W42/><G115/><T0/><D0/><U102/><E37/><V86/><F86/><W6/><G6/><T36/><D36/><U123/><E102/><AGARI ba="0,1" hai="16,17,18,20,24,30,40,47,51,54,55,100,102,103" machi="102" ten="40,18000,2" yaku="1,1,8,1,54,1,53,3" doraHai="118" doraHaiUra="98" who="2" fromWho="1" sc="219,0,210,-180,280,190,281,0" /><INIT seed="2,1,0,5,3,53" ten="219,30,470,281" oya="2" hai0="48,34,102,123,42,29,86,91,5,31,124,43,66" hai1="2,33,52,103,17,71,11,61,107,119,94,68,134" hai2="58,130,116,108,122,80,100,76,84,77,129,72,30" hai3="24,96,7,105,121,87,95,88,78,83,75,67,114"/><V125/><F30/><W60/><G121/><T49/><D123/><U21/><E134/><V6/><F122/><W133/><G133/><T4/><D124/><U93/><E33/><V36/><F36/><W28/><G114/><T9/><D66/><U106/><E119/><V81/><F6/><W109/><G109/><T135/><D135/><U12/><E68/><V70/><F70/><W20/><G7/><T40/><D102/><U1/><E71/><V19/><F19/><W89/><G105/><T63/><D63/><U62/><E62/><V115/><F58/><N who="3" m="37271" /><G75/><T120/><D120/><U98/><E107/><V13/><F13/><W131/><G131/><N who="2" m="50185" /><F115/><W35/><G35/><T79/><D79/><AGARI ba="1,0" hai="20,24,28,78,79,83,87,88,89,95,96" m="37271" machi="79" ten="30,3900,0" yaku="8,1,52,1,54,1" doraHai="53" who="3" fromWho="0" sc="219,-42,30,0,470,0,281,42" /><INIT seed="3,0,0,4,3,2" ten="177,30,470,323" oya="3" hai0="64,22,96,84,120,60,33,15,30,47,5,42,79" hai1="130,100,115,118,123,34,116,65,135,103,56,26,62" hai2="55,45,46,71,134,23,80,59,4,6,106,36,39" hai3="28,27,97,21,117,108,14,74,101,98,113,128,38"/><W57/><G113/><T1/><D120/><U69/><E123/><V99/><F71/><W125/><G117/><T114/><D114/><U63/><E115/><V3/><F134/><W124/><G74/><T40/><D1/><U58/><E135/><V77/><F36/><W91/><G38/><T82/><D33/><U110/><E110/><V73/><F3/><W102/><G128/><T43/><D96/><U13/><E130/><V92/><F106/><W89/><G108/><T29/><D47/><U67/><E13/><V0/><F0/><W31/><G57/><N who="0" m="36879" /><D22/><U20/><E34/><V119/><F119/><W75/><G75/><T7/><D15/><U52/><E118/><V86/><F73/><W112/><G14/><T41/><N who="0" m="10240" /><DORA hai="132" /><T72/><D72/><U19/><REACH who="1" step="1"/><E116/><REACH who="1" ten="177,20,470,323" step="2"/><V12/><F12/><W93/><G112/><T44/><D44/><U87/><E87/><V50/><F86/><W48/><G27/><T32/><D32/><U35/><E35/><V111/><F45/><W129/><G129/><T18/><D18/><U109/><E109/><V81/><F46/><W11/><G21/><T25/><D25/><U127/><E127/><V51/><F23/><W70/><G11/><T66/><D66/><U76/><E76/><V95/><F77/><W17/><G125/><T10/><D10/><U131/><E131/><V49/><F111/><W90/><G124/><T88/><D79/><U121/><E121/><V24/><F39/><W16/><G17/><T37/><D37/><U105/><E105/><V126/><F126/><W53/><G16/><T78/><D78/><RYUUKYOKU ba="0,1" sc="177,15,20,15,470,-15,323,-15" hai0="5,7,29,30,82,84,88" hai1="19,20,26,52,56,58,62,63,65,67,69,100,103" /><INIT seed="4,1,1,3,3,104" ten="192,35,455,308" oya="0" hai0="27,50,24,78,5,83,11,70,32,60,38,21,125" hai1="14,49,86,73,0,57,119,93,34,85,132,99,58" hai2="62,42,72,121,71,82,37,56,2,116,88,8,75" hai3="44,76,36,47,133,91,26,109,54,84,66,90,96"/><T106/><D106/><U39/><E39/><V18/><F121/><W7/><G109/><T117/><D38/><U103/><E0/><V19/><F71/><W10/><G133/><T25/><D117/><U115/><E119/><V40/><F2/><W45/><G66/><T17/><D32/><U129/><E34/><V4/><F116/><W81/><G36/><T46/><D60/><U64/><E132/><V23/><F4/><W22/><G54/><T28/><D28/><U3/><E3/><V80/><F8/><W97/><G97/><T68/><D68/><U52/><E73/><V65/><F18/><W108/><G96/><T13/><D125/><U67/><E129/><V112/><F112/><W110/><G110/><T126/><D70/><U35/><E35/><V107/><F107/><W122/><G122/><T29/><D29/><U79/><E115/><V105/><F105/><W101/><G101/><T55/><REACH who="0" step="1"/><D126/><REACH who="0" ten="182,35,455,308" step="2"/><U12/><E67/><V134/><F65/><W89/><G108/><T30/><D30/><U59/><E64/><V130/><F37/><W9/><G7/><T113/><D113/><U102/><E102/><V127/><F127/><W87/><G87/><AGARI ba="1,2" hai="5,11,13,17,21,24,25,27,46,50,55,78,83,87" machi="87" ten="30,11600,0" yaku="1,1,7,1,8,1,53,1" doraHai="104" doraHaiUra="74" who="0" fromWho="3" sc="182,139,35,0,455,0,308,-119" /><INIT seed="4,2,0,3,0,11" ten="321,35,455,189" oya="0" hai0="118,47,128,100,45,116,110,36,65,86,56,31,89" hai1="25,66,28,124,5,103,134,92,26,104,49,78,114" hai2="95,70,10,0,115,113,17,84,133,34,75,120,20" hai3="4,106,32,8,35,23,62,52,85,19,60,68,64"/><T109/><D128/><U82/><E104/><V130/><F75/><W127/><G106/><T121/><D121/><U135/><E124/><V29/><F70/><W98/><G98/><T83/><D100/><U77/><E5/><N who="2" m="1319" /><F84/><W101/><G101/><T41/><D45/><U119/><E119/><V69/><F69/><W94/><G127/><T43/><D43/><U7/><E7/><V38/><F95/><W54/><G35/><T102/><D31/><U67/><E114/><N who="2" m="43531" /><F38/><W57/><G32/><T91/><D91/><U3/><E3/><V51/><F51/><W2/><G85/><T88/><D89/><U39/><E39/><V61/><F61/><W108/><G94/><T126/><D102/><U105/><E105/><V71/><F71/><W24/><G108/><N who="0" m="41579" /><D126/><U48/><E103/><V123/><F133/><W42/><G42/><T129/><D129/><U63/><E92/><V96/><F96/><W97/><G97/><T99/><D99/><U107/><E107/><V125/><F130/><W9/><G54/><T73/><D73/><U72/><E28/><V1/><F125/><W40/><G40/><T22/><D22/><U6/><E72/><V16/><F34/><W76/><G76/><T18/><D65/><U13/><E82/><V27/><F1/><W131/><G131/><T80/><D56/><U87/><E87/><V81/><F81/><W93/><G93/><T117/><D80/><U14/><REACH who="1" step="1"/><E6/><REACH who="1" ten="321,25,455,189" step="2"/><V111/><F111/><W21/><G4/><T15/><D118/><U55/><E55/><V30/><F30/><N who="3" m="17679" /><G2/><T112/><D112/><U58/><E58/><RYUUKYOKU ba="2,1" sc="321,0,25,0,455,0,189,0" hai0="15,18,36,41,47,83,86,88,116,117" hai1="13,14,25,26,48,49,63,66,67,77,78,134,135" hai2="16,17,20,27,29,120,123" hai3="8,9,19,23,52,57,60,62,64,68" /><INIT seed="4,3,1,2,2,42" ten="321,25,455,189" oya="0" hai0="75,71,129,28,33,105,79,106,52,56,114,84,122" hai1="49,132,72,40,92,19,115,51,87,104,78,76,121" hai2="86,22,98,67,39,45,94,80,111,77,27,117,90" hai3="128,73,127,60,50,83,108,37,93,61,43,24,69"/><T4/><D122/><U74/><E19/><V119/><F111/><W53/><G108/><T63/><D75/><U58/><E58/><V13/><F67/><W99/><G128/><T54/><D129/><U35/><E35/><V102/><F13/><W25/><G127/><T14/><D71/><U123/><E40/><V21/><F39/><W31/><G43/><T126/><D114/><U133/><E49/><V57/><F57/><W10/><G10/><T70/><D70/><U135/><E51/><V44/><F21/><W15/><G15/><T18/><D54/><U11/><E11/><V1/><F1/><W110/><G110/><T113/><D113/><U103/><E115/><V3/><F3/><W55/><G37/><T66/><D66/><U107/><E92/><V9/><F9/><W131/><G131/><T62/><D62/><U23/><E23/><V95/><F119/><W6/><G6/><T134/><D4/><U68/><E68/><V47/><F117/><W20/><G25/><T64/><D64/><U7/><E7/><V124/><F124/><W125/><G125/><T65/><D65/><U85/><E135/><V8/><F8/><W130/><G130/><T100/><D134/><U81/><E81/><V48/><F48/><W2/><G2/><T88/><D33/><U46/><E46/><V38/><F38/><W34/><G34/><T26/><D14/><U82/><E82/><V5/><F5/><W118/><G83/><T59/><D26/><U32/><REACH who="1" step="1"/><E32/><REACH who="1" ten="321,15,455,189" step="2"/><V36/><F36/><W41/><G50/><N who="0" m="30743" /><D126/><U96/><E96/><N who="2" m="57431" /><F45/><W0/><G99/><RYUUKYOKU ba="3,2" sc="321,-15,15,15,455,15,189,-15" hai1="72,74,76,78,85,87,103,104,107,121,123,132,133" hai2="22,27,44,47,77,80,86,95,98,102" /><INIT seed="5,4,2,0,2,122" ten="306,30,470,174" oya="1" hai0="64,89,23,95,41,105,46,34,29,11,6,68,119" hai1="47,1,66,42,106,77,104,117,63,13,51,35,9" hai2="129,75,120,67,82,21,16,55,107,91,27,126,92" hai3="101,116,61,100,32,110,124,115,114,8,10,25,79"/><U84/><E117/><V17/><F120/><W40/><G116/><T2/><D105/><U58/><E1/><V26/><F107/><W86/><G124/><T87/><D119/><U83/><REACH who="1" step="1"/><E35/><REACH who="1" ten="306,20,470,174" step="2"/><V3/><F3/><W130/><G130/><T22/><D34/><U78/><E78/><V39/><F129/><W49/><G79/><T48/><D29/><U88/><E88/><V53/><F91/><W36/><G32/><T109/><D2/><U31/><E31/><V56/><F126/><W44/><G115/><T19/><D89/><U118/><E118/><V85/><F17/><AGARI ba="4,3" hai="9,13,17,42,47,51,58,63,66,77,83,84,104,106" machi="17" ten="30,2900,0" yaku="1,1,7,1,53,0" doraHai="122" doraHaiUra="30" who="1" fromWho="2" sc="306,0,20,71,470,-41,174,0" /><INIT seed="5,5,0,0,3,16" ten="306,91,429,174" oya="1" hai0="73,20,24,29,62,26,66,11,122,32,82,22,52" hai1="117,116,64,90,7,121,86,10,2,50,14,33,125" hai2="88,96,5,103,57,114,128,84,81,15,126,106,65" hai3="105,25,54,135,134,78,35,89,38,13,132,44,21"/><U76/><E125/><V45/><F126/><W31/><G105/><T69/><D122/><U63/><E121/><V30/><F128/><W12/><G78/><T53/><D32/><U23/><E33/><V110/><F110/><W60/><G35/><T93/><D11/><U42/><E76/><V39/><F114/><W40/><G89/><T92/><D73/><U99/><E99/><V59/><F65/><W8/><G8/><T87/><D93/><U37/><E37/><V58/><F30/><W127/><G127/><T56/><D92/><U51/><E117/><V68/><F68/><W28/><G28/><N who="0" m="17415" /><D69/><U72/><E72/><V6/><REACH who="2" step="1"/><F15/><REACH who="2" ten="306,91,419,174" step="2"/><W120/><G120/><T4/><D4/><U115/><E115/><V46/><F46/><W27/><G27/><T133/><D133/><U71/><E116/><V43/><AGARI ba="5,1" hai="5,6,39,43,45,57,58,59,81,84,88,96,103,106" machi="43" ten="30,4000,0" yaku="1,1,0,1,54,1,53,0" doraHai="16" doraHaiUra="48" who="2" fromWho="2" sc="306,-15,91,-25,419,65,174,-15" /><INIT seed="6,0,0,4,2,30" ten="291,66,484,159" oya="2" hai0="106,132,128,31,25,107,112,68,134,54,66,13,81" hai1="105,79,114,76,19,92,125,9,58,10,18,90,121" hai2="46,111,43,78,23,73,22,69,129,42,47,97,60" hai3="100,87,7,89,64,33,103,57,45,41,8,44,63"/><V127/><F127/><W94/><G33/><T74/><D112/><U26/><E105/><V36/><F129/><W77/><G77/><N who="1" m="29770" /><E125/><V55/><F111/><W84/><G84/><T65/><D74/><U93/><E114/><V16/><F97/><W24/><G24/><T109/><D109/><U119/><E119/><V101/><F101/><W59/><G59/><T72/><D81/><U135/><E135/><V53/><F23/><W39/><REACH who="3" step="1"/><G45/><REACH who="3" ten="291,66,484,149" step="2"/><T40/><D25/><U133/><E133/><V6/><F46/><W104/><G104/><T102/><D106/><U123/><E58/><V32/><F47/><W124/><G124/><T21/><D107/><U70/><E70/><V115/><F69/><W14/><AGARI ba="0,1" hai="7,8,14,39,41,44,57,63,64,87,89,94,100,103" machi="14" ten="20,2700,0" yaku="1,1,0,1,7,1,53,0" doraHai="30" doraHaiUra="15" who="3" fromWho="3" sc="291,-7,66,-7,484,-13,149,37" /><INIT seed="7,0,0,3,2,68" ten="284,59,471,186" oya="3" hai0="32,92,37,86,46,16,74,45,71,1,24,79,23" hai1="14,17,57,28,111,134,53,124,51,94,3,6,41" hai2="114,31,29,126,105,107,2,69,40,35,11,106,77" hai3="34,81,91,125,55,20,110,21,88,13,75,61,133"/><W42/><G34/><T129/><D74/><U52/><E134/><V58/><F69/><W121/><G121/><T76/><D71/><U63/><E124/><V15/><F2/><W27/><G110/><T49/><D37/><U115/><E115/><V83/><F40/><W85/><G75/><T117/><D129/><U22/><E111/><V26/><F31/><W39/><G125/><T65/><D65/><U101/><E3/><V98/><F58/><N who="3" m="35039" /><G39/><T73/><D73/><U132/><E132/><V130/><F126/><W25/><G42/><T100/><D45/><U8/><E41/><V128/><F114/><W33/><G33/><T93/><D1/><U104/><E28/><V80/><F98/><W70/><G70/><T48/><D48/><U84/><E104/><V19/><F77/><N who="3" m="46255" /><G13/><T7/><D32/><U109/><E109/><V96/><F96/><W50/><G50/><T87/><D87/><U99/><E84/><V0/><F0/><W56/><G56/><T123/><D86/><U89/><E51/><V36/><F36/><W54/><G54/><T47/><D117/><U30/><E30/><V112/><F112/><W113/><G113/><T82/><D123/><U127/><E127/><V4/><F130/><W59/><G59/><T118/><D118/><U9/><E53/><V67/><F128/><W135/><G135/><T78/><D49/><U38/><E38/><V44/><F67/><W97/><G133/><T108/><D108/><U43/><E43/><V116/><F116/><W102/><G97/><T103/><D79/><U12/><E22/><N who="3" m="8810" /><G102/><T95/><D103/><RYUUKYOKU ba="0,0" sc="284,-15,59,15,471,-15,186,15" hai1="6,8,9,12,14,17,52,57,63,89,94,99,101" hai3="25,27,88,91" /><INIT seed="7,1,0,5,2,81" ten="269,74,456,201" oya="3" hai0="119,10,16,87,104,6,17,53,15,117,2,107,14" hai1="25,92,31,43,42,0,26,23,20,58,125,52,50" hai2="76,29,66,36,60,133,134,9,109,55,83,57,54" hai3="34,59,78,41,61,75,126,98,37,121,63,48,105"/><W68/><G34/><T89/><D119/><U96/><E125/><V97/><F109/><W38/><G121/><T84/><D117/><U135/><E135/><N who="2" m="51723" /><F36/><W44/><G126/><T32/><D32/><U94/><E0/><V131/><F131/><W12/><G78/><T72/><D72/><U114/><E114/><V39/><F39/><W7/><G75/><T65/><D65/><U5/><E5/><V11/><F29/><W124/><G68/><T21/><D53/><N who="2" m="19978" /><F97/><W56/><G56/><T1/><D1/><U130/><E130/><V71/><F71/><W8/><G63/><T45/><D45/><U62/><E62/><V93/><F93/><W90/><G124/><T19/><D19/><U110/><E92/><V70/><F70/><W79/><G79/><T102/><D102/><U80/><E80/><V4/><F4/><W99/><G99/><T69/><D69/><U115/><E115/><V13/><F13/><W49/><G38/><T128/><D128/><U3/><E3/><V47/><F47/><W18/><G7/><T116/><D116/><U40/><E40/><V51/><F51/><W103/><G90/><T46/><D46/><U88/><E110/><V123/><F123/><W91/><G91/><T64/><D64/><AGARI ba="1,0" hai="8,12,18,37,41,44,48,49,59,61,64,98,103,105" machi="64" ten="30,1500,0" yaku="7,1" doraHai="81" who="3" fromWho="0" sc="269,-18,74,0,456,0,201,18" /><INIT seed="7,2,0,0,3,43" ten="251,74,456,219" oya="3" hai0="45,47,70,134,106,119,38,23,42,74,128,81,7" hai1="65,113,116,60,98,111,69,102,78,105,83,3,48" hai2="49,19,108,52,32,30,5,11,127,109,117,44,76" hai3="24,91,79,28,97,17,71,84,29,104,66,90,39"/><W62/><G39/><T9/><D119/><U133/><E133/><V124/><F117/><W20/><G79/><T51/><D134/><U59/><E116/><V54/><F76/><W41/><G41/><T61/><D106/><U13/><E113/><V56/><F19/><W77/><G77/><N who="0" m="44215" /><D128/><U100/><E100/><V25/><F127/><W80/><G104/><T118/><D118/><U125/><E125/><V132/><F124/><W126/><G126/><T2/><D23/><U82/><E3/><V75/><F75/><W93/><AGARI ba="2,0" hai="17,20,24,28,29,62,66,71,80,84,90,91,93,97" machi="93" ten="30,1500,0" yaku="0,1" doraHai="43" who="3" fromWho="3" sc="251,-7,74,-7,456,-7,219,21" /><INIT seed="7,3,0,1,1,71" ten="244,67,449,240" oya="3" hai0="107,124,39,119,68,108,6,23,31,77,3,61,86" hai1="129,51,132,29,47,64,5,93,33,7,135,75,69" hai2="125,90,85,35,1,44,30,26,13,60,130,28,94" hai3="0,116,56,76,80,8,72,36,43,131,65,48,63"/><W20/><G116/><T100/><D39/><U128/><E75/><V134/><F1/><W40/><G131/><T58/><D108/><U88/><E29/><V89/><F130/><W32/><G32/><T95/><D68/><U105/><E33/><V106/><F106/><W123/><G123/><T117/><D107/><U57/><E105/><V121/><F121/><W103/><G103/><T82/><D124/><U42/><E93/><V133/><F125/><W102/><G102/><T113/><D113/><U112/><E69/><V25/><F13/><W101/><G101/><T16/><D31/><U54/><E112/><V73/><F73/><W2/><G43/><T37/><D37/><U110/><E110/><V49/><F60/><W81/><G81/><T84/><D6/><U109/><E109/><V18/><F18/><W120/><G120/><T92/><D3/><U62/><E42/><N who="2" m="24727" /><F89/><W122/><G122/><T70/><D70/><U111/><E111/><V98/><F98/><W55/><G8/><T34/><D34/><U127/><E127/><V52/><F35/><W45/><REACH who="3" step="1"/><G20/><REACH who="3" ten="244,67,449,230" step="2"/><T67/><D100/><U11/><E129/><V50/><F94/><W21/><G21/><T97/><D95/><U24/><E128/><V19/><F134/><N who="1" m="51241" /><E11/><V10/><F10/><W83/><G83/><T53/><D117/><U41/><E88/><V27/><F90/><W104/><G104/><T87/><D119/><U17/><E41/><V118/><F133/><W59/><AGARI ba="3,1" hai="0,2,36,40,45,48,55,56,59,63,65,72,76,80" machi="59" ten="20,12000,1" yaku="1,1,0,1,7,1,52,1,53,1" doraHai="71" doraHaiUra="79" who="3" fromWho="3" sc="244,-43,67,-43,449,-43,230,139" /><INIT seed="7,4,0,5,1,81" ten="201,24,406,369" oya="3" hai0="123,12,95,105,9,114,111,3,106,107,98,65,91" hai1="97,99,61,55,75,41,13,28,89,77,124,24,135" hai2="43,25,131,92,48,110,70,126,125,134,72,45,74" hai3="57,60,20,38,30,100,8,22,93,18,54,87,102"/><W76/><G38/><T32/><D32/><U71/><E89/><V26/><F110/><W0/><G0/><T21/><D111/><U6/><E55/><V56/><F70/><W39/><G39/><T42/><D42/><U53/><E53/><N who="2" m="31783" /><F131/><W112/><G112/><T120/><D65/><U94/><E94/><V10/><F134/><W108/><G108/><T7/><D114/><U5/><E41/><V83/><F92/><W33/><G33/><T11/><D120/><U118/><E13/><V46/><F10/><W37/><G37/><T73/><D73/><N who="2" m="28266" /><F83/><N who="3" m="47591" /><G30/><T127/><D127/><N who="2" m="48650" /><F46/><W23/><G93/><T66/><D21/><N who="3" m="8297" /><G8/><T49/><D123/><U1/><E28/><V51/><AGARI ba="4,0" hai="25,26,43,45,51" m="48650,28266,31783" machi="51" ten="30,1100,0" yaku="18,1" doraHai="81" who="2" fromWho="2" sc="201,-7,24,-7,406,23,369,-9" owari="194,-20.6,17,-48.3,429,52.9,360,16.0" /></mjloggm>