<mjloggm ver="2.3"><GO type="169" lobby="0"/><UN n0="%43%68%65" n1="%E3%81%AB%E3%81%A3%E3%81%A1%E3%82%87" n2="%E6%9A%97%E9%BB%92%E7%96%BE%E9%A2%A8%E9%BE%8D%E7%8E%8B%E4%B8%B8" n3="%E6%88%91%E5%8F%AF%E4%BB%A5" dan="16,17,16,16" rate="2073.66,2207.06,2034.02,2120.85" sx="M,M,M,M"/><TAIKYOKU oya="0"/><INIT seed="0,0,0,2,3,87" ten="250,250,250,250" oya="0" hai0="41,16,43,126,36,28,30,7,10,125,90,56,107" hai1="24,108,124,1,93,23,105,85,104,135,102,64,25" hai2="88,83,62,37,49,15,20,51,103,78,70,130,2" hai3="21,134,74,34,95,8,112,113,68,98,54,79,82"/><T55/><D107/><U133/><E1/><V71/><F2/><W3/><G34/><T119/><D119/><U118/><E118/><V63/><F37/><W40/><G134/><N who="1" m="51210" /><E25/><V117/><F103/><W111/><G111/><T77/><D77/><U58/><E124/><N who="0" m="47721" /><D7/><U122/><E108/><V66/><F130/><W26/><G68/><T123/><D123/><U97/><E85/><V80/><F117/><W81/><G40/><N who="0" m="15435" /><D36/><U96/><E96/><V12/><F78/><W42/><G42/><T61/><D90/><U22/><E122/><V109/><F109/><W94/><G79/><T65/><D55/><U9/><E9/><V27/><F66/><W11/><G54/><T86/><D86/><U19/><E23/><V38/><F38/><W131/><G21/><T29/><D29/><U48/><E64/><V4/><F20/><W52/><G3/><T72/><D72/><U53/><AGARI ba="0,0" hai="19,22,24,48,53,58,93,97,102,104,105" m="51210" machi="53" ten="30,1100,0" yaku="20,1" doraHai="87" who="1" fromWho="1" sc="250,-5,250,11,250,-3,250,-3" /><INIT seed="1,0,0,3,3,10" ten="245,261,247,247" oya="1" hai0="112,32,38,69,127,102,73,129,22,33,111,100,3" hai1="49,20,79,84,52,17,6,109,81,104,89,31,39" hai2="13,108,28,60,48,101,16,117,126,68,40,116,105" hai3="123,96,83,135,70,36,18,76,4,53,21,90,85"/><U77/><E39/><V128/><F108/><W88/><G123/><T98/><RYUUKYOKU type="yao9" ba="0,0" sc="245,0,261,0,247,0,247,0" hai0="3,22,32,33,38,69,73,98,100,102,111,112,127,129" /><INIT seed="1,1,0,5,0,50" ten="245,261,247,247" oya="1" hai0="110,94,55,125,10,69,78,108,74,9,134,35,22" hai1="21,91,53,126,121,80,8,46,64,85,92,14,42" hai2="13,123,23,32,39,30,16,62,58,127,119,118,68" hai3="107,44,71,135,56,63,61,98,67,101,33,109,96"/><U95/><E121/><V20/><F123/><W48/><G109/><N who="0" m="42091" /><D35/><U43/><E64/><V19/><F68/><W54/><G135/><T129/><D69/><U57/><E21/><V37/><F127/><W128/><G33/><T0/><D0/><U90/><E126/><V12/><F30/><W29/><G29/><T113/><D113/><U40/><E46/><V106/><F106/><W99/><REACH who="3" step="1"/><G128/><REACH who="3" ten="245,261,247,237" step="2"/><T103/><D129/><U93/><E91/><V18/><F32/><W15/><G15/><T76/><D134/><U66/><E66/><AGARI ba="1,1" hai="44,48,54,56,61,63,66,67,71,96,98,99,101,107" machi="66" ten="30,8000,1" yaku="1,1,7,1,52,1,53,2" doraHai="50" doraHaiUra="59" who="3" fromWho="1" sc="245,0,261,-83,247,0,237,93" /><INIT seed="2,0,0,5,1,14" ten="245,178,247,330" oya="2" hai0="13,84,104,11,29,94,47,54,92,2,51,117,82" hai1="52,74,125,34,130,129,56,58,22,59,4,70,31" hai2="85,1,113,110,80,131,100,69,66,28,116,40,86" hai3="111,132,76,33,24,79,91,128,127,126,12,97,106"/><V119/><F113/><W120/><G120/><T107/><D2/><U9/><E70/><V63/><F131/><N who="1" m="50185" /><E34/><V101/><F1/><W57/><G128/><T109/><D109/><U49/><E74/><V16/><F28/><W67/><G111/><T0/><D0/><N who="1" m="135" /><E125/><V6/><F6/><W8/><G132/><T20/><D117/><U64/><E64/><V62/><F40/><W36/><G36/><T133/><D133/><U95/><E95/><V68/><F110/><W98/><G33/><T102/><D107/><U60/><E60/><V123/><F66/><W112/><G112/><T103/><D104/><U41/><E41/><V81/><REACH who="2" step="1"/><F123/><REACH who="2" ten="245,178,237,330" step="2"/><W48/><G67/><T90/><D103/><U27/><AGARI ba="0,1" hai="22,27,31,49,52,56,58,59" m="135,50185" machi="27" ten="30,2000,0" yaku="19,1,54,1" doraHai="14" who="1" fromWho="1" sc="245,-5,178,30,237,-10,330,-5" /><INIT seed="3,0,0,3,5,38" ten="240,208,227,325" oya="3" hai0="64,43,111,60,51,22,125,61,119,77,49,25,4" hai1="127,3,88,62,114,134,41,123,86,17,26,6,24" hai2="110,57,81,100,68,33,52,124,133,116,23,131,103" hai3="85,98,96,117,79,99,13,56,75,135,129,102,36"/><W73/><G36/><T82/><D119/><U67/><E123/><V65/><F116/><W78/><G56/><T63/><D111/><U71/><E114/><V59/><F33/><W80/><G13/><T66/><D4/><U87/><E127/><V72/><F110/><W48/><G48/><T27/><D125/><U55/><E134/><V106/><F133/><W7/><G7/><T28/><D27/><U12/><E86/><V130/><F68/><W95/><G117/><T18/><D18/><U1/><E41/><V101/><F106/><W0/><G0/><T53/><D53/><U104/><E104/><V35/><F35/><W69/><G69/><T92/><D92/><U108/><E108/><V94/><F94/><N who="3" m="58647" /><G129/><T14/><D14/><U115/><E115/><V74/><F124/><W15/><G15/><T97/><D97/><N who="3" m="36873" /><G135/><T31/><D31/><U21/><E55/><V128/><F23/><W29/><G29/><T122/><D51/><U47/><E47/><V83/><F65/><W45/><G45/><T54/><D54/><U5/><E5/><V19/><F19/><W44/><G44/><N who="0" m="25759" /><D122/><U37/><E37/><V9/><F9/><W107/><G107/><T8/><D8/><N who="1" m="2127" /><E3/><V93/><F52/><W40/><G40/><T39/><D39/><U89/><E24/><V20/><F20/><W30/><G30/><T90/><D66/><U11/><E11/><V120/><F120/><W121/><G121/><T10/><D64/><U113/><E113/><V58/><F130/><W132/><G132/><T112/><D112/><U91/><E26/><V46/><F128/><RYUUKYOKU ba="0,0" sc="240,-10,208,30,227,-10,325,-10" hai1="12,17,21,62,67,71,87,88,89,91" /><INIT seed="4,1,0,1,3,91" ten="230,238,217,315" oya="0" hai0="64,69,88,2,112,43,59,135,19,131,116,0,35" hai1="82,10,46,34,24,67,36,18,22,86,72,87,104" hai2="103,58,28,128,4,6,93,38,75,92,66,118,9" hai3="99,26,41,52,14,65,113,121,60,83,89,77,108"/><T115/><D116/><U63/><E104/><V134/><F75/><W130/><G108/><T102/><D69/><U21/><E34/><V45/><F118/><W127/><G130/><T5/><D35/><U95/><E10/><V61/><F103/><W76/><G113/><N who="0" m="43595" /><D102/><U71/><E72/><V11/><F28/><W105/><G127/><T48/><D19/><U42/><E82/><V49/><F38/><W54/><G41/><T57/><D135/><U123/><E123/><V55/><F134/><W33/><G14/><T119/><D131/><U129/><E129/><V132/><F132/><W117/><G121/><T100/><D100/><U68/><E68/><V122/><F122/><W50/><G105/><T94/><D119/><U110/><E110/><V17/><F17/><W114/><G33/><T25/><D25/><U98/><E22/><V3/><REACH who="2" step="1"/><F128/><REACH who="2" ten="230,238,207,315" step="2"/><W125/><G114/><T109/><D109/><U13/><E24/><V8/><F8/><W7/><G26/><T51/><D5/><U20/><E20/><V39/><F39/><W107/><G7/><T78/><D2/><AGARI ba="1,1" hai="2,3,4,6,9,11,45,49,55,58,61,66,92,93" machi="2" ten="30,12000,2" yaku="1,1,7,1,9,1,52,2,53,1" doraHai="91" doraHaiUra="40" who="2" fromWho="0" sc="230,-123,238,0,207,133,315,0" /><INIT seed="5,0,0,0,2,28" ten="107,238,340,315" oya="1" hai0="105,129,12,114,81,125,128,104,96,52,97,49,22" hai1="82,73,8,130,34,116,117,54,50,62,95,37,23" hai2="45,33,84,122,14,131,68,79,20,43,7,48,69" hai3="61,106,6,80,78,60,2,18,29,132,120,17,53"/><U51/><E37/><V70/><F122/><W83/><G120/><T40/><D114/><U100/><E130/><V108/><F108/><W19/><G106/><T118/><D118/><U98/><E8/><N who="2" m="4383" /><F20/><W36/><G132/><T0/><D0/><U110/><E110/><V103/><F103/><W39/><G29/><T5/><D40/><U10/><E10/><V44/><F44/><W24/><G24/><T126/><D5/><U102/><E102/><V86/><F86/><W64/><G6/><T93/><D12/><U127/><E23/><V25/><F25/><W3/><G19/><T107/><D22/><U123/><E123/><V134/><F33/><W112/><G78/><T71/><D71/><U77/><E34/><V66/><F134/><W55/><REACH who="3" step="1"/><G64/><REACH who="3" ten="107,238,340,305" step="2"/><T99/><D81/><U21/><E82/><N who="2" m="47199" /><F131/><N who="0" m="50250" /><D93/><U57/><E95/><V58/><F66/><W26/><G26/><T42/><D42/><U121/><E121/><V90/><F43/><W119/><G119/><T67/><D67/><U27/><E27/><V59/><F70/><W124/><G124/><N who="0" m="47723" /><D107/><U1/><E127/><V11/><F69/><W113/><AGARI ba="0,1" hai="2,3,17,18,36,39,53,55,60,61,80,83,112,113" machi="113" ten="25,6400,0" yaku="1,1,0,1,22,2,53,0" doraHai="28" doraHaiUra="65" who="3" fromWho="3" sc="107,-16,238,-32,340,-16,305,74" /><INIT seed="6,0,0,2,2,1" ten="91,206,324,379" oya="2" hai0="125,12,99,37,11,119,76,21,3,51,131,133,68" hai1="50,82,15,63,43,81,33,95,79,110,114,16,30" hai2="7,5,84,53,117,56,120,126,29,89,13,8,93" hai3="57,71,106,28,77,38,127,86,83,2,134,90,10"/><V27/><F117/><W74/><G71/><T22/><D37/><U17/><E110/><V48/><F120/><W118/><G118/><T55/><D119/><U66/><E114/><V40/><F126/><W116/><G127/><T52/><D125/><U88/><E33/><V45/><F13/><W132/><G116/><T73/><D68/><U20/><E30/><V129/><F8/><W130/><G130/><T61/><D131/><U109/><E109/><V121/><F121/><W36/><G106/><T100/><D133/><N who="3" m="51305" /><G28/><T85/><D73/><U64/><E50/><V104/><F104/><W78/><G57/><N who="0" m="34983" /><D3/><U102/><E102/><V44/><F44/><W111/><G77/><T103/><D76/><U69/><E43/><V67/><F67/><W70/><G70/><T26/><D85/><U24/><E66/><V60/><REACH who="2" step="1"/><F129/><REACH who="2" ten="91,206,314,379" step="2"/><W91/><G111/><T97/><D26/><U46/><E46/><V47/><F47/><W35/><G2/><T112/><D112/><U9/><E79/><V19/><F19/><W4/><G78/><T34/><D11/><U6/><E17/><V75/><F75/><W14/><G74/><T105/><D12/><U49/><E64/><V92/><F92/><W123/><G14/><T124/><D124/><U101/><E15/><V39/><F39/><W59/><G10/><T98/><D105/><U94/><E9/><V41/><F41/><W72/><G123/><T115/><D115/><U122/><E95/><V80/><F80/><W62/><G72/><T58/><D34/><AGARI ba="0,1" hai="5,7,27,29,34,40,45,48,53,56,60,84,89,93" machi="34" ten="30,11600,0" yaku="1,1,7,1,52,2,53,0" doraHai="1" doraHaiUra="65" who="2" fromWho="0" sc="91,-116,206,0,314,126,379,0" owari="-25,-52.5,206,-19.4,440,54.0,379,17.9" /></mjloggm>