<mjloggm ver="2.3"><GO type="169" lobby="0"/><UN n0="%4D%4A%E3%82%A2%E3%83%B3%E3%82%B0%E3%83%A9%E3%83%BC" n1="%E9%95%B7%E5%B2%A1" n2="%E6%84%9A%E5%85%84%E3%81%8C%E6%84%9A%E5%BD%A2" n3="%4D%E6%9C%AC" dan="16,16,16,18" rate="2076.59,2091.88,2127.46,2250.25" sx="M,M,M,M"/><TAIKYOKU oya="0"/><INIT seed="0,0,0,4,0,71" ten="250,250,250,250" oya="0" hai0="17,79,101,129,19,57,107,13,112,58,11,106,114" hai1="74,76,99,40,70,65,61,119,95,6,108,84,52" hai2="31,134,1,34,132,18,87,22,116,111,66,124,0" hai3="69,104,16,30,131,5,39,53,63,32,85,35,33"/><T8/><D129/><U122/><E119/><V117/><F66/><W55/><G131/><T93/><D79/><U49/><E122/><V109/><F31/><W86/><G104/><T23/><D93/><U121/><E121/><V36/><F34/><W44/><G30/><T89/><D89/><U38/><E108/><N who="2" m="41547" /><F36/><W2/><G5/><T25/><D8/><U120/><E120/><V113/><F87/><W50/><G2/><N who="2" m="1129" /><F124/><W98/><G98/><T73/><D73/><U110/><E110/><V26/><F113/><W10/><G39/><T128/><D128/><U81/><E74/><V21/><F21/><W97/><G97/><T80/><D80/><U24/><E38/><V15/><F15/><W41/><G69/><T102/><D107/><U14/><E24/><V92/><F92/><W96/><G96/><T51/><D106/><U90/><E14/><V28/><F18/><W91/><G63/><T37/><D37/><U103/><E6/><V27/><F27/><W72/><G72/><T100/><REACH who="0" step="1"/><D51/><REACH who="0" ten="240,250,250,250" step="2"/><U125/><E76/><V46/><F46/><W75/><G75/><T62/><D62/><U54/><REACH who="1" step="1"/><E125/><REACH who="1" ten="240,240,250,250" step="2"/><V118/><AGARI ba="0,2" hai="22,26,28,116,117,118,132,134" m="1129,41547" machi="118" ten="40,8000,1" yaku="12,1,14,1,34,2" doraHai="71" who="2" fromWho="2" sc="240,-40,240,-20,250,100,250,-20" /><INIT seed="1,0,0,4,0,39" ten="200,220,350,230" oya="1" hai0="97,0,124,92,125,110,34,129,2,114,131,101,26" hai1="120,82,128,54,41,19,99,112,86,132,33,121,9" hai2="88,113,16,10,38,47,23,68,30,105,48,61,76" hai3="93,32,85,29,102,63,40,122,28,51,72,130,27"/><U25/><E112/><V90/><F105/><W37/><G72/><T70/><D114/><U75/><E128/><N who="0" m="49225" /><D70/><U109/><E132/><V107/><F107/><W83/><G130/><T42/><D110/><U22/><E75/><V52/><F76/><W57/><G37/><T117/><D117/><U116/><E116/><V80/><F80/><W62/><G29/><N who="0" m="19767" /><D42/><U43/><E33/><V95/><F38/><W15/><G122/><T64/><D64/><U17/><E109/><V133/><F133/><W91/><G15/><T127/><AGARI ba="0,0" hai="0,2,92,97,101,124,125,127" m="19767,49225" machi="127" ten="40,2700,0" yaku="18,1,19,1" doraHai="39" who="0" fromWho="0" sc="200,27,220,-13,350,-7,230,-7" /><INIT seed="2,0,0,5,4,114" ten="227,207,343,223" oya="2" hai0="5,70,105,19,104,68,24,135,121,73,35,60,23" hai1="100,37,49,112,62,126,76,36,11,88,99,41,39" hai2="95,20,116,4,14,119,7,84,83,34,3,10,42" hai3="101,46,29,2,98,132,102,33,82,51,72,85,40"/><V75/><F42/><W109/><G109/><T122/><D73/><U79/><E112/><V27/><F4/><W118/><G132/><T108/><D108/><U31/><E126/><V125/><F125/><W45/><G2/><T47/><D135/><U89/><E31/><V21/><F75/><W32/><G72/><T61/><D5/><U94/><E62/><V97/><F34/><W129/><G129/><T8/><D8/><U0/><E0/><V67/><F67/><W30/><G118/><T103/><D47/><U28/><E41/><V57/><F57/><W9/><G9/><T134/><D134/><U123/><E123/><V107/><F107/><W80/><G40/><T52/><D35/><U22/><E49/><V56/><F56/><W115/><G115/><T25/><D103/><U71/><E71/><V74/><F74/><W50/><REACH who="3" step="1"/><G85/><REACH who="3" ten="227,207,343,213" step="2"/><T93/><D122/><U92/><E11/><V26/><F3/><W66/><G66/><T1/><D121/><U55/><E55/><V86/><F86/><W91/><G91/><T44/><D1/><U81/><E100/><V110/><F110/><W113/><G113/><T87/><D87/><U117/><E117/><V43/><F43/><W12/><G12/><T130/><D130/><U38/><E37/><V124/><F124/><W59/><G59/><T133/><D70/><U53/><E53/><V106/><F116/><W48/><G48/><T64/><D133/><U111/><E111/><V15/><F10/><W65/><G65/><T69/><D64/><U128/><E89/><N who="2" m="55535" /><F119/><W18/><G18/><T77/><D19/><RYUUKYOKU ba="0,1" sc="227,-10,207,-10,343,-10,213,30" hai3="29,30,32,33,45,46,50,51,80,82,98,101,102" /><INIT seed="3,1,1,4,4,112" ten="217,197,333,243" oya="3" hai0="89,12,36,107,62,26,9,35,86,21,105,57,17" hai1="109,77,54,24,51,123,68,72,65,15,56,49,134" hai2="76,81,99,127,6,95,97,102,91,73,31,70,80" hai3="18,125,82,67,59,25,69,48,10,126,85,14,78"/><W79/><G69/><T45/><D35/><U133/><E72/><V122/><F70/><W38/><G38/><T41/><D62/><N who="1" m="39991" /><E77/><N who="2" m="44079" /><F6/><W50/><G79/><T34/><D34/><U96/><E96/><V90/><F31/><W0/><G0/><T46/><D45/><N who="1" m="27951" /><E24/><V100/><F127/><N who="3" m="48651" /><G25/><T115/><D115/><U87/><E87/><N who="2" m="48551" /><F122/><W33/><G33/><T32/><D32/><U4/><E4/><V108/><F108/><W37/><G37/><T7/><D57/><U98/><E15/><V119/><F119/><W88/><G78/><T63/><D63/><AGARI ba="1,1" hai="10,14,18,48,50,59,63,67,82,85,88" m="48651" machi="63" ten="30,2900,0" yaku="18,1,54,1" doraHai="112" who="3" fromWho="0" sc="217,-32,197,0,333,0,243,42" /><INIT seed="3,2,0,1,0,35" ten="185,197,333,285" oya="3" hai0="83,77,74,99,110,64,60,104,36,92,23,34,2" hai1="78,50,132,4,61,59,43,75,134,79,122,44,45" hai2="14,116,88,111,22,100,8,1,19,33,21,16,97" hai3="67,57,9,81,69,72,130,131,13,76,119,86,0"/><W49/><G119/><T101/><D110/><U109/><E75/><V54/><F33/><W12/><G72/><T126/><D34/><U52/><E122/><V27/><F116/><W38/><G38/><T108/><D108/><U42/><E109/><V25/><F111/><W129/><G69/><T32/><D126/><U41/><E4/><V95/><F54/><N who="3" m="31951" /><G67/><T112/><D112/><U55/><E78/><V80/><F1/><W71/><G71/><T107/><D32/><U98/><E79/><V106/><F80/><W115/><G115/><T7/><D36/><U24/><E24/><V84/><F8/><W94/><G94/><T3/><D23/><U26/><E26/><AGARI ba="2,0" hai="14,16,19,21,22,25,26,27,84,88,95,97,100,106" machi="26" ten="30,3900,0" yaku="7,1,54,2" doraHai="35" who="2" fromWho="1" sc="185,0,197,-45,333,45,285,0" /><INIT seed="4,0,0,4,5,6" ten="185,152,378,285" oya="0" hai0="100,108,85,103,24,116,89,2,86,41,47,8,77" hai1="46,125,18,69,10,81,31,109,97,78,30,38,13" hai2="62,11,129,27,80,93,17,45,32,83,73,67,92" hai3="111,48,122,19,60,64,56,84,131,82,68,135,51"/><T4/><D116/><U79/><E109/><V120/><F120/><W75/><G111/><T134/><D134/><U22/><E69/><V33/><F45/><W123/><G135/><T42/><D108/><U37/><E125/><V59/><F129/><W90/><G131/><T53/><D53/><U63/><E97/><V70/><F70/><W133/><G133/><T130/><D130/><U26/><E79/><V101/><F73/><W117/><G117/><T21/><D77/><U110/><E110/><V12/><F33/><W102/><G102/><T115/><D115/><U66/><E31/><V72/><F72/><W58/><G75/><T126/><D126/><U40/><E63/><V96/><F92/><W16/><G58/><T99/><D86/><U76/><E66/><V54/><F54/><N who="3" m="31815" /><G51/><T118/><D118/><U71/><E71/><V52/><REACH who="2" step="1"/><F67/><REACH who="2" ten="185,152,368,285" step="2"/><W104/><G104/><T0/><D47/><U49/><REACH who="1" step="1"/><E76/><REACH who="1" ten="185,142,368,285" step="2"/><V5/><F5/><W112/><G112/><T95/><D103/><U74/><AGARI ba="0,2" hai="10,13,18,22,26,30,37,38,40,46,49,74,78,81" machi="74" ten="20,8000,1" yaku="1,1,2,1,0,1,7,1,52,1,53,0" doraHai="6" doraHaiUra="132" who="1" fromWho="1" sc="185,-40,142,100,368,-20,285,-20" /><INIT seed="5,0,0,0,1,125" ten="145,242,348,265" oya="1" hai0="81,39,70,102,66,34,77,107,14,80,94,50,45" hai1="26,5,112,90,127,47,35,119,38,100,133,42,8" hai2="74,73,98,21,71,114,83,12,68,15,87,117,41" hai3="25,65,134,51,49,36,85,79,4,86,10,109,6"/><U18/><E119/><V48/><F117/><W2/><G109/><T1/><D34/><U3/><E127/><V9/><F98/><W54/><G36/><T111/><D111/><U118/><E118/><V11/><F21/><W123/><G123/><T78/><D39/><U101/><E112/><V44/><F71/><W67/><G134/><T132/><D1/><U82/><E133/><V62/><F62/><W22/><G6/><T43/><D107/><U88/><E35/><V46/><F46/><W95/><G86/><T23/><D70/><U63/><E63/><V58/><F58/><W93/><G93/><T56/><D132/><U60/><E60/><V104/><F104/><W72/><G72/><T103/><D56/><U91/><E26/><V31/><F31/><W75/><G75/><T106/><D106/><U55/><E18/><V99/><F99/><W96/><G85/><T121/><D121/><U0/><E55/><V97/><F97/><W16/><G79/><T57/><D57/><U61/><E61/><V52/><F41/><W7/><G7/><T33/><D33/><U84/><REACH who="1" step="1"/><E0/><REACH who="1" ten="145,232,348,265" step="2"/><V129/><F114/><W17/><G17/><T113/><D113/><U76/><AGARI ba="0,1" hai="3,5,8,38,42,47,76,82,84,88,90,91,100,101" machi="76" ten="30,11700,0" yaku="1,1,2,1,0,1,54,1,53,0" doraHai="125" doraHaiUra="105" who="1" fromWho="1" sc="145,-39,232,127,348,-39,265,-39" /><INIT seed="5,1,0,0,4,113" ten="106,359,309,226" oya="1" hai0="25,115,79,5,41,83,99,95,76,106,33,49,10" hai1="102,0,121,8,39,122,61,110,120,28,45,37,14" hai2="65,82,43,63,46,77,48,6,85,32,81,30,23" hai3="64,62,66,118,91,87,134,92,90,22,13,17,119"/><U84/><E110/><V94/><F32/><W80/><G134/><T133/><D133/><U109/><E109/><V93/><F6/><W60/><G60/><T54/><D106/><U34/><E0/><V2/><F2/><W135/><G135/><T104/><D104/><U47/><E102/><V125/><F125/><W26/><G26/><T4/><D115/><U40/><E61/><V88/><F23/><W20/><G20/><T71/><D71/><U44/><E40/><V126/><F30/><W123/><G123/><T21/><D33/><U108/><E108/><V18/><F18/><W98/><REACH who="3" step="1"/><G66/><REACH who="3" ten="106,359,309,216" step="2"/><T11/><D11/><U100/><E8/><V89/><F126/><W74/><G74/><T114/><D114/><U131/><E121/><V101/><F101/><W51/><G51/><T129/><D10/><U50/><E100/><V117/><F63/><W107/><G107/><T42/><D4/><U58/><E122/><V59/><F65/><W15/><G15/><T53/><D5/><U75/><E75/><V31/><F48/><W19/><G19/><T16/><D49/><U116/><E120/><V78/><F31/><W111/><G111/><T68/><D16/><U127/><E14/><V1/><F1/><W38/><G38/><T103/><D21/><U35/><E127/><V3/><F3/><W72/><G72/><T27/><D25/><U70/><E28/><V12/><F12/><W130/><G130/><T67/><D129/><U128/><E131/><V56/><F77/><W52/><G52/><T9/><D27/><U69/><E128/><V86/><F78/><RYUUKYOKU ba="1,1" sc="106,-10,359,-10,309,-10,216,30" hai3="13,17,22,62,64,80,87,90,91,92,98,118,119" /><INIT seed="6,2,1,3,5,114" ten="96,349,299,246" oya="2" hai0="122,7,135,13,1,74,88,134,29,99,62,67,111" hai1="78,98,106,97,102,81,24,133,16,101,44,104,89" hai2="4,49,129,35,60,21,124,9,41,34,109,120,87" hai3="95,125,84,110,17,123,54,52,127,45,26,70,38"/><V40/><F120/><W28/><G123/><T128/><D122/><U103/><E133/><V73/><F73/><W64/><G110/><T92/><D111/><U69/><E69/><V96/><F109/><W8/><G64/><T15/><D74/><N who="1" m="43223" /><E16/><V108/><F108/><W105/><G105/><N who="1" m="40554" /><E24/><V20/><F60/><W18/><G70/><T71/><D29/><U68/><E44/><V51/><F96/><N who="1" m="36969" /><E68/><V66/><F66/><W116/><G38/><T100/><D100/><U2/><E2/><V56/><F56/><W19/><G8/><T117/><D1/><U50/><E50/><V118/><F9/><W121/><G121/><T93/><D7/><U76/><E76/><V79/><F79/><W27/><G45/><T11/><D11/><U115/><E115/><V63/><F63/><W80/><G95/><T0/><D93/><U36/><E36/><V58/><F58/><W46/><G46/><T59/><D71/><U30/><E30/><V72/><F4/><W107/><G107/><T42/><D42/><U39/><E39/><V43/><F43/><W113/><G113/><T83/><D0/><U57/><E57/><V37/><F37/><W25/><G28/><T61/><D61/><U82/><E82/><V85/><F41/><W126/><G116/><T53/><D83/><U91/><AGARI ba="2,1" hai="89,91,101,102,103" m="36969,40554,43223" machi="91" ten="40,8000,1" yaku="35,5" doraHai="114" who="1" fromWho="1" sc="96,-22,349,96,299,-42,246,-22" /><INIT seed="7,0,0,3,0,127" ten="74,445,257,224" oya="3" hai0="68,59,67,17,96,38,31,70,24,48,80,111,27" hai1="19,25,91,2,102,123,58,62,72,12,117,45,119" hai2="41,100,106,131,116,81,56,95,57,124,34,30,109" hai3="130,36,128,134,14,4,55,13,74,105,50,112,53"/><W94/><G105/><T1/><D111/><U16/><E2/><V121/><F109/><W98/><G36/><T89/><D1/><U9/><E72/><V118/><F124/><W69/><G74/><T92/><D38/><U3/><E123/><V10/><F41/><W5/><G69/><T120/><D120/><U7/><E102/><V37/><F10/><W90/><G112/><T133/><D133/><U60/><E25/><V107/><F81/><W84/><G134/><T29/><D70/><U44/><E91/><V28/><F37/><W63/><G63/><T83/><D68/><U114/><E19/><V101/><F95/><W46/><G55/><T103/><D17/><U42/><E114/><V125/><F121/><W20/><G20/><T86/><D67/><N who="1" m="39319" /><E42/><V126/><F34/><W23/><G23/><T33/><D59/><U11/><E62/><V47/><F47/><W88/><G5/><T115/><D115/><U8/><E11/><V73/><F73/><W99/><G99/><T108/><D108/><U43/><E43/><V18/><F18/><W78/><G78/><T52/><D103/><U71/><E71/><V76/><F76/><W26/><G26/><T104/><D104/><U97/><E97/><V85/><F85/><W65/><G65/><T32/><REACH who="0" step="1"/><D86/><REACH who="0" ten="64,445,257,224" step="2"/><U39/><E39/><V87/><F87/><W35/><G84/><T64/><D64/><U6/><E16/><V40/><F106/><W129/><G4/><T75/><D75/><U66/><E66/><V51/><F107/><W93/><G46/><T49/><D49/><U22/><E45/><RYUUKYOKU ba="0,1" sc="64,30,445,-10,257,-10,224,-10" hai0="24,27,29,31,32,33,48,52,80,83,89,92,96" owari="94,-40.6,445,54.5,247,4.7,214,-18.6" /></mjloggm>