<mjloggm ver="2.3"><GO type="169" lobby="0"/><UN n0="%E3%83%8A%E3%82%B4%E3%83%A0" n1="%E5%8D%88%E5%BE%8C%E3%82%B4%E3%83%AA%E3%83%A9" n2="%41%72%64%62%65%47" n3="%E6%9F%8A%E5%92%B2%E5%A4%9C" dan="18,16,16,16" rate="2232.80,2141.70,2024.62,2153.24" sx="M,M,M,M"/><TAIKYOKU oya="0"/><INIT seed="0,0,0,5,5,31" ten="250,250,250,250" oya="0" hai0="126,49,34,119,57,108,20,68,106,72,59,74,83" hai1="107,32,62,39,64,21,36,122,86,130,92,110,71" hai2="56,38,113,69,19,95,70,43,17,135,42,5,84" hai3="134,112,91,27,100,109,30,24,61,90,98,18,85"/><T99/><D119/><U65/><E122/><V9/><F113/><W129/><G112/><T22/><D68/><U75/><E75/><V78/><F56/><W103/><G109/><T94/><D106/><U125/><E110/><V101/><F43/><W26/><G134/><T77/><D108/><U50/><E125/><V11/><F42/><W102/><G129/><T97/><D126/><U3/><E3/><V63/><F38/><W132/><G132/><T45/><D34/><U54/><E65/><V40/><F40/><W60/><G18/><T33/><D33/><U25/><E107/><V53/><F11/><W28/><G98/><T35/><D35/><U104/><E104/><V120/><F120/><W96/><G96/><T15/><D74/><U47/><E130/><V88/><F53/><W127/><G85/><T51/><D99/><U79/><E32/><V29/><F101/><W6/><G6/><T82/><D82/><U66/><E66/><V114/><F29/><N who="3" m="11371" /><G127/><T73/><D73/><U128/><E128/><V121/><F70/><W8/><G8/><T116/><D116/><U123/><E123/><V7/><F7/><W46/><G46/><T37/><D37/><U4/><E4/><V89/><F135/><W2/><G2/><T13/><D22/><U117/><E117/><V1/><F114/><W10/><G10/><T23/><D20/><U111/><E111/><V87/><F121/><W52/><G52/><N who="0" m="29743" /><D23/><U55/><E21/><V58/><F69/><W14/><G14/><N who="0" m="5131" /><D51/><N who="1" m="29055" /><E39/><V133/><F133/><W105/><G105/><T118/><D118/><U41/><E36/><RYUUKYOKU ba="0,0" sc="250,15,250,-15,250,-15,250,15" hai0="57,59,72,77,83,94,97" hai3="24,26,27,60,61,90,91,100,102,103" /><INIT seed="0,1,0,5,0,18" ten="265,235,235,265" oya="0" hai0="40,4,57,35,5,123,53,1,65,61,129,50,112" hai1="134,130,16,2,45,117,122,91,86,97,132,127,128" hai2="9,87,17,135,72,90,80,34,24,88,84,49,31" hai3="121,104,82,100,124,30,109,11,13,126,69,28,125"/><T6/><D112/><U116/><E2/><V33/><F135/><N who="1" m="51753" /><E45/><V83/><F72/><W67/><G82/><T56/><D123/><U96/><E16/><V26/><F49/><W44/><G109/><T111/><D129/><N who="1" m="49771" /><E122/><V62/><F62/><N who="3" m="40183" /><G121/><T92/><D111/><U110/><E110/><V115/><F115/><W59/><G100/><T119/><D119/><N who="1" m="45643" /><E127/><V48/><F48/><W106/><G59/><T52/><D35/><U20/><E20/><V75/><F9/><W7/><G44/><T118/><D118/><U37/><E37/><V77/><F17/><W55/><G55/><T66/><D1/><U103/><E103/><V19/><F19/><W78/><G78/><T51/><D40/><U10/><E10/><V113/><F113/><W68/><G68/><T15/><D15/><U8/><E8/><V3/><F3/><W41/><G41/><T107/><D107/><AGARI ba="1,0" hai="7,11,13,28,30,104,106,107,124,125,126" m="40183" machi="107" ten="40,1300,0" yaku="18,1" doraHai="18" who="3" fromWho="0" sc="265,-16,235,0,235,0,265,16" /><INIT seed="1,0,0,0,5,60" ten="249,235,235,281" oya="1" hai0="17,121,97,112,132,65,21,24,122,52,73,93,92" hai1="119,54,118,62,79,29,114,106,117,130,39,48,2" hai2="64,28,105,83,125,120,8,123,95,49,23,20,3" hai3="100,67,107,41,36,110,78,11,53,50,104,9,18"/><U46/><E106/><V0/><F105/><W68/><G110/><T101/><D73/><U82/><E2/><V124/><F83/><W115/><G115/><T51/><D112/><U86/><E114/><V88/><F49/><W126/><G126/><N who="2" m="48745" /><F8/><N who="3" m="3147" /><G18/><T72/><D72/><U35/><E130/><V103/><F103/><W77/><G100/><T6/><D132/><U12/><E12/><V32/><F32/><W108/><G78/><T44/><D6/><U127/><E127/><V66/><F23/><W133/><G108/><T70/><REACH who="0" step="1"/><D93/><REACH who="0" ten="239,235,235,281" step="2"/><U84/><E39/><V10/><F123/><W109/><G36/><T134/><D134/><U43/><E86/><N who="2" m="52631" /><F120/><W45/><G107/><T19/><D19/><U27/><REACH who="1" step="1"/><E62/><AGARI ba="0,1" hai="17,21,24,44,51,52,62,65,70,92,97,101,121,122" machi="62" ten="40,8000,1" yaku="1,1,52,1,54,1,53,1" doraHai="60" doraHaiUra="89" who="0" fromWho="1" sc="239,90,235,-80,235,0,281,0" /><INIT seed="2,0,0,0,5,116" ten="329,155,235,281" oya="2" hai0="18,61,75,113,79,81,17,101,69,34,126,20,5" hai1="121,106,128,45,104,74,92,59,52,93,112,68,120" hai2="119,2,84,77,103,127,105,33,67,89,96,51,32" hai3="109,46,76,40,25,1,134,70,78,43,130,35,83"/><V36/><F119/><W88/><G109/><T100/><D34/><U42/><E68/><V24/><F36/><W57/><G70/><T13/><D113/><U86/><E74/><V80/><F2/><W10/><G134/><T115/><D115/><U129/><E112/><V64/><F127/><W97/><G130/><N who="1" m="50282" /><E106/><V6/><F6/><W16/><G57/><T90/><D126/><U37/><E104/><V11/><F11/><W53/><G1/><T98/><D5/><U9/><E9/><V27/><F51/><N who="3" m="28919" /><G35/><T49/><D49/><N who="1" m="31119" /><E86/><V71/><F71/><W28/><G28/><T99/><D100/><U38/><E38/><V94/><F32/><W19/><G25/><T50/><D101/><U23/><E23/><V133/><F133/><W55/><G55/><T125/><D125/><U14/><E14/><V87/><F27/><W91/><G10/><T72/><D72/><U8/><E8/><V56/><F56/><W3/><G3/><T122/><D18/><N who="3" m="6697" /><G97/><T29/><D99/><U15/><E15/><V66/><REACH who="2" step="1"/><F67/><REACH who="2" ten="329,155,225,281" step="2"/><W135/><G135/><T131/><D50/><U31/><E31/><AGARI ba="0,1" hai="24,31,33,64,66,77,80,84,87,89,94,96,103,105" machi="31" ten="40,3900,0" yaku="1,1,2,1,53,0" doraHai="116" doraHaiUra="108" who="2" fromWho="1" sc="329,0,155,-39,225,49,281,0" /><INIT seed="2,1,0,1,4,76" ten="329,116,274,281" oya="2" hai0="95,23,85,65,27,40,83,41,88,43,11,74,30" hai1="48,80,60,26,118,84,5,87,54,21,92,52,125" hai2="133,34,111,130,31,79,110,36,122,37,102,117,2" hai3="57,121,89,120,93,94,33,81,99,0,77,106,101"/><V86/><F117/><W35/><G0/><T115/><D115/><U119/><E125/><V45/><F122/><N who="3" m="47211" /><G33/><T97/><D74/><U15/><E119/><V22/><F2/><W58/><G35/><T64/><REACH who="0" step="1"/><D11/><REACH who="0" ten="319,116,274,281" step="2"/><N who="1" m="4591" /><E118/><V78/><F133/><W109/><G109/><T100/><AGARI ba="1,1" hai="23,27,30,40,41,43,64,65,83,85,88,95,97,100" machi="100" ten="30,8000,1" yaku="1,1,0,1,8,1,52,1,54,1,53,0" doraHai="76" doraHaiUra="124" who="0" fromWho="0" sc="319,93,116,-21,274,-41,281,-21" /><INIT seed="3,0,0,0,5,55" ten="412,95,233,260" oya="3" hai0="135,61,70,92,129,71,56,60,7,125,86,96,48" hai1="74,81,22,19,41,31,103,93,87,128,3,123,107" hai2="121,91,131,89,127,85,5,53,78,23,84,76,24" hai3="111,134,104,97,15,80,26,59,9,114,65,2,115"/><W14/><G134/><T49/><D129/><U35/><E3/><V126/><F131/><W17/><G2/><T25/><D125/><N who="2" m="47626" /><F5/><W66/><G111/><T119/><D119/><U109/><E128/><V133/><F133/><W75/><G66/><T44/><D135/><U100/><E123/><V105/><F105/><W110/><G110/><T117/><D117/><U122/><E109/><V112/><F112/><W69/><G69/><T120/><D120/><U64/><E122/><V4/><F4/><W106/><G15/><T124/><D61/><U36/><E74/><V13/><F13/><W28/><G75/><T20/><D86/><U62/><E107/><V102/><F102/><W99/><G106/><T11/><D124/><U130/><E130/><V42/><F42/><W21/><G80/><T118/><D118/><U113/><E113/><V98/><F98/><W116/><G116/><T82/><D82/><U12/><E93/><N who="2" m="54439" /><F91/><W8/><G8/><T6/><D70/><U45/><E31/><V38/><F38/><W67/><G99/><T37/><D71/><U51/><E36/><V54/><F85/><W77/><G114/><T18/><D37/><U73/><E73/><V27/><F27/><W16/><G115/><T101/><D11/><U58/><REACH who="1" step="1"/><E35/><REACH who="1" ten="412,85,233,260" step="2"/><V39/><F39/><W34/><G34/><T79/><D92/><U1/><E1/><V46/><F121/><W29/><G104/><T63/><D101/><U94/><E94/><V132/><F132/><W30/><G29/><T90/><D96/><U83/><E83/><V0/><F0/><W88/><G28/><RYUUKYOKU ba="0,1" sc="412,-10,85,30,233,-10,260,-10" hai1="12,19,22,41,45,51,58,62,64,81,87,100,103" /><INIT seed="4,1,1,4,2,61" ten="402,115,223,250" oya="0" hai0="107,91,8,129,20,103,35,85,106,36,2,135,108" hai1="89,115,26,41,60,134,104,48,53,1,52,64,7" hai2="15,14,69,99,28,4,9,95,125,62,79,10,6" hai3="93,87,90,78,118,73,42,111,24,77,82,96,126"/><T46/><D35/><U59/><E104/><V112/><F112/><W109/><G24/><T110/><D103/><U30/><E115/><V130/><F130/><W131/><G42/><N who="0" m="22855" /><D135/><U38/><E7/><V124/><F79/><N who="3" m="44399" /><G118/><T25/><D8/><U55/><E1/><V127/><F28/><W105/><G126/><T76/><D76/><N who="3" m="29289" /><G131/><T34/><D34/><U119/><E119/><V94/><F99/><W47/><G47/><T56/><D56/><U121/><E121/><V27/><F27/><W0/><G0/><T88/><D91/><U54/><E134/><V39/><F39/><W86/><G86/><T12/><D12/><U83/><E38/><V57/><REACH who="2" step="1"/><F69/><REACH who="2" ten="402,115,213,250" step="2"/><W66/><G111/><T114/><D129/><U45/><E89/><V74/><F74/><W123/><G109/><T81/><D114/><U63/><E83/><V72/><F72/><W50/><G96/><T51/><D110/><U75/><E75/><V32/><F32/><W97/><G97/><T33/><D33/><U122/><E122/><V67/><AGARI ba="1,2" hai="4,6,9,10,14,15,57,62,67,94,95,124,125,127" machi="67" ten="30,8000,1" yaku="1,1,0,1,9,1,18,1,52,1,53,0" doraHai="61" doraHaiUra="16" who="2" fromWho="2" sc="402,-41,115,-21,213,103,250,-21" /><INIT seed="5,0,0,4,0,39" ten="361,94,316,229" oya="1" hai0="69,62,68,18,21,119,53,96,44,61,109,65,103" hai1="80,59,120,28,99,42,11,47,111,56,102,9,15" hai2="87,29,97,100,93,54,45,46,101,70,66,8,94" hai3="74,49,125,17,2,112,127,3,24,105,76,43,92"/><U121/><E111/><V107/><F29/><W5/><G105/><T132/><D119/><U55/><E28/><V114/><F8/><W10/><G112/><T88/><D109/><U91/><E121/><V135/><F135/><W7/><G7/><T133/><D88/><U117/><E117/><V131/><F131/><W51/><G3/><T40/><D53/><U31/><E31/><V104/><F54/><W75/><G92/><T4/><D4/><U33/><E33/><V84/><F66/><W122/><G51/><T95/><D62/><U0/><E0/><V48/><F70/><W78/><G122/><T41/><D69/><U126/><E120/><V50/><F97/><W22/><G76/><T106/><D106/><U35/><E35/><V134/><F134/><N who="0" m="51818" /><D44/><U72/><E126/><N who="3" m="48138" /><G78/><T110/><D110/><U108/><E108/><V13/><F114/><W27/><G27/><AGARI ba="0,0" hai="18,21,27,40,41,61,65,68,95,96,103" m="51818" machi="27" ten="30,3900,0" yaku="20,1,52,2" doraHai="39" who="0" fromWho="3" sc="361,39,94,0,316,0,229,-39" /><INIT seed="6,0,0,4,5,71" ten="400,94,316,190" oya="2" hai0="125,50,120,85,3,78,11,65,108,84,29,102,36" hai1="18,60,16,5,105,70,40,53,94,124,55,132,114" hai2="35,49,127,54,91,51,96,87,28,129,72,82,14" hai3="64,13,24,21,27,117,34,2,4,86,9,33,47"/><V76/><F129/><W100/><G117/><T22/><D108/><U73/><E105/><V95/><F127/><W7/><G100/><T63/><D36/><U74/><E124/><V69/><F69/><W44/><G64/><T88/><D120/><U106/><E106/><V41/><F14/><W77/><G47/><T10/><D102/><U62/><E5/><V31/><F35/><N who="3" m="13323" /><G44/><T39/><D39/><U81/><E132/><V128/><F128/><W99/><G86/><T115/><D115/><U48/><E114/><V20/><F49/><W126/><G99/><T79/><D125/><U23/><E40/><V19/><F72/><W30/><G77/><T130/><D3/><U83/><E94/><V107/><F107/><W112/><G126/><T56/><D130/><U0/><E70/><V109/><F109/><W17/><G112/><T101/><D101/><U110/><E48/><V52/><F54/><W15/><G7/><T97/><D97/><U45/><E45/><N who="2" m="27759" /><F41/><W57/><G57/><T32/><D32/><AGARI ba="0,0" hai="2,4,9,13,15,17,21,24,27,30,32" m="13323" machi="32" ten="30,8000,1" yaku="35,5" doraHai="71" who="3" fromWho="0" sc="400,-80,94,0,316,0,190,80" /><INIT seed="7,0,0,4,5,131" ten="320,94,316,270" oya="3" hai0="96,0,47,101,7,3,128,74,2,103,133,86,60" hai1="67,39,121,54,32,125,92,29,8,130,106,50,22" hai2="19,76,23,62,11,115,53,20,49,122,123,10,85" hai3="43,78,16,93,132,89,24,108,17,1,27,26,117"/><W107/><G107/><T100/><D74/><U63/><E92/><V134/><F115/><W35/><G117/><T46/><D128/><U120/><E22/><N who="2" m="8235" /><F134/><W84/><G35/><T25/><D133/><U65/><E8/><V75/><F75/><W12/><G132/><T95/><D25/><U33/><E29/><V129/><F129/><W18/><G1/><T79/><D7/><U70/><E33/><V38/><F38/><W135/><G135/><T69/><D60/><U21/><E21/><V57/><F19/><W51/><G108/><T13/><D13/><U82/><E82/><N who="2" m="47303" /><F62/><W126/><G126/><T30/><D69/><U98/><E32/><V59/><F59/><W15/><REACH who="3" step="1"/><G78/><REACH who="3" ten="320,94,316,260" step="2"/><T41/><D79/><U77/><E77/><V81/><F122/><W68/><G68/><T31/><D30/><U80/><E130/><V4/><F123/><W91/><G91/><T116/><D31/><U104/><E121/><V55/><F4/><W97/><G97/><T94/><D116/><U34/><E120/><V88/><F53/><W66/><G66/><T56/><D96/><U48/><E54/><V114/><F114/><W102/><G102/><T112/><D112/><U127/><E34/><V6/><F6/><W14/><G14/><T36/><D101/><U90/><E70/><V124/><F124/><W99/><G99/><T119/><D119/><U9/><E98/><V5/><F5/><W44/><AGARI ba="0,1" hai="12,15,16,17,18,24,26,27,43,44,51,84,89,93" machi="44" ten="40,12000,1" yaku="1,1,0,1,8,1,54,1,53,0" doraHai="131" doraHaiUra="71" who="3" fromWho="3" sc="320,-40,94,-40,316,-40,260,130" owari="280,8.0,54,-44.6,276,-12.4,390,49.0" /></mjloggm>