<mjloggm ver="2.3"><GO type="169" lobby="0"/><UN n0="%74%77%69%74%63%68" n1="%E3%81%9F%E3%81%8B%E3%81%A3%E3%81%A6%E3%81%83%E3%83%BC" n2="%E6%9F%8A%E5%92%B2%E5%A4%9C" n3="%68%69%72%61%6A%75%6E" dan="16,18,16,16" rate="2129.32,2200.98,2133.41,2070.16" sx="F,F,M,M"/><TAIKYOKU oya="0"/><INIT seed="0,0,0,3,2,60" ten="250,250,250,250" oya="0" hai0="91,85,63,86,52,104,34,108,110,9,71,46,62" hai1="109,132,44,37,3,28,84,127,39,129,80,17,120" hai2="78,135,130,27,119,105,16,58,83,18,131,32,22" hai3="45,10,13,70,12,35,14,99,15,87,56,90,33"/><T133/><D133/><U82/><E120/><V101/><F135/><W67/><G70/><T40/><D34/><U31/><E132/><V98/><F119/><W55/><G99/><T89/><D104/><U121/><E121/><V112/><F112/><W73/><G73/><T134/><D134/><U61/><E3/><V24/><F58/><W54/><G45/><T53/><D9/><U1/><E1/><V65/><F65/><W93/><G35/><T117/><D40/><U29/><E109/><N who="0" m="42089" /><D117/><U94/><E127/><V64/><F64/><W57/><G33/><T21/><D21/><U123/><E123/><V41/><F41/><W111/><G111/><T125/><D125/><U106/><E106/><V36/><F36/><W74/><G74/><T7/><D7/><U72/><E72/><V4/><F4/><W126/><G126/><T107/><D107/><U114/><E39/><V102/><F32/><W59/><REACH who="3" step="1"/><G67/><REACH who="3" ten="250,250,250,240" step="2"/><N who="0" m="41463" /><D46/><U68/><E44/><V49/><F105/><W8/><G8/><T5/><D5/><AGARI ba="0,1" hai="5,10,12,13,14,15,54,55,56,57,59,87,90,93" machi="5" ten="40,2600,0" yaku="1,1,8,1,53,0" doraHai="60" doraHaiUra="97" who="3" fromWho="0" sc="250,-26,250,0,250,0,240,36" /><INIT seed="1,0,0,2,2,100" ten="224,250,250,276" oya="1" hai0="132,31,89,68,18,90,48,25,52,107,93,104,124" hai1="113,94,110,116,75,58,64,16,9,53,120,86,28" hai2="83,43,57,42,74,97,69,77,95,34,55,119,114" hai3="33,115,121,20,130,3,131,59,96,14,50,51,23"/><U125/><E113/><V129/><F119/><W21/><G115/><T29/><D68/><U45/><E75/><V128/><F114/><W109/><G121/><T111/><D111/><U112/><E112/><V98/><F69/><W2/><G109/><T108/><D108/><U27/><E116/><V11/><F34/><W40/><G33/><T36/><D36/><U5/><E110/><V123/><F11/><W91/><G14/><T118/><D118/><U80/><E120/><V61/><F98/><W13/><G13/><T1/><D1/><U106/><E125/><V105/><F123/><W127/><G127/><T56/><D132/><U84/><E64/><V101/><REACH who="2" step="1"/><F95/><REACH who="2" ten="224,250,240,276" step="2"/><W38/><G96/><T126/><D126/><U79/><E94/><V85/><F85/><W60/><G131/><AGARI ba="0,1" hai="42,43,55,57,61,74,77,83,97,101,105,128,129,131" machi="131" ten="40,8000,1" yaku="1,1,19,1,52,1,53,1" doraHai="100" doraHaiUra="103" who="2" fromWho="3" sc="224,0,250,0,240,90,276,-80" /><INIT seed="2,0,0,0,1,63" ten="224,250,330,196" oya="2" hai0="80,124,121,78,3,73,11,16,93,29,103,58,44" hai1="115,82,49,87,48,47,20,60,117,105,23,39,101" hai2="7,89,13,8,14,106,19,77,96,6,125,12,86" hai3="102,9,18,52,116,54,72,37,55,98,109,51,17"/><V59/><F125/><W62/><G109/><T53/><D121/><U2/><E115/><V36/><F36/><W112/><G116/><T56/><D124/><U81/><E117/><V28/><F28/><W70/><G112/><T74/><D74/><U41/><E2/><V24/><F106/><W25/><G37/><T131/><D131/><U104/><E39/><V100/><F77/><W130/><G72/><T50/><D29/><U110/><E110/><V118/><F118/><W42/><G130/><T0/><D0/><U79/><E49/><V4/><F24/><W88/><G9/><T126/><D126/><U113/><E113/><V133/><F133/><W38/><G38/><T69/><D69/><U67/><E82/><V34/><F34/><W43/><G102/><T99/><REACH who="0" step="1"/><D3/><REACH who="0" ten="214,250,330,196" step="2"/><U65/><E105/><V135/><F135/><W97/><G70/><T90/><D90/><U45/><E104/><V127/><F127/><W84/><G62/><T75/><D75/><U10/><E60/><V120/><F120/><W22/><G17/><T122/><D122/><U123/><E123/><V71/><F71/><W68/><G68/><T92/><D92/><U94/><E94/><N who="2" m="58391" /><F59/><W15/><G25/><T31/><D31/><U85/><E101/><V1/><F1/><W46/><G42/><T66/><D66/><U134/><E67/><V40/><F40/><W107/><G107/><T83/><D83/><AGARI ba="0,1" hai="4,6,7,8,12,13,14,19,83,86,89" m="58391" machi="83" ten="30,1500,0" yaku="8,1" doraHai="63" who="2" fromWho="0" sc="214,-15,250,0,330,25,196,0" /><AGARI ba="0,0" hai="15,18,22,43,46,51,52,54,55,83,84,88,97,98" machi="83" ten="40,5200,0" yaku="8,1,54,2" doraHai="63" who="3" fromWho="0" sc="199,-52,250,0,355,0,196,52" /><INIT seed="2,1,0,2,2,43" ten="147,250,355,248" oya="2" hai0="3,62,81,70,18,49,66,135,119,12,37,31,126" hai1="17,16,21,125,41,110,100,79,52,60,74,113,132" hai2="42,123,64,44,94,114,36,78,8,56,101,65,32" hai3="2,13,130,89,71,84,5,58,103,105,106,69,133"/><V48/><F114/><W29/><G130/><T111/><D37/><U129/><E113/><V86/><F123/><W20/><G133/><T10/><D111/><U93/><E110/><V92/><F32/><W57/><G2/><T14/><D119/><U98/><E129/><V51/><F36/><W19/><G5/><T112/><D112/><U77/><E132/><V27/><F27/><W53/><G29/><T35/><D135/><U38/><E125/><V40/><F8/><W63/><G57/><T75/><D126/><U118/><E118/><V87/><F56/><W91/><G91/><T1/><D31/><U95/><E74/><V4/><F4/><W33/><G33/><T85/><D35/><U122/><E122/><V54/><F54/><W6/><G6/><T39/><D39/><U7/><E7/><V108/><F101/><W26/><G26/><T25/><D25/><U46/><E93/><V76/><F108/><W61/><G61/><T88/><D75/><U97/><E97/><V34/><F34/><W128/><G128/><T55/><REACH who="0" step="1"/><D12/><REACH who="0" ten="137,250,355,248" step="2"/><U0/><E0/><V104/><F104/><W116/><G116/><T23/><D23/><U102/><E21/><V120/><F120/><W96/><REACH who="3" step="1"/><G106/><REACH who="3" ten="137,250,355,238" step="2"/><T115/><D115/><U117/><E117/><V131/><F131/><W15/><G15/><T72/><D72/><U9/><E38/><V134/><F134/><W107/><G107/><T90/><D90/><U73/><E73/><V47/><AGARI ba="1,2" hai="40,42,44,47,48,51,64,65,76,78,86,87,92,94" machi="47" ten="25,18000,2" yaku="0,1,22,2,8,1,52,2" doraHai="43" who="2" fromWho="2" sc="137,-61,250,-61,355,203,238,-61" /><INIT seed="2,2,0,3,3,83" ten="76,189,558,177" oya="2" hai0="107,21,30,92,46,117,132,127,42,20,124,64,51" hai1="33,43,18,23,87,8,129,15,47,123,122,133,76" hai2="68,38,50,65,72,86,16,37,5,134,105,4,102" hai3="126,32,81,59,131,80,67,128,0,6,75,112,109"/><V108/><F72/><W1/><G32/><T70/><D107/><U48/><E33/><V63/><F134/><W58/><G109/><T62/><D132/><U31/><E133/><V10/><F105/><W41/><G41/><T11/><D117/><U7/><E31/><V120/><F102/><W74/><G67/><T77/><D77/><U36/><E129/><V49/><F49/><W60/><G60/><T34/><D34/><U14/><E36/><V40/><F120/><W26/><G26/><T94/><D11/><U115/><E115/><V79/><F108/><W78/><G126/><T106/><D106/><U91/><REACH who="1" step="1"/><E76/><REACH who="1" ten="76,179,558,177" step="2"/><V55/><F38/><W88/><G78/><T61/><D30/><U101/><E101/><V85/><F79/><W53/><G112/><T28/><D28/><U114/><E114/><V27/><F37/><W66/><G131/><T2/><D127/><U69/><E69/><V56/><F40/><W93/><G128/><T121/><D124/><U135/><E135/><V17/><F5/><W130/><G6/><T29/><D29/><U95/><AGARI ba="2,1" hai="7,8,14,15,18,23,43,47,48,87,91,95,122,123" machi="95" ten="30,4000,0" yaku="1,1,0,1,52,1,53,0" doraHai="83" doraHaiUra="96" who="1" fromWho="1" sc="76,-12,179,56,558,-22,177,-12" /><INIT seed="3,0,0,0,3,38" ten="64,235,536,165" oya="3" hai0="87,65,39,104,2,122,123,66,6,102,130,98,72" hai1="27,60,8,56,71,49,0,135,22,28,26,69,105" hai2="68,67,45,95,99,20,62,88,97,132,84,93,54" hai3="25,82,115,106,44,91,116,52,78,121,77,81,33"/><W40/><G116/><T5/><D72/><U36/><E36/><V100/><F132/><W43/><G121/><T127/><D127/><U3/><E105/><V31/><F54/><W11/><G115/><T46/><D130/><U64/><E135/><V118/><F118/><W21/><G106/><T37/><D2/><U125/><E125/><V19/><F45/><W51/><G33/><T15/><D87/><U101/><E101/><V114/><F114/><W107/><G107/><T79/><D79/><N who="3" m="30217" /><G11/><T92/><D104/><U124/><E124/><V23/><F31/><N who="3" m="17839" /><G91/><T131/><D131/><U18/><E49/><V75/><F75/><W89/><G89/><T108/><D108/><U4/><E0/><V58/><F68/><W103/><G103/><T110/><D110/><U96/><E96/><N who="2" m="59407" /><F20/><AGARI ba="0,0" hai="3,4,8,18,20,22,26,27,28,56,60,64,69,71" machi="20" ten="30,1000,0" yaku="7,1" doraHai="38" who="1" fromWho="2" sc="64,0,235,10,536,-10,165,0" /><INIT seed="4,0,0,2,0,4" ten="64,245,526,165" oya="0" hai0="78,40,13,82,100,113,80,19,8,43,81,102,29" hai1="42,9,93,107,109,10,16,58,37,63,91,88,79" hai2="76,61,115,20,60,74,69,66,110,119,99,12,52" hai3="44,33,45,89,128,39,65,106,27,112,98,28,133"/><T64/><D113/><U31/><E109/><V70/><F110/><W57/><G112/><T50/><D29/><U14/><E107/><V15/><F115/><W7/><G133/><T83/><D64/><U73/><E31/><V1/><F1/><W132/><G132/><T124/><D124/><U85/><E73/><V56/><F70/><W122/><G128/><T116/><D116/><U68/><E68/><V38/><F119/><W97/><G122/><T135/><D135/><U32/><E32/><V36/><F76/><W2/><G39/><T3/><D3/><U62/><E79/><V121/><F74/><W92/><G57/><T111/><D111/><U105/><E105/><V117/><F121/><W72/><G72/><T108/><D108/><U53/><E63/><V34/><F34/><W114/><G65/><T118/><D118/><U101/><E101/><V104/><F117/><W26/><G26/><T120/><D120/><U127/><E127/><V46/><F20/><W131/><G131/><T129/><D129/><U67/><E67/><V0/><F0/><W23/><G33/><T86/><REACH who="0" step="1"/><D50/><REACH who="0" ten="54,245,526,165" step="2"/><U54/><E37/><V55/><F36/><W17/><G2/><T59/><D59/><U21/><E58/><V90/><F38/><W11/><G28/><T134/><D134/><U22/><E62/><V18/><F56/><W75/><G114/><T49/><D49/><U30/><E30/><V96/><F66/><W95/><G45/><T125/><D125/><U71/><E71/><V94/><F46/><W51/><G51/><T48/><D48/><U25/><E53/><RYUUKYOKU ba="0,1" sc="54,30,245,-10,526,-10,165,-10" hai0="8,13,19,40,43,78,80,81,82,83,86,100,102" /><INIT seed="4,1,1,1,5,72" ten="84,235,516,155" oya="0" hai0="100,0,105,42,2,13,51,103,123,113,27,23,86" hai1="1,131,73,52,128,49,76,98,53,26,121,126,125" hai2="45,17,34,79,65,30,78,35,9,59,118,117,82" hai3="112,96,11,92,93,135,94,83,21,88,48,81,75"/><T110/><D123/><U5/><E121/><V109/><F109/><W40/><G135/><T18/><D113/><U22/><E98/><V133/><F133/><W7/><G112/><T60/><D110/><U87/><E73/><V66/><F45/><W25/><G40/><T132/><D132/><U122/><E122/><V107/><F107/><W119/><G119/><N who="2" m="45577" /><F79/><W15/><G48/><T38/><D38/><U106/><E106/><V19/><F30/><W62/><G62/><T29/><D105/><U12/><E1/><V39/><F39/><W95/><REACH who="3" step="1"/><G75/><REACH who="3" ten="84,235,516,145" step="2"/><T36/><D36/><U90/><E49/><V108/><F108/><W8/><G8/><T24/><D60/><U28/><E126/><V104/><F9/><W71/><G71/><T63/><D63/><U43/><E125/><V20/><F59/><W89/><G89/><T4/><D51/><U115/><E90/><V85/><F104/><W46/><G46/><T91/><D42/><U32/><E43/><V56/><F56/><W14/><G14/><T102/><D24/><U47/><E26/><V124/><F124/><W3/><G3/><T44/><D44/><U54/><E12/><N who="2" m="9255" /><F66/><W70/><G70/><T50/><D50/><U58/><E47/><V101/><F65/><W67/><G67/><T57/><D57/><U69/><E69/><V134/><F134/><W99/><G99/><T77/><D77/><U68/><E68/><V97/><F97/><W127/><G127/><T114/><D114/><U84/><E115/><V130/><F78/><W55/><G55/><T41/><D41/><U111/><E53/><RYUUKYOKU ba="1,2" sc="84,-10,235,-10,516,-10,145,30" hai3="7,11,15,21,25,81,83,88,92,93,94,95,96" /><INIT seed="5,2,2,4,2,112" ten="74,225,506,175" oya="1" hai0="14,50,25,28,33,18,48,94,79,87,45,130,97" hai1="12,58,64,11,89,1,81,72,104,27,16,44,54" hai2="17,46,111,63,107,31,7,57,49,126,34,110,109" hai3="75,133,38,5,119,9,3,41,21,93,84,74,22"/><U59/><E104/><V8/><F107/><W62/><G133/><T134/><D134/><U66/><E1/><V105/><F105/><W68/><G84/><T10/><D130/><U91/><E72/><N who="3" m="27690" /><G93/><T70/><D70/><U2/><E2/><V103/><F103/><W129/><G21/><T30/><D30/><U61/><E44/><V86/><F17/><W52/><G22/><T128/><D128/><U132/><E132/><V125/><F31/><W88/><G88/><N who="1" m="33866" /><E81/><V114/><F86/><W40/><G52/><T115/><D115/><U39/><E39/><V47/><F49/><W123/><G41/><T121/><D121/><U65/><E27/><V53/><F34/><W85/><G85/><T78/><D87/><U13/><E12/><V96/><F114/><W117/><G129/><T24/><D24/><U83/><E83/><V95/><F95/><W4/><G4/><T98/><D98/><U99/><E99/><V90/><F96/><W113/><G123/><T108/><D108/><U82/><E82/><V73/><F73/><W76/><G76/><T124/><D124/><N who="2" m="47722" /><F90/><W51/><G113/><T131/><D131/><U92/><E92/><V69/><F69/><W56/><G68/><T19/><D19/><U6/><E6/><V32/><F32/><W80/><G80/><T127/><D127/><U77/><E77/><N who="0" m="29193" /><D45/><U20/><E20/><V60/><F47/><N who="3" m="26087" /><G38/><T135/><D135/><U55/><E59/><V102/><F46/><W26/><G26/><T15/><D15/><U100/><E100/><V67/><F102/><W120/><G120/><T42/><D42/><RYUUKYOKU ba="2,2" sc="74,10,225,10,506,-30,175,10" hai0="10,14,18,25,28,33,48,50,94,97" hai1="11,13,16,54,55,58,61,64,65,66" hai3="3,5,9,56,62,117,119" /><INIT seed="5,3,2,3,2,32" ten="84,235,476,185" oya="1" hai0="59,84,86,108,15,58,64,12,66,54,127,11,70" hai1="22,92,1,124,30,133,35,85,81,69,120,34,99" hai2="104,43,16,116,51,25,121,110,39,105,40,10,118" hai3="46,55,42,129,45,31,96,95,117,97,56,48,27"/><U52/><E120/><V9/><F121/><W109/><G129/><T135/><D108/><U122/><E122/><V38/><F51/><W123/><G123/><T80/><D135/><U75/><E69/><V17/><REACH who="2" step="1"/><F25/><REACH who="2" ten="84,235,466,185" step="2"/><W65/><G109/><AGARI ba="3,3" hai="9,10,16,17,38,39,40,43,104,105,109,110,116,118" machi="109" ten="25,8000,1" yaku="1,1,2,1,22,2,54,1,53,0" doraHai="32" doraHaiUra="98" who="2" fromWho="3" sc="84,0,235,0,466,119,185,-89" /><INIT seed="6,0,0,1,1,115" ten="84,235,585,96" oya="2" hai0="68,98,51,9,95,2,82,127,93,55,54,91,64" hai1="50,42,66,109,41,39,87,44,119,18,6,21,113" hai2="69,57,76,124,85,125,111,101,14,133,79,89,92" hai3="19,47,32,61,135,52,4,112,103,1,48,84,13"/><V33/><F33/><W38/><G135/><T36/><D127/><U74/><E74/><V59/><F69/><W120/><G120/><T118/><D36/><U31/><E109/><V99/><F111/><W26/><G112/><T46/><D68/><U90/><E6/><V53/><F133/><W71/><G103/><T122/><D122/><U7/><E7/><V132/><F132/><W77/><G38/><T27/><D64/><U35/><E66/><V83/><F124/><W106/><G106/><T8/><D2/><U81/><E113/><V60/><F125/><W88/><G71/><T128/><D128/><U67/><E67/><V11/><REACH who="2" step="1"/><F59/><REACH who="2" ten="84,235,575,96" step="2"/><W56/><G32/><T117/><D117/><U30/><E35/><V45/><F45/><W96/><G47/><T134/><D118/><U22/><E44/><V29/><F29/><W0/><G56/><T126/><D134/><U3/><E31/><V97/><F97/><W49/><G96/><T123/><D126/><U10/><E30/><V100/><F100/><W131/><G131/><T108/><D108/><U78/><E119/><V34/><F34/><W37/><G0/><T43/><D123/><U107/><E3/><V20/><F20/><W116/><G1/><T75/><D98/><U25/><E22/><V5/><AGARI ba="0,1" hai="5,11,14,53,57,60,76,79,83,85,89,92,99,101" machi="5" ten="20,12000,1" yaku="1,1,0,1,7,1,8,1,53,1" doraHai="115" doraHaiUra="80" who="2" fromWho="2" sc="84,-40,235,-40,575,130,96,-40" /><INIT seed="6,1,0,0,1,7" ten="44,195,705,56" oya="2" hai0="96,128,39,125,18,26,42,95,108,52,22,20,58" hai1="34,116,106,9,61,135,72,30,47,19,83,115,81" hai2="35,131,77,0,2,64,36,57,119,112,29,88,24" hai3="110,90,121,14,75,13,1,16,133,114,56,79,10"/><V113/><F36/><W8/><G121/><T84/><D108/><U94/><E106/><V92/><F119/><W76/><G110/><T32/><D32/><U50/><E72/><V17/><F77/><N who="3" m="29771" /><G1/><T117/><D128/><U40/><E116/><V86/><F131/><W105/><G75/><T63/><D125/><U59/><E30/><V73/><F73/><W67/><G105/><T82/><D117/><U43/><E43/><V122/><F122/><W15/><G133/><T123/><D123/><U89/><E34/><V129/><F129/><W60/><G114/><N who="2" m="44137" /><F17/><N who="3" m="8359" /><G90/><T91/><D39/><U80/><E115/><V71/><F71/><W74/><G74/><T51/><D22/><U69/><E69/><V27/><F27/><W62/><G62/><AGARI ba="1,0" hai="0,2,24,29,35,57,62,64,86,88,92" m="44137" machi="62" ten="30,2900,0" yaku="15,1,54,1" doraHai="7" who="2" fromWho="3" sc="44,0,195,0,705,32,56,-32" /><INIT seed="6,2,0,5,3,11" ten="44,195,737,24" oya="2" hai0="76,126,90,10,104,19,99,69,34,21,120,81,28" hai1="91,88,78,132,117,70,55,57,54,68,77,23,73" hai2="56,96,6,61,49,24,113,119,71,112,8,124,102" hai3="110,84,7,9,121,98,86,125,3,131,83,65,17"/><V14/><F119/><W72/><G121/><T97/><D120/><U47/><E117/><V13/><F124/><W114/><G110/><T75/><D69/><U59/><E47/><V64/><F24/><W38/><G131/><T105/><D126/><U15/><E73/><V106/><F71/><W26/><G125/><T43/><D34/><U80/><E23/><V45/><REACH who="2" step="1"/><F14/><REACH who="2" ten="44,195,727,24" step="2"/><W133/><G133/><T33/><D33/><U22/><E15/><V46/><F46/><W2/><G114/><T94/><D28/><U29/><E29/><V74/><F74/><W30/><G2/><T100/><D75/><U85/><E70/><V40/><AGARI ba="2,1" hai="6,8,13,40,45,49,56,61,64,96,102,106,112,113" machi="40" ten="30,11700,0" yaku="1,1,0,1,52,1,53,1" doraHai="11" doraHaiUra="4" who="2" fromWho="2" sc="44,-41,195,-41,727,133,24,-41" owari="3,-39.7,154,-4.6,860,96.0,-17,-51.7" /></mjloggm>