<mjloggm ver="2.3"><GO type="169" lobby="0"/><UN n0="%E5%8D%88%E5%BE%8C%E3%82%B4%E3%83%AA%E3%83%A9" n1="%E3%82%86%E3%83%BC%E3%82%84%2E%74" n2="%E7%9C%9F%E3%81%AE%E9%9B%80%E5%A3%AB%E3%81%86%E3%81%BE%E3%81%9F%E3%82%93" n3="%46%72%6F%6E" dan="16,17,17,16" rate="2169.27,2199.89,2128.92,2118.86" sx="M,M,M,M"/><TAIKYOKU oya="0"/><INIT seed="0,0,0,4,0,106" ten="250,250,250,250" oya="0" hai0="92,63,42,114,86,81,44,61,24,75,87,120,56" hai1="30,125,64,88,41,90,84,13,105,123,23,116,1" hai2="60,33,28,26,126,47,66,59,3,18,129,93,89" hai3="53,25,113,16,21,49,38,35,96,117,20,79,94"/><T50/><D114/><U85/><E116/><V43/><F126/><W51/><G117/><T62/><D120/><U124/><E123/><V48/><F129/><W7/><G38/><T68/><D68/><U80/><E1/><V46/><F3/><W22/><G35/><T40/><D40/><U14/><E105/><V134/><F134/><W27/><G7/><T132/><D132/><U74/><E41/><V95/><F47/><W57/><G113/><T69/><D69/><U100/><E100/><V115/><F115/><W36/><G36/><T77/><D24/><N who="1" m="16671" /><E74/><V10/><F89/><W32/><G32/><T118/><D118/><U39/><E64/><V8/><F8/><W111/><G111/><T9/><D56/><U103/><E103/><V99/><F99/><W5/><G5/><T98/><REACH who="0" step="1"/><D9/><REACH who="0" ten="240,250,250,250" step="2"/><U6/><E124/><V130/><F130/><W135/><G135/><T119/><D119/><U54/><E125/><V12/><AGARI ba="0,1" hai="10,12,18,26,28,33,43,46,48,59,60,66,93,95" machi="12" ten="30,1100,0" yaku="0,1" doraHai="106" who="2" fromWho="2" sc="240,-5,250,-3,250,21,250,-3" /><INIT seed="1,0,0,1,3,8" ten="235,247,271,247" oya="1" hai0="0,59,107,32,52,111,90,105,41,51,19,83,99" hai1="34,4,28,104,77,87,44,110,48,12,76,58,130" hai2="93,17,94,73,78,3,37,128,11,43,26,113,42" hai3="131,98,7,127,85,69,2,1,15,116,62,133,81"/><U82/><E104/><V14/><F128/><W10/><G131/><T60/><D0/><U121/><E130/><V13/><F113/><W50/><G133/><T135/><D135/><U134/><E134/><V39/><F3/><W29/><G127/><T108/><D32/><U65/><E121/><V6/><F26/><W9/><G116/><T114/><D114/><U72/><E72/><V106/><F106/><W16/><G29/><T97/><D97/><U89/><E110/><V67/><F67/><W100/><G1/><T25/><D83/><U70/><E70/><V21/><F73/><W55/><G62/><T86/><D86/><U103/><E103/><V79/><F37/><W36/><G36/><T123/><D123/><U95/><E28/><V96/><F39/><W126/><G126/><T132/><D132/><U33/><E58/><V30/><F30/><W115/><G69/><T38/><D38/><U63/><E63/><V45/><F94/><W120/><G115/><T92/><D41/><N who="2" m="15370" /><F45/><W71/><G71/><T118/><D118/><U53/><E65/><V125/><F125/><W35/><G35/><T27/><D51/><U122/><E122/><V88/><AGARI ba="0,0" hai="6,11,13,14,17,21,78,79,88,93,96" m="15370" machi="88" ten="30,7900,0" yaku="8,1,52,2,54,1" doraHai="8" who="2" fromWho="2" sc="235,-20,247,-39,271,79,247,-20" /><INIT seed="2,0,0,5,3,24" ten="215,208,350,227" oya="2" hai0="90,91,26,20,77,5,85,60,57,22,92,87,113" hai1="76,108,69,27,95,30,135,3,70,9,47,97,102" hai2="134,122,67,115,82,106,129,10,0,21,19,80,33" hai3="125,45,101,16,66,48,44,64,130,59,12,109,62"/><V123/><F106/><W15/><G109/><T83/><D113/><U117/><E117/><V63/><F115/><W98/><G130/><T78/><D5/><U72/><E108/><V84/><F129/><W1/><G1/><T75/><D75/><U81/><E135/><V36/><F36/><W37/><G125/><T73/><D73/><U32/><REACH who="1" step="1"/><E47/><REACH who="1" ten="215,198,350,227" step="2"/><V127/><F134/><W58/><G44/><T111/><D111/><U116/><E116/><V4/><F127/><W96/><G37/><T71/><D71/><U100/><E100/><V118/><F118/><W99/><G101/><T38/><D38/><U74/><E74/><V131/><F131/><W93/><G45/><T13/><D13/><U41/><E41/><V94/><F123/><W34/><G12/><T42/><D42/><U14/><E14/><V31/><F122/><W8/><G34/><T29/><REACH who="0" step="1"/><D20/><REACH who="0" ten="205,198,350,227" step="2"/><U11/><E11/><N who="2" m="2439" /><F21/><W79/><G8/><T128/><D128/><U89/><E89/><V110/><F10/><W126/><G126/><T51/><D51/><U103/><E103/><V88/><F110/><W39/><G39/><T2/><D2/><U65/><E65/><AGARI ba="0,2" hai="22,26,29,57,60,65,77,78,83,85,87,90,91,92" machi="65" ten="30,7700,0" yaku="1,1,7,1,8,1,52,1,53,0" doraHai="24" doraHaiUra="35" who="0" fromWho="1" sc="205,97,198,-77,350,0,227,0" /><INIT seed="3,0,0,4,2,58" ten="302,121,350,227" oya="3" hai0="127,21,61,44,65,22,120,95,98,94,81,53,125" hai1="68,113,36,103,20,10,91,43,107,79,13,0,109" hai2="105,18,26,38,59,99,102,112,135,63,9,88,117" hai3="14,55,123,32,3,66,4,29,52,85,6,84,16"/><W2/><G123/><T67/><D120/><U133/><E113/><V64/><F112/><W73/><G73/><T11/><D81/><U82/><E109/><V46/><F117/><W31/><G66/><T89/><D67/><U1/><E133/><V37/><F135/><W70/><G14/><T124/><D11/><U17/><E68/><V119/><F119/><W93/><G93/><T60/><D95/><U129/><E129/><V25/><F25/><W110/><G70/><N who="0" m="42279" /><D44/><U101/><E91/><V106/><F106/><W49/><G49/><T35/><D35/><U134/><E134/><V130/><F130/><W15/><G15/><T75/><D75/><N who="1" m="43391" /><E1/><V77/><F46/><W8/><G32/><T47/><D47/><N who="1" m="24039" /><E107/><V27/><F105/><W86/><G110/><T128/><D128/><U54/><E54/><V12/><F64/><W122/><G122/><T114/><D114/><U56/><E56/><AGARI ba="0,0" hai="21,22,53,56,61,89,94,98,124,125,127" m="42279" machi="56" ten="30,3900,0" yaku="18,1,52,2" doraHai="58" who="0" fromWho="1" sc="302,39,121,-39,350,0,227,0" /><INIT seed="4,0,0,0,2,93" ten="341,82,350,227" oya="0" hai0="132,24,121,99,56,81,102,16,38,5,77,127,40" hai1="78,125,79,22,70,68,30,100,26,91,59,119,47" hai2="9,126,21,54,6,0,12,73,130,123,83,115,75" hai3="20,52,104,28,7,27,116,13,128,3,63,49,114"/><T10/><D121/><U74/><E119/><V2/><F123/><W113/><G116/><T122/><D122/><U15/><E125/><V57/><F115/><W134/><G128/><T65/><D127/><U1/><E1/><V48/><F126/><W8/><G134/><T82/><D132/><U131/><E131/><V96/><F130/><W39/><G39/><T72/><D82/><U95/><E100/><V55/><F96/><W124/><G124/><T90/><D90/><U71/><E74/><V31/><F75/><W117/><G117/><T4/><D40/><U105/><E105/><V101/><F101/><W111/><G104/><T25/><D38/><U18/><E59/><V107/><F107/><W37/><G37/><T108/><D108/><U51/><E51/><V135/><F83/><W44/><G111/><T62/><D25/><U17/><E47/><V87/><F73/><W23/><G63/><T41/><D41/><U66/><E66/><V86/><F135/><W43/><G43/><T112/><D112/><N who="3" m="43113" /><G3/><T36/><D36/><U85/><REACH who="1" step="1"/><E18/><REACH who="1" ten="341,72,350,227" step="2"/><V106/><F0/><W97/><G97/><T45/><D45/><U89/><E89/><V98/><F2/><W11/><G11/><AGARI ba="0,1" hai="11,15,17,22,26,30,68,70,71,78,79,85,91,95" machi="11" ten="40,1300,0" yaku="1,1,53,0" doraHai="93" doraHaiUra="76" who="1" fromWho="3" sc="341,0,72,23,350,0,227,-13" /><INIT seed="5,0,0,1,3,124" ten="341,95,350,214" oya="1" hai0="84,60,54,107,34,7,4,121,131,62,20,90,6" hai1="130,47,103,69,49,128,110,81,89,111,101,32,129" hai2="67,113,115,119,75,36,100,87,79,73,52,92,56" hai3="11,83,14,95,68,77,33,85,0,70,23,19,31"/><U91/><E69/><V24/><F36/><W41/><G41/><T29/><D34/><U57/><E32/><V132/><F67/><W21/><G21/><T30/><D107/><U109/><E57/><V126/><F24/><N who="3" m="18663" /><G95/><T114/><D121/><U17/><E17/><V50/><F119/><W93/><G93/><T65/><D114/><N who="2" m="43530" /><F132/><W53/><G53/><T1/><D1/><U59/><E59/><V10/><F10/><W102/><G102/><N who="1" m="38922" /><E81/><N who="2" m="47551" /><F126/><W3/><G3/><T98/><D65/><U15/><E15/><V123/><F123/><W35/><G35/><T22/><D54/><AGARI ba="0,0" hai="47,49,54,89,91,109,110,111,128,129,130" m="38922" machi="54" ten="40,12000,1" yaku="10,1,19,1,52,3" doraHai="124" who="1" fromWho="0" sc="341,-120,95,120,350,0,214,0" /><INIT seed="5,1,0,3,2,66" ten="221,215,350,214" oya="1" hai0="123,52,45,75,22,58,129,69,99,33,104,113,107" hai1="20,100,15,21,80,103,106,86,28,51,92,115,131" hai2="125,93,124,24,37,44,68,29,54,12,127,49,105" hai3="65,62,18,5,102,72,60,47,97,50,117,109,59"/><U43/><E106/><V63/><F105/><W96/><G109/><T91/><D75/><U122/><E122/><V116/><F116/><W108/><G108/><T34/><D123/><U101/><E115/><V126/><F126/><W120/><G120/><T36/><D113/><U39/><E39/><V76/><F37/><W84/><G72/><T88/><D129/><U61/><E131/><V46/><F76/><W3/><G117/><T4/><D4/><U78/><E61/><V25/><F12/><W134/><G134/><T7/><D7/><U42/><E92/><V118/><F118/><W32/><G32/><T23/><D36/><U71/><E71/><V41/><F93/><W77/><G18/><T40/><D45/><U35/><E35/><V82/><F82/><W133/><G62/><T128/><D128/><U10/><E28/><V73/><F73/><W90/><G77/><T70/><D58/><U89/><E89/><V38/><F29/><W98/><G133/><T8/><D40/><N who="1" m="15403" /><E51/><N who="2" m="29031" /><F38/><W19/><G102/><T14/><D14/><U112/><E112/><V2/><F2/><W13/><G3/><T1/><D1/><U27/><E27/><N who="2" m="10315" /><F63/><W9/><G5/><AGARI ba="1,0" hai="5,10,15,20,21,78,80,86,100,101,103" m="15403" machi="5" ten="30,1500,0" yaku="8,1" doraHai="66" who="1" fromWho="3" sc="221,0,215,18,350,0,214,-18" /><INIT seed="5,2,0,0,3,58" ten="221,233,350,196" oya="1" hai0="76,128,61,65,107,22,62,90,92,78,130,69,115" hai1="8,98,113,32,34,13,33,45,126,21,11,123,79" hai2="71,121,31,18,59,91,14,64,105,10,114,82,96" hai3="86,74,1,80,83,48,66,40,60,112,131,37,6"/><U26/><E79/><V77/><F121/><W5/><G112/><T63/><D107/><U89/><E45/><V118/><F118/><W28/><G131/><N who="0" m="50219" /><D115/><U119/><E113/><V97/><F114/><W25/><G37/><T125/><D125/><U122/><E89/><V30/><F71/><W43/><G74/><T42/><D42/><U134/><E98/><N who="2" m="37995" /><F77/><N who="0" m="29802" /><D22/><U56/><E126/><V36/><F36/><W70/><G80/><T72/><D72/><U46/><E21/><V111/><F111/><W54/><G40/><T20/><D20/><U116/><E33/><V52/><F64/><W41/><G41/><T39/><D39/><U9/><E34/><V129/><F105/><W99/><G43/><T53/><D53/><U109/><E32/><V47/><F47/><W93/><G28/><T35/><D35/><U29/><E46/><V132/><F129/><W88/><G25/><T38/><D38/><U0/><E26/><V16/><F31/><W102/><REACH who="3" step="1"/><G1/><REACH who="3" ten="221,233,350,186" step="2"/><T49/><D49/><U85/><E0/><V2/><F30/><W94/><G94/><T23/><D23/><U133/><E29/><V117/><F2/><W104/><G104/><T75/><D75/><U73/><E73/><V81/><F82/><W67/><G67/><T12/><D12/><U3/><E13/><V124/><F81/><W110/><G110/><T57/><D69/><U4/><E3/><V120/><F14/><W68/><G68/><T103/><D103/><U24/><E24/><V17/><F124/><W51/><G51/><T101/><D101/><U127/><E127/><V135/><F91/><RYUUKYOKU ba="2,1" sc="221,15,233,-15,350,-15,186,15" hai0="57,61,62,63,65,90,92" hai3="5,6,48,54,60,66,70,83,86,88,93,99,102" /><INIT seed="6,3,1,1,3,116" ten="236,218,335,201" oya="2" hai0="80,77,30,46,99,54,128,109,73,43,83,111,132" hai1="23,90,129,32,108,105,11,69,106,3,33,70,50" hai2="76,102,55,95,21,86,6,75,131,67,42,114,14" hai3="64,113,47,79,19,39,20,85,38,0,29,120,117"/><V60/><F114/><W13/><G117/><T123/><D30/><U5/><E50/><V4/><F131/><W34/><G0/><T130/><D54/><U52/><E23/><V22/><F55/><W89/><G113/><T65/><D65/><U10/><E90/><V57/><F42/><W12/><G79/><N who="0" m="44143" /><D46/><U134/><E52/><V58/><F75/><W98/><G64/><T81/><D43/><U107/><E11/><N who="2" m="4455" /><F6/><W127/><G127/><T26/><D26/><U135/><E108/><N who="0" m="41545" /><D132/><N who="1" m="50731" /><E129/><N who="0" m="49769" /><D77/><U119/><E119/><V24/><F58/><W96/><G13/><T51/><D51/><U53/><E53/><V16/><F22/><W125/><G125/><T115/><D115/><U91/><E91/><N who="2" m="53751" /><F76/><W88/><G39/><T101/><D123/><U87/><E87/><V104/><F21/><W31/><G120/><T122/><D122/><U49/><E49/><V62/><F24/><W66/><G38/><T124/><D124/><U44/><E44/><V9/><F57/><W103/><G47/><T28/><D28/><N who="3" m="10825" /><G34/><AGARI ba="3,1" hai="3,5,10,32,33,34,69,70,105,106,107" m="50731" machi="34" ten="40,2600,0" yaku="20,1,23,1" doraHai="116" who="1" fromWho="3" sc="236,0,218,45,335,0,201,-35" /><INIT seed="7,0,0,2,5,119" ten="236,263,335,166" oya="3" hai0="60,129,111,95,102,63,88,21,13,81,84,50,133" hai1="69,59,42,0,98,104,16,79,4,70,75,74,37" hai2="71,2,105,65,57,48,96,67,90,94,124,35,126" hai3="23,41,134,40,27,78,44,62,85,131,14,33,15"/><W3/><G134/><T17/><D111/><U66/><E59/><V46/><F2/><W54/><G131/><T135/><D129/><U128/><E16/><V43/><F71/><W6/><G3/><T132/><D50/><U118/><E118/><V25/><F105/><W10/><G33/><T117/><D117/><U39/><E128/><V112/><F112/><W55/><G14/><T109/><D109/><U38/><E42/><V58/><F58/><W107/><G107/><T121/><D121/><U49/><E49/><V93/><F93/><W116/><G116/><T110/><D110/><U97/><E97/><V53/><F25/><W114/><G114/><T47/><D47/><U28/><E28/><V86/><F96/><W7/><G7/><T29/><D29/><U1/><E1/><V9/><F35/><W11/><G11/><T18/><D102/><N who="1" m="62551" /><E79/><V36/><F9/><W108/><G108/><T32/><D32/><U64/><E64/><V123/><F123/><W125/><G125/><AGARI ba="0,0" hai="36,43,46,48,53,57,65,67,86,90,94,124,125,126" machi="125" ten="40,1300,0" yaku="18,1" doraHai="119" who="2" fromWho="3" sc="236,0,263,0,335,13,166,-13" owari="236,-16.4,263,6.3,348,44.8,153,-34.7" /></mjloggm>