<mjloggm ver="2.3"><GO type="169" lobby="0"/><UN n0="%6E%61%76%65%6C" n1="%E3%81%9F%E3%81%8B%E3%81%A3%E3%81%A6%E3%81%83%E3%83%BC" n2="%E3%81%8B%E3%81%A5%E3%81%8D%EF%BC%B8%EF%BC%A9" n3="%E3%80%8E%53%65%63%72%65%74%E3%80%8F" dan="16,18,18,16" rate="2092.68,2193.92,2185.39,2100.10" sx="M,F,M,M"/><TAIKYOKU oya="0"/><INIT seed="0,0,0,2,1,63" ten="250,250,250,250" oya="0" hai0="71,5,86,24,44,118,104,130,59,0,23,134,38" hai1="26,74,1,12,77,7,8,40,61,46,107,16,52" hai2="32,22,88,129,111,120,20,93,116,89,54,65,124" hai3="39,114,21,83,100,3,119,49,98,43,37,94,125"/><T73/><D118/><U18/><E107/><V131/><F111/><W66/><G114/><T25/><D71/><U36/><E26/><V30/><F54/><W87/><G119/><T99/><D73/><U96/><E96/><V121/><F93/><W75/><G125/><T108/><D108/><U101/><E101/><V76/><F30/><W82/><G3/><T55/><D134/><U31/><E31/><V122/><F76/><W135/><G135/><T9/><D130/><U42/><E42/><V132/><F32/><W112/><G82/><T123/><D123/><U6/><E6/><V64/><F116/><W10/><G112/><T103/><D86/><U48/><E61/><V72/><F72/><W105/><G10/><T11/><D11/><U19/><E74/><V117/><F117/><W58/><G21/><N who="2" m="8297" /><F124/><W95/><G75/><T53/><D23/><U70/><E77/><V60/><F60/><N who="3" m="38167" /><G105/><T41/><REACH who="0" step="1"/><D55/><REACH who="0" ten="240,250,250,250" step="2"/><U102/><E70/><V126/><F126/><W14/><G87/><T13/><D13/><U57/><E1/><V133/><F133/><W90/><G14/><T62/><AGARI ba="0,1" hai="0,5,9,24,25,38,41,44,53,59,62,99,103,104" machi="62" ten="20,3900,0" yaku="1,1,0,1,7,1,53,0" doraHai="63" doraHaiUra="115" who="0" fromWho="0" sc="240,49,250,-13,250,-13,250,-13" /><INIT seed="0,1,0,0,3,128" ten="289,237,237,237" oya="0" hai0="73,29,75,19,90,9,100,65,95,127,91,23,72" hai1="110,86,102,53,79,62,12,113,54,37,125,26,20" hai2="132,97,124,107,28,7,48,134,98,25,67,61,121" hai3="58,22,14,0,47,27,84,2,49,21,64,126,92"/><T109/><D127/><U13/><E37/><V115/><F121/><W35/><G126/><T85/><D29/><U45/><E125/><V88/><F115/><W108/><G108/><T41/><D109/><U50/><E110/><V17/><F7/><W131/><G131/><T77/><D65/><U119/><E119/><V103/><F17/><W130/><G35/><T135/><D9/><U43/><E113/><V93/><F48/><W94/><G130/><T117/><D41/><U104/><E102/><V55/><F55/><N who="1" m="21001" /><E62/><V111/><F111/><W122/><G122/><T51/><D51/><U33/><E104/><V39/><F39/><W82/><G0/><T38/><D38/><U89/><E79/><V96/><F96/><W57/><G2/><T52/><D52/><U118/><E33/><N who="2" m="20623" /><F124/><W87/><G49/><T83/><D117/><U36/><E36/><V15/><F15/><W74/><G14/><T112/><D112/><U63/><E63/><V46/><F46/><W18/><G47/><T59/><D59/><U71/><E71/><V114/><F114/><W123/><G123/><T66/><D66/><U42/><E42/><V34/><F34/><W68/><G64/><T40/><D40/><U133/><E118/><V44/><F44/><W5/><G68/><AGARI ba="1,0" hai="61,67,68,88,93,97,98,103,107,132,134" m="20623" machi="68" ten="30,7700,0" yaku="25,1,52,2,54,1" doraHai="128" who="2" fromWho="3" sc="289,0,237,0,237,80,237,-80" /><INIT seed="1,0,0,2,1,118" ten="289,237,317,157" oya="1" hai0="76,46,67,64,54,31,116,83,6,97,122,4,133" hai1="43,110,106,130,49,124,109,35,105,36,117,113,100" hai2="79,20,55,28,1,63,60,47,16,38,126,94,45" hai3="103,22,27,15,75,70,7,2,62,86,134,115,19"/><U114/><E35/><V53/><F1/><W90/><G115/><N who="1" m="44042" /><E36/><V0/><F126/><W88/><G134/><T58/><D116/><U123/><E43/><V85/><F0/><W11/><G75/><T17/><D133/><U98/><E49/><V93/><F28/><W57/><G103/><T104/><D31/><U132/><E132/><V91/><F38/><W18/><G70/><T102/><D122/><U127/><E117/><V95/><F79/><W23/><REACH who="3" step="1"/><G86/><REACH who="3" ten="289,237,317,147" step="2"/><T121/><D102/><U51/><E130/><V8/><F85/><W34/><G34/><T87/><D87/><U59/><E106/><V78/><F78/><W24/><G24/><T26/><D26/><U52/><E123/><V80/><F91/><W61/><G61/><T81/><D76/><U99/><E99/><V32/><F32/><W111/><G111/><AGARI ba="0,1" hai="51,52,59,98,100,105,109,110,111,124,127" m="44042" machi="111" ten="30,5800,0" yaku="14,1,10,1,54,1" doraHai="118" who="1" fromWho="3" sc="289,0,237,68,317,0,147,-58" /><INIT seed="1,1,0,0,2,117" ten="289,305,317,89" oya="1" hai0="111,76,89,74,114,10,57,4,7,18,66,134,2" hai1="43,83,70,9,127,130,53,93,0,58,34,22,77" hai2="23,101,51,64,38,90,24,123,135,104,50,32,96" hai3="48,118,20,60,107,68,98,14,85,119,128,122,72"/><U109/><E34/><V44/><F135/><W28/><G128/><T33/><D114/><U124/><E70/><V99/><F64/><W94/><G72/><T63/><D134/><U92/><E130/><V79/><F32/><W17/><G107/><T129/><D33/><U75/><E43/><V80/><F90/><W11/><G85/><T133/><D133/><U37/><E37/><V108/><F99/><W15/><G48/><T120/><D111/><U5/><E109/><V100/><F100/><W59/><G68/><T29/><D29/><U95/><REACH who="1" step="1"/><E22/><REACH who="1" ten="289,295,317,89" step="2"/><V30/><F108/><W6/><G122/><T73/><D129/><U81/><E81/><V12/><F123/><W26/><G118/><T40/><D40/><U61/><AGARI ba="1,1" hai="0,5,9,53,58,61,75,77,83,92,93,95,124,127" machi="61" ten="30,12000,1" yaku="1,1,0,1,53,3" doraHai="117" doraHaiUra="88" who="1" fromWho="1" sc="289,-41,295,133,317,-41,89,-41" /><INIT seed="1,2,0,1,5,26" ten="248,428,276,48" oya="1" hai0="38,43,59,57,119,123,0,79,96,72,16,105,58" hai1="21,95,128,111,110,18,134,87,37,22,121,118,64" hai2="40,4,78,116,25,6,41,85,71,81,46,5,126" hai3="103,82,98,14,94,52,99,60,125,90,77,9,23"/><U36/><E118/><V101/><F71/><W73/><G125/><T135/><D119/><U122/><E64/><V66/><F126/><W88/><G23/><T35/><D123/><U131/><E95/><V1/><F66/><W27/><G27/><T69/><D135/><U104/><E87/><V133/><F133/><W19/><REACH who="3" step="1"/><G99/><REACH who="3" ten="248,428,276,38" step="2"/><T55/><D96/><U89/><E134/><V100/><F116/><W65/><G65/><T45/><D35/><U132/><E132/><V24/><F1/><W91/><G91/><T39/><D0/><U33/><E33/><V84/><F24/><W20/><G20/><T2/><D2/><U68/><E89/><V12/><F25/><W107/><G107/><T13/><D105/><U75/><E104/><V15/><F101/><W112/><G112/><T80/><D69/><U29/><E68/><V7/><F100/><W48/><G48/><T109/><D39/><U67/><E67/><V56/><F12/><W17/><G17/><T3/><D3/><U47/><E18/><V124/><F15/><W34/><G34/><T115/><D115/><U28/><E75/><V93/><F124/><W114/><G114/><T97/><D97/><U102/><E102/><V108/><F5/><W120/><G120/><T51/><REACH who="0" step="1"/><D109/><REACH who="0" ten="238,428,276,38" step="2"/><U10/><E111/><V53/><F108/><W113/><G113/><T49/><D49/><U11/><E110/><V127/><F127/><W8/><G8/><AGARI ba="2,2" hai="8,13,16,38,43,45,51,55,57,58,59,72,79,80" machi="8" ten="30,3900,0" yaku="1,1,7,1,54,1,53,0" doraHai="26" doraHaiUra="61" who="0" fromWho="3" sc="238,65,428,0,276,0,38,-45" owari="303,10.3,428,52.8,276,-12.4,-7,-50.7" /></mjloggm>