<mjloggm ver="2.3"><GO type="169" lobby="0"/><UN n0="%E3%82%AD%E3%83%AA%E3%83%B3%E3%83%AA%E3%82%AD%E5%BF%AB" n1="%E8%BE%9B%E5%8F%A3%E3%82%AB%E3%83%AC%E3%83%BC%E3%83%A9%E3%82%A4%E3%82%B9" n2="%E4%B8%8A%E6%B5%B7%E3%83%8B%E3%83%83%E3%82%AF" n3="%E3%82%AB%E3%82%B6%E3%83%A9%E3%82%AD" dan="17,16,17,17" rate="2213.40,2135.48,2180.50,2147.73" sx="M,M,M,M"/><TAIKYOKU oya="0"/><INIT seed="0,0,0,1,5,48" ten="250,250,250,250" oya="0" hai0="96,120,64,126,106,9,108,31,2,116,38,67,102" hai1="22,5,92,43,17,57,95,58,34,60,70,1,46" hai2="27,90,94,69,112,56,4,15,135,117,80,75,118" hai3="26,115,128,133,63,129,21,81,99,53,84,119,55"/><T78/><D116/><N who="2" m="44650" /><F69/><W30/><G119/><T97/><D120/><U12/><E34/><V50/><F112/><W121/><G115/><T101/><D126/><U42/><E70/><V76/><F135/><W122/><G99/><T23/><D38/><U110/><E110/><V113/><F113/><W19/><G30/><T111/><D78/><U14/><E1/><V65/><F27/><W44/><G44/><T54/><D31/><U74/><E74/><V73/><F73/><W124/><G63/><T105/><D23/><U61/><E5/><V132/><F132/><W11/><G11/><T0/><REACH who="0" step="1"/><D9/><REACH who="0" ten="240,250,250,250" step="2"/><U28/><E28/><V89/><F76/><N who="3" m="46119" /><G124/><T8/><D8/><U59/><E22/><V85/><F75/><W49/><G133/><T36/><D36/><U125/><E125/><V88/><F4/><W24/><G24/><T39/><D39/><U18/><E59/><V52/><F15/><W40/><G122/><T16/><D16/><U68/><E68/><V29/><F29/><W72/><G72/><T104/><D104/><U109/><E109/><V51/><F56/><W71/><G71/><T77/><D77/><U45/><AGARI ba="0,1" hai="12,14,17,18,42,43,45,46,57,58,60,61,92,95" machi="45" ten="25,6400,0" yaku="0,1,22,2,8,1" doraHai="48" who="1" fromWho="1" sc="240,-32,250,74,250,-16,250,-16" /><INIT seed="1,0,0,4,4,46" ten="208,324,234,234" oya="1" hai0="70,65,78,71,109,129,99,63,16,30,7,81,44" hai1="50,114,116,108,43,106,117,113,33,125,8,62,132" hai2="96,100,39,101,29,102,104,82,61,24,68,124,127" hai3="110,67,72,2,28,112,27,45,122,98,19,91,83"/><U74/><E74/><V53/><F39/><W66/><G112/><N who="1" m="43114" /><E106/><V6/><F6/><W86/><G122/><T12/><D129/><U32/><E8/><V73/><F53/><W52/><G2/><T49/><D109/><U14/><E14/><V115/><F115/><W135/><G110/><T107/><D7/><U55/><E32/><N who="2" m="20519" /><F101/><W56/><G72/><T10/><D30/><U36/><E33/><V94/><F94/><W51/><G135/><T18/><D18/><U75/><E75/><V60/><F60/><W64/><G98/><T31/><D31/><U5/><E5/><V47/><F47/><W25/><G19/><T23/><D10/><U35/><E35/><V93/><F93/><W76/><G76/><T15/><D15/><U79/><E79/><N who="2" m="44399" /><F102/><W77/><G77/><T103/><D78/><U126/><E108/><V84/><F84/><W9/><G9/><T34/><D34/><U4/><E4/><V123/><F123/><W85/><G85/><T128/><D128/><U130/><E130/><V92/><F92/><W57/><G28/><T22/><D22/><U37/><E132/><V13/><F13/><W38/><G38/><N who="1" m="14954" /><E62/><V54/><F96/><W20/><G20/><T131/><D131/><U120/><E43/><V42/><F42/><W17/><G17/><T3/><D3/><U11/><E11/><V59/><F104/><W119/><G25/><T111/><D111/><U58/><E120/><V88/><F100/><W69/><G27/><T41/><D81/><U133/><E133/><V95/><F68/><AGARI ba="0,0" hai="12,16,23,41,44,49,63,65,68,70,71,99,103,107" machi="68" ten="30,3900,0" yaku="7,1,52,1,54,1" doraHai="46" who="0" fromWho="2" sc="208,39,324,0,234,-39,234,0" /><INIT seed="2,0,0,5,3,131" ten="247,324,195,234" oya="2" hai0="47,69,7,126,97,103,30,84,95,116,60,20,86" hai1="48,76,13,100,9,63,51,39,129,108,21,107,57" hai2="111,135,93,35,128,87,67,33,130,14,64,49,23" hai3="41,75,54,28,24,118,38,82,2,65,52,109,16"/><V43/><F67/><W62/><G118/><T78/><D116/><U132/><E39/><V117/><F117/><W99/><G2/><T134/><D126/><U81/><E129/><N who="2" m="49771" /><F64/><W115/><G109/><T46/><D7/><U104/><E108/><V45/><F111/><W36/><G115/><T106/><D69/><U98/><E21/><V56/><F56/><W80/><G38/><T88/><D134/><U125/><E132/><V73/><F73/><W110/><G110/><T10/><D10/><U42/><E42/><V1/><F1/><W105/><G41/><T96/><D60/><U114/><E107/><V22/><F135/><W18/><G36/><T12/><D12/><U79/><E125/><V0/><F0/><W58/><G75/><T101/><D78/><U123/><E79/><V29/><F14/><W59/><G65/><T77/><D77/><U89/><E89/><N who="2" m="53439" /><F29/><W8/><G99/><T127/><D127/><U44/><E114/><V55/><F55/><W66/><G66/><T17/><D30/><U112/><E112/><V85/><F85/><W70/><G70/><T94/><D84/><U72/><E44/><V120/><F120/><W122/><G122/><T74/><D74/><U50/><E123/><V27/><F27/><W121/><G121/><T15/><AGARI ba="0,0" hai="15,17,20,46,47,86,88,94,95,96,97,101,103,106" machi="15" ten="20,2700,0" yaku="0,1,7,1,54,1" doraHai="131" who="0" fromWho="0" sc="247,27,324,-7,195,-13,234,-7" /><INIT seed="3,0,0,2,1,128" ten="274,317,182,227" oya="3" hai0="101,66,104,135,47,133,103,121,65,23,22,7,84" hai1="11,120,46,4,1,85,76,39,37,81,62,71,113" hai2="117,95,122,5,19,43,118,35,119,116,12,10,114" hai3="107,64,41,108,29,16,74,20,26,99,27,25,100"/><W130/><G130/><T38/><D121/><U34/><E120/><V88/><F122/><W80/><G41/><N who="0" m="22967" /><D7/><U6/><E113/><V0/><F114/><W82/><G108/><T42/><D42/><U93/><E34/><V124/><N who="2" m="29696" /><DORA hai="40" /><V18/><F124/><W109/><G109/><T77/><D84/><U125/><E125/><V115/><F115/><W69/><G74/><T110/><D77/><U75/><E6/><V87/><F35/><W83/><REACH who="3" step="1"/><G29/><REACH who="3" ten="274,317,182,217" step="2"/><T56/><D110/><U58/><E75/><V111/><F111/><W127/><G127/><T2/><D133/><U73/><E73/><V72/><F72/><W70/><G70/><T126/><D135/><U13/><E71/><V60/><F43/><W86/><G86/><T94/><D126/><U78/><E85/><V32/><F32/><W44/><G44/><T54/><D56/><U97/><E46/><V50/><F0/><W3/><G3/><T53/><D2/><U131/><E1/><V129/><F129/><W21/><G21/><T61/><D22/><U132/><E58/><V96/><F60/><AGARI ba="0,1" hai="16,20,25,26,27,60,64,69,80,82,83,99,100,107" machi="60" ten="40,3900,0" yaku="1,1,54,1,53,0" doraHai="128,40" doraHaiUra="89,90" who="3" fromWho="2" sc="274,0,317,0,182,-39,217,49" /><INIT seed="3,1,0,3,4,46" ten="274,317,143,266" oya="3" hai0="40,38,8,101,65,114,83,80,57,130,82,26,109" hai1="4,87,120,61,35,21,20,28,50,84,104,27,111" hai2="67,110,53,117,124,115,56,43,69,25,122,1,96" hai3="66,59,22,55,108,92,48,119,7,113,58,15,62"/><W33/><G33/><T17/><D109/><U11/><E120/><V32/><F1/><W132/><G113/><T76/><D114/><U37/><E37/><V2/><F2/><W93/><G119/><T106/><D130/><U9/><E104/><V41/><F32/><W90/><G108/><T0/><D38/><U79/><E111/><V99/><F25/><W47/><G132/><T78/><D40/><N who="2" m="15434" /><F99/><W128/><G128/><T36/><D36/><U116/><E116/><V63/><F96/><W125/><G125/><T121/><D121/><U77/><E61/><N who="2" m="40175" /><F110/><W97/><G92/><T30/><D106/><U131/><E131/><V133/><F115/><W94/><G93/><T118/><D101/><U103/><E27/><V72/><F72/><W68/><REACH who="3" step="1"/><G22/><REACH who="3" ten="274,317,143,256" step="2"/><T126/><D126/><U98/><E21/><V10/><F124/><W85/><G85/><T24/><D118/><U75/><E20/><V60/><F117/><W42/><G42/><T6/><D83/><U44/><E35/><V135/><F122/><W88/><G88/><T39/><D82/><U52/><E84/><V5/><F135/><W134/><G134/><T23/><D80/><U31/><E87/><V100/><F133/><W105/><G105/><T13/><D23/><U29/><E77/><V18/><F100/><W16/><G16/><T102/><D17/><U123/><E79/><V71/><F18/><W34/><G34/><T73/><D76/><U3/><E103/><V64/><F10/><AGARI ba="1,1" hai="7,10,15,47,48,55,58,59,62,66,68,90,94,97" machi="10" ten="40,3900,0" yaku="1,1,52,1,53,0" doraHai="46" doraHaiUra="81" who="3" fromWho="2" sc="274,0,317,0,143,-42,256,52" /><INIT seed="3,2,0,5,3,109" ten="274,317,101,308" oya="3" hai0="64,5,17,92,11,33,85,130,131,29,42,79,68" hai1="44,77,69,99,8,117,108,74,48,90,89,2,24" hai2="103,55,106,75,119,132,38,27,105,125,96,127,80" hai3="51,13,97,86,126,95,12,120,15,104,56,113,32"/><W40/><G120/><T87/><D42/><U112/><E108/><V16/><F38/><W83/><G104/><T50/><D17/><U82/><E69/><V20/><F119/><W6/><G32/><T41/><D64/><U121/><E121/><V31/><F106/><W116/><G116/><T111/><D68/><U122/><E122/><V123/><F123/><W133/><G133/><T0/><D111/><U18/><E117/><V62/><F132/><W81/><G126/><T34/><D92/><U60/><E112/><V93/><F31/><W128/><G128/><N who="0" m="49195" /><D79/><U25/><E60/><V37/><F37/><W65/><G113/><T72/><D72/><U102/><E2/><V59/><F75/><W115/><G115/><T84/><D29/><U110/><E25/><V39/><F39/><W23/><G83/><T73/><D73/><U100/><E100/><V28/><F80/><W36/><G36/><T134/><D134/><U45/><E102/><V43/><F43/><W22/><G6/><T63/><D63/><U124/><E77/><V30/><F30/><W53/><G65/><T66/><D66/><U26/><E74/><V135/><F135/><W129/><G40/><T107/><D107/><U78/><E78/><V3/><F105/><W91/><REACH who="3" step="1"/><G129/><REACH who="3" ten="274,317,101,298" step="2"/><T88/><D33/><U46/><E124/><V94/><F94/><W54/><G54/><T19/><D34/><U21/><E82/><V10/><F127/><W52/><G52/><T57/><D41/><U49/><E110/><V1/><F125/><W101/><AGARI ba="2,1" hai="12,13,15,22,23,51,53,56,81,86,91,95,97,101" machi="101" ten="30,6000,0" yaku="1,1,0,1,8,1,53,0" doraHai="109" doraHaiUra="71" who="3" fromWho="3" sc="274,-22,317,-22,101,-22,298,76" /><INIT seed="3,3,0,5,0,85" ten="252,295,79,374" oya="3" hai0="37,12,104,130,124,118,63,7,53,89,54,74,10" hai1="59,32,45,62,64,65,102,31,68,106,5,1,95" hai2="131,22,94,61,76,34,66,99,72,129,98,90,71" hai3="20,33,52,24,128,115,105,48,119,6,134,84,43"/><W78/><G115/><T49/><D118/><U122/><E122/><V57/><F34/><W29/><G119/><T97/><D37/><U18/><E18/><V50/><F72/><W81/><G105/><T28/><D130/><N who="2" m="49674" /><F76/><W56/><G128/><T132/><D124/><U3/><E95/><N who="2" m="56695" /><F22/><W46/><G134/><T40/><D74/><U2/><E32/><V121/><F121/><W107/><G107/><T38/><D132/><U79/><E79/><V101/><F50/><W8/><G33/><T0/><D49/><U26/><E106/><V77/><F77/><W108/><G108/><T82/><D104/><U93/><E3/><V83/><F83/><W103/><G103/><T30/><D0/><U21/><E21/><V120/><F120/><W73/><G73/><T100/><D82/><U96/><E2/><V14/><F14/><W60/><REACH who="3" step="1"/><G8/><REACH who="3" ten="252,295,79,364" step="2"/><T44/><D10/><U127/><E102/><V126/><F126/><W25/><G25/><T86/><D100/><U125/><E26/><V16/><F101/><W42/><G42/><T11/><D40/><U87/><E125/><V110/><F110/><W27/><G27/><T55/><D11/><U51/><E127/><V35/><F35/><W58/><G58/><T23/><D23/><U112/><E59/><V4/><F57/><W19/><G19/><T91/><D28/><U135/><E31/><V39/><F16/><W114/><G114/><T116/><D30/><U123/><E112/><V9/><F9/><W17/><G17/><T75/><D116/><U13/><E135/><V69/><F69/><W70/><G70/><RYUUKYOKU ba="3,1" sc="252,-10,295,-10,79,-10,364,30" hai3="6,20,24,29,43,46,48,52,56,60,78,81,84" /><INIT seed="3,4,1,4,1,127" ten="242,285,69,394" oya="3" hai0="99,81,100,15,39,93,14,53,16,104,73,17,80" hai1="74,27,18,130,45,42,1,48,79,119,94,67,10" hai2="106,86,133,89,58,49,87,64,25,13,114,55,71" hai3="43,57,22,108,4,84,98,101,62,116,46,112,56"/><W95/><G112/><T115/><D115/><U92/><E119/><V60/><F133/><W35/><G35/><T3/><D3/><U131/><E67/><V125/><F125/><W102/><G116/><T88/><D39/><U12/><E1/><V28/><F114/><W34/><G34/><T90/><D73/><U50/><E50/><V82/><F106/><W109/><G4/><T38/><D38/><U69/><E69/><V44/><F13/><W9/><G9/><T103/><D104/><U68/><E68/><V78/><F71/><W41/><G101/><T134/><D53/><U47/><E47/><V33/><F89/><N who="0" m="34410" /><D100/><U120/><E120/><V91/><F91/><W117/><G84/><AGARI ba="4,1" hai="25,28,33,44,49,55,58,60,64,78,82,84,86,87" machi="84" ten="30,1000,0" yaku="7,1" doraHai="127" who="2" fromWho="3" sc="242,0,285,0,69,32,394,-22" /><INIT seed="4,0,0,0,3,33" ten="242,285,101,372" oya="0" hai0="128,36,63,91,3,19,16,49,125,82,113,105,0" hai1="5,87,50,52,98,121,132,81,83,27,60,28,89" hai2="1,26,77,71,90,23,95,120,103,2,115,109,110" hai3="61,7,30,92,31,85,51,94,106,17,21,100,37"/><T122/><D122/><U104/><E121/><V32/><F32/><W126/><G37/><T39/><D105/><U123/><E123/><V20/><F120/><W76/><G106/><T129/><D113/><U133/><E5/><V25/><F103/><W84/><G7/><T56/><D125/><U67/><E81/><V102/><F102/><W18/><G51/><T9/><D49/><U112/><E112/><V124/><F115/><W135/><G100/><T93/><D82/><U78/><E104/><V53/><F124/><W66/><G61/><T57/><D9/><U79/><E98/><V34/><F34/><W14/><G14/><T86/><D36/><U12/><E12/><V54/><F90/><W114/><G21/><T48/><D39/><U46/><E132/><V70/><REACH who="2" step="1"/><F95/><REACH who="2" ten="242,285,91,372" step="2"/><W74/><G94/><T4/><D93/><U72/><E133/><V69/><F69/><W62/><G92/><T59/><D129/><U73/><E89/><V80/><F80/><W88/><G88/><T107/><D91/><U35/><E78/><AGARI ba="0,1" hai="1,2,20,23,25,26,53,54,70,71,77,78,109,110" machi="78" ten="25,12000,2" yaku="1,1,22,2,52,2,53,2" doraHai="33" doraHaiUra="65" who="2" fromWho="1" sc="242,0,285,-120,91,130,372,0" /><INIT seed="5,0,0,5,5,85" ten="242,165,221,372" oya="1" hai0="81,125,59,1,9,110,131,113,18,25,27,41,66" hai1="33,75,24,40,21,58,8,14,63,109,36,7,106" hai2="0,45,115,30,37,117,3,70,119,17,69,35,135" hai3="53,128,42,23,56,39,16,57,80,60,94,26,88"/><U130/><E75/><V55/><F17/><W11/><G128/><T92/><D110/><U2/><E130/><V15/><F15/><W5/><G80/><T72/><D131/><U132/><E109/><V100/><F55/><W96/><G57/><T54/><D113/><U79/><E79/><V22/><F22/><W52/><G42/><T133/><D133/><U44/><E106/><V32/><F100/><W10/><G39/><T116/><D116/><N who="2" m="44618" /><F135/><W83/><G83/><T126/><D41/><U107/><E132/><V105/><F115/><W34/><G34/><N who="2" m="12841" /><F30/><W67/><G11/><T38/><D66/><U13/><E107/><V74/><F105/><W101/><G101/><T77/><D92/><U6/><E6/><V78/><F78/><W47/><G47/><T64/><D64/><U123/><E33/><V46/><F74/><W29/><G29/><T43/><D18/><U50/><E123/><V112/><F46/><W129/><G129/><T93/><D93/><U134/><E134/><V120/><F112/><W91/><G91/><T65/><D65/><U61/><E36/><V73/><F73/><W82/><G82/><T71/><D38/><U111/><E111/><V62/><F120/><W49/><G49/><N who="0" m="31183" /><D43/><U20/><E20/><V76/><F76/><W97/><G96/><T51/><D51/><U114/><E114/><V121/><F121/><W95/><G94/><T99/><D99/><U118/><E118/><V19/><F37/><W103/><G103/><T104/><D104/><U127/><E40/><V4/><F4/><W90/><G90/><T87/><D77/><RYUUKYOKU ba="0,0" sc="242,-10,165,-10,221,-10,372,30" hai3="5,10,16,23,26,52,53,56,60,67,88,95,97" /><INIT seed="6,1,0,3,2,121" ten="232,155,211,402" oya="2" hai0="100,40,132,13,6,32,74,35,72,107,22,30,105" hai1="111,55,9,95,93,0,41,10,50,3,14,37,124" hai2="1,33,4,11,65,8,2,68,46,42,51,127,123" hai3="58,73,129,48,114,57,119,81,66,133,110,80,70"/><V64/><F123/><W102/><G48/><T116/><D132/><U113/><E113/><V128/><F128/><W131/><G102/><T122/><D122/><U25/><E124/><V28/><F127/><W36/><G36/><T115/><D115/><U125/><E125/><V89/><F68/><W23/><G70/><T112/><D112/><U16/><E37/><V104/><F104/><W71/><G71/><T43/><D13/><U19/><E41/><V54/><F33/><W101/><G101/><T12/><D12/><U38/><E38/><V97/><F28/><W18/><G23/><T118/><D22/><U24/><E14/><V15/><F1/><W90/><G90/><T29/><REACH who="0" step="1"/><D100/><REACH who="0" ten="222,155,211,402" step="2"/><U106/><E106/><V87/><F2/><W134/><G134/><T52/><D52/><U53/><REACH who="1" step="1"/><E50/><REACH who="1" ten="222,145,211,402" step="2"/><N who="2" m="26967" /><F11/><W82/><G133/><T77/><D77/><U76/><E76/><V88/><F51/><W85/><G114/><T63/><D63/><U78/><E78/><V69/><F15/><W96/><G131/><T59/><D59/><U7/><E7/><AGARI ba="1,2" hai="6,7,29,30,32,35,40,43,72,74,105,107,116,118" machi="7" ten="25,3200,0" yaku="1,1,22,2,53,0" doraHai="121" doraHaiUra="34" who="0" fromWho="1" sc="222,55,145,-35,211,0,402,0" /><INIT seed="7,0,0,1,3,61" ten="277,110,211,402" oya="3" hai0="19,64,40,104,20,11,13,82,25,6,60,68,135" hai1="117,128,23,126,71,83,36,79,81,9,14,7,66" hai2="44,65,97,33,10,42,110,77,59,27,8,131,5" hai3="92,132,43,22,112,87,89,54,15,30,51,69,108"/><W103/><G69/><T56/><D135/><U106/><E106/><V129/><F110/><W122/><G112/><T75/><D104/><U67/><E71/><V121/><F121/><W53/><G43/><T12/><D40/><U0/><E36/><V74/><F97/><W115/><G115/><T58/><D75/><U16/><E128/><V119/><F59/><W91/><G54/><T113/><D113/><U111/><E111/><V118/><F65/><W124/><G103/><T1/><D82/><U29/><E126/><V49/><F77/><W99/><G124/><T45/><D45/><U100/><E117/><V24/><F10/><W109/><G30/><T34/><D12/><U55/><E100/><V130/><F74/><W32/><G32/><T80/><D80/><U63/><E83/><V86/><F86/><W105/><G132/><T41/><D41/><U39/><E39/><V88/><F33/><W26/><G26/><T84/><D84/><U3/><E3/><V4/><F119/><W73/><G73/><T85/><D85/><U134/><E134/><V114/><F118/><W125/><G122/><T123/><D123/><U95/><E95/><V72/><F131/><W120/><G120/><T116/><D116/><U37/><E37/><V38/><F38/><W127/><G105/><T46/><D46/><U93/><E93/><V18/><F130/><W133/><G133/><T21/><D34/><U94/><E94/><V107/><F129/><W96/><G127/><T52/><D68/><U35/><E35/><V28/><F107/><W78/><G125/><T62/><D1/><RYUUKYOKU ba="0,0" sc="277,30,110,-10,211,-10,402,-10" hai0="6,11,13,19,20,21,25,52,56,58,60,62,64" owari="307,10.7,100,-40.0,201,-19.9,392,49.2" /></mjloggm>