<mjloggm ver="2.3"><GO type="169" lobby="0"/><UN n0="%6B%6C%6F%6E%64%69%6B%65" n1="%E3%81%88%E3%81%84%E3%81%8D%E3%81%A1%40%35%6D%66" n2="%C2%A7%E7%8D%85%E5%AD%90%E5%8E%9F%E7%88%BD" n3="%E3%81%93%E3%81%9A" dan="16,17,17,16" rate="2173.08,2242.39,2192.06,2040.79" sx="M,M,F,M"/><TAIKYOKU oya="0"/><INIT seed="0,0,0,4,5,63" ten="250,250,250,250" oya="0" hai0="121,27,55,112,133,114,0,12,4,37,60,57,49" hai1="75,26,72,29,99,109,95,64,28,25,132,92,65" hai2="19,128,127,18,73,102,98,62,20,8,105,122,129" hai3="2,78,119,106,101,88,123,134,90,113,35,31,17"/><T1/><D37/><U130/><E109/><V13/><F122/><W69/><G17/><T45/><D121/><U58/><E58/><V126/><F73/><W81/><G31/><T46/><D133/><U3/><E3/><V89/><F89/><W80/><G35/><T124/><D124/><U115/><E99/><V36/><F36/><W118/><G69/><T30/><D45/><U117/><E132/><V32/><F32/><W39/><G39/><T21/><D12/><U74/><E74/><V97/><F97/><N who="3" m="61743" /><G2/><T110/><D110/><U71/><E71/><V108/><F108/><W23/><G23/><T5/><D0/><U56/><E56/><V85/><F85/><N who="3" m="48279" /><G134/><T53/><D1/><U42/><E42/><V40/><F40/><W61/><G61/><T44/><D44/><U77/><E77/><V59/><F19/><W93/><G123/><T16/><REACH who="0" step="1"/><D30/><REACH who="0" ten="240,250,250,250" step="2"/><U100/><E29/><V111/><F111/><W120/><G120/><T41/><D41/><U87/><E28/><V7/><F127/><W125/><G125/><T84/><D84/><U66/><E87/><V68/><F126/><W96/><G113/><AGARI ba="0,1" hai="4,5,16,21,27,46,49,53,55,57,60,112,113,114" machi="113" ten="40,3900,0" yaku="1,1,54,1,53,0" doraHai="63" doraHaiUra="79" who="0" fromWho="3" sc="240,49,250,0,250,0,250,-39" /><INIT seed="0,1,0,4,0,42" ten="289,250,250,211" oya="0" hai0="23,107,129,102,1,24,101,106,88,35,65,110,131" hai1="100,36,33,71,48,12,56,14,21,18,19,63,126" hai2="93,98,130,47,122,8,58,37,2,115,70,123,80" hai3="134,27,103,75,40,64,99,66,7,20,11,67,74"/><T50/><D35/><U112/><E36/><V57/><F115/><W68/><G134/><T89/><D1/><U3/><E3/><V61/><F70/><W45/><G68/><T32/><D32/><U31/><E112/><V0/><F80/><W83/><G83/><T114/><D65/><U95/><E126/><V54/><F130/><N who="0" m="49674" /><D114/><U49/><E71/><V96/><F96/><W16/><G11/><T77/><D77/><U85/><E31/><V38/><F38/><W73/><G7/><T55/><D110/><U128/><E33/><V78/><F78/><W105/><REACH who="3" step="1"/><G67/><REACH who="3" ten="289,250,250,201" step="2"/><T92/><D92/><U97/><E128/><V10/><F93/><W60/><G60/><T59/><D107/><U5/><E5/><V127/><F61/><W29/><G29/><N who="0" m="17567" /><D106/><U72/><E72/><V39/><F8/><W121/><G121/><T118/><D118/><U17/><E17/><V82/><F10/><W79/><G79/><T41/><D102/><U69/><E69/><V135/><F82/><W52/><G52/><T15/><D101/><U132/><E132/><V119/><F135/><W124/><G124/><T22/><D41/><U43/><E43/><V94/><F127/><W4/><G4/><T53/><D55/><U51/><E19/><AGARI ba="1,1" hai="15,19,22,50,53,59,88,89" m="17567,49674" machi="19" ten="30,2900,0" yaku="19,1,54,1" doraHai="42" who="0" fromWho="1" sc="289,42,250,-32,250,0,201,0" /><INIT seed="0,2,0,0,1,58" ten="331,218,250,201" oya="0" hai0="92,65,132,123,64,51,17,19,44,75,112,28,43" hai1="124,71,4,84,121,109,89,2,63,26,27,115,54" hai2="81,48,119,18,87,41,72,90,107,1,129,78,91" hai3="32,66,0,47,73,8,110,135,15,55,10,7,101"/><T113/><D123/><U100/><E121/><V30/><F1/><W70/><G110/><T93/><D75/><U104/><E109/><V88/><F30/><W40/><G135/><T85/><D132/><U133/><E133/><V106/><F41/><W42/><G73/><T20/><D28/><U38/><E38/><V77/><F48/><W103/><G32/><T33/><D33/><U5/><E124/><V24/><F24/><W59/><G66/><T6/><D6/><U45/><E115/><V114/><F18/><W108/><G70/><T60/><D65/><U126/><E126/><V79/><F114/><W94/><G94/><T83/><D17/><U14/><E14/><V69/><F69/><W97/><G97/><T131/><D131/><U95/><E45/><V35/><F35/><W29/><G29/><T21/><D21/><U125/><E125/><V98/><F119/><W52/><G55/><T9/><D9/><U37/><E37/><V102/><F129/><W86/><G108/><T57/><D113/><U50/><E2/><V22/><F22/><W76/><G42/><T116/><D116/><U96/><E4/><V82/><F107/><W134/><G134/><T49/><D49/><U111/><E5/><V34/><F34/><W117/><G117/><T118/><D118/><U31/><E111/><V25/><F25/><W80/><G10/><T130/><D130/><U128/><E128/><V67/><F67/><W99/><G0/><T127/><D112/><U120/><E31/><V39/><F39/><N who="3" m="21919" /><G99/><T46/><D127/><U23/><E120/><V62/><F62/><AGARI ba="2,0" hai="7,8,15,52,59,62,76,80,86,101,103" m="21919" machi="62" ten="30,3900,0" yaku="6,1,52,1,54,1" doraHai="58" who="3" fromWho="2" sc="331,0,218,0,250,-45,201,45" /><INIT seed="1,0,0,3,4,121" ten="331,218,205,246" oya="1" hai0="69,52,25,125,53,40,33,70,49,107,91,119,41" hai1="128,73,5,122,36,14,76,47,103,15,20,118,89" hai2="77,45,46,86,48,39,62,126,110,72,81,105,31" hai3="58,35,96,30,27,84,101,56,1,59,24,37,133"/><U127/><E118/><V8/><F105/><W115/><G115/><T68/><D107/><U4/><E122/><V95/><F126/><W51/><G133/><T34/><D119/><U92/><E127/><V132/><F132/><W18/><G37/><T57/><D125/><U85/><E128/><V74/><F31/><W7/><G84/><T12/><D25/><U28/><E103/><V135/><F135/><W63/><G51/><N who="0" m="30879" /><D91/><U114/><E114/><V10/><F110/><W42/><G42/><N who="0" m="16491" /><D34/><U88/><E36/><V79/><F39/><W22/><G7/><N who="1" m="2634" /><E47/><V123/><F123/><W129/><G1/><T26/><D33/><U6/><E73/><V0/><F0/><W78/><G78/><T97/><D97/><N who="1" m="57479" /><E76/><V32/><F32/><W61/><REACH who="3" step="1"/><G129/><REACH who="3" ten="331,218,205,236" step="2"/><T29/><D29/><U11/><E28/><V3/><F3/><W13/><G13/><T87/><D12/><N who="1" m="5239" /><E20/><V111/><F77/><W64/><G64/><T71/><D26/><U65/><E65/><V60/><F79/><W17/><G17/><T131/><D131/><U2/><E2/><V55/><F8/><W100/><G100/><T43/><N who="0" m="17408" /><DORA hai="44" /><T93/><D87/><U116/><E116/><V21/><F86/><W54/><G54/><T104/><D43/><U109/><E15/><V90/><F10/><W102/><G102/><T50/><D104/><AGARI ba="0,1" hai="18,22,24,27,30,35,56,58,59,61,63,96,101,104" machi="104" ten="40,2600,0" yaku="1,1,53,1" doraHai="121,44" doraHaiUra="16,66" who="3" fromWho="0" sc="331,-26,218,0,205,0,236,36" /><INIT seed="2,0,0,3,2,0" ten="305,218,205,272" oya="2" hai0="124,94,66,74,47,79,45,95,46,127,103,131,7" hai1="11,122,14,97,2,27,24,112,40,111,15,10,51" hai2="62,41,90,106,57,25,55,39,52,30,9,108,102" hai3="60,110,85,98,21,109,5,48,23,65,119,71,6"/><V49/><F39/><W61/><G119/><T101/><D66/><U68/><E68/><V80/><F41/><W121/><G121/><T53/><D74/><U84/><E112/><V118/><F118/><W128/><G128/><T125/><D79/><U32/><E122/><V120/><F120/><W117/><G117/><T13/><D53/><U35/><E97/><V20/><F106/><W42/><G98/><T105/><D105/><U114/><E114/><V69/><F69/><W92/><G92/><N who="0" m="35371" /><D131/><U67/><E67/><V130/><F130/><W135/><G135/><T134/><D134/><U78/><E111/><N who="3" m="42506" /><G85/><T18/><D18/><N who="1" m="8535" /><E51/><V34/><F108/><W50/><G60/><T37/><D37/><U3/><E40/><V132/><F132/><W115/><G115/><T19/><D19/><N who="1" m="8703" /><E78/><V99/><F34/><N who="1" m="12841" /><E84/><V76/><F9/><AGARI ba="0,0" hai="7,9,13,45,46,47,101,103,124,125,127" m="35371" machi="9" ten="40,2600,0" yaku="18,1,52,1" doraHai="0" who="0" fromWho="2" sc="305,26,218,0,205,-26,272,0" /><INIT seed="3,0,0,5,2,96" ten="331,218,179,272" oya="3" hai0="75,52,86,19,31,25,125,12,14,47,91,133,80" hai1="46,56,28,110,132,17,35,120,22,2,33,8,78" hai2="0,124,92,26,29,10,53,20,104,103,113,58,121" hai3="34,90,87,13,95,85,6,74,134,41,122,88,108"/><W24/><G122/><T48/><D133/><U64/><E120/><V117/><F121/><W97/><G134/><T69/><D125/><U128/><E132/><V99/><F113/><W27/><G74/><T1/><D1/><U51/><E110/><V45/><F117/><W23/><G108/><T61/><D75/><U16/><E128/><V36/><F124/><W89/><G34/><T59/><D69/><U94/><E78/><V40/><F104/><W44/><G6/><T71/><D71/><U109/><E28/><V66/><F0/><W131/><G131/><T49/><D49/><U81/><E81/><V115/><F10/><W98/><G13/><T102/><D102/><U57/><E94/><V119/><F119/><W21/><G90/><T67/><REACH who="0" step="1"/><D19/><REACH who="0" ten="321,218,179,272" step="2"/><U72/><E51/><V62/><REACH who="2" step="1"/><F115/><REACH who="2" ten="321,218,169,272" step="2"/><W38/><G98/><T93/><D93/><U77/><E2/><V30/><F30/><W82/><G97/><T105/><D105/><U42/><E109/><V127/><F127/><W70/><G70/><T118/><D118/><U11/><E17/><V9/><F9/><W60/><REACH who="3" step="1"/><G60/><REACH who="3" ten="321,218,169,262" step="2"/><T50/><D50/><U32/><E8/><V79/><F79/><W68/><G68/><T101/><D101/><U130/><E130/><V18/><F18/><W107/><G107/><T116/><D116/><U84/><E11/><V114/><F114/><W65/><G65/><AGARI ba="0,3" hai="20,26,29,36,40,45,53,58,62,65,66,92,99,103" machi="65" ten="40,2600,0" yaku="1,1,52,1,53,0" doraHai="96" doraHaiUra="3" who="2" fromWho="3" sc="321,0,218,0,169,56,262,-26" /><INIT seed="4,0,0,2,5,135" ten="321,218,225,236" oya="0" hai0="134,105,53,42,123,104,63,11,97,83,100,69,85" hai1="66,131,120,111,16,108,65,87,48,56,31,107,15" hai2="21,121,38,80,57,76,79,5,52,99,92,90,117" hai3="12,118,54,44,10,13,129,126,88,32,102,50,93"/><T9/><D123/><U45/><E120/><V78/><F38/><W91/><G118/><T0/><D134/><U49/><E107/><V26/><F117/><W1/><G129/><T36/><D105/><U103/><E103/><V94/><F94/><W41/><G32/><T59/><D0/><U51/><E131/><V27/><F5/><W28/><G28/><T119/><D119/><U22/><E31/><V86/><F121/><W4/><G126/><T124/><D124/><U77/><E45/><V58/><F58/><W34/><G34/><T81/><D81/><N who="1" m="47535" /><E111/><V61/><F26/><W19/><G1/><T18/><D69/><U127/><E108/><V95/><REACH who="2" step="1"/><F92/><REACH who="2" ten="321,218,215,236" step="2"/><W67/><G67/><N who="1" m="25610" /><E127/><V74/><F74/><W122/><G122/><T25/><D36/><U101/><E101/><V82/><F82/><W24/><G24/><T47/><D47/><U73/><E73/><V7/><F7/><W33/><G102/><T84/><D83/><U89/><E89/><V6/><F6/><W46/><G93/><T110/><D110/><U71/><E71/><V112/><F112/><W133/><G133/><T96/><D100/><U60/><E56/><V39/><F39/><W43/><G46/><T125/><D125/><U116/><E116/><V8/><F8/><N who="3" m="6535" /><G33/><T114/><D104/><U128/><E128/><V20/><F20/><W17/><G4/><T132/><D9/><U37/><E37/><V14/><F14/><W70/><G70/><T106/><D11/><U40/><E40/><AGARI ba="0,1" hai="10,13,17,40,41,43,44,50,54,88,91" m="6535" machi="40" ten="30,2000,0" yaku="8,1,54,1" doraHai="135" who="3" fromWho="1" sc="321,0,218,-20,215,0,236,30" /><INIT seed="5,0,0,5,0,6" ten="321,198,215,266" oya="1" hai0="14,123,57,131,0,120,77,78,85,41,118,128,66" hai1="79,13,21,82,67,32,44,62,114,75,3,4,60" hai2="11,36,81,49,73,5,125,98,55,100,112,51,65" hai3="110,132,7,20,135,26,134,102,101,97,124,16,31"/><U94/><E32/><V68/><F125/><W22/><G110/><T104/><D0/><U91/><E114/><V30/><F36/><W84/><G124/><T23/><D104/><U92/><E3/><V122/><F122/><N who="0" m="46634" /><D118/><U64/><E44/><V129/><F129/><N who="0" m="49738" /><D41/><U59/><E91/><V29/><F49/><W53/><G7/><T126/><D126/><U40/><E40/><V52/><F112/><W116/><G116/><T107/><D107/><U28/><E28/><V83/><F65/><W111/><G111/><T12/><D23/><U50/><E50/><V18/><F68/><W108/><G108/><T71/><D71/><U93/><E21/><V24/><F55/><W10/><G53/><T88/><D57/><U109/><E109/><V35/><F73/><W90/><G97/><T2/><D2/><U76/><E76/><N who="0" m="29289" /><D66/><U27/><E27/><V54/><F54/><W47/><G47/><T74/><D74/><U117/><E117/><V45/><F30/><W95/><G22/><T99/><D99/><U115/><E115/><V127/><F127/><W46/><G46/><T72/><D72/><U96/><E64/><V9/><F29/><W103/><G31/><T105/><D105/><U80/><E62/><V15/><F35/><W121/><G121/><T133/><D133/><U69/><E69/><V48/><F48/><W106/><G106/><T37/><D37/><U25/><E96/><V113/><F113/><W119/><G119/><T63/><D63/><U70/><E70/><V58/><F45/><W19/><G132/><T56/><D56/><U43/><E67/><RYUUKYOKU ba="0,0" sc="321,15,198,-15,215,-15,266,15" hai0="12,14,85,88" hai3="10,16,19,20,26,84,90,95,101,102,103,134,135" /><INIT seed="6,1,0,2,5,62" ten="336,183,200,281" oya="2" hai0="48,120,58,109,14,92,83,131,85,84,69,98,111" hai1="101,86,123,15,57,76,116,56,13,71,94,121,3" hai2="95,80,114,32,105,124,23,41,50,88,40,122,24" hai3="46,129,36,0,127,82,43,63,72,104,5,110,97"/><V135/><F122/><N who="1" m="46601" /><E116/><V31/><F105/><W34/><G63/><T60/><D120/><U99/><E3/><V55/><F114/><W126/><G110/><T66/><D131/><U67/><E71/><V102/><F135/><W4/><G129/><T30/><D85/><U78/><E86/><V20/><F124/><N who="3" m="47659" /><G34/><T22/><D48/><U25/><E25/><V103/><F80/><W134/><G134/><T87/><D84/><U74/><E74/><V21/><F40/><W77/><G0/><T38/><D69/><U45/><E45/><V59/><REACH who="2" step="1"/><F41/><REACH who="2" ten="336,183,190,281" step="2"/><W42/><G43/><T107/><D107/><U6/><E78/><V112/><F112/><W96/><G104/><T51/><D111/><U11/><E76/><V106/><F106/><W119/><G119/><T128/><D109/><U8/><E67/><V16/><F16/><AGARI ba="1,1" hai="6,8,11,13,15,16,56,57,94,99,101" m="46601" machi="16" ten="30,2000,0" yaku="13,1,54,1" doraHai="62" who="1" fromWho="2" sc="336,0,183,33,190,-23,281,0" /><INIT seed="7,0,0,0,4,115" ten="336,216,167,281" oya="3" hai0="82,105,134,102,86,79,113,21,135,95,10,1,126" hai1="29,64,130,14,101,73,43,40,16,59,107,26,100" hai2="36,35,74,23,76,103,38,104,65,6,47,94,110" hai3="20,52,131,54,111,17,55,49,68,5,97,24,132"/><W42/><G131/><T22/><D126/><U63/><E73/><V67/><F35/><W119/><G119/><T30/><D113/><U117/><E130/><V57/><F104/><W66/><G132/><N who="0" m="50731" /><D30/><U89/><E117/><V2/><F110/><W12/><G111/><T99/><D105/><U81/><E81/><V41/><F36/><W122/><G122/><T4/><AGARI ba="0,0" hai="1,4,10,21,22,79,82,86,95,99,102" m="50731" machi="4" ten="30,1100,0" yaku="20,1" doraHai="115" who="0" fromWho="0" sc="336,11,216,-3,167,-3,281,-5" owari="347,44.7,213,-18.7,164,-33.6,276,7.6" /></mjloggm>