<mjloggm ver="2.3"><GO type="169" lobby="0"/><UN n0="%4E%49%4B%55%59%41" n1="%E3%81%95%E3%81%8B%E3%81%8D" n2="%6E%6F%73%75%6B%65" n3="%E7%8B%82%E3%81%A3%E3%81%9F%E9%B7%B9" dan="17,17,17,16" rate="2215.47,2216.88,2148.38,2111.63" sx="M,M,M,M"/><TAIKYOKU oya="0"/><INIT seed="0,0,0,2,0,70" ten="250,250,250,250" oya="0" hai0="85,84,112,135,131,110,80,49,56,59,120,55,10" hai1="26,50,12,19,124,29,64,69,127,119,94,22,96" hai2="0,35,15,122,121,68,1,123,130,23,37,76,51" hai3="105,79,60,4,106,9,113,63,32,90,21,28,47"/><T118/><D112/><U25/><E119/><V132/><F76/><W11/><G32/><T115/><D115/><U62/><E50/><V65/><F51/><W42/><G79/><T91/><D118/><U38/><E38/><V24/><F65/><W95/><G105/><T44/><D120/><U73/><E73/><V133/><F68/><W72/><G106/><T97/><D131/><U108/><E108/><V3/><F37/><W43/><G43/><T31/><D110/><U81/><E81/><V71/><F71/><W89/><G72/><T13/><D135/><N who="2" m="51786" /><F130/><W58/><G89/><T109/><D109/><U111/><E111/><V92/><F92/><W20/><G28/><T66/><D31/><U87/><E87/><V117/><F117/><W57/><G11/><T75/><D75/><U54/><E54/><V5/><F35/><W40/><G9/><T14/><D97/><U129/><E129/><V18/><F5/><W39/><G4/><T46/><D84/><U30/><E94/><V34/><F34/><W99/><G40/><T88/><D91/><U8/><E96/><V126/><F126/><W77/><G77/><T101/><D101/><U61/><E61/><V102/><F102/><W103/><G103/><T36/><D36/><U6/><E6/><V41/><F41/><W107/><G107/><T86/><D86/><U116/><E116/><V114/><F114/><W78/><G78/><T48/><D48/><U134/><E134/><V93/><F93/><W67/><REACH who="3" step="1"/><G113/><REACH who="3" ten="250,250,250,240" step="2"/><T53/><D88/><U100/><E100/><V98/><F98/><W33/><G33/><AGARI ba="0,1" hai="8,12,19,22,25,26,29,30,33,62,64,69,124,127" machi="33" ten="40,1300,0" yaku="6,1" doraHai="70" who="1" fromWho="3" sc="250,0,250,23,250,0,240,-13" /><INIT seed="1,0,0,0,0,97" ten="250,273,250,227" oya="1" hai0="78,60,86,50,98,27,11,64,132,84,12,23,28" hai1="126,48,41,31,51,16,80,53,62,72,102,128,77" hai2="96,43,133,123,55,105,92,36,89,131,94,122,4" hai3="120,95,18,61,106,40,88,1,119,25,58,91,6"/><U33/><E128/><V2/><F133/><W59/><G120/><T108/><D108/><U38/><E126/><V68/><F105/><W117/><G106/><T3/><D132/><U30/><E33/><V15/><F131/><W34/><G40/><T109/><D109/><U129/><E129/><V124/><F124/><W17/><G59/><T125/><D3/><U115/><E38/><V81/><F68/><W90/><G6/><T67/><D125/><U49/><E41/><V73/><F55/><W7/><G7/><T35/><D35/><U8/><E102/><V99/><F2/><W46/><G46/><T110/><D110/><U54/><E115/><V93/><F93/><W29/><G95/><T37/><D37/><U135/><E135/><V45/><F81/><W52/><REACH who="3" step="1"/><G1/><REACH who="3" ten="250,273,250,217" step="2"/><T44/><D44/><U32/><E62/><V101/><REACH who="2" step="1"/><F73/><REACH who="2" ten="250,273,240,217" step="2"/><W76/><G76/><T57/><D78/><U21/><E72/><V10/><AGARI ba="0,2" hai="4,10,15,36,43,45,89,92,94,96,99,101,122,123" machi="10" ten="30,7900,0" yaku="1,1,2,1,0,1,52,1,53,0" doraHai="97" doraHaiUra="20" who="2" fromWho="2" sc="250,-20,273,-39,240,99,217,-20" /><INIT seed="2,0,0,1,5,51" ten="230,234,339,197" oya="2" hai0="112,134,45,98,99,102,54,124,122,16,21,132,101" hai1="23,120,25,121,49,109,92,129,27,65,39,35,119" hai2="79,3,66,100,60,28,42,63,123,13,8,37,70" hai3="73,41,90,7,86,69,81,33,89,44,113,34,53"/><V135/><F123/><N who="1" m="47177" /><E119/><V131/><F135/><N who="0" m="51754" /><D122/><U26/><E39/><V85/><F131/><W43/><G113/><T88/><D112/><U19/><E65/><V57/><F3/><W58/><G69/><T30/><D30/><N who="1" m="19919" /><E92/><V117/><F28/><W80/><G7/><T5/><D5/><U94/><E94/><V11/><F117/><W97/><G97/><N who="0" m="36875" /><D124/><U71/><E71/><V29/><F29/><W82/><G73/><T52/><D88/><U40/><E129/><V96/><F37/><W46/><G86/><T77/><D77/><U126/><E126/><V24/><F85/><W50/><G34/><T116/><D116/><U59/><E109/><V78/><F42/><N who="3" m="15883" /><G33/><T55/><D45/><AGARI ba="0,0" hai="44,45,46,50,53,58,80,81,82,89,90" m="15883" machi="45" ten="30,2000,0" yaku="8,1,52,1" doraHai="51" who="3" fromWho="0" sc="230,-20,234,0,339,0,197,20" /><INIT seed="3,0,0,3,1,113" ten="210,234,339,217" oya="3" hai0="122,88,46,16,3,22,118,56,31,33,72,92,59" hai1="103,60,80,41,89,34,124,120,77,129,18,50,117" hai2="30,119,42,36,74,49,15,71,64,121,130,55,0" hai3="93,39,66,110,26,45,91,10,84,82,86,135,95"/><W70/><G135/><T112/><D122/><U102/><E120/><V87/><F74/><W37/><G110/><T105/><D105/><U81/><E34/><V83/><F121/><W107/><G107/><T97/><D112/><U85/><E60/><V75/><F75/><W23/><G10/><T73/><D3/><U78/><E18/><V11/><F130/><W25/><G66/><T27/><D118/><U20/><E20/><V8/><F30/><W127/><G70/><T125/><D125/><U28/><E28/><V90/><F119/><W14/><G127/><T65/><D46/><U108/><E50/><V101/><F101/><W134/><G134/><T111/><D111/><U51/><E51/><V104/><F104/><W29/><G14/><T17/><D17/><U128/><E41/><V116/><F116/><W38/><G26/><T40/><D40/><U115/><E117/><V126/><F126/><W109/><G109/><T133/><D133/><U94/><E124/><V131/><F42/><W52/><REACH who="3" step="1"/><G84/><REACH who="3" ten="210,234,339,207" step="2"/><T114/><D114/><U100/><E108/><V9/><F87/><W44/><G44/><T32/><D65/><U57/><E115/><V123/><F64/><W7/><G7/><T19/><D73/><N who="1" m="43055" /><E57/><N who="0" m="22089" /><D72/><AGARI ba="0,1" hai="72,78,81,85,89,94,100,102,103,128,129" m="43055" machi="72" ten="30,2000,0" yaku="34,2" doraHai="113" who="1" fromWho="0" sc="210,-20,234,30,339,0,207,0" /><INIT seed="4,0,0,5,4,87" ten="190,264,339,207" oya="0" hai0="105,109,26,80,129,131,111,70,130,125,58,10,12" hai1="128,45,102,77,21,56,1,85,100,133,36,27,62" hai2="7,8,46,72,119,104,42,33,118,121,114,50,28" hai3="67,101,122,75,64,88,51,79,18,11,108,44,65"/><T86/><D70/><U41/><E1/><V69/><F121/><W23/><G108/><N who="0" m="41547" /><D105/><U76/><E128/><V103/><F72/><W74/><G101/><T3/><D3/><U34/><E34/><V53/><F69/><W38/><G38/><T106/><D106/><U0/><E0/><V16/><F114/><W39/><G39/><T60/><D26/><U6/><E6/><V15/><F28/><W93/><G11/><T57/><D60/><U32/><E32/><V134/><F33/><W99/><G79/><N who="0" m="46367" /><D125/><U37/><E37/><V126/><F126/><W116/><G116/><T124/><D124/><U61/><E61/><V91/><F104/><W110/><G122/><T123/><D123/><U30/><E133/><V135/><F103/><W90/><G110/><T68/><D68/><U115/><E115/><V19/><F134/><W14/><G75/><T66/><D66/><U48/><E36/><V71/><F71/><W43/><G74/><T4/><AGARI ba="0,0" hai="4,10,12,57,58,129,130,131" m="46367,41547" machi="4" ten="40,3900,0" yaku="19,1,10,1" doraHai="87" who="0" fromWho="0" sc="190,39,264,-13,339,-13,207,-13" /><INIT seed="4,1,0,0,5,6" ten="229,251,326,194" oya="0" hai0="23,123,48,98,128,44,64,75,135,120,27,50,39" hai1="108,99,7,105,49,30,57,85,55,122,11,72,106" hai2="66,124,62,26,109,8,10,130,22,51,45,129,92" hai3="13,25,41,131,115,86,54,2,88,36,53,35,37"/><T78/><D128/><N who="2" m="49258" /><F109/><W17/><G131/><T132/><D39/><U112/><E108/><V100/><F124/><W103/><G2/><T73/><D64/><U96/><E122/><V32/><F32/><W24/><G103/><T33/><D98/><U20/><E72/><V3/><F3/><W79/><G79/><T40/><D48/><U29/><E112/><V87/><F87/><W119/><G119/><T43/><D40/><U15/><E106/><V34/><F34/><W70/><G70/><T110/><D33/><U21/><E105/><V126/><F126/><W77/><G77/><T28/><D110/><U42/><E42/><N who="2" m="25015" /><F92/><W5/><G5/><T38/><D38/><U134/><E134/><N who="0" m="51241" /><D75/><U82/><E99/><V19/><F100/><W12/><G41/><T63/><D63/><U76/><REACH who="1" step="1"/><E96/><REACH who="1" ten="229,241,326,194" step="2"/><V61/><F61/><W0/><G115/><T58/><D120/><U80/><E80/><V56/><AGARI ba="1,1" hai="8,10,19,22,26,56,62,66" m="25015,49258" machi="56" ten="30,4000,0" yaku="19,1,52,2" doraHai="6" who="2" fromWho="2" sc="229,-21,241,-11,326,53,194,-11" /><INIT seed="5,0,0,2,3,111" ten="208,230,379,183" oya="1" hai0="2,121,94,122,39,41,131,96,46,60,29,27,80" hai1="34,49,17,54,134,126,31,112,12,50,93,119,10" hai2="106,79,38,35,59,78,104,43,55,16,26,4,6" hai3="32,44,7,103,8,21,86,95,92,1,133,15,53"/><U68/><E119/><V130/><F130/><W14/><G133/><T30/><D2/><U124/><E68/><V45/><F106/><W85/><G32/><T100/><D131/><U105/><E105/><V83/><F104/><W28/><G1/><T47/><D80/><U88/><E134/><V20/><F35/><W57/><G44/><T107/><D94/><U87/><E112/><V58/><F79/><W128/><G128/><T64/><D46/><U77/><E77/><V74/><F59/><W63/><G15/><T5/><D5/><U24/><REACH who="1" step="1"/><E50/><AGARI ba="0,0" hai="4,6,16,20,26,38,43,45,50,55,58,74,78,83" machi="50" ten="30,2000,0" yaku="7,1,54,1" doraHai="111" who="2" fromWho="1" sc="208,0,230,-20,379,20,183,0" /><INIT seed="6,0,0,0,4,131" ten="208,210,399,183" oya="2" hai0="70,50,69,59,22,126,86,33,76,75,81,84,21" hai1="113,124,26,95,18,4,66,96,88,123,78,117,43" hai2="134,35,0,8,83,109,104,105,62,71,52,15,118" hai3="135,101,27,20,56,114,122,37,133,91,36,67,68"/><V42/><F118/><W63/><G122/><T30/><D33/><U10/><E117/><V41/><F35/><W82/><G68/><T39/><D39/><U53/><E123/><V51/><F0/><W125/><G101/><T28/><D126/><U3/><E124/><V92/><F92/><W48/><G125/><T87/><D70/><U34/><E66/><V46/><F83/><W80/><G48/><T49/><D69/><U89/><E78/><V77/><F77/><W13/><G13/><T12/><D59/><U102/><E43/><V103/><F109/><W5/><G5/><T115/><D115/><U31/><E113/><V11/><F11/><W1/><G1/><T2/><D2/><U99/><E53/><V74/><F74/><W23/><G23/><T9/><D22/><U17/><REACH who="1" step="1"/><E89/><REACH who="1" ten="208,200,399,183" step="2"/><V100/><F52/><W85/><G114/><T72/><D76/><U7/><E7/><V65/><F42/><W90/><G90/><T64/><D64/><U98/><E98/><V57/><F41/><W93/><G37/><T73/><D73/><U14/><E14/><V16/><F15/><W44/><G36/><T119/><D75/><U19/><E19/><V127/><F16/><N who="3" m="12679" /><G44/><T40/><D119/><U32/><E32/><V47/><F46/><W38/><G38/><T61/><D40/><U121/><E121/><V112/><F47/><W116/><G116/><T60/><D72/><U130/><E130/><V29/><F112/><W55/><G67/><T107/><D12/><U129/><E129/><V25/><F127/><W94/><G82/><T24/><D81/><RYUUKYOKU ba="0,1" sc="208,-15,200,15,399,-15,183,15" hai1="3,4,10,17,18,26,31,34,88,95,96,99,102" hai3="55,56,63,80,85,91,93,94,133,135" /><INIT seed="7,1,1,0,1,66" ten="193,215,384,198" oya="3" hai0="95,13,82,84,99,132,81,114,31,1,121,49,117" hai1="101,105,12,30,130,32,51,18,98,43,97,3,11" hai2="77,58,100,75,62,44,107,118,25,19,126,113,70" hai3="54,80,4,115,110,5,20,38,83,116,120,102,59"/><W28/><G116/><T63/><D121/><U64/><E130/><V39/><F58/><W69/><G120/><T94/><D1/><U133/><E133/><V36/><F19/><W134/><G38/><T92/><D117/><U91/><E64/><N who="2" m="41239" /><F118/><W40/><G40/><T17/><D132/><U104/><E3/><V10/><F113/><W7/><G115/><T76/><D114/><U0/><E0/><V124/><F25/><N who="3" m="16423" /><G69/><T34/><D34/><U21/><E32/><V15/><F15/><W109/><G102/><T33/><D33/><U71/><E71/><V78/><F10/><W72/><G72/><T9/><D31/><U41/><E30/><V106/><F78/><W6/><N who="3" m="1024" /><DORA hai="119" /><W129/><G129/><T57/><D82/><U127/><E11/><V122/><F122/><W60/><G134/><T93/><D49/><U74/><E51/><V16/><F39/><W67/><G67/><N who="0" m="39407" /><D95/><U73/><E105/><V131/><F131/><W37/><G37/><T103/><AGARI ba="1,1" hai="9,13,17,76,81,84,92,93,94,99,103" m="39407" machi="103" ten="30,1100,0" yaku="8,1" doraHai="66,119" who="0" fromWho="0" sc="193,24,215,-4,384,-4,198,-6" owari="217,1.7,211,-18.9,380,48.0,192,-30.8" /></mjloggm>