<mjloggm ver="2.3"><GO type="169" lobby="0"/><UN n0="%78%69%61%6F%6B%61%6B%61" n1="%50%73%79%63%68%65" n2="%E3%81%8A%E3%81%98%E3%81%95%E3%82%93" n3="%E3%81%A4%E3%82%8B%E3%82%8B" dan="17,16,19,16" rate="2245.97,2119.75,2285.61,2171.93" sx="M,M,M,M"/><TAIKYOKU oya="0"/><INIT seed="0,0,0,5,3,133" ten="250,250,250,250" oya="0" hai0="10,46,124,45,37,88,17,131,27,106,98,90,75" hai1="30,61,122,125,74,127,99,70,3,51,43,26,72" hai2="80,39,82,114,32,111,102,85,5,78,52,20,31" hai3="62,89,109,71,23,105,64,77,57,14,8,33,44"/><T130/><D75/><U24/><E122/><V87/><F39/><W95/><G109/><T126/><D27/><U83/><E3/><V117/><F111/><W68/><G33/><T129/><D17/><U25/><E30/><V128/><F117/><W118/><G105/><T132/><D132/><U84/><E99/><V28/><F114/><W73/><G118/><T54/><D10/><U34/><E34/><V42/><F42/><W49/><G23/><T91/><D54/><U12/><E12/><V107/><F5/><W50/><G50/><T36/><D37/><U66/><E51/><V116/><F116/><W134/><G77/><T22/><D22/><U48/><E48/><V1/><F1/><W123/><G73/><T92/><D106/><U19/><E19/><V47/><F47/><N who="0" m="17930" /><D36/><U15/><E15/><V104/><F52/><W69/><G123/><T35/><D35/><U56/><E70/><V41/><F20/><W97/><G134/><T0/><D0/><U7/><E7/><V76/><F32/><W94/><G94/><T112/><D112/><U120/><E43/><V100/><REACH who="2" step="1"/><F41/><REACH who="2" ten="250,250,240,250" step="2"/><W113/><G113/><T135/><D135/><U13/><E120/><V2/><F2/><W119/><G119/><T16/><D16/><U101/><E13/><V108/><F108/><W40/><G8/><T6/><D6/><U67/><E67/><V93/><F93/><W9/><G9/><T59/><D59/><U58/><E58/><V115/><F115/><W103/><G14/><T65/><D65/><U60/><E66/><V81/><F81/><W18/><G18/><RYUUKYOKU ba="0,1" sc="250,10,250,-30,240,10,250,10" hai0="88,90,91,92,98,124,126,129,130,131" hai2="28,31,76,78,80,82,85,87,100,102,104,107,128" hai3="40,44,49,57,62,64,68,69,71,89,95,97,103" /><INIT seed="0,1,1,1,0,83" ten="260,220,250,260" oya="0" hai0="41,127,114,50,106,2,67,42,1,102,66,34,128" hai1="44,16,104,20,3,94,25,103,77,82,87,95,33" hai2="62,12,76,60,126,64,119,70,131,86,88,101,40" hai3="5,31,43,9,111,78,22,125,132,115,45,28,4"/><T37/><D34/><U6/><E33/><V23/><F126/><W56/><G115/><T113/><D102/><U85/><E104/><V100/><F131/><W96/><G125/><T110/><D127/><U123/><E123/><V107/><F119/><W57/><G111/><T97/><D50/><U47/><E3/><V118/><F118/><W26/><G132/><T36/><D97/><N who="1" m="59839" /><E6/><V105/><F76/><W29/><G78/><T81/><D81/><N who="1" m="47535" /><E94/><V54/><F40/><W32/><G5/><T112/><D114/><U116/><E116/><V91/><F91/><AGARI ba="1,1" hai="16,20,25,44,47,82,85,91" m="47535,59839" machi="91" ten="30,7700,0" yaku="8,1,52,2,54,1" doraHai="83" who="1" fromWho="2" sc="260,0,220,90,250,-80,260,0" /><INIT seed="1,0,0,2,3,99" ten="260,310,170,260" oya="1" hai0="101,3,107,116,37,51,78,33,54,118,127,85,53" hai1="19,74,125,77,43,34,135,123,44,84,134,129,113" hai2="22,63,106,10,75,45,14,112,62,24,60,79,110" hai3="38,17,46,121,6,93,90,36,8,105,124,80,109"/><U133/><E123/><V119/><F119/><W18/><G121/><T26/><D37/><U65/><E113/><V73/><F106/><W70/><G70/><T69/><D3/><U35/><E74/><V0/><F0/><W12/><G109/><T91/><D78/><U61/><E129/><V102/><F110/><W55/><G105/><T67/><D54/><U49/><E125/><V66/><F66/><W98/><G124/><T15/><D15/><U100/><E19/><V82/><F75/><W11/><G80/><T41/><D41/><U30/><E30/><V126/><F126/><W28/><G28/><N who="0" m="19607" /><D91/><U64/><E64/><V86/><F112/><W108/><G108/><T96/><D85/><U59/><REACH who="1" step="1"/><E100/><REACH who="1" ten="260,300,170,260" step="2"/><V88/><F102/><W25/><G18/><T111/><D111/><U47/><E47/><V72/><F45/><W122/><G122/><T92/><D127/><U27/><E27/><V76/><F72/><W114/><G25/><T20/><D118/><U81/><AGARI ba="0,1" hai="34,35,43,44,49,59,61,65,77,81,84,133,134,135" machi="81" ten="40,7800,0" yaku="1,1,0,1,20,1,53,0" doraHai="99" doraHaiUra="103" who="1" fromWho="1" sc="260,-26,300,88,170,-26,260,-26" /><INIT seed="1,1,0,4,2,25" ten="234,388,144,234" oya="1" hai0="69,4,26,42,29,88,61,86,112,105,106,45,135" hai1="16,19,33,9,12,80,76,107,133,22,73,127,98" hai2="27,5,23,31,51,36,21,0,119,20,99,101,46" hai3="72,50,120,10,118,100,110,34,84,81,83,14,59"/><U1/><E133/><V37/><F119/><W62/><G120/><T67/><D135/><U122/><E122/><V63/><F63/><W13/><G34/><T65/><D67/><U53/><E127/><V30/><F5/><W49/><G110/><T94/><D112/><U87/><E33/><V55/><F0/><W130/><G130/><T15/><D15/><U121/><E121/><V123/><F123/><W131/><G131/><T71/><D71/><U57/><E1/><V75/><F75/><W102/><G14/><T3/><D4/><U74/><E107/><V92/><REACH who="2" step="1"/><F27/><REACH who="2" ten="234,388,134,234" step="2"/><W2/><G2/><T17/><D3/><U48/><REACH who="1" step="1"/><E98/><REACH who="1" ten="234,378,134,234" step="2"/><V52/><F52/><W11/><G118/><T78/><D65/><U134/><E134/><V90/><F90/><W115/><G115/><T116/><D88/><U18/><E18/><V8/><F8/><W82/><G10/><T6/><D17/><U132/><E132/><V114/><F114/><W111/><G11/><T95/><D6/><U108/><E108/><V43/><F43/><W28/><G111/><T32/><D42/><U58/><E58/><V125/><F125/><W85/><G59/><T79/><D116/><U39/><E39/><AGARI ba="1,2" hai="20,21,23,30,31,36,37,39,46,51,55,92,99,101" machi="39" ten="40,8000,1" yaku="1,1,52,2,53,1" doraHai="25" doraHaiUra="41" who="2" fromWho="1" sc="234,0,378,-83,134,103,234,0" /><INIT seed="2,0,0,5,0,101" ten="234,295,237,234" oya="2" hai0="9,51,55,123,130,57,54,22,16,23,128,24,40" hai1="80,10,109,90,92,0,85,75,7,76,11,120,17" hai2="108,30,135,113,58,98,31,71,64,60,20,112,107" hai3="81,125,2,25,96,62,83,44,34,56,33,99,29"/><V18/><F135/><W26/><G2/><T19/><D123/><U21/><E109/><V12/><F108/><W131/><G131/><T77/><D40/><U53/><E120/><V63/><F98/><W126/><G44/><T91/><D77/><U100/><E11/><V49/><F49/><W8/><G8/><T50/><D9/><U114/><E114/><V66/><REACH who="2" step="1"/><F107/><REACH who="2" ten="234,295,227,234" step="2"/><W52/><G99/><T82/><D130/><U87/><E100/><V35/><F35/><W69/><G96/><T119/><D128/><U122/><E122/><V46/><F46/><W13/><G34/><T132/><D132/><U41/><E41/><V93/><F93/><W95/><G95/><T88/><D119/><U110/><E110/><V127/><F127/><W118/><G118/><T14/><D82/><U37/><E37/><V124/><F124/><W1/><G81/><T4/><D4/><U84/><REACH who="1" step="1"/><E53/><REACH who="1" ten="234,285,227,234" step="2"/><V59/><F59/><AGARI ba="0,2" hai="14,16,19,22,23,24,50,51,54,55,57,59,88,91" machi="59" ten="30,8000,1" yaku="7,1,9,1,8,1,54,2" doraHai="101" who="0" fromWho="2" sc="234,100,285,0,227,-80,234,0" /><INIT seed="3,0,0,1,1,23" ten="334,285,147,234" oya="3" hai0="63,104,112,55,134,129,44,56,114,97,9,67,12" hai1="26,90,20,121,39,60,43,25,1,42,110,36,87" hai2="99,58,10,127,78,132,79,6,21,8,69,85,115" hai3="38,33,94,71,11,102,75,3,116,50,17,24,4"/><W105/><G38/><T122/><D122/><U100/><E121/><V119/><F69/><W46/><G105/><T14/><D134/><U126/><E1/><V107/><F119/><W22/><G116/><T48/><D129/><U89/><E100/><V93/><F115/><N who="0" m="44074" /><D9/><U40/><E110/><V133/><F127/><W123/><G123/><T53/><D55/><U59/><E126/><V30/><F107/><W80/><G71/><T28/><D28/><U34/><E34/><V131/><F131/><W118/><G118/><T32/><D32/><U65/><E90/><V37/><F37/><W35/><G102/><AGARI ba="0,0" hai="12,14,44,48,53,56,63,67,97,102,104" m="44074" machi="102" ten="30,1000,0" yaku="11,1" doraHai="23" who="0" fromWho="3" sc="334,10,285,0,147,0,234,-10" /><INIT seed="4,0,0,0,4,6" ten="344,285,147,224" oya="0" hai0="23,99,89,29,114,116,86,12,52,95,102,121,105" hai1="53,83,77,128,24,26,93,108,9,10,39,32,127" hai2="79,42,51,76,71,133,67,130,122,109,82,91,4" hai3="112,62,113,118,73,68,7,60,61,85,132,16,13"/><T72/><D121/><U131/><E39/><V75/><F122/><W74/><G118/><T45/><D116/><U21/><E108/><V44/><F109/><W134/><G68/><T87/><D72/><N who="3" m="27753" /><G7/><T37/><D114/><N who="3" m="44137" /><G85/><T129/><D129/><N who="1" m="49739" /><E127/><V124/><F130/><W17/><G13/><T65/><D87/><N who="1" m="48623" /><E93/><V64/><F124/><W123/><G123/><T115/><D115/><U41/><E41/><V40/><F79/><W20/><G20/><T135/><D23/><U50/><E32/><V54/><F76/><W5/><G5/><T59/><D37/><U56/><E26/><V125/><F75/><W35/><G35/><T100/><D86/><U104/><E104/><V126/><F126/><W11/><G11/><T33/><D105/><U117/><E117/><V14/><F125/><W107/><G107/><T2/><D33/><U55/><E55/><V47/><F82/><W28/><G28/><AGARI ba="0,0" hai="9,10,21,24,28,50,53,56" m="48623,49739" machi="28" ten="30,3900,0" yaku="19,1,52,2" doraHai="6" who="1" fromWho="3" sc="344,0,285,39,147,0,224,-39" /><INIT seed="5,0,0,5,0,98" ten="344,324,147,185" oya="1" hai0="108,11,90,69,1,52,59,63,2,68,106,89,88" hai1="126,96,91,9,71,111,12,27,47,107,51,115,128" hai2="132,13,99,110,86,29,134,124,78,50,105,19,70" hai3="72,92,122,64,121,76,101,79,25,26,31,103,130"/><U28/><E71/><V38/><F38/><W23/><G130/><T53/><D108/><U81/><E128/><V100/><F70/><W119/><G119/><T20/><D106/><U21/><E111/><V10/><F110/><W80/><G64/><T35/><D35/><U41/><E115/><V42/><F124/><W61/><G61/><T117/><D117/><U14/><E126/><V37/><F37/><W36/><G36/><T85/><D85/><U5/><E107/><V129/><F129/><W104/><G104/><T120/><D20/><U75/><E75/><V65/><F65/><W73/><G92/><T24/><D24/><U44/><E44/><V57/><F29/><W8/><G8/><T112/><D120/><U62/><E62/><V54/><REACH who="2" step="1"/><F42/><REACH who="2" ten="344,324,137,185" step="2"/><W133/><G133/><T60/><D69/><U30/><E30/><V66/><F66/><W32/><G121/><T7/><D112/><U135/><E135/><V127/><F127/><W118/><G122/><T94/><D68/><U77/><E41/><V95/><F95/><W123/><G123/><T46/><D94/><U48/><E28/><V93/><F93/><W109/><G109/><T22/><D2/><U16/><E96/><V82/><AGARI ba="0,1" hai="10,13,19,50,54,57,78,82,86,99,100,105,132,134" machi="82" ten="30,4000,0" yaku="1,1,0,1,52,1,53,0" doraHai="98" doraHaiUra="56" who="2" fromWho="2" sc="344,-10,324,-20,137,50,185,-10" /><INIT seed="6,0,0,0,4,0" ten="334,304,187,175" oya="2" hai0="81,23,48,107,88,8,47,63,99,19,90,44,130" hai1="33,12,21,60,134,77,35,80,61,120,22,86,105" hai2="102,26,72,38,131,56,104,5,94,101,54,67,62" hai3="64,123,82,2,18,84,127,135,25,50,83,55,13"/><V119/><F119/><W95/><G123/><T103/><D130/><U115/><E105/><V4/><F131/><W108/><G108/><T42/><D63/><U96/><E120/><V57/><F72/><W15/><G2/><T78/><D47/><U71/><E115/><V29/><F38/><W10/><G127/><T59/><D59/><U106/><E134/><V74/><F74/><W93/><G135/><T122/><D8/><U92/><E106/><V14/><F104/><W73/><G64/><T16/><D19/><U98/><E71/><V109/><F109/><W132/><G132/><T58/><D58/><U43/><E43/><V133/><F133/><W124/><G124/><T9/><D9/><U11/><E35/><V6/><F14/><W28/><G73/><T87/><REACH who="0" step="1"/><D122/><REACH who="0" ten="324,304,187,175" step="2"/><U129/><E61/><N who="2" m="35991" /><F94/><W41/><G82/><T75/><D75/><U85/><E60/><V17/><F17/><W30/><G30/><T51/><D51/><U40/><E129/><V39/><F39/><W114/><G93/><T76/><D76/><U24/><E92/><V53/><F67/><W65/><G65/><T121/><D121/><U118/><E80/><V52/><F53/><W79/><G95/><T31/><D31/><U69/><E77/><V89/><F89/><W37/><G37/><T126/><D126/><U27/><E11/><V113/><F113/><W3/><G114/><T117/><D117/><U110/><E118/><V46/><F46/><N who="3" m="25935" /><G55/><T70/><D70/><U91/><E69/><V49/><F62/><W20/><G18/><T32/><D32/><U36/><E33/><RYUUKYOKU ba="0,1" sc="324,10,304,-30,187,10,175,10" hai0="16,23,42,44,48,78,81,87,88,90,99,103,107" hai2="4,5,6,26,29,49,52,57,101,102" hai3="3,10,13,15,20,25,28,79,83,84" /><INIT seed="6,1,1,1,4,106" ten="334,274,197,185" oya="2" hai0="119,37,91,127,23,130,98,46,115,6,120,125,121" hai1="93,131,128,70,123,99,9,28,14,89,17,126,57" hai2="95,77,102,109,24,51,44,68,114,135,118,72,67" hai3="80,32,90,11,4,3,29,79,25,27,97,103,82"/><V100/><F118/><W64/><G64/><T122/><D6/><U124/><E70/><V73/><F114/><W84/><G27/><T21/><D115/><U39/><E39/><V42/><F135/><W76/><REACH who="3" step="1"/><G82/><REACH who="3" ten="334,274,197,175" step="2"/><T56/><D122/><U47/><E123/><V10/><F67/><W18/><G18/><T112/><D121/><U12/><E17/><V71/><F109/><W53/><G53/><T59/><D120/><U1/><E131/><V22/><F71/><W78/><G78/><T101/><D130/><U30/><E128/><V33/><F68/><W113/><G113/><T60/><D112/><U8/><E126/><V58/><F77/><W38/><G38/><T35/><D37/><U117/><E124/><V0/><F33/><W13/><G13/><T15/><D15/><U96/><E14/><V7/><F58/><W92/><AGARI ba="1,2" hai="3,4,11,25,29,32,76,79,80,84,90,92,97,103" machi="92" ten="20,5200,0" yaku="1,1,0,1,7,1,53,1" doraHai="106" doraHaiUra="2" who="3" fromWho="3" sc="334,-14,274,-14,197,-27,175,75" /><INIT seed="7,0,0,5,3,69" ten="320,260,170,250" oya="3" hai0="76,128,131,33,100,22,77,83,31,123,101,55,85" hai1="11,111,99,134,64,6,39,90,116,67,8,42,34" hai2="28,9,71,132,73,81,74,25,24,36,106,29,120" hai3="88,51,61,40,32,16,95,12,54,93,121,104,129"/><W70/><G121/><T21/><D123/><U84/><E34/><V130/><F120/><W109/><G32/><T27/><D55/><U53/><E111/><V46/><F106/><W19/><G104/><T119/><D119/><U96/><E116/><V89/><F71/><W79/><G129/><N who="0" m="49739" /><D77/><U92/><E134/><V58/><F130/><W94/><G109/><T43/><D43/><U105/><E53/><V82/><F9/><N who="3" m="6159" /><G79/><T20/><AGARI ba="0,0" hai="20,21,22,27,31,33,76,83,85,100,101" m="49739" machi="20" ten="30,1100,0" yaku="19,1" doraHai="69" who="0" fromWho="0" sc="320,11,260,-3,170,-3,250,-5" owari="331,43.1,257,5.7,167,-33.3,245,-15.5" /></mjloggm>