<mjloggm ver="2.3"><GO type="169" lobby="0"/><UN n0="%41%4C%50%45%52%49%4E" n1="%E8%8B%A5%E7%8B%AD%E6%82%A0%E9%87%8C" n2="%73%6F%72%75%6B%61%6E%6F" n3="%4A%49%4D" dan="16,16,16,17" rate="2131.71,2059.68,2088.50,2183.93" sx="M,M,M,F"/><TAIKYOKU oya="0"/><INIT seed="0,0,0,5,4,114" ten="250,250,250,250" oya="0" hai0="80,131,81,15,13,44,6,38,19,120,55,51,0" hai1="85,132,20,2,11,79,30,86,108,33,93,32,103" hai2="71,129,70,25,134,99,65,43,76,124,18,24,12" hai3="47,46,116,77,8,97,29,109,102,17,75,4,69"/><T104/><D120/><U53/><E108/><V121/><F121/><W100/><G69/><T10/><D104/><U9/><E132/><V115/><F115/><W63/><G29/><T1/><D131/><U87/><E79/><V89/><F134/><W98/><G17/><T117/><D117/><U7/><E53/><V72/><F124/><W52/><G109/><T31/><D31/><U50/><E50/><V66/><F43/><W5/><G75/><T36/><D13/><U82/><E82/><V62/><F76/><W59/><G77/><T49/><D0/><U123/><E9/><V118/><F72/><W111/><G111/><T40/><D51/><U90/><E103/><V125/><F125/><W107/><G116/><T41/><D41/><U95/><E123/><V113/><F113/><W35/><G35/><T94/><D94/><U83/><E95/><V67/><F129/><W91/><G91/><T73/><D73/><U22/><E32/><V60/><F67/><W57/><G59/><T92/><D92/><U14/><E2/><V96/><F118/><W28/><G28/><T122/><D122/><U135/><E135/><V78/><F78/><W105/><REACH who="3" step="1"/><G4/><REACH who="3" ten="250,250,250,240" step="2"/><T21/><D38/><U84/><E83/><V119/><F119/><W27/><G27/><T3/><D81/><U74/><E74/><V133/><F133/><W34/><G34/><T48/><D80/><U112/><E112/><V26/><REACH who="2" step="1"/><F89/><REACH who="2" ten="250,250,240,240" step="2"/><W45/><G45/><N who="0" m="28047" /><D36/><U128/><E128/><V58/><F58/><W110/><G110/><T64/><D64/><U126/><E126/><V106/><F106/><RYUUKYOKU ba="0,2" sc="250,0,250,0,240,0,240,0" hai0="1,3,6,10,15,19,21,40,44,49" hai1="7,11,14,20,22,30,33,84,85,86,87,90,93" hai2="12,18,24,25,26,60,62,65,66,70,71,96,99" hai3="5,8,46,47,52,57,63,97,98,100,102,105,107" /><INIT seed="0,1,2,4,2,15" ten="250,250,240,240" oya="0" hai0="129,43,89,37,135,86,113,30,95,132,110,11,77" hai1="82,59,109,12,50,85,0,25,116,121,64,75,81" hai2="26,104,13,117,28,68,1,101,118,133,58,62,48" hai3="131,63,61,20,51,40,23,65,7,122,76,114,66"/><T78/><D113/><U127/><E0/><V32/><F1/><W97/><G114/><T79/><D30/><U5/><E116/><N who="2" m="44651" /><F133/><N who="0" m="51274" /><D37/><U27/><E75/><V125/><F125/><W71/><G7/><T103/><D43/><U18/><E5/><V35/><F48/><W60/><G131/><T124/><D11/><U14/><E109/><V8/><F35/><W94/><G76/><N who="0" m="29291" /><D124/><U70/><E127/><V69/><F13/><W46/><G122/><T4/><D4/><U87/><E121/><V41/><F41/><W106/><G106/><T84/><D129/><U2/><E2/><V90/><F8/><W45/><G45/><T111/><D103/><U73/><E73/><V49/><F49/><W31/><G31/><T91/><N who="0" m="29299" /><T44/><DORA hai="96" /><D44/><U34/><E50/><V39/><F39/><W17/><G71/><T55/><D55/><U83/><E70/><V126/><F126/><W102/><REACH who="3" step="1"/><G23/><REACH who="3" ten="250,250,240,230" step="2"/><T120/><D120/><U3/><E34/><V42/><F69/><W99/><G99/><T107/><D107/><U10/><E3/><V29/><F68/><W6/><G6/><T80/><AGARI ba="1,3" hai="80,84,86,89,91,95,110,111" m="29299,51274" machi="80" ten="40,7800,0" yaku="20,1,34,2" doraHai="15,96" who="0" fromWho="0" sc="250,111,250,-27,240,-27,230,-27" /><INIT seed="0,2,0,1,2,94" ten="361,223,213,203" oya="0" hai0="54,77,96,47,4,112,44,12,6,100,15,19,119" hai1="93,67,1,86,115,99,126,107,50,39,58,2,0" hai2="85,80,108,74,49,7,95,22,68,105,82,72,122" hai3="37,104,11,98,56,128,29,28,62,41,69,17,135"/><T3/><D112/><U42/><E115/><V73/><F122/><W66/><G128/><T26/><D119/><U21/><E107/><V92/><F108/><W117/><G117/><T76/><D3/><U89/><E126/><V32/><F32/><W55/><G135/><T16/><D26/><U57/><E39/><V10/><F105/><W34/><G34/><T38/><D38/><U84/><E67/><V113/><F68/><W83/><G83/><T65/><D54/><U111/><E111/><V132/><F132/><W120/><G120/><T81/><D81/><U61/><E21/><V27/><F82/><W118/><G118/><T45/><D65/><U48/><E61/><V110/><F110/><W124/><G124/><T101/><D45/><U106/><E106/><V78/><F49/><W43/><G43/><T24/><D24/><U125/><E125/><V9/><F9/><W116/><G116/><T109/><D109/><U79/><E79/><V91/><F78/><W35/><G35/><T71/><D71/><U123/><E123/><V134/><F134/><W114/><G114/><T31/><REACH who="0" step="1"/><D96/><REACH who="0" ten="351,223,213,203" step="2"/><U51/><REACH who="1" step="1"/><E42/><REACH who="1" ten="351,213,213,203" step="2"/><V25/><F113/><W70/><G41/><T127/><D127/><U18/><E18/><V46/><F27/><W75/><G37/><T121/><D121/><U103/><E103/><V102/><F102/><N who="3" m="62551" /><G69/><T97/><D97/><U60/><E60/><V90/><F25/><W13/><G70/><T63/><D63/><U87/><AGARI ba="2,2" hai="0,1,2,48,50,51,57,58,84,86,87,89,93,99" machi="87" ten="40,8000,1" yaku="1,1,0,1,29,2,52,1,53,0" doraHai="94" doraHaiUra="36" who="1" fromWho="1" sc="351,-42,213,106,213,-22,203,-22" /><INIT seed="1,0,0,5,1,11" ten="309,319,191,181" oya="1" hai0="40,59,9,95,89,60,110,115,4,10,117,49,109" hai1="78,56,26,118,45,105,5,55,7,41,128,21,65" hai2="106,111,35,98,133,92,6,58,119,107,69,134,77" hai3="22,15,82,36,62,43,103,2,74,101,126,80,112"/><U53/><E118/><V57/><F119/><W33/><G112/><T100/><D117/><U23/><E105/><V93/><F69/><W39/><G2/><T84/><D115/><U129/><E78/><V67/><F6/><W124/><G33/><T90/><D100/><U51/><E65/><V38/><F35/><W46/><G62/><T75/><D75/><U63/><E53/><V29/><F77/><W83/><G39/><T24/><D24/><U3/><E23/><V121/><F38/><W27/><G74/><T85/><D49/><U116/><E3/><V31/><F98/><W64/><G64/><T120/><D40/><U99/><E99/><V96/><F96/><W13/><G103/><T8/><D120/><U73/><E73/><V48/><F67/><W125/><G101/><T68/><D68/><U52/><E55/><V34/><F48/><W135/><G135/><T131/><D131/><N who="1" m="50251" /><E116/><V108/><REACH who="2" step="1"/><F34/><REACH who="2" ten="309,319,181,181" step="2"/><W127/><N who="3" m="31744" /><DORA hai="47" /><W76/><G76/><T25/><D4/><U132/><E132/><V130/><F130/><W88/><REACH who="3" step="1"/><G88/><REACH who="3" ten="309,319,181,171" step="2"/><T86/><D90/><U123/><E123/><AGARI ba="0,2" hai="29,31,57,58,92,93,106,107,108,111,121,123,133,134" machi="123" ten="25,3200,0" yaku="1,1,22,2,53,0" doraHai="11,47" doraHaiUra="37,19" who="2" fromWho="1" sc="309,0,319,-32,181,52,171,0" /><INIT seed="2,0,0,1,1,84" ten="309,287,233,171" oya="2" hai0="109,73,37,25,133,115,67,60,56,48,12,33,126" hai1="59,34,85,62,87,15,58,10,9,130,76,134,102" hai2="22,112,51,128,32,7,18,72,122,78,99,55,66" hai3="23,28,43,5,69,65,92,101,94,20,63,82,105"/><V16/><F112/><W54/><G43/><T93/><D115/><U0/><E34/><V131/><F122/><W110/><G5/><T125/><D37/><U1/><E102/><V127/><F32/><W100/><G110/><T124/><D73/><U26/><E26/><V81/><F127/><W41/><G41/><T113/><D113/><U2/><E134/><V89/><F7/><W68/><G82/><T3/><D3/><U119/><E130/><N who="2" m="49707" /><F66/><W74/><G74/><T14/><D109/><U17/><E9/><V6/><F6/><W29/><G63/><T79/><D133/><U117/><E59/><N who="2" m="33279" /><F22/><W123/><G65/><T88/><D79/><U61/><E61/><V103/><F89/><W70/><G70/><T49/><D25/><U71/><E71/><V96/><F96/><W38/><G123/><T104/><D33/><U75/><E119/><V107/><AGARI ba="0,0" hai="16,18,72,78,81,99,103,107" m="33279,49707" machi="107" ten="30,3000,0" yaku="19,1,54,1" doraHai="84" who="2" fromWho="2" sc="309,-10,287,-10,233,30,171,-10" /><INIT seed="2,1,0,4,0,0" ten="299,277,263,161" oya="2" hai0="10,64,40,85,101,125,36,62,58,63,131,133,43" hai1="12,6,22,17,70,16,124,15,81,61,41,130,52" hai2="35,108,73,53,14,9,66,128,86,120,28,84,33" hai3="78,18,60,116,75,102,34,30,59,27,13,11,110"/><V92/><F120/><W99/><G116/><T100/><D125/><U19/><E124/><V87/><F73/><W122/><G122/><T56/><D133/><U94/><E130/><V48/><F128/><W88/><G110/><T79/><D131/><U24/><E41/><V23/><F66/><W38/><G38/><T25/><D25/><U89/><E81/><V4/><F108/><W96/><G102/><T126/><D126/><U111/><E70/><V32/><F23/><W45/><G45/><T37/><D10/><N who="1" m="4183" /><E111/><V97/><F28/><W83/><REACH who="3" step="1"/><G88/><REACH who="3" ten="299,277,263,151" step="2"/><T106/><D37/><U29/><E89/><V103/><REACH who="2" step="1"/><F86/><REACH who="2" ten="299,277,253,151" step="2"/><W109/><G109/><T74/><D85/><U55/><E94/><V21/><F21/><W114/><G114/><T49/><D74/><U5/><E61/><V95/><F95/><W121/><G121/><T67/><D63/><U134/><E134/><V72/><F72/><W51/><G51/><T127/><D62/><U117/><E117/><V65/><F65/><AGARI ba="1,2" hai="11,13,18,27,30,34,59,60,65,75,78,83,96,99" machi="65" ten="30,2000,0" yaku="1,1,7,1,53,0" doraHai="0" doraHaiUra="129" who="3" fromWho="2" sc="299,0,277,0,253,-23,151,43" /><INIT seed="3,0,0,3,0,22" ten="299,277,230,194" oya="3" hai0="34,120,100,42,56,107,98,111,88,5,113,31,55" hai1="68,46,129,90,60,36,73,14,118,86,104,51,99" hai2="97,43,115,4,131,30,67,117,53,124,82,132,45" hai3="93,52,61,11,116,75,102,64,23,127,48,76,44"/><W112/><G112/><T65/><D120/><U57/><E73/><V2/><F115/><W81/><G116/><T70/><D111/><U121/><E121/><V84/><F117/><W74/><G127/><T91/><D113/><U72/><E72/><V25/><F124/><W128/><G128/><T114/><D114/><U40/><E129/><V10/><F132/><W21/><G75/><T28/><D42/><U6/><E68/><V24/><F131/><W119/><G119/><T12/><D31/><U83/><E36/><V38/><F30/><W85/><G11/><T87/><D12/><U125/><E125/><V49/><F97/><W54/><G54/><T15/><D15/><U69/><E69/><V18/><F18/><W105/><G105/><T50/><D87/><U135/><E135/><V33/><F67/><W20/><G102/><T32/><D5/><U123/><E123/><V89/><REACH who="2" step="1"/><F33/><REACH who="2" ten="299,277,220,194" step="2"/><W130/><G130/><T106/><D32/><U59/><E99/><V17/><F17/><W134/><G134/><T126/><D126/><U103/><E118/><V1/><F1/><W26/><G74/><T63/><D107/><U7/><E104/><V96/><F96/><W8/><G93/><T58/><D58/><AGARI ba="0,1" hai="2,4,10,24,25,38,43,45,49,53,58,82,84,89" machi="58" ten="30,7700,0" yaku="1,1,7,1,52,2,53,0" doraHai="22" doraHaiUra="19" who="2" fromWho="0" sc="299,-77,277,0,220,87,194,0" /><INIT seed="4,0,0,2,5,30" ten="222,277,307,194" oya="0" hai0="43,22,131,126,83,122,12,113,92,132,14,80,48" hai1="106,6,87,108,100,123,20,26,25,24,68,90,27" hai2="0,28,72,114,35,115,42,51,18,3,67,75,29" hai3="118,71,130,33,109,73,84,19,74,102,56,91,66"/><T95/><D113/><N who="2" m="43018" /><F67/><W45/><G109/><T79/><D122/><U32/><E123/><V133/><F133/><W21/><G118/><T2/><D2/><U85/><E68/><V116/><F116/><W13/><G71/><T65/><D132/><U37/><E37/><V63/><F63/><W89/><G102/><T9/><D126/><U44/><E44/><N who="2" m="26007" /><F18/><W57/><G130/><T41/><D65/><U134/><E108/><V99/><F99/><W82/><G45/><N who="0" m="25663" /><D41/><U8/><E134/><V49/><F49/><W62/><G57/><T103/><D131/><U110/><E110/><V10/><F10/><W101/><G101/><T128/><D128/><U31/><E100/><V117/><F117/><W86/><REACH who="3" step="1"/><G33/><REACH who="3" ten="222,277,307,184" step="2"/><T127/><D103/><U59/><E59/><V64/><F35/><W119/><G119/><T53/><D127/><U135/><E135/><V94/><F64/><W11/><G11/><T52/><D9/><U76/><E8/><V46/><F0/><W120/><G120/><T47/><D47/><U69/><E69/><V97/><F46/><W17/><G17/><T36/><D22/><U55/><E20/><V93/><F3/><W39/><G39/><T58/><D36/><U5/><E32/><V96/><F28/><W70/><G70/><T15/><D58/><U54/><E31/><V98/><F29/><W111/><G111/><T112/><D112/><U121/><N who="1" m="6144" /><DORA hai="124" /><U34/><E34/><V105/><F105/><W78/><G78/><T77/><D77/><U16/><E121/><V61/><F72/><W107/><G107/><T40/><D79/><RYUUKYOKU ba="0,1" sc="222,-10,277,-10,307,-10,184,30" hai3="13,19,21,56,62,66,73,74,82,84,86,89,91" /><INIT seed="5,1,1,1,2,66" ten="212,267,297,214" oya="1" hai0="13,0,6,14,12,46,135,76,53,24,40,51,7" hai1="21,70,27,106,50,49,107,117,81,68,26,133,9" hai2="80,54,97,19,72,32,93,82,20,134,10,111,43" hai3="101,122,118,109,67,89,58,104,17,94,23,73,105"/><U90/><E117/><V92/><F32/><W127/><G122/><T29/><D135/><U77/><E90/><V124/><F111/><W42/><G109/><T4/><D76/><U126/><E126/><V38/><F134/><W83/><G127/><T85/><D85/><U88/><E133/><V108/><F72/><W3/><G3/><T5/><N who="0" m="1024" /><DORA hai="129" /><T18/><D0/><U74/><E9/><V96/><F10/><W130/><G130/><T116/><D116/><U11/><E11/><V64/><F64/><W62/><G42/><T75/><D75/><U86/><E27/><V52/><F43/><W84/><G118/><T121/><D121/><U22/><E22/><V60/><F38/><W16/><G17/><T47/><D18/><U8/><E8/><V63/><F19/><W39/><G39/><T56/><REACH who="0" step="1"/><D40/><REACH who="0" ten="202,267,297,214" step="2"/><U61/><E77/><V123/><F123/><W110/><G110/><T91/><D91/><U2/><E74/><V69/><F108/><W114/><G73/><T44/><D44/><U79/><E79/><V95/><F124/><W65/><G84/><T115/><D115/><U34/><E2/><V41/><F41/><W78/><G114/><T128/><D128/><U131/><E131/><V99/><F82/><W103/><G83/><T119/><D119/><U100/><E81/><V120/><F80/><W59/><G78/><T37/><D37/><U28/><E86/><V33/><F120/><W48/><G89/><T102/><D102/><U87/><E88/><V55/><F97/><N who="3" m="59575" /><G103/><T113/><D113/><U25/><E87/><V71/><F99/><RYUUKYOKU ba="1,2" sc="202,30,267,-10,297,-10,214,-10" hai0="12,13,14,24,29,46,47,51,53,56" /><INIT seed="6,2,2,4,3,130" ten="232,257,287,204" oya="2" hai0="14,7,72,84,13,91,103,20,78,36,109,39,100" hai1="5,61,126,2,11,0,110,125,31,85,128,60,25" hai2="108,64,63,132,79,40,65,68,67,59,99,123,124" hai3="51,27,83,119,37,4,129,88,12,92,32,105,117"/><V22/><F123/><W69/><G37/><T33/><D109/><U133/><E110/><V104/><F108/><W93/><G105/><T30/><D33/><U41/><E128/><V76/><F124/><N who="1" m="47721" /><E133/><V114/><F132/><W45/><G69/><T50/><D72/><U94/><E41/><V77/><F114/><W75/><G129/><T1/><D78/><U81/><E94/><V10/><F68/><W24/><G93/><N who="0" m="54503" /><D1/><U131/><E0/><V95/><F104/><W135/><G135/><T111/><D39/><U74/><E74/><V87/><F87/><W48/><G32/><T86/><D36/><U121/><E121/><V115/><F115/><W46/><G119/><T97/><D86/><U18/><E18/><V54/><F40/><N who="3" m="24615" /><G83/><T122/><D122/><U73/><E73/><V35/><F35/><W6/><G117/><T23/><D111/><U43/><E43/><V42/><F42/><N who="3" m="25047" /><G75/><T38/><D38/><U19/><E131/><V8/><F22/><N who="0" m="8234" /><D30/><U98/><E98/><V71/><F71/><W21/><G21/><T89/><D50/><U134/><E134/><V112/><F112/><W47/><G27/><T57/><D14/><U44/><E44/><V49/><F49/><W9/><G47/><T34/><D34/><N who="1" m="20847" /><E19/><V116/><F116/><W26/><G4/><T96/><D57/><U80/><E80/><V16/><F16/><W107/><G107/><T56/><D56/><U90/><AGARI ba="2,2" hai="2,5,11,60,61,81,85,90" m="20847,47721" machi="90" ten="30,1100,0" yaku="18,1" doraHai="130" who="1" fromWho="1" sc="232,-5,257,37,287,-7,204,-5" /><INIT seed="7,0,0,1,2,54" ten="227,294,280,199" oya="3" hai0="126,70,18,86,59,21,34,47,90,108,122,37,135" hai1="23,58,30,98,38,5,133,31,104,130,65,2,24" hai2="69,99,102,71,107,27,81,120,66,9,75,88,100" hai3="105,128,11,44,79,14,93,94,51,7,74,32,134"/><W6/><G105/><T35/><D70/><U25/><E38/><V36/><F102/><W39/><G32/><T131/><D108/><U41/><E41/><V40/><F120/><W56/><G128/><T106/><D106/><U17/><E130/><V1/><F66/><W103/><G134/><T3/><D3/><U76/><E76/><V15/><F1/><W45/><G6/><T60/><D131/><U116/><E116/><V16/><F27/><W46/><G39/><T68/><D68/><U85/><E85/><V10/><F10/><W78/><G74/><T83/><D126/><U29/><E133/><V63/><F63/><W84/><G103/><T91/><D91/><U43/><E43/><V119/><F119/><W114/><G114/><T73/><D73/><U52/><E65/><V20/><F9/><W26/><G26/><T125/><D125/><U19/><E2/><V53/><F53/><N who="3" m="31807" /><G79/><T117/><D117/><U64/><E64/><V55/><F75/><W123/><G123/><T127/><D122/><U101/><E5/><V42/><F42/><W80/><AGARI ba="0,0" hai="7,11,14,44,45,46,78,80,84,93,94" m="31807" machi="80" ten="30,3000,0" yaku="8,1,52,1" doraHai="54" who="3" fromWho="3" sc="227,-10,294,-10,280,-10,199,30" /><INIT seed="7,1,0,0,0,104" ten="217,284,270,229" oya="3" hai0="89,123,78,110,70,24,14,102,81,128,120,55,26" hai1="17,56,44,7,6,47,11,0,8,27,62,73,1" hai2="112,32,36,95,77,34,50,97,126,79,15,38,122" hai3="40,46,118,80,13,101,65,63,108,5,90,82,130"/><W39/><G118/><T100/><D70/><U98/><E73/><V106/><F106/><W10/><G130/><T31/><D128/><U4/><E4/><V58/><F112/><W96/><G90/><T119/><D119/><U121/><E121/><V52/><F122/><W35/><G35/><T57/><D110/><U48/><E98/><V135/><F135/><W91/><G91/><T42/><D123/><U30/><E17/><V37/><F15/><W64/><G108/><T71/><D71/><U87/><E48/><V124/><F32/><W134/><G134/><T67/><D120/><U3/><E87/><V109/><F34/><W115/><G115/><T75/><D67/><U127/><E127/><N who="2" m="48683" /><F109/><W33/><G33/><T21/><D42/><U74/><E74/><V99/><F99/><W129/><G129/><T16/><D89/><AGARI ba="1,0" hai="36,37,38,50,52,58,77,79,89,95,97" m="48683" machi="89" ten="40,2600,0" yaku="18,1,54,1" doraHai="104" who="2" fromWho="0" sc="217,-29,284,0,270,29,229,0" /><INIT seed="8,0,0,2,4,76" ten="188,284,299,229" oya="0" hai0="31,119,60,67,124,94,115,110,120,87,5,34,99" hai1="28,91,32,111,75,2,92,90,118,129,133,84,22" hai2="83,126,114,72,74,42,127,56,39,116,62,58,1" hai3="52,86,88,77,65,29,68,10,117,64,27,112,0"/><T36/><D119/><U81/><E32/><V80/><F116/><W104/><G104/><T38/><D120/><U61/><E111/><V53/><F1/><W97/><G112/><T134/><D115/><U96/><E118/><V101/><F101/><W82/><G117/><T8/><D110/><U63/><E75/><N who="2" m="28715" /><F58/><W15/><G0/><T66/><D124/><N who="2" m="47658" /><F114/><W17/><G68/><T41/><D134/><U14/><E129/><V89/><F89/><W45/><G97/><T69/><D67/><U46/><E2/><V109/><F109/><W16/><G17/><T70/><D70/><U18/><E133/><V47/><AGARI ba="0,0" hai="39,42,47,53,56,62,80,83" m="47658,28715" machi="47" ten="40,5200,0" yaku="18,1,52,2" doraHai="76" who="2" fromWho="2" sc="188,-26,284,-13,299,52,229,-13" owari="162,-33.8,271,7.1,351,45.1,216,-18.4" /></mjloggm>