<mjloggm ver="2.3"><GO type="169" lobby="0"/><UN n0="%E8%B2%A1%E5%89%8D%E5%8F%88%E4%B8%80" n1="%EF%BC%A9%EF%BC%A3%EF%BC%A8%EF%BC%A9" n2="%61%6E%79%61%64%72%61" n3="%E3%82%88%E3%81%86%E3%81%B8%E3%83%BC%58" dan="17,17,16,16" rate="2187.40,2126.82,2099.33,2134.21" sx="M,M,M,M"/><TAIKYOKU oya="0"/><INIT seed="0,0,0,2,0,42" ten="250,250,250,250" oya="0" hai0="83,90,72,81,85,135,32,108,65,45,82,53,8" hai1="104,76,21,92,131,10,52,66,61,4,22,110,133" hai2="99,6,49,115,64,1,69,116,84,121,63,60,56" hai3="97,86,87,74,73,27,9,58,129,119,114,70,123"/><T105/><D32/><U0/><E104/><V89/><F121/><W112/><G70/><T59/><D105/><U118/><E118/><V15/><F116/><W40/><G40/><T35/><D35/><U39/><E39/><V44/><F115/><N who="3" m="44075" /><G58/><T93/><D135/><U106/><E106/><V122/><F122/><W12/><G12/><T75/><D65/><U3/><E131/><V127/><F127/><W31/><G27/><T19/><D108/><U2/><E133/><V98/><F1/><W24/><G24/><T55/><D55/><U62/><E76/><V67/><F15/><W13/><G13/><N who="0" m="7591" /><D75/><N who="3" m="28681" /><G31/><T33/><D72/><U126/><E110/><V124/><F124/><W51/><G9/><T46/><D33/><U94/><E126/><V34/><F6/><W128/><G51/><AGARI ba="0,0" hai="45,46,51,53,59,81,82,83,85,90,93" m="7591" machi="51" ten="30,5800,0" yaku="8,1,52,2" doraHai="42" who="0" fromWho="3" sc="250,58,250,0,250,0,250,-58" /><INIT seed="0,1,0,1,4,103" ten="308,250,250,192" oya="0" hai0="91,45,49,70,119,20,118,46,114,72,51,66,16" hai1="126,52,29,84,133,41,132,112,54,25,105,65,39" hai2="12,14,92,110,27,42,60,107,135,129,13,87,63" hai3="28,11,123,90,5,59,102,115,131,89,96,74,108"/><T68/><D114/><U58/><E112/><V125/><F42/><W79/><G115/><T101/><D72/><U122/><E122/><V95/><F27/><W48/><G28/><T69/><D66/><U17/><E126/><V120/><F120/><W15/><G123/><T40/><D101/><U116/><E116/><V76/><F110/><W6/><G108/><T124/><D91/><U30/><E65/><V67/><F129/><W44/><G131/><T56/><D56/><U127/><E84/><V50/><F50/><W64/><G6/><T121/><D121/><U19/><E41/><V57/><F135/><W88/><G79/><T23/><D124/><U73/><E25/><V104/><F125/><W61/><G74/><T80/><D80/><U82/><E82/><V37/><F37/><W86/><G86/><T47/><D40/><U53/><E39/><V33/><F33/><W0/><G0/><T97/><D97/><U78/><E58/><V38/><F38/><W55/><REACH who="3" step="1"/><G90/><REACH who="3" ten="308,250,250,182" step="2"/><T106/><D119/><U43/><E78/><V62/><F76/><W26/><G26/><T83/><D118/><U113/><E113/><V99/><F67/><W100/><G100/><T24/><D24/><U71/><E127/><V22/><F87/><W93/><AGARI ba="1,1" hai="5,11,15,44,48,55,59,61,64,88,89,93,96,102" machi="93" ten="20,8000,1" yaku="1,1,0,1,7,1,8,1,54,1,53,0" doraHai="103" doraHaiUra="18" who="3" fromWho="3" sc="308,-41,250,-21,250,-21,182,93" /><INIT seed="1,0,0,4,5,127" ten="267,229,229,275" oya="1" hai0="59,109,37,36,133,112,106,79,88,104,75,125,17" hai1="52,10,118,51,13,57,66,100,87,116,63,76,73" hai2="35,117,42,105,25,33,91,40,60,0,11,123,55" hai3="74,14,135,39,134,89,38,19,9,83,70,50,126"/><U1/><E1/><V8/><F123/><W102/><G126/><T108/><D112/><U92/><E73/><V114/><F117/><W12/><G70/><T30/><D125/><U43/><E43/><V94/><F105/><W20/><G102/><T130/><D133/><N who="3" m="50697" /><G50/><T23/><D30/><U80/><E92/><V84/><F114/><W85/><G74/><T48/><D79/><U29/><E29/><V44/><F0/><W99/><G99/><T7/><D7/><AGARI ba="0,0" hai="7,9,12,14,19,20,38,39,83,85,89" m="50697" machi="7" ten="30,1000,0" yaku="20,1" doraHai="127" who="3" fromWho="0" sc="267,-10,229,0,229,0,275,10" /><INIT seed="2,0,0,5,5,107" ten="257,229,229,285" oya="2" hai0="43,70,87,134,44,118,109,131,62,29,23,22,24" hai1="46,103,60,92,69,79,76,13,129,38,51,50,77" hai2="26,20,2,25,74,12,127,52,58,5,65,89,82" hai3="130,34,14,7,116,67,102,40,1,123,106,75,49"/><V61/><F127/><W47/><G123/><T80/><D109/><U53/><E129/><V35/><F35/><W135/><G116/><T78/><D131/><U98/><E38/><V36/><F36/><N who="3" m="21895" /><G14/><T91/><D134/><U101/><E101/><V97/><F2/><W83/><G49/><T66/><D118/><U126/><E126/><V33/><F33/><W37/><G67/><T88/><REACH who="0" step="1"/><D22/><REACH who="0" ten="247,229,229,285" step="2"/><U17/><E69/><V27/><F20/><W59/><G130/><T16/><D16/><U71/><E71/><V8/><F65/><W105/><G34/><T56/><D56/><N who="1" m="34831" /><E46/><V133/><F133/><W93/><G59/><T121/><D121/><U30/><E30/><V86/><REACH who="2" step="1"/><F97/><REACH who="2" ten="247,229,219,285" step="2"/><N who="3" m="59695" /><G135/><T9/><D9/><AGARI ba="0,2" hai="9,13,17,50,51,76,77,79,92,98,103" m="34831" machi="9" ten="30,1000,0" yaku="8,1" doraHai="107" who="1" fromWho="0" sc="247,-10,229,30,219,0,285,0" /><INIT seed="3,0,0,1,4,1" ten="237,259,219,285" oya="3" hai0="35,41,80,39,85,47,24,109,27,119,117,59,16" hai1="60,126,40,100,54,133,78,111,32,113,29,22,73" hai2="99,10,91,102,94,122,130,98,132,92,66,124,84" hai3="106,19,89,87,123,48,131,125,7,114,81,31,42"/><W51/><G123/><T18/><D109/><U118/><E40/><V8/><F122/><W2/><G114/><T127/><D127/><U108/><E32/><V116/><F116/><W46/><G125/><T9/><D59/><U67/><E126/><V70/><F124/><W14/><G106/><T95/><D95/><U112/><E100/><V79/><F132/><W37/><G131/><T120/><D120/><U34/><E22/><V68/><F130/><W103/><G103/><T62/><D62/><U13/><E54/><V4/><F10/><W50/><G31/><T25/><D35/><U90/><E90/><V52/><F66/><W44/><G2/><T97/><D97/><U71/><E13/><V5/><F52/><N who="3" m="29719" /><G7/><T38/><D38/><U96/><E118/><V3/><REACH who="2" step="1"/><F4/><REACH who="2" ten="237,259,209,285" step="2"/><W72/><G72/><T23/><D119/><U58/><E113/><V11/><F11/><AGARI ba="0,1" hai="11,14,19,37,42,44,50,51,81,87,89" m="29719" machi="11" ten="30,2900,0" yaku="25,1,54,1" doraHai="1" who="3" fromWho="2" sc="237,0,259,0,209,-29,285,39" /><INIT seed="3,1,0,0,0,128" ten="237,259,180,324" oya="3" hai0="104,17,78,114,44,34,100,115,47,68,79,110,67" hai1="39,86,19,37,20,122,91,49,6,65,23,21,113" hai2="12,82,60,30,64,56,107,108,89,132,16,5,92" hai3="27,57,134,0,105,3,51,33,96,48,18,69,55"/><W61/><G18/><T85/><D110/><U73/><E122/><V59/><F108/><W45/><G134/><T123/><D123/><U95/><E113/><V8/><F107/><W1/><G69/><T118/><D118/><U131/><E73/><V129/><F129/><W35/><G27/><T28/><D17/><U10/><E131/><V84/><F132/><W126/><G126/><T62/><D47/><U38/><E65/><V31/><F56/><W63/><G51/><T25/><D44/><U2/><REACH who="1" step="1"/><E49/><REACH who="1" ten="237,249,180,324" step="2"/><V53/><F64/><W90/><G61/><T42/><D115/><U32/><E32/><V125/><F125/><W83/><G33/><T75/><D75/><U103/><E103/><V76/><REACH who="2" step="1"/><F5/><REACH who="2" ten="237,249,170,324" step="2"/><W112/><G112/><T130/><D130/><U111/><E111/><V43/><F43/><W36/><G63/><T66/><D42/><U119/><E119/><V13/><F13/><AGARI ba="1,2" hai="2,6,10,13,19,20,21,23,37,38,39,86,91,95" machi="13" ten="40,1300,0" yaku="1,1,53,0" doraHai="128" doraHaiUra="99" who="1" fromWho="2" sc="237,0,249,36,170,-16,324,0" /><INIT seed="4,0,0,0,4,131" ten="237,285,154,324" oya="0" hai0="39,112,42,8,113,111,106,119,124,61,23,73,105" hai1="51,97,94,81,83,76,43,85,38,77,116,54,121" hai2="118,34,90,75,59,80,63,64,84,79,45,0,89" hai3="3,40,14,88,93,47,5,70,7,117,71,135,95"/><T99/><D119/><U26/><E116/><V134/><F0/><W28/><G3/><T72/><D124/><U55/><E121/><V114/><F114/><N who="0" m="44138" /><D23/><U9/><E38/><V30/><F118/><W19/><G117/><T107/><D99/><U21/><E43/><V98/><F34/><W6/><G28/><T65/><D8/><U22/><E9/><V82/><F30/><W37/><G135/><T12/><D12/><U115/><E115/><V13/><F13/><W11/><REACH who="3" step="1"/><G95/><REACH who="3" ten="237,285,154,314" step="2"/><T41/><D111/><U53/><E94/><V125/><F125/><W20/><G20/><T10/><D10/><U60/><E22/><V86/><F134/><W68/><G68/><T62/><D107/><U133/><E133/><V25/><F98/><AGARI ba="0,1" hai="5,6,7,11,14,19,37,40,47,70,71,88,93,98" machi="98" ten="40,2600,0" yaku="1,1,54,1,53,0" doraHai="131" doraHaiUra="126" who="3" fromWho="2" sc="237,0,285,0,154,-26,314,36" /><INIT seed="5,0,0,3,1,51" ten="237,285,128,350" oya="1" hai0="20,93,35,77,7,127,52,57,66,126,107,117,125" hai1="37,131,123,5,84,40,45,4,83,25,59,1,11" hai2="3,24,88,114,102,36,103,53,13,72,17,9,29" hai3="75,64,99,81,32,21,120,71,89,28,94,27,6"/><U111/><E131/><V2/><F72/><W133/><G120/><T105/><D117/><U98/><E123/><V73/><F73/><W118/><G6/><T47/><D35/><U68/><E68/><V109/><F109/><W22/><G118/><T41/><D66/><U92/><E5/><V54/><F36/><W108/><G108/><T38/><D77/><U90/><E111/><V8/><F114/><W129/><G129/><T101/><D7/><U30/><E59/><V134/><F134/><W76/><G133/><T130/><D130/><U61/><E61/><V132/><F132/><W42/><G42/><T112/><D112/><U85/><REACH who="1" step="1"/><E83/><REACH who="1" ten="237,275,128,350" step="2"/><V95/><F2/><W87/><G71/><T110/><D110/><U115/><E115/><V69/><F69/><W65/><G32/><AGARI ba="0,1" hai="1,4,11,25,30,32,37,40,45,84,85,90,92,98" machi="32" ten="30,2900,0" yaku="1,1,7,1,53,0" doraHai="51" doraHaiUra="50" who="1" fromWho="3" sc="237,0,275,39,128,0,350,-29" /><INIT seed="5,1,0,0,0,59" ten="237,314,128,321" oya="1" hai0="21,99,32,75,54,116,77,93,61,72,121,52,131" hai1="19,41,79,70,68,29,42,20,86,84,94,1,18" hai2="53,10,117,48,106,0,63,30,60,101,47,107,65" hai3="96,105,114,78,81,113,119,37,127,55,57,56,87"/><U112/><E1/><V108/><F108/><W50/><G127/><T80/><D116/><U118/><E118/><V73/><F73/><W34/><G119/><T83/><D32/><U43/><E112/><N who="3" m="43114" /><G34/><T122/><D131/><U26/><E79/><V64/><F117/><W128/><G128/><T11/><D11/><U36/><E36/><V124/><F124/><W6/><G6/><T90/><D21/><U103/><E70/><V5/><F30/><W71/><G71/><T82/><D54/><U95/><E68/><V13/><F0/><W88/><G37/><T24/><D24/><U133/><E133/><V16/><F101/><N who="3" m="62631" /><G57/><N who="0" m="34983" /><D77/><AGARI ba="1,0" hai="50,55,56,77,78,81,87,88" m="62631,43114" machi="77" ten="30,2000,0" yaku="15,1,54,1" doraHai="59" who="3" fromWho="0" sc="237,-23,314,0,128,0,321,23" /><INIT seed="6,0,0,1,2,70" ten="214,314,128,344" oya="2" hai0="27,5,49,16,34,8,42,61,108,111,0,17,124" hai1="33,94,118,92,77,101,13,74,43,39,10,81,7" hai2="73,123,4,46,127,76,22,24,119,68,3,44,59" hai3="112,71,120,83,58,109,100,11,64,122,48,40,85"/><V31/><F119/><W6/><G109/><T35/><D124/><U86/><E118/><V9/><F123/><W89/><G71/><T130/><D61/><U54/><E33/><V99/><F68/><W55/><G100/><T78/><D78/><U128/><E128/><V1/><F127/><W19/><G112/><T88/><D130/><U115/><E115/><V104/><F1/><W45/><G19/><T134/><D134/><U37/><E43/><V80/><REACH who="2" step="1"/><F59/><REACH who="2" ten="214,314,118,344" step="2"/><W14/><G64/><T56/><D111/><U66/><E66/><V96/><F96/><W116/><G116/><T84/><D108/><U28/><E54/><V79/><F79/><W51/><AGARI ba="0,1" hai="6,11,14,40,45,48,51,55,58,83,85,89,120,122" machi="51" ten="20,1500,0" yaku="0,1,7,1" doraHai="70" who="3" fromWho="3" sc="214,-4,314,-4,118,-7,344,25" /><INIT seed="7,0,0,4,1,31" ten="210,310,111,369" oya="3" hai0="39,63,21,12,34,126,71,14,18,93,68,103,55" hai1="11,53,66,57,85,40,82,17,114,123,50,108,51" hai2="29,37,20,133,10,62,128,60,102,64,117,80,124" hai3="78,110,2,54,5,70,96,104,76,16,42,106,65"/><W13/><G42/><T118/><D118/><U43/><E114/><V86/><F124/><W44/><G110/><T75/><D75/><U134/><E134/><V48/><F133/><W25/><G25/><T109/><D109/><U91/><E123/><V81/><F128/><W67/><G5/><T32/><D39/><U30/><E108/><V77/><F37/><W46/><G2/><T61/><D55/><U41/><E66/><N who="3" m="25098" /><G106/><T58/><D58/><U4/><E30/><V56/><F117/><W28/><G28/><T8/><D93/><U59/><E59/><V97/><F10/><N who="3" m="6199" /><G104/><T127/><D8/><U98/><E17/><V1/><F1/><W52/><G96/><T121/><D18/><U36/><E98/><V129/><F129/><W131/><G70/><T84/><D21/><U3/><REACH who="1" step="1"/><E36/><REACH who="1" ten="210,300,111,369" step="2"/><V125/><F125/><W88/><G131/><T49/><D127/><U130/><E130/><V105/><F81/><W135/><G135/><T94/><D71/><U87/><E87/><V47/><F62/><AGARI ba="0,1" hai="3,4,11,40,41,43,50,51,53,57,62,82,85,91" machi="62" ten="40,2600,0" yaku="1,1,53,1" doraHai="31" doraHaiUra="0" who="1" fromWho="2" sc="210,0,300,36,111,-26,369,0" owari="210,-19.0,336,13.6,85,-41.5,369,46.9" /></mjloggm>