<mjloggm ver="2.3"><GO type="169" lobby="0"/><UN n0="%E3%83%80%E3%83%95%E3%83%88%E3%83%91%E3%83%B3%E3%83%84" n1="%4E%65%6D%6F" n2="%E8%BC%9D%E5%A4%9C%E6%9C%88" n3="%E7%B4%AB%E3%81%AE%E9%8F%A1" dan="17,16,18,18" rate="2193.69,2173.96,2185.68,2189.82" sx="M,M,F,M"/><TAIKYOKU oya="0"/><INIT seed="0,0,0,3,2,8" ten="250,250,250,250" oya="0" hai0="75,47,102,97,116,73,45,80,128,69,53,135,11" hai1="33,62,115,36,133,59,0,14,60,64,104,120,90" hai2="35,41,3,132,123,78,112,24,13,67,16,44,65" hai3="49,117,82,29,23,84,40,7,61,118,25,134,81"/><T6/><D116/><U96/><E120/><V110/><F123/><W119/><G134/><T100/><D128/><U103/><E0/><V107/><F112/><W56/><G7/><T105/><D69/><U122/><E122/><V88/><F107/><W30/><G30/><T12/><D135/><U95/><E133/><V22/><F132/><W125/><G125/><T19/><D100/><U70/><E36/><V106/><F106/><W124/><G124/><T101/><D101/><U68/><E115/><V98/><F3/><W71/><G71/><BYE who="0" /><UN n0="%E3%83%80%E3%83%95%E3%83%88%E3%83%91%E3%83%B3%E3%83%84" /><T130/><D130/><U32/><E14/><V26/><F78/><W87/><G40/><T4/><D80/><U113/><E113/><V99/><F110/><W38/><G49/><T109/><D109/><U20/><E20/><N who="2" m="11279" /><F35/><W52/><G38/><T1/><D4/><U121/><E121/><V91/><F99/><W108/><G108/><T43/><D53/><U93/><E104/><V54/><F41/><W76/><REACH who="3" step="1"/><G118/><REACH who="3" ten="250,250,250,240" step="2"/><T34/><D34/><U27/><E70/><V15/><F44/><W37/><G37/><T127/><D127/><U17/><E33/><V50/><F50/><W83/><G83/><T131/><D131/><U85/><E32/><V48/><F48/><W31/><G31/><T111/><D111/><U129/><E129/><V58/><F58/><W74/><G74/><T42/><D45/><U9/><E68/><V18/><F54/><W2/><G2/><T55/><D55/><U94/><E62/><V79/><F65/><W10/><G10/><N who="0" m="6551" /><D43/><U5/><E64/><V39/><F67/><W86/><G86/><RYUUKYOKU ba="0,1" sc="250,15,250,-15,250,-15,240,15" hai0="1,6,11,42,47,73,75,97,102,105" hai3="23,25,29,52,56,61,76,81,82,84,87,117,119" /><INIT seed="0,1,1,5,1,9" ten="265,235,235,255" oya="0" hai0="98,60,6,115,13,33,130,111,35,21,124,83,40" hai1="4,46,53,127,30,95,66,54,120,100,18,11,108" hai2="38,104,61,68,88,16,65,64,49,132,26,72,84" hai3="29,123,105,1,73,51,28,43,79,82,42,101,122"/><T44/><D115/><U102/><E120/><N who="3" m="46122" /><G1/><T92/><D111/><U85/><E108/><V106/><F38/><W134/><G134/><T3/><D124/><U78/><E127/><V22/><F72/><W2/><G2/><T99/><D130/><U48/><E30/><N who="3" m="11882" /><G51/><T89/><D3/><U52/><E66/><V112/><F112/><W7/><G7/><T12/><D60/><U69/><E69/><V0/><F132/><W20/><G20/><T86/><D99/><AGARI ba="1,1" hai="42,43,73,79,82,99,101,105" m="11882,46122" machi="99" ten="30,1000,0" yaku="13,1" doraHai="9" who="3" fromWho="0" sc="265,-13,235,0,235,0,255,23" /><INIT seed="1,0,0,2,2,47" ten="252,235,235,278" oya="1" hai0="51,126,111,101,114,3,83,127,63,121,52,45,93" hai1="20,100,18,5,82,59,124,37,27,19,116,14,96" hai2="103,56,15,75,62,122,67,21,6,77,76,72,22" hai3="31,43,68,29,65,129,28,94,120,49,79,34,78"/><U113/><E113/><V98/><F122/><W0/><G120/><T135/><D3/><U86/><E116/><V106/><F76/><W69/><G0/><T66/><D121/><U17/><E37/><V91/><F77/><W44/><G34/><T133/><D114/><U55/><E124/><N who="0" m="47657" /><D83/><U8/><E86/><V71/><F71/><W112/><G112/><T16/><D16/><U119/><E82/><V9/><REACH who="2" step="1"/><F91/><REACH who="2" ten="252,235,225,278" step="2"/><W25/><G69/><N who="0" m="42207" /><D111/><U12/><E119/><V109/><F109/><W61/><G129/><T40/><D101/><U115/><E115/><V41/><F41/><W60/><G78/><T11/><D93/><U33/><E33/><V50/><F50/><W117/><G79/><T57/><D11/><U88/><E88/><V102/><F102/><W48/><G94/><T80/><D80/><U23/><E23/><AGARI ba="0,1" hai="6,9,15,21,22,23,56,62,67,72,75,98,103,106" machi="23" ten="40,1300,0" yaku="1,1,53,0" doraHai="47" doraHaiUra="73" who="2" fromWho="1" sc="252,0,235,-13,225,23,278,0" /><INIT seed="2,0,0,3,1,62" ten="252,222,248,278" oya="2" hai0="2,133,69,105,20,0,94,50,32,78,49,119,103" hai1="25,33,75,54,106,14,130,88,113,111,102,46,95" hai2="43,64,10,98,31,84,92,41,85,56,61,55,116" hai3="123,7,12,100,59,86,27,68,21,39,99,30,51"/><V118/><F118/><W66/><G39/><T96/><D119/><U13/><E113/><V16/><F31/><W80/><G123/><T131/><D32/><U135/><E75/><V83/><F55/><W129/><G129/><T77/><D131/><U121/><E130/><V58/><F58/><W24/><G24/><T44/><D133/><U74/><E74/><V73/><F73/><W110/><G110/><T65/><D105/><U79/><E79/><V1/><F1/><W87/><G68/><T36/><D36/><U71/><E71/><V5/><F5/><W112/><G112/><T57/><D69/><U3/><E3/><V90/><F85/><W120/><G120/><T126/><D126/><U132/><E121/><V19/><F116/><W52/><G66/><T53/><D2/><U93/><E111/><V114/><F114/><W22/><G80/><T134/><D0/><U29/><E106/><V104/><F104/><W125/><G125/><T67/><D134/><N who="1" m="51243" /><E102/><V40/><REACH who="2" step="1"/><F10/><REACH who="2" ten="252,222,238,278" step="2"/><W34/><G7/><T38/><D57/><U6/><E6/><V91/><AGARI ba="0,1" hai="16,19,40,41,43,56,61,64,83,84,90,91,92,98" machi="91" ten="30,18000,2" yaku="1,1,2,1,0,1,8,1,52,1,54,1,53,0" doraHai="62" doraHaiUra="107" who="2" fromWho="2" sc="252,-60,222,-60,238,190,278,-60" /><INIT seed="2,1,0,2,3,75" ten="192,162,428,218" oya="2" hai0="21,81,132,53,20,124,65,47,100,99,34,93,41" hai1="5,18,102,73,96,37,44,131,89,92,49,10,40" hai2="19,1,69,12,84,11,2,97,60,30,67,46,71" hai3="32,76,28,77,114,55,98,122,87,107,42,128,39"/><V79/><F30/><W82/><G122/><T91/><D34/><U64/><E131/><V59/><F46/><W6/><G128/><T115/><D132/><U31/><E31/><V61/><F97/><W23/><G32/><T86/><D115/><U121/><E121/><V101/><F101/><W68/><G68/><T57/><D124/><U25/><E64/><V4/><F4/><W95/><G107/><T52/><D65/><U106/><E73/><V80/><REACH who="2" step="1"/><F71/><REACH who="2" ten="192,162,418,218" step="2"/><W54/><G6/><T43/><D43/><U74/><E5/><V110/><F110/><W48/><G98/><T38/><REACH who="0" step="1"/><D53/><AGARI ba="1,1" hai="1,2,11,12,19,53,59,60,61,67,69,79,80,84" machi="53" ten="30,12000,1" yaku="1,1,7,1,52,1,53,2" doraHai="75" doraHaiUra="56" who="2" fromWho="0" sc="192,-123,162,0,418,133,218,0" /><INIT seed="2,2,0,2,2,22" ten="69,162,551,218" oya="2" hai0="82,0,55,77,133,123,97,17,127,116,13,135,119" hai1="100,40,76,111,41,105,131,18,39,64,49,121,32" hai2="65,12,132,106,50,72,118,43,11,87,6,96,38" hai3="9,33,34,71,46,81,84,29,24,25,115,14,4"/><V51/><F118/><N who="0" m="45098" /><D0/><U94/><E105/><V103/><F72/><W37/><G71/><T85/><D55/><U21/><E32/><V60/><F132/><N who="0" m="50762" /><D17/><U42/><E39/><V124/><F124/><W48/><G37/><T15/><D127/><U27/><E111/><V35/><F35/><W93/><G93/><T75/><D13/><U98/><E131/><V117/><F117/><W134/><G134/><T58/><D58/><U56/><E121/><V129/><F129/><W86/><G115/><T44/><D44/><U57/><E64/><V91/><F43/><W62/><G62/><T107/><D15/><U69/><E69/><V79/><F79/><W114/><G114/><T28/><D28/><U10/><E76/><V3/><F3/><W20/><G25/><T36/><D36/><U8/><REACH who="1" step="1"/><E49/><REACH who="1" ten="69,152,551,218" step="2"/><V126/><F38/><W122/><G122/><T74/><D123/><U112/><E112/><V125/><F125/><W63/><G63/><T99/><D107/><U5/><E5/><V52/><F126/><W47/><G48/><T45/><D45/><U2/><E2/><V95/><F52/><W30/><G34/><T19/><D19/><U31/><E31/><V78/><F50/><W61/><G61/><T67/><D67/><U88/><E88/><V80/><F51/><W104/><G104/><T73/><AGARI ba="2,1" hai="73,74,75,77,82,85,97,99" m="50762,45098" machi="73" ten="40,8000,1" yaku="12,1,20,1,34,2" doraHai="22" who="0" fromWho="0" sc="69,96,152,-22,551,-42,218,-22" /><INIT seed="3,0,0,4,4,78" ten="165,130,509,196" oya="3" hai0="131,19,65,112,135,56,60,119,92,50,24,53,100" hai1="41,32,130,36,133,64,54,125,87,129,120,116,94" hai2="101,118,10,5,17,122,45,6,74,31,9,3,80" hai3="132,15,115,25,104,123,117,0,98,102,35,114,8"/><W107/><G117/><T99/><D119/><U111/><E116/><V95/><F122/><W38/><G123/><T86/><D112/><U88/><E120/><V77/><F118/><W109/><G38/><T2/><D2/><U13/><E111/><V71/><F71/><W16/><G115/><T91/><D135/><U12/><E32/><V42/><F31/><W7/><G114/><T70/><D131/><N who="1" m="50187" /><E125/><V33/><F33/><W90/><G132/><T126/><D126/><U82/><E133/><V96/><F17/><W113/><G113/><T69/><D19/><U73/><E64/><V49/><F10/><W18/><G109/><T20/><D69/><U47/><E54/><V84/><F5/><W105/><G90/><T23/><REACH who="0" step="1"/><D24/><REACH who="0" ten="155,130,509,196" step="2"/><U127/><E127/><V134/><F134/><W29/><REACH who="3" step="1"/><G18/><REACH who="3" ten="155,130,509,186" step="2"/><T27/><D27/><U72/><E72/><V97/><F74/><W55/><G55/><T51/><D51/><U89/><E73/><V44/><F49/><W103/><G103/><T106/><AGARI ba="0,2" hai="20,23,50,53,56,60,65,70,86,91,92,99,100,106" machi="106" ten="20,5200,0" yaku="1,1,0,1,7,1,53,1" doraHai="78" doraHaiUra="67" who="0" fromWho="0" sc="155,72,130,-13,509,-13,186,-26" /><INIT seed="4,0,0,0,4,89" ten="227,117,496,160" oya="0" hai0="61,97,0,30,75,4,76,57,28,91,62,135,38" hai1="116,29,111,94,81,18,128,79,40,123,115,53,106" hai2="24,50,122,124,84,59,35,63,121,69,130,34,22" hai3="98,119,64,104,12,107,86,118,127,88,27,93,51"/><T21/><D38/><U46/><E106/><N who="3" m="40490" /><G64/><T80/><D135/><U36/><E123/><V5/><F130/><W60/><G12/><T31/><D0/><U32/><E116/><N who="3" m="44586" /><G27/><T41/><D41/><U120/><E120/><V47/><F69/><W7/><G7/><T19/><D4/><U43/><E111/><V55/><F124/><W99/><G51/><T9/><D9/><U90/><E128/><V126/><F126/><W42/><G60/><T2/><D2/><U95/><E115/><V87/><F87/><N who="3" m="52383" /><G42/><T54/><D62/><U26/><E90/><V125/><F34/><W20/><G20/><T33/><D33/><U65/><E65/><V112/><F35/><W100/><G127/><T39/><D39/><U15/><E53/><V68/><F68/><W44/><G44/><T8/><D8/><U13/><E43/><V131/><F125/><W96/><G86/><T67/><D67/><U52/><E52/><V58/><F5/><W129/><G129/><T16/><REACH who="0" step="1"/><D21/><REACH who="0" ten="217,117,496,160" step="2"/><U110/><E36/><V113/><F122/><W108/><G108/><T25/><D25/><U14/><E110/><V105/><F121/><W17/><G17/><T109/><D109/><U132/><E18/><V71/><F131/><W102/><AGARI ba="0,1" hai="96,98,99,100,102" m="52383,44586,40490" machi="102" ten="40,8000,1" yaku="34,2,52,1,54,1" doraHai="89" who="3" fromWho="3" sc="217,-40,117,-20,496,-20,160,90" /><INIT seed="5,0,0,3,3,94" ten="177,97,476,250" oya="1" hai0="110,20,49,40,9,30,5,100,28,4,111,73,80" hai1="92,128,37,43,21,109,70,12,99,114,83,118,10" hai2="62,79,123,131,122,98,101,84,85,50,95,67,14" hai3="45,127,25,130,52,47,0,11,113,87,13,93,74"/><U59/><E118/><V119/><F119/><W75/><G0/><T82/><D49/><U60/><E114/><V86/><F131/><W125/><G130/><T44/><D100/><U65/><E128/><V16/><F50/><W34/><G113/><T23/><D9/><U129/><E129/><V132/><F132/><W115/><G115/><T107/><D44/><U61/><E109/><V66/><F79/><W33/><G87/><T6/><D40/><U27/><E83/><V46/><F46/><W90/><G25/><T103/><D103/><U91/><E43/><V105/><F105/><W48/><G45/><T112/><D112/><U72/><E72/><V102/><F102/><W41/><G41/><T56/><D56/><U39/><E12/><V32/><F32/><W54/><G54/><T38/><D4/><U96/><E10/><V17/><F17/><N who="3" m="8383" /><G74/><T29/><D29/><U106/><E99/><V8/><REACH who="2" step="1"/><F67/><REACH who="2" ten="177,97,466,250" step="2"/><W15/><G33/><T117/><D111/><U134/><E134/><V26/><F26/><W31/><G34/><T126/><D110/><U18/><REACH who="1" step="1"/><E106/><REACH who="1" ten="177,87,466,250" step="2"/><V77/><F77/><W89/><G75/><T97/><D73/><U88/><E88/><V120/><F120/><W24/><G89/><T51/><D107/><U55/><AGARI ba="0,2" hai="18,21,27,37,39,55,59,60,61,65,70,91,92,96" machi="55" ten="20,18000,2" yaku="1,1,0,1,7,1,25,2,52,1,53,0" doraHai="94" doraHaiUra="3" who="1" fromWho="1" sc="177,-60,87,200,466,-60,250,-60" /><INIT seed="5,1,0,3,1,132" ten="117,287,406,190" oya="1" hai0="70,119,124,105,131,55,73,63,77,36,106,5,80" hai1="13,100,103,48,128,121,42,97,83,49,129,98,11" hai2="116,41,101,92,46,0,39,62,24,84,89,127,91" hai3="60,8,67,43,40,45,57,47,32,117,86,44,16"/><U14/><E121/><V130/><F116/><W58/><G32/><T108/><D119/><U54/><E83/><V81/><F127/><W51/><G117/><T21/><D108/><U85/><E85/><V3/><F130/><N who="1" m="50281" /><E42/><N who="3" m="15914" /><G86/><T95/><D131/><U123/><E123/><V78/><F101/><N who="1" m="38985" /><E54/><V112/><F112/><W72/><G72/><T114/><D114/><U82/><E82/><V94/><F24/><W64/><G16/><T90/><D36/><U30/><E30/><V115/><F115/><W35/><G8/><T66/><D5/><N who="1" m="3311" /><E14/><V96/><F62/><N who="3" m="37967" /><G35/><T74/><D74/><AGARI ba="1,0" hai="0,3,39,41,46,74,78,81,84,89,91,92,94,96" machi="74" ten="30,1000,0" yaku="7,1" doraHai="132" who="2" fromWho="0" sc="117,-13,287,0,406,13,190,0" /><INIT seed="6,0,0,1,0,38" ten="104,287,419,190" oya="2" hai0="69,53,30,70,52,88,60,12,31,17,113,110,77" hai1="105,111,93,84,16,63,14,66,65,6,134,124,46" hai2="64,107,3,22,33,114,112,59,1,81,116,125,90" hai3="28,122,15,118,83,74,24,55,96,47,131,57,127"/><V41/><F116/><W102/><G122/><T82/><D113/><N who="2" m="43626" /><F33/><W126/><G118/><T109/><D77/><U44/><E111/><V39/><F107/><W34/><G131/><T117/><D117/><U49/><E105/><V67/><F22/><W87/><G74/><T94/><D82/><U80/><E134/><V35/><F35/><W51/><G15/><T58/><D53/><U130/><E124/><V91/><F59/><W26/><G26/><T86/><D70/><U72/><E130/><V104/><F104/><W71/><G71/><T9/><REACH who="0" step="1"/><D69/><REACH who="0" ten="94,287,419,190" step="2"/><U19/><E80/><V45/><F81/><W99/><G57/><T115/><D115/><U132/><E66/><V135/><F64/><W29/><G29/><AGARI ba="0,1" hai="9,12,17,29,30,31,52,58,60,86,88,94,109,110" machi="29" ten="40,5200,0" yaku="1,1,54,2,53,0" doraHai="38" doraHaiUra="62" who="0" fromWho="3" sc="94,62,287,0,419,0,190,-52" /><INIT seed="7,0,0,5,3,22" ten="156,287,419,138" oya="3" hai0="7,35,111,54,75,58,30,83,116,16,61,64,124" hai1="131,134,72,69,9,65,114,91,112,5,62,2,36" hai2="95,94,89,34,109,0,97,115,55,67,49,52,29" hai3="121,85,39,99,117,59,4,79,44,120,11,63,77"/><W73/><G117/><T70/><D116/><U48/><E131/><V106/><F109/><W127/><G127/><T129/><D111/><U78/><E134/><V74/><F74/><W81/><G99/><T1/><D124/><U56/><E91/><V132/><F0/><W88/><G39/><T130/><D16/><U33/><E33/><V108/><F67/><W13/><G44/><T32/><D7/><U47/><E56/><V125/><F132/><W100/><G100/><T38/><D1/><U104/><E104/><V87/><F106/><W19/><G4/><T50/><D38/><U21/><E21/><V92/><F115/><N who="1" m="44073" /><E36/><V40/><F34/><W76/><REACH who="3" step="1"/><G73/><REACH who="3" ten="156,287,419,128" step="2"/><T96/><D96/><U90/><E72/><V51/><F97/><W37/><G37/><T128/><D30/><U6/><E6/><V80/><F29/><W135/><G135/><T15/><D128/><U118/><E47/><V86/><F125/><W98/><G98/><T45/><D129/><U53/><E118/><V123/><F87/><W84/><G84/><T3/><D130/><U17/><E5/><V68/><F86/><W82/><G82/><T107/><D107/><U12/><E2/><V31/><F80/><W23/><G23/><T43/><D3/><U10/><E10/><V110/><F31/><W101/><G101/><T18/><D75/><U66/><E9/><V8/><F8/><W93/><G93/><T103/><D103/><U122/><E17/><V26/><F110/><W20/><G20/><N who="0" m="11359" /><D83/><U113/><E113/><V46/><F95/><W57/><G57/><T24/><D58/><RYUUKYOKU ba="0,1" sc="156,-10,287,-10,419,-10,128,30" hai3="11,13,19,59,63,76,77,79,81,85,88,120,121" /><INIT seed="7,1,1,5,2,60" ten="146,277,409,158" oya="3" hai0="116,79,109,91,48,22,77,118,105,83,107,134,0" hai1="15,19,45,59,2,99,89,76,93,98,120,88,126" hai2="115,46,125,67,103,129,27,5,28,123,17,29,86" hai3="38,26,31,24,82,10,49,96,66,92,56,104,114"/><W14/><G38/><T73/><D0/><U33/><E120/><V81/><F123/><W117/><G117/><N who="0" m="45163" /><D48/><U75/><E33/><V18/><F115/><W84/><G114/><T58/><D58/><U90/><E2/><V54/><F129/><W62/><G104/><N who="0" m="40011" /><D22/><U3/><E3/><V11/><F103/><N who="3" m="60807" /><G49/><T112/><D112/><U61/><E126/><V106/><F125/><W94/><G31/><T111/><D134/><U100/><E75/><V64/><F28/><W131/><G131/><T47/><D47/><U132/><E76/><N who="0" m="29257" /><D91/><U13/><E45/><V122/><F122/><W41/><G41/><T85/><D85/><U133/><E133/><V101/><F106/><W21/><G21/><T53/><D53/><U130/><E130/><V70/><F101/><W68/><G68/><T95/><D95/><U128/><E128/><V69/><F69/><W121/><G94/><T4/><D4/><U36/><E36/><V87/><F70/><W74/><G121/><T42/><D42/><U57/><E132/><V30/><F30/><W20/><G20/><T102/><D102/><U124/><E100/><V135/><F135/><W55/><G55/><T119/><D119/><U16/><E93/><V23/><F54/><W50/><G50/><T1/><D1/><U43/><E43/><V25/><F29/><W80/><G84/><T71/><D71/><U44/><E124/><V63/><F87/><W51/><G51/><T127/><D127/><U35/><E44/><V97/><F97/><W32/><G32/><T6/><D6/><U39/><E35/><V113/><F113/><RYUUKYOKU ba="1,1" sc="146,30,277,-10,409,-10,158,-10" hai0="73,83,109,111" owari="176,-22.4,267,6.7,409,50.9,148,-35.2" /></mjloggm>