<mjloggm ver="2.3"><GO type="169" lobby="0"/><UN n0="%E3%82%A8%E3%82%B0%E3%83%81%E3%80%81" n1="%E3%81%9F%E3%81%BE%E5%AD%90" n2="%E3%82%A8%E3%82%B9%E3%82%B1%E3%83%BC%2E" n3="%E7%B4%AB%E3%81%AE%E9%8F%A1" dan="17,17,17,17" rate="2209.25,2257.00,2181.93,2145.46" sx="M,M,M,M"/><TAIKYOKU oya="0"/><INIT seed="0,0,0,3,4,85" ten="250,250,250,250" oya="0" hai0="132,2,28,18,48,26,58,96,53,89,21,23,42" hai1="17,55,22,41,68,125,52,91,97,9,4,102,135" hai2="70,32,116,88,120,20,59,35,44,83,16,46,64" hai3="13,111,3,39,69,82,60,98,80,56,24,29,10"/><T130/><D130/><U78/><E68/><V118/><F70/><W6/><G39/><T27/><D132/><U76/><E125/><V25/><F120/><W131/><G131/><T86/><D2/><U128/><E128/><V121/><F121/><W107/><G111/><T109/><D109/><U94/><E41/><V34/><F64/><W49/><G49/><T90/><D96/><U117/><E135/><V36/><F59/><W75/><G75/><T0/><D0/><U12/><E117/><N who="2" m="45163" /><F36/><W45/><G45/><T92/><D42/><U19/><E102/><V104/><F104/><W73/><G73/><T124/><D124/><U11/><E11/><V77/><F77/><N who="1" m="29801" /><E4/><V133/><F133/><W5/><G69/><T1/><D1/><U84/><E97/><V71/><F71/><W108/><G108/><T115/><D115/><U37/><E37/><V122/><F122/><W110/><G110/><T57/><REACH who="0" step="1"/><D90/><REACH who="0" ten="240,250,250,250" step="2"/><U43/><E43/><V62/><F62/><W66/><G60/><T103/><D103/><U112/><E112/><V38/><F38/><W99/><G3/><T100/><D100/><U113/><E113/><V51/><F51/><W65/><G107/><T105/><D105/><U30/><E30/><V63/><F63/><W93/><G29/><T54/><D54/><U95/><E55/><V119/><F119/><W126/><G126/><T106/><D106/><U114/><E52/><V14/><F14/><W47/><G13/><T101/><D101/><U123/><E114/><V15/><F15/><W61/><G61/><T33/><D33/><U50/><E50/><RYUUKYOKU ba="0,1" sc="240,15,250,-15,250,15,250,-15" hai0="18,21,23,26,27,28,48,53,57,58,86,89,92" hai2="16,20,25,32,34,35,44,46,83,88" /><INIT seed="0,1,1,5,2,71" ten="255,235,265,235" oya="0" hai0="109,57,34,14,92,2,61,42,27,54,41,6,50" hai1="7,134,58,28,123,86,36,91,60,23,78,111,0" hai2="59,4,112,51,93,37,74,8,19,12,83,63,89" hai3="62,99,76,32,90,79,87,114,29,64,44,43,77"/><T118/><D118/><U24/><E123/><V45/><F112/><W38/><G114/><T35/><D2/><U5/><E111/><V100/><F37/><W81/><G29/><T84/><D109/><U132/><E78/><V22/><F74/><W130/><G32/><T65/><D35/><U97/><E97/><V82/><F100/><W133/><G133/><N who="1" m="51306" /><E36/><V33/><F33/><W18/><G18/><T55/><D34/><U106/><E106/><V95/><F95/><W121/><G130/><T17/><D27/><U115/><E0/><V9/><F9/><W116/><G116/><T31/><D6/><U122/><E122/><V49/><F49/><W131/><G131/><T75/><D31/><U68/><E68/><V15/><F45/><W80/><G99/><T72/><D75/><U40/><E40/><V102/><F102/><W125/><G125/><T85/><D72/><U52/><E115/><V129/><F51/><W117/><G117/><T94/><D55/><U30/><E30/><V53/><F129/><W46/><G46/><T126/><D126/><U105/><E105/><V101/><F101/><W39/><G121/><T10/><D85/><AGARI ba="1,1" hai="4,8,12,15,19,22,53,59,63,82,83,85,89,93" machi="85" ten="30,2000,0" yaku="7,1,8,1" doraHai="71" who="2" fromWho="0" sc="255,-23,235,0,265,33,235,0" /><INIT seed="1,0,0,0,4,10" ten="232,235,298,235" oya="1" hai0="100,69,43,91,120,17,82,58,93,75,0,119,28" hai1="104,25,56,96,108,67,123,7,50,133,66,33,97" hai2="54,111,21,38,44,74,46,61,22,14,81,47,59" hai3="37,79,64,89,131,62,65,77,45,19,88,63,84"/><U70/><E123/><V41/><F111/><W26/><G131/><T42/><D69/><U103/><E133/><V110/><F110/><W85/><G37/><T8/><D119/><U57/><E108/><V34/><F34/><W53/><G45/><T112/><D112/><U129/><E129/><V125/><F125/><W92/><G53/><T40/><D120/><U3/><E96/><V76/><REACH who="2" step="1"/><F22/><REACH who="2" ten="232,235,288,235" step="2"/><W130/><G130/><T13/><D43/><U105/><E33/><V1/><F1/><W71/><G26/><T29/><D0/><U121/><E121/><V132/><F132/><W107/><G107/><T48/><D42/><U94/><E105/><V9/><F9/><W95/><REACH who="3" step="1"/><G19/><AGARI ba="0,1" hai="14,19,21,38,41,44,46,47,54,59,61,74,76,81" machi="19" ten="40,2600,0" yaku="1,1,52,1,53,0" doraHai="10" doraHaiUra="87" who="2" fromWho="3" sc="232,0,235,0,288,36,235,-26" /><INIT seed="2,0,0,5,5,14" ten="232,235,324,209" oya="2" hai0="27,54,69,56,113,91,76,12,108,126,106,99,31" hai1="107,4,65,23,64,60,116,96,17,101,16,49,119" hai2="132,67,11,39,73,71,34,6,117,130,40,133,86" hai3="125,44,127,102,38,35,103,110,2,87,58,66,3"/><V92/><F117/><W123/><G123/><T28/><D113/><U18/><E23/><V109/><F34/><W7/><G35/><T93/><D108/><U77/><E77/><V26/><F73/><W131/><G110/><T55/><D69/><U53/><E4/><V1/><F109/><W122/><G122/><T30/><D126/><N who="3" m="48137" /><G131/><T41/><D106/><U75/><E75/><V10/><F130/><W25/><G25/><T32/><D76/><U111/><E111/><V105/><F105/><W63/><G87/><T19/><D41/><U100/><E100/><N who="3" m="38442" /><G7/><T120/><D120/><U37/><E37/><V121/><F121/><W98/><G98/><T8/><REACH who="0" step="1"/><D55/><REACH who="0" ten="222,235,324,209" step="2"/><U115/><E115/><V52/><F52/><W135/><G135/><T45/><D45/><U15/><E65/><V50/><F67/><W82/><G82/><T79/><D79/><U112/><E112/><V70/><F132/><W36/><G44/><T20/><D20/><U83/><E83/><V42/><F133/><W118/><G118/><T80/><D80/><U62/><E62/><AGARI ba="0,1" hai="8,12,19,27,28,30,31,32,54,56,62,91,93,99" machi="62" ten="30,3900,0" yaku="1,1,7,1,52,1,53,0" doraHai="14" doraHaiUra="78" who="0" fromWho="1" sc="222,49,235,-39,324,0,209,0" /><INIT seed="3,0,0,0,1,16" ten="271,196,324,209" oya="3" hai0="81,74,50,40,117,62,31,59,97,73,96,39,123" hai1="44,0,45,98,102,75,91,33,105,3,119,23,51" hai2="17,77,65,132,7,19,120,106,52,54,79,71,127" hai3="26,9,110,49,100,35,38,22,21,1,11,134,42"/><W61/><G38/><T72/><D117/><U92/><E33/><V64/><F127/><W109/><G100/><T20/><D123/><U63/><E119/><V30/><F30/><N who="3" m="19927" /><G61/><T130/><D130/><U57/><E75/><V6/><F132/><W27/><G134/><T68/><D81/><U90/><E90/><V103/><F103/><W101/><G101/><T2/><D2/><U56/><E56/><V116/><F116/><W86/><G86/><T125/><D125/><U111/><E111/><N who="3" m="42506" /><G27/><T115/><D39/><U85/><E44/><V8/><F8/><N who="3" m="3147" /><G1/><T32/><D68/><U95/><E105/><V53/><F53/><W78/><G78/><T93/><D97/><U70/><E70/><V89/><F89/><W94/><G94/><T99/><D93/><U36/><E36/><V41/><F71/><W34/><G34/><T28/><D32/><U69/><E69/><V15/><F41/><W84/><G84/><T83/><D83/><U88/><E102/><V128/><F106/><W113/><G113/><T122/><D115/><U121/><E0/><V13/><REACH who="2" step="1"/><F120/><REACH who="2" ten="271,196,314,209" step="2"/><W118/><G118/><T12/><D122/><U129/><E121/><V67/><F67/><W108/><N who="3" m="42514" /><W60/><DORA hai="43" /><G60/><T135/><D40/><U126/><E63/><V18/><F18/><W133/><G133/><T24/><D135/><U80/><E91/><V112/><F112/><W66/><G66/><T82/><D62/><U131/><E88/><V48/><F48/><W10/><N who="3" m="3155" /><W107/><DORA hai="114" /><G107/><T87/><D50/><U47/><E51/><V37/><F37/><RYUUKYOKU ba="0,1" sc="271,-15,196,-15,314,15,209,15" hai2="6,7,13,15,17,19,52,54,64,65,77,79,128" hai3="21,22,42,49" /><INIT seed="3,1,1,5,0,126" ten="256,181,329,224" oya="3" hai0="1,7,100,117,55,60,93,92,4,63,135,15,127" hai1="26,52,61,96,87,121,11,105,72,95,25,20,74" hai2="51,6,98,132,10,58,83,22,53,115,50,101,130" hai3="54,112,12,99,14,118,104,41,17,30,21,65,73"/><W70/><G112/><T109/><D117/><U97/><E121/><V81/><F115/><W76/><G118/><T31/><D127/><U45/><E105/><V48/><F132/><W94/><G104/><T56/><D1/><U0/><E26/><V8/><F130/><W86/><G73/><T64/><D109/><U78/><E87/><V106/><F22/><W91/><G41/><T119/><D135/><U134/><E134/><V18/><F18/><W9/><G70/><T19/><D31/><U29/><E78/><V102/><F10/><W111/><G111/><T66/><D55/><U123/><E97/><V28/><F28/><W38/><G38/><T62/><D62/><U85/><E85/><V23/><F23/><W113/><G113/><T116/><D56/><U35/><E35/><V71/><F101/><W46/><G65/><T59/><D59/><U34/><E34/><V40/><F71/><W103/><G76/><T108/><D108/><U89/><E123/><V75/><F75/><W13/><G30/><T129/><D19/><U36/><E61/><V124/><F124/><W2/><G2/><T32/><D32/><U114/><E114/><V43/><F43/><W128/><G21/><T39/><D39/><U133/><E133/><V82/><REACH who="2" step="1"/><F40/><REACH who="2" ten="256,181,319,224" step="2"/><W24/><G128/><T122/><D129/><U16/><E36/><V49/><F49/><N who="3" m="28983" /><G24/><T110/><D110/><U79/><E29/><V57/><F57/><W68/><G68/><T3/><D100/><U131/><E131/><V69/><F69/><W80/><AGARI ba="1,2" hai="9,12,13,14,17,80,86,91,94,99,103" m="28983" machi="80" ten="30,3000,0" yaku="25,1,8,1" doraHai="126" who="3" fromWho="3" sc="256,-11,181,-11,319,-11,224,53" /><INIT seed="3,2,0,3,0,57" ten="245,170,308,277" oya="3" hai0="98,135,94,28,14,79,39,100,54,19,25,134,107" hai1="8,119,34,92,4,114,60,66,48,33,115,75,74" hai2="101,83,127,118,125,102,56,21,109,45,55,111,35" hai3="65,84,23,46,76,69,41,0,108,73,37,128,29"/><W112/><G112/><T131/><D39/><U71/><E119/><V51/><F35/><W86/><G128/><T130/><D79/><U120/><E120/><V12/><F118/><W62/><G108/><N who="2" m="41545" /><F83/><W133/><G133/><N who="0" m="50699" /><D54/><U103/><E114/><V17/><F45/><W64/><G64/><T78/><D78/><U90/><E103/><AGARI ba="2,0" hai="12,17,21,51,55,56,101,102,103,125,127" m="41545" machi="103" ten="30,1000,0" yaku="14,1" doraHai="57" who="2" fromWho="1" sc="245,0,170,-16,308,16,277,0" /><INIT seed="4,0,0,4,2,40" ten="245,154,324,277" oya="0" hai0="14,113,51,135,52,76,121,8,77,31,108,39,71" hai1="53,21,12,86,130,50,92,38,25,132,125,116,54" hai2="95,99,75,60,66,11,61,69,91,96,98,114,36" hai3="63,101,23,106,17,102,67,64,48,103,27,124,122"/><T1/><D113/><U78/><E116/><V43/><F75/><W117/><G117/><T128/><D121/><U47/><E130/><V100/><F114/><W82/><G124/><T41/><D135/><U70/><E132/><V35/><F35/><W56/><G122/><T57/><D128/><U89/><E70/><V134/><F134/><W110/><G110/><T127/><D127/><U9/><E38/><V42/><F60/><W72/><G106/><T80/><D1/><U6/><E125/><V37/><F42/><W126/><G126/><T15/><D108/><U65/><E65/><V104/><F43/><W10/><G67/><T24/><D71/><U13/><E78/><V2/><REACH who="2" step="1"/><F96/><REACH who="2" ten="245,154,314,277" step="2"/><W3/><G72/><T44/><D8/><U123/><E123/><V97/><F97/><W55/><G10/><T119/><D119/><U62/><E62/><V30/><F30/><W74/><G74/><T33/><REACH who="0" step="1"/><D76/><REACH who="0" ten="235,154,314,277" step="2"/><U26/><REACH who="1" step="1"/><E54/><REACH who="1" ten="235,144,314,277" step="2"/><V58/><F58/><W84/><G55/><T79/><D79/><U105/><E105/><V94/><F94/><W85/><G56/><T115/><D115/><U20/><E20/><V129/><F129/><W73/><G23/><T68/><D68/><U133/><E133/><V4/><AGARI ba="0,3" hai="2,4,11,36,37,61,66,69,91,95,98,99,100,104" machi="4" ten="30,2000,0" yaku="1,1,0,1,53,0" doraHai="40" doraHaiUra="120" who="2" fromWho="2" sc="235,-10,144,-5,314,50,277,-5" /><INIT seed="5,0,0,0,5,47" ten="225,139,364,272" oya="1" hai0="133,3,43,110,46,115,98,130,88,50,108,63,67" hai1="79,72,128,51,102,118,17,75,52,91,80,0,42" hai2="28,45,135,64,4,7,132,56,68,8,103,38,37" hai3="74,10,49,116,122,107,73,97,112,100,82,65,33"/><U44/><E118/><V70/><F56/><W41/><G33/><T29/><D115/><U83/><E128/><V12/><F28/><W131/><G122/><T13/><D133/><N who="2" m="51274" /><F103/><W126/><G112/><T127/><D3/><U18/><E0/><V113/><F113/><W94/><G131/><T34/><D127/><U134/><E134/><V31/><F31/><W92/><G126/><T99/><D130/><U2/><E2/><V85/><F4/><W48/><G116/><T69/><D99/><U105/><E105/><V1/><F12/><W123/><G123/><T57/><D13/><U19/><E102/><V90/><F64/><W58/><G41/><T121/><D121/><U26/><E91/><V84/><F84/><W125/><G125/><T86/><D98/><U15/><E26/><V78/><F78/><W40/><G40/><T62/><D29/><U93/><E93/><N who="2" m="54479" /><F45/><W124/><G124/><T25/><D25/><U59/><E80/><V119/><F119/><W71/><G82/><T120/><D34/><U21/><REACH who="1" step="1"/><E72/><REACH who="1" ten="225,129,364,272" step="2"/><V9/><F1/><W87/><G73/><T36/><D120/><U129/><E129/><V39/><F7/><W77/><G74/><T32/><D32/><U14/><E14/><V61/><F38/><AGARI ba="0,1" hai="15,17,18,19,21,38,42,44,51,52,59,75,79,83" machi="38" ten="30,11600,0" yaku="1,1,7,1,52,1,54,1,53,0" doraHai="47" doraHaiUra="60" who="1" fromWho="2" sc="225,0,129,126,364,-116,272,0" /><INIT seed="5,1,0,0,5,28" ten="225,255,248,272" oya="1" hai0="23,118,64,128,134,4,74,91,63,25,115,47,77" hai1="44,27,40,76,30,10,53,58,135,22,29,122,12" hai2="92,87,0,79,51,20,98,80,59,55,106,116,19" hai3="133,7,112,86,8,103,94,5,132,45,90,108,130"/><U15/><E122/><V88/><F116/><W14/><G108/><T100/><D118/><U60/><E135/><N who="3" m="51786" /><G112/><T43/><D134/><U18/><E76/><V113/><F113/><W21/><G130/><T117/><D117/><U96/><E96/><V124/><F124/><W34/><G34/><T69/><D128/><U13/><REACH who="1" step="1"/><E30/><REACH who="1" ten="225,245,248,272" step="2"/><V2/><REACH who="2" step="1"/><F106/><REACH who="2" ten="225,245,238,272" step="2"/><W62/><G103/><T71/><D100/><U36/><AGARI ba="1,2" hai="10,12,13,15,18,22,27,29,36,40,44,53,58,60" machi="36" ten="20,7800,0" yaku="1,1,2,1,0,1,7,1,53,0" doraHai="28" doraHaiUra="123" who="1" fromWho="1" sc="225,-27,245,101,238,-27,272,-27" /><INIT seed="5,2,0,2,1,114" ten="198,346,211,245" oya="1" hai0="9,41,84,100,59,94,25,92,37,102,105,79,63" hai1="95,75,98,30,110,68,45,57,28,120,109,128,2" hai2="86,97,42,91,129,14,7,113,111,108,4,124,56" hai3="118,13,22,135,11,69,107,32,62,104,0,67,19"/><U96/><E68/><V76/><F113/><W20/><G135/><T70/><D70/><U72/><E120/><V15/><F76/><W3/><G32/><T106/><D37/><U112/><E112/><V80/><F42/><W65/><G65/><T58/><D41/><U12/><E2/><V55/><F124/><W21/><REACH who="3" step="1"/><G118/><REACH who="3" ten="198,346,211,235" step="2"/><T6/><D106/><AGARI ba="2,1" hai="0,3,11,13,19,20,21,22,62,67,69,104,106,107" machi="106" ten="40,2600,0" yaku="1,1,2,1,53,0" doraHai="114" doraHaiUra="121" who="3" fromWho="0" sc="198,-32,346,0,211,0,235,42" /><INIT seed="6,0,0,3,5,77" ten="166,346,211,277" oya="2" hai0="18,95,127,73,63,25,87,130,118,78,101,133,60" hai1="113,93,110,85,2,8,70,102,90,97,75,123,29" hai2="0,129,68,7,98,125,54,126,33,131,55,28,14" hai3="53,48,104,52,99,86,62,115,3,21,116,132,72"/><V89/><F68/><W65/><G116/><T58/><D118/><U10/><E110/><V76/><F0/><W112/><G72/><T91/><D127/><N who="2" m="48650" /><F76/><W9/><G132/><T79/><D130/><N who="2" m="49674" /><F33/><W15/><G21/><T12/><D133/><U66/><E75/><V92/><F28/><W82/><G3/><T96/><D25/><U117/><E113/><N who="3" m="43594" /><G48/><T81/><D58/><U38/><E29/><V5/><F5/><N who="3" m="3503" /><G99/><T103/><D103/><U39/><E2/><V45/><F45/><W4/><G104/><T59/><D59/><U119/><E119/><V128/><N who="2" m="49682" /><V57/><DORA hai="42" /><F57/><N who="3" m="37071" /><G4/><T34/><D34/><U61/><E117/><V1/><F1/><W106/><G106/><T20/><REACH who="0" step="1"/><D79/><AGARI ba="0,0" hai="52,53,79,82,86" m="37071,3503,43594" machi="79" ten="30,7700,0" yaku="15,1,11,1,52,1,54,1" doraHai="77,42" who="3" fromWho="0" sc="166,-77,346,0,211,0,277,77" /><INIT seed="7,0,0,3,1,77" ten="89,346,211,354" oya="3" hai0="134,87,94,48,92,110,120,128,19,4,116,93,62" hai1="108,129,84,9,2,88,103,125,1,30,68,135,81" hai2="74,24,37,49,112,33,5,90,75,38,20,11,96" hai3="91,36,127,14,29,107,105,55,59,31,60,72,0"/><W65/><G0/><T104/><D48/><U3/><E108/><V71/><F33/><W51/><G36/><T22/><D22/><U79/><E68/><V133/><F133/><W50/><G72/><T47/><D19/><U97/><E135/><V35/><F35/><W16/><G127/><T80/><D62/><U118/><E125/><V85/><F112/><W121/><G121/><T95/><D47/><U26/><E129/><V17/><F71/><W86/><G105/><T45/><D45/><U114/><E114/><V7/><F96/><W130/><G107/><T115/><D4/><U113/><E113/><V28/><F28/><N who="3" m="10827" /><G65/><T131/><D134/><U67/><E67/><V111/><F111/><W100/><G100/><T78/><D115/><U61/><E61/><V52/><F5/><W6/><G6/><T18/><D18/><U89/><E9/><V41/><F41/><W57/><G57/><T32/><D32/><U39/><E39/><V8/><F8/><N who="3" m="6215" /><G130/><T40/><D40/><U66/><E66/><V126/><F126/><W69/><G69/><T15/><D15/><U44/><E44/><V12/><F37/><W73/><G73/><N who="0" m="43087" /><D110/><U34/><REACH who="1" step="1"/><E118/><REACH who="1" ten="89,336,211,354" step="2"/><V82/><F38/><W25/><G25/><T21/><D21/><U124/><E124/><V119/><F119/><W102/><G102/><T56/><D56/><AGARI ba="0,1" hai="7,11,12,17,20,24,49,52,56,74,75,82,85,90" machi="56" ten="30,3900,0" yaku="7,1,52,1,54,1" doraHai="77" who="2" fromWho="0" sc="89,-39,336,0,211,49,354,0" owari="50,-45.0,336,13.6,260,-14.0,354,45.4" /></mjloggm>