<mjloggm ver="2.3"><GO type="169" lobby="0"/><UN n0="%E3%83%A9%E3%82%A4%E3%83%96%E3%83%94%E3%83%B3%E3%82%AF" n1="%E3%81%8A%E3%81%98%E3%81%95%E3%82%93" n2="%74%61%6B%65%33" n3="%E3%81%82%E3%81%84%E3%81%93%E3%81%99" dan="16,19,17,16" rate="2125.68,2272.64,2221.34,2054.96" sx="M,M,M,M"/><TAIKYOKU oya="0"/><INIT seed="0,0,0,0,4,75" ten="250,250,250,250" oya="0" hai0="15,102,43,124,32,107,82,60,13,44,28,27,92" hai1="25,51,104,63,134,33,38,64,84,31,94,89,68" hai2="69,96,74,23,10,122,130,49,98,81,90,26,41" hai3="11,112,85,7,109,40,20,106,135,1,95,12,73"/><T78/><D124/><U119/><E119/><V87/><F122/><W110/><G106/><T55/><D107/><U34/><E134/><V24/><F69/><W113/><G73/><T58/><D102/><U80/><E38/><V9/><F130/><W126/><G40/><T105/><D92/><U46/><E104/><V57/><F26/><W52/><G135/><T77/><D105/><U0/><E0/><V91/><F74/><W18/><G126/><T66/><D66/><U53/><REACH who="1" step="1"/><E94/><REACH who="1" ten="250,240,250,250" step="2"/><N who="2" m="56407" /><F98/><W37/><G37/><T132/><D132/><U54/><E54/><N who="2" m="31951" /><F41/><W125/><G125/><T65/><D65/><U79/><E79/><V123/><F123/><W8/><G52/><T93/><D93/><U2/><E2/><V22/><F22/><AGARI ba="0,1" hai="22,25,31,33,34,46,51,53,63,64,68,80,84,89" machi="22" ten="30,2000,0" yaku="1,1,7,1,53,0" doraHai="75" doraHaiUra="14" who="1" fromWho="2" sc="250,0,240,30,250,-20,250,0" /><INIT seed="1,0,0,1,4,113" ten="250,270,230,250" oya="1" hai0="88,52,38,81,133,12,121,131,4,82,118,115,40" hai1="9,32,128,73,103,56,3,107,46,83,7,120,51" hai2="129,34,48,124,76,35,97,110,6,31,68,101,49" hai3="70,69,117,15,126,0,43,28,116,71,60,96,62"/><U45/><E120/><V78/><F110/><W10/><G126/><T23/><D115/><U19/><E128/><V72/><F124/><W104/><G0/><T119/><D131/><U22/><E32/><V75/><F129/><W127/><G127/><T53/><D40/><U59/><E107/><V87/><F87/><W20/><G43/><T63/><D38/><U94/><E103/><V42/><F42/><W77/><G77/><T125/><D125/><U122/><E94/><V135/><F101/><W57/><G96/><T92/><D133/><U24/><E122/><V84/><F84/><W132/><G104/><T100/><D100/><U37/><E37/><V14/><F14/><W54/><G132/><T27/><D4/><U67/><E59/><V105/><F6/><W123/><G62/><T41/><D12/><U47/><E67/><V18/><F31/><W102/><G102/><T39/><D41/><U17/><E17/><V36/><F36/><W2/><G2/><T86/><D121/><U85/><E73/><V66/><F18/><W50/><G50/><T44/><D44/><U79/><REACH who="1" step="1"/><E56/><REACH who="1" ten="250,260,230,250" step="2"/><V65/><F105/><W106/><G106/><T21/><D39/><U98/><E98/><V55/><F97/><W26/><REACH who="3" step="1"/><G123/><REACH who="3" ten="250,260,230,240" step="2"/><T74/><D74/><U134/><E134/><V93/><F135/><W89/><G89/><T29/><D88/><U5/><E5/><AGARI ba="0,2" hai="5,10,15,20,26,28,54,57,60,69,70,71,116,117" machi="5" ten="40,5200,0" yaku="1,1,52,2,53,0" doraHai="113" doraHaiUra="108" who="3" fromWho="1" sc="250,0,260,-52,230,0,240,72" /><INIT seed="2,0,0,4,5,85" ten="250,208,230,312" oya="2" hai0="75,111,135,35,42,87,59,121,98,44,86,67,66" hai1="89,99,49,79,97,88,40,107,118,17,24,4,73" hai2="129,12,106,15,83,100,115,22,109,69,90,36,33" hai3="14,80,18,92,101,95,78,30,2,82,0,32,46"/><V131/><F115/><W39/><G32/><T63/><D75/><U125/><E118/><V5/><F33/><W60/><G30/><T23/><D121/><U11/><E125/><V77/><F36/><W37/><G60/><T108/><D35/><U51/><E73/><V114/><F114/><W102/><G14/><T58/><D135/><U45/><E79/><V29/><F69/><W65/><G46/><T61/><D98/><N who="1" m="37387" /><E107/><V134/><F100/><W47/><G47/><T10/><D10/><U52/><E4/><V128/><F106/><W117/><G18/><T55/><D23/><N who="1" m="13423" /><E11/><V7/><F134/><W70/><G78/><T74/><D74/><U96/><N who="1" m="37395" /><U54/><DORA hai="25" /><E52/><V13/><F109/><N who="0" m="42058" /><D55/><U91/><E89/><V76/><F76/><W28/><G65/><T8/><D8/><U31/><E31/><V68/><F68/><W123/><G28/><T81/><D81/><U126/><E126/><V50/><F50/><AGARI ba="0,0" hai="42,44,50,58,59,61,63,66,67,86,87" m="42058" machi="50" ten="30,1000,0" yaku="14,1" doraHai="85,25" who="0" fromWho="2" sc="250,10,208,0,230,-10,312,0" /><INIT seed="3,0,0,3,2,44" ten="260,208,220,312" oya="3" hai0="32,26,47,15,18,72,128,37,58,99,132,88,104" hai1="124,46,122,12,116,3,67,79,78,125,115,39,114" hai2="66,123,61,62,102,2,135,69,111,117,76,40,81" hai3="87,75,94,109,42,89,131,45,27,92,64,25,7"/><W90/><G131/><T121/><D121/><U107/><E3/><V10/><F117/><W105/><G105/><T34/><D72/><U96/><E67/><V91/><F111/><W86/><G75/><T19/><D132/><U9/><E122/><V119/><F119/><W74/><G74/><T22/><D128/><U16/><E116/><V55/><F135/><W63/><G7/><T14/><D58/><U68/><E68/><V112/><F102/><W5/><G5/><T95/><D104/><U57/><E57/><V8/><F40/><W23/><G109/><T73/><D26/><U93/><E107/><V28/><F91/><W4/><G4/><T130/><D73/><U36/><E79/><V106/><F112/><N who="1" m="43049" /><E46/><V1/><F28/><W70/><REACH who="3" step="1"/><G23/><REACH who="3" ten="260,208,220,302" step="2"/><T48/><D130/><U38/><E125/><V110/><F106/><W43/><G43/><T98/><D34/><U85/><E124/><V56/><F110/><W24/><G24/><T108/><D32/><U59/><E12/><V0/><F123/><W101/><G101/><T71/><D108/><U49/><E9/><V83/><F10/><W53/><G53/><T29/><D15/><U11/><E11/><V21/><F8/><W33/><G33/><T17/><D14/><U134/><E134/><V133/><F133/><W51/><AGARI ba="0,1" hai="25,27,42,45,51,63,64,70,86,87,89,90,92,94" machi="51" ten="20,12000,1" yaku="1,1,0,1,7,1,9,1,52,1,53,0" doraHai="44" doraHaiUra="103" who="3" fromWho="3" sc="260,-40,208,-40,220,-40,302,130" /><INIT seed="3,1,0,4,5,122" ten="220,168,180,432" oya="3" hai0="118,87,52,53,125,56,116,49,112,131,44,132,0" hai1="43,114,5,14,81,79,15,61,72,88,101,17,71" hai2="48,100,126,85,90,64,76,124,20,29,93,9,106" hai3="121,12,68,7,42,77,69,10,28,2,128,35,3"/><W127/><G121/><T32/><D32/><U91/><E114/><V109/><F64/><W24/><G128/><T129/><D0/><U22/><E43/><V86/><F9/><W50/><G127/><N who="2" m="48681" /><F48/><W19/><G77/><T89/><D125/><U110/><E110/><V45/><F45/><W95/><G95/><T26/><D26/><U55/><E101/><V16/><F29/><W98/><G98/><T113/><D89/><U1/><E1/><V46/><F46/><W63/><G2/><T41/><D53/><U51/><E61/><V62/><F62/><W97/><G63/><T8/><D8/><U34/><E34/><V107/><F100/><W83/><G97/><T135/><D87/><U84/><E71/><V123/><F123/><W120/><G120/><T39/><D113/><U54/><E54/><V6/><F6/><W108/><G83/><T94/><D94/><U65/><E65/><V38/><F38/><W27/><G27/><T99/><D112/><U102/><E102/><V78/><F78/><W40/><G40/><T11/><D11/><N who="1" m="4463" /><E72/><V103/><F103/><W130/><G50/><T18/><D18/><U75/><E75/><V23/><F23/><N who="3" m="11751" /><G42/><T59/><D59/><AGARI ba="1,0" hai="15,17,22,51,55,59,79,81,84,88,91" m="4463" machi="59" ten="30,2000,0" yaku="8,1,54,1" doraHai="122" who="1" fromWho="0" sc="220,-23,168,23,180,0,432,0" /><INIT seed="4,0,0,1,4,9" ten="197,191,180,432" oya="0" hai0="102,19,68,17,3,32,97,119,36,121,74,41,133" hai1="90,130,127,22,113,71,57,62,81,106,83,109,107" hai2="104,92,114,118,37,73,4,75,14,7,84,88,122" hai3="61,33,123,20,48,2,66,124,67,39,108,126,129"/><T47/><D119/><U50/><E109/><V27/><F122/><W51/><G33/><T43/><D121/><U79/><E127/><V135/><F37/><W86/><G86/><T120/><D120/><U58/><E130/><V131/><F104/><W70/><G2/><T31/><D74/><U30/><E113/><V87/><F114/><W111/><G39/><T29/><D43/><U99/><E71/><V116/><F131/><W10/><G10/><T95/><D133/><U69/><E69/><V60/><F135/><W25/><G67/><T72/><D72/><U115/><E50/><V49/><F60/><W82/><G82/><T98/><D3/><U34/><E57/><V16/><F27/><W21/><G21/><T110/><D68/><U8/><E8/><N who="2" m="6215" /><F84/><W76/><G76/><T94/><D110/><U13/><E34/><V63/><F63/><W0/><G0/><T56/><D32/><U125/><E115/><V38/><F38/><W117/><G129/><T15/><D56/><U24/><E58/><V23/><F23/><W80/><G123/><T44/><D44/><U93/><E106/><V12/><F49/><W54/><G51/><T105/><D105/><U11/><E107/><V100/><F100/><W55/><G48/><T91/><D19/><N who="1" m="8639" /><E62/><V128/><F128/><W78/><G111/><T18/><D17/><U26/><E26/><V6/><F12/><W85/><G108/><T42/><D42/><U65/><E65/><V52/><F52/><N who="3" m="20011" /><G117/><AGARI ba="0,0" hai="4,6,7,73,75,87,88,92,116,117,118" m="6215" machi="117" ten="30,7700,0" yaku="12,1,52,1,54,2" doraHai="9" who="2" fromWho="3" sc="197,0,191,0,180,77,432,-77" /><INIT seed="5,0,0,3,4,43" ten="197,191,257,355" oya="1" hai0="126,52,116,25,10,11,108,104,124,12,32,27,78" hai1="101,16,92,84,134,131,135,19,6,77,1,0,5" hai2="56,103,20,117,70,118,125,58,122,113,80,69,46" hai3="33,31,72,82,90,94,64,50,115,47,79,2,81"/><U3/><E131/><V51/><F103/><W67/><G115/><T97/><D108/><U133/><E77/><V73/><F73/><W14/><G2/><T41/><D116/><U45/><E45/><V68/><F80/><W112/><G82/><T28/><D78/><U86/><E101/><V95/><F95/><W7/><G112/><T65/><D65/><U24/><E24/><V123/><F20/><W93/><G93/><T114/><D114/><U91/><REACH who="1" step="1"/><E86/><REACH who="1" ten="197,181,257,355" step="2"/><V17/><F113/><W62/><G79/><T39/><D27/><U13/><E13/><V42/><F125/><W75/><G14/><T98/><D12/><U21/><E21/><V59/><F17/><AGARI ba="0,1" hai="0,1,3,5,6,16,17,19,84,91,92,133,134,135" machi="17" ten="50,9600,0" yaku="1,1,20,1,54,1,53,0" doraHai="43" doraHaiUra="99" who="1" fromWho="2" sc="197,0,181,106,257,-96,355,0" /><INIT seed="5,1,0,3,5,63" ten="197,287,161,355" oya="1" hai0="31,123,88,121,76,117,115,20,84,2,43,19,57" hai1="101,21,97,135,32,28,103,0,106,6,36,4,26" hai2="7,23,48,124,92,126,134,96,30,79,95,56,70" hai3="86,16,8,105,9,107,118,52,54,108,66,112,131"/><U46/><E135/><V10/><F70/><W129/><G108/><T83/><D117/><U24/><E0/><V73/><F134/><W119/><G86/><T111/><D111/><U125/><E125/><V13/><F73/><W67/><REACH who="3" step="1"/><G16/><REACH who="3" ten="197,287,161,345" step="2"/><T72/><D19/><U38/><E4/><V44/><F126/><W116/><G116/><T11/><D84/><U15/><E6/><V102/><F124/><W74/><G74/><T51/><D72/><U17/><E26/><V109/><F109/><W59/><G59/><T29/><D57/><U58/><E46/><V71/><F56/><W68/><G68/><T99/><D121/><U25/><E25/><N who="2" m="16703" /><F71/><W53/><G53/><T85/><D85/><U113/><E113/><AGARI ba="1,1" hai="8,9,52,54,66,67,105,107,112,113,118,119,129,131" machi="113" ten="25,12000,2" yaku="1,1,22,2,52,2,54,1,53,0" doraHai="63" doraHaiUra="81" who="3" fromWho="1" sc="197,0,287,-123,161,0,345,133" /><INIT seed="6,0,0,0,3,67" ten="197,164,161,478" oya="2" hai0="4,59,118,117,100,80,93,13,83,82,28,40,44" hai1="46,68,81,94,96,38,71,101,41,125,90,128,23" hai2="3,121,75,73,24,111,51,103,112,2,27,120,133" hai3="10,115,98,7,72,12,49,88,9,104,42,85,91"/><V37/><F103/><W56/><G72/><T124/><D28/><U86/><E125/><V48/><F37/><W15/><G115/><T110/><D110/><U131/><REACH who="1" step="1"/><E23/><REACH who="1" ten="197,154,161,478" step="2"/><V108/><REACH who="2" step="1"/><F112/><REACH who="2" ten="197,154,151,478" step="2"/><W50/><G104/><T14/><D124/><U45/><E45/><V31/><F31/><W114/><G114/><T57/><D44/><U109/><E109/><V34/><F34/><W65/><G42/><T35/><D40/><U95/><E95/><V16/><F16/><W60/><G98/><T8/><D93/><U17/><E17/><V36/><F36/><W87/><G10/><T79/><D8/><U84/><E84/><V19/><F19/><W74/><G74/><T105/><D35/><U70/><AGARI ba="0,2" hai="38,41,46,68,70,71,81,86,90,94,96,101,128,131" machi="70" ten="40,12000,2" yaku="1,1,0,1,52,3,53,1" doraHai="67" doraHaiUra="78" who="1" fromWho="1" sc="197,-30,154,140,151,-60,478,-30" /><INIT seed="7,0,0,5,3,116" ten="167,294,91,448" oya="3" hai0="43,40,48,75,2,119,22,129,35,121,30,47,32" hai1="63,73,6,37,107,7,105,14,61,108,88,46,115" hai2="126,19,109,85,128,80,58,59,113,71,27,41,86" hai3="125,49,124,50,82,26,123,93,54,15,24,76,29"/><W131/><G123/><T117/><D121/><U16/><E73/><V118/><F71/><W102/><G131/><T112/><D2/><U83/><E108/><V69/><F69/><W130/><G130/><T87/><D75/><U17/><E115/><V65/><F109/><W68/><G68/><T110/><D110/><U55/><E37/><V101/><F128/><W135/><G15/><T104/><D104/><U133/><E133/><V5/><F118/><W44/><G50/><T8/><D112/><U13/><E83/><V92/><F113/><W99/><G135/><T103/><D22/><U0/><E0/><V67/><F126/><N who="3" m="48747" /><G29/><T64/><D48/><U31/><E31/><V39/><F39/><W98/><G98/><T77/><D30/><U94/><E94/><V114/><F114/><W74/><AGARI ba="0,0" hai="24,26,44,49,54,74,76,82,93,99,102" m="48747" machi="74" ten="30,1500,0" yaku="18,1" doraHai="116" who="3" fromWho="3" sc="167,-5,294,-5,91,-5,448,15" owari="162,-23.8,289,8.9,86,-41.4,463,56.3" /></mjloggm>