<mjloggm ver="2.3"><GO type="169" lobby="0"/><UN n0="%E6%96%B0%E6%89%8B%31%34%32%38%35%37" n1="%48%69%62%69%6B%69" n2="%E3%81%8D%E3%82%83%E3%83%BC%E3%82%8D%E3%82%93" n3="%E3%83%8E%E3%82%AA%E3%83%81%E3%83%A3%E3%83%99%E3%82%B9" dan="16,16,16,16" rate="2125.43,2128.22,2124.06,2141.74" sx="M,F,M,M"/><TAIKYOKU oya="0"/><INIT seed="0,0,0,4,4,3" ten="250,250,250,250" oya="0" hai0="100,101,91,58,21,121,33,87,46,84,120,105,86" hai1="44,122,92,18,12,39,6,9,98,85,16,77,131" hai2="29,20,128,130,113,36,71,102,30,42,27,10,28" hai3="57,129,109,123,63,41,110,50,56,14,127,1,115"/><T94/><D33/><U59/><E122/><V82/><F71/><W52/><G1/><T62/><D105/><U38/><E131/><N who="2" m="50219" /><F102/><N who="0" m="39530" /><D121/><U132/><E132/><V83/><F113/><W0/><G0/><T76/><D120/><U108/><E108/><N who="3" m="41578" /><G123/><T32/><D32/><U78/><E39/><V119/><F119/><W111/><G111/><T72/><D46/><U80/><E59/><V25/><F10/><W53/><G129/><T24/><D72/><U55/><E77/><V89/><F89/><W37/><G14/><T2/><D2/><U99/><E38/><V118/><F118/><W17/><G17/><N who="1" m="6762" /><E92/><V114/><F114/><W26/><G26/><N who="2" m="9737" /><F20/><W107/><G107/><T15/><D15/><U106/><E106/><V103/><F103/><W90/><G90/><T23/><D76/><U7/><E99/><V81/><F36/><W35/><G35/><T11/><D11/><U112/><E98/><V43/><AGARI ba="0,0" hai="28,29,30,42,43,81,82,83" m="9737,50219" machi="43" ten="40,5200,0" yaku="28,2,19,1" doraHai="3" who="2" fromWho="2" sc="250,-26,250,-13,250,52,250,-13" /><INIT seed="1,0,0,2,2,84" ten="224,237,302,237" oya="1" hai0="126,58,111,33,6,30,61,122,93,15,74,1,116" hai1="88,39,109,104,69,31,35,8,20,131,29,100,102" hai2="127,23,2,134,68,41,121,9,28,75,63,124,19" hai3="54,72,55,25,71,26,56,62,97,45,119,98,5"/><U10/><E69/><V12/><F121/><W13/><G72/><T36/><D116/><U99/><E35/><V37/><F75/><W66/><G119/><T22/><D111/><U67/><E39/><V103/><F103/><N who="1" m="39465" /><E104/><V40/><F134/><W16/><G5/><T118/><D118/><U87/><E109/><V96/><F96/><N who="3" m="36971" /><G71/><T123/><D74/><U14/><E99/><V101/><F101/><W78/><G78/><T91/><D36/><U76/><E76/><V85/><F37/><W120/><G120/><T133/><D126/><N who="2" m="48170" /><F2/><W60/><G45/><T79/><D133/><U114/><E67/><N who="2" m="41087" /><F85/><W107/><G107/><T90/><D1/><U43/><E43/><V4/><F4/><W117/><G117/><T82/><D6/><U32/><E32/><V34/><F34/><W47/><G47/><T59/><D33/><U27/><E114/><V11/><F41/><W106/><G106/><T77/><D122/><U70/><E70/><V95/><F40/><W7/><G7/><T132/><D132/><U3/><E3/><V105/><F105/><W48/><G66/><T51/><D123/><U86/><E86/><V112/><F112/><W64/><G64/><T110/><D110/><U44/><E44/><V52/><F52/><W128/><G128/><T49/><D79/><U113/><E131/><V57/><F57/><N who="3" m="32967" /><G62/><T92/><D61/><U83/><E113/><V89/><F28/><W135/><G135/><T21/><D30/><U125/><E29/><V53/><F53/><W108/><G108/><T17/><D59/><U46/><E125/><V42/><F42/><RYUUKYOKU ba="0,0" sc="224,-15,237,-15,302,15,237,15" hai2="9,11,12,19,23,89,95" hai3="13,16,25,26,55,56,60" /><INIT seed="2,1,0,3,5,61" ten="209,222,317,252" oya="2" hai0="129,7,102,14,46,123,112,74,64,68,79,105,13" hai1="20,99,132,16,125,27,134,57,119,19,75,84,58" hai2="35,55,56,42,12,28,107,67,53,36,32,72,100" hai3="104,11,60,47,130,24,48,38,124,6,63,25,81"/><V95/><F72/><W97/><G38/><T26/><D112/><U30/><E75/><V69/><F35/><W44/><G124/><T39/><D123/><U22/><E119/><V91/><F12/><W71/><G47/><T40/><D129/><U94/><E84/><V73/><F73/><W41/><G130/><T113/><D113/><U4/><E4/><V34/><F55/><W111/><G111/><T118/><D118/><U78/><E78/><V109/><F109/><W90/><G63/><N who="0" m="39967" /><D79/><U122/><E125/><V93/><F93/><W33/><G33/><T103/><D103/><U1/><E1/><V96/><F42/><W83/><G83/><T86/><D86/><U87/><E87/><N who="2" m="52735" /><F36/><W135/><G81/><T133/><D7/><U52/><E58/><V65/><F34/><W45/><G45/><T18/><D74/><U120/><E120/><V9/><F9/><W23/><G23/><T31/><D133/><N who="1" m="51307" /><E22/><V121/><F121/><W15/><G135/><T29/><D39/><U101/><E122/><V127/><F127/><W21/><G21/><T116/><D116/><U82/><E82/><V43/><F43/><W108/><G108/><T70/><D40/><U89/><E101/><V66/><F69/><W115/><G115/><T59/><D70/><U110/><E110/><V98/><F98/><W106/><G90/><T49/><D102/><U128/><E128/><V0/><F0/><W131/><G131/><T51/><D46/><U114/><E114/><V80/><F80/><W92/><G71/><T88/><D59/><U3/><E3/><V85/><F56/><RYUUKYOKU ba="1,0" sc="209,-10,222,30,317,-10,252,-10" hai1="16,19,20,27,30,52,57,89,94,99" /><INIT seed="3,2,0,5,2,38" ten="199,252,307,242" oya="3" hai0="22,85,2,78,98,86,35,97,83,135,55,101,84" hai1="58,19,28,29,93,73,133,80,66,16,10,102,31" hai2="57,134,61,36,114,6,128,20,21,91,131,125,103" hai3="92,9,39,129,15,70,63,12,71,33,87,13,88"/><W45/><G33/><T104/><D35/><U68/><E133/><V90/><F114/><W26/><G129/><N who="2" m="49737" /><F36/><W132/><G132/><T99/><D2/><U127/><E68/><V0/><F134/><W60/><G26/><T30/><D135/><U4/><E127/><V53/><F103/><W3/><G71/><T72/><D55/><U124/><E124/><V100/><F100/><W75/><G75/><T81/><D22/><N who="2" m="8810" /><F125/><W37/><G37/><T34/><D30/><U106/><E106/><V32/><F32/><W113/><G113/><T119/><D34/><U5/><E80/><V120/><F120/><W49/><G39/><T94/><D119/><U62/><E73/><V24/><F24/><W59/><G70/><T95/><D83/><U11/><E4/><V69/><F69/><W41/><G3/><T112/><D112/><U40/><E5/><V67/><F67/><N who="3" m="39327" /><G63/><T105/><D101/><U48/><E102/><V1/><F1/><W109/><G109/><T47/><D47/><N who="1" m="25703" /><E93/><AGARI ba="2,0" hai="72,78,81,84,85,86,93,94,95,97,98,99,104,105" machi="93" ten="40,12000,2" yaku="35,6" doraHai="38" who="0" fromWho="1" sc="199,126,252,-126,307,0,242,0" /><INIT seed="4,0,0,5,3,90" ten="325,126,307,242" oya="0" hai0="103,93,36,26,49,18,119,92,106,70,65,15,109" hai1="71,42,112,114,108,120,7,10,40,121,45,78,11" hai2="58,41,3,0,105,12,61,57,38,14,17,55,107" hai3="39,125,69,27,20,75,110,89,73,63,22,51,19"/><T16/><D119/><U102/><E108/><V126/><F126/><W6/><G39/><T115/><D36/><U68/><E78/><V72/><F72/><W97/><G110/><T9/><D115/><N who="1" m="44075" /><E102/><V131/><F131/><W83/><G125/><T91/><D106/><U82/><E82/><V21/><F41/><N who="1" m="15977" /><E45/><V129/><F129/><W88/><G6/><T134/><D109/><U127/><E127/><V128/><F128/><W94/><G51/><T37/><D49/><U113/><N who="1" m="44083" /><U66/><DORA hai="35" /><E66/><V67/><F38/><W31/><G69/><N who="1" m="26698" /><E7/><V5/><F107/><W8/><G63/><T30/><D65/><U124/><E124/><V80/><F105/><W44/><G44/><T60/><D37/><U54/><E54/><V96/><F80/><W81/><G81/><T32/><D103/><U77/><E77/><V43/><F43/><W86/><REACH who="3" step="1"/><G8/><AGARI ba="0,0" hai="8,10,11,120,121" m="26698,15977,44083" machi="8" ten="50,8000,1" yaku="28,2,15,1,11,1" doraHai="90,35" who="1" fromWho="3" sc="325,0,126,80,307,0,242,-80" /><INIT seed="5,0,0,3,4,116" ten="325,206,307,162" oya="1" hai0="83,30,65,14,80,128,111,135,34,0,129,81,40" hai1="48,8,6,43,37,120,123,31,16,54,45,64,36" hai2="28,86,3,95,122,108,117,10,69,87,47,91,109" hai3="82,112,133,113,126,94,84,60,59,105,42,26,71"/><U85/><E31/><V104/><F117/><W61/><G105/><T114/><D111/><U63/><E85/><V78/><F69/><W25/><G94/><T96/><D0/><U131/><E131/><N who="0" m="50249" /><D114/><U7/><E7/><V132/><F104/><W92/><G92/><T102/><D135/><U67/><E16/><V39/><F28/><W11/><G133/><T134/><D134/><U17/><E17/><V106/><F106/><W98/><G98/><T90/><D14/><U110/><E110/><V89/><F132/><W57/><G71/><T12/><D12/><U68/><E64/><V44/><F95/><W38/><G11/><T32/><D65/><U49/><E8/><V125/><F10/><W46/><G126/><T9/><D9/><U100/><E100/><V5/><F39/><N who="1" m="14921" /><E6/><V107/><F107/><W76/><G26/><T101/><D30/><U15/><E15/><V66/><F66/><W118/><G25/><T55/><D90/><U115/><E115/><N who="3" m="44106" /><G118/><T35/><D96/><U29/><E29/><V20/><F5/><W119/><G119/><T53/><D101/><U56/><AGARI ba="0,0" hai="43,45,48,49,54,56,63,67,68,120,123" m="14921" machi="56" ten="30,11700,0" yaku="34,2,52,2" doraHai="116" who="1" fromWho="1" sc="325,-39,206,117,307,-39,162,-39" /><INIT seed="5,1,0,3,2,65" ten="286,323,268,123" oya="1" hai0="87,67,35,6,98,55,47,117,7,112,23,105,97" hai1="86,76,57,16,104,75,63,53,111,18,56,20,61" hai2="100,38,71,13,70,107,10,118,126,96,21,40,34" hai3="129,12,132,94,73,114,60,0,91,9,64,2,79"/><U119/><E75/><V93/><F118/><W1/><G114/><T133/><D35/><U125/><E119/><V49/><F34/><W81/><G132/><T84/><D112/><U44/><E104/><V69/><F38/><W122/><G129/><T131/><D117/><U121/><E121/><V135/><F135/><W11/><G122/><T14/><D67/><U4/><E125/><V124/><F21/><W25/><G25/><T134/><D131/><U19/><E4/><V27/><F27/><W103/><G103/><T72/><D72/><U62/><E111/><V24/><F24/><W120/><G120/><T36/><D14/><U78/><E20/><V50/><F107/><W17/><G11/><T102/><D23/><U15/><E15/><V29/><F29/><W42/><G42/><T128/><D128/><U30/><E30/><V37/><F37/><W89/><REACH who="3" step="1"/><G94/><REACH who="3" ten="286,323,268,113" step="2"/><T48/><D102/><U39/><E39/><V31/><F40/><W99/><G99/><T8/><D36/><U46/><E62/><V32/><F31/><W106/><G106/><T58/><D105/><U130/><E130/><V95/><F95/><W26/><G26/><T5/><D8/><U82/><E76/><V43/><F43/><W110/><G110/><T115/><D115/><U109/><E109/><V54/><F32/><W59/><AGARI ba="1,1" hai="0,1,2,9,12,17,59,60,64,73,79,81,89,91" machi="59" ten="30,7900,0" yaku="1,1,0,1,53,2" doraHai="65" doraHaiUra="85" who="3" fromWho="3" sc="286,-21,323,-40,268,-21,113,92" /><INIT seed="6,0,0,5,1,109" ten="265,283,247,205" oya="2" hai0="119,129,117,128,105,25,86,43,39,9,14,63,107" hai1="80,100,0,124,111,34,70,40,13,112,78,67,48" hai2="71,115,102,127,116,2,57,122,88,17,84,55,20" hai3="125,6,35,49,75,74,77,45,66,37,93,33,68"/><V72/><F122/><W120/><G120/><T8/><D25/><U98/><E0/><V62/><F116/><N who="0" m="44618" /><D63/><U103/><E111/><V126/><F72/><W11/><G93/><T31/><D31/><U121/><E121/><V50/><F102/><W19/><G19/><N who="0" m="8647" /><D9/><U5/><E34/><V76/><F76/><W79/><G125/><N who="2" m="47625" /><F2/><N who="3" m="471" /><G49/><T29/><D29/><U27/><E27/><N who="2" m="14735" /><F71/><W133/><G79/><T36/><D86/><U42/><E70/><V30/><F30/><W10/><G10/><T106/><D43/><U41/><E42/><V60/><F115/><W95/><G95/><AGARI ba="0,0" hai="50,55,57,60,62,84,88,95" m="14735,47625" machi="95" ten="30,2900,0" yaku="18,1,54,1" doraHai="109" who="2" fromWho="3" sc="265,0,283,0,247,29,205,-29" /><INIT seed="6,1,0,3,0,44" ten="265,283,276,176" oya="2" hai0="22,93,129,83,114,68,133,80,90,66,35,91,135" hai1="39,4,94,132,89,18,26,75,110,23,16,12,36" hai2="100,46,64,54,109,9,85,63,73,78,97,62,41" hai3="31,119,40,28,134,13,8,103,55,131,112,126,57"/><V104/><F109/><W96/><G119/><T120/><D35/><U6/><E110/><V116/><F116/><W21/><G40/><T48/><D120/><U69/><E69/><V37/><F73/><W15/><G134/><N who="0" m="51211" /><D114/><U11/><E75/><V123/><F123/><W77/><G112/><T86/><D129/><U17/><E132/><V74/><F74/><W65/><G65/><T43/><D22/><U60/><E4/><V76/><F85/><W10/><G131/><T92/><D66/><U53/><E36/><V113/><F113/><W105/><G77/><T47/><D68/><U29/><E39/><V108/><F108/><W82/><G82/><T3/><D3/><U121/><E121/><V122/><F122/><W49/><G126/><T98/><AGARI ba="1,0" hai="43,47,48,80,83,86,90,91,92,93,98" m="51211" machi="98" ten="30,2000,0" yaku="20,1,52,1" doraHai="44" who="0" fromWho="0" sc="265,23,283,-6,276,-11,176,-6" /><INIT seed="7,0,0,1,2,51" ten="288,277,265,170" oya="3" hai0="2,33,26,11,124,44,45,79,88,28,18,22,103" hai1="130,71,1,118,56,131,41,87,17,100,134,69,72" hai2="25,128,27,121,24,113,112,7,70,65,62,0,98" hai3="16,34,110,77,86,52,58,75,53,89,29,30,85"/><W40/><G75/><T42/><D79/><U23/><E72/><V39/><F39/><W132/><G34/><T108/><D108/><U55/><E1/><V115/><F128/><N who="1" m="49193" /><E134/><V94/><F121/><W119/><G40/><T36/><D124/><U106/><E41/><V96/><F94/><N who="3" m="54575" /><G119/><T84/><D103/><U109/><E87/><V8/><AGARI ba="0,0" hai="0,7,8,24,25,27,62,65,70,96,98,112,113,115" machi="8" ten="40,2700,0" yaku="0,1,15,1" doraHai="51" who="2" fromWho="2" sc="288,-7,277,-7,265,27,170,-13" /><INIT seed="8,0,0,3,0,50" ten="281,270,292,157" oya="0" hai0="70,37,62,16,97,85,34,66,108,51,54,88,109" hai1="130,116,56,1,82,17,115,52,96,81,132,49,43" hai2="95,68,91,118,35,107,55,33,28,26,57,105,25" hai3="14,69,89,19,126,123,31,74,87,61,2,9,59"/><T39/><D34/><U128/><E132/><V80/><F118/><W15/><G74/><T73/><D97/><U114/><E1/><V119/><F68/><W94/><G69/><T32/><D32/><U117/><E96/><V64/><F119/><N who="1" m="45641" /><E43/><V125/><F125/><W58/><G2/><T84/><D73/><U60/><E17/><V111/><F111/><N who="0" m="42570" /><D16/><U3/><E49/><V22/><F64/><W133/><G133/><T122/><D122/><U79/><E82/><V134/><F80/><W13/><G126/><T93/><D85/><N who="1" m="48319" /><E3/><V120/><F120/><W131/><G123/><T21/><D21/><U30/><E30/><V75/><F75/><W71/><G131/><AGARI ba="0,0" hai="52,56,60,114,115,128,130,131" m="48319,45641" machi="131" ten="30,7700,0" yaku="19,1,16,1,52,1,54,1" doraHai="50" who="1" fromWho="3" sc="281,0,270,77,292,0,157,-77" owari="281,-11.9,347,44.7,292,9.2,80,-42.0" /></mjloggm>