<mjloggm ver="2.3"><GO type="169" lobby="0"/><UN n0="%E3%81%98%E3%82%83%E3%81%99%E3%81%BF%E3%82%93" n1="%E9%9D%92%E6%A3%AE%E3%81%AE%E7%9C%BC%E9%8F%A1%E5%85%88%E8%BC%A9" n2="%E7%9B%9B%E5%B2%A1%E3%81%AE%E3%83%AA%E3%83%BC%E3%83%81%E8%B6%85%E4%BA%BA" n3="%73%79%6C%76%65%6F%6E" dan="16,16,17,16" rate="2052.96,2047.24,2174.19,2161.42" sx="M,M,M,M"/><TAIKYOKU oya="0"/><INIT seed="0,0,0,3,3,76" ten="250,250,250,250" oya="0" hai0="109,4,56,47,15,86,37,27,81,11,40,114,134" hai1="96,110,17,97,113,60,34,101,78,95,32,25,106" hai2="43,132,41,35,54,92,48,104,119,126,57,22,5" hai3="77,39,115,84,29,7,130,111,30,70,3,80,103"/><T94/><D114/><U53/><E110/><V67/><F104/><W51/><G115/><T42/><D134/><U58/><E78/><V62/><F35/><W88/><G39/><T59/><D109/><U23/><REACH who="1" step="1"/><E113/><REACH who="1" ten="250,240,250,250" step="2"/><V79/><F79/><W122/><G77/><T16/><D40/><U127/><E127/><V50/><F41/><W9/><G111/><T73/><D73/><U45/><E45/><V116/><F126/><W24/><G122/><T135/><D135/><U71/><E71/><V49/><F43/><W91/><G70/><T89/><REACH who="0" step="1"/><D94/><REACH who="0" ten="240,240,250,250" step="2"/><U13/><E13/><V121/><F92/><W125/><G125/><T18/><D18/><U69/><E69/><V38/><F132/><W72/><G72/><T85/><D85/><U83/><E83/><V108/><F108/><W123/><G80/><T19/><D19/><U33/><E33/><V82/><F82/><W14/><G84/><T112/><D112/><U100/><AGARI ba="0,2" hai="17,23,25,32,34,53,58,60,95,96,97,100,101,106" machi="100" ten="20,2700,0" yaku="1,1,0,1,7,1,53,0" doraHai="76" doraHaiUra="133" who="1" fromWho="1" sc="240,-13,240,47,250,-7,250,-7" /><INIT seed="1,0,0,0,2,38" ten="227,287,243,243" oya="1" hai0="28,109,45,6,128,90,37,5,69,79,124,30,107" hai1="29,7,34,12,70,4,88,129,23,36,82,80,27" hai2="95,125,42,104,89,44,35,10,9,46,55,108,118" hai3="31,40,68,92,112,11,76,57,62,97,75,121,1"/><U33/><E129/><V122/><F104/><W49/><G121/><T91/><D107/><U130/><E130/><V116/><F122/><W119/><G112/><T77/><D69/><U93/><E70/><V111/><F35/><W41/><G68/><T53/><D128/><U132/><E132/><V96/><F55/><W72/><G119/><T20/><D20/><U63/><E63/><V127/><F44/><W102/><G49/><T73/><D53/><U126/><E126/><N who="2" m="48139" /><F9/><W81/><G75/><T101/><D73/><U84/><E36/><N who="2" m="21831" /><F10/><W14/><G31/><T78/><D45/><U115/><E115/><V22/><F22/><W99/><G99/><T43/><D37/><U48/><E33/><V86/><F96/><W67/><REACH who="3" step="1"/><G1/><REACH who="3" ten="227,287,243,233" step="2"/><T54/><D124/><U51/><E51/><V25/><F25/><W61/><G61/><T71/><D71/><U114/><E48/><V106/><F106/><W110/><G110/><AGARI ba="0,1" hai="86,89,95,108,110,111,116,118" m="21831,48139" machi="110" ten="30,3900,0" yaku="14,1,18,1,52,1" doraHai="38" who="2" fromWho="3" sc="227,0,287,0,243,49,233,-39" /><INIT seed="2,0,0,3,4,115" ten="227,287,292,194" oya="2" hai0="65,55,21,87,133,73,36,33,78,103,30,110,70" hai1="67,132,89,31,97,6,96,122,60,20,81,72,3" hai2="53,59,24,7,105,106,92,102,129,80,1,40,12" hai3="119,10,127,68,108,45,118,37,42,9,124,62,77"/><V4/><F1/><W83/><G108/><T86/><D36/><U34/><E34/><V76/><F40/><W84/><G10/><T91/><D33/><U52/><E132/><V41/><F41/><W48/><G9/><T0/><D0/><U123/><E6/><V16/><F24/><W43/><G43/><T98/><D133/><U57/><E3/><V17/><F129/><W64/><REACH who="3" step="1"/><G37/><REACH who="3" ten="227,287,292,184" step="2"/><T131/><D131/><U120/><E120/><V104/><F4/><W85/><G85/><T95/><D87/><U125/><E123/><V88/><F7/><W82/><G82/><T128/><D110/><U90/><E81/><V61/><F12/><W121/><G121/><T29/><D128/><U2/><E2/><V22/><F22/><W27/><G27/><T130/><D21/><U112/><E20/><V38/><F38/><W49/><G49/><T15/><D15/><U71/><E122/><V66/><F80/><W94/><G94/><T56/><D130/><U44/><E112/><V101/><F104/><W116/><AGARI ba="0,1" hai="42,45,48,62,64,68,77,83,84,116,118,119,124,127" machi="116" ten="40,8000,1" yaku="1,1,0,1,52,3,53,0" doraHai="115" doraHaiUra="126" who="3" fromWho="3" sc="227,-20,287,-20,292,-40,184,90" /><INIT seed="3,0,0,1,3,103" ten="207,267,252,274" oya="3" hai0="74,125,18,9,70,36,121,35,98,41,114,79,13" hai1="5,81,11,124,43,120,115,46,24,133,132,59,106" hai2="111,123,27,116,101,100,85,52,69,51,80,95,108" hai3="37,29,39,0,48,14,42,118,113,54,76,26,31"/><W60/><G0/><T129/><D98/><U77/><E120/><V82/><F69/><W7/><G113/><T75/><D41/><U84/><E115/><V89/><F116/><W44/><G118/><T8/><D79/><U32/><E124/><V62/><F62/><W49/><G60/><T130/><D18/><U4/><E59/><V109/><F123/><W15/><G31/><T131/><D13/><U83/><E83/><N who="2" m="31787" /><F27/><W128/><G128/><T72/><D114/><U94/><E32/><V68/><F68/><W6/><G76/><T97/><D97/><U3/><E24/><V38/><F38/><W58/><G15/><T50/><D70/><U134/><E94/><V34/><F34/><W105/><G105/><T1/><D121/><U61/><E61/><V135/><F135/><W110/><G110/><N who="2" m="28161" /><V23/><DORA hai="17" /><F23/><W112/><G112/><T117/><D35/><U19/><E106/><V28/><F28/><W78/><G78/><T92/><D1/><U87/><E81/><V30/><F30/><W93/><G6/><T99/><D117/><U64/><E77/><V65/><F65/><W2/><G2/><T16/><D36/><N who="3" m="13897" /><G7/><T119/><D119/><U91/><E64/><V122/><F122/><W21/><G14/><T33/><D33/><U40/><E4/><V90/><F90/><W63/><G63/><T104/><D130/><U55/><E91/><V56/><AGARI ba="0,0" hai="51,52,56,85,89,95,100,101" m="28161,31787" machi="56" ten="40,2700,0" yaku="14,1,54,1" doraHai="103,17" who="2" fromWho="2" sc="207,-7,267,-7,252,27,274,-13" /><INIT seed="4,0,0,0,0,46" ten="200,260,279,261" oya="0" hai0="47,67,57,3,95,40,107,35,7,79,23,88,33" hai1="92,72,104,123,84,127,101,38,27,129,29,80,93" hai2="75,110,135,94,66,87,52,74,55,2,78,50,106" hai3="56,108,86,125,21,19,9,134,132,5,118,91,39"/><T30/><D107/><U17/><E123/><V12/><F106/><W89/><G108/><T42/><D79/><U1/><E129/><V100/><F2/><W114/><G118/><T81/><D81/><U98/><E127/><V13/><F110/><W64/><G39/><T103/><D103/><U10/><E38/><V28/><F66/><W71/><G71/><T82/><D82/><U60/><E60/><V20/><F135/><N who="3" m="51755" /><G114/><T102/><D102/><U6/><E17/><V63/><F75/><W130/><G130/><T26/><D40/><U99/><E99/><N who="2" m="59511" /><F74/><W49/><G64/><T43/><D43/><U37/><E72/><V25/><F87/><W53/><G125/><T58/><D7/><U51/><E37/><V14/><F78/><W116/><G86/><T73/><D3/><U41/><E84/><V85/><F85/><W32/><G32/><T128/><D128/><U8/><E80/><V131/><F131/><W65/><G65/><T0/><D0/><U62/><E1/><V59/><F55/><W44/><G116/><T120/><D120/><U96/><E41/><V31/><F28/><W124/><G124/><T61/><D58/><U90/><E29/><V126/><F126/><W34/><G34/><T16/><D30/><U54/><E104/><V77/><F77/><W111/><G56/><T68/><D68/><U119/><E119/><V113/><F113/><W76/><G76/><T121/><D73/><U122/><E122/><V97/><F97/><W112/><G112/><T117/><D117/><U115/><E115/><V48/><AGARI ba="0,0" hai="12,13,14,20,25,31,48,50,52,59,63" m="59511" machi="48" ten="30,7900,0" yaku="8,1,52,2,54,1" doraHai="46" who="2" fromWho="2" sc="200,-39,260,-20,279,79,261,-20" /><INIT seed="5,0,0,1,1,40" ten="161,240,358,241" oya="1" hai0="41,12,48,2,67,96,22,42,54,94,108,29,10" hai1="57,13,89,33,131,119,74,15,91,133,37,122,62" hai2="7,52,116,83,121,47,35,103,98,85,106,27,112" hai3="68,56,20,93,99,95,87,63,109,105,69,81,71"/><U66/><E122/><V9/><F116/><W25/><G109/><T120/><D108/><U34/><E119/><V90/><F121/><W115/><G115/><T17/><D67/><U19/><E133/><V126/><F126/><W1/><G1/><T82/><D120/><U61/><E131/><V64/><F64/><W104/><G95/><T30/><D2/><U3/><E74/><V124/><F124/><W107/><G93/><T88/><D82/><U113/><E61/><V111/><F111/><W32/><G32/><T135/><D135/><U36/><E15/><V46/><F112/><W50/><G50/><T26/><REACH who="0" step="1"/><D29/><REACH who="0" ten="151,240,358,241" step="2"/><U23/><E3/><V80/><F83/><W5/><G71/><T125/><D125/><U60/><E113/><V31/><F80/><W38/><G69/><T77/><D77/><U65/><E34/><V100/><F31/><W18/><G68/><T102/><D102/><U16/><E33/><V45/><F100/><W86/><G81/><T43/><D43/><U21/><E91/><V129/><F35/><W59/><G105/><T110/><D110/><U130/><E89/><V51/><F90/><W14/><G104/><T123/><D123/><U114/><E114/><V118/><F103/><W6/><G107/><T49/><D49/><U84/><E66/><V0/><F51/><W44/><G38/><T78/><D78/><U55/><E65/><V76/><F0/><W92/><G86/><T11/><D11/><U28/><E84/><V128/><F85/><W39/><G87/><T58/><AGARI ba="0,1" hai="10,12,17,22,26,30,41,42,48,54,58,88,94,96" machi="58" ten="20,8000,1" yaku="1,1,0,1,7,1,8,1,54,1,53,0" doraHai="40" doraHaiUra="117" who="0" fromWho="0" sc="151,90,240,-40,358,-20,241,-20" /><INIT seed="6,0,0,3,2,63" ten="241,200,338,221" oya="2" hai0="34,45,30,1,122,42,85,2,113,49,48,32,106" hai1="43,21,50,27,107,95,22,13,83,25,20,98,115" hai2="26,110,75,8,77,38,31,87,120,54,55,76,91" hai3="68,90,4,124,18,116,71,41,60,89,52,74,101"/><V100/><F120/><W131/><G116/><T82/><D106/><U133/><E115/><V70/><F38/><W109/><G109/><T111/><D111/><U125/><E125/><V114/><F114/><W9/><G74/><T69/><D69/><U65/><E133/><V47/><F100/><W5/><G124/><T130/><D113/><U46/><E107/><V37/><F70/><W3/><G5/><T84/><D130/><U40/><E40/><V103/><F103/><W33/><G33/><T121/><D49/><U94/><E13/><V28/><F28/><W19/><G71/><T29/><D29/><U58/><E83/><V93/><F8/><W117/><G117/><T17/><D17/><U126/><E126/><V11/><F11/><W14/><G131/><T16/><D16/><N who="3" m="6185" /><G3/><T99/><D99/><U108/><E108/><V10/><F75/><W132/><G68/><T36/><D36/><U112/><E112/><V24/><F37/><W0/><G0/><N who="0" m="107" /><D121/><U127/><E127/><V135/><F31/><W123/><G132/><T105/><D105/><U23/><N who="1" m="5120" /><DORA hai="62" /><U78/><E98/><V81/><F135/><W79/><G101/><T92/><D30/><U6/><E6/><V12/><F12/><W64/><G123/><T96/><D122/><U35/><E35/><V97/><F97/><W39/><G79/><N who="0" m="46175" /><D32/><U104/><E104/><V73/><F73/><W102/><G102/><N who="0" m="60679" /><D34/><U56/><E78/><V129/><F76/><W44/><G52/><T119/><D119/><U61/><E25/><V72/><F110/><W53/><G53/><N who="2" m="19977" /><F129/><W15/><G15/><RYUUKYOKU ba="0,0" sc="241,15,200,-15,338,-15,221,15" hai0="42,45,48,85" hai3="4,9,14,39,41,44,60,64,89,90" /><INIT seed="7,1,0,5,0,126" ten="256,185,323,236" oya="3" hai0="64,25,121,44,82,91,85,77,14,98,102,17,8" hai1="113,111,56,100,29,9,131,86,48,21,19,120,115" hai2="27,129,101,58,2,7,109,103,12,88,62,135,96" hai3="41,53,18,10,32,92,46,74,60,28,104,36,52"/><W40/><G104/><T16/><D121/><U13/><E111/><V43/><F2/><W4/><G74/><T124/><D124/><U50/><E120/><V118/><F109/><W30/><G41/><T99/><D64/><U112/><E100/><V33/><F118/><W1/><G32/><T79/><D44/><U67/><E86/><V87/><F135/><W122/><G122/><T5/><D99/><U68/><E68/><V24/><F33/><W69/><G69/><T75/><D25/><U66/><E131/><V84/><F129/><W116/><G116/><T31/><D31/><U0/><E0/><V105/><F87/><W72/><G72/><T35/><D35/><U81/><E81/><V134/><F103/><W73/><G73/><T70/><D70/><U38/><E38/><V78/><F78/><W55/><G60/><T15/><D75/><U71/><E71/><V51/><F51/><W20/><REACH who="3" step="1"/><G92/><REACH who="3" ten="256,185,323,226" step="2"/><N who="0" m="58695" /><D5/><U89/><E113/><V133/><F43/><W108/><G108/><T63/><D63/><U6/><E115/><V11/><F133/><W123/><G123/><T59/><D59/><U26/><E112/><V57/><F57/><W132/><G132/><T90/><D77/><U3/><E56/><V127/><F134/><W125/><G125/><T22/><AGARI ba="1,1" hai="8,14,15,16,17,22,79,82,85,90,91" m="58695" machi="22" ten="30,2000,0" yaku="8,1,54,1" doraHai="126" who="0" fromWho="0" sc="256,33,185,-6,323,-6,226,-11" owari="289,8.9,179,-32.1,317,41.7,215,-18.5" /></mjloggm>