<mjloggm ver="2.3"><GO type="169" lobby="0"/><UN n0="%6D%61%6A%75%6E%69%61" n1="%E3%81%88%E3%81%84%E3%81%8D%E3%81%A1%40%35%6D%66" n2="%43%72%37" n3="%46%75%77%61" dan="17,17,17,17" rate="2186.94,2238.91,2200.38,2191.34" sx="M,M,M,M"/><TAIKYOKU oya="0"/><INIT seed="0,0,0,5,5,67" ten="250,250,250,250" oya="0" hai0="98,55,71,39,113,72,58,61,9,62,14,4,130" hai1="80,78,111,116,7,97,95,120,34,99,63,126,117" hai2="110,93,105,2,24,30,123,92,5,33,132,75,22" hai3="27,25,79,10,41,96,35,134,45,56,74,12,94"/><T85/><D113/><U49/><E120/><V51/><F123/><W46/><G134/><T23/><D72/><U81/><E34/><V76/><F105/><W90/><G45/><T8/><D39/><U88/><E111/><V32/><F110/><W68/><G56/><T114/><D114/><U115/><E115/><V3/><F76/><W77/><G68/><T135/><D130/><U29/><E29/><V131/><F75/><W89/><G89/><T66/><D135/><U42/><E126/><V103/><F132/><W36/><G35/><T133/><D133/><U53/><E7/><V52/><F33/><W129/><G129/><T13/><D98/><U54/><E97/><V6/><F32/><W73/><G73/><T38/><D38/><U69/><E42/><V59/><F131/><W125/><G125/><T124/><D124/><U48/><E48/><V70/><F70/><W86/><G74/><T128/><D128/><U50/><E49/><V102/><F3/><W1/><G1/><T87/><REACH who="0" step="1"/><D23/><REACH who="0" ten="240,250,250,250" step="2"/><U26/><E99/><N who="2" m="59751" /><F2/><W127/><G127/><T101/><D101/><U121/><E121/><V108/><F108/><W109/><G109/><T44/><D44/><U100/><E100/><V60/><F103/><W17/><G96/><T18/><AGARI ba="0,1" hai="4,8,9,13,14,18,55,58,61,62,66,71,85,87" machi="18" ten="20,7800,0" yaku="1,1,0,1,7,1,52,1,53,0" doraHai="67" doraHaiUra="47" who="0" fromWho="0" sc="240,88,250,-26,250,-26,250,-26" /><INIT seed="0,1,0,0,2,63" ten="328,224,224,224" oya="0" hai0="104,86,93,27,119,1,5,112,72,46,81,126,82" hai1="56,66,53,88,73,101,45,36,8,64,47,67,7" hai2="61,2,3,16,32,48,75,132,30,80,74,108,69" hai3="115,87,15,92,133,78,19,39,22,60,84,98,96"/><T122/><D119/><U18/><E73/><V114/><F114/><W99/><G115/><T91/><D122/><U12/><E101/><V51/><F108/><W116/><G116/><T59/><D112/><U106/><E106/><V134/><F30/><W38/><G133/><N who="2" m="51305" /><F32/><W62/><G39/><T94/><D104/><U28/><E28/><V131/><F131/><W52/><G38/><T125/><D27/><U65/><N who="1" m="16384" /><DORA hai="23" /><U97/><E36/><V68/><F61/><N who="3" m="23659" /><G78/><T55/><D46/><N who="1" m="17419" /><E56/><V129/><F129/><W120/><G120/><T107/><D107/><U43/><E53/><V89/><F74/><W102/><G52/><T25/><D55/><U29/><E29/><V124/><F75/><W103/><G103/><T109/><D109/><U10/><E43/><V13/><F2/><W95/><G102/><T0/><D1/><U14/><E97/><V117/><F3/><W50/><G50/><T110/><D110/><U40/><E40/><V100/><F100/><W4/><G99/><T127/><D0/><U54/><E54/><V85/><F117/><W44/><G44/><T130/><D130/><U41/><E41/><V37/><F37/><W42/><G42/><T128/><D128/><U33/><E33/><V57/><F57/><W123/><G123/><T76/><D125/><U17/><E88/><V90/><F89/><W113/><G113/><T135/><D126/><U111/><E111/><V58/><F124/><W118/><G118/><T79/><D127/><U31/><E31/><V20/><F58/><W9/><G98/><T24/><D135/><U34/><E34/><RYUUKYOKU ba="1,0" sc="328,-15,224,15,224,15,224,-15" hai1="7,8,10,12,14,17,18" hai2="13,16,20,48,51,68,69,80,85,90" /><INIT seed="1,2,0,3,0,17" ten="313,239,239,209" oya="1" hai0="69,30,2,66,82,32,38,51,124,131,21,34,85" hai1="13,49,89,102,134,45,75,3,40,113,135,109,33" hai2="44,80,98,83,94,95,106,63,18,78,70,62,76" hai3="81,104,26,61,39,31,73,24,72,87,105,129,97"/><U15/><E113/><V103/><F44/><W60/><G39/><T8/><D38/><U86/><E75/><N who="2" m="43039" /><F18/><W54/><G129/><T133/><D131/><U59/><E3/><V1/><F62/><W114/><G114/><T101/><D133/><N who="1" m="50699" /><E33/><V25/><F25/><W110/><G110/><T23/><D124/><U16/><E109/><V19/><F19/><W52/><G81/><T112/><D112/><U50/><E102/><N who="2" m="62807" /><F63/><W121/><G97/><T7/><D69/><U43/><E43/><V111/><F70/><W58/><G87/><T11/><D66/><U122/><E122/><V77/><F1/><W130/><G130/><T53/><D101/><U46/><E59/><V126/><F126/><W37/><G37/><T67/><D67/><U132/><N who="1" m="50707" /><U79/><DORA hai="4" /><E79/><N who="2" m="30219" /><F111/><W41/><G58/><T71/><D71/><U29/><E29/><V88/><F103/><W22/><G31/><T128/><D128/><U93/><E15/><V84/><AGARI ba="2,0" hai="83,84,88,94,95" m="30219,62807,43039" machi="84" ten="30,12000,2" yaku="35,5,54,1" doraHai="17,4" who="2" fromWho="2" sc="313,-32,239,-62,239,126,209,-32" /><INIT seed="2,0,0,3,1,123" ten="281,177,365,177" oya="2" hai0="85,10,68,48,25,77,27,97,83,115,66,130,135" hai1="49,127,91,109,134,36,32,73,64,11,46,131,6" hai2="75,116,20,34,56,93,1,108,79,128,8,67,107" hai3="51,58,65,57,47,92,54,103,88,90,113,13,110"/><V72/><F107/><W120/><G120/><T102/><D115/><U74/><E32/><V114/><F34/><W39/><G113/><T7/><D130/><U84/><E36/><V125/><F114/><W133/><G133/><T61/><D135/><U52/><E134/><V31/><F116/><W44/><G39/><T63/><D63/><U117/><E117/><V16/><F79/><W9/><G110/><T106/><REACH who="0" step="1"/><D48/><REACH who="0" ten="271,177,365,177" step="2"/><U96/><E131/><V118/><F128/><W28/><G51/><T87/><D87/><U89/><E73/><V45/><F75/><W76/><G65/><T29/><D29/><U82/><E74/><V94/><F31/><W23/><G28/><T40/><D40/><U26/><E64/><V122/><F72/><W59/><G54/><T35/><D35/><U112/><E112/><V37/><F67/><W126/><G126/><T30/><D30/><U95/><E127/><V41/><F41/><W70/><G70/><T124/><D124/><U132/><E132/><V50/><F50/><W3/><G3/><AGARI ba="0,1" hai="3,7,10,25,27,61,66,68,77,83,85,97,102,106" machi="3" ten="30,2000,0" yaku="1,1,7,1,53,0" doraHai="123" doraHaiUra="17" who="0" fromWho="3" sc="271,30,177,0,365,0,177,-20" /><INIT seed="3,0,0,3,4,92" ten="301,177,365,157" oya="3" hai0="52,46,86,9,126,62,51,41,60,106,110,117,32" hai1="115,118,78,13,56,108,73,31,121,54,105,131,68" hai2="101,111,57,90,11,83,6,18,17,63,15,124,16" hai3="37,55,128,67,64,91,8,5,43,135,93,20,114"/><W30/><G114/><T19/><D117/><U45/><E115/><V84/><F111/><W99/><G135/><T94/><D110/><U113/><E113/><V96/><F124/><W125/><G128/><T132/><D126/><U89/><E68/><V66/><REACH who="2" step="1"/><F6/><REACH who="2" ten="301,177,355,157" step="2"/><W28/><G125/><T47/><D132/><U104/><E108/><V48/><F48/><W24/><G37/><T69/><D62/><U65/><E131/><V10/><F10/><W103/><G5/><T74/><D60/><U25/><E118/><V95/><AGARI ba="0,1" hai="11,15,16,17,18,57,63,66,83,84,90,95,96,101" machi="95" ten="20,16000,3" yaku="1,1,0,1,7,1,8,1,52,1,54,1,53,3" doraHai="92" doraHaiUra="12" who="2" fromWho="2" sc="301,-40,177,-40,355,170,157,-80" /><INIT seed="4,0,0,3,4,80" ten="261,137,525,77" oya="0" hai0="50,41,67,99,84,75,82,135,76,1,51,131,60" hai1="22,97,35,49,24,90,42,74,95,87,130,61,70" hai2="101,13,73,2,123,34,124,113,79,116,47,26,27" hai3="38,37,103,33,16,94,89,110,68,28,63,125,44"/><T107/><D1/><U18/><E74/><V93/><F2/><W32/><G110/><T56/><D131/><U118/><E118/><V71/><F71/><W100/><G125/><T21/><D135/><U48/><E130/><V134/><F34/><W43/><G38/><T29/><D75/><U92/><E35/><V40/><F113/><W111/><G111/><T77/><D77/><U25/><E42/><V132/><F123/><W105/><G33/><T52/><D41/><U0/><E0/><V91/><F101/><W19/><G105/><T6/><D6/><U119/><E119/><V85/><F13/><W12/><G28/><T57/><D107/><U45/><E45/><V39/><F124/><W127/><G32/><T104/><D104/><U72/><E72/><V81/><F116/><W121/><G121/><T53/><D99/><U14/><E70/><V88/><F91/><W59/><G68/><T31/><REACH who="0" step="1"/><D21/><REACH who="0" ten="251,137,525,77" step="2"/><U108/><E108/><V66/><F134/><W133/><G127/><T102/><D102/><U64/><E97/><V3/><F3/><W126/><G126/><T9/><D9/><U7/><E7/><V128/><F132/><W112/><G133/><T8/><D8/><U36/><E22/><V122/><F128/><W120/><G120/><T86/><D86/><U30/><E87/><V15/><F122/><W115/><G103/><T58/><AGARI ba="0,1" hai="29,31,50,51,52,53,56,57,58,60,67,76,82,84" machi="58" ten="20,18000,2" yaku="1,1,0,1,7,1,9,1,8,1,52,1,54,1,53,0" doraHai="80" doraHaiUra="11" who="0" fromWho="0" sc="251,190,137,-60,525,-60,77,-60" /><INIT seed="4,1,0,3,4,2" ten="441,77,465,17" oya="0" hai0="59,110,17,84,15,67,44,35,13,36,126,78,94" hai1="109,40,26,105,53,85,129,83,125,14,90,10,16" hai2="93,55,37,70,45,3,76,54,134,96,113,4,29" hai3="24,80,64,122,63,9,42,41,38,74,51,62,108"/><T65/><D110/><U135/><E109/><V117/><F70/><W89/><G108/><T32/><D126/><U39/><E105/><V133/><F113/><W103/><G122/><T92/><D78/><U86/><E125/><V72/><F29/><W66/><G103/><T27/><D59/><U121/><E121/><V31/><F31/><W30/><G38/><T100/><D100/><U48/><E129/><V60/><F117/><W118/><G118/><T58/><D58/><U107/><E107/><V128/><F60/><N who="3" m="23083" /><G9/><T112/><D112/><U97/><E135/><N who="2" m="51723" /><F128/><W19/><G30/><T52/><D36/><U79/><E97/><V11/><F76/><W5/><G5/><T77/><D32/><U130/><E130/><V71/><F72/><W34/><G34/><T124/><D35/><U8/><E26/><V43/><F71/><W99/><G74/><T25/><D124/><U82/><E39/><V61/><F61/><W123/><G123/><T6/><D77/><U23/><REACH who="1" step="1"/><E40/><REACH who="1" ten="441,67,465,17" step="2"/><N who="3" m="15466" /><G99/><T81/><D27/><U73/><E73/><V106/><F106/><W116/><G116/><T119/><D25/><U114/><E114/><V47/><F37/><W87/><G51/><T12/><D119/><U46/><AGARI ba="1,1" hai="8,10,14,16,23,46,48,53,79,82,83,85,86,90" machi="46" ten="20,8000,1" yaku="1,1,0,1,7,1,8,1,54,1,53,0" doraHai="2" doraHaiUra="91" who="1" fromWho="1" sc="441,-41,67,93,465,-21,17,-21" owari="400,20.0,160,-24.0,444,54.4,-4,-50.4" /></mjloggm>