<mjloggm ver="2.3"><GO type="169" lobby="0"/><UN n0="%5F%72%69%74%7A%5F" n1="%59%54%39%38%39%39" n2="%E9%99%A4%E5%90%8D" n3="%E3%81%8B%E3%82%88%E3%81%A1%E3%82%83%E3%82%93%E3%81%AE%E6%97%A6%E9%82%A3" dan="16,17,17,16" rate="2094.47,2163.28,2207.03,2106.90" sx="M,M,M,M"/><TAIKYOKU oya="0"/><INIT seed="0,0,0,5,4,111" ten="250,250,250,250" oya="0" hai0="104,84,129,73,62,127,17,95,24,39,42,63,75" hai1="135,119,13,109,131,23,32,14,45,59,6,58,99" hai2="126,66,94,118,133,88,100,38,97,79,11,82,74" hai3="130,19,15,21,48,64,37,98,69,68,41,55,128"/><T86/><D104/><U9/><E119/><V110/><F38/><W52/><G98/><T113/><D127/><U85/><E109/><V80/><F110/><W122/><G122/><T116/><D39/><U120/><E32/><V31/><F126/><W36/><G64/><T77/><D95/><U114/><E135/><V49/><F133/><W25/><G41/><T121/><D42/><U34/><E34/><V33/><F118/><W5/><G5/><T46/><D46/><U125/><E131/><N who="3" m="50218" /><G55/><T27/><D129/><U35/><E35/><V57/><F33/><W83/><G83/><T44/><D44/><U1/><E45/><V72/><F31/><N who="3" m="17839" /><G37/><T51/><D116/><U7/><E7/><V4/><F49/><W107/><G107/><T28/><D51/><U106/><E99/><V60/><F80/><W96/><G96/><T93/><D28/><U29/><E29/><V102/><REACH who="2" step="1"/><F74/><REACH who="2" ten="250,250,240,250" step="2"/><W53/><G36/><T22/><D75/><U124/><E125/><V12/><AGARI ba="0,1" hai="4,11,12,57,60,66,72,79,82,88,94,97,100,102" machi="12" ten="20,8000,1" yaku="1,1,2,1,0,1,7,1,54,1,53,0" doraHai="111" doraHaiUra="117" who="2" fromWho="2" sc="250,-40,250,-20,240,90,250,-20" /><INIT seed="1,0,0,0,1,45" ten="210,230,330,230" oya="1" hai0="42,41,19,52,85,132,8,134,119,13,109,118,35" hai1="62,53,112,72,107,82,79,55,26,135,11,27,25" hai2="43,9,47,18,15,102,12,28,116,88,38,76,83" hai3="106,122,97,91,70,40,0,101,61,3,16,63,44"/><U7/><E112/><V65/><F116/><W51/><G122/><T6/><D85/><U105/><E135/><N who="0" m="51753" /><D35/><U113/><E113/><V60/><F102/><W29/><G29/><T111/><D42/><U126/><E126/><V54/><F28/><W89/><G91/><T120/><D41/><U108/><E108/><N who="0" m="41545" /><D120/><U99/><E62/><V74/><F54/><W32/><G32/><T14/><D52/><U17/><E17/><V33/><F33/><W92/><G16/><T5/><D5/><U104/><REACH who="1" step="1"/><E99/><REACH who="1" ten="210,220,330,230" step="2"/><V98/><F98/><W87/><G63/><T2/><D2/><AGARI ba="0,1" hai="2,7,11,25,26,27,53,55,72,79,82,104,105,107" machi="2" ten="50,4800,0" yaku="1,1,2,1,53,0" doraHai="45" doraHaiUra="64" who="1" fromWho="0" sc="210,-48,220,58,330,0,230,0" /><INIT seed="1,1,0,2,0,74" ten="162,278,330,230" oya="1" hai0="108,15,116,63,43,87,51,5,69,19,124,80,13" hai1="9,110,14,91,89,100,120,132,118,39,52,114,99" hai2="76,22,65,117,94,12,98,75,3,72,41,77,66" hai3="85,105,68,67,62,81,42,78,2,92,86,18,7"/><U38/><E118/><V126/><F3/><W25/><G105/><T93/><D116/><U6/><E120/><V64/><F117/><W20/><G42/><T133/><D108/><U134/><E114/><V28/><F126/><W47/><G47/><T54/><D133/><N who="1" m="51307" /><E110/><V21/><F41/><W83/><G92/><T40/><D93/><N who="1" m="58479" /><E52/><V44/><F44/><W60/><G60/><T45/><D5/><U37/><AGARI ba="1,0" hai="6,9,14,37,38,39,89,91" m="58479,51307" machi="37" ten="40,2100,0" yaku="20,1" doraHai="74" who="1" fromWho="1" sc="162,-8,278,24,330,-8,230,-8" /><INIT seed="1,2,0,5,5,62" ten="154,302,322,222" oya="1" hai0="90,114,93,56,130,86,46,113,112,6,91,31,43" hai1="68,59,117,81,15,76,57,118,73,125,105,109,119" hai2="94,122,65,2,80,111,8,22,63,67,123,131,64" hai3="4,66,26,20,55,107,69,39,102,23,44,54,45"/><U133/><E105/><V92/><F111/><W87/><G4/><T82/><D31/><U34/><E34/><V74/><F131/><W98/><G23/><T104/><D6/><U84/><E125/><V128/><F128/><W72/><G72/><T11/><D11/><U115/><E115/><V100/><F2/><W120/><G120/><T1/><D1/><U116/><E68/><V121/><F8/><W37/><G87/><T10/><D10/><U60/><E133/><V77/><F100/><W52/><G39/><T3/><D3/><U79/><E109/><V78/><F78/><W16/><REACH who="3" step="1"/><G37/><REACH who="3" ten="154,302,322,212" step="2"/><T132/><D130/><U85/><E119/><V135/><F135/><W96/><G96/><T14/><D132/><U9/><E79/><V24/><REACH who="2" step="1"/><F63/><AGARI ba="2,1" hai="16,20,26,44,45,52,54,55,63,66,69,98,102,107" machi="63" ten="40,8000,1" yaku="1,1,52,1,54,2,53,0" doraHai="62" doraHaiUra="32" who="3" fromWho="2" sc="154,0,302,0,322,-86,212,96" /><INIT seed="2,0,0,5,1,70" ten="154,302,236,308" oya="2" hai0="84,108,40,22,44,109,76,124,42,94,81,85,1" hai1="88,110,111,127,16,57,67,135,20,50,18,79,4" hai2="90,14,125,35,3,119,97,43,83,95,130,80,73" hai3="62,34,51,106,31,134,68,30,39,104,2,6,49"/><V92/><F119/><W21/><G134/><T114/><D114/><U131/><E135/><V126/><F3/><W23/><G2/><T120/><D120/><U78/><E78/><V15/><F35/><W69/><G34/><T82/><D1/><U132/><E132/><V0/><F0/><W33/><G33/><T122/><D122/><U37/><E37/><V8/><F43/><W117/><G62/><T63/><D124/><N who="2" m="47722" /><F14/><W118/><REACH who="3" step="1"/><G6/><REACH who="3" ten="154,302,236,298" step="2"/><T11/><D63/><U47/><E4/><N who="2" m="3463" /><F130/><W58/><G58/><T103/><D108/><U71/><E57/><V105/><F105/><W46/><G46/><T86/><D109/><U41/><E47/><V102/><F73/><W26/><G26/><T52/><D44/><U129/><E111/><V28/><F28/><W29/><G29/><T115/><D115/><U59/><E110/><V98/><AGARI ba="0,1" hai="80,83,90,92,95,97,98,102" m="3463,47722" machi="98" ten="30,1500,0" yaku="18,1" doraHai="70" who="2" fromWho="2" sc="154,-5,302,-5,236,25,298,-5" /><INIT seed="2,1,0,0,5,92" ten="149,297,261,293" oya="2" hai0="21,135,2,23,116,7,58,26,54,51,119,40,87" hai1="90,129,22,113,97,110,133,95,27,64,35,52,82" hai2="8,30,24,79,60,124,31,29,38,89,57,69,71" hai3="108,63,103,25,62,34,19,83,42,61,128,101,117"/><V33/><F38/><W41/><G117/><T5/><D40/><U100/><E113/><V99/><F124/><W44/><G128/><T49/><D87/><U9/><E35/><V122/><F122/><W39/><G108/><T65/><D65/><U105/><E129/><V98/><F79/><W75/><G42/><T84/><D84/><U70/><E133/><V43/><F43/><W1/><G1/><T94/><D94/><U134/><E134/><V73/><F73/><W45/><G45/><T28/><D135/><U48/><E110/><V114/><F114/><W112/><G112/><T46/><D2/><U86/><E9/><V37/><F37/><W78/><REACH who="3" step="1"/><G19/><REACH who="3" ten="149,297,261,283" step="2"/><T132/><D132/><U118/><E118/><V123/><F123/><W3/><G3/><T4/><D119/><U14/><E70/><V125/><F71/><W80/><G80/><T20/><D116/><U77/><E64/><N who="2" m="38927" /><F69/><W67/><G67/><T6/><D4/><U66/><E66/><V68/><F68/><W13/><G13/><T120/><D120/><U88/><E14/><V85/><F125/><W18/><G18/><T109/><D109/><U106/><E105/><V15/><F33/><W32/><G32/><T115/><D115/><U56/><E106/><V126/><F126/><W93/><G93/><T104/><D104/><U47/><E47/><V74/><F24/><W127/><G127/><T16/><D28/><AGARI ba="1,1" hai="22,27,28,48,52,56,77,82,86,88,90,95,97,100" machi="28" ten="30,8000,1" yaku="7,1,8,1,52,1,54,2" doraHai="92" who="1" fromWho="0" sc="149,-83,297,93,261,0,283,0" /><AGARI ba="1,0" hai="25,28,34,39,41,44,61,62,63,75,78,83,101,103" machi="28" ten="40,1300,0" yaku="1,1,53,0" doraHai="92" doraHaiUra="17" who="3" fromWho="0" sc="66,-13,390,0,261,0,283,13" /><INIT seed="3,0,0,0,1,55" ten="53,390,261,296" oya="3" hai0="36,106,38,133,54,0,88,115,2,97,41,18,67" hai1="89,47,44,95,90,7,71,30,79,15,108,73,42" hai2="119,21,129,64,11,40,105,35,74,85,60,122,14" hai3="130,83,128,16,109,98,80,91,1,62,123,29,13"/><W110/><G1/><T76/><D76/><U107/><E71/><V6/><F119/><W134/><G123/><T69/><D88/><U101/><E30/><V39/><F74/><W32/><G134/><T25/><D54/><U20/><E90/><V113/><F113/><W31/><G62/><N who="0" m="40183" /><D18/><U9/><E108/><N who="3" m="41578" /><G32/><T61/><D133/><U82/><E20/><V118/><F105/><W84/><G98/><T3/><D61/><U53/><E42/><V99/><F99/><W45/><G45/><N who="0" m="23719" /><D25/><U100/><E53/><V103/><F35/><W66/><G66/><T92/><D92/><U75/><E73/><V49/><F60/><W126/><G126/><T68/><D115/><U120/><E120/><V19/><F122/><W33/><G83/><T125/><D125/><U37/><E44/><V78/><F64/><W81/><G81/><T52/><D52/><U46/><E37/><V102/><F39/><W51/><G51/><T34/><D38/><U127/><E127/><V96/><F49/><W111/><N who="3" m="41586" /><W8/><DORA hai="70" /><G33/><T48/><D48/><U65/><E65/><V94/><F96/><W22/><G22/><T104/><D34/><U87/><E101/><V26/><F21/><W17/><G17/><T43/><D43/><U77/><E77/><V4/><F19/><W10/><G10/><T23/><D23/><U117/><E117/><V59/><F11/><W86/><G86/><T24/><D24/><U112/><E112/><V5/><F85/><W28/><AGARI ba="0,0" hai="8,13,16,28,29,31,80,84,91,128,130" m="41586" machi="28" ten="50,9600,0" yaku="14,1,10,1,54,1" doraHai="55,70" who="3" fromWho="3" sc="53,-32,390,-32,261,-32,296,96" /><INIT seed="3,1,0,5,4,53" ten="21,358,229,392" oya="3" hai0="73,65,72,68,54,30,130,40,55,18,32,123,96" hai1="25,22,57,86,0,107,128,100,82,60,6,49,11" hai2="15,97,50,47,90,58,23,121,101,132,33,89,87" hai3="104,108,125,63,28,74,109,56,66,85,43,29,126"/><W78/><G104/><T37/><D123/><U134/><E134/><V9/><F33/><W48/><G74/><T52/><D96/><U16/><E128/><V42/><F132/><W117/><G117/><T35/><D130/><U61/><E107/><V102/><F121/><W45/><G78/><T38/><D18/><U59/><E100/><V110/><F110/><N who="3" m="42603" /><G85/><T46/><D37/><U2/><E2/><V1/><F1/><W135/><G135/><T7/><D7/><U93/><E93/><V3/><F3/><W131/><G131/><T41/><D41/><U27/><E27/><V120/><F120/><W34/><G34/><T12/><D12/><N who="1" m="5239" /><E49/><V20/><F102/><W81/><G81/><T71/><D35/><U119/><E0/><V10/><F101/><W84/><G84/><T26/><REACH who="0" step="1"/><D65/><REACH who="0" ten="11,358,229,392" step="2"/><U83/><E119/><V70/><F97/><W116/><G116/><T76/><D76/><N who="1" m="46407" /><E83/><V19/><F42/><W124/><AGARI ba="1,1" hai="28,29,43,45,48,56,63,66,124,125,126" m="42603" machi="124" ten="40,12000,1" yaku="18,1,14,1,10,1,52,1" doraHai="53" who="3" fromWho="3" sc="11,-41,358,-41,229,-41,392,133" owari="-30,-53.0,317,11.7,188,-21.2,525,62.5" /></mjloggm>