<mjloggm ver="2.3"><GO type="169" lobby="0"/><UN n0="%74%61%6B%65%33" n1="%E9%AB%98%E6%A9%8B%E8%89%AF%E5%A4%AA" n2="%45%72%77%69%6E%52%64" n3="%46%75%77%61" dan="17,16,16,17" rate="2216.25,2145.97,2143.06,2163.06" sx="M,M,M,M"/><TAIKYOKU oya="0"/><INIT seed="0,0,0,1,3,127" ten="250,250,250,250" oya="0" hai0="8,5,48,90,69,9,70,46,45,104,43,13,97" hai1="50,31,14,51,37,102,80,30,99,10,38,112,82" hai2="120,68,76,103,93,114,118,109,131,135,59,129,73" hai3="33,130,25,121,3,74,26,86,56,67,39,128,105"/><T7/><D104/><U57/><E112/><V107/><F114/><W75/><G121/><T119/><D119/><U19/><E38/><V115/><F115/><W17/><G105/><T78/><D78/><U2/><E37/><V111/><F120/><W83/><G39/><T65/><D65/><U58/><E2/><V18/><F68/><W110/><G3/><T113/><D113/><U100/><E99/><N who="2" m="61951" /><F118/><W4/><G4/><T89/><D97/><U87/><E87/><V84/><F135/><W132/><G110/><N who="2" m="41993" /><F18/><W116/><G132/><T122/><D122/><U16/><E14/><V64/><F59/><W92/><G92/><T23/><D23/><U44/><E44/><V29/><F29/><N who="3" m="19631" /><G116/><T95/><D46/><U24/><E24/><V52/><F64/><W41/><G41/><T81/><D81/><U134/><E134/><V106/><F52/><W101/><G101/><T133/><D133/><U36/><E36/><V63/><F63/><N who="3" m="38375" /><G17/><T79/><D79/><U123/><E123/><V1/><F1/><W54/><G54/><T108/><D108/><U47/><E47/><V66/><F66/><W49/><G49/><T126/><D70/><U55/><E55/><V72/><F106/><W35/><G35/><T11/><D69/><U61/><E61/><V12/><F12/><W96/><G26/><T34/><D34/><U15/><E15/><V22/><F22/><W42/><G42/><T117/><D117/><U27/><E27/><V0/><F0/><W94/><G96/><T40/><D13/><U125/><E10/><V88/><F72/><W71/><G71/><RYUUKYOKU ba="0,0" sc="250,-15,250,15,250,15,250,-15" hai1="16,19,30,31,50,51,57,58,80,82,100,102,125" hai2="73,76,84,88,93,129,131" /><INIT seed="1,1,0,1,1,4" ten="235,265,265,235" oya="1" hai0="130,33,133,79,89,70,112,44,8,107,105,12,91" hai1="102,42,47,78,87,86,99,49,46,51,14,119,97" hai2="74,98,21,22,69,94,95,40,15,135,6,103,48" hai3="106,110,82,126,0,26,24,120,37,28,43,92,71"/><U129/><E119/><V60/><F74/><W114/><G120/><T19/><D112/><U113/><E113/><V65/><F135/><W76/><G114/><T57/><D70/><U56/><E129/><V131/><F131/><W9/><G106/><T11/><D33/><U55/><E78/><V134/><F134/><W62/><G110/><T96/><D133/><U68/><E68/><V109/><F109/><W45/><G92/><T67/><D79/><U59/><E99/><V38/><F38/><W7/><G126/><T23/><D130/><U25/><E25/><V80/><F80/><W115/><G115/><T128/><D128/><U58/><REACH who="1" step="1"/><E14/><REACH who="1" ten="235,255,265,235" step="2"/><V54/><F69/><W100/><G28/><T108/><D96/><U77/><E77/><V10/><F98/><W125/><G125/><T127/><D127/><U35/><E35/><V85/><F15/><W116/><G116/><T27/><D108/><U84/><E84/><V18/><F85/><W93/><G100/><T30/><D107/><AGARI ba="1,1" hai="42,46,47,49,51,55,56,58,59,86,87,97,102,107" machi="107" ten="40,2000,0" yaku="1,1,53,0" doraHai="4" doraHaiUra="132" who="1" fromWho="0" sc="235,-23,255,33,265,0,235,0" /><INIT seed="1,2,0,1,4,36" ten="212,288,265,235" oya="1" hai0="112,51,127,23,15,48,94,20,135,54,38,71,39" hai1="26,33,59,24,41,12,89,27,85,45,50,37,95" hai2="60,130,6,70,98,118,129,49,96,86,128,44,43" hai3="64,66,101,74,18,53,34,102,93,46,131,22,67"/><U78/><E78/><V13/><F118/><W72/><G34/><T42/><D71/><U25/><E25/><V21/><F86/><W19/><G131/><T30/><D112/><U75/><E75/><V117/><F117/><W108/><G108/><T9/><D127/><U123/><E123/><V110/><F110/><W106/><G106/><T124/><D124/><U55/><REACH who="1" step="1"/><E12/><REACH who="1" ten="212,278,265,235" step="2"/><V120/><F120/><W77/><G77/><T47/><D30/><AGARI ba="2,1" hai="24,26,27,30,33,37,41,45,50,55,59,85,89,95" machi="30" ten="40,7700,0" yaku="1,1,2,1,52,1,53,0" doraHai="36" doraHaiUra="116" who="1" fromWho="0" sc="212,-83,278,93,265,0,235,0" /><INIT seed="1,3,0,0,4,98" ten="129,371,265,235" oya="1" hai0="99,124,3,113,82,45,100,12,123,62,97,49,135" hai1="42,108,19,15,132,120,38,52,60,73,101,22,95" hai2="91,67,106,112,127,59,129,111,47,2,53,83,85" hai3="93,131,125,65,79,94,115,36,40,4,80,26,18"/><U16/><E120/><V51/><F111/><W70/><G115/><T34/><D3/><U90/><E73/><V29/><F2/><W10/><G131/><T117/><D34/><U56/><E108/><V118/><F129/><W86/><G125/><T134/><D117/><U28/><E28/><V55/><F127/><W71/><G26/><T0/><D0/><U37/><E42/><V114/><F118/><W92/><G18/><T76/><D124/><U84/><E132/><V33/><F67/><W72/><G65/><T35/><D35/><U64/><E101/><V63/><F106/><W128/><G128/><T78/><D113/><N who="2" m="43626" /><F33/><W11/><G86/><T102/><D12/><U122/><E122/><V88/><F29/><W130/><G130/><T50/><D62/><U109/><E109/><V44/><F47/><N who="3" m="23943" /><G11/><T7/><D123/><U24/><E64/><V30/><F30/><W116/><G116/><T43/><D7/><U87/><E87/><V110/><F110/><W46/><G46/><T48/><D45/><U121/><E121/><V20/><F20/><AGARI ba="3,0" hai="15,16,19,20,22,24,37,38,52,56,60,84,90,95" machi="20" ten="30,5800,0" yaku="7,1,54,2" doraHai="98" who="1" fromWho="2" sc="129,0,371,67,265,-67,235,0" /><INIT seed="1,4,0,0,0,30" ten="129,438,198,235" oya="1" hai0="129,65,89,83,124,62,55,110,76,3,60,70,59" hai1="48,72,118,19,5,50,130,51,34,41,4,109,49" hai2="38,16,2,121,43,57,31,113,133,67,122,42,132" hai3="17,25,12,6,27,108,125,112,111,79,66,107,63"/><U114/><E72/><V117/><F2/><W93/><G107/><T71/><D3/><U40/><E118/><V100/><F117/><W88/><G112/><T61/><D110/><N who="3" m="42025" /><G79/><T54/><D89/><U97/><E109/><V90/><F100/><W126/><G6/><T103/><D103/><U120/><E120/><V116/><F116/><W105/><G105/><T11/><D11/><U26/><E51/><V80/><F113/><W104/><G104/><T15/><D15/><U78/><E78/><V47/><F42/><W28/><G63/><T24/><D24/><N who="3" m="9289" /><G66/><N who="0" m="41287" /><D83/><U86/><E114/><V95/><F31/><W96/><G28/><T10/><D10/><AGARI ba="4,0" hai="10,12,17,88,93,96,125,126" m="9289,42025" machi="10" ten="30,2000,0" yaku="14,1,54,1" doraHai="30" who="3" fromWho="0" sc="129,-32,438,0,198,0,235,32" /><INIT seed="2,0,0,4,5,108" ten="97,438,198,267" oya="2" hai0="98,103,48,100,79,5,85,44,132,20,11,19,106" hai1="101,61,99,25,75,66,102,130,82,59,26,134,14" hai2="36,121,72,87,37,89,112,74,94,51,77,27,88" hai3="63,93,109,46,97,21,125,23,29,128,22,49,0"/><V28/><F121/><W71/><G0/><T47/><D132/><U83/><E102/><V91/><F112/><W127/><G109/><T69/><D69/><U55/><E134/><V70/><F70/><W33/><G128/><T40/><D103/><U12/><E130/><V68/><F68/><W114/><G114/><T53/><D79/><U34/><E34/><V50/><F36/><W105/><G105/><T116/><D116/><U24/><E66/><V76/><F37/><W41/><G63/><T81/><D20/><U42/><E42/><V126/><F126/><N who="3" m="48139" /><G71/><T60/><D60/><U3/><E3/><V73/><F89/><N who="3" m="55471" /><G33/><T54/><D19/><U13/><REACH who="1" step="1"/><E75/><REACH who="1" ten="97,428,198,267" step="2"/><V92/><F76/><W16/><G29/><T90/><D47/><U95/><AGARI ba="0,1" hai="12,13,14,24,25,26,55,59,61,82,83,95,99,101" machi="95" ten="30,7900,0" yaku="1,1,2,1,0,1,8,1,53,0" doraHai="108" doraHaiUra="115" who="1" fromWho="1" sc="97,-20,428,89,198,-39,267,-20" /><INIT seed="3,0,0,2,5,31" ten="77,517,159,247" oya="3" hai0="14,17,34,9,28,78,114,75,130,109,118,86,116" hai1="124,63,105,18,104,5,96,119,32,16,110,108,33" hai2="66,87,51,0,122,85,107,74,103,127,52,61,92" hai3="132,133,35,50,29,55,98,7,10,25,69,53,72"/><W79/><G69/><T39/><D39/><U27/><E124/><V46/><F127/><W126/><G126/><T22/><D75/><U57/><E5/><V56/><F74/><W19/><G98/><T115/><D78/><U125/><E125/><V11/><F107/><N who="1" m="41033" /><E96/><V42/><F122/><W120/><G120/><T54/><D54/><U70/><E70/><V121/><F121/><W76/><G19/><N who="1" m="7210" /><E27/><V41/><F0/><W77/><G72/><T3/><D86/><N who="2" m="32778" /><F11/><W91/><G91/><T6/><D109/><N who="1" m="42091" /><E119/><N who="0" m="45609" /><D130/><U100/><E100/><V128/><F128/><W88/><G88/><T65/><D65/><AGARI ba="0,0" hai="32,33,57,63,65" m="42091,7210,41033" machi="65" ten="30,7700,0" yaku="14,1,52,2,54,1" doraHai="31" who="1" fromWho="0" sc="77,-77,517,77,159,0,247,0" /><INIT seed="4,0,0,3,4,91" ten="0,594,159,247" oya="0" hai0="131,134,101,68,107,1,30,125,37,52,58,104,16" hai1="103,85,31,48,38,135,51,40,111,121,88,114,96" hai2="11,74,100,15,80,29,77,9,64,23,22,3,47" hai3="81,130,43,21,63,20,19,90,102,75,66,124,41"/><T10/><D68/><U67/><E111/><V118/><F118/><W98/><G130/><T110/><D37/><U78/><E121/><V50/><F3/><W35/><G35/><T132/><D30/><U53/><E67/><V105/><F64/><W55/><G124/><T44/><D131/><U95/><E135/><N who="0" m="51753" /><D125/><U109/><E109/><V92/><F105/><W126/><G126/><T4/><D110/><U2/><E2/><V36/><F36/><W12/><G55/><T6/><D44/><U69/><E69/><V7/><F29/><W26/><G63/><N who="0" m="36295" /><D101/><U93/><E53/><V133/><F133/><W13/><G66/><T123/><D123/><U71/><E71/><V119/><F119/><W59/><G59/><T62/><D62/><U84/><E31/><V61/><F61/><W42/><G102/><T60/><D60/><U27/><E38/><V14/><F47/><W45/><G45/><T49/><D49/><U127/><E40/><V117/><F50/><W116/><G116/><T89/><D6/><U34/><E127/><V28/><F28/><W5/><G5/><T97/><D16/><U65/><E65/><V70/><F70/><W82/><G19/><T79/><D79/><U25/><E34/><V18/><F117/><W129/><G129/><T83/><D83/><U32/><E32/><V8/><F9/><W120/><G120/><T112/><D112/><U113/><E48/><V115/><F115/><N who="1" m="44041" /><E51/><V46/><F46/><W39/><G39/><T106/><D106/><U54/><E54/><V87/><F100/><W99/><G82/><AGARI ba="0,0" hai="25,27,78,82,84,85,88,93,95,96,103" m="44041" machi="82" ten="30,8000,1" yaku="15,1,11,1,52,2,54,1" doraHai="91" who="1" fromWho="3" sc="0,0,594,80,159,0,247,-80" /><INIT seed="5,0,0,3,5,123" ten="0,674,159,167" oya="1" hai0="79,66,41,19,107,95,47,120,108,31,43,91,7" hai1="111,114,6,134,118,35,13,125,15,99,24,10,77" hai2="54,49,103,96,55,84,82,110,90,81,124,121,97" hai3="67,34,72,128,32,8,63,88,16,61,51,78,132"/><U62/><E118/><V129/><F121/><W21/><G132/><T109/><D120/><U30/><E134/><V64/><F124/><W87/><G128/><T115/><D107/><U26/><E125/><V127/><F127/><W14/><G72/><T45/><D79/><U130/><E130/><V38/><F38/><W93/><G78/><T135/><D135/><U100/><E114/><V71/><F129/><W126/><G126/><T58/><D7/><U36/><E77/><V0/><F0/><W92/><G92/><T53/><D31/><U28/><E62/><V56/><F110/><N who="0" m="42602" /><D19/><U48/><E48/><N who="2" m="30791" /><F71/><W116/><G116/><T112/><D66/><U1/><E36/><V73/><F73/><W86/><G86/><N who="0" m="52727" /><D41/><U50/><E50/><V117/><F117/><W59/><G34/><T20/><D20/><U3/><E1/><V29/><F29/><W65/><G32/><T80/><D80/><N who="2" m="30826" /><F64/><N who="3" m="24651" /><G21/><T119/><D119/><U46/><E111/><V23/><F23/><W12/><G12/><T98/><D98/><U9/><E9/><V106/><F106/><W42/><G42/><T85/><D85/><U17/><E17/><V122/><F122/><W33/><G33/><T68/><D68/><U104/><E46/><N who="0" m="17417" /><D43/><U69/><E69/><V70/><F70/><W76/><G76/><T52/><D58/><U11/><E11/><V22/><F22/><AGARI ba="0,0" hai="3,6,10,13,15,22,24,26,28,30,35,99,100,104" machi="22" ten="30,1500,0" yaku="7,1" doraHai="123" who="1" fromWho="2" sc="0,0,674,15,159,-15,167,0" /><INIT seed="5,1,0,5,1,117" ten="0,689,144,167" oya="1" hai0="29,110,62,69,59,18,68,21,20,66,54,61,9" hai1="83,46,128,24,109,2,122,86,79,92,106,28,134" hai2="8,74,65,116,70,16,23,90,77,6,42,102,94" hai3="75,13,63,120,19,48,135,87,114,98,31,101,80"/><U108/><E2/><V55/><F116/><W107/><G120/><T111/><D69/><U14/><E106/><V133/><F133/><W50/><G135/><T119/><D119/><U43/><E134/><V40/><F102/><W58/><G114/><T93/><D9/><U103/><E128/><V84/><F55/><W32/><G75/><T126/><D126/><U57/><E14/><V97/><F74/><W33/><G50/><T0/><D0/><U49/><E57/><V37/><F37/><W56/><G48/><T112/><D112/><U71/><E71/><V41/><F70/><W104/><G104/><T100/><D29/><U3/><E3/><V27/><F65/><W53/><G58/><T22/><D18/><U121/><E92/><V105/><F105/><W82/><G31/><T85/><D100/><U64/><E64/><V113/><F113/><W129/><G129/><T4/><D4/><U81/><E83/><N who="2" m="47215" /><F8/><W10/><G82/><T47/><D47/><U45/><E45/><V12/><F6/><W115/><G115/><T39/><D39/><U11/><E11/><V1/><F1/><W67/><G67/><T60/><D60/><U26/><E103/><V7/><F7/><W35/><G35/><T91/><AGARI ba="1,0" hai="20,21,22,54,59,61,62,66,68,85,91,93,110,111" machi="91" ten="30,1100,0" yaku="0,1" doraHai="117" who="0" fromWho="0" sc="0,14,689,-6,144,-4,167,-4" /><INIT seed="6,0,0,0,4,116" ten="14,683,140,163" oya="2" hai0="99,129,19,60,14,102,13,111,46,58,15,117,52" hai1="106,119,107,55,75,24,62,50,3,0,72,97,21" hai2="74,121,18,36,7,133,44,4,29,88,49,47,28" hai3="81,26,134,76,59,130,132,68,20,108,54,86,82"/><V43/><F74/><W126/><G108/><T135/><D111/><U51/><E21/><V48/><F133/><N who="3" m="51307" /><G68/><T22/><D135/><U112/><E24/><V42/><F121/><W25/><G130/><T87/><D129/><U45/><E62/><V103/><F103/><W64/><G64/><T10/><D117/><U83/><E83/><V109/><F109/><W69/><G69/><T38/><D38/><U79/><E79/><V118/><F118/><W70/><G70/><T104/><D10/><U40/><E119/><V124/><F36/><W33/><G33/><T95/><D104/><U37/><E51/><V123/><F123/><W5/><G5/><T23/><D23/><U35/><E107/><V93/><F124/><W100/><G100/><T101/><D101/><U113/><E97/><V115/><F115/><N who="1" m="44105" /><E35/><V94/><F18/><W120/><G120/><T96/><D96/><U17/><E17/><V131/><F131/><W85/><G20/><T67/><REACH who="0" step="1"/><D87/><REACH who="0" ten="4,683,140,163" step="2"/><U30/><E106/><V27/><F27/><W11/><G11/><T114/><D114/><U1/><E30/><V122/><F122/><W63/><G126/><T31/><D31/><U71/><E71/><V39/><F39/><W53/><G86/><T12/><D12/><U66/><E66/><V78/><F78/><W92/><G76/><T84/><D84/><U8/><E8/><V56/><F88/><N who="3" m="53263" /><G25/><T77/><D77/><U73/><E72/><V9/><F9/><W91/><G26/><T110/><D110/><U2/><E2/><V34/><F34/><W125/><G125/><T90/><D90/><RYUUKYOKU ba="0,1" sc="4,10,683,10,140,10,163,-30" hai0="13,14,15,19,22,46,52,58,60,67,95,99,102" hai1="0,1,3,37,40,45,50,55,73,75" hai2="4,7,28,29,42,43,44,47,48,49,56,93,94" /><INIT seed="6,1,1,0,4,93" ten="14,693,150,133" oya="2" hai0="103,55,30,31,0,99,68,109,128,40,65,130,18" hai1="84,97,2,83,96,41,49,126,21,73,14,53,131" hai2="92,87,118,124,33,122,47,79,70,63,59,113,28" hai3="104,7,108,57,22,135,106,60,23,75,80,100,66"/><V54/><F113/><W48/><G108/><T94/><D109/><U12/><E2/><V19/><F118/><W6/><G135/><T52/><D0/><U120/><E73/><V115/><F115/><W117/><G117/><T56/><D40/><U125/><E41/><V72/><F124/><N who="1" m="47721" /><E131/><N who="0" m="50217" /><D68/><U95/><E95/><V51/><F122/><W8/><G48/><T44/><D44/><N who="1" m="27815" /><E120/><V45/><F72/><W101/><G106/><T58/><D65/><U26/><E12/><V114/><F114/><W91/><G104/><T89/><D18/><N who="1" m="10455" /><E26/><V77/><F70/><W1/><G66/><T42/><D42/><U9/><E9/><V24/><F92/><W5/><G8/><T119/><D119/><U111/><E111/><V17/><F45/><W15/><G1/><T61/><D103/><U16/><E16/><V134/><F134/><W3/><G3/><T133/><D133/><U36/><E36/><V105/><F105/><W67/><G75/><T127/><D127/><U78/><AGARI ba="1,1" hai="78,83,84,96,97" m="10455,27815,47721" machi="78" ten="30,4000,0" yaku="18,1,52,2" doraHai="93" who="1" fromWho="1" sc="14,-11,693,53,150,-21,133,-11" /><INIT seed="7,0,0,2,1,64" ten="3,746,129,122" oya="3" hai0="79,5,115,1,65,131,118,26,125,117,45,114,56" hai1="92,82,59,2,14,49,60,53,108,94,7,99,10" hai2="113,30,95,46,6,129,119,21,17,34,31,109,11" hai3="128,33,32,76,105,68,96,135,48,102,89,80,123"/><W70/><G123/><T90/><D79/><U73/><E108/><V127/><F109/><W22/><G135/><T74/><D74/><U69/><E73/><V29/><F119/><W62/><G128/><T23/><D90/><U97/><E82/><V83/><F129/><W101/><G101/><T20/><D45/><U112/><E112/><N who="0" m="43049" /><D65/><U87/><E87/><V75/><F127/><W86/><G48/><T122/><D56/><U121/><E121/><V104/><F104/><W42/><G42/><T19/><D122/><U16/><E99/><V24/><F95/><W43/><G43/><T134/><D131/><U67/><E97/><V3/><F46/><W27/><G76/><T12/><D134/><U72/><E72/><V50/><F50/><W78/><G78/><T51/><D51/><U93/><E93/><V47/><F47/><W130/><G130/><T8/><D125/><U110/><E110/><V91/><F75/><W4/><G70/><T38/><D38/><U66/><E66/><V58/><F58/><W25/><G68/><T39/><D39/><U107/><E107/><V88/><F113/><W85/><G62/><T41/><D41/><U55/><E55/><V18/><F83/><W37/><G37/><T111/><D111/><U13/><E13/><N who="2" m="9391" /><F18/><AGARI ba="0,0" hai="1,5,8,12,18,19,20,23,26,117,118" m="43049" machi="18" ten="30,7700,0" yaku="15,1,11,1,34,2" doraHai="64" who="0" fromWho="2" sc="3,77,746,0,129,-77,122,0" owari="80,-32.0,746,84.6,52,-44.8,122,-7.8" /></mjloggm>