<mjloggm ver="2.3"><GO type="169" lobby="0"/><UN n0="%7A%65%52%6F" n1="%E3%83%80%E3%82%AF%E3%82%BF%E3%83%BC%E3%82%AF%E3%83%AA%E3%83%83%E3%83%97" n2="%E7%89%8C%E6%B5%81%E7%8A%B6%E6%85%8B%E9%BA%BB%E9%9B%80" n3="%56%45%54%54%45%4C" dan="18,17,16,17" rate="2236.59,2212.23,2162.37,2178.67" sx="M,M,M,M"/><TAIKYOKU oya="0"/><INIT seed="0,0,0,1,2,15" ten="250,250,250,250" oya="0" hai0="97,87,73,112,52,2,31,63,56,1,62,82,94" hai1="116,36,50,80,83,41,103,120,0,37,43,9,135" hai2="105,28,5,38,51,61,75,74,30,34,6,125,124" hai3="110,131,42,92,58,13,7,39,21,95,102,111,33"/><T126/><D112/><U71/><E116/><V119/><F38/><W17/><G33/><T89/><D126/><N who="2" m="48746" /><F105/><W14/><G131/><T24/><D63/><U85/><E120/><V90/><F51/><W91/><G102/><T46/><D46/><U35/><E135/><V93/><F61/><W68/><G68/><T101/><REACH who="0" step="1"/><D73/><REACH who="0" ten="240,250,250,250" step="2"/><U118/><E118/><V16/><F119/><W129/><G129/><T57/><D57/><U122/><E71/><V106/><F74/><W60/><G60/><T47/><D47/><U19/><E37/><V55/><F75/><W77/><G39/><T32/><AGARI ba="0,1" hai="1,2,24,31,32,52,56,62,82,87,89,94,97,101" machi="32" ten="20,7800,0" yaku="1,1,0,1,7,1,54,1,53,0" doraHai="15" doraHaiUra="10" who="0" fromWho="0" sc="240,88,250,-26,250,-26,250,-26" /><INIT seed="0,1,0,1,0,126" ten="328,224,224,224" oya="0" hai0="51,83,64,63,23,4,117,27,111,67,66,56,37" hai1="6,124,109,94,73,42,28,78,68,25,29,79,30" hai2="52,76,90,15,61,114,95,102,16,3,54,108,5" hai3="69,112,13,74,75,9,113,46,86,122,119,43,135"/><T48/><D117/><U32/><E109/><V38/><F114/><W129/><G119/><T120/><D120/><U50/><E124/><V0/><F38/><W104/><G104/><T92/><D37/><U10/><E68/><V40/><F108/><W116/><G116/><T72/><D111/><U24/><E73/><V134/><F40/><W11/><G122/><T81/><D4/><U17/><E17/><V82/><F102/><W132/><G69/><T14/><D14/><U26/><E32/><V62/><F134/><N who="3" m="51243" /><G86/><T70/><D92/><U36/><E36/><V100/><F100/><W41/><G129/><T118/><D118/><U125/><E94/><V65/><F5/><W133/><G133/><T49/><D72/><N who="3" m="27689" /><G13/><T107/><D107/><U45/><REACH who="1" step="1"/><E125/><REACH who="1" ten="328,214,224,224" step="2"/><V71/><F71/><W77/><G113/><T89/><D70/><U35/><E35/><V58/><F95/><W34/><G112/><T1/><D1/><AGARI ba="1,1" hai="1,6,10,24,25,26,28,29,30,42,45,50,78,79" machi="1" ten="40,1300,0" yaku="1,1,53,0" doraHai="126" doraHaiUra="18" who="1" fromWho="0" sc="328,-16,214,26,224,0,224,0" /><INIT seed="1,0,0,4,2,92" ten="312,240,224,224" oya="1" hai0="83,61,135,84,50,18,86,126,119,49,48,28,109" hai1="127,7,38,72,9,69,27,133,128,120,67,103,129" hai2="36,33,58,117,122,112,74,6,108,31,76,123,22" hai3="35,17,41,85,51,24,10,105,2,16,98,21,5"/><U26/><E120/><V77/><F117/><W101/><G85/><T59/><D119/><U115/><E115/><V45/><F112/><W3/><G35/><T81/><D109/><U111/><E72/><V8/><F33/><W68/><G68/><T15/><D135/><U54/><E133/><V40/><F108/><W46/><REACH who="3" step="1"/><G17/><REACH who="3" ten="312,240,224,214" step="2"/><T96/><D86/><U14/><E111/><V13/><F123/><W62/><G62/><T132/><D132/><U97/><E127/><V39/><F122/><W4/><G4/><T53/><D126/><U125/><E125/><V37/><F74/><W19/><G19/><T75/><D75/><U107/><E38/><V134/><F134/><W12/><AGARI ba="0,1" hai="2,3,5,10,12,16,21,24,41,46,51,98,101,105" machi="12" ten="20,8000,1" yaku="1,1,0,1,7,1,52,1,54,1,53,0" doraHai="92" doraHaiUra="66" who="3" fromWho="3" sc="312,-20,240,-40,224,-20,214,90" /><INIT seed="2,0,0,1,0,25" ten="292,200,204,304" oya="2" hai0="97,130,102,116,86,85,106,38,4,104,115,70,43" hai1="103,55,24,101,7,75,31,1,21,14,123,88,64" hai2="127,6,67,18,5,17,134,62,87,117,96,74,51" hai3="46,44,113,53,90,128,89,131,100,68,124,48,126"/><V56/><F74/><W65/><G100/><T8/><D115/><U76/><E123/><V95/><F117/><W15/><G15/><T19/><D70/><U12/><E1/><V112/><F112/><W27/><G113/><T114/><D114/><U135/><E135/><V16/><F127/><N who="3" m="48683" /><G27/><T35/><D35/><U0/><E64/><V71/><F134/><W22/><G22/><T132/><D106/><U49/><E0/><V82/><F51/><N who="3" m="28903" /><G89/><T52/><D19/><U50/><E50/><V34/><F34/><W9/><G90/><T13/><D132/><U93/><E76/><N who="2" m="46535" /><F71/><W42/><G9/><T72/><D72/><U60/><E60/><AGARI ba="0,0" hai="42,46,48,60,65,68,128,131" m="28903,48683" machi="60" ten="30,3900,0" yaku="18,1,34,2" doraHai="25" who="3" fromWho="1" sc="292,0,200,-39,204,0,304,39" /><INIT seed="3,0,0,3,0,13" ten="292,161,204,343" oya="3" hai0="121,73,66,71,101,51,65,67,93,39,88,87,134" hai1="130,132,122,72,76,131,107,20,14,94,120,18,124" hai2="80,27,7,24,128,32,37,42,57,115,25,79,95" hai3="2,64,43,118,82,60,59,86,126,41,92,84,16"/><W58/><G118/><T78/><D121/><U21/><E107/><V113/><F128/><N who="1" m="49193" /><E94/><V5/><F32/><W47/><G126/><T74/><D39/><U103/><E103/><V129/><F129/><W83/><G2/><T117/><D117/><U50/><E50/><V31/><F31/><W106/><G106/><T89/><D134/><U112/><E76/><V119/><F119/><W63/><G92/><T62/><D101/><U9/><E72/><V127/><F127/><W90/><G47/><T0/><D0/><U98/><E98/><V102/><F57/><W135/><G135/><T6/><D6/><N who="1" m="3383" /><E124/><V4/><F42/><W17/><G90/><T28/><D28/><U52/><E52/><V33/><F33/><W8/><G8/><T15/><D89/><U22/><E112/><V56/><F56/><W19/><G19/><T105/><D105/><U123/><E132/><V38/><F95/><W125/><G125/><T85/><D88/><U110/><E110/><V133/><F102/><W53/><G53/><T55/><D93/><U99/><E99/><V1/><F1/><W68/><G68/><T44/><D71/><U49/><E49/><V36/><REACH who="2" step="1"/><F133/><REACH who="2" ten="292,161,194,343" step="2"/><W91/><G91/><T100/><D100/><U30/><E30/><V48/><F48/><W75/><G75/><AGARI ba="0,1" hai="4,5,7,24,25,27,36,37,38,75,79,80,113,115" machi="75" ten="50,6400,0" yaku="1,1,29,2,53,0" doraHai="13" doraHaiUra="40" who="2" fromWho="3" sc="292,0,161,0,194,74,343,-64" /><INIT seed="4,0,0,4,0,59" ten="292,161,268,279" oya="0" hai0="101,90,83,121,24,92,68,103,7,124,71,2,8" hai1="91,45,35,43,46,48,117,106,54,34,37,62,12" hai2="98,88,66,131,115,6,55,39,110,89,21,130,36" hai3="127,23,19,122,57,15,26,81,96,51,56,10,132"/><T61/><D121/><U52/><E106/><V58/><F110/><W13/><G122/><T17/><D124/><U116/><E91/><V112/><F66/><W30/><G127/><T16/><D83/><U113/><E12/><V60/><F6/><W76/><G132/><T3/><D3/><U94/><E94/><N who="2" m="56647" /><F21/><W70/><G70/><T1/><D1/><U105/><E105/><V107/><F89/><W104/><G51/><T86/><D71/><U87/><E87/><V18/><F18/><W28/><G96/><T64/><REACH who="0" step="1"/><D17/><REACH who="0" ten="282,161,268,279" step="2"/><U82/><E82/><V29/><F112/><W22/><G81/><T40/><D40/><U111/><E113/><V14/><F115/><W77/><G19/><T126/><D126/><U118/><REACH who="1" step="1"/><E111/><REACH who="1" ten="282,151,268,279" step="2"/><V100/><F131/><W85/><G104/><T69/><D69/><U44/><E44/><V114/><F130/><W84/><G26/><T53/><D53/><U27/><E27/><V74/><F114/><W49/><G10/><T102/><D102/><U125/><E125/><V41/><F100/><W108/><G108/><T93/><D93/><U63/><E63/><V9/><F107/><W32/><G30/><T47/><D47/><U134/><E134/><V50/><F29/><W99/><G28/><T78/><D78/><U80/><E80/><V79/><F79/><W0/><G77/><T97/><D97/><U95/><E95/><V133/><F133/><W11/><G99/><T128/><D128/><U109/><E109/><V75/><F75/><W135/><G76/><T42/><D42/><U33/><E33/><V119/><F74/><RYUUKYOKU ba="0,2" sc="282,15,151,15,268,-15,279,-15" hai0="2,7,8,16,24,61,64,68,86,90,92,101,103" hai1="34,35,37,43,45,46,48,52,54,62,116,117,118" /><INIT seed="4,1,2,2,5,77" ten="297,166,253,264" oya="0" hai0="131,14,29,1,133,3,114,120,67,47,4,58,24" hai1="42,89,128,30,99,117,121,60,127,11,88,70,39" hai2="16,2,110,41,59,6,48,33,108,92,112,66,64" hai3="83,49,37,5,76,65,23,132,124,17,25,71,10"/><T118/><D118/><U82/><E117/><V81/><F33/><W75/><G37/><T34/><D120/><U18/><E121/><V104/><F104/><W98/><G132/><T31/><D47/><U36/><E30/><V51/><F112/><W28/><G124/><T45/><D114/><U100/><E127/><V109/><F92/><W12/><G98/><T32/><D45/><U55/><E42/><V135/><F135/><W129/><G129/><T84/><D133/><U85/><E128/><V27/><F6/><W102/><G102/><T7/><D67/><U15/><E89/><V93/><F2/><N who="0" m="522" /><D84/><U63/><E70/><V101/><F41/><W87/><G49/><T53/><D58/><U116/><E116/><V103/><F59/><W90/><G65/><T19/><D53/><U115/><E115/><V80/><F109/><W73/><G71/><T72/><D72/><U69/><E69/><V86/><F93/><W79/><G79/><T68/><D131/><U44/><E39/><V95/><F95/><W22/><REACH who="3" step="1"/><G76/><REACH who="3" ten="297,166,253,254" step="2"/><T123/><D68/><U54/><E36/><V52/><F66/><W9/><G9/><N who="0" m="6607" /><D123/><U26/><E100/><V57/><F103/><W126/><G126/><T43/><D43/><U134/><E99/><V13/><F101/><W105/><G105/><T21/><D32/><U8/><E134/><V78/><F64/><W107/><G107/><T0/><D0/><AGARI ba="1,3" hai="0,5,10,12,17,22,23,25,28,73,75,83,87,90" machi="0" ten="30,3900,0" yaku="1,1,7,1,52,1,53,0" doraHai="77" doraHaiUra="111" who="3" fromWho="0" sc="297,-42,166,0,253,0,254,72" /><INIT seed="5,0,0,3,3,133" ten="255,166,253,326" oya="1" hai0="20,80,31,5,107,90,99,121,17,100,109,67,102" hai1="11,110,65,45,92,79,48,103,4,77,98,29,113" hai2="46,27,19,60,1,33,43,108,94,37,101,96,30" hai3="24,50,111,16,131,126,106,42,130,51,6,105,58"/><U63/><E113/><V56/><F108/><W61/><G111/><T115/><D109/><U2/><E110/><V8/><F1/><W57/><G6/><T71/><D115/><U10/><E10/><V122/><F122/><W84/><G42/><T72/><D5/><U53/><REACH who="1" step="1"/><E29/><REACH who="1" ten="255,156,253,326" step="2"/><V3/><F8/><W93/><G130/><T83/><D31/><U132/><E132/><V35/><F3/><W64/><G131/><T120/><D120/><U47/><E47/><V55/><F19/><W118/><G16/><T123/><D17/><U32/><E32/><AGARI ba="0,1" hai="27,30,32,33,35,37,43,46,55,56,60,94,96,101" machi="32" ten="30,1000,0" yaku="7,1" doraHai="133" who="2" fromWho="1" sc="255,0,156,-10,253,20,326,0" /><INIT seed="6,0,0,3,1,117" ten="255,146,273,326" oya="2" hai0="99,28,123,133,106,17,92,15,43,110,93,19,64" hai1="127,5,54,27,76,95,82,88,71,63,70,22,125" hai2="0,73,129,102,100,131,107,23,1,49,62,90,42" hai3="75,25,121,109,16,111,34,135,59,77,65,91,124"/><V30/><F73/><W96/><G65/><T48/><D110/><U7/><E71/><V40/><F90/><W113/><G59/><T36/><D36/><U13/><E13/><V78/><F78/><W103/><G135/><T122/><D106/><U9/><E9/><V81/><F81/><W31/><G124/><T94/><D99/><U84/><E125/><V60/><F23/><W86/><G113/><T35/><D64/><U6/><E127/><V66/><F30/><W120/><G109/><T37/><D37/><U101/><E70/><V114/><F66/><W126/><G111/><T69/><D69/><U57/><E101/><V8/><F49/><W134/><G126/><T79/><D79/><U56/><E56/><V18/><F18/><W67/><G67/><T53/><D43/><U130/><E130/><V4/><F8/><W29/><G29/><T26/><D133/><U46/><E46/><V118/><F4/><W83/><G16/><T44/><REACH who="0" step="1"/><D17/><REACH who="0" ten="245,146,273,326" step="2"/><U3/><E3/><V104/><F114/><W105/><REACH who="3" step="1"/><G134/><REACH who="3" ten="245,146,273,316" step="2"/><T87/><D87/><U98/><REACH who="1" step="1"/><E7/><REACH who="1" ten="245,136,273,316" step="2"/><V51/><F131/><W20/><G20/><AGARI ba="0,3" hai="15,19,20,26,28,35,44,48,53,92,93,94,122,123" machi="20" ten="40,8000,1" yaku="1,1,52,2,53,1" doraHai="117" doraHaiUra="45" who="0" fromWho="3" sc="245,110,136,0,273,0,316,-80" /><INIT seed="7,0,0,4,3,125" ten="355,136,273,236" oya="3" hai0="25,32,56,115,106,48,103,34,60,119,17,12,50" hai1="126,86,44,69,45,114,97,38,110,77,121,78,1" hai2="4,20,37,47,7,116,75,85,76,120,131,84,31" hai3="109,10,42,111,80,81,130,133,71,127,6,0,23"/><W24/><G71/><T92/><D119/><U36/><E126/><V41/><F116/><W123/><G127/><T102/><D106/><U58/><E69/><V21/><F120/><W118/><G123/><T73/><D73/><U59/><E121/><V82/><F131/><W2/><G118/><T43/><D115/><U61/><E86/><V107/><F107/><W54/><G42/><T100/><D43/><U93/><E114/><V68/><F68/><W108/><G133/><T67/><D34/><U94/><E97/><V72/><F72/><W46/><G2/><T11/><D92/><U8/><E8/><V124/><F124/><W19/><G130/><T91/><D91/><U15/><E15/><V101/><F101/><W13/><G46/><T14/><D14/><U99/><E99/><V29/><F21/><W74/><G74/><T33/><D33/><U79/><E79/><V135/><F135/><W83/><G54/><T16/><D32/><U53/><E53/><V95/><F75/><W66/><G66/><T55/><D67/><U105/><E105/><V98/><F47/><W88/><REACH who="3" step="1"/><G0/><REACH who="3" ten="355,136,273,226" step="2"/><T117/><D117/><U27/><E1/><V26/><F41/><W90/><AGARI ba="0,1" hai="6,10,13,19,23,24,80,81,83,88,90,108,109,111" machi="90" ten="40,12000,1" yaku="1,1,2,1,0,1,10,1,54,1,53,0" doraHai="125" doraHaiUra="70" who="3" fromWho="3" sc="355,-40,136,-40,273,-40,226,130" owari="315,11.5,96,-40.4,233,-16.7,356,45.6" /></mjloggm>