<mjloggm ver="2.3"><GO type="169" lobby="0"/><UN n0="%73%79%6C%76%65%6F%6E" n1="%E3%81%8B%E3%81%B6%E8%8C%B6" n2="%E3%82%88%E3%81%86%E3%81%B8%E3%83%BC%58" n3="%E3%83%90%E3%83%AA%E3%83%88%E3%83%B3" dan="16,17,16,17" rate="2134.64,2142.36,2142.06,2246.79" sx="M,M,M,M"/><TAIKYOKU oya="0"/><INIT seed="0,0,0,4,2,1" ten="250,250,250,250" oya="0" hai0="6,108,66,120,104,32,90,129,99,56,105,83,33" hai1="27,130,19,70,35,103,117,67,133,80,102,88,118" hai2="115,76,110,26,49,127,5,16,61,55,14,54,52" hai3="124,39,125,59,131,114,0,53,123,29,134,46,82"/><T75/><D120/><U50/><E130/><V45/><F115/><W113/><G29/><T126/><D129/><U22/><E133/><V121/><F121/><W109/><G131/><T89/><D126/><N who="3" m="48745" /><G82/><T47/><D108/><U18/><E70/><V93/><F127/><W111/><G0/><T77/><D47/><U95/><E67/><V48/><F110/><N who="3" m="41995" /><G134/><T20/><D20/><U74/><E35/><V37/><F37/><W122/><G122/><T11/><D33/><U97/><E50/><N who="2" m="28751" /><F76/><W40/><G123/><T94/><D32/><U72/><E72/><V84/><F93/><W60/><AGARI ba="0,0" hai="39,40,46,53,59,60,113,114" m="41995,48745" machi="60" ten="30,7900,0" yaku="18,1,14,1,34,2" doraHai="1" who="3" fromWho="3" sc="250,-39,250,-20,250,-20,250,79" /><INIT seed="1,0,0,3,3,20" ten="211,230,230,329" oya="1" hai0="51,112,53,35,85,108,50,28,119,133,4,84,91" hai1="7,129,59,45,69,118,74,34,27,32,44,46,19" hai2="124,126,99,82,95,77,63,123,131,64,18,48,79" hai3="94,31,13,56,104,12,117,76,93,15,33,122,87"/><U24/><E69/><V60/><F123/><W25/><G122/><T92/><D112/><U105/><E105/><V120/><F120/><W49/><G104/><T30/><D119/><U116/><E74/><V121/><F121/><W130/><G130/><T47/><D108/><U9/><E129/><V42/><F131/><W22/><G117/><N who="1" m="45162" /><E59/><V40/><F18/><W8/><G33/><N who="1" m="12906" /><E19/><V72/><F79/><W111/><G111/><T43/><D133/><U83/><E9/><V98/><F98/><W101/><G101/><T81/><D4/><U6/><E83/><V3/><F3/><W114/><G114/><T62/><D62/><N who="2" m="23594" /><F48/><W26/><G26/><AGARI ba="0,0" hai="6,7,24,26,27,44,45,46" m="12906,45162" machi="26" ten="40,12000,1" yaku="28,2,52,3" doraHai="20" who="1" fromWho="3" sc="211,0,230,120,230,0,329,-120" /><INIT seed="1,1,0,4,2,58" ten="211,350,230,209" oya="1" hai0="10,47,62,94,48,123,69,85,91,88,77,40,104" hai1="16,109,35,66,81,30,130,73,102,100,31,14,89" hai2="27,116,95,59,126,9,49,56,34,133,134,101,75" hai3="50,20,33,39,84,43,61,45,21,60,83,52,87"/><U110/><E130/><V2/><F126/><W82/><G33/><T129/><D104/><U118/><E118/><V25/><F75/><W55/><G39/><T1/><D129/><U78/><E89/><V41/><F116/><W53/><G21/><T64/><D123/><U51/><E51/><V127/><F127/><W79/><REACH who="3" step="1"/><G20/><REACH who="3" ten="211,350,230,199" step="2"/><T132/><D132/><U11/><E35/><V99/><F34/><W17/><G17/><T98/><D77/><AGARI ba="1,1" hai="43,45,50,52,53,55,60,61,77,79,82,83,84,87" machi="77" ten="40,12000,2" yaku="1,1,9,1,8,1,52,2,54,1,53,0" doraHai="58" doraHaiUra="135" who="3" fromWho="0" sc="211,-123,350,0,230,0,199,133" /><INIT seed="2,0,0,2,3,100" ten="88,350,230,332" oya="2" hai0="26,117,21,23,93,55,97,34,3,125,25,63,61" hai1="16,33,69,28,64,19,74,57,94,85,49,20,107" hai2="65,118,72,44,62,83,113,78,8,68,110,73,134" hai3="7,13,135,126,5,80,79,120,41,70,76,38,1"/><V67/><F118/><W51/><G120/><T12/><D3/><U11/><E74/><V2/><F113/><W96/><G70/><T127/><D117/><U60/><E107/><V115/><F115/><W111/><G111/><T50/><D34/><U15/><E33/><V48/><F110/><W77/><G135/><T128/><D128/><U130/><E130/><V75/><F65/><W124/><G38/><T4/><D4/><U14/><E28/><V35/><F35/><W43/><G1/><T66/><D12/><U121/><E121/><V30/><F30/><W99/><G80/><T101/><D23/><U31/><E31/><V0/><F134/><W122/><G122/><T42/><D42/><N who="3" m="15881" /><G51/><T103/><D103/><U123/><E123/><V47/><F2/><W132/><G13/><T88/><D101/><U53/><E94/><V114/><F114/><W56/><G56/><T58/><D21/><N who="1" m="11415" /><E85/><V40/><REACH who="2" step="1"/><F44/><REACH who="2" ten="88,350,220,332" step="2"/><W92/><G132/><T39/><D39/><U129/><E129/><V18/><F18/><W89/><G5/><AGARI ba="0,1" hai="0,5,8,40,47,48,62,67,68,72,73,75,78,83" machi="5" ten="40,3900,0" yaku="1,1,53,1" doraHai="100" doraHaiUra="37" who="2" fromWho="3" sc="88,0,350,0,220,49,332,-39" /><INIT seed="2,1,0,1,1,94" ten="88,350,269,293" oya="2" hai0="103,74,129,99,13,64,113,75,27,115,57,38,111" hai1="19,24,120,112,83,121,53,20,26,107,127,1,82" hai2="118,86,72,98,109,108,70,51,66,47,17,40,114" hai3="60,29,46,28,41,50,123,59,62,126,79,23,71"/><V10/><F118/><W42/><G123/><N who="1" m="47178" /><E112/><V61/><F114/><W31/><G126/><T8/><D113/><U48/><E127/><V56/><F72/><W55/><G71/><T68/><D115/><U116/><E116/><V102/><F86/><W58/><G79/><T90/><D68/><U100/><E1/><V2/><F17/><W14/><G42/><T49/><D38/><U0/><E0/><V9/><F70/><W95/><G95/><T131/><D90/><U44/><E100/><V81/><F81/><W76/><G76/><T12/><D27/><N who="1" m="10283" /><E107/><V117/><F117/><W130/><G130/><N who="0" m="49675" /><D111/><N who="2" m="42570" /><F2/><W84/><G84/><T52/><D64/><U135/><E135/><V93/><AGARI ba="1,0" hai="9,10,40,47,51,56,61,66,93,98,102" m="42570" machi="93" ten="30,6000,0" yaku="14,1,10,1,52,1" doraHai="94" who="2" fromWho="2" sc="88,-21,350,-21,269,63,293,-21" /><INIT seed="2,2,0,4,0,77" ten="67,329,332,272" oya="2" hai0="60,110,108,34,105,49,55,64,47,69,122,135,0" hai1="96,10,62,75,41,126,123,98,65,54,99,58,2" hai2="82,93,125,128,38,26,78,74,109,50,59,11,56" hai3="12,72,57,90,15,79,114,95,21,118,7,18,24"/><V25/><F38/><W97/><G118/><T20/><D34/><U45/><E126/><V70/><F70/><W36/><G36/><T1/><D105/><U132/><E132/><V53/><F125/><W85/><G114/><T4/><D4/><U94/><E75/><V100/><F128/><W16/><G72/><T42/><D20/><U111/><E111/><N who="0" m="42537" /><D1/><U13/><E2/><V39/><F39/><W27/><G7/><T133/><D0/><U86/><E86/><V101/><F109/><W23/><G57/><N who="0" m="33007" /><D122/><U68/><E123/><V14/><F59/><W51/><G51/><AGARI ba="2,0" hai="42,47,51,60,64,69,133,135" m="33007,42537" machi="51" ten="30,3900,0" yaku="14,1,34,2" doraHai="77" who="0" fromWho="3" sc="67,45,329,0,332,0,272,-45" /><INIT seed="3,0,0,2,1,29" ten="112,329,332,227" oya="3" hai0="77,80,119,86,108,71,38,100,88,94,107,128,120" hai1="72,75,76,2,57,31,16,44,19,109,130,118,13" hai2="58,32,47,70,21,62,123,1,35,66,36,30,43" hai3="102,111,48,117,106,74,25,33,115,85,81,112,37"/><W8/><G37/><T127/><D38/><U52/><E2/><V122/><F1/><W93/><G117/><T55/><D71/><U99/><E118/><V39/><F39/><W45/><G106/><T73/><D119/><U82/><E109/><V69/><F21/><W131/><G131/><T78/><D120/><N who="2" m="46122" /><F30/><W134/><G134/><T50/><D108/><U41/><E130/><V101/><F101/><W83/><G111/><T5/><D128/><U20/><E99/><V90/><F90/><W133/><G133/><T91/><D127/><U10/><E31/><V105/><F105/><W14/><G74/><T54/><D5/><U40/><E44/><V51/><F70/><W4/><G83/><T59/><D73/><U92/><E92/><V98/><F98/><N who="3" m="59727" /><G25/><T124/><D124/><U79/><E79/><V97/><F97/><W27/><G27/><T60/><D100/><U114/><E75/><V61/><F36/><W23/><G23/><T56/><REACH who="0" step="1"/><D107/><REACH who="0" ten="102,329,332,227" step="2"/><U68/><E68/><V42/><F42/><N who="3" m="24631" /><G115/><T95/><D95/><U103/><E114/><V65/><AGARI ba="0,1" hai="32,35,43,47,51,58,61,62,65,66,69" m="46122" machi="65" ten="30,4000,0" yaku="13,1,52,2" doraHai="29" who="2" fromWho="2" sc="102,-10,329,-10,332,50,227,-20" /><INIT seed="4,0,0,5,5,75" ten="92,319,382,207" oya="0" hai0="19,81,23,46,64,100,2,133,5,88,131,115,135" hai1="25,122,7,26,52,112,93,0,77,10,96,120,95" hai2="71,53,106,61,13,16,45,108,1,59,27,56,28" hai3="130,37,126,125,44,12,14,107,47,24,83,89,43"/><T118/><D118/><U66/><E66/><V79/><F1/><W98/><G130/><T49/><D131/><U33/><E112/><V55/><F106/><W69/><G69/><T11/><D115/><U105/><E105/><V85/><F108/><W134/><G134/><T36/><D36/><U113/><E113/><V65/><F45/><W91/><G24/><T102/><D64/><U22/><E33/><V132/><F132/><N who="0" m="50762" /><D81/><U70/><E70/><V41/><F41/><W114/><G114/><T74/><D74/><U54/><E26/><V6/><F6/><W34/><G34/><T121/><D88/><N who="3" m="33865" /><G44/><T63/><D63/><U87/><E120/><V48/><F71/><W127/><G83/><T94/><D94/><U50/><E93/><V92/><F92/><W38/><G38/><T60/><D60/><U62/><E62/><V97/><F65/><W42/><G42/><N who="0" m="24791" /><D121/><U9/><E122/><V57/><F61/><W82/><G82/><T80/><D80/><U18/><E95/><V128/><F128/><W30/><G30/><T116/><D116/><U86/><E50/><V21/><F48/><W39/><G39/><T90/><D90/><U117/><E117/><V99/><F28/><W104/><G104/><T84/><D84/><U8/><E86/><V72/><F85/><W76/><G76/><T31/><D31/><N who="1" m="17847" /><E96/><N who="2" m="36939" /><F79/><W67/><G67/><T58/><D58/><U4/><E77/><V68/><F72/><W119/><G119/><T15/><AGARI ba="0,0" hai="2,5,11,15,19,23,100,102" m="24791,50762" machi="15" ten="30,1500,0" yaku="20,1" doraHai="75" who="0" fromWho="0" sc="92,15,319,-5,382,-5,207,-5" /><INIT seed="4,1,0,1,0,72" ten="107,314,377,202" oya="0" hai0="38,96,59,56,105,106,112,54,118,35,80,86,104" hai1="132,26,50,125,92,103,52,51,17,113,70,10,130" hai2="119,57,115,85,90,78,13,81,94,3,133,128,6" hai3="12,33,121,55,8,46,14,5,0,22,7,49,79"/><T109/><D118/><U45/><E70/><V127/><F3/><W25/><G121/><T68/><D68/><U40/><E130/><V83/><F128/><W58/><G33/><T91/><D38/><U20/><E125/><V111/><F111/><W64/><G7/><T30/><D109/><U28/><E132/><V110/><F110/><W99/><G99/><T47/><D112/><U87/><E113/><V76/><F115/><W108/><G108/><T16/><D96/><N who="1" m="59783" /><E87/><N who="2" m="48567" /><F133/><W77/><G12/><T67/><D67/><U124/><E124/><V135/><F135/><W102/><G102/><T27/><REACH who="0" step="1"/><D16/><REACH who="0" ten="97,314,377,202" step="2"/><U63/><E17/><V88/><F127/><W82/><G0/><T34/><D34/><U44/><E10/><N who="2" m="4311" /><F119/><W98/><G98/><T134/><D134/><U126/><E126/><V114/><F114/><W37/><G37/><T21/><D21/><U100/><E100/><V18/><F18/><N who="3" m="12503" /><G82/><T122/><D122/><U48/><E20/><V60/><F94/><W69/><G69/><T62/><D62/><AGARI ba="1,1" hai="5,8,14,46,49,55,58,62,64,77,79" m="12503" machi="62" ten="30,3900,0" yaku="8,1,52,2" doraHai="72" who="3" fromWho="0" sc="97,-42,314,0,377,0,202,52" /><INIT seed="5,0,0,0,5,124" ten="55,314,377,254" oya="1" hai0="25,67,42,62,120,83,116,95,15,11,104,0,105" hai1="134,126,73,91,94,88,101,135,93,45,29,113,72" hai2="133,60,18,20,100,122,81,90,66,6,2,80,123" hai3="36,58,39,86,13,24,97,71,82,128,115,8,114"/><U26/><E45/><V50/><F133/><N who="1" m="50697" /><E126/><V30/><F30/><W17/><G71/><T102/><D116/><U16/><E113/><N who="3" m="43018" /><G128/><T63/><D0/><U131/><E131/><V117/><F117/><W34/><G97/><T74/><D120/><U59/><E101/><V27/><F100/><W49/><G49/><T23/><D42/><U14/><E59/><N who="2" m="37151" /><F2/><W38/><G58/><T33/><D33/><N who="1" m="20663" /><E93/><V96/><F123/><W64/><G64/><T9/><D67/><U79/><E79/><V19/><F6/><W65/><G65/><T52/><D95/><U106/><E106/><V61/><F61/><W77/><G24/><T127/><D63/><U85/><E91/><V7/><F7/><W31/><G31/><T51/><D127/><U112/><E112/><V108/><F122/><W22/><G22/><AGARI ba="0,0" hai="14,16,22,72,73,85,88,94" m="20663,50697" machi="22" ten="30,5800,0" yaku="20,1,54,2" doraHai="124" who="1" fromWho="3" sc="55,0,314,58,377,0,254,-58" /><INIT seed="5,1,0,0,1,110" ten="55,372,377,196" oya="1" hai0="119,35,58,60,41,114,37,115,22,52,12,47,16" hai1="54,38,81,28,86,108,116,31,129,90,135,57,55" hai2="67,32,134,46,132,21,84,96,85,100,71,0,107" hai3="111,29,66,6,39,25,14,2,43,70,36,94,97"/><U64/><E116/><V44/><F32/><W95/><G111/><T124/><D119/><U68/><E38/><V118/><F118/><W133/><G2/><T79/><D124/><U127/><E108/><V45/><F0/><W101/><G133/><N who="2" m="51305" /><F21/><W19/><G6/><T15/><D35/><U102/><E135/><V113/><F113/><N who="0" m="43018" /><D79/><U8/><E127/><V5/><F5/><W1/><G1/><T91/><D91/><U63/><E129/><V75/><F75/><W11/><G43/><T105/><D105/><U122/><E122/><V62/><AGARI ba="1,0" hai="44,45,46,62,67,71,84,85,96,100,107" m="51305" machi="62" ten="40,1500,0" yaku="20,1" doraHai="110" who="2" fromWho="2" sc="55,-5,372,-8,377,18,196,-5" /><INIT seed="6,0,0,1,5,58" ten="50,364,395,191" oya="2" hai0="49,20,27,38,109,34,114,83,41,53,1,66,90" hai1="12,67,23,86,54,57,28,97,2,21,110,104,56" hai2="85,77,17,118,46,130,35,101,103,43,80,64,22" hai3="44,31,8,25,9,124,40,47,5,18,79,95,63"/><V115/><F118/><W92/><G124/><T98/><D109/><U13/><E2/><V33/><F115/><W51/><G79/><T96/><D34/><U131/><E110/><V134/><F134/><W81/><G81/><T7/><D114/><U87/><E131/><V37/><F130/><W59/><G18/><T126/><D126/><U127/><E104/><V106/><F64/><W65/><G47/><T71/><D41/><U68/><E68/><V121/><F121/><W89/><G5/><T88/><D38/><U3/><E3/><V105/><F105/><W100/><G92/><T107/><D7/><U26/><E97/><V19/><F19/><W125/><G100/><T123/><D1/><U10/><E57/><V82/><F82/><W112/><G125/><T16/><D123/><U102/><E67/><V52/><F103/><W73/><G73/><T15/><D107/><U62/><E102/><V4/><F4/><W60/><G60/><T30/><D71/><U133/><E133/><V76/><F76/><W113/><G113/><T93/><D66/><U36/><E36/><V42/><F42/><W132/><G132/><T116/><D116/><U111/><E111/><V39/><F39/><W72/><G72/><T119/><D119/><U84/><E127/><V14/><F52/><W48/><G48/><T69/><D69/><U78/><E78/><V32/><F101/><W120/><G120/><T50/><D53/><U74/><E74/><V61/><F106/><W129/><G112/><T117/><D117/><U6/><E13/><V108/><F108/><W99/><G129/><RYUUKYOKU ba="0,0" sc="50,-30,364,10,395,10,191,10" hai1="6,10,12,21,23,26,28,54,56,62,84,86,87" hai2="14,17,22,32,33,35,37,43,46,61,77,80,85" hai3="8,9,25,31,40,44,51,59,63,65,89,95,99" /><INIT seed="6,1,0,0,5,31" ten="20,374,405,201" oya="2" hai0="125,57,120,43,62,78,108,76,73,51,91,103,61" hai1="114,21,126,12,106,7,109,87,111,132,81,24,48" hai2="74,30,135,94,93,55,11,49,105,19,9,47,15" hai3="95,60,123,83,72,8,66,18,32,104,84,119,96"/><V6/><F135/><W56/><G119/><T23/><D108/><U80/><E106/><V97/><F74/><W52/><G123/><T37/><D120/><U110/><E132/><V2/><REACH who="2" step="1"/><F30/><REACH who="2" ten="20,374,395,201" step="2"/><W0/><G72/><T82/><D73/><U36/><E110/><V28/><F28/><W71/><G104/><T122/><D125/><U34/><E126/><V85/><F85/><W77/><G32/><T5/><D122/><U3/><E34/><V4/><F4/><W42/><G42/><T35/><D35/><U79/><E109/><V100/><AGARI ba="1,1" hai="2,6,9,11,15,19,47,49,55,93,94,97,100,105" machi="100" ten="30,6000,0" yaku="1,1,0,1,53,1" doraHai="31" doraHaiUra="99" who="2" fromWho="2" sc="20,-21,374,-21,395,73,201,-21" owari="-1,-50.1,353,15.3,468,56.8,180,-22.0" /></mjloggm>