<mjloggm ver="2.3"><GO type="169" lobby="0"/><UN n0="%46%72%6F%6E" n1="%E3%82%B0%E3%83%B3%E3%83%80%E3%83%AA%E3%83%BC" n2="%44%75%64%65" n3="%68%61%6B%75%30%37" dan="16,19,16,18" rate="2113.31,2291.76,2094.27,2183.08" sx="M,M,M,M"/><TAIKYOKU oya="0"/><INIT seed="0,0,0,4,1,124" ten="250,250,250,250" oya="0" hai0="5,49,132,115,61,81,105,7,57,104,77,82,14" hai1="120,41,97,58,22,76,93,51,119,88,125,44,38" hai2="90,63,21,121,56,27,25,62,33,86,111,8,103" hai3="75,35,73,53,126,70,71,87,10,108,20,34,45"/><T89/><D115/><U26/><E125/><V23/><F121/><W114/><G126/><T50/><D132/><U24/><E119/><V28/><F111/><W59/><G114/><T98/><D104/><U122/><E76/><V30/><F103/><W47/><G20/><T52/><D105/><U48/><E26/><V55/><F33/><W12/><G87/><N who="0" m="48559" /><D14/><U68/><E68/><V32/><F32/><W72/><G108/><T40/><D40/><U6/><E6/><N who="0" m="2057" /><D82/><U130/><E130/><V60/><REACH who="2" step="1"/><F8/><REACH who="2" ten="250,250,240,250" step="2"/><W16/><G34/><T110/><D110/><U112/><E112/><V46/><F46/><W67/><G35/><T127/><D127/><U83/><E122/><V133/><F133/><W42/><G45/><T129/><D129/><U36/><E120/><V54/><F54/><W99/><G53/><T19/><D19/><U95/><E38/><V96/><F96/><W9/><G99/><T66/><D66/><U92/><E36/><V116/><F116/><W37/><G9/><T134/><D134/><U0/><E0/><V69/><F69/><W78/><G70/><T107/><D107/><U131/><E131/><V65/><F65/><W106/><G106/><T123/><D123/><U80/><E97/><V11/><F11/><W43/><G71/><T91/><D98/><U94/><E44/><V15/><F15/><W64/><G42/><T128/><D128/><U118/><E41/><V39/><F39/><W3/><G3/><T1/><D1/><U109/><E118/><V13/><F13/><W4/><G37/><T74/><D74/><U2/><E109/><RYUUKYOKU ba="0,1" sc="250,15,250,-15,240,15,250,-15" hai0="49,50,52,57,61,89,91" hai2="21,23,25,27,28,30,55,56,60,62,63,86,90" /><INIT seed="0,1,1,0,4,52" ten="265,235,255,235" oya="0" hai0="31,50,95,94,18,76,90,55,115,15,3,28,42" hai1="100,85,32,83,13,126,34,37,46,124,106,16,40" hai2="120,12,131,44,84,111,130,135,9,43,1,117,41" hai3="121,53,92,109,20,29,108,75,71,82,69,134,66"/><T45/><D115/><U65/><E65/><V33/><F117/><W60/><G134/><T88/><D3/><U6/><E6/><V93/><F120/><W125/><G125/><N who="1" m="48234" /><E100/><V47/><F33/><W102/><G121/><T74/><D74/><U27/><E27/><V70/><F70/><W24/><G69/><T101/><D101/><U80/><E106/><V133/><F1/><W87/><G53/><T110/><D76/><N who="1" m="46215" /><E83/><V127/><F93/><W116/><G75/><T118/><D118/><U81/><E81/><V7/><F84/><W14/><G14/><T122/><D122/><U68/><E68/><V19/><F127/><W129/><G116/><T89/><D110/><U96/><E96/><V59/><F7/><W36/><G92/><N who="0" m="35371" /><D42/><U25/><E25/><V21/><F111/><W56/><G102/><T8/><AGARI ba="1,1" hai="8,15,18,28,31,45,50,55,88,89,90" m="35371" machi="8" ten="30,3000,0" yaku="8,1,54,1" doraHai="52" who="0" fromWho="0" sc="265,43,235,-11,255,-11,235,-11" /><INIT seed="0,2,0,0,3,95" ten="308,224,244,224" oya="0" hai0="56,81,129,77,91,86,17,16,8,12,48,20,122" hai1="0,124,99,29,43,126,134,37,100,123,125,32,58" hai2="116,110,65,36,13,23,114,106,7,69,59,88,76" hai3="113,94,4,80,40,109,82,62,83,119,132,105,61"/><T120/><D129/><U107/><E123/><V26/><F36/><W111/><G105/><T101/><D101/><U6/><E58/><V73/><F106/><W79/><G113/><T103/><D103/><U93/><E93/><V112/><F69/><W118/><G4/><T57/><D77/><U89/><E89/><V97/><F110/><N who="3" m="41995" /><G40/><T15/><REACH who="0" step="1"/><D57/><REACH who="0" ten="298,224,244,224" step="2"/><U117/><E100/><V115/><F59/><W60/><G79/><T90/><D90/><U11/><E124/><V104/><F76/><W55/><G132/><T30/><D30/><U31/><E29/><V47/><F114/><W44/><G118/><T41/><D41/><U46/><E134/><V1/><F116/><W45/><G119/><T39/><D39/><U53/><E117/><V68/><F115/><W102/><G55/><AGARI ba="2,1" hai="8,12,15,16,17,20,48,55,56,81,86,91,120,122" machi="55" ten="40,3900,0" yaku="1,1,54,1,53,0" doraHai="95" doraHaiUra="64" who="0" fromWho="3" sc="298,55,224,0,244,0,224,-45" /><INIT seed="0,3,0,1,0,108" ten="353,224,244,179" oya="0" hai0="26,45,76,63,97,33,64,99,2,100,122,4,10" hai1="107,118,7,9,70,125,79,11,8,93,46,27,95" hai2="22,113,0,47,101,42,88,129,71,123,90,73,3" hai3="132,6,38,86,124,127,23,48,37,65,130,69,78"/><T85/><D122/><U36/><E118/><V1/><F123/><W40/><G6/><T98/><D45/><U13/><E107/><V75/><F71/><W120/><G120/><T72/><D85/><U17/><E70/><V119/><F129/><W67/><G23/><T20/><D72/><U50/><E125/><N who="3" m="48202" /><G86/><T28/><D76/><U115/><E115/><V39/><F119/><W114/><G78/><T12/><D2/><U105/><E105/><V21/><F101/><W43/><G130/><T134/><D134/><U131/><E36/><N who="3" m="13930" /><G132/><T103/><REACH who="0" step="1"/><D33/><REACH who="0" ten="343,224,244,179" step="2"/><U61/><E79/><V89/><F73/><W68/><G114/><T104/><D104/><U116/><E131/><V126/><F126/><W49/><G68/><AGARI ba="3,1" hai="4,10,12,20,26,28,63,64,68,97,98,99,100,103" machi="68" ten="40,3900,0" yaku="1,1,53,1" doraHai="108" doraHaiUra="5" who="0" fromWho="3" sc="343,58,224,0,244,0,179,-48" /><INIT seed="0,4,0,1,2,118" ten="401,224,244,131" oya="0" hai0="133,23,46,126,52,58,113,70,41,54,128,76,12" hai1="22,37,57,108,117,84,89,106,51,131,5,64,79" hai2="44,9,16,34,90,124,115,85,42,71,6,95,48" hai3="43,81,67,14,36,30,114,111,96,33,61,99,107"/><T110/><D113/><U63/><E108/><V53/><F115/><W93/><G114/><T80/><D128/><U98/><E131/><V132/><F132/><W0/><G0/><T119/><D119/><U7/><E37/><V74/><F124/><W45/><G111/><T69/><D110/><U18/><E117/><V55/><F34/><W13/><G99/><T49/><D133/><U86/><E106/><V56/><F71/><W101/><G93/><T1/><D1/><U102/><E102/><V24/><F74/><W59/><REACH who="3" step="1"/><G81/><REACH who="3" ten="401,224,244,121" step="2"/><T26/><D126/><U88/><E98/><V4/><F55/><W120/><G120/><T73/><D54/><U11/><E64/><V125/><F125/><W92/><G92/><T100/><D100/><U78/><E5/><V39/><F4/><W123/><G123/><T19/><REACH who="0" step="1"/><D12/><REACH who="0" ten="391,224,244,121" step="2"/><U82/><E7/><V77/><F6/><W116/><G116/><T129/><D129/><U130/><E130/><V62/><F53/><W112/><G112/><T87/><D87/><U109/><E86/><V10/><F85/><W27/><AGARI ba="4,2" hai="13,14,27,30,33,36,43,45,59,61,67,96,101,107" machi="27" ten="30,2000,0" yaku="1,1,0,1,53,0" doraHai="118" doraHaiUra="104" who="3" fromWho="3" sc="391,-14,224,-9,244,-9,121,52" /><INIT seed="1,0,0,2,1,103" ten="377,215,235,173" oya="1" hai0="111,8,0,26,126,121,36,90,54,12,38,77,134" hai1="79,125,75,132,127,20,92,7,34,123,17,96,116" hai2="21,64,19,97,106,122,4,98,124,53,39,82,45" hai3="9,63,46,135,27,128,120,81,31,35,84,108,87"/><U13/><E116/><V22/><F122/><W2/><G120/><T105/><D121/><U129/><E123/><V78/><F124/><N who="1" m="47689" /><E34/><V71/><F4/><W47/><G108/><T66/><D111/><U44/><E129/><V109/><F109/><W91/><G128/><T83/><D126/><U88/><E132/><V100/><F97/><W130/><G130/><T24/><D134/><U107/><E7/><V50/><F39/><W3/><G135/><T113/><D113/><U73/><E44/><V61/><REACH who="2" step="1"/><F19/><REACH who="2" ten="377,215,225,173" step="2"/><W57/><G2/><T41/><D0/><U28/><E28/><V86/><AGARI ba="0,1" hai="21,22,45,50,53,61,64,71,78,82,86,98,100,106" machi="86" ten="20,12000,2" yaku="1,1,2,1,0,1,7,1,52,1,53,1" doraHai="103" doraHaiUra="95" who="2" fromWho="2" sc="377,-30,215,-60,225,130,173,-30" /><INIT seed="2,0,0,2,3,79" ten="347,155,355,143" oya="2" hai0="31,100,132,135,68,17,57,60,66,37,63,26,90" hai1="9,2,50,130,12,64,5,134,16,51,56,76,108" hai2="117,18,131,101,96,55,128,30,36,40,58,46,94" hai3="6,84,124,75,106,69,29,13,43,99,120,116,71"/><V67/><F117/><W127/><G75/><T3/><D37/><U47/><E108/><V28/><F67/><W27/><G116/><T49/><D100/><U41/><E130/><V52/><F55/><W93/><G120/><T104/><D104/><U115/><E134/><N who="0" m="51241" /><D49/><U22/><E115/><V48/><REACH who="2" step="1"/><F18/><REACH who="2" ten="347,155,345,143" step="2"/><W62/><G127/><T97/><D17/><U107/><E64/><V74/><F74/><W121/><G124/><T45/><D66/><U82/><E107/><V125/><F125/><W119/><G106/><T72/><D72/><N who="1" m="43271" /><E56/><V32/><F32/><W33/><G33/><T80/><D57/><U59/><E59/><V34/><F34/><W20/><G119/><T112/><D68/><U118/><E118/><V21/><F21/><W88/><G20/><T44/><D112/><U105/><E105/><V98/><F98/><W53/><G99/><T8/><D97/><U81/><E22/><V95/><F95/><W7/><G93/><T4/><D60/><U1/><E16/><V42/><F42/><W38/><G69/><T25/><D63/><U102/><E41/><V39/><F39/><W133/><G133/><T0/><D8/><U103/><E51/><V87/><F87/><W23/><G53/><T111/><D111/><U15/><E50/><V89/><F89/><W11/><G38/><T10/><D90/><U113/><E113/><V91/><F91/><W73/><G43/><T126/><D126/><U61/><E9/><V65/><F65/><N who="3" m="41399" /><G73/><T54/><D54/><U114/><E114/><V83/><F83/><N who="3" m="49183" /><G121/><T86/><D86/><U19/><E81/><RYUUKYOKU ba="0,1" sc="347,-15,155,-15,345,15,143,15" hai2="28,30,36,40,46,48,52,58,94,96,101,128,131" hai3="6,7,11,13,23,27,29" /><INIT seed="2,1,1,3,0,37" ten="332,140,360,158" oya="2" hai0="126,10,75,27,19,103,40,77,132,118,63,93,82" hai1="116,85,115,123,107,90,18,58,74,57,38,4,35" hai2="24,83,114,86,66,3,111,30,9,70,131,110,99" hai3="65,64,72,108,119,71,6,97,56,47,61,124,54"/><V125/><F114/><W73/><G119/><T81/><D118/><U0/><E116/><V50/><F131/><W133/><G108/><N who="2" m="41513" /><F125/><W44/><G124/><T22/><D126/><U34/><E107/><V23/><F99/><W67/><G133/><T8/><D132/><U28/><E38/><V112/><F112/><W52/><G6/><T53/><D40/><U7/><E18/><V21/><F50/><N who="3" m="28743" /><G73/><T95/><D81/><U113/><E74/><V109/><N who="2" m="41521" /><V120/><DORA hai="100" /><F120/><W2/><G2/><T135/><D135/><U25/><E0/><V14/><F3/><W134/><G134/><T12/><D103/><U29/><E123/><V42/><F42/><W11/><G72/><T127/><D127/><U106/><E85/><V128/><F128/><W26/><G97/><T17/><REACH who="0" step="1"/><D10/><REACH who="0" ten="322,140,360,158" step="2"/><U105/><E90/><V101/><F101/><W13/><G11/><T98/><D98/><U96/><E96/><V1/><F9/><W79/><G79/><T15/><D15/><U55/><REACH who="1" step="1"/><E55/><REACH who="1" ten="322,130,360,158" step="2"/><V84/><F1/><W36/><G13/><T45/><D45/><U121/><E121/><V94/><F14/><W5/><G47/><T78/><D78/><U16/><E16/><V69/><F83/><W122/><G122/><T88/><D88/><U60/><E60/><V46/><F46/><W39/><G54/><T104/><D104/><U102/><E102/><V68/><F84/><W91/><G61/><T41/><D41/><U49/><E49/><V33/><F66/><W31/><G64/><T48/><D48/><U76/><E76/><V62/><F62/><RYUUKYOKU ba="1,3" sc="322,10,130,10,360,10,158,-30" hai0="8,12,17,19,22,27,53,63,75,77,82,93,95" hai1="4,7,25,28,29,34,35,57,58,105,106,113,115" hai2="21,23,24,30,33,68,69,70,86,94" /><INIT seed="2,2,3,0,4,78" ten="332,140,370,128" oya="2" hai0="47,31,99,4,119,28,109,76,69,98,70,63,111" hai1="7,128,71,0,83,127,130,91,5,60,66,3,90" hai2="108,44,15,48,110,29,41,122,133,55,116,81,58" hai3="10,75,12,40,45,42,123,2,26,135,67,74,54"/><V120/><F29/><W96/><G123/><T36/><D119/><U103/><E103/><V14/><F116/><W114/><G2/><T19/><D4/><N who="1" m="1611" /><E127/><V117/><F117/><W16/><G135/><T93/><D19/><U46/><E46/><V17/><F133/><W1/><G1/><N who="1" m="586" /><E83/><V85/><F120/><W121/><G121/><T100/><D76/><U97/><E97/><V22/><F14/><W49/><G114/><T134/><D134/><U32/><E32/><V105/><F105/><W77/><G67/><N who="0" m="41215" /><D70/><U124/><E124/><V21/><F21/><W82/><G74/><T37/><D98/><U57/><E71/><V106/><F106/><W52/><G26/><T86/><D86/><U9/><E9/><V51/><REACH who="2" step="1"/><F122/><REACH who="2" ten="332,140,360,128" step="2"/><W27/><G27/><T107/><D107/><U35/><E35/><V118/><F118/><W38/><G12/><T62/><D28/><U129/><AGARI ba="2,4" hai="57,60,66,90,91,128,129,130" m="586,1611" machi="129" ten="40,1500,0" yaku="19,1" doraHai="78" who="1" fromWho="1" sc="332,-6,140,61,360,-9,128,-6" /><INIT seed="3,0,0,0,4,41" ten="326,201,351,122" oya="3" hai0="26,107,108,134,5,93,61,24,32,128,98,106,49" hai1="115,37,71,80,16,54,56,102,77,7,127,3,52" hai2="117,43,58,125,35,109,60,22,123,105,12,85,118" hai3="124,14,19,73,133,130,2,131,4,23,78,82,135"/><W126/><G2/><T17/><D108/><U36/><E115/><V50/><F35/><W100/><G100/><T120/><D120/><U72/><E71/><V68/><F105/><W111/><G4/><T83/><D134/><N who="3" m="51209" /><G111/><T10/><D128/><AGARI ba="0,0" hai="14,19,23,73,78,82,124,126,128,130,131" m="51209" machi="128" ten="30,11600,0" yaku="30,2,19,1,20,1" doraHai="41" who="3" fromWho="0" sc="326,-116,201,0,351,0,122,116" /><INIT seed="3,1,0,5,5,74" ten="210,201,351,238" oya="3" hai0="71,12,27,40,34,23,128,117,1,105,114,10,25" hai1="110,123,83,44,15,16,17,119,0,60,84,51,113" hai2="41,78,125,77,131,85,38,92,134,122,81,118,130" hai3="66,96,104,133,127,112,47,129,101,68,48,69,6"/><W22/><G112/><T88/><D117/><U87/><E113/><V57/><F118/><W135/><G129/><N who="2" m="49161" /><F134/><W49/><G127/><T73/><D114/><U11/><E110/><V46/><F125/><W98/><G6/><T63/><D128/><U37/><E37/><V9/><F122/><W90/><G22/><T67/><D1/><U20/><E0/><V42/><F42/><W29/><G29/><T95/><D105/><U4/><E123/><V33/><F33/><W116/><G116/><T79/><D40/><N who="1" m="24967" /><E119/><V45/><F45/><W53/><G48/><T24/><D34/><U76/><E60/><V126/><F126/><W18/><G18/><N who="1" m="7274" /><E87/><V8/><F57/><W58/><G58/><T21/><D10/><N who="2" m="4202" /><F92/><N who="3" m="56343" /><G66/><T52/><D12/><U65/><E20/><V107/><F107/><W59/><G47/><T2/><D2/><U75/><E75/><V13/><F13/><W31/><G31/><T62/><D62/><U108/><E108/><V30/><F30/><W97/><G68/><T91/><D52/><U80/><E80/><V72/><F72/><W64/><G64/><AGARI ba="1,0" hai="4,11,15,64,65,76,83,84" m="7274,24967" machi="64" ten="30,7700,0" yaku="25,1,8,1,52,1,54,1" doraHai="74" who="1" fromWho="3" sc="210,0,201,80,351,0,238,-80" /><INIT seed="4,0,0,2,3,7" ten="210,281,351,158" oya="0" hai0="110,40,133,112,66,131,0,64,69,60,92,98,89" hai1="97,61,114,57,125,62,79,74,123,19,117,42,51" hai2="86,21,49,25,94,127,6,104,80,71,1,132,82" hai3="120,68,47,67,50,3,28,18,130,53,38,59,96"/><T109/><D112/><U77/><E123/><V122/><F104/><W107/><G130/><T91/><D131/><U13/><E117/><V4/><F71/><W5/><G120/><T103/><D133/><U101/><E125/><V70/><F70/><W85/><G28/><T55/><D66/><U24/><E24/><V63/><F122/><W84/><G18/><T126/><D126/><U10/><E114/><V102/><F127/><W2/><G107/><T14/><D0/><U73/><E73/><V99/><F132/><W111/><G96/><T35/><D40/><U115/><E74/><V32/><F32/><W81/><G111/><N who="0" m="42507" /><D35/><U135/><E135/><V116/><F63/><N who="3" m="40063" /><G5/><T31/><D31/><U12/><E115/><V23/><F1/><N who="3" m="11" /><G81/><T26/><D26/><U17/><E42/><AGARI ba="0,0" hai="38,42,47,50,53,59,84,85" m="11,40063" machi="42" ten="30,1000,0" yaku="24,1" doraHai="7" who="3" fromWho="1" sc="210,0,281,-10,351,0,158,10" /><INIT seed="5,0,0,5,4,91" ten="210,271,351,168" oya="1" hai0="95,55,96,36,133,3,29,23,16,4,119,117,109" hai1="32,80,102,79,134,65,94,24,47,131,123,37,10" hai2="82,18,83,28,77,124,69,61,90,111,8,106,51" hai3="98,99,121,63,130,20,70,31,22,115,38,101,57"/><U71/><E131/><V2/><F106/><W44/><G121/><T100/><D109/><U42/><E134/><V30/><F111/><W33/><G130/><T116/><D133/><U129/><E129/><V60/><F124/><W40/><G115/><T89/><D36/><U76/><E123/><V50/><F90/><W6/><G6/><T9/><D55/><U59/><E71/><V114/><F114/><W26/><G98/><T25/><REACH who="0" step="1"/><D100/><REACH who="0" ten="200,271,351,168" step="2"/><U5/><E102/><V126/><F126/><W84/><G38/><T112/><D112/><U11/><E37/><V54/><F54/><W81/><G40/><T87/><D87/><U66/><E42/><V122/><F122/><W104/><G44/><T12/><D12/><U0/><E47/><V73/><F2/><W41/><G41/><T132/><D132/><U103/><E103/><V7/><F73/><W75/><G75/><T92/><D92/><U58/><E94/><V52/><F52/><W43/><G43/><T19/><AGARI ba="0,1" hai="3,4,9,16,19,23,25,29,89,95,96,116,117,119" machi="19" ten="40,8000,1" yaku="1,1,0,1,52,1,54,1,53,0" doraHai="91" doraHaiUra="110" who="0" fromWho="0" sc="200,90,271,-40,351,-20,168,-20" /><INIT seed="6,0,0,5,2,52" ten="290,231,331,148" oya="2" hai0="77,129,98,123,114,119,30,84,32,88,16,121,34" hai1="126,4,72,92,75,69,70,79,113,19,17,22,6" hai2="33,20,38,99,15,105,46,66,110,39,108,13,124" hai3="80,85,130,63,133,50,86,74,96,1,134,11,94"/><V120/><F33/><W9/><G130/><T91/><D129/><U29/><E92/><V81/><F120/><W12/><G74/><T89/><D114/><U127/><E22/><V97/><F124/><W132/><G1/><T41/><D41/><U26/><E26/><V25/><F66/><W131/><G131/><T21/><D98/><N who="2" m="37386" /><F81/><W122/><G122/><T47/><D119/><U14/><E14/><N who="2" m="5131" /><F46/><W23/><G9/><T59/><D47/><U107/><E79/><V117/><F105/><W58/><G23/><T118/><D118/><U8/><E8/><V2/><F2/><W103/><G50/><T5/><D34/><U60/><E60/><V0/><F0/><W71/><G71/><T68/><D68/><U104/><REACH who="1" step="1"/><E29/><REACH who="1" ten="290,221,331,148" step="2"/><V48/><F117/><W28/><G28/><T62/><D30/><U56/><E56/><V10/><F10/><W51/><G80/><T67/><D59/><U73/><E73/><V128/><F128/><W112/><G112/><AGARI ba="0,1" hai="4,6,17,19,69,70,72,75,104,107,112,113,126,127" machi="112" ten="25,8000,1" yaku="1,1,22,2,53,2" doraHai="52" doraHaiUra="109" who="1" fromWho="3" sc="290,0,221,90,331,0,148,-80" /><INIT seed="7,0,0,5,1,52" ten="290,311,331,68" oya="3" hai0="12,56,84,70,86,119,83,62,102,25,40,65,72" hai1="76,9,11,78,45,64,110,59,87,74,129,54,71" hai2="113,85,77,95,35,15,16,39,90,2,79,49,69" hai3="124,118,115,34,33,130,131,8,82,122,80,108,104"/><W135/><RYUUKYOKU type="yao9" ba="0,0" sc="290,0,311,0,331,0,68,0" hai3="8,33,34,80,82,104,108,115,118,122,124,130,131,135" /><INIT seed="7,1,0,1,5,131" ten="290,311,331,68" oya="3" hai0="106,99,90,3,11,32,83,35,59,81,92,17,127" hai1="82,9,63,128,135,1,121,111,46,25,110,93,95" hai2="18,98,40,117,108,114,38,112,74,86,64,51,91" hai3="45,105,107,28,94,126,125,122,109,5,118,27,66"/><W120/><G118/><T100/><D127/><N who="3" m="48649" /><G66/><T49/><D83/><U6/><E121/><N who="3" m="46698" /><G5/><T88/><D81/><U50/><E63/><V132/><F38/><W85/><G45/><T19/><D90/><U34/><E46/><V73/><F64/><W52/><G52/><T79/><D79/><U55/><E55/><V87/><F51/><W67/><G67/><T24/><D3/><U10/><E50/><V43/><F43/><W96/><G27/><T84/><D24/><U37/><E25/><V69/><F40/><W8/><G8/><T14/><REACH who="0" step="1"/><D19/><REACH who="0" ten="280,311,331,68" step="2"/><U97/><E1/><V13/><F18/><W61/><G28/><T53/><AGARI ba="1,1" hai="11,14,17,32,35,49,53,59,84,88,92,99,100,106" machi="53" ten="30,7900,0" yaku="1,1,2,1,0,1,54,1,53,0" doraHai="131" doraHaiUra="75" who="0" fromWho="0" sc="280,92,311,-21,331,-21,68,-40" owari="372,47.2,290,-11.0,310,11.0,28,-47.2" /></mjloggm>