<mjloggm ver="2.3"><GO type="169" lobby="0"/><UN n0="%78%78%62%6D%6D" n1="%EF%BC%81%E2%80%9D%EF%BC%83%EF%BC%84%EF%BC%85%EF%BC%86%E2%80%99%EF%BC%88" n2="%43%72%37" n3="%E3%81%9F%E3%81%8B%E3%81%AF%E3%81%97%E3%81%83%E3%81%83%E3%81%83" dan="17,16,17,16" rate="2186.01,2131.75,2207.30,2121.69" sx="M,M,M,M"/><TAIKYOKU oya="0"/><INIT seed="0,0,0,2,3,12" ten="250,250,250,250" oya="0" hai0="32,69,73,0,94,40,58,112,102,79,6,55,108" hai1="91,52,39,28,104,89,68,61,65,135,18,33,128" hai2="109,49,87,3,95,48,37,105,44,34,29,110,62" hai3="98,1,119,111,64,99,21,107,27,100,115,10,5"/><T16/><D69/><U76/><E135/><V72/><F105/><W8/><G115/><T70/><D70/><U57/><E128/><V14/><F3/><W131/><G119/><T84/><D32/><U116/><E116/><V66/><F72/><W114/><G114/><T22/><D112/><U23/><E104/><V56/><F29/><W129/><G111/><T38/><D108/><N who="2" m="41578" /><F34/><W20/><G64/><T51/><D73/><U113/><E113/><V17/><F37/><W81/><G81/><N who="0" m="47167" /><D38/><U35/><E76/><V11/><F44/><W53/><G53/><T71/><D71/><U24/><E39/><V36/><F36/><W90/><G1/><T132/><D0/><U122/><E122/><V15/><F14/><W83/><G107/><T31/><D6/><U60/><REACH who="1" step="1"/><E35/><REACH who="1" ten="250,240,250,250" step="2"/><V120/><F120/><W133/><G129/><T9/><D132/><U13/><AGARI ba="0,1" hai="13,18,23,24,28,33,52,57,60,61,65,68,89,91" machi="13" ten="20,16000,3" yaku="1,1,2,1,0,1,7,1,52,1,54,1,53,2" doraHai="12" doraHaiUra="86" who="1" fromWho="1" sc="250,-80,240,170,250,-40,250,-40" /><INIT seed="1,0,0,1,4,66" ten="170,410,210,210" oya="1" hai0="128,43,126,10,35,90,33,111,27,81,32,79,13" hai1="69,91,125,8,28,117,55,61,134,121,60,83,131" hai2="30,67,21,59,3,89,24,2,54,48,122,87,53" hai3="26,110,108,14,50,82,71,15,97,46,84,116,109"/><U75/><E117/><V96/><F122/><W102/><G116/><T101/><D111/><U9/><E121/><V132/><F132/><W23/><G71/><T18/><D128/><U112/><E112/><V68/><F96/><W88/><G50/><T100/><D126/><U38/><E38/><V114/><F114/><W44/><G44/><T106/><D43/><U51/><E134/><V39/><F39/><W20/><G46/><T95/><D106/><U45/><E131/><V11/><F11/><W29/><REACH who="3" step="1"/><G20/><REACH who="3" ten="170,410,210,200" step="2"/><T37/><D37/><U133/><E51/><V115/><F115/><W113/><G113/><T94/><D35/><U135/><E69/><V64/><F68/><W22/><G22/><T1/><D33/><U120/><E45/><V103/><F48/><W78/><G78/><T85/><D32/><U73/><E135/><V93/><F59/><W119/><G119/><T57/><D57/><U41/><E133/><V123/><F123/><W0/><G0/><T63/><D1/><U25/><E120/><V104/><F2/><W47/><G47/><T127/><D79/><U124/><E41/><V130/><F3/><W31/><G31/><T36/><D36/><U92/><E28/><V58/><F130/><W129/><G129/><T86/><D127/><U72/><E125/><V5/><F58/><W76/><G76/><T80/><D63/><U19/><E60/><V74/><F21/><W62/><G62/><T98/><D27/><U77/><E124/><V70/><F24/><W56/><G56/><T6/><D13/><U16/><E25/><V7/><F70/><RYUUKYOKU ba="0,1" sc="170,-10,410,-10,210,-10,200,30" hai3="14,15,23,26,29,82,84,88,97,102,108,109,110" /><INIT seed="2,1,1,0,0,78" ten="160,400,200,230" oya="2" hai0="25,93,23,49,10,80,68,41,98,126,100,24,59" hai1="112,39,70,129,116,125,104,123,63,77,26,110,86" hai2="19,94,17,88,65,56,89,32,64,108,76,11,119" hai3="33,62,36,34,21,83,61,131,118,31,69,109,50"/><V60/><F119/><W46/><G118/><T30/><D68/><U0/><E86/><V79/><F32/><W38/><G109/><T91/><D126/><U105/><E77/><N who="2" m="29771" /><F108/><W97/><G131/><T120/><D120/><U92/><E92/><V9/><F65/><W53/><G21/><T82/><D10/><N who="2" m="3594" /><F89/><W2/><G2/><T73/><D73/><U127/><E104/><V75/><F75/><W57/><G69/><T96/><D25/><U99/><E26/><V84/><AGARI ba="1,1" hai="17,19,56,60,64,84,88,94" m="3594,29771" machi="84" ten="30,3000,0" yaku="8,1,54,1" doraHai="78" who="2" fromWho="2" sc="160,-11,400,-11,200,43,230,-11" /><INIT seed="2,2,0,5,5,133" ten="149,389,243,219" oya="2" hai0="53,0,14,58,69,66,56,100,65,107,124,114,34" hai1="122,67,108,25,117,55,86,71,77,105,81,128,9" hai2="97,93,30,109,126,12,60,2,89,115,130,87,104" hai3="131,46,42,61,38,19,51,37,52,1,11,118,70"/><V64/><F2/><W8/><G118/><T50/><D0/><U28/><E117/><V82/><F115/><W74/><G74/><T6/><D34/><U45/><E108/><V3/><F3/><W7/><G131/><T110/><D107/><U73/><E105/><V47/><F130/><W83/><G83/><T54/><D100/><U92/><E122/><V78/><F109/><W23/><G11/><T121/><D121/><U132/><E132/><V80/><F30/><W29/><G29/><T13/><D69/><U76/><E9/><V63/><F104/><W99/><G99/><T135/><D6/><U27/><E77/><V111/><F111/><W84/><G84/><T43/><D135/><U94/><E73/><V116/><F116/><W59/><REACH who="3" step="1"/><G70/><REACH who="3" ten="149,389,243,209" step="2"/><T129/><D129/><U22/><E71/><V101/><F80/><W35/><G35/><T31/><D31/><U125/><E81/><V18/><F78/><W10/><G10/><T33/><D33/><U44/><E86/><V39/><F87/><W68/><G68/><T49/><D110/><U16/><E76/><V120/><F97/><W112/><G112/><T79/><D79/><U102/><E128/><V96/><F96/><W85/><G85/><T40/><D114/><U17/><E28/><V127/><F82/><W106/><G106/><T15/><D15/><AGARI ba="2,1" hai="1,7,8,15,19,23,37,38,42,46,51,52,59,61" machi="15" ten="30,3900,0" yaku="1,1,7,1,54,1,53,0" doraHai="133" doraHaiUra="26" who="3" fromWho="0" sc="149,-45,389,0,243,0,209,55" /><INIT seed="3,0,0,0,2,91" ten="104,389,243,264" oya="3" hai0="50,120,20,77,81,53,0,82,78,87,125,43,64" hai1="123,112,14,15,117,12,131,127,59,47,103,42,106" hai2="121,92,63,107,69,66,60,80,34,134,86,52,114" hai3="31,95,101,24,128,118,56,126,130,105,35,28,115"/><W99/><G115/><T22/><D120/><U29/><E123/><V44/><F121/><W65/><G118/><T109/><D0/><U33/><E112/><V74/><F114/><W9/><G126/><T25/><D125/><U72/><E72/><V41/><F107/><W97/><G28/><T16/><D109/><U21/><E33/><V68/><F34/><W10/><G65/><T32/><D32/><U98/><E117/><V84/><F134/><W71/><G71/><T37/><D37/><U67/><E131/><N who="3" m="50218" /><G56/><T111/><D64/><U58/><E67/><V3/><F69/><W45/><G45/><T4/><D4/><U94/><E106/><V75/><F3/><W55/><G55/><T38/><D38/><U96/><E96/><V54/><F74/><W1/><G1/><T49/><D43/><U8/><E8/><V113/><F75/><W88/><AGARI ba="0,0" hai="9,10,24,31,35,88,95,97,99,101,105" m="50218" machi="88" ten="30,6000,0" yaku="19,1,52,1,54,1" doraHai="91" who="3" fromWho="3" sc="104,-20,389,-20,243,-20,264,60" /><INIT seed="3,1,0,0,4,76" ten="84,369,223,324" oya="3" hai0="5,92,25,113,10,15,16,55,131,8,68,32,96" hai1="94,126,101,74,66,78,108,118,23,85,26,67,13" hai2="105,1,46,61,44,56,31,3,103,121,48,18,50" hai3="87,104,114,41,9,19,69,64,0,39,116,122,24"/><W22/><G114/><T14/><D131/><U47/><E108/><V98/><F121/><W124/><G116/><T84/><D113/><U99/><E126/><V17/><F31/><W88/><G122/><T130/><D130/><U30/><E74/><V72/><F72/><W125/><G104/><T4/><D68/><U102/><E118/><V36/><F36/><W100/><G100/><T79/><D55/><U45/><E101/><V35/><F35/><W53/><G53/><T128/><D128/><U29/><E29/><V97/><F103/><W37/><G64/><N who="1" m="24618" /><E13/><V134/><F56/><W43/><G69/><T58/><D58/><U42/><E42/><N who="3" m="15882" /><G9/><T59/><D59/><U111/><E111/><V106/><REACH who="2" step="1"/><F61/><REACH who="2" ten="84,369,213,324" step="2"/><W40/><G37/><T62/><D62/><U117/><E117/><V95/><F95/><W38/><G38/><T27/><D32/><U112/><E112/><V12/><F12/><W65/><G39/><T91/><REACH who="0" step="1"/><D16/><REACH who="0" ten="74,369,213,324" step="2"/><U6/><E30/><V54/><F54/><W77/><G19/><T33/><D33/><U49/><E47/><V107/><F107/><W52/><G52/><T86/><D86/><U83/><E45/><V120/><F120/><W80/><G87/><T109/><D109/><U115/><E115/><V7/><F7/><W82/><G65/><T60/><D60/><U132/><E6/><V2/><F2/><W93/><G0/><T57/><D57/><U34/><E34/><V11/><F11/><W73/><G40/><T89/><D89/><U90/><E90/><V133/><AGARI ba="1,2" hai="1,3,17,18,44,46,48,50,97,98,105,106,133,134" machi="133" ten="25,6400,0" yaku="1,1,0,1,22,2,53,0" doraHai="76" doraHaiUra="28" who="2" fromWho="2" sc="74,-17,369,-17,213,87,324,-33" /><INIT seed="4,0,0,3,5,128" ten="57,352,300,291" oya="0" hai0="70,24,81,1,47,46,3,13,118,45,31,37,109" hai1="93,63,75,20,53,57,101,134,108,115,6,62,87" hai2="78,9,42,102,98,66,123,124,117,88,2,89,51" hai3="125,23,92,119,82,132,99,120,18,91,77,76,39"/><T105/><D118/><U0/><E108/><V110/><F110/><W127/><G119/><T59/><D109/><U38/><E75/><V71/><F123/><W86/><G39/><T8/><D70/><U50/><E38/><V19/><F117/><W67/><G67/><T32/><D105/><U40/><E115/><V85/><F124/><N who="3" m="47691" /><G120/><T35/><D37/><U84/><E0/><V80/><F66/><W94/><G132/><T131/><D131/><U52/><E6/><V133/><F71/><W130/><G130/><T72/><D35/><U17/><E40/><V104/><F133/><W15/><G94/><T58/><D1/><U30/><E30/><V34/><F34/><W14/><G14/><T10/><D3/><U48/><E134/><V107/><F107/><W27/><G15/><T113/><D113/><U79/><E62/><V65/><F65/><W25/><G27/><T11/><D13/><N who="1" m="9263" /><E79/><AGARI ba="0,0" hai="18,23,25,76,77,79,82,86,91,92,99" m="47691" machi="79" ten="30,1000,0" yaku="18,1" doraHai="128" who="3" fromWho="1" sc="57,0,352,-10,300,0,291,10" /><INIT seed="5,0,0,5,4,23" ten="57,342,300,301" oya="1" hai0="129,19,63,79,29,56,7,18,82,35,20,37,66" hai1="120,74,12,54,15,125,67,111,128,32,16,4,31" hai2="6,94,39,25,133,121,36,109,92,123,52,8,28" hai3="34,62,83,113,110,87,106,90,14,116,13,44,75"/><U95/><E120/><V71/><F109/><W64/><G110/><T26/><D129/><U78/><E111/><V57/><F71/><W88/><G113/><T134/><D134/><U130/><E125/><V50/><F133/><W103/><G116/><T117/><D117/><U10/><E67/><V40/><F123/><W58/><G34/><T59/><D37/><U118/><E118/><V1/><F121/><W105/><G44/><T69/><D7/><U38/><E38/><V84/><F40/><W43/><G43/><T46/><D46/><U47/><E95/><V0/><F94/><W68/><G68/><T76/><D76/><U127/><E127/><V49/><F0/><W104/><G75/><T48/><D48/><N who="1" m="28959" /><E74/><V73/><F49/><W80/><G103/><T72/><REACH who="0" step="1"/><D18/><REACH who="0" ten="47,342,300,301" step="2"/><U102/><E78/><V45/><F45/><W98/><G98/><T22/><D22/><U33/><E16/><V51/><F51/><W115/><G115/><T119/><D119/><U100/><E130/><V77/><F77/><W53/><G64/><T41/><D41/><U97/><E97/><V86/><F39/><W135/><G135/><T61/><D61/><U85/><E4/><V132/><F36/><W124/><G124/><T5/><D5/><U81/><E32/><N who="2" m="20495" /><F132/><W27/><G62/><T70/><D70/><U30/><E33/><V114/><F114/><W42/><G42/><T11/><D11/><U24/><E10/><V112/><F112/><W21/><G21/><T107/><D107/><U9/><E9/><V131/><F131/><W89/><G105/><T91/><D91/><RYUUKYOKU ba="0,1" sc="47,30,342,-10,300,-10,301,-10" hai0="19,20,26,29,35,56,59,63,66,69,72,79,82" /><INIT seed="6,1,1,4,0,43" ten="77,332,290,291" oya="2" hai0="56,47,115,125,41,78,128,18,11,87,2,81,96" hai1="129,103,90,49,46,70,135,60,1,117,25,89,102" hai2="97,109,17,62,101,74,75,21,76,28,22,134,69" hai3="14,44,7,108,53,127,3,112,98,123,63,79,72"/><V132/><F109/><W45/><G123/><T27/><D115/><U6/><E117/><V36/><F36/><W113/><G108/><T67/><D125/><U118/><E118/><V124/><F124/><W126/><G3/><T92/><D128/><U55/><E135/><N who="2" m="51755" /><F28/><W39/><G98/><T82/><D2/><U12/><E1/><V121/><F121/><W37/><G14/><T0/><D0/><U4/><E129/><V95/><F76/><W94/><G94/><T105/><D105/><U133/><E133/><V20/><F17/><W48/><G7/><T34/><D81/><U42/><E25/><V52/><F69/><W99/><G99/><T23/><D34/><U5/><E12/><V10/><F10/><W29/><G29/><T65/><D56/><AGARI ba="1,1" hai="20,21,22,52,56,62,74,75,95,97,101" m="51755" machi="56" ten="30,2900,0" yaku="20,1,54,1" doraHai="43" who="2" fromWho="0" sc="77,-32,332,0,290,42,291,0" /><INIT seed="6,2,0,0,2,16" ten="45,332,332,291" oya="2" hai0="113,97,47,75,85,41,65,99,20,87,2,88,129" hai1="43,94,91,23,122,17,110,10,89,60,54,18,59" hai2="131,82,25,49,69,93,86,36,40,15,39,124,121" hai3="55,125,1,3,0,27,77,71,104,78,7,126,68"/><V63/><F121/><W90/><G104/><T45/><D75/><U64/><E110/><V127/><F93/><W38/><G38/><T105/><D2/><U74/><E122/><V30/><F15/><W80/><G7/><T29/><D129/><U103/><E74/><V115/><F115/><W73/><G78/><T95/><D113/><U70/><E43/><V6/><F49/><W84/><G55/><T106/><D65/><U132/><E132/><V9/><F131/><W128/><G128/><T13/><D47/><U26/><E103/><V67/><F40/><W5/><G5/><T76/><D106/><U61/><E94/><V57/><F69/><W46/><G46/><T28/><D28/><U58/><E70/><V79/><F9/><W4/><G4/><T66/><D66/><U98/><E98/><V24/><F24/><W114/><G114/><T108/><D108/><U101/><E101/><V134/><F6/><W133/><G133/><T35/><D35/><U50/><E50/><V44/><F44/><W14/><G14/><AGARI ba="2,0" hai="10,14,17,18,23,26,54,58,59,60,61,64,89,91" machi="14" ten="40,2600,0" yaku="8,1,52,1" doraHai="16" who="1" fromWho="3" sc="45,0,332,32,332,0,291,-32" /><INIT seed="7,0,0,0,1,91" ten="45,364,332,259" oya="3" hai0="23,14,107,22,93,79,70,121,111,18,120,97,43" hai1="55,49,6,112,117,133,99,75,26,96,27,7,103" hai2="30,47,78,128,85,58,102,0,118,32,94,63,130" hai3="8,68,109,28,51,71,53,59,21,122,69,25,24"/><W74/><G122/><T95/><D111/><U19/><E75/><V134/><F118/><W46/><G109/><T57/><D70/><U89/><E112/><V123/><F0/><W9/><G74/><T41/><D79/><U77/><E77/><V116/><F116/><W50/><REACH who="3" step="1"/><G24/><REACH who="3" ten="45,364,332,249" step="2"/><T66/><D121/><U129/><E26/><N who="2" m="18519" /><F123/><W5/><G5/><T4/><D120/><U76/><E6/><V80/><F134/><W65/><G65/><T92/><D4/><U37/><E7/><V81/><F47/><W98/><G98/><T73/><D73/><U135/><E99/><N who="2" m="59767" /><F85/><W125/><G125/><T42/><D107/><U82/><E96/><V12/><F12/><W114/><G114/><T62/><REACH who="0" step="1"/><D23/><REACH who="0" ten="35,364,332,249" step="2"/><U60/><E133/><V115/><F115/><W101/><G101/><AGARI ba="0,2" hai="14,18,22,41,42,43,57,62,66,92,93,95,97,101" machi="101" ten="40,12000,2" yaku="1,1,2,1,8,1,52,3,53,0" doraHai="91" doraHaiUra="84" who="0" fromWho="3" sc="35,140,364,0,332,0,249,-120" owari="175,-22.5,364,46.4,332,13.2,129,-37.1" /></mjloggm>