<mjloggm ver="2.3"><GO type="169" lobby="0"/><UN n0="%E6%9A%97%E9%BB%92%E7%96%BE%E9%A2%A8%E9%BE%8D%E7%8E%8B%E4%B8%B8" n1="%E4%B9%9D%E5%B0%BE%E3%81%AE%E3%83%8D%E3%82%B3" n2="%E3%83%91%E3%82%A1%E3%82%AF" n3="%E6%9E%95%E9%AD%9A" dan="16,16,18,16" rate="2039.79,2055.75,2248.42,2109.19" sx="M,M,M,F"/><TAIKYOKU oya="0"/><INIT seed="0,0,0,2,4,68" ten="250,250,250,250" oya="0" hai0="56,51,130,60,99,108,66,48,135,90,21,125,110" hai1="13,83,117,59,16,133,124,109,27,72,71,2,107" hai2="30,39,74,62,95,97,76,4,84,61,70,85,32" hai3="67,128,120,93,132,57,0,121,35,116,78,36,129"/><T8/><D135/><U49/><E117/><V20/><F32/><W31/><G0/><T118/><D118/><U134/><E107/><V102/><F4/><W19/><G78/><T18/><D8/><U37/><E37/><V75/><F70/><W65/><G116/><T50/><D130/><N who="3" m="50281" /><G19/><T79/><D79/><U127/><E27/><V26/><F39/><W100/><G36/><T5/><D5/><U126/><E71/><V131/><F131/><W123/><G132/><N who="1" m="50794" /><E2/><V42/><F42/><W113/><G57/><T69/><D69/><U24/><E24/><V43/><F43/><W53/><G53/><T38/><D38/><U101/><E101/><V88/><F85/><W92/><G113/><T44/><D44/><U7/><E7/><V63/><REACH who="2" step="1"/><F76/><REACH who="2" ten="250,250,240,250" step="2"/><W73/><G35/><T52/><D66/><U46/><E83/><AGARI ba="0,1" hai="20,26,30,61,62,63,74,75,83,84,88,95,97,102" machi="83" ten="40,8000,1" yaku="1,1,2,1,54,1,53,1" doraHai="68" doraHaiUra="25" who="2" fromWho="1" sc="250,0,250,-80,240,90,250,0" /><INIT seed="1,0,0,1,2,40" ten="250,170,330,250" oya="1" hai0="76,2,79,123,78,47,100,94,62,43,35,36,38" hai1="21,70,85,25,106,61,67,10,27,19,71,11,97" hai2="26,124,115,114,117,82,22,122,109,69,98,116,87" hai3="9,90,95,83,44,81,133,50,41,72,108,20,33"/><U31/><E85/><V127/><F69/><W104/><G33/><T3/><D35/><U15/><E71/><V86/><F26/><W89/><G108/><T46/><D123/><U112/><E112/><N who="2" m="43051" /><F22/><W29/><G133/><T73/><D73/><U75/><E75/><V1/><F1/><W13/><G104/><T65/><D100/><U57/><E57/><V99/><F109/><W51/><G89/><T63/><D94/><U134/><E27/><V32/><F32/><W118/><G72/><T4/><D4/><U12/><E12/><V7/><F7/><N who="3" m="3263" /><G118/><N who="2" m="45673" /><F86/><N who="3" m="52695" /><G50/><T101/><D3/><U8/><REACH who="1" step="1"/><E134/><REACH who="1" ten="250,160,330,250" step="2"/><V102/><F122/><W58/><G58/><T24/><D2/><U60/><E60/><V48/><F48/><W49/><G51/><T53/><D63/><U125/><E125/><N who="2" m="48203" /><F102/><AGARI ba="0,1" hai="8,10,11,15,19,21,25,31,61,67,70,97,102,106" machi="102" ten="40,2000,0" yaku="1,1,53,0" doraHai="40" doraHaiUra="91" who="1" fromWho="2" sc="250,0,160,30,330,-20,250,0" /><INIT seed="1,1,0,0,3,51" ten="250,190,310,250" oya="1" hai0="23,37,116,127,112,75,25,43,62,91,77,10,80" hai1="106,135,44,88,89,83,55,104,131,5,70,101,18" hai2="30,96,87,20,1,47,79,13,99,103,22,69,48" hai3="11,102,74,72,118,76,64,17,134,3,132,71,26"/><U111/><E70/><V78/><F1/><W123/><G123/><T115/><D116/><U84/><E131/><V45/><F69/><W68/><G118/><T93/><D127/><U113/><E113/><V114/><F114/><W60/><G102/><T12/><D62/><U2/><E135/><V85/><F48/><W56/><G68/><T40/><D37/><U61/><E101/><V28/><F103/><W49/><G3/><T4/><D43/><U19/><E19/><V73/><F13/><N who="3" m="7359" /><G76/><T81/><D81/><U58/><E44/><V129/><REACH who="2" step="1"/><F73/><REACH who="2" ten="250,190,300,250" step="2"/><W124/><G124/><T8/><D112/><U9/><E111/><V36/><F36/><W34/><G71/><T130/><D115/><U50/><E50/><V42/><F42/><W95/><G49/><T54/><D40/><U14/><REACH who="1" step="1"/><E89/><REACH who="1" ten="250,180,300,250" step="2"/><V33/><F33/><W38/><G38/><T21/><D91/><U39/><E39/><V66/><F66/><W100/><G34/><T121/><D130/><AGARI ba="1,2" hai="20,22,28,30,45,47,78,79,85,87,96,99,129,130" machi="130" ten="25,8000,1" yaku="1,1,22,2,53,2" doraHai="51" doraHaiUra="27" who="2" fromWho="0" sc="250,-83,180,0,300,103,250,0" /><INIT seed="2,0,0,0,3,66" ten="167,180,403,250" oya="2" hai0="62,120,122,93,74,32,109,24,79,45,135,60,76" hai1="128,5,44,29,6,112,78,103,48,23,102,54,129" hai2="39,89,41,43,42,83,0,17,9,40,133,25,15" hai3="19,22,30,80,72,33,16,63,116,64,58,12,28"/><V46/><F133/><W77/><G116/><T52/><D109/><U99/><E112/><V108/><F108/><W4/><G33/><T34/><D135/><U101/><E78/><V87/><F0/><W117/><G117/><T131/><D131/><N who="1" m="50251" /><E99/><V49/><REACH who="2" step="1"/><F25/><AGARI ba="0,0" hai="5,6,23,25,29,44,48,54,101,102,103" m="50251" machi="25" ten="30,1000,0" yaku="19,1" doraHai="66" who="1" fromWho="2" sc="167,0,180,10,403,-10,250,0" /><INIT seed="3,0,0,2,4,85" ten="167,190,393,250" oya="3" hai0="37,99,47,84,40,46,118,45,10,128,66,87,6" hai1="11,22,27,24,131,7,116,48,51,102,119,62,115" hai2="30,83,61,21,58,127,41,18,134,28,110,44,13" hai3="29,95,135,54,93,122,55,57,31,106,82,69,60"/><W90/><G122/><T26/><D118/><N who="1" m="45099" /><E131/><V65/><F110/><W79/><G106/><T5/><D128/><U105/><E115/><V52/><F127/><W91/><G69/><T114/><D114/><U101/><E62/><V33/><F134/><W129/><G129/><T2/><D6/><U80/><E80/><V112/><F33/><W121/><G121/><T100/><D66/><U19/><E27/><V88/><F65/><W67/><G135/><T78/><D26/><U68/><E68/><V77/><F88/><N who="3" m="33835" /><G79/><T42/><D78/><U92/><E92/><N who="3" m="35402" /><G82/><T34/><D84/><U97/><E102/><V32/><F32/><W130/><G130/><T16/><D87/><U120/><E120/><V125/><F125/><W132/><G132/><T89/><D100/><U107/><E105/><V1/><F1/><AGARI ba="0,0" hai="1,7,11,19,22,24,48,51,97,101,107" m="45099" machi="1" ten="30,1000,0" yaku="12,1" doraHai="85" who="1" fromWho="2" sc="167,0,190,10,393,-10,250,0" /><INIT seed="4,0,0,3,2,83" ten="167,200,383,250" oya="0" hai0="14,18,25,76,120,10,123,132,19,57,41,59,35" hai1="13,85,70,108,106,43,80,72,58,74,60,15,77" hai2="26,20,117,124,7,34,104,118,103,126,12,127,97" hai3="46,134,133,61,63,82,6,90,62,37,79,115,4"/><T113/><D113/><U81/><E106/><V86/><F34/><W44/><G90/><T112/><D112/><U31/><E108/><V66/><F66/><W8/><G115/><T125/><D132/><N who="3" m="50793" /><G37/><T95/><D125/><U69/><E31/><V1/><F1/><N who="3" m="15" /><G6/><T23/><D35/><U102/><E102/><V98/><F98/><W109/><G109/><T42/><D76/><U27/><E27/><V65/><F65/><W40/><G40/><T116/><D116/><N who="2" m="44650" /><F7/><W88/><G88/><T101/><D120/><U9/><E43/><N who="0" m="16393" /><D123/><U32/><E32/><V33/><F12/><W29/><G29/><T64/><D64/><U89/><E15/><V3/><F3/><W110/><G110/><T94/><D101/><U114/><E114/><V130/><F33/><W92/><G92/><AGARI ba="0,0" hai="10,14,18,19,23,25,57,59,92,94,95" m="16393" machi="92" ten="30,1500,0" yaku="8,1" doraHai="83" who="0" fromWho="3" sc="167,15,200,0,383,0,250,-15" /><INIT seed="4,1,0,1,0,47" ten="182,200,383,235" oya="0" hai0="99,33,68,39,121,19,23,125,36,127,81,108,76" hai1="8,92,75,130,100,77,3,80,40,15,90,96,122" hai2="12,97,85,52,128,51,11,53,89,112,110,120,26" hai3="20,38,66,82,24,73,50,58,44,83,6,27,86"/><T119/><D121/><U72/><E122/><V62/><F120/><W116/><G116/><T49/><D119/><U60/><E130/><V74/><F110/><W21/><G38/><T124/><D68/><U30/><E3/><V0/><F74/><W1/><G73/><T113/><D113/><U41/><E75/><V25/><F0/><W117/><G6/><T22/><D33/><U94/><E60/><V118/><F128/><W91/><G1/><T29/><D108/><U134/><E30/><V71/><F97/><W2/><G2/><T57/><D99/><U70/><E70/><V132/><F132/><W114/><G114/><T37/><D29/><U101/><E101/><V42/><F42/><W106/><G106/><T45/><D57/><U131/><E131/><V9/><F9/><W34/><G83/><T10/><D10/><U17/><E134/><V56/><F118/><W109/><G34/><T93/><D93/><U61/><E61/><V88/><F89/><W31/><G117/><T5/><D5/><U54/><E54/><V135/><F135/><W87/><G66/><T4/><D4/><U84/><AGARI ba="1,0" hai="8,15,17,40,41,72,77,80,84,90,92,94,96,100" machi="84" ten="20,1500,0" yaku="0,1,7,1" doraHai="47" who="1" fromWho="1" sc="182,-8,200,18,383,-5,235,-5" /><INIT seed="5,0,0,3,0,36" ten="174,218,378,230" oya="1" hai0="20,74,18,71,35,94,19,38,122,125,90,76,88" hai1="30,77,95,85,7,104,68,55,129,12,79,3,6" hai2="16,81,123,97,40,1,52,131,4,51,64,10,132" hai3="106,112,24,126,119,114,50,111,41,109,128,101,120"/><U17/><E104/><V14/><F123/><W26/><G106/><T11/><D71/><U99/><E68/><V45/><F132/><W57/><G101/><T32/><D122/><U100/><E3/><V118/><F118/><W25/><G120/><T75/><D38/><U72/><E72/><V115/><F131/><W53/><G126/><T130/><D125/><U73/><E73/><V61/><F97/><W92/><G128/><T86/><D130/><U13/><E13/><V59/><F81/><W15/><G92/><T56/><D76/><U66/><E30/><V29/><F29/><W23/><G41/><T42/><D42/><U113/><E113/><N who="3" m="43626" /><G119/><T82/><D74/><U87/><E66/><V69/><F115/><W63/><G63/><T134/><D75/><U5/><E129/><V93/><F93/><W103/><G103/><T117/><D134/><U110/><E110/><N who="3" m="41994" /><G15/><T22/><D94/><U33/><E33/><V9/><REACH who="2" step="1"/><F40/><REACH who="2" ten="174,218,368,230" step="2"/><W37/><G37/><T49/><D117/><U2/><E95/><V47/><AGARI ba="0,1" hai="1,4,9,10,14,16,45,47,51,52,59,61,64,69" machi="47" ten="30,8000,1" yaku="1,1,2,1,0,1,54,2,53,0" doraHai="36" doraHaiUra="70" who="2" fromWho="2" sc="174,-20,218,-40,368,90,230,-20" /><INIT seed="6,0,0,2,2,100" ten="154,178,458,210" oya="2" hai0="46,37,43,14,2,128,123,29,89,34,133,105,44" hai1="64,117,121,42,13,132,75,111,19,69,6,36,134" hai2="96,0,52,127,101,115,129,90,57,124,3,91,72" hai3="56,32,40,92,10,106,116,45,79,62,108,87,85"/><V119/><F119/><W135/><G32/><T59/><D123/><U82/><E117/><V54/><F72/><W9/><G106/><T84/><D2/><N who="2" m="554" /><F115/><W77/><G135/><T58/><D133/><U63/><E121/><V53/><F57/><W39/><G108/><T112/><D128/><U16/><E19/><V17/><F17/><W11/><G116/><T118/><D112/><U103/><E6/><V24/><F24/><W51/><G39/><T65/><D65/><U55/><E111/><V61/><F61/><W23/><G23/><T50/><D14/><U21/><E55/><V130/><F101/><W73/><G73/><T7/><D7/><U125/><E103/><V18/><F18/><W20/><G20/><T110/><D110/><U15/><E15/><V25/><F96/><W120/><G120/><T95/><D105/><U93/><E132/><V86/><F25/><W104/><G56/><T78/><D78/><U71/><E134/><V81/><F90/><W126/><G62/><T113/><D113/><U98/><E125/><AGARI ba="0,0" hai="52,53,54,81,86,91,124,125,127,129,130" m="554" machi="125" ten="40,3900,0" yaku="18,1,54,1" doraHai="100" who="2" fromWho="1" sc="154,0,178,-39,458,39,210,0" /><INIT seed="6,1,0,1,3,124" ten="154,139,497,210" oya="2" hai0="122,6,51,53,8,52,87,63,9,75,89,126,58" hai1="128,95,32,67,20,135,84,42,110,23,45,61,129" hai2="79,100,116,80,72,49,39,101,69,38,36,11,133" hai3="54,125,77,62,120,131,65,12,85,73,99,59,118"/><V4/><F116/><W81/><G120/><T103/><D122/><U91/><E110/><V7/><F133/><W3/><G3/><T88/><D126/><U19/><E32/><V40/><F69/><W43/><G43/><T30/><D75/><U114/><E135/><V24/><F4/><W21/><G118/><T97/><D30/><U90/><E91/><V78/><F78/><W117/><G99/><T48/><D63/><U28/><E28/><V74/><F74/><W68/><G85/><T115/><D115/><U66/><E114/><V47/><REACH who="2" step="1"/><F24/><REACH who="2" ten="154,139,487,210" step="2"/><W44/><G77/><T71/><D6/><U70/><E67/><V102/><F102/><W26/><G26/><T14/><D71/><U132/><E132/><V108/><F108/><W57/><G68/><T109/><D109/><U50/><REACH who="1" step="1"/><E19/><REACH who="1" ten="154,129,487,210" step="2"/><V31/><F31/><W107/><G65/><T35/><D89/><U134/><E134/><V25/><F25/><W96/><G117/><T130/><D88/><U76/><E76/><V83/><F83/><W22/><G81/><T60/><D103/><U92/><E92/><V98/><F98/><W13/><G96/><T119/><D97/><U10/><E10/><V34/><F34/><W17/><G17/><T94/><D35/><U121/><E121/><V55/><F55/><W123/><G54/><T41/><D119/><U111/><E111/><V112/><F112/><W18/><G18/><T86/><D9/><U16/><E16/><V64/><F64/><W33/><G123/><T46/><D94/><U127/><E127/><V105/><F105/><W82/><G107/><RYUUKYOKU ba="1,2" sc="154,-15,129,15,487,15,210,-15" hai1="20,23,42,45,50,61,66,70,84,90,95,128,129" hai2="7,11,36,38,39,40,47,49,72,79,80,100,101" /><INIT seed="6,2,2,3,2,46" ten="139,144,502,195" oya="2" hai0="100,58,115,48,126,12,6,16,51,84,69,44,54" hai1="82,20,79,59,122,125,120,94,91,118,21,133,50" hai2="92,60,30,24,81,56,117,66,0,99,132,31,111" hai3="63,72,39,105,101,10,67,97,75,40,68,53,26"/><V23/><F117/><W4/><G53/><N who="0" m="29831" /><D69/><U28/><E118/><V129/><F132/><W128/><G40/><T36/><D36/><U25/><E133/><V112/><F0/><N who="3" m="263" /><G39/><T64/><D115/><U33/><E125/><V38/><F38/><W37/><G37/><T98/><D6/><U95/><E95/><V34/><F112/><W45/><G45/><T14/><D126/><U76/><E76/><V116/><F116/><W119/><G119/><T62/><D84/><U11/><E11/><V29/><F129/><W74/><G26/><T88/><D100/><U2/><E2/><V32/><F111/><W52/><G52/><T70/><D70/><U121/><E59/><V124/><F81/><W7/><G7/><T90/><D98/><N who="1" m="57695" /><E50/><V3/><F3/><W19/><G72/><AGARI ba="2,2" hai="20,21,25,28,33,72,79,82,120,121,122" m="57695" machi="72" ten="30,1000,0" yaku="13,1" doraHai="46" who="1" fromWho="3" sc="139,0,144,36,502,0,195,-16" /><INIT seed="7,0,0,1,5,60" ten="139,180,502,179" oya="3" hai0="48,91,59,99,129,118,7,32,66,29,0,5,96" hai1="72,93,40,84,95,43,45,8,11,52,83,112,90" hai2="126,135,71,111,20,73,12,27,21,125,47,98,85" hai3="88,116,106,76,55,1,102,97,34,9,23,133,24"/><W117/><G34/><T70/><D118/><U38/><E43/><V110/><F73/><W36/><G76/><T100/><D129/><U101/><E112/><V86/><F71/><W78/><G78/><T87/><D0/><U130/><E130/><V123/><F123/><W17/><G36/><T92/><D70/><U18/><E11/><V41/><F12/><W30/><G133/><T124/><D124/><N who="2" m="47722" /><F98/><W119/><G55/><T6/><D48/><U82/><E95/><V44/><F20/><W67/><G88/><T127/><D127/><U61/><E101/><V103/><F103/><W134/><G134/><T49/><D49/><U79/><E93/><V37/><F44/><W51/><G51/><T2/><D2/><U22/><E8/><V57/><F57/><W80/><G80/><T65/><D59/><U19/><E22/><V122/><F122/><W131/><G131/><T58/><D58/><U35/><E35/><V33/><F33/><W115/><G1/><T74/><D74/><U3/><E3/><V16/><F135/><W64/><G115/><T13/><D13/><U26/><E26/><V31/><F31/><W81/><G81/><T39/><D99/><U105/><E105/><V14/><F14/><W109/><G109/><AGARI ba="0,0" hai="16,21,27,37,41,47,85,86,109,110,111" m="47722" machi="109" ten="30,2000,0" yaku="18,1,54,1" doraHai="60" who="2" fromWho="3" sc="139,0,180,0,502,20,179,-20" owari="139,-36.1,180,-2.0,522,62.2,159,-24.1" /></mjloggm>