<mjloggm ver="2.3"><GO type="169" lobby="0"/><UN n0="%54%68%65%72%65%73%61%5F" n1="%E3%83%8F%E3%82%AC%E3%82%BF%E3%82%AB%E3%81%AE%E3%81%88%E3%81%98%E3%81%8D" n2="%70%72%6F%6E%61%72%69" n3="%E3%82%B0%E3%83%B3%E3%83%80%E3%83%AA%E3%83%BC" dan="16,17,16,19" rate="2083.32,2167.50,2140.42,2285.48" sx="M,M,M,M"/><TAIKYOKU oya="0"/><INIT seed="0,0,0,4,4,47" ten="250,250,250,250" oya="0" hai0="109,127,131,78,3,25,20,99,101,40,100,2,12" hai1="38,68,132,85,59,75,124,41,28,87,93,91,8" hai2="36,80,21,58,84,95,76,116,56,55,16,111,121" hai3="27,83,103,45,62,4,128,104,34,70,73,15,50"/><T33/><D127/><U92/><E124/><V26/><F121/><W102/><G128/><T86/><D131/><U51/><E132/><V79/><F111/><W64/><G104/><T118/><D118/><U13/><E75/><V37/><F116/><W53/><G4/><T44/><D109/><U23/><E68/><V54/><F36/><W18/><G27/><T107/><D100/><U126/><E126/><V35/><F37/><W24/><G24/><T82/><D33/><U1/><E38/><V89/><F35/><W122/><G34/><T63/><D63/><U98/><E1/><V134/><F134/><W97/><G122/><T135/><D12/><U32/><E32/><V69/><F69/><W49/><G97/><T74/><D74/><U42/><E23/><V11/><F11/><W57/><G83/><T5/><D5/><N who="1" m="3215" /><E28/><V17/><F17/><W71/><G73/><T112/><D112/><U19/><E19/><V110/><F80/><W22/><REACH who="3" step="1"/><G71/><REACH who="3" ten="250,250,250,240" step="2"/><T10/><D135/><U72/><E72/><V88/><F110/><W7/><G7/><T9/><D2/><U60/><E98/><V14/><F26/><W65/><G65/><T129/><D3/><U123/><E123/><V67/><F67/><W130/><G130/><T31/><REACH who="0" step="1"/><D129/><REACH who="0" ten="240,250,250,240" step="2"/><U117/><E117/><V106/><F106/><W125/><G125/><T114/><D114/><U94/><E87/><V43/><F84/><W115/><G115/><T96/><D96/><U0/><E0/><V61/><F14/><W108/><G108/><T120/><D120/><U119/><E119/><V30/><F79/><RYUUKYOKU ba="0,2" sc="240,15,250,-15,250,-15,240,15" hai0="9,10,20,25,31,40,44,78,82,86,99,101,107" hai3="15,18,22,45,49,50,53,57,62,64,70,102,103" /><INIT seed="0,1,2,2,3,125" ten="255,235,235,255" oya="0" hai0="100,119,47,1,9,129,48,40,80,96,135,56,82" hai1="68,134,105,55,118,7,62,77,17,73,41,4,38" hai2="87,123,50,21,12,35,11,106,65,92,15,57,86" hai3="124,121,18,30,2,114,6,95,67,88,60,36,49"/><T32/><D119/><U54/><E105/><V29/><F106/><W93/><G114/><T45/><D32/><U117/><E134/><V98/><F35/><W53/><G36/><T64/><D135/><U39/><E17/><V81/><F123/><W85/><G121/><T5/><D129/><U104/><E104/><V16/><F81/><W101/><G124/><T91/><D91/><U84/><E84/><V24/><F12/><W8/><G18/><T37/><D56/><U26/><E26/><V132/><F132/><W25/><G49/><T99/><D64/><U20/><E20/><V79/><F79/><W58/><G101/><T89/><D89/><U97/><E97/><V34/><F34/><W13/><G2/><T109/><D109/><U63/><E77/><V46/><F57/><W90/><G25/><T122/><D99/><U43/><REACH who="1" step="1"/><E68/><REACH who="1" ten="255,225,235,255" step="2"/><V61/><F98/><N who="3" m="57639" /><G30/><T74/><D122/><U116/><E116/><V70/><REACH who="2" step="1"/><F92/><REACH who="2" ten="255,225,225,255" step="2"/><W126/><G126/><T14/><D74/><AGARI ba="1,4" hai="4,7,38,39,41,43,54,55,62,63,73,74,117,118" machi="74" ten="25,3200,0" yaku="1,1,22,2,53,0" doraHai="125" doraHaiUra="131" who="1" fromWho="0" sc="255,-35,225,75,225,0,255,0" /><INIT seed="1,0,0,0,4,103" ten="220,300,225,255" oya="1" hai0="133,16,1,55,124,97,56,50,115,96,121,82,36" hai1="31,66,75,118,22,105,73,113,88,94,3,4,45" hai2="84,70,86,79,57,91,41,47,87,92,90,102,112" hai3="71,35,83,42,109,108,64,8,99,111,25,78,116"/><U65/><E113/><V63/><F70/><W49/><G116/><T6/><D115/><U60/><E118/><V127/><F127/><W15/><G71/><T68/><D124/><U20/><E105/><V9/><F112/><W58/><G99/><T18/><D133/><U126/><E126/><V134/><F134/><W48/><G42/><T28/><D28/><U30/><E45/><V106/><F79/><W44/><G25/><T98/><D36/><U51/><E51/><V122/><F9/><W119/><G35/><T128/><D128/><U54/><E54/><V39/><F122/><W11/><G11/><T135/><D135/><U69/><E66/><V95/><F102/><W32/><G32/><T76/><D121/><U38/><E38/><V2/><F2/><W12/><G12/><T27/><D68/><U10/><E31/><V26/><F26/><W80/><G80/><T130/><D130/><U23/><REACH who="1" step="1"/><E30/><REACH who="1" ten="220,290,225,255" step="2"/><V89/><REACH who="2" step="1"/><F106/><REACH who="2" ten="220,290,215,255" step="2"/><W132/><G132/><T72/><D1/><U46/><E46/><V67/><AGARI ba="0,2" hai="39,41,47,57,63,67,84,86,87,89,90,91,92,95" machi="67" ten="30,7900,0" yaku="1,1,2,1,0,1,53,1" doraHai="103" doraHaiUra="37" who="2" fromWho="2" sc="220,-20,290,-39,215,99,255,-20" /><INIT seed="2,0,0,3,4,2" ten="200,251,314,235" oya="2" hai0="10,68,91,42,27,25,108,33,45,134,58,74,4" hai1="135,20,130,122,116,51,94,18,7,107,131,78,11" hai2="89,124,55,85,48,109,37,93,72,41,34,54,36" hai3="61,63,3,56,97,75,21,46,114,28,73,1,95"/><V105/><F34/><W111/><G111/><T29/><D68/><U69/><E69/><V121/><F121/><W128/><G128/><N who="1" m="49194" /><E107/><V60/><F72/><W0/><G114/><T39/><D108/><U59/><E116/><V99/><F124/><W53/><G46/><T77/><D134/><U64/><E78/><V87/><F36/><W84/><G84/><T47/><D58/><U90/><E135/><V115/><F37/><W102/><REACH who="3" step="1"/><G61/><REACH who="3" ten="200,251,314,225" step="2"/><T92/><D45/><U81/><E122/><V13/><F60/><W66/><G66/><T118/><D118/><U22/><E64/><V106/><F85/><W127/><G127/><T49/><D39/><U113/><E113/><V71/><F115/><W83/><G83/><T101/><D74/><U98/><E81/><V9/><F87/><W38/><G38/><T43/><D47/><U103/><E51/><V26/><F48/><W129/><G129/><T50/><D49/><U40/><E40/><V80/><F80/><W5/><G5/><T79/><D50/><U104/><E7/><V76/><F41/><W119/><G119/><T67/><D4/><U110/><E110/><V35/><F109/><W31/><G31/><T100/><D29/><U30/><E30/><V126/><F126/><W96/><G96/><T8/><D67/><U120/><E120/><V19/><F99/><W123/><G123/><T82/><D82/><U32/><E98/><V17/><F17/><W16/><G16/><T12/><D43/><U86/><E18/><V62/><F19/><W70/><G70/><T117/><D42/><U57/><E86/><RYUUKYOKU ba="0,1" sc="200,-10,251,-10,314,-10,225,30" hai3="0,1,3,21,28,53,56,63,73,75,95,97,102" /><INIT seed="3,1,1,0,3,72" ten="190,241,304,255" oya="3" hai0="132,56,24,89,79,74,15,49,70,128,6,62,13" hai1="51,134,82,32,65,108,102,76,63,27,30,25,16" hai2="100,121,3,71,33,126,7,87,135,5,20,131,64" hai3="94,44,123,42,66,95,113,125,97,58,0,67,55"/><W36/><G113/><T57/><D128/><U80/><E108/><V54/><F54/><W96/><G125/><T31/><D132/><U14/><E134/><V84/><F20/><W61/><G0/><T130/><D130/><U26/><E102/><V90/><F90/><W77/><G123/><T1/><D70/><U45/><E82/><V81/><F64/><W37/><G37/><T114/><D114/><U69/><E51/><V85/><F85/><W52/><G77/><T41/><D89/><U93/><E45/><V46/><F87/><W88/><REACH who="3" step="1"/><G66/><REACH who="3" ten="190,241,304,245" step="2"/><T12/><D79/><U28/><E32/><V111/><F3/><W73/><G73/><T133/><D74/><U98/><E76/><V29/><F33/><W4/><G4/><T48/><D1/><U8/><E80/><V18/><F5/><W104/><G104/><T119/><D6/><U78/><E78/><V9/><F81/><W101/><AGARI ba="1,2" hai="36,42,44,52,55,58,61,67,88,94,95,96,97,101" machi="101" ten="20,12000,1" yaku="1,1,0,1,7,1,54,2,53,0" doraHai="72" doraHaiUra="83" who="3" fromWho="3" sc="190,-41,241,-41,304,-41,245,143" /><INIT seed="3,2,0,4,2,127" ten="149,200,263,388" oya="3" hai0="75,84,53,98,129,128,39,48,122,66,49,45,95" hai1="117,58,134,26,7,64,108,103,34,28,60,24,100" hai2="72,96,73,104,11,42,107,30,82,102,27,46,106" hai3="38,74,125,110,62,87,67,88,93,121,132,43,9"/><W14/><G121/><T105/><D75/><U19/><E108/><V109/><F109/><W61/><G110/><T92/><D122/><U135/><E117/><V1/><F72/><W112/><G112/><T35/><D35/><U120/><E7/><V56/><F56/><W91/><G125/><T124/><D124/><U133/><REACH who="1" step="1"/><E120/><REACH who="1" ten="149,190,263,388" step="2"/><V130/><F1/><W40/><G132/><T126/><D126/><U4/><E4/><V25/><F107/><W80/><G38/><T101/><D39/><U83/><E83/><V85/><F82/><W31/><G74/><T33/><D33/><U10/><E10/><V12/><F11/><W16/><G31/><T79/><D66/><U6/><E6/><V23/><F104/><W0/><G0/><T69/><D69/><U113/><E113/><V55/><F106/><W65/><G65/><T20/><D20/><AGARI ba="2,1" hai="19,20,24,26,28,34,58,60,64,100,103,133,134,135" machi="20" ten="40,2600,0" yaku="1,1,20,1,53,0" doraHai="127" doraHaiUra="68" who="1" fromWho="0" sc="149,-32,190,42,263,0,388,0" /><INIT seed="4,0,0,5,5,33" ten="117,232,263,388" oya="0" hai0="51,82,98,114,6,34,7,115,87,104,127,112,26" hai1="14,126,122,49,39,35,31,1,74,62,24,102,111" hai2="13,96,116,30,0,25,106,125,92,45,12,19,2" hai3="73,44,107,117,5,132,94,109,83,8,119,91,130"/><T118/><D118/><U15/><E74/><V77/><F116/><W29/><G109/><T120/><D120/><U50/><E122/><V113/><F106/><W46/><G107/><T52/><D127/><U86/><E39/><V85/><F113/><W10/><G29/><N who="0" m="19767" /><D98/><U93/><E1/><V18/><F125/><W64/><G64/><T40/><D40/><U90/><E126/><V129/><F129/><W79/><G130/><T54/><D104/><U20/><E111/><V3/><F45/><W78/><G78/><N who="0" m="46551" /><D54/><U66/><E102/><V108/><F108/><W67/><G79/><T124/><D124/><U105/><E105/><V37/><F37/><W99/><G99/><T42/><D42/><U81/><E81/><V38/><F38/><W103/><G103/><T128/><D128/><U89/><E89/><V57/><F57/><AGARI ba="0,0" hai="6,7,51,52,57,112,114,115" m="46551,19767" machi="57" ten="30,2900,0" yaku="15,1,54,1" doraHai="33" who="0" fromWho="2" sc="117,29,232,0,263,-29,388,0" /><INIT seed="4,1,0,1,1,57" ten="146,232,234,388" oya="0" hai0="16,132,86,81,38,96,42,75,123,82,8,66,52" hai1="131,88,25,69,48,64,12,6,133,98,56,95,76" hai2="97,109,17,9,11,39,93,103,33,28,108,122,67" hai3="59,118,72,19,44,60,51,121,31,40,92,22,90"/><T24/><D123/><U117/><E117/><V43/><F122/><W124/><G124/><T126/><D126/><U106/><E69/><V3/><F39/><W45/><G72/><T85/><D132/><U101/><E133/><V135/><F43/><W114/><G114/><T110/><D110/><U41/><E131/><V77/><F77/><W102/><G118/><T70/><D96/><U54/><E76/><V20/><F67/><W34/><G34/><T104/><D104/><U46/><E64/><V50/><F50/><W58/><G58/><T65/><D75/><U36/><E25/><V23/><F23/><W116/><G116/><T80/><D42/><U49/><E12/><V107/><F9/><W83/><G45/><T29/><D38/><U18/><E18/><V84/><F84/><N who="0" m="32362" /><D70/><U115/><E6/><V89/><F107/><W37/><G37/><T63/><D29/><U112/><E36/><V21/><F28/><W73/><G31/><T105/><D105/><U4/><E4/><V1/><F33/><W99/><G73/><T32/><D32/><U55/><E41/><V35/><F35/><W128/><G121/><T47/><D47/><U30/><E30/><V68/><F68/><W134/><G134/><T127/><D127/><U119/><E119/><V120/><F135/><W100/><G128/><T10/><D10/><U0/><E0/><V27/><F120/><W125/><G125/><T5/><D5/><U78/><E78/><V129/><F129/><W71/><G71/><T94/><D94/><U74/><E74/><V91/><F109/><W62/><G40/><RYUUKYOKU ba="1,0" sc="146,-10,232,30,234,-10,388,-10" hai1="46,48,49,54,55,56,88,95,98,101,106,112,115" /><INIT seed="5,2,0,0,5,65" ten="136,262,224,378" oya="1" hai0="90,107,67,28,53,117,133,40,20,125,64,130,119" hai1="8,114,63,124,59,74,2,94,18,7,26,69,22" hai2="105,35,47,96,48,109,34,129,85,45,79,102,112" hai3="0,91,126,60,27,14,49,87,72,84,75,70,89"/><U33/><E74/><V134/><F109/><W9/><G0/><T1/><D1/><U29/><E114/><V108/><F108/><W21/><G126/><T93/><D107/><U52/><E124/><V6/><F134/><W36/><G36/><T32/><D125/><U77/><E77/><V56/><F129/><W92/><G49/><T98/><D130/><U80/><E80/><V38/><F38/><W41/><G41/><T81/><D133/><U24/><E94/><V57/><F45/><W5/><G60/><T116/><D32/><U111/><REACH who="1" step="1"/><E111/><REACH who="1" ten="136,252,224,378" step="2"/><V110/><F79/><W31/><G70/><AGARI ba="2,1" hai="2,7,8,18,22,24,26,29,33,52,59,63,69,70" machi="70" ten="40,18000,2" yaku="1,1,2,1,52,2,54,1,53,1" doraHai="65" doraHaiUra="30" who="1" fromWho="3" sc="136,0,252,196,224,0,378,-186" /><INIT seed="5,3,0,0,5,66" ten="136,448,224,192" oya="1" hai0="6,98,88,69,35,119,48,120,14,63,75,72,100" hai1="76,73,23,68,51,42,108,45,77,125,61,8,22" hai2="103,3,106,111,9,80,79,18,127,50,56,132,114" hai3="104,29,54,46,30,133,74,49,44,107,52,55,15"/><U19/><E19/><V135/><F111/><W78/><G133/><T118/><D35/><U36/><E108/><V37/><F103/><W10/><G78/><T81/><D120/><U124/><E36/><V12/><F106/><W31/><G74/><T53/><D75/><U40/><E8/><V96/><F96/><W122/><G122/><T2/><D2/><U58/><E40/><V16/><F127/><N who="1" m="48713" /><E68/><V126/><F126/><W109/><G109/><T4/><D72/><U1/><E1/><V60/><F3/><W38/><G38/><T43/><D43/><U87/><E73/><V89/><F37/><W86/><G86/><T128/><D14/><U91/><E87/><V47/><F18/><W95/><G95/><T21/><D119/><U113/><E91/><V33/><F89/><W11/><G11/><T65/><D118/><U134/><E134/><V5/><F135/><W115/><G115/><T85/><D21/><N who="1" m="7691" /><E113/><V112/><F132/><W70/><G70/><T129/><D129/><U39/><E39/><V20/><F114/><W101/><G101/><T25/><D128/><U0/><E0/><V131/><F131/><W17/><REACH who="3" step="1"/><G46/><REACH who="3" ten="136,448,224,182" step="2"/><T26/><D4/><U67/><AGARI ba="3,1" hai="42,45,51,58,61,67,76,77" m="7691,48713" machi="67" ten="30,1500,0" yaku="18,1" doraHai="66" who="1" fromWho="1" sc="136,-8,448,34,224,-8,182,-8" /><INIT seed="5,4,0,3,5,13" ten="128,482,216,174" oya="1" hai0="116,16,133,104,2,8,54,96,56,37,17,11,79" hai1="73,1,59,114,61,101,31,10,74,42,39,126,118" hai2="40,86,28,90,113,105,82,12,33,125,36,130,57" hai3="30,132,119,26,18,135,88,15,85,41,32,55,89"/><U25/><E114/><V72/><F125/><W46/><G55/><T115/><D116/><U62/><E118/><V70/><F70/><W48/><G119/><T98/><D115/><U19/><E126/><V123/><F130/><W7/><G7/><T45/><D133/><N who="3" m="51273" /><G85/><T122/><D122/><U111/><E101/><V128/><F128/><W34/><G34/><T134/><D134/><U120/><E120/><V67/><F86/><W65/><G65/><T129/><D129/><U103/><E103/><V69/><F67/><W77/><G77/><T44/><D104/><U76/><E111/><V75/><F75/><W83/><G83/><T84/><D37/><U87/><E42/><V38/><F40/><W108/><G108/><T53/><D2/><U91/><E39/><V109/><F82/><W95/><G95/><T23/><D84/><U81/><E62/><V27/><F33/><W24/><G24/><T66/><D66/><U93/><E1/><V58/><F27/><W64/><G64/><T35/><D35/><U5/><E31/><V52/><F52/><N who="0" m="20074" /><D56/><U9/><E59/><V60/><F72/><W92/><G92/><T49/><D79/><U99/><E61/><V51/><F105/><W68/><G68/><T131/><D131/><U21/><E10/><AGARI ba="4,0" hai="10,15,18,26,30,32,41,46,48,88,89" m="51273" machi="10" ten="30,3900,0" yaku="20,1,52,1,54,1" doraHai="13" who="3" fromWho="1" sc="128,0,482,-51,216,0,174,51" /><INIT seed="6,0,0,3,5,70" ten="128,431,216,225" oya="2" hai0="10,50,79,15,76,64,22,98,118,80,71,132,5" hai1="11,57,49,20,81,59,100,106,74,56,93,23,58" hai2="21,2,104,116,131,68,89,101,38,65,110,18,119" hai3="84,51,86,88,77,45,12,127,94,102,42,128,73"/><V91/><F2/><W28/><G128/><T69/><D132/><U67/><E106/><V40/><F131/><W55/><G127/><T24/><D118/><U17/><E74/><V75/><F75/><W13/><G73/><T96/><D79/><U27/><E81/><V0/><F0/><W36/><G28/><T126/><D126/><U25/><E11/><V115/><F115/><W72/><G72/><T112/><D112/><U129/><E129/><V6/><F6/><W34/><G34/><T46/><D69/><U85/><E85/><V32/><F32/><W78/><G78/><T83/><D64/><U114/><E114/><V95/><F89/><W37/><G102/><T3/><D71/><U53/><E67/><V97/><F65/><W44/><REACH who="3" step="1"/><G37/><REACH who="3" ten="128,431,216,215" step="2"/><T4/><D3/><U62/><E100/><V107/><F101/><W124/><G124/><T103/><D103/><U35/><E35/><V122/><F119/><W41/><G41/><T109/><D109/><U120/><E120/><V63/><F122/><W99/><G99/><T16/><D4/><U121/><E121/><V14/><F116/><W130/><G130/><T117/><D117/><U82/><E62/><V1/><F110/><W125/><G125/><T60/><D60/><U19/><E82/><AGARI ba="0,1" hai="12,13,36,42,44,45,51,55,77,82,84,86,88,94" machi="82" ten="40,8000,1" yaku="1,1,52,1,54,1,53,2" doraHai="70" doraHaiUra="43" who="3" fromWho="1" sc="128,0,431,-80,216,0,215,90" /><INIT seed="7,0,0,5,4,18" ten="128,351,216,305" oya="3" hai0="87,94,6,39,53,93,96,99,76,49,19,52,92" hai1="12,118,75,26,45,97,17,30,58,117,109,66,38" hai2="37,78,10,51,67,126,72,50,55,82,124,69,0" hai3="4,133,107,9,105,63,73,113,131,129,130,125,22"/><W111/><G73/><T112/><D39/><U41/><E75/><V60/><F37/><W84/><G113/><T43/><D6/><U88/><E109/><V102/><F102/><W27/><G111/><T132/><D132/><U85/><E97/><V80/><F80/><W29/><G133/><T35/><D35/><U44/><E58/><V108/><F108/><W14/><G125/><N who="2" m="48233" /><F55/><W89/><G63/><T115/><D43/><U74/><E66/><V7/><AGARI ba="0,0" hai="0,7,10,50,51,60,67,69,72,78,82" m="48233" machi="7" ten="30,1100,0" yaku="18,1" doraHai="18" who="2" fromWho="2" sc="128,-3,351,-3,216,11,305,-5" owari="125,-37.5,348,44.8,227,-17.3,300,10.0" /></mjloggm>