<mjloggm ver="2.3"><GO type="169" lobby="0"/><UN n0="%E6%A1%9C%E5%B0%8F%E8%B7%AF%E6%89%8D%E8%8F%AF" n1="%E5%B8%B0%E3%82%8A%E3%81%9F%E3%81%84%E3%80%82" n2="%66%53" n3="%E3%81%82%E3%81%84%E3%81%93%E3%81%99" dan="16,17,16,16" rate="2182.92,2205.29,2109.11,2132.60" sx="M,M,M,M"/><TAIKYOKU oya="0"/><INIT seed="0,0,0,1,0,57" ten="250,250,250,250" oya="0" hai0="19,22,69,84,94,89,71,90,83,65,79,40,62" hai1="86,77,73,34,100,31,48,29,25,0,9,17,87" hai2="50,105,12,10,21,8,95,47,41,5,56,81,49" hai3="125,36,88,112,93,67,51,52,59,7,60,85,53"/><T96/><D40/><U55/><E100/><V110/><F105/><W82/><G125/><T106/><D106/><U120/><E120/><V76/><F110/><W30/><G112/><T63/><D79/><U117/><E117/><V15/><F95/><W14/><G36/><T132/><D132/><U111/><E111/><V92/><F92/><W130/><G130/><T13/><REACH who="0" step="1"/><D63/><REACH who="0" ten="240,250,250,250" step="2"/><U35/><E77/><V66/><F21/><W114/><G114/><T131/><D131/><U43/><E43/><V11/><F11/><N who="3" m="4479" /><G30/><T119/><D119/><U126/><E31/><V3/><F8/><W102/><G51/><T24/><D24/><U45/><E25/><V75/><F50/><W116/><G116/><T23/><D23/><U101/><E29/><V135/><F135/><W97/><AGARI ba="0,1" hai="52,53,59,60,67,82,85,88,93,97,102" m="4479" machi="97" ten="30,7900,0" yaku="8,1,52,1,54,2" doraHai="57" who="3" fromWho="3" sc="240,-39,250,-20,250,-20,250,89" /><INIT seed="1,0,0,4,2,112" ten="201,230,230,339" oya="1" hai0="54,27,36,29,48,6,92,51,43,106,82,22,107" hai1="78,63,14,76,68,13,2,77,17,122,73,25,18" hai2="104,125,102,7,118,89,74,117,39,95,110,133,128" hai3="120,58,10,87,41,132,83,90,86,135,37,35,69"/><U56/><E122/><V24/><F39/><W66/><G120/><T8/><D36/><U62/><E2/><V57/><F74/><W40/><G35/><T103/><D82/><U85/><E73/><V34/><F110/><W134/><G69/><T47/><D92/><U71/><E25/><V59/><F125/><W65/><G10/><T52/><D103/><U1/><E1/><V55/><F128/><W88/><G37/><T12/><REACH who="0" step="1"/><D43/><REACH who="0" ten="191,230,230,339" step="2"/><N who="3" m="16457" /><G58/><AGARI ba="0,1" hai="6,8,12,22,27,29,47,48,51,52,54,58,106,107" machi="58" ten="30,3900,0" yaku="1,1,7,1,54,1,53,0" doraHai="112" doraHaiUra="15" who="0" fromWho="3" sc="191,49,230,0,230,0,339,-39" /><INIT seed="2,0,0,3,1,133" ten="240,230,230,300" oya="2" hai0="62,105,111,102,63,101,12,77,100,83,22,4,50" hai1="57,107,129,131,61,123,116,127,29,60,35,86,112" hai2="2,42,110,68,26,11,54,124,33,55,84,128,38" hai3="52,9,13,16,82,69,21,14,30,122,81,67,80"/><V39/><F68/><W64/><G122/><T43/><D111/><U70/><E107/><V135/><F110/><W103/><G103/><T90/><D105/><U19/><E35/><V41/><F135/><W23/><G69/><T10/><D90/><U99/><E29/><V5/><F33/><W46/><G30/><T79/><D22/><N who="3" m="8201" /><G14/><T108/><D108/><U117/><E19/><V98/><F26/><W93/><G93/><T47/><REACH who="0" step="1"/><D79/><REACH who="0" ten="230,230,230,300" step="2"/><U126/><E117/><V78/><F78/><W65/><G82/><T18/><D18/><U28/><E116/><V85/><F11/><W92/><G92/><T58/><D58/><U74/><E57/><V59/><F59/><W118/><G118/><T109/><D109/><U115/><E70/><V125/><F5/><W36/><G81/><T106/><D106/><U37/><E28/><V34/><F34/><W49/><G80/><T130/><D130/><U120/><E131/><V27/><F128/><W0/><G0/><T17/><D17/><U24/><E129/><V31/><F31/><W95/><G95/><T96/><D96/><U73/><E99/><V134/><F98/><W66/><N who="3" m="16384" /><DORA hai="25" /><W87/><G87/><AGARI ba="0,1" hai="4,10,12,43,47,50,62,63,77,83,87,100,101,102" machi="87" ten="40,8000,1" yaku="1,1,25,2,8,1,53,0" doraHai="133,25" doraHaiUra="32,113" who="0" fromWho="3" sc="230,90,230,0,230,0,300,-80" /><INIT seed="3,0,0,0,5,74" ten="320,230,230,220" oya="3" hai0="83,105,97,84,109,1,24,4,11,94,65,71,29" hai1="73,59,36,89,115,122,79,88,133,110,131,45,64" hai2="101,0,43,86,80,21,34,78,67,126,117,16,17" hai3="82,47,102,12,85,13,98,26,72,35,132,7,100"/><W123/><G123/><T99/><D109/><U50/><E122/><V55/><F117/><W41/><G132/><T19/><D19/><U48/><E36/><V129/><F34/><W6/><G72/><T31/><D105/><U130/><E115/><V27/><F126/><W63/><G63/><T46/><D46/><U116/><E50/><V42/><F129/><N who="1" m="49161" /><E116/><V28/><F0/><W106/><G102/><T57/><D71/><U121/><E121/><V66/><F101/><W22/><G35/><T118/><D118/><U25/><E25/><V70/><F70/><W114/><G114/><T10/><D10/><U18/><E18/><N who="2" m="7275" /><F55/><W103/><G103/><T62/><D94/><U30/><E30/><V14/><F14/><W40/><G13/><T127/><D127/><U76/><E73/><V52/><F52/><W119/><G119/><T33/><D31/><U58/><E110/><V87/><F86/><W54/><G54/><T96/><D96/><U91/><E133/><V51/><F51/><W104/><G104/><T53/><D53/><N who="1" m="29839" /><E58/><V49/><F49/><W61/><G106/><T75/><D75/><U95/><E95/><V120/><F120/><W5/><G100/><T135/><D135/><U125/><E125/><V8/><F8/><W2/><G2/><T23/><D33/><U92/><E92/><V113/><F113/><W39/><G39/><T44/><D44/><U3/><E3/><V32/><F32/><W107/><G47/><T77/><AGARI ba="0,0" hai="1,4,11,23,24,29,57,62,65,77,83,84,97,99" machi="77" ten="20,2700,0" yaku="0,1,7,1,52,1" doraHai="74" who="0" fromWho="0" sc="320,27,230,-7,230,-7,220,-13" /><INIT seed="4,0,0,2,0,28" ten="347,223,223,207" oya="0" hai0="26,42,27,65,25,108,73,94,115,62,30,51,102" hai1="135,60,9,119,126,48,0,129,61,31,133,123,46" hai2="41,53,70,14,128,47,63,96,11,44,91,3,98" hai3="17,77,90,122,6,32,87,81,35,8,112,20,89"/><T19/><D73/><U110/><E119/><V50/><F128/><W12/><G112/><T104/><D115/><U127/><E31/><V36/><F3/><W29/><G122/><T23/><D108/><U18/><E123/><V84/><F70/><W58/><G58/><T111/><D111/><U75/><E75/><V45/><F63/><N who="1" m="24137" /><E18/><V120/><F120/><W64/><G64/><T83/><D104/><U59/><E59/><V99/><F45/><W13/><REACH who="3" step="1"/><G29/><REACH who="3" ten="347,223,223,197" step="2"/><T131/><D30/><U134/><E110/><V15/><REACH who="2" step="1"/><F11/><REACH who="2" ten="347,223,213,197" step="2"/><W125/><G125/><T37/><D131/><U97/><E129/><V121/><F121/><W93/><G93/><AGARI ba="0,2" hai="14,15,36,41,44,47,50,53,84,91,93,96,98,99" machi="93" ten="40,2600,0" yaku="1,1,53,1" doraHai="28" doraHaiUra="85" who="2" fromWho="3" sc="347,0,223,0,213,46,197,-26" /><INIT seed="5,0,0,2,0,19" ten="347,223,259,171" oya="1" hai0="42,81,30,85,51,93,108,25,109,130,52,60,61" hai1="115,73,35,72,100,113,68,4,37,111,58,59,89" hai2="123,122,121,74,97,75,20,13,3,24,0,63,104" hai3="67,76,9,94,78,46,79,53,135,10,69,33,88"/><U131/><E68/><V90/><F13/><W82/><G33/><T62/><D130/><U91/><E35/><V26/><F63/><W77/><G135/><T118/><D118/><U28/><E37/><V98/><F90/><N who="1" m="34313" /><E28/><V55/><F55/><W31/><G31/><T103/><D42/><U2/><E100/><V65/><F65/><W23/><G67/><T27/><D93/><U39/><E39/><V95/><F95/><W8/><G69/><T6/><D103/><U29/><E29/><V34/><F34/><W45/><G53/><T101/><D101/><U80/><E80/><V14/><F14/><W17/><N who="3" m="19456" /><DORA hai="120" /><W71/><G82/><T22/><D6/><U86/><E86/><V5/><F5/><W126/><G71/><T127/><D81/><U44/><E44/><V21/><REACH who="2" step="1"/><F122/><REACH who="2" ten="347,223,249,171" step="2"/><W12/><REACH who="3" step="1"/><G126/><REACH who="3" ten="347,223,249,161" step="2"/><T48/><D127/><U70/><E70/><V18/><F18/><W41/><G41/><T99/><D52/><U15/><E59/><V114/><F114/><W119/><G119/><T66/><D66/><U117/><E58/><V84/><F84/><AGARI ba="0,2" hai="8,9,10,12,17,23,45,46,84,88,94" m="19456" machi="84" ten="50,8000,1" yaku="1,1,8,1,52,1,54,1,53,0" doraHai="19,120" doraHaiUra="102,105" who="3" fromWho="2" sc="347,0,223,0,249,-80,161,100" /><INIT seed="6,0,0,1,4,118" ten="347,223,169,261" oya="2" hai0="57,91,111,102,110,93,12,55,132,16,47,97,89" hai1="17,134,76,116,109,32,75,84,3,31,115,18,126" hai2="79,99,48,8,133,100,14,77,104,5,83,130,82" hai3="124,26,122,71,41,35,88,24,120,53,27,28,90"/><V52/><F130/><W123/><G71/><T69/><D69/><U25/><E109/><V56/><REACH who="2" step="1"/><F133/><REACH who="2" ten="347,223,159,261" step="2"/><W63/><G124/><T85/><D132/><U44/><E134/><V131/><F131/><W103/><G103/><T54/><D111/><U34/><E126/><V13/><F13/><W106/><G106/><T29/><D110/><U107/><E107/><V95/><F95/><W38/><G35/><T45/><D102/><U87/><E34/><V59/><F59/><W119/><G119/><T70/><D57/><U67/><E32/><V94/><F94/><W96/><G28/><T81/><D29/><U51/><E116/><V127/><F127/><W112/><G112/><T46/><D70/><U22/><E115/><V72/><F72/><W0/><G0/><T66/><D12/><U20/><E3/><V92/><F92/><W60/><G96/><T36/><D93/><U7/><E75/><V125/><F125/><W65/><G65/><T1/><D66/><U108/><E108/><V86/><F86/><W50/><G38/><T129/><D36/><U23/><E87/><V30/><F30/><W73/><G73/><T114/><D129/><U98/><E98/><V42/><F42/><W135/><G41/><T113/><D1/><U6/><E67/><V11/><F11/><W78/><G135/><T19/><D114/><U33/><E33/><V4/><F4/><W2/><G2/><T40/><D40/><N who="1" m="24967" /><E6/><V64/><F64/><W39/><G39/><T58/><D113/><U117/><E7/><V10/><F10/><W9/><G9/><T61/><D55/><RYUUKYOKU ba="0,1" sc="347,15,223,-15,159,15,261,-15" hai0="16,19,45,46,47,54,58,61,81,85,89,91,97" hai2="5,8,14,48,52,56,77,79,82,83,99,100,104" /><INIT seed="6,1,1,5,1,20" ten="362,208,174,246" oya="2" hai0="75,87,25,102,8,122,16,96,74,45,22,71,13" hai1="23,129,18,112,47,128,41,80,27,123,63,2,94" hai2="107,97,73,77,89,66,79,68,108,126,39,100,84" hai3="32,9,62,17,69,5,124,37,67,109,120,55,92"/><V31/><F39/><W53/><G120/><T90/><D71/><U78/><E2/><V70/><F126/><W48/><G109/><T81/><D45/><U64/><E94/><V98/><F108/><W116/><G116/><T117/><D122/><U85/><E112/><V105/><F66/><W61/><G37/><T88/><D90/><U118/><E118/><V46/><F46/><W21/><G32/><T101/><D101/><U35/><E35/><V56/><F56/><W57/><G92/><T0/><D0/><U134/><E134/><V135/><F135/><W103/><G103/><T14/><D14/><U114/><E114/><V127/><F127/><W38/><G38/><T3/><D3/><U72/><E72/><V125/><F125/><W86/><G86/><T104/><D117/><U11/><E11/><V132/><F132/><W28/><G28/><AGARI ba="1,1" hai="8,13,16,22,25,28,74,75,81,87,88,96,102,104" machi="28" ten="30,7700,0" yaku="7,1,52,1,54,2" doraHai="20" who="0" fromWho="3" sc="362,90,208,0,174,0,246,-80" /><INIT seed="7,0,0,5,3,88" ten="452,208,174,166" oya="3" hai0="83,81,5,128,111,48,24,80,119,102,15,97,22" hai1="57,84,59,58,133,41,51,125,118,54,0,9,99" hai2="93,75,79,63,45,61,77,73,94,66,20,11,28" hai3="132,85,68,105,8,113,16,49,25,14,70,23,117"/><W42/><G117/><T101/><D111/><U38/><E118/><V29/><F11/><W7/><G113/><T47/><D119/><U92/><E125/><V104/><F104/><W46/><G132/><T60/><D128/><U64/><E64/><V32/><F32/><W44/><G105/><T96/><D60/><N who="2" m="23114" /><F66/><W21/><G85/><T91/><D15/><U107/><E107/><V87/><F45/><W110/><G110/><T100/><D5/><U50/><E84/><V62/><F62/><W27/><REACH who="3" step="1"/><G46/><REACH who="3" ten="452,208,174,156" step="2"/><T76/><D47/><U114/><E114/><V89/><F75/><W122/><G122/><T6/><D83/><U72/><E133/><V135/><F135/><W55/><G55/><T12/><D81/><U17/><E54/><V98/><F73/><W52/><G52/><T129/><D80/><U127/><E72/><V10/><F10/><W124/><G124/><T18/><D129/><U30/><E127/><V2/><F2/><W26/><G26/><T131/><D131/><U82/><E82/><V67/><F67/><W13/><G13/><T53/><D12/><U56/><E0/><V116/><F116/><W112/><G112/><T71/><D24/><U90/><E9/><V69/><F69/><W19/><AGARI ba="0,1" hai="7,8,14,16,19,21,23,25,27,42,44,49,68,70" machi="19" ten="20,18000,2" yaku="1,1,0,1,7,1,9,1,54,1,53,1" doraHai="88" doraHaiUra="36" who="3" fromWho="3" sc="452,-60,208,-60,174,-60,156,190" /><INIT seed="7,1,0,5,1,1" ten="392,148,114,346" oya="3" hai0="32,90,39,62,85,101,21,66,11,36,83,96,98" hai1="111,24,22,74,0,38,126,117,27,134,17,47,12" hai2="30,82,9,57,79,41,97,44,28,87,105,125,84" hai3="20,61,119,115,3,29,109,63,68,131,129,116,37"/><W55/><G3/><T14/><D32/><U73/><E111/><V88/><F125/><W7/><G7/><T76/><D21/><U107/><E107/><V59/><F105/><W71/><G20/><T64/><D76/><U46/><E0/><V2/><F97/><W94/><G29/><T52/><D98/><U15/><E134/><V48/><F28/><W132/><G94/><N who="0" m="58519" /><D39/><U43/><E126/><V34/><F34/><W121/><G109/><T133/><D36/><U130/><E130/><N who="3" m="49674" /><G121/><T4/><D133/><U26/><E12/><V127/><F127/><W113/><G37/><T100/><D100/><U67/><E67/><V53/><F30/><W114/><G132/><T86/><D86/><U16/><E17/><V65/><F65/><N who="3" m="41007" /><G71/><T19/><D4/><U128/><E128/><V45/><F2/><W81/><G81/><T80/><D80/><U31/><E31/><V103/><F103/><W56/><AGARI ba="1,0" hai="55,56,63,113,114,115,116,119" m="41007,49674" machi="56" ten="40,12000,1" yaku="15,1,19,1,34,2" doraHai="1" who="3" fromWho="3" sc="392,-41,148,-41,114,-41,346,123" owari="351,15.1,107,-29.3,73,-42.7,469,56.9" /></mjloggm>