<mjloggm ver="2.3"><GO type="169" lobby="0"/><UN n0="%E3%81%86%E3%81%A3%E3%81%8B%E3%82%8A" n1="%E3%82%B9%E3%83%86%E3%82%A3%E3%82%A2" n2="%68%69%72%61%6A%75%6E" n3="%E3%83%91%E3%82%A1%E3%82%AF" dan="16,17,16,18" rate="2110.38,2125.41,2069.07,2242.95" sx="M,M,M,M"/><TAIKYOKU oya="0"/><INIT seed="0,0,0,0,2,64" ten="250,250,250,250" oya="0" hai0="132,110,123,78,54,117,106,25,39,62,135,108,85" hai1="50,6,91,28,128,12,34,13,99,83,112,100,76" hai2="29,52,53,77,127,59,45,0,56,72,73,96,37" hai3="19,105,129,67,104,60,10,86,126,41,18,66,9"/><T71/><D106/><U22/><E128/><V23/><F0/><W32/><G129/><T109/><D117/><U55/><E34/><V97/><F127/><W20/><G32/><T120/><D25/><U102/><E112/><V42/><F29/><W68/><G41/><T61/><D78/><U48/><E91/><V130/><F130/><W31/><G31/><T7/><D85/><N who="1" m="48359" /><E48/><V33/><F33/><W38/><G86/><T90/><D90/><U47/><E99/><V131/><F23/><W5/><G38/><T98/><D7/><U81/><E81/><V101/><F131/><W70/><G20/><T82/><D82/><U124/><E124/><V95/><F77/><W69/><G126/><T24/><D24/><N who="1" m="16407" /><E12/><V118/><F118/><W87/><G87/><T21/><D21/><U80/><E80/><V14/><F97/><W134/><G134/><N who="0" m="51243" /><D98/><U35/><E35/><V107/><F14/><W103/><G103/><T94/><D94/><U3/><E3/><V79/><F107/><W92/><G92/><T27/><D27/><U65/><E100/><V111/><F79/><W40/><G70/><T16/><D39/><U75/><E102/><V119/><F119/><W93/><G93/><T49/><D16/><U44/><E75/><V4/><F73/><W122/><G5/><T115/><D115/><U8/><E65/><V89/><F4/><W114/><G114/><T125/><D125/><U43/><E43/><V17/><F72/><W116/><G116/><T74/><D74/><U1/><E1/><V2/><F2/><W46/><G105/><T30/><D110/><RYUUKYOKU ba="0,0" sc="250,-10,250,30,250,-10,250,-10" hai1="6,8,13,44,47,50,55" /><INIT seed="1,1,0,3,5,13" ten="240,280,240,240" oya="1" hai0="90,61,35,83,97,62,5,114,36,116,16,25,37" hai1="67,99,107,96,21,111,122,3,9,50,71,100,109" hai2="128,77,58,34,7,133,103,129,126,117,66,130,89" hai3="72,18,135,6,113,73,121,88,120,69,48,8,110"/><U52/><E122/><V91/><F34/><W106/><G113/><T2/><D114/><U93/><E71/><V70/><F70/><W51/><G69/><T134/><D116/><U85/><E67/><V79/><F7/><W14/><G106/><T24/><D83/><U0/><E85/><V29/><F29/><W55/><G110/><N who="1" m="41994" /><E9/><V23/><F23/><W127/><G135/><T63/><D2/><U81/><E81/><V39/><F39/><W17/><G127/><T1/><D1/><U26/><E99/><V31/><F31/><W78/><G121/><T27/><D5/><U15/><E15/><V74/><F117/><W40/><G120/><T75/><D35/><U43/><E43/><V125/><F103/><W47/><G73/><T132/><D75/><U87/><E87/><V84/><F74/><W32/><G32/><T4/><D4/><U105/><E3/><V49/><F133/><N who="0" m="51306" /><D37/><U41/><E41/><V86/><F66/><W33/><G33/><T82/><D36/><U101/><E101/><V42/><F42/><W64/><G64/><T95/><D82/><U131/><E0/><V80/><F126/><W54/><G72/><T22/><AGARI ba="1,0" hai="16,22,24,25,27,61,62,63,90,95,97" m="51306" machi="22" ten="40,5200,0" yaku="20,1,52,1,54,1" doraHai="13" who="0" fromWho="0" sc="240,55,280,-27,240,-14,240,-14" /><INIT seed="2,0,0,2,4,103" ten="295,253,226,226" oya="2" hai0="50,42,12,130,2,26,55,68,90,39,81,100,62" hai1="104,57,72,115,37,10,78,124,20,45,135,117,17" hai2="87,99,95,33,75,119,23,106,102,49,3,35,133" hai3="18,52,91,122,14,41,29,69,107,56,116,110,63"/><V105/><F119/><W8/><G122/><T13/><D2/><U118/><E115/><V1/><F75/><W131/><G116/><T113/><D113/><U5/><E124/><V4/><F1/><W93/><G110/><T101/><D101/><U74/><E135/><V32/><F133/><W9/><G41/><T61/><D26/><U98/><E57/><V48/><F23/><W88/><G131/><T34/><D34/><U28/><E28/><V0/><F0/><W109/><G109/><T44/><D100/><U38/><E98/><V47/><F87/><W27/><G69/><T54/><D54/><U7/><E20/><V134/><F134/><W51/><G107/><T114/><D62/><U19/><E45/><V112/><F112/><W86/><G91/><T71/><D68/><U128/><E10/><V89/><F89/><W67/><G8/><T83/><D90/><U94/><E94/><V73/><F73/><W21/><G51/><T6/><D6/><U16/><E19/><V59/><F59/><W31/><G67/><N who="0" m="41455" /><D130/><U127/><E78/><V85/><F85/><W66/><G66/><T97/><D97/><U70/><E70/><V64/><F64/><W65/><G65/><T80/><D114/><U79/><E79/><V108/><F108/><W25/><G25/><T84/><D84/><U36/><E127/><V125/><F125/><W111/><G111/><T30/><D30/><AGARI ba="0,0" hai="9,14,18,21,27,29,30,31,52,56,63,86,88,93" machi="30" ten="30,7700,0" yaku="7,1,8,1,54,2" doraHai="103" who="3" fromWho="0" sc="295,-77,253,0,226,0,226,77" /><INIT seed="3,0,0,4,5,112" ten="218,253,226,303" oya="3" hai0="89,13,41,58,111,76,62,12,48,90,56,102,95" hai1="74,44,100,47,36,124,135,18,29,129,11,114,16" hai2="126,91,118,19,28,79,123,78,23,85,131,82,99" hai3="2,94,115,60,30,127,33,128,27,122,107,66,53"/><W59/><G115/><T50/><D111/><U22/><E114/><V96/><F126/><W49/><G127/><T130/><D130/><U84/><E74/><V72/><F131/><W20/><G107/><T25/><D76/><U37/><E124/><V10/><F123/><W5/><G122/><T132/><D132/><U65/><E129/><V26/><F118/><W93/><G128/><T3/><D3/><U80/><E135/><V7/><F28/><W103/><G33/><T77/><D77/><U14/><E29/><V34/><F34/><W46/><G2/><T31/><D102/><U92/><E65/><V133/><F133/><W32/><G5/><T98/><D89/><N who="1" m="51335" /><E36/><V97/><REACH who="2" step="1"/><F72/><REACH who="2" ten="218,253,216,303" step="2"/><W105/><G32/><T70/><D70/><U69/><E69/><V119/><F119/><W81/><G81/><T55/><D50/><U4/><E37/><V8/><F8/><W110/><G110/><T101/><D90/><U117/><E117/><V121/><F121/><W88/><G103/><T45/><REACH who="0" step="1"/><D58/><REACH who="0" ten="208,253,216,303" step="2"/><U24/><E100/><V9/><F9/><W134/><G134/><T104/><D104/><U106/><E106/><V64/><F64/><W1/><G105/><T52/><D52/><U73/><E11/><V0/><AGARI ba="0,2" hai="0,7,10,19,23,26,78,79,82,85,91,96,97,99" machi="0" ten="30,2000,0" yaku="1,1,0,1,53,0" doraHai="112" doraHaiUra="116" who="2" fromWho="2" sc="208,-5,253,-5,216,40,303,-10" /><INIT seed="4,0,0,0,2,120" ten="203,248,256,293" oya="0" hai0="43,13,126,60,75,79,127,83,134,86,35,95,31" hai1="14,132,81,10,49,87,5,11,106,113,55,57,96" hai2="114,40,0,24,42,20,63,112,25,108,94,115,80" hai3="92,72,74,71,61,3,56,130,70,22,102,76,135"/><T133/><D43/><N who="2" m="16426" /><F0/><W67/><G3/><T19/><D60/><U18/><E132/><N who="0" m="50793" /><D31/><U88/><E113/><V110/><F63/><W39/><G130/><T32/><D95/><U131/><E131/><V97/><F80/><W111/><G39/><T41/><D41/><U125/><E125/><N who="0" m="47625" /><D86/><U50/><E106/><V117/><F117/><W58/><G135/><T93/><D93/><U107/><E107/><V91/><F24/><W2/><G92/><T23/><AGARI ba="0,0" hai="13,19,23,32,35,75,79,83" m="47625,50793" machi="23" ten="30,3000,0" yaku="20,1,18,1" doraHai="120" who="0" fromWho="0" sc="203,30,248,-10,256,-10,293,-10" /><INIT seed="4,1,0,4,5,39" ten="233,238,246,283" oya="0" hai0="38,17,26,63,68,78,3,104,30,132,97,90,119" hai1="112,12,74,100,131,105,72,84,16,58,40,102,43" hai2="135,18,92,91,51,31,42,52,129,124,109,120,65" hai3="116,87,62,82,22,75,7,25,115,86,41,57,73"/><T122/><D119/><U134/><E134/><V54/><F120/><W0/><G115/><T55/><D3/><U11/><E112/><V9/><F109/><W118/><G7/><T94/><D132/><U6/><E131/><V128/><F135/><W67/><G0/><T85/><D122/><U69/><E69/><V76/><F76/><W21/><G21/><T88/><D38/><U101/><E105/><V15/><F65/><W4/><G4/><T45/><D104/><U61/><E84/><V59/><F31/><W47/><G87/><T126/><D126/><U20/><E74/><V33/><F33/><W5/><G5/><T66/><D17/><U127/><E72/><V95/><F124/><W96/><G96/><T123/><D78/><U2/><REACH who="1" step="1"/><E127/><REACH who="1" ten="233,228,246,283" step="2"/><V121/><F121/><W50/><G75/><T130/><D130/><U23/><E23/><V60/><F129/><W29/><REACH who="3" step="1"/><G73/><REACH who="3" ten="233,228,246,273" step="2"/><T64/><D123/><U83/><E83/><V93/><F128/><W98/><G98/><T8/><D97/><U37/><E37/><V13/><F93/><W32/><G32/><T77/><D94/><U106/><E106/><V56/><F95/><W89/><AGARI ba="1,2" hai="22,25,29,41,47,50,57,62,67,82,86,89,116,118" machi="89" ten="20,5200,0" yaku="1,1,0,1,7,1,52,1,53,0" doraHai="39" doraHaiUra="34" who="3" fromWho="3" sc="233,-27,228,-14,246,-14,273,75" /><INIT seed="5,0,0,2,2,90" ten="206,214,232,348" oya="1" hai0="118,13,124,60,49,81,7,26,66,117,23,1,132" hai1="19,56,40,10,28,77,18,5,20,50,44,47,107" hai2="123,128,73,126,96,127,36,48,4,29,93,121,37" hai3="104,115,2,135,51,21,80,34,43,39,116,59,31"/><U122/><E122/><N who="2" m="46603" /><F4/><W62/><G39/><N who="2" m="14921" /><F29/><W9/><G51/><T14/><D1/><U57/><E107/><V22/><F22/><W25/><G43/><T67/><D49/><N who="1" m="26759" /><E77/><V76/><F73/><W42/><G42/><T120/><D120/><U70/><E70/><V63/><F76/><W114/><G104/><T32/><D60/><U88/><E28/><V102/><F48/><W130/><G80/><T86/><D81/><U53/><E5/><V38/><F63/><W46/><G62/><T75/><D7/><U16/><E10/><V27/><F27/><W0/><G25/><T85/><D26/><U15/><E88/><V65/><F65/><W97/><G31/><T8/><D8/><N who="1" m="6247" /><E19/><V103/><F38/><W45/><G9/><T30/><D30/><U91/><E91/><N who="2" m="55359" /><F128/><W100/><G130/><T83/><D75/><U129/><E129/><V87/><F87/><W89/><G2/><T41/><D83/><U52/><E53/><V3/><F3/><W54/><G54/><T78/><D41/><U64/><E64/><V61/><F61/><W101/><G0/><T69/><D78/><U98/><E98/><V119/><F119/><W79/><G97/><T74/><D74/><U55/><E55/><V108/><F108/><W131/><G89/><T71/><D23/><U58/><E56/><V134/><F134/><W111/><G135/><T125/><D132/><U106/><E106/><V17/><F17/><W92/><G131/><T105/><D105/><U94/><E94/><V35/><F35/><AGARI ba="0,0" hai="13,14,32,35,66,67,69,71,85,86,117,118,124,125" machi="35" ten="25,1600,0" yaku="22,2" doraHai="90" who="0" fromWho="2" sc="206,16,214,0,232,-16,348,0" /><INIT seed="6,0,0,5,3,21" ten="222,214,216,348" oya="2" hai0="74,125,55,127,41,114,83,126,30,38,23,124,11" hai1="40,63,22,61,108,62,76,102,118,80,68,73,17" hai2="103,6,117,64,34,98,39,78,99,45,135,4,89" hai3="81,44,75,10,2,94,93,35,105,130,9,116,134"/><V50/><F117/><W77/><G116/><T7/><D114/><U109/><E118/><V15/><F135/><W104/><G134/><T106/><D106/><U27/><E68/><V43/><F34/><W69/><G69/><T24/><D124/><U79/><E102/><V8/><F78/><W13/><G35/><T36/><D41/><U37/><REACH who="1" step="1"/><E79/><REACH who="1" ten="222,204,216,348" step="2"/><V67/><F39/><W59/><G77/><N who="0" m="44471" /><D55/><U60/><N who="1" m="15360" /><DORA hai="53" /><U14/><E14/><AGARI ba="0,1" hai="7,11,14,23,24,30,36,38,125,126,127" m="44471" machi="14" ten="30,2000,0" yaku="18,1,52,1" doraHai="21,53" who="0" fromWho="1" sc="222,30,204,-20,216,0,348,0" /><INIT seed="7,0,0,3,4,0" ten="252,184,216,348" oya="3" hai0="109,112,53,52,26,114,74,49,58,71,43,103,82" hai1="55,62,80,127,88,54,69,130,19,78,1,50,61" hai2="24,125,59,76,21,42,93,128,90,28,118,96,27" hai3="87,123,91,45,70,121,83,79,2,104,47,100,4"/><W16/><G70/><T99/><D71/><U32/><E127/><V116/><F125/><W11/><G47/><T129/><D109/><U5/><E130/><V134/><F128/><W33/><G33/><T31/><D129/><U9/><E32/><V67/><F134/><W111/><G111/><T68/><D68/><U89/><E19/><V115/><F115/><N who="0" m="44074" /><D74/><U85/><E55/><V126/><F126/><W12/><G45/><N who="0" m="25791" /><D82/><U65/><REACH who="1" step="1"/><E61/><REACH who="1" ten="252,174,216,348" step="2"/><V30/><F118/><W15/><G123/><T105/><D58/><AGARI ba="0,1" hai="1,5,9,50,54,58,62,65,69,78,80,85,88,89" machi="58" ten="30,12000,2" yaku="1,1,2,1,7,1,52,1,54,1,53,1" doraHai="0" doraHaiUra="64" who="1" fromWho="0" sc="252,-120,174,130,216,0,348,0" owari="132,-36.8,304,10.4,216,-18.4,348,44.8" /></mjloggm>