<mjloggm ver="2.3"><GO type="169" lobby="0"/><UN n0="%E6%88%91%E5%8F%AF%E4%BB%A5" n1="%E3%81%8B%E3%82%81%E3%81%98%E3%82%8D%E3%81%86" n2="%4C%65%74%6F%2E" n3="%6D%61%6A%75%6E%69%61" dan="16,16,16,16" rate="2092.76,2099.36,2092.07,2149.70" sx="M,M,M,M"/><TAIKYOKU oya="0"/><INIT seed="0,0,0,5,5,50" ten="250,250,250,250" oya="0" hai0="52,85,10,0,20,109,119,43,106,73,45,135,71" hai1="3,113,11,117,8,21,32,125,99,2,33,59,118" hai2="66,86,16,114,22,88,62,104,42,9,70,128,129" hai3="57,112,78,122,132,40,47,101,64,133,55,92,63"/><T134/><D73/><U44/><E44/><V68/><F104/><W111/><G112/><T89/><D119/><N who="1" m="45579" /><E59/><V30/><F114/><W56/><G78/><T26/><D106/><U126/><E21/><V97/><F97/><W38/><G101/><T61/><D109/><U37/><E37/><V28/><F9/><N who="1" m="3657" /><E99/><V94/><F42/><W7/><G7/><T76/><D76/><U130/><E130/><N who="2" m="50283" /><F68/><W12/><G12/><AGARI ba="0,0" hai="12,16,22,28,30,62,66,70,86,88,94" m="50283" machi="12" ten="30,3900,0" yaku="19,1,54,2" doraHai="50" who="2" fromWho="3" sc="250,0,250,0,250,39,250,-39" /><INIT seed="1,0,0,4,2,99" ten="250,250,289,211" oya="1" hai0="8,100,32,131,93,11,125,12,128,59,60,17,104" hai1="42,83,21,115,38,66,97,62,117,72,124,24,135" hai2="7,76,46,80,122,106,51,127,82,30,39,95,84" hai3="113,81,133,33,16,129,111,22,94,53,101,29,9"/><U121/><E115/><V77/><F127/><W15/><G113/><T23/><D32/><U90/><E117/><V55/><F106/><W63/><G129/><N who="0" m="49739" /><D104/><U52/><E121/><V78/><F122/><W105/><G133/><T98/><D125/><U43/><E124/><V4/><F39/><W35/><G111/><T5/><D5/><U91/><E135/><V47/><F30/><W18/><G105/><T19/><D19/><U31/><E52/><AGARI ba="0,0" hai="8,11,12,17,23,52,59,60,93,98,100" m="49739" machi="52" ten="30,3900,0" yaku="19,1,52,1,54,1" doraHai="99" who="0" fromWho="1" sc="250,39,250,-39,289,0,211,0" /><INIT seed="2,0,0,2,1,0" ten="289,211,289,211" oya="2" hai0="107,66,133,126,4,45,115,61,67,24,3,42,52" hai1="58,10,47,13,108,5,14,19,18,135,43,54,48" hai2="21,40,63,105,121,116,70,98,29,120,104,80,117" hai3="111,97,110,95,60,112,74,38,68,56,118,109,57"/><V75/><F21/><W41/><G74/><T15/><D115/><U44/><E108/><V46/><F29/><W71/><G112/><T39/><D3/><U130/><E135/><V69/><F98/><W94/><G118/><N who="2" m="45673" /><F46/><W100/><G95/><T131/><D133/><U25/><E130/><V81/><F40/><W113/><G113/><T37/><D37/><U28/><E14/><V59/><F59/><W26/><G57/><T93/><D107/><N who="2" m="41034" /><F63/><W76/><G76/><T27/><D131/><U86/><E86/><V23/><F23/><W62/><G62/><T7/><D61/><U30/><E47/><V77/><F81/><W17/><G17/><N who="1" m="6154" /><E25/><V90/><F90/><W103/><G103/><T119/><D27/><U96/><E96/><V12/><F12/><W20/><G20/><T79/><D24/><U36/><E36/><V64/><F64/><W125/><G125/><T22/><D66/><U85/><E85/><V6/><F6/><W87/><G87/><T84/><D7/><U49/><AGARI ba="0,0" hai="5,10,13,28,30,43,44,48,49,54,58" m="6154" machi="49" ten="30,2000,0" yaku="8,1,52,1" doraHai="0" who="1" fromWho="1" sc="289,-5,211,20,289,-10,211,-5" /><INIT seed="3,0,0,0,5,94" ten="284,231,279,206" oya="3" hai0="47,132,34,16,61,118,40,109,113,127,43,107,46" hai1="134,105,8,98,11,69,95,3,92,128,110,78,25" hai2="125,90,30,21,126,122,114,75,36,51,44,112,6" hai3="39,19,74,17,71,135,123,20,89,73,1,111,0"/><W66/><G123/><T29/><D118/><U28/><E110/><V133/><F75/><W65/><G20/><T35/><D107/><U68/><E128/><V31/><F36/><W12/><G12/><T27/><D109/><U15/><E134/><V38/><F38/><W77/><G111/><T42/><D132/><U88/><E78/><V13/><F133/><W41/><G39/><T115/><D127/><N who="2" m="48650" /><F90/><W103/><G89/><T120/><D34/><U116/><E105/><V10/><F122/><W101/><G135/><T24/><D61/><U93/><E116/><V7/><F7/><W22/><G22/><N who="0" m="13383" /><D120/><U79/><E79/><V2/><F51/><W67/><G77/><T58/><D58/><U117/><E117/><V53/><F53/><W104/><G104/><T60/><D60/><U9/><E3/><V100/><F44/><W54/><G67/><T49/><D49/><U130/><E130/><V108/><F100/><W48/><G48/><T106/><D106/><U70/><REACH who="1" step="1"/><E15/><REACH who="1" ten="284,221,279,206" step="2"/><V80/><F108/><W121/><G121/><T57/><D113/><N who="2" m="43626" /><F80/><W18/><G54/><T76/><D115/><U32/><AGARI ba="0,1" hai="8,9,11,25,28,32,68,69,70,88,92,93,95,98" machi="32" ten="40,8000,1" yaku="1,1,0,1,52,1,54,1,53,0" doraHai="94" doraHaiUra="72" who="1" fromWho="1" sc="284,-20,221,90,279,-20,206,-40" /><INIT seed="4,0,0,5,1,24" ten="264,311,259,166" oya="0" hai0="18,127,81,122,14,110,51,52,86,107,25,10,116" hai1="133,74,70,103,49,72,78,101,69,37,63,132,53" hai2="82,8,119,79,38,44,12,83,67,29,20,105,35" hai3="96,33,48,113,75,64,34,45,84,109,62,46,126"/><T88/><D116/><U135/><E37/><V6/><F35/><W41/><G109/><T19/><D122/><U90/><E90/><V17/><F119/><W5/><G113/><T134/><D110/><U43/><E43/><V120/><F120/><W55/><G75/><N who="1" m="28714" /><E78/><V61/><F105/><W100/><G5/><T42/><D107/><U131/><E131/><V9/><F9/><W28/><G28/><T56/><D127/><U94/><E94/><V121/><F79/><W97/><G84/><T1/><D1/><U92/><E92/><V60/><F60/><W108/><G108/><T80/><D134/><U71/><E63/><V58/><F121/><W31/><G126/><T4/><D42/><U68/><N who="1" m="17408" /><DORA hai="98" /><U106/><E106/><V128/><F128/><W7/><G7/><T2/><D2/><U47/><AGARI ba="0,0" hai="47,49,53,101,103,132,133,135" m="17408,28714" machi="47" ten="70,8000,1" yaku="20,1,52,2" doraHai="24,98" who="1" fromWho="1" sc="264,-40,311,80,259,-20,166,-20" /><INIT seed="5,0,0,2,3,38" ten="224,391,239,146" oya="1" hai0="100,79,130,106,17,60,116,15,33,18,119,117,121" hai1="61,105,44,89,84,10,123,68,30,103,25,35,122" hai2="28,1,34,91,95,19,27,110,29,87,4,14,55" hai3="127,134,88,107,46,32,93,114,73,36,53,118,48"/><U129/><E129/><V82/><F110/><W92/><G127/><T21/><D130/><U5/><E44/><V37/><F37/><W113/><G118/><T108/><D108/><U78/><E78/><V86/><F29/><W39/><G107/><T131/><D131/><U74/><E74/><V56/><F4/><W0/><G32/><T49/><D121/><U104/><E104/><V115/><F115/><N who="3" m="44043" /><G73/><T43/><D33/><U51/><E51/><V77/><F1/><W57/><G0/><T97/><D79/><U40/><E40/><V31/><F27/><W41/><G134/><T80/><D80/><U22/><E22/><V125/><F125/><W47/><G93/><T76/><D76/><U94/><E103/><V52/><F55/><W58/><G58/><T23/><D60/><U83/><E94/><V85/><F85/><N who="3" m="52239" /><G47/><T109/><D109/><U62/><E105/><V20/><REACH who="2" step="1"/><F34/><REACH who="2" ten="224,391,229,146" step="2"/><W26/><G26/><T126/><D126/><U132/><E35/><V71/><F71/><W135/><G135/><T65/><D116/><U102/><E132/><V50/><AGARI ba="0,1" hai="14,19,20,28,31,50,52,56,77,82,86,87,91,95" machi="50" ten="20,12000,2" yaku="1,1,0,1,7,1,25,2,8,1,54,1,53,0" doraHai="38" doraHaiUra="2" who="2" fromWho="2" sc="224,-30,391,-60,229,130,146,-30" /><INIT seed="6,0,0,0,5,99" ten="194,331,359,116" oya="2" hai0="24,36,43,121,81,61,50,97,126,4,63,94,89" hai1="58,48,96,26,22,25,46,82,100,8,134,117,67" hai2="111,128,76,40,132,125,114,66,91,101,54,73,5" hai3="92,131,45,124,72,102,68,34,20,60,41,51,74"/><V133/><F114/><W27/><G34/><T119/><D121/><U56/><E134/><N who="2" m="51819" /><F40/><W106/><G106/><T118/><D36/><U0/><E117/><N who="0" m="44553" /><D126/><U23/><E82/><N who="2" m="45327" /><F66/><W109/><G109/><T3/><D81/><U39/><E39/><V35/><F35/><W29/><G124/><T11/><D24/><U9/><E0/><V104/><F5/><W107/><G107/><T123/><D123/><U18/><E9/><V55/><F128/><W75/><G131/><T129/><D129/><U65/><E8/><V85/><F125/><W62/><REACH who="3" step="1"/><G68/><REACH who="3" ten="194,331,359,106" step="2"/><T49/><D43/><U86/><E67/><V28/><F111/><W116/><G116/><T33/><D33/><U127/><E65/><V90/><F104/><W87/><G87/><T64/><D63/><U113/><E86/><V88/><F85/><W57/><G57/><AGARI ba="0,1" hai="3,4,11,49,50,57,61,64,89,94,97" m="44553" machi="57" ten="30,1000,0" yaku="12,1" doraHai="99" who="0" fromWho="3" sc="194,20,331,0,359,0,106,-10" /><INIT seed="7,0,0,5,3,82" ten="214,331,359,96" oya="3" hai0="12,81,14,108,24,103,37,57,97,89,9,43,32" hai1="122,42,62,69,135,19,1,47,107,130,11,132,61" hai2="13,38,7,93,106,113,55,133,63,36,105,58,88" hai3="90,98,127,16,46,84,94,60,5,115,124,96,76"/><W3/><G3/><T29/><D108/><U102/><E107/><V49/><F113/><W126/><G5/><T56/><D37/><U18/><E122/><V34/><F34/><W86/><G115/><T87/><D43/><U100/><E130/><V70/><F133/><N who="1" m="51273" /><E47/><V4/><F106/><W104/><G46/><T91/><D91/><U21/><E42/><V121/><F105/><W77/><G60/><T67/><D67/><U33/><E33/><V131/><F131/><W111/><G111/><T117/><D117/><U0/><E11/><V35/><F35/><W27/><G27/><T39/><D39/><U120/><E21/><V114/><F114/><W110/><G16/><N who="1" m="6186" /><E120/><V92/><F121/><W125/><N who="3" m="31744" /><DORA hai="54" /><W109/><G109/><T15/><REACH who="0" step="1"/><D9/><REACH who="0" ten="204,331,359,96" step="2"/><U101/><E69/><V31/><F38/><W75/><G110/><T40/><D40/><U123/><E123/><V134/><F36/><W73/><G76/><T116/><D116/><U48/><E48/><V118/><F118/><W6/><G6/><T64/><D64/><U28/><E28/><V68/><F31/><W8/><G8/><T72/><D72/><N who="3" m="27721" /><G77/><T26/><D26/><U65/><E65/><N who="2" m="41023" /><F134/><W59/><G59/><T83/><D83/><U20/><E62/><V129/><F70/><W95/><G104/><AGARI ba="0,1" hai="12,14,15,24,29,32,56,57,81,87,89,97,103,104" machi="104" ten="40,12000,2" yaku="1,1,52,3,53,2" doraHai="82,54" doraHaiUra="50,52" who="0" fromWho="3" sc="204,130,331,0,359,0,96,-120" owari="334,13.4,331,-6.9,359,45.9,-24,-52.4" /></mjloggm>