<mjloggm ver="2.3"><GO type="169" lobby="0"/><UN n0="%44%61%72%6B%72%69%64%65" n1="%E6%88%91%E5%8F%AF%E4%BB%A5" n2="%E9%95%B7%E5%A4%A7%E3%82%92%E5%87%BA%E3%81%9F%E3%81%91%E3%82%8C%E3%81%A9" n3="%73%65%37%37%65%6E" dan="16,16,16,16" rate="2182.60,2090.93,2154.19,2053.87" sx="M,M,M,M"/><TAIKYOKU oya="0"/><INIT seed="0,0,0,1,2,123" ten="250,250,250,250" oya="0" hai0="119,36,19,92,18,105,25,51,130,100,57,76,7" hai1="53,48,23,43,81,87,127,28,0,50,112,121,31" hai2="126,86,88,78,108,46,14,118,84,71,135,124,98" hai3="111,34,56,133,9,66,21,104,106,4,22,8,122"/><T41/><D119/><U64/><E121/><V47/><F71/><W85/><G122/><T5/><D105/><U102/><E0/><V58/><F118/><W3/><G34/><T40/><D76/><U103/><E127/><V80/><F135/><W75/><G133/><T79/><D79/><U27/><E112/><V116/><F116/><W20/><G75/><T67/><D36/><U12/><E64/><V91/><F58/><W10/><G111/><T74/><D74/><U73/><E73/><V26/><F14/><W77/><G104/><T42/><D130/><U17/><E43/><V115/><F26/><W72/><G106/><T110/><D110/><U1/><E1/><V89/><F108/><W24/><G72/><T134/><D134/><U2/><E2/><V52/><F98/><W90/><G77/><T99/><D25/><U44/><E48/><N who="2" m="28695" /><F47/><W94/><REACH who="3" step="1"/><G24/><REACH who="3" ten="250,250,250,240" step="2"/><T59/><D51/><U128/><E128/><V37/><F37/><W70/><G70/><T95/><D67/><U113/><E113/><V45/><F115/><W35/><G35/><T101/><D41/><U16/><E28/><V54/><F126/><W129/><G129/><T93/><D93/><U69/><E69/><V114/><F124/><W120/><G120/><T125/><REACH who="0" step="1"/><D125/><REACH who="0" ten="240,250,250,240" step="2"/><U107/><E107/><V65/><F65/><W32/><G32/><T61/><D61/><AGARI ba="0,2" hai="3,4,8,9,10,20,21,22,56,61,66,85,90,94" machi="61" ten="40,1300,0" yaku="1,1,53,0" doraHai="123" doraHaiUra="132" who="3" fromWho="0" sc="240,-13,250,0,250,0,240,33" /><INIT seed="1,0,0,2,2,71" ten="227,250,250,273" oya="1" hai0="106,32,14,43,17,33,113,62,114,52,41,80,40" hai1="59,42,4,15,23,58,7,21,0,69,45,56,95" hai2="105,72,121,125,103,129,82,87,28,123,39,117,10" hai3="133,97,20,26,104,112,63,92,16,120,1,85,25"/><U83/><E69/><V79/><F28/><W100/><G120/><T75/><D106/><U128/><E128/><V99/><F10/><W27/><G112/><T35/><D75/><U91/><E0/><V37/><F117/><W102/><G1/><T131/><D80/><U51/><E83/><V74/><F129/><W13/><G133/><T76/><D76/><U111/><E111/><V57/><F57/><W94/><G63/><T67/><D131/><U93/><E93/><V115/><F115/><W101/><G104/><T3/><D3/><U110/><E110/><V61/><F61/><W6/><REACH who="3" step="1"/><G6/><REACH who="3" ten="227,250,250,263" step="2"/><N who="1" m="2090" /><E15/><V53/><F123/><W89/><AGARI ba="0,1" hai="13,16,20,25,26,27,85,89,92,94,97,100,101,102" machi="89" ten="30,7900,0" yaku="1,1,0,1,8,1,54,1,53,0" doraHai="71" doraHaiUra="49" who="3" fromWho="3" sc="227,-20,250,-39,250,-20,263,89" /><INIT seed="2,0,0,3,1,25" ten="207,211,230,352" oya="2" hai0="59,69,102,93,11,7,0,121,53,45,78,89,108" hai1="42,84,4,133,110,30,63,83,96,127,124,35,49" hai2="118,37,61,85,64,97,105,77,111,87,103,66,17" hai3="112,91,41,68,24,6,46,71,134,82,29,123,104"/><V12/><F118/><W120/><G104/><T81/><D69/><U60/><E110/><V9/><F111/><W130/><G130/><T13/><D108/><U16/><E4/><V19/><F37/><W117/><G117/><T14/><D121/><U38/><E38/><V34/><F77/><W15/><G134/><T52/><D102/><U5/><E5/><V44/><F44/><W62/><G112/><T33/><D33/><U67/><E96/><V2/><F2/><W101/><G101/><T113/><D45/><N who="1" m="25783" /><E67/><V109/><F64/><W55/><G55/><T21/><D113/><U72/><E72/><V28/><F19/><W39/><G62/><T26/><D81/><U128/><E16/><V125/><F125/><N who="1" m="48201" /><E128/><V80/><F80/><W74/><G15/><T86/><D78/><N who="1" m="46199" /><E133/><V8/><F8/><W43/><G6/><T23/><D53/><U92/><E92/><V51/><F51/><W32/><G43/><T50/><REACH who="0" step="1"/><D21/><REACH who="0" ten="197,211,230,352" step="2"/><U88/><E88/><V70/><REACH who="2" step="1"/><F109/><REACH who="2" ten="197,211,220,352" step="2"/><W90/><G120/><T65/><D65/><U131/><E131/><V73/><F73/><W56/><G123/><T1/><D1/><U54/><E54/><V27/><AGARI ba="0,2" hai="9,12,17,27,28,34,61,66,70,85,87,97,103,105" machi="27" ten="30,18000,2" yaku="1,1,0,1,25,2,52,1,53,1" doraHai="25" doraHaiUra="20" who="2" fromWho="2" sc="197,-60,211,-60,220,200,352,-60" /><INIT seed="2,1,0,2,5,95" ten="137,151,420,292" oya="2" hai0="120,45,87,131,71,23,67,103,52,113,80,4,123" hai1="116,104,20,48,31,10,102,42,24,46,36,98,47" hai2="117,96,43,114,28,107,16,72,94,129,50,66,3" hai3="51,60,126,93,13,30,1,27,9,75,68,44,53"/><V88/><F117/><W33/><G75/><T119/><D119/><U79/><E116/><V115/><F3/><W58/><G126/><T100/><D113/><U40/><REACH who="1" step="1"/><E10/><REACH who="1" ten="137,141,420,292" step="2"/><V130/><F114/><W90/><G68/><T77/><D120/><U54/><E54/><V84/><F115/><W5/><G1/><T21/><D123/><U99/><E99/><V69/><F129/><W35/><G35/><T7/><D131/><U65/><E65/><V61/><F130/><W41/><G41/><T85/><D67/><U29/><E29/><V121/><F28/><W122/><G122/><T124/><D71/><U110/><E110/><V105/><F121/><W55/><G30/><T118/><D118/><U127/><E127/><V17/><F43/><W89/><G33/><T18/><D124/><U108/><E108/><V97/><F50/><W38/><G38/><T86/><D7/><U26/><E26/><V109/><F109/><W128/><G27/><T101/><D4/><U134/><E134/><V132/><F132/><W91/><REACH who="3" step="1"/><G128/><REACH who="3" ten="137,141,420,282" step="2"/><T125/><D125/><U83/><E83/><V76/><F17/><W14/><G14/><N who="0" m="9431" /><D23/><U22/><E22/><V62/><F16/><W0/><G0/><T39/><D39/><U73/><E73/><V92/><F72/><W133/><G133/><T78/><D80/><U37/><E37/><V2/><F2/><W106/><G106/><T8/><D8/><U57/><E57/><V15/><F105/><W82/><G82/><T6/><D6/><U56/><E56/><V81/><F107/><W11/><G11/><T74/><D74/><RYUUKYOKU ba="1,2" sc="137,10,141,10,420,-30,282,10" hai0="45,52,77,78,85,86,87,100,101,103" hai1="20,24,31,36,40,42,46,47,48,79,98,102,104" hai3="5,9,13,44,51,53,55,58,60,89,90,91,93" /><INIT seed="3,2,2,3,0,71" ten="147,151,390,292" oya="3" hai0="99,77,76,29,16,3,67,89,26,82,64,37,91" hai1="127,115,31,32,54,47,114,11,17,60,111,27,108" hai2="66,83,68,92,74,128,112,75,53,109,123,21,102" hai3="72,85,42,73,70,120,107,39,78,135,124,41,129"/><W117/><RYUUKYOKU type="yao9" ba="2,2" sc="147,0,151,0,390,0,292,0" hai3="39,41,42,70,72,73,78,85,107,117,120,124,129,135" /><INIT seed="3,3,2,3,1,13" ten="147,151,390,292" oya="3" hai0="90,66,41,125,49,85,31,40,65,47,96,101,107" hai1="117,111,67,81,118,121,25,53,119,84,99,89,115" hai2="26,113,46,12,6,38,69,94,3,103,63,45,78" hai3="91,83,24,29,21,98,48,102,51,132,124,95,79"/><W76/><G124/><T37/><D125/><U112/><E121/><V74/><F113/><N who="1" m="43593" /><E67/><V135/><F135/><W106/><G132/><T27/><D40/><U123/><E123/><V120/><F120/><W32/><G79/><T43/><D43/><U42/><E42/><V108/><F38/><W30/><G30/><T88/><D37/><U7/><E7/><V54/><F3/><W11/><G11/><T127/><D127/><U97/><E53/><V134/><F26/><W18/><G29/><T60/><D85/><U116/><N who="1" m="29696" /><DORA hai="100" /><U114/><N who="1" m="43601" /><U131/><DORA hai="57" /><E131/><V20/><F78/><W68/><G32/><N who="0" m="20607" /><D66/><U1/><E1/><V72/><F74/><N who="3" m="43415" /><G68/><AGARI ba="3,2" hai="41,47,49,60,65,68,88,90,96,101,107" m="20607" machi="68" ten="30,7700,0" yaku="25,1,52,2,54,1" doraHai="13,100,57" who="0" fromWho="3" sc="147,106,151,0,390,0,292,-86" /><INIT seed="4,0,0,5,5,17" ten="253,151,390,206" oya="0" hai0="133,94,12,47,75,126,106,102,81,32,3,78,23" hai1="122,110,83,86,31,37,4,0,6,70,30,79,120" hai2="22,58,125,123,29,51,127,103,55,56,92,108,91" hai3="35,9,8,13,130,45,101,20,5,50,105,60,33"/><T121/><D32/><U98/><E110/><V46/><F123/><W63/><G130/><T40/><D3/><U26/><E37/><V80/><F108/><W100/><G105/><T132/><D121/><U53/><E70/><V67/><F80/><W48/><G45/><T39/><D106/><U93/><E53/><V119/><F103/><W72/><G72/><T2/><D2/><U69/><E69/><V36/><F119/><W65/><G65/><T124/><D94/><U54/><E30/><V28/><F67/><W95/><G95/><T21/><D12/><U84/><E84/><V128/><F128/><W85/><G85/><T97/><D97/><U104/><E104/><V114/><F28/><W77/><G77/><T61/><D61/><U96/><E96/><V38/><F56/><W74/><G74/><T43/><D43/><U7/><E54/><V14/><F46/><W116/><G116/><T16/><D102/><U1/><E120/><V62/><F62/><W42/><G42/><T82/><D82/><U112/><E122/><V88/><F91/><W34/><G33/><T107/><D107/><U90/><REACH who="1" step="1"/><E112/><REACH who="1" ten="253,141,390,206" step="2"/><V24/><F114/><W117/><G117/><T87/><D87/><U68/><E68/><V111/><F111/><W19/><G34/><AGARI ba="0,1" hai="0,1,4,6,7,26,31,34,79,83,86,90,93,98" machi="34" ten="40,1300,0" yaku="1,1,53,0" doraHai="17" doraHaiUra="66" who="1" fromWho="3" sc="253,0,141,23,390,0,206,-13" /><INIT seed="5,0,0,3,2,38" ten="253,164,390,193" oya="1" hai0="61,42,31,106,114,100,1,54,45,10,26,16,59" hai1="79,87,124,22,99,126,11,40,12,135,84,102,112" hai2="110,72,35,129,111,65,133,92,93,18,105,74,43" hai3="67,52,119,107,17,96,98,34,123,104,80,115,30"/><U116/><E116/><V127/><F65/><W60/><G119/><T122/><D114/><U48/><E112/><V88/><F18/><W33/><G123/><T57/><D122/><U75/><E135/><V64/><F64/><W83/><G115/><T37/><D106/><U63/><E63/><V55/><F55/><W73/><G73/><T29/><D100/><U2/><E2/><V118/><F35/><W0/><G0/><T70/><D70/><U78/><E22/><V69/><F69/><W62/><G17/><T90/><D59/><U77/><E75/><V20/><F20/><W50/><G67/><T117/><D117/><U85/><E40/><V5/><F43/><W94/><G94/><T130/><D130/><U14/><E48/><V6/><F105/><W4/><G50/><T95/><D1/><U128/><E128/><V71/><F71/><W134/><G30/><T120/><D120/><U23/><E23/><V68/><F68/><W66/><G66/><T53/><D53/><U132/><E132/><V76/><F118/><W121/><G121/><T51/><D37/><U13/><REACH who="1" step="1"/><E11/><REACH who="1" ten="253,154,390,193" step="2"/><V25/><F133/><W41/><G41/><T49/><D51/><U56/><E56/><V58/><F58/><W19/><G134/><T103/><D10/><U89/><E89/><V24/><F88/><W21/><G21/><N who="0" m="13607" /><D103/><U108/><E108/><V97/><F129/><W46/><G60/><T81/><D29/><U91/><E91/><V44/><F72/><W3/><G62/><T101/><D31/><U86/><N who="1" m="21504" /><DORA hai="9" /><U7/><E7/><V47/><F5/><RYUUKYOKU ba="0,1" sc="253,-10,154,30,390,-10,193,-10" hai1="12,13,14,77,78,79,99,102,124,126" /><INIT seed="5,1,1,2,5,38" ten="243,184,380,183" oya="1" hai0="119,29,100,5,63,97,87,103,1,106,107,109,64" hai1="54,31,113,71,0,18,47,11,124,28,105,59,72" hai2="42,108,16,62,79,12,120,13,98,93,7,37,17" hai3="34,110,86,129,85,131,44,132,19,118,50,88,74"/><U24/><E71/><V116/><F108/><W115/><G110/><T35/><D87/><U89/><E72/><V30/><F120/><W21/><G34/><T65/><D109/><U58/><E105/><V33/><F116/><W92/><G74/><T111/><D111/><U53/><E113/><V6/><F79/><W15/><G115/><T112/><D112/><U114/><E114/><V68/><F30/><W135/><G118/><T75/><D75/><U43/><E124/><V36/><F62/><W127/><G85/><T57/><D119/><U48/><E0/><V73/><F33/><W20/><G20/><T91/><D91/><U121/><E121/><V134/><F134/><N who="3" m="51243" /><G127/><T66/><D5/><U3/><E3/><V96/><F93/><W8/><G21/><T22/><D1/><U130/><E130/><V81/><F73/><W14/><G14/><T94/><D35/><U49/><E89/><V101/><F81/><W27/><G27/><N who="0" m="16631" /><D106/><U104/><E104/><V26/><F26/><W56/><G56/><T76/><D76/><U126/><E126/><V40/><F101/><N who="0" m="38986" /><D107/><U122/><E122/><V70/><AGARI ba="1,1" hai="6,7,12,13,16,17,36,37,40,42,68,70,96,98" machi="70" ten="25,12000,2" yaku="0,1,22,2,52,2,54,1" doraHai="38" who="2" fromWho="2" sc="243,-31,184,-61,380,133,183,-31" /><INIT seed="6,0,0,0,1,103" ten="212,123,513,152" oya="2" hai0="28,99,130,38,85,101,5,63,7,133,71,132,16" hai1="77,43,47,112,76,98,2,93,83,9,34,10,135" hai2="120,23,36,86,128,94,4,67,51,80,72,70,15" hai3="57,73,30,106,18,27,39,61,22,75,50,65,33"/><V20/><F36/><W37/><G37/><T66/><D38/><U115/><E135/><N who="0" m="51785" /><D28/><U48/><E34/><V124/><F128/><W91/><G39/><T134/><D130/><U0/><E0/><V53/><F124/><W126/><G126/><T21/><D85/><U104/><E2/><V42/><F67/><W56/><G106/><N who="0" m="63807" /><D134/><U45/><E45/><V88/><F70/><W24/><G91/><T109/><D109/><U117/><E117/><V54/><F72/><W19/><G18/><T46/><D46/><U116/><E116/><V35/><F35/><W113/><G113/><T131/><D131/><U114/><E76/><V32/><F32/><W81/><G81/><T26/><AGARI ba="0,0" hai="5,7,16,21,26,63,66,71" m="63807,51785" machi="26" ten="30,4000,0" yaku="20,1,52,1,54,1" doraHai="103" who="0" fromWho="0" sc="212,40,123,-10,513,-20,152,-10" /><INIT seed="7,0,0,3,0,116" ten="252,113,493,142" oya="3" hai0="101,20,85,93,32,56,9,102,42,30,69,79,73" hai1="76,111,49,109,61,45,64,39,100,103,119,107,128" hai2="96,24,34,29,124,75,71,72,0,67,104,16,17" hai3="57,10,62,53,23,41,28,126,13,98,14,77,88"/><W63/><G77/><T112/><D69/><U94/><E119/><V38/><F124/><W117/><G117/><T33/><D73/><U15/><E107/><V21/><F38/><W52/><G41/><T95/><D42/><U70/><E128/><V36/><F17/><W58/><G126/><T81/><D112/><U40/><E76/><V120/><F0/><W68/><G68/><T121/><D121/><U108/><E94/><N who="0" m="35849" /><D32/><U122/><E122/><V4/><F4/><W106/><G10/><T51/><D33/><U22/><REACH who="1" step="1"/><E39/><REACH who="1" ten="252,103,493,142" step="2"/><V5/><F36/><W50/><G106/><T123/><D123/><U43/><E43/><V2/><F5/><W131/><G131/><T80/><D81/><U97/><E97/><V105/><F2/><W65/><G98/><T26/><D101/><U74/><E74/><V110/><F67/><W12/><G88/><T31/><D102/><U83/><E83/><V6/><F71/><W48/><G65/><T60/><D85/><U133/><E133/><V99/><F6/><W35/><G35/><T1/><D80/><U27/><E27/><AGARI ba="0,1" hai="12,13,14,23,27,28,48,50,52,53,57,58,62,63" machi="27" ten="40,7700,0" yaku="9,1,8,1,54,1" doraHai="116" who="3" fromWho="1" sc="252,0,103,-77,493,0,142,87" /><INIT seed="7,1,0,4,4,46" ten="252,26,493,229" oya="3" hai0="85,57,117,71,129,88,49,64,79,101,77,66,59" hai1="15,115,124,110,130,123,58,18,78,96,56,41,33" hai2="84,91,68,13,21,1,31,63,37,35,42,55,126" hai3="34,87,22,86,99,8,30,39,83,122,69,120,132"/><W102/><G34/><T128/><D101/><U17/><E78/><N who="0" m="29705" /><D117/><U75/><E96/><V2/><F126/><W131/><G69/><T11/><D71/><U61/><E61/><V23/><F37/><W47/><G132/><T32/><D32/><U24/><E41/><V106/><F42/><W127/><G127/><T94/><D11/><U20/><E56/><N who="0" m="21577" /><D49/><U81/><E58/><V27/><F106/><W111/><G111/><T19/><D19/><U48/><E81/><V133/><F84/><W38/><G8/><T40/><D40/><U72/><E33/><V52/><F91/><W121/><G131/><AGARI ba="1,0" hai="64,66,85,88,94,128,129,131" m="21577,29705" machi="131" ten="30,2000,0" yaku="19,1,54,1" doraHai="46" who="0" fromWho="3" sc="252,23,26,0,493,0,229,-23" owari="275,7.5,26,-47.4,493,59.3,206,-19.4" /></mjloggm>