<mjloggm ver="2.3"><GO type="169" lobby="0"/><UN n0="%53%E6%9C%A8" n1="%E3%83%A9%E3%82%B9%E3%82%8B%E3%81%8B%E3%81%AA" n2="%E8%B1%86%E3%83%80%E3%83%9E%E8%AD%A6%E5%AF%9F" n3="%E3%81%9F%E3%81%8B%E3%81%AF%E3%81%97%E3%81%83%E3%81%83%E3%81%83" dan="17,17,17,16" rate="2196.09,2213.90,2172.56,2102.76" sx="M,M,M,M"/><TAIKYOKU oya="0"/><INIT seed="0,0,0,2,1,111" ten="250,250,250,250" oya="0" hai0="113,74,15,24,42,135,98,47,13,105,104,2,11" hai1="5,20,97,55,33,17,103,131,93,124,36,80,26" hai2="49,34,82,0,95,25,115,8,87,57,78,129,50" hai3="121,96,84,43,85,23,45,102,120,130,70,86,10"/><T89/><D74/><U35/><E36/><V83/><F129/><W3/><G70/><T77/><D77/><U18/><E131/><V118/><F118/><W132/><G130/><T90/><D135/><U107/><E124/><V64/><F95/><W31/><G132/><T133/><D133/><U99/><E5/><V27/><F34/><W28/><G10/><T14/><D24/><U37/><E37/><V110/><F110/><W69/><G69/><T100/><D104/><U58/><E17/><V12/><F0/><W39/><G3/><T109/><D109/><U52/><E55/><V68/><F68/><W119/><G119/><T7/><REACH who="0" step="1"/><D113/><REACH who="0" ten="240,250,250,250" step="2"/><U127/><E127/><V75/><F115/><W116/><G116/><T106/><D106/><U61/><REACH who="1" step="1"/><E80/><REACH who="1" ten="240,240,250,250" step="2"/><V60/><F83/><W71/><G120/><T81/><D81/><U59/><E59/><V122/><F122/><W6/><G121/><T88/><D88/><AGARI ba="0,2" hai="18,20,26,33,35,52,58,61,88,93,97,99,103,107" machi="88" ten="30,12000,2" yaku="1,1,7,1,25,2,54,2,53,1" doraHai="111" doraHaiUra="21" who="1" fromWho="0" sc="240,-120,240,140,250,0,250,0" /><INIT seed="1,0,0,1,2,18" ten="120,380,250,250" oya="1" hai0="32,81,102,91,23,20,65,104,75,115,3,60,82" hai1="5,40,10,73,106,101,26,17,129,103,9,97,53" hai2="57,70,62,87,56,43,110,14,114,119,72,135,89" hai3="51,33,84,74,113,27,30,36,120,108,47,67,4"/><U22/><E73/><V31/><F119/><W132/><G120/><T68/><D115/><U38/><E129/><V95/><F114/><W8/><G113/><T16/><D3/><U11/><E103/><V45/><F72/><W44/><G74/><T58/><D75/><U134/><E134/><V39/><F110/><W112/><G112/><T7/><D7/><U100/><E100/><V49/><F135/><W92/><G132/><T122/><D122/><U25/><E40/><V41/><F31/><W98/><G108/><T77/><D77/><U130/><E38/><V29/><F29/><W123/><G123/><T2/><D2/><U109/><E130/><V131/><F131/><W42/><G67/><T12/><D32/><U37/><E37/><V13/><F43/><W1/><G84/><T61/><D91/><U133/><E133/><V0/><F0/><W126/><G126/><T54/><REACH who="0" step="1"/><D20/><REACH who="0" ten="110,380,250,250" step="2"/><U15/><E109/><V90/><F90/><W19/><G4/><T48/><D48/><U24/><REACH who="1" step="1"/><E53/><REACH who="1" ten="110,370,250,250" step="2"/><V93/><F39/><W35/><G36/><T79/><D79/><U127/><E127/><V78/><F78/><W125/><G125/><T105/><D105/><U111/><E111/><V66/><F89/><W128/><G128/><T55/><D55/><U99/><E99/><AGARI ba="0,2" hai="12,16,23,54,58,60,61,65,68,81,82,99,102,104" machi="99" ten="40,5200,0" yaku="1,1,52,1,54,1,53,0" doraHai="18" doraHaiUra="117" who="0" fromWho="1" sc="110,72,370,-52,250,0,250,0" /><INIT seed="2,0,0,0,3,56" ten="182,318,250,250" oya="2" hai0="78,55,107,101,132,113,24,54,86,57,133,124,23" hai1="77,130,6,21,26,103,7,70,42,89,109,105,98" hai2="18,127,64,39,84,22,92,128,49,71,80,100,28" hai3="12,3,122,41,95,75,99,93,79,104,62,25,13"/><V91/><F128/><W58/><G3/><T81/><D113/><U120/><E70/><V88/><F127/><W82/><G122/><T63/><D124/><U59/><E130/><V102/><F39/><W40/><G104/><T94/><D107/><U43/><E109/><V30/><F30/><W27/><G12/><T2/><D2/><U90/><E120/><V48/><F28/><W17/><G40/><T116/><D116/><U51/><E77/><V97/><F71/><W16/><G41/><T96/><REACH who="0" step="1"/><D54/><REACH who="0" ten="172,318,250,250" step="2"/><U67/><E105/><V125/><F125/><W108/><G108/><T83/><D83/><U29/><E42/><V123/><F123/><W47/><G93/><T121/><D121/><U8/><E43/><V69/><F49/><W65/><G95/><T9/><D9/><U73/><E8/><V126/><F126/><W134/><G82/><T135/><D135/><U14/><E7/><V46/><F48/><W1/><G1/><T85/><D85/><U112/><E6/><V60/><REACH who="2" step="1"/><F46/><REACH who="2" ten="172,318,240,250" step="2"/><W131/><G47/><T76/><D76/><U50/><E50/><V5/><F5/><W32/><G79/><T87/><D87/><U74/><E51/><V53/><F53/><W45/><G45/><T61/><D61/><U33/><E112/><V110/><F110/><W20/><G62/><T117/><D117/><U111/><E111/><V15/><AGARI ba="0,2" hai="15,18,22,60,64,69,80,84,88,91,92,97,100,102" machi="15" ten="20,12000,1" yaku="1,1,0,1,7,1,52,1,54,1,53,0" doraHai="56" doraHaiUra="31" who="2" fromWho="2" sc="172,-40,318,-40,240,140,250,-40" /><INIT seed="2,1,0,3,0,71" ten="132,278,380,210" oya="2" hai0="17,110,77,90,126,48,24,8,34,54,11,85,61" hai1="22,89,43,100,98,118,5,130,112,28,67,105,94" hai2="20,115,103,79,59,47,109,0,111,125,114,23,63" hai3="135,6,7,66,4,19,37,124,26,41,33,46,27"/><V113/><F0/><W99/><G124/><T81/><D110/><N who="2" m="41994" /><F125/><W62/><G135/><T9/><D126/><U40/><E118/><V78/><F103/><W120/><G120/><T121/><D121/><U18/><E28/><V3/><F3/><W116/><G116/><T82/><D61/><U70/><E5/><V88/><F47/><W15/><G99/><T104/><D104/><U76/><E112/><V73/><F73/><W92/><G92/><T13/><D24/><U21/><E21/><N who="2" m="8267" /><F88/><W39/><G33/><T91/><D34/><U122/><E122/><V68/><F68/><W69/><G26/><T16/><D17/><U58/><E70/><V55/><AGARI ba="1,0" hai="55,59,63,78,79,113,114,115" m="8267,41994" machi="55" ten="40,3900,0" yaku="14,1,10,1" doraHai="71" who="2" fromWho="2" sc="132,-14,278,-14,380,42,210,-14" /><INIT seed="2,2,0,2,0,110" ten="118,264,422,196" oya="2" hai0="64,26,97,77,96,109,6,114,48,31,101,30,8" hai1="49,36,84,46,29,104,58,0,99,13,119,86,87" hai2="112,115,17,38,125,79,106,45,56,28,44,102,14" hai3="98,118,5,129,1,9,7,57,3,35,123,61,24"/><V18/><F79/><W69/><G118/><T34/><D109/><U128/><E0/><V95/><F106/><W94/><G123/><T32/><D77/><U20/><E36/><V42/><F28/><W70/><G129/><T76/><D76/><U132/><E119/><V75/><F75/><W22/><G35/><T91/><D64/><U4/><E128/><V67/><F125/><W15/><G5/><T54/><D91/><U82/><E58/><V122/><F45/><W133/><G133/><T66/><D66/><U105/><E132/><V88/><F102/><W108/><G108/><T65/><D65/><U12/><E82/><V116/><F122/><W11/><G11/><T21/><D31/><U47/><E47/><V100/><F100/><W93/><G93/><T60/><D60/><U63/><E63/><V73/><F73/><W130/><G130/><T121/><D97/><U124/><E124/><V120/><F120/><W127/><G127/><T90/><D90/><U126/><E126/><V55/><F67/><N who="3" m="39343" /><G1/><T51/><D51/><U134/><E134/><V131/><F131/><W80/><G80/><T53/><D53/><N who="1" m="29879" /><E4/><V92/><F116/><W10/><G10/><T89/><D89/><U19/><E29/><V117/><F95/><W33/><G3/><N who="0" m="95" /><D121/><U23/><E99/><V50/><F117/><W71/><G33/><T39/><D39/><U27/><E23/><N who="2" m="11703" /><F18/><N who="3" m="12375" /><G94/><N who="0" m="58519" /><D34/><U2/><E2/><V74/><F74/><W113/><G98/><T85/><D32/><U68/><E68/><V135/><F135/><W52/><G52/><T62/><D54/><U81/><E81/><RYUUKYOKU ba="2,0" sc="118,-30,264,10,422,10,196,10" hai1="12,13,19,20,27,84,86,87,104,105" hai2="38,42,44,50,55,56,88,92,112,115" hai3="7,9,15,69,70,71,113" /><INIT seed="2,3,0,2,2,118" ten="88,274,432,206" oya="2" hai0="74,122,86,37,92,17,14,30,12,127,65,71,64" hai1="90,48,87,53,120,67,46,22,88,44,31,34,105" hai2="56,21,113,58,128,50,95,63,39,35,29,123,99" hai3="4,47,114,77,16,111,134,55,32,94,132,70,10"/><V15/><F113/><W124/><G70/><T54/><D74/><U108/><E105/><V130/><F39/><W97/><G114/><T9/><D37/><U81/><E34/><V117/><F117/><W135/><G111/><T6/><D127/><U42/><E108/><V2/><F2/><W38/><G32/><T110/><D110/><U11/><E67/><V131/><F35/><W66/><G66/><T69/><D30/><U52/><E120/><V104/><F104/><W133/><G124/><T7/><D86/><U36/><E11/><V82/><F82/><W45/><G77/><T33/><D92/><U61/><E61/><V57/><F50/><W43/><G55/><T83/><D33/><U51/><E22/><V79/><F79/><W23/><G45/><T40/><D54/><U103/><E103/><N who="2" m="60927" /><F15/><W119/><G119/><T8/><D83/><U100/><E100/><V62/><F123/><W72/><G72/><T93/><D93/><U18/><E18/><V19/><F19/><W49/><G38/><T106/><D17/><U76/><REACH who="1" step="1"/><E31/><REACH who="1" ten="88,264,432,206" step="2"/><V5/><F5/><W98/><G133/><T91/><D106/><U112/><E112/><V89/><F63/><W125/><G125/><T60/><D60/><U78/><E78/><V101/><F101/><W80/><G132/><T3/><D91/><U28/><E28/><V102/><F102/><W20/><G134/><T26/><D122/><U129/><E129/><V121/><F121/><W59/><G135/><T41/><D3/><U96/><E96/><V75/><F130/><W25/><G97/><T1/><D1/><RYUUKYOKU ba="3,1" sc="88,15,264,15,432,-15,206,-15" hai0="6,7,8,9,12,14,26,40,41,64,65,69,71" hai1="36,42,44,46,48,51,52,53,76,81,87,88,90" /><INIT seed="3,4,1,3,3,32" ten="103,279,417,191" oya="3" hai0="23,53,105,119,129,26,20,13,92,118,122,134,82" hai1="49,22,2,68,135,106,112,103,116,57,64,19,108" hai2="66,74,131,45,9,36,69,58,113,117,4,98,28" hai3="101,61,59,62,42,104,89,75,51,87,39,34,109"/><W30/><G75/><T3/><D122/><U46/><E112/><V95/><F113/><W91/><G39/><T65/><D105/><U0/><E68/><V88/><F117/><W97/><G109/><T38/><D134/><U110/><E135/><V115/><F115/><W7/><G7/><T111/><D129/><U56/><E116/><V44/><F131/><W40/><G61/><T15/><D65/><U96/><E57/><V120/><F74/><W37/><G37/><T71/><D92/><U14/><E56/><V17/><F28/><W47/><G40/><T85/><D38/><U29/><E64/><V80/><F36/><W132/><G132/><T50/><D85/><U27/><E110/><V43/><F43/><W60/><G60/><T73/><D73/><U100/><E103/><V81/><F69/><W8/><G8/><T127/><D26/><U99/><E99/><V35/><F35/><W78/><G30/><T5/><D71/><U79/><E79/><V126/><F126/><W84/><G34/><T86/><D86/><U41/><REACH who="1" step="1"/><E108/><REACH who="1" ten="103,269,417,191" step="2"/><V54/><F66/><W123/><G78/><T94/><D111/><U12/><E12/><N who="2" m="5159" /><F120/><W125/><G123/><T102/><D118/><U133/><E133/><V18/><F45/><W128/><G128/><T16/><D119/><U52/><E52/><V76/><F44/><W48/><G47/><T124/><D53/><U55/><E55/><V70/><F70/><W33/><G101/><T31/><D102/><U114/><E114/><V90/><F76/><W83/><G97/><T93/><D15/><U63/><E63/><RYUUKYOKU ba="4,2" sc="103,-10,269,30,417,-10,191,-10" hai1="0,2,14,19,22,27,29,41,46,49,96,100,106" /><INIT seed="4,5,2,1,2,17" ten="93,299,407,181" oya="0" hai0="66,69,61,97,14,90,71,77,65,124,73,110,45" hai1="103,7,30,26,12,15,100,55,88,117,125,3,2" hai2="68,39,120,41,18,67,115,58,40,116,19,99,133" hai3="28,62,114,32,92,56,63,81,22,108,98,94,83"/><T135/><D124/><U129/><E117/><V16/><F120/><W76/><G32/><T70/><D135/><U112/><E125/><V78/><F115/><W107/><G108/><T24/><D110/><U105/><E129/><V36/><F116/><W47/><G114/><T96/><D45/><U51/><E112/><V127/><F68/><W23/><G107/><T5/><D24/><U43/><E43/><V106/><F78/><W79/><G47/><T72/><D77/><U80/><E3/><V109/><F109/><W87/><G28/><T52/><D90/><U6/><E2/><V113/><F113/><W134/><G134/><T9/><D52/><U27/><E105/><V121/><F121/><W91/><G92/><T122/><D122/><U132/><E132/><V20/><F127/><W93/><G93/><T34/><D34/><U53/><E30/><V38/><F133/><W21/><REACH who="3" step="1"/><G56/><REACH who="3" ten="93,299,407,171" step="2"/><T101/><D97/><U89/><E80/><V84/><F106/><W60/><G60/><T119/><D119/><U111/><E111/><V50/><F99/><W128/><G128/><T37/><D37/><U46/><E46/><V75/><F39/><W25/><G25/><T48/><D48/><AGARI ba="5,3" hai="6,7,12,15,26,27,48,51,53,55,88,89,100,103" machi="48" ten="25,6400,0" yaku="22,2,8,1,54,1" doraHai="17" who="1" fromWho="0" sc="93,-79,299,109,407,0,171,0" /><INIT seed="5,0,0,3,1,88" ten="14,408,407,171" oya="1" hai0="87,35,14,110,47,28,108,12,53,113,17,78,55" hai1="100,77,81,25,63,4,58,107,33,94,76,122,7" hai2="117,68,105,101,50,75,127,23,129,18,3,38,90" hai3="60,43,36,48,1,19,61,49,24,131,16,124,56"/><U31/><E107/><V40/><F129/><W111/><G111/><T37/><D113/><U59/><E122/><V109/><F127/><W22/><G1/><T125/><D125/><U69/><E69/><V115/><F117/><W20/><G131/><T26/><D14/><U123/><E123/><V102/><F109/><W54/><G36/><T65/><D65/><U103/><E59/><V10/><F75/><W128/><G128/><T86/><D55/><U32/><E32/><V74/><F74/><W83/><G83/><T44/><D44/><U45/><E45/><V92/><F105/><W8/><G8/><T27/><D27/><U82/><E100/><V15/><F38/><W119/><G119/><T133/><D133/><U9/><E81/><V64/><F64/><W41/><G124/><T2/><D2/><U85/><E77/><V30/><F3/><W5/><G5/><T112/><D112/><U66/><REACH who="1" step="1"/><E9/><REACH who="1" ten="14,398,407,171" step="2"/><V21/><F68/><W135/><G56/><T0/><D110/><U67/><E67/><V29/><F115/><W13/><G135/><T6/><D108/><U72/><E72/><V52/><F101/><W93/><G22/><N who="2" m="8201" /><F102/><W39/><G20/><N who="0" m="11303" /><D78/><U70/><E70/><V106/><F106/><W34/><G34/><T98/><D37/><U91/><E91/><V51/><F30/><W130/><G39/><T95/><D47/><U71/><E71/><V121/><F29/><W120/><G130/><T73/><D73/><U42/><E42/><V118/><F121/><W57/><G120/><T99/><D35/><U114/><E114/><V79/><F40/><RYUUKYOKU ba="0,1" sc="14,-10,398,30,407,-10,171,-10" hai1="4,7,25,31,33,58,63,66,76,82,85,94,103" /><INIT seed="5,1,1,1,3,30" ten="4,428,397,161" oya="1" hai0="99,116,15,84,1,38,81,13,63,17,49,96,107" hai1="128,9,86,21,22,57,113,50,77,64,35,135,82" hai2="43,58,34,114,108,31,127,53,117,88,101,129,125" hai3="5,36,104,37,132,51,105,106,110,119,0,134,68"/><U44/><E35/><V74/><F117/><W103/><G110/><T109/><D116/><U4/><E113/><V6/><F108/><W32/><G119/><T29/><D109/><U26/><E128/><V61/><F74/><W48/><G103/><T80/><D38/><U72/><E72/><V78/><F78/><W20/><G32/><T12/><D1/><U18/><E22/><V67/><F129/><W95/><G95/><T71/><D71/><U2/><E135/><V65/><F6/><W60/><G20/><T87/><D107/><U52/><REACH who="1" step="1"/><E64/><REACH who="1" ten="4,418,397,161" step="2"/><V47/><F114/><W19/><G132/><T85/><D29/><U3/><E3/><V76/><F67/><W42/><G0/><T131/><D131/><U11/><E11/><V97/><F65/><W40/><G134/><T98/><D17/><U56/><AGARI ba="1,2" hai="2,4,9,18,21,26,44,50,52,56,57,77,82,86" machi="56" ten="30,6000,0" yaku="1,1,0,1,54,1,53,0" doraHai="30" doraHaiUra="69" who="1" fromWho="1" sc="4,-21,418,83,397,-21,161,-21" owari="-17,-51.7,501,60.1,376,17.6,140,-26.0" /></mjloggm>