<mjloggm ver="2.3"><GO type="169" lobby="0"/><UN n0="%6D%61%6A%75%6E%69%61" n1="%E3%83%87%E3%83%93%E3%83%AB%E3%81%BE%E3%83%BC%E3%81%8F%E3%82%93" n2="%E3%82%A8%E3%82%B0%E3%83%81%E3%80%81" n3="%E3%81%8B%E3%81%B6%E8%8C%B6" dan="16,16,16,17" rate="2142.21,2091.07,2174.46,2144.49" sx="M,M,M,M"/><TAIKYOKU oya="0"/><INIT seed="0,0,0,0,1,17" ten="250,250,250,250" oya="0" hai0="109,59,55,23,46,74,42,22,116,58,8,41,20" hai1="34,1,56,103,117,2,102,112,15,71,11,126,25" hai2="0,81,93,30,110,4,21,40,128,33,7,24,36" hai3="28,90,88,35,48,31,98,99,121,13,54,67,53"/><T111/><D116/><U97/><E117/><V80/><F110/><N who="0" m="41994" /><D74/><U91/><E71/><V79/><F128/><W115/><G35/><T113/><D113/><U16/><E126/><V104/><F104/><W43/><G115/><T49/><D8/><U123/><E123/><V57/><F81/><W114/><G114/><T29/><D29/><U125/><E125/><V92/><F33/><W50/><G13/><T132/><D132/><U18/><E112/><V124/><F124/><W69/><G69/><T39/><D42/><U130/><E130/><V105/><F105/><W73/><G43/><T52/><D55/><U37/><E37/><V61/><F40/><W94/><G94/><T101/><D101/><U77/><E103/><V3/><F36/><W51/><G51/><T78/><D78/><U70/><E77/><V83/><F83/><W75/><REACH who="3" step="1"/><G67/><REACH who="3" ten="250,250,250,240" step="2"/><T127/><D127/><U47/><E70/><V100/><F0/><W135/><G135/><T63/><D59/><U129/><E56/><V32/><F3/><W119/><G119/><T5/><D5/><U131/><E131/><V133/><F133/><W122/><AGARI ba="0,1" hai="28,31,48,50,53,54,73,75,88,90,98,99,121,122" machi="122" ten="25,12000,2" yaku="1,1,0,1,22,2,54,1,53,2" doraHai="17" doraHaiUra="107" who="3" fromWho="3" sc="250,-60,250,-30,250,-30,240,130" /><INIT seed="1,0,0,3,1,58" ten="190,220,220,370" oya="1" hai0="104,37,71,28,79,61,87,69,29,88,133,111,135" hai1="40,51,30,72,25,7,103,43,24,70,113,98,78" hai2="64,67,45,13,125,1,117,91,93,39,123,34,54" hai3="115,66,92,132,27,41,59,20,57,106,85,128,90"/><U26/><E113/><V56/><F125/><W101/><G115/><T80/><D37/><U63/><E30/><N who="0" m="11881" /><D104/><U108/><E7/><V126/><F126/><W74/><G128/><T5/><D5/><U110/><E78/><V18/><F1/><W89/><G74/><T131/><D131/><U99/><E72/><V46/><F123/><W105/><G132/><N who="0" m="50763" /><D111/><N who="1" m="42539" /><E51/><V96/><F117/><W95/><G101/><T15/><D15/><U86/><E86/><V33/><F33/><W48/><G105/><T114/><D114/><U62/><E70/><N who="0" m="26633" /><D79/><U109/><N who="1" m="42547" /><U0/><DORA hai="31" /><E0/><V23/><F34/><W22/><G106/><T19/><D19/><U4/><E4/><V47/><REACH who="2" step="1"/><F39/><REACH who="2" ten="190,220,210,370" step="2"/><W75/><G75/><T55/><D55/><U50/><E50/><AGARI ba="0,1" hai="13,18,23,45,46,47,50,54,56,64,67,91,93,96" machi="50" ten="40,8000,1" yaku="1,1,2,1,8,1,53,1" doraHai="58,31" doraHaiUra="10,102" who="2" fromWho="1" sc="190,0,220,-80,210,90,370,0" /><INIT seed="2,0,0,2,2,12" ten="190,140,300,370" oya="2" hai0="97,67,13,80,32,3,127,84,74,71,18,65,85" hai1="37,135,56,120,60,25,100,101,48,91,133,41,99" hai2="109,124,72,108,75,125,113,126,131,64,51,22,16" hai3="52,23,79,115,61,55,38,31,95,36,104,0,1"/><V123/><F113/><W88/><G104/><T103/><D127/><U43/><E37/><V128/><F64/><W29/><G79/><T69/><D3/><U129/><E129/><N who="2" m="49739" /><F51/><W134/><G115/><T19/><D32/><U105/><E120/><V59/><F59/><W8/><G134/><N who="1" m="51210" /><E100/><V44/><F44/><W70/><G70/><T94/><D71/><U106/><E91/><V33/><F33/><W82/><G82/><T107/><D69/><U7/><E7/><V78/><F123/><W4/><G0/><T63/><D63/><U21/><E48/><V112/><F112/><W90/><G90/><N who="0" m="53575" /><D85/><U92/><E43/><V45/><F45/><W15/><G36/><T119/><D119/><U26/><E41/><V114/><F114/><W77/><G38/><T68/><D68/><U2/><E26/><N who="2" m="14663" /><F78/><W30/><G77/><N who="0" m="44087" /><D13/><U11/><E2/><V130/><F130/><W50/><G61/><T87/><D87/><U53/><E11/><V49/><F49/><W86/><G50/><T73/><D73/><AGARI ba="0,0" hai="72,73,75,108,109,124,125,126" m="14663,49739" machi="73" ten="40,12000,1" yaku="18,1,19,1,52,1,54,1" doraHai="12" who="2" fromWho="0" sc="190,-120,140,0,300,120,370,0" /><INIT seed="2,1,0,1,0,111" ten="70,140,420,370" oya="2" hai0="104,114,59,14,76,116,16,37,88,56,129,42,102" hai1="92,7,36,134,13,32,4,115,27,46,43,51,52" hai2="54,118,103,38,69,57,117,131,23,113,78,39,83" hai3="55,2,97,89,45,30,85,31,48,120,105,99,68"/><V29/><F69/><W110/><G120/><T33/><D116/><U12/><E134/><V11/><F131/><W127/><G2/><T0/><D0/><U62/><E62/><V124/><F124/><W65/><G127/><T91/><D33/><U18/><E13/><V119/><F103/><W58/><G68/><T71/><D71/><U70/><E70/><V108/><F108/><W73/><G73/><T17/><D76/><U94/><E115/><V77/><F11/><W61/><G105/><T9/><D114/><U122/><E122/><V95/><F95/><N who="3" m="54703" /><G110/><T82/><D129/><U19/><E19/><V35/><F113/><W47/><G47/><T96/><D17/><U22/><E32/><V132/><F132/><W133/><G133/><T49/><D37/><U20/><E4/><V21/><F77/><W87/><G87/><T63/><D82/><U128/><E128/><V28/><F39/><W15/><G15/><T107/><D104/><U41/><E41/><V53/><F38/><W26/><G30/><T81/><D81/><U100/><E7/><V79/><F118/><W98/><G31/><T67/><REACH who="0" step="1"/><D56/><REACH who="0" ten="60,140,420,370" step="2"/><U86/><E36/><V93/><F83/><W66/><G26/><T135/><D135/><U64/><E27/><V24/><F35/><W112/><G112/><T75/><D75/><U84/><E18/><V3/><F57/><W80/><G80/><T50/><D50/><U5/><E51/><V123/><F3/><W1/><G1/><T10/><D10/><U126/><E126/><V34/><F34/><W25/><G25/><T8/><D8/><RYUUKYOKU ba="1,1" sc="60,15,140,-15,420,-15,370,15" hai0="9,14,16,42,49,59,63,67,88,91,96,102,107" hai3="45,48,55,58,61,65,66,97,98,99" /><INIT seed="3,2,1,2,4,50" ten="75,125,405,385" oya="3" hai0="83,107,25,106,4,31,134,61,91,94,65,34,42" hai1="38,20,115,125,69,105,32,59,73,109,24,54,117" hai2="52,21,113,56,15,35,7,87,75,76,19,108,112" hai3="6,8,23,131,44,90,124,62,81,100,129,60,84"/><W126/><G100/><T51/><D134/><U71/><RYUUKYOKU type="yao9" ba="2,1" sc="75,0,125,0,405,0,385,0" hai1="20,24,32,38,54,59,69,71,73,105,109,115,117,125" /><INIT seed="3,3,1,3,1,121" ten="75,125,405,385" oya="3" hai0="67,17,40,13,46,24,50,106,70,116,53,7,124" hai1="2,27,132,133,3,86,62,113,34,38,69,75,98" hai2="6,110,109,91,92,12,61,128,49,18,90,114,28" hai3="23,89,30,94,36,4,21,73,85,103,37,59,88"/><W31/><G73/><T100/><D116/><U79/><E113/><V93/><F114/><W68/><G68/><T83/><D7/><U76/><E86/><V97/><F128/><W122/><G122/><T32/><D124/><U131/><E131/><V5/><F28/><W63/><G4/><T57/><D83/><U42/><E98/><N who="2" m="57623" /><F49/><W117/><G117/><T43/><D106/><U95/><E95/><V20/><F61/><W64/><G37/><T66/><D100/><U84/><E84/><V96/><F96/><N who="3" m="59799" /><G36/><T108/><D108/><AGARI ba="3,1" hai="5,6,12,18,20,91,93,97,108,109,110" m="57623" machi="108" ten="30,7700,0" yaku="14,1,52,3" doraHai="121" who="2" fromWho="0" sc="75,-86,125,0,405,96,385,0" owari="-11,-51.1,125,-27.5,501,60.1,385,18.5" /></mjloggm>