<mjloggm ver="2.3"><GO type="169" lobby="0"/><UN n0="%E3%81%82%E3%81%8A%E3%81%8D%E3%82%93%E3%81%90" n1="%E3%83%AC%E3%82%AA%E3%83%B3%E3%83%8F%E3%83%AB%E3%83%88" n2="%E3%81%A6%E3%82%8A%E3%81%86%E3%82%80" n3="%E3%83%90%E3%83%AA%E3%83%88%E3%83%B3" dan="16,17,16,17" rate="2123.02,2191.89,2089.39,2240.04" sx="M,M,M,M"/><TAIKYOKU oya="0"/><INIT seed="0,0,0,0,3,23" ten="250,250,250,250" oya="0" hai0="119,60,4,121,31,22,16,128,111,114,14,83,55" hai1="24,35,63,10,117,69,51,2,82,94,116,30,15" hai2="5,58,103,91,101,75,33,1,93,113,49,98,85" hai3="77,19,92,132,47,89,43,130,107,97,88,115,42"/><T37/><D37/><U104/><E104/><V26/><F75/><W108/><G115/><T87/><D114/><U61/><E2/><V96/><F5/><W126/><G126/><T86/><D119/><U45/><E82/><V27/><F1/><W29/><G108/><T102/><D121/><U125/><E94/><N who="2" m="58583" /><F33/><W62/><G107/><T109/><D102/><U28/><E28/><V38/><F38/><W99/><G132/><T124/><D124/><U79/><E79/><V84/><F113/><W36/><G130/><T18/><D128/><U13/><E13/><V110/><F110/><N who="0" m="41994" /><D87/><N who="2" m="33354" /><F103/><W54/><G77/><N who="0" m="46447" /><D4/><U8/><E125/><V50/><F50/><W67/><G89/><T53/><D31/><U12/><E69/><V100/><F100/><W21/><G97/><T44/><D44/><U41/><E117/><V40/><F58/><N who="3" m="37335" /><G36/><T68/><D18/><U122/><E116/><V90/><F90/><W74/><G74/><T106/><D106/><U6/><REACH who="1" step="1"/><E122/><REACH who="1" ten="250,240,250,250" step="2"/><V39/><F39/><W73/><G29/><T112/><D112/><U66/><E66/><AGARI ba="0,1" hai="14,16,22,53,55,60,66,68" m="46447,41994" machi="66" ten="30,5800,0" yaku="14,1,10,1,54,1" doraHai="23" who="0" fromWho="1" sc="250,68,240,-58,250,0,250,0" /><INIT seed="0,1,0,0,1,68" ten="318,182,250,250" oya="0" hai0="128,96,29,115,120,127,47,26,20,35,32,5,63" hai1="88,135,83,98,0,54,41,97,42,82,104,62,125" hai2="38,108,56,123,44,70,16,103,65,91,2,4,79" hai3="48,72,7,8,10,122,78,74,133,14,71,118,23"/><T24/><D115/><U43/><E0/><V84/><F123/><W9/><G118/><T1/><D120/><U130/><E130/><V57/><F103/><W27/><G71/><T55/><D128/><U17/><E135/><V67/><F79/><W92/><G133/><T124/><D96/><U59/><E125/><N who="0" m="48201" /><D63/><U110/><E110/><V6/><F6/><W37/><G122/><T116/><D55/><U134/><E134/><V101/><F101/><W99/><G37/><T76/><D76/><U73/><E104/><V49/><F4/><W13/><G78/><T19/><D47/><U69/><E73/><V30/><F44/><W61/><G61/><T80/><D80/><U45/><E69/><V18/><F70/><W77/><G48/><T75/><D75/><U121/><E121/><V11/><F49/><W60/><G60/><T51/><D51/><U94/><E45/><V15/><F84/><W113/><G113/><T109/><D116/><U21/><REACH who="1" step="1"/><E97/><REACH who="1" ten="318,172,250,250" step="2"/><V34/><F108/><W36/><G74/><T31/><D109/><U100/><E100/><V33/><F2/><W39/><G72/><T46/><D46/><U53/><E53/><V107/><F107/><W50/><G99/><T93/><D1/><U131/><E131/><V117/><F117/><W129/><G129/><T40/><D40/><U132/><E132/><V52/><F52/><W119/><G119/><T106/><D106/><U28/><E28/><V25/><F30/><W111/><G111/><T89/><D31/><U66/><E66/><V85/><F65/><W95/><G39/><T102/><D29/><RYUUKYOKU ba="1,1" sc="318,-10,172,30,250,-10,250,-10" hai1="17,21,41,42,43,54,59,62,82,83,88,94,98" /><INIT seed="1,2,1,0,2,135" ten="308,202,240,240" oya="1" hai0="63,20,58,50,98,118,23,74,99,36,54,112,95" hai1="60,65,73,66,130,77,45,39,72,70,116,114,48" hai2="68,46,132,13,62,86,110,103,106,28,102,89,134" hai3="71,105,67,18,33,92,83,117,8,56,16,32,51"/><U2/><E114/><V124/><F110/><W9/><G105/><T15/><D118/><U6/><E116/><V29/><F46/><W61/><G117/><T47/><D74/><U30/><E130/><V119/><F119/><W25/><G83/><T93/><D36/><U76/><E39/><V81/><F13/><W109/><G109/><T55/><D112/><U129/><E129/><V111/><F111/><W101/><G101/><N who="2" m="38409" /><F106/><W41/><G92/><N who="0" m="35403" /><D15/><U91/><E91/><V94/><F81/><W128/><G128/><T14/><D14/><U85/><E66/><N who="2" m="41047" /><F124/><W26/><G41/><T122/><D122/><U126/><E30/><V11/><F11/><W57/><G51/><T0/><D0/><U115/><E115/><V19/><F19/><W1/><G61/><T96/><AGARI ba="2,1" hai="20,23,47,50,54,55,58,63,96,98,99" m="35403" machi="96" ten="30,1100,0" yaku="8,1" doraHai="135" who="0" fromWho="0" sc="308,27,202,-7,240,-5,240,-5" /><INIT seed="2,0,0,3,0,20" ten="335,195,235,235" oya="2" hai0="120,128,39,8,91,77,43,33,89,5,34,101,64" hai1="100,105,31,97,13,67,12,92,95,26,73,25,0" hai2="28,96,1,78,48,113,99,56,37,65,58,83,19" hai3="53,52,16,132,45,81,110,69,62,15,17,4,104"/><V124/><F124/><W98/><G110/><T54/><D120/><U46/><E0/><V116/><F113/><W126/><G126/><T119/><D64/><U36/><E73/><V130/><F37/><W55/><G132/><T122/><D101/><U90/><E67/><V86/><F116/><W125/><G125/><T71/><D54/><U74/><E74/><V115/><F1/><W87/><G4/><T112/><D91/><U38/><E105/><V103/><F28/><W22/><G17/><T11/><D89/><U3/><E3/><V135/><F130/><W30/><G30/><T44/><D77/><U59/><E59/><V32/><F32/><W57/><G69/><T35/><D71/><U7/><E36/><V68/><F135/><W121/><G121/><T21/><D112/><U61/><E61/><N who="2" m="38071" /><F103/><W60/><G60/><T41/><D39/><U29/><E46/><V50/><F68/><W88/><REACH who="3" step="1"/><G45/><REACH who="3" ten="335,195,235,225" step="2"/><T102/><D44/><U134/><E134/><V27/><F115/><W9/><G9/><T72/><D11/><U79/><E7/><V80/><F56/><W6/><G6/><T133/><D5/><U18/><E31/><V14/><F50/><W131/><G131/><T123/><D128/><U85/><E38/><V108/><F48/><W2/><G2/><T42/><D133/><U107/><E29/><V49/><F49/><W82/><G82/><T114/><D34/><U70/><E70/><V118/><F83/><W75/><G75/><T63/><D35/><U111/><E18/><V76/><F19/><W84/><G84/><T23/><D33/><RYUUKYOKU ba="0,1" sc="335,-10,195,-10,235,-10,225,30" hai3="15,16,22,52,53,55,57,62,81,87,88,98,104" /><INIT seed="3,1,1,2,2,58" ten="325,185,225,255" oya="3" hai0="70,8,14,94,95,23,19,104,89,109,87,57,120" hai1="74,25,93,4,36,30,111,21,42,31,20,52,26" hai2="125,114,103,54,3,49,43,40,102,55,123,24,127" hai3="108,79,119,29,38,133,122,32,59,69,33,1,112"/><W66/><RYUUKYOKU type="yao9" ba="1,1" sc="325,0,185,0,225,0,255,0" hai3="1,29,32,33,38,59,66,69,79,108,112,119,122,133" /><INIT seed="3,2,1,5,1,90" ten="325,185,225,255" oya="3" hai0="96,60,124,47,92,28,121,89,37,16,13,102,43" hai1="86,24,82,106,80,51,132,68,116,134,101,111,61" hai2="115,20,133,30,65,4,103,5,6,122,23,29,66" hai3="120,46,87,11,26,126,50,31,38,52,62,107,32"/><W69/><G120/><T7/><D124/><U44/><E111/><V27/><F103/><W8/><G126/><T22/><D121/><U42/><E116/><V79/><F122/><W118/><G118/><T98/><D7/><U108/><E108/><V33/><F79/><W2/><G2/><T58/><D28/><U41/><E41/><V0/><F115/><W81/><G107/><T113/><D113/><U104/><E24/><N who="2" m="16543" /><F65/><W12/><G38/><T9/><D9/><U76/><E82/><V135/><F66/><W127/><G127/><T72/><D72/><U40/><E40/><V131/><F131/><W53/><G69/><T3/><D3/><U57/><E68/><V129/><F129/><W128/><G128/><T109/><D109/><U39/><E39/><V77/><F77/><W18/><G62/><T17/><D17/><U88/><E76/><V67/><F67/><W45/><G11/><T48/><D37/><U93/><E61/><V49/><F49/><W10/><G10/><T19/><D19/><U35/><E35/><V110/><F110/><W70/><G70/><T56/><REACH who="0" step="1"/><D60/><REACH who="0" ten="315,185,225,255" step="2"/><U63/><E63/><V64/><F64/><W78/><REACH who="3" step="1"/><G53/><REACH who="3" ten="315,185,225,245" step="2"/><T71/><D71/><U105/><E42/><V14/><F0/><W125/><G125/><T55/><D55/><U75/><E134/><V119/><F119/><W130/><G130/><T73/><D73/><U94/><E132/><N who="2" m="50763" /><F33/><W117/><G117/><T1/><D1/><U54/><E75/><V97/><F97/><W25/><G25/><T36/><D36/><U112/><E112/><V85/><F14/><RYUUKYOKU ba="2,3" sc="315,10,185,-30,225,10,245,10" hai0="13,16,22,43,47,48,56,58,89,92,96,98,102" hai2="4,5,6,20,27,30,85" hai3="8,12,18,26,31,32,45,46,50,52,78,81,87" /><INIT seed="3,3,3,3,4,72" ten="325,155,235,255" oya="3" hai0="90,111,31,4,123,65,71,11,95,105,75,35,1" hai1="39,51,2,33,21,17,121,80,7,0,104,28,26" hai2="78,128,46,49,88,66,93,100,58,127,36,84,118" hai3="24,110,85,62,27,126,14,116,73,56,34,42,109"/><W102/><G73/><T57/><D105/><U117/><E121/><V45/><F118/><W20/><G116/><T86/><D75/><U129/><E39/><V59/><F36/><W3/><G3/><T132/><D123/><U112/><E117/><V15/><F127/><W101/><G126/><T89/><D71/><U61/><E112/><V125/><F128/><W60/><G42/><T83/><D111/><N who="3" m="42505" /><G62/><T16/><D132/><U97/><E129/><V18/><F100/><N who="3" m="38507" /><G34/><T9/><D35/><U98/><E104/><V25/><F125/><W76/><G14/><T94/><D31/><U92/><E61/><N who="2" m="38207" /><F15/><W19/><G24/><T124/><D124/><U114/><E26/><V37/><F37/><W135/><G135/><T77/><D1/><U108/><E33/><V69/><F69/><W122/><G122/><T30/><D65/><U54/><E108/><V52/><F78/><W107/><G107/><T23/><D77/><U8/><E0/><V103/><F103/><W53/><G85/><T10/><D86/><U133/><E133/><V64/><F64/><W113/><G76/><T48/><D90/><U41/><E2/><V67/><F67/><W38/><G38/><T50/><D89/><U74/><E74/><V5/><F5/><W82/><G82/><T115/><D83/><U130/><E7/><V44/><F25/><W43/><G113/><T70/><D115/><U47/><E130/><V12/><F12/><W96/><G96/><T131/><D131/><U55/><E114/><V68/><F68/><W106/><G106/><T6/><D70/><U22/><E98/><RYUUKYOKU ba="3,3" sc="325,-15,155,-15,235,15,255,15" hai2="18,44,45,46,49,52,58,84,88,93" hai3="19,20,27,43,53,56,60" /><INIT seed="3,4,3,4,2,52" ten="310,140,250,270" oya="3" hai0="32,15,53,38,6,43,122,73,92,121,131,87,60" hai1="117,2,33,116,65,59,67,106,36,51,91,24,90" hai2="124,72,77,101,98,11,27,5,46,31,18,23,80" hai3="119,56,125,120,82,84,97,108,9,47,102,99,26"/><W94/><G119/><N who="1" m="45642" /><E106/><V100/><F124/><W76/><G125/><T95/><D73/><U107/><E107/><V57/><F46/><W114/><G114/><T133/><D32/><U44/><E2/><V96/><F18/><W29/><G120/><T71/><D15/><U20/><E36/><V42/><F42/><W40/><G108/><T105/><D6/><U41/><E33/><V81/><F81/><W64/><G9/><T48/><D92/><U112/><E112/><V74/><F74/><W79/><G97/><T109/><D95/><U113/><E113/><V70/><F70/><W16/><G16/><T88/><D105/><U55/><E67/><V25/><F25/><W0/><G0/><T89/><D38/><N who="1" m="21559" /><E65/><V58/><F100/><W35/><G64/><T34/><D34/><U22/><E22/><V54/><F101/><W63/><G63/><T4/><D71/><U93/><E93/><V123/><F123/><W103/><G103/><T128/><D122/><U13/><E13/><V69/><F69/><W127/><G127/><T129/><D121/><U19/><AGARI ba="4,3" hai="19,20,24,51,55,59,90,91" m="21559,45642" machi="19" ten="30,2000,0" yaku="12,1,52,1" doraHai="52" who="1" fromWho="1" sc="310,-9,140,62,250,-9,270,-14" /><INIT seed="4,0,0,2,4,127" ten="301,202,241,256" oya="0" hai0="95,11,81,82,14,10,67,121,135,2,62,17,96" hai1="113,37,44,85,94,130,47,110,52,8,102,131,126" hai2="93,73,15,120,38,109,76,55,39,21,116,43,9" hai3="87,34,101,13,111,74,24,42,22,115,1,64,57"/><T78/><D121/><U99/><E110/><V83/><F120/><W45/><G74/><T20/><D135/><U27/><E126/><V26/><F109/><W114/><G1/><T28/><D2/><U31/><E113/><V29/><F43/><W19/><G111/><T66/><D66/><U112/><E112/><N who="3" m="43050" /><G101/><T41/><D41/><U69/><E69/><V54/><F54/><W51/><G87/><T58/><D28/><U48/><E8/><N who="0" m="3113" /><D78/><U61/><E61/><V12/><F12/><W89/><G89/><AGARI ba="0,0" hai="14,17,20,58,62,67,81,82,89,95,96" m="3113" machi="89" ten="30,1500,0" yaku="8,1" doraHai="127" who="0" fromWho="3" sc="301,15,202,0,241,0,256,-15" /><INIT seed="4,1,0,1,3,122" ten="316,202,241,241" oya="0" hai0="36,121,78,51,85,23,100,39,11,126,60,111,81" hai1="9,0,118,69,1,114,45,12,20,49,42,87,130" hai2="22,107,40,58,6,71,62,70,128,53,50,10,73" hai3="94,55,80,84,14,116,67,123,108,97,56,109,131"/><T3/><D121/><U21/><E118/><V83/><F128/><W37/><G116/><T104/><D104/><U57/><E69/><V41/><F107/><W26/><G123/><T54/><D100/><U27/><E130/><V127/><F127/><W4/><G37/><T90/><D126/><U28/><E20/><V76/><F22/><W82/><G67/><T66/><D23/><U7/><E114/><V74/><F74/><W2/><G2/><T95/><D11/><U103/><E103/><V47/><REACH who="2" step="1"/><F40/><REACH who="2" ten="316,202,231,241" step="2"/><W38/><G131/><T32/><D32/><U105/><E105/><V120/><F120/><W77/><G26/><T52/><D3/><AGARI ba="1,1" hai="3,6,10,41,47,50,53,58,62,70,71,73,76,83" machi="3" ten="30,2000,0" yaku="1,1,7,1,53,0" doraHai="122" doraHaiUra="124" who="2" fromWho="0" sc="316,-23,202,0,231,33,241,0" /><INIT seed="5,0,0,0,3,21" ten="293,202,264,241" oya="1" hai0="106,59,77,95,61,30,80,86,34,45,48,85,44" hai1="57,42,122,116,96,100,73,28,108,93,35,123,4" hai2="55,87,74,98,38,64,92,12,110,66,65,70,5" hai3="135,17,101,60,20,0,62,103,24,14,23,83,40"/><U63/><E116/><V33/><F74/><W102/><G0/><T41/><D106/><U10/><E73/><V118/><F38/><W94/><G135/><T25/><D45/><U26/><E42/><V78/><F33/><W129/><G129/><T8/><D8/><U27/><E27/><V31/><F31/><W15/><G40/><T111/><D111/><U128/><E128/><V71/><F55/><W67/><G83/><T104/><D104/><U7/><E108/><V52/><F52/><W29/><G62/><T82/><D95/><U47/><E47/><V120/><F120/><W81/><G81/><T119/><D119/><U1/><REACH who="1" step="1"/><E4/><REACH who="1" ten="293,192,264,241" step="2"/><V68/><F5/><W117/><G117/><T18/><D44/><U13/><E13/><V84/><F12/><W3/><G15/><T46/><D46/><U69/><E69/><V127/><F110/><W36/><G36/><T58/><D25/><U54/><AGARI ba="0,1" hai="1,7,10,26,28,35,54,57,63,93,96,100,122,123" machi="54" ten="20,7800,0" yaku="1,1,0,1,7,1,52,1,53,0" doraHai="21" doraHaiUra="43" who="1" fromWho="1" sc="293,-26,192,88,264,-26,241,-26" /><INIT seed="5,1,0,4,0,110" ten="267,280,238,215" oya="1" hai0="102,69,35,58,23,81,114,12,94,62,18,106,56" hai1="133,9,78,111,10,3,89,42,77,113,61,103,132" hai2="98,41,59,33,82,96,86,87,37,51,130,129,26" hai3="40,107,125,39,54,117,127,105,15,29,11,95,99"/><U126/><E126/><N who="3" m="48138" /><G29/><T119/><D119/><U20/><E111/><V30/><F37/><W116/><G54/><T60/><D35/><U67/><E103/><V38/><F38/><W115/><G40/><T135/><D106/><N who="3" m="40457" /><G39/><T74/><D18/><U118/><E118/><N who="3" m="45674" /><G15/><T73/><D12/><U68/><E42/><V91/><F41/><W24/><G11/><T2/><D58/><U112/><E20/><V27/><F59/><W49/><G49/><T36/><D56/><U50/><E50/><V22/><F51/><W80/><G24/><T71/><D62/><U128/><E61/><V66/><F30/><W31/><G31/><T48/><D60/><U108/><E108/><V57/><F57/><W134/><G80/><T28/><D81/><U123/><E10/><V5/><F82/><W101/><G134/><T47/><D23/><U52/><E9/><V1/><F22/><W19/><G19/><T92/><D28/><U64/><E52/><V0/><F33/><W6/><G6/><T121/><D135/><U34/><E34/><V32/><F32/><W16/><G16/><T4/><D4/><U8/><E8/><V43/><F5/><W79/><G79/><T76/><D76/><U109/><E109/><V75/><F43/><W46/><G46/><T84/><D47/><U70/><E133/><V120/><F26/><W21/><G21/><T14/><D48/><U13/><E132/><V17/><F27/><W7/><G7/><T122/><D36/><U93/><E13/><V97/><F17/><W131/><G131/><T25/><D14/><U65/><E128/><RYUUKYOKU ba="1,0" sc="267,-10,280,-10,238,-10,215,30" hai3="95,99,101,115" /><INIT seed="6,2,0,5,0,11" ten="257,270,228,245" oya="2" hai0="49,77,84,10,50,122,53,47,7,88,15,69,24" hai1="131,120,32,31,117,62,64,2,20,107,63,121,108" hai2="36,28,66,124,111,19,118,126,115,101,23,8,48" hai3="106,40,68,81,119,85,128,98,21,0,58,60,96"/><V52/><F115/><W125/><G119/><T67/><D122/><N who="1" m="47211" /><E117/><V116/><F36/><W102/><G0/><T70/><D77/><U26/><E108/><V133/><F133/><W35/><G35/><T127/><D127/><N who="2" m="48682" /><F111/><W134/><G128/><T44/><D24/><N who="1" m="18535" /><E2/><V6/><F66/><W93/><G68/><T114/><D67/><U74/><E74/><V17/><F101/><W130/><G130/><T18/><D7/><U132/><E131/><V113/><F113/><W16/><G40/><T27/><D27/><U99/><E64/><V5/><F28/><W57/><G134/><T129/><D114/><U90/><E132/><V80/><F80/><W65/><G125/><T83/><D129/><U87/><E99/><V30/><F30/><W12/><G58/><T33/><D33/><U95/><E107/><V55/><F55/><AGARI ba="2,0" hai="10,15,18,44,47,49,50,53,55,69,70,83,84,88" machi="55" ten="30,12000,2" yaku="7,1,9,1,25,2,52,1,54,1" doraHai="11" who="0" fromWho="2" sc="257,126,270,0,228,-126,245,0" /><INIT seed="7,0,0,3,3,105" ten="383,270,102,245" oya="3" hai0="117,10,115,0,101,41,89,133,123,61,85,50,47" hai1="63,33,110,134,80,92,100,88,37,68,53,28,65" hai2="116,62,59,44,45,107,112,106,57,77,98,66,84" hai3="38,69,73,20,91,34,109,23,40,7,132,12,1"/><W95/><G34/><T90/><D117/><U8/><E110/><V135/><F112/><W71/><G132/><T108/><D108/><U120/><E120/><V32/><F135/><W58/><G1/><T96/><D123/><U119/><E134/><V93/><F32/><W22/><G109/><T75/><D75/><U29/><E37/><V60/><F116/><W4/><G73/><T16/><D133/><U13/><E119/><V118/><F118/><W83/><G83/><T36/><D115/><U131/><E131/><V82/><F106/><W79/><G79/><T56/><D36/><U97/><E53/><V51/><F51/><W35/><G35/><T121/><D85/><U111/><E33/><V2/><F107/><W99/><G58/><T21/><D10/><U122/><E122/><V114/><F2/><W19/><G69/><T25/><D0/><U15/><E15/><V70/><F70/><W102/><G71/><T103/><D103/><U48/><E48/><V30/><F30/><W64/><G64/><N who="0" m="38951" /><D121/><U104/><E80/><V42/><F42/><W129/><G129/><T27/><D27/><U14/><E14/><V31/><F31/><W72/><G72/><T87/><D87/><U113/><E113/><V52/><REACH who="2" step="1"/><F114/><REACH who="2" ten="383,270,92,245" step="2"/><W6/><G40/><T86/><D86/><U125/><E111/><V126/><F126/><W54/><G38/><T18/><D18/><U128/><E125/><V67/><F67/><W94/><G54/><T127/><D127/><U39/><E39/><V78/><F78/><W124/><G124/><T76/><D76/><U5/><E68/><RYUUKYOKU ba="0,1" sc="383,10,270,-30,92,10,245,10" hai0="16,21,25,41,47,50,89,90,96,101" hai2="44,45,52,57,59,60,62,66,77,82,84,93,98" hai3="4,6,7,12,19,20,22,23,91,94,95,99,102" /><INIT seed="7,1,1,4,5,51" ten="393,240,102,255" oya="3" hai0="31,56,89,103,62,83,63,134,65,88,57,53,101" hai1="54,97,21,84,116,36,107,47,121,15,129,96,60" hai2="105,132,32,66,118,14,12,81,61,133,85,86,26" hai3="9,127,90,49,2,50,87,75,25,30,109,124,20"/><W91/><G75/><T68/><D134/><U100/><E121/><V18/><F118/><W73/><G73/><T0/><D0/><U37/><E116/><V95/><F105/><W72/><G72/><T135/><D135/><U43/><E129/><V1/><F1/><W34/><G109/><T70/><D31/><U8/><E96/><V28/><F132/><W111/><G111/><T55/><D83/><U64/><E84/><V59/><F133/><W19/><G90/><T6/><D6/><U79/><E21/><V44/><F44/><W48/><G9/><T102/><D102/><U71/><E54/><V58/><F18/><W52/><G2/><T41/><D41/><U10/><E10/><V16/><F59/><W40/><G40/><T126/><D65/><U22/><E22/><V115/><F115/><W27/><G127/><AGARI ba="1,1" hai="53,55,56,57,62,63,68,70,88,89,101,103,126,127" machi="127" ten="25,8000,1" yaku="22,2,52,2,54,1" doraHai="51" who="0" fromWho="3" sc="393,93,240,0,102,0,255,-83" owari="486,58.6,240,4.0,102,-39.8,172,-22.8" /></mjloggm>