<mjloggm ver="2.3"><GO type="169" lobby="0"/><UN n0="%E9%B3%B3%E5%8D%97%E3%81%AE%E3%81%8A%E9%A6%AC%E3%81%95%E3%82%93" n1="%E3%82%AB%E3%83%A9%E6%9D%BE" n2="%E8%A6%9A%E9%86%92%E3%81%97%E3%81%9F%E3%81%A8%E3%81%BE%E3%81%A8" n3="%E3%81%A8%E3%81%B3%E3%81%BE%E3%81%93" dan="18,17,17,18" rate="2230.35,2111.46,2232.83,2211.70" sx="M,M,M,M"/><TAIKYOKU oya="0"/><INIT seed="0,0,0,4,4,80" ten="250,250,250,250" oya="0" hai0="62,126,19,124,57,95,87,123,112,135,17,133,35" hai1="129,130,88,121,28,61,92,27,5,24,78,31,97" hai2="12,107,118,8,109,125,18,111,65,72,70,64,98" hai3="51,132,103,94,134,93,122,114,66,33,100,13,85"/><T60/><D35/><U10/><E121/><V1/><F125/><N who="0" m="48234" /><D112/><U23/><E78/><V119/><F72/><W30/><G66/><N who="2" m="25705" /><F70/><W29/><G33/><T41/><D123/><U26/><E61/><N who="0" m="23657" /><D57/><U54/><E54/><V68/><F68/><W96/><G122/><T105/><D41/><U38/><E38/><V67/><F1/><W86/><G51/><T104/><D95/><U81/><E81/><V22/><F67/><W11/><G114/><T39/><D87/><N who="3" m="33289" /><G132/><N who="0" m="50763" /><D39/><U127/><E127/><V74/><F119/><W34/><G34/><T59/><D59/><U117/><E117/><V48/><F118/><W89/><G134/><T47/><D47/><U50/><E50/><V108/><F48/><W37/><G37/><T91/><D91/><U32/><REACH who="1" step="1"/><E27/><REACH who="1" ten="250,240,250,250" step="2"/><V106/><F74/><W42/><G42/><T45/><D45/><U79/><E79/><V20/><F111/><W21/><G94/><T7/><D7/><U4/><E4/><V102/><F109/><W77/><G77/><T46/><D46/><U110/><E110/><V2/><F108/><W0/><G93/><T120/><D120/><U40/><E40/><V9/><F107/><AGARI ba="0,1" hai="17,19,104,105,107" m="50763,23657,48234" machi="107" ten="40,12000,1" yaku="28,2,18,1,20,1" doraHai="80" who="0" fromWho="2" sc="250,130,240,0,250,-120,250,0" /><INIT seed="0,1,0,2,0,60" ten="380,240,130,250" oya="0" hai0="91,76,42,96,94,99,25,39,132,63,110,83,73" hai1="131,48,53,95,72,36,84,9,16,45,50,119,88" hai2="23,135,104,58,55,7,123,87,22,27,122,70,69" hai3="121,92,31,1,74,33,14,6,62,117,54,49,97"/><T111/><D39/><U80/><E119/><V35/><F104/><W126/><G117/><T18/><D42/><U43/><E131/><V128/><F128/><W41/><G74/><T29/><D18/><U90/><E72/><V115/><F115/><W105/><G1/><T8/><D8/><U133/><E133/><V4/><F135/><W82/><G105/><T28/><D132/><U24/><E53/><V11/><F35/><W102/><G126/><T32/><D28/><U21/><REACH who="1" step="1"/><E9/><REACH who="1" ten="380,230,130,250" step="2"/><V64/><F11/><W13/><G54/><T109/><REACH who="0" step="1"/><D63/><REACH who="0" ten="370,230,130,250" step="2"/><U15/><E15/><V44/><F123/><W19/><G62/><T65/><D65/><U113/><E113/><V124/><F64/><W134/><G14/><T100/><D100/><U78/><E78/><V86/><F122/><W52/><G13/><T71/><D71/><U68/><E68/><V77/><F70/><W85/><G102/><T118/><D118/><U107/><E107/><V47/><F69/><W12/><G134/><T67/><D67/><U46/><E46/><V2/><F77/><W17/><G12/><T38/><D38/><U81/><E81/><V108/><F47/><W57/><G82/><T51/><D51/><U116/><E116/><V61/><F44/><W89/><G49/><T120/><D120/><U125/><E125/><V93/><F124/><W127/><G121/><T20/><D20/><U37/><E37/><V34/><F22/><W10/><G127/><T56/><D56/><U98/><AGARI ba="1,2" hai="16,21,24,36,43,45,48,50,80,84,88,90,95,98" machi="98" ten="20,8000,1" yaku="1,1,0,1,7,1,54,2,53,0" doraHai="60" doraHaiUra="5" who="1" fromWho="1" sc="370,-41,230,103,130,-21,250,-21" /><INIT seed="1,0,0,2,5,121" ten="329,333,109,229" oya="1" hai0="95,32,74,48,17,13,132,79,96,82,30,109,94" hai1="29,120,99,111,75,102,106,105,72,69,68,89,26" hai2="37,88,38,14,52,67,8,119,4,127,63,54,114" hai3="53,103,0,91,57,83,51,100,15,108,27,11,23"/><U71/><E120/><V47/><F119/><W78/><G0/><T76/><D132/><U5/><E89/><V58/><F127/><W39/><G39/><T126/><D126/><U107/><E5/><V34/><F114/><W46/><G108/><T87/><D109/><U97/><E111/><V84/><F34/><W25/><G91/><T133/><D133/><U22/><REACH who="1" step="1"/><E105/><REACH who="1" ten="329,323,109,229" step="2"/><V66/><F38/><W44/><G103/><AGARI ba="0,1" hai="22,26,29,68,69,71,72,75,97,99,102,103,106,107" machi="103" ten="40,7700,0" yaku="1,1,2,1,9,1,53,0" doraHai="121" doraHaiUra="110" who="1" fromWho="3" sc="329,0,323,87,109,0,229,-77" /><INIT seed="1,1,0,4,1,69" ten="329,410,109,152" oya="1" hai0="57,85,133,31,43,8,122,109,14,13,58,1,83" hai1="112,65,18,23,111,68,93,98,6,60,11,49,7" hai2="129,128,29,120,53,115,4,114,34,70,30,44,37" hai3="105,96,97,134,24,89,0,108,80,82,20,99,74"/><U12/><E112/><N who="2" m="43051" /><F120/><W76/><G20/><T63/><D109/><U72/><E72/><V125/><F4/><W55/><G55/><T28/><D133/><U33/><E33/><V3/><F3/><W17/><G17/><T118/><D118/><U100/><E111/><V41/><F125/><W62/><G62/><T126/><D126/><U35/><E35/><V51/><F70/><W27/><G27/><T116/><D116/><U10/><E10/><V71/><F71/><W75/><G24/><T101/><D1/><U104/><E104/><V32/><F32/><W39/><G39/><T9/><D101/><U121/><E121/><V52/><F53/><W5/><G5/><N who="0" m="3215" /><D43/><U40/><E11/><V48/><F48/><W84/><G0/><T107/><D107/><U64/><REACH who="1" step="1"/><E65/><REACH who="1" ten="329,400,109,152" step="2"/><V19/><F34/><W46/><G108/><T92/><D122/><U66/><E66/><V87/><F19/><W38/><G134/><T102/><D31/><N who="2" m="11786" /><F87/><W61/><G75/><T79/><D28/><U117/><E117/><V56/><AGARI ba="1,1" hai="37,41,44,51,52,56,128,129" m="11786,43051" machi="56" ten="30,4000,0" yaku="11,1,52,1,54,1" doraHai="69" who="2" fromWho="2" sc="329,-11,400,-21,109,53,152,-11" /><INIT seed="2,0,0,2,0,96" ten="318,379,162,141" oya="2" hai0="80,129,116,54,74,6,72,119,3,61,56,79,44" hai1="133,120,58,130,78,35,69,108,9,68,105,63,75" hai2="32,21,67,82,15,10,76,93,77,36,128,134,99" hai3="118,71,107,62,109,112,73,83,65,102,31,90,89"/><V98/><F128/><W94/><G118/><N who="0" m="45099" /><D129/><U24/><E130/><V22/><F32/><W38/><G38/><T47/><D72/><U114/><E114/><V103/><F36/><W43/><G112/><T100/><D100/><U125/><E105/><V92/><F134/><W95/><G43/><T7/><D3/><U86/><E75/><V115/><F115/><W131/><G131/><T91/><D91/><U50/><E35/><V16/><F67/><W81/><G109/><T37/><D47/><U101/><E108/><V39/><F39/><W48/><G31/><T57/><D57/><U126/><E69/><V60/><F60/><W59/><G73/><T64/><D54/><U5/><E68/><V28/><F28/><W8/><G8/><T70/><D70/><U13/><E133/><V0/><F0/><W20/><G20/><N who="2" m="7785" /><F82/><W4/><G83/><T40/><AGARI ba="0,0" hai="6,7,37,40,44,56,61,64,74,79,80" m="45099" machi="40" ten="30,1100,0" yaku="12,1" doraHai="96" who="0" fromWho="0" sc="318,11,379,-3,162,-5,141,-3" /><INIT seed="3,0,0,0,4,10" ten="329,376,157,138" oya="3" hai0="24,0,81,126,34,15,66,21,134,82,90,33,85" hai1="17,61,129,88,36,13,30,20,28,75,114,43,57" hai2="25,110,113,44,32,27,26,69,29,116,119,71,101" hai3="115,76,78,109,46,39,9,49,2,130,5,74,87"/><W122/><G115/><T92/><D0/><U83/><E114/><V64/><F113/><W98/><G122/><T131/><D131/><U54/><E129/><V45/><F110/><W62/><G130/><T18/><D134/><U128/><E128/><V96/><F45/><W3/><G74/><T112/><D112/><U100/><E75/><V104/><F44/><W121/><G121/><T97/><D126/><U73/><E36/><V23/><F71/><W8/><G109/><T77/><D66/><U38/><E43/><V12/><F12/><W123/><G39/><T58/><D58/><U111/><E38/><V60/><REACH who="2" step="1"/><F27/><REACH who="2" ten="329,376,147,138" step="2"/><W67/><G123/><T91/><REACH who="0" step="1"/><D24/><REACH who="0" ten="319,376,147,138" step="2"/><U19/><E111/><V52/><F52/><W48/><G3/><T80/><D80/><U99/><E83/><V120/><F120/><W31/><G2/><T94/><D94/><U70/><E54/><V132/><F132/><W72/><G67/><T65/><D65/><U6/><E70/><V125/><F125/><W22/><G46/><T37/><D37/><U117/><E57/><V124/><F124/><W93/><G93/><T79/><D79/><U42/><E42/><V50/><F50/><W86/><G49/><T118/><D118/><U89/><E117/><V53/><F53/><W16/><G48/><T107/><D107/><U47/><E47/><V7/><F7/><W1/><G76/><T103/><D103/><U14/><E100/><V108/><F108/><W40/><G78/><T59/><D59/><U133/><E6/><V84/><F84/><AGARI ba="0,2" hai="15,18,21,33,34,77,81,82,84,85,90,91,92,97" machi="84" ten="30,3900,0" yaku="1,1,7,1,52,1,53,0" doraHai="10" doraHaiUra="51" who="0" fromWho="2" sc="319,59,376,0,147,-39,138,0" /><INIT seed="4,0,0,0,1,109" ten="378,376,108,138" oya="0" hai0="12,11,100,77,57,79,52,17,92,130,110,26,89" hai1="90,22,134,128,83,98,7,99,4,14,59,72,61" hai2="122,38,69,106,43,21,47,37,3,23,131,117,111" hai3="18,6,97,58,129,108,62,10,29,121,132,73,41"/><T120/><D120/><U63/><E134/><V20/><F122/><W34/><G108/><T66/><D110/><U76/><E128/><V50/><F111/><W93/><G73/><T8/><D130/><U19/><E63/><V56/><F131/><W46/><G129/><T123/><D123/><U81/><E81/><V0/><F69/><W51/><G132/><T82/><D66/><U53/><E90/><V107/><F117/><W71/><G71/><T113/><D113/><U96/><AGARI ba="0,0" hai="4,7,14,19,22,53,59,61,72,76,83,96,98,99" machi="96" ten="30,1100,0" yaku="0,1" doraHai="109" who="1" fromWho="1" sc="378,-5,376,11,108,-3,138,-3" /><INIT seed="5,0,0,5,3,78" ten="373,387,105,135" oya="1" hai0="73,82,4,38,80,104,121,69,70,64,30,74,11" hai1="110,43,105,115,27,119,95,111,45,101,44,79,99" hai2="133,48,60,103,22,42,109,123,120,52,135,86,12" hai3="83,108,33,88,5,97,114,102,134,77,116,118,51"/><U1/><E119/><N who="3" m="45610" /><G33/><T106/><D30/><U53/><E1/><V0/><F0/><W66/><G66/><T8/><D64/><U25/><E115/><V81/><F103/><W49/><G5/><T90/><D90/><U59/><E105/><V100/><F100/><W58/><G114/><T112/><D112/><U87/><E45/><V26/><F109/><N who="1" m="41481" /><E87/><V130/><F12/><W94/><G108/><T122/><D4/><U41/><E79/><N who="2" m="46399" /><F60/><W93/><G58/><T68/><REACH who="0" step="1"/><D68/><REACH who="0" ten="363,387,105,135" step="2"/><U124/><E124/><V17/><F123/><W85/><G134/><N who="2" m="51209" /><F120/><W3/><G3/><T9/><D9/><U62/><E43/><V92/><F42/><W36/><G36/><AGARI ba="0,1" hai="8,11,36,38,69,70,73,74,80,82,104,106,121,122" machi="36" ten="25,8000,1" yaku="1,1,22,2,52,2,53,0" doraHai="78" doraHaiUra="19" who="0" fromWho="3" sc="363,90,387,0,105,0,135,-80" /><AGARI ba="0,0" hai="25,27,36,41,44,53,59,62,95,99,101" m="41481" machi="36" ten="30,1500,0" yaku="10,1" doraHai="78" who="1" fromWho="3" sc="453,0,387,15,105,0,55,-15" /><INIT seed="5,1,0,0,1,133" ten="453,402,105,40" oya="1" hai0="54,115,102,111,70,41,128,89,49,84,98,4,6" hai1="109,85,40,55,16,69,106,45,32,118,107,103,66" hai2="8,124,79,48,114,18,58,96,13,53,43,12,113" hai3="21,26,97,17,51,57,30,105,5,74,132,9,95"/><U42/><E118/><V110/><F110/><W34/><G105/><T125/><D111/><U135/><E109/><V0/><F0/><W87/><G74/><T27/><D115/><N who="2" m="44042" /><F79/><W35/><G132/><T29/><D128/><U90/><E135/><V130/><F130/><W46/><G57/><T75/><D70/><U19/><E32/><V14/><F43/><W99/><G87/><T63/><D41/><N who="1" m="15979" /><E69/><V108/><F108/><W83/><G83/><T86/><D75/><U28/><E106/><V73/><F73/><W7/><G34/><T2/><D2/><U3/><E107/><V37/><F37/><W56/><G46/><T50/><D4/><U78/><E3/><V23/><F96/><W91/><G99/><T60/><D6/><U76/><E103/><V134/><F134/><W62/><G51/><T120/><D102/><U20/><E66/><V71/><F71/><W92/><G95/><T81/><D120/><U77/><E28/><V100/><F100/><W121/><G121/><T64/><D29/><U22/><E55/><V82/><F82/><W39/><G39/><T112/><D54/><U47/><E22/><V36/><F36/><W127/><G35/><T131/><D64/><U38/><E38/><V116/><F116/><W52/><G30/><T101/><D101/><U93/><E19/><N who="2" m="10727" /><F13/><AGARI ba="1,0" hai="13,16,20,45,47,76,77,78,85,90,93" m="15979" machi="13" ten="30,2900,0" yaku="8,1,54,1" doraHai="133" who="1" fromWho="2" sc="453,0,402,32,105,-32,40,0" /><INIT seed="5,2,0,5,5,43" ten="453,434,73,40" oya="1" hai0="25,79,60,21,100,68,84,132,58,35,80,1,106" hai1="85,61,57,109,30,73,82,32,103,117,41,72,64" hai2="66,107,95,76,36,81,51,4,99,46,126,27,44" hai3="127,14,91,52,133,38,89,3,134,93,125,17,11"/><U45/><E117/><V18/><F107/><W105/><G105/><T53/><D132/><N who="3" m="50793" /><G38/><T96/><D1/><U75/><E109/><V88/><F126/><N who="3" m="48139" /><G3/><T56/><D35/><U12/><E103/><V0/><F36/><W104/><G104/><T6/><D6/><U101/><E101/><V42/><F66/><W24/><G24/><T55/><D68/><U110/><E110/><V119/><F119/><W19/><G19/><T135/><D135/><U67/><E67/><V20/><F0/><W2/><G2/><T62/><D21/><U29/><E12/><V130/><F130/><W128/><G52/><T122/><D25/><U114/><E32/><V48/><F4/><W70/><G70/><T94/><D106/><U97/><E97/><V108/><F108/><W112/><G112/><T102/><D122/><U33/><E114/><V78/><F81/><W124/><N who="3" m="48147" /><W15/><DORA hai="10" /><G15/><T77/><D102/><U120/><E33/><V63/><F63/><W129/><G93/><T123/><D123/><U16/><E120/><V131/><F131/><AGARI ba="2,0" hai="11,14,17,89,91,128,129,131" m="48147,50793" machi="131" ten="50,32000,5" yakuman="39" doraHai="43,10" who="3" fromWho="2" sc="453,0,434,0,73,-326,40,326" owari="453,55.3,434,23.4,-253,-75.3,366,-3.4" /></mjloggm>