<mjloggm ver="2.3"><GO type="169" lobby="0"/><UN n0="%4D%75%64%46%6C%6F%77" n1="%52%65%63%61%6C%74%71" n2="%E3%81%9F%E3%81%8B%E3%81%AF%E3%81%97%E3%81%83%E3%81%83%E3%81%83" n3="%E3%80%90%E8%92%BC%E7%90%89%E3%80%91" dan="17,16,16,16" rate="2178.52,2128.79,2130.63,2147.00" sx="M,M,M,F"/><TAIKYOKU oya="0"/><INIT seed="0,0,0,4,0,122" ten="250,250,250,250" oya="0" hai0="80,38,57,54,37,56,44,133,124,83,18,42,63" hai1="17,102,84,52,68,3,29,114,111,50,46,13,47" hai2="64,93,9,109,75,81,59,23,76,69,118,127,105" hai3="40,24,25,66,30,110,49,58,103,12,129,106,88"/><T135/><D124/><U126/><E3/><V28/><F105/><W2/><G2/><T61/><D18/><U82/><E126/><V48/><F127/><W31/><G129/><T0/><D0/><U26/><E68/><V108/><F118/><W91/><G103/><T132/><REACH who="0" step="1"/><D37/><REACH who="0" ten="240,250,250,250" step="2"/><U113/><E114/><V89/><F9/><W101/><G30/><T8/><D8/><U33/><E113/><V55/><F69/><W86/><G31/><T60/><D60/><U1/><E1/><V22/><F28/><W35/><G12/><T43/><D43/><U85/><E102/><V73/><F73/><W67/><G40/><T117/><D117/><U98/><E29/><V130/><F130/><W92/><G101/><T104/><D104/><U79/><E13/><V96/><REACH who="2" step="1"/><F64/><AGARI ba="0,1" hai="38,42,44,54,56,57,61,63,64,80,83,132,133,135" machi="64" ten="40,3900,0" yaku="1,1,20,1,53,0" doraHai="122" doraHaiUra="4" who="0" fromWho="2" sc="240,49,250,0,250,-39,250,0" /><INIT seed="0,1,0,4,0,109" ten="289,250,211,250" oya="0" hai0="31,48,101,90,7,77,97,52,16,73,15,1,83" hai1="66,71,70,133,21,68,104,87,123,20,4,44,53" hai2="72,27,36,125,127,32,135,124,76,43,95,115,28" hai3="84,58,89,75,92,63,26,131,55,130,45,50,81"/><T54/><D31/><U129/><E123/><V111/><F111/><W116/><G116/><T25/><D25/><U51/><E104/><V23/><F135/><W10/><G26/><T98/><D7/><U80/><E133/><V11/><F95/><W114/><G114/><T47/><D1/><U3/><E129/><N who="3" m="49162" /><G10/><T74/><D74/><U12/><E3/><V46/><F11/><W119/><G119/><T40/><D90/><U99/><E99/><V93/><F93/><W96/><G75/><T107/><REACH who="0" step="1"/><D98/><REACH who="0" ten="279,250,211,250" step="2"/><U121/><E4/><V42/><F72/><W30/><G30/><T105/><D105/><U103/><E103/><V62/><F27/><W67/><G96/><T120/><D120/><U19/><E121/><V91/><F28/><W24/><G24/><T41/><D41/><U17/><E17/><V88/><F43/><W13/><G13/><T33/><D33/><U2/><E2/><V69/><F32/><W113/><G113/><T126/><D126/><U0/><E0/><V59/><F115/><W128/><G128/><T60/><D60/><U5/><E5/><V18/><F62/><W112/><G112/><T100/><D100/><U102/><E102/><V61/><F61/><W22/><G92/><T37/><D37/><U134/><E134/><V39/><F39/><W57/><G89/><T117/><D117/><U8/><E21/><AGARI ba="1,1" hai="15,16,21,40,47,48,52,54,73,77,83,97,101,107" machi="21" ten="30,11600,0" yaku="1,1,7,1,54,2,53,0" doraHai="109" doraHaiUra="35" who="0" fromWho="1" sc="279,129,250,-119,211,0,250,0" /><INIT seed="0,2,0,1,2,123" ten="408,131,211,250" oya="0" hai0="93,81,38,47,52,75,39,73,111,0,130,92,7" hai1="48,22,60,33,134,89,13,117,118,76,80,21,15" hai2="96,128,110,135,133,70,54,23,64,109,58,62,115" hai3="10,87,82,105,9,122,129,126,84,42,26,32,69"/><T24/><D130/><U74/><E134/><N who="2" m="51211" /><F115/><W40/><G69/><T3/><D24/><U131/><E131/><V119/><F128/><W102/><G122/><T77/><D75/><U72/><E89/><V44/><F119/><W107/><G129/><T43/><D39/><U8/><E33/><V34/><F34/><W2/><G126/><T97/><D111/><N who="2" m="42506" /><F23/><W127/><G127/><T98/><D52/><U65/><E48/><N who="2" m="28935" /><F96/><W124/><G124/><T104/><D98/><U113/><E113/><V41/><F41/><W46/><G32/><T88/><D104/><U31/><E31/><V90/><F90/><W19/><G40/><T25/><D88/><U91/><E91/><V17/><F17/><W30/><G19/><T125/><D97/><U68/><E72/><V67/><F67/><W11/><G102/><T61/><D125/><U86/><E74/><V6/><F6/><W132/><G132/><T29/><D7/><U85/><E85/><V99/><F99/><W49/><G87/><T112/><D112/><U121/><E121/><V28/><F28/><W103/><G103/><T16/><D29/><U100/><E100/><V71/><AGARI ba="2,0" hai="58,62,64,70,71" m="28935,42506,51211" machi="71" ten="40,12000,2" yaku="20,1,14,1,34,2,52,3" doraHai="123" who="2" fromWho="2" sc="408,-62,131,-32,211,126,250,-32" /><INIT seed="1,0,0,3,2,52" ten="346,99,337,218" oya="1" hai0="3,25,11,37,30,110,77,72,93,64,5,106,60" hai1="13,78,10,35,90,57,53,23,20,55,103,28,102" hai2="115,113,15,79,36,56,85,17,104,54,45,42,16" hai3="19,66,95,111,76,97,89,107,71,86,58,39,128"/><U92/><E78/><V22/><F104/><W117/><G39/><T84/><D37/><U7/><E35/><V34/><F34/><W98/><G111/><T133/><D133/><U2/><E55/><V4/><F4/><W0/><G0/><T135/><D135/><U12/><E2/><V122/><F122/><W131/><G71/><T51/><D110/><U21/><E28/><V70/><F70/><W47/><G117/><T1/><D106/><U88/><E13/><V32/><F32/><W101/><G47/><T41/><D1/><U48/><E90/><V14/><F85/><AGARI ba="0,0" hai="7,10,12,20,21,23,48,53,57,85,88,92,102,103" machi="85" ten="40,7700,0" yaku="8,1,52,1,54,1" doraHai="52" who="1" fromWho="2" sc="346,0,99,77,337,-77,218,0" /><INIT seed="1,1,0,3,1,126" ten="346,176,260,218" oya="1" hai0="47,48,134,96,60,100,104,34,87,69,31,80,72" hai1="68,129,110,66,111,14,70,102,30,10,61,112,83" hai2="8,20,84,54,81,36,88,98,21,77,73,71,76" hai3="51,64,94,0,32,59,117,11,50,56,74,78,101"/><U27/><E112/><V89/><F71/><W92/><G32/><T115/><D115/><U42/><E42/><V113/><F113/><W132/><G132/><T121/><D134/><U75/><E102/><V93/><F36/><W67/><G117/><T116/><D116/><U133/><E133/><V62/><F8/><W33/><G33/><T7/><D7/><U13/><E68/><V107/><F76/><W85/><G74/><T49/><D72/><U130/><E83/><V58/><F89/><N who="3" m="53295" /><G0/><T40/><D121/><U29/><E75/><V135/><F135/><W119/><G11/><T90/><D31/><N who="1" m="11787" /><E27/><V127/><F127/><W22/><G22/><T43/><D34/><U97/><E97/><V41/><F41/><W24/><G24/><T103/><D103/><AGARI ba="1,0" hai="20,21,54,58,62,73,77,81,84,88,93,98,103,107" machi="103" ten="40,5200,0" yaku="24,2,54,1" doraHai="126" who="2" fromWho="0" sc="346,-55,176,0,260,55,218,0" /><INIT seed="2,0,0,1,0,133" ten="291,176,315,218" oya="2" hai0="39,73,81,20,47,57,89,107,29,83,61,93,82" hai1="42,119,56,54,126,45,53,44,86,6,49,77,33" hai2="108,130,15,5,67,123,85,117,31,74,66,63,17" hai3="94,134,46,115,52,112,95,10,132,79,0,36,87"/><V91/><F117/><W27/><G27/><N who="0" m="16615" /><D107/><U9/><E119/><V103/><F123/><W105/><G105/><T99/><D39/><U78/><E126/><V30/><F74/><W100/><G0/><T76/><D73/><U120/><E33/><V12/><F130/><W135/><G10/><T13/><D47/><U70/><E70/><V62/><F103/><W58/><G46/><T26/><D26/><U84/><E120/><V131/><F131/><W68/><G36/><T111/><D111/><U80/><E44/><V43/><F43/><W21/><G21/><T38/><D38/><U3/><E54/><V69/><F5/><W48/><G68/><T90/><D13/><U60/><REACH who="1" step="1"/><E78/><REACH who="1" ten="291,166,315,218" step="2"/><V75/><F69/><W102/><G79/><T14/><D76/><U50/><E50/><V118/><F118/><W8/><G115/><T122/><D122/><U11/><E11/><V124/><F124/><W129/><G112/><T116/><D116/><U101/><E101/><N who="3" m="39018" /><G8/><T23/><D57/><U127/><E127/><V121/><F121/><W72/><G129/><T113/><D113/><U109/><E109/><V37/><F108/><W7/><G7/><T22/><D61/><U51/><E51/><V96/><F63/><W128/><G128/><T41/><D90/><U71/><E71/><V98/><F91/><N who="3" m="53631" /><G72/><AGARI ba="0,1" hai="3,6,9,42,45,49,53,56,60,72,77,80,84,86" machi="72" ten="30,2000,0" yaku="1,1,7,1,53,0" doraHai="133" doraHaiUra="97" who="1" fromWho="3" sc="291,0,166,30,315,0,218,-20" /><INIT seed="3,0,0,1,3,114" ten="291,196,315,198" oya="3" hai0="30,23,100,82,51,35,90,2,134,46,13,94,131" hai1="9,38,123,108,79,111,33,36,92,58,54,18,112" hai2="63,32,85,101,104,4,15,68,135,34,120,110,95" hai3="31,47,5,78,28,80,40,44,76,98,11,109,88"/><W128/><G128/><T118/><D2/><U50/><E33/><V67/><F110/><N who="1" m="42025" /><E79/><V20/><F135/><W103/><G109/><T1/><D1/><U62/><E92/><V86/><F120/><W72/><G76/><T49/><D134/><U125/><E112/><V10/><F104/><W6/><G47/><T0/><D0/><U45/><E125/><V84/><F20/><W64/><G64/><T73/><D100/><U96/><E96/><V25/><F25/><W37/><G5/><T12/><D82/><U65/><E18/><V66/><F66/><W52/><G52/><T16/><D73/><U77/><E77/><V126/><F126/><W91/><G28/><T61/><D30/><U8/><E8/><V19/><F19/><W127/><G31/><T69/><D35/><U3/><E123/><V29/><F29/><W71/><G71/><T132/><D16/><U107/><E107/><V97/><AGARI ba="0,0" hai="4,10,15,32,34,63,67,68,84,85,86,95,97,101" machi="97" ten="30,1100,0" yaku="0,1" doraHai="114" who="2" fromWho="2" sc="291,-3,196,-3,315,11,198,-5" /><INIT seed="4,0,0,1,5,39" ten="288,193,326,193" oya="0" hai0="41,76,31,47,63,9,124,135,108,11,98,127,45" hai1="64,78,81,62,115,91,48,134,106,20,28,25,43" hai2="37,130,68,102,46,51,10,87,17,60,111,95,27" hai3="52,133,65,13,117,71,36,1,26,24,107,32,131"/><T57/><D135/><U100/><E134/><V69/><F111/><W61/><G1/><T110/><D31/><U92/><E115/><V99/><F37/><W84/><G133/><T118/><D118/><U129/><E129/><V49/><F130/><W97/><G117/><T7/><D76/><U75/><E106/><V42/><F60/><W30/><G131/><T90/><D90/><U5/><E5/><V35/><F10/><W128/><G128/><T67/><D98/><U85/><E100/><V70/><F49/><W116/><G116/><T72/><D72/><U0/><E0/><V18/><F87/><W114/><G114/><T73/><D73/><U3/><E3/><V44/><F44/><W123/><G123/><T56/><D56/><U12/><E12/><V103/><F103/><N who="3" m="62959" /><G24/><T74/><D74/><U83/><E83/><V82/><F82/><W121/><G36/><N who="0" m="21671" /><D47/><U33/><E33/><V120/><F120/><W21/><G84/><T105/><D105/><U79/><E79/><V126/><F35/><W125/><G121/><T40/><D40/><U29/><E29/><V22/><F18/><N who="3" m="10447" /><G125/><N who="0" m="48203" /><D7/><U77/><E77/><V54/><F126/><W89/><G89/><T66/><D66/><U2/><E2/><V4/><F4/><W113/><G113/><T109/><AGARI ba="0,0" hai="9,11,57,63,67,108,109,110" m="48203,21671" machi="109" ten="40,7800,0" yaku="10,1,18,1,52,1" doraHai="39" who="0" fromWho="0" sc="288,78,193,-26,326,-26,193,-26" /><INIT seed="4,1,0,2,4,89" ten="366,167,300,167" oya="0" hai0="132,43,103,75,44,80,42,15,96,62,7,69,102" hai1="67,41,64,8,21,72,133,91,129,10,123,59,47" hai2="5,70,60,116,16,4,50,117,113,88,128,23,32" hai3="14,1,82,100,107,12,109,26,115,45,120,30,22"/><T119/><D119/><N who="2" m="45642" /><F32/><W13/><G109/><T93/><D132/><U101/><E123/><V134/><F113/><W3/><G115/><T35/><D35/><U125/><E133/><V121/><F121/><W54/><G120/><T99/><D43/><U87/><E72/><V126/><F134/><W73/><G107/><T122/><D122/><U118/><E129/><V86/><F126/><W2/><G100/><T49/><D69/><U63/><E125/><V25/><F50/><W24/><G24/><T130/><D62/><U111/><E111/><V127/><F128/><W52/><REACH who="3" step="1"/><G45/><REACH who="3" ten="366,167,300,157" step="2"/><T110/><D110/><U74/><E74/><V108/><F108/><W19/><G19/><T131/><D131/><U39/><E118/><V55/><F127/><W124/><G124/><T48/><D130/><U20/><E101/><V83/><F70/><W46/><G46/><T18/><D7/><U94/><REACH who="1" step="1"/><E67/><REACH who="1" ten="366,157,300,157" step="2"/><V51/><F4/><W68/><G68/><T58/><D103/><U11/><AGARI ba="1,2" hai="8,10,11,20,21,39,41,47,59,63,64,87,91,94" machi="11" ten="30,7900,0" yaku="1,1,2,1,0,1,52,1,53,0" doraHai="89" doraHaiUra="79" who="1" fromWho="1" sc="366,-40,157,102,300,-21,157,-21" /><INIT seed="5,0,0,1,2,134" ten="326,259,279,136" oya="1" hai0="23,92,33,2,107,54,96,53,74,18,127,39,8" hai1="76,0,67,85,59,30,6,43,7,89,24,114,26" hai2="73,27,61,77,72,9,75,102,94,14,120,60,71" hai3="20,15,4,128,99,124,55,105,90,66,29,112,87"/><U93/><E114/><V111/><F111/><W132/><G112/><T113/><D74/><U3/><E76/><V46/><F120/><W36/><G36/><T28/><D39/><U82/><E43/><V116/><F116/><W130/><G132/><T11/><D107/><U31/><E0/><V5/><F71/><W45/><G66/><T41/><D41/><U69/><E69/><V109/><F109/><W95/><G124/><T97/><D127/><U104/><E104/><V48/><F27/><N who="1" m="10281" /><E82/><V118/><F77/><W42/><G55/><T51/><D28/><N who="1" m="10795" /><E3/><V108/><F108/><W1/><G1/><T21/><D33/><U115/><E115/><V84/><F118/><W117/><G117/><T64/><D2/><U133/><E133/><V34/><F34/><W50/><G29/><T68/><D68/><U49/><E49/><V80/><F80/><W119/><G119/><T19/><D113/><U88/><E89/><V123/><F123/><W79/><G105/><T91/><D91/><U103/><E103/><V17/><F102/><W25/><G25/><T106/><D106/><U44/><E44/><V83/><F83/><W57/><G57/><T37/><D51/><U86/><E85/><V22/><F48/><W63/><G63/><AGARI ba="0,0" hai="6,7,59,63,67,86,88,93" m="10795,10281" machi="63" ten="30,2900,0" yaku="8,1,54,1" doraHai="134" who="1" fromWho="3" sc="326,0,259,29,279,0,136,-29" /><INIT seed="5,1,0,1,5,62" ten="326,288,279,107" oya="1" hai0="46,88,33,134,0,66,82,101,103,40,81,119,99" hai1="130,129,83,73,47,35,23,85,110,128,53,123,96" hai2="116,15,30,36,8,113,67,87,95,77,18,42,27" hai3="125,17,44,63,2,102,69,13,55,92,117,109,71"/><U133/><E123/><V126/><F116/><W20/><G2/><T60/><D119/><U135/><E35/><V75/><F126/><W76/><G109/><T127/><D0/><U25/><E73/><V118/><F118/><W5/><G117/><T91/><D33/><U106/><E110/><V115/><F75/><W58/><G125/><T14/><D134/><N who="1" m="51211" /><E53/><V7/><F42/><W12/><G76/><T121/><D121/><U54/><E54/><V45/><F45/><W64/><G5/><T59/><D14/><U32/><E32/><V65/><F36/><W120/><G120/><T39/><D127/><U108/><E108/><V24/><F18/><W93/><G12/><T114/><D114/><N who="2" m="43530" /><F95/><W26/><G13/><T105/><REACH who="0" step="1"/><D103/><REACH who="0" ten="316,288,279,107" step="2"/><N who="1" m="62823" /><E47/><V19/><F7/><W10/><G10/><T49/><D49/><U52/><E52/><V124/><F124/><W111/><G111/><T90/><AGARI ba="1,1" hai="39,40,46,59,60,66,81,82,88,90,91,99,101,105" machi="90" ten="30,7900,0" yaku="1,1,0,1,52,1,54,1,53,0" doraHai="62" doraHaiUra="34" who="0" fromWho="0" sc="316,92,288,-40,279,-21,107,-21" /><INIT seed="6,0,0,4,5,20" ten="408,248,258,86" oya="2" hai0="62,9,56,12,77,25,0,81,6,131,63,41,122" hai1="127,67,109,51,135,113,24,29,70,124,69,66,83" hai2="115,117,84,121,111,93,133,17,40,99,112,107,102" hai3="104,37,73,123,90,33,45,48,55,82,19,68,43"/><V65/><F65/><N who="1" m="24585" /><E83/><V125/><F40/><W114/><G104/><T22/><D122/><U35/><E109/><V8/><F8/><W34/><G123/><T120/><D120/><U50/><E113/><N who="2" m="43595" /><F17/><W96/><G68/><N who="1" m="26218" /><E135/><V126/><F121/><W106/><G114/><T39/><D131/><U31/><E31/><V57/><F57/><W101/><G19/><T75/><D56/><U64/><N who="1" m="24593" /><U128/><DORA hai="11" /><E128/><V3/><F3/><W36/><G36/><T85/><D85/><U4/><E4/><V28/><F28/><W53/><G53/><T16/><D25/><U97/><E97/><N who="2" m="61903" /><F133/><W26/><G26/><T98/><D98/><U27/><E29/><V7/><F7/><W78/><REACH who="3" step="1"/><G90/><REACH who="3" ten="408,248,258,76" step="2"/><T92/><D16/><U44/><E27/><V59/><F111/><W61/><G61/><T130/><D63/><U10/><E24/><V52/><F117/><W79/><G79/><T21/><D77/><U30/><E30/><V14/><F126/><W2/><G2/><T42/><D0/><U129/><E35/><V88/><F125/><W60/><G60/><T72/><D62/><U74/><E129/><V54/><F54/><W94/><G94/><T80/><D92/><U100/><E127/><V116/><F116/><W32/><G32/><T86/><D130/><U89/><E89/><V132/><F132/><W18/><G18/><T119/><D119/><U49/><E124/><V58/><F52/><W105/><G105/><T1/><D1/><U15/><E51/><V76/><F76/><W46/><AGARI ba="0,1" hai="33,34,37,43,45,46,48,55,73,78,82,96,101,106" machi="46" ten="20,2700,0" yaku="1,1,0,1,7,1,53,0" doraHai="20,11" doraHaiUra="108,5" who="3" fromWho="3" sc="408,-7,248,-7,258,-13,76,37" /><INIT seed="7,0,0,0,3,33" ten="401,241,245,113" oya="3" hai0="8,56,57,135,93,42,88,99,89,128,85,36,3" hai1="70,92,94,7,76,86,81,102,22,90,37,127,21" hai2="5,134,82,39,29,9,25,100,17,18,43,133,103" hai3="65,129,27,101,2,73,72,49,47,84,59,11,38"/><W32/><G129/><T117/><D117/><U125/><E70/><V41/><F82/><W12/><G101/><T58/><D135/><N who="2" m="51722" /><F18/><W98/><G98/><T87/><D128/><U105/><E37/><V69/><F17/><W63/><G38/><T35/><D35/><U121/><E121/><V64/><F64/><W130/><G130/><T46/><D89/><U0/><E0/><N who="2" m="167" /><F69/><W126/><G126/><N who="1" m="48138" /><E7/><V40/><F39/><W112/><G112/><T34/><D34/><AGARI ba="0,0" hai="25,29,34,40,41,43,100,103" m="167,51722" machi="34" ten="30,2000,0" yaku="20,1,52,1" doraHai="33" who="2" fromWho="0" sc="401,-20,241,0,245,20,113,0" owari="381,48.1,241,-15.9,265,6.5,113,-38.7" /></mjloggm>