<mjloggm ver="2.3"><GO type="169" lobby="0"/><UN n0="%E7%AD%89%E3%80%85%E5%8A%9B%E5%8A%87%E5%A0%B4" n1="%E6%9D%B1%E4%BA%AC%E9%9B%BB%E5%8A%9B" n2="%61%73%61%64%61%31%32" n3="%E3%81%82%E3%81%84%E3%81%93%E3%81%99" dan="16,17,17,16" rate="2166.58,2197.08,2165.71,2147.41" sx="M,M,M,M"/><TAIKYOKU oya="0"/><INIT seed="0,0,0,5,4,46" ten="250,250,250,250" oya="0" hai0="64,11,79,88,134,48,1,31,38,120,30,32,125" hai1="135,35,70,25,85,92,14,129,109,123,59,128,20" hai2="62,74,82,28,49,4,104,17,115,96,68,10,3" hai3="67,110,122,105,118,81,76,113,29,98,45,131,119"/><T116/><D38/><U58/><E109/><V57/><F28/><W40/><G110/><T18/><D116/><U27/><E135/><V132/><F132/><W75/><G113/><T12/><D120/><U114/><E70/><V24/><F68/><W54/><G122/><T108/><D134/><U7/><E35/><V83/><F115/><W15/><G67/><T9/><D108/><U23/><E114/><V87/><F74/><W16/><G54/><T33/><D125/><U112/><E112/><V21/><F49/><W50/><G29/><T103/><D103/><U6/><E123/><V61/><F62/><W126/><G126/><T44/><D31/><U130/><E85/><V84/><F87/><W89/><G131/><T127/><D127/><U52/><E92/><V78/><F83/><W47/><G47/><T34/><D79/><U13/><E129/><V111/><F111/><W66/><G66/><T53/><D64/><U72/><REACH who="1" step="1"/><E52/><REACH who="1" ten="250,240,250,250" step="2"/><V90/><F104/><W55/><G55/><T102/><D53/><U8/><E8/><V71/><F71/><W63/><G63/><T80/><D11/><U86/><E86/><V106/><F61/><W19/><G119/><T39/><D9/><U41/><E41/><V97/><F106/><W43/><G43/><T77/><D34/><U95/><E95/><N who="2" m="56439" /><F97/><W0/><G105/><T60/><D33/><U107/><E107/><V100/><F84/><W93/><G118/><T5/><D32/><U69/><E69/><V99/><F82/><W121/><G121/><T91/><D80/><U94/><E94/><N who="2" m="58487" /><F78/><W2/><G76/><RYUUKYOKU ba="0,1" sc="250,-15,240,15,250,15,250,-15" hai1="6,7,13,14,20,23,25,27,58,59,72,128,130" hai2="3,4,10,17,21,24,57" /><INIT seed="1,1,1,2,1,64" ten="235,255,265,235" oya="1" hai0="8,100,113,131,125,83,3,106,35,77,86,60,20" hai1="82,37,133,2,67,89,127,88,111,81,39,68,47" hai2="73,11,84,124,38,110,32,7,97,104,16,14,109" hai3="15,46,41,135,71,61,48,34,63,99,24,1,112"/><U126/><E2/><V129/><F32/><W30/><G112/><T21/><D113/><U114/><E114/><V85/><F73/><W93/><G135/><T36/><D36/><U23/><E23/><V121/><F38/><W72/><G72/><T95/><D35/><U103/><E103/><V50/><F121/><W29/><G29/><T117/><D117/><U57/><E57/><V12/><F124/><W108/><G108/><N who="2" m="41577" /><F129/><W53/><G1/><T27/><D106/><U98/><E111/><V49/><F97/><W119/><G119/><T45/><D125/><U92/><E98/><V51/><F104/><W74/><G74/><T59/><D131/><U132/><E67/><V33/><F33/><W118/><G15/><T9/><D3/><U69/><REACH who="1" step="1"/><E92/><REACH who="1" ten="235,245,265,235" step="2"/><V44/><F44/><AGARI ba="1,2" hai="37,39,44,47,68,69,81,82,88,89,126,127,132,133" machi="44" ten="25,24000,3" yaku="1,1,2,1,22,2,52,2,54,1,53,2" doraHai="64" doraHaiUra="79" who="1" fromWho="2" sc="235,0,245,263,265,-243,235,0" /><INIT seed="1,2,0,0,3,8" ten="235,508,22,235" oya="1" hai0="122,61,103,127,57,47,54,23,3,109,31,84,9" hai1="87,98,83,123,44,0,34,5,99,59,100,27,11" hai2="81,121,134,38,62,14,33,78,7,82,128,96,1" hai3="126,22,19,35,69,124,72,110,53,114,73,105,60"/><U26/><E123/><V13/><F121/><W86/><G114/><T90/><D122/><U32/><E44/><V6/><F33/><W28/><G110/><T63/><D109/><U132/><E132/><V36/><F134/><W65/><G105/><T95/><D127/><N who="3" m="48681" /><G28/><T133/><D133/><U10/><E59/><V89/><F1/><W51/><G86/><T49/><D103/><U97/><E100/><V25/><F128/><W67/><G67/><T75/><D75/><U37/><E37/><V40/><F40/><W130/><G35/><T77/><D77/><U50/><E50/><V108/><F108/><W21/><G21/><T45/><D3/><U104/><E104/><V120/><F120/><W76/><G76/><T88/><D9/><U74/><E74/><V68/><F68/><W64/><G64/><T20/><D20/><U135/><E135/><V15/><F15/><N who="3" m="9599" /><G130/><T129/><D129/><U91/><E34/><V24/><F24/><W12/><G12/><T71/><D71/><U42/><E32/><V58/><F58/><AGARI ba="2,0" hai="51,53,58,60,65,69,72,73" m="9599,48681" machi="58" ten="30,2000,0" yaku="18,1,52,1" doraHai="8" who="3" fromWho="2" sc="235,0,508,0,22,-26,235,26" owari="235,-16.5,508,60.8,-4,-50.4,261,6.1" /></mjloggm>