<mjloggm ver="2.3"><GO type="169" lobby="0"/><UN n0="%E5%A5%94%E4%BB%94" n1="%E3%82%86%E3%81%86%E3%82%86%E3%81%8D" n2="%70%72%6F%6E%61%72%69" n3="%E3%81%8B%E3%81%B6%E8%8C%B6" dan="17,17,16,17" rate="2228.78,2195.99,2150.04,2166.97" sx="M,M,M,M"/><TAIKYOKU oya="0"/><INIT seed="0,0,0,5,1,118" ten="250,250,250,250" oya="0" hai0="101,30,18,135,134,129,125,67,103,42,86,64,15" hai1="13,33,25,56,90,97,39,57,87,111,1,79,7" hai2="43,106,78,91,50,76,113,94,84,120,82,3,40" hai3="61,77,132,6,70,110,130,66,17,109,44,5,47"/><T121/><D42/><U104/><E39/><V4/><F113/><W27/><G130/><T112/><D30/><U75/><E1/><V88/><F106/><W32/><G132/><T31/><D31/><U41/><E41/><V98/><F120/><W96/><G77/><T45/><D45/><N who="3" m="17481" /><G32/><T19/><D15/><U115/><E25/><V11/><F76/><W63/><G63/><T127/><D86/><U71/><E71/><V80/><REACH who="2" step="1"/><F50/><REACH who="2" ten="250,250,240,250" step="2"/><W10/><G109/><T107/><D107/><U48/><E48/><V24/><F24/><W128/><G110/><T22/><D112/><U51/><E51/><V9/><F9/><W73/><G27/><T114/><D114/><U23/><E79/><V99/><F99/><W59/><G96/><T131/><D22/><U117/><E97/><V95/><F95/><W126/><G10/><T36/><D36/><U81/><E23/><V102/><F102/><W68/><G68/><T55/><D55/><U74/><E104/><V133/><F133/><W69/><G70/><T89/><D89/><U46/><E90/><V92/><F92/><W12/><G69/><T124/><D127/><U16/><E111/><V100/><F100/><W119/><G126/><T20/><D20/><U53/><E53/><V35/><F35/><W58/><G58/><T28/><D28/><U29/><E57/><V83/><F83/><W38/><G59/><T14/><D14/><U62/><E13/><V52/><F52/><W72/><G12/><T8/><D8/><U37/><E115/><V34/><F34/><W123/><G38/><T108/><D108/><RYUUKYOKU ba="0,1" sc="250,15,250,-15,240,15,250,-15" hai0="18,19,64,67,101,103,121,124,125,129,131,134,135" hai2="3,4,11,40,43,78,80,82,84,88,91,94,98" /><INIT seed="0,1,1,2,5,117" ten="265,235,255,235" oya="0" hai0="98,46,110,126,39,22,34,9,97,86,135,115,129" hai1="92,79,104,83,58,16,44,8,69,51,1,7,26" hai2="65,78,71,24,89,96,60,80,56,20,119,42,99" hai3="76,133,52,13,77,0,32,108,5,123,95,43,128"/><T107/><D86/><U59/><E69/><V73/><F119/><W82/><G32/><T57/><D57/><U45/><E104/><V23/><F42/><W49/><G0/><T103/><D22/><U94/><E59/><V75/><F75/><W121/><G108/><T48/><D97/><U74/><E58/><V36/><F36/><W90/><G128/><T113/><D48/><U112/><E112/><V84/><F71/><W106/><G106/><T40/><D129/><U81/><E81/><V116/><F20/><W29/><G29/><T21/><D21/><U12/><E26/><V14/><F14/><W124/><G124/><T47/><D126/><U53/><REACH who="1" step="1"/><E45/><REACH who="1" ten="265,225,255,235" step="2"/><V101/><F116/><W102/><G82/><T134/><D47/><U3/><E3/><V6/><F56/><W109/><G95/><T105/><D107/><U28/><E28/><V11/><F24/><W68/><G13/><T50/><D113/><U88/><E88/><V25/><F25/><W10/><G90/><T4/><D115/><U30/><E30/><V70/><F89/><W17/><G68/><T38/><D34/><U120/><E120/><V127/><F80/><W27/><G27/><T2/><REACH who="0" step="1"/><D110/><REACH who="0" ten="255,225,255,235" step="2"/><U66/><E66/><V67/><F67/><W87/><G76/><T54/><D54/><U130/><E130/><V118/><F65/><W93/><G77/><T64/><D64/><U125/><E125/><V55/><F55/><W61/><G109/><T111/><D111/><U100/><E100/><V85/><F101/><W63/><G102/><T91/><D91/><U131/><E131/><RYUUKYOKU ba="1,3" sc="255,15,225,15,255,-15,235,-15" hai0="2,4,9,38,39,40,46,50,98,103,105,134,135" hai1="1,7,8,12,16,44,51,53,74,79,83,92,94" /><INIT seed="0,2,3,3,0,26" ten="270,240,240,220" oya="0" hai0="120,86,107,44,75,17,104,95,113,96,51,118,80" hai1="126,78,129,16,119,48,99,21,89,123,54,122,23" hai2="60,69,53,74,29,135,101,128,62,9,19,41,35" hai3="5,91,39,36,12,43,130,70,1,114,27,58,97"/><T56/><D120/><U2/><E119/><V124/><F74/><W6/><G114/><T55/><D113/><U20/><E2/><V32/><F128/><W28/><G70/><T105/><D118/><U40/><E129/><V34/><F135/><W11/><G130/><T4/><D4/><U25/><E126/><V76/><F76/><W81/><G43/><T3/><D3/><U102/><E78/><V50/><F124/><W117/><G117/><T103/><D17/><U63/><E89/><V73/><F73/><W47/><G47/><T125/><D125/><U111/><E111/><V131/><F131/><W132/><G58/><T71/><D71/><U38/><E63/><V30/><F101/><W112/><G132/><T92/><D92/><U108/><E108/><V14/><F41/><W18/><G6/><T64/><D75/><U134/><E134/><V98/><F98/><W13/><G13/><T45/><REACH who="0" step="1"/><D64/><REACH who="0" ten="260,240,240,220" step="2"/><U100/><E123/><V24/><F69/><W84/><G112/><T85/><D85/><U79/><E122/><V115/><F115/><W22/><REACH who="3" step="1"/><G97/><REACH who="3" ten="260,240,240,210" step="2"/><T57/><D57/><U33/><E99/><V82/><F14/><W106/><G106/><T83/><D83/><U77/><E16/><V31/><F82/><W7/><G7/><T90/><AGARI ba="2,5" hai="44,45,51,55,56,80,86,90,95,96,103,104,105,107" machi="90" ten="30,3000,0" yaku="1,1,0,1,53,0" doraHai="26" doraHaiUra="116" who="0" fromWho="0" sc="260,86,240,-12,240,-12,210,-12" /><INIT seed="0,3,0,3,2,100" ten="346,228,228,198" oya="0" hai0="78,112,115,20,34,33,70,91,67,124,9,87,63" hai1="37,56,8,26,52,108,59,134,104,113,111,25,73" hai2="6,102,48,74,107,58,49,96,126,114,127,43,121" hai3="105,76,109,60,4,40,51,132,75,14,15,31,24"/><T53/><D124/><N who="2" m="47658" /><F114/><W55/><G109/><T69/><D78/><U47/><E73/><V57/><F121/><W84/><G75/><T61/><D9/><U64/><E134/><V2/><F74/><W32/><G132/><T7/><D7/><U119/><E119/><V79/><F79/><W19/><G105/><T71/><D20/><U83/><E83/><V95/><F95/><W97/><G97/><T54/><D91/><U12/><E104/><V128/><F128/><W94/><G60/><N who="0" m="23115" /><D87/><U50/><E64/><V42/><F6/><W68/><G68/><T28/><D28/><U1/><E1/><V98/><F98/><W41/><G14/><T30/><D30/><U27/><E113/><N who="0" m="43593" /><D67/><U66/><E66/><V72/><F2/><W90/><G4/><T103/><D103/><U118/><E8/><V110/><F72/><W62/><G76/><T77/><D77/><U125/><E12/><V10/><F10/><W120/><G15/><T65/><D65/><U92/><E92/><V122/><F102/><W35/><G94/><T131/><D131/><U88/><E88/><V39/><F96/><W81/><G90/><T117/><D117/><U13/><E13/><V22/><F22/><W17/><G84/><T5/><D5/><U101/><E101/><V86/><F86/><W130/><G81/><T45/><D45/><N who="1" m="27727" /><E118/><V93/><F93/><W36/><G130/><T89/><D89/><U46/><E125/><V16/><F107/><W44/><G31/><T18/><D18/><U0/><E0/><V85/><F85/><W129/><G129/><T21/><D21/><RYUUKYOKU ba="3,0" sc="346,30,228,-10,228,-10,198,-10" hai0="33,34,53,54,69,70,71" /><INIT seed="0,4,0,5,4,50" ten="376,218,218,188" oya="0" hai0="9,13,56,36,61,40,103,86,107,59,33,81,88" hai1="46,76,67,109,74,51,60,124,48,96,73,78,87" hai2="20,18,10,117,15,54,133,80,52,43,84,31,6" hai3="97,99,44,63,32,58,134,121,66,41,79,110,114"/><T42/><D33/><U0/><E109/><V94/><F133/><W26/><G114/><T125/><D125/><U126/><E0/><V3/><F117/><W104/><G110/><T12/><D36/><U115/><E96/><V105/><F105/><W93/><G134/><T113/><D113/><U128/><E115/><V28/><F43/><W22/><G121/><T83/><D103/><U39/><E39/><V118/><F94/><W77/><G32/><T7/><D107/><U17/><E51/><V65/><F65/><W21/><G21/><T53/><D81/><U130/><E17/><V111/><F118/><W112/><G104/><T70/><D70/><U69/><E87/><V102/><F102/><N who="3" m="60719" /><G99/><T91/><D91/><U72/><E78/><V55/><REACH who="2" step="1"/><F111/><REACH who="2" ten="376,218,208,188" step="2"/><W129/><G112/><T92/><D92/><U2/><E67/><V14/><F14/><W71/><G71/><T108/><D108/><U62/><E69/><V5/><F5/><W119/><G119/><T120/><D13/><U16/><E126/><V37/><F37/><W38/><G129/><T90/><D120/><U34/><E130/><V64/><F64/><W11/><G11/><T135/><D135/><U132/><E124/><V85/><F85/><W82/><G82/><T131/><D131/><U95/><E95/><V116/><F116/><W127/><G127/><T30/><D40/><U47/><E128/><V101/><F101/><W45/><G38/><T4/><D42/><U25/><E132/><V75/><F75/><W122/><G122/><T100/><D12/><U89/><E73/><V1/><F1/><RYUUKYOKU ba="4,1" sc="376,-10,218,-10,208,30,188,-10" hai2="3,6,10,15,18,20,28,31,52,54,55,80,84" /><INIT seed="1,5,1,3,5,58" ten="366,208,238,178" oya="1" hai0="6,25,50,49,0,116,8,46,43,67,78,84,71" hai1="54,92,87,22,27,130,45,7,108,68,38,101,55" hai2="17,94,41,10,102,133,124,44,114,40,105,109,30" hai3="77,99,32,104,21,11,91,52,13,9,5,115,98"/><U62/><E130/><V4/><F109/><W126/><G115/><T110/><D110/><U85/><E108/><V18/><F105/><W66/><G32/><T107/><D107/><U112/><E112/><V131/><F114/><W72/><G126/><T135/><D135/><U80/><E7/><V106/><F106/><W19/><G66/><T61/><D116/><U56/><E68/><V103/><F131/><W63/><G77/><T59/><D25/><U26/><E26/><V117/><F117/><W118/><G72/><T24/><D24/><U1/><E1/><V37/><F133/><W79/><G79/><T20/><D20/><U3/><E3/><V75/><F124/><W47/><G118/><T90/><D78/><U95/><E101/><V86/><F75/><W100/><G5/><T97/><D97/><U88/><E87/><V65/><F41/><W122/><G122/><T96/><D96/><U51/><E38/><V127/><F30/><AGARI ba="5,1" hai="22,27,30,45,51,54,55,56,62,80,85,88,92,95" machi="30" ten="30,11600,0" yaku="7,1,8,1,52,1,54,1" doraHai="58" who="1" fromWho="2" sc="366,0,208,141,238,-131,178,0" /><INIT seed="1,6,0,2,1,40" ten="366,349,107,178" oya="1" hai0="15,65,14,53,77,79,4,21,12,83,92,39,98" hai1="118,112,127,75,30,60,117,69,124,81,49,71,123" hai2="19,56,126,0,113,52,66,68,122,85,35,16,134" hai3="116,62,74,59,3,26,108,46,47,44,132,106,121"/><U82/><E30/><V25/><F122/><W45/><G121/><T32/><D32/><U28/><E28/><V131/><F126/><W2/><G106/><T13/><D65/><U63/><E123/><V70/><F134/><W96/><G74/><T76/><D39/><U102/><E102/><V57/><F131/><W104/><G132/><T50/><D83/><U129/><E75/><V95/><F113/><W84/><G108/><T41/><D41/><U103/><E103/><V5/><F35/><W27/><G104/><T94/><D98/><U90/><E90/><V55/><F68/><W99/><G84/><T109/><D109/><U43/><E112/><V6/><F70/><N who="1" m="26633" /><E81/><V34/><F66/><W125/><G125/><N who="1" m="48202" /><E82/><V73/><F73/><W115/><G115/><T37/><D37/><U105/><E105/><V58/><F34/><W22/><N who="3" m="11264" /><DORA hai="130" /><W91/><G116/><T61/><D61/><U8/><E43/><V88/><F0/><W67/><G99/><T128/><D128/><U10/><E118/><V100/><F100/><W48/><G48/><T1/><D1/><U107/><E49/><V135/><F135/><W101/><G91/><T18/><D4/><N who="2" m="1642" /><F19/><W38/><G38/><T87/><D87/><U93/><E107/><V42/><F42/><W111/><G111/><T36/><D36/><U89/><E129/><V23/><AGARI ba="6,0" hai="16,23,25,52,55,56,57,58,85,88,95" m="1642" machi="23" ten="30,7900,0" yaku="8,1,54,3" doraHai="40,130" who="2" fromWho="2" sc="366,-26,349,-45,107,97,178,-26" /><INIT seed="2,0,0,1,2,45" ten="340,304,204,152" oya="2" hai0="18,85,73,55,84,70,86,23,99,115,126,83,111" hai1="103,118,19,132,64,51,106,112,30,1,40,109,110" hai2="17,58,28,12,44,43,67,120,47,26,87,108,74" hai3="24,72,88,113,21,5,114,35,53,116,42,81,119"/><V11/><F120/><W36/><G36/><T96/><D111/><U10/><E118/><V101/><F74/><W125/><G42/><T16/><D70/><U38/><E38/><V124/><F108/><W63/><G35/><T92/><D126/><U128/><E30/><V48/><F124/><W104/><G104/><T6/><D6/><U122/><E112/><N who="3" m="43114" /><G5/><T3/><D3/><U117/><E64/><V78/><F101/><W89/><G72/><T41/><D41/><U135/><E103/><V54/><F67/><W123/><G123/><T34/><D34/><U39/><E39/><V8/><F8/><W79/><G79/><T59/><D73/><U95/><E106/><V13/><F13/><W76/><G76/><T94/><D83/><U71/><E71/><V29/><F44/><W80/><G80/><T131/><D131/><U9/><E1/><V4/><F87/><N who="3" m="50287" /><G89/><N who="0" m="55375" /><D23/><U14/><E9/><V32/><F78/><W100/><G100/><N who="0" m="60519" /><D115/><U121/><E128/><V33/><F33/><W97/><G97/><T77/><D77/><U69/><E10/><V61/><F32/><W105/><G105/><T127/><D127/><U90/><E110/><V130/><F130/><W66/><G125/><T49/><AGARI ba="0,0" hai="16,18,49,55,59,84,85,86" m="60519,55375" machi="49" ten="30,4000,0" yaku="8,1,52,1,54,1" doraHai="45" who="0" fromWho="0" sc="340,40,304,-10,204,-20,152,-10" /><INIT seed="3,0,0,3,1,69" ten="380,294,184,142" oya="3" hai0="101,74,34,78,47,82,53,119,111,43,113,63,21" hai1="29,115,98,103,104,99,55,42,1,46,39,126,117" hai2="116,36,3,16,23,28,51,8,33,61,17,35,62" hai3="22,121,86,2,37,79,5,72,19,129,24,15,4"/><W20/><G72/><T11/><D21/><U120/><E115/><V54/><F116/><W66/><G66/><T26/><D111/><U107/><E120/><V6/><F36/><W106/><G106/><T9/><D101/><N who="1" m="62519" /><E55/><V109/><F109/><W12/><G79/><T75/><D75/><U73/><E126/><V96/><F96/><W13/><G86/><T58/><D119/><U131/><E131/><V52/><F54/><W124/><G37/><T57/><D57/><U110/><E110/><V7/><F7/><N who="3" m="2635" /><G121/><T108/><D113/><U32/><E1/><V91/><F91/><W123/><G123/><T85/><D74/><U81/><E117/><V83/><F83/><W112/><G112/><T48/><D108/><U31/><E31/><V45/><F17/><N who="3" m="10303" /><G124/><T89/><D34/><U128/><E128/><V10/><F10/><W38/><G38/><T125/><D125/><U114/><E114/><V127/><F127/><W95/><G95/><T102/><D102/><U14/><E81/><V80/><F80/><W71/><G71/><T27/><D78/><U77/><E77/><V60/><REACH who="2" step="1"/><F28/><REACH who="2" ten="380,294,174,142" step="2"/><W122/><G122/><T100/><D100/><U105/><E29/><V94/><F94/><W68/><G129/><T130/><D130/><U40/><E73/><V67/><F67/><W41/><G41/><T56/><D43/><U44/><E42/><V88/><F88/><W132/><G132/><T84/><D89/><U133/><E40/><V64/><F64/><W93/><G93/><T90/><D90/><U49/><E39/><V18/><F18/><W30/><G19/><RYUUKYOKU ba="0,1" sc="380,-10,294,-10,174,30,142,-10" hai2="3,6,8,16,23,33,35,45,51,52,60,61,62" /><INIT seed="4,1,1,5,4,126" ten="370,284,204,132" oya="0" hai0="44,5,101,64,124,45,68,31,103,1,112,10,81" hai1="48,74,110,87,8,60,93,50,69,95,82,61,32" hai2="91,133,21,105,121,86,134,53,41,117,51,26,114" hai3="34,58,123,37,104,49,80,109,73,79,7,116,14"/><T119/><D119/><U88/><E110/><V59/><F117/><W55/><G116/><T43/><D45/><U128/><E32/><V96/><F114/><W17/><G109/><T20/><D124/><U40/><E69/><V77/><F121/><W102/><G123/><T111/><D112/><U0/><E74/><V76/><F41/><W12/><G34/><T62/><D111/><U72/><E72/><V54/><F54/><W29/><G29/><T16/><D81/><U30/><E30/><V113/><F96/><W130/><G37/><T115/><D115/><U13/><E0/><V120/><F105/><W125/><G125/><T56/><D68/><U25/><E25/><V75/><F75/><W129/><G7/><T106/><D106/><U108/><E48/><V15/><F15/><W35/><G35/><T57/><D57/><U24/><E24/><V71/><F71/><W33/><G33/><T67/><D67/><U78/><E95/><N who="2" m="54775" /><F113/><W127/><G127/><T36/><REACH who="0" step="1"/><D31/><REACH who="0" ten="360,284,204,132" step="2"/><U42/><E82/><V2/><F59/><W4/><G4/><T83/><D83/><U3/><E108/><V11/><F120/><W89/><G17/><T100/><D100/><U135/><E42/><V84/><F134/><W85/><G102/><T28/><D28/><U9/><E40/><V132/><F133/><W38/><G104/><T90/><D90/><U22/><E88/><V131/><F132/><W98/><G73/><T70/><D70/><U47/><E47/><V97/><F76/><W122/><G122/><T19/><D19/><U39/><E135/><V6/><F77/><RYUUKYOKU ba="1,2" sc="360,30,284,-10,204,-10,132,-10" hai0="1,5,10,16,20,36,43,44,56,62,64,101,103" /><INIT seed="4,2,2,2,2,103" ten="390,274,194,122" oya="0" hai0="95,72,127,19,113,89,80,26,111,31,99,81,56" hai1="42,123,69,125,58,104,34,50,134,57,6,30,65" hai2="5,84,100,122,25,18,2,63,107,106,49,77,4" hai3="112,28,24,117,38,71,86,115,11,51,22,109,60"/><T74/><D113/><N who="3" m="43593" /><G38/><T13/><D127/><U37/><E123/><V47/><F122/><W14/><G117/><T129/><D129/><U76/><E76/><V36/><F36/><W73/><G73/><T20/><D111/><U10/><E30/><V90/><F63/><W133/><G109/><T131/><D131/><U92/><E92/><V1/><F77/><W82/><G133/><T8/><REACH who="0" step="1"/><D56/><REACH who="0" ten="380,274,194,122" step="2"/><U105/><E58/><V97/><F1/><W40/><G71/><T16/><D16/><U116/><E57/><V70/><F2/><W33/><G60/><T102/><D102/><U59/><E59/><V55/><F70/><W83/><G33/><T64/><D64/><U93/><E34/><V67/><F67/><W120/><G120/><T29/><D29/><U39/><E65/><V21/><REACH who="2" step="1"/><F106/><REACH who="2" ten="380,274,184,122" step="2"/><W135/><G135/><T108/><D108/><U53/><E105/><V75/><F75/><AGARI ba="2,4" hai="8,13,19,20,26,31,72,74,75,80,81,89,95,99" machi="75" ten="40,2000,0" yaku="1,1,53,0" doraHai="103" doraHaiUra="119" who="0" fromWho="2" sc="380,66,274,0,184,-26,122,0" /><INIT seed="4,3,0,4,2,34" ten="446,274,158,122" oya="0" hai0="53,52,93,116,134,50,113,55,6,32,1,84,41" hai1="123,66,51,86,59,43,24,65,119,10,129,96,56" hai2="39,12,9,77,79,73,64,126,30,17,91,4,125" hai3="94,108,80,26,120,81,104,70,90,14,95,68,69"/><T102/><D113/><U2/><E119/><V61/><F39/><W107/><G108/><T7/><D32/><U18/><E129/><V20/><F30/><W75/><G14/><T118/><D134/><U78/><E123/><V83/><F77/><W72/><G90/><T101/><D84/><U128/><E96/><V8/><F91/><W82/><G26/><T21/><D21/><U112/><E24/><V5/><F5/><W117/><G117/><T130/><D93/><N who="3" m="35337" /><G120/><T63/><D63/><U114/><E66/><V60/><F60/><W19/><G19/><T42/><D53/><U37/><E65/><V15/><REACH who="2" step="1"/><F8/><REACH who="2" ten="446,274,148,122" step="2"/><W124/><G124/><T74/><D7/><U22/><E37/><V33/><F33/><W99/><G99/><T132/><D6/><U35/><E78/><V3/><F3/><W67/><G67/><T115/><D1/><U87/><E2/><V121/><F121/><W54/><G54/><T57/><D118/><U44/><E10/><V16/><F16/><W28/><G28/><T36/><D52/><U29/><E29/><V88/><F88/><W38/><G38/><T135/><D55/><U110/><E35/><V62/><F62/><W131/><G131/><T97/><D130/><U25/><E128/><V0/><F0/><W71/><N who="3" m="17408" /><DORA hai="58" /><W122/><G122/><T76/><D116/><U27/><E18/><V98/><F98/><W47/><G47/><T127/><D97/><U89/><E44/><V11/><F11/><W111/><G111/><T85/><D36/><U106/><E110/><V46/><F46/><W31/><G31/><RYUUKYOKU ba="3,1" sc="446,-15,274,-15,148,15,122,15" hai2="4,9,12,15,17,20,61,64,73,79,83,125,126" hai3="72,75,80,81,82,104,107" /><INIT seed="5,4,1,4,4,88" ten="431,259,163,137" oya="1" hai0="10,60,92,42,51,130,48,96,71,15,99,44,91" hai1="66,17,7,11,13,100,108,16,26,95,114,25,30" hai2="116,132,85,59,24,107,55,2,20,123,111,81,33" hai3="128,34,120,109,72,58,119,79,97,103,131,70,75"/><U19/><E114/><V93/><F116/><W127/><G70/><T110/><D110/><U64/><E108/><V113/><F132/><W83/><G34/><T122/><D130/><N who="3" m="49705" /><G109/><T22/><D71/><U14/><E14/><V39/><F123/><W21/><G58/><T43/><D60/><U129/><E129/><V73/><F33/><W12/><G120/><T104/><D104/><U67/><REACH who="1" step="1"/><E30/><REACH who="1" ten="431,249,163,137" step="2"/><V105/><F111/><W3/><G12/><T31/><D31/><U118/><E118/><V5/><F113/><W27/><G119/><T78/><D122/><U89/><E89/><V77/><F2/><W62/><G3/><T135/><D135/><U112/><E112/><V126/><F5/><W94/><G127/><T40/><D78/><U6/><E6/><V57/><F126/><W54/><G79/><T80/><D15/><U63/><E63/><V28/><F77/><W0/><G0/><T98/><D91/><U45/><E45/><V61/><F28/><W35/><G62/><T84/><D44/><U68/><E68/><V29/><F61/><W38/><G27/><T87/><D51/><U41/><E41/><V32/><F24/><W102/><G38/><T52/><D48/><U69/><E69/><V50/><F50/><W82/><G54/><T56/><D43/><U9/><E9/><V121/><F55/><W23/><G23/><T106/><D22/><U65/><N who="1" m="16384" /><DORA hai="74" /><U1/><E1/><V53/><F20/><W49/><G21/><T37/><D42/><U4/><E4/><V133/><F53/><W125/><G49/><T8/><D52/><RYUUKYOKU ba="4,2" sc="431,-10,249,30,163,-10,137,-10" hai1="7,11,13,16,17,19,25,26,95,100" /><INIT seed="5,5,2,5,5,110" ten="421,279,153,127" oya="1" hai0="135,75,96,101,128,52,118,133,20,74,95,89,24" hai1="15,72,49,114,76,5,48,122,14,21,131,86,1" hai2="94,116,31,123,40,19,4,73,9,134,121,63,64" hai3="29,50,59,36,30,25,22,81,127,119,38,126,61"/><U111/><E122/><V130/><F116/><W113/><G119/><T7/><D128/><U107/><E107/><V100/><F73/><W117/><G117/><T78/><D7/><U60/><E72/><V80/><F130/><W57/><G113/><T97/><D118/><U32/><E32/><V0/><F134/><N who="0" m="51210" /><D52/><U6/><E1/><V17/><F4/><W92/><G81/><T85/><D78/><U13/><E114/><V120/><F0/><W26/><G92/><N who="0" m="54319" /><D96/><U82/><E111/><V68/><F120/><W115/><G115/><T90/><D90/><U99/><E99/><V18/><F121/><W33/><G50/><N who="1" m="19562" /><E131/><V12/><F123/><W79/><G79/><T8/><D8/><U45/><E45/><V87/><F9/><W39/><REACH who="3" step="1"/><G57/><REACH who="3" ten="421,279,153,117" step="2"/><T98/><D98/><U125/><E76/><V51/><F51/><W66/><AGARI ba="5,3" hai="22,25,26,29,30,33,36,38,39,59,61,66,126,127" machi="66" ten="40,5200,0" yaku="1,1,2,1,0,1,53,0" doraHai="110" doraHaiUra="112" who="3" fromWho="3" sc="421,-18,279,-31,153,-18,117,97" /><INIT seed="6,0,0,3,4,11" ten="403,248,135,214" oya="2" hai0="124,71,62,35,76,66,94,108,131,123,60,133,78" hai1="12,52,111,27,14,73,85,46,115,110,102,83,70" hai2="68,31,32,2,92,58,104,49,10,28,86,126,103" hai3="82,77,22,134,116,40,99,44,113,128,55,107,112"/><V100/><F68/><W67/><G116/><T42/><D94/><U127/><E70/><V72/><F72/><W4/><G67/><T59/><D35/><U84/><E102/><V96/><F126/><W9/><G128/><T129/><D123/><U89/><E73/><V91/><F32/><W8/><G55/><N who="0" m="33919" /><D108/><U24/><E115/><N who="3" m="44106" /><G134/><T25/><D25/><N who="1" m="9803" /><E111/><V45/><F58/><W5/><G22/><T7/><D7/><N who="3" m="2633" /><G99/><T93/><D42/><U37/><E37/><V106/><F2/><W19/><G19/><T119/><D119/><U132/><E132/><V114/><F114/><W61/><G107/><T117/><D124/><U38/><E38/><V36/><F36/><N who="3" m="21511" /><G61/><T79/><D117/><U101/><E101/><V23/><F10/><W1/><G1/><T15/><D133/><U51/><E127/><V95/><F23/><W88/><G88/><T3/><D3/><U47/><E110/><V6/><F6/><W53/><G53/><T74/><D74/><AGARI ba="0,0" hai="8,9,74,77,82" m="21511,2633,44106" machi="74" ten="30,2000,0" yaku="15,1,11,1" doraHai="11" who="3" fromWho="0" sc="403,-20,248,0,135,0,214,20" /><INIT seed="7,0,0,0,1,32" ten="383,248,135,234" oya="3" hai0="27,121,135,45,8,75,133,87,16,68,34,25,22" hai1="14,17,127,33,112,134,41,72,4,69,55,66,62" hai2="52,53,81,47,51,71,130,96,67,95,90,0,43" hai3="35,31,85,58,77,73,109,19,129,74,103,128,44"/><W125/><G125/><T89/><D75/><U115/><E72/><V56/><F130/><N who="3" m="50283" /><G109/><T26/><D68/><U21/><E33/><V5/><F71/><W12/><G103/><T29/><D121/><U110/><E110/><V113/><F113/><N who="1" m="43593" /><E134/><N who="0" m="51209" /><D45/><U46/><E4/><V28/><F28/><W88/><G77/><T132/><D132/><U123/><E55/><V80/><F67/><W9/><G58/><T100/><D8/><U23/><E23/><V48/><REACH who="2" step="1"/><F53/><REACH who="2" ten="383,248,125,234" step="2"/><W6/><G31/><T82/><D29/><U118/><E66/><V20/><F20/><N who="3" m="11367" /><G35/><T36/><D34/><U64/><E69/><V98/><F98/><W15/><G44/><T86/><D36/><U1/><E46/><V119/><F119/><W108/><G108/><T13/><D100/><U126/><E118/><V107/><F107/><W63/><G63/><T124/><D124/><U91/><E127/><V42/><F42/><W105/><G105/><T79/><D27/><U122/><E126/><V59/><F59/><W106/><G106/><T50/><D50/><U54/><E41/><V83/><F83/><AGARI ba="0,1" hai="6,9,15,73,74,83,85,88" m="11367,50283" machi="83" ten="30,2900,0" yaku="19,1,54,1" doraHai="32" who="3" fromWho="2" sc="383,0,248,0,125,-29,234,39" /><AGARI ba="0,0" hai="13,16,22,25,26,79,82,83,86,87,89" m="51209" machi="83" ten="30,2000,0" yaku="20,1,54,1" doraHai="32" who="0" fromWho="2" sc="383,20,248,0,96,-20,273,0" /><INIT seed="7,1,0,0,3,84" ten="403,248,76,273" oya="3" hai0="21,0,13,63,4,36,111,74,86,133,3,93,67" hai1="55,114,28,19,123,61,1,60,78,56,79,125,6" hai2="59,76,32,71,69,91,68,26,22,130,52,35,33" hai3="82,102,41,15,20,34,103,37,113,104,16,48,85"/><W42/><G34/><T17/><D111/><U24/><E123/><V2/><F130/><W106/><G37/><T118/><D74/><U47/><E114/><V25/><F2/><W95/><G113/><T124/><D133/><U66/><E125/><V101/><F101/><N who="3" m="38411" /><G106/><T105/><D118/><U121/><E121/><V115/><F76/><W38/><G38/><T18/><D124/><U70/><E47/><V126/><F126/><W97/><G104/><T108/><D108/><U44/><E44/><V100/><F100/><N who="3" m="60479" /><G48/><T64/><D105/><U43/><E43/><V120/><F120/><W81/><G81/><T57/><D4/><U12/><E6/><V27/><F22/><W46/><G46/><T87/><D36/><U92/><E1/><V58/><F115/><W134/><G134/><T132/><D132/><U29/><E92/><V83/><F83/><W122/><G122/><T30/><D93/><U112/><E112/><V39/><F39/><W62/><G62/><T131/><D131/><U50/><E61/><V31/><F31/><W89/><AGARI ba="1,0" hai="15,16,20,41,42,82,85,89" m="60479,38411" machi="89" ten="30,6000,0" yaku="8,1,52,1,54,1" doraHai="84" who="3" fromWho="3" sc="403,-21,248,-21,76,-21,273,63" /><INIT seed="7,2,0,3,2,122" ten="382,227,55,336" oya="3" hai0="85,91,133,117,129,102,62,66,7,32,77,35,119" hai1="131,95,48,101,125,111,22,75,57,11,1,27,59" hai2="84,103,21,36,128,58,6,100,76,99,114,124,112" hai3="87,88,71,33,65,105,69,3,121,92,134,54,104"/><W10/><G121/><T93/><D133/><U43/><E75/><V70/><F36/><W51/><G33/><T127/><D127/><U55/><E131/><V135/><F70/><W28/><G134/><T80/><D129/><U115/><E115/><V98/><F21/><W12/><G28/><T37/><D37/><U13/><E1/><V20/><F20/><W46/><G3/><T73/><D7/><U39/><E39/><V8/><F58/><W106/><REACH who="3" step="1"/><G65/><REACH who="3" ten="382,227,55,326" step="2"/><T123/><D123/><U60/><E125/><V16/><F124/><W72/><G72/><T25/><D35/><U83/><E27/><V78/><F135/><W67/><G67/><T41/><D32/><U130/><E130/><V74/><F128/><W108/><G108/><T79/><D25/><U118/><E111/><V94/><F74/><W44/><G44/><T53/><D66/><U29/><E29/><V31/><F31/><W90/><G90/><T113/><D73/><U14/><E118/><V2/><F114/><W109/><G109/><T0/><D0/><U89/><E89/><V40/><F112/><W49/><G49/><T38/><D113/><U42/><E48/><V107/><F2/><W30/><G30/><T61/><D119/><U110/><E110/><V34/><F34/><W50/><G50/><T26/><D26/><U15/><E15/><V132/><F132/><W86/><G86/><T68/><D117/><U116/><E14/><V45/><F84/><W4/><AGARI ba="2,1" hai="4,10,12,46,51,54,69,71,87,88,92,104,105,106" machi="4" ten="30,6000,0" yaku="1,1,0,1,54,1,53,0" doraHai="122" doraHaiUra="19" who="3" fromWho="3" sc="382,-22,227,-22,55,-22,326,76" owari="360,16.0,205,-19.5,33,-46.7,402,50.2" /></mjloggm>