<mjloggm ver="2.3"><GO type="169" lobby="0"/><UN n0="%E3%83%80%E3%82%AF%E3%82%BF%E3%83%BC%E3%82%AF%E3%83%AA%E3%83%83%E3%83%97" n1="%E3%81%BD%E3%81%A3%E3%81%91%E3%81%95%E3%82%93" n2="%56%69%76%79" n3="%43%6F%66%66%65%65" dan="17,16,16,16" rate="2219.01,2146.66,2105.43,2073.20" sx="M,M,F,F"/><TAIKYOKU oya="0"/><INIT seed="0,0,0,0,1,46" ten="250,250,250,250" oya="0" hai0="78,5,99,9,61,79,18,24,84,124,11,130,41" hai1="55,90,72,92,67,23,47,94,81,69,44,73,86" hai2="70,75,121,87,59,77,51,21,118,89,117,106,14" hai3="56,40,125,7,108,22,83,63,111,98,127,25,95"/><T129/><D124/><N who="3" m="47689" /><G7/><T85/><D99/><U16/><E69/><V101/><F70/><W6/><G6/><T36/><D61/><U10/><E67/><V29/><F121/><W113/><G113/><T19/><D5/><U133/><E133/><V3/><F3/><W45/><G83/><T39/><REACH who="0" step="1"/><D24/><REACH who="0" ten="240,250,250,250" step="2"/><U102/><E102/><V32/><F101/><N who="3" m="60639" /><G63/><T134/><D134/><U104/><E104/><V60/><F106/><W52/><G25/><T35/><D35/><U30/><E73/><V0/><F32/><W12/><G12/><T131/><D131/><U38/><E72/><V31/><F60/><N who="3" m="35847" /><G22/><T112/><D112/><U114/><E114/><V20/><F14/><W116/><G116/><T80/><D80/><U57/><E81/><V126/><F20/><W68/><G68/><T49/><D49/><AGARI ba="0,1" hai="40,45,49,108,111" m="35847,60639,47689" machi="49" ten="30,3900,0" yaku="18,1,52,1,54,1" doraHai="46" who="3" fromWho="0" sc="240,-39,250,0,250,0,250,49" /><INIT seed="1,0,0,1,3,31" ten="201,250,250,299" oya="1" hai0="47,7,49,33,128,35,98,21,9,24,117,132,17" hai1="131,129,37,121,71,14,62,4,56,109,51,76,30" hai2="77,102,66,73,78,6,108,84,83,45,61,28,57" hai3="126,70,48,122,58,32,119,114,113,95,36,99,65"/><U86/><E121/><V2/><F108/><W15/><G122/><T74/><D117/><U135/><E30/><V133/><F133/><W1/><G1/><T82/><D132/><U19/><E135/><V10/><F102/><W34/><G36/><T29/><D128/><U67/><E4/><V112/><F112/><W104/><G104/><T81/><D98/><U27/><E27/><V101/><F101/><W134/><G134/><T22/><D81/><U54/><E109/><V107/><F107/><W105/><G105/><T39/><D39/><U90/><E76/><V60/><F45/><W120/><G120/><T16/><D82/><U3/><E3/><V8/><F8/><W85/><G119/><T115/><D74/><U118/><E37/><V42/><F42/><W111/><G70/><T13/><D115/><U18/><E118/><V92/><F28/><W106/><G34/><N who="0" m="12811" /><D49/><U103/><E103/><V100/><F73/><W0/><G106/><T43/><D47/><U123/><E123/><V80/><F100/><W64/><G0/><N who="0" m="231" /><D43/><U59/><E59/><N who="2" m="37151" /><F78/><W11/><G111/><T44/><D44/><U75/><E75/><V91/><F77/><W127/><G58/><T79/><D79/><U26/><E90/><V53/><F57/><W41/><G41/><T38/><D38/><U96/><E71/><V97/><F97/><W124/><G99/><T130/><D130/><U94/><E129/><V40/><F40/><W52/><G113/><T69/><D69/><U46/><E96/><V63/><F63/><W5/><G114/><T72/><D72/><U89/><E131/><RYUUKYOKU ba="0,0" sc="201,15,250,-15,250,15,299,-15" hai0="13,16,17,21,22,24,29" hai2="2,6,10,53,61,80,83,84,91,92" /><INIT seed="2,1,0,5,3,87" ten="216,235,265,284" oya="2" hai0="132,109,79,7,135,115,50,19,75,8,107,80,130" hai1="33,4,43,91,114,133,86,0,58,118,111,71,101" hai2="108,106,47,110,74,15,24,113,127,18,78,38,3" hai3="96,12,105,40,56,85,27,76,45,20,121,124,63"/><V62/><F113/><W131/><G121/><T100/><D19/><U17/><E71/><V35/><F106/><W25/><G131/><T104/><D8/><U29/><E118/><V2/><F127/><W129/><G129/><T11/><D50/><U52/><E114/><V44/><F62/><W6/><G124/><T89/><D115/><U5/><E101/><V117/><F117/><W73/><G73/><T102/><D130/><U126/><E43/><V55/><F55/><W53/><G105/><N who="0" m="40523" /><D11/><U39/><E39/><V31/><F78/><W93/><G93/><T125/><D7/><U70/><E70/><V46/><F74/><W37/><G6/><T72/><D125/><U28/><E126/><V14/><F38/><W82/><G96/><T67/><D67/><U21/><E0/><V66/><F66/><W120/><G120/><T64/><D64/><U1/><E1/><N who="2" m="11" /><F18/><W41/><G40/><T48/><D48/><U88/><E5/><V61/><F61/><W54/><G53/><T77/><D109/><AGARI ba="1,0" hai="14,15,24,31,35,44,46,47,108,109,110" m="11" machi="109" ten="40,3900,0" yaku="14,1,10,1" doraHai="87" who="2" fromWho="0" sc="216,-42,235,0,265,42,284,0" /><INIT seed="2,2,0,3,4,5" ten="174,235,307,284" oya="2" hai0="97,108,68,38,10,102,70,49,66,26,94,1,37" hai1="25,20,107,6,83,7,62,73,69,21,9,125,112" hai2="81,55,4,133,93,60,80,16,116,99,12,3,100" hai3="43,87,72,52,122,111,34,71,82,118,75,56,44"/><V51/><F116/><W13/><G118/><T32/><D108/><U78/><E112/><V36/><F36/><W50/><G122/><T2/><D49/><U85/><E107/><V23/><F133/><W88/><G111/><T59/><D59/><U126/><E6/><V127/><F127/><W24/><G71/><T35/><D94/><U74/><E69/><N who="0" m="26729" /><D66/><U110/><E62/><V53/><F60/><W98/><G98/><T8/><D97/><U11/><E110/><V42/><F42/><W106/><G106/><T92/><D92/><U131/><E131/><V14/><F3/><N who="0" m="1034" /><D26/><U124/><E21/><V47/><REACH who="2" step="1"/><F53/><REACH who="2" ten="174,235,297,284" step="2"/><W46/><G43/><T22/><D102/><U128/><E128/><V0/><F0/><W101/><G52/><T18/><D38/><U76/><E7/><V29/><F29/><W109/><G109/><T123/><D37/><U65/><E65/><V28/><F28/><W61/><G61/><T134/><D134/><U119/><E119/><V105/><F105/><W58/><G101/><T54/><D54/><U67/><E67/><V121/><F121/><W63/><G63/><T115/><D123/><U113/><E113/><V117/><F117/><W95/><G50/><T130/><D115/><U39/><E39/><V91/><F91/><W48/><G48/><T45/><D130/><U96/><E126/><V15/><F15/><W103/><G13/><T89/><D89/><U41/><E124/><V79/><F79/><W132/><G132/><T27/><D45/><U40/><E125/><V33/><F33/><W30/><G34/><T90/><D90/><RYUUKYOKU ba="2,1" sc="174,15,235,-15,297,15,284,-15" hai0="8,10,18,22,27,32,35" hai2="4,12,14,16,23,47,51,55,80,81,93,99,100" /><INIT seed="2,3,1,2,1,76" ten="189,220,312,269" oya="2" hai0="86,37,27,43,29,57,129,113,101,85,75,46,110" hai1="33,99,39,4,121,88,9,40,112,94,80,53,73" hai2="23,42,5,125,31,106,59,104,52,61,79,55,63" hai3="77,69,135,14,64,122,25,89,126,71,24,115,19"/><V82/><F125/><W119/><G119/><T11/><D110/><U114/><E33/><V22/><F42/><W35/><G122/><T38/><D113/><U108/><E108/><V13/><F31/><W8/><G126/><T92/><D75/><U96/><E121/><V111/><F111/><W0/><G115/><T21/><D129/><U44/><E99/><V49/><F104/><W84/><G77/><T95/><D38/><U103/><E53/><V117/><F106/><W74/><G74/><T124/><D124/><U97/><E97/><V56/><F49/><W70/><G135/><T87/><D101/><U123/><E123/><V83/><F117/><W17/><G64/><T107/><D107/><U134/><E134/><V109/><F109/><W127/><G127/><T120/><D120/><U131/><E131/><V90/><F90/><W3/><G25/><T32/><D32/><U130/><E130/><V20/><F79/><W34/><G34/><T30/><D30/><U128/><E128/><V18/><F5/><W58/><G58/><T15/><REACH who="0" step="1"/><D57/><REACH who="0" ten="179,220,312,269" step="2"/><U1/><REACH who="1" step="1"/><E73/><REACH who="1" ten="179,210,312,269" step="2"/><V65/><REACH who="2" step="1"/><F65/><REACH who="2" ten="179,210,302,269" step="2"/><W91/><G35/><T60/><D60/><U72/><E72/><V100/><F100/><W67/><G67/><T78/><D78/><U41/><E41/><V7/><F7/><AGARI ba="3,4" hai="7,11,15,21,27,29,37,43,46,85,86,87,92,95" machi="7" ten="40,2600,0" yaku="1,1,53,1" doraHai="76" doraHaiUra="2" who="0" fromWho="2" sc="179,75,210,0,302,-35,269,0" /><INIT seed="3,0,0,3,5,38" ten="254,210,267,269" oya="3" hai0="19,105,118,125,131,66,77,134,14,80,65,46,5" hai1="26,119,107,30,16,78,69,71,11,116,37,129,27" hai2="43,4,9,55,32,48,29,98,59,68,75,92,113" hai3="117,132,96,103,31,23,112,57,45,85,60,54,83"/><W124/><G112/><T86/><D118/><N who="1" m="45099" /><E107/><V76/><F68/><N who="1" m="26185" /><E78/><V109/><F109/><W0/><G117/><T15/><D131/><U110/><E129/><V24/><F113/><W35/><G35/><T41/><D125/><U53/><E37/><V33/><F33/><W6/><G124/><T61/><D134/><U108/><E53/><V89/><F76/><W51/><G132/><T58/><D105/><U91/><E91/><V36/><F75/><W122/><G122/><T18/><D66/><U106/><E106/><V3/><REACH who="2" step="1"/><F36/><REACH who="2" ten="254,210,257,269" step="2"/><W74/><G74/><T82/><D77/><U44/><E110/><V100/><F100/><W7/><G103/><T49/><D5/><U133/><E108/><V47/><F47/><W28/><G6/><T114/><D114/><U10/><E44/><V39/><F39/><W17/><G7/><T95/><D46/><U94/><E133/><V135/><F135/><W104/><G45/><T97/><D58/><U64/><E64/><V130/><F130/><W21/><G57/><T72/><D65/><U79/><E79/><V101/><F101/><W120/><G120/><T115/><D72/><U25/><E30/><V121/><F121/><W128/><G28/><T88/><D115/><U84/><E16/><V93/><F93/><W81/><G17/><T50/><D95/><U127/><E127/><V111/><F111/><W22/><G31/><T8/><D18/><U34/><E34/><V70/><F70/><W67/><G104/><T42/><D19/><U90/><AGARI ba="0,1" hai="10,11,25,26,27,84,90,94" m="26185,45099" machi="90" ten="40,1500,0" yaku="12,1" doraHai="38" who="1" fromWho="1" sc="254,-4,210,25,257,-4,269,-7" /><INIT seed="4,0,0,3,5,59" ten="250,235,253,262" oya="0" hai0="33,125,52,46,66,97,85,16,22,9,101,96,135" hai1="108,127,107,55,116,41,117,110,86,126,134,64,87" hai2="68,123,32,115,61,119,84,128,75,47,48,14,40" hai3="77,5,26,3,99,56,106,88,25,65,91,90,102"/><T95/><D33/><U67/><E107/><V114/><F75/><W83/><G5/><T0/><D135/><U58/><E41/><V70/><F32/><W19/><G3/><T94/><D125/><N who="1" m="47627" /><E87/><V43/><F123/><W10/><G10/><T44/><D66/><N who="1" m="25131" /><E86/><V100/><F100/><W73/><REACH who="3" step="1"/><G19/><REACH who="3" ten="250,235,253,252" step="2"/><T121/><D9/><U131/><E134/><V92/><F115/><W17/><G17/><T60/><D0/><U12/><E12/><V37/><F14/><W49/><G49/><T132/><D132/><U111/><E131/><V62/><F114/><W11/><G11/><T122/><D122/><U20/><E20/><V124/><F128/><W118/><G118/><T38/><D121/><U79/><E79/><V39/><F119/><W57/><G57/><N who="0" m="34855" /><D38/><U42/><E42/><V78/><F124/><W133/><G133/><T109/><D109/><U15/><E15/><V93/><F78/><W6/><G6/><T23/><D23/><U8/><E8/><V129/><F129/><W113/><G113/><T28/><D16/><U104/><E104/><V45/><F48/><AGARI ba="0,1" hai="48,55,58,108,110,111,116,117" m="25131,47627" machi="48" ten="40,5200,0" yaku="18,1,34,2" doraHai="59" who="1" fromWho="2" sc="250,0,235,62,253,-52,252,0" /><INIT seed="5,0,0,5,0,71" ten="250,297,201,252" oya="1" hai0="43,96,2,82,118,81,68,14,26,66,54,39,61" hai1="125,67,0,42,41,70,23,97,122,6,89,52,30" hai2="22,56,45,47,59,27,105,92,102,73,58,117,34" hai3="57,32,48,60,103,123,35,40,126,99,63,80,77"/><U50/><E122/><V104/><F117/><W114/><G123/><T12/><D2/><U131/><E125/><V4/><F73/><W116/><G126/><T132/><D118/><U69/><E131/><V128/><F128/><W72/><G114/><T74/><D132/><U127/><E127/><V129/><F129/><W87/><G116/><T85/><D96/><U76/><E76/><V90/><F34/><W62/><G72/><T134/><D134/><U121/><E0/><V98/><F4/><W3/><G3/><T7/><D74/><U83/><E6/><V33/><F33/><W115/><G115/><T37/><D43/><U9/><E9/><V111/><F111/><W107/><REACH who="3" step="1"/><G57/><REACH who="3" ten="250,297,201,242" step="2"/><T113/><D113/><U8/><E121/><V55/><F59/><W16/><G16/><T110/><D68/><U29/><E70/><V79/><F58/><W112/><G112/><T10/><D110/><U135/><E69/><V95/><F105/><W44/><AGARI ba="0,1" hai="32,35,40,44,48,60,62,63,77,80,87,99,103,107" machi="44" ten="30,2000,0" yaku="1,1,0,1,53,0" doraHai="71" doraHaiUra="88" who="3" fromWho="3" sc="250,-5,297,-10,201,-5,242,30" /><INIT seed="6,0,0,1,5,31" ten="245,287,196,272" oya="2" hai0="110,63,39,66,126,52,112,64,70,100,10,132,9" hai1="43,26,29,92,81,114,94,98,108,14,17,106,71" hai2="102,111,47,24,73,11,91,65,5,2,56,68,60" hai3="48,72,77,80,76,49,20,4,115,89,130,78,67"/><V33/><F73/><W118/><G118/><T3/><D110/><U109/><E71/><V23/><F111/><W21/><G130/><T37/><D100/><U74/><E106/><V135/><F135/><W36/><G36/><T69/><D3/><U50/><E94/><V57/><F102/><W124/><G124/><T88/><D132/><U61/><E61/><V90/><F47/><W53/><G67/><T46/><D126/><U129/><E114/><V85/><F90/><W120/><G120/><T84/><D112/><U6/><E6/><V122/><F122/><W101/><G4/><T58/><D66/><U113/><E113/><V87/><F87/><N who="3" m="50407" /><G72/><T0/><D70/><U116/><E116/><V30/><REACH who="2" step="1"/><F23/><REACH who="2" ten="245,287,186,272" step="2"/><W128/><G101/><T19/><D46/><U22/><E22/><V40/><F40/><W25/><G20/><T55/><D84/><U13/><E43/><V15/><F15/><W105/><G115/><T119/><D88/><U42/><E14/><V1/><F1/><W8/><G21/><T27/><D119/><U103/><E13/><V12/><F12/><W75/><G75/><T99/><D0/><U79/><E74/><V59/><F59/><W123/><G123/><T32/><D58/><U16/><E108/><V96/><F96/><W83/><G77/><T51/><D99/><U34/><E109/><V134/><F134/><W82/><G78/><T93/><D69/><U117/><E117/><V95/><AGARI ba="0,1" hai="2,5,11,24,30,33,56,57,60,65,68,85,91,95" machi="95" ten="20,18000,2" yaku="1,1,0,1,7,1,52,1,53,2" doraHai="31" doraHaiUra="54" who="2" fromWho="2" sc="245,-60,287,-60,186,190,272,-60" /><INIT seed="6,1,0,2,0,89" ten="185,227,376,212" oya="2" hai0="36,80,43,120,124,3,29,58,53,101,2,94,16" hai1="105,69,106,129,122,125,115,93,90,18,118,130,110" hai2="20,26,102,24,96,135,57,41,52,79,117,7,91" hai3="87,22,112,63,131,42,62,28,9,71,49,68,77"/><V15/><F117/><W1/><G131/><N who="1" m="50186" /><E69/><V133/><F79/><W46/><G68/><T13/><D120/><U108/><E118/><V128/><F41/><W76/><G112/><T114/><D29/><U134/><E115/><V37/><F37/><W100/><G100/><T5/><D5/><U56/><E122/><V75/><F75/><W66/><G63/><T54/><D114/><U121/><E121/><V23/><F91/><W126/><G126/><T113/><D124/><U19/><E56/><V103/><F103/><W85/><G76/><T98/><D113/><U40/><E40/><V0/><F0/><W17/><G28/><T109/><D54/><U11/><E134/><V34/><F128/><W81/><G1/><T78/><D109/><N who="1" m="42091" /><E11/><V64/><F57/><W83/><G9/><T99/><D99/><N who="1" m="57783" /><E125/><V70/><F70/><W25/><REACH who="3" step="1"/><G81/><REACH who="3" ten="185,227,376,202" step="2"/><T55/><D80/><U97/><E106/><V119/><F119/><W107/><G107/><T88/><D3/><U73/><E73/><AGARI ba="1,1" hai="17,22,25,42,46,49,62,66,71,73,77,83,85,87" machi="73" ten="30,2000,0" yaku="1,1,7,1,53,0" doraHai="89" doraHaiUra="116" who="3" fromWho="1" sc="185,0,227,-23,376,0,202,33" /><INIT seed="7,0,0,4,0,116" ten="185,204,376,235" oya="3" hai0="104,50,76,30,15,47,46,5,65,67,41,57,8" hai1="85,108,17,79,4,94,87,64,53,48,42,125,128" hai2="55,97,109,10,81,60,119,25,62,71,73,75,69" hai3="26,95,123,90,83,115,103,63,2,89,92,77,16"/><W52/><G2/><T22/><D104/><U102/><E108/><V51/><F119/><W74/><G123/><T88/><D76/><U96/><E4/><V121/><F10/><W3/><G3/><T72/><D72/><U39/><E39/><V130/><F121/><W54/><G115/><T110/><D110/><U99/><E42/><V66/><F25/><W134/><G134/><T1/><D57/><U70/><E70/><V122/><F122/><W9/><G103/><T18/><D30/><U124/><E64/><V129/><F97/><W101/><G101/><T131/><D131/><N who="2" m="50186" /><F81/><W133/><G133/><T27/><D1/><U100/><E128/><V61/><F109/><W56/><G54/><T13/><D27/><U31/><E31/><V117/><F117/><W19/><G26/><T107/><D107/><U82/><E87/><V120/><F120/><W114/><G9/><T105/><D105/><U118/><E118/><V113/><F113/><W32/><G32/><T24/><D24/><U93/><E17/><V0/><F0/><W38/><G38/><T135/><D135/><U40/><E40/><V37/><F37/><W7/><G7/><T78/><D78/><U59/><AGARI ba="0,0" hai="48,53,59,79,82,85,93,94,96,99,100,102,124,125" machi="59" ten="30,2000,0" yaku="0,1,9,1" doraHai="116" who="1" fromWho="1" sc="185,-5,204,20,376,-5,235,-10" owari="180,-32.0,224,-17.6,371,47.1,225,2.5" /></mjloggm>