<mjloggm ver="2.3"><GO type="169" lobby="0"/><UN n0="%E7%99%BD%E9%AB%AA%E9%AC%BC" n1="%E3%80%8E%53%65%63%72%65%74%E3%80%8F" n2="%67%6F%67%6F%2D%E3%82%B4%E3%83%AA%E3%83%A9" n3="%E6%9D%BE%E5%8E%9F%E4%B8%8D%E7%8B%97" dan="16,16,17,16" rate="2122.26,2117.07,2178.55,2076.11" sx="M,M,M,M"/><TAIKYOKU oya="0"/><INIT seed="0,0,0,0,3,106" ten="250,250,250,250" oya="0" hai0="47,89,37,60,63,90,64,84,98,26,2,30,110" hai1="54,38,129,125,128,58,130,51,111,86,132,133,19" hai2="69,93,113,15,61,76,25,109,50,45,102,75,1" hai3="28,62,3,100,88,40,31,41,7,17,22,27,91"/><T44/><D2/><U56/><E19/><V8/><F113/><W108/><G108/><T39/><D110/><U9/><E86/><V95/><F109/><W57/><G100/><T79/><D79/><U32/><E9/><V80/><F1/><W117/><G117/><T65/><D98/><U20/><E20/><V112/><F112/><W97/><G3/><T87/><D26/><U52/><E32/><V4/><F102/><W23/><G7/><T92/><REACH who="0" step="1"/><D92/><REACH who="0" ten="240,250,250,250" step="2"/><U127/><E111/><V11/><F25/><W74/><G97/><T94/><D94/><U99/><E99/><V116/><F116/><W126/><G27/><T33/><D33/><U120/><E120/><V135/><F95/><W77/><G77/><T103/><D103/><U115/><E115/><V46/><F93/><W21/><G28/><AGARI ba="0,1" hai="28,30,37,39,44,47,60,63,64,65,84,87,89,90" machi="28" ten="25,4800,0" yaku="1,1,22,2,53,0" doraHai="106" doraHaiUra="36" who="0" fromWho="3" sc="240,58,250,0,250,0,250,-48" /><INIT seed="0,1,0,0,5,45" ten="298,250,250,202" oya="0" hai0="84,54,37,88,32,66,104,29,80,68,71,90,109" hai1="60,41,6,124,126,125,97,26,57,7,48,17,55" hai2="35,42,131,25,39,134,0,89,31,117,13,74,118" hai3="115,36,133,107,59,43,3,81,14,73,38,69,110"/><T9/><D37/><U22/><REACH who="1" step="1"/><E97/><REACH who="1" ten="298,240,250,202" step="2"/><V52/><F118/><W135/><G135/><T114/><D114/><U1/><E1/><V34/><F117/><W50/><G3/><T82/><D109/><U120/><E120/><V103/><F0/><W108/><G133/><T65/><D104/><U113/><E113/><V76/><F134/><W85/><G107/><T128/><D128/><U28/><E28/><V2/><F2/><W20/><G115/><T132/><D132/><U78/><E78/><V5/><F76/><W53/><G110/><T111/><D111/><U92/><E92/><V64/><F31/><W127/><G108/><T130/><D130/><U33/><E33/><V86/><F34/><W63/><G127/><T129/><D129/><U87/><E87/><V79/><F86/><W72/><G85/><T67/><D29/><U51/><E51/><V30/><F30/><W122/><G122/><T15/><D32/><U77/><E77/><V102/><F79/><W61/><G50/><T47/><D80/><U18/><E18/><V58/><F35/><W12/><G81/><T99/><D99/><U19/><E19/><V116/><F116/><W62/><G38/><T11/><D82/><U93/><E93/><V91/><F131/><W21/><G36/><T106/><D106/><U8/><E8/><V70/><F39/><W75/><G75/><T49/><D9/><U112/><E112/><V123/><F74/><W46/><G73/><T27/><D84/><U96/><E96/><V56/><F123/><W105/><G72/><T4/><D11/><U98/><E98/><RYUUKYOKU ba="1,1" sc="298,-10,240,30,250,-10,202,-10" hai1="6,7,17,22,26,41,48,55,57,60,124,125,126" /><INIT seed="1,2,1,4,2,104" ten="288,270,240,192" oya="1" hai0="41,87,29,0,101,35,105,120,55,52,25,28,23" hai1="88,132,49,103,22,26,14,135,100,43,11,60,129" hai2="102,58,45,66,96,7,18,117,37,4,31,8,13" hai3="46,57,42,5,33,72,83,110,76,92,39,17,16"/><U15/><E129/><V97/><F117/><W3/><G110/><T12/><D120/><U85/><E60/><V131/><F131/><W20/><G33/><T126/><D126/><U65/><E65/><V118/><F118/><W10/><G20/><T44/><D0/><U93/><E132/><V50/><F37/><W73/><G73/><T70/><D70/><U47/><E135/><V78/><F31/><W94/><G57/><T134/><D29/><U56/><E56/><V99/><F102/><W75/><G75/><T51/><D134/><U71/><E71/><V32/><F32/><W63/><G63/><T30/><D30/><N who="1" m="17751" /><E15/><V122/><F122/><W80/><G80/><T64/><D64/><U128/><E128/><V27/><F27/><W108/><G108/><T77/><D105/><U74/><E74/><V86/><F58/><W121/><G121/><T67/><D101/><U133/><E133/><V1/><F1/><W116/><G116/><T34/><D67/><U62/><E62/><V84/><F66/><W91/><G92/><T130/><D130/><U40/><E43/><V114/><F114/><W127/><G127/><T81/><D34/><U82/><E82/><N who="2" m="47191" /><F86/><AGARI ba="2,1" hai="3,5,10,16,17,39,42,46,72,76,83,86,91,94" machi="86" ten="30,8000,1" yaku="7,1,25,2,52,1,54,1" doraHai="104" who="3" fromWho="2" sc="288,0,270,0,240,-86,192,96" /><INIT seed="2,0,0,3,5,109" ten="288,270,154,288" oya="2" hai0="41,47,102,26,10,81,65,92,134,125,130,88,98" hai1="69,46,2,57,52,111,42,114,72,87,35,11,27" hai2="93,43,100,132,15,84,53,76,122,133,13,45,107" hai3="75,96,120,33,110,28,24,106,116,6,22,123,71"/><V7/><F122/><W117/><G75/><T118/><D118/><U85/><E72/><V20/><F107/><W44/><G110/><T99/><D130/><U86/><E111/><V68/><F68/><W127/><G44/><T78/><D125/><U89/><E69/><V48/><F53/><W31/><G71/><T59/><D134/><N who="2" m="51818" /><F7/><W108/><G108/><T25/><D10/><U121/><E121/><V23/><F100/><W74/><G106/><T112/><D59/><U131/><E131/><V36/><F36/><W50/><G6/><T9/><D9/><U126/><E126/><V12/><F93/><W61/><G127/><T129/><D65/><U62/><E114/><V66/><F66/><W80/><G117/><T51/><D112/><U77/><E77/><V55/><F55/><W18/><G116/><T103/><D129/><U1/><E11/><V54/><F54/><W8/><G8/><T82/><D103/><U58/><E58/><V30/><F30/><W90/><G31/><T115/><D115/><U101/><E101/><V63/><F63/><W97/><G28/><T67/><D67/><U37/><E89/><V83/><AGARI ba="0,0" hai="12,13,15,20,23,43,45,48,76,83,84" m="51818" machi="83" ten="40,2100,0" yaku="20,1" doraHai="109" who="2" fromWho="2" sc="288,-7,270,-7,154,21,288,-7" /><INIT seed="2,1,0,0,5,79" ten="281,263,175,281" oya="2" hai0="98,110,65,13,51,91,22,8,30,130,69,111,95" hai1="20,34,117,112,9,61,87,75,52,43,2,105,129" hai2="39,70,24,12,60,48,122,92,47,58,45,53,66" hai3="21,57,82,0,3,109,127,128,63,35,96,116,18"/><V121/><F24/><W132/><G35/><T54/><D130/><U27/><E112/><V102/><F12/><W15/><G116/><T14/><D65/><U100/><E117/><V17/><F17/><W7/><G128/><T26/><D69/><U49/><E129/><V44/><F102/><W73/><G109/><N who="0" m="41483" /><D8/><U55/><E75/><V106/><F106/><W59/><G59/><AGARI ba="1,0" hai="13,14,22,26,30,51,54,59,91,95,98" m="41483" machi="59" ten="30,1000,0" yaku="14,1" doraHai="79" who="0" fromWho="3" sc="281,13,263,0,175,0,281,-13" /><INIT seed="3,0,0,5,2,56" ten="294,263,175,268" oya="3" hai0="109,76,14,22,67,69,3,86,87,95,93,15,39" hai1="16,13,17,18,103,54,5,113,52,9,35,2,101" hai2="34,102,20,111,133,117,63,1,28,74,127,61,108" hai3="88,57,99,36,45,47,107,7,30,123,124,83,48"/><W129/><G123/><T12/><D3/><U40/><E113/><V59/><F117/><W89/><G129/><T72/><D39/><U10/><E35/><V31/><F133/><W58/><G124/><T19/><D109/><N who="2" m="42058" /><F127/><W29/><G7/><T132/><D72/><U24/><E40/><V75/><F1/><W92/><G107/><T116/><D116/><U112/><E112/><V134/><F134/><W4/><G4/><T8/><D132/><U91/><E91/><V21/><F59/><N who="3" m="22539" /><G36/><T32/><D32/><U78/><E78/><V96/><F75/><W42/><G47/><T98/><D76/><U23/><REACH who="1" step="1"/><E18/><REACH who="1" ten="294,253,175,268" step="2"/><V33/><F34/><W37/><G37/><T131/><D19/><U43/><E43/><V6/><F6/><W125/><G125/><T55/><D131/><U27/><E27/><N who="2" m="18591" /><F74/><W82/><G89/><T97/><D22/><N who="2" m="8810" /><F31/><AGARI ba="0,1" hai="29,30,31,42,45,48,82,83,88,92,99" m="22539" machi="31" ten="30,2900,0" yaku="8,1,54,1" doraHai="56" who="3" fromWho="2" sc="294,0,253,0,175,-29,268,39" /><INIT seed="3,1,0,1,3,62" ten="294,253,146,307" oya="3" hai0="72,50,2,123,96,84,28,20,89,44,131,30,88" hai1="60,129,104,4,90,101,12,130,36,31,97,45,65" hai2="51,61,102,107,115,68,99,40,35,13,128,87,5" hai3="56,132,125,124,3,57,7,71,64,79,126,75,42"/><W18/><G132/><T120/><D72/><U118/><E118/><V43/><F115/><W9/><G42/><T83/><D2/><U100/><E31/><V58/><F128/><W16/><G75/><T103/><D131/><U55/><E100/><V17/><F35/><W119/><G79/><T127/><D89/><U11/><E90/><V70/><F5/><W24/><G119/><T46/><D127/><U109/><E109/><V82/><F51/><W122/><G122/><T21/><D123/><U76/><E76/><V33/><F33/><W74/><G74/><T69/><D69/><U93/><E104/><V111/><F70/><W114/><G114/><T91/><D91/><U95/><E95/><V1/><F68/><W80/><G80/><T38/><D38/><U37/><E37/><V134/><F1/><W81/><G81/><T59/><D59/><N who="3" m="22601" /><G24/><T34/><D34/><U6/><E129/><V26/><F26/><W32/><G32/><T47/><D50/><U105/><E130/><V112/><F111/><W116/><G116/><T63/><D63/><AGARI ba="1,0" hai="3,7,9,16,18,63,64,71,124,125,126" m="22601" machi="63" ten="40,7700,0" yaku="18,1,52,1,54,1" doraHai="62" who="3" fromWho="0" sc="294,-80,253,0,146,0,307,80" /><INIT seed="3,2,0,5,4,126" ten="214,253,146,387" oya="3" hai0="67,51,119,91,81,28,83,95,69,79,82,122,125" hai1="131,56,123,26,93,111,74,103,31,57,39,107,30" hai2="117,19,50,99,62,36,112,75,104,78,47,116,89" hai3="66,12,41,127,37,52,54,134,130,63,106,102,65"/><W114/><G127/><T132/><D125/><U32/><E123/><V45/><F112/><W16/><G114/><T71/><D122/><U24/><E111/><V33/><F33/><W115/><G115/><T48/><D119/><U42/><E74/><V60/><F75/><W15/><G130/><T20/><D79/><U14/><E107/><V109/><F78/><W77/><G77/><T23/><D132/><U17/><E131/><V43/><F19/><W8/><G134/><T3/><D3/><U124/><E42/><V44/><F89/><W105/><G65/><T110/><D110/><U86/><E39/><V29/><F29/><N who="1" m="10761" /><E32/><V25/><F25/><N who="1" m="9833" /><E124/><V73/><F73/><W120/><G120/><T1/><D1/><U113/><E113/><V2/><F2/><W84/><G41/><T96/><D28/><U90/><E103/><V22/><F104/><W34/><G37/><T21/><REACH who="0" step="1"/><D67/><REACH who="0" ten="204,253,146,387" step="2"/><U97/><E97/><V53/><F99/><W9/><G34/><T133/><D133/><U98/><E98/><V5/><F109/><W100/><G105/><T128/><D128/><U76/><E76/><V0/><F117/><W11/><G106/><T27/><D27/><U101/><E101/><V129/><F129/><W92/><G100/><T70/><AGARI ba="2,1" hai="20,21,23,48,51,69,70,71,81,82,83,91,95,96" machi="70" ten="40,8000,1" yaku="1,1,0,1,29,2,53,0" doraHai="126" doraHaiUra="55" who="0" fromWho="0" sc="204,96,253,-22,146,-22,387,-42" /><INIT seed="4,0,0,2,0,35" ten="300,231,124,345" oya="0" hai0="94,108,135,41,90,88,128,127,104,14,24,8,113" hai1="33,34,4,110,16,81,86,15,25,82,10,116,2" hai2="32,29,51,84,112,37,1,69,99,134,38,68,125" hai3="115,57,79,130,65,76,123,105,74,13,75,132,103"/><T118/><D118/><U92/><E110/><V19/><F84/><W20/><G105/><T63/><D108/><U67/><E116/><V0/><F19/><W72/><G103/><T80/><D104/><U78/><E67/><V26/><F51/><W22/><G115/><T59/><D113/><U48/><E92/><V83/><F112/><W23/><G132/><T120/><D120/><U133/><E133/><V52/><F52/><W70/><G70/><N who="2" m="27241" /><F134/><W49/><G123/><T89/><D135/><U73/><E25/><V5/><F5/><W55/><G65/><T60/><D41/><U7/><E48/><V129/><F99/><W96/><G96/><T28/><D80/><U91/><REACH who="1" step="1"/><E7/><REACH who="1" ten="300,221,124,345" step="2"/><V61/><F61/><W47/><G49/><T36/><D60/><U109/><E109/><V40/><F83/><W56/><G130/><T18/><D128/><U53/><E53/><V106/><F129/><W98/><G55/><T58/><D63/><U50/><E50/><V77/><F106/><W44/><G56/><T111/><D111/><U87/><E87/><V71/><F71/><W54/><G54/><T117/><BYE who="3" /><D117/><U121/><E121/><V6/><F6/><W43/><G43/><T100/><D58/><UN n3="%E6%9D%BE%E5%8E%9F%E4%B8%8D%E7%8B%97" /><U17/><E17/><V30/><F29/><W85/><G57/><T124/><D59/><U3/><E3/><N who="2" m="1099" /><F40/><W122/><G85/><T126/><D94/><U62/><E62/><V21/><F38/><W11/><G122/><T46/><D36/><U119/><E119/><V31/><F37/><W12/><G74/><T66/><D66/><U101/><E101/><RYUUKYOKU ba="0,1" sc="300,-10,221,30,124,-10,345,-10" hai1="2,4,10,15,16,33,34,73,78,81,82,86,91" /><INIT seed="5,1,1,2,5,29" ten="290,251,114,335" oya="1" hai0="99,102,4,31,79,118,83,25,85,116,125,87,74" hai1="108,16,80,104,73,84,48,115,6,12,100,134,56" hai2="21,43,71,93,15,46,81,129,135,68,65,130,60" hai3="14,24,72,126,47,121,77,103,106,40,45,26,10"/><U109/><E115/><V128/><F135/><W19/><G121/><T30/><D125/><U122/><E122/><V117/><F117/><W62/><G126/><T49/><D4/><U132/><E73/><V0/><F0/><W89/><G47/><T36/><D36/><U94/><E6/><V133/><F133/><N who="1" m="51305" /><E104/><V63/><F81/><W120/><G62/><T59/><D30/><U98/><E48/><V51/><F93/><W127/><G120/><T67/><D118/><U69/><E56/><V28/><F28/><W42/><G42/><T18/><D18/><U131/><E69/><V1/><F1/><W78/><G72/><T8/><D8/><N who="1" m="6151" /><E131/><V113/><F21/><W33/><G106/><T105/><D116/><U38/><E38/><V2/><F15/><W13/><G14/><T23/><D49/><U114/><E114/><V97/><F2/><W34/><G13/><T58/><REACH who="0" step="1"/><D59/><REACH who="0" ten="280,251,114,335" step="2"/><U39/><E39/><V124/><F124/><W111/><G127/><T52/><D52/><U3/><E3/><V22/><F113/><W61/><G10/><T66/><D66/><U107/><E107/><V55/><F22/><W41/><G41/><T11/><D11/><U101/><E101/><V17/><F17/><W9/><G40/><T88/><D88/><AGARI ba="1,2" hai="80,84,88,94,98,100,108,109" m="6151,51305" machi="88" ten="30,5800,0" yaku="20,1,54,2" doraHai="29" who="1" fromWho="0" sc="280,-61,251,81,114,0,335,0" /><INIT seed="5,2,0,3,4,96" ten="219,332,114,335" oya="1" hai0="26,124,82,7,131,107,39,102,70,9,83,20,135" hai1="112,22,36,30,126,106,28,38,108,49,85,1,35" hai2="69,60,27,77,47,130,103,125,118,79,97,89,105" hai3="92,75,64,34,73,101,94,33,11,90,57,71,25"/><U111/><E112/><V16/><F118/><W50/><G71/><T123/><D123/><U133/><E133/><V68/><F130/><W88/><G11/><T98/><D131/><U128/><E128/><V46/><F125/><W14/><G14/><T31/><D124/><U59/><E126/><V55/><F89/><W13/><G13/><T87/><D135/><U76/><E1/><V45/><F55/><W78/><G25/><T74/><D70/><U32/><E106/><V10/><F69/><W4/><G4/><T110/><D110/><N who="1" m="42027" /><E49/><V2/><F2/><W120/><G50/><T72/><D39/><N who="1" m="14891" /><E59/><V119/><F119/><W66/><G57/><T58/><D58/><U51/><E51/><V29/><F10/><W44/><G44/><T67/><D67/><U62/><E62/><V6/><F6/><W129/><G129/><T23/><D23/><U117/><E117/><V114/><F114/><W99/><G120/><T91/><REACH who="0" step="1"/><D82/><REACH who="0" ten="209,332,114,335" step="2"/><N who="1" m="47303" /><E22/><V81/><F81/><W127/><G127/><T93/><D93/><U56/><E56/><V116/><F116/><W84/><G66/><T54/><D54/><U61/><E61/><V43/><F60/><W100/><G64/><T122/><D122/><U134/><E134/><V86/><F68/><W21/><G21/><T24/><D24/><U19/><E35/><V109/><F109/><W42/><G33/><T63/><D63/><U113/><E32/><V95/><F43/><W115/><G42/><T53/><D53/><U5/><E113/><V41/><F41/><W18/><G115/><T3/><AGARI ba="2,1" hai="3,7,9,20,26,31,72,74,83,87,91,98,102,107" machi="3" ten="20,5200,0" yaku="1,1,0,1,7,1,52,1,53,0" doraHai="96" doraHaiUra="132" who="0" fromWho="0" sc="209,68,332,-28,114,-15,335,-15" /><INIT seed="6,0,0,1,5,76" ten="277,304,99,320" oya="2" hai0="40,100,126,121,46,97,118,59,8,49,124,111,22" hai1="29,93,88,50,4,77,110,31,35,105,87,16,37" hai2="80,125,94,0,48,42,60,109,58,11,74,90,82" hai3="57,19,7,122,73,71,91,117,12,15,101,103,45"/><V116/><F116/><W84/><G71/><T64/><D121/><U135/><E110/><V20/><F109/><W24/><G73/><T62/><D111/><U39/><E105/><V79/><F125/><W51/><G117/><T108/><D108/><U47/><E4/><V129/><F129/><W99/><G24/><T83/><D118/><U112/><E112/><V113/><F113/><W61/><G7/><T63/><D8/><U131/><E135/><V1/><F11/><W65/><G99/><T128/><D128/><U13/><E131/><V85/><F20/><N who="3" m="11367" /><G15/><T18/><D63/><U66/><E66/><V38/><F38/><W36/><G36/><T102/><D83/><N who="1" m="47599" /><E35/><V3/><F94/><N who="3" m="54631" /><G122/><T27/><REACH who="0" step="1"/><D100/><REACH who="0" ten="267,304,99,320" step="2"/><U81/><E81/><V6/><F6/><W2/><G2/><T68/><D68/><U75/><E75/><V127/><F127/><W70/><G70/><T86/><D86/><N who="1" m="52375" /><E37/><V26/><F26/><W10/><G10/><T107/><AGARI ba="0,1" hai="18,22,27,40,46,49,59,62,64,97,102,107,124,126" machi="107" ten="30,4000,0" yaku="1,1,0,1,53,1" doraHai="76" doraHaiUra="53" who="0" fromWho="0" sc="267,50,304,-10,99,-20,320,-10" /><INIT seed="7,0,0,5,0,26" ten="317,294,79,310" oya="3" hai0="82,1,73,87,12,109,35,49,56,67,78,28,101" hai1="68,104,102,41,59,65,89,112,47,74,132,42,120" hai2="61,27,98,83,77,124,22,6,134,5,118,19,66" hai3="31,7,130,29,110,91,15,36,95,96,38,107,51"/><W24/><G107/><T122/><D122/><U54/><E120/><V13/><F134/><W14/><G130/><T128/><D1/><U70/><E74/><V88/><F124/><W17/><G110/><T133/><D128/><U81/><E102/><V129/><F118/><W86/><G38/><T32/><D109/><U30/><E104/><V60/><F129/><W33/><G36/><T44/><D101/><U45/><E81/><V94/><F13/><W99/><G7/><T8/><D73/><U125/><E89/><V57/><REACH who="2" step="1"/><F61/><REACH who="2" ten="317,294,69,310" step="2"/><W84/><G15/><T75/><D133/><U21/><E132/><V92/><F92/><N who="3" m="56351" /><G33/><T37/><D35/><U117/><E125/><V100/><F100/><N who="3" m="60543" /><G24/><T113/><D12/><U18/><E117/><V0/><F0/><W55/><G84/><T114/><D87/><U71/><E112/><V20/><F20/><N who="3" m="11319" /><G86/><T11/><D114/><U2/><E2/><V64/><F64/><W40/><G40/><T62/><D113/><U135/><E65/><V90/><F90/><W97/><G97/><T69/><D32/><U115/><E135/><V9/><F9/><W79/><G79/><T127/><D127/><U53/><E115/><V116/><F116/><W39/><G39/><T72/><D37/><U52/><E42/><V105/><F105/><W103/><G103/><T126/><D126/><U108/><E108/><V25/><F25/><W16/><G16/><T10/><D72/><U48/><E18/><V23/><F23/><W111/><G111/><T119/><D119/><U43/><E43/><V63/><F63/><W121/><G121/><RYUUKYOKU ba="0,1" sc="317,-15,294,-15,69,15,310,15" hai2="5,6,19,22,27,57,60,66,77,83,88,94,98" hai3="29,31,51,55" owari="302,10.2,279,-12.1,84,-41.6,335,43.5" /></mjloggm>