<mjloggm ver="2.3"><GO type="169" lobby="0"/><UN n0="%E5%B0%8F%E8%B1%86%E6%A2%93" n1="%48%4F%4D%4F%E5%A5%B3" n2="%50%73%79%63%68%65" n3="%E3%82%86%E3%81%86%E3%82%86%E3%81%8D" dan="16,16,17,17" rate="2154.57,2100.30,2124.82,2187.57" sx="F,M,M,M"/><TAIKYOKU oya="0"/><INIT seed="0,0,0,5,5,26" ten="250,250,250,250" oya="0" hai0="49,102,129,46,123,59,80,22,33,38,122,130,43" hai1="120,67,74,97,19,9,87,112,17,54,15,34,98" hai2="58,82,88,90,85,81,41,64,105,48,53,104,8" hai3="75,6,37,31,118,28,113,116,11,92,99,42,4"/><T13/><D33/><U44/><E120/><N who="0" m="46121" /><D102/><U16/><E34/><V70/><F41/><W24/><G113/><T114/><D80/><U108/><E74/><V101/><F101/><W121/><G75/><T96/><D96/><N who="1" m="36971" /><E67/><V107/><F8/><W50/><G121/><T91/><D91/><U135/><E108/><V132/><F132/><W45/><G6/><T78/><D22/><U127/><E135/><V126/><F126/><W77/><G77/><T1/><D13/><U40/><E127/><V47/><F70/><W14/><G37/><T65/><D78/><U133/><E133/><V125/><F125/><W60/><G60/><N who="0" m="38047" /><D1/><U69/><E112/><V51/><F64/><W62/><G62/><T128/><D114/><U10/><E69/><V35/><F35/><W72/><G72/><T3/><D3/><U76/><E40/><V30/><F107/><W52/><G42/><T95/><D95/><U32/><E32/><V73/><F73/><W61/><G61/><T110/><D110/><U7/><E10/><V89/><F105/><W131/><G24/><T71/><D71/><U109/><E109/><V29/><F104/><W79/><G79/><T55/><D55/><U84/><E76/><N who="2" m="46279" /><F81/><W63/><G63/><T103/><D103/><U25/><E25/><V134/><F134/><W94/><G11/><T106/><D106/><U83/><E83/><V111/><F111/><W21/><G99/><T20/><D20/><U36/><E36/><AGARI ba="0,0" hai="36,38,43,46,49,128,129,130" m="38047,46121" machi="36" ten="40,7700,0" yaku="19,1,34,2" doraHai="26" who="0" fromWho="1" sc="250,77,250,-77,250,0,250,0" /><INIT seed="0,1,0,4,0,26" ten="327,173,250,250" oya="0" hai0="34,75,123,124,101,91,71,40,122,135,12,31,90" hai1="120,68,86,1,16,127,73,41,132,109,115,126,125" hai2="103,8,104,48,64,99,81,111,42,7,121,131,94" hai3="97,38,74,35,49,36,65,56,105,92,57,89,59"/><T100/><D75/><U62/><E120/><V27/><F121/><W88/><G74/><T29/><D40/><U110/><E73/><V24/><F111/><N who="1" m="42505" /><E1/><V102/><F131/><W76/><G76/><T6/><D6/><U30/><E86/><V5/><F64/><W52/><G105/><T134/><D12/><U55/><E115/><V32/><F81/><W44/><G65/><T2/><D34/><U11/><E41/><V96/><F32/><W20/><G35/><T67/><D67/><N who="1" m="41079" /><E55/><V95/><F104/><W54/><G54/><T107/><D107/><U33/><E132/><V53/><F42/><W112/><G112/><T79/><D79/><U60/><E60/><V98/><F98/><W46/><G46/><T14/><D14/><N who="1" m="7263" /><E125/><V13/><REACH who="2" step="1"/><F7/><REACH who="2" ten="327,173,240,250" step="2"/><W85/><REACH who="3" step="1"/><G20/><REACH who="3" ten="327,173,240,240" step="2"/><T108/><D108/><U23/><E23/><V61/><F61/><W4/><G4/><T117/><D134/><U0/><E0/><V82/><F82/><AGARI ba="1,2" hai="36,38,44,49,52,56,57,59,82,85,88,89,92,97" machi="82" ten="40,5200,0" yaku="1,1,54,2,53,0" doraHai="26" doraHaiUra="113" who="3" fromWho="2" sc="327,0,173,0,240,-55,240,75" /><INIT seed="1,0,0,4,5,74" ten="327,173,185,315" oya="1" hai0="102,71,73,99,36,105,54,119,108,34,58,120,110" hai1="26,70,126,92,52,80,39,35,106,125,134,107,81" hai2="14,45,68,22,17,49,98,91,86,78,11,113,3" hai3="21,64,82,27,15,19,79,32,30,124,117,42,63"/><U41/><E134/><V55/><F68/><W96/><G124/><N who="1" m="47722" /><E70/><V67/><F67/><W51/><G117/><T53/><D119/><U50/><E92/><V135/><F135/><W90/><G42/><T20/><D71/><U7/><E7/><V69/><F69/><W132/><G132/><T121/><D34/><U23/><E35/><V133/><F133/><W130/><G51/><T47/><D20/><U62/><E62/><V40/><F113/><W131/><G63/><T13/><D13/><U87/><E41/><V101/><F3/><W5/><G64/><T60/><D73/><U31/><E39/><V95/><F40/><W127/><G127/><T43/><REACH who="0" step="1"/><D54/><REACH who="0" ten="317,173,185,315" step="2"/><U46/><E81/><N who="2" m="47415" /><F22/><W112/><G21/><T9/><D9/><U10/><E10/><V48/><F48/><W97/><G32/><T123/><AGARI ba="0,1" hai="36,43,47,53,58,60,99,102,105,108,110,120,121,123" machi="123" ten="40,8000,1" yaku="1,1,0,1,13,1,53,1" doraHai="74" doraHaiUra="100" who="0" fromWho="0" sc="317,90,173,-40,185,-20,315,-20" /><INIT seed="2,0,0,5,1,47" ten="407,133,165,295" oya="2" hai0="33,0,91,50,7,79,22,88,28,93,48,16,85" hai1="64,58,92,82,90,8,111,21,124,87,2,107,94" hai2="76,99,20,110,38,10,81,24,59,114,29,70,12" hai3="116,25,122,120,26,106,39,61,3,5,56,31,77"/><V1/><F70/><W27/><G106/><T135/><D79/><U45/><E107/><V35/><F38/><W15/><G39/><T4/><D135/><U96/><E111/><V44/><F114/><W72/><G77/><T63/><D63/><U113/><E113/><V66/><F110/><W132/><G72/><T80/><D33/><U51/><E124/><V19/><F44/><W84/><G84/><N who="0" m="52455" /><D28/><U14/><E21/><V127/><F127/><W112/><G116/><T74/><D0/><U52/><E2/><V69/><F69/><W75/><G75/><T49/><D74/><U73/><E73/><V57/><F66/><W117/><G3/><T17/><D17/><N who="1" m="8391" /><E96/><V125/><F125/><W126/><G31/><T83/><D83/><U108/><E108/><V55/><F99/><W98/><G98/><T123/><D123/><U41/><E64/><V78/><F81/><W115/><G117/><T60/><D60/><AGARI ba="0,0" hai="41,45,51,52,58,60,82,87,90,92,94" m="8391" machi="60" ten="30,3900,0" yaku="8,1,52,1,54,1" doraHai="47" who="1" fromWho="0" sc="407,-39,133,39,165,0,295,0" /><INIT seed="3,0,0,0,0,95" ten="368,172,165,295" oya="3" hai0="88,18,106,94,39,76,121,86,117,24,126,71,78" hai1="124,120,69,115,58,87,130,55,35,32,132,51,100" hai2="67,79,33,81,99,4,91,96,54,68,131,64,98" hai3="14,5,15,52,23,25,0,72,43,2,129,109,44"/><W97/><G72/><T38/><D71/><U49/><E120/><V104/><F33/><W41/><G129/><T17/><D117/><U16/><E115/><V12/><F104/><W28/><G2/><T56/><D121/><U13/><E124/><V83/><F131/><W36/><G109/><T63/><D106/><U125/><E69/><V112/><F112/><W133/><G133/><T1/><D1/><U127/><E125/><V105/><F105/><W128/><G128/><T110/><D110/><U30/><E127/><V113/><F113/><W53/><G43/><T29/><D126/><U122/><E122/><V3/><F3/><W31/><G31/><T75/><D75/><U92/><E132/><V103/><F103/><W42/><G42/><T70/><D70/><U62/><E130/><V9/><F68/><W40/><G40/><T46/><D46/><U85/><E30/><V135/><F135/><W74/><G74/><T50/><D50/><N who="1" m="18955" /><E32/><V108/><F108/><W93/><G0/><T11/><D39/><U107/><E107/><V84/><REACH who="2" step="1"/><F54/><REACH who="2" ten="368,172,155,295" step="2"/><W61/><G53/><N who="0" m="34191" /><D38/><U21/><E35/><V101/><F101/><N who="3" m="60591" /><G36/><T66/><D66/><U47/><E47/><V34/><F34/><W114/><G44/><T111/><D111/><U65/><E65/><V37/><F37/><W116/><G41/><T59/><D59/><U73/><E73/><AGARI ba="0,1" hai="4,9,12,64,67,73,79,81,83,84,91,96,98,99" machi="73" ten="40,8000,1" yaku="1,1,52,3,53,0" doraHai="95" doraHaiUra="22" who="2" fromWho="1" sc="368,0,172,-80,155,90,295,0" /><INIT seed="4,0,0,5,3,57" ten="368,92,245,295" oya="0" hai0="94,10,35,62,40,30,67,109,121,3,68,124,13" hai1="60,110,50,52,14,58,133,114,37,100,64,27,2" hai2="89,131,86,111,87,21,56,47,79,31,24,16,127" hai3="78,65,105,17,33,85,93,38,97,49,59,6,63"/><T29/><D121/><U113/><E110/><V25/><F111/><W91/><G38/><T134/><D109/><U73/><E2/><V39/><F131/><W117/><G117/><T115/><D115/><N who="1" m="44043" /><E73/><V48/><F39/><W71/><G6/><T12/><D134/><U36/><E100/><V22/><F127/><W128/><G33/><T75/><D75/><U9/><E27/><V70/><F70/><W102/><G128/><T92/><D124/><U98/><E98/><V122/><F122/><W96/><G78/><T32/><D3/><U74/><E74/><V34/><F34/><W99/><G17/><T42/><D32/><U11/><E11/><V18/><F31/><W90/><G90/><T53/><D13/><U44/><E133/><V108/><F108/><W116/><G116/><T51/><D30/><U80/><E80/><V45/><F79/><W130/><G130/><T81/><D81/><U66/><E66/><V82/><F87/><W103/><G103/><T104/><D29/><U107/><E107/><V23/><F23/><W123/><G123/><T28/><D104/><U4/><AGARI ba="0,0" hai="4,9,14,36,37,44,50,52,58,60,64" m="44043" machi="4" ten="30,7900,0" yaku="15,1,11,1,52,1,54,1" doraHai="57" who="1" fromWho="1" sc="368,-39,92,79,245,-20,295,-20" /><INIT seed="5,0,0,5,3,29" ten="329,171,225,275" oya="1" hai0="6,129,110,23,46,131,44,105,40,0,54,37,27" hai1="126,91,111,134,100,55,124,87,56,35,36,83,9" hai2="57,51,13,49,93,62,79,82,69,77,102,117,26" hai3="34,39,52,95,48,59,5,90,58,64,14,107,128"/><U112/><E134/><V76/><F117/><W92/><G107/><T28/><D105/><U101/><E36/><V18/><F69/><W15/><G128/><N who="0" m="49227" /><D110/><U106/><E111/><V81/><F26/><W80/><G34/><T50/><D6/><U16/><E112/><V4/><F4/><W11/><G39/><T2/><AGARI ba="0,0" hai="0,2,23,27,28,37,40,44,46,50,54" m="49227" machi="2" ten="30,1100,0" yaku="19,1" doraHai="29" who="0" fromWho="0" sc="329,11,171,-5,225,-3,275,-3" /><INIT seed="6,0,0,3,4,69" ten="340,166,222,272" oya="2" hai0="90,10,56,97,135,74,129,125,36,79,85,46,100" hai1="105,53,23,108,123,67,31,8,59,95,27,2,94" hai2="19,110,134,92,71,18,45,118,52,81,38,0,44" hai3="98,54,128,113,15,58,29,84,48,40,132,101,121"/><V115/><F118/><W80/><G121/><T60/><D129/><U93/><E105/><V130/><F71/><W22/><G132/><T88/><D125/><U109/><E123/><V25/><F0/><W102/><G128/><T78/><D135/><U86/><E67/><V107/><F107/><W14/><G113/><T75/><D10/><U87/><E2/><V3/><F3/><W13/><G40/><T104/><D90/><U68/><E68/><V39/><F134/><W5/><G5/><T33/><D33/><U131/><E131/><V126/><F130/><W61/><G48/><T16/><D46/><U73/><E73/><V111/><F115/><W114/><G98/><T89/><D89/><U37/><E37/><N who="2" m="13835" /><F126/><W63/><G63/><T62/><D62/><U34/><E8/><V42/><F42/><W6/><G6/><T83/><D36/><U57/><E34/><V133/><F133/><W91/><G114/><T112/><D112/><U119/><E119/><V35/><F81/><W1/><G1/><T66/><D83/><U7/><E7/><V72/><F72/><W24/><AGARI ba="0,0" hai="13,14,15,22,24,29,54,58,61,80,84,91,101,102" machi="24" ten="30,2000,0" yaku="0,1,8,1" doraHai="69" who="3" fromWho="3" sc="340,-5,166,-5,222,-10,272,20" /><INIT seed="7,0,0,4,0,23" ten="335,161,212,292" oya="3" hai0="5,3,92,112,17,4,29,55,18,51,21,37,71" hai1="0,70,122,52,135,61,10,58,86,38,105,107,49" hai2="110,60,123,97,90,134,87,133,91,63,101,96,25" hai3="14,80,130,128,34,89,50,74,129,106,19,115,72"/><W46/><G106/><T41/><D71/><U118/><E122/><V13/><F110/><W77/><G115/><T39/><D39/><U73/><E73/><V35/><F13/><W12/><G12/><T11/><D5/><U66/><E135/><N who="2" m="51723" /><F123/><W75/><G34/><T81/><D92/><U111/><E111/><V6/><F6/><W117/><G117/><T45/><D112/><U8/><E118/><V1/><F1/><W126/><G126/><T16/><D29/><U33/><E33/><V15/><F15/><W42/><REACH who="3" step="1"/><G89/><REACH who="3" ten="335,161,212,282" step="2"/><T24/><D81/><U124/><E124/><V93/><F91/><W30/><G30/><T78/><D78/><U95/><E0/><V57/><F35/><W53/><G53/><T121/><D121/><U109/><E109/><V104/><F104/><W108/><G108/><T48/><D37/><U31/><E31/><V116/><F116/><W20/><AGARI ba="0,1" hai="14,19,20,42,46,50,72,74,75,77,80,128,129,130" machi="20" ten="30,18000,2" yaku="1,1,0,1,19,1,53,3" doraHai="23" doraHaiUra="127" who="3" fromWho="3" sc="335,-60,161,-60,212,-60,282,190" owari="275,7.5,101,-39.9,152,-24.8,472,57.2" /></mjloggm>