<mjloggm ver="2.3"><GO type="169" lobby="0"/><UN n0="%E3%81%8B%E3%81%9F%32%36%E3%82%8A" n1="%E8%8A%B1%E9%81%93%E6%A1%9C%E6%9C%A8" n2="%E5%B0%8F%E6%9E%97%E6%B5%81%E7%89%8C%E6%89%8B" n3="%E9%95%B7%E5%B2%A1" dan="16,16,17,16" rate="2094.40,2144.55,2141.35,2130.58" sx="M,M,M,M"/><TAIKYOKU oya="0"/><INIT seed="0,0,0,4,2,33" ten="250,250,250,250" oya="0" hai0="11,94,76,71,115,55,9,116,6,98,49,54,77" hai1="91,107,130,14,47,96,27,43,8,58,52,110,92" hai2="26,80,70,36,67,120,44,123,25,69,117,118,132" hai3="56,126,57,22,108,3,73,124,29,127,97,90,40"/><T46/><D115/><U13/><E110/><V37/><F80/><W79/><G108/><T23/><D116/><N who="2" m="44650" /><F67/><W82/><G40/><T24/><D71/><N who="2" m="27146" /><F132/><W88/><G3/><T81/><D54/><U5/><E130/><V50/><F25/><N who="3" m="16567" /><G97/><T51/><D49/><U111/><E111/><V93/><F26/><W68/><G68/><T75/><D6/><U112/><E112/><V100/><F93/><W60/><G57/><T53/><D77/><U121/><E27/><V20/><F20/><W0/><G0/><T61/><D61/><U63/><E107/><V78/><F100/><W128/><G128/><T4/><D53/><AGARI ba="0,0" hai="53,56,60,73,79,82,88,90,124,126,127" m="16567" machi="53" ten="30,2000,0" yaku="18,1,54,1" doraHai="33" who="3" fromWho="0" sc="250,-20,250,0,250,0,250,20" /><INIT seed="1,0,0,2,1,78" ten="230,250,250,270" oya="1" hai0="93,77,123,101,116,119,1,113,104,33,125,58,74" hai1="67,102,83,106,17,46,97,34,30,91,135,65,55" hai2="31,94,18,127,73,107,26,15,63,4,90,81,25" hai3="11,29,105,47,21,23,50,60,121,19,28,109,131"/><U53/><E135/><V124/><F107/><W72/><G121/><T80/><D33/><U108/><E108/><V95/><F4/><W12/><G105/><T114/><D1/><U32/><E30/><N who="3" m="11882" /><G72/><T79/><D123/><U132/><E132/><V40/><F40/><N who="3" m="24935" /><G131/><T59/><D59/><U103/><E17/><V22/><F63/><W134/><G134/><T112/><D58/><U92/><E46/><V0/><F0/><W9/><G109/><T100/><D125/><N who="2" m="48202" /><F26/><W39/><G39/><T42/><D42/><U8/><E106/><V128/><F128/><W56/><G23/><T89/><D77/><U57/><E8/><N who="2" m="6503" /><F73/><W27/><G27/><T66/><D66/><AGARI ba="0,0" hai="9,11,12,19,21,56,60,66" m="24935,11882" machi="66" ten="30,1000,0" yaku="8,1" doraHai="78" who="3" fromWho="0" sc="230,-10,250,0,250,0,270,10" /><INIT seed="2,0,0,2,1,34" ten="220,250,250,280" oya="2" hai0="127,90,95,76,49,0,93,102,18,100,112,104,61" hai1="36,45,98,55,81,48,58,68,5,126,131,89,53" hai2="16,3,109,66,115,114,38,82,125,37,27,22,128" hai3="41,29,77,56,25,75,106,23,113,78,80,47,19"/><V70/><F37/><W103/><G113/><T101/><D112/><U135/><E131/><V117/><F38/><W97/><G78/><T108/><D108/><U2/><E68/><V63/><F117/><W94/><G56/><T14/><D0/><U33/><E33/><V116/><F116/><W105/><REACH who="3" step="1"/><G29/><REACH who="3" ten="220,250,250,270" step="2"/><T123/><D123/><U92/><E58/><V30/><F128/><W4/><G4/><T26/><D127/><U110/><E126/><V12/><F125/><W122/><G122/><T7/><D7/><U11/><E5/><V59/><F109/><W71/><G71/><T79/><D79/><U84/><E110/><V10/><F3/><W24/><G24/><T42/><D76/><U64/><E2/><V72/><F72/><W8/><G8/><T6/><D6/><U44/><E11/><V87/><F70/><W130/><G130/><T15/><D26/><U1/><E1/><V65/><F66/><W73/><G73/><T132/><D14/><U39/><E64/><V46/><REACH who="2" step="1"/><F46/><REACH who="2" ten="220,250,240,270" step="2"/><W91/><G91/><AGARI ba="0,2" hai="10,12,16,22,27,30,59,63,65,82,87,91,114,115" machi="91" ten="30,11600,0" yaku="1,1,2,1,7,1,54,1,53,0" doraHai="34" doraHaiUra="50" who="2" fromWho="3" sc="220,0,250,0,240,136,270,-116" /><INIT seed="2,1,0,1,2,25" ten="220,250,376,154" oya="2" hai0="75,125,134,44,78,83,104,0,20,48,9,60,92" hai1="101,31,123,89,56,122,33,69,91,66,112,65,126" hai2="120,124,76,3,63,82,49,29,62,7,11,10,103" hai3="73,52,79,43,71,59,74,36,111,39,77,114,18"/><V68/><F120/><W94/><G71/><T51/><D104/><U97/><E112/><V116/><F116/><W115/><G94/><T132/><D125/><U135/><E126/><V58/><F124/><W21/><G111/><T15/><D0/><U130/><E130/><V80/><F80/><W41/><G21/><T16/><D60/><U35/><E135/><N who="0" m="51753" /><D92/><U119/><E119/><V4/><F103/><W46/><G59/><T81/><D81/><U106/><E56/><V12/><F68/><W50/><G50/><N who="0" m="18987" /><D20/><U55/><E55/><V61/><F49/><W84/><G84/><T14/><D14/><U45/><E45/><AGARI ba="1,0" hai="9,15,16,44,45,75,78,83" m="18987,51753" machi="45" ten="30,2000,0" yaku="20,1,54,1" doraHai="25" who="0" fromWho="1" sc="220,23,250,-23,376,0,154,0" /><INIT seed="3,0,0,0,1,8" ten="243,227,376,154" oya="3" hai0="3,125,41,104,84,117,70,103,29,74,12,99,115" hai1="56,82,108,23,18,64,40,46,72,31,20,38,54" hai2="48,51,110,73,118,121,126,33,14,67,107,39,122" hai3="106,58,30,27,26,100,65,34,75,92,134,5,11"/><W47/><G134/><T16/><D74/><U97/><E108/><V32/><F39/><W112/><G112/><T13/><D117/><U93/><E64/><V127/><F107/><W133/><G133/><T95/><D3/><U77/><E31/><V102/><F73/><W109/><G75/><T71/><D29/><U111/><E111/><V68/><F102/><W25/><G106/><T86/><D115/><U53/><E56/><V79/><F79/><W123/><G123/><N who="2" m="47113" /><F110/><W124/><G124/><N who="2" m="47657" /><F118/><W59/><G47/><T76/><D125/><U120/><E120/><V49/><F14/><N who="3" m="5487" /><G58/><T105/><D12/><U128/><E72/><V43/><F43/><W17/><G109/><T35/><D41/><U119/><E77/><V94/><F94/><W45/><G45/><T4/><D76/><U10/><E82/><V88/><F88/><W0/><G0/><T66/><D95/><U114/><E119/><V15/><F15/><W2/><G2/><T132/><D132/><U57/><E114/><V22/><F22/><N who="3" m="13519" /><G30/><T62/><D4/><U91/><E46/><V52/><F52/><W44/><G44/><T9/><D105/><U96/><E54/><V60/><AGARI ba="0,0" hai="32,33,48,49,51,60,67,68" m="47657,47113" machi="60" ten="40,2700,0" yaku="13,1,18,1" doraHai="8" who="2" fromWho="2" sc="243,-7,227,-7,376,27,154,-13" /><INIT seed="4,0,0,3,5,127" ten="236,220,403,141" oya="0" hai0="13,12,91,4,74,112,55,44,17,117,68,104,110" hai1="134,132,83,32,87,90,47,43,58,30,60,49,119" hai2="1,31,135,54,36,2,100,8,109,38,26,89,52" hai3="86,126,71,56,50,65,40,125,0,19,129,29,6"/><T128/><D117/><U61/><E119/><V73/><F109/><W16/><G29/><T39/><D110/><U108/><E108/><V92/><F100/><W116/><G116/><T20/><D112/><U122/><E122/><V107/><F107/><W45/><G71/><T102/><D68/><U115/><E115/><V80/><F36/><W113/><G113/><T53/><D74/><U69/><E69/><V34/><F38/><W46/><G45/><T130/><D91/><U35/><E60/><V106/><F106/><W81/><G129/><N who="0" m="49771" /><D4/><U76/><E90/><V15/><F80/><W79/><G6/><T120/><D120/><U66/><E30/><V75/><F75/><W124/><REACH who="3" step="1"/><G0/><REACH who="3" ten="236,220,403,131" step="2"/><T84/><D44/><U121/><E121/><V88/><F1/><W93/><G93/><T78/><D39/><U67/><E47/><V94/><F92/><W105/><G105/><T57/><D57/><U131/><E58/><V5/><F94/><W62/><AGARI ba="0,1" hai="16,19,40,46,50,56,62,65,79,81,86,124,125,126" machi="62" ten="40,12000,2" yaku="1,1,0,1,18,1,54,1,53,2" doraHai="127" doraHaiUra="14" who="3" fromWho="3" sc="236,-60,220,-30,403,-30,131,130" /><INIT seed="5,0,0,4,4,119" ten="176,190,373,261" oya="1" hai0="121,21,128,89,60,98,133,71,37,135,126,3,10" hai1="125,76,16,73,2,124,24,70,12,110,52,92,101" hai2="64,33,14,74,99,41,96,61,114,67,95,120,90" hai3="53,65,27,49,127,13,28,50,42,54,112,62,118"/><U78/><E70/><V106/><F120/><W11/><G112/><T111/><D111/><U51/><E2/><V77/><F33/><W122/><G127/><N who="1" m="48714" /><E73/><V115/><F41/><W130/><G130/><T48/><D126/><U82/><E82/><N who="2" m="45367" /><F14/><W55/><G42/><T45/><D37/><U32/><E110/><V84/><F64/><W40/><G40/><T17/><D128/><U43/><E43/><V31/><F31/><W88/><G118/><T9/><D71/><U5/><E5/><V105/><F106/><W97/><G122/><T44/><D60/><U91/><E101/><N who="2" m="62631" /><F99/><W18/><G97/><T6/><D9/><N who="1" m="6159" /><E24/><V0/><F0/><W46/><G49/><T19/><D19/><U113/><E32/><V109/><F109/><W34/><REACH who="3" step="1"/><G88/><REACH who="3" ten="176,190,373,251" step="2"/><T56/><D89/><U116/><E116/><V79/><F79/><W134/><G134/><N who="0" m="51211" /><D98/><N who="1" m="57631" /><E113/><V131/><F131/><W69/><AGARI ba="0,1" hai="11,13,18,27,28,34,46,50,53,54,55,62,65,69" machi="69" ten="20,2700,0" yaku="1,1,0,1,7,1,53,0" doraHai="119" doraHaiUra="83" who="3" fromWho="3" sc="176,-7,190,-13,373,-7,251,37" /><INIT seed="6,0,0,5,1,21" ten="169,177,366,288" oya="2" hai0="2,29,94,55,44,103,132,120,84,97,121,59,61" hai1="45,112,47,53,49,129,16,30,80,8,133,72,107" hai2="134,123,50,115,81,58,5,54,74,77,113,106,109" hai3="11,3,36,101,125,34,88,135,9,0,10,27,118"/><V42/><F123/><W89/><G36/><T35/><D132/><U19/><E107/><V73/><F106/><W100/><G118/><T90/><D2/><N who="3" m="553" /><G34/><T93/><D35/><U67/><E112/><N who="2" m="43083" /><F134/><W131/><G135/><T15/><D29/><U38/><E129/><V57/><F42/><W68/><G68/><T48/><REACH who="0" step="1"/><D15/><REACH who="0" ten="159,177,366,288" step="2"/><U92/><E30/><V104/><F109/><W114/><G114/><T51/><D51/><U4/><E133/><V71/><F50/><W83/><G131/><T126/><D126/><U76/><E67/><AGARI ba="0,1" hai="44,48,55,59,61,67,84,90,93,94,97,103,120,121" machi="67" ten="30,2000,0" yaku="1,1,7,1,53,0" doraHai="21" doraHaiUra="111" who="0" fromWho="1" sc="159,30,177,-20,366,0,288,0" /><INIT seed="7,0,0,0,5,89" ten="189,157,366,288" oya="3" hai0="94,66,62,130,31,115,4,128,107,56,131,39,100" hai1="16,127,104,108,26,118,101,53,52,37,120,2,63" hai2="6,83,38,72,35,112,71,58,111,134,110,125,92" hai3="87,0,85,93,81,15,122,113,96,116,126,19,74"/><W103/><G116/><T132/><D39/><U80/><E120/><V114/><F71/><W59/><G122/><T78/><D132/><U68/><E108/><V42/><F35/><W20/><G113/><T77/><D107/><U9/><E37/><V54/><F125/><W43/><G126/><T121/><D121/><U51/><E127/><V88/><F134/><W57/><G0/><T82/><D115/><N who="2" m="44074" /><F6/><W23/><G43/><T7/><D31/><U10/><E118/><V27/><F27/><W3/><G3/><T13/><D13/><U61/><E104/><V64/><F64/><W117/><G117/><T84/><D77/><U46/><E101/><V50/><F42/><W105/><G87/><T69/><D69/><U119/><E119/><V86/><F38/><W41/><G41/><T47/><D47/><U49/><E68/><V70/><F70/><W98/><G23/><T75/><D75/><U8/><E80/><V44/><F44/><W123/><G74/><T67/><D67/><U1/><E1/><V55/><F55/><W106/><G123/><T73/><D73/><U109/><E2/><V79/><AGARI ba="0,0" hai="50,54,58,72,79,83,86,88,92,110,111" m="44074" machi="79" ten="30,4000,0" yaku="15,1,52,1,54,1" doraHai="89" who="2" fromWho="2" sc="189,-10,157,-10,366,40,288,-20" owari="179,-22.1,147,-35.3,406,50.6,268,6.8" /></mjloggm>