<mjloggm ver="2.3"><GO type="169" lobby="0"/><UN n0="%E3%81%95%E3%81%8B%E3%81%8D" n1="%E6%98%8E%E6%98%9F%E5%B8%82%E6%B0%91" n2="%53%63%61%6E%64%61%6C" n3="%E3%82%B3%E3%81%98%E3%81%95%E3%82%93%EF%BC%9F" dan="17,17,16,17" rate="2213.26,2220.11,2134.10,2147.05" sx="M,M,M,M"/><TAIKYOKU oya="0"/><INIT seed="0,0,0,1,2,16" ten="250,250,250,250" oya="0" hai0="66,33,132,102,72,46,55,100,1,2,76,73,90" hai1="67,75,10,22,123,131,119,3,35,7,128,91,39" hai2="58,108,18,12,57,82,11,61,116,112,127,21,31" hai3="103,74,88,4,99,71,96,34,118,26,68,51,95"/><T28/><D132/><U85/><E75/><V86/><F112/><W9/><G118/><T36/><D66/><U54/><E39/><V89/><F108/><W14/><G74/><T121/><D121/><U64/><E35/><V122/><F122/><W8/><G51/><T115/><D115/><U17/><E54/><V29/><F127/><W43/><G43/><T69/><D90/><U111/><E111/><V48/><F116/><W49/><G49/><T53/><D28/><U44/><E44/><V110/><F110/><W19/><G34/><T50/><D50/><U63/><E119/><V117/><F117/><W5/><G26/><T98/><D98/><U79/><E79/><V105/><F105/><W92/><REACH who="3" step="1"/><G19/><REACH who="3" ten="250,250,250,240" step="2"/><T125/><D33/><U120/><E120/><V130/><F48/><W6/><G6/><T107/><D73/><U32/><E32/><V38/><F38/><W106/><G106/><T87/><D72/><U135/><E123/><V124/><F124/><W134/><G134/><T40/><D107/><U101/><E135/><V25/><F130/><N who="1" m="49705" /><E63/><V77/><F61/><W97/><G97/><T133/><D133/><U56/><E56/><V24/><REACH who="2" step="1"/><F77/><REACH who="2" ten="250,250,240,240" step="2"/><W70/><G70/><T62/><D125/><U114/><E114/><V42/><F42/><W23/><G23/><AGARI ba="0,2" hai="11,12,18,21,23,24,25,29,31,57,58,82,86,89" machi="23" ten="30,12000,2" yaku="1,1,7,1,9,1,8,1,52,2,53,0" doraHai="16" doraHaiUra="47" who="2" fromWho="3" sc="250,0,250,0,240,140,240,-120" /><INIT seed="1,0,0,1,3,83" ten="250,250,380,120" oya="1" hai0="115,86,61,97,77,24,78,11,89,103,27,43,125" hai1="121,21,135,96,67,75,52,119,57,20,56,42,16" hai2="120,63,133,60,1,69,101,134,32,100,123,76,82" hai3="41,39,6,59,23,74,68,26,64,12,17,118,4"/><U19/><E121/><V85/><F32/><W108/><G68/><T66/><D115/><U92/><E75/><V104/><F1/><W8/><G108/><T112/><D112/><U13/><E42/><V80/><F69/><W31/><G118/><T113/><D113/><U36/><E36/><V35/><F35/><W84/><G74/><T58/><D125/><U87/><E135/><N who="2" m="51723" /><F104/><W122/><G122/><N who="2" m="46633" /><F82/><W124/><G124/><T117/><D11/><U45/><E67/><V34/><F34/><W131/><G131/><T9/><D9/><U40/><E40/><V33/><F33/><W38/><G41/><T81/><D43/><U91/><E119/><V73/><F73/><W53/><G39/><T116/><D116/><U70/><E70/><V44/><F44/><W88/><G64/><T95/><D117/><U54/><E96/><V49/><F49/><N who="3" m="31151" /><G38/><T107/><REACH who="0" step="1"/><D77/><REACH who="0" ten="240,250,380,120" step="2"/><U29/><E29/><V62/><AGARI ba="0,1" hai="60,62,63,76,80,85,100,101" m="46633,51723" machi="62" ten="40,2700,0" yaku="20,1,52,1" doraHai="83" who="2" fromWho="2" sc="240,-7,250,-13,380,37,120,-7" /><INIT seed="2,0,0,0,0,84" ten="233,237,417,113" oya="2" hai0="92,27,62,68,131,50,126,40,130,65,63,72,101" hai1="56,46,14,110,23,107,109,115,38,97,60,0,106" hai2="134,117,6,111,53,39,18,98,48,58,49,112,3" hai3="43,123,103,10,86,116,7,26,52,71,35,125,100"/><V17/><F112/><W128/><G116/><T30/><D72/><U13/><E0/><V64/><F39/><W121/><G71/><T79/><D79/><U69/><E69/><V129/><F117/><W122/><G125/><T105/><D126/><U77/><E77/><V34/><F134/><W36/><G128/><T85/><D62/><U45/><E115/><V78/><F129/><W67/><G67/><T59/><D40/><U25/><E38/><V55/><F111/><W31/><G43/><T120/><D120/><U135/><E135/><V114/><F34/><W44/><G36/><T33/><D50/><U42/><E42/><V102/><F78/><W73/><G73/><T108/><D59/><U80/><E56/><V70/><F6/><W19/><G19/><N who="2" m="7177" /><F3/><W5/><G5/><T2/><D2/><U89/><E60/><V20/><F20/><W95/><G10/><T99/><D108/><U21/><E25/><V41/><F41/><W11/><G11/><T57/><D57/><U113/><E113/><V4/><F4/><W24/><G7/><T47/><D47/><U28/><E28/><V75/><F75/><W37/><G24/><T82/><D82/><U9/><E80/><V1/><F1/><W16/><G37/><T54/><D54/><N who="2" m="20490" /><F70/><W8/><G44/><T74/><D74/><U81/><E9/><V51/><F114/><W90/><REACH who="3" step="1"/><G52/><REACH who="3" ten="233,237,417,103" step="2"/><T104/><REACH who="0" step="1"/><D104/><REACH who="0" ten="223,237,417,103" step="2"/><U32/><E106/><N who="2" m="63831" /><F48/><W96/><G96/><T118/><D118/><U133/><E97/><V88/><F49/><W66/><G66/><T127/><D127/><U22/><E110/><RYUUKYOKU ba="0,2" sc="223,15,237,-15,417,-15,103,15" hai0="27,30,33,63,65,68,85,92,99,101,105,130,131" hai3="8,16,26,31,35,86,90,95,100,103,121,122,123" /><INIT seed="3,1,2,2,0,73" ten="238,222,402,118" oya="3" hai0="134,129,114,36,74,45,54,55,5,105,30,108,124" hai1="13,31,104,102,42,126,83,115,16,94,68,84,101" hai2="29,40,92,44,56,66,6,43,116,23,121,131,35" hai3="98,32,80,37,70,58,15,133,75,7,26,128,79"/><W120/><G120/><T103/><D74/><U52/><E115/><V17/><F116/><W0/><G70/><T46/><D5/><U14/><E68/><V10/><F131/><W65/><G128/><T111/><D30/><U48/><E104/><V119/><F121/><W106/><G37/><T50/><D103/><U76/><E13/><V82/><F92/><W25/><G0/><T91/><D91/><U78/><E31/><V57/><F29/><W96/><G133/><T38/><D105/><U89/><E42/><V77/><F35/><W95/><G106/><T62/><D129/><U64/><E64/><V39/><F43/><W3/><G3/><T34/><D34/><U4/><E4/><V113/><F66/><W123/><G96/><T47/><D134/><U24/><E24/><V28/><F28/><W122/><G32/><T125/><D62/><U33/><E126/><N who="0" m="48745" /><D114/><U127/><E127/><V85/><F113/><W60/><G122/><T61/><D61/><U118/><E118/><V49/><F119/><W110/><G123/><T2/><D2/><U81/><E33/><V67/><F39/><N who="0" m="14890" /><D54/><U19/><E19/><V117/><F67/><W12/><G7/><T22/><D22/><N who="1" m="11543" /><E102/><V107/><F107/><W86/><G75/><T130/><D130/><U51/><E101/><V63/><F117/><W8/><G65/><T20/><D20/><U41/><E41/><V93/><F23/><W11/><G11/><T18/><D18/><U27/><E27/><N who="3" m="10250" /><G8/><T9/><D9/><U109/><E52/><N who="2" m="34183" /><F10/><W72/><G72/><T59/><AGARI ba="1,2" hai="45,46,47,50,55,59,108,111" m="14890,48745" machi="59" ten="40,5200,0" yaku="18,1,34,2" doraHai="73" who="0" fromWho="0" sc="238,75,222,-14,402,-14,118,-27" /><INIT seed="4,0,0,5,3,114" ten="313,208,388,91" oya="0" hai0="104,50,71,5,111,9,55,115,53,84,110,89,33" hai1="45,26,44,122,131,67,22,135,2,21,15,37,16" hai2="59,12,92,60,63,48,66,3,24,117,35,62,102" hai3="73,38,72,34,57,133,75,124,94,96,58,54,86"/><T43/><D33/><U123/><E131/><V128/><F3/><W134/><G34/><T13/><D104/><U103/><E135/><N who="3" m="51722" /><G38/><T27/><D71/><U46/><E2/><V126/><F12/><W93/><G54/><T112/><D27/><U11/><E37/><V39/><F24/><W132/><N who="3" m="51730" /><W40/><DORA hai="125" /><G40/><T83/><D43/><U119/><E119/><V99/><F35/><W56/><G124/><T47/><REACH who="0" step="1"/><D53/><REACH who="0" ten="303,208,388,91" step="2"/><U77/><E26/><V7/><F126/><W97/><G86/><T79/><D79/><U29/><E77/><V100/><F117/><W28/><G28/><T25/><D25/><U121/><E29/><V61/><F128/><W118/><G118/><T64/><D64/><U68/><E67/><V76/><F76/><W81/><G81/><T52/><D52/><U6/><E68/><V109/><F66/><W17/><G17/><T23/><D23/><U82/><E22/><V91/><F7/><W101/><G101/><T18/><D18/><U107/><E82/><V10/><F102/><W90/><G90/><T88/><D88/><U74/><E103/><V41/><F100/><W14/><G14/><T32/><D32/><U85/><E16/><V0/><F41/><W98/><AGARI ba="0,1" hai="56,57,58,72,73,75,93,94,96,97,98" m="51730" machi="98" ten="60,8000,1" yaku="29,2,28,2,20,1" doraHai="114,125" who="3" fromWho="3" sc="303,-40,208,-20,388,-20,91,90" /><INIT seed="5,0,0,3,5,27" ten="263,188,368,181" oya="1" hai0="59,16,15,93,75,43,100,129,39,38,9,49,132" hai1="21,72,76,55,125,3,88,95,65,81,13,74,71" hai2="130,121,28,131,22,40,123,115,87,109,46,4,68" hai3="1,8,119,97,94,41,77,103,127,54,12,5,79"/><U134/><E3/><V34/><F68/><W122/><G122/><T25/><D75/><U110/><E134/><V78/><F34/><W35/><G127/><T111/><D111/><U20/><E125/><V120/><F4/><W85/><G119/><T7/><D132/><U6/><E110/><V82/><F109/><W50/><G35/><T0/><D129/><N who="2" m="49162" /><F22/><W117/><G117/><T69/><D69/><U102/><E72/><V11/><F11/><W57/><G1/><T98/><D25/><U124/><E102/><V56/><F56/><W67/><G67/><T84/><D84/><U19/><E6/><V62/><F62/><W133/><G133/><T31/><D31/><U99/><E124/><V52/><F115/><W51/><REACH who="3" step="1"/><G85/><REACH who="3" ten="263,188,368,171" step="2"/><T114/><D0/><U53/><E65/><V96/><F123/><W29/><G29/><T24/><D114/><U60/><E71/><V44/><F121/><W126/><G126/><T135/><D135/><U83/><E60/><V14/><F120/><W73/><G73/><T42/><D38/><U23/><E74/><V89/><F28/><W33/><G33/><T106/><D39/><U70/><E70/><V37/><F37/><W36/><G36/><T80/><D42/><U18/><E76/><V26/><F78/><W105/><G105/><T116/><D106/><U91/><E91/><V45/><F89/><W2/><G2/><T92/><D116/><U101/><E88/><V30/><F40/><W48/><G48/><T47/><D49/><U17/><E13/><V104/><F14/><W90/><G90/><N who="0" m="55575" /><D43/><U63/><E63/><RYUUKYOKU ba="0,1" sc="263,-15,188,15,368,-15,171,15" hai1="17,18,19,20,21,23,53,55,81,83,95,99,101" hai3="5,8,12,41,50,51,54,57,77,79,94,97,103" /><INIT seed="5,1,1,2,1,27" ten="248,203,353,186" oya="1" hai0="131,52,4,120,89,80,63,116,110,44,51,83,72" hai1="97,62,0,113,7,29,92,39,1,121,117,9,122" hai2="3,82,112,38,85,45,61,67,130,118,133,73,40" hai3="86,70,96,114,90,18,75,41,35,134,16,84,8"/><U74/><E117/><V46/><F118/><W25/><G75/><T53/><D116/><U31/><E113/><V123/><F123/><W56/><G70/><T65/><D110/><U101/><E74/><V87/><F3/><W49/><G114/><T58/><D120/><U57/><E0/><V108/><F112/><W76/><G134/><T126/><D131/><U37/><E122/><V106/><F108/><W109/><G109/><T115/><D126/><U93/><E121/><V78/><F130/><W102/><G76/><T77/><D4/><U64/><REACH who="1" step="1"/><E93/><REACH who="1" ten="248,193,353,186" step="2"/><V21/><F133/><W107/><G107/><T11/><D115/><U10/><E10/><V60/><F106/><W19/><G8/><T68/><D11/><U99/><E99/><V22/><F73/><W24/><G86/><T23/><D72/><U17/><E17/><V69/><F87/><W103/><G96/><T111/><D111/><U128/><E128/><V28/><F85/><W98/><G98/><T20/><D83/><U100/><E100/><V48/><F82/><W13/><G102/><T119/><D119/><U47/><E47/><V91/><F46/><N who="3" m="25807" /><G103/><T127/><D80/><U43/><E43/><V129/><F40/><W79/><G18/><T6/><D6/><U30/><AGARI ba="1,2" hai="1,7,9,29,30,31,37,39,57,62,64,92,97,101" machi="30" ten="30,12000,1" yaku="1,1,0,1,52,3,53,0" doraHai="27" doraHaiUra="42" who="1" fromWho="1" sc="248,-41,193,143,353,-41,186,-41" /><INIT seed="5,2,0,0,2,48" ten="207,336,312,145" oya="1" hai0="107,50,98,109,23,118,36,49,3,4,65,114,2" hai1="86,106,54,99,9,102,87,29,110,73,69,37,72" hai2="71,78,64,28,57,95,75,10,119,70,7,130,24" hai3="123,92,56,52,96,66,33,135,35,134,58,100,76"/><U27/><E37/><V45/><F119/><W61/><G123/><T127/><D118/><U128/><E69/><V21/><F130/><W16/><G76/><T97/><D109/><U84/><E128/><V104/><F104/><W25/><G35/><T129/><D36/><U80/><E9/><V82/><F45/><W115/><G115/><T133/><D129/><U18/><E18/><V112/><F112/><W121/><G121/><T46/><D65/><U116/><E116/><V62/><REACH who="2" step="1"/><F95/><REACH who="2" ten="207,336,302,145" step="2"/><W89/><G100/><T124/><D46/><U68/><E110/><V26/><F26/><W53/><G33/><T19/><D107/><U60/><E68/><V81/><F81/><W40/><G40/><T55/><D114/><U30/><E80/><V17/><F17/><W42/><G42/><T77/><D19/><U74/><E27/><V67/><F67/><W0/><G0/><AGARI ba="2,1" hai="0,7,10,21,24,28,57,62,64,70,71,75,78,82" machi="0" ten="30,2000,0" yaku="1,1,7,1,53,0" doraHai="48" doraHaiUra="47" who="2" fromWho="3" sc="207,0,336,0,302,36,145,-26" /><INIT seed="6,0,0,3,4,66" ten="207,336,338,119" oya="2" hai0="92,73,121,119,88,74,118,31,132,130,34,33,54" hai1="79,68,47,40,83,5,115,111,72,44,110,99,29" hai2="41,128,46,82,85,124,97,86,70,22,104,19,14" hai3="61,80,95,2,24,63,131,112,93,94,127,43,109"/><V100/><F128/><W45/><G109/><T35/><D121/><U87/><E115/><V135/><F124/><W116/><G116/><T16/><D130/><U4/><E29/><V89/><F135/><W17/><G131/><T26/><D132/><U8/><E99/><V59/><F59/><W11/><G127/><T102/><D102/><U122/><E122/><V32/><F86/><W123/><G123/><T107/><D107/><U60/><E4/><V76/><F32/><W48/><G112/><T62/><D74/><U129/><E47/><V81/><F70/><W69/><G2/><T71/><D73/><U23/><E23/><V52/><F52/><W36/><G36/><T3/><D3/><N who="1" m="63" /><E87/><V58/><F58/><W101/><G101/><T49/><D16/><U21/><E21/><V0/><F0/><W30/><G80/><T13/><D13/><U106/><E106/><V10/><F22/><W50/><G50/><T134/><D134/><U55/><E55/><V15/><F15/><W114/><G114/><T64/><D119/><U67/><E129/><V108/><F108/><W42/><G42/><T103/><D103/><U25/><E25/><V120/><F120/><W7/><G17/><T125/><D125/><U117/><E117/><V51/><F76/><W56/><G56/><N who="0" m="32847" /><D118/><U39/><AGARI ba="0,0" hai="39,40,44,60,67,68,72,79,83,110,111" m="63" machi="39" ten="30,4000,0" yaku="25,1,23,1,52,1" doraHai="66" who="1" fromWho="1" sc="207,-10,336,40,338,-20,119,-10" /><INIT seed="7,0,0,1,0,19" ten="197,376,318,109" oya="3" hai0="67,47,124,56,112,8,105,94,29,129,108,102,42" hai1="62,121,90,117,30,58,84,83,98,50,122,73,69" hai2="123,88,34,86,74,39,63,78,52,0,17,24,4" hai3="49,70,26,43,23,114,103,116,64,97,118,135,95"/><W3/><G114/><T31/><D108/><U48/><E117/><V81/><F39/><W126/><G126/><T33/><D105/><U1/><E69/><V11/><F123/><W40/><G135/><T131/><D33/><U21/><E1/><V14/><F34/><W25/><G3/><T87/><D8/><U76/><E98/><V13/><F24/><W54/><G26/><T133/><D112/><U91/><E73/><V16/><F0/><W80/><G80/><T37/><D133/><U65/><E122/><V59/><F14/><W85/><G85/><T32/><D32/><U92/><E92/><AGARI ba="0,0" hai="4,11,13,16,17,52,59,63,74,78,81,86,88,92" machi="92" ten="30,7700,0" yaku="7,1,54,3" doraHai="19" who="2" fromWho="1" sc="197,0,376,-77,318,77,109,0" owari="197,-20.3,299,9.9,395,49.5,109,-39.1" /></mjloggm>