<mjloggm ver="2.3"><GO type="169" lobby="0"/><UN n0="%E7%9C%BC%E9%8F%A1%E3%81%AE%E7%94%B7%E3%81%AE%E5%AD%90" n1="%53%6F%6C%69%74%6F%6E" n2="%E4%BE%8D" n3="%6B%61%74%65%72%69%6E%61" dan="16,17,18,17" rate="2095.58,2150.83,2251.45,2176.43" sx="M,M,M,M"/><TAIKYOKU oya="0"/><INIT seed="0,0,0,1,3,104" ten="250,250,250,250" oya="0" hai0="99,119,86,79,14,31,11,33,71,45,38,44,107" hai1="7,115,3,87,108,129,84,130,97,40,61,70,126" hai2="18,25,1,68,47,28,128,98,94,5,32,24,4" hai3="72,34,42,13,53,2,80,95,116,122,90,62,46"/><T132/><D119/><U0/><E108/><V74/><F68/><W120/><G116/><T105/><D71/><U49/><E126/><V103/><F128/><N who="1" m="49257" /><E115/><V52/><F1/><N who="1" m="585" /><E7/><V12/><F25/><W29/><G2/><T113/><D113/><U100/><E49/><V26/><F26/><N who="3" m="18743" /><G13/><T67/><D67/><N who="1" m="41327" /><E40/><V6/><F74/><W64/><G53/><T66/><D66/><U30/><E30/><V23/><F47/><W50/><G62/><T48/><D45/><U65/><E65/><V110/><F110/><W15/><G15/><T43/><D48/><U55/><E55/><V56/><REACH who="2" step="1"/><F4/><REACH who="2" ten="250,250,240,250" step="2"/><W135/><G72/><T123/><D44/><U112/><E112/><V127/><F127/><W96/><G46/><T114/><D114/><U58/><E58/><V76/><F76/><W118/><G42/><T39/><D79/><U27/><E27/><V20/><F20/><W83/><G118/><T54/><D43/><U77/><E77/><V111/><F111/><W22/><G22/><T16/><D39/><U8/><E8/><V63/><AGARI ba="0,1" hai="5,6,12,18,23,24,28,32,52,56,63,94,98,103" machi="63" ten="20,5200,0" yaku="1,1,0,1,7,1,54,1,53,0" doraHai="104" doraHaiUra="121" who="2" fromWho="2" sc="250,-26,250,-13,240,62,250,-13" /><INIT seed="1,0,0,4,0,62" ten="224,237,302,237" oya="1" hai0="92,29,110,116,95,56,97,121,59,21,40,118,12" hai1="102,18,49,66,87,42,10,48,133,130,111,67,127" hai2="5,26,85,86,132,81,11,123,119,71,54,93,20" hai3="112,72,1,34,14,126,13,96,128,7,94,16,63"/><U24/><E127/><V101/><F119/><W44/><G112/><T2/><D2/><U82/><E130/><V84/><F123/><W88/><G126/><T114/><D114/><U28/><E133/><V3/><F132/><W74/><G128/><T98/><D40/><U32/><E102/><V43/><F71/><W113/><G34/><T100/><D121/><U4/><E18/><V68/><F68/><W109/><G109/><T6/><D110/><U80/><E80/><V30/><F43/><W9/><G1/><T51/><D6/><U134/><E134/><V23/><F54/><W33/><G33/><T0/><D0/><U25/><E24/><V8/><F8/><W105/><G105/><T106/><D106/><U55/><E42/><V38/><F38/><W50/><G63/><T79/><D79/><U129/><E111/><V99/><REACH who="2" step="1"/><F20/><REACH who="2" ten="224,237,292,237" step="2"/><W78/><G113/><T122/><D122/><U90/><E129/><V17/><F17/><W73/><G7/><T19/><D29/><U125/><E125/><V52/><F52/><W124/><G124/><T35/><D35/><U57/><E49/><V61/><F61/><W103/><G16/><T69/><D69/><U131/><E131/><V83/><AGARI ba="0,1" hai="3,5,11,23,26,30,81,83,84,85,86,93,99,101" machi="83" ten="30,4000,0" yaku="1,1,0,1,53,1" doraHai="62" doraHaiUra="89" who="2" fromWho="2" sc="224,-10,237,-20,292,50,237,-10" /><INIT seed="2,0,0,5,4,13" ten="214,217,342,227" oya="2" hai0="25,36,74,42,1,5,40,118,87,45,20,84,86" hai1="78,7,132,52,48,0,79,12,115,27,71,103,11" hai2="110,72,119,64,134,104,59,111,69,22,81,34,113" hai3="57,10,24,117,17,129,61,116,28,131,46,101,35"/><V124/><F113/><W77/><G77/><T128/><D74/><U121/><E115/><V100/><F119/><W127/><G101/><T21/><D118/><U43/><E132/><V133/><F59/><W123/><G123/><T16/><D128/><N who="3" m="49225" /><G46/><T50/><D21/><U76/><E71/><V109/><F34/><W96/><G96/><T14/><D1/><U30/><E121/><V62/><F22/><W92/><G92/><T8/><REACH who="0" step="1"/><D36/><REACH who="0" ten="204,217,342,227" step="2"/><U85/><E0/><V56/><F124/><W60/><G127/><T135/><D135/><U105/><E105/><V80/><F134/><W41/><G117/><T91/><D91/><U63/><E103/><V75/><F133/><W108/><G116/><T3/><D3/><U82/><E63/><N who="2" m="40095" /><F100/><W73/><G61/><T51/><D51/><U65/><E65/><N who="2" m="39111" /><F104/><W126/><G126/><T9/><D9/><U83/><E27/><V58/><F75/><W93/><G24/><T107/><D107/><U98/><E30/><V112/><F112/><W23/><G73/><T106/><D106/><U130/><E130/><V89/><F72/><W44/><G28/><T47/><D47/><U97/><E76/><V88/><F58/><W67/><G57/><T70/><D70/><U68/><E68/><V19/><F89/><W18/><G60/><T125/><D125/><U94/><E79/><V32/><F32/><W99/><G35/><T122/><D122/><U54/><E78/><V6/><F88/><N who="3" m="55719" /><G67/><T39/><D39/><U38/><E38/><V2/><F111/><W90/><G108/><T4/><D4/><N who="1" m="3175" /><E48/><V102/><F110/><RYUUKYOKU ba="0,1" sc="204,30,217,-10,342,-10,227,-10" hai0="5,8,14,16,20,25,40,42,45,50,84,86,87" /><INIT seed="3,1,1,4,2,90" ten="234,207,332,217" oya="3" hai0="39,130,72,109,111,80,42,135,63,93,70,92,23" hai1="62,81,26,96,88,121,104,68,36,45,128,91,27" hai2="10,79,125,30,51,101,65,122,71,95,124,11,8" hai3="35,126,59,98,33,67,20,1,46,54,29,4,37"/><W78/><G126/><N who="2" m="48745" /><F122/><W25/><G78/><T2/><D2/><U76/><E121/><V6/><F79/><W17/><G67/><T34/><D34/><U0/><E0/><V99/><F30/><W43/><G98/><T47/><D72/><U38/><E128/><V69/><F51/><W58/><G35/><T119/><D119/><U97/><E68/><N who="2" m="26187" /><F65/><W31/><G31/><T14/><D80/><U75/><E62/><V134/><F134/><W108/><G108/><N who="0" m="41547" /><D130/><U3/><E3/><AGARI ba="1,1" hai="3,6,8,10,11,95,99,101" m="26187,48745" machi="3" ten="30,2000,0" yaku="18,1,52,1" doraHai="90" who="2" fromWho="1" sc="234,0,207,-23,332,33,217,0" /><INIT seed="4,0,0,2,1,19" ten="234,184,365,217" oya="0" hai0="27,108,8,47,48,15,110,46,2,66,105,12,42" hai1="85,29,104,63,90,18,87,132,124,64,53,1,67" hai2="44,72,119,68,130,98,20,26,52,114,107,31,126" hai3="62,59,86,58,43,115,37,106,38,65,9,81,101"/><T92/><D105/><U113/><E104/><V118/><F72/><W34/><G34/><T100/><D66/><U6/><E124/><V61/><F126/><W77/><G115/><T79/><D79/><U88/><E132/><V96/><F114/><W112/><G112/><T69/><D69/><U32/><E113/><V97/><F130/><W134/><G134/><T5/><D15/><U35/><E1/><V21/><F107/><W131/><G131/><T30/><D2/><U54/><E18/><V83/><F83/><W25/><G43/><T70/><D70/><U51/><E51/><V95/><F68/><W120/><G120/><T82/><D82/><U75/><E75/><V125/><F125/><W111/><G111/><T109/><D47/><U80/><E80/><V14/><F95/><W93/><G106/><T45/><D45/><U28/><REACH who="1" step="1"/><E63/><REACH who="1" ten="234,174,365,217" step="2"/><V10/><F61/><W24/><G38/><T76/><D76/><U123/><E123/><V56/><F119/><W55/><G37/><T94/><REACH who="0" step="1"/><D100/><REACH who="0" ten="224,174,365,217" step="2"/><U127/><E127/><V41/><F118/><W103/><G103/><T71/><D71/><U84/><E84/><V0/><F0/><W74/><G74/><T23/><AGARI ba="0,2" hai="5,8,12,23,27,30,42,46,48,92,94,108,109,110" machi="23" ten="30,12000,1" yaku="1,1,0,1,10,1,52,1,53,1" doraHai="19" doraHaiUra="39" who="0" fromWho="0" sc="224,140,174,-40,365,-40,217,-40" /><INIT seed="4,1,0,4,4,72" ten="364,134,325,177" oya="0" hai0="25,39,86,133,42,112,46,124,99,38,79,78,129" hai1="66,43,128,106,85,2,107,56,57,4,40,123,45" hai2="64,121,41,131,3,90,19,93,53,77,47,33,9" hai3="49,30,81,125,10,102,127,119,126,91,135,87,103"/><T100/><D112/><U22/><E123/><V105/><F121/><W54/><G119/><T13/><D124/><U26/><E128/><V16/><F33/><W6/><G30/><T24/><D129/><U12/><E2/><V95/><F105/><W69/><G69/><T44/><D133/><U35/><E35/><V84/><F64/><W61/><G61/><T52/><D13/><U75/><E75/><V48/><F131/><W23/><G23/><T73/><D73/><U134/><E134/><V111/><F111/><W34/><G34/><T15/><D15/><U50/><E107/><V108/><F108/><W18/><G18/><T113/><D113/><U83/><E106/><V37/><F95/><W5/><G135/><T59/><D46/><U117/><E43/><V118/><F118/><W89/><G89/><T98/><D39/><U132/><E66/><V27/><F27/><W76/><G91/><T0/><D0/><U82/><E82/><V36/><F36/><W65/><G65/><T110/><D99/><U96/><E96/><V70/><F70/><W7/><G10/><T58/><D58/><AGARI ba="1,0" hai="5,6,7,49,54,58,76,81,87,102,103,125,126,127" machi="58" ten="50,3200,0" yaku="18,1,52,1" doraHai="72" who="3" fromWho="0" sc="364,-35,134,0,325,0,177,35" /><INIT seed="5,0,0,0,2,129" ten="329,134,325,212" oya="1" hai0="135,97,4,39,127,77,9,125,63,36,90,81,41" hai1="22,34,79,44,93,58,117,37,115,69,124,100,15" hai2="101,8,20,84,16,75,0,102,10,35,32,88,27" hai3="59,6,28,92,52,91,103,116,38,48,54,121,132"/><U78/><E34/><V3/><F75/><W31/><G121/><T119/><D119/><U55/><E69/><V23/><F102/><W64/><G116/><T118/><D118/><U30/><E117/><V11/><F101/><W70/><G38/><T94/><D63/><U123/><E123/><V66/><F66/><W106/><G132/><T18/><D18/><U87/><E124/><N who="0" m="47689" /><D41/><U25/><E115/><V114/><F114/><W82/><G6/><T33/><D33/><N who="2" m="12874" /><F88/><W17/><G106/><T12/><D135/><U49/><E15/><N who="2" m="9247" /><F84/><AGARI ba="0,0" hai="4,9,12,36,39,77,81,84,90,94,97" m="47689" machi="84" ten="30,1000,0" yaku="18,1" doraHai="129" who="0" fromWho="2" sc="329,10,134,0,325,-10,212,0" /><INIT seed="6,0,0,1,1,12" ten="339,134,315,212" oya="2" hai0="78,130,102,108,10,37,50,127,77,69,7,112,100" hai1="101,27,115,71,87,24,75,53,64,123,51,47,8" hai2="21,13,19,62,134,35,65,95,29,9,104,25,43" hai3="22,118,55,94,6,39,106,5,103,45,58,110,121"/><V133/><F104/><W66/><G110/><T93/><D37/><U49/><E75/><V96/><F43/><W128/><G106/><T97/><D69/><U73/><E73/><V16/><F62/><W122/><G118/><T30/><D108/><U107/><E115/><V76/><F65/><W1/><G128/><T129/><D112/><U114/><E114/><V80/><F80/><W44/><G66/><T15/><D127/><U11/><E123/><V59/><F59/><W90/><G103/><T105/><D30/><U116/><E116/><V48/><F48/><W132/><G132/><N who="2" m="50793" /><F76/><W113/><G113/><T17/><D102/><U31/><E71/><V72/><F72/><W57/><G57/><T60/><D60/><U109/><E109/><V81/><F81/><W61/><G1/><T14/><D105/><U34/><E64/><V2/><F2/><W56/><G56/><T126/><D126/><U0/><E107/><V135/><N who="2" m="50801" /><V38/><DORA hai="88" /><F38/><W70/><G70/><T92/><D92/><U86/><E0/><V40/><F40/><W117/><G117/><T89/><D100/><U36/><E101/><N who="2" m="60575" /><F35/><W18/><G121/><T63/><D63/><U54/><E36/><V52/><F52/><W3/><G3/><T85/><D50/><U91/><E34/><V98/><F98/><N who="3" m="57687" /><G122/><T23/><REACH who="0" step="1"/><D97/><REACH who="0" ten="329,134,315,212" step="2"/><U46/><REACH who="1" step="1"/><E91/><REACH who="1" ten="329,124,315,212" step="2"/><V120/><F120/><W131/><G39/><T111/><D111/><U84/><E84/><V67/><F67/><W20/><G61/><T33/><D33/><U42/><E42/><V68/><F68/><W125/><G125/><RYUUKYOKU ba="0,2" sc="329,10,124,10,315,10,212,-30" hai0="7,10,14,15,17,23,77,78,85,89,93,129,130" hai1="8,11,24,27,31,46,47,49,51,53,54,86,87" hai2="9,13,16,19,21,25,29" /><INIT seed="6,1,2,2,4,62" ten="339,134,325,182" oya="2" hai0="102,43,114,41,55,46,20,36,86,1,61,118,115" hai1="59,24,65,6,2,74,90,4,30,91,63,60,79" hai2="7,5,113,133,105,108,99,33,25,42,80,31,52" hai3="38,69,58,131,89,107,0,78,19,47,32,23,83"/><V29/><F113/><N who="0" m="43018" /><D1/><U70/><E2/><V57/><F133/><W117/><G69/><T45/><D102/><U81/><E6/><V103/><F108/><W28/><G117/><T71/><D86/><U135/><E4/><V121/><F121/><W97/><G131/><T134/><D20/><U126/><E135/><V129/><F129/><W122/><G58/><N who="0" m="35039" /><D134/><U93/><E126/><V125/><F125/><W40/><G122/><T35/><D35/><U51/><E51/><V15/><F42/><W17/><G0/><T84/><D84/><U92/><E93/><V111/><F111/><W106/><G19/><T49/><D71/><U109/><E92/><V73/><F29/><W53/><G28/><T8/><D8/><U94/><E94/><V96/><F96/><W77/><G97/><T127/><D127/><U48/><E48/><V34/><F34/><W11/><G11/><T27/><D27/><U64/><REACH who="1" step="1"/><E109/><REACH who="1" ten="339,124,325,182" step="2"/><V82/><F5/><W44/><G107/><T119/><AGARI ba="1,3" hai="36,41,43,45,46,49,118,119" m="35039,43018" machi="119" ten="30,4000,0" yaku="15,1,34,2" doraHai="62" who="0" fromWho="0" sc="339,73,124,-11,325,-21,182,-11" /><INIT seed="7,0,0,2,2,33" ten="412,113,304,171" oya="3" hai0="122,96,41,116,108,32,115,87,60,100,30,51,65" hai1="39,107,54,31,98,7,80,103,121,118,84,25,76" hai2="36,86,93,15,72,111,117,52,45,10,42,9,89" hai3="61,13,48,73,130,11,16,59,78,82,6,114,43"/><W21/><G114/><T128/><D30/><U106/><E118/><V26/><F111/><W91/><G130/><T71/><D32/><U90/><E121/><V14/><F117/><W102/><G102/><T132/><D132/><U18/><E39/><V19/><F72/><W44/><G91/><T24/><D24/><U2/><E18/><V126/><F126/><W37/><G37/><T46/><D108/><U17/><E17/><V8/><F52/><W40/><G40/><T129/><D115/><U113/><E113/><V67/><F67/><W123/><G123/><T133/><D133/><U63/><E90/><V105/><F105/><W97/><G97/><T62/><D122/><U109/><E109/><V69/><F69/><W124/><G124/><T99/><D99/><U75/><E75/><V110/><F110/><W77/><G82/><T23/><D96/><U3/><E7/><V66/><F66/><W85/><G85/><T29/><D87/><U4/><E4/><V94/><F94/><W79/><G73/><T119/><D100/><U47/><E106/><V95/><F95/><W74/><G74/><T88/><D119/><U49/><REACH who="1" step="1"/><E63/><REACH who="1" ten="412,103,304,171" step="2"/><V83/><F93/><W53/><G78/><T35/><D116/><U125/><E125/><V104/><F104/><W112/><G112/><T58/><D62/><U12/><E12/><AGARI ba="0,1" hai="6,11,12,13,16,21,43,44,48,53,59,61,77,79" machi="12" ten="30,5800,0" yaku="7,1,8,1,54,1" doraHai="33" who="3" fromWho="1" sc="412,0,103,-58,304,0,171,68" /><INIT seed="7,1,0,1,4,91" ten="412,45,304,239" oya="3" hai0="72,112,118,11,127,22,43,111,1,21,60,88,101" hai1="102,34,73,53,76,122,87,70,132,47,26,42,18" hai2="45,130,27,103,71,50,107,19,131,20,17,37,14" hai3="64,90,63,81,77,115,9,61,106,83,114,119,133"/><W68/><G106/><T35/><D35/><U85/><E122/><V123/><F71/><W56/><G119/><T75/><D111/><U28/><E70/><V104/><F37/><W48/><G133/><T52/><D118/><U33/><E132/><V105/><F103/><W99/><G9/><T59/><D101/><U109/><E109/><V79/><F79/><W124/><G124/><T126/><D43/><U65/><E65/><V55/><REACH who="2" step="1"/><F123/><REACH who="2" ten="412,45,294,239" step="2"/><W89/><G48/><N who="0" m="31111" /><D127/><U66/><E53/><V58/><F58/><W74/><G83/><T108/><D126/><U78/><E66/><V30/><F30/><W86/><G74/><T2/><D75/><U51/><E102/><V8/><AGARI ba="1,1" hai="8,14,17,19,20,27,45,50,55,104,105,107,130,131" machi="8" ten="40,2700,0" yaku="1,1,0,1,53,0" doraHai="91" doraHaiUra="117" who="2" fromWho="2" sc="412,-8,45,-8,294,40,239,-14" owari="404,50.4,37,-46.3,334,13.4,225,-17.5" /></mjloggm>