<mjloggm ver="2.3"><GO type="169" lobby="0"/><UN n0="%52%59%4F%30%31%31%36" n1="%E5%A4%A2%E4%BB%98%E3%81%8D" n2="%E3%83%90%E3%82%AD" n3="%43%4C%53" dan="16,16,16,20" rate="2125.13,2093.45,2103.86,2151.57" sx="M,M,M,M"/><TAIKYOKU oya="0"/><INIT seed="0,0,0,5,0,123" ten="250,250,250,250" oya="0" hai0="40,125,65,88,87,55,49,17,44,13,33,19,114" hai1="57,53,95,56,12,124,62,129,122,29,66,0,133" hai2="39,79,15,115,45,21,94,68,126,32,64,86,84" hai3="36,60,102,91,9,8,83,107,119,93,111,51,31"/><T14/><D114/><U50/><E122/><V98/><F115/><W70/><G36/><T10/><D125/><U105/><E0/><V20/><F32/><W127/><G51/><T61/><D33/><U120/><E105/><V72/><F126/><W37/><G37/><T48/><D65/><U76/><E124/><V27/><F72/><W52/><G119/><T58/><D61/><U16/><E120/><V43/><F15/><W82/><G82/><T59/><D58/><U112/><E112/><V131/><F79/><W77/><G31/><T130/><D130/><U99/><E133/><V42/><F42/><W128/><G128/><T103/><D103/><U108/><E129/><V25/><F131/><W100/><G100/><T54/><D40/><U134/><E134/><V90/><F64/><W18/><G18/><T118/><D118/><U101/><E29/><V26/><F68/><W135/><G135/><T24/><D24/><U121/><E121/><V116/><F116/><W41/><G41/><T38/><D38/><U7/><E7/><V81/><F86/><W110/><G127/><T30/><D30/><U69/><E76/><V2/><REACH who="2" step="1"/><F2/><REACH who="2" ten="250,250,240,250" step="2"/><W28/><G70/><T89/><REACH who="0" step="1"/><D87/><REACH who="0" ten="240,250,240,250" step="2"/><U132/><E132/><V35/><F35/><W75/><G75/><T104/><D104/><U6/><E69/><V4/><F4/><W117/><G107/><T1/><D1/><U46/><E6/><V80/><F80/><W5/><G83/><T11/><AGARI ba="0,2" hai="10,11,13,14,17,19,44,48,49,54,55,59,88,89" machi="11" ten="20,24000,3" yaku="1,1,0,1,7,1,9,1,8,1,54,1,53,2" doraHai="123" doraHaiUra="85" who="0" fromWho="0" sc="240,260,250,-80,240,-80,250,-80" /><INIT seed="0,1,0,0,0,56" ten="500,170,160,170" oya="0" hai0="80,1,66,2,100,83,60,25,89,31,10,112,104" hai1="9,88,116,0,4,135,90,43,20,99,134,58,117" hai2="110,105,133,101,61,49,87,106,92,72,18,5,14" hai3="24,44,86,40,76,68,34,108,132,118,78,131,64"/><T57/><D112/><U46/><E20/><V70/><F72/><W121/><G118/><T120/><D120/><U65/><E99/><V129/><F110/><W111/><G121/><T28/><D28/><U62/><E116/><V74/><F74/><W63/><G131/><T84/><D10/><U21/><E21/><V69/><F129/><W113/><G113/><T52/><D100/><U48/><REACH who="1" step="1"/><E117/><REACH who="1" ten="500,160,160,170" step="2"/><V97/><F97/><W81/><G132/><AGARI ba="1,1" hai="0,4,9,43,46,48,58,62,65,88,90,132,134,135" machi="132" ten="40,8000,1" yaku="1,1,2,1,20,1,52,1,54,1,53,0" doraHai="56" doraHaiUra="94" who="1" fromWho="3" sc="500,0,160,93,160,0,170,-83" /><INIT seed="1,0,0,0,1,80" ten="500,253,160,87" oya="1" hai0="45,12,56,54,111,3,70,94,18,112,122,99,72" hai1="27,96,75,91,43,58,105,86,130,120,16,41,32" hai2="121,14,7,29,62,42,90,17,106,48,84,19,97" hai3="74,39,114,129,55,115,64,22,123,28,11,21,2"/><U124/><E120/><V118/><F118/><W69/><G39/><T65/><D112/><U104/><E75/><V107/><F121/><W73/><G123/><T20/><D111/><U67/><E130/><V38/><F38/><W30/><G64/><T33/><D72/><U47/><E124/><V92/><F29/><W31/><G11/><T1/><D33/><U68/><E58/><V59/><F107/><W113/><G55/><T66/><D66/><U98/><E98/><V89/><F7/><W13/><G13/><T60/><D45/><U103/><E105/><V88/><F106/><W133/><G2/><T25/><D12/><U116/><E116/><V46/><F97/><W128/><G69/><T102/><D122/><U40/><E47/><V108/><F19/><W82/><G82/><T131/><D131/><N who="3" m="50249" /><G133/><T79/><D79/><U81/><E16/><V57/><F108/><W5/><G5/><T15/><D15/><U83/><E81/><V52/><F57/><W53/><G53/><T9/><D9/><AGARI ba="0,0" hai="9,14,17,42,46,48,52,59,62,84,88,89,90,92" machi="9" ten="30,8000,1" yaku="7,1,8,1,52,1,54,2" doraHai="80" who="2" fromWho="0" sc="500,-80,253,0,160,80,87,0" /><INIT seed="2,0,0,5,3,10" ten="420,253,240,87" oya="2" hai0="82,1,4,6,106,52,47,105,8,77,124,133,23" hai1="86,50,117,32,89,3,59,135,91,107,125,108,9" hai2="20,104,87,69,72,131,120,40,126,57,21,35,76" hai3="30,54,39,31,92,74,28,14,132,36,121,0,11"/><V93/><F120/><W116/><G116/><T53/><D6/><U45/><E117/><V100/><F69/><W51/><G121/><T68/><D68/><U134/><E32/><V16/><F35/><W70/><G74/><T67/><D67/><U130/><E107/><V22/><F131/><W27/><G0/><T112/><D112/><U96/><E130/><V73/><F126/><W63/><G132/><N who="1" m="50730" /><E108/><V95/><F40/><W118/><G118/><T65/><D65/><U49/><E96/><V71/><F71/><W29/><G92/><T44/><D124/><U2/><E9/><V111/><F111/><W25/><G70/><T34/><D34/><U43/><E91/><N who="2" m="53503" /><F73/><W24/><G63/><T102/><D102/><U48/><E125/><V17/><F76/><W119/><N who="3" m="7168" /><DORA hai="75" /><W85/><G85/><T128/><D128/><U18/><E59/><V58/><F72/><W127/><G119/><T15/><D106/><U13/><E2/><V129/><F104/><W42/><G42/><T101/><D105/><U94/><E3/><V56/><F129/><W60/><G60/><T7/><D101/><U37/><E37/><V64/><F64/><W61/><G61/><T81/><D133/><U88/><E89/><V66/><F66/><W46/><REACH who="3" step="1"/><G127/><REACH who="3" ten="420,253,240,77" step="2"/><T98/><D1/><U55/><E43/><V33/><F33/><W38/><G38/><T97/><D98/><AGARI ba="0,1" hai="16,17,20,21,22,56,57,58,95,98,100" m="53503" machi="98" ten="30,2900,0" yaku="8,1,54,1" doraHai="10,75" who="2" fromWho="0" sc="420,-29,253,0,240,39,77,0" /><INIT seed="2,1,0,5,0,30" ten="391,253,279,77" oya="2" hai0="97,52,130,34,123,127,70,90,121,33,14,9,58" hai1="82,25,15,131,72,35,20,108,118,8,31,57,49" hai2="85,84,46,133,95,128,23,40,134,21,124,62,91" hai3="132,100,92,59,13,27,7,64,103,45,38,51,56"/><V39/><F128/><W89/><G132/><N who="2" m="50793" /><F124/><W120/><G120/><T117/><D70/><U80/><E118/><V16/><F23/><W99/><G38/><T11/><D127/><U66/><E131/><V73/><F73/><W125/><G125/><T102/><D130/><U77/><E108/><V65/><F91/><W129/><G129/><T37/><D37/><U104/><E104/><V36/><F36/><W63/><G56/><T112/><D112/><U6/><E82/><V44/><F44/><W43/><REACH who="3" step="1"/><G27/><REACH who="3" ten="391,253,279,67" step="2"/><T88/><D123/><U78/><E57/><N who="2" m="37071" /><F95/><W42/><G42/><T83/><D121/><U115/><E115/><V24/><AGARI ba="1,1" hai="16,21,24,39,40,46,84,85" m="37071,50793" machi="24" ten="30,3000,0" yaku="20,1,54,1" doraHai="30" who="2" fromWho="2" sc="391,-11,253,-11,279,43,67,-11" /><INIT seed="2,2,0,5,4,94" ten="380,242,322,56" oya="2" hai0="62,64,74,105,14,11,12,6,59,134,1,58,93" hai1="15,75,69,65,66,87,70,50,108,99,9,46,48" hai2="78,4,19,30,117,5,28,90,124,96,122,85,114" hai3="128,40,127,35,60,101,120,98,131,42,67,0,8"/><V79/><F114/><W135/><G120/><T103/><D134/><U112/><E75/><V44/><F117/><W125/><G35/><T54/><D105/><U27/><E112/><V119/><F119/><W89/><G89/><T18/><D74/><U115/><E115/><V71/><F71/><W97/><G101/><T91/><D103/><U68/><E108/><V41/><F124/><N who="3" m="47691" /><G135/><T77/><D77/><U102/><E87/><V129/><F129/><N who="3" m="49739" /><G0/><T104/><D104/><U100/><E100/><V51/><F122/><W2/><G2/><T63/><D18/><U76/><E76/><N who="2" m="29227" /><F19/><W21/><G21/><T92/><D92/><U32/><E32/><V23/><F23/><W121/><G8/><T31/><REACH who="0" step="1"/><D31/><REACH who="0" ten="370,242,322,56" step="2"/><N who="2" m="11818" /><F96/><AGARI ba="2,1" hai="1,6,11,12,14,54,58,59,62,63,64,91,93,96" machi="96" ten="30,3900,0" yaku="1,1,7,1,52,1,53,0" doraHai="94" doraHaiUra="13" who="0" fromWho="2" sc="370,55,242,0,322,-45,56,0" /><INIT seed="3,0,0,1,2,52" ten="425,242,277,56" oya="3" hai0="101,126,121,60,18,93,111,70,13,107,26,8,131" hai1="69,7,109,41,135,73,57,33,99,11,104,67,75" hai2="103,72,102,9,44,74,123,5,83,98,133,85,91" hai3="15,34,84,79,76,130,45,122,35,87,124,19,120"/><W92/><G45/><T100/><D111/><U55/><E33/><V115/><F115/><W63/><G63/><T117/><D117/><U37/><E109/><V12/><F123/><W96/><G96/><T6/><D131/><U23/><E135/><V54/><F133/><W114/><G92/><T110/><D126/><U16/><E104/><V118/><F118/><W39/><G15/><T28/><D121/><U22/><E99/><V88/><F91/><W81/><G81/><T30/><D110/><U47/><E7/><V51/><REACH who="2" step="1"/><F103/><REACH who="2" ten="425,242,267,56" step="2"/><W77/><G114/><T3/><D101/><U97/><E37/><V17/><F17/><W134/><G39/><T78/><D18/><U80/><E16/><V59/><F59/><W10/><G19/><T127/><D100/><U71/><E57/><V94/><AGARI ba="0,1" hai="5,9,12,44,51,54,72,74,83,85,88,94,98,102" machi="94" ten="20,5200,0" yaku="1,1,0,1,7,1,54,1,53,0" doraHai="52" doraHaiUra="113" who="2" fromWho="2" sc="425,-13,242,-13,267,62,56,-26" /><INIT seed="4,0,0,3,3,42" ten="412,229,329,30" oya="0" hai0="99,64,89,116,11,63,33,96,91,38,130,49,16" hai1="7,40,80,81,78,87,29,118,65,30,13,109,97" hai2="107,25,27,43,101,106,104,77,100,62,37,110,17" hai3="76,1,54,0,83,12,6,121,5,72,95,32,90"/><T86/><D38/><U133/><E109/><V4/><F110/><W61/><G121/><T124/><D116/><U10/><E118/><V125/><F125/><W28/><G32/><T34/><D124/><U128/><E128/><V92/><F4/><W60/><G28/><T50/><D130/><U75/><E133/><V36/><F77/><W117/><G117/><T53/><D64/><U105/><E65/><V126/><F126/><W94/><G12/><T70/><D63/><U74/><E74/><V114/><F62/><W131/><G131/><T82/><D70/><U120/><E120/><V113/><F92/><W57/><G61/><T122/><D122/><U44/><E97/><V68/><F17/><W102/><G102/><N who="2" m="39529" /><F43/><W46/><G95/><T119/><D119/><U2/><E105/><V127/><F68/><W79/><G79/><T23/><D11/><U22/><E22/><V58/><F58/><W69/><G69/><T47/><D34/><U20/><E20/><V14/><F14/><W103/><G103/><T73/><D73/><U59/><E59/><V55/><F55/><W26/><G26/><N who="2" m="9737" /><F127/><W112/><G5/><T48/><D33/><U67/><E67/><V115/><AGARI ba="0,0" hai="36,37,104,106,107,113,114,115" m="9737,39529" machi="115" ten="50,6400,0" yaku="28,2,15,1" doraHai="42" who="2" fromWho="2" sc="412,-32,229,-16,329,64,30,-16" /><INIT seed="5,0,0,3,4,20" ten="380,213,393,14" oya="1" hai0="135,71,24,11,98,119,30,80,17,51,49,124,52" hai1="81,105,68,88,5,85,42,65,67,50,14,126,18" hai2="37,87,29,61,66,70,79,89,43,75,132,94,90" hai3="25,125,114,64,13,84,93,131,9,22,54,123,97"/><U74/><E105/><V121/><F121/><W60/><G123/><T12/><D119/><U86/><E74/><V2/><F2/><W72/><G72/><T91/><D71/><U38/><E126/><V35/><F132/><W112/><G125/><T95/><D135/><U122/><E38/><V31/><F35/><W21/><G131/><T56/><D80/><U120/><E68/><V109/><F109/><W102/><G21/><N who="0" m="15631" /><D124/><U104/><E104/><V110/><F110/><W15/><G54/><T28/><D28/><U48/><E122/><V58/><F90/><W45/><G45/><T118/><D118/><U36/><E36/><V59/><F59/><W108/><G108/><T47/><D47/><N who="1" m="25719" /><E120/><V101/><F37/><W55/><G55/><T128/><D128/><U26/><E50/><AGARI ba="0,0" hai="11,12,17,49,50,51,52,56,91,95,98" m="15631" machi="50" ten="30,3900,0" yaku="8,1,52,1,54,1" doraHai="20" who="0" fromWho="1" sc="380,39,213,-39,393,0,14,0" /><INIT seed="6,0,0,1,1,63" ten="419,174,393,14" oya="2" hai0="46,129,57,37,108,40,4,69,98,130,74,126,135" hai1="104,35,13,17,84,3,56,10,1,44,14,18,7" hai2="96,72,113,39,111,119,20,27,32,125,75,54,9" hai3="95,134,0,65,114,66,106,101,93,80,51,70,71"/><V36/><F119/><W105/><G51/><T89/><D69/><U120/><E104/><V25/><F32/><W33/><G80/><T86/><D108/><U15/><E44/><V90/><F111/><W83/><G83/><T107/><D74/><U43/><E43/><V41/><F75/><W88/><G33/><T131/><D126/><U58/><E84/><V24/><F72/><W11/><G11/><T34/><D34/><U48/><E48/><V127/><F20/><W59/><G59/><T23/><D4/><N who="1" m="3271" /><E56/><V68/><F68/><W128/><G101/><N who="0" m="62903" /><D57/><U112/><E58/><V77/><F77/><W97/><G97/><T21/><D135/><U53/><E53/><V76/><F76/><W50/><G50/><T124/><D124/><N who="2" m="47690" /><F41/><W2/><G134/><T64/><D64/><U81/><E120/><V29/><F29/><W87/><G87/><T38/><D37/><N who="2" m="14410" /><F9/><W79/><G79/><T16/><D23/><U117/><E117/><V55/><F113/><W26/><G26/><N who="2" m="6657" /><V121/><DORA hai="31" /><F121/><W73/><G73/><T67/><D131/><U103/><E112/><V94/><AGARI ba="0,0" hai="54,55,90,94,96" m="6657,14410,47690" machi="94" ten="40,2100,0" yaku="18,1" doraHai="63,31" who="2" fromWho="2" sc="419,-7,174,-7,393,21,14,-7" /><INIT seed="6,1,0,2,5,48" ten="412,167,414,7" oya="2" hai0="76,110,121,40,42,69,74,92,130,0,66,99,2" hai1="6,120,59,63,45,14,94,116,72,21,79,101,106" hai2="7,39,100,55,89,26,67,108,98,4,15,44,62" hai3="73,114,35,83,105,11,128,125,109,5,58,32,126"/><V70/><F108/><W102/><G109/><T24/><D110/><U127/><E116/><V60/><F89/><W118/><G118/><T134/><D121/><U129/><E106/><V51/><F39/><W82/><G58/><T61/><D130/><U36/><E129/><V25/><F62/><W65/><G65/><T18/><D74/><U86/><E127/><N who="3" m="48650" /><G128/><T80/><D2/><U124/><E120/><V107/><REACH who="2" step="1"/><F15/><REACH who="2" ten="412,167,404,7" step="2"/><N who="3" m="5615" /><G114/><T37/><D37/><U78/><E36/><V68/><F68/><W22/><G22/><T113/><D113/><U104/><E21/><V47/><F47/><W12/><G12/><T19/><D0/><U28/><E14/><V122/><F122/><W81/><G73/><T97/><D69/><U71/><E72/><V115/><F115/><W87/><G87/><T54/><D61/><U91/><E86/><V93/><F93/><W123/><G123/><T27/><D92/><U33/><E71/><V50/><F50/><W135/><G135/><T3/><D134/><U119/><E124/><V117/><F117/><W112/><G112/><T111/><D3/><U46/><E119/><V53/><F53/><W90/><G90/><T38/><D54/><U20/><E91/><V17/><F17/><W85/><G85/><T75/><D111/><U84/><E94/><V132/><F132/><W57/><G57/><T1/><D1/><U56/><E59/><V133/><F133/><W13/><G13/><T77/><D18/><U10/><E56/><V49/><F49/><W8/><G8/><T31/><D19/><U34/><E10/><V29/><F29/><RYUUKYOKU ba="1,1" sc="412,-15,167,-15,404,15,7,15" hai2="4,7,25,26,44,51,55,60,67,70,98,100,107" hai3="32,35,81,82,83,102,105" /><INIT seed="6,2,1,4,4,35" ten="397,152,419,22" oya="2" hai0="123,66,55,67,40,37,83,56,96,109,7,50,110" hai1="8,129,6,23,133,116,1,94,101,24,46,119,65" hai2="107,30,57,93,38,84,0,13,130,27,122,86,45" hai3="74,20,16,95,64,49,82,44,108,28,5,52,58"/><V9/><F122/><W32/><G108/><T33/><D123/><U73/><E73/><V2/><F107/><W114/><G114/><T41/><D33/><U132/><E129/><V42/><F130/><W54/><G64/><N who="0" m="24619" /><D96/><N who="1" m="59543" /><E46/><V120/><F120/><W85/><G74/><T97/><D97/><U75/><E65/><V47/><F57/><W25/><G95/><T61/><D7/><U124/><E75/><V59/><F59/><W34/><G5/><T99/><D99/><U60/><E124/><V10/><F47/><W135/><G135/><N who="1" m="51786" /><E60/><V98/><F86/><W81/><G81/><T14/><D83/><U126/><E126/><V51/><F84/><W69/><G69/><T4/><D37/><U118/><E118/><V89/><F38/><W90/><REACH who="3" step="1"/><G28/><AGARI ba="2,1" hai="1,6,8,23,24,28,116,119" m="51786,59543" machi="28" ten="30,2000,0" yaku="20,1,52,1" doraHai="35" who="1" fromWho="3" sc="397,0,152,36,419,0,22,-26" owari="397,19.7,188,-21.2,419,51.9,-4,-50.4" /></mjloggm>