<mjloggm ver="2.3"><GO type="169" lobby="0"/><UN n0="%E7%89%8C%E6%B5%81%E7%8A%B6%E6%85%8B%E9%BA%BB%E9%9B%80" n1="%E3%81%8A%E3%81%AE%E3%81%BE" n2="%E3%83%A9%E3%83%B3%E3%82%B9%E3%83%AD%E3%83%83%E3%83%88" n3="%E3%81%8B%E3%82%8F%E3%81%97%E3%81%83" dan="16,16,16,16" rate="2167.78,2133.93,2115.52,2124.34" sx="M,F,M,M"/><TAIKYOKU oya="0"/><INIT seed="0,0,0,5,1,103" ten="250,250,250,250" oya="0" hai0="45,16,20,40,98,8,70,33,53,97,58,32,83" hai1="25,24,114,3,49,27,80,39,4,65,89,111,9" hai2="19,99,107,61,133,14,2,75,57,22,17,12,46" hai3="56,73,116,50,23,63,36,88,15,59,134,28,60"/><T44/><D70/><U37/><E111/><V87/><F75/><W43/><G116/><T130/><D130/><U38/><E114/><V102/><F133/><W51/><G73/><T100/><D8/><U112/><E112/><V62/><F2/><W109/><G109/><T120/><D83/><U34/><E65/><V47/><F87/><W125/><G125/><T52/><D120/><U18/><E49/><V124/><F62/><W93/><G134/><T29/><D29/><U101/><E101/><V54/><REACH who="2" step="1"/><F124/><REACH who="2" ten="250,250,240,250" step="2"/><W117/><G117/><T132/><D132/><U121/><E3/><V108/><F108/><W135/><G135/><T48/><D98/><U5/><E121/><V21/><AGARI ba="0,1" hai="12,14,17,19,21,22,46,47,54,57,61,99,102,107" machi="21" ten="20,8000,1" yaku="1,1,0,1,7,1,9,1,52,1,53,0" doraHai="103" doraHaiUra="72" who="2" fromWho="2" sc="250,-40,250,-20,240,90,250,-20" /><INIT seed="1,0,0,1,1,88" ten="210,230,330,230" oya="1" hai0="75,135,20,23,80,108,6,0,30,41,8,131,72" hai1="68,42,76,66,106,40,89,25,59,28,133,115,2" hai2="78,51,119,15,47,18,19,39,123,100,129,1,114" hai3="27,57,7,16,84,52,86,105,56,77,22,13,102"/><U96/><E115/><V130/><F119/><W85/><G105/><T34/><D108/><U53/><E2/><V112/><F123/><W17/><G102/><T65/><D131/><N who="2" m="50186" /><F1/><W49/><G7/><T61/><D135/><U83/><E133/><V69/><F39/><W110/><G110/><T126/><D126/><U46/><E66/><V43/><F69/><W38/><G38/><T121/><D121/><U44/><E68/><V128/><F128/><W113/><G113/><T92/><D41/><U48/><E40/><V50/><F78/><W14/><G27/><T116/><D34/><U111/><E111/><V10/><F100/><W134/><G134/><T3/><D3/><U124/><E124/><V82/><F82/><W11/><G57/><T98/><D116/><U54/><E44/><N who="2" m="25887" /><F18/><W29/><REACH who="3" step="1"/><G29/><REACH who="3" ten="210,230,330,220" step="2"/><T37/><D37/><U55/><E59/><V94/><F114/><W101/><G101/><T104/><D104/><U120/><E120/><V32/><F112/><W33/><G33/><T74/><D30/><U99/><E106/><V62/><F32/><W5/><G5/><T122/><D122/><U91/><E99/><V9/><F19/><W73/><G73/><T90/><REACH who="0" step="1"/><D80/><AGARI ba="0,1" hai="11,13,14,16,17,22,49,52,56,77,80,84,85,86" machi="80" ten="40,8000,1" yaku="1,1,8,1,54,2,53,0" doraHai="88" doraHaiUra="60" who="3" fromWho="0" sc="210,-80,230,0,330,0,220,90" /><INIT seed="2,0,0,4,3,9" ten="130,230,330,310" oya="2" hai0="39,21,13,112,87,79,10,76,18,68,83,88,82" hai1="46,102,69,90,51,107,6,111,94,7,49,75,29" hai2="117,20,85,64,99,86,47,37,105,32,113,70,65" hai3="121,11,135,1,26,89,93,59,115,3,84,56,109"/><V60/><F113/><W31/><G121/><T63/><D112/><U53/><E69/><V129/><F117/><W134/><G109/><T5/><D39/><U128/><E75/><V58/><F129/><W104/><G104/><T50/><D50/><U133/><E111/><V72/><F72/><W97/><G115/><T119/><D119/><U12/><E128/><V74/><F74/><W52/><G56/><T15/><REACH who="0" step="1"/><D83/><REACH who="0" ten="120,230,330,310" step="2"/><U55/><E51/><V126/><F37/><W81/><G134/><T124/><D124/><U16/><E133/><V62/><F126/><W123/><G135/><T103/><D103/><U43/><E102/><V125/><F125/><W132/><G132/><T34/><D34/><U130/><E130/><V73/><F32/><W30/><G123/><T80/><D80/><U0/><E49/><V23/><F60/><W28/><G81/><T19/><D19/><U66/><E16/><V78/><F62/><W108/><G108/><T54/><D54/><U8/><E55/><V27/><F64/><AGARI ba="0,1" hai="5,10,13,15,18,21,63,64,68,76,79,82,87,88" machi="64" ten="40,8000,1" yaku="1,1,52,2,54,1,53,0" doraHai="9" doraHaiUra="71" who="0" fromWho="2" sc="120,90,230,0,330,-80,310,0" /><INIT seed="3,0,0,3,1,121" ten="210,230,250,310" oya="3" hai0="105,39,75,3,25,107,112,61,129,46,76,55,42" hai1="37,94,122,35,56,106,51,115,114,73,67,58,60" hai2="7,13,117,98,11,8,88,97,34,31,44,6,16" hai3="62,72,40,53,133,17,116,14,48,9,1,83,49"/><W86/><G116/><T91/><D129/><U47/><E106/><V103/><F117/><W89/><G72/><T2/><D112/><U85/><E73/><V77/><F77/><W5/><G133/><T124/><D124/><U128/><E35/><V119/><F119/><W68/><G40/><T132/><D132/><U4/><E122/><V18/><F34/><W52/><G68/><T10/><D91/><U32/><E32/><V120/><F31/><W59/><REACH who="3" step="1"/><G53/><REACH who="3" ten="210,230,250,300" step="2"/><T30/><D55/><N who="1" m="31871" /><E115/><V12/><F120/><W96/><G96/><T33/><D75/><U80/><E114/><V108/><F97/><W70/><G70/><T54/><D54/><U110/><E128/><V95/><F44/><W104/><G104/><T71/><D107/><U0/><E47/><V26/><F103/><W84/><G84/><T135/><D105/><U19/><E85/><V57/><F57/><W87/><G87/><T109/><D135/><U82/><E58/><V126/><F126/><W101/><G101/><T90/><D46/><U45/><E45/><V15/><F98/><W130/><G130/><T93/><D71/><U65/><E65/><V41/><F41/><W27/><G27/><T127/><D25/><U125/><E67/><V24/><F24/><W21/><AGARI ba="0,1" hai="1,5,9,14,17,21,48,49,52,59,62,83,86,89" machi="21" ten="20,7800,0" yaku="1,1,0,1,7,1,54,1,53,0" doraHai="121" doraHaiUra="69" who="3" fromWho="3" sc="210,-26,230,-26,250,-26,300,88" /><INIT seed="3,1,0,4,4,110" ten="184,204,224,388" oya="3" hai0="43,32,128,54,119,10,98,52,118,124,79,75,40" hai1="83,28,0,96,80,51,78,25,66,4,65,104,2" hai2="29,23,120,93,71,134,1,76,113,61,24,133,72" hai3="35,84,17,130,42,85,38,31,111,39,88,20,114"/><W48/><G130/><T69/><D32/><U67/><E51/><V135/><F1/><W121/><G114/><T5/><D128/><U90/><E4/><V116/><F116/><W37/><G121/><T109/><D109/><U112/><E112/><V11/><F120/><W30/><G84/><T15/><D69/><U108/><E108/><V77/><F72/><W81/><G35/><T70/><D70/><U16/><E83/><V92/><F11/><W27/><REACH who="3" step="1"/><G111/><REACH who="3" ten="184,204,224,378" step="2"/><T106/><D118/><U103/><E0/><V18/><F113/><W13/><G13/><T41/><D119/><U33/><E2/><V132/><F132/><W44/><AGARI ba="1,1" hai="17,20,27,30,31,37,38,39,42,44,48,81,85,88" machi="44" ten="40,7800,0" yaku="1,1,0,1,54,1,53,0" doraHai="110" doraHaiUra="97" who="3" fromWho="3" sc="184,-27,204,-27,224,-27,378,91" /><INIT seed="3,2,0,2,3,127" ten="157,177,197,469" oya="3" hai0="78,49,133,85,107,20,17,64,38,125,105,119,94" hai1="110,116,82,11,129,14,80,43,81,83,2,84,131" hai2="69,39,55,35,113,115,135,6,10,90,92,21,75" hai3="31,73,19,70,128,96,126,122,98,79,102,53,57"/><W44/><G122/><T91/><D38/><U25/><E110/><V109/><F35/><W117/><G117/><T60/><D119/><U118/><E2/><V77/><F109/><W48/><G31/><T59/><D125/><U100/><E43/><V30/><F69/><W97/><G70/><T54/><D78/><U111/><E25/><V132/><F39/><W36/><G73/><T5/><D5/><U63/><E63/><V103/><F103/><W46/><G79/><T67/><D133/><N who="2" m="51274" /><F55/><W23/><G102/><T72/><D72/><U4/><E100/><V95/><F95/><W34/><G34/><T62/><D62/><U47/><E47/><V104/><F104/><W71/><G71/><T66/><REACH who="0" step="1"/><D60/><REACH who="0" ten="147,177,197,469" step="2"/><U123/><E111/><V24/><F77/><W33/><G36/><T32/><D32/><U86/><E123/><V65/><F75/><W108/><G33/><T88/><D88/><N who="1" m="51207" /><E86/><N who="2" m="52311" /><F65/><W0/><G108/><T58/><D58/><U29/><E29/><V12/><AGARI ba="2,1" hai="6,10,12,21,24,30,113,115" m="52311,51274" machi="12" ten="30,1100,0" yaku="20,1" doraHai="127" who="2" fromWho="2" sc="147,-5,177,-5,197,27,469,-7" /><INIT seed="4,0,0,0,5,21" ten="142,172,224,462" oya="0" hai0="86,56,103,110,32,31,70,85,90,92,53,17,69" hai1="135,28,113,112,36,73,16,33,115,30,18,96,128" hai2="14,22,77,93,98,74,52,102,100,133,82,61,60" hai3="84,55,7,26,122,134,88,51,78,40,129,79,107"/><T19/><D110/><U105/><E128/><V8/><F133/><W114/><G107/><T125/><D125/><U44/><E73/><V80/><F102/><W13/><G129/><T27/><D103/><N who="1" m="62695" /><E135/><V41/><F41/><W72/><G114/><T43/><D43/><N who="1" m="22631" /><E33/><V89/><F22/><W64/><G64/><T57/><D86/><U42/><E42/><V34/><F34/><W87/><G84/><T95/><D95/><U121/><E121/><V119/><F119/><W99/><G99/><T118/><D118/><U130/><E130/><V48/><F89/><W101/><G101/><T39/><D39/><U104/><E104/><V1/><F82/><W49/><G122/><T3/><D3/><U5/><E5/><V25/><F1/><W68/><G68/><T108/><D108/><U81/><E81/><V50/><F50/><W124/><G124/><T123/><D57/><U4/><E4/><V63/><F25/><W10/><G26/><T109/><D123/><U35/><E35/><V116/><F116/><W23/><G72/><T75/><D75/><U15/><E18/><V62/><F62/><W0/><G40/><T6/><D6/><U83/><E83/><V127/><F127/><W58/><G49/><N who="0" m="30767" /><D109/><U111/><E111/><V71/><F71/><W38/><G38/><T12/><D19/><U117/><E117/><V126/><F126/><W65/><G134/><T76/><D76/><U47/><E47/><N who="2" m="27679" /><F61/><W97/><G65/><T94/><D94/><U91/><E91/><V45/><F45/><W2/><G0/><T37/><D37/><U132/><E132/><RYUUKYOKU ba="0,0" sc="142,10,172,10,224,10,462,-30" hai0="12,17,27,31,32,69,70,85,90,92" hai1="15,16,28,30,112,113,115" hai2="8,14,60,63,74,77,80,93,98,100" /><INIT seed="4,1,0,1,2,12" ten="152,182,234,432" oya="0" hai0="29,73,21,126,86,62,34,38,0,28,42,133,3" hai1="25,135,67,114,64,19,10,5,30,41,104,24,61" hai2="112,46,127,78,70,130,9,102,14,48,110,57,124" hai3="108,27,132,76,120,18,123,93,131,20,109,44,54"/><T52/><D73/><U40/><E104/><V118/><F110/><W43/><G76/><T1/><D34/><U90/><E135/><V106/><F70/><W99/><G54/><T84/><D133/><U60/><E114/><V103/><F112/><W116/><G131/><T87/><D126/><U45/><E90/><V100/><F106/><W6/><G6/><T121/><D121/><N who="3" m="46665" /><G116/><T13/><D42/><U72/><E72/><V37/><F130/><W35/><G35/><T82/><D38/><U125/><E125/><V107/><F107/><W66/><G66/><T71/><D82/><U105/><E105/><V11/><F11/><W8/><G8/><T134/><D134/><U115/><E115/><V39/><F78/><W111/><G132/><T80/><D80/><U128/><E128/><V98/><F98/><W59/><G59/><T65/><REACH who="0" step="1"/><D52/><REACH who="0" ten="142,182,234,432" step="2"/><U58/><E41/><V94/><F37/><N who="3" m="21615" /><G111/><T33/><D33/><U2/><E30/><V36/><F36/><W89/><AGARI ba="1,1" hai="18,20,27,89,93,99,108,109" m="21615,46665" machi="89" ten="30,2000,0" yaku="13,1,52,1" doraHai="12" who="3" fromWho="3" sc="142,-11,182,-6,234,-6,432,33" /><INIT seed="5,0,0,5,2,74" ten="131,176,228,465" oya="1" hai0="100,83,3,109,130,10,82,132,120,5,66,117,1" hai1="113,72,124,30,64,60,128,103,23,77,107,2,37" hai2="18,94,38,88,11,73,118,35,123,62,70,71,75" hai3="99,34,98,112,96,102,40,110,14,101,49,0,15"/><U6/><E113/><V27/><F118/><W45/><G110/><T61/><D109/><U52/><E37/><V68/><F123/><W79/><G0/><T104/><D117/><U125/><E128/><V93/><F38/><W41/><G34/><T67/><D130/><U56/><E2/><V33/><F94/><W24/><G24/><T44/><D120/><U57/><E6/><V31/><F35/><W76/><G112/><T80/><D132/><U59/><E103/><N who="3" m="39434" /><G40/><T108/><D108/><U55/><E107/><V129/><F129/><W131/><G131/><T47/><D1/><U78/><E72/><V46/><F46/><W25/><G25/><T121/><D121/><U127/><E23/><V26/><F62/><W20/><G20/><T36/><D36/><U17/><E17/><V90/><F90/><W39/><G39/><T115/><D115/><U91/><E91/><V16/><F18/><W12/><AGARI ba="0,0" hai="12,14,15,41,45,49,76,79,96,98,99" m="39434" machi="12" ten="40,5200,0" yaku="8,1,52,2" doraHai="74" who="3" fromWho="3" sc="131,-13,176,-26,228,-13,465,52" /><INIT seed="6,0,0,2,4,67" ten="118,150,215,517" oya="2" hai0="93,102,74,115,100,44,70,95,123,13,127,37,59" hai1="23,109,65,28,2,57,8,128,110,112,53,124,89" hai2="92,46,9,34,40,120,73,97,90,42,35,91,54" hai3="58,108,85,118,4,6,94,5,77,131,36,17,10"/><V43/><F120/><W25/><G108/><T122/><D74/><U111/><E112/><V15/><F73/><W114/><G36/><T11/><D115/><U45/><E124/><V135/><F135/><W87/><G118/><T18/><D127/><U104/><E104/><V26/><F26/><W96/><G131/><T12/><D59/><U88/><E128/><V105/><F105/><W106/><G106/><T119/><D119/><U79/><E79/><V68/><F68/><W75/><G58/><T80/><D80/><U21/><E45/><V71/><F71/><W78/><G77/><T60/><D37/><U130/><E65/><V24/><F24/><W125/><G114/><T61/><D44/><U52/><E130/><V66/><F66/><W56/><G56/><T103/><D70/><U39/><E39/><V113/><F90/><W134/><G134/><T49/><D49/><U31/><E57/><V14/><F14/><W86/><G10/><T116/><D116/><U30/><E8/><V98/><F98/><W129/><G129/><T76/><D76/><U63/><E2/><V82/><F82/><N who="3" m="47319" /><G125/><T41/><D41/><U19/><E63/><V3/><F3/><W16/><G75/><T38/><D38/><U69/><E69/><V27/><F113/><W51/><G51/><T32/><D32/><U29/><N who="1" m="7168" /><DORA hai="64" /><U121/><E121/><N who="0" m="46089" /><D13/><N who="1" m="9455" /><E23/><V72/><F72/><W132/><G132/><T117/><D117/><U133/><E133/><V62/><F27/><W84/><G25/><T48/><D48/><U107/><E107/><V47/><F15/><W22/><G22/><RYUUKYOKU ba="0,0" sc="118,10,150,10,215,-30,517,10" hai0="11,12,18,60,61,93,95,100,102,103" hai1="52,53,88,89,109,110,111" hai3="4,5,6,16,17,84,86,87,94,96" /><INIT seed="7,1,0,0,4,4" ten="128,160,185,527" oya="3" hai0="9,103,98,88,134,43,129,56,1,35,77,51,95" hai1="73,135,114,14,16,82,49,19,59,79,2,6,58" hai2="99,45,66,105,116,68,124,90,111,60,7,29,67" hai3="46,42,101,72,41,61,39,128,37,86,112,34,94"/><W15/><G72/><T8/><D35/><U18/><E114/><V10/><F111/><W53/><G34/><T38/><D1/><U65/><E135/><V84/><F116/><W0/><G0/><T47/><D134/><U107/><E107/><V130/><F130/><W30/><G30/><T97/><D129/><U132/><E132/><V26/><F66/><W11/><G112/><T50/><D77/><U117/><E117/><V12/><F45/><W110/><G110/><T71/><D71/><U119/><E119/><V48/><F48/><W28/><G28/><T102/><D38/><U85/><E2/><V100/><F124/><W96/><G86/><T23/><D23/><U118/><E118/><V27/><F29/><W80/><G80/><AGARI ba="1,0" hai="7,10,12,26,27,60,67,68,80,84,90,99,100,105" machi="80" ten="30,2000,0" yaku="7,1,52,1" doraHai="4" who="2" fromWho="3" sc="128,0,160,0,185,23,527,-23" owari="128,-37.2,160,-24.0,208,0.8,504,60.4" /></mjloggm>