<mjloggm ver="2.3"><GO type="169" lobby="0"/><UN n0="%E8%B1%86%E3%83%80%E3%83%9E%E8%AD%A6%E5%AF%9F" n1="%E3%81%8A%E3%81%AF%44%E3%83%9D%E3%83%86%E3%83%88" n2="%E6%9C%A8%E5%8E%9F%E8%B1%AA%E4%B8%80" n3="%49%77%61%6B%69%63%68%69" dan="17,17,17,16" rate="2158.53,2183.66,2135.69,2045.98" sx="M,F,M,M"/><TAIKYOKU oya="0"/><INIT seed="0,0,0,5,2,102" ten="250,250,250,250" oya="0" hai0="14,115,131,80,64,33,88,62,6,39,56,63,94" hai1="105,38,118,55,54,132,120,97,31,87,126,114,91" hai2="32,52,11,75,121,82,59,123,60,30,107,110,84" hai3="92,113,57,69,20,5,83,104,45,35,41,81,12"/><T61/><D115/><U1/><E118/><V17/><F75/><W100/><G113/><T53/><D39/><U3/><E120/><V133/><F110/><W76/><G35/><T124/><D124/><U78/><E114/><V101/><F133/><W22/><G69/><T109/><D131/><U44/><E132/><V112/><F112/><W103/><G57/><T29/><D109/><U24/><E126/><V73/><F73/><W86/><G92/><T129/><D129/><U98/><E78/><V19/><F30/><W40/><G83/><T85/><D29/><U48/><E55/><V77/><F32/><W47/><G104/><T2/><D2/><U135/><E38/><V65/><F65/><W8/><G47/><T25/><D25/><U68/><E68/><V70/><F70/><W128/><G40/><T95/><D33/><U0/><E105/><V42/><F42/><W71/><G71/><T43/><D43/><U51/><E51/><V18/><REACH who="2" step="1"/><F11/><REACH who="2" ten="250,250,240,250" step="2"/><W125/><G128/><T34/><D34/><U134/><E134/><V15/><F15/><W79/><G125/><T28/><D28/><U90/><E135/><V37/><F37/><W27/><G8/><N who="0" m="4375" /><D64/><U96/><E31/><V10/><F10/><W122/><G122/><T74/><D74/><U58/><E24/><V119/><F119/><W26/><G27/><T130/><D130/><U13/><E13/><V99/><AGARI ba="0,1" hai="17,18,19,52,59,60,77,82,84,99,101,107,121,123" machi="99" ten="30,7900,0" yaku="1,1,0,1,52,1,54,1,53,0" doraHai="102" doraHaiUra="46" who="2" fromWho="2" sc="250,-39,250,-20,240,89,250,-20" /><INIT seed="1,0,0,2,0,99" ten="211,230,329,230" oya="1" hai0="42,114,61,6,40,76,38,67,115,43,25,27,23" hai1="91,73,101,118,45,103,82,68,134,107,78,57,21" hai2="11,122,110,51,9,120,113,37,18,89,119,30,111" hai3="59,33,71,81,54,116,87,1,84,135,17,3,96"/><U12/><E68/><V72/><F37/><W58/><G71/><T129/><D38/><U53/><E118/><V5/><F72/><W4/><G135/><T126/><D76/><U69/><E69/><V70/><F51/><W31/><G116/><T124/><D6/><U52/><E134/><V22/><F89/><W64/><G17/><T133/><D133/><U32/><E32/><V131/><F70/><W74/><G74/><T8/><D8/><U63/><E107/><V39/><F39/><W83/><G96/><T79/><D79/><U108/><E108/><N who="2" m="41515" /><F119/><W44/><G4/><T10/><D10/><U100/><E91/><V109/><F109/><W105/><G105/><T55/><D129/><U102/><N who="1" m="25600" /><DORA hai="35" /><U13/><REACH who="1" step="1"/><E21/><REACH who="1" ten="211,220,329,230" step="2"/><V106/><F106/><W123/><G33/><T90/><D90/><U7/><E7/><V65/><F5/><W29/><G1/><T47/><D23/><U97/><E97/><V48/><F22/><W19/><G3/><T24/><D115/><U75/><E75/><V98/><F113/><W80/><G87/><T36/><D114/><U95/><E95/><V34/><F98/><W92/><G84/><T94/><D94/><U50/><AGARI ba="0,1" hai="12,13,45,50,52,53,57,63,73,78,82" m="25600" machi="50" ten="40,24000,3" yaku="1,1,0,1,52,4,54,1,53,1" doraHai="99,35" doraHaiUra="104,127" who="1" fromWho="1" sc="211,-80,220,250,329,-80,230,-80" /><INIT seed="1,1,0,4,1,127" ten="131,470,249,150" oya="1" hai0="32,88,55,35,110,16,24,57,20,29,86,73,65" hai1="15,51,126,40,98,99,41,4,83,80,21,107,72" hai2="132,114,33,54,116,7,49,39,44,56,106,130,62" hai3="61,120,125,105,34,108,25,10,124,11,103,68,2"/><U30/><E126/><N who="3" m="48746" /><G120/><T128/><D73/><U38/><E38/><V96/><F33/><W50/><G108/><T59/><D110/><U113/><E113/><V58/><F116/><W119/><G119/><T63/><D29/><U95/><E107/><V28/><F28/><N who="3" m="19727" /><G2/><T115/><D128/><U93/><E72/><V81/><F7/><W87/><G87/><T14/><D24/><N who="1" m="16655" /><E15/><V0/><F0/><W94/><G94/><N who="1" m="35850" /><E4/><V6/><F6/><W26/><G26/><T133/><D133/><U19/><E19/><V112/><F132/><W129/><G129/><T84/><D84/><U45/><E41/><V104/><F130/><W117/><G117/><T92/><REACH who="0" step="1"/><D115/><REACH who="0" ten="121,470,249,150" step="2"/><U111/><E111/><V18/><F114/><W66/><G50/><AGARI ba="1,1" hai="14,16,20,32,35,50,55,57,59,63,65,86,88,92" machi="50" ten="30,12000,2" yaku="1,1,2,1,7,1,25,2,54,2,53,0" doraHai="127" doraHaiUra="69" who="0" fromWho="3" sc="121,133,470,0,249,0,150,-123" /><INIT seed="2,0,0,1,2,20" ten="254,470,249,27" oya="2" hai0="48,106,32,4,87,73,124,37,0,83,12,31,63" hai1="93,58,118,38,29,17,13,24,33,25,8,135,19" hai2="60,99,18,59,84,113,10,56,109,86,81,22,90" hai3="133,69,112,30,49,35,114,105,64,36,61,119,28"/><V85/><F113/><N who="3" m="43627" /><G119/><T45/><D106/><U122/><E38/><V68/><F68/><W121/><G121/><T66/><D124/><U127/><E118/><V96/><F109/><W88/><G133/><T75/><D0/><U47/><E135/><V95/><F10/><W16/><G105/><T82/><D37/><U115/><E115/><V129/><F129/><W132/><G36/><T101/><D101/><U77/><E77/><V26/><F99/><W53/><G132/><T11/><D83/><U43/><E127/><V72/><F72/><W131/><G131/><T51/><D51/><U50/><E122/><V21/><F21/><W41/><G41/><T110/><D110/><U9/><E58/><V120/><F120/><W89/><G35/><T44/><D44/><U128/><E128/><V117/><F117/><W108/><G108/><T94/><D94/><U125/><E125/><V3/><F3/><W80/><G80/><T116/><D31/><N who="3" m="11817" /><G16/><T111/><D32/><U42/><E42/><V71/><F71/><W15/><G15/><T103/><D116/><U39/><E39/><V134/><F134/><W102/><G102/><T57/><D103/><U126/><E126/><V27/><F27/><N who="1" m="10313" /><E33/><V1/><F1/><W67/><G67/><T97/><D111/><U14/><E29/><V6/><F6/><W23/><G23/><T5/><D5/><N who="1" m="3215" /><E93/><V46/><F46/><AGARI ba="0,0" hai="46,49,53,61,64,69,88,89" m="11817,43627" machi="46" ten="30,2000,0" yaku="11,1,54,1" doraHai="20" who="3" fromWho="2" sc="254,0,470,0,249,-20,27,20" /><INIT seed="3,0,0,5,1,48" ten="254,470,229,47" oya="3" hai0="88,54,20,124,69,95,103,49,24,68,32,85,126" hai1="65,102,7,86,93,110,16,39,55,29,108,84,91" hai2="76,118,59,107,104,82,121,1,5,98,74,89,12" hai3="67,83,41,57,97,71,66,119,90,53,35,77,8"/><W34/><G119/><T70/><D32/><U6/><E39/><V43/><F118/><W101/><G41/><T94/><D103/><U96/><E65/><V105/><F121/><W15/><G90/><T106/><D95/><U128/><E29/><V50/><F1/><W37/><G37/><T44/><REACH who="0" step="1"/><D106/><REACH who="0" ten="244,470,229,47" step="2"/><U26/><E110/><V129/><F107/><W109/><G35/><T120/><D120/><U78/><E108/><V79/><F105/><W62/><G34/><T130/><D130/><U2/><E128/><V131/><F104/><W3/><G109/><T111/><D111/><U45/><E102/><V127/><F131/><W36/><G71/><T9/><D9/><U46/><E96/><V116/><F98/><W115/><G115/><T63/><D63/><U52/><E93/><V113/><F129/><W60/><G60/><T17/><AGARI ba="0,1" hai="17,20,24,44,49,54,68,69,70,85,88,94,124,126" machi="17" ten="40,8000,1" yaku="1,1,0,1,52,1,54,1,53,1" doraHai="48" doraHaiUra="42" who="0" fromWho="0" sc="244,90,470,-20,229,-20,47,-40" /><INIT seed="4,0,0,0,2,29" ten="334,450,209,7" oya="0" hai0="112,46,33,40,80,53,87,44,97,121,6,57,4" hai1="125,48,36,69,10,111,86,123,2,101,26,39,5" hai2="51,104,45,129,71,114,0,75,98,58,85,28,83" hai3="16,120,116,32,65,110,12,84,49,9,99,95,34"/><T79/><D121/><U78/><E111/><V27/><F0/><W37/><G110/><T122/><D122/><U113/><E123/><V54/><F71/><W21/><G116/><T18/><D112/><U3/><E69/><V68/><F68/><W14/><G120/><T72/><D72/><U93/><E3/><V61/><F129/><W131/><G37/><T77/><D77/><U70/><E70/><V108/><F108/><W1/><G131/><T23/><D97/><U119/><E119/><V25/><F114/><W62/><G49/><T59/><D59/><U135/><E113/><V43/><F75/><W133/><G84/><T35/><D4/><U115/><E115/><V103/><F28/><W92/><G133/><T81/><D6/><U109/><E109/><V41/><F41/><W127/><G1/><T128/><D81/><N who="1" m="47415" /><E26/><V8/><F8/><W117/><G127/><T67/><D67/><U47/><E125/><V66/><F66/><W106/><G117/><T73/><D73/><U60/><E60/><V118/><F118/><W102/><G95/><T64/><D64/><U94/><E135/><V74/><F74/><W96/><G65/><T38/><D46/><U124/><E124/><V76/><AGARI ba="0,0" hai="25,27,43,45,51,54,58,61,76,83,85,98,103,104" machi="76" ten="20,1500,0" yaku="0,1,7,1" doraHai="29" who="2" fromWho="2" sc="334,-7,450,-4,209,15,7,-4" /><INIT seed="5,0,0,2,4,47" ten="327,446,224,3" oya="1" hai0="45,49,65,39,122,113,28,21,53,66,83,38,108" hai1="85,74,73,14,16,89,124,5,115,97,30,42,129" hai2="6,24,60,27,134,2,80,114,107,131,119,95,112" hai3="102,117,67,9,62,29,61,3,92,121,0,116,82"/><U88/><E115/><N who="2" m="44075" /><F107/><W48/><G121/><T133/><D113/><U46/><E129/><V10/><F80/><W123/><G123/><T7/><D122/><U41/><E5/><V58/><F95/><W18/><G82/><T13/><D108/><U125/><E30/><V96/><F96/><N who="3" m="59655" /><G29/><T68/><D133/><U93/><E74/><V59/><F59/><W33/><G33/><T1/><D39/><U120/><E73/><V111/><F111/><W78/><G78/><T26/><D68/><U57/><E120/><V23/><F119/><N who="3" m="45643" /><G48/><T15/><D38/><U76/><E76/><V91/><F134/><W84/><G84/><T101/><D101/><U109/><E109/><V105/><F91/><W44/><G44/><T36/><D36/><U70/><E70/><V11/><F105/><W132/><G132/><T71/><D71/><U100/><E57/><V64/><F131/><W135/><G135/><T130/><D130/><U32/><E32/><V127/><F127/><N who="1" m="48713" /><E46/><V19/><F11/><W110/><G110/><T86/><D66/><U81/><E100/><V54/><F64/><W40/><G40/><T87/><D65/><U69/><E69/><V63/><F63/><N who="3" m="24075" /><G67/><T103/><D103/><U104/><E104/><V98/><F98/><W34/><G34/><T20/><D86/><N who="1" m="50383" /><E97/><V25/><AGARI ba="0,0" hai="2,6,10,19,23,24,25,27,54,58,60" m="44075" machi="25" ten="30,2000,0" yaku="15,1,11,1" doraHai="47" who="2" fromWho="2" sc="327,-5,446,-10,224,20,3,-5" owari="322,12.2,436,53.6,244,-15.6,-2,-50.2" /></mjloggm>