<mjloggm ver="2.3"><GO type="169" lobby="0"/><UN n0="%E3%83%8F%E5%B4%8E%E7%9C%9F%E6%82%9F" n1="%E6%99%AE%E9%9C%B2%E9%9C%B2" n2="%E3%81%98%E3%82%83%E3%81%99%E3%81%BF%E3%82%93" n3="%E3%82%A8%E3%82%B9%E3%82%B1%E3%83%BC%2E" dan="17,16,16,17" rate="2230.97,2147.68,2053.42,2166.91" sx="M,M,M,M"/><TAIKYOKU oya="0"/><INIT seed="0,0,0,2,0,117" ten="250,250,250,250" oya="0" hai0="122,13,78,113,6,54,68,10,70,107,30,32,15" hai1="52,47,79,33,83,3,31,103,39,110,121,112,119" hai2="44,17,87,75,109,106,127,81,74,102,91,89,82" hai3="67,28,105,21,16,120,118,90,92,80,43,104,40"/><T35/><D113/><U38/><E119/><V62/><F109/><W135/><G118/><T50/><D107/><U46/><E110/><V124/><F62/><W134/><G28/><T5/><D78/><U56/><E112/><V115/><F44/><W99/><G67/><T123/><D30/><U76/><E3/><V57/><F57/><W14/><G120/><T0/><D0/><U36/><E121/><V111/><F17/><W131/><G131/><T85/><D85/><U49/><E76/><V41/><F41/><W66/><G66/><T11/><D50/><U4/><E4/><V24/><F24/><W64/><G64/><T18/><D18/><U100/><E46/><V23/><F23/><W128/><G128/><T42/><D54/><U125/><E125/><N who="2" m="48203" /><F111/><W93/><G80/><T108/><REACH who="0" step="1"/><D108/><REACH who="0" ten="240,250,250,250" step="2"/><U2/><E2/><V126/><F126/><W132/><G92/><T94/><D94/><U101/><E31/><V72/><F115/><W86/><G86/><T48/><D48/><U73/><REACH who="1" step="1"/><E47/><REACH who="1" ten="240,240,250,250" step="2"/><V95/><F106/><AGARI ba="0,2" hai="14,16,21,40,43,90,93,99,104,105,106,132,134,135" machi="106" ten="50,3200,0" yaku="20,1,54,1" doraHai="117" who="3" fromWho="2" sc="240,0,240,0,250,-32,250,52" /><INIT seed="1,0,0,1,0,98" ten="240,240,218,302" oya="1" hai0="125,26,59,110,112,37,16,4,129,116,43,83,20" hai1="73,84,122,131,34,42,91,61,75,72,94,127,38" hai2="121,10,130,52,108,126,67,64,23,124,17,1,100" hai3="8,35,97,85,120,113,76,33,114,49,104,44,58"/><U106/><E122/><V11/><F121/><W12/><G120/><T118/><D112/><U89/><E34/><V13/><F130/><W107/><G58/><T135/><D129/><U117/><E131/><V70/><F108/><W53/><G33/><T102/><D110/><U82/><E117/><V7/><F70/><W0/><G0/><T79/><D125/><N who="2" m="48234" /><F11/><W46/><G35/><T101/><D135/><U81/><E127/><V30/><F30/><W93/><G44/><T15/><D37/><U36/><E42/><V32/><F32/><W134/><G134/><T22/><D43/><U71/><E106/><V9/><F9/><W40/><G53/><T123/><D123/><U18/><E18/><V24/><F52/><W25/><G25/><T54/><D116/><U90/><E61/><V65/><F100/><N who="3" m="60463" /><G104/><T56/><D56/><U88/><REACH who="1" step="1"/><E71/><REACH who="1" ten="240,230,218,302" step="2"/><V5/><F7/><N who="3" m="3103" /><G107/><T68/><D68/><U105/><E105/><V31/><F31/><W19/><G19/><N who="0" m="10367" /><D4/><U57/><E57/><V2/><AGARI ba="0,1" hai="1,2,5,10,13,17,23,24,64,65,67" m="48234" machi="2" ten="40,1500,0" yaku="18,1" doraHai="98" who="2" fromWho="2" sc="240,-4,230,-7,218,25,302,-4" /><INIT seed="2,0,0,1,1,127" ten="236,223,243,298" oya="2" hai0="46,21,107,14,25,79,48,10,71,89,97,5,44" hai1="113,124,2,130,88,91,66,57,96,121,64,77,56" hai2="126,111,40,134,28,83,103,22,39,93,15,12,51" hai3="115,70,117,65,60,100,81,59,74,86,47,90,114"/><V110/><F39/><W33/><G117/><T8/><D71/><U72/><E113/><N who="3" m="43018" /><G33/><T24/><D79/><U9/><E124/><V52/><F126/><W73/><G100/><T95/><D107/><U0/><E77/><V61/><F40/><W92/><G47/><T27/><D10/><U18/><E72/><N who="3" m="27754" /><G70/><T104/><D104/><U67/><E121/><V20/><F83/><AGARI ba="0,0" hai="59,60,65,81,83,86,90,92" m="27754,43018" machi="83" ten="30,1000,0" yaku="11,1" doraHai="127" who="3" fromWho="2" sc="236,0,223,0,243,-10,298,10" /><INIT seed="3,0,0,2,1,2" ten="236,223,233,308" oya="3" hai0="37,95,119,23,83,47,134,135,120,132,69,80,50" hai1="103,49,54,67,133,118,26,116,87,101,126,128,85" hai2="68,117,32,21,10,77,112,8,20,55,5,7,71" hai3="72,127,70,35,51,4,94,38,79,66,62,122,124"/><W46/><G35/><T52/><D119/><N who="1" m="45611" /><E126/><N who="3" m="48170" /><G122/><T99/><D120/><U30/><E128/><V130/><F117/><W45/><G72/><T81/><D69/><U0/><E67/><V93/><F32/><W86/><G4/><N who="2" m="1609" /><F112/><W19/><G19/><T11/><D11/><N who="2" m="4138" /><F130/><W64/><G64/><T22/><REACH who="0" step="1"/><D37/><REACH who="0" ten="226,223,233,308" step="2"/><U34/><E0/><V73/><F68/><W61/><G61/><T36/><D36/><U97/><E133/><V123/><F71/><W76/><G38/><T63/><D63/><U91/><E97/><V53/><F123/><W105/><G105/><T78/><D78/><U41/><E41/><V3/><F77/><W13/><G13/><T56/><D56/><N who="1" m="32847" /><E87/><V121/><F3/><W107/><G76/><T114/><D114/><U29/><E29/><V90/><F73/><W96/><G79/><T48/><D48/><U42/><E42/><V98/><F121/><W74/><G74/><T1/><D1/><U108/><E108/><V15/><F15/><W106/><G70/><T102/><AGARI ba="0,1" hai="22,23,47,50,52,80,81,83,95,99,102,132,134,135" machi="102" ten="40,8000,1" yaku="1,1,0,1,20,1,54,1,53,0" doraHai="2" doraHaiUra="6" who="0" fromWho="0" sc="226,90,223,-20,233,-20,308,-40" /><INIT seed="4,0,0,4,1,72" ten="316,203,213,268" oya="0" hai0="45,94,121,37,102,132,40,50,124,119,108,79,135" hai1="39,5,64,122,112,84,31,83,80,21,88,69,32" hai2="33,110,18,34,25,6,53,44,15,4,107,8,65" hai3="28,17,99,116,24,68,89,49,27,41,1,73,9"/><T105/><D105/><U81/><E122/><V30/><F53/><W127/><G68/><T58/><D121/><U125/><E39/><V62/><F44/><W0/><G116/><T101/><D119/><U26/><E125/><V86/><F110/><W103/><G73/><T10/><D124/><U23/><E112/><V109/><F109/><W111/><G111/><T11/><D108/><U126/><E126/><V133/><F86/><W106/><G127/><T96/><D102/><U51/><E5/><N who="2" m="2155" /><F107/><W95/><G41/><T35/><D35/><N who="2" m="13322" /><F62/><W29/><G49/><T48/><D48/><U19/><E32/><N who="2" m="20559" /><F65/><W12/><G28/><T123/><D123/><U115/><E115/><V117/><F117/><W59/><G59/><T2/><D58/><U74/><E74/><V97/><F97/><W36/><G36/><T47/><D47/><U129/><E64/><V67/><F67/><W66/><G66/><T85/><D50/><U77/><E69/><V14/><F133/><N who="0" m="51274" /><D85/><U130/><E51/><V93/><F93/><W56/><G56/><T92/><D92/><U91/><E83/><V87/><F87/><W13/><G106/><T118/><D118/><U134/><E134/><V78/><F78/><W114/><G103/><T57/><D79/><U61/><E61/><V63/><F63/><W55/><G114/><T71/><D71/><U22/><E81/><V113/><F113/><W90/><G90/><T128/><D57/><U100/><E100/><V38/><F38/><W16/><G95/><T104/><D37/><U42/><E91/><V70/><F70/><W60/><G60/><RYUUKYOKU ba="0,0" sc="316,-10,203,-10,213,30,268,-10" hai2="8,14,15,18" /><INIT seed="5,1,0,2,5,3" ten="306,193,243,258" oya="1" hai0="80,33,102,84,96,94,2,76,38,101,29,89,13" hai1="132,40,4,90,107,55,120,21,19,36,74,44,67" hai2="119,121,82,117,85,35,59,49,126,28,22,47,32" hai3="88,23,113,20,114,129,54,81,110,69,58,15,86"/><U134/><E120/><V66/><F121/><W42/><G69/><T16/><D2/><U70/><E107/><V18/><F126/><W135/><G110/><T68/><D38/><U116/><E116/><V78/><F32/><W57/><G42/><T37/><D37/><U12/><E74/><V26/><F59/><W95/><G129/><T24/><REACH who="0" step="1"/><D68/><REACH who="0" ten="296,193,243,258" step="2"/><U9/><E70/><V123/><F123/><W91/><G135/><T127/><D127/><U5/><E67/><V109/><F66/><W51/><G58/><T133/><D133/><N who="1" m="51307" /><E55/><V10/><F109/><W87/><REACH who="3" step="1"/><G20/><AGARI ba="1,1" hai="13,16,20,24,29,33,76,80,84,89,94,96,101,102" machi="20" ten="30,3900,0" yaku="1,1,7,1,54,1,53,0" doraHai="3" doraHaiUra="112" who="0" fromWho="3" sc="296,52,193,0,243,0,258,-42" /><INIT seed="6,0,0,5,0,25" ten="348,193,243,216" oya="2" hai0="18,102,54,70,82,40,47,104,22,20,77,95,36" hai1="41,60,112,9,132,51,108,42,28,3,24,84,120" hai2="46,4,8,72,134,45,114,53,117,100,63,98,31" hai3="37,67,103,79,74,64,19,80,99,101,92,39,88"/><V55/><F117/><W61/><G64/><T131/><D70/><U56/><E108/><V30/><F72/><W33/><G33/><T16/><D104/><U97/><E112/><V93/><F134/><W128/><G128/><T73/><D131/><U49/><E132/><V105/><F114/><W83/><G19/><T121/><D121/><U38/><E120/><V91/><F105/><W69/><REACH who="3" step="1"/><G80/><REACH who="3" ten="348,193,243,206" step="2"/><T65/><D18/><U68/><E68/><V76/><F76/><W130/><G130/><T125/><D16/><U12/><E38/><AGARI ba="0,1" hai="37,38,39,61,67,69,74,79,83,88,92,99,101,103" machi="38" ten="40,2600,0" yaku="1,1,54,1,53,0" doraHai="25" doraHaiUra="15" who="3" fromWho="1" sc="348,0,193,-26,243,0,206,36" /><INIT seed="7,0,0,1,4,39" ten="348,167,243,242" oya="3" hai0="46,33,121,120,119,31,69,84,23,68,30,6,11" hai1="21,91,19,116,34,134,95,53,59,9,106,32,125" hai2="0,65,80,55,24,62,2,56,15,78,135,17,71" hai3="70,107,87,18,97,104,94,54,88,79,20,105,129"/><W57/><G70/><T14/><D119/><U44/><E116/><V5/><F24/><W58/><G129/><T83/><D31/><U72/><E125/><V51/><F5/><W93/><G79/><T118/><D118/><U89/><E134/><V36/><F135/><W3/><G3/><N who="0" m="479" /><D46/><U76/><E106/><V28/><F28/><W102/><REACH who="3" step="1"/><G54/><REACH who="3" ten="348,167,243,232" step="2"/><T42/><D68/><U100/><E76/><V41/><F78/><W132/><G132/><T81/><D69/><U86/><E72/><V90/><F2/><W126/><G126/><T45/><D121/><U16/><E32/><V38/><F0/><W37/><G37/><T123/><D123/><U7/><E34/><V99/><F38/><W128/><G128/><T67/><D67/><U4/><E100/><V22/><F36/><W112/><G112/><T103/><D103/><U1/><E91/><V113/><F113/><W124/><G124/><T133/><D120/><U43/><E4/><V92/><F41/><W8/><G8/><T82/><D42/><U110/><E110/><V52/><F55/><W35/><G35/><T96/><D133/><U115/><E115/><V66/><F66/><W74/><G74/><T85/><D33/><U29/><E21/><V75/><F75/><W101/><G101/><T127/><D23/><U64/><E64/><V48/><F90/><W26/><AGARI ba="0,1" hai="18,20,26,57,58,87,88,93,94,97,102,104,105,107" machi="26" ten="30,6000,0" yaku="1,1,0,1,54,1,53,0" doraHai="39" doraHaiUra="10" who="3" fromWho="3" sc="348,-20,167,-20,243,-20,232,70" /><INIT seed="7,1,0,1,3,129" ten="328,147,223,302" oya="3" hai0="126,88,85,117,71,13,70,60,57,0,122,120,78" hai1="22,102,103,128,26,28,116,2,92,96,73,53,110" hai2="86,21,11,63,19,20,65,12,69,54,18,133,37" hai3="97,130,127,132,79,17,61,125,4,44,82,67,68"/><W121/><G121/><T59/><D0/><U94/><E110/><V74/><F74/><W49/><G130/><T35/><D35/><U38/><E128/><V50/><F37/><W16/><G4/><T3/><D3/><U108/><E108/><V81/><F18/><W43/><G97/><T10/><D78/><U115/><E115/><V106/><F106/><W47/><G47/><T131/><D117/><U62/><E116/><V7/><F7/><W14/><G132/><T9/><D131/><U15/><E73/><V51/><F51/><W40/><G40/><T99/><D99/><U114/><E114/><V101/><F101/><W55/><G43/><T39/><D39/><U109/><E2/><V24/><F24/><W113/><G113/><T111/><D111/><U98/><E109/><V25/><F25/><W30/><G30/><T118/><D118/><U66/><E38/><V33/><F33/><W1/><G1/><T72/><D72/><U107/><E107/><V83/><F83/><W90/><G90/><T5/><D10/><U95/><E95/><V6/><F133/><W80/><G17/><T77/><D77/><U27/><E27/><V45/><F6/><W112/><G112/><T31/><D31/><U36/><E36/><V48/><F48/><W119/><G119/><T91/><D91/><AGARI ba="1,0" hai="11,12,19,20,21,45,50,54,63,65,69,81,86,91" machi="91" ten="30,3900,0" yaku="7,1,25,2" doraHai="129" who="2" fromWho="0" sc="328,-42,147,0,223,42,302,0" owari="286,8.6,147,-35.3,265,-13.5,302,40.2" /></mjloggm>