<mjloggm ver="2.3"><GO type="169" lobby="0"/><UN n0="%E3%82%B5%E3%83%95%E3%82%A9%E3%83%BC%E3%82%AF%E3%81%AE%E7%94%BA" n1="%6D%73%E3%82%80%E3%83%BC%E3%81%95%E3%82%93" n2="%E3%81%86%E3%81%A9%E3%82%93%E3%81%93" n3="%53%63%61%6E%64%61%6C" dan="16,17,16,16" rate="2157.81,2154.09,2109.28,2133.82" sx="M,F,M,M"/><TAIKYOKU oya="0"/><INIT seed="0,0,0,4,0,31" ten="250,250,250,250" oya="0" hai0="123,17,102,9,99,0,3,14,76,48,106,53,128" hai1="64,67,90,116,25,126,35,65,60,84,74,20,66" hai2="125,112,79,36,135,63,10,29,120,18,114,7,73" hai3="122,101,33,115,23,80,124,91,54,92,30,134,6"/><T71/><D71/><U87/><E116/><V46/><F120/><W98/><G115/><T21/><D123/><U26/><E74/><V51/><F135/><W100/><G134/><T19/><D76/><U93/><E126/><V95/><F18/><W11/><G124/><T72/><D72/><U83/><E35/><V68/><F125/><W32/><G122/><T45/><REACH who="0" step="1"/><D128/><REACH who="0" ten="240,250,250,250" step="2"/><U8/><E8/><V70/><F79/><W108/><G108/><T75/><D75/><U94/><E64/><V113/><F73/><W22/><G101/><T38/><D38/><U81/><E65/><V37/><F37/><W110/><G110/><T104/><D104/><U62/><REACH who="1" step="1"/><E20/><REACH who="1" ten="240,240,250,250" step="2"/><V103/><F113/><W12/><G23/><T24/><AGARI ba="0,2" hai="0,3,9,14,17,19,21,24,45,48,53,99,102,106" machi="24" ten="20,7800,0" yaku="1,1,0,1,7,1,53,1" doraHai="31" doraHaiUra="44" who="0" fromWho="0" sc="240,98,240,-26,250,-26,250,-26" /><INIT seed="0,1,0,2,4,134" ten="338,214,224,224" oya="0" hai0="21,12,31,9,2,25,102,34,45,56,86,132,43" hai1="20,113,32,16,87,41,30,42,120,44,97,17,65" hai2="49,129,99,64,81,18,47,94,112,66,107,55,40" hai3="29,59,70,52,93,85,24,22,96,50,101,68,90"/><T110/><D132/><U135/><E135/><V61/><F112/><W127/><REACH who="3" step="1"/><G127/><REACH who="3" ten="338,214,224,214" step="2"/><T92/><D110/><U125/><E125/><V0/><F129/><W62/><G62/><T98/><D2/><U130/><E130/><V88/><F0/><W77/><G77/><T133/><D133/><U118/><E113/><V23/><F107/><AGARI ba="1,1" hai="22,24,29,50,52,59,68,70,85,90,93,96,101,107" machi="107" ten="30,7700,0" yaku="21,2,7,1,54,1,53,0" doraHai="134" doraHaiUra="76" who="3" fromWho="2" sc="338,0,214,0,224,-80,214,90" /><INIT seed="1,0,0,1,5,99" ten="338,214,144,304" oya="1" hai0="20,69,9,38,92,77,65,87,14,79,95,39,128" hai1="72,10,126,17,37,130,103,104,35,84,61,135,44" hai2="19,89,83,26,121,0,34,94,56,42,33,36,133" hai3="131,117,46,30,23,120,123,24,93,113,71,27,54"/><U106/><E72/><V96/><F121/><W3/><G71/><T115/><D115/><U107/><E35/><V85/><F0/><W124/><G93/><T50/><D128/><U31/><E31/><V134/><F56/><W76/><G46/><T129/><D129/><U111/><E130/><V52/><F42/><W98/><G98/><T118/><D20/><U53/><E84/><V48/><F36/><W32/><G54/><T82/><D79/><U28/><E28/><V102/><F19/><W40/><G76/><T127/><D127/><U75/><E75/><V101/><F26/><W68/><G40/><T16/><D50/><U70/><E37/><V58/><REACH who="2" step="1"/><F101/><REACH who="2" ten="338,214,134,304" step="2"/><W25/><G123/><T41/><D41/><U57/><E103/><V81/><F81/><W60/><G120/><T59/><D59/><U29/><E29/><V18/><F18/><W4/><G27/><T109/><D39/><U51/><E17/><V2/><F2/><W122/><G3/><T49/><D38/><U74/><E57/><V88/><F88/><W78/><G30/><T1/><D1/><U86/><E44/><V132/><AGARI ba="0,1" hai="33,34,48,52,58,83,85,89,94,96,102,132,133,134" machi="132" ten="30,8000,1" yaku="1,1,0,1,20,1,52,1,54,1,53,0" doraHai="99" doraHaiUra="22" who="2" fromWho="2" sc="338,-20,214,-40,134,90,304,-20" /><INIT seed="2,0,0,2,1,85" ten="318,174,224,284" oya="2" hai0="15,3,58,16,115,121,84,21,54,69,107,1,53" hai1="128,105,6,11,19,80,117,63,126,26,127,98,96" hai2="95,109,65,38,36,10,83,60,86,130,135,81,34" hai3="44,108,77,66,46,59,29,52,106,20,129,79,111"/><V101/><F130/><W72/><G106/><T62/><D121/><U39/><E117/><V125/><F135/><W123/><G123/><T71/><D115/><U103/><E128/><V67/><F34/><W132/><G66/><T99/><D53/><U30/><E39/><V90/><F125/><N who="1" m="47625" /><E19/><V14/><F109/><W68/><G68/><T102/><REACH who="0" step="1"/><D84/><REACH who="0" ten="308,174,224,284" step="2"/><U88/><E63/><V55/><F55/><W8/><G52/><T25/><D25/><U100/><E26/><V92/><F67/><W74/><G111/><T120/><D120/><U116/><E116/><V57/><F83/><W113/><G108/><T87/><D87/><N who="1" m="50279" /><E30/><V47/><F47/><W48/><G46/><T40/><D40/><U33/><E33/><V17/><REACH who="2" step="1"/><F81/><REACH who="2" ten="308,174,214,284" step="2"/><N who="3" m="45223" /><G44/><T82/><D82/><U104/><E6/><V94/><F94/><W70/><G129/><T37/><D37/><U131/><E131/><V112/><F112/><W7/><G113/><T27/><D27/><U133/><E133/><V43/><F43/><W50/><G132/><T49/><D49/><U64/><E64/><V13/><F13/><W24/><G50/><T35/><D35/><U51/><E51/><V42/><F42/><W18/><G48/><T22/><D22/><U61/><E61/><V5/><F5/><W2/><G7/><T134/><D134/><U89/><E11/><V31/><F31/><W93/><G29/><T118/><D118/><U73/><E73/><V114/><F114/><W76/><G74/><T97/><D97/><AGARI ba="0,2" hai="10,14,17,36,38,57,60,65,86,90,92,95,97,101" machi="97" ten="40,3900,0" yaku="1,1,52,1,53,0" doraHai="85" doraHaiUra="45" who="2" fromWho="0" sc="308,-39,174,0,214,59,284,0" /><INIT seed="2,1,0,3,3,4" ten="269,174,273,284" oya="2" hai0="55,59,10,99,42,37,45,53,24,84,101,28,11" hai1="62,35,91,107,129,46,68,77,12,110,75,49,38" hai2="43,20,34,122,26,86,60,98,44,54,134,8,114" hai3="25,30,124,69,80,128,118,89,88,103,126,3,16"/><V19/><F114/><W23/><G69/><T74/><D74/><U1/><E12/><V81/><F134/><W120/><G118/><T33/><D84/><U90/><E90/><N who="3" m="34922" /><G120/><T7/><D7/><U109/><E91/><V132/><F132/><W72/><G103/><T29/><D29/><U65/><E49/><N who="2" m="26783" /><F34/><W121/><G3/><T21/><D55/><U119/><E62/><V93/><F122/><W133/><G121/><T116/><D33/><U64/><E46/><V96/><F93/><W105/><G105/><T94/><REACH who="0" step="1"/><D116/><REACH who="0" ten="259,174,273,284" step="2"/><U79/><E35/><V67/><F54/><W22/><G72/><T85/><D85/><U135/><E75/><V57/><F86/><W61/><G30/><T82/><D82/><U125/><E119/><V111/><F81/><W32/><G80/><T100/><D100/><U6/><E135/><V130/><F130/><W9/><G128/><T47/><D47/><U14/><E6/><V15/><F111/><W41/><G133/><T106/><D106/><U31/><E107/><V104/><F104/><W97/><G32/><T71/><D71/><U83/><E129/><V2/><F2/><W63/><G61/><AGARI ba="1,1" hai="10,11,21,24,28,37,42,45,53,59,61,94,99,101" machi="61" ten="30,8000,1" yaku="1,1,7,1,52,2,53,1" doraHai="4" doraHaiUra="39" who="0" fromWho="3" sc="259,93,174,0,273,0,284,-83" /><INIT seed="3,0,0,0,3,33" ten="352,174,273,201" oya="3" hai0="5,3,120,66,7,68,57,2,78,72,97,116,14" hai1="103,75,30,20,1,27,130,45,0,77,111,83,74" hai2="47,6,34,71,102,31,85,43,80,62,24,122,87" hai3="117,109,129,105,26,79,60,25,23,17,18,124,59"/><W46/><G117/><T114/><D116/><U10/><E111/><V119/><F119/><W21/><G109/><T81/><D120/><U15/><E130/><V127/><F122/><W104/><G129/><T50/><D68/><U92/><E75/><V128/><F128/><W88/><G124/><T13/><D114/><U70/><E70/><V69/><F127/><W91/><G79/><T55/><D66/><U32/><E32/><V98/><F6/><W73/><G46/><T48/><D48/><U123/><E123/><V131/><F131/><W106/><REACH who="3" step="1"/><G73/><REACH who="3" ten="352,174,273,191" step="2"/><T58/><D78/><U108/><E108/><V89/><F47/><W95/><G95/><T29/><D72/><U82/><E82/><V133/><F80/><W54/><AGARI ba="0,1" hai="17,18,21,23,25,26,54,59,60,88,91,104,105,106" machi="54" ten="30,11700,0" yaku="1,1,0,1,9,1,54,1,53,0" doraHai="33" doraHaiUra="67" who="3" fromWho="3" sc="352,-39,174,-39,273,-39,191,127" /><INIT seed="3,1,0,3,4,79" ten="313,135,234,318" oya="3" hai0="25,93,114,62,21,8,124,49,30,118,116,33,73" hai1="95,31,85,70,23,102,113,60,2,117,92,38,1" hai2="101,100,132,84,20,127,135,46,11,48,129,10,126" hai3="98,112,78,76,68,3,40,56,39,108,50,19,77"/><W74/><G68/><T7/><D73/><U43/><E113/><V58/><F58/><W105/><G112/><T42/><D114/><U81/><E117/><V14/><F48/><W94/><G105/><T69/><D124/><N who="2" m="47658" /><F46/><W107/><G107/><T106/><D106/><U90/><E38/><V91/><F20/><W99/><G3/><T54/><D33/><U82/><E43/><V131/><F11/><W18/><G108/><T75/><D75/><U47/><E47/><V61/><F61/><W17/><G74/><T15/><D42/><U12/><E1/><V120/><F14/><W6/><G6/><T35/><D93/><U29/><E2/><V86/><F10/><W123/><G123/><T34/><D34/><U66/><E29/><V89/><F120/><W13/><G39/><T115/><D115/><U133/><E133/><N who="2" m="51275" /><F89/><W122/><G122/><T111/><D35/><U44/><E44/><V37/><F37/><W27/><G56/><T41/><D41/><U5/><E5/><V57/><F57/><W121/><G13/><T110/><D49/><U22/><E23/><V67/><F67/><W55/><G121/><T59/><REACH who="0" step="1"/><D69/><REACH who="0" ten="303,135,234,318" step="2"/><U80/><E31/><V52/><F52/><W97/><G55/><T72/><D72/><U51/><E51/><V119/><F119/><AGARI ba="1,1" hai="7,8,15,21,25,30,54,59,62,110,111,116,118,119" machi="119" ten="40,1300,0" yaku="1,1,53,0" doraHai="79" doraHaiUra="87" who="0" fromWho="2" sc="303,26,135,0,234,-16,318,0" /><INIT seed="4,0,0,5,0,23" ten="329,135,218,318" oya="0" hai0="8,38,110,122,86,14,88,10,99,39,21,121,129" hai1="100,59,13,125,112,28,61,82,70,41,40,90,93" hai2="3,101,133,48,56,26,81,109,2,17,4,63,42" hai3="78,54,15,75,120,65,29,19,7,115,106,71,57"/><T84/><D129/><U34/><E125/><V130/><F109/><W89/><G106/><T43/><D110/><U135/><E135/><V6/><F133/><W79/><G7/><T60/><D60/><U33/><E70/><V30/><F130/><W123/><G75/><T114/><D114/><U119/><E119/><V118/><F118/><W92/><G71/><T31/><D99/><U22/><E112/><V45/><F101/><W16/><G65/><T96/><D96/><U124/><E124/><V127/><F127/><W68/><G68/><T80/><D8/><U104/><E104/><V47/><F17/><W35/><G19/><T107/><D107/><U103/><E33/><V50/><F81/><W85/><G115/><T111/><D111/><U49/><E34/><V0/><F56/><W98/><G98/><T94/><D43/><N who="1" m="16459" /><E82/><V52/><REACH who="2" step="1"/><F63/><REACH who="2" ten="329,135,208,318" step="2"/><N who="3" m="36279" /><G123/><T37/><D121/><U27/><E61/><V64/><F64/><W108/><G120/><T95/><D122/><U76/><E59/><V66/><F66/><W73/><G108/><T32/><D80/><U91/><E103/><V58/><F58/><W132/><G132/><T105/><D105/><U87/><E100/><V62/><F62/><W126/><G126/><T46/><D95/><U102/><E102/><V1/><N who="2" m="0" /><DORA hai="117" /><V131/><F131/><W77/><G16/><T113/><D113/><U74/><E93/><V53/><F53/><W128/><G128/><T24/><D94/><U12/><E28/><V11/><F11/><W20/><G92/><N who="0" m="54279" /><D31/><U25/><E74/><V36/><F36/><W51/><G73/><RYUUKYOKU ba="0,1" sc="329,-10,135,-10,208,30,318,-10" hai2="4,6,26,30,42,45,47,48,50,52" /><INIT seed="5,1,1,0,1,2" ten="319,125,238,308" oya="1" hai0="65,21,127,97,47,60,3,119,4,132,0,56,72" hai1="79,81,34,43,129,66,121,29,41,130,22,24,9" hai2="125,46,88,115,107,77,80,70,103,86,90,64,133" hai3="95,8,84,93,110,82,73,51,28,5,106,131,16"/><U114/><E121/><V54/><F64/><W111/><G106/><T30/><D119/><U63/><E114/><V67/><F67/><W52/><G73/><T32/><D72/><U89/><E89/><V11/><F70/><W33/><G131/><N who="1" m="50186" /><E9/><V122/><F122/><W57/><G33/><T1/><D132/><U40/><E34/><V109/><F109/><W27/><G28/><T19/><D127/><U76/><E81/><V14/><F133/><W99/><G111/><T53/><D97/><U39/><E39/><V78/><F125/><W92/><G110/><T101/><D101/><U75/><E75/><V91/><F78/><N who="3" m="46167" /><G99/><T120/><D120/><U50/><E50/><N who="2" m="29015" /><F107/><W17/><G27/><T102/><D102/><U74/><E74/><V135/><F135/><W48/><G48/><T85/><D85/><U62/><E62/><V31/><F115/><W98/><G98/><T83/><D83/><U25/><E25/><V94/><F31/><W71/><G71/><AGARI ba="1,1" hai="22,24,29,40,41,43,63,66,71,76,79" m="50186" machi="71" ten="30,1500,0" yaku="19,1" doraHai="2" who="1" fromWho="3" sc="319,0,125,28,238,0,308,-18" /><INIT seed="5,2,0,5,0,105" ten="319,153,238,290" oya="1" hai0="89,78,92,0,58,47,133,49,3,120,67,96,98" hai1="7,77,68,61,1,8,86,50,37,26,42,60,33" hai2="23,62,71,134,112,118,56,6,16,12,126,114,130" hai3="121,131,73,40,14,5,13,103,125,83,45,31,74"/><U88/><E37/><V65/><F118/><W76/><G121/><T15/><D120/><U48/><E77/><V129/><F6/><W24/><G131/><N who="2" m="50185" /><F134/><W108/><G125/><T22/><D133/><U102/><E102/><V17/><F126/><W59/><G108/><T27/><D15/><U66/><E42/><V79/><F79/><W43/><G59/><T113/><D113/><N who="2" m="43626" /><F17/><W84/><G103/><T94/><D58/><AGARI ba="2,0" hai="12,16,23,56,58,62,65,71" m="43626,50185" machi="58" ten="30,7700,0" yaku="19,1,15,1,11,1,54,1" doraHai="105" who="2" fromWho="0" sc="319,-83,153,0,238,83,290,0" /><INIT seed="6,0,0,3,3,123" ten="236,153,321,290" oya="2" hai0="9,15,100,11,92,135,108,79,36,110,37,111,22" hai1="40,112,85,114,88,77,113,109,134,54,120,104,44" hai2="84,3,125,1,12,55,32,83,87,56,70,26,119" hai3="28,122,52,41,0,39,71,94,45,103,10,132,8"/><V65/><F119/><W81/><G122/><T102/><D79/><U91/><E120/><V42/><F42/><W6/><BYE who="2" /><G71/><T67/><D67/><U89/><E134/><V116/><F116/><W73/><G132/><UN n2="%E3%81%86%E3%81%A9%E3%82%93%E3%81%93" /><T68/><D135/><U124/><E124/><V47/><F125/><W130/><G28/><T16/><D68/><U2/><E2/><V66/><F47/><W38/><G38/><T62/><D62/><U48/><E104/><V4/><F70/><W34/><G34/><T106/><D106/><U61/><E109/><V80/><F12/><W72/><G10/><T76/><D76/><U49/><E61/><V90/><F32/><W126/><G130/><T74/><D74/><U75/><E75/><V99/><F99/><W14/><G14/><T127/><D127/><U57/><REACH who="1" step="1"/><E77/><REACH who="1" ten="236,143,321,290" step="2"/><V101/><F3/><W46/><G73/><T93/><D9/><U58/><E58/><V121/><F56/><W20/><G72/><T33/><D11/><U51/><E51/><V35/><F1/><W59/><G0/><T98/><D33/><U27/><E27/><V117/><F117/><W25/><G25/><T69/><D69/><U105/><E105/><V29/><F121/><W95/><G126/><T43/><D43/><U53/><E53/><V133/><F55/><W97/><G52/><T24/><D24/><U7/><E7/><V23/><F133/><W18/><G6/><T78/><D78/><U131/><E131/><V96/><F4/><W5/><G5/><T50/><D50/><U60/><E60/><V82/><F35/><W13/><G59/><RYUUKYOKU ba="0,1" sc="236,15,143,15,321,-15,290,-15" hai0="15,16,22,36,37,92,93,98,100,102,108,110,111" hai1="40,44,48,49,54,57,85,88,89,91,112,113,114" /><INIT seed="7,1,1,0,0,28" ten="251,158,306,275" oya="3" hai0="5,119,120,14,135,121,107,96,98,86,9,2,15" hai1="35,7,111,87,134,117,49,81,91,54,38,52,124" hai2="21,3,110,76,25,118,108,90,129,64,44,130,30" hai3="68,116,51,12,132,127,47,37,45,75,18,20,78"/><W33/><G116/><T27/><D119/><U19/><E117/><V56/><F118/><RYUUKYOKU type="kaze4" ba="1,1" sc="251,0,158,0,306,0,275,0" /><INIT seed="7,2,1,0,0,107" ten="251,158,306,275" oya="3" hai0="28,132,84,13,121,40,114,134,133,120,131,73,24" hai1="116,50,110,54,27,124,76,3,85,33,115,23,103" hai2="25,49,100,122,44,55,15,74,88,72,109,57,22" hai3="29,47,30,65,21,32,123,19,58,77,60,113,112"/><W45/><G123/><N who="0" m="47179" /><D84/><U6/><E110/><V71/><F71/><W48/><G77/><T64/><D64/><U68/><E68/><V128/><F109/><W2/><G2/><T127/><D40/><U62/><E33/><V102/><F122/><W129/><G129/><T10/><D73/><U69/><E103/><V35/><F74/><W108/><G108/><T95/><D95/><U42/><E42/><V89/><F72/><W46/><G48/><T83/><D83/><U43/><E43/><N who="2" m="24735" /><F35/><W9/><G9/><T130/><D127/><U82/><E124/><V90/><F15/><N who="3" m="9471" /><G32/><N who="0" m="20487" /><D114/><AGARI ba="2,1" hai="29,30,45,46,47,58,60,65,112,113,114" m="9471" machi="114" ten="30,1500,0" yaku="15,1" doraHai="107" who="3" fromWho="0" sc="251,-21,158,0,306,0,275,31" /><INIT seed="7,3,0,1,5,111" ten="230,158,306,306" oya="3" hai0="50,97,135,117,2,70,78,86,126,96,125,91,72" hai1="131,19,83,29,4,30,55,62,102,0,106,105,68" hai2="71,10,42,47,43,49,59,101,40,133,67,41,27" hai3="24,22,90,21,74,79,93,20,119,14,44,127,11"/><W9/><G119/><T108/><D2/><U3/><E131/><V34/><F133/><W7/><G127/><N who="0" m="48651" /><D70/><U123/><E123/><V82/><F101/><W118/><G118/><T12/><D12/><U15/><E0/><V54/><F10/><N who="3" m="4447" /><G74/><T84/><D50/><U115/><E115/><V110/><F110/><W129/><G79/><T100/><D117/><U65/><E55/><V45/><F82/><W103/><G103/><T121/><D108/><U37/><E37/><N who="2" m="21647" /><F34/><W32/><G32/><T92/><D121/><U80/><E80/><V112/><F27/><W116/><G129/><T39/><D39/><U17/><E17/><V75/><F75/><W134/><G134/><T124/><N who="0" m="48659" /><T89/><DORA hai="57" /><D135/><U28/><E83/><V88/><F88/><N who="0" m="33866" /><D96/><U38/><E38/><N who="2" m="21943" /><F112/><W16/><G44/><T8/><D8/><N who="3" m="3145" /><G116/><T51/><D51/><U76/><E3/><V64/><F64/><W6/><G6/><T87/><D72/><U56/><E4/><V26/><F26/><W77/><G77/><AGARI ba="3,0" hai="77,78,84,86,87,92,97,100" m="33866,48659" machi="77" ten="50,8000,1" yaku="18,1,34,2,54,1" doraHai="111,57" who="0" fromWho="3" sc="230,89,158,0,306,0,306,-89" owari="319,41.9,158,-34.2,306,10.6,217,-18.3" /></mjloggm>