<mjloggm ver="2.3"><GO type="169" lobby="0"/><UN n0="%E9%9B%B2%E3%81%AE%E3%83%95%E3%83%89%E3%82%A6" n1="%4D%E6%9C%AC" n2="%E3%82%89%E3%81%84%E3%81%82%E3%82%93%E3%81%98%E3%82%83%E3%82%93" n3="%59%75%49%74%6F" dan="16,18,16,16" rate="2080.38,2225.94,2095.10,2044.24" sx="M,M,M,M"/><TAIKYOKU oya="0"/><INIT seed="0,0,0,1,0,55" ten="250,250,250,250" oya="0" hai0="123,64,41,70,92,73,124,46,0,112,23,47,30" hai1="93,7,31,67,104,42,16,25,77,33,62,51,129" hai2="65,1,13,127,78,54,89,107,29,87,2,57,40" hai3="36,119,130,95,76,9,83,101,90,43,3,118,100"/><T106/><D112/><U88/><E104/><V126/><F107/><W105/><G130/><T115/><D115/><U120/><E129/><V74/><F40/><W60/><G60/><T10/><D123/><U96/><E120/><V98/><F29/><W58/><G36/><T134/><D106/><U20/><E7/><V82/><F98/><W19/><G43/><T72/><D92/><U122/><E122/><V102/><F102/><W48/><G101/><T14/><D0/><U117/><E77/><V50/><F65/><W81/><G100/><T28/><D47/><U37/><E37/><V49/><F13/><W59/><G48/><T84/><D84/><U11/><E11/><V44/><F44/><W109/><G105/><T4/><D134/><U94/><E94/><N who="2" m="54591" /><F49/><W75/><G83/><T114/><D114/><U22/><E117/><V91/><F91/><W111/><G119/><T131/><D131/><U135/><E135/><V110/><F110/><N who="3" m="41995" /><G118/><T79/><D64/><U8/><E8/><V38/><F38/><W32/><G32/><T116/><D116/><U39/><E39/><V17/><F17/><W128/><G128/><T85/><D30/><U5/><E5/><V99/><F99/><N who="3" m="57847" /><G19/><T35/><D35/><U108/><E108/><V34/><F34/><W61/><G61/><T69/><D28/><U26/><E33/><V103/><F103/><W132/><G132/><T18/><D4/><AGARI ba="0,0" hai="3,4,9,58,59,75,76,81" m="57847,41995" machi="4" ten="30,3900,0" yaku="14,1,52,2" doraHai="55" who="3" fromWho="0" sc="250,-39,250,0,250,0,250,39" /><INIT seed="1,0,0,3,0,14" ten="211,250,250,289" oya="1" hai0="34,109,103,54,57,119,105,48,24,88,121,102,112" hai1="7,26,90,46,71,6,122,16,99,95,50,35,65" hai2="104,125,2,129,87,20,23,0,8,113,17,27,100" hai3="5,106,37,69,47,25,63,116,86,15,33,53,91"/><U117/><E117/><V56/><F129/><W9/><G106/><T131/><D119/><U83/><E122/><V62/><F125/><W12/><G116/><T41/><D112/><U36/><E36/><V29/><F113/><W123/><G69/><T111/><D121/><U49/><E35/><V3/><F104/><W32/><G25/><T51/><D131/><U28/><E28/><V135/><F135/><W40/><G123/><T58/><D105/><U97/><E50/><V66/><F100/><W55/><G15/><T89/><D41/><U81/><E99/><V76/><F8/><W127/><G127/><T11/><D11/><U132/><E132/><V44/><F44/><W80/><G55/><T77/><D54/><N who="1" m="30007" /><E65/><V13/><REACH who="2" step="1"/><F0/><REACH who="2" ten="211,250,240,289" step="2"/><W1/><G1/><T61/><D34/><U72/><E72/><V64/><F64/><W19/><REACH who="3" step="1"/><G5/><REACH who="3" ten="211,250,240,279" step="2"/><N who="1" m="1546" /><E71/><V74/><F74/><W22/><G22/><AGARI ba="0,2" hai="16,22,26,81,83,90,95,97" m="1546,30007" machi="22" ten="30,5800,0" yaku="8,1,52,1,54,1" doraHai="14" who="1" fromWho="3" sc="211,0,250,78,240,0,279,-58" /><INIT seed="1,1,0,4,2,122" ten="211,328,240,221" oya="1" hai0="135,35,77,84,3,10,21,39,121,64,102,43,93" hai1="42,11,106,78,57,85,133,19,54,26,126,128,60" hai2="124,41,69,131,14,99,56,12,92,61,101,95,36" hai3="118,89,58,129,9,116,7,76,40,2,31,62,48"/><U74/><E74/><V47/><F131/><W72/><G129/><T8/><D121/><U73/><E73/><V65/><F124/><W13/><G31/><T91/><D35/><U59/><E128/><V80/><F80/><W88/><G2/><T50/><D135/><U71/><E106/><V5/><F5/><W33/><G33/><T83/><D39/><U4/><E133/><V130/><F130/><W38/><G38/><T90/><D64/><U123/><E123/><V94/><REACH who="2" step="1"/><F69/><REACH who="2" ten="211,328,230,221" step="2"/><W70/><G70/><T127/><D127/><U53/><E71/><V108/><F108/><W18/><G7/><T67/><D3/><U24/><E126/><V82/><F82/><W75/><G72/><T111/><D111/><U107/><E4/><V117/><F117/><N who="3" m="45163" /><G76/><T44/><D77/><U29/><E78/><V115/><F115/><W51/><G75/><T34/><D83/><U79/><E79/><V81/><F81/><W49/><G40/><T96/><D43/><U68/><E42/><V103/><F103/><W86/><G86/><T30/><D102/><U97/><E85/><V0/><F0/><W113/><G113/><T17/><D84/><U66/><E68/><V46/><F46/><W32/><G32/><T87/><D44/><U28/><E97/><V16/><F16/><W109/><G109/><T100/><D17/><U98/><E19/><V37/><F37/><W25/><G18/><T23/><D34/><U132/><E132/><V15/><AGARI ba="1,1" hai="12,14,15,36,41,47,56,61,65,92,94,95,99,101" machi="15" ten="30,2000,0" yaku="1,1,0,1,53,0" doraHai="122" doraHaiUra="105" who="2" fromWho="2" sc="211,-6,328,-11,230,33,221,-6" /><INIT seed="2,0,0,5,1,32" ten="205,317,263,215" oya="2" hai0="46,18,85,124,64,135,66,70,102,67,61,1,40" hai1="88,69,38,43,83,14,27,82,121,45,79,41,36" hai2="100,92,19,60,25,84,52,117,130,59,24,22,58" hai3="131,37,132,128,80,68,15,42,9,107,126,47,87"/><V134/><F130/><N who="3" m="49707" /><G68/><T44/><D135/><U54/><E121/><V91/><F117/><W71/><G71/><T50/><D124/><U53/><E69/><V125/><F125/><W31/><G126/><T30/><D30/><U78/><E27/><V90/><F134/><W106/><G31/><T49/><D102/><U93/><E14/><V2/><F2/><W8/><G132/><T17/><D85/><U21/><E21/><V99/><F25/><W89/><G9/><T129/><D129/><U133/><E133/><V29/><F29/><W96/><G96/><T51/><D1/><U4/><E4/><AGARI ba="0,0" hai="4,8,15,37,42,47,80,87,89,106,107" m="49707" machi="4" ten="30,1000,0" yaku="19,1" doraHai="32" who="3" fromWho="1" sc="205,0,317,-10,263,0,215,10" /><INIT seed="3,0,0,4,2,58" ten="205,307,263,225" oya="3" hai0="70,89,76,93,104,120,29,32,28,5,45,97,37" hai1="14,82,135,114,109,40,81,21,92,3,94,55,50" hai2="80,110,87,77,91,33,19,41,118,44,103,18,78" hai3="25,64,10,59,35,96,46,86,48,124,74,72,102"/><W90/><G124/><T122/><D5/><U115/><E3/><V1/><F110/><W13/><G35/><T131/><D131/><U73/><E109/><V117/><F1/><W101/><G25/><T42/><D70/><U126/><E40/><V107/><F33/><W22/><G22/><T99/><D76/><U27/><E126/><V36/><F77/><W123/><G123/><T111/><D111/><U129/><E129/><V75/><F117/><W31/><G31/><T9/><D9/><U0/><E0/><V127/><F118/><W106/><G101/><T49/><D32/><U53/><E14/><V7/><F7/><W66/><G74/><T88/><D37/><U12/><E12/><V30/><F30/><W84/><G72/><T116/><D116/><U83/><E73/><V125/><F127/><W112/><G112/><T133/><D133/><U16/><E135/><V60/><F125/><W85/><G59/><T128/><D128/><U79/><E79/><V8/><F8/><W130/><G130/><T51/><D104/><U71/><E71/><V105/><F105/><W63/><G63/><T57/><D57/><U4/><E4/><V2/><F2/><W47/><G90/><T100/><D100/><U61/><E115/><V24/><F24/><W52/><REACH who="3" step="1"/><G47/><REACH who="3" ten="205,307,263,215" step="2"/><T134/><D134/><U67/><E114/><V98/><REACH who="2" step="1"/><F60/><REACH who="2" ten="205,307,253,215" step="2"/><W69/><G69/><T54/><D120/><U132/><E132/><V34/><F34/><W39/><G39/><T62/><D122/><U26/><E26/><V56/><F56/><W108/><G108/><T15/><D62/><RYUUKYOKU ba="0,2" sc="205,-15,307,-15,253,15,215,15" hai2="18,19,36,41,44,75,78,80,87,91,98,103,107" hai3="10,13,46,48,52,64,66,84,85,86,96,102,106" /><INIT seed="3,1,2,0,4,2" ten="190,292,268,230" oya="3" hai0="1,80,37,103,49,120,130,8,126,127,17,19,15" hai1="121,86,43,82,0,116,110,33,27,106,50,73,42" hai2="38,95,85,122,23,124,104,21,11,39,55,10,109" hai3="68,88,105,91,18,36,58,64,77,6,87,4,115"/><W114/><G68/><T28/><D120/><U31/><E121/><V123/><F95/><W125/><G105/><T44/><D37/><U79/><E110/><V133/><F85/><W100/><G36/><T26/><D1/><U25/><E106/><V71/><F55/><W14/><G115/><T65/><D65/><U97/><E116/><V12/><F12/><W78/><G100/><T90/><D103/><U9/><E97/><V61/><F61/><N who="3" m="37943" /><G125/><N who="0" m="47627" /><D130/><U118/><E118/><V51/><F71/><W60/><G60/><T92/><D80/><U81/><E27/><V7/><F39/><W62/><G62/><T76/><D76/><N who="3" m="29289" /><G114/><T66/><D66/><U46/><E82/><V117/><F38/><W72/><G72/><T75/><D75/><U98/><E73/><V54/><F124/><W134/><G134/><T34/><D49/><U24/><E33/><V113/><F113/><W16/><G18/><N who="0" m="8551" /><D44/><U35/><E46/><V57/><F117/><W69/><G69/><T74/><D74/><U52/><E79/><V5/><F104/><W32/><G32/><T99/><AGARI ba="1,2" hai="17,19,26,28,34,90,92,99" m="8551,47627" machi="99" ten="30,1100,0" yaku="18,1" doraHai="2" who="0" fromWho="0" sc="190,34,292,-4,268,-4,230,-6" /><INIT seed="4,0,0,5,1,114" ten="224,288,264,224" oya="0" hai0="133,16,117,68,88,77,97,46,82,9,25,74,26" hai1="57,59,18,48,80,129,102,60,109,55,3,10,107" hai2="12,49,47,127,90,50,111,1,99,29,110,14,124" hai3="72,75,6,37,2,27,63,17,0,95,22,54,115"/><T98/><D68/><U126/><E109/><V128/><F1/><W112/><G95/><T85/><D133/><U89/><E126/><N who="2" m="48171" /><F128/><W103/><G103/><T51/><D117/><U13/><E129/><V134/><F134/><W130/><G130/><T23/><D26/><U86/><E3/><N who="3" m="1066" /><G6/><T78/><D9/><U42/><E107/><V135/><F135/><W73/><G63/><T108/><D108/><U58/><E102/><V104/><F104/><W131/><G54/><T70/><D70/><U21/><REACH who="1" step="1"/><E10/><REACH who="1" ten="224,278,264,224" step="2"/><V30/><F111/><W31/><G131/><T121/><D121/><U71/><E71/><V40/><F110/><W76/><G115/><T91/><D77/><U62/><E62/><V5/><F90/><N who="0" m="34346" /><D74/><U39/><E39/><V44/><F50/><W35/><G76/><T92/><D92/><U106/><E106/><V11/><F49/><W96/><G37/><T83/><D82/><U28/><E28/><V33/><F30/><W132/><G31/><T52/><AGARI ba="0,1" hai="16,23,25,46,51,52,78,83,85,97,98" m="34346" machi="52" ten="30,11700,0" yaku="8,1,54,3" doraHai="114" who="0" fromWho="0" sc="224,127,278,-39,264,-39,224,-39" /><INIT seed="4,1,0,2,1,116" ten="351,239,225,185" oya="0" hai0="72,78,84,25,96,38,105,45,108,120,134,39,94" hai1="36,121,106,49,24,115,23,34,107,76,16,7,68" hai2="69,113,99,127,46,15,111,125,20,33,47,28,110" hai3="103,29,123,98,132,73,131,83,61,100,65,21,54"/><T85/><D25/><U124/><E36/><V53/><F33/><W19/><G132/><T63/><D63/><U114/><E68/><V89/><F89/><W51/><G131/><T88/><D85/><U81/><E124/><N who="2" m="47691" /><F99/><W2/><G29/><T43/><D134/><U74/><E7/><V129/><F28/><W87/><G73/><T26/><D26/><U6/><E6/><V59/><F15/><W119/><G2/><T102/><D108/><N who="2" m="41514" /><F20/><W55/><G119/><T56/><D56/><U40/><E34/><V109/><N who="2" m="41522" /><V118/><DORA hai="50" /><F69/><W42/><G100/><T97/><D97/><U104/><E104/><V0/><F0/><W11/><G11/><T133/><D133/><U117/><E107/><V79/><F79/><W71/><G87/><T112/><D78/><U86/><E106/><V3/><F3/><W18/><G83/><T41/><D72/><U58/><E74/><V92/><F92/><W27/><G19/><T17/><D17/><U80/><E80/><V90/><F90/><W4/><G4/><T35/><D35/><U5/><E5/><V135/><F135/><W91/><G91/><T48/><D105/><U77/><E77/><V52/><F53/><N who="3" m="19979" /><G98/><T101/><D96/><U22/><E86/><V64/><F118/><W70/><G103/><T14/><D101/><U128/><E117/><V57/><F129/><W60/><G71/><T67/><D102/><U9/><E128/><V95/><F95/><W10/><G70/><T37/><D94/><U66/><E81/><V32/><F32/><W62/><G10/><T13/><D84/><RYUUKYOKU ba="1,0" sc="351,0,239,0,225,0,185,0" /><INIT seed="5,2,0,2,3,107" ten="351,239,225,185" oya="1" hai0="73,46,100,105,59,57,66,28,92,12,47,5,74" hai1="125,14,95,1,132,15,50,116,64,25,65,99,62" hai2="111,26,133,97,56,104,32,11,31,42,33,8,52" hai3="27,126,121,89,18,88,23,102,63,13,43,101,3"/><U81/><E116/><V44/><F111/><W6/><G121/><T70/><D105/><U53/><E1/><V110/><F110/><W39/><G126/><T86/><D70/><U19/><E125/><V60/><F133/><W49/><G39/><T16/><D28/><U135/><E81/><V20/><F33/><W103/><G63/><T130/><D5/><U93/><E25/><V22/><F22/><N who="3" m="11599" /><G6/><T38/><D130/><U78/><E78/><V71/><F71/><W131/><G3/><T54/><D66/><N who="1" m="25707" /><E62/><V112/><F32/><W76/><G76/><T84/><D38/><U124/><E124/><V30/><F30/><N who="3" m="17791" /><G131/><T40/><D100/><N who="3" m="25601" /><W51/><DORA hai="128" /><G51/><N who="0" m="30943" /><D86/><U75/><E75/><N who="0" m="28681" /><D40/><U127/><E127/><V94/><F104/><W67/><G67/><T29/><D29/><U37/><E37/><V4/><F42/><W21/><G21/><N who="0" m="11399" /><D59/><N who="1" m="33207" /><E99/><V35/><F97/><W9/><G9/><T45/><D45/><AGARI ba="2,0" hai="43,45,49,88,89" m="25601,17791,11599" machi="45" ten="30,2000,0" yaku="8,1,54,1" doraHai="107,128" who="3" fromWho="0" sc="351,-26,239,0,225,0,185,26" /><INIT seed="6,0,0,0,1,100" ten="325,239,225,211" oya="2" hai0="48,69,103,87,129,24,126,112,79,105,134,22,92" hai1="29,93,91,20,80,27,46,70,7,33,119,28,132" hai2="106,58,38,130,123,17,57,56,102,32,96,23,15" hai3="16,115,62,47,11,101,109,82,107,3,89,117,104"/><V53/><F130/><W76/><G109/><T125/><D69/><U37/><E119/><V84/><F123/><W2/><G117/><T55/><D112/><U10/><E70/><V88/><F38/><W67/><G101/><T59/><D129/><U72/><E132/><V54/><REACH who="2" step="1"/><F32/><REACH who="2" ten="325,239,215,211" step="2"/><W5/><G115/><T65/><D134/><U95/><E33/><V51/><F51/><W98/><G2/><T34/><D34/><U14/><E37/><V8/><F8/><W9/><G11/><T71/><D48/><U131/><E131/><V86/><F86/><W6/><G9/><T50/><D87/><N who="1" m="50663" /><E72/><V45/><F45/><W31/><G47/><T90/><D50/><U99/><E46/><V60/><F60/><W94/><G62/><T44/><D44/><U127/><E127/><V49/><F49/><W19/><G6/><T21/><D125/><U26/><E99/><V63/><F63/><W61/><G5/><T42/><D126/><U18/><E7/><V4/><F4/><W52/><G3/><T108/><D108/><U64/><E10/><V78/><F78/><W68/><G76/><T0/><D79/><U12/><E20/><V73/><F73/><W36/><G36/><T128/><D22/><U111/><E111/><V116/><F116/><W83/><G61/><N who="0" m="36095" /><D0/><U110/><E110/><V124/><F124/><W41/><G68/><T135/><D128/><U66/><E66/><V77/><F77/><W35/><G67/><T97/><D135/><U81/><E64/><V85/><F85/><W39/><G39/><T122/><D65/><U118/><E118/><RYUUKYOKU ba="0,1" sc="325,-10,239,-10,215,30,211,-10" hai2="15,17,23,53,54,56,57,58,84,88,96,102,106" /><INIT seed="6,1,1,3,4,57" ten="315,229,245,201" oya="2" hai0="115,43,73,130,113,86,20,121,104,94,55,65,111" hai1="83,60,1,8,90,37,134,96,81,41,63,87,135" hai2="48,9,58,105,23,47,76,38,69,59,74,107,82" hai3="14,28,62,45,68,133,22,49,124,13,33,80,72"/><V50/><F69/><W17/><G124/><T34/><D34/><U46/><E96/><V127/><F127/><W116/><G133/><N who="1" m="50698" /><E83/><V91/><F38/><W125/><G125/><T98/><D73/><U4/><AGARI ba="1,1" hai="1,4,8,37,41,46,60,63,81,87,90" m="50698" machi="4" ten="30,4000,0" yaku="20,1,52,2" doraHai="57" who="1" fromWho="1" sc="315,-11,229,53,245,-21,201,-11" /><INIT seed="7,0,0,5,1,125" ten="304,282,224,190" oya="3" hai0="35,135,114,65,57,3,72,43,132,78,101,106,116" hai1="128,38,49,84,85,81,12,27,16,6,33,74,108" hai2="109,90,1,105,11,30,29,122,51,34,55,25,4" hai3="62,68,26,10,121,100,126,24,92,50,58,98,61"/><W93/><G121/><T66/><D116/><U71/><E108/><V124/><F109/><W22/><G126/><T99/><D114/><U117/><E38/><V45/><F124/><W70/><G70/><T96/><D35/><U113/><E71/><V129/><F122/><W120/><G120/><T130/><D3/><U47/><E113/><V91/><F105/><W73/><G73/><T13/><D99/><U119/><E6/><V118/><F118/><N who="1" m="45065" /><E128/><V5/><F129/><W115/><G115/><T83/><D130/><U42/><E27/><N who="3" m="10282" /><G68/><T107/><D107/><U28/><E28/><V127/><F29/><W82/><G22/><T54/><D43/><U39/><E39/><V64/><F127/><W88/><G82/><T134/><D13/><U102/><E102/><V36/><F36/><W14/><G50/><AGARI ba="0,0" hai="50,54,57,65,66,72,78,83,96,101,106,132,134,135" machi="50" ten="40,1300,0" yaku="20,1" doraHai="125" who="0" fromWho="3" sc="304,13,282,0,224,0,190,-13" owari="317,41.7,282,8.2,224,-17.6,177,-32.3" /></mjloggm>