<mjloggm ver="2.3"><GO type="169" lobby="0"/><UN n0="%E7%8A%AC%E5%B1%B1" n1="%41%6E%6B%6F%61%6E%6B%6F" n2="%E7%BE%8E%E6%A8%B9%E2%98%86%E3%81%95%E3%82%84%E3%81%8B" n3="%6B%75%73%6F%E6%AD%A3%E5%AE%97" dan="16,17,16,16" rate="2054.94,2179.38,2168.32,2093.28" sx="M,F,F,M"/><TAIKYOKU oya="0"/><INIT seed="0,0,0,5,0,106" ten="250,250,250,250" oya="0" hai0="69,12,95,87,8,135,19,29,75,124,132,78,48" hai1="24,70,1,128,18,50,84,82,85,7,38,86,94" hai2="79,131,60,76,53,3,30,88,40,116,44,67,61" hai3="80,83,129,111,66,112,62,13,32,64,2,59,96"/><T103/><D69/><U17/><E38/><V121/><F121/><W133/><G2/><T120/><D120/><U126/><E128/><V43/><F131/><W104/><G112/><T122/><D122/><U115/><E115/><V93/><F3/><W63/><G129/><T90/><D29/><U68/><E126/><V89/><F30/><W22/><G32/><T98/><D48/><U4/><E50/><V26/><F26/><W51/><G111/><T35/><D35/><U97/><E1/><V77/><F116/><W16/><G133/><T101/><D124/><U108/><E82/><V14/><F14/><W15/><G15/><T20/><D20/><U74/><E108/><V42/><F67/><W134/><G134/><N who="0" m="51243" /><D98/><U100/><E74/><V39/><F89/><W46/><G96/><T109/><D109/><U107/><E107/><V36/><F53/><W71/><REACH who="3" step="1"/><G104/><REACH who="3" ten="250,250,250,240" step="2"/><T5/><D5/><U91/><E4/><V34/><F34/><W11/><G11/><T37/><D37/><U118/><E7/><V0/><F0/><W92/><G92/><T125/><D125/><U110/><E110/><V65/><F36/><W119/><G119/><T57/><D8/><U52/><E118/><V33/><F33/><W10/><G10/><T123/><D12/><U23/><E97/><V102/><F39/><W72/><G72/><T25/><D123/><U55/><E94/><V54/><F93/><W105/><G105/><T27/><D75/><U45/><E23/><V9/><F9/><W127/><G127/><T47/><D95/><U21/><E21/><V28/><F102/><RYUUKYOKU ba="0,1" sc="250,-10,250,-10,250,-10,240,30" hai3="13,16,22,46,51,59,62,63,64,66,71,80,83" /><INIT seed="1,1,1,0,1,90" ten="240,240,240,270" oya="1" hai0="124,23,38,119,121,43,125,5,80,79,19,74,25" hai1="35,64,59,29,108,52,123,132,57,24,55,61,75" hai2="34,85,86,112,110,1,53,87,82,67,128,99,16" hai3="62,12,92,21,37,94,118,9,50,133,117,28,89"/><U0/><E123/><V115/><F110/><W71/><G37/><T104/><D119/><N who="3" m="45577" /><G133/><T41/><D104/><U84/><E132/><V42/><F128/><W36/><G36/><T135/><D135/><U66/><E75/><V27/><F42/><W68/><G50/><T131/><D131/><U101/><E0/><V18/><F1/><W78/><G78/><T13/><D121/><U39/><E39/><V22/><F34/><W56/><G21/><T40/><REACH who="0" step="1"/><D38/><REACH who="0" ten="230,240,240,270" step="2"/><U33/><E108/><V20/><F115/><W14/><G28/><T65/><D65/><U76/><E66/><V113/><F67/><N who="3" m="39367" /><G89/><T81/><D81/><U72/><E64/><V32/><F32/><W134/><G134/><T30/><D30/><U97/><E35/><V47/><F82/><W6/><G14/><T70/><D70/><AGARI ba="1,2" hai="6,9,12,68,70,71,92,94" m="39367,45577" machi="70" ten="30,3900,0" yaku="12,1,52,2" doraHai="90" who="3" fromWho="0" sc="230,-42,240,0,240,0,270,62" /><INIT seed="2,0,0,5,3,19" ten="188,240,240,332" oya="2" hai0="0,70,15,77,72,76,98,134,5,106,16,40,8" hai1="57,118,10,64,135,92,60,110,26,117,80,56,75" hai2="122,115,116,101,93,46,124,97,22,52,59,17,55" hai3="44,20,9,67,123,49,114,53,105,88,35,30,107"/><V132/><F115/><W50/><G123/><T63/><D134/><U1/><E110/><V99/><F132/><W89/><G35/><T14/><D40/><U61/><E135/><V96/><F124/><W86/><G67/><T119/><D119/><U90/><E75/><V133/><F133/><W66/><G66/><T3/><D72/><U48/><E80/><V37/><F122/><W125/><G125/><T42/><D70/><U130/><E48/><N who="2" m="28695" /><F37/><W51/><G114/><T79/><D63/><U54/><E130/><V29/><F29/><W78/><G9/><T39/><D42/><U73/><E73/><V28/><F28/><W7/><G7/><T131/><D39/><U31/><E10/><V109/><F109/><W45/><G105/><T126/><D131/><U62/><E1/><V69/><F69/><W32/><G107/><T85/><D85/><U103/><E62/><N who="2" m="36223" /><F116/><W58/><G32/><T81/><D81/><U41/><E41/><V47/><F47/><W25/><G44/><T2/><D126/><U91/><E118/><V127/><F127/><W33/><G33/><T11/><REACH who="0" step="1"/><D3/><REACH who="0" ten="178,240,240,332" step="2"/><U87/><E117/><V84/><F84/><W6/><G45/><T112/><D112/><U65/><E65/><V18/><F18/><W120/><G120/><T95/><D95/><U12/><E87/><V21/><F17/><W129/><G129/><T4/><D4/><U23/><E12/><V113/><F113/><W24/><G6/><T100/><AGARI ba="0,1" hai="0,2,5,8,11,14,15,16,76,77,79,98,100,106" machi="100" ten="30,4000,0" yaku="1,1,0,1,54,1,53,0" doraHai="19" doraHaiUra="111" who="0" fromWho="0" sc="178,50,240,-10,240,-20,332,-10" /><INIT seed="3,0,0,2,2,75" ten="228,230,220,322" oya="3" hai0="21,66,20,31,103,11,130,57,97,61,95,92,59" hai1="32,47,29,62,108,90,125,133,54,89,69,68,87" hai2="63,111,24,126,104,28,2,70,122,94,101,39,119" hai3="15,60,3,30,73,7,37,123,18,80,14,38,113"/><W67/><G113/><T76/><D130/><U23/><E108/><V48/><F119/><W1/><G123/><T33/><D33/><U36/><E133/><V134/><F39/><W91/><G30/><T115/><D115/><U107/><E125/><V19/><F111/><W44/><G15/><T78/><D11/><U49/><E107/><V135/><F2/><W86/><G73/><T55/><D92/><U25/><E32/><N who="2" m="20487" /><F126/><W93/><G7/><T45/><D45/><U114/><E114/><V41/><F94/><W81/><G81/><T102/><D102/><U117/><E117/><V64/><F19/><W116/><G116/><T96/><D96/><U124/><E124/><V132/><F122/><W34/><G34/><T10/><D10/><U26/><E26/><V88/><F88/><W13/><G13/><T118/><D118/><U98/><E98/><N who="2" m="61495" /><F48/><W35/><G35/><T22/><REACH who="0" step="1"/><D31/><REACH who="0" ten="218,230,220,322" step="2"/><U43/><E29/><V84/><F41/><W83/><G93/><T74/><D74/><U58/><E43/><V8/><F8/><W5/><G44/><T16/><D16/><U131/><E47/><V120/><F120/><W105/><G105/><T17/><D17/><U4/><E131/><V79/><F84/><N who="3" m="50567" /><G18/><T27/><D27/><U121/><E25/><V52/><F135/><W82/><G86/><T56/><D56/><U51/><E58/><V85/><F85/><W53/><G5/><T71/><D71/><U128/><E87/><V42/><F134/><W50/><G1/><T106/><D106/><U99/><E121/><V40/><F132/><W100/><G3/><RYUUKYOKU ba="0,1" sc="218,30,230,-10,220,-10,322,-10" hai0="20,21,22,55,57,59,61,66,76,78,95,97,103" /><INIT seed="4,1,1,2,5,20" ten="248,220,210,312" oya="0" hai0="52,22,0,97,76,40,92,99,85,91,129,78,100" hai1="116,27,69,114,103,7,55,96,14,50,32,123,10" hai2="132,34,58,105,83,120,65,118,112,66,121,75,43" hai3="61,67,57,127,79,30,68,131,94,119,45,6,21"/><T2/><D40/><U12/><E123/><V125/><F112/><W70/><G119/><T72/><D22/><U87/><E116/><V62/><F118/><W13/><G127/><T59/><D129/><U74/><E114/><V31/><F125/><W80/><G131/><T9/><D99/><U35/><E74/><V3/><F132/><W56/><G68/><T95/><D9/><U4/><E69/><V71/><F43/><W54/><G45/><T89/><D72/><U53/><E87/><V108/><F108/><W93/><G70/><T84/><D2/><U49/><E96/><V124/><F124/><W64/><G64/><T15/><D15/><U101/><REACH who="1" step="1"/><E10/><REACH who="1" ten="248,210,210,312" step="2"/><V48/><F75/><W130/><G130/><T133/><D133/><U77/><E77/><V73/><F73/><W60/><G79/><T104/><REACH who="0" step="1"/><D0/><REACH who="0" ten="238,210,210,312" step="2"/><U25/><AGARI ba="1,3" hai="4,7,12,14,25,27,32,35,49,50,53,55,101,103" machi="25" ten="25,12000,2" yaku="1,1,0,1,22,2,52,2,53,0" doraHai="20" doraHaiUra="42" who="1" fromWho="1" sc="238,-61,210,153,210,-31,312,-31" /><INIT seed="5,0,0,3,3,130" ten="177,363,179,281" oya="1" hai0="69,23,12,64,123,61,82,86,66,43,95,99,127" hai1="97,35,117,96,56,83,129,126,100,113,75,115,70" hai2="52,102,10,32,29,50,92,68,80,42,105,112,30" hai3="89,125,128,4,15,14,3,122,116,47,104,94,51"/><U67/><E35/><V90/><F68/><W59/><G122/><T77/><D127/><U33/><E33/><V107/><F42/><W76/><G104/><T101/><D123/><U54/><E70/><V135/><F10/><W134/><G128/><T124/><D124/><U91/><E67/><V111/><F111/><W1/><G125/><T63/><D43/><U98/><E129/><V57/><F112/><N who="1" m="43081" /><E126/><V41/><F41/><W106/><G106/><T6/><D6/><U109/><E117/><V85/><F135/><W131/><G134/><T46/><D46/><U39/><E39/><V53/><F29/><W114/><G47/><T74/><D74/><U40/><E40/><V21/><F32/><W17/><G4/><T7/><D7/><U37/><E37/><V119/><F119/><W118/><G131/><T48/><D48/><N who="1" m="30791" /><E109/><V36/><F36/><W81/><G51/><T93/><D93/><N who="1" m="56383" /><E100/><V84/><F53/><W110/><G110/><T27/><D12/><U133/><E133/><V62/><F50/><W9/><G14/><T0/><D0/><N who="3" m="73" /><G114/><T65/><REACH who="0" step="1"/><D69/><REACH who="0" ten="167,363,179,281" step="2"/><U26/><E26/><N who="2" m="16719" /><F107/><W60/><G116/><T108/><D108/><U24/><E24/><V13/><F13/><W73/><G118/><T16/><AGARI ba="0,1" hai="16,23,27,61,63,64,65,66,77,82,86,95,99,101" machi="16" ten="30,8000,1" yaku="1,1,0,1,8,1,54,1,53,1" doraHai="130" doraHaiUra="79" who="0" fromWho="0" sc="167,90,363,-40,179,-20,281,-20" /><INIT seed="6,0,0,4,0,66" ten="257,323,159,261" oya="2" hai0="97,75,118,114,27,38,119,45,104,63,112,15,122" hai1="70,91,8,111,30,103,85,28,130,82,128,19,96" hai2="92,132,101,46,69,54,40,59,34,64,62,20,50" hai3="86,43,127,65,12,110,81,131,67,76,129,134,117"/><V99/><F132/><W11/><G110/><T52/><D75/><U84/><E70/><V109/><F109/><W57/><G117/><N who="0" m="44555" /><D15/><N who="1" m="7655" /><E84/><V58/><F34/><W135/><G43/><N who="0" m="22775" /><D27/><U98/><E98/><V26/><REACH who="2" step="1"/><F40/><REACH who="2" ten="257,323,149,261" step="2"/><W90/><G134/><T14/><D122/><U56/><E111/><V44/><F44/><W41/><G41/><T108/><D108/><U87/><E130/><V17/><AGARI ba="0,1" hai="17,20,26,46,50,54,58,59,62,64,69,92,99,101" machi="17" ten="20,7800,0" yaku="1,1,0,1,7,1,52,1,53,0" doraHai="66" doraHaiUra="107" who="2" fromWho="2" sc="257,-26,323,-26,149,88,261,-26" /><INIT seed="6,1,0,4,2,98" ten="231,297,237,235" oya="2" hai0="53,26,40,120,47,66,90,87,76,50,101,4,115" hai1="36,12,95,133,28,23,122,41,62,109,32,37,19" hai2="108,130,8,75,54,81,129,61,134,65,39,22,82" hai3="102,96,6,135,51,89,35,123,69,118,21,71,107"/><V25/><F134/><W67/><G118/><T100/><D120/><U93/><E109/><V16/><F108/><W31/><G123/><T80/><D115/><U77/><E133/><V46/><F75/><W114/><G35/><T125/><D125/><U57/><E77/><V127/><F127/><W10/><G135/><T27/><D66/><U105/><E105/><V79/><F8/><W72/><G72/><T110/><D4/><U5/><E5/><V86/><F81/><W83/><G67/><T126/><D126/><U117/><E117/><V131/><F54/><W0/><G51/><N who="0" m="27111" /><D110/><U15/><E15/><V132/><F132/><W91/><G114/><T113/><D76/><U88/><E95/><V64/><REACH who="2" step="1"/><F61/><REACH who="2" ten="231,297,227,235" step="2"/><W116/><G116/><T34/><D113/><U85/><E122/><V17/><F17/><W111/><G111/><T20/><D34/><U13/><E62/><V42/><AGARI ba="1,1" hai="16,22,25,39,42,46,64,65,79,82,86,129,130,131" machi="42" ten="40,12000,1" yaku="1,1,0,1,19,1,54,1,53,0" doraHai="98" doraHaiUra="99" who="2" fromWho="2" sc="231,-41,297,-41,227,133,235,-41" /><INIT seed="6,2,0,1,2,18" ten="190,256,360,194" oya="2" hai0="35,29,98,57,117,3,119,115,27,10,8,116,129" hai1="79,69,19,52,73,37,120,0,38,112,83,26,24" hai2="130,103,51,49,20,56,61,53,114,60,59,48,128" hai3="82,134,67,66,44,100,47,43,110,41,36,125,15"/><V111/><F114/><W54/><G110/><T118/><N who="0" m="29696" /><DORA hai="121" /><T135/><D135/><U97/><E112/><V32/><F32/><W17/><G134/><T34/><D57/><U101/><E120/><V131/><F103/><W80/><G125/><T127/><D127/><U64/><E0/><V68/><F20/><W88/><G54/><T76/><D129/><U105/><E26/><V93/><F93/><W40/><G100/><T4/><D115/><U58/><E64/><N who="3" m="24618" /><G36/><T104/><D76/><U89/><E89/><V84/><F84/><N who="3" m="50183" /><G82/><T22/><D98/><U81/><E83/><V126/><F126/><W30/><G30/><T72/><D72/><U87/><E73/><V113/><F113/><W74/><G74/><T91/><D104/><U133/><E69/><V12/><F68/><W55/><G55/><T63/><D63/><N who="2" m="24138" /><F53/><W6/><G6/><N who="0" m="1119" /><D91/><U50/><E133/><V39/><F39/><W132/><G132/><T16/><D29/><U96/><E96/><V99/><F99/><W124/><G124/><T33/><D33/><U122/><E122/><V90/><F90/><W2/><G2/><AGARI ba="2,0" hai="2,4,10,16,22,27,34,35" m="1119,29696" machi="2" ten="60,8000,1" yaku="12,1,34,2,52,1,54,1" doraHai="18,121" who="0" fromWho="3" sc="190,86,256,0,360,0,194,-86" /><INIT seed="7,0,0,1,2,23" ten="276,256,360,108" oya="3" hai0="76,59,117,12,83,17,3,110,88,31,128,97,93" hai1="1,34,40,11,30,86,60,18,48,81,132,19,99" hai2="127,98,21,20,78,42,45,27,16,56,2,118,28" hai3="75,35,24,5,47,116,107,49,67,112,109,10,62"/><W39/><G116/><T130/><D3/><U6/><E132/><V95/><F127/><W123/><G123/><T122/><D31/><U58/><E99/><V54/><F2/><W121/><G121/><T61/><D110/><U4/><E4/><V101/><F78/><W51/><G107/><T124/><D124/><U126/><E126/><V26/><F118/><W100/><G100/><T134/><D134/><U74/><E74/><V25/><F25/><W106/><G106/><T104/><D104/><U66/><E40/><V44/><F42/><N who="3" m="23007" /><G109/><T14/><D117/><U70/><E70/><V135/><F135/><W22/><G35/><T115/><D115/><U79/><E48/><AGARI ba="0,0" hai="16,20,21,26,27,28,44,45,48,54,56,95,98,101" machi="48" ten="30,8000,1" yaku="7,1,8,1,52,2,54,1" doraHai="23" who="2" fromWho="1" sc="276,0,256,-80,360,80,108,0" owari="276,7.6,176,-22.4,440,54.0,108,-39.2" /></mjloggm>