<mjloggm ver="2.3"><GO type="169" lobby="0"/><UN n0="%E7%AD%89%E3%80%85%E5%8A%9B%E5%8A%87%E5%A0%B4" n1="%E5%BE%A1%E5%BD%B1%E3%82%86%E3%81%9A%E3%81%8D" n2="%E7%8C%AA%E7%8B%A9%E5%AE%88" n3="%62%75%72%61%69" dan="16,16,17,16" rate="2123.15,2140.40,2171.09,2149.07" sx="M,M,M,M"/><TAIKYOKU oya="0"/><INIT seed="0,0,0,3,4,114" ten="250,250,250,250" oya="0" hai0="51,131,65,7,41,81,120,26,78,34,99,88,43" hai1="96,0,57,87,94,24,115,123,119,103,93,109,73" hai2="108,72,39,105,1,76,135,97,64,77,107,69,67" hai3="45,35,84,50,129,53,6,79,117,134,3,92,74"/><T25/><D120/><U90/><E0/><V22/><F108/><W66/><G35/><T8/><D131/><U83/><E123/><V2/><F22/><W125/><G74/><T122/><D122/><U19/><E109/><V11/><F11/><W62/><G134/><T29/><D65/><U128/><E128/><V71/><F97/><W111/><G111/><T86/><D26/><U40/><E40/><V75/><REACH who="2" step="1"/><F39/><REACH who="2" ten="250,250,240,250" step="2"/><W127/><G129/><T82/><D99/><U14/><E96/><V17/><F17/><W23/><G23/><T46/><D8/><U133/><E19/><V28/><F28/><W91/><G6/><T44/><D7/><U59/><E115/><V12/><F12/><W112/><G3/><T13/><D13/><U42/><E14/><V21/><F21/><W106/><G112/><T61/><D34/><U58/><E24/><V20/><F20/><W63/><G106/><T54/><D25/><U89/><E133/><AGARI ba="0,1" hai="1,2,64,67,69,71,72,75,76,77,105,107,133,135" machi="133" ten="25,3200,0" yaku="1,1,22,2,53,0" doraHai="114" doraHaiUra="70" who="2" fromWho="1" sc="250,0,250,-32,240,42,250,0" /><INIT seed="1,0,0,0,0,74" ten="250,218,282,250" oya="1" hai0="84,121,3,129,88,100,1,64,127,65,120,109,124" hai1="17,96,62,95,36,131,107,42,4,25,99,134,27" hai2="26,5,44,53,24,128,91,73,79,20,54,58,113" hai3="60,59,33,46,98,52,21,80,72,7,6,103,45"/><U51/><E36/><V102/><F128/><W76/><G33/><T55/><D100/><U111/><E131/><V87/><F102/><W40/><G21/><T114/><D129/><U31/><E107/><V70/><F70/><W118/><G118/><T49/><D114/><U50/><E4/><V110/><F110/><W9/><G40/><T37/><D37/><U23/><E111/><V71/><F71/><W13/><REACH who="3" step="1"/><G7/><REACH who="3" ten="250,218,282,240" step="2"/><T2/><D109/><U133/><E134/><V81/><F5/><W97/><G97/><T38/><D121/><U85/><E42/><V94/><F20/><W122/><G122/><T69/><D120/><U119/><E133/><V29/><F113/><W112/><G112/><T43/><D43/><U41/><E41/><V82/><F29/><W92/><AGARI ba="0,1" hai="6,9,13,45,46,52,59,60,72,76,80,92,98,103" machi="92" ten="20,8000,1" yaku="1,1,0,1,7,1,52,1,54,1,53,0" doraHai="74" doraHaiUra="101" who="3" fromWho="3" sc="250,-20,218,-40,282,-20,240,90" /><INIT seed="2,0,0,5,3,43" ten="230,178,262,330" oya="2" hai0="6,71,84,105,86,101,74,22,123,96,121,66,109" hai1="56,2,15,57,112,90,23,82,50,60,40,127,8" hai2="58,95,12,80,53,94,113,33,99,10,77,47,20" hai3="44,64,65,37,51,98,13,114,118,89,42,129,19"/><V34/><F113/><W133/><G118/><T1/><D74/><U21/><E112/><V52/><F20/><W122/><G122/><T25/><D109/><U5/><E2/><V67/><F33/><W83/><G133/><T119/><D119/><U134/><E134/><V26/><F26/><W120/><G120/><T27/><D27/><U108/><E108/><V63/><F34/><W62/><G129/><T81/><D86/><U76/><E127/><V75/><F95/><W111/><G111/><T0/><D0/><U3/><E90/><V87/><F75/><W100/><G114/><T73/><D73/><U106/><E106/><V107/><F107/><W9/><G62/><T103/><D103/><U61/><E3/><V46/><F53/><W72/><G37/><T38/><D38/><U7/><E7/><N who="2" m="3167" /><F67/><W29/><G29/><T115/><D115/><U91/><E91/><AGARI ba="0,0" hai="46,47,52,58,63,77,80,87,91,94,99" m="3167" machi="91" ten="30,11600,0" yaku="8,1,52,2,54,1" doraHai="43" who="2" fromWho="1" sc="230,0,178,-116,262,116,330,0" /><INIT seed="2,1,0,4,1,60" ten="230,62,378,330" oya="2" hai0="119,13,16,101,122,102,118,68,53,38,83,125,57" hai1="48,87,21,63,77,109,1,116,35,70,84,89,123" hai2="100,121,18,32,111,93,124,50,45,88,74,114,31" hai3="112,56,8,126,2,120,98,86,73,23,71,30,78"/><V129/><F114/><W24/><G120/><T79/><D122/><U42/><E123/><V104/><F74/><W65/><G73/><T34/><D68/><U20/><E1/><V132/><F121/><W47/><G71/><T55/><D34/><U80/><E35/><V6/><F124/><W90/><G126/><T91/><D38/><U46/><E116/><N who="0" m="44585" /><D91/><U54/><E109/><V0/><F132/><W85/><G47/><T40/><D40/><U44/><E70/><V96/><F129/><W94/><G78/><T49/><D55/><U37/><REACH who="1" step="1"/><E63/><REACH who="1" ten="230,52,378,330" step="2"/><V4/><F0/><W113/><G113/><T19/><D125/><U67/><E67/><V17/><F32/><W108/><G108/><T26/><D26/><U106/><E106/><V64/><F64/><W97/><G112/><T72/><D19/><U7/><E7/><V66/><F66/><W131/><G2/><T36/><D36/><U75/><E75/><V3/><F3/><W11/><G131/><T51/><D51/><U133/><E133/><V9/><F31/><W115/><G115/><T29/><D29/><U22/><E22/><AGARI ba="1,1" hai="13,16,22,49,53,57,72,79,83,101,102" m="44585" machi="22" ten="30,2000,0" yaku="12,1,54,1" doraHai="60" who="0" fromWho="1" sc="230,33,52,-23,378,0,330,0" /><INIT seed="3,0,0,5,5,70" ten="263,29,378,330" oya="3" hai0="110,32,130,109,87,20,131,29,118,117,74,34,10" hai1="40,135,21,116,91,42,60,127,15,88,53,107,68" hai2="104,41,83,111,23,55,19,31,105,17,26,82,37" hai3="77,134,85,47,103,54,81,35,89,64,67,84,101"/><W119/><G119/><N who="0" m="45579" /><D74/><U120/><E116/><V95/><F111/><N who="0" m="42506" /><D87/><U61/><E120/><V65/><F65/><N who="3" m="25163" /><G35/><N who="0" m="13355" /><D10/><U93/><E107/><V122/><F122/><W66/><G134/><T6/><D6/><U38/><E135/><V56/><F104/><W33/><N who="3" m="25171" /><W49/><DORA hai="86" /><G33/><T4/><D4/><U51/><E68/><V129/><F105/><W48/><G48/><T14/><D14/><U126/><E93/><AGARI ba="0,0" hai="47,49,54,77,81,84,85,89,93,101,103" m="25171" machi="93" ten="30,2900,0" yaku="8,1,52,1" doraHai="70,86" who="3" fromWho="1" sc="263,0,29,-29,378,0,330,29" /><INIT seed="3,1,0,5,0,60" ten="263,0,378,359" oya="3" hai0="24,125,66,44,7,113,133,69,9,111,106,46,16" hai1="6,26,50,92,74,32,84,88,22,37,19,135,54" hai2="28,25,79,93,122,114,36,90,45,56,108,89,98" hai3="95,130,83,42,124,73,127,65,103,48,107,99,112"/><W41/><G112/><T1/><D106/><U8/><E74/><V70/><F114/><W52/><G130/><T82/><D113/><U33/><E37/><V121/><F70/><W100/><G65/><T4/><D111/><U40/><E40/><N who="2" m="22663" /><F79/><N who="3" m="44527" /><G103/><T61/><D133/><U76/><E76/><V96/><F56/><N who="3" m="32775" /><G107/><T97/><D125/><AGARI ba="1,0" hai="41,42,95,99,100,124,125,127" m="32775,44527" machi="125" ten="30,2900,0" yaku="18,1,54,1" doraHai="60" who="3" fromWho="0" sc="263,-32,0,0,378,0,359,32" /><INIT seed="3,2,0,4,1,85" ten="231,0,378,391" oya="3" hai0="5,124,106,1,87,132,100,112,22,47,48,9,66" hai1="77,11,128,15,2,122,18,71,40,57,109,121,46" hai2="21,127,14,69,16,35,108,99,7,8,53,130,36" hai3="58,101,116,24,23,97,110,133,50,88,104,98,123"/><W86/><G116/><T60/><D132/><U90/><E71/><V68/><F36/><W78/><G123/><T117/><D117/><U42/><E2/><N who="2" m="119" /><F53/><N who="3" m="32055" /><G133/><T70/><D124/><U79/><E128/><V17/><F17/><N who="3" m="12399" /><G104/><T59/><D112/><U6/><E109/><V28/><F130/><W95/><G110/><T62/><D106/><U63/><E122/><V102/><F108/><W54/><G78/><N who="1" m="29706" /><E121/><V26/><F127/><W74/><G74/><T33/><D33/><U103/><E103/><V114/><F114/><W61/><G101/><T19/><D100/><U41/><E46/><V81/><F81/><W125/><G125/><T129/><D129/><U107/><E107/><AGARI ba="2,0" hai="14,16,21,26,28,35,68,69,99,102,107" m="119" machi="107" ten="30,2000,0" yaku="24,1,54,1" doraHai="85" who="2" fromWho="1" sc="231,0,0,-26,378,26,391,0" owari="231,-16.9,-26,-52.6,404,50.4,391,19.1" /></mjloggm>