<mjloggm ver="2.3"><GO type="169" lobby="0"/><UN n0="%E3%81%8A%E3%81%B0%E3%81%82%E3%81%AB%E3%82%83%E3%82%93" n1="%4F%56%4F" n2="%E3%83%AA%E3%83%B3%E3%83%8D%E3%83%B3" n3="%E9%98%BF%E9%83%A8%E5%AF%9B%EF%BC%A0%E9%B3%B3%E5%8D%93" dan="16,16,16,17" rate="2123.20,2063.94,2018.87,2172.75" sx="M,M,F,F"/><TAIKYOKU oya="0"/><INIT seed="0,0,0,3,0,35" ten="250,250,250,250" oya="0" hai0="51,99,59,50,9,45,28,64,24,13,47,103,124" hai1="44,46,67,17,63,18,111,40,42,121,54,129,32" hai2="97,104,96,83,23,39,113,52,43,128,74,29,10" hai3="5,34,78,105,49,77,7,8,12,48,33,130,62"/><T71/><D124/><U109/><E32/><V14/><F113/><W69/><G105/><T132/><D132/><U1/><E121/><V92/><F104/><W61/><G12/><T106/><D59/><U117/><E117/><V25/><F128/><W98/><G98/><T2/><D2/><U79/><E79/><V30/><F43/><W88/><G8/><T125/><D125/><U84/><E84/><V120/><F39/><W93/><G93/><T82/><D82/><U3/><E54/><V87/><F74/><W68/><REACH who="3" step="1"/><G88/><REACH who="3" ten="250,250,250,240" step="2"/><T101/><D106/><U76/><E129/><AGARI ba="0,1" hai="5,7,33,34,48,49,61,62,68,69,77,78,129,130" machi="129" ten="25,6400,0" yaku="1,1,2,1,22,2,53,0" doraHai="35" doraHaiUra="38" who="3" fromWho="1" sc="250,0,250,-64,250,0,240,74" /><INIT seed="1,0,0,3,1,34" ten="250,186,250,314" oya="1" hai0="39,16,97,69,5,82,115,123,70,106,98,59,31" hai1="48,99,30,117,119,53,49,94,45,127,1,109,131" hai2="3,41,135,124,107,86,90,63,133,44,2,114,20" hai3="50,46,75,35,58,62,66,104,80,10,85,15,56"/><U110/><E30/><V13/><F107/><W83/><G104/><T72/><D115/><U118/><E131/><V25/><F114/><W7/><G35/><T71/><D39/><U57/><E127/><V79/><F13/><W11/><G75/><T23/><D123/><U74/><E74/><V116/><F79/><W93/><G10/><T84/><D72/><U12/><E12/><V113/><F63/><W32/><G32/><T19/><D106/><U22/><E22/><V129/><F116/><W100/><G56/><T92/><D5/><U91/><REACH who="1" step="1"/><E1/><REACH who="1" ten="250,176,250,314" step="2"/><V4/><F129/><W73/><G73/><T26/><D31/><U37/><E37/><N who="2" m="21551" /><F124/><W87/><G15/><T112/><D112/><U95/><E95/><N who="2" m="54743" /><F113/><W122/><G93/><T77/><D92/><U125/><E125/><V96/><F4/><W8/><G7/><T121/><D121/><U47/><E47/><V61/><F2/><W68/><G122/><T103/><D23/><U0/><E0/><V130/><F130/><W40/><G46/><T108/><D19/><U36/><E36/><V42/><F3/><W55/><G8/><T54/><D16/><U134/><E134/><V21/><F21/><W33/><G11/><T111/><D26/><U120/><E120/><V101/><F20/><W78/><G33/><T24/><D24/><U67/><E67/><V105/><F25/><W65/><G66/><T64/><D64/><U9/><E9/><V27/><F27/><W43/><REACH who="3" step="1"/><G100/><REACH who="3" ten="250,176,250,304" step="2"/><T128/><D128/><U89/><E89/><AGARI ba="0,2" hai="40,43,50,55,58,62,65,68,78,80,83,85,87,89" machi="89" ten="30,7700,0" yaku="1,1,2,1,7,1,53,1" doraHai="34" doraHaiUra="52" who="3" fromWho="1" sc="250,0,176,-77,250,0,304,97" /><INIT seed="2,0,0,4,5,32" ten="250,99,250,401" oya="2" hai0="115,35,54,66,45,125,104,132,127,91,68,76,72" hai1="60,131,8,12,129,41,63,20,1,77,30,69,16" hai2="87,84,102,64,108,116,103,34,118,117,49,9,78" hai3="19,93,6,92,46,79,120,85,100,94,61,89,97"/><V80/><F34/><W67/><G120/><T74/><D115/><U28/><E77/><V7/><F64/><W26/><G6/><T0/><D132/><U58/><E41/><V23/><F23/><N who="3" m="13695" /><G79/><T130/><D130/><N who="1" m="49675" /><E69/><V123/><F123/><W70/><G70/><T25/><D104/><U27/><E63/><V33/><F33/><W101/><G46/><T3/><D91/><U113/><E113/><V39/><F39/><W81/><G61/><N who="0" m="40015" /><D54/><N who="1" m="33879" /><E30/><V48/><F84/><W18/><G67/><T42/><D45/><U119/><E119/><V21/><F21/><W98/><G18/><T73/><D76/><U122/><E122/><V51/><REACH who="2" step="1"/><F108/><REACH who="2" ten="250,99,240,401" step="2"/><W22/><G22/><T2/><D42/><U121/><E121/><V90/><F90/><W47/><G85/><T124/><D73/><U83/><E83/><V65/><F65/><W31/><G81/><T36/><D36/><U99/><E99/><V17/><F17/><W13/><G97/><T86/><D86/><U53/><E53/><V95/><F95/><W15/><G89/><T128/><D128/><U112/><E112/><V56/><F56/><W88/><G88/><T14/><D14/><AGARI ba="0,1" hai="7,9,14,48,49,51,78,80,87,102,103,116,117,118" machi="14" ten="50,4800,0" yaku="1,1,53,1" doraHai="32" doraHaiUra="4" who="2" fromWho="0" sc="250,-48,99,0,240,58,401,0" /><INIT seed="2,1,0,2,0,74" ten="202,99,298,401" oya="2" hai0="53,51,19,105,132,57,13,28,27,95,129,56,47" hai1="109,110,44,45,18,43,86,48,49,91,76,25,6" hai2="85,133,127,104,26,64,103,118,122,38,1,30,69" hai3="134,81,63,123,120,82,60,0,50,119,46,37,78"/><V100/><F118/><W84/><G119/><T65/><D105/><U5/><E25/><V23/><F122/><W55/><G134/><T107/><D107/><U89/><E18/><V17/><F133/><W4/><G37/><T72/><D129/><U71/><E71/><V58/><F1/><W130/><G130/><T90/><D72/><U99/><E99/><V54/><F38/><W9/><G60/><T32/><D132/><U128/><E128/><V106/><F127/><W121/><G63/><T34/><D34/><U75/><E75/><V22/><F106/><W39/><G39/><T29/><D29/><U10/><E10/><V2/><F104/><W116/><G116/><T77/><D65/><U135/><E135/><V73/><F2/><W92/><G82/><T102/><D102/><U14/><E14/><V117/><F73/><W33/><G33/><T112/><D112/><U11/><E11/><V68/><F117/><W79/><REACH who="3" step="1"/><G92/><REACH who="3" ten="202,99,298,391" step="2"/><T93/><D95/><U96/><E110/><V125/><F69/><W67/><G67/><T15/><D93/><U20/><E109/><V114/><F68/><W83/><G83/><T24/><D32/><U80/><E96/><V42/><F114/><W36/><G36/><T40/><D51/><U94/><E94/><V59/><F64/><W115/><G115/><T21/><D28/><U126/><E49/><V88/><F30/><W16/><G16/><T87/><D19/><U52/><E48/><V35/><F17/><W97/><G97/><T8/><D24/><U3/><E80/><N who="2" m="49191" /><F26/><W41/><G41/><T7/><D40/><RYUUKYOKU ba="1,1" sc="202,-10,99,-10,298,-10,391,30" hai3="0,4,9,46,50,55,78,79,81,84,120,121,123" /><INIT seed="3,2,1,0,2,125" ten="192,89,288,421" oya="3" hai0="37,29,98,27,69,128,77,107,57,53,45,39,85" hai1="50,24,26,72,126,52,19,134,129,117,6,79,3" hai2="5,7,60,122,36,96,64,41,54,130,17,131,13" hai3="108,31,92,89,70,118,80,82,20,61,119,103,14"/><W10/><G103/><T116/><D116/><U8/><E126/><V12/><F122/><W46/><G70/><T49/><D77/><U32/><E134/><V114/><F114/><W75/><G75/><T35/><D85/><U40/><E117/><V111/><F111/><W68/><G108/><T86/><D86/><U110/><E110/><V65/><F54/><W42/><G61/><T115/><D115/><U81/><E40/><V88/><F36/><W132/><G68/><T34/><D34/><U93/><E32/><V78/><F78/><W91/><G132/><T16/><D69/><U56/><E129/><N who="2" m="49163" /><F41/><W87/><G42/><T4/><D53/><U23/><REACH who="1" step="1"/><E93/><REACH who="1" ten="192,79,288,421" step="2"/><N who="2" m="56359" /><F12/><AGARI ba="2,2" hai="3,6,8,12,19,23,24,26,50,52,56,72,79,81" machi="12" ten="30,7700,0" yaku="1,1,7,1,54,1,53,1" doraHai="125" doraHaiUra="106" who="1" fromWho="2" sc="192,0,79,103,288,-83,421,0" /><INIT seed="4,0,0,1,5,63" ten="192,182,205,421" oya="0" hai0="76,61,114,91,125,103,101,99,127,12,129,79,47" hai1="42,37,96,115,123,109,77,126,51,85,48,45,64" hai2="86,118,74,70,121,100,27,65,50,97,24,69,83" hai3="14,128,113,44,134,19,25,32,26,116,102,111,7"/><T73/><D47/><U21/><E109/><V8/><F121/><W36/><G102/><T117/><D61/><U29/><E123/><V78/><F118/><W34/><G36/><T16/><D117/><U122/><E122/><V46/><F74/><W107/><G107/><T95/><D114/><U52/><E126/><N who="0" m="48137" /><D129/><U0/><E0/><V13/><F69/><W132/><G44/><T98/><D73/><U54/><E115/><V58/><F70/><W49/><G49/><T28/><D28/><U124/><E124/><V5/><F58/><W15/><G113/><T10/><D103/><U104/><E29/><V87/><F87/><W17/><G116/><T4/><D4/><U110/><E45/><V23/><F23/><W39/><G39/><T93/><AGARI ba="0,0" hai="10,12,16,76,79,91,93,95,98,99,101" m="48137" machi="93" ten="30,3000,0" yaku="18,1,54,1" doraHai="63" who="0" fromWho="0" sc="192,30,182,-10,205,-10,421,-10" /><INIT seed="4,1,0,0,3,46" ten="222,172,195,411" oya="0" hai0="6,131,15,81,127,29,109,80,33,116,110,21,85" hai1="62,40,77,73,22,38,126,10,76,97,98,92,4" hai2="112,96,121,45,68,107,103,13,16,86,94,78,7" hai3="118,25,100,58,71,52,3,17,135,89,111,115,57"/><T69/><D69/><U42/><E126/><V75/><F121/><W82/><G3/><T14/><D80/><U49/><E38/><V70/><F7/><W54/><G100/><T63/><D63/><U9/><E73/><V130/><F112/><W106/><G54/><T28/><D81/><U30/><E62/><V113/><F130/><W48/><G57/><T24/><D85/><U37/><E37/><V34/><F34/><W114/><G58/><T5/><D127/><U47/><E42/><V18/><F18/><W72/><G52/><T41/><D41/><U133/><E133/><V66/><F113/><W91/><G135/><T50/><D131/><U43/><E43/><V125/><F125/><W102/><G82/><T90/><D90/><U32/><E32/><V12/><F12/><N who="0" m="4650" /><D50/><U44/><E44/><V101/><F45/><W119/><G48/><T104/><D104/><U60/><E60/><V105/><F75/><W132/><G106/><T0/><D116/><U95/><E98/><V129/><F129/><W53/><G119/><T108/><D0/><U27/><E95/><V26/><F78/><W39/><G118/><T99/><D99/><U65/><E65/><V67/><F67/><W55/><G114/><T88/><D88/><N who="1" m="55431" /><E77/><V59/><F68/><W61/><G71/><T84/><D84/><U31/><E76/><V11/><F70/><W35/><G115/><T20/><D33/><U23/><E40/><V83/><F103/><W56/><G72/><T51/><D51/><U120/><E49/><V2/><F2/><W93/><G39/><T74/><D74/><RYUUKYOKU ba="1,0" sc="222,30,172,-10,195,-10,411,-10" hai0="5,6,20,21,24,28,29,108,109,110" /><INIT seed="4,2,0,2,3,131" ten="252,162,185,401" oya="0" hai0="87,82,21,71,11,47,34,116,53,58,35,75,79" hai1="134,66,83,69,16,107,98,67,23,92,68,127,102" hai2="59,91,114,31,3,97,48,2,33,60,103,42,20" hai3="12,26,1,101,7,96,46,100,120,132,109,29,121"/><T135/><D116/><U86/><E127/><V129/><F33/><N who="3" m="20663" /><G109/><T24/><D71/><U43/><E43/><V62/><F114/><W118/><G1/><T37/><D11/><U56/><E107/><V128/><F91/><W10/><G132/><T125/><D125/><U18/><E134/><V61/><F31/><W8/><G8/><T95/><D135/><U99/><E99/><V39/><F39/><W115/><G115/><T54/><D95/><U123/><E123/><N who="3" m="47178" /><G118/><T6/><D6/><U124/><E124/><V63/><F20/><W111/><G111/><T85/><D34/><U130/><E18/><V52/><F42/><W9/><G9/><T28/><D35/><U78/><E130/><N who="2" m="50283" /><F61/><W14/><G14/><T13/><D13/><U27/><REACH who="1" step="1"/><E56/><REACH who="1" ten="252,152,185,401" step="2"/><V73/><F73/><W117/><G117/><T89/><D75/><U4/><E4/><V112/><F112/><W113/><G113/><T64/><D37/><U0/><E0/><V110/><F110/><W51/><G96/><T19/><D19/><U76/><E76/><V32/><F32/><W30/><G30/><T45/><D45/><U44/><E44/><V49/><F2/><W88/><G7/><T74/><D74/><U84/><E84/><V57/><F3/><W126/><G126/><T5/><D5/><U50/><E50/><N who="2" m="30871" /><F59/><W106/><G46/><T108/><D108/><U25/><E25/><V65/><F48/><W38/><G38/><T122/><D122/><U80/><E80/><V93/><F49/><W119/><G119/><T55/><D47/><U105/><E105/><V77/><F77/><RYUUKYOKU ba="2,1" sc="252,-15,152,15,185,15,401,-15" hai1="16,23,27,66,67,68,69,78,83,86,92,98,102" hai2="60,62,63,65,93,97,103" /><INIT seed="5,3,1,0,3,95" ten="237,167,200,386" oya="1" hai0="88,109,55,25,24,62,126,124,16,18,48,46,22" hai1="85,123,66,122,5,7,58,36,60,21,110,10,15" hai2="30,74,76,90,19,107,134,50,63,73,68,67,127" hai3="38,41,1,104,6,8,34,129,13,118,120,32,81"/><U4/><E36/><V135/><F107/><W69/><G120/><T103/><D109/><U98/><E110/><V9/><F30/><W116/><G69/><T57/><D103/><U20/><E85/><V23/><F9/><N who="3" m="2255" /><G104/><T77/><D77/><U61/><E123/><V89/><F50/><W37/><G81/><T12/><D88/><N who="2" m="33898" /><F76/><W82/><G82/><T51/><D51/><U14/><E122/><V64/><F64/><W80/><G80/><T128/><D128/><U42/><E42/><V39/><F39/><N who="3" m="14859" /><G41/><T0/><D0/><U79/><E79/><V78/><F78/><W133/><G133/><N who="2" m="50697" /><F127/><N who="0" m="48682" /><D18/><N who="1" m="10335" /><E60/><V125/><F125/><W65/><G129/><T121/><D121/><U72/><E72/><V106/><F106/><W100/><G100/><T132/><D132/><U11/><E21/><V114/><F114/><W130/><G130/><T71/><D71/><U31/><E31/><V43/><F43/><AGARI ba="3,1" hai="12,16,22,24,25,43,46,48,55,57,62" m="48682" machi="43" ten="30,2000,0" yaku="18,1,54,1" doraHai="95" who="0" fromWho="2" sc="237,39,167,0,200,-29,386,0" /><INIT seed="6,0,0,4,2,133" ten="276,167,171,386" oya="2" hai0="34,44,52,56,86,0,57,134,23,95,38,7,62" hai1="21,106,22,100,89,51,37,93,79,68,114,77,25" hai2="10,46,125,109,58,42,64,30,75,105,129,122,70" hai3="1,132,72,103,19,54,92,101,43,41,90,126,71"/><V28/><F122/><W33/><G72/><T131/><D34/><U5/><E37/><V121/><F121/><W78/><G1/><T115/><D0/><U73/><E68/><V87/><F75/><W119/><G71/><T84/><D7/><U83/><E114/><V6/><F105/><W4/><G33/><T118/><D115/><U29/><E77/><V128/><F70/><W27/><G4/><T35/><D35/><U45/><E5/><V8/><F109/><W110/><G78/><T135/><D131/><N who="2" m="50250" /><F87/><W18/><G54/><T2/><D2/><U108/><E108/><V96/><F96/><W85/><G119/><T127/><D118/><U117/><E117/><V112/><F112/><W74/><G74/><T13/><D57/><U20/><E100/><V116/><F116/><W49/><G85/><T69/><D69/><U120/><E106/><V59/><F8/><W80/><G103/><T31/><D95/><U14/><E14/><N who="2" m="5463" /><F58/><W55/><G101/><T111/><D111/><U65/><E120/><V50/><F125/><W15/><G126/><T11/><D127/><U124/><E124/><V130/><N who="2" m="50258" /><V12/><DORA hai="32" /><F12/><W60/><G15/><T97/><D97/><U53/><E65/><V67/><F67/><W17/><G110/><T113/><D113/><U39/><E39/><V3/><F3/><W88/><G92/><T63/><D38/><U36/><E36/><V91/><F91/><W26/><G90/><T107/><D107/><U40/><E53/><V47/><F47/><W123/><G123/><T66/><D13/><U81/><E81/><RYUUKYOKU ba="0,0" sc="276,-15,167,15,171,15,386,-15" hai1="20,21,22,25,29,40,45,51,73,79,83,89,93" hai2="28,30,42,46,50,59,64" /><INIT seed="6,1,0,3,0,106" ten="261,182,186,371" oya="2" hai0="11,109,76,55,71,27,61,68,10,6,22,84,31" hai1="97,57,35,120,19,40,79,118,49,12,90,58,24" hai2="85,91,77,133,23,114,38,103,72,132,81,0,50" hai3="104,48,43,37,75,33,88,5,113,93,39,115,80"/><V105/><F0/><W69/><G104/><T26/><D109/><U128/><E118/><V64/><F38/><W82/><G69/><T83/><D55/><U42/><E128/><V125/><F64/><W46/><G33/><T62/><D71/><U73/><E73/><V45/><F114/><N who="3" m="43531" /><G5/><T36/><D36/><N who="3" m="13897" /><G75/><T51/><D68/><U30/><E120/><V3/><F3/><W86/><AGARI ba="1,0" hai="43,46,48,80,82,86,88,93" m="13897,43531" machi="86" ten="30,4000,0" yaku="15,1,11,1,54,1" doraHai="106" who="3" fromWho="3" sc="261,-11,182,-11,186,-21,371,43" /><INIT seed="7,0,0,2,0,16" ten="250,171,165,414" oya="3" hai0="49,55,22,54,79,115,24,13,116,0,107,61,68" hai1="60,57,93,77,38,43,17,3,101,114,7,64,63" hai2="132,127,81,128,134,91,125,72,28,65,82,92,112" hai3="130,78,118,104,66,59,108,6,37,36,85,12,69"/><W76/><G59/><T23/><D0/><U75/><E114/><V110/><F110/><W4/><G12/><T50/><D107/><U41/><E38/><V131/><F112/><W95/><G95/><T8/><D116/><U94/><E75/><V126/><F28/><W90/><G90/><T103/><D103/><U74/><E7/><V20/><F20/><W121/><G85/><T84/><D68/><U88/><E3/><V44/><F65/><W86/><G86/><T40/><D40/><U32/><E32/><V98/><F44/><W119/><G66/><T45/><D61/><N who="1" m="37935" /><E74/><V111/><F111/><W25/><G25/><T62/><D62/><N who="1" m="23595" /><E77/><N who="2" m="44199" /><F82/><W133/><G130/><AGARI ba="0,0" hai="91,92,98,125,126,127,128,130,131,132,134" m="44199" machi="130" ten="40,12000,2" yaku="30,2,18,1,19,1,34,2" doraHai="16" who="2" fromWho="3" sc="250,0,171,0,165,120,414,-120" /><INIT seed="8,0,0,5,0,114" ten="250,171,285,294" oya="0" hai0="7,10,126,30,5,74,133,23,25,127,31,116,97" hai1="22,29,68,12,54,108,91,113,2,90,102,43,26" hai2="28,120,106,63,55,94,57,13,32,77,46,134,130" hai3="45,4,61,60,0,84,83,53,100,9,38,6,1"/><T87/><D74/><U59/><E68/><V115/><F106/><W14/><G100/><T92/><D87/><U50/><E2/><V41/><F115/><W128/><G128/><T117/><D31/><U42/><E108/><V111/><F111/><W105/><G105/><T109/><D133/><U49/><E113/><V98/><F120/><W67/><G4/><N who="0" m="1611" /><D10/><U65/><E102/><V89/><F130/><W19/><G67/><T122/><D122/><U69/><E69/><V96/><F77/><W79/><G0/><T18/><D30/><U75/><E75/><V52/><F32/><W33/><G33/><T95/><D95/><U78/><E78/><V39/><F28/><W76/><G76/><T103/><D109/><U20/><E65/><V34/><F34/><W17/><G1/><T24/><D25/><U15/><E50/><V66/><F134/><W16/><G38/><T73/><D73/><U101/><E101/><V85/><F13/><N who="1" m="5193" /><E22/><V64/><F64/><W51/><AGARI ba="0,0" hai="6,9,14,16,17,19,45,51,53,60,61,79,83,84" machi="51" ten="30,4000,0" yaku="0,1,8,1,54,1" doraHai="114" who="3" fromWho="3" sc="250,-20,171,-10,285,-10,294,40" owari="230,-17.0,161,-33.9,275,7.5,334,43.4" /></mjloggm>