<mjloggm ver="2.3"><GO type="169" lobby="0"/><UN n0="%E3%80%90%E8%92%BC%E7%90%89%E3%80%91" n1="%E3%82%86%E3%83%BC%E3%82%84%2E%74" n2="%6B%6C%6F%6E%64%69%6B%65" n3="%E5%8D%88%E5%BE%8C%E3%82%B4%E3%83%AA%E3%83%A9" dan="16,17,16,16" rate="2146.62,2201.67,2167.02,2167.20" sx="F,M,M,M"/><TAIKYOKU oya="0"/><INIT seed="0,0,0,0,2,135" ten="250,250,250,250" oya="0" hai0="12,103,9,34,18,5,77,1,102,30,116,89,56" hai1="85,8,92,110,42,100,69,133,11,23,127,105,93" hai2="107,31,35,82,25,64,57,117,22,68,40,79,53" hai3="10,70,124,119,88,47,2,65,99,14,63,19,120"/><T51/><D116/><U39/><E69/><V131/><F131/><W98/><G119/><T75/><D77/><U50/><E39/><V118/><F107/><W112/><G112/><T3/><D75/><U13/><E105/><V4/><F118/><W60/><G120/><T109/><D109/><U84/><E23/><V6/><F64/><W74/><G74/><T132/><D132/><U83/><E110/><V17/><F40/><W125/><G60/><T114/><D1/><U28/><E28/><V121/><F68/><W55/><G2/><T0/><D3/><U72/><E72/><V122/><F117/><W128/><G128/><T80/><D114/><U43/><E13/><V126/><F122/><W48/><REACH who="3" step="1"/><G88/><REACH who="3" ten="250,250,250,240" step="2"/><T111/><D111/><U38/><E85/><V45/><F121/><W96/><AGARI ba="0,1" hai="10,14,19,47,48,55,63,65,70,96,98,99,124,125" machi="96" ten="30,8000,1" yaku="1,1,2,1,0,1,52,2,53,0" doraHai="135" doraHaiUra="129" who="3" fromWho="3" sc="250,-40,250,-20,250,-20,240,90" /><INIT seed="1,0,0,5,5,87" ten="210,230,230,330" oya="1" hai0="22,83,5,45,117,11,111,131,24,103,34,91,104" hai1="114,49,43,130,125,110,134,62,102,50,26,37,124" hai2="93,75,29,113,35,15,44,19,81,28,84,16,1" hai3="55,38,14,79,120,25,21,96,0,80,86,95,126"/><U74/><E74/><V2/><F113/><W77/><G0/><T13/><D117/><U52/><E102/><V107/><F107/><W63/><G38/><T57/><D111/><U30/><E114/><V18/><F75/><W105/><G126/><N who="1" m="48746" /><E134/><V46/><F35/><W70/><G105/><T10/><D34/><N who="1" m="20823" /><E130/><V135/><F135/><W121/><G14/><T60/><D103/><U132/><E132/><V68/><F93/><W3/><G3/><T90/><D104/><U59/><E110/><V51/><F46/><AGARI ba="0,0" hai="37,43,46,49,50,52,59,62" m="20823,48746" machi="46" ten="30,2900,0" yaku="18,1,54,1" doraHai="87" who="1" fromWho="2" sc="210,0,230,29,230,-29,330,0" /><INIT seed="1,1,0,1,2,4" ten="210,259,201,330" oya="1" hai0="122,67,55,5,37,18,114,53,82,99,106,89,3" hai1="40,58,69,61,50,126,119,101,16,105,98,123,92" hai2="15,97,111,75,110,127,33,65,11,43,72,121,128" hai3="31,7,109,115,77,64,12,45,30,51,36,134,27"/><U129/><E119/><V104/><F33/><W124/><G115/><T49/><D37/><U38/><E123/><V0/><F121/><W39/><G31/><T93/><D114/><U62/><E129/><V47/><F65/><W26/><G26/><T8/><D122/><U112/><E112/><V44/><F44/><W1/><G1/><T2/><D106/><U131/><E131/><V125/><F128/><W107/><G107/><T74/><D67/><U28/><E126/><N who="2" m="48139" /><F97/><W19/><G7/><T73/><D2/><U117/><E28/><V56/><F56/><W60/><G77/><T59/><D82/><U108/><E117/><V42/><F42/><W70/><G134/><T48/><REACH who="0" step="1"/><D18/><REACH who="0" ten="200,259,201,330" step="2"/><U135/><E16/><N who="2" m="8319" /><F0/><W41/><G124/><T23/><D23/><U132/><E132/><V83/><F104/><W54/><G39/><T85/><D85/><U87/><E38/><N who="2" m="22007" /><F83/><W52/><G36/><T116/><D116/><U96/><E135/><V78/><F78/><W25/><G64/><T22/><D22/><U21/><E21/><V100/><F100/><W103/><G103/><T133/><D133/><U29/><E101/><V6/><F6/><W118/><G118/><T94/><D94/><U14/><E92/><V80/><F80/><W88/><G70/><T91/><D91/><U81/><E69/><V102/><F102/><W130/><G88/><T95/><D95/><U17/><E105/><V20/><F20/><W57/><G130/><T79/><D79/><U34/><E81/><V9/><F9/><W13/><G19/><T68/><D68/><U86/><E17/><RYUUKYOKU ba="1,1" sc="200,15,259,-15,201,15,330,-15" hai0="3,5,8,48,49,53,55,59,73,74,89,93,99" hai2="72,75,110,111" /><INIT seed="2,2,1,0,4,74" ten="215,244,216,315" oya="2" hai0="4,101,30,110,60,1,73,28,34,133,83,124,123" hai1="40,27,10,132,21,75,47,121,59,122,116,86,106" hai2="55,134,29,70,84,39,126,0,53,88,130,15,67" hai3="17,114,127,109,31,44,94,5,24,113,90,71,41"/><V69/><F0/><W33/><G71/><T128/><D101/><U6/><E75/><V37/><F29/><W9/><G109/><T91/><D60/><U18/><E106/><V115/><F15/><W78/><G127/><T58/><D58/><U92/><E116/><V3/><F3/><W52/><G17/><T79/><D123/><U49/><E132/><V26/><F26/><W117/><G117/><T65/><D65/><U7/><E59/><V118/><F84/><W42/><G42/><T45/><D128/><U14/><E7/><V72/><F72/><W131/><G131/><T25/><D28/><U8/><E10/><V13/><F13/><W81/><G52/><T64/><D64/><U98/><REACH who="1" step="1"/><E86/><REACH who="1" ten="215,234,216,315" step="2"/><V108/><F118/><W54/><G9/><T66/><D133/><U23/><E23/><V46/><F134/><W95/><G5/><T77/><D4/><U111/><E111/><V97/><F130/><W93/><G114/><T62/><D73/><U120/><E120/><V100/><F108/><W87/><G113/><T68/><D110/><U103/><AGARI ba="2,2" hai="6,8,14,18,21,27,40,47,49,92,98,103,121,122" machi="103" ten="30,2000,0" yaku="1,1,0,1,53,0" doraHai="74" doraHaiUra="57" who="1" fromWho="1" sc="215,-7,234,46,216,-12,315,-7" /><INIT seed="3,0,0,3,4,127" ten="208,280,204,308" oya="3" hai0="132,54,69,58,32,128,30,2,111,93,66,76,6" hai1="90,101,50,12,78,79,73,120,61,42,34,0,68" hai2="84,45,23,48,80,10,49,112,99,43,20,85,5" hai3="64,27,114,63,122,105,36,24,133,86,70,41,56"/><W62/><G105/><T106/><D106/><U126/><E0/><V44/><F112/><W46/><G114/><T11/><D111/><U4/><E34/><V100/><F85/><W57/><G122/><T60/><D132/><U7/><E101/><V29/><F29/><W67/><G133/><T71/><D76/><U131/><E120/><V16/><F99/><W51/><G86/><T102/><D128/><U125/><E50/><V52/><F100/><W98/><G98/><T110/><D110/><U92/><E42/><V94/><F94/><W65/><G24/><T115/><D115/><U95/><E12/><N who="2" m="7191" /><F5/><W83/><G83/><T108/><D108/><U75/><E61/><V123/><F123/><W53/><G27/><T28/><D32/><U135/><E68/><V55/><F43/><W1/><G1/><T118/><D71/><U18/><E18/><V77/><AGARI ba="0,0" hai="20,23,44,45,48,49,52,55,77,80,84" m="7191" machi="77" ten="30,4000,0" yaku="8,1,54,2" doraHai="127" who="2" fromWho="2" sc="208,-10,280,-10,204,40,308,-20" /><INIT seed="4,0,0,0,1,76" ten="198,270,244,288" oya="0" hai0="69,87,113,67,38,61,104,3,74,106,1,101,25" hai1="58,79,9,103,23,98,99,86,97,130,28,46,43" hai2="129,91,116,114,128,95,89,71,77,126,63,16,122" hai3="102,54,60,81,66,117,36,94,83,73,110,34,111"/><T56/><D74/><U6/><E130/><V2/><F2/><W133/><G117/><T44/><D113/><U14/><E58/><V131/><F122/><W12/><G36/><T70/><D25/><U123/><E123/><V17/><F114/><W59/><G34/><T15/><D15/><U112/><E112/><V55/><F116/><W75/><G133/><T105/><D101/><U107/><E23/><V39/><F39/><W90/><G102/><T96/><D96/><U78/><E78/><V45/><F126/><W47/><G75/><T119/><D119/><U32/><E28/><V134/><F89/><W35/><G73/><T27/><D27/><U100/><E32/><V40/><F77/><W7/><G35/><T72/><D72/><U26/><E26/><V118/><F134/><W53/><G111/><T124/><D87/><U20/><E20/><V82/><F118/><W51/><G66/><T29/><D29/><U65/><E65/><N who="2" m="41407" /><F55/><W57/><G47/><T42/><REACH who="0" step="1"/><D124/><REACH who="0" ten="188,270,244,288" step="2"/><U108/><E103/><V10/><F131/><W50/><G110/><T93/><D93/><U92/><E108/><V135/><F95/><W0/><G0/><AGARI ba="0,1" hai="0,1,3,38,42,44,56,61,67,69,70,104,105,106" machi="0" ten="50,2400,0" yaku="1,1,53,0" doraHai="76" doraHaiUra="80" who="0" fromWho="3" sc="188,34,270,0,244,0,288,-24" /><INIT seed="4,1,0,1,0,46" ten="222,270,244,264" oya="0" hai0="100,65,88,54,53,52,42,102,95,39,122,69,58" hai1="2,64,15,29,79,126,120,30,44,87,101,85,111" hai2="92,23,77,89,121,119,106,17,112,98,66,41,24" hai3="43,72,20,38,28,118,56,124,3,75,130,63,12"/><T86/><D122/><U97/><E2/><V81/><F121/><W50/><G3/><T14/><D69/><U62/><E111/><V105/><F112/><W36/><G118/><T123/><D123/><U94/><E120/><V68/><F119/><W108/><G108/><T19/><D42/><U84/><E126/><V7/><F68/><W57/><G124/><T90/><D39/><U26/><E79/><V82/><F66/><W16/><G38/><T59/><D90/><U132/><E132/><V104/><F41/><W18/><G28/><T134/><D134/><U116/><E116/><V114/><F114/><W109/><G109/><T96/><D65/><U6/><E44/><V107/><N who="2" m="26624" /><DORA hai="21" /><V32/><F77/><W74/><G36/><T99/><D99/><U128/><E128/><V55/><F7/><W115/><G130/><T125/><D125/><U27/><E15/><V34/><REACH who="2" step="1"/><F55/><REACH who="2" ten="222,270,234,264" step="2"/><W91/><G115/><T5/><D5/><U10/><E6/><V11/><F11/><W33/><G43/><T129/><D129/><U131/><E10/><V1/><F1/><W35/><G91/><T22/><REACH who="0" step="1"/><D102/><REACH who="0" ten="212,270,234,264" step="2"/><U113/><E131/><V76/><F76/><W71/><G71/><T37/><D37/><U135/><E113/><V49/><F49/><W45/><G50/><T9/><D9/><U67/><E67/><V78/><F78/><W25/><G75/><T127/><D127/><U93/><E64/><V60/><F60/><W117/><G63/><T8/><D8/><U48/><E62/><V47/><F47/><W83/><G45/><T51/><D51/><RYUUKYOKU ba="1,2" sc="212,15,270,-15,234,15,264,-15" hai0="14,19,22,52,53,54,58,59,86,88,95,96,100" hai2="17,23,24,32,34,81,82,89,92,98" /><INIT seed="4,2,2,2,2,111" ten="227,255,249,249" oya="0" hai0="130,115,9,101,50,104,4,113,53,2,102,77,15" hai1="110,80,69,99,95,81,49,65,131,100,109,45,64" hai2="23,128,8,123,74,21,121,47,62,120,89,117,56" hai3="125,132,112,19,52,72,17,106,7,71,43,91,58"/><T129/><D77/><U39/><E39/><V14/><F74/><W33/><G71/><T84/><D84/><U30/><E131/><N who="0" m="50185" /><D2/><U37/><E37/><V122/><F117/><W20/><G72/><T16/><D4/><U38/><E38/><V133/><F128/><W66/><G106/><T108/><D108/><U32/><E110/><V67/><F47/><W57/><G33/><T46/><D101/><U90/><E109/><V42/><F42/><W6/><G43/><T92/><D92/><N who="1" m="58471" /><E69/><V82/><F133/><W63/><G132/><T79/><D79/><U18/><E30/><V94/><F82/><N who="1" m="31849" /><E18/><V105/><F105/><W34/><G19/><T60/><D60/><U54/><E32/><V70/><F70/><W22/><G34/><T76/><D76/><U124/><E124/><V24/><F24/><W103/><G125/><T73/><D73/><U44/><E45/><V12/><N who="2" m="30720" /><DORA hai="135" /><V3/><F3/><W127/><G127/><T10/><D10/><U25/><E25/><V114/><F114/><W83/><G112/><T35/><D35/><U78/><E78/><V88/><F89/><W28/><G103/><T87/><D87/><AGARI ba="2,2" hai="44,49,54,64,65,87,90,95" m="31849,58471" machi="87" ten="30,1000,0" yaku="8,1" doraHai="111,135" who="1" fromWho="0" sc="227,-16,255,36,249,0,249,0" /><INIT seed="5,0,0,1,1,13" ten="211,291,249,249" oya="1" hai0="31,106,92,88,15,81,115,87,95,53,85,62,34" hai1="35,51,125,76,109,47,77,107,0,23,49,50,90" hai2="79,16,101,131,56,4,59,84,1,110,119,113,111" hai3="52,94,18,91,43,120,102,78,122,69,83,25,14"/><U9/><E35/><V80/><F119/><W26/><G69/><T86/><D106/><U57/><E125/><V123/><F1/><W133/><G43/><T61/><D115/><U116/><E116/><V38/><F38/><W104/><G133/><T24/><D15/><U46/><E107/><V58/><F4/><W114/><G114/><T10/><D10/><U36/><E36/><V132/><F123/><W30/><G102/><T54/><D95/><U100/><E100/><V124/><F113/><W63/><G104/><T48/><D53/><U74/><E74/><V3/><F3/><W44/><G122/><T42/><D42/><U21/><E57/><V12/><F132/><W17/><G30/><T93/><D93/><U73/><E73/><V29/><F124/><W118/><G120/><T11/><D11/><U135/><E109/><V127/><F127/><W19/><G14/><T126/><D126/><U71/><E71/><V55/><F131/><W40/><G118/><T8/><D8/><U33/><E33/><V68/><F68/><W117/><G117/><T41/><D41/><U98/><E9/><N who="2" m="6159" /><F55/><W112/><G112/><T20/><D34/><U108/><E0/><V99/><F29/><W32/><G32/><T67/><D67/><U89/><E108/><V28/><F28/><W6/><G6/><T130/><D130/><U65/><E65/><V103/><F103/><W22/><G22/><N who="1" m="8202" /><E135/><V96/><F101/><W60/><G26/><T27/><D27/><U129/><E129/><V70/><F70/><W121/><G121/><T64/><D64/><U75/><E75/><RYUUKYOKU ba="0,0" sc="211,-10,291,-10,249,30,249,-10" hai2="56,58,59,79,80,84,96,99,110,111" /><INIT seed="6,1,0,5,4,83" ten="201,281,279,239" oya="2" hai0="57,113,4,80,108,73,117,130,74,50,48,65,43" hai1="11,44,52,118,126,78,46,51,22,2,26,47,91" hai2="53,132,70,64,33,85,17,103,21,23,125,66,127" hai3="10,92,119,6,32,115,14,19,122,134,20,3,88"/><V60/><F33/><W112/><G119/><T110/><D117/><U114/><E118/><V45/><F103/><W81/><G122/><T58/><D113/><N who="3" m="43593" /><G32/><T68/><D68/><U5/><E114/><V96/><F96/><N who="3" m="57351" /><G81/><T67/><D80/><U27/><E126/><V69/><F132/><AGARI ba="1,0" hai="3,6,10,14,19,20,132,134" m="57351,43593" machi="132" ten="30,3900,0" yaku="15,1,11,1,54,1" doraHai="83" who="3" fromWho="2" sc="201,0,281,0,279,-42,239,42" /><INIT seed="7,0,0,1,4,120" ten="201,281,237,281" oya="3" hai0="36,26,129,23,133,132,3,67,28,52,10,126,30" hai1="128,111,41,50,24,85,94,51,107,54,33,42,73" hai2="114,87,37,25,45,55,100,12,14,77,13,122,116" hai3="102,127,56,91,68,18,90,88,113,63,65,8,101"/><W108/><G113/><T48/><D36/><U135/><E111/><V60/><F122/><W46/><G108/><T72/><D72/><U57/><E107/><V58/><F114/><W83/><G127/><T70/><D126/><U96/><E73/><V32/><F116/><W131/><G131/><T9/><D129/><U53/><E135/><N who="0" m="51785" /><D30/><U16/><E85/><V89/><F77/><W6/><G83/><T78/><D78/><U125/><E125/><V76/><F76/><W20/><G46/><N who="0" m="27671" /><D3/><U99/><E99/><V79/><F79/><W104/><G104/><T95/><D95/><U124/><E128/><V19/><F100/><W22/><G68/><T103/><D103/><N who="3" m="39433" /><G6/><T93/><D93/><U121/><E121/><V21/><F37/><W75/><G75/><T34/><D34/><U84/><E96/><V92/><REACH who="2" step="1"/><F45/><REACH who="2" ten="201,281,227,281" step="2"/><W40/><G40/><T39/><D39/><U17/><E42/><V61/><F61/><AGARI ba="0,1" hai="9,10,23,26,28,61,67,70" m="27671,51785" machi="61" ten="30,2000,0" yaku="20,1,54,1" doraHai="120" who="0" fromWho="2" sc="201,30,281,0,227,-20,281,0" /><INIT seed="8,0,0,0,2,70" ten="231,281,207,281" oya="0" hai0="3,120,103,47,128,19,29,8,121,38,110,6,92" hai1="56,16,88,35,48,64,68,74,61,39,123,98,55" hai2="124,65,13,99,0,27,43,101,119,108,45,5,72" hai3="30,97,26,23,67,11,44,21,57,131,14,31,73"/><T9/><D128/><U52/><E123/><V15/><F108/><W135/><G131/><T37/><D110/><U129/><E129/><V79/><F124/><W34/><G73/><T2/><D29/><U40/><E35/><V133/><F65/><W1/><G135/><T116/><D116/><U36/><E74/><V50/><F133/><W84/><G1/><T111/><D111/><U107/><E40/><V125/><F125/><W58/><G97/><T130/><D130/><U60/><E16/><V51/><F27/><W122/><G122/><T117/><D117/><U33/><E33/><V10/><F119/><W24/><G67/><T86/><D47/><U66/><E55/><V69/><F69/><W32/><G32/><T100/><D100/><BYE who="0" /><U112/><E112/><V7/><F7/><W42/><G84/><T85/><D85/><U71/><E88/><V77/><F51/><W63/><G63/><T80/><D80/><U126/><E126/><V94/><F0/><UN n0="%E3%80%90%E8%92%BC%E7%90%89%E3%80%91" /><W25/><G25/><T93/><D86/><U20/><E20/><V17/><REACH who="2" step="1"/><F72/><REACH who="2" ten="231,281,197,281" step="2"/><W132/><G132/><T90/><D2/><U105/><E105/><V75/><F75/><W41/><G34/><T59/><D3/><U109/><E109/><V83/><F83/><W106/><G106/><T91/><D6/><U95/><E107/><V87/><F87/><W113/><G113/><T118/><D118/><U22/><E68/><V104/><F104/><W114/><G114/><T127/><D127/><U89/><E71/><V82/><F82/><W62/><G26/><T96/><D120/><U134/><E134/><RYUUKYOKU ba="0,1" sc="231,-10,281,-10,197,30,281,-10" hai2="5,10,13,15,17,43,45,50,77,79,94,99,101" /><INIT seed="9,1,1,2,2,45" ten="221,271,227,271" oya="1" hai0="125,19,62,81,72,0,56,111,46,82,126,94,135" hai1="128,93,78,61,60,16,33,13,87,22,8,106,92" hai2="47,109,124,52,100,44,86,117,24,99,9,112,3" hai3="12,88,64,58,131,110,6,43,15,89,35,38,30"/><U14/><E128/><V71/><F109/><W74/><G110/><T63/><D111/><U103/><E33/><V116/><F71/><W115/><G74/><T1/><D135/><U134/><E134/><V29/><F124/><N who="0" m="47722" /><D46/><U107/><E107/><N who="2" m="63903" /><F112/><W129/><G115/><T2/><D72/><U68/><E106/><V5/><F86/><W97/><G43/><T17/><D94/><N who="1" m="36459" /><E103/><V49/><F44/><W118/><G38/><T76/><D76/><U120/><E68/><V54/><F24/><N who="3" m="18887" /><G97/><T55/><D62/><N who="1" m="24171" /><E120/><V98/><F98/><W102/><G102/><T67/><D67/><U51/><E51/><V69/><F69/><W83/><G118/><N who="2" m="45673" /><F29/><W65/><G58/><T23/><D17/><N who="1" m="8359" /><E87/><V50/><F50/><W28/><G28/><T119/><D119/><U53/><E78/><V18/><F18/><W10/><G15/><AGARI ba="1,1" hai="0,1,2,15,19,23,55,56,63,81,82" m="47722" machi="15" ten="40,1300,0" yaku="18,1" doraHai="45" who="0" fromWho="3" sc="221,26,271,0,227,0,271,-16" /><INIT seed="10,0,0,1,1,122" ten="247,271,227,255" oya="2" hai0="119,108,17,45,88,135,120,69,121,33,101,105,75" hai1="25,117,37,43,38,112,86,0,84,24,131,65,35" hai2="83,52,8,68,115,111,80,64,91,76,78,16,126" hai3="2,30,15,124,85,103,29,7,50,74,77,133,114"/><V87/><F126/><W130/><G74/><T36/><RYUUKYOKU type="yao9" ba="0,0" sc="247,0,271,0,227,0,255,0" hai0="17,33,36,45,69,75,88,101,105,108,119,120,121,135" /><INIT seed="10,1,0,4,4,64" ten="247,271,227,255" oya="2" hai0="99,28,65,133,91,76,33,23,54,35,68,60,48" hai1="128,78,103,95,37,31,71,116,0,59,77,32,30" hai2="12,5,129,101,106,47,93,44,97,82,134,74,73" hai3="14,79,85,81,19,122,132,115,110,114,2,94,26"/><V127/><F127/><W51/><G110/><T22/><D76/><U109/><E109/><V50/><F134/><W27/><G122/><T36/><D36/><U75/><E0/><V119/><F129/><W69/><G2/><T90/><D133/><U13/><E37/><V21/><F119/><W58/><G132/><T52/><D54/><U1/><E1/><V17/><F5/><W112/><G69/><T24/><D22/><U111/><E71/><V130/><F130/><W108/><G108/><T87/><D99/><U61/><E111/><V20/><F44/><W4/><G4/><T120/><D120/><U88/><E128/><V96/><F82/><W86/><G94/><T104/><D104/><U80/><E32/><V55/><REACH who="2" step="1"/><F21/><REACH who="2" ten="247,271,217,255" step="2"/><W6/><G6/><T25/><D35/><U42/><E80/><V8/><F8/><W118/><G118/><T135/><D135/><U53/><E116/><V98/><F98/><W15/><G115/><T131/><D131/><U62/><E78/><V124/><F124/><W83/><G114/><T9/><D9/><U63/><E77/><V113/><F113/><W84/><G112/><T29/><D87/><U43/><E75/><V45/><F45/><AGARI ba="1,1" hai="23,24,25,28,29,33,45,48,52,60,65,68,90,91" machi="45" ten="30,3900,0" yaku="7,1,52,1,54,1" doraHai="64" who="0" fromWho="2" sc="247,52,271,0,217,-42,255,0" /><INIT seed="11,0,0,2,3,115" ten="299,271,175,255" oya="3" hai0="66,20,52,80,62,108,125,36,70,94,45,121,126" hai1="124,119,46,2,39,131,118,59,13,90,82,11,77" hai2="37,30,98,29,41,84,54,55,40,56,73,58,28" hai3="113,76,133,109,120,34,83,53,38,44,49,18,19"/><W7/><G120/><T60/><D108/><U101/><E2/><V3/><F3/><W129/><G113/><T50/><D80/><U31/><E124/><V25/><F73/><W87/><G34/><T106/><D106/><U47/><E131/><V134/><F37/><W128/><G109/><T123/><D94/><U43/><E101/><V74/><F74/><W91/><G133/><T127/><D36/><U5/><E31/><V117/><F134/><W35/><G35/><T116/><D116/><N who="1" m="44587" /><E47/><V99/><F117/><W111/><G111/><T105/><D105/><U72/><E59/><V79/><F79/><W107/><G107/><T1/><D1/><U57/><E57/><V95/><F30/><W23/><G7/><T26/><D62/><U85/><E72/><V42/><F42/><W71/><G71/><T4/><D4/><U132/><E132/><V12/><F12/><W10/><G38/><T48/><D48/><U24/><E24/><V100/><F95/><W51/><G51/><T112/><D112/><U27/><E27/><V67/><F100/><W16/><G10/><T68/><D68/><U103/><E103/><V64/><REACH who="2" step="1"/><F25/><REACH who="2" ten="299,271,165,255" step="2"/><W21/><REACH who="3" step="1"/><G76/><AGARI ba="0,1" hai="5,11,13,39,43,46,76,77,82,85,90" m="44587" machi="76" ten="30,8000,1" yaku="16,1,12,1,52,3" doraHai="115" who="1" fromWho="3" sc="299,0,271,90,165,0,255,-80" owari="299,9.9,361,46.1,165,-33.5,175,-22.5" /></mjloggm>