<mjloggm ver="2.3"><GO type="169" lobby="0"/><UN n0="%67%61%79%75%6E%79" n1="%E3%81%82%E3%81%84%E3%81%A0%E3%81%A6" n2="%E8%B1%A1" n3="%69%54%65%6E%68%6F%75" dan="17,17,16,16" rate="2212.65,2170.36,2153.17,2092.81" sx="M,M,M,M"/><TAIKYOKU oya="0"/><INIT seed="0,0,0,3,1,121" ten="250,250,250,250" oya="0" hai0="67,40,89,104,78,31,94,25,122,65,99,70,124" hai1="42,52,49,14,96,33,60,35,92,111,41,69,32" hai2="56,86,127,106,93,91,72,84,43,64,3,129,15" hai3="23,26,51,98,28,132,116,74,97,85,117,109,130"/><T100/><D122/><U10/><E111/><V37/><F3/><W90/><G74/><T113/><D124/><U131/><E60/><V57/><F72/><W120/><G120/><T133/><D113/><U27/><E69/><V39/><F106/><W1/><G1/><T6/><D133/><U16/><E27/><V38/><F127/><W114/><G114/><T62/><D65/><U107/><E107/><V119/><F119/><W59/><G130/><T68/><D40/><U12/><E12/><V0/><F0/><W80/><G132/><T88/><D70/><U123/><E131/><V19/><F43/><W29/><G29/><T47/><D47/><U20/><E10/><V22/><F129/><W87/><G87/><T55/><D55/><U135/><E135/><V103/><F103/><W61/><G51/><T2/><D78/><U128/><E128/><V4/><F4/><W7/><G7/><T125/><D125/><U82/><E82/><V53/><F64/><W75/><G75/><T115/><D115/><U36/><E36/><V79/><F56/><W112/><G112/><T58/><D58/><U81/><E81/><V24/><F24/><W21/><G117/><T102/><D102/><U76/><E76/><V95/><F79/><W118/><G116/><T50/><D50/><U9/><E9/><V34/><F34/><W44/><G118/><T45/><D45/><N who="1" m="27695" /><E123/><V83/><REACH who="2" step="1"/><F86/><REACH who="2" ten="250,250,240,250" step="2"/><W63/><G85/><T54/><D54/><U108/><E42/><V46/><F46/><W18/><G44/><T66/><D66/><U134/><E41/><V11/><F11/><RYUUKYOKU ba="0,1" sc="250,-10,250,-10,240,30,250,-10" hai2="15,19,22,37,38,39,53,57,83,84,91,93,95" /><INIT seed="1,1,1,4,0,115" ten="240,240,270,240" oya="1" hai0="98,27,113,57,20,18,53,39,10,29,73,52,105" hai1="33,35,93,19,111,28,86,123,128,7,60,131,34" hai2="65,49,45,102,22,99,69,109,96,119,85,44,55" hai3="106,16,108,82,107,97,89,67,79,14,81,80,135"/><U32/><E123/><V120/><F120/><W17/><G108/><T4/><D73/><U0/><E60/><V132/><F109/><W37/><G37/><T134/><D113/><U130/><E111/><V61/><F132/><W8/><G135/><T36/><D134/><U71/><E71/><V46/><F119/><W125/><G125/><T31/><D53/><U13/><E86/><V58/><F102/><W43/><G43/><T26/><D98/><U129/><E93/><V38/><F22/><W90/><G67/><T56/><D56/><U104/><E104/><V126/><F85/><W121/><G121/><T64/><D64/><U59/><E59/><N who="2" m="33263" /><F96/><W117/><G79/><T87/><D87/><U42/><E42/><N who="2" m="22615" /><F99/><W103/><G107/><T48/><D105/><U24/><N who="1" m="32768" /><DORA hai="95" /><U41/><E41/><V11/><F11/><W101/><G101/><T75/><D75/><U77/><E77/><V68/><F126/><W74/><G74/><T2/><REACH who="0" step="1"/><D18/><REACH who="0" ten="230,240,270,240" step="2"/><U133/><E133/><V3/><F3/><W114/><G114/><T6/><D6/><U12/><E19/><V84/><F84/><W30/><G17/><T23/><AGARI ba="1,2" hai="2,4,10,20,23,26,27,29,31,36,39,48,52,57" machi="23" ten="20,12000,2" yaku="1,1,0,1,7,1,9,1,54,1,53,1" doraHai="115,95" doraHaiUra="47,118" who="0" fromWho="0" sc="230,143,240,-61,270,-31,240,-31" /><INIT seed="2,0,0,0,5,48" ten="373,179,239,209" oya="2" hai0="5,85,92,43,128,120,126,74,27,95,114,121,134" hai1="26,80,75,3,112,77,40,71,90,16,33,100,47" hai2="103,58,29,44,10,28,22,46,56,116,89,42,1" hai3="108,96,102,106,36,130,105,119,30,76,107,23,79"/><V6/><F116/><W123/><G119/><T129/><D5/><U0/><E71/><V11/><F103/><W81/><G36/><T70/><D43/><U57/><E100/><V13/><F89/><W73/><G123/><T88/><D27/><U12/><E112/><V83/><F83/><N who="3" m="45455" /><G23/><T94/><D70/><U64/><E90/><V61/><F22/><W118/><G30/><T51/><D51/><U31/><E64/><V104/><F104/><N who="3" m="63559" /><G118/><T15/><D15/><U14/><E14/><V8/><F8/><W91/><G108/><T97/><D114/><U68/><E68/><V111/><F111/><W117/><G117/><T82/><D134/><U24/><E24/><V122/><F122/><N who="0" m="47210" /><D126/><U54/><E47/><V84/><F84/><N who="3" m="50575" /><G130/><N who="0" m="50283" /><D74/><U37/><E40/><V53/><F44/><W17/><G17/><T131/><N who="0" m="50291" /><T66/><DORA hai="86" /><D66/><U55/><E37/><V132/><F46/><W59/><G59/><T9/><D9/><U69/><E69/><V99/><F10/><W38/><G38/><T4/><D4/><U98/><E0/><V78/><F1/><W60/><G60/><T18/><D18/><U127/><E127/><V7/><F61/><W63/><G63/><T20/><D20/><N who="1" m="11271" /><E3/><V110/><F110/><W45/><G45/><T133/><D133/><U93/><E57/><V39/><F58/><W2/><G2/><T52/><D52/><U19/><E19/><V65/><F53/><W49/><G49/><T50/><D50/><U62/><E62/><V113/><F39/><W109/><G109/><T67/><D67/><U41/><E41/><RYUUKYOKU ba="0,0" sc="373,10,179,10,239,-30,209,10" hai0="82,85,88,92,94,95,97" hai1="26,31,33,54,55,75,77,80,93,98" hai3="79,105,106,107" /><INIT seed="3,1,0,0,4,61" ten="383,189,209,219" oya="3" hai0="121,40,130,132,126,30,47,39,63,107,71,46,119" hai1="80,129,72,125,43,42,128,38,56,97,98,36,117" hai2="78,55,33,62,89,82,22,84,11,68,60,5,113" hai3="20,52,100,79,18,83,54,0,131,25,24,53,28"/><W51/><G131/><N who="1" m="50250" /><E56/><V70/><F33/><W73/><G0/><T76/><D76/><U75/><E80/><V106/><F113/><W120/><G120/><T102/><D47/><U95/><E95/><V87/><F106/><W105/><G105/><T64/><D121/><U91/><E91/><V50/><F22/><W16/><G100/><T104/><D130/><U44/><E44/><V12/><F68/><W4/><G4/><T10/><D132/><U88/><E88/><V110/><F110/><W112/><G112/><T45/><D126/><U29/><E29/><V86/><F70/><W67/><G67/><T31/><D119/><U90/><E90/><V13/><F13/><W122/><G122/><T34/><D46/><U123/><E125/><V85/><REACH who="2" step="1"/><F89/><REACH who="2" ten="383,189,199,219" step="2"/><W35/><REACH who="3" step="1"/><G18/><REACH who="3" ten="383,189,199,209" step="2"/><T21/><D107/><U99/><E123/><V8/><F8/><W115/><G115/><T58/><D10/><U57/><E117/><V109/><F109/><W81/><G81/><T77/><D104/><U93/><E93/><V3/><F3/><W49/><AGARI ba="1,2" hai="16,20,24,25,28,35,49,51,52,53,54,73,79,83" machi="49" ten="30,11700,0" yaku="1,1,0,1,54,2,53,0" doraHai="61" doraHaiUra="32" who="3" fromWho="3" sc="383,-40,189,-40,199,-40,209,140" /><INIT seed="3,2,0,4,1,5" ten="343,149,159,349" oya="3" hai0="2,112,44,7,64,45,105,30,108,117,12,73,16" hai1="23,39,89,95,98,14,115,135,75,82,85,128,11" hai2="15,133,25,37,9,71,120,59,57,35,125,48,55" hai3="107,79,100,90,65,93,0,123,91,96,8,104,70"/><W47/><G123/><T40/><D117/><U42/><E115/><V17/><F120/><W74/><G47/><T109/><D112/><U13/><E128/><V77/><F125/><W124/><G124/><T60/><D105/><U119/><E75/><V102/><F133/><W126/><G126/><T129/><D73/><U127/><E135/><V62/><F37/><W132/><G132/><T4/><D129/><U50/><E39/><V110/><F110/><N who="0" m="42602" /><D30/><U49/><E119/><V34/><F77/><W19/><G104/><T28/><D28/><U113/><E42/><V6/><F71/><W116/><G116/><T1/><D45/><U38/><E38/><V114/><F114/><W61/><G107/><T63/><D63/><U86/><E86/><V84/><F102/><W106/><G106/><T26/><D26/><U54/><E54/><V103/><F103/><W51/><G51/><N who="0" m="27015" /><D2/><U78/><E113/><V101/><F101/><W87/><G74/><T92/><D92/><U53/><E95/><V81/><F25/><W43/><G0/><T18/><D1/><U67/><E127/><V80/><F80/><W97/><G97/><T29/><D29/><U41/><E98/><V10/><F34/><W121/><G121/><T56/><D18/><N who="1" m="10711" /><E82/><V27/><F35/><W83/><REACH who="3" step="1"/><G43/><REACH who="3" ten="343,149,159,339" step="2"/><T88/><D88/><U20/><E41/><V66/><F48/><N who="1" m="18537" /><E89/><V72/><F72/><W94/><G94/><T118/><D118/><U134/><E78/><V76/><F76/><W58/><G58/><T68/><D56/><U33/><E134/><V32/><F59/><W122/><G122/><RYUUKYOKU ba="2,1" sc="343,15,149,-15,159,-15,339,15" hai0="4,7,12,16,60,64,68" hai3="8,19,61,65,70,79,83,87,90,91,93,96,100" /><INIT seed="3,3,1,0,5,90" ten="358,134,144,354" oya="3" hai0="120,100,117,39,42,7,16,31,58,3,102,128,75" hai1="14,103,60,43,94,83,70,49,59,77,89,86,82" hai2="125,5,17,134,62,12,118,10,2,127,109,98,116" hai3="135,129,0,40,56,47,29,57,76,38,53,73,91"/><W64/><G135/><T9/><D120/><U119/><E119/><N who="2" m="45611" /><F62/><W36/><G129/><T11/><D117/><U105/><E70/><V27/><F98/><W92/><G29/><T110/><D128/><U6/><E105/><V87/><F87/><W74/><G38/><T51/><D75/><U112/><E112/><V33/><F134/><W85/><G0/><T45/><D110/><U18/><E6/><V48/><F48/><W81/><G64/><T126/><D126/><N who="2" m="48138" /><F109/><W69/><G69/><T133/><D31/><U21/><E103/><V22/><F33/><W115/><G115/><T96/><D133/><U132/><E77/><V84/><F84/><W32/><G32/><T93/><D102/><U26/><E49/><V99/><F99/><W122/><G122/><T54/><D3/><AGARI ba="3,1" hai="2,3,5,10,12,17,22,27" m="48138,45611" machi="3" ten="30,3900,0" yaku="18,1,34,2" doraHai="90" who="2" fromWho="0" sc="358,-48,134,0,144,58,354,0" /><INIT seed="4,0,0,2,3,78" ten="310,134,202,354" oya="0" hai0="124,98,101,73,135,76,91,56,89,111,25,53,92" hai1="33,6,44,84,29,50,34,134,121,68,20,117,28" hai2="97,14,72,82,1,27,63,55,38,113,22,123,106" hai3="7,31,103,60,39,24,94,85,61,43,128,100,132"/><T77/><D124/><U0/><E68/><V64/><F123/><W104/><G104/><T51/><D135/><U15/><E117/><V48/><F1/><W42/><G132/><T131/><D131/><U93/><E0/><V110/><F110/><W9/><G128/><T5/><D111/><U30/><E121/><V13/><F38/><W41/><G39/><T115/><D115/><U119/><E119/><V59/><F113/><W32/><G85/><T4/><D25/><U47/><E47/><V90/><F72/><W65/><G94/><T81/><D77/><U107/><E107/><V125/><F125/><W116/><G60/><T74/><D74/><U118/><E118/><V45/><F106/><W12/><REACH who="3" step="1"/><G116/><REACH who="3" ten="310,134,202,344" step="2"/><T37/><D37/><U75/><E75/><V96/><F96/><W57/><AGARI ba="0,1" hai="7,9,12,24,31,32,41,42,43,57,61,65,100,103" machi="57" ten="30,7900,0" yaku="1,1,2,1,0,1,53,1" doraHai="78" doraHaiUra="52" who="3" fromWho="3" sc="310,-39,134,-20,202,-20,344,89" /><INIT seed="5,0,0,2,1,84" ten="271,114,182,433" oya="1" hai0="127,80,5,18,19,34,42,4,31,88,82,126,33" hai1="50,97,1,69,56,24,13,43,49,11,40,37,124" hai2="119,66,57,106,135,132,51,121,115,58,71,117,72" hai3="123,7,2,26,87,22,38,79,95,10,21,107,109"/><U12/><E1/><V6/><F72/><W131/><G109/><T48/><D48/><N who="1" m="18539" /><E69/><V14/><F106/><W133/><G107/><T47/><D31/><U110/><E37/><V120/><F14/><N who="1" m="5737" /><E124/><V118/><F6/><W100/><G133/><N who="2" m="51273" /><F115/><W73/><G131/><T104/><D104/><U105/><E105/><V9/><F9/><W35/><G123/><N who="2" m="47177" /><F51/><W59/><G73/><T111/><D111/><U65/><E110/><V0/><F0/><W130/><G130/><T15/><D15/><U86/><E11/><V67/><F71/><W122/><G38/><T74/><D74/><U8/><E8/><V32/><F32/><W36/><G35/><T61/><D61/><N who="1" m="38055" /><E24/><V62/><F62/><W78/><G36/><T116/><D116/><U112/><E112/><V75/><F75/><W94/><G122/><T64/><D64/><AGARI ba="0,0" hai="57,58,64,66,67,117,118,119" m="47177,51273" machi="64" ten="40,8000,1" yaku="28,2,20,1,34,2" doraHai="84" who="2" fromWho="0" sc="271,-80,114,0,182,80,433,0" /><INIT seed="6,0,0,5,0,122" ten="191,114,262,433" oya="2" hai0="0,87,6,74,15,77,25,81,104,83,124,30,56" hai1="116,18,26,46,109,72,93,89,47,20,62,112,16" hai2="36,80,44,90,39,7,21,133,55,67,111,131,48" hai3="70,117,10,12,50,60,78,23,29,94,84,118,1"/><V115/><F115/><W91/><G1/><T3/><D104/><U113/><E72/><V61/><F133/><W28/><G70/><T135/><D124/><U58/><E116/><V53/><F7/><W52/><G60/><T97/><D135/><U125/><E125/><V75/><F131/><W17/><G78/><T49/><D97/><U82/><E82/><V119/><F119/><W107/><G107/><T100/><D100/><U40/><E109/><V65/><F75/><W128/><G128/><T106/><D106/><U11/><E11/><V88/><F21/><W132/><G132/><T102/><D102/><U41/><E18/><V22/><F22/><W2/><G118/><T66/><D15/><U33/><E33/><V5/><F5/><W110/><G110/><T4/><D3/><U95/><E95/><V121/><F121/><W85/><G117/><T127/><D0/><U129/><E129/><V32/><F32/><W126/><G126/><T99/><D99/><N who="1" m="57775" /><E112/><V19/><F19/><N who="3" m="8599" /><G84/><T57/><D127/><U103/><E103/><V123/><F123/><W105/><G105/><T43/><D81/><U27/><E27/><V114/><F114/><W42/><G42/><N who="1" m="16490" /><E113/><V59/><F111/><W64/><G64/><AGARI ba="0,0" hai="16,20,26,46,47,58,62,64" m="16490,57775" machi="64" ten="30,2000,0" yaku="8,1,54,1" doraHai="122" who="1" fromWho="3" sc="191,0,114,20,262,0,433,-20" /><INIT seed="7,0,0,3,4,71" ten="191,134,262,413" oya="3" hai0="42,104,79,55,117,28,8,22,10,41,4,105,58" hai1="132,80,51,94,24,122,50,39,33,6,60,75,113" hai2="64,100,120,66,2,70,69,86,61,124,34,101,43" hai3="103,123,19,49,59,62,25,93,121,81,14,63,109"/><W37/><G37/><T112/><D117/><U46/><E122/><V110/><F110/><W45/><G25/><T115/><D79/><U114/><E132/><V102/><F2/><W82/><G63/><T87/><D87/><U99/><E6/><V133/><F34/><W36/><G36/><T32/><D32/><U126/><E60/><V106/><F106/><N who="0" m="41066" /><D22/><U26/><E75/><V85/><F43/><N who="0" m="16394" /><D28/><U13/><E80/><V54/><F133/><W95/><G49/><N who="0" m="31087" /><D4/><U12/><E33/><V5/><F124/><W21/><G45/><T84/><D84/><U53/><E39/><V134/><F5/><W91/><G103/><T97/><D97/><U78/><E78/><V129/><F129/><W128/><G128/><T57/><D57/><U18/><E126/><V38/><F38/><W9/><G95/><T0/><D0/><U130/><E130/><V77/><F77/><W107/><G107/><T98/><D98/><U118/><E99/><V74/><F74/><W52/><G109/><T31/><D31/><U108/><E108/><V15/><F134/><W30/><G121/><T127/><D127/><U67/><E94/><V56/><F120/><W23/><G93/><T90/><D90/><U119/><E53/><V17/><F69/><W35/><G91/><T68/><D68/><U40/><E40/><V131/><F131/><W65/><G35/><T44/><D44/><U47/><REACH who="1" step="1"/><E18/><REACH who="1" ten="191,124,262,413" step="2"/><V3/><F17/><W16/><G16/><T11/><D115/><U125/><E125/><V1/><F61/><W89/><G62/><T20/><D112/><U7/><E7/><RYUUKYOKU ba="0,1" sc="191,15,124,15,262,-15,413,-15" hai0="8,10,11,20" hai1="12,13,24,26,46,47,50,51,67,113,114,118,119" owari="206,-19.4,139,-36.1,247,4.7,408,50.8" /></mjloggm>