<mjloggm ver="2.3"><GO type="169" lobby="0"/><UN n0="%E3%83%89%E3%83%A9%E3%81%AA%E3%81%8A" n1="%E7%AB%B9%E4%BA%95%E4%B9%85%EF%BC%A0%E9%83%A8%E9%95%B7" n2="%6D%79%6D%65%6C%6F%58%58" n3="%E6%B2%B3%E7%AB%A5%E3%81%AE%E3%83%AF%E3%82%AB%E3%83%9E%E3%83%84" dan="16,17,16,19" rate="2081.82,2139.00,2136.14,2314.30" sx="M,F,F,M"/><TAIKYOKU oya="0"/><INIT seed="0,0,0,3,5,17" ten="250,250,250,250" oya="0" hai0="86,115,19,69,100,62,77,92,25,76,127,51,93" hai1="99,67,129,40,63,132,112,105,95,31,30,91,7" hai2="82,111,125,84,119,64,41,74,49,28,26,123,44" hai3="116,68,23,85,97,79,117,120,29,48,39,56,8"/><T3/><D115/><U35/><E112/><V114/><F123/><W47/><G68/><T55/><D127/><U89/><E129/><V70/><F114/><W6/><G39/><T72/><D3/><U2/><E132/><V83/><F125/><W106/><G120/><T15/><D72/><U53/><E35/><V57/><F111/><W27/><G56/><T4/><D4/><U94/><E105/><V33/><F119/><W101/><G85/><T36/><D36/><U73/><E73/><V0/><F0/><W104/><G79/><T133/><D133/><U24/><E40/><V50/><F74/><W130/><G106/><T66/><D25/><U90/><E53/><V96/><F70/><W122/><G130/><T61/><D61/><U37/><E37/><V46/><F96/><W75/><G122/><T113/><D113/><U134/><E134/><V18/><F18/><W32/><G32/><T103/><D100/><U71/><E94/><V59/><F64/><W5/><G5/><T118/><D118/><U45/><E45/><V65/><F65/><W135/><G135/><T12/><D12/><U131/><E131/><V20/><F33/><W80/><G80/><N who="2" m="30761" /><F84/><W9/><G9/><N who="0" m="6639" /><D86/><U1/><E7/><V13/><F13/><W54/><REACH who="3" step="1"/><G75/><REACH who="3" ten="250,250,250,240" step="2"/><T102/><D77/><U60/><E71/><V10/><F10/><W108/><G108/><T121/><D76/><U98/><E98/><V81/><F81/><W128/><G128/><T124/><D121/><U43/><E99/><V11/><F11/><W42/><G42/><AGARI ba="0,1" hai="20,26,28,41,42,44,46,49,50,57,59" m="30761" machi="42" ten="30,2000,0" yaku="8,1,52,1" doraHai="17" who="2" fromWho="3" sc="250,0,250,0,250,30,240,-20" /><INIT seed="1,0,0,2,5,15" ten="250,250,280,220" oya="1" hai0="45,21,48,81,127,23,128,31,116,108,126,104,95" hai1="75,89,74,55,4,99,111,30,3,60,133,53,0" hai2="61,72,100,40,6,70,28,27,115,105,110,58,131" hai3="29,22,97,101,57,76,87,56,17,135,92,7,71"/><U25/><E133/><V67/><F110/><W83/><G135/><T124/><D116/><U77/><E111/><V38/><F131/><W39/><G71/><T134/><D108/><U102/><E89/><V35/><F6/><W109/><G109/><T51/><D134/><U84/><E84/><V26/><F26/><W33/><G39/><T54/><D104/><U12/><E12/><V121/><F58/><W16/><G7/><T117/><D117/><U118/><E118/><V112/><F72/><W120/><G120/><T88/><D128/><U5/><E5/><V90/><F90/><W9/><G9/><T66/><D66/><U10/><E3/><V24/><F24/><N who="3" m="16535" /><G33/><T46/><D81/><U93/><E60/><V132/><F121/><W18/><AGARI ba="0,0" hai="16,17,18,56,57,76,83,87,92,97,101" m="16535" machi="18" ten="30,8000,1" yaku="8,1,52,3,54,1" doraHai="15" who="3" fromWho="3" sc="250,-20,250,-40,280,-20,220,80" /><INIT seed="2,0,0,1,5,43" ten="230,210,260,300" oya="2" hai0="75,55,40,56,47,4,8,27,81,18,112,118,73" hai1="69,46,66,83,68,119,2,53,11,120,110,24,93" hai2="121,32,129,72,51,29,89,122,60,123,63,108,25" hai3="102,7,79,65,104,109,50,127,80,67,3,111,71"/><V113/><F113/><W97/><G127/><T9/><D112/><U76/><E119/><V98/><F129/><W114/><G114/><T96/><D118/><U39/><E110/><N who="3" m="41994" /><G71/><T16/><D96/><U86/><E120/><V103/><F108/><W34/><G34/><T49/><D9/><U20/><E66/><V95/><F72/><N who="3" m="43111" /><G50/><T100/><D100/><U37/><E93/><V116/><F116/><W92/><G104/><T106/><D106/><U133/><E133/><V14/><F14/><W135/><G135/><T115/><D115/><U70/><E11/><AGARI ba="0,0" hai="3,7,11,65,67,92,97,102" m="43111,41994" machi="11" ten="30,1000,0" yaku="14,1" doraHai="43" who="3" fromWho="1" sc="230,0,210,-10,260,0,300,10" /><INIT seed="3,0,0,4,3,7" ten="230,200,260,310" oya="3" hai0="19,58,24,132,57,118,113,119,32,27,35,103,82" hai1="79,130,11,71,46,106,72,28,70,26,64,48,112" hai2="127,94,34,31,44,15,41,107,42,38,122,89,29" hai3="98,93,123,77,67,56,63,102,78,101,9,16,53"/><W43/><G123/><T99/><D132/><U17/><E112/><V39/><F127/><W135/><G135/><T68/><D68/><U134/><E106/><V47/><F107/><W86/><G43/><T2/><D113/><U111/><E134/><V76/><F122/><W114/><G114/><T40/><D2/><U21/><E111/><V0/><F0/><W8/><G102/><T91/><D40/><U88/><E130/><V6/><F76/><N who="3" m="29291" /><G86/><T104/><D91/><U108/><E108/><V133/><F34/><W51/><G16/><T75/><D82/><U128/><E128/><V23/><F133/><W59/><AGARI ba="0,0" hai="8,9,51,53,56,59,63,67,93,98,101" m="29291" machi="59" ten="30,6000,0" yaku="8,1,52,2" doraHai="7" who="3" fromWho="3" sc="230,-20,200,-20,260,-20,310,60" /><INIT seed="3,1,0,0,1,25" ten="210,180,240,370" oya="3" hai0="105,43,77,83,69,61,40,97,24,46,31,81,1" hai1="132,94,91,106,72,82,100,41,47,18,51,27,128" hai2="6,116,96,12,34,50,44,8,58,113,2,111,4" hai3="19,107,14,38,126,30,60,109,135,78,45,32,114"/><W9/><G114/><T23/><D1/><U33/><E128/><V63/><F113/><W89/><G107/><T35/><D23/><U108/><E108/><V95/><F111/><W129/><G109/><T36/><D43/><U11/><E132/><V52/><F34/><W98/><G135/><T59/><D77/><U3/><E106/><V5/><F116/><W93/><G129/><T120/><D120/><U68/><E68/><V29/><F29/><W20/><G126/><T48/><D36/><U110/><E100/><V99/><F2/><W53/><G32/><T28/><D28/><U92/><E110/><V17/><REACH who="2" step="1"/><F95/><REACH who="2" ten="210,180,230,370" step="2"/><W56/><G30/><T121/><D121/><U130/><E92/><V125/><F125/><W42/><REACH who="3" step="1"/><G78/><REACH who="3" ten="210,180,230,360" step="2"/><T133/><D133/><U39/><E33/><V127/><F127/><W87/><G87/><T13/><D35/><U119/><E130/><V123/><F123/><W104/><G104/><T65/><D31/><U66/><E119/><V101/><F101/><W73/><G73/><T112/><D112/><U64/><E72/><V80/><F80/><W131/><G131/><T55/><D83/><U49/><E82/><V71/><F71/><W76/><G76/><T74/><D81/><U118/><E118/><V22/><F22/><AGARI ba="1,2" hai="9,14,19,20,22,38,42,45,53,56,60,89,93,98" machi="22" ten="40,2000,0" yaku="1,1,53,0" doraHai="25" doraHaiUra="102" who="3" fromWho="2" sc="210,0,180,0,230,-23,360,43" /><INIT seed="3,2,0,2,0,16" ten="210,180,207,403" oya="3" hai0="42,85,9,126,134,84,59,111,36,3,65,4,18" hai1="100,15,30,64,0,128,6,34,86,83,76,47,92" hai2="109,66,58,67,45,124,27,69,131,82,29,60,102" hai3="49,41,33,73,7,1,48,28,31,117,12,61,8"/><W37/><G117/><T62/><D111/><U74/><E128/><V17/><F109/><W68/><G73/><T40/><D126/><U81/><E0/><V133/><F131/><W135/><G135/><T88/><D134/><U129/><E129/><V97/><F133/><W63/><G37/><T122/><D122/><U112/><E112/><V32/><F124/><W78/><G68/><T39/><D84/><U5/><E64/><V72/><F45/><W103/><G103/><T99/><D99/><U119/><E119/><V19/><F67/><W121/><G121/><T70/><D70/><U54/><E34/><V77/><REACH who="2" step="1"/><F58/><REACH who="2" ten="210,180,197,403" step="2"/><W24/><G41/><T91/><D42/><U57/><E47/><V125/><F125/><W50/><G78/><T43/><D40/><U107/><E57/><V14/><F14/><W71/><G71/><T96/><D43/><U114/><E15/><V89/><F89/><W13/><G12/><T95/><REACH who="0" step="1"/><D18/><REACH who="0" ten="200,180,197,403" step="2"/><U56/><E114/><V55/><F55/><W101/><G101/><T53/><D53/><U108/><E54/><V22/><F22/><W118/><G118/><T2/><D2/><U98/><E100/><V35/><F35/><W21/><REACH who="3" step="1"/><G1/><REACH who="3" ten="200,180,197,393" step="2"/><T26/><D26/><AGARI ba="2,3" hai="7,8,13,21,24,26,28,31,33,48,49,50,61,63" machi="26" ten="40,7700,0" yaku="1,1,2,1,52,1,53,0" doraHai="16" doraHaiUra="38" who="3" fromWho="0" sc="200,-83,180,0,197,0,393,113" /><INIT seed="3,3,0,5,0,99" ten="117,180,197,506" oya="3" hai0="77,32,124,66,67,12,121,87,2,103,35,108,86" hai1="18,43,1,21,25,15,112,36,134,52,105,98,46" hai2="92,78,22,23,10,39,118,62,72,30,54,20,64" hai3="47,63,117,60,82,127,11,128,9,116,97,7,94"/><W48/><G128/><T101/><D121/><U133/><E1/><V91/><F118/><W107/><G107/><T41/><D2/><U74/><E112/><V40/><F54/><W14/><G127/><T73/><D73/><U131/><E74/><V55/><F55/><W3/><G82/><T4/><D41/><U56/><E131/><V27/><F10/><W76/><G76/><T126/><D12/><U24/><E105/><V59/><F40/><W51/><G116/><T132/><D4/><U44/><E44/><V135/><F39/><W45/><G117/><T6/><D6/><U75/><E98/><V120/><F120/><W102/><G45/><T110/><REACH who="0" step="1"/><D77/><REACH who="0" ten="107,180,197,506" step="2"/><U68/><E75/><V100/><F135/><AGARI ba="3,1" hai="32,35,66,67,86,87,101,103,108,110,124,126,132,135" machi="135" ten="25,16000,3" yaku="1,1,2,1,22,2,52,2,53,2" doraHai="99" doraHaiUra="61" who="0" fromWho="2" sc="107,179,180,0,197,-169,506,0" /><INIT seed="4,0,0,0,2,127" ten="286,180,28,506" oya="0" hai0="69,83,104,102,75,108,42,16,47,88,79,33,44" hai1="48,82,103,94,0,92,129,57,51,30,34,67,1" hai2="125,59,27,32,98,31,116,17,72,73,100,91,74" hai3="36,122,128,35,46,114,15,50,120,19,118,121,52"/><T85/><D33/><U56/><E34/><V133/><F125/><W109/><G128/><T135/><D69/><U119/><E30/><V107/><F133/><W7/><G109/><T40/><D135/><U81/><E103/><V117/><F17/><W105/><G118/><T70/><D70/><U113/><E67/><V115/><F91/><W78/><G114/><T110/><D102/><U126/><E126/><V112/><REACH who="2" step="1"/><F59/><REACH who="2" ten="286,180,18,506" step="2"/><W61/><G19/><T87/><D16/><U11/><E57/><V97/><F97/><W80/><G121/><T39/><D104/><U37/><E56/><V5/><F5/><W25/><G105/><T63/><D63/><U71/><E71/><V93/><F93/><W86/><G61/><T99/><D99/><U20/><E94/><V101/><F101/><W64/><G120/><T89/><D89/><U54/><E92/><V111/><F111/><N who="0" m="42538" /><D88/><U55/><E113/><AGARI ba="0,1" hai="27,31,32,72,73,74,98,100,107,112,113,115,116,117" machi="113" ten="50,8000,1" yaku="1,1,15,1,23,2,53,0" doraHai="127" doraHaiUra="9" who="2" fromWho="1" sc="286,0,180,-80,18,90,506,0" /><INIT seed="5,0,0,2,3,68" ten="286,100,108,506" oya="1" hai0="44,108,113,114,122,121,93,132,28,55,14,30,129" hai1="64,49,18,11,115,117,22,38,0,7,86,90,134" hai2="42,126,88,24,78,89,79,32,37,72,33,127,26" hai3="31,98,35,107,29,67,83,58,57,60,48,52,91"/><U131/><E117/><V75/><REACH who="2" step="1"/><F42/><REACH who="2" ten="286,100,98,506" step="2"/><W80/><G35/><T104/><D122/><U76/><E134/><V124/><F124/><W17/><G107/><T120/><D121/><U71/><E131/><V62/><F62/><W94/><G17/><T70/><D120/><U3/><E18/><V92/><F92/><W103/><G103/><T15/><D93/><U40/><E40/><V20/><F20/><W133/><G133/><T9/><D104/><U8/><E22/><V19/><F19/><W82/><AGARI ba="0,1" hai="29,31,48,52,57,58,60,67,80,82,83,91,94,98" machi="82" ten="30,4000,0" yaku="0,1,8,1,54,1" doraHai="68" who="3" fromWho="3" sc="286,-10,100,-20,98,-10,506,50" /><INIT seed="6,0,0,4,4,13" ten="276,80,88,556" oya="2" hai0="135,75,59,88,74,82,30,89,56,121,104,18,27" hai1="0,86,8,22,117,111,126,108,3,118,67,99,133" hai2="60,106,36,29,119,37,4,14,32,58,95,127,132" hai3="131,21,42,57,52,62,25,76,45,6,28,33,79"/><V16/><F119/><N who="1" m="45577" /><E67/><V83/><F106/><W35/><G131/><T63/><D121/><U85/><E99/><V100/><F127/><W97/><G6/><T114/><D104/><U17/><E86/><V43/><F4/><W112/><G112/><T41/><D114/><U115/><E85/><V80/><F132/><W15/><G97/><T116/><D116/><U81/><E81/><V26/><F100/><W53/><G53/><T23/><D135/><U7/><E115/><V92/><F83/><W38/><REACH who="3" step="1"/><G15/><REACH who="3" ten="276,80,88,546" step="2"/><T1/><D1/><N who="1" m="111" /><E133/><V109/><F109/><N who="1" m="42057" /><E126/><V12/><F12/><AGARI ba="0,1" hai="0,3,12,17,22" m="42057,111,45577" machi="12" ten="30,3900,0" yaku="34,2,52,1" doraHai="13" who="1" fromWho="2" sc="276,0,80,49,88,-39,546,0" /><INIT seed="7,0,0,5,2,79" ten="276,129,49,546" oya="3" hai0="53,96,120,70,80,123,75,55,36,10,17,82,87" hai1="27,93,16,50,119,46,130,44,26,2,105,28,100" hai2="113,45,61,3,42,33,103,132,131,102,101,58,86" hai3="59,6,20,83,106,114,22,4,68,31,9,112,128"/><W7/><G68/><T71/><D36/><U126/><E2/><V97/><F3/><W32/><G106/><T63/><D96/><U47/><E105/><V117/><F117/><W66/><G83/><T37/><D37/><U67/><E119/><V92/><F113/><N who="3" m="43627" /><G128/><T111/><D111/><U135/><E135/><V35/><F132/><W78/><G78/><T56/><D75/><U54/><E126/><V5/><F131/><W76/><G76/><T116/><D116/><U94/><E130/><V127/><F127/><W21/><G9/><T41/><D41/><U108/><E108/><V1/><F1/><W107/><G107/><T118/><D118/><U73/><E73/><V25/><F5/><W91/><G91/><T104/><D104/><U65/><E16/><V134/><F134/><W8/><G8/><T133/><D133/><U90/><E100/><V89/><F35/><W51/><G32/><T109/><D109/><U40/><E93/><V19/><F33/><W38/><G38/><T121/><D87/><U77/><E77/><V24/><F86/><W60/><G51/><T98/><D98/><U12/><E12/><V30/><F30/><AGARI ba="0,0" hai="4,6,7,20,21,22,30,31,59,60,66" m="43627" machi="30" ten="40,2000,0" yaku="15,1" doraHai="79" who="3" fromWho="2" sc="276,0,129,0,49,-20,546,20" owari="276,7.6,129,-27.1,29,-47.1,566,66.6" /></mjloggm>