<mjloggm ver="2.3"><GO type="169" lobby="0"/><UN n0="%65%76%61%63%61%6E%69%61" n1="%43%68%61%72%6F%2E" n2="%E6%88%91%E5%8F%AF%E4%BB%A5" n3="%6B%61%74%65%72%69%6E%61" dan="16,16,16,17" rate="2204.08,2135.86,2107.57,2176.11" sx="M,M,M,M"/><TAIKYOKU oya="0"/><INIT seed="0,0,0,5,4,1" ten="250,250,250,250" oya="0" hai0="42,129,43,72,19,31,40,101,106,25,76,34,107" hai1="130,66,28,12,7,69,117,84,105,64,110,74,79" hai2="29,17,92,50,125,44,82,85,127,18,36,61,51" hai3="35,16,45,62,90,21,38,41,112,108,67,48,0"/><T95/><D129/><U114/><E74/><V134/><F134/><W71/><G112/><T9/><D72/><U23/><E117/><V87/><F36/><W100/><G108/><T91/><D76/><U53/><E105/><V75/><F75/><W39/><G35/><T57/><D101/><U131/><E110/><V56/><F29/><W26/><G0/><T4/><D19/><N who="2" m="7178" /><F92/><W124/><G124/><N who="2" m="47689" /><F44/><W54/><G100/><T3/><REACH who="0" step="1"/><D57/><REACH who="0" ten="240,250,250,250" step="2"/><U20/><E131/><V58/><F58/><W49/><G90/><T94/><D94/><U89/><E130/><V8/><F82/><W83/><G83/><T98/><AGARI ba="0,1" hai="3,4,9,25,31,34,40,42,43,91,95,98,106,107" machi="98" ten="30,6000,0" yaku="1,1,0,1,52,1,53,0" doraHai="1" doraHaiUra="121" who="0" fromWho="0" sc="240,70,250,-20,250,-20,250,-20" /><INIT seed="0,1,0,2,4,79" ten="310,230,230,230" oya="0" hai0="121,82,17,101,90,44,96,131,15,24,51,53,95" hai1="93,1,38,116,118,32,125,16,98,47,92,75,61" hai2="43,34,42,73,65,57,62,112,37,84,94,29,60" hai3="23,45,88,128,59,100,33,67,22,130,40,87,54"/><T105/><D131/><N who="3" m="50217" /><G67/><T81/><D121/><U126/><E1/><V64/><F73/><W50/><G100/><T31/><D24/><U106/><E32/><V72/><F72/><W46/><G46/><T83/><D31/><U107/><E61/><V124/><F112/><W80/><G33/><T52/><D53/><U132/><E132/><V0/><F0/><W102/><G102/><T103/><REACH who="0" step="1"/><D105/><REACH who="0" ten="300,230,230,230" step="2"/><U11/><E107/><V119/><F29/><W49/><AGARI ba="1,1" hai="22,23,40,45,49,50,54,59,80,87,88" m="50217" machi="49" ten="30,4000,0" yaku="19,1,52,1,54,1" doraHai="79" who="3" fromWho="3" sc="300,-21,230,-11,230,-11,230,53" /><INIT seed="1,0,0,4,1,27" ten="279,219,219,283" oya="1" hai0="128,133,64,90,38,124,16,122,101,24,1,87,6" hai1="53,13,96,26,103,127,120,123,85,91,89,117,68" hai2="8,135,62,48,45,118,42,82,17,60,66,130,34" hai3="105,40,104,39,4,0,55,73,31,93,106,113,10"/><U126/><E68/><V5/><F118/><W20/><G113/><T79/><D124/><N who="1" m="47659" /><E13/><V56/><F130/><W7/><G73/><T131/><D122/><N who="1" m="46635" /><E53/><V111/><F111/><W57/><G93/><T71/><D71/><U43/><E43/><V98/><F135/><W129/><G129/><T114/><D133/><U15/><E15/><V54/><F34/><W22/><G7/><T100/><D6/><U67/><E67/><V21/><F82/><W99/><G99/><T81/><D64/><U41/><E41/><V61/><F98/><W78/><G78/><T30/><D79/><U76/><E26/><V125/><F66/><W94/><G94/><T95/><D95/><N who="1" m="58783" /><E117/><V47/><F125/><W115/><G115/><T80/><D114/><U77/><E89/><V74/><F47/><W69/><G69/><T19/><D1/><U46/><E46/><V12/><F74/><W58/><G40/><T88/><D38/><U86/><E85/><V108/><F108/><W72/><G72/><T14/><D131/><U9/><E9/><V65/><F65/><W134/><G134/><T121/><D121/><U51/><E51/><V132/><F132/><W59/><G39/><T92/><D128/><U84/><E86/><V32/><F32/><W107/><N who="3" m="26624" /><DORA hai="28" /><W2/><G2/><AGARI ba="0,0" hai="2,5,8,12,17,21,42,45,48,54,56,60,61,62" machi="2" ten="30,1000,0" yaku="7,1" doraHai="27,28" who="2" fromWho="3" sc="279,0,219,0,219,10,283,-10" /><INIT seed="2,0,0,3,4,81" ten="279,219,229,273" oya="2" hai0="130,108,21,24,82,75,35,41,20,113,63,43,105" hai1="7,78,67,106,57,16,26,119,56,80,111,120,102" hai2="91,25,86,18,118,66,93,31,109,126,30,114,55" hai3="44,124,40,10,97,128,3,60,70,58,88,95,34"/><V123/><F114/><W132/><G132/><T50/><D113/><U62/><E111/><V33/><F118/><W83/><G128/><T15/><D105/><U85/><E119/><V74/><F123/><W28/><G124/><T32/><D108/><U59/><E120/><V94/><F74/><W89/><G70/><T112/><D112/><U77/><E7/><V79/><F79/><W1/><G10/><T96/><D130/><U12/><E26/><V5/><F126/><W99/><G28/><T103/><D15/><U49/><E49/><V110/><F30/><W104/><G34/><T133/><D133/><U71/><E106/><V0/><F66/><W100/><G89/><T84/><D63/><U37/><E37/><V61/><F18/><W45/><G83/><T76/><D20/><U42/><E42/><V29/><F94/><W107/><G107/><T69/><D69/><U68/><E68/><V14/><F29/><W47/><REACH who="3" step="1"/><G40/><REACH who="3" ten="279,219,229,263" step="2"/><T6/><D43/><U129/><E129/><V13/><F109/><W125/><G125/><T98/><D35/><U64/><E102/><V116/><F110/><W73/><G73/><T122/><D32/><U38/><E78/><V19/><F116/><W90/><G90/><T115/><D103/><U134/><E134/><V2/><F33/><W92/><G92/><T9/><D115/><U53/><E77/><V135/><F135/><W4/><G4/><T121/><D75/><U65/><E71/><V131/><F131/><W117/><G117/><T87/><D122/><U48/><E80/><N who="2" m="49607" /><F5/><W127/><G127/><T39/><D121/><RYUUKYOKU ba="0,1" sc="279,-10,219,-10,229,-10,263,30" hai3="1,3,44,45,47,58,60,88,95,97,99,100,104" /><INIT seed="3,1,1,5,1,6" ten="269,209,219,293" oya="3" hai0="77,109,90,89,118,84,119,63,69,19,106,38,12" hai1="80,97,25,54,135,32,79,113,132,58,40,53,93" hai2="14,35,52,71,114,37,47,51,72,81,133,16,122" hai3="30,34,49,26,95,41,120,29,85,100,87,128,48"/><W104/><G104/><T9/><D38/><U22/><E32/><V111/><F114/><W115/><G115/><T67/><D106/><U129/><E40/><V66/><F111/><W99/><G120/><T134/><D109/><U31/><E113/><V1/><F35/><W61/><G128/><T73/><D134/><N who="1" m="51243" /><E129/><V55/><F133/><W64/><G30/><T68/><D68/><U45/><E45/><V70/><F1/><W74/><G74/><T20/><D90/><N who="1" m="55479" /><E58/><V7/><F122/><W102/><G102/><T112/><D112/><U92/><E92/><V83/><F37/><W2/><G2/><T75/><D20/><U86/><AGARI ba="1,1" hai="22,25,31,53,54,79,80,86" m="55479,51243" machi="86" ten="30,1100,0" yaku="20,1" doraHai="6" who="1" fromWho="1" sc="269,-4,209,24,219,-4,293,-6" /><INIT seed="4,0,0,1,5,47" ten="265,233,215,287" oya="0" hai0="10,60,85,54,30,100,52,106,43,128,23,118,49" hai1="111,38,104,131,7,33,89,20,8,121,27,57,87" hai2="80,76,103,1,127,21,15,29,53,68,107,2,6" hai3="88,84,72,120,114,124,0,37,135,126,78,64,123"/><T102/><D118/><U97/><E111/><V122/><F122/><W65/><G0/><T77/><D128/><U83/><E38/><V46/><F68/><W28/><G114/><T17/><D30/><U45/><E121/><N who="3" m="46666" /><G135/><T95/><D10/><U119/><E33/><V48/><F127/><N who="3" m="48683" /><G37/><T50/><D106/><U101/><E131/><V44/><F44/><W5/><G5/><T36/><D36/><U75/><E119/><V110/><F110/><W16/><G16/><T19/><D43/><U24/><E57/><V79/><F6/><W109/><G109/><T81/><D60/><U58/><E75/><V86/><F76/><W93/><G28/><T31/><D31/><U113/><E113/><V34/><F34/><W59/><G59/><N who="0" m="33231" /><D95/><U63/><E20/><V69/><F69/><W62/><G62/><T26/><D17/><U40/><E8/><V67/><F29/><W32/><G32/><T13/><D13/><U115/><E115/><V90/><F2/><W125/><G125/><T18/><D19/><U134/><E134/><V130/><F1/><W14/><G14/><T73/><D73/><U25/><E7/><V82/><F130/><W132/><G132/><T4/><D4/><U70/><E70/><V74/><F15/><W42/><G42/><T98/><D98/><U99/><E99/><N who="2" m="61951" /><F21/><W41/><G41/><T71/><D71/><U61/><E58/><AGARI ba="0,0" hai="18,23,26,50,52,58,77,81,85,100,102" m="33231" machi="58" ten="30,11600,0" yaku="8,1,52,2,54,1" doraHai="47" who="0" fromWho="1" sc="265,116,233,-116,215,0,287,0" /><INIT seed="4,1,0,5,5,92" ten="381,117,215,287" oya="0" hai0="89,95,124,82,27,106,88,101,55,103,15,119,65" hai1="57,23,85,67,116,128,62,72,5,50,113,133,129" hai2="6,75,59,66,104,84,118,35,69,0,3,102,45" hai3="14,120,61,77,60,12,79,13,71,19,49,24,81"/><T110/><D119/><U109/><E116/><V114/><F118/><W123/><G49/><T40/><D124/><U17/><E72/><V1/><F59/><W63/><G71/><T20/><D110/><U30/><E109/><V10/><F84/><W73/><G79/><T78/><D40/><U130/><E133/><V2/><F114/><W38/><G38/><T54/><D65/><U80/><E5/><V135/><F135/><W26/><REACH who="3" step="1"/><G19/><REACH who="3" ten="381,117,215,277" step="2"/><T98/><D78/><N who="1" m="46231" /><E50/><V44/><F75/><W43/><G43/><T127/><D127/><U64/><E113/><V25/><F69/><W91/><G91/><T47/><D89/><U96/><E30/><V58/><F6/><W8/><G8/><T83/><D88/><U74/><E74/><V132/><F10/><W68/><G68/><T42/><D42/><U100/><E62/><V111/><F132/><W122/><AGARI ba="1,1" hai="12,13,14,24,26,60,61,63,73,77,81,120,122,123" machi="122" ten="40,8000,1" yaku="1,1,0,1,29,2,13,1,53,0" doraHai="92" doraHaiUra="16" who="3" fromWho="3" sc="381,-41,117,-21,215,-21,277,93" /><INIT seed="5,0,0,1,1,50" ten="340,96,194,370" oya="1" hai0="11,56,100,95,109,25,43,22,28,53,55,105,35" hai1="84,47,6,31,29,30,40,14,71,102,16,91,34" hai2="133,0,76,120,44,119,70,39,68,132,42,36,85" hai3="112,134,86,83,111,57,9,2,116,135,52,108,115"/><U66/><E102/><V17/><F0/><W10/><G116/><T123/><D109/><N who="3" m="42057" /><G86/><T101/><D123/><U131/><E131/><V96/><F119/><W94/><G94/><T69/><D69/><U45/><E6/><V54/><F120/><W67/><G67/><T5/><D105/><U110/><E110/><V90/><F39/><W20/><G20/><T23/><D43/><U61/><E34/><V128/><F128/><W121/><G83/><T33/><D33/><U37/><E45/><V87/><F96/><W1/><G121/><T18/><D95/><U21/><REACH who="1" step="1"/><E31/><REACH who="1" ten="340,86,194,370" step="2"/><V75/><F44/><W106/><G106/><T3/><D35/><U81/><AGARI ba="0,1" hai="14,16,21,29,30,37,40,47,61,66,71,81,84,91" machi="81" ten="20,18000,2" yaku="1,1,2,1,0,1,7,1,54,1,53,1" doraHai="50" doraHaiUra="58" who="1" fromWho="1" sc="340,-60,86,190,194,-60,370,-60" /><INIT seed="5,1,0,5,3,5" ten="280,276,134,310" oya="1" hai0="19,42,20,111,129,130,106,47,83,53,69,7,37" hai1="26,56,55,50,82,57,80,96,66,39,29,119,2" hai2="79,86,84,89,17,65,10,107,8,27,76,11,81" hai3="75,94,103,125,41,131,95,22,44,73,35,32,118"/><U72/><E119/><V3/><F3/><W64/><G118/><T13/><D111/><U60/><E39/><V61/><F107/><W97/><G131/><T16/><D106/><U88/><E72/><V30/><F17/><W104/><G125/><T28/><D69/><U127/><E2/><V34/><REACH who="2" step="1"/><F84/><REACH who="2" ten="280,276,124,310" step="2"/><W126/><G75/><T54/><D19/><U100/><E127/><V102/><F102/><W36/><G73/><T70/><D7/><U63/><E100/><V87/><F87/><W120/><G104/><T112/><D130/><U93/><REACH who="1" step="1"/><E60/><REACH who="1" ten="280,266,124,310" step="2"/><V67/><F67/><W43/><G64/><T4/><D129/><U38/><E38/><V18/><F18/><W25/><G126/><T134/><D16/><U24/><E24/><V101/><F101/><W124/><G124/><T117/><D37/><U85/><E85/><V90/><F90/><W99/><G25/><T78/><D117/><U122/><E122/><V15/><F15/><W77/><G103/><T52/><D13/><U110/><E110/><V133/><F133/><W128/><G120/><T6/><D134/><U12/><E12/><V21/><F21/><AGARI ba="1,2" hai="21,26,29,50,55,56,57,63,66,80,82,88,93,96" machi="21" ten="30,11600,0" yaku="1,1,7,1,8,1,54,1,53,0" doraHai="5" doraHaiUra="114" who="1" fromWho="2" sc="280,0,266,139,124,-119,310,0" /><INIT seed="5,2,0,2,5,92" ten="280,405,5,310" oya="1" hai0="57,128,15,28,20,125,103,102,87,34,50,94,26" hai1="119,117,72,7,105,69,112,134,95,53,110,88,27" hai2="36,81,24,43,120,68,10,29,123,122,5,135,84" hai3="71,14,63,96,111,42,60,45,13,107,17,118,49"/><U56/><E69/><V48/><F135/><W79/><G111/><T108/><D108/><U83/><E110/><V132/><F132/><W93/><G118/><T16/><D125/><U9/><E134/><V98/><F68/><W80/><G107/><T113/><D113/><U86/><E112/><V58/><F36/><W52/><G42/><T59/><D128/><U3/><E105/><V116/><F116/><W78/><G14/><T35/><D35/><U109/><E109/><V23/><F98/><W77/><G80/><T76/><D76/><U46/><E46/><V21/><F21/><N who="3" m="11439" /><G71/><T2/><D2/><U101/><E72/><V40/><F58/><W129/><G129/><T67/><D59/><U12/><E3/><V130/><F48/><W82/><G82/><T97/><D87/><U18/><E27/><V70/><F70/><W73/><G73/><T30/><D30/><U115/><E115/><V6/><F130/><W133/><G133/><T11/><D34/><U121/><E121/><V124/><F124/><W61/><G79/><T55/><REACH who="0" step="1"/><D67/><REACH who="0" ten="270,405,5,310" step="2"/><U54/><E56/><V0/><F6/><W75/><G75/><T32/><D32/><U91/><E7/><V127/><F127/><W62/><N who="3" m="15360" /><DORA hai="99" /><W85/><G85/><T37/><D37/><U106/><E119/><V31/><F31/><W131/><G131/><T100/><AGARI ba="2,1" hai="11,15,16,20,26,28,50,55,57,94,97,100,102,103" machi="100" ten="20,24000,4" yaku="1,1,0,1,7,1,8,1,52,4,54,1,53,2" doraHai="92,99" doraHaiUra="8,19" who="0" fromWho="0" sc="270,256,405,-122,5,-62,310,-62" owari="526,62.6,283,8.3,-57,-55.7,248,-15.2" /></mjloggm>