<mjloggm ver="2.3"><GO type="169" lobby="0"/><UN n0="%E3%82%8A%E3%82%93%E3%81%94%32%32%36" n1="%E3%81%95%E3%81%8B%E3%81%8D" n2="%E3%81%86%E3%81%A1%E3%83%BC" n3="%E7%94%9F%E3%81%97%E3%82%89%E3%81%99" dan="16,17,16,16" rate="2143.27,2217.96,2159.50,2113.67" sx="M,M,M,M"/><TAIKYOKU oya="0"/><INIT seed="0,0,0,1,4,112" ten="250,250,250,250" oya="0" hai0="42,101,83,3,56,17,111,132,77,127,133,18,39" hai1="105,75,94,107,14,54,81,84,86,61,125,49,10" hai2="131,97,43,76,5,21,29,8,135,27,24,108,117" hai3="65,13,102,92,90,96,123,15,57,55,130,40,99"/><T74/><D3/><U28/><E125/><V34/><F108/><W11/><G130/><T103/><D127/><U120/><E120/><V113/><F113/><W85/><G123/><T69/><D69/><U67/><E75/><V122/><F122/><W25/><G65/><T38/><D56/><U63/><E28/><V129/><F43/><W109/><G109/><T0/><D0/><U82/><E94/><V118/><F97/><W4/><G40/><T19/><D111/><U60/><E67/><V110/><F76/><W87/><G25/><T93/><D93/><U30/><E30/><N who="2" m="17679" /><F110/><W47/><G47/><T70/><D70/><U26/><E26/><V124/><F124/><W52/><G55/><T20/><D20/><U106/><E82/><V95/><F135/><N who="0" m="51786" /><D42/><U51/><E54/><V58/><F95/><W12/><G85/><T71/><D71/><U64/><E64/><V100/><F100/><AGARI ba="0,0" hai="17,18,19,38,39,74,77,83,100,101,103" m="51786" machi="100" ten="30,1500,0" yaku="20,1" doraHai="112" who="0" fromWho="2" sc="250,15,250,0,250,-15,250,0" /><INIT seed="0,1,0,5,0,103" ten="265,250,235,250" oya="0" hai0="1,22,21,122,51,44,131,3,117,20,76,28,67" hai1="99,79,123,9,87,58,64,41,46,78,59,100,118" hai2="125,95,135,88,14,39,36,23,69,50,91,130,113" hai3="65,26,17,66,32,62,115,68,80,43,86,33,128"/><T5/><D117/><U52/><E118/><V25/><F113/><W121/><G115/><T110/><D122/><U104/><E123/><V30/><F69/><W72/><G121/><T63/><D131/><U127/><E127/><V13/><F130/><W40/><G72/><T45/><D76/><U89/><E9/><V31/><F135/><W94/><G94/><T48/><D28/><U106/><E64/><V16/><F91/><W73/><G73/><T126/><D126/><U38/><E106/><V56/><F14/><W85/><G80/><T133/><D133/><U60/><REACH who="1" step="1"/><E58/><REACH who="1" ten="265,240,235,250" step="2"/><V29/><F125/><W7/><G66/><T119/><D119/><U71/><E71/><V0/><F0/><W54/><G65/><T112/><D112/><U129/><E129/><V6/><F6/><W12/><G7/><T35/><D5/><U114/><E114/><V92/><F39/><W53/><G68/><T57/><D110/><U101/><E101/><V61/><F36/><W34/><G128/><T134/><D134/><U55/><E55/><N who="2" m="31863" /><F95/><AGARI ba="1,1" hai="38,41,46,52,59,60,78,79,87,89,95,99,100,104" machi="95" ten="30,7700,0" yaku="1,1,7,1,52,1,54,1,53,0" doraHai="103" doraHaiUra="11" who="1" fromWho="2" sc="265,0,240,90,235,-80,250,0" /><INIT seed="1,0,0,1,3,131" ten="265,330,155,250" oya="1" hai0="46,72,94,110,86,87,123,109,3,27,59,45,60" hai1="64,115,54,13,32,80,70,88,126,62,58,0,49" hai2="133,29,24,7,67,117,36,68,111,47,65,61,134" hai3="34,90,83,2,79,124,76,121,6,82,9,28,26"/><U43/><E115/><V48/><F117/><W120/><G124/><T102/><D72/><U17/><E126/><V114/><F111/><W18/><G90/><T38/><D3/><U4/><E32/><V130/><F130/><W16/><G18/><T35/><D123/><U77/><E0/><V125/><F125/><W92/><G92/><T10/><D10/><U93/><E4/><V91/><F67/><W22/><G82/><T63/><D102/><U40/><E80/><V89/><F36/><W74/><REACH who="3" step="1"/><G76/><REACH who="3" ten="265,330,155,240" step="2"/><T31/><D94/><U85/><REACH who="1" step="1"/><E77/><REACH who="1" ten="265,320,155,240" step="2"/><V44/><F7/><W41/><G41/><T99/><D110/><U51/><E51/><V100/><F114/><W12/><AGARI ba="0,2" hai="2,6,9,12,16,22,26,28,34,74,79,83,120,121" machi="12" ten="20,12000,2" yaku="1,1,0,1,7,1,24,2,54,1,53,0" doraHai="131" doraHaiUra="81" who="3" fromWho="3" sc="265,-30,320,-60,155,-30,240,140" /><INIT seed="2,0,0,1,2,111" ten="235,260,125,380" oya="2" hai0="47,119,51,114,58,12,7,33,24,71,130,122,29" hai1="37,27,107,133,78,101,59,83,17,86,110,52,102" hai2="1,30,36,6,98,123,79,131,128,35,84,129,53" hai3="90,2,135,124,25,16,43,85,19,28,120,23,99"/><V38/><F123/><W67/><G120/><T134/><D71/><U81/><E110/><V92/><F35/><W96/><G135/><T62/><D114/><U13/><E133/><V132/><F132/><W0/><G124/><T4/><D119/><U54/><E37/><V63/><F30/><W125/><G125/><T31/><D122/><U50/><E107/><V65/><F53/><W88/><G43/><T49/><D130/><U95/><E95/><V21/><F21/><W70/><G70/><T56/><D134/><U80/><E27/><V8/><F84/><W103/><G67/><T39/><D39/><U68/><E68/><V91/><REACH who="2" step="1"/><F79/><REACH who="2" ten="235,260,115,380" step="2"/><W14/><G28/><T3/><D31/><U32/><E32/><V9/><F9/><W109/><G85/><T64/><D33/><U108/><E108/><V40/><F40/><W61/><G23/><T44/><D29/><U89/><E54/><V117/><F117/><W93/><G109/><T11/><D11/><N who="1" m="6335" /><E78/><V69/><AGARI ba="0,1" hai="1,6,8,36,38,63,65,69,91,92,98,128,129,131" machi="69" ten="30,6000,0" yaku="1,1,0,1,19,1,53,0" doraHai="111" doraHaiUra="10" who="2" fromWho="2" sc="235,-20,260,-20,115,70,380,-20" /><INIT seed="2,1,0,1,0,69" ten="215,240,185,360" oya="2" hai0="96,23,52,50,55,19,114,90,88,15,111,118,67" hai1="46,24,54,122,63,20,38,10,134,58,73,130,128" hai2="18,116,102,60,83,37,27,94,28,1,11,120,99" hai3="3,34,30,31,98,103,29,131,117,65,57,89,127"/><V26/><F116/><W64/><G117/><T113/><D111/><U36/><E73/><V135/><F120/><W97/><G3/><T80/><D118/><U16/><E122/><V74/><F135/><W12/><G131/><N who="1" m="50218" /><E134/><V70/><F37/><W115/><G127/><T22/><D67/><U5/><E46/><V56/><F70/><W121/><G121/><T43/><D43/><U59/><E58/><V68/><F68/><W132/><G34/><T84/><D55/><U133/><E133/><V91/><F28/><W76/><G115/><T17/><D96/><U35/><E35/><V8/><F1/><AGARI ba="1,0" hai="1,5,10,16,20,24,36,38,54,59,63" m="50218" machi="1" ten="30,7700,0" yaku="19,1,52,2,54,1" doraHai="69" who="1" fromWho="2" sc="215,0,240,80,185,-80,360,0" /><INIT seed="3,0,0,0,0,25" ten="215,320,105,360" oya="3" hai0="114,30,28,104,51,24,18,44,73,128,78,76,125" hai1="1,123,64,70,134,115,74,83,67,132,22,13,46" hai2="133,135,98,127,129,113,122,110,15,131,6,61,45" hai3="27,95,8,86,106,101,79,53,21,65,102,100,5"/><W36/><G36/><T55/><D104/><U92/><E115/><V124/><F98/><W9/><G106/><T96/><D114/><U112/><E112/><V59/><F113/><W97/><G65/><T33/><D128/><N who="2" m="49226" /><F110/><W23/><G53/><T105/><D125/><N who="2" m="48202" /><F122/><W81/><G23/><T85/><D73/><U2/><E92/><V117/><F117/><W57/><G57/><T90/><D18/><U77/><E46/><V47/><F6/><W63/><G63/><T69/><D69/><U108/><E108/><V7/><F7/><W72/><G72/><T120/><D120/><U119/><E123/><V38/><F15/><N who="3" m="5519" /><G9/><T41/><D55/><U103/><E119/><V26/><F26/><W4/><G4/><T121/><D121/><U68/><E1/><V56/><F38/><W10/><G10/><T17/><D17/><AGARI ba="0,0" hai="17,21,27,79,81,86,95,97,100,101,102" m="5519" machi="17" ten="30,1500,0" yaku="8,1" doraHai="25" who="3" fromWho="0" sc="215,-15,320,0,105,0,360,15" /><INIT seed="3,1,0,0,3,50" ten="200,320,105,375" oya="3" hai0="64,46,116,122,72,17,25,92,28,35,56,113,8" hai1="2,41,20,32,0,76,34,125,117,70,48,98,100" hai2="104,85,13,10,120,59,23,102,69,29,51,134,124" hai3="65,9,131,66,80,132,40,115,61,68,3,53,96"/><W18/><G115/><T133/><D72/><U127/><E70/><V105/><F69/><W73/><G66/><T31/><D116/><U108/><E76/><V55/><F134/><W74/><G132/><T7/><D122/><U6/><E41/><V88/><F124/><N who="1" m="47689" /><E48/><V109/><F109/><W114/><G114/><T60/><D113/><U58/><E58/><V77/><F77/><W33/><G80/><T26/><D17/><U90/><E90/><V84/><F84/><W87/><G87/><T121/><D121/><U1/><E108/><V94/><F120/><W99/><G18/><T30/><D133/><U11/><E98/><V22/><F29/><W38/><G99/><T36/><D92/><U128/><E100/><V63/><F63/><W27/><G53/><T43/><D26/><U112/><E112/><V16/><REACH who="2" step="1"/><F102/><REACH who="2" ten="200,320,95,375" step="2"/><W4/><G96/><T135/><D135/><U130/><E117/><V83/><F83/><W101/><G101/><T62/><D60/><U95/><E130/><V14/><F14/><AGARI ba="1,1" hai="7,8,14,25,28,30,31,35,36,43,46,56,62,64" machi="14" ten="30,1000,0" yaku="7,1" doraHai="50" who="0" fromWho="2" sc="200,23,320,0,95,-13,375,0" /><INIT seed="4,0,0,4,3,48" ten="223,320,82,375" oya="0" hai0="7,13,73,86,61,16,32,40,90,64,121,87,98" hai1="8,35,118,108,41,42,116,56,77,68,80,38,92" hai2="44,23,69,63,34,74,14,82,126,89,17,31,81" hai3="58,94,110,111,101,84,131,100,54,49,15,20,95"/><T96/><D73/><U130/><E108/><V117/><F126/><W115/><G115/><T76/><D32/><U26/><E130/><V12/><F117/><W6/><G131/><T123/><D40/><U60/><E68/><V78/><F34/><W135/><G135/><T127/><D7/><U50/><E38/><V3/><F3/><W53/><G110/><T91/><D76/><U36/><E36/><V27/><F44/><N who="3" m="27815" /><G111/><T66/><D61/><U22/><E35/><V79/><F89/><N who="3" m="53543" /><G95/><T52/><D127/><U11/><E92/><V0/><F0/><W85/><G85/><T109/><D109/><U119/><E42/><V19/><F69/><W21/><G6/><T47/><D47/><U113/><E41/><V122/><F122/><W33/><G15/><T93/><D93/><U97/><E97/><V103/><F103/><N who="3" m="39499" /><G33/><T114/><D13/><U83/><E113/><V104/><F104/><W10/><G10/><T72/><D114/><U18/><E83/><V107/><F107/><W4/><G4/><T57/><D72/><N who="1" m="43047" /><E8/><N who="2" m="6279" /><F81/><W106/><G106/><T62/><D121/><U55/><E11/><N who="2" m="6623" /><F79/><W75/><G75/><T99/><D123/><U133/><E133/><V45/><F45/><W88/><G88/><N who="0" m="33835" /><D86/><U120/><E120/><V51/><F82/><W128/><G128/><T124/><D124/><U25/><E25/><V70/><F74/><W37/><G37/><T129/><D129/><U9/><E9/><V102/><F78/><W28/><G28/><T46/><D87/><U112/><E112/><V71/><F102/><W125/><G125/><T134/><D134/><RYUUKYOKU ba="0,0" sc="223,-15,320,15,82,-15,375,15" hai1="18,22,26,50,55,56,60,116,118,119" hai3="20,21,54,58" /><INIT seed="5,1,0,0,1,56" ten="208,335,67,390" oya="1" hai0="100,87,80,123,99,98,79,70,73,59,21,90,32" hai1="71,97,121,10,57,76,134,105,31,24,103,92,68" hai2="19,93,26,6,113,65,125,11,67,35,127,132,14" hai3="66,115,107,44,40,45,109,111,22,36,12,64,25"/><U78/><E121/><V89/><F132/><W62/><G115/><T58/><D70/><U33/><E134/><V49/><F113/><W114/><G114/><T54/><D32/><U81/><E10/><V110/><F110/><W95/><G107/><T69/><D69/><U122/><E122/><V9/><F35/><W48/><G12/><T135/><D135/><U52/><E105/><V47/><F125/><W50/><G95/><T88/><D59/><U101/><E101/><V30/><F127/><W124/><G124/><T116/><D116/><U13/><E13/><V91/><F91/><W86/><G86/><T83/><D123/><U5/><E5/><V61/><F30/><W2/><G2/><T8/><D90/><U130/><E130/><V16/><F26/><W53/><G66/><T28/><D8/><U1/><E1/><V0/><F19/><W41/><G22/><T126/><D126/><U34/><E78/><V38/><F38/><W20/><G20/><T17/><D28/><U55/><E55/><V129/><F129/><W112/><G25/><T133/><D100/><U60/><REACH who="1" step="1"/><E33/><REACH who="1" ten="208,325,67,390" step="2"/><V3/><F3/><W106/><G106/><T119/><D133/><U51/><E51/><V63/><F65/><W42/><G112/><T117/><D117/><U104/><E104/><V85/><F67/><W94/><G50/><N who="0" m="31063" /><D119/><U84/><AGARI ba="1,1" hai="24,31,34,52,57,60,68,71,76,81,84,92,97,103" machi="84" ten="20,12000,1" yaku="1,1,0,1,7,1,52,1,54,1,53,0" doraHai="56" doraHaiUra="18" who="1" fromWho="1" sc="208,-41,325,133,67,-41,390,-41" /><INIT seed="5,2,0,4,3,53" ten="167,458,26,349" oya="1" hai0="60,120,129,46,52,22,15,3,7,109,38,49,118" hai1="106,93,26,94,40,51,95,102,92,57,37,9,133" hai2="11,32,13,130,116,135,84,68,131,29,27,0,77" hai3="20,112,33,71,123,98,72,122,12,115,58,45,54"/><U79/><E133/><V97/><F68/><W88/><G72/><T76/><D118/><U1/><E37/><V111/><F116/><W70/><G33/><T113/><D113/><N who="3" m="43593" /><G12/><T132/><D3/><U101/><E106/><V48/><F135/><W86/><G98/><T25/><D129/><N who="2" m="49162" /><F111/><W61/><G20/><T59/><D38/><U121/><E121/><N who="3" m="46090" /><G86/><T69/><D69/><N who="3" m="26121" /><G88/><T119/><D119/><U36/><E79/><V55/><F0/><W6/><G6/><T65/><D109/><U107/><E107/><V85/><F97/><W2/><G2/><T19/><D132/><U43/><E1/><V35/><F35/><W80/><G80/><T34/><D120/><U62/><E9/><V67/><F67/><W134/><G134/><T64/><D76/><U87/><E26/><V91/><F91/><W5/><G5/><T75/><D75/><U8/><E8/><V103/><F103/><W104/><G104/><T96/><D96/><U81/><E102/><V128/><N who="2" m="49170" /><V42/><DORA hai="105" /><F77/><W126/><G45/><T73/><D73/><U28/><E101/><V110/><F110/><W66/><G126/><T114/><D114/><U30/><E87/><V16/><F55/><W23/><G23/><T50/><D34/><U17/><E81/><V125/><F125/><W18/><G18/><T14/><D7/><U39/><E94/><V10/><F10/><W100/><G100/><T56/><D65/><AGARI ba="2,0" hai="54,58,61,65,66" m="26121,46090,43593" machi="65" ten="40,8000,1" yaku="15,1,34,2,52,1" doraHai="53,105" who="3" fromWho="0" sc="167,-86,458,0,26,0,349,86" /><INIT seed="6,0,0,1,0,97" ten="81,458,26,435" oya="2" hai0="17,2,85,65,88,123,76,92,127,36,98,25,26" hai1="86,49,4,20,126,110,120,50,77,131,118,133,35" hai2="37,10,71,116,99,135,0,69,55,19,90,106,56" hai3="9,130,45,52,23,63,1,13,102,62,15,40,78"/><V41/><F116/><W112/><G1/><T96/><D36/><U3/><E35/><V11/><F135/><W95/><G130/><T125/><D2/><U68/><E110/><V42/><F37/><W28/><G112/><T81/><D123/><U61/><E118/><V84/><F69/><W79/><G40/><T93/><D65/><U129/><E120/><V38/><F71/><W24/><G63/><T121/><D121/><U60/><E20/><V7/><F38/><W18/><G15/><T74/><D74/><U117/><E117/><V48/><F19/><W53/><G45/><T115/><D115/><U51/><E68/><V128/><F128/><W44/><G44/><T122/><D122/><U43/><E43/><V30/><F30/><W5/><G28/><T108/><D108/><U66/><E66/><V72/><F72/><W59/><G53/><T54/><D54/><U27/><E27/><V14/><F106/><W82/><G82/><T109/><D109/><U33/><E33/><V124/><F99/><AGARI ba="0,0" hai="5,9,13,18,23,24,52,59,62,78,79,95,99,102" machi="99" ten="40,5200,0" yaku="8,1,52,1,54,1" doraHai="97" who="3" fromWho="2" sc="81,0,458,0,26,-52,435,52" owari="81,-31.9,458,25.8,-26,-52.6,487,58.7" /></mjloggm>