<mjloggm ver="2.3"><GO type="169" lobby="0"/><UN n0="%E9%9B%A8%E6%9C%88%E3%81%A4%E3%82%86" n1="%6B%73%77%72%74" n2="%E7%A9%B4%E7%8C%AB" n3="%E3%81%AA%E3%81%BE%E3%81%91%E8%80%85" dan="16,16,16,16" rate="2106.64,2137.47,2099.56,2068.13" sx="M,M,M,M"/><TAIKYOKU oya="0"/><INIT seed="0,0,0,1,3,119" ten="250,250,250,250" oya="0" hai0="16,40,118,93,130,82,74,64,107,59,91,135,103" hai1="37,105,65,102,13,83,41,33,63,18,32,132,120" hai2="116,36,27,131,20,92,124,54,112,31,123,122,94" hai3="42,57,114,75,6,121,98,125,78,62,25,19,55"/><T30/><D130/><U70/><E132/><V67/><F36/><W87/><G114/><T126/><D126/><U86/><E120/><N who="2" m="46123" /><F112/><W96/><G75/><T85/><D118/><U23/><E102/><V43/><F116/><W117/><G125/><T88/><D135/><U129/><E105/><V35/><F124/><W24/><G117/><T11/><D30/><U72/><E129/><V15/><F43/><W84/><G42/><T14/><D74/><U53/><E72/><V97/><F131/><W106/><G6/><T100/><D107/><U48/><E37/><V45/><F67/><W51/><G106/><T44/><D59/><U50/><E41/><V34/><F92/><W61/><G121/><T38/><REACH who="0" step="1"/><D64/><REACH who="0" ten="240,250,250,250" step="2"/><U127/><E127/><V71/><F31/><W22/><G57/><T9/><D9/><U47/><REACH who="1" step="1"/><E50/><REACH who="1" ten="240,240,250,250" step="2"/><V109/><F35/><W2/><G51/><T46/><D46/><U7/><E7/><V133/><F34/><W111/><G62/><T128/><D128/><U110/><E110/><V104/><F104/><W81/><G61/><T0/><D0/><U66/><E66/><V80/><F109/><W108/><G2/><T56/><D56/><U58/><E58/><V76/><F45/><W113/><G111/><T21/><D21/><U90/><AGARI ba="0,2" hai="13,18,23,32,33,47,48,53,63,65,70,83,86,90" machi="90" ten="20,5200,0" yaku="1,1,0,1,7,1,53,1" doraHai="119" doraHaiUra="8" who="1" fromWho="1" sc="240,-26,240,72,250,-13,250,-13" /><INIT seed="1,0,0,4,1,50" ten="214,312,237,237" oya="1" hai0="37,127,44,124,35,104,63,121,19,11,6,71,91" hai1="85,109,133,95,123,81,75,96,26,55,83,29,36" hai2="8,76,66,49,17,105,21,4,82,77,93,54,24" hai3="100,103,112,40,72,132,47,114,59,125,53,7,18"/><U62/><E123/><V5/><F105/><W56/><G72/><T65/><D91/><U86/><E133/><V135/><F135/><W0/><G132/><T60/><D19/><U61/><E36/><V130/><F130/><W128/><G128/><T39/><D104/><U108/><E75/><V57/><F82/><W30/><G30/><T31/><D121/><U120/><E120/><V126/><F126/><N who="0" m="48170" /><D44/><U25/><E29/><V110/><F110/><N who="1" m="42601" /><E83/><V10/><F66/><W23/><G18/><T51/><D51/><U113/><E113/><V111/><F111/><W2/><G47/><T134/><D134/><U52/><E62/><V84/><F84/><N who="1" m="32361" /><E81/><V107/><F107/><W42/><G125/><T102/><D60/><U117/><E117/><V78/><REACH who="2" step="1"/><F93/><REACH who="2" ten="214,312,227,237" step="2"/><W115/><G115/><T98/><D65/><U87/><E87/><V3/><F3/><W99/><G2/><T88/><D71/><U32/><E32/><V34/><F34/><W48/><G0/><T118/><D35/><U45/><E95/><V43/><F43/><W46/><G42/><T13/><D118/><U90/><E96/><V58/><F58/><W14/><G99/><T12/><D98/><U16/><E90/><V1/><F1/><W73/><G73/><T27/><D88/><U131/><E131/><V97/><F97/><W67/><G112/><T64/><D64/><U68/><E68/><V92/><F92/><W28/><G67/><T119/><D119/><U33/><E33/><V41/><F41/><W9/><G40/><T70/><D70/><U106/><E106/><V94/><F94/><RYUUKYOKU ba="0,1" sc="214,-10,312,-10,227,30,237,-10" hai2="4,5,8,10,17,21,24,49,54,57,76,77,78" /><INIT seed="2,1,1,1,4,128" ten="204,302,257,227" oya="2" hai0="48,37,87,116,10,30,16,5,82,66,89,95,29" hai1="11,93,91,125,115,38,63,79,42,44,43,70,1" hai2="59,40,46,67,132,14,133,7,69,100,75,39,74" hai3="28,105,114,57,60,113,73,122,109,78,18,121,101"/><V51/><F100/><W50/><G109/><T76/><D37/><U71/><E115/><N who="3" m="44042" /><G28/><T65/><D116/><U22/><E125/><V134/><F69/><W129/><G129/><T85/><D48/><U98/><E43/><V80/><F80/><N who="3" m="45135" /><G50/><T77/><D77/><U107/><E107/><V8/><F67/><N who="0" m="25610" /><D5/><U53/><E22/><V24/><F24/><W25/><G25/><T110/><D110/><U6/><E79/><V90/><F90/><W102/><G18/><T123/><D123/><N who="3" m="47113" /><G105/><T9/><D9/><U52/><REACH who="1" step="1"/><E63/><REACH who="1" ten="204,292,257,227" step="2"/><V130/><F130/><W3/><G3/><T118/><D118/><U81/><E81/><V68/><F68/><AGARI ba="1,2" hai="1,6,11,38,42,44,52,53,68,70,71,91,93,98" machi="68" ten="40,5200,0" yaku="1,1,54,1,53,1" doraHai="128" doraHaiUra="4" who="1" fromWho="2" sc="204,0,292,75,257,-55,227,0" /><INIT seed="3,0,0,5,2,13" ten="204,367,202,227" oya="3" hai0="122,59,41,68,28,85,80,131,52,120,91,16,51" hai1="39,72,23,84,107,61,25,119,109,12,81,86,40" hai2="10,70,6,118,88,79,33,111,73,92,117,96,71" hai3="50,48,123,66,26,125,43,7,1,97,108,102,36"/><W8/><G123/><T69/><D28/><U76/><E109/><V49/><F33/><W74/><G125/><T134/><D41/><U22/><E107/><V82/><F111/><W115/><G115/><T27/><D131/><U124/><E124/><V77/><F77/><W2/><G2/><T104/><D104/><U45/><E119/><V20/><F117/><W126/><G126/><T106/><D106/><U54/><E22/><V47/><F118/><W63/><G108/><T42/><D42/><U64/><E12/><V101/><F101/><W15/><G74/><T11/><D134/><U127/><E54/><V35/><F35/><W112/><G112/><T9/><D68/><U24/><E24/><V105/><F20/><W37/><G26/><T62/><D120/><U129/><E129/><V30/><F30/><W114/><G1/><T133/><D133/><U57/><REACH who="1" step="1"/><E127/><REACH who="1" ten="204,357,202,227" step="2"/><V65/><F105/><W18/><G114/><T121/><D122/><U75/><E75/><V90/><F65/><W67/><G67/><N who="0" m="39391" /><D121/><U53/><E53/><V135/><F135/><W95/><G7/><T87/><D69/><U31/><AGARI ba="0,1" hai="23,25,31,39,40,45,57,61,64,72,76,81,84,86" machi="31" ten="20,2700,0" yaku="1,1,0,1,7,1,53,0" doraHai="13" doraHaiUra="29" who="1" fromWho="1" sc="204,-7,357,37,202,-7,227,-13" /><INIT seed="4,0,0,0,1,116" ten="197,394,195,214" oya="0" hai0="77,85,115,101,55,30,120,17,117,133,51,21,40" hai1="76,61,46,45,127,38,130,90,63,87,27,7,122" hai2="103,2,69,33,125,48,126,67,81,96,35,86,41" hai3="4,68,135,12,83,19,59,47,44,52,22,78,100"/><T50/><D133/><U104/><E104/><V31/><F2/><W99/><G68/><T36/><D115/><U42/><E76/><V98/><F98/><W11/><G135/><T66/><D117/><U56/><E130/><V58/><F69/><W29/><G29/><T10/><D36/><U102/><E127/><N who="2" m="48651" /><F31/><W24/><G99/><T43/><D66/><U111/><E27/><V32/><F41/><W1/><G100/><T25/><D101/><U8/><E63/><N who="2" m="38391" /><F48/><W88/><G1/><T124/><D124/><U132/><E42/><V34/><F34/><W89/><G44/><T65/><D65/><U54/><E90/><N who="2" m="51535" /><F35/><W74/><G47/><T3/><D50/><AGARI ba="0,0" hai="4,11,12,19,22,24,50,52,59,74,78,83,88,89" machi="50" ten="30,3900,0" yaku="7,1,54,2" doraHai="116" who="3" fromWho="0" sc="197,-39,394,0,195,0,214,39" /><INIT seed="5,0,0,5,1,42" ten="158,394,195,253" oya="1" hai0="10,114,33,48,52,72,95,85,71,6,41,128,4" hai1="111,67,68,21,125,96,118,122,7,113,55,78,36" hai2="99,115,105,11,40,69,79,106,35,61,80,22,81" hai3="123,117,54,63,43,20,91,87,31,19,132,60,103"/><U73/><E118/><V131/><F35/><W32/><G123/><T129/><D33/><U82/><E122/><V38/><F81/><W49/><G132/><T84/><D71/><U98/><E113/><V130/><F115/><W74/><G74/><T64/><D64/><U101/><E36/><V5/><F22/><W12/><G43/><T50/><D72/><U25/><E111/><V75/><F61/><W2/><G2/><T65/><D65/><U107/><E125/><V23/><F23/><W112/><G103/><T18/><D18/><U88/><E7/><V30/><F30/><W3/><G3/><T100/><D100/><U92/><E55/><V17/><F17/><W34/><G117/><T66/><D66/><U26/><REACH who="1" step="1"/><E21/><REACH who="1" ten="158,384,195,253" step="2"/><V89/><F38/><W126/><G126/><T1/><D114/><U53/><E53/><V56/><F40/><W15/><G34/><T119/><D119/><U28/><E28/><V134/><F5/><W58/><G32/><T94/><D41/><U120/><E120/><V83/><F134/><W70/><G31/><T45/><D6/><U104/><E104/><V39/><F39/><W47/><G112/><T97/><D50/><U77/><E77/><V57/><F79/><W86/><G49/><T90/><REACH who="0" step="1"/><D94/><REACH who="0" ten="148,384,195,253" step="2"/><U93/><E93/><N who="2" m="56751" /><F106/><W102/><G54/><T14/><D14/><U127/><E127/><V62/><F105/><W9/><G12/><T51/><D51/><U16/><E16/><V76/><F62/><AGARI ba="0,2" hai="25,26,62,67,68,73,78,82,88,92,96,98,101,107" machi="62" ten="40,3900,0" yaku="1,1,54,1,53,0" doraHai="42" doraHaiUra="108" who="1" fromWho="2" sc="148,0,384,59,195,-39,253,0" /><INIT seed="5,1,0,1,1,87" ten="148,443,156,253" oya="1" hai0="101,74,13,61,118,36,6,117,73,122,69,90,130" hai1="40,17,55,95,64,23,103,110,46,107,7,31,20" hai2="96,85,21,123,111,28,8,109,14,54,94,133,0" hai3="41,91,12,68,58,99,44,79,128,102,124,26,75"/><U45/><E107/><V131/><F123/><W134/><G68/><T116/><D101/><U92/><E110/><V121/><F121/><W56/><G128/><T97/><D122/><U3/><E64/><V50/><F131/><W51/><G124/><T98/><D130/><U82/><E3/><V52/><F133/><W33/><G79/><T120/><D120/><U135/><E135/><V63/><F0/><W48/><G75/><T27/><D36/><U100/><E7/><V88/><F63/><W114/><G114/><T16/><D6/><U105/><E105/><V70/><F70/><W113/><G113/><T132/><D132/><U4/><E4/><V66/><F66/><W37/><G37/><T1/><D1/><U125/><E82/><V89/><F54/><W60/><G102/><T24/><D61/><U126/><E55/><V35/><F35/><W93/><G33/><T62/><D62/><U72/><E17/><V34/><F34/><W67/><G26/><T19/><D69/><U59/><E72/><V15/><F15/><W65/><G12/><T76/><D13/><U106/><E106/><V112/><F112/><W2/><G2/><T18/><D76/><U39/><E39/><V77/><F77/><W119/><G119/><T83/><D98/><U42/><REACH who="1" step="1"/><E59/><REACH who="1" ten="148,433,156,253" step="2"/><N who="2" m="33175" /><F28/><AGARI ba="1,1" hai="20,23,28,31,40,42,45,46,92,95,100,103,125,126" machi="28" ten="25,4800,0" yaku="1,1,22,2,53,0" doraHai="87" doraHaiUra="84" who="1" fromWho="2" sc="148,0,433,61,156,-51,253,0" /><INIT seed="5,2,0,3,2,103" ten="148,494,105,253" oya="1" hai0="42,31,118,67,133,123,53,102,25,122,37,71,32" hai1="125,112,4,70,87,51,21,65,114,117,104,73,101" hai2="1,99,61,92,11,16,45,50,26,56,2,7,126" hai3="48,78,72,49,110,29,135,100,128,129,6,96,105"/><U39/><E73/><V24/><F126/><W23/><G110/><T75/><D118/><U35/><E39/><V109/><F109/><W60/><G6/><T74/><D53/><U22/><E117/><V57/><F2/><W94/><G135/><T38/><D133/><U52/><E125/><V33/><F33/><W9/><G9/><T127/><D127/><U83/><E35/><V64/><F56/><W68/><G78/><T106/><D122/><U20/><E4/><V131/><F131/><N who="3" m="50251" /><G72/><N who="0" m="27691" /><D42/><U63/><E101/><V90/><REACH who="2" step="1"/><F16/><REACH who="2" ten="148,494,95,253" step="2"/><W93/><G29/><T17/><D17/><U8/><E21/><V88/><F88/><W43/><G23/><T14/><D123/><U76/><E22/><V69/><F69/><W79/><G79/><T46/><D14/><U40/><E20/><V10/><F10/><W18/><G18/><T121/><D121/><U81/><E8/><V91/><F91/><W119/><G119/><T98/><D46/><U111/><E70/><V115/><F115/><W36/><G68/><T82/><D82/><U30/><E114/><V77/><F77/><W12/><G12/><T27/><D27/><U116/><E112/><V19/><F19/><W44/><G60/><AGARI ba="2,1" hai="25,31,32,37,38,60,67,71,98,102,106" m="27691" machi="60" ten="30,7700,0" yaku="25,1,33,2,52,1" doraHai="103" who="0" fromWho="3" sc="148,93,494,0,95,0,253,-83" /><INIT seed="6,0,0,4,4,26" ten="241,494,95,170" oya="2" hai0="72,44,55,4,66,129,20,85,134,73,63,74,33" hai1="123,53,80,67,103,32,45,106,116,49,120,119,52" hai2="117,19,76,27,14,126,28,15,69,114,2,124,131" hai3="102,58,135,21,18,64,37,133,65,56,93,98,86"/><V35/><F69/><W77/><G37/><T112/><D33/><U30/><E67/><N who="3" m="25674" /><G77/><T97/><D4/><U118/><E80/><V25/><F76/><W115/><G115/><T62/><D112/><U87/><E87/><V7/><F114/><W95/><G95/><T109/><D109/><U22/><E32/><V40/><F40/><W23/><G86/><T88/><D129/><U111/><E111/><V38/><F38/><W42/><G23/><T46/><D134/><N who="3" m="51209" /><G42/><T122/><D97/><U3/><E3/><V9/><F131/><W12/><AGARI ba="0,0" hai="12,18,21,56,58,93,98,102" m="51209,25674" machi="12" ten="30,1100,0" yaku="20,1" doraHai="26" who="3" fromWho="3" sc="241,-3,494,-3,95,-5,170,11" /><INIT seed="7,0,0,3,0,46" ten="238,491,90,181" oya="3" hai0="78,45,37,55,100,67,25,41,95,84,122,66,131" hai1="52,115,4,2,63,28,120,64,85,123,106,43,73" hai2="97,108,44,135,110,72,96,65,33,89,9,12,101" hai3="76,126,130,1,103,34,40,88,80,26,16,125,20"/><W129/><G1/><T47/><D122/><U70/><E106/><V77/><F33/><W49/><G103/><T6/><D6/><U119/><E73/><V98/><F65/><W114/><G114/><T117/><D117/><U24/><E119/><V51/><F135/><W81/><G34/><T74/><D74/><U82/><E43/><V57/><F57/><W18/><G18/><T29/><D131/><N who="3" m="50185" /><G76/><T133/><D133/><U50/><E4/><V32/><F32/><W5/><G5/><T58/><D47/><U83/><E83/><V71/><F71/><W60/><G60/><T113/><D113/><U21/><E115/><V22/><F22/><W105/><G105/><T109/><D109/><U7/><E7/><V23/><F23/><W87/><G80/><T39/><D78/><U107/><E107/><V128/><F128/><W31/><G31/><T90/><D100/><U93/><E93/><N who="2" m="56367" /><F77/><W111/><G111/><N who="2" m="42537" /><F72/><W121/><G121/><T10/><D10/><U27/><E2/><V54/><F101/><W11/><G11/><T92/><D29/><U99/><E82/><V91/><F91/><W86/><G86/><T104/><D84/><U38/><E85/><V75/><F75/><W53/><G40/><T0/><D41/><U15/><E28/><V14/><F9/><W3/><G3/><T118/><D0/><U102/><E63/><V112/><F112/><W124/><G124/><T79/><D90/><U116/><E116/><V48/><F48/><W132/><G132/><T13/><D118/><U17/><E102/><V42/><F54/><W30/><G30/><RYUUKYOKU ba="0,0" sc="238,-15,491,-15,90,15,181,15" hai2="12,14,42,44,51,97,98" hai3="16,20,26,49,53,81,87,88,125,126" /><INIT seed="7,1,0,4,2,110" ten="223,476,105,196" oya="3" hai0="93,33,103,30,8,17,101,82,11,105,24,38,127" hai1="134,7,65,131,74,53,118,19,48,122,52,73,108" hai2="132,128,57,102,75,125,66,15,104,126,94,100,25" hai3="129,18,83,91,99,68,32,112,116,115,111,61,78"/><W22/><G116/><T10/><D105/><U59/><E108/><V34/><F75/><W95/><G111/><T120/><D38/><U2/><E122/><V63/><F104/><W13/><G32/><T44/><D120/><U89/><E65/><V96/><F100/><W81/><G129/><T113/><D127/><U56/><E134/><V47/><F128/><W49/><G49/><T123/><D123/><U67/><E67/><V58/><F132/><W135/><G135/><T6/><D6/><U27/><E89/><V40/><F15/><W28/><G28/><T29/><D93/><U72/><E131/><V106/><F58/><W26/><G13/><T124/><D124/><U5/><E2/><V117/><F117/><W88/><G91/><T14/><D30/><U31/><E19/><V109/><F109/><W62/><G81/><T23/><D113/><N who="3" m="43593" /><G68/><T79/><REACH who="0" step="1"/><D44/><REACH who="0" ten="213,476,105,196" step="2"/><U36/><E48/><N who="2" m="26727" /><F106/><W45/><G45/><T12/><D12/><U39/><E118/><V35/><F25/><W64/><G64/><T50/><D50/><U21/><E39/><V4/><F4/><W77/><G83/><T20/><D20/><U60/><E36/><V3/><F3/><W41/><G41/><T133/><D133/><U107/><E31/><V84/><F125/><W42/><G42/><T37/><D37/><U114/><E114/><V98/><F126/><W80/><G80/><T97/><D97/><N who="2" m="37482" /><F102/><W85/><G99/><T121/><D121/><U43/><E43/><V130/><F130/><W69/><G69/><T0/><D0/><U90/><E90/><N who="2" m="53575" /><F34/><W1/><G1/><RYUUKYOKU ba="1,1" sc="213,10,476,-30,105,10,196,10" hai0="8,10,11,14,17,23,24,29,33,79,82,101,103" hai2="35,57,63,66" hai3="18,22,26,61,62,77,78,85,88,95" /><INIT seed="7,2,1,0,5,29" ten="223,446,115,206" oya="3" hai0="91,71,21,15,108,57,90,2,119,65,18,46,107" hai1="31,48,79,73,64,68,30,106,134,10,117,37,132" hai2="59,118,83,104,24,49,102,67,89,88,74,39,63" hai3="4,133,109,112,0,124,13,76,126,58,85,121,114"/><W52/><G121/><T96/><D108/><U116/><E37/><V1/><F118/><N who="1" m="45673" /><E106/><V98/><F39/><W61/><G109/><T78/><D2/><U32/><E48/><V135/><F1/><W82/><G133/><T56/><D78/><U54/><E54/><V33/><F135/><W131/><G131/><T3/><D3/><U92/><E92/><V66/><F66/><W99/><G99/><T36/><D71/><U120/><E31/><V5/><F5/><W95/><G95/><T69/><D69/><U16/><E120/><V44/><F74/><W93/><G93/><T123/><D107/><U6/><E16/><V84/><F24/><W70/><G0/><T125/><D119/><U20/><E32/><V53/><REACH who="2" step="1"/><F33/><REACH who="2" ten="223,446,105,206" step="2"/><W111/><G111/><T130/><D65/><U122/><E79/><AGARI ba="2,2" hai="44,49,53,59,63,67,79,83,84,88,89,98,102,104" machi="79" ten="30,8000,1" yaku="1,1,2,1,7,1,54,1,53,1" doraHai="29" doraHaiUra="72" who="2" fromWho="1" sc="223,0,446,-86,105,106,206,0" owari="223,2.3,360,46.0,211,-18.9,206,-29.4" /></mjloggm>