<mjloggm ver="2.3"><GO type="169" lobby="0"/><UN n0="%43%68%65" n1="%E5%B8%B0%E3%82%8A%E3%81%9F%E3%81%84%E3%80%82" n2="%E4%BF%BA%E3%81%A7%E3%81%99" n3="%E3%81%AA%E3%81%88%E3%81%A8%E3%82%8B" dan="16,17,16,16" rate="2089.99,2181.91,2119.14,2129.22" sx="M,M,M,M"/><TAIKYOKU oya="0"/><INIT seed="0,0,0,3,1,31" ten="250,250,250,250" oya="0" hai0="114,6,109,69,62,44,99,64,3,89,43,97,63" hai1="40,20,126,8,48,80,117,58,5,10,65,119,75" hai2="134,2,7,74,52,61,85,73,72,54,112,78,105" hai3="116,133,28,122,1,96,41,25,34,111,83,103,53"/><T35/><D114/><U59/><E126/><V57/><F112/><W124/><G116/><T95/><D109/><U81/><E75/><V26/><F105/><W88/><G111/><T39/><D63/><U77/><E10/><V16/><F2/><W84/><G124/><T23/><D23/><U33/><E33/><V135/><F7/><W91/><G133/><N who="2" m="50697" /><F85/><W71/><G1/><T82/><D82/><U130/><E59/><N who="2" m="35047" /><F78/><W11/><G122/><T101/><D35/><U125/><E81/><V47/><F47/><W113/><G113/><T132/><D132/><U120/><E120/><V36/><F36/><W55/><G71/><T42/><D42/><U9/><E40/><V94/><F94/><W92/><G41/><T100/><REACH who="0" step="1"/><D99/><REACH who="0" ten="240,250,250,250" step="2"/><U107/><E80/><V4/><F74/><W60/><G60/><T18/><D18/><U30/><E20/><N who="2" m="13575" /><F4/><W56/><G11/><AGARI ba="0,1" hai="3,6,11,39,43,44,62,64,69,89,95,97,100,101" machi="11" ten="40,2000,0" yaku="1,1,53,0" doraHai="31" doraHaiUra="106" who="0" fromWho="3" sc="240,30,250,0,250,0,250,-20" /><INIT seed="0,1,0,1,0,74" ten="270,250,250,230" oya="0" hai0="115,7,125,132,50,19,47,16,68,64,131,71,133" hai1="80,9,113,109,54,83,28,91,26,13,129,29,65" hai2="124,38,36,82,53,110,93,135,56,60,99,24,61" hai3="94,97,76,41,116,3,102,81,17,48,104,46,111"/><T105/><D105/><U112/><E109/><V59/><F110/><W123/><G116/><T44/><D115/><N who="1" m="44107" /><E129/><V14/><F124/><W96/><G111/><T49/><D7/><N who="1" m="3263" /><E65/><V66/><F135/><W120/><G3/><T67/><REACH who="0" step="1"/><D125/><REACH who="0" ten="260,250,250,230" step="2"/><U130/><E130/><AGARI ba="1,1" hai="16,19,44,47,49,50,64,67,68,71,130,131,132,133" machi="130" ten="25,12000,1" yaku="1,1,2,1,22,2,54,1,53,0" doraHai="74" doraHaiUra="32" who="0" fromWho="1" sc="260,133,250,-123,250,0,230,0" /><INIT seed="0,2,0,5,4,41" ten="393,127,250,230" oya="0" hai0="72,58,71,40,93,123,32,129,74,82,135,34,115" hai1="85,35,18,127,134,128,1,17,63,66,67,69,106" hai2="87,92,25,24,110,19,4,16,20,46,5,73,84" hai3="56,43,132,23,102,131,22,13,50,6,8,124,112"/><T39/><D115/><U70/><E1/><V57/><F73/><W81/><G112/><T31/><D123/><U42/><E35/><V27/><F110/><W65/><G131/><T119/><D119/><U130/><E106/><V10/><F57/><W47/><G124/><T118/><D71/><N who="1" m="27147" /><E85/><V53/><F5/><W125/><G132/><T96/><D135/><U61/><E17/><V3/><F19/><W120/><G125/><T54/><D129/><N who="1" m="49771" /><E18/><V62/><F92/><W126/><G126/><T107/><D107/><U60/><E134/><V36/><F62/><N who="3" m="38087" /><G120/><T105/><D118/><U68/><E127/><V88/><F87/><W29/><G102/><T100/><D105/><U15/><E15/><N who="2" m="5575" /><F36/><W97/><G97/><T51/><D31/><U77/><E77/><V33/><F33/><W95/><G95/><T11/><D11/><U28/><E28/><V64/><F64/><N who="1" m="24617" /><E68/><V38/><F3/><W76/><G29/><T117/><D74/><U45/><E63/><V21/><F84/><N who="3" m="48167" /><G23/><T26/><D72/><U52/><E52/><V80/><F53/><W2/><G22/><T122/><D54/><U86/><E86/><N who="2" m="50247" /><F21/><W0/><AGARI ba="2,0" hai="0,2,6,8,13,43,47,50" m="48167,38087" machi="0" ten="30,2000,0" yaku="25,1,52,1" doraHai="41" who="3" fromWho="3" sc="393,-12,127,-7,250,-7,230,26" /><INIT seed="1,0,0,5,3,111" ten="381,120,243,256" oya="1" hai0="53,2,101,63,80,47,97,106,30,5,79,71,1" hai1="38,110,26,50,119,118,85,13,122,94,77,103,59" hai2="89,14,25,24,78,109,9,7,62,20,92,29,41" hai3="56,90,37,113,81,51,84,130,16,117,46,10,74"/><U100/><E122/><V44/><F109/><W116/><G130/><T45/><D30/><U126/><E110/><V120/><F120/><W40/><G113/><T93/><D106/><U70/><E38/><V76/><F62/><W108/><G108/><T132/><D132/><U135/><E70/><V54/><F54/><W27/><G74/><T12/><D2/><U99/><E126/><V31/><F44/><W104/><G104/><T0/><D0/><U35/><E135/><V48/><F48/><W83/><G81/><T114/><D1/><U115/><E115/><V49/><F49/><W33/><G33/><T96/><D96/><U134/><E103/><V22/><REACH who="2" step="1"/><F41/><REACH who="2" ten="381,120,233,256" step="2"/><W86/><G51/><T15/><D47/><U98/><E50/><V61/><F61/><W64/><G46/><T18/><D45/><U75/><E59/><V3/><F3/><W43/><G56/><T133/><D53/><U52/><E52/><V127/><F127/><W6/><G43/><T124/><D63/><U23/><E134/><V129/><F129/><W36/><G40/><T57/><D133/><U125/><E125/><V21/><F21/><N who="3" m="13735" /><G64/><T58/><D58/><U131/><E131/><V67/><F67/><W107/><G37/><T105/><D124/><U69/><E69/><V88/><F88/><W121/><G36/><T65/><D71/><U72/><E23/><V95/><F95/><N who="3" m="54727" /><G121/><T28/><D57/><U82/><E94/><V11/><F11/><W8/><G107/><T42/><D105/><U123/><E123/><V73/><F73/><W102/><G8/><N who="0" m="4111" /><D93/><U91/><E75/><RYUUKYOKU ba="0,1" sc="381,-10,120,-10,233,30,256,-10" hai2="7,9,14,20,22,24,25,29,31,76,78,89,92" /><INIT seed="2,1,1,5,0,109" ten="371,110,263,246" oya="2" hai0="73,93,67,105,32,85,77,42,25,39,112,55,132" hai1="103,68,22,71,14,51,56,97,27,0,34,129,13" hai2="65,78,45,62,60,4,130,5,86,92,118,133,43" hai3="116,9,15,64,82,120,41,17,121,127,11,101,69"/><V10/><F118/><W26/><G116/><T20/><D32/><U2/><E34/><V125/><F130/><W63/><G127/><T134/><D105/><U21/><E129/><V124/><F133/><W131/><G131/><T8/><D67/><U128/><E128/><V91/><F78/><W135/><G135/><T38/><D73/><U104/><E0/><V99/><F99/><W70/><G70/><T46/><D39/><U23/><E2/><V30/><F30/><W7/><G101/><T37/><D37/><U74/><E74/><V31/><F31/><W3/><G41/><T36/><D36/><U54/><REACH who="1" step="1"/><E27/><REACH who="1" ten="371,100,263,246" step="2"/><V58/><F125/><W98/><G26/><T122/><D25/><U106/><E106/><V48/><F124/><W94/><G120/><T96/><D122/><U114/><E114/><V57/><REACH who="2" step="1"/><F10/><REACH who="2" ten="371,100,253,246" step="2"/><W66/><G11/><T110/><D8/><U89/><E89/><V88/><F88/><W126/><G126/><T47/><D134/><U75/><E75/><V95/><F95/><W80/><G121/><T83/><D93/><U76/><E76/><V24/><F24/><W16/><G3/><T40/><D77/><U59/><E59/><V108/><F108/><W87/><G94/><T35/><D110/><U81/><E81/><V102/><F102/><W117/><G82/><T19/><D83/><U61/><E61/><V111/><F111/><W50/><G80/><T52/><D132/><U33/><E33/><V123/><F123/><W84/><G63/><T28/><D35/><U6/><E6/><V18/><F18/><W12/><G7/><RYUUKYOKU ba="1,3" sc="371,-15,100,15,253,15,246,-15" hai1="13,14,21,22,23,51,54,56,68,71,97,103,104" hai2="4,5,43,45,48,57,58,60,62,65,86,91,92" /><INIT seed="2,2,3,1,4,95" ten="356,115,268,231" oya="2" hai0="79,46,54,126,0,12,35,108,65,76,41,106,36" hai1="132,23,117,100,120,11,67,86,57,125,116,128,70" hai2="105,22,84,31,123,113,135,102,122,37,10,101,88" hai3="4,99,42,93,87,47,114,109,17,78,92,27,44"/><V29/><F113/><W16/><G109/><T1/><D108/><U111/><E111/><V121/><F37/><W61/><G114/><T66/><D35/><U33/><E33/><V134/><F10/><W24/><G4/><T97/><D126/><U80/><E70/><V6/><F6/><W63/><G78/><T64/><D12/><U39/><E39/><V2/><F2/><W13/><G87/><T94/><D106/><U68/><E68/><V124/><F124/><W52/><G42/><T85/><D54/><U74/><E74/><V75/><F75/><W20/><G92/><T55/><D55/><U82/><E82/><N who="2" m="49175" /><F22/><N who="3" m="13383" /><G27/><T73/><D73/><U19/><E11/><V58/><F58/><N who="3" m="35015" /><G63/><T69/><D69/><U53/><E120/><V15/><F15/><W48/><G48/><T89/><REACH who="0" step="1"/><D76/><REACH who="0" ten="346,115,268,231" step="2"/><U62/><E125/><V133/><F105/><W40/><G40/><T7/><D7/><U115/><E115/><V81/><F81/><AGARI ba="2,4" hai="0,1,36,41,46,64,65,66,79,81,85,89,94,97" machi="81" ten="40,2600,0" yaku="1,1,52,1,53,0" doraHai="95" doraHaiUra="96" who="0" fromWho="2" sc="346,72,115,0,268,-32,231,0" /><INIT seed="3,0,0,2,5,81" ten="418,115,236,231" oya="3" hai0="12,102,122,62,105,18,59,38,22,3,34,87,10" hai1="54,76,119,109,8,26,29,4,96,130,90,106,135" hai2="60,55,67,69,79,41,73,57,52,2,110,42,19" hai3="63,85,43,133,44,70,0,61,100,115,132,39,16"/><W37/><G115/><T113/><D122/><U25/><E109/><V112/><F2/><W9/><G100/><T35/><D38/><U21/><E130/><V68/><F19/><W89/><G37/><T49/><D113/><U103/><E135/><N who="3" m="51786" /><G70/><N who="2" m="27241" /><F79/><W101/><G101/><T82/><D49/><U14/><E119/><V78/><F78/><W88/><G89/><T32/><D102/><U91/><E76/><V6/><F6/><N who="3" m="1223" /><G16/><T129/><D129/><U30/><REACH who="1" step="1"/><E54/><REACH who="1" ten="418,105,236,231" step="2"/><N who="2" m="20523" /><F112/><W20/><G20/><AGARI ba="0,1" hai="4,8,14,20,21,25,26,29,30,90,91,96,103,106" machi="20" ten="30,8000,1" yaku="1,1,7,1,9,1,53,2" doraHai="81" doraHaiUra="86" who="1" fromWho="3" sc="418,0,105,90,236,0,231,-80" /><INIT seed="4,0,0,3,2,44" ten="418,195,236,151" oya="0" hai0="74,37,32,43,134,82,53,10,104,86,60,35,14" hai1="48,29,94,68,89,125,16,30,58,15,90,70,99" hai2="25,63,0,116,118,47,9,120,34,85,39,110,8" hai3="20,6,76,59,108,66,21,113,132,17,83,129,61"/><T1/><D104/><U109/><E109/><V49/><F120/><W114/><G108/><T64/><D74/><U13/><E125/><V69/><F39/><W26/><G129/><T11/><D134/><U45/><E13/><V75/><F75/><W36/><G132/><T52/><D1/><U117/><E117/><N who="2" m="45163" /><F0/><W55/><G36/><T67/><D43/><N who="1" m="24639" /><E70/><V56/><F85/><W133/><G133/><T33/><D37/><U50/><E68/><V122/><F69/><W84/><G6/><T88/><D11/><N who="1" m="6271" /><E90/><V98/><F122/><W107/><G107/><T81/><D60/><U46/><E58/><V77/><F77/><W51/><REACH who="3" step="1"/><G21/><REACH who="3" ten="418,195,236,141" step="2"/><T23/><D23/><U2/><E2/><V124/><F110/><W102/><G102/><T101/><D101/><U71/><E71/><AGARI ba="0,1" hai="17,20,26,51,55,59,61,66,71,76,83,84,113,114" machi="71" ten="40,2600,0" yaku="1,1,52,1,53,0" doraHai="44" doraHaiUra="126" who="3" fromWho="1" sc="418,0,195,-26,236,0,141,36" /><INIT seed="5,0,0,2,5,73" ten="418,169,236,177" oya="1" hai0="39,46,14,71,48,135,52,113,10,67,59,0,51" hai1="16,37,107,106,9,34,61,38,110,70,131,21,45" hai2="26,90,50,44,7,88,89,56,103,65,24,68,19" hai3="80,66,95,30,12,64,94,11,82,62,32,43,55"/><U129/><E34/><V109/><F109/><W27/><G43/><T126/><D0/><U13/><E110/><V123/><F123/><W60/><G55/><T69/><D113/><U72/><E72/><V96/><F68/><W100/><G62/><T78/><D126/><U18/><E106/><V41/><F7/><W104/><G64/><T31/><D135/><U133/><E107/><V79/><F19/><W22/><G32/><T74/><D39/><U35/><E35/><V119/><F119/><W57/><G104/><T111/><D111/><U120/><E120/><V49/><F79/><W124/><G124/><T102/><D31/><U99/><E99/><V98/><F65/><W36/><G36/><T77/><D102/><U75/><E75/><V83/><F83/><N who="3" m="31787" /><G100/><T86/><D74/><U122/><E122/><V53/><REACH who="2" step="1"/><F98/><REACH who="2" ten="418,169,226,177" step="2"/><W117/><G117/><T54/><D71/><U40/><E133/><V128/><F128/><W127/><G127/><T85/><D67/><U20/><E131/><V81/><F81/><W5/><AGARI ba="0,1" hai="5,11,12,22,27,30,57,60,66,94,95" m="31787" machi="5" ten="30,1100,0" yaku="8,1" doraHai="73" who="3" fromWho="3" sc="418,-3,169,-5,226,-3,177,21" /><INIT seed="6,0,0,3,2,44" ten="415,164,223,198" oya="2" hai0="54,117,27,47,100,24,58,88,20,79,122,53,77" hai1="16,94,65,10,126,111,45,81,82,4,29,114,57" hai2="31,73,103,104,78,63,36,132,119,71,52,102,116" hai3="42,108,38,125,5,35,112,51,43,32,2,128,17"/><V113/><F36/><W80/><G108/><T109/><D122/><U55/><E111/><V70/><F113/><W110/><G110/><T99/><D117/><U96/><E126/><V129/><F31/><W15/><G125/><T130/><D130/><U124/><E114/><V86/><F73/><W105/><G38/><T67/><D67/><U123/><E123/><V98/><F103/><W83/><G112/><T62/><D27/><U87/><E29/><V101/><F101/><W41/><G105/><T85/><D109/><U76/><E82/><V22/><F129/><W48/><G2/><T72/><D72/><U135/><E135/><V84/><F22/><W26/><G128/><T91/><D91/><U0/><E65/><V23/><F23/><N who="3" m="13679" /><G35/><T127/><D127/><U12/><E45/><V18/><F18/><W9/><G32/><T19/><D99/><U8/><E124/><V75/><F132/><W89/><G83/><N who="0" m="49215" /><D100/><U39/><E39/><V11/><F71/><W69/><G69/><T7/><D7/><U30/><E30/><V60/><F70/><W49/><G43/><T68/><D68/><U92/><REACH who="1" step="1"/><E96/><REACH who="1" ten="415,154,223,198" step="2"/><V115/><F115/><W66/><G66/><T50/><AGARI ba="0,1" hai="19,20,24,47,50,53,54,58,62,77,79" m="49215" machi="50" ten="30,4000,0" yaku="8,1,52,1,54,1" doraHai="44" who="0" fromWho="0" sc="415,50,154,-10,223,-20,198,-10" /><INIT seed="7,0,0,1,4,71" ten="465,144,203,188" oya="3" hai0="67,0,62,128,97,20,113,25,121,49,85,134,21" hai1="81,111,37,10,41,74,92,44,47,132,130,100,118" hai2="45,2,6,36,17,72,125,51,114,103,60,3,126" hai3="64,12,93,59,127,101,73,91,28,61,77,105,38"/><W115/><G115/><T40/><D0/><U84/><E111/><V69/><F36/><W106/><G127/><N who="2" m="48649" /><F72/><W15/><G28/><T65/><D128/><U95/><E132/><V33/><F33/><W31/><G31/><T98/><D21/><U70/><E130/><V27/><F6/><W14/><G101/><T75/><D75/><U57/><E70/><V104/><F104/><W54/><G38/><T108/><D67/><U4/><E74/><V122/><F103/><W131/><G131/><T29/><D121/><U30/><E118/><V102/><F102/><W80/><REACH who="3" step="1"/><G64/><REACH who="3" ten="465,144,203,178" step="2"/><T94/><D65/><U16/><E30/><V18/><F114/><W43/><G43/><T52/><D40/><U19/><E100/><V48/><F122/><W129/><G129/><T116/><D29/><U39/><E39/><V11/><F69/><W22/><G22/><T109/><D20/><U63/><E37/><V82/><F11/><W117/><G117/><T46/><D116/><U135/><E41/><V9/><F9/><W7/><G7/><T50/><D113/><U42/><E42/><V13/><F2/><W5/><G5/><T86/><D109/><U79/><E19/><V58/><F18/><W120/><G120/><T124/><D108/><U76/><E16/><V119/><F3/><W66/><G66/><T89/><D124/><U83/><E4/><V56/><F119/><W110/><G110/><T53/><D134/><U96/><E10/><V123/><F123/><W8/><G8/><T99/><D53/><N who="1" m="34223" /><E135/><V26/><F17/><W78/><G78/><T24/><D52/><RYUUKYOKU ba="0,1" sc="465,-10,144,-10,203,-10,178,30" hai3="12,14,15,54,59,61,73,77,80,91,93,105,106" /><INIT seed="7,1,1,5,3,48" ten="455,134,193,208" oya="3" hai0="22,133,10,74,42,100,43,29,26,73,99,1,132" hai1="18,103,87,122,45,117,32,61,128,64,6,50,38" hai2="78,53,123,63,5,90,68,23,28,102,125,16,49" hai3="127,55,62,96,7,121,14,33,24,51,47,41,39"/><W11/><G121/><T124/><D124/><U83/><E128/><V79/><F68/><W118/><G118/><T46/><D10/><U106/><E122/><V71/><F71/><W93/><G127/><T60/><D60/><U69/><E32/><V66/><F123/><W70/><G33/><T57/><D57/><U65/><E65/><V91/><F5/><W2/><G24/><T108/><D1/><U35/><E35/><V67/><F28/><W107/><G107/><T120/><D108/><U129/><E129/><V95/><F102/><W115/><G115/><T109/><D43/><U31/><E38/><V86/><F91/><W12/><G62/><T27/><D27/><U36/><E36/><V97/><F97/><W8/><G70/><T72/><D109/><U89/><E31/><V131/><F63/><W94/><G96/><T21/><D21/><U80/><E6/><V30/><F30/><W110/><G2/><T9/><D9/><U52/><E117/><V15/><F131/><W119/><G119/><T101/><D120/><U13/><E103/><V126/><F126/><W92/><G110/><T113/><D113/><U75/><E75/><V130/><F130/><W116/><G116/><T134/><D99/><U105/><E83/><V19/><F125/><W54/><G39/><AGARI ba="1,1" hai="22,26,29,39,42,46,72,73,74,100,101,132,133,134" machi="39" ten="50,1600,0" yaku="20,1" doraHai="48" who="0" fromWho="3" sc="455,29,134,0,193,0,208,-19" owari="484,58.4,134,-36.6,193,-0.7,189,-21.1" /></mjloggm>