<mjloggm ver="2.3"><GO type="169" lobby="0"/><UN n0="%E3%81%A1%E3%81%AA%E9%B7%B2" n1="%E6%99%AE%E9%9C%B2%E9%9C%B2" n2="%E3%83%A1%E3%83%90%E3%83%AB%40%E6%98%A5%E3%81%8C%E6%97%AC" n3="%68%69%72%61%6A%75%6E" dan="16,16,18,16" rate="2107.78,2127.36,2186.74,2072.13" sx="M,M,F,M"/><TAIKYOKU oya="0"/><INIT seed="0,0,0,2,4,133" ten="250,250,250,250" oya="0" hai0="104,79,134,70,19,37,99,44,13,111,69,51,60" hai1="46,131,9,128,6,89,4,66,80,24,12,28,83" hai2="120,0,11,57,82,43,125,22,31,86,18,40,17" hai3="14,102,93,36,135,45,100,76,41,39,75,96,64"/><T124/><D134/><U47/><E66/><V59/><F120/><W112/><G135/><T21/><D37/><U15/><E89/><V49/><F31/><W97/><G112/><T90/><D79/><U52/><E12/><N who="2" m="7327" /><F125/><W62/><G14/><T103/><D124/><U127/><E6/><V88/><F0/><W67/><G36/><T85/><D60/><U25/><E127/><V35/><F35/><W34/><G34/><T110/><D110/><U53/><E15/><N who="2" m="9567" /><F57/><W20/><G20/><T3/><D3/><U32/><E4/><V23/><F23/><W114/><G114/><T109/><D109/><U117/><E32/><V108/><F108/><W63/><G76/><T130/><D130/><U107/><E9/><V27/><F27/><W2/><G2/><T72/><D72/><U77/><E77/><V29/><F29/><W30/><G30/><T65/><D65/><U105/><REACH who="1" step="1"/><E28/><REACH who="1" ten="250,240,250,250" step="2"/><V8/><F8/><W61/><REACH who="3" step="1"/><G75/><REACH who="3" ten="250,240,250,240" step="2"/><T48/><D111/><U115/><E115/><V94/><F82/><W95/><AGARI ba="0,2" hai="39,41,45,61,62,63,64,67,93,95,96,97,100,102" machi="95" ten="30,7900,0" yaku="1,1,2,1,0,1,9,1,53,0" doraHai="133" doraHaiUra="16" who="3" fromWho="3" sc="250,-39,240,-20,250,-20,240,99" /><INIT seed="1,0,0,1,4,111" ten="211,220,230,339" oya="1" hai0="88,0,118,66,109,44,99,123,6,64,113,20,78" hai1="33,116,52,122,85,28,2,72,58,21,114,105,32" hai2="30,104,86,96,41,69,22,89,71,70,18,112,68" hai3="108,40,125,57,124,110,133,49,101,46,61,16,55"/><U47/><E116/><V130/><F130/><W94/><G16/><T76/><D118/><U131/><E122/><V73/><F73/><W29/><G29/><T11/><D109/><N who="3" m="42089" /><G101/><T115/><D123/><U53/><E72/><V90/><F30/><W3/><G94/><T26/><D44/><U91/><E105/><V97/><F41/><W59/><G3/><T8/><D8/><U103/><E2/><V106/><F68/><W35/><G35/><T7/><D7/><U56/><E103/><V129/><F129/><W63/><G133/><T100/><D66/><AGARI ba="0,0" hai="40,46,49,55,57,59,61,63,66,124,125" m="42089" machi="66" ten="30,3900,0" yaku="14,1,34,2" doraHai="111" who="3" fromWho="0" sc="211,-39,220,0,230,0,339,39" /><INIT seed="2,0,0,5,3,65" ten="172,220,230,378" oya="2" hai0="13,30,34,26,31,93,134,4,72,6,87,94,23" hai1="24,123,60,15,127,41,118,1,61,42,54,107,51" hai2="21,2,28,29,97,71,3,8,82,70,69,79,44" hai3="126,84,109,125,25,36,101,111,53,89,86,110,73"/><V9/><F97/><W64/><G73/><T90/><D72/><U91/><E1/><V59/><F59/><W27/><G36/><T63/><D134/><U108/><E118/><V77/><F44/><W39/><G39/><T14/><D34/><U5/><E108/><V47/><F47/><W104/><G64/><T46/><D46/><U128/><E107/><V76/><F82/><W66/><G66/><T80/><D63/><U10/><E127/><N who="3" m="48650" /><G53/><T100/><D80/><U112/><E128/><V68/><F68/><W35/><G35/><T85/><D23/><U20/><E112/><V113/><F113/><W11/><G11/><N who="2" m="4169" /><F21/><W75/><G75/><T0/><D90/><U117/><E123/><V129/><F129/><W49/><G49/><T62/><D62/><N who="1" m="24171" /><E91/><V50/><F50/><W96/><G86/><T122/><D122/><U67/><E67/><V120/><F120/><W99/><G99/><T135/><D135/><U105/><E117/><V124/><F124/><W40/><G40/><T37/><D37/><U22/><E22/><V119/><F119/><W81/><AGARI ba="0,0" hai="25,27,81,84,89,96,101,104,109,110,111" m="48650" machi="81" ten="40,2700,0" yaku="14,1,18,1" doraHai="65" who="3" fromWho="3" sc="172,-7,220,-7,230,-13,378,27" /><INIT seed="3,0,0,1,1,118" ten="165,213,217,405" oya="3" hai0="76,23,134,0,102,125,73,25,54,30,46,100,66" hai1="108,6,24,94,52,115,117,27,119,34,38,127,31" hai2="37,44,32,95,7,74,90,20,110,81,121,122,107" hai3="114,4,61,67,71,128,21,84,97,57,14,132,72"/><W135/><G114/><T63/><D0/><U50/><E108/><V101/><F32/><W19/><G72/><T112/><D112/><U75/><E38/><V85/><F110/><W49/><G128/><T111/><D111/><U130/><E75/><V79/><F20/><W12/><G97/><T129/><D129/><U39/><E39/><V29/><F29/><W3/><G3/><T113/><D113/><U124/><E130/><V93/><F7/><W58/><G84/><T106/><D76/><U116/><E115/><V87/><F44/><W103/><G103/><T56/><D73/><U2/><E27/><V105/><F37/><W51/><G71/><T13/><D125/><U86/><E6/><V78/><F78/><W120/><G120/><N who="2" m="46185" /><F101/><W98/><G4/><T55/><D102/><U26/><E2/><V22/><F22/><W42/><G21/><T83/><D23/><U109/><E109/><V40/><F40/><W17/><G42/><T47/><D100/><U68/><E26/><V5/><F5/><W88/><G17/><T123/><D30/><U69/><E127/><V10/><F10/><W53/><G19/><T1/><D25/><U77/><E77/><BYE who="1" /><V59/><F59/><W92/><REACH who="3" step="1"/><G51/><REACH who="3" ten="165,213,217,395" step="2"/><T33/><D123/><UN n1="%E6%99%AE%E9%9C%B2%E9%9C%B2" /><U28/><E124/><V99/><F99/><W62/><G62/><T36/><D63/><U48/><E48/><V96/><F96/><W35/><G35/><T15/><D33/><U41/><E41/><V104/><F74/><W60/><G60/><N who="0" m="38151" /><D36/><U65/><E31/><V131/><F131/><W18/><G18/><T45/><D1/><RYUUKYOKU ba="0,1" sc="165,-15,213,-15,217,15,395,15" hai2="79,81,85,87,90,93,95,104,105,107" hai3="12,14,49,53,57,58,61,67,88,92,98,132,135" /><INIT seed="3,1,1,2,0,16" ten="150,198,232,410" oya="3" hai0="114,17,59,131,80,41,72,95,44,78,14,58,53" hai1="110,13,43,11,23,5,6,54,75,62,8,82,97" hai2="101,91,42,21,66,77,81,106,31,119,48,36,117" hai3="12,71,20,103,107,133,60,113,132,96,38,126,94"/><W104/><G113/><T15/><D131/><U105/><E110/><V63/><F36/><W122/><G122/><T93/><D114/><U118/><E118/><V129/><F129/><W76/><G126/><T35/><D35/><U4/><E43/><V3/><F3/><W84/><G38/><T40/><D15/><U115/><E115/><V25/><F91/><W7/><G71/><T28/><D28/><U127/><E127/><V67/><F106/><W89/><G60/><T61/><D59/><U108/><E75/><V52/><F101/><W69/><G69/><T109/><D109/><U9/><E82/><V73/><F42/><W24/><G76/><T32/><D32/><U87/><E87/><V86/><F73/><W85/><G85/><T102/><D102/><U64/><E54/><V29/><F29/><W128/><G128/><T51/><D41/><U50/><E50/><V34/><F34/><W26/><G107/><T47/><REACH who="0" step="1"/><D44/><REACH who="0" ten="140,198,232,410" step="2"/><U55/><E108/><V116/><REACH who="2" step="1"/><F63/><REACH who="2" ten="140,198,222,410" step="2"/><W99/><G103/><T125/><D125/><U2/><E62/><V18/><F18/><W112/><G112/><T123/><D123/><U1/><E1/><V19/><F19/><W22/><G104/><T57/><D57/><AGARI ba="1,3" hai="21,25,31,48,52,57,66,67,77,81,86,116,117,119" machi="57" ten="40,5200,0" yaku="1,1,52,1,54,1,53,0" doraHai="16" doraHaiUra="68" who="2" fromWho="0" sc="140,-55,198,0,222,85,410,0" /><INIT seed="4,0,0,3,0,65" ten="85,198,307,410" oya="0" hai0="61,123,102,34,10,41,115,0,127,134,133,104,129" hai1="96,28,68,16,4,114,124,30,90,91,85,44,63" hai2="93,58,54,19,5,97,99,33,76,38,52,79,31" hai3="89,120,105,87,40,12,74,18,66,24,39,32,77"/><T119/><D102/><U88/><E4/><V71/><F38/><W108/><G108/><T113/><D10/><U111/><E111/><V118/><F5/><W62/><G120/><T92/><D92/><U122/><E122/><V106/><F106/><W25/><G105/><T73/><D61/><U36/><E124/><V21/><F33/><W128/><G128/><T130/><D41/><U55/><E114/><N who="0" m="43529" /><D104/><U22/><E36/><V37/><F31/><W135/><G135/><N who="0" m="51723" /><D34/><U50/><E96/><V48/><F37/><W17/><G39/><T69/><D123/><U53/><E85/><V2/><F99/><W84/><G40/><T23/><D23/><U101/><E101/><V43/><F43/><W81/><G32/><T46/><D46/><U49/><E63/><V59/><F93/><W109/><G87/><T94/><D94/><U78/><E28/><V82/><F97/><W103/><G84/><T35/><D35/><U8/><E8/><V107/><F21/><W125/><G103/><T80/><D127/><U47/><E30/><V121/><F107/><W100/><G125/><T67/><D119/><U15/><E78/><V45/><F79/><W51/><G100/><T64/><D0/><U86/><E86/><V98/><F2/><W29/><G77/><N who="0" m="44079" /><D64/><U112/><E112/><V60/><F118/><W42/><G42/><T27/><D27/><U116/><E116/><V11/><F121/><W1/><G24/><T3/><D3/><U75/><E75/><V132/><F11/><W70/><G25/><T57/><D57/><U13/><E13/><V26/><F132/><RYUUKYOKU ba="0,0" sc="85,15,198,15,307,-15,410,-15" hai0="67,69,129,130" hai1="15,16,22,44,47,49,50,53,55,68,88,90,91" /><INIT seed="4,1,0,5,4,55" ten="100,213,292,395" oya="0" hai0="49,30,41,46,14,9,86,106,114,24,29,19,126" hai1="133,134,25,117,51,38,76,85,36,125,90,111,128" hai2="60,130,74,52,100,20,28,93,21,107,101,70,27" hai3="129,116,91,87,18,119,1,124,4,11,92,67,109"/><T94/><D106/><U99/><E117/><V58/><F74/><W50/><G109/><T53/><D114/><U63/><E111/><V54/><F107/><W81/><G129/><T71/><D71/><U123/><E128/><V88/><F70/><W42/><G124/><T12/><D126/><U47/><E125/><V83/><F130/><W16/><G67/><T3/><D3/><U69/><E123/><V135/><F135/><W110/><G110/><T96/><D86/><U73/><E99/><V10/><F83/><W39/><G39/><T31/><D14/><U132/><E76/><V80/><F80/><W65/><G65/><T7/><D41/><U78/><E78/><V44/><F10/><W75/><G119/><T113/><D113/><U37/><E73/><V57/><F44/><W103/><G116/><T32/><REACH who="0" step="1"/><D7/><REACH who="0" ten="90,213,292,395" step="2"/><U97/><E85/><N who="2" m="52367" /><F20/><W104/><G104/><T72/><D72/><U56/><E69/><V35/><F35/><W64/><G75/><T66/><D66/><U82/><E134/><V108/><F108/><W68/><G64/><T33/><D33/><U23/><E133/><V105/><F105/><W112/><G68/><T61/><D61/><AGARI ba="1,1" hai="21,27,28,52,54,57,58,60,61,100,101" m="52367" machi="61" ten="30,8000,1" yaku="8,1,52,2,54,2" doraHai="55" who="2" fromWho="0" sc="90,-83,213,0,292,93,395,0" /><INIT seed="5,0,0,0,3,57" ten="7,213,385,395" oya="1" hai0="133,106,35,34,112,9,30,37,25,79,94,33,12" hai1="116,83,65,13,52,31,132,88,110,69,87,108,90" hai2="95,62,54,8,74,120,111,104,85,124,36,41,128" hai3="129,127,60,63,14,46,43,28,89,3,4,125,113"/><U101/><E116/><V114/><F8/><N who="3" m="4359" /><G113/><T49/><D106/><U50/><E132/><V102/><F41/><W81/><G129/><T131/><D37/><U100/><E31/><V5/><F5/><W11/><G28/><T93/><D79/><U92/><E13/><V19/><F19/><W96/><G3/><T61/><D49/><U48/><E48/><V42/><F42/><W27/><G11/><T98/><D61/><N who="1" m="40111" /><E90/><V135/><F85/><N who="3" m="50351" /><G27/><T121/><D98/><U26/><E26/><V77/><F74/><W105/><G96/><T126/><D94/><U2/><E83/><V22/><F104/><W55/><G55/><T24/><D93/><U23/><E23/><V15/><F54/><W123/><G105/><T82/><D82/><U117/><E2/><V16/><F120/><W38/><G123/><T91/><D91/><U68/><E68/><V51/><F135/><W76/><G76/><T0/><D133/><U99/><E117/><V64/><F77/><W32/><G32/><N who="0" m="12395" /><D121/><U39/><E39/><V17/><F36/><W134/><G134/><T103/><D103/><U73/><E73/><V66/><F102/><W47/><G47/><T70/><D70/><U122/><E122/><V1/><F1/><W18/><G18/><N who="0" m="8463" /><D131/><U44/><E99/><V53/><F128/><W84/><G84/><T6/><D112/><U59/><E44/><V29/><F114/><W72/><G72/><T118/><D25/><U80/><E80/><V40/><F95/><W107/><G107/><T75/><D75/><U45/><E45/><N who="2" m="27887" /><F111/><AGARI ba="0,0" hai="50,52,59,87,88,92,100,101,108,110,111" m="40111" machi="111" ten="30,11600,0" yaku="10,1,52,1,54,2" doraHai="57" who="1" fromWho="2" sc="7,0,213,116,385,-116,395,0" /><INIT seed="5,1,0,1,4,46" ten="7,329,269,395" oya="1" hai0="16,5,66,84,20,89,85,117,40,106,11,21,36" hai1="2,103,124,92,29,33,115,43,31,57,44,116,64" hai2="53,70,42,97,13,71,41,78,35,34,96,75,62" hai3="72,112,79,68,81,101,28,27,22,49,132,47,59"/><U63/><E116/><V131/><F131/><W86/><G132/><T65/><D106/><U125/><E2/><V12/><F62/><W94/><G112/><T10/><D36/><U123/><E123/><V121/><F78/><W50/><G68/><T73/><D73/><U90/><E103/><V26/><F26/><W69/><G69/><T56/><D117/><U25/><E31/><V24/><F24/><W83/><G59/><T130/><D130/><U107/><E107/><V67/><F75/><W7/><G7/><T51/><D5/><U4/><E4/><V61/><F61/><W105/><G47/><T133/><D133/><U60/><E60/><V114/><F114/><W134/><G134/><T45/><D21/><U52/><E64/><V110/><F53/><W82/><G105/><T102/><D102/><U8/><E8/><N who="0" m="3113" /><D56/><U120/><E120/><V113/><F121/><W18/><G72/><T122/><D85/><U100/><E100/><V99/><F99/><N who="3" m="59639" /><G28/><T6/><D6/><U127/><E115/><V15/><F113/><W39/><G39/><T19/><D19/><U9/><E9/><V135/><F135/><W87/><G81/><N who="0" m="49295" /><D122/><U118/><E118/><V91/><F12/><AGARI ba="1,0" hai="12,16,20,40,45,51,65,66" m="49295,3113" machi="12" ten="30,3900,0" yaku="8,1,52,1,54,1" doraHai="46" who="0" fromWho="2" sc="7,42,329,0,269,-42,395,0" /><INIT seed="6,0,0,4,1,60" ten="49,329,227,395" oya="2" hai0="117,24,59,8,48,93,90,133,33,50,120,46,72" hai1="124,16,78,85,51,44,73,4,132,27,96,92,31" hai2="49,55,87,105,57,129,11,6,106,54,14,75,65" hai3="109,130,131,12,7,80,56,37,114,77,97,20,116"/><V0/><F129/><N who="3" m="49163" /><G109/><T76/><D133/><U45/><E132/><V42/><F75/><W86/><G116/><T61/><D120/><U107/><E124/><V74/><F74/><W108/><G108/><T35/><D117/><U71/><E4/><V34/><F34/><W52/><G114/><T23/><D76/><U121/><E121/><V28/><F0/><W82/><G37/><T81/><D81/><U91/><E71/><V62/><F28/><W17/><G97/><T111/><D50/><U21/><E31/><V53/><REACH who="2" step="1"/><F87/><REACH who="2" ten="49,329,217,395" step="2"/><W40/><G86/><T13/><D72/><U84/><E84/><V70/><F70/><W25/><G77/><T39/><D111/><U5/><E73/><V15/><F15/><W64/><G12/><T135/><D35/><U103/><E78/><V43/><F43/><W134/><G40/><T125/><D33/><U123/><E123/><V128/><F128/><W30/><G134/><T113/><D135/><U66/><E85/><V47/><AGARI ba="0,1" hai="6,11,14,42,47,49,53,54,55,57,62,65,105,106" machi="47" ten="30,6000,0" yaku="1,1,0,1,52,1,53,0" doraHai="60" doraHaiUra="68" who="2" fromWho="2" sc="49,-20,329,-20,217,70,395,-20" /><INIT seed="6,1,0,3,3,130" ten="29,309,287,375" oya="2" hai0="84,25,87,9,131,58,7,5,53,33,129,71,109" hai1="24,86,36,123,51,112,38,113,35,108,21,54,1" hai2="37,81,111,68,4,22,10,52,23,103,135,70,127" hai3="101,59,43,118,19,88,49,125,134,8,105,11,117"/><V28/><F37/><W48/><G134/><T0/><D71/><U67/><E108/><V65/><F111/><W40/><G125/><T13/><D109/><U92/><E123/><V41/><F127/><W42/><G105/><T44/><D131/><U90/><E67/><V124/><F124/><W29/><G101/><T94/><D129/><U66/><E66/><V45/><F135/><W12/><G29/><T34/><D34/><U74/><E1/><V16/><F103/><W3/><G88/><T17/><D5/><U93/><E93/><V15/><F65/><W100/><G100/><T82/><D44/><N who="1" m="28007" /><E35/><V55/><F70/><W122/><G122/><T64/><D82/><U126/><E74/><V78/><F68/><W133/><G133/><T107/><D94/><U121/><E121/><V46/><F28/><W99/><G99/><T62/><D64/><U104/><E104/><V57/><F41/><W110/><G110/><T114/><D114/><N who="1" m="44139" /><E126/><V132/><F132/><W72/><G72/><T69/><D69/><U20/><E20/><N who="2" m="7723" /><F4/><W79/><G3/><T120/><D107/><U32/><E32/><V39/><F39/><W56/><G42/><T89/><D89/><U60/><E60/><N who="2" m="35879" /><F55/><W75/><G43/><T77/><D77/><U106/><E106/><V97/><F97/><W63/><G40/><T102/><D102/><U115/><N who="1" m="44147" /><U80/><DORA hai="2" /><E80/><V128/><F128/><W26/><G79/><T91/><D91/><U18/><AGARI ba="1,0" hai="18,21,24,36,38,86,90,92" m="44147,28007" machi="18" ten="40,1500,0" yaku="15,1" doraHai="130,2" who="1" fromWho="1" sc="29,-5,309,18,287,-8,375,-5" /><INIT seed="7,0,0,3,1,48" ten="24,327,279,370" oya="3" hai0="80,2,43,56,41,42,17,70,69,122,116,61,127" hai1="36,26,102,51,108,93,111,81,105,134,64,118,78" hai2="35,14,27,30,0,112,28,20,76,117,125,95,32" hai3="6,25,29,119,62,44,131,100,114,22,39,21,46"/><W1/><G131/><T113/><D17/><U123/><E36/><V132/><F117/><W38/><G114/><T10/><D80/><U13/><E64/><V45/><F112/><W47/><G119/><T8/><D116/><U85/><E118/><V4/><F76/><W60/><G100/><T34/><D113/><U53/><E123/><V87/><F132/><W71/><G21/><T11/><D122/><U97/><E134/><V59/><F45/><W40/><G71/><T55/><D2/><U65/><E65/><V73/><F73/><W79/><G79/><T86/><D86/><U128/><E128/><V23/><F59/><W92/><G92/><T89/><D89/><U104/><E26/><N who="2" m="18455" /><F87/><W5/><G47/><T74/><D34/><U37/><E37/><V101/><F95/><W52/><G1/><T121/><D121/><U94/><E94/><V7/><F101/><W16/><G29/><T31/><D31/><U96/><E13/><V24/><F125/><W49/><REACH who="3" step="1"/><G39/><REACH who="3" ten="24,327,279,360" step="2"/><T66/><D127/><U99/><E104/><V103/><F103/><W75/><G75/><T106/><D74/><U98/><REACH who="1" step="1"/><E105/><REACH who="1" ten="24,317,279,360" step="2"/><V126/><F126/><W54/><G54/><T107/><D107/><U15/><E15/><V9/><F27/><W68/><G68/><T84/><D106/><U58/><AGARI ba="0,2" hai="51,53,58,78,81,85,93,96,97,98,99,102,108,111" machi="58" ten="30,7900,0" yaku="1,1,0,1,52,1,53,1" doraHai="48" doraHaiUra="77" who="1" fromWho="1" sc="24,-20,317,99,279,-20,360,-39" owari="4,-49.6,416,51.6,259,-14.1,321,12.1" /></mjloggm>