<mjloggm ver="2.3"><GO type="169" lobby="0"/><UN n0="%E3%81%97%E3%81%BE%E3%81%A0%E3%81%BE%32" n1="%E3%82%B5%E3%83%96%E3%82%A2%E3%83%A9%E3%83%89" n2="%73%65%37%37%65%6E" n3="%E3%81%AF%E3%81%92%E3%81%97%E3%81%8F%E3%82%A6%E3%83%84" dan="16,16,16,17" rate="2121.88,2046.18,2040.26,2189.33" sx="M,M,M,M"/><TAIKYOKU oya="0"/><INIT seed="0,0,0,4,1,120" ten="250,250,250,250" oya="0" hai0="38,101,83,127,132,119,76,128,71,26,49,23,64" hai1="59,3,89,90,77,6,104,110,73,19,81,99,65" hai2="94,52,58,134,47,13,57,70,18,45,12,1,125" hai3="46,44,117,24,69,84,78,98,121,17,102,8,93"/><T31/><D119/><U50/><E19/><V113/><F70/><W62/><G117/><T15/><D38/><U79/><E6/><V41/><F1/><W116/><G116/><T87/><D127/><U75/><E3/><V122/><F113/><W29/><G121/><T109/><D132/><U40/><E40/><V60/><F134/><W103/><G103/><T66/><D128/><U67/><E50/><V43/><F125/><W111/><G111/><T107/><D71/><U82/><E59/><V106/><F106/><W133/><G133/><T108/><D49/><U72/><E65/><V16/><F94/><W130/><G130/><T135/><D135/><U105/><E67/><V80/><F80/><N who="1" m="30825" /><E110/><N who="0" m="42601" /><D15/><U33/><E33/><V53/><F122/><W2/><G69/><T91/><D91/><N who="1" m="34827" /><E99/><AGARI ba="0,0" hai="23,26,31,64,66,76,83,87,99,101,107" m="42601" machi="99" ten="30,12000,1" yaku="14,1,10,1,52,3" doraHai="120" who="0" fromWho="1" sc="250,120,250,-120,250,0,250,0" /><INIT seed="0,1,0,2,4,71" ten="370,130,250,250" oya="0" hai0="15,74,133,30,63,104,8,101,9,85,77,87,60" hai1="19,132,102,78,75,36,29,52,37,59,80,58,81" hai2="4,45,61,53,83,97,57,73,25,2,106,125,16" hai3="18,124,14,82,34,31,41,91,69,33,129,66,113"/><T68/><D74/><U88/><E132/><V1/><F125/><W54/><G113/><T43/><D133/><U42/><E42/><V93/><F106/><W119/><G119/><T11/><D30/><U96/><E59/><V65/><F4/><W95/><G124/><T116/><D116/><U112/><E112/><V3/><F73/><W122/><G129/><T55/><D101/><U40/><E40/><V121/><F83/><W48/><G122/><T27/><D104/><U131/><E131/><V38/><F121/><W130/><G130/><T44/><D27/><U56/><E56/><V17/><F25/><W109/><G109/><T123/><D55/><U118/><E118/><V128/><F128/><W90/><G41/><T67/><D63/><U79/><E19/><V10/><F10/><W110/><G31/><T115/><D123/><U70/><E70/><V126/><F38/><W0/><G0/><T22/><D77/><U107/><E29/><V28/><F28/><W76/><G66/><T26/><D26/><U94/><E81/><V47/><F126/><W6/><G6/><T114/><D114/><U100/><E100/><V117/><F117/><W49/><G69/><T20/><D115/><U46/><E46/><V35/><F35/><W135/><G110/><T103/><D103/><U127/><E127/><V134/><F134/><W108/><G108/><T120/><D120/><U64/><E64/><V62/><F61/><W86/><G135/><T21/><REACH who="0" step="1"/><D15/><REACH who="0" ten="360,130,250,250" step="2"/><U84/><E79/><V23/><F53/><W92/><G54/><T105/><D105/><U89/><E89/><RYUUKYOKU ba="1,1" sc="360,15,130,15,250,-15,250,-15" hai0="8,9,11,20,21,22,43,44,60,67,68,85,87" hai1="36,37,52,58,75,78,80,84,88,94,96,102,107" /><INIT seed="0,2,1,4,5,2" ten="375,145,235,235" oya="0" hai0="18,28,133,15,58,81,29,47,32,119,4,110,101" hai1="19,68,135,52,121,3,45,61,86,134,24,11,38" hai2="72,126,96,99,74,59,124,93,106,84,73,36,90" hai3="57,77,112,128,92,1,70,87,129,13,35,78,50"/><T7/><D119/><U114/><E121/><V94/><F36/><W41/><G70/><T63/><D133/><N who="1" m="50699" /><E114/><V79/><F59/><W54/><G35/><T85/><D101/><U123/><E123/><V33/><F33/><W30/><G1/><T39/><D110/><U118/><E118/><V40/><F40/><W14/><G30/><N who="0" m="11883" /><D47/><U104/><E104/><V12/><F12/><W31/><G31/><T69/><D69/><U8/><E38/><V16/><F106/><W56/><G41/><T111/><D111/><U97/><E97/><V107/><F16/><W108/><G108/><T100/><D100/><U55/><E68/><V113/><F107/><W21/><G112/><T117/><D117/><U37/><E37/><V122/><F113/><W109/><G109/><T0/><D0/><U44/><E86/><V67/><F67/><W98/><G57/><T66/><D39/><U65/><E65/><V23/><F23/><W83/><G77/><N who="0" m="46255" /><D32/><U9/><E3/><V91/><F122/><W89/><REACH who="3" step="1"/><G21/><AGARI ba="2,1" hai="4,7,15,18,21,58,63,66" m="46255,11883" machi="21" ten="30,5800,0" yaku="8,1,52,2" doraHai="2" who="0" fromWho="3" sc="375,74,145,0,235,0,235,-64" /><INIT seed="0,3,0,2,1,46" ten="449,145,235,171" oya="0" hai0="53,29,37,104,84,109,108,82,11,118,16,58,41" hai1="85,93,62,42,99,18,86,55,19,96,111,52,110" hai2="117,105,73,78,33,48,38,114,12,59,103,47,36" hai3="91,45,63,1,40,17,23,65,116,39,32,132,129"/><T70/><D118/><U35/><E35/><V31/><F114/><W6/><G116/><T135/><D70/><U8/><E42/><V74/><F117/><W127/><G32/><T60/><D104/><U120/><E62/><V10/><F31/><W21/><G132/><T68/><D68/><U130/><E8/><V61/><F33/><W26/><G129/><T122/><D135/><U97/><E130/><V107/><F36/><W89/><G127/><T123/><D41/><U128/><E128/><V87/><F38/><W57/><G6/><T20/><D37/><U94/><REACH who="1" step="1"/><E99/><REACH who="1" ten="449,135,235,171" step="2"/><V25/><F61/><W27/><REACH who="3" step="1"/><G1/><REACH who="3" ten="449,135,235,161" step="2"/><T121/><D122/><AGARI ba="3,2" hai="18,19,52,55,85,86,93,94,96,97,110,111,120,122" machi="122" ten="25,8000,1" yaku="1,1,2,1,22,2,54,1,53,0" doraHai="46" doraHaiUra="3" who="1" fromWho="0" sc="449,-89,135,109,235,0,161,0" /><INIT seed="1,0,0,4,4,58" ten="360,244,235,161" oya="1" hai0="43,94,133,10,97,17,54,21,19,70,27,119,28" hai1="1,80,89,77,114,25,56,59,34,62,30,40,63" hai2="111,112,123,9,129,66,46,105,7,3,11,88,132" hai3="126,42,95,49,48,2,93,45,53,72,73,118,22"/><U99/><E1/><V57/><F123/><W82/><G2/><T79/><D119/><U0/><E0/><V55/><F105/><W102/><G118/><T6/><D133/><U87/><E114/><V13/><F111/><W124/><G22/><T131/><D131/><U100/><E40/><V110/><F129/><W103/><G82/><T29/><D79/><U14/><E14/><V101/><F110/><W69/><G69/><T18/><D70/><U75/><E56/><V4/><F101/><W84/><G84/><T117/><D29/><U120/><E59/><V116/><F116/><W128/><G128/><T83/><D83/><U115/><E115/><V64/><F46/><W104/><G53/><T35/><D54/><U33/><E33/><V130/><F132/><W92/><G104/><T15/><D43/><U16/><E16/><V98/><F130/><W41/><G93/><T125/><D125/><U61/><E120/><V67/><F112/><W60/><REACH who="3" step="1"/><G45/><REACH who="3" ten="360,244,235,151" step="2"/><T12/><D117/><U78/><REACH who="1" step="1"/><E75/><REACH who="1" ten="360,234,235,151" step="2"/><V86/><F98/><W37/><G37/><T107/><D97/><U32/><E32/><V26/><F26/><W74/><G74/><T44/><D44/><U51/><E51/><V20/><F20/><W23/><G23/><T36/><D35/><U113/><E113/><V108/><F108/><W47/><G47/><T121/><D21/><U38/><E38/><V76/><F66/><W50/><G50/><T71/><D27/><U127/><E127/><V91/><F64/><W90/><G90/><T39/><D36/><U31/><E31/><V109/><F67/><RYUUKYOKU ba="0,2" sc="360,-15,234,15,235,-15,151,15" hai1="25,30,34,61,62,63,77,78,80,87,89,99,100" hai3="41,42,48,49,60,72,73,92,95,102,103,124,126" /><INIT seed="1,1,2,2,0,54" ten="345,249,220,166" oya="1" hai0="115,99,86,24,98,103,49,101,26,85,9,62,2" hai1="118,18,70,133,27,3,71,29,93,42,19,12,125" hai2="33,20,60,84,91,111,100,13,17,28,96,131,129" hai3="46,30,106,66,25,40,130,116,108,123,10,88,97"/><U47/><E118/><V34/><F111/><W112/><G123/><T64/><D115/><U8/><E125/><V41/><F41/><W95/><G112/><T132/><D49/><U16/><E133/><V14/><F14/><W51/><G108/><T82/><D132/><U102/><E3/><V55/><F28/><W72/><G116/><T110/><D9/><U135/><E135/><V105/><F55/><W83/><G130/><N who="2" m="49673" /><F60/><W52/><G106/><T126/><D2/><U45/><E71/><V36/><F36/><W94/><G66/><T57/><D86/><U4/><E70/><V107/><F107/><W6/><G72/><T56/><D56/><U74/><E74/><V31/><F31/><W122/><G122/><T39/><D39/><U78/><E42/><V68/><F68/><W7/><G83/><AGARI ba="1,2" hai="13,17,20,33,34,83,84,91,96,100,105" m="49673" machi="83" ten="30,1000,0" yaku="19,1" doraHai="54" who="2" fromWho="3" sc="345,0,249,0,220,33,166,-13" /><INIT seed="2,0,0,3,0,131" ten="345,249,253,153" oya="2" hai0="121,16,124,52,24,33,56,106,96,83,14,64,95" hai1="2,133,27,110,31,76,84,74,39,46,75,73,109" hai2="128,82,26,22,112,43,55,87,35,47,19,99,10" hai3="123,88,12,65,111,85,59,116,122,61,89,57,98"/><V68/><F68/><W119/><G111/><N who="1" m="42506" /><E2/><V101/><F112/><W70/><G70/><T72/><D121/><U69/><E69/><V117/><F117/><W29/><G29/><T81/><D106/><U120/><E120/><V15/><F35/><W86/><G12/><T62/><D124/><U71/><E71/><V48/><F128/><W78/><G98/><T134/><D72/><U60/><E60/><V13/><F43/><W38/><G61/><T97/><D64/><U93/><E93/><V130/><F130/><W20/><G20/><N who="0" m="13319" /><D134/><U6/><E6/><V51/><F51/><W1/><G65/><T129/><D129/><U58/><E133/><V127/><F127/><W3/><REACH who="3" step="1"/><G78/><REACH who="3" ten="345,249,253,143" step="2"/><T44/><D97/><U34/><E76/><V79/><F10/><W23/><G23/><T17/><D33/><U7/><E34/><V11/><REACH who="2" step="1"/><F11/><REACH who="2" ten="345,249,243,143" step="2"/><W77/><G77/><T91/><D44/><U54/><E46/><V50/><F50/><W42/><G42/><T107/><D107/><AGARI ba="0,2" hai="13,15,19,22,26,47,48,55,79,82,87,99,101,107" machi="107" ten="30,2900,0" yaku="1,1,7,1,53,0" doraHai="131" doraHaiUra="32" who="2" fromWho="0" sc="345,-29,249,0,243,49,143,0" /><INIT seed="2,1,0,5,4,70" ten="316,249,292,143" oya="2" hai0="77,75,8,72,122,43,54,61,105,95,103,2,60" hai1="64,0,65,88,127,82,63,9,115,86,24,23,25" hai2="45,44,113,67,49,98,50,12,81,124,121,101,119" hai3="55,15,89,112,120,93,35,42,126,41,16,102,125"/><V48/><F119/><W79/><G120/><T94/><D122/><U114/><E127/><N who="3" m="48650" /><G35/><T62/><D54/><U30/><E65/><V100/><F124/><W26/><G26/><T4/><D105/><U51/><E51/><V132/><F121/><W27/><G27/><T128/><D103/><U40/><E40/><V80/><F132/><W123/><G123/><T28/><D28/><U110/><E110/><V87/><F67/><W7/><G7/><T39/><D128/><U130/><E130/><V1/><F1/><W96/><G112/><T69/><D72/><U52/><E25/><V117/><F117/><W135/><G135/><T56/><D56/><U91/><E91/><V78/><F12/><W108/><G108/><T22/><D22/><U19/><E0/><V47/><F113/><W10/><G79/><T14/><D14/><N who="1" m="7631" /><E115/><V34/><F34/><W107/><G55/><T71/><D69/><U17/><E64/><V46/><F46/><W59/><G59/><T58/><D58/><N who="1" m="35271" /><E114/><V20/><F20/><W38/><G38/><T111/><D71/><U11/><E11/><V109/><F109/><W99/><AGARI ba="1,0" hai="10,15,16,41,42,89,93,96,99,102,107" m="48650" machi="99" ten="30,2000,0" yaku="18,1,54,1" doraHai="70" who="3" fromWho="3" sc="316,-6,249,-6,292,-11,143,23" /><INIT seed="3,0,0,5,3,120" ten="310,243,281,166" oya="3" hai0="3,113,30,0,29,40,38,4,20,90,132,19,109" hai1="111,43,14,42,39,54,27,86,105,46,74,65,50" hai2="7,88,89,102,71,107,9,37,15,116,129,72,70" hai3="112,98,134,55,13,1,82,79,69,83,76,127,10"/><W93/><G112/><T23/><D90/><U45/><E74/><V52/><F37/><W108/><G1/><T123/><D40/><U73/><E73/><V16/><F116/><W21/><G69/><T33/><D38/><U121/><E121/><V135/><F72/><W28/><G134/><T18/><D123/><U57/><E105/><V67/><F135/><W81/><G127/><T128/><D132/><U80/><E27/><V8/><F129/><W61/><G108/><T126/><D4/><U124/><E14/><V131/><F131/><W77/><G28/><T66/><D66/><U6/><E111/><V103/><F70/><W85/><G21/><T95/><D95/><U49/><E6/><V12/><F107/><W32/><G32/><T56/><D56/><U114/><E114/><V101/><REACH who="2" step="1"/><F52/><REACH who="2" ten="310,243,271,166" step="2"/><W91/><G55/><T64/><D64/><U87/><E39/><V110/><F110/><W78/><REACH who="3" step="1"/><G61/><AGARI ba="0,1" hai="7,8,9,12,15,16,61,67,71,88,89,101,102,103" machi="61" ten="40,8000,1" yaku="1,1,54,2,53,1" doraHai="120" doraHaiUra="60" who="2" fromWho="3" sc="310,0,243,0,271,90,166,-80" /><INIT seed="4,0,0,5,2,26" ten="310,243,361,86" oya="0" hai0="128,31,73,110,56,64,62,100,2,115,122,5,7" hai1="101,133,19,83,103,38,36,22,51,29,67,43,59" hai2="124,13,89,0,27,85,41,33,131,23,61,104,118" hai3="60,91,70,18,88,55,108,129,12,97,44,21,42"/><T113/><D122/><U132/><E83/><V71/><F104/><W102/><G108/><T107/><D73/><U76/><E76/><V94/><F0/><W112/><G112/><N who="0" m="43083" /><D110/><U72/><E72/><V3/><F3/><W24/><G129/><T34/><D128/><U98/><E67/><V126/><F131/><W66/><G55/><T84/><D84/><U119/><E119/><V14/><F41/><W11/><G102/><T52/><D2/><U16/><E59/><V120/><F118/><W130/><G130/><T109/><D109/><U47/><E103/><V106/><F33/><W9/><G9/><T127/><D127/><N who="2" m="48682" /><F106/><W79/><G79/><T17/><D17/><U121/><E121/><V74/><F74/><W93/><G91/><T114/><D64/><U77/><E77/><V80/><F80/><W48/><REACH who="3" step="1"/><G11/><REACH who="3" ten="310,243,361,76" step="2"/><T82/><D114/><U87/><E101/><V134/><F120/><W1/><G1/><T46/><D100/><U125/><E125/><V25/><F89/><W63/><G63/><T86/><D107/><U99/><E99/><V78/><F61/><W57/><G57/><T75/><D56/><U8/><E98/><V123/><F78/><W69/><G69/><T135/><D62/><U35/><E8/><V30/><F71/><W81/><G81/><T90/><D75/><U40/><E87/><V20/><F123/><W116/><G116/><T96/><D96/><U28/><E47/><V49/><F85/><W111/><G111/><T39/><D46/><U37/><E43/><V50/><F94/><W32/><G32/><T54/><D34/><RYUUKYOKU ba="0,1" sc="310,-10,243,-10,361,-10,76,30" hai3="12,18,21,24,42,44,48,60,66,70,88,93,97" /><INIT seed="5,1,1,1,5,25" ten="300,233,351,106" oya="1" hai0="96,107,81,48,1,60,47,2,85,59,105,19,135" hai1="12,15,125,112,21,62,16,44,22,3,38,56,120" hai2="122,50,31,57,113,51,65,127,10,54,46,97,115" hai3="83,111,91,11,14,55,75,128,70,84,39,123,23"/><U41/><E120/><V103/><F122/><W20/><G123/><T7/><D135/><U69/><E125/><V93/><F127/><W89/><G111/><T126/><D126/><U131/><E131/><V117/><F117/><W124/><G124/><T30/><D19/><U129/><E129/><V92/><F10/><W13/><G128/><T73/><D73/><U45/><E112/><N who="2" m="43083" /><F31/><W42/><G75/><T6/><D30/><U76/><E3/><V86/><F86/><W95/><G70/><T9/><D96/><U72/><E69/><V43/><F65/><W37/><G42/><T118/><D7/><U88/><E72/><V49/><F93/><W36/><G55/><T74/><D2/><U119/><E119/><V71/><F71/><W116/><G116/><T79/><D118/><U53/><E76/><V80/><F80/><W0/><G0/><T98/><D98/><U82/><E41/><V114/><F114/><W61/><G61/><AGARI ba="1,1" hai="43,46,49,50,51,54,57,61,92,97,103" m="43083" machi="61" ten="30,2000,0" yaku="15,1,11,1" doraHai="25" who="2" fromWho="3" sc="300,0,233,0,351,33,106,-23" /><INIT seed="6,0,0,1,1,23" ten="300,233,384,83" oya="2" hai0="52,126,6,46,86,79,120,40,78,105,122,19,5" hai1="130,59,113,32,84,129,69,118,18,26,94,104,60" hai2="20,44,131,42,41,108,28,67,112,9,75,81,77" hai3="74,68,8,13,24,93,64,95,98,117,39,11,134"/><V0/><F112/><W38/><G117/><T54/><D105/><U33/><E104/><V43/><F131/><W53/><G74/><T2/><D126/><U101/><E69/><V123/><F123/><W63/><G134/><T56/><D19/><U61/><E118/><V36/><F67/><W58/><G93/><T3/><D46/><U25/><E113/><V82/><F82/><W22/><G38/><T72/><D56/><U62/><E18/><V127/><F127/><W47/><G39/><T116/><D86/><U30/><E59/><V34/><F34/><W76/><G76/><T100/><D116/><U110/><E110/><V109/><F20/><W111/><G111/><N who="2" m="42569" /><F28/><W85/><G85/><T65/><D40/><U50/><E50/><V7/><AGARI ba="0,0" hai="0,7,9,36,41,42,43,44,75,77,81" m="42569" machi="7" ten="30,3000,0" yaku="25,1,10,1" doraHai="23" who="2" fromWho="2" sc="300,-10,233,-10,384,30,83,-10" /><INIT seed="6,1,0,5,5,119" ten="290,223,414,73" oya="2" hai0="112,129,45,15,121,29,117,68,92,4,56,125,65" hai1="50,39,35,74,84,22,72,99,118,67,17,7,9" hai2="14,110,20,51,82,89,95,8,80,130,25,116,11" hai3="32,60,58,97,123,30,131,106,38,55,48,108,44"/><V114/><F116/><W52/><G108/><T42/><D117/><U31/><E39/><V26/><F114/><W134/><G134/><T87/><D68/><U2/><E67/><V102/><F130/><W19/><G131/><T71/><D71/><U6/><E6/><V34/><F102/><W73/><G38/><T16/><D29/><U63/><E63/><V101/><F101/><W21/><G73/><T122/><D4/><U126/><E126/><V5/><F110/><W104/><G97/><T115/><D125/><U47/><E99/><V77/><F77/><W1/><G1/><T12/><D129/><U41/><E84/><V10/><F51/><W91/><G91/><N who="0" m="53375" /><D56/><U94/><E94/><V100/><F100/><W76/><G76/><T113/><D65/><U127/><E127/><V64/><F64/><W105/><G30/><T103/><D103/><U75/><E75/><V24/><F34/><W70/><G70/><T66/><D66/><U120/><E120/><N who="0" m="46185" /><D16/><U61/><E118/><V59/><F59/><W0/><G123/><T93/><D93/><U53/><E61/><V18/><F5/><W37/><G37/><AGARI ba="1,0" hai="12,15,37,42,45,112,113,115" m="46185,53375" machi="37" ten="40,8000,1" yaku="15,1,52,3" doraHai="119" who="0" fromWho="3" sc="290,83,223,0,414,0,73,-83" owari="373,17.3,223,-17.7,414,51.4,-10,-51.0" /></mjloggm>