<mjloggm ver="2.3"><GO type="169" lobby="0"/><UN n0="%E3%82%BF%E3%83%9E%E3%83%8D%E3%82%AE" n1="%61%79%61%70%69%6E" n2="%53%4F%49%43%48%49" n3="%E6%9C%AA%E6%9D%A5%E5%B0%91%E5%B9%B4" dan="17,16,16,16" rate="2204.39,2170.45,2093.15,2162.80" sx="M,M,M,F"/><TAIKYOKU oya="0"/><INIT seed="0,0,0,1,2,14" ten="250,250,250,250" oya="0" hai0="122,23,57,74,5,31,99,13,80,51,18,92,135" hai1="66,52,71,83,100,95,63,76,11,36,34,55,124" hai2="9,42,104,110,70,62,27,72,101,33,75,43,56" hai3="107,118,2,47,85,64,60,112,28,131,49,6,41"/><T119/><D119/><U12/><E34/><V123/><F123/><W22/><G112/><T102/><D122/><U98/><E36/><V117/><F110/><W121/><G121/><T30/><D135/><U88/><E100/><V65/><F117/><W24/><G118/><T3/><D3/><U73/><REACH who="1" step="1"/><E124/><REACH who="1" ten="250,240,250,250" step="2"/><V37/><F37/><W113/><G113/><T91/><D5/><AGARI ba="0,1" hai="5,11,12,52,55,63,66,71,73,76,83,88,95,98" machi="5" ten="30,12000,2" yaku="1,1,2,1,7,1,54,2,53,1" doraHai="14" doraHaiUra="84" who="1" fromWho="0" sc="250,-120,240,130,250,0,250,0" /><INIT seed="1,0,0,4,4,71" ten="130,370,250,250" oya="1" hai0="94,85,131,50,126,99,128,36,7,57,27,40,15" hai1="83,33,88,9,19,123,38,49,65,122,108,14,134" hai2="64,92,116,86,75,112,60,113,76,115,63,55,118" hai3="10,119,23,77,18,97,69,130,25,20,70,47,43"/><U32/><E134/><V110/><F75/><W114/><G114/><T124/><D85/><U87/><E108/><V129/><F76/><W96/><G130/><N who="0" m="49707" /><D27/><U53/><E65/><V74/><F129/><W103/><G119/><N who="2" m="45609" /><F74/><W90/><G77/><T46/><D7/><U24/><E38/><V42/><F86/><W120/><G10/><T104/><D15/><U39/><E39/><V78/><F92/><W13/><G90/><N who="0" m="55767" /><D104/><U1/><E1/><V125/><F78/><W98/><G103/><T62/><D50/><U28/><E33/><V29/><F29/><W82/><G82/><T41/><D41/><U52/><E53/><AGARI ba="0,0" hai="36,40,46,53,57,62,124,126" m="55767,49707" machi="53" ten="30,2000,0" yaku="19,1,52,1" doraHai="71" who="0" fromWho="1" sc="130,20,370,-20,250,0,250,0" /><INIT seed="2,0,0,3,5,58" ten="150,350,250,250" oya="2" hai0="89,111,22,77,0,85,20,29,129,116,101,125,62" hai1="93,122,12,25,60,66,19,118,39,108,74,40,127" hai2="97,99,43,26,56,117,48,126,4,52,21,38,37" hai3="121,82,15,113,23,68,71,78,65,104,88,13,98"/><V44/><F126/><W119/><G119/><T9/><D125/><U53/><E127/><V124/><F124/><W90/><G121/><T10/><D116/><U54/><E122/><V110/><F117/><W2/><G2/><T34/><D34/><U57/><E118/><V67/><F110/><W3/><G3/><T17/><D111/><U24/><E108/><V50/><F4/><W18/><G113/><T47/><D77/><U30/><E74/><V69/><F48/><W7/><G71/><T130/><D101/><U84/><E40/><V92/><F38/><W86/><G104/><T79/><D79/><U72/><E39/><V107/><F107/><W36/><G36/><T75/><D47/><U94/><E72/><V31/><F92/><N who="1" m="35433" /><E84/><V87/><F87/><W70/><G98/><T105/><D75/><U120/><E120/><V8/><F8/><W100/><G100/><T49/><D49/><U115/><E115/><V109/><F109/><W83/><G65/><T14/><D105/><U5/><E5/><V16/><F31/><W96/><G96/><T11/><D0/><U59/><E30/><V51/><F51/><W55/><G55/><N who="1" m="21002" /><E57/><V61/><AGARI ba="0,0" hai="16,21,26,37,43,44,50,52,56,61,67,69,97,99" machi="61" ten="30,18000,2" yaku="0,1,24,2,52,1,54,2" doraHai="58" who="2" fromWho="2" sc="150,-60,350,-60,250,180,250,-60" /><INIT seed="2,1,0,3,1,133" ten="90,290,430,190" oya="2" hai0="18,97,124,30,47,66,32,91,52,89,102,114,55" hai1="17,130,107,31,56,0,36,67,65,118,29,112,53" hai2="19,77,54,7,132,60,85,126,39,37,109,20,103" hai3="113,122,82,69,6,108,11,127,131,40,21,98,105"/><V38/><F132/><W86/><G69/><T1/><D114/><U51/><E36/><V61/><F109/><W48/><G122/><T110/><D110/><U5/><E118/><V99/><F7/><W3/><G108/><T94/><D1/><U120/><E107/><V101/><F54/><W74/><G113/><T76/><D76/><U45/><E120/><V111/><F111/><W80/><G131/><T75/><D75/><U42/><E112/><V73/><F73/><W128/><G128/><T15/><D66/><U72/><E72/><V83/><F101/><W49/><G74/><T57/><D124/><U23/><E130/><V93/><REACH who="2" step="1"/><F126/><REACH who="2" ten="90,290,420,190" step="2"/><W33/><G127/><T84/><D55/><U95/><E5/><V135/><F135/><W14/><G6/><T41/><D102/><U2/><E2/><V90/><F90/><W26/><G3/><T24/><D91/><U16/><E0/><V106/><F106/><W13/><G105/><T35/><D52/><U88/><E67/><V12/><AGARI ba="1,1" hai="12,19,20,37,38,39,60,61,77,83,85,93,99,103" machi="12" ten="30,12000,1" yaku="1,1,0,1,53,3" doraHai="133" doraHaiUra="70" who="2" fromWho="2" sc="90,-41,290,-41,420,133,190,-41" /><INIT seed="2,2,0,0,3,116" ten="49,249,553,149" oya="2" hai0="11,34,90,70,124,16,73,47,15,77,39,53,23" hai1="110,92,32,2,129,102,43,98,24,60,55,17,84" hai2="112,74,80,65,133,9,107,48,18,45,19,27,63" hai3="106,67,126,79,87,127,132,3,56,96,49,125,104"/><V61/><F107/><W8/><G132/><T91/><D124/><U100/><E2/><V37/><F112/><W25/><G25/><T108/><D108/><U93/><E110/><V40/><F133/><W50/><G67/><T113/><D113/><U0/><E0/><V95/><F95/><W4/><G56/><T86/><D70/><U42/><E32/><V120/><F120/><W57/><G57/><T62/><D34/><U131/><E60/><V119/><F119/><W122/><G122/><T130/><D130/><N who="1" m="49675" /><E55/><V14/><F37/><W64/><G64/><T83/><D39/><U135/><E135/><V66/><F80/><N who="3" m="47519" /><G96/><T69/><D69/><U99/><E84/><V20/><F74/><W35/><G35/><T115/><D115/><U59/><E59/><N who="2" m="37055" /><F66/><W71/><G71/><T81/><D62/><AGARI ba="2,0" hai="9,14,18,19,20,27,40,45,48,62,63" m="37055" machi="62" ten="30,1500,0" yaku="8,1" doraHai="116" who="2" fromWho="0" sc="49,-21,249,0,553,21,149,0" /><INIT seed="2,3,0,5,5,13" ten="28,249,574,149" oya="2" hai0="105,126,80,55,95,84,56,50,114,45,112,19,123" hai1="9,38,72,89,115,3,81,24,0,26,101,40,74" hai2="79,65,116,60,71,61,31,1,58,33,106,43,135" hai3="131,110,133,75,48,63,88,49,67,82,41,91,2"/><V85/><F116/><W37/><G2/><T104/><D126/><U47/><E101/><V25/><F135/><W122/><G122/><T78/><D123/><U53/><E115/><V125/><F125/><W35/><G35/><T93/><D112/><U16/><E53/><V34/><F106/><W103/><G133/><T42/><D114/><U70/><E70/><V44/><F1/><W113/><G113/><T29/><D29/><U15/><E0/><V20/><F85/><W90/><G110/><T5/><D5/><U6/><E74/><V97/><F97/><W94/><G131/><T66/><D66/><U7/><E7/><V51/><F79/><W108/><G108/><T83/><D83/><U121/><E121/><V69/><F69/><W120/><G120/><T109/><D109/><U86/><REACH who="1" step="1"/><E72/><REACH who="1" ten="28,239,574,149" step="2"/><V8/><F71/><W36/><G75/><T119/><D119/><U22/><AGARI ba="3,1" hai="3,6,9,15,16,22,24,26,38,40,47,81,86,89" machi="22" ten="20,12000,2" yaku="1,1,2,1,0,1,7,1,52,1,54,1,53,1" doraHai="13" doraHaiUra="39" who="1" fromWho="1" sc="28,-33,239,139,574,-63,149,-33" owari="-5,-50.5,378,17.8,511,61.1,116,-28.4" /></mjloggm>