<mjloggm ver="2.3"><GO type="169" lobby="0"/><UN n0="%E9%95%B7%E5%B2%A1" n1="%E3%81%8B%E3%82%8F%E3%81%97%E3%81%83" n2="%E3%81%8B%E3%81%A5%E3%81%8D%EF%BC%B8%EF%BC%A9" n3="%E3%83%8B%E3%83%A9%E3%83%83%E3%82%AF%E3%82%B9%32" dan="16,16,18,16" rate="2061.76,2134.70,2179.37,2038.70" sx="M,M,M,M"/><TAIKYOKU oya="0"/><INIT seed="0,0,0,4,0,116" ten="250,250,250,250" oya="0" hai0="75,90,83,104,15,44,7,81,129,120,71,26,64" hai1="118,63,17,67,82,89,110,94,11,98,51,20,8" hai2="1,34,126,45,92,10,101,124,91,72,35,111,133" hai3="100,79,68,36,32,57,134,122,97,27,70,119,38"/><T102/><D129/><U86/><E110/><V123/><F111/><W130/><G79/><T66/><D120/><U125/><E125/><N who="2" m="48235" /><F72/><W132/><G57/><T84/><D26/><U49/><E118/><V33/><F101/><W78/><G78/><T25/><D25/><U31/><E31/><V24/><F45/><W88/><G119/><T6/><D75/><U105/><E105/><V2/><F2/><W23/><G32/><T55/><D81/><U108/><E108/><V69/><F69/><N who="3" m="26731" /><G88/><T43/><D55/><U53/><E67/><V41/><F24/><W87/><G87/><T99/><D15/><N who="1" m="9279" /><E63/><V47/><F34/><W127/><G130/><T113/><D113/><U76/><E49/><V39/><F35/><W37/><G23/><T112/><D112/><U73/><E73/><V42/><F33/><W103/><G27/><T19/><D66/><U52/><E53/><V5/><F1/><W60/><G60/><T50/><D64/><U21/><E21/><V93/><F10/><W85/><G127/><T80/><D71/><U3/><E3/><V107/><F47/><AGARI ba="0,0" hai="8,11,47,51,52,76,82,86,89,94,98" m="9279" machi="47" ten="30,2000,0" yaku="8,1,54,1" doraHai="116" who="1" fromWho="2" sc="250,0,250,20,250,-20,250,0" /><INIT seed="1,0,0,1,5,22" ten="250,270,230,250" oya="1" hai0="26,133,8,91,41,77,82,23,92,53,57,38,101" hai1="107,69,131,27,76,4,71,80,63,123,87,105,2" hai2="111,86,114,21,15,109,61,46,5,73,49,78,11" hai3="130,115,88,126,48,1,121,64,20,119,19,97,29"/><U25/><E123/><V56/><F114/><W10/><G115/><T59/><D133/><U33/><E33/><V104/><F104/><W127/><G121/><T135/><D135/><U132/><E132/><V94/><F73/><W9/><G64/><T51/><D101/><U34/><E34/><V54/><F21/><W45/><G29/><T3/><D57/><U110/><E131/><V124/><F124/><N who="3" m="47659" /><G1/><T79/><D82/><U35/><E35/><V70/><F70/><W129/><G119/><T44/><D3/><U7/><E110/><V74/><F74/><W116/><G116/><T83/><D83/><U125/><E125/><V14/><F111/><W40/><G130/><T0/><D0/><U120/><E120/><V17/><F109/><W122/><G122/><T58/><D59/><U75/><E75/><V134/><F134/><W65/><G65/><T66/><D8/><U42/><E105/><V55/><F78/><W84/><G97/><T103/><D66/><U47/><E107/><V96/><F86/><W67/><G67/><T6/><D6/><U28/><E2/><V90/><F5/><W60/><G60/><T113/><D113/><U50/><E71/><V93/><F61/><W112/><G112/><T98/><REACH who="0" step="1"/><D103/><REACH who="0" ten="240,270,230,250" step="2"/><U12/><E69/><V85/><F56/><W72/><G129/><T118/><D118/><U99/><E4/><V106/><F11/><W52/><G9/><T68/><D68/><U31/><E63/><V30/><F46/><W108/><G10/><T128/><D128/><U18/><E7/><V102/><F102/><W43/><G108/><RYUUKYOKU ba="0,1" sc="240,30,270,-10,230,-10,250,-10" hai0="23,26,38,41,44,51,53,58,77,79,91,92,98" /><INIT seed="2,1,1,4,3,59" ten="270,260,220,240" oya="2" hai0="29,47,88,76,22,108,62,102,127,69,42,112,8" hai1="14,19,61,10,98,40,113,60,129,125,38,54,111" hai2="3,41,100,0,64,50,53,116,1,25,97,79,72" hai3="103,132,115,126,131,120,33,77,73,107,119,91,36"/><V44/><F116/><W130/><G91/><T99/><D112/><U134/><E113/><V45/><F79/><W51/><G51/><T31/><D108/><U83/><E111/><V57/><F72/><W118/><G118/><T16/><D127/><U20/><E125/><V5/><F25/><W48/><G48/><N who="0" m="26743" /><D69/><U28/><E129/><V95/><F45/><W37/><G37/><T56/><D8/><U7/><E134/><V110/><F64/><W84/><G84/><T105/><D105/><U35/><E40/><V55/><F55/><W6/><G103/><T46/><D102/><U101/><E38/><V13/><F13/><W123/><G77/><T74/><D76/><U90/><E54/><V43/><F43/><W117/><G6/><T93/><D74/><U23/><E23/><V82/><F82/><W17/><G119/><T12/><D46/><U135/><E135/><V75/><F75/><W67/><G130/><T63/><D63/><N who="1" m="24139" /><E35/><V104/><F110/><W34/><G67/><AGARI ba="1,1" hai="12,16,22,29,31,56,62,67,88,93,99" m="26743" machi="67" ten="30,7700,0" yaku="8,1,52,1,54,2" doraHai="59" who="0" fromWho="3" sc="270,90,260,0,220,0,240,-80" /><INIT seed="3,0,0,5,2,14" ten="360,260,220,160" oya="3" hai0="10,0,102,78,45,33,48,13,106,135,101,38,120" hai1="114,77,44,73,34,63,92,54,131,58,23,9,98" hai2="99,49,97,32,93,125,112,81,21,85,119,19,25" hai3="129,52,41,55,30,84,39,31,110,11,4,17,96"/><W7/><G129/><T24/><D120/><U18/><E34/><V57/><F112/><W88/><G39/><T36/><D135/><U89/><E114/><V46/><F125/><W126/><G41/><T67/><D0/><U22/><E131/><V59/><F32/><W28/><G126/><T83/><D67/><U50/><E73/><V118/><F118/><W130/><G96/><T43/><D24/><U68/><E68/><V90/><F119/><W123/><G123/><T72/><D33/><U64/><E77/><V42/><REACH who="2" step="1"/><F97/><REACH who="2" ten="360,260,210,160" step="2"/><W60/><G130/><T108/><D108/><U91/><E98/><V61/><F61/><W113/><G113/><T51/><D106/><U128/><E128/><V65/><F65/><W62/><G110/><T76/><D102/><AGARI ba="0,1" hai="19,21,25,42,46,49,57,59,81,85,90,93,99,102" machi="102" ten="30,8000,1" yaku="1,1,7,1,8,1,52,1,53,1" doraHai="14" doraHaiUra="94" who="2" fromWho="0" sc="360,-80,260,0,210,90,160,0" /><INIT seed="4,0,0,0,1,49" ten="280,260,300,160" oya="0" hai0="24,74,19,65,2,52,117,3,25,69,106,6,29" hai1="57,31,8,95,96,94,68,28,71,128,7,41,55" hai2="73,26,18,11,50,118,121,51,78,53,9,45,98" hai3="60,109,129,56,36,113,27,112,133,12,105,86,58"/><T131/><D117/><U10/><E128/><V84/><F121/><W61/><G105/><T104/><D74/><U110/><E110/><V87/><F73/><W85/><G109/><T38/><D38/><U100/><E41/><V116/><F98/><W91/><G36/><T46/><D131/><U83/><E83/><N who="2" m="47223" /><F51/><W43/><G129/><T102/><D19/><U37/><E37/><V30/><F87/><W32/><G12/><T48/><D24/><U79/><E79/><V62/><F62/><W115/><G133/><T123/><D6/><U14/><E8/><V80/><F80/><W132/><G132/><T23/><D123/><U126/><E126/><V119/><F18/><W20/><G32/><AGARI ba="0,0" hai="9,11,26,30,32,45,50,53,116,118,119" m="47223" machi="32" ten="30,2000,0" yaku="12,1,52,1" doraHai="49" who="2" fromWho="3" sc="280,0,260,0,300,20,160,-20" /><INIT seed="5,0,0,4,2,96" ten="280,260,320,140" oya="1" hai0="118,63,115,76,18,48,33,62,91,45,130,2,92" hai1="22,51,60,44,73,49,70,27,54,1,107,16,20" hai2="99,78,103,23,55,15,38,87,129,32,90,3,133" hai3="74,34,52,81,56,47,95,135,131,29,25,58,65"/><U124/><E73/><V80/><F32/><W28/><G135/><T121/><D118/><U67/><E1/><V113/><F38/><W84/><G131/><T102/><D33/><U114/><E114/><V98/><F3/><W66/><G29/><T82/><D2/><U123/><E124/><V104/><F55/><W13/><G74/><T128/><D115/><U19/><E107/><V40/><F40/><W109/><G95/><T79/><D18/><U101/><E101/><N who="2" m="62527" /><F23/><W86/><G86/><N who="0" m="50647" /><D121/><U132/><E132/><V14/><F113/><W112/><G112/><T24/><D24/><U97/><E97/><V71/><F71/><W12/><G109/><T41/><D92/><U10/><E10/><V117/><F15/><W85/><G85/><T0/><D0/><U120/><REACH who="1" step="1"/><E49/><REACH who="1" ten="280,250,320,140" step="2"/><V4/><F133/><W6/><G6/><T69/><D102/><U83/><E83/><V119/><F4/><W100/><G100/><T88/><D130/><U93/><E93/><N who="2" m="58831" /><F129/><W17/><G66/><T36/><D48/><U134/><E134/><V35/><F119/><W75/><G65/><N who="0" m="41143" /><D128/><U94/><E94/><V7/><F117/><W53/><G75/><T43/><D36/><U11/><E11/><V42/><F80/><W127/><G127/><T37/><D37/><U39/><E39/><V21/><F87/><W89/><G81/><T105/><D105/><U30/><E30/><V59/><F7/><W46/><G84/><T77/><D88/><U64/><E64/><V72/><F90/><W26/><G89/><T111/><D77/><U9/><E9/><V61/><F78/><RYUUKYOKU ba="0,1" sc="280,-10,250,30,320,-10,140,-10" hai1="16,19,20,22,27,44,51,54,60,67,70,120,123" /><INIT seed="5,1,1,4,2,112" ten="270,280,310,130" oya="1" hai0="115,12,26,134,114,11,77,90,128,64,49,4,17" hai1="57,105,14,82,119,79,133,43,117,36,42,96,85" hai2="127,9,48,108,45,20,2,16,76,122,88,89,21" hai3="69,135,67,104,54,123,124,93,40,132,52,91,23"/><U8/><E133/><N who="3" m="51274" /><G104/><T110/><D134/><U66/><E36/><V53/><F2/><W83/><G123/><T3/><D110/><U0/><E0/><V51/><F108/><W118/><G40/><T24/><D77/><U116/><E105/><V34/><F127/><W70/><G83/><T80/><D64/><U38/><E38/><V33/><F76/><W58/><G124/><T75/><D128/><U37/><E37/><V35/><F122/><W39/><G39/><T59/><D75/><U113/><E113/><N who="0" m="43017" /><D80/><U1/><E1/><V27/><F9/><W62/><G118/><T125/><D90/><U65/><E96/><V13/><REACH who="2" step="1"/><F51/><REACH who="2" ten="270,280,300,130" step="2"/><W86/><G23/><N who="0" m="11687" /><D125/><U18/><REACH who="1" step="1"/><E66/><REACH who="1" ten="270,270,300,130" step="2"/><V74/><F74/><W81/><G67/><T109/><D109/><U28/><E28/><AGARI ba="1,3" hai="13,16,20,21,27,28,33,34,35,45,48,53,88,89" machi="28" ten="40,5200,0" yaku="1,1,54,2,53,0" doraHai="112" doraHaiUra="94" who="2" fromWho="1" sc="270,0,270,-55,300,85,130,0" /><INIT seed="6,0,0,1,0,75" ten="270,215,385,130" oya="2" hai0="134,102,67,83,107,76,91,87,85,52,65,38,82" hai1="113,131,18,13,110,26,74,100,103,104,114,54,80" hai2="130,1,23,42,21,125,28,30,15,7,94,112,106" hai3="60,105,29,129,55,47,46,93,12,73,9,39,108"/><V37/><F106/><W57/><G105/><T53/><D38/><U27/><E110/><V128/><F42/><W122/><G122/><T115/><D115/><N who="1" m="44043" /><E131/><N who="2" m="50219" /><F37/><W71/><G129/><T81/><D134/><U44/><E104/><V96/><F1/><W127/><G127/><T24/><D83/><U14/><E44/><V33/><F33/><W118/><G118/><T66/><REACH who="0" step="1"/><D24/><REACH who="0" ten="260,215,385,130" step="2"/><U16/><E26/><V121/><F112/><W120/><G120/><T95/><D95/><U2/><E27/><V45/><F94/><W133/><G108/><T68/><D68/><U132/><E132/><V88/><F121/><W31/><G133/><T124/><D124/><U48/><E80/><V51/><F125/><W8/><G39/><T36/><D36/><U34/><E34/><V89/><F30/><W97/><G71/><T123/><D123/><U43/><E2/><V35/><F28/><N who="3" m="10827" /><G73/><T5/><D5/><U63/><E74/><V19/><F7/><N who="3" m="3103" /><G9/><T25/><D25/><U11/><E14/><V40/><F35/><W101/><AGARI ba="0,1" hai="46,47,55,57,60,93,97,101" m="3103,10827" machi="101" ten="30,1100,0" yaku="8,1" doraHai="75" who="3" fromWho="3" sc="260,-3,215,-3,385,-5,130,21" /><INIT seed="7,0,0,2,4,33" ten="257,212,380,151" oya="3" hai0="110,38,77,54,108,103,34,14,25,121,57,111,87" hai1="97,32,127,59,134,88,126,82,30,26,31,128,21" hai2="85,8,0,118,124,27,94,70,86,40,35,24,29" hai3="52,9,41,92,4,90,58,89,120,65,101,131,3"/><W135/><G120/><T5/><D121/><U67/><E128/><V119/><F94/><W104/><G131/><T22/><D38/><U12/><E134/><V96/><F86/><W95/><G135/><T115/><D115/><U116/><E116/><V66/><F85/><W117/><G117/><T44/><D44/><U75/><E75/><V129/><F27/><W107/><G107/><T48/><D34/><U122/><E122/><V20/><F20/><W55/><G41/><T15/><D103/><U13/><E82/><V63/><F129/><W80/><G104/><T130/><D130/><U123/><E123/><V81/><F96/><W61/><G80/><T7/><D7/><U83/><E83/><V49/><F81/><W102/><G102/><T56/><D77/><U93/><E31/><V17/><F40/><W132/><G132/><T47/><D87/><U113/><E113/><V18/><F118/><W68/><G55/><T78/><D78/><U39/><E39/><V36/><F36/><W133/><G133/><T37/><D37/><U2/><E2/><V43/><F0/><W46/><G46/><T11/><D15/><N who="1" m="5707" /><E32/><V100/><F35/><W69/><G69/><T74/><D74/><U50/><E67/><V99/><F70/><W64/><G65/><T114/><D114/><U53/><E127/><V91/><F124/><W51/><REACH who="3" step="1"/><G95/><REACH who="3" ten="257,212,380,141" step="2"/><T71/><D71/><U112/><E112/><V72/><F66/><W23/><G23/><T10/><D22/><N who="1" m="15703" /><E126/><V19/><F119/><W16/><G16/><T42/><D47/><U84/><E21/><V45/><F100/><RYUUKYOKU ba="0,1" sc="257,-15,212,15,380,-15,141,15" hai1="50,53,59,84,88,93,97" hai3="3,4,9,51,52,58,61,64,68,89,90,92,101" /><INIT seed="7,1,1,0,0,13" ten="242,227,365,156" oya="3" hai0="19,36,7,92,69,43,41,94,106,45,84,120,27" hai1="122,87,46,118,59,4,107,125,93,66,39,34,11" hai2="115,104,10,26,88,73,52,68,101,62,38,98,83" hai3="133,47,17,103,8,63,49,20,35,102,135,95,14"/><W60/><G35/><T82/><D106/><U97/><E122/><V22/><F115/><W71/><G71/><T128/><D69/><U90/><E34/><V24/><F38/><W48/><G48/><N who="0" m="26671" /><D128/><U6/><E125/><V70/><F10/><W116/><G116/><T44/><D36/><U127/><E127/><V124/><F124/><W58/><G8/><T21/><D120/><U109/><E109/><V74/><F74/><W18/><G18/><T81/><D7/><U16/><E118/><V130/><F130/><W72/><G72/><T29/><D29/><U121/><E121/><V89/><F70/><W42/><G60/><T100/><D100/><U50/><E39/><V55/><F55/><W61/><G63/><T30/><D30/><U91/><E107/><V79/><F26/><W126/><G126/><T131/><D131/><U9/><E9/><V0/><F0/><W37/><G37/><T99/><D99/><U105/><E105/><V65/><F52/><N who="3" m="33991" /><G95/><N who="0" m="36395" /><D84/><U112/><E112/><V32/><F32/><W56/><G56/><T129/><D129/><U33/><E33/><V3/><F3/><W12/><G14/><T114/><D114/><U28/><E28/><AGARI ba="1,1" hai="22,24,28,62,65,68,73,79,83,88,89,98,101,104" machi="28" ten="30,2000,0" yaku="7,1,54,1" doraHai="13" who="2" fromWho="1" sc="242,0,227,-23,365,33,156,0" owari="242,4.2,204,-19.6,398,49.8,156,-34.4" /></mjloggm>