<mjloggm ver="2.3"><GO type="169" lobby="0"/><UN n0="%E3%82%8C%E3%81%8A%E3%81%A8%E3%81%BE%E3%81%8A" n1="%6D%61%6A%75%6E%69%61" n2="%E3%82%82%E3%82%8A%E3%82%82%E3%82%8A%E3%81%8A%E3%81%AB%E3%81%8E%E3%82%8A" n3="%46%75%77%61" dan="16,17,16,17" rate="2126.37,2185.11,2147.98,2192.77" sx="M,M,M,M"/><TAIKYOKU oya="0"/><INIT seed="0,0,0,3,0,37" ten="250,250,250,250" oya="0" hai0="122,104,112,120,93,72,1,7,73,52,108,26,54" hai1="36,132,82,124,63,109,86,22,116,34,128,129,95" hai2="78,47,135,19,43,60,23,85,50,83,40,57,99" hai3="69,65,31,30,13,58,92,97,45,117,87,127,74"/><T24/><D104/><U115/><E116/><V113/><F113/><W15/><G117/><T88/><D112/><U84/><E115/><V118/><F135/><W64/><G74/><T114/><D114/><U90/><E132/><V94/><F118/><W103/><G69/><T6/><D93/><U134/><E134/><V21/><F19/><W17/><G127/><T51/><D51/><U110/><E34/><V44/><F57/><W125/><G125/><T38/><D38/><U111/><E36/><V41/><F60/><W91/><G45/><N who="2" m="17481" /><F50/><W12/><G17/><T76/><D76/><N who="1" m="46151" /><E63/><V100/><AGARI ba="0,0" hai="21,23,40,41,43,78,83,85,94,99,100" m="17481" machi="100" ten="30,7900,0" yaku="8,1,52,3" doraHai="37" who="2" fromWho="2" sc="250,-39,250,-20,250,79,250,-20" /><INIT seed="1,0,0,3,5,18" ten="211,230,329,230" oya="1" hai0="100,75,49,37,62,58,91,26,87,47,9,17,55" hai1="82,32,57,45,38,46,1,74,59,94,127,16,80" hai2="60,111,35,73,72,132,98,131,135,51,34,14,83" hai3="53,70,122,114,88,125,7,28,128,29,31,15,64"/><U101/><E32/><V65/><F111/><W104/><G114/><T134/><D134/><N who="2" m="51242" /><F131/><W92/><G122/><T3/><D75/><N who="2" m="28746" /><F83/><N who="1" m="31785" /><E74/><V8/><F98/><W78/><G128/><T115/><D115/><U124/><E1/><V66/><F51/><W102/><G125/><N who="1" m="48202" /><E38/><V106/><F106/><W116/><G104/><T108/><D108/><U11/><E101/><V56/><F66/><W22/><G102/><T42/><D100/><U81/><N who="1" m="31793" /><U2/><DORA hai="24" /><E94/><V39/><F39/><W50/><G92/><T133/><D133/><U23/><E2/><V120/><F120/><W61/><G64/><T97/><D97/><U20/><E11/><V86/><F86/><W119/><G119/><T84/><D91/><U69/><E69/><V63/><F63/><W123/><G116/><T41/><D42/><U79/><E79/><V110/><F110/><W95/><G78/><T107/><D107/><U5/><E5/><AGARI ba="0,0" hai="5,8,14,34,35,56,60,65" m="28746,51242" machi="5" ten="30,1000,0" yaku="20,1" doraHai="18,24" who="2" fromWho="1" sc="211,0,230,-10,329,10,230,0" /><INIT seed="2,0,0,4,3,35" ten="211,220,339,230" oya="2" hai0="13,116,121,9,101,59,134,67,41,55,107,2,16" hai1="129,10,85,25,66,44,32,103,12,53,78,4,126" hai2="135,22,54,94,45,68,64,48,122,117,46,93,36" hai3="5,1,133,125,87,14,38,37,102,106,73,19,33"/><V3/><F117/><W110/><G73/><T128/><D121/><U49/><E126/><V124/><F122/><W63/><G33/><T80/><D116/><U77/><E129/><V29/><F124/><W27/><G125/><T71/><D128/><U60/><E103/><V42/><F135/><W113/><G110/><T76/><D41/><U111/><E111/><V114/><F114/><W119/><G119/><T84/><D134/><U39/><E39/><V83/><F68/><W72/><G72/><T6/><D107/><U26/><E85/><V90/><F64/><W8/><G133/><T130/><D130/><U86/><E32/><V99/><F83/><W118/><G118/><T127/><D101/><U56/><REACH who="1" step="1"/><E86/><REACH who="1" ten="211,210,339,230" step="2"/><V131/><F131/><W62/><G87/><T61/><D127/><U115/><E115/><V88/><F36/><W15/><G113/><T34/><D34/><U91/><E91/><V92/><F90/><W30/><G37/><T98/><D98/><U43/><E43/><V40/><F40/><W50/><G38/><T52/><REACH who="0" step="1"/><D71/><REACH who="0" ten="201,210,339,230" step="2"/><U112/><E112/><V31/><F99/><W70/><G102/><T89/><D89/><U104/><E104/><V82/><F88/><W79/><G106/><T74/><D74/><U51/><E51/><V108/><F48/><W120/><G50/><T65/><D65/><U47/><E47/><V28/><F45/><W24/><G70/><T20/><AGARI ba="0,2" hai="2,6,9,13,16,20,52,55,59,61,67,76,80,84" machi="20" ten="20,12000,2" yaku="1,1,0,1,7,1,52,1,54,2,53,0" doraHai="35" doraHaiUra="96" who="0" fromWho="0" sc="201,140,210,-30,339,-60,230,-30" /><INIT seed="3,0,0,3,5,49" ten="341,180,279,200" oya="3" hai0="5,95,62,54,111,128,103,72,3,82,69,83,14" hai1="12,58,65,36,130,79,66,68,57,97,78,43,46" hai2="131,23,122,134,91,73,22,76,29,92,107,132,135" hai3="114,45,11,86,127,70,84,129,115,87,6,71,20"/><W80/><G129/><T33/><D111/><U108/><E12/><V117/><F117/><W41/><G127/><T118/><D33/><U96/><E130/><V30/><F131/><W90/><G115/><T61/><D3/><U25/><E108/><V101/><F122/><W1/><G114/><T59/><D118/><U63/><E25/><V24/><F107/><W123/><G123/><T55/><D69/><N who="1" m="42175" /><E96/><V74/><F101/><W50/><REACH who="3" step="1"/><G20/><REACH who="3" ten="341,180,279,190" step="2"/><T133/><D128/><U17/><E79/><V53/><F76/><W28/><G28/><T51/><D133/><U120/><E78/><V34/><F30/><W0/><G0/><T48/><D72/><U56/><E120/><V60/><F23/><W105/><G105/><T37/><D37/><U52/><E17/><V32/><F73/><W99/><G99/><N who="0" m="59903" /><D5/><U88/><E97/><N who="2" m="57503" /><F74/><W113/><G113/><T21/><D21/><U116/><E116/><V27/><F27/><W100/><G100/><T39/><D39/><U75/><E75/><V67/><F32/><W98/><G98/><T31/><D31/><U112/><E112/><V125/><F34/><W126/><G126/><T40/><D14/><U4/><E4/><V93/><F125/><W10/><G10/><T42/><D83/><U44/><E88/><V8/><F8/><W7/><G7/><T85/><D82/><U47/><E52/><V124/><F124/><W38/><G38/><T64/><D55/><U109/><E109/><V35/><F35/><W94/><G94/><T9/><D85/><AGARI ba="0,1" hai="1,6,11,41,45,50,70,71,80,84,85,86,87,90" machi="85" ten="40,2000,0" yaku="1,1,53,0" doraHai="49" doraHaiUra="26" who="3" fromWho="0" sc="341,-20,180,0,279,0,190,30" /><INIT seed="3,1,0,1,1,74" ten="321,180,279,220" oya="3" hai0="115,54,0,126,96,130,118,107,19,30,82,120,73" hai1="84,98,39,44,93,28,2,102,42,48,69,127,99" hai2="58,10,89,45,61,53,13,52,68,33,129,83,108" hai3="43,131,49,62,103,76,75,97,123,87,46,95,101"/><W121/><G131/><T111/><RYUUKYOKU type="yao9" ba="1,0" sc="321,0,180,0,279,0,220,0" hai0="0,19,30,54,73,82,96,107,111,115,118,120,126,130" /><INIT seed="3,2,0,0,2,22" ten="321,180,279,220" oya="3" hai0="9,108,5,81,68,10,4,101,72,86,113,39,91" hai1="120,98,36,88,52,126,84,74,48,135,65,78,55" hai2="119,29,131,92,34,33,20,40,102,64,51,127,89" hai3="111,21,62,53,12,13,115,105,109,59,76,79,0"/><W132/><G115/><T31/><D108/><N who="3" m="41545" /><G0/><T124/><D68/><U94/><E120/><V46/><F119/><W60/><G105/><T93/><D124/><U99/><E126/><V24/><F127/><W42/><G132/><T87/><D39/><U110/><E135/><V27/><F131/><W56/><G42/><T54/><D72/><U77/><E36/><V57/><F102/><W45/><G45/><T25/><D113/><U104/><E110/><V73/><F73/><W117/><G117/><T2/><D54/><U11/><E65/><V129/><F129/><W43/><G43/><T3/><D101/><U32/><E32/><V61/><REACH who="2" step="1"/><F24/><REACH who="2" ten="321,180,269,220" step="2"/><W128/><G128/><T23/><D81/><U19/><E74/><V114/><F114/><W85/><G85/><AGARI ba="2,1" hai="2,3,4,5,9,10,23,25,31,85,86,87,91,93" machi="85" ten="30,3900,0" yaku="7,1,9,1,52,1" doraHai="22" who="0" fromWho="3" sc="321,55,180,0,269,0,220,-45" /><AGARI ba="2,0" hai="20,27,29,33,34,40,46,51,57,61,64,85,89,92" machi="85" ten="30,3900,0" yaku="1,1,7,1,52,1,53,0" doraHai="22" doraHaiUra="15" who="2" fromWho="3" sc="376,0,180,0,269,39,175,-39" /><INIT seed="4,0,0,0,4,114" ten="376,180,308,136" oya="0" hai0="62,96,69,120,42,60,19,132,110,66,101,95,29" hai1="12,63,37,14,131,73,92,108,123,53,81,13,24" hai2="11,4,113,67,0,76,122,61,84,38,59,50,34" hai3="93,58,36,31,43,115,82,124,52,100,94,87,54"/><T97/><D120/><U46/><E123/><V51/><F122/><W8/><G115/><T20/><D132/><U79/><E108/><V28/><F38/><W1/><G124/><T48/><D110/><U90/><E131/><V21/><F113/><W107/><G107/><T33/><D33/><U104/><E104/><V121/><F121/><W118/><G118/><T78/><D29/><U135/><E135/><V70/><F34/><W99/><G31/><T88/><D78/><U74/><E24/><V9/><F28/><W44/><G94/><T22/><D62/><U56/><E74/><V103/><F103/><W105/><G105/><T45/><REACH who="0" step="1"/><D19/><REACH who="0" ten="366,180,308,136" step="2"/><U39/><REACH who="1" step="1"/><E46/><REACH who="1" ten="366,170,308,136" step="2"/><V57/><F76/><W102/><G44/><T119/><D119/><U32/><E32/><V116/><F116/><W72/><G72/><T80/><D80/><U91/><E91/><V17/><F17/><W126/><G82/><T64/><D64/><U55/><E55/><V30/><F67/><W10/><G54/><T16/><D16/><U125/><E125/><V26/><F30/><W2/><G126/><T25/><D25/><U129/><E129/><V65/><F26/><W75/><G52/><T98/><D98/><AGARI ba="0,2" hai="12,13,14,37,39,53,56,63,73,79,81,90,92,98" machi="98" ten="40,1300,0" yaku="1,1,53,0" doraHai="114" doraHaiUra="130" who="1" fromWho="0" sc="366,-13,170,33,308,0,136,0" /><INIT seed="5,0,0,1,4,12" ten="353,203,308,136" oya="1" hai0="61,37,121,114,18,98,82,77,66,107,110,88,106" hai1="8,43,32,45,28,58,135,91,0,14,62,81,83" hai2="87,131,25,132,84,75,2,68,34,17,22,60,21" hai3="39,54,72,27,102,123,46,13,112,19,69,111,7"/><U130/><E130/><V3/><F75/><W94/><G111/><T1/><D110/><U38/><E135/><V113/><F34/><W36/><G123/><T118/><D1/><U104/><E104/><V76/><F132/><W20/><G112/><T63/><D114/><U10/><E0/><V103/><F103/><W50/><G72/><T73/><D37/><U100/><E100/><V134/><F134/><W133/><G69/><T51/><D51/><U109/><E109/><V92/><F131/><W70/><G70/><T125/><D125/><U41/><E41/><V42/><F42/><W26/><G133/><T9/><D118/><U101/><E101/><V47/><F47/><W99/><G39/><T55/><D55/><U115/><E115/><V128/><F76/><W15/><REACH who="3" step="1"/><G36/><REACH who="3" ten="353,203,308,126" step="2"/><T89/><D73/><U31/><E38/><V116/><F68/><W67/><G67/><T97/><D66/><U53/><E32/><V49/><F113/><W119/><G119/><T56/><D121/><U78/><E43/><V95/><F116/><W30/><G30/><T40/><D40/><U105/><E28/><V52/><F128/><W129/><G129/><T44/><D107/><U16/><E105/><V33/><F33/><W108/><G108/><T80/><D106/><U126/><E31/><V90/><F52/><W93/><G93/><T24/><D82/><U71/><E81/><V122/><F95/><W29/><G29/><T120/><D80/><U79/><E83/><V11/><F92/><W64/><G64/><T65/><D120/><U85/><E71/><V35/><F122/><RYUUKYOKU ba="0,1" sc="353,-10,203,-10,308,-10,126,30" hai3="7,13,15,19,20,26,27,46,50,54,94,99,102" /><INIT seed="6,1,1,0,4,100" ten="343,193,298,156" oya="2" hai0="26,89,107,114,20,4,35,66,69,39,61,119,14" hai1="133,85,118,110,33,108,77,106,36,40,63,52,38" hai2="28,75,105,30,79,82,92,17,95,115,126,51,88" hai3="78,68,96,109,19,83,124,58,132,44,9,18,70"/><V72/><F115/><W127/><G109/><T42/><D114/><U2/><E118/><V22/><F75/><W103/><G44/><T43/><D107/><U15/><E2/><V104/><F126/><N who="3" m="48171" /><G58/><T27/><D119/><U48/><E33/><V102/><F95/><N who="3" m="58783" /><G132/><T74/><D74/><U80/><E133/><V101/><F51/><W73/><G9/><T6/><D89/><U87/><E63/><V94/><F102/><W5/><G5/><T135/><D4/><U47/><E106/><V86/><F94/><W81/><G81/><T65/><D6/><U50/><E15/><N who="2" m="9535" /><F105/><W3/><G3/><T46/><D39/><U134/><E134/><V34/><F34/><W56/><G56/><T49/><D35/><U10/><E10/><V112/><F112/><W41/><G41/><T23/><D43/><U99/><E99/><AGARI ba="1,1" hai="28,30,72,79,82,86,88,92,99,101,104" m="9535" machi="99" ten="30,5800,0" yaku="24,1,52,1,54,1" doraHai="100" who="2" fromWho="1" sc="343,0,193,-61,298,71,156,0" /><INIT seed="6,2,0,0,0,134" ten="343,132,369,156" oya="2" hai0="120,55,45,122,86,133,13,109,59,111,20,135,100" hai1="127,118,10,64,60,5,14,46,99,58,91,68,65" hai2="88,77,131,72,7,108,44,6,124,11,107,53,94" hai3="29,34,125,19,27,83,105,113,9,81,3,71,24"/><V112/><F107/><W106/><G71/><T15/><D100/><U31/><E118/><V87/><F112/><W110/><G110/><T12/><D86/><U35/><E46/><V49/><F131/><W43/><G113/><T126/><D45/><U116/><E116/><V36/><F108/><N who="0" m="41546" /><D59/><U95/><E35/><V90/><F36/><W0/><G43/><T41/><D55/><U102/><E31/><V25/><F72/><W75/><G75/><T40/><D20/><U132/><E132/><N who="0" m="50761" /><D126/><U78/><E78/><V84/><F77/><W52/><G125/><T80/><D80/><U28/><E28/><V66/><F124/><W74/><G29/><T114/><D114/><U22/><E127/><V76/><F76/><W63/><G74/><T18/><D18/><U39/><E39/><V70/><F70/><W17/><G52/><T8/><D8/><U103/><REACH who="1" step="1"/><E22/><REACH who="1" ten="343,122,369,156" step="2"/><V69/><F44/><W79/><G79/><T30/><D30/><U51/><E51/><V93/><F49/><W130/><G63/><AGARI ba="2,1" hai="5,10,14,58,60,63,64,65,68,91,95,99,102,103" machi="63" ten="40,1300,0" yaku="1,1,53,0" doraHai="134" doraHaiUra="26" who="1" fromWho="3" sc="343,0,122,29,369,0,156,-19" /><INIT seed="7,0,0,0,2,81" ten="343,151,369,137" oya="3" hai0="111,104,64,93,132,109,68,114,78,94,23,5,57" hai1="37,119,100,85,131,102,43,1,55,51,22,48,46" hai2="74,73,118,127,130,36,3,42,38,92,105,72,8" hai3="98,134,45,47,56,107,0,52,121,65,112,19,29"/><W110/><G121/><T82/><D104/><U15/><E131/><V67/><F118/><W16/><G0/><T18/><D68/><U11/><E1/><V50/><F105/><W96/><G107/><T66/><D5/><N who="1" m="3567" /><E37/><V58/><F67/><W32/><G65/><T79/><D132/><U120/><E120/><V91/><F127/><W80/><G134/><T125/><D114/><U116/><E22/><V103/><F103/><W2/><G2/><T90/><D125/><U62/><E62/><V39/><F8/><W84/><G112/><T87/><D109/><U61/><E61/><V25/><F25/><W89/><G29/><T10/><D10/><U33/><E33/><V129/><F3/><W7/><G7/><T34/><D34/><U54/><E43/><V83/><F42/><W40/><G32/><T41/><D41/><U115/><E115/><V135/><F135/><W6/><G6/><T35/><D111/><U69/><E69/><V13/><F39/><W95/><G110/><T59/><D66/><U28/><E28/><V53/><F38/><W30/><G30/><T75/><D75/><U31/><E31/><V113/><F36/><N who="3" m="21639" /><G47/><T133/><D133/><U4/><E4/><V106/><F106/><W123/><G123/><T76/><D64/><U86/><E116/><V97/><F113/><W9/><G9/><T26/><D35/><U21/><E21/><V14/><F129/><W27/><G27/><T117/><D117/><U12/><E12/><N who="2" m="4715" /><F130/><W44/><G44/><T70/><D70/><U101/><E119/><V126/><F126/><W124/><G124/><RYUUKYOKU ba="0,0" sc="343,10,151,10,369,10,137,-30" hai0="18,23,26,57,59,76,78,79,82,87,90,93,94" hai1="46,48,51,54,55,85,86,100,101,102" hai2="50,53,58,72,73,74,83,91,92,97" owari="353,15.3,161,-23.9,379,47.9,107,-39.3" /></mjloggm>