<mjloggm ver="2.3"><GO type="169" lobby="0"/><UN n0="%56%69%76%79" n1="%68%7A%63" n2="%E3%81%93%E3%82%8C%E3%81%8C%E3%81%B5%E3%81%95%E3%81%B5%E3%81%95" n3="%6D%61%6A%75%6E%69%61" dan="16,18,17,16" rate="2115.65,2198.71,2221.61,2144.02" sx="F,F,M,M"/><TAIKYOKU oya="0"/><INIT seed="0,0,0,3,4,67" ten="250,250,250,250" oya="0" hai0="96,50,104,63,8,17,115,102,108,122,109,1,60" hai1="94,126,41,113,100,81,2,12,34,38,28,90,29" hai2="35,95,15,127,69,5,6,58,93,47,118,106,99" hai3="121,11,62,101,26,135,37,30,44,89,76,111,110"/><T134/><D122/><U68/><E2/><V86/><F127/><W18/><G121/><T77/><D115/><U9/><E113/><V49/><F35/><W103/><G76/><T4/><D134/><U112/><E112/><V64/><F106/><W14/><G135/><T107/><D107/><U27/><E29/><V54/><F69/><W7/><G62/><T22/><D77/><U124/><E81/><V91/><F118/><W84/><G7/><T79/><D79/><U92/><E100/><V75/><F75/><W55/><G55/><T33/><D50/><U74/><E74/><V36/><F15/><W132/><G132/><T105/><D105/><U40/><E94/><V131/><F131/><W51/><G51/><T56/><D33/><U98/><E68/><V46/><F36/><W61/><G61/><T71/><D71/><U123/><E123/><V39/><F39/><W31/><G44/><N who="2" m="16937" /><F64/><W73/><G37/><T10/><D10/><U133/><E133/><V20/><F20/><W65/><G65/><T32/><D32/><U66/><E66/><V125/><F125/><N who="1" m="48233" /><E38/><V119/><F119/><W53/><G53/><T45/><D45/><U80/><E80/><V70/><F70/><W0/><G73/><T25/><REACH who="0" step="1"/><D56/><REACH who="0" ten="240,250,250,250" step="2"/><U116/><E116/><V21/><F21/><W117/><G117/><T13/><D13/><U83/><E12/><V128/><F128/><W72/><G14/><T48/><D48/><U88/><E9/><V114/><F114/><W82/><G11/><T16/><D16/><U120/><E120/><V57/><F57/><W87/><G18/><RYUUKYOKU ba="0,1" sc="240,10,250,10,250,10,250,-30" hai0="1,4,8,17,22,25,60,63,96,102,104,108,109" hai1="27,28,34,40,41,83,88,90,92,98" hai2="5,6,49,54,58,86,91,93,95,99" /><INIT seed="0,1,1,2,0,100" ten="250,260,260,220" oya="0" hai0="46,122,80,125,2,32,3,65,121,63,18,88,92" hai1="69,67,39,12,15,62,106,83,101,76,90,4,52" hai2="89,109,7,104,47,95,42,41,77,0,82,1,11" hai3="116,71,19,117,78,107,40,20,61,119,26,130,99"/><T72/><D32/><U59/><E39/><V55/><F109/><W93/><G130/><T9/><D125/><U73/><E4/><V51/><F0/><W30/><G78/><T68/><D46/><U50/><REACH who="1" step="1"/><E90/><REACH who="1" ten="250,250,260,220" step="2"/><V22/><F89/><W64/><G40/><T48/><D121/><U31/><E31/><V27/><F41/><W123/><G123/><T96/><D122/><U36/><E36/><V111/><F42/><W132/><G132/><T81/><D48/><U98/><AGARI ba="1,2" hai="12,15,50,52,59,62,67,69,73,76,83,98,101,106" machi="98" ten="30,7900,0" yaku="1,1,0,1,52,1,54,1,53,0" doraHai="100" doraHaiUra="115" who="1" fromWho="1" sc="250,-40,250,102,260,-21,220,-21" /><INIT seed="1,0,0,3,1,73" ten="210,352,239,199" oya="1" hai0="8,29,87,106,127,44,47,11,13,63,41,32,134" hai1="82,135,64,25,79,78,77,61,23,49,85,67,27" hai2="130,115,52,59,112,17,40,88,68,12,65,125,36" hai3="80,122,121,132,128,48,42,93,10,92,114,104,4"/><U18/><E135/><V55/><F125/><W133/><G114/><N who="2" m="43561" /><F130/><W103/><G42/><T120/><D106/><U9/><E9/><N who="2" m="6287" /><F68/><W50/><G128/><T56/><D120/><U7/><E7/><V113/><N who="2" m="43569" /><V37/><DORA hai="131" /><F40/><W83/><G10/><T108/><D127/><U2/><E2/><V84/><F65/><N who="1" m="25161" /><E61/><N who="2" m="36071" /><F55/><W3/><G4/><T71/><D41/><U101/><E101/><V60/><F60/><W129/><G103/><T38/><D63/><U16/><E49/><V102/><F102/><W5/><G5/><T74/><D71/><U15/><E18/><V107/><F107/><W1/><REACH who="3" step="1"/><G129/><REACH who="3" ten="210,352,239,189" step="2"/><T126/><D126/><U76/><AGARI ba="0,1" hai="15,16,23,25,27,76,77,78,79,82,85" m="25161" machi="76" ten="30,18000,2" yaku="8,1,52,4,54,1" doraHai="73,131" who="1" fromWho="1" sc="210,-60,352,190,239,-60,189,-60" /><INIT seed="1,1,0,3,0,96" ten="150,542,179,129" oya="1" hai0="103,106,60,110,22,131,49,134,105,35,95,119,88" hai1="23,79,7,78,118,1,61,56,43,114,28,87,73" hai2="42,72,5,127,71,32,130,132,117,104,9,37,107" hai3="93,31,14,85,77,13,76,128,24,92,109,112,100"/><U64/><E114/><V17/><RYUUKYOKU type="yao9" ba="1,0" sc="150,0,542,0,179,0,129,0" hai2="5,9,17,32,37,42,71,72,104,107,117,127,130,132" /><INIT seed="1,2,0,1,1,33" ten="150,542,179,129" oya="1" hai0="96,78,15,38,59,47,95,134,51,26,110,56,100" hai1="5,21,66,94,128,69,34,107,111,117,58,35,3" hai2="130,63,85,70,72,54,121,120,106,42,41,8,17" hai3="122,2,53,119,115,28,91,116,50,118,89,82,45"/><U62/><E117/><V75/><F106/><W132/><G115/><T23/><D110/><U88/><E111/><V125/><F125/><W97/><G122/><T25/><D38/><U36/><E36/><V114/><F130/><W24/><G132/><T4/><D78/><U108/><E107/><V19/><F114/><W57/><G2/><T129/><D134/><U43/><E43/><V46/><F85/><W105/><G82/><T52/><D129/><U131/><E108/><V80/><F80/><W1/><G1/><T32/><D32/><U93/><E93/><V77/><F77/><W74/><G74/><T83/><D83/><U65/><E21/><V61/><F8/><W73/><G73/><T90/><D100/><U12/><E12/><V0/><F54/><W20/><REACH who="3" step="1"/><G45/><REACH who="3" ten="150,542,179,119" step="2"/><T68/><D68/><U27/><E131/><V64/><F46/><W55/><G55/><T7/><D47/><U103/><E128/><V18/><F0/><W109/><G109/><T44/><D44/><U102/><E3/><V67/><F70/><W81/><G81/><T124/><D124/><U92/><E69/><V84/><F75/><W86/><G86/><T76/><D76/><U40/><E66/><N who="2" m="25131" /><F84/><W133/><G133/><T13/><D59/><U31/><E65/><V39/><F72/><W71/><G71/><T48/><D56/><U37/><E58/><V126/><F126/><W14/><G14/><T11/><D52/><U9/><E37/><V113/><F113/><W29/><G29/><N who="0" m="17599" /><D26/><U101/><E27/><V127/><F127/><W49/><G49/><N who="0" m="19019" /><D15/><U87/><E31/><RYUUKYOKU ba="2,1" sc="150,15,542,-15,179,-15,119,15" hai0="4,7,11,13,90,95,96" hai3="20,24,28,50,53,57,89,91,97,105,116,118,119" /><INIT seed="2,3,1,5,3,4" ten="165,527,164,134" oya="2" hai0="117,52,48,60,50,34,44,105,88,39,128,74,73" hai1="119,6,10,46,115,75,67,81,27,104,113,97,49" hai2="80,58,85,0,31,9,53,78,30,100,134,133,70" hai3="93,5,54,68,33,95,94,109,89,126,61,79,99"/><V55/><F70/><W120/><G120/><T98/><D39/><U84/><E67/><V102/><F0/><W65/><G126/><T71/><D128/><U38/><E75/><V62/><F53/><W69/><G69/><T118/><D34/><U122/><E38/><V15/><F134/><W108/><G33/><T19/><D19/><U51/><E119/><N who="0" m="45577" /><D50/><U125/><E51/><V101/><REACH who="2" step="1"/><F133/><REACH who="2" ten="165,527,154,134" step="2"/><W82/><G54/><T57/><D71/><U112/><E112/><V1/><F1/><W87/><REACH who="3" step="1"/><G5/><AGARI ba="3,2" hai="5,9,15,30,31,55,58,62,78,80,85,100,101,102" machi="5" ten="40,12000,1" yaku="1,1,8,1,52,1,53,1" doraHai="4" doraHaiUra="8" who="2" fromWho="3" sc="165,0,527,0,154,149,134,-129" /><INIT seed="2,4,0,1,3,132" ten="165,527,303,5" oya="2" hai0="79,20,45,71,17,116,22,59,39,133,135,85,110" hai1="118,129,49,7,44,81,3,77,43,25,98,32,41" hai2="60,128,40,127,119,8,70,130,35,38,5,14,113" hai3="2,114,26,21,12,75,48,4,134,126,67,64,123"/><V97/><F127/><W74/><G123/><T69/><D110/><U42/><E118/><V112/><F119/><W99/><G2/><T72/><D72/><U9/><E129/><N who="2" m="49771" /><F35/><W89/><G134/><N who="0" m="51211" /><D116/><U10/><E98/><V78/><F78/><W122/><G122/><T29/><D59/><U86/><REACH who="1" step="1"/><E10/><REACH who="1" ten="165,517,303,5" step="2"/><V105/><F97/><W68/><G114/><T54/><D71/><U107/><E107/><V125/><F105/><W109/><G109/><T94/><D69/><U91/><E91/><V115/><F70/><W111/><G111/><T92/><D79/><U121/><E121/><V66/><F8/><W62/><G67/><T76/><D76/><U53/><E53/><V100/><F66/><W30/><G126/><T90/><D54/><U36/><E36/><V19/><F38/><W80/><G48/><T63/><D39/><U93/><E93/><V15/><F125/><W103/><G89/><T57/><D94/><U88/><E88/><V28/><F115/><W11/><G80/><T16/><D92/><AGARI ba="4,1" hai="4,11,12,21,26,30,62,64,68,74,75,92,99,103" machi="92" ten="30,1000,0" yaku="7,1" doraHai="132" who="3" fromWho="0" sc="165,-22,517,0,303,0,5,32" /><INIT seed="3,0,0,0,4,78" ten="143,517,303,37" oya="3" hai0="9,19,134,84,15,67,125,46,36,49,113,112,22" hai1="95,62,104,6,23,116,133,25,76,2,72,31,29" hai2="7,38,24,47,135,132,98,52,28,75,61,77,102" hai3="70,41,110,96,21,43,35,119,131,71,114,81,79"/><W20/><G119/><T55/><D134/><N who="2" m="51242" /><F7/><W30/><G114/><N who="0" m="44139" /><D125/><U17/><E104/><V111/><F111/><W124/><G124/><T27/><D67/><U103/><E116/><V44/><F38/><W121/><G121/><T74/><D74/><U1/><E62/><V118/><F118/><W51/><G131/><T10/><D36/><U87/><E133/><V93/><F77/><W16/><G35/><T59/><D84/><U33/><E31/><V107/><F75/><W105/><G110/><T12/><D46/><U90/><E103/><V45/><F61/><W56/><G71/><T106/><D106/><U126/><E126/><V14/><F14/><AGARI ba="0,0" hai="9,10,12,14,15,19,22,27,49,55,59" m="44139" machi="14" ten="30,1000,0" yaku="11,1" doraHai="78" who="0" fromWho="2" sc="143,10,517,0,303,-10,37,0" /><INIT seed="4,0,0,1,2,124" ten="153,517,293,37" oya="0" hai0="132,5,98,54,14,32,57,29,12,92,101,106,45" hai1="25,82,131,65,64,89,127,75,66,120,100,71,28" hai2="37,99,122,111,16,74,126,107,84,33,79,44,42" hai3="62,3,129,119,110,4,114,121,68,35,90,87,93"/><T1/><D132/><U52/><E120/><V53/><F111/><W0/><G119/><T118/><D118/><U43/><E43/><V2/><F2/><W80/><G110/><T115/><D115/><U135/><E100/><V76/><F33/><W7/><G121/><T30/><D45/><U105/><E105/><V112/><F74/><W50/><G114/><T116/><D116/><U13/><E127/><V49/><F112/><W9/><G35/><T91/><D1/><U26/><E71/><V117/><F117/><W95/><G129/><T20/><D32/><U78/><E131/><V51/><F126/><W86/><G50/><T24/><D30/><U55/><E135/><V81/><F79/><W58/><G68/><T41/><D41/><U34/><E26/><V46/><F122/><W103/><G87/><T63/><REACH who="0" step="1"/><D5/><REACH who="0" ten="143,517,293,37" step="2"/><U39/><E28/><V17/><F37/><W109/><G109/><T18/><D18/><U27/><E34/><V88/><F107/><W15/><G103/><T128/><D128/><U96/><E39/><V40/><F40/><W23/><G0/><T21/><D21/><U19/><E19/><V85/><F42/><W47/><G47/><T69/><D69/><U10/><E10/><V134/><F44/><W48/><G48/><T94/><D94/><U36/><E36/><V8/><F46/><W61/><G4/><T67/><D67/><U77/><E66/><V102/><F49/><W6/><G6/><T22/><D22/><U11/><E65/><V38/><F51/><W60/><G58/><T104/><D104/><U59/><E64/><RYUUKYOKU ba="0,1" sc="143,15,517,-15,293,-15,37,15" hai0="12,14,20,24,29,54,57,63,91,92,98,101,106" hai3="3,7,9,15,23,60,61,62,80,86,90,93,95" /><INIT seed="4,1,1,0,1,34" ten="158,502,278,52" oya="0" hai0="61,123,21,98,32,75,57,109,93,82,114,24,127" hai1="60,14,0,103,13,22,69,30,52,115,5,33,51" hai2="99,95,73,96,108,41,110,54,29,71,9,40,104" hai3="37,17,86,132,97,89,68,3,79,88,118,63,84"/><T58/><D123/><U25/><E115/><V85/><F71/><W100/><G118/><T19/><D114/><U1/><E103/><V62/><F29/><W92/><G37/><T35/><D127/><U126/><E126/><V55/><F73/><W78/><G68/><T128/><D128/><U2/><E5/><V116/><F9/><W6/><G63/><T113/><D113/><U67/><REACH who="1" step="1"/><E33/><REACH who="1" ten="158,492,278,52" step="2"/><V27/><F116/><W16/><G132/><T80/><D32/><U45/><AGARI ba="1,2" hai="0,1,2,13,14,22,25,30,45,51,52,60,67,69" machi="45" ten="30,16000,3" yaku="1,1,2,1,0,1,52,3,54,1,53,1" doraHai="34" doraHaiUra="43" who="1" fromWho="1" sc="158,-81,492,183,278,-41,52,-41" /><INIT seed="5,0,0,3,4,23" ten="77,675,237,11" oya="1" hai0="13,106,52,116,36,24,101,114,127,47,113,5,109" hai1="63,54,38,70,26,32,130,17,125,82,86,16,108" hai2="59,73,91,33,37,44,105,64,68,12,99,62,97" hai3="31,83,18,21,66,72,20,61,76,45,28,7,65"/><U79/><E130/><V9/><F73/><W19/><G7/><T96/><D116/><U0/><E0/><V121/><F121/><W6/><G6/><T25/><D109/><U87/><E125/><V50/><F33/><W39/><G39/><T88/><D127/><U100/><E38/><V104/><F37/><W124/><G124/><T51/><D36/><U126/><E126/><V30/><F30/><W129/><G129/><T10/><REACH who="0" step="1"/><D88/><REACH who="0" ten="67,675,237,11" step="2"/><N who="1" m="51287" /><E108/><V119/><F119/><W133/><G133/><T40/><D40/><U49/><E100/><V135/><F135/><W107/><G107/><T35/><D35/><U117/><E32/><V95/><F99/><W85/><G45/><T48/><D48/><U67/><E117/><V69/><F105/><W84/><G72/><T42/><D42/><U111/><E111/><V120/><F104/><W60/><REACH who="3" step="1"/><G83/><REACH who="3" ten="67,675,237,1" step="2"/><T123/><D123/><U90/><E79/><AGARI ba="0,2" hai="18,19,20,21,28,31,60,61,65,66,76,79,84,85" machi="79" ten="25,12000,2" yaku="1,1,2,1,22,2,8,1,53,2" doraHai="23" doraHaiUra="80" who="3" fromWho="1" sc="67,0,675,-120,237,0,1,140" /><INIT seed="6,0,0,3,3,132" ten="67,555,237,141" oya="2" hai0="5,112,15,89,38,101,79,30,117,93,118,70,107" hai1="81,3,128,47,86,100,4,23,109,135,36,31,85" hai2="123,113,2,28,75,67,1,11,134,131,41,46,72" hai3="55,0,65,111,116,88,40,121,22,26,37,74,73"/><V62/><F113/><W129/><G116/><T108/><D108/><U97/><E109/><V80/><F123/><W48/><G121/><T106/><D112/><U27/><E135/><V49/><F134/><W42/><G0/><T103/><D70/><U35/><E128/><V56/><F131/><W95/><G111/><T14/><D38/><U68/><E68/><V90/><F28/><W54/><G37/><T104/><D30/><U10/><E81/><V18/><F1/><W92/><G129/><T87/><D5/><U76/><E76/><V124/><F124/><W45/><G65/><T13/><REACH who="0" step="1"/><D79/><REACH who="0" ten="57,555,237,141" step="2"/><U51/><E36/><V84/><F18/><N who="3" m="12631" /><G74/><T53/><D53/><N who="3" m="19977" /><G73/><T114/><D114/><U61/><E4/><V122/><F122/><W6/><G6/><T43/><D43/><U71/><E31/><V110/><F110/><W82/><G40/><T39/><D39/><U64/><E71/><V58/><F72/><W32/><G32/><T133/><D133/><U25/><E35/><V7/><F75/><W119/><G119/><AGARI ba="0,1" hai="13,14,15,87,89,93,101,103,104,106,107,117,118,119" machi="119" ten="50,3200,0" yaku="1,1,12,1,53,0" doraHai="132" doraHaiUra="63" who="0" fromWho="3" sc="57,42,555,0,237,0,141,-32" /><INIT seed="7,0,0,2,3,18" ten="99,555,237,109" oya="3" hai0="27,49,32,22,100,124,37,102,39,10,26,15,54" hai1="16,119,62,28,126,23,118,115,46,74,40,132,135" hai2="43,83,123,72,130,71,50,122,11,34,113,35,104" hai3="103,129,82,65,67,6,56,1,125,14,25,9,60"/><W12/><G125/><T24/><D39/><U66/><E74/><V76/><F113/><W92/><G129/><T31/><D37/><N who="1" m="21775" /><E28/><V2/><F130/><W53/><G82/><T86/><D124/><U41/><E41/><V68/><F104/><W94/><G1/><T45/><D32/><N who="2" m="12330" /><F50/><W85/><G14/><T55/><D55/><U117/><E115/><V20/><F20/><W79/><G25/><N who="0" m="9835" /><D86/><U120/><E120/><N who="2" m="46123" /><F43/><W51/><G103/><T17/><AGARI ba="0,0" hai="10,15,17,22,27,31,45,49,54,100,102" m="9835" machi="17" ten="30,2000,0" yaku="8,1,52,1" doraHai="18" who="0" fromWho="0" sc="99,20,555,-5,237,-5,109,-10" owari="119,-28.1,550,65.0,232,3.2,99,-40.1" /></mjloggm>