<mjloggm ver="2.3"><GO type="169" lobby="0"/><UN n0="%48%69%70%70%6F%5F" n1="%6B%73%77%72%74" n2="%E3%81%82%E3%81%84%E3%81%93%E3%81%99" n3="%E6%89%8B%E6%89%93%E3%81%A1%E3%81%8D%E3%81%97%E3%82%81%E3%82%93" dan="17,16,16,18" rate="2194.46,2141.37,2133.98,2180.20" sx="M,M,M,M"/><TAIKYOKU oya="0"/><INIT seed="0,0,0,0,3,7" ten="250,250,250,250" oya="0" hai0="101,98,26,61,75,0,82,102,92,127,112,4,23" hai1="59,31,49,86,130,126,51,8,76,113,94,56,68" hai2="79,119,97,132,6,110,25,115,71,83,78,10,106" hai3="3,114,29,80,41,1,64,73,77,32,21,62,124"/><T129/><D112/><U123/><E123/><V66/><F110/><W58/><G114/><T18/><D129/><U19/><E113/><V93/><F115/><W15/><G124/><T55/><D127/><U38/><E68/><V47/><F132/><W87/><G41/><T48/><D61/><U117/><E38/><V74/><F79/><W116/><G116/><T125/><D125/><U37/><E37/><V133/><F133/><W122/><G122/><T60/><D60/><U45/><E117/><V14/><F66/><W52/><G32/><T103/><D82/><U40/><E130/><V20/><F47/><W24/><G15/><T72/><D4/><U57/><E126/><V44/><F44/><W128/><G128/><T89/><REACH who="0" step="1"/><D0/><REACH who="0" ten="240,250,250,250" step="2"/><U46/><E40/><V107/><F119/><W96/><G73/><T100/><N who="0" m="25600" /><DORA hai="131" /><T5/><D5/><U63/><E63/><V95/><F71/><W109/><G109/><T120/><D120/><U85/><E51/><V43/><F6/><W54/><G3/><T105/><D105/><U118/><E118/><V134/><F107/><W108/><G1/><T11/><D11/><U91/><E49/><V16/><F10/><W135/><G108/><T50/><D50/><U70/><E70/><V33/><F106/><W2/><G2/><T99/><D99/><U53/><E8/><V35/><F97/><W22/><G135/><T81/><D81/><U84/><E76/><V27/><F134/><W28/><G96/><T104/><D104/><U69/><E69/><V90/><F78/><W17/><G77/><T12/><D12/><RYUUKYOKU ba="0,1" sc="240,30,250,-10,250,-10,250,-10" hai0="18,23,26,48,55,72,75,89,92,98" /><INIT seed="0,1,1,5,5,120" ten="270,240,240,240" oya="0" hai0="95,74,59,88,42,97,118,66,76,62,1,115,64" hai1="33,79,126,112,27,5,0,121,85,51,9,119,43" hai2="36,70,127,111,109,37,129,80,63,69,134,44,133" hai3="34,14,82,49,56,73,52,55,17,107,40,135,11"/><T125/><D115/><U96/><E119/><V48/><F127/><W2/><G107/><T46/><D118/><U106/><E121/><V103/><F129/><W15/><G2/><T105/><D1/><U22/><E126/><V72/><F103/><W77/><G34/><T47/><D125/><U35/><E112/><V65/><F80/><W116/><G116/><T91/><D105/><U92/><E106/><V25/><F70/><W16/><G135/><N who="2" m="51721" /><F25/><W81/><G81/><T4/><D4/><U8/><E79/><V86/><F86/><W31/><G31/><T45/><D76/><U18/><E85/><V41/><F72/><W117/><G117/><T122/><D74/><U19/><E96/><V12/><F12/><W57/><G40/><T29/><D29/><N who="1" m="17655" /><E43/><V99/><F99/><W83/><G77/><T78/><D78/><U114/><E92/><V21/><F21/><W87/><G87/><T3/><D3/><N who="1" m="63" /><E51/><V108/><AGARI ba="1,1" hai="36,37,41,44,48,63,65,69,108,109,111" m="51721" machi="108" ten="40,12000,2" yaku="14,1,20,1,34,2,52,3" doraHai="120" who="2" fromWho="2" sc="270,-61,240,-31,240,133,240,-31" /><INIT seed="1,0,0,0,0,99" ten="209,209,373,209" oya="1" hai0="123,74,11,56,121,111,47,24,128,12,52,127,51" hai1="83,134,62,90,65,82,68,23,31,1,49,118,33" hai2="19,2,101,59,94,3,25,86,125,48,28,36,29" hai3="91,100,92,72,64,50,78,71,20,21,67,13,95"/><U73/><E118/><V124/><F36/><W26/><G72/><T6/><D74/><U70/><E1/><V110/><F110/><W22/><G78/><T113/><D113/><U84/><E134/><V46/><F59/><W42/><G26/><T7/><D111/><U120/><E120/><N who="0" m="46153" /><D128/><U18/><E33/><V43/><F19/><W108/><G108/><T60/><D127/><N who="2" m="48714" /><F29/><W114/><G114/><T40/><D24/><U87/><E31/><V132/><F132/><W55/><G42/><T98/><D98/><U104/><E104/><V37/><F37/><W96/><G13/><T129/><D129/><U27/><E73/><V41/><F41/><W117/><G71/><T106/><D106/><U89/><REACH who="1" step="1"/><E49/><REACH who="1" ten="209,199,373,209" step="2"/><V107/><F107/><W32/><G32/><T109/><D109/><U63/><E63/><V16/><F28/><W58/><REACH who="3" step="1"/><G117/><REACH who="3" ten="209,199,373,199" step="2"/><T102/><D60/><U30/><E30/><V54/><F2/><W34/><G34/><T69/><D51/><U81/><E81/><V79/><F3/><W75/><G75/><T131/><D131/><U88/><E88/><V57/><F48/><W9/><G9/><T5/><D11/><U85/><E85/><AGARI ba="0,2" hai="20,21,22,50,55,58,64,67,85,91,92,95,96,100" machi="85" ten="40,5200,0" yaku="1,1,8,1,52,1,53,0" doraHai="99" doraHaiUra="135" who="3" fromWho="1" sc="209,0,199,-52,373,0,199,72" /><INIT seed="2,0,0,0,5,4" ten="209,147,373,271" oya="2" hai0="103,51,75,130,73,2,50,26,49,54,8,29,5" hai1="96,0,68,42,110,20,36,93,46,7,78,40,121" hai2="133,112,58,131,62,100,30,117,66,60,14,104,135" hai3="98,94,3,19,45,6,79,85,47,69,59,120,88"/><V23/><F117/><W123/><G69/><T65/><D130/><U87/><E110/><V77/><F112/><W124/><G124/><T72/><D65/><U64/><E121/><V114/><F114/><W95/><G19/><T83/><D103/><U81/><E42/><V44/><F131/><W15/><G3/><T109/><D109/><U80/><E80/><V56/><F77/><W16/><G6/><T82/><REACH who="0" step="1"/><D54/><REACH who="0" ten="199,147,373,271" step="2"/><U67/><E68/><V107/><F100/><W91/><G120/><T126/><D126/><U113/><E113/><V61/><F66/><W57/><G123/><T105/><D105/><U35/><E67/><V18/><F107/><W24/><G79/><T132/><D132/><U48/><E64/><V134/><F104/><W125/><G125/><T106/><D106/><U119/><E78/><V129/><F129/><W32/><G32/><AGARI ba="0,1" hai="2,5,8,26,29,32,49,50,51,72,73,75,82,83" machi="32" ten="50,3200,0" yaku="1,1,52,1,53,0" doraHai="4" doraHaiUra="13" who="0" fromWho="3" sc="199,42,147,0,373,0,271,-32" /><INIT seed="3,0,0,1,1,9" ten="241,147,373,239" oya="3" hai0="118,5,96,123,130,7,91,52,108,122,75,92,83" hai1="45,114,61,41,77,11,128,80,90,67,4,36,125" hai2="79,107,49,21,40,33,25,69,93,27,42,28,81" hai3="18,126,57,65,1,78,3,135,20,60,104,132,88"/><W129/><G104/><T50/><D118/><U102/><E114/><V120/><F107/><W82/><G129/><T117/><D117/><U121/><E125/><V24/><F69/><W2/><G126/><T119/><D119/><U58/><E128/><V89/><F120/><W94/><G82/><T124/><D130/><U85/><E121/><V113/><F113/><W44/><G44/><T87/><D124/><U97/><E102/><V98/><F49/><W35/><G78/><T22/><D108/><U14/><REACH who="1" step="1"/><E97/><REACH who="1" ten="241,137,373,239" step="2"/><V106/><F106/><W84/><REACH who="3" step="1"/><G35/><REACH who="3" ten="241,137,373,229" step="2"/><T17/><D122/><U74/><E74/><V110/><F33/><W53/><G53/><T26/><D123/><U56/><E56/><V8/><F110/><W19/><G19/><T134/><D75/><U39/><E39/><V103/><F42/><W15/><AGARI ba="0,2" hai="1,2,3,15,18,20,57,60,65,84,88,94,132,135" machi="15" ten="40,12000,1" yaku="1,1,0,1,52,1,54,1,53,0" doraHai="9" doraHaiUra="51" who="3" fromWho="3" sc="241,-40,137,-40,373,-40,229,140" /><INIT seed="3,1,0,3,2,34" ten="201,97,333,369" oya="3" hai0="109,18,1,115,106,100,37,88,24,21,87,59,53" hai1="107,72,29,82,69,68,46,83,86,117,5,84,61" hai2="14,48,132,50,118,23,76,15,38,129,108,94,19" hai3="65,43,36,51,123,25,39,57,66,133,49,127,125"/><W16/><G123/><T101/><D37/><N who="3" m="14409" /><G25/><T62/><D109/><U135/><E72/><V13/><F108/><W80/><G80/><T97/><D115/><U79/><E107/><V20/><F118/><W74/><G16/><T120/><D120/><U104/><E104/><V103/><F38/><W93/><G93/><T27/><D101/><U90/><E135/><V95/><F132/><W111/><G74/><T98/><D98/><U2/><E46/><V7/><F76/><W28/><G28/><T56/><D56/><U26/><E117/><V8/><F129/><W116/><G116/><T134/><D134/><U81/><E61/><V89/><F103/><W77/><G77/><T11/><D11/><U10/><REACH who="1" step="1"/><E81/><REACH who="1" ten="201,87,333,369" step="2"/><V102/><F95/><W30/><G133/><T78/><D62/><U42/><E42/><V58/><F102/><W12/><G43/><T121/><D100/><U6/><E6/><V44/><F58/><W64/><G111/><T110/><D59/><U119/><E119/><V40/><F50/><W131/><G51/><T130/><D106/><U9/><E9/><V75/><F75/><W33/><G49/><T47/><D110/><U52/><E52/><V54/><F40/><W99/><G57/><T105/><D105/><U113/><E113/><V91/><F94/><W35/><G66/><T96/><D121/><U67/><E67/><V114/><F114/><W22/><G65/><T31/><D53/><U55/><E55/><V45/><F45/><W17/><G64/><T70/><D47/><U128/><E128/><V60/><F60/><W73/><G131/><RYUUKYOKU ba="1,1" sc="201,-15,87,15,333,15,369,-15" hai1="2,5,10,26,29,68,69,79,82,83,84,86,90" hai2="7,8,13,14,15,19,20,23,44,48,54,89,91" /><INIT seed="4,2,1,0,2,37" ten="186,102,348,354" oya="0" hai0="105,94,93,9,123,78,18,24,96,117,62,7,26" hai1="65,106,36,33,64,40,128,122,0,52,46,43,32" hai2="69,4,10,119,20,15,44,87,28,111,41,54,60" hai3="92,49,97,73,58,14,100,98,17,126,114,125,11"/><T131/><D123/><U29/><E122/><V74/><F111/><W120/><G73/><T70/><D117/><U90/><E0/><V132/><F74/><W102/><G120/><T50/><D105/><U133/><E106/><V23/><F132/><W113/><G58/><T27/><D131/><U56/><E128/><V89/><F119/><W21/><G49/><T80/><D50/><U95/><E133/><V79/><F79/><W77/><G77/><T115/><D115/><N who="3" m="44041" /><G11/><T71/><D18/><U68/><E40/><V13/><F28/><W57/><G57/><T25/><D62/><U110/><E110/><V81/><F54/><W5/><G5/><T91/><N who="0" m="6144" /><DORA hai="86" /><T109/><D94/><AGARI ba="2,1" hai="14,17,21,92,94,97,98,100,102,125,126" m="44041" machi="94" ten="30,1000,0" yaku="15,1" doraHai="37,86" who="3" fromWho="0" sc="186,-16,102,0,348,0,354,26" /><INIT seed="5,0,0,2,4,102" ten="170,102,348,380" oya="1" hai0="122,16,89,72,109,71,104,14,62,37,124,127,26" hai1="75,31,59,108,21,46,1,52,83,134,64,133,101" hai2="119,69,51,128,47,126,48,85,70,130,132,73,94" hai3="41,63,58,23,40,9,2,81,11,43,34,3,97"/><U86/><E75/><V87/><F119/><W10/><G34/><T61/><D109/><U53/><E1/><V54/><F73/><W121/><G121/><T95/><D72/><U19/><E108/><V105/><F105/><W18/><G81/><T15/><D37/><U8/><E8/><V118/><F118/><W0/><G97/><T56/><D71/><U44/><E31/><V20/><F20/><W35/><G35/><T68/><D68/><N who="2" m="26218" /><F94/><W36/><G36/><T22/><D122/><U111/><E101/><V114/><F132/><N who="1" m="50793" /><E64/><V115/><F87/><W60/><G58/><T79/><D79/><N who="1" m="46463" /><E111/><V39/><F85/><W29/><G29/><T98/><D61/><N who="1" m="36071" /><E53/><N who="2" m="29855" /><F39/><W92/><G92/><T65/><REACH who="0" step="1"/><D104/><REACH who="0" ten="160,102,348,380" step="2"/><U106/><E106/><V78/><F78/><W112/><G2/><T74/><D74/><U38/><E38/><V57/><F126/><AGARI ba="0,1" hai="14,15,16,22,26,56,62,65,89,95,98,124,126,127" machi="126" ten="40,5200,0" yaku="1,1,18,1,54,1,53,0" doraHai="102" doraHaiUra="123" who="0" fromWho="2" sc="160,62,102,0,348,-52,380,0" /><INIT seed="6,0,0,5,5,29" ten="222,102,296,380" oya="2" hai0="135,55,56,4,86,42,79,110,44,129,127,130,81" hai1="84,41,124,97,37,36,51,85,77,99,32,57,18" hai2="65,102,100,133,43,48,104,114,101,119,24,16,131" hai3="23,3,72,134,21,50,69,71,92,67,107,19,118"/><V111/><F119/><W116/><G107/><T60/><D110/><U93/><E18/><V38/><F111/><W108/><G3/><T0/><D135/><U63/><E124/><V8/><F133/><W64/><G72/><T17/><D127/><U31/><E51/><V26/><F38/><W12/><G50/><T95/><D17/><U105/><E105/><V59/><F131/><N who="0" m="50186" /><D95/><U89/><E77/><V14/><F104/><W76/><G76/><T10/><D44/><U87/><E99/><V123/><F123/><W73/><G12/><T2/><D42/><U117/><E117/><V120/><F120/><W39/><G19/><T125/><D125/><U13/><E13/><AGARI ba="0,0" hai="0,2,4,10,13,55,56,60,79,81,86" m="50186" machi="13" ten="30,1000,0" yaku="19,1" doraHai="29" who="0" fromWho="1" sc="222,10,102,-10,296,0,380,0" /><INIT seed="7,0,0,2,2,54" ten="232,92,296,380" oya="3" hai0="5,116,106,101,55,130,78,42,12,76,44,125,121" hai1="88,32,120,49,102,61,105,60,87,96,132,111,41" hai2="67,81,15,46,66,52,7,30,100,123,79,129,2" hai3="122,39,58,89,82,91,84,53,51,11,17,93,36"/><W10/><G122/><T24/><D121/><U128/><E132/><V40/><F2/><W104/><G104/><T23/><D116/><U57/><E128/><V109/><F129/><W124/><G124/><T80/><D130/><U115/><E115/><V113/><F113/><W95/><G82/><T114/><D125/><U26/><E111/><V118/><F118/><W38/><REACH who="3" step="1"/><G17/><REACH who="3" ten="232,92,296,370" step="2"/><T21/><D114/><U98/><E120/><V74/><F123/><W69/><G69/><T63/><D106/><U73/><E73/><V25/><F109/><W43/><G43/><T48/><D101/><U103/><E32/><V131/><F100/><W47/><G47/><T31/><D80/><U64/><E26/><V75/><F75/><W8/><G8/><T27/><D5/><U83/><E41/><V6/><F6/><W117/><G117/><T72/><D72/><U50/><REACH who="1" step="1"/><E61/><REACH who="1" ten="232,82,296,370" step="2"/><V119/><F119/><W92/><G92/><AGARI ba="0,2" hai="49,50,57,60,64,83,87,88,92,96,98,102,103,105" machi="92" ten="30,8000,1" yaku="1,1,2,1,7,1,52,1,54,1,53,0" doraHai="54" doraHaiUra="71" who="1" fromWho="3" sc="232,0,82,100,296,0,370,-80" /><INIT seed="8,0,0,2,2,75" ten="232,182,296,290" oya="0" hai0="83,64,33,99,22,109,25,89,44,54,112,71,121" hai1="40,51,38,32,110,73,107,56,132,24,124,58,67" hai2="43,77,31,133,3,48,128,82,86,19,60,52,116" hai3="105,119,101,103,111,0,85,12,18,117,37,94,62"/><T92/><D112/><U122/><E122/><V130/><F133/><W16/><G0/><T98/><D121/><U93/><E107/><V8/><F116/><N who="3" m="44619" /><G37/><T72/><D33/><U135/><E110/><V47/><F31/><W102/><G111/><T104/><D109/><U113/><E113/><V106/><F106/><W21/><G62/><T17/><D71/><U91/><E73/><V79/><F79/><W46/><G46/><T26/><D64/><U50/><E38/><V76/><F76/><W123/><G123/><T90/><D72/><U27/><E124/><V95/><F95/><W114/><G114/><T74/><D74/><U9/><E9/><V36/><F60/><W69/><G69/><T49/><D104/><U80/><E80/><V120/><F120/><W66/><G66/><T96/><D83/><U42/><E67/><V63/><F63/><W61/><G61/><T4/><D4/><U53/><E32/><V14/><REACH who="2" step="1"/><F3/><REACH who="2" ten="232,182,286,290" step="2"/><W127/><G127/><T29/><D92/><U125/><E125/><V100/><F100/><W88/><G18/><T115/><D115/><U78/><E78/><V134/><F134/><N who="1" m="51241" /><E40/><V15/><F15/><W41/><G105/><T59/><D17/><U126/><E126/><V84/><F84/><W13/><G13/><T28/><D28/><U131/><E131/><V97/><F97/><W5/><G41/><T68/><D98/><N who="1" m="57663" /><E42/><V11/><F11/><W35/><G35/><T7/><D29/><U34/><E34/><V70/><F70/><W1/><G1/><T30/><D68/><U39/><E39/><V129/><F129/><RYUUKYOKU ba="0,1" sc="232,-30,182,10,286,10,290,10" hai1="24,27,50,51,53,56,58" hai2="8,14,19,36,43,47,48,52,77,82,86,128,130" hai3="5,12,16,21,85,88,94,101,102,103" owari="202,-19.8,192,-30.8,296,9.6,310,41.0" /></mjloggm>