<mjloggm ver="2.3"><GO type="169" lobby="0"/><UN n0="%E3%82%82%E3%82%8A%E3%82%82%E3%82%8A%E3%81%8A%E3%81%AB%E3%81%8E%E3%82%8A" n1="%73%79%6C%76%65%6F%6E" n2="%E3%81%97%E3%82%89%E3%81%99%EF%BC%A1" n3="%43%52%41%5A%59%42%45%45" dan="16,16,16,19" rate="2133.23,2194.14,2106.25,2298.53" sx="M,M,M,F"/><TAIKYOKU oya="0"/><INIT seed="0,0,0,4,0,43" ten="250,250,250,250" oya="0" hai0="129,77,106,16,99,72,51,5,65,70,29,31,108" hai1="55,48,96,13,27,33,37,89,94,47,120,126,3" hai2="132,9,116,14,21,66,57,87,12,113,26,53,1" hai3="22,105,90,100,23,127,91,59,85,35,103,63,19"/><T88/><D129/><U69/><E126/><V130/><F113/><W114/><G114/><T46/><D5/><U86/><E3/><V73/><F73/><W17/><G35/><T61/><D108/><U56/><E120/><V42/><F66/><W15/><G127/><T119/><D119/><U25/><E69/><V78/><F132/><W50/><G50/><T60/><D60/><U84/><E37/><V75/><F75/><W49/><G49/><T109/><D109/><U20/><E13/><V92/><F1/><W28/><G28/><T122/><D122/><U104/><E104/><V131/><F42/><W11/><G11/><T102/><D88/><U30/><REACH who="1" step="1"/><E56/><REACH who="1" ten="250,240,250,250" step="2"/><V52/><F130/><W8/><G105/><T36/><D36/><U6/><E6/><V54/><F131/><W101/><G59/><T0/><D0/><U121/><E121/><V71/><F71/><W111/><G111/><T24/><D106/><U107/><E107/><V80/><F116/><W38/><G38/><T115/><D115/><U7/><E7/><V62/><F9/><W67/><G8/><T39/><D39/><U98/><E98/><V10/><F10/><W95/><G15/><T18/><D99/><U32/><E32/><V41/><F12/><W135/><G23/><T4/><D4/><U110/><E110/><V40/><F14/><W2/><G22/><T81/><D70/><U45/><E45/><V79/><F21/><W83/><G2/><T34/><D46/><U64/><E64/><V125/><F125/><W68/><G135/><T74/><D34/><U124/><E124/><RYUUKYOKU ba="0,1" sc="250,-15,240,15,250,-15,250,15" hai1="20,25,27,30,33,47,48,55,84,86,89,94,96" hai3="17,19,63,67,68,83,85,90,91,95,100,101,103" /><INIT seed="1,1,1,3,4,68" ten="235,255,235,265" oya="1" hai0="135,75,83,5,76,35,10,21,59,127,18,108,100" hai1="121,15,109,116,124,72,130,102,120,133,81,56,11" hai2="42,84,50,71,66,111,47,2,14,90,69,27,45" hai3="34,25,134,46,114,96,88,13,62,78,118,31,113"/><U20/><E116/><V73/><F111/><W131/><G118/><T24/><D108/><U79/><E109/><V110/><F73/><W22/><G78/><T52/><D127/><U93/><E124/><V132/><F2/><W16/><G131/><T122/><D135/><U38/><E38/><V87/><F110/><W9/><G134/><T40/><D122/><U41/><E133/><V17/><F27/><W101/><G46/><T44/><D100/><U33/><E33/><V8/><F66/><W28/><G62/><T43/><D35/><U32/><E32/><V37/><F87/><W94/><G31/><T125/><D125/><U74/><E41/><V104/><F104/><W58/><G58/><T29/><D29/><U39/><E39/><V128/><F128/><W4/><REACH who="3" step="1"/><G101/><REACH who="3" ten="235,255,235,255" step="2"/><T70/><D44/><U126/><E126/><V7/><F132/><W1/><AGARI ba="1,2" hai="1,4,9,13,16,22,25,28,34,88,94,96,113,114" machi="1" ten="20,16000,3" yaku="1,1,2,1,0,1,7,1,24,2,54,2,53,1" doraHai="68" doraHaiUra="0" who="3" fromWho="3" sc="235,-41,255,-81,235,-41,255,183" /><INIT seed="2,0,0,3,1,36" ten="194,174,194,438" oya="2" hai0="45,9,134,51,75,23,83,15,119,52,16,37,124" hai1="35,59,92,20,78,12,79,93,50,86,63,80,32" hai2="74,13,38,96,132,56,88,41,40,130,107,82,4" hai3="42,30,128,102,55,99,101,60,117,116,126,122,94"/><V89/><F132/><W118/><G122/><T73/><D134/><U68/><E68/><V53/><F38/><W103/><G126/><T112/><D112/><U58/><E79/><V95/><F107/><W6/><G6/><T90/><D124/><U66/><E35/><V21/><F130/><W22/><G128/><T24/><D119/><U113/><E32/><V61/><F74/><W97/><G42/><N who="2" m="16489" /><F82/><W10/><G10/><T31/><D37/><U120/><E120/><V44/><F44/><W62/><G55/><T110/><D110/><U131/><E113/><V70/><F70/><W133/><G133/><T85/><AGARI ba="0,0" hai="9,15,16,23,24,31,45,51,52,73,75,83,85,90" machi="85" ten="30,8000,1" yaku="0,1,25,2,54,2" doraHai="36" who="0" fromWho="0" sc="194,80,174,-20,194,-40,438,-20" /><INIT seed="3,0,0,5,5,17" ten="274,154,154,418" oya="3" hai0="30,58,78,14,10,59,132,4,91,94,6,19,11" hai1="67,130,85,88,16,15,32,133,113,43,72,87,50" hai2="66,103,24,92,42,128,129,29,2,115,86,89,84" hai3="134,124,127,77,28,71,60,18,54,49,117,63,93"/><W64/><G117/><T82/><D132/><U114/><E72/><V70/><F115/><W111/><G134/><T61/><D30/><U7/><E133/><V9/><F42/><W37/><G37/><T107/><D107/><U20/><E32/><V36/><F36/><W0/><G0/><T105/><D105/><U31/><E31/><V47/><F47/><W69/><G28/><T125/><D125/><U83/><E130/><V62/><F103/><W123/><G77/><T97/><D61/><U135/><E135/><V79/><F79/><W34/><G34/><T95/><D95/><U116/><E116/><V13/><F2/><W112/><G93/><T33/><D33/><U80/><E67/><V74/><F86/><W73/><G73/><T104/><D104/><U25/><E7/><N who="0" m="2601" /><D11/><U51/><E25/><V102/><F102/><W52/><G123/><T44/><D44/><U68/><E68/><V41/><F41/><W46/><G112/><T106/><D106/><U81/><E81/><V21/><REACH who="2" step="1"/><F74/><REACH who="2" ten="274,154,144,418" step="2"/><W108/><G46/><T126/><D126/><U38/><E38/><V57/><F57/><W45/><G124/><T101/><D78/><N who="1" m="46231" /><E43/><V109/><F109/><N who="3" m="42059" /><G127/><T122/><D122/><U110/><E110/><V90/><F90/><W39/><G39/><T76/><D91/><U99/><E114/><V22/><F22/><W120/><G120/><T40/><D40/><U12/><E113/><V3/><F3/><W98/><G45/><T26/><D59/><U96/><E88/><V121/><F121/><W100/><G100/><T23/><D58/><U53/><E87/><RYUUKYOKU ba="0,1" sc="274,-10,154,-10,144,30,418,-10" hai2="9,13,21,24,29,62,66,70,84,89,92,128,129" /><INIT seed="4,1,1,3,0,59" ten="264,144,174,408" oya="0" hai0="23,27,29,80,91,35,58,39,131,48,43,108,5" hai1="13,36,113,78,7,14,123,71,88,84,45,79,53" hai2="8,114,3,51,124,96,20,9,61,18,69,34,130" hai3="4,16,89,6,52,72,57,77,22,15,107,33,118"/><T62/><D131/><U86/><E123/><V24/><F114/><W94/><G118/><T115/><D115/><U17/><E71/><V65/><F124/><W90/><G107/><T50/><D108/><U60/><E113/><V19/><F130/><W2/><G33/><T11/><D35/><U97/><E97/><V119/><F34/><W10/><G4/><T31/><D31/><U95/><E36/><V110/><F110/><W40/><G40/><T44/><D80/><U66/><E66/><V99/><F119/><W103/><G72/><T120/><D91/><N who="1" m="53735" /><E45/><V82/><F82/><W134/><G134/><T1/><REACH who="0" step="1"/><D120/><REACH who="0" ten="254,144,174,408" step="2"/><U101/><E88/><V55/><F3/><W75/><G2/><T56/><D56/><U37/><E79/><V109/><F109/><W128/><G128/><T121/><D121/><U47/><E78/><V21/><F8/><W104/><G77/><T12/><D12/><U106/><E14/><V54/><F9/><W105/><G90/><T117/><D117/><U68/><E13/><V28/><F28/><W125/><G89/><T76/><D76/><U116/><E116/><V135/><F135/><W74/><G10/><T112/><D112/><U26/><E68/><V133/><F133/><W93/><G15/><T32/><D32/><U25/><E25/><V83/><F83/><W49/><G75/><T129/><D129/><U92/><E26/><V98/><F20/><W132/><G22/><T81/><D81/><U85/><E86/><V122/><F122/><W0/><G132/><T100/><D100/><U70/><E85/><V38/><F21/><RYUUKYOKU ba="1,2" sc="254,30,144,-10,174,-10,408,-10" hai0="1,5,11,23,27,29,39,43,44,48,50,58,62" /><INIT seed="4,2,2,1,5,120" ten="284,134,164,398" oya="0" hai0="39,17,24,66,98,101,51,33,119,14,41,16,70" hai1="40,57,63,77,104,131,115,60,114,48,46,109,67" hai2="15,83,25,78,12,22,122,117,105,2,37,126,34" hai3="27,64,69,13,88,52,102,1,100,116,54,38,5"/><T103/><D39/><U87/><E104/><V7/><F105/><W134/><G116/><T35/><D119/><U72/><E72/><V10/><F117/><W75/><G1/><T18/><D14/><U118/><E118/><V127/><F122/><W129/><G38/><T79/><D79/><U84/><E77/><V92/><F92/><W93/><G75/><T32/><D41/><U130/><E87/><N who="2" m="48631" /><F37/><W71/><G134/><T8/><D51/><U0/><E84/><V21/><F21/><W121/><G129/><N who="1" m="49162" /><E0/><V61/><F61/><W28/><G121/><T89/><D8/><U90/><E90/><V42/><F42/><W50/><G100/><T4/><D4/><U107/><E107/><V81/><F81/><W135/><G102/><T132/><D132/><U96/><E96/><V76/><F76/><W9/><G9/><T56/><D89/><U97/><E97/><V94/><F94/><W30/><G5/><T55/><D98/><U31/><E31/><V65/><F65/><W108/><G30/><T99/><D99/><U80/><E80/><V29/><F15/><W59/><G13/><T49/><REACH who="0" step="1"/><D24/><REACH who="0" ten="274,134,164,398" step="2"/><U47/><E40/><V45/><F12/><W125/><G135/><T110/><D110/><U82/><E109/><V19/><F2/><W44/><G108/><T73/><D73/><U124/><E48/><V74/><F74/><W106/><G106/><T112/><D112/><U85/><E115/><V95/><F10/><W23/><G50/><T86/><D86/><U62/><E114/><V111/><F111/><W58/><G27/><T6/><D6/><RYUUKYOKU ba="2,3" sc="274,30,134,-10,164,-10,398,-10" hai0="16,17,18,32,33,35,49,55,56,66,70,101,103" /><INIT seed="4,3,3,5,0,82" ten="304,124,154,388" oya="0" hai0="5,43,95,6,93,118,39,120,10,29,4,65,77" hai1="38,46,23,117,2,131,73,24,66,51,83,19,74" hai2="69,111,31,63,127,97,103,36,62,79,99,109,92" hai3="108,80,59,15,70,57,78,105,115,16,110,88,13"/><T55/><D120/><U107/><E117/><V50/><F36/><W42/><G70/><T68/><D118/><U60/><E38/><V49/><F127/><W67/><G105/><T87/><D29/><U9/><E107/><V98/><F79/><W71/><G71/><T64/><D39/><U135/><E135/><V91/><F31/><W58/><G67/><N who="0" m="25675" /><D68/><U124/><E124/><V119/><F69/><W123/><G123/><T48/><D43/><U22/><E131/><V101/><F119/><W35/><G35/><T75/><D10/><U104/><E104/><V96/><F111/><W28/><G28/><T128/><D75/><U27/><E9/><V17/><F17/><W122/><G122/><T134/><D134/><U133/><E2/><V94/><F109/><W21/><G42/><T86/><D128/><U8/><E8/><V125/><F125/><W26/><G108/><T32/><D32/><U114/><E133/><V18/><F18/><W72/><G110/><T76/><D76/><U47/><E73/><V90/><F99/><W129/><G129/><T14/><D14/><U0/><E0/><V45/><F98/><W56/><N who="3" m="14336" /><DORA hai="40" /><W41/><G41/><T3/><D3/><U12/><E12/><V81/><F81/><W44/><G13/><T1/><D1/><U100/><E83/><V132/><F132/><W116/><G15/><T130/><D130/><U52/><E74/><V11/><F11/><W102/><G72/><T33/><D33/><U85/><E66/><V20/><F20/><W53/><G21/><T121/><D121/><U30/><E23/><RYUUKYOKU ba="3,3" sc="304,-10,124,-10,154,30,388,-10" hai2="45,49,50,62,63,90,91,92,94,96,97,101,103" /><INIT seed="5,4,3,3,0,76" ten="294,114,184,378" oya="1" hai0="41,46,38,94,7,18,37,24,39,90,45,93,113" hai1="50,12,116,101,97,57,49,3,86,15,78,131,52" hai2="40,22,23,36,128,96,105,109,29,0,25,74,112" hai3="81,34,106,120,129,20,102,66,125,107,92,100,72"/><U56/><E116/><V53/><F109/><W33/><G120/><T87/><D113/><U123/><E123/><V55/><F74/><W59/><G129/><T80/><D7/><U98/><E3/><V133/><F0/><W130/><G130/><T67/><D67/><U11/><E131/><V85/><F128/><W64/><G92/><T26/><D18/><U5/><E101/><V14/><F133/><W73/><G20/><T44/><D41/><U47/><E15/><V135/><F135/><W134/><G59/><T48/><D48/><U31/><E31/><V122/><F122/><W117/><G134/><T4/><D4/><U124/><E124/><V43/><F36/><W103/><G125/><T62/><D62/><U1/><E1/><V10/><F23/><W114/><G103/><T110/><D110/><U8/><E8/><V118/><F112/><W126/><G126/><T58/><D58/><N who="1" m="22635" /><E50/><V111/><F111/><W28/><G28/><T13/><D13/><U60/><E60/><V88/><F105/><W65/><G65/><T32/><D32/><U91/><E78/><V79/><F118/><W121/><G121/><T77/><REACH who="0" step="1"/><D94/><AGARI ba="4,3" hai="5,11,12,47,49,52,86,91,94,97,98" m="22635" machi="94" ten="30,2900,0" yaku="8,1,54,1" doraHai="76" who="1" fromWho="0" sc="294,-41,114,71,184,0,378,0" /><INIT seed="5,5,0,5,5,13" ten="253,185,184,378" oya="1" hai0="85,108,89,111,83,66,121,125,1,69,15,25,71" hai1="87,52,53,54,101,123,80,74,62,107,8,120,67" hai2="84,37,95,112,11,6,116,99,65,12,21,16,60" hai3="132,103,122,70,96,131,128,56,40,88,91,39,45"/><U3/><E74/><V119/><F37/><W42/><G70/><T19/><D1/><U90/><E107/><V51/><F84/><W97/><G122/><T31/><D121/><U55/><N who="1" m="13312" /><DORA hai="130" /><U18/><E101/><V22/><F51/><W10/><G56/><T46/><D46/><U38/><E38/><V17/><F112/><W36/><G10/><T20/><D125/><U114/><E114/><V28/><F28/><W30/><G30/><T49/><D49/><U124/><E124/><V43/><F43/><W24/><G24/><T73/><D73/><U29/><E29/><V57/><F21/><W98/><G103/><T59/><D59/><U117/><E117/><V33/><F33/><W72/><G72/><T113/><D113/><U79/><E79/><V102/><REACH who="2" step="1"/><F17/><REACH who="2" ten="253,185,174,378" step="2"/><W100/><G40/><T134/><D19/><U63/><E63/><V94/><F94/><W106/><G36/><T5/><D20/><U78/><E78/><V93/><F93/><W41/><G42/><T7/><D31/><U58/><REACH who="1" step="1"/><E18/><REACH who="1" ten="253,175,174,378" step="2"/><V75/><F75/><W86/><G39/><T81/><D111/><U32/><E32/><V47/><F47/><W0/><G45/><T129/><D108/><U26/><E26/><AGARI ba="5,2" hai="6,11,12,16,22,26,57,60,65,95,99,102,116,119" machi="26" ten="30,7700,0" yaku="1,1,7,1,52,1,54,1,53,0" doraHai="13,130" doraHaiUra="126,64" who="2" fromWho="1" sc="253,0,175,-92,174,112,378,0" /><INIT seed="6,0,0,4,0,107" ten="253,83,286,378" oya="2" hai0="0,15,76,102,63,27,95,78,114,12,105,91,24" hai1="57,125,1,117,16,104,97,41,119,81,58,62,54" hai2="82,13,100,7,21,86,134,84,118,128,74,129,19" hai3="31,9,71,103,52,69,99,94,124,47,17,56,72"/><V75/><F118/><W6/><G31/><T80/><D0/><U3/><E125/><V39/><F39/><W25/><G72/><N who="2" m="27689" /><F7/><W34/><G47/><T88/><D105/><U108/><E108/><V14/><F100/><W5/><G124/><T89/><D114/><U106/><E41/><V73/><F14/><N who="3" m="7375" /><G71/><T66/><D15/><U18/><E81/><V123/><F123/><W48/><G69/><T96/><D12/><U60/><REACH who="1" step="1"/><E97/><REACH who="1" ten="253,73,286,378" step="2"/><V68/><F82/><W61/><G99/><T132/><D80/><U45/><E45/><V22/><F128/><W50/><G5/><T109/><D109/><U53/><AGARI ba="0,1" hai="1,3,16,18,53,54,57,58,60,62,104,106,117,119" machi="53" ten="25,8000,1" yaku="1,1,0,1,22,2,54,1,53,0" doraHai="107" doraHaiUra="79" who="1" fromWho="1" sc="253,-20,73,90,286,-40,378,-20" /><INIT seed="7,0,0,4,5,89" ten="233,163,246,358" oya="3" hai0="112,133,69,8,53,36,49,128,24,103,2,93,78" hai1="47,98,37,90,44,115,87,83,19,45,125,84,68" hai2="117,27,42,28,113,106,61,64,124,14,99,51,116" hai3="67,129,5,12,11,26,121,73,9,100,15,32,33"/><W60/><G121/><T80/><D36/><U7/><E68/><N who="2" m="41999" /><F14/><W105/><G73/><T104/><D69/><U0/><E115/><V81/><F81/><W35/><G129/><T108/><D108/><U52/><E125/><V102/><F113/><W77/><G77/><T13/><D133/><U46/><E0/><V50/><F124/><W1/><G1/><T18/><D104/><U72/><E7/><V30/><F30/><W123/><G123/><T6/><D128/><U25/><E72/><V96/><F96/><W85/><G85/><N who="0" m="48279" /><D2/><U130/><E130/><V40/><F42/><W134/><G105/><T20/><D112/><U41/><E84/><V94/><F94/><W63/><G35/><T34/><D34/><U119/><E119/><N who="2" m="45643" /><F40/><W29/><G33/><AGARI ba="0,0" hai="27,28,33,50,51,99,102,106" m="45643,41999" machi="33" ten="30,1000,0" yaku="25,1" doraHai="89" who="2" fromWho="3" sc="233,0,163,0,246,10,358,-10" owari="233,-16.7,163,-33.7,256,5.6,348,44.8" /></mjloggm>