<mjloggm ver="2.3"><GO type="169" lobby="0"/><UN n0="%6D%75%72%61%30%2B" n1="%E3%81%BD%E3%81%A3%E3%81%91%E3%81%95%E3%82%93" n2="%E3%82%82%E3%82%8A%E3%82%82%E3%82%8A%E3%81%8A%E3%81%AB%E3%81%8E%E3%82%8A" n3="%E3%81%A4%E3%81%8B%E3%82%93%E3%81%BD%E3%81%A3" dan="16,16,16,17" rate="2128.67,2104.37,2127.07,2167.21" sx="M,M,M,F"/><TAIKYOKU oya="0"/><INIT seed="0,0,0,5,2,132" ten="250,250,250,250" oya="0" hai0="78,27,20,90,87,114,7,53,24,88,59,80,67" hai1="109,103,118,44,50,99,76,96,15,94,70,42,97" hai2="82,55,31,19,54,10,41,11,101,126,79,21,64" hai3="119,135,91,49,111,51,12,115,13,121,104,72,134"/><T106/><D114/><U123/><E118/><V75/><F41/><W57/><G115/><T43/><D106/><U25/><E123/><V0/><F31/><W33/><G33/><T112/><D112/><U37/><E70/><V81/><F64/><W73/><G104/><T100/><D100/><U58/><E109/><V74/><F101/><W22/><G111/><T122/><D122/><U89/><E76/><V124/><F0/><W105/><G105/><T28/><D43/><U30/><E103/><V2/><F2/><W77/><G77/><T83/><D7/><U84/><E15/><V116/><F116/><W107/><G107/><T113/><D67/><U3/><E3/><V26/><F81/><W8/><G8/><N who="2" m="3113" /><F75/><W6/><G6/><T133/><D133/><U93/><E58/><V66/><F66/><W35/><G57/><T117/><D117/><U1/><E1/><V52/><F19/><W46/><G35/><T17/><D83/><U18/><E18/><V5/><F5/><W4/><G4/><T120/><D120/><U16/><E16/><V69/><F69/><W47/><G119/><T56/><D113/><U29/><E29/><V62/><F62/><W14/><G121/><T110/><D110/><U98/><N who="1" m="24576" /><DORA hai="108" /><U65/><E65/><V48/><F48/><W45/><G134/><T68/><D68/><U86/><E50/><V102/><F102/><W63/><G135/><T61/><REACH who="0" step="1"/><D59/><REACH who="0" ten="240,250,250,250" step="2"/><U129/><E42/><V71/><F71/><W95/><G47/><T23/><AGARI ba="0,1" hai="17,20,23,24,27,28,53,56,61,78,80,87,88,90" machi="23" ten="20,18000,2" yaku="1,1,2,1,0,1,7,1,8,1,54,1,53,0" doraHai="132,108" doraHaiUra="130,32" who="0" fromWho="0" sc="240,190,250,-60,250,-60,250,-60" /><INIT seed="0,1,0,2,0,67" ten="430,190,190,190" oya="0" hai0="110,61,10,2,66,133,50,45,49,102,62,95,79" hai1="72,91,54,104,75,3,130,71,122,118,129,96,0" hai2="14,94,55,25,90,76,46,21,83,127,101,124,19" hai3="24,78,36,111,13,112,65,29,4,22,47,41,80"/><T38/><D79/><U105/><E54/><V57/><F101/><W99/><G111/><T73/><D73/><N who="1" m="28235" /><E91/><V64/><F46/><W109/><G109/><T114/><D114/><U34/><E96/><V58/><F64/><W128/><G112/><T63/><D110/><U52/><E52/><V106/><F106/><N who="1" m="41065" /><E118/><V103/><F103/><W17/><G128/><N who="1" m="49258" /><E122/><V6/><F76/><W86/><G99/><T89/><D63/><U44/><E44/><V85/><F83/><W1/><G65/><T126/><D62/><U53/><E53/><V70/><F58/><W12/><G1/><T87/><D50/><U28/><E71/><V27/><F70/><W56/><G56/><T116/><D116/><U117/><E117/><V77/><F77/><W100/><G100/><T30/><D61/><U121/><E121/><V81/><F81/><W23/><G4/><T120/><D89/><U119/><E119/><V113/><F113/><W93/><G93/><T69/><D69/><U98/><E98/><V40/><F6/><W131/><G131/><T51/><D51/><U16/><E16/><V48/><REACH who="2" step="1"/><F40/><REACH who="2" ten="430,190,180,190" step="2"/><W82/><G82/><T68/><D68/><U37/><E37/><V42/><F42/><W74/><G74/><T60/><D45/><U135/><E135/><V97/><F97/><W32/><G47/><T33/><D133/><U7/><E7/><V88/><F88/><W11/><G41/><T115/><D102/><U18/><E18/><V108/><F108/><W5/><G36/><T123/><D38/><U59/><E59/><V84/><F84/><W9/><AGARI ba="1,1" hai="5,9,11,12,13,17,22,23,24,29,32,78,80,86" machi="9" ten="20,2700,0" yaku="5,1,0,1,7,1" doraHai="67" who="3" fromWho="3" sc="430,-14,190,-8,180,-8,190,40" /><INIT seed="1,0,0,1,1,108" ten="416,182,172,230" oya="1" hai0="77,89,131,70,28,21,38,57,18,95,48,3,22" hai1="24,34,135,79,30,35,23,118,86,98,29,100,116" hai2="126,52,25,27,6,37,46,90,134,64,10,81,8" hai3="62,92,40,32,53,101,15,55,13,14,85,94,132"/><U82/><E135/><V73/><F126/><W102/><G132/><T125/><D38/><U91/><E79/><V96/><F134/><W127/><G127/><T61/><D3/><U122/><E122/><V97/><F64/><W107/><G107/><T65/><D131/><U83/><E83/><V56/><F37/><W103/><G32/><T111/><D111/><U17/><E35/><V93/><F46/><W12/><G40/><T76/><D28/><U128/><E128/><V120/><F120/><W88/><G62/><T1/><D1/><U112/><E112/><V39/><F39/><W74/><G74/><T19/><D48/><U117/><REACH who="1" step="1"/><E34/><REACH who="1" ten="416,172,172,230" step="2"/><V5/><F81/><W58/><G58/><T121/><D57/><U20/><E20/><V36/><F56/><W130/><G130/><T110/><D22/><U26/><E26/><V31/><F27/><W63/><G63/><T2/><D77/><U109/><E109/><V60/><F25/><W44/><G44/><T72/><D76/><U49/><E49/><V104/><F36/><W59/><G59/><T123/><D21/><U16/><E16/><V129/><F60/><W80/><N who="3" m="3072" /><DORA hai="66" /><W41/><G80/><T84/><D61/><U68/><E68/><V11/><F129/><W7/><G7/><T69/><D70/><U113/><E113/><V51/><F6/><W47/><G94/><AGARI ba="0,1" hai="17,23,24,29,30,82,86,91,94,98,100,116,117,118" machi="94" ten="40,2000,0" yaku="1,1,53,0" doraHai="108,66" doraHaiUra="43,4" who="1" fromWho="3" sc="416,0,172,30,172,0,230,-20" /><INIT seed="1,1,0,1,4,116" ten="416,202,172,210" oya="1" hai0="21,118,131,74,115,100,68,90,28,50,43,129,24" hai1="78,38,72,108,57,120,61,127,0,58,12,81,30" hai2="6,64,37,53,88,34,92,125,15,84,54,22,41" hai3="2,122,48,8,40,113,102,130,56,51,135,5,3"/><U25/><E0/><V67/><F34/><W63/><G113/><T1/><D68/><U95/><E38/><V126/><F37/><W59/><G130/><T27/><D1/><U16/><E127/><N who="2" m="48651" /><F41/><W107/><G135/><T105/><D74/><U17/><E108/><V71/><F71/><W10/><G102/><T121/><D118/><U65/><E120/><V110/><F110/><W80/><G107/><T29/><D121/><U89/><E58/><V33/><F33/><W106/><G106/><T32/><D115/><U91/><E12/><V101/><F101/><W7/><G122/><T4/><D4/><U124/><E124/><V87/><F87/><W132/><G132/><T26/><D90/><U77/><E77/><V117/><F117/><W55/><G40/><T111/><D111/><U86/><REACH who="1" step="1"/><E89/><REACH who="1" ten="416,192,172,210" step="2"/><V134/><F134/><W52/><G80/><T9/><D131/><U119/><E119/><V60/><F15/><W35/><G35/><AGARI ba="1,1" hai="16,17,25,30,35,57,61,65,72,78,81,86,91,95" machi="35" ten="30,5800,0" yaku="1,1,7,1,54,1,53,0" doraHai="116" doraHaiUra="49" who="1" fromWho="3" sc="416,0,192,71,172,0,210,-61" /><INIT seed="1,2,0,2,4,43" ten="416,263,172,149" oya="1" hai0="135,38,7,42,58,36,79,64,25,65,52,14,91" hai1="119,8,120,131,62,23,41,21,108,9,26,16,77" hai2="118,86,82,53,19,107,67,116,101,121,113,69,111" hai3="97,78,126,51,84,123,56,18,6,50,34,70,73"/><U124/><E119/><V99/><F69/><W130/><G70/><T127/><D79/><U117/><E117/><N who="2" m="45163" /><F53/><W103/><G123/><T129/><D129/><U11/><E120/><V47/><F47/><W132/><G130/><T110/><D110/><U72/><E108/><V95/><F19/><W17/><G78/><T33/><D127/><U112/><E131/><V59/><F59/><W22/><G73/><T31/><D135/><U133/><E124/><V46/><F46/><W96/><G132/><T10/><D91/><U66/><E133/><V60/><F60/><W98/><G103/><T74/><D74/><U45/><E112/><V80/><F67/><W57/><G34/><T32/><D32/><U68/><E72/><V94/><F121/><W0/><G84/><T54/><D54/><U4/><E23/><V28/><F28/><W100/><G100/><T2/><D2/><U44/><E44/><V24/><F24/><W105/><G105/><T125/><D125/><U92/><E92/><N who="2" m="35371" /><F111/><W13/><G126/><T27/><D27/><U12/><REACH who="1" step="1"/><E77/><REACH who="1" ten="416,253,172,149" step="2"/><N who="2" m="46351" /><F82/><W106/><G106/><T30/><D33/><U71/><E71/><V115/><AGARI ba="2,1" hai="99,101,107,113,115" m="46351,35371,45163" machi="115" ten="40,2700,0" yaku="34,2" doraHai="43" who="2" fromWho="2" sc="416,-9,253,-15,172,43,149,-9" /><INIT seed="2,0,0,5,0,23" ten="407,238,215,140" oya="2" hai0="81,97,71,29,125,85,67,43,127,26,88,13,58" hai1="48,11,8,57,76,46,69,33,104,54,135,74,0" hai2="15,38,129,50,72,73,75,110,3,30,90,64,122" hai3="21,92,112,96,70,108,116,86,9,80,128,7,113"/><V121/><F38/><W123/><G116/><T22/><D71/><U117/><E117/><V106/><F3/><W87/><G123/><T32/><D43/><U102/><E69/><V10/><F129/><W94/><G108/><T37/><D37/><U119/><E119/><V62/><F106/><W5/><G70/><T134/><D134/><U18/><E33/><V120/><F110/><W130/><G21/><T55/><D67/><U20/><E0/><V114/><F114/><N who="3" m="44139" /><G9/><T59/><D97/><U45/><E135/><V14/><F30/><W41/><G41/><T133/><D133/><U53/><E45/><V111/><F111/><W31/><G31/><T105/><D105/><U131/><E131/><N who="3" m="50218" /><G80/><T51/><D59/><U118/><E20/><V63/><F10/><W124/><G96/><T60/><D32/><U101/><E11/><V98/><F50/><W91/><G124/><N who="0" m="47691" /><D13/><U34/><E8/><V93/><REACH who="2" step="1"/><F62/><AGARI ba="0,0" hai="22,26,29,51,55,58,60,62,81,85,88" m="47691" machi="62" ten="30,3900,0" yaku="18,1,52,1,54,1" doraHai="23" who="0" fromWho="2" sc="407,39,238,0,215,-39,140,0" /><INIT seed="3,0,0,3,5,88" ten="446,238,176,140" oya="3" hai0="6,16,62,7,75,23,39,12,5,51,101,69,117" hai1="118,71,47,37,90,48,2,110,32,135,38,64,20" hai2="92,74,4,127,44,80,107,76,13,131,121,112,45" hai3="59,35,27,123,120,55,119,8,65,78,114,58,89"/><W116/><G78/><T17/><D39/><U10/><E32/><V14/><F112/><W106/><G106/><T1/><D75/><U84/><E110/><V29/><F107/><W128/><G89/><T122/><D122/><N who="3" m="46633" /><G8/><T24/><D117/><N who="3" m="45129" /><G27/><T96/><D51/><U73/><E73/><V52/><F121/><W67/><G35/><T103/><D1/><U11/><E11/><V108/><F108/><W0/><G0/><T57/><D69/><U42/><E20/><V86/><F29/><W63/><G114/><T134/><D134/><U40/><E135/><V77/><F77/><W124/><G128/><T68/><D68/><U53/><E90/><V79/><F79/><W43/><G43/><T61/><D96/><U22/><E84/><V70/><F131/><W18/><G18/><T100/><D17/><U126/><E42/><V83/><F4/><W129/><G129/><T81/><D81/><U130/><E40/><V98/><F83/><W132/><G132/><T31/><REACH who="0" step="1"/><D57/><REACH who="0" ten="436,238,176,140" step="2"/><U104/><E71/><V102/><F80/><W113/><G113/><T94/><D94/><U50/><E2/><V105/><F74/><W33/><G33/><AGARI ba="0,1" hai="5,6,7,12,16,23,24,31,33,61,62,100,101,103" machi="33" ten="40,8000,1" yaku="1,1,54,1,53,3" doraHai="88" doraHaiUra="97" who="0" fromWho="3" sc="436,90,238,0,176,0,140,-80" /><INIT seed="4,0,0,1,5,79" ten="526,238,176,60" oya="0" hai0="50,132,55,28,8,44,114,91,123,129,130,75,21" hai1="116,19,89,113,99,46,31,64,6,103,3,88,110" hai2="134,84,66,5,120,106,14,47,42,48,62,125,67" hai3="15,83,13,9,78,80,77,111,1,109,0,63,94"/><T25/><D123/><U40/><E116/><V128/><F120/><W76/><G94/><T112/><D132/><U22/><E31/><V43/><F106/><W34/><G63/><T127/><D127/><U124/><E124/><V100/><F125/><W56/><G56/><T36/><D36/><U59/><E110/><V98/><F134/><W41/><G34/><T86/><D75/><U92/><E113/><N who="0" m="43625" /><D8/><U60/><E6/><V20/><F128/><W68/><G41/><T104/><D104/><U30/><E3/><V39/><F39/><W131/><G131/><T65/><D65/><U54/><E30/><V73/><F73/><W16/><G68/><T105/><D105/><U11/><E11/><V37/><F43/><W108/><REACH who="3" step="1"/><G15/><REACH who="3" ten="526,238,176,50" step="2"/><T35/><D35/><U32/><E32/><V122/><F42/><W74/><G74/><T71/><D71/><U53/><E53/><V58/><F14/><W49/><G49/><T52/><D55/><U90/><E54/><V38/><F38/><W61/><G61/><T85/><D130/><U51/><E103/><V26/><F62/><W93/><G93/><T72/><D72/><U121/><E121/><V18/><F37/><W69/><G69/><T135/><D135/><U117/><E117/><V133/><F133/><W33/><G33/><T24/><D129/><U10/><E92/><V118/><F118/><W70/><G70/><T12/><D12/><N who="1" m="9575" /><E99/><V17/><F98/><W97/><G97/><T2/><D2/><AGARI ba="0,1" hai="0,1,2,9,13,16,76,77,78,80,83,108,109,111" machi="2" ten="50,8000,1" yaku="1,1,52,2,54,1,53,0" doraHai="79" doraHaiUra="57" who="3" fromWho="0" sc="526,-80,238,0,176,0,50,90" /><INIT seed="5,0,0,5,2,17" ten="446,238,176,140" oya="1" hai0="79,85,114,55,82,32,77,5,94,126,4,7,118" hai1="65,25,134,42,50,89,83,38,100,93,14,45,57" hai2="97,103,72,81,58,0,111,46,122,124,133,62,66" hai3="27,41,99,48,92,78,63,74,22,101,10,121,31"/><U3/><E3/><V8/><F122/><W70/><G121/><T116/><D32/><U113/><E113/><V37/><F111/><W112/><G112/><T43/><D114/><U132/><E100/><V131/><F131/><W107/><G74/><T130/><D130/><U125/><E83/><V56/><F124/><W26/><G78/><T68/><D68/><U30/><E14/><V23/><F133/><W1/><G92/><T33/><D33/><U12/><E12/><V13/><F0/><W106/><G106/><T53/><D126/><U129/><E129/><V52/><F37/><W24/><G41/><T128/><D128/><U64/><E125/><V109/><F109/><W73/><G48/><T19/><D43/><U80/><E80/><V75/><F46/><W60/><G73/><T95/><D7/><U39/><E39/><V120/><F120/><W61/><REACH who="3" step="1"/><G70/><REACH who="3" ten="446,238,176,130" step="2"/><T108/><D79/><U51/><E50/><V16/><F81/><W90/><G90/><T36/><D77/><U119/><E89/><V20/><F75/><W9/><G9/><T98/><D82/><U71/><E51/><N who="2" m="30751" /><F72/><W18/><G18/><T35/><D19/><U91/><E91/><V69/><F69/><W49/><G49/><T15/><D36/><U34/><E71/><V54/><F54/><W21/><G21/><T87/><D95/><AGARI ba="0,1" hai="8,13,16,20,23,58,62,66,95,97,103" m="30751" machi="95" ten="30,8000,1" yaku="8,1,52,2,54,2" doraHai="17" who="2" fromWho="0" sc="446,-80,238,0,176,90,130,0" /><INIT seed="6,0,0,3,3,62" ten="366,238,266,130" oya="2" hai0="79,89,93,115,128,114,5,87,101,125,17,117,58" hai1="81,52,135,10,100,44,36,68,49,97,122,72,1" hai2="106,119,80,88,84,70,98,86,25,4,24,94,31" hai3="91,2,95,110,71,34,67,19,131,54,28,69,33"/><V27/><F119/><W29/><G110/><T55/><D117/><U85/><E72/><V99/><F70/><W90/><G2/><T47/><D125/><U116/><E116/><V63/><F4/><W48/><G131/><T130/><D5/><U111/><E111/><V121/><F121/><W104/><G104/><T132/><D132/><U18/><E135/><V56/><F31/><W22/><G29/><T43/><D79/><U105/><E68/><V92/><F106/><W109/><G28/><T11/><D101/><U15/><E36/><V50/><F50/><W108/><G71/><T12/><D55/><U124/><E1/><V20/><F20/><W8/><G8/><T3/><D58/><U103/><E103/><V64/><F80/><W51/><G51/><N who="0" m="27135" /><D3/><U78/><REACH who="1" step="1"/><E124/><REACH who="1" ten="366,228,266,130" step="2"/><V21/><F21/><W107/><G109/><T53/><D130/><U118/><E118/><V41/><F41/><W13/><G108/><T75/><D75/><U40/><E40/><V60/><F60/><W0/><G0/><T39/><D39/><U32/><E32/><V102/><AGARI ba="0,1" hai="24,25,27,56,63,64,84,86,88,92,94,98,99,102" machi="102" ten="30,11700,0" yaku="0,1,8,1,52,1,54,1" doraHai="62" who="2" fromWho="2" sc="366,-39,228,-39,266,127,130,-39" /><INIT seed="6,1,0,0,3,84" ten="327,189,393,91" oya="2" hai0="87,83,77,74,72,135,36,102,50,85,49,43,133" hai1="109,51,11,15,7,89,47,68,104,134,118,53,27" hai2="20,5,46,75,59,23,105,67,2,103,86,119,70" hai3="30,131,35,93,8,122,10,96,132,18,120,108,16"/><V114/><F75/><W126/><G108/><T76/><D36/><U38/><E109/><V94/><F119/><W116/><G93/><T21/><D21/><U88/><E118/><V44/><F70/><W95/><G95/><T65/><D65/><U56/><E68/><V123/><F123/><W52/><G96/><T58/><D43/><U64/><E104/><V9/><F105/><W41/><G41/><T117/><D58/><U130/><E134/><N who="0" m="51209" /><D49/><U113/><E113/><V33/><F33/><W48/><G132/><T73/><D50/><U69/><E130/><V127/><F67/><W111/><G111/><T80/><D117/><U37/><E27/><V66/><F66/><W128/><G116/><T25/><D25/><U54/><E54/><V97/><F59/><W107/><G107/><T82/><D102/><U3/><E3/><V26/><F23/><W55/><G48/><T32/><D32/><U62/><E38/><V31/><F114/><W61/><G35/><T34/><D34/><U90/><E89/><AGARI ba="1,0" hai="72,73,74,76,77,80,82,83,85,87,89" m="51209" machi="89" ten="30,7700,0" yaku="20,1,34,2,52,1" doraHai="84" who="0" fromWho="1" sc="327,80,189,-80,393,0,91,0" /><INIT seed="7,0,0,1,1,42" ten="407,109,393,91" oya="3" hai0="108,93,55,76,37,33,11,8,101,135,35,102,23" hai1="28,111,131,105,0,52,74,61,63,87,24,27,14" hai2="84,129,65,31,79,107,95,82,58,114,81,6,7" hai3="80,4,125,17,15,44,88,25,66,83,29,91,72"/><W30/><G125/><T64/><D108/><U16/><E74/><V69/><F107/><W32/><G29/><T59/><D37/><U127/><E0/><V3/><F114/><W103/><G4/><T62/><D135/><U1/><E1/><V73/><F129/><W21/><G66/><T99/><D76/><U49/><E111/><V47/><F69/><W120/><G120/><T18/><D102/><U67/><E105/><V92/><F31/><W20/><G103/><T10/><REACH who="0" step="1"/><D64/><REACH who="0" ten="397,109,393,91" step="2"/><U128/><E67/><V109/><F109/><W39/><G32/><T26/><AGARI ba="0,1" hai="8,10,11,18,23,26,33,35,55,59,62,93,99,101" machi="26" ten="30,4000,0" yaku="1,1,2,1,0,1,53,0" doraHai="42" doraHaiUra="75" who="0" fromWho="0" sc="397,50,109,-10,393,-10,91,-20" owari="447,54.7,99,-30.1,383,18.3,71,-42.9" /></mjloggm>