<mjloggm ver="2.3"><GO type="169" lobby="0"/><UN n0="%E4%B8%80%E7%95%AA%E3%81%84%E3%81%A1%E3%81%B0%E3%82%93" n1="%E3%81%95%E3%82%93%E3%81%84%E3%81%A1%E3%82%8D%E3%81%8F%E3%81%94" n2="%E3%81%8B%E3%81%A5%E3%81%8D%EF%BC%B8%EF%BC%A9" n3="%63%68%69%73%73" dan="16,17,18,16" rate="2094.22,2081.64,2172.19,2164.80" sx="F,M,M,M"/><TAIKYOKU oya="0"/><INIT seed="0,0,0,5,2,90" ten="250,250,250,250" oya="0" hai0="96,80,79,108,119,50,122,7,131,89,112,135,107" hai1="94,114,118,92,45,15,38,9,133,46,134,35,77" hai2="128,61,19,62,85,17,47,66,60,78,59,106,73" hai3="127,4,111,58,43,57,101,86,10,1,31,93,117"/><T54/><D112/><U8/><E118/><V103/><F73/><W48/><G117/><T55/><D119/><U0/><E35/><V36/><F128/><W83/><G111/><T104/><D122/><U115/><E77/><V67/><F36/><W121/><G127/><T32/><D131/><U70/><E70/><V123/><F123/><W99/><G121/><T23/><D32/><U42/><E0/><V95/><F106/><W2/><G31/><T82/><D135/><N who="1" m="51723" /><E46/><V5/><F5/><W21/><G21/><T13/><D107/><U64/><E64/><N who="2" m="24619" /><F47/><W130/><G130/><T116/><D116/><U39/><E39/><V51/><F51/><W20/><G43/><T105/><D105/><U26/><E26/><V33/><F33/><W74/><G74/><T88/><D108/><U27/><E27/><V113/><F59/><W63/><G20/><T18/><D7/><N who="1" m="3487" /><E9/><V52/><F113/><AGARI ba="0,0" hai="38,42,45,92,94,113,114,115" m="3487,51723" machi="113" ten="30,7700,0" yaku="11,1,20,1,52,2" doraHai="90" who="1" fromWho="2" sc="250,0,250,77,250,-77,250,0" /><INIT seed="1,0,0,3,1,127" ten="250,327,173,250" oya="1" hai0="29,71,52,69,91,107,18,20,56,132,83,65,25" hai1="28,13,89,55,32,67,97,108,58,125,99,100,134" hai2="124,120,22,103,113,2,57,84,17,11,121,68,73" hai3="111,9,102,7,114,45,5,72,19,15,66,126,35"/><U42/><E125/><V1/><F68/><W41/><G114/><T82/><D132/><U98/><E108/><V23/><F73/><W86/><G72/><T40/><D107/><U123/><E123/><V44/><F44/><W63/><G111/><T118/><D118/><U88/><E42/><V43/><F43/><W106/><G35/><T10/><D40/><U110/><E110/><V78/><F103/><W129/><G126/><T105/><D105/><U94/><E67/><V31/><F113/><W92/><G106/><T112/><D112/><U122/><E122/><V51/><F124/><W27/><G27/><T4/><D29/><U38/><E38/><V70/><F70/><W85/><G102/><T30/><D30/><U53/><E53/><V79/><F31/><W48/><G92/><T39/><D65/><U95/><E13/><V36/><F36/><W81/><G86/><T116/><D116/><U12/><E12/><V33/><F84/><W80/><G81/><T96/><D39/><U60/><E134/><V90/><F33/><W135/><G135/><T46/><D46/><U24/><E100/><V21/><F2/><W64/><G64/><T47/><D47/><U76/><E76/><V128/><F1/><W16/><G7/><T54/><D54/><U74/><E74/><V133/><F79/><N who="3" m="46239" /><G129/><T0/><D71/><AGARI ba="0,0" hai="5,9,15,16,19,41,45,48,63,66,71" m="46239" machi="71" ten="30,2000,0" yaku="25,1,54,1" doraHai="127" who="3" fromWho="0" sc="250,-20,327,0,173,0,250,20" /><INIT seed="2,0,0,1,1,134" ten="230,327,173,270" oya="2" hai0="114,96,130,5,86,112,22,24,23,65,74,85,39" hai1="43,46,60,45,90,8,13,19,75,101,132,98,42" hai2="110,88,58,38,26,118,73,94,64,44,59,68,50" hai3="87,67,2,12,102,122,100,11,55,107,119,14,1"/><V117/><F73/><W47/><G119/><T0/><D39/><U93/><E75/><V40/><F26/><W92/><G122/><T126/><D74/><U113/><E113/><V84/><F110/><W4/><G107/><T29/><D130/><U79/><E132/><V20/><F20/><W25/><G67/><T76/><D65/><U78/><E60/><V129/><F129/><W61/><G25/><N who="0" m="16567" /><D96/><U125/><E101/><V135/><F135/><W49/><G61/><T33/><D76/><N who="1" m="29227" /><E125/><V115/><F115/><W10/><G102/><T17/><D85/><U72/><E72/><V53/><REACH who="2" step="1"/><F59/><REACH who="2" ten="230,327,163,270" step="2"/><W120/><G120/><T34/><D114/><U28/><E28/><V121/><F121/><W27/><G27/><T111/><D112/><U71/><E71/><V82/><F82/><W56/><G56/><T31/><D111/><U37/><E37/><V108/><F108/><W99/><REACH who="3" step="1"/><G87/><REACH who="3" ten="230,327,163,260" step="2"/><T104/><D86/><U83/><E83/><V35/><F35/><W109/><G109/><T7/><D34/><U80/><E80/><V106/><F106/><W57/><G57/><T18/><D104/><U123/><E123/><V66/><F66/><W103/><G103/><T128/><D33/><U48/><E98/><V131/><F131/><W41/><G41/><T21/><D128/><U30/><E43/><V133/><F133/><W52/><G52/><T77/><D24/><U32/><E42/><V116/><F116/><W89/><G89/><T51/><D77/><U91/><E90/><V105/><F105/><W3/><G3/><T54/><D0/><U81/><E91/><RYUUKYOKU ba="0,2" sc="230,-15,327,-15,163,15,260,15" hai2="38,40,44,50,53,58,64,68,84,88,94,117,118" hai3="1,2,4,10,11,12,14,47,49,55,92,99,100" /><INIT seed="2,1,2,1,3,43" ten="215,312,178,275" oya="2" hai0="85,108,18,11,37,72,98,122,134,84,104,38,112" hai1="101,70,34,67,91,92,60,75,132,64,33,44,88" hai2="99,82,71,25,36,79,52,68,63,35,118,110,126" hai3="12,1,8,90,59,15,48,77,23,131,49,123,61"/><V9/><F118/><W47/><G123/><T19/><D122/><U119/><E119/><V97/><F36/><W41/><G131/><T2/><D72/><U93/><E75/><V124/><F9/><W54/><G77/><T83/><D112/><U128/><E128/><V121/><F121/><W69/><G1/><T65/><D134/><U26/><E132/><V87/><F25/><W53/><G69/><N who="2" m="26697" /><F35/><W111/><G111/><T125/><D65/><U45/><E101/><V57/><F110/><W81/><G23/><T109/><D11/><U120/><E120/><V66/><F66/><W130/><G130/><T13/><D13/><U127/><E70/><V6/><F6/><W58/><REACH who="3" step="1"/><G8/><REACH who="3" ten="215,312,178,265" step="2"/><T17/><D2/><U50/><E34/><V22/><F22/><W27/><G27/><T89/><D109/><U39/><E33/><V3/><F3/><W24/><G24/><T4/><D108/><U51/><E26/><V76/><F76/><W95/><G95/><T94/><D94/><U115/><E92/><V40/><F40/><W86/><AGARI ba="1,3" hai="12,15,41,47,48,49,53,54,58,59,61,81,86,90" machi="86" ten="30,7900,0" yaku="1,1,0,1,8,1,52,1,53,0" doraHai="43" doraHaiUra="28" who="3" fromWho="3" sc="215,-21,312,-21,178,-40,265,112" /><INIT seed="3,0,0,1,0,57" ten="194,291,138,377" oya="3" hai0="12,23,30,117,90,70,25,76,17,20,129,75,80" hai1="36,64,49,121,83,3,42,100,135,119,31,29,40" hai2="41,96,127,11,122,89,44,15,22,66,95,21,14" hai3="123,47,125,130,91,77,45,59,118,73,8,74,34"/><W4/><G118/><T126/><D129/><U46/><E121/><V115/><F115/><W102/><G123/><T69/><D126/><U101/><E135/><V10/><F127/><W112/><G112/><T48/><D117/><U103/><E3/><V32/><F32/><W43/><G34/><T81/><D48/><U61/><E119/><V94/><F66/><W93/><G102/><T134/><D134/><U124/><E124/><V110/><F110/><W68/><G68/><T104/><D104/><U60/><E83/><V52/><F95/><W53/><G125/><T78/><REACH who="0" step="1"/><D90/><REACH who="0" ten="184,291,138,377" step="2"/><U132/><E132/><V35/><F122/><W107/><G107/><T7/><D7/><U13/><E36/><V27/><F35/><W56/><G130/><T63/><D63/><N who="1" m="24139" /><E64/><V5/><F41/><N who="1" m="15977" /><E13/><V82/><F27/><W50/><G43/><AGARI ba="0,1" hai="29,31,43,46,49,100,101,103" m="15977,24139" machi="43" ten="30,7700,0" yaku="8,1,52,3" doraHai="57" who="1" fromWho="3" sc="184,0,291,87,138,0,377,-77" /><INIT seed="4,0,0,4,2,74" ten="184,378,138,300" oya="0" hai0="40,109,44,70,42,60,57,113,129,103,97,31,82" hai1="89,80,134,81,83,45,62,85,68,84,37,99,105" hai2="122,78,11,18,3,118,112,56,53,7,121,92,131" hai3="76,108,88,94,124,47,32,55,12,61,25,102,8"/><T120/><D113/><U16/><E134/><V69/><F69/><W91/><G108/><T71/><D120/><U125/><E125/><V48/><F112/><W58/><G124/><T110/><D129/><U119/><E119/><V90/><F131/><W79/><G32/><T127/><D31/><U116/><E116/><V54/><F118/><W36/><G25/><T17/><D127/><U0/><E0/><V24/><F53/><W104/><G104/><T128/><D128/><U130/><E105/><V5/><F5/><W77/><G47/><T27/><D42/><U46/><E37/><V93/><F93/><W51/><G36/><T126/><D126/><U52/><E16/><V67/><F67/><W115/><G115/><T33/><D82/><U95/><E130/><V10/><F24/><W2/><G2/><T15/><D27/><U133/><E133/><V35/><F35/><W117/><G61/><T26/><D26/><U100/><E100/><V87/><F11/><W86/><G117/><T75/><D75/><U59/><E68/><V49/><F49/><W106/><G106/><N who="0" m="63855" /><D33/><U38/><E38/><V66/><F66/><W114/><G114/><T20/><D71/><U63/><E62/><V22/><F18/><N who="3" m="8455" /><G86/><AGARI ba="0,0" hai="45,46,52,59,63,80,81,83,84,85,86,89,95,99" machi="86" ten="40,2600,0" yaku="8,1,54,1" doraHai="74" who="1" fromWho="3" sc="184,0,378,26,138,0,300,-26" /><INIT seed="5,0,0,0,5,135" ten="184,404,138,274" oya="1" hai0="80,7,70,112,121,99,130,87,44,73,110,72,22" hai1="2,14,66,116,17,117,101,100,123,65,3,33,6" hai2="12,92,120,77,75,61,52,57,15,24,62,31,132" hai3="107,39,32,103,133,104,64,95,38,78,131,83,68"/><U109/><E123/><V79/><F120/><W111/><G95/><T11/><D70/><U84/><E33/><V13/><F132/><W34/><G133/><T28/><D110/><U51/><E109/><V69/><F75/><N who="3" m="43487" /><G111/><T125/><D125/><U76/><E51/><V30/><F92/><W127/><G131/><T105/><D130/><U19/><E14/><V56/><F69/><W41/><G41/><T82/><D82/><U55/><E84/><V36/><F36/><W71/><G71/><T119/><D119/><U4/><E76/><V26/><REACH who="2" step="1"/><F15/><REACH who="2" ten="184,404,128,274" step="2"/><W1/><G39/><T45/><D121/><U85/><E116/><V93/><F93/><W88/><G38/><T134/><D134/><U54/><E117/><V23/><F23/><W114/><G68/><T43/><D73/><U98/><E2/><V59/><F59/><W58/><G58/><T97/><D72/><U5/><E3/><V63/><F63/><W113/><G1/><T102/><D44/><U128/><E128/><V16/><F16/><W42/><G34/><T90/><D22/><U89/><E17/><V25/><F25/><W35/><G32/><T94/><D45/><U96/><E19/><V8/><F8/><W91/><G35/><T81/><D11/><U86/><E6/><V74/><F74/><W10/><G10/><T124/><D7/><U27/><E27/><V115/><F115/><W37/><G113/><T46/><D112/><U48/><E4/><V129/><F129/><W122/><G37/><N who="0" m="21871" /><D80/><U60/><E5/><V20/><F20/><W118/><G114/><T9/><D81/><RYUUKYOKU ba="0,1" sc="184,-10,404,-10,128,30,274,-10" hai2="12,13,24,26,30,31,52,56,57,61,62,77,79" /><INIT seed="6,1,1,2,3,128" ten="174,394,158,264" oya="2" hai0="103,22,125,123,72,3,117,29,19,68,32,31,16" hai1="15,96,111,99,7,34,26,120,71,43,41,88,42" hai2="112,84,28,18,35,87,61,10,60,0,134,80,93" hai3="130,21,106,79,12,70,56,90,4,74,132,108,45"/><V91/><F112/><W33/><G33/><T75/><D123/><U49/><E71/><V131/><F131/><W127/><G70/><T17/><D68/><U73/><E73/><V92/><F134/><W104/><G130/><T110/><D75/><U9/><E111/><V114/><F114/><W46/><G127/><T6/><D72/><U13/><E15/><N who="2" m="7543" /><F35/><W86/><G108/><T54/><D32/><U98/><E120/><V85/><F0/><W39/><G132/><T133/><D103/><U65/><E65/><V113/><F113/><W115/><G115/><T62/><D133/><U25/><E34/><V77/><F28/><W67/><G39/><T119/><D110/><U94/><E49/><V100/><F87/><AGARI ba="1,1" hai="7,9,13,25,26,41,42,43,87,88,94,96,98,99" machi="87" ten="40,2600,0" yaku="8,1,54,1" doraHai="128" who="1" fromWho="2" sc="174,0,394,39,158,-29,264,0" /><INIT seed="7,0,0,1,3,95" ten="174,433,129,264" oya="3" hai0="72,98,92,44,107,2,134,7,34,120,75,129,123" hai1="36,13,121,89,1,77,60,51,84,46,10,113,29" hai2="11,69,125,58,83,128,109,67,30,119,61,25,39" hai3="103,53,49,26,24,135,50,57,102,86,111,35,20"/><W43/><G111/><T22/><D34/><U40/><E113/><V16/><F109/><W5/><G135/><T101/><D134/><U85/><E1/><V82/><F39/><W62/><G5/><T90/><D129/><U68/><E29/><V54/><F128/><W38/><G38/><T23/><D23/><U65/><E77/><V93/><F125/><W0/><G0/><T59/><D44/><U47/><E89/><V78/><F119/><W9/><G9/><T28/><D7/><U127/><E121/><V4/><F4/><W122/><G122/><T133/><D2/><U27/><E27/><V56/><F69/><W126/><G26/><T31/><D133/><U41/><E127/><V18/><F11/><W71/><G35/><T117/><D72/><U63/><E60/><V99/><F30/><W110/><G110/><T132/><D132/><U131/><E131/><V52/><F67/><W94/><G71/><T130/><D117/><U87/><E84/><N who="2" m="48215" /><F83/><W32/><G32/><T105/><D130/><U114/><E114/><V64/><F25/><W14/><G126/><T74/><D31/><U37/><E37/><V8/><F8/><W3/><G3/><T48/><D123/><U76/><E76/><V112/><F112/><W118/><G118/><T104/><D120/><U81/><E81/><V42/><F42/><W106/><G24/><N who="0" m="16407" /><D74/><U80/><E80/><V115/><F115/><W96/><G43/><T6/><D75/><U124/><E124/><V45/><F45/><W12/><G106/><T91/><D6/><AGARI ba="0,0" hai="6,10,13,36,40,41,46,47,51,63,65,68,85,87" machi="6" ten="30,1000,0" yaku="7,1" doraHai="95" who="1" fromWho="0" sc="174,-10,433,10,129,0,264,0" owari="164,-23.6,443,54.3,129,-37.1,264,6.4" /></mjloggm>