<mjloggm ver="2.3"><GO type="169" lobby="0"/><UN n0="%E3%83%8F%E5%B4%8E%E7%9C%9F%E6%82%9F" n1="%54%53%4D%2D%30%37" n2="%E3%82%BF%E3%83%9E%E3%83%8D%E3%82%AE" n3="%E9%95%B7%E5%B2%A1" dan="17,16,17,16" rate="2231.81,2032.43,2174.63,2085.76" sx="M,M,M,M"/><TAIKYOKU oya="0"/><INIT seed="0,0,0,3,5,80" ten="250,250,250,250" oya="0" hai0="6,131,120,89,119,24,99,4,2,13,22,9,10" hai1="57,107,37,91,90,128,98,39,7,74,26,82,17" hai2="54,84,51,49,46,109,29,62,11,45,88,134,30" hai3="31,61,36,102,86,97,123,14,60,111,121,83,66"/><T33/><D119/><U103/><E128/><V40/><F109/><W94/><G36/><T122/><D99/><U43/><E7/><V42/><F134/><W63/><G111/><T0/><D89/><U106/><E106/><V95/><F11/><W115/><G115/><T126/><D126/><U44/><E39/><V96/><F96/><W76/><G14/><T133/><D133/><U125/><E125/><V3/><F3/><W112/><G112/><T124/><D124/><U35/><E35/><V101/><F101/><W70/><REACH who="3" step="1"/><G31/><REACH who="3" ten="250,250,250,240" step="2"/><N who="0" m="19687" /><D131/><U77/><E37/><V114/><F114/><W48/><G48/><T56/><D56/><AGARI ba="0,1" hai="29,30,40,42,45,46,49,51,54,56,62,84,88,95" machi="56" ten="40,8000,1" yaku="9,1,8,1,52,1,54,1" doraHai="80" who="2" fromWho="0" sc="250,-80,250,0,250,90,240,0" /><INIT seed="1,0,0,1,1,16" ten="170,250,340,240" oya="1" hai0="132,126,19,20,79,0,6,17,73,66,127,45,50" hai1="8,54,61,22,83,112,109,119,65,11,114,37,43" hai2="59,23,41,93,130,118,53,13,67,44,77,26,124" hai3="15,117,86,94,51,40,12,75,29,99,100,64,101"/><U128/><E119/><V110/><F118/><W68/><G75/><T87/><D73/><U105/><E105/><V106/><F106/><W113/><G117/><T82/><D132/><U30/><E128/><V102/><F130/><W32/><G113/><T125/><D66/><U97/><E54/><V27/><F67/><W89/><G40/><T36/><D36/><U28/><E97/><N who="2" m="59695" /><F110/><W95/><G51/><T85/><D85/><U46/><E109/><V90/><F77/><W76/><G101/><T135/><D135/><U70/><E83/><V116/><F124/><W91/><G76/><T108/><D108/><U38/><E38/><V24/><F90/><W122/><G122/><T39/><D39/><U134/><E134/><V2/><F2/><W33/><G89/><T72/><D72/><U48/><E37/><V133/><F116/><W52/><G52/><T10/><REACH who="0" step="1"/><D20/><REACH who="0" ten="160,250,340,240" step="2"/><U42/><E112/><V9/><F23/><W92/><G33/><T49/><D49/><U4/><E114/><V3/><F133/><W57/><G86/><T120/><D120/><U98/><E22/><V123/><F123/><W71/><G32/><T60/><D60/><U5/><E61/><N who="2" m="36079" /><F3/><W121/><G121/><T21/><D21/><U56/><E65/><V55/><F9/><W35/><G35/><T78/><D78/><U14/><E8/><V88/><F26/><W103/><G91/><T104/><D104/><U34/><E34/><V81/><F27/><W131/><G131/><T31/><D31/><U25/><E28/><V74/><F24/><W129/><G129/><T107/><D107/><RYUUKYOKU ba="0,1" sc="160,30,250,-10,340,-10,240,-10" hai0="0,6,10,17,19,45,50,79,82,87,125,126,127" /><INIT seed="2,1,1,5,5,114" ten="190,240,330,230" oya="2" hai0="50,42,29,99,108,24,128,82,98,49,65,96,130" hai1="116,122,0,110,32,83,66,92,33,47,86,23,135" hai2="36,124,28,111,79,21,89,131,10,76,70,125,30" hai3="26,57,103,95,5,75,71,97,39,101,129,25,93"/><V61/><F36/><W105/><G71/><T121/><D121/><U134/><E0/><V45/><F131/><N who="0" m="50218" /><D42/><U64/><E122/><V31/><F111/><W113/><G129/><T22/><D108/><U102/><E110/><V38/><F21/><W52/><G75/><T120/><D120/><U117/><E23/><V112/><F112/><W53/><G39/><T123/><D123/><U12/><E12/><V1/><F89/><W13/><G113/><T73/><D65/><N who="1" m="25195" /><E47/><V6/><F61/><W43/><G105/><T20/><D20/><U27/><E92/><V48/><F38/><W115/><G115/><T63/><D63/><U16/><E102/><V106/><F106/><W87/><G43/><T132/><D132/><N who="1" m="50731" /><E16/><V8/><F8/><N who="3" m="4239" /><G53/><T9/><D9/><U88/><E32/><V60/><F70/><W15/><G15/><T11/><D11/><U85/><E85/><V68/><F68/><W81/><G81/><T133/><D133/><U18/><E18/><V84/><F84/><W91/><G103/><T2/><D2/><U94/><E83/><V59/><F10/><W56/><G52/><T44/><D44/><U34/><E34/><V19/><F1/><W109/><G109/><T14/><D14/><U55/><E55/><N who="2" m="33919" /><F6/><W3/><G3/><T37/><D37/><U54/><E54/><N who="2" m="29967" /><F19/><W127/><G101/><T4/><D4/><U7/><E7/><V80/><F80/><W77/><G57/><T17/><D17/><U104/><E104/><V74/><F74/><W58/><G58/><T107/><D107/><U35/><E35/><V90/><F90/><RYUUKYOKU ba="1,1" sc="190,10,240,10,330,10,230,-30" hai0="22,24,29,49,50,73,82,96,98,99" hai1="27,33,86,88,94,116,117" hai2="28,30,31,76,79,124,125" /><INIT seed="2,2,1,1,5,28" ten="200,250,340,200" oya="2" hai0="27,84,131,114,82,1,23,104,119,111,39,78,12" hai1="91,13,98,35,87,68,108,62,77,95,19,0,26" hai2="107,103,122,66,10,125,79,11,97,74,29,65,36" hai3="88,41,86,4,81,67,2,37,45,52,124,15,38"/><V60/><F122/><W47/><G124/><T16/><D114/><U61/><E108/><V134/><F125/><W127/><G127/><T40/><D1/><U8/><E68/><V22/><F36/><W25/><G67/><T14/><D111/><U54/><E54/><V117/><F117/><W32/><G2/><T42/><D104/><U92/><E0/><V75/><F66/><W130/><G130/><T57/><D131/><U33/><E77/><V48/><F48/><W21/><G32/><T123/><D123/><U118/><E118/><V132/><F22/><W93/><G81/><T5/><D119/><U73/><E73/><N who="2" m="27659" /><F29/><W53/><G4/><T116/><D116/><U24/><E24/><V72/><F79/><W112/><G15/><N who="0" m="5675" /><D39/><U59/><E26/><V89/><F89/><W76/><G76/><T85/><D5/><U99/><E61/><V135/><N who="2" m="27667" /><V31/><DORA hai="64" /><F31/><W100/><G112/><T34/><D34/><U50/><E50/><V129/><F129/><W80/><G38/><T101/><D101/><U49/><E49/><V133/><N who="2" m="33792" /><DORA hai="20" /><V51/><F51/><W113/><G113/><T121/><D121/><U71/><E71/><AGARI ba="2,1" hai="10,11,60,65,71,97,103,107" m="33792,27667" machi="71" ten="70,6800,0" yaku="20,1,52,1" doraHai="28,64,20" who="2" fromWho="1" sc="200,0,250,-74,340,84,200,0" /><INIT seed="2,3,0,3,3,96" ten="200,176,424,200" oya="2" hai0="106,37,21,58,7,100,123,46,55,75,23,74,129" hai1="94,27,8,119,43,2,48,40,124,126,39,10,77" hai2="60,41,13,103,117,116,18,52,9,132,6,81,44" hai3="35,114,45,125,86,110,102,63,105,82,99,61,68"/><V42/><F132/><W26/><G110/><T127/><D123/><U0/><E119/><V92/><F116/><W115/><G125/><N who="1" m="48234" /><E77/><V113/><F113/><W11/><G45/><T49/><D127/><U31/><E39/><V64/><F117/><W93/><G11/><N who="1" m="4138" /><E94/><V91/><F6/><W108/><G108/><T118/><D7/><U134/><E134/><V17/><F17/><W36/><G36/><T29/><D118/><U98/><E98/><N who="2" m="59847" /><F64/><N who="3" m="40975" /><G63/><T131/><D75/><U24/><E24/><V4/><F4/><W76/><G93/><T130/><D29/><AGARI ba="3,0" hai="26,29,35,76,82,86,99,102,105,114,115" m="40975" machi="29" ten="30,2000,0" yaku="25,1,52,1" doraHai="96" who="3" fromWho="0" sc="200,-29,176,0,424,0,200,29" /><INIT seed="3,0,0,4,3,45" ten="171,176,424,229" oya="3" hai0="57,92,44,50,123,66,58,112,65,52,95,103,126" hai1="105,82,78,26,91,16,55,132,28,111,108,73,130" hai2="69,135,74,63,106,68,56,54,127,2,48,67,125" hai3="34,41,121,5,114,33,30,122,70,43,64,76,10"/><W107/><G114/><T3/><D3/><U102/><E130/><V88/><F2/><W25/><G76/><T0/><D0/><U93/><E132/><V14/><F74/><W7/><G107/><T72/><D72/><U109/><E55/><V1/><F1/><W59/><G70/><N who="2" m="27241" /><F106/><W85/><G85/><T117/><D123/><U20/><E105/><V71/><F88/><W4/><G10/><T51/><D117/><U37/><E102/><V79/><F14/><W35/><G64/><N who="0" m="24683" /><D126/><N who="2" m="48138" /><F79/><W77/><G77/><T6/><D112/><U86/><REACH who="1" step="1"/><E37/><REACH who="1" ten="171,166,424,229" step="2"/><V101/><F101/><W62/><G121/><T75/><D103/><U110/><N who="1" m="27648" /><DORA hai="120" /><U129/><E129/><V61/><F135/><W80/><G122/><T39/><D39/><U17/><AGARI ba="0,1" hai="16,17,20,26,28,73,78,82,86,91,93" m="27648" machi="17" ten="60,16000,3" yaku="1,1,0,1,14,1,52,4,54,1,53,0" doraHai="45,120" doraHaiUra="113,96" who="1" fromWho="1" sc="171,-40,166,170,424,-40,229,-80" /><INIT seed="4,0,0,1,2,10" ten="131,336,384,149" oya="0" hai0="64,55,126,16,40,107,78,37,61,30,41,33,7" hai1="25,109,42,38,19,1,31,116,120,49,18,129,34" hai2="104,63,5,105,45,8,60,2,103,89,9,70,101" hai3="99,13,66,124,96,77,133,12,72,3,82,51,84"/><T79/><D126/><U50/><E109/><V113/><F113/><W71/><G3/><T92/><D107/><U15/><E116/><V93/><F104/><W119/><G119/><T91/><D7/><U81/><E120/><V90/><F90/><W97/><G124/><T95/><D95/><U110/><E110/><V32/><F32/><W73/><G133/><T67/><D30/><U68/><E68/><V28/><F28/><W108/><G108/><T115/><D33/><U111/><E111/><V24/><F24/><W69/><G51/><T4/><D4/><U122/><E129/><V135/><F9/><W85/><G85/><T127/><D115/><U75/><E1/><V53/><F105/><W117/><G117/><T26/><D55/><U47/><E19/><V56/><F45/><W48/><G48/><T14/><D26/><U100/><E100/><V131/><F135/><W134/><G134/><T22/><D127/><U132/><E122/><V52/><F131/><W87/><G87/><N who="0" m="52351" /><D37/><U121/><E121/><V20/><F70/><W118/><G71/><T57/><D67/><U94/><E94/><V123/><F123/><W21/><G118/><T11/><D11/><N who="1" m="6527" /><E132/><V128/><F128/><W88/><G72/><T17/><D17/><U98/><E98/><N who="2" m="57647" /><F20/><W74/><G21/><T59/><D59/><U106/><E106/><V130/><F130/><W46/><G73/><T102/><D102/><U65/><E65/><V76/><F101/><W83/><REACH who="3" step="1"/><G46/><REACH who="3" ten="131,336,384,139" step="2"/><T44/><D44/><U86/><E75/><V27/><F2/><W125/><G125/><T6/><D6/><RYUUKYOKU ba="0,1" sc="131,10,336,10,384,-30,139,10" hai0="14,16,22,40,41,57,61,64,78,79" hai1="25,31,34,38,42,47,49,50,81,86" hai3="12,13,66,69,74,77,82,83,84,88,96,97,99" /><INIT seed="4,1,1,0,2,73" ten="141,346,354,149" oya="0" hai0="22,101,79,59,5,60,92,127,19,45,48,104,77" hai1="72,28,117,80,123,98,62,95,21,23,83,58,121" hai2="35,131,70,119,0,13,86,10,53,103,133,41,50" hai3="14,64,52,24,69,15,126,76,27,129,91,99,38"/><T106/><D127/><U120/><E117/><V4/><F119/><W90/><G38/><T26/><D5/><U71/><E71/><V87/><F70/><W110/><G126/><T49/><D104/><U12/><E12/><V20/><F131/><W97/><G69/><T39/><D106/><U109/><E109/><V51/><F103/><W85/><G85/><T16/><D39/><U128/><E128/><V112/><F112/><W135/><G129/><T32/><D32/><U40/><E40/><V82/><F35/><W37/><G135/><T30/><D101/><U115/><E115/><V9/><F20/><W68/><G68/><T33/><D92/><U130/><E130/><V124/><F133/><W43/><G37/><T44/><D48/><U74/><E74/><V66/><F66/><W102/><G102/><T6/><D6/><U116/><E116/><V57/><F124/><W25/><G43/><N who="0" m="24735" /><D45/><U47/><E47/><V34/><F34/><W7/><G7/><T2/><D33/><U54/><E28/><V108/><F108/><W113/><G113/><T81/><D81/><U65/><E54/><V122/><F82/><W63/><G52/><N who="0" m="33895" /><D2/><U132/><E132/><V125/><F125/><W84/><G110/><T1/><D1/><U89/><E72/><V61/><F122/><W29/><G63/><T94/><D94/><U56/><E56/><V75/><F75/><W88/><G64/><T67/><D67/><U134/><E134/><V31/><F61/><W105/><G105/><T78/><AGARI ba="1,1" hai="16,19,22,26,30,77,78,79" m="33895,24735" machi="78" ten="30,18000,2" yaku="8,1,52,3,54,2" doraHai="73" who="0" fromWho="0" sc="141,193,346,-61,354,-61,149,-61" /><INIT seed="4,2,0,2,5,0" ten="334,285,293,88" oya="0" hai0="59,36,129,118,73,49,18,78,25,116,53,120,88" hai1="72,54,125,32,114,66,34,24,135,4,42,76,48" hai2="22,96,58,37,128,71,86,17,101,111,83,52,16" hai3="84,67,105,121,124,28,2,60,43,85,74,31,133"/><T6/><D120/><U110/><E110/><V40/><F111/><W92/><G105/><T55/><D36/><U77/><E66/><V30/><F71/><W50/><G74/><T93/><D129/><U94/><E135/><V107/><F128/><W45/><G133/><T117/><D73/><U14/><E42/><V80/><F80/><W75/><G75/><T98/><D78/><U65/><E65/><V68/><F68/><W70/><G124/><T126/><D126/><U13/><E72/><V79/><F30/><W44/><G121/><T89/><D89/><U23/><E114/><V109/><F109/><W91/><G2/><T21/><D117/><U47/><E94/><V57/><F57/><W134/><G134/><T97/><D97/><U3/><E3/><V112/><F112/><W103/><G103/><T106/><D106/><U19/><E125/><V62/><REACH who="2" step="1"/><F22/><REACH who="2" ten="334,285,283,88" step="2"/><W127/><G127/><T26/><D118/><U119/><E119/><V131/><F131/><W8/><G45/><AGARI ba="2,1" hai="16,17,37,40,45,52,58,62,79,83,86,96,101,107" machi="45" ten="40,5200,0" yaku="1,1,54,2,53,0" doraHai="0" doraHaiUra="11" who="2" fromWho="3" sc="334,0,285,0,283,68,88,-58" /><INIT seed="5,0,0,2,3,130" ten="334,285,351,30" oya="1" hai0="80,73,95,9,82,34,46,106,100,133,52,83,128" hai1="36,118,38,116,77,60,111,57,4,21,126,25,48" hai2="114,70,12,58,7,26,75,6,30,55,71,62,101" hai3="109,96,33,91,131,37,16,97,29,65,59,69,135"/><U134/><E111/><V51/><F75/><W31/><G109/><T17/><D34/><U68/><E68/><V89/><F114/><W121/><G121/><T44/><D106/><U42/><E126/><V23/><F101/><W49/><G37/><T63/><D133/><U86/><E4/><V43/><F70/><W35/><G131/><T13/><D73/><U127/><E127/><V14/><F71/><W40/><G69/><T50/><D128/><U81/><E134/><V39/><F39/><W2/><G2/><T10/><D63/><U66/><E48/><V22/><F89/><W115/><G115/><T113/><D113/><U117/><REACH who="1" step="1"/><E42/><REACH who="1" ten="334,275,351,30" step="2"/><V102/><F43/><W3/><G135/><T132/><D132/><U124/><E124/><V74/><F51/><W20/><G40/><T112/><D112/><U27/><E27/><V85/><F26/><W5/><G49/><T99/><REACH who="0" step="1"/><D46/><REACH who="0" ten="324,275,351,30" step="2"/><U123/><E123/><V41/><F58/><W11/><G59/><T93/><D93/><U92/><E92/><V84/><F41/><W64/><G35/><T54/><D54/><U19/><AGARI ba="0,2" hai="19,21,25,36,38,57,60,66,77,81,86,116,117,118" machi="19" ten="30,3000,0" yaku="1,1,0,1,53,0" doraHai="130" doraHaiUra="87" who="1" fromWho="1" sc="324,-10,275,50,351,-10,30,-10" /><INIT seed="5,1,0,4,5,73" ten="314,325,341,20" oya="1" hai0="19,24,117,98,28,133,20,51,87,50,25,15,63" hai1="46,89,124,125,115,126,118,48,114,106,99,134,49" hai2="34,18,61,5,4,45,135,70,13,7,36,69,82" hai3="128,116,107,127,119,0,121,130,21,120,64,32,14"/><U1/><E1/><V23/><F34/><W88/><G107/><T97/><D133/><U84/><E118/><N who="3" m="45098" /><G64/><T112/><D112/><N who="1" m="43051" /><E134/><V101/><F135/><W35/><G0/><T33/><D117/><U37/><E37/><V26/><F101/><W104/><G104/><T39/><D39/><U62/><E62/><V44/><F69/><W75/><G75/><T12/><D63/><U110/><E110/><V31/><F36/><W72/><G72/><T108/><D108/><U129/><E129/><N who="3" m="49770" /><G88/><T92/><D87/><U85/><E106/><V55/><F70/><W38/><G127/><T56/><D97/><U109/><E109/><V8/><F82/><W111/><G111/><T41/><D98/><U74/><E74/><V54/><F61/><W30/><G38/><T65/><D65/><U9/><E9/><V52/><AGARI ba="1,0" hai="4,5,7,8,13,18,23,26,31,44,45,52,54,55" machi="52" ten="30,4000,0" yaku="0,1,8,1,54,1" doraHai="73" who="2" fromWho="2" sc="314,-11,325,-21,341,43,20,-11" /><INIT seed="6,0,0,1,3,21" ten="303,304,384,9" oya="2" hai0="85,48,31,77,96,52,122,50,95,109,82,42,68" hai1="40,79,134,61,112,123,29,94,28,59,107,2,33" hai2="78,131,117,113,86,84,62,56,135,105,4,46,36" hai3="65,58,14,0,74,104,35,39,30,51,38,60,89"/><V47/><F117/><W119/><G0/><T12/><D109/><U100/><E112/><V45/><F36/><W66/><G74/><T43/><D68/><U11/><E134/><V25/><F113/><W24/><G119/><T44/><D122/><U10/><E123/><V81/><F131/><W83/><G104/><T34/><D12/><U9/><E107/><V103/><F135/><W121/><G121/><T115/><D115/><U88/><E33/><V91/><F4/><W133/><G133/><T92/><D95/><U22/><E40/><V37/><F37/><W76/><G89/><T18/><D18/><U1/><E79/><V69/><F69/><W126/><G126/><T106/><D106/><U130/><E100/><V32/><F103/><W73/><G65/><T93/><D93/><U80/><E80/><V129/><F105/><W75/><G75/><T23/><D34/><U118/><E118/><V53/><F129/><W20/><G51/><T55/><D23/><U70/><E70/><V5/><F5/><W7/><G7/><T98/><D31/><N who="1" m="11851" /><E22/><V64/><F32/><W19/><AGARI ba="0,0" hai="14,19,20,24,30,35,38,39,58,60,66,73,76,83" machi="19" ten="30,2000,0" yaku="0,1,52,1" doraHai="21" who="3" fromWho="3" sc="303,-5,304,-5,384,-10,9,20" /><INIT seed="7,0,0,1,5,7" ten="298,299,374,29" oya="3" hai0="133,21,68,19,56,93,0,85,97,25,50,61,87" hai1="52,18,92,49,10,23,72,100,58,79,32,53,120" hai2="69,76,57,88,94,123,64,82,44,118,80,51,15" hai3="96,35,38,65,12,48,66,24,104,101,60,41,98"/><W90/><G38/><T62/><D133/><U113/><E120/><V1/><F1/><W122/><G122/><T8/><D50/><U106/><E106/><V11/><F69/><W63/><G12/><T33/><D33/><U95/><E32/><V6/><F118/><W84/><G96/><T36/><D36/><U43/><E113/><V16/><F123/><W30/><G41/><T73/><D73/><U109/><E109/><V20/><F76/><W105/><G105/><T119/><D119/><U83/><E100/><V108/><F57/><W111/><G48/><T86/><D68/><U132/><E132/><V129/><F64/><W26/><G26/><T3/><D61/><U81/><E43/><N who="2" m="24991" /><F129/><W31/><G31/><T126/><D126/><U124/><E124/><V46/><F46/><W121/><G111/><T131/><D131/><U54/><E81/><V130/><F130/><W27/><G27/><T107/><D107/><U102/><E102/><V47/><F47/><W13/><G13/><N who="0" m="7591" /><D3/><U22/><E58/><V77/><F108/><W112/><G112/><T55/><D0/><U5/><E49/><V89/><F77/><W128/><G128/><T37/><D37/><U59/><E59/><V71/><F71/><W70/><G121/><T34/><D34/><U67/><E67/><N who="3" m="25610" /><G70/><T103/><D86/><U42/><E42/><V74/><F74/><W110/><G110/><T115/><D115/><U78/><E78/><V28/><F28/><AGARI ba="0,0" hai="21,25,28,55,56,62,85,87,93,97,103" m="7591" machi="28" ten="30,2000,0" yaku="8,1,52,1" doraHai="7" who="0" fromWho="2" sc="298,20,299,0,374,-20,29,0" owari="318,11.8,299,-10.1,354,45.4,29,-47.1" /></mjloggm>