<mjloggm ver="2.3"><GO type="169" lobby="0"/><UN n0="%E6%B2%B3%E7%AB%A5%E3%81%AE%E3%83%AF%E3%82%AB%E3%83%9E%E3%83%84" n1="%73%79%6C%76%65%6F%6E" n2="%E8%82%89%E5%9B%A3%E5%AD%90%E5%85%88%E7%94%9F" n3="%E3%81%97%E3%81%BE%E3%81%A0%E3%81%BE%32" dan="19,16,16,16" rate="2319.60,2130.75,2048.24,2125.62" sx="M,M,M,M"/><TAIKYOKU oya="0"/><INIT seed="0,0,0,1,3,3" ten="250,250,250,250" oya="0" hai0="68,114,135,104,97,110,119,18,22,34,27,102,96" hai1="5,90,82,52,45,101,37,44,39,29,91,63,67" hai2="120,76,61,19,15,6,36,46,33,24,133,42,49" hai3="126,92,58,50,35,56,77,60,51,25,112,48,8"/><T81/><D114/><U121/><E121/><V129/><F120/><W108/><G77/><T103/><D119/><U83/><E29/><V69/><F133/><W12/><G126/><T14/><D135/><U20/><E101/><V30/><F129/><W71/><G35/><T85/><D68/><U107/><E107/><V70/><F76/><W28/><G108/><T31/><D110/><U134/><E134/><V43/><F43/><W127/><G127/><T116/><D116/><U100/><E100/><V130/><F130/><W131/><G112/><T109/><D109/><U21/><E63/><V89/><F36/><W118/><G92/><T59/><D59/><U80/><E80/><V55/><F89/><W53/><G71/><T57/><D57/><U11/><E11/><V84/><F84/><W0/><G0/><T86/><REACH who="0" step="1"/><D81/><REACH who="0" ten="240,250,250,250" step="2"/><U105/><E83/><V38/><F70/><W72/><G118/><T54/><D54/><U17/><E82/><V87/><F69/><W132/><G131/><T41/><D41/><U113/><E52/><V47/><F42/><W124/><G132/><T13/><D13/><U73/><E113/><V66/><F55/><W23/><G124/><T75/><D75/><U2/><E73/><V10/><F46/><W98/><G72/><T32/><D32/><U64/><E2/><V26/><F47/><W115/><G115/><T93/><AGARI ba="0,1" hai="14,18,22,27,31,34,85,86,93,96,97,102,103,104" machi="93" ten="20,3900,0" yaku="1,1,0,1,7,1,53,0" doraHai="3" doraHaiUra="40" who="0" fromWho="0" sc="240,49,250,-13,250,-13,250,-13" /><INIT seed="0,1,0,2,0,46" ten="289,237,237,237" oya="0" hai0="76,20,115,118,33,58,129,69,57,85,84,100,133" hai1="37,81,122,11,111,108,13,67,123,45,34,125,87" hai2="80,104,10,42,66,24,77,103,91,73,98,9,119" hai3="78,68,35,83,102,97,63,124,23,18,99,114,90"/><T21/><D115/><U29/><E67/><V94/><F119/><W110/><G35/><T109/><D118/><U1/><E37/><V22/><F66/><W27/><G124/><T116/><D116/><U38/><E38/><V82/><F82/><W19/><G114/><T3/><D33/><U60/><E60/><V61/><F61/><W79/><G110/><N who="1" m="42026" /><E45/><V52/><F52/><W55/><G68/><T39/><D109/><U0/><E87/><V12/><F42/><W16/><G90/><T40/><D69/><U41/><E81/><V44/><F12/><W28/><G102/><T5/><D100/><U131/><E41/><V31/><REACH who="2" step="1"/><F44/><REACH who="2" ten="289,237,227,237" step="2"/><W112/><G112/><T117/><D117/><U101/><E13/><V135/><F135/><W56/><REACH who="3" step="1"/><G79/><REACH who="3" ten="289,237,227,227" step="2"/><T120/><D76/><U48/><E125/><V30/><F30/><W92/><G92/><T25/><D133/><U62/><E29/><V128/><F128/><W6/><G6/><T2/><D129/><U132/><E131/><V126/><F126/><W54/><G54/><T65/><D5/><U50/><E132/><V105/><F105/><W32/><G32/><T47/><D39/><U88/><E34/><V49/><F49/><W4/><G4/><T59/><D40/><U121/><E50/><V17/><F17/><W64/><G64/><T43/><D65/><U14/><E48/><V130/><F130/><W113/><G113/><T106/><D106/><U89/><E62/><V86/><AGARI ba="1,2" hai="9,10,22,24,31,73,77,80,86,91,94,98,103,104" machi="86" ten="20,12000,2" yaku="1,1,0,1,7,1,24,2,53,1" doraHai="46" doraHaiUra="74" who="2" fromWho="2" sc="289,-61,237,-31,227,143,227,-31" /><INIT seed="1,0,0,0,0,115" ten="228,206,370,196" oya="1" hai0="6,123,108,32,49,15,10,92,62,69,87,51,52" hai1="124,2,42,76,117,125,126,72,4,130,65,75,54" hai2="116,50,8,134,29,0,106,122,11,37,19,30,20" hai3="93,111,59,109,44,45,86,56,43,81,96,82,101"/><U23/><E130/><V83/><F37/><W84/><G109/><T102/><D108/><U39/><E65/><V53/><F106/><W1/><G1/><T31/><D123/><U27/><E76/><V88/><F122/><W85/><G111/><T110/><D110/><U73/><E54/><V112/><F112/><W9/><G9/><T28/><D32/><U48/><E48/><V118/><F134/><W119/><G119/><T78/><D49/><U33/><E33/><V16/><F29/><W68/><G68/><T121/><D121/><U132/><E132/><V100/><F30/><W99/><G43/><T17/><D102/><U63/><E63/><V95/><F83/><N who="3" m="31755" /><G93/><T58/><D78/><U91/><E117/><V89/><F100/><W7/><G7/><T77/><D77/><U70/><E70/><V5/><F5/><W133/><G101/><T3/><D69/><U61/><E61/><V46/><F89/><W98/><G133/><T90/><REACH who="0" step="1"/><D62/><REACH who="0" ten="218,206,370,196" step="2"/><U60/><E60/><V71/><F71/><W113/><G113/><T40/><D40/><U66/><E42/><V67/><F67/><W114/><G114/><T64/><D64/><U13/><E66/><V107/><F107/><W128/><G128/><T129/><D129/><U21/><E39/><V104/><F104/><W26/><G26/><T74/><D74/><U38/><E38/><V94/><F118/><W47/><AGARI ba="0,1" hai="44,45,47,56,59,84,85,86,96,98,99" m="31755" machi="47" ten="40,8000,1" yaku="29,2,28,2,8,1" doraHai="115" who="3" fromWho="3" sc="218,-20,206,-40,370,-20,196,90" /><INIT seed="2,0,0,1,4,78" ten="198,166,350,286" oya="2" hai0="65,97,131,48,83,129,102,116,4,51,107,33,54" hai1="45,39,95,52,110,87,1,132,47,2,68,70,101" hai2="100,24,8,15,49,62,31,103,34,91,118,86,50" hai3="37,67,94,38,22,81,35,96,105,125,114,18,90"/><V111/><F118/><W17/><G35/><T59/><D116/><U84/><E110/><V71/><F111/><W60/><G125/><T32/><D4/><U20/><E132/><V55/><F71/><W89/><G105/><T74/><D65/><U63/><E39/><V124/><F62/><W135/><G114/><T66/><D66/><U6/><E20/><V21/><F34/><W11/><G18/><T108/><D108/><U28/><E28/><V115/><F115/><W10/><G135/><T9/><D9/><U82/><E101/><V27/><F27/><W61/><G61/><T109/><D109/><U42/><E63/><V64/><F64/><W92/><G38/><T77/><REACH who="0" step="1"/><D51/><REACH who="0" ten="188,166,350,286" step="2"/><U43/><E6/><V73/><F49/><W133/><G37/><T19/><D19/><U128/><E70/><V44/><F124/><W99/><G133/><T16/><D16/><U106/><E68/><V69/><F69/><W29/><G29/><T30/><D30/><U123/><E1/><V126/><F126/><W93/><G60/><T79/><D79/><U23/><E2/><V127/><F127/><W13/><G67/><T75/><D75/><U112/><E112/><V130/><F73/><W76/><G92/><T121/><D121/><U98/><E123/><V80/><F130/><AGARI ba="0,1" hai="32,33,48,54,59,74,77,83,97,102,107,129,130,131" machi="130" ten="40,5200,0" yaku="1,1,19,1,52,1,53,0" doraHai="78" doraHaiUra="25" who="0" fromWho="2" sc="188,62,166,0,350,-52,286,0" /><INIT seed="3,0,0,2,5,88" ten="250,166,298,286" oya="3" hai0="98,47,81,56,115,7,54,14,13,101,41,3,37" hai1="96,52,46,51,20,104,99,26,122,55,82,108,36" hai2="134,25,76,67,50,1,105,53,62,80,34,71,65" hai3="31,5,42,32,12,2,21,24,29,79,86,44,123"/><W131/><G123/><T19/><D115/><U22/><E122/><V113/><F113/><W0/><G31/><T57/><D3/><U6/><E36/><V114/><F114/><W119/><G131/><T132/><D132/><U16/><E108/><V73/><F105/><W11/><G119/><T8/><D81/><U70/><E70/><V89/><F134/><W133/><G133/><T94/><REACH who="0" step="1"/><D54/><REACH who="0" ten="240,166,298,286" step="2"/><U23/><E55/><V43/><F1/><W40/><G40/><T84/><D84/><U27/><E82/><V130/><F43/><W64/><G79/><T83/><D83/><U59/><E52/><V77/><F77/><W85/><G2/><T127/><D127/><U74/><E74/><V4/><F76/><W72/><G72/><T111/><D111/><U126/><E126/><V121/><F80/><W15/><G64/><T68/><D68/><U10/><E27/><V125/><F71/><W63/><G15/><T48/><D48/><U90/><E51/><V39/><F67/><W129/><G63/><T75/><D75/><U112/><E26/><V87/><F65/><W120/><G120/><T107/><D107/><U66/><E104/><V78/><F62/><W92/><G129/><T128/><D128/><U61/><E112/><V117/><F73/><W116/><G116/><T38/><D38/><U17/><E66/><V118/><F39/><N who="3" m="21599" /><G92/><T58/><D58/><U124/><E59/><V110/><F118/><W102/><G85/><T69/><D69/><U93/><E61/><V106/><F117/><W45/><G86/><T18/><D18/><U95/><E17/><RYUUKYOKU ba="0,1" sc="240,30,166,-10,298,-10,286,-10" hai0="7,8,13,14,19,37,41,47,56,57,94,98,101" /><INIT seed="4,1,1,5,5,0" ten="270,156,288,276" oya="0" hai0="93,71,75,128,96,50,15,86,59,129,57,94,34" hai1="89,87,38,47,91,66,16,21,81,126,58,73,6" hai2="46,63,64,97,29,83,117,104,125,88,26,55,124" hai3="22,62,116,14,78,39,28,37,109,72,23,100,114"/><T51/><D75/><U49/><E126/><N who="2" m="48747" /><F104/><W41/><G109/><T13/><D34/><U112/><E38/><V99/><F55/><W127/><G116/><T103/><D71/><U53/><E73/><V60/><F46/><W27/><G100/><T121/><D121/><U133/><E133/><V56/><F63/><W82/><G114/><T43/><D86/><U5/><E112/><V1/><F1/><W10/><G127/><T20/><D20/><U4/><E66/><V54/><F54/><W52/><G23/><T12/><D43/><U110/><E110/><V18/><F18/><W30/><G30/><T92/><D96/><U3/><E3/><V122/><F117/><W77/><G77/><T7/><D7/><U61/><E61/><V80/><F122/><W45/><G62/><T119/><D103/><U123/><E123/><V85/><F83/><W105/><G105/><T107/><D107/><U120/><E120/><V106/><F106/><W42/><G42/><T17/><D17/><U68/><E68/><V113/><F113/><W98/><G98/><T76/><D76/><N who="1" m="46503" /><E47/><V131/><F131/><N who="0" m="50250" /><D119/><U24/><AGARI ba="1,1" hai="4,5,6,16,21,24,49,53,58,89,91" m="46503" machi="24" ten="30,8000,1" yaku="8,1,52,3,54,1" doraHai="0" who="1" fromWho="1" sc="270,-41,156,93,288,-21,276,-21" /><INIT seed="5,0,0,3,5,0" ten="229,249,267,255" oya="1" hai0="21,32,6,19,116,103,80,62,35,46,79,122,51" hai1="15,16,107,18,68,58,57,81,126,63,104,12,132" hai2="114,100,65,5,131,36,47,133,1,45,28,53,48" hai3="110,134,20,70,129,44,17,72,84,30,109,135,75"/><U3/><E3/><V23/><F133/><N who="3" m="50699" /><G70/><T34/><D116/><U37/><E37/><V22/><F131/><W112/><G30/><T26/><D122/><U33/><E132/><V14/><F65/><W43/><G129/><T92/><D62/><U91/><E33/><V41/><F100/><W93/><G112/><T128/><D128/><U8/><E68/><V90/><F1/><W94/><G84/><T130/><D130/><U86/><E126/><V64/><F64/><W38/><G93/><T56/><D56/><U105/><REACH who="1" step="1"/><E63/><REACH who="1" ten="229,239,267,255" step="2"/><V123/><F114/><W124/><G124/><T82/><D34/><U73/><E73/><V118/><F118/><W120/><G75/><T113/><D113/><U78/><E78/><V106/><F36/><W98/><G72/><T39/><D39/><U108/><E108/><V42/><F123/><W10/><G120/><T7/><D35/><U13/><E13/><V83/><F14/><N who="3" m="9271" /><G10/><AGARI ba="0,1" hai="8,10,12,15,16,18,57,58,81,86,91,104,105,107" machi="10" ten="40,7700,0" yaku="1,1,9,1,54,1,53,0" doraHai="0" doraHaiUra="95" who="1" fromWho="3" sc="229,0,239,87,267,0,255,-77" /><INIT seed="5,1,0,2,2,23" ten="229,326,267,178" oya="1" hai0="5,63,98,45,110,30,3,15,132,75,85,130,10" hai1="87,8,124,96,2,118,127,72,111,9,105,12,90" hai2="86,70,135,13,100,28,88,121,34,131,114,26,115" hai3="109,60,35,126,129,64,133,66,92,71,54,43,41"/><U122/><E118/><V97/><F121/><W32/><G109/><T67/><D110/><U37/><E111/><V65/><F131/><W89/><G129/><T6/><D130/><U21/><E122/><V17/><F135/><W91/><G133/><T4/><D132/><U20/><E72/><V102/><F65/><W93/><G126/><N who="1" m="48170" /><E37/><V33/><F70/><W53/><G60/><T108/><D108/><U36/><E36/><V78/><F78/><W7/><G7/><T106/><D75/><U25/><E2/><V123/><F34/><W128/><REACH who="3" step="1"/><G128/><REACH who="3" ten="229,326,267,168" step="2"/><T116/><D5/><U52/><E8/><V16/><F123/><W62/><G62/><T14/><D6/><U50/><E9/><V57/><F114/><W29/><G29/><T47/><D30/><U38/><E38/><V59/><F115/><W42/><G42/><T27/><D63/><U80/><E50/><V101/><F97/><W76/><G76/><T103/><D4/><U39/><E39/><V113/><F113/><W18/><G18/><T19/><D10/><U55/><E96/><V22/><REACH who="2" step="1"/><F17/><REACH who="2" ten="229,326,257,168" step="2"/><W1/><G1/><T56/><D3/><U51/><E105/><V83/><AGARI ba="1,2" hai="13,16,22,26,28,33,57,59,83,86,88,100,101,102" machi="83" ten="30,12000,2" yaku="1,1,2,1,0,1,52,1,54,2,53,0" doraHai="23" doraHaiUra="107" who="2" fromWho="2" sc="229,-31,326,-61,257,143,168,-31" /><INIT seed="6,0,0,0,3,46" ten="198,265,400,137" oya="2" hai0="31,60,24,49,13,129,78,81,133,51,79,63,37" hai1="76,41,39,111,17,0,91,83,25,11,110,68,45" hai2="103,127,109,32,38,115,66,64,87,122,105,93,128" hai3="42,52,102,5,56,20,10,131,47,123,120,18,118"/><V116/><RYUUKYOKU type="yao9" ba="0,0" sc="198,0,265,0,400,0,137,0" hai2="32,38,64,66,87,93,103,105,109,115,116,122,127,128" /><INIT seed="6,1,0,2,4,55" ten="198,265,400,137" oya="2" hai0="88,121,83,35,60,39,44,11,118,33,24,43,72" hai1="125,15,87,67,84,30,105,34,107,97,21,130,110" hai2="70,78,101,112,20,79,16,98,5,77,123,42,94" hai3="50,127,122,134,57,132,13,26,81,85,29,37,25"/><V4/><F112/><W103/><G37/><T90/><D121/><U53/><E110/><V32/><F32/><W73/><G73/><T0/><D118/><U102/><E34/><N who="0" m="12809" /><D60/><U17/><E125/><V12/><F70/><W108/><G127/><T59/><D59/><U64/><E30/><V41/><F123/><W51/><G108/><T86/><D86/><U131/><E107/><V48/><F41/><W124/><G124/><T54/><D54/><U2/><E2/><V68/><F68/><W49/><G29/><T120/><D24/><U36/><E36/><V38/><F38/><W58/><G122/><T14/><D14/><U63/><E53/><V18/><F18/><W31/><G103/><T93/><D93/><U96/><E96/><V115/><F115/><W10/><G134/><T119/><D119/><U128/><E67/><V75/><F75/><W95/><G95/><T27/><D27/><N who="3" m="10249" /><G132/><T7/><D120/><U28/><E28/><V46/><AGARI ba="1,0" hai="4,5,12,16,20,42,46,48,77,78,79,94,98,101" machi="46" ten="30,6000,0" yaku="0,1,8,1,54,1" doraHai="55" who="2" fromWho="2" sc="198,-21,265,-21,400,63,137,-21" /><INIT seed="6,2,0,2,4,37" ten="177,244,463,116" oya="2" hai0="72,38,65,121,129,96,86,10,103,30,135,82,52" hai1="40,73,108,134,76,84,20,105,9,62,11,45,90" hai2="56,16,54,25,85,42,99,113,31,95,50,4,19" hai3="35,68,117,126,93,130,41,118,79,89,115,91,111"/><V107/><F4/><W39/><G68/><T132/><D38/><U59/><E108/><V102/><F113/><W114/><G35/><T66/><D121/><U15/><E105/><V92/><F107/><W83/><G111/><T29/><D72/><U36/><E76/><V74/><F74/><W116/><G126/><T87/><D10/><U78/><E78/><V12/><F12/><W48/><G48/><T75/><D75/><U77/><E77/><V119/><F42/><W14/><G14/><T123/><D52/><U23/><E134/><N who="0" m="51241" /><D123/><U125/><E9/><V58/><F56/><W17/><G17/><T24/><D129/><U47/><E47/><V81/><F95/><W61/><G61/><T98/><D82/><U128/><E73/><V67/><F67/><N who="0" m="25610" /><D29/><U70/><E70/><V131/><F31/><W34/><G130/><T6/><D6/><U1/><E125/><V127/><F81/><W18/><G18/><T2/><D2/><U32/><E1/><V21/><F131/><W112/><G79/><T122/><D122/><U3/><E3/><V0/><F0/><W27/><G83/><T120/><D120/><U46/><E46/><V97/><F54/><W63/><G63/><T100/><D30/><U26/><E128/><V7/><F7/><W5/><G5/><T71/><D71/><U88/><E62/><V124/><F124/><W55/><G55/><T43/><D24/><U109/><E109/><V13/><F25/><W57/><G57/><T101/><D43/><N who="1" m="22759" /><E59/><V64/><F58/><W110/><G112/><T51/><D51/><U94/><E40/><RYUUKYOKU ba="2,0" sc="177,30,244,-10,463,-10,116,-10" hai0="86,87,96,98,100,101,103" /><INIT seed="7,3,0,2,2,89" ten="207,234,453,106" oya="3" hai0="38,45,124,23,109,72,69,134,8,96,82,75,1" hai1="25,24,62,112,113,17,31,101,97,100,21,135,10" hai2="131,121,102,0,19,73,132,56,83,46,64,42,130" hai3="98,116,129,94,28,80,105,33,26,95,81,74,6"/><W70/><G116/><T37/><D109/><U71/><E135/><V84/><F73/><W27/><G129/><T88/><D69/><U14/><E97/><V48/><F132/><W120/><G120/><T4/><D134/><U43/><E43/><V115/><F115/><N who="1" m="44105" /><E25/><V79/><F102/><W65/><G6/><T78/><D75/><U34/><E34/><V91/><F79/><W66/><G27/><T93/><D124/><U118/><E118/><V36/><F121/><W133/><G133/><T7/><D7/><U55/><E55/><V77/><F77/><N who="3" m="44087" /><G81/><T90/><D23/><U29/><E29/><V125/><F125/><W5/><G66/><AGARI ba="3,0" hai="10,14,17,21,24,31,62,66,71,100,101" m="44105" machi="66" ten="30,1000,0" yaku="15,1" doraHai="89" who="1" fromWho="3" sc="207,0,234,19,453,0,106,-19" owari="207,-19.3,253,5.3,453,55.3,87,-41.3" /></mjloggm>