<mjloggm ver="2.3"><GO type="169" lobby="0"/><UN n0="%E9%9B%B2%E3%81%AE%E3%83%95%E3%83%89%E3%82%A6" n1="%E2%98%86%41%64%72%69%61%6E" n2="%E9%81%8A%E8%B5%B0" n3="%E5%B8%B0%E3%82%8A%E3%81%9F%E3%81%84%E3%80%82" dan="16,17,16,17" rate="2069.06,2179.80,2187.20,2212.05" sx="M,M,M,M"/><TAIKYOKU oya="0"/><INIT seed="0,0,0,2,1,30" ten="250,250,250,250" oya="0" hai0="125,94,3,108,114,17,111,15,110,87,48,28,34" hai1="40,115,13,41,55,71,76,6,127,86,121,113,14" hai2="46,39,135,75,67,85,35,80,118,61,43,52,4" hai3="120,19,101,69,130,25,49,22,126,59,131,81,116"/><T134/><D114/><U89/><E121/><V122/><F122/><W107/><G69/><T32/><D134/><U53/><E76/><V47/><F135/><W1/><G1/><T99/><D125/><U42/><E71/><V20/><F118/><W93/><G120/><T77/><D3/><U79/><E79/><V105/><F105/><W11/><G107/><T100/><D28/><U31/><E31/><V103/><F103/><W96/><G116/><T92/><D48/><U78/><E78/><V37/><F75/><W23/><G81/><N who="0" m="47535" /><D94/><U64/><E127/><V112/><F112/><N who="1" m="43081" /><E64/><V72/><F72/><W29/><G126/><T57/><D57/><U102/><E102/><V123/><F123/><W45/><G59/><T117/><D117/><U2/><E2/><V18/><F4/><W7/><G7/><T124/><D124/><U106/><E6/><V10/><F80/><W50/><G50/><T84/><D84/><U62/><E62/><V54/><F85/><W66/><G66/><T8/><AGARI ba="0,0" hai="8,15,17,32,34,92,99,100,108,110,111" m="47535" machi="8" ten="30,11700,0" yaku="14,1,10,1,52,2" doraHai="30" who="0" fromWho="0" sc="250,117,250,-39,250,-39,250,-39" /><INIT seed="0,1,0,5,1,41" ten="367,211,211,211" oya="0" hai0="135,112,120,43,59,21,6,78,91,28,16,75,105" hai1="2,25,113,111,70,102,37,71,10,72,64,87,83" hai2="56,115,62,90,60,77,3,57,106,119,73,65,127" hai3="66,47,69,130,81,42,53,85,8,11,1,129,17"/><T86/><D112/><U76/><E113/><V14/><F115/><W128/><G53/><T95/><D120/><U61/><E111/><V38/><F106/><W29/><G29/><T7/><D105/><U93/><E37/><V114/><F114/><W4/><G11/><T36/><D28/><U55/><E25/><V131/><F3/><W88/><G17/><T92/><D135/><U18/><E55/><V134/><F134/><W103/><G103/><T63/><D92/><U51/><E51/><V121/><F38/><W39/><G66/><T84/><D75/><U116/><E116/><V94/><F119/><W44/><G44/><T124/><D124/><U30/><E30/><V125/><F121/><W96/><G69/><T52/><D36/><U109/><E109/><V40/><F40/><W46/><G46/><T68/><D68/><U123/><E123/><V101/><F14/><W45/><G45/><T67/><D67/><U108/><E108/><V104/><F101/><W98/><AGARI ba="1,0" hai="1,4,8,39,42,47,81,85,88,96,98,128,129,130" machi="98" ten="40,8000,1" yaku="0,1,19,1,52,1,54,1" doraHai="41" who="3" fromWho="3" sc="367,-41,211,-21,211,-21,211,83" /><INIT seed="1,0,0,3,4,58" ten="326,190,190,294" oya="1" hai0="37,41,97,0,26,64,54,120,5,117,105,62,46" hai1="33,102,127,119,56,116,20,45,82,98,39,47,77" hai2="57,79,85,96,118,125,13,115,89,19,1,81,12" hai3="124,23,75,129,100,34,68,88,78,80,18,42,122"/><U51/><E33/><V31/><F118/><W72/><G122/><T111/><D117/><U65/><E127/><V90/><F115/><W86/><G34/><T109/><D120/><U67/><E39/><V40/><F1/><W14/><G129/><T121/><D121/><U6/><E6/><V32/><F125/><W61/><G124/><T49/><D26/><U101/><E47/><V126/><F126/><W95/><G100/><T74/><D74/><U123/><E102/><V8/><F32/><W24/><G42/><T27/><D27/><U29/><E67/><V25/><F31/><W43/><G43/><T63/><D97/><U103/><E101/><V69/><F69/><W73/><REACH who="3" step="1"/><G24/><REACH who="3" ten="326,190,190,284" step="2"/><T38/><D41/><N who="1" m="25007" /><E123/><V132/><F40/><W87/><G87/><T17/><D38/><U106/><E103/><V131/><F131/><W134/><G134/><T55/><D37/><U11/><E98/><V128/><F128/><W71/><G71/><T28/><D105/><U104/><E106/><V133/><F132/><W99/><G99/><T60/><D109/><U93/><E104/><V10/><F133/><W83/><G83/><T30/><D111/><U53/><E82/><V84/><F25/><W70/><G70/><T113/><D113/><U21/><E93/><N who="2" m="54447" /><F96/><W48/><G48/><T9/><D64/><AGARI ba="0,1" hai="14,18,23,61,64,68,72,73,75,78,80,86,88,95" machi="64" ten="40,5200,0" yaku="1,1,52,1,54,1,53,0" doraHai="58" doraHaiUra="35" who="3" fromWho="0" sc="326,-52,190,0,190,0,284,62" /><INIT seed="2,0,0,4,4,109" ten="274,190,190,346" oya="2" hai0="72,67,1,78,87,34,115,58,33,119,96,0,82" hai1="100,95,131,43,22,15,12,54,70,121,74,29,9" hai2="104,97,132,111,8,4,81,90,32,102,65,71,19" hai3="128,116,60,129,49,53,135,51,89,11,113,122,93"/><V94/><F111/><W63/><G116/><T48/><D119/><U118/><E74/><V21/><F32/><W28/><G122/><T10/><D1/><U77/><E70/><V124/><F132/><W40/><G135/><T105/><D67/><U2/><E2/><V80/><F124/><W27/><G40/><T123/><D123/><U69/><E69/><V14/><F65/><W45/><G49/><T44/><D58/><U18/><E118/><V103/><F71/><W75/><G75/><T23/><D23/><U25/><E131/><N who="3" m="50250" /><G11/><T26/><D72/><U6/><E121/><V20/><F20/><N who="3" m="15463" /><G113/><T62/><D115/><U85/><E43/><V3/><REACH who="2" step="1"/><F103/><REACH who="2" ten="274,190,180,346" step="2"/><W99/><AGARI ba="0,1" hai="45,51,53,60,63,89,93,99" m="15463,50250" machi="99" ten="30,1100,0" yaku="19,1" doraHai="109" who="3" fromWho="3" sc="274,-3,190,-3,180,-5,346,21" /><INIT seed="3,0,0,4,4,75" ten="271,187,175,367" oya="3" hai0="99,104,72,38,129,109,17,66,59,29,21,45,133" hai1="37,84,8,123,103,79,124,134,67,121,41,7,62" hai2="15,106,53,39,19,76,10,52,22,49,83,33,86" hai3="12,20,131,125,60,93,130,85,5,114,110,42,92"/><W24/><G114/><T119/><D119/><U127/><E103/><V63/><F106/><W6/><G125/><T73/><D29/><U0/><E134/><V13/><F33/><W132/><G132/><T3/><D3/><U14/><E14/><V48/><F39/><W35/><G42/><T81/><D73/><U78/><E84/><V89/><F89/><W126/><G126/><N who="1" m="48170" /><E41/><V113/><F113/><W100/><G35/><T96/><D104/><U46/><E46/><V94/><F94/><N who="3" m="36459" /><G100/><T107/><D107/><U68/><E37/><V64/><F48/><W58/><G12/><T105/><D105/><U116/><E116/><V71/><REACH who="2" step="1"/><F49/><REACH who="2" ten="271,187,165,367" step="2"/><W135/><G135/><T55/><D133/><U115/><E115/><V77/><F77/><AGARI ba="0,1" hai="0,7,8,62,67,68,77,78,79,121,123" m="48170" machi="77" ten="30,7700,0" yaku="18,1,52,3" doraHai="75" who="1" fromWho="2" sc="271,0,187,87,165,-77,367,0" /><INIT seed="4,0,0,3,1,18" ten="271,274,88,367" oya="0" hai0="7,73,82,103,130,85,100,84,12,72,27,14,83" hai1="67,113,44,64,53,47,119,56,68,4,36,95,37" hai2="66,127,106,32,129,49,118,75,3,77,5,105,58" hai3="74,97,17,2,91,43,70,28,20,51,123,62,92"/><T76/><D27/><U93/><E4/><V55/><F118/><W21/><G74/><T132/><D7/><U88/><E119/><V48/><F32/><W78/><G78/><T116/><D116/><U45/><E95/><V96/><F129/><W13/><G2/><T108/><D130/><U19/><E68/><V128/><F128/><W30/><G123/><T54/><D54/><U122/><E122/><V89/><F127/><W9/><G70/><T31/><D31/><N who="3" m="11817" /><G62/><T1/><D1/><U94/><E94/><V33/><F33/><W41/><G51/><T65/><D65/><U11/><E37/><V109/><F109/><W107/><G107/><T46/><D76/><U22/><E11/><V112/><F112/><W69/><G69/><T38/><D38/><U29/><E29/><V24/><F106/><W101/><G101/><T63/><D63/><N who="1" m="36239" /><E113/><V23/><F105/><W90/><G90/><T42/><D42/><AGARI ba="0,0" hai="9,13,17,20,21,41,42,43,91,92,97" m="11817" machi="42" ten="30,3900,0" yaku="8,1,52,2" doraHai="18" who="3" fromWho="0" sc="271,-39,274,0,88,0,367,39" /><INIT seed="5,0,0,5,1,99" ten="232,274,88,406" oya="1" hai0="121,59,44,83,41,117,133,120,18,87,84,5,75" hai1="112,6,25,17,15,24,123,37,22,48,56,101,125" hai2="82,57,122,9,26,21,39,53,93,60,81,7,0" hai3="106,135,30,78,94,72,73,11,102,45,127,113,91"/><U80/><E37/><V63/><F122/><W69/><G69/><T43/><D117/><U28/><E123/><N who="0" m="47177" /><D133/><U23/><E112/><V38/><F38/><W114/><G30/><T110/><D110/><U77/><E125/><V96/><F39/><W2/><G135/><T89/><D75/><U126/><E126/><V36/><F63/><W29/><G29/><T107/><D5/><U14/><E6/><V19/><REACH who="2" step="1"/><F36/><REACH who="2" ten="232,274,78,406" step="2"/><W12/><G127/><T70/><D70/><U95/><E28/><V119/><F119/><W118/><G118/><T3/><D3/><U1/><E1/><V66/><F66/><W90/><G2/><T98/><D43/><U132/><E132/><V71/><F71/><W68/><G68/><T109/><D41/><U111/><E111/><V129/><F129/><W40/><G40/><T51/><D109/><U49/><E48/><V97/><F97/><W64/><G64/><T42/><D98/><U67/><E49/><V76/><F76/><W27/><G78/><T8/><D51/><U58/><E67/><V31/><F31/><W33/><G114/><T55/><D42/><U47/><E77/><V115/><F115/><W105/><G113/><T4/><D4/><U32/><E32/><V130/><F130/><W124/><G33/><T61/><D61/><U46/><E17/><V86/><F86/><W16/><G16/><T62/><D84/><U108/><E108/><V35/><F35/><W50/><G50/><T116/><D116/><U128/><E128/><V34/><F34/><W65/><G124/><T54/><D18/><U131/><E131/><RYUUKYOKU ba="0,1" sc="232,-10,274,-10,78,30,406,-10" hai2="0,7,9,19,21,26,53,57,60,81,82,93,96" /><INIT seed="6,1,1,0,0,49" ten="222,264,108,396" oya="2" hai0="53,102,2,112,87,25,21,81,89,123,105,31,57" hai1="10,96,46,86,51,78,30,132,72,68,33,24,74" hai2="117,104,129,45,130,71,28,118,5,27,41,37,23" hai3="108,110,6,116,20,119,120,109,76,39,67,77,14"/><V47/><F104/><W125/><G39/><T22/><D123/><U40/><E68/><V124/><F124/><W66/><G120/><T106/><D2/><U42/><E42/><V26/><F47/><W80/><G125/><T61/><D112/><U111/><E111/><V59/><F71/><W36/><G36/><T93/><D22/><U100/><E132/><V7/><F27/><W79/><G80/><T94/><D94/><U121/><E121/><V52/><F7/><W107/><G107/><T85/><REACH who="0" step="1"/><D102/><REACH who="0" ten="212,264,108,396" step="2"/><U97/><E100/><V32/><F23/><W98/><G20/><T69/><D69/><U131/><E33/><V34/><F34/><W84/><G110/><T65/><D65/><U35/><E35/><V83/><F83/><W122/><G67/><T114/><D114/><U128/><E131/><N who="2" m="50187" /><F5/><W8/><G109/><T75/><D75/><U19/><E74/><V56/><F56/><W90/><G122/><T99/><D99/><U127/><E96/><V12/><F12/><W38/><G98/><T43/><D43/><U133/><E97/><V134/><F134/><W63/><G108/><T13/><D13/><U58/><E72/><V50/><AGARI ba="1,2" hai="26,28,32,37,41,45,50,52,59,117,118" m="50187" machi="50" ten="30,6000,0" yaku="19,1,52,1,54,1" doraHai="49" who="2" fromWho="2" sc="212,-21,264,-21,108,83,396,-21" /><INIT seed="6,2,0,1,5,28" ten="191,243,191,375" oya="2" hai0="105,44,132,92,80,46,128,66,110,130,67,71,111" hai1="120,117,26,112,81,87,52,91,73,102,64,35,106" hai2="11,51,114,61,115,133,100,84,124,90,75,98,123" hai3="16,58,32,118,5,82,36,76,6,77,33,86,21"/><V29/><F123/><W54/><G36/><T31/><D105/><U94/><E117/><V25/><F75/><W134/><G118/><T122/><D80/><U60/><E120/><V109/><F133/><W55/><G55/><T93/><D31/><U20/><E112/><N who="2" m="43051" /><F124/><W7/><G134/><T40/><D122/><U30/><E73/><V50/><F11/><W45/><G45/><T24/><D132/><U70/><E81/><N who="2" m="49423" /><F61/><W56/><G56/><T48/><D71/><U65/><E65/><V126/><F126/><W53/><G53/><T22/><D48/><U62/><E20/><N who="2" m="15527" /><F109/><W43/><G76/><T23/><D24/><U1/><E1/><V88/><F88/><W99/><G5/><T121/><D121/><U3/><E3/><V116/><F116/><W8/><G6/><T97/><D97/><N who="1" m="61775" /><E62/><V13/><F13/><W127/><G99/><T15/><REACH who="0" step="1"/><D40/><REACH who="0" ten="181,243,191,375" step="2"/><U49/><E49/><V69/><F69/><W89/><G43/><T131/><D131/><U107/><E107/><AGARI ba="2,1" hai="50,51,98,100,107" m="15527,49423,43051" machi="107" ten="30,1500,0" yaku="15,1" doraHai="28" who="2" fromWho="1" sc="181,0,243,-21,191,31,375,0" /><INIT seed="6,3,0,2,5,43" ten="181,222,222,375" oya="2" hai0="85,56,98,106,38,63,93,74,131,111,32,65,70" hai1="4,102,90,122,58,5,16,8,37,135,35,45,40" hai2="108,9,97,47,80,41,127,119,22,26,34,71,20" hai3="12,132,18,101,83,30,50,36,39,0,59,82,24"/><V14/><F119/><W104/><G0/><T67/><D111/><U6/><E35/><V133/><F71/><W27/><G104/><T126/><D32/><U10/><E135/><V130/><F108/><W124/><G101/><T25/><D74/><U99/><E122/><V129/><F133/><W11/><G24/><T116/><D116/><U77/><E77/><V117/><F117/><W23/><G124/><T115/><D115/><U112/><E112/><V7/><F97/><W95/><G95/><T28/><D126/><U60/><E90/><V113/><F113/><W2/><G2/><T86/><D38/><U15/><E8/><V31/><F80/><W68/><G68/><T109/><D109/><U79/><E79/><V1/><F127/><W81/><G132/><T118/><D118/><U105/><REACH who="1" step="1"/><E4/><REACH who="1" ten="181,212,222,375" step="2"/><V134/><F134/><W96/><G11/><T103/><D131/><N who="2" m="50186" /><F1/><W84/><G23/><N who="0" m="15423" /><D106/><U87/><E87/><N who="0" m="33289" /><D70/><U52/><AGARI ba="3,1" hai="5,6,10,15,16,37,40,45,52,58,60,99,102,105" machi="52" ten="20,12000,2" yaku="1,1,0,1,7,1,52,1,54,2,53,0" doraHai="43" doraHaiUra="44" who="1" fromWho="1" sc="181,-33,212,139,222,-63,375,-33" /><INIT seed="7,0,0,3,0,17" ten="148,351,159,342" oya="3" hai0="28,79,110,103,69,101,45,120,117,31,132,24,76" hai1="56,53,50,99,35,113,64,70,98,63,14,97,80" hai2="20,78,109,62,81,104,123,77,34,130,88,128,82" hai3="7,133,135,114,22,29,58,115,26,47,86,126,93"/><W1/><G126/><T124/><D110/><U41/><E35/><V54/><F109/><W0/><G58/><T38/><D117/><U5/><E113/><N who="3" m="43018" /><G47/><T51/><D120/><U32/><E32/><V129/><F34/><W2/><G7/><T3/><D3/><U134/><E134/><V18/><F104/><W90/><AGARI ba="0,0" hai="0,1,2,22,26,29,86,90,93,133,135" m="43018" machi="90" ten="40,3900,0" yaku="15,1,52,1" doraHai="17" who="3" fromWho="3" sc="148,-13,351,-13,159,-13,342,39" owari="135,-36.5,338,13.8,146,-25.4,381,48.1" /></mjloggm>