<mjloggm ver="2.3"><GO type="169" lobby="0"/><UN n0="%E3%81%B5%E3%81%8B%E3%81%8C%E3%82%8F" n1="%E3%82%A8%E3%82%B0%E3%83%81%E3%80%81" n2="%E3%81%82%E3%81%84%E3%81%93%E3%81%99" n3="%E3%82%B0%E3%83%B3%E3%83%80%E3%83%AA%E3%83%BC" dan="16,16,16,19" rate="2054.26,2176.67,2149.20,2271.99" sx="M,M,M,M"/><TAIKYOKU oya="0"/><INIT seed="0,0,0,3,5,29" ten="250,250,250,250" oya="0" hai0="56,12,110,49,86,65,5,24,109,23,6,11,87" hai1="100,117,13,33,52,118,135,10,17,54,124,112,127" hai2="80,37,59,51,78,58,40,91,131,115,72,107,75" hai3="31,123,50,64,63,126,77,111,27,93,106,42,88"/><T1/><D5/><U85/><E135/><V73/><F115/><W9/><G111/><N who="0" m="42507" /><D1/><U48/><E112/><V129/><F107/><W4/><G126/><N who="1" m="48170" /><E100/><V94/><F37/><W7/><G106/><T35/><D49/><U79/><E33/><V26/><F26/><W103/><G123/><T84/><D56/><N who="1" m="32775" /><E54/><V47/><F59/><W8/><G4/><T81/><D65/><U133/><E133/><V19/><F58/><W102/><G7/><T130/><D130/><N who="2" m="49674" /><F19/><W68/><G64/><T89/><D35/><U2/><E2/><V32/><F32/><W46/><G63/><T119/><D119/><U104/><E104/><V69/><F69/><W95/><G68/><T60/><D60/><U28/><E28/><AGARI ba="0,0" hai="6,11,12,23,24,28,81,84,86,87,89" m="42507" machi="28" ten="30,2900,0" yaku="14,1,10,1" doraHai="29" who="0" fromWho="1" sc="250,29,250,-29,250,0,250,0" /><INIT seed="0,1,0,4,3,91" ten="279,221,250,250" oya="0" hai0="9,122,77,16,32,127,101,63,44,80,75,135,99" hai1="65,105,98,11,23,6,15,111,69,37,19,10,55" hai2="59,17,41,50,46,8,96,57,100,113,13,117,83" hai3="45,56,58,110,82,95,125,34,121,102,87,66,38"/><T31/><D135/><U14/><E111/><V124/><F113/><W35/><G110/><T133/><D127/><U73/><E73/><V104/><F124/><W126/><G121/><T129/><D129/><U112/><E37/><V33/><F33/><W78/><G126/><T22/><D133/><U81/><E112/><V68/><F68/><W12/><G125/><T52/><D122/><U72/><E65/><V76/><F117/><W25/><G12/><T128/><D128/><U51/><E69/><V1/><F1/><W85/><G25/><T5/><D31/><U47/><E72/><AGARI ba="1,0" hai="8,13,17,41,46,50,57,59,72,76,83,96,100,104" machi="72" ten="30,1000,0" yaku="7,1" doraHai="91" who="2" fromWho="1" sc="279,0,221,-13,250,13,250,0" /><INIT seed="1,0,0,3,0,25" ten="279,208,263,250" oya="1" hai0="15,16,96,133,31,112,54,97,118,87,11,3,56" hai1="120,122,21,89,51,126,124,95,19,45,135,88,104" hai2="66,6,132,85,78,92,50,52,13,65,20,86,93" hai3="80,39,102,0,74,53,94,41,105,27,115,109,10"/><U34/><E104/><V114/><F132/><W9/><G94/><T38/><D118/><U111/><E34/><V130/><F130/><W128/><G53/><T79/><D112/><U75/><E75/><V42/><F42/><W107/><G10/><T28/><D38/><U100/><E100/><V29/><F114/><W55/><G55/><T91/><D3/><U73/><E73/><V101/><F6/><N who="3" m="1223" /><G102/><T110/><D110/><U125/><E135/><V40/><F40/><W63/><G63/><N who="0" m="36247" /><D133/><U103/><E103/><V98/><F86/><W123/><G123/><N who="1" m="47146" /><E95/><V106/><F106/><W17/><G80/><N who="0" m="49639" /><D79/><U60/><E60/><V32/><F32/><W119/><G107/><T44/><D44/><U81/><E81/><V116/><F116/><W8/><G105/><T58/><D58/><U76/><E76/><V4/><F4/><W2/><G119/><T72/><D72/><U108/><E51/><V35/><F35/><W113/><G74/><T131/><D131/><U82/><E45/><V36/><F36/><W61/><G128/><T49/><D49/><U69/><E69/><V1/><F1/><W64/><G2/><T117/><D117/><U18/><E82/><V26/><F78/><W70/><G39/><T90/><D90/><N who="1" m="34923" /><E21/><N who="2" m="15567" /><F85/><W30/><G115/><T24/><D24/><U57/><E57/><N who="2" m="32919" /><F93/><W83/><G113/><T121/><D121/><U23/><E23/><V129/><F129/><W68/><G68/><T99/><AGARI ba="0,0" hai="11,15,16,28,31,96,97,99" m="49639,36247" machi="99" ten="30,7900,0" yaku="8,1,52,2,54,1" doraHai="25" who="0" fromWho="0" sc="279,79,208,-39,263,-20,250,-20" /><INIT seed="2,0,0,0,3,58" ten="358,169,243,230" oya="2" hai0="82,24,38,1,125,8,39,27,70,81,42,59,72" hai1="130,36,28,133,97,121,37,17,96,2,52,34,113" hai2="67,71,89,91,107,117,88,6,83,108,122,18,32" hai3="54,26,60,4,92,105,94,84,85,43,103,63,12"/><V116/><F122/><W13/><G105/><T119/><D125/><U104/><E113/><V76/><F107/><W79/><G43/><T46/><D70/><U112/><E112/><V14/><F32/><W56/><G26/><T50/><D38/><U64/><E104/><V51/><F6/><W134/><G134/><T98/><D98/><U100/><E17/><V7/><F7/><W106/><G106/><T65/><D81/><U109/><E109/><V129/><F108/><W61/><G103/><T44/><D65/><U127/><E64/><V90/><F51/><N who="3" m="30815" /><G4/><N who="0" m="1039" /><D59/><U53/><E130/><V48/><F48/><W75/><G75/><T23/><D23/><U95/><E34/><V5/><F5/><W115/><G115/><T55/><D119/><U86/><E95/><N who="3" m="36394" /><G79/><AGARI ba="0,0" hai="24,27,39,42,44,46,50,55,72,79,82" m="1039" machi="79" ten="30,1000,0" yaku="25,1" doraHai="58" who="0" fromWho="3" sc="358,10,169,0,243,0,230,-10" /><INIT seed="3,0,0,3,1,13" ten="368,169,243,220" oya="3" hai0="61,42,65,96,101,118,59,111,31,71,58,44,3" hai1="34,66,23,98,132,56,109,103,100,77,105,114,46" hai2="11,68,89,37,19,20,5,79,82,70,134,97,15" hai3="8,123,14,29,48,104,121,115,21,69,99,24,47"/><W12/><G115/><T72/><D111/><U83/><E109/><V108/><F108/><W43/><G69/><T6/><D72/><U33/><E132/><V95/><F37/><W126/><G126/><T129/><D3/><U124/><E124/><V54/><F54/><W135/><G135/><T27/><D6/><U116/><E114/><V10/><F10/><W30/><G14/><T2/><D2/><U0/><E0/><V106/><F106/><W9/><G9/><T7/><D7/><U117/><E103/><V45/><F45/><W55/><G30/><T63/><D63/><U18/><E46/><V51/><F51/><W130/><G130/><T53/><D53/><U85/><E56/><V17/><F134/><W78/><G78/><T22/><D118/><U1/><E1/><V26/><REACH who="2" step="1"/><F5/><REACH who="2" ten="368,169,233,220" step="2"/><W49/><G49/><T57/><D129/><U81/><E81/><V4/><F4/><W74/><G55/><T60/><D61/><U128/><E128/><V38/><F38/><W52/><G43/><T39/><D71/><U113/><E113/><V32/><F32/><W73/><G123/><T67/><D65/><U75/><E66/><V64/><F64/><W120/><G121/><T127/><D127/><U50/><E50/><V25/><F25/><W36/><G36/><T112/><D112/><U94/><E34/><V102/><F102/><N who="3" m="62559" /><G120/><T84/><D67/><U35/><E33/><V16/><F16/><N who="3" m="8199" /><G47/><T110/><D110/><U133/><E35/><V122/><F122/><W76/><G76/><T28/><D44/><U93/><E133/><V92/><F92/><RYUUKYOKU ba="0,1" sc="368,-15,169,-15,233,15,220,15" hai2="11,15,17,19,20,26,68,70,79,82,89,95,97" hai3="21,24,29,48,52,73,74" /><INIT seed="3,1,1,4,4,62" ten="353,154,248,235" oya="3" hai0="12,66,128,43,9,50,4,102,88,114,27,69,56" hai1="74,40,132,133,53,15,98,135,122,3,17,52,18" hai2="60,71,78,80,29,126,23,124,39,85,103,97,110" hai3="36,95,42,13,19,25,26,2,45,119,49,121,89"/><W81/><G119/><T20/><D69/><U127/><E122/><V64/><F39/><W117/><G117/><T84/><D102/><U109/><E109/><V125/><F110/><W101/><G121/><T83/><D128/><U14/><E3/><V94/><F23/><W123/><G2/><T129/><D114/><U70/><E74/><V82/><F82/><W72/><G36/><T63/><D129/><U48/><E70/><V111/><F111/><W41/><G41/><T76/><D50/><U21/><E127/><V30/><AGARI ba="1,1" hai="29,30,60,64,71,78,80,85,94,97,103,124,125,126" machi="30" ten="40,5200,0" yaku="0,1,18,1,52,1" doraHai="62" who="2" fromWho="2" sc="353,-14,154,-14,248,65,235,-27" /><INIT seed="4,0,0,4,5,29" ten="339,140,313,208" oya="0" hai0="53,89,108,65,116,34,20,133,86,94,78,5,13" hai1="113,27,74,72,132,62,102,61,90,75,114,76,68" hai2="135,97,26,127,24,73,33,96,37,14,105,104,128" hai3="107,18,131,63,111,87,91,31,32,4,88,122,112"/><T92/><D133/><U126/><E76/><V60/><F37/><W16/><G111/><T110/><D34/><U7/><E132/><V119/><F135/><W1/><G107/><T83/><D116/><U2/><E102/><V9/><F73/><W93/><G63/><T55/><D65/><U22/><E126/><V36/><F36/><W117/><G117/><T41/><D41/><U69/><E90/><V3/><F3/><W120/><G112/><N who="1" m="43114" /><E7/><V103/><F127/><W57/><G57/><T10/><D20/><U30/><E2/><V85/><F33/><W50/><G50/><T59/><D94/><U19/><E19/><V106/><F85/><W38/><G38/><T46/><D46/><U52/><E62/><V35/><F60/><W0/><G91/><T125/><D125/><U45/><E45/><V25/><F35/><W70/><G1/><T44/><D44/><U17/><E17/><V58/><F58/><AGARI ba="0,0" hai="22,27,30,52,58,61,68,69,72,74,75" m="43114" machi="58" ten="40,5200,0" yaku="15,1,11,1,54,1" doraHai="29" who="1" fromWho="2" sc="339,0,140,52,313,-52,208,0" /><INIT seed="5,0,0,0,1,66" ten="339,192,261,208" oya="1" hai0="49,125,57,35,80,12,4,98,7,39,110,82,53" hai1="55,24,114,134,100,29,92,17,101,124,117,68,1" hai2="104,106,132,79,13,90,73,40,129,2,71,33,107" hai3="64,87,65,95,133,120,51,81,61,74,22,122,18"/><U21/><E117/><V6/><F132/><W88/><G133/><T102/><D35/><U34/><E134/><V78/><F33/><W131/><G131/><T60/><D39/><U99/><E114/><V28/><F28/><W47/><G74/><T59/><D125/><U38/><E38/><V63/><F13/><W52/><G81/><T23/><D23/><U3/><E124/><V48/><F90/><W69/><REACH who="3" step="1"/><G64/><REACH who="3" ten="339,192,261,198" step="2"/><T42/><D80/><U97/><E55/><V113/><F73/><W83/><G83/><T36/><D82/><U85/><E85/><V76/><F129/><W105/><G105/><T75/><D75/><U58/><E58/><V103/><F107/><W45/><G45/><T135/><D59/><U26/><REACH who="1" step="1"/><E68/><REACH who="1" ten="339,182,261,198" step="2"/><V8/><F71/><W123/><G123/><T25/><D53/><U91/><E91/><V31/><F113/><W70/><G70/><T46/><D57/><U10/><E10/><V115/><F8/><W44/><G44/><T118/><D46/><U121/><E121/><V5/><F115/><W108/><G108/><T93/><D110/><U43/><E43/><V96/><F40/><W0/><G0/><T72/><D42/><U14/><E14/><AGARI ba="0,2" hai="14,18,22,47,51,52,61,65,69,87,88,95,120,122" machi="14" ten="30,12000,2" yaku="1,1,7,1,52,1,54,2,53,2" doraHai="66" doraHaiUra="119" who="3" fromWho="1" sc="339,0,182,-120,261,0,198,140" /><INIT seed="6,0,0,3,1,71" ten="339,62,261,338" oya="2" hai0="37,70,94,41,10,110,92,30,73,46,122,17,98" hai1="47,69,113,117,82,3,109,9,16,22,90,68,14" hai2="133,39,26,103,112,19,24,116,44,63,83,2,135" hai3="97,132,88,45,51,67,42,128,53,124,56,75,105"/><V50/><F116/><W126/><G75/><T91/><D110/><U5/><E113/><V0/><F112/><W18/><G128/><T13/><D70/><U28/><E109/><V54/><F103/><W114/><G114/><T96/><D30/><U59/><E117/><V84/><F63/><W86/><G67/><T80/><D122/><U55/><E47/><V134/><F39/><N who="3" m="21727" /><G18/><T35/><D35/><U87/><REACH who="1" step="1"/><E28/><REACH who="1" ten="339,52,261,338" step="2"/><V20/><REACH who="2" step="1"/><F26/><REACH who="2" ten="339,52,251,338" step="2"/><W129/><G126/><T111/><D111/><U1/><E1/><V21/><F21/><W93/><G124/><T100/><D10/><U95/><E95/><V120/><F120/><W29/><G93/><T23/><D80/><U61/><AGARI ba="0,2" hai="3,5,9,14,16,22,55,59,61,68,69,82,87,90" machi="61" ten="20,8000,1" yaku="1,1,0,1,7,1,54,1,53,1" doraHai="71" doraHaiUra="32" who="1" fromWho="1" sc="339,-20,52,100,251,-40,338,-20" /><INIT seed="7,0,0,1,2,105" ten="319,152,211,318" oya="3" hai0="25,59,95,80,74,107,135,5,66,6,93,42,21" hai1="47,106,130,22,75,127,45,129,102,16,64,91,132" hai2="46,62,133,30,7,33,36,37,39,128,54,48,40" hai3="34,38,94,32,108,119,10,58,83,101,28,92,49"/><W13/><G119/><T79/><D107/><U51/><E127/><V44/><F133/><W56/><G38/><T78/><D135/><U20/><E132/><V113/><F113/><W73/><G73/><T112/><D112/><U71/><E22/><V31/><F128/><N who="1" m="49257" /><E91/><V124/><F124/><W53/><G34/><T120/><D42/><N who="1" m="25015" /><E64/><V63/><F7/><N who="3" m="3295" /><G108/><T9/><D79/><U122/><E71/><V67/><F33/><W90/><G32/><T110/><D120/><U1/><E1/><V86/><F86/><N who="3" m="50527" /><G28/><T109/><D109/><U81/><E122/><V26/><F26/><W3/><G3/><T17/><D110/><U123/><E123/><V131/><F131/><W125/><G125/><T98/><D9/><U99/><E47/><N who="2" m="25703" /><F30/><W19/><G101/><T8/><D8/><U121/><E81/><V11/><F11/><W76/><G76/><T12/><D80/><U57/><E57/><N who="3" m="22122" /><G19/><T60/><D17/><U96/><E96/><V29/><F29/><W89/><G89/><T117/><D98/><U87/><E87/><V24/><F24/><W85/><G85/><T61/><D25/><N who="1" m="14471" /><E121/><V52/><F31/><W72/><G72/><AGARI ba="0,0" hai="72,75,99,102,106" m="14471,25015,49257" machi="72" ten="30,7700,0" yaku="19,1,52,2,54,1" doraHai="105" who="1" fromWho="3" sc="319,0,152,77,211,0,318,-77" owari="319,41.9,229,-17.1,211,-28.9,241,4.1" /></mjloggm>