<mjloggm ver="2.3"><GO type="169" lobby="0"/><UN n0="%4C%21%56%45" n1="%E3%83%A9%E3%82%B9%E3%82%8B%E3%81%8B%E3%81%AA" n2="%E3%82%A4%E3%82%AB%E3%81%AB%E3%82%82%E6%9D%B1%E5%8C%97" n3="%E7%94%9F%E5%BE%92%E4%BC%9A%E3%80%90%E5%BA%8F%E3%80%91" dan="16,17,17,16" rate="2114.70,2207.17,2178.56,2134.37" sx="M,M,M,M"/><TAIKYOKU oya="0"/><INIT seed="0,0,0,0,0,5" ten="250,250,250,250" oya="0" hai0="119,132,4,39,105,118,23,8,85,115,59,54,72" hai1="11,52,128,7,56,130,2,88,43,53,20,9,34" hai2="98,32,133,45,65,107,120,94,127,15,83,113,135" hai3="46,84,99,48,44,108,67,6,76,124,129,87,91"/><T92/><D115/><U41/><E34/><V62/><F120/><W18/><G108/><T31/><D39/><U80/><E20/><V71/><F113/><W30/><G67/><T3/><D72/><U112/><E112/><V1/><F1/><W40/><G30/><T109/><D105/><U117/><E117/><V25/><F107/><W104/><G129/><N who="1" m="49770" /><E11/><V90/><F127/><W66/><G66/><T95/><D132/><U86/><E53/><V122/><F122/><W102/><G6/><T50/><D109/><U125/><E125/><V134/><F45/><W70/><G70/><T114/><D114/><U131/><N who="1" m="49778" /><U29/><DORA hai="111" /><E29/><V57/><F83/><W36/><G76/><T19/><D31/><U101/><E101/><V69/><F32/><W116/><G116/><T73/><D73/><U26/><E26/><V14/><F25/><W10/><G91/><N who="0" m="53359" /><D95/><U121/><E121/><V81/><REACH who="2" step="1"/><F81/><REACH who="2" ten="250,250,240,250" step="2"/><W17/><G124/><T27/><D119/><U37/><E37/><V96/><F96/><W74/><G36/><T89/><D118/><U78/><E78/><V100/><F100/><W13/><G102/><T12/><D89/><U38/><E38/><V22/><F22/><W42/><G104/><T0/><D0/><U123/><E123/><V21/><F21/><W106/><G106/><T103/><D103/><U79/><E79/><V60/><F60/><AGARI ba="0,1" hai="2,7,9,41,43,52,56,60,80,86,88" m="49778" machi="60" ten="40,8000,1" yaku="19,1,52,1,54,2" doraHai="5,111" who="1" fromWho="2" sc="250,0,250,90,240,-80,250,0" /><INIT seed="1,0,0,2,1,50" ten="250,340,160,250" oya="1" hai0="107,32,9,7,29,10,82,113,97,4,65,15,72" hai1="120,42,64,84,26,37,103,70,67,23,36,58,18" hai2="43,85,123,62,98,2,127,40,31,60,93,68,106" hai3="115,119,55,1,96,49,83,135,24,112,21,20,61"/><U59/><E120/><V116/><F116/><W118/><G1/><T8/><D113/><U111/><E103/><V63/><F123/><W3/><G3/><T133/><D133/><U19/><E111/><V17/><F2/><W75/><G135/><T77/><D65/><U129/><E129/><V110/><F110/><W16/><G61/><T94/><D107/><U126/><E126/><V114/><F127/><W5/><G5/><T74/><D74/><U131/><E131/><V130/><F130/><W12/><G96/><T73/><D73/><U13/><E70/><V128/><F68/><W44/><G83/><T53/><D4/><U41/><E84/><V101/><F128/><W121/><G75/><T33/><D33/><U6/><E6/><V47/><F114/><W80/><G80/><T104/><D104/><U78/><E78/><V69/><F69/><W14/><G14/><T22/><D32/><U56/><E37/><V92/><F31/><N who="3" m="17799" /><G121/><T132/><D132/><U71/><E36/><V125/><F125/><W11/><G11/><T66/><D66/><N who="1" m="25131" /><E71/><V28/><F106/><W51/><G51/><T89/><D29/><U86/><E86/><V0/><F28/><W54/><G54/><T81/><D81/><U45/><E13/><V122/><F0/><W27/><G12/><T95/><D22/><U109/><E109/><V100/><F122/><W90/><G90/><T57/><REACH who="0" step="1"/><D94/><REACH who="0" ten="240,340,160,250" step="2"/><U87/><E23/><V48/><F93/><W99/><G115/><T30/><D30/><U46/><E19/><V105/><F17/><W25/><G112/><T124/><D124/><RYUUKYOKU ba="0,1" sc="240,30,340,-10,160,-10,250,-10" hai0="7,8,9,10,15,53,57,72,77,82,89,95,97" /><INIT seed="2,1,1,3,3,110" ten="270,330,150,240" oya="2" hai0="39,120,17,76,21,117,66,13,64,96,114,108,15" hai1="68,94,113,58,7,99,134,97,31,93,57,48,92" hai2="91,115,100,106,130,116,85,54,41,129,63,62,118" hai3="98,49,50,27,18,112,84,32,59,8,81,69,1"/><V67/><F106/><W135/><G69/><T72/><D108/><U56/><E68/><V105/><F105/><W121/><G121/><T9/><D120/><U2/><E134/><V47/><F100/><W28/><G135/><T5/><D39/><U34/><E7/><V61/><F54/><W77/><G98/><T36/><D36/><U44/><E2/><V103/><F103/><W51/><G18/><T74/><D117/><N who="2" m="45162" /><F91/><W42/><G59/><T102/><D114/><U29/><E113/><V107/><F85/><W11/><G112/><T101/><D101/><U73/><E73/><V119/><N who="2" m="45170" /><V24/><DORA hai="124" /><F24/><W80/><G1/><T122/><D122/><U46/><E34/><V127/><F107/><W89/><REACH who="3" step="1"/><G42/><REACH who="3" ten="270,330,150,230" step="2"/><T55/><D96/><N who="1" m="36939" /><E46/><V35/><F115/><W30/><G30/><T19/><D102/><U38/><E44/><V132/><F132/><W0/><G0/><T70/><D70/><U71/><E71/><N who="2" m="42479" /><F127/><W125/><G125/><T10/><D55/><U53/><E29/><V16/><F16/><W3/><G3/><T60/><D66/><U14/><E31/><V90/><F35/><W33/><G33/><T52/><D64/><U26/><E57/><V79/><F90/><W123/><G123/><T12/><D76/><U43/><E56/><V75/><F79/><W45/><G45/><T4/><D19/><U82/><E58/><AGARI ba="1,2" hai="4,5,9,10,12,13,15,17,21,52,58,60,72,74" machi="58" ten="40,2600,0" yaku="9,1,54,1" doraHai="110,124" who="0" fromWho="1" sc="270,49,330,-29,150,0,230,0" /><INIT seed="3,0,0,4,4,46" ten="319,301,150,230" oya="3" hai0="113,22,105,86,2,111,12,65,9,126,76,0,115" hai1="29,123,95,124,73,28,121,133,27,13,18,74,85" hai2="63,87,15,96,131,42,129,8,114,64,88,125,41" hai3="16,5,83,4,78,93,3,1,98,33,32,66,61"/><W45/><G4/><T127/><D105/><U6/><E133/><V69/><F114/><N who="0" m="43530" /><D65/><U31/><E124/><N who="0" m="47657" /><D76/><U44/><E6/><V24/><F125/><W84/><G1/><N who="0" m="619" /><D86/><U62/><E62/><V52/><F96/><W120/><G120/><T81/><D81/><U130/><E44/><V132/><F132/><W75/><G5/><N who="0" m="3119" /><D22/><U68/><E68/><V30/><F42/><W36/><G3/><T94/><D94/><U79/><E95/><V17/><F41/><W20/><G75/><T107/><D107/><U101/><E85/><V104/><F104/><W43/><G61/><T109/><AGARI ba="0,0" hai="109,111" m="3119,619,47657,43530" machi="109" ten="40,8000,1" yaku="11,1,18,1,34,2" doraHai="46" who="0" fromWho="0" sc="319,80,301,-20,150,-20,230,-40" /><INIT seed="4,0,0,5,3,111" ten="399,281,130,190" oya="0" hai0="29,12,63,18,6,125,124,103,0,59,79,30,38" hai1="87,82,57,119,65,114,96,42,52,9,97,110,16" hai2="76,108,46,34,115,20,3,113,24,121,54,132,91" hai3="23,27,68,1,11,118,102,98,55,32,92,131,8"/><T72/><D38/><U126/><E110/><V4/><F121/><W39/><G118/><T86/><D72/><U77/><E119/><V127/><F108/><W31/><G39/><T49/><D49/><U83/><E126/><V104/><F104/><W88/><G68/><T75/><D75/><U48/><E65/><V85/><F127/><N who="0" m="48714" /><D103/><U106/><E106/><V19/><F132/><W81/><G131/><T99/><D99/><U37/><E37/><V134/><F134/><W70/><G70/><T60/><D60/><U123/><E42/><V33/><F76/><W73/><G1/><T93/><D6/><U62/><E62/><V133/><F133/><W61/><G32/><T26/><D26/><U64/><E64/><V21/><F21/><W90/><G73/><T17/><D17/><U22/><E123/><V80/><F3/><W122/><G122/><T100/><D100/><U120/><E120/><V7/><F7/><W58/><G102/><T95/><D93/><U50/><E50/><N who="2" m="29015" /><F4/><W135/><G135/><T28/><D0/><U128/><E9/><V94/><F94/><W78/><REACH who="3" step="1"/><G78/><REACH who="3" ten="399,281,130,180" step="2"/><T15/><D79/><U13/><E128/><V69/><F69/><W10/><G10/><T45/><D45/><U116/><E116/><V44/><F44/><W101/><G101/><T67/><D18/><U43/><E16/><V84/><F84/><AGARI ba="0,1" hai="8,11,23,27,31,55,58,61,81,84,88,90,92,98" machi="84" ten="40,5200,0" yaku="1,1,8,1,54,1,53,0" doraHai="111" doraHaiUra="130" who="3" fromWho="2" sc="399,0,281,0,130,-52,180,62" /><INIT seed="5,0,0,4,1,92" ten="399,281,78,242" oya="1" hai0="98,20,73,84,45,105,56,4,55,52,22,126,36" hai1="32,116,122,80,3,114,104,68,77,43,75,101,111" hai2="16,53,17,5,41,107,33,27,6,130,85,1,40" hai3="10,123,63,91,109,72,30,93,86,82,19,132,25"/><U95/><RYUUKYOKU type="yao9" ba="0,0" sc="399,0,281,0,78,0,242,0" hai1="3,32,43,68,75,77,80,95,101,104,111,114,116,122" /><INIT seed="5,1,0,4,0,132" ten="399,281,78,242" oya="1" hai0="109,129,110,112,22,40,86,99,8,117,128,113,131" hai1="54,34,26,0,95,47,10,98,130,23,50,118,74" hai2="12,21,101,48,88,9,5,30,87,6,63,60,42" hai3="56,58,52,107,31,80,59,37,111,15,66,93,64"/><U84/><E74/><V119/><F119/><W65/><G107/><T106/><D40/><U78/><E34/><V49/><F101/><W38/><G31/><T92/><D22/><U25/><E130/><V18/><F30/><W39/><G93/><T44/><D44/><U2/><E118/><V82/><F6/><W45/><G15/><T108/><D8/><U124/><E124/><V11/><F9/><W13/><G13/><T71/><D71/><U43/><E26/><V61/><REACH who="2" step="1"/><F42/><REACH who="2" ten="399,281,68,242" step="2"/><W102/><G102/><N who="0" m="62815" /><D117/><U28/><E43/><V57/><F57/><N who="3" m="22123" /><G80/><T51/><D51/><U73/><E10/><V17/><F17/><W79/><G111/><T67/><D67/><U62/><E28/><V126/><F126/><W83/><G83/><T116/><D116/><U27/><E23/><V29/><F29/><W75/><G39/><T46/><D46/><U36/><E47/><V96/><F96/><W35/><G38/><T114/><D110/><U133/><E98/><V14/><AGARI ba="1,1" hai="5,11,12,14,18,21,48,49,60,61,63,82,87,88" machi="14" ten="30,8000,1" yaku="1,1,0,1,8,1,54,1,53,1" doraHai="132" doraHaiUra="81" who="2" fromWho="2" sc="399,-21,281,-41,68,93,242,-21" /><INIT seed="6,0,0,2,2,61" ten="378,240,161,221" oya="2" hai0="12,111,42,74,21,66,3,5,19,80,14,131,39" hai1="48,11,126,29,100,133,103,89,120,113,76,132,116" hai2="4,10,68,98,59,84,128,53,115,15,97,107,63" hai3="94,95,36,32,124,92,118,28,0,43,122,121,73"/><V67/><F115/><W49/><G118/><T47/><D111/><U23/><E116/><V22/><F128/><W7/><G49/><T112/><D112/><U64/><E76/><V58/><F68/><W129/><G129/><T101/><D101/><U9/><E113/><V35/><F35/><W18/><G124/><T13/><D131/><U88/><E48/><V57/><F107/><W17/><G73/><T65/><D12/><U110/><E110/><V52/><F84/><W79/><G79/><N who="0" m="44151" /><D13/><U81/><E126/><V6/><F6/><W46/><G32/><T135/><D135/><N who="1" m="51787" /><E64/><V27/><F53/><W86/><G28/><T31/><D31/><U54/><E54/><V87/><F87/><W83/><G83/><T130/><D130/><U72/><E120/><V51/><REACH who="2" step="1"/><F58/><REACH who="2" ten="378,240,151,221" step="2"/><W109/><G86/><T25/><D5/><U24/><E72/><V34/><F34/><W70/><G70/><T2/><D21/><U8/><E81/><V40/><F40/><W71/><G71/><T33/><D33/><U37/><E23/><V55/><F55/><W26/><G109/><T60/><D42/><U91/><E9/><V127/><F127/><W117/><G117/><T50/><D66/><U123/><E11/><V93/><F93/><W62/><G7/><T56/><D65/><U20/><E8/><V96/><F96/><W134/><G134/><T16/><D56/><U108/><E108/><V106/><F106/><W77/><G43/><T125/><D125/><U102/><E123/><V38/><F38/><AGARI ba="0,1" hai="20,24,29,37,38,88,89,91,100,102,103" m="51787" machi="38" ten="40,2600,0" yaku="20,1,54,1" doraHai="61" who="1" fromWho="2" sc="378,0,240,36,151,-26,221,0" /><INIT seed="7,0,0,5,3,69" ten="378,276,125,221" oya="3" hai0="12,131,122,4,106,72,89,11,13,81,71,110,39" hai1="92,127,126,61,36,55,7,79,115,21,38,95,43" hai2="57,113,0,29,80,130,17,14,65,121,45,98,70" hai3="49,64,26,25,10,132,119,90,62,31,109,67,41"/><W100/><G119/><T19/><D110/><U76/><E7/><V78/><F0/><W32/><G109/><T56/><D122/><U30/><E115/><V135/><F113/><W63/><G10/><T54/><D131/><U9/><E9/><V93/><F130/><W133/><G90/><T85/><D71/><U1/><E1/><V15/><F135/><W42/><G49/><T24/><D106/><U20/><E55/><V18/><F121/><W101/><REACH who="3" step="1"/><G31/><REACH who="3" ten="378,276,125,211" step="2"/><T102/><D89/><U23/><E30/><V51/><F29/><W99/><G99/><T123/><D11/><U125/><E61/><V87/><F70/><W112/><G112/><T116/><D116/><U37/><E43/><V40/><F18/><W124/><G124/><T59/><D19/><U82/><E79/><V118/><F118/><W5/><G5/><T27/><D4/><U22/><N who="1" m="5120" /><DORA hai="16" /><U6/><E6/><V104/><F17/><W66/><G66/><T77/><D77/><U73/><AGARI ba="0,1" hai="36,37,38,73,76,82,92,95,125,126,127" m="5120" machi="73" ten="60,24000,4" yaku="0,1,29,2,18,1,52,7" doraHai="69,16" who="1" fromWho="1" sc="378,-60,276,250,125,-60,211,-120" owari="318,11.8,526,62.6,65,-43.5,91,-30.9" /></mjloggm>