<mjloggm ver="2.3"><GO type="169" lobby="0"/><UN n0="%33%30%63%6D%33%30%63%6D" n1="%E3%82%82%E3%81%93%E2%97%AF" n2="%E3%81%97%E3%82%89%E3%81%99%EF%BC%A1" n3="%E3%81%95%E3%81%8B%E3%81%8D" dan="17,16,16,17" rate="2142.75,2105.77,2112.43,2226.11" sx="M,M,M,M"/><TAIKYOKU oya="0"/><INIT seed="0,0,0,1,3,32" ten="250,250,250,250" oya="0" hai0="50,29,44,88,34,134,129,5,109,127,38,40,107" hai1="74,59,15,10,20,28,27,89,84,116,66,9,67" hai2="112,36,114,104,7,37,108,101,77,54,60,23,71" hai3="24,79,78,33,11,85,91,6,120,119,39,132,80"/><T133/><D107/><U70/><E116/><V113/><F108/><W115/><G119/><T126/><D29/><U125/><E125/><N who="0" m="47625" /><D34/><U95/><E74/><V100/><F100/><W53/><G115/><T123/><D5/><U58/><E9/><V128/><F23/><W96/><G39/><T65/><D123/><U118/><E118/><V82/><F54/><W121/><G132/><N who="0" m="50795" /><D88/><U4/><REACH who="1" step="1"/><E70/><REACH who="1" ten="250,240,250,250" step="2"/><V48/><F71/><W46/><G121/><T131/><D109/><U130/><E130/><N who="0" m="49673" /><D65/><AGARI ba="0,1" hai="4,10,15,20,27,28,58,59,65,66,67,84,89,95" machi="65" ten="40,8000,1" yaku="1,1,8,1,53,2" doraHai="32" doraHaiUra="55" who="1" fromWho="0" sc="250,-80,240,90,250,0,250,0" /><INIT seed="1,0,0,1,5,86" ten="170,330,250,250" oya="1" hai0="33,73,96,99,59,62,2,16,119,7,95,0,134" hai1="51,54,50,89,75,18,53,42,41,109,15,24,68" hai2="29,14,13,97,116,101,131,94,88,127,57,22,123" hai3="45,21,12,110,36,84,92,70,113,1,35,133,108"/><U111/><E75/><V114/><F116/><W83/><G113/><T38/><D38/><U124/><E68/><V4/><F123/><W122/><G122/><T3/><D73/><U44/><E124/><V118/><F118/><W82/><G1/><T104/><D33/><U31/><E89/><V85/><F131/><W78/><G35/><T39/><D39/><U128/><E128/><V58/><F127/><W132/><G70/><T69/><D134/><N who="3" m="51817" /><G21/><T115/><D115/><U30/><E109/><N who="3" m="42090" /><G12/><N who="2" m="4713" /><F4/><W72/><G45/><T65/><D99/><U56/><E111/><V105/><F105/><W126/><G36/><T6/><D104/><U28/><REACH who="1" step="1"/><E24/><REACH who="1" ten="170,320,250,250" step="2"/><N who="2" m="16535" /><F114/><W20/><G126/><T11/><D119/><U93/><E93/><V17/><F101/><W125/><G125/><T34/><D69/><U117/><E117/><V103/><F103/><W64/><G92/><T79/><D95/><U135/><E135/><V90/><F17/><W87/><G72/><T48/><D7/><U129/><E129/><V106/><F106/><W10/><G82/><AGARI ba="0,1" hai="57,58,82,85,88,90,94,97" m="16535,4713" machi="82" ten="30,7700,0" yaku="8,1,52,2,54,1" doraHai="86" who="2" fromWho="3" sc="170,0,320,0,250,87,250,-77" /><INIT seed="2,0,0,2,1,61" ten="170,320,337,173" oya="2" hai0="111,116,35,105,21,48,117,103,99,45,9,78,23" hai1="67,130,82,104,53,133,51,4,89,83,102,47,27" hai2="131,87,125,70,121,74,22,63,13,18,15,25,33" hai3="11,20,14,90,39,96,118,86,49,95,46,29,64"/><V24/><F74/><W55/><G118/><N who="0" m="45675" /><D111/><U128/><E133/><V31/><F121/><W79/><G39/><T84/><D35/><U32/><E4/><V119/><F119/><W113/><G113/><T72/><D84/><U38/><E38/><V3/><F131/><N who="1" m="50217" /><E89/><V97/><F125/><W43/><G29/><T112/><D112/><U80/><E67/><V0/><F87/><W122/><G20/><T115/><D115/><U59/><E47/><V19/><F97/><W6/><G122/><T124/><D124/><U40/><E40/><V62/><F62/><W134/><G134/><T132/><D132/><U76/><E102/><V16/><F63/><W50/><G64/><T135/><D135/><U30/><E104/><V65/><F65/><W77/><REACH who="3" step="1"/><G86/><AGARI ba="0,0" hai="27,30,32,51,53,59,76,80,82,83,86" m="50217" machi="86" ten="30,1000,0" yaku="19,1" doraHai="61" who="1" fromWho="3" sc="170,0,320,10,337,0,173,-10" /><INIT seed="3,0,0,3,0,119" ten="170,330,337,163" oya="3" hai0="13,24,81,19,29,124,83,114,127,56,132,97,31" hai1="129,64,121,77,118,54,67,21,66,117,79,116,95" hai2="73,103,34,120,76,50,5,12,98,85,47,11,25" hai3="28,93,52,1,101,37,94,51,104,70,10,108,38"/><W44/><G70/><T16/><D132/><U90/><E129/><V102/><F73/><W42/><G108/><T100/><D56/><U88/><E121/><V39/><F39/><W58/><G38/><T46/><D46/><U0/><E0/><V133/><F133/><W68/><G28/><T109/><D114/><U57/><E21/><V22/><F34/><W36/><G36/><T84/><D109/><U27/><E27/><V59/><F59/><W48/><G68/><T63/><D63/><U8/><E8/><V107/><F98/><W65/><G65/><T61/><D61/><U115/><E115/><V71/><F107/><W41/><G41/><T2/><D2/><U55/><E57/><V53/><F71/><W15/><G37/><T14/><D97/><U20/><E20/><V80/><F120/><W89/><G1/><T69/><D84/><U82/><E82/><V33/><F33/><W30/><G30/><AGARI ba="0,0" hai="5,11,12,22,25,30,47,50,53,76,80,85,102,103" machi="30" ten="30,2000,0" yaku="7,1,8,1" doraHai="119" who="2" fromWho="3" sc="170,0,330,0,337,20,163,-20" /><INIT seed="4,0,0,4,1,84" ten="170,330,357,143" oya="0" hai0="81,7,72,96,47,28,111,0,71,14,45,68,90" hai1="110,40,25,60,10,35,125,32,20,53,39,2,49" hai2="76,128,8,11,13,67,24,132,92,21,51,37,91" hai3="103,69,74,38,5,116,129,26,93,3,135,131,30"/><T42/><D111/><U109/><E125/><V79/><F37/><W58/><G69/><T23/><D47/><U66/><E40/><V98/><F132/><W117/><G38/><T85/><D72/><U86/><E39/><V48/><F67/><W102/><G74/><T108/><D108/><U104/><E104/><V16/><F11/><N who="3" m="2495" /><G58/><T123/><D123/><U100/><E100/><V4/><F128/><N who="3" m="49227" /><G135/><T122/><D122/><U118/><E118/><N who="3" m="45674" /><G93/><T134/><D134/><U55/><E66/><V17/><F4/><W78/><G78/><AGARI ba="0,0" hai="8,13,16,17,21,24,48,51,76,78,79,91,92,98" machi="78" ten="40,5200,0" yaku="8,1,52,1,54,1" doraHai="84" who="2" fromWho="3" sc="170,0,330,0,357,52,143,-52" /><INIT seed="5,0,0,4,4,42" ten="170,330,409,91" oya="1" hai0="80,117,77,127,131,32,74,2,103,6,53,85,134" hai1="44,115,46,50,19,101,54,36,14,94,93,123,135" hai2="108,5,43,64,22,112,12,28,61,111,1,133,119" hai3="109,75,38,110,107,0,56,20,72,63,69,52,73"/><U126/><E123/><V113/><F119/><W100/><G0/><T25/><D117/><U99/><E135/><V66/><F66/><W67/><G38/><T78/><D134/><U11/><E126/><V98/><F98/><W106/><G20/><T118/><D103/><U47/><E115/><N who="2" m="44107" /><F43/><W30/><G30/><T17/><D78/><U120/><E120/><V57/><F133/><W83/><G83/><T48/><D53/><U91/><E36/><V129/><F129/><W35/><G35/><T62/><D32/><U15/><E14/><V97/><F97/><AGARI ba="0,0" hai="11,15,19,44,46,47,50,54,91,93,94,97,99,101" machi="97" ten="30,12000,1" yaku="7,1,8,1,52,3" doraHai="42" who="1" fromWho="2" sc="170,0,330,120,409,-120,91,0" /><INIT seed="5,1,0,2,4,19" ten="170,450,289,91" oya="1" hai0="53,62,9,114,26,24,88,100,128,91,39,132,31" hai1="104,33,4,124,103,34,10,51,63,117,94,119,22" hai2="71,84,28,57,46,133,111,52,69,93,87,47,14" hai3="30,32,120,92,0,13,70,82,5,48,85,59,61"/><U109/><E104/><V98/><F111/><W6/><G120/><T74/><D39/><U110/><E51/><V18/><F28/><W3/><G70/><T8/><D74/><U44/><E44/><N who="2" m="16939" /><F69/><W37/><G37/><T105/><D114/><U15/><E63/><N who="2" m="36263" /><F71/><W7/><G92/><T54/><D100/><U99/><E124/><V95/><F133/><W29/><G13/><T40/><D31/><U21/><E33/><V107/><F107/><W134/><G48/><T23/><D62/><U36/><E34/><V58/><F58/><W75/><G75/><T56/><D56/><U130/><E130/><V126/><F126/><W101/><G101/><T55/><D55/><U38/><E38/><V123/><F123/><W121/><G134/><T78/><D105/><U16/><E36/><V64/><F64/><W42/><G42/><T12/><D132/><U97/><E97/><V129/><F129/><W17/><G121/><T127/><D127/><U43/><E43/><V96/><F96/><W131/><G131/><T113/><D40/><U73/><E73/><V49/><F49/><W11/><G0/><T2/><D2/><U118/><REACH who="1" step="1"/><E22/><REACH who="1" ten="170,440,289,91" step="2"/><N who="2" m="11607" /><F98/><W89/><G32/><T50/><D50/><U66/><E66/><V65/><F65/><N who="3" m="39103" /><G3/><AGARI ba="1,1" hai="3,4,10,15,16,21,94,99,103,109,110,117,118,119" machi="3" ten="40,7700,0" yaku="1,1,52,1,54,1,53,0" doraHai="19" doraHaiUra="68" who="1" fromWho="3" sc="170,0,440,90,289,0,91,-80" /><INIT seed="5,2,0,4,3,56" ten="170,530,289,11" oya="1" hai0="17,81,82,96,13,85,27,7,121,40,66,127,55" hai1="92,70,120,122,106,95,79,109,71,34,94,76,68" hai2="64,20,91,126,130,42,124,87,99,115,62,16,61" hai3="59,129,119,23,1,22,33,77,5,44,112,9,30"/><U65/><E106/><V135/><F135/><W103/><G103/><T78/><D127/><N who="2" m="48682" /><F130/><W31/><G77/><T2/><D121/><U67/><E34/><V26/><F99/><W41/><G129/><T83/><D2/><U123/><E109/><V63/><F42/><W133/><G133/><T72/><D72/><U98/><E98/><V6/><F6/><W108/><G108/><T52/><D40/><U69/><E69/><N who="2" m="42127" /><F115/><W58/><G112/><T28/><D66/><AGARI ba="2,0" hai="65,66,67,68,70,71,76,79,92,94,95,120,122,123" machi="66" ten="60,12000,1" yaku="29,2,28,2" doraHai="56" who="1" fromWho="0" sc="170,-126,530,126,289,0,11,0" /><INIT seed="5,3,0,4,3,62" ten="44,656,289,11" oya="1" hai0="14,34,37,81,113,102,42,67,48,31,11,73,88" hai1="22,105,100,115,12,109,63,52,5,61,77,98,79" hai2="9,18,64,6,69,108,87,71,129,57,46,7,65" hai3="30,1,54,95,126,124,96,117,112,104,110,103,50"/><U85/><E115/><V66/><F108/><W70/><G1/><T43/><D37/><U40/><E109/><V75/><F75/><W94/><G110/><T135/><D102/><U130/><E130/><V25/><F71/><W15/><G112/><T53/><D135/><U4/><E40/><V120/><F69/><W58/><G117/><T91/><D67/><U131/><E131/><V122/><F129/><W86/><G70/><T33/><D33/><U125/><E61/><V47/><F57/><W16/><G30/><T35/><D35/><U44/><E85/><V119/><F119/><W84/><G95/><T32/><D32/><U8/><E5/><V38/><F38/><W83/><G83/><T41/><D81/><U10/><E10/><V97/><F97/><W27/><G27/><T134/><D73/><U20/><E20/><V107/><F107/><W68/><G68/><T76/><D76/><U82/><E22/><V93/><F120/><W74/><G74/><T90/><D113/><U114/><E79/><V92/><F122/><W28/><G28/><T13/><D134/><U128/><E77/><V78/><F78/><W127/><REACH who="3" step="1"/><G104/><REACH who="3" ten="44,656,289,1" step="2"/><T59/><D31/><U19/><E105/><V0/><F93/><W72/><G72/><T121/><D121/><U106/><E82/><V56/><F25/><W36/><G36/><T26/><D26/><U132/><E106/><V89/><F0/><W60/><G60/><T99/><D34/><U80/><E114/><V29/><F29/><W45/><G45/><N who="2" m="16905" /><F56/><W51/><G51/><T24/><D24/><U17/><E63/><RYUUKYOKU ba="3,1" sc="44,-15,656,-15,289,15,1,15" hai2="6,7,9,18,64,65,66,87,89,92" hai3="15,16,50,54,58,84,86,94,96,103,124,126,127" /><INIT seed="6,4,1,1,1,85" ten="29,641,304,16" oya="2" hai0="105,128,107,48,13,108,133,65,24,98,29,46,60" hai1="90,23,77,119,88,54,82,27,2,104,53,72,89" hai2="121,39,79,81,22,34,123,110,15,114,35,7,16" hai3="106,135,132,38,97,25,84,126,30,37,11,70,17"/><V129/><F39/><W68/><G84/><T21/><D108/><U28/><E119/><V78/><F78/><W43/><G17/><T36/><D36/><N who="3" m="13929" /><G11/><T134/><D128/><U44/><E104/><V112/><F129/><W125/><G97/><T103/><D105/><U14/><E2/><V56/><F56/><W94/><G94/><T122/><D122/><N who="2" m="46602" /><F81/><W63/><G106/><T18/><D48/><U86/><E72/><V40/><F40/><W113/><G43/><T92/><D46/><U102/><E102/><V55/><F79/><W8/><G8/><T20/><REACH who="0" step="1"/><D107/><REACH who="0" ten="19,641,304,16" step="2"/><U59/><E44/><V47/><F110/><W71/><G63/><T95/><D95/><U130/><E130/><V109/><F109/><W19/><G113/><T100/><D100/><U131/><E131/><V117/><F114/><W101/><G101/><T51/><D51/><U67/><E14/><V73/><F112/><W31/><G135/><T9/><D9/><U6/><E6/><V52/><F7/><W64/><G132/><T10/><D10/><U0/><E0/><V57/><F15/><W32/><G19/><T83/><D83/><U124/><E82/><V45/><F16/><W118/><G118/><T120/><D120/><U42/><E42/><V58/><F117/><W80/><G80/><T12/><D12/><U61/><E28/><V4/><F4/><W69/><G31/><T93/><D93/><U49/><E61/><N who="2" m="36007" /><F47/><W99/><G99/><T75/><D75/><U3/><E3/><V76/><F45/><W41/><G41/><T26/><D26/><U91/><E27/><RYUUKYOKU ba="4,2" sc="19,15,641,-15,304,-15,16,15" hai0="13,18,20,21,24,29,60,65,92,98,103,133,134" hai3="25,30,32,64,68,69,70,71,125,126" /><INIT seed="7,5,2,1,4,28" ten="34,626,289,31" oya="3" hai0="44,11,87,59,3,31,135,50,51,30,128,5,114" hai1="101,6,16,22,45,0,43,103,125,91,1,29,4" hai2="60,2,78,40,84,33,77,97,113,110,116,56,24" hai3="130,57,111,13,62,118,37,70,88,54,71,74,108"/><W25/><G118/><T18/><D128/><U134/><E134/><V69/><F110/><N who="3" m="42027" /><G74/><T117/><D117/><U124/><E29/><V86/><F2/><W58/><G130/><T107/><D107/><U49/><E91/><V72/><F69/><W14/><G37/><T123/><D123/><U96/><E1/><V119/><F72/><W27/><G88/><T104/><D104/><U92/><E101/><V129/><F129/><W120/><G120/><T20/><D135/><U121/><E121/><V42/><F113/><W94/><G94/><T63/><D87/><U131/><E131/><V109/><F109/><W17/><G58/><T47/><D114/><U23/><E92/><V65/><F97/><W73/><G73/><T32/><D32/><U95/><E95/><V115/><F115/><W89/><G89/><T38/><D38/><U80/><E96/><V66/><F116/><W90/><G90/><T39/><D39/><U102/><E103/><V10/><F119/><W82/><G82/><T26/><D47/><U81/><E81/><V34/><F56/><W36/><G36/><T106/><D106/><U98/><E80/><V7/><F84/><W85/><G85/><T48/><REACH who="0" step="1"/><D44/><REACH who="0" ten="24,626,289,31" step="2"/><U52/><E45/><V35/><F86/><W53/><G53/><AGARI ba="5,3" hai="3,5,11,18,20,26,30,31,48,50,51,53,59,63" machi="53" ten="40,5200,0" yaku="1,1,2,1,53,1" doraHai="28" doraHaiUra="19" who="0" fromWho="3" sc="24,97,626,0,289,0,31,-67" owari="121,-27.9,626,72.6,289,8.9,-36,-53.6" /></mjloggm>