<mjloggm ver="2.3"><GO type="169" lobby="0"/><UN n0="%E3%82%AA%E3%83%AC%E3%83%B3%E3%82%B8%E5%A4%AA%E9%83%8E" n1="%50%6F%6F%48%65%3F" n2="%E3%81%8B%E3%82%81%E3%81%98%E3%82%8D%E3%81%86" n3="%E3%81%9D%E3%82%93%E3%81%97%E6%A7%98" dan="16,16,16,18" rate="2172.43,2161.34,2126.40,2222.75" sx="M,F,M,M"/><TAIKYOKU oya="0"/><INIT seed="0,0,0,1,4,94" ten="250,250,250,250" oya="0" hai0="47,26,88,134,35,92,40,16,101,6,31,69,53" hai1="125,33,106,56,107,75,105,115,80,13,78,72,102" hai2="110,112,76,39,130,116,121,36,96,122,17,109,23" hai3="18,128,37,2,113,117,32,64,19,29,1,104,91"/><T82/><D134/><U9/><E33/><V67/><F67/><W55/><G113/><T131/><D131/><U103/><E115/><V51/><F76/><W100/><G117/><T11/><D69/><U50/><E125/><V52/><F112/><W95/><G37/><N who="2" m="14409" /><F130/><W119/><G119/><T118/><D118/><U77/><E56/><N who="2" m="32799" /><F116/><W90/><G64/><T126/><D126/><U46/><E77/><V65/><F65/><W3/><G128/><T132/><D132/><U114/><E114/><V129/><F129/><W133/><G133/><T135/><D40/><U93/><E75/><V68/><F68/><W83/><G55/><T34/><D34/><U120/><E120/><V14/><F96/><W24/><G83/><T62/><D135/><U89/><E46/><V41/><F41/><W86/><REACH who="3" step="1"/><G90/><REACH who="3" ten="250,250,250,240" step="2"/><T49/><D82/><U20/><E89/><V38/><N who="2" m="14417" /><V58/><DORA hai="10" /><F58/><W85/><G85/><T124/><D124/><U12/><E80/><V0/><F0/><W111/><G111/><AGARI ba="0,1" hai="14,17,23,109,110,111,121,122" m="32799,14417" machi="111" ten="40,5200,0" yaku="14,1,52,1,54,1" doraHai="94,10" who="2" fromWho="3" sc="250,0,250,0,250,62,240,-52" /><INIT seed="1,0,0,3,5,101" ten="250,250,312,188" oya="1" hai0="52,132,78,125,13,126,120,11,92,43,71,27,54" hai1="113,91,85,53,119,127,73,122,20,112,95,135,114" hai2="47,134,133,123,18,89,55,75,15,111,45,66,118" hai3="117,65,64,61,9,129,72,33,21,58,109,6,23"/><U105/><E122/><V99/><F118/><W59/><G109/><T8/><D71/><U51/><E119/><V98/><F123/><W32/><G72/><T62/><D120/><U97/><E135/><V70/><F75/><W96/><G117/><T48/><D78/><U63/><E127/><V42/><F111/><W35/><G129/><T115/><D115/><U22/><E73/><V74/><F74/><W80/><G80/><T107/><D27/><U130/><E63/><V19/><F66/><W108/><G108/><T2/><D2/><U128/><E20/><V60/><F70/><W68/><G96/><T104/><D92/><U12/><E12/><V0/><F0/><W57/><REACH who="3" step="1"/><G65/><REACH who="3" ten="250,250,312,178" step="2"/><T49/><D132/><U39/><E128/><V90/><F98/><W106/><G106/><N who="0" m="40491" /><D43/><U7/><E130/><V28/><F99/><W121/><G121/><T17/><D8/><U30/><E105/><V31/><F42/><W103/><G103/><T29/><D29/><U124/><E97/><V50/><F31/><W37/><G37/><T67/><D67/><U36/><E36/><V82/><F28/><W25/><G25/><T38/><D38/><U100/><E39/><V81/><F133/><W4/><G4/><T69/><D69/><U86/><E7/><V46/><F134/><W110/><G110/><T34/><D54/><U41/><E100/><V10/><F55/><W1/><AGARI ba="0,1" hai="1,6,9,21,23,32,33,35,57,58,59,61,64,68" machi="1" ten="40,2700,0" yaku="1,1,0,1,53,0" doraHai="101" doraHaiUra="76" who="3" fromWho="3" sc="250,-7,250,-13,312,-7,178,37" /><INIT seed="2,0,0,1,0,45" ten="243,237,305,215" oya="2" hai0="132,80,95,20,67,9,44,130,39,13,6,97,76" hai1="104,31,1,129,70,79,27,54,121,66,108,36,127" hai2="28,124,89,37,46,120,47,111,57,69,128,51,64" hai3="78,42,83,7,81,40,32,123,84,131,106,14,19"/><V21/><F120/><W62/><G123/><T18/><D130/><U118/><RYUUKYOKU type="yao9" ba="0,0" sc="243,0,237,0,305,0,215,0" hai1="1,27,31,36,54,66,70,79,104,108,118,121,127,129" /><INIT seed="2,1,0,1,1,65" ten="243,237,305,215" oya="2" hai0="100,9,19,102,124,134,34,112,5,127,132,28,14" hai1="117,17,52,67,74,48,49,115,109,16,6,23,85" hai2="101,77,61,106,44,50,46,63,21,104,7,31,105" hai3="126,113,29,72,78,83,84,59,76,116,54,89,103"/><V60/><F101/><W0/><G116/><T56/><D56/><U64/><E74/><V68/><F77/><W131/><G0/><N who="0" m="167" /><D100/><U30/><E117/><V96/><F96/><W22/><G113/><T122/><D102/><U118/><E115/><V45/><F7/><W108/><G108/><T47/><D47/><U91/><E118/><V73/><F73/><W75/><G126/><N who="0" m="48171" /><D112/><U81/><E109/><V38/><F38/><W42/><G131/><T87/><D87/><U129/><E129/><V41/><F31/><W133/><G133/><N who="0" m="51307" /><D122/><U114/><E114/><V125/><F125/><W4/><G103/><T97/><D97/><U92/><E49/><V90/><F90/><W111/><G76/><T121/><D121/><U13/><E64/><V128/><F128/><W120/><G120/><T12/><D19/><U39/><E67/><V123/><F123/><W88/><G75/><T36/><D36/><U32/><E39/><V99/><F99/><W70/><G72/><T35/><D28/><U69/><E17/><V55/><F41/><W80/><G42/><T98/><D98/><U25/><E81/><V15/><F50/><W1/><G78/><T26/><D26/><U40/><E40/><V130/><F130/><W71/><G89/><T66/><D66/><U135/><E135/><V10/><F55/><W95/><G54/><T58/><D58/><N who="1" m="33031" /><E6/><V11/><F45/><W82/><G4/><T79/><D79/><U37/><E37/><V20/><F44/><W18/><G18/><T86/><D86/><U43/><E43/><V119/><F46/><W107/><G83/><RYUUKYOKU ba="1,0" sc="243,15,237,15,305,-15,215,-15" hai0="12,14,34,35" hai1="13,16,23,25,30,32,69,85,91,92" /><INIT seed="3,2,0,0,3,133" ten="258,252,290,200" oya="3" hai0="70,104,34,107,123,63,80,125,76,6,29,95,61" hai1="52,106,0,13,72,119,36,132,60,1,12,103,2" hai2="30,117,94,5,15,54,58,43,74,8,97,105,135" hai3="90,126,129,124,64,10,47,73,134,35,96,20,40"/><W100/><G134/><T69/><D123/><U86/><E132/><V81/><F135/><W122/><G122/><T46/><D95/><U75/><E72/><V118/><F105/><W66/><G35/><T11/><D46/><U53/><E75/><V115/><F115/><W25/><G73/><T4/><D4/><U128/><E36/><V32/><F43/><W110/><G10/><T88/><D76/><U92/><E106/><V14/><F14/><W24/><G90/><T114/><D29/><U17/><E128/><V49/><F30/><N who="3" m="17671" /><G25/><T83/><D34/><U108/><E108/><V121/><F32/><W57/><G57/><T33/><D33/><U26/><E119/><V113/><F113/><W67/><G129/><T55/><D11/><U59/><E53/><V84/><F74/><W120/><G120/><T85/><D55/><U21/><REACH who="1" step="1"/><E86/><REACH who="1" ten="258,242,290,200" step="2"/><V22/><F121/><W89/><G110/><T87/><D114/><U71/><E71/><V42/><F118/><W41/><G41/><T130/><D130/><U91/><E91/><N who="2" m="55519" /><F42/><W82/><G89/><T62/><D88/><U9/><E9/><V37/><F117/><W38/><G82/><T116/><D116/><U78/><E78/><N who="2" m="46135" /><F37/><W50/><G38/><T102/><D70/><U27/><E27/><V131/><F131/><W31/><G31/><T101/><D69/><U109/><E109/><V56/><F8/><W18/><G18/><T68/><D68/><U3/><E3/><V127/><F5/><W48/><G48/><T44/><D6/><U79/><E79/><V99/><F49/><W45/><G45/><RYUUKYOKU ba="2,1" sc="258,-15,242,15,290,-15,200,15" hai1="0,1,2,12,13,17,21,26,52,59,60,92,103" hai3="40,47,50,64,66,67,96,100,124,126" /><INIT seed="3,3,1,5,0,18" ten="243,257,275,215" oya="3" hai0="111,103,30,102,17,79,131,42,15,65,73,120,61" hai1="22,89,119,16,33,126,41,1,8,54,56,52,78" hai2="113,115,2,50,68,72,25,71,28,96,20,75,64" hai3="36,63,13,129,81,105,122,92,66,58,0,12,45"/><W110/><G122/><T76/><D111/><U5/><E119/><V114/><F2/><W4/><G105/><T35/><D131/><U11/><E33/><V94/><F50/><W26/><G129/><T31/><D42/><U107/><E107/><V84/><F84/><W133/><G133/><T44/><D44/><U80/><E126/><V88/><REACH who="2" step="1"/><F64/><REACH who="2" ten="243,257,265,215" step="2"/><W48/><G0/><T83/><D65/><U130/><E130/><V24/><F24/><W124/><G26/><T62/><D73/><AGARI ba="3,2" hai="20,25,28,68,71,72,73,75,88,94,96,113,114,115" machi="73" ten="50,6400,0" yaku="1,1,52,1,54,1,53,0" doraHai="18" doraHaiUra="3" who="2" fromWho="0" sc="243,-73,257,0,265,93,215,0" /><INIT seed="4,0,0,4,2,131" ten="170,257,358,215" oya="0" hai0="113,27,57,119,128,71,50,14,81,107,20,117,2" hai1="61,65,13,34,78,31,118,74,49,40,100,114,4" hai2="102,41,8,30,58,26,88,109,122,110,123,23,54" hai3="47,125,29,19,17,129,52,45,24,126,80,53,32"/><T124/><D2/><U127/><E118/><V97/><F41/><W62/><G129/><T55/><D128/><U67/><E127/><N who="3" m="48650" /><G80/><T91/><D124/><U94/><E74/><V35/><F35/><W96/><G96/><T85/><D113/><U135/><E78/><V18/><F8/><W7/><G7/><T89/><D71/><U115/><E31/><V21/><F21/><W12/><G19/><T130/><D107/><U6/><E34/><V133/><F30/><W11/><G62/><T43/><D130/><U28/><E28/><V33/><F33/><W0/><G0/><T1/><D1/><U77/><E77/><V98/><F98/><W79/><G79/><T69/><D69/><U63/><E40/><V51/><F88/><W68/><G68/><T106/><D43/><U76/><E76/><V73/><F73/><W70/><G70/><T84/><D106/><U16/><E49/><V3/><F3/><W22/><G32/><T111/><D111/><U116/><E116/><V104/><F110/><W132/><G132/><T86/><D86/><U93/><E100/><V36/><F109/><W101/><G101/><T87/><D84/><U46/><E16/><V56/><F133/><W90/><G90/><T105/><D105/><U99/><E99/><V48/><F36/><W44/><AGARI ba="0,0" hai="11,12,17,22,24,29,44,45,47,52,53" m="48650" machi="44" ten="30,2000,0" yaku="18,1,54,1" doraHai="131" who="3" fromWho="3" sc="170,-10,257,-5,358,-5,215,20" /><INIT seed="5,0,0,5,5,106" ten="160,252,353,235" oya="1" hai0="65,27,88,87,85,91,114,16,74,104,35,94,3" hai1="56,84,103,118,98,128,53,73,0,46,55,119,23" hai2="78,15,116,135,50,82,75,18,30,21,95,29,64" hai3="124,125,11,9,6,102,63,2,7,112,110,57,42"/><U61/><E73/><V52/><F116/><W69/><G110/><T96/><D3/><U129/><E0/><V89/><F64/><W51/><G112/><T99/><D114/><U39/><E23/><V109/><F135/><W14/><G102/><T134/><D134/><U122/><E84/><V13/><F13/><W62/><G69/><T17/><D65/><U111/><E122/><V81/><F81/><W38/><G38/><T133/><D133/><U34/><E34/><V123/><F109/><W77/><G77/><T66/><D66/><U127/><E111/><V79/><F79/><W131/><G131/><N who="1" m="50250" /><E127/><N who="3" m="48714" /><G57/><T8/><D74/><U101/><E101/><V86/><F123/><W40/><G51/><T92/><D104/><N who="1" m="63607" /><E53/><V58/><AGARI ba="0,0" hai="15,18,21,29,30,50,52,58,75,78,82,86,89,95" machi="58" ten="20,12000,2" yaku="0,1,7,1,25,2,52,1,54,1" doraHai="106" who="2" fromWho="2" sc="160,-30,252,-60,353,120,235,-30" /><INIT seed="6,0,0,0,1,33" ten="130,192,473,205" oya="2" hai0="97,128,120,99,59,32,104,25,28,67,113,106,38" hai1="50,98,79,66,49,82,14,85,2,56,39,22,29" hai2="10,19,124,21,5,135,27,43,83,40,18,69,54" hai3="96,80,121,20,1,73,42,111,110,94,34,75,100"/><V57/><F69/><W16/><G34/><T122/><D113/><U125/><E39/><V74/><F124/><W4/><G121/><T45/><D128/><U132/><E125/><V119/><F119/><W127/><G42/><T95/><D45/><U11/><E132/><V134/><F74/><W88/><G127/><T3/><D38/><U76/><E2/><V81/><F19/><W64/><G64/><T26/><D32/><U101/><E76/><V91/><F43/><W90/><G4/><T62/><D3/><U68/><E68/><V107/><F107/><W112/><G1/><T0/><D0/><U30/><E66/><V65/><F65/><W12/><G112/><T17/><D17/><U103/><E103/><V71/><F71/><W117/><G117/><T23/><D25/><U8/><E8/><V31/><F31/><W115/><G115/><T58/><D58/><U53/><E22/><V131/><F40/><W48/><G48/><T108/><D108/><U24/><E49/><V55/><F131/><W51/><G51/><T13/><D13/><U116/><E24/><V52/><F57/><W84/><REACH who="3" step="1"/><G100/><REACH who="3" ten="130,192,473,195" step="2"/><T9/><D9/><U6/><E116/><V44/><F134/><W129/><G129/><T61/><D61/><U109/><E109/><AGARI ba="0,1" hai="12,16,20,73,75,80,84,88,90,94,96,109,110,111" machi="109" ten="40,8000,1" yaku="1,1,54,2,53,1" doraHai="33" doraHaiUra="77" who="3" fromWho="1" sc="130,0,192,-80,473,0,195,90" /><INIT seed="7,0,0,1,0,36" ten="130,112,473,285" oya="3" hai0="135,73,57,40,122,13,68,49,27,130,46,60,52" hai1="19,56,55,127,115,71,125,119,17,0,81,113,24" hai2="41,63,93,114,20,120,74,124,80,61,28,37,10" hai3="1,126,103,97,102,83,11,116,8,91,134,86,42"/><W133/><G116/><T26/><D122/><U90/><E119/><V50/><F37/><W9/><G126/><N who="1" m="48138" /><E71/><V77/><F124/><W78/><G1/><T39/><D73/><U16/><E0/><V104/><F104/><W15/><G15/><T105/><D130/><U89/><E24/><V44/><F120/><W79/><G42/><T106/><D135/><N who="3" m="51721" /><G103/><T70/><D70/><U38/><E38/><V111/><F114/><N who="1" m="43529" /><E81/><V95/><F111/><W131/><G131/><T6/><D26/><U18/><N who="1" m="4096" /><DORA hai="100" /><U92/><E92/><AGARI ba="0,0" hai="8,9,11,78,79,83,86,91,92,97,102" m="51721" machi="92" ten="30,1500,0" yaku="20,1" doraHai="36,100" who="3" fromWho="1" sc="130,0,112,-15,473,0,285,15" /><INIT seed="7,1,0,0,3,25" ten="130,97,473,300" oya="3" hai0="37,53,75,72,74,88,80,70,110,32,0,13,18" hai1="101,26,23,95,38,103,55,60,24,83,79,134,124" hai2="31,57,82,56,84,40,77,15,62,119,96,117,47" hai3="133,109,4,108,123,46,87,126,42,107,51,14,129"/><W118/><G118/><T130/><D110/><N who="3" m="42601" /><G123/><T17/><D0/><U50/><E38/><V86/><F96/><W68/><G126/><T100/><D70/><U90/><E134/><V66/><F86/><W22/><G129/><T104/><D37/><U6/><E124/><V102/><F102/><W34/><G34/><T73/><D32/><U16/><E6/><V106/><F106/><W97/><G133/><T116/><D72/><U2/><E2/><V8/><F56/><W3/><G68/><T7/><D7/><U67/><E26/><V54/><F66/><W36/><G87/><T94/><D74/><U127/><E127/><V71/><F71/><W10/><G36/><T125/><D75/><U122/><E122/><V112/><F112/><W81/><G81/><T64/><D80/><U128/><E128/><V52/><F84/><W92/><G107/><T120/><D73/><U114/><E114/><V21/><F82/><W135/><G135/><T35/><D35/><U113/><E113/><V12/><F117/><W121/><G121/><T33/><D33/><U89/><E83/><V30/><F119/><W43/><G43/><T98/><D116/><U19/><E79/><V20/><F40/><W69/><G69/><T78/><D78/><U44/><E19/><V132/><F77/><W76/><G76/><T49/><D18/><U105/><E105/><V131/><F132/><W111/><N who="3" m="42609" /><W5/><DORA hai="91" /><G5/><T93/><D120/><U41/><E41/><V27/><F131/><W9/><G3/><T115/><D130/><U11/><E89/><V29/><F12/><RYUUKYOKU ba="1,0" sc="130,0,97,0,473,0,300,0" owari="130,-27.0,97,-40.3,473,57.3,300,10.0" /></mjloggm>