<mjloggm ver="2.3"><GO type="169" lobby="0"/><UN n0="%E3%81%BF%E3%81%A3%E3%81%A4%E3%81%83%EF%BD%9E" n1="%E3%82%8A%E3%82%93%E3%81%94%32%32%36" n2="%E3%82%89%E3%81%84%E3%81%82%E3%82%93%E3%81%98%E3%82%83%E3%82%93" n3="%E3%81%9F%E3%81%8B%E3%81%A3%E3%81%A6%E3%81%83%E3%83%BC" dan="16,16,16,18" rate="2177.42,2141.66,2100.78,2190.25" sx="F,M,M,F"/><TAIKYOKU oya="0"/><INIT seed="0,0,0,5,3,19" ten="250,250,250,250" oya="0" hai0="22,63,73,50,103,75,70,100,94,98,61,118,69" hai1="38,131,13,57,130,77,36,23,104,83,108,122,90" hai2="132,47,32,40,78,115,113,114,30,80,76,64,116" hai3="72,91,14,10,58,44,5,110,2,12,86,126,119"/><T125/><D118/><U56/><E122/><V123/><F123/><W28/><G119/><T18/><D125/><U17/><E104/><V105/><F116/><W34/><G72/><T127/><D127/><U101/><E101/><V82/><F105/><W128/><G126/><T24/><D103/><U120/><E90/><V87/><F64/><W60/><G128/><N who="1" m="49194" /><E120/><V124/><F124/><W67/><G110/><T112/><D112/><U46/><E108/><V11/><F132/><W25/><REACH who="3" step="1"/><G44/><REACH who="3" ten="250,250,250,240" step="2"/><T8/><D75/><N who="1" m="43455" /><E46/><V9/><F47/><W66/><G66/><T121/><D73/><U0/><E0/><V6/><F113/><W135/><G135/><T133/><D133/><U117/><E117/><V21/><F114/><W89/><G89/><T84/><D121/><U107/><E107/><V31/><F115/><W45/><G45/><T99/><D100/><U93/><E93/><AGARI ba="0,1" hai="2,5,10,12,14,25,28,34,58,60,67,86,91,93" machi="93" ten="30,2000,0" yaku="1,1,7,1,53,0" doraHai="19" doraHaiUra="106" who="3" fromWho="1" sc="250,0,250,-20,250,0,240,30" /><INIT seed="1,0,0,1,4,15" ten="250,230,250,270" oya="1" hai0="122,29,60,92,64,20,1,16,101,42,125,25,17" hai1="57,133,54,131,9,111,89,65,27,91,74,45,68" hai2="87,123,0,132,37,110,55,2,4,94,6,46,104" hai3="67,81,72,23,40,41,30,79,12,135,107,103,108"/><U82/><E131/><V85/><F123/><W75/><G75/><T3/><D122/><U31/><E133/><V32/><F32/><W97/><G135/><T114/><D114/><U62/><E9/><V8/><F132/><W95/><G108/><T130/><D130/><U69/><E111/><V18/><F104/><W53/><G67/><T93/><D42/><U115/><E115/><V71/><F71/><W98/><G53/><T7/><D125/><U24/><E45/><V50/><F37/><W116/><G116/><T49/><D49/><U36/><E36/><V66/><F66/><W106/><G106/><T117/><D117/><U80/><E27/><V38/><F38/><W56/><G56/><N who="0" m="36871" /><D3/><U10/><E10/><V61/><F0/><W11/><G23/><T26/><D1/><U120/><E120/><V83/><F4/><W124/><G30/><T63/><D7/><U77/><E82/><V70/><F70/><W47/><G47/><T19/><D63/><U73/><E73/><V109/><F61/><W99/><G99/><N who="0" m="59623" /><D93/><U113/><E113/><V51/><F94/><W105/><G124/><T88/><D88/><N who="1" m="33867" /><E65/><V13/><F2/><W14/><G107/><T84/><D84/><N who="2" m="32330" /><F83/><W76/><G105/><T33/><D26/><U28/><E24/><V118/><F118/><W78/><G98/><T102/><D33/><U21/><E31/><V52/><F6/><N who="3" m="3191" /><G72/><T86/><D86/><U35/><E35/><V134/><F134/><W90/><G14/><T96/><D96/><U58/><E58/><N who="2" m="33047" /><F110/><W129/><G129/><T43/><D43/><U127/><E127/><RYUUKYOKU ba="0,0" sc="250,0,230,0,250,0,270,0" hai0="16,17,19,20,25,29,102" hai1="21,28,54,57,62,68,69,74,77,80" hai2="8,13,18,46,51,55,109" hai3="40,41,76,78,79,81,90,95,97,103" /><INIT seed="1,1,0,1,4,125" ten="250,230,250,270" oya="1" hai0="56,54,46,14,68,97,78,123,44,114,67,36,45" hai1="7,104,50,121,100,10,15,3,134,26,69,118,133" hai2="117,94,83,120,93,74,32,96,59,92,22,66,90" hai3="82,124,132,107,73,64,61,129,53,89,38,95,19"/><U116/><E69/><V102/><F117/><W108/><G107/><T4/><D114/><U63/><E63/><N who="2" m="38271" /><F32/><W91/><G124/><T130/><D130/><U109/><E50/><V87/><F120/><W51/><G38/><T101/><D123/><U80/><E121/><V8/><F8/><W33/><G33/><T111/><D111/><U76/><E109/><V43/><F43/><W79/><G108/><T39/><D78/><U5/><E5/><V17/><F74/><W115/><G115/><T42/><D4/><U49/><E49/><V31/><F31/><W11/><G132/><N who="1" m="50794" /><E3/><V113/><F113/><W106/><G106/><T29/><D29/><U25/><E104/><V16/><F17/><W60/><G19/><T81/><D14/><AGARI ba="1,0" hai="14,16,22,83,87,90,92,93,94,96,102" m="38271" machi="14" ten="30,2000,0" yaku="8,1,54,1" doraHai="125" who="2" fromWho="0" sc="250,-23,230,0,250,23,270,0" /><INIT seed="2,0,0,0,5,117" ten="227,230,273,270" oya="2" hai0="118,50,54,46,121,127,32,132,109,133,55,125,10" hai1="103,99,12,106,95,24,113,63,68,61,91,102,28" hai2="44,108,15,17,40,1,2,87,90,65,26,92,23" hai3="111,18,14,129,41,80,49,34,71,122,112,89,47"/><V21/><F65/><W25/><G71/><T82/><D32/><U67/><E113/><V53/><F53/><W114/><G111/><T6/><D109/><U126/><E126/><N who="0" m="48137" /><D118/><U33/><E61/><V64/><F64/><W8/><G129/><T88/><D55/><U56/><E56/><V45/><F45/><W31/><G122/><T5/><D121/><U123/><E123/><V16/><REACH who="2" step="1"/><F108/><REACH who="2" ten="227,230,263,270" step="2"/><W104/><G47/><T20/><D133/><U52/><E52/><V75/><F75/><W77/><G112/><T131/><D132/><U30/><E30/><V59/><F59/><W9/><G31/><T86/><D131/><U135/><E135/><V124/><F124/><W29/><G29/><T72/><D72/><U98/><E103/><V97/><F97/><W13/><G114/><T3/><D46/><U85/><E99/><V69/><F69/><W94/><G41/><T78/><D54/><U36/><E36/><AGARI ba="0,1" hai="1,2,15,16,17,21,23,26,36,40,44,87,90,92" machi="36" ten="30,5800,0" yaku="1,1,7,1,54,1,53,0" doraHai="117" doraHaiUra="119" who="2" fromWho="1" sc="227,0,230,-58,263,68,270,0" /><INIT seed="2,1,0,4,4,63" ten="227,172,331,270" oya="2" hai0="16,50,90,114,124,0,92,8,18,89,120,9,68" hai1="115,109,49,13,12,47,28,11,112,5,62,42,2" hai2="85,24,107,131,81,32,79,59,78,116,99,25,46" hai3="70,35,125,33,1,95,64,48,29,94,61,93,36"/><V69/><F69/><W26/><G36/><T97/><D120/><U73/><E109/><V130/><F116/><W108/><G108/><T83/><D114/><U65/><E73/><V72/><F46/><W133/><G133/><T87/><D124/><U31/><E2/><V19/><F59/><W7/><G125/><T96/><D68/><U117/><E117/><V123/><F123/><W129/><G129/><N who="2" m="49161" /><F19/><N who="0" m="7210" /><D0/><U111/><E111/><V106/><F32/><W104/><G104/><N who="2" m="39977" /><F99/><N who="0" m="37962" /><D50/><U53/><E13/><V37/><F37/><W75/><G75/><T105/><D105/><U84/><E112/><V91/><F25/><W66/><G48/><T101/><D101/><U60/><E115/><V21/><F24/><W45/><G45/><T119/><D119/><U43/><E62/><V121/><F121/><W135/><G135/><T41/><D41/><U56/><E84/><AGARI ba="1,0" hai="8,9,83,84,87,89,90,92" m="37962,7210" machi="84" ten="30,2000,0" yaku="8,1,54,1" doraHai="63" who="0" fromWho="1" sc="227,23,172,-23,331,0,270,0" /><INIT seed="3,0,0,5,0,58" ten="250,149,331,270" oya="3" hai0="81,118,130,114,17,15,56,106,1,128,26,90,35" hai1="105,135,84,59,111,121,2,88,6,68,37,61,12" hai2="14,16,80,122,79,127,73,70,103,112,13,92,108" hai3="28,10,49,47,55,94,87,25,125,3,132,27,19"/><W24/><G125/><T4/><D118/><U5/><E121/><V63/><F108/><W21/><G132/><T82/><D106/><U113/><E113/><V34/><F34/><W11/><G3/><T44/><D114/><U119/><E111/><V134/><F134/><W38/><G38/><T36/><D1/><U98/><E37/><V20/><F122/><W77/><G25/><T48/><D4/><U22/><E68/><V66/><F127/><W62/><G62/><T51/><D36/><U131/><E131/><N who="0" m="50217" /><D35/><U72/><E72/><V133/><F133/><W23/><REACH who="3" step="1"/><G94/><REACH who="3" ten="250,149,331,260" step="2"/><T41/><D26/><U102/><E2/><V89/><F112/><W91/><G91/><T42/><D90/><U126/><E126/><V60/><F60/><W123/><G123/><T67/><D67/><U116/><E135/><V54/><F13/><W0/><G0/><T117/><D117/><N who="1" m="45131" /><E12/><V86/><F103/><W95/><G95/><T50/><D50/><U124/><E124/><V78/><F14/><W129/><G129/><T7/><D7/><U18/><E18/><V107/><F16/><W69/><G69/><T39/><D17/><U31/><E31/><V30/><F30/><W57/><G57/><T75/><D15/><U76/><E76/><V46/><F78/><W97/><G97/><T99/><D99/><U120/><E120/><V100/><F100/><W109/><G109/><T29/><D29/><U40/><E5/><V8/><F70/><W43/><G43/><T9/><D42/><U96/><E6/><V53/><F89/><W64/><G64/><T85/><D39/><RYUUKYOKU ba="0,1" sc="250,-10,149,-10,331,-10,260,30" hai3="10,11,19,21,23,24,27,28,47,49,55,77,87" /><INIT seed="3,1,1,2,5,60" ten="240,139,321,290" oya="3" hai0="20,76,108,107,33,45,26,25,42,112,49,92,15" hai1="18,77,63,68,1,134,54,106,83,5,110,47,102" hai2="98,101,32,17,73,58,119,37,48,113,99,34,133" hai3="52,21,111,70,129,118,23,50,10,117,51,14,0"/><W130/><G70/><T40/><D107/><U44/><E110/><V29/><F37/><W74/><G74/><T84/><D112/><U86/><E134/><V3/><F3/><W6/><G51/><T79/><D108/><U80/><E1/><V128/><F128/><N who="3" m="49259" /><G111/><T55/><D33/><U132/><E5/><V56/><F73/><W122/><G122/><T69/><D69/><U97/><E132/><V91/><F48/><W62/><G62/><T96/><D15/><U125/><E125/><V131/><F131/><W27/><G0/><T53/><D53/><U22/><E83/><V46/><F113/><W81/><G81/><N who="0" m="47143" /><D79/><U11/><E11/><V90/><F133/><W31/><G23/><T104/><D104/><U28/><E28/><V94/><F34/><W121/><G121/><T127/><D127/><U13/><REACH who="1" step="1"/><E54/><REACH who="1" ten="240,129,321,290" step="2"/><V57/><F29/><W43/><G43/><N who="0" m="16427" /><D20/><U38/><E38/><V126/><F126/><W75/><G75/><T114/><D114/><U72/><E72/><V105/><F32/><W120/><G120/><T4/><D4/><U109/><E109/><V71/><F17/><W123/><G123/><T8/><D8/><U41/><E41/><V78/><F78/><W124/><G124/><T95/><D95/><U30/><E30/><V82/><F94/><W103/><G118/><T116/><D116/><U65/><AGARI ba="1,2" hai="13,18,22,44,47,63,65,68,77,80,86,97,102,106" machi="65" ten="30,7900,0" yaku="1,1,0,1,52,1,53,1" doraHai="60" doraHaiUra="64" who="1" fromWho="1" sc="240,-21,129,102,321,-21,290,-40" /><INIT seed="4,0,0,5,1,120" ten="219,231,300,250" oya="0" hai0="95,115,0,99,72,21,110,45,122,73,2,53,59" hai1="102,55,114,28,134,23,14,71,49,78,25,127,79" hai2="5,133,63,112,67,107,76,52,104,96,135,40,97" hai3="69,11,131,121,24,48,90,41,60,26,13,27,20"/><T65/><D122/><U38/><E38/><V4/><F40/><W87/><G121/><T117/><D117/><U58/><E127/><V10/><F76/><W82/><G131/><T44/><D115/><U128/><E134/><N who="2" m="51211" /><F52/><W86/><G69/><T37/><D65/><U94/><E71/><N who="2" m="42495" /><F112/><W126/><G126/><T42/><D45/><U77/><E128/><V7/><F10/><W43/><G60/><T9/><D21/><U109/><E114/><V111/><F111/><W85/><G20/><T119/><D119/><U108/><REACH who="1" step="1"/><E14/><REACH who="1" ten="219,221,300,250" step="2"/><V39/><F39/><W92/><G13/><T70/><D2/><U68/><E68/><V66/><F66/><W16/><G27/><T74/><D70/><U84/><E84/><V34/><F97/><AGARI ba="0,1" hai="23,25,28,49,55,58,77,78,79,94,97,102,108,109" machi="97" ten="40,8000,1" yaku="1,1,52,2,53,1" doraHai="120" doraHaiUra="22" who="1" fromWho="2" sc="219,0,221,90,300,-80,250,0" /><INIT seed="5,0,0,4,4,82" ten="219,311,220,250" oya="1" hai0="73,7,68,133,94,13,16,107,69,92,10,60,72" hai1="134,47,126,46,53,15,43,102,0,79,100,50,86" hai2="105,19,18,103,59,44,114,2,106,91,64,110,14" hai3="45,26,51,8,35,101,97,21,111,55,112,81,90"/><U123/><E0/><V132/><F110/><W42/><G111/><T116/><D107/><U108/><E126/><V75/><F2/><W32/><G112/><T22/><D116/><U120/><E134/><V38/><F132/><W130/><G130/><T119/><D119/><U31/><E108/><V77/><F114/><W109/><G109/><T99/><D133/><U83/><E31/><V58/><F75/><W61/><G8/><T3/><D94/><U1/><E1/><V41/><F77/><W48/><G61/><T84/><D84/><U56/><E47/><V25/><F25/><W129/><G129/><T12/><D68/><U39/><REACH who="1" step="1"/><E15/><REACH who="1" ten="219,301,220,250" step="2"/><V121/><F14/><W63/><G45/><T70/><D3/><U11/><E11/><V95/><F44/><W124/><G124/><T131/><D131/><U127/><E127/><V115/><F115/><W24/><G24/><T117/><D117/><U5/><E5/><V71/><F19/><W135/><G26/><T54/><D7/><U33/><E33/><V57/><F18/><W125/><G32/><T28/><D10/><U118/><E118/><V76/><F41/><W66/><G42/><T74/><D28/><U96/><E96/><V89/><F38/><W27/><G97/><T37/><D13/><U65/><E65/><V85/><F64/><W20/><G125/><T113/><D37/><U30/><E30/><V67/><F67/><W40/><G35/><T62/><D113/><U4/><E4/><V6/><F6/><W128/><G135/><T34/><D34/><U93/><E93/><V23/><F95/><RYUUKYOKU ba="0,1" sc="219,-10,301,30,220,-10,250,-10" hai1="39,43,46,50,53,56,79,83,86,100,102,120,123" /><INIT seed="5,1,1,5,5,64" ten="209,331,210,240" oya="1" hai0="79,102,95,37,86,112,77,75,18,103,100,63,47" hai1="67,4,89,121,108,35,20,114,109,23,11,71,69" hai2="39,123,99,22,66,31,78,30,65,118,116,124,61" hai3="25,32,34,98,97,51,13,105,2,9,93,111,27"/><U21/><E121/><V50/><F123/><W85/><G111/><N who="1" m="42570" /><E114/><V52/><F39/><W107/><G2/><T5/><D112/><U36/><E67/><V83/><F124/><W56/><G85/><T73/><D5/><U74/><E36/><V6/><F6/><W48/><G93/><T54/><D75/><U80/><E35/><V33/><F33/><W130/><G56/><N who="0" m="35223" /><D37/><U3/><E89/><V92/><F66/><W132/><G13/><T113/><D73/><U91/><E91/><V133/><F116/><W119/><G9/><T135/><D113/><U59/><E59/><N who="2" m="37055" /><F78/><AGARI ba="1,1" hai="3,4,11,20,21,23,69,71,74,78,80" m="42570" machi="78" ten="30,5800,0" yaku="10,1,52,2" doraHai="64" who="1" fromWho="2" sc="209,0,331,71,210,-61,240,0" /><INIT seed="5,2,0,4,5,45" ten="209,402,149,240" oya="1" hai0="48,18,9,82,106,8,76,80,135,65,3,58,69" hai1="60,114,93,33,11,77,109,16,132,118,38,5,24" hai2="47,110,130,100,75,81,87,111,108,84,79,95,129" hai3="43,10,134,59,35,97,104,85,92,91,6,31,113"/><U49/><E38/><V19/><F19/><W41/><G113/><T39/><D106/><U121/><E118/><V119/><F47/><W98/><G134/><T0/><D39/><U57/><E121/><V127/><F119/><W61/><G31/><T105/><D69/><U42/><E114/><V90/><F127/><W36/><G35/><T120/><D105/><U74/><E74/><V12/><F12/><N who="3" m="5207" /><G104/><T2/><D135/><U86/><E109/><V89/><F100/><N who="3" m="60455" /><G98/><T107/><D107/><U15/><E33/><V27/><REACH who="2" step="1"/><F27/><REACH who="2" ten="209,402,139,240" step="2"/><W26/><G26/><T78/><D120/><U73/><E24/><V46/><F46/><W71/><G36/><T1/><D2/><U128/><E16/><V32/><F32/><W40/><G40/><T52/><D18/><U122/><E15/><V125/><F125/><W131/><G43/><T72/><REACH who="0" step="1"/><D65/><REACH who="0" ten="199,402,139,240" step="2"/><U13/><E132/><V133/><F133/><W94/><G41/><T4/><D4/><U51/><E42/><V126/><F126/><W50/><G71/><T54/><D54/><U99/><E122/><V62/><F62/><W124/><G124/><T34/><D34/><U96/><E60/><V23/><F23/><W64/><G131/><T117/><D117/><U53/><E5/><V70/><F70/><W101/><G64/><T28/><D28/><U115/><E115/><V68/><F68/><W103/><G61/><T25/><D25/><U21/><E21/><V44/><F44/><W20/><G20/><T112/><D112/><U7/><E7/><V63/><F63/><W88/><G59/><T102/><D102/><RYUUKYOKU ba="2,2" sc="199,15,402,-15,139,15,240,-15" hai0="0,1,3,8,9,48,52,58,72,76,78,80,82" hai2="75,79,81,84,87,89,90,95,108,110,111,129,130" /><INIT seed="6,3,2,2,1,110" ten="214,387,154,225" oya="2" hai0="40,66,83,4,115,126,68,5,64,12,107,95,133" hai1="41,84,39,67,80,58,1,33,35,10,111,56,44" hai2="78,69,29,34,99,116,46,24,37,132,125,108,117" hai3="130,21,122,127,30,45,42,7,26,61,101,19,22"/><V53/><F108/><W32/><G122/><T86/><D107/><U74/><E111/><V96/><F69/><W82/><G130/><T36/><D133/><U3/><E3/><V81/><F132/><W102/><G127/><T17/><D126/><U79/><E84/><V11/><F125/><W50/><G32/><N who="1" m="12362" /><E67/><N who="0" m="25641" /><D115/><U88/><E88/><V59/><F11/><W55/><G7/><AGARI ba="3,2" hai="1,7,10,39,41,44,56,58,74,79,80" m="12362" machi="7" ten="30,1000,0" yaku="25,1" doraHai="110" who="1" fromWho="3" sc="214,0,387,39,154,0,225,-19" /><INIT seed="7,0,0,0,1,125" ten="214,426,154,206" oya="3" hai0="95,131,4,13,1,120,66,24,6,21,54,48,87" hai1="51,61,134,63,8,30,81,98,67,26,32,58,57" hai2="75,133,115,53,28,110,80,43,55,123,107,105,101" hai3="41,44,124,89,2,34,102,76,38,17,128,108,122"/><W77/><G122/><T114/><D131/><U94/><E134/><V109/><F123/><W25/><G2/><T7/><D1/><U20/><E81/><V83/><F133/><W31/><G124/><T47/><D120/><U130/><E130/><V70/><F70/><W99/><G128/><T10/><D114/><U62/><E32/><V27/><F115/><W68/><G108/><T119/><D66/><U9/><E51/><V5/><F43/><W0/><G0/><T29/><D119/><U12/><E12/><V73/><F27/><W92/><G68/><T132/><D132/><U64/><E62/><V126/><F126/><W79/><REACH who="3" step="1"/><G17/><REACH who="3" ten="214,426,154,196" step="2"/><T59/><D7/><U71/><E71/><V127/><F127/><W16/><G16/><T46/><D6/><U18/><E18/><V116/><F5/><W37/><G37/><T93/><D4/><U11/><E11/><V113/><F113/><W121/><G121/><T112/><D112/><U91/><AGARI ba="0,1" hai="8,9,20,26,30,57,58,61,63,64,67,91,94,98" machi="91" ten="20,5200,0" yaku="0,1,7,1,9,1,8,1" doraHai="125" who="1" fromWho="1" sc="214,-13,426,62,154,-13,196,-26" owari="201,0.1,488,58.8,141,-35.9,170,-23.0" /></mjloggm>