<mjloggm ver="2.3"><GO type="169" lobby="0"/><UN n0="%E3%81%9F%E3%81%BE%E5%AD%90" n1="%E5%B3%B6%E7%94%B0%E7%9C%9F%E5%A4%A2" n2="%52%65%63%61%6C%74%71" n3="%E4%B9%9D%E5%B0%BE%E3%81%AE%E3%83%8D%E3%82%B3" dan="17,16,16,16" rate="2247.48,2162.74,2118.45,2041.95" sx="M,F,M,M"/><TAIKYOKU oya="0"/><INIT seed="0,0,0,3,1,70" ten="250,250,250,250" oya="0" hai0="45,108,69,127,64,54,0,129,97,76,61,118,80" hai1="117,31,20,60,7,47,102,75,86,38,83,58,30" hai2="2,52,71,131,81,98,66,67,96,130,128,121,29" hai3="104,19,28,1,34,16,92,73,44,49,84,26,135"/><T59/><D118/><U50/><E117/><V116/><F121/><W85/><G104/><T125/><D0/><U21/><E75/><V88/><F116/><W6/><G73/><T55/><D97/><N who="2" m="37482" /><F2/><W109/><G109/><T103/><D103/><U101/><E7/><V110/><F29/><N who="1" m="10761" /><E38/><V65/><F110/><W89/><G85/><T122/><D108/><U78/><E101/><V90/><F81/><W4/><G135/><T120/><D80/><U72/><E72/><V39/><F39/><W126/><G126/><N who="0" m="48139" /><D76/><U77/><E102/><V53/><F71/><W56/><G56/><T37/><D129/><U115/><E78/><V18/><F18/><W32/><G32/><T25/><D25/><U99/><E99/><V48/><F48/><W46/><G46/><T113/><D113/><U10/><E115/><V22/><F22/><W17/><REACH who="3" step="1"/><G1/><REACH who="3" ten="250,250,250,240" step="2"/><T82/><D82/><U87/><E87/><V13/><F131/><W133/><G133/><T106/><D106/><U8/><E86/><V33/><F33/><W119/><G119/><T51/><D55/><AGARI ba="0,1" hai="4,6,16,17,19,26,28,34,44,49,55,84,89,92" machi="55" ten="40,2600,0" yaku="1,1,54,1,53,0" doraHai="70" doraHaiUra="9" who="3" fromWho="0" sc="250,-26,250,0,250,0,240,36" /><INIT seed="1,0,0,5,3,82" ten="224,250,250,276" oya="1" hai0="34,134,97,128,49,42,104,94,63,3,40,75,84" hai1="48,11,24,77,66,123,127,14,10,89,32,117,122" hai2="19,45,76,102,43,7,79,131,71,124,44,60,90" hai3="116,33,99,12,129,119,29,114,118,108,25,36,98"/><U105/><E117/><V13/><F131/><W47/><G114/><T115/><D115/><U70/><E127/><V31/><F102/><W27/><G108/><T92/><D75/><U26/><E105/><V95/><F124/><W57/><G129/><T1/><D128/><U83/><E11/><V87/><F31/><W110/><G110/><T96/><D34/><U81/><E32/><V91/><F7/><W5/><G57/><T6/><D104/><U61/><E48/><V41/><F71/><W100/><G27/><T93/><D134/><U35/><E35/><V2/><F2/><W121/><G100/><T101/><D63/><U113/><E113/><V17/><F60/><W28/><G28/><T38/><D38/><U125/><E125/><V16/><F90/><W69/><G69/><T78/><D6/><U109/><E109/><V37/><REACH who="2" step="1"/><F13/><REACH who="2" ten="224,250,240,276" step="2"/><W86/><G121/><T53/><D3/><U56/><E70/><V52/><F52/><W132/><G132/><T21/><D1/><U30/><E30/><V4/><F4/><W111/><G111/><T51/><D53/><U73/><E123/><V8/><F8/><W22/><G5/><T103/><D21/><U80/><E122/><V130/><F130/><W54/><G12/><T39/><D78/><U64/><E89/><V50/><AGARI ba="0,1" hai="16,17,19,37,41,43,44,45,50,76,79,87,91,95" machi="50" ten="30,8000,1" yaku="1,1,0,1,52,1,54,1,53,1" doraHai="82" doraHaiUra="46" who="2" fromWho="2" sc="224,-20,250,-40,240,90,276,-20" /><INIT seed="2,0,0,5,4,39" ten="204,210,330,256" oya="2" hai0="80,70,29,60,4,46,61,34,76,89,31,62,74" hai1="50,126,20,57,42,11,14,114,49,19,28,97,45" hai2="110,1,27,37,16,125,30,134,47,5,36,53,59" hai3="26,78,21,3,106,91,23,119,77,68,124,58,103"/><V33/><F134/><W112/><G3/><T9/><D70/><U127/><E114/><V109/><F125/><W2/><G2/><T71/><D71/><U7/><E28/><V6/><F36/><W0/><G0/><T10/><D34/><U123/><E123/><V41/><F16/><W117/><G68/><T55/><D89/><U13/><REACH who="1" step="1"/><E97/><REACH who="1" ten="204,200,330,256" step="2"/><V108/><REACH who="2" step="1"/><F1/><REACH who="2" ten="204,200,320,256" step="2"/><W92/><G112/><T81/><D31/><U102/><E102/><V95/><F95/><W130/><G92/><T40/><D29/><U96/><E96/><V105/><F105/><W107/><G103/><T121/><D121/><U69/><E69/><V56/><F56/><W115/><G107/><T90/><D81/><U51/><E51/><AGARI ba="0,2" hai="5,6,27,30,33,37,41,47,51,53,59,108,109,110" machi="51" ten="40,12000,1" yaku="1,1,14,1,10,1,52,1,53,0" doraHai="39" doraHaiUra="18" who="2" fromWho="1" sc="204,0,200,-120,320,140,256,0" /><INIT seed="2,1,0,5,5,103" ten="204,80,460,256" oya="2" hai0="38,95,83,82,81,94,30,59,13,135,132,17,119" hai1="80,29,2,55,26,5,47,128,101,73,111,69,79" hai2="25,18,91,37,57,20,23,31,7,61,122,75,116" hai3="8,84,107,11,97,6,90,34,64,62,43,10,28"/><V35/><F75/><W126/><G43/><T109/><D38/><U72/><E111/><V14/><F37/><W15/><G126/><T52/><D109/><U127/><E128/><V108/><F122/><W121/><G121/><T33/><D119/><U117/><E117/><V78/><F78/><W118/><G118/><T58/><D30/><U110/><E110/><V93/><F116/><W16/><G6/><T105/><D33/><U0/><E69/><V63/><F108/><W1/><G1/><T24/><D24/><U19/><E127/><V134/><F134/><N who="0" m="51242" /><D105/><U87/><E19/><V104/><F104/><W4/><G4/><T3/><D3/><U42/><E55/><V130/><F7/><W60/><G60/><N who="0" m="35911" /><D59/><U49/><E101/><V65/><F130/><W56/><G28/><T88/><D88/><U131/><E131/><V40/><F40/><W133/><G34/><T51/><D51/><U53/><E2/><V12/><F63/><W71/><G56/><T96/><D96/><U46/><E0/><V125/><F125/><W85/><G133/><T89/><D89/><U36/><REACH who="1" step="1"/><E5/><REACH who="1" ten="204,70,460,256" step="2"/><V129/><F129/><W86/><G90/><T74/><D74/><U48/><E48/><V98/><F35/><AGARI ba="1,1" hai="26,29,35,36,42,46,47,49,53,72,73,79,80,87" machi="35" ten="30,7700,0" yaku="1,1,7,1,53,2" doraHai="103" doraHaiUra="106" who="1" fromWho="2" sc="204,0,70,90,460,-80,256,0" /><INIT seed="3,0,0,5,4,98" ten="204,160,380,256" oya="3" hai0="68,122,53,113,39,66,57,132,118,40,95,112,80" hai1="135,134,89,1,130,5,99,121,85,0,111,41,7" hai2="21,18,67,129,47,62,13,93,123,77,2,76,30" hai3="96,44,90,75,115,34,36,133,103,105,91,102,126"/><W87/><G115/><N who="0" m="44107" /><D80/><U33/><E121/><V69/><F123/><W110/><G34/><T14/><D95/><U64/><E33/><V83/><F129/><W35/><G35/><T101/><D14/><U8/><E130/><V12/><F30/><W11/><G75/><T100/><D122/><U31/><E31/><V81/><F2/><W84/><G36/><T25/><D25/><U17/><E41/><V3/><F3/><W22/><G133/><N who="1" m="50698" /><E64/><V131/><F131/><W119/><G119/><T94/><D132/><U46/><E46/><V45/><F93/><W128/><G126/><T10/><D10/><N who="1" m="2343" /><E99/><V37/><F37/><W26/><G128/><T88/><D118/><U82/><E17/><V63/><F63/><W24/><G11/><T55/><D66/><U16/><E16/><V108/><F108/><AGARI ba="0,0" hai="1,7,8,82,85,89,108,111" m="2343,50698" machi="108" ten="30,1000,0" yaku="20,1" doraHai="98" who="1" fromWho="2" sc="204,0,160,10,380,-10,256,0" /><INIT seed="4,0,0,5,4,117" ten="204,170,370,256" oya="0" hai0="75,12,44,57,108,5,41,51,76,34,15,115,64" hai1="19,10,2,3,87,128,11,37,127,110,28,99,91" hai2="38,7,124,133,68,101,95,86,104,23,100,48,119" hai3="69,21,135,59,43,116,85,111,52,92,88,106,126"/><T129/><D34/><U121/><E110/><V123/><F68/><W18/><G116/><T9/><D108/><U73/><E37/><V96/><F119/><W122/><G111/><T53/><D115/><U4/><E73/><V130/><F38/><W107/><G126/><T47/><D129/><U114/><E128/><V118/><F118/><W90/><G69/><T83/><D64/><U89/><E127/><V74/><F7/><W14/><G135/><T66/><D66/><U49/><E114/><V1/><F1/><W39/><G122/><T94/><D94/><U22/><E28/><V82/><F48/><N who="3" m="31111" /><G90/><T17/><REACH who="0" step="1"/><D41/><REACH who="0" ten="194,170,370,256" step="2"/><U109/><E109/><V132/><F130/><W103/><G103/><T45/><D45/><AGARI ba="0,1" hai="14,18,21,39,43,45,85,88,92,106,107" m="31111" machi="45" ten="30,3900,0" yaku="25,1,54,2" doraHai="117" who="3" fromWho="0" sc="194,-39,170,0,370,0,256,49" /><INIT seed="5,0,0,3,0,38" ten="155,170,370,305" oya="1" hai0="37,76,67,111,82,49,124,118,98,12,103,17,127" hai1="53,90,84,16,110,45,33,79,19,73,132,36,93" hai2="104,66,11,107,61,22,121,88,42,63,81,102,20" hai3="123,65,109,32,77,113,58,115,101,71,75,56,83"/><U120/><E120/><V43/><F102/><W92/><G123/><T44/><D111/><U6/><E33/><V18/><F121/><W8/><G109/><T105/><D37/><U99/><E110/><V40/><F107/><W89/><G32/><T39/><D39/><U25/><E132/><V134/><F104/><W52/><G101/><T72/><D67/><U69/><E69/><V125/><F125/><W108/><G108/><T5/><D5/><U86/><E6/><V114/><F114/><N who="3" m="43531" /><G8/><T78/><D78/><U28/><E73/><V2/><F2/><W23/><G23/><N who="2" m="8745" /><F66/><W130/><G130/><T54/><REACH who="0" step="1"/><D118/><REACH who="0" ten="145,170,370,305" step="2"/><U51/><E36/><V94/><F134/><W27/><G65/><T46/><D46/><U26/><E79/><V4/><F4/><W41/><G41/><T106/><D106/><U133/><E133/><V97/><F81/><W15/><G83/><T96/><D96/><U7/><E7/><V30/><F30/><W34/><G77/><T1/><D1/><U35/><E99/><V47/><F47/><W59/><G75/><T135/><D135/><U131/><E131/><V14/><AGARI ba="0,1" hai="11,14,18,40,42,43,61,63,88,94,97" m="8745" machi="14" ten="30,8000,1" yaku="8,1,52,3,54,1" doraHai="38" who="2" fromWho="2" sc="145,-20,170,-40,370,90,305,-20" /><INIT seed="6,0,0,3,1,51" ten="125,130,460,285" oya="2" hai0="77,123,62,73,18,1,48,56,70,21,85,108,119" hai1="15,128,13,47,11,95,16,93,113,82,23,88,49" hai2="112,125,2,60,87,86,43,110,71,33,79,54,134" hai3="81,135,46,58,69,94,84,38,64,29,61,91,50"/><V89/><F110/><W78/><G135/><T63/><D108/><U106/><E106/><V99/><F33/><W127/><G127/><T20/><D123/><U30/><E113/><V97/><F2/><W67/><G67/><T111/><D111/><U5/><E128/><V34/><F34/><W75/><G29/><T59/><D73/><U3/><E3/><V72/><F72/><W55/><REACH who="3" step="1"/><G38/><REACH who="3" ten="125,130,460,275" step="2"/><T8/><D70/><AGARI ba="0,1" hai="46,50,55,58,61,64,69,70,75,78,81,84,91,94" machi="70" ten="40,8000,1" yaku="1,1,2,1,52,1,53,1" doraHai="51" doraHaiUra="105" who="3" fromWho="0" sc="125,-80,130,0,460,0,275,90" /><INIT seed="7,0,0,5,5,22" ten="45,130,460,365" oya="3" hai0="43,106,77,41,45,107,70,37,130,13,44,14,15" hai1="73,55,61,117,112,49,28,135,35,30,126,101,39" hai2="131,76,108,19,63,88,21,120,128,86,11,127,119" hai3="1,115,31,65,51,16,125,123,24,111,68,3,54"/><W124/><G123/><T6/><D70/><U122/><E73/><V118/><F120/><W134/><G115/><T116/><D130/><N who="2" m="49706" /><F127/><N who="3" m="48715" /><G134/><T18/><D116/><N who="2" m="44586" /><F108/><W105/><G111/><T113/><D113/><U97/><E39/><V72/><F72/><W84/><G105/><T85/><D18/><U17/><E61/><V74/><F74/><W58/><G84/><T95/><D106/><U12/><E12/><V67/><F76/><W2/><G2/><T62/><D62/><U99/><E17/><V80/><F11/><W20/><G31/><T27/><D107/><U100/><E30/><V94/><F80/><W40/><G40/><T133/><D133/><U82/><E35/><V121/><F121/><W5/><G5/><T132/><D132/><U114/><E28/><V52/><F52/><W64/><G64/><T34/><D77/><U103/><E122/><V0/><F0/><N who="3" m="75" /><G65/><T36/><D6/><U50/><E117/><V96/><F86/><W78/><G78/><T8/><D8/><U23/><E135/><V9/><F9/><W110/><G110/><T90/><REACH who="0" step="1"/><D34/><REACH who="0" ten="35,130,460,365" step="2"/><U7/><E126/><V79/><F79/><W38/><G68/><T48/><D48/><U57/><E50/><V25/><F67/><W129/><G129/><T53/><D53/><U102/><E55/><V26/><F63/><W87/><G87/><T66/><D66/><U29/><E49/><V56/><F56/><W93/><G93/><T89/><D89/><U46/><E57/><V60/><F60/><W83/><G38/><T91/><D91/><U10/><E114/><V42/><F88/><RYUUKYOKU ba="0,1" sc="35,15,130,-15,460,-15,365,15" hai0="13,14,15,27,36,37,41,43,44,45,85,90,95" hai3="16,20,24,51,54,58,83" /><INIT seed="7,1,1,3,1,2" ten="50,115,445,380" oya="3" hai0="48,70,89,1,0,61,56,105,117,57,86,79,90" hai1="76,42,122,114,115,9,36,96,133,45,111,54,123" hai2="121,93,25,13,88,26,67,4,128,23,78,92,68" hai3="94,60,62,69,131,51,103,10,12,7,73,81,125"/><W129/><G125/><T47/><D117/><U5/><E76/><V100/><F121/><W41/><G73/><T39/><D105/><U124/><E111/><V46/><F128/><N who="3" m="49227" /><G81/><T18/><D1/><N who="1" m="175" /><E133/><V52/><F78/><W127/><G69/><T74/><D74/><U15/><E15/><V107/><F107/><W6/><G127/><T84/><D39/><U49/><E96/><V95/><F67/><W63/><G103/><T97/><D70/><U24/><E24/><V77/><F77/><W17/><G94/><T66/><D0/><U64/><E64/><V110/><F68/><W22/><G22/><T32/><D32/><U16/><E16/><V20/><F100/><W82/><G82/><T58/><D79/><U112/><E124/><V27/><F110/><W134/><G134/><T65/><D65/><U80/><E80/><V108/><F108/><W102/><G102/><T75/><D75/><U72/><E72/><V113/><F113/><W29/><G29/><T53/><D97/><U126/><E126/><V104/><F104/><W50/><G50/><T83/><REACH who="0" step="1"/><D18/><REACH who="0" ten="40,115,445,380" step="2"/><U19/><E19/><V118/><F118/><W38/><G38/><T132/><D132/><U8/><E123/><V59/><F25/><W11/><G11/><T119/><D119/><U31/><E8/><V109/><F26/><W116/><G116/><T106/><D106/><U40/><E122/><V37/><F27/><W35/><G35/><T3/><D3/><U98/><E98/><V120/><F37/><W91/><G91/><T71/><D71/><U21/><E36/><V33/><F33/><RYUUKYOKU ba="1,2" sc="40,10,115,10,445,-30,380,10" hai0="47,48,53,56,57,58,61,66,83,84,86,89,90" hai1="21,31,40,42,45,49,54,112,114,115" hai3="6,7,10,12,17,41,51,60,62,63" /><INIT seed="7,2,2,3,4,77" ten="50,125,415,390" oya="3" hai0="69,16,95,53,45,23,66,115,127,26,56,10,86" hai1="51,126,93,27,6,18,130,123,57,114,122,90,75" hai2="1,58,98,132,71,92,20,111,99,108,63,135,72" hai3="11,97,134,79,0,3,52,116,125,59,60,84,14"/><W42/><G116/><T85/><D127/><U8/><E126/><V65/><F1/><W25/><G125/><T48/><D115/><U68/><E68/><V15/><F72/><W54/><G42/><T133/><D133/><N who="2" m="51274" /><F71/><W102/><G134/><T12/><D69/><U73/><E114/><V61/><F61/><W32/><G54/><T91/><D66/><U28/><E130/><V94/><F20/><W35/><G79/><T17/><REACH who="0" step="1"/><D85/><REACH who="0" ten="40,125,415,390" step="2"/><U49/><E75/><V119/><F119/><W40/><G84/><T41/><D41/><U46/><E73/><V81/><F111/><W33/><G40/><T120/><D120/><U101/><E123/><V62/><F108/><W24/><G3/><T21/><D21/><U83/><E122/><V4/><F65/><W117/><G0/><T37/><D37/><U113/><E113/><V103/><F99/><W107/><REACH who="3" step="1"/><G117/><REACH who="3" ten="40,125,415,380" step="2"/><T43/><D43/><U13/><E8/><V70/><F98/><W44/><G44/><AGARI ba="2,4" hai="10,12,16,17,23,26,44,45,48,53,56,86,91,95" machi="44" ten="40,5200,0" yaku="1,1,8,1,54,1,53,0" doraHai="77" doraHaiUra="124" who="0" fromWho="3" sc="40,98,125,0,415,0,380,-58" owari="138,-26.2,125,-37.5,415,51.5,322,12.2" /></mjloggm>