<mjloggm ver="2.3"><GO type="169" lobby="0"/><UN n0="%E3%81%9F%E3%81%8B%E3%81%AF%E3%81%97%E3%81%83%E3%81%83%E3%81%83" n1="%4E%49%4B%55%59%41" n2="%E3%81%93%E3%82%8C%E3%81%8C%E3%81%B5%E3%81%95%E3%81%B5%E3%81%95" n3="%E3%81%B3%E3%82%8A%E3%81%B3%E3%82%8A%E2%98%86%E3%83%93%E3%83%AA%E3%83%BC" dan="16,17,16,16" rate="2114.93,2226.50,2139.91,2152.28" sx="M,M,M,M"/><TAIKYOKU oya="0"/><INIT seed="0,0,0,1,1,42" ten="250,250,250,250" oya="0" hai0="132,37,70,49,28,44,108,104,64,59,94,0,18" hai1="98,35,128,3,17,123,121,87,72,69,112,126,117" hai2="103,114,32,25,2,115,5,74,19,133,52,48,85" hai3="124,14,96,53,119,71,91,57,100,26,109,1,129"/><T95/><D104/><U33/><RYUUKYOKU type="yao9" ba="0,0" sc="250,0,250,0,250,0,250,0" hai1="3,17,33,35,69,72,87,98,112,117,121,123,126,128" /><INIT seed="0,1,0,1,3,103" ten="250,250,250,250" oya="0" hai0="122,123,1,92,93,109,22,12,42,131,91,69,44" hai1="79,7,78,64,112,101,80,8,71,76,86,17,0" hai2="51,90,20,95,24,133,94,41,63,102,18,55,19" hai3="107,14,3,30,35,60,33,39,61,125,49,75,37"/><T108/><D1/><U104/><E112/><V135/><F135/><W99/><G3/><T21/><D69/><U47/><E64/><V4/><F133/><W110/><G75/><T67/><D67/><U128/><E71/><V105/><F4/><W98/><G14/><T114/><D114/><U36/><E17/><V134/><F134/><W5/><G5/><T129/><D12/><U27/><E27/><V52/><F105/><W28/><G49/><T130/><D44/><U59/><E59/><V56/><F41/><W65/><G65/><T53/><D53/><U54/><E128/><V15/><F102/><W84/><G84/><N who="0" m="52327" /><D93/><U58/><E47/><V10/><REACH who="2" step="1"/><F90/><REACH who="2" ten="250,250,240,250" step="2"/><W132/><G132/><T121/><D42/><U43/><E43/><V118/><F118/><W77/><G107/><T48/><D48/><U127/><E104/><V29/><F29/><W106/><G106/><T88/><D88/><U74/><E101/><V119/><F119/><W31/><G31/><T45/><D45/><AGARI ba="1,1" hai="10,15,18,19,20,24,45,51,52,55,56,63,94,95" machi="45" ten="30,8000,1" yaku="1,1,7,1,8,1,54,1,53,1" doraHai="103" doraHaiUra="11" who="2" fromWho="0" sc="250,-83,250,0,240,93,250,0" /><INIT seed="1,0,0,1,1,107" ten="167,250,333,250" oya="1" hai0="24,9,73,74,41,85,30,66,38,135,125,60,36" hai1="121,128,96,42,28,102,15,134,67,103,12,53,116" hai2="119,40,126,14,55,118,6,32,98,95,87,123,33" hai3="68,122,97,7,64,70,130,1,49,37,11,79,84"/><U57/><E116/><V21/><F126/><W110/><G122/><T59/><D125/><U48/><E121/><V27/><F123/><W61/><G37/><T0/><D135/><U65/><E134/><V90/><F40/><W19/><G110/><T101/><D101/><N who="1" m="38411" /><E128/><V52/><F118/><W76/><G97/><T83/><D0/><U8/><E96/><V58/><F119/><W4/><G130/><T71/><D71/><U16/><E28/><V18/><F87/><W94/><G70/><T34/><D9/><N who="1" m="6159" /><E42/><V17/><F6/><AGARI ba="0,0" hai="6,8,15,48,53,57,65,67" m="6159,38411" machi="6" ten="30,2900,0" yaku="8,1,54,1" doraHai="107" who="1" fromWho="2" sc="167,0,250,29,333,-29,250,0" /><INIT seed="1,1,0,5,1,64" ten="167,279,304,250" oya="1" hai0="135,76,121,77,102,8,40,117,94,68,15,122,47" hai1="20,67,91,81,74,11,2,1,106,97,22,10,86" hai2="50,71,29,119,53,60,120,62,26,35,78,38,70" hai3="30,108,4,105,90,124,55,12,43,131,88,87,83"/><U128/><E128/><V27/><F38/><W61/><G131/><T134/><D117/><U24/><E74/><V85/><F119/><W7/><G105/><T89/><D102/><U28/><E67/><V116/><F116/><W118/><G118/><T115/><D115/><U104/><E22/><V25/><F120/><N who="0" m="46186" /><D89/><U92/><E10/><V65/><F62/><W96/><G108/><T48/><D94/><U34/><E34/><V18/><F71/><W130/><G130/><T9/><D9/><U132/><E132/><N who="0" m="50729" /><D68/><U112/><E112/><V113/><F113/><W80/><G88/><T103/><D103/><U72/><E72/><V98/><F98/><W33/><G90/><T133/><N who="0" m="50737" /><T31/><DORA hai="54" /><D31/><U93/><E93/><V82/><REACH who="2" step="1"/><F18/><AGARI ba="1,0" hai="8,15,18,40,47,48,76,77" m="50737,46186" machi="18" ten="40,2600,0" yaku="13,1,20,1" doraHai="64,54" who="0" fromWho="2" sc="167,29,279,0,304,-29,250,0" /><INIT seed="2,0,0,0,0,23" ten="196,279,275,250" oya="2" hai0="117,48,22,15,3,67,17,90,7,80,88,76,120" hai1="105,130,75,58,29,87,110,78,43,107,36,49,16" hai2="85,55,51,126,127,21,72,94,63,9,13,19,95" hai3="115,77,50,41,6,45,42,34,33,38,82,83,96"/><V70/><F72/><W97/><G115/><T24/><D120/><U56/><E75/><V111/><F111/><W35/><G6/><T2/><D117/><U69/><E69/><V93/><F85/><W99/><G77/><T57/><D2/><U118/><E36/><V124/><F70/><W84/><G84/><N who="0" m="48135" /><D3/><U1/><E1/><V27/><F63/><W18/><G18/><T103/><D103/><U60/><E29/><V8/><REACH who="2" step="1"/><F13/><REACH who="2" ten="196,279,265,250" step="2"/><W59/><G99/><T108/><D108/><U12/><E110/><V122/><F122/><W128/><G97/><T0/><D0/><U121/><E121/><V91/><F91/><W89/><G89/><T31/><D90/><U47/><E118/><V66/><F66/><W73/><G96/><T106/><D67/><U44/><E60/><V71/><F71/><W46/><G73/><T125/><D88/><U133/><E87/><V104/><F104/><W53/><REACH who="3" step="1"/><G128/><REACH who="3" ten="196,279,265,240" step="2"/><T131/><D131/><U101/><E130/><V92/><N who="2" m="23552" /><DORA hai="32" /><V114/><F114/><W64/><G64/><T132/><D106/><U74/><E74/><V123/><F123/><W129/><G129/><T10/><D15/><U52/><E78/><V79/><F79/><W135/><G135/><T11/><D132/><U109/><E133/><V112/><F112/><W4/><G4/><T81/><D7/><U86/><E86/><V40/><F40/><W30/><G30/><T20/><D31/><U25/><E105/><V100/><F100/><W102/><G102/><T98/><D98/><N who="1" m="61879" /><E12/><V26/><F26/><W61/><AGARI ba="0,2" hai="33,34,35,38,41,42,45,46,50,53,59,61,82,83" machi="61" ten="30,12000,2" yaku="1,1,0,1,53,4" doraHai="23,32" doraHaiUra="54,28" who="3" fromWho="3" sc="196,-30,279,-30,265,-60,240,140" /><INIT seed="3,0,0,0,3,51" ten="166,249,205,380" oya="3" hai0="19,122,16,58,129,91,59,121,47,43,84,99,95" hai1="127,131,73,74,64,110,109,23,111,54,42,132,18" hai2="68,117,107,32,4,79,13,38,29,0,34,14,92" hai3="70,104,35,63,103,5,98,60,27,83,41,112,50"/><W116/><G112/><T81/><D129/><U123/><E123/><V97/><F107/><W7/><G116/><T62/><D121/><U93/><E131/><V53/><F68/><W87/><G63/><T46/><D122/><U120/><E120/><V96/><F38/><W77/><G50/><T134/><D134/><U39/><E132/><V31/><F117/><W15/><G15/><T6/><D6/><U2/><E2/><V119/><F119/><W8/><G8/><T52/><D58/><U40/><E64/><V94/><F79/><W72/><G41/><N who="1" m="15978" /><E39/><V26/><F26/><W113/><G72/><N who="1" m="27754" /><E93/><V115/><F4/><W48/><G48/><N who="0" m="26719" /><D47/><U125/><E54/><V89/><F0/><W65/><REACH who="3" step="1"/><G113/><REACH who="3" ten="166,249,205,370" step="2"/><T75/><D75/><U61/><E61/><V102/><F115/><W135/><G135/><T12/><D12/><AGARI ba="0,1" hai="12,18,23,109,110,111,125,127" m="27754,15978" machi="12" ten="40,1300,0" yaku="14,1" doraHai="51" who="1" fromWho="0" sc="166,-13,249,23,205,0,370,0" /><INIT seed="4,0,0,1,5,50" ten="153,272,205,370" oya="0" hai0="48,128,106,2,24,98,124,73,76,82,27,85,100" hai1="42,116,59,120,64,34,45,46,103,119,86,75,4" hai2="21,89,102,63,133,97,78,53,135,92,3,110,55" hai3="22,88,90,80,94,68,81,69,7,13,113,107,8"/><T127/><D2/><U39/><E34/><V16/><F110/><W25/><G107/><T72/><D24/><U118/><E103/><V54/><F3/><W65/><G113/><T56/><D27/><U52/><E75/><V17/><F78/><W91/><G94/><T74/><D48/><U105/><E105/><V104/><F63/><W79/><G65/><T44/><D44/><U11/><E120/><V99/><REACH who="2" step="1"/><F16/><REACH who="2" ten="153,272,195,370" step="2"/><W30/><REACH who="3" step="1"/><G81/><REACH who="3" ten="153,272,195,360" step="2"/><T131/><REACH who="0" step="1"/><D56/><REACH who="0" ten="143,272,195,360" step="2"/><U93/><E59/><V62/><F62/><W117/><G117/><T36/><D36/><U70/><E116/><V130/><F130/><AGARI ba="0,3" hai="72,73,74,76,82,85,98,100,106,124,127,128,130,131" machi="130" ten="50,18000,2" yaku="1,1,19,1,34,3,53,2" doraHai="50" doraHaiUra="134" who="0" fromWho="2" sc="143,210,272,0,195,-180,360,0" /><INIT seed="4,1,0,5,0,61" ten="353,272,15,360" oya="0" hai0="83,127,24,53,78,21,103,63,97,23,66,105,47" hai1="58,14,59,49,106,91,107,28,75,87,18,0,62" hai2="45,117,32,86,85,100,69,89,52,80,94,37,54" hai3="129,93,5,95,39,73,26,35,29,67,111,77,34"/><T16/><D127/><U126/><E75/><V102/><F117/><W79/><G111/><T132/><D132/><U60/><E0/><V46/><F69/><W64/><G39/><T44/><D53/><N who="2" m="20586" /><F32/><W57/><G73/><T76/><D21/><U4/><E4/><V109/><F109/><W123/><G5/><T133/><D133/><U81/><E49/><V17/><F17/><W121/><G57/><T22/><D22/><U3/><E3/><V41/><F37/><W38/><G38/><T112/><D112/><U9/><E126/><V68/><F68/><W19/><G19/><T70/><D76/><U116/><E116/><V43/><F46/><W119/><G119/><T56/><D70/><U25/><E60/><V30/><F30/><W99/><G99/><T98/><D97/><U114/><E114/><V90/><F45/><W55/><G55/><T36/><D36/><U2/><E2/><V12/><F12/><W88/><G29/><T118/><D118/><U50/><E50/><V82/><F82/><W84/><G26/><T115/><D115/><U101/><E62/><V1/><F1/><W7/><G7/><T92/><D105/><U74/><E74/><AGARI ba="1,0" hai="16,23,24,44,47,56,63,66,74,78,83,92,98,103" machi="74" ten="30,5800,0" yaku="7,1,52,1,54,1" doraHai="61" who="0" fromWho="1" sc="353,61,272,-61,15,0,360,0" /><INIT seed="4,2,0,0,3,6" ten="414,211,15,360" oya="0" hai0="68,32,117,123,77,28,11,80,29,133,21,46,37" hai1="114,12,9,31,25,17,78,64,47,51,115,49,20" hai2="22,104,26,94,30,72,41,52,60,111,130,101,112" hai3="95,118,91,109,10,85,82,3,59,106,132,18,40"/><T43/><D123/><U105/><E105/><V125/><F111/><W86/><G109/><T116/><D68/><U89/><E78/><V55/><F112/><N who="1" m="43049" /><E64/><V70/><F104/><W96/><G118/><T103/><D21/><U71/><E71/><V57/><F70/><W15/><G132/><T92/><D92/><U122/><E122/><V56/><F72/><W102/><G40/><T54/><D103/><U58/><E58/><V81/><F41/><W27/><G59/><T100/><D100/><U38/><E89/><V108/><F108/><W98/><G27/><T67/><D54/><N who="1" m="30015" /><E51/><V50/><F81/><W79/><REACH who="3" step="1"/><G3/><REACH who="3" ten="414,211,15,350" step="2"/><T16/><D133/><U1/><E38/><V62/><F130/><W44/><G44/><T73/><D116/><U99/><E1/><V2/><F2/><W7/><G7/><T53/><D117/><U131/><E131/><V14/><F125/><W24/><G24/><T74/><D46/><U113/><E113/><V5/><F5/><W110/><G110/><T75/><D43/><U42/><E42/><V65/><F14/><W19/><G19/><T90/><D16/><U129/><E129/><V134/><F134/><W0/><G0/><T35/><D37/><U13/><E12/><V39/><F39/><W23/><G23/><T127/><D127/><U84/><E17/><V119/><F119/><W121/><G121/><T97/><D29/><U4/><E13/><V36/><F36/><W87/><AGARI ba="2,1" hai="10,15,18,79,82,85,86,87,91,95,96,98,102,106" machi="87" ten="20,5200,0" yaku="1,1,0,1,7,1,52,1,53,0" doraHai="6" doraHaiUra="124" who="3" fromWho="3" sc="414,-28,211,-15,15,-15,350,68" /><INIT seed="5,0,0,4,1,99" ten="386,196,0,418" oya="1" hai0="64,118,91,16,44,24,79,88,71,92,120,121,21" hai1="104,19,35,77,12,31,1,100,127,14,114,55,66" hai2="20,105,68,101,98,69,126,41,33,86,135,45,29" hai3="46,82,129,107,134,110,38,67,73,5,65,106,109"/><U13/><E1/><V133/><F126/><W57/><G129/><T83/><D118/><U7/><E7/><V23/><F86/><W130/><G130/><T0/><D0/><U8/><E77/><V9/><F9/><W131/><G131/><T123/><D92/><U56/><E127/><V47/><F47/><W85/><G73/><N who="0" m="43503" /><D44/><U48/><E114/><V90/><F90/><W124/><G46/><T74/><D74/><U59/><E31/><V113/><F113/><W61/><G82/><T32/><D32/><U116/><E35/><V70/><F33/><W25/><G107/><T42/><D42/><U93/><E104/><V22/><F29/><W28/><G106/><T78/><D78/><U58/><E116/><V96/><F96/><W87/><G124/><T3/><D3/><U10/><E66/><V26/><F26/><W43/><G43/><T94/><D94/><U52/><E19/><V62/><F62/><AGARI ba="0,0" hai="16,21,24,62,64,71,88,91,120,121,123" m="43503" machi="62" ten="30,3900,0" yaku="13,1,54,2" doraHai="99" who="0" fromWho="2" sc="386,39,196,0,0,-39,418,0" owari="425,52.5,196,-20.4,-39,-53.9,418,21.8" /></mjloggm>