<mjloggm ver="2.3"><GO type="169" lobby="0"/><UN n0="%74%61%6B%65%2D%79%6F%75" n1="%E5%B0%8F%E6%9E%97%E6%B5%81%E7%89%8C%E6%89%8B" n2="%E3%81%BB%E3%82%80%E3%82%89" n3="%E9%98%BF%E9%83%A8%E5%AF%9B%EF%BC%A0%E9%B3%B3%E5%8D%93" dan="16,17,16,17" rate="2160.49,2135.09,2081.05,2177.35" sx="M,M,F,F"/><TAIKYOKU oya="0"/><INIT seed="0,0,0,3,3,24" ten="250,250,250,250" oya="0" hai0="108,78,37,130,91,76,75,124,52,26,58,96,88" hai1="73,81,90,95,133,34,105,122,66,1,16,68,61" hai2="110,128,30,21,131,10,74,40,84,89,49,102,132" hai3="50,22,82,103,20,53,43,106,62,114,32,70,41"/><T127/><D37/><U116/><E116/><V38/><F110/><W4/><G114/><T47/><D130/><U98/><E1/><V135/><F74/><W118/><G4/><T44/><D26/><U67/><E122/><V94/><F102/><W69/><G32/><T113/><D113/><U134/><E34/><V14/><F38/><W57/><G82/><T112/><D108/><U5/><E5/><N who="2" m="3407" /><F40/><N who="3" m="15435" /><G20/><T100/><D112/><U27/><E67/><V29/><F49/><W65/><G22/><T123/><D123/><U107/><E73/><V8/><F8/><W11/><G11/><T51/><D75/><U13/><E81/><V87/><F87/><W2/><G103/><T6/><D6/><U80/><E80/><V48/><F48/><N who="3" m="30887" /><G106/><T12/><D100/><U31/><E105/><V117/><F117/><W54/><G2/><T115/><D115/><U79/><E107/><V104/><F104/><W33/><G33/><T121/><D121/><U18/><E79/><V39/><F39/><W77/><G77/><T119/><D119/><U28/><E27/><N who="2" m="16623" /><F30/><N who="1" m="11305" /><E13/><V93/><F93/><W46/><G118/><T120/><D12/><U126/><E126/><N who="0" m="48169" /><D120/><U9/><E9/><V23/><F23/><W63/><G65/><T55/><D76/><U19/><E19/><V99/><F99/><W35/><G35/><T72/><D96/><U3/><E3/><V42/><F42/><W36/><G36/><T45/><D78/><U59/><E18/><V60/><F84/><W0/><G0/><T85/><D72/><U7/><E7/><V17/><F17/><W109/><G109/><RYUUKYOKU ba="0,0" sc="250,-10,250,-10,250,-10,250,30" hai3="46,50,54,62,63,69,70" /><INIT seed="1,1,0,3,3,130" ten="240,240,240,280" oya="1" hai0="82,92,124,17,83,133,59,128,107,27,81,33,110" hai1="9,117,21,102,7,100,118,116,56,24,42,94,77" hai2="25,131,16,37,11,73,36,3,66,1,20,10,53" hai3="120,68,95,18,80,45,125,78,97,32,55,106,105"/><U76/><E42/><V111/><F73/><W4/><G32/><T65/><D107/><U54/><E76/><V121/><F121/><W46/><G68/><T85/><D110/><U103/><E77/><V122/><F122/><W19/><G4/><T84/><D124/><U104/><E104/><V15/><F66/><W123/><G78/><T2/><D2/><U35/><E35/><V44/><F111/><W75/><G95/><T41/><D128/><U13/><E94/><V14/><F131/><W86/><G55/><T115/><D115/><U48/><REACH who="1" step="1"/><E102/><REACH who="1" ten="240,230,240,280" step="2"/><V99/><F37/><W91/><G106/><T49/><D33/><U113/><E113/><V93/><F36/><W72/><G105/><T58/><D92/><U64/><E64/><V108/><F108/><W63/><G120/><T89/><D41/><U61/><E61/><V0/><F93/><W109/><G123/><T39/><D39/><U34/><E34/><V70/><F99/><W87/><G97/><T67/><D67/><U6/><E6/><V50/><F70/><W28/><G63/><T62/><D65/><U5/><E5/><V114/><F114/><W90/><G109/><T23/><D62/><U119/><N who="1" m="29696" /><DORA hai="47" /><U134/><E134/><V57/><F1/><W26/><G80/><T132/><D49/><U88/><E88/><V129/><F0/><W8/><G91/><N who="0" m="51599" /><D82/><U126/><E126/><V30/><F3/><W101/><G125/><T22/><D133/><U52/><E52/><N who="2" m="29767" /><F129/><W29/><G101/><T74/><D132/><U51/><E51/><V96/><F96/><W135/><G135/><RYUUKYOKU ba="1,1" sc="240,-10,230,30,240,-10,280,-10" hai1="7,9,13,21,24,48,54,56,100,103" /><INIT seed="1,2,1,2,2,129" ten="230,260,230,270" oya="1" hai0="8,71,114,9,99,24,104,96,50,13,15,32,43" hai1="103,92,116,132,108,12,106,1,34,31,88,49,42" hai2="51,74,44,122,124,19,86,18,118,112,109,72,62" hai3="76,11,7,100,126,110,135,105,14,55,84,69,79"/><U25/><E116/><V65/><F118/><W0/><G110/><T57/><D71/><U41/><E1/><V94/><F122/><W102/><G69/><T121/><D114/><U117/><E117/><V93/><F109/><W63/><G0/><T82/><D121/><U119/><E119/><V27/><F124/><W54/><G126/><T59/><D32/><U40/><E106/><V37/><F37/><W113/><G113/><T66/><D24/><U134/><E103/><V73/><F112/><W81/><G135/><N who="1" m="51754" /><E12/><V4/><F27/><W30/><G30/><T67/><D104/><U75/><E75/><V21/><F72/><W90/><G105/><T36/><D36/><U48/><E108/><V38/><F38/><W47/><G100/><T60/><D15/><U78/><E78/><V10/><F73/><W23/><G102/><T89/><D13/><U46/><E49/><V35/><F51/><N who="3" m="29055" /><G23/><T3/><D3/><U120/><E120/><V56/><F21/><W133/><G133/><T5/><D50/><U115/><E115/><V83/><F74/><W6/><G7/><T101/><D5/><U98/><AGARI ba="2,1" hai="25,31,34,40,41,42,46,48,88,92,98" m="51754" machi="98" ten="30,12000,1" yaku="20,1,52,3,54,1" doraHai="129" who="1" fromWho="1" sc="230,-42,260,136,230,-42,270,-42" /><INIT seed="1,3,0,4,4,51" ten="188,396,188,228" oya="1" hai0="100,15,13,44,127,63,35,45,21,66,83,111,22" hai1="132,5,122,76,116,123,36,81,87,102,4,91,85" hai2="28,56,125,67,34,69,80,3,119,115,135,120,6" hai3="82,20,89,62,88,0,10,106,41,104,29,1,130"/><U124/><E36/><V60/><F119/><W57/><G130/><T77/><D35/><U93/><E116/><V43/><F120/><W78/><G41/><T92/><D111/><U96/><E124/><V48/><F125/><W101/><G101/><T110/><D127/><U55/><E132/><V112/><F135/><W103/><G103/><T68/><D110/><U24/><E24/><V97/><F97/><W12/><G0/><T72/><D100/><U79/><E79/><V59/><F80/><W50/><G1/><T30/><D92/><U40/><E40/><V16/><F6/><W64/><G106/><T65/><D65/><U11/><E4/><V38/><F3/><W31/><G104/><T8/><D13/><U2/><REACH who="1" step="1"/><E55/><REACH who="1" ten="188,386,188,228" step="2"/><N who="2" m="31847" /><F43/><W42/><G78/><T26/><REACH who="0" step="1"/><D22/><REACH who="0" ten="178,386,188,228" step="2"/><U126/><E126/><V17/><F112/><W14/><G20/><T54/><D54/><U86/><E86/><V129/><F115/><W73/><G64/><T7/><AGARI ba="3,2" hai="7,8,15,21,26,30,44,45,63,66,68,72,77,83" machi="7" ten="20,2700,0" yaku="1,1,0,1,7,1,53,0" doraHai="51" doraHaiUra="131" who="0" fromWho="0" sc="178,56,386,-16,188,-10,228,-10" /><INIT seed="2,0,0,2,1,40" ten="234,370,178,218" oya="2" hai0="18,51,78,34,103,8,116,64,52,61,50,22,80" hai1="90,74,17,58,108,127,121,89,5,119,67,84,65" hai2="57,104,112,96,3,4,6,101,21,109,72,39,85" hai3="100,79,47,54,36,30,63,117,92,73,132,31,87"/><V76/><F112/><W44/><G117/><T131/><D34/><U16/><E74/><V77/><F39/><W95/><G36/><T26/><D131/><U15/><E119/><V130/><F130/><W113/><G73/><T49/><D116/><U122/><E108/><V1/><F109/><W9/><G113/><T38/><D38/><U28/><E28/><N who="3" m="10794" /><G9/><T94/><D8/><U19/><E127/><V62/><F72/><W68/><G68/><T11/><D11/><N who="1" m="4591" /><E58/><V35/><F35/><W129/><G132/><T29/><D18/><U99/><E99/><V126/><F126/><W97/><G129/><T24/><D24/><U41/><E41/><V55/><F1/><W25/><G25/><T114/><D114/><U32/><E89/><V102/><F102/><W2/><G2/><T125/><D125/><U66/><E32/><V93/><F3/><W98/><G98/><T46/><D103/><U106/><E106/><V7/><REACH who="2" step="1"/><F21/><REACH who="2" ten="234,370,168,218" step="2"/><W33/><G33/><T48/><D22/><U83/><E121/><V42/><F42/><W86/><G92/><T91/><D94/><U59/><E122/><V81/><F81/><N who="3" m="47423" /><G87/><T27/><D80/><U12/><E12/><V56/><F56/><AGARI ba="0,1" hai="44,47,54,56,63,95,97,100" m="47423,10794" machi="56" ten="30,3900,0" yaku="8,1,52,2" doraHai="40" who="3" fromWho="2" sc="234,0,370,0,168,-39,218,49" /><INIT seed="3,0,0,5,1,53" ten="234,370,129,267" oya="3" hai0="26,12,107,2,129,117,10,130,73,84,121,113,15" hai1="90,122,124,132,94,6,45,118,101,47,62,40,24" hai2="16,93,33,82,0,133,28,79,97,100,52,4,78" hai3="64,48,50,85,102,69,37,106,32,57,134,72,18"/><W5/><G72/><T70/><D73/><U61/><E122/><V43/><F133/><W11/><G32/><T30/><D107/><U89/><E124/><V19/><F43/><W59/><G106/><T77/><D70/><U120/><E120/><V104/><F104/><W20/><G37/><T35/><D121/><U91/><E6/><V128/><F128/><N who="0" m="49258" /><D77/><U38/><E132/><V119/><F119/><W108/><G69/><T115/><D84/><U99/><E118/><V51/><F78/><W36/><G36/><T71/><D71/><U29/><REACH who="1" step="1"/><E45/><REACH who="1" ten="234,360,129,267" step="2"/><V86/><F4/><W116/><G116/><T114/><D117/><U41/><E41/><V127/><F127/><W92/><G134/><T25/><D25/><U60/><E60/><V22/><F0/><W68/><G5/><AGARI ba="0,1" hai="2,5,10,12,15,26,30,35,113,114,115" m="49258" machi="5" ten="40,8000,1" yaku="11,1,19,1,34,2" doraHai="53" who="0" fromWho="3" sc="234,90,360,0,129,0,267,-80" /><INIT seed="4,0,0,1,3,133" ten="324,360,129,187" oya="0" hai0="63,125,85,117,90,131,42,98,47,8,27,18,111" hai1="35,36,52,16,10,103,61,53,112,50,91,123,81" hai2="95,134,65,106,108,105,12,84,46,30,29,75,59" hai3="76,119,126,130,69,56,94,70,121,43,0,120,17"/><T64/><D117/><U67/><E35/><V2/><F75/><W79/><G0/><T127/><D131/><U86/><E36/><V99/><F2/><W51/><G17/><T28/><D98/><U54/><E123/><N who="3" m="47178" /><G94/><T124/><D111/><U102/><E112/><V135/><F108/><W13/><G13/><T129/><D129/><U109/><E109/><V7/><F46/><N who="3" m="26079" /><G130/><T38/><D8/><U49/><E49/><V48/><F84/><W45/><G119/><T89/><D18/><U25/><E50/><V22/><F106/><W44/><G79/><T68/><D85/><U87/><E86/><V88/><F105/><W66/><G76/><T37/><D37/><U115/><E115/><V71/><F71/><N who="3" m="27147" /><G126/><T128/><D128/><U113/><E113/><V114/><F114/><W6/><G6/><T19/><D19/><U31/><E31/><V92/><F92/><W78/><G78/><T77/><D77/><U20/><E10/><N who="2" m="4191" /><F22/><AGARI ba="0,0" hai="22,27,28,38,42,47,63,64,68,89,90,124,125,127" machi="22" ten="40,12000,1" yaku="18,1,52,3" doraHai="133" who="0" fromWho="2" sc="324,120,360,0,129,-120,187,0" /><INIT seed="4,1,0,1,3,125" ten="444,360,9,187" oya="0" hai0="68,132,99,12,117,111,115,113,4,109,47,48,108" hai1="80,100,40,107,102,123,130,90,26,120,84,9,33" hai2="69,98,38,128,8,3,81,51,133,95,13,85,91" hai3="52,6,96,135,22,45,114,28,121,29,20,67,59"/><T127/><D117/><U55/><E40/><V129/><F69/><W104/><G114/><N who="0" m="43531" /><D68/><U17/><E33/><V15/><F38/><W39/><G135/><T61/><D127/><U76/><E26/><V7/><F133/><W92/><G104/><T116/><D116/><U106/><E55/><V32/><F51/><N who="3" m="28783" /><G39/><T103/><D61/><U35/><E17/><V44/><F44/><W14/><G121/><N who="1" m="46666" /><E9/><V21/><F32/><W60/><G6/><T49/><D47/><U24/><E24/><V19/><F3/><W74/><G74/><T93/><D132/><U16/><E16/><V65/><F65/><W46/><G46/><T62/><D62/><U134/><E35/><V34/><F34/><W89/><G14/><T124/><D124/><U119/><E119/><V66/><F66/><W42/><G42/><T2/><D2/><U53/><E53/><V75/><F75/><W54/><G67/><T25/><D25/><U5/><E5/><V122/><F122/><W112/><G112/><T94/><D94/><U88/><E134/><V50/><F50/><W43/><G43/><T36/><D36/><U18/><E106/><V79/><AGARI ba="1,0" hai="7,8,13,15,19,21,79,81,85,91,95,98,128,129" machi="79" ten="30,4000,0" yaku="0,1,52,2" doraHai="125" who="2" fromWho="2" sc="444,-21,360,-11,9,43,187,-11" /><INIT seed="5,0,0,2,3,88" ten="423,349,52,176" oya="1" hai0="126,27,54,6,87,67,119,48,80,47,122,114,65" hai1="16,25,56,5,34,69,123,17,43,128,121,134,31" hai2="15,89,107,29,11,8,124,109,2,112,41,75,60" hai3="44,101,28,14,18,108,79,113,82,71,111,13,95"/><U125/><E69/><V23/><F109/><W103/><G71/><T3/><D119/><U30/><E43/><V68/><F107/><W105/><G28/><T20/><D114/><U74/><E74/><V118/><F118/><W32/><G32/><T129/><D129/><U104/><E104/><V94/><F75/><W59/><G113/><T53/><D126/><U83/><E83/><V52/><F124/><W100/><G105/><T133/><D133/><U37/><E37/><V81/><F81/><W93/><G44/><T127/><D122/><U85/><E125/><V40/><F68/><W66/><G108/><T38/><D38/><U26/><E85/><N who="2" m="52527" /><F2/><W42/><G42/><N who="2" m="16489" /><F112/><W130/><G111/><T22/><D3/><U91/><E91/><V39/><F39/><W90/><G130/><T19/><D127/><U78/><E78/><V106/><F106/><W92/><G90/><T120/><D120/><N who="1" m="46155" /><E128/><V46/><F46/><W58/><G66/><T45/><D80/><U63/><E56/><N who="3" m="21546" /><G82/><T33/><D45/><U77/><E77/><V64/><F64/><W50/><G79/><T55/><D47/><U115/><E115/><V117/><F117/><W70/><G70/><T51/><D67/><U62/><E134/><V9/><F29/><W0/><G0/><T36/><D65/><U61/><E5/><N who="2" m="3471" /><F23/><N who="3" m="11727" /><G50/><T84/><D36/><U76/><E76/><V7/><F7/><W10/><G101/><T72/><D72/><U49/><E49/><V110/><F110/><W131/><G131/><T57/><D51/><U99/><E99/><V102/><F102/><W96/><G100/><RYUUKYOKU ba="0,0" sc="423,-30,349,10,52,10,176,10" hai1="16,17,25,26,30,31,34,61,62,63" hai2="9,11,52,60" hai3="10,14,92,93,95,96,103" /><INIT seed="5,1,0,1,3,25" ten="393,359,62,186" oya="1" hai0="7,130,39,54,105,28,104,108,10,133,27,63,103" hai1="5,30,111,115,13,127,59,53,101,86,8,125,35" hai2="117,12,1,17,126,6,48,129,42,69,46,118,88" hai3="74,123,20,94,80,134,34,116,91,92,81,79,73"/><U98/><E115/><V84/><F69/><W97/><G34/><T77/><D108/><U56/><E111/><V16/><F129/><W0/><G0/><T124/><D39/><U114/><E114/><V70/><F70/><W71/><G71/><T107/><D133/><U38/><E38/><V96/><F96/><W75/><G20/><T49/><D124/><N who="1" m="47691" /><E86/><V61/><F126/><W58/><G58/><T37/><D37/><U52/><E56/><V23/><F61/><W83/><G134/><T24/><D130/><U62/><E53/><V31/><F31/><W40/><G40/><T113/><D54/><U93/><E35/><V121/><F121/><W60/><G60/><T120/><D120/><U132/><E132/><V72/><F72/><N who="3" m="27755" /><G123/><T106/><D113/><U43/><E43/><V89/><F89/><N who="3" m="55439" /><G116/><T112/><D112/><U15/><E30/><V122/><F122/><W2/><N who="3" m="27763" /><W32/><DORA hai="100" /><G32/><T135/><D28/><U82/><E13/><V21/><F1/><W85/><G2/><T90/><D135/><U87/><E15/><V9/><F6/><W4/><G4/><T109/><D7/><U57/><E57/><V11/><F118/><W95/><G95/><T128/><D109/><U47/><E5/><V55/><F117/><W78/><AGARI ba="1,0" hai="78,79,80,81,83,85,91,94" m="55439,27763" machi="78" ten="50,8000,1" yaku="35,5" doraHai="25,100" who="3" fromWho="3" sc="393,-21,359,-41,62,-21,186,83" /><INIT seed="6,0,0,1,4,10" ten="372,318,41,269" oya="2" hai0="83,2,20,91,4,128,22,69,53,54,47,112,40" hai1="18,3,110,86,13,94,19,107,100,82,14,50,122" hai2="129,9,116,115,72,111,99,131,46,45,135,25,38" hai3="64,106,5,113,21,80,98,133,1,132,60,96,121"/><V29/><F116/><W35/><G35/><T49/><D69/><U31/><E3/><V95/><F115/><W74/><G121/><T37/><D128/><N who="2" m="49226" /><F72/><W23/><G1/><T32/><D32/><U44/><E107/><V8/><F135/><N who="3" m="51787" /><G5/><T65/><D112/><U26/><E110/><V79/><F79/><N who="3" m="44151" /><G113/><T101/><D4/><U56/><E56/><V41/><F46/><W92/><G106/><T27/><D2/><U77/><E122/><V48/><F38/><W12/><G12/><N who="1" m="4714" /><E31/><V55/><F41/><W119/><G119/><T120/><D37/><U85/><E26/><V66/><F66/><W87/><G87/><T59/><D27/><U28/><E28/><V117/><F111/><W34/><G34/><T123/><D123/><U70/><E70/><V67/><F67/><W33/><G33/><T126/><D120/><U7/><E7/><V0/><F117/><W6/><G6/><T57/><D65/><U88/><E100/><N who="2" m="60543" /><F0/><W103/><G96/><T114/><D114/><U105/><E105/><V43/><F43/><AGARI ba="0,0" hai="18,19,43,44,50,77,82,85,86,88,94" m="4714" machi="43" ten="30,8000,1" yaku="8,1,52,3,54,1" doraHai="10" who="1" fromWho="2" sc="372,0,318,80,41,-80,269,0" owari="372,17.2,398,49.8,-39,-53.9,269,-13.1" /></mjloggm>