<mjloggm ver="2.3"><GO type="169" lobby="0"/><UN n0="%6B%75%73%6F%E6%AD%A3%E5%AE%97" n1="%6D%61%6A%75%6E%69%61" n2="%41%6E%6B%6F%61%6E%6B%6F" n3="%E3%81%AD%E3%81%93%E3%81%AB%E3%82%83%E3%82%93" dan="16,17,17,16" rate="2085.97,2184.98,2189.26,2125.53" sx="M,M,F,F"/><TAIKYOKU oya="0"/><INIT seed="0,0,0,2,2,57" ten="250,250,250,250" oya="0" hai0="24,26,20,6,77,10,104,46,126,66,135,119,61" hai1="69,43,132,56,124,90,39,68,92,58,101,42,38" hai2="72,108,65,79,127,82,89,117,70,36,7,62,109" hai3="1,48,28,32,33,14,17,15,4,113,106,87,103"/><T60/><D119/><U122/><E101/><V95/><F117/><W76/><G113/><T97/><D126/><U112/><E112/><V71/><F127/><W114/><G114/><T120/><D120/><U50/><E122/><V78/><F78/><W31/><G103/><T102/><D135/><U134/><E90/><V100/><F100/><W44/><G106/><T19/><D77/><U54/><E92/><V13/><F36/><W27/><G87/><T125/><D125/><U34/><E34/><N who="3" m="13418" /><G48/><T88/><D24/><U116/><E124/><V110/><F7/><W85/><G85/><T59/><D46/><U18/><E18/><V115/><F115/><W49/><G49/><T22/><D22/><U23/><E23/><V5/><F5/><W2/><G44/><T86/><D59/><U8/><E8/><V96/><REACH who="2" step="1"/><F13/><REACH who="2" ten="250,250,240,250" step="2"/><N who="3" m="4619" /><G76/><T25/><D25/><U94/><E116/><V121/><F121/><W0/><G4/><T75/><D75/><U80/><E132/><V67/><F67/><W64/><G64/><T11/><D66/><U83/><E134/><V111/><N who="2" m="27648" /><DORA hai="129" /><V99/><F99/><W107/><G107/><T37/><D37/><U30/><E38/><V123/><F123/><W105/><G105/><T45/><D11/><U55/><E39/><V81/><F81/><W63/><G27/><T29/><D104/><U93/><REACH who="1" step="1"/><E50/><REACH who="1" ten="250,240,240,250" step="2"/><V118/><F118/><W128/><G2/><N who="0" m="343" /><D102/><U21/><E21/><V133/><F133/><W40/><G1/><T12/><D20/><U52/><E52/><V131/><F131/><W51/><G128/><T16/><D97/><RYUUKYOKU ba="0,2" sc="250,-15,240,15,240,15,250,-15" hai1="30,42,43,54,55,56,58,68,69,80,83,93,94" hai2="62,65,70,71,72,79,82,89,95,96" /><INIT seed="1,1,2,2,1,48" ten="235,255,255,235" oya="1" hai0="119,89,13,19,66,126,18,26,9,93,116,31,47" hai1="92,74,23,109,107,103,65,128,60,38,2,72,85" hai2="6,77,133,42,61,111,131,123,32,30,99,14,112" hai3="21,100,130,90,76,79,37,51,3,53,59,12,17"/><U22/><E128/><V87/><F123/><W62/><G37/><T71/><D126/><U40/><E2/><V69/><F131/><W129/><G3/><T97/><D18/><U94/><E107/><V15/><F111/><W105/><G129/><T125/><D125/><U1/><E1/><V81/><F133/><W39/><G39/><T58/><D47/><U80/><E38/><V117/><F117/><W115/><G115/><T118/><D71/><U57/><E40/><V36/><F112/><W43/><G105/><T50/><D66/><U46/><E46/><V11/><F15/><W56/><G100/><T113/><D113/><U24/><E23/><V121/><F121/><W82/><G130/><T95/><D93/><U20/><E22/><V83/><F99/><W54/><G43/><T29/><REACH who="0" step="1"/><D26/><REACH who="0" ten="225,255,255,235" step="2"/><U33/><E94/><V84/><F69/><W102/><G102/><T10/><D10/><U96/><E109/><V134/><F11/><W110/><G110/><T114/><D114/><U120/><E120/><V104/><F104/><W101/><G101/><T88/><D88/><U35/><E74/><V8/><F8/><W70/><G70/><T16/><D16/><U7/><E72/><V106/><F106/><W86/><AGARI ba="1,3" hai="12,17,21,51,53,54,56,59,62,76,79,82,86,90" machi="86" ten="30,7900,0" yaku="0,1,8,1,52,2" doraHai="48" who="3" fromWho="3" sc="225,-21,255,-40,255,-21,235,112" /><INIT seed="2,0,0,2,0,27" ten="204,215,234,347" oya="2" hai0="122,15,84,54,56,92,66,38,42,78,107,2,64" hai1="17,12,68,52,25,20,31,59,94,13,11,36,91" hai2="87,29,0,121,24,46,30,75,50,124,7,115,73" hai3="98,18,63,90,114,70,76,69,95,9,41,61,134"/><V104/><F115/><W85/><G134/><T1/><D107/><U103/><E36/><V43/><F121/><W19/><G114/><T128/><D122/><U34/><E68/><V72/><F124/><W96/><G41/><T109/><D109/><U77/><E77/><V135/><F135/><W127/><G127/><T130/><D42/><U117/><E117/><V126/><F126/><W101/><G76/><T106/><D106/><U133/><E133/><V81/><F104/><W5/><G96/><T39/><D39/><U131/><E131/><N who="0" m="50217" /><D38/><U102/><E13/><V57/><F57/><W80/><G70/><T112/><D15/><U110/><E110/><V71/><F24/><W123/><G123/><T111/><D111/><U3/><E3/><N who="0" m="1033" /><D112/><U23/><E34/><V83/><F71/><W14/><G69/><T58/><D58/><U82/><E82/><V55/><F43/><W67/><G67/><T125/><D125/><U53/><E53/><V86/><F83/><W99/><G99/><T129/><D129/><U33/><E33/><V93/><F93/><W26/><G5/><T74/><D74/><U89/><E11/><V48/><F48/><W45/><G45/><T65/><D92/><U132/><E132/><V8/><REACH who="2" step="1"/><F86/><REACH who="2" ten="204,215,224,347" step="2"/><W21/><AGARI ba="0,1" hai="9,14,18,19,21,26,61,63,80,85,90,95,98,101" machi="21" ten="30,2000,0" yaku="0,1,8,1" doraHai="27" who="3" fromWho="3" sc="204,-5,215,-5,224,-10,347,30" /><INIT seed="3,0,0,5,1,93" ten="199,210,214,377" oya="3" hai0="82,43,84,99,18,23,29,116,107,38,28,105,63" hai1="47,73,17,48,89,108,97,79,61,128,24,45,121" hai2="42,70,1,69,125,92,5,35,94,135,40,39,3" hai3="44,32,132,59,114,76,9,7,90,129,51,67,31"/><W98/><G114/><T10/><D116/><U109/><E121/><V68/><F35/><W131/><G132/><T2/><D38/><U102/><E128/><V4/><F39/><W96/><G76/><T120/><D43/><U123/><E123/><V124/><REACH who="2" step="1"/><F68/><REACH who="2" ten="199,210,204,377" step="2"/><W103/><G129/><T16/><D120/><U6/><E109/><V15/><F15/><N who="3" m="5567" /><G32/><T122/><D122/><U56/><E108/><V30/><F30/><W88/><G31/><T37/><D37/><U101/><E24/><V8/><F8/><W112/><G131/><T33/><D29/><U41/><E6/><V77/><F77/><W12/><G12/><T25/><D10/><U66/><E17/><V115/><F115/><W22/><G112/><T126/><D18/><U36/><E79/><V11/><F11/><W54/><G22/><T85/><D28/><U60/><E73/><V74/><F74/><W52/><G67/><T71/><D33/><U26/><E26/><V21/><F21/><W46/><G46/><T83/><D23/><U72/><E72/><V65/><F65/><W86/><G44/><T62/><D25/><U58/><E45/><V119/><F119/><W0/><G0/><T27/><D2/><U130/><E36/><V110/><F110/><W127/><G59/><T34/><D71/><U117/><E117/><V50/><F50/><W55/><G51/><T53/><D27/><U78/><E78/><V75/><F75/><W95/><G55/><T49/><D34/><U20/><E20/><V118/><F118/><W104/><G127/><T13/><D126/><U19/><E48/><RYUUKYOKU ba="0,1" sc="199,-15,210,-15,204,15,377,15" hai2="1,3,4,5,40,42,69,70,92,94,124,125,135" hai3="52,54,86,88,90,95,96,98,103,104" /><INIT seed="3,1,1,0,1,92" ten="184,195,219,392" oya="3" hai0="135,55,95,100,3,87,119,120,77,10,104,14,19" hai1="72,109,17,81,8,113,94,65,53,16,57,117,29" hai2="38,20,125,102,67,70,121,40,41,42,30,39,123" hai3="0,62,124,112,126,76,47,98,59,18,32,131,43"/><W118/><G32/><T88/><D119/><U23/><E117/><V108/><F30/><W26/><G118/><T78/><D120/><N who="2" m="46154" /><F102/><W73/><G0/><T34/><D34/><U12/><E113/><V106/><F106/><W11/><G112/><T4/><D135/><U69/><E109/><V15/><F15/><W134/><G134/><T7/><D7/><U33/><E69/><V50/><F20/><W86/><G73/><T99/><REACH who="0" step="1"/><D55/><REACH who="0" ten="174,195,219,392" step="2"/><U90/><E33/><V127/><F108/><W44/><G124/><N who="2" m="47689" /><F50/><W107/><G126/><T133/><D133/><U60/><E53/><V56/><F70/><W28/><G28/><T2/><D2/><U5/><E29/><V84/><F84/><W54/><G86/><T85/><D85/><U66/><E65/><V110/><F110/><W9/><G54/><T24/><D24/><U83/><E17/><V63/><AGARI ba="1,2" hai="38,39,40,41,42,56,63,67" m="47689,46154" machi="63" ten="40,8000,1" yaku="13,1,18,1,34,2" doraHai="92" who="2" fromWho="2" sc="174,-21,195,-21,219,103,392,-41" /><INIT seed="4,0,0,3,3,47" ten="153,174,322,351" oya="0" hai0="29,0,3,117,75,132,81,17,36,120,122,112,44" hai1="27,115,62,100,39,110,76,93,127,74,38,22,60" hai2="40,121,46,102,73,19,9,126,105,109,14,8,68" hai3="124,99,131,58,52,13,66,119,91,84,41,54,33"/><T80/><D112/><U43/><E110/><V55/><F109/><W57/><G33/><T70/><D70/><U30/><E115/><V6/><F121/><W85/><G119/><T72/><D117/><U98/><E127/><V106/><F126/><W37/><G124/><T1/><D29/><U65/><E43/><V83/><F68/><W26/><G26/><T63/><D63/><U34/><E62/><V104/><F55/><W107/><G66/><T94/><D94/><U11/><E34/><V86/><F102/><W10/><G41/><T48/><D36/><U64/><E64/><V92/><F92/><N who="3" m="56735" /><G37/><T7/><D7/><U113/><E113/><V128/><F128/><W78/><G78/><T31/><D31/><U32/><E32/><V108/><F108/><W23/><G23/><T25/><D25/><U134/><E134/><V5/><F73/><N who="0" m="28234" /><D17/><U125/><E125/><V69/><F69/><W2/><G2/><T50/><D44/><U51/><E51/><N who="0" m="19497" /><D132/><U96/><E98/><V24/><F24/><W114/><G114/><T21/><D21/><U90/><E90/><V89/><F19/><W130/><G130/><T12/><D12/><U71/><REACH who="1" step="1"/><E11/><REACH who="1" ten="153,164,322,351" step="2"/><V15/><F40/><W111/><G10/><T82/><AGARI ba="0,1" hai="0,1,3,80,81,82,120,122" m="19497,28234" machi="82" ten="40,12000,1" yaku="28,2,52,3" doraHai="47" who="0" fromWho="0" sc="153,130,164,-40,322,-40,351,-40" /><INIT seed="4,1,0,3,2,4" ten="283,124,282,311" oya="0" hai0="103,97,123,80,18,101,21,81,62,59,39,95,14" hai1="120,0,49,132,44,3,13,117,133,94,54,25,28" hai2="71,111,118,55,113,110,135,9,19,40,10,60,86" hai3="79,15,46,6,75,68,29,134,72,122,78,84,74"/><T36/><D123/><U8/><E117/><V38/><F118/><W99/><G68/><T128/><D128/><U115/><E120/><V96/><F113/><W93/><G122/><T7/><D39/><U104/><E104/><V127/><F135/><W87/><G29/><T56/><D36/><U125/><E125/><V35/><F35/><W82/><G15/><T107/><D56/><U41/><E115/><V43/><F127/><W27/><G27/><T90/><D7/><U51/><E132/><V105/><F19/><W26/><G26/><T102/><REACH who="0" step="1"/><D107/><REACH who="0" ten="273,124,282,311" step="2"/><U2/><E133/><V11/><F38/><W57/><G57/><T64/><AGARI ba="1,1" hai="14,18,21,59,62,64,80,81,90,95,97,101,102,103" machi="64" ten="30,12000,1" yaku="1,1,2,1,0,1,8,1,53,1" doraHai="4" doraHaiUra="63" who="0" fromWho="0" sc="273,133,124,-41,282,-41,311,-41" /><INIT seed="4,2,0,4,0,108" ten="406,83,241,270" oya="0" hai0="56,36,6,114,52,78,74,25,83,48,119,127,110" hai1="23,45,76,27,77,17,103,40,82,11,20,123,88" hai2="35,64,73,101,116,26,1,29,66,42,13,30,128" hai3="135,65,60,43,9,126,124,111,84,47,106,7,80"/><T79/><D114/><U55/><E123/><V14/><F128/><W118/><G106/><T37/><D119/><U57/><E103/><V24/><F73/><W95/><G95/><T87/><D127/><U71/><E71/><V122/><F122/><W85/><G118/><T54/><D110/><U2/><E2/><V131/><F131/><W109/><G85/><T51/><D6/><U10/><E23/><V44/><F1/><W16/><G16/><T81/><REACH who="0" step="1"/><D25/><REACH who="0" ten="396,83,241,270" step="2"/><U28/><E28/><V59/><F26/><W0/><G124/><T132/><D132/><U63/><E76/><V49/><F30/><W8/><G135/><T12/><D12/><U69/><E69/><V125/><F125/><W33/><G126/><T72/><D72/><U104/><E104/><V102/><F13/><W19/><G109/><T93/><D93/><U91/><E10/><V61/><F116/><W41/><G9/><T89/><D89/><U39/><REACH who="1" step="1"/><E11/><REACH who="1" ten="396,73,241,270" step="2"/><V121/><F121/><W86/><G8/><T117/><D117/><U21/><E21/><V94/><F29/><W120/><G120/><T58/><AGARI ba="2,2" hai="36,37,48,51,52,54,56,58,74,78,79,81,83,87" machi="58" ten="20,12000,1" yaku="1,1,0,1,7,1,9,1,54,1,53,0" doraHai="108" doraHaiUra="38" who="0" fromWho="0" sc="396,146,73,-42,241,-42,270,-42" /><INIT seed="4,3,0,4,1,50" ten="542,31,199,228" oya="0" hai0="81,1,17,41,0,106,114,47,24,97,55,82,98" hai1="43,20,64,80,75,11,9,51,21,105,95,35,117" hai2="7,102,61,67,38,36,79,78,72,29,4,74,94" hai3="6,49,92,71,115,40,113,127,133,83,2,84,12"/><T5/><D114/><U77/><E117/><V37/><F29/><W28/><G71/><T39/><D0/><U130/><E105/><V65/><F94/><W44/><G2/><T26/><D26/><U8/><E35/><V91/><F91/><W56/><G28/><T31/><D17/><U54/><E130/><V14/><F14/><W86/><G133/><T33/><D106/><U124/><E124/><V46/><F46/><W73/><G127/><T121/><D121/><U132/><E132/><V96/><F96/><W104/><G104/><T116/><D116/><U112/><E112/><V69/><F102/><W13/><G73/><T93/><D98/><U63/><E95/><V22/><F22/><W123/><G123/><T34/><D34/><U16/><E43/><V25/><F25/><W101/><G6/><T107/><D107/><U19/><E21/><V68/><F38/><W90/><G113/><T18/><D18/><U57/><REACH who="1" step="1"/><E20/><REACH who="1" ten="542,21,199,228" step="2"/><V53/><REACH who="2" step="1"/><F61/><REACH who="2" ten="542,21,189,228" step="2"/><W88/><G92/><T89/><D93/><U59/><AGARI ba="3,2" hai="8,9,11,16,19,51,54,57,59,63,64,75,77,80" machi="59" ten="30,12000,2" yaku="1,1,2,1,0,1,52,1,54,1,53,1" doraHai="50" doraHaiUra="60" who="1" fromWho="1" sc="542,-63,21,149,189,-33,228,-33" /><INIT seed="5,0,0,4,2,98" ten="479,170,156,195" oya="1" hai0="22,20,110,27,57,34,6,77,61,112,79,1,55" hai1="47,115,122,76,126,38,42,86,67,75,56,69,12" hai2="130,121,63,37,54,72,49,90,74,105,24,46,17" hai3="66,80,87,131,73,23,64,39,3,93,13,31,52"/><U16/><E122/><V28/><F121/><W2/><G39/><T15/><D110/><U40/><E115/><V117/><F117/><W100/><G73/><T85/><D34/><U119/><E126/><V89/><F130/><W53/><G3/><T135/><D1/><U18/><E119/><V108/><F108/><W41/><G41/><T99/><D135/><U26/><E75/><V51/><F37/><W0/><G0/><T95/><D85/><U83/><E69/><V84/><F63/><W127/><G2/><T4/><D112/><U71/><E71/><V35/><F105/><W14/><G14/><T94/><D94/><U9/><E38/><V33/><F17/><N who="3" m="10671" /><G31/><T120/><D120/><U59/><E47/><V116/><F116/><W43/><G43/><N who="1" m="16426" /><E67/><N who="3" m="25642" /><G131/><T11/><D4/><U103/><E103/><V62/><F74/><W21/><G21/><AGARI ba="0,0" hai="9,12,16,18,21,26,56,59,76,83,86" m="16426" machi="21" ten="30,2900,0" yaku="8,1,54,1" doraHai="98" who="1" fromWho="3" sc="479,0,170,29,156,0,195,-29" /><INIT seed="5,1,0,3,1,58" ten="479,199,156,166" oya="1" hai0="80,79,1,28,7,109,69,10,135,88,123,15,30" hai1="96,59,118,95,126,76,33,13,38,12,17,78,93" hai2="52,115,43,113,18,111,32,75,71,11,47,48,34" hai3="101,4,90,42,46,64,21,73,3,105,60,67,24"/><U8/><E118/><V103/><F111/><W66/><G73/><T128/><D109/><U114/><E33/><V41/><F75/><W65/><G105/><T51/><D128/><U100/><E114/><N who="2" m="43531" /><F103/><W102/><G90/><T9/><D135/><U50/><E126/><V131/><F131/><W68/><G4/><T2/><D69/><U70/><E70/><V45/><F71/><W86/><G86/><T117/><D123/><U0/><E38/><N who="2" m="21687" /><F43/><W56/><G3/><T97/><D1/><U81/><E0/><V63/><F63/><W16/><REACH who="3" step="1"/><G68/><REACH who="3" ten="479,199,156,156" step="2"/><T54/><D2/><U82/><E78/><V94/><F94/><W36/><AGARI ba="1,1" hai="16,21,24,36,42,46,56,60,64,65,66,67,101,102" machi="36" ten="30,8000,1" yaku="1,1,2,1,0,1,52,1,54,1,53,0" doraHai="58" doraHaiUra="130" who="3" fromWho="3" sc="479,-21,199,-41,156,-21,156,93" /><INIT seed="6,0,0,3,1,24" ten="458,158,135,249" oya="2" hai0="29,27,11,100,1,129,87,120,18,8,20,101,98" hai1="108,65,45,40,113,53,72,96,118,116,34,92,30" hai2="12,115,86,5,131,68,26,114,122,76,44,124,48" hai3="9,62,59,97,56,77,134,0,54,37,90,16,49"/><V107/><F122/><W91/><G37/><T31/><D120/><U50/><E72/><V47/><F131/><W104/><G134/><T109/><D109/><U66/><E108/><V25/><F124/><W95/><G104/><T3/><D3/><U74/><E74/><V52/><F68/><W6/><G77/><T57/><D1/><U132/><E132/><V32/><F107/><W7/><G7/><T35/><D35/><U64/><E113/><N who="2" m="43019" /><F47/><W135/><G16/><T41/><D41/><U117/><E34/><V75/><F75/><W121/><G135/><T67/><D129/><U82/><E82/><N who="2" m="47431" /><F32/><W61/><G121/><T36/><D36/><U84/><E84/><V119/><F119/><W13/><G0/><T60/><D87/><U111/><E111/><V55/><F55/><N who="3" m="33951" /><G62/><T51/><D51/><U106/><E106/><V130/><F130/><W2/><G2/><T70/><D70/><U123/><E123/><V125/><F125/><W46/><G46/><T21/><D21/><U58/><E53/><V128/><F128/><W102/><AGARI ba="0,0" hai="6,9,13,49,54,59,90,91,95,97,102" m="33951" machi="102" ten="30,1100,0" yaku="8,1" doraHai="24" who="3" fromWho="3" sc="458,-3,158,-3,135,-5,249,11" /><INIT seed="7,0,0,3,1,81" ten="455,155,130,260" oya="3" hai0="65,67,124,94,27,102,68,70,53,64,58,5,33" hai1="35,52,90,28,93,11,95,63,41,72,38,2,133" hai2="101,123,18,43,99,122,24,107,117,51,9,104,115" hai3="26,56,78,134,129,49,39,97,130,85,16,4,135"/><W89/><G39/><T23/><D33/><U10/><E72/><V88/><F117/><W37/><G37/><T36/><D36/><U32/><E38/><V40/><F115/><W83/><G4/><T118/><D124/><U121/><E41/><V1/><F107/><W92/><G49/><T12/><D68/><U86/><E121/><N who="2" m="46091" /><F1/><W105/><G56/><T126/><D126/><U14/><E35/><V127/><F127/><W131/><G105/><T7/><D12/><U8/><E2/><V87/><F51/><W109/><G109/><T71/><D71/><U15/><E133/><N who="3" m="50698" /><G26/><T54/><D118/><U66/><E32/><V114/><F114/><W120/><G120/><T30/><D70/><U45/><E28/><V62/><F62/><W119/><G16/><T34/><D34/><U48/><REACH who="1" step="1"/><E93/><REACH who="1" ten="455,145,130,260" step="2"/><N who="2" m="54431" /><F9/><W132/><G132/><T20/><D20/><AGARI ba="0,1" hai="18,20,24,40,43,99,101,104" m="54431,46091" machi="20" ten="30,3900,0" yaku="13,1,52,1,54,1" doraHai="81" who="2" fromWho="0" sc="455,-39,145,0,130,49,260,0" owari="416,51.6,145,-35.5,179,-22.1,260,6.0" /></mjloggm>