<mjloggm ver="2.3"><GO type="169" lobby="0"/><UN n0="%E3%81%9F%E3%81%8B%E3%81%AF%E3%81%97%E3%81%83%E3%81%83%E3%81%83" n1="%E3%81%AA%E3%81%BE%E3%81%91%E8%80%85" n2="%E6%BC%82%E3%81%86" n3="%E9%9B%A8%E6%9C%88%E3%81%A4%E3%82%86" dan="16,16,16,16" rate="2131.83,2069.93,2121.39,2112.65" sx="M,M,M,M"/><TAIKYOKU oya="0"/><INIT seed="0,0,0,1,0,125" ten="250,250,250,250" oya="0" hai0="90,29,20,10,109,8,27,95,60,0,69,124,59" hai1="121,42,87,12,63,93,65,78,104,77,84,117,79" hai2="55,64,18,91,72,68,134,97,37,25,26,9,39" hai3="133,106,44,102,7,6,51,119,123,14,112,48,122"/><T86/><D124/><U19/><E121/><N who="3" m="46090" /><G112/><T116/><D116/><U41/><E104/><V56/><F72/><W66/><G66/><T67/><D109/><U114/><E117/><V73/><F73/><W30/><G119/><T99/><D0/><U120/><E114/><V61/><F134/><W2/><G2/><T127/><D127/><U45/><E120/><V3/><F37/><W23/><G51/><T110/><D110/><U107/><E107/><V46/><F91/><W75/><G75/><T132/><D132/><U74/><E74/><V35/><F97/><N who="3" m="61775" /><G133/><T52/><REACH who="0" step="1"/><D99/><REACH who="0" ten="240,250,250,250" step="2"/><U11/><E84/><V81/><F3/><W96/><G96/><T5/><D5/><U128/><E87/><V21/><F35/><W54/><G30/><T31/><D31/><U22/><E19/><AGARI ba="0,1" hai="6,7,14,19,23,44,48,54" m="61775,46090" machi="19" ten="30,1000,0" yaku="13,1" doraHai="125" who="3" fromWho="1" sc="240,0,250,-10,250,0,250,20" /><INIT seed="1,0,0,1,5,107" ten="240,240,250,270" oya="1" hai0="84,33,80,28,38,15,122,112,65,135,23,2,78" hai1="98,102,5,132,42,58,55,34,103,106,25,3,105" hai2="128,26,6,83,44,101,116,0,48,123,35,39,31" hai3="32,66,20,87,27,19,131,17,127,29,56,16,76"/><U97/><E132/><V81/><F116/><W61/><G131/><T126/><D112/><U24/><E42/><V41/><F123/><W64/><G127/><T90/><D126/><U117/><E117/><V96/><F128/><W85/><G66/><T134/><D2/><U120/><E120/><V54/><F6/><W121/><G121/><T52/><D122/><U111/><E111/><V74/><F0/><W4/><G4/><T11/><D33/><U130/><E130/><V57/><REACH who="2" step="1"/><F74/><REACH who="2" ten="240,240,240,270" step="2"/><W46/><G32/><T91/><D134/><U125/><E125/><V108/><F108/><W109/><G109/><T89/><D135/><U13/><E34/><V115/><F115/><W10/><G10/><T18/><D38/><U104/><E3/><V88/><F88/><W21/><G76/><T8/><D65/><U1/><E1/><V53/><F53/><W62/><G21/><T75/><D75/><U59/><E106/><AGARI ba="0,1" hai="26,31,35,39,41,44,48,54,57,81,83,96,101,106" machi="106" ten="30,3900,0" yaku="1,1,7,1,53,1" doraHai="107" doraHaiUra="22" who="2" fromWho="1" sc="240,0,240,-39,240,49,270,0" /><INIT seed="2,0,0,0,0,107" ten="240,201,289,270" oya="2" hai0="14,24,76,133,105,40,72,44,68,108,34,49,80" hai1="112,22,78,32,123,69,53,33,55,106,89,95,54" hai2="10,7,100,64,6,42,67,18,51,58,39,59,114" hai3="0,70,16,30,132,111,117,109,62,88,75,27,83"/><V8/><F114/><W90/><G117/><T28/><D108/><N who="3" m="41545" /><G0/><T96/><D133/><U129/><E112/><V20/><F39/><W36/><G36/><T52/><D68/><U13/><E106/><V65/><F100/><W98/><G98/><T12/><REACH who="0" step="1"/><D40/><REACH who="0" ten="230,201,289,270" step="2"/><U48/><E69/><V127/><F127/><W101/><G132/><T47/><D47/><U61/><E123/><V5/><F42/><W135/><G135/><T99/><D99/><U81/><E129/><V57/><F51/><W11/><G101/><AGARI ba="0,1" hai="12,14,24,28,34,44,49,52,72,76,80,96,101,105" machi="101" ten="40,8000,1" yaku="1,1,52,1,54,1,53,1" doraHai="107" doraHaiUra="102" who="0" fromWho="3" sc="230,90,201,0,289,0,270,-80" /><INIT seed="3,0,0,2,4,98" ten="320,201,289,190" oya="3" hai0="90,127,16,26,93,132,10,46,88,1,57,50,20" hai1="24,30,9,45,4,13,131,47,66,11,52,22,124" hai2="14,112,0,59,116,75,48,44,126,6,29,35,53" hai3="71,55,81,121,109,82,134,40,49,64,113,65,31"/><W51/><G134/><T74/><D74/><U111/><E111/><V100/><F112/><W37/><G113/><T5/><D132/><U79/><E131/><V105/><F116/><W92/><G121/><T133/><D133/><U85/><E66/><N who="3" m="25706" /><G37/><T56/><D127/><U21/><E124/><V83/><F0/><W3/><G3/><T130/><D130/><U128/><E128/><V123/><F126/><W36/><G36/><T110/><D110/><U60/><E21/><V84/><F75/><W101/><G71/><T95/><D93/><U73/><E11/><V86/><F35/><W72/><G72/><T69/><D90/><U19/><E30/><V61/><F29/><W68/><G68/><T114/><D69/><U122/><E122/><V25/><F25/><W104/><G104/><T7/><D5/><U76/><E73/><V94/><F105/><W62/><G31/><T33/><D33/><U41/><E41/><V125/><F125/><W119/><G119/><T97/><D114/><U108/><E108/><V70/><F70/><W63/><G40/><AGARI ba="0,0" hai="1,7,10,16,20,26,40,46,50,56,57,88,95,97" machi="40" ten="30,3900,0" yaku="7,1,54,2" doraHai="98" who="0" fromWho="3" sc="320,39,201,0,289,0,190,-39" /><INIT seed="4,0,0,3,5,85" ten="359,201,289,151" oya="0" hai0="23,34,68,90,81,78,111,74,59,3,96,108,13" hai1="102,66,67,30,95,128,19,82,32,20,130,125,29" hai2="56,84,72,64,21,31,77,120,1,86,62,112,83" hai3="61,116,105,35,133,58,28,0,88,17,126,91,127"/><T73/><D68/><U104/><E104/><V70/><F120/><W107/><G0/><T93/><D34/><U9/><E125/><N who="3" m="47626" /><G116/><T39/><D3/><U11/><E82/><V7/><F112/><W65/><G133/><T71/><D71/><U132/><E132/><V101/><F101/><W41/><G41/><T5/><D39/><U114/><E114/><V22/><F70/><W10/><G28/><T89/><D73/><U42/><E42/><V45/><F1/><W38/><G38/><T113/><D113/><U47/><E47/><V16/><F7/><W4/><G35/><T106/><D106/><N who="3" m="40457" /><G4/><T18/><D5/><U43/><E43/><V79/><F45/><W129/><G129/><T98/><D59/><U57/><E32/><V40/><F40/><W118/><G118/><T124/><D124/><U134/><E134/><V52/><F64/><W26/><G26/><T123/><D123/><U121/><E67/><V99/><F31/><W54/><G65/><T6/><D6/><U110/><E121/><V115/><F72/><W2/><G2/><T94/><AGARI ba="0,0" hai="13,18,23,74,78,81,89,90,93,94,96,98,108,111" machi="94" ten="30,11700,0" yaku="0,1,9,1,52,2" doraHai="85" who="0" fromWho="0" sc="359,117,201,-39,289,-39,151,-39" /><INIT seed="4,1,0,1,0,112" ten="476,162,250,112" oya="0" hai0="75,133,27,68,51,26,20,64,47,116,135,124,80" hai1="85,19,6,99,39,98,7,71,34,103,100,89,131" hai2="101,33,37,11,121,134,87,78,82,86,44,29,30" hai3="109,93,129,13,111,53,132,32,8,18,72,58,9"/><T119/><D124/><U106/><E131/><V96/><F121/><W84/><G72/><T115/><D115/><U113/><E71/><V130/><F33/><W24/><G129/><T59/><D68/><U4/><E39/><V15/><F130/><W41/><G132/><N who="0" m="50763" /><D59/><U36/><E36/><V123/><F134/><W16/><G41/><N who="0" m="25071" /><D64/><U62/><E34/><V45/><F87/><W79/><G32/><T69/><D69/><U5/><E62/><V128/><F128/><W70/><G70/><T1/><D1/><U90/><E113/><V17/><F123/><W126/><G126/><T40/><D40/><U14/><E85/><V122/><F122/><W66/><G66/><T48/><D48/><U81/><E81/><V76/><F37/><W46/><G46/><N who="2" m="18025" /><F78/><W57/><G57/><T52/><D52/><U83/><E83/><V102/><F96/><W22/><G9/><T117/><D20/><U114/><E114/><V43/><F43/><W63/><REACH who="3" step="1"/><G79/><AGARI ba="1,0" hai="26,27,75,79,80,116,117,119" m="25071,50763" machi="79" ten="40,12000,1" yaku="20,1,52,3" doraHai="112" who="0" fromWho="3" sc="476,123,162,0,250,0,112,-123" owari="599,69.9,162,-23.8,250,5.0,-11,-51.1" /></mjloggm>