<mjloggm ver="2.3"><GO type="169" lobby="0"/><UN n0="%74%61%69%77%61%6E%63%6F" n1="%E3%81%9B%E3%81%A9%E3%81%AA%E3%82%8A%E3%81%82%E3%82%93" n2="%79%75%62%65" n3="%41%4F%54" dan="17,16,16,18" rate="2185.32,2176.17,2192.06,2202.91" sx="M,M,M,F"/><TAIKYOKU oya="0"/><INIT seed="0,0,0,5,3,40" ten="250,250,250,250" oya="0" hai0="39,81,103,62,43,105,117,116,77,76,17,67,27" hai1="31,100,41,44,66,78,15,50,118,125,10,122,61" hai2="8,120,24,60,22,83,2,123,29,73,25,70,49" hai3="104,97,45,111,94,106,113,33,57,23,35,75,21"/><T112/><D112/><U126/><E118/><V87/><F73/><W74/><G113/><T108/><D77/><U115/><E122/><V91/><F70/><W129/><G111/><T51/><D51/><U3/><E3/><V52/><F60/><W69/><G69/><N who="0" m="42231" /><D17/><U131/><E131/><V89/><F89/><W93/><G57/><T11/><D11/><U28/><E100/><V54/><F54/><W101/><G129/><T6/><D6/><U63/><E78/><V99/><F99/><W58/><G58/><T55/><D55/><U36/><E63/><V95/><F83/><W134/><G134/><T5/><D27/><U133/><E133/><V65/><F65/><W110/><G110/><T98/><D5/><U102/><E102/><V42/><F42/><W7/><G7/><T109/><D43/><U59/><E50/><V16/><F2/><W46/><G101/><T56/><D56/><U130/><E130/><V71/><F71/><W30/><G30/><T121/><D39/><U132/><E132/><V107/><F107/><W82/><G82/><T128/><D128/><U4/><REACH who="1" step="1"/><E115/><REACH who="1" ten="250,240,250,250" step="2"/><V47/><REACH who="2" step="1"/><F8/><REACH who="2" ten="250,240,240,250" step="2"/><W86/><REACH who="3" step="1"/><G97/><REACH who="3" ten="250,240,240,240" step="2"/><T84/><D121/><U9/><E9/><V85/><F85/><AGARI ba="0,3" hai="21,23,33,35,45,46,74,75,85,86,93,94,104,106" machi="85" ten="25,12000,2" yaku="1,1,2,1,22,2,52,2,53,0" doraHai="40" doraHaiUra="68" who="3" fromWho="2" sc="250,0,240,0,240,-120,240,150" /><INIT seed="1,0,0,4,3,126" ten="250,240,120,390" oya="1" hai0="90,65,6,46,79,117,38,41,70,135,99,28,34" hai1="39,13,75,49,8,55,96,68,36,105,27,37,58" hai2="60,45,73,67,112,131,69,127,113,107,77,111,21" hai3="17,57,51,120,83,48,12,118,89,56,128,122,43"/><U0/><E68/><V134/><F127/><W29/><G118/><T24/><D117/><U125/><E125/><V115/><F21/><W74/><G29/><T109/><D109/><U106/><E75/><V86/><F111/><W50/><G43/><T95/><D135/><U104/><E27/><V2/><F134/><W7/><G7/><T64/><D70/><U19/><REACH who="1" step="1"/><E0/><REACH who="1" ten="250,230,120,390" step="2"/><V15/><F2/><W44/><G74/><T76/><REACH who="0" step="1"/><D6/><REACH who="0" ten="240,230,120,390" step="2"/><U5/><E5/><V130/><F73/><W23/><G122/><T123/><D123/><U98/><AGARI ba="0,2" hai="8,13,19,36,37,39,49,55,58,96,98,104,105,106" machi="98" ten="40,3900,0" yaku="1,1,0,1,53,0" doraHai="126" doraHaiUra="132" who="1" fromWho="1" sc="240,-13,230,59,120,-13,390,-13" /><INIT seed="1,1,0,0,3,41" ten="227,289,107,377" oya="1" hai0="15,76,42,32,106,78,102,77,91,90,35,20,107" hai1="103,13,26,135,101,25,96,117,98,130,3,5,54" hai2="40,70,125,88,81,123,14,111,112,67,22,49,19" hai3="9,124,84,73,74,72,43,33,24,34,64,55,53"/><U114/><E114/><V57/><F123/><W37/><G124/><T75/><D42/><U29/><E117/><V86/><F111/><W52/><G64/><T133/><D15/><U65/><E3/><V1/><F125/><W132/><G132/><T16/><D20/><U82/><E130/><V100/><F112/><W127/><G127/><T59/><D59/><U38/><E135/><V93/><F1/><W69/><G69/><T56/><D56/><U48/><E38/><V66/><F70/><W118/><G118/><T85/><D16/><U129/><E129/><V83/><F100/><N who="1" m="38473" /><E82/><V50/><F50/><W31/><G84/><T134/><D102/><U94/><E94/><V126/><F126/><W2/><G34/><T99/><D77/><U46/><E65/><V62/><REACH who="2" step="1"/><F66/><REACH who="2" ten="227,289,97,377" step="2"/><W39/><G2/><T121/><D121/><U131/><E131/><V7/><F7/><W89/><G39/><T36/><D36/><U71/><E71/><V95/><F95/><W11/><G37/><T4/><D4/><U113/><E113/><V27/><F27/><W105/><G105/><T115/><D115/><U63/><E26/><V23/><F23/><W87/><REACH who="3" step="1"/><G43/><REACH who="3" ten="227,289,97,367" step="2"/><T68/><D134/><U0/><E0/><V79/><F79/><W108/><G108/><T104/><D133/><U51/><E54/><V97/><F97/><W92/><AGARI ba="1,2" hai="9,11,24,31,33,52,53,55,72,73,74,87,89,92" machi="92" ten="40,5200,0" yaku="1,1,0,1,54,1,53,0" doraHai="41" doraHaiUra="12" who="3" fromWho="3" sc="227,-14,289,-27,97,-14,367,75" /><INIT seed="2,0,0,1,4,30" ten="213,262,83,442" oya="2" hai0="52,20,70,47,66,38,105,60,133,124,72,86,92" hai1="134,54,115,14,114,45,10,42,90,4,2,82,26" hai2="69,34,1,16,94,87,123,65,64,67,50,19,106" hai3="121,78,44,127,5,89,53,39,101,36,57,130,24"/><V103/><F123/><W110/><G121/><T40/><D105/><U119/><E119/><V77/><F1/><W107/><G110/><T98/><D72/><U63/><E134/><V85/><F106/><W75/><G5/><T108/><D108/><U35/><E2/><V32/><F69/><W71/><G71/><T58/><D133/><U7/><E4/><V21/><F19/><W104/><G78/><T46/><D124/><U95/><E82/><V96/><F50/><W131/><G75/><T25/><D86/><U6/><E6/><V88/><F77/><W33/><G89/><T61/><D40/><U12/><E12/><V59/><F59/><W15/><G15/><T0/><D0/><U37/><E54/><V79/><F79/><W132/><G127/><T113/><D38/><U97/><REACH who="1" step="1"/><E63/><REACH who="1" ten="213,252,83,442" step="2"/><V112/><F112/><W102/><G53/><T17/><REACH who="0" step="1"/><D113/><REACH who="0" ten="203,252,83,442" step="2"/><U122/><E122/><V3/><F3/><W31/><G132/><T117/><D117/><U9/><E9/><V56/><F87/><W27/><G107/><T62/><D62/><U128/><E128/><V74/><F74/><W93/><G131/><T135/><D135/><U68/><E68/><V116/><F116/><W51/><G130/><T99/><D99/><U11/><E11/><V8/><F8/><W23/><G104/><T76/><D76/><U84/><E84/><V49/><F96/><W48/><G93/><T118/><D118/><U13/><E13/><N who="2" m="9359" /><F103/><AGARI ba="0,2" hai="17,20,25,46,47,52,58,60,61,66,70,92,98,103" machi="103" ten="30,3900,0" yaku="1,1,7,1,54,1,53,0" doraHai="30" doraHaiUra="28" who="0" fromWho="2" sc="203,59,252,0,83,-39,442,0" /><INIT seed="3,0,0,5,2,133" ten="262,252,44,442" oya="3" hai0="48,100,12,98,92,60,21,17,130,66,54,85,79" hai1="51,135,11,13,115,8,119,103,45,83,31,113,6" hai2="87,47,102,20,44,40,107,2,34,57,35,5,97" hai3="106,84,131,55,28,56,104,64,36,10,122,111,27"/><W109/><G122/><T99/><D130/><U71/><E71/><V95/><F57/><W16/><G131/><T81/><D99/><U86/><E135/><V114/><F114/><W39/><G64/><T62/><REACH who="0" step="1"/><D66/><REACH who="0" ten="252,252,44,442" step="2"/><U124/><E113/><V132/><F132/><W93/><G106/><T42/><D42/><U53/><E115/><V78/><F107/><W9/><G104/><T117/><D117/><U15/><E119/><V69/><F40/><W77/><G111/><T96/><D96/><U73/><E103/><V30/><F102/><W127/><G109/><T91/><D91/><U80/><E73/><V134/><F97/><W0/><G55/><T94/><D94/><U72/><E72/><V33/><F134/><W38/><G93/><T3/><D3/><U23/><E86/><V7/><F95/><W63/><G0/><T129/><D129/><U14/><E80/><N who="2" m="47511" /><F2/><W32/><G84/><T82/><D82/><U50/><E83/><V1/><F1/><W19/><G77/><T89/><D89/><U41/><E41/><V70/><F44/><AGARI ba="0,1" hai="12,17,21,44,48,54,60,62,79,81,85,92,98,100" machi="44" ten="30,3900,0" yaku="1,1,7,1,8,1,53,0" doraHai="133" doraHaiUra="125" who="0" fromWho="2" sc="252,49,252,0,44,-39,442,0" /><INIT seed="4,0,0,5,4,58" ten="301,252,5,442" oya="0" hai0="130,119,44,40,35,116,19,14,2,99,115,92,101" hai1="5,20,127,62,75,132,10,68,30,66,81,38,61" hai2="52,4,76,60,53,59,18,46,54,118,91,51,15" hai3="33,16,11,108,122,117,42,34,124,121,110,25,77"/><T96/><D2/><U55/><E38/><V1/><F118/><W27/><G42/><T97/><D35/><N who="3" m="13321" /><G77/><T123/><D123/><N who="3" m="47113" /><G117/><T50/><D115/><U89/><E127/><V9/><F76/><W109/><G124/><T86/><D130/><U112/><E132/><V17/><F1/><W8/><G16/><T133/><D133/><U128/><E128/><V64/><F91/><W134/><G134/><T74/><D74/><U37/><E37/><V102/><F102/><W71/><G71/><T21/><D119/><U12/><E112/><V23/><F4/><W48/><G48/><T47/><D116/><U28/><E20/><V26/><AGARI ba="0,0" hai="9,15,17,18,23,26,46,51,52,53,54,59,60,64" machi="26" ten="20,8000,1" yaku="0,1,7,1,8,1,52,1,54,1" doraHai="58" who="2" fromWho="2" sc="301,-40,252,-20,5,80,442,-20" /><INIT seed="5,0,0,3,1,62" ten="261,232,85,422" oya="1" hai0="7,80,102,131,135,106,94,100,45,132,4,14,118" hai1="48,75,103,49,130,71,95,1,54,68,10,129,12" hai2="128,26,3,92,89,58,13,20,27,126,74,35,86" hai3="50,93,87,85,64,38,36,98,115,41,127,46,0"/><U70/><E1/><V56/><F128/><N who="1" m="49257" /><E75/><V60/><F126/><W37/><G0/><T133/><D131/><U82/><E82/><V55/><F3/><W63/><G115/><T23/><D118/><U17/><E54/><V79/><F35/><W2/><G2/><T83/><D106/><U9/><E10/><V67/><F79/><W113/><G113/><T78/><D45/><U81/><E81/><N who="0" m="31305" /><D78/><U72/><E72/><V16/><REACH who="2" step="1"/><F74/><REACH who="2" ten="261,232,75,422" step="2"/><W104/><G127/><T114/><D114/><U109/><E109/><V120/><F120/><W124/><G124/><T96/><D102/><U116/><E116/><V44/><F44/><W6/><G46/><T43/><D43/><U52/><E103/><V30/><F30/><W134/><G41/><T91/><D100/><U90/><E52/><V125/><F125/><W84/><G104/><T110/><D110/><U111/><E111/><V65/><F65/><W29/><G64/><T15/><D135/><U53/><E53/><V105/><F105/><W121/><G134/><T73/><D73/><U33/><E33/><V117/><F117/><W107/><G107/><T47/><D47/><U24/><E24/><V88/><F88/><W57/><G36/><T112/><D112/><U28/><E28/><V101/><F101/><W123/><G37/><T51/><D133/><U19/><E90/><V66/><F66/><W97/><G29/><T32/><D132/><U5/><E95/><V11/><F11/><W61/><G93/><T21/><D32/><U22/><E22/><N who="0" m="8201" /><D51/><AGARI ba="0,1" hai="5,9,12,17,19,48,49,51,68,70,71" m="49257" machi="51" ten="40,2000,0" yaku="19,1" doraHai="62" who="1" fromWho="0" sc="261,-20,232,30,75,0,422,0" /><AGARI ba="0,0" hai="13,16,20,26,27,51,55,56,58,60,67,86,89,92" machi="51" ten="30,12000,2" yaku="1,1,7,1,25,2,8,1,52,1,54,1,53,0" doraHai="62" doraHaiUra="69" who="2" fromWho="0" sc="241,-120,262,0,75,120,422,0" /><INIT seed="5,1,0,2,0,70" ten="121,262,195,422" oya="1" hai0="90,96,109,46,102,11,61,62,105,33,48,84,56" hai1="7,44,65,128,121,9,75,27,54,41,51,117,83" hai2="108,37,3,135,10,81,21,6,24,130,50,39,91" hai3="79,25,112,113,103,80,107,67,19,26,89,110,20"/><U106/><E117/><V60/><F108/><W42/><G110/><T114/><D109/><U73/><E121/><V5/><F130/><W59/><G42/><T8/><D114/><N who="3" m="44137" /><G89/><T124/><D33/><U87/><E106/><V76/><F135/><W119/><G119/><T94/><D124/><U86/><E128/><V127/><F127/><W118/><G118/><T66/><REACH who="0" step="1"/><D62/><REACH who="0" ten="111,262,195,422" step="2"/><U55/><E73/><V133/><F133/><W49/><G107/><T40/><AGARI ba="1,1" hai="8,11,40,46,48,56,61,66,84,90,94,96,102,105" machi="40" ten="20,5200,0" yaku="1,1,2,1,0,1,7,1,53,0" doraHai="70" doraHaiUra="12" who="0" fromWho="0" sc="111,65,262,-27,195,-14,422,-14" /><INIT seed="6,0,0,2,0,34" ten="176,235,181,408" oya="2" hai0="28,3,120,49,84,4,106,40,14,103,30,18,96" hai1="99,135,1,65,37,71,60,50,74,110,42,134,132" hai2="29,94,7,95,85,12,124,5,107,113,56,58,102" hai3="16,20,6,119,78,32,44,33,75,38,64,47,128"/><V80/><F113/><W93/><G119/><T69/><D120/><U98/><E110/><V59/><F124/><W52/><G64/><T51/><D69/><U62/><E74/><V66/><F66/><W130/><G6/><T54/><D40/><U27/><E62/><V45/><F29/><W108/><G108/><T76/><D49/><U97/><E1/><V117/><F117/><W48/><G93/><T86/><D4/><U23/><E50/><V112/><F112/><W41/><G78/><T63/><D3/><U92/><E42/><V22/><F45/><W9/><G9/><T79/><D63/><U115/><E37/><V19/><F107/><W104/><G75/><T13/><D13/><U127/><E127/><V8/><F102/><W129/><G104/><T11/><D79/><U88/><E115/><V100/><F100/><W83/><G83/><T89/><D76/><U24/><E24/><AGARI ba="0,0" hai="16,20,24,32,33,38,41,44,47,48,52,128,129,130" machi="24" ten="40,5200,0" yaku="19,1,54,2" doraHai="34" who="3" fromWho="1" sc="176,0,235,-52,181,0,408,52" /><INIT seed="7,0,0,1,1,51" ten="176,183,181,460" oya="3" hai0="120,102,20,21,93,81,19,33,89,66,90,75,3" hai1="121,122,132,0,58,127,11,69,4,134,105,23,27" hai2="94,92,83,133,42,40,78,111,30,113,106,53,96" hai3="38,85,100,131,44,31,123,13,14,115,88,63,26"/><W8/><G100/><T114/><D120/><U22/><E69/><V95/><F111/><W61/><G123/><N who="1" m="47114" /><E105/><V65/><F133/><N who="1" m="51305" /><E127/><V70/><F113/><W98/><G131/><T107/><D33/><U68/><E68/><V130/><F130/><W59/><G98/><N who="0" m="61911" /><D3/><U80/><E27/><V15/><F65/><W5/><G115/><T86/><D114/><U84/><E58/><V108/><F70/><W87/><G87/><N who="0" m="52447" /><D19/><U34/><E34/><V12/><F108/><W39/><G14/><N who="2" m="5161" /><F30/><W124/><G124/><T99/><D99/><U47/><E47/><V101/><F106/><W116/><G44/><T55/><D55/><U67/><E67/><V77/><F53/><W56/><G13/><T28/><D28/><U41/><E41/><N who="2" m="15979" /><F83/><W97/><G31/><T32/><D66/><U29/><E29/><V74/><F74/><W117/><G97/><T60/><D32/><U50/><E50/><V104/><F104/><W73/><G73/><T2/><D2/><U48/><E48/><V82/><F82/><W112/><G112/><T17/><D17/><U118/><E118/><V52/><F52/><W45/><G117/><T76/><D60/><U91/><AGARI ba="0,0" hai="0,4,11,22,23,80,84,91" m="51305,47114" machi="91" ten="30,1100,0" yaku="20,1" doraHai="51" who="1" fromWho="1" sc="176,-3,183,11,181,-3,460,-5" owari="173,-32.7,194,-0.6,178,-22.2,455,55.5" /></mjloggm>