<mjloggm ver="2.3"><GO type="169" lobby="0"/><UN n0="%4E%6F%2E%30%30%30%31" n1="%6E%69%63%6B%6C%6F%77" n2="%41%6E%73%6F%6E%4C%61%6D" n3="%50%73%79%63%68%65" dan="17,16,16,16" rate="2148.72,2097.80,2093.52,2131.09" sx="F,F,M,M"/><TAIKYOKU oya="0"/><INIT seed="0,0,0,3,0,128" ten="250,250,250,250" oya="0" hai0="95,55,61,131,121,50,134,10,103,27,6,42,63" hai1="123,104,100,116,101,29,26,58,70,7,76,33,57" hai2="51,56,34,45,30,12,113,38,81,20,31,66,69" hai3="41,125,91,129,11,18,89,16,52,114,35,1,15"/><T97/><D121/><U86/><E123/><V48/><F113/><W85/><G114/><T130/><D42/><U68/><E116/><V94/><F34/><W47/><G129/><N who="0" m="49163" /><D27/><U96/><E101/><V124/><F81/><W43/><G35/><T84/><D84/><U82/><E7/><V9/><F20/><W135/><G135/><T60/><D134/><U119/><E119/><V14/><F124/><W93/><G1/><N who="0" m="335" /><D60/><U0/><E0/><V87/><F38/><W72/><G72/><T83/><D83/><U71/><AGARI ba="0,0" hai="26,29,33,57,58,68,70,71,76,82,86,96,100,104" machi="71" ten="30,1100,0" yaku="0,1" doraHai="128" who="1" fromWho="1" sc="250,-5,250,11,250,-3,250,-3" /><INIT seed="1,0,0,5,4,132" ten="245,261,247,247" oya="1" hai0="100,75,78,122,92,68,98,105,42,36,56,118,46" hai1="9,82,73,90,10,77,106,113,111,17,124,88,127" hai2="114,83,99,74,86,4,6,50,22,38,102,91,28" hai3="135,23,32,62,3,108,49,51,47,95,89,2,26"/><U110/><E113/><V58/><F38/><W13/><G135/><T33/><D118/><U97/><E17/><V94/><F74/><W45/><G32/><T130/><D130/><U66/><E10/><V80/><F80/><W61/><G13/><T84/><D68/><U59/><E9/><V63/><F50/><W96/><G108/><N who="1" m="41514" /><E59/><V27/><REACH who="2" step="1"/><F114/><REACH who="2" ten="245,261,237,247" step="2"/><W101/><G51/><T119/><D36/><U123/><E123/><V64/><AGARI ba="0,1" hai="4,6,22,27,28,58,63,64,83,86,91,94,99,102" machi="64" ten="20,12000,2" yaku="1,1,2,1,0,1,7,1,25,2,8,1,53,0" doraHai="132" doraHaiUra="133" who="2" fromWho="2" sc="245,-30,261,-60,237,130,247,-30" /><INIT seed="2,0,0,3,1,126" ten="215,201,367,217" oya="2" hai0="46,124,100,60,95,133,110,17,130,85,4,66,34" hai1="65,39,91,31,59,62,127,54,14,102,98,52,89" hai2="107,111,88,120,13,109,28,103,0,106,48,134,69" hai3="9,33,80,27,99,43,23,7,108,35,86,19,123"/><V83/><F120/><W53/><G108/><N who="2" m="41545" /><F0/><W79/><G123/><T10/><D34/><U8/><E127/><V47/><F69/><W116/><G116/><T90/><D124/><U75/><E39/><V63/><F28/><W58/><G43/><T51/><D110/><U21/><E75/><V61/><F134/><W92/><G9/><T24/><D133/><U135/><E135/><V77/><F13/><W105/><G105/><N who="2" m="39945" /><F103/><W93/><G7/><T78/><D100/><U64/><E89/><V84/><F77/><W3/><G3/><T125/><D78/><U82/><E65/><V121/><F121/><W5/><G5/><T18/><D24/><N who="1" m="16783" /><E82/><V38/><F38/><W112/><G112/><T115/><D115/><U32/><E91/><V118/><F118/><W132/><G132/><T1/><D125/><U20/><E20/><V122/><F122/><W70/><G70/><T49/><D1/><U41/><E41/><AGARI ba="0,0" hai="41,47,48,61,63,83,84,88" m="39945,41545" machi="41" ten="30,5800,0" yaku="14,1,10,1,54,1" doraHai="126" who="2" fromWho="1" sc="215,0,201,-58,367,58,217,0" /><INIT seed="2,1,0,4,2,52" ten="215,143,425,217" oya="2" hai0="90,8,126,56,95,105,53,11,26,104,89,86,108" hai1="28,42,51,110,117,96,121,112,102,20,123,41,63" hai2="60,15,134,93,33,57,94,44,34,92,129,14,135" hai3="4,58,31,133,68,103,83,23,70,10,25,84,46"/><V22/><F129/><W55/><G103/><T37/><D37/><U97/><E112/><V17/><F44/><W19/><G46/><T29/><D108/><U30/><E110/><V125/><F125/><W16/><G70/><T2/><D126/><U35/><E35/><V119/><F119/><W1/><G68/><T48/><D2/><U88/><E117/><V91/><F91/><W127/><G133/><N who="2" m="50697" /><F15/><W132/><G132/><T69/><D69/><U80/><E51/><V73/><F73/><W114/><G114/><T120/><D120/><N who="1" m="46155" /><E20/><V75/><F75/><W12/><G1/><T128/><D128/><U18/><E18/><V118/><F118/><W24/><G24/><T36/><D36/><U64/><E80/><V122/><F122/><W124/><G124/><T67/><D104/><U116/><E116/><V131/><F131/><W111/><G111/><T7/><D105/><U3/><E3/><V78/><F78/><N who="3" m="46199" /><G127/><T61/><D7/><U113/><E113/><V81/><F81/><W85/><G85/><T66/><D89/><U77/><E77/><V115/><F115/><W74/><G74/><T107/><D107/><N who="1" m="63943" /><E97/><V39/><F39/><W40/><G40/><N who="1" m="15466" /><E88/><V47/><F34/><W79/><G79/><T130/><D130/><U62/><E62/><AGARI ba="1,0" hai="4,10,12,16,19,23,25,31,55,58,62" m="46199" machi="62" ten="30,3900,0" yaku="8,1,52,1,54,1" doraHai="52" who="3" fromWho="1" sc="215,0,143,-42,425,0,217,42" /><INIT seed="3,0,0,2,1,30" ten="215,101,425,259" oya="3" hai0="37,7,46,64,135,108,9,60,97,82,84,86,117" hai1="57,94,42,51,47,18,11,122,41,39,66,34,67" hai2="16,38,28,58,119,49,53,3,32,25,105,118,27" hai3="80,79,33,124,55,20,134,98,120,36,68,35,54"/><W91/><G120/><T61/><D117/><U121/><E94/><V104/><F3/><W4/><G68/><T8/><D108/><U92/><E92/><V26/><F38/><W15/><G36/><T109/><D109/><U40/><E18/><V88/><F27/><W77/><G98/><T12/><D135/><U29/><E11/><V130/><F130/><W31/><G134/><T71/><D60/><N who="1" m="38159" /><E29/><V106/><REACH who="2" step="1"/><F88/><REACH who="2" ten="215,101,415,259" step="2"/><W115/><G91/><T131/><D131/><U102/><E122/><V44/><F44/><W129/><G129/><T90/><D46/><N who="1" m="23839" /><E121/><V116/><F116/><W5/><G79/><T111/><D37/><U6/><E102/><V81/><F81/><W63/><G80/><T73/><D111/><U87/><E34/><V0/><F0/><W95/><G77/><T133/><D133/><U100/><E100/><V43/><F43/><N who="1" m="16393" /><E87/><V123/><F123/><W75/><G35/><T89/><D97/><U110/><E110/><V103/><F103/><W127/><G33/><T13/><D73/><U132/><E132/><V59/><F59/><W23/><G75/><T56/><D56/><U107/><E107/><V76/><F76/><W52/><G95/><T2/><D86/><U83/><E83/><V125/><F125/><W21/><G127/><T74/><D74/><U114/><E114/><V19/><F19/><N who="3" m="10751" /><G115/><T45/><D90/><U10/><E6/><N who="3" m="2666" /><G124/><T101/><D101/><U128/><E128/><V69/><F69/><W78/><G78/><T113/><D113/><U62/><E47/><V99/><F99/><W93/><G93/><T14/><D45/><RYUUKYOKU ba="0,1" sc="215,15,101,-15,415,15,259,-15" hai0="2,7,8,9,12,13,14,61,64,71,82,84,89" hai2="16,25,26,28,32,49,53,58,104,105,106,118,119" /><INIT seed="4,1,1,1,1,97" ten="230,86,430,244" oya="0" hai0="108,7,95,41,22,60,48,109,14,20,102,56,82" hai1="52,84,42,123,114,63,101,72,77,47,94,80,66" hai2="110,15,43,132,73,79,70,5,29,93,87,38,44" hai3="71,96,103,19,12,129,4,134,6,113,116,105,16"/><T49/><D82/><U32/><E123/><V18/><F110/><N who="0" m="42602" /><D7/><U64/><E32/><V28/><F132/><W120/><G116/><T75/><D75/><U50/><E114/><V107/><F107/><W2/><G134/><T57/><D57/><N who="1" m="35239" /><E72/><V78/><F70/><W119/><G119/><T31/><D14/><U99/><AGARI ba="1,1" hai="42,47,50,64,66,77,80,84,94,99,101" m="35239" machi="99" ten="30,4000,0" yaku="8,1,52,1,54,1" doraHai="97" who="1" fromWho="1" sc="230,-21,86,53,430,-11,244,-11" /><INIT seed="5,0,0,4,0,104" ten="209,139,419,233" oya="1" hai0="29,112,134,79,23,88,75,42,63,121,97,30,0" hai1="54,103,132,22,76,38,64,109,48,60,128,107,7" hai2="100,131,15,67,62,27,69,105,119,68,133,25,6" hai3="26,44,24,111,3,1,130,35,122,81,14,47,39"/><U32/><E32/><V106/><F119/><W8/><G111/><T126/><D0/><U117/><E117/><V124/><F131/><W102/><G122/><T58/><D112/><U2/><E128/><V72/><F133/><W37/><G102/><T66/><D134/><U53/><E132/><V31/><F124/><W56/><G56/><T77/><D126/><U17/><E38/><V78/><F69/><W110/><G110/><T93/><D121/><U115/><E109/><V135/><F135/><W36/><G130/><T92/><D42/><U65/><E115/><V74/><F78/><N who="0" m="29706" /><D75/><U10/><E76/><V113/><F27/><W50/><G81/><T11/><D11/><U94/><E107/><V83/><F83/><W18/><G47/><T9/><D9/><U125/><E125/><V21/><F113/><W90/><G90/><N who="0" m="55479" /><D23/><U98/><E48/><V4/><F106/><W19/><G35/><T116/><D116/><U46/><E46/><V91/><F6/><W101/><G101/><T12/><D12/><U52/><REACH who="1" step="1"/><E60/><REACH who="1" ten="209,129,419,233" step="2"/><V120/><F62/><W129/><G129/><T114/><D114/><U13/><AGARI ba="0,1" hai="2,7,10,13,17,22,52,53,54,64,65,94,98,103" machi="13" ten="30,11700,0" yaku="1,1,2,1,0,1,54,1,53,0" doraHai="104" doraHaiUra="20" who="1" fromWho="1" sc="209,-39,129,127,419,-39,233,-39" /><INIT seed="5,1,0,5,2,1" ten="170,256,380,194" oya="1" hai0="131,98,118,111,13,107,23,30,128,120,105,21,68" hai1="94,19,59,78,115,123,54,41,119,75,121,82,67" hai2="10,3,104,62,24,49,125,55,44,74,108,87,80" hai3="36,132,58,56,73,57,127,4,72,16,11,79,61"/><U76/><E119/><V93/><F108/><W135/><G36/><T29/><D118/><U134/><E78/><V31/><F104/><N who="0" m="40010" /><D111/><U133/><E115/><V33/><F125/><W32/><G32/><T20/><D68/><U50/><E67/><V97/><F74/><W15/><G127/><T43/><D43/><U51/><E94/><V126/><F126/><W46/><G46/><T113/><D113/><U110/><E110/><V17/><F62/><W64/><G79/><T122/><D98/><U91/><E91/><V42/><F42/><W5/><G73/><T100/><D100/><U28/><E28/><N who="0" m="10857" /><D13/><U9/><E19/><V71/><F71/><N who="3" m="42383" /><G72/><T60/><D60/><U77/><E77/><V53/><F53/><W99/><G99/><T85/><D85/><U0/><E50/><V129/><F97/><W130/><G130/><AGARI ba="1,0" hai="20,21,23,120,122,128,130,131" m="10857,40010" machi="130" ten="40,5200,0" yaku="28,2,19,1" doraHai="1" who="0" fromWho="3" sc="170,55,256,0,380,0,194,-55" /><INIT seed="6,0,0,3,2,11" ten="225,256,380,139" oya="2" hai0="63,58,129,27,15,32,34,49,90,124,88,135,93" hai1="131,110,62,74,47,86,23,52,102,94,25,22,4" hai2="35,28,26,115,29,84,113,5,79,45,117,105,1" hai3="106,109,98,81,133,99,112,39,121,91,78,87,75"/><V36/><F117/><W134/><G39/><T114/><D114/><U111/><E74/><V71/><F29/><W126/><G109/><T61/><D124/><U66/><E131/><V2/><F84/><W31/><G31/><T68/><D129/><U43/><E4/><V72/><F105/><W37/><G37/><T6/><D135/><N who="3" m="51721" /><G121/><T76/><D76/><U95/><E22/><V18/><F18/><W41/><G41/><T21/><D32/><U16/><E94/><V89/><F89/><N who="0" m="34410" /><D93/><U33/><E86/><V77/><F77/><W53/><G53/><N who="0" m="32047" /><D68/><U97/><E33/><V54/><F54/><W10/><G126/><T120/><D34/><U3/><E3/><V103/><F103/><N who="3" m="62847" /><G112/><N who="2" m="43081" /><F71/><W80/><G10/><N who="0" m="4567" /><D120/><U128/><E128/><V19/><F79/><W44/><G44/><T12/><D27/><U55/><E111/><V50/><F26/><W48/><G48/><T46/><D46/><U17/><E17/><AGARI ba="0,0" hai="12,17,21,61,63" m="4567,32047,34410" machi="17" ten="30,7700,0" yaku="8,1,52,2,54,1" doraHai="11" who="0" fromWho="1" sc="225,77,256,-77,380,0,139,0" /><INIT seed="7,0,0,1,2,36" ten="302,179,380,139" oya="3" hai0="20,51,130,110,5,117,65,52,11,39,116,27,61" hai1="75,43,49,26,23,1,121,125,85,6,13,97,111" hai2="18,133,72,129,88,59,57,131,46,122,69,104,123" hai3="34,109,12,29,113,53,71,9,120,96,91,42,45"/><W92/><G120/><N who="2" m="46121" /><F69/><W68/><G113/><T86/><D110/><U79/><E111/><V55/><F72/><W84/><G109/><T119/><D39/><U108/><E125/><V80/><F104/><W19/><G53/><T106/><D106/><U76/><E76/><V83/><F133/><W107/><G29/><T112/><D130/><N who="2" m="49674" /><F18/><W2/><G34/><T15/><D112/><U114/><E1/><V25/><F25/><W74/><G74/><T118/><N who="0" m="29696" /><DORA hai="31" /><T77/><D77/><U38/><E75/><V48/><F83/><W41/><G2/><T98/><D86/><AGARI ba="0,0" hai="46,48,55,57,59,80,86,88" m="49674,46121" machi="86" ten="30,3900,0" yaku="13,1,19,1,54,1" doraHai="36,31" who="2" fromWho="0" sc="302,-39,179,0,380,39,139,0" owari="263,6.3,179,-22.1,419,51.9,139,-36.1" /></mjloggm>