<mjloggm ver="2.3"><GO type="169" lobby="0"/><UN n0="%E4%BE%8D" n1="%E3%83%8A%E3%82%B4%E3%83%A0" n2="%E8%82%89%E5%9B%A3%E5%AD%90%E5%85%88%E7%94%9F" n3="%E8%80%95%E3%81%97%E3%81%A8%E3%81%BB%E3%81%90%E3%81%97" dan="18,18,16,16" rate="2231.48,2225.44,2050.72,2080.37" sx="M,M,M,M"/><TAIKYOKU oya="0"/><INIT seed="0,0,0,2,2,65" ten="250,250,250,250" oya="0" hai0="25,47,68,6,38,118,131,41,100,114,115,91,76" hai1="52,45,101,105,63,71,102,43,126,5,18,73,29" hai2="92,110,22,80,19,32,11,26,99,4,116,49,104" hai3="21,12,27,117,130,93,125,94,98,58,31,7,134"/><T96/><D118/><U87/><E73/><V120/><F110/><W82/><G117/><T61/><D91/><U37/><E126/><V15/><F120/><W129/><G134/><T0/><D76/><U79/><E5/><V97/><F116/><W55/><G125/><T113/><D25/><U108/><E108/><V20/><F104/><W135/><G82/><T46/><D46/><U89/><E79/><V1/><F22/><W33/><G135/><T109/><D131/><N who="3" m="50185" /><G7/><T84/><D84/><U119/><E119/><V86/><F49/><N who="3" m="31087" /><G98/><T42/><D42/><U44/><E29/><V123/><F92/><W35/><G12/><T112/><D109/><U48/><E105/><V51/><F51/><W39/><G39/><T74/><D74/><U2/><E2/><V128/><F123/><W124/><G124/><T36/><D36/><U57/><E18/><V24/><F128/><W17/><G17/><T62/><D6/><U72/><E72/><V127/><F127/><W34/><AGARI ba="0,0" hai="21,27,31,33,34,35,93,94" m="31087,50185" machi="34" ten="40,1500,0" yaku="19,1" doraHai="65" who="3" fromWho="3" sc="250,-7,250,-4,250,-4,250,15" /><INIT seed="1,0,0,5,4,126" ten="243,246,246,265" oya="1" hai0="42,5,32,75,102,123,121,76,37,113,129,111,64" hai1="106,120,108,132,127,23,89,124,12,99,62,90,84" hai2="125,77,47,55,78,107,4,34,24,74,26,50,83" hai3="43,119,65,1,95,67,88,10,68,66,46,58,18"/><U80/><E62/><V49/><F125/><N who="1" m="48201" /><E12/><V48/><F107/><W39/><G119/><T73/><D113/><U60/><E60/><V117/><F117/><W133/><G133/><T96/><D32/><U6/><E23/><V7/><F78/><W118/><G118/><T59/><D59/><U135/><E6/><V110/><F110/><W85/><G58/><T40/><D111/><U35/><E35/><V128/><F34/><W9/><G1/><T11/><D64/><U21/><E21/><V82/><F50/><W131/><G131/><T2/><D129/><U97/><E108/><V16/><F128/><W0/><G0/><T33/><D33/><U71/><E71/><V130/><F130/><W70/><REACH who="3" step="1"/><G18/><REACH who="3" ten="243,246,246,255" step="2"/><T36/><D2/><U20/><E120/><V98/><F16/><W105/><G105/><T30/><D123/><U92/><E20/><V27/><F4/><W45/><G45/><T103/><D5/><U93/><E106/><V112/><F7/><W31/><G31/><T57/><D30/><U81/><E81/><V52/><F83/><W14/><G14/><T38/><D121/><U41/><E41/><V56/><F112/><W72/><G72/><T44/><D42/><U91/><AGARI ba="0,1" hai="80,84,89,90,91,92,93,97,99,132,135" m="48201" machi="91" ten="30,6000,0" yaku="18,1,34,2" doraHai="126" who="1" fromWho="1" sc="243,-20,246,70,246,-20,255,-20" /><INIT seed="1,1,0,2,1,32" ten="223,316,226,235" oya="1" hai0="12,55,34,46,121,68,28,96,76,1,47,7,102" hai1="18,71,84,31,103,19,9,51,123,58,21,70,69" hai2="73,81,67,30,117,52,88,43,36,100,4,22,131" hai3="6,27,116,59,11,5,53,95,112,74,108,80,93"/><U64/><E123/><V115/><F117/><W38/><G112/><T72/><D68/><U106/><E106/><V134/><F100/><W37/><G108/><T107/><D121/><U126/><E126/><V79/><F115/><W23/><G116/><T16/><D76/><U25/><E103/><V44/><F134/><W56/><G5/><T45/><D72/><U111/><E111/><V98/><F4/><W119/><G119/><T17/><D12/><U97/><E97/><V101/><F67/><W63/><G56/><T82/><D82/><U62/><E84/><V109/><F109/><W110/><G110/><T92/><D107/><U86/><E86/><V77/><F77/><W39/><G80/><T15/><D15/><U14/><REACH who="1" step="1"/><E51/><REACH who="1" ten="223,306,226,235" step="2"/><V133/><F101/><W48/><G48/><T26/><REACH who="0" step="1"/><D55/><REACH who="0" ten="213,306,226,235" step="2"/><U122/><E122/><V128/><F52/><W87/><G74/><T61/><D61/><U120/><E120/><V91/><F73/><W3/><REACH who="3" step="1"/><G87/><REACH who="3" ten="213,306,226,225" step="2"/><T8/><AGARI ba="1,3" hai="1,7,8,16,17,26,28,34,45,46,47,92,96,102" machi="8" ten="30,8000,1" yaku="1,1,0,1,52,1,54,1,53,1" doraHai="32" doraHaiUra="0" who="0" fromWho="0" sc="213,113,306,-41,226,-21,225,-21" /><INIT seed="2,0,0,4,5,122" ten="326,265,205,204" oya="2" hai0="18,5,62,57,53,82,55,135,68,28,126,128,59" hai1="30,12,65,8,22,89,45,7,73,133,134,127,117" hai2="119,86,90,51,71,39,81,99,3,95,14,113,32" hai3="111,26,35,97,125,87,54,88,132,130,85,1,42"/><V70/><F113/><W112/><G132/><N who="1" m="50794" /><E73/><V131/><F119/><W103/><G1/><T121/><D121/><U21/><E65/><V108/><F3/><W94/><G35/><T114/><D114/><U2/><E45/><V29/><F39/><W110/><G26/><T15/><D135/><U34/><E89/><V129/><F14/><W44/><G112/><T46/><D68/><U101/><E101/><V0/><F0/><W64/><G125/><T33/><D126/><U120/><E127/><V76/><F51/><N who="3" m="27031" /><G130/><N who="2" m="49673" /><F108/><N who="3" m="41515" /><G64/><T72/><D5/><U56/><E120/><V78/><F78/><W41/><G41/><T48/><D28/><U17/><E117/><V124/><F124/><W115/><G115/><T6/><D6/><U80/><E34/><V77/><F77/><W83/><G54/><T100/><D55/><U24/><E2/><V63/><F63/><W84/><AGARI ba="0,0" hai="83,84,85,87,88,94,97,103" m="41515,27031" machi="84" ten="30,8000,1" yaku="14,1,52,3,54,1" doraHai="122" who="3" fromWho="3" sc="326,-20,265,-20,205,-40,204,80" /><INIT seed="3,0,0,2,1,129" ten="306,245,165,284" oya="3" hai0="13,94,108,71,11,82,62,16,128,6,134,33,39" hai1="60,118,47,130,24,107,96,79,35,36,103,113,99" hai2="102,127,29,64,76,25,43,52,4,133,46,90,18" hai3="66,32,124,123,3,126,57,42,131,40,34,12,38"/><W30/><G123/><T116/><D116/><U77/><E113/><V21/><F127/><N who="3" m="48683" /><G3/><T23/><D39/><U67/><E130/><V28/><F102/><W20/><G131/><T120/><D128/><U53/><E118/><V111/><F76/><W105/><G105/><T80/><D120/><U98/><E99/><V22/><F64/><W88/><G38/><T81/><D33/><N who="3" m="12905" /><G66/><T56/><D71/><U1/><E1/><V31/><F4/><W58/><G12/><T112/><D112/><U7/><E7/><V89/><F111/><W55/><G58/><T74/><D108/><U83/><E98/><V17/><F133/><W14/><G14/><T117/><D134/><U70/><E53/><V109/><F109/><W135/><G135/><T50/><D117/><U9/><E9/><V95/><F95/><W51/><G88/><T41/><D94/><U0/><E0/><V91/><F52/><W84/><G84/><T61/><D74/><U48/><E83/><V26/><REACH who="2" step="1"/><F89/><REACH who="2" ten="306,245,155,284" step="2"/><W132/><G132/><T68/><D68/><U125/><E125/><V93/><F93/><W69/><G69/><T100/><D100/><U72/><E79/><V106/><F106/><W65/><G65/><T87/><D56/><U8/><E77/><V115/><F115/><W122/><G122/><T92/><D92/><U114/><E114/><V97/><F97/><W19/><G40/><T15/><D87/><U63/><E107/><V75/><F75/><W104/><G42/><T54/><D41/><U2/><E72/><V110/><F110/><W119/><G104/><T37/><D54/><RYUUKYOKU ba="0,1" sc="306,-10,245,-10,155,30,284,-10" hai2="17,18,21,22,25,26,28,29,31,43,46,90,91" /><INIT seed="4,1,1,4,5,109" ten="296,235,185,274" oya="0" hai0="105,46,94,32,104,114,11,112,62,87,34,31,41" hai1="25,60,111,82,47,21,98,128,9,110,35,89,44" hai2="12,40,84,23,33,8,14,97,93,39,15,124,99" hai3="123,95,13,88,61,77,107,3,129,72,100,119,27"/><T102/><D62/><U92/><E35/><N who="0" m="13353" /><D31/><U28/><E128/><V36/><F33/><W133/><G3/><T70/><D11/><U30/><E30/><V113/><F40/><W38/><G38/><N who="0" m="21815" /><D87/><U74/><E47/><V45/><F45/><W117/><G129/><T116/><D94/><U120/><E120/><V127/><F8/><W50/><G27/><T49/><D49/><U96/><E60/><V66/><F23/><W7/><G123/><T86/><D86/><U64/><E64/><V78/><F66/><W101/><G61/><T16/><D16/><U37/><E37/><V132/><F78/><W75/><G50/><T80/><D80/><U67/><E67/><V51/><F12/><W121/><G13/><T19/><D19/><U57/><E57/><V81/><F51/><W71/><G121/><T22/><D22/><U108/><E44/><V118/><F84/><W6/><G95/><T53/><D53/><U0/><E9/><V125/><F93/><W73/><G88/><T5/><D116/><U42/><E42/><V17/><F118/><W83/><G119/><T4/><D70/><U90/><E0/><V18/><F81/><W126/><G117/><T63/><D63/><U65/><E65/><V130/><F127/><W43/><G71/><T24/><D24/><U69/><E69/><V26/><F130/><W135/><G126/><T91/><D91/><N who="1" m="34827" /><E92/><V131/><F131/><W48/><G48/><T79/><D79/><N who="1" m="44407" /><E111/><V59/><F125/><W55/><G43/><T76/><D76/><U85/><E85/><V115/><F124/><W56/><G55/><RYUUKYOKU ba="1,1" sc="296,-10,235,30,185,-10,274,-10" hai1="21,25,28,96,98,108,110" /><INIT seed="5,2,1,5,3,105" ten="286,265,175,264" oya="1" hai0="5,32,42,69,119,76,51,126,17,10,73,71,132" hai1="110,58,37,19,125,106,121,94,30,47,133,118,15" hai2="95,1,34,40,77,127,92,9,104,35,75,60,12" hai3="81,113,98,55,7,65,66,124,21,48,39,2,8"/><U53/><E106/><V116/><F104/><W4/><G113/><T46/><D119/><U89/><E118/><V36/><F116/><W41/><G124/><T11/><D126/><U25/><E121/><V43/><F127/><W129/><G129/><T82/><D32/><U27/><E125/><V44/><F43/><W87/><G4/><T83/><D132/><U22/><E133/><V33/><F60/><W29/><G98/><T74/><D17/><U85/><E110/><V59/><F59/><W31/><G41/><T63/><D63/><U134/><E134/><V26/><F26/><W111/><G39/><T120/><D120/><U23/><E37/><V13/><F1/><W28/><G21/><T0/><D10/><U130/><E130/><V107/><F107/><W91/><REACH who="3" step="1"/><G111/><REACH who="3" ten="286,265,175,254" step="2"/><T57/><D57/><AGARI ba="2,2" hai="2,7,8,28,29,31,48,55,57,65,66,81,87,91" machi="57" ten="40,2600,0" yaku="1,1,2,1,53,0" doraHai="105" doraHaiUra="68" who="3" fromWho="0" sc="286,-32,265,0,175,0,254,52" /><INIT seed="6,0,0,2,2,12" ten="254,265,175,306" oya="2" hai0="99,48,79,94,45,70,9,133,125,15,127,64,96" hai1="23,38,77,5,117,35,29,128,78,51,124,100,85" hai2="110,102,87,74,75,0,32,121,104,54,98,37,93" hai3="122,72,58,111,25,30,90,60,50,69,68,16,42"/><V88/><F0/><W55/><G111/><T71/><D79/><U89/><E38/><V82/><F32/><W123/><G72/><N who="2" m="27689" /><F54/><W118/><G118/><T39/><D39/><U7/><E35/><V108/><F37/><W132/><G132/><T97/><D94/><U44/><E117/><V6/><F6/><W83/><G83/><T62/><D70/><U1/><E7/><V33/><F33/><W103/><G103/><T47/><D133/><U115/><E23/><V52/><F52/><W22/><G90/><T11/><D11/><U91/><E51/><V27/><F27/><W19/><G42/><T114/><D114/><U129/><E44/><V120/><F104/><W126/><G126/><N who="0" m="48139" /><D48/><U92/><E124/><V63/><F63/><W134/><G134/><T3/><D3/><U40/><E5/><AGARI ba="0,0" hai="5,9,15,45,47,62,64,71,96,97,99" m="48139" machi="5" ten="30,1000,0" yaku="18,1" doraHai="12" who="0" fromWho="1" sc="254,10,265,-10,175,0,306,0" /><INIT seed="7,0,0,0,5,135" ten="264,255,175,306" oya="3" hai0="78,35,43,13,27,19,130,95,66,128,55,101,105" hai1="16,41,11,113,29,118,133,86,87,6,120,49,50" hai2="109,74,30,93,40,22,126,89,85,91,129,33,34" hai3="7,61,82,56,92,122,17,131,10,24,65,72,53"/><W117/><G122/><T4/><D43/><U70/><E120/><V67/><F109/><W106/><G106/><T103/><D105/><U114/><E70/><V58/><F129/><N who="0" m="49770" /><D66/><U39/><E29/><V25/><F74/><W108/><G117/><T52/><D78/><U71/><E71/><V14/><F40/><W31/><G131/><T68/><D68/><U3/><E133/><V98/><F14/><N who="3" m="7383" /><G72/><T57/><D4/><U15/><E39/><V88/><F126/><W54/><G82/><T104/><D104/><U23/><E118/><V21/><F21/><N who="3" m="15759" /><G7/><T134/><D134/><U80/><E87/><V119/><F119/><W99/><G108/><T45/><D45/><U44/><REACH who="1" step="1"/><E50/><REACH who="1" ten="264,245,175,306" step="2"/><V47/><F47/><W121/><G121/><T69/><D69/><U28/><E28/><V111/><F111/><W59/><G56/><T0/><D57/><U42/><E42/><V110/><F110/><W77/><G77/><AGARI ba="0,1" hai="3,6,11,15,16,23,41,44,49,77,80,86,113,114" machi="77" ten="40,2600,0" yaku="1,1,54,1,53,0" doraHai="135" doraHaiUra="64" who="1" fromWho="3" sc="264,0,245,36,175,0,306,-26" /><INIT seed="8,0,0,2,2,132" ten="264,281,175,280" oya="0" hai0="89,64,42,110,100,21,23,82,30,118,63,109,66" hai1="5,9,1,10,99,126,93,112,52,87,130,62,15" hai2="47,123,27,24,26,36,106,71,31,2,92,34,49" hai3="16,94,102,81,117,32,14,39,20,74,80,18,45"/><T13/><D100/><U53/><E126/><V54/><F123/><W129/><G117/><T76/><D118/><U55/><E130/><V75/><F75/><W48/><G32/><T103/><D103/><U40/><E112/><V73/><F73/><W120/><G129/><T121/><D121/><U133/><E133/><V4/><F106/><W8/><G39/><T124/><D89/><U17/><E40/><V11/><F71/><W125/><G125/><T59/><D124/><U43/><E43/><V37/><F27/><N who="3" m="14727" /><G74/><T50/><D66/><U46/><E87/><V28/><REACH who="2" step="1"/><F92/><REACH who="2" ten="264,281,165,280" step="2"/><W90/><G120/><T61/><D110/><U22/><E46/><V108/><F108/><W35/><G35/><AGARI ba="0,1" hai="2,4,11,24,26,28,31,34,35,36,37,47,49,54" machi="35" ten="30,8000,1" yaku="1,1,7,1,9,1,53,2" doraHai="132" doraHaiUra="70" who="2" fromWho="3" sc="264,0,281,0,165,90,280,-80" /><INIT seed="9,0,0,2,1,88" ten="264,281,255,200" oya="1" hai0="101,75,57,12,121,69,74,8,98,16,33,23,51" hai1="45,65,44,76,115,60,58,84,78,66,37,4,122" hai2="83,6,26,117,110,48,63,85,18,36,61,17,68" hai3="47,125,120,40,71,55,70,93,11,90,15,73,89"/><U127/><E115/><V126/><F110/><W0/><G120/><T10/><D33/><U79/><E122/><V96/><F126/><W20/><G73/><T131/><D69/><U13/><E127/><V134/><F36/><W77/><G125/><T19/><D121/><U95/><E37/><V27/><F6/><W67/><G77/><T34/><D34/><U108/><E108/><V22/><F134/><W52/><G0/><T91/><D131/><U3/><E3/><V80/><F68/><W104/><G104/><T29/><D29/><U112/><E66/><V21/><F117/><W132/><G90/><T14/><D91/><N who="1" m="53735" /><E112/><V86/><F48/><W92/><G132/><T107/><D23/><U9/><AGARI ba="0,0" hai="4,9,13,44,45,58,60,65,76,78,79" m="53735" machi="9" ten="30,3000,0" yaku="8,1,52,1" doraHai="88" who="1" fromWho="1" sc="264,-10,281,30,255,-10,200,-10" owari="254,5.4,311,41.1,245,-15.5,190,-31.0" /></mjloggm>