<mjloggm ver="2.3"><GO type="169" lobby="0"/><UN n0="%50%73%79%63%68%65" n1="%E4%B8%89%E5%B3%B6%E5%85%AB%E9%9B%B2" n2="%6D%61%74%6F%30%36%30%33" n3="%45%72%77%69%6E%52%64" dan="16,16,17,16" rate="2165.89,2181.69,2207.74,2119.67" sx="M,M,M,M"/><TAIKYOKU oya="0"/><INIT seed="0,0,0,4,0,64" ten="250,250,250,250" oya="0" hai0="101,116,131,125,41,8,77,128,111,104,50,74,70" hai1="117,78,90,59,85,61,89,23,31,39,43,57,21" hai2="20,66,22,53,114,132,99,80,75,60,73,52,11" hai3="37,135,33,40,13,14,34,0,51,27,26,92,94"/><T49/><D116/><U115/><E117/><V129/><F114/><W45/><G0/><T54/><D125/><U134/><E134/><V97/><F132/><W120/><G135/><T93/><D104/><U29/><E115/><V44/><F129/><N who="0" m="49738" /><D8/><U124/><E124/><V72/><F80/><W83/><G120/><T1/><D1/><U112/><E112/><V105/><F11/><W76/><G37/><T2/><D2/><U25/><E43/><V118/><F118/><W9/><G13/><T19/><D19/><U126/><E39/><V103/><F99/><W28/><G26/><T16/><D16/><U7/><E7/><V81/><F81/><W79/><G34/><T38/><D77/><U68/><E78/><V47/><F47/><W96/><G96/><N who="0" m="59535" /><D74/><U17/><E126/><V88/><F88/><W67/><G79/><T133/><D133/><U107/><E107/><V6/><F6/><W86/><REACH who="3" step="1"/><G67/><REACH who="3" ten="250,250,250,240" step="2"/><T18/><D38/><U84/><E25/><V108/><F108/><W87/><G87/><T63/><D111/><U55/><E85/><V15/><F15/><W4/><AGARI ba="0,1" hai="4,9,14,27,28,33,40,45,51,76,83,86,92,94" machi="4" ten="20,12000,2" yaku="1,1,0,1,7,1,25,2,53,1" doraHai="64" doraHaiUra="5" who="3" fromWho="3" sc="250,-60,250,-30,250,-30,240,130" /><INIT seed="1,0,0,0,5,30" ten="190,220,220,370" oya="1" hai0="130,1,128,20,90,8,114,93,71,85,68,38,95" hai1="52,73,66,88,127,104,76,28,53,67,43,117,101" hai2="58,77,78,92,33,51,23,96,37,83,112,40,6" hai3="49,63,5,29,65,56,108,54,132,102,11,107,22"/><U21/><E117/><V7/><F112/><W106/><G108/><T82/><D38/><U69/><E127/><V91/><F37/><W135/><G22/><T39/><D39/><U32/><E43/><V27/><F33/><W116/><G29/><T50/><D114/><U18/><E76/><V120/><F120/><W45/><G116/><T44/><D20/><U94/><E73/><V60/><F40/><W17/><G17/><T70/><D1/><U24/><E101/><V131/><F51/><W13/><REACH who="3" step="1"/><G102/><REACH who="3" ten="190,220,220,360" step="2"/><T119/><D119/><U125/><E125/><V84/><F131/><N who="0" m="50218" /><D8/><U72/><E18/><N who="2" m="12791" /><F77/><W133/><AGARI ba="0,1" hai="5,11,13,45,49,54,56,63,65,106,107,132,133,135" machi="133" ten="30,4000,0" yaku="1,1,0,1,20,1,53,0" doraHai="30" doraHaiUra="99" who="3" fromWho="3" sc="190,-10,220,-20,220,-10,360,50" /><INIT seed="2,0,0,3,2,16" ten="180,200,210,410" oya="2" hai0="90,134,35,129,88,94,75,46,113,122,74,125,85" hai1="73,56,114,6,80,92,60,104,38,22,12,65,33" hai2="31,112,61,71,117,106,55,18,86,126,36,103,2" hai3="89,118,121,130,43,59,23,102,116,100,70,11,13"/><V0/><F112/><W66/><G121/><T37/><D35/><U32/><E104/><V21/><F117/><W81/><G70/><T19/><D122/><U101/><E114/><V127/><F36/><W27/><G43/><T57/><D113/><U95/><E38/><V39/><F39/><W119/><G130/><T110/><D129/><U24/><E73/><V83/><F31/><W79/><G89/><T78/><D78/><U58/><E80/><V44/><F44/><W54/><G66/><T29/><D29/><U51/><E33/><V63/><F106/><W124/><G124/><N who="2" m="47657" /><F103/><W64/><G64/><T108/><D125/><U25/><E32/><V28/><F28/><W68/><G68/><T87/><D57/><U40/><E40/><V96/><F96/><W30/><G54/><T1/><D1/><N who="2" m="618" /><F71/><W109/><G59/><T82/><D46/><U97/><E56/><V62/><F55/><W3/><G3/><T48/><D37/><U72/><E97/><V69/><F69/><W47/><G47/><T42/><D42/><U133/><E101/><V10/><F10/><W76/><G100/><T135/><D48/><U52/><E51/><V107/><F107/><W111/><G102/><T131/><D131/><U128/><E52/><V123/><F123/><W91/><G11/><T15/><D75/><U20/><E72/><V84/><F83/><W120/><G120/><T115/><D74/><U45/><E128/><V9/><F9/><W14/><G81/><T132/><D115/><U26/><E45/><V17/><F21/><AGARI ba="0,0" hai="15,19,21,82,85,87,88,90,94,108,110,132,134,135" machi="21" ten="40,5200,0" yaku="20,1,52,1,54,1" doraHai="16" who="0" fromWho="2" sc="180,52,200,0,210,-52,410,0" /><INIT seed="3,0,0,4,5,55" ten="232,200,158,410" oya="3" hai0="122,21,69,34,29,123,99,68,63,8,46,48,119" hai1="3,35,77,128,121,57,15,101,78,25,126,82,7" hai2="134,24,17,125,42,30,129,70,41,90,95,117,6" hai3="97,27,110,50,109,87,43,26,111,132,108,83,107"/><W105/><G132/><T52/><D119/><U19/><E121/><V92/><F117/><W36/><G36/><T13/><D34/><U58/><E128/><V61/><F129/><W67/><G67/><T131/><D131/><U103/><E126/><V23/><F125/><W100/><G107/><T66/><D69/><U32/><E3/><V130/><F130/><W51/><N who="3" m="27648" /><DORA hai="44" /><W31/><G43/><T45/><D45/><U88/><E7/><V104/><F104/><W2/><G2/><T1/><D1/><U120/><E120/><V94/><F134/><W53/><G53/><T127/><D127/><U37/><E25/><N who="3" m="9226" /><G31/><T39/><D39/><U76/><E37/><V62/><F30/><W49/><G49/><T98/><D29/><U65/><E35/><V81/><F6/><W38/><G38/><T0/><D0/><U16/><E32/><V79/><F90/><AGARI ba="0,0" hai="50,51,83,87,90,97,100,105" m="9226,27648" machi="90" ten="60,12000,1" yaku="14,1,10,1,52,2" doraHai="55,44" who="3" fromWho="2" sc="232,0,200,0,158,-120,410,120" /><INIT seed="3,1,0,1,2,72" ten="232,200,38,530" oya="3" hai0="61,7,48,102,85,110,42,103,14,28,109,57,50" hai1="49,120,115,92,94,126,108,37,52,124,30,53,127" hai2="6,104,98,58,26,38,88,95,56,67,68,60,91" hai3="130,21,79,44,62,132,19,3,77,118,41,25,12"/><W73/><G118/><T66/><D28/><U83/><E120/><V129/><F129/><W17/><G130/><T81/><D110/><U70/><E115/><V36/><F104/><W45/><G3/><T4/><D109/><U123/><E123/><V35/><F6/><N who="0" m="2090" /><D14/><U78/><E108/><V112/><F112/><W80/><G132/><T27/><D27/><U11/><E37/><V31/><F38/><W114/><G114/><T0/><D0/><U97/><E70/><V34/><F34/><W71/><G41/><T33/><D33/><U40/><E30/><V76/><F36/><W135/><G135/><T128/><D128/><U100/><E11/><V18/><F91/><W15/><G25/><T121/><D121/><U84/><E94/><V99/><F99/><W125/><G125/><T122/><D122/><U55/><REACH who="1" step="1"/><E40/><REACH who="1" ten="232,190,38,530" step="2"/><V93/><F93/><W75/><G71/><T23/><D42/><U87/><E87/><V46/><F46/><AGARI ba="1,1" hai="46,49,52,53,55,78,83,84,92,97,100,124,126,127" machi="46" ten="40,8000,1" yaku="1,1,18,1,52,1,54,1,53,0" doraHai="72" doraHaiUra="105" who="1" fromWho="2" sc="232,0,190,93,38,-83,530,0" owari="232,-16.8,283,8.3,-45,-54.5,530,63.0" /></mjloggm>