<mjloggm ver="2.3"><GO type="169" lobby="0"/><UN n0="%47%75%72%65%6E%6E" n1="%6D%61%6A%75%6E%69%61" n2="%43%2D%6D%69%6E%6F%72%E2%99%AA" n3="%41%4C%50%45%52%49%4E" dan="16,16,16,16" rate="2089.47,2145.93,2125.38,2131.50" sx="M,M,M,M"/><TAIKYOKU oya="0"/><INIT seed="0,0,0,2,4,67" ten="250,250,250,250" oya="0" hai0="25,20,74,99,117,0,46,32,33,22,59,83,45" hai1="107,86,125,121,29,105,110,76,98,27,134,106,28" hai2="11,36,70,81,131,104,133,103,77,123,101,49,115" hai3="18,14,132,43,50,7,135,53,100,47,116,3,21"/><T68/><D117/><U60/><E121/><V1/><F49/><W112/><G116/><T66/><D0/><U55/><E110/><V64/><F103/><W113/><G100/><T120/><D120/><U124/><E98/><N who="2" m="61495" /><F123/><W5/><G43/><T31/><D59/><U80/><E55/><V10/><F10/><N who="3" m="2367" /><G7/><T24/><D99/><U82/><E60/><N who="2" m="40199" /><F133/><AGARI ba="0,0" hai="14,18,21,47,50,53,112,113,132,133,135" m="2367" machi="133" ten="30,1000,0" yaku="20,1" doraHai="67" who="3" fromWho="2" sc="250,0,250,0,250,-10,250,10" /><INIT seed="1,0,0,5,0,76" ten="250,250,240,260" oya="1" hai0="85,71,104,45,12,22,129,122,69,8,51,29,26" hai1="52,57,110,35,38,86,24,40,106,47,13,115,7" hai2="49,105,88,25,92,130,75,54,36,61,63,94,126" hai3="135,123,59,21,2,97,116,19,101,17,48,43,44"/><U37/><E115/><V84/><F105/><W33/><G123/><T32/><D122/><U1/><E106/><V28/><F36/><W55/><G33/><T121/><D121/><U82/><E110/><V70/><F130/><W77/><G135/><T118/><D129/><U81/><E1/><V119/><F119/><W66/><G2/><T11/><D118/><U60/><E37/><V90/><F75/><W79/><G66/><T112/><D112/><U109/><E109/><V0/><F70/><W3/><G3/><T42/><D104/><U72/><E72/><V98/><F126/><W30/><G30/><T62/><D8/><U117/><E117/><V5/><F5/><W34/><G34/><T65/><D32/><U15/><E7/><V125/><F125/><W131/><G131/><T96/><D96/><U16/><E86/><V93/><F94/><W120/><G120/><T124/><D124/><U67/><E15/><V41/><F41/><W39/><G19/><T100/><D100/><U46/><E46/><V133/><F133/><W53/><G53/><T128/><D128/><U10/><REACH who="1" step="1"/><E67/><REACH who="1" ten="250,240,240,260" step="2"/><V14/><F14/><N who="3" m="9399" /><G116/><T113/><D113/><U23/><E23/><N who="2" m="15423" /><F0/><W31/><G39/><T91/><D65/><U103/><E103/><V102/><F102/><W73/><G73/><T99/><D99/><U58/><E58/><AGARI ba="0,1" hai="49,54,58,61,63,84,88,90,92,93,98" m="15423" machi="58" ten="30,2000,0" yaku="8,1,54,1" doraHai="76" who="2" fromWho="1" sc="250,0,240,-20,240,30,260,0" /><INIT seed="2,0,0,5,3,14" ten="250,220,270,260" oya="2" hai0="12,99,81,76,133,61,82,114,37,120,68,31,93" hai1="69,17,106,57,109,0,105,103,38,128,16,89,65" hai2="134,64,101,96,23,34,111,94,35,46,78,85,24" hai3="92,48,10,84,126,53,86,9,54,125,2,132,119"/><V7/><F134/><W41/><G119/><T110/><D120/><U75/><E0/><V19/><F111/><W73/><G73/><T39/><D114/><U100/><E38/><V59/><F7/><W122/><G122/><T60/><D110/><U135/><E109/><V62/><REACH who="2" step="1"/><F46/><REACH who="2" ten="250,220,260,260" step="2"/><W83/><G132/><T70/><D133/><U71/><E135/><V74/><F74/><W90/><G126/><T121/><D121/><U51/><E75/><V117/><F117/><W130/><G125/><T115/><D115/><U123/><E123/><V50/><F50/><W47/><G130/><T108/><D108/><U87/><E51/><V26/><F26/><W102/><G2/><T97/><D37/><U77/><E128/><V95/><F95/><W18/><G47/><T112/><D93/><N who="1" m="54463" /><E106/><V20/><F20/><W22/><G48/><T79/><D39/><U72/><E105/><V127/><F127/><W104/><G104/><T33/><D112/><U11/><E72/><V1/><F1/><W66/><G92/><T55/><D33/><U116/><E116/><V28/><F28/><W58/><G22/><T30/><D12/><U25/><E71/><V15/><F15/><W27/><G27/><T63/><D61/><N who="1" m="38063" /><E69/><V131/><F131/><W52/><G9/><T3/><D3/><U4/><E4/><V124/><F124/><W118/><G10/><T113/><D113/><U21/><E77/><V56/><F56/><W88/><G58/><T91/><D70/><U49/><E49/><V43/><F43/><W29/><G41/><T129/><D68/><U44/><E44/><RYUUKYOKU ba="0,1" sc="250,-15,220,15,260,15,260,-15" hai1="11,16,17,21,25,100,103" hai2="19,23,24,34,35,59,62,64,78,85,94,96,101" /><INIT seed="2,1,1,1,3,49" ten="235,235,275,245" oya="2" hai0="27,51,57,75,59,77,128,10,30,45,25,34,29" hai1="56,0,79,33,63,123,73,99,9,112,16,85,14" hai2="54,13,102,67,130,7,6,20,118,119,107,40,76" hai3="24,5,36,92,105,41,78,69,82,129,110,121,103"/><V23/><F40/><W101/><G121/><T84/><D128/><U104/><E112/><V46/><F67/><W91/><G69/><T42/><D75/><U32/><E73/><V131/><F76/><W124/><G24/><T65/><D65/><U80/><E0/><V39/><F102/><W22/><G22/><N who="2" m="8233" /><F107/><W83/><G5/><N who="2" m="1545" /><F39/><W44/><G83/><T70/><D70/><U35/><E123/><V94/><F94/><W71/><G71/><T114/><D114/><U11/><E11/><V31/><F46/><W66/><G66/><T106/><D106/><U115/><E115/><V117/><F54/><W38/><G38/><T86/><D10/><U87/><E104/><V47/><F47/><W111/><G103/><T93/><D93/><U88/><E99/><V2/><F2/><W15/><G101/><T12/><D77/><U127/><E127/><V43/><F43/><W74/><G105/><T37/><D37/><U116/><E116/><V135/><F135/><W72/><G72/><T68/><D68/><U48/><E48/><V28/><F13/><W60/><G15/><T4/><D12/><U19/><E85/><V53/><F53/><W50/><G36/><T122/><D122/><U62/><E79/><V89/><F89/><W113/><G74/><T64/><D64/><U97/><E97/><V133/><F133/><W52/><G78/><T134/><D134/><U132/><E132/><V109/><F109/><W120/><G110/><T3/><D86/><U90/><E90/><V81/><F81/><W1/><G111/><T18/><D84/><U126/><E80/><RYUUKYOKU ba="1,1" sc="235,-10,235,-10,275,30,245,-10" hai2="28,31,117,118,119,130,131" /><INIT seed="2,2,1,5,5,67" ten="225,225,305,235" oya="2" hai0="4,68,62,114,24,44,30,65,26,134,117,8,75" hai1="77,63,86,113,124,110,122,129,7,87,2,10,79" hai2="127,31,89,101,72,131,48,69,132,81,34,56,112" hai3="80,74,97,93,82,64,83,128,118,35,49,17,115"/><V116/><F112/><W15/><G118/><T14/><D114/><U47/><E113/><V85/><F116/><W70/><G115/><T121/><D117/><U32/><E32/><V104/><F132/><W106/><G106/><T90/><D134/><U0/><E47/><V3/><F3/><W27/><G128/><T42/><D121/><U92/><E122/><V133/><F133/><W55/><G74/><T71/><D75/><U94/><E63/><V76/><F127/><W105/><G105/><T91/><D71/><U19/><E19/><V120/><F120/><W54/><G27/><T28/><D26/><U5/><E110/><V39/><F39/><W16/><G35/><T109/><D109/><U20/><E20/><V96/><F69/><W102/><G49/><T9/><D9/><U51/><E51/><V18/><F18/><W135/><G17/><T60/><D60/><U100/><E10/><V130/><F31/><W46/><G46/><T108/><D108/><U45/><E45/><V66/><F34/><W41/><G41/><T61/><D61/><U50/><E50/><V59/><F66/><W88/><G102/><T1/><D1/><U23/><E23/><V43/><F43/><W78/><G78/><T29/><REACH who="0" step="1"/><D24/><REACH who="0" ten="215,225,305,235" step="2"/><U25/><E25/><V11/><F11/><N who="3" m="6271" /><G135/><T22/><D22/><U103/><REACH who="1" step="1"/><E124/><REACH who="1" ten="215,215,305,235" step="2"/><V36/><F131/><AGARI ba="2,3" hai="0,2,5,7,77,79,86,87,92,94,100,103,129,131" machi="131" ten="25,6400,0" yaku="1,1,2,1,22,2,53,0" doraHai="67" doraHaiUra="40" who="1" fromWho="2" sc="215,0,215,100,305,-70,235,0" /><INIT seed="3,0,0,4,1,23" ten="215,315,235,235" oya="3" hai0="54,91,85,68,26,118,34,110,10,102,83,82,88" hai1="61,127,60,53,87,16,64,14,133,39,79,66,41" hai2="114,71,132,19,27,63,8,45,44,135,7,15,73" hai3="32,78,125,123,99,25,80,20,108,4,21,28,124"/><W134/><G123/><T103/><D118/><U51/><E127/><N who="3" m="48714" /><G134/><N who="2" m="51241" /><F73/><N who="3" m="43087" /><G108/><T49/><D110/><U74/><E133/><V46/><F114/><W84/><G4/><T70/><D10/><U58/><E74/><V128/><F128/><W18/><G84/><T94/><D68/><U17/><E39/><V81/><F81/><W131/><G131/><T116/><D70/><U42/><E79/><V47/><F47/><W119/><G119/><T95/><D116/><U111/><E87/><V117/><F117/><W38/><G38/><T31/><D82/><U22/><E111/><V93/><F93/><W77/><G77/><T43/><D43/><U97/><E97/><V0/><F27/><N who="3" m="14743" /><G99/><T24/><D24/><U122/><E17/><V72/><F72/><W89/><G89/><T29/><D29/><U6/><E6/><V65/><F45/><W33/><AGARI ba="0,0" hai="21,25,28,32,33" m="14743,43087,48714" machi="33" ten="30,6000,0" yaku="18,1,52,2" doraHai="23" who="3" fromWho="3" sc="215,-20,315,-20,235,-20,235,60" /><INIT seed="3,1,0,2,0,62" ten="195,295,215,295" oya="3" hai0="34,113,111,45,104,98,50,97,20,24,123,11,6" hai1="48,100,15,72,82,29,74,49,3,94,0,69,71" hai2="56,8,120,12,102,38,19,65,61,87,86,64,52" hai3="51,112,14,35,129,79,55,60,122,68,47,44,78"/><W57/><G112/><T135/><D113/><U119/><E15/><V31/><F38/><W130/><G122/><T89/><D123/><U4/><E94/><V76/><F120/><W132/><G35/><T17/><D111/><U54/><E29/><V126/><F126/><W109/><G132/><T110/><D110/><U7/><E54/><V1/><F1/><W134/><G134/><T93/><D135/><U30/><E30/><V39/><F39/><W118/><G109/><T106/><D98/><U73/><E100/><V114/><F114/><W53/><G14/><T26/><D26/><U127/><E82/><N who="2" m="47431" /><F102/><W22/><G22/><T5/><D34/><U21/><E21/><V16/><F31/><W46/><G118/><T84/><D84/><U67/><E74/><V96/><F96/><W125/><G125/><T124/><D124/><U107/><E127/><V88/><F19/><W121/><G121/><T99/><D99/><U83/><E83/><AGARI ba="1,0" hai="8,12,16,52,56,61,64,65,83,87,88" m="47431" machi="83" ten="30,12000,2" yaku="8,1,52,2,54,3" doraHai="62" who="2" fromWho="1" sc="195,0,295,-123,215,123,295,0" /><INIT seed="4,0,0,1,2,121" ten="195,172,338,295" oya="0" hai0="9,74,83,97,29,108,20,40,105,4,36,77,51" hai1="117,104,63,27,62,73,82,125,88,89,98,44,31" hai2="14,110,48,116,100,2,60,0,42,115,99,22,101" hai3="39,59,45,124,10,114,78,95,34,28,107,43,123"/><T17/><D36/><U127/><E117/><V53/><F116/><W15/><G107/><T91/><D29/><U119/><E119/><V6/><F42/><W69/><G69/><T111/><D51/><U18/><E44/><V133/><F100/><W68/><G68/><T71/><D71/><U24/><E18/><V70/><F115/><W120/><G114/><T76/><D40/><U37/><E104/><V33/><F33/><W131/><G131/><T126/><D126/><N who="1" m="48139" /><E98/><V106/><F60/><N who="1" m="23081" /><E37/><V3/><F6/><W92/><G124/><T21/><D76/><N who="1" m="44303" /><E24/><V11/><F99/><W72/><G72/><T80/><D105/><U23/><AGARI ba="0,0" hai="23,27,31,88,89" m="44303,23081,48139" machi="23" ten="30,2000,0" yaku="18,1,54,1" doraHai="121" who="1" fromWho="1" sc="195,-10,172,20,338,-5,295,-5" /><INIT seed="5,0,0,0,2,6" ten="185,192,333,290" oya="1" hai0="88,62,50,89,90,31,41,74,82,134,16,102,81" hai1="51,18,86,132,23,2,67,37,3,55,84,73,107" hai2="28,30,7,121,103,42,34,101,39,13,64,60,111" hai3="96,68,127,4,116,105,21,129,12,5,46,115,135"/><U57/><E132/><V124/><F111/><W113/><G68/><T0/><D134/><U40/><E107/><V109/><F109/><W120/><G120/><T27/><D0/><U29/><E29/><V95/><F39/><W71/><G71/><T83/><D102/><U65/><E73/><V131/><F42/><W80/><G135/><T112/><D112/><N who="3" m="43081" /><G127/><T49/><D74/><U125/><E125/><V33/><F95/><W97/><G129/><T22/><D41/><U99/><E99/><V94/><F94/><W66/><G66/><T119/><D119/><U8/><E2/><V47/><F47/><W9/><G21/><N who="0" m="15855" /><D62/><U118/><E118/><V104/><F60/><W36/><G105/><T123/><D123/><U128/><E128/><V56/><F64/><W11/><G80/><N who="0" m="20483" /><T100/><DORA hai="48" /><D100/><U25/><E65/><V108/><F103/><W52/><G116/><T93/><D93/><U63/><E40/><V78/><F101/><W77/><G77/><T76/><D76/><U53/><E37/><V72/><F78/><W133/><G133/><T122/><D122/><U114/><E114/><V61/><F72/><W110/><G110/><T69/><D69/><U98/><E98/><V87/><F104/><W1/><G36/><T54/><D54/><U24/><E67/><V130/><F130/><W20/><G20/><T10/><D10/><U70/><E70/><V26/><F131/><W126/><G126/><T106/><D106/><U117/><E117/><V35/><F124/><W19/><G4/><T45/><D45/><N who="1" m="27887" /><E25/><AGARI ba="0,0" hai="16,22,25,49,50,88,89,90" m="20483,15855" machi="25" ten="40,5200,0" yaku="8,1,54,2" doraHai="6,48" who="0" fromWho="1" sc="185,52,192,-52,333,0,290,0" /><INIT seed="6,0,0,1,2,77" ten="237,140,333,290" oya="2" hai0="6,129,75,101,12,1,69,132,130,117,22,47,106" hai1="7,78,48,46,83,38,97,70,91,114,66,21,108" hai2="55,86,111,82,131,72,133,126,0,10,8,76,23" hai3="122,90,39,54,113,102,43,67,121,79,88,64,4"/><V124/><F133/><W5/><G102/><T30/><D69/><U116/><E108/><V118/><F118/><W61/><G79/><T41/><D132/><U96/><E116/><V107/><F107/><W14/><G54/><T36/><D117/><U19/><E38/><V104/><F104/><W59/><G113/><T87/><D87/><U73/><E114/><V31/><F131/><W16/><G39/><T100/><D75/><U103/><E7/><N who="3" m="2634" /><G122/><T128/><D1/><U105/><E91/><N who="3" m="34858" /><G43/><T112/><D106/><U94/><E97/><V2/><F72/><W110/><G110/><T92/><D92/><U65/><E105/><V25/><F55/><N who="3" m="34047" /><G121/><T49/><D36/><U29/><E70/><V109/><F109/><W53/><G53/><T27/><REACH who="0" step="1"/><D112/><REACH who="0" ten="227,140,333,290" step="2"/><U84/><E73/><V24/><F111/><W127/><G127/><N who="2" m="48681" /><F0/><W51/><G51/><T18/><D18/><U60/><E29/><N who="2" m="17567" /><F2/><W123/><G123/><T71/><D71/><U119/><E119/><V50/><F50/><W89/><G89/><T20/><D20/><AGARI ba="0,1" hai="8,10,20,25,31,76,82,86" m="17567,48681" machi="20" ten="30,2900,0" yaku="18,1,52,1" doraHai="77" who="2" fromWho="0" sc="227,-29,140,0,333,39,290,0" /><AGARI ba="0,0" hai="14,16,20,64,67" m="34047,34858,2634" machi="20" ten="30,3900,0" yaku="8,1,54,2" doraHai="77" who="3" fromWho="0" sc="198,-39,140,0,372,0,290,39" /><INIT seed="6,1,0,5,0,16" ten="159,140,372,329" oya="2" hai0="102,63,7,115,74,64,3,91,101,95,73,47,55" hai1="106,32,83,99,123,59,124,48,110,25,77,5,30" hai2="96,107,80,118,9,66,41,62,11,54,133,44,87" hai3="37,122,76,28,12,130,114,10,113,109,33,68,57"/><V20/><F118/><W100/><G68/><T34/><D34/><U129/><E110/><V21/><F54/><W82/><G37/><T119/><D119/><U128/><E123/><V56/><F133/><W14/><G109/><T93/><D115/><N who="3" m="44041" /><G122/><T92/><D3/><U104/><E124/><V112/><F112/><W4/><G130/><T18/><D7/><U26/><E5/><V6/><F96/><W39/><G39/><T84/><D73/><U105/><E99/><V40/><F107/><W17/><G57/><T72/><D72/><U94/><E94/><V78/><F11/><N who="3" m="6303" /><G100/><T22/><D74/><U125/><E125/><V50/><REACH who="2" step="1"/><F41/><REACH who="2" ten="159,140,362,329" step="2"/><W0/><G0/><AGARI ba="1,1" hai="0,6,9,20,21,40,44,50,56,62,66,78,80,87" machi="0" ten="30,12000,1" yaku="1,1,2,1,7,1,52,2,53,0" doraHai="16" doraHaiUra="98" who="2" fromWho="3" sc="159,0,140,0,362,133,329,-123" /><INIT seed="6,2,0,5,3,52" ten="159,140,495,206" oya="2" hai0="84,113,131,94,68,96,90,85,38,87,53,30,108" hai1="133,92,25,127,35,27,59,13,95,114,88,47,115" hai2="55,29,56,9,60,66,116,23,100,123,5,21,36" hai3="48,132,72,130,118,16,44,3,70,26,65,81,78"/><V91/><F116/><W128/><G3/><T6/><D108/><U12/><E133/><V117/><F123/><W8/><G118/><T31/><D113/><N who="1" m="43019" /><E127/><V129/><F36/><W34/><G132/><T7/><D131/><N who="3" m="50217" /><G65/><T111/><D111/><U102/><E47/><V86/><F100/><W61/><G61/><T4/><D68/><U82/><E82/><V10/><F29/><N who="3" m="19767" /><G70/><T69/><D69/><U77/><E77/><V11/><F117/><W126/><G126/><T119/><D119/><U58/><E102/><V103/><F103/><W73/><G8/><T28/><D38/><U106/><E106/><V93/><F5/><W71/><G16/><T75/><D75/><U101/><E101/><V41/><F129/><W45/><G71/><T1/><REACH who="0" step="1"/><D53/><REACH who="0" ten="149,140,495,206" step="2"/><U39/><E39/><V124/><F124/><W24/><G73/><T51/><D51/><U46/><E46/><V64/><F41/><W49/><G49/><T89/><D89/><U110/><E110/><V0/><F0/><AGARI ba="2,1" hai="0,1,4,6,7,28,30,31,84,85,87,90,94,96" machi="0" ten="50,6400,0" yaku="1,1,29,2,53,0" doraHai="52" doraHaiUra="125" who="0" fromWho="2" sc="149,80,140,0,495,-70,206,0" /><INIT seed="7,0,0,4,2,29" ten="229,140,425,206" oya="3" hai0="121,6,23,52,82,14,133,32,80,125,93,62,115" hai1="27,16,87,41,63,110,81,99,50,45,0,65,9" hai2="34,40,54,67,106,19,89,48,7,51,64,83,72" hai3="97,79,43,104,57,70,119,98,8,107,116,130,46"/><W84/><G70/><T71/><D32/><U31/><E110/><V44/><F34/><W90/><G130/><T39/><D39/><U73/><E73/><V77/><F106/><W12/><G57/><N who="0" m="35111" /><D71/><U66/><E0/><V100/><F100/><W61/><G61/><T86/><D121/><U85/><E99/><V95/><F19/><W60/><G60/><T78/><D133/><U75/><E75/><V96/><F7/><W5/><G98/><T49/><D125/><U33/><E81/><V21/><F21/><W131/><G131/><T101/><D115/><U37/><E37/><V59/><AGARI ba="0,0" hai="40,44,48,51,54,59,64,67,72,77,83,89,95,96" machi="59" ten="20,1500,0" yaku="0,1,7,1" doraHai="29" who="2" fromWho="2" sc="229,-4,140,-4,425,15,206,-7" owari="225,2.5,136,-36.4,440,54.0,199,-20.1" /></mjloggm>