<mjloggm ver="2.3"><GO type="169" lobby="0"/><UN n0="%E5%B3%B6%E7%94%B0%E7%9C%9F%E5%A4%A2" n1="%E7%9B%AE%E5%8A%9B%36%30" n2="%E9%9B%B2%E3%81%AE%E3%83%95%E3%83%89%E3%82%A6" n3="%56%69%76%79" dan="16,16,16,16" rate="2160.83,2165.59,2088.25,2081.88" sx="F,M,M,F"/><TAIKYOKU oya="0"/><INIT seed="0,0,0,1,0,93" ten="250,250,250,250" oya="0" hai0="123,46,0,17,36,70,39,18,77,128,72,23,117" hai1="79,130,122,8,65,71,29,12,4,64,74,1,98" hai2="33,30,107,3,14,90,135,40,21,100,20,87,59" hai3="16,78,83,48,35,43,82,73,113,55,37,57,68"/><T108/><D123/><U7/><E122/><V119/><F3/><W28/><G68/><T60/><D117/><U24/><E130/><V120/><F120/><W47/><G83/><T129/><D0/><U61/><E65/><V53/><F119/><W49/><G113/><T109/><D77/><U41/><E41/><V34/><F40/><W32/><G28/><T75/><D60/><U9/><E79/><V25/><F135/><W124/><G124/><T91/><D70/><U97/><REACH who="1" step="1"/><E74/><REACH who="1" ten="250,240,250,250" step="2"/><V19/><F107/><W67/><G67/><T99/><D75/><U94/><E94/><V54/><F54/><W13/><REACH who="3" step="1"/><G37/><REACH who="3" ten="250,240,250,240" step="2"/><T5/><D39/><U80/><E80/><V131/><F131/><W27/><G27/><T110/><D36/><U58/><E58/><V86/><F59/><W132/><G132/><T85/><D128/><U42/><E42/><V31/><F25/><W104/><G104/><T6/><D129/><U111/><E111/><V26/><F26/><W121/><G121/><T114/><D110/><U44/><E44/><V112/><F112/><W69/><G69/><T76/><D46/><U118/><E118/><V101/><F31/><W127/><G127/><T62/><D114/><U96/><E96/><V15/><F30/><W125/><G125/><T126/><D126/><U102/><E102/><V38/><F38/><W2/><G2/><T92/><D109/><U133/><E133/><V106/><F106/><W88/><G88/><T45/><D108/><U63/><E63/><V56/><F90/><W84/><G84/><N who="0" m="52327" /><D62/><U105/><E105/><V22/><F86/><RYUUKYOKU ba="0,2" sc="250,-15,240,15,250,-15,240,15" hai1="1,4,7,8,9,12,24,29,61,64,71,97,98" hai3="13,16,32,35,43,47,48,49,55,57,73,78,82" /><INIT seed="1,1,2,0,1,110" ten="235,255,235,255" oya="1" hai0="89,53,50,31,100,114,108,131,24,1,102,129,128" hai1="123,59,9,3,57,74,14,18,118,132,119,43,21" hai2="116,62,28,79,56,2,120,66,112,106,44,33,86" hai3="81,92,51,46,97,22,122,78,6,48,54,35,40"/><U111/><E123/><V72/><F120/><W45/><G35/><T68/><D68/><U125/><E74/><V15/><F116/><W7/><G22/><N who="0" m="15767" /><D1/><U134/><E125/><V49/><F2/><W75/><REACH who="3" step="1"/><G122/><REACH who="3" ten="235,255,235,245" step="2"/><T96/><D108/><U73/><E111/><V77/><F33/><W126/><G126/><T38/><D38/><U52/><E119/><V47/><F106/><W104/><G104/><T23/><D23/><U90/><E118/><V94/><F72/><W58/><G58/><N who="0" m="33079" /><D114/><U95/><E73/><V17/><F112/><W103/><AGARI ba="1,3" hai="6,7,40,45,46,48,51,54,75,78,81,92,97,103" machi="103" ten="20,2700,0" yaku="1,1,0,1,7,1,53,0" doraHai="110" doraHaiUra="109" who="3" fromWho="3" sc="235,-8,255,-14,235,-8,245,60" /><INIT seed="2,0,0,3,5,23" ten="227,241,227,305" oya="2" hai0="59,34,60,75,68,19,40,116,121,7,130,129,92" hai1="93,85,66,86,14,98,135,76,4,126,64,67,24" hai2="120,132,105,53,56,9,113,77,43,5,125,112,63" hai3="48,84,65,10,111,131,16,54,71,13,89,52,44"/><V39/><F120/><W22/><G111/><T28/><D121/><U90/><E135/><V133/><F105/><W8/><G131/><T62/><D75/><U36/><E36/><V25/><F77/><W128/><G128/><N who="0" m="49259" /><D116/><U2/><E2/><V61/><F9/><N who="3" m="3691" /><G89/><T55/><D7/><U41/><E126/><V79/><F79/><W26/><G71/><T119/><D119/><U21/><E14/><V0/><F5/><W88/><G65/><N who="0" m="41015" /><D40/><U94/><E41/><V30/><F0/><W87/><G87/><T108/><D108/><U33/><E33/><V45/><F125/><W6/><G6/><T123/><D123/><U102/><E4/><V73/><F73/><W101/><G101/><T70/><D70/><U110/><E110/><V103/><F103/><W74/><G74/><T122/><D122/><U118/><E118/><V51/><F112/><W78/><G78/><T50/><D92/><U127/><E127/><V124/><F113/><W37/><G37/><T49/><D19/><N who="1" m="12351" /><E76/><V17/><F17/><W97/><G97/><AGARI ba="0,0" hai="64,66,67,85,86,90,93,94,97,98,102" m="12351" machi="97" ten="30,2000,0" yaku="8,1,52,1" doraHai="23" who="1" fromWho="3" sc="227,0,241,20,227,0,305,-20" /><INIT seed="3,0,0,0,2,12" ten="227,261,227,285" oya="3" hai0="134,48,29,101,129,37,89,3,24,41,32,98,35" hai1="110,132,4,91,69,67,51,111,130,63,54,58,25" hai2="113,2,50,128,5,14,27,121,126,46,26,99,0" hai3="90,100,6,34,76,31,116,42,15,21,77,23,64"/><W97/><G116/><T61/><D3/><U36/><E132/><V83/><F113/><W39/><G34/><T103/><D134/><U114/><E4/><V30/><F121/><W13/><G64/><T55/><D129/><U104/><E104/><V82/><F82/><W102/><G42/><T9/><D35/><U53/><E114/><V66/><F128/><W62/><G62/><T72/><D72/><U108/><E130/><V84/><F126/><W127/><G39/><T18/><D61/><U88/><E25/><V22/><F66/><W28/><G90/><T60/><D60/><U40/><E54/><V7/><F99/><W10/><G97/><T49/><D37/><U105/><E105/><V123/><F123/><W124/><G10/><T1/><D1/><U38/><E38/><V71/><F71/><W106/><G106/><T33/><D33/><U47/><AGARI ba="0,0" hai="36,40,47,51,53,58,63,67,69,88,91,108,110,111" machi="47" ten="40,8000,1" yaku="0,1,24,2,14,1,54,1" doraHai="12" who="1" fromWho="1" sc="227,-20,261,80,227,-20,285,-40" /><INIT seed="4,0,0,1,2,72" ten="207,341,207,245" oya="0" hai0="112,119,60,4,42,64,78,110,39,111,0,37,3" hai1="57,18,45,102,126,36,95,61,108,96,82,51,115" hai2="81,59,30,75,99,49,34,91,48,22,32,73,117" hai3="114,86,23,84,128,25,104,125,47,50,56,55,89"/><T58/><D119/><U74/><E36/><V54/><F117/><W40/><G114/><T105/><D105/><U31/><E108/><N who="0" m="41513" /><D112/><U122/><E115/><V52/><F99/><W77/><G128/><T68/><D42/><U33/><E126/><V53/><F53/><W16/><G104/><T70/><D4/><U29/><E33/><V13/><F91/><W28/><G125/><T46/><D46/><U94/><E94/><V63/><F63/><W9/><G9/><T98/><D98/><U8/><E8/><V79/><F73/><W10/><G10/><T35/><D35/><U101/><E18/><V1/><F1/><N who="0" m="586" /><D78/><U2/><E2/><V85/><F75/><W71/><G77/><T43/><D43/><U103/><E122/><V41/><F41/><W80/><G71/><AGARI ba="0,0" hai="37,39,58,60,64,68,70,71" m="586,41513" machi="71" ten="40,2000,0" yaku="10,1" doraHai="72" who="0" fromWho="3" sc="207,20,341,0,207,0,245,-20" /><INIT seed="4,1,0,0,5,52" ten="227,341,207,225" oya="0" hai0="71,110,120,123,8,25,88,129,115,62,49,19,21" hai1="95,2,4,79,118,68,35,106,17,75,70,47,83" hai2="90,84,24,46,13,113,78,10,87,5,65,28,43" hai3="86,6,121,40,76,81,56,94,73,3,128,57,112"/><T44/><D115/><U134/><E106/><V107/><F113/><W53/><G112/><T82/><D129/><U108/><E108/><V58/><F107/><W117/><G117/><T20/><D110/><U98/><E118/><V116/><F116/><W41/><G128/><T55/><D8/><U12/><E35/><V126/><F126/><W119/><G121/><T31/><D71/><U132/><E4/><V54/><F65/><W45/><G53/><T14/><REACH who="0" step="1"/><D62/><REACH who="0" ten="217,341,207,225" step="2"/><U59/><E70/><V26/><F28/><W111/><G111/><T77/><D77/><U72/><E68/><V124/><F78/><W16/><G76/><T34/><D34/><U39/><E75/><V18/><F124/><W85/><G73/><T127/><D127/><U51/><E134/><V96/><F5/><W9/><G9/><T64/><D64/><U37/><E132/><V38/><F96/><W99/><G99/><T33/><D33/><U60/><E2/><V130/><F130/><W101/><G6/><T102/><D102/><U30/><E79/><V125/><F125/><W104/><G101/><T61/><D61/><U105/><E72/><V93/><F84/><AGARI ba="1,1" hai="14,19,20,21,25,31,44,49,55,82,84,88,120,123" machi="84" ten="40,3900,0" yaku="1,1,54,1,53,0" doraHai="52" doraHaiUra="29" who="0" fromWho="2" sc="217,52,341,0,207,-42,225,0" /><INIT seed="4,2,0,2,2,17" ten="269,341,165,225" oya="0" hai0="8,45,100,32,56,68,62,20,25,119,4,83,130" hai1="40,33,11,26,112,70,16,61,76,63,58,88,126" hai2="31,86,41,27,19,73,22,34,87,129,108,94,3" hai3="114,121,99,72,38,82,133,102,35,127,30,29,67"/><T89/><D119/><U105/><E126/><V53/><F108/><W122/><G38/><T101/><D130/><U42/><E105/><V103/><F129/><W107/><G127/><T59/><D32/><U90/><E70/><V131/><F131/><W28/><G133/><T110/><D110/><U135/><E135/><V64/><F73/><W21/><G67/><T60/><D45/><U97/><E76/><V96/><F3/><W106/><G106/><T1/><D68/><U13/><E112/><V109/><F109/><W15/><G35/><T47/><D47/><U79/><E79/><V12/><F41/><N who="1" m="15977" /><E33/><V69/><REACH who="2" step="1"/><F53/><REACH who="2" ten="269,341,155,225" step="2"/><W120/><G114/><T118/><D1/><U5/><E97/><V46/><F46/><W134/><G134/><T23/><D118/><U80/><E80/><V111/><F111/><W44/><G44/><T36/><D83/><U124/><E124/><V55/><F55/><W14/><G82/><T75/><D75/><U18/><E63/><AGARI ba="2,1" hai="12,19,22,27,31,34,63,64,69,86,87,94,96,103" machi="63" ten="40,2600,0" yaku="1,1,52,1,53,0" doraHai="17" doraHaiUra="49" who="2" fromWho="1" sc="269,0,341,-32,155,42,225,0" /><INIT seed="5,0,0,4,0,69" ten="269,309,197,225" oya="1" hai0="117,130,134,58,103,19,128,96,110,5,85,84,104" hai1="75,109,72,124,121,131,38,33,81,99,39,47,64" hai2="42,65,62,35,108,11,118,44,41,105,113,43,116" hai3="60,114,4,135,111,71,32,2,119,102,122,93,53"/><U98/><E121/><V46/><F105/><W56/><G122/><T126/><D117/><N who="2" m="45162" /><F11/><W70/><G119/><T10/><D110/><U49/><E33/><V1/><F35/><W129/><G111/><T55/><D126/><U34/><E34/><V77/><F77/><W78/><G78/><T37/><D37/><N who="1" m="13835" /><E109/><V120/><F1/><W26/><G71/><T89/><D19/><U79/><E124/><V24/><F24/><W45/><G70/><T21/><D21/><U52/><E75/><V67/><F108/><W54/><G26/><T20/><D20/><U80/><E80/><V127/><F127/><W59/><G32/><T40/><D85/><U90/><E90/><V48/><F120/><W112/><G2/><T66/><D84/><U28/><E28/><V12/><F12/><W97/><G4/><T16/><D89/><U100/><E100/><V82/><F82/><W76/><G76/><T87/><D87/><U68/><E99/><V115/><F62/><W91/><G60/><T123/><D5/><U61/><E98/><V51/><F43/><W18/><G97/><T50/><D96/><U94/><E94/><V13/><F13/><W101/><G93/><T9/><D103/><U88/><E88/><V17/><F17/><W57/><G18/><T63/><D16/><U29/><E29/><V92/><F92/><W7/><G91/><T27/><D27/><U83/><E83/><V95/><F95/><W23/><G102/><T107/><D9/><U106/><E106/><V31/><F31/><W22/><G101/><T25/><D10/><U125/><E125/><RYUUKYOKU ba="0,0" sc="269,-15,309,15,197,15,225,-15" hai1="47,49,52,61,64,68,72,79,81,131" hai2="41,42,44,46,48,51,65,67,113,115" /><INIT seed="5,1,0,0,4,45" ten="254,324,212,210" oya="1" hai0="31,94,7,21,125,78,25,131,97,18,121,114,61" hai1="88,124,30,42,27,86,11,65,80,36,34,110,8" hai2="120,6,17,56,74,54,91,10,9,2,63,58,33" hai3="98,62,44,82,93,60,130,89,29,41,37,122,0"/><U87/><E124/><V126/><F120/><W23/><G122/><T52/><D121/><U84/><E110/><V39/><F126/><W40/><G0/><T68/><D125/><U112/><E112/><V107/><F33/><W69/><G130/><T12/><D131/><U102/><E36/><V67/><F39/><W99/><G41/><T105/><D105/><U59/><E42/><V26/><F107/><W51/><G37/><T50/><D78/><U28/><E28/><V16/><F74/><W4/><G4/><T73/><D73/><U108/><E102/><V128/><F128/><W47/><G47/><T19/><D114/><U20/><E34/><V103/><F103/><W123/><G82/><T113/><D61/><N who="3" m="23657" /><G69/><T53/><D68/><U100/><E100/><V15/><F91/><W43/><G43/><T109/><D53/><U49/><E65/><V32/><F56/><W24/><G123/><T72/><D72/><U81/><E86/><AGARI ba="1,0" hai="23,24,29,40,44,51,86,89,93,98,99" m="23657" machi="86" ten="30,2000,0" yaku="8,1,52,1" doraHai="45" who="3" fromWho="1" sc="254,0,324,-23,212,0,210,23" /><INIT seed="6,0,0,3,2,99" ten="254,301,212,233" oya="2" hai0="10,91,61,74,47,115,129,89,25,50,76,53,23" hai1="48,44,18,121,11,122,60,82,107,126,130,105,63" hai2="51,101,131,42,110,27,39,71,132,114,97,120,86" hai3="38,103,41,57,80,29,92,37,98,113,0,73,59"/><V85/><F120/><W117/><G117/><T112/><D129/><U72/><E130/><V69/><F131/><W49/><G0/><T58/><D10/><U28/><E28/><V36/><F114/><N who="0" m="43562" /><D76/><U93/><E93/><V55/><F132/><W62/><G29/><N who="0" m="17599" /><D74/><U35/><E35/><V67/><F110/><W64/><G113/><T108/><D108/><U65/><E63/><N who="2" m="40191" /><F71/><W15/><G15/><T77/><D77/><N who="1" m="44327" /><E18/><V68/><F68/><W40/><G40/><AGARI ba="0,0" hai="40,47,50,53,58,61,89,91" m="17599,43562" machi="40" ten="30,1000,0" yaku="15,1" doraHai="99" who="0" fromWho="3" sc="254,10,301,0,212,0,233,-10" /><INIT seed="7,0,0,2,2,79" ten="264,301,212,223" oya="3" hai0="10,30,122,59,74,100,119,83,2,93,118,63,31" hai1="50,92,44,11,32,19,95,49,15,127,112,98,76" hai2="43,121,27,25,116,14,45,17,106,61,124,12,111" hai3="85,34,108,104,113,90,23,105,88,70,9,87,129"/><W8/><G34/><T37/><D122/><U126/><E32/><V84/><F116/><W66/><G113/><T89/><D37/><U132/><E112/><V99/><F111/><W53/><G108/><T35/><D100/><U56/><E132/><V38/><F121/><W135/><G129/><T28/><D35/><U7/><E76/><V60/><F124/><N who="1" m="47657" /><E56/><V26/><F14/><W131/><G131/><T68/><D68/><U91/><E92/><V134/><F134/><W73/><G73/><T114/><D114/><U5/><E50/><V42/><F42/><AGARI ba="0,0" hai="5,7,11,15,19,42,44,49,91,95,98" m="47657" machi="42" ten="30,1000,0" yaku="18,1" doraHai="79" who="1" fromWho="2" sc="264,0,301,10,212,-10,223,0" owari="264,6.4,311,41.1,202,-29.8,223,-17.7" /></mjloggm>