<mjloggm ver="2.3"><GO type="169" lobby="0"/><UN n0="%E3%81%82%E3%81%84%E3%81%93%E3%81%99" n1="%E8%87%AA%E6%92%AE%E3%82%8A%E3%83%9E%E3%82%B9%E3%82%BF%E3%83%BC" n2="%65%6B%61%72%75%74%65" n3="%E7%89%A7%E5%A0%B4%E3%81%AE%E5%B0%91%E5%A5%B3" dan="16,16,16,17" rate="2098.19,2027.77,2152.46,2214.98" sx="M,M,M,F"/><TAIKYOKU oya="0"/><INIT seed="0,0,0,1,0,81" ten="250,250,250,250" oya="0" hai0="90,22,23,98,9,68,121,94,112,113,101,105,34" hai1="67,27,76,11,82,100,70,55,56,80,78,44,135" hai2="85,43,31,38,8,49,7,28,17,124,15,96,128" hai3="48,102,111,57,50,16,5,61,45,35,69,63,58"/><T122/><D34/><U75/><E135/><V46/><F124/><W39/><G35/><T77/><D68/><U54/><E100/><V10/><F128/><W40/><G5/><T86/><D9/><U87/><E70/><V79/><F38/><W72/><G72/><T6/><D6/><U106/><E106/><V25/><F96/><W36/><G102/><T19/><D22/><U74/><E67/><V118/><F118/><W21/><G111/><T52/><D77/><U104/><E104/><V115/><F115/><W132/><G132/><T20/><D20/><U84/><E11/><V95/><F25/><W134/><G134/><T0/><D0/><U97/><E97/><V51/><F51/><N who="3" m="27047" /><G16/><T133/><D133/><U123/><E56/><N who="3" m="21610" /><G21/><T109/><D109/><U62/><E44/><V66/><F66/><N who="3" m="41167" /><G63/><T116/><D116/><U26/><REACH who="1" step="1"/><E62/><REACH who="1" ten="250,240,250,250" step="2"/><V130/><F130/><W13/><G13/><T108/><D108/><U47/><E47/><V64/><F64/><W99/><G99/><T89/><D113/><U53/><E53/><V73/><F10/><W114/><G114/><T83/><D52/><U33/><E33/><V91/><F7/><W2/><G2/><T88/><D112/><U42/><E42/><V41/><F41/><W131/><G131/><T18/><D105/><U1/><E1/><V92/><F8/><W60/><G60/><T127/><D101/><U12/><E12/><V117/><F117/><W3/><G3/><T103/><D103/><U29/><E29/><N who="2" m="11339" /><F15/><W129/><G129/><T93/><D98/><U119/><E119/><V120/><F43/><RYUUKYOKU ba="0,1" sc="250,-15,240,15,250,-15,250,15" hai1="26,27,54,55,74,75,76,78,80,82,84,87,123" hai3="36,39,48,50" /><INIT seed="1,1,1,1,2,43" ten="235,255,235,265" oya="1" hai0="54,96,13,26,4,66,135,118,49,8,87,24,29" hai1="61,107,38,53,94,75,108,116,52,32,77,88,55" hai2="92,59,128,41,85,1,121,106,130,113,79,20,89" hai3="126,60,73,72,63,5,91,3,80,68,119,82,50"/><U9/><E116/><V44/><F121/><W35/><G35/><T86/><D118/><U47/><E107/><V34/><F34/><W14/><G3/><T131/><D131/><N who="2" m="50218" /><F113/><W90/><G119/><T127/><D127/><U95/><E32/><V56/><F1/><W81/><G126/><T122/><D122/><U134/><E134/><V31/><F79/><W129/><G129/><T57/><D135/><U70/><E108/><V23/><F106/><W22/><G68/><T58/><D96/><U46/><E38/><N who="2" m="21559" /><F20/><W132/><G132/><T42/><D42/><U33/><E33/><V40/><F40/><W15/><G73/><T48/><D29/><U133/><E133/><V51/><F51/><W93/><G72/><T28/><D28/><U114/><E114/><V115/><F115/><W104/><G104/><T21/><D21/><U125/><E125/><V78/><F78/><W109/><G109/><T45/><D49/><U74/><E77/><V97/><F85/><N who="0" m="32266" /><D66/><N who="1" m="41295" /><E75/><V25/><AGARI ba="1,1" hai="23,25,31,56,59,89,92,97" m="21559,50218" machi="25" ten="30,2000,0" yaku="19,1,52,1" doraHai="43" who="2" fromWho="2" sc="235,-6,255,-11,235,33,265,-6" /><INIT seed="2,0,0,4,1,38" ten="229,244,268,259" oya="2" hai0="134,90,83,62,73,125,45,42,21,23,87,6,20" hai1="131,72,11,19,81,33,44,31,66,28,55,105,39" hai2="12,103,51,63,98,94,9,79,69,1,133,76,92" hai3="15,13,53,88,100,86,117,2,75,26,84,104,132"/><V99/><F133/><W57/><G2/><T32/><D32/><U91/><E105/><V30/><F1/><W112/><G75/><T70/><D134/><U85/><E131/><V50/><F30/><W47/><G117/><T122/><D122/><U68/><E72/><V49/><F63/><W16/><G132/><T121/><D121/><U109/><E109/><V120/><F69/><W64/><G104/><T106/><D106/><U129/><E129/><V107/><F120/><W77/><G100/><T97/><D6/><U46/><E66/><V71/><F71/><W102/><G102/><T74/><D97/><U124/><E124/><V58/><F58/><W95/><G64/><T22/><D125/><U3/><E68/><V0/><F0/><W48/><G112/><T89/><D89/><U101/><E101/><V37/><F37/><W56/><G26/><T135/><D135/><U126/><E33/><V110/><F110/><W34/><G13/><T114/><D114/><U123/><E126/><V127/><F127/><W17/><G34/><T108/><D108/><U14/><E123/><V128/><F128/><W41/><G53/><T116/><D116/><U113/><E3/><V80/><F99/><W65/><G65/><T7/><D62/><U29/><E113/><V78/><REACH who="2" step="1"/><F80/><REACH who="2" ten="229,244,258,259" step="2"/><N who="3" m="47119" /><G17/><AGARI ba="0,1" hai="9,12,17,49,50,51,76,78,79,92,94,98,103,107" machi="17" ten="40,2000,0" yaku="1,1,53,0" doraHai="38" doraHaiUra="82" who="2" fromWho="3" sc="229,0,244,0,258,30,259,-20" /><INIT seed="2,1,0,5,1,135" ten="229,244,288,239" oya="2" hai0="126,54,122,38,41,96,75,119,57,13,19,21,28" hai1="74,59,123,92,88,68,77,133,20,33,124,100,44" hai2="46,14,51,50,71,106,79,4,67,36,103,31,22" hai3="72,17,25,86,125,80,98,83,101,26,130,127,110"/><V131/><F131/><W66/><G130/><T93/><D122/><U23/><E68/><V82/><F36/><W107/><G110/><T9/><D75/><U60/><E33/><V115/><F115/><W8/><G66/><T104/><D104/><U70/><E70/><V129/><F129/><W105/><G105/><T84/><D84/><U24/><E133/><V48/><F31/><W112/><G112/><T16/><D28/><U2/><E123/><V81/><F22/><W18/><G72/><T120/><D119/><U113/><E113/><V12/><F12/><N who="3" m="7303" /><G18/><T114/><D120/><U69/><E2/><V64/><F14/><W11/><G11/><T102/><D114/><U29/><E69/><V43/><F4/><W55/><G55/><T73/><D73/><U0/><E0/><V7/><F7/><W52/><G52/><T97/><D97/><U39/><E44/><V45/><F51/><W63/><G63/><T109/><D41/><U34/><E39/><V117/><F117/><W62/><G62/><T6/><D38/><U30/><E30/><V32/><F71/><W90/><G83/><N who="2" m="31753" /><F32/><W35/><G35/><T111/><D19/><U76/><E34/><V15/><F15/><W27/><G25/><T89/><D111/><U99/><E74/><V58/><F58/><W94/><G80/><T91/><D109/><U95/><E20/><V108/><F108/><W116/><G116/><T49/><D6/><U118/><E118/><V128/><F128/><W37/><G37/><T134/><D21/><U1/><E23/><V85/><F67/><W42/><G42/><RYUUKYOKU ba="1,0" sc="229,-10,244,-10,288,-10,239,30" hai3="26,27,86,90,94,98,101,107,125,127" /><INIT seed="3,2,0,3,4,72" ten="219,234,278,269" oya="3" hai0="6,93,25,126,84,134,123,55,103,57,51,15,86" hai1="67,97,11,54,23,117,94,63,96,95,3,61,28" hai2="24,35,75,34,121,105,83,4,120,2,102,36,115" hai3="131,113,133,110,64,42,100,17,91,125,32,108,26"/><W70/><G113/><T116/><D123/><N who="2" m="47178" /><F115/><W37/><G133/><T135/><D116/><U128/><E117/><V33/><F36/><W76/><G91/><T99/><D126/><U119/><E119/><V85/><F75/><W30/><G17/><T1/><D1/><U52/><E128/><V109/><F109/><N who="3" m="42091" /><G100/><T127/><D127/><U49/><E3/><V74/><F74/><W60/><G125/><T80/><D25/><U50/><E11/><N who="2" m="2455" /><F105/><W59/><G131/><T65/><D86/><U56/><E96/><V112/><F102/><W104/><G104/><T29/><D29/><U69/><E97/><V82/><F112/><W114/><G114/><T45/><D6/><U27/><REACH who="1" step="1"/><E63/><REACH who="1" ten="219,224,278,269" step="2"/><V68/><F68/><W5/><G70/><T43/><D135/><U22/><E22/><V89/><F83/><W66/><G5/><T88/><D134/><U87/><E87/><V31/><AGARI ba="2,1" hai="24,31,33,34,35,82,85,89" m="2455,47178" machi="31" ten="30,1100,0" yaku="13,1" doraHai="72" who="2" fromWho="2" sc="219,-5,224,-5,278,27,269,-7" /><INIT seed="4,0,0,0,2,4" ten="214,219,305,262" oya="0" hai0="125,21,90,120,11,40,129,17,7,15,10,20,38" hai1="36,111,99,105,95,14,102,68,47,116,114,49,127" hai2="5,31,66,76,18,84,113,83,130,126,43,0,77" hai3="110,61,29,53,9,48,8,112,85,57,44,1,2"/><T23/><D120/><U86/><E111/><V42/><F113/><W109/><G112/><T107/><D107/><U13/><E114/><V78/><F126/><W117/><G117/><T97/><D125/><U45/><E116/><V104/><F104/><W79/><G29/><T69/><D69/><U59/><E127/><V100/><F130/><W12/><G110/><T106/><D129/><U65/><E68/><V119/><F119/><W27/><G27/><T94/><D106/><U26/><E36/><V22/><F31/><W121/><G109/><T51/><D38/><U46/><E26/><V35/><F100/><W34/><G34/><T123/><D123/><U71/><E71/><V28/><F66/><W103/><G103/><T6/><REACH who="0" step="1"/><D11/><REACH who="0" ten="204,219,305,262" step="2"/><U39/><E39/><V24/><F35/><W88/><G9/><T33/><D33/><U133/><E105/><V63/><F28/><W73/><G121/><T91/><D91/><U75/><E102/><V67/><F76/><W30/><G30/><T72/><D72/><U134/><E75/><V16/><F78/><W96/><G73/><T118/><D118/><U56/><E134/><V62/><F77/><W50/><G79/><T82/><D82/><U19/><E133/><V58/><F83/><W3/><G88/><T55/><D55/><U64/><E95/><V60/><F43/><W41/><G41/><T101/><D101/><U98/><E65/><V87/><F42/><W132/><G53/><T70/><D70/><U80/><E64/><V92/><F67/><W54/><G132/><T93/><D93/><U128/><E128/><RYUUKYOKU ba="0,1" sc="204,30,219,-10,305,-10,262,-10" hai0="6,7,10,15,17,20,21,23,40,51,90,94,97" /><INIT seed="4,1,1,5,3,125" ten="234,209,295,252" oya="0" hai0="61,118,67,19,126,111,123,82,22,124,16,78,66" hai1="89,84,47,25,2,52,48,57,101,120,119,73,115" hai2="104,0,135,4,99,114,64,97,98,131,70,74,15" hai3="93,133,60,37,36,39,122,87,59,92,49,10,12"/><T103/><D123/><U51/><E119/><V23/><F114/><W88/><G122/><T58/><D118/><U3/><E120/><V21/><F135/><W40/><G133/><T90/><D111/><U56/><E115/><V7/><F74/><W26/><G26/><T79/><D103/><U72/><E101/><V35/><F0/><W14/><G93/><T100/><D100/><U53/><E25/><V110/><F35/><W28/><G28/><T18/><D22/><U117/><E117/><V31/><F70/><W42/><G49/><T91/><D67/><U128/><E47/><V127/><F64/><W116/><G116/><T68/><D68/><U63/><E63/><V11/><F127/><N who="0" m="48682" /><D79/><U41/><E41/><V34/><F104/><W106/><G106/><T6/><D6/><U81/><REACH who="1" step="1"/><E128/><REACH who="1" ten="234,199,295,252" step="2"/><V32/><F131/><W43/><REACH who="3" step="1"/><G10/><REACH who="3" ten="234,199,295,242" step="2"/><T109/><D109/><U38/><E38/><V46/><F11/><W76/><G76/><T85/><AGARI ba="1,3" hai="16,18,19,58,61,66,78,82,85,90,91" m="48682" machi="85" ten="30,3000,0" yaku="18,1,54,1" doraHai="125" who="0" fromWho="0" sc="234,63,199,-11,295,-11,242,-11" /><INIT seed="4,2,0,4,4,52" ten="297,188,284,231" oya="0" hai0="4,120,125,119,22,106,117,112,129,40,126,99,75" hai1="82,7,9,121,111,80,86,118,14,91,53,24,88" hai2="42,27,67,78,41,8,87,83,39,65,94,81,1" hai3="98,92,28,134,63,102,56,93,13,113,74,72,50"/><T45/><D22/><U66/><E111/><V34/><F94/><W37/><G37/><T29/><D29/><U36/><E118/><V68/><F68/><W116/><G116/><N who="0" m="44619" /><D4/><U54/><E121/><V47/><F42/><W31/><G113/><T104/><D120/><U101/><E36/><V128/><F128/><W55/><G134/><T107/><D45/><U30/><E101/><V100/><F100/><W85/><G74/><T115/><D40/><U46/><E66/><V10/><F10/><W21/><G72/><T51/><D51/><U15/><E15/><V0/><F0/><W32/><G32/><T62/><D62/><U48/><E54/><V131/><F131/><W79/><G63/><T110/><D75/><U26/><E30/><V84/><F27/><W18/><G79/><T69/><D69/><U89/><REACH who="1" step="1"/><E82/><REACH who="1" ten="297,178,284,231" step="2"/><N who="2" m="47191" /><F67/><W124/><G124/><N who="0" m="47723" /><D129/><U61/><E61/><V23/><F65/><W130/><G130/><T123/><D123/><U70/><E70/><V12/><F12/><W5/><G5/><T25/><D25/><AGARI ba="2,1" hai="7,9,14,24,25,26,46,48,53,80,86,88,89,91" machi="25" ten="40,5200,0" yaku="1,1,8,1,54,1,53,0" doraHai="52" doraHaiUra="17" who="1" fromWho="0" sc="297,-58,178,68,284,0,231,0" /><INIT seed="5,0,0,0,5,59" ten="239,246,284,231" oya="1" hai0="72,84,65,54,67,86,122,28,38,71,16,83,6" hai1="12,19,120,128,78,77,5,93,76,106,115,63,53" hai2="13,66,10,94,34,101,74,111,47,87,100,51,26" hai3="126,37,89,49,121,0,62,44,46,114,108,79,22"/><U60/><E106/><V57/><F74/><W8/><G121/><T123/><D6/><U33/><E120/><N who="0" m="46121" /><D28/><U43/><E33/><V102/><F111/><W36/><G108/><T104/><D104/><U132/><E115/><V31/><F57/><W119/><G79/><N who="0" m="44519" /><D38/><U15/><E128/><V7/><F66/><N who="0" m="25098" /><D54/><U75/><E132/><V80/><F94/><W91/><G114/><T81/><D71/><U133/><E133/><V96/><F96/><W125/><G119/><T35/><D35/><U135/><E135/><V61/><F61/><N who="1" m="23625" /><E43/><V58/><F58/><W3/><G62/><T105/><D105/><U97/><E75/><V2/><F2/><W21/><G49/><T18/><D86/><U50/><E5/><V130/><F130/><W9/><AGARI ba="0,0" hai="0,3,8,9,21,22,36,37,44,46,89,91,125,126" machi="9" ten="25,3200,0" yaku="0,1,22,2" doraHai="59" who="3" fromWho="3" sc="239,-8,246,-16,284,-8,231,32" /><INIT seed="6,0,0,2,4,93" ten="231,230,276,263" oya="2" hai0="121,71,47,62,53,83,97,51,18,67,41,130,105" hai1="40,120,39,92,126,117,104,29,128,31,3,111,98" hai2="46,32,8,59,61,28,132,38,20,89,12,101,131" hai3="113,33,74,116,11,45,55,72,17,69,44,75,107"/><V25/><F131/><W68/><G116/><T42/><D130/><U86/><E92/><V90/><F132/><W70/><G33/><T23/><D121/><U95/><E95/><V65/><F32/><W1/><G107/><T78/><D18/><U21/><E21/><V54/><F101/><W109/><G109/><T133/><D133/><U129/><E86/><V127/><F127/><W19/><G55/><T85/><REACH who="0" step="1"/><D23/><REACH who="0" ten="221,230,276,263" step="2"/><U7/><E120/><V118/><F118/><W135/><G135/><T119/><D119/><U50/><E117/><V96/><F20/><W79/><G17/><T124/><D124/><U26/><E126/><V49/><F28/><W112/><G19/><T125/><D125/><U84/><E29/><V102/><F25/><W0/><G11/><T48/><D48/><U80/><E26/><V99/><F38/><W37/><G37/><T110/><D110/><U43/><E31/><V63/><F61/><W24/><G24/><T122/><D122/><U82/><E111/><V64/><F63/><W56/><G113/><T5/><D5/><U100/><E39/><V94/><F8/><W58/><G112/><T106/><D106/><U77/><E50/><V14/><F94/><W60/><G60/><T16/><D16/><U27/><E27/><V36/><F36/><W6/><G6/><T81/><D81/><U13/><E82/><V88/><F49/><W52/><G69/><T108/><D108/><U114/><E114/><V115/><F115/><W73/><G70/><T66/><D66/><U35/><E129/><V30/><F65/><W87/><G68/><RYUUKYOKU ba="0,1" sc="221,30,230,-10,276,-10,263,-10" hai0="41,42,47,51,53,62,67,71,78,83,85,97,105" /><INIT seed="7,1,1,3,3,90" ten="251,220,266,253" oya="3" hai0="5,69,133,56,37,108,18,48,63,65,49,53,17" hai1="71,118,105,46,101,30,57,8,61,135,130,25,51" hai2="125,85,99,73,2,132,36,84,92,15,52,32,87" hai3="11,126,89,62,54,68,128,120,119,72,121,131,50"/><W38/><G72/><T91/><D108/><U24/><E130/><N who="3" m="49706" /><G11/><T7/><D133/><U21/><E135/><V39/><F32/><W34/><G34/><T67/><D37/><U96/><E118/><V117/><F73/><W103/><G103/><T95/><D49/><U35/><E8/><V112/><F2/><W1/><G1/><T80/><D80/><U41/><E57/><V58/><F117/><W77/><G77/><T107/><D67/><U75/><E75/><V60/><F132/><W113/><G119/><T43/><D43/><U70/><REACH who="1" step="1"/><E61/><REACH who="1" ten="251,210,266,253" step="2"/><V44/><F58/><N who="3" m="33111" /><G126/><T29/><D107/><U110/><E110/><V59/><F125/><W3/><G3/><T28/><D5/><U123/><E123/><V27/><F60/><W4/><G4/><T22/><D7/><U114/><E114/><V42/><F112/><W55/><G113/><T10/><D10/><U26/><E26/><V109/><F27/><W31/><G31/><AGARI ba="1,2" hai="21,24,25,30,31,35,41,46,51,70,71,96,101,105" machi="31" ten="30,2000,0" yaku="1,1,7,1,53,0" doraHai="90" doraHaiUra="115" who="1" fromWho="3" sc="251,0,210,43,266,0,253,-23" /><INIT seed="8,0,0,0,3,0" ten="251,253,266,230" oya="0" hai0="20,45,14,125,37,5,18,61,47,66,3,97,33" hai1="90,43,1,87,32,84,46,133,135,121,110,130,40" hai2="17,126,35,42,26,100,62,19,21,55,94,85,122" hai3="28,63,117,80,38,11,60,111,29,79,95,64,92"/><T119/><D119/><U74/><E110/><V127/><F122/><W68/><G111/><T10/><D125/><U57/><E121/><V120/><F120/><W70/><G38/><T78/><D33/><U131/><E74/><V36/><F35/><W89/><G117/><T81/><D97/><U106/><E32/><V7/><F42/><W128/><G128/><N who="1" m="49194" /><E1/><V112/><F36/><W114/><G114/><T113/><D113/><U49/><E106/><V98/><F112/><W24/><G11/><T59/><REACH who="0" step="1"/><D37/><REACH who="0" ten="241,253,266,230" step="2"/><U73/><E135/><V51/><F98/><W41/><G41/><T15/><D15/><U115/><E40/><V104/><F126/><W107/><G107/><T8/><D8/><U12/><E133/><V25/><F127/><W69/><G24/><T124/><D124/><U132/><E132/><V44/><F104/><W22/><G22/><T103/><D103/><U116/><E116/><V39/><F100/><W77/><G77/><T6/><D6/><U86/><E115/><V91/><F7/><W16/><G89/><T72/><AGARI ba="0,1" hai="3,5,10,14,18,20,45,47,59,61,66,72,78,81" machi="72" ten="20,12000,1" yaku="1,1,0,1,7,1,52,1,53,1" doraHai="0" doraHaiUra="54" who="0" fromWho="0" sc="241,130,253,-40,266,-40,230,-40" owari="371,47.1,213,-18.7,226,2.6,190,-31.0" /></mjloggm>