<mjloggm ver="2.3"><GO type="169" lobby="0"/><UN n0="%73%68%61%79%65" n1="%E3%81%9D%E3%82%93%E3%81%97%E6%A7%98" n2="%E3%83%88%E3%82%B7%E3%83%95%E3%83%BC%E3%83%8B" n3="%70%65%6E%74%6F%6C%61" dan="17,18,16,18" rate="2164.88,2228.94,2139.53,2230.06" sx="M,M,M,M"/><TAIKYOKU oya="0"/><INIT seed="0,0,0,2,3,5" ten="250,250,250,250" oya="0" hai0="35,102,9,97,129,104,67,75,52,59,119,92,93" hai1="83,0,33,116,112,25,124,105,64,113,82,110,40" hai2="85,62,43,122,51,109,100,58,132,4,34,111,74" hai3="53,81,108,30,29,88,120,21,28,99,44,8,89"/><T125/><D119/><U94/><E116/><V70/><F74/><W84/><G108/><N who="2" m="41545" /><F34/><W61/><G120/><T114/><D35/><U91/><E110/><V12/><F100/><W69/><G69/><T7/><D75/><U50/><E105/><V41/><F85/><W24/><G61/><T103/><D114/><U68/><E0/><V131/><F122/><W71/><G71/><T128/><D125/><U134/><E134/><V13/><F13/><W16/><G53/><T17/><D67/><U96/><E124/><V55/><F132/><W47/><G8/><T98/><D17/><U106/><E106/><V48/><F12/><W135/><G135/><T23/><D23/><U2/><E2/><V73/><F4/><W121/><G121/><T63/><REACH who="0" step="1"/><D104/><REACH who="0" ten="240,250,250,250" step="2"/><U79/><E33/><V54/><F73/><W133/><G133/><T101/><D101/><U130/><E113/><V18/><F18/><W32/><G32/><T42/><D42/><U95/><E40/><V77/><F131/><W15/><G24/><T11/><D11/><U66/><E25/><V127/><F127/><W123/><G123/><T60/><D60/><U126/><E126/><V76/><F41/><W80/><G80/><T10/><D10/><U45/><E83/><V14/><F43/><W115/><G115/><T56/><D56/><U87/><E112/><V57/><F70/><W6/><G6/><T39/><D39/><U72/><E68/><V86/><F62/><W118/><G118/><T22/><D22/><U37/><E82/><N who="2" m="47431" /><F77/><W20/><G20/><T38/><D38/><U107/><E37/><RYUUKYOKU ba="0,1" sc="240,10,250,-30,250,10,250,10" hai0="7,9,52,59,63,92,93,97,98,102,103,128,129" hai2="14,48,51,54,55,57,58" hai3="15,16,21,28,29,30,44,47,81,84,88,89,99" /><INIT seed="0,1,1,0,0,15" ten="250,220,260,260" oya="0" hai0="54,81,111,84,71,73,77,135,67,2,74,99,120" hai1="50,108,0,16,19,133,68,66,131,109,31,122,65" hai2="43,52,37,12,70,107,25,7,102,33,39,18,14" hai3="61,86,26,6,44,17,95,24,124,87,22,83,32"/><T34/><D120/><U3/><E133/><V96/><F7/><W51/><G124/><T56/><D135/><U118/><E118/><V69/><F14/><W90/><G6/><T92/><D34/><U10/><E122/><V27/><F27/><W78/><G61/><T98/><D2/><N who="1" m="555" /><E10/><V93/><F107/><W28/><G51/><T128/><D128/><U129/><E31/><V1/><F1/><W104/><G44/><T62/><D111/><N who="1" m="42571" /><E50/><V58/><F25/><W36/><G36/><T89/><REACH who="0" step="1"/><D74/><REACH who="0" ten="240,220,260,260" step="2"/><U5/><E5/><V8/><F33/><W132/><G132/><T121/><D121/><U97/><E97/><V103/><F39/><W114/><G114/><T20/><D20/><U75/><E75/><V60/><REACH who="2" step="1"/><F103/><REACH who="2" ten="240,220,250,260" step="2"/><W91/><G32/><T113/><D113/><U11/><E11/><V106/><F106/><W117/><G104/><T72/><D72/><U41/><E131/><V48/><F48/><AGARI ba="1,3" hai="48,54,56,62,67,71,73,77,81,84,89,92,98,99" machi="48" ten="30,2900,0" yaku="1,1,7,1,53,0" doraHai="15" doraHaiUra="23" who="0" fromWho="2" sc="240,62,220,0,250,-32,260,0" /><INIT seed="0,2,0,1,4,94" ten="302,220,218,260" oya="0" hai0="107,134,124,31,125,99,121,85,65,119,68,22,66" hai1="80,105,84,120,92,0,100,33,38,132,16,35,108" hai2="12,54,81,59,7,19,61,115,133,17,89,4,46" hai3="23,13,45,41,131,51,21,79,64,32,36,114,135"/><T34/><D119/><U11/><E120/><V43/><F133/><W77/><G114/><T14/><D121/><U63/><E108/><V25/><F115/><W26/><G135/><T60/><D134/><U118/><E118/><V90/><F25/><W71/><G131/><T62/><D34/><U109/><E109/><V112/><F112/><W52/><G32/><T127/><D85/><U130/><E130/><V86/><F90/><W1/><G1/><T39/><D39/><U128/><E128/><V98/><F17/><W47/><G64/><T113/><D113/><U49/><E38/><V116/><F116/><W102/><G71/><T96/><D107/><U101/><E105/><V70/><F70/><W48/><G102/><T18/><D31/><U88/><E0/><V82/><F82/><W123/><G36/><T37/><D37/><U27/><E35/><V30/><F30/><N who="3" m="17743" /><G123/><T55/><D55/><U3/><E3/><V74/><F74/><W57/><G47/><T6/><D6/><U117/><E117/><V58/><F58/><AGARI ba="2,0" hai="14,18,22,58,60,62,65,66,68,96,99,124,125,127" machi="58" ten="40,7700,0" yaku="18,1,52,2" doraHai="94" who="0" fromWho="2" sc="302,83,220,0,218,-83,260,0" /><INIT seed="0,3,0,1,2,95" ten="385,220,135,260" oya="0" hai0="124,116,113,75,48,104,26,69,114,101,122,99,133" hai1="118,71,110,44,87,63,5,31,59,121,74,125,126" hai2="120,108,64,40,78,25,46,66,115,10,6,4,52" hai3="34,9,82,84,41,3,22,96,89,100,33,17,55"/><T21/><D116/><U50/><E118/><V56/><F120/><W65/><G41/><T77/><D122/><U130/><E74/><V131/><F115/><W28/><G65/><T119/><D119/><U35/><E121/><V23/><F131/><W11/><G28/><T16/><D124/><U20/><E130/><V81/><F108/><W19/><G19/><T7/><D69/><U29/><E110/><V2/><F4/><W79/><G79/><T37/><D37/><U13/><E71/><V103/><F103/><W62/><G34/><T109/><D133/><U83/><E35/><V102/><F102/><W1/><G33/><T14/><D109/><U105/><E105/><V106/><F106/><W93/><G1/><T49/><D75/><U94/><E94/><V30/><F46/><W0/><G3/><T53/><D77/><N who="1" m="46575" /><E126/><V54/><F40/><W80/><G80/><T111/><D111/><U39/><E39/><V76/><F54/><W24/><G0/><T61/><D61/><U107/><E107/><V58/><F58/><AGARI ba="3,0" hai="9,11,17,22,24,55,58,62,82,84,89,93,96,100" machi="58" ten="40,2600,0" yaku="8,1,52,1" doraHai="95" who="3" fromWho="2" sc="385,0,220,0,135,-35,260,35" /><INIT seed="1,0,0,3,5,59" ten="385,220,100,295" oya="1" hai0="33,0,85,23,116,39,96,113,55,48,135,132,101" hai1="80,43,99,89,119,83,52,38,114,133,92,66,56" hai2="31,118,7,81,24,18,8,110,28,41,121,63,5" hai3="1,134,109,91,42,74,95,93,54,32,30,65,19"/><U10/><E114/><V3/><F121/><W88/><G1/><T125/><D33/><U130/><E119/><V69/><F118/><W49/><G74/><T106/><D39/><U34/><E34/><V90/><F110/><W123/><G123/><T77/><D113/><U97/><E130/><V29/><F41/><W64/><G42/><T13/><D116/><U45/><E133/><N who="0" m="51273" /><D0/><U104/><E66/><V82/><F7/><W72/><G72/><T46/><D125/><U79/><E10/><V6/><F6/><W105/><G105/><T27/><D13/><U111/><E111/><V102/><F102/><W103/><G103/><T21/><D27/><U15/><E15/><V70/><F70/><W44/><G109/><T17/><D17/><U107/><E97/><V120/><F120/><W73/><G73/><T68/><D68/><U47/><E47/><V75/><F75/><W14/><G30/><T11/><D11/><U57/><E57/><V124/><F124/><W9/><G32/><T60/><D60/><N who="1" m="35847" /><E79/><V131/><F131/><W108/><G108/><T117/><D117/><U51/><E38/><V50/><F50/><W98/><G134/><T76/><D76/><U26/><E26/><V37/><F37/><W35/><G35/><T20/><D77/><U61/><E61/><V115/><F115/><W53/><G54/><T2/><D2/><U12/><E12/><V4/><F4/><W86/><AGARI ba="0,0" hai="9,14,19,44,49,53,64,65,86,88,91,93,95,98" machi="86" ten="20,5200,0" yaku="0,1,7,1,8,1,54,1" doraHai="59" who="3" fromWho="3" sc="385,-13,220,-26,100,-13,295,52" /><INIT seed="2,0,0,2,4,9" ten="372,194,87,347" oya="2" hai0="90,71,114,97,70,30,124,63,46,52,28,100,101" hai1="122,69,13,110,91,104,125,2,57,26,133,84,31" hai2="83,33,45,88,24,8,68,14,60,82,36,109,7" hai3="77,4,86,5,79,59,118,10,123,21,17,66,121"/><V53/><F109/><W42/><G118/><T44/><D114/><U20/><E69/><V92/><F36/><W126/><G126/><T34/><D124/><U56/><E125/><V89/><F68/><W129/><G129/><T132/><D132/><U81/><E2/><V35/><F35/><W128/><G128/><T134/><D134/><U127/><E127/><V25/><F33/><W72/><G72/><T32/><D90/><U117/><E117/><V73/><F73/><W55/><G66/><T85/><D85/><U75/><E133/><V99/><F89/><W22/><G42/><T12/><D63/><U29/><E104/><V0/><F0/><W41/><G41/><T106/><D106/><U58/><E110/><V95/><F95/><W40/><G40/><T6/><D6/><U64/><E122/><V48/><REACH who="2" step="1"/><F60/><REACH who="2" ten="372,194,77,347" step="2"/><W67/><G123/><T47/><D70/><U113/><E75/><V37/><F37/><W65/><G121/><T96/><D71/><U15/><E113/><V94/><F94/><W116/><G116/><T131/><D34/><U18/><E64/><V80/><AGARI ba="0,1" hai="7,8,14,24,25,45,48,53,80,82,83,88,92,99" machi="80" ten="30,18000,2" yaku="1,1,0,1,8,1,52,1,54,1,53,1" doraHai="9" doraHaiUra="50" who="2" fromWho="2" sc="372,-60,194,-60,77,190,347,-60" /><INIT seed="2,1,0,3,2,126" ten="312,134,267,287" oya="2" hai0="115,38,79,87,71,16,11,57,93,127,0,18,60" hai1="24,23,122,91,118,132,134,88,59,131,49,56,73" hai2="103,69,65,52,70,102,6,76,47,72,94,80,77" hai3="42,82,75,9,63,33,22,37,96,1,41,15,119"/><V92/><F6/><W46/><G42/><T13/><D115/><U116/><E73/><V48/><F77/><N who="3" m="44351" /><G63/><T114/><D114/><U34/><E34/><V86/><F72/><W7/><G33/><T117/><D127/><U89/><E122/><V8/><F65/><W67/><G67/><T40/><D71/><U120/><E120/><V17/><F69/><W109/><G96/><T51/><D0/><U29/><E131/><V123/><F70/><W54/><G54/><T35/><D35/><U97/><E97/><V108/><F108/><W66/><G66/><T110/><D38/><U90/><N who="1" m="22528" /><DORA hai="121" /><U113/><E113/><V10/><F123/><W101/><G101/><N who="2" m="38409" /><F10/><N who="3" m="2415" /><G22/><T107/><D110/><U106/><E106/><V5/><F5/><N who="3" m="3503" /><G119/><T104/><D117/><U125/><E125/><V44/><F8/><W99/><G99/><T74/><D74/><U39/><E39/><V3/><F17/><W4/><G4/><T21/><D93/><N who="2" m="35946" /><F3/><W55/><G55/><T112/><D112/><U111/><E111/><AGARI ba="1,0" hai="37,41,46,109,111" m="3503,2415,44351" machi="111" ten="30,3900,0" yaku="25,1,52,2" doraHai="126,121" who="3" fromWho="1" sc="312,0,134,-42,267,0,287,42" /><INIT seed="3,0,0,5,4,113" ten="312,92,267,329" oya="3" hai0="65,50,7,21,32,72,30,109,119,39,64,98,60" hai1="14,44,106,135,75,94,90,38,16,15,91,63,25" hai2="35,10,101,124,118,27,71,54,86,26,87,95,11" hai3="3,23,1,131,43,41,133,51,66,79,127,28,116"/><W19/><G28/><T120/><D39/><U99/><E135/><V114/><F71/><W47/><G133/><T134/><D72/><U130/><E130/><V2/><F114/><W24/><G131/><T58/><D120/><U55/><E75/><V67/><F67/><W100/><G127/><T13/><D119/><U61/><E106/><V89/><F124/><W59/><G79/><T62/><D109/><U69/><E38/><V108/><F108/><W56/><G43/><T20/><D134/><U102/><E69/><V80/><F118/><W34/><G34/><T18/><D50/><U53/><E25/><N who="2" m="9227" /><F2/><W6/><G116/><T37/><D37/><U84/><E14/><V112/><F112/><W85/><G66/><T88/><D32/><U22/><E102/><V115/><F115/><W31/><G31/><T123/><D7/><U110/><E110/><V45/><F35/><W111/><G111/><T125/><D123/><U42/><E42/><V83/><F101/><W82/><G100/><T103/><D125/><U46/><E55/><V126/><F126/><W0/><REACH who="3" step="1"/><G6/><REACH who="3" ten="312,92,267,319" step="2"/><T74/><D103/><U128/><E128/><V92/><F54/><W132/><G132/><T33/><D33/><U40/><E40/><V78/><F45/><N who="1" m="17513" /><E53/><V36/><F36/><W52/><G52/><T117/><D117/><U122/><E122/><V12/><F10/><W104/><G104/><T129/><D129/><U8/><E8/><V105/><F105/><W9/><G9/><N who="0" m="6447" /><D30/><U4/><E4/><AGARI ba="0,1" hai="4,11,12,78,80,83,86,87,89,92,95" m="9227" machi="4" ten="30,1000,0" yaku="8,1" doraHai="113" who="2" fromWho="1" sc="312,0,92,-10,267,20,319,0" /><INIT seed="4,0,0,1,5,119" ten="312,82,287,319" oya="0" hai0="29,38,110,109,55,107,7,86,21,3,95,23,31" hai1="75,20,15,82,114,84,93,4,19,69,127,92,96" hai2="68,120,88,52,17,94,54,50,5,65,2,87,34" hai3="46,66,111,126,16,106,48,24,9,36,117,89,118"/><T77/><D107/><U51/><E127/><V8/><F34/><W45/><G111/><N who="0" m="42507" /><D38/><U133/><E133/><V42/><F120/><W131/><G106/><T35/><D55/><U135/><E135/><V70/><F42/><W25/><G126/><T101/><D77/><U18/><E69/><V67/><F54/><W102/><G66/><T61/><D61/><U39/><E75/><V28/><F28/><N who="0" m="10826" /><D35/><U49/><E39/><V10/><F68/><W43/><G102/><T57/><D57/><U71/><E71/><V74/><F74/><W113/><G89/><N who="0" m="53687" /><D101/><U98/><E4/><V121/><F70/><W132/><G132/><T80/><D80/><U30/><E30/><V125/><F125/><W6/><G36/><T91/><D91/><U130/><E82/><V41/><F41/><W85/><G85/><T83/><D83/><U32/><E84/><V0/><F0/><W134/><G134/><T22/><D7/><U124/><E32/><V115/><F115/><W59/><G113/><T90/><D90/><U47/><E114/><V79/><F79/><W63/><G6/><T123/><D3/><U44/><E124/><V11/><F5/><W105/><G43/><T76/><D76/><U112/><E112/><V64/><F2/><W128/><G105/><T13/><D13/><U104/><E104/><V1/><F1/><W100/><G63/><T26/><D26/><U37/><E37/><V27/><F27/><W73/><G25/><T14/><D14/><U122/><E15/><V108/><F108/><W103/><G24/><T81/><D81/><U78/><E78/><RYUUKYOKU ba="0,0" sc="312,30,82,-10,287,-10,319,-10" hai0="21,22,23,123" /><INIT seed="4,1,0,5,4,70" ten="342,72,277,309" oya="0" hai0="111,133,48,39,20,87,59,131,115,54,23,15,72" hai1="11,69,81,63,91,135,12,37,4,120,30,7,134" hai2="71,75,90,116,92,106,44,108,128,94,107,42,78" hai3="1,79,123,88,56,100,18,119,52,14,95,84,101"/><T5/><D72/><U58/><E120/><V17/><F71/><W68/><G119/><T64/><D131/><U9/><E69/><V57/><F116/><W10/><G68/><T33/><D115/><U8/><E30/><V93/><F128/><W65/><G65/><T103/><D33/><U73/><E73/><V13/><F108/><W82/><G1/><T86/><D133/><N who="1" m="50699" /><E91/><V66/><F90/><W113/><G113/><T49/><D39/><U61/><E81/><V41/><F41/><W0/><G0/><T28/><D64/><N who="1" m="38967" /><E63/><V36/><F66/><W112/><G123/><T114/><D114/><U53/><E53/><V31/><F31/><W16/><G18/><T62/><D103/><U80/><E80/><V129/><F129/><W40/><G40/><T47/><D62/><U76/><E76/><V118/><F118/><W22/><G10/><N who="1" m="4202" /><E4/><V122/><F122/><W98/><G112/><T89/><D5/><U26/><E26/><V60/><F78/><W124/><G124/><T105/><D111/><U97/><E97/><V24/><F24/><W3/><G3/><T34/><D34/><U99/><E99/><V38/><F75/><W25/><G25/><N who="0" m="16423" /><D89/><U45/><E45/><V74/><F74/><W77/><G79/><T126/><D126/><U125/><E125/><V117/><F117/><W21/><G21/><T27/><D15/><U127/><E127/><V83/><F13/><W85/><G98/><T51/><D47/><U43/><E43/><V6/><F44/><W130/><G130/><T132/><D132/><U67/><E67/><V104/><F42/><RYUUKYOKU ba="1,0" sc="342,-15,72,15,277,-15,309,15" hai1="7,11,12,37" hai3="14,16,22,52,56,77,82,84,85,88,95,100,101" /><INIT seed="5,2,0,5,5,86" ten="327,87,262,324" oya="1" hai0="65,52,108,123,74,39,15,47,1,14,42,19,62" hai1="7,25,64,83,130,69,75,49,53,135,91,110,79" hai2="115,54,85,60,77,11,30,100,72,2,17,99,58" hai3="0,32,94,89,111,3,80,103,45,122,44,132,67"/><U27/><E130/><V20/><F115/><W116/><G32/><T134/><D108/><U56/><E110/><V118/><F72/><W107/><G111/><T112/><D74/><U24/><E135/><V95/><F118/><W37/><G122/><T16/><D134/><U96/><E7/><V28/><F11/><W46/><G37/><T33/><D1/><U35/><E69/><V106/><F2/><W36/><G36/><T98/><D33/><U124/><E124/><V93/><F106/><W117/><G132/><T22/><D112/><U127/><E127/><V70/><F70/><W102/><G67/><T10/><D123/><U57/><E35/><V26/><F77/><W119/><G80/><T40/><D98/><U48/><E64/><V38/><F38/><W126/><G126/><T78/><D78/><U82/><E82/><V12/><F12/><W18/><G18/><T66/><REACH who="0" step="1"/><D42/><REACH who="0" ten="317,87,262,324" step="2"/><U87/><E96/><V121/><F121/><W9/><G3/><T71/><D71/><U68/><E68/><V113/><F113/><W31/><G116/><T120/><D120/><U55/><REACH who="1" step="1"/><E75/><REACH who="1" ten="317,77,262,324" step="2"/><V43/><F99/><W101/><G119/><T104/><D104/><U4/><E4/><V133/><F133/><W59/><G107/><T114/><D114/><U92/><E92/><V129/><F95/><W50/><G117/><T23/><D23/><U34/><E34/><V73/><F93/><W90/><G94/><T5/><D5/><U8/><E8/><V131/><F20/><W109/><G109/><T81/><D81/><U21/><E21/><N who="2" m="13615" /><F73/><W84/><G9/><RYUUKYOKU ba="2,2" sc="317,15,77,15,262,-15,324,-15" hai0="10,14,15,16,19,22,39,40,47,52,62,65,66" hai1="24,25,27,48,49,53,55,56,57,79,83,87,91" /><INIT seed="5,3,2,4,5,114" ten="332,92,247,309" oya="1" hai0="94,102,68,22,73,81,64,128,4,45,25,88,38" hai1="127,131,90,55,115,120,125,16,8,122,105,84,30" hai2="43,91,36,111,50,95,65,80,97,32,20,27,109" hai3="98,132,31,51,63,89,100,23,76,62,101,106,39"/><U0/><E115/><V61/><F32/><W49/><G39/><T60/><D128/><U85/><E131/><V21/><F36/><W7/><G76/><T26/><D4/><U47/><E105/><V104/><F104/><W130/><G130/><T35/><D35/><U28/><E47/><N who="2" m="25983" /><F111/><W10/><G132/><T13/><D102/><U96/><E96/><V93/><F109/><W121/><G89/><T14/><D73/><U83/><E55/><V34/><F34/><W129/><G121/><T33/><D81/><U113/><E113/><V112/><F112/><W103/><G98/><T86/><D33/><U110/><E110/><V46/><F46/><W41/><G106/><T74/><D74/><U75/><E75/><V11/><F11/><W108/><G41/><T40/><D26/><U126/><E85/><V119/><F119/><W56/><G63/><T37/><REACH who="0" step="1"/><D37/><REACH who="0" ten="322,92,247,309" step="2"/><U5/><REACH who="1" step="1"/><E16/><AGARI ba="3,3" hai="13,14,16,22,25,38,40,45,60,64,68,86,88,94" machi="16" ten="30,12000,2" yaku="1,1,2,1,7,1,54,2,53,1" doraHai="114" doraHaiUra="15" who="0" fromWho="1" sc="322,159,92,-129,247,0,309,0" owari="481,58.1,-37,-53.7,247,-15.3,309,10.9" /></mjloggm>