<mjloggm ver="2.3"><GO type="169" lobby="0"/><UN n0="%6C%75%6E%61%32%33%34%35" n1="%73%79%6C%76%65%6F%6E" n2="%E3%81%BB%E3%81%86%EF%BC%81" n3="%E3%81%B2%E3%81%90%E3%81%A1" dan="16,16,16,16" rate="2083.50,2126.96,2112.09,2141.45" sx="F,M,M,M"/><TAIKYOKU oya="0"/><INIT seed="0,0,0,2,5,51" ten="250,250,250,250" oya="0" hai0="5,39,21,124,22,79,24,93,119,54,96,26,111" hai1="42,115,90,3,76,33,58,107,63,29,4,118,50" hai2="102,28,72,18,103,19,112,61,133,53,81,73,109" hai3="129,87,117,66,32,114,128,20,78,31,2,123,1"/><T131/><D119/><U104/><E118/><V113/><F109/><W88/><G117/><T132/><D131/><U11/><E115/><V12/><F28/><W126/><G114/><T94/><D39/><U46/><E76/><V69/><F69/><W130/><G32/><T40/><D40/><U65/><E33/><V75/><F133/><W16/><G31/><T41/><D41/><U64/><E29/><V37/><F37/><W127/><G78/><T10/><D79/><U45/><E65/><V9/><F81/><N who="3" m="49263" /><G66/><T68/><D68/><U86/><REACH who="1" step="1"/><E45/><REACH who="1" ten="250,240,250,250" step="2"/><V98/><F113/><W121/><G126/><T13/><D124/><U95/><AGARI ba="0,1" hai="3,4,11,42,46,50,58,63,64,86,90,95,104,107" machi="95" ten="20,5200,0" yaku="1,1,2,1,0,1,7,1,53,0" doraHai="51" doraHaiUra="14" who="1" fromWho="1" sc="250,-26,240,62,250,-13,250,-13" /><INIT seed="1,0,0,1,1,94" ten="224,302,237,237" oya="1" hai0="42,41,95,100,54,46,130,1,128,105,52,78,70" hai1="96,88,131,117,101,45,62,90,44,7,67,122,60" hai2="12,33,22,79,81,77,91,107,85,73,113,114,36" hai3="2,58,49,0,103,124,21,102,120,43,19,23,89"/><U10/><E117/><V97/><F33/><W135/><G120/><T16/><D1/><U9/><E122/><V93/><F36/><W37/><G37/><T127/><D105/><U32/><E32/><V11/><F22/><W116/><G124/><T59/><D70/><U68/><E131/><N who="0" m="50217" /><D78/><U47/><E62/><V8/><F77/><W82/><G135/><T31/><D31/><U14/><REACH who="1" step="1"/><E10/><REACH who="1" ten="224,292,237,237" step="2"/><V48/><F8/><W84/><G116/><T99/><D127/><U5/><E5/><V71/><F114/><W121/><G121/><T92/><D41/><U98/><E98/><V51/><F113/><W15/><G21/><T26/><D42/><U56/><E56/><V6/><F71/><W38/><G43/><T35/><D59/><U17/><E17/><V108/><F108/><W18/><G19/><T29/><D16/><U69/><E69/><V76/><F6/><W125/><G125/><T63/><D63/><U28/><E28/><V126/><F126/><W27/><G58/><T109/><D109/><U61/><E61/><V64/><F11/><W123/><G18/><T3/><D29/><U34/><E34/><V24/><F97/><W115/><G123/><T111/><D35/><U53/><E53/><V80/><F64/><W86/><G115/><T133/><D54/><U75/><E75/><V13/><F73/><W134/><G23/><T39/><D111/><U72/><E72/><V57/><F57/><W118/><G118/><T87/><D52/><U104/><AGARI ba="0,1" hai="7,9,14,44,45,47,60,67,68,88,90,96,101,104" machi="104" ten="30,11700,0" yaku="1,1,0,1,52,1,54,1,53,0" doraHai="94" doraHaiUra="74" who="1" fromWho="1" sc="224,-39,292,127,237,-39,237,-39" /><INIT seed="1,1,0,0,2,61" ten="185,419,198,198" oya="1" hai0="62,23,11,95,119,57,76,6,36,27,60,31,94" hai1="86,38,24,33,133,67,126,47,9,48,116,30,46" hai2="52,55,106,44,13,56,58,50,78,117,3,28,111" hai3="37,114,32,91,2,0,105,21,80,125,120,65,107"/><U63/><E116/><V129/><F3/><W97/><G120/><T83/><D119/><U49/><E126/><V118/><F106/><W14/><G114/><T15/><D36/><U71/><E133/><V34/><F111/><W59/><G32/><T104/><D104/><U85/><E38/><V68/><F68/><W12/><G37/><T69/><D69/><U128/><E128/><V17/><F129/><W20/><G125/><T45/><D60/><U110/><E110/><V87/><F44/><W39/><G39/><T113/><D45/><U19/><E19/><V93/><F34/><W131/><G131/><T35/><D113/><U79/><E9/><V89/><F78/><W10/><G0/><T64/><REACH who="0" step="1"/><D35/><REACH who="0" ten="175,419,198,198" step="2"/><U7/><E47/><V51/><REACH who="2" step="1"/><F28/><REACH who="2" ten="175,419,188,198" step="2"/><W134/><G105/><T96/><D96/><U123/><E46/><V22/><AGARI ba="1,2" hai="13,17,22,50,51,52,55,56,58,87,89,93,117,118" machi="22" ten="20,16000,3" yaku="1,1,2,1,0,1,7,1,9,1,25,2,54,1,53,0" doraHai="61" doraHaiUra="122" who="2" fromWho="2" sc="175,-41,419,-81,188,183,198,-41" /><INIT seed="2,0,0,4,1,54" ten="134,338,371,157" oya="2" hai0="116,43,44,47,99,21,6,90,56,2,119,77,25" hai1="100,112,57,115,59,93,67,70,132,120,69,37,89" hai2="127,74,5,123,32,45,60,14,131,35,40,12,105" hai3="61,124,133,97,81,65,64,92,102,63,94,122,50"/><V114/><F114/><W66/><G122/><T96/><D77/><U23/><E37/><V98/><F74/><W36/><G36/><T31/><D2/><U19/><E100/><V62/><F123/><W46/><G124/><T49/><D6/><U86/><E120/><V134/><F134/><W48/><G133/><T17/><D31/><U20/><E132/><V71/><F131/><W0/><G0/><T78/><D78/><U55/><E67/><V108/><F127/><W3/><G3/><T26/><D26/><U68/><E23/><V91/><F91/><W29/><G29/><T10/><D10/><U13/><REACH who="1" step="1"/><E59/><REACH who="1" ten="134,328,371,157" step="2"/><V106/><F35/><W7/><G65/><T11/><D56/><U30/><E30/><V53/><F32/><W28/><G28/><T75/><D21/><U129/><E129/><V85/><F71/><W51/><G66/><T72/><D44/><U130/><E130/><V41/><F45/><W82/><G46/><T135/><D47/><U16/><E16/><V107/><F40/><W52/><G7/><T58/><D43/><U8/><E8/><V113/><F41/><W88/><G64/><T84/><D11/><U80/><E80/><N who="3" m="30826" /><G52/><N who="0" m="32015" /><D135/><U104/><E104/><V15/><F53/><W18/><G18/><T117/><D17/><U121/><E121/><V126/><F126/><W79/><G79/><T1/><D116/><U42/><E42/><V111/><F106/><W4/><G4/><T95/><D117/><U34/><E34/><V103/><F107/><W76/><G76/><T128/><D119/><U73/><E73/><V110/><F5/><RYUUKYOKU ba="0,1" sc="134,-15,328,15,371,-15,157,15" hai1="13,19,20,55,57,68,69,70,86,89,93,112,115" hai3="48,50,51,61,63,88,92,94,97,102" /><INIT seed="3,1,1,4,5,96" ten="119,343,356,172" oya="3" hai0="118,73,68,64,27,135,124,67,51,78,10,42,26" hai1="35,36,13,17,109,134,101,5,74,37,23,33,66" hai2="15,40,25,85,88,12,59,102,3,103,61,116,44" hai3="41,110,86,98,119,21,99,97,76,45,32,95,54"/><W123/><G32/><N who="1" m="12362" /><E74/><V24/><F3/><W105/><G119/><T71/><D124/><U65/><E5/><V4/><F116/><W90/><G123/><T1/><D118/><U107/><E13/><N who="2" m="5195" /><F4/><W22/><G110/><T14/><D135/><U43/><E17/><V112/><F112/><W106/><G76/><T34/><D1/><U56/><E23/><V93/><F44/><W127/><G127/><T81/><D68/><U104/><E56/><V19/><F40/><W62/><G105/><N who="1" m="40522" /><E43/><V122/><F122/><W57/><REACH who="3" step="1"/><G106/><REACH who="3" ten="119,343,356,162" step="2"/><T49/><D34/><U126/><E126/><V121/><F121/><W38/><AGARI ba="1,2" hai="21,22,38,41,45,54,57,62,86,90,95,97,98,99" machi="38" ten="30,11700,0" yaku="1,1,2,1,0,1,53,1" doraHai="96" doraHaiUra="53" who="3" fromWho="3" sc="119,-40,343,-40,356,-40,162,140" /><INIT seed="3,2,0,3,0,53" ten="79,303,316,302" oya="3" hai0="16,112,17,70,21,77,130,12,124,15,56,86,35" hai1="79,101,34,2,107,76,51,60,111,1,103,118,83" hai2="67,133,98,74,59,126,110,19,49,108,47,61,95" hai3="94,63,13,36,115,62,43,84,37,96,68,87,85"/><W38/><G43/><T116/><D116/><U58/><E34/><V90/><F126/><W81/><G115/><T54/><D124/><U0/><E118/><V46/><F74/><W27/><G13/><T91/><D130/><U132/><E111/><N who="2" m="42539" /><F133/><W104/><G104/><T5/><D112/><U105/><E132/><V52/><F19/><W117/><G117/><T78/><D35/><U50/><E2/><V89/><F90/><W127/><G127/><T39/><D70/><AGARI ba="2,0" hai="46,47,49,52,59,61,67,70,89,95,98" m="42539" machi="70" ten="30,3900,0" yaku="14,1,52,1,54,1" doraHai="53" who="2" fromWho="0" sc="79,-45,303,0,316,45,302,0" /><INIT seed="4,0,0,5,5,127" ten="34,303,361,302" oya="0" hai0="28,100,21,110,42,54,112,102,63,20,60,89,65" hai1="123,24,68,41,7,18,53,98,81,31,27,126,87" hai2="78,3,134,92,74,25,37,49,77,51,113,124,76" hai3="8,69,115,32,101,83,56,9,62,1,55,131,38"/><T88/><D112/><U5/><E123/><V35/><F37/><W79/><G115/><T71/><D110/><U50/><E68/><V73/><F3/><W135/><G32/><T116/><D116/><U99/><E126/><V130/><F124/><W48/><G135/><T47/><D100/><U70/><E70/><V67/><F92/><W36/><G101/><T52/><D102/><U129/><E41/><V84/><F84/><W43/><G1/><T103/><D103/><U82/><E18/><V80/><F67/><N who="3" m="41207" /><G131/><T108/><D108/><U75/><E75/><V2/><F78/><W34/><G36/><T94/><D60/><U11/><E87/><V44/><F2/><W125/><G34/><T39/><D89/><U30/><E50/><V19/><F134/><W58/><G58/><T40/><D40/><U13/><E53/><V106/><F106/><W90/><G90/><T12/><D20/><U133/><E13/><V105/><F105/><W16/><G16/><T95/><D95/><U45/><E45/><V120/><F120/><W109/><G109/><T86/><REACH who="0" step="1"/><D12/><REACH who="0" ten="24,303,361,302" step="2"/><U66/><E133/><V118/><F118/><W111/><G111/><T61/><D61/><U122/><E122/><V15/><F15/><W121/><G121/><T6/><D6/><U22/><E22/><V91/><F113/><W96/><G125/><T114/><D114/><U107/><E107/><V117/><F91/><W14/><G14/><T0/><D0/><U17/><E11/><V29/><F117/><W72/><G96/><T104/><D104/><U46/><E98/><V57/><F35/><RYUUKYOKU ba="0,1" sc="24,15,303,-15,361,-15,302,15" hai0="21,28,39,42,47,52,54,63,65,71,86,88,94" hai3="8,9,38,43,48,55,56,72,79,83" /><INIT seed="4,1,1,4,2,29" ten="39,288,346,317" oya="0" hai0="88,113,135,59,36,105,72,5,9,24,118,69,28" hai1="17,98,100,18,77,131,127,10,78,95,124,68,2" hai2="116,20,45,110,123,40,53,104,64,42,43,46,96" hai3="38,35,62,73,22,19,128,7,0,92,33,67,85"/><T114/><D118/><U65/><E131/><V34/><F34/><W51/><G73/><T60/><D135/><U52/><E2/><V37/><F110/><W133/><G38/><T81/><D105/><U6/><E68/><V106/><F123/><W86/><G128/><T1/><D36/><U107/><E65/><V130/><F130/><W108/><G108/><T4/><D5/><U129/><E129/><V71/><F40/><W23/><G133/><T39/><D39/><U70/><E70/><V82/><F43/><W21/><G19/><N who="1" m="7178" /><E107/><V47/><F47/><W50/><G7/><T91/><D69/><U119/><E119/><V122/><F20/><W74/><G74/><T125/><D125/><N who="1" m="48203" /><E10/><V56/><F122/><W57/><G0/><T27/><D27/><U66/><E66/><V112/><F116/><W134/><G134/><T76/><D113/><U15/><E15/><V83/><F112/><W111/><G111/><T126/><D114/><U31/><E31/><V121/><F121/><W3/><G3/><T99/><D99/><U94/><E6/><V13/><F13/><W120/><G120/><T48/><D48/><U63/><E95/><V8/><F106/><W109/><G109/><T26/><D126/><U132/><E132/><V44/><F71/><W89/><G85/><T32/><REACH who="0" step="1"/><D24/><REACH who="0" ten="29,288,346,317" step="2"/><U87/><E98/><V11/><F96/><W54/><G51/><T93/><D93/><U16/><E94/><V30/><F104/><W97/><G97/><T101/><D101/><U80/><E100/><V103/><F103/><W115/><G115/><T102/><D102/><RYUUKYOKU ba="1,2" sc="29,15,288,-15,346,-15,317,15" hai0="1,4,9,26,28,32,59,60,72,76,81,88,91" hai3="21,22,23,33,35,50,54,57,62,67,86,89,92" /><INIT seed="4,2,2,3,0,102" ten="44,273,331,332" oya="0" hai0="0,29,99,85,73,9,39,77,120,5,10,31,106" hai1="6,121,57,89,67,58,12,38,108,45,94,66,124" hai2="34,113,95,61,11,123,80,14,63,20,101,109,78" hai3="127,131,100,86,52,36,93,128,111,110,47,44,74"/><T7/><D120/><U98/><E108/><V60/><F34/><W134/><G74/><T125/><D125/><U71/><E121/><V24/><F109/><W22/><G127/><T76/><D39/><U46/><E124/><V126/><F126/><W83/><G47/><N who="1" m="17930" /><E71/><V105/><F105/><W75/><G75/><T97/><D73/><U107/><E107/><V21/><F113/><W8/><G134/><T3/><D85/><U42/><E42/><V65/><F123/><W96/><G22/><T88/><D88/><N who="1" m="55623" /><E38/><V17/><F20/><W122/><G8/><T4/><D7/><U32/><E89/><V1/><F1/><W18/><G18/><T54/><D54/><U81/><E81/><V62/><F80/><W119/><G119/><T84/><D84/><U103/><E103/><V64/><F78/><W53/><G122/><T40/><D40/><U132/><E32/><V33/><F63/><W90/><G53/><T27/><D27/><U26/><E26/><V28/><F33/><W104/><G83/><T72/><D72/><U55/><E132/><V112/><F112/><W23/><G36/><T129/><REACH who="0" step="1"/><D106/><REACH who="0" ten="34,273,331,332" step="2"/><U114/><E114/><V70/><F65/><N who="1" m="24585" /><E55/><V59/><F70/><W79/><G110/><T49/><D49/><U50/><E50/><V30/><F64/><W19/><G111/><T51/><D51/><U41/><E41/><V37/><F37/><W87/><G87/><T117/><D117/><U82/><E82/><V25/><F24/><N who="3" m="14463" /><G79/><T91/><D91/><U43/><E43/><V118/><F118/><W135/><G135/><T69/><D69/><RYUUKYOKU ba="2,3" sc="34,10,273,10,331,-30,332,10" hai0="0,3,4,5,9,10,29,31,76,77,97,99,129" hai1="6,12,57,58" hai3="44,52,86,90,93,96,100,104,128,131" /><INIT seed="4,3,3,5,5,67" ten="44,283,301,342" oya="0" hai0="51,108,135,82,95,87,11,99,113,4,72,129,56" hai1="125,2,68,71,45,46,80,57,86,3,123,47,81" hai2="29,73,1,39,62,48,33,100,25,36,30,59,12" hai3="91,90,13,53,79,9,115,26,35,130,31,118,16"/><T106/><D113/><U28/><E123/><V60/><F1/><N who="1" m="9" /><E57/><V119/><F73/><W23/><G118/><T107/><D135/><U112/><E86/><V116/><F100/><W15/><G115/><T37/><D129/><U58/><E112/><V49/><F12/><W111/><G130/><T75/><D37/><N who="2" m="14410" /><F30/><W0/><G111/><T77/><D108/><U105/><E58/><V133/><F133/><W101/><G101/><T19/><D19/><U114/><E114/><V120/><F120/><W50/><G79/><T122/><D122/><U32/><E28/><V94/><F94/><W38/><G38/><T22/><D22/><U97/><E97/><V78/><F78/><W85/><G85/><T131/><D131/><U102/><E102/><V74/><F74/><W126/><G126/><T17/><D17/><U88/><E88/><V109/><F62/><W44/><G15/><N who="0" m="5607" /><D72/><U70/><E32/><V96/><F96/><W10/><G10/><T128/><D128/><U110/><E110/><V127/><F127/><W63/><G63/><T132/><D132/><U64/><E125/><V6/><F6/><AGARI ba="3,3" hai="0,6,9,13,16,23,26,31,35,44,50,53,90,91" machi="6" ten="40,5200,0" yaku="24,2,54,1" doraHai="67" who="3" fromWho="2" sc="44,0,283,0,301,-61,342,91" /><INIT seed="5,0,0,2,2,130" ten="44,283,240,433" oya="1" hai0="132,9,30,79,64,107,12,31,81,86,91,28,57" hai1="16,99,27,34,41,115,127,48,78,25,45,126,52" hai2="33,87,23,82,111,10,20,43,119,5,113,93,65" hai3="61,67,92,98,44,131,69,38,53,17,49,96,72"/><U47/><E115/><V6/><F33/><W83/><G131/><T68/><D68/><U59/><E78/><V90/><F111/><W60/><G60/><T63/><D107/><U102/><E47/><V13/><F113/><W112/><G112/><T8/><D132/><U75/><E75/><V70/><F5/><W37/><G96/><T76/><REACH who="0" step="1"/><D8/><REACH who="0" ten="34,283,240,433" step="2"/><U103/><E126/><V101/><F70/><W46/><G69/><T73/><D73/><U128/><E127/><V35/><F10/><W129/><G72/><T97/><D97/><U110/><E99/><V80/><F87/><W117/><G98/><T116/><D116/><U77/><E128/><V58/><F119/><W66/><G117/><T26/><D26/><U95/><E27/><V134/><F134/><W39/><G129/><T7/><AGARI ba="0,1" hai="7,9,12,28,30,31,57,63,64,76,79,81,86,91" machi="7" ten="30,4000,0" yaku="1,1,0,1,8,1,53,0" doraHai="130" doraHaiUra="105" who="0" fromWho="0" sc="34,50,283,-20,240,-10,433,-10" /><INIT seed="6,0,0,4,1,75" ten="84,263,230,423" oya="2" hai0="40,96,61,102,31,97,50,113,132,114,14,121,41" hai1="70,52,18,72,85,116,65,30,49,22,64,109,11" hai2="39,95,122,44,21,29,38,104,45,120,32,28,83" hai3="115,130,126,36,112,48,91,88,108,82,127,73,117"/><V25/><F104/><W51/><G36/><T24/><D121/><U123/><E109/><V60/><F95/><W77/><G108/><T80/><D132/><U9/><E116/><V87/><F60/><W111/><G111/><T76/><D61/><U133/><E72/><V86/><F83/><W69/><G69/><T98/><D102/><U81/><E133/><V23/><F25/><W62/><G117/><T128/><D128/><U135/><E135/><V7/><F7/><W12/><G12/><T34/><D14/><N who="1" m="9559" /><E30/><V100/><F100/><W2/><G2/><T58/><D58/><N who="1" m="33039" /><E70/><V19/><F19/><W90/><G130/><T84/><REACH who="0" step="1"/><D50/><REACH who="0" ten="74,263,230,423" step="2"/><U99/><E123/><V74/><F122/><W5/><G62/><T107/><D107/><U124/><E124/><V63/><F63/><W66/><G48/><T15/><D15/><U55/><E65/><V57/><F120/><W93/><G51/><T110/><D110/><U105/><E64/><V71/><F71/><W103/><G66/><T3/><D3/><U131/><E131/><V67/><F67/><W47/><G126/><T68/><D68/><U35/><E105/><V118/><F57/><W27/><G127/><T129/><D129/><U20/><E9/><V26/><F118/><W59/><G59/><T119/><D119/><U106/><E11/><V46/><F38/><W13/><G13/><T1/><D1/><U0/><E0/><V78/><F39/><W6/><G103/><T16/><D16/><U89/><E106/><V4/><F44/><W53/><G47/><T92/><D92/><U8/><E8/><RYUUKYOKU ba="0,1" sc="74,30,263,-10,230,-10,423,-10" hai0="24,31,34,40,41,76,80,84,96,97,98,113,114" /><INIT seed="7,1,1,0,3,26" ten="104,253,220,413" oya="3" hai0="44,132,91,2,100,117,17,97,109,65,71,45,24" hai1="67,59,111,7,90,99,121,52,95,92,4,115,72" hai2="107,58,102,15,48,49,84,11,105,34,73,108,6" hai3="70,79,88,22,89,30,57,134,69,8,80,66,41"/><W131/><G131/><T61/><D132/><U36/><E111/><V98/><F73/><W112/><G41/><T113/><D117/><U14/><E121/><V128/><F108/><W53/><G112/><T68/><D109/><U50/><E72/><V106/><F34/><W86/><G66/><T13/><D2/><U1/><E1/><V87/><F128/><W76/><G8/><T93/><D113/><U123/><E36/><V33/><F33/><W56/><G86/><T103/><D68/><U20/><E123/><V96/><F58/><W126/><G80/><T29/><D91/><N who="1" m="55711" /><E115/><V51/><F107/><W77/><G53/><T83/><D83/><U114/><E114/><V124/><F124/><W54/><G54/><T35/><D100/><AGARI ba="1,1" hai="6,11,15,48,49,51,84,87,96,98,100,102,105,106" machi="100" ten="40,1300,0" yaku="9,1" doraHai="26" who="2" fromWho="0" sc="104,-16,253,0,220,26,413,0" owari="88,-41.2,253,5.3,246,-15.4,413,51.3" /></mjloggm>