<mjloggm ver="2.3"><GO type="169" lobby="0"/><UN n0="%68%61%6B%75%30%37" n1="%E3%81%B3%E3%82%8A%E3%81%B3%E3%82%8A%E2%98%86%E3%83%93%E3%83%AA%E3%83%BC" n2="%E5%9B%BD%E7%8E%8B" n3="%E3%83%AB%E3%83%89%E3%82%A6%E3%82%A3%E3%83%83%E3%82%B0" dan="18,16,17,16" rate="2189.50,2146.19,2170.01,2125.26" sx="M,M,M,M"/><TAIKYOKU oya="0"/><INIT seed="0,0,0,3,2,1" ten="250,250,250,250" oya="0" hai0="113,53,62,52,97,51,71,2,32,128,47,100,24" hai1="56,115,108,11,125,9,74,112,7,55,117,105,76" hai2="36,96,65,70,6,19,94,104,59,10,132,35,34" hai3="80,27,123,72,50,118,91,67,68,5,64,38,30"/><T88/><D113/><N who="1" m="43595" /><E117/><V14/><F36/><W0/><G38/><T21/><D128/><U77/><E105/><V57/><F104/><W106/><G106/><T41/><D32/><U22/><E108/><V122/><F132/><W29/><G29/><T12/><D2/><N who="1" m="247" /><E74/><V90/><F122/><W95/><G118/><T110/><D110/><U48/><E125/><V86/><F70/><W107/><G107/><T25/><D100/><U20/><E11/><V121/><F121/><W116/><G123/><T15/><D71/><U18/><E22/><V40/><F40/><W93/><G68/><T46/><D62/><U124/><E124/><V119/><F119/><W109/><G109/><T26/><D21/><U37/><E37/><V69/><F69/><W102/><G102/><T84/><D97/><U8/><E8/><V23/><F96/><W73/><G50/><N who="0" m="28759" /><D41/><U54/><E54/><V83/><F94/><AGARI ba="0,0" hai="12,15,24,25,26,47,51,53,84,88,94" m="28759" machi="94" ten="30,5800,0" yaku="8,1,54,2" doraHai="1" who="0" fromWho="2" sc="250,58,250,0,250,-58,250,0" /><INIT seed="0,1,0,5,0,95" ten="308,250,192,250" oya="0" hai0="68,21,36,47,24,54,12,131,51,13,104,45,66" hai1="28,35,119,15,126,122,77,87,89,61,121,43,53" hai2="74,100,83,134,91,7,34,39,59,14,118,81,38" hai3="135,133,11,84,97,20,8,19,56,57,80,6,2"/><T40/><D131/><U128/><E119/><V37/><F134/><W48/><G11/><T32/><D32/><U67/><E128/><V64/><F34/><W82/><G82/><T30/><REACH who="0" step="1"/><D104/><REACH who="0" ten="298,250,192,250" step="2"/><U76/><E35/><V9/><F118/><W3/><G135/><T78/><D78/><U29/><E77/><V92/><F74/><W125/><G133/><T124/><D124/><U94/><E76/><V132/><F132/><W117/><G125/><T101/><D101/><U10/><E126/><V90/><F100/><W44/><G117/><T5/><D5/><U49/><E122/><V55/><F91/><W113/><G113/><T25/><D25/><U17/><E121/><V58/><F90/><W50/><G6/><T4/><D4/><U127/><E127/><V129/><F129/><W86/><G3/><T0/><D0/><U107/><E107/><V16/><F7/><W114/><G2/><T102/><D102/><U31/><E43/><V60/><REACH who="2" step="1"/><F92/><REACH who="2" ten="298,250,182,250" step="2"/><W63/><G114/><T46/><D46/><U106/><E106/><V23/><F23/><W33/><G33/><T73/><D73/><U69/><REACH who="1" step="1"/><E31/><REACH who="1" ten="298,240,182,250" step="2"/><V42/><F42/><W103/><G20/><T109/><D109/><U79/><E79/><V22/><F22/><W99/><G8/><T115/><D115/><U1/><E1/><V65/><F65/><W112/><G112/><T27/><D27/><U98/><E98/><V62/><AGARI ba="1,3" hai="9,14,16,37,38,39,55,58,59,60,62,64,81,83" machi="62" ten="40,5200,0" yaku="1,1,0,1,54,1,53,0" doraHai="95" doraHaiUra="72" who="2" fromWho="2" sc="298,-27,240,-14,182,85,250,-14" /><INIT seed="1,0,0,5,1,97" ten="271,226,267,236" oya="1" hai0="130,45,128,121,36,83,108,68,5,124,105,28,74" hai1="82,33,99,70,111,41,49,38,12,17,112,61,76" hai2="24,86,4,3,2,18,114,94,43,58,55,27,107" hai3="80,115,51,16,50,116,84,21,135,35,123,71,134"/><U15/><E112/><V64/><F107/><W26/><G123/><T104/><D28/><U6/><E33/><V131/><F131/><W30/><G71/><T102/><D68/><U113/><E113/><V100/><F43/><W54/><G115/><T22/><D22/><U118/><E118/><V127/><F127/><W109/><G109/><T96/><D5/><U7/><E38/><V90/><F64/><W79/><G116/><T92/><D45/><U46/><E111/><V110/><F110/><W67/><G67/><T48/><D48/><U66/><E99/><V88/><F90/><W125/><G125/><T14/><D14/><U119/><E15/><V40/><F40/><W44/><REACH who="3" step="1"/><G51/><REACH who="3" ten="271,226,267,226" step="2"/><T98/><D108/><U19/><E119/><V29/><F114/><W57/><G57/><T0/><D124/><U65/><E65/><V93/><F58/><W8/><G8/><T73/><D121/><U10/><REACH who="1" step="1"/><E7/><REACH who="1" ten="271,216,267,226" step="2"/><V75/><F4/><W9/><G9/><T81/><D130/><U122/><E122/><V37/><F37/><W87/><G87/><AGARI ba="0,2" hai="6,10,12,17,19,41,46,49,61,66,70,76,82,87" machi="87" ten="30,11600,0" yaku="1,1,7,1,25,2,53,0" doraHai="97" doraHaiUra="52" who="1" fromWho="3" sc="271,0,216,136,267,0,226,-116" /><INIT seed="1,1,0,5,4,47" ten="271,352,267,110" oya="1" hai0="135,36,83,15,90,58,78,31,131,124,125,16,129" hai1="18,12,10,70,25,96,126,95,74,21,61,30,133" hai2="34,45,113,28,71,1,11,99,64,8,117,65,105" hai3="80,98,110,4,91,46,27,132,92,19,44,66,29"/><U75/><E133/><V87/><F117/><W37/><G110/><T17/><D36/><U111/><E111/><V116/><F116/><W68/><G132/><T49/><D31/><U93/><E126/><N who="0" m="48745" /><D90/><U97/><E70/><V41/><F87/><W69/><G4/><T73/><D135/><U54/><E61/><N who="2" m="40335" /><F65/><W104/><G19/><N who="0" m="7243" /><D15/><U6/><E54/><AGARI ba="1,0" hai="49,54,58,73,78,83,129,131" m="7243,48745" machi="54" ten="30,3900,0" yaku="18,1,52,1,54,1" doraHai="47" who="0" fromWho="1" sc="271,42,352,-42,267,0,110,0" /><INIT seed="2,0,0,3,3,114" ten="313,310,267,110" oya="2" hai0="0,135,10,115,110,55,86,76,78,116,2,133,98" hai1="113,4,130,29,112,45,5,51,1,15,8,90,53" hai2="124,96,131,60,121,47,57,44,104,49,20,88,92" hai3="100,108,75,66,19,68,95,6,82,58,105,52,22"/><V54/><F131/><W32/><G32/><T62/><D115/><U65/><E130/><V39/><F124/><W67/><G105/><T64/><D110/><U97/><E29/><V74/><F74/><W79/><G68/><T23/><D55/><U91/><E113/><V36/><F121/><W42/><G108/><T122/><D122/><U87/><E112/><V123/><F47/><W117/><G6/><T132/><D10/><U101/><E65/><V35/><F35/><W46/><G100/><T81/><D98/><U34/><E34/><V72/><F72/><W9/><G9/><T26/><D76/><U71/><E71/><V83/><F104/><W59/><G59/><T109/><D109/><U93/><E1/><V63/><F83/><W94/><G67/><T119/><D0/><U70/><E70/><V84/><F84/><W40/><G66/><T128/><D2/><U50/><E50/><V21/><F63/><W43/><G46/><T13/><D13/><U14/><E87/><V16/><F20/><W61/><REACH who="3" step="1"/><G117/><REACH who="3" ten="313,310,267,100" step="2"/><T17/><D128/><U11/><AGARI ba="0,1" hai="4,5,8,11,14,15,45,51,53,90,91,93,97,101" machi="11" ten="30,4000,0" yaku="0,1,9,1,8,1" doraHai="114" who="1" fromWho="1" sc="313,-10,310,50,267,-20,100,-10" /><INIT seed="3,0,0,3,3,48" ten="303,360,247,90" oya="3" hai0="134,46,111,103,92,107,83,125,45,15,63,3,72" hai1="110,59,27,21,81,24,20,108,102,97,41,16,6" hai2="9,100,55,74,67,77,73,56,13,2,60,14,130" hai3="31,115,37,87,38,5,44,25,12,8,1,89,124"/><W123/><G115/><T54/><D3/><U85/><E6/><V70/><F130/><W133/><G123/><T30/><D107/><U35/><E35/><V126/><F126/><W61/><G124/><T98/><D125/><U112/><E112/><V75/><F100/><W52/><G133/><T109/><D30/><U99/><E41/><V127/><F127/><W129/><G129/><T69/><D134/><U118/><E118/><V47/><F47/><W28/><G1/><T88/><D15/><U84/><E59/><V132/><F132/><W96/><G96/><T62/><D69/><U128/><E128/><V33/><F33/><W40/><G37/><T42/><D45/><U19/><E102/><V26/><F26/><W104/><G104/><T10/><D10/><U18/><E18/><V50/><F77/><W29/><G25/><T17/><D17/><U4/><E4/><V78/><F78/><W0/><G0/><T23/><D23/><U93/><E93/><V11/><F2/><W120/><G120/><T119/><D119/><U57/><E57/><V79/><F79/><W116/><G116/><T91/><D72/><U86/><E85/><V117/><F117/><W114/><G114/><T43/><D43/><U64/><E64/><V95/><F95/><N who="3" m="54719" /><G31/><T32/><D32/><U101/><E101/><V68/><F70/><W51/><G38/><N who="0" m="21847" /><D83/><AGARI ba="0,0" hai="16,19,20,21,24,27,81,83,84,86,97,99,108,110" machi="83" ten="25,3200,0" yaku="22,2,54,1" doraHai="48" who="1" fromWho="0" sc="303,-32,360,32,247,0,90,0" /><INIT seed="4,0,0,0,0,112" ten="271,392,247,90" oya="0" hai0="89,126,130,36,62,69,17,110,123,122,65,111,74" hai1="33,135,58,53,109,98,99,52,9,40,23,84,88" hai2="38,19,55,132,12,10,85,83,71,32,21,117,104" hai3="27,106,30,67,60,28,115,1,20,87,16,92,31"/><T100/><D74/><U86/><E109/><N who="0" m="41481" /><D100/><U46/><E33/><V25/><F104/><W6/><G106/><T94/><D17/><U80/><E135/><V14/><F71/><W2/><G115/><T103/><D103/><U75/><E75/><V7/><F38/><W56/><G6/><T129/><D89/><N who="1" m="51335" /><E9/><V29/><F132/><W18/><G2/><T15/><D15/><U11/><E11/><V50/><F117/><W95/><G1/><T124/><D94/><N who="1" m="54551" /><E23/><V81/><REACH who="2" step="1"/><F85/><REACH who="2" ten="271,392,237,90" step="2"/><W48/><G87/><T125/><D36/><U42/><E99/><V3/><F3/><W96/><G96/><T72/><D72/><U43/><E98/><V76/><F76/><W47/><REACH who="3" step="1"/><G18/><REACH who="3" ten="271,392,237,80" step="2"/><T121/><AGARI ba="0,2" hai="62,65,69,121,122,123,124,125,126,129,130" m="41481" machi="121" ten="50,12000,1" yaku="18,1,10,1,23,1,34,2" doraHai="112" who="0" fromWho="0" sc="271,140,392,-40,237,-40,80,-40" /><INIT seed="4,1,0,0,3,134" ten="411,352,197,40" oya="0" hai0="38,125,70,24,124,83,14,90,103,64,96,74,7" hai1="42,22,113,132,117,120,121,126,57,101,129,88,34" hai2="104,99,15,28,65,23,26,118,108,86,100,85,76" hai3="52,53,97,35,60,135,69,33,130,87,56,127,11"/><T5/><D38/><U59/><E34/><V107/><F108/><W18/><G135/><T114/><D114/><U2/><E132/><V3/><F3/><W55/><G69/><T119/><D119/><U32/><E32/><V81/><F118/><W16/><G130/><T13/><D24/><U46/><E2/><V4/><F65/><W78/><G97/><T29/><D29/><U84/><E117/><V75/><F104/><W20/><G127/><N who="0" m="48715" /><D64/><U77/><E129/><V105/><F107/><W80/><G35/><T12/><D70/><U9/><E113/><V63/><F63/><W98/><G33/><T58/><D58/><U50/><E59/><V62/><F62/><W79/><G79/><N who="0" m="44535" /><D90/><U106/><E57/><V71/><F71/><W44/><G98/><T43/><D43/><U6/><E42/><V112/><F112/><W94/><G44/><T93/><AGARI ba="1,0" hai="5,7,12,13,14,93,96,103" m="44535,48715" machi="93" ten="30,11700,0" yaku="18,1,52,3" doraHai="134" who="0" fromWho="0" sc="411,120,352,-40,197,-40,40,-40" /><INIT seed="4,2,0,2,2,111" ten="531,312,157,0" oya="0" hai0="83,122,0,99,1,29,33,103,125,65,66,28,89" hai1="100,95,73,58,49,60,86,72,18,74,113,96,130" hai2="109,71,97,12,62,17,104,94,134,93,126,50,106" hai3="108,105,44,52,80,57,63,119,82,45,11,3,131"/><T10/><D122/><U32/><E130/><V56/><F109/><W127/><G108/><T41/><D41/><U40/><E32/><V16/><F134/><W37/><G119/><T35/><D89/><U123/><E123/><V23/><F71/><W31/><G105/><T121/><D83/><U15/><E86/><V61/><F94/><W39/><G131/><T70/><D121/><U78/><E113/><V14/><F50/><W38/><G31/><T76/><D76/><U90/><E78/><V55/><F61/><W110/><G110/><T92/><D125/><U87/><E49/><V88/><REACH who="2" step="1"/><F126/><REACH who="2" ten="531,312,147,0" step="2"/><W102/><G127/><T2/><D92/><U51/><E51/><V4/><F4/><W79/><G102/><T6/><D103/><U5/><E5/><V53/><F53/><W128/><G128/><T42/><D70/><U68/><E68/><V22/><AGARI ba="2,1" hai="12,14,16,17,22,23,55,56,62,88,93,97,104,106" machi="22" ten="20,12000,2" yaku="1,1,0,1,7,1,9,1,54,2,53,0" doraHai="111" doraHaiUra="46" who="2" fromWho="2" sc="531,-62,312,-32,147,136,0,-32" owari="469,56.9,280,-12.0,283,8.3,-32,-53.2" /></mjloggm>