<mjloggm ver="2.3"><GO type="169" lobby="0"/><UN n0="%E3%81%86%E3%81%A1%E3%83%BC" n1="%74%34%63%34%32%32" n2="%E5%B3%B6%E7%94%B0%E7%9C%9F%E5%A4%A2" n3="%28%E9%83%A8%E9%95%B7%29" dan="16,16,16,16" rate="2162.26,2121.35,2162.25,2124.29" sx="M,M,F,M"/><TAIKYOKU oya="0"/><INIT seed="0,0,0,3,4,75" ten="250,250,250,250" oya="0" hai0="36,39,135,121,101,23,64,3,33,31,124,1,65" hai1="55,62,63,122,35,60,66,80,87,86,83,29,37" hai2="34,73,105,132,5,70,12,89,9,133,88,85,84" hai3="11,109,10,25,126,49,7,4,116,97,19,43,110"/><T59/><D121/><U112/><E122/><V102/><F70/><W53/><G43/><T94/><D33/><U40/><E112/><V131/><F34/><W8/><G116/><T129/><D129/><U106/><E106/><V13/><F73/><W107/><G107/><T56/><D124/><U99/><E99/><V38/><F38/><W90/><G97/><N who="0" m="59575" /><D59/><U47/><E55/><V117/><F117/><W46/><G90/><N who="2" m="34921" /><F131/><W50/><G126/><T51/><D51/><U93/><E93/><V78/><F105/><W17/><G49/><T69/><D69/><U27/><E66/><V95/><F102/><W30/><G46/><T15/><D65/><U128/><E128/><V67/><F67/><W61/><G50/><T130/><D130/><U21/><E35/><V108/><F95/><W57/><G109/><T52/><D64/><U81/><AGARI ba="0,0" hai="21,27,29,37,40,47,60,62,63,80,81,83,86,87" machi="81" ten="30,1100,0" yaku="0,1" doraHai="75" who="1" fromWho="1" sc="250,-5,250,11,250,-3,250,-3" /><INIT seed="1,0,0,0,3,82" ten="245,261,247,247" oya="1" hai0="115,73,64,71,84,39,75,90,37,123,27,124,38" hai1="102,120,94,65,105,2,31,134,76,110,5,87,33" hai2="68,21,25,51,55,131,121,116,12,130,14,36,70" hai3="129,4,57,117,11,45,10,17,34,9,100,106,50"/><U23/><E120/><V20/><F121/><W66/><G34/><T113/><D123/><U26/><E134/><V28/><F116/><W54/><G129/><N who="2" m="49161" /><F36/><W97/><G117/><T125/><D27/><U101/><E105/><V32/><F32/><W103/><G103/><T119/><D119/><U72/><E72/><V78/><F78/><W111/><G111/><T126/><D64/><U3/><E110/><V29/><F20/><W49/><G17/><T30/><D71/><N who="2" m="27178" /><F28/><W132/><G132/><T114/><D30/><U127/><E127/><V42/><F42/><W13/><REACH who="3" step="1"/><G66/><REACH who="3" ten="245,261,247,237" step="2"/><T85/><D90/><U7/><E33/><V98/><F98/><W135/><G135/><T133/><D133/><U95/><E65/><V48/><F48/><W35/><G35/><T47/><D47/><AGARI ba="0,1" hai="12,14,21,25,29,47,51,55" m="27178,49161" machi="47" ten="30,1000,0" yaku="19,1" doraHai="82" who="2" fromWho="0" sc="245,-10,261,0,247,20,237,0" /><INIT seed="2,0,0,1,3,71" ten="235,261,267,237" oya="2" hai0="68,23,130,132,15,40,20,0,42,32,1,50,30" hai1="81,126,61,34,52,29,65,87,56,106,27,103,131" hai2="78,66,47,4,21,12,109,117,35,84,94,28,69" hai3="31,43,46,59,60,104,14,13,115,9,7,93,70"/><V24/><F117/><W127/><G104/><T100/><D68/><U64/><E131/><V134/><F134/><W114/><G70/><T3/><D100/><U113/><E113/><N who="3" m="43018" /><G31/><T124/><D50/><U37/><E126/><V108/><F47/><W53/><G93/><T36/><D132/><U101/><E37/><V86/><F69/><W22/><G22/><T88/><D124/><U62/><E106/><V110/><F66/><W119/><G119/><T57/><D57/><U26/><E26/><V41/><F41/><W121/><G121/><T91/><D36/><U8/><E8/><N who="2" m="4103" /><F78/><W122/><G122/><T18/><D130/><U67/><REACH who="1" step="1"/><E62/><REACH who="1" ten="235,251,267,237" step="2"/><V116/><F116/><W72/><G127/><T83/><D3/><U5/><E5/><V49/><F49/><N who="3" m="26847" /><G72/><T11/><D1/><AGARI ba="0,1" hai="1,7,9,13,14,53,59,60" m="26847,43018" machi="1" ten="30,1000,0" yaku="11,1" doraHai="71" who="3" fromWho="0" sc="235,-10,251,0,267,0,237,20" /><INIT seed="3,0,0,1,1,28" ten="225,251,267,257" oya="3" hai0="26,37,44,59,110,128,124,75,66,132,77,126,71" hai1="47,106,82,10,61,117,43,46,121,57,56,103,25" hai2="0,6,67,12,48,62,27,31,99,69,14,17,20" hai3="119,19,54,107,65,42,38,13,135,30,16,115,133"/><W39/><G115/><T64/><D77/><U79/><E121/><V45/><F99/><W87/><G107/><T4/><D75/><U100/><E117/><V50/><F0/><W129/><G119/><T23/><D4/><U52/><E57/><V83/><F83/><W111/><G65/><T60/><D110/><U55/><E55/><V1/><F45/><W127/><G127/><N who="0" m="48683" /><D23/><U53/><E53/><V40/><F40/><W97/><G129/><T108/><D26/><U80/><E80/><V35/><F12/><W88/><G97/><T116/><D108/><U8/><E47/><V68/><F69/><W102/><G102/><T86/><D86/><U130/><E130/><V125/><F125/><W33/><G54/><T109/><D109/><U24/><E24/><V94/><F94/><N who="3" m="54559" /><G19/><T2/><D2/><U78/><E106/><V131/><F131/><W3/><G3/><T112/><D66/><U32/><E79/><V101/><F101/><W63/><G42/><N who="0" m="22607" /><D116/><U134/><E103/><V122/><F122/><W113/><G38/><T91/><D128/><U120/><E100/><V9/><AGARI ba="0,0" hai="1,6,9,14,17,20,27,31,35,48,50,62,67,68" machi="9" ten="30,7900,0" yaku="0,1,24,2,52,1" doraHai="28" who="2" fromWho="2" sc="225,-20,251,-20,267,79,257,-39" /><INIT seed="4,0,0,4,1,111" ten="205,231,346,218" oya="0" hai0="26,47,52,34,28,41,93,55,100,63,27,88,123" hai1="18,43,85,7,57,79,131,25,22,68,70,1,97" hai2="98,14,101,115,36,45,51,129,69,62,80,66,38" hai3="99,86,46,113,31,83,59,15,124,53,114,44,112"/><T71/><D123/><U82/><E131/><V81/><F129/><W118/><G118/><T56/><D71/><U6/><E43/><V37/><F115/><W78/><G124/><T13/><D26/><U4/><E1/><V65/><F65/><W90/><G31/><T74/><D74/><U87/><E97/><V5/><F14/><W75/><G15/><T130/><D130/><U92/><E57/><V110/><F5/><W122/><G99/><T121/><D121/><U135/><E135/><V116/><F110/><W89/><G122/><T127/><D127/><U125/><E125/><V94/><REACH who="2" step="1"/><F116/><REACH who="2" ten="205,231,336,218" step="2"/><W3/><G3/><T117/><D117/><U17/><E4/><V54/><AGARI ba="0,1" hai="36,37,38,45,51,54,62,66,69,80,81,94,98,101" machi="54" ten="30,4000,0" yaku="1,1,2,1,0,1,53,0" doraHai="111" doraHaiUra="120" who="2" fromWho="2" sc="205,-20,231,-10,336,50,218,-10" /><INIT seed="5,0,0,3,1,126" ten="185,221,386,208" oya="1" hai0="120,78,24,17,101,39,85,89,118,65,51,83,91" hai1="49,93,112,87,108,116,95,79,22,72,38,19,15" hai2="131,37,71,31,128,55,36,69,27,114,3,46,13" hai3="75,18,80,35,92,115,102,98,125,96,122,53,67"/><U106/><E38/><V44/><F114/><W60/><G122/><T74/><D39/><N who="2" m="14922" /><F13/><W28/><G125/><T110/><D120/><U81/><E116/><V107/><F3/><W133/><G133/><T94/><D110/><U113/><E106/><V62/><F107/><W73/><G115/><N who="1" m="44106" /><E108/><V47/><F27/><W86/><G53/><T58/><D101/><U135/><E135/><V134/><F31/><W14/><G96/><T129/><D118/><U66/><E66/><N who="2" m="41175" /><F134/><W77/><G28/><T32/><D89/><N who="1" m="53439" /><E49/><N who="2" m="29095" /><F71/><W76/><G35/><T54/><D32/><U132/><E132/><V121/><F121/><W109/><G109/><T1/><D1/><U20/><E95/><V43/><F43/><W5/><G5/><T97/><D74/><U2/><E2/><V21/><F21/><AGARI ba="0,0" hai="15,19,20,21,22,72,79,81" m="53439,44106" machi="21" ten="30,1500,0" yaku="15,1" doraHai="126" who="1" fromWho="2" sc="185,0,221,15,386,-15,208,0" /><INIT seed="5,1,0,5,0,78" ten="185,236,371,208" oya="1" hai0="88,4,81,109,87,102,44,117,126,72,66,51,94" hai1="125,53,133,76,22,62,25,128,17,19,12,95,26" hai2="30,6,13,93,18,45,98,23,55,116,27,56,2" hai3="29,10,106,129,43,57,7,103,50,112,107,91,3"/><U58/><E128/><V80/><F116/><W114/><G129/><T74/><D117/><U89/><E133/><V100/><F45/><N who="3" m="25919" /><G29/><T32/><D126/><U0/><E0/><V90/><F2/><W69/><G69/><T135/><D135/><U68/><E125/><V16/><F6/><W34/><G34/><T85/><D32/><U5/><E76/><V83/><F100/><W38/><G38/><T79/><D109/><U110/><E68/><V127/><F127/><W49/><G103/><T67/><D4/><U101/><E101/><V119/><F119/><W120/><G120/><T1/><D1/><U113/><E110/><V14/><F14/><W75/><G75/><T132/><D132/><U108/><E108/><V8/><F30/><W105/><G91/><T92/><D74/><U36/><E36/><V134/><F134/><W82/><G57/><T97/><REACH who="0" step="1"/><D72/><REACH who="0" ten="175,236,371,208" step="2"/><U70/><E5/><V28/><REACH who="2" step="1"/><F28/><REACH who="2" ten="175,236,361,208" step="2"/><W54/><G7/><T41/><AGARI ba="1,2" hai="41,44,51,66,67,79,81,85,87,88,92,94,97,102" machi="41" ten="20,16000,3" yaku="1,1,2,1,0,1,7,1,8,1,52,1,54,1,53,1" doraHai="78" doraHaiUra="39" who="0" fromWho="0" sc="175,183,236,-81,361,-41,208,-41" /><INIT seed="6,0,0,4,4,124" ten="358,155,320,167" oya="2" hai0="132,114,97,6,106,57,107,65,46,134,0,113,12" hai1="45,20,128,75,10,81,121,131,102,50,127,133,44" hai2="53,31,15,120,24,116,69,103,40,98,37,19,117" hai3="33,78,63,90,48,49,26,41,70,43,94,79,9"/><V23/><F120/><W32/><G9/><N who="0" m="4151" /><D0/><U13/><E127/><V39/><F69/><W89/><G70/><T115/><D46/><U68/><E121/><V72/><F72/><W108/><G63/><N who="0" m="38127" /><D97/><U28/><E68/><V109/><F109/><W111/><G26/><T118/><D118/><U93/><E133/><AGARI ba="0,0" hai="106,107,113,114,115,132,133,134" m="38127,4151" machi="133" ten="40,2600,0" yaku="15,1,20,1" doraHai="124" who="0" fromWho="1" sc="358,26,155,-26,320,0,167,0" /><INIT seed="7,0,0,2,2,82" ten="384,129,320,167" oya="3" hai0="127,73,13,97,29,38,58,28,0,17,72,42,6" hai1="39,61,77,32,105,79,1,68,40,118,22,21,100" hai2="25,63,113,90,123,107,36,78,106,110,86,8,49" hai3="76,122,30,92,53,70,101,112,14,116,4,117,102"/><W27/><G70/><T74/><D127/><U15/><E32/><V47/><F110/><W55/><G122/><T11/><D97/><U88/><E1/><V65/><F36/><W5/><G76/><T12/><D12/><U131/><E131/><V24/><F113/><W43/><G112/><T2/><D2/><U81/><E118/><V37/><F37/><W109/><G43/><T18/><D18/><U54/><E100/><V26/><F78/><N who="1" m="29705" /><E68/><V85/><F123/><W130/><G130/><T103/><D103/><N who="3" m="39433" /><G92/><T69/><D58/><N who="1" m="35031" /><E39/><V119/><F119/><N who="3" m="45643" /><G14/><T132/><D69/><U135/><E105/><V108/><F106/><W48/><G109/><T124/><D124/><U128/><E128/><V41/><F107/><W57/><G57/><T9/><D132/><U3/><E3/><V34/><F108/><W125/><G125/><T120/><D120/><U56/><E40/><V50/><F34/><W10/><G10/><T59/><D59/><U95/><E81/><V16/><F8/><W104/><G104/><T94/><D42/><U93/><E135/><V129/><F129/><W60/><G60/><T71/><D71/><U44/><E44/><V51/><F63/><W35/><G55/><T52/><D52/><U115/><E115/><V7/><F47/><W89/><G89/><T121/><D121/><U133/><E133/><V33/><F41/><W46/><G53/><T19/><D38/><U64/><E95/><N who="2" m="54735" /><F33/><W99/><G99/><T45/><D45/><U66/><E56/><V75/><F51/><W114/><G114/><T111/><D111/><U62/><E62/><RYUUKYOKU ba="0,0" sc="384,-10,129,-10,320,-10,167,30" hai3="4,5,27,30,35,46,48" /><INIT seed="7,1,0,2,4,89" ten="374,119,310,197" oya="3" hai0="19,72,55,77,68,76,114,84,47,73,14,24,123" hai1="30,27,2,117,65,98,82,54,103,129,67,96,38" hai2="23,95,111,12,113,3,124,100,48,33,94,34,132" hai3="102,0,105,118,60,119,104,101,131,91,22,90,130"/><W36/><G36/><T85/><D68/><U97/><E2/><V49/><F111/><W4/><G0/><T134/><D123/><U61/><E38/><V93/><F3/><W63/><G22/><T15/><D73/><U83/><E117/><V21/><F113/><W116/><G4/><T106/><D106/><N who="3" m="41065" /><G60/><T43/><D134/><U40/><E40/><V26/><F132/><W135/><G63/><T51/><D114/><U41/><E41/><V78/><F124/><W69/><G69/><T39/><D72/><U45/><E129/><N who="3" m="49162" /><G135/><T128/><D128/><U32/><E67/><V10/><F33/><W70/><G70/><T17/><D24/><U59/><E82/><V20/><F34/><W64/><G64/><T88/><D43/><U7/><E7/><V127/><F127/><W13/><G13/><N who="0" m="4619" /><D85/><U120/><E83/><V74/><F26/><W110/><G110/><T37/><D37/><U52/><E120/><V57/><F57/><W126/><G126/><T87/><D87/><U75/><E75/><V8/><F12/><W44/><G44/><T71/><D71/><U11/><E11/><V31/><F31/><W125/><G125/><T62/><D62/><U18/><E18/><N who="0" m="6665" /><D39/><U35/><E35/><V133/><F133/><W86/><G86/><T121/><D121/><U92/><E54/><V122/><F122/><W6/><G6/><T107/><D107/><U5/><E5/><V81/><F10/><W42/><G42/><T25/><D25/><U99/><REACH who="1" step="1"/><E65/><REACH who="1" ten="374,109,310,197" step="2"/><V79/><F8/><W112/><G118/><T16/><D16/><U58/><E58/><RYUUKYOKU ba="1,1" sc="374,15,109,15,310,-15,197,-15" hai0="47,51,55,76,77,84,88" hai1="27,30,32,45,52,59,61,92,96,97,98,99,103" owari="399,49.9,124,-37.6,295,9.5,182,-21.8" /></mjloggm>