<mjloggm ver="2.3"><GO type="169" lobby="0"/><UN n0="%6D%61%74%6F%30%36%30%33" n1="%E7%8C%AA%E7%8B%A9%E5%AE%88" n2="%E3%83%95%E3%82%AF%E3%83%80%E3%83%B3%E3%83%81%E3%83%A7" n3="%E3%82%8A%E3%82%87%E3%81%91%E3%81%99" dan="17,17,16,17" rate="2203.08,2163.10,2152.86,2190.61" sx="M,M,M,M"/><TAIKYOKU oya="0"/><INIT seed="0,0,0,3,2,37" ten="250,250,250,250" oya="0" hai0="113,84,12,32,49,127,105,70,130,86,6,35,52" hai1="11,16,83,23,110,59,46,92,99,64,121,9,17" hai2="88,76,56,135,133,122,66,34,80,28,100,106,75" hai3="123,26,94,51,44,30,36,91,25,43,131,4,103"/><T119/><D113/><U89/><E110/><V53/><F66/><W102/><G131/><T13/><D119/><U33/><E33/><V97/><F122/><W98/><G123/><T8/><D70/><U5/><E121/><V126/><F126/><W39/><G4/><T54/><D127/><U82/><E17/><V40/><F40/><W125/><G25/><T65/><D130/><U77/><E46/><V116/><F116/><W45/><G125/><T73/><D73/><U19/><E19/><V67/><F67/><W78/><G78/><T3/><D105/><U68/><E68/><V118/><F118/><W108/><G108/><T61/><D35/><U112/><E112/><V132/><F28/><W29/><G29/><T57/><D32/><U41/><E41/><V128/><F34/><W71/><G71/><T129/><D129/><U31/><E31/><V90/><REACH who="2" step="1"/><F128/><REACH who="2" ten="250,250,240,250" step="2"/><W22/><G39/><T74/><D65/><U107/><E64/><V69/><F69/><W72/><G72/><T120/><D74/><U0/><E59/><V20/><F20/><W111/><G111/><T48/><D120/><U96/><E9/><V93/><F93/><W2/><G2/><T62/><D3/><U63/><E83/><V47/><F47/><W24/><G45/><T114/><D114/><U50/><E107/><V15/><F15/><W85/><G36/><T79/><D57/><U42/><E42/><V117/><F117/><W38/><G38/><T14/><D14/><U87/><E0/><V115/><F115/><W101/><G26/><T7/><D8/><U95/><E11/><RYUUKYOKU ba="0,1" sc="250,10,250,-30,240,10,250,10" hai0="6,7,12,13,48,49,52,54,61,62,79,84,86" hai2="53,56,75,76,80,88,90,97,100,106,132,133,135" hai3="22,24,30,43,44,51,85,91,94,98,101,102,103" /><INIT seed="0,1,1,2,0,76" ten="260,220,250,260" oya="0" hai0="78,118,50,11,93,84,69,18,104,70,23,98,80" hai1="10,26,90,107,59,94,24,53,115,41,1,34,55" hai2="19,103,68,63,100,17,132,122,66,71,101,25,108" hai3="113,4,7,83,29,37,128,121,133,0,119,111,51"/><T109/><D118/><U36/><E107/><V54/><F108/><W88/><G37/><T33/><D33/><U48/><E115/><V3/><F3/><W96/><G113/><T30/><D109/><U124/><E124/><V42/><F132/><W73/><G119/><T117/><D117/><U31/><E26/><V60/><F42/><W8/><G111/><T12/><D104/><U21/><E53/><V58/><F122/><W105/><G29/><T57/><D30/><U5/><E41/><V135/><F135/><W131/><G4/><T47/><D57/><U27/><E36/><V86/><F25/><W91/><G133/><T44/><D23/><U67/><E67/><V116/><F116/><W87/><G73/><T56/><D56/><U28/><E94/><V43/><F43/><W22/><G22/><T32/><D32/><U64/><E90/><V129/><F129/><N who="3" m="49739" /><G51/><T110/><D110/><U14/><REACH who="1" step="1"/><E64/><REACH who="1" ten="260,210,250,260" step="2"/><V46/><F46/><W97/><G105/><T120/><D120/><U72/><E72/><V49/><F66/><W74/><G74/><T6/><D47/><U106/><E106/><V127/><F127/><W61/><G121/><T112/><D112/><U16/><E16/><V75/><F75/><W79/><G61/><T123/><D123/><U82/><E82/><V99/><F63/><W38/><G38/><T134/><D134/><U20/><E20/><V95/><F60/><W65/><G65/><T89/><REACH who="0" step="1"/><D18/><REACH who="0" ten="250,210,250,260" step="2"/><U126/><E126/><V39/><F17/><W9/><G9/><T85/><D85/><U35/><E35/><V45/><F19/><RYUUKYOKU ba="1,3" sc="250,10,210,10,250,-30,260,10" hai0="6,11,12,44,50,69,70,78,80,84,89,93,98" hai1="1,5,10,14,21,24,27,28,31,34,48,55,59" hai3="0,7,8,79,83,87,88,91,96,97" /><INIT seed="0,2,3,2,2,114" ten="260,220,220,270" oya="0" hai0="77,110,38,83,6,2,72,22,102,9,26,28,124" hai1="41,86,117,104,130,75,128,56,82,50,62,61,129" hai2="27,125,133,119,43,18,126,21,99,103,123,69,60" hai3="49,48,127,91,95,94,87,89,134,55,15,92,71"/><T98/><D124/><N who="2" m="47722" /><F123/><W11/><G127/><T25/><D110/><U31/><E104/><N who="2" m="63615" /><F43/><W10/><G71/><T115/><D115/><U37/><E75/><V74/><F74/><W8/><G134/><T35/><D38/><U54/><E31/><V80/><F80/><N who="3" m="49383" /><G49/><T73/><D73/><U32/><E32/><V17/><F119/><W122/><G122/><T88/><D88/><N who="1" m="51287" /><E117/><V93/><F93/><W23/><G23/><T132/><D132/><U1/><E1/><V111/><F111/><W108/><G108/><T5/><D5/><U121/><E121/><V39/><F39/><W112/><G112/><T97/><REACH who="0" step="1"/><D102/><REACH who="0" ten="250,220,220,270" step="2"/><U118/><E118/><V12/><F133/><W52/><G91/><T105/><D105/><U101/><E101/><V64/><F17/><AGARI ba="2,4" hai="2,6,9,17,22,25,26,28,35,72,77,83,97,98" machi="17" ten="30,11600,0" yaku="1,1,7,1,53,2" doraHai="114" doraHaiUra="20" who="0" fromWho="2" sc="250,162,220,0,220,-122,270,0" /><INIT seed="0,3,0,0,1,75" ten="412,220,98,270" oya="0" hai0="124,33,56,91,123,37,10,109,69,38,104,16,133" hai1="31,74,97,24,103,13,40,23,4,107,62,118,27" hai2="43,129,28,17,112,94,8,108,132,119,68,134,114" hai3="84,0,92,117,45,44,52,46,80,3,32,50,51"/><T55/><D123/><U49/><E118/><V106/><F68/><W64/><G117/><T22/><D69/><U78/><E62/><V71/><F71/><W59/><G64/><T15/><D33/><U63/><E63/><V101/><F101/><W82/><G32/><T76/><D133/><N who="2" m="51306" /><F106/><W48/><G92/><T6/><D124/><U113/><E113/><N who="2" m="43627" /><F94/><W110/><G110/><T54/><D109/><U47/><E24/><V66/><F43/><W122/><G122/><T126/><D126/><U120/><E120/><V130/><F66/><W96/><G96/><T19/><D104/><U85/><E13/><N who="2" m="7335" /><F108/><W1/><REACH who="3" step="1"/><G82/><REACH who="3" ten="412,220,98,260" step="2"/><T61/><D55/><U121/><E121/><V25/><F119/><W102/><G102/><T34/><D34/><AGARI ba="3,1" hai="25,28,34,129,130" m="7335,43627,51306" machi="34" ten="30,3900,0" yaku="20,1,34,2" doraHai="75" who="2" fromWho="0" sc="412,-48,220,0,98,58,260,0" /><INIT seed="1,0,0,3,2,56" ten="364,220,156,260" oya="1" hai0="86,43,75,129,31,27,20,133,28,115,85,35,52" hai1="82,83,46,117,81,58,65,36,4,119,49,13,67" hai2="121,1,0,104,70,111,45,63,96,127,87,88,102" hai3="125,103,120,21,74,33,80,76,42,77,17,44,62"/><U113/><E113/><V54/><F121/><W116/><G120/><T95/><D115/><U64/><E36/><V78/><F127/><W68/><G33/><T106/><D106/><U24/><E24/><V5/><F111/><W47/><G125/><T30/><D75/><U131/><E131/><V15/><F78/><W9/><G116/><T91/><D129/><U110/><E110/><V118/><F118/><W8/><G103/><T108/><D108/><U126/><E126/><V69/><F15/><W90/><G77/><T79/><D133/><U10/><REACH who="1" step="1"/><E58/><REACH who="1" ten="364,210,156,260" step="2"/><V134/><F69/><W135/><G68/><T51/><D35/><U130/><E130/><V50/><F134/><W132/><G135/><T66/><D27/><U97/><E97/><V41/><F70/><W39/><G132/><T98/><D98/><U14/><E14/><V40/><F0/><W53/><G39/><T11/><D31/><U48/><E48/><V84/><F1/><W89/><G74/><T72/><D72/><U114/><E114/><V105/><F50/><W59/><G59/><T73/><D73/><U2/><E2/><V93/><F96/><W71/><G71/><T22/><D30/><U32/><E32/><V3/><F3/><W26/><G26/><T61/><D28/><U109/><E109/><V16/><F104/><W107/><G107/><T25/><D25/><U92/><E92/><V29/><F105/><W122/><G122/><T38/><D51/><U18/><E18/><V99/><F93/><W7/><G7/><T34/><D38/><U101/><E101/><V57/><F5/><RYUUKYOKU ba="0,1" sc="364,-10,210,30,156,-10,260,-10" hai1="4,10,13,46,49,64,65,67,81,82,83,117,119" /><INIT seed="1,1,1,4,2,102" ten="354,240,146,250" oya="1" hai0="85,30,103,83,9,76,130,123,54,114,96,35,44" hai1="104,110,94,62,64,10,107,20,134,25,34,122,24" hai2="80,46,97,98,89,81,41,116,72,57,11,33,101" hai3="88,105,1,61,74,40,27,125,39,45,111,99,60"/><U82/><E122/><V50/><F116/><W12/><G111/><T127/><D114/><U119/><E119/><V56/><F33/><W18/><G1/><T63/><D123/><U128/><E34/><V124/><F124/><W117/><G117/><T38/><D127/><U129/><E134/><V59/><F72/><W53/><G74/><T135/><D135/><U8/><E110/><V28/><F28/><W113/><G113/><T86/><D130/><N who="1" m="50283" /><E94/><V78/><F78/><W23/><G125/><T49/><D38/><U2/><E82/><V121/><F121/><W67/><G53/><T19/><D63/><U21/><E2/><V84/><F81/><W112/><G112/><T4/><D19/><N who="1" m="12319" /><E10/><V42/><F42/><W92/><G105/><N who="1" m="40522" /><E8/><V108/><F108/><W26/><G61/><T68/><D9/><U13/><E13/><V90/><F11/><W55/><G12/><T115/><D35/><U91/><E91/><V47/><F89/><W106/><G106/><T131/><D131/><U71/><E21/><V120/><F120/><W95/><G95/><T93/><D4/><U5/><E25/><V29/><F101/><W133/><G26/><T43/><D115/><U36/><E36/><V77/><F90/><W69/><G133/><T37/><D83/><U100/><E100/><V15/><F15/><W17/><G17/><T58/><D30/><U32/><E32/><V22/><F47/><W51/><G39/><T48/><D37/><U7/><AGARI ba="1,1" hai="5,7,62,64,71" m="40522,12319,50283" machi="7" ten="40,12000,1" yaku="19,1,52,3" doraHai="102" who="1" fromWho="1" sc="354,-41,240,133,146,-41,250,-41" /><INIT seed="1,2,0,1,5,112" ten="313,373,105,209" oya="1" hai0="11,90,115,113,9,15,44,123,36,122,27,91,76" hai1="13,128,14,109,70,29,68,5,119,20,72,47,135" hai2="62,97,131,53,80,2,63,120,56,129,111,71,69" hai3="94,73,8,108,96,34,16,98,67,30,65,42,37"/><U78/><E128/><N who="2" m="49227" /><F2/><W86/><G108/><T99/><D76/><U1/><E135/><V104/><F80/><W66/><G73/><T17/><D27/><U58/><E109/><V117/><F117/><W125/><G125/><T41/><D9/><U55/><E1/><V95/><F104/><W23/><G34/><T127/><D127/><U121/><E121/><N who="0" m="46089" /><D99/><U24/><E47/><V61/><F120/><W102/><G30/><T116/><D116/><U107/><E107/><V12/><F12/><W88/><G8/><T114/><AGARI ba="2,0" hai="11,15,17,36,41,44,90,91,113,114,115" m="46089" machi="114" ten="40,1500,0" yaku="13,1" doraHai="112" who="0" fromWho="0" sc="313,21,373,-9,105,-6,209,-6" /><INIT seed="2,0,0,3,2,129" ten="334,364,99,203" oya="2" hai0="70,64,119,132,11,33,130,92,116,24,122,59,22" hai1="27,123,77,68,76,134,10,100,8,49,56,74,34" hai2="81,40,42,2,58,135,88,69,128,80,75,50,113" hai3="43,71,120,37,124,96,14,51,93,111,30,20,67"/><V61/><F113/><W12/><G111/><T84/><D122/><U29/><E123/><V112/><F112/><W47/><G120/><T99/><D130/><U66/><E100/><V114/><F114/><W117/><G117/><T118/><D70/><U18/><E74/><V79/><F2/><W48/><G124/><T72/><D72/><U133/><E68/><V25/><F128/><W54/><G30/><T6/><D33/><U44/><E66/><V7/><F7/><W5/><G20/><T121/><D121/><U73/><E56/><V15/><F15/><W108/><G51/><T28/><D84/><U46/><E73/><V23/><F135/><N who="1" m="51721" /><E44/><V127/><F127/><W16/><G16/><T110/><D110/><U101/><E101/><V82/><F69/><W131/><G5/><T97/><D132/><U45/><E46/><V85/><F50/><W115/><G108/><T21/><D64/><U52/><E18/><V87/><F75/><W83/><G131/><T94/><D59/><U109/><E109/><V39/><F81/><W0/><G83/><T63/><D63/><U78/><AGARI ba="0,0" hai="8,10,27,29,34,45,49,52,76,77,78" m="51721" machi="78" ten="30,8000,1" yaku="20,1,52,3,54,1" doraHai="129" who="1" fromWho="1" sc="334,-20,364,80,99,-40,203,-20" /><INIT seed="3,0,0,4,3,58" ten="314,444,59,183" oya="3" hai0="59,94,105,109,80,101,112,6,56,5,43,106,35" hai1="24,9,92,126,65,124,86,99,0,125,27,77,7" hai2="49,46,31,45,90,23,12,130,134,51,36,39,52" hai3="34,28,29,123,64,85,38,16,44,97,93,133,84"/><W98/><G123/><T115/><D35/><U8/><E65/><V110/><F110/><W50/><G38/><T72/><D94/><U116/><E116/><V108/><F108/><W11/><G133/><T91/><D109/><U67/><E67/><V48/><F130/><W4/><G98/><T19/><D43/><U57/><E57/><V32/><F49/><W76/><G64/><T129/><D129/><U14/><E77/><V74/><F74/><W73/><G73/><T118/><D118/><U71/><E86/><V120/><F134/><W55/><G34/><T41/><D41/><U89/><REACH who="1" step="1"/><E71/><REACH who="1" ten="314,434,59,183" step="2"/><V96/><F120/><W122/><G122/><T18/><D72/><U121/><E121/><V2/><F2/><W3/><G85/><T21/><D59/><U100/><E100/><V135/><F135/><W20/><G84/><T87/><D56/><U42/><E42/><V104/><F45/><W95/><G76/><T22/><D101/><U13/><E13/><V119/><F46/><W63/><G63/><T117/><D117/><U75/><E75/><V61/><F61/><W127/><G127/><T15/><D87/><U128/><E128/><V131/><F119/><W60/><G60/><T33/><D15/><U17/><AGARI ba="0,1" hai="0,7,8,9,14,17,24,27,89,92,99,124,125,126" machi="17" ten="30,4000,0" yaku="1,1,0,1,18,1,53,0" doraHai="58" doraHaiUra="66" who="1" fromWho="1" sc="314,-10,434,50,59,-10,183,-20" /><INIT seed="4,0,0,5,0,30" ten="304,484,49,163" oya="0" hai0="73,102,6,65,126,125,89,36,70,62,19,7,63" hai1="128,57,116,10,114,22,124,58,46,54,112,97,133" hai2="92,115,43,77,90,59,61,134,78,106,88,123,18" hai3="129,107,76,127,109,83,34,56,9,38,24,33,25"/><T20/><D36/><U135/><E116/><V27/><F115/><N who="1" m="44073" /><E10/><V66/><F106/><W45/><G109/><T121/><D121/><U41/><E22/><V86/><F123/><W52/><G107/><T122/><D122/><U5/><E5/><V75/><F75/><W17/><G127/><N who="0" m="48651" /><D73/><U28/><E28/><V13/><F134/><N who="1" m="51209" /><E97/><V117/><F117/><W105/><G105/><T26/><D102/><U103/><E103/><V37/><F27/><W35/><G129/><T53/><D89/><U14/><E14/><V40/><F90/><W113/><G113/><T96/><D96/><U16/><E16/><V55/><F66/><W120/><G120/><T4/><D4/><U31/><E31/><V119/><F37/><W108/><G108/><T48/><D63/><U104/><E104/><V95/><F95/><W8/><G8/><T72/><D72/><U64/><E128/><V39/><F39/><W87/><G9/><T111/><D111/><U85/><E85/><V42/><REACH who="2" step="1"/><F119/><REACH who="2" ten="304,484,39,163" step="2"/><W71/><G25/><T1/><D1/><U51/><E124/><V2/><F2/><W131/><G131/><T50/><D50/><N who="1" m="26959" /><E64/><V99/><F99/><W47/><G24/><T94/><D94/><U91/><E91/><V12/><F12/><W23/><G76/><T69/><D65/><U101/><E101/><V132/><F132/><W82/><G87/><T84/><D84/><U81/><E81/><V60/><F60/><N who="3" m="35847" /><G82/><T3/><D3/><U32/><E51/><V74/><F74/><W80/><G38/><T67/><D70/><U49/><E49/><V118/><F118/><RYUUKYOKU ba="0,1" sc="304,15,484,-15,39,15,163,-15" hai0="6,7,19,20,26,48,53,62,67,69" hai2="13,18,40,42,43,55,59,61,77,78,86,88,92" /><INIT seed="4,1,1,3,4,3" ten="319,469,54,148" oya="0" hai0="50,73,127,33,1,46,42,12,114,74,113,69,62" hai1="14,13,18,55,39,45,38,20,89,65,31,135,25" hai2="47,64,95,98,48,67,120,96,88,121,72,106,61" hai3="82,111,86,0,4,57,129,99,63,30,87,5,60"/><T132/><D1/><U17/><E135/><V37/><F37/><W103/><G111/><T134/><D127/><U23/><E65/><V71/><F72/><N who="0" m="27754" /><D33/><U34/><E89/><V107/><F67/><W123/><G0/><T79/><D79/><U52/><E45/><V108/><F108/><W59/><G129/><T100/><D100/><U68/><E68/><V131/><F131/><W91/><G30/><T6/><D69/><U28/><E25/><V90/><F107/><W7/><G123/><T105/><D105/><U76/><E76/><V22/><F22/><W21/><G21/><T11/><D62/><N who="3" m="23593" /><G87/><T119/><D119/><U80/><REACH who="1" step="1"/><E80/><REACH who="1" ten="319,459,54,148" step="2"/><V115/><F115/><AGARI ba="1,2" hai="6,11,12,42,46,50,113,114,115,132,134" m="27754" machi="115" ten="30,2900,0" yaku="15,1,52,1" doraHai="3" who="0" fromWho="2" sc="319,52,459,0,54,-32,148,0" /><INIT seed="4,2,0,1,3,135" ten="371,459,22,148" oya="0" hai0="122,59,118,37,44,27,9,16,6,75,81,7,84" hai1="78,33,25,86,72,126,10,134,26,51,49,69,32" hai2="94,36,39,71,47,110,12,121,43,119,18,31,65" hai3="117,40,95,106,98,125,60,62,89,132,73,130,3"/><T99/><D118/><U28/><E126/><V2/><F110/><W107/><G3/><T0/><D122/><U11/><E69/><V88/><F121/><W113/><G40/><T116/><D116/><U131/><E72/><V66/><F2/><W29/><G29/><T21/><D7/><U74/><E74/><V41/><F119/><W61/><G73/><T54/><D75/><U63/><E63/><V97/><F71/><W57/><G113/><T115/><D115/><U129/><E134/><V14/><F31/><W38/><G38/><T90/><D99/><U101/><E101/><V100/><F12/><W79/><G79/><T85/><D85/><U15/><E78/><V20/><REACH who="2" step="1"/><F100/><REACH who="2" ten="371,459,12,148" step="2"/><W53/><G132/><T70/><D70/><U109/><E15/><V123/><F123/><W76/><G117/><T58/><REACH who="0" step="1"/><D37/><REACH who="0" ten="361,459,12,148" step="2"/><U128/><E109/><V111/><F111/><W8/><G98/><T5/><D5/><U114/><E114/><V23/><F23/><W22/><G22/><T91/><D91/><U87/><E128/><V120/><F120/><W104/><G130/><T34/><D34/><U46/><E129/><V105/><F105/><W112/><G112/><T52/><D52/><U17/><E131/><V24/><F24/><W68/><G68/><T77/><D77/><U67/><E33/><V103/><F103/><W55/><G55/><T19/><D19/><U56/><E17/><V83/><F83/><W92/><G89/><T127/><D127/><U13/><E25/><V96/><F96/><W35/><G125/><T64/><D64/><U108/><E108/><RYUUKYOKU ba="2,2" sc="361,15,459,-15,12,15,148,-15" hai0="0,6,9,16,21,27,44,54,58,59,81,84,90" hai2="14,18,20,36,39,41,43,47,65,66,88,94,97" /><INIT seed="4,3,2,4,1,42" ten="376,444,27,133" oya="0" hai0="127,86,77,58,122,116,57,5,71,21,24,62,118" hai1="72,104,0,99,14,131,76,65,113,83,89,132,47" hai2="111,28,87,52,25,23,69,4,16,103,40,37,6" hai3="105,41,11,18,45,90,78,130,94,82,80,36,73"/><T124/><D122/><U50/><E0/><V85/><F69/><W68/><G105/><T75/><D75/><U79/><E79/><V15/><F111/><W112/><G112/><T97/><D5/><U106/><E65/><V63/><F103/><W93/><G68/><T134/><D71/><U48/><E48/><V51/><F37/><W39/><G39/><T43/><D97/><U59/><E59/><N who="0" m="22537" /><D62/><U26/><E113/><V46/><F40/><W64/><G64/><T135/><D43/><U91/><E26/><V119/><F63/><W129/><G82/><N who="0" m="47439" /><D118/><U19/><E104/><V20/><F119/><W84/><G94/><T30/><D116/><U1/><E1/><V34/><F34/><W102/><G102/><T128/><D128/><U61/><E131/><V70/><F70/><W96/><G96/><T98/><D98/><U107/><E61/><V12/><F12/><W32/><G32/><T49/><D49/><U74/><E74/><V10/><REACH who="2" step="1"/><F4/><REACH who="2" ten="376,444,17,133" step="2"/><W33/><G33/><T2/><D2/><U66/><E14/><V100/><F100/><W44/><G130/><T27/><D27/><U3/><E3/><V92/><F92/><W13/><G129/><T17/><D135/><U60/><E132/><V22/><F22/><W55/><G55/><T125/><D134/><U95/><E106/><V108/><F108/><W31/><G41/><T133/><D133/><U123/><E107/><V126/><F126/><W114/><G36/><T9/><D9/><U8/><E8/><V29/><F29/><W67/><G31/><T81/><D30/><U88/><E60/><RYUUKYOKU ba="3,3" sc="376,15,444,-15,17,15,133,-15" hai0="17,21,24,81,124,125,127" hai2="6,10,15,16,20,23,25,28,46,51,52,85,87" /><INIT seed="4,4,3,3,1,95" ten="391,429,32,118" oya="0" hai0="3,19,24,76,68,70,73,30,110,37,103,34,119" hai1="65,75,11,29,133,82,47,23,111,79,43,109,35" hai2="135,7,86,59,33,13,64,126,124,123,99,72,121" hai3="28,113,31,16,87,69,58,127,63,53,81,8,89"/><T25/><D119/><U62/><E133/><V108/><F33/><W55/><G113/><T54/><D3/><U85/><E23/><V101/><F72/><W48/><G127/><N who="2" m="48681" /><F108/><W5/><G69/><T71/><D110/><U96/><E11/><N who="2" m="4351" /><F86/><W17/><G31/><T14/><D25/><U97/><E85/><V56/><F135/><W44/><G28/><T39/><D103/><U38/><E111/><V106/><F64/><W2/><AGARI ba="4,3" hai="2,5,8,16,17,44,48,53,55,58,63,81,87,89" machi="2" ten="20,2700,0" yaku="0,1,7,1,54,1" doraHai="95" who="3" fromWho="3" sc="391,-17,429,-11,32,-11,118,69" /><INIT seed="5,0,0,4,5,46" ten="374,418,21,187" oya="1" hai0="90,56,61,40,79,86,7,75,51,88,80,43,30" hai1="101,110,2,104,109,113,114,134,20,50,54,98,83" hai2="39,89,45,64,28,119,118,63,24,9,66,55,96" hai3="62,129,11,125,128,26,111,48,47,65,6,72,44"/><U57/><E2/><V27/><F64/><W0/><G111/><N who="1" m="42506" /><E134/><V126/><F27/><W127/><G72/><T1/><D30/><U36/><E36/><V93/><F126/><N who="3" m="48139" /><G26/><T14/><D1/><U92/><E83/><V23/><F9/><W120/><G120/><T10/><D75/><U133/><E133/><V108/><F108/><W135/><G44/><N who="0" m="25991" /><D43/><U106/><E20/><V116/><F39/><W13/><G0/><T85/><D85/><U112/><AGARI ba="0,0" hai="50,54,57,92,98,101,104,106,112,113,114" m="42506" machi="112" ten="40,7800,0" yaku="15,1,10,1,52,1" doraHai="46" who="1" fromWho="1" sc="374,-26,418,78,21,-26,187,-26" owari="348,14.8,496,59.6,-5,-50.5,161,-23.9" /></mjloggm>