<mjloggm ver="2.3"><GO type="169" lobby="0"/><UN n0="%6B%6C%6F%6E%64%69%6B%65" n1="%E3%83%8E%E3%82%AA%E3%83%81%E3%83%A3%E3%83%99%E3%82%B9" n2="%E4%BA%BA%E7%8B%BC" n3="%E7%94%9F%E3%81%97%E3%82%89%E3%81%99" dan="16,16,16,16" rate="2154.28,2141.67,2042.66,2106.25" sx="M,M,M,M"/><TAIKYOKU oya="0"/><INIT seed="0,0,0,5,2,70" ten="250,250,250,250" oya="0" hai0="134,33,43,111,90,52,98,49,95,118,99,102,86" hai1="109,108,71,37,17,20,84,48,89,45,76,127,12" hai2="3,23,132,124,92,26,55,65,128,112,66,25,116" hai3="5,77,47,18,63,36,81,93,126,105,46,107,14"/><T0/><D118/><U64/><E127/><V53/><F112/><W74/><G126/><T83/><D33/><U129/><E129/><V79/><F124/><W4/><G47/><T40/><D134/><U100/><E100/><V42/><F132/><W28/><G28/><T113/><D0/><U11/><E76/><V123/><F3/><W97/><G63/><T31/><D31/><U101/><E101/><V67/><F123/><W58/><G58/><T27/><D27/><U120/><E120/><V110/><F110/><W72/><G72/><T61/><D113/><U15/><E64/><V106/><F106/><W121/><G121/><T114/><D111/><U96/><E96/><V19/><F128/><W133/><G107/><T24/><D24/><U60/><E60/><V39/><F79/><W91/><G105/><T21/><D21/><U35/><E71/><V54/><F116/><W117/><G117/><T29/><D29/><U119/><E119/><V130/><F130/><W56/><G56/><T78/><D61/><U51/><E35/><V8/><F8/><W75/><G75/><T131/><D114/><U9/><E109/><V69/><F92/><W16/><G18/><T13/><D13/><U38/><E108/><V62/><REACH who="2" step="1"/><F26/><REACH who="2" ten="250,250,240,250" step="2"/><W1/><G1/><T135/><D135/><U94/><E11/><V10/><F10/><N who="3" m="6231" /><G133/><T2/><D2/><U30/><E9/><V122/><F122/><W73/><G73/><T50/><D131/><U57/><E94/><V6/><F6/><W115/><G115/><T85/><D95/><U68/><E15/><V41/><F41/><AGARI ba="0,1" hai="4,5,36,41,46,74,77,81,91,93,97" m="6231" machi="41" ten="30,3900,0" yaku="6,1,52,1,54,1" doraHai="70" who="3" fromWho="2" sc="250,0,250,0,240,-39,250,49" /><INIT seed="1,0,0,4,3,113" ten="250,250,201,299" oya="1" hai0="13,103,110,84,107,5,98,77,96,2,34,65,56" hai1="50,26,4,54,9,102,11,47,51,68,88,16,120" hai2="127,118,32,46,119,27,10,58,97,131,52,38,63" hai3="101,94,24,86,121,18,117,132,92,100,79,93,134"/><U105/><E120/><V42/><F127/><W72/><G121/><T123/><D2/><U71/><E102/><N who="3" m="39530" /><G24/><T3/><D96/><U126/><E105/><V109/><F109/><W6/><G6/><T25/><D3/><U43/><E126/><V57/><F131/><W19/><G19/><T33/><D110/><U49/><E68/><V37/><F97/><W39/><G18/><T15/><D123/><U106/><E71/><V40/><F10/><W41/><G41/><T81/><D5/><U82/><E106/><V124/><F124/><W44/><G44/><T122/><D122/><U74/><E74/><V89/><F89/><N who="3" m="53303" /><G39/><T30/><D34/><U130/><E130/><V114/><F114/><W85/><G72/><T108/><D108/><U23/><E4/><V133/><F133/><N who="3" m="51307" /><G117/><T7/><D7/><U78/><E78/><V111/><F111/><W87/><G87/><T59/><D56/><N who="1" m="32847" /><E50/><V35/><F35/><W48/><G48/><T115/><D115/><U112/><E112/><V116/><F32/><W14/><G14/><T31/><D31/><U64/><E64/><N who="2" m="39023" /><F27/><W128/><G128/><T75/><D75/><U61/><E61/><N who="2" m="36039" /><F42/><W60/><G60/><T53/><D65/><U67/><E67/><V104/><F104/><W135/><G135/><T17/><D17/><U29/><E29/><V8/><F8/><W91/><G79/><T12/><D13/><U45/><E45/><V55/><F55/><W99/><G99/><T70/><D70/><U1/><E1/><V69/><F69/><W36/><G36/><AGARI ba="0,0" hai="36,37,38,40,46,116,118,119" m="36039,39023" machi="36" ten="30,12000,2" yaku="34,2,52,3,54,1" doraHai="113" who="2" fromWho="3" sc="250,0,250,0,201,120,299,-120" /><INIT seed="2,0,0,4,3,52" ten="250,250,321,179" oya="2" hai0="126,118,119,103,7,28,71,85,78,24,62,14,68" hai1="97,53,99,16,3,51,122,0,10,30,109,29,66" hai2="82,106,64,134,5,96,11,92,55,17,34,110,31" hai3="36,120,43,94,127,107,45,131,77,81,72,44,6"/><V39/><F39/><W108/><G108/><T1/><D14/><U50/><E109/><V130/><F130/><W25/><G127/><T47/><D85/><U75/><E75/><V86/><F134/><W13/><G131/><T58/><D126/><U112/><E66/><V124/><F124/><W113/><G120/><T129/><D78/><U101/><E112/><V38/><F38/><W93/><G113/><T76/><D76/><U27/><E51/><V70/><F110/><W117/><G117/><N who="0" m="44555" /><D47/><U46/><E99/><V79/><F17/><W74/><G107/><T26/><D103/><U15/><E122/><V40/><F40/><W123/><G74/><T61/><D61/><U35/><REACH who="1" step="1"/><E30/><REACH who="1" ten="250,240,321,179" step="2"/><V116/><F31/><W100/><G123/><T111/><D111/><U95/><AGARI ba="0,1" hai="0,3,10,15,16,27,29,35,46,50,53,95,97,101" machi="95" ten="20,8000,1" yaku="1,1,2,1,0,1,7,1,54,1,53,0" doraHai="52" doraHaiUra="87" who="1" fromWho="1" sc="250,-20,240,90,321,-40,179,-20" /><INIT seed="3,0,0,0,2,82" ten="230,330,281,159" oya="3" hai0="78,33,99,89,68,10,87,61,36,120,132,32,101" hai1="110,59,116,71,90,56,30,31,79,38,67,2,6" hai2="47,86,100,9,111,128,37,16,57,24,107,109,69" hai3="25,131,14,94,3,34,53,84,27,119,97,48,96"/><W18/><G131/><T21/><D120/><U118/><E38/><V17/><F69/><W133/><G133/><T105/><D36/><U13/><E2/><V8/><F128/><W108/><G119/><T63/><D132/><U40/><E40/><N who="2" m="22927" /><F107/><W58/><G3/><T46/><D46/><U5/><E79/><V122/><F100/><W45/><G108/><N who="2" m="41545" /><F57/><W126/><G126/><T42/><D42/><U43/><E43/><V0/><F122/><W127/><G127/><T114/><D10/><U19/><E71/><V117/><F117/><N who="1" m="45161" /><E110/><V113/><F113/><W12/><G34/><T22/><D61/><N who="1" m="38311" /><E59/><V20/><F0/><W92/><G58/><T15/><D78/><U104/><E104/><V1/><F1/><W26/><G18/><T73/><D73/><U121/><E121/><V115/><F115/><W106/><G106/><T91/><D32/><U93/><E6/><V74/><F74/><W51/><G51/><T54/><D33/><U49/><E49/><V4/><F4/><W62/><G62/><T72/><D72/><U129/><E5/><V103/><F103/><N who="3" m="60807" /><G97/><T41/><D114/><U98/><E129/><V23/><F86/><W85/><G85/><T55/><D87/><U44/><E44/><V7/><F7/><W124/><G124/><T28/><D41/><U66/><E66/><V112/><F112/><W52/><G53/><N who="0" m="19979" /><D63/><U35/><E35/><V102/><F102/><W75/><G75/><T95/><D68/><U80/><E80/><V135/><F135/><W83/><G83/><T123/><D123/><U88/><E90/><AGARI ba="0,0" hai="12,14,25,26,27,45,48,52,84,90,94" m="60807" machi="90" ten="30,5800,0" yaku="8,1,52,1,54,1" doraHai="82" who="3" fromWho="1" sc="230,0,330,-58,281,0,159,58" /><INIT seed="3,1,0,3,2,31" ten="230,272,281,217" oya="3" hai0="9,50,0,3,110,78,102,121,108,99,14,28,117" hai1="127,57,97,58,115,112,17,60,76,77,20,120,32" hai2="107,81,25,89,10,70,134,73,8,133,64,87,62" hai3="109,111,90,105,123,30,74,6,23,51,67,37,41"/><W135/><G123/><T104/><D121/><U106/><E32/><V118/><F118/><W84/><G74/><T2/><D117/><U95/><E127/><V131/><F107/><W83/><G105/><T44/><D78/><U68/><E68/><V80/><F131/><W119/><G135/><N who="2" m="51721" /><F25/><N who="3" m="16703" /><G6/><T49/><D28/><U98/><E120/><V7/><F7/><W53/><G67/><T103/><D102/><U35/><E35/><V132/><N who="2" m="51729" /><V85/><DORA hai="48" /><F73/><W45/><G119/><T94/><D50/><U126/><E126/><V54/><F54/><W59/><G37/><T69/><D104/><U55/><E106/><V21/><F21/><W75/><G75/><T88/><D69/><U122/><E122/><V96/><F96/><W22/><G22/><T11/><D103/><U18/><E98/><V46/><F46/><W79/><G111/><N who="0" m="42539" /><D14/><U47/><E47/><V5/><F5/><W61/><G109/><T128/><D128/><U91/><E18/><V124/><F124/><W114/><G114/><T39/><D39/><U116/><E116/><V100/><F100/><W82/><G79/><AGARI ba="1,0" hai="8,10,62,64,70,79,80,81,85,87,89" m="51729" machi="79" ten="40,1300,0" yaku="20,1" doraHai="31,48" who="2" fromWho="3" sc="230,0,272,0,281,16,217,-16" /><INIT seed="4,0,0,1,2,19" ten="230,272,297,201" oya="0" hai0="5,118,44,26,63,122,97,130,123,105,39,107,72" hai1="58,108,131,18,7,111,87,33,62,43,109,83,17" hai2="42,12,3,20,76,14,86,127,11,56,135,53,0" hai3="77,1,121,84,52,27,54,134,57,41,117,110,113"/><T112/><D118/><U101/><E131/><V60/><F127/><W90/><G110/><T71/><D130/><U100/><E33/><V114/><F114/><W48/><G113/><T106/><D112/><U16/><E7/><V51/><F135/><W73/><G134/><T102/><D5/><U104/><E43/><V46/><F76/><W119/><G121/><T13/><D13/><U68/><E68/><V75/><F75/><W85/><G1/><T66/><D72/><U96/><E101/><V133/><F133/><W21/><G73/><T47/><D47/><U93/><E104/><N who="0" m="40041" /><D26/><U50/><E50/><V92/><F92/><W55/><G119/><T67/><D67/><U82/><REACH who="1" step="1"/><E87/><REACH who="1" ten="230,262,297,201" step="2"/><V32/><F86/><W22/><G117/><T124/><D124/><U9/><E9/><V36/><F32/><W31/><G41/><AGARI ba="0,1" hai="39,41,44,63,66,71,97,102,107,122,123" m="40041" machi="41" ten="30,1500,0" yaku="23,1" doraHai="19" who="0" fromWho="3" sc="230,25,262,0,297,0,201,-15" /><INIT seed="4,1,0,5,2,102" ten="255,262,297,186" oya="0" hai0="76,1,78,83,47,34,98,31,127,53,8,42,40" hai1="50,132,125,134,22,77,3,111,71,19,55,25,84" hai2="88,79,65,14,90,16,110,74,73,117,124,85,4" hai3="131,81,39,23,54,61,123,107,59,75,9,119,101"/><T69/><D127/><U97/><E125/><V11/><F110/><W5/><G119/><T133/><D69/><U18/><E111/><V17/><F124/><W2/><G131/><T82/><D133/><U15/><E3/><V64/><F117/><W80/><G123/><T114/><D114/><U96/><E71/><V89/><F73/><W24/><G39/><T10/><D98/><U7/><E7/><V48/><F74/><W32/><G32/><T93/><D93/><U104/><E104/><V28/><F28/><W95/><G95/><T126/><D126/><U62/><E62/><V91/><F79/><W41/><G41/><T26/><D53/><U68/><E68/><V118/><F118/><W13/><G2/><T86/><D1/><U121/><E121/><V56/><F48/><W45/><G45/><T67/><D67/><N who="2" m="25674" /><F56/><W46/><G46/><T38/><REACH who="0" step="1"/><D40/><REACH who="0" ten="245,262,297,186" step="2"/><U51/><E134/><V57/><F57/><W12/><G54/><T70/><D70/><U100/><E132/><V21/><F21/><W94/><G23/><T33/><D33/><U109/><E109/><V0/><F0/><W44/><G94/><AGARI ba="1,1" hai="4,11,14,16,17,85,88,89,90,91,94" m="25674" machi="94" ten="30,3900,0" yaku="8,1,54,2" doraHai="102" who="2" fromWho="3" sc="245,0,262,0,297,52,186,-42" /><INIT seed="5,0,0,0,5,90" ten="245,262,349,144" oya="1" hai0="5,97,118,135,27,0,73,71,65,2,59,32,100" hai1="34,62,42,122,92,96,3,48,33,63,11,98,66" hai2="99,82,16,55,130,39,25,103,109,85,35,68,9" hai3="79,129,47,101,4,53,102,46,41,12,106,117,127"/><U131/><E122/><V69/><F109/><W30/><G129/><T133/><D118/><U120/><E120/><V114/><F130/><W40/><G127/><T6/><D73/><U36/><E98/><V56/><F39/><W126/><G126/><T125/><D59/><U119/><E119/><V124/><F35/><W76/><G117/><T95/><D125/><U20/><E36/><V111/><F111/><W128/><G128/><T58/><D71/><U13/><E3/><V64/><F64/><W112/><G53/><T121/><D121/><U7/><E20/><V8/><F8/><W49/><G112/><T37/><D37/><U14/><E14/><V123/><F114/><W28/><G106/><T115/><D115/><U57/><E131/><V132/><F132/><N who="0" m="50762" /><D27/><U38/><E38/><V104/><F123/><W93/><G12/><T113/><D32/><U80/><E80/><V17/><F17/><W91/><G91/><T52/><D65/><U21/><E21/><V22/><F9/><W15/><G15/><T86/><D86/><U61/><E34/><V84/><F85/><W23/><G23/><T29/><D29/><U87/><E87/><V72/><F72/><W108/><G49/><N who="0" m="30991" /><D113/><U75/><E75/><V77/><F124/><W89/><G89/><T70/><D70/><U105/><E105/><V50/><AGARI ba="0,0" hai="16,22,25,50,55,56,68,69,77,82,84,99,103,104" machi="50" ten="20,2700,0" yaku="0,1,7,1,54,1" doraHai="90" who="2" fromWho="2" sc="245,-7,262,-13,349,27,144,-7" /><INIT seed="6,0,0,2,1,50" ten="238,249,376,137" oya="2" hai0="27,76,79,18,101,22,39,119,74,29,99,70,86" hai1="23,116,42,62,120,36,12,41,118,128,83,33,69" hai2="55,66,26,114,71,15,54,51,87,10,32,57,77" hai3="43,123,19,56,3,80,72,108,85,16,24,127,121"/><V2/><F2/><W84/><G3/><T67/><D39/><U75/><E33/><V88/><F114/><W60/><G127/><T90/><D74/><U106/><E106/><V6/><F77/><W122/><G108/><T20/><D119/><U105/><E105/><V82/><F71/><W37/><G72/><T78/><D67/><U89/><E128/><V124/><F124/><W14/><G24/><T64/><D64/><U68/><E120/><V58/><F32/><W52/><G85/><T34/><D70/><U31/><E69/><V134/><F134/><W91/><REACH who="3" step="1"/><G14/><REACH who="3" ten="238,249,376,127" step="2"/><N who="0" m="9303" /><D34/><U28/><E75/><V92/><F26/><W48/><G48/><T7/><D76/><U13/><E13/><V35/><F35/><W59/><G59/><T81/><D7/><U1/><E1/><V97/><F66/><W113/><G113/><T21/><D79/><U25/><E12/><V132/><F132/><W30/><G30/><T65/><D78/><U110/><E31/><V0/><F0/><W117/><G117/><T111/><D65/><N who="1" m="41015" /><E118/><V100/><F58/><W126/><G126/><T61/><D61/><U93/><E116/><V5/><F5/><W112/><G112/><T17/><D111/><U73/><E110/><V133/><F133/><W96/><G96/><T104/><D17/><U8/><E36/><V38/><F38/><W94/><G94/><T9/><D9/><U63/><E8/><V102/><F57/><W131/><G131/><T47/><D47/><AGARI ba="0,1" hai="16,19,37,43,47,52,56,60,80,84,91,121,122,123" machi="47" ten="40,8000,1" yaku="1,1,52,1,54,2,53,0" doraHai="50" doraHaiUra="103" who="3" fromWho="0" sc="238,-80,249,0,376,0,127,90" /><INIT seed="7,0,0,3,2,67" ten="158,249,376,217" oya="3" hai0="33,17,45,92,69,66,88,123,104,113,37,135,134" hai1="114,75,116,121,64,95,1,84,97,117,125,47,24" hai2="55,133,54,36,31,93,112,81,42,38,127,3,43" hai3="48,22,21,94,46,98,60,35,85,6,102,58,120"/><W65/><G35/><T49/><D37/><U63/><E75/><V74/><F3/><W18/><G120/><T19/><D33/><U16/><E1/><V87/><F74/><W25/><G85/><N who="0" m="52239" /><D104/><U71/><E121/><V4/><F93/><W78/><G6/><T86/><D123/><U128/><E84/><V122/><F122/><W76/><REACH who="3" step="1"/><G22/><REACH who="3" ten="158,249,376,207" step="2"/><T27/><D86/><U70/><E117/><V5/><F87/><W96/><G96/><T20/><D20/><U51/><E116/><V57/><F4/><W83/><G83/><T79/><D79/><U0/><E97/><V29/><F81/><W8/><G8/><T11/><D11/><U110/><E0/><V68/><F5/><W50/><G50/><T9/><D9/><U53/><E51/><V132/><F38/><W101/><G101/><T115/><D27/><U80/><E24/><V23/><F36/><W103/><G103/><T82/><D82/><U107/><E80/><V126/><F23/><W34/><G34/><T14/><D14/><U108/><E95/><V131/><F126/><W118/><G118/><T91/><D91/><U72/><E125/><V59/><F127/><W130/><G130/><T26/><D26/><U15/><E72/><V90/><F90/><W124/><G124/><T99/><D99/><U129/><E15/><V39/><F39/><W44/><G44/><T111/><D111/><U28/><E108/><V32/><F131/><W12/><G12/><T10/><D10/><U106/><E110/><V109/><F109/><W56/><G56/><T30/><D30/><U77/><E129/><RYUUKYOKU ba="0,1" sc="158,-10,249,-10,376,-10,207,30" hai3="18,21,25,46,48,58,60,65,76,78,94,98,102" /><INIT seed="7,1,1,0,0,30" ten="148,239,366,237" oya="3" hai0="125,127,34,43,76,14,100,97,116,37,81,18,16" hai1="126,44,22,38,117,11,40,57,106,78,42,20,0" hai2="52,15,71,104,59,129,114,134,98,88,66,89,62" hai3="27,95,118,9,63,35,33,90,99,2,122,21,113"/><W75/><G118/><T108/><D116/><U61/><E117/><V105/><F114/><W69/><G122/><T86/><D108/><U54/><E106/><V110/><F110/><W51/><G113/><T53/><D43/><U39/><E126/><V119/><F119/><W93/><G75/><T50/><D37/><U64/><E78/><V121/><F129/><W115/><G115/><T56/><D127/><U6/><E54/><V26/><F134/><W60/><G51/><T102/><D125/><U24/><E24/><V55/><F121/><W74/><G74/><T133/><D133/><U4/><E4/><V17/><F55/><W85/><G9/><T67/><D67/><U7/><E7/><V112/><F26/><W73/><G73/><T58/><D58/><U87/><E87/><V1/><F1/><W29/><G2/><T46/><D56/><U92/><E92/><V13/><F13/><W8/><G8/><T23/><D97/><U120/><E120/><V77/><F77/><W25/><G69/><T3/><D3/><U31/><E31/><V10/><F112/><W48/><G48/><T19/><REACH who="0" step="1"/><D34/><REACH who="0" ten="138,239,366,237" step="2"/><U32/><E32/><V80/><F98/><W132/><G132/><T128/><D128/><U84/><E40/><V101/><F71/><W96/><G33/><T135/><D135/><U79/><E39/><V109/><F66/><W12/><G99/><T130/><D130/><U72/><E38/><V111/><F109/><W68/><G96/><T82/><D82/><U70/><E42/><V36/><F111/><W124/><G124/><T41/><D41/><RYUUKYOKU ba="1,2" sc="138,30,239,-10,366,-10,237,-10" hai0="14,16,18,19,23,46,50,53,76,81,86,100,102" owari="168,-33.2,229,2.9,376,47.6,227,-17.3" /></mjloggm>