<mjloggm ver="2.3"><GO type="169" lobby="0"/><UN n0="%E3%81%86%E3%81%A1%E3%83%BC" n1="%E5%AD%A4%E7%8B%AC%E6%82%A3%E8%80%85" n2="%E5%85%A8%E9%80%9F%E3%82%86%E3%83%BC%E3%81%B8%E3%81%84" n3="%4B%2E%32%2E%4B%2E" dan="16,16,18,16" rate="2165.89,2056.00,2234.15,2080.00" sx="M,M,M,M"/><TAIKYOKU oya="0"/><INIT seed="0,0,0,0,0,33" ten="250,250,250,250" oya="0" hai0="131,32,85,64,114,110,126,105,8,48,135,44,109" hai1="88,18,31,42,9,112,74,15,120,77,7,117,132" hai2="0,73,39,38,101,28,104,24,36,5,66,72,95" hai3="49,100,98,12,86,129,81,103,6,91,92,54,87"/><T82/><D32/><U57/><E117/><V10/><F95/><W122/><G129/><T30/><D30/><U79/><E120/><V58/><F58/><W80/><G122/><T27/><D114/><U93/><E132/><V65/><F65/><W4/><G12/><T22/><D105/><U118/><E118/><V70/><F24/><W69/><G69/><T16/><D135/><U97/><E74/><V127/><F28/><W123/><G103/><T17/><D126/><U125/><E125/><V115/><F115/><W19/><G19/><N who="0" m="12767" /><D8/><U35/><E31/><V78/><F78/><W128/><G128/><T46/><D46/><U90/><E35/><V102/><F102/><W51/><G51/><T107/><D64/><U1/><E42/><V43/><F43/><W40/><G40/><N who="0" m="24583" /><D107/><U53/><E90/><V41/><F41/><W2/><G2/><T111/><D131/><U34/><E34/><V11/><F11/><W83/><G123/><T23/><D23/><U50/><E112/><V133/><F133/><W25/><G25/><T62/><D62/><U3/><E3/><V21/><F21/><AGARI ba="0,0" hai="1,7,9,15,18,21,50,53,57,77,79,88,93,97" machi="21" ten="30,3900,0" yaku="7,1,52,1,54,1" doraHai="33" who="1" fromWho="2" sc="250,0,250,39,250,-39,250,0" /><INIT seed="1,0,0,5,0,26" ten="250,289,211,250" oya="1" hai0="109,2,126,105,14,45,88,89,128,76,46,62,54" hai1="60,53,29,112,111,115,99,75,127,83,68,124,32" hai2="130,113,24,134,44,118,120,13,114,66,52,78,6" hai3="55,85,77,40,59,17,123,82,74,100,51,63,57"/><U22/><E22/><V117/><F78/><W18/><G123/><T121/><D2/><U65/><E53/><V3/><F3/><W87/><G100/><T67/><D109/><U119/><E119/><V15/><F120/><W10/><G40/><T64/><D105/><U21/><E21/><V70/><F134/><W93/><G10/><T30/><D76/><N who="1" m="44447" /><E99/><V84/><F84/><W28/><G28/><T4/><D126/><N who="1" m="48171" /><E111/><V129/><F70/><W43/><G43/><T92/><D54/><U108/><E108/><V80/><F66/><W104/><G104/><T116/><D67/><U90/><E90/><V41/><F80/><W81/><G74/><T5/><D89/><U12/><E12/><V135/><F135/><W20/><G20/><T122/><D116/><U61/><E60/><V56/><F24/><AGARI ba="0,0" hai="24,29,32,61,65,68,112,115" m="48171,44447" machi="24" ten="30,5800,0" yaku="18,1,23,1,52,1" doraHai="26" who="1" fromWho="2" sc="250,0,289,58,211,-58,250,0" /><INIT seed="1,1,0,0,1,46" ten="250,347,153,250" oya="1" hai0="81,94,24,80,90,68,62,63,128,50,101,4,47" hai1="35,100,135,28,96,120,104,110,7,118,89,121,49" hai2="76,107,2,36,38,32,71,26,33,10,112,16,119" hai3="55,56,73,75,82,124,53,61,17,132,66,13,40"/><U130/><E118/><V25/><F119/><W5/><G124/><T64/><D128/><U59/><E130/><V11/><F76/><W113/><G113/><T84/><D4/><U67/><E135/><V30/><F107/><W95/><G132/><T102/><D63/><U14/><E110/><V97/><F97/><W103/><G5/><T45/><D45/><U27/><E89/><V74/><F74/><W125/><G40/><T34/><D34/><U127/><E127/><V117/><F71/><W41/><G41/><T134/><D24/><U58/><E58/><V48/><F117/><W111/><G111/><T29/><D29/><U65/><E65/><V91/><F91/><W129/><G129/><T54/><REACH who="0" step="1"/><D134/><REACH who="0" ten="240,347,153,250" step="2"/><U44/><E7/><V20/><F112/><W122/><G61/><T115/><D115/><U31/><E31/><V70/><F70/><W87/><G125/><T123/><D123/><U79/><E14/><V126/><F126/><W23/><G122/><T98/><D98/><U85/><E59/><V57/><F33/><W21/><G13/><T77/><D77/><U42/><E67/><V22/><F32/><W52/><G66/><T43/><D43/><U83/><AGARI ba="1,1" hai="27,28,35,42,44,49,79,83,85,96,100,104,120,121" machi="83" ten="30,3000,0" yaku="0,1,52,1" doraHai="46" who="1" fromWho="1" sc="240,-11,347,43,153,-11,250,-11" /><INIT seed="1,2,0,1,2,9" ten="229,390,142,239" oya="1" hai0="76,94,65,93,40,16,132,56,110,28,15,108,19" hai1="70,97,7,55,109,96,129,39,60,59,45,131,54" hai2="4,81,86,27,51,106,0,123,125,73,100,71,101" hai3="57,1,126,122,41,62,85,26,34,67,6,12,52"/><U117/><E117/><V120/><F71/><W8/><G122/><T2/><D2/><U115/><E115/><V77/><F0/><W135/><G135/><T114/><D114/><U90/><E70/><V18/><F4/><W43/><G126/><T10/><D132/><U38/><E7/><V113/><F113/><W63/><G1/><T104/><D104/><U99/><E90/><V5/><F5/><W53/><G53/><T112/><D112/><U133/><E133/><V79/><F51/><W127/><G127/><T22/><D76/><N who="2" m="29258" /><F18/><W50/><G85/><T84/><D28/><U35/><E35/><V47/><F27/><W37/><G37/><T21/><D84/><U116/><E116/><V128/><F47/><W98/><G98/><T11/><D40/><U61/><E109/><N who="0" m="42089" /><D56/><N who="1" m="34847" /><E45/><V3/><F3/><W72/><G72/><T20/><D65/><U111/><E111/><V25/><F73/><W29/><REACH who="3" step="1"/><G62/><REACH who="3" ten="229,390,142,229" step="2"/><T124/><D124/><U78/><E39/><V68/><F125/><W130/><G130/><N who="1" m="49674" /><E38/><V48/><F128/><W32/><G32/><T119/><D119/><U75/><E78/><V30/><F123/><W103/><G103/><T36/><D36/><U91/><E75/><V42/><F120/><W105/><G105/><T80/><D80/><U64/><E91/><N who="2" m="51663" /><F106/><W118/><G118/><T134/><D134/><U46/><E54/><V17/><F101/><W66/><G66/><T23/><D94/><U14/><E64/><V49/><F100/><W102/><G102/><T44/><N who="0" m="5120" /><DORA hai="121" /><T107/><D107/><U92/><E61/><V74/><F74/><RYUUKYOKU ba="2,1" sc="229,-10,390,-10,142,-10,229,30" hai3="6,8,12,26,29,34,41,43,50,52,57,63,67" /><INIT seed="2,3,1,4,4,6" ten="219,380,132,259" oya="2" hai0="69,117,19,34,115,23,114,7,74,9,0,28,38" hai1="15,54,16,33,123,130,20,78,10,93,112,106,90" hai2="127,40,46,119,53,25,91,61,47,76,133,58,101" hai3="100,116,80,18,35,135,120,22,1,75,21,84,68"/><V65/><F119/><W86/><G68/><T99/><D38/><U109/><E112/><V72/><F127/><W32/><G116/><T126/><D74/><U81/><E106/><V13/><F133/><W79/><G120/><T124/><D69/><U102/><E33/><V3/><F3/><W122/><G122/><T45/><D45/><U121/><E109/><V92/><F101/><W60/><G1/><T59/><D59/><U31/><E130/><V37/><F25/><W118/><G22/><T107/><D99/><U87/><E102/><V83/><F13/><W129/><G129/><T71/><D71/><U55/><E121/><V11/><F47/><W27/><G135/><T73/><D73/><U98/><E123/><V104/><F104/><W94/><G60/><T17/><D107/><U42/><E42/><V30/><F30/><W132/><G132/><T63/><D63/><U8/><E8/><V85/><BYE who="1" /><REACH who="2" step="1"/><F11/><REACH who="2" ten="219,380,122,259" step="2"/><UN n1="%E5%AD%A4%E7%8B%AC%E6%82%A3%E8%80%85" /><W77/><G118/><T51/><D117/><U4/><E31/><V36/><F36/><W64/><G100/><T29/><D29/><U111/><E111/><V56/><F56/><W41/><G27/><AGARI ba="3,2" hai="4,10,15,16,20,27,54,55,78,81,87,90,93,98" machi="27" ten="30,7700,0" yaku="7,1,8,1,52,1,54,1" doraHai="6" who="1" fromWho="3" sc="219,0,380,106,122,0,259,-86" /><INIT seed="3,0,0,1,2,50" ten="219,486,122,173" oya="3" hai0="12,84,60,72,66,69,36,56,54,89,86,96,91" hai1="10,24,101,83,90,31,45,114,55,123,118,42,94" hai2="23,79,122,22,117,4,77,85,2,70,106,18,104" hai3="92,132,109,48,125,81,38,87,21,110,0,49,9"/><W57/><G38/><T8/><D72/><U28/><E114/><V52/><F70/><W73/><G73/><T116/><D36/><U41/><E123/><V134/><F117/><W11/><G92/><T64/><D116/><U103/><E83/><V76/><F2/><W82/><G82/><N who="0" m="49303" /><D96/><U20/><E31/><V39/><F39/><W46/><G125/><T58/><D58/><U34/><E34/><V113/><F4/><W27/><G57/><T6/><D69/><U100/><E10/><V75/><F75/><W115/><G115/><T47/><D47/><U71/><E71/><V37/><F37/><W127/><G132/><T62/><D62/><U95/><E95/><AGARI ba="0,0" hai="6,8,12,54,56,60,64,66,86,91,95" m="49303" machi="95" ten="30,2000,0" yaku="8,1,52,1" doraHai="50" who="0" fromWho="1" sc="219,20,486,-20,122,0,173,0" /><INIT seed="4,0,0,4,5,39" ten="239,466,122,173" oya="0" hai0="119,47,66,26,2,71,112,68,58,0,117,121,17" hai1="98,65,89,99,12,67,69,27,109,13,73,130,4" hai2="22,79,31,91,87,93,37,44,120,124,106,30,16" hai3="5,102,94,82,115,40,110,6,15,3,64,38,131"/><T9/><D121/><U122/><E109/><V70/><F120/><W51/><G110/><T57/><D112/><U114/><E73/><V54/><F124/><W133/><G38/><T53/><D26/><U105/><E130/><V21/><F70/><W78/><G3/><T100/><D100/><U97/><E105/><V118/><F106/><W36/><G36/><T76/><D17/><U85/><E114/><V81/><F22/><W18/><G64/><N who="1" m="24650" /><E69/><V86/><F118/><W28/><G133/><T7/><D76/><U35/><E35/><V95/><F95/><W129/><G28/><T59/><D66/><U62/><E62/><V24/><REACH who="2" step="1"/><F37/><REACH who="2" ten="239,466,112,173" step="2"/><W83/><G115/><T29/><D68/><U77/><E122/><V46/><F46/><W19/><G129/><T132/><D71/><U48/><E27/><V60/><F60/><W111/><G131/><T52/><D47/><U34/><E34/><V8/><F8/><W84/><G111/><T42/><D9/><U74/><E48/><AGARI ba="0,1" hai="16,21,24,30,31,44,48,54,79,81,86,87,91,93" machi="48" ten="40,5200,0" yaku="1,1,8,1,54,1,53,0" doraHai="39" doraHaiUra="55" who="2" fromWho="1" sc="239,0,466,-52,112,62,173,0" /><INIT seed="5,0,0,3,5,118" ten="239,414,174,173" oya="1" hai0="129,109,65,91,87,97,7,101,120,78,42,11,52" hai1="73,61,93,43,63,123,112,47,85,108,25,94,12" hai2="46,27,80,53,76,82,89,31,126,84,75,19,128" hai3="79,100,88,57,44,50,131,81,66,29,119,62,54"/><U30/><E73/><V104/><F104/><W122/><G131/><T103/><D109/><U32/><E108/><V71/><F128/><W95/><G119/><T38/><D78/><U0/><E0/><V37/><F126/><W106/><G122/><T55/><D65/><U13/><E112/><V107/><F107/><W23/><G106/><T125/><D125/><U69/><E123/><V115/><F71/><W36/><G36/><T10/><D10/><U96/><E85/><V8/><F115/><W132/><G132/><T18/><D18/><U72/><E72/><V110/><F110/><W21/><G100/><T28/><BYE who="1" /><D28/><UN n1="%E5%AD%A4%E7%8B%AC%E6%82%A3%E8%80%85" /><U86/><E86/><V77/><F37/><W58/><G58/><T113/><D97/><U60/><E93/><V67/><F67/><W34/><G34/><T22/><D22/><U74/><E74/><V98/><F98/><W41/><G29/><T64/><D64/><U6/><E6/><V105/><F105/><W5/><G5/><T3/><D120/><U59/><E59/><V130/><F130/><W127/><G127/><T133/><D133/><U124/><E69/><V26/><F77/><W2/><G2/><T40/><D129/><U83/><E83/><BYE who="1" /><V16/><F8/><W48/><G81/><N who="0" m="49647" /><D38/><UN n1="%E5%AD%A4%E7%8B%AC%E6%82%A3%E8%80%85" /><U117/><E124/><V114/><F114/><W1/><G1/><T33/><D33/><U17/><E117/><V24/><REACH who="2" step="1"/><F31/><REACH who="2" ten="239,414,164,173" step="2"/><W121/><G121/><T135/><D113/><U68/><E68/><V92/><F92/><W56/><G79/><T90/><D135/><U15/><E94/><V20/><F20/><N who="3" m="7755" /><G95/><T49/><D11/><RYUUKYOKU ba="0,1" sc="239,-15,414,-15,164,15,173,15" hai2="16,19,24,26,27,46,53,75,76,80,82,84,89" hai3="41,44,48,50,54,56,57,62,66,88" /><INIT seed="6,1,1,1,5,23" ten="224,399,179,188" oya="2" hai0="113,68,36,98,117,63,97,62,112,133,2,90,83" hai1="108,65,126,70,87,24,88,119,26,6,114,52,101" hai2="132,35,37,135,42,80,5,7,40,27,22,75,73" hai3="69,103,58,13,47,4,72,77,94,96,60,45,48"/><V56/><F35/><W82/><G69/><T46/><D133/><N who="2" m="51274" /><F56/><W115/><G115/><N who="0" m="44107" /><D2/><U50/><E108/><V118/><F118/><W16/><G4/><N who="2" m="1609" /><F80/><W44/><G60/><N who="0" m="23083" /><D68/><U8/><E65/><V125/><F125/><W15/><G58/><T32/><D32/><U3/><E70/><V105/><F105/><W10/><REACH who="3" step="1"/><G15/><REACH who="3" ten="224,399,179,178" step="2"/><T85/><D117/><U111/><E114/><V86/><F86/><W110/><G110/><T14/><D14/><U31/><E87/><V122/><F122/><W102/><G102/><T66/><D66/><U107/><E111/><V106/><F106/><W130/><G130/><T19/><D97/><U43/><E107/><V25/><F25/><W39/><G39/><T51/><D98/><U55/><E26/><V49/><F37/><W67/><G67/><T21/><D36/><U124/><E119/><V81/><F49/><AGARI ba="1,2" hai="10,13,16,44,45,47,48,49,72,77,82,94,96,103" machi="49" ten="40,5200,0" yaku="1,1,54,1,53,1" doraHai="23" doraHaiUra="104" who="3" fromWho="2" sc="224,0,399,0,179,-55,178,75" /><INIT seed="7,0,0,3,4,24" ten="224,399,124,253" oya="3" hai0="62,79,87,80,49,28,95,90,66,105,29,110,50" hai1="13,116,67,122,93,6,16,98,4,68,81,54,75" hai2="125,31,97,135,18,34,25,102,23,94,73,129,134" hai3="106,10,3,35,120,84,2,115,133,8,112,40,82"/><W7/><G120/><T78/><D105/><U9/><E122/><V99/><F73/><W128/><G106/><T70/><D79/><U15/><E116/><V71/><F71/><W104/><G104/><T109/><D50/><U121/><E121/><V113/><F113/><N who="3" m="43595" /><G40/><T76/><D76/><U65/><E68/><V126/><F94/><W127/><G35/><T59/><D70/><U12/><E81/><V100/><F97/><W45/><G45/><T101/><D101/><N who="1" m="60623" /><E75/><V37/><F37/><W85/><G127/><N who="2" m="48649" /><F99/><W132/><G128/><T92/><D92/><U124/><E124/><V42/><F42/><W131/><G131/><T47/><D109/><U83/><E83/><V56/><F100/><W74/><G74/><T0/><D0/><U20/><E54/><V57/><F102/><W52/><G52/><N who="0" m="29759" /><D110/><U51/><E51/><V58/><F129/><W1/><G82/><T119/><D119/><U96/><E96/><AGARI ba="0,0" hai="28,29,59,62,66,78,80,87,90,95,96" m="29759" machi="96" ten="30,7700,0" yaku="8,1,52,2,54,1" doraHai="24" who="0" fromWho="1" sc="224,77,399,-77,124,0,253,0" owari="301,10.1,322,42.2,124,-37.6,253,-14.7" /></mjloggm>