<mjloggm ver="2.3"><GO type="169" lobby="0"/><UN n0="%E3%83%93%E3%83%81%E3%83%A3%E5%B1%B1%E3%83%93%E3%83%81%E3%83%A3%E7%94%B7" n1="%E4%BF%BA%E3%81%A7%E3%81%99" n2="%E3%83%9D%E3%83%B3%E3%83%9D%E3%82%B3%E5%95%86%E4%BA%8B" n3="%6F%74%6E%65%6D%65%6D" dan="16,16,16,16" rate="2110.96,2139.64,2072.25,2123.29" sx="M,M,M,M"/><TAIKYOKU oya="0"/><INIT seed="0,0,0,1,2,109" ten="250,250,250,250" oya="0" hai0="120,117,71,57,128,133,70,14,38,52,33,22,95" hai1="129,41,34,9,39,72,125,78,84,103,63,46,18" hai2="48,47,8,30,60,98,68,111,127,107,77,102,101" hai3="13,126,74,75,53,59,12,69,26,56,66,80,44"/><T49/><D128/><U43/><E34/><V76/><F111/><W112/><G126/><T85/><D133/><U21/><E125/><V50/><F127/><W119/><G69/><T16/><D117/><U61/><E72/><V27/><F102/><W73/><G119/><T123/><D38/><U25/><E129/><V0/><F48/><W100/><G100/><T115/><D115/><U88/><E103/><V24/><F24/><W92/><G92/><T67/><D33/><U5/><E78/><V2/><F2/><W124/><G80/><T54/><D67/><U20/><E20/><V96/><F96/><W4/><G26/><T35/><D35/><U131/><E43/><V105/><F105/><W55/><G44/><T87/><D54/><U91/><E91/><V113/><F113/><W130/><G66/><T51/><D51/><U31/><E31/><V23/><F60/><W83/><G83/><T135/><D87/><U62/><E131/><V58/><F58/><W3/><G130/><T97/><D135/><U17/><E17/><V118/><F68/><N who="0" m="26154" /><D97/><U7/><REACH who="1" step="1"/><E9/><REACH who="1" ten="250,240,250,250" step="2"/><V86/><F118/><W1/><G124/><T42/><D42/><U89/><E89/><AGARI ba="0,1" hai="14,16,22,49,52,57,85,89,95,120,123" m="26154" machi="89" ten="30,5800,0" yaku="25,1,54,2" doraHai="109" who="0" fromWho="1" sc="250,68,240,-58,250,0,250,0" /><INIT seed="0,1,0,5,4,44" ten="318,182,250,250" oya="0" hai0="18,24,118,94,133,114,4,108,6,7,55,66,75" hai1="86,134,68,129,36,41,61,123,53,115,91,99,107" hai2="37,43,117,74,80,49,131,59,45,89,57,135,0" hai3="128,73,119,90,8,33,15,27,88,81,39,48,2"/><T20/><D114/><U126/><E123/><V87/><F131/><W101/><G128/><T21/><D118/><U97/><E41/><V121/><F121/><W12/><G39/><T34/><D75/><U16/><E36/><V85/><F74/><W72/><G119/><T113/><D113/><U50/><E129/><V51/><F117/><W63/><G101/><T93/><D34/><U111/><E111/><V95/><F0/><W23/><G33/><T35/><D35/><U70/><E126/><V10/><F10/><W65/><G2/><T110/><D66/><U22/><E134/><V14/><F14/><W29/><G15/><N who="0" m="9311" /><D55/><U71/><E107/><V124/><F124/><W26/><G26/><T105/><D105/><U13/><E61/><V98/><F135/><W104/><G104/><T84/><D84/><U109/><E109/><N who="0" m="42089" /><D133/><U25/><E115/><V62/><F87/><W30/><G73/><T130/><D130/><U1/><E1/><V64/><REACH who="2" step="1"/><F59/><REACH who="2" ten="318,182,240,250" step="2"/><W9/><G72/><T102/><D102/><AGARI ba="1,1" hai="37,43,45,49,51,57,62,64,80,85,89,95,98,102" machi="102" ten="30,8000,1" yaku="1,1,2,1,7,1,52,2,53,0" doraHai="44" doraHaiUra="122" who="2" fromWho="0" sc="318,-83,182,0,240,93,250,0" /><INIT seed="1,0,0,1,5,111" ten="235,182,333,250" oya="1" hai0="25,39,23,131,107,129,1,33,34,51,38,18,113" hai1="102,68,128,93,96,119,81,44,104,67,50,12,42" hai2="87,56,60,99,36,16,43,5,46,91,55,120,110" hai3="9,95,21,62,15,73,78,97,103,108,106,130,53"/><U126/><E119/><V121/><F110/><W59/><G130/><N who="0" m="49675" /><D107/><U134/><E128/><V100/><F5/><W69/><G108/><T72/><D72/><U70/><E134/><V20/><F87/><W112/><G69/><T61/><D51/><U13/><E126/><V117/><F117/><W83/><G21/><T41/><D1/><U17/><E104/><V132/><F132/><W30/><G30/><T8/><D41/><U115/><E12/><V82/><F82/><W47/><G47/><T37/><D61/><U48/><E48/><V10/><F10/><W125/><G125/><T26/><D8/><U35/><E35/><N who="0" m="13321" /><D26/><U76/><E67/><V71/><F71/><W92/><REACH who="3" step="1"/><G112/><AGARI ba="0,0" hai="18,23,25,37,38,39,112,113" m="13321,49675" machi="112" ten="40,5200,0" yaku="19,1,52,2" doraHai="111" who="0" fromWho="3" sc="235,52,182,0,333,0,250,-52" /><INIT seed="2,0,0,2,1,116" ten="287,182,333,198" oya="2" hai0="122,24,126,54,74,13,57,1,80,130,41,133,65" hai1="2,83,60,22,118,26,92,86,98,127,100,7,62" hai2="131,108,14,81,58,85,109,129,35,17,99,94,15" hai3="95,59,135,50,114,3,34,123,6,68,21,44,70"/><V91/><F35/><W119/><G34/><T77/><D1/><U84/><E118/><V55/><F14/><W38/><G119/><T5/><D130/><N who="2" m="49674" /><F15/><W10/><G135/><T42/><D126/><U27/><E127/><V47/><F17/><W33/><G114/><T71/><D133/><U30/><E86/><V124/><F47/><W28/><G38/><T49/><D24/><U16/><E7/><V101/><F124/><W56/><G33/><T23/><D122/><U112/><E112/><V25/><F25/><W67/><G123/><T111/><D111/><N who="2" m="42570" /><F58/><W103/><G59/><T36/><D23/><N who="1" m="15711" /><E2/><V48/><F48/><W8/><G28/><T97/><D42/><U64/><E64/><V120/><F55/><W76/><G21/><T32/><D32/><U66/><E66/><V105/><F120/><W18/><G18/><T93/><D36/><U132/><E132/><V78/><F78/><AGARI ba="0,0" hai="16,22,27,60,62,78,83,84,92,98,100" m="15711" machi="78" ten="30,2000,0" yaku="8,1,54,1" doraHai="116" who="1" fromWho="2" sc="287,0,182,20,333,-20,198,0" /><INIT seed="3,0,0,1,3,97" ten="287,202,313,198" oya="3" hai0="40,50,64,73,61,31,59,29,42,116,78,38,125" hai1="66,79,1,115,109,22,11,118,27,122,121,103,20" hai2="30,128,35,23,45,75,39,117,32,41,24,111,34" hai3="52,135,47,129,28,93,37,99,67,51,101,102,53"/><W0/><G0/><T44/><D116/><U132/><E66/><V10/><F111/><W96/><G37/><T43/><D125/><U94/><E79/><V57/><F117/><W126/><G126/><T95/><D73/><U74/><E74/><V80/><F128/><W88/><G129/><T76/><D38/><U62/><E62/><V105/><F57/><W36/><G36/><T106/><D106/><U119/><E94/><V60/><F60/><W82/><G135/><T84/><D78/><U5/><E103/><N who="3" m="39434" /><G67/><T130/><D130/><U2/><E132/><V127/><F105/><W108/><G28/><N who="0" m="10827" /><D95/><U63/><E63/><V107/><F107/><W98/><G108/><T69/><D69/><U89/><E109/><V85/><F75/><W56/><G82/><AGARI ba="0,0" hai="40,42,43,44,50,59,61,64,76,82,84" m="10827" machi="82" ten="30,1000,0" yaku="8,1" doraHai="97" who="0" fromWho="3" sc="287,10,202,0,313,0,198,-10" /><INIT seed="4,0,0,5,1,86" ten="297,202,313,188" oya="0" hai0="90,23,44,71,125,107,73,9,120,96,95,91,43" hai1="84,36,41,119,55,47,57,53,28,63,106,39,21" hai2="16,33,27,87,61,49,11,45,124,102,32,80,31" hai3="134,3,17,50,126,82,132,35,51,37,109,12,7"/><T19/><D125/><U127/><E119/><V128/><F128/><W101/><G109/><T64/><D120/><U68/><E106/><V22/><F102/><W25/><G37/><T74/><D107/><U123/><E123/><V10/><F61/><W117/><G117/><T76/><D71/><U88/><E127/><V114/><F114/><W26/><G126/><T52/><D64/><U13/><E68/><V58/><F58/><W46/><G101/><T15/><D76/><U69/><E69/><V70/><F70/><W4/><G82/><T130/><D130/><U113/><E113/><V62/><F62/><W38/><G38/><T116/><D43/><U112/><E112/><V83/><F83/><W1/><G46/><T105/><D105/><U72/><E72/><V89/><F33/><W97/><G97/><T66/><D66/><U60/><E39/><V122/><F122/><W65/><G65/><T78/><D116/><U67/><E63/><V98/><F98/><W40/><G40/><T48/><D78/><U79/><E79/><V18/><F124/><W56/><G56/><T121/><D121/><U129/><E129/><V8/><REACH who="2" step="1"/><F32/><REACH who="2" ten="297,202,303,188" step="2"/><W14/><REACH who="3" step="1"/><G35/><REACH who="3" ten="297,202,303,178" step="2"/><T85/><REACH who="0" step="1"/><D23/><REACH who="0" ten="287,202,303,178" step="2"/><U93/><E21/><V0/><F0/><W6/><G6/><T94/><AGARI ba="0,3" hai="9,15,19,44,48,52,73,74,85,90,91,94,95,96" machi="94" ten="20,18000,2" yaku="1,1,2,1,0,1,7,1,52,2,54,1,53,0" doraHai="86" doraHaiUra="115" who="0" fromWho="0" sc="287,210,202,-60,303,-60,178,-60" /><INIT seed="4,1,0,3,0,114" ten="497,142,243,118" oya="0" hai0="85,103,48,30,54,111,27,60,134,15,24,91,112" hai1="123,105,117,9,93,67,35,31,122,81,104,94,77" hai2="71,121,135,97,29,45,50,130,132,127,89,32,113" hai3="14,34,62,120,55,4,131,53,26,49,20,80,108"/><T72/><D72/><U33/><E67/><V28/><F121/><N who="1" m="46089" /><E9/><V46/><F71/><W2/><G131/><T116/><D112/><U6/><E6/><V109/><F130/><W83/><G108/><T124/><D124/><U40/><E40/><V133/><F109/><W75/><G120/><T98/><D134/><U88/><E31/><V5/><F127/><W21/><G34/><T125/><D60/><U23/><E23/><V36/><F113/><W78/><G2/><T101/><D98/><N who="1" m="57639" /><E35/><V0/><F36/><W86/><G62/><T79/><D79/><U70/><E33/><V65/><F65/><W84/><G75/><T52/><D125/><U87/><E70/><V12/><F0/><W99/><G99/><T107/><D107/><N who="1" m="41035" /><E94/><N who="2" m="56527" /><F32/><W69/><G69/><T18/><D111/><U42/><E42/><N who="2" m="24887" /><F46/><W102/><G4/><T10/><D54/><U92/><E92/><V128/><F128/><W95/><G14/><T59/><D27/><U7/><E7/><V38/><F38/><W57/><G53/><T39/><D39/><U115/><E115/><V118/><F12/><W76/><G26/><T8/><D24/><U19/><E19/><V100/><F5/><W51/><G51/><T44/><D30/><U11/><E11/><V63/><F29/><W17/><G17/><T3/><D44/><U61/><E61/><V106/><F63/><W22/><G95/><N who="0" m="54767" /><D8/><U126/><E126/><V64/><F28/><W37/><G37/><T1/><D1/><U74/><E74/><V47/><F133/><W66/><G66/><T90/><D3/><U110/><E110/><RYUUKYOKU ba="1,0" sc="497,-15,142,15,243,-15,118,15" hai1="77,81,87,117" hai3="20,21,22,49,55,57,76,78,80,83,84,86,102" /><INIT seed="5,2,0,5,0,60" ten="482,157,228,133" oya="1" hai0="126,35,127,120,39,5,8,128,57,43,93,96,95" hai1="13,66,52,73,61,118,11,28,130,82,133,32,116" hai2="27,33,20,59,10,16,42,94,117,26,105,85,102" hai3="58,110,104,19,65,88,30,38,124,25,56,7,63"/><U2/><E133/><V50/><F117/><W125/><G110/><T107/><D35/><U92/><E130/><V37/><F37/><W71/><G38/><T9/><D9/><U115/><E115/><V123/><F105/><W84/><G104/><T91/><D107/><U46/><E2/><V69/><F69/><W23/><G7/><T83/><D120/><U74/><E92/><V14/><F123/><W3/><G3/><T129/><D83/><U31/><E116/><V55/><F42/><W15/><G124/><N who="0" m="47659" /><D57/><U70/><E118/><V21/><F33/><W121/><G121/><T1/><D95/><U109/><E109/><V68/><F68/><W113/><G113/><T100/><D100/><U24/><E82/><V119/><F119/><W99/><G99/><T132/><D132/><U53/><E31/><V0/><F0/><W45/><G45/><AGARI ba="2,0" hai="1,5,8,39,43,45,91,93,96,128,129" m="47659" machi="45" ten="30,1000,0" yaku="18,1" doraHai="60" who="0" fromWho="3" sc="482,16,157,0,228,0,133,-16" /><INIT seed="6,0,0,5,3,55" ten="498,157,228,117" oya="2" hai0="36,81,37,2,6,101,89,34,17,129,84,52,73" hai1="26,65,85,62,96,53,10,46,123,106,78,134,23" hai2="107,70,54,77,72,109,116,64,29,90,13,87,127" hai3="79,130,38,15,11,9,103,28,93,75,1,108,47"/><V117/><F127/><W83/><G108/><T60/><D34/><U76/><E134/><V74/><F109/><W43/><G130/><T66/><D101/><U30/><E123/><V14/><F107/><W133/><G133/><T104/><D104/><U12/><E106/><V39/><F39/><W25/><G11/><T120/><D120/><U102/><E46/><V41/><F41/><W113/><G113/><T31/><D31/><U95/><E53/><V135/><F135/><W35/><G93/><T19/><D73/><U51/><E51/><V126/><F126/><W42/><G42/><T114/><D114/><U5/><REACH who="1" step="1"/><E85/><REACH who="1" ten="498,147,228,117" step="2"/><V115/><F54/><W98/><G98/><T122/><D52/><U105/><E105/><V63/><F115/><W0/><REACH who="3" step="1"/><G103/><REACH who="3" ten="498,147,228,107" step="2"/><T82/><D129/><U57/><AGARI ba="0,2" hai="5,10,12,23,26,30,57,62,65,76,78,95,96,102" machi="57" ten="20,16000,3" yaku="1,1,0,1,7,1,25,2,8,1,52,1,53,1" doraHai="55" doraHaiUra="97" who="1" fromWho="1" sc="498,-40,147,180,228,-80,107,-40" /><INIT seed="7,0,0,1,5,90" ten="458,327,148,67" oya="3" hai0="34,28,36,44,7,105,74,27,51,78,42,23,113" hai1="85,66,88,41,79,76,75,63,95,87,114,96,56" hai2="46,89,101,112,62,6,30,103,111,130,64,13,135" hai3="50,29,131,52,12,26,35,11,69,119,15,93,127"/><W43/><G119/><T77/><D105/><U8/><E114/><V19/><F111/><W17/><G69/><T108/><D108/><U0/><E41/><V53/><F112/><W57/><G131/><T81/><D77/><U120/><E120/><V80/><F30/><W82/><G127/><T68/><D68/><U99/><E75/><V102/><F6/><W100/><G43/><T122/><D113/><U124/><E124/><V106/><F106/><W97/><G82/><T33/><D122/><U24/><E24/><V60/><F135/><W1/><REACH who="3" step="1"/><G15/><REACH who="3" ten="458,327,148,57" step="2"/><T32/><D42/><U48/><E0/><AGARI ba="0,1" hai="0,1,11,12,17,26,29,35,50,52,57,93,97,100" machi="0" ten="40,12000,1" yaku="1,1,2,1,52,1,54,1,53,1" doraHai="90" doraHaiUra="92" who="3" fromWho="1" sc="458,0,327,-120,148,0,57,130" /><INIT seed="7,1,0,2,3,130" ten="458,207,148,187" oya="3" hai0="55,107,84,120,122,103,88,91,52,6,70,132,57" hai1="131,124,80,71,83,125,34,106,82,117,11,20,51" hai2="128,81,105,14,27,7,94,79,64,85,21,37,113" hai3="48,25,44,33,26,31,67,5,38,133,69,17,49"/><W4/><G69/><T36/><D70/><U63/><E131/><V40/><F128/><W42/><G67/><T102/><D36/><U110/><E110/><V127/><F127/><N who="1" m="48713" /><E34/><V15/><F113/><W96/><G96/><T72/><D72/><U97/><E20/><V89/><F105/><W29/><G17/><T43/><D43/><U99/><E51/><V126/><F126/><W90/><G90/><T32/><D32/><U28/><E28/><V92/><F92/><W109/><G109/><T50/><D84/><U8/><E117/><V115/><F115/><W35/><G133/><T68/><D6/><AGARI ba="1,0" hai="4,5,6,25,26,29,31,33,35,38,42,44,48,49" machi="6" ten="40,2000,0" yaku="9,1" doraHai="130" who="3" fromWho="0" sc="458,-23,207,0,148,0,187,23" /><INIT seed="7,2,0,1,5,36" ten="435,207,148,210" oya="3" hai0="123,90,15,92,2,44,53,93,85,130,84,46,78" hai1="19,59,43,103,37,116,54,24,58,68,88,86,56" hai2="99,107,49,104,64,7,95,38,115,79,73,101,105" hai3="89,3,67,91,28,119,9,126,52,113,87,75,5"/><W111/><G119/><T69/><D2/><U6/><E68/><V16/><F38/><W120/><G120/><T94/><D69/><U117/><E103/><V121/><F121/><W1/><G75/><T14/><D130/><U45/><E6/><V17/><F115/><W70/><G113/><T29/><D29/><U8/><E54/><V25/><F7/><W134/><G126/><T83/><D93/><N who="1" m="54423" /><E24/><V133/><F133/><W66/><G134/><T39/><D39/><U114/><E114/><V127/><F127/><W97/><G28/><T106/><D84/><U41/><E41/><V60/><F25/><W98/><G70/><T108/><D78/><U63/><E63/><V34/><F34/><W122/><G122/><T31/><D31/><U132/><E132/><V80/><REACH who="2" step="1"/><F49/><REACH who="2" ten="435,207,138,210" step="2"/><W11/><G5/><T109/><D46/><U0/><E45/><V18/><F18/><W42/><G111/><T30/><D92/><U96/><E19/><V65/><F65/><W100/><G67/><T57/><D90/><U50/><E50/><V35/><F35/><W61/><G66/><T131/><D85/><U118/><E37/><V51/><F51/><W81/><G89/><T40/><D15/><U26/><E26/><V72/><F72/><W74/><G91/><T27/><D123/><U55/><E118/><V20/><F20/><W23/><G23/><T22/><D22/><U82/><E117/><V48/><F48/><W10/><G74/><T125/><D125/><U112/><E116/><V32/><F32/><W12/><G87/><T77/><D131/><U124/><E124/><RYUUKYOKU ba="2,1" sc="435,-10,207,-10,138,30,210,-10" hai2="16,17,60,64,73,79,80,95,99,101,104,105,107" owari="435,53.5,197,-20.3,168,-33.2,200,0.0" /></mjloggm>