<mjloggm ver="2.3"><GO type="169" lobby="0"/><UN n0="%E3%81%8B%E3%81%B6%E8%8C%B6" n1="%E3%81%98%E3%82%93%31%33" n2="%E3%83%8E%E3%82%AA%E3%83%81%E3%83%A3%E3%83%99%E3%82%B9" n3="%E5%B3%B6%E7%94%B0%E7%9C%9F%E5%A4%A2" dan="17,17,16,16" rate="2144.76,2236.72,2145.49,2170.53" sx="M,M,M,F"/><TAIKYOKU oya="0"/><INIT seed="0,0,0,0,0,9" ten="250,250,250,250" oya="0" hai0="115,114,69,125,45,104,32,66,27,3,68,5,82" hai1="121,51,56,123,47,15,48,53,79,2,63,58,100" hai2="29,54,40,81,119,91,87,52,31,98,96,86,124" hai3="36,46,129,110,44,88,84,67,74,127,97,37,59"/><T78/><D125/><U102/><E79/><V23/><F40/><W118/><G118/><T113/><D104/><U60/><E15/><V70/><F70/><W50/><G127/><T116/><D116/><U73/><E73/><V93/><F119/><W0/><G74/><T18/><D66/><U28/><E28/><V108/><F124/><W122/><G122/><T71/><D45/><U49/><E2/><V112/><F112/><W130/><G0/><T101/><D101/><N who="1" m="39019" /><E121/><V120/><F120/><W26/><G97/><N who="2" m="37481" /><F108/><W24/><G24/><T10/><D18/><U55/><E123/><V111/><F111/><W33/><G110/><T83/><REACH who="0" step="1"/><D78/><REACH who="0" ten="240,250,250,250" step="2"/><U21/><E21/><V13/><F31/><AGARI ba="0,1" hai="3,5,10,27,31,32,68,69,71,82,83,113,114,115" machi="31" ten="50,4800,0" yaku="1,1,2,1,53,0" doraHai="9" doraHaiUra="134" who="0" fromWho="2" sc="240,58,250,0,250,-48,250,0" /><INIT seed="0,1,0,1,4,2" ten="298,250,202,250" oya="0" hai0="57,66,94,113,127,31,68,55,40,132,130,92,10" hai1="122,135,117,26,6,79,108,22,106,133,28,63,54" hai2="110,37,20,102,11,74,38,116,105,62,120,21,24" hai3="114,15,23,60,124,87,99,90,19,96,14,103,3"/><T93/><D113/><U13/><E106/><V118/><F74/><W48/><G114/><T70/><D130/><U25/><E117/><V30/><F120/><W42/><G3/><T111/><D127/><U29/><E122/><V73/><F73/><W75/><G75/><T125/><D125/><U34/><E79/><V80/><F80/><W88/><G124/><T101/><D132/><N who="1" m="50763" /><E54/><V36/><F110/><W49/><G60/><T98/><D111/><U12/><E63/><V85/><F85/><W46/><G90/><T134/><D134/><U123/><E123/><V9/><F62/><W76/><G76/><T18/><D31/><U5/><E108/><V53/><F53/><W27/><G48/><T91/><D40/><U78/><E78/><V121/><F121/><W47/><G47/><T51/><D66/><U65/><E65/><V43/><F43/><W95/><REACH who="3" step="1"/><G99/><REACH who="3" ten="298,250,202,240" step="2"/><T61/><D61/><U109/><E109/><V115/><F115/><W131/><G131/><T44/><D44/><U89/><E89/><V17/><F116/><W52/><G52/><T84/><D70/><U126/><E126/><V119/><F119/><W56/><G56/><T45/><D68/><U112/><E112/><V71/><F71/><W33/><G33/><T97/><D57/><U1/><E1/><V72/><F72/><W83/><AGARI ba="1,1" hai="14,15,19,23,27,42,46,49,83,87,88,95,96,103" machi="83" ten="20,8000,1" yaku="1,1,0,1,7,1,8,1,54,1,53,0" doraHai="2" doraHaiUra="32" who="3" fromWho="3" sc="298,-41,250,-21,202,-21,240,93" /><INIT seed="1,0,0,5,3,12" ten="257,229,181,333" oya="1" hai0="36,107,70,24,39,95,63,104,30,60,102,66,62" hai1="134,52,76,18,75,133,29,78,71,90,92,53,40" hai2="80,47,13,9,84,119,87,82,126,135,3,21,113" hai3="65,86,7,110,48,35,83,103,111,59,121,46,58"/><U79/><E75/><V28/><F3/><W69/><G35/><N who="0" m="20935" /><D95/><U114/><E114/><V51/><F119/><W99/><G121/><T1/><D107/><U67/><E40/><V77/><F113/><W20/><G69/><T130/><D1/><U31/><E31/><V42/><BYE who="1" /><F135/><W105/><G65/><T101/><D101/><U89/><E89/><V120/><F120/><W73/><G73/><T81/><D81/><U50/><E50/><V91/><F126/><W64/><G64/><T14/><D14/><U8/><E8/><V38/><F28/><UN n1="%E3%81%98%E3%82%93%31%33" /><W118/><G118/><T45/><D130/><U124/><E124/><V98/><F21/><W26/><G7/><T16/><D16/><U122/><E122/><V43/><F98/><W131/><G131/><T96/><D45/><U23/><E29/><V19/><F38/><AGARI ba="0,0" hai="36,38,39,60,62,63,66,70,96,102,104" m="20935" machi="38" ten="30,1000,0" yaku="25,1" doraHai="12" who="0" fromWho="2" sc="257,10,229,0,181,-10,333,0" /><INIT seed="2,0,0,1,1,88" ten="267,229,171,333" oya="2" hai0="40,71,48,123,74,111,5,39,94,21,0,133,57" hai1="91,117,104,70,22,30,115,129,106,112,134,46,14" hai2="31,135,62,12,59,47,76,97,126,116,92,42,79" hai3="25,8,118,53,15,125,86,75,38,61,64,107,67"/><V56/><F56/><W109/><G118/><T4/><D74/><U7/><E117/><V80/><F116/><W29/><G75/><T108/><D123/><U24/><E129/><V54/><F126/><W93/><G107/><T63/><D133/><U90/><E134/><V110/><F135/><W119/><G38/><T105/><D105/><U65/><E104/><V98/><F98/><W96/><G119/><T77/><D77/><U66/><E106/><V114/><F114/><W101/><G86/><T81/><D81/><U100/><E100/><V18/><F31/><W13/><G125/><T28/><D0/><U1/><E1/><V84/><F76/><W45/><G13/><T33/><D33/><U32/><E46/><V122/><F122/><W78/><G78/><T99/><D39/><U37/><E37/><V55/><F110/><W52/><G109/><T85/><D85/><U26/><E112/><V20/><F42/><W68/><G64/><N who="0" m="39023" /><D71/><U72/><E72/><V3/><F3/><W41/><G41/><T11/><D11/><U121/><E121/><V60/><F47/><W89/><G45/><N who="0" m="25639" /><D111/><U49/><E70/><V82/><F82/><W35/><REACH who="3" step="1"/><G101/><REACH who="3" ten="267,229,171,323" step="2"/><N who="0" m="60663" /><D108/><U51/><E115/><V27/><F12/><W127/><G127/><T130/><D130/><U73/><E73/><V128/><F128/><W43/><G43/><T83/><D83/><U16/><E65/><V95/><F97/><W103/><G103/><T19/><D28/><U50/><E66/><V87/><F84/><W58/><G58/><T69/><D69/><U10/><AGARI ba="0,1" hai="7,10,14,16,22,24,26,30,32,49,50,51,90,91" machi="10" ten="30,2000,0" yaku="0,1,54,1" doraHai="88" who="1" fromWho="1" sc="267,-5,229,30,171,-10,323,-5" /><INIT seed="3,0,0,1,0,17" ten="262,259,161,318" oya="3" hai0="105,76,116,18,53,60,65,40,8,120,109,103,35" hai1="24,133,50,113,68,71,91,62,51,9,22,127,7" hai2="19,54,95,99,47,86,34,129,75,12,14,110,132" hai3="39,88,73,56,66,63,83,85,25,124,29,134,42"/><W23/><G124/><T98/><D120/><U112/><E127/><V27/><F75/><W15/><G134/><T81/><D116/><U90/><E133/><V43/><F132/><W115/><G115/><T106/><D35/><U92/><E91/><V77/><F110/><W97/><G73/><T2/><D40/><U59/><E71/><V67/><F67/><W87/><G97/><T64/><D106/><U61/><E68/><V52/><F129/><W11/><G39/><T4/><D18/><U38/><E38/><V70/><F70/><W80/><G42/><T55/><D65/><U107/><E107/><V20/><F34/><W89/><G15/><T96/><D96/><U13/><E62/><V108/><F108/><W45/><G45/><T10/><D8/><AGARI ba="0,0" hai="8,11,23,25,29,56,63,66,80,83,85,87,88,89" machi="8" ten="40,12000,1" yaku="9,1,8,1,52,1,54,1" doraHai="17" who="3" fromWho="0" sc="262,-120,259,0,161,0,318,120" /><INIT seed="3,1,0,4,3,99" ten="142,259,161,438" oya="3" hai0="9,50,114,72,117,111,45,21,128,5,105,73,3" hai1="100,27,79,96,97,32,52,0,53,87,127,13,44" hai2="84,1,116,134,11,60,34,22,81,6,48,18,24" hai3="133,19,88,121,132,89,29,47,126,108,67,42,61"/><W83/><G121/><T54/><D117/><U58/><E0/><V64/><F134/><N who="3" m="51819" /><G29/><T17/><D111/><U39/><E127/><V129/><F129/><W120/><G120/><T106/><D128/><U125/><E125/><V37/><F37/><W82/><G126/><T71/><D71/><U46/><E13/><V40/><F116/><W101/><G101/><T41/><D114/><U59/><E27/><V16/><F34/><W26/><G19/><T7/><D7/><U98/><E32/><V104/><F104/><W70/><G26/><T51/><D105/><U92/><E39/><V12/><F48/><N who="3" m="26743" /><G108/><T131/><D106/><U43/><E43/><V107/><F107/><W94/><G89/><T49/><D131/><U57/><E100/><V8/><F40/><W10/><G10/><T76/><D76/><U80/><E92/><V15/><F11/><W38/><G38/><T30/><D30/><U63/><REACH who="1" step="1"/><E59/><REACH who="1" ten="142,249,161,438" step="2"/><V56/><REACH who="2" step="1"/><F18/><REACH who="2" ten="142,249,151,438" step="2"/><W31/><G31/><T110/><D110/><U14/><E14/><V78/><AGARI ba="1,2" hai="1,6,8,12,15,16,22,24,56,60,64,78,81,84" machi="78" ten="20,8000,1" yaku="1,1,2,1,0,1,7,1,54,1,53,0" doraHai="99" doraHaiUra="65" who="2" fromWho="2" sc="142,-21,249,-21,151,103,438,-41" /><INIT seed="4,0,0,1,5,20" ten="121,228,254,397" oya="0" hai0="53,24,36,55,135,104,99,110,91,122,115,54,34" hai1="70,69,93,48,26,33,128,19,39,23,64,97,61" hai2="66,133,75,67,76,8,105,62,14,95,87,10,31" hai3="22,124,28,46,108,117,11,129,130,0,7,80,15"/><T42/><D122/><U18/><E39/><V47/><F105/><W27/><G117/><T38/><D115/><U121/><E121/><V63/><F75/><W77/><G108/><T85/><D135/><U17/><E128/><N who="3" m="49258" /><G46/><T45/><D110/><U41/><E33/><V68/><F133/><W83/><G124/><T120/><D120/><U51/><E70/><V118/><F118/><W112/><G112/><T35/><D38/><U90/><REACH who="1" step="1"/><E41/><REACH who="1" ten="121,218,254,397" step="2"/><V49/><F68/><W132/><G132/><T12/><D12/><U30/><AGARI ba="0,1" hai="17,18,19,23,26,30,48,51,61,64,69,90,93,97" machi="30" ten="30,7900,0" yaku="1,1,2,1,0,1,52,1,53,0" doraHai="20" doraHaiUra="106" who="1" fromWho="1" sc="121,-39,218,89,254,-20,397,-20" /><INIT seed="5,0,0,3,4,119" ten="82,307,234,377" oya="1" hai0="38,34,0,74,42,22,126,33,80,128,53,67,132" hai1="4,79,3,57,129,50,97,60,87,65,110,115,69" hai2="17,103,134,2,61,89,27,100,25,59,98,76,62" hai3="48,68,112,24,64,85,11,73,30,63,19,121,104"/><U127/><E110/><V78/><F2/><W125/><G73/><T26/><D67/><U86/><E115/><V102/><F134/><W108/><G108/><T83/><D132/><U51/><E127/><V37/><F37/><W29/><G112/><T58/><D126/><U32/><E32/><V124/><F124/><W40/><G104/><T72/><D0/><U21/><E129/><V106/><F106/><W39/><G39/><T94/><D128/><U46/><E4/><V31/><F62/><W82/><G125/><T45/><D80/><U84/><E3/><V28/><F78/><W111/><G111/><T14/><D83/><U15/><E69/><V107/><F76/><W114/><G114/><T101/><D72/><U23/><E79/><V7/><F7/><W44/><G121/><T88/><D101/><U41/><E97/><V109/><F109/><W130/><G130/><T16/><D74/><U9/><REACH who="1" step="1"/><E50/><REACH who="1" ten="82,297,234,377" step="2"/><V5/><F5/><W93/><G48/><T105/><D105/><U117/><E117/><V123/><F107/><W10/><G68/><T120/><D120/><U95/><E95/><N who="2" m="56687" /><F123/><W92/><G93/><T77/><D77/><U70/><E70/><V43/><F43/><W52/><G92/><T81/><D81/><U54/><E54/><N who="2" m="34039" /><F27/><W113/><G40/><T36/><D36/><U66/><E66/><V12/><F25/><W35/><G64/><T135/><D135/><U8/><E8/><AGARI ba="0,1" hai="8,12,17,28,31,100,102,103" m="34039,56687" machi="8" ten="30,1000,0" yaku="8,1" doraHai="119" who="2" fromWho="1" sc="82,0,297,-10,234,20,377,0" /><INIT seed="6,0,0,0,4,2" ten="82,287,254,377" oya="2" hai0="112,92,120,130,55,100,118,1,57,83,133,102,40" hai1="110,37,111,58,86,116,97,25,30,71,24,21,59" hai2="32,17,77,123,93,128,35,14,72,13,82,70,53" hai3="46,106,43,28,67,61,91,3,122,80,73,9,20"/><V98/><F70/><W84/><G106/><T75/><D40/><U99/><E71/><V29/><F123/><W6/><G122/><T135/><D120/><U103/><E37/><V27/><F128/><W96/><G96/><T114/><D57/><U101/><E86/><V134/><F134/><N who="0" m="51210" /><D55/><U63/><E116/><V52/><F35/><W54/><G73/><T108/><D1/><U12/><E12/><V22/><REACH who="2" step="1"/><F14/><REACH who="2" ten="82,287,244,377" step="2"/><W36/><G3/><T104/><D130/><U85/><E110/><V90/><AGARI ba="0,1" hai="13,17,22,27,29,32,52,53,72,77,82,90,93,98" machi="90" ten="20,12000,1" yaku="1,1,2,1,0,1,7,1,54,1,53,0" doraHai="2" doraHaiUra="44" who="2" fromWho="2" sc="82,-40,287,-40,244,130,377,-40" /><INIT seed="6,1,0,3,3,69" ten="42,247,374,337" oya="2" hai0="133,113,130,54,86,80,53,55,7,10,117,50,6" hai1="66,128,108,16,89,51,63,99,121,62,76,42,1" hai2="28,56,115,18,135,57,64,43,129,61,45,38,84" hai3="75,41,94,81,78,13,100,116,49,109,119,112,19"/><V17/><F115/><W23/><G109/><T107/><D130/><U37/><E1/><V74/><F129/><W31/><G112/><T134/><D113/><U9/><E108/><V111/><F74/><W120/><G120/><T105/><D117/><U126/><E128/><V77/><F111/><W5/><G31/><T32/><D50/><U106/><E76/><V27/><F135/><W22/><G5/><T87/><D32/><U83/><E126/><V71/><F57/><W30/><G30/><T68/><D68/><U20/><E9/><V98/><F98/><W65/><G65/><T90/><D10/><U0/><E0/><V25/><BYE who="1" /><F25/><W52/><G41/><T79/><D90/><UN n1="%E3%81%98%E3%82%93%31%33" /><U44/><E121/><V26/><F26/><W92/><G23/><T15/><D15/><U82/><E37/><V21/><F77/><W39/><G39/><T131/><D79/><U60/><E66/><V34/><F84/><N who="0" m="32298" /><D80/><U29/><E29/><V97/><F34/><W46/><REACH who="3" step="1"/><G100/><REACH who="3" ten="42,247,374,327" step="2"/><T124/><D131/><U102/><REACH who="1" step="1"/><E89/><REACH who="1" ten="42,237,374,327" step="2"/><V33/><F33/><W12/><G12/><AGARI ba="1,2" hai="12,16,20,42,44,51,60,62,63,82,83,99,102,106" machi="12" ten="40,5200,0" yaku="1,1,2,1,54,1,53,0" doraHai="69" doraHaiUra="35" who="1" fromWho="3" sc="42,0,237,75,374,0,327,-55" /><INIT seed="7,0,0,0,1,90" ten="42,312,374,272" oya="3" hai0="67,16,133,78,128,61,111,110,46,112,98,8,96" hai1="53,15,105,116,26,60,0,54,45,80,51,5,94" hai2="37,121,92,74,27,93,129,49,132,31,34,76,72" hai3="17,22,95,87,127,43,71,134,3,50,77,56,70"/><W30/><G127/><T14/><D128/><U21/><E105/><V117/><F37/><W44/><G3/><T85/><D133/><U118/><E0/><V124/><F117/><N who="1" m="45161" /><E80/><V135/><F129/><W28/><G134/><N who="2" m="51241" /><F124/><W86/><G70/><T6/><D112/><U69/><E94/><N who="2" m="36459" /><F121/><W62/><G71/><T52/><D110/><U35/><E35/><V122/><F122/><W130/><G130/><T2/><D111/><U36/><E36/><V114/><F114/><W113/><G113/><T25/><D78/><U84/><E84/><N who="3" m="32298" /><G95/><T65/><D96/><U102/><E102/><V12/><F76/><W106/><G106/><T68/><D98/><U83/><E83/><V7/><F49/><W104/><G104/><T40/><D85/><U20/><E26/><V64/><F64/><N who="3" m="38983" /><G77/><T107/><D107/><U47/><E47/><V75/><F75/><W48/><G48/><T66/><D68/><U58/><E69/><V109/><F109/><W18/><G22/><T33/><D61/><U63/><E63/><V82/><F82/><W10/><G10/><AGARI ba="0,0" hai="5,10,15,20,21,45,51,53,54,58,60" m="45161" machi="10" ten="30,1000,0" yaku="12,1" doraHai="90" who="1" fromWho="3" sc="42,0,312,10,374,0,272,-10" /><AGARI ba="0,0" hai="7,10,12,27,31,34,72,74" m="36459,51241" machi="10" ten="30,7700,0" yaku="20,1,52,3" doraHai="90" who="2" fromWho="3" sc="42,0,322,0,374,77,262,-77" owari="42,-45.8,322,12.2,451,55.1,185,-21.5" /></mjloggm>