<mjloggm ver="2.3"><GO type="169" lobby="0"/><UN n0="%E3%82%A8%E3%82%B9%E3%82%B1%E3%83%BC%2E" n1="%E3%83%97%E3%83%AC%E3%82%AF%E3%83%A9%E3%82%B9%E3%83%8B%E3%83%BC" n2="%41%52%44%45%4E" n3="%E3%83%A8%E3%82%B3%E3%83%86%E3%82%A3%E3%83%B3%40" dan="17,16,16,16" rate="2172.70,2184.32,2140.91,2099.47" sx="M,M,F,M"/><TAIKYOKU oya="0"/><INIT seed="0,0,0,3,1,23" ten="250,250,250,250" oya="0" hai0="111,64,28,3,99,77,116,71,105,65,60,107,27" hai1="30,46,31,14,7,81,92,58,26,54,72,62,20" hai2="117,55,130,49,114,36,21,32,35,75,103,70,56" hai3="10,38,102,17,16,8,95,69,53,90,57,131,25"/><T19/><D116/><U1/><E1/><V43/><F117/><W110/><G38/><T104/><D3/><U42/><E92/><V133/><F114/><W15/><G69/><T51/><D64/><U86/><E72/><V121/><F121/><W24/><G110/><T78/><D111/><U125/><E125/><V6/><F133/><W109/><G109/><T45/><D19/><U37/><E14/><V34/><F130/><W22/><G102/><T126/><D126/><U93/><E93/><V33/><F75/><W88/><G90/><T44/><D44/><U50/><E7/><V96/><F70/><W59/><G57/><T118/><D118/><U68/><E68/><V127/><F35/><W134/><G134/><T106/><D99/><U101/><E101/><V11/><F127/><W74/><G74/><T47/><N who="0" m="26624" /><DORA hai="66" /><T52/><REACH who="0" step="1"/><D45/><REACH who="0" ten="240,250,250,250" step="2"/><U40/><E31/><V119/><F119/><W112/><G112/><T135/><D135/><U94/><E94/><V100/><F96/><N who="3" m="57447" /><G131/><T129/><D129/><U79/><REACH who="1" step="1"/><E37/><REACH who="1" ten="240,240,250,250" step="2"/><V39/><F36/><W12/><G8/><T76/><D76/><U84/><E84/><V61/><F39/><W4/><G4/><T82/><D82/><U113/><E113/><V87/><F6/><W108/><G108/><T115/><D115/><U122/><E122/><V80/><F11/><W120/><G120/><T9/><D9/><U41/><AGARI ba="0,2" hai="20,26,30,40,41,42,46,50,54,58,62,79,81,86" machi="41" ten="20,8000,1" yaku="1,1,0,1,7,1,8,1,52,1,53,0" doraHai="23,66" doraHaiUra="89,123" who="1" fromWho="1" sc="240,-40,240,100,250,-20,250,-20" /><INIT seed="1,0,0,0,2,73" ten="200,340,230,230" oya="1" hai0="115,57,74,10,132,70,27,79,39,129,54,130,89" hai1="5,53,34,12,100,85,48,38,83,84,131,62,112" hai2="9,65,121,49,56,87,21,90,44,19,133,94,77" hai3="109,97,113,108,45,95,86,76,37,119,23,66,116"/><U120/><E112/><V15/><F121/><W24/><G113/><T127/><D115/><U32/><E120/><V105/><F105/><W52/><G66/><T61/><D39/><U8/><E38/><V135/><F9/><W122/><G122/><T35/><D70/><U88/><E131/><V3/><F3/><W69/><G69/><T99/><D127/><U16/><E100/><V110/><F110/><N who="3" m="42603" /><G37/><T63/><D132/><N who="2" m="50762" /><F65/><W36/><G36/><T82/><D61/><U55/><E62/><V75/><F56/><W46/><G52/><T20/><D35/><U14/><E55/><N who="2" m="30119" /><F75/><W78/><G86/><T101/><D10/><U26/><E26/><V106/><F106/><W25/><G25/><T125/><D125/><U6/><E6/><V81/><F94/><W96/><G96/><T118/><D118/><N who="3" m="45097" /><G45/><T123/><D123/><U42/><E42/><V13/><F15/><W29/><G46/><T124/><D124/><U114/><E114/><V43/><F43/><W128/><G128/><T126/><D126/><U104/><E104/><V47/><F47/><W0/><G0/><T1/><D1/><U134/><E134/><V80/><F80/><W11/><G11/><T31/><D129/><U59/><E85/><V103/><F103/><AGARI ba="0,0" hai="23,24,29,76,78,95,97,103" m="45097,42603" machi="103" ten="30,7700,0" yaku="14,1,12,1,52,2" doraHai="73" who="3" fromWho="2" sc="200,0,340,0,230,-77,230,77" /><INIT seed="2,0,0,1,2,16" ten="200,340,153,307" oya="2" hai0="62,58,28,11,68,66,17,120,39,72,38,93,99" hai1="100,129,132,95,50,35,87,23,67,19,130,104,79" hai2="71,83,85,97,55,14,122,40,131,7,53,41,60" hai3="0,3,20,113,5,59,56,76,32,78,21,82,135"/><V33/><F33/><W116/><G116/><T52/><D120/><U123/><E123/><V49/><F122/><W110/><G32/><T125/><D72/><U118/><E35/><V36/><F131/><N who="1" m="50185" /><E118/><V13/><F97/><W101/><G101/><T74/><D74/><U43/><E132/><V57/><F36/><W24/><G24/><T6/><D125/><U1/><E1/><V18/><F7/><W30/><G30/><T65/><D28/><U47/><E67/><V109/><F109/><W105/><G105/><T102/><D17/><U8/><E8/><V54/><F71/><W2/><G5/><T112/><D112/><U64/><E64/><V9/><F13/><W69/><G69/><T73/><D73/><U26/><E104/><V46/><REACH who="2" step="1"/><F55/><REACH who="2" ten="200,340,143,307" step="2"/><W88/><G110/><T117/><D117/><U126/><E126/><V128/><F128/><W70/><G70/><T124/><D124/><U107/><E107/><V31/><F31/><W44/><G113/><T111/><D66/><U10/><E100/><V77/><AGARI ba="0,1" hai="9,14,18,40,41,46,49,53,54,57,60,77,83,85" machi="77" ten="20,7800,0" yaku="1,1,0,1,7,1,8,1,53,0" doraHai="16" doraHaiUra="94" who="2" fromWho="2" sc="200,-26,340,-26,143,88,307,-26" /><INIT seed="2,1,0,1,4,3" ten="174,314,231,281" oya="2" hai0="29,121,112,56,117,135,71,133,80,128,69,114,119" hai1="47,105,18,31,130,61,48,75,74,77,6,90,11" hai2="72,53,19,17,98,104,93,36,129,87,14,85,100" hai3="24,70,109,86,12,120,57,106,33,89,38,42,66"/><V41/><F129/><W79/><G109/><T5/><D29/><U51/><E130/><V0/><F0/><W35/><G106/><T115/><D128/><U59/><E105/><V132/><F132/><N who="0" m="50762" /><D80/><U23/><E31/><V9/><F72/><W50/><G79/><T30/><D30/><U99/><E77/><V123/><F123/><W94/><G12/><T125/><D5/><U122/><E122/><V62/><F36/><W73/><G73/><T84/><D121/><U21/><E74/><V15/><F41/><W60/><G24/><T82/><D125/><U55/><E23/><V25/><F25/><W97/><G97/><T88/><D56/><U127/><E75/><V49/><F62/><W67/><G67/><T96/><D96/><U103/><E127/><V45/><REACH who="2" step="1"/><F104/><REACH who="2" ten="174,314,221,281" step="2"/><W28/><G120/><T13/><D13/><N who="1" m="5367" /><E61/><V126/><F126/><W46/><REACH who="3" step="1"/><G28/><REACH who="3" ten="174,314,221,271" step="2"/><T40/><D40/><U1/><E1/><V111/><F111/><W108/><G108/><T78/><D78/><U65/><E65/><V113/><F113/><W92/><G92/><T27/><D27/><U10/><E99/><V64/><F64/><W116/><G116/><AGARI ba="1,2" hai="69,71,82,84,88,112,114,115,116,117,119" m="50762" machi="116" ten="40,5200,0" yaku="12,1,20,1,54,1" doraHai="3" who="0" fromWho="3" sc="174,75,314,0,221,0,271,-55" /><INIT seed="3,0,0,1,1,88" ten="249,314,221,216" oya="3" hai0="122,102,65,81,61,2,68,3,23,75,66,64,1" hai1="8,90,123,10,116,14,96,9,25,76,99,39,62" hai2="20,50,31,74,107,132,78,119,80,47,33,11,109" hai3="57,60,115,45,87,93,6,111,24,112,105,97,38"/><W124/><G124/><T127/><D122/><U106/><E123/><V130/><F119/><W63/><G105/><T51/><D127/><U113/><E39/><V44/><F109/><W22/><G6/><T85/><D75/><U12/><E116/><V58/><F130/><W98/><G111/><T48/><D102/><U128/><E128/><V67/><F107/><W77/><G98/><T43/><D23/><U27/><E113/><V19/><F132/><W56/><G38/><T0/><N who="0" m="0" /><DORA hai="49" /><T42/><D68/><U94/><E76/><V36/><F36/><W108/><G45/><T40/><D61/><N who="3" m="23625" /><G108/><T103/><D103/><U13/><E62/><V117/><F67/><W135/><G115/><T110/><REACH who="0" step="1"/><D110/><REACH who="0" ten="239,314,221,216" step="2"/><U26/><E106/><V4/><F117/><W18/><G112/><T21/><D21/><U131/><E131/><V134/><F20/><W28/><G28/><T69/><D69/><U133/><E133/><V114/><F31/><W15/><G135/><T35/><D35/><U89/><E99/><V83/><F33/><W82/><G24/><T37/><D37/><U84/><E27/><V30/><F30/><W101/><AGARI ba="0,1" hai="15,18,22,56,57,77,82,87,93,97,101" m="23625" machi="101" ten="30,3000,0" yaku="8,1,52,1" doraHai="88,49" who="3" fromWho="3" sc="239,-10,314,-10,221,-10,216,40" /><INIT seed="3,1,0,1,3,62" ten="229,304,211,256" oya="3" hai0="44,76,115,42,89,113,110,97,135,29,78,103,111" hai1="10,39,104,3,94,83,17,25,79,84,9,13,11" hai2="119,32,134,36,128,86,43,35,66,114,65,24,30" hai3="2,121,133,27,56,127,46,31,22,67,130,34,12"/><W96/><G133/><T80/><D29/><U49/><E39/><V93/><F114/><N who="0" m="43530" /><D135/><U124/><E104/><V16/><F119/><W40/><G130/><T68/><D68/><U23/><E124/><V41/><F134/><W101/><G127/><T21/><D21/><U120/><E120/><V125/><F125/><W8/><G2/><T132/><D132/><U88/><E3/><V74/><F74/><W61/><G34/><T108/><D89/><U73/><REACH who="1" step="1"/><E49/><REACH who="1" ten="229,294,211,256" step="2"/><V92/><F128/><W63/><G121/><T112/><D112/><U95/><E95/><V55/><F36/><W98/><G61/><T4/><D80/><U123/><E123/><V52/><F92/><W50/><REACH who="3" step="1"/><G101/><REACH who="3" ten="229,294,211,246" step="2"/><T106/><D4/><AGARI ba="1,2" hai="4,9,10,11,13,17,23,25,73,79,83,84,88,94" machi="4" ten="30,7700,0" yaku="1,1,7,1,54,1,53,1" doraHai="62" doraHaiUra="75" who="1" fromWho="0" sc="229,-80,294,100,211,0,246,0" /><AGARI ba="1,0" hai="4,8,12,22,27,31,40,46,50,56,63,67,96,98" machi="4" ten="30,12000,1" yaku="1,1,2,1,7,1,8,1,52,1,53,0" doraHai="62" doraHaiUra="75" who="3" fromWho="0" sc="149,-120,394,0,211,0,246,120" /><INIT seed="3,2,0,3,2,9" ten="29,394,211,366" oya="3" hai0="38,109,16,55,124,79,24,49,125,57,33,90,52" hai1="23,40,20,132,97,101,26,118,116,113,110,53,129" hai2="95,6,47,107,51,65,102,99,43,87,78,119,69" hai3="25,81,126,44,108,73,39,54,127,30,120,80,19"/><W66/><BYE who="0" /><G120/><T22/><D22/><U62/><E110/><V135/><F119/><N who="1" m="45609" /><E113/><V111/><F111/><W103/><G108/><T82/><D82/><U104/><E129/><V68/><F135/><W70/><G103/><T50/><D50/><U63/><E132/><V60/><F69/><W128/><G128/><T134/><D134/><U5/><E40/><V31/><F31/><W2/><G2/><T35/><D35/><U133/><E133/><V61/><F107/><W14/><G66/><T13/><D13/><U85/><E5/><V64/><F64/><W72/><G70/><T15/><D15/><U71/><E85/><V21/><F21/><N who="1" m="8265" /><E26/><V86/><F86/><W12/><G25/><T28/><D28/><U56/><E71/><V76/><F76/><W93/><G30/><T3/><D3/><U46/><E46/><V121/><F121/><W122/><G122/><T98/><D98/><U7/><E7/><V92/><F6/><W131/><G131/><T1/><D1/><U100/><E100/><V8/><F8/><W10/><G10/><T58/><D58/><U17/><E17/><V114/><F114/><W84/><G19/><T0/><D0/><U130/><E130/><V88/><F78/><W41/><G84/><T74/><D74/><U117/><N who="1" m="45617" /><U32/><DORA hai="94" /><E32/><V59/><F68/><W75/><G75/><T37/><D37/><U91/><E91/><V34/><F34/><W123/><G39/><T29/><D29/><U36/><E36/><V105/><F105/><W18/><G72/><T112/><D112/><U83/><E83/><RYUUKYOKU ba="2,0" sc="29,-15,394,15,211,15,366,-15" hai1="53,56,62,63,97,101,104" hai2="43,47,51,59,60,61,65,87,88,92,95,99,102" /><INIT seed="4,3,0,5,4,7" ten="14,409,226,351" oya="0" hai0="17,103,133,30,25,88,93,45,99,94,82,116,34" hai1="38,128,130,122,11,107,2,96,41,32,20,53,26" hai2="47,5,85,98,134,13,80,104,65,81,55,43,102" hai3="15,100,0,58,27,12,37,112,115,91,124,123,120"/><T54/><D54/><U69/><E122/><N who="3" m="46634" /><G37/><T127/><D127/><U23/><E69/><V21/><F134/><W111/><G0/><T75/><D75/><U129/><E38/><V73/><F65/><W135/><G135/><T28/><D28/><N who="1" m="19479" /><E41/><V92/><F55/><W44/><G124/><T70/><D70/><U68/><E53/><V67/><F67/><W105/><G111/><T3/><D3/><U78/><E78/><V33/><F33/><W108/><G108/><T86/><D86/><U39/><E39/><V10/><F73/><W19/><G44/><T59/><D59/><U126/><E68/><V35/><F35/><W95/><G58/><T87/><D87/><U52/><E126/><V61/><F104/><W6/><G100/><T63/><D63/><U56/><E96/><V62/><F21/><N who="3" m="13759" /><G105/><T51/><D51/><N who="1" m="30751" /><E107/><V48/><REACH who="2" step="1"/><F80/><REACH who="2" ten="14,409,216,351" step="2"/><W76/><G95/><T131/><D131/><U50/><E50/><V22/><F22/><W109/><G109/><T42/><D42/><U57/><E57/><V8/><F8/><W119/><G6/><AGARI ba="3,1" hai="2,6,11,20,23,128,129,130" m="30751,19479" machi="6" ten="30,3900,0" yaku="19,1,52,1,54,1" doraHai="7" who="1" fromWho="3" sc="14,0,409,58,216,0,351,-48" /><INIT seed="5,0,0,1,1,45" ten="14,467,216,303" oya="1" hai0="5,73,28,126,132,10,87,81,77,0,115,46,84" hai1="133,100,53,41,59,1,44,124,130,82,114,15,120" hai2="37,107,39,75,104,52,121,97,35,118,11,98,80" hai3="16,85,17,109,127,6,8,89,7,50,66,134,3"/><U74/><E120/><V20/><F118/><W111/><G134/><T31/><D31/><U55/><E133/><V125/><F121/><W42/><G127/><T78/><D78/><U112/><E124/><V79/><F35/><W68/><G7/><T99/><D99/><U91/><E1/><V117/><F117/><W14/><G17/><T19/><D19/><U113/><E130/><V29/><F125/><W71/><G71/><T62/><D62/><U60/><E100/><V21/><F11/><W131/><G131/><T30/><D30/><U18/><E55/><V64/><F64/><W65/><G68/><T95/><D95/><U25/><E25/><V88/><F98/><W119/><G119/><T43/><D43/><U23/><E91/><V105/><F29/><W2/><G2/><T34/><D34/><U108/><E108/><V122/><F122/><W72/><G72/><T116/><D116/><U93/><E93/><V49/><F97/><W33/><G33/><T4/><D4/><U123/><E123/><V12/><F88/><W57/><G109/><T128/><D128/><U67/><E82/><V61/><F61/><N who="3" m="38063" /><G66/><T51/><D51/><N who="1" m="27023" /><E67/><V96/><F96/><W47/><G3/><T58/><D58/><U63/><E74/><V103/><F103/><W56/><G56/><T36/><D36/><U38/><E38/><V129/><F129/><W135/><G135/><T9/><D9/><U102/><E102/><V101/><F101/><W110/><G110/><T27/><D27/><U22/><E63/><V40/><F37/><W24/><G111/><T26/><D26/><RYUUKYOKU ba="0,0" sc="14,-10,467,30,216,-10,303,-10" hai1="15,18,22,23,53,59,60,112,113,114" /><INIT seed="5,1,0,4,0,120" ten="4,497,206,293" oya="1" hai0="128,113,42,51,52,129,48,92,126,2,39,101,28" hai1="13,80,26,46,9,69,75,79,21,7,103,18,32" hai2="96,133,16,19,94,61,17,112,65,20,97,57,50" hai3="5,82,83,43,27,121,114,33,31,35,108,15,118"/><U47/><E69/><V11/><F133/><W115/><G43/><T14/><D14/><U84/><E103/><V67/><F112/><N who="3" m="43051" /><G121/><T123/><D123/><U66/><E66/><V127/><F127/><W132/><G132/><T60/><D60/><U10/><E32/><V76/><F76/><W74/><G118/><T4/><D4/><U45/><REACH who="1" step="1"/><E10/><REACH who="1" ten="4,487,206,293" step="2"/><V88/><F67/><W99/><G35/><T34/><D34/><U6/><E6/><V73/><F11/><W95/><G5/><T64/><D64/><U40/><E40/><V104/><F73/><AGARI ba="1,1" hai="7,9,13,18,21,26,45,46,47,73,75,79,80,84" machi="73" ten="40,2000,0" yaku="1,1,53,0" doraHai="120" doraHaiUra="100" who="1" fromWho="2" sc="4,0,487,33,206,-23,293,0" /><INIT seed="5,2,0,2,0,131" ten="4,520,183,293" oya="1" hai0="89,38,111,9,22,86,35,5,40,29,8,64,108" hai1="83,123,36,24,72,99,43,94,110,92,102,25,12" hai2="105,121,33,79,26,27,98,90,19,112,118,59,66" hai3="52,113,84,115,103,45,61,4,41,87,117,65,130"/><U11/><E110/><V37/><F37/><W71/><G130/><T78/><D78/><U116/><E123/><V2/><F121/><W62/><G117/><T7/><D7/><U100/><E116/><V125/><F118/><W127/><G4/><T70/><D70/><U14/><E36/><V128/><F128/><W69/><G103/><T23/><D23/><U129/><E43/><V88/><F2/><W80/><G127/><T135/><D135/><U28/><E129/><V31/><F125/><W42/><G87/><T48/><D48/><U95/><E83/><V63/><F112/><N who="3" m="43083" /><G84/><T13/><D13/><N who="1" m="5227" /><E72/><V77/><F105/><W67/><G80/><T107/><D107/><U46/><E11/><V17/><F98/><W34/><G34/><T6/><D6/><U57/><E57/><V44/><F44/><W47/><G47/><T119/><D119/><U39/><E39/><V16/><F33/><W132/><G132/><T51/><D51/><AGARI ba="2,0" hai="41,42,45,51,52,61,62,65,67,69,71" m="43083" machi="51" ten="30,7700,0" yaku="15,1,34,2,54,1" doraHai="131" who="3" fromWho="0" sc="4,-83,520,0,183,0,293,83" owari="-79,-57.9,520,62.0,183,-21.7,376,17.6" /></mjloggm>