<mjloggm ver="2.3"><GO type="169" lobby="0"/><UN n0="%E5%A4%A2%E4%BB%98%E3%81%8D" n1="%68%69%73%61%74%6F%E6%A3%92" n2="%E3%83%AC%E3%82%AA%E3%83%B3%E3%83%8F%E3%83%AB%E3%83%88" n3="%E3%82%8A%E3%82%87%E3%81%91%E3%81%99" dan="16,16,17,17" rate="2104.14,2111.99,2195.48,2179.69" sx="M,M,M,M"/><TAIKYOKU oya="0"/><INIT seed="0,0,0,2,0,23" ten="250,250,250,250" oya="0" hai0="81,135,106,93,10,105,29,107,63,108,6,88,69" hai1="20,59,110,52,47,51,13,77,33,100,48,62,27" hai2="18,134,31,35,40,66,85,14,67,133,109,38,131" hai3="92,118,80,73,125,72,75,117,1,46,43,65,3"/><T53/><D135/><N who="2" m="51722" /><F109/><W25/><G65/><N who="2" m="24585" /><F131/><W32/><G92/><T111/><D81/><U119/><E119/><V103/><F103/><W54/><G54/><T89/><D29/><U71/><E71/><V30/><F85/><W68/><G80/><T19/><D19/><U64/><E100/><V42/><F35/><W28/><G68/><T123/><D123/><U26/><E33/><V122/><F122/><W128/><G128/><T41/><D41/><N who="2" m="15978" /><F38/><N who="3" m="21879" /><G125/><T50/><D69/><U16/><E110/><N who="0" m="42025" /><D93/><U87/><E48/><V15/><F18/><W130/><G130/><T98/><D98/><U57/><E47/><V61/><F61/><W2/><AGARI ba="0,0" hai="1,2,3,25,28,32,72,73,75,117,118" m="21879" machi="2" ten="40,2700,0" yaku="23,1,52,1" doraHai="23" who="3" fromWho="3" sc="250,-13,250,-7,250,-7,250,27" /><INIT seed="1,0,0,3,5,44" ten="237,243,243,277" oya="1" hai0="135,2,42,19,77,50,115,122,5,70,20,37,13" hai1="65,0,25,95,117,85,9,116,101,114,6,113,27" hai2="31,103,3,11,28,80,64,128,7,34,92,79,102" hai3="121,89,59,90,105,61,63,60,72,18,8,110,132"/><U125/><E65/><V75/><F128/><W56/><G121/><T94/><D115/><N who="1" m="44043" /><E101/><V66/><F34/><W30/><G72/><T81/><D122/><U22/><E85/><V68/><F28/><W54/><G30/><T107/><D107/><U41/><E41/><V53/><F31/><W29/><G29/><T51/><D70/><U97/><E95/><V38/><F38/><W40/><G40/><T84/><D135/><U112/><E97/><V62/><F64/><W4/><G132/><T111/><D111/><U1/><E112/><V99/><F53/><W123/><G110/><T73/><D94/><U108/><E108/><V127/><F127/><W32/><G32/><T86/><D84/><U17/><E125/><V69/><F103/><W129/><G105/><T36/><D86/><U21/><E1/><V71/><AGARI ba="0,0" hai="3,7,11,62,66,68,69,71,75,79,80,92,99,102" machi="71" ten="20,1500,0" yaku="0,1,7,1" doraHai="44" who="2" fromWho="2" sc="237,-4,243,-7,243,15,277,-4" /><INIT seed="2,0,0,0,5,99" ten="233,236,258,273" oya="2" hai0="19,22,43,102,110,1,35,41,74,29,116,54,117" hai1="7,24,118,26,78,80,81,50,131,122,6,36,32" hai2="77,27,95,48,57,0,5,9,31,62,108,52,30" hai3="109,101,128,115,73,44,126,40,55,127,38,42,8"/><V96/><F77/><W94/><G73/><T61/><D74/><U91/><E36/><V37/><F37/><W112/><G8/><T63/><D1/><U120/><E118/><N who="0" m="45673" /><D110/><U82/><E78/><V111/><F48/><N who="3" m="29063" /><G109/><N who="2" m="42057" /><F27/><N who="1" m="10281" /><E32/><V53/><F53/><W130/><G94/><T70/><D29/><U3/><E50/><V107/><F107/><W103/><G103/><AGARI ba="0,0" hai="0,5,9,30,31,52,57,62,95,96,103" m="42057" machi="103" ten="30,11600,0" yaku="14,1,10,1,52,1,54,1" doraHai="99" who="2" fromWho="3" sc="233,0,236,0,258,116,273,-116" /><INIT seed="2,1,0,5,5,53" ten="233,236,374,157" oya="2" hai0="133,95,25,84,100,27,33,37,57,118,31,26,85" hai1="135,103,58,14,65,88,109,47,11,45,20,92,64" hai2="0,4,102,17,123,97,56,120,75,30,48,29,70" hai3="105,13,62,99,67,134,104,18,124,21,80,9,79"/><V115/><F115/><W132/><G124/><T117/><D37/><U93/><E109/><V96/><F70/><W90/><G90/><T71/><D71/><U114/><E20/><V69/><F69/><W130/><G130/><T39/><D39/><U131/><E131/><V91/><F75/><W127/><G127/><T59/><D133/><N who="3" m="51305" /><G99/><N who="0" m="59519" /><D33/><U38/><E38/><V111/><F111/><W83/><G83/><T40/><D40/><U72/><E72/><V41/><F17/><W66/><G9/><T15/><D31/><U24/><E24/><V2/><F4/><W12/><G12/><T36/><D36/><U89/><E103/><V50/><F102/><W54/><G54/><T44/><D44/><U68/><E68/><V63/><F91/><W73/><G62/><T106/><D106/><AGARI ba="1,0" hai="13,18,21,66,67,73,79,80,104,105,106" m="51305" machi="106" ten="30,1000,0" yaku="20,1" doraHai="53" who="3" fromWho="0" sc="233,-13,236,0,374,0,157,13" /><INIT seed="3,0,0,1,1,42" ten="220,236,374,170" oya="3" hai0="96,18,72,121,92,68,129,39,130,111,33,133,12" hai1="36,45,21,28,67,124,35,88,100,46,84,9,47" hai2="87,69,70,104,65,83,50,132,48,80,93,0,40" hai3="126,64,102,7,74,10,71,127,8,61,101,94,56"/><W77/><G8/><T52/><D121/><U105/><E35/><V114/><F104/><W24/><G74/><T73/><D39/><U15/><E36/><V107/><F107/><W3/><G77/><T31/><D68/><U120/><E124/><V59/><F93/><W91/><G71/><T63/><D111/><U81/><E67/><V110/><F87/><W108/><G108/><T6/><D6/><U62/><E62/><V58/><F65/><W57/><G57/><N who="0" m="35239" /><D133/><U135/><E135/><V4/><F4/><W116/><G116/><T86/><D86/><U79/><E100/><V98/><F0/><W22/><G102/><T119/><D31/><U37/><E37/><V17/><F70/><W20/><G101/><N who="0" m="60551" /><D33/><U25/><E105/><V60/><F69/><W125/><REACH who="3" step="1"/><G24/><REACH who="3" ten="220,236,374,160" step="2"/><T2/><D119/><U76/><E120/><V13/><F110/><W117/><G117/><T109/><D109/><U41/><REACH who="1" step="1"/><E41/><REACH who="1" ten="220,226,374,160" step="2"/><V115/><F40/><W122/><G122/><T106/><D106/><U49/><E49/><V5/><F48/><W44/><G44/><T103/><D103/><U75/><E75/><V82/><F50/><W97/><AGARI ba="0,2" hai="3,7,10,20,22,56,61,64,91,94,97,125,126,127" machi="97" ten="30,6000,0" yaku="1,1,0,1,18,1,53,0" doraHai="42" doraHaiUra="14" who="3" fromWho="3" sc="220,-20,226,-20,374,-20,160,80" /><INIT seed="3,1,0,1,3,93" ten="200,206,354,240" oya="3" hai0="50,44,17,117,88,97,46,120,110,76,119,126,58" hai1="30,79,48,24,67,82,13,16,0,78,32,132,100" hai2="103,72,127,33,9,56,128,87,129,26,52,98,57" hai3="92,6,104,130,133,49,123,109,60,59,51,86,12"/><W134/><G104/><T2/><D120/><U135/><E0/><V14/><F72/><W38/><G38/><T115/><D2/><U131/><E131/><N who="2" m="50251" /><F87/><W22/><G130/><T63/><D119/><U94/><E67/><V114/><F127/><W96/><G123/><T23/><D117/><U102/><E48/><V95/><F52/><N who="3" m="33895" /><G109/><T19/><D110/><U125/><E125/><V34/><F114/><W85/><G133/><N who="1" m="51274" /><E82/><V1/><F1/><W99/><G134/><T35/><D35/><N who="2" m="13322" /><F26/><W105/><G105/><T65/><D126/><U73/><E73/><V116/><F116/><W53/><G51/><T66/><D115/><U8/><E100/><V29/><F29/><W47/><G22/><T121/><D121/><U20/><E32/><V68/><F68/><W91/><G86/><T70/><D70/><U75/><E75/><V90/><F103/><W61/><G61/><T18/><D23/><U118/><E118/><V42/><F42/><W10/><AGARI ba="1,0" hai="6,10,12,47,49,53,85,91,92,96,99" m="33895" machi="10" ten="30,11700,0" yaku="8,1,52,2,54,1" doraHai="93" who="3" fromWho="3" sc="200,-40,206,-40,354,-40,240,120" /><INIT seed="3,2,0,3,3,58" ten="160,166,314,360" oya="3" hai0="116,47,77,45,25,76,126,19,78,97,80,55,8" hai1="103,83,2,38,24,37,36,27,88,12,13,92,84" hai2="32,34,101,132,30,17,61,53,131,109,134,71,65" hai3="85,3,39,121,6,15,100,87,119,56,21,64,46"/><W104/><G3/><T118/><D126/><U7/><E2/><V29/><F109/><W130/><G119/><T113/><D113/><U135/><E135/><N who="2" m="51755" /><F131/><W67/><G121/><T48/><D118/><U82/><E103/><V63/><F101/><W10/><G130/><T43/><D116/><U14/><REACH who="1" step="1"/><E7/><REACH who="1" ten="160,156,314,360" step="2"/><V40/><F34/><W91/><G100/><T111/><D111/><U57/><E57/><N who="2" m="34991" /><F32/><W5/><G5/><T69/><D69/><U96/><E96/><V86/><F40/><W33/><G33/><T59/><D97/><U79/><E79/><V51/><F51/><W54/><G6/><T62/><D43/><U23/><E23/><V122/><F122/><W35/><G21/><N who="0" m="13503" /><D8/><U68/><E68/><V128/><F128/><W20/><G20/><T120/><D120/><U107/><E107/><V52/><F71/><W114/><G104/><T28/><D48/><U31/><E31/><V133/><F29/><W75/><G35/><T98/><D28/><U41/><E41/><V50/><F30/><W4/><G4/><T66/><D98/><U124/><E124/><V90/><F133/><W102/><G102/><T0/><D0/><U99/><E99/><V11/><F11/><W73/><G10/><T106/><D106/><U81/><AGARI ba="2,1" hai="12,13,14,24,27,36,37,38,81,82,83,84,88,92" machi="81" ten="40,16000,3" yaku="1,1,0,1,29,2,54,1,53,3" doraHai="58" doraHaiUra="9" who="1" fromWho="1" sc="160,-42,156,176,314,-42,360,-82" /><INIT seed="4,0,0,0,3,98" ten="118,332,272,278" oya="0" hai0="45,29,7,18,79,2,135,43,32,25,23,123,49" hai1="15,127,75,31,83,12,82,50,41,13,81,72,97" hai2="130,36,74,102,42,106,101,71,69,39,90,128,19" hai3="67,107,28,3,78,88,33,21,86,126,5,9,109"/><T103/><D123/><U77/><E77/><V105/><F74/><W113/><G109/><T112/><D112/><U84/><E84/><V89/><F42/><W104/><G113/><T70/><D135/><U47/><E127/><V46/><F46/><W91/><G78/><T117/><D117/><U118/><E118/><V76/><F19/><W114/><G114/><T111/><D111/><U63/><E63/><V121/><REACH who="2" step="1"/><F76/><REACH who="2" ten="118,332,262,278" step="2"/><W60/><G126/><T99/><D79/><U14/><E75/><V66/><F66/><W131/><G67/><T0/><D70/><U93/><E72/><V96/><F96/><W133/><G133/><T24/><REACH who="0" step="1"/><D7/><REACH who="0" ten="108,332,262,278" step="2"/><U116/><N who="1" m="3072" /><DORA hai="92" /><U37/><E116/><V58/><F58/><W10/><G5/><T100/><D100/><U64/><E37/><V27/><F27/><W80/><G10/><T94/><AGARI ba="0,2" hai="0,2,18,23,24,25,29,32,43,45,49,94,99,103" machi="94" ten="20,12000,1" yaku="1,1,0,1,7,1,52,2,53,0" doraHai="98,92" doraHaiUra="115,48" who="0" fromWho="0" sc="108,140,332,-40,262,-40,278,-40" /><INIT seed="4,1,0,3,2,55" ten="248,292,222,238" oya="0" hai0="131,45,119,25,133,17,74,107,12,99,9,19,65" hai1="37,18,31,121,104,94,80,54,116,20,67,40,117" hai2="48,47,91,76,70,114,10,118,14,28,66,75,60" hai3="108,49,8,135,52,109,33,36,84,113,56,77,72"/><T50/><D119/><U64/><E104/><V62/><F114/><W102/><G72/><T123/><D123/><U86/><E31/><V73/><F118/><W71/><G71/><T2/><D2/><U85/><E40/><V105/><F105/><W39/><G33/><T78/><D131/><U1/><E37/><V0/><F0/><W83/><G113/><T32/><D133/><U6/><E6/><V24/><F62/><W134/><G102/><T58/><D78/><U122/><E1/><V89/><F76/><W68/><G68/><T53/><D74/><U22/><E94/><V44/><F44/><W115/><G8/><T5/><D107/><U69/><E69/><V112/><F75/><W29/><G29/><T125/><D125/><U63/><E63/><V41/><F73/><W38/><REACH who="3" step="1"/><G115/><REACH who="3" ten="248,292,222,228" step="2"/><T96/><D32/><U111/><E116/><V132/><F112/><W129/><G129/><T11/><D9/><U100/><E117/><V90/><F132/><AGARI ba="1,1" hai="36,38,39,49,52,56,77,83,84,108,109,132,134,135" machi="132" ten="50,8000,1" yaku="1,1,20,1,52,1,54,1,53,0" doraHai="55" doraHaiUra="7" who="3" fromWho="2" sc="248,0,292,0,222,-83,228,93" /><INIT seed="5,0,0,3,1,37" ten="248,292,139,321" oya="1" hai0="76,96,132,6,44,55,71,119,111,79,25,75,57" hai1="121,17,34,30,73,103,26,134,69,100,63,28,7" hai2="120,36,91,52,122,53,93,108,123,41,129,104,83" hai3="43,38,31,39,85,50,110,133,13,5,35,88,45"/><U16/><E30/><V102/><F108/><W59/><G110/><T14/><D119/><U3/><E73/><V42/><F129/><W54/><G133/><T82/><D111/><U33/><E33/><V99/><F83/><W21/><G35/><T94/><D71/><U127/><E121/><V64/><F64/><W61/><G5/><T98/><D132/><U78/><E78/><V84/><REACH who="2" step="1"/><F36/><REACH who="2" ten="248,292,129,321" step="2"/><W74/><G74/><T65/><D82/><U113/><E134/><V124/><F124/><W81/><REACH who="3" step="1"/><G13/><REACH who="3" ten="248,292,129,311" step="2"/><T10/><D14/><U92/><E127/><V46/><F46/><W118/><G118/><T72/><D44/><U22/><E3/><V19/><F19/><W0/><G0/><T126/><D75/><U135/><E17/><V77/><F77/><W80/><G80/><T1/><D79/><U70/><E135/><V11/><F11/><W109/><G109/><T114/><D76/><U68/><E7/><V128/><F128/><W56/><G56/><T95/><D72/><U106/><E69/><V20/><F20/><W24/><AGARI ba="0,2" hai="21,24,31,38,39,43,45,50,54,59,61,81,85,88" machi="24" ten="30,8000,1" yaku="1,1,0,1,52,1,54,1,53,1" doraHai="37" doraHaiUra="86" who="3" fromWho="3" sc="248,-20,292,-40,129,-20,311,100" /><INIT seed="6,0,0,1,3,13" ten="228,252,109,411" oya="2" hai0="28,63,71,76,130,73,4,67,72,37,58,103,118" hai1="115,111,105,20,59,17,82,108,8,122,39,94,49" hai2="42,106,24,51,92,129,53,91,62,41,45,110,135" hai3="52,121,31,126,22,98,18,43,104,2,85,81,127"/><V89/><F135/><W30/><G2/><T109/><D109/><U19/><E39/><V16/><F106/><W107/><G43/><N who="2" m="16393" /><F110/><W80/><G80/><T3/><D37/><U32/><E82/><V34/><F34/><W56/><G121/><T131/><D118/><U66/><E32/><V123/><F123/><W88/><G31/><T10/><D103/><U113/><E105/><V35/><F35/><W93/><G30/><T1/><D1/><U47/><E122/><V120/><F120/><W29/><G29/><T100/><D100/><U23/><E8/><V102/><F62/><N who="3" m="36103" /><G104/><T61/><D28/><U116/><E116/><V119/><F129/><N who="0" m="49162" /><D76/><U15/><E108/><V124/><F124/><N who="3" m="47659" /><G107/><T132/><D132/><U54/><E111/><V7/><F7/><W90/><G81/><T65/><AGARI ba="0,0" hai="3,4,10,58,61,63,65,67,71,72,73" m="49162" machi="65" ten="30,1100,0" yaku="19,1" doraHai="13" who="0" fromWho="0" sc="228,11,252,-3,109,-5,411,-3" /><INIT seed="7,0,0,0,4,69" ten="239,249,104,408" oya="3" hai0="24,9,116,108,123,78,63,41,112,19,126,98,22" hai1="132,104,114,79,133,118,135,60,134,90,59,70,4" hai2="31,129,40,86,96,15,11,0,34,53,127,67,8" hai3="5,88,45,68,74,103,25,131,23,65,38,95,120"/><W91/><G120/><T124/><D116/><U27/><E114/><V99/><F86/><W43/><G74/><T115/><D108/><U26/><E70/><V125/><F40/><W48/><G5/><T51/><D123/><U57/><E57/><V21/><F67/><W77/><G77/><T30/><D78/><U109/><E79/><V64/><F64/><W1/><G1/><T7/><D63/><U101/><E109/><V119/><F53/><W66/><G131/><T122/><D30/><U46/><E46/><V82/><F82/><W29/><G38/><T36/><D36/><U81/><E4/><V85/><F85/><N who="3" m="52623" /><G103/><T42/><D98/><N who="1" m="61495" /><E118/><V117/><F0/><W130/><G130/><T62/><D122/><U105/><E105/><V2/><F2/><W80/><G68/><T47/><D42/><U10/><E10/><V17/><F129/><W73/><G73/><T110/><D110/><U89/><E132/><V54/><F54/><W39/><G39/><T18/><D62/><U58/><E81/><V71/><F71/><W16/><G29/><N who="0" m="17559" /><D115/><U128/><E128/><V28/><F17/><N who="0" m="6154" /><D112/><U93/><E60/><V50/><F34/><W14/><G25/><N who="1" m="9226" /><E90/><V102/><F102/><W37/><G37/><T83/><D83/><U20/><E20/><V61/><F61/><W72/><G72/><T75/><D75/><U76/><E76/><V49/><REACH who="2" step="1"/><F21/><REACH who="2" ten="239,249,94,408" step="2"/><W56/><G80/><T87/><D87/><AGARI ba="0,1" hai="58,59,87,89,93,133,134,135" m="9226,61495" machi="87" ten="30,1000,0" yaku="20,1" doraHai="69" who="1" fromWho="0" sc="239,-10,249,20,94,0,408,0" owari="229,-17.1,269,6.9,94,-40.6,408,50.8" /></mjloggm>