<mjloggm ver="2.3"><GO type="169" lobby="0"/><UN n0="%E7%8B%82%E3%81%A3%E3%81%9F%E9%B7%B9" n1="%53%E6%9C%A8" n2="%E3%82%8C%E3%81%8A%E3%81%A8%E3%81%BE%E3%81%8A" n3="%E3%82%B5%E3%83%96%E3%82%A2%E3%83%A9%E3%83%89" dan="16,17,16,16" rate="2114.41,2181.17,2125.29,2027.17" sx="M,M,M,M"/><TAIKYOKU oya="0"/><INIT seed="0,0,0,5,4,36" ten="250,250,250,250" oya="0" hai0="77,28,83,88,81,134,50,94,22,119,66,133,78" hai1="47,87,59,23,32,31,130,95,85,33,43,53,29" hai2="56,113,101,20,44,41,80,2,30,17,135,7,107" hai3="117,69,124,25,67,49,62,129,110,72,92,26,71"/><T96/><D119/><U97/><E130/><V108/><F113/><W114/><G114/><T116/><D116/><U75/><E75/><V1/><F108/><W65/><G110/><T10/><D66/><U106/><E106/><V70/><F70/><W125/><G117/><T0/><D0/><U131/><E131/><V40/><F30/><N who="1" m="11273" /><E32/><V89/><F135/><N who="0" m="51722" /><D10/><U109/><E33/><V19/><F44/><W18/><G129/><T38/><D38/><U13/><E23/><V16/><F20/><W9/><G72/><N who="0" m="43175" /><D22/><U132/><E13/><V55/><F101/><W63/><G9/><T4/><D50/><N who="1" m="27007" /><E132/><V104/><F89/><W90/><G49/><T35/><D28/><U57/><E57/><V39/><F39/><W34/><G34/><T115/><D35/><U54/><E109/><V120/><F120/><W122/><G122/><T8/><D8/><U45/><E45/><V121/><F121/><W102/><G102/><T76/><D4/><U112/><E112/><V5/><F80/><W24/><REACH who="3" step="1"/><G18/><REACH who="3" ten="250,250,250,240" step="2"/><T93/><D115/><U64/><E64/><V98/><F7/><W3/><G3/><T46/><D46/><U48/><E53/><V12/><F2/><W58/><G58/><T126/><D126/><U118/><E118/><V84/><F1/><W6/><G6/><T127/><D127/><U15/><E59/><V82/><F5/><W68/><G68/><T37/><D37/><U61/><E48/><V52/><F56/><W27/><N who="3" m="6144" /><DORA hai="11" /><W14/><G14/><T60/><D60/><U79/><E15/><V128/><F128/><W51/><G51/><RYUUKYOKU ba="0,1" sc="250,-10,250,-10,250,-10,240,30" hai3="62,63,65,67,69,71,90,92,124,125" /><INIT seed="1,1,1,1,5,45" ten="240,240,240,270" oya="1" hai0="128,36,99,70,83,90,104,68,37,51,1,92,73" hai1="40,2,66,4,48,109,84,19,102,80,98,27,74" hai2="118,87,57,132,100,94,78,22,54,81,32,21,77" hai3="97,110,108,71,25,30,46,8,63,56,119,50,122"/><U117/><E117/><V72/><F132/><W16/><G122/><T133/><D1/><U58/><E74/><V130/><F32/><W82/><G71/><T91/><D128/><U0/><E109/><N who="3" m="42090" /><G82/><T42/><D68/><U106/><E4/><V26/><F118/><W17/><G97/><T18/><D70/><U115/><E115/><V20/><F130/><W41/><G8/><T126/><D126/><U93/><E106/><V111/><F111/><W65/><G119/><T47/><D133/><U105/><E105/><V28/><F72/><W35/><AGARI ba="1,1" hai="16,17,25,30,35,41,46,50,56,63,65" m="42090" machi="35" ten="30,4000,0" yaku="14,1,52,1,54,1" doraHai="45" who="3" fromWho="3" sc="240,-11,240,-21,240,-11,270,53" /><INIT seed="2,0,0,0,0,94" ten="229,219,229,323" oya="2" hai0="81,15,135,13,14,33,27,134,20,24,122,78,34" hai1="119,75,65,126,48,76,54,131,2,100,79,7,64" hai2="109,51,120,103,41,45,71,89,6,5,113,87,106" hai3="3,99,111,129,102,17,88,91,67,39,53,73,10"/><V22/><F113/><W83/><G129/><T130/><D78/><U68/><E119/><V59/><F120/><W25/><G111/><T82/><D122/><U101/><E131/><V97/><F71/><W124/><G39/><T85/><D130/><U31/><E126/><V46/><F109/><W112/><G67/><T12/><D85/><U132/><E132/><N who="0" m="50729" /><D82/><U37/><E37/><V42/><F59/><W47/><G124/><T110/><D81/><U66/><E75/><V52/><F22/><W70/><G70/><T40/><D40/><U21/><E68/><V74/><F74/><W105/><G73/><T86/><D86/><U128/><E2/><V115/><F115/><W116/><G83/><T4/><D110/><U118/><E7/><V36/><REACH who="2" step="1"/><F42/><REACH who="2" ten="229,219,219,323" step="2"/><W8/><G112/><T92/><D20/><U29/><E128/><V117/><F117/><W56/><G116/><T18/><D33/><U84/><E21/><V69/><F69/><W108/><G108/><T127/><D34/><U77/><E118/><V0/><F0/><W43/><G3/><T104/><D127/><U98/><E29/><V19/><F19/><W125/><G125/><T23/><D18/><U90/><E31/><V96/><F96/><W30/><G17/><T9/><D23/><U60/><E98/><V49/><F49/><W50/><G30/><T44/><D27/><U1/><E1/><V114/><F114/><W123/><G25/><T62/><D24/><U107/><E60/><V26/><F26/><W72/><G72/><T58/><D62/><U57/><E48/><V133/><F133/><RYUUKYOKU ba="0,1" sc="229,-10,219,-10,219,30,323,-10" hai2="5,6,36,41,45,46,51,52,87,89,97,103,106" /><INIT seed="2,1,1,3,5,27" ten="219,209,249,313" oya="2" hai0="80,120,11,32,108,81,89,130,92,48,13,94,61" hai1="90,78,72,63,24,83,93,57,73,29,60,43,77" hai2="74,84,7,135,52,71,124,53,133,15,102,50,82" hai3="131,104,75,88,103,28,35,65,3,39,33,119,116"/><V21/><F71/><W118/><G3/><T129/><D32/><U19/><E43/><V54/><F74/><W45/><G75/><T1/><D1/><U117/><E117/><V6/><F102/><W4/><G4/><T127/><D120/><U107/><E107/><V123/><F123/><W96/><G35/><T12/><D108/><U106/><E106/><V20/><F50/><W113/><G131/><T17/><D127/><U44/><E44/><V0/><F0/><W112/><G65/><T9/><D61/><U10/><E72/><V55/><F124/><W42/><G88/><T125/><D125/><U40/><E40/><V38/><F38/><W115/><G119/><T56/><D56/><U62/><E77/><V23/><N who="2" m="13312" /><DORA hai="101" /><V91/><REACH who="2" step="1"/><F15/><REACH who="2" ten="219,209,239,313" step="2"/><W49/><G49/><T132/><D48/><U25/><E57/><V126/><F126/><W134/><G134/><AGARI ba="1,2" hai="6,7,20,21,23,82,84,91,133,134,135" m="13312" machi="134" ten="60,11600,0" yaku="1,1,20,1,54,1,53,0" doraHai="27,101" doraHaiUra="47,122" who="2" fromWho="3" sc="219,0,209,0,239,139,313,-119" /><INIT seed="2,2,0,1,2,124" ten="219,209,378,194" oya="2" hai0="68,71,17,120,74,27,94,86,102,62,7,109,110" hai1="107,92,77,63,87,79,134,67,93,60,20,123,108" hai2="97,126,15,99,47,80,3,78,2,113,64,11,88" hai3="0,135,42,28,115,45,12,84,105,14,39,127,118"/><V72/><F113/><W32/><G118/><T130/><D74/><U116/><E116/><V19/><F126/><W119/><G115/><T95/><D7/><U121/><E107/><V114/><F114/><W51/><G0/><T30/><D17/><U40/><E40/><V16/><F64/><W31/><G105/><T53/><D86/><U101/><E20/><V34/><F34/><W125/><G135/><T98/><D120/><U33/><E33/><V89/><F47/><W37/><G84/><T132/><D53/><U91/><E134/><V133/><F133/><W21/><G119/><T44/><D44/><U41/><E41/><V36/><F36/><W43/><G21/><T59/><D95/><U122/><E108/><V18/><F2/><W128/><G32/><T49/><D49/><U106/><E106/><V56/><F56/><W90/><G51/><T8/><D8/><U76/><REACH who="1" step="1"/><E67/><REACH who="1" ten="219,199,378,194" step="2"/><V104/><F104/><W66/><G66/><T61/><D110/><U65/><E65/><V55/><F55/><W103/><G127/><T46/><D109/><U81/><E81/><V1/><F1/><W111/><G125/><T10/><D132/><U85/><E85/><N who="2" m="48279" /><F3/><W5/><G111/><T70/><D70/><U25/><E25/><V58/><F72/><W112/><G39/><T96/><D27/><U13/><E13/><V23/><F23/><W100/><G37/><T6/><D68/><U75/><E75/><V117/><F117/><W35/><G112/><T38/><D38/><U52/><E52/><V26/><F26/><W48/><G35/><T54/><D71/><RYUUKYOKU ba="2,1" sc="219,-10,199,30,378,-10,194,-10" hai1="60,63,76,77,79,87,91,92,93,101,121,122,123" /><INIT seed="3,3,1,1,0,68" ten="209,229,368,184" oya="3" hai0="40,122,134,85,125,31,117,6,21,92,37,130,104" hai1="27,70,7,24,56,84,109,61,69,74,93,78,22" hai2="11,62,39,135,57,129,1,111,131,102,3,67,77" hai3="49,4,100,120,15,123,46,99,81,83,32,44,29"/><W101/><G29/><T71/><D6/><U105/><E109/><V86/><F111/><W16/><G4/><T98/><D85/><U80/><E105/><V59/><F102/><W13/><G32/><T108/><D31/><U47/><E7/><V28/><F28/><W23/><G99/><T14/><D14/><U0/><E0/><V90/><F77/><W42/><G123/><T91/><D21/><U113/><E113/><V76/><F76/><W8/><G120/><T64/><D117/><U5/><E5/><V95/><F39/><W26/><G15/><T126/><D104/><U9/><E9/><V45/><F45/><W121/><G121/><T30/><D30/><U75/><E22/><V124/><F59/><W97/><G46/><N who="0" m="23823" /><D108/><U103/><E103/><V115/><F115/><W128/><G128/><T51/><D130/><U118/><E118/><V52/><F11/><W66/><G66/><T48/><D134/><U114/><E114/><V89/><F135/><W87/><G87/><T17/><D17/><U25/><E93/><V58/><F131/><W96/><G96/><T19/><D19/><U63/><E75/><V73/><F129/><W34/><G34/><T94/><D94/><U106/><E74/><V33/><F73/><W60/><G101/><T79/><D79/><U65/><E78/><V53/><F33/><W112/><G112/><T38/><D38/><U41/><E84/><V50/><F1/><W12/><G12/><T116/><D116/><U18/><E25/><V107/><F3/><W43/><G26/><N who="1" m="9770" /><E18/><V82/><F86/><W36/><G16/><RYUUKYOKU ba="3,1" sc="209,0,229,0,368,0,184,0" /><INIT seed="4,4,1,5,3,117" ten="209,229,368,184" oya="0" hai0="40,32,17,51,21,48,134,95,124,45,101,50,130" hai1="11,131,49,61,92,80,85,112,104,76,47,27,90" hai2="87,22,119,91,33,122,118,79,66,107,98,103,64" hai3="72,10,73,8,96,135,57,0,102,62,132,110,6"/><T129/><D32/><U97/><E131/><N who="0" m="50185" /><D134/><N who="3" m="51241" /><G10/><T115/><D124/><U74/><E112/><V94/><F122/><W88/><G110/><T123/><D115/><U25/><E61/><V71/><F33/><W106/><G88/><T5/><D5/><U34/><E34/><V13/><F71/><W77/><G77/><T36/><D95/><U30/><E30/><V18/><F79/><W58/><G58/><T125/><D101/><N who="1" m="62511" /><E11/><V116/><AGARI ba="4,1" hai="13,18,22,64,66,87,91,94,98,103,107,116,118,119" machi="116" ten="30,2000,0" yaku="0,1,12,1" doraHai="117" who="2" fromWho="2" sc="209,-14,229,-9,368,42,184,-9" /><INIT seed="5,0,0,2,0,2" ten="195,220,410,175" oya="1" hai0="95,70,19,62,18,101,119,114,115,69,129,0,84" hai1="38,109,124,103,51,97,45,93,105,74,133,91,78" hai2="43,72,44,113,125,55,65,10,41,67,104,39,85" hai3="29,22,86,14,87,12,58,118,17,83,120,92,63"/><U121/><E121/><V112/><F72/><W100/><G120/><T40/><D0/><U123/><E123/><V76/><F104/><W64/><G118/><T36/><D119/><U7/><E133/><V66/><F125/><W71/><G71/><T135/><D129/><U130/><E124/><V20/><F20/><W11/><G29/><T53/><D40/><U110/><E38/><V16/><F43/><W111/><G111/><T33/><D33/><U26/><E130/><V80/><F55/><W107/><G107/><T60/><D36/><U49/><E26/><V32/><F32/><W52/><G64/><T56/><D84/><N who="1" m="52455" /><E7/><V3/><F3/><W59/><G59/><T4/><D4/><U82/><E45/><V42/><F41/><W47/><G47/><T94/><D56/><U99/><E97/><V108/><F108/><AGARI ba="0,0" hai="49,51,74,78,82,99,103,105,108,109,110" m="52455" machi="108" ten="30,2900,0" yaku="24,1,10,1" doraHai="2" who="1" fromWho="2" sc="195,0,220,29,410,-29,175,0" /><INIT seed="5,1,0,3,0,124" ten="195,249,381,175" oya="1" hai0="6,27,36,34,5,102,11,81,42,29,15,57,47" hai1="75,32,70,111,20,88,64,9,51,4,116,46,54" hai2="69,0,94,38,129,131,59,83,55,18,68,125,58" hai3="127,24,91,35,126,56,120,45,128,44,133,105,16"/><U92/><E116/><V96/><F38/><W108/><G120/><T114/><D114/><U14/><E32/><V52/><F0/><W26/><G108/><T76/><D102/><U85/><E111/><V104/><F83/><W95/><G105/><T86/><REACH who="0" step="1"/><D57/><REACH who="0" ten="185,249,381,175" step="2"/><U39/><E39/><V101/><F59/><W49/><G56/><T25/><D25/><U19/><E75/><V1/><F58/><W103/><G103/><T118/><D118/><U12/><E70/><V90/><F69/><W132/><G26/><T23/><D23/><U80/><REACH who="1" step="1"/><E64/><REACH who="1" ten="185,239,381,175" step="2"/><V98/><F68/><W74/><G35/><T87/><D87/><U123/><E123/><V99/><F98/><W107/><G127/><T37/><D37/><U2/><E2/><V110/><F125/><W43/><G126/><T73/><D73/><U117/><E117/><V130/><F1/><W106/><G74/><T72/><D72/><U62/><E62/><V71/><F71/><W134/><G49/><T28/><D28/><U77/><E77/><V119/><F110/><W63/><G63/><T10/><D10/><U21/><E21/><V79/><F79/><W13/><G134/><T53/><D53/><U89/><E89/><V33/><F33/><W40/><G133/><T31/><D31/><U22/><E22/><V135/><F135/><W112/><G132/><T65/><D65/><U50/><E50/><V3/><F3/><W66/><G66/><T100/><D100/><U67/><E67/><V93/><F119/><W122/><G122/><T60/><D60/><U109/><E109/><V17/><F52/><RYUUKYOKU ba="1,2" sc="185,15,239,15,381,-15,175,-15" hai0="5,6,11,15,27,29,34,36,42,47,76,81,86" hai1="4,9,12,14,19,20,46,51,54,80,85,88,92" /><INIT seed="5,2,2,2,2,39" ten="200,254,366,160" oya="1" hai0="27,90,30,96,33,48,124,45,121,131,65,15,76" hai1="84,103,107,23,60,112,86,114,24,3,83,43,91" hai2="59,87,64,61,68,47,72,19,116,127,119,2,0" hai3="28,51,32,129,113,53,85,118,101,75,111,70,77"/><U88/><E3/><V69/><F72/><W95/><G111/><T106/><D131/><U7/><E7/><V125/><F87/><W98/><G129/><T18/><D124/><N who="2" m="47690" /><F19/><W128/><G128/><T54/><D121/><U20/><E107/><V102/><F102/><W110/><G70/><N who="2" m="27241" /><F2/><W97/><G110/><T63/><D76/><U21/><E103/><V11/><F11/><W100/><G75/><T46/><D106/><U9/><E9/><V26/><F0/><W37/><G28/><T81/><D96/><U16/><E60/><V6/><F6/><W49/><G32/><T71/><D81/><U122/><E122/><V123/><F26/><W93/><G77/><T120/><D90/><U13/><E43/><V62/><F47/><W67/><G85/><T4/><D4/><U92/><REACH who="1" step="1"/><E21/><REACH who="1" ten="200,244,366,160" step="2"/><V134/><F123/><W12/><G101/><T56/><D120/><U34/><E34/><V1/><F1/><W78/><G100/><T126/><D126/><U50/><E50/><V8/><F8/><AGARI ba="2,3" hai="8,15,18,27,30,33,45,46,48,54,56,63,65,71" machi="8" ten="30,1000,0" yaku="7,1" doraHai="39" who="0" fromWho="2" sc="200,46,244,0,366,-16,160,0" /><INIT seed="6,0,0,4,5,59" ten="246,244,350,160" oya="2" hai0="132,9,120,8,42,93,91,37,3,111,80,118,20" hai1="121,0,95,26,78,66,124,126,71,101,48,63,67" hai2="133,102,5,94,62,1,27,96,53,128,127,11,105" hai3="50,86,130,83,106,117,81,125,22,103,13,113,39"/><V31/><F127/><N who="1" m="48681" /><E0/><V57/><F128/><W123/><G130/><T104/><D104/><U55/><E78/><V38/><F133/><W92/><G39/><T87/><D111/><U49/><E26/><V131/><F131/><W88/><G123/><T98/><D132/><U19/><E19/><V47/><F47/><W43/><G117/><T32/><D32/><U76/><E76/><V10/><F38/><W54/><G113/><T4/><D120/><U72/><E72/><V89/><F11/><W134/><G43/><T16/><D118/><U46/><E101/><V108/><F108/><W107/><G134/><T36/><D9/><U65/><E95/><V52/><F53/><W6/><G125/><T70/><D70/><U79/><E79/><V12/><F1/><W14/><G107/><T58/><D58/><N who="1" m="33127" /><E121/><V122/><F122/><W15/><G6/><T115/><D115/><U85/><E85/><V73/><F73/><W97/><REACH who="3" step="1"/><G22/><REACH who="3" ten="246,244,350,150" step="2"/><T56/><D20/><U60/><E71/><V28/><F105/><W129/><G129/><T18/><D4/><U61/><E67/><V114/><F114/><W112/><G112/><T33/><D33/><U51/><E51/><V7/><F7/><W2/><G2/><T68/><D37/><U110/><E110/><V116/><F116/><W17/><G17/><T44/><D68/><U99/><E99/><V100/><F31/><W23/><G23/><AGARI ba="0,1" hai="5,10,12,23,27,28,52,57,62,89,94,96,100,102" machi="23" ten="30,11600,0" yaku="7,1,8,1,52,1,54,1" doraHai="59" who="2" fromWho="3" sc="246,0,244,0,350,126,150,-116" /><INIT seed="6,1,0,3,2,133" ten="246,244,476,34" oya="2" hai0="129,51,127,128,87,46,97,78,54,0,7,37,89" hai1="59,99,107,122,84,36,5,98,55,2,90,115,111" hai2="81,104,66,17,13,29,110,47,23,35,62,1,106" hai3="16,71,91,83,20,31,50,123,30,120,118,114,39"/><V80/><F1/><W44/><G39/><T125/><D37/><U34/><E115/><V4/><F4/><W77/><G71/><T12/><D78/><U103/><E111/><V130/><F110/><W32/><G32/><T27/><D97/><U18/><E36/><V93/><F47/><W124/><G118/><T63/><D0/><U67/><E99/><V60/><F106/><W70/><G70/><T42/><D27/><U38/><E38/><V61/><F104/><W56/><G56/><N who="0" m="35223" /><D12/><U9/><E34/><V72/><F72/><W65/><G65/><T57/><D57/><U53/><E122/><V58/><F130/><N who="0" m="50282" /><D7/><U126/><E67/><V135/><F135/><W117/><G117/><T21/><D21/><U105/><E107/><V109/><F29/><W68/><G68/><T88/><D89/><U74/><E74/><V45/><F35/><W15/><G91/><T41/><D42/><U108/><E108/><V49/><F93/><AGARI ba="1,0" hai="41,46,51,87,88,93,125,127" m="50282,35223" machi="93" ten="30,7700,0" yaku="19,1,52,2,54,1" doraHai="133" who="0" fromWho="2" sc="246,80,244,0,476,-80,34,0" /><INIT seed="7,0,0,3,0,8" ten="326,244,396,34" oya="3" hai0="113,26,74,24,84,33,100,106,1,87,59,58,18" hai1="54,112,61,2,85,81,79,118,110,50,9,73,40" hai2="12,120,131,123,67,21,65,105,14,76,28,117,109" hai3="119,125,29,72,122,62,51,135,60,23,111,130,5"/><W97/><G97/><T71/><D74/><U82/><E110/><V80/><F109/><W63/><G5/><T116/><D71/><U91/><E112/><V32/><F32/><W56/><G122/><N who="2" m="46633" /><F105/><W66/><G111/><T90/><D1/><U86/><E118/><V46/><F131/><W101/><G119/><T35/><D113/><U94/><E61/><N who="3" m="23658" /><G72/><T10/><D10/><U19/><E40/><V27/><F117/><W16/><G130/><T77/><D77/><U47/><E2/><V55/><F67/><W37/><G37/><T43/><D100/><U17/><E9/><V132/><F65/><W88/><G125/><T34/><D34/><U3/><E3/><V103/><F132/><W108/><G135/><T42/><D106/><U115/><E115/><V89/><F89/><AGARI ba="0,0" hai="17,19,47,50,54,73,79,81,82,85,86,89,91,94" machi="89" ten="30,1000,0" yaku="7,1" doraHai="8" who="1" fromWho="2" sc="326,0,244,10,396,-10,34,0" owari="326,12.6,254,-14.6,386,48.6,34,-46.6" /></mjloggm>