<mjloggm ver="2.3"><GO type="169" lobby="0"/><UN n0="%6B%61%74%65%72%69%6E%61" n1="%E3%81%A8%E3%81%A3%E3%81%A8%E3%83%BC" n2="%E3%82%B8%E3%83%A7%E3%83%8B%E3%83%B2" n3="%E5%9C%A8%E5%8E%9F%E4%B8%83%E6%B5%B7%E5%A4%A7%E5%A5%BD%E3%81%8D" dan="17,16,16,17" rate="2178.74,2091.21,2128.79,2228.82" sx="M,M,M,M"/><TAIKYOKU oya="0"/><INIT seed="0,0,0,5,5,82" ten="250,250,250,250" oya="0" hai0="67,123,25,99,80,10,135,78,95,88,77,19,98" hai1="110,91,113,107,56,128,134,22,0,81,9,84,65" hai2="97,27,74,47,119,70,94,24,73,120,102,105,127" hai3="100,43,131,44,92,16,124,4,111,79,7,68,23"/><T125/><D123/><U112/><E110/><V93/><F120/><W31/><G68/><T64/><D135/><U60/><E134/><V36/><F70/><W6/><G124/><T28/><D125/><U26/><E107/><V18/><F127/><W8/><G131/><T13/><D99/><U58/><E128/><V39/><F119/><W50/><G79/><T29/><D78/><U117/><E117/><V37/><F47/><W72/><G72/><T96/><D96/><U11/><E56/><V5/><F5/><W38/><G38/><T90/><D90/><U30/><REACH who="1" step="1"/><E0/><REACH who="1" ten="250,240,250,250" step="2"/><V20/><F105/><W3/><G3/><T87/><REACH who="0" step="1"/><D29/><REACH who="0" ten="240,240,250,250" step="2"/><U101/><E101/><V57/><F102/><W116/><G31/><T1/><D1/><U86/><E86/><V106/><F74/><W66/><G100/><T75/><D75/><U108/><E108/><V122/><F73/><W2/><G111/><T40/><D40/><U121/><E121/><V104/><F122/><W55/><G43/><T62/><D62/><U133/><E133/><V14/><F97/><W51/><G116/><T17/><D17/><U126/><E126/><V45/><F106/><W118/><G118/><T15/><D15/><U32/><E32/><AGARI ba="0,2" hai="10,13,19,25,28,32,64,67,77,80,87,88,95,98" machi="32" ten="30,11600,0" yaku="1,1,7,1,52,1,54,1,53,0" doraHai="82" doraHaiUra="52" who="0" fromWho="1" sc="240,136,240,-116,250,0,250,0" /><INIT seed="0,1,0,4,3,91" ten="376,124,250,250" oya="0" hai0="9,101,94,68,48,58,37,45,7,31,113,104,121" hai1="102,95,22,97,61,11,1,116,20,17,86,117,32" hai2="132,75,60,42,66,107,123,38,119,51,120,6,69" hai3="129,82,78,49,21,46,67,33,108,16,23,5,92"/><T112/><D121/><U73/><E73/><V4/><F107/><W109/><G33/><T110/><D110/><U26/><E32/><V135/><F75/><W40/><G129/><T79/><D68/><U96/><E1/><V10/><F6/><W125/><G5/><T126/><D126/><U127/><E127/><V134/><F119/><W19/><G67/><T105/><D37/><U71/><E11/><V103/><F103/><W47/><G47/><T124/><D124/><U98/><E20/><V30/><F30/><W3/><G3/><T12/><D31/><U99/><REACH who="1" step="1"/><E86/><REACH who="1" ten="376,114,250,250" step="2"/><V133/><F135/><W43/><G23/><T106/><D113/><U93/><E93/><V56/><F10/><W131/><G92/><T70/><D112/><U81/><E81/><V50/><F4/><W118/><G21/><T130/><D130/><U39/><E39/><V72/><F72/><W62/><G131/><T2/><D2/><U59/><E59/><V111/><F111/><W128/><G128/><T29/><D58/><U54/><E54/><N who="2" m="31831" /><F38/><W63/><G125/><T65/><D106/><U84/><E84/><V13/><F13/><W85/><G109/><T44/><D105/><U14/><E14/><V27/><F27/><W24/><G108/><T80/><D104/><U100/><E100/><V41/><F41/><N who="3" m="24783" /><G24/><T25/><D94/><U53/><E53/><V114/><F114/><W77/><G43/><N who="0" m="24607" /><D101/><U64/><AGARI ba="1,1" hai="17,22,26,61,64,71,95,96,97,98,99,102,116,117" machi="64" ten="30,7900,0" yaku="1,1,0,1,52,1,53,1" doraHai="91" doraHaiUra="57" who="1" fromWho="1" sc="376,-40,114,92,250,-21,250,-21" /><INIT seed="1,0,0,1,5,31" ten="336,206,229,229" oya="1" hai0="99,23,110,97,126,29,100,88,133,80,63,81,121" hai1="116,129,106,86,85,115,135,52,53,41,30,95,12" hai2="71,73,6,91,114,47,104,87,128,83,50,96,36" hai3="17,127,9,1,65,66,69,5,109,15,122,125,56"/><U57/><E115/><V94/><F128/><W103/><G122/><T25/><D110/><U37/><E106/><V7/><F114/><W132/><G109/><T61/><D121/><U34/><E116/><V46/><F71/><W3/><G69/><T54/><D133/><U134/><E53/><V89/><F73/><W70/><G70/><T119/><D119/><U19/><E41/><V77/><F104/><W38/><G38/><T20/><D126/><U18/><E37/><V74/><F36/><W4/><G103/><T33/><D81/><U39/><E39/><V84/><F47/><W111/><G56/><T112/><D112/><U51/><E19/><V28/><F28/><W90/><G90/><T10/><D10/><U8/><E129/><V107/><F87/><W45/><G45/><T124/><D124/><N who="3" m="47689" /><G132/><N who="1" m="50730" /><E95/><V43/><REACH who="2" step="1"/><F91/><REACH who="2" ten="336,206,219,229" step="2"/><W22/><G111/><T59/><D99/><U16/><E18/><V13/><F13/><N who="3" m="5287" /><G5/><T35/><D97/><U130/><E130/><V58/><F58/><W48/><G1/><T49/><D88/><U79/><E79/><V76/><F76/><W118/><G3/><T131/><D131/><U0/><E0/><V62/><F62/><W93/><G118/><T92/><D63/><U120/><E120/><V78/><F78/><W44/><G93/><T105/><D61/><U113/><E113/><V40/><F40/><AGARI ba="0,1" hai="15,17,22,40,44,48,65,66" m="5287,47689" machi="40" ten="30,1000,0" yaku="18,1" doraHai="31" who="3" fromWho="2" sc="336,0,206,0,219,-10,229,20" /><INIT seed="2,0,0,0,1,47" ten="336,206,209,249" oya="2" hai0="36,40,42,8,38,67,15,66,60,76,85,24,81" hai1="25,133,63,64,92,62,102,78,74,111,83,120,131" hai2="65,0,30,93,118,29,91,135,71,87,48,58,26" hai3="56,115,98,86,51,122,90,50,55,35,49,2,106"/><V113/><F118/><W100/><G122/><T119/><D119/><U5/><E111/><V6/><F113/><W128/><G2/><T1/><D1/><U9/><E120/><V27/><F135/><W53/><G35/><T57/><D38/><U114/><E114/><V31/><F71/><W121/><G128/><T13/><D36/><U116/><E116/><V14/><F0/><W39/><G39/><T18/><D24/><U68/><E62/><V7/><F65/><W59/><G121/><T103/><D103/><U75/><E131/><V130/><F130/><W132/><G132/><T112/><D112/><U41/><E41/><V32/><F14/><W101/><G101/><T44/><D67/><U110/><E110/><V129/><F129/><W127/><G127/><T97/><D97/><U134/><E75/><V37/><F37/><W104/><G104/><T33/><D33/><U124/><E25/><N who="2" m="9227" /><F32/><W88/><G115/><T123/><D123/><U77/><E77/><V12/><F12/><W82/><REACH who="3" step="1"/><G90/><REACH who="3" ten="336,206,209,239" step="2"/><T70/><D70/><U20/><E124/><V19/><F19/><W17/><G17/><T95/><D18/><U107/><E107/><V54/><AGARI ba="0,1" hai="6,7,29,30,31,48,54,58,87,91,93" m="9227" machi="54" ten="30,3000,0" yaku="8,1,52,1" doraHai="47" who="2" fromWho="2" sc="336,-10,206,-10,209,40,239,-10" /><INIT seed="2,1,0,2,0,130" ten="326,196,249,229" oya="2" hai0="4,121,10,54,7,69,87,116,129,122,108,51,125" hai1="64,17,28,92,97,49,43,94,55,57,1,95,103" hai2="2,88,70,11,82,134,81,112,29,8,40,32,111" hai3="63,45,15,126,21,42,39,50,19,59,44,47,114"/><V86/><F112/><W80/><G126/><T77/><D69/><U18/><E1/><V60/><F40/><W99/><G114/><T71/><D71/><U96/><E28/><V52/><F2/><W83/><G99/><T117/><D77/><U98/><E103/><V105/><F105/><W90/><G90/><T120/><D125/><U115/><E115/><V79/><F111/><W131/><G131/><T84/><D129/><U20/><E43/><V23/><F32/><W24/><G39/><T123/><N who="0" m="30720" /><DORA hai="76" /><T113/><D108/><U53/><E64/><V109/><F109/><W133/><G133/><T3/><D7/><U13/><E17/><V67/><F52/><AGARI ba="1,0" hai="13,18,20,49,52,53,55,57,92,94,95,96,97,98" machi="52" ten="40,2600,0" yaku="8,1,54,1" doraHai="130,76" who="1" fromWho="2" sc="326,0,196,29,249,-29,229,0" /><INIT seed="3,0,0,1,0,126" ten="326,225,220,229" oya="3" hai0="93,58,59,77,72,119,111,9,32,90,27,25,1" hai1="2,14,124,36,106,23,85,86,20,30,51,57,41" hai2="98,95,121,68,54,74,44,33,50,129,37,15,62" hai3="64,55,94,49,133,73,109,104,89,11,24,12,47"/><W101/><G73/><T81/><D119/><U75/><E124/><V91/><F33/><W135/><G104/><T56/><D111/><U65/><E106/><V83/><F121/><W46/><G101/><T80/><D80/><U7/><E2/><V125/><F125/><W22/><G64/><T82/><D82/><U19/><E36/><V128/><F37/><W4/><G109/><T63/><D63/><N who="1" m="38127" /><E7/><V71/><F15/><W88/><G47/><T8/><D1/><U78/><E78/><V6/><F6/><W117/><G117/><T99/><REACH who="0" step="1"/><D27/><REACH who="0" ten="316,225,220,229" step="2"/><N who="1" m="16743" /><E75/><V48/><F74/><W97/><REACH who="3" step="1"/><G89/><REACH who="3" ten="316,225,220,219" step="2"/><T45/><D45/><AGARI ba="0,2" hai="14,19,23,41,45,51,85,86" m="16743,38127" machi="45" ten="30,1000,0" yaku="8,1" doraHai="126" who="1" fromWho="0" sc="316,-10,225,30,220,0,219,0" /><INIT seed="4,0,0,3,2,56" ten="306,255,220,219" oya="0" hai0="133,95,86,7,19,23,13,111,91,109,77,12,0" hai1="42,18,73,15,55,26,50,17,123,99,14,125,59" hai2="66,61,74,68,82,112,115,100,31,6,107,121,28" hai3="89,87,90,124,71,41,102,96,65,2,103,128,110"/><T36/><D36/><U44/><E73/><V38/><F121/><W119/><G2/><T25/><D133/><U81/><E125/><V45/><F6/><W67/><G41/><T94/><D77/><U9/><E123/><V29/><F107/><W69/><G96/><T21/><D95/><U106/><E26/><V132/><F100/><W135/><G87/><T76/><D76/><U120/><E120/><V35/><F132/><W5/><G5/><T117/><D117/><U84/><E99/><V113/><F82/><W47/><G47/><T93/><D93/><U116/><E116/><V75/><F35/><W24/><G24/><T1/><D7/><U32/><E32/><V114/><N who="2" m="28672" /><DORA hai="60" /><V79/><F79/><W20/><G135/><T34/><D34/><U46/><E42/><AGARI ba="0,0" hai="28,29,31,38,42,45,61,66,68,74,75" m="28672" machi="42" ten="70,8000,1" yaku="15,1,52,2" doraHai="56,60" who="2" fromWho="1" sc="306,0,255,-80,220,80,219,0" /><INIT seed="5,0,0,0,1,23" ten="306,175,300,219" oya="1" hai0="122,25,5,4,81,68,82,33,62,31,114,98,83" hai1="69,16,119,6,43,109,56,110,21,7,96,133,20" hai2="80,71,123,42,101,36,59,75,50,124,120,116,60" hai3="55,127,11,106,51,41,117,87,115,90,67,35,97"/><U95/><E69/><V77/><F116/><W54/><G35/><T15/><D114/><U34/><E34/><V39/><F124/><W89/><G106/><T131/><D131/><U126/><E126/><V102/><F39/><W8/><G67/><T63/><D122/><U61/><E21/><V73/><F73/><W24/><G115/><T38/><D38/><U53/><E43/><V1/><F102/><W74/><G74/><T18/><D98/><U65/><E65/><N who="2" m="41383" /><F101/><W135/><G41/><T46/><D46/><U103/><E119/><V48/><F48/><W40/><G40/><T125/><D125/><U66/><E66/><V3/><F50/><W58/><G55/><T100/><D100/><U13/><REACH who="1" step="1"/><E133/><REACH who="1" ten="306,165,300,219" step="2"/><V0/><F59/><W52/><G135/><T9/><D68/><U91/><E91/><V12/><F12/><W88/><G127/><T76/><D76/><U78/><E78/><V22/><F22/><W44/><G117/><T118/><D118/><U14/><E14/><V10/><F10/><N who="3" m="3627" /><G97/><T57/><D57/><U64/><E64/><V29/><F123/><W129/><G129/><T132/><D132/><U32/><E32/><V70/><F120/><W111/><G111/><AGARI ba="0,1" hai="6,7,13,16,20,53,56,61,95,96,103,109,110,111" machi="111" ten="40,7700,0" yaku="1,1,10,1,54,1,53,0" doraHai="23" doraHaiUra="27" who="1" fromWho="3" sc="306,0,165,87,300,0,219,-77" /><INIT seed="5,1,0,5,2,49" ten="306,252,300,142" oya="1" hai0="124,13,43,87,89,71,104,111,95,64,105,91,106" hai1="31,3,61,68,23,45,73,90,40,28,38,115,129" hai2="7,127,118,116,26,125,11,97,51,94,78,100,12" hai3="32,82,46,1,59,80,14,102,5,19,109,75,113"/><U48/><E3/><V34/><F78/><W9/><G109/><T77/><D111/><U72/><E129/><V35/><F51/><W4/><G113/><T54/><D124/><N who="2" m="47690" /><F26/><W22/><G102/><T0/><D0/><U110/><E110/><V123/><F123/><W131/><G131/><T86/><D43/><U126/><E115/><V130/><F130/><W62/><G75/><T88/><D64/><U42/><E42/><V18/><F7/><W103/><G103/><T36/><D71/><U93/><E38/><V117/><AGARI ba="1,0" hai="11,12,18,34,35,94,97,100,116,117,118" m="47690" machi="117" ten="40,1500,0" yaku="18,1" doraHai="49" who="2" fromWho="2" sc="306,-5,252,-8,300,18,142,-5" /><INIT seed="6,0,0,5,5,16" ten="301,244,318,137" oya="2" hai0="56,87,89,47,95,109,122,41,75,125,88,19,18" hai1="81,10,34,43,68,15,69,102,14,53,21,94,39" hai2="78,134,11,84,60,85,24,131,90,115,92,20,114" hai3="35,116,9,112,124,93,79,46,128,108,1,133,26"/><V83/><F134/><W121/><RYUUKYOKU type="yao9" ba="0,0" sc="301,0,244,0,318,0,137,0" hai3="1,9,26,35,46,79,93,108,112,116,121,124,128,133" /><INIT seed="6,1,0,4,1,115" ten="301,244,318,137" oya="2" hai0="103,39,87,70,86,53,61,25,112,41,89,131,66" hai1="29,134,97,47,7,49,63,124,108,60,4,85,120" hai2="36,76,67,68,128,121,22,34,94,77,125,23,119" hai3="5,17,69,81,79,48,21,127,110,45,57,6,28"/><V118/><F121/><W24/><G69/><T37/><D112/><U102/><E108/><V13/><F34/><W10/><G127/><T116/><D116/><U101/><E134/><V111/><F36/><W50/><G110/><T62/><D131/><U54/><E124/><V46/><F125/><W93/><G93/><T59/><D103/><U33/><E102/><V14/><F111/><W75/><G57/><T126/><D126/><U107/><E29/><V44/><F94/><W71/><G71/><T88/><D41/><U0/><E0/><V106/><F68/><W15/><G50/><T35/><D35/><U117/><E33/><V64/><REACH who="2" step="1"/><F106/><REACH who="2" ten="301,244,308,137" step="2"/><W82/><REACH who="3" step="1"/><G81/><REACH who="3" ten="301,244,308,127" step="2"/><T130/><D70/><U11/><E107/><V20/><F20/><W95/><G95/><T8/><D39/><U55/><E120/><V84/><F84/><W132/><G132/><T58/><D87/><U135/><E85/><V51/><F51/><W72/><G72/><T90/><D86/><U74/><E135/><V3/><F3/><W129/><G129/><AGARI ba="1,2" hai="13,14,22,23,44,46,64,67,76,77,118,119,128,129" machi="129" ten="25,12000,1" yaku="1,1,22,2,52,2,53,0" doraHai="115" doraHaiUra="83" who="2" fromWho="3" sc="301,0,244,0,308,143,127,-123" /><INIT seed="6,2,0,1,4,93" ten="301,244,451,4" oya="2" hai0="118,55,70,87,62,67,39,133,66,61,115,135,20" hai1="97,96,122,72,116,92,107,21,29,37,45,134,7" hai2="89,53,41,23,73,77,114,130,123,110,109,120,102" hai3="65,38,22,0,6,78,5,128,129,86,59,125,85"/><V46/><F130/><N who="3" m="50283" /><G125/><T34/><D34/><U105/><E122/><V127/><F127/><W121/><G38/><T64/><D87/><N who="3" m="33289" /><G121/><T82/><D82/><U111/><E111/><N who="2" m="42507" /><F89/><W2/><G78/><T4/><D4/><N who="3" m="1641" /><G22/><T126/><D20/><U74/><E21/><V17/><F53/><W43/><G43/><T103/><D126/><U8/><E7/><V84/><F73/><W26/><G26/><T10/><D39/><U50/><E37/><N who="2" m="21807" /><F102/><W31/><G31/><T35/><D55/><U94/><E29/><V19/><F19/><W52/><G65/><T83/><D67/><U18/><E18/><V3/><F3/><N who="3" m="1067" /><G52/><T63/><D66/><U16/><E16/><V15/><F114/><W40/><G40/><T49/><D115/><U24/><E24/><V124/><F124/><W119/><G59/><T12/><D103/><U76/><E76/><V51/><F51/><W90/><G90/><T9/><D49/><U69/><E50/><V117/><F117/><AGARI ba="2,0" hai="117,119" m="1067,1641,33289,50283" machi="117" ten="40,5200,0" yaku="28,2,19,1" doraHai="93" who="3" fromWho="2" sc="301,0,244,0,451,-58,4,58" /><INIT seed="7,0,0,3,2,117" ten="301,244,393,62" oya="3" hai0="133,3,132,12,116,122,125,16,108,105,55,98,118" hai1="101,14,69,94,66,4,102,18,110,47,7,78,20" hai2="28,34,57,37,134,71,19,85,91,80,13,52,5" hai3="109,112,77,76,92,135,114,40,21,33,90,51,0"/><W2/><G33/><T68/><D68/><U48/><E110/><V126/><F37/><W82/><G109/><T119/><D108/><U38/><E38/><V56/><F71/><W6/><G135/><N who="0" m="51787" /><D3/><U103/><E78/><V87/><F126/><W120/><G120/><T70/><D70/><U17/><E66/><V32/><F5/><W124/><G124/><T99/><D125/><U27/><E94/><V15/><F15/><W43/><G21/><N who="0" m="11399" /><D55/><U131/><E131/><V58/><F134/><W9/><G2/><T123/><D99/><U95/><E95/><V50/><F28/><W54/><G77/><T79/><D79/><U61/><E61/><V1/><F1/><W96/><G114/><T67/><D67/><U35/><E69/><V130/><F130/><W10/><G112/><T113/><D113/><U24/><E35/><V73/><F73/><W26/><G26/><T65/><D65/><U127/><E127/><V81/><F34/><W107/><G107/><T128/><D128/><U29/><E29/><V45/><F32/><W89/><G89/><T46/><D46/><U100/><N who="1" m="25600" /><DORA hai="25" /><U72/><E72/><V30/><F45/><W75/><REACH who="3" step="1"/><G9/><REACH who="3" ten="301,244,393,52" step="2"/><T111/><D111/><U39/><E27/><V36/><F91/><W83/><G83/><T62/><D123/><U64/><E24/><V86/><F81/><W129/><G129/><T97/><D105/><U49/><E20/><V63/><F80/><W41/><G41/><T23/><D23/><U88/><E88/><V104/><F104/><W8/><G8/><T93/><D122/><U60/><E14/><RYUUKYOKU ba="0,1" sc="301,-10,244,-10,393,-10,52,30" hai3="0,6,10,40,43,51,54,75,76,82,90,92,96" /><INIT seed="7,1,1,3,4,86" ten="291,234,383,82" oya="3" hai0="64,81,126,51,107,40,37,87,70,113,38,76,22" hai1="5,17,128,49,117,26,102,79,45,48,3,23,8" hai2="12,85,78,124,54,97,14,133,15,68,2,39,69" hai3="11,114,122,101,60,6,80,61,77,106,104,108,16"/><W28/><G122/><T21/><D126/><U115/><E115/><V94/><F2/><W7/><G114/><T103/><D113/><U127/><E127/><V20/><F39/><W110/><G28/><T0/><D0/><U42/><E128/><V111/><F111/><W19/><G80/><T32/><D32/><U129/><E129/><V72/><F72/><W100/><G77/><T1/><D1/><U116/><E102/><V52/><F69/><W109/><G109/><T74/><D74/><U30/><E49/><V135/><F68/><W84/><REACH who="3" step="1"/><G84/><REACH who="3" ten="291,234,383,72" step="2"/><T31/><D31/><U27/><REACH who="1" step="1"/><E79/><REACH who="1" ten="291,224,383,72" step="2"/><V29/><F124/><W91/><G91/><T35/><D76/><U44/><E44/><V59/><F78/><W46/><G46/><T92/><D103/><U65/><E65/><V58/><F85/><W99/><G99/><T119/><D64/><U41/><E41/><V67/><F67/><W55/><G55/><T123/><D40/><U53/><E53/><V71/><F54/><W130/><G130/><T105/><D87/><U47/><E47/><V18/><F52/><W50/><G50/><T75/><D51/><U4/><E4/><V34/><F97/><W66/><G66/><T98/><D98/><U62/><E62/><V121/><F71/><W125/><G125/><T90/><D70/><U43/><E43/><V9/><F121/><W13/><G13/><T57/><D38/><U112/><E112/><V89/><F14/><W134/><G134/><N who="2" m="51209" /><F15/><W24/><G24/><T118/><D37/><U10/><E10/><AGARI ba="1,3" hai="6,7,10,11,16,19,60,61,100,101,104,106,108,110" machi="10" ten="25,9600,0" yaku="1,1,22,2,54,1,53,0" doraHai="86" doraHaiUra="83" who="3" fromWho="1" sc="291,0,224,-99,383,0,72,129" /><INIT seed="7,2,0,1,2,78" ten="291,125,383,201" oya="3" hai0="7,92,41,82,122,112,70,109,25,89,125,84,134" hai1="55,93,94,50,32,39,123,113,56,81,118,6,11" hai2="90,74,60,119,103,9,135,133,28,106,130,108,121" hai3="8,22,67,43,38,72,75,132,95,96,44,73,20"/><W48/><G132/><T51/><D122/><U107/><E107/><V33/><F90/><W54/><G67/><T100/><D109/><U111/><E111/><V61/><F74/><W31/><G8/><T53/><D112/><U52/><E32/><V63/><F108/><W58/><REACH who="3" step="1"/><G31/><REACH who="3" ten="291,125,383,191" step="2"/><T62/><D134/><U30/><E30/><V115/><F28/><W76/><G76/><T10/><D125/><U127/><E127/><V98/><F135/><W3/><G3/><T36/><D10/><U77/><E113/><V4/><F115/><W34/><G34/><T66/><D7/><U46/><E123/><V80/><F33/><W87/><G87/><T15/><D84/><N who="1" m="48175" /><E118/><V2/><F119/><W83/><G83/><T101/><D82/><U91/><E39/><V5/><F121/><W47/><G47/><T59/><D36/><U17/><E6/><V88/><F133/><W26/><G26/><T117/><D25/><U16/><E11/><V27/><F5/><W0/><G0/><T110/><D110/><U21/><E21/><V99/><F27/><W128/><G128/><T24/><D24/><U35/><E35/><V57/><F130/><W114/><G114/><T13/><D117/><U1/><E1/><V85/><F98/><W40/><G40/><T68/><D41/><U102/><E102/><AGARI ba="2,1" hai="20,22,38,43,44,48,54,58,72,73,75,95,96,102" machi="102" ten="40,2000,0" yaku="1,1,53,0" doraHai="78" doraHaiUra="65" who="3" fromWho="1" sc="291,0,125,-26,383,0,191,36" /><INIT seed="7,3,0,1,4,52" ten="291,99,383,227" oya="3" hai0="72,51,5,14,98,45,16,77,133,3,15,41,100" hai1="89,21,38,35,96,24,92,112,17,90,129,58,60" hai2="8,115,78,57,79,18,65,108,87,70,135,99,109" hai3="63,75,71,123,93,49,43,44,30,88,27,0,2"/><W128/><G75/><T9/><D133/><U113/><E129/><V64/><F70/><W106/><G106/><T122/><D122/><U19/><E38/><V134/><F115/><W131/><G123/><T1/><D77/><U119/><E35/><V7/><F18/><W94/><G94/><T73/><D3/><U104/><E104/><V54/><F99/><W105/><G105/><T69/><D1/><U116/><E90/><V61/><F65/><W28/><G28/><T55/><D69/><U26/><E26/><V125/><F64/><W20/><G63/><T83/><D83/><U103/><E103/><V32/><F32/><W85/><G71/><T118/><D118/><U117/><REACH who="1" step="1"/><E17/><REACH who="1" ten="291,89,383,227" step="2"/><V84/><F135/><W34/><G34/><T40/><D100/><U42/><E42/><V39/><F39/><W120/><G120/><T80/><D41/><U6/><E6/><V56/><F134/><W62/><G131/><T91/><D40/><U25/><E25/><V101/><F101/><W132/><G128/><T10/><D5/><U124/><E124/><V111/><F125/><W46/><G132/><T12/><D16/><U33/><E33/><V22/><F7/><W86/><G43/><T110/><D91/><U130/><E130/><V97/><F111/><W126/><G88/><T102/><D110/><U47/><E47/><V76/><F109/><W95/><G46/><T53/><D45/><U66/><AGARI ba="3,1" hai="19,21,24,58,60,66,89,92,96,112,113,116,117,119" machi="66" ten="40,8000,1" yaku="1,1,0,1,12,1,52,1,53,0" doraHai="52" doraHaiUra="68" who="1" fromWho="1" sc="291,-23,89,99,383,-23,227,-43" owari="268,6.8,188,-21.2,360,46.0,184,-31.6" /></mjloggm>