<mjloggm ver="2.3"><GO type="169" lobby="0"/><UN n0="%E3%81%9D%E3%82%93%E3%81%97%E6%A7%98" n1="%E3%83%A9%E3%82%A4%E3%82%AA%E3%82%B9" n2="%E3%81%AA%E3%81%8C%E3%81%95%E3%82%8F%E3%81%BE%E3%81%95%E3%81%BF" n3="%41%4F%54" dan="18,16,16,18" rate="2239.24,2061.80,2060.15,2222.27" sx="M,M,F,F"/><TAIKYOKU oya="0"/><INIT seed="0,0,0,3,4,94" ten="250,250,250,250" oya="0" hai0="23,52,87,61,27,93,54,14,49,117,5,77,113" hai1="62,17,82,123,131,120,67,59,108,133,112,47,83" hai2="96,81,111,55,80,104,24,26,65,88,22,41,122" hai3="1,9,10,15,58,134,16,68,73,125,128,119,60"/><T129/><BYE who="2" /><D113/><U110/><E112/><V116/><F116/><W46/><G119/><T64/><D117/><U84/><E133/><V107/><F107/><W19/><G134/><T0/><D129/><U6/><E6/><V38/><F38/><W18/><G128/><T76/><D0/><U102/><E131/><V85/><F85/><W135/><G135/><T25/><D54/><U28/><E28/><V99/><F99/><W34/><G34/><T40/><D40/><UN n2="%E3%81%AA%E3%81%8C%E3%81%95%E3%82%8F%E3%81%BE%E3%81%95%E3%81%BF" /><U92/><E47/><V121/><F111/><N who="1" m="42537" /><E17/><V53/><F41/><W91/><G73/><T114/><D114/><U48/><E48/><V66/><F104/><W89/><G68/><T4/><D27/><U115/><E115/><V71/><F71/><W109/><G125/><T33/><D33/><U63/><E63/><V97/><REACH who="2" step="1"/><F22/><REACH who="2" ten="250,250,240,250" step="2"/><W20/><G20/><T75/><D23/><U57/><E123/><V45/><F45/><W72/><G46/><T12/><D87/><U31/><E120/><V79/><F79/><W78/><G78/><T98/><D76/><U50/><E84/><V132/><F132/><W127/><G109/><T21/><D77/><U51/><E57/><V69/><F69/><W95/><G58/><N who="0" m="36919" /><D75/><U44/><E44/><V7/><F7/><N who="0" m="2634" /><D21/><U130/><E130/><V56/><F56/><W103/><G72/><T118/><D118/><U100/><E59/><V39/><F39/><W86/><G86/><T126/><D98/><U70/><E70/><V11/><F11/><W101/><G10/><T37/><D37/><U36/><E36/><V3/><F3/><W106/><G1/><RYUUKYOKU ba="0,1" sc="250,-10,250,-10,240,30,250,-10" hai2="24,26,53,55,65,66,80,81,88,96,97,121,122" /><INIT seed="1,1,1,1,3,110" ten="240,240,270,240" oya="1" hai0="54,76,64,104,28,8,112,131,43,96,85,126,32" hai1="111,6,7,4,19,72,95,24,103,14,11,13,68" hai2="133,45,75,31,117,98,94,26,84,82,115,41,101" hai3="49,93,74,58,129,116,2,63,88,3,16,17,15"/><U108/><E68/><V36/><F117/><W18/><G116/><T12/><D43/><U27/><E72/><V44/><F133/><W51/><G74/><T25/><D126/><U120/><E120/><V87/><F45/><W91/><G129/><T105/><D131/><U118/><E118/><V48/><F36/><W73/><G73/><T102/><D54/><U132/><E103/><V33/><REACH who="2" step="1"/><F115/><REACH who="2" ten="240,240,260,240" step="2"/><W83/><G2/><T135/><D135/><U113/><E132/><V50/><F50/><W80/><G3/><T134/><D134/><U30/><E113/><V60/><F60/><W69/><G51/><T65/><D112/><U130/><E130/><V90/><F90/><W77/><G49/><T109/><D109/><N who="1" m="42059" /><E95/><V53/><F53/><W55/><G93/><T114/><D114/><U59/><E59/><V37/><F37/><W42/><G69/><T71/><D71/><U124/><E124/><V78/><AGARI ba="1,2" hai="26,31,33,41,44,48,75,78,82,84,87,94,98,101" machi="78" ten="30,2000,0" yaku="1,1,0,1,53,0" doraHai="110" doraHaiUra="34" who="2" fromWho="2" sc="240,-6,240,-11,260,43,240,-6" /><INIT seed="2,0,0,0,4,41" ten="234,229,303,234" oya="2" hai0="98,135,74,34,83,7,9,118,69,1,37,93,130" hai1="68,123,63,6,71,32,75,60,119,0,125,40,44" hai2="104,28,5,61,53,46,72,64,106,113,36,96,4" hai3="30,86,131,110,114,57,117,103,133,45,90,67,22"/><V15/><F113/><W78/><G114/><T62/><D130/><U16/><E75/><V26/><F72/><W101/><G117/><T23/><D135/><U127/><E119/><V128/><F128/><W49/><G78/><T39/><D34/><U126/><E32/><N who="2" m="20503" /><F106/><W47/><G110/><T20/><D118/><U105/><E105/><V124/><F15/><W27/><G133/><T122/><D122/><U42/><E0/><V29/><F29/><W109/><G109/><T33/><D33/><U25/><E6/><V35/><F35/><W82/><G131/><T89/><D23/><N who="1" m="13543" /><E123/><V50/><F36/><W52/><G67/><T120/><D120/><U111/><E111/><V112/><F112/><W95/><G103/><T84/><D74/><U100/><E40/><V80/><F80/><W2/><G2/><T18/><D69/><N who="1" m="26699" /><E100/><V94/><F104/><W59/><G59/><T12/><REACH who="0" step="1"/><D62/><REACH who="0" ten="224,229,303,234" step="2"/><U129/><E129/><V58/><F61/><W43/><G43/><T107/><D107/><U97/><E97/><AGARI ba="0,1" hai="22,27,30,45,47,49,52,57,82,86,90,95,97,101" machi="97" ten="40,8000,1" yaku="8,1,52,2,54,1" doraHai="41" who="3" fromWho="1" sc="224,0,229,-80,303,0,234,90" /><INIT seed="3,0,0,5,0,65" ten="224,149,303,324" oya="3" hai0="133,132,52,35,99,84,109,94,13,81,102,43,19" hai1="66,3,15,100,16,7,10,48,89,51,72,26,115" hai2="114,20,123,104,6,0,111,41,105,85,118,29,32" hai3="57,103,12,91,42,18,92,87,45,116,83,126,68"/><W64/><G116/><T61/><D109/><U117/><E72/><V14/><F41/><W5/><G126/><T50/><D35/><U71/><E117/><V62/><F85/><W40/><G5/><T33/><D33/><U93/><E115/><V106/><F62/><N who="3" m="37967" /><G68/><T134/><D61/><U90/><E100/><V129/><F114/><W73/><G73/><T78/><D43/><U8/><E26/><N who="2" m="18487" /><F118/><W28/><G28/><T101/><D101/><U77/><E77/><V34/><F34/><W79/><G45/><T119/><D119/><U23/><E8/><N who="2" m="2119" /><F123/><W58/><G58/><T121/><D121/><U135/><E135/><V11/><F11/><N who="3" m="6431" /><G79/><T75/><D75/><U27/><E3/><V131/><F111/><W9/><G9/><T25/><D25/><U108/><E108/><V124/><F124/><W128/><G128/><N who="2" m="49225" /><F14/><W49/><G49/><T82/><D78/><U125/><E125/><V88/><F20/><W130/><G130/><T17/><D13/><U1/><E15/><V98/><F106/><W47/><G47/><T63/><D63/><U38/><E38/><V36/><F36/><W127/><G127/><T59/><D84/><U107/><E107/><V97/><F98/><AGARI ba="0,0" hai="40,42,83,87,91,92,98,103" m="6431,37967" machi="98" ten="30,1500,0" yaku="8,1" doraHai="65" who="3" fromWho="2" sc="224,0,149,0,303,-15,324,15" /><INIT seed="3,1,0,5,0,40" ten="224,149,288,339" oya="3" hai0="102,78,49,105,96,79,91,21,73,63,113,133,120" hai1="101,16,27,30,29,35,72,33,99,129,18,65,69" hai2="97,109,92,36,86,3,25,6,111,81,93,42,103" hai3="64,70,126,130,77,122,62,14,59,128,83,17,46"/><W50/><G122/><T117/><D117/><U26/><E72/><V57/><F6/><W110/><G126/><T82/><D120/><U15/><E129/><N who="3" m="49770" /><G70/><T1/><D1/><U37/><E37/><V95/><F3/><W10/><G110/><N who="2" m="41993" /><F57/><W119/><G119/><T38/><D38/><U89/><E89/><N who="2" m="51407" /><F25/><W61/><G59/><T47/><D133/><U134/><E134/><V45/><AGARI ba="1,0" hai="36,42,45,92,93,95,97,103" m="51407,41993" machi="45" ten="30,2000,0" yaku="14,1,52,1" doraHai="40" who="2" fromWho="2" sc="224,-6,149,-6,288,23,339,-11" /><INIT seed="4,0,0,2,5,117" ten="218,143,311,328" oya="0" hai0="25,75,93,127,3,80,67,104,91,87,16,125,53" hai1="59,135,7,94,99,38,118,58,26,132,12,97,76" hai2="37,45,46,13,69,124,9,42,116,120,0,86,81" hai3="134,54,77,4,108,112,95,33,23,129,29,111,92"/><T22/><D104/><U103/><E118/><V90/><F116/><W47/><G33/><T89/><D3/><U121/><E38/><V19/><F124/><W32/><G32/><T57/><D67/><U73/><E26/><V66/><F120/><W27/><G112/><T96/><REACH who="0" step="1"/><D75/><REACH who="0" ten="208,143,311,328" step="2"/><U39/><E73/><V51/><F0/><W63/><G111/><T20/><D20/><U88/><E121/><V18/><F66/><W71/><G23/><T8/><D8/><U133/><E7/><V72/><F72/><W11/><G4/><T107/><D107/><U43/><E135/><V109/><F109/><W70/><G11/><T31/><D31/><U101/><E133/><V119/><F119/><W65/><G108/><T130/><D130/><U56/><E132/><V82/><F69/><W24/><G129/><T100/><D100/><U44/><E103/><V85/><F19/><W113/><G134/><T17/><D17/><U15/><REACH who="1" step="1"/><E76/><REACH who="1" ten="208,133,311,328" step="2"/><V123/><F123/><W1/><G77/><T2/><D2/><U52/><E52/><V60/><F18/><W128/><G54/><T68/><D68/><U62/><E62/><AGARI ba="0,2" hai="16,22,25,53,57,62,80,87,89,91,93,96,125,127" machi="62" ten="40,12000,1" yaku="1,1,25,2,54,1,53,0" doraHai="117" doraHaiUra="34" who="0" fromWho="1" sc="208,140,133,-120,311,0,328,0" /><INIT seed="4,1,0,0,2,66" ten="348,13,311,328" oya="0" hai0="25,101,59,26,93,49,17,22,31,119,92,105,112" hai1="29,127,37,110,95,56,122,4,129,116,60,84,135" hai2="132,107,111,19,30,45,81,74,48,126,114,91,43" hai3="90,63,0,54,27,2,80,77,12,104,8,28,16"/><T9/><D112/><U10/><E37/><V32/><F111/><W89/><G104/><T94/><D119/><U6/><E116/><V87/><F107/><W117/><G117/><T133/><D133/><U120/><E135/><V67/><F132/><W5/><G54/><N who="0" m="32207" /><D105/><U125/><E110/><V99/><F114/><W75/><G63/><T118/><D118/><U73/><E29/><V36/><F126/><N who="1" m="48137" /><E73/><V109/><F109/><W100/><G100/><T1/><D1/><U134/><E134/><V82/><F67/><W71/><G71/><T124/><D124/><U40/><E40/><V113/><F113/><W83/><G83/><T76/><D76/><U42/><E42/><V23/><F99/><W130/><G130/><T51/><D51/><U41/><E41/><V55/><F30/><W98/><G98/><N who="0" m="59591" /><D26/><U64/><E129/><V106/><F32/><N who="3" m="20511" /><G2/><T7/><D7/><N who="1" m="2603" /><E10/><V46/><F106/><W13/><G13/><AGARI ba="1,0" hai="9,13,17,22,25,31,93,94" m="59591,32207" machi="13" ten="30,1500,0" yaku="8,1" doraHai="66" who="0" fromWho="3" sc="348,18,13,0,311,0,328,-18" /><INIT seed="4,2,0,5,2,5" ten="366,13,311,310" oya="0" hai0="72,48,90,106,55,46,77,102,8,113,79,26,42" hai1="53,36,33,107,65,115,22,105,84,101,16,117,82" hai2="23,92,10,70,111,80,2,4,15,45,1,87,71" hai3="56,76,99,39,129,120,64,31,104,30,128,91,97"/><T37/><D113/><U62/><E117/><V47/><F111/><W78/><G39/><T43/><D90/><U74/><E33/><V0/><F92/><W73/><G91/><T38/><D26/><U12/><E36/><V51/><F23/><W49/><G104/><T93/><D106/><U24/><E115/><V32/><F32/><W86/><G86/><T119/><D119/><U61/><E74/><V67/><F67/><W58/><G49/><T110/><D110/><U122/><E122/><V103/><F103/><W14/><G14/><T52/><D38/><U112/><E112/><V50/><F51/><W109/><G64/><T95/><D72/><U20/><E101/><V63/><F63/><W34/><G34/><T19/><D55/><U88/><E53/><V94/><F94/><N who="0" m="35850" /><D102/><U83/><E62/><V60/><F60/><W7/><G7/><T89/><D89/><U100/><E100/><V118/><F118/><W41/><G73/><T17/><D37/><U40/><E83/><V13/><F13/><W27/><G109/><T3/><D3/><U114/><E40/><N who="0" m="15401" /><D19/><U11/><E114/><V29/><F29/><N who="3" m="10763" /><G27/><T98/><D98/><N who="3" m="37385" /><G41/><T123/><D123/><U133/><E133/><V126/><F126/><W108/><G120/><T18/><D18/><U35/><E35/><V54/><REACH who="2" step="1"/><F45/><REACH who="2" ten="366,13,301,310" step="2"/><W132/><G108/><T28/><D28/><U96/><E96/><V135/><F135/><W125/><G132/><T68/><D46/><U75/><E75/><V44/><F44/><W66/><G125/><T121/><D48/><U131/><E131/><N who="3" m="50250" /><G66/><T116/><D116/><RYUUKYOKU ba="2,1" sc="366,-15,13,-15,301,15,310,15" hai2="0,1,2,4,10,15,47,50,54,70,71,80,87" hai3="56,58,76,78" owari="361,46.1,-2,-50.2,316,-8.4,325,12.5" /></mjloggm>