<mjloggm ver="2.3"><GO type="169" lobby="0"/><UN n0="%74%34%63%34%32%32" n1="%48%45%52%4F%2D%50%4F%4E" n2="%E3%81%8A%E3%81%AF%44%E3%83%9D%E3%83%86%E3%83%88" n3="%E7%9B%9B%E5%B2%A1%E3%81%AE%E3%83%AA%E3%83%BC%E3%83%81%E8%B6%85%E4%BA%BA" dan="16,16,17,17" rate="2118.96,2134.55,2172.86,2162.24" sx="M,M,F,M"/><TAIKYOKU oya="0"/><INIT seed="0,0,0,1,1,45" ten="250,250,250,250" oya="0" hai0="120,2,12,43,112,110,123,87,52,33,74,88,134" hai1="77,28,22,20,79,42,101,130,92,47,95,68,41" hai2="37,81,64,48,125,121,111,14,115,6,66,4,17" hai3="11,126,8,36,107,21,7,104,29,131,78,119,128"/><T26/><D112/><U98/><E130/><N who="3" m="49706" /><G119/><T135/><D74/><U39/><E68/><V61/><F37/><W94/><G36/><T97/><D2/><U19/><E42/><V32/><F115/><W60/><G126/><T83/><D43/><U44/><E44/><V117/><F121/><W34/><G34/><T25/><D110/><U67/><E67/><V105/><F32/><W53/><G78/><T100/><D12/><U89/><E28/><V1/><F105/><W16/><G29/><T133/><D33/><U69/><E69/><V72/><F1/><N who="3" m="111" /><G94/><N who="0" m="58423" /><D120/><U23/><REACH who="1" step="1"/><E19/><REACH who="1" ten="250,240,250,250" step="2"/><V62/><F17/><W73/><G16/><T71/><D71/><U50/><E50/><V108/><F48/><W57/><G60/><T58/><D123/><U51/><E51/><AGARI ba="0,1" hai="25,26,51,52,58,83,87,88,133,134,135" m="58423" machi="51" ten="30,11600,0" yaku="20,1,52,1,54,2" doraHai="45" who="0" fromWho="1" sc="250,126,240,-116,250,0,250,0" /><INIT seed="0,1,0,2,3,7" ten="376,124,250,250" oya="0" hai0="115,31,112,4,76,125,108,45,62,46,116,8,14" hai1="86,119,37,95,91,22,18,3,15,33,61,26,21" hai2="133,27,67,85,51,128,81,135,73,1,70,123,80" hai3="113,118,87,17,109,99,34,2,50,32,130,120,29"/><T24/><D116/><U47/><E119/><V9/><F123/><W129/><G99/><T48/><D125/><U20/><E3/><V101/><F128/><W30/><G87/><T105/><D105/><U124/><E124/><V131/><F131/><N who="3" m="50187" /><G50/><T77/><D108/><U68/><E37/><V54/><F101/><W96/><G96/><T28/><D28/><N who="3" m="10857" /><G118/><T100/><D100/><U107/><E107/><V49/><F73/><W36/><G36/><T117/><D117/><U75/><E75/><V56/><F51/><W44/><G44/><T88/><D45/><U69/><E47/><V102/><F102/><W0/><G113/><T58/><D112/><U52/><E33/><N who="3" m="12906" /><G109/><T43/><D115/><U134/><E69/><V42/><F85/><W13/><G120/><T104/><D104/><U35/><E68/><V10/><F70/><W98/><G98/><T72/><D88/><U97/><E97/><V79/><F79/><W53/><G53/><N who="0" m="34127" /><D72/><U59/><E91/><V38/><F80/><W11/><AGARI ba="1,0" hai="0,2,11,13,17" m="12906,10857,50187" machi="11" ten="40,8000,1" yaku="19,1,34,2,52,1" doraHai="7" who="3" fromWho="3" sc="376,-41,124,-21,250,-21,250,83" /><INIT seed="1,0,0,2,4,15" ten="335,103,229,333" oya="1" hai0="29,9,126,56,38,27,103,21,132,129,94,116,64" hai1="134,80,54,8,60,71,18,91,121,31,17,1,85" hai2="109,99,73,41,87,89,101,130,97,55,98,96,113" hai3="47,106,84,39,24,4,65,69,112,14,92,111,133"/><U135/><E121/><V110/><F41/><W117/><G106/><T51/><D116/><U3/><E31/><V12/><F73/><W33/><G112/><T43/><D38/><U114/><E114/><V82/><F113/><W11/><G111/><N who="2" m="42505" /><F55/><W58/><G69/><T37/><D37/><U90/><E90/><N who="2" m="51575" /><F12/><W10/><G14/><T79/><D79/><U68/><E54/><V115/><F115/><W107/><G39/><T25/><D126/><U122/><E122/><V34/><F34/><W124/><G33/><T44/><D129/><U48/><E48/><V32/><F32/><W86/><G124/><T127/><D127/><U119/><E119/><V66/><F66/><W20/><G65/><T74/><D74/><U40/><E40/><V50/><F50/><W75/><G75/><T2/><D132/><N who="1" m="50731" /><E60/><V16/><F130/><W81/><G117/><T57/><D64/><U19/><E8/><V93/><F16/><N who="1" m="4097" /><U100/><DORA hai="13" /><E100/><AGARI ba="0,0" hai="89,93,96,97,98,99,100,101" m="51575,42505" machi="100" ten="30,3900,0" yaku="14,1,34,2" doraHai="15,13" who="2" fromWho="1" sc="335,0,103,-39,229,39,333,0" /><INIT seed="2,0,0,0,3,76" ten="335,64,268,333" oya="2" hai0="33,16,52,53,67,18,37,62,80,98,54,72,8" hai1="126,94,29,14,129,116,68,73,91,9,70,132,51" hai2="89,36,35,82,78,64,43,65,24,13,20,83,135" hai3="111,26,49,11,87,74,56,46,117,4,101,84,59"/><V112/><F112/><W95/><G74/><T133/><D37/><U99/><E116/><V69/><F135/><W97/><G117/><T86/><D33/><U127/><E29/><V12/><F35/><W2/><G111/><T42/><D42/><U115/><E115/><V50/><F36/><W125/><G125/><N who="1" m="47626" /><E73/><V15/><F69/><W104/><G26/><T88/><D72/><U41/><E129/><V77/><F77/><W121/><G121/><T63/><D133/><U103/><E103/><V38/><F38/><W100/><G100/><T106/><D106/><U32/><E32/><V25/><F78/><W119/><G119/><T128/><D128/><U114/><E114/><V21/><F89/><W120/><G120/><T134/><D98/><U7/><E132/><V79/><F79/><W85/><REACH who="3" step="1"/><G104/><REACH who="3" ten="335,64,268,323" step="2"/><T31/><D134/><U5/><E5/><V1/><F1/><W110/><G110/><T45/><D31/><U60/><E60/><N who="0" m="23081" /><D67/><N who="2" m="25674" /><F25/><W130/><G130/><T123/><D123/><U6/><E7/><V90/><F24/><W61/><G61/><T96/><D45/><AGARI ba="0,1" hai="6,9,14,41,45,51,68,70,91,94,99" m="47626" machi="45" ten="30,1000,0" yaku="18,1" doraHai="76" who="1" fromWho="0" sc="335,-10,64,20,268,0,323,0" /><INIT seed="3,0,0,0,2,105" ten="325,84,268,323" oya="3" hai0="6,9,61,110,102,114,129,135,65,51,40,76,26" hai1="48,116,30,123,37,35,34,27,96,47,17,41,5" hai2="91,118,112,113,99,124,1,131,101,66,39,43,92" hai3="53,50,77,128,59,67,19,111,93,90,58,15,62"/><W52/><G128/><T45/><D129/><U33/><E123/><V108/><F131/><W13/><G111/><T25/><D110/><U42/><E116/><V85/><F108/><W38/><G38/><T18/><D135/><U31/><E17/><V134/><F118/><W106/><G106/><T8/><D102/><U60/><E5/><V98/><F1/><W95/><G77/><T32/><D32/><U46/><E31/><V12/><F134/><W21/><G93/><T29/><D29/><U75/><E60/><V23/><F124/><W64/><REACH who="3" step="1"/><G15/><REACH who="3" ten="325,84,268,313" step="2"/><T14/><D76/><U56/><E96/><AGARI ba="0,1" hai="13,19,21,50,52,53,58,59,62,64,67,90,95,96" machi="96" ten="30,12000,1" yaku="1,1,2,1,7,1,8,1,54,1,53,0" doraHai="105" doraHaiUra="20" who="3" fromWho="1" sc="325,0,84,-120,268,0,313,130" owari="325,12.5,-36,-53.6,268,-13.2,443,54.3" /></mjloggm>