<mjloggm ver="2.3"><GO type="169" lobby="0"/><UN n0="%E4%BA%AC%E9%83%BD%34%30" n1="%31%35%2E%31%35%63%6D" n2="%E4%BE%8D" n3="%50%61%73%73%43%6F%64%65" dan="16,18,18,18" rate="2105.93,2313.30,2247.90,2179.31" sx="M,M,M,M"/><TAIKYOKU oya="0"/><INIT seed="0,0,0,5,4,91" ten="250,250,250,250" oya="0" hai0="49,82,47,110,43,30,7,14,103,106,111,134,112" hai1="53,0,10,117,129,66,68,95,109,11,99,21,13" hai2="60,80,48,20,37,70,46,52,51,120,78,124,131" hai3="61,100,83,40,63,39,135,29,133,6,127,128,65"/><T102/><D112/><U45/><E117/><V15/><F120/><W94/><G6/><T92/><D106/><U98/><E109/><N who="0" m="41481" /><D30/><U97/><E129/><V74/><F124/><W121/><G29/><T96/><D134/><U25/><E0/><V90/><F131/><W35/><G35/><T69/><D69/><U114/><E66/><V58/><F37/><W44/><G128/><T72/><D103/><U4/><E11/><V71/><F51/><W28/><G28/><T125/><D125/><U123/><E68/><V32/><F32/><W33/><G33/><T24/><D24/><U16/><E123/><V12/><F12/><W42/><G127/><T62/><D62/><U1/><E1/><V101/><F101/><W34/><G34/><T89/><D72/><U76/><E114/><V31/><F90/><W113/><G113/><T130/><D130/><U64/><E76/><V116/><F116/><W23/><G121/><T87/><D14/><U104/><E104/><V81/><F81/><W67/><G135/><T126/><D126/><U54/><E25/><V26/><REACH who="2" step="1"/><F15/><REACH who="2" ten="250,250,240,250" step="2"/><W41/><G133/><T79/><D102/><U59/><E13/><V107/><F107/><W105/><G100/><T122/><D122/><U132/><E132/><V115/><F115/><W57/><G105/><T2/><D2/><U50/><E10/><V19/><F19/><W27/><G39/><T86/><D7/><U18/><E4/><V55/><AGARI ba="0,1" hai="20,26,31,46,48,52,55,58,60,70,71,74,78,80" machi="55" ten="20,5200,0" yaku="1,1,0,1,7,1,54,1,53,0" doraHai="91" doraHaiUra="88" who="2" fromWho="2" sc="250,-26,250,-13,240,62,250,-13" /><INIT seed="1,0,0,1,2,55" ten="224,237,302,237" oya="1" hai0="38,56,117,82,68,6,28,2,132,115,85,120,130" hai1="42,80,69,30,23,78,67,99,122,129,24,110,10" hai2="133,13,131,121,63,94,14,125,3,72,81,21,135" hai3="119,128,116,62,12,60,39,29,46,41,57,43,1"/><U84/><E122/><V18/><F121/><W103/><G1/><T83/><D28/><U100/><E129/><V33/><F3/><W59/><G29/><T58/><D120/><U52/><E110/><V126/><F94/><W134/><G103/><T79/><D68/><U64/><E42/><V20/><F63/><W54/><G12/><T127/><D115/><U71/><E10/><V4/><F81/><W112/><G112/><T44/><D117/><N who="3" m="45129" /><G128/><T31/><D31/><U113/><E113/><V0/><F72/><W7/><G7/><T86/><D130/><U32/><E32/><V123/><F33/><W89/><G89/><T34/><D34/><U76/><E76/><V45/><F45/><W17/><G17/><T26/><D26/><U49/><E71/><V36/><F36/><W75/><G75/><T61/><D61/><U108/><E69/><V91/><F91/><W98/><G98/><T8/><D127/><N who="2" m="48650" /><F123/><W106/><G106/><T35/><D35/><U50/><E50/><V40/><F40/><N who="3" m="22815" /><G134/><N who="2" m="51209" /><F131/><W96/><G96/><T74/><D132/><U93/><E108/><V87/><F87/><W66/><AGARI ba="0,0" hai="41,43,54,57,59,60,62,66" m="22815,45129" machi="66" ten="30,8000,1" yaku="12,1,34,2,52,2" doraHai="55" who="3" fromWho="3" sc="224,-20,237,-40,302,-20,237,80" /><INIT seed="2,0,0,4,0,98" ten="204,197,282,317" oya="2" hai0="36,24,31,15,59,44,17,78,0,130,66,122,7" hai1="81,18,100,11,5,80,51,85,121,60,133,63,35" hai2="123,96,134,48,22,124,70,94,20,8,62,67,52" hai3="30,38,101,79,13,88,132,23,9,82,40,42,109"/><V10/><F123/><W56/><G109/><T12/><D122/><U33/><E121/><V71/><F70/><W111/><G111/><T89/><D130/><U126/><E126/><V108/><F108/><W83/><G132/><T112/><D112/><U127/><E127/><V104/><F104/><W107/><G38/><T47/><D78/><U76/><E133/><V64/><F124/><W53/><G23/><N who="2" m="8745" /><F71/><W115/><G30/><T1/><D7/><U129/><E129/><V77/><F77/><W125/><G115/><T120/><D120/><U119/><E119/><V103/><F134/><W3/><G3/><T73/><D73/><U65/><E18/><V69/><F69/><W16/><G79/><T114/><D17/><U4/><E51/><V46/><F62/><W43/><G125/><T93/><D114/><U57/><E63/><V90/><F90/><W117/><G88/><T19/><D19/><U25/><E35/><V131/><F131/><W27/><G27/><T75/><D75/><U55/><E25/><V14/><F8/><W87/><G87/><T41/><D24/><U106/><E11/><V32/><F32/><W118/><G117/><T113/><D113/><U95/><E33/><V135/><F135/><W97/><REACH who="3" step="1"/><G118/><REACH who="3" ten="204,197,282,307" step="2"/><T34/><D0/><U105/><E76/><V99/><F99/><W54/><BYE who="2" /><G54/><T28/><D1/><U86/><E55/><V61/><F61/><AGARI ba="0,1" hai="9,13,16,40,42,43,53,56,61,82,83,97,101,107" machi="61" ten="40,5200,0" yaku="1,1,52,1,54,1,53,0" doraHai="98" doraHaiUra="128" who="3" fromWho="2" sc="204,0,197,0,282,-52,307,62" /><UN n2="%E4%BE%8D" /><INIT seed="3,0,0,1,3,126" ten="204,197,230,369" oya="3" hai0="95,17,7,49,81,97,111,23,51,36,98,123,4" hai1="129,34,90,54,24,18,108,131,25,2,8,116,74" hai2="40,71,110,67,91,30,43,87,14,134,20,56,113" hai3="109,86,26,64,31,121,119,5,15,73,29,135,52"/><W124/><G119/><T63/><D36/><U35/><E74/><V84/><F113/><W76/><G121/><T112/><D111/><U68/><E68/><V103/><F103/><W22/><G124/><T41/><D123/><U118/><E54/><V127/><F127/><W114/><G114/><T105/><D112/><U37/><E90/><V3/><F3/><W33/><G73/><T93/><D105/><U50/><E50/><N who="0" m="18953" /><D81/><U99/><E99/><N who="0" m="37897" /><D63/><U94/><E94/><N who="0" m="35849" /><D41/><U77/><E37/><V9/><F43/><W106/><G109/><T60/><D60/><U102/><E108/><V16/><F40/><W1/><G106/><T48/><N who="0" m="18961" /><T125/><DORA hai="12" /><D125/><U70/><E70/><V21/><F71/><W85/><G1/><T32/><D32/><U92/><E92/><V53/><F110/><W75/><G33/><T39/><D39/><U132/><E2/><V57/><F57/><W72/><G72/><T13/><AGARI ba="0,0" hai="4,7,13,17,23" m="35849,37897,18961" machi="13" ten="40,2700,0" yaku="8,1,52,1" doraHai="126,12" who="0" fromWho="0" sc="204,27,197,-7,230,-7,369,-13" /><INIT seed="4,0,0,3,3,36" ten="231,190,223,356" oya="0" hai0="81,1,86,82,46,52,106,40,100,68,24,12,5" hai1="101,95,89,115,108,99,4,23,32,54,76,33,13" hai2="112,133,84,47,61,3,120,27,53,17,31,58,128" hai3="21,90,65,9,129,22,79,113,117,78,73,56,135"/><T26/><D1/><U43/><E108/><V80/><F120/><W134/><G117/><T38/><D68/><U91/><E76/><V109/><F109/><W105/><G105/><T83/><D86/><U34/><E115/><V69/><F128/><W131/><G90/><T121/><D121/><U41/><E54/><V14/><F133/><W110/><G56/><T35/><D35/><U20/><E91/><V48/><F3/><W92/><G92/><T85/><D85/><U2/><E2/><V0/><F0/><W18/><G65/><T122/><D122/><U94/><E23/><V63/><F69/><W132/><G110/><T111/><D111/><U64/><E64/><V72/><F72/><W88/><G88/><T97/><D12/><U44/><E44/><V62/><F27/><W103/><G103/><T114/><D5/><U75/><E75/><V10/><F31/><W102/><G102/><T30/><D114/><U127/><E127/><V74/><F74/><W45/><G113/><T125/><D125/><U57/><E57/><V49/><F112/><W59/><G73/><T98/><D30/><U107/><E107/><V25/><F25/><W77/><G131/><T104/><D52/><U66/><E66/><N who="2" m="39223" /><F49/><W119/><G129/><T126/><D126/><U60/><E60/><V39/><F39/><W11/><G135/><T70/><D70/><U42/><E4/><V37/><F37/><W93/><G134/><T118/><D118/><U29/><E29/><V123/><F123/><W67/><G119/><T50/><D38/><U7/><E7/><V51/><F51/><RYUUKYOKU ba="0,0" sc="231,15,190,-15,223,15,356,-15" hai0="24,26,40,46,50,81,82,83,97,98,100,104,106" hai2="10,14,17,47,48,53,62,63,80,84" /><INIT seed="4,1,0,3,2,90" ten="246,175,238,341" oya="0" hai0="29,4,73,14,131,16,17,45,122,113,55,39,54" hai1="31,3,36,119,130,111,32,82,81,96,0,48,85" hai2="38,69,12,64,109,103,23,125,89,116,66,40,43" hai3="99,133,26,95,79,100,63,6,41,58,114,53,62"/><T120/><D73/><U57/><E119/><V18/><F109/><W123/><G114/><T118/><D118/><U105/><E36/><V77/><F116/><W56/><G133/><T65/><D113/><U93/><E111/><V35/><F35/><W128/><G128/><T72/><D72/><U59/><E105/><V97/><F125/><W115/><G115/><T24/><D131/><U80/><E130/><V10/><F77/><W127/><G127/><T49/><D65/><U101/><E85/><V135/><F135/><W134/><G134/><T107/><D107/><U86/><E86/><V68/><F89/><W71/><G71/><T51/><D4/><U121/><E121/><V61/><F38/><W27/><G79/><T129/><D39/><U33/><E33/><V98/><F98/><W76/><G76/><T46/><D129/><U126/><E126/><V13/><F66/><W47/><G6/><T74/><D74/><U67/><E57/><V132/><F68/><W75/><G75/><T88/><D88/><U8/><E8/><V102/><F102/><W108/><G123/><T28/><REACH who="0" step="1"/><D14/><REACH who="0" ten="236,175,238,341" step="2"/><U1/><E67/><V19/><F132/><W94/><G108/><T37/><D37/><U92/><E92/><AGARI ba="1,1" hai="10,12,13,18,19,23,40,43,61,64,69,92,97,103" machi="92" ten="30,2000,0" yaku="7,1,52,1" doraHai="90" who="2" fromWho="1" sc="236,0,175,-23,238,33,341,0" /><INIT seed="5,0,0,2,5,105" ten="236,152,271,341" oya="1" hai0="73,31,70,50,96,47,125,41,33,49,90,11,67" hai1="83,20,124,123,7,46,132,54,126,5,28,29,118" hai2="113,30,56,131,130,94,0,24,8,77,81,91,14" hai3="13,75,16,18,17,48,103,1,45,110,104,6,109"/><U99/><E118/><V27/><F0/><W89/><G75/><T82/><D125/><N who="1" m="48235" /><E99/><V76/><F56/><W21/><G103/><T34/><D96/><U69/><E69/><V65/><F65/><W121/><G104/><T52/><D67/><U68/><E68/><V111/><F111/><W19/><G121/><T43/><D70/><U72/><E123/><V95/><F113/><W80/><G80/><T114/><D114/><U88/><E132/><V116/><F116/><W74/><G74/><T57/><D41/><U63/><E63/><V58/><F58/><W71/><G89/><T120/><D120/><U12/><E20/><N who="2" m="15623" /><F91/><W106/><G106/><T55/><D43/><U84/><E72/><N who="2" m="43143" /><F77/><W37/><G37/><T25/><D11/><N who="1" m="4207" /><E7/><V134/><F27/><W60/><G60/><T117/><D117/><U128/><E128/><N who="2" m="49195" /><F134/><W92/><G71/><T78/><D90/><U35/><E35/><AGARI ba="0,0" hai="25,31,33,34,35,47,49,50,52,55,57,73,78,82" machi="35" ten="30,3900,0" yaku="7,1,52,1,54,1" doraHai="105" who="0" fromWho="1" sc="236,39,152,-39,271,0,341,0" /><INIT seed="6,0,0,4,5,84" ten="275,113,271,341" oya="2" hai0="22,116,112,44,0,88,86,18,134,61,92,121,103" hai1="53,70,13,11,39,130,37,8,109,104,126,6,55" hai2="27,56,108,16,79,69,114,64,78,110,31,10,2" hai3="42,45,113,1,89,47,80,90,12,15,50,49,67"/><V66/><F69/><W26/><G1/><T20/><D121/><U99/><E70/><V58/><F114/><W29/><G67/><N who="2" m="25641" /><F2/><W23/><G113/><T111/><D112/><U73/><E73/><V98/><F98/><W72/><G72/><T35/><D35/><U106/><E99/><V122/><F122/><W28/><G80/><T82/><D0/><U87/><E87/><V68/><F10/><W46/><G46/><T19/><D61/><U100/><E100/><V132/><F16/><W101/><G101/><T34/><D34/><U107/><E109/><N who="2" m="42091" /><F68/><W115/><G115/><T32/><D111/><U54/><E130/><V102/><F102/><W120/><G120/><T17/><D32/><U41/><E41/><V105/><F105/><W52/><G29/><T3/><D3/><U83/><E83/><V133/><F27/><W118/><G118/><T127/><D116/><U128/><E128/><V5/><F5/><W57/><G47/><T59/><D44/><U38/><E6/><V95/><F31/><W125/><G125/><T85/><D127/><U123/><E126/><V40/><F95/><W135/><G135/><N who="2" m="51785" /><F40/><W60/><G15/><T96/><D134/><U119/><E123/><V9/><F9/><W94/><G12/><T75/><D75/><U33/><E119/><V48/><F48/><N who="3" m="26679" /><G94/><T14/><D14/><U65/><E33/><V30/><F30/><W7/><G7/><T51/><D86/><U4/><E11/><V21/><F21/><W63/><G50/><T91/><D103/><U76/><E65/><V43/><F43/><W131/><G131/><RYUUKYOKU ba="0,0" sc="275,0,113,0,271,0,341,0" hai0="17,18,19,20,22,51,59,82,85,88,91,92,96" hai1="4,8,13,37,38,39,53,54,55,76,104,106,107" hai2="56,58,78,79" hai3="23,26,28,49,52,57,60,63,89,90" /><INIT seed="6,1,0,3,3,102" ten="275,113,271,341" oya="2" hai0="108,33,94,103,67,20,24,116,93,25,51,7,68" hai1="118,11,37,48,132,104,39,12,127,30,130,46,34" hai2="83,69,8,105,61,47,85,80,128,15,89,2,126" hai3="95,0,63,131,6,53,28,86,100,55,120,78,110"/><V22/><F126/><W60/><G110/><T82/><D108/><U96/><E118/><V123/><F123/><W134/><G131/><T62/><D116/><U113/><E127/><V65/><F128/><W124/><G134/><T101/><D7/><U9/><E130/><V109/><F109/><W10/><G28/><T43/><D82/><U117/><E117/><V72/><F2/><W58/><G78/><T90/><D33/><U36/><E132/><V99/><F22/><W23/><G120/><T71/><D71/><U97/><E113/><V135/><F135/><W88/><G23/><T111/><D94/><U21/><E34/><V40/><F99/><W13/><G100/><T64/><D64/><U44/><E30/><V106/><F80/><W114/><G114/><T119/><D25/><U70/><E70/><V35/><F72/><W66/><G124/><T14/><D14/><U76/><E76/><V73/><F73/><W129/><G129/><T4/><D4/><U19/><E97/><V75/><F75/><W5/><G63/><T27/><D27/><U42/><REACH who="1" step="1"/><E46/><REACH who="1" ten="275,103,271,341" step="2"/><V31/><F31/><W57/><G0/><T54/><D119/><U29/><E29/><V77/><F77/><W50/><G86/><T92/><D68/><U122/><E122/><V52/><F35/><W84/><G84/><T125/><D125/><U91/><E91/><V121/><F121/><W107/><G88/><T38/><D90/><U32/><E32/><V49/><F40/><W98/><G98/><T56/><D43/><U115/><E115/><V41/><F41/><W112/><G112/><RYUUKYOKU ba="1,1" sc="275,-15,103,15,271,15,341,-15" hai1="9,11,12,19,21,36,37,39,42,44,48,96,104" hai2="8,15,47,49,52,61,65,69,83,85,89,105,106" /><INIT seed="6,2,1,1,0,92" ten="260,118,286,326" oya="2" hai0="98,2,99,57,30,83,40,5,119,25,104,32,69" hai1="85,35,49,109,127,68,110,96,0,91,101,125,129" hai2="63,38,61,72,121,50,34,95,76,28,79,60,58" hai3="111,87,47,44,66,120,116,52,93,77,134,107,48"/><V74/><F38/><W115/><G111/><T43/><D69/><U118/><E68/><V86/><F121/><W71/><G116/><T55/><D119/><U84/><E35/><V15/><F34/><W73/><G107/><T51/><D104/><U90/><E49/><V131/><F28/><W31/><G120/><T37/><D83/><U46/><E46/><V29/><F29/><W106/><G106/><T64/><D64/><U128/><E0/><V33/><F33/><W36/><G73/><T100/><D100/><U10/><E10/><V65/><F74/><W75/><G75/><T108/><D108/><U19/><E19/><V4/><F72/><W113/><G31/><T16/><D40/><U112/><E118/><V41/><F95/><W67/><G77/><N who="2" m="29769" /><F86/><W42/><G134/><T103/><D103/><U39/><E39/><V18/><F4/><W126/><G126/><T80/><D80/><U117/><E117/><V82/><F82/><W1/><G1/><T88/><D88/><U14/><E14/><V89/><F89/><N who="3" m="53439" /><G71/><T12/><D5/><U7/><E7/><V6/><F131/><W3/><G3/><T9/><REACH who="0" step="1"/><D2/><REACH who="0" ten="250,118,286,326" step="2"/><U26/><E101/><V132/><F6/><W102/><G102/><T122/><D122/><U8/><E110/><V20/><F132/><W62/><G67/><T97/><D97/><U13/><E96/><V130/><F130/><N who="1" m="50281" /><E109/><V81/><F81/><W21/><G66/><T133/><D133/><U70/><E70/><V24/><F15/><W23/><G42/><T78/><D78/><U124/><E91/><V105/><F105/><RYUUKYOKU ba="2,2" sc="250,15,118,-15,286,15,326,-15" hai0="9,12,16,25,30,32,37,43,51,55,57,98,99" hai2="18,20,24,41,50,58,60,61,63,65" /><INIT seed="6,3,2,3,2,61" ten="265,103,301,311" oya="2" hai0="46,132,30,18,78,90,120,26,97,35,86,87,82" hai1="70,112,104,74,41,68,109,1,116,100,36,119,77" hai2="24,102,83,48,22,127,96,11,27,50,9,79,13" hai3="117,34,8,7,33,67,125,122,92,66,19,25,91"/><V14/><F127/><W17/><G117/><T51/><D132/><U57/><E57/><V89/><F89/><W59/><G122/><T108/><D108/><U114/><E109/><V99/><F83/><W5/><G125/><T115/><D115/><N who="1" m="44075" /><E1/><V63/><F63/><W28/><G34/><T15/><D120/><U124/><E124/><V133/><F79/><W32/><G33/><T73/><D97/><N who="1" m="61455" /><E77/><V106/><F133/><W94/><G94/><T75/><D15/><U85/><E85/><V40/><F40/><W6/><G59/><T81/><D18/><U2/><E2/><V71/><F71/><N who="1" m="27177" /><E74/><V105/><F22/><W110/><G110/><T23/><D23/><U53/><E53/><AGARI ba="3,2" hai="26,30,35,46,51,53,73,75,78,81,82,86,87,90" machi="53" ten="30,1000,0" yaku="7,1" doraHai="61" who="0" fromWho="1" sc="265,39,103,-19,301,0,311,0" /><INIT seed="7,0,0,4,2,40" ten="304,84,301,311" oya="3" hai0="26,38,4,49,132,90,115,12,53,8,89,109,88" hai1="117,121,86,66,133,65,52,94,113,13,32,39,108" hai2="20,100,83,96,5,35,41,58,7,105,45,57,91" hai3="33,55,71,34,72,42,75,107,21,70,11,106,111"/><W43/><G21/><T50/><D109/><U103/><E108/><V118/><F118/><W24/><G111/><T131/><D38/><U120/><E117/><V62/><F35/><N who="3" m="13323" /><G55/><T93/><D115/><U6/><E113/><V59/><F62/><W3/><G24/><T48/><D131/><U116/><E116/><V2/><F2/><W76/><G43/><T79/><D132/><U0/><E133/><V101/><F20/><W51/><G51/><N who="0" m="19531" /><D79/><U22/><E32/><V112/><F112/><W102/><G42/><T67/><D26/><U46/><E0/><V114/><F114/><W78/><G78/><T122/><D122/><U81/><E39/><V85/><REACH who="2" step="1"/><F101/><REACH who="2" ten="304,84,291,311" step="2"/><W126/><G126/><T36/><D67/><U77/><E120/><V98/><F98/><N who="3" m="61783" /><G107/><T104/><D104/><U63/><E121/><V31/><F31/><W28/><G28/><T1/><D1/><U16/><E6/><V127/><F127/><W95/><G95/><T130/><D130/><U119/><E119/><V30/><F30/><W123/><G123/><T14/><D36/><AGARI ba="0,1" hai="5,7,36,41,45,57,58,59,83,85,91,96,100,105" machi="36" ten="40,5200,0" yaku="1,1,52,1,53,1" doraHai="40" doraHaiUra="80" who="2" fromWho="0" sc="304,-52,84,0,291,62,311,0" owari="252,-14.8,84,-41.6,353,45.3,311,11.1" /></mjloggm>