<mjloggm ver="2.3"><GO type="169" lobby="0"/><UN n0="%E3%81%B5%E3%81%8B%E3%81%8C%E3%82%8F" n1="%73%65%69%6A%69%64%6F%6E" n2="%E3%82%A4%E3%82%AB%E3%81%AB%E3%82%82%E6%9D%B1%E5%8C%97" n3="%E7%B4%AB%E3%81%AE%E9%8F%A1" dan="16,16,17,18" rate="2053.40,2092.90,2181.61,2184.47" sx="M,M,M,M"/><TAIKYOKU oya="0"/><INIT seed="0,0,0,2,4,49" ten="250,250,250,250" oya="0" hai0="111,86,97,31,54,34,75,59,60,64,12,99,100" hai1="132,78,76,11,38,91,114,134,62,90,121,124,20" hai2="120,131,56,53,110,113,63,58,115,26,36,68,77" hai3="25,24,93,43,104,88,6,109,1,126,92,29,5"/><T128/><D128/><U82/><E121/><V16/><F120/><W130/><G104/><T42/><D75/><U30/><E38/><V118/><F68/><W108/><G130/><T17/><D42/><U133/><E124/><V48/><F131/><W98/><G126/><T18/><D111/><N who="3" m="42569" /><G43/><T70/><D97/><U33/><E33/><V23/><F110/><W40/><G40/><T112/><D112/><U122/><E122/><V95/><F36/><W39/><G39/><T84/><D18/><U117/><E117/><V125/><F125/><W107/><G107/><T116/><D116/><U129/><E129/><V102/><F77/><W2/><G92/><T87/><D31/><U106/><E106/><V72/><F72/><W45/><G45/><T103/><D34/><U55/><E11/><V4/><F4/><N who="3" m="1643" /><G24/><T51/><REACH who="0" step="1"/><D99/><REACH who="0" ten="240,250,250,250" step="2"/><U22/><E114/><V79/><F118/><W65/><G65/><T27/><D27/><U32/><E133/><V13/><F26/><W69/><G25/><T41/><D41/><U81/><E132/><V37/><F37/><W123/><G29/><T50/><D50/><U15/><E30/><V85/><F115/><W57/><G123/><T74/><D74/><U135/><E135/><V71/><F113/><W8/><G98/><T44/><D44/><U61/><E134/><V83/><F16/><W80/><G8/><AGARI ba="0,1" hai="8,12,17,51,54,59,60,64,70,84,86,87,100,103" machi="8" ten="40,3900,0" yaku="1,1,52,1,53,0" doraHai="49" doraHaiUra="28" who="0" fromWho="3" sc="240,49,250,0,250,0,250,-39" /><INIT seed="0,1,0,0,3,64" ten="289,250,250,211" oya="0" hai0="68,34,63,83,120,104,94,126,45,22,23,43,82" hai1="59,96,81,61,95,37,66,85,55,125,36,7,2" hai2="33,105,72,131,87,91,1,40,74,54,117,106,79" hai3="60,29,102,69,78,24,41,53,19,39,17,28,47"/><T44/><D104/><U124/><E7/><V109/><F33/><W133/><G133/><T107/><D107/><U84/><E2/><V4/><F109/><W27/><G78/><T30/><D126/><N who="1" m="48747" /><E55/><V48/><F131/><W99/><G28/><T32/><D120/><U100/><E85/><V110/><F110/><W86/><G86/><T119/><D119/><U98/><E98/><V75/><F79/><AGARI ba="1,0" hai="36,37,59,61,66,79,81,84,95,96,100" m="48747" machi="79" ten="30,1000,0" yaku="18,1" doraHai="64" who="1" fromWho="2" sc="289,0,250,13,250,-13,211,0" /><INIT seed="1,0,0,3,5,12" ten="289,263,237,211" oya="1" hai0="73,101,120,27,114,44,125,119,102,23,58,66,39" hai1="62,18,123,108,80,31,126,118,90,15,16,128,21" hai2="78,124,37,22,69,4,135,65,52,127,89,109,104" hai3="34,11,98,17,113,9,0,81,8,132,129,20,10"/><U30/><E123/><V130/><F104/><W133/><G81/><T100/><D114/><U110/><E118/><V32/><F32/><W43/><G43/><T29/><D119/><U71/><E126/><V72/><F37/><W88/><G113/><T116/><D116/><U26/><E128/><V92/><F109/><N who="1" m="42089" /><E90/><V85/><F135/><N who="3" m="51787" /><G34/><T115/><D73/><U111/><N who="1" m="42097" /><U25/><DORA hai="42" /><E80/><V49/><F130/><W7/><G129/><T131/><D115/><U59/><E71/><V117/><F117/><W79/><G79/><T6/><D6/><U5/><E5/><V97/><F4/><N who="3" m="1031" /><G98/><T74/><D74/><U47/><E47/><V82/><F72/><W45/><G88/><T105/><D131/><U106/><E106/><V36/><F127/><W60/><G60/><T107/><D125/><U67/><E15/><V24/><F124/><W48/><G7/><T122/><D105/><U19/><E31/><V112/><F112/><W40/><G9/><T51/><D107/><U70/><E70/><V77/><F69/><W94/><G94/><T63/><D122/><U28/><E28/><V86/><F92/><W33/><G10/><T55/><D120/><U96/><E96/><V54/><F89/><W41/><G11/><T50/><D102/><U134/><E134/><V75/><F97/><W35/><G41/><N who="0" m="24847" /><D101/><U76/><E76/><V93/><F77/><W61/><G61/><T38/><D100/><U103/><E103/><V3/><F78/><W13/><AGARI ba="0,0" hai="13,17,20,33,35,40,45,48" m="1031,51787" machi="13" ten="30,4000,0" yaku="20,1,52,2" doraHai="12,42" who="3" fromWho="3" sc="289,-10,263,-20,237,-10,211,40" /><INIT seed="2,0,0,3,4,15" ten="279,243,227,251" oya="2" hai0="104,87,88,52,86,61,23,7,95,54,114,68,112" hai1="102,84,65,25,16,72,32,110,109,66,37,42,78" hai2="122,29,17,69,11,13,36,101,90,38,107,12,79" hai3="76,121,83,28,135,58,80,18,63,33,47,105,59"/><V27/><F122/><W10/><G121/><T117/><D104/><U48/><E72/><V6/><F69/><W118/><G118/><T133/><D117/><U97/><E37/><V14/><F79/><W51/><G105/><T124/><D7/><U89/><E78/><V22/><F13/><N who="3" m="7479" /><G33/><T92/><D133/><U53/><E42/><V8/><REACH who="2" step="1"/><F90/><REACH who="2" ten="279,243,217,251" step="2"/><W35/><G76/><T0/><D88/><U4/><E109/><V20/><F20/><W81/><G135/><T113/><D23/><N who="1" m="13543" /><E110/><V85/><F85/><W75/><G75/><T71/><D86/><U128/><E32/><V56/><F56/><W44/><G58/><T19/><D87/><U99/><E84/><V103/><F103/><W74/><G35/><T62/><D71/><U46/><E89/><V94/><F94/><W77/><G74/><T55/><D68/><U40/><E99/><AGARI ba="0,1" hai="6,8,11,12,14,17,22,27,29,36,38,99,101,107" machi="99" ten="40,7700,0" yaku="1,1,52,1,53,1" doraHai="15" doraHaiUra="2" who="2" fromWho="1" sc="279,0,243,-77,217,87,251,0" /><INIT seed="2,1,0,3,2,121" ten="279,166,304,251" oya="2" hai0="109,0,40,53,45,129,108,85,73,69,71,27,17" hai1="115,80,84,114,51,87,29,47,74,1,124,96,128" hai2="123,107,7,61,43,21,33,3,67,118,110,135,10" hai3="105,36,42,102,44,79,99,117,32,82,72,56,88"/><V31/><F118/><W2/><G32/><T65/><D73/><U35/><E1/><V18/><F123/><W101/><G117/><T91/><D129/><U20/><E35/><V122/><F122/><W11/><G56/><T104/><D104/><U103/><E128/><V15/><F107/><W30/><G30/><T46/><D0/><U25/><E74/><V50/><F135/><W52/><G52/><T63/><D71/><U16/><E29/><V6/><F6/><W23/><G23/><N who="0" m="13807" /><D53/><U68/><E68/><N who="2" m="42095" /><F50/><W78/><G78/><T113/><D40/><U58/><E58/><V92/><F92/><N who="3" m="56711" /><G105/><T12/><D12/><U57/><E57/><V38/><F38/><W37/><G37/><T97/><D97/><U14/><E14/><V134/><F43/><W49/><G49/><T76/><D76/><U125/><E51/><V119/><F119/><W4/><AGARI ba="1,0" hai="2,4,11,36,42,44,72,79,82,101,102" m="56711" machi="4" ten="30,2000,0" yaku="25,1,54,1" doraHai="121" who="3" fromWho="3" sc="279,-6,166,-6,304,-11,251,23" /><INIT seed="3,0,0,2,1,118" ten="273,160,293,274" oya="3" hai0="12,103,51,3,89,2,22,90,31,13,23,41,113" hai1="1,35,107,74,77,110,87,49,68,57,71,15,7" hai2="72,99,16,116,105,85,82,65,73,124,102,128,47" hai3="20,8,26,40,121,54,94,28,78,95,42,10,60"/><W129/><G129/><T115/><D103/><U97/><E35/><V44/><F116/><W123/><G78/><T4/><D41/><U135/><E74/><V125/><F65/><W108/><G60/><T117/><D117/><U100/><E1/><N who="0" m="9" /><D51/><U132/><E110/><V76/><F16/><W38/><G54/><T67/><D67/><U84/><E7/><V131/><F47/><W6/><G108/><T43/><D43/><U5/><E5/><V111/><F44/><W61/><G61/><T53/><D53/><U75/><E75/><N who="2" m="28747" /><F111/><W106/><G106/><T52/><D52/><N who="1" m="31887" /><E15/><N who="0" m="5705" /><D4/><U33/><E68/><V86/><F85/><N who="1" m="32841" /><E71/><V96/><F96/><W83/><G6/><T126/><D126/><AGARI ba="0,0" hai="76,82,86,99,102,105,124,125,126,128,131" m="28747" machi="126" ten="30,3900,0" yaku="18,1,34,2" doraHai="118" who="2" fromWho="0" sc="273,-39,160,0,293,39,274,0" /><INIT seed="4,0,0,5,4,19" ten="234,160,332,274" oya="0" hai0="106,71,4,67,84,115,124,32,93,45,69,29,18" hai1="95,72,105,81,36,2,114,58,44,127,39,82,85" hai2="87,88,131,6,34,66,38,35,43,102,57,122,63" hai3="5,77,26,123,97,25,9,78,20,68,31,74,49"/><T100/><D124/><U110/><E127/><V70/><F122/><W62/><G123/><T1/><D115/><U22/><E105/><V47/><F131/><W125/><G125/><T60/><D71/><U27/><E2/><V48/><F102/><W73/><G49/><T46/><D93/><U21/><E110/><V15/><F6/><W89/><G73/><T24/><D84/><U14/><E72/><V126/><F126/><W10/><G74/><T61/><D61/><U104/><E104/><V128/><F128/><W12/><G68/><T40/><D18/><U134/><E114/><V98/><F15/><N who="3" m="5551" /><G25/><T83/><D83/><U75/><E134/><V54/><F98/><W109/><G62/><T130/><D130/><U135/><E135/><V42/><F43/><W91/><G109/><T108/><D108/><U30/><E95/><AGARI ba="0,0" hai="34,35,38,42,47,48,54,57,63,66,70,87,88,95" machi="95" ten="30,7700,0" yaku="7,1,24,2,54,1" doraHai="19" who="2" fromWho="1" sc="234,0,160,-77,332,77,274,0" /><INIT seed="5,0,0,0,1,11" ten="234,83,409,274" oya="1" hai0="119,122,20,27,32,79,117,109,38,120,93,96,135" hai1="74,7,45,62,63,92,73,4,36,94,48,121,67" hai2="89,83,33,129,55,134,6,88,76,9,12,19,81" hai3="43,85,111,25,2,127,108,52,8,50,59,61,87"/><U41/><E121/><N who="0" m="46697" /><D32/><U24/><E73/><V51/><F33/><W125/><G25/><T75/><D38/><U99/><E74/><V68/><F68/><W118/><G2/><T126/><D109/><N who="3" m="42057" /><G8/><T72/><D135/><U57/><E62/><V84/><F129/><W56/><G87/><T71/><D71/><U113/><E113/><V130/><F130/><W15/><G85/><T82/><D72/><U29/><E36/><V101/><F134/><W23/><G118/><T123/><D126/><N who="3" m="48137" /><G43/><T10/><D10/><U66/><E67/><V128/><F128/><W69/><G69/><T86/><D86/><U80/><E80/><N who="2" m="47111" /><F101/><W100/><G100/><N who="0" m="60431" /><D123/><U58/><E57/><N who="2" m="33023" /><F6/><W28/><G59/><T49/><D49/><U91/><REACH who="1" step="1"/><E92/><REACH who="1" ten="234,73,409,274" step="2"/><V115/><F115/><W102/><G61/><T37/><D37/><U39/><E39/><V106/><F106/><W42/><G50/><T95/><D95/><U60/><E60/><V5/><F5/><W1/><G56/><T18/><AGARI ba="0,1" hai="18,20,27,75,79,82,117,119" m="60431,46697" machi="18" ten="30,1100,0" yaku="13,1" doraHai="11" who="0" fromWho="0" sc="234,21,73,-5,409,-3,274,-3" /><INIT seed="6,0,0,0,5,106" ten="255,68,406,271" oya="2" hai0="64,2,112,82,24,66,102,21,80,107,50,103,69" hai1="98,38,6,5,85,75,15,133,89,83,71,92,100" hai2="122,118,19,7,72,120,119,74,79,105,49,36,125" hai3="58,87,114,62,110,76,32,128,30,131,51,33,95"/><V31/><F19/><W115/><G51/><T127/><D2/><U16/><E133/><V91/><F49/><W53/><G110/><T108/><D108/><U46/><E71/><V34/><F91/><N who="3" m="53759" /><G76/><T0/><D0/><U113/><E113/><N who="3" m="43018" /><G30/><T124/><D112/><U116/><E116/><N who="2" m="44587" /><F79/><W129/><AGARI ba="0,0" hai="32,33,53,58,62,128,129,131" m="43018,53759" machi="129" ten="40,5200,0" yaku="19,1,15,1,11,1" doraHai="106" who="3" fromWho="3" sc="255,-13,68,-13,406,-26,271,52" /><INIT seed="7,0,0,1,2,130" ten="242,55,380,323" oya="3" hai0="41,67,122,95,93,131,26,94,128,3,117,74,57" hai1="126,55,17,81,1,44,11,35,14,5,77,29,36" hai2="60,83,127,50,99,33,63,28,89,109,135,39,103" hai3="125,102,12,58,106,56,119,121,6,27,62,108,52"/><W53/><G121/><T118/><D3/><U30/><E126/><V69/><F135/><W129/><G119/><T31/><D41/><U132/><E132/><V7/><F109/><W21/><G129/><T78/><D122/><U86/><E35/><V15/><F39/><W19/><G125/><T61/><D78/><U40/><E55/><V46/><F69/><W85/><G108/><T20/><D131/><U97/><E97/><V13/><F28/><W104/><G102/><T37/><D128/><U25/><E25/><V70/><F70/><W32/><G85/><T73/><REACH who="0" step="1"/><D37/><REACH who="0" ten="232,55,380,323" step="2"/><U47/><E47/><V22/><F46/><W110/><G110/><T116/><AGARI ba="0,1" hai="20,26,31,57,61,67,73,74,93,94,95,116,117,118" machi="116" ten="40,5200,0" yaku="1,1,2,1,0,1,53,0" doraHai="130" doraHaiUra="2" who="0" fromWho="0" sc="232,62,55,-13,380,-13,323,-26" owari="294,-10.6,42,-45.8,367,46.7,297,9.7" /></mjloggm>