<mjloggm ver="2.3"><GO type="169" lobby="0"/><UN n0="%E5%85%AD%E9%83%A8%E5%9C%AD" n1="%E3%81%8B%E3%82%88%E3%81%A1%E3%82%83%E3%82%93%E3%81%AE%E6%97%A6%E9%82%A3" n2="%E8%8A%B1%E9%81%93%E6%A1%9C%E6%9C%A8" n3="%68%7A%63" dan="16,16,16,18" rate="2054.46,2111.79,2137.94,2239.01" sx="M,M,M,F"/><TAIKYOKU oya="0"/><INIT seed="0,0,0,1,1,28" ten="250,250,250,250" oya="0" hai0="9,83,92,13,81,118,135,89,2,6,122,16,86" hai1="85,96,5,129,55,49,125,27,63,128,67,18,88" hai2="109,76,46,36,26,60,58,19,0,57,31,59,3" hai3="84,71,114,78,52,69,44,32,113,62,54,121,80"/><T101/><D118/><U82/><E125/><V105/><F105/><W90/><G121/><T102/><D122/><U117/><E117/><V73/><F109/><W111/><G111/><T133/><D83/><U53/><E5/><V39/><F19/><W131/><G131/><T12/><D2/><U95/><E18/><V50/><F60/><W37/><G32/><T29/><D29/><U115/><E115/><V66/><F66/><W132/><G132/><N who="0" m="50763" /><D81/><U97/><E27/><V40/><F76/><W77/><G77/><T100/><D100/><U35/><E35/><V20/><F73/><W68/><G78/><T33/><D33/><U45/><E96/><V126/><F126/><W25/><G25/><T127/><D127/><U48/><E48/><V107/><REACH who="2" step="1"/><F107/><REACH who="2" ten="250,250,240,250" step="2"/><W4/><G62/><T8/><AGARI ba="0,1" hai="6,8,9,12,13,16,86,89,92,101,102" m="50763" machi="8" ten="30,3000,0" yaku="20,1,54,1" doraHai="28" who="0" fromWho="0" sc="250,40,250,-10,240,-10,250,-10" /><INIT seed="0,1,0,5,4,2" ten="290,240,230,240" oya="0" hai0="37,41,48,3,66,120,121,94,47,14,90,113,73" hai1="28,53,6,34,26,131,105,43,126,86,125,74,82" hai2="83,11,39,50,114,93,42,56,76,27,99,24,98" hai3="7,103,128,31,51,12,16,64,9,35,23,115,135"/><T29/><D3/><U79/><E105/><V5/><F114/><W33/><G103/><T62/><D113/><U134/><E134/><V117/><F117/><W18/><G64/><T4/><D73/><U71/><E71/><V45/><F56/><W15/><G51/><T132/><D132/><U38/><E131/><V63/><F63/><W1/><G115/><T49/><D29/><U97/><E97/><V60/><F60/><W116/><G135/><T87/><D121/><U67/><E67/><V46/><F46/><W58/><G58/><T109/><D120/><U57/><E86/><V127/><F127/><W118/><G128/><T30/><D30/><U61/><E43/><V104/><F104/><W17/><G17/><T122/><D122/><U68/><E68/><V59/><F59/><W81/><G81/><T0/><D0/><U10/><REACH who="1" step="1"/><E38/><REACH who="1" ten="290,230,230,240" step="2"/><V40/><F40/><W52/><G52/><T96/><D96/><U92/><E92/><V8/><F39/><W72/><G72/><T65/><D65/><U111/><E111/><V75/><F99/><W77/><G77/><T107/><D107/><U110/><E110/><V19/><F93/><W54/><G54/><T32/><D109/><U69/><E69/><V21/><F98/><W95/><G95/><T89/><D66/><U129/><E129/><V91/><F91/><N who="0" m="34826" /><D37/><U55/><E55/><V112/><F112/><W119/><REACH who="3" step="1"/><G31/><REACH who="3" ten="290,230,230,230" step="2"/><T88/><D94/><U36/><E36/><V108/><F108/><W124/><G124/><T80/><D88/><U100/><E100/><V20/><F75/><W106/><G106/><RYUUKYOKU ba="1,2" sc="290,-15,230,15,230,-15,230,15" hai1="6,10,26,28,34,53,57,61,74,79,82,125,126" hai3="1,7,9,12,15,16,18,23,33,35,116,118,119" /><INIT seed="1,2,2,4,3,128" ten="275,245,215,245" oya="1" hai0="123,9,129,122,101,94,55,95,51,87,67,130,66" hai1="34,10,112,72,90,2,74,23,64,115,61,57,15" hai2="40,97,41,42,82,113,58,120,116,47,60,69,75" hai3="108,98,135,16,118,35,71,68,63,45,99,18,85"/><U70/><E34/><V30/><F116/><W59/><G35/><T0/><D101/><U110/><E110/><V83/><F120/><N who="0" m="46122" /><D66/><U24/><E2/><V65/><F113/><W114/><G114/><T124/><D67/><U14/><E14/><V6/><F6/><W8/><G108/><T7/><D124/><U76/><E70/><V111/><F111/><W103/><G118/><T27/><D27/><U26/><E26/><V46/><F30/><W37/><G85/><T106/><D106/><U32/><E32/><V17/><F75/><W131/><G131/><N who="0" m="50187" /><D87/><U25/><E25/><V28/><F28/><W36/><G103/><T54/><D54/><U21/><E21/><V52/><F97/><W86/><G86/><T81/><D81/><U84/><E112/><V53/><F53/><W39/><G8/><T22/><D22/><U44/><E115/><V109/><F109/><W102/><G102/><T92/><D92/><U48/><E74/><V3/><F83/><W93/><G93/><T5/><D7/><N who="1" m="3551" /><E72/><V20/><F82/><W31/><G31/><T100/><D100/><U119/><E119/><V96/><F96/><W117/><G98/><T33/><D33/><U88/><E76/><V91/><F91/><W1/><G117/><T133/><D133/><U49/><E84/><V107/><F107/><W19/><G135/><T11/><D9/><U80/><E80/><V126/><F126/><W4/><G99/><T62/><D62/><U56/><E48/><N who="2" m="30983" /><F3/><W43/><G1/><T12/><D0/><U132/><E61/><V73/><F73/><W121/><G63/><RYUUKYOKU ba="2,2" sc="275,15,245,-15,215,15,245,-15" hai0="5,11,12,51,55,94,95" hai2="17,20,40,41,42,46,47,60,65,69" /><INIT seed="2,3,2,2,5,109" ten="290,230,230,230" oya="2" hai0="3,88,59,82,106,12,100,30,15,102,77,25,57" hai1="8,0,45,118,19,51,115,62,58,33,61,121,65" hai2="4,107,55,89,125,31,135,47,124,37,97,117,41" hai3="79,76,116,14,98,78,96,70,81,13,73,90,69"/><V53/><F117/><W29/><G116/><T108/><D3/><U49/><E118/><V38/><F38/><W18/><G29/><T112/><D108/><U120/><E33/><V67/><F135/><W28/><G28/><T132/><D132/><U93/><E0/><V27/><F4/><W6/><G6/><T39/><D39/><U133/><E133/><V113/><F67/><W52/><G73/><T20/><D112/><U72/><E72/><V85/><F113/><W43/><G43/><T11/><D12/><N who="1" m="7559" /><E93/><V130/><F130/><W84/><G13/><T87/><D77/><U104/><E104/><V119/><F119/><W91/><G52/><T75/><D75/><U7/><E7/><V17/><F17/><W50/><G50/><T48/><D106/><U95/><E95/><N who="2" m="54703" /><F97/><W129/><G129/><T10/><D10/><U66/><E45/><V63/><F63/><W42/><G91/><T16/><D48/><U92/><E92/><V44/><F44/><W86/><G86/><T126/><D126/><N who="2" m="48746" /><F107/><W99/><REACH who="3" step="1"/><G42/><REACH who="3" ten="290,230,230,220" step="2"/><T35/><D35/><AGARI ba="3,3" hai="27,31,35,37,41,47,53,55" m="48746,54703" machi="35" ten="30,1500,0" yaku="18,1" doraHai="109" who="2" fromWho="0" sc="290,-24,230,0,230,54,220,0" /><INIT seed="2,4,0,1,0,16" ten="266,230,284,220" oya="2" hai0="102,25,41,104,24,11,78,80,42,62,130,127,129" hai1="23,79,95,85,58,36,105,22,98,83,115,38,18" hai2="12,131,20,91,63,81,10,15,71,47,45,100,31" hai3="29,116,49,14,93,73,52,108,86,70,90,87,124"/><V27/><F131/><N who="0" m="50186" /><D127/><U60/><E105/><V2/><F2/><W69/><G73/><T35/><D11/><U57/><E115/><V110/><F100/><W77/><G116/><T3/><D3/><U82/><E82/><V55/><F110/><W72/><G108/><T64/><D102/><U40/><E40/><N who="0" m="15465" /><D35/><U19/><E58/><N who="2" m="35295" /><F71/><W111/><G72/><N who="0" m="43079" /><D104/><U117/><E117/><V97/><F15/><W107/><G107/><T4/><D4/><U30/><E30/><V43/><F43/><W21/><G124/><T106/><D106/><U123/><E123/><V56/><F81/><W17/><G111/><T121/><D121/><U48/><E38/><V133/><F133/><W96/><G29/><T74/><D74/><U32/><E32/><V135/><F135/><W118/><G118/><T122/><D122/><U84/><E36/><V134/><F134/><W37/><G37/><T13/><D13/><U50/><E84/><V39/><F39/><W65/><G77/><T9/><D9/><U114/><E114/><V59/><F97/><W109/><G109/><T7/><D7/><U94/><E98/><V101/><F101/><W61/><REACH who="3" step="1"/><G70/><AGARI ba="4,0" hai="24,25,62,64,70" m="43079,15465,50186" machi="70" ten="30,1000,0" yaku="19,1" doraHai="16" who="0" fromWho="3" sc="266,22,230,0,284,0,220,-22" /><INIT seed="3,0,0,3,3,11" ten="288,230,284,198" oya="3" hai0="5,54,33,84,126,64,96,25,65,105,21,0,72" hai1="20,36,62,94,89,29,77,135,130,50,119,133,61" hai2="41,16,47,86,55,9,48,52,98,113,118,122,14" hai3="121,102,131,44,82,132,127,91,34,117,120,85,106"/><W12/><G34/><T28/><D72/><U100/><E36/><V129/><F113/><W39/><G39/><T112/><D112/><U97/><E119/><V53/><F118/><W76/><G44/><T43/><D126/><U73/><E130/><V125/><F129/><W95/><G12/><T124/><D124/><U71/><E50/><V31/><F125/><W15/><G15/><T78/><D43/><U42/><E42/><V56/><F122/><N who="3" m="47211" /><G117/><T8/><D54/><U51/><E51/><V115/><F115/><W60/><G60/><T3/><D3/><U83/><E71/><V93/><F31/><W114/><G114/><T101/><D33/><U103/><E20/><V69/><F69/><W46/><G46/><T87/><D78/><U110/><E29/><V63/><F86/><N who="3" m="52727" /><G127/><T75/><D75/><U134/><E110/><V10/><F10/><W59/><G59/><T107/><D64/><U74/><REACH who="1" step="1"/><E73/><REACH who="1" ten="288,220,284,198" step="2"/><V90/><AGARI ba="0,1" hai="9,14,16,41,47,48,52,53,55,56,63,90,93,98" machi="90" ten="20,12000,2" yaku="0,1,7,1,8,1,52,1,54,2" doraHai="11" who="2" fromWho="2" sc="288,-30,220,-30,284,130,198,-60" /><INIT seed="4,0,0,3,4,113" ten="258,190,414,138" oya="0" hai0="5,128,96,19,60,73,91,79,16,54,125,58,61" hai1="7,126,38,27,99,50,37,132,95,67,114,120,74" hai2="10,92,124,33,111,68,21,53,81,2,36,135,106" hai3="89,93,119,31,22,72,41,62,88,90,83,34,110"/><T44/><D128/><U42/><E120/><V3/><F106/><W129/><G34/><T78/><D125/><U20/><E126/><V23/><F33/><W80/><G110/><T45/><D5/><U100/><E74/><V15/><F68/><W18/><G129/><T101/><D91/><U59/><E114/><V133/><F36/><W48/><G31/><T63/><D73/><U13/><E132/><V11/><F124/><W70/><G119/><T75/><D75/><U30/><E13/><V131/><F81/><W40/><G93/><N who="0" m="58511" /><D44/><N who="1" m="25879" /><E7/><V97/><F111/><W104/><G104/><T1/><D45/><U43/><E43/><V102/><F131/><W69/><G69/><T0/><D0/><U112/><E112/><V107/><F107/><W118/><G118/><T39/><D1/><U134/><E134/><V117/><F117/><W57/><G70/><T12/><D39/><U127/><E127/><V46/><F2/><W82/><G72/><T14/><D14/><U47/><E47/><V9/><F3/><W85/><G85/><T84/><D19/><U94/><E95/><V51/><F15/><W98/><G98/><T35/><D35/><U6/><E6/><V122/><F122/><W26/><REACH who="3" step="1"/><G48/><REACH who="3" ten="258,190,414,128" step="2"/><N who="0" m="31047" /><D84/><U116/><E116/><V76/><F135/><W105/><G105/><T71/><D71/><U123/><E123/><V77/><F133/><W29/><G29/><T52/><D63/><AGARI ba="0,1" hai="20,27,30,37,38,59,63,67,94,99,100" m="25879" machi="63" ten="30,1000,0" yaku="25,1" doraHai="113" who="1" fromWho="0" sc="258,-10,190,20,414,0,128,0" /><INIT seed="5,0,0,0,1,80" ten="248,210,414,128" oya="1" hai0="59,9,36,84,127,123,12,6,51,10,47,116,133" hai1="68,113,42,2,130,103,43,29,32,105,45,1,41" hai2="61,125,14,67,62,87,107,96,53,124,85,106,111" hai3="72,77,83,7,73,93,49,8,4,88,31,128,120"/><U70/><E130/><V135/><F111/><W71/><G120/><T11/><D116/><U22/><E113/><V94/><F135/><W126/><G126/><N who="2" m="48745" /><F14/><W82/><G128/><T60/><D127/><U26/><E22/><V99/><F53/><W121/><G71/><T101/><D36/><U100/><E45/><V131/><F131/><W114/><G31/><T76/><D133/><U104/><E26/><V98/><F61/><W64/><G64/><T5/><D123/><U13/><E13/><V118/><F94/><W3/><G114/><T74/><D74/><U66/><E66/><V79/><F79/><W19/><G121/><T115/><D101/><N who="1" m="38987" /><E29/><V39/><F39/><W117/><G117/><T122/><D122/><U97/><E97/><V65/><F65/><W102/><G102/><T25/><D25/><U81/><E81/><V20/><F20/><W90/><G7/><T86/><D76/><U112/><E32/><V57/><F118/><W89/><G19/><T132/><D115/><U78/><E78/><V63/><F63/><W75/><G83/><T109/><D132/><U52/><E52/><V54/><F54/><W110/><G110/><T50/><D109/><U40/><N who="1" m="10240" /><DORA hai="38" /><U18/><E18/><V34/><F34/><W119/><G119/><T0/><D47/><U134/><E134/><V48/><F67/><W30/><G30/><T69/><D6/><U23/><E23/><V95/><F99/><W21/><G21/><T15/><D5/><U37/><E37/><V35/><F35/><W108/><G108/><T28/><D28/><U129/><E129/><RYUUKYOKU ba="0,0" sc="248,0,210,0,414,0,128,0" /><INIT seed="6,1,0,0,3,79" ten="248,210,414,128" oya="2" hai0="8,41,94,91,7,77,96,20,110,24,34,16,43" hai1="55,125,60,131,36,115,14,49,74,29,12,21,134" hai2="28,0,75,86,67,133,23,64,10,80,135,47,82" hai3="105,51,132,93,25,102,50,122,72,17,1,108,95"/><V103/><F103/><W130/><G72/><T56/><D110/><U26/><E36/><V99/><F99/><W101/><G1/><T52/><D77/><U5/><E115/><V31/><F75/><W11/><G108/><T98/><D98/><U3/><E74/><V40/><F0/><W124/><G122/><T57/><D57/><U128/><E134/><V48/><F10/><W116/><G132/><N who="2" m="50761" /><F86/><W114/><G116/><T85/><D96/><U126/><E60/><V44/><F44/><W84/><G105/><T68/><D34/><U53/><E53/><V100/><F100/><W42/><G114/><T38/><D68/><U109/><E109/><V30/><F23/><W4/><G102/><T18/><D18/><U89/><E89/><V90/><F90/><W113/><G101/><T106/><D38/><U73/><E73/><V13/><F13/><N who="1" m="5225" /><E55/><V27/><F27/><W127/><G113/><T107/><D107/><U62/><E62/><V2/><F2/><W33/><G84/><T35/><D35/><U45/><E45/><V118/><F118/><W19/><G33/><T69/><D69/><U65/><E49/><V104/><F104/><W76/><G76/><T129/><D106/><U63/><E63/><V6/><F48/><W88/><G88/><T46/><D46/><U58/><E3/><V119/><F47/><W32/><G51/><T54/><D91/><U61/><E5/><V9/><F119/><W59/><G50/><T71/><D7/><U81/><E81/><V37/><F37/><W66/><G4/><T39/><D39/><U92/><E92/><RYUUKYOKU ba="1,0" sc="248,-10,210,30,414,-10,128,-10" hai1="21,26,29,58,61,65,125,126,128,131" /><INIT seed="7,2,0,1,2,79" ten="238,240,404,118" oya="3" hai0="135,124,110,12,6,10,83,97,119,122,117,66,70" hai1="11,78,98,1,130,91,30,85,82,9,75,106,2" hai2="15,29,87,74,90,27,108,132,61,14,40,105,23" hai3="22,21,19,99,41,26,72,55,77,17,44,95,133"/><W49/><G133/><T92/><D110/><U103/><E130/><V114/><F108/><W112/><G112/><T104/><D104/><U46/><E30/><V81/><F105/><W62/><G72/><T37/><D122/><U76/><E76/><V3/><F3/><N who="1" m="1033" /><E46/><V125/><F125/><W33/><G33/><T102/><D37/><U54/><E54/><V56/><F132/><W100/><G77/><T118/><D135/><U50/><E50/><V127/><F74/><W67/><G41/><T24/><D124/><U4/><E4/><V131/><F131/><W126/><G126/><T57/><D70/><U36/><E36/><V47/><F114/><W48/><G48/><T101/><D101/><U86/><E86/><V68/><F68/><W88/><G100/><T20/><D83/><U32/><E32/><V109/><F109/><W58/><REACH who="3" step="1"/><G22/><REACH who="3" ten="238,240,404,108" step="2"/><T129/><D129/><U65/><E103/><V43/><F127/><W94/><G94/><T80/><D117/><U28/><E78/><V120/><F43/><W73/><G73/><T111/><D119/><U31/><E75/><V128/><F128/><W53/><G53/><T18/><D118/><U52/><E52/><V60/><F40/><W34/><G34/><T16/><D111/><U63/><E106/><V13/><F23/><W121/><G121/><T51/><D51/><U38/><E38/><V59/><F120/><W89/><G89/><T123/><D123/><U42/><E42/><V5/><F90/><W0/><G0/><T134/><D134/><U64/><E91/><V113/><F113/><W69/><G69/><RYUUKYOKU ba="2,1" sc="238,-10,240,-10,404,-10,108,30" hai3="17,19,21,26,44,49,55,58,62,67,88,95,99" /><INIT seed="7,3,1,0,1,51" ten="228,230,394,138" oya="3" hai0="82,12,101,49,131,94,14,73,57,4,83,89,36" hai1="105,134,100,30,77,88,70,69,76,135,130,122,116" hai2="71,119,44,96,113,33,74,13,111,61,120,93,28" hai3="56,114,60,47,20,98,85,90,81,21,99,66,133"/><W9/><G114/><T19/><D36/><U0/><E0/><V65/><F111/><W72/><G133/><N who="1" m="50698" /><E122/><V15/><F119/><W54/><G72/><T78/><D131/><U41/><E41/><V104/><F120/><W79/><G9/><N who="0" m="4135" /><D101/><U92/><E30/><V3/><F3/><W123/><G123/><T55/><D78/><N who="1" m="30315" /><E130/><V84/><F84/><W6/><G6/><T62/><D62/><U107/><E116/><V1/><F1/><W127/><G127/><T22/><D73/><U7/><E7/><V108/><F108/><W110/><G110/><T5/><D5/><U40/><E40/><V38/><F38/><W39/><G39/><T63/><D63/><U64/><E64/><V43/><F43/><W126/><G126/><T10/><D10/><U17/><E17/><V48/><F65/><W8/><G8/><T29/><D29/><U25/><E25/><V115/><F115/><W106/><G106/><N who="1" m="40458" /><E100/><V86/><F104/><W34/><G34/><T97/><AGARI ba="3,1" hai="14,19,22,49,55,57,82,83,89,94,97" m="4135" machi="97" ten="30,2000,0" yaku="8,1,52,1" doraHai="51" who="0" fromWho="0" sc="228,39,230,-8,394,-8,138,-13" owari="267,6.7,222,-17.8,386,48.6,125,-37.5" /></mjloggm>