<mjloggm ver="2.3"><GO type="169" lobby="0"/><UN n0="%53%63%61%6E%64%61%6C" n1="%E7%99%BD%E3%81%AE%E7%A9%BA" n2="%E3%82%86%E3%83%BC%E3%81%B5%E3%82%89" n3="%E6%88%91%E5%8F%AF%E4%BB%A5" dan="16,17,16,16" rate="2140.27,2153.43,2031.25,2094.84" sx="M,M,M,M"/><TAIKYOKU oya="0"/><INIT seed="0,0,0,5,1,111" ten="250,250,250,250" oya="0" hai0="16,33,99,7,30,20,18,82,69,132,70,98,92" hai1="54,28,120,19,107,122,72,119,124,47,86,49,24" hai2="44,45,126,36,39,106,37,128,23,4,73,34,117" hai3="25,15,32,57,65,12,125,0,84,108,104,17,95"/><T66/><D132/><U10/><E119/><V129/><F34/><W9/><G104/><T35/><D7/><U81/><E124/><V116/><F106/><W46/><G108/><T38/><D38/><U101/><E72/><V110/><F73/><W51/><G125/><T63/><D82/><U40/><E101/><V91/><F4/><W109/><G0/><T118/><D118/><N who="2" m="45674" /><F23/><W31/><G109/><T123/><D123/><U121/><E107/><V67/><F91/><W52/><G65/><T83/><D83/><U96/><E96/><V94/><F94/><W134/><G134/><T58/><D99/><U1/><E1/><V114/><F110/><W59/><REACH who="3" step="1"/><G15/><REACH who="3" ten="250,250,250,240" step="2"/><T133/><D133/><U93/><E121/><V112/><F67/><W88/><AGARI ba="0,1" hai="9,12,17,25,31,32,46,51,52,57,59,84,88,95" machi="88" ten="30,8000,1" yaku="1,1,2,1,0,1,54,2,53,0" doraHai="111" doraHaiUra="64" who="3" fromWho="3" sc="250,-40,250,-20,250,-20,240,90" /><INIT seed="1,0,0,2,0,52" ten="210,230,230,330" oya="1" hai0="50,75,16,76,124,111,87,91,79,26,19,108,72" hai1="121,114,18,1,123,49,135,99,53,47,71,105,86" hai2="28,131,3,58,14,13,85,84,7,37,102,22,116" hai3="129,92,80,59,61,95,65,134,45,31,96,104,32"/><U23/><E114/><V128/><F37/><W25/><G129/><N who="2" m="49737" /><F116/><W56/><G134/><T10/><D124/><U133/><E1/><V42/><F42/><W29/><G29/><T103/><D103/><U62/><E86/><N who="2" m="33387" /><F102/><W38/><G104/><T74/><D50/><U115/><E115/><V119/><F119/><W109/><G80/><T57/><D10/><U120/><E99/><V118/><F118/><W8/><G109/><N who="0" m="42059" /><D57/><N who="1" m="35119" /><E105/><V27/><F58/><W40/><G96/><T39/><D39/><U20/><E71/><V77/><F77/><N who="0" m="29770" /><D26/><U11/><E11/><AGARI ba="0,0" hai="3,7,11,13,14,22,27,28" m="33387,49737" machi="11" ten="30,1000,0" yaku="19,1" doraHai="52" who="2" fromWho="1" sc="210,0,230,-10,230,10,330,0" /><INIT seed="2,0,0,1,5,87" ten="210,220,240,330" oya="2" hai0="74,45,28,46,10,128,106,99,115,86,38,114,121" hai1="18,1,20,89,113,57,65,97,132,15,79,50,125" hai2="4,105,63,25,2,62,23,24,19,98,96,68,101" hai3="122,81,40,112,3,83,127,47,37,94,61,78,66"/><V12/><F2/><W14/><G122/><T91/><D74/><U126/><E113/><V116/><F116/><W135/><G3/><T131/><D121/><U5/><E132/><V134/><F134/><W90/><G135/><T64/><D64/><U35/><E35/><V133/><F133/><W33/><G127/><N who="1" m="48650" /><E79/><V56/><F68/><W75/><G112/><T6/><D28/><U39/><E39/><V129/><F129/><N who="0" m="49738" /><D38/><U95/><E65/><V44/><F44/><N who="0" m="17002" /><D99/><U117/><E117/><V130/><F130/><W110/><G33/><T119/><D106/><U93/><E93/><V51/><F51/><W72/><G72/><T55/><D55/><N who="1" m="31991" /><E1/><V67/><F63/><W54/><G54/><T30/><D30/><U16/><E18/><V69/><F69/><W111/><G81/><N who="0" m="49615" /><D119/><U32/><E32/><V103/><REACH who="2" step="1"/><F4/><AGARI ba="0,0" hai="4,5,15,16,20,89,95,97" m="31991,48650" machi="4" ten="30,3900,0" yaku="18,1,52,1,54,1" doraHai="87" who="1" fromWho="2" sc="210,0,220,39,240,-39,330,0" /><INIT seed="3,0,0,4,3,50" ten="210,259,201,330" oya="3" hai0="71,76,32,34,29,129,16,57,11,2,112,8,6" hai1="95,115,21,94,39,69,130,33,135,4,106,73,20" hai2="78,86,125,97,3,53,30,81,15,31,1,116,46" hai3="22,66,26,47,113,132,123,84,91,51,126,127,52"/><W24/><G113/><T43/><D71/><U114/><E33/><V54/><F125/><N who="3" m="47627" /><G123/><T111/><D43/><U124/><E69/><V109/><F116/><W107/><G107/><T38/><D38/><U49/><E39/><V122/><F122/><W64/><G132/><T75/><D76/><U120/><E106/><V133/><F133/><W82/><G26/><T117/><D57/><U77/><E120/><V60/><F109/><W87/><G87/><T74/><D75/><U108/><E108/><V42/><F1/><W13/><G13/><N who="0" m="7207" /><D74/><U80/><E135/><V41/><F3/><W67/><G67/><T96/><D96/><U59/><E124/><V35/><F35/><N who="0" m="13354" /><D112/><U36/><E36/><V99/><F15/><W62/><G62/><T92/><D92/><U12/><E114/><V19/><F19/><AGARI ba="0,0" hai="19,22,24,47,51,52,64,66,82,84,91" m="47627" machi="19" ten="30,5800,0" yaku="18,1,52,1,54,1" doraHai="50" who="3" fromWho="2" sc="210,0,259,0,201,-58,330,58" /><INIT seed="3,1,0,2,3,120" ten="210,259,143,388" oya="3" hai0="81,134,119,135,124,73,122,61,68,110,115,129,79" hai1="107,42,99,86,87,82,97,88,1,133,31,52,27" hai2="19,95,113,76,77,66,118,91,56,17,102,65,108" hai3="116,30,90,59,51,44,127,9,6,67,39,43,70"/><W103/><G116/><T14/><D14/><U93/><E133/><V26/><F118/><W104/><G127/><T125/><D119/><U48/><E1/><V114/><F102/><W132/><G132/><N who="0" m="50731" /><D122/><U29/><E42/><V83/><F56/><W109/><G30/><T123/><D123/><U112/><E112/><V15/><F26/><W11/><G90/><T5/><D5/><U53/><E31/><V96/><F77/><W78/><G78/><T128/><D115/><U84/><E107/><V49/><F19/><W28/><G28/><T106/><D106/><U80/><E97/><V33/><F49/><W130/><G130/><N who="0" m="50283" /><D110/><U22/><REACH who="1" step="1"/><E53/><REACH who="1" ten="210,249,143,388" step="2"/><V25/><F113/><W89/><G104/><T60/><D68/><U16/><E16/><V105/><F105/><W94/><G70/><T41/><D41/><U12/><E12/><V126/><F114/><W3/><G43/><T69/><D69/><U57/><AGARI ba="1,1" hai="22,27,29,48,52,57,80,82,84,86,87,88,93,99" machi="57" ten="30,8000,1" yaku="1,1,0,1,8,1,54,2,53,0" doraHai="120" doraHaiUra="64" who="1" fromWho="1" sc="210,-21,249,93,143,-21,388,-41" /><INIT seed="4,0,0,5,4,72" ten="189,342,122,347" oya="0" hai0="17,120,92,112,132,3,6,101,80,32,29,122,1" hai1="91,67,110,97,33,15,24,119,131,52,5,105,64" hai2="13,11,46,54,79,57,83,127,98,78,10,107,86" hai3="69,40,21,70,128,18,27,74,44,121,116,100,34"/><T38/><D112/><U39/><E119/><V50/><F127/><W82/><G116/><T43/><D132/><U51/><E110/><V90/><F107/><W108/><G128/><T65/><D65/><U125/><E39/><V81/><F98/><W22/><G34/><T71/><D71/><U118/><E118/><V45/><F90/><W111/><G121/><T124/><D80/><U19/><E125/><V41/><F46/><W87/><G74/><T93/><D101/><U7/><E131/><V48/><REACH who="2" step="1"/><F13/><REACH who="2" ten="189,342,112,347" step="2"/><W63/><G108/><T89/><D124/><U25/><E105/><V68/><F68/><W9/><G111/><T55/><D89/><U8/><E91/><V28/><F28/><W123/><G70/><T12/><D29/><U130/><E97/><V126/><F126/><W2/><G69/><T16/><D12/><U134/><E130/><V30/><F30/><W114/><G100/><T58/><D120/><U14/><E134/><V49/><F49/><W113/><G123/><T84/><D122/><U20/><E5/><V73/><AGARI ba="0,1" hai="10,11,41,45,48,50,54,57,73,78,79,81,83,86" machi="73" ten="20,8000,1" yaku="1,1,0,1,7,1,52,2,53,0" doraHai="72" doraHaiUra="88" who="2" fromWho="2" sc="189,-40,342,-20,112,90,347,-20" /><INIT seed="5,0,0,5,5,72" ten="149,322,202,327" oya="1" hai0="101,81,0,26,135,23,89,17,30,52,25,124,15" hai1="110,118,111,90,103,1,2,46,122,36,86,27,9" hai2="97,44,123,71,102,38,56,130,83,10,65,34,127" hai3="19,49,76,75,43,95,21,80,79,108,5,104,132"/><U61/><E118/><V51/><F123/><W18/><G108/><N who="1" m="41514" /><E122/><V112/><F34/><W35/><G35/><T48/><D135/><U98/><E61/><V59/><F38/><W91/><G104/><T60/><D124/><U131/><E131/><V8/><F127/><W37/><G132/><T94/><D0/><U55/><E27/><V88/><F71/><W11/><G37/><T93/><D60/><U69/><E69/><V63/><F59/><W113/><G113/><T62/><D62/><U92/><E9/><V109/><F112/><W32/><G32/><T45/><D26/><U115/><E115/><V41/><F130/><W12/><G79/><T78/><D101/><U57/><E46/><V54/><F41/><W20/><G43/><T82/><D81/><N who="1" m="49487" /><E36/><V85/><REACH who="2" step="1"/><F109/><REACH who="2" ten="149,322,192,327" step="2"/><W73/><G49/><T39/><D39/><U24/><E57/><V107/><AGARI ba="0,1" hai="8,10,44,51,54,56,63,65,83,85,88,97,102,107" machi="107" ten="20,8000,1" yaku="1,1,2,1,0,1,7,1,54,1,53,0" doraHai="72" doraHaiUra="13" who="2" fromWho="2" sc="149,-20,322,-40,192,90,327,-20" /><INIT seed="6,0,0,5,1,80" ten="129,282,282,307" oya="2" hai0="78,98,130,11,13,96,34,22,129,105,90,21,95" hai1="32,84,41,72,108,121,16,56,106,91,68,102,86" hai2="134,17,27,19,124,74,1,125,15,127,8,113,33" hai3="77,116,82,31,119,63,122,117,71,107,5,132,10"/><V60/><F74/><W109/><G122/><T54/><D34/><U128/><E68/><V44/><F44/><W104/><G109/><T94/><D78/><U48/><E72/><V115/><F60/><W18/><G31/><T53/><D13/><U83/><E108/><V52/><F52/><W67/><G18/><T6/><D90/><U69/><E69/><V29/><F134/><W70/><G70/><T61/><D61/><U135/><E32/><V46/><F46/><W103/><G103/><T110/><D110/><U76/><E135/><V30/><F1/><W62/><G62/><T111/><D111/><U0/><E0/><V66/><F66/><W50/><G50/><T93/><D11/><U99/><E121/><V23/><F30/><W55/><G55/><N who="0" m="21003" /><D6/><U126/><E56/><V92/><F92/><N who="0" m="23554" /><T24/><DORA hai="58" /><D105/><U89/><E106/><V40/><F40/><W75/><REACH who="3" step="1"/><G132/><REACH who="3" ten="129,282,282,297" step="2"/><T42/><D42/><U133/><E41/><V100/><F100/><W43/><G43/><T57/><D57/><U65/><E102/><V12/><AGARI ba="0,1" hai="8,12,15,17,19,23,27,29,33,113,115,124,125,127" machi="12" ten="40,12000,1" yaku="0,1,18,1,34,3" doraHai="80,58" who="2" fromWho="2" sc="129,-40,282,-40,282,130,297,-40" /><INIT seed="6,1,0,0,5,20" ten="89,242,412,257" oya="2" hai0="0,4,82,53,32,41,57,95,28,106,127,126,90" hai1="120,115,75,84,132,80,58,14,81,65,76,56,11" hai2="89,1,124,47,134,24,23,118,108,50,64,54,119" hai3="68,102,71,31,48,22,45,79,98,110,88,29,111"/><V133/><F1/><W55/><G79/><T51/><D106/><U121/><E115/><V130/><F64/><W18/><G68/><T26/><D41/><U86/><E132/><N who="2" m="50795" /><F130/><W107/><G71/><T44/><D82/><U9/><E75/><V49/><F124/><W59/><G45/><T109/><D109/><U74/><E74/><V43/><F89/><W92/><G110/><T112/><D112/><U122/><E65/><V67/><F67/><W46/><G46/><T66/><D4/><U37/><E37/><V8/><F8/><W135/><G111/><T69/><D0/><U40/><E40/><V91/><F91/><W128/><G128/><T34/><D34/><U105/><E105/><V85/><F85/><W10/><G10/><T100/><D100/><U72/><E72/><V93/><F93/><W97/><REACH who="3" step="1"/><G135/><REACH who="3" ten="89,242,412,247" step="2"/><T114/><D114/><U77/><E11/><V12/><F108/><W61/><G61/><T87/><REACH who="0" step="1"/><D69/><REACH who="0" ten="79,242,412,247" step="2"/><U17/><AGARI ba="1,2" hai="9,14,17,56,58,76,77,80,81,84,86,120,121,122" machi="17" ten="30,4000,0" yaku="0,1,9,1,13,1" doraHai="20" who="1" fromWho="1" sc="79,-11,242,63,412,-21,247,-11" /><INIT seed="7,0,0,1,1,108" ten="68,305,391,236" oya="3" hai0="124,98,43,39,101,95,127,17,87,37,57,77,56" hai1="70,126,18,84,55,89,0,92,129,61,69,76,58" hai2="106,83,115,119,113,99,131,125,16,32,44,49,24" hai3="2,26,118,96,72,97,128,52,47,46,30,64,12"/><W75/><G2/><T27/><D77/><U86/><E129/><V90/><F119/><W110/><G118/><T23/><D87/><U132/><E132/><V104/><F125/><W122/><G122/><T28/><D43/><U33/><E126/><V117/><F117/><W19/><G64/><T22/><D39/><U8/><E33/><V51/><F51/><W4/><G4/><T38/><D124/><U10/><E0/><V79/><F90/><W82/><G128/><T63/><D56/><U111/><E111/><V112/><F99/><W88/><G110/><T81/><D81/><U7/><E7/><V116/><F116/><W134/><G134/><T73/><D73/><U40/><E40/><N who="2" m="24711" /><F131/><W85/><G72/><T1/><D1/><U31/><E31/><N who="2" m="19559" /><F16/><W74/><G74/><AGARI ba="0,0" hai="74,79,83,104,106,112,113,115" m="19559,24711" machi="74" ten="30,7700,0" yaku="15,1,52,3" doraHai="108" who="2" fromWho="3" sc="68,0,305,0,391,77,236,-77" owari="68,-43.2,305,10.5,468,56.8,159,-24.1" /></mjloggm>