<mjloggm ver="2.3"><GO type="169" lobby="0"/><UN n0="%E3%81%BF%E3%82%84%E3%81%AF%E3%82%89" n1="%41%4C%50%45%52%49%4E" n2="%E3%81%BB%E3%82%80%E3%82%89" n3="%E3%81%8B%E3%81%B6%E8%8C%B6" dan="16,16,16,17" rate="2057.94,2135.52,2072.74,2136.25" sx="M,M,F,M"/><TAIKYOKU oya="0"/><INIT seed="0,0,0,5,1,9" ten="250,250,250,250" oya="0" hai0="121,71,134,104,127,99,102,66,135,74,101,40,8" hai1="131,48,126,96,89,81,68,54,5,28,4,90,103" hai2="17,20,122,60,75,26,58,116,47,31,125,19,120" hai3="123,107,113,108,61,37,52,133,45,65,124,27,79"/><T117/><D117/><U53/><E68/><V51/><F75/><W7/><G107/><T34/><D121/><U39/><E39/><V91/><F116/><W21/><G113/><T24/><D102/><U77/><E131/><V73/><F73/><W76/><G108/><T85/><D127/><U109/><E109/><V118/><F118/><W106/><G106/><T10/><D40/><U132/><E54/><V30/><F125/><W38/><G124/><T35/><D74/><U50/><E50/><V23/><F122/><W82/><G133/><N who="0" m="50699" /><D85/><U55/><E28/><V98/><F120/><W114/><G114/><T1/><D1/><U93/><E55/><V97/><F97/><W78/><G7/><N who="1" m="2634" /><E132/><V6/><F6/><W72/><G38/><T2/><D2/><U130/><E130/><V43/><F98/><W18/><G123/><T63/><D34/><U115/><E115/><V15/><REACH who="2" step="1"/><F91/><REACH who="2" ten="250,250,240,250" step="2"/><W70/><REACH who="3" step="1"/><G37/><REACH who="3" ten="250,250,240,240" step="2"/><T14/><D104/><U22/><E126/><V80/><F80/><W67/><G67/><AGARI ba="0,2" hai="15,17,19,20,23,26,30,31,43,47,51,58,60,67" machi="67" ten="30,8000,1" yaku="1,1,7,1,8,1,52,1,53,1" doraHai="9" doraHaiUra="57" who="2" fromWho="3" sc="250,0,250,0,240,100,240,-80" /><INIT seed="1,0,0,2,1,133" ten="250,250,340,160" oya="1" hai0="18,105,99,63,86,123,60,13,41,127,32,97,90" hai1="80,39,33,130,102,40,119,21,66,12,132,114,81" hai2="46,58,47,57,100,106,9,113,27,30,44,85,118" hai3="1,71,72,93,96,88,70,55,52,19,65,122,5"/><U78/><E114/><V4/><F118/><W126/><G122/><T15/><D32/><U17/><E119/><V121/><F121/><W36/><G72/><T67/><D123/><U79/><E33/><V83/><F106/><W37/><G1/><T73/><D73/><U10/><E132/><V76/><F100/><W11/><G19/><T34/><D34/><U111/><E111/><V117/><F117/><W129/><G129/><T8/><D41/><U91/><E130/><V108/><F108/><W42/><G126/><T14/><D127/><U49/><E39/><V82/><F113/><W116/><G37/><T95/><D60/><U125/><E125/><V59/><F83/><W7/><G7/><T131/><D131/><U115/><E102/><V61/><F27/><W3/><G116/><T25/><D105/><U75/><E66/><V98/><F98/><W84/><G96/><T23/><REACH who="0" step="1"/><D8/><REACH who="0" ten="240,250,340,160" step="2"/><U110/><E10/><V107/><F107/><W103/><G42/><T16/><D16/><U22/><E40/><V43/><F43/><W2/><G36/><T135/><D135/><U120/><E120/><V45/><N who="2" m="11264" /><DORA hai="101" /><V128/><F128/><W112/><G11/><T92/><D92/><U89/><E115/><V69/><F30/><W77/><G93/><T51/><D51/><U0/><E49/><V56/><F9/><W29/><G29/><T24/><D24/><N who="1" m="14383" /><E110/><V53/><F4/><W50/><G5/><T54/><D54/><U94/><E94/><V26/><F26/><W62/><G112/><T64/><D64/><U28/><E28/><V134/><F134/><RYUUKYOKU ba="0,1" sc="240,15,250,-15,340,15,160,-15" hai0="13,14,15,18,23,25,63,67,86,90,95,97,99" hai2="53,56,57,58,59,61,69,76,82,85" /><INIT seed="2,1,1,1,0,83" ten="255,235,355,145" oya="2" hai0="30,76,87,59,43,2,55,88,51,19,8,60,1" hai1="18,44,36,0,35,105,79,78,70,74,25,48,26" hai2="56,65,127,42,27,20,90,29,17,63,103,23,72" hai3="53,115,132,82,80,119,52,122,69,93,5,67,81"/><V49/><F72/><W133/><G119/><T33/><D76/><U106/><E70/><V28/><F127/><W58/><G122/><T130/><D130/><U110/><E0/><V39/><F39/><W15/><G115/><T120/><D120/><U112/><E36/><V109/><F103/><W104/><G104/><T84/><D84/><U99/><E112/><V94/><F109/><W54/><G69/><T62/><D62/><U38/><E38/><V7/><F7/><W124/><G124/><T11/><D33/><U32/><E48/><V9/><F9/><N who="3" m="4527" /><G93/><T75/><D30/><U68/><E68/><V6/><F6/><W96/><G96/><T102/><D102/><U4/><E4/><V37/><F37/><W98/><G98/><T22/><D75/><U116/><E99/><N who="2" m="57815" /><F20/><W92/><G92/><T135/><D135/><N who="3" m="51785" /><G67/><T108/><D108/><U95/><E110/><V66/><F65/><W12/><G12/><T77/><D77/><U71/><E95/><V64/><F64/><W117/><G117/><T86/><D2/><U61/><E71/><V16/><F28/><W123/><G123/><T50/><D1/><U97/><E116/><V46/><AGARI ba="1,1" hai="16,17,23,27,29,42,46,49,56,63,66" m="57815" machi="46" ten="30,3000,0" yaku="8,1,54,1" doraHai="83" who="2" fromWho="2" sc="255,-11,235,-11,355,43,145,-11" /><INIT seed="2,2,0,4,1,72" ten="244,224,398,134" oya="2" hai0="19,76,37,47,0,100,13,41,90,51,44,107,124" hai1="32,20,38,7,132,70,63,22,55,120,96,84,110" hai2="43,105,115,97,65,31,126,116,17,130,89,123,93" hai3="64,30,53,80,87,54,133,25,14,15,35,57,5"/><V68/><F116/><W21/><G133/><T34/><D0/><U4/><E32/><V128/><F123/><W27/><G64/><T114/><D114/><U111/><E38/><V1/><F1/><W23/><G35/><T81/><D124/><U85/><E96/><V6/><F6/><N who="1" m="2089" /><E55/><V46/><F115/><W127/><G127/><T91/><D34/><U118/><E118/><V119/><F119/><W56/><G5/><T33/><D33/><U112/><E112/><V11/><F31/><W117/><G117/><T75/><D100/><U69/><E63/><V134/><F126/><W88/><G56/><T52/><REACH who="0" step="1"/><D107/><REACH who="0" ten="234,224,398,134" step="2"/><U12/><E120/><V103/><F105/><W79/><G88/><T39/><D39/><U78/><E132/><V77/><F134/><W58/><G58/><T24/><D24/><U82/><E12/><N who="3" m="4650" /><G57/><T28/><D28/><AGARI ba="2,1" hai="21,23,25,27,28,30,53,54,79,80,87" m="4650" machi="28" ten="30,2000,0" yaku="8,1,52,1" doraHai="72" who="3" fromWho="0" sc="234,-26,224,0,398,0,134,36" /><INIT seed="3,0,0,2,5,104" ten="208,224,398,170" oya="3" hai0="5,131,113,108,69,78,110,79,81,32,38,105,76" hai1="8,39,87,37,133,129,20,36,7,82,16,21,123" hai2="130,60,77,47,42,1,48,15,22,59,119,12,95" hai3="14,65,115,107,18,116,86,49,124,68,62,61,67"/><W125/><G107/><T17/><D38/><U23/><E123/><V33/><F33/><W31/><G31/><T66/><D32/><U90/><E133/><V50/><F1/><W112/><G116/><T51/><D105/><U89/><E129/><V46/><F119/><W10/><G86/><T11/><D131/><U34/><E34/><V93/><F130/><W118/><G118/><T55/><D17/><U41/><E90/><V52/><F77/><W80/><G80/><T72/><D66/><U35/><E35/><V54/><F22/><W2/><G49/><T126/><D69/><U97/><E97/><V99/><REACH who="2" step="1"/><F95/><REACH who="2" ten="208,224,388,170" step="2"/><W91/><G2/><T121/><D121/><U26/><REACH who="1" step="1"/><E41/><REACH who="1" ten="208,214,388,170" step="2"/><V28/><F28/><W9/><G112/><T45/><D113/><U6/><E6/><V94/><F94/><W4/><G115/><T43/><D43/><U29/><E29/><V24/><F24/><W19/><G4/><T30/><D30/><U100/><E100/><AGARI ba="0,2" hai="12,15,42,46,47,48,50,52,54,59,60,93,99,100" machi="100" ten="30,7700,0" yaku="1,1,7,1,8,1,54,1,53,0" doraHai="104" doraHaiUra="106" who="2" fromWho="1" sc="208,0,214,-77,388,97,170,0" /><INIT seed="4,0,0,1,1,50" ten="208,137,485,170" oya="0" hai0="5,95,25,6,48,7,86,71,103,64,105,133,9" hai1="106,33,132,110,28,45,66,29,69,116,62,94,34" hai2="52,53,118,31,101,126,75,70,128,77,17,120,40" hai3="92,16,2,127,61,99,121,96,135,63,83,20,58"/><T14/><D133/><U72/><E72/><V18/><F120/><W81/><G127/><T23/><D105/><U122/><E122/><V1/><F1/><W35/><G35/><T41/><D71/><U87/><E116/><V47/><F70/><W78/><G2/><T114/><D64/><U93/><E106/><V124/><F118/><W57/><G135/><T74/><D74/><U68/><E110/><V15/><F128/><W98/><G121/><T89/><D103/><U56/><E132/><V59/><F31/><W97/><G58/><T32/><D32/><U44/><E56/><V109/><F109/><W85/><G81/><T104/><D104/><U84/><E66/><V82/><F101/><W42/><G42/><T80/><D95/><U0/><E0/><V65/><F65/><W112/><G112/><T55/><D41/><U38/><REACH who="1" step="1"/><E62/><REACH who="1" ten="208,127,485,170" step="2"/><V76/><F59/><W123/><G123/><T134/><D134/><U73/><E73/><V88/><F75/><W102/><REACH who="3" step="1"/><G57/><REACH who="3" ten="208,127,485,160" step="2"/><N who="0" m="32999" /><D114/><U37/><AGARI ba="0,2" hai="28,29,33,34,37,38,44,45,68,69,84,87,93,94" machi="37" ten="25,12000,2" yaku="1,1,0,1,22,2,53,2" doraHai="50" doraHaiUra="67" who="1" fromWho="1" sc="208,-60,127,140,485,-30,160,-30" /><INIT seed="5,0,0,4,0,109" ten="148,267,455,130" oya="1" hai0="28,98,39,92,2,5,56,105,111,47,126,42,1" hai1="130,27,13,99,49,120,9,94,40,65,78,131,7" hai2="22,119,128,25,116,6,86,69,81,36,135,34,10" hai3="133,117,103,82,31,11,66,118,127,51,132,44,110"/><U12/><E120/><V14/><F36/><W33/><G110/><T84/><D111/><U96/><E65/><V91/><F69/><W71/><G103/><T21/><D126/><U60/><E60/><V29/><F135/><N who="3" m="51787" /><G82/><T77/><D105/><U101/><E78/><V59/><F128/><N who="1" m="49193" /><E27/><V114/><F114/><W3/><G31/><T52/><D5/><U18/><E96/><V23/><REACH who="2" step="1"/><F59/><REACH who="2" ten="148,267,445,130" step="2"/><W80/><G71/><T104/><D56/><U38/><E38/><V43/><F43/><W122/><G127/><T74/><D42/><U45/><E18/><V76/><F76/><W72/><G122/><T79/><D39/><U0/><AGARI ba="0,1" hai="0,7,9,12,13,40,45,49,94,99,101" m="49193" machi="0" ten="30,1500,0" yaku="19,1" doraHai="109" who="1" fromWho="1" sc="148,-5,267,25,445,-5,130,-5" /><INIT seed="5,1,0,1,0,81" ten="143,292,440,125" oya="1" hai0="90,94,22,77,93,42,29,64,31,13,114,48,36" hai1="89,8,23,20,97,11,74,38,131,6,82,40,43" hai2="69,49,70,60,1,103,66,98,18,128,100,117,112" hai3="63,68,85,54,4,132,33,71,105,133,87,73,25"/><U91/><E131/><V7/><F117/><W119/><G73/><T78/><D114/><U118/><E118/><V62/><F128/><W26/><G119/><T75/><D36/><U44/><E43/><V59/><F112/><W88/><G105/><T56/><D75/><U3/><E11/><V17/><F103/><W65/><G71/><T102/><D102/><U72/><E72/><V37/><F37/><W21/><G4/><T110/><D94/><U116/><E116/><V123/><F123/><W106/><G106/><T61/><D110/><U27/><E97/><V52/><F7/><W55/><G33/><T129/><D29/><U34/><E34/><V45/><F1/><W86/><G88/><N who="1" m="33866" /><E27/><N who="3" m="10250" /><G21/><T126/><D31/><U104/><E104/><V16/><REACH who="2" step="1"/><F62/><REACH who="2" ten="143,292,430,125" step="2"/><W35/><G35/><T80/><D61/><U41/><E41/><V30/><F30/><W84/><N who="3" m="21504" /><DORA hai="0" /><W135/><AGARI ba="1,1" hai="54,55,63,65,68,132,133,135" m="21504,10250" machi="135" ten="50,12000,2" yaku="4,1,20,1,52,4" doraHai="81,0" who="3" fromWho="3" sc="143,-31,292,-61,430,-31,125,133" /><INIT seed="6,0,0,3,1,95" ten="112,231,399,258" oya="2" hai0="24,103,18,61,21,55,41,105,70,48,50,59,53" hai1="51,60,38,117,89,9,116,107,35,122,77,6,74" hai2="91,106,121,42,133,125,80,82,3,92,69,71,66" hai3="40,22,134,23,43,68,102,20,88,62,115,29,54"/><V98/><F3/><W118/><G118/><T100/><D70/><U111/><E35/><V7/><F121/><W30/><G134/><T34/><D34/><U132/><E38/><V124/><F133/><W44/><G115/><T13/><D41/><U31/><E107/><V25/><F7/><W12/><G102/><T93/><D105/><U47/><E31/><V36/><F25/><W127/><G127/><N who="2" m="48713" /><F66/><W84/><G68/><N who="2" m="26185" /><F106/><W37/><G40/><T112/><D112/><U56/><E6/><V113/><F113/><W99/><G99/><T90/><D61/><U52/><E60/><V57/><F57/><W87/><G87/><T65/><D65/><U17/><E56/><V1/><F1/><W97/><G97/><T78/><D78/><U15/><E77/><V81/><F42/><W32/><G32/><T76/><D76/><U2/><E2/><V10/><F10/><W119/><G119/><T120/><D120/><U67/><E122/><V45/><F45/><W128/><G12/><T123/><D24/><U11/><E15/><V130/><F130/><W101/><G128/><T4/><D4/><U79/><E132/><V0/><F0/><W16/><G30/><T109/><D109/><U114/><E114/><V63/><F63/><W85/><G29/><T83/><D123/><U131/><E131/><V19/><F19/><W33/><G62/><T108/><D108/><U126/><E111/><V96/><F96/><W64/><G16/><T135/><D135/><U46/><E17/><V8/><F8/><W39/><G43/><T94/><D18/><U110/><E126/><RYUUKYOKU ba="0,0" sc="112,-10,231,-10,399,30,258,-10" hai2="36,80,81,82,91,92,98" /><INIT seed="6,1,0,5,3,130" ten="102,221,429,248" oya="2" hai0="42,66,30,90,109,49,127,52,39,78,69,95,20" hai1="26,64,120,104,0,68,96,48,12,89,1,93,29" hai2="45,114,25,97,55,81,54,31,53,32,74,83,134" hai3="113,123,105,80,56,15,128,36,50,60,47,98,84"/><V41/><F134/><W70/><G123/><T33/><D127/><U131/><E131/><V14/><F114/><W108/><G108/><T94/><D109/><U6/><E120/><V57/><F97/><W125/><G128/><T75/><D33/><U132/><E132/><V44/><F44/><W82/><G125/><T103/><D39/><U17/><E6/><V106/><F106/><W7/><G113/><T67/><D42/><U21/><E48/><V101/><F101/><W8/><G70/><T13/><D69/><U112/><E112/><V10/><F57/><W40/><G105/><T11/><D78/><U18/><E18/><V71/><F71/><W88/><G98/><T19/><D75/><U59/><E68/><V65/><F65/><N who="3" m="39047" /><G36/><T133/><D103/><U28/><E28/><V121/><F121/><W43/><G80/><T22/><D95/><U135/><E135/><V119/><F119/><W62/><G62/><T79/><D79/><U122/><E104/><V23/><F32/><W86/><G86/><T129/><D129/><U100/><E89/><V4/><F74/><W115/><G115/><T72/><D72/><U87/><E87/><V24/><F24/><W9/><G9/><T107/><D107/><U117/><E117/><V16/><F31/><W102/><G102/><T63/><D133/><U111/><E111/><V91/><F91/><W110/><G110/><T38/><D38/><U2/><E122/><V85/><F85/><W61/><G61/><T116/><D116/><U126/><E126/><V5/><F5/><W51/><G51/><AGARI ba="1,0" hai="4,10,14,16,23,25,41,45,51,53,54,55,81,83" machi="51" ten="40,3900,0" yaku="8,1,54,1" doraHai="130" who="2" fromWho="3" sc="102,0,221,0,429,42,248,-42" /><INIT seed="6,2,0,4,3,78" ten="102,221,471,206" oya="2" hai0="74,51,62,126,23,101,9,76,124,110,22,13,103" hai1="114,105,94,99,84,100,63,116,24,30,134,0,81" hai2="33,46,40,8,20,108,77,93,39,7,60,75,68" hai3="64,118,104,111,21,130,35,48,120,31,12,95,107"/><V57/><F33/><W97/><G118/><T92/><D110/><U5/><E116/><V11/><F68/><W42/><G120/><T86/><D74/><U83/><E114/><V32/><F32/><W37/><G37/><T119/><D119/><U50/><E134/><V73/><F108/><W54/><G111/><T56/><D51/><U15/><E0/><V127/><F127/><W133/><G35/><T59/><D92/><U70/><E50/><V131/><F131/><W45/><G130/><T121/><D121/><U82/><E70/><V44/><F44/><W52/><G64/><T49/><D49/><U79/><E63/><V4/><F93/><W28/><G107/><T18/><D59/><U27/><E105/><V122/><F20/><W89/><G133/><T61/><D61/><U41/><E41/><V102/><F102/><W29/><G104/><T71/><D71/><U80/><E30/><V117/><F117/><W115/><G115/><T36/><D36/><U38/><E38/><V55/><F122/><W96/><G96/><T85/><D85/><U90/><E79/><V16/><F77/><W135/><G135/><T43/><D43/><U88/><E100/><N who="0" m="38473" /><D22/><U65/><E65/><V106/><F106/><W69/><G69/><T25/><D86/><U123/><E123/><V87/><F87/><W125/><G125/><T14/><D76/><U113/><E113/><V17/><F75/><W10/><REACH who="3" step="1"/><G21/><REACH who="3" ten="102,221,471,196" step="2"/><T19/><D13/><U98/><E99/><V3/><F73/><W72/><G72/><T67/><D126/><U129/><E129/><V6/><F3/><RYUUKYOKU ba="2,1" sc="102,0,221,0,471,0,196,0" hai0="9,14,18,19,23,25,56,62,67,124" hai1="5,15,24,27,80,81,82,83,84,88,90,94,98" hai2="4,6,7,8,11,16,17,39,40,46,55,57,60" hai3="10,12,28,29,31,42,45,48,52,54,89,95,97" /><INIT seed="6,3,1,1,5,134" ten="102,221,471,196" oya="2" hai0="67,44,53,107,98,120,72,127,112,93,6,62,15" hai1="87,97,30,115,73,82,105,70,43,99,1,77,92" hai2="128,114,3,86,110,133,76,116,58,42,55,75,74" hai3="81,51,16,100,85,91,56,64,29,35,94,2,119"/><V109/><F116/><W52/><G2/><T23/><D112/><U71/><E1/><V84/><F133/><W5/><G119/><T57/><D120/><U13/><E115/><V19/><F114/><W50/><G35/><T121/><D121/><U12/><E30/><V66/><F128/><W4/><G29/><T31/><D72/><U10/><E43/><V33/><F33/><W118/><G118/><T124/><D107/><U7/><E13/><V32/><F32/><W79/><G100/><T95/><D6/><U102/><E73/><V113/><F113/><W96/><G64/><T88/><D95/><U126/><E126/><N who="0" m="48169" /><D44/><U28/><E28/><V89/><F75/><W18/><G51/><T90/><D31/><U21/><E105/><V49/><F74/><W68/><G68/><T45/><D45/><U38/><E71/><V36/><F110/><W65/><G65/><T122/><D122/><U59/><E70/><V20/><F66/><W132/><G132/><T103/><D67/><U108/><E7/><AGARI ba="3,1" hai="4,5,7,16,18,50,52,56,79,81,85,91,94,96" machi="7" ten="40,5200,0" yaku="8,1,54,2" doraHai="134" who="3" fromWho="1" sc="102,0,221,-61,471,0,196,71" /><INIT seed="7,0,0,3,3,20" ten="102,160,471,267" oya="3" hai0="65,96,7,29,62,87,105,17,98,68,44,114,83" hai1="135,84,119,129,70,91,38,33,100,121,39,124,80" hai2="86,118,14,126,6,16,67,24,61,92,1,131,111" hai3="25,103,130,54,28,18,71,110,21,34,57,132,81"/><W13/><G130/><T117/><D117/><U0/><RYUUKYOKU type="yao9" ba="0,0" sc="102,0,160,0,471,0,267,0" hai1="0,33,38,39,70,80,84,91,100,119,121,124,129,135" /><INIT seed="7,1,0,3,5,73" ten="102,160,471,267" oya="3" hai0="50,23,61,41,129,125,92,39,77,64,2,100,10" hai1="89,71,88,112,53,6,4,22,108,56,46,63,48" hai2="132,99,94,18,30,85,16,110,133,8,36,90,13" hai3="109,20,42,33,54,60,87,83,47,62,32,82,131"/><W115/><G115/><T93/><D125/><U44/><E108/><V123/><F110/><W106/><G109/><T0/><D129/><U5/><E112/><V14/><F36/><W31/><G106/><T79/><D39/><U69/><E44/><V35/><F123/><W118/><G118/><T49/><D2/><U96/><E71/><V102/><F35/><W127/><G131/><T121/><D121/><U81/><E69/><V126/><F30/><W34/><G82/><T24/><D0/><U37/><E37/><V84/><F126/><W78/><G54/><T101/><D10/><U74/><E22/><N who="2" m="11535" /><F102/><N who="0" m="39530" /><D61/><U52/><E96/><V51/><F51/><N who="0" m="19466" /><D64/><U11/><E11/><V17/><F17/><W76/><G127/><T116/><D116/><U45/><E45/><V3/><F3/><W27/><G47/><T21/><D41/><U7/><N who="1" m="1024" /><DORA hai="120" /><U1/><E1/><V67/><F67/><W57/><G42/><T66/><D66/><U130/><E130/><V28/><F28/><W128/><G60/><T113/><D113/><U107/><E107/><V65/><F65/><W75/><G62/><T86/><D86/><U9/><E9/><V103/><F103/><W134/><G87/><T97/><D97/><U55/><E55/><V95/><F95/><N who="0" m="36426" /><D24/><U15/><E15/><V68/><F68/><W25/><G25/><T104/><D104/><U12/><E12/><V72/><F72/><W58/><G75/><T98/><D98/><U29/><E29/><V135/><AGARI ba="1,0" hai="8,14,18,84,85,90,94,99,132,133,135" m="11535" machi="135" ten="30,2000,0" yaku="20,1,54,1" doraHai="73,120" who="2" fromWho="2" sc="102,-6,160,-6,471,23,267,-11" owari="96,-40.4,154,-24.6,494,59.4,256,5.6" /></mjloggm>