<mjloggm ver="2.3"><GO type="169" lobby="0"/><UN n0="%E4%B8%8A%E6%B5%B7%E3%83%8B%E3%83%83%E3%82%AF" n1="%E7%A9%B4%E7%8C%AB" n2="%E3%80%8E%53%65%63%72%65%74%E3%80%8F" n3="%E3%81%8F%E3%81%8E%E3%82%85%E3%81%86%E3%81%86%E3%81%86%E3%81%86" dan="17,16,16,18" rate="2172.49,2071.77,2110.86,2249.29" sx="M,M,M,M"/><TAIKYOKU oya="0"/><INIT seed="0,0,0,2,4,94" ten="250,250,250,250" oya="0" hai0="43,101,10,69,14,5,87,65,114,78,33,85,121" hai1="93,77,29,124,50,70,109,2,27,100,79,103,122" hai2="48,135,13,9,128,4,16,104,23,34,71,18,26" hai3="37,32,7,49,67,99,86,38,6,11,75,125,119"/><T47/><D114/><U39/><E39/><V22/><F128/><W95/><G119/><T81/><D121/><U123/><E2/><V66/><F135/><W126/><G75/><T96/><D33/><U133/><E70/><V106/><F34/><W54/><G32/><T131/><D131/><U105/><E50/><V68/><F48/><W45/><G86/><T72/><D65/><U134/><E27/><V28/><F28/><W116/><G116/><T73/><D69/><U57/><E57/><V51/><F51/><W127/><G67/><T0/><D14/><U42/><E42/><V82/><F82/><W112/><G112/><T25/><D25/><U92/><E29/><V24/><REACH who="2" step="1"/><F71/><REACH who="2" ten="250,250,240,250" step="2"/><W30/><G30/><T58/><D58/><U111/><REACH who="1" step="1"/><E105/><REACH who="1" ten="250,240,240,250" step="2"/><V46/><F46/><W20/><G38/><N who="0" m="22007" /><D73/><U98/><E98/><V61/><AGARI ba="0,2" hai="4,9,13,16,18,22,23,24,26,61,66,68,104,106" machi="61" ten="30,12000,2" yaku="1,1,0,1,9,1,54,1,53,2" doraHai="94" doraHaiUra="19" who="2" fromWho="2" sc="250,-60,240,-30,240,140,250,-30" /><INIT seed="1,0,0,4,1,40" ten="190,210,380,220" oya="1" hai0="24,7,85,42,130,92,78,6,74,26,45,29,117" hai1="41,88,9,115,31,33,123,83,127,122,79,64,87" hai2="27,124,56,103,133,32,44,5,75,49,119,8,68" hai3="99,38,101,106,95,2,114,121,128,131,46,91,4"/><U73/><E115/><V105/><F119/><W100/><G121/><T94/><D117/><U28/><E127/><V11/><F68/><W84/><G114/><T15/><BYE who="2" /><D130/><N who="3" m="49705" /><G2/><T126/><D126/><U86/><E73/><UN n2="%E3%80%8E%53%65%63%72%65%74%E3%80%8F" /><V14/><F75/><W17/><G4/><T58/><D58/><U108/><E108/><V89/><F133/><W48/><G38/><T20/><D26/><U66/><E33/><V63/><F103/><N who="3" m="62847" /><G17/><T52/><D74/><U110/><E110/><V77/><F11/><W96/><G84/><T19/><D42/><AGARI ba="0,0" hai="42,46,48,91,95,96,100,101" m="62847,49705" machi="42" ten="30,2000,0" yaku="19,1,52,1" doraHai="40" who="3" fromWho="0" sc="190,-20,210,0,380,0,220,20" /><INIT seed="2,0,0,2,5,94" ten="170,210,380,240" oya="2" hai0="118,11,85,52,2,75,27,7,41,34,104,1,33" hai1="72,31,115,71,23,62,47,17,97,70,24,125,35" hai2="44,102,83,121,69,124,9,61,122,10,0,55,12" hai3="29,59,101,103,48,98,114,105,131,92,119,49,19"/><V110/><F124/><W25/><G119/><T28/><D118/><U56/><E115/><V77/><F102/><W90/><G114/><T8/><D41/><U128/><E72/><V64/><F110/><W123/><G123/><T73/><D104/><U37/><E128/><V107/><F107/><W57/><G131/><T36/><D36/><U22/><E125/><V58/><F44/><W38/><G38/><T3/><D85/><U43/><E35/><N who="0" m="13321" /><D52/><U88/><E88/><V95/><F9/><N who="0" m="3658" /><D75/><U6/><E97/><V67/><F95/><W117/><G29/><T109/><D73/><U112/><E6/><V134/><F121/><W16/><G117/><T100/><D100/><N who="3" m="38473" /><G105/><T135/><D109/><U80/><E80/><V106/><F83/><W66/><G25/><T111/><D111/><U26/><REACH who="1" step="1"/><E112/><REACH who="1" ten="170,200,380,240" step="2"/><V99/><F99/><W78/><G90/><T86/><D86/><U129/><E129/><V39/><F122/><W127/><G127/><T130/><D130/><U53/><AGARI ba="0,1" hai="17,22,23,24,26,31,37,43,47,53,56,62,70,71" machi="53" ten="20,5200,0" yaku="1,1,0,1,7,1,53,1" doraHai="94" doraHaiUra="40" who="1" fromWho="1" sc="170,-13,200,62,380,-26,240,-13" /><INIT seed="3,0,0,5,0,5" ten="157,262,354,227" oya="3" hai0="101,33,12,62,109,97,32,120,15,114,0,27,95" hai1="69,48,54,9,81,118,76,92,30,123,88,135,104" hai2="36,106,131,53,34,61,47,57,98,79,14,42,55" hai3="60,29,8,38,67,64,121,41,23,31,51,82,4"/><W26/><G121/><T105/><D120/><U43/><E69/><V21/><F131/><W2/><G31/><T59/><D109/><U13/><E123/><V80/><F34/><W130/><G130/><T93/><D0/><U83/><E104/><V70/><F70/><W66/><G38/><T100/><D114/><U133/><E118/><V73/><F98/><W119/><G119/><T28/><D33/><U39/><E30/><V11/><F106/><W122/><G122/><T94/><REACH who="0" step="1"/><D101/><REACH who="0" ten="147,262,354,227" step="2"/><U113/><E113/><V87/><F73/><W134/><G134/><T7/><D7/><U110/><E110/><V99/><F99/><W102/><G102/><T19/><D19/><U18/><E133/><V35/><F35/><W116/><G116/><T68/><D68/><U49/><E135/><V127/><F127/><W132/><G132/><T3/><D3/><U10/><E18/><V52/><F21/><W125/><G125/><T86/><D86/><U74/><E74/><V25/><F25/><W1/><G1/><T107/><D107/><U63/><E13/><V128/><F128/><W16/><G29/><T90/><D90/><U24/><E88/><V75/><F75/><W17/><G17/><AGARI ba="0,1" hai="11,14,17,36,42,47,52,53,55,57,61,79,80,87" machi="17" ten="30,3900,0" yaku="7,1,52,1,54,1" doraHai="5" who="2" fromWho="3" sc="147,0,262,0,354,49,227,-39" /><INIT seed="4,0,0,2,1,74" ten="147,262,403,188" oya="0" hai0="125,20,129,113,11,118,126,103,29,17,53,114,35" hai1="23,68,89,13,128,105,101,50,52,93,88,54,27" hai2="34,72,57,33,55,104,64,75,81,80,8,92,98" hai3="119,1,4,28,133,90,102,44,63,109,73,77,82"/><T99/><D118/><U40/><E68/><V108/><F104/><W70/><G119/><T122/><D122/><U58/><E105/><V100/><F64/><W6/><G109/><T106/><D11/><U115/><E128/><V45/><F45/><W111/><G111/><T10/><D10/><U87/><E115/><N who="0" m="44041" /><D129/><U91/><E101/><V120/><F8/><W132/><G1/><T21/><D53/><U59/><E40/><V15/><F55/><W39/><G4/><T38/><D38/><U42/><E42/><V56/><F120/><W121/><G6/><T48/><D48/><U97/><E13/><V107/><F15/><W12/><G121/><T41/><D41/><U86/><E86/><V79/><F108/><W95/><G39/><T36/><D36/><U3/><E3/><V76/><F107/><W85/><G44/><T47/><D47/><U60/><E87/><V78/><F75/><W66/><G12/><N who="0" m="9255" /><D21/><U43/><E43/><V18/><F33/><W0/><G0/><T134/><D134/><U112/><E112/><V127/><F34/><W65/><G65/><T32/><D32/><U30/><AGARI ba="0,0" hai="23,27,30,50,52,54,58,59,60,88,89,91,93,97" machi="30" ten="20,8000,1" yaku="0,1,7,1,8,1,54,2" doraHai="74" who="1" fromWho="1" sc="147,-40,262,80,403,-20,188,-20" /><INIT seed="5,0,0,4,3,118" ten="107,342,383,168" oya="1" hai0="122,68,94,102,59,45,40,81,121,43,133,22,72" hai1="107,97,50,126,91,35,77,26,18,115,98,29,62" hai2="130,53,117,2,124,85,82,95,54,51,90,20,134" hai3="3,125,74,112,39,110,17,78,7,113,70,83,47"/><U44/><E126/><V120/><F117/><W132/><G110/><T12/><D133/><U87/><E115/><V28/><F124/><W79/><G125/><T111/><D111/><U93/><E62/><V109/><F109/><W119/><G119/><T75/><D68/><U73/><E107/><V27/><F120/><N who="0" m="46186" /><D59/><U89/><E18/><V33/><F130/><W10/><G132/><T86/><D102/><U56/><E56/><V57/><F2/><W71/><G79/><N who="0" m="46399" /><D94/><U84/><E73/><N who="0" m="28233" /><D45/><U80/><REACH who="1" step="1"/><E77/><REACH who="1" ten="107,332,383,168" step="2"/><V14/><F134/><W1/><G113/><T25/><D12/><U64/><E64/><V55/><F14/><N who="3" m="7383" /><G112/><T32/><D32/><U16/><E16/><AGARI ba="0,1" hai="16,22,25,40,43" m="28233,46399,46186" machi="16" ten="30,8000,1" yaku="13,1,52,3,54,1" doraHai="118" who="0" fromWho="1" sc="107,90,332,-80,383,0,168,0" /><INIT seed="6,0,0,1,2,45" ten="197,252,383,168" oya="2" hai0="46,94,99,34,116,32,25,23,133,36,56,50,111" hai1="112,86,59,106,17,98,3,58,118,75,107,88,114" hai2="63,79,67,15,70,97,135,31,125,123,61,92,77" hai3="44,7,121,104,91,103,41,83,102,28,18,131,71"/><V113/><F123/><W129/><G121/><T65/><D111/><U122/><E75/><V90/><F125/><W73/><G71/><T6/><D36/><U52/><E3/><V40/><F135/><W85/><G28/><N who="0" m="17471" /><D133/><U69/><E69/><V78/><F113/><N who="1" m="43625" /><E118/><V13/><F31/><W80/><G7/><T57/><D57/><U64/><E98/><V119/><F119/><W127/><G127/><T19/><D116/><U39/><E39/><V22/><F63/><W4/><G4/><T68/><D68/><U49/><E17/><V108/><F108/><W33/><G33/><T62/><D19/><U117/><E117/><V47/><REACH who="2" step="1"/><F22/><REACH who="2" ten="197,252,373,168" step="2"/><W120/><G120/><T8/><D34/><U84/><E122/><V101/><F101/><W21/><G103/><N who="0" m="60919" /><D32/><U109/><E109/><V124/><F124/><W134/><G134/><T93/><D8/><U87/><E88/><V29/><F29/><W60/><G102/><T95/><D6/><U81/><E81/><V20/><F20/><W132/><G132/><T35/><D35/><U82/><E82/><V37/><AGARI ba="0,1" hai="13,15,37,40,47,61,67,70,77,78,79,90,92,97" machi="37" ten="30,3000,0" yaku="1,1,0,1,53,0" doraHai="45" doraHaiUra="2" who="2" fromWho="2" sc="197,-10,252,-10,373,40,168,-10" /><INIT seed="6,1,0,4,4,22" ten="187,242,413,158" oya="2" hai0="122,67,21,29,63,95,74,28,101,40,1,117,16" hai1="75,115,80,120,54,37,60,128,111,34,70,121,39" hai2="87,62,104,100,135,49,132,86,129,44,35,55,3" hai3="73,105,98,83,126,71,36,20,99,11,125,24,106"/><V107/><F3/><W19/><G36/><T89/><D122/><N who="1" m="47211" /><E111/><V18/><F129/><W57/><G71/><T9/><D74/><U10/><E34/><V0/><F0/><W103/><G57/><N who="0" m="37359" /><D117/><U118/><E118/><V58/><F18/><W59/><G59/><T124/><D124/><U82/><E54/><V85/><F35/><W108/><G108/><T113/><D113/><U119/><E119/><V48/><F48/><W130/><G130/><T31/><D1/><U53/><E115/><V102/><F104/><W79/><REACH who="3" step="1"/><G11/><REACH who="3" ten="187,242,413,148" step="2"/><T123/><D123/><U32/><E128/><V77/><F58/><W116/><G116/><T23/><D9/><U12/><E70/><V38/><F38/><W30/><G30/><T56/><D56/><U43/><E10/><V90/><F62/><W5/><G5/><T52/><D31/><U33/><E60/><V112/><F112/><W25/><G25/><T13/><D29/><U131/><E131/><V7/><F7/><W8/><G8/><N who="0" m="6183" /><D28/><U27/><E39/><V96/><F44/><W97/><G97/><T61/><D61/><U66/><E37/><V45/><F96/><W68/><G68/><T50/><D23/><U42/><E27/><V46/><F45/><W4/><G4/><T15/><D21/><U26/><E26/><V91/><F46/><W2/><G2/><T94/><D15/><U17/><E32/><V6/><F6/><W88/><G88/><T69/><D69/><U93/><E12/><V64/><F91/><W51/><G51/><T72/><D50/><U47/><E33/><V92/><F49/><RYUUKYOKU ba="1,1" sc="187,-10,242,-10,413,-10,148,30" hai3="19,20,24,73,79,83,98,99,103,105,106,125,126" /><INIT seed="7,2,1,1,3,126" ten="177,232,403,178" oya="3" hai0="82,115,5,44,55,111,101,45,25,105,100,128,135" hai1="39,8,59,83,81,27,19,119,22,121,89,2,63" hai2="99,66,4,104,133,107,0,109,9,34,57,87,78" hai3="6,14,33,54,110,131,93,79,23,73,40,85,113"/><W32/><G73/><T21/><D111/><U13/><E39/><V29/><F109/><W114/><G110/><T20/><D105/><U68/><E68/><V12/><F133/><W102/><G131/><T16/><D135/><U72/><E2/><V38/><F38/><W36/><G54/><T91/><D128/><U71/><E71/><V70/><F57/><W76/><G102/><N who="0" m="39531" /><D5/><U10/><E72/><V80/><F99/><W103/><G36/><T77/><D115/><N who="3" m="44041" /><G40/><T37/><D37/><U129/><E129/><V35/><F104/><W130/><G130/><T106/><D106/><U98/><E121/><V125/><F107/><W92/><G103/><T50/><D77/><N who="3" m="29769" /><G85/><N who="0" m="50615" /><D21/><U51/><E119/><V62/><F87/><W88/><G23/><T28/><D45/><U53/><E83/><V122/><F122/><W123/><G123/><T18/><AGARI ba="2,1" hai="16,18,20,25,28,44,50,55" m="50615,39531" machi="18" ten="30,2000,0" yaku="8,1,54,1" doraHai="126" who="0" fromWho="0" sc="177,36,232,-7,403,-7,178,-12" owari="213,-18.7,225,2.5,396,49.6,166,-33.4" /></mjloggm>