<mjloggm ver="2.3"><GO type="169" lobby="0"/><UN n0="%E3%83%8A%E3%83%8A%E3%82%A4%E3%83%AD%E3%83%A9%E3%82%A4%E3%83%88%E2%98%86" n1="%E3%83%90%E3%83%AA%E3%83%88%E3%83%B3" n2="%E7%8C%AA%E7%8B%A9%E5%AE%88" n3="%E3%82%86%E3%83%BC%E3%82%84%2E%74" dan="16,17,17,17" rate="2086.49,2242.80,2167.35,2204.22" sx="F,M,M,M"/><TAIKYOKU oya="0"/><INIT seed="0,0,0,3,1,78" ten="250,250,250,250" oya="0" hai0="75,26,118,93,116,124,106,4,51,102,127,53,73" hai1="96,91,30,121,21,89,69,31,28,36,72,130,23" hai2="107,67,15,117,34,108,94,45,63,123,7,105,29" hai3="32,122,133,11,22,24,0,9,41,74,6,2,12"/><T111/><D4/><U48/><E36/><V99/><F123/><W95/><G74/><N who="0" m="28171" /><D26/><U113/><E69/><V80/><F108/><W56/><G122/><T40/><D40/><U98/><E72/><V83/><F117/><N who="0" m="45162" /><D53/><U85/><E121/><V10/><F105/><W60/><G133/><T42/><D51/><U38/><E38/><V82/><F107/><W43/><G32/><T59/><D59/><U114/><E48/><V81/><N who="2" m="20480" /><DORA hai="86" /><V87/><F87/><W126/><G95/><T110/><D42/><U76/><E76/><V88/><F34/><W13/><G126/><N who="0" m="48171" /><D106/><U54/><E31/><V109/><F109/><N who="0" m="41482" /><D93/><U77/><E77/><V27/><F45/><W20/><G56/><T84/><D84/><U134/><E85/><V115/><F27/><W19/><G24/><T50/><D50/><U103/><E54/><V70/><REACH who="2" step="1"/><F29/><REACH who="2" ten="250,250,240,250" step="2"/><W25/><G25/><T64/><D64/><U44/><E44/><V5/><F5/><W52/><G6/><T129/><D102/><U97/><E103/><V33/><F33/><W47/><G47/><T39/><D39/><U57/><E28/><V100/><F100/><W125/><G125/><T8/><D8/><U55/><E30/><V46/><F46/><W3/><G11/><T128/><AGARI ba="0,1" hai="128,129" m="41482,48171,45162,28171" machi="128" ten="50,24000,3" yaku="28,2,18,1,14,1,10,1,31,2,34,2" doraHai="78,86" who="0" fromWho="0" sc="250,250,250,-80,240,-80,250,-80" /><INIT seed="0,1,0,3,4,103" ten="500,170,160,170" oya="0" hai0="3,107,29,68,79,18,37,30,130,52,118,44,24" hai1="69,64,28,96,113,111,75,73,51,72,47,67,31" hai2="132,78,42,39,40,92,54,70,43,110,38,1,50" hai3="61,123,45,23,66,57,109,101,133,35,74,83,32"/><T116/><D68/><U41/><E111/><V58/><F110/><W46/><G109/><T48/><D3/><U115/><E96/><V33/><F33/><W104/><G133/><T120/><D120/><U87/><E87/><V71/><F1/><W17/><G123/><T97/><D79/><U19/><E19/><V5/><F5/><W34/><G83/><T7/><D7/><U26/><E31/><V102/><F78/><W108/><G74/><T124/><D37/><N who="2" m="13834" /><F92/><W100/><G108/><T60/><D60/><U134/><E134/><V6/><F102/><W76/><G76/><T95/><D124/><U106/><E106/><V4/><F4/><W94/><G94/><T85/><D130/><U91/><E91/><V9/><F9/><W77/><G77/><T90/><D18/><U20/><REACH who="1" step="1"/><E69/><REACH who="1" ten="500,160,160,170" step="2"/><N who="2" m="26123" /><F6/><W15/><G104/><T22/><D30/><U117/><E117/><V10/><F10/><W59/><G101/><T126/><D126/><U82/><E82/><V135/><AGARI ba="1,1" hai="40,42,43,50,54,58,132,135" m="26123,13834" machi="135" ten="40,2700,0" yaku="34,2" doraHai="103" who="2" fromWho="2" sc="500,-14,160,-8,160,40,170,-8" /><INIT seed="1,0,0,2,2,52" ten="486,152,200,162" oya="1" hai0="93,68,94,12,82,26,75,92,28,48,113,4,80" hai1="58,103,69,98,90,60,24,101,54,5,125,105,65" hai2="72,106,73,0,23,25,53,63,135,56,124,134,83" hai3="102,20,67,21,31,131,59,13,112,120,30,18,50"/><U86/><E125/><V1/><F106/><W7/><G112/><T79/><D113/><U118/><E118/><V62/><F124/><W74/><G120/><T8/><D68/><U100/><E5/><V77/><F73/><W57/><G74/><T104/><D104/><U127/><E127/><V44/><F44/><W122/><G122/><T70/><D70/><U45/><E45/><V39/><F39/><W81/><G131/><T14/><D82/><U128/><E24/><V47/><F47/><W111/><G111/><T38/><D48/><U46/><E46/><V41/><F41/><W84/><G102/><T108/><D108/><U123/><E128/><V22/><F63/><N who="3" m="38383" /><G21/><N who="2" m="7689" /><F25/><W11/><G50/><T40/><D40/><U88/><E90/><V64/><F64/><W85/><G59/><T126/><D126/><U95/><REACH who="1" step="1"/><E123/><REACH who="1" ten="486,142,200,162" step="2"/><V10/><F0/><W34/><G7/><T116/><D116/><U66/><E66/><V27/><F27/><W109/><G109/><T29/><D26/><U115/><E115/><V76/><F1/><W114/><G114/><T78/><D14/><U43/><E43/><V61/><F77/><N who="3" m="46127" /><G34/><T3/><D79/><U35/><E35/><V96/><F76/><W107/><G31/><N who="0" m="11851" /><D3/><U117/><E117/><V6/><F6/><W9/><G30/><T91/><D91/><U32/><E32/><V2/><F2/><W129/><G129/><T132/><D38/><U99/><E99/><V16/><F96/><W33/><G33/><T89/><D89/><U49/><AGARI ba="0,1" hai="49,54,58,60,65,69,86,88,95,98,100,101,103,105" machi="49" ten="20,12000,1" yaku="1,1,0,1,7,1,52,1,54,1,53,0" doraHai="52" doraHaiUra="119" who="1" fromWho="1" sc="486,-40,142,130,200,-40,162,-40" /><INIT seed="1,1,0,3,1,104" ten="446,272,160,122" oya="1" hai0="35,4,10,76,57,9,34,89,91,46,111,129,63" hai1="78,114,88,1,62,31,45,80,86,16,58,123,132" hai2="60,126,84,49,40,115,22,20,2,71,24,42,52" hai3="36,25,15,64,98,83,28,7,13,61,47,3,51"/><U43/><E114/><V81/><F126/><W106/><G36/><T103/><D111/><U56/><E123/><V32/><F2/><W113/><G113/><T95/><D129/><U109/><E132/><V107/><F107/><W53/><G3/><T131/><D131/><U134/><E134/><V29/><F115/><W38/><G7/><T70/><D70/><U73/><E109/><V135/><F135/><W55/><G55/><T11/><D4/><U127/><E127/><V75/><F75/><W133/><G38/><T18/><D76/><U6/><E31/><V100/><F100/><W125/><G125/><T21/><D46/><U118/><E118/><V94/><F94/><W72/><G98/><N who="0" m="59871" /><D34/><U119/><E119/><V14/><F14/><W99/><G99/><T65/><D35/><U117/><E117/><V74/><F74/><W67/><G67/><T48/><D48/><U69/><E16/><V39/><F39/><W19/><G106/><T26/><AGARI ba="1,0" hai="9,10,11,18,21,26,57,63,65,89,91" m="59871" machi="26" ten="30,1100,0" yaku="8,1" doraHai="104" who="0" fromWho="0" sc="446,14,272,-6,160,-4,122,-4" /><INIT seed="2,0,0,4,4,88" ten="460,266,156,118" oya="2" hai0="84,35,61,48,59,23,70,39,34,98,99,134,6" hai1="132,12,95,19,97,16,41,114,68,82,89,112,50" hai2="106,44,121,49,126,14,73,71,55,33,74,47,115" hai3="54,10,83,58,130,52,77,91,2,129,118,81,27"/><V100/><F115/><W105/><G118/><T1/><D39/><U62/><E132/><V69/><F121/><W85/><G105/><T122/><D122/><U29/><E29/><V104/><F126/><W111/><G111/><T117/><D70/><U9/><E19/><V3/><F100/><W92/><G27/><T0/><D48/><U87/><E68/><V127/><F127/><W124/><G124/><T20/><D84/><U36/><E36/><V119/><F119/><W64/><G64/><T18/><D117/><U45/><REACH who="1" step="1"/><E62/><REACH who="1" ten="460,256,156,118" step="2"/><V42/><F71/><W96/><G83/><T72/><D18/><U15/><E15/><V31/><F69/><W75/><G75/><T103/><D61/><U17/><E17/><V5/><F14/><W101/><G129/><T26/><D72/><U8/><E8/><V113/><F74/><W11/><G130/><T120/><D134/><U63/><E63/><V46/><F73/><W109/><G11/><T125/><D125/><U108/><E108/><V37/><F113/><W65/><G109/><T90/><D120/><U94/><E94/><V22/><F33/><W30/><G30/><T131/><D131/><U53/><E53/><V7/><F3/><W28/><G28/><T24/><D6/><N who="2" m="2058" /><F106/><N who="3" m="63783" /><G10/><T80/><D1/><U110/><E110/><V38/><F104/><W67/><G2/><T60/><D0/><U43/><E43/><N who="2" m="22639" /><F31/><W107/><G107/><T32/><D34/><U13/><E13/><V51/><F38/><W133/><G133/><T116/><D32/><U25/><E25/><V40/><F55/><N who="3" m="21035" /><G58/><T102/><D59/><RYUUKYOKU ba="0,1" sc="460,-30,256,10,156,10,118,10" hai1="9,12,16,41,45,50,82,87,89,95,97,112,114" hai2="22,40,42,46,47,49,51" hai3="65,67,77,81,85,91,92" /><INIT seed="2,1,1,5,5,15" ten="430,266,166,128" oya="2" hai0="69,67,127,22,30,62,61,78,93,11,28,97,74" hai1="72,88,57,94,2,82,113,47,13,109,20,16,18" hai2="116,59,54,108,128,37,95,71,75,83,118,32,120" hai3="21,104,60,7,125,56,39,23,10,98,92,51,53"/><V40/><F120/><W77/><G39/><T66/><D127/><U126/><E113/><V79/><F32/><W45/><G125/><T70/><D11/><U132/><E126/><V4/><F128/><W105/><G77/><T26/><D78/><U48/><E2/><V80/><F80/><W46/><G105/><T17/><REACH who="0" step="1"/><D74/><REACH who="0" ten="420,266,166,128" step="2"/><U24/><E72/><V85/><F75/><W29/><G104/><T87/><D87/><U114/><E114/><V58/><F79/><W3/><G29/><T6/><D6/><U35/><E109/><V55/><F4/><W122/><G122/><T25/><D25/><U133/><E82/><V124/><F83/><W73/><G73/><T121/><D121/><U33/><E57/><V112/><F124/><W107/><G107/><T44/><D44/><U96/><E133/><V43/><F112/><W68/><G46/><T111/><D111/><U50/><E132/><V81/><F81/><W129/><G129/><T119/><D119/><U76/><E76/><V131/><F85/><W130/><G130/><T9/><D9/><U31/><E35/><V65/><F131/><W103/><REACH who="3" step="1"/><G68/><REACH who="3" ten="420,266,166,118" step="2"/><T36/><D36/><U27/><REACH who="1" step="1"/><E47/><REACH who="1" ten="420,256,166,118" step="2"/><N who="2" m="23951" /><F71/><W100/><G100/><AGARI ba="1,4" hai="17,22,26,28,30,61,62,66,67,69,70,93,97,100" machi="100" ten="30,7700,0" yaku="1,1,7,1,9,1,52,1,53,0" doraHai="15" doraHaiUra="110" who="0" fromWho="3" sc="420,120,256,0,166,0,118,-80" /><INIT seed="3,0,0,0,3,78" ten="540,256,166,38" oya="3" hai0="45,125,57,103,77,11,80,52,3,92,75,37,82" hai1="14,135,104,64,73,25,134,97,95,20,106,18,60" hai2="66,40,65,55,115,90,76,27,70,15,49,39,41" hai3="62,89,24,128,122,63,4,6,48,19,56,74,21"/><W26/><G122/><T83/><D125/><U1/><E1/><V88/><F115/><W29/><G128/><T111/><D111/><U54/><E73/><V36/><F76/><W108/><G108/><T0/><D103/><U109/><E54/><V72/><F72/><W13/><G74/><T132/><D92/><U44/><E44/><V86/><F27/><W99/><G48/><T47/><D3/><U94/><E94/><V102/><F102/><W105/><G63/><N who="0" m="36263" /><D45/><U46/><E46/><V38/><F15/><W85/><G99/><T87/><D87/><U71/><E109/><V69/><F86/><W17/><G19/><T116/><D132/><N who="1" m="50731" /><E14/><V58/><F90/><AGARI ba="0,0" hai="18,20,25,60,64,71,90,95,97,104,106" m="50731" machi="90" ten="30,1000,0" yaku="20,1" doraHai="78" who="1" fromWho="2" sc="540,0,256,10,166,-10,38,0" /><INIT seed="4,0,0,5,1,133" ten="540,266,156,38" oya="0" hai0="96,116,112,95,44,9,45,101,69,63,68,53,61" hai1="87,71,33,10,132,122,21,75,111,110,79,26,0" hai2="72,104,98,29,121,66,50,100,130,8,108,57,62" hai3="91,88,22,127,25,73,38,81,85,15,54,129,49"/><T39/><D116/><U42/><E87/><V48/><F121/><W43/><G129/><T28/><D112/><U83/><E122/><V113/><F108/><W46/><G73/><T106/><D28/><U78/><E78/><V34/><F72/><W80/><G15/><T40/><D9/><U55/><E132/><V31/><F113/><W105/><G105/><T37/><D106/><U123/><E123/><V117/><F130/><W67/><G67/><T76/><D76/><U5/><E55/><V32/><F8/><W20/><G91/><T103/><D103/><U125/><E71/><V93/><F104/><W70/><G70/><T23/><D23/><U2/><E2/><V14/><F14/><W102/><G102/><T128/><D128/><U59/><E59/><V119/><F32/><W58/><G81/><T6/><D6/><U30/><E21/><V41/><F31/><W12/><G127/><T114/><D114/><U1/><E1/><V84/><F84/><W109/><G109/><N who="1" m="41482" /><E42/><V56/><F56/><W94/><G80/><T135/><D135/><U4/><E4/><V13/><F13/><W18/><REACH who="3" step="1"/><G25/><REACH who="3" ten="540,266,156,28" step="2"/><T131/><D131/><U47/><E47/><N who="2" m="25711" /><F119/><W36/><G36/><T97/><D39/><U3/><E3/><V89/><F117/><W99/><G99/><T107/><D45/><U24/><E26/><N who="2" m="18743" /><F100/><W134/><G134/><T126/><D68/><U19/><E19/><V124/><F124/><AGARI ba="0,1" hai="0,5,10,24,30,33,75,79,83,124,125" m="41482" machi="124" ten="30,3900,0" yaku="23,1,52,2" doraHai="133" who="1" fromWho="2" sc="540,0,266,49,156,-39,28,0" /><INIT seed="5,0,0,1,2,38" ten="540,315,117,28" oya="1" hai0="18,94,29,30,52,93,11,20,92,103,79,128,91" hai1="89,2,134,61,122,15,78,72,3,95,84,4,57" hai2="60,1,50,59,119,65,9,56,105,54,97,51,127" hai3="129,104,21,62,71,66,75,109,108,41,107,87,35"/><U7/><E122/><V102/><F119/><W133/><G133/><T22/><D128/><U5/><E134/><V125/><F1/><W37/><G21/><N who="0" m="8299" /><D79/><U8/><E72/><V76/><F76/><W63/><G87/><T88/><D103/><U69/><E69/><V132/><F9/><W130/><G63/><T77/><D77/><U36/><E36/><V43/><REACH who="2" step="1"/><F132/><REACH who="2" ten="540,315,107,28" step="2"/><W0/><G0/><T85/><D11/><U124/><E3/><V74/><F74/><W118/><G75/><T31/><D18/><U116/><E2/><V64/><F64/><W17/><G118/><T49/><D85/><N who="1" m="52655" /><E116/><V90/><F90/><W12/><G130/><T67/><D67/><N who="1" m="39343" /><E124/><V47/><AGARI ba="0,1" hai="43,47,50,51,54,56,59,60,65,97,102,105,125,127" machi="47" ten="30,4000,0" yaku="1,1,0,1,52,1,53,0" doraHai="38" doraHaiUra="81" who="2" fromWho="2" sc="540,-10,315,-20,107,50,28,-10" /><INIT seed="6,0,0,4,3,96" ten="530,295,157,18" oya="2" hai0="66,10,50,88,17,0,77,44,41,84,97,114,103" hai1="22,62,92,123,130,64,80,69,75,1,106,85,67" hai2="21,18,117,57,19,115,56,27,134,135,26,25,95" hai3="74,3,23,45,5,108,73,107,104,48,8,46,102"/><V28/><F117/><W24/><G108/><T126/><D126/><U33/><E33/><V129/><F95/><W78/><G46/><T61/><D114/><U94/><E106/><V9/><F115/><W13/><G3/><T37/><D37/><U124/><E1/><V113/><F57/><W89/><G89/><T51/><D77/><U68/><E75/><V40/><F56/><W132/><G132/><N who="2" m="50729" /><F40/><W49/><G49/><T43/><D50/><U55/><E124/><V58/><F58/><W121/><G121/><T99/><D43/><U109/><E55/><V112/><F112/><W14/><G14/><N who="0" m="7383" /><D0/><U36/><E109/><V16/><F113/><W70/><G70/><T105/><D61/><U110/><E123/><V119/><F119/><W39/><G39/><T15/><D66/><U76/><E36/><V90/><F90/><W83/><G74/><T71/><D71/><U34/><E110/><V35/><F129/><W32/><G32/><T91/><D88/><U52/><E130/><V100/><F100/><W133/><G133/><T65/><D65/><U86/><E67/><V53/><F53/><W111/><G111/><T6/><D91/><U63/><E52/><V31/><F9/><W59/><G59/><T128/><D128/><U42/><E42/><V4/><F4/><W60/><G60/><T20/><D6/><U127/><E64/><V11/><F11/><W98/><G107/><T2/><D105/><U79/><E68/><V122/><F122/><W131/><G131/><T118/><D118/><U116/><E69/><V125/><F125/><W93/><G104/><RYUUKYOKU ba="0,0" sc="530,-10,295,-10,157,30,18,-10" hai2="16,18,19,21,25,26,27,28,31,35" /><INIT seed="6,1,0,0,3,123" ten="520,285,187,8" oya="2" hai0="48,80,17,11,61,27,7,99,93,21,76,18,59" hai1="49,34,31,85,132,58,88,98,53,73,54,38,29" hai2="106,68,35,135,39,57,100,62,20,119,47,109,111" hai3="26,32,6,95,16,86,13,83,122,10,96,115,124"/><V15/><F119/><W130/><G122/><T70/><D70/><U112/><E73/><V64/><F35/><W77/><G130/><T65/><D48/><U92/><E38/><V78/><F78/><W41/><G124/><T40/><D40/><U131/><E112/><V8/><F20/><N who="3" m="13575" /><G32/><T89/><D17/><U120/><E132/><V45/><F135/><W0/><G0/><T84/><D11/><U104/><E131/><V63/><F100/><N who="3" m="60447" /><G115/><T81/><D81/><N who="1" m="49199" /><E104/><V87/><F87/><W82/><G82/><T37/><D37/><U60/><E34/><V55/><F106/><W50/><G50/><T4/><AGARI ba="1,0" hai="4,7,18,21,27,59,61,65,76,80,84,89,93,99" machi="4" ten="30,2000,0" yaku="0,1,8,1" doraHai="123" who="0" fromWho="0" sc="520,23,285,-6,187,-11,8,-6" /><INIT seed="7,0,0,1,2,8" ten="543,279,176,2" oya="3" hai0="104,80,27,103,69,15,97,54,135,10,93,64,37" hai1="2,58,82,3,92,99,65,42,115,114,127,19,91" hai2="28,7,43,21,88,45,23,113,125,20,60,55,122" hai3="110,118,32,95,24,40,117,107,56,101,84,33,30"/><W109/><G33/><T73/><D37/><U70/><E70/><V124/><F113/><N who="1" m="43017" /><E42/><V126/><F122/><W132/><G132/><T119/><D27/><U71/><E71/><V105/><F105/><W81/><G107/><T134/><D93/><U50/><E127/><V17/><F7/><W61/><G40/><T52/><D119/><U25/><E82/><V74/><F74/><W111/><G95/><T29/><D29/><U39/><E39/><V68/><F28/><W79/><G101/><T4/><D64/><AGARI ba="0,0" hai="24,30,32,56,61,64,79,81,84,109,110,111,117,118" machi="64" ten="40,2000,0" yaku="10,1" doraHai="8" who="3" fromWho="0" sc="543,-20,279,0,176,0,2,20" /><INIT seed="7,1,0,2,0,123" ten="523,279,176,22" oya="3" hai0="51,8,81,33,96,5,82,56,134,125,133,119,128" hai1="120,129,131,55,70,36,35,53,17,40,13,107,38" hai2="95,97,42,71,26,22,90,89,67,20,49,0,117" hai3="11,30,126,118,135,32,72,28,112,6,99,2,7"/><W122/><G72/><T61/><D119/><U113/><E120/><V41/><F0/><W132/><G99/><T100/><D33/><U93/><E107/><V3/><F3/><N who="3" m="479" /><G118/><T65/><D51/><U23/><E35/><V29/><F117/><W15/><G122/><T116/><D128/><N who="1" m="49227" /><E113/><V45/><F71/><W78/><G78/><T105/><D125/><U57/><E70/><V75/><F75/><W34/><G112/><T37/><D37/><U4/><E4/><V52/><F67/><W9/><G126/><T63/><D63/><U98/><E40/><N who="2" m="15467" /><F20/><W43/><G43/><T109/><D82/><U103/><E53/><V79/><F79/><W25/><G15/><T68/><D96/><U108/><E108/><V12/><F12/><W48/><G48/><AGARI ba="1,0" hai="13,17,23,36,38,48,55,57,93,98,103" m="49227" machi="48" ten="30,1000,0" yaku="19,1" doraHai="123" who="1" fromWho="3" sc="523,0,279,13,176,0,22,-13" owari="523,62.3,292,9.2,176,-22.4,9,-49.1" /></mjloggm>