<mjloggm ver="2.3"><GO type="169" lobby="0"/><UN n0="%E7%90%86%E5%B7%A5%E3%83%95%E3%83%AA%E3%83%86%E3%83%B3%E5%A4%A7%E5%B8%AB" n1="%6B%6C%6F%6E%64%69%6B%65" n2="%E6%B2%96%E3%83%92%E3%82%AB%E3%83%AB%EF%BC%88%E6%9C%AC%E7%89%A9%EF%BC%89" n3="%E5%AE%8C%E5%85%A8%E5%AE%89%E7%89%8C" dan="16,16,18,17" rate="2121.78,2173.06,2201.73,2156.03" sx="M,M,F,M"/><TAIKYOKU oya="0"/><INIT seed="0,0,0,4,5,25" ten="250,250,250,250" oya="0" hai0="111,37,117,110,12,80,84,32,56,73,71,60,123" hai1="91,68,36,79,27,90,65,105,133,100,94,0,98" hai2="67,51,13,95,38,127,131,31,101,114,86,83,43" hai3="5,121,64,9,39,8,102,20,58,45,33,29,30"/><T115/><D115/><U128/><E0/><V41/><F38/><W77/><G121/><T104/><D117/><U75/><E36/><V50/><F114/><W113/><G113/><T15/><D123/><U53/><E53/><V19/><F67/><W107/><G33/><T14/><D37/><U97/><E65/><V21/><F131/><W6/><G77/><T47/><D71/><U87/><E68/><V96/><F127/><W93/><G107/><T130/><D130/><U109/><E27/><V125/><F31/><N who="3" m="11787" /><G20/><T1/><D1/><U35/><E35/><V23/><F23/><W61/><G45/><T74/><D32/><U126/><E128/><V103/><F125/><W81/><G81/><T76/><D104/><U120/><E120/><V89/><F103/><W132/><G132/><T2/><D2/><U48/><E126/><V59/><F59/><W17/><G39/><T69/><D69/><U57/><E48/><AGARI ba="0,0" hai="13,19,21,41,43,48,50,51,83,86,89,95,96,101" machi="48" ten="40,1300,0" yaku="8,1" doraHai="25" who="2" fromWho="1" sc="250,0,250,-13,250,13,250,0" /><INIT seed="1,0,0,0,3,92" ten="250,237,263,250" oya="1" hai0="128,58,31,6,49,83,133,37,90,113,85,48,65" hai1="10,70,9,57,20,47,2,28,29,32,59,34,61" hai2="26,14,122,62,71,64,125,110,99,21,95,66,73" hai3="18,8,91,134,15,42,131,67,60,96,5,19,115"/><U4/><E70/><V97/><F73/><W112/><G134/><T30/><D113/><U114/><E47/><V120/><F125/><W81/><G131/><T50/><D133/><U88/><E114/><V124/><F124/><W40/><G112/><T53/><D128/><U94/><E59/><V36/><F36/><W27/><G115/><T24/><D37/><U45/><E45/><V130/><F130/><W77/><G27/><T63/><D6/><U106/><E106/><V87/><F14/><W111/><G111/><T79/><D24/><U119/><E119/><V72/><F72/><W84/><G19/><T52/><REACH who="0" step="1"/><D79/><REACH who="0" ten="240,237,263,250" step="2"/><U54/><E4/><V43/><F110/><W132/><G132/><T107/><D107/><U89/><E2/><V23/><F26/><W78/><G5/><T117/><D117/><U44/><E34/><V13/><F13/><W126/><G126/><T1/><D1/><U105/><E105/><V123/><F123/><W35/><G35/><T46/><D46/><U56/><E44/><V75/><F122/><W74/><G77/><T127/><D127/><U7/><E7/><V129/><F120/><W39/><G39/><T3/><D3/><U22/><E32/><V51/><F129/><W25/><G25/><T41/><D41/><U82/><E61/><V116/><F62/><W104/><G104/><T103/><D103/><U76/><E76/><V98/><F43/><W100/><G78/><T93/><D93/><U86/><E94/><V118/><F116/><W101/><G74/><T109/><D109/><U68/><E54/><AGARI ba="0,1" hai="30,31,48,49,50,52,53,54,58,63,65,83,85,90" machi="54" ten="40,5200,0" yaku="1,1,8,1,54,1,53,0" doraHai="92" doraHaiUra="135" who="0" fromWho="1" sc="240,62,237,-52,263,0,250,0" /><INIT seed="2,0,0,3,2,36" ten="302,185,263,250" oya="2" hai0="10,97,14,40,94,72,133,79,34,77,35,110,30" hai1="100,132,67,125,69,117,81,56,112,58,18,37,85" hai2="32,121,109,12,64,28,5,119,90,114,66,62,13" hai3="54,8,134,7,106,123,115,53,107,95,47,49,51"/><V44/><F114/><W126/><G126/><T19/><D110/><U20/><E125/><V4/><F119/><W86/><G134/><T88/><D133/><U27/><E117/><V11/><F121/><W129/><G129/><T127/><D127/><U93/><E132/><V31/><F109/><W76/><G123/><T75/><D40/><U131/><E37/><V3/><F3/><W84/><G115/><T57/><D57/><U21/><E69/><V29/><F90/><W9/><G95/><T70/><D70/><U26/><E67/><V2/><F2/><W48/><G48/><T23/><D77/><U124/><E131/><V120/><F120/><W130/><G130/><T73/><REACH who="0" step="1"/><D79/><REACH who="0" ten="292,185,263,250" step="2"/><U71/><E71/><V128/><F128/><W43/><G76/><T60/><D60/><U55/><E124/><V25/><F44/><W101/><G47/><T111/><D111/><U104/><E55/><V42/><F42/><W15/><G43/><T22/><D22/><U103/><E112/><V102/><F62/><W80/><G53/><T24/><AGARI ba="0,1" hai="10,14,19,23,24,30,34,35,72,73,75,88,94,97" machi="24" ten="40,5200,0" yaku="1,1,0,1,54,1,53,0" doraHai="36" doraHaiUra="68" who="0" fromWho="0" sc="292,62,185,-13,263,-26,250,-13" /><INIT seed="3,0,0,1,1,19" ten="354,172,237,237" oya="3" hai0="63,85,52,2,38,128,118,21,62,69,22,88,14" hai1="30,54,34,120,74,18,16,101,96,135,64,73,90" hai2="119,17,60,81,84,12,83,109,27,59,99,115,112" hai3="68,111,82,105,127,125,108,133,55,124,91,23,48"/><W10/><G133/><T77/><D118/><U61/><E120/><V97/><F109/><N who="3" m="42059" /><G68/><T106/><D2/><U71/><E135/><V76/><F119/><W36/><G36/><T72/><D106/><N who="1" m="63783" /><E90/><V6/><F115/><W78/><G105/><T26/><D38/><U32/><E32/><V8/><F112/><W25/><G10/><T89/><D128/><U130/><E130/><V29/><F83/><W122/><G91/><N who="0" m="34891" /><D72/><N who="1" m="27755" /><E54/><V39/><F39/><W93/><G93/><T58/><D69/><U50/><E50/><V7/><F99/><W40/><G40/><T117/><D117/><U86/><E86/><V66/><REACH who="2" step="1"/><F97/><REACH who="2" ten="354,172,227,237" step="2"/><W87/><G122/><T15/><D85/><U132/><E132/><V31/><F31/><N who="3" m="17855" /><G127/><T126/><D126/><U44/><E44/><AGARI ba="0,1" hai="44,48,55,78,82,87,124,125" m="17855,42059" machi="44" ten="30,5800,0" yaku="14,1,10,1,52,1" doraHai="19" who="3" fromWho="1" sc="354,0,172,-58,227,0,237,68" /><INIT seed="3,1,0,4,3,112" ten="354,114,227,305" oya="3" hai0="56,130,51,44,11,106,48,70,35,64,82,32,119" hai1="45,80,111,9,68,26,84,75,86,90,34,127,3" hai2="40,52,30,42,38,120,65,124,23,79,41,121,97" hai3="99,108,1,89,13,116,95,78,33,10,39,104,113"/><W73/><G113/><T107/><D70/><U125/><E68/><V76/><F65/><W118/><G33/><T115/><D115/><U43/><E111/><V109/><F38/><W72/><G1/><T122/><D122/><U4/><E90/><V60/><F109/><W8/><G108/><T21/><D56/><U88/><E86/><V126/><F97/><W128/><G39/><T5/><D64/><U101/><E101/><V74/><F23/><W6/><G128/><T27/><D51/><U131/><E131/><V25/><F25/><W67/><G67/><T59/><D59/><U110/><E110/><V55/><F30/><W69/><G69/><T36/><D36/><U31/><REACH who="1" step="1"/><E75/><REACH who="1" ten="354,104,227,305" step="2"/><V28/><F74/><W92/><G73/><T47/><D130/><U17/><E17/><V83/><F121/><W53/><G72/><T94/><D82/><U12/><E12/><V46/><F83/><W71/><G13/><T57/><D5/><U37/><AGARI ba="1,1" hai="3,4,9,26,31,34,37,43,45,80,84,88,125,127" machi="37" ten="30,4000,0" yaku="1,1,0,1,54,1,53,0" doraHai="112" doraHaiUra="114" who="1" fromWho="1" sc="354,-11,104,53,227,-11,305,-21" /><INIT seed="4,0,0,5,1,88" ten="343,157,216,284" oya="0" hai0="79,23,135,82,77,41,116,53,131,107,55,119,134" hai1="34,89,12,6,27,83,37,113,123,66,30,64,122" hai2="2,16,57,104,10,94,68,50,106,117,84,22,102" hai3="86,26,29,32,127,18,14,25,61,72,1,85,45"/><T75/><D41/><U20/><E37/><V54/><F68/><W98/><G72/><T15/><D15/><U46/><E64/><V130/><F130/><W33/><G1/><T105/><D23/><U99/><E46/><V52/><F117/><N who="0" m="45130" /><D131/><U9/><E113/><V69/><F69/><W49/><G127/><T74/><D53/><U112/><E112/><V4/><F54/><W118/><G61/><T100/><D55/><U5/><E66/><V97/><F84/><W115/><G115/><T114/><D114/><U67/><E67/><V56/><F56/><W93/><G118/><T87/><D87/><U21/><E83/><V110/><F110/><W0/><G0/><T36/><D36/><U70/><E70/><V24/><AGARI ba="0,0" hai="2,4,10,16,22,24,50,52,57,94,97,102,104,106" machi="24" ten="20,8000,1" yaku="0,1,7,1,52,1,54,2" doraHai="88" who="2" fromWho="2" sc="343,-40,157,-20,216,80,284,-20" /><INIT seed="5,0,0,1,3,59" ten="303,137,296,264" oya="1" hai0="66,83,129,113,0,54,121,77,93,132,69,25,79" hai1="58,122,26,108,37,49,103,86,3,32,130,68,98" hai2="127,65,72,28,109,55,40,88,133,82,110,41,119" hai3="12,15,94,13,76,71,16,81,36,100,21,10,134"/><U73/><E86/><V104/><F28/><W85/><G134/><T38/><D25/><U22/><E122/><V75/><F65/><W44/><G71/><T101/><D54/><U9/><E73/><V102/><F55/><W52/><G36/><T128/><D0/><U31/><E37/><V1/><F1/><W42/><G42/><T123/><D38/><U57/><E49/><V105/><F41/><W120/><G120/><N who="0" m="46155" /><D66/><U63/><E130/><N who="0" m="50281" /><D69/><U97/><E97/><V34/><F40/><W45/><G100/><T4/><D4/><U29/><E108/><V118/><F102/><W87/><G52/><T35/><D35/><U23/><E31/><V47/><F34/><W46/><REACH who="3" step="1"/><G10/><REACH who="3" ten="303,137,296,254" step="2"/><T39/><D39/><U64/><E57/><V125/><F47/><W2/><G2/><T112/><D132/><U74/><E58/><V95/><F133/><W50/><G50/><T43/><D43/><U14/><E3/><V62/><F110/><W53/><G53/><T67/><D67/><U20/><E74/><V92/><F109/><W33/><G33/><T18/><D101/><U111/><E111/><V115/><F75/><W99/><G99/><T90/><D112/><U117/><E117/><V61/><F115/><W51/><G51/><T124/><D113/><U91/><E91/><AGARI ba="0,1" hai="12,13,15,16,21,44,45,46,76,81,85,87,91,94" machi="91" ten="40,5200,0" yaku="1,1,8,1,54,1,53,0" doraHai="59" doraHaiUra="96" who="3" fromWho="1" sc="303,0,137,-52,296,0,254,62" /><INIT seed="6,0,0,2,1,15" ten="303,85,296,316" oya="2" hai0="129,10,98,119,27,76,41,81,71,134,92,72,28" hai1="115,97,95,113,37,26,70,79,48,91,43,111,120" hai2="80,117,118,33,121,3,63,100,116,122,132,4,25" hai3="105,29,66,47,11,108,54,109,123,73,101,60,68"/><V65/><F132/><W7/><G123/><N who="2" m="47113" /><F100/><W39/><G73/><T20/><D134/><U88/><E37/><V67/><F80/><W42/><G29/><T127/><D127/><U87/><E70/><V99/><F99/><N who="3" m="61631" /><G54/><T1/><D129/><U50/><E111/><V77/><F77/><W83/><G83/><T17/><D71/><U107/><E120/><V6/><F63/><W89/><G89/><T94/><D119/><U57/><E79/><V96/><F96/><W45/><G45/><T32/><D41/><U12/><E26/><V84/><F84/><W130/><G130/><T126/><D126/><U124/><E124/><V82/><F82/><W24/><G24/><T2/><D10/><U90/><E107/><V34/><F25/><W0/><AGARI ba="0,0" hai="0,7,11,39,42,47,60,66,68,108,109" m="61631" machi="0" ten="30,1100,0" yaku="23,1" doraHai="15" who="3" fromWho="3" sc="303,-3,85,-3,296,-5,316,11" /><INIT seed="7,0,0,0,0,115" ten="300,82,291,327" oya="3" hai0="2,95,17,1,49,97,120,51,54,20,33,81,128" hai1="4,104,67,93,58,18,89,84,127,59,80,124,87" hai2="45,113,76,112,72,8,48,36,30,26,3,117,52" hai3="32,77,116,122,129,105,53,44,22,28,130,94,103"/><W121/><G116/><T82/><D128/><N who="3" m="49257" /><G105/><T0/><D33/><U50/><E104/><V14/><F117/><W42/><G32/><T85/><D120/><U55/><E127/><V24/><F36/><N who="3" m="21575" /><G77/><T35/><D35/><U70/><E70/><V91/><F3/><W79/><G79/><T126/><D126/><U83/><E124/><V73/><F91/><W92/><G53/><T66/><D66/><U7/><E67/><V60/><F60/><W135/><G135/><T34/><D34/><U99/><E59/><V37/><F37/><W75/><G75/><N who="2" m="28745" /><F76/><W43/><G43/><T10/><D54/><U100/><E84/><V119/><F119/><W25/><G103/><T111/><D85/><U62/><E80/><V90/><F90/><W57/><G57/><T13/><D82/><U63/><E62/><V109/><F109/><W15/><G15/><T27/><D81/><U74/><E74/><V38/><F38/><W46/><G46/><T86/><D86/><U114/><E114/><N who="2" m="44139" /><F30/><W106/><G106/><T31/><REACH who="0" step="1"/><D111/><REACH who="0" ten="290,82,291,327" step="2"/><U98/><E63/><V65/><F65/><W23/><G121/><T5/><D5/><AGARI ba="0,1" hai="5,8,14,24,26,45,48,52" m="44139,28745" machi="5" ten="30,2000,0" yaku="15,1,54,1" doraHai="115" who="2" fromWho="0" sc="290,-20,82,0,291,30,327,0" owari="270,-13.0,82,-41.8,321,12.1,327,42.7" /></mjloggm>