<mjloggm ver="2.3"><GO type="169" lobby="0"/><UN n0="%E3%81%84%E3%81%AC%E3%81%A6%E3%82%93" n1="%E3%83%80%E3%82%AF%E3%82%BF%E3%83%BC%E3%82%AF%E3%83%AA%E3%83%83%E3%83%97" n2="%E6%B9%98%E5%8C%97%E2%91%AD%E4%B8%89%E4%BA%95%E5%AF%BF" n3="%E2%91%A3%E9%81%BF%E9%81%8A%E6%88%AF%E3%80%90%E6%9D%B1%E5%8D%97%E3%80%91" dan="16,17,16,16" rate="2047.64,2215.56,2171.12,2134.01" sx="M,M,M,M"/><TAIKYOKU oya="0"/><INIT seed="0,0,0,5,3,32" ten="250,250,250,250" oya="0" hai0="49,34,86,66,9,131,84,33,58,63,78,130,106" hai1="31,134,23,81,26,52,48,60,125,90,4,128,38" hai2="129,97,123,43,28,29,116,133,89,88,76,100,94" hai3="11,91,107,77,122,127,40,101,87,16,103,2,93"/><T65/><D106/><U62/><E38/><V5/><F123/><W12/><G122/><T79/><D49/><U74/><E134/><V10/><F133/><W17/><G127/><T99/><D99/><U71/><E128/><V54/><F129/><W18/><G40/><T111/><D9/><U85/><E125/><V46/><F116/><W96/><G103/><T72/><D111/><U83/><E71/><V24/><F76/><W135/><G135/><T47/><D47/><U27/><E74/><V41/><F54/><W15/><REACH who="3" step="1"/><G77/><REACH who="3" ten="250,250,250,240" step="2"/><T14/><D72/><U53/><E53/><V67/><F43/><W108/><G108/><T35/><D131/><U50/><E52/><V95/><F67/><W118/><G118/><T37/><D66/><U57/><E62/><V115/><F115/><W30/><G30/><T6/><D130/><U120/><E60/><V112/><F112/><W75/><G75/><T98/><D79/><U20/><E31/><V124/><F124/><W51/><G51/><T109/><D78/><U44/><E50/><V126/><F126/><W69/><G69/><T117/><D109/><U13/><E48/><V113/><F113/><W105/><G105/><T7/><D65/><U132/><E120/><V121/><F121/><W70/><G70/><T19/><D117/><U42/><E132/><V8/><F41/><W39/><G39/><T68/><D68/><U102/><E102/><V55/><F100/><W61/><G61/><T119/><D37/><U3/><E42/><V64/><F64/><W56/><G56/><T36/><D119/><U104/><E57/><RYUUKYOKU ba="0,1" sc="250,-10,250,-10,250,-10,240,30" hai3="2,11,12,15,16,17,18,87,91,93,96,101,107" /><INIT seed="1,1,1,4,3,30" ten="240,240,240,270" oya="1" hai0="69,35,66,126,8,52,5,54,124,80,118,87,17" hai1="72,133,29,90,20,114,94,91,28,74,13,89,38" hai2="51,6,132,112,64,53,14,110,122,98,81,128,127" hai3="103,120,44,130,108,57,48,25,33,78,37,49,100"/><U24/><E114/><V62/><F122/><W1/><G120/><T19/><D118/><U11/><E133/><V65/><F112/><W107/><G1/><T9/><D66/><U92/><E38/><V3/><F3/><W102/><G130/><T27/><D69/><U131/><E131/><V113/><F113/><W46/><G78/><T111/><D87/><U40/><E40/><V26/><F127/><W43/><G108/><T16/><D80/><U93/><REACH who="1" step="1"/><E28/><REACH who="1" ten="240,230,240,270" step="2"/><V63/><F132/><W129/><G129/><T88/><D111/><U50/><E50/><V77/><F110/><W68/><G37/><T117/><D126/><U67/><E67/><V79/><F128/><W71/><G49/><T22/><D124/><U106/><E106/><V125/><F125/><W2/><G107/><T47/><D47/><U4/><AGARI ba="1,2" hai="4,11,13,20,24,29,72,74,89,90,91,92,93,94" machi="4" ten="30,3000,0" yaku="1,1,0,1,53,0" doraHai="30" doraHaiUra="123" who="1" fromWho="1" sc="240,-11,230,53,240,-11,270,-11" /><INIT seed="1,2,0,2,2,132" ten="229,283,229,259" oya="1" hai0="119,13,105,85,103,49,37,112,131,23,114,122,102" hai1="22,33,64,55,54,59,36,8,100,32,81,30,74" hai2="82,52,10,48,86,62,2,12,40,27,60,50,53" hai3="117,107,28,18,123,94,34,11,79,63,72,66,5"/><U68/><E36/><V44/><F27/><W67/><G123/><T77/><D37/><U0/><E100/><V84/><F2/><W89/><G117/><T58/><D119/><U70/><E55/><V47/><F40/><W98/><G18/><T99/><D103/><U16/><E64/><V14/><F10/><W113/><G113/><T90/><D77/><U76/><E30/><V65/><F82/><W115/><G115/><T19/><D122/><U93/><E93/><V101/><F101/><W38/><G38/><T128/><D49/><U45/><E45/><V121/><F121/><W108/><G107/><T43/><D58/><U31/><E31/><V69/><F69/><W1/><G63/><T80/><REACH who="0" step="1"/><D43/><REACH who="0" ten="219,283,229,259" step="2"/><U6/><E68/><V17/><F17/><W111/><G79/><T56/><D56/><U118/><E70/><V127/><REACH who="2" step="1"/><F65/><REACH who="2" ten="219,283,219,259" step="2"/><W75/><G67/><T88/><D88/><U57/><E16/><V96/><F96/><W29/><G66/><T4/><D4/><U125/><E6/><V20/><F20/><W110/><G34/><T133/><D133/><U39/><E22/><V124/><AGARI ba="2,2" hai="12,14,44,47,48,50,52,53,60,62,84,86,124,127" machi="124" ten="25,16000,3" yaku="1,1,0,1,22,2,52,2,54,1,53,2" doraHai="132" doraHaiUra="41" who="2" fromWho="2" sc="219,-42,283,-82,219,186,259,-42" /><INIT seed="2,0,0,4,1,99" ten="177,201,405,217" oya="2" hai0="96,131,125,129,68,79,60,39,16,85,104,37,69" hai1="9,53,107,86,119,112,11,5,94,95,1,45,59" hai2="130,110,117,27,121,28,134,61,90,56,93,101,62" hai3="76,71,82,52,109,77,18,88,31,80,0,2,15"/><V3/><F121/><W123/><G123/><T105/><D79/><U48/><E112/><V30/><F117/><W72/><G71/><N who="0" m="27211" /><D85/><U120/><E120/><V55/><F3/><W97/><G31/><T83/><D60/><U29/><E119/><V43/><F43/><W122/><G122/><T124/><D83/><U46/><E107/><N who="0" m="41033" /><D96/><U102/><E29/><V41/><F41/><W38/><G77/><T70/><D16/><U66/><E11/><V20/><F62/><W108/><G52/><T132/><N who="0" m="27219" /><T22/><DORA hai="42" /><D22/><U57/><E57/><V92/><F30/><W98/><G98/><T103/><D103/><U78/><E102/><V118/><F101/><W113/><G113/><T89/><D89/><U7/><E66/><V127/><F90/><W13/><G13/><T81/><D81/><N who="1" m="47415" /><E1/><V21/><F20/><W65/><G65/><T40/><D132/><U114/><E114/><V116/><F134/><W75/><G76/><T47/><D39/><U54/><E9/><V33/><F21/><W73/><G38/><T14/><D14/><U19/><E19/><V36/><F36/><W67/><G67/><T115/><D115/><U8/><E8/><V106/><F118/><W25/><G25/><T64/><D64/><U24/><E24/><V111/><F116/><W17/><G17/><T63/><D63/><U35/><E54/><V4/><F27/><W23/><G80/><T51/><D51/><U49/><E49/><V74/><F55/><W58/><G58/><T91/><D91/><U26/><E53/><V32/><F56/><W10/><G88/><RYUUKYOKU ba="0,0" sc="177,30,201,-10,405,-10,217,-10" hai0="37,40,47,124,125,129,131" /><INIT seed="3,1,0,1,1,21" ten="207,191,395,207" oya="3" hai0="89,35,17,58,91,0,29,9,66,62,14,2,104" hai1="116,34,124,117,74,48,99,105,84,111,67,86,60" hai2="57,121,41,123,20,54,87,50,81,24,79,30,42" hai3="31,80,97,52,77,102,3,32,12,135,101,126,5"/><W64/><G64/><T68/><D58/><U36/><E36/><V108/><REACH who="2" step="1"/><F108/><REACH who="2" ten="207,191,385,207" step="2"/><W107/><G126/><T18/><D104/><U90/><E105/><V94/><F94/><W131/><G131/><T65/><D65/><U69/><E111/><V1/><F1/><W122/><G3/><T59/><D2/><U113/><E124/><V22/><F22/><W7/><G107/><T8/><D0/><U119/><E67/><V45/><F45/><W23/><G23/><T103/><D68/><U109/><E69/><V26/><F26/><W129/><G129/><T128/><D128/><U134/><E109/><V49/><F49/><W93/><G93/><T78/><D103/><U106/><E48/><V114/><F114/><W132/><G102/><T56/><D59/><U47/><E113/><V92/><F92/><W120/><G101/><T6/><D56/><U130/><E47/><V76/><F76/><W38/><G77/><T55/><D78/><U27/><E27/><V95/><F95/><W37/><G38/><T39/><D66/><U16/><E106/><V83/><F83/><W115/><G80/><T19/><D39/><U40/><E130/><V100/><F100/><W63/><G37/><T13/><D29/><U33/><E117/><V82/><F82/><W118/><G115/><T10/><D35/><U73/><E34/><V110/><F110/><W70/><G32/><T98/><D98/><U125/><E99/><V11/><F11/><W28/><G97/><T75/><D8/><U43/><E33/><V88/><F88/><W127/><G118/><N who="1" m="45098" /><E90/><V4/><F4/><RYUUKYOKU ba="1,1" sc="207,-10,191,-10,385,30,207,-10" hai2="20,24,30,41,42,50,54,57,79,81,87,121,123" /><INIT seed="4,2,1,3,1,60" ten="197,181,415,197" oya="0" hai0="111,45,101,130,12,88,48,61,110,37,7,125,100" hai1="54,16,51,74,128,108,84,33,35,133,135,122,14" hai2="40,75,39,44,17,11,126,131,46,93,124,3,119" hai3="49,27,20,59,22,71,116,50,102,99,13,43,41"/><T31/><D31/><U109/><E74/><V6/><F131/><W90/><G116/><T56/><D130/><U118/><E122/><V15/><F119/><W4/><G71/><T120/><D37/><U67/><E128/><V8/><F46/><W2/><G2/><T107/><D107/><U69/><E84/><V5/><F17/><W64/><G90/><T65/><D120/><U105/><E105/><V42/><F42/><W47/><G43/><T18/><D7/><U80/><E80/><V19/><F19/><W52/><G27/><T34/><D34/><N who="1" m="12811" /><E118/><V36/><F36/><W77/><G77/><T24/><D24/><U114/><E114/><V57/><F93/><W96/><G96/><T58/><D58/><N who="1" m="33119" /><E67/><V1/><F15/><W68/><G4/><T103/><D125/><U26/><E69/><V91/><F91/><W121/><G13/><T66/><D66/><U115/><E26/><V72/><F57/><W106/><REACH who="3" step="1"/><G121/><REACH who="3" ten="197,181,415,187" step="2"/><T76/><D76/><U89/><E89/><V98/><F98/><W21/><G21/><T132/><D88/><U55/><E115/><V83/><F75/><W123/><G123/><T62/><D111/><U25/><E25/><V23/><F23/><W38/><G38/><T86/><D110/><U0/><E0/><V10/><F11/><W73/><G73/><T129/><D12/><U30/><E109/><V53/><F126/><W94/><G94/><T70/><D70/><U79/><E79/><N who="2" m="44519" /><F124/><W9/><G9/><T81/><D129/><U78/><E108/><V28/><F28/><W87/><G87/><T95/><D86/><RYUUKYOKU ba="2,2" sc="197,-15,181,-15,415,15,187,15" hai2="1,3,5,6,8,10,39,40,44,53" hai3="20,22,41,47,49,50,52,59,64,68,99,102,106" /><INIT seed="5,3,2,5,2,70" ten="182,166,430,202" oya="1" hai0="114,28,16,17,43,106,41,112,66,24,109,121,71" hai1="123,94,91,58,0,103,73,107,39,25,117,120,95" hai2="15,40,64,21,48,56,55,51,88,54,35,11,87" hai3="42,81,37,92,9,67,62,4,50,6,135,79,47"/><U31/><E117/><V89/><F35/><W110/><G110/><T108/><D106/><U98/><E95/><V77/><F64/><W128/><G128/><T30/><D71/><U126/><E0/><V78/><F21/><W82/><G135/><T29/><D66/><U46/><E126/><V85/><F40/><N who="0" m="15434" /><D24/><U86/><E46/><N who="2" m="27927" /><F87/><W115/><G115/><N who="0" m="44075" /><D121/><U83/><E58/><V13/><F89/><W90/><G4/><T5/><D5/><U127/><E39/><V105/><F105/><W60/><G67/><T100/><D100/><U38/><E38/><V49/><F51/><W12/><G81/><T116/><D116/><U61/><E61/><V76/><F11/><W33/><G33/><T32/><D32/><N who="1" m="20591" /><E127/><V129/><F129/><W63/><G37/><T69/><D69/><U130/><E130/><V8/><F8/><W27/><G27/><T68/><D68/><U14/><E14/><V19/><F19/><AGARI ba="3,2" hai="16,17,19,28,29,30,108,109" m="44075,15434" machi="19" ten="40,8000,1" yaku="28,2,15,1,54,1" doraHai="70" who="0" fromWho="2" sc="182,109,166,0,430,-89,202,0" /><INIT seed="6,0,0,3,1,86" ten="291,166,341,202" oya="2" hai0="25,61,39,56,96,37,82,26,78,36,121,98,114" hai1="0,11,117,22,134,70,32,97,21,89,119,19,132" hai2="69,52,107,51,76,112,13,81,94,130,43,75,120" hai3="12,72,93,57,49,9,64,110,118,131,101,66,122"/><V18/><F107/><W42/><G110/><T99/><D121/><U127/><E70/><V108/><F69/><W50/><G122/><T79/><D114/><U3/><E97/><V88/><F120/><W129/><G72/><T126/><D126/><U20/><E89/><V91/><F112/><W2/><G2/><N who="1" m="554" /><E32/><V35/><F35/><W54/><G118/><N who="1" m="45066" /><E127/><V100/><F130/><N who="3" m="49675" /><G101/><T55/><REACH who="0" step="1"/><D82/><REACH who="0" ten="281,166,341,202" step="2"/><U38/><E38/><V77/><F108/><W46/><G93/><T65/><D65/><U92/><E92/><V45/><F77/><AGARI ba="0,1" hai="25,26,36,37,39,55,56,61,77,78,79,96,98,99" machi="77" ten="50,1600,0" yaku="1,1,53,0" doraHai="86" doraHaiUra="16" who="0" fromWho="2" sc="281,26,166,0,341,-16,202,0" /><INIT seed="7,0,0,3,1,93" ten="307,166,325,202" oya="3" hai0="73,40,20,29,58,77,95,98,86,6,9,51,52" hai1="36,129,61,43,80,47,37,45,76,134,63,41,100" hai2="85,12,28,18,30,102,7,68,96,90,31,103,75" hai3="25,14,67,72,13,114,26,120,92,97,10,27,78"/><W48/><G120/><T133/><D133/><U50/><E134/><V84/><F75/><W99/><G114/><T5/><D73/><U131/><E100/><N who="2" m="38443" /><F68/><W105/><G105/><T24/><D40/><U89/><E89/><V115/><F115/><W8/><G72/><T11/><D11/><N who="3" m="4137" /><G92/><T19/><D19/><U33/><E33/><V17/><F7/><W83/><G67/><T15/><D6/><U74/><REACH who="1" step="1"/><E50/><REACH who="1" ten="307,156,325,202" step="2"/><V16/><F12/><N who="3" m="4715" /><G48/><T122/><D122/><U32/><E32/><V39/><F39/><W70/><G70/><T60/><D51/><U87/><E87/><V44/><F44/><W54/><G54/><T38/><D38/><U107/><E107/><V124/><F124/><W46/><G46/><T109/><D86/><N who="2" m="33386" /><F90/><W121/><G121/><T82/><D82/><U53/><E53/><V2/><F2/><W119/><G83/><T135/><D135/><U65/><E65/><V59/><F59/><W57/><G57/><T79/><D109/><U130/><AGARI ba="0,1" hai="36,37,41,43,45,47,61,63,74,76,80,129,130,131" machi="130" ten="30,7900,0" yaku="1,1,0,1,9,1,19,1,53,0" doraHai="93" doraHaiUra="118" who="1" fromWho="1" sc="307,-20,156,89,325,-20,202,-39" owari="287,8.7,245,-15.5,305,40.5,163,-33.7" /></mjloggm>