<mjloggm ver="2.3"><GO type="169" lobby="0"/><UN n0="%E3%82%88%E3%81%86%E3%81%B8%E3%83%BC%58" n1="%E3%81%BA%E3%82%8D%E3%81%BA%E3%82%8D%E3%81%8D%E3%82%93" n2="%E3%81%9F%E3%81%8B%E3%81%AF%E3%81%97%E3%81%83%E3%81%83%E3%81%83" n3="%E3%83%94%E3%82%AC%E3%82%B7" dan="16,16,16,17" rate="2133.84,2125.09,2112.04,2202.98" sx="M,M,M,M"/><TAIKYOKU oya="0"/><INIT seed="0,0,0,5,2,120" ten="250,250,250,250" oya="0" hai0="6,39,12,102,1,97,14,56,41,92,37,123,7" hai1="91,81,116,50,80,43,71,122,115,59,36,48,29" hai2="126,19,54,90,52,96,70,73,10,107,23,108,93" hai3="110,11,25,46,61,16,114,87,72,21,111,17,5"/><T69/><D69/><U2/><E122/><V89/><F126/><W31/><G72/><T128/><D123/><U8/><E71/><V94/><F107/><W57/><G114/><T95/><D128/><U75/><E116/><V83/><F70/><W53/><G87/><T33/><D33/><U79/><E115/><V132/><F132/><W129/><G129/><T63/><D1/><U78/><E91/><V4/><F108/><N who="3" m="41515" /><G46/><T67/><D41/><U88/><E59/><V47/><F47/><W28/><G28/><T64/><D64/><U109/><E29/><V15/><F83/><W35/><G35/><T42/><D42/><U103/><E103/><V104/><F104/><W125/><G125/><T55/><D67/><U18/><E109/><V51/><F73/><W32/><G32/><T62/><D62/><U112/><E112/><V66/><F66/><W27/><G25/><T117/><D117/><U30/><E30/><V84/><REACH who="2" step="1"/><F51/><REACH who="2" ten="250,250,240,250" step="2"/><W24/><G24/><AGARI ba="0,1" hai="4,10,15,19,23,24,52,54,84,89,90,93,94,96" machi="24" ten="30,8000,1" yaku="1,1,2,1,7,1,8,1,54,1,53,0" doraHai="120" doraHaiUra="124" who="2" fromWho="3" sc="250,0,250,0,240,90,250,-80" /><INIT seed="1,0,0,4,5,30" ten="250,250,330,170" oya="1" hai0="5,103,98,118,81,52,7,121,112,14,53,135,69" hai1="89,107,94,134,72,58,31,109,29,61,2,124,34" hai2="116,10,77,64,104,42,37,100,73,75,111,4,91" hai3="59,131,66,68,47,95,102,48,8,32,108,125,12"/><U57/><E107/><V18/><F116/><W83/><G108/><T28/><D69/><U130/><E72/><V3/><F111/><W127/><G131/><T87/><D118/><U90/><E109/><V86/><F64/><W13/><G68/><T128/><D112/><U88/><E130/><V62/><F62/><W85/><G32/><T50/><D128/><U60/><E2/><V133/><F133/><W11/><G125/><T122/><D135/><U40/><E40/><V55/><F55/><N who="0" m="21066" /><D50/><U39/><E134/><V24/><F100/><W92/><G127/><T132/><D14/><U19/><E124/><V26/><F104/><W101/><G59/><N who="1" m="22538" /><E34/><V46/><F18/><W9/><G66/><T1/><D1/><U16/><E39/><V115/><F115/><W41/><G101/><T67/><D67/><U123/><E94/><N who="3" m="35882" /><G102/><T35/><D132/><U74/><E74/><V63/><F75/><W65/><G65/><T97/><D103/><U27/><E123/><N who="0" m="47113" /><D98/><U49/><E49/><V79/><F63/><N who="1" m="24137" /><E27/><V21/><F26/><W6/><G13/><T51/><D51/><U54/><E54/><V36/><F36/><W80/><G80/><T15/><D15/><U105/><E105/><V82/><F73/><W17/><G17/><AGARI ba="0,0" hai="16,17,19,29,31,88,89,90" m="24137,22538" machi="17" ten="30,12000,1" yaku="28,2,8,1,54,2" doraHai="30" who="1" fromWho="3" sc="250,0,250,120,330,0,170,-120" /><INIT seed="1,1,0,2,0,80" ten="250,370,330,50" oya="1" hai0="134,123,58,130,128,74,46,22,40,79,47,125,13" hai1="19,97,122,15,37,32,133,16,2,103,90,84,50" hai2="23,119,105,89,129,39,135,121,60,24,57,36,77" hai3="131,41,73,120,11,96,88,44,63,29,69,106,87"/><U114/><E122/><V112/><F119/><W109/><G120/><T82/><D123/><U21/><E114/><V65/><F121/><W56/><G73/><T110/><D110/><U81/><E37/><V4/><F129/><N who="0" m="49770" /><D134/><U12/><E2/><V55/><F135/><W104/><G131/><T68/><D68/><U20/><E133/><V6/><F105/><W18/><G69/><T51/><D125/><U111/><E111/><V9/><F4/><W48/><G109/><T54/><D40/><U0/><E0/><V71/><F77/><W86/><G29/><T132/><D132/><U62/><E32/><V115/><F89/><W117/><G117/><T66/><D66/><U28/><E28/><N who="2" m="17439" /><F65/><N who="3" m="39143" /><G106/><T78/><D78/><U85/><E62/><V94/><F94/><N who="3" m="56391" /><G104/><T92/><D92/><N who="1" m="58791" /><E50/><V70/><F70/><W83/><G83/><T126/><D126/><U1/><E1/><N who="2" m="207" /><F71/><W35/><G35/><T76/><D76/><U38/><E38/><V53/><F36/><W102/><G102/><T3/><D3/><U124/><E124/><V59/><F39/><W17/><G17/><AGARI ba="1,0" hai="13,17,22,46,47,51,54,58,74,79,82" m="49770" machi="17" ten="30,1000,0" yaku="19,1" doraHai="80" who="0" fromWho="3" sc="250,13,370,0,330,0,50,-13" /><INIT seed="2,0,0,2,0,85" ten="263,370,330,37" oya="2" hai0="52,72,62,58,74,41,63,99,75,123,65,54,93" hai1="59,2,108,7,1,33,112,4,39,100,50,42,77" hai2="21,121,102,131,55,126,61,89,88,111,13,106,128" hai3="87,35,86,135,44,69,118,46,27,56,49,96,134"/><V66/><F121/><W97/><G69/><T120/><D41/><U90/><E112/><V104/><F126/><W83/><G118/><T116/><D116/><U19/><E33/><V51/><F111/><W76/><G56/><T47/><D54/><U64/><E100/><V45/><F13/><W129/><G129/><N who="2" m="49737" /><F21/><W60/><G60/><T70/><REACH who="0" step="1"/><D47/><REACH who="0" ten="253,370,330,37" step="2"/><U26/><E42/><V119/><F119/><W24/><G46/><T10/><D10/><U34/><E108/><V37/><F37/><W78/><G35/><T105/><D105/><N who="2" m="40554" /><F102/><AGARI ba="0,1" hai="52,58,62,63,65,70,72,74,75,93,99,102,120,123" machi="102" ten="40,2600,0" yaku="1,1,54,1,53,0" doraHai="85" doraHaiUra="109" who="0" fromWho="2" sc="253,36,370,0,330,-26,37,0" /><INIT seed="3,0,0,1,1,89" ten="289,370,304,37" oya="3" hai0="82,130,112,91,105,37,25,84,87,47,33,10,14" hai1="60,8,49,119,114,0,107,78,26,13,103,125,111" hai2="131,121,51,101,43,93,86,12,66,115,102,118,96" hai3="32,30,56,54,97,17,29,74,21,28,100,45,2"/><W44/><G74/><T69/><D69/><U46/><E114/><V38/><F115/><W80/><G2/><T58/><D105/><U16/><E111/><V109/><F109/><W95/><G32/><T98/><D112/><U134/><E134/><V83/><F118/><W24/><REACH who="3" step="1"/><G80/><REACH who="3" ten="289,370,304,27" step="2"/><N who="0" m="49543" /><D33/><U127/><E0/><V63/><F83/><W72/><G72/><T3/><D3/><U31/><E119/><V70/><F121/><W81/><G81/><T124/><D82/><U65/><E78/><V50/><F131/><W48/><AGARI ba="0,1" hai="17,21,24,28,29,30,44,45,48,54,56,95,97,100" machi="48" ten="30,18000,2" yaku="1,1,0,1,8,1,52,1,53,2" doraHai="89" doraHaiUra="42" who="3" fromWho="3" sc="289,-60,370,-60,304,-60,27,190" /><INIT seed="3,1,0,3,4,75" ten="229,310,244,217" oya="3" hai0="57,107,70,71,26,115,13,133,86,58,61,80,44" hai1="5,72,98,91,35,101,130,53,7,132,66,106,9" hai2="48,40,121,97,123,103,99,17,84,51,33,96,45" hai3="81,39,92,63,47,11,135,89,78,54,49,25,118"/><W125/><G118/><T10/><D107/><U8/><E130/><V82/><F33/><W60/><G125/><T31/><D133/><U50/><E132/><V120/><F17/><W102/><G135/><T64/><D115/><U111/><E111/><V34/><F34/><W77/><G39/><T14/><D44/><U95/><E35/><V19/><F19/><W108/><G108/><T134/><D134/><U116/><E66/><V93/><REACH who="2" step="1"/><F48/><REACH who="2" ten="229,310,234,217" step="2"/><W37/><G37/><T119/><D119/><U15/><E116/><V3/><F3/><W110/><G110/><T128/><D128/><U88/><E106/><V114/><F114/><W23/><G11/><T85/><D10/><U30/><E30/><V28/><F28/><N who="3" m="17471" /><G63/><T42/><D61/><U69/><E8/><V56/><F56/><N who="3" m="34839" /><G102/><T104/><D31/><U22/><E7/><V12/><F12/><W127/><G127/><T24/><D70/><U62/><E62/><V65/><F65/><W74/><G74/><T112/><D71/><U21/><E69/><V76/><AGARI ba="1,1" hai="40,45,51,76,82,84,93,96,97,99,103,120,121,123" machi="76" ten="30,7900,0" yaku="1,1,0,1,13,1,52,1,53,0" doraHai="75" doraHaiUra="109" who="2" fromWho="2" sc="229,-21,310,-21,234,92,217,-40" /><INIT seed="4,0,0,5,3,20" ten="208,289,326,177" oya="0" hai0="16,131,35,117,33,63,18,8,24,109,111,52,29" hai1="130,127,64,74,50,32,57,83,97,42,21,98,103" hai2="4,89,120,77,76,36,88,26,62,3,73,65,41" hai3="104,122,27,100,66,112,6,124,9,11,82,12,90"/><T96/><D117/><U34/><E130/><V128/><F120/><W115/><G122/><T59/><D131/><U68/><E127/><V132/><F132/><W46/><G124/><T75/><D75/><U37/><E68/><V91/><F128/><W15/><G66/><T25/><D96/><U48/><E37/><V135/><F135/><W67/><G67/><T81/><D81/><U99/><E103/><V85/><F73/><W54/><G104/><T53/><D8/><U1/><E1/><V93/><F4/><W38/><G100/><T40/><D40/><U121/><E121/><V60/><F60/><W118/><G118/><T110/><D53/><U78/><E64/><V44/><F3/><W126/><G126/><T2/><D2/><U116/><E116/><V134/><F134/><W107/><G107/><T43/><D43/><U5/><E5/><V94/><F26/><N who="0" m="10346" /><D29/><U23/><E42/><V14/><F14/><W129/><G129/><T58/><D58/><U86/><E74/><V102/><F102/><W17/><G27/><T47/><D47/><U113/><E32/><AGARI ba="0,0" hai="16,18,32,33,35,52,59,63,109,110,111" m="10346" machi="32" ten="40,18000,2" yaku="10,1,52,3,54,2" doraHai="20" who="0" fromWho="1" sc="208,180,289,-180,326,0,177,0" /><INIT seed="4,1,0,3,3,49" ten="388,109,326,177" oya="0" hai0="73,112,78,40,100,59,14,82,7,38,65,76,126" hai1="118,6,16,75,25,43,98,85,58,72,127,32,128" hai2="62,61,119,95,79,34,66,46,70,101,107,93,111" hai3="69,103,109,116,102,37,115,19,105,63,132,44,17"/><T10/><D78/><U21/><E118/><V12/><F111/><W113/><G109/><T74/><D100/><N who="3" m="38441" /><G105/><T114/><D126/><U86/><E98/><V8/><F119/><W30/><G30/><T130/><D130/><U87/><E127/><V13/><F13/><W26/><G26/><T108/><D108/><U117/><E117/><V64/><F34/><W68/><G116/><T20/><D20/><U133/><E128/><V53/><F79/><W28/><G28/><T135/><D135/><U11/><E133/><V83/><F83/><W56/><G44/><N who="0" m="23575" /><D65/><U99/><E99/><V88/><F101/><W71/><G37/><T50/><D59/><U23/><E32/><V48/><F88/><W134/><G134/><T4/><D50/><U0/><E43/><V121/><F107/><W90/><G90/><T29/><D29/><U22/><E72/><V52/><F53/><N who="3" m="34191" /><G132/><T96/><D96/><U5/><E75/><V106/><F106/><W57/><G57/><T42/><D74/><U39/><E39/><V9/><F121/><W92/><G92/><T67/><D67/><U1/><REACH who="1" step="1"/><E58/><REACH who="1" ten="388,99,326,177" step="2"/><V84/><F66/><W124/><G124/><T51/><D42/><U77/><E77/><V91/><F62/><W35/><G35/><T47/><D51/><U104/><E104/><V55/><F64/><W27/><G71/><T120/><D120/><U41/><E41/><V125/><F61/><W81/><G69/><T97/><D97/><U24/><E24/><V80/><F70/><W122/><G68/><T129/><D129/><U60/><E60/><V18/><F125/><RYUUKYOKU ba="1,1" sc="388,-10,99,30,326,-10,177,-10" hai1="0,1,5,6,11,16,21,22,23,25,85,86,87" /><INIT seed="5,2,1,5,2,116" ten="378,129,316,167" oya="1" hai0="84,83,117,44,127,1,95,55,34,86,61,13,11" hai1="133,48,52,51,56,6,101,42,71,97,3,106,49" hai2="5,39,77,9,60,109,68,132,131,114,17,76,82" hai3="135,100,54,37,79,113,47,93,66,75,130,0,81"/><U10/><E133/><V57/><F109/><W23/><G135/><T29/><D1/><U80/><E71/><V118/><F118/><W123/><G123/><T119/><D34/><U115/><E115/><V124/><F132/><W26/><G130/><T38/><D29/><U125/><E125/><V89/><F39/><W19/><G0/><T90/><D127/><U40/><REACH who="1" step="1"/><E80/><REACH who="1" ten="378,119,316,167" step="2"/><V103/><F68/><W111/><G113/><T85/><D119/><U128/><E128/><V2/><F82/><W65/><G111/><T64/><D117/><U102/><E102/><V74/><F103/><W70/><G70/><T14/><D83/><U69/><E69/><V126/><F131/><W22/><G100/><T94/><D94/><U32/><E32/><V58/><F114/><W121/><G93/><T16/><D95/><U50/><AGARI ba="2,2" hai="3,6,10,40,42,48,49,50,51,52,56,97,101,106" machi="50" ten="30,11700,0" yaku="1,1,0,1,54,1,53,1" doraHai="116" doraHaiUra="99" who="1" fromWho="1" sc="378,-41,119,143,316,-41,167,-41" /><INIT seed="5,3,0,0,1,42" ten="337,262,275,126" oya="1" hai0="54,72,95,37,110,18,115,15,98,124,23,55,47" hai1="119,2,96,53,49,35,106,92,133,11,121,1,109" hai2="89,94,24,20,111,129,118,7,99,97,62,34,68" hai3="4,6,116,83,105,9,21,46,120,93,87,26,31"/><U114/><E119/><V59/><F118/><W123/><G105/><T77/><D110/><U41/><E121/><V48/><F111/><W65/><G116/><T126/><D115/><U32/><E109/><V10/><F34/><W51/><G65/><T5/><D5/><U112/><E106/><V67/><F129/><W30/><G93/><T84/><D84/><U44/><E133/><V88/><F48/><W0/><G6/><T52/><D77/><U127/><E127/><N who="0" m="48681" /><D72/><U91/><E11/><V131/><F131/><W57/><G57/><T71/><D71/><U122/><E122/><V79/><F79/><W60/><G60/><T38/><D47/><U56/><E35/><V64/><F64/><W39/><G39/><T63/><D63/><U85/><E32/><V81/><F81/><W45/><G45/><T128/><D128/><U82/><E114/><V78/><F78/><W100/><G100/><AGARI ba="3,0" hai="15,18,23,37,38,52,54,55,95,98,100" m="48681" machi="100" ten="30,2000,0" yaku="18,1,54,1" doraHai="42" who="0" fromWho="3" sc="337,29,262,0,275,0,126,-29" /><INIT seed="6,0,0,5,4,66" ten="366,262,275,97" oya="2" hai0="52,130,67,104,112,76,105,18,10,110,54,96,11" hai1="19,32,62,102,81,28,86,85,87,124,59,4,97" hai2="123,51,63,37,115,56,127,35,60,88,29,12,108" hai3="31,26,117,41,118,131,129,69,106,14,98,5,116"/><V36/><F123/><W134/><G41/><T119/><D110/><U71/><E124/><V48/><F108/><W30/><G106/><N who="0" m="41067" /><D76/><U103/><E4/><V78/><F127/><W7/><G98/><T120/><D120/><U27/><E19/><V9/><F115/><W0/><G134/><T65/><D96/><U113/><E113/><V55/><F78/><W40/><G40/><T58/><D18/><U77/><E59/><V64/><F48/><W90/><G90/><T70/><D58/><U49/><E49/><V47/><F29/><W33/><G69/><T82/><D82/><U61/><E61/><V125/><F35/><W91/><G91/><T38/><D38/><U92/><REACH who="1" step="1"/><E102/><REACH who="1" ten="366,252,275,97" step="2"/><V128/><F125/><W39/><G39/><T73/><D112/><U122/><E122/><V57/><F128/><W53/><G53/><T89/><D52/><U72/><E72/><V6/><F88/><W21/><G21/><T79/><D89/><U101/><E101/><V83/><F83/><W2/><G2/><T50/><D54/><AGARI ba="0,1" hai="6,9,12,36,37,47,51,54,55,56,57,60,63,64" machi="54" ten="30,1500,0" yaku="7,1" doraHai="66" who="2" fromWho="0" sc="366,-15,252,0,275,25,97,0" /><INIT seed="6,1,0,2,1,131" ten="351,252,300,97" oya="2" hai0="121,37,97,128,102,33,72,4,89,106,124,40,7" hai1="78,92,111,51,79,41,5,20,87,49,65,75,91" hai2="129,60,112,61,94,28,21,18,53,38,10,118,2" hai3="81,36,69,105,3,42,0,13,44,62,32,34,113"/><V95/><F118/><W122/><G122/><T107/><D121/><U101/><E111/><V24/><F112/><W16/><G16/><T55/><D107/><U8/><E65/><V54/><F38/><W9/><G9/><T56/><D33/><U1/><E101/><V103/><F129/><W88/><G88/><T125/><D72/><U108/><E108/><V135/><F135/><W114/><G114/><T132/><D132/><U48/><E41/><V70/><F70/><W68/><G68/><T126/><D89/><U11/><E75/><V14/><BYE who="3" /><F2/><W12/><G12/><T74/><D74/><U90/><E11/><V116/><F116/><W57/><G57/><T45/><D128/><U66/><E66/><V23/><F10/><W63/><G63/><AGARI ba="1,0" hai="4,7,37,40,45,55,56,63,97,102,106,124,125,126" machi="63" ten="40,1300,0" yaku="18,1" doraHai="131" who="0" fromWho="3" sc="351,16,252,0,300,0,97,-16" /><INIT seed="7,0,0,0,2,56" ten="367,252,300,81" oya="3" hai0="79,28,54,70,80,20,48,135,109,96,67,71,95" hai1="74,121,7,45,78,129,73,93,104,61,46,27,35" hai2="60,4,98,87,29,116,72,64,51,103,76,128,5" hai3="102,125,25,49,86,91,123,59,108,53,115,119,117"/><W14/><G14/><T2/><D109/><U133/><E121/><V122/><F116/><W101/><G101/><T65/><D2/><U114/><E104/><V99/><F122/><W41/><G41/><T12/><D135/><U30/><E114/><V134/><F134/><W37/><G37/><T23/><D71/><U62/><E133/><V130/><F72/><W84/><G84/><N who="0" m="48159" /><D70/><U126/><E126/><V15/><F29/><W42/><G42/><T107/><D107/><U31/><E129/><V50/><F87/><W68/><G68/><T77/><D77/><U89/><E7/><V40/><F76/><W10/><G10/><T32/><D32/><U69/><E69/><V88/><F103/><W82/><G82/><T9/><D28/><N who="1" m="10795" /><E27/><V118/><F118/><W92/><G92/><T38/><D38/><U124/><E35/><V17/><F128/><W24/><G24/><T39/><D39/><U131/><E124/><V6/><F130/><W90/><G90/><N who="0" m="55415" /><D23/><U21/><E131/><V112/><F112/><W44/><G44/><N who="1" m="17002" /><E21/><N who="2" m="11455" /><F40/><W33/><G33/><T11/><D20/><U111/><E111/><V13/><F13/><W110/><G110/><T3/><D3/><U85/><E74/><V22/><F22/><W0/><G0/><T127/><D127/><U106/><E106/><V58/><F99/><W36/><G36/><T52/><D12/><U100/><E73/><V105/><F105/><W18/><G18/><T97/><D97/><N who="1" m="59439" /><E78/><V26/><F26/><W1/><G1/><T43/><D9/><U34/><E34/><V75/><F75/><W8/><G8/><RYUUKYOKU ba="0,0" sc="367,-15,252,15,300,15,81,-15" hai1="61,62,85,89" hai2="4,5,6,50,51,58,60,64,88,98" owari="352,45.2,267,-13.3,315,11.5,66,-43.4" /></mjloggm>