<mjloggm ver="2.3"><GO type="169" lobby="0"/><UN n0="%6D%69%6E%65%72%61%6C%32" n1="%69%54%65%6E%68%6F%75" n2="%67%2D%65%6E%6B%69" n3="%E5%9D%8A%E3%82%84%E3%81%A1%E3%81%A4" dan="17,16,16,16" rate="2169.94,2088.91,2096.59,2043.22" sx="M,M,M,M"/><TAIKYOKU oya="0"/><INIT seed="0,0,0,2,4,45" ten="250,250,250,250" oya="0" hai0="86,43,67,50,108,31,25,116,41,91,24,71,34" hai1="123,133,23,4,113,135,82,101,12,99,0,95,36" hai2="26,70,32,19,40,92,28,88,74,58,104,52,131" hai3="60,66,59,63,29,27,65,48,44,81,57,51,117"/><T55/><D116/><U49/><E123/><V122/><F122/><W107/><G107/><T15/><D71/><U130/><E36/><V80/><F104/><W124/><G124/><T3/><D3/><U109/><E109/><V10/><F40/><W78/><G44/><T14/><D67/><U56/><E130/><V85/><F70/><W96/><G96/><T30/><D108/><U73/><E113/><V38/><F131/><W33/><REACH who="3" step="1"/><G117/><REACH who="3" ten="250,250,250,240" step="2"/><T83/><D41/><U119/><E119/><V17/><F38/><W13/><G13/><T87/><D43/><U61/><E0/><V62/><F10/><W42/><G42/><T90/><D25/><U54/><E12/><V77/><AGARI ba="0,1" hai="17,19,26,28,32,52,58,62,74,77,80,85,88,92" machi="77" ten="30,4000,0" yaku="0,1,54,2" doraHai="45" who="2" fromWho="2" sc="250,-20,250,-10,250,50,240,-10" /><INIT seed="1,0,0,5,3,15" ten="230,240,300,230" oya="1" hai0="109,92,31,28,134,111,71,114,131,118,65,77,50" hai1="78,10,66,59,103,64,98,19,95,25,110,4,54" hai2="81,60,58,7,52,42,69,99,3,120,33,49,90" hai3="76,73,39,12,16,93,72,55,13,83,61,21,63"/><U38/><E38/><V1/><F120/><W85/><G39/><T74/><D114/><U22/><E110/><V108/><F33/><W9/><G55/><T135/><D118/><U101/><E103/><V53/><F42/><W126/><G126/><T0/><D0/><U82/><E82/><V14/><F108/><N who="0" m="41546" /><D92/><U91/><E78/><V121/><F121/><W18/><REACH who="3" step="1"/><G93/><REACH who="3" ten="230,240,300,220" step="2"/><T17/><D135/><U94/><E95/><V102/><F53/><W34/><G34/><T116/><D134/><U80/><E80/><V106/><F81/><W27/><G27/><T119/><D119/><U56/><E101/><V44/><F90/><W24/><G24/><T48/><D116/><U113/><E113/><V129/><F129/><W51/><G51/><T87/><D48/><U122/><E122/><V20/><F106/><W35/><G35/><T37/><D50/><U125/><E125/><V84/><F49/><W97/><G97/><T115/><D37/><U67/><REACH who="1" step="1"/><E54/><REACH who="1" ten="230,230,300,220" step="2"/><V46/><F52/><W29/><G29/><T6/><D115/><U45/><E45/><V130/><F46/><W96/><G96/><T104/><D31/><U128/><E128/><V124/><F44/><W41/><G41/><T43/><D28/><U133/><E133/><V40/><F40/><W32/><G32/><T127/><D127/><U2/><AGARI ba="0,2" hai="2,4,10,19,22,25,56,59,64,66,67,91,94,98" machi="2" ten="30,11700,0" yaku="1,1,0,1,52,1,53,1" doraHai="15" doraHaiUra="23" who="1" fromWho="1" sc="230,-39,230,137,300,-39,220,-39" /><INIT seed="1,1,0,4,2,23" ten="191,367,261,181" oya="1" hai0="2,19,82,58,8,106,108,7,35,107,53,18,26" hai1="41,60,118,30,127,97,134,1,56,4,132,122,44" hai2="111,135,34,67,133,98,3,57,119,77,103,123,43" hai3="14,29,117,110,96,24,126,99,74,89,10,92,37"/><U104/><E122/><V22/><F123/><W45/><G110/><T101/><D108/><U25/><E118/><V95/><F111/><W0/><G0/><T13/><D101/><U80/><E80/><V59/><F34/><W71/><G71/><T128/><D128/><U76/><E76/><V112/><F119/><W125/><G117/><T68/><D68/><U100/><E127/><N who="3" m="48650" /><G74/><T5/><D82/><U33/><E4/><V120/><F120/><W91/><G45/><T49/><D7/><U54/><REACH who="1" step="1"/><E1/><REACH who="1" ten="191,357,261,181" step="2"/><V121/><F3/><W62/><G37/><AGARI ba="1,1" hai="25,30,33,37,41,44,54,56,60,97,100,104,132,134" machi="37" ten="40,12000,1" yaku="1,1,2,1,52,1,53,1" doraHai="23" doraHaiUra="52" who="1" fromWho="3" sc="191,0,357,133,261,0,181,-123" /><INIT seed="1,2,0,0,5,127" ten="191,490,261,58" oya="1" hai0="0,81,57,133,82,23,19,72,21,16,75,15,80" hai1="48,62,121,41,101,129,113,4,29,38,79,128,126" hai2="74,65,117,120,96,95,67,24,35,76,33,2,27" hai3="86,123,31,116,130,3,39,52,135,122,73,83,91"/><U70/><E121/><V20/><F120/><W58/><G39/><T94/><D133/><U125/><E113/><V89/><F117/><W5/><G135/><T6/><D94/><U88/><E79/><V34/><F2/><W103/><G103/><T78/><D72/><U61/><E101/><V43/><F43/><W77/><G116/><T64/><D6/><U87/><E29/><V98/><F76/><W7/><G31/><T51/><D0/><U46/><E4/><V105/><F74/><W9/><G7/><T11/><D11/><U92/><E38/><V115/><F115/><W93/><REACH who="3" step="1"/><G130/><REACH who="3" ten="191,490,261,48" step="2"/><N who="1" m="50282" /><E70/><V50/><F35/><W22/><G22/><T84/><D75/><U114/><E114/><V44/><F20/><W30/><G30/><T25/><D21/><U32/><E32/><V49/><F33/><W47/><G47/><T37/><D37/><U10/><E10/><V97/><F44/><W18/><G18/><T63/><D19/><U110/><E110/><V106/><F34/><W54/><G54/><N who="0" m="31967" /><D25/><U68/><E68/><V104/><F27/><W107/><G107/><T119/><D119/><U100/><E100/><V132/><F24/><W124/><G124/><AGARI ba="2,1" hai="41,46,48,61,62,87,88,92,124,125,126" m="50282" machi="124" ten="30,18000,2" yaku="18,1,19,1,52,3,54,1" doraHai="127" who="1" fromWho="3" sc="191,0,490,196,261,0,48,-186" owari="191,-20.9,686,78.6,261,6.1,-138,-63.8" /></mjloggm>