<mjloggm ver="2.3"><GO type="169" lobby="0"/><UN n0="%66%61%74%65%34%32%39%38" n1="%E8%A6%9A%E9%86%92%E3%81%97%E3%81%9F%E3%81%A8%E3%81%BE%E3%81%A8" n2="%E3%83%95%E3%82%AF%E3%83%80%E3%83%B3%E3%83%81%E3%83%A7" n3="%E3%83%AC%E3%82%AA%E3%83%B3%E3%83%8F%E3%83%AB%E3%83%88" dan="16,17,16,17" rate="2041.03,2235.29,2132.89,2159.87" sx="M,M,M,M"/><TAIKYOKU oya="0"/><INIT seed="0,0,0,3,1,110" ten="250,250,250,250" oya="0" hai0="133,19,61,36,101,104,73,123,80,117,122,132,115" hai1="100,38,10,11,43,21,13,1,6,39,27,46,128" hai2="17,34,55,66,28,44,102,48,88,113,75,129,14" hai3="109,82,107,114,98,94,30,56,32,69,60,68,16"/><T42/><D117/><U89/><E128/><V103/><F129/><W124/><G109/><T116/><D116/><U108/><E108/><V125/><F125/><W51/><G124/><T81/><D36/><U119/><E119/><V126/><F75/><W53/><G114/><T57/><D42/><U62/><E100/><V58/><F113/><W78/><G107/><T86/><D115/><U91/><E39/><V24/><F126/><W65/><G30/><T18/><D73/><U0/><E62/><V111/><F111/><W54/><G32/><T37/><D37/><U12/><E1/><V20/><F66/><W121/><G16/><N who="0" m="6187" /><D81/><U134/><E134/><N who="0" m="51817" /><D101/><U118/><E118/><V35/><F35/><W87/><G121/><T67/><D104/><U95/><E10/><V106/><F106/><W41/><G41/><T105/><D105/><U72/><E72/><V49/><F88/><AGARI ba="0,0" hai="57,61,67,80,86,88,122,123" m="51817,6187" machi="88" ten="30,5800,0" yaku="20,1,54,2" doraHai="110" who="0" fromWho="2" sc="250,58,250,0,250,-58,250,0" /><INIT seed="0,1,0,5,0,81" ten="308,250,192,250" oya="0" hai0="51,37,23,79,105,35,85,80,49,94,93,27,102" hai1="25,68,26,52,57,36,9,34,45,124,108,63,113" hai2="75,83,126,86,92,119,59,31,135,62,82,90,120" hai3="0,55,17,134,32,64,98,127,7,67,77,132,100"/><T107/><D37/><U101/><E108/><V15/><F119/><W29/><G127/><T6/><D35/><U123/><E123/><V96/><F120/><W97/><G77/><T133/><D133/><N who="3" m="51305" /><G17/><T12/><D107/><U73/><E124/><V116/><F135/><W41/><G41/><T70/><D70/><U71/><E73/><V42/><F116/><W91/><G55/><T14/><D105/><U76/><E76/><V121/><F121/><W5/><G91/><T84/><D94/><U66/><E113/><V54/><F42/><W30/><G0/><T103/><D103/><U39/><E101/><V48/><F31/><N who="3" m="11787" /><G32/><T53/><D6/><N who="3" m="2057" /><G100/><T109/><D109/><U21/><E34/><V95/><F126/><W112/><G112/><T40/><D40/><U69/><E9/><V65/><F75/><W4/><N who="3" m="2065" /><W115/><DORA hai="47" /><G115/><T114/><D114/><U110/><E110/><V60/><F15/><N who="0" m="5674" /><D53/><U18/><REACH who="1" step="1"/><E26/><REACH who="1" ten="308,240,192,250" step="2"/><V74/><F74/><W122/><G122/><T99/><D85/><U19/><E19/><AGARI ba="1,1" hai="19,23,27,49,51,79,80,84,93,99,102" m="5674" machi="19" ten="30,11600,0" yaku="8,1,52,3" doraHai="81,47" who="0" fromWho="1" sc="308,129,240,-119,192,0,250,0" /><INIT seed="0,2,0,2,3,60" ten="437,121,192,250" oya="0" hai0="4,108,54,63,93,9,99,58,134,133,94,6,113" hai1="101,89,34,118,103,107,61,128,104,106,109,45,13" hai2="23,41,7,28,53,11,48,97,72,115,116,59,12" hai3="38,8,98,20,46,25,71,96,14,39,95,78,123"/><T80/><D113/><U47/><E118/><V110/><F72/><W24/><G123/><T49/><D93/><U87/><E34/><V82/><F110/><W124/><G124/><T131/><D131/><U43/><E128/><V88/><F115/><W114/><G114/><T3/><D6/><U42/><E109/><V135/><F135/><N who="0" m="51722" /><D80/><U91/><E61/><V16/><F28/><W111/><G111/><T102/><D108/><U21/><E13/><V119/><F41/><W75/><G71/><T117/><D49/><U76/><E21/><V52/><F53/><W69/><G69/><T129/><D129/><U70/><E70/><V62/><F48/><W125/><G78/><T29/><D29/><U74/><E76/><V57/><F57/><W66/><G75/><T105/><D105/><U33/><E74/><V120/><F120/><W81/><G81/><T100/><D100/><U35/><E107/><V32/><F32/><W44/><G95/><T19/><D19/><U2/><REACH who="1" step="1"/><E87/><REACH who="1" ten="437,111,192,250" step="2"/><V112/><F112/><W30/><G125/><T26/><D26/><U15/><E15/><V65/><F116/><AGARI ba="2,1" hai="3,4,9,54,58,63,94,99,102,116,117" m="51722" machi="116" ten="30,1500,0" yaku="20,1" doraHai="60" who="0" fromWho="2" sc="437,31,111,0,192,-21,250,0" /><INIT seed="0,3,0,0,5,29" ten="468,111,171,250" oya="0" hai0="104,73,83,120,123,13,42,26,20,91,79,31,22" hai1="61,46,90,70,15,48,8,114,9,59,126,80,52" hai2="12,25,84,105,72,110,85,127,86,36,102,43,69" hai3="112,133,62,33,6,95,67,103,118,130,34,37,35"/><T50/><D104/><U21/><E126/><V65/><F110/><W49/><G112/><T3/><D3/><U56/><E70/><V101/><F127/><W11/><G118/><T107/><D107/><U5/><E114/><V58/><F72/><W32/><G37/><T54/><D42/><U38/><E38/><V63/><F105/><W94/><G35/><T135/><D135/><U100/><E100/><V40/><F69/><W88/><G133/><T97/><D97/><U111/><E111/><V30/><F12/><W45/><G103/><N who="2" m="39433" /><F36/><W66/><G95/><T122/><D91/><U128/><E128/><V14/><F14/><W0/><G62/><T106/><D106/><U64/><E8/><V10/><F10/><W92/><G92/><T117/><D117/><U68/><REACH who="1" step="1"/><E21/><AGARI ba="3,0" hai="21,25,30,40,43,58,63,65,84,85,86" m="39433" machi="21" ten="30,1000,0" yaku="8,1" doraHai="29" who="2" fromWho="1" sc="468,0,111,-19,171,19,250,0" /><INIT seed="1,0,0,3,0,18" ten="468,92,190,250" oya="1" hai0="44,80,67,5,27,120,8,128,132,95,129,35,57" hai1="1,121,28,31,127,86,45,66,11,46,62,53,29" hai2="68,65,93,84,50,83,112,89,87,6,13,14,122" hai3="69,77,4,108,33,78,60,107,63,12,43,16,55"/><U32/><E121/><V88/><F112/><W40/><G108/><T74/><D132/><U61/><E127/><V38/><F38/><W47/><G107/><T116/><D116/><U34/><E86/><V42/><F122/><W36/><G33/><T30/><D120/><U82/><E82/><V20/><F6/><W0/><G43/><T94/><D44/><U48/><E45/><N who="2" m="25911" /><F68/><W21/><G63/><N who="0" m="38383" /><D80/><U105/><E105/><V110/><F65/><W103/><G103/><T41/><D41/><U134/><E134/><V71/><F71/><W118/><G118/><T97/><D97/><U133/><E133/><V100/><F110/><W90/><G90/><T96/><D96/><U92/><E62/><V91/><F100/><W9/><REACH who="3" step="1"/><G69/><REACH who="3" ten="468,92,190,240" step="2"/><T102/><D102/><U125/><E125/><V104/><F89/><W58/><AGARI ba="0,1" hai="0,4,9,12,16,21,36,40,47,55,58,60,77,78" machi="58" ten="30,12000,2" yaku="1,1,2,1,0,1,52,1,54,1,53,1" doraHai="18" doraHaiUra="51" who="3" fromWho="3" sc="468,-30,92,-60,190,-30,240,130" /><INIT seed="2,0,0,0,3,102" ten="438,32,160,370" oya="2" hai0="23,108,82,36,3,40,62,50,69,29,89,9,53" hai1="133,43,12,51,20,65,49,105,34,15,122,52,87" hai2="132,77,17,135,100,92,42,107,129,97,44,86,7" hai3="28,59,91,128,95,81,119,46,75,13,134,123,84"/><V4/><F129/><W48/><G119/><T124/><D108/><U74/><E34/><V54/><F54/><W58/><G123/><T98/><D124/><U24/><E74/><V5/><F17/><W1/><G1/><T56/><D3/><U76/><E122/><V101/><F101/><W80/><G134/><N who="2" m="51241" /><F77/><W31/><G128/><T111/><D111/><U18/><E133/><V22/><F22/><W55/><G13/><T83/><D9/><U10/><E105/><V127/><F127/><W103/><G75/><T39/><D39/><U37/><E37/><N who="2" m="21583" /><F86/><W117/><G117/><T116/><D23/><U114/><E114/><V120/><F120/><W27/><G31/><T8/><D8/><U115/><E115/><V73/><F73/><W96/><REACH who="3" step="1"/><G81/><REACH who="3" ten="438,32,160,360" step="2"/><T38/><D29/><U104/><E12/><V45/><F45/><W93/><G93/><AGARI ba="0,1" hai="4,5,7,92,93,97,100,107" m="21583,51241" machi="93" ten="30,2900,0" yaku="20,1,52,1" doraHai="102" who="2" fromWho="3" sc="438,0,32,0,160,39,360,-29" /><INIT seed="2,1,0,5,5,120" ten="438,32,199,331" oya="2" hai0="91,63,98,76,116,105,33,0,10,56,41,26,19" hai1="133,42,2,29,60,103,24,81,77,97,82,6,87" hai2="115,125,36,88,78,93,89,13,21,31,121,129,111" hai3="47,128,69,57,134,72,3,94,83,7,124,16,127"/><V54/><F115/><W107/><G69/><T49/><D76/><U132/><E42/><V92/><F121/><W40/><G107/><T30/><D116/><U39/><E39/><V14/><F36/><W22/><G134/><T86/><D49/><U100/><E100/><V90/><F78/><W48/><G128/><T53/><D41/><U66/><E6/><V5/><F125/><W46/><G72/><T65/><D53/><U34/><E82/><V119/><F119/><W135/><G135/><T11/><D0/><U28/><E28/><V45/><F129/><W75/><G75/><T1/><D1/><U130/><E2/><V20/><F111/><W55/><G83/><T84/><D84/><U108/><E130/><V73/><F73/><W106/><G106/><T123/><D19/><U43/><E43/><V61/><F31/><W131/><G94/><N who="2" m="36457" /><F61/><W15/><G131/><T104/><D123/><U114/><E114/><V110/><F110/><W59/><G7/><T67/><D104/><U9/><E9/><N who="2" m="4271" /><F14/><W102/><G3/><T17/><D105/><N who="1" m="63727" /><E108/><V23/><F54/><W64/><G102/><T62/><D98/><U95/><E95/><V27/><F45/><W32/><G32/><T99/><D99/><U4/><E4/><V52/><F52/><W12/><G12/><N who="0" m="7319" /><D11/><U25/><E25/><V96/><F96/><W18/><G18/><T68/><D86/><U8/><E8/><V112/><F112/><W79/><G79/><T38/><D38/><U74/><E74/><V122/><F122/><W71/><G71/><AGARI ba="1,0" hai="24,29,34,60,66,71,77,81,87,132,133" m="63727" machi="71" ten="30,1000,0" yaku="25,1" doraHai="120" who="1" fromWho="3" sc="438,0,32,13,199,0,331,-13" /><INIT seed="3,0,0,4,0,22" ten="438,45,199,318" oya="3" hai0="60,130,38,29,64,134,82,114,19,97,16,94,6" hai1="69,90,45,27,115,39,3,9,112,76,70,20,5" hai2="55,75,33,73,79,107,34,83,101,49,119,126,120" hai3="122,88,51,4,125,2,117,92,31,68,21,52,109"/><W48/><G117/><T106/><D106/><U24/><E90/><V98/><F126/><W133/><G122/><T66/><D38/><U43/><E76/><V25/><F75/><W111/><G125/><T7/><D134/><U71/><REACH who="1" step="1"/><E20/><REACH who="1" ten="438,35,199,318" step="2"/><V110/><F79/><W102/><G102/><T12/><D114/><AGARI ba="0,1" hai="3,5,9,24,27,39,43,45,69,70,71,112,114,115" machi="114" ten="50,8000,1" yaku="1,1,2,1,52,2,53,0" doraHai="22" doraHaiUra="85" who="1" fromWho="0" sc="438,-80,35,90,199,0,318,0" /><INIT seed="4,0,0,5,1,31" ten="358,125,199,318" oya="0" hai0="129,44,85,51,55,83,126,10,61,91,53,54,103" hai1="8,22,132,32,125,94,86,48,24,123,134,97,109" hai2="40,2,78,5,7,128,17,108,39,65,67,30,9" hai3="76,64,43,80,114,82,42,118,133,116,34,124,100"/><T20/><D129/><U18/><E109/><V90/><F108/><W50/><G114/><T99/><D126/><U36/><E36/><V59/><F5/><W28/><G124/><T113/><D113/><U122/><E125/><V72/><F90/><W29/><G64/><T46/><D46/><U37/><E37/><V60/><F17/><W45/><G100/><T52/><D20/><U33/><E48/><V131/><F30/><W115/><G115/><T69/><D69/><U102/><E86/><V112/><F67/><W120/><G50/><T104/><REACH who="0" step="1"/><D10/><REACH who="0" ten="348,125,199,318" step="2"/><U21/><E21/><V111/><F112/><W70/><G45/><T130/><D130/><U58/><E8/><V35/><F111/><W68/><G120/><T106/><D106/><U73/><E58/><AGARI ba="0,1" hai="44,51,52,53,54,55,58,61,83,85,91,99,103,104" machi="58" ten="40,3900,0" yaku="1,1,54,1,53,0" doraHai="31" doraHaiUra="88" who="0" fromWho="1" sc="348,49,125,-39,199,0,318,0" /><INIT seed="4,1,0,0,2,87" ten="397,86,199,318" oya="0" hai0="82,126,84,94,13,83,50,33,65,16,0,105,40" hai1="115,135,76,97,38,1,55,36,113,109,118,28,32" hai2="111,14,37,41,99,108,69,10,46,15,11,107,60" hai3="3,134,75,95,120,121,44,67,123,7,27,128,19"/><T72/><D0/><U58/><E1/><V61/><F107/><W110/><G110/><T93/><D105/><U62/><E76/><V117/><F117/><W100/><G75/><T80/><D33/><U29/><E97/><V89/><F69/><W59/><G128/><T9/><D126/><U64/><E28/><V12/><F108/><W74/><G74/><T30/><D72/><U132/><E29/><V125/><F125/><W43/><G134/><N who="1" m="51242" /><E32/><V8/><REACH who="2" step="1"/><F111/><REACH who="2" ten="397,86,189,318" step="2"/><W57/><G123/><T2/><D2/><U24/><E109/><V5/><F5/><W79/><G7/><T124/><D124/><U71/><E24/><V78/><F78/><W49/><G27/><T102/><D13/><U77/><E77/><V127/><F127/><W116/><G79/><T52/><D94/><AGARI ba="1,1" hai="8,10,11,12,14,15,37,41,46,60,61,89,94,99" machi="94" ten="40,2600,0" yaku="1,1,52,1,53,0" doraHai="87" doraHaiUra="25" who="2" fromWho="0" sc="397,-29,86,0,189,39,318,0" /><INIT seed="5,0,0,1,4,109" ten="368,86,228,318" oya="1" hai0="100,63,104,102,111,81,105,20,31,9,89,2,40" hai1="41,117,42,127,66,133,83,39,30,92,93,131,67" hai2="51,79,119,32,23,84,125,62,120,99,65,33,0" hai3="7,116,10,22,11,47,14,37,124,126,15,134,106"/><U110/><E110/><V24/><F0/><W29/><G106/><T35/><D111/><U21/><E117/><V1/><F1/><W46/><G37/><T108/><D35/><U26/><E127/><N who="3" m="48682" /><G116/><T80/><D40/><N who="1" m="15467" /><E131/><V118/><F51/><W73/><G73/><T121/><D105/><U78/><E133/><V85/><F99/><W13/><G134/><T122/><D104/><U64/><E39/><V135/><F79/><W101/><G101/><T82/><D108/><U129/><E129/><V91/><F65/><N who="1" m="16641" /><U12/><DORA hai="61" /><E12/><N who="3" m="4714" /><G11/><T27/><D9/><U70/><E70/><V53/><F53/><W107/><G107/><T57/><D2/><U54/><E54/><V76/><F135/><W34/><G34/><T95/><D122/><U97/><E97/><V71/><F33/><W103/><G103/><T88/><D102/><U45/><E45/><V48/><F32/><W94/><G47/><T49/><D100/><U55/><E55/><V38/><F125/><W68/><G46/><T86/><D121/><U5/><E5/><V96/><F120/><W8/><G68/><T90/><D49/><U114/><E114/><V87/><F71/><W58/><G15/><T25/><D63/><U3/><E3/><V123/><F62/><W28/><G7/><T50/><D50/><U59/><E59/><V16/><F123/><W128/><G58/><T60/><D57/><U75/><E75/><V74/><F119/><W77/><G128/><T130/><D60/><U113/><E113/><V132/><F132/><W115/><G115/><T56/><D130/><U43/><E43/><RYUUKYOKU ba="0,0" sc="368,-10,86,30,228,-10,318,-10" hai1="21,26,30,78,83,92,93" /><INIT seed="5,1,0,4,1,92" ten="358,116,218,308" oya="1" hai0="57,42,27,46,55,61,13,70,89,127,32,0,33" hai1="123,19,117,133,73,14,126,71,96,12,94,93,38" hai2="24,135,63,120,104,103,77,113,30,1,53,112,48" hai3="116,76,20,5,6,64,106,132,108,25,75,91,102"/><U36/><E117/><V50/><F1/><W31/><G108/><T83/><D0/><U11/><E123/><V95/><F120/><W59/><G132/><T2/><D2/><U58/><E133/><V8/><F104/><W37/><G37/><T68/><D127/><U131/><E126/><V52/><F77/><W23/><G75/><T99/><D13/><U66/><E71/><V29/><F8/><W105/><G76/><T21/><D68/><U84/><E73/><V47/><F63/><W111/><G111/><T65/><D65/><U118/><E118/><V85/><F135/><W26/><G106/><T18/><D70/><U51/><E84/><V87/><F103/><W67/><G67/><T110/><D110/><U119/><E119/><V97/><F97/><W17/><G91/><T44/><D44/><U79/><E79/><V39/><F39/><W10/><G10/><T62/><D62/><U45/><E94/><V121/><F121/><W109/><G109/><T90/><D90/><N who="1" m="55351" /><E14/><V115/><F95/><W128/><G105/><T107/><D83/><U15/><E12/><V98/><F98/><W9/><G102/><T56/><D89/><U28/><E28/><N who="2" m="10859" /><F24/><W4/><G26/><T3/><D3/><U86/><E86/><V114/><N who="2" m="28672" /><DORA hai="100" /><V49/><F49/><W22/><G25/><T122/><D122/><U60/><E131/><V35/><F35/><W130/><G130/><T124/><D124/><U88/><E88/><V69/><F69/><W54/><G128/><T7/><D107/><U74/><E74/><V101/><F101/><W40/><G116/><RYUUKYOKU ba="1,0" sc="358,-15,116,15,218,15,308,-15" hai1="11,15,19,36,38,45,51,58,60,66" hai2="47,48,50,52,53,85,87" /><INIT seed="5,2,0,5,4,67" ten="343,131,233,293" oya="1" hai0="125,13,80,33,84,103,43,79,57,115,114,40,105" hai1="9,85,106,14,18,35,47,117,133,24,130,119,21" hai2="120,71,110,17,28,99,74,76,11,102,31,109,27" hai3="62,50,63,89,42,20,49,101,22,54,19,30,3"/><U4/><E130/><V10/><F120/><W87/><G3/><T95/><D33/><U7/><E106/><V0/><F71/><W1/><G1/><T124/><D105/><U104/><E104/><V134/><F134/><W66/><G101/><T38/><D38/><U32/><E85/><V59/><F59/><W75/><G75/><T12/><D57/><U36/><E47/><V97/><F0/><W39/><G39/><T73/><D12/><U91/><E91/><V94/><F17/><W61/><G42/><N who="0" m="15915" /><D13/><U88/><E88/><V6/><F6/><N who="1" m="2089" /><E36/><V37/><F37/><W16/><G30/><T45/><D45/><U46/><E46/><V65/><F76/><W23/><G66/><T111/><D111/><U100/><E100/><V131/><F65/><W86/><G86/><T69/><D69/><U82/><E82/><V70/><F70/><W48/><G54/><T34/><D34/><N who="1" m="12843" /><E133/><V68/><F131/><W78/><G78/><T116/><D73/><U8/><E8/><V83/><F68/><W64/><G64/><T58/><D58/><U113/><E113/><N who="0" m="43017" /><D116/><U26/><E26/><V118/><F27/><W123/><G123/><T51/><D51/><U77/><E77/><V15/><F102/><W56/><G56/><T129/><D129/><U90/><E90/><V98/><F74/><W44/><G44/><T41/><D41/><U29/><AGARI ba="2,0" hai="9,14,18,21,24,29,117,119" m="12843,2089" machi="29" ten="30,3000,0" yaku="34,2" doraHai="67" who="1" fromWho="1" sc="343,-12,131,36,233,-12,293,-12" /><INIT seed="5,3,0,1,4,35" ten="331,167,221,281" oya="1" hai0="80,4,107,9,72,111,115,37,92,19,119,21,121" hai1="17,58,54,12,13,130,25,53,94,76,134,18,15" hai2="63,103,90,7,118,108,23,24,73,106,102,59,32" hai3="98,78,127,10,117,89,34,77,20,57,81,11,122"/><U112/><E112/><V120/><F108/><W85/><G34/><T93/><D107/><U64/><E130/><V39/><F39/><W49/><G122/><T96/><D111/><U123/><E123/><V70/><F73/><W14/><G127/><T16/><D121/><U29/><E134/><V109/><F70/><W69/><G69/><T50/><D37/><U45/><E76/><V84/><F32/><W30/><G117/><T28/><D119/><U8/><E64/><V46/><F109/><W113/><G113/><T65/><D65/><U41/><E94/><V55/><F106/><W116/><G116/><T60/><D60/><U36/><E17/><N who="2" m="12399" /><F7/><W33/><G33/><T74/><D92/><U104/><E104/><V6/><F6/><N who="3" m="3415" /><G11/><T82/><D74/><U47/><E47/><V83/><F120/><W1/><G1/><T86/><D50/><U114/><E114/><V2/><F2/><W27/><G98/><T5/><D72/><U129/><E129/><V62/><F118/><W100/><G100/><N who="2" m="38441" /><F46/><W131/><G131/><T44/><D44/><U99/><E99/><V71/><F71/><W43/><G43/><T42/><D42/><U26/><E53/><AGARI ba="3,0" hai="20,27,30,49,53,57,77,78,81,85,89" m="3415" machi="53" ten="30,1000,0" yaku="8,1" doraHai="35" who="3" fromWho="1" sc="331,0,167,-19,221,0,281,19" /><INIT seed="6,0,0,2,5,42" ten="331,148,221,300" oya="2" hai0="0,25,121,108,22,82,128,58,83,19,87,116,17" hai1="60,52,50,105,54,5,11,71,132,3,33,86,40" hai2="41,20,59,109,8,62,101,124,106,95,102,117,64" hai3="76,10,75,68,122,118,129,46,96,104,12,70,81"/><V66/><F117/><W14/><G122/><T49/><D108/><U110/><E110/><V127/><F106/><W48/><G118/><T115/><D121/><U90/><E105/><V79/><F79/><W97/><G129/><T130/><D0/><U135/><E33/><V65/><F8/><W120/><G14/><T47/><D115/><U67/><E40/><V13/><F41/><W15/><G12/><T39/><D39/><U55/><REACH who="1" step="1"/><E50/><REACH who="1" ten="331,138,221,300" step="2"/><V2/><F109/><W51/><G48/><T27/><D49/><U93/><AGARI ba="0,1" hai="3,5,11,52,54,55,60,67,71,86,90,93,132,135" machi="93" ten="30,7900,0" yaku="1,1,2,1,0,1,54,1,53,0" doraHai="42" doraHaiUra="134" who="1" fromWho="1" sc="331,-20,138,89,221,-39,300,-20" /><INIT seed="7,0,0,2,1,120" ten="311,227,182,280" oya="3" hai0="126,21,135,85,4,76,22,93,129,107,19,103,13" hai1="43,125,25,131,74,88,81,20,110,68,78,66,90" hai2="96,95,128,118,11,5,46,109,98,77,32,69,9" hai3="16,48,47,17,111,115,3,124,58,108,24,7,116"/><W42/><G116/><T45/><D107/><U70/><E125/><V106/><F69/><W127/><G115/><T40/><D135/><U132/><E132/><V52/><F109/><N who="3" m="42059" /><G58/><T92/><D129/><U102/><E131/><V33/><F128/><W51/><G51/><N who="0" m="27047" /><D126/><N who="3" m="48169" /><G24/><T0/><D0/><U59/><E59/><V6/><F77/><W37/><G37/><T122/><D122/><U44/><E78/><V64/><F64/><W82/><G82/><N who="0" m="47303" /><D103/><U101/><E81/><V2/><F118/><W54/><G42/><T18/><D4/><U26/><E43/><V65/><F65/><W53/><G54/><T39/><D39/><U130/><E66/><V49/><F106/><W56/><G47/><T31/><D31/><U57/><E44/><V27/><F27/><AGARI ba="0,0" hai="13,18,19,21,22,27,92,93" m="47303,27047" machi="27" ten="30,1000,0" yaku="8,1" doraHai="120" who="0" fromWho="2" sc="311,10,227,0,182,-10,280,0" owari="321,42.1,227,-17.3,172,-32.8,280,8.0" /></mjloggm>