<mjloggm ver="2.3"><GO type="169" lobby="0"/><UN n0="%E3%81%B3%E3%82%8D%E3%81%B4%E3%82%8D" n1="%E3%83%A9%E3%83%B3%E3%82%B9%E3%83%AD%E3%83%83%E3%83%88" n2="%E3%81%A4%E3%82%8B%E3%82%8B" n3="%E3%81%86%E3%81%A9%E3%82%93%E3%81%93" dan="16,16,16,16" rate="2180.36,2105.38,2168.72,2116.79" sx="M,M,M,M"/><TAIKYOKU oya="0"/><INIT seed="0,0,0,3,3,118" ten="250,250,250,250" oya="0" hai0="128,126,45,48,72,81,26,9,55,21,46,108,112" hai1="23,16,58,73,117,100,86,71,107,8,113,114,92" hai2="133,63,18,121,0,88,41,98,91,97,51,4,29" hai3="87,6,14,20,132,59,1,76,127,40,105,90,60"/><T70/><D112/><U103/><E117/><V111/><F111/><W43/><G105/><T10/><D126/><U96/><E71/><V64/><F133/><W27/><G1/><T13/><D128/><U66/><E73/><V125/><F125/><W52/><G76/><T35/><D35/><U80/><E8/><V69/><F29/><W24/><G127/><T85/><D70/><U34/><E34/><V131/><F131/><W2/><G2/><T123/><D123/><U3/><E3/><V28/><F28/><W32/><G32/><T93/><D108/><U115/><E66/><V104/><F121/><W33/><G33/><T89/><D45/><U19/><E58/><V110/><F110/><W31/><G27/><T75/><D93/><U102/><E107/><V7/><F18/><W38/><G132/><T61/><D61/><U56/><E56/><V135/><F135/><W54/><G38/><T130/><D9/><U84/><E19/><V50/><F0/><W17/><G54/><T78/><D78/><N who="1" m="46103" /><E86/><V53/><F104/><W94/><REACH who="3" step="1"/><G6/><REACH who="3" ten="250,250,250,240" step="2"/><T68/><D130/><U120/><E120/><V30/><F4/><W5/><G5/><T15/><D75/><U36/><E36/><V11/><F7/><W42/><G42/><T22/><D72/><U77/><E77/><V116/><F41/><W95/><G95/><T67/><D67/><U101/><E115/><V37/><F64/><W109/><G109/><T12/><D26/><N who="1" m="14695" /><E114/><V124/><F124/><W129/><G129/><T62/><D10/><U134/><E113/><V49/><F11/><W119/><G119/><RYUUKYOKU ba="0,1" sc="250,10,250,10,250,-30,240,10" hai0="12,13,15,21,22,46,48,55,62,68,81,85,89" hai1="92,96,100,101,102,103,134" hai3="14,17,20,24,31,40,43,52,59,60,87,90,94" /><INIT seed="0,1,1,4,4,51" ten="260,260,220,250" oya="0" hai0="80,64,125,13,123,66,58,22,29,70,131,86,122" hai1="130,109,87,0,68,10,62,2,83,9,129,12,17" hai2="111,124,108,33,34,40,24,1,42,93,82,78,67" hai3="99,72,56,63,25,105,118,52,50,54,7,18,45"/><T53/><D131/><N who="1" m="50187" /><E109/><N who="2" m="42059" /><F124/><W6/><G72/><T76/><D125/><U59/><E9/><V115/><F115/><W107/><G118/><T81/><D81/><U37/><E37/><V30/><F1/><W106/><G99/><T36/><D36/><U112/><E68/><V61/><F93/><W26/><REACH who="3" step="1"/><G18/><REACH who="3" ten="260,260,220,240" step="2"/><T92/><D122/><U32/><E112/><V119/><F119/><W88/><G88/><T55/><D123/><U48/><E32/><V134/><F33/><W117/><G117/><T116/><D116/><U120/><E120/><V96/><F96/><W19/><G19/><N who="0" m="10607" /><D29/><U90/><E48/><V3/><F3/><W27/><AGARI ba="1,2" hai="6,7,25,26,27,45,50,52,54,56,63,105,106,107" machi="27" ten="40,12000,2" yaku="1,1,0,1,52,2,54,1,53,1" doraHai="51" doraHaiUra="46" who="3" fromWho="3" sc="260,-61,260,-31,220,-31,240,143" /><INIT seed="1,0,0,2,4,63" ten="199,229,189,383" oya="1" hai0="19,56,23,62,126,112,83,18,1,39,51,134,110" hai1="32,107,73,105,94,5,53,78,88,133,75,15,71" hai2="122,41,135,60,77,57,27,124,115,72,92,89,76" hai3="90,120,68,16,3,46,87,109,42,81,86,66,119"/><U45/><E32/><V55/><F122/><W14/><G120/><T4/><D39/><U82/><E73/><V96/><F135/><W108/><G3/><T26/><D112/><U123/><E123/><V50/><F124/><W98/><G119/><T12/><D110/><N who="3" m="42601" /><G98/><T130/><D130/><U95/><E95/><V43/><F115/><W79/><G66/><T34/><D126/><U2/><E71/><V127/><F127/><W91/><G68/><T33/><D134/><U74/><E74/><V0/><F0/><W13/><G87/><T64/><D1/><U116/><E2/><V9/><F9/><N who="3" m="6191" /><G14/><T49/><D4/><U113/><E116/><V102/><F72/><W84/><G86/><T118/><D118/><U67/><E67/><V111/><F111/><W58/><G58/><T40/><D83/><U93/><E113/><V22/><F102/><W21/><G21/><T59/><D59/><U8/><E133/><V35/><F35/><W99/><G99/><T47/><REACH who="0" step="1"/><D51/><AGARI ba="0,0" hai="42,46,51,79,81,84,90,91" m="6191,42601" machi="51" ten="30,2000,0" yaku="14,1,54,1" doraHai="63" who="3" fromWho="0" sc="199,-20,229,0,189,0,383,20" /><INIT seed="2,0,0,0,0,97" ten="179,229,189,403" oya="2" hai0="82,33,25,53,63,43,76,126,106,119,52,98,15" hai1="100,72,20,26,31,91,35,12,14,77,129,86,57" hai2="74,66,117,80,10,73,4,51,7,62,21,45,94" hai3="79,29,102,69,49,75,130,5,110,135,105,114,41"/><V103/><F117/><W18/><G69/><T88/><D119/><U134/><E134/><V85/><F21/><W84/><G75/><T87/><D126/><U56/><E129/><V116/><F116/><W125/><G29/><T133/><D133/><U6/><E35/><V83/><F7/><W32/><G32/><T37/><D37/><U93/><E72/><V95/><F83/><W104/><G5/><T28/><D43/><U92/><E77/><V40/><F74/><W23/><G105/><T22/><D63/><U16/><E6/><V30/><F30/><W61/><G61/><T13/><D33/><U101/><E12/><N who="0" m="4681" /><D106/><U96/><REACH who="1" step="1"/><E101/><REACH who="1" ten="179,219,189,403" step="2"/><V0/><F103/><W1/><G102/><T54/><D98/><U8/><AGARI ba="0,1" hai="8,14,16,20,26,31,56,57,86,91,92,93,96,100" machi="8" ten="20,12000,2" yaku="1,1,2,1,0,1,7,1,8,1,52,1,54,1,53,0" doraHai="97" doraHaiUra="42" who="1" fromWho="1" sc="179,-30,219,130,189,-60,403,-30" /><INIT seed="3,0,0,1,5,111" ten="149,349,129,373" oya="3" hai0="97,36,127,40,15,133,54,126,123,41,107,69,22" hai1="99,10,24,104,120,77,131,27,67,73,64,86,98" hai2="7,21,39,74,61,118,109,75,78,59,26,129,16" hai3="122,38,42,2,102,91,114,12,70,14,31,87,130"/><W128/><G122/><T33/><D33/><U35/><E120/><V94/><F118/><W56/><G70/><T72/><D72/><U116/><E73/><V100/><F109/><W20/><G2/><T62/><D123/><U18/><E131/><N who="3" m="50218" /><G102/><T84/><D84/><U9/><E86/><V110/><F110/><W89/><G89/><T32/><D32/><U13/><E35/><V11/><F39/><W19/><G31/><T79/><D79/><U121/><E121/><V81/><F129/><W53/><G38/><T105/><D105/><U101/><E77/><V43/><F43/><W65/><G42/><T134/><D97/><U52/><E116/><V17/><F17/><W50/><G65/><T37/><D107/><U96/><E101/><V44/><F44/><W82/><G12/><T48/><D15/><N who="1" m="7535" /><E104/><V88/><F100/><W30/><G30/><T92/><D92/><U63/><E67/><V103/><F103/><W66/><G66/><N who="0" m="41175" /><D36/><U49/><E64/><V76/><F75/><W55/><G53/><T29/><D37/><U71/><E71/><V28/><F28/><W112/><AGARI ba="0,0" hai="14,19,20,50,55,56,82,87,91,112,114" m="50218" machi="112" ten="30,6000,0" yaku="19,1,52,2" doraHai="111" who="3" fromWho="3" sc="149,-20,349,-20,129,-20,373,60" /><INIT seed="3,1,0,1,1,132" ten="129,329,109,433" oya="3" hai0="7,98,14,93,121,102,15,39,12,89,97,90,126" hai1="111,79,49,117,135,18,5,45,6,34,25,95,125" hai2="8,118,76,23,58,94,130,106,96,10,82,131,103" hai3="101,123,86,3,33,120,128,80,87,61,74,2,129"/><W110/><G33/><T99/><D121/><N who="3" m="46665" /><G61/><T70/><D70/><U11/><E135/><V0/><F118/><W21/><G21/><T77/><D39/><U43/><E117/><V124/><F23/><W104/><G3/><T127/><D77/><U1/><E111/><V47/><F58/><W66/><G66/><T109/><D109/><U29/><E79/><V46/><F46/><W119/><G2/><T35/><D35/><U64/><E64/><V133/><F10/><W73/><G119/><T44/><D44/><U9/><E95/><V88/><F47/><W134/><G134/><T116/><D116/><U68/><E68/><V75/><F133/><W50/><G50/><T56/><D56/><U38/><E18/><V122/><F122/><W16/><G16/><T59/><D59/><U55/><E55/><V78/><F78/><N who="3" m="46359" /><G87/><T112/><D7/><U41/><E41/><V62/><F62/><W71/><G71/><T83/><D112/><U4/><E49/><V19/><F19/><W65/><G65/><T67/><D67/><U60/><E60/><V81/><F8/><N who="1" m="3145" /><E1/><V37/><F0/><W52/><G52/><T30/><D30/><U85/><E85/><N who="2" m="50223" /><F37/><W17/><G17/><T48/><D48/><U26/><E26/><V24/><F24/><W20/><G20/><T40/><D40/><U108/><E38/><V57/><F57/><W100/><G110/><T84/><D99/><U63/><E63/><V27/><F27/><W51/><G51/><T32/><D32/><U54/><E108/><V115/><F96/><N who="3" m="61447" /><G101/><T28/><D28/><U36/><E54/><RYUUKYOKU ba="1,0" sc="129,10,329,10,109,-30,433,10" hai0="12,14,15,83,84,89,90,93,97,98,102,126,127" hai1="4,5,6,25,29,34,36,43,45,125" hai3="73,74,128,129" /><INIT seed="3,2,0,0,0,130" ten="139,339,79,443" oya="3" hai0="120,123,14,122,39,108,29,74,97,44,135,17,114" hai1="91,7,75,115,134,45,132,131,5,133,98,128,66" hai2="58,65,64,40,1,121,11,52,3,56,110,15,119" hai3="20,37,99,36,129,72,111,93,106,34,80,4,41"/><W102/><G129/><N who="1" m="49738" /><E75/><V125/><F119/><W0/><G34/><T95/><D74/><U22/><E115/><V104/><F104/><W68/><G68/><T47/><D114/><U13/><E66/><V32/><F32/><W103/><G103/><T49/><D108/><U60/><E60/><V86/><F110/><W59/><G111/><T16/><D29/><U50/><E22/><V112/><F112/><W62/><G41/><T27/><D135/><U31/><E31/><V8/><F40/><W24/><G106/><T48/><D39/><U109/><E13/><V96/><F96/><W73/><G4/><T69/><D69/><U54/><E109/><V118/><F118/><W51/><G51/><T53/><D27/><U90/><E90/><V76/><F15/><W124/><G0/><T117/><D14/><U87/><E98/><V83/><F65/><W57/><G73/><T113/><D117/><U126/><E126/><V23/><F125/><W67/><G59/><T9/><D9/><U6/><E6/><V42/><F11/><W25/><G25/><T89/><REACH who="0" step="1"/><D113/><REACH who="0" ten="129,339,79,443" step="2"/><U63/><E63/><V107/><F8/><W10/><G10/><T70/><D70/><U33/><E33/><V81/><F1/><W38/><G124/><T100/><D100/><U2/><E2/><V101/><F101/><W19/><G37/><T88/><D88/><U85/><E85/><V30/><F86/><W77/><AGARI ba="2,1" hai="19,20,24,36,38,57,62,67,72,77,80,93,99,102" machi="77" ten="30,1500,0" yaku="0,1" doraHai="130" who="3" fromWho="3" sc="129,-7,339,-7,79,-7,443,31" /><INIT seed="3,3,0,4,0,44" ten="122,332,72,474" oya="3" hai0="81,23,55,111,42,83,33,105,17,102,115,3,18" hai1="79,34,90,133,123,97,120,82,110,92,13,58,125" hai2="46,100,19,103,26,38,73,28,113,107,37,45,36" hai3="54,57,43,67,130,65,72,109,69,0,128,30,98"/><W112/><G72/><T80/><D33/><U66/><E34/><V64/><F73/><W47/><G0/><T88/><D3/><U84/><E13/><V35/><F113/><W108/><G30/><T131/><D111/><N who="3" m="42569" /><G98/><T52/><D131/><N who="3" m="50217" /><G69/><T119/><D115/><U49/><E110/><V70/><F19/><W63/><G112/><T85/><D17/><U116/><E125/><V6/><F6/><W8/><G8/><T87/><D42/><U122/><E133/><V5/><F5/><W10/><G10/><T76/><D119/><U9/><E9/><V91/><F91/><W77/><G77/><T53/><D102/><U89/><E116/><V124/><F103/><W4/><G4/><T39/><D39/><AGARI ba="3,0" hai="39,43,47,54,57,63,65,67" m="50217,42569" machi="39" ten="30,12000,1" yaku="14,1,10,1,19,1,34,2" doraHai="44" who="3" fromWho="0" sc="122,-129,332,0,72,0,474,129" owari="-7,-50.7,332,13.2,72,-32.8,603,70.3" /></mjloggm>