<mjloggm ver="2.3"><GO type="169" lobby="0"/><UN n0="%4D%75%64%46%6C%6F%77" n1="%6E%6F%73%75%6B%65" n2="%E3%81%B3%E3%82%8A%E3%81%B3%E3%82%8A%E2%98%86%E3%83%93%E3%83%AA%E3%83%BC" n3="%E3%81%95%E3%81%8B%E3%81%8D" dan="17,17,16,17" rate="2191.09,2146.22,2155.95,2219.08" sx="M,M,M,M"/><TAIKYOKU oya="0"/><INIT seed="0,0,0,2,2,9" ten="250,250,250,250" oya="0" hai0="55,102,60,71,42,49,19,127,34,75,128,116,63" hai1="95,16,69,134,103,132,115,32,120,112,58,14,119" hai2="67,37,41,91,130,44,123,59,22,96,113,21,100" hai3="92,86,87,4,12,18,13,48,6,17,78,70,8"/><T80/><D116/><U10/><E69/><V23/><F123/><W68/><G48/><T54/><D34/><U83/><E120/><V74/><F113/><N who="1" m="43593" /><E119/><V131/><F74/><W81/><G70/><T107/><D128/><U25/><E58/><V27/><F91/><N who="3" m="53367" /><G68/><T33/><D33/><U106/><E106/><V104/><F67/><W31/><G31/><T38/><D127/><U117/><E117/><V2/><F2/><W93/><G93/><T62/><D71/><U72/><E95/><V133/><F133/><N who="1" m="51305" /><E103/><V98/><F98/><W129/><G129/><N who="2" m="49161" /><F59/><W125/><G125/><T26/><D102/><U30/><E83/><V135/><F135/><W121/><G121/><T110/><D107/><U29/><E29/><AGARI ba="0,0" hai="21,22,23,27,29,37,41,44,96,100,104" m="49161" machi="29" ten="30,1000,0" yaku="19,1" doraHai="9" who="2" fromWho="1" sc="250,0,250,-10,250,10,250,0" /><INIT seed="1,0,0,0,0,29" ten="250,240,260,250" oya="1" hai0="55,109,119,107,130,124,80,79,94,114,70,33,49" hai1="7,95,91,16,9,66,106,24,32,102,50,53,117" hai2="135,88,39,122,11,51,89,128,1,127,112,63,133" hai3="54,85,73,65,71,84,34,23,57,121,26,19,40"/><U25/><E117/><V22/><F122/><W45/><G121/><T8/><D114/><U44/><E66/><V28/><F39/><W86/><G73/><T120/><D107/><U90/><E106/><V87/><F112/><W100/><G100/><T111/><D70/><U76/><E76/><V43/><F128/><W104/><G104/><T17/><D119/><U132/><E132/><V69/><F127/><W123/><G123/><T27/><D120/><U81/><E102/><V67/><F89/><W37/><G34/><T72/><D94/><U98/><E32/><V30/><F11/><W97/><G97/><T56/><D130/><U21/><E25/><V62/><F62/><N who="3" m="40375" /><G86/><T108/><D124/><U126/><E126/><V2/><F2/><W38/><G37/><T110/><D110/><U78/><E95/><V68/><F1/><W59/><G59/><T58/><D58/><U47/><E47/><N who="2" m="26111" /><F22/><W0/><G0/><T3/><D17/><U60/><E60/><V83/><F69/><W4/><G4/><N who="0" m="1055" /><D27/><U74/><REACH who="1" step="1"/><E98/><REACH who="1" ten="250,230,260,250" step="2"/><V96/><F96/><W115/><G115/><T118/><D118/><U103/><E103/><V75/><F75/><W129/><G129/><T131/><D131/><U48/><E48/><AGARI ba="0,1" hai="19,23,26,38,40,45,48,54,57,84,85" m="40375" machi="48" ten="30,1000,0" yaku="24,1" doraHai="29" who="3" fromWho="1" sc="250,0,230,-10,260,0,250,20" /><INIT seed="2,0,0,1,1,99" ten="250,220,260,270" oya="2" hai0="123,121,67,97,113,91,112,107,7,86,34,49,102" hai1="84,63,76,135,28,66,56,0,36,131,22,122,81" hai2="108,10,61,88,73,127,98,82,93,124,43,31,44" hai3="125,33,21,106,75,35,115,54,5,80,90,126,128"/><V78/><F108/><W104/><G5/><T105/><D67/><U79/><E135/><V14/><F31/><W83/><G21/><T27/><D49/><U70/><E131/><V12/><F61/><W32/><G128/><T53/><D53/><U94/><E122/><N who="0" m="46601" /><D27/><U29/><E36/><V25/><F25/><W58/><G115/><N who="0" m="44107" /><D7/><U85/><E0/><V117/><F117/><W3/><G3/><T17/><D17/><U1/><E1/><V62/><F62/><W68/><G68/><T40/><D40/><U72/><E72/><V13/><REACH who="2" step="1"/><F10/><REACH who="2" ten="250,220,250,270" step="2"/><W37/><G32/><T100/><D34/><U103/><E29/><V87/><F87/><W23/><G75/><T41/><D41/><U77/><E85/><V60/><F60/><W129/><G129/><T42/><D42/><U89/><E70/><V52/><F52/><W4/><G54/><T46/><D46/><U59/><E59/><V119/><F119/><W16/><G33/><T95/><D86/><U11/><E11/><V74/><F74/><W69/><G35/><T71/><D71/><U101/><E81/><V114/><F114/><W65/><G83/><T47/><D47/><U134/><E134/><V50/><AGARI ba="0,1" hai="12,13,14,43,44,50,73,78,82,88,93,98,124,127" machi="50" ten="30,6000,0" yaku="1,1,0,1,54,1,53,0" doraHai="99" doraHaiUra="2" who="2" fromWho="2" sc="250,-20,220,-20,250,70,270,-20" /><INIT seed="2,1,0,0,1,94" ten="230,200,320,250" oya="2" hai0="46,106,123,39,120,57,79,77,124,87,44,111,37" hai1="127,82,6,16,110,18,133,9,103,118,65,19,100" hai2="131,107,20,31,32,112,74,86,52,122,128,81,117" hai3="1,24,78,5,96,90,59,91,92,12,3,108,25"/><V99/><F112/><W98/><G108/><T42/><D111/><U95/><E110/><V54/><F117/><W38/><G38/><T34/><D34/><U21/><E118/><V116/><F122/><W27/><G78/><T4/><D124/><U104/><E127/><V50/><F32/><W72/><G72/><T7/><D57/><U64/><E133/><V8/><F74/><W45/><G45/><T28/><D28/><U67/><E104/><V76/><F116/><W134/><G134/><T14/><D106/><U83/><E21/><V126/><F8/><N who="3" m="4111" /><G1/><T89/><D14/><N who="1" m="5431" /><E103/><N who="2" m="62975" /><F126/><W29/><G3/><T130/><D130/><N who="2" m="49706" /><F50/><W0/><G0/><T61/><D120/><U121/><E121/><V23/><F23/><N who="3" m="15519" /><G59/><T60/><D123/><U71/><E71/><V30/><F30/><W22/><G22/><T101/><D37/><U33/><E33/><V135/><F135/><W115/><G115/><T17/><D39/><U73/><E73/><V114/><F114/><W68/><G68/><T48/><D4/><U125/><E125/><V35/><F35/><W41/><G41/><T11/><D42/><U49/><E49/><V53/><F53/><W88/><G92/><T129/><D7/><U109/><E109/><V15/><F15/><W70/><G70/><T13/><D13/><U85/><E85/><V66/><F66/><W63/><G63/><T105/><D61/><U113/><E113/><V62/><F62/><W36/><G36/><T55/><D60/><U10/><E10/><V69/><F69/><W58/><G58/><T26/><D129/><U56/><E56/><RYUUKYOKU ba="1,0" sc="230,-30,200,10,320,10,250,10" hai1="16,18,19,64,65,67,82,83,95,100" hai2="20,31,52,54,76,81,86" hai3="25,27,88,90,91,96,98" /><INIT seed="2,2,0,2,5,120" ten="200,210,330,260" oya="2" hai0="12,101,54,57,133,91,90,13,131,125,56,62,128" hai1="129,103,64,63,81,29,20,40,30,33,111,18,41" hai2="60,76,39,25,70,59,95,45,126,124,85,104,3" hai3="48,4,109,117,123,67,134,34,114,92,43,69,28"/><V94/><F104/><W112/><G123/><T80/><D125/><N who="2" m="48234" /><F70/><W71/><G117/><T121/><D121/><U127/><E127/><V16/><F3/><W97/><G134/><T100/><D133/><U14/><E129/><V77/><F45/><N who="3" m="25663" /><G4/><T21/><D21/><U118/><E118/><V42/><F42/><W116/><G67/><T10/><D80/><U58/><E103/><V113/><F39/><W74/><G74/><T0/><D0/><U15/><E33/><V86/><F113/><N who="3" m="43627" /><G116/><T106/><D106/><U44/><E41/><V55/><F86/><W82/><G82/><T6/><D6/><U22/><E81/><N who="2" m="47271" /><F77/><W87/><G87/><T35/><D128/><U130/><E130/><V50/><F60/><W24/><G109/><T31/><D62/><U17/><REACH who="1" step="1"/><E111/><REACH who="1" ten="200,200,330,260" step="2"/><V8/><F8/><W72/><G72/><T26/><D10/><U110/><E110/><V132/><F132/><W68/><G68/><T89/><D131/><U9/><E9/><V122/><F122/><W5/><G5/><T66/><D35/><U27/><E27/><V1/><F1/><W38/><G38/><AGARI ba="2,1" hai="14,15,17,18,20,22,29,30,38,40,44,58,63,64" machi="38" ten="30,3900,0" yaku="1,1,7,1,9,1,53,0" doraHai="120" doraHaiUra="65" who="1" fromWho="3" sc="200,0,200,55,330,0,260,-45" /><INIT seed="3,0,0,1,5,42" ten="200,255,330,215" oya="3" hai0="132,128,124,125,8,23,67,39,126,75,79,93,121" hai1="133,88,118,52,92,90,10,64,31,33,95,112,63" hai2="111,109,44,4,74,96,20,68,40,87,25,119,76" hai3="120,32,51,100,102,35,127,46,41,123,15,81,28"/><W59/><G127/><T3/><D121/><U69/><E112/><V73/><F119/><W105/><G123/><T130/><D67/><U11/><E118/><V54/><F68/><W65/><G120/><T115/><D115/><U58/><E133/><V57/><F4/><W61/><G105/><T21/><D39/><U1/><E31/><V116/><F96/><W2/><G2/><T30/><D93/><U38/><E38/><N who="2" m="21527" /><F87/><W29/><G15/><T0/><D79/><U13/><E33/><V99/><F99/><W122/><G122/><T5/><D75/><U86/><E1/><V78/><F78/><W55/><G81/><T91/><D91/><U6/><E11/><V17/><F76/><W117/><G117/><T103/><D103/><N who="3" m="39465" /><G32/><T47/><D3/><U66/><E69/><V27/><F27/><W107/><G107/><T101/><D101/><U24/><E24/><V22/><F22/><N who="0" m="8202" /><D30/><N who="3" m="11881" /><G35/><T113/><D113/><U135/><E135/><V43/><F116/><W82/><G82/><T84/><D84/><AGARI ba="0,0" hai="6,10,13,52,58,63,64,66,84,86,88,90,92,95" machi="84" ten="30,8000,1" yaku="7,1,9,1,8,1,54,2" doraHai="42" who="1" fromWho="0" sc="200,-80,255,80,330,0,215,0" /><INIT seed="4,0,0,1,4,26" ten="120,335,330,215" oya="0" hai0="18,91,121,104,68,12,33,83,3,135,13,99,31" hai1="23,113,54,132,72,126,120,44,80,39,43,10,97" hai2="133,17,16,61,42,59,96,77,49,22,107,36,58" hai3="100,81,20,70,48,87,130,7,124,52,19,82,92"/><T24/><D121/><U50/><E120/><V40/><F133/><W57/><G130/><T93/><D135/><U63/><E132/><V115/><F115/><W25/><G124/><T134/><D134/><U129/><E126/><V37/><F107/><W46/><G70/><T11/><D68/><U79/><E129/><V5/><F5/><W114/><G114/><T122/><D122/><U76/><E76/><V4/><F4/><W112/><G112/><T86/><D104/><U41/><E113/><V71/><F71/><W15/><G46/><T29/><D29/><U84/><E10/><V69/><F69/><W35/><G100/><T53/><D53/><U60/><E72/><V8/><F77/><W67/><G67/><T14/><REACH who="0" step="1"/><D3/><REACH who="0" ten="110,335,330,215" step="2"/><U105/><E54/><V90/><F42/><W51/><G35/><T34/><D34/><U103/><E43/><V62/><F40/><W56/><G52/><T95/><D95/><U27/><E39/><V6/><F37/><W30/><G30/><AGARI ba="0,1" hai="23,27,30,41,44,50,60,63,79,80,84,97,103,105" machi="30" ten="30,2000,0" yaku="7,1,52,1" doraHai="26" who="1" fromWho="3" sc="110,0,335,30,330,0,215,-20" /><INIT seed="5,0,0,2,0,3" ten="110,365,330,195" oya="1" hai0="74,98,132,21,62,119,35,17,55,115,112,95,24" hai1="37,68,106,72,103,107,105,6,56,12,59,57,14" hai2="28,16,113,15,18,94,49,43,78,80,135,23,53" hai3="89,127,65,26,66,99,118,5,111,25,58,1,126"/><U129/><E68/><V36/><F135/><W44/><G111/><T121/><D119/><U64/><E37/><V70/><F70/><W93/><G118/><T2/><D74/><U86/><E72/><V75/><F113/><W45/><G26/><T0/><D132/><U123/><E123/><V13/><F28/><W73/><G73/><T81/><D81/><U116/><E103/><V71/><F71/><W67/><G58/><N who="0" m="35167" /><D35/><U47/><E129/><V7/><F94/><W131/><G25/><T27/><D27/><U11/><E116/><V108/><F108/><W82/><G82/><T60/><D60/><U8/><E47/><V50/><F53/><W48/><G131/><T31/><D31/><U102/><E102/><V130/><F130/><W41/><REACH who="3" step="1"/><G44/><REACH who="3" ten="110,365,330,185" step="2"/><T34/><D34/><U83/><E64/><V88/><F80/><W32/><G32/><T97/><D121/><U10/><E6/><V117/><F7/><W69/><G69/><T46/><D46/><U104/><N who="1" m="26624" /><DORA hai="110" /><U39/><E39/><V42/><F36/><W85/><G85/><T33/><D33/><U125/><E125/><V38/><F38/><W128/><G128/><T79/><D98/><U120/><E120/><V77/><F75/><W40/><G40/><T20/><D112/><U109/><E109/><V90/><F117/><W61/><G61/><T133/><D115/><U134/><E134/><V114/><F114/><W63/><G63/><T19/><D133/><U96/><E96/><V101/><F43/><W4/><G4/><T87/><D97/><U30/><E83/><V9/><F42/><RYUUKYOKU ba="0,1" sc="110,-10,365,-10,330,-10,185,30" hai3="1,5,41,45,48,65,66,67,89,93,99,126,127" /><INIT seed="6,1,1,3,0,51" ten="100,355,320,215" oya="2" hai0="114,11,49,30,72,90,39,132,118,24,76,113,108" hai1="8,46,28,57,119,122,85,2,21,87,54,7,34" hai2="73,3,109,6,82,50,55,65,69,48,45,89,126" hai3="43,88,62,86,125,93,78,117,52,133,104,71,106"/><V103/><F126/><W33/><G117/><T105/><D39/><U70/><E70/><V67/><F109/><W29/><G125/><T66/><D108/><U115/><E119/><V36/><F103/><W131/><G133/><T23/><D105/><U20/><E115/><V19/><F19/><W53/><G131/><T61/><D118/><U56/><E34/><V134/><F134/><W37/><G78/><T80/><D132/><U64/><E46/><V42/><F69/><W68/><G43/><T91/><D11/><U13/><E2/><V31/><F31/><W102/><G37/><T112/><REACH who="0" step="1"/><D49/><REACH who="0" ten="90,355,320,215" step="2"/><U40/><E8/><N who="2" m="2143" /><F50/><W74/><G106/><T128/><D128/><U81/><E122/><V77/><F89/><W94/><G104/><T60/><D60/><U127/><E127/><V44/><AGARI ba="1,2" hai="36,42,44,45,48,55,65,67,73,77,82" m="2143" machi="44" ten="30,3000,0" yaku="25,1,52,1" doraHai="51" who="2" fromWho="2" sc="90,-11,355,-11,320,53,215,-11" /><INIT seed="6,2,0,0,0,69" ten="79,344,373,204" oya="2" hai0="6,78,32,119,94,77,64,20,58,42,34,90,93" hai1="9,99,40,118,16,46,50,87,84,25,127,132,70" hai2="71,37,135,2,55,13,19,114,91,116,81,12,59" hai3="98,111,29,74,22,1,18,0,44,52,56,106,105"/><V43/><F116/><W110/><G74/><T128/><D128/><U86/><E118/><V80/><F71/><W112/><G29/><T115/><D115/><U63/><E127/><V10/><F135/><W4/><G112/><T73/><D119/><U62/><E132/><V92/><F2/><W131/><G131/><T45/><D6/><U117/><E117/><V97/><F114/><W72/><G72/><T31/><D94/><U30/><E70/><V5/><F43/><W33/><G33/><T24/><D73/><U88/><E30/><V129/><F37/><W28/><G28/><T95/><D95/><N who="1" m="56807" /><E9/><V103/><F103/><W85/><G85/><T48/><D34/><U7/><E7/><V104/><F104/><W67/><G4/><T133/><D32/><U8/><E8/><V125/><F125/><W134/><G134/><T126/><D126/><U49/><E49/><V121/><F121/><W102/><G106/><T57/><D133/><U39/><E39/><V54/><F129/><W123/><G123/><T14/><D14/><U120/><E120/><V23/><F55/><W76/><G0/><T47/><D47/><U122/><E122/><V68/><F68/><W38/><G1/><T65/><D65/><U53/><E53/><V124/><F124/><W109/><G67/><T15/><D15/><U89/><E89/><V113/><F113/><W96/><G109/><T21/><D21/><AGARI ba="2,0" hai="16,21,25,40,46,50,62,63,84,86,87" m="56807" machi="21" ten="30,3900,0" yaku="8,1,54,2" doraHai="69" who="1" fromWho="0" sc="79,-45,344,45,373,0,204,0" /><INIT seed="7,0,0,0,1,0" ten="34,389,373,204" oya="3" hai0="69,19,1,84,9,2,12,87,103,41,132,113,110" hai1="20,42,82,62,15,33,79,16,43,60,38,59,135" hai2="51,92,54,80,23,4,61,7,77,125,130,112,17" hai3="117,124,106,121,70,104,26,94,72,39,95,91,44"/><W40/><G117/><T131/><D69/><U109/><E109/><V68/><F112/><W13/><G121/><T24/><D110/><U50/><E33/><V100/><F130/><W107/><G70/><T101/><D131/><U126/><E126/><V45/><F125/><W36/><G124/><T55/><D41/><U93/><E135/><V96/><F61/><W76/><G72/><T88/><D132/><U119/><E119/><V74/><F68/><W73/><G73/><T99/><D113/><U49/><E38/><V58/><F45/><W18/><G76/><T10/><D24/><AGARI ba="0,0" hai="4,7,17,23,24,51,54,58,74,77,80,92,96,100" machi="24" ten="30,3900,0" yaku="7,1,52,2" doraHai="0" who="2" fromWho="0" sc="34,-39,389,0,373,39,204,0" owari="-5,-50.5,389,18.9,412,51.2,204,-19.6" /></mjloggm>