<mjloggm ver="2.3"><GO type="169" lobby="0"/><UN n0="%E3%83%9F%E3%83%8D%E3%83%A9%E3%83%AB" n1="%E3%82%8A%E3%82%93%E3%81%94%32%32%36" n2="%EF%BC%81%E2%80%9D%EF%BC%83%EF%BC%84%EF%BC%85%EF%BC%86%E2%80%99%EF%BC%88" n3="%E3%81%A1%E3%81%AA%E9%B7%B2" dan="18,16,16,16" rate="2276.76,2135.52,2134.08,2105.49" sx="M,M,M,M"/><TAIKYOKU oya="0"/><INIT seed="0,0,0,4,2,5" ten="250,250,250,250" oya="0" hai0="98,71,67,45,132,33,8,7,23,31,52,57,39" hai1="115,111,59,30,51,106,102,92,13,63,75,97,79" hai2="112,134,35,100,84,116,25,122,69,19,62,74,41" hai3="86,110,11,131,22,93,21,78,49,87,129,20,89"/><T107/><D132/><U105/><E111/><V103/><F112/><W10/><G110/><T117/><D117/><U109/><E109/><V99/><F122/><W24/><G24/><T36/><D33/><U104/><E115/><V0/><F74/><W29/><G29/><T48/><D31/><U125/><E125/><V108/><F0/><W18/><G18/><T114/><D114/><U15/><E51/><V130/><F130/><N who="3" m="49675" /><G49/><T135/><D135/><U40/><E40/><V85/><F41/><W55/><G55/><T12/><D23/><U121/><E121/><V120/><F116/><W47/><G47/><T27/><D27/><U127/><E127/><V77/><F19/><W124/><G124/><T128/><D128/><U43/><E43/><V17/><F17/><W61/><G61/><T4/><D4/><U50/><E50/><V66/><F120/><W42/><G42/><T37/><D71/><U46/><E46/><V28/><F134/><W44/><G44/><T91/><D91/><U65/><E79/><V1/><F1/><W38/><G38/><T14/><D14/><U3/><E75/><V95/><F108/><W16/><G16/><T133/><D133/><U118/><E118/><V113/><F113/><W80/><AGARI ba="0,0" hai="10,11,20,21,22,78,80,86,87,89,93" m="49675" machi="80" ten="40,5200,0" yaku="19,1,52,2" doraHai="5" who="3" fromWho="3" sc="250,-26,250,-13,250,-13,250,52" /><INIT seed="1,0,0,1,1,16" ten="224,237,237,302" oya="1" hai0="115,27,41,18,47,4,89,126,74,37,31,113,124" hai1="79,88,125,15,50,58,100,24,12,68,51,101,95" hai2="60,86,114,131,19,1,122,80,10,40,9,53,13" hai3="133,77,93,97,121,116,30,102,3,63,64,55,123"/><U6/><E68/><V66/><F122/><W52/><G133/><T14/><D74/><U57/><E79/><V39/><F131/><W134/><G134/><T56/><D89/><U22/><E125/><N who="0" m="48233" /><D56/><N who="1" m="21611" /><E51/><V108/><F114/><W43/><G43/><T92/><D92/><U17/><E50/><V0/><F53/><W29/><G77/><T118/><D4/><U32/><E32/><V69/><F10/><W85/><G93/><T90/><D90/><U103/><E6/><V87/><F87/><AGARI ba="0,0" hai="12,15,17,22,24,87,88,95,100,101,103" m="21611" machi="87" ten="30,5800,0" yaku="8,1,52,1,54,1" doraHai="16" who="1" fromWho="2" sc="224,0,237,58,237,-58,302,0" /><INIT seed="1,1,0,0,2,69" ten="224,295,179,302" oya="1" hai0="133,77,54,101,41,17,74,76,79,102,12,117,53" hai1="33,22,95,31,72,45,27,18,105,0,35,2,130" hai2="115,107,14,49,9,1,109,25,83,85,61,62,46" hai3="64,21,24,36,20,42,124,59,108,122,56,52,114"/><U11/><E105/><V63/><F109/><W116/><G122/><T19/><D133/><U82/><E95/><V5/><F107/><W39/><G114/><T13/><D74/><U6/><E82/><V106/><F106/><W67/><G108/><T75/><D75/><U134/><E72/><V121/><F121/><W4/><G4/><T38/><D117/><U16/><E134/><V81/><F115/><W60/><G116/><T94/><D94/><U57/><E130/><V86/><F1/><N who="1" m="617" /><E57/><V66/><F66/><W40/><G24/><T58/><D58/><U32/><E45/><V125/><F25/><W123/><G123/><T100/><D41/><U48/><E48/><V126/><F83/><W132/><G132/><T70/><D70/><U88/><E88/><V127/><REACH who="2" step="1"/><F81/><REACH who="2" ten="224,295,169,302" step="2"/><W3/><G3/><AGARI ba="1,1" hai="3,6,11,16,18,22,27,31,32,33,35" m="617" machi="3" ten="40,18000,2" yaku="35,5,54,1" doraHai="69" who="1" fromWho="3" sc="224,0,295,193,169,0,302,-183" /><INIT seed="1,2,0,0,5,42" ten="224,488,169,119" oya="1" hai0="4,61,99,124,119,70,121,31,12,39,43,111,0" hai1="101,127,71,82,33,84,131,27,95,109,69,62,123" hai2="5,64,132,63,41,100,73,130,11,72,76,107,94" hai3="21,2,74,113,126,52,133,96,80,110,17,81,44"/><U105/><E123/><V55/><F130/><W83/><G113/><T32/><D119/><U108/><E127/><V134/><F94/><W51/><G126/><T116/><D116/><U117/><E117/><V75/><F55/><W28/><G110/><N who="1" m="42602" /><E105/><V45/><F76/><W26/><G2/><T19/><D0/><U68/><E131/><V122/><F122/><W38/><G38/><T35/><D4/><U92/><E62/><V103/><F107/><W98/><G74/><T78/><D61/><U65/><E65/><V128/><F128/><W50/><G133/><N who="2" m="51305" /><F11/><W118/><G118/><T59/><D124/><U37/><E101/><V20/><F20/><W34/><REACH who="3" step="1"/><G51/><REACH who="3" ten="224,488,169,109" step="2"/><T40/><D39/><U135/><E135/><V106/><F106/><W104/><G104/><T53/><D111/><U13/><E37/><N who="2" m="21679" /><F5/><W24/><AGARI ba="2,1" hai="17,21,24,26,28,34,44,50,52,80,81,83,96,98" machi="24" ten="30,7900,0" yaku="1,1,0,1,52,1,54,1,53,0" doraHai="42" doraHaiUra="8" who="3" fromWho="3" sc="224,-22,488,-41,169,-22,109,95" /><INIT seed="2,0,0,3,4,53" ten="202,447,147,204" oya="2" hai0="17,89,85,25,32,19,115,91,56,79,90,118,102" hai1="38,84,23,39,51,127,111,14,43,133,5,107,76" hai2="49,98,94,13,126,7,82,16,92,74,34,59,22" hai3="77,4,8,131,125,1,86,9,106,62,42,123,20"/><V119/><F119/><W69/><G123/><T80/><D115/><U2/><E111/><V88/><F126/><W64/><G125/><T120/><D120/><U6/><E107/><V99/><F34/><W128/><G106/><T73/><D118/><U30/><E133/><V101/><F7/><W45/><G9/><T35/><D102/><U48/><E2/><V95/><F95/><W66/><G66/><T114/><D114/><U121/><E121/><V63/><F49/><W93/><G20/><T87/><D87/><U33/><E33/><V65/><F74/><W78/><G93/><T71/><D71/><U58/><E38/><V75/><F75/><W109/><G109/><T55/><D73/><U28/><E39/><V29/><F82/><W18/><G18/><T104/><D104/><U12/><E84/><V52/><F29/><W37/><G86/><T134/><D134/><U110/><E23/><V108/><F108/><W129/><AGARI ba="0,0" hai="1,4,8,37,42,45,62,64,69,77,78,128,129,131" machi="129" ten="30,2000,0" yaku="0,1,19,1" doraHai="53" who="3" fromWho="3" sc="202,-5,447,-5,147,-10,204,20" /><INIT seed="3,0,0,1,2,46" ten="197,442,137,224" oya="3" hai0="4,102,74,111,49,72,68,122,38,106,18,116,99" hai1="132,13,135,22,61,39,133,30,19,121,89,48,114" hai2="3,73,6,7,23,80,9,0,32,33,40,120,84" hai3="96,100,104,63,56,47,55,108,26,134,51,59,29"/><W52/><G108/><T85/><D111/><U98/><E39/><V90/><F120/><W113/><G134/><T66/><D38/><U64/><E114/><V128/><F128/><W93/><G113/><T117/><D4/><U91/><E121/><V129/><F129/><W25/><G104/><T130/><D130/><U1/><E1/><V43/><F73/><W41/><REACH who="3" step="1"/><G29/><REACH who="3" ten="197,442,137,214" step="2"/><T110/><D110/><U57/><E30/><V14/><F0/><W65/><G65/><T105/><D105/><U92/><E135/><V67/><F67/><W50/><AGARI ba="0,1" hai="25,26,41,47,50,51,52,55,56,59,63,93,96,100" machi="50" ten="20,18000,2" yaku="1,1,0,1,7,1,8,1,52,2,54,1,53,0" doraHai="46" doraHaiUra="83" who="3" fromWho="3" sc="197,-60,442,-60,137,-60,214,190" /><INIT seed="3,1,0,5,4,18" ten="137,382,77,404" oya="3" hai0="45,74,21,119,58,56,35,96,24,98,20,40,104" hai1="75,134,112,77,70,100,88,11,66,8,12,10,105" hai2="49,59,117,108,63,33,101,111,106,57,15,90,5" hai3="124,91,69,135,78,34,23,42,87,127,0,72,128"/><W132/><G34/><T109/><D74/><U1/><E1/><V118/><F33/><W131/><G69/><T52/><D119/><U120/><E120/><V4/><F90/><W28/><G0/><T85/><D109/><N who="2" m="42058" /><F49/><W65/><G65/><T89/><D104/><U41/><E41/><V71/><F71/><W54/><G42/><T14/><D35/><U67/><E105/><V64/><F59/><W48/><G78/><T51/><D58/><U102/><E75/><V114/><F114/><W76/><G72/><T123/><D123/><U81/><E77/><V36/><F36/><W37/><G76/><T68/><D68/><U32/><E32/><V80/><F80/><W19/><G28/><T82/><D14/><U115/><E12/><V47/><F47/><W86/><G37/><T29/><REACH who="0" step="1"/><D21/><REACH who="0" ten="127,382,77,404" step="2"/><U55/><E70/><V30/><F15/><W92/><G23/><T44/><D44/><U113/><E113/><V22/><F118/><W43/><G19/><T53/><D53/><U122/><E55/><V17/><F17/><W26/><G43/><T50/><AGARI ba="1,1" hai="20,24,29,40,45,50,51,52,56,82,85,89,96,98" machi="50" ten="20,12000,2" yaku="1,1,0,1,7,1,8,1,52,1,54,1,53,0" doraHai="18" doraHaiUra="31" who="0" fromWho="0" sc="127,133,382,-31,77,-31,404,-61" /><INIT seed="4,0,0,4,2,99" ten="260,351,46,343" oya="0" hai0="102,55,46,105,62,96,115,50,19,114,118,14,2" hai1="86,15,125,71,22,106,132,108,6,79,1,17,134" hai2="70,66,116,53,82,73,16,34,72,78,8,23,65" hai3="21,49,61,52,97,122,112,92,129,7,25,121,69"/><T126/><D118/><U130/><E71/><V45/><F116/><W48/><G112/><T93/><D2/><U81/><E108/><V83/><F34/><W101/><G129/><T30/><D126/><U94/><E106/><V104/><F104/><W58/><G7/><T60/><D30/><U51/><E130/><V67/><F8/><W43/><G43/><T80/><D80/><U38/><E38/><V107/><F107/><W29/><REACH who="3" step="1"/><G69/><REACH who="3" ten="260,351,46,333" step="2"/><T11/><REACH who="0" step="1"/><D105/><REACH who="0" ten="250,351,46,333" step="2"/><U89/><E132/><V74/><F70/><W64/><G64/><T0/><D0/><U40/><E134/><V110/><F110/><W36/><G36/><T128/><D128/><U44/><E125/><V33/><F66/><W4/><G4/><T37/><D37/><U135/><E135/><V59/><F65/><W85/><G85/><T27/><D27/><U111/><E111/><V31/><F67/><W54/><G54/><T98/><D98/><U41/><E1/><V9/><F53/><W35/><G35/><T133/><D133/><U77/><E6/><V47/><F33/><W123/><AGARI ba="0,2" hai="21,25,29,48,49,52,58,61,92,97,101,121,122,123" machi="123" ten="30,8000,1" yaku="1,1,0,1,13,1,52,1,54,1,53,0" doraHai="99" doraHaiUra="113" who="3" fromWho="3" sc="250,-40,351,-20,46,-20,333,100" /><INIT seed="5,0,0,5,3,130" ten="210,331,26,433" oya="1" hai0="46,124,135,74,126,33,7,22,70,27,49,105,24" hai1="92,42,83,55,71,79,10,11,40,84,98,120,102" hai2="129,100,20,0,77,37,8,5,34,39,29,108,109" hai3="64,57,65,133,52,1,81,41,4,73,6,62,66"/><U53/><E71/><V12/><F129/><W21/><G133/><T110/><D74/><U134/><E120/><V125/><F125/><W60/><G41/><T91/><D105/><U25/><E134/><V107/><F77/><W44/><G44/><T123/><D70/><U54/><E25/><V104/><F100/><W94/><G62/><T31/><D91/><U106/><E106/><V3/><F104/><W116/><G1/><T117/><D123/><U96/><E96/><V35/><F107/><W61/><G61/><T38/><D38/><U16/><REACH who="1" step="1"/><E11/><REACH who="1" ten="210,321,26,433" step="2"/><V50/><F8/><W28/><G116/><T51/><D135/><U30/><E30/><V103/><F29/><W36/><G28/><T23/><D31/><U63/><E63/><V15/><F20/><W68/><G21/><T118/><D23/><U95/><E95/><V85/><F103/><W86/><G68/><T67/><D22/><U43/><E43/><V121/><F121/><W47/><G94/><T80/><D24/><U119/><E119/><V17/><F34/><W88/><G66/><T58/><D67/><U131/><E131/><V89/><F35/><W26/><G65/><T59/><D27/><U78/><E78/><V69/><F69/><W93/><G26/><T87/><D33/><U13/><AGARI ba="0,1" hai="10,13,16,40,42,53,54,55,79,83,84,92,98,102" machi="13" ten="30,11700,0" yaku="1,1,0,1,8,1,54,1,53,0" doraHai="130" doraHaiUra="19" who="1" fromWho="1" sc="210,-39,321,127,26,-39,433,-39" owari="171,-22.9,448,54.8,-13,-51.3,394,19.4" /></mjloggm>