<mjloggm ver="2.3"><GO type="169" lobby="0"/><UN n0="%E7%9B%AE%E5%8A%9B%36%30" n1="%50%6F%6F%48%65%3F" n2="%E9%9B%B2%E3%81%AE%E3%83%95%E3%83%89%E3%82%A6" n3="%E3%83%A2%E3%82%A4%E3%83%92%E3%83%A3%E3%83%B3" dan="17,16,16,17" rate="2171.39,2153.52,2082.43,2167.40" sx="M,F,M,M"/><TAIKYOKU oya="0"/><INIT seed="0,0,0,3,5,23" ten="250,250,250,250" oya="0" hai0="38,123,94,72,53,62,130,9,63,127,1,41,64" hai1="114,66,19,56,119,51,44,96,11,46,82,16,24" hai2="20,15,55,27,124,104,52,132,60,57,70,91,120" hai3="34,108,115,99,49,80,88,101,83,128,133,110,39"/><T75/><D123/><U100/><E119/><V125/><F120/><W48/><G39/><T59/><D130/><U30/><E114/><V126/><F104/><W65/><G34/><T54/><D127/><U37/><E37/><V73/><F70/><W28/><G115/><T135/><D135/><U116/><E116/><V7/><F132/><W97/><G65/><T35/><D35/><U95/><E82/><V5/><F73/><W78/><G133/><T103/><D1/><U71/><E71/><V4/><F91/><W40/><G28/><T25/><D9/><U102/><E102/><V3/><F15/><W87/><G128/><T10/><D10/><U50/><E11/><V18/><REACH who="2" step="1"/><F55/><REACH who="2" ten="250,250,240,250" step="2"/><W36/><G101/><T2/><D2/><AGARI ba="0,1" hai="2,3,4,5,7,18,20,27,52,57,60,124,125,126" machi="2" ten="50,12000,2" yaku="1,1,2,1,18,1,52,1,54,1,53,1" doraHai="23" doraHaiUra="21" who="2" fromWho="0" sc="250,-120,250,0,240,130,250,0" /><INIT seed="1,0,0,2,5,135" ten="130,250,370,250" oya="1" hai0="45,43,65,72,67,69,84,80,71,47,78,56,102" hai1="123,21,128,62,93,106,2,133,115,44,111,104,22" hai2="6,119,75,90,92,42,5,121,37,59,85,95,49" hai3="66,129,86,99,40,38,63,8,4,127,94,11,122"/><U57/><E123/><V3/><F121/><W73/><G122/><T9/><D102/><U105/><E133/><V10/><F75/><W12/><G73/><T96/><D96/><U116/><E115/><V39/><F119/><W52/><G129/><T113/><D113/><U110/><E116/><V31/><F31/><W48/><G38/><T114/><D114/><U74/><E128/><V32/><F32/><W58/><G40/><T82/><D47/><U25/><E74/><V83/><F6/><W97/><G127/><T27/><D67/><N who="1" m="39375" /><E2/><V0/><F0/><W103/><G11/><T1/><D27/><U15/><E15/><V20/><F20/><W16/><G97/><T89/><D56/><U35/><E44/><V130/><F130/><W64/><G86/><T109/><D65/><U55/><E55/><V24/><F24/><W30/><G30/><T108/><D71/><U98/><E35/><V13/><F3/><W70/><REACH who="3" step="1"/><G66/><REACH who="3" ten="130,250,370,240" step="2"/><T18/><D69/><U41/><E41/><V91/><F42/><W28/><G28/><T88/><D89/><U79/><E79/><V33/><F39/><W34/><G34/><T77/><D77/><U134/><E134/><V14/><F37/><W61/><G61/><T29/><D29/><N who="1" m="17583" /><E22/><V23/><F33/><W101/><G101/><AGARI ba="0,1" hai="93,98,101,104,105,106,110,111" m="17583,39375" machi="101" ten="40,2000,0" yaku="25,1" doraHai="135" who="1" fromWho="3" sc="130,0,250,30,370,0,240,-20" /><INIT seed="1,1,0,4,0,26" ten="130,280,370,220" oya="1" hai0="112,97,53,62,121,44,16,15,47,34,3,2,39" hai1="64,40,43,94,114,82,73,65,109,18,117,5,8" hai2="123,56,132,96,85,75,14,125,11,79,37,103,61" hai3="98,42,46,1,130,57,135,0,54,59,100,118,45"/><U91/><E117/><V84/><F123/><W80/><G118/><T32/><D112/><U38/><E114/><V63/><F37/><W27/><G135/><T49/><D121/><U12/><E109/><V99/><F132/><W115/><G115/><T86/><D2/><U28/><E40/><V122/><F122/><W105/><G130/><T19/><D3/><U107/><E107/><V10/><F125/><W74/><G59/><T29/><D86/><U134/><E134/><V22/><F75/><W95/><G105/><T131/><D131/><U102/><E102/><V89/><F79/><W119/><G119/><T126/><D126/><U128/><E128/><V36/><F36/><W68/><G68/><T71/><D97/><U70/><E70/><V55/><F63/><W66/><G66/><T127/><D127/><U24/><E5/><V104/><F96/><W69/><G69/><T41/><D19/><U25/><E25/><V23/><F85/><W4/><G4/><T106/><D106/><U48/><E38/><V81/><F11/><W17/><G42/><T101/><D101/><U120/><E120/><V31/><F31/><W30/><G17/><AGARI ba="1,0" hai="10,14,17,22,23,55,56,61,81,84,89,99,103,104" machi="17" ten="30,1000,0" yaku="7,1" doraHai="26" who="2" fromWho="3" sc="130,0,280,0,370,13,220,-13" /><INIT seed="2,0,0,5,3,108" ten="130,280,383,207" oya="2" hai0="102,6,21,63,46,74,49,32,127,59,29,0,107" hai1="122,28,84,31,2,111,23,100,73,53,37,22,47" hai2="62,50,10,8,113,121,80,66,98,133,131,120,15" hai3="105,12,18,19,81,45,24,88,119,39,115,68,41"/><V112/><F98/><W38/><G119/><T5/><D127/><U96/><E111/><V91/><F91/><W72/><G105/><T118/><D32/><U78/><E2/><V135/><F80/><W70/><G39/><T1/><D74/><U60/><E37/><V95/><F95/><W76/><G115/><N who="2" m="44105" /><F50/><W26/><G26/><T129/><D118/><U9/><E73/><V114/><F114/><W132/><G24/><T48/><D102/><U123/><E9/><N who="2" m="3691" /><F15/><W116/><G116/><T25/><D107/><U40/><E96/><V124/><F131/><W61/><G88/><T69/><D129/><U106/><E100/><V92/><F92/><W85/><G72/><T34/><D49/><U56/><E106/><V109/><F109/><W103/><G103/><T126/><D48/><N who="1" m="26727" /><E84/><V97/><F97/><W3/><G12/><T77/><D77/><U67/><E78/><V130/><F130/><W75/><G75/><T82/><D82/><U52/><E53/><V14/><F14/><W86/><G86/><T87/><D87/><U64/><E67/><V79/><F79/><W58/><G85/><T20/><D69/><U36/><E64/><V35/><F35/><W99/><G81/><T33/><D33/><U71/><E71/><N who="2" m="42455" /><F124/><W30/><G76/><T13/><D126/><U93/><E36/><V134/><AGARI ba="0,0" hai="120,121,133,134,135" m="42455,3691,44105" machi="134" ten="40,12000,1" yaku="20,1,52,3" doraHai="108" who="2" fromWho="2" sc="130,-40,280,-40,383,120,207,-40" /><INIT seed="2,1,0,4,1,77" ten="90,240,503,167" oya="2" hai0="26,109,113,60,25,40,100,3,9,89,110,24,35" hai1="79,116,114,8,27,39,76,135,13,102,44,46,68" hai2="104,23,47,90,28,127,29,65,0,57,72,129,98" hai3="58,97,88,16,66,20,80,52,67,6,50,54,105"/><V42/><F0/><W96/><G6/><N who="0" m="1247" /><D40/><U53/><E68/><V41/><F41/><W10/><G10/><T121/><D60/><U59/><E116/><V132/><F72/><W12/><G54/><T123/><D89/><U15/><E114/><V63/><F132/><W112/><G112/><T11/><D100/><U55/><E135/><V117/><F117/><W36/><G36/><T5/><D113/><U37/><E102/><V51/><F129/><W21/><G21/><T92/><D92/><U22/><E8/><V4/><F127/><W124/><G124/><T64/><D64/><N who="3" m="24617" /><G105/><T34/><D11/><U78/><E59/><V107/><F4/><W2/><G2/><T70/><D5/><U130/><E130/><V81/><F104/><W101/><G101/><T126/><D70/><U75/><E75/><V32/><F107/><W122/><G122/><N who="0" m="46603" /><D126/><U83/><E39/><V19/><F32/><AGARI ba="1,0" hai="24,25,26,32,34,35,109,110" m="46603,1247" machi="32" ten="40,2600,0" yaku="34,2" doraHai="77" who="0" fromWho="2" sc="90,29,240,0,503,-29,167,0" /><INIT seed="3,0,0,4,5,85" ten="119,240,474,167" oya="3" hai0="20,61,35,82,68,74,110,18,76,104,65,83,40" hai1="92,54,30,15,43,13,11,126,63,107,101,62,52" hai2="112,47,106,14,108,96,128,116,56,124,134,93,5" hai3="33,78,48,114,102,19,97,100,73,10,25,117,89"/><W86/><G117/><T91/><D110/><U12/><E107/><V49/><F112/><W39/><G39/><T27/><D104/><U111/><E111/><V2/><F108/><W98/><G114/><T29/><D40/><U24/><E126/><V120/><F116/><W109/><G109/><T16/><D83/><U7/><E43/><V36/><F2/><W119/><G119/><T45/><D45/><U31/><E101/><V22/><F106/><W87/><G73/><T75/><D75/><U113/><E92/><V21/><F36/><W51/><G33/><T132/><D132/><U123/><E123/><V72/><F72/><W133/><G133/><T0/><D0/><U69/><E113/><V55/><F134/><W17/><G25/><T28/><D18/><U59/><E31/><V105/><F105/><W41/><G41/><T80/><REACH who="0" step="1"/><D35/><REACH who="0" ten="109,240,474,167" step="2"/><U121/><E121/><V58/><F120/><W131/><G131/><T32/><D32/><U125/><E125/><V60/><F124/><W4/><G4/><T26/><D26/><U50/><E24/><V38/><F128/><W129/><G129/><T77/><D77/><U64/><E30/><V94/><F47/><AGARI ba="0,1" hai="7,11,12,13,15,47,50,52,54,59,62,63,64,69" machi="47" ten="30,2000,0" yaku="7,1,54,1" doraHai="85" who="1" fromWho="2" sc="109,0,240,30,474,-20,167,0" /><INIT seed="4,0,0,2,4,2" ten="109,270,454,167" oya="0" hai0="14,92,31,26,6,45,62,79,128,57,71,83,53" hai1="32,97,43,15,20,68,74,69,85,19,1,58,91" hai2="22,105,75,40,94,9,27,104,38,55,116,99,95" hai3="73,119,36,101,76,90,108,42,63,84,113,93,16"/><T10/><D128/><U60/><E74/><V129/><F75/><W88/><G119/><T41/><D71/><U28/><E1/><V121/><F95/><W135/><G113/><T100/><D92/><U13/><E13/><V102/><F121/><W66/><G135/><T54/><D100/><U118/><E118/><V59/><F116/><W114/><G114/><T56/><D57/><U0/><E0/><V81/><F81/><W123/><G123/><T78/><D54/><U106/><E43/><V24/><F129/><W131/><G131/><T3/><D3/><U103/><E28/><V44/><F9/><W37/><G101/><T89/><D89/><U35/><E69/><V46/><F46/><W12/><G42/><T30/><D26/><U109/><E68/><V127/><F127/><W21/><G108/><T8/><D8/><U25/><E25/><V47/><F47/><W110/><G90/><T17/><D17/><U112/><E109/><V29/><F27/><W11/><G21/><T107/><D107/><U115/><E115/><V96/><F96/><W86/><G73/><T98/><D98/><U4/><E112/><V7/><F59/><W51/><G51/><N who="0" m="27055" /><D83/><N who="1" m="49599" /><E35/><V132/><F55/><W23/><G11/><T50/><D50/><U5/><E32/><V124/><F124/><W33/><G33/><T70/><D70/><U72/><E72/><V18/><F132/><W77/><G110/><T49/><D49/><U133/><E133/><V87/><F38/><N who="3" m="14955" /><G86/><T34/><D34/><U48/><E48/><V126/><F126/><W111/><G111/><T125/><D125/><RYUUKYOKU ba="0,0" sc="109,10,270,10,454,-30,167,10" hai0="6,10,14,30,31,53,56,62,78,79" hai1="4,5,15,19,20,58,60,97,103,106" hai3="12,16,23,63,66,76,77,84,88,93" /><INIT seed="4,1,0,1,1,31" ten="119,280,424,177" oya="0" hai0="28,11,82,44,132,89,32,57,77,90,15,131,107" hai1="6,65,99,69,129,81,18,98,16,119,30,14,63" hai2="40,43,45,48,2,37,106,35,50,62,22,42,94" hai3="68,93,125,105,110,54,29,12,55,9,4,26,21"/><T100/><D132/><U59/><E119/><V85/><F2/><W38/><G105/><T1/><D1/><U87/><E129/><V47/><F35/><W109/><G68/><T52/><D131/><U66/><E30/><V97/><F106/><W78/><G38/><T20/><D20/><U24/><E24/><V36/><F22/><W133/><G133/><T39/><D100/><U75/><E75/><V108/><F85/><W126/><G78/><T3/><D3/><U116/><E116/><V19/><F19/><N who="1" m="7209" /><E66/><V8/><F8/><W92/><G109/><T23/><D23/><U130/><E69/><V135/><F94/><W121/><G121/><T10/><D107/><U122/><E122/><V51/><F97/><W5/><G5/><T25/><D39/><N who="2" m="14922" /><F135/><W53/><REACH who="3" step="1"/><G110/><REACH who="3" ten="119,280,424,167" step="2"/><T103/><D10/><N who="1" m="4439" /><E130/><V114/><F108/><W60/><G60/><T71/><D71/><U134/><E134/><V88/><F114/><W111/><G111/><T41/><D11/><U101/><E101/><V34/><F62/><W84/><G84/><T27/><D103/><U112/><E112/><V91/><F34/><W61/><G61/><T72/><D15/><U64/><E64/><V7/><F7/><W73/><G73/><T123/><D123/><U74/><E74/><V17/><F17/><W0/><G0/><T127/><D28/><U118/><E118/><V76/><F76/><AGARI ba="1,1" hai="59,63,65,76,81,87,98,99" m="4439,7209" machi="76" ten="30,2000,0" yaku="8,1,54,1" doraHai="31" who="1" fromWho="2" sc="119,0,280,33,424,-23,167,0" /><INIT seed="5,0,0,0,0,34" ten="119,313,401,167" oya="1" hai0="82,102,18,26,59,40,132,25,48,66,81,50,19" hai1="0,44,104,8,64,35,11,67,116,22,119,117,78" hai2="39,30,112,52,91,60,4,65,5,29,103,133,80" hai3="86,98,13,9,71,21,110,12,16,83,69,105,77"/><U74/><E104/><V113/><F39/><W84/><G110/><T27/><D132/><U28/><E35/><V15/><F103/><W37/><G37/><T7/><D102/><U125/><E125/><V122/><F122/><W1/><G105/><T118/><D118/><U2/><E44/><V53/><F133/><W126/><G126/><T99/><D99/><U124/><E124/><V49/><F91/><W87/><G98/><T94/><D94/><U111/><E111/><V56/><F80/><N who="0" m="30826" /><D7/><N who="2" m="2634" /><F53/><W72/><REACH who="3" step="1"/><G1/><REACH who="3" ten="119,313,401,157" step="2"/><T6/><D6/><AGARI ba="0,1" hai="6,9,12,13,16,21,69,71,72,77,83,84,86,87" machi="6" ten="40,8000,1" yaku="1,1,2,1,54,1,53,1" doraHai="34" doraHaiUra="14" who="3" fromWho="0" sc="119,-80,313,0,401,0,157,90" /><INIT seed="6,0,0,4,1,66" ten="39,313,401,247" oya="2" hai0="106,81,53,15,68,6,95,94,46,79,39,0,24" hai1="65,133,40,25,32,109,28,54,69,114,10,130,67" hai2="105,83,50,92,135,9,1,91,52,47,123,49,117" hai3="42,71,21,26,127,5,104,120,73,76,36,129,90"/><V115/><F117/><W110/><G110/><T61/><D106/><U17/><E109/><V30/><F123/><W13/><G120/><T8/><D24/><U19/><E114/><V116/><F116/><W20/><G104/><T100/><D100/><U131/><E133/><V14/><F105/><W72/><G129/><T31/><D31/><U27/><E40/><V45/><F1/><W86/><G127/><T34/><D34/><U11/><E54/><V125/><F115/><W59/><G71/><T113/><D113/><U22/><E67/><V124/><F83/><W82/><G59/><T56/><D15/><U128/><E65/><V3/><F3/><W60/><G60/><T58/><D58/><U55/><E55/><V108/><F30/><W118/><G118/><T48/><D68/><U112/><E112/><V64/><F64/><W41/><G36/><T99/><D99/><U12/><E69/><V78/><F78/><W98/><G98/><T126/><D126/><U2/><E2/><V74/><F74/><W7/><G72/><T97/><D97/><U119/><E119/><V44/><F135/><W93/><G20/><AGARI ba="0,0" hai="10,11,12,17,19,20,22,25,27,28,32,128,130,131" machi="20" ten="40,8000,1" yaku="19,1,34,3" doraHai="66" who="1" fromWho="3" sc="39,0,313,80,401,0,247,-80" /><INIT seed="7,0,0,0,0,31" ten="39,393,401,167" oya="3" hai0="92,79,61,107,77,18,87,97,114,9,44,82,72" hai1="0,73,16,115,29,132,48,8,56,130,38,106,2" hai2="78,126,50,66,40,13,14,102,59,67,81,108,58" hai3="17,34,129,124,76,96,71,24,125,68,25,104,35"/><W103/><G76/><T60/><D44/><U53/><E38/><V119/><F119/><W134/><G134/><T121/><D121/><U109/><E109/><V12/><F108/><W100/><G129/><T113/><D18/><U83/><E106/><V43/><F126/><N who="3" m="48747" /><G100/><T22/><D22/><U11/><E132/><V93/><F78/><W62/><G62/><T84/><D9/><U65/><E130/><V120/><F120/><W105/><G105/><T133/><D133/><U86/><E115/><V127/><F127/><W37/><G37/><T6/><D6/><U99/><E73/><V39/><F81/><W36/><G36/><T46/><D46/><U110/><E110/><V27/><F27/><N who="3" m="10315" /><G17/><T5/><D5/><U30/><E0/><V51/><F39/><W63/><G63/><T94/><D60/><U91/><E2/><V21/><F93/><W32/><AGARI ba="0,0" hai="32,34,35,68,71,96,103,104" m="10315,48747" machi="32" ten="40,12000,1" yaku="18,1,52,3" doraHai="31" who="3" fromWho="3" sc="39,-40,393,-40,401,-40,167,120" owari="-1,-50.1,353,15.3,361,46.1,287,-11.3" /></mjloggm>