<mjloggm ver="2.3"><GO type="169" lobby="0"/><UN n0="%7A%65%52%6F" n1="%E3%81%B3%E3%82%8A%E3%81%B3%E3%82%8A%E2%98%86%E3%83%93%E3%83%AA%E3%83%BC" n2="%70%6F%70%E2%98%86%63%6F%72%6E" n3="%48%4F%4D%4F%E5%A5%B3" dan="18,16,17,16" rate="2242.97,2162.07,2155.17,2101.48" sx="M,M,M,M"/><TAIKYOKU oya="0"/><INIT seed="0,0,0,4,3,59" ten="250,250,250,250" oya="0" hai0="67,116,118,66,76,102,91,104,110,63,129,52,25" hai1="86,39,103,121,19,45,114,17,41,22,2,135,100" hai2="36,134,78,21,98,28,12,122,37,29,95,131,125" hai3="23,68,16,9,51,24,69,132,61,48,84,42,54"/><T40/><D129/><U124/><E121/><V30/><F122/><W0/><G132/><T20/><D110/><U44/><E135/><V113/><F113/><W4/><G42/><T123/><D123/><U85/><E124/><V94/><F134/><W43/><G43/><T38/><D76/><U18/><E2/><V47/><F131/><W97/><G97/><T46/><D102/><U81/><E114/><V75/><F125/><W50/><REACH who="3" step="1"/><G84/><REACH who="3" ten="250,250,250,240" step="2"/><T56/><D104/><U111/><E86/><V115/><F98/><W57/><AGARI ba="0,1" hai="0,4,9,16,23,24,48,50,51,54,57,61,68,69" machi="57" ten="30,8000,1" yaku="1,1,2,1,0,1,52,1,54,1,53,0" doraHai="59" doraHaiUra="31" who="3" fromWho="3" sc="250,-40,250,-20,250,-20,240,90" /><INIT seed="1,0,0,2,3,104" ten="210,230,230,330" oya="1" hai0="112,6,49,135,130,114,12,102,111,90,107,106,30" hai1="32,41,58,53,40,36,18,27,108,5,76,100,11" hai2="25,128,71,125,134,93,37,113,35,101,3,22,75" hai3="82,74,116,80,38,57,45,31,20,97,70,54,121"/><U43/><E108/><V72/><RYUUKYOKU type="yao9" ba="0,0" sc="210,0,230,0,230,0,330,0" hai2="3,22,25,35,37,71,72,75,93,101,113,125,128,134" /><INIT seed="1,1,0,0,5,34" ten="210,230,230,330" oya="1" hai0="97,123,39,75,40,113,63,37,105,25,54,53,102" hai1="84,36,24,132,56,10,107,70,3,100,33,116,109" hai2="67,101,72,68,48,16,46,43,0,7,8,125,74" hai3="15,124,49,106,20,57,76,86,104,79,111,129,42"/><U65/><E116/><V103/><F125/><W52/><G129/><T88/><D113/><U27/><E132/><V32/><F32/><W28/><G111/><T17/><D75/><U135/><E135/><V118/><F118/><W131/><G124/><T61/><D123/><U12/><E36/><V115/><F115/><W50/><G131/><T127/><D127/><U121/><E121/><V71/><F74/><W126/><G126/><T38/><D40/><U2/><E56/><V114/><F72/><W59/><G104/><T80/><D25/><U6/><E84/><V81/><F81/><W128/><G106/><T85/><REACH who="0" step="1"/><D17/><REACH who="0" ten="200,230,230,330" step="2"/><U35/><E27/><V90/><F114/><W95/><G128/><T29/><D29/><N who="1" m="19623" /><E109/><V92/><F16/><N who="3" m="10271" /><G28/><T30/><D30/><U60/><E35/><V26/><F26/><W96/><G42/><T73/><D73/><U18/><E18/><V87/><REACH who="2" step="1"/><F67/><REACH who="2" ten="200,230,220,330" step="2"/><W83/><G79/><T94/><D94/><U11/><E11/><V122/><F122/><W5/><G95/><T117/><D117/><U82/><E82/><V19/><F19/><W120/><G76/><T93/><D93/><U1/><E12/><V62/><F62/><AGARI ba="1,2" hai="37,38,39,53,54,61,62,63,80,85,88,97,102,105" machi="62" ten="40,5200,0" yaku="1,1,54,1,53,1" doraHai="34" doraHaiUra="78" who="0" fromWho="2" sc="200,75,230,0,220,-55,330,0" /><INIT seed="2,0,0,3,5,3" ten="275,230,165,330" oya="2" hai0="118,121,130,125,40,37,31,32,104,2,117,92,122" hai1="126,63,64,58,24,123,86,101,41,66,13,85,105" hai2="25,70,9,91,56,14,77,96,45,78,69,55,110" hai3="94,72,18,36,19,129,0,17,34,98,7,59,112"/><V134/><F134/><W23/><G129/><T49/><D92/><U43/><E126/><V30/><F110/><W38/><G72/><T10/><D49/><U128/><E128/><V83/><F70/><W53/><G34/><T46/><D104/><U127/><E127/><V16/><F69/><W15/><G112/><T119/><D125/><U12/><E101/><V79/><F45/><W82/><G82/><T107/><D107/><U81/><E105/><V48/><F96/><W90/><G0/><T73/><D130/><U20/><E66/><V120/><F120/><W109/><G109/><T68/><D68/><U99/><E99/><V93/><F93/><W51/><REACH who="3" step="1"/><G23/><REACH who="3" ten="275,230,165,320" step="2"/><T42/><D73/><U115/><E115/><V87/><REACH who="2" step="1"/><F77/><REACH who="2" ten="275,230,155,320" step="2"/><W114/><G114/><T65/><D122/><U22/><E123/><V133/><F133/><W95/><G95/><T5/><D121/><U102/><E81/><V28/><F28/><W27/><G27/><T113/><D113/><U135/><E24/><V71/><F71/><W29/><G29/><T61/><D31/><U84/><E135/><V26/><F26/><W100/><G100/><T74/><D118/><U116/><E102/><V106/><F106/><W4/><G4/><T131/><D119/><U35/><E116/><V44/><F44/><W39/><G39/><T62/><D117/><U1/><E35/><AGARI ba="0,2" hai="9,14,16,25,30,35,48,55,56,78,79,83,87,91" machi="35" ten="30,11600,0" yaku="1,1,7,1,54,1,53,1" doraHai="3" doraHaiUra="47" who="2" fromWho="1" sc="275,0,230,-116,155,136,320,0" /><INIT seed="2,1,0,2,2,21" ten="275,114,291,320" oya="2" hai0="38,129,113,37,23,9,92,10,4,41,36,102,133" hai1="17,117,130,84,132,18,85,31,40,128,99,120,56" hai2="87,119,125,131,14,2,54,30,47,42,93,67,96" hai3="8,79,53,122,103,100,16,46,26,43,49,105,134"/><V95/><F2/><W81/><G122/><T39/><D113/><U24/><E117/><V89/><F119/><W104/><G134/><T82/><D133/><U108/><E132/><V126/><F131/><N who="1" m="50217" /><E120/><V61/><F14/><N who="3" m="7239" /><G104/><T80/><D129/><U44/><E108/><V27/><F54/><W118/><G105/><T124/><D124/><U48/><E99/><V58/><F47/><W97/><G97/><T91/><D102/><U33/><E56/><V74/><F42/><W101/><G118/><T86/><D10/><U52/><E40/><V20/><REACH who="2" step="1"/><F74/><REACH who="2" ten="275,114,281,320" step="2"/><W12/><G43/><T59/><D41/><U123/><E123/><V70/><F70/><W83/><G46/><T71/><D71/><U110/><E110/><V127/><F127/><W73/><G53/><T3/><D59/><U116/><E116/><V94/><F94/><W60/><G12/><T121/><D121/><U15/><E17/><V75/><F75/><W107/><G73/><T50/><D38/><U45/><E44/><V114/><F114/><W115/><G107/><T5/><D39/><U90/><E90/><AGARI ba="1,1" hai="20,27,30,58,61,67,87,89,90,93,95,96,125,126" machi="90" ten="40,3900,0" yaku="1,1,52,1,53,0" doraHai="21" doraHaiUra="7" who="2" fromWho="1" sc="275,0,114,-42,281,52,320,0" /><INIT seed="2,2,0,2,2,121" ten="275,72,333,320" oya="2" hai0="132,133,117,0,97,91,68,44,24,87,124,101,129" hai1="20,42,100,48,5,38,83,1,130,11,82,127,109" hai2="39,61,29,7,25,13,76,64,18,49,4,59,94" hai3="52,26,46,108,54,40,23,60,112,17,53,33,36"/><V78/><F39/><W2/><G112/><T75/><D0/><U15/><E130/><V47/><F4/><W79/><G2/><T123/><D68/><U118/><E118/><V71/><F7/><W56/><G79/><T37/><D24/><U43/><E38/><V114/><F71/><W67/><G33/><T55/><D55/><U27/><E127/><V62/><F61/><W3/><G3/><T115/><D44/><U14/><E100/><V88/><F114/><W106/><G106/><N who="0" m="63791" /><D37/><U89/><E1/><V102/><F102/><W58/><REACH who="3" step="1"/><G108/><REACH who="3" ten="275,72,333,310" step="2"/><T30/><D115/><U104/><E109/><V128/><F128/><W73/><G73/><T31/><D75/><U32/><E104/><V19/><F78/><W50/><AGARI ba="2,1" hai="17,23,26,36,40,46,50,52,53,54,56,58,60,67" machi="50" ten="20,8000,1" yaku="1,1,0,1,7,1,54,1,53,1" doraHai="121" doraHaiUra="41" who="3" fromWho="3" sc="275,-22,72,-22,333,-42,310,96" /><INIT seed="3,0,0,3,1,33" ten="253,50,291,406" oya="3" hai0="72,26,15,77,117,113,130,88,19,107,29,81,17" hai1="108,65,74,47,30,54,49,35,46,100,101,11,115" hai2="128,124,94,37,59,92,50,98,125,23,122,109,5" hai3="1,24,12,43,51,40,86,61,27,58,9,121,20"/><W10/><G121/><T95/><D117/><U119/><E115/><V106/><F37/><W48/><G1/><T42/><D130/><U82/><E108/><V123/><F5/><W64/><G10/><T99/><D113/><U134/><E134/><V104/><F23/><W96/><G96/><T38/><D15/><U69/><E119/><V66/><F50/><N who="3" m="18987" /><G86/><T31/><D107/><N who="2" m="41002" /><F59/><W57/><G57/><T34/><REACH who="0" step="1"/><D31/><REACH who="0" ten="243,50,291,406" step="2"/><U126/><E30/><V4/><F128/><W84/><G27/><T89/><D89/><U131/><E131/><V116/><F116/><W133/><G133/><T83/><D83/><U60/><E82/><V14/><F14/><W129/><G129/><T8/><D8/><U78/><E11/><V87/><F109/><W0/><G12/><T120/><D120/><N who="2" m="46122" /><F66/><W32/><G64/><T21/><D21/><U22/><E22/><V132/><F132/><W41/><G20/><T71/><D71/><U16/><E69/><V91/><F4/><W3/><G32/><T36/><D36/><U112/><E35/><V25/><F25/><W63/><G24/><T75/><D75/><U70/><E74/><V67/><F67/><W79/><G9/><T103/><D103/><AGARI ba="0,1" hai="87,91,92,94,98,103,124,125" m="46122,41002" machi="103" ten="30,3900,0" yaku="13,1,34,2" doraHai="33" who="2" fromWho="0" sc="243,-39,50,0,291,49,406,0" /><INIT seed="4,0,0,5,5,29" ten="204,50,340,406" oya="0" hai0="3,101,51,75,0,45,95,104,58,21,49,34,100" hai1="35,25,74,52,13,86,19,26,93,44,106,40,32" hai2="76,110,48,38,62,125,15,116,135,109,66,111,90" hai3="85,80,120,87,131,96,61,127,123,53,4,50,20"/><T24/><D75/><U129/><E74/><V7/><F38/><W132/><G132/><T71/><D71/><U56/><E106/><V27/><F76/><W83/><G4/><T65/><D104/><U98/><E129/><V113/><F113/><W1/><G1/><T30/><D0/><U114/><E86/><V59/><F135/><W8/><G8/><T78/><D3/><U11/><E114/><V70/><F116/><W91/><G61/><N who="0" m="38071" /><D34/><U117/><E117/><V118/><F125/><W57/><G127/><T89/><D78/><U108/><E108/><V126/><F118/><W82/><G131/><T42/><D51/><U14/><E14/><V55/><F126/><W88/><G96/><AGARI ba="0,0" hai="21,24,30,42,45,49,89,95,96,100,101" m="38071" machi="96" ten="30,1500,0" yaku="8,1" doraHai="29" who="0" fromWho="3" sc="204,15,50,0,340,0,406,-15" /><INIT seed="4,1,0,5,5,77" ten="219,50,340,391" oya="0" hai0="81,14,124,99,10,0,115,28,17,11,31,108,129" hai1="63,84,35,2,105,60,80,24,128,65,69,114,119" hai2="130,97,73,50,106,1,47,20,79,51,62,21,6" hai3="15,41,4,57,101,36,131,3,100,72,75,42,5"/><T107/><D115/><U7/><E119/><V45/><F130/><W66/><G131/><T82/><D129/><U39/><E128/><V86/><F73/><W68/><G57/><T46/><D124/><U74/><E39/><V111/><F111/><W18/><G18/><T32/><D32/><U89/><E114/><V25/><F1/><W104/><G15/><T55/><D108/><U12/><E2/><V132/><F6/><W85/><G85/><T98/><D0/><U93/><E105/><V90/><F79/><W133/><G3/><T23/><D107/><U61/><E74/><V121/><F132/><W56/><G56/><T96/><D11/><U9/><REACH who="1" step="1"/><E93/><REACH who="1" ten="219,40,340,391" step="2"/><V135/><F106/><W70/><G104/><T102/><D102/><U40/><E40/><V53/><F121/><W38/><G133/><T88/><D88/><U83/><E83/><N who="0" m="31753" /><D10/><U120/><E120/><V27/><F135/><W13/><G38/><T34/><D34/><U71/><E71/><V67/><F90/><W78/><G36/><T8/><D8/><U116/><E116/><V49/><F20/><W118/><G68/><T91/><D91/><U29/><AGARI ba="1,1" hai="7,9,12,24,29,35,60,61,63,65,69,80,84,89" machi="29" ten="30,12000,2" yaku="1,1,0,1,52,1,53,3" doraHai="77" doraHaiUra="58" who="1" fromWho="1" sc="219,-61,40,133,340,-31,391,-31" /><INIT seed="5,0,0,0,4,6" ten="158,173,309,360" oya="1" hai0="73,47,110,109,75,85,62,43,132,102,9,101,1" hai1="92,23,2,63,95,84,38,123,79,64,46,71,14" hai2="126,51,93,107,20,104,90,114,112,94,11,10,82" hai3="113,22,48,53,87,88,45,89,96,39,50,80,29"/><U13/><E123/><V76/><F20/><W98/><G113/><N who="2" m="43625" /><F51/><W0/><G0/><T42/><D85/><U49/><E2/><V15/><F94/><W105/><G39/><T120/><D62/><U65/><E38/><V30/><F30/><W27/><G105/><N who="2" m="40521" /><F15/><W4/><G4/><T32/><D32/><U133/><E133/><V111/><F126/><W121/><G121/><T103/><D120/><U99/><E23/><V59/><F59/><N who="3" m="33191" /><G89/><T24/><D24/><U61/><E95/><V69/><F69/><W44/><G44/><T86/><D47/><U37/><E37/><V28/><F28/><W56/><G56/><T33/><D33/><U118/><E118/><V31/><F31/><W19/><G29/><T60/><D60/><U21/><E21/><V25/><F111/><W5/><G5/><T78/><D110/><U16/><E63/><V12/><F12/><W117/><G117/><T52/><D109/><U67/><E61/><V106/><F25/><W40/><AGARI ba="0,0" hai="19,22,27,40,45,50,80,87,88,96,98" m="33191" machi="40" ten="30,2000,0" yaku="8,1,54,1" doraHai="6" who="3" fromWho="3" sc="158,-5,173,-10,309,-5,360,20" /><INIT seed="6,0,0,1,5,126" ten="153,163,304,380" oya="2" hai0="51,0,85,55,32,23,88,70,3,100,93,58,54" hai1="122,69,91,38,24,9,8,97,110,56,123,52,21" hai2="6,90,29,47,36,135,75,115,87,105,114,37,132" hai3="107,73,79,39,41,68,62,17,103,131,108,134,129"/><V76/><F47/><N who="3" m="23999" /><G17/><T113/><D113/><N who="2" m="43018" /><F6/><W78/><G108/><T65/><D32/><U35/><E110/><V42/><F29/><W28/><G28/><T40/><D40/><U109/><E69/><V63/><F63/><W124/><G134/><N who="2" m="51241" /><F42/><W49/><G49/><T119/><D119/><U67/><E67/><V48/><F48/><W112/><G112/><T10/><D55/><U71/><E71/><V59/><F59/><W44/><G44/><T5/><D100/><U26/><E38/><N who="2" m="14955" /><F105/><W111/><G62/><T34/><D34/><U22/><E35/><V120/><F120/><W84/><G68/><T57/><D70/><U19/><E109/><V128/><F75/><W43/><G73/><T117/><D117/><U1/><E123/><V118/><F76/><W130/><G43/><T45/><D65/><U13/><E122/><V80/><F118/><W25/><G111/><T116/><D116/><U81/><E56/><V15/><F15/><W82/><G78/><T7/><D23/><U125/><E21/><V99/><F99/><N who="3" m="61951" /><G25/><T121/><D121/><U61/><E26/><V66/><F66/><W127/><AGARI ba="0,0" hai="79,82,84,124,127,129,130,131" m="61951,23999" machi="127" ten="40,8000,1" yaku="19,1,52,3" doraHai="126" who="3" fromWho="3" sc="153,-20,163,-20,304,-40,380,80" /><INIT seed="7,0,0,0,5,5" ten="133,143,264,460" oya="3" hai0="117,83,135,110,40,43,12,44,15,52,129,100,134" hai1="68,37,116,30,128,75,97,115,130,109,70,59,99" hai2="93,4,57,61,101,81,14,9,26,54,71,91,28" hai3="1,105,63,67,124,50,27,87,72,77,132,58,74"/><W64/><G27/><T38/><D129/><N who="1" m="49771" /><E109/><V8/><F8/><W107/><G50/><T84/><D117/><U111/><E111/><V11/><F11/><W127/><G58/><T69/><D110/><U32/><E115/><V47/><F47/><W18/><G63/><T17/><D69/><N who="1" m="26731" /><E75/><V82/><F101/><W2/><G18/><T102/><D43/><U79/><E79/><V22/><F71/><W108/><G87/><AGARI ba="0,0" hai="4,9,14,22,26,28,54,57,61,81,82,87,91,93" machi="87" ten="30,3900,0" yaku="7,1,8,1,52,1" doraHai="5" who="2" fromWho="3" sc="133,0,143,0,264,39,460,-39" owari="133,-36.7,143,-25.7,303,10.3,421,52.1" /></mjloggm>