<mjloggm ver="2.3"><GO type="169" lobby="0"/><UN n0="%E3%83%8A%E3%82%B9%E3%83%9C%E3%82%A6" n1="%E5%8D%B5%E3%81%8B%E3%81%91%E6%B6%85%E6%A7%83" n2="%E9%87%8E%E4%B8%AD%E6%99%B4" n3="%E3%81%AB%E3%81%A3%E3%81%A1%E3%82%87" dan="16,16,16,17" rate="2037.56,2150.87,2057.00,2217.86" sx="M,M,F,M"/><TAIKYOKU oya="0"/><INIT seed="0,0,0,3,4,1" ten="250,250,250,250" oya="0" hai0="14,63,26,44,43,100,110,41,72,67,115,15,106" hai1="35,84,6,121,56,76,0,91,2,112,32,131,89" hai2="77,135,68,81,46,17,12,102,130,21,119,18,22" hai3="62,129,86,108,71,45,90,132,99,73,16,120,8"/><T126/><D115/><U13/><E121/><V48/><F130/><W80/><G108/><T107/><D43/><U57/><E131/><V101/><F135/><W104/><G132/><T25/><D72/><U11/><E84/><V105/><F68/><W50/><G129/><T42/><D126/><U133/><E13/><V34/><F34/><W37/><G37/><T23/><D110/><U70/><E11/><V128/><F128/><W36/><G36/><T65/><D100/><U29/><E133/><V59/><F59/><W55/><G73/><T127/><D44/><U39/><E39/><V88/><F105/><W38/><G38/><T85/><D85/><U51/><E51/><V78/><F119/><W122/><G71/><T111/><D111/><U33/><E70/><V64/><F64/><W27/><G62/><T114/><D23/><U24/><E24/><V31/><F31/><W96/><G27/><T93/><D93/><U74/><E29/><V116/><F116/><W54/><G54/><T69/><D69/><U28/><E28/><V47/><F12/><N who="3" m="7175" /><G104/><T98/><D63/><U82/><E112/><V75/><F75/><W79/><G79/><T3/><D114/><U123/><E0/><V61/><F61/><W103/><G103/><T19/><D3/><U52/><E2/><V60/><F60/><W125/><G125/><T66/><D66/><U118/><E74/><V113/><F113/><W49/><G49/><T95/><D127/><U87/><E76/><V94/><F48/><W53/><G53/><T134/><D134/><U20/><E118/><V83/><F88/><RYUUKYOKU ba="0,0" sc="250,-15,250,-15,250,15,250,15" hai2="17,18,21,22,46,47,77,78,81,83,94,101,102" hai3="45,50,55,80,86,90,96,99,120,122" /><INIT seed="1,1,0,1,5,24" ten="235,235,265,265" oya="1" hai0="54,46,121,26,110,79,73,85,20,71,116,13,34" hai1="82,108,52,43,32,42,72,58,76,90,75,39,19" hai2="14,106,36,55,120,33,60,132,37,64,65,98,5" hai3="107,8,83,88,51,45,117,87,31,25,129,127,66"/><U57/><E108/><V133/><F120/><W93/><G127/><T103/><D71/><U99/><E32/><V113/><F14/><W123/><G129/><T126/><D73/><U21/><E75/><V124/><F5/><W84/><G107/><T61/><D116/><U134/><E57/><N who="2" m="34879" /><F98/><W111/><G111/><T9/><D103/><U44/><E134/><N who="2" m="51819" /><F33/><W105/><G66/><N who="2" m="25705" /><F106/><W74/><G105/><T0/><D126/><U41/><E90/><V40/><F124/><W63/><G123/><T49/><D0/><U81/><E99/><V101/><F101/><W86/><G8/><T59/><D34/><U27/><REACH who="1" step="1"/><E82/><REACH who="1" ten="235,225,265,265" step="2"/><V10/><F113/><W130/><G74/><T135/><D135/><U115/><E115/><V6/><F6/><W102/><G83/><T1/><D110/><U125/><E125/><V17/><F10/><W35/><G102/><T2/><D121/><U53/><E53/><V50/><F17/><W118/><G118/><T67/><D85/><U122/><E122/><V29/><F29/><W131/><G117/><T23/><D79/><U3/><E3/><V68/><F68/><W77/><G77/><T48/><D2/><U114/><E114/><V95/><F95/><W4/><G4/><N who="0" m="3239" /><D1/><U97/><E97/><V112/><F112/><W62/><G86/><T80/><D80/><U30/><E30/><V69/><F69/><W28/><G28/><T70/><D26/><U92/><E92/><V16/><F16/><W89/><G84/><T38/><D70/><U7/><E7/><V18/><F18/><W91/><G87/><T96/><D96/><RYUUKYOKU ba="1,1" sc="235,-15,225,15,265,15,265,-15" hai1="19,21,27,39,41,42,43,44,52,58,72,76,81" hai2="36,37,40,50" /><INIT seed="1,2,1,4,0,50" ten="220,240,280,250" oya="1" hai0="76,71,132,122,40,51,48,46,24,125,41,54,106" hai1="32,93,5,81,96,11,69,18,123,55,39,130,94" hai2="68,17,3,56,19,133,61,117,33,135,30,53,2" hai3="114,126,98,12,72,63,92,105,64,116,34,129,0"/><U83/><E130/><V103/><F117/><W79/><G0/><N who="2" m="41" /><F103/><W65/><G34/><T107/><D122/><U104/><E123/><V6/><F6/><W85/><G129/><T58/><D71/><U60/><E39/><V9/><F68/><W86/><G72/><T67/><D67/><U23/><E32/><V100/><F100/><W62/><G105/><T26/><D76/><U80/><E104/><V59/><F9/><W43/><G43/><T45/><D132/><N who="2" m="50762" /><F59/><W95/><G116/><T75/><D75/><U101/><E94/><V37/><F37/><W27/><G95/><T120/><D120/><U38/><E38/><V88/><F88/><W36/><G92/><T89/><D89/><U21/><E69/><V97/><F97/><W13/><G98/><T121/><D121/><U22/><E5/><V87/><F87/><W20/><G86/><T25/><REACH who="0" step="1"/><D125/><REACH who="0" ten="210,240,280,250" step="2"/><U57/><REACH who="1" step="1"/><E11/><REACH who="1" ten="210,230,280,250" step="2"/><V111/><F111/><W52/><G126/><T28/><D28/><U108/><E108/><V70/><F70/><W109/><G109/><T66/><D66/><U73/><E73/><V8/><F8/><W99/><G65/><T102/><D102/><U14/><AGARI ba="2,3" hai="14,18,21,22,23,55,57,60,80,81,83,93,96,101" machi="14" ten="30,12000,1" yaku="1,1,0,1,8,1,52,1,53,1" doraHai="50" doraHaiUra="49" who="1" fromWho="1" sc="210,-42,230,156,280,-42,250,-42" /><INIT seed="1,3,0,3,1,13" ten="168,386,238,208" oya="1" hai0="16,7,108,70,105,39,22,96,112,69,27,113,103" hai1="35,87,62,48,107,54,76,131,68,82,34,75,118" hai2="2,5,120,31,32,80,73,88,1,92,85,128,15" hai3="100,97,129,134,98,126,25,135,95,86,84,72,28"/><U18/><E131/><V83/><F128/><W79/><G129/><T8/><D39/><U4/><E118/><V53/><F120/><W36/><G36/><T43/><D43/><U9/><E107/><V37/><F37/><W19/><G28/><T47/><D47/><U52/><E75/><V10/><F32/><W26/><G126/><T133/><D133/><N who="3" m="50697" /><G26/><T49/><D49/><U64/><E54/><V0/><F31/><W21/><G97/><T74/><D74/><U30/><E30/><V114/><F114/><W102/><G102/><T111/><D112/><U50/><E50/><V3/><F73/><W125/><G125/><T90/><D90/><U55/><E55/><V123/><F123/><W71/><G71/><T104/><D104/><U94/><E94/><V12/><N who="2" m="0" /><DORA hai="67" /><V44/><F44/><W41/><G41/><T65/><D113/><U56/><REACH who="1" step="1"/><E4/><REACH who="1" ten="168,376,238,208" step="2"/><V63/><F53/><W24/><G72/><T91/><D65/><U117/><E117/><V29/><F29/><W81/><G86/><T78/><D78/><U77/><E77/><V14/><F63/><W101/><G84/><T33/><D33/><U110/><E110/><N who="0" m="42025" /><D91/><U61/><E61/><V89/><REACH who="2" step="1"/><F80/><REACH who="2" ten="168,376,228,208" step="2"/><W119/><G81/><T116/><D116/><U51/><E51/><V60/><F60/><W6/><G119/><T57/><D57/><U124/><E124/><V106/><F106/><W11/><G95/><T115/><D115/><U42/><E42/><V127/><F127/><W93/><G93/><T45/><D45/><U109/><E109/><V23/><F23/><W46/><G21/><RYUUKYOKU ba="3,2" sc="168,10,376,10,228,10,208,-30" hai0="7,8,16,22,27,69,70,96,103,105" hai1="9,18,34,35,48,52,56,62,64,68,76,82,87" hai2="5,10,12,14,15,83,85,88,89,92" /><INIT seed="1,4,2,5,5,133" ten="178,386,238,178" oya="1" hai0="56,88,7,76,92,42,13,36,73,120,117,60,81" hai1="119,110,34,25,40,135,54,24,79,97,62,70,55" hai2="35,74,3,17,71,77,28,102,45,65,95,94,15" hai3="68,124,20,23,126,67,125,104,32,59,123,10,93"/><U21/><E135/><V130/><F3/><W89/><G123/><T26/><D120/><U105/><E119/><V64/><F130/><W129/><G129/><T51/><D26/><U108/><E40/><V5/><F5/><W31/><G68/><T128/><D128/><U91/><E79/><V16/><F77/><W115/><G104/><T87/><D117/><U101/><E91/><V19/><F74/><W107/><G107/><T113/><D113/><U4/><E4/><V103/><F71/><W11/><G32/><T38/><D51/><U84/><E84/><V114/><F114/><W58/><G115/><T99/><D42/><U12/><E12/><V66/><F45/><W0/><G0/><T22/><D73/><U96/><E96/><V61/><F61/><N who="3" m="38327" /><G59/><T39/><D22/><N who="3" m="8233" /><G31/><T44/><D44/><U53/><E34/><V27/><REACH who="2" step="1"/><F15/><REACH who="2" ten="178,386,228,178" step="2"/><W49/><G49/><T131/><D131/><U57/><E70/><V6/><F6/><W85/><AGARI ba="4,3" hai="10,11,85,89,93,124,125,126" m="8233,38327" machi="85" ten="40,8000,1" yaku="18,1,52,3" doraHai="133" who="3" fromWho="3" sc="178,-24,386,-44,228,-24,178,122" /><INIT seed="2,0,0,5,2,101" ten="154,342,204,300" oya="2" hai0="110,107,40,12,11,85,57,29,27,103,126,83,38" hai1="93,25,54,117,15,76,21,4,50,70,47,102,39" hai2="37,63,112,10,119,133,65,20,0,16,120,80,7" hai3="36,3,41,34,130,35,60,135,105,31,52,56,62"/><V78/><F133/><W48/><G3/><T17/><D110/><U123/><E117/><V82/><F119/><W13/><G135/><T66/><D126/><U9/><E123/><V111/><F120/><W79/><G130/><T42/><D38/><U90/><E39/><V95/><F112/><W92/><G105/><T55/><D66/><U99/><E70/><V81/><F37/><W2/><G2/><T24/><D103/><U77/><REACH who="1" step="1"/><E102/><REACH who="1" ten="154,332,204,300" step="2"/><V30/><F111/><W5/><G36/><T88/><D107/><U134/><E134/><V100/><F100/><W87/><G35/><T97/><D97/><U68/><E68/><V23/><F95/><W108/><G34/><T43/><REACH who="0" step="1"/><D29/><AGARI ba="0,1" hai="4,9,15,21,25,29,47,50,54,76,77,90,93,99" machi="29" ten="30,7700,0" yaku="1,1,7,1,8,1,53,1" doraHai="101" doraHaiUra="18" who="1" fromWho="0" sc="154,-77,332,87,204,0,300,0" /><INIT seed="3,0,0,0,4,112" ten="77,419,204,300" oya="3" hai0="89,39,64,53,91,129,48,49,50,94,36,24,41" hai1="33,10,119,134,57,120,133,40,44,103,28,59,34" hai2="98,67,82,126,47,73,84,118,99,14,79,23,12" hai3="132,102,60,9,122,3,31,62,130,127,4,29,92"/><W21/><G122/><T72/><D72/><U46/><E10/><V43/><F126/><W52/><G127/><T58/><D91/><U17/><E120/><V113/><F113/><W76/><G130/><T42/><D129/><U70/><E70/><V65/><F118/><W115/><G115/><T111/><D89/><U30/><E17/><V96/><F73/><W69/><G132/><T6/><D6/><U68/><E68/><V66/><REACH who="2" step="1"/><F23/><REACH who="2" ten="77,419,194,300" step="2"/><W7/><G21/><T83/><D111/><U128/><E128/><V124/><F124/><W123/><G123/><T100/><D24/><U80/><E119/><V8/><F8/><W20/><G20/><T77/><D77/><U93/><E134/><V37/><AGARI ba="0,1" hai="12,14,37,43,47,65,66,67,79,82,84,96,98,99" machi="37" ten="30,7900,0" yaku="1,1,0,1,53,2" doraHai="112" doraHaiUra="11" who="2" fromWho="2" sc="77,-20,419,-20,194,89,300,-39" /><INIT seed="4,0,0,0,3,85" ten="57,399,283,261" oya="0" hai0="98,6,96,20,21,57,79,18,43,5,53,56,101" hai1="37,32,126,115,59,97,77,128,58,74,67,130,65" hai2="3,45,135,4,42,86,127,134,133,124,75,104,105" hai3="19,10,52,33,39,29,41,120,15,102,25,118,116"/><T40/><D79/><U94/><E32/><V119/><F3/><W13/><G120/><T26/><D101/><U34/><E34/><V30/><F30/><W62/><G102/><T11/><D11/><U89/><E37/><V36/><F4/><W111/><G111/><T28/><D18/><U38/><E38/><V71/><F71/><W7/><G41/><T49/><D21/><U78/><E74/><V22/><F22/><W80/><G39/><T112/><D112/><U63/><E115/><V103/><F119/><W113/><G80/><T23/><D23/><U88/><E126/><N who="2" m="48171" /><F103/><W47/><G113/><T60/><D5/><U99/><E63/><V76/><F86/><W93/><G93/><AGARI ba="0,0" hai="58,59,65,67,77,78,88,89,93,94,97,99,128,130" machi="93" ten="25,8000,1" yaku="22,2,52,2,54,1" doraHai="85" who="1" fromWho="3" sc="57,0,399,80,283,0,261,-80" /><INIT seed="5,0,0,5,2,29" ten="57,479,283,181" oya="1" hai0="11,127,118,99,85,83,37,22,123,116,90,48,73" hai1="9,92,103,43,84,69,80,106,132,121,51,70,98" hai2="66,64,17,89,95,111,24,8,38,94,112,114,35" hai3="59,62,67,13,117,56,122,19,46,131,93,129,47"/><U81/><E132/><V40/><F111/><W68/><G122/><T54/><D37/><U107/><E121/><V25/><F38/><W91/><G117/><T130/><D123/><U53/><E43/><V16/><F40/><W79/><G79/><T42/><D42/><U105/><E9/><V72/><F72/><W109/><G109/><T128/><D73/><U5/><E5/><V27/><F8/><W58/><G91/><T102/><D22/><U6/><E6/><V75/><F75/><W104/><G93/><T52/><D54/><U108/><E108/><V124/><F124/><W26/><G104/><T76/><D76/><U100/><E100/><V65/><F35/><W39/><G26/><T115/><D115/><N who="2" m="44074" /><F89/><W74/><G74/><T30/><D30/><U101/><E101/><V20/><F20/><N who="3" m="11375" /><G39/><T71/><D127/><U15/><E15/><V61/><F61/><W45/><G68/><T87/><D71/><U97/><E97/><V55/><F55/><W1/><G1/><T86/><D11/><U41/><E41/><V119/><F119/><W77/><G77/><T34/><D34/><U28/><E28/><V78/><F78/><W44/><N who="3" m="11264" /><DORA hai="0" /><W33/><G33/><T50/><D116/><U14/><E14/><V120/><F120/><W96/><G96/><T110/><D118/><U36/><E36/><V63/><F63/><W2/><G2/><T125/><D125/><U12/><E12/><V32/><F32/><W134/><G134/><T57/><D110/><U10/><E103/><V82/><F82/><W133/><G133/><T31/><D83/><RYUUKYOKU ba="0,0" sc="57,-15,479,-15,283,15,181,15" hai2="16,17,24,25,27,64,65,66,94,95" hai3="56,58,59,62,67,129,131" /><INIT seed="6,1,0,0,4,24" ten="42,464,298,196" oya="2" hai0="91,9,135,0,97,114,75,115,37,108,107,47,15" hai1="93,69,54,67,12,132,117,74,14,65,28,59,116" hai2="20,113,60,29,38,48,129,130,122,56,105,106,101" hai3="2,32,127,68,23,33,16,13,27,103,92,111,58"/><V7/><F122/><W81/><G68/><T41/><D108/><U123/><E74/><V3/><F38/><W31/><G111/><T80/><D135/><U43/><E43/><V53/><F113/><W86/><G127/><T84/><D0/><U95/><E69/><V63/><F7/><W76/><G2/><T10/><D75/><U124/><E59/><V42/><F3/><W19/><G19/><T44/><D44/><U51/><E51/><V39/><F39/><W64/><G92/><T98/><D10/><U125/><E54/><V22/><F42/><W109/><G103/><T34/><D34/><U89/><E89/><V8/><F8/><W21/><REACH who="3" step="1"/><G109/><REACH who="3" ten="42,464,298,186" step="2"/><T6/><REACH who="0" step="1"/><D107/><REACH who="0" ten="32,464,298,186" step="2"/><U134/><E123/><V72/><F106/><W110/><G110/><T11/><D11/><U18/><E18/><V61/><F105/><W85/><G85/><T77/><D77/><U62/><E125/><V83/><F72/><W104/><G104/><T66/><D66/><U46/><E124/><V71/><F71/><W30/><G30/><T1/><D1/><U73/><E28/><V128/><F29/><W40/><G40/><T26/><D26/><U79/><E65/><V131/><F131/><W99/><G99/><AGARI ba="1,2" hai="6,9,15,37,41,47,80,84,91,97,98,99,114,115" machi="99" ten="40,2600,0" yaku="1,1,53,1" doraHai="24" doraHaiUra="82" who="0" fromWho="3" sc="32,49,464,0,298,0,186,-29" /><INIT seed="7,0,0,2,4,2" ten="81,464,298,157" oya="3" hai0="105,107,59,81,130,41,79,66,82,111,1,71,112" hai1="3,123,108,119,57,52,85,13,29,5,118,135,21" hai2="53,6,115,83,32,33,63,73,95,129,42,124,51" hai3="113,39,4,89,22,9,24,23,50,17,44,133,80"/><W91/><G113/><T126/><D111/><U125/><E108/><V93/><F115/><W15/><G133/><T36/><D112/><U64/><E135/><V47/><F129/><W74/><G39/><T88/><D130/><U54/><E123/><V10/><F124/><W30/><G74/><T46/><D126/><U86/><E125/><V40/><F33/><W45/><G80/><T27/><D27/><N who="1" m="16623" /><E3/><V43/><F32/><W26/><REACH who="3" step="1"/><G44/><REACH who="3" ten="81,464,298,147" step="2"/><T114/><D114/><U90/><E119/><V103/><F73/><W121/><G121/><T28/><D28/><U62/><E118/><V132/><F83/><W94/><G94/><T106/><D79/><U49/><E64/><V25/><F132/><W56/><G56/><T58/><D81/><N who="1" m="49455" /><E86/><V60/><F95/><W76/><G76/><T12/><D12/><U72/><E72/><V87/><F87/><W98/><G98/><T77/><D59/><N who="1" m="35175" /><E13/><N who="2" m="5335" /><F25/><W70/><G70/><T31/><D31/><U18/><E18/><V65/><F65/><W38/><G38/><T61/><D58/><U7/><AGARI ba="0,1" hai="5,7,49,54,57" m="35175,49455,16623" machi="7" ten="30,7900,0" yaku="8,1,52,2,54,1" doraHai="2" who="1" fromWho="1" sc="81,-20,464,89,298,-20,147,-39" owari="61,-43.9,553,65.3,278,7.8,108,-29.2" /></mjloggm>