<mjloggm ver="2.3"><GO type="169" lobby="0"/><UN n0="%E3%83%97%E3%83%AC%E3%82%AF%E3%83%A9%E3%82%B9%E3%83%8B%E3%83%BC" n1="%4D%72%52%41%4D%4F" n2="%E3%81%B2%E3%81%90%E3%81%A1" n3="%41%6D%61%79%62%65" dan="16,16,16,16" rate="2179.42,2107.04,2145.26,2157.28" sx="M,M,M,M"/><TAIKYOKU oya="0"/><INIT seed="0,0,0,5,4,132" ten="250,250,250,250" oya="0" hai0="84,100,115,69,123,36,64,26,122,128,127,38,32" hai1="120,16,87,90,89,98,8,3,80,119,121,19,0" hai2="86,2,56,72,131,101,17,126,96,130,35,4,67" hai3="9,10,6,65,74,54,22,52,76,106,7,102,43"/><T71/><D115/><U125/><E119/><V62/><F72/><W42/><G65/><T111/><D100/><U113/><E113/><V12/><F35/><W66/><G66/><T93/><D128/><U44/><E44/><V21/><F86/><W110/><G110/><T91/><D64/><U85/><E98/><V27/><F2/><W59/><G106/><T29/><D111/><U47/><E47/><V46/><F46/><W108/><G102/><T18/><D18/><U99/><E99/><V28/><F4/><W30/><G76/><T135/><D135/><U109/><E109/><V53/><F53/><W75/><G108/><T1/><D1/><U13/><E13/><V20/><REACH who="2" step="1"/><F126/><REACH who="2" ten="250,250,240,250" step="2"/><W78/><G74/><T5/><D127/><U114/><E114/><V15/><F15/><W129/><G75/><T94/><D5/><U61/><E125/><V79/><F79/><W50/><G78/><T45/><D45/><U34/><E34/><V116/><F116/><W92/><G54/><T82/><D38/><U40/><E0/><V68/><F68/><W73/><G73/><T31/><D36/><U83/><E3/><V60/><F60/><W33/><G33/><T70/><D31/><U118/><E61/><V103/><F103/><W37/><G37/><T39/><D39/><U107/><E118/><V117/><F117/><W41/><G30/><T95/><AGARI ba="0,1" hai="26,29,32,69,70,71,82,84,91,93,94,95,122,123" machi="95" ten="40,2100,0" yaku="0,1" doraHai="132" who="0" fromWho="0" sc="250,31,250,-7,240,-7,250,-7" /><INIT seed="0,1,0,5,3,71" ten="281,243,233,243" oya="0" hai0="21,12,63,15,73,51,106,34,20,61,128,30,94" hai1="88,64,67,87,14,124,33,42,90,49,102,80,10" hai2="99,126,93,108,52,103,116,112,41,68,37,69,77" hai3="48,53,105,43,59,127,65,72,133,122,125,104,29"/><T117/><D106/><U115/><E33/><V56/><F112/><W55/><G72/><T0/><D73/><U24/><E115/><V54/><F108/><W113/><G113/><T119/><D34/><U70/><E124/><N who="3" m="47690" /><G29/><T75/><D75/><U3/><E3/><V4/><F126/><W60/><G105/><T47/><D30/><U22/><E102/><V40/><F116/><W100/><G100/><T98/><D128/><U18/><E70/><V17/><F4/><W1/><G1/><T120/><D0/><U92/><E49/><V114/><F114/><W95/><G95/><T78/><D78/><U76/><E42/><V19/><F77/><W25/><G25/><T132/><D120/><U8/><E8/><V96/><F93/><W39/><G104/><T9/><D9/><U79/><E79/><V6/><F103/><W118/><G118/><T129/><D129/><U16/><REACH who="1" step="1"/><E90/><REACH who="1" ten="281,233,233,243" step="2"/><V111/><F68/><W35/><G35/><T32/><D32/><U84/><AGARI ba="1,1" hai="10,14,16,18,22,24,64,67,76,80,84,87,88,92" machi="84" ten="20,12000,2" yaku="1,1,2,1,0,1,7,1,8,1,54,2,53,0" doraHai="71" doraHaiUra="50" who="1" fromWho="1" sc="281,-61,233,133,233,-31,243,-31" /><INIT seed="1,0,0,0,1,119" ten="220,366,202,212" oya="1" hai0="1,129,130,104,76,87,39,107,55,67,51,126,25" hai1="42,121,82,59,80,95,85,92,21,33,111,124,74" hai2="29,11,88,10,135,96,91,75,83,9,102,38,23" hai3="36,71,108,15,62,3,101,133,97,28,52,64,68"/><U98/><E33/><V63/><F38/><W112/><G112/><T40/><D39/><U90/><E42/><V58/><F135/><W78/><G3/><T134/><D1/><U123/><E59/><V37/><F37/><W103/><G36/><T94/><D40/><U14/><E124/><V120/><F120/><N who="1" m="46153" /><E21/><V45/><F45/><W41/><G28/><T115/><D134/><U61/><E14/><V86/><F75/><W128/><G15/><T72/><D115/><U24/><E61/><V43/><F43/><W4/><G62/><T73/><D67/><U32/><E24/><N who="2" m="16543" /><F102/><W109/><G64/><T131/><D25/><U22/><E22/><V19/><F96/><W17/><G97/><T8/><D8/><U66/><E66/><N who="2" m="39287" /><F91/><W89/><G89/><N who="0" m="53567" /><D126/><U7/><E7/><V31/><F31/><W49/><G4/><T132/><D132/><U113/><E32/><V18/><AGARI ba="0,0" hai="9,10,11,18,19,83,86,88" m="39287,16543" machi="18" ten="30,2000,0" yaku="8,1,54,1" doraHai="119" who="2" fromWho="2" sc="220,-5,366,-10,202,20,212,-5" /><INIT seed="2,0,0,2,4,11" ten="215,356,222,207" oya="2" hai0="128,35,102,63,30,25,52,18,106,81,39,27,108" hai1="99,100,47,124,88,61,132,49,12,70,109,89,69" hai2="38,116,96,3,104,57,1,36,29,74,111,6,8" hai3="134,15,123,97,44,110,76,20,119,133,26,28,42"/><V98/><F116/><W112/><G119/><T121/><D108/><U40/><E109/><V77/><F111/><W73/><G110/><T67/><D128/><U82/><E132/><V122/><F122/><W83/><G123/><T21/><D121/><U95/><E124/><V51/><F29/><W9/><G97/><T115/><D39/><U14/><E70/><V87/><F87/><W80/><G80/><T5/><D115/><U64/><E82/><V7/><F51/><W101/><G101/><T114/><D5/><U75/><E75/><V131/><F57/><W91/><G91/><T113/><D81/><U2/><E2/><V118/><F118/><W23/><G23/><T41/><D41/><U45/><E89/><V66/><F66/><W127/><G127/><T33/><D33/><U43/><E100/><V54/><F54/><W71/><G71/><N who="0" m="42495" /><D52/><U90/><E90/><V31/><F31/><W48/><REACH who="3" step="1"/><G112/><REACH who="3" ten="215,356,222,197" step="2"/><T65/><D65/><U103/><E103/><V68/><F68/><W34/><G34/><T58/><D114/><U55/><E55/><V22/><F22/><W0/><G0/><T32/><D32/><U120/><E120/><V126/><F126/><W46/><G46/><T13/><D113/><U125/><E125/><V72/><F8/><W93/><G93/><T85/><D102/><U59/><E69/><V94/><F94/><W130/><G130/><T105/><D105/><U117/><E117/><V129/><F77/><W92/><G92/><T86/><D106/><AGARI ba="0,1" hai="1,3,6,7,36,38,72,74,96,98,104,106,129,131" machi="106" ten="25,2400,0" yaku="22,2" doraHai="11" who="2" fromWho="0" sc="215,-24,356,0,222,34,197,0" /><INIT seed="2,1,0,2,2,15" ten="191,356,256,197" oya="2" hai0="18,127,65,13,128,123,71,122,27,51,94,20,76" hai1="41,34,26,35,86,43,58,124,0,135,7,100,48" hai2="16,47,45,96,64,133,97,104,82,39,74,130,85" hai3="31,53,10,23,59,83,109,46,77,112,99,114,129"/><V30/><F74/><W2/><G109/><T24/><D127/><U22/><E124/><V90/><F30/><W95/><G129/><T70/><D128/><U111/><E111/><V134/><F130/><W79/><G46/><N who="2" m="17417" /><F39/><W8/><G31/><T119/><D119/><U33/><E135/><N who="2" m="51723" /><F104/><W19/><G112/><T93/><D51/><U6/><E100/><V116/><F64/><W81/><G114/><T69/><D65/><U120/><E120/><V102/><F116/><W78/><G81/><T117/><D117/><U28/><E86/><V103/><F96/><W88/><G83/><T106/><D76/><U52/><REACH who="1" step="1"/><E0/><REACH who="1" ten="191,346,256,197" step="2"/><V101/><F97/><W75/><G2/><T61/><D123/><U92/><E92/><V98/><F98/><W105/><G75/><T5/><D122/><U32/><N who="1" m="8192" /><DORA hai="36" /><U110/><E110/><V132/><F132/><W126/><G126/><T67/><D106/><U121/><E121/><V89/><F89/><W131/><G105/><T49/><D94/><U66/><E66/><V118/><F118/><W44/><G131/><T21/><D93/><U29/><E29/><V25/><F102/><W60/><REACH who="3" step="1"/><G44/><REACH who="3" ten="191,346,256,187" step="2"/><T108/><D108/><U107/><E107/><V14/><F101/><W17/><G17/><N who="0" m="12303" /><D71/><U11/><E11/><N who="2" m="6239" /><F103/><W40/><G40/><AGARI ba="1,2" hai="6,7,22,26,28,40,41,43,48,52,58" m="8192" machi="40" ten="70,12000,2" yaku="1,1,52,3,54,1,53,2" doraHai="15,36" doraHaiUra="1,12" who="1" fromWho="3" sc="191,0,346,143,256,0,187,-123" /><INIT seed="3,0,0,3,1,15" ten="191,489,256,64" oya="3" hai0="91,18,38,34,79,36,70,83,120,7,22,44,21" hai1="60,45,94,129,40,26,61,75,103,55,14,53,47" hai2="17,131,66,78,132,85,48,89,97,23,41,30,37" hai3="68,76,8,122,133,92,49,65,121,115,73,32,57"/><W82/><G115/><T126/><D120/><U28/><E75/><V52/><F131/><W63/><G32/><T10/><D70/><U1/><E1/><V84/><F132/><W119/><G119/><T20/><D34/><U16/><E129/><V19/><F66/><W67/><G133/><T130/><D126/><U110/><E110/><V111/><F111/><W27/><G27/><T6/><D91/><U5/><E5/><V87/><F37/><W114/><G114/><T58/><D58/><U46/><E40/><V86/><F41/><W118/><G118/><T59/><D130/><U74/><E74/><V50/><F50/><W54/><G67/><T105/><D105/><U102/><E26/><N who="2" m="16735" /><F97/><W43/><G92/><T125/><D125/><U4/><E4/><V77/><F77/><W51/><REACH who="3" step="1"/><G8/><REACH who="3" ten="191,489,256,54" step="2"/><T33/><D33/><U39/><E94/><N who="2" m="54567" /><F78/><W12/><G12/><T69/><D79/><U56/><E28/><V11/><F11/><W90/><G90/><T127/><D127/><U81/><E81/><V98/><F98/><W2/><G2/><T0/><D83/><U24/><E24/><V25/><F25/><W128/><G128/><T88/><D88/><U117/><E117/><V134/><F134/><W108/><G108/><T95/><D95/><U106/><E106/><V135/><F135/><W123/><G123/><T116/><D116/><U71/><E103/><V35/><F35/><W101/><G101/><T9/><D0/><U100/><E100/><V104/><F104/><W96/><G96/><T124/><D124/><U64/><E102/><V99/><F99/><RYUUKYOKU ba="0,1" sc="191,-15,489,-15,256,15,54,15" hai2="17,19,48,52,85,86,87" hai3="43,49,51,54,57,63,65,68,73,76,82,121,122" /><INIT seed="3,1,1,5,4,16" ten="176,474,271,69" oya="3" hai0="88,118,124,55,67,19,37,27,135,90,33,61,86" hai1="23,63,127,46,5,35,44,36,83,21,6,92,75" hai2="109,123,117,4,74,111,41,32,68,87,49,79,38" hai3="31,42,113,52,85,15,47,93,102,66,114,14,82"/><W130/><G130/><T95/><D118/><U104/><E104/><V9/><F117/><W8/><G66/><T34/><D124/><U1/><E35/><V65/><F123/><W30/><G113/><T122/><D135/><U106/><E106/><V103/><F103/><W77/><G114/><T43/><D122/><U133/><E133/><V91/><F32/><W129/><G129/><T58/><D37/><U50/><E127/><V60/><F49/><W64/><G64/><T22/><D43/><N who="1" m="22631" /><E92/><V48/><F48/><N who="3" m="28703" /><G42/><T119/><D119/><U73/><E6/><V116/><F116/><W72/><G72/><T100/><D100/><U89/><E89/><V98/><F98/><N who="3" m="59727" /><G15/><T56/><REACH who="0" step="1"/><D90/><REACH who="0" ten="166,474,271,69" step="2"/><U11/><E73/><V110/><F41/><W84/><G84/><T131/><D131/><U125/><E125/><V59/><F38/><W40/><G40/><T13/><D13/><U25/><E75/><V20/><F74/><W26/><G26/><T54/><D54/><U45/><E25/><V12/><F91/><W18/><AGARI ba="1,2" hai="8,14,18,30,31,77,82,85" m="59727,28703" machi="18" ten="30,3000,0" yaku="8,1,54,1" doraHai="16" who="3" fromWho="3" sc="166,-11,474,-11,271,-11,69,53" /><INIT seed="3,2,0,3,2,122" ten="155,463,260,122" oya="3" hai0="60,26,132,17,106,113,117,87,49,18,96,76,52" hai1="121,0,103,32,47,45,61,54,70,48,53,58,29" hai2="16,30,6,101,127,128,24,42,102,71,134,89,91" hai3="68,37,115,120,7,41,95,99,3,20,64,34,131"/><W123/><G34/><T1/><D117/><U97/><E121/><V56/><F71/><W22/><G115/><T107/><D113/><U35/><E0/><V19/><F128/><W67/><G131/><T93/><D1/><U65/><E29/><V51/><F6/><W43/><G3/><T84/><D132/><U77/><E77/><V80/><F134/><W124/><G7/><T28/><D107/><U119/><E119/><V50/><F127/><W12/><G124/><T75/><D106/><U72/><E72/><V116/><F116/><W57/><G68/><T111/><D60/><U62/><E45/><V129/><F129/><W78/><G78/><T11/><D111/><U104/><AGARI ba="2,0" hai="32,35,47,48,53,54,58,61,62,65,70,97,103,104" machi="104" ten="20,1500,0" yaku="0,1,7,1" doraHai="122" who="1" fromWho="1" sc="155,-6,463,21,260,-6,122,-9" /><INIT seed="4,0,0,3,1,40" ten="149,484,254,113" oya="0" hai0="75,68,73,71,100,92,125,33,135,96,36,11,93" hai1="102,133,80,57,82,27,112,77,14,49,46,97,110" hai2="113,6,56,32,111,99,78,116,91,64,105,20,95" hai3="101,22,42,122,76,50,84,107,67,60,104,81,127"/><T61/><D33/><U130/><E110/><V28/><F111/><W43/><G127/><T21/><D125/><U98/><E130/><V106/><F32/><W134/><G134/><T62/><D135/><U24/><E133/><V3/><F113/><W69/><G122/><T31/><D36/><U5/><E112/><V51/><F116/><W2/><G2/><T0/><D0/><U34/><E34/><V126/><F126/><W41/><G101/><T18/><D31/><U94/><E57/><V70/><F70/><W63/><G63/><T114/><D11/><U132/><E97/><V119/><F119/><W83/><G22/><T85/><D114/><U26/><E77/><V12/><F3/><W74/><REACH who="3" step="1"/><G50/><REACH who="3" ten="149,484,254,103" step="2"/><T89/><D62/><U16/><E132/><V39/><F51/><W88/><AGARI ba="0,1" hai="41,42,43,60,67,69,74,76,81,83,84,88,104,107" machi="88" ten="30,7900,0" yaku="1,1,2,1,0,1,54,1,53,0" doraHai="40" doraHaiUra="15" who="3" fromWho="3" sc="149,-39,484,-20,254,-20,103,89" /><INIT seed="5,0,0,3,4,93" ten="110,464,234,192" oya="1" hai0="13,34,51,15,62,109,119,91,45,6,116,1,108" hai1="66,81,24,98,16,123,130,69,120,49,110,65,39" hai2="83,14,43,61,121,5,58,114,48,113,12,4,38" hai3="126,36,9,99,52,40,37,100,129,79,89,20,31"/><U11/><E39/><V42/><F38/><W68/><G68/><T135/><D34/><U132/><E130/><V73/><F121/><W95/><G129/><T87/><D1/><U103/><E132/><V85/><F73/><W2/><G126/><T96/><D135/><U22/><E110/><V80/><F48/><W78/><G31/><T92/><D109/><U67/><E69/><V56/><REACH who="2" step="1"/><F85/><REACH who="2" ten="110,464,224,192" step="2"/><W90/><G37/><T41/><D108/><U82/><E49/><V74/><F74/><W127/><G36/><T134/><D134/><U7/><E120/><V33/><F33/><W17/><G127/><T106/><D116/><U25/><E123/><V50/><F50/><W112/><G40/><T88/><D119/><U10/><E25/><V29/><F29/><W18/><G112/><T35/><D35/><U133/><E133/><V104/><F104/><W117/><G117/><T71/><D106/><U21/><E24/><V115/><F115/><W46/><G46/><T131/><D131/><U97/><E82/><V125/><F125/><W0/><G95/><T8/><D62/><AGARI ba="0,1" hai="4,5,12,14,42,43,56,58,61,62,80,83,113,114" machi="62" ten="25,3200,0" yaku="1,1,22,2,53,0" doraHai="93" doraHaiUra="23" who="2" fromWho="0" sc="110,-32,464,0,224,42,192,0" /><INIT seed="6,0,0,2,3,28" ten="78,464,266,192" oya="2" hai0="112,100,60,10,51,35,125,65,92,53,67,121,64" hai1="103,17,42,33,29,31,57,27,73,98,37,9,16" hai2="79,85,127,1,36,49,116,135,134,34,101,38,91" hai3="89,2,61,84,107,55,74,23,32,88,87,105,83"/><V109/><F1/><W99/><G2/><T90/><D121/><U52/><E73/><V47/><F116/><W110/><G110/><T14/><D125/><U3/><E31/><V95/><F127/><W71/><G74/><T43/><D100/><U21/><E42/><V114/><F114/><W76/><G23/><T15/><D112/><U62/><E37/><V108/><F79/><W86/><G32/><T130/><D43/><U20/><E17/><V41/><F101/><W131/><G55/><T58/><D130/><U44/><E44/><V18/><F18/><W80/><G61/><T119/><D119/><U11/><E3/><V22/><F22/><W39/><G71/><T132/><D132/><N who="2" m="50730" /><F34/><W8/><G8/><T13/><D35/><U111/><E111/><AGARI ba="0,0" hai="36,38,41,47,49,85,91,95,108,109,111" m="50730" machi="111" ten="30,2900,0" yaku="10,1,20,1" doraHai="28" who="2" fromWho="1" sc="78,0,464,-29,266,29,192,0" /><INIT seed="6,1,0,0,0,46" ten="78,435,295,192" oya="2" hai0="11,110,22,15,96,6,37,134,9,125,114,84,4" hai1="68,119,124,63,81,88,0,7,65,90,14,95,106" hai2="52,109,76,73,58,79,127,135,91,132,129,101,117" hai3="99,25,92,64,85,74,116,83,5,94,18,112,133"/><V53/><F117/><W69/><G116/><T43/><D110/><U44/><E106/><V59/><F101/><W89/><G133/><T45/><D134/><N who="2" m="51242" /><F109/><W20/><G112/><T33/><D114/><U87/><E119/><V67/><F67/><W39/><G39/><T78/><D125/><U12/><E124/><V23/><F127/><W70/><G64/><T128/><D33/><U48/><E7/><V40/><F40/><W56/><G56/><N who="2" m="21545" /><F73/><W113/><G113/><T36/><D128/><U2/><E2/><V120/><F120/><W1/><G1/><T29/><D96/><U19/><E0/><V3/><F3/><W126/><G5/><T24/><D11/><U17/><E12/><V130/><F91/><W41/><G41/><T28/><D6/><U10/><E19/><V38/><F23/><W122/><G122/><T51/><REACH who="0" step="1"/><D29/><REACH who="0" ten="68,435,295,192" step="2"/><U72/><E10/><V107/><F107/><W27/><G126/><T13/><D13/><U57/><E14/><V115/><F115/><W62/><G99/><T108/><D108/><U35/><E35/><V111/><F111/><W16/><G27/><T31/><D31/><U100/><E17/><V8/><F8/><W104/><G18/><T93/><D93/><U66/><E95/><V42/><F129/><W21/><G94/><T103/><D103/><U86/><E100/><V131/><F130/><W71/><G104/><T60/><D60/><U30/><E63/><V123/><F131/><W55/><G25/><T118/><D118/><U102/><E102/><V97/><F97/><W32/><G32/><T121/><D121/><RYUUKYOKU ba="1,1" sc="68,30,435,-10,295,-10,192,-10" hai0="4,9,15,22,24,28,36,37,43,45,51,78,84" /><INIT seed="7,2,1,1,5,97" ten="98,425,285,182" oya="3" hai0="42,61,7,23,71,115,53,62,84,48,51,32,102" hai1="106,11,98,40,99,86,60,52,108,47,39,41,13" hai2="22,131,132,135,26,0,18,128,112,34,59,72,110" hai3="70,114,44,31,10,118,25,73,16,113,133,64,105"/><W33/><G118/><T1/><D32/><U68/><E108/><V88/><F72/><W120/><G120/><T130/><D130/><N who="2" m="49706" /><F110/><W109/><G109/><T100/><D71/><U6/><E106/><V36/><F36/><W17/><G105/><T122/><D122/><U95/><E41/><V12/><F0/><W4/><G73/><T93/><D1/><U45/><E45/><V14/><F88/><W107/><G107/><T76/><D7/><U87/><E99/><V3/><F3/><W55/><G64/><T30/><D115/><N who="3" m="44041" /><G70/><T15/><D42/><U35/><E35/><V94/><F94/><W129/><G129/><T67/><D67/><U126/><E126/><V121/><F121/><W75/><G75/><T90/><D76/><U54/><E68/><V101/><F112/><W29/><G29/><T28/><D28/><U80/><E60/><N who="0" m="23145" /><D48/><U66/><E66/><V85/><F59/><W8/><G55/><T21/><D30/><U77/><E87/><V89/><F34/><W65/><G65/><T81/><D81/><U49/><E39/><V2/><F2/><W116/><G4/><T58/><D21/><U5/><E5/><V91/><F85/><W103/><G33/><T57/><D57/><U38/><E38/><V125/><F125/><W74/><G31/><T79/><D79/><U19/><E19/><AGARI ba="2,1" hai="15,19,23,51,53,58,84,90,93,100,102" m="23145" machi="19" ten="30,7700,0" yaku="25,1,8,1,52,2" doraHai="97" who="0" fromWho="1" sc="98,93,425,-83,285,0,182,0" owari="191,-20.9,342,44.2,285,8.5,182,-31.8" /></mjloggm>