<mjloggm ver="2.3"><GO type="169" lobby="0"/><UN n0="%E3%81%86%E3%81%98%E3%81%93" n1="%67%2D%65%6E%6B%69" n2="%28%E9%83%A8%E9%95%B7%29" n3="%E8%B1%86%E3%83%80%E3%83%9E%E8%AD%A6%E5%AF%9F" dan="16,16,16,17" rate="2088.78,2098.61,2120.09,2158.67" sx="M,M,M,M"/><TAIKYOKU oya="0"/><INIT seed="0,0,0,0,0,105" ten="250,250,250,250" oya="0" hai0="32,31,56,18,19,129,65,7,2,40,92,51,128" hai1="60,27,96,76,17,49,74,85,47,12,70,134,45" hai2="37,93,58,124,127,6,135,86,30,77,94,110,132" hai3="44,48,121,111,87,115,116,95,8,118,42,102,78"/><T9/><D40/><U104/><E134/><N who="2" m="51243" /><F37/><W36/><G115/><T100/><D51/><U21/><E85/><V41/><F41/><W4/><G111/><T123/><D123/><U23/><E49/><V133/><F30/><W55/><G121/><T15/><D100/><U68/><E104/><V34/><F34/><W106/><G106/><T90/><D65/><U29/><E96/><V113/><F6/><W64/><G64/><T80/><D80/><U63/><E29/><V53/><N who="2" m="51251" /><V130/><DORA hai="66" /><F58/><W82/><G95/><N who="2" m="36361" /><F53/><W109/><G109/><T122/><D56/><U131/><E17/><V62/><F62/><W11/><G102/><T99/><D122/><U81/><E27/><V59/><F59/><W25/><G25/><T69/><D69/><U0/><E12/><V20/><F20/><W98/><G98/><T35/><D35/><U46/><E46/><V101/><F110/><W61/><G61/><T28/><D28/><U83/><E0/><V24/><F24/><W126/><G11/><T13/><D13/><U120/><E120/><V67/><F67/><W39/><G39/><T72/><D19/><U52/><E52/><V22/><F101/><W103/><G103/><T97/><D31/><U71/><E71/><V73/><F22/><W10/><G10/><T1/><D32/><U125/><E70/><V5/><F5/><W33/><G33/><T79/><D18/><U26/><E68/><V84/><F113/><W89/><G8/><T54/><D99/><U50/><E50/><V3/><F84/><W108/><G48/><T38/><D9/><RYUUKYOKU ba="0,0" sc="250,0,250,0,250,0,250,0" /><INIT seed="1,1,0,4,0,64" ten="250,250,250,250" oya="1" hai0="77,36,65,30,75,105,50,103,9,123,101,53,2" hai1="119,74,127,62,106,27,31,49,22,89,86,80,109" hai2="7,108,94,39,0,28,71,82,20,3,48,55,114" hai3="85,67,35,13,47,4,41,54,84,93,117,125,107"/><U135/><E119/><V12/><F39/><W72/><G107/><T113/><D36/><U14/><E127/><V134/><F108/><W32/><G72/><T16/><D113/><U21/><E135/><V61/><F114/><W81/><G125/><T66/><D30/><U69/><E106/><V24/><F134/><W115/><G115/><T73/><D2/><U110/><E49/><V92/><F82/><W59/><G67/><T34/><D34/><U40/><E40/><V129/><F129/><W17/><G4/><T88/><D50/><U133/><E133/><V96/><F12/><W122/><G122/><T10/><D53/><U46/><E46/><V130/><F94/><W100/><G117/><T15/><D15/><U23/><E74/><V6/><F6/><W19/><G19/><T104/><D123/><U102/><E102/><V112/><F130/><W111/><G111/><N who="1" m="42506" /><E14/><V29/><F0/><W116/><G116/><T70/><D77/><U44/><E44/><V18/><F48/><W57/><G41/><T91/><REACH who="0" step="1"/><D16/><REACH who="0" ten="240,250,250,250" step="2"/><U63/><E63/><V43/><F18/><W42/><G42/><T95/><D95/><U132/><E132/><V56/><F43/><W99/><G17/><T131/><D131/><U121/><E121/><V128/><F128/><W58/><G13/><T126/><D126/><U83/><E80/><V26/><F112/><W60/><G81/><T45/><D45/><U33/><E62/><V52/><F3/><W98/><G47/><T120/><D120/><U97/><E97/><V118/><F118/><W11/><G99/><T5/><D5/><RYUUKYOKU ba="1,1" sc="240,15,250,15,250,-15,250,-15" hai0="9,10,65,66,70,73,75,88,91,101,103,104,105" hai1="21,22,23,27,31,33,69,83,86,89" /><INIT seed="1,2,1,5,1,110" ten="255,265,235,235" oya="1" hai0="21,18,12,94,45,20,76,52,78,48,5,118,119" hai1="29,122,0,61,37,44,66,87,67,131,85,89,74" hai2="128,22,70,101,2,50,84,91,57,117,11,125,106" hai3="30,25,51,38,133,69,3,19,86,83,79,100,105"/><U109/><E74/><V32/><F32/><W73/><G133/><T80/><D5/><U71/><E122/><V103/><F70/><W130/><G130/><T54/><D94/><U13/><E0/><V81/><F117/><W134/><G134/><T10/><D76/><U60/><E131/><V95/><F125/><W43/><G69/><T1/><D1/><U77/><E29/><V99/><F128/><W53/><G3/><T114/><D114/><U102/><E102/><V40/><F22/><W107/><G100/><T41/><D119/><U92/><E109/><V68/><F68/><W116/><G116/><T64/><D64/><N who="1" m="24619" /><E37/><V115/><F103/><W26/><G43/><T113/><D113/><U121/><E121/><V135/><F135/><W62/><G38/><T56/><D54/><U16/><E44/><V17/><F2/><W127/><G73/><T75/><REACH who="0" step="1"/><D118/><REACH who="0" ten="245,265,235,235" step="2"/><U58/><E71/><V7/><F115/><W42/><G105/><T65/><D65/><U28/><E77/><V9/><F106/><W36/><G107/><T129/><D129/><U88/><E58/><V97/><F57/><W31/><G79/><T14/><D14/><U39/><E39/><AGARI ba="2,2" hai="10,12,18,20,21,39,41,45,48,52,56,75,78,80" machi="39" ten="30,7700,0" yaku="1,1,7,1,54,1,53,1" doraHai="110" doraHaiUra="15" who="0" fromWho="1" sc="245,103,265,-83,235,0,235,0" /><INIT seed="2,0,0,0,2,50" ten="348,182,235,235" oya="2" hai0="30,3,86,128,105,108,7,25,107,132,92,19,42" hai1="49,1,14,16,63,134,40,77,44,5,120,113,110" hai2="58,99,29,9,51,91,72,15,117,68,60,93,101" hai3="18,122,76,67,106,57,35,69,84,89,41,65,55"/><V118/><F72/><W133/><G122/><T129/><D42/><U45/><E113/><V88/><F29/><W53/><G106/><T20/><D108/><U52/><E110/><V100/><F68/><W37/><G35/><T74/><D74/><U73/><E1/><V47/><F100/><W115/><G115/><T119/><D119/><U59/><E134/><V26/><F26/><W109/><G109/><T79/><D132/><U56/><E120/><V8/><F8/><W127/><G133/><T13/><D92/><U64/><E5/><V131/><F131/><W34/><G34/><T21/><D3/><U103/><E103/><V36/><F36/><W17/><G69/><T23/><D23/><U0/><E0/><V111/><F111/><W85/><G41/><T135/><D7/><U31/><E31/><V62/><F62/><W83/><G37/><T6/><D6/><U97/><E97/><V96/><F96/><W126/><G89/><T104/><D135/><U12/><E12/><V82/><F82/><W70/><G70/><T22/><D22/><U116/><E116/><V2/><F2/><W130/><G130/><N who="0" m="50283" /><D107/><U24/><E24/><V11/><F11/><W71/><G71/><T123/><D123/><U90/><E90/><V66/><F118/><W46/><G83/><AGARI ba="0,0" hai="13,19,20,21,25,30,79,83,86,104,105" m="50283" machi="83" ten="30,1000,0" yaku="19,1" doraHai="50" who="0" fromWho="3" sc="348,10,182,0,235,0,235,-10" /><INIT seed="3,0,0,2,3,83" ten="358,182,235,225" oya="3" hai0="23,32,134,87,28,41,14,59,103,86,124,76,52" hai1="92,114,56,36,106,117,62,29,74,24,82,95,13" hai2="22,11,77,64,30,129,6,113,45,25,69,49,51" hai3="99,116,97,73,91,18,17,75,42,127,9,71,63"/><W5/><G116/><T40/><D124/><U31/><E106/><V79/><F113/><W37/><G127/><T34/><D134/><U130/><E36/><V102/><F129/><W70/><G42/><T111/><D111/><U107/><E107/><V84/><F69/><W3/><G37/><T108/><D108/><U67/><E31/><V20/><F64/><W10/><G63/><T50/><D103/><U94/><E114/><V44/><F102/><W105/><G105/><T133/><D133/><U81/><E130/><V121/><F121/><W60/><G60/><T126/><D126/><U48/><E117/><V21/><F49/><W16/><G18/><T46/><D76/><U118/><E118/><V33/><F84/><W2/><REACH who="3" step="1"/><G91/><REACH who="3" ten="358,182,235,215" step="2"/><T27/><D41/><U131/><E131/><V119/><F119/><W66/><G66/><T122/><D122/><U35/><E74/><V7/><F7/><AGARI ba="0,1" hai="2,3,5,7,9,10,16,17,70,71,73,75,97,99" machi="7" ten="25,18000,2" yaku="1,1,22,2,54,1,53,2" doraHai="83" doraHaiUra="93" who="3" fromWho="2" sc="358,0,182,0,235,-180,215,190" /><INIT seed="3,1,0,1,5,85" ten="358,182,55,405" oya="3" hai0="121,35,106,115,36,88,17,132,69,123,15,20,52" hai1="91,44,76,108,128,14,10,133,118,86,127,109,111" hai2="72,58,54,3,45,114,104,94,46,77,28,107,13" hai3="92,90,130,81,39,96,71,30,129,27,38,21,1"/><W37/><G71/><T105/><D132/><U64/><E133/><V97/><F3/><W9/><REACH who="3" step="1"/><G81/><REACH who="3" ten="358,182,55,395" step="2"/><T0/><D69/><U57/><E118/><V19/><F114/><W53/><G53/><T131/><D115/><U24/><E127/><V48/><F28/><W95/><G95/><T113/><D113/><U126/><E126/><V51/><F107/><W55/><G55/><T82/><D105/><U29/><E128/><V61/><F104/><W134/><G134/><T87/><D106/><U124/><E124/><V33/><F33/><W12/><G12/><T99/><D35/><U66/><E64/><V65/><F65/><W78/><G78/><T68/><D68/><U18/><E76/><V84/><F77/><W89/><G89/><T62/><D0/><U8/><E66/><V50/><F72/><W25/><G25/><T100/><D82/><U5/><E108/><V80/><F80/><W98/><G98/><T34/><D99/><U42/><E111/><V93/><F84/><W135/><G135/><T22/><D87/><U116/><E109/><V56/><F56/><W67/><G67/><T6/><D15/><N who="1" m="5519" /><E57/><V70/><F70/><W4/><AGARI ba="1,1" hai="1,4,9,21,27,30,37,38,39,90,92,96,129,130" machi="4" ten="40,7800,0" yaku="1,1,0,1,52,1,53,0" doraHai="85" doraHaiUra="63" who="3" fromWho="3" sc="358,-27,182,-27,55,-27,395,91" /><INIT seed="3,2,0,5,2,50" ten="331,155,28,486" oya="3" hai0="49,61,31,83,26,101,11,134,72,53,2,32,112" hai1="63,8,1,99,44,13,75,82,45,52,56,128,90" hai2="110,38,30,64,89,113,87,84,39,108,131,119,48" hai3="58,126,69,65,21,127,78,115,92,122,93,15,51"/><W12/><G115/><T46/><D134/><U7/><E128/><V57/><F119/><W0/><G0/><T66/><D101/><U111/><E111/><V95/><F113/><W18/><G122/><T55/><D55/><U3/><E3/><V17/><F131/><W4/><G78/><T132/><D132/><U91/><E1/><V74/><F74/><W94/><G69/><T71/><D112/><U130/><E130/><V10/><F30/><W34/><G34/><T22/><D72/><U43/><E75/><V27/><F84/><W40/><G40/><T117/><D83/><U105/><E105/><V24/><F10/><W100/><G100/><T36/><D36/><U47/><E99/><V73/><F73/><W77/><G77/><T96/><D96/><U88/><REACH who="1" step="1"/><E82/><REACH who="1" ten="331,145,28,486" step="2"/><V59/><F108/><W23/><G126/><T120/><D120/><U79/><E79/><V81/><F81/><W62/><G127/><T129/><D129/><U9/><E9/><V124/><F124/><W35/><G35/><T41/><D2/><U102/><E102/><V116/><F110/><W28/><G94/><T107/><D107/><U70/><E70/><V29/><F95/><W86/><G86/><T42/><D11/><U76/><E76/><V123/><F87/><W106/><G106/><T68/><D68/><U19/><E19/><V67/><F17/><W60/><G4/><T14/><D117/><U5/><E5/><V125/><F125/><W54/><G92/><T25/><D32/><U135/><E135/><V33/><F33/><W104/><G104/><T6/><D6/><RYUUKYOKU ba="2,1" sc="331,-10,145,30,28,-10,486,-10" hai1="7,8,13,43,44,45,47,52,56,63,88,90,91" /><INIT seed="4,3,1,5,0,115" ten="321,175,18,476" oya="0" hai0="52,113,82,134,71,112,18,78,124,54,110,39,64" hai1="79,107,34,70,130,91,42,30,55,21,75,92,68" hai2="10,13,81,106,2,41,76,23,123,12,98,51,38" hai3="15,85,27,1,83,53,32,108,80,129,61,104,6"/><T28/><D39/><U88/><E107/><V44/><F123/><W122/><G104/><T49/><D110/><U135/><E42/><V50/><F23/><W116/><G61/><N who="0" m="40335" /><D28/><U99/><E34/><V63/><F63/><W16/><G53/><T132/><D18/><U47/><E91/><V94/><F12/><W14/><G85/><N who="0" m="48343" /><D54/><U95/><E95/><V40/><F40/><W97/><G97/><T9/><D9/><U101/><E101/><V121/><F121/><W73/><G83/><T131/><D124/><U86/><E75/><V100/><F106/><W35/><G80/><T36/><D36/><U103/><E79/><V102/><F102/><W127/><G73/><T31/><D31/><U125/><E125/><V84/><REACH who="2" step="1"/><F2/><REACH who="2" ten="321,175,8,476" step="2"/><W11/><G122/><T60/><D60/><U45/><E103/><V105/><F105/><W0/><G127/><T66/><D66/><U57/><E21/><V62/><F62/><W33/><G108/><T96/><D49/><U7/><E70/><V109/><F109/><W5/><G35/><T77/><D52/><U87/><E68/><V117/><F117/><W126/><G126/><T20/><D20/><U111/><E55/><V19/><AGARI ba="3,2" hai="10,13,19,38,41,44,50,51,76,81,84,94,98,100" machi="19" ten="20,2700,0" yaku="1,1,0,1,7,1,53,0" doraHai="115" doraHaiUra="119" who="2" fromWho="2" sc="321,-16,175,-10,8,56,476,-10" /><INIT seed="5,0,0,5,0,113" ten="305,165,64,466" oya="1" hai0="135,38,104,96,122,91,92,111,34,25,110,2,71" hai1="83,46,124,47,63,131,126,24,26,115,11,109,32" hai2="13,119,59,108,102,94,90,85,14,23,93,48,65" hai3="22,36,54,21,107,77,60,105,18,44,12,99,0"/><U132/><E115/><V116/><F108/><W40/><G0/><T95/><D38/><U112/><E112/><V1/><F1/><W16/><G77/><T4/><D71/><U87/><E109/><V43/><F43/><W49/><G99/><T3/><D104/><U20/><E32/><V5/><F5/><W64/><G18/><T42/><D42/><U61/><E11/><V73/><F73/><W134/><G22/><T53/><D135/><U101/><E101/><V80/><F13/><W56/><REACH who="3" step="1"/><G134/><REACH who="3" ten="305,165,64,456" step="2"/><T130/><D2/><U35/><E132/><V52/><F65/><W10/><G10/><T41/><D3/><U82/><E35/><V76/><F76/><W45/><AGARI ba="0,1" hai="12,16,21,36,40,44,45,49,54,56,60,64,105,107" machi="45" ten="20,5200,0" yaku="1,1,0,1,7,1,54,1,53,0" doraHai="113" doraHaiUra="114" who="3" fromWho="3" sc="305,-13,165,-26,64,-13,456,62" /><INIT seed="6,0,0,2,3,65" ten="292,139,51,518" oya="2" hai0="113,108,128,89,61,101,44,28,92,109,41,79,42" hai1="76,129,132,62,78,106,60,123,100,26,22,125,47" hai2="57,135,103,75,21,7,64,87,104,119,84,88,115" hai3="0,74,52,99,24,58,3,69,25,15,134,4,70"/><V36/><F36/><W38/><G74/><T68/><D79/><U130/><E100/><V116/><F7/><W56/><G15/><T91/><D28/><U114/><E106/><V49/><F75/><W2/><G99/><T10/><D101/><U19/><E114/><V46/><F84/><W39/><G52/><T67/><D113/><U120/><E47/><V8/><F115/><W127/><G127/><T23/><D128/><N who="1" m="49259" /><E125/><V30/><F8/><W117/><G0/><T12/><D23/><U55/><E132/><V93/><F135/><W122/><G134/><T81/><D91/><U90/><E90/><V112/><F112/><W86/><G122/><N who="1" m="46634" /><E62/><V96/><F57/><AGARI ba="0,0" hai="19,22,26,55,57,60,76,78" m="46634,49259" machi="57" ten="30,2000,0" yaku="19,1,13,1" doraHai="65" who="1" fromWho="2" sc="292,0,139,20,51,-20,518,0" /><INIT seed="7,0,0,2,2,31" ten="292,159,31,518" oya="3" hai0="126,110,78,100,88,72,6,89,54,59,11,120,96" hai1="15,77,64,123,80,34,67,27,102,99,133,36,121" hai2="83,74,56,125,5,81,33,24,35,53,55,63,25" hai3="84,69,82,134,93,48,90,10,95,76,118,70,117"/><W8/><G134/><T101/><D89/><U87/><E133/><V107/><F107/><W71/><G48/><T47/><D78/><U115/><E115/><V114/><F5/><W129/><G129/><T16/><D88/><U0/><E0/><V20/><F20/><W28/><G28/><T39/><D16/><U29/><E36/><V9/><F56/><W73/><REACH who="3" step="1"/><G95/><REACH who="3" ten="292,159,31,508" step="2"/><T14/><D39/><U128/><E128/><V50/><F50/><W22/><G22/><T13/><D120/><U23/><E23/><V42/><F63/><W12/><G12/><T79/><D13/><U32/><E15/><V46/><F114/><W49/><G49/><T68/><D14/><U91/><E29/><V92/><F92/><W116/><AGARI ba="0,1" hai="8,10,69,70,71,73,76,82,84,90,93,116,117,118" machi="116" ten="40,3900,0" yaku="1,1,0,1,53,0" doraHai="31" doraHaiUra="37" who="3" fromWho="3" sc="292,-13,159,-13,31,-13,508,49" owari="279,7.9,146,-25.4,18,-48.2,557,65.7" /></mjloggm>