<mjloggm ver="2.3"><GO type="169" lobby="0"/><UN n0="%E4%BF%BA%E3%81%A7%E3%81%99" n1="%E3%81%AA%E3%81%AA%E3%81%BF%EF%BC%A0%E5%8F%B2%E7%9A%AE%E8%BB%8D%E5%9B%A3" n2="%E3%83%A8%E3%82%B3%E3%83%86%E3%82%A3%E3%83%B3%40" n3="%E3%83%A9%E3%82%B9%E3%82%8B%E3%81%8B%E3%81%AA" dan="16,17,16,17" rate="2087.29,2141.85,2090.20,2197.77" sx="M,M,M,M"/><TAIKYOKU oya="0"/><INIT seed="0,0,0,4,2,99" ten="250,250,250,250" oya="0" hai0="102,17,120,108,84,132,8,18,101,53,4,92,128" hai1="96,45,114,6,12,13,28,67,122,11,82,1,104" hai2="54,65,115,9,33,51,71,20,91,39,111,47,117" hai3="56,74,32,89,75,38,121,73,50,131,55,37,44"/><T116/><D116/><U46/><E122/><V68/><F115/><W3/><G32/><T52/><D120/><U93/><E114/><V69/><F33/><W64/><G3/><T2/><D132/><U21/><E104/><V100/><F100/><N who="0" m="38506" /><D128/><U70/><E67/><V78/><F78/><W95/><G121/><T98/><D2/><U86/><E70/><V25/><F91/><W0/><G0/><T14/><D84/><U83/><E86/><V77/><F77/><W29/><G29/><T109/><D92/><U19/><E28/><V97/><F97/><W126/><G126/><T23/><D98/><U107/><E107/><V60/><F117/><W42/><G131/><T90/><D90/><N who="1" m="55351" /><E1/><V125/><F39/><W43/><G89/><T16/><D23/><U24/><E83/><V113/><F113/><W79/><G95/><T7/><D7/><N who="1" m="3199" /><E82/><V112/><F112/><W134/><G134/><T48/><D48/><U22/><E6/><V76/><F71/><W81/><G37/><T35/><D35/><U87/><E87/><V61/><F69/><W127/><G127/><T59/><D59/><U30/><AGARI ba="0,0" hai="13,19,21,22,24,30,45,46" m="3199,55351" machi="30" ten="30,1100,0" yaku="8,1" doraHai="99" who="1" fromWho="1" sc="250,-5,250,11,250,-3,250,-3" /><INIT seed="1,0,0,0,1,94" ten="245,261,247,247" oya="1" hai0="75,122,55,41,133,33,27,102,127,135,91,80,28" hai1="48,78,114,83,70,39,95,3,45,100,68,92,8" hai2="85,99,23,14,46,96,22,20,87,10,43,81,128" hai3="2,65,34,113,71,115,57,116,98,79,24,44,47"/><U123/><E123/><V86/><F128/><W124/><G2/><T72/><D122/><U12/><E114/><V40/><F81/><W111/><G111/><T9/><D127/><U5/><E39/><V134/><F134/><N who="0" m="51210" /><D41/><N who="2" m="15946" /><F46/><W11/><G124/><T1/><D55/><U16/><E68/><V89/><F89/><W50/><G116/><T119/><D102/><U109/><E70/><V125/><F125/><W29/><G79/><T19/><D119/><U104/><E109/><V62/><F62/><W103/><G11/><T6/><D19/><AGARI ba="0,0" hai="10,14,19,20,22,23,85,86,87,96,99" m="15946" machi="19" ten="30,3900,0" yaku="8,1,52,2" doraHai="94" who="2" fromWho="0" sc="245,-39,261,0,247,39,247,0" /><INIT seed="2,0,0,1,5,94" ten="206,261,286,247" oya="2" hai0="111,78,59,26,53,32,128,89,121,30,24,0,83" hai1="45,102,93,76,117,108,28,85,36,129,118,66,27" hai2="2,77,122,49,92,124,43,97,13,56,15,133,123" hai3="46,48,74,67,110,134,70,21,126,65,84,104,82"/><V112/><F112/><W115/><G74/><T116/><D121/><U88/><E108/><V131/><F2/><W50/><G110/><T40/><D111/><U63/><E129/><V22/><F131/><W87/><G104/><T52/><D128/><U106/><E76/><V98/><F77/><W68/><G134/><T55/><D116/><U31/><E31/><V57/><F133/><W71/><G126/><T125/><D0/><U20/><E45/><N who="2" m="25791" /><F124/><W3/><G3/><T72/><D125/><U7/><E36/><V19/><F13/><W5/><G5/><T61/><D40/><U91/><E7/><V101/><F123/><W54/><G115/><T105/><D105/><U130/><E130/><V86/><F122/><W81/><G21/><T33/><D33/><U9/><E9/><V12/><F12/><W79/><REACH who="3" step="1"/><G50/><REACH who="3" ten="206,261,286,237" step="2"/><T62/><D61/><U44/><E106/><V25/><F25/><W80/><G80/><T100/><D24/><U58/><E117/><V16/><F19/><W119/><G119/><T109/><D109/><U17/><E17/><V37/><F37/><W90/><AGARI ba="0,1" hai="46,48,54,65,67,68,70,71,79,81,82,84,87,90" machi="90" ten="30,2000,0" yaku="1,1,0,1,53,0" doraHai="94" doraHaiUra="29" who="3" fromWho="3" sc="206,-5,261,-5,286,-10,237,30" /><INIT seed="3,0,0,3,1,43" ten="201,256,276,267" oya="3" hai0="62,119,96,112,130,55,20,116,5,111,120,132,126" hai1="69,63,107,6,11,22,77,34,70,35,115,92,18" hai2="103,46,49,66,24,15,64,39,38,91,61,67,2" hai3="45,110,13,106,81,90,8,10,82,83,125,16,123"/><W133/><G106/><T52/><D5/><U41/><E107/><V48/><F2/><W75/><G123/><T17/><D120/><U19/><E115/><V33/><F103/><W72/><G133/><T36/><D112/><U56/><E77/><V14/><F61/><W117/><G117/><T85/><D132/><U135/><E135/><V25/><F91/><W26/><G125/><T99/><D126/><U4/><E41/><V40/><F33/><W3/><G110/><T84/><D111/><U93/><E63/><V42/><F67/><W44/><G26/><T47/><D130/><U78/><E56/><V104/><F104/><W9/><G3/><T127/><D127/><U71/><E78/><V79/><REACH who="2" step="1"/><F79/><REACH who="2" ten="201,256,266,267" step="2"/><W131/><G131/><T86/><D119/><U80/><E34/><V12/><F12/><W87/><G72/><T68/><D116/><U30/><E35/><V51/><F51/><W100/><G100/><T28/><D36/><U76/><E76/><V118/><F118/><W60/><G60/><T128/><D128/><U21/><E70/><V53/><F53/><W122/><G75/><T101/><D68/><U124/><E71/><V54/><F54/><W73/><G73/><T65/><D65/><U105/><E69/><V23/><F23/><N who="3" m="11663" /><G122/><T50/><D101/><U98/><E124/><V121/><F121/><W1/><G1/><T97/><D62/><U58/><E105/><V27/><F27/><W134/><G134/><T0/><D0/><U114/><E22/><V37/><F37/><W88/><G90/><T57/><D55/><U74/><E74/><RYUUKYOKU ba="0,1" sc="201,-15,256,-15,266,15,267,15" hai2="14,15,24,25,38,39,40,42,46,48,49,64,66" hai3="8,9,10,44,45,81,82,83,87,88" /><INIT seed="3,1,1,1,2,72" ten="186,241,281,282" oya="3" hai0="135,81,127,18,51,133,36,13,39,27,43,134,20" hai1="116,37,124,93,119,79,120,32,26,3,14,67,28" hai2="15,33,106,2,61,31,83,132,8,56,48,115,126" hai3="88,77,57,24,29,95,22,107,60,125,84,73,82"/><W99/><G125/><T10/><D127/><U114/><E124/><V98/><F126/><W21/><G107/><T46/><REACH who="0" step="1"/><D81/><REACH who="0" ten="176,241,281,282" step="2"/><U64/><E119/><V38/><F83/><W113/><G113/><T80/><D80/><U103/><E116/><V62/><F115/><W74/><REACH who="3" step="1"/><G22/><REACH who="3" ten="176,241,281,272" step="2"/><T1/><D1/><U94/><E3/><V5/><F2/><W131/><G131/><T47/><D47/><U100/><E114/><V121/><F121/><W44/><G44/><T23/><D23/><U66/><E120/><V30/><F33/><W128/><G128/><T86/><D86/><U17/><E32/><V53/><F132/><W109/><G109/><T102/><D102/><U96/><E100/><V11/><F98/><W69/><G69/><T78/><D78/><U89/><E79/><V110/><F110/><W65/><AGARI ba="1,3" hai="21,24,29,57,60,65,73,74,77,82,84,88,95,99" machi="65" ten="20,12000,1" yaku="1,1,0,1,7,1,52,1,54,1,53,0" doraHai="72" doraHaiUra="108" who="3" fromWho="3" sc="176,-41,241,-41,281,-41,272,153" /><INIT seed="3,2,0,5,2,91" ten="135,200,240,425" oya="3" hai0="117,22,6,69,89,57,120,126,38,60,33,88,79" hai1="28,127,7,61,102,105,0,92,129,77,48,40,107" hai2="131,25,10,20,51,39,90,59,35,63,114,130,16" hai3="36,58,31,47,81,5,110,18,128,121,8,87,82"/><W27/><G121/><T116/><D120/><U99/><E129/><N who="2" m="49163" /><F39/><W96/><G128/><T94/><D33/><U54/><E127/><V34/><F114/><W122/><G18/><T41/><D126/><U104/><E28/><V32/><F51/><W78/><G122/><T100/><D69/><U12/><E0/><V15/><F90/><W46/><G36/><T9/><D79/><U70/><E77/><V62/><F59/><W68/><G68/><T1/><D100/><U109/><E109/><V30/><AGARI ba="2,0" hai="10,15,16,20,25,30,32,34,35,62,63" m="49163" machi="30" ten="40,2700,0" yaku="19,1,54,1" doraHai="91" who="2" fromWho="2" sc="135,-9,200,-9,240,33,425,-15" /><INIT seed="4,0,0,1,2,10" ten="126,191,273,410" oya="0" hai0="133,84,101,8,33,105,19,41,100,110,71,0,127" hai1="15,128,80,53,129,85,120,134,113,74,77,125,57" hai2="98,48,102,36,58,92,112,7,50,116,34,66,122" hai3="55,43,1,121,97,103,47,118,68,126,86,31,111"/><T96/><D127/><U52/><E120/><V13/><F122/><W63/><G1/><T60/><D133/><U17/><E134/><V76/><F36/><W79/><G111/><T82/><D110/><U87/><E125/><V83/><F34/><W56/><G126/><T9/><D33/><U115/><E74/><V12/><F112/><N who="1" m="43081" /><E85/><N who="2" m="48359" /><F7/><W45/><G118/><T123/><D123/><U70/><E70/><V3/><F3/><W38/><G121/><T91/><D41/><U21/><E53/><V14/><F116/><W29/><G45/><T28/><D28/><U75/><E75/><V25/><F25/><W73/><G73/><T119/><D119/><U4/><E4/><V90/><F102/><W27/><G68/><T78/><D100/><U107/><E107/><V81/><F81/><W30/><G86/><T95/><D0/><U62/><AGARI ba="0,0" hai="15,17,21,52,57,62,77,80,87,128,129" m="43081" machi="62" ten="30,7900,0" yaku="15,1,11,1,52,1,54,1" doraHai="10" who="1" fromWho="1" sc="126,-39,191,79,273,-20,410,-20" /><INIT seed="5,0,0,3,3,88" ten="87,270,253,390" oya="1" hai0="68,65,51,24,36,6,89,121,42,70,38,40,48" hai1="128,101,92,103,133,59,80,63,112,123,21,17,126" hai2="93,61,0,110,35,15,117,122,82,134,30,83,41" hai3="62,111,19,85,57,77,4,96,44,29,120,95,91"/><U105/><E123/><V20/><F110/><W58/><G111/><T11/><D121/><U116/><E116/><V10/><F122/><W97/><G120/><T55/><D24/><U127/><E133/><V28/><F134/><W113/><G4/><T74/><D74/><U43/><E128/><V106/><F106/><W99/><G29/><T1/><D89/><U2/><E2/><V31/><F35/><W50/><G113/><T39/><D11/><U22/><E112/><V131/><F131/><W100/><G77/><T64/><D6/><U124/><E43/><N who="0" m="16425" /><D1/><U32/><E32/><V37/><F0/><W14/><G100/><T104/><D104/><U66/><E80/><V23/><F61/><W12/><G62/><T78/><D78/><U7/><E7/><N who="2" m="3551" /><F41/><N who="3" m="24847" /><G14/><T94/><D94/><U54/><E105/><V72/><F37/><N who="0" m="9474" /><T34/><DORA hai="76" /><D34/><U18/><E103/><V132/><F72/><W75/><G75/><T81/><D81/><N who="2" m="30730" /><F132/><W108/><G108/><T56/><D48/><N who="1" m="31175" /><E101/><V102/><F117/><W71/><G95/><T53/><D53/><U25/><E92/><V69/><F93/><W90/><G97/><T98/><D98/><U26/><E126/><V49/><F49/><W3/><G96/><T67/><AGARI ba="0,0" hai="51,55,56,64,65,67,68,70" m="9474,16425" machi="67" ten="50,8000,1" yaku="35,5" doraHai="88,76" who="0" fromWho="0" sc="87,80,270,-40,253,-20,390,-20" /><INIT seed="6,0,0,2,5,49" ten="167,230,233,370" oya="2" hai0="118,52,40,51,89,35,77,37,22,54,84,13,117" hai1="4,14,42,61,31,41,135,9,17,100,73,132,106" hai2="39,10,122,25,107,72,98,19,63,12,78,71,104" hai3="76,30,65,15,99,133,34,102,1,103,82,18,123"/><V128/><F128/><W59/><G1/><T113/><D35/><U56/><E73/><V8/><F122/><W93/><G123/><T7/><D113/><U55/><E31/><V60/><F39/><W101/><G133/><N who="1" m="51274" /><E17/><V105/><F98/><AGARI ba="0,0" hai="4,9,14,41,42,55,56,61,98,100,106" m="51274" machi="98" ten="30,2000,0" yaku="20,1,52,1" doraHai="49" who="1" fromWho="2" sc="167,0,230,20,233,-20,370,0" /><INIT seed="7,0,0,1,3,6" ten="167,250,213,370" oya="3" hai0="43,70,25,121,128,125,46,73,0,112,127,78,64" hai1="21,8,69,119,72,71,80,53,54,75,42,18,109" hai2="88,34,135,56,4,85,38,95,19,11,97,41,126" hai3="51,134,48,29,92,35,36,23,102,3,110,65,44"/><W45/><G35/><T111/><D121/><U123/><E109/><V61/><F135/><W81/><G3/><T47/><D111/><U66/><E119/><V2/><F126/><W1/><G92/><T108/><D108/><U77/><E123/><V113/><F113/><W57/><G51/><T107/><D112/><U74/><E42/><V115/><F115/><W50/><G57/><T124/><D107/><U79/><E8/><V101/><F34/><W52/><G52/><T118/><D118/><U12/><E74/><V39/><F19/><W60/><G50/><T31/><D128/><U59/><E66/><V33/><F33/><W58/><G23/><T105/><D105/><U83/><E54/><V7/><F7/><W68/><G65/><T98/><D98/><U122/><E122/><V14/><F41/><W96/><G96/><T76/><D0/><U17/><E17/><V90/><F2/><W5/><G1/><T133/><D133/><U32/><E32/><V84/><F39/><W132/><G5/><T30/><D73/><U114/><E114/><V27/><F27/><W129/><G36/><T130/><D130/><U91/><E91/><N who="2" m="34859" /><F38/><W93/><G129/><T94/><D94/><U24/><E24/><V16/><F4/><W116/><G110/><T26/><D43/><U67/><E67/><AGARI ba="0,0" hai="11,14,16,56,61,67,84,85,95,97,101" m="34859" machi="67" ten="30,7700,0" yaku="8,1,52,1,54,2" doraHai="6" who="2" fromWho="1" sc="167,0,250,-77,213,77,370,0" owari="167,-33.3,173,-22.7,290,9.0,370,47.0" /></mjloggm>