<mjloggm ver="2.3"><GO type="169" lobby="0"/><UN n0="%67%6F%67%6F%2D%E3%82%B4%E3%83%AA%E3%83%A9" n1="%E3%83%A9%E3%82%B9%E3%82%8B%E3%81%8B%E3%81%AA" n2="%E8%8D%92%EF%BC%94" n3="%E3%81%AA%E3%81%AA%E3%81%BF%EF%BC%A0%E5%8F%B2%E7%9A%AE%E8%BB%8D%E5%9B%A3" dan="17,17,16,17" rate="2179.20,2195.81,2103.87,2136.57" sx="M,M,M,M"/><TAIKYOKU oya="0"/><INIT seed="0,0,0,4,4,82" ten="250,250,250,250" oya="0" hai0="17,2,53,134,31,33,109,14,131,68,75,7,63" hai1="78,23,90,72,6,36,3,57,104,26,71,77,28" hai2="60,65,12,76,51,25,9,124,102,126,91,112,58" hai3="1,22,94,133,97,32,119,125,0,115,105,13,99"/><T103/><D131/><U89/><E71/><V66/><F112/><W100/><G115/><T49/><D134/><U39/><E104/><V132/><F76/><W15/><G119/><T128/><D128/><U86/><E89/><V101/><F132/><W92/><G125/><N who="2" m="48233" /><F66/><W118/><G118/><T121/><D121/><U46/><E57/><V62/><F62/><W27/><G32/><T55/><D75/><U95/><E72/><V35/><F91/><W24/><G105/><T48/><D103/><U123/><E123/><V20/><F51/><W10/><G133/><T113/><D113/><U43/><REACH who="1" step="1"/><E39/><REACH who="1" ten="250,240,250,250" step="2"/><V50/><F50/><W130/><G130/><T106/><D68/><U117/><E117/><V110/><F110/><W4/><G0/><T64/><D49/><U59/><E59/><V96/><F96/><W18/><G1/><T52/><D48/><U88/><E88/><AGARI ba="0,1" hai="4,10,13,15,18,22,24,27,88,92,94,97,99,100" machi="88" ten="30,3900,0" yaku="7,1,8,1,54,1" doraHai="82" who="3" fromWho="1" sc="250,0,240,-39,250,0,250,49" /><INIT seed="1,0,0,3,0,49" ten="250,201,250,299" oya="1" hai0="95,70,117,21,116,35,59,41,1,11,68,90,25" hai1="129,101,109,4,79,134,106,96,27,87,86,46,102" hai2="66,57,14,126,98,113,2,69,121,119,47,72,53" hai3="111,50,104,78,24,55,73,76,120,105,56,51,122"/><U13/><E129/><V124/><F2/><W112/><G112/><T74/><D74/><U80/><E134/><V40/><F72/><W3/><G3/><T58/><D35/><U135/><E135/><V118/><F14/><W12/><G111/><T92/><D1/><U10/><E109/><V115/><F98/><W34/><G12/><T65/><D41/><U84/><E102/><V23/><F23/><W77/><G73/><T54/><D11/><U130/><E130/><V83/><F83/><W81/><G81/><T85/><D95/><U19/><E27/><V61/><F121/><W82/><G82/><T43/><D43/><U89/><E4/><V110/><F110/><W108/><G108/><T22/><D22/><U132/><E132/><V20/><F20/><W48/><G24/><T33/><D33/><U26/><E26/><V9/><F9/><W0/><G0/><T30/><D59/><U5/><E5/><V94/><F94/><W133/><G34/><T42/><D42/><U64/><E64/><V29/><F29/><W100/><G133/><T28/><D28/><U60/><E60/><N who="2" m="35887" /><F115/><W6/><G6/><T62/><REACH who="0" step="1"/><D65/><REACH who="0" ten="240,201,250,299" step="2"/><U103/><E103/><V63/><F113/><W15/><G100/><T88/><D88/><U97/><E46/><V32/><F32/><W125/><G120/><T38/><D38/><U128/><E128/><V107/><F66/><W39/><G39/><T93/><D93/><U16/><E19/><V123/><F123/><W67/><G122/><T7/><D7/><U131/><E131/><V37/><F37/><W44/><G67/><RYUUKYOKU ba="0,1" sc="240,15,201,15,250,-15,299,-15" hai0="21,25,30,54,58,62,68,70,85,90,92,116,117" hai1="10,13,16,79,80,84,86,87,89,96,97,101,106" /><INIT seed="1,1,1,0,1,96" ten="255,216,235,284" oya="1" hai0="30,41,105,59,52,126,42,118,51,128,117,54,5" hai1="28,50,123,68,129,94,107,102,76,57,33,103,27" hai2="70,17,2,8,20,73,0,116,9,130,37,36,26" hai3="127,19,80,15,77,49,85,65,6,11,24,62,43"/><U21/><E68/><V13/><F73/><W93/><G127/><T44/><D105/><U18/><E107/><V90/><F70/><W86/><G24/><T60/><D30/><U12/><E123/><V61/><F61/><W122/><G122/><T101/><D101/><U133/><E129/><V97/><F37/><W81/><G93/><T23/><D23/><U55/><E133/><V115/><F36/><W112/><G112/><T83/><D5/><U135/><E135/><V16/><F116/><N who="0" m="44650" /><D83/><U106/><E106/><V71/><F71/><W29/><G29/><T131/><D126/><U75/><E94/><V120/><F120/><W25/><G25/><T110/><D110/><U14/><REACH who="1" step="1"/><E12/><REACH who="1" ten="255,206,235,284" step="2"/><V113/><F130/><AGARI ba="1,2" hai="41,42,44,51,52,54,59,60,128,130,131" m="44650" machi="130" ten="30,7700,0" yaku="19,1,34,2,54,1" doraHai="96" who="0" fromWho="2" sc="255,100,206,0,235,-80,284,0" /><INIT seed="2,0,0,4,3,91" ten="355,206,155,284" oya="2" hai0="15,77,73,50,18,43,59,61,6,118,24,74,23" hai1="55,52,109,104,1,49,127,27,67,134,102,135,125" hai2="116,21,112,65,97,42,90,71,117,17,100,130,101" hai3="95,63,47,85,82,41,56,48,66,69,84,0,30"/><V107/><F112/><W45/><G0/><T78/><D118/><U4/><E27/><V76/><F130/><W133/><G133/><N who="1" m="50698" /><E4/><V36/><F76/><W51/><G30/><T8/><D74/><U110/><E1/><V115/><F115/><W103/><G69/><T32/><D73/><U111/><E102/><V44/><F101/><W16/><G82/><T22/><D32/><U35/><E104/><V83/><F65/><W7/><G7/><T54/><D43/><U28/><E28/><V3/><F71/><W29/><G29/><T129/><D129/><U123/><E35/><V131/><F3/><W80/><G80/><T13/><REACH who="0" step="1"/><D61/><REACH who="0" ten="345,206,155,284" step="2"/><U132/><E132/><V40/><F40/><W105/><G63/><T70/><D70/><U12/><E123/><V38/><F131/><W121/><G41/><T58/><D58/><N who="1" m="33039" /><E67/><V64/><F64/><W25/><G66/><T114/><D114/><U68/><E68/><V26/><REACH who="2" step="1"/><F38/><REACH who="2" ten="345,206,145,284" step="2"/><W124/><G121/><T11/><D11/><U89/><E55/><V93/><F93/><W39/><G95/><T37/><D37/><U75/><E75/><V106/><F106/><W53/><G105/><T79/><D79/><U31/><E110/><V81/><F81/><W94/><G39/><T19/><AGARI ba="0,2" hai="6,8,13,15,18,19,22,23,24,50,54,59,77,78" machi="19" ten="20,5200,0" yaku="1,1,0,1,7,1,8,1,53,0" doraHai="91" doraHaiUra="96" who="0" fromWho="0" sc="345,72,206,-13,145,-26,284,-13" /><INIT seed="3,0,0,5,5,21" ten="417,193,119,271" oya="3" hai0="52,38,44,70,76,56,95,32,3,33,103,58,110" hai1="77,89,4,23,69,120,100,73,63,115,61,121,16" hai2="57,67,133,82,26,84,24,10,106,113,114,93,40" hai3="68,78,122,128,48,72,132,97,35,81,75,49,43"/><W88/><G122/><T30/><D70/><U12/><E115/><V19/><F106/><W124/><G128/><T135/><D3/><U112/><E112/><V94/><F113/><W108/><G132/><T85/><D110/><U62/><E100/><V13/><F133/><W8/><G124/><T65/><D65/><U118/><E118/><V47/><F114/><W1/><G108/><T134/><D58/><U18/><E69/><V123/><F123/><W5/><G72/><T54/><D76/><U28/><E4/><V66/><F94/><W45/><G68/><T109/><D109/><U59/><E28/><V7/><F93/><N who="3" m="56487" /><G35/><T83/><D33/><U11/><E89/><N who="2" m="51351" /><F19/><W71/><G71/><T107/><D107/><U131/><E131/><V87/><F87/><W130/><G130/><T20/><D32/><U99/><E99/><V31/><F31/><W79/><G79/><T104/><D104/><U74/><E74/><V2/><F2/><W22/><G22/><T105/><D105/><U14/><REACH who="1" step="1"/><E59/><REACH who="1" ten="417,183,119,271" step="2"/><V46/><F46/><W127/><G127/><T117/><D56/><U98/><E98/><V25/><F57/><W91/><G91/><N who="0" m="51647" /><D117/><U96/><E96/><V6/><F7/><W126/><G126/><T41/><D135/><U39/><E39/><AGARI ba="0,1" hai="1,5,8,39,43,45,48,49,75,78,81" m="56487" machi="39" ten="30,2900,0" yaku="25,1,54,1" doraHai="21" who="3" fromWho="1" sc="417,0,183,-29,119,0,271,39" /><INIT seed="3,1,0,1,4,128" ten="417,154,119,310" oya="3" hai0="58,69,38,112,30,120,49,3,57,129,33,95,2" hai1="78,13,75,26,80,4,111,50,76,43,81,73,37" hai2="34,83,32,61,130,117,114,88,126,84,116,82,118" hai3="103,55,36,16,52,74,20,27,123,102,60,92,51"/><W45/><G123/><T71/><D38/><U25/><E111/><V46/><F114/><W98/><G74/><T90/><D120/><U62/><E62/><V121/><F121/><W106/><G36/><T93/><D129/><U94/><E37/><V18/><F130/><W89/><G106/><T9/><D112/><U22/><E94/><V31/><F126/><W104/><G104/><T99/><D33/><U131/><E131/><V135/><F46/><W7/><G7/><T124/><D30/><U113/><E113/><V127/><F127/><W115/><G115/><T14/><D124/><U48/><E43/><V125/><F125/><W110/><G110/><T28/><D28/><U42/><E42/><V29/><F18/><W70/><G70/><T101/><D3/><U108/><E108/><V67/><F31/><W96/><G96/><T47/><D2/><U132/><E4/><V56/><F29/><W100/><G100/><T10/><D71/><U54/><E13/><V122/><F122/><W1/><G1/><T109/><D69/><U19/><E26/><V59/><F135/><W79/><G79/><T65/><D109/><U66/><E66/><V39/><F39/><W15/><G15/><T85/><D65/><U64/><E64/><N who="2" m="38951" /><F83/><W40/><G40/><N who="0" m="24807" /><D10/><U23/><E132/><V134/><F134/><W53/><G53/><T133/><D133/><U105/><E105/><V107/><F107/><W0/><G0/><T91/><D101/><U63/><E23/><V12/><F12/><W24/><G24/><T8/><D8/><U6/><E6/><AGARI ba="1,0" hai="6,9,14,57,58,85,90,91,93,95,99" m="24807" machi="6" ten="30,1000,0" yaku="8,1" doraHai="128" who="0" fromWho="1" sc="417,13,154,-13,119,0,310,0" /><INIT seed="4,0,0,0,1,91" ten="430,141,119,310" oya="0" hai0="111,16,21,44,113,43,123,117,61,22,76,12,29" hai1="17,48,28,72,105,69,53,60,52,23,2,26,97" hai2="80,57,115,31,83,0,67,11,42,41,37,24,87" hai3="32,1,36,66,134,121,15,33,103,86,39,25,75"/><T56/><D123/><U70/><E72/><V6/><F115/><W99/><G75/><T133/><D117/><U135/><E2/><V71/><F71/><W118/><G1/><T10/><D113/><U98/><E135/><V65/><F80/><W58/><G118/><T127/><D127/><U45/><E70/><V77/><F37/><W94/><G134/><T128/><D128/><U95/><E105/><V19/><F19/><W5/><G121/><T40/><D111/><U102/><E98/><V4/><F4/><W100/><G100/><T90/><D76/><U109/><E109/><V46/><F46/><W74/><G74/><T96/><D29/><U13/><E69/><V35/><REACH who="2" step="1"/><F57/><REACH who="2" ten="430,141,109,310" step="2"/><W107/><G39/><T30/><D44/><U89/><E102/><V47/><F47/><W92/><G36/><T82/><D82/><U93/><E93/><V62/><F62/><N who="3" m="38231" /><G107/><T55/><D133/><U50/><E60/><V81/><F81/><W122/><G122/><T73/><D73/><U101/><E101/><V63/><F63/><W120/><G120/><T51/><D61/><U27/><E28/><V34/><F34/><W9/><G33/><T79/><D30/><U126/><E126/><V85/><F85/><W112/><G112/><T59/><D59/><AGARI ba="0,1" hai="13,17,23,26,27,45,48,50,52,53,59,89,95,97" machi="59" ten="30,7700,0" yaku="7,1,8,1,52,1,54,1" doraHai="91" who="1" fromWho="0" sc="430,-77,141,87,109,0,310,0" /><INIT seed="5,0,0,4,5,61" ten="353,228,109,310" oya="1" hai0="125,130,43,31,112,20,66,50,134,57,15,62,5" hai1="24,71,101,114,60,84,103,126,96,90,36,118,93" hai2="119,51,11,46,10,28,7,117,88,33,59,132,47" hai3="100,35,82,0,72,98,27,64,18,80,91,63,17"/><U16/><E36/><V53/><F132/><W111/><G111/><T73/><D73/><U113/><E118/><V122/><F122/><W85/><G0/><T124/><D134/><U107/><E126/><N who="0" m="48745" /><D112/><U55/><E103/><V26/><F11/><W4/><G4/><T6/><D130/><U54/><E71/><V97/><F119/><W83/><G35/><T39/><D39/><U128/><E128/><V49/><F117/><W1/><G1/><T44/><D15/><U135/><E135/><V123/><F123/><W120/><G120/><T110/><D110/><U95/><E107/><V23/><F33/><W45/><G45/><T65/><D66/><U129/><E129/><V105/><F105/><W92/><G72/><T121/><D121/><U14/><E24/><AGARI ba="0,0" hai="5,6,20,24,31,43,44,50,57,62,65" m="48745" machi="24" ten="30,2000,0" yaku="18,1,52,1" doraHai="61" who="0" fromWho="1" sc="353,20,228,-20,109,0,310,0" /><INIT seed="6,0,0,4,5,85" ten="373,208,109,310" oya="2" hai0="96,71,61,31,9,94,14,100,98,13,129,114,130" hai1="122,62,53,97,28,125,131,41,66,111,69,1,89" hai2="10,51,2,17,73,81,128,45,99,15,4,135,87" hai3="86,54,101,93,55,38,37,7,90,84,3,118,18"/><V8/><F128/><N who="0" m="49258" /><D114/><U21/><E1/><V102/><F135/><W113/><G118/><T6/><D31/><U44/><E111/><V27/><F73/><W123/><G123/><T91/><D61/><U36/><E131/><V32/><F32/><W121/><G121/><T56/><D56/><U88/><E122/><V103/><F27/><W33/><G86/><T82/><D71/><U19/><E28/><V120/><F99/><W58/><G54/><T108/><D82/><U30/><E30/><V127/><F127/><W50/><G113/><T40/><D40/><U52/><E125/><V117/><F117/><W34/><G101/><T35/><D35/><U110/><E110/><V68/><F68/><W16/><G33/><T65/><D65/><U119/><E119/><V79/><REACH who="2" step="1"/><F120/><REACH who="2" ten="373,208,99,310" step="2"/><W46/><G34/><T48/><D108/><U76/><E97/><V104/><F104/><W115/><G115/><T83/><D98/><U95/><E69/><V63/><F63/><W5/><G84/><T112/><D112/><U22/><E62/><V43/><AGARI ba="0,1" hai="2,4,8,10,15,17,43,45,51,79,81,87,102,103" machi="43" ten="20,3900,0" yaku="1,1,0,1,7,1,53,0" doraHai="85" doraHaiUra="57" who="2" fromWho="2" sc="373,-13,208,-13,99,49,310,-13" /><INIT seed="6,1,0,4,0,58" ten="360,195,148,297" oya="2" hai0="57,16,87,79,7,48,18,77,102,113,0,126,122" hai1="81,11,53,22,32,34,129,123,133,107,20,35,17" hai2="95,88,92,61,93,26,47,69,130,13,62,120,24" hai3="31,64,15,135,28,132,117,55,8,23,84,46,124"/><V43/><F120/><W94/><G117/><T125/><D122/><U99/><E123/><V109/><F130/><W50/><G124/><N who="0" m="47723" /><D113/><U5/><E129/><V29/><F109/><W112/><G112/><T106/><D7/><U101/><E133/><N who="3" m="51274" /><G23/><T1/><D102/><U21/><E81/><V97/><F69/><W38/><G38/><T30/><D106/><U116/><E116/><V108/><F108/><W72/><G64/><T9/><D30/><U86/><E86/><N who="2" m="52247" /><F93/><W114/><G72/><T105/><D105/><U127/><E127/><V91/><F13/><W4/><G114/><T104/><D104/><U73/><E73/><V115/><F115/><W119/><G119/><T75/><D75/><U44/><E44/><V51/><F26/><W134/><G134/><T39/><D39/><U76/><E76/><V74/><F74/><W89/><AGARI ba="1,0" hai="4,8,15,28,31,46,50,55,84,89,94" m="51274" machi="89" ten="30,1100,0" yaku="20,1" doraHai="58" who="3" fromWho="3" sc="360,-4,195,-4,148,-6,297,14" /><INIT seed="7,0,0,2,4,119" ten="356,191,142,311" oya="3" hai0="91,21,82,43,65,97,44,87,125,127,40,41,109" hai1="7,62,118,24,58,10,48,110,25,57,67,9,103" hai2="112,56,92,126,111,76,28,64,4,51,73,94,1" hai3="78,131,60,105,32,83,69,2,104,100,101,20,74"/><W22/><G131/><T90/><D109/><U134/><E110/><V96/><F111/><W29/><G2/><T39/><D65/><U133/><E118/><V12/><F112/><W135/><G135/><N who="1" m="51722" /><E103/><V129/><F129/><W46/><G46/><T16/><D91/><U130/><E130/><V31/><F126/><N who="0" m="48138" /><D97/><U93/><E93/><V8/><F1/><W72/><G101/><T13/><AGARI ba="0,0" hai="13,16,21,39,40,41,43,44,82,87,90" m="48138" machi="13" ten="30,2000,0" yaku="18,1,54,1" doraHai="119" who="0" fromWho="0" sc="356,20,191,-5,142,-5,311,-10" owari="376,47.6,186,-21.4,137,-36.3,301,10.1" /></mjloggm>