<mjloggm ver="2.3"><GO type="169" lobby="0"/><UN n0="%E3%81%BE%E3%82%8B%E3%81%A8%E3%83%BC" n1="%E3%82%A8%E3%82%B9%E3%82%B1%E3%83%BC%2E" n2="%E3%81%8A%E3%81%8A%E3%81%B0%E3%81%B0" n3="%E3%81%A7%E3%82%93%E3%81%A4%E3%81%86" dan="16,17,16,18" rate="2061.43,2167.39,2040.18,2231.22" sx="M,M,M,M"/><TAIKYOKU oya="0"/><INIT seed="0,0,0,4,0,106" ten="250,250,250,250" oya="0" hai0="17,9,58,129,101,71,75,116,69,94,95,27,122" hai1="102,6,99,14,7,103,37,78,117,76,0,80,81" hai2="2,56,47,45,55,90,115,34,89,51,68,110,105" hai3="62,61,83,112,54,113,39,5,82,132,40,135,19"/><T133/><D122/><U26/><E117/><V98/><F115/><W11/><G19/><T41/><D116/><U77/><E37/><V87/><F110/><W124/><G124/><T31/><D41/><U50/><E0/><V32/><F2/><W66/><G54/><T38/><D38/><U96/><E26/><V30/><F68/><W97/><G97/><N who="1" m="37450" /><E14/><V120/><F120/><W24/><G24/><T131/><D58/><U67/><E50/><V111/><F111/><W60/><G66/><T127/><D9/><U43/><E67/><V91/><F87/><W22/><G22/><N who="0" m="15863" /><D17/><U48/><E48/><V29/><F29/><W33/><G33/><T65/><D65/><U12/><E12/><V84/><F84/><W74/><G113/><T104/><D127/><U63/><E63/><V85/><F85/><W59/><G59/><T134/><D69/><U36/><E36/><V49/><F30/><W88/><G112/><T70/><D70/><U53/><E53/><V8/><F8/><W92/><G40/><T64/><D64/><U3/><E3/><V108/><F108/><W109/><G39/><T100/><D71/><U128/><E128/><V46/><F51/><W35/><G35/><T42/><D131/><U1/><E43/><V73/><F32/><W79/><G109/><T118/><D42/><U57/><E57/><V20/><F34/><W23/><G23/><T86/><D118/><U125/><E125/><V44/><F20/><W13/><G92/><T93/><D129/><U25/><E25/><V130/><F130/><W16/><G5/><N who="1" m="1546" /><E1/><V52/><F55/><RYUUKYOKU ba="0,0" sc="250,-15,250,15,250,-15,250,15" hai1="76,77,78,80,81,102,103" hai3="11,13,16,60,61,62,74,79,82,83,88,132,135" /><INIT seed="1,1,0,5,0,135" ten="235,265,235,265" oya="1" hai0="19,37,121,73,117,93,118,67,99,81,120,1,32" hai1="88,104,62,83,108,7,68,26,30,0,43,74,42" hai2="34,90,4,14,33,79,109,57,72,28,2,5,50" hai3="51,91,58,49,80,9,125,48,119,65,55,8,61"/><U84/><E104/><V59/><F109/><W41/><G119/><T53/><D32/><U20/><E108/><V44/><F2/><W46/><G125/><T133/><D37/><U128/><E128/><V70/><F70/><W63/><G80/><T40/><D40/><U110/><E110/><V21/><F34/><W131/><G91/><T124/><D67/><U106/><E106/><V35/><F33/><W87/><G87/><T86/><D53/><U3/><E74/><V6/><F35/><W60/><G9/><T92/><D19/><U39/><E7/><V16/><F28/><W113/><G8/><T107/><D1/><U69/><E0/><V13/><F13/><W123/><G123/><N who="0" m="47179" /><D133/><U97/><E3/><V134/><F134/><W82/><G82/><T78/><D124/><U24/><E97/><V100/><F100/><W95/><G95/><N who="0" m="36427" /><D73/><U101/><E101/><AGARI ba="1,0" hai="78,81,86,99,101,107,117,118" m="36427,47179" machi="101" ten="30,3900,0" yaku="13,1,34,2" doraHai="135" who="0" fromWho="1" sc="235,42,265,-42,235,0,265,0" /><INIT seed="2,0,0,1,4,59" ten="277,223,235,265" oya="2" hai0="91,14,34,24,36,10,54,69,78,4,130,110,70" hai1="48,97,28,26,80,20,128,118,64,42,135,44,87" hai2="92,107,58,126,129,77,56,103,57,40,132,30,79" hai3="82,52,2,12,123,113,134,86,89,11,106,116,21"/><V122/><F122/><W73/><G116/><T17/><D36/><U8/><E118/><V67/><F126/><W94/><G123/><T27/><D78/><U124/><E124/><V16/><F129/><W74/><G106/><T120/><D120/><U111/><E128/><V131/><F107/><W83/><G134/><T117/><D130/><U108/><E135/><V98/><F131/><W37/><G37/><T115/><D115/><U99/><E8/><V112/><F30/><W9/><G113/><T121/><D117/><U41/><E41/><V19/><F112/><W38/><G38/><T32/><D121/><U23/><E23/><V133/><F40/><W55/><G74/><T46/><D70/><U31/><E31/><V35/><F35/><W84/><G73/><T100/><D69/><U33/><E33/><V90/><F133/><W0/><G21/><N who="0" m="13359" /><D100/><U60/><E108/><V72/><F72/><W96/><G11/><T81/><D27/><U62/><E111/><V43/><F43/><W95/><G2/><T102/><D102/><U18/><E28/><V114/><F103/><N who="3" m="60823" /><G95/><T5/><D5/><U109/><E109/><V22/><F132/><W13/><G0/><T53/><D110/><U50/><E50/><V119/><F119/><W68/><G68/><T88/><D34/><U61/><E64/><V101/><F67/><W71/><G71/><T105/><D105/><U47/><E47/><V75/><F114/><W29/><G29/><T39/><D32/><U65/><E65/><V127/><F127/><W104/><G9/><T93/><D39/><U3/><E3/><RYUUKYOKU ba="0,0" sc="277,-10,223,30,235,-10,265,-10" hai1="18,20,26,42,44,48,60,61,62,80,87,97,99" /><INIT seed="3,1,0,3,3,30" ten="267,253,225,255" oya="3" hai0="40,84,46,49,37,129,79,23,55,89,68,3,117" hai1="75,48,85,104,99,67,18,56,128,96,38,15,72" hai2="1,133,77,6,34,53,105,33,110,64,90,57,81" hai3="28,52,21,73,27,9,114,11,123,35,65,13,14"/><W0/><G73/><T10/><D117/><U83/><E38/><V39/><F110/><W127/><G114/><T2/><D68/><U122/><E122/><V32/><F64/><W26/><G65/><T69/><D69/><U43/><E128/><V54/><F39/><W7/><G123/><T131/><D79/><U59/><E72/><V106/><F90/><W16/><G52/><T5/><D23/><U80/><E104/><V8/><F133/><W58/><G58/><T93/><REACH who="0" step="1"/><D3/><REACH who="0" ten="257,253,225,255" step="2"/><U108/><E108/><V47/><F47/><AGARI ba="1,1" hai="2,5,10,37,40,46,47,49,55,84,89,93,129,131" machi="47" ten="40,2600,0" yaku="1,1,2,1,53,0" doraHai="30" doraHaiUra="95" who="0" fromWho="2" sc="257,39,253,0,225,-29,255,0" /><INIT seed="4,0,0,5,3,108" ten="296,253,196,255" oya="0" hai0="111,28,76,104,91,70,29,125,89,49,8,122,21" hai1="86,133,117,22,87,67,15,27,65,95,20,127,105" hai2="23,3,30,44,118,6,9,88,31,11,83,56,81" hai3="54,107,25,126,61,102,38,47,34,71,37,93,134"/><T2/><D122/><U106/><E117/><V32/><F32/><W115/><G93/><T36/><D36/><U84/><E127/><V40/><F118/><W60/><G102/><T72/><D104/><U69/><E133/><V41/><F11/><W46/><G107/><T1/><D70/><U17/><E69/><V73/><F56/><W82/><G82/><T94/><D72/><U135/><E135/><V66/><F66/><N who="1" m="25097" /><E106/><V50/><F41/><W33/><G25/><T53/><D76/><U52/><E105/><V57/><F57/><W112/><G71/><T116/><D116/><U113/><E113/><V12/><F83/><W55/><REACH who="3" step="1"/><G134/><REACH who="3" ten="296,253,196,245" step="2"/><T75/><D94/><U39/><E95/><V7/><F81/><W96/><G96/><T101/><D101/><U16/><E39/><V99/><F99/><W63/><G63/><T100/><D100/><U68/><E68/><V45/><F73/><W62/><G62/><T79/><D75/><U129/><E129/><V48/><F48/><W80/><G80/><T59/><D49/><U130/><E130/><V74/><F50/><W35/><G35/><T58/><D79/><U98/><E98/><V0/><F74/><W4/><G4/><T26/><D91/><U13/><E27/><V5/><F5/><W10/><G10/><T19/><D89/><U43/><E43/><V123/><F9/><W109/><G109/><T92/><D111/><U103/><E103/><V51/><F51/><W114/><G114/><T18/><D92/><U119/><E119/><V78/><F40/><W132/><G132/><T77/><D77/><RYUUKYOKU ba="0,1" sc="296,-15,253,15,196,-15,245,15" hai1="13,15,16,17,20,22,52,84,86,87" hai3="33,34,37,38,46,47,54,55,60,61,112,115,126" /><INIT seed="5,1,1,3,1,55" ten="281,268,181,260" oya="1" hai0="76,110,28,101,20,16,127,69,82,61,126,112,116" hai1="129,78,113,9,98,45,109,130,79,91,72,87,42" hai2="37,35,51,68,135,105,0,60,93,104,128,58,133" hai3="90,119,50,32,4,115,14,73,24,59,71,70,5"/><U63/><E113/><V95/><F37/><W41/><G73/><T123/><D110/><U40/><E109/><V30/><F128/><N who="1" m="49257" /><E72/><V1/><F68/><W12/><G119/><T47/><D116/><U122/><E122/><V124/><F51/><W80/><G115/><T22/><D112/><U106/><E9/><V132/><F124/><N who="0" m="47658" /><D123/><U88/><E63/><V100/><F30/><W17/><G71/><T111/><D111/><U13/><E13/><V57/><F35/><W86/><G70/><T38/><D69/><U21/><E21/><V121/><F121/><W62/><G24/><N who="0" m="16391" /><D61/><U77/><E40/><V36/><F36/><W33/><G33/><T3/><D3/><N who="2" m="1098" /><F60/><W107/><G107/><N who="2" m="41033" /><F100/><W102/><G102/><T65/><D101/><N who="1" m="62775" /><E87/><V97/><F97/><W23/><G32/><T114/><D114/><U8/><E8/><V39/><F39/><AGARI ba="1,1" hai="39,42,45,77,78,79,88,91" m="62775,49257" machi="39" ten="30,2900,0" yaku="19,1,54,1" doraHai="55" who="1" fromWho="2" sc="281,0,268,42,181,-32,260,0" /><INIT seed="5,2,0,5,4,45" ten="281,310,149,260" oya="1" hai0="71,62,68,81,39,51,7,118,90,15,95,98,122" hai1="40,33,25,53,109,79,13,80,117,16,55,28,75" hai2="76,32,73,96,24,129,85,56,47,10,125,128,54" hai3="61,14,103,66,123,126,2,34,93,77,120,49,52"/><U59/><E117/><V31/><F125/><W108/><G2/><T114/><D118/><U106/><E106/><V105/><F73/><W20/><G34/><T0/><D39/><U115/><E115/><V91/><F47/><W116/><G108/><T110/><D0/><U83/><E109/><V69/><F69/><W104/><G104/><T36/><D36/><U63/><E40/><V112/><F112/><W35/><G35/><T111/><D114/><U11/><REACH who="1" step="1"/><E83/><REACH who="1" ten="281,300,149,260" step="2"/><V88/><F129/><W12/><G116/><T65/><D111/><U132/><E132/><V30/><F128/><W86/><G123/><T107/><D110/><U29/><E29/><V64/><F31/><W131/><G120/><T57/><D107/><U6/><E6/><V124/><F105/><W44/><G131/><T82/><D122/><U101/><E101/><V37/><F30/><W60/><G126/><T22/><D82/><U43/><E43/><V72/><F124/><W21/><G103/><T4/><D81/><U26/><E26/><V46/><F24/><W84/><G93/><T58/><D4/><U119/><E119/><V23/><F32/><W97/><G77/><T89/><D7/><U19/><E19/><V17/><F76/><W9/><G97/><T102/><D102/><U100/><E100/><V38/><F17/><W113/><G113/><T127/><D127/><U8/><E8/><V74/><F10/><W134/><G134/><T50/><D98/><U42/><E42/><V130/><F96/><W94/><G94/><T87/><D95/><U78/><E78/><V41/><F41/><RYUUKYOKU ba="2,1" sc="281,-10,300,30,149,-10,260,-10" hai1="11,13,16,25,28,33,53,55,59,63,75,79,80" /><INIT seed="5,3,1,3,4,14" ten="271,330,139,250" oya="1" hai0="108,51,82,77,76,91,53,31,48,78,90,11,62" hai1="16,23,13,63,38,17,65,121,24,70,97,101,89" hai2="75,117,127,119,55,122,32,114,120,100,3,22,115" hai3="110,27,34,18,109,43,69,102,93,72,105,28,87"/><U57/><E121/><N who="2" m="46699" /><F75/><W29/><G72/><T134/><D108/><U80/><E38/><V47/><F32/><W112/><G112/><N who="2" m="43049" /><F3/><W50/><G29/><T40/><D134/><U130/><E130/><V118/><F100/><W107/><G69/><T15/><D31/><U71/><E80/><V0/><F0/><W131/><G131/><T129/><D129/><U128/><E89/><N who="0" m="33801" /><D40/><U64/><E64/><V83/><F83/><W49/><G87/><T33/><D33/><U21/><E128/><V126/><F22/><W26/><G109/><T6/><D82/><U67/><E67/><V2/><F2/><W35/><G35/><T19/><D6/><U45/><E45/><V54/><F47/><W5/><G110/><T42/><D42/><U104/><AGARI ba="3,1" hai="13,16,17,21,23,24,57,63,65,70,71,97,101,104" machi="104" ten="20,12000,1" yaku="0,1,7,1,52,2,54,1" doraHai="14" who="1" fromWho="1" sc="271,-43,330,139,139,-43,250,-43" /><INIT seed="5,4,0,5,4,29" ten="228,469,96,207" oya="1" hai0="50,106,56,101,1,63,113,2,132,81,53,98,114" hai1="79,22,90,31,117,38,133,69,46,67,71,45,93" hai2="43,64,70,32,86,111,35,57,58,14,8,37,16" hai3="52,78,6,120,89,40,65,95,91,66,125,116,130"/><U122/><E122/><V33/><F111/><W94/><G120/><T61/><D132/><U73/><E133/><V4/><F86/><W20/><G40/><T104/><D104/><U76/><E73/><V118/><F118/><W97/><G125/><T48/><D81/><U134/><E38/><V100/><F100/><W85/><G130/><T121/><D50/><U77/><E117/><V83/><F83/><W5/><G116/><T7/><D121/><U60/><E69/><V28/><F28/><W23/><G78/><T107/><D107/><U80/><E80/><V74/><F74/><W124/><G124/><T127/><D127/><U15/><E134/><V21/><F70/><W9/><G52/><T88/><D88/><U44/><E31/><V49/><F37/><W135/><G135/><T119/><D119/><U39/><E39/><V123/><F123/><W105/><G105/><T112/><D7/><N who="3" m="2569" /><G9/><T26/><D26/><U34/><E34/><V99/><F99/><W18/><G18/><T96/><D98/><U102/><E102/><V30/><F30/><W11/><G11/><T68/><D68/><U54/><E54/><V0/><REACH who="2" step="1"/><F64/><AGARI ba="4,0" hai="20,23,64,65,66,85,89,91,94,95,97" m="2569" machi="64" ten="30,1000,0" yaku="8,1" doraHai="29" who="3" fromWho="2" sc="228,0,469,0,96,-22,207,22" /><INIT seed="6,0,0,4,0,5" ten="228,469,74,229" oya="2" hai0="66,0,56,27,9,65,51,116,71,73,74,24,11" hai1="94,16,19,1,133,10,99,83,34,87,58,20,91" hai2="25,88,121,114,115,40,80,129,72,134,104,127,53" hai3="81,8,31,102,26,3,4,128,130,97,86,85,93"/><V52/><F121/><W113/><G113/><N who="2" m="43017" /><F127/><W84/><REACH who="3" step="1"/><G81/><REACH who="3" ten="228,469,74,219" step="2"/><T77/><D116/><U95/><E34/><AGARI ba="0,1" hai="3,4,8,26,31,34,84,85,86,93,97,102,128,130" machi="34" ten="40,8000,1" yaku="1,1,2,1,52,1,53,1" doraHai="5" doraHaiUra="90" who="3" fromWho="1" sc="228,0,469,-80,74,0,219,90" /><INIT seed="7,0,0,5,3,49" ten="228,389,74,309" oya="3" hai0="116,97,83,69,135,109,48,22,100,35,19,124,84" hai1="0,120,114,41,17,65,87,92,29,42,38,36,1" hai2="30,43,118,5,50,86,107,59,66,126,93,12,105" hai3="108,46,103,115,57,39,61,90,130,129,56,33,2"/><W68/><G33/><T23/><D69/><U99/><E120/><V20/><F118/><W125/><G2/><T80/><D116/><U132/><E114/><V63/><F126/><W72/><G72/><T34/><D109/><U121/><E121/><V64/><F107/><W37/><G103/><T54/><D124/><U91/><E132/><V110/><F105/><W133/><G125/><T60/><D135/><U9/><E29/><V11/><F110/><W96/><G133/><T131/><D131/><N who="3" m="50185" /><G115/><T67/><D22/><U47/><E65/><V16/><F30/><W53/><G68/><T76/><D60/><U13/><E41/><V25/><F43/><W6/><G6/><T28/><D67/><U32/><E32/><V52/><F63/><N who="3" m="36239" /><G46/><T78/><D28/><U26/><E36/><V8/><F8/><W10/><G10/><T123/><D123/><U75/><E75/><V101/><F101/><W31/><G31/><T79/><D35/><U62/><E62/><V104/><F104/><W112/><G112/><T95/><D34/><U44/><E44/><V71/><F71/><W45/><G45/><T7/><D7/><U77/><E0/><V82/><F93/><N who="3" m="56375" /><G108/><T98/><D83/><N who="1" m="47599" /><E1/><V106/><F106/><W15/><G15/><T3/><D3/><U94/><E26/><V128/><F128/><W4/><G4/><T58/><REACH who="0" step="1"/><D98/><REACH who="0" ten="218,389,74,309" step="2"/><N who="1" m="57631" /><E94/><V81/><REACH who="2" step="1"/><F81/><REACH who="2" ten="218,389,64,309" step="2"/><W117/><G117/><T127/><D127/><U73/><E73/><V89/><AGARI ba="0,2" hai="5,11,12,16,20,25,50,52,59,64,66,82,86,89" machi="89" ten="20,16000,3" yaku="1,1,2,1,0,1,7,1,8,1,52,1,54,2,53,0" doraHai="49" doraHaiUra="88" who="2" fromWho="2" sc="218,-40,389,-40,64,180,309,-80" owari="178,-32.2,349,44.9,244,4.4,229,-17.1" /></mjloggm>