<mjloggm ver="2.3"><GO type="169" lobby="0"/><UN n0="%E3%81%82%E3%81%8A%E3%81%8D%E3%82%93%E3%81%90" n1="%E3%81%8B%E3%82%8F%E3%81%97%E3%81%83" n2="%E3%82%B9%E3%83%9E%E3%83%9B%E3%81%82%E3%81%96%E3%82%89%E3%81%97" n3="%E5%85%A8%E9%80%9F%E3%82%86%E3%83%BC%E3%81%B8%E3%81%84" dan="16,16,17,18" rate="2130.90,2106.69,2130.46,2242.92" sx="M,M,M,M"/><TAIKYOKU oya="0"/><INIT seed="0,0,0,1,2,88" ten="250,250,250,250" oya="0" hai0="37,112,44,29,120,113,4,127,73,48,69,85,13" hai1="2,19,116,24,135,41,32,81,39,54,63,34,110" hai2="99,117,133,96,50,77,105,92,95,89,74,84,35" hai3="97,98,115,22,134,62,107,128,10,15,132,87,56"/><T86/><D73/><U126/><E116/><V124/><F35/><W23/><G115/><T51/><D120/><U102/><E2/><V121/><F50/><W94/><G98/><T33/><D69/><U36/><E110/><V49/><F49/><W43/><G43/><T68/><D68/><U21/><E126/><V100/><F121/><W14/><G87/><T7/><D29/><U53/><E102/><N who="2" m="62663" /><F124/><W101/><G107/><T28/><D13/><U61/><E81/><N who="2" m="45239" /><F133/><N who="3" m="51307" /><G128/><T75/><D51/><U129/><E129/><V70/><F70/><W130/><G130/><T57/><D48/><U79/><E79/><V103/><F117/><W8/><G14/><T52/><D37/><U67/><E135/><V18/><F18/><N who="3" m="10591" /><G23/><T30/><D44/><U26/><E21/><V42/><F42/><W60/><G60/><T90/><D127/><U109/><E41/><V55/><F55/><AGARI ba="0,0" hai="8,10,55,56,62,94,97,101" m="10591,51307" machi="55" ten="30,2000,0" yaku="20,1,52,1" doraHai="88" who="3" fromWho="2" sc="250,0,250,0,250,-20,250,20" /><INIT seed="1,0,0,0,0,91" ten="250,250,230,270" oya="1" hai0="93,21,6,15,80,66,120,94,105,60,11,26,121" hai1="5,83,23,19,25,92,99,35,124,28,86,34,132" hai2="10,65,130,108,88,49,90,115,98,59,87,64,38" hai3="73,39,117,53,109,101,45,24,128,32,48,63,75"/><U18/><E124/><V50/><F38/><W42/><G109/><T47/><D105/><U129/><E129/><V77/><F108/><W37/><G128/><T61/><D80/><U107/><E107/><V44/><F130/><W95/><G37/><T131/><D131/><U51/><E132/><V54/><F115/><W106/><G106/><T104/><D104/><U17/><E5/><V68/><F68/><W126/><G126/><T112/><D112/><U134/><E51/><V133/><F133/><W3/><G3/><T29/><D47/><U96/><E96/><V0/><F0/><W125/><G117/><T76/><D76/><U123/><E123/><N who="0" m="47177" /><D61/><U12/><E134/><V79/><F10/><W43/><G125/><T135/><D135/><U2/><E2/><V4/><F4/><W14/><G63/><T81/><D81/><U74/><E74/><V113/><F113/><W7/><G75/><T46/><D46/><U57/><E57/><AGARI ba="0,0" hai="6,11,15,21,26,29,57,60,66,93,94" m="47177" machi="57" ten="30,3900,0" yaku="13,1,52,2" doraHai="91" who="0" fromWho="1" sc="250,39,250,-39,230,0,270,0" /><INIT seed="2,0,0,3,3,15" ten="289,211,230,270" oya="2" hai0="6,4,129,95,43,103,79,101,132,31,7,68,54" hai1="113,110,65,99,81,91,51,134,22,80,76,18,78" hai2="44,40,67,84,74,34,69,83,75,9,85,135,127" hai3="77,56,122,50,59,0,92,42,17,128,41,23,111"/><V64/><F135/><W119/><G119/><T124/><D68/><U2/><E113/><V123/><F123/><W14/><G111/><T115/><D43/><U87/><E110/><V71/><F34/><W106/><G106/><T1/><D54/><U3/><E134/><V82/><F9/><W45/><G128/><T118/><D95/><U37/><E37/><V55/><F55/><W38/><G0/><T107/><D79/><U49/><E65/><V48/><F48/><W121/><G77/><T16/><D103/><U90/><E99/><V25/><F25/><W102/><G102/><T28/><D101/><U97/><E97/><V112/><F127/><W57/><REACH who="3" step="1"/><G92/><REACH who="3" ten="289,211,230,260" step="2"/><T117/><D107/><U8/><E2/><V72/><F112/><W26/><G26/><T53/><D1/><U33/><E3/><V114/><F114/><W96/><G96/><T13/><D115/><U131/><E131/><V125/><F125/><W36/><G36/><T130/><D124/><U98/><E98/><V105/><F105/><W116/><G116/><N who="0" m="44651" /><D132/><U86/><E33/><V10/><F69/><W58/><N who="3" m="14336" /><DORA hai="30" /><W52/><G52/><T32/><D53/><U19/><E8/><V89/><F71/><W104/><G104/><T126/><D126/><U61/><REACH who="1" step="1"/><E22/><REACH who="1" ten="289,201,230,260" step="2"/><V109/><F10/><W73/><G73/><T12/><D32/><U20/><E20/><V29/><F109/><W66/><G66/><T88/><D130/><U11/><E11/><V21/><F21/><W94/><G94/><T24/><D129/><U35/><E35/><V62/><F64/><W39/><G39/><RYUUKYOKU ba="0,2" sc="289,-15,201,15,230,-15,260,15" hai1="18,19,49,51,61,76,78,80,81,86,87,90,91" hai3="14,17,23,38,41,42,45,50,121,122" /><INIT seed="3,1,2,5,3,41" ten="274,216,215,275" oya="3" hai0="17,27,23,28,115,101,2,68,90,98,89,127,26" hai1="0,3,82,92,105,51,104,126,102,44,24,48,132" hai2="4,19,61,53,88,75,10,112,87,81,80,29,109" hai3="77,121,66,108,16,15,122,125,123,135,134,59,71"/><W32/><G71/><T18/><D127/><U128/><E126/><V110/><F112/><W93/><G125/><T35/><D115/><U36/><E128/><V5/><F29/><W20/><G32/><T57/><D2/><U43/><E132/><N who="3" m="50730" /><G77/><T38/><D38/><U33/><E92/><V42/><F42/><W100/><G108/><N who="2" m="41577" /><F75/><W13/><G66/><T84/><D84/><U46/><E82/><V70/><F80/><W130/><G130/><T45/><D68/><U37/><E33/><V50/><F19/><N who="3" m="10351" /><G59/><T113/><D57/><U58/><E58/><N who="2" m="33079" /><F10/><N who="3" m="6263" /><G93/><T106/><D113/><U12/><E12/><V64/><AGARI ba="1,2" hai="4,5,61,64,70,81,87,88" m="33079,41577" machi="64" ten="30,2000,0" yaku="14,1,54,1" doraHai="41" who="2" fromWho="2" sc="274,-6,216,-6,215,43,275,-11" /><INIT seed="4,0,0,2,3,113" ten="268,210,258,264" oya="0" hai0="125,62,116,37,110,31,79,133,135,66,88,123,27" hai1="24,51,36,60,91,46,80,96,12,117,1,9,40" hai2="134,32,19,131,78,71,38,41,121,87,55,18,49" hai3="45,42,63,61,44,6,70,13,69,73,104,127,99"/><T58/><D123/><U130/><E130/><V90/><F121/><W81/><G127/><T68/><D79/><U11/><E1/><V106/><F131/><W53/><G13/><T50/><D125/><U33/><E117/><V94/><F134/><W8/><G45/><T3/><D3/><U39/><E9/><V85/><F71/><W84/><G53/><T54/><D116/><U102/><E60/><V43/><F106/><W5/><G5/><T28/><D110/><U114/><E114/><V89/><F78/><W98/><G61/><T93/><D37/><U16/><E33/><V109/><F32/><W59/><G59/><T57/><D68/><U95/><E80/><V35/><F35/><W103/><G99/><T52/><D66/><U0/><E0/><V26/><F38/><W67/><G69/><T4/><D4/><U74/><E74/><V86/><F109/><W25/><G25/><T132/><D27/><U17/><REACH who="1" step="1"/><E102/><REACH who="1" ten="268,200,258,264" step="2"/><V122/><F122/><W64/><G73/><T124/><REACH who="0" step="1"/><D124/><REACH who="0" ten="258,200,258,264" step="2"/><U100/><E100/><V56/><F26/><W119/><G119/><T72/><D72/><U7/><E7/><V20/><F18/><W128/><G128/><T76/><D76/><U111/><E111/><V92/><F19/><W23/><G6/><T10/><D10/><U105/><E105/><V47/><F20/><AGARI ba="0,2" hai="11,12,16,17,20,24,36,39,40,46,51,91,95,96" machi="20" ten="40,2600,0" yaku="1,1,54,1,53,0" doraHai="113" doraHaiUra="75" who="1" fromWho="2" sc="258,0,200,46,258,-26,264,0" /><INIT seed="5,0,0,0,0,99" ten="258,246,232,264" oya="1" hai0="103,14,23,4,55,130,104,31,116,52,58,89,115" hai1="75,60,110,69,118,108,88,124,128,20,113,41,63" hai2="25,18,64,24,109,21,51,77,84,133,44,71,45" hai3="91,16,47,125,34,107,27,70,22,106,114,73,68"/><U92/><E118/><V11/><F109/><N who="1" m="42089" /><E75/><V6/><F133/><W15/><G73/><T122/><D116/><U112/><E41/><V35/><F71/><W95/><G114/><N who="1" m="44138" /><E128/><V127/><F127/><W38/><G125/><T93/><D55/><U119/><E119/><V2/><F64/><W53/><G70/><T81/><D52/><U12/><E124/><V54/><F44/><W33/><G68/><T132/><D58/><U129/><E129/><V86/><REACH who="2" step="1"/><F77/><REACH who="2" ten="258,246,222,264" step="2"/><W28/><G33/><T67/><D67/><U87/><E69/><V37/><F37/><W32/><G34/><T57/><D132/><U61/><E61/><V94/><F94/><W102/><G107/><T26/><D93/><U17/><AGARI ba="0,1" hai="12,17,20,60,63,87,88,92" m="44138,42089" machi="17" ten="40,7800,0" yaku="10,1,15,1,54,1" doraHai="99" who="1" fromWho="1" sc="258,-26,246,88,222,-26,264,-26" /><INIT seed="5,1,0,2,2,81" ten="232,334,196,238" oya="1" hai0="58,67,120,123,27,65,63,84,80,107,38,54,36" hai1="55,62,17,1,93,57,121,39,32,16,133,45,68" hai2="105,82,113,12,28,103,95,131,15,3,11,75,8" hai3="117,128,35,83,74,102,89,33,135,71,34,21,72"/><U108/><E121/><N who="0" m="46665" /><D107/><U124/><E32/><V99/><F131/><W94/><G128/><T47/><D27/><U43/><E1/><V14/><F113/><W24/><G71/><T7/><D7/><U0/><E0/><V126/><F126/><W29/><G135/><T22/><D22/><U104/><E104/><V20/><F3/><W118/><G102/><T9/><D9/><U60/><E124/><V66/><F66/><N who="0" m="25098" /><D47/><U111/><E133/><V134/><F134/><W46/><G83/><T31/><D31/><U109/><E68/><V61/><F61/><W64/><G64/><T127/><D127/><U130/><E130/><V125/><F125/><W87/><REACH who="3" step="1"/><G46/><REACH who="3" ten="232,334,196,228" step="2"/><T6/><D6/><U18/><E93/><V25/><F95/><W51/><G51/><AGARI ba="1,1" hai="16,17,18,39,43,45,51,55,57,60,62,108,109,111" machi="51" ten="50,4800,0" yaku="10,1,54,1" doraHai="81" who="1" fromWho="3" sc="232,0,334,61,196,0,228,-51" /><INIT seed="5,2,0,4,3,133" ten="232,395,196,177" oya="1" hai0="33,87,42,79,115,30,62,58,113,100,89,108,21" hai1="20,13,97,18,101,84,10,49,26,78,16,92,28" hai2="43,76,24,117,135,129,44,81,25,50,61,0,120" hai3="132,128,111,96,9,15,72,73,69,77,55,56,83"/><U1/><E1/><V98/><F117/><W2/><G111/><T103/><D33/><U17/><E49/><V94/><F120/><W116/><G69/><T31/><D79/><U29/><E29/><N who="0" m="10761" /><D21/><U14/><E14/><V19/><F135/><W122/><G122/><T51/><D108/><U134/><E134/><V104/><F104/><W40/><G132/><T37/><D37/><U4/><E84/><V86/><F129/><W107/><G2/><T8/><D8/><U121/><E121/><V22/><F0/><W93/><G107/><T114/><D51/><U52/><E78/><V41/><F61/><W126/><G126/><T112/><D42/><U131/><E131/><V70/><F70/><W53/><G40/><T35/><D35/><U23/><REACH who="1" step="1"/><E52/><REACH who="1" ten="232,385,196,177" step="2"/><N who="2" m="29767" /><F24/><W71/><G128/><T91/><D114/><U32/><AGARI ba="2,1" hai="4,10,13,16,17,18,20,23,26,28,32,92,97,101" machi="32" ten="30,6000,0" yaku="1,1,0,1,54,1,53,0" doraHai="133" doraHaiUra="38" who="1" fromWho="1" sc="232,-22,385,76,196,-22,177,-22" /><INIT seed="5,3,0,5,5,1" ten="210,461,174,155" oya="1" hai0="48,19,129,12,61,21,26,39,73,57,130,5,77" hai1="13,42,99,16,133,10,71,78,128,65,72,104,69" hai2="51,53,25,62,94,113,93,87,35,59,97,2,64" hai3="110,125,124,119,49,33,116,7,50,89,80,117,109"/><U14/><E128/><N who="0" m="49257" /><D39/><U75/><E133/><V118/><F118/><W111/><G33/><T17/><D48/><N who="3" m="18537" /><G89/><T40/><D40/><U11/><E42/><V106/><F2/><W66/><G80/><N who="0" m="45103" /><D5/><U114/><E114/><V20/><F113/><W45/><G7/><T92/><D92/><U126/><E126/><N who="3" m="48746" /><G66/><N who="0" m="39215" /><D12/><U31/><E31/><AGARI ba="3,0" hai="17,19,21,26,31" m="39215,45103,49257" machi="31" ten="30,1000,0" yaku="19,1" doraHai="1" who="0" fromWho="1" sc="210,19,461,-19,174,0,155,0" /><INIT seed="6,0,0,5,4,109" ten="229,442,174,155" oya="2" hai0="98,72,57,21,93,78,4,42,22,112,71,130,90" hai1="44,87,111,45,34,29,67,52,116,74,23,129,107" hai2="65,9,1,56,81,85,77,10,26,53,88,124,8" hai3="11,82,121,30,60,105,41,62,83,99,89,68,51"/><V115/><F124/><W46/><G121/><T47/><D71/><U120/><E67/><V94/><F115/><W27/><G11/><T126/><D112/><U58/><E74/><V38/><F38/><W131/><G131/><T79/><D4/><U75/><E75/><V117/><F117/><W110/><G110/><T135/><D57/><U12/><E107/><V73/><F65/><W17/><G17/><T96/><D96/><U40/><E129/><V132/><F132/><W16/><G68/><T5/><D5/><U59/><E34/><V80/><F26/><W84/><G30/><T100/><D100/><U92/><E59/><V24/><F24/><W64/><G64/><T55/><D55/><U15/><E29/><V63/><REACH who="2" step="1"/><F80/><REACH who="2" ten="229,442,164,155" step="2"/><W37/><G37/><T0/><D126/><U119/><E111/><V48/><F48/><W102/><REACH who="3" step="1"/><G83/><REACH who="3" ten="229,442,164,145" step="2"/><T32/><D130/><U35/><E116/><V128/><F128/><W134/><G134/><T106/><D135/><U7/><E119/><V18/><F18/><W31/><G31/><T13/><D32/><U69/><E35/><V2/><AGARI ba="0,2" hai="1,2,8,9,10,53,56,63,73,77,81,85,88,94" machi="2" ten="30,6000,0" yaku="1,1,0,1,54,1,53,0" doraHai="109" doraHaiUra="19" who="2" fromWho="2" sc="229,-20,442,-20,164,80,145,-20" /><INIT seed="6,1,0,0,0,35" ten="209,422,244,125" oya="2" hai0="127,62,100,125,118,108,105,75,132,60,8,18,84" hai1="91,134,20,124,65,115,28,120,10,21,97,58,7" hai2="41,85,54,86,13,44,14,133,23,34,50,79,69" hai3="36,76,67,92,42,38,131,19,17,15,49,4,68"/><V110/><F34/><W130/><G49/><T57/><D75/><U129/><E115/><V40/><F69/><W72/><G68/><T39/><D39/><U32/><E129/><N who="3" m="49162" /><G67/><T103/><D108/><U64/><E124/><V9/><F110/><W107/><G107/><T3/><D84/><N who="2" m="32362" /><F133/><W51/><G51/><T53/><D18/><N who="3" m="6665" /><G92/><T88/><D62/><U12/><E120/><V94/><F79/><W45/><G72/><T102/><D132/><U119/><E119/><V89/><F23/><W22/><G22/><T47/><D118/><U111/><E20/><V90/><F90/><W29/><G76/><T63/><D88/><U87/><E32/><V126/><F126/><W96/><G29/><T109/><D109/><U56/><E134/><V95/><F95/><W2/><G96/><T99/><D99/><U98/><E97/><N who="2" m="57551" /><F13/><W104/><G104/><T135/><D105/><U31/><E98/><V33/><F33/><W113/><G113/><T83/><D135/><U16/><E111/><V121/><F121/><W25/><G25/><T117/><D127/><U24/><E31/><V55/><F40/><W66/><G66/><N who="1" m="25706" /><E28/><V106/><F106/><W37/><G15/><T112/><D125/><U74/><E74/><V78/><F78/><W61/><G61/><T128/><D63/><U30/><E30/><V27/><F27/><W80/><G80/><AGARI ba="1,0" hai="7,10,12,16,21,24,56,58,80,87,91" m="25706" machi="80" ten="30,2000,0" yaku="8,1,54,1" doraHai="35" who="1" fromWho="3" sc="209,0,422,23,244,0,125,-23" /><INIT seed="7,0,0,1,3,101" ten="209,445,244,102" oya="3" hai0="37,32,25,133,117,53,27,81,119,93,10,70,113" hai1="60,26,77,79,123,46,124,36,49,115,12,45,112" hai2="109,135,61,121,59,6,21,48,20,131,80,63,68" hai3="47,125,30,39,29,92,56,75,67,65,130,85,38"/><W4/><G75/><T86/><D70/><U62/><E123/><V58/><F109/><W23/><G125/><T2/><D37/><U89/><E12/><V118/><F118/><W22/><G130/><T128/><D93/><U127/><E26/><V94/><F131/><W44/><G85/><T1/><D128/><U69/><E89/><V100/><F135/><W102/><G102/><T66/><D66/><U90/><E90/><V111/><F111/><W43/><G92/><T51/><D133/><U107/><E69/><V87/><F121/><W114/><G56/><T28/><D27/><U64/><E107/><V55/><F68/><W126/><G43/><T97/><D97/><U31/><E49/><V40/><F6/><W88/><G88/><T108/><D108/><U18/><E18/><V13/><F40/><W82/><G4/><T83/><D83/><U52/><E52/><V91/><F58/><W120/><G120/><T24/><D53/><U99/><E64/><V19/><F20/><W105/><G82/><T129/><D86/><U110/><E31/><V42/><F42/><W98/><G126/><T76/><D81/><U34/><E99/><AGARI ba="0,0" hai="13,19,21,48,55,59,61,63,80,87,91,94,99,100" machi="99" ten="40,1300,0" yaku="8,1" doraHai="101" who="2" fromWho="1" sc="209,0,445,-13,244,13,102,0" owari="209,-19.1,432,53.2,257,5.7,102,-39.8" /></mjloggm>