<mjloggm ver="2.3"><GO type="169" lobby="0"/><UN n0="%69%50%68%6F%6E%65%31" n1="%E3%82%A8%E3%82%B0%E3%83%81%E3%80%81" n2="%43%68%65" n3="%42%41%52%34" dan="16,16,16,16" rate="2130.50,2155.54,2088.28,2134.59" sx="M,M,M,M"/><TAIKYOKU oya="0"/><INIT seed="0,0,0,1,2,109" ten="250,250,250,250" oya="0" hai0="43,83,49,91,130,84,20,85,110,22,94,34,23" hai1="82,31,64,42,11,21,134,89,119,6,44,54,97" hai2="62,5,17,41,39,46,100,1,30,14,73,59,98" hai3="24,51,76,78,80,8,4,56,90,52,102,57,40"/><T10/><D130/><U93/><E134/><V50/><F73/><W108/><G108/><T95/><D110/><U87/><E119/><V16/><F39/><W118/><G118/><T123/><D34/><U101/><E64/><V124/><F124/><W55/><G40/><T32/><D32/><U67/><E67/><V26/><F1/><W135/><G135/><T121/><D10/><U133/><E133/><V27/><F5/><W28/><G102/><T128/><D128/><U103/><E54/><V15/><F15/><W33/><G90/><T112/><D112/><U81/><E21/><V63/><F63/><W68/><G68/><T113/><D113/><U36/><E31/><V129/><F14/><W72/><G76/><T104/><D104/><U117/><E117/><V45/><F45/><W99/><G99/><T79/><REACH who="0" step="1"/><D95/><REACH who="0" ten="240,250,250,250" step="2"/><U86/><E81/><V114/><F114/><W127/><G127/><T2/><D2/><U69/><E11/><V61/><F129/><W131/><G131/><T58/><D58/><U35/><E69/><V12/><F59/><W71/><G71/><T13/><D13/><U111/><E35/><V105/><F12/><W88/><G8/><T92/><D92/><N who="1" m="54327" /><E111/><V48/><F105/><W29/><G56/><T77/><D77/><N who="1" m="46543" /><E6/><V115/><F115/><W47/><G4/><T37/><D37/><U7/><E7/><V19/><F27/><W9/><G9/><T0/><D0/><U106/><E106/><V122/><F26/><W70/><G70/><T125/><D125/><U96/><E93/><V126/><F126/><W53/><G33/><RYUUKYOKU ba="0,1" sc="240,15,250,15,250,-15,250,-15" hai0="20,22,23,43,49,79,83,84,85,91,94,121,123" hai1="36,42,44,96,97,101,103" /><INIT seed="0,1,1,5,2,25" ten="255,265,235,235" oya="0" hai0="35,74,51,94,62,67,90,22,63,31,111,6,121" hai1="116,4,101,38,96,98,10,134,26,118,65,19,69" hai2="17,81,53,113,86,131,122,24,27,50,37,44,109" hai3="14,11,107,102,39,36,76,43,47,8,78,80,115"/><T60/><D121/><U48/><E38/><V23/><F122/><W12/><G115/><T123/><D123/><U106/><E134/><V112/><F109/><W126/><G126/><T79/><D35/><U7/><E48/><V124/><F124/><W72/><G78/><T82/><D111/><U87/><E87/><V64/><F131/><W133/><G36/><T135/><D135/><U110/><E110/><V29/><F64/><W92/><G107/><T91/><D6/><U120/><E120/><V52/><F53/><W117/><G117/><T18/><D31/><U55/><E55/><V128/><F37/><W33/><G102/><T70/><D91/><U88/><E65/><V66/><F66/><W108/><G92/><T49/><D63/><U58/><E58/><V2/><F2/><W130/><G12/><T119/><D62/><U1/><E69/><V114/><F128/><W56/><G8/><T0/><D0/><U9/><E19/><V132/><F132/><W16/><G56/><T3/><D3/><U93/><E26/><V127/><F127/><W84/><G39/><T97/><REACH who="0" step="1"/><D119/><REACH who="0" ten="245,265,235,235" step="2"/><U104/><E118/><V28/><REACH who="2" step="1"/><F27/><AGARI ba="1,2" hai="18,22,27,49,51,60,67,70,74,79,82,90,94,97" machi="27" ten="30,5800,0" yaku="1,1,2,1,7,1,53,0" doraHai="25" doraHaiUra="68" who="0" fromWho="2" sc="245,81,265,0,235,-61,235,0" /><INIT seed="0,2,0,2,3,78" ten="326,265,174,235" oya="0" hai0="77,62,110,14,72,43,47,94,13,46,41,115,76" hai1="21,128,65,90,93,35,7,102,18,1,54,29,11" hai2="40,87,113,56,20,85,96,49,4,39,50,63,99" hai3="116,59,127,80,45,22,106,123,8,57,121,10,101"/><T79/><D115/><U30/><E128/><V119/><F113/><W133/><G106/><T75/><D94/><U9/><E102/><V66/><F39/><W0/><G101/><T68/><D62/><U15/><E65/><V125/><F125/><W34/><G34/><T37/><D68/><U51/><E11/><V122/><F122/><N who="3" m="46603" /><G10/><T28/><D28/><U3/><E3/><V129/><F4/><W118/><G133/><T53/><D53/><U130/><E130/><V114/><F119/><W17/><G45/><N who="0" m="16907" /><D37/><U23/><E23/><V73/><F73/><N who="0" m="28234" /><D110/><U132/><E132/><V108/><F108/><W109/><G127/><T36/><D36/><U111/><E111/><V82/><F129/><W12/><G109/><T112/><D112/><U98/><REACH who="1" step="1"/><E35/><REACH who="1" ten="326,255,174,235" step="2"/><V120/><F114/><W71/><G22/><T81/><D81/><U32/><E32/><V83/><F20/><N who="3" m="11303" /><G80/><N who="2" m="30761" /><F120/><W64/><G64/><T117/><D117/><N who="3" m="45161" /><G71/><T44/><D79/><U31/><E31/><V26/><F66/><W58/><G8/><T33/><D77/><U25/><E25/><V89/><F26/><W52/><G0/><T2/><D76/><U92/><E92/><V6/><F89/><W60/><AGARI ba="2,1" hai="52,57,58,59,60" m="45161,11303,46603" machi="60" ten="30,2000,0" yaku="13,1,54,1" doraHai="78" who="3" fromWho="3" sc="326,-12,255,-7,174,-7,235,36" /><INIT seed="1,0,0,3,1,71" ten="314,248,167,271" oya="1" hai0="10,2,70,39,49,35,117,48,28,118,128,21,65" hai1="36,24,113,98,99,78,106,42,87,31,7,27,22" hai2="96,76,123,72,102,75,47,91,109,9,89,90,114" hai3="122,77,95,81,56,46,121,68,61,69,58,23,38"/><U33/><E113/><V20/><F20/><W80/><G95/><T116/><D70/><U93/><E7/><V0/><F0/><W130/><G23/><T32/><D65/><U57/><E106/><V19/><F19/><W131/><G77/><T11/><D39/><U5/><E5/><V17/><F17/><W82/><G69/><T125/><D49/><U60/><E42/><V3/><F47/><W108/><G68/><T63/><D48/><U8/><E8/><N who="0" m="3113" /><D63/><U59/><E36/><V111/><F9/><W126/><G108/><N who="2" m="41545" /><F3/><W127/><G38/><T50/><D50/><U25/><E57/><N who="3" m="22122" /><G46/><T55/><D2/><U37/><E37/><V44/><F44/><W66/><G66/><T88/><D21/><U18/><E27/><V6/><F6/><W14/><G14/><T104/><D116/><U107/><E107/><N who="2" m="63943" /><F114/><W40/><G61/><T16/><D118/><U124/><E60/><V101/><F123/><N who="3" m="47115" /><G40/><T112/><D117/><U64/><E64/><V43/><F43/><W135/><G135/><T54/><D28/><U110/><E110/><V119/><F119/><W86/><G86/><T73/><D112/><U62/><E62/><V4/><F4/><W97/><G97/><T1/><D1/><U92/><E59/><V85/><F101/><W67/><G67/><T103/><D103/><U74/><E31/><V30/><F30/><W94/><G94/><T41/><D104/><U83/><E93/><V133/><F133/><W115/><G115/><T15/><D41/><U100/><E100/><V79/><F85/><W129/><AGARI ba="0,0" hai="80,81,82,126,127,129,130,131" m="47115,22122" machi="129" ten="50,6400,0" yaku="28,2,19,1" doraHai="71" who="3" fromWho="3" sc="314,-16,248,-32,167,-16,271,64" /><INIT seed="2,0,0,3,2,60" ten="298,216,151,335" oya="2" hai0="50,5,35,123,70,88,12,54,34,109,6,87,94" hai1="58,22,126,8,29,127,113,69,121,7,4,16,68" hai2="66,45,97,93,71,77,49,64,62,1,74,19,83" hai3="9,57,67,104,36,84,42,106,3,80,134,128,92"/><V47/><F1/><W101/><G128/><T2/><D123/><U130/><E113/><V41/><F47/><W17/><G134/><T27/><D109/><U10/><E130/><V116/><F116/><W33/><G33/><T108/><D108/><U135/><E135/><V110/><F110/><W119/><G36/><T100/><D2/><U25/><E121/><V14/><F62/><W20/><G42/><T15/><D70/><U59/><E22/><V56/><F56/><W13/><G57/><T114/><D100/><U38/><E29/><V48/><F48/><W76/><G67/><T63/><D63/><U118/><E25/><V95/><F95/><W18/><G119/><T133/><D114/><U75/><E75/><V31/><F31/><W99/><REACH who="3" step="1"/><G3/><REACH who="3" ten="298,216,151,325" step="2"/><T96/><D35/><U53/><E118/><V81/><F71/><W90/><G90/><T122/><D88/><U111/><E38/><V115/><F115/><W51/><G51/><T117/><D50/><U107/><E111/><V55/><F41/><W32/><G32/><T91/><D34/><U24/><E69/><V72/><F77/><W21/><G21/><T78/><D78/><U120/><E68/><V30/><F49/><W65/><G65/><T79/><D79/><U46/><E59/><V125/><F66/><W52/><G52/><T26/><D117/><U61/><E53/><V85/><F55/><W103/><G103/><N who="0" m="60823" /><D133/><U124/><E58/><V44/><F44/><W39/><G39/><T23/><D54/><U102/><E46/><V82/><F45/><W73/><G73/><T11/><D23/><RYUUKYOKU ba="0,1" sc="298,-10,216,-10,151,-10,325,30" hai3="9,13,17,18,20,76,80,84,92,99,101,104,106" /><INIT seed="3,1,1,3,0,52" ten="288,206,141,355" oya="3" hai0="55,109,97,20,6,46,48,50,39,33,76,34,72" hai1="59,8,74,1,3,30,102,89,129,90,69,14,45" hai2="128,42,107,41,25,81,22,98,85,73,119,87,95" hai3="133,2,27,117,131,121,93,71,60,10,54,28,80"/><W108/><G117/><T62/><D39/><U94/><E69/><V5/><F119/><W118/><G118/><T21/><D109/><U53/><E74/><V35/><F35/><W99/><G121/><T19/><D6/><U61/><E129/><V126/><F126/><W43/><G43/><T77/><D97/><U82/><E30/><V75/><F107/><W100/><G80/><T38/><D38/><U11/><E45/><V4/><F81/><W29/><G29/><T47/><D62/><U132/><E132/><V16/><F128/><W65/><G54/><T110/><D110/><U122/><E122/><V40/><F75/><W134/><G131/><T70/><D70/><U57/><E102/><N who="2" m="60767" /><F73/><W15/><G2/><T17/><D55/><N who="1" m="33983" /><E1/><V130/><F130/><W135/><G108/><T120/><REACH who="0" step="1"/><D72/><REACH who="0" ten="278,206,141,355" step="2"/><U78/><E3/><V127/><F127/><W56/><G71/><T66/><D66/><U67/><E67/><V64/><F64/><W101/><G101/><T103/><D103/><U58/><E53/><V18/><F5/><W91/><G100/><T9/><D9/><N who="1" m="3659" /><E14/><V83/><F4/><W114/><G10/><T113/><D113/><U36/><E36/><V104/><F104/><W44/><G15/><T49/><D49/><U24/><E24/><V88/><F87/><W112/><REACH who="3" step="1"/><G44/><REACH who="3" ten="278,206,141,345" step="2"/><T84/><D84/><N who="1" m="50327" /><E78/><V26/><F26/><W0/><G0/><T105/><D105/><U115/><E115/><V123/><F123/><AGARI ba="1,3" hai="17,19,20,21,33,34,46,47,48,50,76,77,120,123" machi="123" ten="25,3200,0" yaku="1,1,22,2,53,0" doraHai="52" doraHaiUra="23" who="0" fromWho="2" sc="278,65,206,0,141,-35,345,0" /><INIT seed="4,0,0,1,4,108" ten="343,206,106,345" oya="0" hai0="37,76,11,125,69,27,80,12,109,71,14,59,110" hai1="17,41,128,6,93,112,91,50,9,30,31,99,26" hai2="117,65,36,56,94,123,0,13,115,111,66,124,39" hai3="64,60,62,22,107,47,68,131,61,84,95,81,46"/><T3/><D37/><U52/><E128/><V133/><F0/><W103/><G107/><T106/><D106/><U7/><E41/><V98/><F111/><N who="0" m="42506" /><D59/><U120/><E120/><V24/><F123/><W38/><G38/><T67/><D27/><U33/><E31/><V113/><F124/><W130/><G68/><N who="0" m="26187" /><D67/><U35/><E35/><V105/><F105/><W132/><G132/><T48/><D48/><U42/><E42/><V28/><F13/><W79/><G22/><T5/><D125/><U88/><E17/><V4/><F4/><W135/><G64/><T122/><D122/><U118/><E118/><V54/><F117/><W63/><N who="3" m="15360" /><DORA hai="126" /><W74/><G135/><T121/><D121/><U8/><E112/><N who="2" m="43083" /><F133/><W102/><G102/><T89/><D89/><U114/><E114/><V90/><F65/><W53/><G53/><T97/><D97/><U19/><E19/><V83/><F66/><W18/><G18/><T23/><D23/><U70/><E70/><V78/><F54/><W25/><G25/><T73/><AGARI ba="0,0" hai="3,5,11,12,14,73,76,80" m="26187,42506" machi="73" ten="30,1500,0" yaku="10,1" doraHai="108,126" who="0" fromWho="0" sc="343,15,206,-5,106,-5,345,-5" /><INIT seed="4,1,0,4,2,37" ten="358,201,101,340" oya="0" hai0="80,34,91,26,60,123,2,45,15,96,109,39,108" hai1="90,19,103,89,22,31,6,97,9,76,95,130,3" hai2="47,13,133,86,65,107,58,28,51,1,55,14,64" hai3="23,129,117,56,20,122,70,29,7,75,10,88,32"/><T104/><D2/><U113/><E130/><V127/><F1/><W110/><G70/><T93/><D123/><U83/><E31/><V78/><F107/><W74/><G110/><N who="0" m="42603" /><D80/><U40/><E113/><V119/><F127/><W53/><G32/><T79/><D79/><U8/><E8/><V33/><F133/><W100/><G75/><T66/><D15/><U4/><E4/><V35/><F119/><W38/><G74/><T124/><D104/><U41/><E90/><V61/><F65/><W43/><G10/><T114/><D114/><U126/><E89/><V106/><F106/><W52/><G23/><T84/><D96/><U24/><REACH who="1" step="1"/><E126/><REACH who="1" ten="358,191,101,340" step="2"/><V99/><F28/><W30/><G7/><T131/><D124/><U48/><E48/><V92/><F35/><W44/><G129/><T71/><D131/><U62/><E62/><V12/><F33/><W27/><G100/><T73/><D60/><U68/><E68/><V112/><F112/><W85/><G30/><T69/><D91/><U21/><E21/><V111/><F111/><W125/><G125/><T63/><D63/><U105/><E105/><V134/><F99/><W25/><G20/><T118/><D71/><U17/><E17/><V132/><F78/><W46/><G29/><T120/><D69/><U101/><E101/><V72/><F61/><W115/><G115/><T57/><D34/><U128/><E128/><V67/><F51/><W102/><G102/><T121/><D121/><U11/><E11/><V77/><F77/><W135/><G88/><T0/><D120/><U42/><E42/><V5/><F5/><RYUUKYOKU ba="1,1" sc="358,-10,191,30,101,-10,340,-10" hai1="3,6,9,19,22,24,40,41,76,83,95,97,103" /><INIT seed="5,2,1,1,1,6" ten="348,221,91,330" oya="1" hai0="30,103,79,81,4,36,67,54,68,95,82,11,58" hai1="132,84,19,60,123,37,127,112,83,18,87,98,109" hai2="0,96,14,50,57,128,76,7,29,129,38,41,110" hai3="99,21,111,5,3,126,116,118,64,20,77,102,1"/><U49/><E112/><V23/><F110/><W91/><G111/><T51/><D36/><U9/><E109/><V94/><F76/><W131/><G77/><T85/><D30/><U133/><E37/><V69/><F69/><W8/><G1/><T2/><D82/><U61/><E123/><V27/><F38/><W16/><G126/><T130/><D130/><U75/><E75/><V74/><F0/><W108/><G108/><T72/><D103/><U22/><E127/><V66/><F74/><W119/><G131/><T40/><D40/><U89/><E98/><V55/><F41/><W70/><G91/><T71/><REACH who="0" step="1"/><D67/><REACH who="0" ten="338,221,91,330" step="2"/><U63/><E133/><V34/><F66/><W39/><G39/><T43/><D43/><U73/><E132/><V59/><F129/><W124/><G124/><T120/><D120/><U125/><E125/><V25/><F128/><W45/><G64/><T65/><D65/><U46/><E73/><V13/><F29/><W62/><G102/><T88/><AGARI ba="2,2" hai="2,4,11,51,54,58,68,71,72,79,81,85,88,95" machi="88" ten="30,8000,1" yaku="1,1,0,1,52,1,54,1,53,1" doraHai="6" doraHaiUra="80" who="0" fromWho="0" sc="338,106,221,-42,91,-22,330,-22" /><INIT seed="6,0,0,3,5,87" ten="444,179,69,308" oya="2" hai0="100,78,95,128,26,23,55,93,122,22,58,8,109" hai1="18,33,86,75,64,112,105,11,99,135,31,114,19" hai2="120,79,57,15,118,53,115,68,84,42,116,63,0" hai3="48,61,66,28,51,103,38,106,34,37,32,94,29"/><V12/><F120/><W82/><G82/><T27/><D109/><U131/><E75/><V67/><F0/><W113/><G113/><N who="1" m="43626" /><E135/><V52/><F115/><W16/><G106/><T97/><D95/><U71/><E131/><V60/><F42/><W59/><G103/><T17/><D8/><U129/><E86/><V121/><F121/><W107/><G107/><T7/><D7/><U83/><E83/><V25/><F25/><W104/><G104/><T134/><D55/><U127/><E127/><V13/><REACH who="2" step="1"/><F53/><REACH who="2" ten="444,179,59,308" step="2"/><W65/><G38/><T123/><D27/><N who="1" m="18687" /><E129/><V44/><F44/><W40/><G40/><T69/><D26/><U46/><E46/><V54/><F54/><W110/><G37/><T21/><D123/><U4/><E64/><V74/><F74/><W49/><G66/><T36/><D122/><U45/><E45/><V14/><N who="2" m="3072" /><DORA hai="133" /><V130/><F130/><W6/><G65/><T102/><D128/><U56/><E4/><V111/><F111/><W90/><G6/><T41/><D41/><U62/><E11/><V77/><F77/><W35/><G110/><T91/><D78/><U125/><E125/><V96/><F96/><W119/><G34/><T89/><D36/><U73/><E73/><V108/><F108/><W39/><G32/><T2/><D97/><U81/><E99/><V92/><F92/><W126/><G94/><T76/><D93/><U88/><E105/><V85/><F85/><W5/><G35/><T20/><D76/><U117/><E81/><AGARI ba="0,1" hai="52,57,60,63,67,68,79,81,84,116,118" m="3072" machi="81" ten="50,9600,0" yaku="1,1,54,1,53,1" doraHai="87,133" doraHaiUra="43,50" who="2" fromWho="1" sc="444,0,179,-96,59,106,308,0" /><INIT seed="6,1,0,5,2,54" ten="444,83,165,308" oya="2" hai0="34,91,44,116,102,94,74,29,40,48,50,107,104" hai1="6,87,9,59,98,49,56,30,72,64,33,21,58" hai2="81,45,112,131,27,66,86,53,129,61,93,119,43" hai3="118,85,125,113,120,134,19,25,60,51,84,106,96"/><V0/><F0/><W123/><G25/><T115/><D74/><U24/><E72/><V1/><F1/><W79/><G51/><T38/><D102/><U92/><E33/><V63/><F119/><W26/><G26/><T121/><D50/><U36/><E36/><V68/><F93/><W128/><G19/><T76/><D76/><U52/><E64/><V71/><F27/><W133/><G60/><T4/><D4/><U89/><E87/><N who="3" m="33354" /><G118/><T47/><D44/><U105/><E105/><V132/><F112/><W73/><G125/><T103/><D48/><U95/><E95/><V124/><F132/><N who="3" m="50795" /><G128/><N who="2" m="49225" /><F53/><W16/><G16/><T46/><D116/><U127/><E127/><V62/><F71/><W42/><G42/><T2/><D2/><AGARI ba="1,0" hai="2,6,9,21,24,30,49,52,56,58,59,89,92,98" machi="2" ten="30,8000,1" yaku="7,1,52,3,54,1" doraHai="54" who="1" fromWho="0" sc="444,-83,83,83,165,0,308,0" /><INIT seed="7,0,0,1,5,9" ten="361,166,165,308" oya="3" hai0="125,87,70,36,4,95,73,78,1,69,35,107,71" hai1="105,122,29,6,12,0,19,23,67,52,94,27,91" hai2="77,129,118,113,82,14,55,108,22,100,81,28,85" hai3="127,8,51,104,60,72,83,93,75,135,62,76,44"/><W16/><G104/><T110/><D110/><U131/><E105/><V34/><F108/><W38/><G38/><T21/><D35/><U53/><E122/><V11/><F118/><W63/><G135/><T97/><D1/><U79/><E131/><V47/><F34/><W48/><G127/><T33/><D33/><U98/><E0/><V117/><F117/><W43/><G75/><T59/><D4/><U132/><E132/><V120/><F129/><W39/><REACH who="3" step="1"/><G93/><REACH who="3" ten="361,166,165,298" step="2"/><T40/><D36/><U134/><E134/><V13/><F120/><W119/><G119/><T116/><D116/><U92/><E94/><V109/><F109/><W115/><G115/><T26/><D73/><U130/><E130/><V54/><F113/><W25/><G25/><T84/><D107/><U49/><E92/><V103/><F82/><W68/><G68/><T128/><D71/><U31/><E27/><N who="2" m="16503" /><F14/><AGARI ba="0,1" hai="8,14,16,39,43,44,48,51,60,62,63,72,76,83" machi="14" ten="40,7700,0" yaku="1,1,52,1,54,1,53,0" doraHai="9" doraHaiUra="90" who="3" fromWho="2" sc="361,0,166,0,165,-77,298,87" owari="361,16.1,166,-23.4,88,-41.2,385,48.5" /></mjloggm>