<mjloggm ver="2.3"><GO type="169" lobby="0"/><UN n0="%74%34%63%34%32%32" n1="%43%68%61%72%6F%2E" n2="%E4%B9%9D%E5%B0%BE%E3%81%AE%E3%83%8D%E3%82%B3" n3="%E3%81%8A%E3%81%B0%E3%81%82%E3%81%AB%E3%82%83%E3%82%93" dan="16,16,16,16" rate="2131.19,2154.54,2048.39,2114.96" sx="M,M,M,M"/><TAIKYOKU oya="0"/><INIT seed="0,0,0,2,4,56" ten="250,250,250,250" oya="0" hai0="134,89,52,106,121,108,123,76,51,32,120,130,75" hai1="80,26,33,17,47,49,93,74,22,101,96,77,53" hai2="132,42,44,131,98,64,104,127,125,68,73,21,86" hai3="27,90,29,122,46,71,23,40,19,45,95,15,18"/><T82/><D32/><U100/><REACH who="1" step="1"/><E33/><REACH who="1" ten="250,240,250,250" step="2"/><V24/><F127/><W39/><G122/><T87/><D120/><U30/><E30/><V128/><F125/><W38/><G71/><T31/><D123/><U97/><E97/><V8/><F98/><W126/><G126/><T88/><D121/><U85/><E85/><V114/><F86/><W59/><G59/><T50/><D31/><U13/><E13/><V99/><F99/><W11/><G29/><T61/><D87/><U109/><E109/><V115/><F73/><W119/><G119/><T0/><D75/><U43/><E43/><V36/><F42/><W94/><G40/><T16/><D130/><U3/><E3/><V9/><F131/><W35/><G35/><T103/><D0/><U55/><E55/><V34/><F128/><W116/><G15/><T28/><D28/><U1/><E1/><V62/><F34/><W37/><G116/><T58/><D52/><U5/><E5/><V7/><F7/><W67/><G46/><T78/><D134/><U117/><E117/><V70/><F132/><W10/><G45/><T129/><D129/><U84/><E84/><V105/><F44/><W57/><G19/><T4/><D16/><U83/><E83/><V60/><F24/><W102/><G57/><T81/><D58/><U72/><E72/><V69/><F69/><W65/><G65/><T91/><D4/><U124/><E124/><V113/><F115/><W66/><G67/><T2/><D2/><U112/><E112/><V41/><F41/><W48/><G66/><T79/><D108/><U12/><E12/><RYUUKYOKU ba="0,1" sc="250,-10,240,30,250,-10,250,-10" hai1="17,22,26,47,49,53,74,77,80,93,96,100,101" /><INIT seed="1,1,1,5,3,77" ten="240,270,240,240" oya="1" hai0="105,20,30,60,36,84,79,119,116,64,72,25,81" hai1="90,134,6,130,108,135,112,120,128,115,29,99,62" hai2="92,34,16,104,74,124,37,109,94,53,113,85,19" hai3="32,86,2,3,46,28,58,35,39,41,65,33,103"/><U24/><E62/><V121/><F121/><W133/><G133/><N who="1" m="50698" /><E99/><V56/><F104/><W40/><G28/><T110/><D105/><U61/><E61/><V96/><F74/><W27/><G103/><T111/><D36/><U17/><E90/><V22/><F109/><N who="0" m="41482" /><D84/><U44/><E44/><V93/><F37/><W49/><G27/><T67/><D67/><U4/><E108/><V122/><F34/><W55/><G41/><T0/><D0/><U26/><E120/><V87/><F122/><W83/><REACH who="3" step="1"/><G65/><REACH who="3" ten="240,270,240,230" step="2"/><T95/><D30/><U66/><E66/><V78/><F113/><N who="1" m="43593" /><E17/><V73/><F19/><W7/><G7/><N who="1" m="2602" /><E24/><V75/><F16/><W52/><G52/><T38/><D25/><U118/><E118/><V125/><F53/><W10/><G10/><T51/><D64/><U47/><E47/><V98/><F56/><W106/><G106/><T129/><D116/><U59/><E59/><V31/><F31/><W131/><G131/><T50/><D129/><U45/><E45/><V123/><F123/><W91/><AGARI ba="1,2" hai="2,3,32,33,35,39,40,46,49,55,58,83,86,91" machi="91" ten="30,7900,0" yaku="1,1,0,1,52,1,53,1" doraHai="77" doraHaiUra="80" who="3" fromWho="3" sc="240,-21,270,-40,240,-21,230,102" /><INIT seed="2,0,0,3,5,100" ten="219,230,219,332" oya="2" hai0="67,101,34,62,113,38,14,135,123,60,120,76,15" hai1="19,20,16,119,88,46,92,112,63,93,26,47,50" hai2="110,127,108,80,31,116,102,25,58,33,99,59,118" hai3="70,106,40,43,85,56,82,1,35,98,72,18,125"/><V77/><F127/><W74/><G70/><T41/><D34/><U107/><E112/><V55/><F59/><W32/><G1/><T130/><D113/><U7/><E119/><V54/><F54/><W24/><G98/><T75/><D130/><U0/><E107/><V114/><F114/><W29/><G85/><T36/><D135/><U51/><E63/><V129/><F129/><W121/><G18/><T13/><D101/><U90/><E7/><V126/><F126/><W109/><G24/><T96/><D96/><U4/><E4/><V134/><F134/><W95/><G95/><T133/><D133/><U45/><E0/><V10/><F10/><W9/><G109/><N who="2" m="42089" /><F80/><W132/><G82/><T17/><D41/><U111/><E111/><V2/><F2/><W53/><G53/><T48/><D67/><U22/><E45/><V61/><F77/><W105/><G9/><T64/><D64/><U73/><E73/><V39/><F39/><W6/><G132/><T28/><D76/><U103/><E103/><V117/><F118/><W86/><G125/><T27/><D38/><U42/><E26/><V65/><F55/><W12/><G43/><AGARI ba="0,0" hai="16,19,20,22,42,43,46,47,50,51,88,90,92,93" machi="43" ten="25,8000,1" yaku="22,2,8,1,54,2" doraHai="100" who="1" fromWho="3" sc="219,0,230,80,219,0,332,-80" /><INIT seed="3,0,0,1,0,107" ten="219,310,219,252" oya="3" hai0="94,34,115,122,36,132,66,108,48,52,114,75,9" hai1="59,65,77,44,50,106,127,13,103,105,40,68,128" hai2="84,29,28,61,35,130,110,2,125,120,55,23,20" hai3="41,102,82,104,135,116,78,67,57,118,100,0,69"/><W62/><G135/><T88/><D122/><U53/><E127/><V15/><F120/><W27/><G0/><T83/><D36/><U45/><E128/><V92/><F130/><W46/><G57/><T93/><D34/><U89/><E77/><V117/><F125/><W51/><G27/><T113/><D132/><U31/><E31/><V73/><F73/><W14/><G14/><T126/><D126/><U95/><E44/><V63/><F2/><W43/><G43/><T123/><D123/><U91/><E13/><V81/><F35/><W22/><G22/><T30/><D30/><U99/><E106/><V33/><F33/><W90/><G90/><T58/><D108/><U60/><REACH who="1" step="1"/><E105/><REACH who="1" ten="219,300,219,252" step="2"/><V32/><F32/><W124/><G124/><T71/><D114/><U131/><E131/><V19/><F110/><W26/><G26/><T112/><D112/><U134/><E134/><V133/><F133/><W39/><G104/><T96/><D115/><U24/><E24/><V38/><F15/><W6/><G46/><T79/><D113/><U10/><E10/><V70/><F29/><W54/><G78/><T74/><D9/><U47/><E47/><V17/><F28/><W97/><G116/><T86/><REACH who="0" step="1"/><D94/><REACH who="0" ten="209,300,219,252" step="2"/><U7/><E7/><V109/><F92/><W49/><G6/><T21/><D21/><U1/><E1/><V119/><F109/><W5/><G5/><T76/><D76/><U42/><E42/><V72/><F23/><W16/><G41/><T101/><D101/><U85/><E85/><V87/><F20/><W98/><G102/><T56/><D56/><RYUUKYOKU ba="0,2" sc="209,15,300,15,219,-15,252,-15" hai0="48,52,58,66,71,74,75,79,83,86,88,93,96" hai1="40,45,50,53,59,60,65,68,89,91,95,99,103" /><INIT seed="4,1,2,4,4,60" ten="224,315,204,237" oya="0" hai0="80,78,118,127,27,97,67,12,111,14,103,35,71" hai1="1,46,113,99,20,125,75,93,17,64,34,121,2" hai2="128,62,116,40,98,30,7,63,41,91,4,49,39" hai3="131,59,72,132,126,29,57,110,87,10,96,15,56"/><T86/><D118/><U92/><E121/><V44/><F116/><W36/><G72/><T134/><D134/><U114/><E34/><V100/><F39/><W32/><G110/><T33/><D127/><U102/><E125/><V123/><F123/><W8/><G126/><T79/><D79/><U9/><E75/><V101/><F41/><W38/><G96/><T18/><D111/><U117/><E117/><V77/><F77/><W53/><G53/><T21/><D33/><U25/><E46/><V119/><F119/><W0/><G0/><T120/><D35/><U81/><E81/><V107/><F128/><W115/><G10/><T26/><D12/><U95/><E64/><V122/><F122/><W88/><G131/><T65/><D120/><U28/><E28/><V13/><F30/><W82/><G132/><T89/><D71/><U52/><E52/><V23/><F107/><W42/><G42/><T6/><D78/><U70/><E70/><V55/><F91/><W16/><REACH who="3" step="1"/><G115/><REACH who="3" ten="224,315,204,227" step="2"/><N who="1" m="44042" /><E9/><V104/><F40/><W76/><G76/><T54/><D54/><U19/><E19/><V106/><F7/><W133/><G133/><T50/><D6/><U108/><E108/><V5/><F5/><W66/><G66/><N who="0" m="25099" /><D50/><U37/><E37/><V94/><F4/><W61/><G61/><T43/><D43/><U69/><E69/><V73/><F73/><W48/><G48/><T83/><D83/><U58/><E58/><V129/><F129/><W24/><AGARI ba="1,3" hai="8,15,16,24,29,32,36,38,56,57,59,82,87,88" machi="24" ten="30,7900,0" yaku="1,1,0,1,54,2,53,0" doraHai="60" doraHaiUra="47" who="3" fromWho="3" sc="224,-40,315,-21,204,-21,227,112" /><INIT seed="5,0,0,5,1,7" ten="184,294,183,339" oya="1" hai0="3,92,64,18,102,97,132,22,38,122,21,59,49" hai1="0,36,24,29,133,52,28,131,98,6,37,103,16" hai2="130,99,1,129,75,43,31,20,84,27,2,48,58" hai3="42,118,100,109,127,8,124,63,76,11,68,44,110"/><U113/><E113/><V62/><F75/><W66/><G118/><T12/><D38/><U80/><E133/><V119/><F119/><W33/><G33/><T55/><D3/><U4/><E131/><N who="2" m="50187" /><F99/><W134/><G134/><T61/><D132/><U17/><E80/><V79/><F48/><N who="3" m="26647" /><G100/><T101/><D122/><U81/><E81/><N who="2" m="47167" /><F43/><W54/><G54/><AGARI ba="0,0" hai="1,2,20,27,31,54,58,62" m="47167,50187" machi="54" ten="30,1000,0" yaku="19,1" doraHai="7" who="2" fromWho="3" sc="184,0,294,0,183,10,339,-10" /><INIT seed="6,0,0,5,4,60" ten="184,294,193,329" oya="2" hai0="85,15,83,33,46,36,57,134,49,94,64,11,5" hai1="124,122,86,97,111,69,48,118,102,126,10,54,95" hai2="26,35,45,100,121,20,129,37,110,70,101,12,67" hai3="38,89,25,44,9,72,53,34,18,115,50,23,71"/><V105/><F121/><W16/><G71/><T42/><D33/><U63/><E111/><V32/><F37/><W120/><G120/><T55/><D134/><U127/><E122/><V113/><F113/><W30/><G115/><T24/><D24/><U109/><E109/><V40/><F110/><W99/><G72/><T21/><D21/><U29/><E118/><V31/><F129/><W1/><G38/><T61/><D94/><U75/><E75/><V13/><F35/><W135/><G135/><T6/><D6/><U65/><E29/><V51/><F101/><W59/><G34/><T22/><D22/><U104/><E10/><V79/><F79/><W116/><G116/><T39/><D55/><U117/><E117/><V43/><F43/><W133/><G133/><T92/><REACH who="0" step="1"/><D92/><REACH who="0" ten="174,294,193,329" step="2"/><U7/><E7/><V58/><F20/><W130/><G25/><T131/><D131/><U78/><E95/><V73/><F73/><W108/><G53/><T76/><AGARI ba="0,1" hai="5,11,15,36,39,42,46,49,57,61,64,76,83,85" machi="76" ten="20,12000,2" yaku="1,1,0,1,7,1,25,2,52,1,53,0" doraHai="60" doraHaiUra="96" who="0" fromWho="0" sc="174,130,294,-30,193,-60,329,-30" /><INIT seed="7,0,0,0,1,71" ten="304,264,133,299" oya="3" hai0="64,115,51,62,96,25,131,129,134,47,7,121,72" hai1="95,112,128,74,109,75,77,133,1,79,9,119,87" hai2="40,123,78,4,106,132,68,60,105,0,43,89,14" hai3="70,69,5,63,12,16,26,117,124,45,104,24,57"/><W49/><G117/><T10/><D121/><U102/><E9/><V118/><F123/><W15/><G104/><T99/><D72/><N who="1" m="27691" /><E1/><V44/><F118/><W91/><G70/><N who="0" m="42263" /><D25/><U85/><E119/><V46/><F0/><W30/><G69/><T81/><D81/><U28/><E28/><V88/><F78/><N who="1" m="29705" /><E109/><V31/><F31/><W122/><G122/><T48/><D134/><U13/><E13/><V18/><F68/><W58/><G124/><T84/><D115/><U52/><E52/><V98/><F4/><W36/><G36/><T103/><D48/><U113/><E128/><N who="0" m="49225" /><D103/><U37/><E37/><V108/><F108/><W39/><G39/><T32/><D32/><U53/><E53/><V42/><F42/><W110/><G110/><T23/><D23/><U126/><E126/><V97/><F14/><W20/><G5/><T29/><D29/><U114/><E133/><V22/><F22/><W54/><G12/><N who="0" m="5215" /><D84/><U34/><E34/><V3/><F3/><W11/><G24/><T50/><D50/><U92/><E92/><V120/><F120/><W38/><G38/><T65/><D65/><U73/><E73/><V19/><REACH who="2" step="1"/><F60/><REACH who="2" ten="304,264,123,299" step="2"/><W125/><G63/><T116/><D116/><U80/><E80/><V94/><F94/><W67/><G125/><T59/><D59/><U82/><E82/><V2/><F2/><W55/><G57/><T17/><D17/><U83/><E83/><V86/><F86/><W61/><G45/><T127/><D127/><U6/><E6/><V76/><F76/><W101/><G61/><T93/><D93/><U111/><E111/><RYUUKYOKU ba="0,1" sc="304,10,264,10,123,10,299,-30" hai0="47,51,96,99" hai1="85,87,95,102,112,113,114" hai2="18,19,40,43,44,46,88,89,97,98,105,106,132" owari="324,42.4,274,7.4,133,-36.7,269,-13.1" /></mjloggm>