<mjloggm ver="2.3"><GO type="169" lobby="0"/><UN n0="%E3%82%A8%E3%82%B0%E3%83%81%E3%80%81" n1="%E3%82%80%E3%82%89%E3%81%B3%E3%81%A8" n2="%E5%B3%B6%E7%94%B0%E7%9C%9F%E5%A4%A2" n3="%E3%80%8C%E3%83%92%E3%83%AD%E3%80%8D%34%30" dan="16,16,16,17" rate="2118.55,2146.93,2149.07,2213.26" sx="M,M,F,M"/><TAIKYOKU oya="0"/><INIT seed="0,0,0,5,1,88" ten="250,250,250,250" oya="0" hai0="16,78,129,119,58,56,92,82,39,112,100,27,81" hai1="21,115,106,8,42,70,18,130,1,25,9,85,108" hai2="64,43,37,116,110,45,36,128,20,67,114,2,89" hai3="125,84,48,54,0,7,91,121,23,22,101,13,10"/><T4/><D112/><U72/><E72/><V47/><F114/><W120/><G125/><T94/><D119/><U6/><E106/><V30/><F2/><W111/><G111/><T5/><D39/><U50/><E70/><V28/><F110/><W55/><G101/><T103/><D129/><U135/><E115/><V32/><F116/><W41/><G41/><T124/><D27/><U133/><E108/><V71/><F128/><W44/><G55/><T79/><REACH who="0" step="1"/><D16/><REACH who="0" ten="240,250,250,250" step="2"/><U123/><E18/><V102/><F36/><W17/><REACH who="3" step="1"/><G23/><REACH who="3" ten="240,250,250,240" step="2"/><T118/><D118/><U104/><E21/><V57/><F20/><W69/><G69/><T86/><D86/><U68/><E85/><V31/><F71/><W77/><G77/><T46/><D46/><U12/><E130/><V80/><F47/><W15/><G15/><T93/><D93/><AGARI ba="0,2" hai="0,7,10,13,17,22,44,48,54,84,91,93,120,121" machi="93" ten="40,2600,0" yaku="1,1,52,1,53,0" doraHai="88" doraHaiUra="76" who="3" fromWho="0" sc="240,-26,250,0,250,0,240,46" /><INIT seed="1,0,0,3,4,133" ten="214,250,250,286" oya="1" hai0="79,23,83,35,45,54,106,10,81,36,50,123,109" hai1="128,122,60,37,41,94,115,103,39,66,100,75,117" hai2="3,31,102,105,101,125,62,113,135,57,42,15,76" hai3="91,55,82,111,86,85,21,19,6,126,87,12,93"/><U26/><E115/><V33/><F135/><W110/><G126/><T4/><D35/><U34/><E117/><V0/><F113/><W116/><G116/><T14/><D109/><U53/><E122/><V38/><F125/><W104/><G104/><T47/><D123/><U71/><E128/><V74/><F38/><W61/><G6/><T9/><D106/><U124/><E75/><V114/><F42/><W65/><G55/><T80/><D36/><U59/><E26/><V20/><F33/><W112/><G112/><T8/><D79/><U18/><E18/><V84/><F74/><W69/><REACH who="3" step="1"/><G82/><REACH who="3" ten="214,250,250,276" step="2"/><T11/><REACH who="0" step="1"/><D23/><REACH who="0" ten="204,250,250,276" step="2"/><U134/><E34/><V13/><F105/><W70/><G70/><T29/><D29/><U48/><E71/><V88/><F31/><W77/><G77/><T7/><D7/><U89/><E134/><V24/><F76/><W30/><G30/><T28/><D28/><U96/><E124/><V107/><F107/><W2/><G2/><T127/><D127/><U78/><E78/><V129/><F20/><W51/><G51/><T22/><D22/><U40/><E48/><V44/><F129/><W43/><G43/><T25/><D25/><U17/><E41/><V5/><F24/><W131/><G131/><T73/><D73/><U97/><E40/><V52/><F3/><W92/><G92/><T58/><AGARI ba="0,2" hai="4,8,9,10,11,14,45,47,50,54,58,80,81,83" machi="58" ten="30,4000,0" yaku="1,1,0,1,8,1,53,0" doraHai="133" doraHaiUra="132" who="0" fromWho="0" sc="204,60,250,-20,250,-10,276,-10" /><INIT seed="2,0,0,0,5,42" ten="264,230,240,266" oya="2" hai0="108,17,120,35,91,118,67,16,70,34,119,122,102" hai1="47,56,130,55,27,127,133,29,71,131,58,92,52" hai2="45,68,110,30,13,21,111,51,98,62,107,82,65" hai3="124,38,48,57,103,85,104,31,125,8,115,41,93"/><V10/><F82/><W2/><G115/><T134/><D102/><U129/><E133/><V49/><F49/><W77/><G31/><T128/><D91/><U39/><E127/><V112/><F112/><W25/><G25/><T24/><D67/><U36/><E71/><V12/><F107/><W0/><G104/><T43/><D43/><N who="1" m="23039" /><E36/><V40/><F98/><W88/><G103/><T59/><D59/><N who="1" m="22571" /><E92/><V5/><REACH who="2" step="1"/><F12/><REACH who="2" ten="264,230,230,266" step="2"/><W3/><G48/><T15/><D134/><U76/><E76/><V132/><F132/><W9/><G38/><T32/><D70/><U60/><E60/><V114/><F114/><W23/><G0/><T46/><D46/><U22/><AGARI ba="0,1" hai="22,27,29,52,55,129,130,131" m="22571,23039" machi="22" ten="40,5200,0" yaku="19,1,52,1,54,1" doraHai="42" who="1" fromWho="1" sc="264,-13,230,62,230,-26,266,-13" /><INIT seed="3,0,0,4,2,40" ten="251,292,204,253" oya="3" hai0="101,80,24,102,108,25,20,128,74,17,34,92,9" hai1="84,0,66,135,65,70,23,85,134,11,125,99,4" hai2="103,104,50,118,46,7,131,94,88,96,124,112,106" hai3="36,132,27,16,51,59,127,75,100,76,37,71,56"/><W78/><G71/><T98/><D108/><U117/><E125/><V105/><F124/><W81/><G127/><T21/><D128/><U31/><E99/><V52/><F118/><W114/><G114/><T43/><D34/><U68/><E117/><V1/><F131/><W121/><G121/><T61/><D9/><U115/><E115/><V53/><F112/><W72/><G132/><N who="1" m="50730" /><E68/><V3/><F7/><W57/><G100/><T6/><D6/><U5/><E4/><V13/><F13/><W126/><G126/><T122/><D122/><U60/><E66/><V55/><REACH who="2" step="1"/><F103/><REACH who="2" ten="251,292,194,253" step="2"/><W28/><G75/><T19/><D74/><U83/><E5/><V67/><F67/><W22/><G76/><T15/><D102/><U26/><E0/><AGARI ba="0,1" hai="0,1,3,46,50,52,53,55,88,94,96,104,105,106" machi="0" ten="50,8000,1" yaku="1,1,52,1,54,2,53,1" doraHai="40" doraHaiUra="41" who="2" fromWho="1" sc="251,0,292,-80,194,90,253,0" /><INIT seed="4,0,0,0,0,8" ten="251,212,284,253" oya="0" hai0="28,105,37,95,114,115,34,12,31,52,86,104,131" hai1="111,4,128,43,20,59,121,46,22,127,10,75,14" hai2="94,1,65,39,135,73,15,124,116,99,107,54,117" hai3="133,26,100,47,134,130,78,63,72,83,51,24,62"/><T19/><D131/><U36/><E121/><V40/><F1/><W21/><G130/><T33/><D37/><U82/><E127/><V96/><F73/><W106/><G26/><T23/><D95/><U112/><E111/><V85/><F124/><W7/><G7/><T56/><D86/><U2/><E128/><V132/><F65/><W58/><G100/><T38/><D38/><U5/><E112/><N who="0" m="43049" /><D31/><U87/><E59/><V89/><F54/><W66/><G106/><N who="0" m="41067" /><D28/><U120/><E120/><V49/><F39/><W16/><REACH who="3" step="1"/><G63/><AGARI ba="0,0" hai="12,19,23,33,34,52,56,63" m="41067,43049" machi="63" ten="30,5800,0" yaku="15,1,52,1,54,1" doraHai="8" who="0" fromWho="3" sc="251,58,212,0,284,0,253,-58" /><INIT seed="4,1,0,4,5,4" ten="309,212,284,195" oya="0" hai0="16,8,128,81,102,69,21,56,27,112,134,80,10" hai1="60,118,122,45,104,135,103,12,109,125,129,97,46" hai2="77,64,3,6,101,71,93,127,119,41,87,17,105" hai3="24,33,68,36,53,23,82,35,106,123,43,67,63"/><T115/><D69/><U1/><E1/><V133/><F133/><W91/><G106/><T72/><D134/><U26/><E122/><V19/><F127/><W100/><G100/><T132/><D132/><U98/><E118/><V31/><F105/><W117/><G123/><T116/><D116/><U22/><E109/><V38/><F119/><W30/><G117/><T75/><D128/><U47/><E135/><V70/><F31/><W15/><G53/><T107/><D56/><U90/><E125/><V79/><F101/><W52/><G52/><T126/><D126/><U120/><E120/><V62/><F70/><W57/><G68/><T121/><D121/><U39/><E60/><V95/><F41/><W96/><G36/><T7/><D7/><U89/><E98/><V131/><F38/><W25/><G43/><T130/><D130/><U48/><E48/><V13/><F131/><W76/><G15/><T113/><D81/><U58/><E58/><V108/><F108/><W99/><G91/><T29/><D29/><U88/><E129/><V2/><F3/><W9/><G9/><N who="0" m="3691" /><D80/><U124/><E124/><V111/><F6/><W50/><G35/><T92/><D92/><N who="2" m="35402" /><F2/><W28/><REACH who="3" step="1"/><G50/><REACH who="3" ten="309,212,284,185" step="2"/><T32/><D32/><U61/><E39/><V54/><F111/><W20/><G20/><T86/><D86/><AGARI ba="1,1" hai="23,24,25,28,30,33,57,63,67,76,82,86,96,99" machi="86" ten="30,2000,0" yaku="1,1,7,1,53,0" doraHai="4" doraHaiUra="37" who="3" fromWho="0" sc="309,-23,212,0,284,0,185,33" /><INIT seed="5,0,0,5,3,12" ten="286,212,284,218" oya="1" hai0="122,84,125,95,119,133,86,129,67,111,62,91,116" hai1="75,130,10,17,58,5,120,79,13,135,99,92,45" hai2="107,81,134,29,98,39,94,69,105,6,97,60,66" hai3="103,114,93,8,128,65,9,80,35,68,106,4,61"/><U131/><E120/><V20/><F134/><W36/><G114/><T127/><D111/><U54/><E135/><V40/><F6/><W23/><G128/><T0/><D133/><U126/><E126/><N who="0" m="48137" /><D129/><N who="1" m="49163" /><E45/><V3/><F3/><W124/><G124/><T37/><D0/><U28/><E28/><V55/><F81/><W85/><G35/><T46/><D122/><U59/><E54/><V34/><F34/><W49/><G36/><T33/><D86/><U7/><E79/><V121/><F121/><W38/><G38/><T89/><D89/><N who="1" m="55695" /><E75/><V21/><F55/><W90/><G103/><T72/><D72/><U15/><E7/><V87/><F29/><W74/><G74/><T42/><D33/><U76/><E76/><V53/><F53/><W112/><G4/><T88/><D91/><U115/><E115/><V30/><F30/><W78/><G90/><T43/><D43/><U82/><E82/><V118/><F40/><W18/><G78/><T52/><D52/><U16/><E5/><V19/><F97/><W1/><G1/><T2/><D2/><U50/><E50/><V101/><F98/><W44/><G112/><T83/><D83/><U96/><E96/><V24/><F87/><W25/><G85/><T132/><D132/><U109/><E109/><V100/><F101/><W102/><G102/><T77/><D77/><U57/><E57/><AGARI ba="0,0" hai="37,42,46,57,62,67,84,88,95,116,119" m="48137" machi="57" ten="30,2000,0" yaku="18,1,54,1" doraHai="12" who="0" fromWho="1" sc="286,20,212,-20,284,0,218,0" /><INIT seed="6,0,0,1,5,125" ten="306,192,284,218" oya="2" hai0="40,76,90,32,104,126,3,34,116,115,7,95,48" hai1="66,37,99,68,78,31,87,101,2,50,118,29,128" hai2="26,14,38,54,62,30,123,15,56,107,21,85,117" hai3="79,33,61,98,89,83,65,92,94,113,13,44,28"/><V119/><F123/><W45/><G113/><T53/><D104/><U52/><E37/><V103/><F38/><W102/><G13/><T25/><D115/><U36/><E36/><V64/><F107/><W43/><G28/><T8/><D126/><U41/><E41/><V135/><F135/><W58/><G33/><T77/><D40/><U63/><E2/><V97/><F85/><N who="3" m="48383" /><G43/><T75/><D116/><U1/><E1/><V133/><F133/><W105/><G105/><T4/><D4/><U23/><E118/><V16/><F14/><W19/><G19/><T9/><D9/><U60/><E60/><V70/><F97/><AGARI ba="0,0" hai="44,45,58,61,65,89,92,94,97,98,102" m="48383" machi="97" ten="30,1000,0" yaku="8,1" doraHai="125" who="3" fromWho="2" sc="306,0,192,0,284,-10,218,10" /><INIT seed="7,0,0,4,2,76" ten="306,192,274,228" oya="3" hai0="61,77,115,84,55,83,129,112,9,118,120,17,60" hai1="42,37,126,41,105,1,119,67,34,70,68,99,48" hai2="36,88,14,66,53,35,15,71,69,81,50,18,2" hai3="40,132,3,73,13,30,124,22,44,31,122,135,19"/><W82/><G3/><T78/><D118/><U26/><E1/><V5/><F2/><W52/><G122/><T16/><D120/><U29/><E48/><V113/><F36/><W89/><G124/><T104/><D129/><U72/><E126/><V86/><F35/><W11/><G52/><T91/><D104/><U116/><E72/><V46/><F66/><W111/><G111/><T33/><D33/><U123/><E123/><V45/><F113/><N who="0" m="43594" /><D9/><U79/><E79/><N who="0" m="30217" /><D55/><U63/><E70/><V121/><F121/><W85/><G73/><T80/><D80/><U25/><E25/><V108/><F108/><W8/><G8/><T12/><D12/><U102/><E37/><V98/><F5/><W4/><G4/><T114/><D114/><U6/><REACH who="1" step="1"/><E6/><REACH who="1" ten="306,182,274,228" step="2"/><V54/><F71/><W43/><G43/><AGARI ba="0,1" hai="26,29,34,41,42,43,63,67,68,99,102,105,116,119" machi="43" ten="40,8000,1" yaku="1,1,2,1,25,2,53,1" doraHai="76" doraHaiUra="56" who="1" fromWho="3" sc="306,0,182,90,274,0,228,-80" owari="306,40.6,272,-12.8,274,7.4,148,-35.2" /></mjloggm>