<mjloggm ver="2.3"><GO type="169" lobby="0"/><UN n0="%E6%84%9A%E5%85%84%E3%81%8C%E6%84%9A%E5%BD%A2" n1="%E5%B3%B6%E7%94%B0%E7%9C%9F%E5%A4%A2" n2="%E3%81%8D%E3%82%83%E3%83%BC%E3%82%8D%E3%82%93" n3="%E3%81%98%E3%82%83%E3%81%99%E3%81%BF%E3%82%93" dan="16,16,16,16" rate="2098.83,2151.09,2127.39,2050.38" sx="M,F,M,M"/><TAIKYOKU oya="0"/><INIT seed="0,0,0,3,1,49" ten="250,250,250,250" oya="0" hai0="59,33,13,73,77,45,70,119,96,56,15,39,27" hai1="124,34,4,14,104,30,71,47,82,42,3,131,25" hai2="5,31,94,48,107,44,118,50,112,121,10,126,115" hai3="120,66,90,21,79,135,92,80,98,63,116,122,6"/><T106/><D70/><U41/><E104/><V74/><F121/><N who="3" m="46699" /><G116/><T102/><D119/><U43/><E124/><V7/><F74/><N who="3" m="43127" /><G21/><T117/><D117/><U35/><E71/><V129/><F118/><W97/><G6/><T65/><D73/><U53/><E131/><V91/><F126/><W110/><G110/><T52/><D77/><U54/><E3/><V68/><F129/><W60/><G135/><T62/><D39/><U58/><E82/><V78/><F107/><W55/><G66/><T127/><D45/><U26/><E47/><V95/><F44/><W99/><G55/><T37/><D37/><U61/><E25/><V123/><F123/><W67/><G67/><T93/><D106/><U128/><E128/><V105/><F105/><W108/><G108/><T57/><D127/><U81/><E81/><V20/><F20/><W18/><G18/><T130/><D130/><U134/><E134/><V109/><F109/><W46/><G46/><T9/><D9/><U22/><REACH who="1" step="1"/><E53/><REACH who="1" ten="250,240,250,250" step="2"/><V28/><F68/><W75/><G75/><T132/><D132/><U17/><E17/><V125/><F125/><W111/><G111/><T40/><D40/><U114/><E114/><V8/><F78/><W100/><G100/><T11/><D59/><U12/><E12/><V103/><F103/><W1/><G1/><T2/><D2/><U24/><E24/><V64/><F64/><W101/><G101/><T86/><D13/><U23/><E23/><V133/><F133/><W87/><AGARI ba="0,1" hai="60,63,87,90,92,97,98,99" m="43127,46699" machi="87" ten="30,1100,0" yaku="13,1" doraHai="49" who="3" fromWho="3" sc="250,-5,240,-3,250,-3,250,21" /><INIT seed="1,0,0,1,3,64" ten="245,237,247,271" oya="1" hai0="10,57,109,21,14,30,51,117,29,115,129,37,133" hai1="0,122,62,123,85,7,66,78,91,26,46,99,67" hai2="98,58,3,94,9,116,45,52,132,42,119,8,53" hai3="87,80,82,6,61,101,75,55,54,77,40,130,5"/><U68/><E66/><V96/><F132/><W83/><G130/><T74/><D115/><U128/><E128/><V76/><F76/><W12/><G101/><T34/><D74/><U79/><E46/><V125/><F125/><W131/><G131/><T4/><D37/><U113/><E113/><V95/><F58/><W111/><G111/><T20/><D129/><U86/><E79/><V59/><F59/><W28/><G28/><T112/><D112/><U93/><E26/><V81/><F81/><W49/><G61/><T60/><D109/><U134/><E134/><V114/><F42/><W56/><G55/><T89/><D117/><U135/><E135/><V72/><F114/><W126/><G126/><T105/><D105/><U118/><E118/><V65/><F65/><W69/><G40/><T84/><D51/><U106/><E78/><V36/><F72/><W13/><G69/><T2/><D34/><U16/><E16/><V38/><F3/><W50/><G50/><T120/><D120/><U41/><E41/><V17/><REACH who="2" step="1"/><F17/><REACH who="2" ten="245,237,237,271" step="2"/><W103/><G82/><N who="0" m="49303" /><D2/><U100/><REACH who="1" step="1"/><E86/><REACH who="1" ten="245,227,237,271" step="2"/><V25/><F25/><W43/><G87/><T11/><D133/><U23/><E23/><V121/><F121/><W18/><G75/><T63/><D21/><U19/><E19/><V90/><F90/><W73/><G73/><T71/><D20/><U110/><E110/><V33/><F33/><W102/><G77/><T88/><D88/><U124/><E124/><V27/><F27/><W104/><G43/><T31/><D57/><U70/><E70/><V127/><F127/><W107/><G56/><RYUUKYOKU ba="0,2" sc="245,-15,227,15,237,15,271,-15" hai1="0,7,62,67,68,85,91,93,99,100,106,122,123" hai2="8,9,36,38,45,52,53,94,95,96,98,116,119" /><INIT seed="1,1,2,5,4,115" ten="230,242,252,256" oya="1" hai0="83,97,91,43,127,61,106,117,76,21,56,99,17" hai1="27,0,64,78,29,13,6,54,73,108,32,15,36" hai2="133,126,104,107,98,86,120,2,121,123,80,81,131" hai3="103,101,14,25,16,48,12,70,20,111,65,135,129"/><U62/><E36/><V39/><F2/><W26/><G129/><T77/><D127/><U52/><E108/><V75/><F39/><W23/><G135/><T100/><D43/><U130/><E130/><V114/><F126/><W11/><G111/><T89/><D97/><U45/><E0/><V28/><F131/><W4/><G65/><T55/><D117/><U134/><E134/><V18/><F28/><W59/><G70/><T74/><REACH who="0" step="1"/><D76/><REACH who="0" ten="220,242,252,256" step="2"/><U122/><E78/><N who="2" m="44127" /><F114/><W128/><G128/><T119/><D119/><U35/><E122/><V132/><F132/><W30/><G25/><AGARI ba="1,3" hai="17,21,25,55,56,61,74,77,83,89,91,99,100,106" machi="25" ten="30,2000,0" yaku="1,1,7,1,53,0" doraHai="115" doraHaiUra="82" who="0" fromWho="3" sc="220,53,242,0,252,0,256,-23" /><INIT seed="2,0,0,5,4,8" ten="273,242,252,233" oya="2" hai0="76,73,53,77,55,70,43,108,121,104,19,89,72" hai1="46,67,125,74,109,50,110,54,4,92,107,120,25" hai2="79,38,111,16,59,49,64,96,24,31,51,116,127" hai3="11,47,68,30,15,99,113,45,112,97,100,114,6"/><V117/><F38/><W2/><G68/><T133/><D104/><U9/><E107/><V83/><F127/><W63/><G63/><T128/><D121/><U60/><E120/><V102/><F111/><W33/><G2/><T61/><D43/><U69/><E74/><V130/><F130/><W32/><G100/><T27/><D133/><U28/><E92/><V56/><F56/><W103/><G103/><T126/><D126/><U75/><E75/><V7/><F7/><W20/><G20/><T129/><D89/><U22/><REACH who="1" step="1"/><E125/><REACH who="1" ten="273,232,252,233" step="2"/><V87/><F117/><W88/><G113/><T91/><D72/><U58/><E58/><V21/><F116/><W17/><G112/><T52/><D73/><U95/><E95/><N who="2" m="58655" /><F64/><W118/><G114/><T98/><D70/><U101/><E101/><V123/><F123/><W48/><G118/><T39/><D128/><U90/><E90/><V42/><F59/><W1/><G88/><T40/><D91/><U122/><E122/><V82/><F82/><W36/><G97/><T134/><D98/><U13/><AGARI ba="0,1" hai="4,9,13,22,25,28,46,50,54,60,67,69,109,110" machi="13" ten="30,7900,0" yaku="1,1,0,1,52,1,53,1" doraHai="8" doraHaiUra="0" who="1" fromWho="1" sc="273,-20,232,89,252,-39,233,-20" /><INIT seed="3,0,0,4,0,91" ten="253,321,213,213" oya="3" hai0="124,57,56,29,133,0,47,8,31,89,101,4,107" hai1="34,14,87,19,7,84,75,17,73,20,76,6,64" hai2="21,72,18,5,22,132,109,69,44,43,39,45,24" hai3="60,117,88,71,53,37,115,104,134,63,129,68,125"/><W58/><G104/><T49/><D124/><U12/><E64/><V92/><F72/><W11/><G115/><T46/><D46/><U102/><E102/><V3/><F69/><W1/><G117/><T114/><D133/><U67/><E67/><V16/><F109/><W74/><G74/><T55/><D114/><U122/><E122/><V48/><F132/><W9/><G134/><T80/><D101/><U82/><E34/><V32/><F32/><W33/><G33/><T26/><D31/><U121/><E121/><V118/><F118/><W23/><G37/><T81/><D81/><U105/><E105/><V97/><F3/><W113/><G129/><T28/><D29/><U128/><E128/><V62/><F62/><W59/><G125/><T36/><D36/><U30/><E30/><V77/><F77/><W111/><G23/><T86/><D107/><U41/><E41/><V25/><F5/><W13/><G111/><T65/><D65/><U52/><E76/><V108/><F108/><W78/><G78/><T27/><D27/><U130/><E82/><V120/><F120/><W90/><G113/><T93/><D80/><U70/><E70/><V40/><F39/><W131/><G131/><T94/><D94/><U2/><E130/><V103/><F45/><W112/><G112/><T50/><REACH who="0" step="1"/><D49/><REACH who="0" ten="243,321,213,213" step="2"/><U99/><E75/><V83/><F83/><W51/><G51/><T135/><D135/><U96/><E73/><V100/><F100/><W10/><G1/><T38/><D38/><U116/><E2/><V66/><F66/><N who="3" m="39191" /><G13/><T61/><D61/><U127/><E127/><RYUUKYOKU ba="0,1" sc="243,10,321,-30,213,10,213,10" hai0="0,4,8,26,28,47,50,55,56,57,86,89,93" hai2="16,18,21,22,24,25,40,43,44,48,92,97,103" hai3="9,10,11,53,59,63,68,71,88,90" /><INIT seed="3,1,1,0,1,64" ten="253,291,223,223" oya="3" hai0="92,70,57,66,82,50,68,61,91,95,59,118,78" hai1="126,103,133,45,34,72,79,89,19,96,73,90,7" hai2="21,74,10,9,42,76,46,58,93,113,0,125,87" hai3="56,37,4,44,32,115,51,47,67,104,39,106,31"/><W38/><G115/><T60/><D118/><U135/><E34/><V128/><F113/><W36/><G4/><T69/><D50/><U62/><E7/><V35/><F125/><W116/><G116/><T88/><D92/><U112/><E112/><V29/><F128/><W98/><N who="3" m="9216" /><DORA hai="110" /><W48/><G31/><T121/><D95/><U14/><E45/><V94/><F35/><W124/><G32/><T83/><D121/><U43/><E43/><V122/><F74/><N who="1" m="28777" /><E62/><V24/><F0/><W75/><G75/><T5/><D5/><U16/><E79/><V49/><F122/><W28/><G28/><T22/><D22/><U63/><E63/><V100/><F58/><W23/><G23/><T131/><D131/><U55/><E55/><V3/><F3/><W97/><G56/><T40/><D40/><U105/><E19/><V85/><F76/><W109/><G109/><T77/><D69/><U15/><E15/><V65/><F65/><AGARI ba="1,1" hai="57,59,60,61,65,66,68,70,77,78,82,83,88,91" machi="65" ten="25,8000,1" yaku="22,2,52,2,54,1" doraHai="64,110" who="0" fromWho="2" sc="253,93,291,0,223,-83,223,0" /><INIT seed="4,0,0,4,4,37" ten="346,291,140,223" oya="0" hai0="14,34,23,36,68,59,13,27,41,101,40,38,128" hai1="135,1,108,63,18,131,91,60,11,51,78,117,49" hai2="90,126,17,106,122,54,86,56,72,133,69,55,82" hai3="77,46,115,88,125,94,79,65,32,53,0,121,58"/><T120/><D68/><U33/><E33/><V57/><F122/><W127/><G32/><T118/><D120/><U97/><E108/><V130/><F106/><W25/><G0/><T22/><D34/><U93/><E117/><V111/><F69/><W114/><G121/><T116/><D101/><U61/><E135/><V64/><F111/><W12/><G12/><T92/><D92/><U6/><E131/><V98/><F126/><N who="3" m="48139" /><G46/><T15/><D59/><U102/><E78/><N who="3" m="29706" /><G65/><T16/><D128/><U44/><E18/><V95/><F133/><W2/><G25/><T83/><D83/><U66/><E66/><V62/><F72/><W30/><G30/><T42/><REACH who="0" step="1"/><D23/><REACH who="0" ten="336,291,140,223" step="2"/><U48/><REACH who="1" step="1"/><E102/><REACH who="1" ten="336,281,140,223" step="2"/><N who="2" m="60767" /><F130/><W67/><G67/><T26/><D26/><U75/><E75/><V20/><F57/><W100/><G100/><T8/><D8/><U112/><E112/><V43/><F64/><W3/><G114/><T109/><D109/><U110/><E110/><V7/><F56/><W45/><G115/><T70/><D70/><U129/><E129/><V119/><F119/><AGARI ba="0,2" hai="13,14,15,16,22,27,36,38,40,41,42,116,118,119" machi="119" ten="50,12000,1" yaku="1,1,52,3,54,1,53,0" doraHai="37" doraHaiUra="47" who="0" fromWho="2" sc="336,140,281,0,140,-120,223,0" /><INIT seed="4,1,0,3,0,52" ten="476,281,20,223" oya="0" hai0="59,87,18,97,89,86,22,127,55,70,35,8,100" hai1="48,13,19,12,106,81,62,0,21,69,108,72,34" hai2="11,107,54,58,103,77,112,121,41,115,27,76,98" hai3="130,28,50,113,40,94,78,45,83,15,5,42,16"/><T99/><D70/><U57/><E106/><V104/><F121/><W126/><G113/><T91/><D8/><U61/><E34/><V17/><F41/><W128/><G126/><T105/><D35/><U111/><E0/><V71/><F107/><W129/><G28/><T101/><D127/><U46/><E69/><V96/><F96/><W80/><G5/><T65/><D65/><U66/><E62/><V32/><F71/><W25/><G25/><T124/><D124/><U102/><E102/><V123/><F123/><W131/><N who="3" m="32768" /><DORA hai="37" /><W68/><G68/><T117/><D117/><U1/><E1/><V92/><F104/><W125/><G125/><T134/><D134/><U85/><E72/><V122/><F122/><W133/><G133/><T82/><D101/><U135/><E135/><V43/><F43/><N who="3" m="24895" /><G94/><T114/><D114/><N who="2" m="43562" /><F32/><W95/><G95/><T49/><D105/><U39/><E39/><V93/><F93/><W79/><G79/><T132/><D132/><U24/><E111/><V120/><F120/><W30/><G30/><T60/><D100/><U44/><E108/><V36/><F36/><W64/><G64/><T33/><D33/><U31/><E31/><V75/><F75/><N who="3" m="43103" /><G83/><T67/><D67/><U118/><E118/><V84/><F84/><W88/><G88/><T51/><D87/><U14/><REACH who="1" step="1"/><E48/><REACH who="1" ten="476,271,20,223" step="2"/><V73/><F73/><W116/><G116/><T109/><D109/><U53/><E53/><V110/><F110/><W9/><AGARI ba="1,1" hai="9,15,16,40,42" m="43103,24895,32768" machi="9" ten="60,8000,1" yaku="19,1,52,3,54,1" doraHai="52,37" who="3" fromWho="3" sc="476,-41,271,-21,20,-21,223,93" owari="435,53.5,250,-15.0,-1,-50.1,316,11.6" /></mjloggm>