<mjloggm ver="2.3"><GO type="169" lobby="0"/><UN n0="%E7%A5%9E%E6%88%B8%E5%B0%8F%E9%B3%A5%E9%86%A4" n1="%6C%75%6E%61%32%33%34%35" n2="%E5%85%A8%E9%80%9F%E3%82%86%E3%83%BC%E3%81%B8%E3%81%84" n3="%E3%82%B5%E3%83%96%E3%82%A2%E3%83%A9%E3%83%89" dan="16,16,18,16" rate="2052.66,2081.83,2239.82,2053.82" sx="F,F,M,M"/><TAIKYOKU oya="0"/><INIT seed="0,0,0,2,5,98" ten="250,250,250,250" oya="0" hai0="105,40,15,8,97,32,107,3,58,116,95,106,0" hai1="55,125,79,2,93,53,62,77,21,12,84,73,130" hai2="92,11,14,114,71,117,124,24,61,64,118,48,46" hai3="82,41,68,70,120,27,108,23,127,101,76,18,59"/><T86/><D32/><U123/><E123/><V16/><F114/><W112/><G112/><T7/><D116/><U43/><E130/><V54/><F124/><W50/><G127/><T52/><D40/><U100/><E2/><V96/><REACH who="2" step="1"/><F24/><REACH who="2" ten="250,250,240,250" step="2"/><W45/><G120/><T126/><D126/><U20/><E125/><V63/><F63/><W99/><G108/><T103/><REACH who="0" step="1"/><D86/><REACH who="0" ten="240,250,240,250" step="2"/><U121/><E84/><V25/><F25/><W74/><REACH who="3" step="1"/><G59/><REACH who="3" ten="240,250,240,240" step="2"/><T75/><D75/><U88/><E73/><V115/><F115/><W72/><G72/><T104/><N who="0" m="26624" /><DORA hai="134" /><T37/><D37/><U80/><E121/><V1/><F1/><W34/><G34/><T5/><D5/><U22/><E43/><V19/><F19/><W33/><G33/><T122/><D122/><U133/><E133/><V51/><F51/><AGARI ba="0,3" hai="0,3,7,8,15,51,52,58,95,97,103" m="26624" machi="51" ten="70,12000,1" yaku="1,1,52,1,54,1,53,2" doraHai="98,134" doraHaiUra="67,35" who="0" fromWho="2" sc="240,150,250,0,240,-120,240,0" /><INIT seed="0,1,0,3,4,129" ten="390,250,120,240" oya="0" hai0="110,68,39,12,40,130,70,75,96,111,45,25,105" hai1="135,57,78,4,30,24,22,97,115,95,83,117,3" hai2="98,9,99,122,88,62,56,93,71,121,76,32,119" hai3="87,81,49,58,28,47,128,132,79,63,13,48,123"/><T120/><D120/><U35/><E117/><V52/><F119/><W2/><G2/><T44/><D130/><U89/><E115/><V15/><F32/><W34/><G123/><T19/><D75/><U72/><E35/><V84/><F71/><W11/><G128/><T114/><D25/><U26/><E24/><V104/><F99/><W54/><G49/><T21/><D114/><U108/><E108/><N who="0" m="41513" /><D45/><U91/><E89/><V116/><F116/><W55/><G28/><T33/><D33/><U59/><E3/><V7/><REACH who="2" step="1"/><F76/><REACH who="2" ten="390,250,110,240" step="2"/><W85/><G34/><T112/><D112/><U36/><E78/><V16/><F16/><W86/><REACH who="3" step="1"/><G132/><REACH who="3" ten="390,250,110,230" step="2"/><T118/><D118/><U53/><E135/><V134/><F134/><W66/><G66/><T0/><D0/><U64/><E64/><V51/><F51/><W100/><G100/><AGARI ba="1,2" hai="12,19,21,39,40,44,68,70,96,100,105" m="41513" machi="100" ten="30,2900,0" yaku="14,1,10,1" doraHai="129" who="0" fromWho="3" sc="390,52,250,0,110,0,230,-32" /><AGARI ba="1,0" hai="7,9,15,52,56,62,84,88,93,98,100,104,121,122" machi="100" ten="40,5200,0" yaku="1,1,54,2,53,0" doraHai="129" doraHaiUra="41" who="2" fromWho="3" sc="442,0,250,0,110,52,198,-52" /><INIT seed="0,2,0,4,1,116" ten="442,250,162,146" oya="0" hai0="75,4,97,85,55,78,83,40,121,105,5,113,87" hai1="34,49,104,32,15,102,54,118,1,77,67,2,126" hai2="124,114,57,18,9,65,79,133,107,100,60,115,27" hai3="61,69,66,127,30,94,90,68,7,106,33,64,20"/><T13/><D113/><U135/><E118/><V120/><F133/><W11/><G127/><T6/><D40/><U132/><E126/><V48/><F124/><W16/><G106/><T128/><D128/><U36/><E67/><V91/><F79/><W10/><G10/><T28/><D28/><U92/><E77/><V14/><F120/><W56/><G30/><T62/><D121/><U22/><E92/><V19/><F91/><W25/><G66/><T111/><D13/><U39/><E22/><V108/><F108/><W52/><G64/><T93/><D105/><U73/><E15/><V103/><F107/><W44/><G44/><T72/><D72/><U112/><E112/><V80/><F80/><W37/><G37/><N who="1" m="14410" /><E73/><V12/><F115/><W82/><G82/><T119/><D119/><U130/><E130/><V125/><F114/><W110/><G33/><N who="1" m="12906" /><E102/><V47/><F27/><W117/><G110/><T89/><D111/><U23/><E23/><V84/><F84/><W101/><G101/><T51/><REACH who="0" step="1"/><D62/><REACH who="0" ten="432,250,162,146" step="2"/><U74/><E104/><V38/><F125/><W70/><G117/><T8/><D8/><U59/><E74/><V41/><F38/><W123/><G123/><T35/><D35/><U29/><E29/><V45/><F12/><W98/><G11/><T86/><D86/><U95/><E132/><V50/><F18/><W53/><G7/><T3/><D3/><U122/><E135/><V0/><F0/><W21/><G21/><T46/><AGARI ba="2,1" hai="4,5,6,46,51,55,75,78,83,85,87,89,93,97" machi="46" ten="30,6000,0" yaku="1,1,0,1,53,1" doraHai="116" doraHaiUra="42" who="0" fromWho="0" sc="432,76,250,-22,162,-22,146,-22" /><INIT seed="0,3,0,4,5,86" ten="508,228,140,124" oya="0" hai0="126,84,31,19,51,99,22,4,48,133,100,71,111" hai1="119,120,118,62,21,95,127,34,37,105,65,104,52" hai2="9,64,28,123,44,56,87,88,115,97,107,106,113" hai3="39,93,68,23,82,49,130,13,131,60,89,42,26"/><T2/><D71/><U36/><E120/><V10/><F123/><W17/><G39/><T94/><D126/><U41/><E127/><V43/><F28/><W91/><G82/><T85/><D133/><U7/><E34/><V78/><F78/><W30/><G93/><T80/><D31/><U134/><E134/><V92/><F64/><W45/><G60/><T124/><D124/><U46/><E37/><V32/><F32/><W112/><G68/><T76/><D85/><U15/><E65/><V70/><F70/><W33/><G112/><T128/><D128/><AGARI ba="3,0" hai="13,17,23,26,30,33,42,45,49,89,91,128,130,131" machi="128" ten="40,5200,0" yaku="19,1,52,2" doraHai="86" who="3" fromWho="0" sc="508,-61,228,0,140,0,124,61" /><INIT seed="1,0,0,3,3,71" ten="447,228,140,185" oya="1" hai0="25,78,127,92,31,105,39,75,8,85,128,133,18" hai1="93,89,60,74,102,69,110,20,14,114,35,117,49" hai2="131,124,67,115,113,17,112,51,53,19,73,6,97" hai3="80,91,10,29,3,106,46,99,43,116,122,107,84"/><U70/><E114/><V47/><F73/><W30/><G122/><T129/><D105/><U90/><E117/><V27/><F124/><W12/><G3/><T123/><D123/><U111/><E35/><V94/><F131/><W118/><G99/><T56/><D127/><U52/><E74/><V76/><F76/><W72/><G72/><T9/><D56/><U109/><E102/><V40/><F67/><W13/><G13/><T101/><D75/><U100/><E100/><V108/><F108/><W87/><G87/><T44/><D133/><U95/><E60/><V62/><F6/><W23/><G23/><T2/><D2/><U1/><E1/><V63/><F27/><W32/><G32/><T134/><D134/><U132/><E132/><V21/><F21/><W119/><G107/><T96/><D18/><N who="2" m="6666" /><F53/><W7/><G106/><T88/><D128/><U11/><E20/><V45/><F45/><W98/><G98/><T79/><D44/><N who="1" m="27687" /><E11/><V64/><F64/><W41/><G41/><T82/><D9/><U54/><E54/><V103/><AGARI ba="0,0" hai="40,47,51,62,63,94,97,103,112,113,115" m="6666" machi="103" ten="40,1500,0" yaku="11,1" doraHai="71" who="2" fromWho="2" sc="447,-4,228,-7,140,15,185,-4" /><INIT seed="2,0,0,5,4,115" ten="443,221,155,181" oya="2" hai0="67,7,116,97,36,55,41,35,40,32,39,85,83" hai1="104,131,120,103,94,118,127,31,11,1,52,107,23" hai2="92,12,81,28,34,106,33,135,8,56,73,91,22" hai3="2,69,105,79,68,113,122,108,44,63,125,98,14"/><V47/><F106/><W59/><G2/><T13/><D67/><U93/><E131/><V29/><F135/><W95/><G108/><T19/><D7/><U134/><E134/><V112/><F112/><W6/><G105/><T64/><D64/><U45/><E127/><V25/><F56/><W20/><G125/><T48/><D97/><U26/><E120/><V30/><F47/><W128/><G128/><T76/><D116/><U99/><E118/><V77/><F34/><W27/><G79/><T57/><D32/><U80/><E80/><V0/><F0/><W9/><G44/><T119/><D35/><U123/><E123/><V84/><REACH who="2" step="1"/><F33/><REACH who="2" ten="443,221,145,181" step="2"/><W71/><G113/><T111/><D57/><U133/><E133/><V42/><F42/><W4/><G122/><T87/><D41/><U102/><E107/><V88/><F88/><W96/><G59/><T114/><D40/><U49/><E103/><V3/><F3/><W15/><G71/><T121/><D114/><U90/><E90/><V126/><F126/><W117/><G69/><T109/><D121/><U54/><E1/><V53/><F53/><W43/><G43/><T75/><D111/><U21/><E54/><V10/><F10/><N who="3" m="4423" /><G68/><T51/><D109/><U50/><E11/><V18/><AGARI ba="0,1" hai="8,12,18,22,25,28,29,30,73,77,81,84,91,92" machi="18" ten="20,18000,2" yaku="1,1,0,1,7,1,53,3" doraHai="115" doraHaiUra="24" who="2" fromWho="2" sc="443,-60,221,-60,145,190,181,-60" /><INIT seed="2,1,0,4,2,129" ten="383,161,335,121" oya="2" hai0="3,63,47,37,75,30,89,36,4,65,32,71,49" hai1="28,74,117,13,84,31,11,57,102,20,126,6,43" hai2="15,52,99,112,16,134,81,64,45,56,23,18,72" hai3="85,132,124,90,55,68,83,76,125,131,42,60,105"/><V8/><F112/><W116/><G116/><T79/><D32/><U48/><E126/><N who="3" m="48746" /><G105/><T2/><D30/><U5/><E117/><V93/><F134/><W0/><G131/><T108/><D108/><U39/><E74/><V80/><F64/><N who="3" m="40967" /><G0/><T78/><D89/><U91/><E39/><V46/><F72/><N who="3" m="43399" /><G42/><T103/><D3/><U69/><E69/><V98/><F81/><W66/><G66/><T29/><D2/><U35/><E35/><V14/><F80/><W115/><G132/><T110/><D65/><U7/><E102/><N who="2" m="60751" /><F99/><W1/><G1/><T27/><D103/><U101/><E101/><V123/><F123/><W73/><G73/><T135/><D75/><U104/><E104/><V10/><F10/><W86/><G115/><T53/><D135/><U33/><E33/><V58/><F58/><W113/><G113/><T26/><D79/><U50/><E57/><V44/><F44/><W118/><G118/><T128/><D47/><N who="1" m="25727" /><E50/><AGARI ba="1,0" hai="8,14,15,16,18,23,45,46,50,52,56" m="60751" machi="50" ten="30,5800,0" yaku="8,1,54,2" doraHai="129" who="2" fromWho="1" sc="383,0,161,-61,335,61,121,0" /><INIT seed="2,2,0,1,4,14" ten="383,100,396,121" oya="2" hai0="111,101,41,119,79,92,15,63,34,22,80,110,70" hai1="2,104,132,95,117,71,52,94,65,76,50,13,115" hai2="6,12,82,21,45,7,84,31,46,66,26,36,23" hai3="123,75,135,49,30,131,87,58,114,127,124,126,98"/><V91/><F66/><W54/><G75/><T9/><D34/><U47/><E115/><V93/><F36/><W43/><G123/><T28/><D41/><U60/><E132/><V72/><F72/><W81/><G114/><T5/><D119/><U25/><E117/><V19/><F82/><W103/><G30/><T85/><D70/><U128/><E128/><V35/><F35/><W107/><G43/><T37/><D37/><U74/><E2/><V77/><F77/><W120/><G120/><T3/><D63/><U24/><E104/><V48/><F46/><W102/><G102/><T33/><D101/><U97/><E95/><V59/><F59/><W122/><G122/><T67/><D92/><U96/><E96/><V130/><F130/><W62/><G131/><T100/><D100/><U61/><E61/><V16/><F31/><W113/><G135/><T64/><D64/><U78/><E13/><V51/><F51/><W32/><G32/><T56/><D67/><U88/><REACH who="1" step="1"/><E74/><REACH who="1" ten="383,90,396,121" step="2"/><V99/><F99/><W89/><G113/><T105/><D105/><U10/><E10/><V133/><F133/><W134/><G134/><T108/><D3/><U125/><E125/><V53/><AGARI ba="2,1" hai="6,7,12,16,19,21,23,26,45,48,53,84,91,93" machi="53" ten="20,18000,2" yaku="0,1,7,1,8,1,52,2,54,1" doraHai="14" who="2" fromWho="2" sc="383,-62,90,-62,396,196,121,-62" /><INIT seed="2,3,0,3,3,2" ten="321,28,592,59" oya="2" hai0="13,46,30,115,94,118,11,21,41,67,124,100,122" hai1="34,56,134,116,17,82,35,16,31,40,84,113,12" hai2="97,0,80,32,111,57,76,121,25,64,77,43,61" hai3="8,68,51,44,6,83,88,26,5,19,3,24,125"/><V79/><F121/><W20/><G68/><T36/><D122/><U129/><E113/><V70/><F0/><W114/><G114/><T71/><D115/><U1/><E116/><V60/><F43/><W130/><G130/><T22/><D118/><U53/><E129/><V52/><F111/><W18/><G125/><T54/><D124/><U63/><E134/><V42/><F42/><N who="3" m="24983" /><G3/><T74/><D74/><U109/><E109/><V104/><F80/><W90/><G8/><T62/><D100/><U117/><E117/><V96/><REACH who="2" step="1"/><F104/><REACH who="2" ten="321,28,582,59" step="2"/><W49/><G83/><T50/><D41/><U55/><E40/><V128/><F128/><W9/><G9/><T65/><D94/><U39/><E1/><V127/><F127/><W48/><G48/><T27/><D50/><U98/><E39/><V101/><F101/><W95/><G49/><T14/><D36/><U89/><E34/><V112/><F112/><W91/><G95/><T78/><D46/><U103/><E35/><V4/><F4/><N who="3" m="1643" /><G18/><T45/><D30/><AGARI ba="3,1" hai="25,30,32,52,57,60,61,64,70,76,77,79,96,97" machi="30" ten="40,3900,0" yaku="1,1,54,1,53,0" doraHai="2" doraHaiUra="126" who="2" fromWho="0" sc="321,-48,28,0,582,58,59,0" /><INIT seed="2,4,0,3,2,115" ten="273,28,640,59" oya="2" hai0="108,26,7,73,89,23,45,129,27,100,103,109,15" hai1="43,81,22,46,125,70,117,91,126,60,21,32,38" hai2="48,1,78,66,133,116,14,28,98,101,111,20,64" hai3="19,55,11,41,0,18,121,131,49,42,57,99,47"/><V113/><F113/><W87/><G121/><T56/><D73/><U33/><E117/><V85/><F116/><W124/><G124/><N who="1" m="47722" /><E70/><V36/><F36/><W127/><G127/><T119/><D129/><U86/><E60/><V77/><F1/><W13/><G131/><T71/><D71/><U37/><E38/><V79/><F133/><W134/><G0/><T106/><D106/><U17/><E21/><V16/><F111/><W82/><G134/><T135/><D135/><U107/><E107/><V44/><F85/><W75/><G75/><T2/><D119/><U25/><AGARI ba="4,0" hai="17,22,25,32,33,37,43,46,81,86,91" m="47722" machi="25" ten="30,1100,0" yaku="18,1" doraHai="115" who="1" fromWho="1" sc="273,-7,28,23,640,-9,59,-7" /><INIT seed="3,0,0,0,2,43" ten="266,51,631,52" oya="3" hai0="11,1,56,14,74,94,115,126,92,24,52,32,13" hai1="45,16,39,88,70,86,119,125,97,124,117,104,113" hai2="91,127,93,23,19,85,42,58,41,18,66,111,132" hai3="7,12,76,129,90,128,55,37,100,121,62,87,54"/><W8/><G121/><T110/><D74/><U5/><E113/><V109/><F127/><N who="1" m="48713" /><E70/><V120/><F132/><W27/><G37/><T59/><D110/><N who="2" m="41994" /><F120/><W95/><G100/><T68/><D68/><U17/><E5/><V28/><F28/><W79/><G27/><T10/><D126/><U71/><E71/><V53/><F66/><W49/><G62/><T77/><D1/><U80/><E39/><V134/><F18/><N who="1" m="7273" /><E45/><V64/><F64/><W15/><G15/><T36/><D36/><U130/><E130/><N who="3" m="50282" /><G55/><T38/><D38/><U118/><E97/><V60/><F134/><W20/><G20/><T78/><D115/><U25/><E25/><AGARI ba="0,0" hai="19,23,25,41,42,53,58,60,85,91,93" m="41994" machi="25" ten="30,1000,0" yaku="14,1" doraHai="43" who="2" fromWho="1" sc="266,0,51,-10,631,10,52,0" /><INIT seed="4,0,0,2,3,37" ten="266,41,641,52" oya="0" hai0="60,72,106,128,16,10,17,13,117,96,135,134,122" hai1="30,11,1,97,31,89,65,41,87,112,133,25,50" hai2="129,74,120,64,55,102,46,2,44,61,84,42,98" hai3="32,125,26,51,63,68,24,8,109,29,79,28,14"/><T22/><D72/><U93/><E133/><N who="0" m="50697" /><D122/><U67/><E112/><V18/><F74/><W107/><G125/><T57/><D117/><U9/><E30/><V21/><F2/><W126/><G109/><T48/><D128/><U104/><E104/><V52/><F84/><W83/><G126/><T92/><D106/><U80/><E1/><V12/><F44/><W114/><G107/><T40/><D48/><U99/><E9/><V100/><F120/><W69/><G51/><T23/><D40/><U27/><E11/><V36/><F129/><W116/><G63/><T20/><D17/><U43/><E50/><V75/><F75/><W82/><G114/><T34/><D34/><U103/><E97/><V130/><F130/><W66/><G66/><N who="1" m="25098" /><E31/><V58/><F102/><W85/><G83/><T5/><D5/><U56/><E56/><V39/><F39/><W131/><G131/><T101/><D10/><U127/><E127/><V7/><F7/><W19/><G116/><T15/><D15/><U121/><E121/><V132/><F132/><W59/><G59/><T94/><D94/><AGARI ba="0,0" hai="12,18,21,36,42,46,52,55,58,61,64,94,98,100" machi="94" ten="30,3900,0" yaku="7,1,52,1,54,1" doraHai="37" who="2" fromWho="0" sc="266,-39,41,0,641,39,52,0" /><INIT seed="5,0,0,1,4,28" ten="227,41,680,52" oya="1" hai0="105,93,5,7,106,36,16,15,26,127,54,85,124" hai1="37,47,119,14,66,74,20,92,55,60,4,3,94" hai2="50,34,130,101,108,80,56,59,45,23,121,120,19" hai3="126,43,61,67,83,135,33,75,29,32,62,38,99"/><U57/><E119/><V68/><F68/><W79/><G29/><T11/><D36/><U117/><E117/><V30/><F108/><W39/><G62/><T116/><D116/><U90/><E74/><V78/><F130/><W0/><G126/><N who="0" m="48171" /><D54/><U17/><E3/><V102/><F34/><N who="3" m="13419" /><G135/><T77/><D26/><U21/><E4/><N who="0" m="1609" /><D93/><U24/><E90/><V35/><F30/><W71/><G43/><T73/><D73/><U97/><E97/><V131/><F35/><W13/><G13/><T65/><D65/><U133/><E133/><V88/><F78/><W44/><G44/><T2/><D2/><U132/><E132/><V10/><F10/><W40/><G40/><T69/><D69/><U84/><E84/><N who="2" m="50183" /><F131/><W86/><G86/><T100/><D100/><N who="2" m="38506" /><F121/><W96/><G0/><T125/><D125/><U113/><E37/><N who="3" m="13834" /><G99/><T103/><D85/><U22/><E92/><V27/><F120/><W82/><G96/><T114/><D15/><U64/><E94/><V111/><F111/><W104/><G83/><T107/><D11/><U134/><E134/><V25/><F25/><W49/><G49/><T72/><D77/><U46/><E24/><V109/><F109/><W76/><G76/><T48/><D48/><U58/><E14/><V115/><F115/><W87/><G87/><T91/><D114/><U18/><E113/><V129/><F129/><W31/><G31/><T95/><D72/><U81/><E81/><V128/><F128/><W63/><G63/><T41/><D41/><AGARI ba="0,0" hai="19,23,27,41,45,50,56,59" m="38506,50183" machi="41" ten="30,2000,0" yaku="8,1,54,1" doraHai="28" who="2" fromWho="0" sc="227,-20,41,0,680,20,52,0" /><INIT seed="6,0,0,0,0,7" ten="207,41,700,52" oya="2" hai0="131,122,18,66,41,61,32,28,26,36,19,113,25" hai1="118,59,60,87,55,107,115,23,106,79,6,109,35" hai2="74,33,51,111,16,47,46,97,130,96,17,67,22" hai3="64,37,0,126,104,80,119,114,50,14,2,27,12"/><V77/><F33/><W75/><G119/><T88/><D122/><U123/><E118/><V45/><F130/><W58/><G37/><T13/><D131/><U89/><E35/><V72/><F67/><W103/><G126/><T70/><D113/><U127/><E109/><V54/><F111/><W128/><G27/><T1/><D1/><U57/><E115/><V4/><F4/><W76/><G128/><T108/><D108/><U31/><E127/><V135/><F135/><W53/><G64/><T91/><D26/><N who="1" m="16863" /><E106/><V85/><F74/><W98/><G114/><T133/><D133/><U34/><E107/><V42/><F72/><W62/><G50/><T40/><D40/><U101/><E6/><V90/><F77/><W38/><G38/><T49/><D36/><U15/><E15/><N who="2" m="9503" /><F17/><W102/><G102/><T125/><D125/><U10/><E101/><V65/><F65/><W105/><G105/><T100/><D100/><U78/><E34/><V121/><F121/><W11/><G14/><T134/><D134/><U132/><E123/><V92/><F42/><W71/><G71/><T3/><D3/><U84/><E78/><V9/><F9/><W63/><G63/><T95/><D18/><AGARI ba="0,0" hai="0,2,11,12,18,53,58,62,75,76,80,98,103,104" machi="18" ten="30,2000,0" yaku="7,1,52,1" doraHai="7" who="3" fromWho="0" sc="207,-20,41,0,700,0,52,20" /><INIT seed="7,0,0,4,0,94" ten="187,41,700,72" oya="3" hai0="21,118,125,102,9,22,67,27,45,48,33,14,124" hai1="104,59,17,77,63,44,109,90,0,127,57,97,88" hai2="23,112,19,31,32,91,46,1,92,62,105,71,43" hai3="13,56,119,129,126,50,85,53,40,36,78,95,47"/><W70/><G119/><T42/><D118/><U98/><E127/><N who="0" m="48713" /><D67/><U100/><E109/><V110/><F1/><W37/><G129/><T12/><D102/><U66/><E0/><V106/><F110/><W51/><G126/><T132/><D132/><U123/><E123/><V75/><F75/><W84/><G70/><T73/><D73/><U74/><E44/><V128/><F31/><W68/><G68/><T96/><D96/><N who="1" m="36971" /><E104/><V87/><F32/><W69/><G69/><T58/><D58/><N who="1" m="37239" /><E74/><V79/><F79/><W49/><G37/><T121/><D121/><U89/><E77/><V86/><F128/><W80/><G95/><T135/><D135/><U38/><E38/><V25/><F112/><W4/><G85/><T113/><D113/><U93/><E17/><V116/><F116/><W114/><G114/><T10/><D33/><U64/><E64/><V16/><F87/><W111/><G111/><T15/><D22/><U130/><E130/><V28/><F62/><N who="3" m="36111" /><G36/><T5/><D5/><U54/><E54/><V24/><F71/><W11/><AGARI ba="0,0" hai="4,11,13,40,47,49,50,51,78,80,84" m="36111" machi="11" ten="30,3000,0" yaku="25,1,8,1" doraHai="94" who="3" fromWho="3" sc="187,-10,41,-10,700,-10,72,30" /><INIT seed="7,1,0,0,3,62" ten="177,31,690,102" oya="3" hai0="129,64,104,49,67,74,6,79,28,59,38,5,84" hai1="105,86,106,33,91,19,48,108,23,124,100,135,127" hai2="110,24,7,0,128,37,56,85,113,77,51,15,93" hai3="121,50,107,123,20,10,47,97,119,17,116,81,120"/><W25/><G81/><N who="0" m="47167" /><D74/><U52/><E135/><V57/><F37/><W131/><G131/><T60/><D38/><U117/><E108/><V42/><F0/><W82/><G82/><T75/><D75/><U14/><E33/><V9/><F113/><W71/><G71/><T53/><D104/><U94/><E117/><V32/><F110/><W89/><G107/><T4/><D28/><U1/><E1/><V21/><F32/><W133/><G133/><T132/><D129/><U109/><E109/><V98/><F85/><W126/><G126/><T45/><D132/><U68/><E68/><V55/><F42/><AGARI ba="1,0" hai="4,5,6,42,45,49,53,59,60,64,67" m="47167" machi="42" ten="30,3900,0" yaku="8,1,52,2" doraHai="62" who="0" fromWho="2" sc="177,42,31,0,690,-42,102,0" owari="219,1.9,31,-46.9,648,74.8,102,-29.8" /></mjloggm>