<mjloggm ver="2.3"><GO type="169" lobby="0"/><UN n0="%E3%82%A8%E3%82%B0%E3%83%81%E3%80%81" n1="%6D%61%6A%75%6E%69%61" n2="%47%75%72%65%6E%6E" n3="%43%2D%6D%69%6E%6F%72%E2%99%AA" dan="16,17,16,16" rate="2147.92,2152.05,2091.28,2119.33" sx="M,M,M,M"/><TAIKYOKU oya="0"/><INIT seed="0,0,0,3,1,19" ten="250,250,250,250" oya="0" hai0="116,0,9,73,12,42,65,92,103,36,100,57,133" hai1="26,104,25,33,67,126,31,44,63,32,115,23,80" hai2="135,51,1,95,94,34,18,3,43,85,110,109,41" hai3="72,11,93,47,120,99,114,112,7,40,54,53,119"/><T88/><D116/><U2/><E115/><V83/><F34/><W55/><G119/><T122/><D122/><U69/><E126/><V21/><F51/><W87/><G72/><T35/><D0/><N who="2" m="74" /><F83/><W121/><G87/><T61/><D73/><U60/><E2/><V117/><F117/><W20/><G20/><T6/><D35/><U59/><E104/><V10/><F10/><W37/><G11/><T125/><D133/><U98/><E98/><V68/><F68/><W89/><REACH who="3" step="1"/><G7/><REACH who="3" ten="250,250,250,240" step="2"/><T56/><D125/><U90/><E80/><V86/><F135/><W91/><G91/><T131/><D131/><U38/><E90/><V130/><F130/><W15/><G15/><T77/><D77/><U64/><REACH who="1" step="1"/><E26/><REACH who="1" ten="250,240,250,240" step="2"/><V79/><F79/><W4/><G4/><T75/><D75/><U48/><E48/><V134/><F134/><W29/><G29/><T127/><D127/><U118/><E118/><V128/><F128/><W46/><G46/><T78/><D78/><U113/><E113/><AGARI ba="0,2" hai="37,40,47,53,54,55,89,93,99,112,113,114,120,121" machi="113" ten="40,1300,0" yaku="1,1,53,0" doraHai="19" doraHaiUra="52" who="3" fromWho="1" sc="250,0,240,-13,250,0,240,33" /><INIT seed="1,0,0,5,3,36" ten="250,227,250,273" oya="1" hai0="48,55,80,54,78,63,8,38,59,73,118,106,125" hai1="88,114,111,116,1,117,34,51,42,4,97,40,133" hai2="14,21,110,31,112,85,108,120,74,17,96,65,92" hai3="9,12,89,15,91,43,46,100,39,13,19,94,6"/><U130/><E114/><V45/><F112/><W33/><G33/><T70/><D125/><U119/><E34/><V64/><F120/><W10/><G100/><T126/><D126/><U76/><E76/><V113/><F113/><W83/><G83/><T29/><D118/><U77/><E77/><V66/><F74/><W3/><REACH who="3" step="1"/><G89/><REACH who="3" ten="250,227,250,263" step="2"/><T127/><D127/><U82/><E82/><V107/><F110/><W61/><G61/><T35/><D63/><U20/><E111/><V103/><F108/><W2/><G2/><T122/><D80/><U27/><E130/><V32/><F107/><W90/><G90/><T95/><D106/><U18/><E133/><V67/><F32/><W44/><G44/><T26/><D35/><U79/><E79/><V47/><N who="2" m="16384" /><DORA hai="75" /><V121/><F121/><W71/><G71/><T57/><D70/><U0/><E0/><V50/><F45/><W135/><G135/><T131/><D78/><U81/><E51/><V99/><F50/><W7/><G7/><T104/><D48/><U84/><REACH who="1" step="1"/><E97/><AGARI ba="0,1" hai="3,6,9,10,12,13,15,19,39,43,46,91,94,97" machi="97" ten="30,8000,1" yaku="1,1,7,1,52,1,53,2" doraHai="36,75" doraHaiUra="69,86" who="3" fromWho="1" sc="250,0,227,-80,250,0,263,90" /><INIT seed="2,0,0,5,5,104" ten="250,147,250,353" oya="2" hai0="124,65,26,127,79,93,121,111,95,22,90,52,38" hai1="134,30,117,6,3,16,100,126,132,43,9,99,98" hai2="91,116,118,47,20,2,125,82,84,96,60,46,28" hai3="102,75,129,17,27,8,120,18,73,103,110,80,57"/><V40/><F2/><W115/><G120/><T50/><D121/><U76/><E117/><V74/><F125/><N who="0" m="48202" /><D38/><U12/><E126/><V128/><F128/><W5/><G129/><T89/><D65/><U69/><E69/><V105/><F60/><W122/><G122/><T55/><D79/><U108/><E108/><V85/><F85/><W11/><G57/><T92/><D55/><U21/><E43/><V34/><F34/><W77/><G110/><T41/><D41/><U59/><E59/><V7/><F7/><W54/><G54/><T94/><N who="0" m="23552" /><DORA hai="23" /><T4/><D4/><U130/><E130/><V114/><F114/><W72/><G115/><T109/><D111/><U83/><E30/><V51/><F118/><W25/><G77/><T48/><D48/><U1/><E1/><V123/><F116/><W70/><G80/><T10/><D10/><N who="3" m="3625" /><G5/><T71/><D71/><U61/><E61/><V131/><F131/><W24/><G70/><T13/><D13/><U53/><E53/><V35/><F123/><W15/><G15/><T42/><D42/><U101/><E100/><AGARI ba="0,0" hai="17,18,24,25,27,72,73,75,100,102,103" m="3625" machi="100" ten="40,16000,3" yaku="28,2,52,6" doraHai="104,23" who="3" fromWho="1" sc="250,0,147,-160,250,0,353,160" owari="250,5.0,-13,-51.3,250,-15.0,513,61.3" /></mjloggm>