<mjloggm ver="2.3"><GO type="169" lobby="0"/><UN n0="%E4%B8%80%E7%95%AA%E3%81%84%E3%81%A1%E3%81%B0%E3%82%93" n1="%E3%81%B3%E3%82%8D%E3%81%B4%E3%82%8D" n2="%48%69%62%69%6B%69" n3="%E5%B8%B0%E3%82%8A%E3%81%9F%E3%81%84%E3%80%82" dan="16,16,16,17" rate="2073.03,2199.48,2093.68,2207.34" sx="F,M,F,M"/><TAIKYOKU oya="0"/><INIT seed="0,0,0,2,4,21" ten="250,250,250,250" oya="0" hai0="111,81,60,135,25,41,61,118,68,99,97,98,123" hai1="132,72,116,109,59,86,10,5,106,18,69,78,20" hai2="62,100,40,102,92,6,130,84,134,8,70,107,66" hai3="133,27,46,79,75,7,80,56,73,58,45,108,96"/><T119/><D135/><U74/><E69/><V57/><F134/><W55/><G133/><T112/><D112/><U19/><E132/><V17/><F130/><W15/><G108/><T71/><D123/><U29/><E106/><V131/><F131/><W26/><G75/><T1/><D1/><U90/><E109/><V129/><F129/><W110/><G110/><T42/><D111/><U95/><E116/><N who="0" m="44585" /><D81/><U36/><E36/><V33/><F107/><W13/><G58/><T34/><D34/><U9/><E9/><V114/><F33/><W54/><G54/><T38/><D38/><U76/><E59/><V117/><F114/><W35/><G35/><T87/><D87/><U52/><E74/><V63/><F40/><N who="0" m="15466" /><D25/><U0/><E72/><V105/><F105/><W104/><G104/><T39/><D39/><U91/><E91/><V30/><F117/><W101/><G15/><T47/><D47/><U64/><E19/><V3/><F17/><W48/><G96/><N who="0" m="24579" /><T24/><DORA hai="126" /><D24/><U85/><E85/><V122/><F122/><W32/><G32/><T31/><D31/><U103/><E29/><V28/><F30/><W11/><G46/><T43/><N who="0" m="15474" /><T23/><DORA hai="93" /><D23/><U49/><E18/><V2/><F28/><W65/><REACH who="3" step="1"/><G101/><REACH who="3" ten="250,250,250,240" step="2"/><T53/><D53/><U89/><E103/><V82/><F3/><W94/><G94/><T125/><D125/><U88/><E95/><V12/><F92/><W44/><G44/><T121/><D121/><U115/><E52/><N who="2" m="34087" /><F2/><W124/><G124/><T77/><D71/><U127/><E0/><V4/><F102/><RYUUKYOKU ba="0,1" sc="250,-10,250,-10,250,-10,240,30" hai3="7,11,13,26,27,45,48,55,56,65,73,79,80" /><INIT seed="1,1,1,1,2,134" ten="240,240,240,270" oya="1" hai0="83,67,128,111,92,110,6,78,131,65,89,106,57" hai1="36,22,73,117,99,54,20,48,7,90,8,93,101" hai2="13,45,122,5,4,82,32,108,85,59,115,35,42" hai3="50,132,34,100,40,120,21,127,56,61,72,102,18"/><U14/><E117/><V107/><F122/><W103/><G120/><T28/><D6/><U55/><E36/><V94/><F107/><W74/><G34/><T76/><D28/><U64/><E73/><V95/><F108/><N who="0" m="41514" /><D106/><U44/><E64/><N who="0" m="24649" /><D57/><U116/><E116/><V3/><F3/><W63/><G63/><T33/><D33/><U27/><E55/><V75/><F75/><W31/><G31/><T97/><D83/><U88/><REACH who="1" step="1"/><E22/><REACH who="1" ten="240,230,240,270" step="2"/><V80/><F35/><W37/><G21/><T124/><D124/><U68/><E68/><V17/><F32/><W43/><G74/><T15/><D15/><U133/><E133/><V58/><F13/><W105/><G72/><T121/><D121/><U129/><E129/><AGARI ba="1,2" hai="76,78,89,92,97,128,129,131" m="24649,41514" machi="129" ten="30,2000,0" yaku="19,1,14,1" doraHai="134" who="0" fromWho="1" sc="240,43,230,-23,240,0,270,0" /><INIT seed="2,0,0,5,5,11" ten="283,207,240,270" oya="2" hai0="54,91,113,72,99,78,122,39,100,94,90,130,76" hai1="19,133,120,41,64,36,15,42,47,123,85,12,20" hai2="61,119,4,26,14,56,30,109,52,115,75,82,35" hai3="51,45,32,25,103,65,114,129,96,46,102,107,37"/><V34/><F119/><W67/><G129/><T44/><D39/><U3/><E3/><V59/><F115/><W101/><G114/><T53/><D113/><U93/><E133/><V131/><F131/><W126/><G126/><T10/><D130/><U8/><E64/><V2/><F2/><W108/><G108/><T116/><D122/><U13/><E42/><V117/><F117/><W66/><G37/><T1/><D116/><U83/><E93/><V57/><F35/><W9/><G9/><T128/><D128/><U88/><REACH who="1" step="1"/><E13/><REACH who="1" ten="283,197,240,270" step="2"/><V98/><F109/><W68/><G67/><T73/><D94/><U7/><AGARI ba="0,1" hai="7,8,12,15,19,20,36,41,47,83,85,88,120,123" machi="7" ten="30,12000,2" yaku="1,1,2,1,0,1,52,2,54,1,53,1" doraHai="11" doraHaiUra="17" who="1" fromWho="1" sc="283,-30,197,130,240,-60,270,-30" /><INIT seed="3,0,0,2,5,129" ten="253,327,180,240" oya="3" hai0="133,0,9,28,50,121,69,43,113,54,86,77,126" hai1="100,61,128,72,66,71,19,107,23,101,45,132,119" hai2="52,17,102,110,105,91,56,127,44,88,14,4,22" hai3="93,15,25,109,12,134,53,27,75,92,97,31,64"/><W114/><G114/><T32/><D121/><U48/><E128/><V10/><F110/><W83/><G134/><T118/><D69/><U63/><E132/><V16/><F127/><W29/><G109/><T36/><D43/><U111/><E111/><V7/><F102/><W8/><G64/><T130/><D36/><U55/><E72/><V124/><F105/><W70/><G70/><T41/><D41/><U24/><E107/><V35/><F44/><W57/><G83/><N who="0" m="47471" /><D113/><U81/><E119/><V20/><F35/><W84/><G84/><T99/><D28/><N who="3" m="10825" /><G92/><T65/><D32/><U95/><E81/><V33/><F33/><W80/><G80/><T42/><D65/><U3/><E3/><V122/><F122/><W78/><G78/><T108/><D126/><U79/><E79/><V85/><F91/><N who="3" m="55487" /><G15/><T60/><D0/><U30/><E61/><N who="2" m="35975" /><F124/><W112/><G75/><T47/><D118/><U21/><E95/><N who="2" m="54671" /><F10/><W89/><G89/><T125/><D9/><U103/><E103/><V62/><F62/><N who="3" m="36143" /><G112/><T131/><D125/><U1/><E1/><V82/><F82/><W115/><G115/><T39/><D133/><U73/><E73/><V2/><F2/><W6/><AGARI ba="0,0" hai="6,8,12,25,27" m="36143,55487,10825" machi="6" ten="30,1500,0" yaku="8,1" doraHai="129" who="3" fromWho="3" sc="253,-5,327,-5,180,-5,240,15" /><INIT seed="3,1,0,5,3,76" ten="248,322,175,255" oya="3" hai0="56,8,1,101,134,125,124,80,18,122,102,37,107" hai1="113,70,89,86,10,87,132,45,44,52,42,104,9" hai2="135,90,53,114,63,123,82,105,62,97,40,57,130" hai3="36,79,51,100,75,126,73,4,119,81,30,27,68"/><W77/><G119/><T50/><D122/><U21/><E113/><V49/><F114/><W98/><G36/><T129/><D37/><U28/><E132/><V131/><F135/><W26/><G68/><T96/><D102/><U64/><E104/><V11/><F123/><W58/><G126/><N who="0" m="48747" /><D134/><U103/><E103/><V117/><F117/><W31/><G4/><N who="0" m="1039" /><D18/><U24/><E64/><V47/><F11/><W66/><G66/><T67/><D129/><N who="2" m="49162" /><F105/><W13/><G13/><T111/><D111/><U3/><E3/><V72/><F97/><W0/><G0/><T46/><D56/><U16/><E70/><V15/><F15/><W59/><G59/><T69/><D69/><U121/><E28/><V74/><F63/><W19/><G19/><T127/><D67/><U20/><E121/><V99/><F99/><W95/><G31/><T32/><D32/><U133/><E133/><V35/><F35/><W33/><G33/><T128/><D128/><U91/><E21/><V7/><F7/><W14/><G14/><T112/><D112/><U93/><E44/><V92/><F92/><W22/><G22/><T12/><D12/><U118/><E118/><V38/><F38/><W6/><G30/><T84/><N who="0" m="48755" /><T5/><DORA hai="85" /><D5/><U106/><E106/><V29/><F29/><W25/><G6/><T83/><D84/><AGARI ba="1,0" hai="40,47,49,53,57,62,72,74,82,84,90" m="49162" machi="84" ten="30,3900,0" yaku="19,1,52,2" doraHai="76,85" who="2" fromWho="0" sc="248,-42,322,0,175,42,255,0" /><INIT seed="4,0,0,0,3,46" ten="206,322,217,255" oya="0" hai0="133,30,121,27,109,57,132,115,130,63,52,68,39" hai1="92,72,119,41,5,107,111,9,50,120,3,23,116" hai2="1,4,32,47,88,19,35,12,59,91,75,110,53" hai3="98,45,81,34,122,13,17,117,51,38,76,74,105"/><T65/><D121/><U61/><E107/><V82/><F110/><W60/><G117/><T126/><D109/><U28/><E120/><V86/><F75/><W69/><G34/><T37/><D115/><U29/><E72/><V11/><F47/><W44/><G38/><N who="0" m="14347" /><D27/><U125/><E111/><V14/><F91/><W95/><G44/><T56/><D30/><U87/><E61/><V64/><F64/><W2/><G2/><T15/><D15/><U25/><E29/><V49/><REACH who="2" step="1"/><F1/><REACH who="2" ten="206,322,207,255" step="2"/><W96/><G45/><T128/><D126/><U113/><E125/><V8/><AGARI ba="0,1" hai="4,8,11,12,14,19,32,35,49,53,59,82,86,88" machi="8" ten="20,12000,2" yaku="1,1,2,1,0,1,7,1,52,1,54,1,53,0" doraHai="46" doraHaiUra="124" who="2" fromWho="2" sc="206,-60,322,-30,207,130,255,-30" /><INIT seed="5,0,0,3,5,101" ten="146,292,337,225" oya="1" hai0="105,33,77,111,14,51,46,69,60,72,86,95,0" hai1="30,108,133,91,119,73,11,64,25,89,104,32,132" hai2="124,90,118,43,134,4,113,45,34,17,31,58,47" hai3="96,102,61,78,63,88,66,42,56,114,79,84,126"/><U109/><E64/><V75/><F118/><W127/><G114/><T125/><D0/><U97/><E73/><V135/><F113/><W27/><G42/><T50/><D33/><U99/><E11/><V13/><F75/><W16/><G63/><T82/><D111/><N who="1" m="42571" /><E119/><V128/><F4/><W52/><G66/><N who="0" m="41159" /><D125/><N who="3" m="47625" /><G27/><T19/><D46/><U67/><E67/><V9/><F124/><W35/><G35/><T131/><D131/><U57/><E57/><V12/><F128/><W83/><G16/><T18/><D18/><U36/><E36/><V55/><F13/><W106/><AGARI ba="0,0" hai="52,56,61,78,79,83,84,88,96,102,106" m="47625" machi="106" ten="30,7900,0" yaku="18,1,52,1,54,2" doraHai="101" who="3" fromWho="3" sc="146,-20,292,-39,337,-20,225,79" /><INIT seed="6,0,0,5,2,109" ten="126,253,317,304" oya="2" hai0="10,85,57,64,132,112,74,9,76,2,82,62,130" hai1="61,52,123,18,63,79,68,11,50,93,1,6,100" hai2="116,87,14,40,22,46,84,101,15,67,55,92,41" hai3="88,127,32,110,28,96,69,8,121,75,54,5,33"/><V107/><F107/><W60/><G110/><T89/><D132/><U70/><E123/><V117/><F67/><W118/><G118/><T58/><D130/><U47/><E79/><V102/><F46/><W134/><G75/><T86/><D74/><U124/><E124/><V128/><F22/><W20/><G121/><T37/><D37/><U122/><E122/><V97/><F55/><W94/><G134/><T113/><D58/><U106/><E106/><V39/><F92/><W115/><G20/><T71/><D71/><U125/><E125/><V12/><F97/><W72/><G72/><T45/><D45/><U99/><REACH who="1" step="1"/><E18/><REACH who="1" ten="126,243,317,304" step="2"/><V31/><F128/><W49/><G127/><T35/><D35/><U78/><E78/><V23/><F117/><W19/><G19/><T27/><D27/><U0/><E0/><V21/><F116/><W4/><G33/><T111/><D111/><U7/><E7/><V3/><F3/><W73/><G4/><T51/><D2/><U129/><E129/><V25/><F25/><W104/><G104/><T131/><D131/><U53/><E53/><V29/><F14/><W44/><G5/><T30/><D30/><U66/><E66/><V108/><F108/><W91/><G28/><T48/><D9/><U120/><E120/><V16/><F16/><W83/><G8/><T105/><D10/><U56/><E56/><V80/><F29/><W81/><G32/><T103/><D105/><U59/><E59/><V43/><F31/><W42/><G54/><T114/><D103/><U135/><E135/><V77/><F102/><W133/><G133/><RYUUKYOKU ba="0,1" sc="126,15,243,15,317,-15,304,-15" hai0="48,51,57,62,64,76,82,85,86,89,112,113,114" hai1="1,6,11,47,50,52,61,63,68,70,93,99,100" /><INIT seed="7,1,1,5,0,29" ten="141,258,302,289" oya="3" hai0="61,2,7,128,14,64,129,46,66,3,9,119,21" hai1="18,20,33,135,125,81,82,34,71,92,124,108,47" hai2="24,98,113,75,91,45,101,6,19,127,109,51,80" hai3="120,4,73,133,62,126,72,58,32,39,16,68,84"/><W117/><G117/><T65/><D119/><U49/><E71/><V86/><F109/><W103/><G120/><T17/><D2/><U5/><E108/><V106/><F113/><W115/><G32/><N who="1" m="12394" /><E92/><N who="2" m="54391" /><F6/><W54/><G115/><T78/><D78/><U77/><E77/><N who="2" m="44095" /><F127/><N who="1" m="48713" /><E5/><V50/><F45/><W97/><G58/><T90/><D90/><U59/><E59/><V23/><AGARI ba="1,1" hai="19,23,24,50,51,98,101,106" m="44095,54391" machi="23" ten="30,1100,0" yaku="24,1" doraHai="29" who="2" fromWho="2" sc="141,-4,258,-4,302,24,289,-6" owari="137,-36.3,254,-14.6,326,42.6,283,8.3" /></mjloggm>