<mjloggm ver="2.3"><GO type="169" lobby="0"/><UN n0="%6D%75%72%61%30%2B" n1="%E3%81%94%E3%82%8B%E3%81%A3" n2="%E3%81%8B%E3%81%B6%E8%8C%B6" n3="%E3%81%98%E3%82%83%E3%81%99%E3%81%BF%E3%82%93" dan="16,17,17,16" rate="2125.55,2191.56,2146.34,2053.90" sx="M,M,M,M"/><TAIKYOKU oya="0"/><INIT seed="0,0,0,2,1,29" ten="250,250,250,250" oya="0" hai0="122,133,0,38,117,72,86,79,97,68,84,78,25" hai1="90,45,6,91,132,22,46,67,103,87,75,54,92" hai2="34,131,95,55,73,56,32,1,65,74,42,105,121" hai3="23,52,5,64,83,24,26,19,7,106,130,128,107"/><T16/><D117/><U69/><E132/><V27/><F105/><W35/><G64/><T109/><D122/><U61/><E75/><V94/><F121/><W8/><G83/><T43/><D68/><U57/><E103/><V28/><F1/><W37/><G37/><T104/><D0/><U114/><E114/><V102/><F65/><W123/><G123/><T60/><D133/><U48/><E6/><N who="3" m="2058" /><G52/><T108/><D60/><U96/><REACH who="1" step="1"/><E22/><REACH who="1" ten="250,240,250,250" step="2"/><V85/><F102/><W125/><G8/><T36/><D72/><U93/><AGARI ba="0,1" hai="45,46,48,54,57,61,67,69,87,90,91,92,93,96" machi="93" ten="20,5200,0" yaku="1,1,2,1,0,1,7,1,53,0" doraHai="29" doraHaiUra="116" who="1" fromWho="1" sc="250,-26,240,62,250,-13,250,-13" /><INIT seed="1,0,0,5,0,101" ten="224,302,237,237" oya="1" hai0="28,116,58,71,96,10,111,113,120,25,51,17,9" hai1="19,32,82,30,94,125,79,81,86,59,88,0,33" hai2="18,74,130,114,52,70,95,90,108,1,6,135,99" hai3="89,107,36,35,27,4,22,133,65,50,62,53,45"/><U16/><E0/><V2/><F74/><W123/><G123/><T72/><D71/><U43/><E125/><V67/><F108/><W119/><G133/><T12/><D111/><U7/><E7/><V68/><F135/><W134/><G134/><T63/><D116/><U21/><E43/><V104/><F130/><W127/><G127/><T118/><D113/><U61/><E32/><V87/><F114/><W44/><G4/><T115/><D115/><U49/><E33/><V15/><F6/><W31/><G89/><T105/><D72/><U110/><E49/><V85/><F85/><W126/><G119/><T29/><D120/><U55/><E110/><V42/><F42/><W23/><G44/><T132/><D118/><U40/><E40/><V64/><F70/><W129/><G36/><T122/><D122/><U112/><E112/><V76/><F52/><W121/><G129/><T102/><D51/><U77/><E81/><V83/><F104/><W69/><G126/><T56/><D56/><U37/><E37/><V117/><F117/><W103/><G121/><T47/><D47/><U41/><E41/><V24/><F24/><W20/><G22/><T11/><D105/><U91/><E91/><V84/><F84/><W39/><G39/><T93/><D132/><U3/><E3/><V78/><F78/><N who="1" m="29705" /><E82/><V92/><F92/><W109/><G109/><T124/><D124/><U5/><E5/><V80/><F80/><W60/><G60/><T106/><D106/><U57/><E59/><V131/><F131/><W26/><G26/><AGARI ba="0,0" hai="16,19,21,26,30,55,57,61,86,88,94" m="29705" machi="26" ten="30,5800,0" yaku="8,1,54,2" doraHai="101" who="1" fromWho="3" sc="224,0,302,58,237,0,237,-58" /><INIT seed="1,1,0,4,1,105" ten="224,360,237,179" oya="1" hai0="69,48,54,20,108,125,12,6,68,84,53,9,130" hai1="27,14,47,23,120,71,87,2,121,5,109,28,35" hai2="45,61,93,65,96,22,135,15,31,122,51,25,32" hai3="36,111,91,77,57,29,49,95,85,88,107,89,133"/><U43/><E71/><V67/><F135/><W13/><G36/><T114/><D108/><U127/><E87/><V112/><F122/><W44/><G107/><T64/><D114/><U97/><E97/><V7/><F112/><W119/><G119/><T129/><D125/><U110/><E47/><V46/><F46/><W132/><G111/><N who="1" m="42506" /><E43/><V55/><F61/><W73/><G57/><T102/><D102/><U86/><E86/><V90/><F32/><W103/><G13/><T4/><D4/><U104/><E104/><V17/><REACH who="2" step="1"/><F7/><REACH who="2" ten="224,360,227,179" step="2"/><W82/><G132/><T41/><D6/><U39/><E127/><V124/><F124/><W56/><G133/><T40/><D130/><U0/><E39/><V101/><F101/><W70/><G103/><T3/><D129/><U10/><E35/><V92/><F92/><W118/><G118/><T74/><D41/><U94/><E94/><V98/><F98/><W34/><G44/><T62/><D40/><U76/><E76/><V18/><F18/><W115/><G115/><T58/><D62/><U38/><E38/><V24/><F24/><W52/><REACH who="3" step="1"/><G70/><REACH who="3" ten="224,360,227,169" step="2"/><T117/><D69/><U19/><E5/><V50/><F50/><W75/><G75/><T59/><D74/><U81/><E81/><V26/><F26/><AGARI ba="1,2" hai="26,29,34,49,52,56,73,77,82,85,88,89,91,95" machi="26" ten="40,8000,1" yaku="1,1,52,1,54,2,53,0" doraHai="105" doraHaiUra="123" who="3" fromWho="2" sc="224,0,360,0,227,-83,169,103" /><INIT seed="2,0,0,5,5,32" ten="224,360,144,272" oya="2" hai0="109,72,7,124,5,108,129,21,120,10,128,106,122" hai1="114,105,111,59,57,56,99,127,80,117,134,82,43" hai2="19,91,44,58,107,123,48,30,69,24,112,79,86" hai3="14,47,49,31,60,125,119,104,9,22,90,64,74"/><V81/><F112/><W103/><G119/><T53/><D72/><U97/><E114/><V102/><F123/><N who="0" m="47146" /><D106/><U29/><E117/><V78/><F69/><W92/><G74/><T0/><D53/><U33/><E111/><N who="0" m="42569" /><D124/><U23/><E33/><V61/><F19/><W13/><G103/><T4/><D21/><U88/><E134/><V17/><F17/><W77/><G104/><T25/><D25/><N who="1" m="16575" /><E105/><V28/><F24/><W95/><G22/><T12/><D0/><U73/><E73/><V130/><F28/><W71/><G31/><T113/><D113/><U1/><E1/><V85/><F30/><W34/><G34/><T46/><D46/><U6/><E6/><AGARI ba="0,0" hai="4,5,6,7,10,12,128,129" m="42569,47146" machi="6" ten="40,5200,0" yaku="14,1,34,2" doraHai="32" who="0" fromWho="1" sc="224,52,360,-52,144,0,272,0" /><INIT seed="3,0,0,0,5,14" ten="276,308,144,272" oya="3" hai0="26,90,124,106,72,78,62,53,50,38,113,7,30" hai1="49,111,9,132,92,99,59,97,82,133,42,107,27" hai2="32,54,39,129,63,31,73,61,20,102,5,55,91" hai3="44,75,21,56,40,93,3,29,12,17,35,47,83"/><W11/><G93/><T51/><D38/><U85/><E111/><V33/><F73/><W36/><G47/><T130/><D106/><U79/><E27/><V108/><F39/><W84/><G56/><T13/><D72/><U86/><E9/><V112/><F112/><W23/><G75/><T34/><D78/><U45/><E59/><V110/><F129/><W65/><G65/><T52/><D130/><U68/><E68/><V16/><F5/><W116/><G116/><T37/><D37/><U1/><E1/><V95/><F102/><W15/><G3/><T128/><D113/><U126/><E126/><V2/><F31/><W118/><G118/><T81/><D124/><U96/><E107/><V22/><F2/><W80/><G80/><T60/><D51/><U66/><E66/><V87/><F22/><W24/><REACH who="3" step="1"/><G12/><REACH who="3" ten="276,308,144,262" step="2"/><T64/><D81/><U43/><E43/><V8/><F55/><W122/><G122/><T123/><D53/><U6/><E92/><V88/><F54/><W114/><G114/><T105/><D64/><U89/><E82/><N who="2" m="49271" /><F63/><W104/><G104/><T121/><D105/><U109/><E42/><V135/><F61/><W101/><G101/><T94/><D62/><U117/><E45/><V48/><F48/><W58/><G58/><N who="0" m="33047" /><D60/><U125/><E49/><V119/><F119/><W4/><G4/><T70/><D123/><U18/><E6/><V0/><F95/><W74/><G74/><T76/><D121/><U131/><E117/><V71/><F0/><W69/><G69/><T100/><D70/><U67/><E67/><V115/><F71/><RYUUKYOKU ba="0,1" sc="276,-10,308,-10,144,-10,262,30" hai3="11,15,17,21,23,24,29,35,36,40,44,83,84" /><INIT seed="3,1,1,4,2,46" ten="266,298,134,292" oya="3" hai0="126,110,43,90,53,8,104,30,27,123,26,18,24" hai1="128,106,50,47,102,130,116,89,133,83,124,131,4" hai2="98,100,113,10,72,13,22,33,132,0,103,70,38" hai3="61,120,94,5,9,41,111,74,66,36,2,78,68"/><W91/><G120/><T119/><D123/><U69/><E69/><V44/><F113/><W55/><G55/><T19/><D110/><U87/><E133/><V84/><F72/><W16/><G111/><T108/><D108/><U134/><E134/><V117/><F117/><W65/><G66/><T21/><D126/><U75/><E124/><V29/><F70/><W88/><G94/><T109/><D104/><U32/><E32/><V48/><F38/><W17/><G41/><T6/><D119/><U62/><E62/><V122/><F33/><W92/><G36/><T12/><D43/><N who="1" m="24959" /><E4/><V79/><F0/><W99/><REACH who="3" step="1"/><G91/><REACH who="3" ten="266,298,134,282" step="2"/><T86/><D53/><U73/><E116/><V14/><F122/><W40/><G40/><T93/><D109/><U85/><E106/><V64/><F132/><W1/><G1/><T28/><D90/><N who="1" m="51519" /><E102/><V82/><F103/><W77/><G77/><T25/><D93/><AGARI ba="1,2" hai="73,75,87,89,93,128,130,131" m="51519,24959" machi="93" ten="30,2000,0" yaku="19,1,52,1" doraHai="46" who="1" fromWho="0" sc="266,-23,298,43,134,0,282,0" /><INIT seed="4,0,0,0,2,26" ten="243,341,134,282" oya="0" hai0="83,119,51,92,40,10,113,130,87,131,126,95,39" hai1="123,41,19,52,96,129,85,71,93,20,82,3,12" hai2="44,13,54,116,55,35,105,53,91,32,5,68,80" hai3="9,31,16,106,111,104,36,133,57,132,109,117,66"/><T73/><D39/><U33/><E123/><V60/><F105/><W114/><G36/><T46/><D113/><U58/><E71/><V99/><F116/><W65/><G114/><T1/><D119/><U103/><E3/><V115/><F115/><W15/><G57/><T47/><D73/><U77/><E33/><V101/><F44/><W88/><G117/><T81/><D81/><U67/><E129/><N who="0" m="49161" /><D126/><U48/><E67/><V49/><F49/><W69/><G104/><T107/><D107/><U120/><E120/><V34/><F68/><W89/><G106/><T25/><D25/><U74/><REACH who="1" step="1"/><E41/><REACH who="1" ten="243,331,134,282" step="2"/><V7/><F35/><W28/><G69/><T43/><D1/><U125/><E125/><V128/><F34/><W98/><G65/><T112/><D112/><U78/><E78/><V45/><F32/><W97/><G66/><T21/><D21/><U135/><E135/><N who="3" m="51786" /><G111/><T79/><D10/><U23/><E23/><V6/><F128/><W29/><G109/><T59/><D40/><U134/><E134/><V75/><F60/><W42/><G42/><T56/><D43/><U22/><E22/><V8/><F8/><W30/><N who="3" m="7168" /><DORA hai="122" /><W11/><G11/><T121/><D121/><U63/><E63/><V17/><F45/><W124/><G124/><T0/><D47/><U2/><E2/><V37/><F37/><W72/><G72/><AGARI ba="0,1" hai="12,19,20,48,52,58,72,74,77,82,85,93,96,103" machi="72" ten="40,5200,0" yaku="1,1,54,1,53,1" doraHai="26,122" doraHaiUra="14,61" who="1" fromWho="3" sc="243,0,331,62,134,0,282,-52" /><INIT seed="5,0,0,2,5,62" ten="243,393,134,230" oya="1" hai0="57,129,61,23,115,42,125,92,11,66,52,116,100" hai1="88,10,6,114,106,56,70,45,59,40,123,117,32" hai2="85,95,54,7,127,25,20,1,65,82,84,58,34" hai3="63,64,98,77,119,35,15,47,110,104,72,44,27"/><U36/><E117/><V81/><F127/><W51/><G110/><T74/><D116/><U43/><E123/><V2/><F34/><W87/><G72/><T21/><D115/><U108/><E114/><V12/><F1/><W78/><G119/><T132/><D125/><U97/><E32/><V55/><F2/><W29/><G15/><T4/><D74/><U79/><E79/><V3/><F3/><W130/><G130/><T90/><D100/><U67/><E43/><V53/><F7/><W30/><G30/><T60/><D42/><U96/><E96/><V126/><F12/><W26/><G26/><T71/><D132/><U135/><E135/><V86/><F126/><W33/><G33/><T68/><D68/><U50/><E106/><V8/><F8/><W19/><G19/><T113/><D129/><U94/><E36/><V28/><REACH who="2" step="1"/><F95/><REACH who="2" ten="243,393,124,230" step="2"/><W99/><G104/><T105/><D105/><U124/><E124/><V89/><F89/><W101/><G101/><T46/><D113/><U37/><E108/><V9/><F9/><W5/><G5/><T122/><D122/><U133/><E133/><V76/><F76/><W24/><G77/><T128/><D128/><U17/><E6/><V13/><F13/><W112/><G112/><T39/><D11/><U49/><E10/><V134/><F134/><W80/><G27/><T93/><D4/><U41/><E88/><V120/><F120/><W16/><G35/><T31/><D93/><U48/><E94/><V131/><F131/><W111/><G111/><T121/><D121/><U91/><E91/><V22/><F22/><RYUUKYOKU ba="0,1" sc="243,-10,393,-10,124,30,230,-10" hai2="20,25,28,53,54,55,58,65,81,82,84,85,86" /><INIT seed="6,1,1,1,2,62" ten="233,383,154,220" oya="2" hai0="16,102,129,71,121,59,22,93,78,68,69,41,19" hai1="10,5,46,106,84,45,116,38,24,13,30,49,70" hai2="3,63,79,40,123,8,9,81,118,85,100,74,55" hai3="95,36,15,133,14,135,0,1,134,113,52,58,117"/><V107/><F118/><W28/><G117/><T108/><D108/><U48/><E106/><V111/><F123/><W32/><G36/><T98/><D121/><U119/><E38/><V17/><F111/><W53/><G95/><T87/><D129/><U66/><E84/><V128/><F128/><W37/><G37/><T57/><D41/><U60/><E49/><V50/><F3/><N who="3" m="1099" /><G113/><T73/><D73/><U103/><E103/><V21/><F74/><W56/><G28/><T61/><D22/><U2/><E46/><N who="2" m="25927" /><F100/><W54/><G32/><T12/><D12/><AGARI ba="1,1" hai="12,14,15,52,53,54,56,58,133,134,135" m="1099" machi="12" ten="40,8000,1" yaku="28,2,20,1,54,1" doraHai="62" who="3" fromWho="0" sc="233,-83,383,0,154,0,220,93" /><INIT seed="7,0,0,5,0,3" ten="150,383,154,313" oya="3" hai0="12,67,106,20,84,4,131,66,9,72,122,61,126" hai1="75,59,57,82,55,93,0,128,29,117,98,88,76" hai2="13,40,43,95,49,135,22,56,79,81,100,89,6" hai3="133,21,105,78,115,123,23,28,14,63,45,71,15"/><W118/><G118/><T48/><D122/><U99/><E0/><V58/><F135/><W132/><G123/><T25/><D72/><U37/><E37/><V5/><F100/><W52/><G105/><T134/><D106/><U73/><E117/><V47/><F43/><W42/><G78/><T1/><D134/><N who="3" m="51817" /><G115/><T30/><D126/><U111/><E111/><V102/><F102/><W101/><G101/><T121/><D121/><U62/><E29/><V104/><F104/><W32/><G32/><T39/><D39/><U70/><E70/><V116/><F116/><W77/><G77/><T31/><D131/><U51/><E128/><V85/><F22/><N who="3" m="8203" /><G28/><N who="0" m="10795" /><D1/><U91/><E91/><V96/><F13/><W10/><G10/><T11/><D11/><U16/><E16/><V87/><F87/><W18/><G18/><T124/><D124/><U120/><E120/><V94/><F94/><W107/><G107/><T74/><D74/><U54/><E75/><V90/><F79/><W127/><G127/><T83/><D48/><U108/><E108/><V113/><F113/><W35/><G35/><T80/><D61/><U34/><E34/><V36/><F36/><N who="3" m="21703" /><G71/><T64/><D84/><AGARI ba="0,0" hai="51,54,55,57,59,62,73,76,82,84,88,93,98,99" machi="84" ten="30,2000,0" yaku="7,1,54,1" doraHai="3" who="1" fromWho="0" sc="150,-20,383,20,154,0,313,0" owari="130,-37.0,403,50.3,154,-24.6,313,11.3" /></mjloggm>