<mjloggm ver="2.3"><GO type="169" lobby="0"/><UN n0="%50%73%79%63%68%65" n1="%E5%85%94%E6%96%AF%E5%9F%BA" n2="%E4%BE%8D" n3="%61%6D%6F%2D%6D%65%64" dan="16,16,18,16" rate="2133.88,2172.82,2246.26,2067.15" sx="M,M,M,M"/><TAIKYOKU oya="0"/><INIT seed="0,0,0,4,0,106" ten="250,250,250,250" oya="0" hai0="43,34,55,80,31,52,24,19,79,91,123,23,92" hai1="37,108,72,10,32,45,7,122,93,130,33,96,95" hai2="8,86,39,129,47,97,5,59,3,50,135,118,14" hai3="94,90,42,48,46,112,22,101,17,40,85,76,75"/><T120/><D43/><U67/><E122/><V102/><F129/><W35/><G112/><T82/><D123/><U71/><E130/><V133/><F118/><W109/><G109/><T113/><D113/><U62/><E108/><V1/><F39/><W6/><G35/><T27/><D120/><U111/><E111/><V115/><F59/><W74/><G6/><T0/><D0/><U53/><E95/><V51/><F115/><W105/><G42/><T99/><REACH who="0" step="1"/><D82/><REACH who="0" ten="240,250,250,250" step="2"/><U89/><E37/><V4/><F1/><W9/><G9/><T77/><D77/><U49/><REACH who="1" step="1"/><E72/><AGARI ba="0,1" hai="19,23,24,27,31,34,52,55,72,79,80,91,92,99" machi="72" ten="30,11600,0" yaku="1,1,7,1,52,1,54,1,53,0" doraHai="106" doraHaiUra="58" who="0" fromWho="1" sc="240,126,250,-116,250,0,250,0" /><INIT seed="0,1,0,1,5,106" ten="366,134,250,250" oya="0" hai0="133,3,10,127,48,53,43,101,44,27,116,22,71" hai1="33,97,83,82,32,115,12,63,91,121,51,8,118" hai2="54,24,49,60,26,94,50,95,21,11,120,135,46" hai3="73,125,61,103,31,47,34,122,117,25,14,128,93"/><T124/><D116/><U38/><E38/><V20/><F120/><W66/><G117/><T15/><D71/><U75/><E118/><V55/><F135/><W134/><G122/><T4/><D133/><U2/><E2/><V67/><F11/><W86/><G134/><T112/><D112/><U98/><E121/><V41/><F41/><W29/><G125/><N who="0" m="48203" /><D101/><U35/><E115/><V59/><F21/><W28/><G128/><T42/><D3/><U62/><E51/><V7/><F7/><W45/><G73/><T57/><D44/><U77/><E97/><V16/><REACH who="2" step="1"/><F24/><REACH who="2" ten="366,134,240,250" step="2"/><W108/><G108/><T80/><D43/><U87/><REACH who="1" step="1"/><E98/><REACH who="1" ten="366,124,240,250" step="2"/><V126/><F126/><W5/><G34/><T30/><D42/><U110/><E110/><V81/><F81/><AGARI ba="1,2" hai="4,10,15,22,27,30,48,53,57,80,81" m="48203" machi="81" ten="30,1500,0" yaku="18,1" doraHai="106" who="0" fromWho="2" sc="366,38,124,0,240,-18,250,0" /><INIT seed="0,2,0,3,5,31" ten="404,124,222,250" oya="0" hai0="103,76,134,118,87,132,90,60,17,98,80,121,13" hai1="53,12,43,114,70,33,123,29,39,86,37,7,72" hai2="117,42,71,116,3,40,92,106,1,10,127,54,113" hai3="35,62,89,11,50,77,102,129,131,63,23,124,38"/><T104/><D118/><N who="2" m="45674" /><F106/><W120/><G38/><T65/><D121/><U110/><E123/><V20/><F113/><W100/><G120/><T59/><REACH who="0" step="1"/><D76/><REACH who="0" ten="394,124,222,250" step="2"/><U82/><E114/><V81/><F127/><W93/><G77/><T109/><D109/><U48/><E110/><V14/><F1/><W34/><G124/><T6/><D6/><U66/><E7/><V135/><F3/><W84/><G11/><AGARI ba="2,1" hai="11,13,17,59,60,65,80,87,90,98,103,104,132,134" machi="11" ten="40,2000,0" yaku="1,1,53,0" doraHai="31" doraHaiUra="74" who="0" fromWho="3" sc="394,36,124,0,222,0,250,-26" /><INIT seed="0,3,0,2,5,61" ten="430,124,222,224" oya="0" hai0="119,10,127,62,86,45,42,125,101,52,6,104,135" hai1="9,66,24,107,57,94,32,97,14,126,117,122,49" hai2="33,124,105,88,132,23,120,27,102,37,131,29,53" hai3="87,34,110,82,38,58,60,77,116,67,81,103,0"/><T129/><D119/><U92/><E117/><V72/><F53/><W130/><G110/><T18/><D135/><U65/><E122/><V118/><F88/><W64/><G116/><T46/><D129/><U71/><E71/><V134/><F102/><W79/><G130/><T89/><D18/><U133/><E133/><V83/><F23/><W11/><G38/><T48/><D101/><U26/><E126/><V112/><F27/><N who="1" m="10281" /><E107/><V17/><F17/><W80/><G34/><T5/><D104/><U55/><E32/><V123/><F83/><W7/><G103/><T2/><D6/><N who="1" m="3383" /><E97/><V22/><F22/><W114/><G114/><T70/><D70/><U39/><E39/><V74/><F29/><W111/><G111/><T115/><D115/><U21/><E21/><V59/><F59/><W30/><G30/><T99/><D99/><U12/><E12/><V3/><F74/><W13/><G13/><T128/><D128/><U76/><E76/><V109/><F123/><W75/><REACH who="3" step="1"/><G82/><REACH who="3" ten="430,124,222,214" step="2"/><T108/><D108/><U96/><E96/><V25/><F25/><W85/><G85/><T20/><D86/><U84/><E84/><V95/><F95/><AGARI ba="3,1" hai="49,55,57,65,66,92,94,95" m="3383,10281" machi="95" ten="30,3900,0" yaku="8,1,52,2" doraHai="61" who="1" fromWho="2" sc="430,0,124,58,222,-48,214,0" /><INIT seed="1,0,0,5,1,128" ten="430,182,174,214" oya="1" hai0="88,16,25,115,92,14,45,49,8,134,10,116,101" hai1="81,59,51,71,117,127,31,62,64,103,93,133,21" hai2="29,80,85,36,97,135,19,99,12,95,22,39,23" hai3="98,6,52,106,78,67,37,75,5,70,114,47,94"/><U123/><E117/><V90/><F99/><W24/><G114/><T4/><D116/><U102/><E123/><V110/><F110/><W42/><G106/><T73/><D73/><U63/><E127/><V105/><F105/><W118/><G118/><T77/><D77/><U27/><E133/><V91/><F135/><W132/><G132/><T126/><D134/><U107/><E107/><V20/><REACH who="2" step="1"/><F29/><REACH who="2" ten="430,182,164,214" step="2"/><W38/><G38/><AGARI ba="0,1" hai="12,19,20,22,23,36,38,39,80,85,90,91,95,97" machi="38" ten="40,2600,0" yaku="1,1,2,1,53,0" doraHai="128" doraHaiUra="104" who="2" fromWho="3" sc="430,0,182,0,164,36,214,-26" /><INIT seed="2,0,0,0,2,104" ten="430,182,200,188" oya="2" hai0="108,36,6,100,13,27,131,40,120,41,107,89,54" hai1="23,111,9,116,15,102,66,50,7,49,63,8,30" hai2="29,14,71,57,47,25,121,110,114,91,96,0,99" hai3="122,3,55,118,59,97,98,76,87,65,95,109,37"/><V74/><F121/><W61/><G122/><T115/><D120/><U24/><E116/><V53/><F114/><W46/><G118/><T67/><D115/><U83/><E111/><V26/><F0/><W78/><G109/><T62/><D108/><U103/><E83/><V88/><F110/><W33/><G33/><T52/><D131/><U12/><E103/><V124/><F71/><W22/><G3/><T113/><D113/><U11/><E102/><V39/><F124/><W80/><G37/><T82/><D27/><U32/><E32/><V10/><F74/><W127/><G127/><T31/><D31/><U128/><E128/><V19/><F47/><W81/><G22/><T101/><D101/><U45/><E45/><V93/><F39/><W69/><G95/><T2/><D2/><U34/><E34/><V105/><F105/><W44/><G46/><T130/><D100/><U77/><E77/><V85/><F29/><W38/><G38/><T64/><D107/><U94/><E94/><N who="2" m="54543" /><F99/><W16/><G69/><T134/><D36/><U1/><E1/><V48/><AGARI ba="0,0" hai="10,14,19,25,26,48,53,57,91,93,96" m="54543" machi="48" ten="30,3000,0" yaku="8,1,54,1" doraHai="104" who="2" fromWho="2" sc="430,-10,182,-10,200,30,188,-10" /><INIT seed="2,1,0,0,5,126" ten="420,172,230,178" oya="2" hai0="103,127,102,47,123,23,64,2,60,53,39,5,86" hai1="101,78,66,61,133,13,113,73,49,50,71,22,84" hai2="46,82,81,68,9,116,11,36,62,109,128,30,59" hai3="87,112,72,124,120,54,100,28,107,111,12,43,96"/><V27/><F116/><W15/><G120/><T29/><D123/><U35/><E113/><V95/><F68/><W8/><G124/><T93/><D127/><U67/><E73/><V40/><F109/><W132/><G111/><T41/><D53/><U108/><E108/><V65/><F128/><W121/><G121/><T58/><D5/><U131/><E35/><V89/><F82/><W97/><G72/><T129/><D2/><U76/><E133/><V135/><F81/><W105/><G132/><T3/><D3/><U70/><E101/><V75/><F75/><W77/><G43/><T14/><D129/><U18/><E131/><V56/><F56/><W63/><G28/><T80/><D93/><U119/><E119/><V90/><F90/><W91/><G77/><T104/><D104/><U33/><E33/><V69/><F69/><W38/><G38/><T21/><D21/><U79/><REACH who="1" step="1"/><E84/><REACH who="1" ten="420,162,230,178" step="2"/><V1/><F135/><W4/><G112/><T32/><D32/><U6/><E6/><V74/><F74/><W48/><G4/><T34/><D34/><U10/><E10/><V17/><F9/><W88/><G8/><T26/><D103/><U92/><E92/><V110/><F110/><W117/><G117/><T45/><D102/><U83/><E83/><V125/><F125/><W44/><G105/><T19/><D86/><U7/><E7/><V37/><F1/><W16/><G107/><T98/><D80/><U51/><E51/><N who="2" m="27079" /><F11/><W130/><G130/><T114/><D114/><U20/><E20/><N who="2" m="13711" /><F30/><W25/><G100/><T52/><D29/><U99/><E99/><AGARI ba="1,1" hai="36,37,59,62,65,89,95,99" m="13711,27079" machi="99" ten="30,1500,0" yaku="6,1" doraHai="126" who="2" fromWho="1" sc="420,0,162,-18,230,28,178,0" /><INIT seed="2,2,0,1,5,43" ten="420,144,258,178" oya="2" hai0="9,115,66,85,11,75,49,37,135,93,34,36,100" hai1="110,15,28,27,24,131,123,72,8,107,129,45,99" hai2="51,44,114,48,56,10,98,83,47,124,29,105,5" hai3="46,31,108,64,33,111,118,94,109,13,121,30,14"/><V7/><F114/><W130/><G118/><T16/><D75/><U117/><E72/><V87/><F124/><W84/><G121/><T134/><D34/><U12/><E123/><V102/><F29/><N who="3" m="10763" /><G64/><T128/><D66/><U38/><E117/><V6/><F10/><W106/><G106/><T18/><D115/><U1/><E107/><V59/><F48/><W82/><G94/><T69/><D69/><U71/><E71/><V4/><N who="2" m="1024" /><DORA hai="53" /><V126/><F126/><W122/><G122/><T73/><D73/><U103/><E1/><V86/><F86/><W120/><G120/><T61/><D61/><U26/><E28/><V19/><F19/><W81/><G33/><T113/><D113/><U3/><E110/><V42/><REACH who="2" step="1"/><F44/><REACH who="2" ten="420,144,248,178" step="2"/><W90/><G130/><T35/><D49/><U101/><E8/><V54/><F54/><W77/><G46/><T92/><D85/><AGARI ba="2,1" hai="13,14,77,81,82,84,85,90,108,109,111" m="10763" machi="85" ten="40,1300,0" yaku="14,1" doraHai="43,53" who="3" fromWho="0" sc="420,-19,144,0,248,0,178,29" /><INIT seed="3,0,0,3,0,9" ten="401,144,248,207" oya="3" hai0="41,33,126,39,30,121,103,120,4,67,109,23,46" hai1="29,60,10,5,127,50,42,94,52,86,115,58,98" hai2="135,129,20,59,110,100,47,34,134,124,75,68,71" hai3="31,26,105,40,66,91,88,49,78,0,112,37,82"/><W14/><G112/><T128/><D109/><U119/><E127/><V77/><F34/><W114/><G114/><T72/><D126/><U44/><E119/><V13/><F124/><W95/><G105/><T2/><D23/><U24/><E86/><V48/><F110/><W74/><G0/><T81/><D103/><U64/><E115/><V101/><F59/><W125/><G125/><T102/><D102/><N who="2" m="39530" /><F77/><W36/><G66/><T93/><D93/><U83/><E83/><V28/><F75/><W131/><G131/><T122/><D67/><U65/><E98/><V76/><F76/><W16/><G49/><T7/><D7/><U22/><REACH who="1" step="1"/><E94/><REACH who="1" ten="401,134,248,207" step="2"/><V18/><F129/><W19/><G95/><T69/><D128/><U99/><E99/><V118/><F118/><W8/><G19/><T1/><D81/><U96/><E96/><V6/><F6/><W104/><G104/><T43/><D4/><U11/><E11/><V116/><F116/><W25/><G25/><T106/><D106/><U92/><E92/><V61/><F28/><W89/><REACH who="3" step="1"/><G40/><REACH who="3" ten="401,134,248,197" step="2"/><T62/><D43/><U123/><E123/><V3/><F18/><W12/><G12/><AGARI ba="0,2" hai="5,10,12,22,24,29,42,44,50,52,58,60,64,65" machi="12" ten="30,12000,2" yaku="1,1,7,1,8,1,52,1,54,1,53,1" doraHai="9" doraHaiUra="54" who="1" fromWho="3" sc="401,0,134,140,248,0,197,-120" /><INIT seed="4,0,0,0,2,0" ten="401,274,248,77" oya="0" hai0="117,15,115,40,130,91,88,95,46,124,48,131,96" hai1="19,100,7,76,75,31,114,127,64,135,11,90,23" hai2="63,85,111,25,50,113,102,29,39,80,1,62,87" hai3="12,41,35,22,74,55,106,82,43,4,61,121,120"/><T37/><D117/><U8/><E135/><V60/><F111/><W56/><G106/><T49/><D115/><U110/><E110/><V122/><F122/><W66/><G35/><T109/><D109/><U89/><E31/><V17/><F39/><W97/><G97/><T14/><D124/><U118/><E118/><V105/><F1/><W6/><G66/><T94/><D37/><U112/><E8/><V129/><F129/><N who="0" m="49162" /><D49/><U78/><E100/><V9/><F105/><W133/><G133/><T72/><D72/><U58/><E127/><V103/><F50/><W65/><G65/><T24/><D24/><U69/><E69/><V2/><F87/><AGARI ba="0,0" hai="14,15,40,46,48,87,88,91,94,95,96" m="49162" machi="87" ten="30,2900,0" yaku="19,1,54,1" doraHai="0" who="0" fromWho="2" sc="401,29,274,0,248,-29,77,0" /><INIT seed="4,1,0,4,5,97" ten="430,274,219,77" oya="0" hai0="122,71,127,12,38,79,81,24,108,85,40,58,28" hai1="60,64,111,42,34,129,124,90,93,126,18,30,103" hai2="33,27,5,6,29,21,132,7,96,44,91,54,110" hai3="8,105,36,48,62,94,10,73,76,32,100,35,67"/><T20/><D71/><U109/><E42/><V130/><F110/><W23/><G36/><T135/><D122/><U69/><E129/><V95/><F132/><W83/><G105/><T11/><D135/><U13/><E30/><V9/><F130/><W92/><G92/><T43/><D38/><U37/><E34/><V99/><F33/><W77/><G77/><T120/><D120/><U56/><E69/><V112/><F112/><W106/><G106/><T88/><D108/><U114/><E37/><V115/><F115/><W87/><G73/><T49/><D127/><N who="1" m="48683" /><E114/><V121/><F121/><W16/><G35/><T72/><D58/><U2/><E2/><V1/><F96/><N who="3" m="59415" /><G48/><T55/><D72/><U102/><E111/><V117/><F117/><W89/><G76/><T101/><D79/><U104/><E104/><V80/><F80/><W107/><G107/><T125/><D125/><U50/><E50/><N who="2" m="28999" /><F1/><W118/><G32/><T39/><D39/><U41/><E41/><V63/><F63/><W119/><G119/><T51/><D51/><U131/><E131/><V68/><F68/><W19/><G118/><T116/><D116/><U98/><E109/><V59/><F59/><N who="3" m="37343" /><G19/><T78/><D78/><U45/><E45/><V15/><AGARI ba="1,0" hai="5,6,7,9,15,21,27,29,91,95,99" m="28999" machi="15" ten="30,1100,0" yaku="8,1" doraHai="97" who="2" fromWho="2" sc="430,-6,274,-4,219,14,77,-4" /><INIT seed="5,0,0,4,1,56" ten="424,270,233,73" oya="1" hai0="29,58,91,8,14,99,109,63,106,42,37,86,1" hai1="25,69,92,108,89,88,49,82,87,128,18,48,131" hai2="125,39,4,103,10,135,66,45,3,129,72,115,26" hai3="9,55,101,119,94,71,107,95,13,43,100,74,70"/><U61/><E108/><V79/><F125/><W116/><G43/><T83/><D109/><U112/><E112/><V102/><F129/><N who="1" m="49737" /><E25/><V36/><F135/><W123/><G74/><T111/><D111/><U78/><E18/><V60/><F115/><W51/><G123/><T5/><D29/><U57/><E69/><V121/><F121/><W32/><G32/><T62/><D1/><U134/><E134/><V41/><F39/><W124/><G124/><T24/><D24/><U77/><E89/><V12/><F12/><W17/><G71/><T65/><D37/><U31/><E31/><V11/><F11/><W127/><G70/><T93/><D106/><U28/><E28/><V38/><F38/><W75/><G127/><T122/><D122/><U90/><E90/><V80/><F26/><W81/><G107/><T20/><D20/><U22/><E22/><V97/><F97/><W120/><G120/><T73/><D73/><N who="1" m="43311" /><E78/><V46/><F46/><W84/><G75/><T47/><D47/><U68/><E68/><AGARI ba="0,0" hai="3,4,10,36,41,45,60,66,68,72,79,80,102,103" machi="68" ten="30,7700,0" yaku="7,1,25,2,52,1" doraHai="56" who="2" fromWho="1" sc="424,0,270,-77,233,77,73,0" /><INIT seed="6,0,0,5,5,74" ten="424,193,310,73" oya="2" hai0="54,119,68,99,106,37,52,132,93,0,85,130,16" hai1="121,115,25,47,38,50,58,100,40,62,112,102,13" hai2="127,29,124,126,135,113,5,73,27,83,23,116,131" hai3="92,129,86,60,55,51,18,49,91,8,22,87,122"/><V35/><F116/><W118/><G129/><T41/><D68/><U111/><E111/><V67/><F113/><W63/><G122/><T26/><D0/><U11/><E121/><V64/><F135/><W15/><G118/><T61/><D119/><U2/><E2/><V90/><F131/><W80/><G51/><T45/><D130/><U105/><E25/><V114/><F114/><N who="1" m="43561" /><E105/><V94/><F5/><W96/><G22/><T84/><D106/><U20/><E20/><V128/><F128/><W81/><G87/><T12/><D26/><U133/><E133/><V56/><F35/><W43/><G43/><T42/><D42/><U117/><E50/><V123/><F123/><W88/><REACH who="3" step="1"/><G81/><REACH who="3" ten="424,193,310,63" step="2"/><T125/><D85/><U24/><E117/><V9/><F83/><W108/><G108/><T36/><D84/><U69/><E40/><V34/><F23/><W101/><G101/><T70/><D41/><U31/><E102/><V77/><F126/><W3/><G3/><T1/><D1/><U6/><E100/><V71/><F124/><W98/><G98/><T75/><D99/><U134/><E134/><V109/><F127/><W76/><G76/><T17/><D125/><U66/><E38/><V46/><F109/><W72/><G72/><T21/><D75/><U7/><E11/><V78/><F73/><W19/><G19/><T120/><D17/><U104/><E6/><V79/><F9/><W57/><AGARI ba="0,1" hai="8,15,18,49,55,57,60,63,80,86,88,91,92,96" machi="57" ten="20,8000,1" yaku="1,1,0,1,7,1,8,1,54,1,53,0" doraHai="74" doraHaiUra="107" who="3" fromWho="3" sc="424,-20,193,-20,310,-40,63,90" /><INIT seed="7,0,0,0,5,4" ten="404,173,270,153" oya="3" hai0="14,108,69,132,73,72,33,22,54,38,100,80,87" hai1="119,128,95,67,105,57,46,74,10,98,118,84,40" hai2="104,65,76,122,99,116,79,11,52,48,7,20,55" hai3="21,35,36,130,18,26,125,53,23,70,43,97,121"/><W28/><G121/><T62/><D33/><U2/><E74/><V82/><F116/><N who="1" m="44585" /><E128/><V109/><F109/><W5/><G130/><T117/><D54/><U106/><E84/><V31/><F65/><W1/><G70/><T114/><D62/><N who="1" m="38351" /><E10/><V41/><F104/><W78/><G125/><T101/><D14/><U129/><E2/><V32/><F99/><W90/><G78/><T6/><D101/><N who="1" m="60639" /><E129/><V102/><F32/><W19/><G53/><T93/><D22/><U50/><AGARI ba="0,0" hai="40,46,50,105,106" m="60639,38351,44585" machi="50" ten="30,1100,0" yaku="12,1" doraHai="4" who="1" fromWho="1" sc="404,-3,173,11,270,-3,153,-5" owari="401,50.1,184,-21.6,267,6.7,148,-35.2" /></mjloggm>