<mjloggm ver="2.3"><GO type="169" lobby="0"/><UN n0="%53%69%65%72%72%61" n1="%E3%82%A4%E3%82%AB%E3%81%AB%E3%82%82%E6%9D%B1%E5%8C%97" n2="%E3%81%B3%E3%82%8D%E3%81%B4%E3%82%8D" n3="%50%73%79%63%68%65" dan="16,17,16,17" rate="2110.25,2180.09,2165.42,2170.12" sx="M,M,M,M"/><TAIKYOKU oya="0"/><INIT seed="0,0,0,0,2,0" ten="250,250,250,250" oya="0" hai0="107,35,73,121,66,14,17,2,80,133,74,21,20" hai1="134,5,82,79,77,60,33,126,70,26,45,43,118" hai2="99,7,129,125,122,76,31,44,119,23,34,132,52" hai3="87,120,98,78,72,116,96,88,58,69,117,109,135"/><T94/><D121/><U86/><E118/><N who="3" m="45674" /><G58/><T81/><D107/><U18/><E134/><V104/><F119/><W113/><G69/><T95/><D35/><U85/><E126/><V59/><F34/><W91/><G113/><T68/><D2/><U22/><E33/><V30/><F122/><W49/><G49/><T10/><D133/><U103/><E103/><V27/><F132/><W25/><G25/><T84/><D68/><U64/><E5/><V106/><F44/><W9/><G9/><T50/><D66/><U11/><E11/><V53/><F59/><W61/><G61/><T89/><D94/><U124/><E124/><V37/><F37/><W47/><G47/><T29/><D74/><U39/><REACH who="1" step="1"/><E79/><REACH who="1" ten="250,240,250,250" step="2"/><V46/><F7/><W108/><G135/><T93/><D10/><U28/><E28/><V102/><F76/><W65/><G120/><T36/><D29/><U90/><E90/><N who="3" m="34346" /><G72/><AGARI ba="0,1" hai="18,22,26,39,43,45,60,64,70,72,77,82,85,86" machi="72" ten="30,2000,0" yaku="1,1,7,1,53,0" doraHai="0" doraHaiUra="101" who="1" fromWho="3" sc="250,0,240,30,250,0,250,-20" /><INIT seed="1,0,0,5,1,16" ten="250,270,250,230" oya="1" hai0="119,57,109,100,87,27,99,33,21,42,34,122,54" hai1="5,90,6,18,106,29,80,23,86,62,114,83,30" hai2="49,130,63,115,126,46,72,31,102,39,135,8,10" hai3="40,82,75,37,7,1,17,67,84,107,128,132,4"/><U26/><E114/><V89/><F72/><W108/><G107/><T43/><D119/><U9/><E106/><V41/><F115/><W52/><G75/><T61/><D109/><U117/><E117/><V20/><F102/><W91/><G108/><T76/><D122/><U36/><E36/><V58/><F135/><W111/><G111/><T93/><D34/><U104/><E104/><V19/><F130/><W79/><G132/><T124/><D33/><U47/><E47/><V12/><F126/><W97/><G67/><T56/><D124/><U15/><E62/><V125/><F125/><W3/><G40/><T13/><D13/><U28/><REACH who="1" step="1"/><E6/><REACH who="1" ten="250,260,250,230" step="2"/><V98/><F39/><W22/><G37/><T88/><D57/><U44/><E44/><V123/><F123/><W53/><G7/><T48/><D61/><U64/><E64/><V92/><REACH who="2" step="1"/><F31/><REACH who="2" ten="250,260,240,230" step="2"/><W110/><G110/><T77/><D43/><U131/><E131/><V38/><F38/><W66/><G128/><T81/><D42/><U68/><E68/><V103/><F103/><W94/><G66/><AGARI ba="0,2" hai="8,10,12,19,20,41,46,49,58,63,66,89,92,98" machi="66" ten="30,7700,0" yaku="1,1,7,1,8,1,52,1,53,0" doraHai="16" doraHaiUra="24" who="2" fromWho="3" sc="250,0,260,0,240,97,230,-77" /><INIT seed="2,0,0,1,4,7" ten="250,260,337,153" oya="2" hai0="122,5,0,13,106,51,44,116,63,133,120,70,99" hai1="62,75,129,1,107,59,46,16,126,131,68,93,27" hai2="102,78,135,45,57,100,79,6,23,109,29,8,42" hai3="39,95,76,81,77,82,61,11,110,52,127,14,118"/><V124/><F124/><W130/><G118/><T86/><D133/><U43/><E107/><V18/><F135/><W89/><G39/><T58/><D116/><U83/><E1/><V64/><F29/><W121/><G121/><T80/><D0/><U112/><E112/><V101/><F64/><W31/><G31/><T87/><D70/><U60/><E68/><V105/><F57/><N who="3" m="34983" /><G110/><T84/><D80/><N who="3" m="30825" /><G130/><T28/><D28/><U74/><E74/><V55/><F55/><W134/><G134/><T38/><D38/><U69/><E69/><V114/><F105/><W85/><G127/><T40/><D106/><U97/><E75/><V88/><F114/><W119/><G119/><T125/><D125/><U113/><E83/><V2/><F88/><W3/><G3/><T48/><D48/><U108/><E108/><V33/><F33/><W65/><G65/><T56/><D63/><U123/><E62/><V66/><F66/><W72/><G72/><T36/><D36/><U12/><E113/><V30/><F30/><W50/><G50/><T94/><D120/><U132/><E123/><V47/><F109/><W73/><G73/><T21/><D122/><U54/><E132/><V10/><F42/><W35/><G35/><T34/><D34/><U96/><E126/><V26/><REACH who="2" step="1"/><F10/><REACH who="2" ten="250,260,327,153" step="2"/><W15/><G11/><N who="0" m="4335" /><D21/><U104/><E104/><V22/><F22/><W4/><G77/><AGARI ba="0,1" hai="2,6,8,18,23,26,45,47,77,78,79,100,101,102" machi="77" ten="40,12000,1" yaku="1,1,52,1,53,3" doraHai="7" doraHaiUra="98" who="2" fromWho="3" sc="250,0,260,0,327,130,153,-120" /><INIT seed="2,1,0,5,1,86" ten="250,260,457,33" oya="2" hai0="58,82,52,88,34,131,99,0,134,44,62,17,121" hai1="4,124,2,101,55,89,107,103,22,104,46,119,43" hai2="40,105,92,37,116,87,102,30,79,56,135,95,50" hai3="96,5,72,132,75,42,21,114,77,51,85,97,20"/><V12/><F116/><W49/><G132/><T57/><D121/><U110/><E119/><V15/><F37/><W80/><G114/><T29/><D0/><U69/><E69/><V9/><F105/><W26/><G5/><T91/><D134/><U23/><E110/><V16/><F30/><W133/><G133/><T31/><D131/><U63/><E124/><V108/><F135/><W65/><G65/><T39/><D34/><U83/><E103/><V94/><F108/><W112/><G112/><T106/><D106/><U32/><E32/><V19/><F102/><W122/><G122/><T67/><D17/><U78/><E89/><N who="2" m="53311" /><F79/><W54/><G75/><T128/><D128/><U81/><E81/><V25/><F25/><W98/><G72/><T59/><D59/><U36/><E101/><V45/><F56/><N who="3" m="32863" /><G26/><T93/><D44/><AGARI ba="1,0" hai="20,21,42,44,49,77,80,85,96,97,98" m="32863" machi="44" ten="30,1000,0" yaku="8,1" doraHai="86" who="3" fromWho="0" sc="250,-13,260,0,457,0,33,13" /><INIT seed="3,0,0,4,0,115" ten="237,260,457,46" oya="3" hai0="131,0,67,135,90,112,57,34,132,20,60,2,74" hai1="70,99,36,18,81,111,75,33,92,79,63,118,25" hai2="89,10,42,22,93,58,84,124,85,134,47,5,40" hai3="78,50,116,105,14,71,106,56,44,73,17,98,64"/><W72/><G71/><T123/><D123/><U26/><E36/><V21/><F134/><N who="0" m="51242" /><D34/><U35/><E111/><V7/><F124/><W76/><G116/><T80/><D112/><U102/><E118/><V51/><F42/><W13/><G64/><T29/><D131/><U38/><E38/><V117/><F117/><W103/><G56/><T37/><D37/><U113/><E113/><V87/><F58/><W122/><G122/><T109/><D109/><U55/><E55/><V66/><F66/><W48/><G98/><T11/><D11/><U91/><E63/><V125/><F125/><W1/><G103/><T23/><D90/><U69/><E69/><V101/><F101/><W68/><G68/><T128/><D128/><U46/><E70/><V129/><F129/><W8/><G8/><T110/><D110/><U107/><E46/><V32/><F32/><N who="1" m="12361" /><E18/><V62/><F62/><W114/><G114/><T45/><D45/><U24/><E26/><V43/><F43/><W96/><G96/><T65/><D65/><U97/><E25/><V82/><F85/><W83/><G44/><T31/><D31/><U120/><E24/><V133/><F133/><W15/><G17/><T77/><D29/><U59/><E59/><V104/><F104/><N who="3" m="40043" /><G1/><AGARI ba="0,0" hai="0,1,2,20,23,57,60,67,74,77,80" m="51242" machi="1" ten="30,1000,0" yaku="20,1" doraHai="115" who="0" fromWho="3" sc="237,10,260,0,457,0,46,-10" /><INIT seed="4,0,0,2,5,83" ten="247,260,457,36" oya="0" hai0="74,112,7,104,84,37,43,128,64,68,70,94,53" hai1="79,97,86,2,72,111,50,46,31,20,47,135,107" hai2="127,56,80,24,49,28,3,61,73,65,99,88,132" hai3="82,48,17,44,29,125,131,32,11,134,115,119,35"/><T4/><D104/><U67/><E111/><V19/><F3/><W25/><G119/><T98/><D74/><U40/><E2/><V117/><F73/><W54/><G115/><T33/><D33/><U27/><E135/><V30/><F132/><W81/><G134/><T133/><D133/><U130/><E130/><V12/><F127/><W62/><G131/><T8/><D128/><U129/><E129/><V85/><F117/><W71/><G125/><T41/><D112/><U103/><E67/><V118/><F118/><W100/><G35/><T10/><D53/><U124/><E124/><V38/><F38/><W76/><G100/><T0/><D64/><U22/><E47/><V52/><F99/><W55/><G71/><T101/><D84/><U18/><E72/><V91/><F91/><W120/><G120/><T126/><D126/><U90/><E79/><V13/><F24/><W45/><G76/><T21/><D21/><U63/><E63/><V60/><F60/><W36/><G62/><T34/><D34/><U59/><E59/><N who="2" m="33167" /><F13/><W95/><G36/><T116/><D116/><U58/><E58/><V69/><F69/><N who="0" m="26730" /><D37/><U26/><REACH who="1" step="1"/><E90/><REACH who="1" ten="247,250,457,36" step="2"/><V92/><F80/><W78/><G82/><T108/><D108/><U77/><E77/><V93/><F93/><W23/><G95/><T75/><D75/><U1/><E1/><V113/><F113/><W5/><G81/><T114/><D114/><U106/><E106/><V123/><F123/><W102/><G78/><T42/><D0/><U89/><E89/><V87/><F88/><W110/><G110/><T9/><AGARI ba="0,1" hai="4,7,8,9,10,41,42,43,94,98,101" m="26730" machi="9" ten="40,2100,0" yaku="5,1" doraHai="83" who="0" fromWho="0" sc="247,31,250,-7,457,-7,36,-7" /><INIT seed="4,1,0,0,1,29" ten="278,243,450,29" oya="0" hai0="67,10,73,118,103,52,40,101,12,13,104,28,71" hai1="94,37,92,130,45,62,82,99,83,100,135,95,46" hai2="81,35,97,72,57,86,8,61,22,65,17,51,76" hai3="84,106,50,34,47,0,132,88,6,30,105,53,38"/><T36/><D118/><U9/><E130/><V126/><F126/><W121/><G132/><T21/><D73/><U66/><E135/><V69/><F35/><W108/><G108/><T54/><D104/><U49/><E37/><V107/><F8/><W41/><G121/><T11/><D71/><U120/><E120/><V80/><F69/><W110/><G110/><T115/><D67/><U124/><E124/><V25/><F51/><W5/><G5/><T133/><D133/><U7/><E94/><V31/><F97/><W109/><G109/><T125/><D125/><U20/><E20/><V78/><REACH who="2" step="1"/><F107/><REACH who="2" ten="278,243,440,29" step="2"/><W33/><G106/><T24/><D36/><U75/><E9/><V70/><F70/><W114/><G105/><T113/><D40/><U39/><E49/><V60/><F60/><W42/><G42/><T15/><D113/><U98/><E62/><V63/><F63/><W131/><G114/><T111/><D115/><U91/><E39/><V55/><F55/><N who="0" m="21034" /><D111/><U18/><E99/><V117/><F117/><W112/><G112/><T19/><D13/><U16/><E98/><V44/><F44/><W119/><G119/><T26/><D26/><U102/><E66/><V43/><F43/><W74/><G41/><T85/><D85/><U23/><E23/><V1/><F1/><W79/><G38/><T56/><D56/><U122/><E122/><V77/><F77/><W87/><G87/><T134/><D134/><U27/><E27/><V127/><F127/><W128/><G84/><T4/><AGARI ba="1,1" hai="4,10,11,12,15,19,21,24,28,101,103" m="21034" machi="4" ten="30,3000,0" yaku="8,1,54,1" doraHai="29" who="0" fromWho="0" sc="278,43,243,-11,440,-11,29,-11" /><INIT seed="4,2,0,2,2,121" ten="321,232,429,18" oya="0" hai0="28,128,70,75,43,27,103,3,16,110,85,31,63" hai1="46,58,18,100,30,111,123,131,8,13,33,4,29" hai2="83,9,0,132,81,51,102,34,64,10,106,76,86" hai3="35,109,55,77,25,98,53,61,17,5,96,20,97"/><T124/><D75/><U84/><E123/><V118/><F34/><W38/><G38/><T87/><D3/><U125/><E131/><V93/><F106/><W7/><G35/><T39/><D128/><U104/><E125/><V36/><F36/><W79/><G109/><T40/><D124/><U108/><E58/><V116/><F132/><W72/><G72/><T80/><D110/><N who="1" m="42027" /><E46/><V48/><F64/><W47/><G47/><T78/><D103/><U14/><E84/><V2/><F102/><W130/><G130/><T57/><D70/><U134/><E100/><V6/><F93/><W135/><G135/><T91/><D39/><U49/><E49/><V89/><F9/><W122/><G122/><T52/><D43/><U41/><E41/><V59/><F0/><W21/><G61/><T26/><D40/><U95/><E95/><V114/><F59/><W56/><G56/><T127/><D127/><U62/><E62/><V92/><F83/><W90/><G90/><T73/><D73/><U22/><E104/><V67/><F67/><W71/><G71/><T23/><D27/><N who="1" m="18623" /><E30/><V113/><F51/><W11/><G55/><T66/><D66/><U44/><E44/><V120/><F48/><W126/><G53/><T88/><D78/><N who="3" m="29705" /><G126/><T32/><D32/><U37/><E37/><V112/><F120/><W50/><G50/><T101/><D101/><U129/><E129/><V19/><F19/><W99/><N who="3" m="24576" /><DORA hai="12" /><W45/><G45/><T54/><D54/><U133/><AGARI ba="2,0" hai="4,8,13,14,18,22,133,134" m="18623,42027" machi="133" ten="30,12000,2" yaku="34,2,52,4" doraHai="121,12" who="1" fromWho="1" sc="321,-62,232,126,429,-32,18,-32" owari="259,-14.1,358,15.8,397,49.7,-14,-51.4" /></mjloggm>