<mjloggm ver="2.3"><GO type="169" lobby="0"/><UN n0="%68%69%72%61%6A%75%6E" n1="%E3%81%97%E3%82%89%E3%81%99%EF%BC%A1" n2="%E3%83%8F%E3%82%BA%E3%83%AC" n3="%E3%82%A8%E3%82%B0%E3%83%81%E3%80%81" dan="16,16,17,17" rate="2058.88,2116.40,2204.38,2205.12" sx="M,M,M,M"/><TAIKYOKU oya="0"/><INIT seed="0,0,0,1,4,57" ten="250,250,250,250" oya="0" hai0="113,76,47,123,88,87,64,53,118,90,130,85,45" hai1="72,92,102,33,77,117,124,110,1,126,93,129,36" hai2="48,121,51,18,68,65,83,114,56,49,19,60,96" hai3="103,84,6,125,26,55,131,35,71,70,9,41,14"/><T43/><D113/><U31/><E1/><V135/><F114/><W73/><G73/><T97/><D118/><U111/><E36/><V4/><F121/><W20/><G125/><N who="1" m="48234" /><E31/><V94/><F135/><W12/><G131/><T39/><D130/><U3/><E3/><V59/><F4/><W82/><G35/><T115/><D115/><U109/><E33/><V22/><F83/><W54/><G14/><T32/><D123/><U29/><E29/><V133/><F133/><W61/><G103/><T8/><D32/><U80/><E129/><V98/><F98/><W100/><G100/><T34/><D34/><U95/><E117/><V38/><F38/><W58/><G41/><T2/><D64/><U44/><E44/><V15/><REACH who="2" step="1"/><F19/><REACH who="2" ten="250,250,240,250" step="2"/><W62/><G82/><T108/><D97/><AGARI ba="0,1" hai="72,77,80,92,93,95,97,102,109,110,111" m="48234" machi="97" ten="40,8000,1" yaku="14,1,18,1,34,2" doraHai="57" who="1" fromWho="0" sc="250,-80,250,90,240,0,250,0" /><INIT seed="1,0,0,0,4,125" ten="170,340,240,250" oya="1" hai0="95,57,53,109,132,129,106,76,45,79,64,59,33" hai1="84,104,16,98,34,102,87,99,122,108,17,116,81" hai2="3,127,23,119,69,72,71,110,1,67,124,121,82" hai3="126,62,48,21,51,9,103,120,50,65,133,74,12"/><U68/><E116/><V10/><F119/><W6/><G120/><T130/><D106/><U58/><E122/><V113/><F121/><W56/><G126/><N who="2" m="48169" /><F113/><W44/><G133/><T86/><D132/><U42/><E68/><N who="2" m="26187" /><F67/><W8/><G74/><T39/><D109/><U80/><E34/><V83/><F110/><W54/><G103/><T97/><D33/><U31/><E31/><V134/><F134/><W131/><G131/><N who="0" m="50187" /><D64/><U46/><E58/><N who="0" m="22025" /><D86/><U88/><E99/><V55/><F55/><W36/><G36/><T75/><D75/><U43/><E108/><V40/><F40/><W93/><G21/><T60/><D60/><U135/><E43/><V22/><F72/><W4/><REACH who="3" step="1"/><G93/><REACH who="3" ten="170,340,240,240" step="2"/><T61/><D61/><U28/><E135/><V11/><F22/><W0/><AGARI ba="0,1" hai="0,4,6,8,9,12,44,48,50,51,54,56,62,65" machi="0" ten="20,5200,0" yaku="1,1,2,1,0,1,7,1,53,0" doraHai="125" doraHaiUra="92" who="3" fromWho="3" sc="170,-13,340,-26,240,-13,240,62" /><INIT seed="2,0,0,2,2,15" ten="157,314,227,302" oya="2" hai0="5,39,43,80,14,0,9,4,89,111,123,133,114" hai1="101,74,16,91,31,49,17,3,2,79,24,86,104" hai2="12,37,57,127,69,35,32,77,121,75,92,28,71" hai3="47,122,131,20,30,8,11,130,6,128,21,83,107"/><V51/><F37/><W67/><G107/><T96/><D123/><U59/><E3/><V90/><F121/><W100/><G122/><T26/><D114/><U115/><E2/><V40/><F127/><W72/><G100/><T76/><D111/><U88/><E115/><V41/><F71/><W45/><G67/><T42/><D133/><U73/><E73/><V132/><F69/><W46/><G30/><T120/><D120/><U94/><E91/><V66/><F132/><W53/><G53/><T103/><D89/><U13/><E13/><V113/><F113/><W117/><G117/><T36/><D36/><U54/><E79/><V64/><F75/><W110/><G110/><T125/><D125/><U84/><E84/><V95/><F77/><W63/><G63/><T29/><D39/><U82/><E74/><V22/><F35/><W10/><G6/><T56/><D56/><U60/><E60/><V97/><F32/><W135/><G135/><T93/><D4/><U19/><E104/><V27/><F12/><W112/><G112/><T68/><D68/><U126/><E126/><V61/><F64/><W109/><G109/><T116/><D116/><U81/><REACH who="1" step="1"/><E101/><REACH who="1" ten="157,304,227,302" step="2"/><N who="2" m="60583" /><F51/><W98/><G98/><AGARI ba="0,1" hai="22,27,28,40,41,57,61,66,90,95,98" m="60583" machi="98" ten="30,2900,0" yaku="25,1,8,1" doraHai="15" who="2" fromWho="3" sc="157,0,304,0,227,39,302,-29" /><INIT seed="2,1,0,3,5,78" ten="157,304,266,273" oya="2" hai0="74,18,2,84,102,47,88,94,38,98,22,5,70" hai1="126,11,108,29,73,14,132,129,107,51,123,128,30" hai2="1,89,66,122,39,28,82,15,25,31,9,41,127" hai3="86,119,133,104,79,34,69,72,105,112,26,3,118"/><V109/><F122/><W68/><G86/><T16/><D70/><N who="3" m="27241" /><G133/><T75/><D2/><U96/><E108/><V124/><F1/><W92/><G92/><T32/><D32/><U4/><E126/><N who="2" m="48171" /><F66/><W101/><G3/><T36/><D5/><U97/><E132/><V87/><F109/><W58/><G58/><T81/><D18/><U120/><E73/><V45/><F25/><W61/><G61/><T117/><D117/><N who="3" m="44553" /><G101/><T53/><D53/><U59/><E29/><V135/><F135/><W111/><G112/><T60/><D60/><U17/><E30/><V114/><F114/><W91/><G91/><T63/><D63/><U50/><E4/><AGARI ba="1,0" hai="4,9,15,28,31,39,41,45,82,87,89" m="48171" machi="4" ten="30,2900,0" yaku="18,1,52,1" doraHai="78" who="2" fromWho="1" sc="157,0,304,-32,266,32,273,0" /><INIT seed="2,2,0,0,4,34" ten="157,272,298,273" oya="2" hai0="2,79,133,61,128,114,98,21,126,22,99,23,40" hai1="71,44,1,73,113,111,0,85,37,28,102,94,130" hai2="105,121,91,123,70,68,84,72,119,25,5,54,75" hai3="48,12,46,59,43,81,135,64,122,42,112,35,8"/><V86/><F25/><W11/><G122/><N who="2" m="46601" /><F5/><W65/><G135/><T49/><D114/><U115/><E73/><N who="2" m="28235" /><F54/><W92/><G35/><T82/><D133/><U96/><E71/><N who="2" m="27179" /><F91/><W60/><G112/><T9/><D61/><U77/><E28/><V16/><F119/><W47/><G81/><T69/><D69/><U83/><E113/><V67/><F67/><W52/><G92/><T116/><D116/><U110/><E115/><V57/><F57/><W78/><G78/><T74/><D22/><U51/><E37/><V109/><F105/><W32/><G32/><T118/><D21/><U117/><E117/><V76/><F76/><W36/><REACH who="3" step="1"/><G8/><REACH who="3" ten="157,272,298,263" step="2"/><T7/><D9/><U24/><E77/><V27/><F109/><W106/><G106/><T129/><D79/><U10/><E111/><V124/><F124/><W108/><G108/><T125/><D126/><U30/><E110/><V134/><F134/><W80/><G80/><T20/><D82/><U88/><E10/><V89/><F89/><W63/><G63/><T31/><D125/><U104/><E104/><V19/><F27/><W45/><G45/><N who="0" m="25767" /><D118/><U101/><E101/><V127/><F127/><W39/><G39/><T120/><D74/><U53/><E24/><V58/><F58/><W95/><G95/><T29/><D120/><U41/><E94/><V97/><F97/><N who="0" m="36874" /><D31/><U100/><E30/><V26/><F26/><W62/><G62/><T4/><D29/><U56/><E96/><V131/><F131/><N who="0" m="50250" /><D2/><N who="1" m="1131" /><E130/><V90/><F90/><W50/><G50/><T33/><D33/><U87/><E87/><AGARI ba="2,1" hai="16,19,84,86,87" m="27179,28235,46601" machi="87" ten="40,7700,0" yaku="28,2,54,1" doraHai="34" who="2" fromWho="1" sc="157,0,272,-83,298,93,263,0" /><INIT seed="2,3,0,1,0,47" ten="157,189,391,263" oya="2" hai0="96,7,104,54,90,126,120,118,64,80,112,122,18" hai1="5,77,88,127,60,51,107,115,66,93,89,73,99" hai2="2,84,129,11,69,116,106,38,4,3,105,40,37" hai3="62,61,114,76,83,98,123,110,75,42,125,92,36"/><V33/><F84/><W20/><G123/><T19/><D112/><U68/><E127/><V78/><F78/><W45/><G110/><T9/><D126/><U135/><E115/><V130/><F116/><W102/><G125/><T8/><D118/><U41/><E135/><V55/><F55/><W31/><G114/><T86/><D64/><U50/><E107/><N who="2" m="40971" /><F40/><W91/><G31/><T46/><D104/><U74/><E5/><V13/><F69/><W67/><G102/><T128/><D128/><N who="2" m="49258" /><F33/><W124/><G124/><T15/><D96/><U34/><E34/><V14/><F14/><W44/><G67/><T43/><D54/><U111/><E111/><V134/><F134/><W95/><G95/><T26/><D19/><U6/><E6/><V29/><F29/><W103/><G103/><T56/><D56/><U58/><E89/><V25/><F25/><W27/><G27/><T24/><D122/><U22/><E77/><V63/><F63/><W81/><G81/><T121/><D121/><U119/><E119/><V79/><F79/><W21/><G45/><T71/><D120/><U72/><E41/><V10/><F10/><W17/><G17/><T59/><D71/><U82/><E82/><V85/><F85/><W131/><G131/><T109/><D109/><U49/><REACH who="1" step="1"/><E22/><REACH who="1" ten="157,179,391,263" step="2"/><V87/><F3/><W117/><G117/><T133/><D133/><U0/><E0/><V39/><F2/><W12/><G20/><T48/><D59/><AGARI ba="3,1" hai="49,50,51,58,59,60,66,68,72,73,74,88,93,99" machi="59" ten="50,8000,1" yaku="1,1,52,3,54,1,53,0" doraHai="47" doraHaiUra="32" who="1" fromWho="0" sc="157,-89,179,99,391,0,263,0" /><INIT seed="3,0,0,3,0,54" ten="68,278,391,263" oya="3" hai0="63,56,14,70,58,124,134,119,52,90,44,26,42" hai1="22,97,3,12,135,23,18,49,80,77,76,1,19" hai2="71,92,125,57,121,101,89,28,85,131,99,62,117" hai3="60,61,55,104,128,40,33,107,88,64,83,6,132"/><W4/><G33/><T17/><D119/><U100/><E135/><V48/><F117/><W78/><G132/><T129/><D134/><U36/><E76/><V106/><F121/><W21/><G128/><T30/><D129/><U65/><E36/><V120/><F120/><W51/><G40/><T93/><D124/><U84/><E65/><V5/><F131/><W35/><G35/><T20/><D70/><U29/><E29/><V10/><F125/><W7/><G21/><N who="0" m="15695" /><D42/><U82/><E82/><V86/><F28/><W112/><G112/><T115/><D115/><U74/><E49/><V130/><F130/><W73/><G88/><T123/><D123/><U0/><E74/><V69/><F48/><W50/><G50/><N who="0" m="28743" /><D63/><U59/><E1/><V126/><F85/><AGARI ba="0,0" hai="14,17,20,56,58,85,90,93" m="28743,15695" machi="85" ten="30,7700,0" yaku="8,1,52,2,54,1" doraHai="54" who="0" fromWho="2" sc="68,77,278,0,391,-77,263,0" /><INIT seed="4,0,0,2,3,114" ten="145,278,314,263" oya="0" hai0="59,98,122,130,76,6,44,134,129,67,126,1,72" hai1="111,52,56,28,40,3,61,133,57,66,92,15,62" hai2="94,46,128,26,123,22,54,19,35,4,42,106,75" hai3="34,97,131,110,47,87,82,118,69,109,120,50,39"/><T124/><D122/><U14/><E111/><V104/><F75/><W25/><G118/><T103/><D44/><U63/><E3/><V8/><F123/><W36/><G120/><T91/><D67/><U2/><E2/><V115/><F115/><W60/><G131/><N who="0" m="50187" /><D59/><U31/><E133/><V73/><F73/><W96/><G39/><T68/><D68/><U83/><E83/><V17/><F17/><W78/><G36/><T32/><D91/><U21/><E40/><V51/><F35/><W107/><G60/><T30/><D76/><U89/><E62/><V5/><F5/><W13/><G69/><T23/><D72/><U132/><E132/><V88/><F42/><W53/><G107/><N who="0" m="63991" /><D23/><U70/><E70/><V105/><F128/><W80/><G110/><T16/><D16/><N who="1" m="10391" /><E15/><V64/><F64/><W29/><G13/><T7/><D134/><U113/><E113/><V84/><REACH who="2" step="1"/><F105/><REACH who="2" ten="145,278,304,263" step="2"/><W117/><G109/><T37/><D6/><U125/><E125/><V65/><F65/><W45/><G34/><T112/><D112/><U135/><E135/><V11/><F11/><W102/><G29/><T95/><D30/><U121/><E121/><V55/><F55/><W119/><G53/><T116/><D32/><U27/><E27/><V38/><F38/><W85/><G25/><T43/><D37/><U41/><E41/><V0/><AGARI ba="0,1" hai="0,4,8,19,22,26,46,51,54,84,88,94,104,106" machi="0" ten="20,5200,0" yaku="1,1,0,1,7,1,54,1,53,0" doraHai="114" doraHaiUra="93" who="2" fromWho="2" sc="145,-26,278,-13,304,62,263,-13" /><INIT seed="5,0,0,1,3,64" ten="119,265,366,250" oya="1" hai0="27,6,54,17,33,19,48,93,57,32,129,108,62" hai1="111,115,39,53,11,74,77,114,78,50,10,31,70" hai2="45,135,94,113,79,131,121,105,49,4,20,112,102" hai3="34,23,46,59,12,73,123,75,61,85,0,126,104"/><U107/><E39/><V9/><F121/><W43/><G0/><T51/><D129/><U60/><E107/><V125/><F131/><W106/><G34/><T71/><D108/><U130/><E130/><V16/><F79/><W14/><G123/><T38/><D38/><U134/><E134/><V65/><F65/><W128/><G128/><T81/><D6/><U52/><E31/><V97/><F105/><W103/><G126/><T42/><D33/><U58/><E111/><V68/><F68/><W88/><G75/><T15/><D32/><U80/><E77/><V84/><F84/><W1/><G1/><T7/><D71/><U35/><E35/><V8/><F125/><W67/><G73/><T22/><D7/><U36/><E36/><V83/><F83/><W56/><G56/><T18/><D81/><U110/><E110/><V28/><F28/><W91/><G23/><T98/><D42/><U132/><E132/><V47/><F47/><W122/><G91/><T127/><D127/><U30/><E30/><V40/><F135/><W118/><G118/><T96/><D96/><U26/><E26/><V89/><F102/><W82/><G122/><T24/><D24/><U69/><E10/><V41/><F41/><W25/><G25/><T44/><D44/><N who="1" m="27719" /><E11/><N who="2" m="4171" /><F4/><W3/><G3/><T99/><D99/><U55/><E53/><V37/><F37/><N who="3" m="21871" /><G106/><T116/><D116/><U109/><E109/><V86/><F86/><W100/><G104/><T72/><D72/><U119/><E119/><V95/><F95/><W63/><G63/><T2/><D2/><U101/><E101/><AGARI ba="0,0" hai="12,14,59,61,67,82,85,88,100,101,103" m="21871" machi="101" ten="30,2000,0" yaku="6,1,54,1" doraHai="64" who="3" fromWho="1" sc="119,0,265,-20,366,0,250,20" /><INIT seed="6,0,0,0,4,46" ten="119,245,366,270" oya="2" hai0="62,66,24,96,16,35,5,111,74,114,84,83,81" hai1="93,87,38,11,10,122,100,21,45,18,49,73,57" hai2="64,131,82,58,68,98,50,41,39,34,77,102,17" hai3="27,13,124,89,108,8,129,120,31,88,75,80,86"/><V92/><F34/><W52/><G124/><T79/><D111/><U103/><E73/><V128/><F17/><W85/><G129/><N who="2" m="49737" /><F39/><W29/><G120/><T19/><D114/><U118/><E38/><V43/><F68/><W133/><G133/><T113/><D113/><U132/><E118/><V59/><F64/><W33/><G31/><T119/><D119/><U2/><E132/><V20/><F20/><W72/><G108/><T112/><D112/><U115/><E115/><V69/><F69/><W51/><G13/><T127/><D127/><U60/><E2/><V1/><F1/><W107/><G8/><N who="1" m="3114" /><E87/><N who="2" m="48591" /><F59/><W7/><G107/><T95/><D5/><U15/><E93/><V71/><F71/><W36/><G36/><T53/><D53/><AGARI ba="0,0" hai="41,43,50,53,58,92,98,102" m="48591,49737" machi="53" ten="30,2900,0" yaku="19,1,52,1" doraHai="46" who="2" fromWho="0" sc="119,-29,245,0,366,29,270,0" /><INIT seed="6,1,0,1,1,11" ten="90,245,395,270" oya="2" hai0="93,95,107,35,91,86,94,23,114,75,104,34,71" hai1="53,18,102,47,58,92,118,59,88,87,89,82,50" hai2="121,109,43,115,131,64,100,0,70,55,119,22,24" hai3="46,3,128,81,57,117,101,52,44,36,10,99,6"/><V56/><F100/><W116/><G128/><T125/><D23/><U122/><E118/><V21/><F21/><W130/><G130/><T96/><D71/><U14/><E102/><V78/><F78/><W113/><G113/><T124/><D34/><U40/><E40/><V80/><F80/><W103/><G103/><T63/><D63/><U135/><E135/><V69/><F22/><W54/><G54/><T76/><D35/><U105/><E105/><N who="0" m="40521" /><D114/><U4/><E4/><V85/><F24/><W127/><G127/><N who="0" m="48715" /><D96/><N who="1" m="57351" /><E122/><V13/><F121/><W27/><G27/><T123/><D123/><U33/><E33/><V110/><F70/><W106/><G117/><T79/><D75/><U111/><E111/><V17/><F69/><W8/><G116/><T26/><D26/><U41/><E41/><V72/><F119/><W112/><G6/><T12/><D12/><U9/><AGARI ba="1,0" hai="9,14,18,47,50,53,58,59,82,87,89" m="57351" machi="9" ten="30,7900,0" yaku="25,1,8,1,52,1,54,1" doraHai="11" who="1" fromWho="1" sc="90,-21,245,82,395,-40,270,-21" /><INIT seed="7,0,0,1,4,118" ten="69,327,355,249" oya="3" hai0="96,97,79,111,30,107,64,113,70,72,10,3,39" hai1="8,56,82,13,117,5,126,99,68,34,89,16,104" hai2="102,32,36,88,106,87,91,0,35,78,108,134,127" hai3="47,52,21,41,77,43,92,121,95,65,130,54,18"/><W14/><G130/><T115/><D30/><U15/><E68/><V42/><F108/><W69/><G121/><T23/><D23/><U61/><E126/><V26/><F134/><W129/><G129/><T90/><D90/><U46/><E117/><V33/><F0/><W1/><G1/><T135/><D10/><U31/><E34/><V60/><F127/><W29/><G65/><T6/><D6/><U22/><E31/><V93/><F78/><W17/><G69/><T133/><D79/><U132/><E132/><V71/><F91/><W57/><G29/><T124/><D96/><U110/><E110/><V76/><F76/><W86/><G54/><T114/><D114/><U105/><E46/><V116/><F116/><W48/><G18/><T58/><D115/><U80/><E105/><V67/><F42/><W63/><REACH who="3" step="1"/><G43/><REACH who="3" ten="69,327,355,239" step="2"/><T20/><D64/><N who="1" m="38951" /><E104/><V98/><F106/><W100/><G100/><T120/><D20/><U2/><E2/><V73/><F102/><W75/><G75/><T50/><D50/><U125/><E125/><V123/><F73/><W11/><G11/><T4/><D4/><U119/><E119/><V12/><F67/><W44/><G44/><T53/><D124/><U131/><E131/><V112/><F112/><W28/><G28/><T84/><D113/><U55/><E55/><V37/><F71/><W19/><G19/><T40/><D70/><U45/><E45/><V85/><F123/><W128/><G128/><T62/><D120/><U74/><E74/><V122/><F122/><W81/><AGARI ba="0,1" hai="14,17,21,41,47,48,52,57,63,77,81,86,92,95" machi="81" ten="30,11700,0" yaku="1,1,0,1,8,1,54,1,53,0" doraHai="118" doraHaiUra="103" who="3" fromWho="3" sc="69,-39,327,-39,355,-39,239,127" owari="30,-47.0,288,-11.2,316,11.6,366,46.6" /></mjloggm>