<mjloggm ver="2.3"><GO type="169" lobby="0"/><UN n0="%E3%81%B2%E3%81%90%E3%81%A1" n1="%E7%89%8C%E6%B5%81%E7%8A%B6%E6%85%8B%E9%BA%BB%E9%9B%80" n2="%6D%61%74%6F%30%36%30%33" n3="%E3%81%91%E3%83%BC%E3%81%9E%E3%81%88" dan="16,16,17,17" rate="2143.41,2136.44,2207.52,2152.74" sx="M,M,M,F"/><TAIKYOKU oya="0"/><INIT seed="0,0,0,3,0,59" ten="250,250,250,250" oya="0" hai0="91,25,88,11,31,0,52,85,54,64,124,117,119" hai1="22,3,109,34,115,62,55,125,81,111,83,61,131" hai2="134,27,46,8,44,76,63,19,89,103,130,5,65" hai3="53,18,101,86,2,107,122,32,37,93,73,71,102"/><T48/><D124/><U114/><E34/><V45/><F130/><W77/><G122/><T66/><D119/><U28/><E3/><V74/><F134/><W95/><G37/><T132/><D132/><U1/><E1/><V23/><F103/><W110/><G71/><T39/><D39/><U42/><E42/><V40/><F89/><W15/><G32/><T50/><D117/><U24/><E131/><V90/><F90/><W104/><G2/><T98/><D0/><U13/><E13/><V7/><F40/><W70/><G70/><T60/><D11/><U56/><E125/><V133/><F133/><W35/><G53/><T20/><D98/><U67/><E81/><V6/><F74/><W100/><G18/><T43/><D43/><U96/><E83/><V113/><F113/><N who="1" m="43017" /><E96/><V36/><F36/><W128/><G15/><T129/><D129/><U118/><E118/><V75/><F75/><W99/><G35/><T17/><D31/><U105/><E105/><N who="3" m="40522" /><G128/><T84/><D84/><U87/><E87/><V72/><F72/><W26/><G26/><T94/><D91/><U58/><AGARI ba="0,0" hai="22,24,28,55,56,58,61,62,67,109,111" m="43017" machi="58" ten="30,4000,0" yaku="11,1,52,2" doraHai="59" who="1" fromWho="1" sc="250,-20,250,40,250,-10,250,-10" /><INIT seed="1,0,0,3,4,12" ten="230,290,240,240" oya="1" hai0="21,88,64,50,29,135,69,53,52,9,92,116,62" hai1="131,95,30,91,104,101,46,106,34,121,31,8,123" hai2="14,90,125,130,24,110,118,44,48,20,99,120,128" hai3="112,33,36,134,124,49,103,74,82,42,39,25,22"/><U58/><E131/><V63/><F118/><W5/><G33/><T80/><D116/><U77/><E77/><V47/><F120/><W11/><G112/><T115/><D115/><U113/><E113/><V84/><F110/><W129/><G124/><T70/><D135/><U57/><E46/><V45/><F125/><W102/><G134/><T76/><D70/><U96/><E8/><V83/><F63/><W94/><G94/><T68/><D68/><U41/><E41/><V93/><F14/><W75/><G75/><T18/><D29/><U100/><E95/><V56/><F56/><W15/><G129/><T3/><D9/><U35/><E91/><V108/><F108/><W27/><G27/><T4/><D4/><U87/><E87/><V72/><F72/><W59/><G39/><T16/><D3/><U38/><REACH who="1" step="1"/><E96/><REACH who="1" ten="230,280,240,240" step="2"/><V26/><F128/><W60/><G11/><T133/><D133/><U2/><E2/><V17/><F130/><W23/><G42/><T109/><D109/><U43/><E43/><V85/><F85/><W98/><G98/><T97/><D21/><U73/><E73/><V119/><F119/><W61/><G74/><T28/><D76/><U117/><E117/><V81/><F81/><W126/><G82/><T111/><D80/><U86/><E86/><V10/><F10/><W37/><G126/><T79/><D79/><U19/><E19/><V122/><F122/><W127/><G127/><T65/><D111/><U13/><E13/><V7/><F83/><W132/><G15/><T55/><D97/><U71/><E71/><V40/><F99/><RYUUKYOKU ba="0,1" sc="230,-10,280,30,240,-10,240,-10" hai1="30,31,34,35,38,57,58,100,101,104,106,121,123" /><INIT seed="1,1,1,4,2,36" ten="220,310,230,230" oya="1" hai0="106,77,105,73,123,76,64,60,78,55,43,51,46" hai1="7,28,92,41,119,6,101,33,127,32,102,97,132" hai2="15,133,87,80,66,40,70,58,31,79,91,110,82" hai3="117,104,135,65,39,129,90,128,99,20,23,108,0"/><U1/><E119/><V85/><F110/><W16/><G108/><T19/><D73/><U10/><E132/><V49/><F133/><W22/><G135/><T30/><D123/><U88/><E127/><V112/><F112/><W9/><G117/><T93/><D30/><U131/><E131/><V62/><F31/><W3/><G65/><T17/><D93/><U14/><E6/><V118/><F118/><W100/><G39/><T4/><D4/><U89/><E89/><V38/><F38/><W98/><G90/><T122/><D122/><U12/><E41/><V2/><F2/><W109/><G99/><T116/><D55/><U113/><E113/><V27/><F27/><W34/><G34/><T57/><REACH who="0" step="1"/><D116/><REACH who="0" ten="210,310,230,230" step="2"/><U25/><E33/><V37/><F82/><W75/><G75/><T8/><D8/><U96/><REACH who="1" step="1"/><E102/><REACH who="1" ten="210,300,230,230" step="2"/><V72/><F80/><W107/><G100/><T52/><D52/><U86/><E86/><V13/><F87/><W5/><G109/><T114/><D114/><U24/><E24/><V29/><F85/><W59/><G128/><T48/><D48/><U50/><E50/><V63/><F49/><W74/><G129/><T68/><D68/><U84/><E84/><V18/><F70/><W56/><G74/><T54/><D54/><U53/><E53/><V47/><F72/><W95/><G5/><T69/><D69/><U11/><E11/><V126/><F37/><W120/><G9/><T71/><D71/><U44/><E44/><V124/><F47/><W21/><G120/><T42/><D42/><U103/><E103/><V35/><F40/><RYUUKYOKU ba="1,3" sc="210,15,300,15,230,-15,230,-15" hai0="17,19,43,46,51,57,60,64,76,77,78,105,106" hai1="1,7,10,12,14,25,28,32,88,92,96,97,101" /><INIT seed="1,2,3,0,5,78" ten="225,315,215,215" oya="1" hai0="62,10,103,116,111,53,46,91,37,114,131,41,48" hai1="65,4,56,73,96,44,81,21,59,16,107,133,125" hai2="66,14,109,60,33,132,2,129,42,115,90,86,106" hai3="9,77,0,31,52,47,92,122,39,99,26,45,80"/><U88/><E133/><V79/><F2/><W110/><G122/><T120/><D103/><U70/><E70/><V74/><F106/><W27/><G110/><T123/><D111/><U13/><E125/><V3/><F109/><W119/><G119/><T57/><D10/><U95/><E107/><V1/><F33/><W128/><G128/><T6/><D6/><U104/><E104/><V19/><F42/><W72/><G39/><T63/><D91/><U24/><E65/><V124/><F129/><W127/><G127/><T5/><D5/><U105/><E105/><V29/><F29/><W40/><G0/><T55/><D116/><U50/><E73/><V64/><F64/><W87/><G9/><T25/><D25/><U17/><E81/><V85/><F124/><W135/><G135/><T93/><D93/><U18/><E4/><V134/><F74/><W38/><G72/><T121/><D131/><U35/><E35/><V12/><F132/><W71/><G71/><T61/><D114/><U20/><E17/><V15/><F134/><W102/><G31/><T97/><D97/><U76/><E76/><V75/><F19/><W108/><REACH who="3" step="1"/><G108/><REACH who="3" ten="225,315,215,205" step="2"/><T58/><AGARI ba="2,4" hai="37,41,46,48,53,55,57,58,61,62,63,120,121,123" machi="58" ten="40,8000,1" yaku="0,1,13,1,34,3" doraHai="78" who="0" fromWho="0" sc="225,126,315,-42,215,-22,205,-22" /><INIT seed="2,0,0,1,2,102" ten="351,273,193,183" oya="2" hai0="85,109,65,44,2,10,26,23,134,111,35,114,130" hai1="124,100,27,48,16,14,39,55,87,108,80,36,60" hai2="70,15,21,77,117,96,113,81,72,83,51,133,75" hai3="101,13,88,47,54,119,6,8,43,131,61,91,123"/><V104/><F113/><W41/><G119/><T128/><D65/><U59/><E108/><N who="0" m="41545" /><D44/><U90/><E124/><V126/><F117/><W127/><G131/><N who="0" m="50219" /><D85/><U125/><E125/><V42/><F126/><W95/><G127/><T28/><D114/><U84/><E27/><V24/><F133/><W97/><G123/><T132/><D23/><U78/><E100/><V120/><F120/><W1/><G1/><T76/><D76/><U53/><E87/><V118/><F118/><W9/><G9/><T69/><D69/><U50/><E78/><V135/><F135/><W71/><G71/><T110/><D110/><U19/><E60/><V112/><F112/><W22/><G22/><T45/><D45/><U33/><E84/><V18/><F70/><W5/><G47/><T121/><D121/><U74/><E59/><V67/><F67/><W49/><G43/><T63/><D63/><U73/><E55/><V7/><F42/><W11/><G41/><T107/><D107/><U116/><E53/><V106/><F51/><W37/><G61/><T31/><D31/><U86/><E50/><V0/><F0/><W62/><G62/><T46/><D46/><U64/><E48/><V56/><F56/><N who="3" m="32847" /><G37/><T82/><D82/><U4/><E64/><V89/><F75/><W105/><G105/><T34/><D34/><U66/><E66/><V32/><F32/><W52/><G52/><T30/><D30/><U115/><E33/><V99/><F81/><W3/><G11/><T68/><D68/><U12/><E115/><V25/><F104/><W94/><G94/><T58/><D58/><RYUUKYOKU ba="0,0" sc="351,15,273,-15,193,-15,183,15" hai0="2,10,26,28,35,132,134" hai3="3,5,6,8,13,88,91,95,97,101" /><INIT seed="3,1,0,4,5,15" ten="366,258,178,198" oya="3" hai0="0,9,31,34,135,55,45,115,46,32,98,132,122" hai1="17,99,77,41,79,65,133,40,107,21,37,61,38" hai2="80,78,104,74,131,72,116,92,112,10,121,83,88" hai3="67,94,111,22,73,18,20,81,44,2,126,48,123"/><W11/><G123/><T113/><D122/><U68/><E133/><N who="0" m="51273" /><D55/><U30/><E30/><V93/><F121/><W91/><G126/><T6/><D46/><U124/><E124/><V96/><F10/><W16/><G67/><T47/><D47/><U128/><E128/><V63/><F63/><W4/><G111/><T60/><D60/><U7/><E7/><V127/><F127/><W14/><G73/><N who="2" m="28265" /><F112/><N who="0" m="43082" /><D45/><U64/><E64/><V25/><F25/><W110/><G81/><T57/><D57/><U27/><E41/><V8/><F8/><W109/><G109/><T62/><D62/><U95/><E107/><V50/><F50/><W19/><G2/><T114/><D114/><U82/><E82/><V29/><F29/><W3/><G3/><T56/><D56/><U108/><E108/><V1/><F1/><W33/><G33/><N who="0" m="12907" /><D98/><U52/><E52/><V43/><F43/><N who="3" m="24607" /><G110/><T51/><D51/><U86/><E40/><V97/><F116/><W85/><AGARI ba="1,0" hai="4,11,14,16,18,19,20,22,85,91,94" m="24607" machi="85" ten="30,12000,1" yaku="8,1,52,3,54,1" doraHai="15" who="3" fromWho="3" sc="366,-41,258,-41,178,-41,198,123" /><INIT seed="3,2,0,1,5,94" ten="325,217,137,321" oya="3" hai0="35,83,13,55,71,72,100,14,0,22,12,6,17" hai1="2,64,122,95,43,34,38,37,9,30,59,133,27" hai2="46,18,119,127,128,134,131,84,107,42,3,118,47" hai3="105,54,70,92,78,41,32,52,31,110,33,5,68"/><W129/><G105/><T101/><D71/><U15/><E122/><V56/><F3/><W104/><G104/><T80/><D35/><U60/><E133/><V7/><F7/><W115/><G115/><T66/><D0/><U85/><E2/><V20/><F84/><W25/><G5/><T98/><D66/><U121/><E43/><V29/><F29/><W120/><G120/><T67/><D67/><U51/><E51/><N who="2" m="27095" /><F107/><W90/><G129/><N who="2" m="49737" /><F20/><W8/><G8/><T111/><D111/><U24/><E121/><V79/><F79/><W57/><G54/><T19/><D72/><U117/><E117/><N who="2" m="44555" /><F18/><W126/><G33/><T21/><D55/><U65/><E27/><V88/><F88/><W108/><G78/><T112/><D112/><U63/><E85/><V58/><F134/><W123/><G41/><T1/><D1/><U73/><E95/><V39/><F127/><W4/><G126/><T77/><D77/><U16/><REACH who="1" step="1"/><E73/><REACH who="1" ten="325,207,137,321" step="2"/><V97/><F97/><N who="3" m="57495" /><G123/><T91/><D13/><U49/><E49/><V116/><F116/><W93/><G93/><T132/><D132/><U106/><E106/><V75/><F75/><W102/><G110/><T48/><D48/><U124/><E124/><V28/><F28/><W36/><G108/><T135/><D135/><U89/><E89/><V82/><F82/><W81/><G81/><T53/><D91/><U40/><E40/><AGARI ba="2,1" hai="39,40,47,56,58" m="44555,49737,27095" machi="40" ten="30,3900,0" yaku="19,1,34,2" doraHai="94" who="2" fromWho="1" sc="325,0,207,-45,137,55,321,0" /><INIT seed="4,0,0,1,1,132" ten="325,162,192,321" oya="0" hai0="88,130,101,105,0,102,62,59,107,118,123,113,120" hai1="92,28,135,58,78,22,1,44,49,134,8,109,42" hai2="77,6,82,133,91,16,56,61,122,24,25,36,10" hai3="63,129,48,117,47,80,17,2,41,111,3,18,95"/><T34/><D34/><U126/><E109/><V14/><F122/><W93/><G111/><T79/><D0/><U57/><E78/><V76/><F133/><N who="1" m="50697" /><E92/><V35/><F36/><W99/><G117/><T60/><D79/><U75/><E75/><V7/><F91/><W112/><G112/><T87/><D113/><U96/><E96/><V70/><F70/><W53/><G129/><T21/><D130/><U52/><E42/><V116/><F116/><W110/><G110/><T38/><D118/><U9/><E1/><V64/><F77/><W114/><G3/><T50/><D38/><U83/><E83/><V11/><F35/><W27/><G2/><T67/><D50/><U81/><E81/><V66/><F66/><W100/><G80/><T98/><D62/><U51/><E58/><V108/><F108/><W31/><G95/><T121/><D21/><U32/><E32/><V127/><F127/><W86/><G86/><T131/><D131/><U94/><E94/><V73/><REACH who="2" step="1"/><F11/><REACH who="2" ten="325,162,182,321" step="2"/><W12/><G114/><T20/><D120/><U106/><E126/><V46/><F46/><W89/><G89/><T29/><D88/><U104/><E8/><V13/><F13/><W26/><G12/><T72/><D121/><U40/><E9/><V115/><F115/><W125/><G125/><T90/><D123/><U74/><E74/><V55/><F55/><W69/><G69/><T103/><D72/><U15/><E15/><V19/><F19/><W37/><G37/><T23/><D90/><U5/><E5/><AGARI ba="0,1" hai="5,6,7,10,14,16,24,25,56,61,64,73,76,82" machi="5" ten="40,2600,0" yaku="1,1,54,1,53,0" doraHai="132" doraHaiUra="124" who="2" fromWho="1" sc="325,0,162,-26,182,36,321,0" /><INIT seed="5,0,0,3,3,69" ten="325,136,218,321" oya="1" hai0="52,35,6,105,128,23,116,17,78,110,40,81,87" hai1="75,57,31,74,125,29,117,126,30,22,33,77,38" hai2="122,68,15,84,32,65,79,44,12,92,4,54,43" hai3="95,9,131,48,13,56,111,99,0,63,26,90,130"/><U39/><E117/><V1/><F122/><W62/><G111/><T98/><D110/><U85/><E33/><V115/><F32/><W7/><G0/><T134/><D35/><U41/><E22/><V108/><F108/><W119/><G119/><T28/><D116/><U123/><E123/><V64/><F54/><N who="3" m="31815" /><G26/><T21/><D128/><AGARI ba="0,0" hai="7,9,13,62,63,90,95,99,128,130,131" m="31815" machi="128" ten="30,1000,0" yaku="19,1" doraHai="69" who="3" fromWho="0" sc="325,-10,136,0,218,0,321,10" /><INIT seed="6,0,0,5,5,39" ten="315,136,218,331" oya="2" hai0="72,42,41,123,94,51,29,98,65,75,74,69,79" hai1="108,107,111,73,12,96,86,113,82,115,37,81,97" hai2="1,106,38,20,56,78,91,18,46,126,23,127,8" hai3="17,71,121,21,128,40,118,134,55,58,64,132,0"/><V129/><F129/><W14/><G121/><T125/><D123/><U33/><E37/><V90/><F106/><W95/><G118/><T48/><D79/><N who="1" m="44271" /><E12/><V19/><F78/><W124/><G124/><N who="2" m="47657" /><F56/><W5/><G128/><T110/><D110/><N who="1" m="42027" /><E33/><V68/><F68/><W34/><G95/><T61/><D29/><U53/><E53/><V70/><F70/><W84/><G84/><T4/><D4/><U119/><E119/><V88/><F1/><W24/><G40/><T32/><D32/><U130/><E130/><V116/><F116/><W26/><G64/><T57/><D125/><U67/><E67/><V77/><F77/><W10/><G24/><T100/><REACH who="0" step="1"/><D69/><REACH who="0" ten="305,136,218,331" step="2"/><U25/><E115/><V45/><F19/><W120/><G71/><T105/><D105/><U27/><E107/><V13/><F46/><W11/><G120/><T76/><D76/><U109/><E113/><V89/><N who="2" m="22528" /><DORA hai="3" /><V104/><F104/><W60/><REACH who="3" step="1"/><G34/><REACH who="3" ten="305,136,218,321" step="2"/><T63/><D63/><U85/><E109/><V131/><F131/><W36/><G36/><T2/><D2/><U49/><E85/><V102/><F38/><W44/><G44/><T22/><D22/><U66/><E86/><V103/><F45/><W99/><G99/><T35/><D35/><U16/><E97/><V83/><F83/><W133/><G133/><T62/><D62/><U9/><E96/><V54/><F23/><W93/><G93/><T47/><D47/><U112/><E82/><V122/><F122/><W43/><G43/><AGARI ba="0,2" hai="41,42,43,48,51,57,61,65,72,74,75,94,98,100" machi="43" ten="40,8000,1" yaku="1,1,52,3,53,0" doraHai="39,3" doraHaiUra="135,31" who="0" fromWho="3" sc="305,100,136,0,218,0,321,-80" /><INIT seed="7,0,0,5,1,10" ten="405,136,218,241" oya="3" hai0="78,28,74,68,20,62,89,8,94,46,106,80,42" hai1="79,49,81,130,109,83,33,11,76,18,59,116,99" hai2="29,12,127,97,3,50,36,117,91,37,48,120,131" hai3="118,40,53,129,93,5,134,75,67,23,119,90,2"/><W132/><G75/><T14/><D106/><U4/><E33/><V44/><F117/><W92/><G67/><T77/><D77/><U54/><E109/><V115/><F3/><W101/><G40/><T98/><D28/><U57/><E130/><V70/><F131/><W58/><G129/><T128/><D20/><U0/><E116/><V107/><F70/><W66/><G66/><T95/><D128/><U64/><E18/><V24/><F127/><W133/><G5/><T1/><D1/><U73/><E99/><V39/><F115/><W26/><G101/><T104/><D62/><U102/><E102/><V84/><F120/><W38/><G93/><T47/><D47/><U13/><E64/><V112/><F112/><W43/><G43/><T72/><D68/><U121/><E121/><V32/><F107/><W7/><G2/><T25/><D25/><U122/><E122/><V123/><F123/><W85/><G38/><T63/><D63/><U60/><E60/><V103/><F44/><W27/><G27/><T126/><D126/><U56/><REACH who="1" step="1"/><E0/><REACH who="1" ten="405,126,218,241" step="2"/><V22/><F103/><W51/><G7/><T110/><D98/><U108/><E108/><V41/><F97/><W55/><G119/><T71/><D110/><U52/><E52/><V21/><F41/><W113/><G118/><T96/><D42/><U135/><E135/><V124/><F124/><W87/><G113/><T31/><D96/><U82/><E82/><N who="2" m="49559" /><F32/><W35/><G35/><T34/><D80/><U86/><AGARI ba="0,1" hai="4,11,13,49,54,56,57,59,73,76,79,81,83,86" machi="86" ten="20,8000,1" yaku="1,1,0,1,7,1,52,1,53,1" doraHai="10" doraHaiUra="6" who="1" fromWho="1" sc="405,-20,126,90,218,-20,241,-40" owari="385,48.5,216,1.6,198,-30.2,201,-19.9" /></mjloggm>