<mjloggm ver="2.3"><GO type="169" lobby="0"/><UN n0="%E3%81%97%E3%82%83%E3%82%93%E3%81%8A%E3%81%98" n1="%E3%81%8C%E3%81%81%E3%81%A1%E3%82%85%E3%82%93" n2="%E3%81%95%E3%82%88%E3%81%AA%E3%82%89%E3%83%9A%E3%81%BA%E3%83%9A" n3="%E4%BA%8C%E9%B3%A5%E4%BF%AE%E4%B8%80" dan="16,16,16,16" rate="2201.75,2071.03,2127.49,2154.10" sx="F,M,F,M"/><TAIKYOKU oya="0"/><INIT seed="0,0,0,5,2,69" ten="250,250,250,250" oya="0" hai0="67,44,134,128,101,86,54,63,102,110,82,73,65" hai1="19,92,60,64,74,89,99,8,85,26,5,103,7" hai2="23,52,40,113,125,53,68,62,32,96,91,79,70" hai3="14,106,135,13,20,15,124,35,112,114,22,10,25"/><T61/><D73/><U129/><E129/><V27/><F113/><N who="3" m="43627" /><G106/><T78/><D134/><U121/><E121/><V1/><F1/><W16/><G124/><T109/><D128/><U56/><E74/><V95/><F32/><W105/><G105/><T31/><D31/><U47/><E47/><V57/><F125/><W29/><G135/><T72/><D72/><U97/><E97/><V39/><F79/><W83/><G83/><T115/><D115/><U6/><E26/><V133/><F133/><W49/><G49/><N who="0" m="28967" /><D61/><U98/><E103/><N who="0" m="39433" /><D63/><U4/><REACH who="1" step="1"/><E19/><REACH who="1" ten="250,240,250,250" step="2"/><N who="2" m="12799" /><F53/><W75/><G75/><T108/><AGARI ba="0,1" hai="65,67,78,82,86,108,109,110" m="39433,28967" machi="108" ten="40,3900,0" yaku="14,1,10,1" doraHai="69" who="0" fromWho="0" sc="250,49,240,-13,250,-13,250,-13" /><INIT seed="0,1,0,0,5,20" ten="299,227,237,237" oya="0" hai0="60,12,35,10,1,129,109,121,104,91,57,79,111" hai1="4,101,28,128,82,2,9,135,7,18,124,98,6" hai2="102,112,26,36,32,44,56,92,19,21,81,77,134" hai3="96,131,50,78,25,69,22,113,33,106,47,61,86"/><T83/><D121/><U45/><E124/><V55/><F112/><W68/><G113/><T125/><D35/><U74/><E128/><V115/><F115/><W27/><G131/><T127/><D1/><U53/><E135/><V30/><F134/><W0/><G0/><T116/><D104/><U31/><E2/><V99/><F44/><W85/><G106/><T67/><D91/><U88/><E74/><V46/><F46/><W49/><G96/><T64/><D116/><U17/><E101/><V70/><F36/><W42/><G50/><T103/><D103/><U24/><E9/><V84/><F70/><W87/><G78/><T3/><D67/><U63/><E17/><V48/><F32/><W11/><G11/><T126/><D3/><U14/><E14/><V108/><F108/><N who="0" m="41546" /><D129/><U80/><E80/><V118/><F118/><W37/><G37/><T100/><D100/><U39/><E39/><V90/><REACH who="2" step="1"/><F30/><REACH who="2" ten="299,227,227,237" step="2"/><W59/><G33/><T40/><D40/><U130/><E130/><V65/><F65/><W66/><REACH who="3" step="1"/><G27/><REACH who="3" ten="299,227,227,227" step="2"/><T119/><D119/><U123/><E24/><V62/><F62/><W16/><AGARI ba="1,2" hai="16,22,25,42,47,49,59,61,66,68,69,85,86,87" machi="16" ten="30,8000,1" yaku="1,1,2,1,0,1,52,1,54,1,53,0" doraHai="20" doraHaiUra="97" who="3" fromWho="3" sc="299,-41,227,-21,227,-21,227,103" /><INIT seed="1,0,0,4,4,15" ten="258,206,206,330" oya="1" hai0="99,84,111,59,72,7,76,24,78,107,122,69,112" hai1="67,125,90,52,117,23,68,121,12,89,134,123,75" hai2="82,6,105,100,31,114,80,133,22,58,91,119,3" hai3="96,25,55,48,101,36,17,129,83,88,131,70,86"/><U46/><E75/><V19/><F119/><W135/><G36/><T71/><D72/><U66/><E117/><V51/><F133/><W53/><G70/><T41/><D112/><U28/><E125/><V110/><F110/><W115/><G115/><T109/><D7/><U93/><E134/><V34/><F114/><W32/><G135/><T29/><D122/><U126/><E126/><V11/><F100/><W0/><G0/><T61/><D41/><U47/><E68/><V43/><F105/><W64/><G64/><T128/><D128/><N who="3" m="49225" /><G48/><T102/><D69/><U35/><E35/><V73/><F73/><W124/><G124/><T1/><D1/><U16/><E28/><V45/><F91/><W132/><G132/><T94/><D107/><U120/><E89/><V49/><F49/><W62/><G62/><T81/><D76/><U79/><E79/><V116/><F116/><W98/><G32/><T104/><D104/><U127/><E127/><V33/><F58/><W21/><G98/><T14/><D14/><U54/><E66/><V97/><F97/><W26/><G25/><T44/><D44/><U74/><E67/><V113/><F113/><W37/><G37/><T4/><D71/><U92/><E74/><V38/><F38/><W87/><G86/><T9/><D61/><U40/><E47/><V27/><F34/><W18/><G18/><T118/><D118/><U20/><E46/><V10/><F10/><W60/><G60/><T13/><D59/><U130/><E130/><V5/><F5/><W85/><G85/><T106/><D106/><AGARI ba="0,0" hai="17,21,26,53,55,83,87,88,96,101,106" m="49225" machi="106" ten="30,3900,0" yaku="19,1,52,1,54,1" doraHai="15" who="3" fromWho="0" sc="258,-39,206,0,206,0,330,39" /><INIT seed="2,0,0,5,4,122" ten="219,206,206,369" oya="2" hai0="104,98,14,135,103,24,116,106,64,31,36,6,35" hai1="16,93,109,100,39,101,84,10,132,29,65,49,77" hai2="67,91,107,44,12,4,21,129,95,0,66,1,94" hai3="81,58,76,18,15,62,70,124,61,3,30,60,74"/><V25/><F107/><W118/><G118/><T115/><D115/><U42/><E39/><V79/><F129/><W27/><G3/><T63/><D135/><U50/><E132/><V23/><F79/><W33/><G70/><T47/><D116/><U99/><E101/><V80/><F44/><W133/><G133/><T13/><D104/><U113/><E113/><V69/><F1/><W5/><G5/><T59/><REACH who="0" step="1"/><D6/><REACH who="0" ten="209,206,206,369" step="2"/><U128/><E128/><V112/><F112/><W32/><G124/><T82/><D82/><U120/><E120/><V68/><F80/><W126/><G126/><T127/><D127/><U26/><E42/><AGARI ba="0,1" hai="13,14,24,31,35,36,42,47,59,63,64,98,103,106" machi="42" ten="40,2600,0" yaku="1,1,53,1" doraHai="122" doraHaiUra="102" who="0" fromWho="1" sc="209,36,206,-26,206,0,369,0" /><INIT seed="3,0,0,2,2,83" ten="245,180,206,369" oya="3" hai0="125,46,27,73,134,133,13,40,33,34,50,11,3" hai1="43,118,124,5,75,54,114,76,126,32,115,30,119" hai2="94,121,25,112,29,66,49,86,131,97,68,129,74" hai3="104,81,77,20,60,93,19,64,63,132,0,45,24"/><W106/><G132/><N who="0" m="50795" /><D73/><U72/><E43/><V98/><F74/><N who="1" m="28201" /><E5/><V80/><F112/><N who="1" m="43049" /><E54/><V41/><F121/><W105/><G0/><T128/><D125/><N who="1" m="48235" /><E76/><V88/><F66/><W110/><G45/><T87/><D3/><U53/><E53/><V96/><F68/><W109/><G63/><T59/><D27/><AGARI ba="0,0" hai="27,30,32,118,119" m="48235,43049,28201" machi="27" ten="40,2600,0" yaku="18,1,23,1" doraHai="83" who="1" fromWho="0" sc="245,-26,180,26,206,0,369,0" /><INIT seed="4,0,0,2,4,3" ten="219,206,206,369" oya="0" hai0="134,6,89,58,35,65,45,59,127,51,78,64,90" hai1="133,43,128,77,63,13,72,1,62,48,11,39,10" hai2="38,101,69,84,49,79,60,5,29,104,55,37,76" hai3="87,71,26,119,122,129,25,103,21,67,73,75,113"/><T131/><D35/><U0/><E128/><V66/><F29/><W111/><G111/><T27/><D131/><U14/><E39/><V112/><F112/><W109/><G109/><T116/><D116/><U74/><E133/><V126/><F126/><W81/><G129/><T34/><D134/><U24/><E24/><V82/><F79/><W68/><G113/><T9/><D78/><U135/><E135/><V32/><F32/><W130/><G130/><T114/><D114/><U85/><E77/><V70/><F70/><W16/><G119/><T4/><D127/><U18/><E85/><V20/><F20/><W57/><G103/><T46/><D27/><U105/><E48/><V107/><F5/><N who="0" m="2154" /><D9/><U12/><E105/><V80/><F80/><W102/><G122/><T117/><D34/><U61/><E43/><V2/><F2/><N who="1" m="1129" /><E18/><V30/><F30/><W83/><G26/><T28/><D28/><U44/><E44/><N who="0" m="17001" /><D117/><U93/><E93/><V50/><F38/><W97/><G68/><T100/><D100/><U94/><E94/><V125/><F37/><W98/><G71/><T40/><D40/><U108/><E108/><V95/><F125/><W15/><G25/><T31/><D31/><U19/><E19/><V53/><F104/><W7/><G7/><T17/><D17/><U8/><AGARI ba="0,0" hai="8,10,11,12,13,14,61,62,63,72,74" m="1129" machi="8" ten="40,8000,1" yaku="29,2,28,2" doraHai="3" who="1" fromWho="1" sc="219,-40,206,80,206,-20,369,-20" /><INIT seed="5,0,0,5,5,89" ten="179,286,186,349" oya="1" hai0="8,39,46,107,100,53,3,114,45,57,66,94,74" hai1="79,110,119,72,125,116,44,47,38,30,60,135,112" hai2="69,29,102,25,41,73,21,11,0,4,131,109,10" hai3="95,121,59,81,7,54,115,67,32,24,118,22,2"/><U129/><E30/><V96/><F69/><W98/><G121/><T122/><D74/><U52/><E79/><V64/><F73/><W28/><G115/><T51/><D107/><U76/><E76/><V13/><F64/><W65/><G118/><N who="1" m="45098" /><E72/><V68/><F68/><W132/><G132/><T90/><D114/><U15/><E15/><V128/><F41/><W49/><G81/><T6/><D100/><U50/><E112/><V99/><F109/><W113/><G113/><T106/><D106/><U16/><E16/><N who="2" m="8247" /><F102/><W42/><G42/><T108/><D108/><U62/><E110/><V37/><F37/><W130/><G130/><AGARI ba="0,0" hai="0,4,11,21,25,29,96,99,128,130,131" m="8247" machi="130" ten="30,2000,0" yaku="19,1,54,1" doraHai="89" who="2" fromWho="3" sc="179,0,286,0,186,20,349,-20" /><INIT seed="6,0,0,4,0,115" ten="179,286,206,329" oya="2" hai0="8,102,86,15,106,97,132,68,25,130,19,110,113" hai1="1,4,44,70,111,34,134,3,125,83,82,0,57" hai2="7,127,87,46,65,11,101,108,67,124,12,117,128" hai3="121,122,75,38,23,59,77,45,94,53,47,98,119"/><V62/><F117/><W5/><G119/><T2/><D110/><U51/><E70/><V64/><F108/><W49/><G5/><T73/><D73/><U72/><E111/><V63/><F128/><W92/><G92/><T26/><D130/><U84/><E34/><V39/><F101/><W56/><G56/><T10/><D113/><U91/><E125/><N who="2" m="48203" /><F87/><W69/><G69/><T105/><D68/><U100/><E100/><V96/><F96/><W48/><G38/><T60/><D132/><U79/><E134/><V28/><F28/><W21/><G77/><T42/><D106/><U41/><REACH who="1" step="1"/><E57/><REACH who="1" ten="179,276,206,329" step="2"/><V81/><F81/><W107/><G59/><T13/><D102/><U54/><E54/><V6/><F6/><AGARI ba="0,1" hai="0,1,3,4,6,41,44,51,72,79,82,83,84,91" machi="6" ten="40,8000,1" yaku="1,1,53,3" doraHai="115" doraHaiUra="33" who="1" fromWho="2" sc="179,0,276,90,206,-80,329,0" /><INIT seed="7,0,0,3,4,51" ten="179,366,126,329" oya="3" hai0="21,22,53,9,88,29,84,98,117,118,99,83,6" hai1="8,70,25,114,89,4,78,42,26,94,132,58,125" hai2="131,134,110,56,46,16,85,61,31,109,128,66,93" hai3="19,24,124,87,20,74,30,32,28,62,7,63,5"/><W106/><G74/><T71/><D71/><U103/><E70/><V18/><F31/><W129/><G106/><T14/><D118/><U111/><E111/><V122/><F122/><W81/><G124/><T36/><D36/><U133/><E103/><V73/><F73/><W120/><G120/><T37/><D37/><U13/><E42/><V17/><F134/><W90/><G129/><N who="2" m="49737" /><F85/><W135/><G135/><T82/><D117/><U121/><E121/><V79/><F79/><W64/><G62/><T52/><D83/><U11/><E78/><V91/><F91/><W130/><G130/><T75/><D75/><U10/><E125/><V119/><F93/><W112/><G112/><T69/><D69/><U77/><E114/><V86/><F86/><W101/><G101/><T65/><D65/><U115/><E115/><V33/><F33/><W3/><G3/><T67/><D67/><U96/><E77/><V60/><F119/><W47/><G47/><T44/><D44/><U12/><E132/><V54/><F46/><W126/><G126/><T35/><D35/><U97/><E97/><N who="0" m="36873" /><D22/><U34/><E34/><V55/><F61/><W100/><G100/><T102/><D102/><U95/><E133/><V43/><F43/><W107/><G107/><T38/><D38/><U1/><E1/><V113/><F113/><W39/><G39/><T104/><D104/><U80/><E8/><V0/><F0/><W68/><REACH who="3" step="1"/><G30/><REACH who="3" ten="179,366,126,319" step="2"/><T2/><D2/><U27/><E4/><V41/><F41/><W50/><G50/><T108/><D108/><AGARI ba="0,1" hai="16,17,18,54,55,56,60,66,108,109,110" m="49737" machi="108" ten="40,8000,1" yaku="19,1,52,2,54,1" doraHai="51" who="2" fromWho="0" sc="179,-80,366,0,126,90,319,0" owari="99,-40.1,366,46.6,216,-18.4,319,11.9" /></mjloggm>