<mjloggm ver="2.3"><GO type="169" lobby="0"/><UN n0="%E6%9A%97%E9%BB%92%E7%96%BE%E9%A2%A8%E9%BE%8D%E7%8E%8B%E4%B8%B8" n1="%6B%75%73%6F%E6%AD%A3%E5%AE%97" n2="%68%7A%63" n3="%48%4F%4D%4F%E5%A5%B3" dan="16,16,18,16" rate="2038.89,2092.39,2177.55,2105.95" sx="M,M,F,M"/><TAIKYOKU oya="0"/><INIT seed="0,0,0,1,4,98" ten="250,250,250,250" oya="0" hai0="119,128,67,1,97,135,17,72,23,69,94,48,50" hai1="100,14,13,125,64,46,116,28,56,20,122,42,29" hai2="34,77,76,96,41,7,66,108,11,32,39,0,3" hai3="4,79,30,129,103,127,105,84,44,115,54,27,80"/><T68/><D119/><U6/><E116/><V107/><F108/><W26/><G115/><T126/><D135/><U65/><E122/><V121/><F121/><W31/><G127/><T43/><D126/><U53/><E125/><V120/><F120/><W37/><G4/><T113/><D113/><U47/><E42/><V75/><F66/><W8/><G8/><T117/><D117/><U25/><E28/><V124/><F0/><W86/><G129/><T36/><D72/><U92/><E64/><V38/><F77/><W61/><G84/><T74/><D74/><U82/><E82/><N who="2" m="45343" /><F124/><W89/><G79/><T99/><D1/><U73/><E73/><V12/><F12/><N who="1" m="4713" /><E6/><V10/><F10/><W59/><G37/><N who="2" m="13833" /><F41/><W9/><G9/><T87/><D67/><U60/><E53/><V21/><F21/><W106/><G44/><T83/><D36/><U123/><E123/><V16/><F16/><W18/><G18/><T95/><D43/><U109/><E109/><V71/><F71/><W130/><G130/><T2/><D2/><U22/><E20/><V110/><F110/><W131/><G131/><T63/><D128/><U93/><E93/><N who="0" m="35337" /><D69/><U85/><E85/><V57/><F57/><W102/><G105/><T78/><D68/><U35/><E35/><V81/><F81/><W88/><G106/><T118/><D118/><U114/><E114/><V70/><F70/><W134/><G30/><T33/><D33/><U40/><E40/><V15/><F15/><W19/><G31/><T112/><D112/><U62/><E62/><V24/><F24/><W101/><G27/><RYUUKYOKU ba="0,0" sc="250,-15,250,15,250,15,250,-15" hai1="22,25,29,46,47,56,60,65,92,100" hai2="3,7,11,32,34,96,107" /><INIT seed="1,1,0,5,3,65" ten="235,265,265,235" oya="1" hai0="101,104,24,80,110,77,61,12,72,16,122,106,13" hai1="57,19,51,86,75,3,53,131,93,42,45,49,97" hai2="78,64,23,32,21,103,98,58,74,134,117,29,30" hai3="40,27,81,11,120,69,0,4,18,89,92,102,125"/><U34/><E75/><V82/><F134/><W128/><G120/><T14/><D110/><U111/><E111/><V71/><F58/><W59/><G125/><T85/><D122/><U6/><E131/><V100/><F100/><W130/><G40/><T121/><D121/><U46/><E34/><V119/><F21/><W38/><G38/><T7/><D72/><U55/><E3/><V20/><F20/><W96/><G59/><T60/><D7/><U1/><E1/><V37/><F23/><W87/><G27/><T39/><D39/><U67/><E6/><V2/><F2/><W112/><G18/><T129/><D129/><N who="3" m="49769" /><G112/><T90/><D24/><U79/><E19/><V56/><F56/><W28/><G28/><T115/><D16/><U63/><E86/><V76/><F37/><W127/><G127/><T25/><D25/><U83/><E83/><V43/><F29/><W94/><G69/><T33/><D115/><U99/><E79/><V31/><F78/><W36/><G36/><T44/><D33/><U54/><REACH who="1" step="1"/><E99/><REACH who="1" ten="235,255,265,235" step="2"/><V95/><F32/><W26/><G26/><T50/><D77/><U8/><E8/><V70/><F31/><W133/><G133/><T15/><D15/><U135/><E135/><V109/><F30/><W66/><G81/><T132/><D132/><U68/><E68/><V9/><F9/><W17/><G17/><T113/><D113/><U84/><E84/><V48/><F109/><W108/><G108/><T5/><D5/><U126/><E126/><V10/><F10/><W62/><G11/><T107/><D80/><U41/><E41/><RYUUKYOKU ba="1,1" sc="235,-10,255,30,265,-10,235,-10" hai1="42,45,46,49,51,53,54,55,57,63,67,93,97" /><INIT seed="1,2,1,2,5,39" ten="225,285,255,225" oya="1" hai0="36,56,65,46,122,95,63,83,126,61,104,55,57" hai1="50,100,82,93,92,58,71,96,114,31,0,109,35" hai2="99,10,89,94,75,85,47,15,129,77,33,38,37" hai3="25,113,13,2,73,133,88,52,70,48,123,59,110"/><U20/><E71/><V17/><F129/><W134/><G123/><T68/><D104/><U80/><E114/><V120/><F120/><W90/><G113/><T79/><D122/><U62/><E0/><V5/><F33/><W7/><G73/><T111/><D111/><U76/><E35/><V29/><F29/><W81/><G70/><T30/><D30/><U102/><E50/><V67/><F67/><W64/><G110/><T26/><D26/><N who="1" m="16839" /><E109/><V98/><F5/><W19/><G64/><T74/><D126/><U69/><E69/><V87/><F75/><W60/><G2/><T130/><D130/><U116/><E116/><V44/><F38/><W118/><G118/><T135/><D135/><N who="3" m="51721" /><G81/><N who="1" m="31338" /><E76/><V107/><F77/><W97/><G97/><T127/><D127/><U131/><E131/><V49/><F37/><W21/><G48/><T115/><D115/><U12/><E12/><V84/><F49/><W4/><G13/><T78/><D78/><U117/><E117/><V23/><F99/><W1/><G1/><T9/><D68/><U18/><E18/><N who="2" m="8567" /><F107/><W11/><G11/><T45/><D36/><U125/><E125/><V40/><F23/><W132/><N who="3" m="51729" /><W27/><DORA hai="103" /><G27/><T121/><D121/><U51/><E51/><N who="2" m="27015" /><F17/><W43/><G43/><T16/><D16/><U34/><E34/><V106/><F106/><W3/><G3/><T128/><D128/><U105/><E102/><V91/><F47/><N who="0" m="17930" /><D9/><U86/><E86/><V22/><F22/><W66/><G66/><T119/><D119/><U14/><E14/><V112/><F112/><W24/><G24/><RYUUKYOKU ba="2,1" sc="225,0,285,0,255,0,225,0" hai0="55,56,57,61,63,65,74,79,83,95" hai1="58,62,92,93,96,100,105" hai2="84,85,87,89,91,94,98" hai3="4,7,19,21,25,52,59,60,88,90" /><INIT seed="1,3,1,1,0,109" ten="225,285,255,225" oya="1" hai0="74,55,65,21,13,77,47,61,25,110,72,49,84" hai1="9,89,103,79,133,29,75,2,40,45,51,60,70" hai2="6,132,85,104,39,3,8,48,17,15,56,107,68" hai3="52,14,86,24,97,18,91,119,128,27,54,62,131"/><U80/><E133/><V41/><F68/><W124/><G97/><T37/><D110/><U58/><E70/><V118/><F118/><W73/><G73/><T117/><D117/><U42/><E103/><V5/><F132/><W19/><G124/><T121/><D121/><U71/><E71/><V135/><F135/><W90/><G62/><T100/><D100/><U16/><E29/><V101/><F6/><W92/><G119/><T98/><D98/><U113/><E113/><V88/><F39/><W114/><G114/><T82/><D13/><U81/><E42/><V63/><F101/><W76/><G76/><T122/><D37/><U38/><E51/><V108/><F108/><W125/><G125/><T116/><D122/><U66/><E80/><V102/><F102/><W23/><G128/><T130/><D130/><U7/><E89/><V31/><F31/><W33/><G33/><T134/><D134/><U35/><E16/><V28/><F28/><W93/><G131/><T120/><D120/><U105/><REACH who="1" step="1"/><E35/><REACH who="1" ten="225,275,255,225" step="2"/><V20/><F48/><W64/><G64/><T83/><D83/><U1/><E1/><V46/><F41/><W123/><G123/><T12/><D116/><U11/><E11/><V129/><F129/><W111/><G111/><T0/><D0/><U10/><E10/><V126/><F126/><W57/><G57/><N who="0" m="37039" /><D12/><U59/><E59/><V34/><F34/><W53/><G19/><T87/><D74/><U26/><E26/><V127/><F127/><W50/><G50/><T78/><D78/><U67/><E67/><N who="2" m="39399" /><F46/><W69/><G69/><T94/><D94/><AGARI ba="3,2" hai="3,5,8,15,17,20,85,88,94,104,107" m="39399" machi="94" ten="30,2000,0" yaku="6,1,54,1" doraHai="109" who="2" fromWho="0" sc="225,-29,275,0,255,49,225,0" /><INIT seed="2,0,0,1,4,43" ten="196,275,304,225" oya="2" hai0="127,84,20,60,109,78,104,119,126,37,2,7,62" hai1="40,57,12,112,34,129,116,44,26,86,45,70,27" hai2="39,94,31,66,63,96,17,73,36,77,41,25,28" hai3="110,102,9,35,92,111,87,125,120,91,123,107,23"/><V133/><F133/><W76/><G35/><T67/><D104/><U115/><E70/><V11/><F77/><W100/><G9/><T101/><D101/><N who="3" m="39017" /><G23/><T128/><D109/><N who="3" m="41481" /><G107/><T72/><D128/><U54/><E129/><V88/><F73/><W49/><G49/><T99/><D72/><U124/><E116/><V15/><F41/><W5/><G5/><T135/><D119/><U51/><E124/><V38/><REACH who="2" step="1"/><F25/><REACH who="2" ten="196,275,294,225" step="2"/><W16/><G76/><T52/><D78/><U65/><E27/><V114/><F114/><W19/><G125/><T122/><D127/><U64/><E112/><V61/><F61/><W6/><G6/><T22/><D62/><U13/><E115/><V4/><F4/><W79/><G79/><T81/><D60/><U98/><E26/><V42/><F42/><W106/><G106/><T131/><D7/><U108/><E40/><V18/><F18/><AGARI ba="0,1" hai="16,18,19,87,91,92,120,123" m="41481,39017" machi="18" ten="30,2000,0" yaku="14,1,54,1" doraHai="43" who="3" fromWho="2" sc="196,0,275,0,294,-20,225,30" /><INIT seed="3,0,0,1,3,13" ten="196,275,274,255" oya="3" hai0="68,17,77,130,93,40,28,82,118,99,50,86,19" hai1="9,133,100,29,129,119,90,22,47,92,16,108,44" hai2="107,78,10,52,66,48,12,49,84,120,114,46,121" hai3="135,91,127,4,96,105,3,65,101,85,81,31,6"/><W37/><G127/><T45/><D118/><U35/><E108/><V134/><F107/><W23/><G135/><T43/><D68/><U123/><E123/><N who="2" m="47179" /><F66/><W42/><G65/><T63/><D130/><U27/><E129/><V74/><F74/><W14/><G3/><T11/><D28/><U106/><E133/><V122/><N who="2" m="47187" /><V5/><DORA hai="112" /><F134/><W54/><G54/><T97/><D43/><U80/><E119/><V89/><F114/><W131/><G131/><T113/><D113/><U7/><E80/><N who="2" m="49287" /><F49/><W126/><G126/><T21/><D63/><U58/><E106/><V18/><F78/><W128/><G128/><T94/><D11/><U64/><E100/><V104/><F104/><W116/><G116/><T125/><D125/><U73/><E73/><V62/><F62/><W32/><G37/><T103/><REACH who="0" step="1"/><D21/><REACH who="0" ten="186,275,274,255" step="2"/><U98/><E29/><V67/><F67/><W110/><G110/><T70/><D70/><U51/><E35/><V55/><F55/><W0/><G42/><T39/><D39/><U20/><E20/><V117/><F117/><W109/><G109/><T87/><D87/><U115/><E115/><V111/><F111/><W15/><G32/><T69/><D69/><U59/><E64/><V132/><F132/><W41/><G41/><T72/><D72/><U61/><E61/><V60/><F60/><W24/><G0/><T79/><D79/><U25/><E51/><V34/><F34/><W95/><G105/><T71/><D71/><U76/><E76/><V26/><F5/><AGARI ba="0,1" hai="4,5,6,14,15,23,24,31,81,85,91,95,96,101" machi="5" ten="40,2000,0" yaku="8,1" doraHai="13,112" who="3" fromWho="2" sc="186,0,275,0,274,-20,255,30" /><INIT seed="3,1,0,5,5,93" ten="186,275,254,285" oya="3" hai0="118,97,77,66,62,63,6,135,4,39,68,38,129" hai1="24,23,82,65,50,41,101,72,37,18,45,29,131" hai2="123,13,52,125,8,109,78,47,61,83,55,76,73" hai3="33,26,92,95,20,90,27,70,56,14,128,9,74"/><W49/><G74/><T5/><D118/><U15/><E131/><V11/><F109/><W99/><G70/><T0/><D0/><U32/><E65/><V75/><F125/><W34/><G128/><T2/><D2/><U127/><E127/><V60/><F123/><W116/><G116/><T105/><D129/><U130/><E130/><V19/><F8/><W120/><G120/><T54/><D77/><U110/><E110/><V104/><F104/><W43/><G27/><T10/><D10/><U113/><E113/><V117/><F117/><W88/><G56/><T51/><D63/><U44/><E101/><V25/><F25/><W36/><G49/><T69/><D135/><U86/><E72/><V121/><F121/><W46/><G20/><T100/><REACH who="0" step="1"/><D68/><REACH who="0" ten="176,275,254,285" step="2"/><U91/><REACH who="1" step="1"/><E44/><AGARI ba="1,1" hai="4,5,6,38,39,44,51,54,62,66,69,97,100,105" machi="44" ten="40,5200,0" yaku="1,1,2,1,52,1,53,0" doraHai="93" doraHaiUra="85" who="0" fromWho="1" sc="176,65,275,-55,254,0,285,0" /><INIT seed="4,0,0,0,1,0" ten="241,220,254,285" oya="0" hai0="62,129,17,44,25,92,74,88,52,46,73,66,4" hai1="89,135,128,19,1,8,12,78,2,24,48,51,33" hai2="106,84,85,47,123,86,15,111,32,115,38,101,57" hai3="37,113,64,75,80,77,91,131,102,105,14,81,79"/><T71/><D129/><U41/><E128/><V65/><F32/><W39/><G113/><T59/><D73/><U34/><E78/><V68/><F68/><W7/><G131/><T70/><D74/><U43/><E135/><V122/><F111/><W97/><G64/><T108/><D108/><U76/><E76/><V42/><F115/><W67/><G67/><T132/><D132/><U3/><E89/><V90/><F90/><W36/><G91/><T99/><D4/><U30/><REACH who="1" step="1"/><E34/><REACH who="1" ten="241,210,254,285" step="2"/><V60/><F122/><W23/><G79/><T117/><D117/><U104/><E104/><V16/><F123/><W69/><G77/><T96/><D96/><U107/><E107/><V45/><F106/><W134/><G97/><T40/><D71/><U56/><E56/><V126/><F101/><W112/><G69/><T54/><D70/><U21/><E21/><V82/><F47/><N who="0" m="17962" /><D40/><AGARI ba="0,1" hai="1,2,3,8,12,19,24,30,33,40,41,43,48,51" machi="40" ten="40,2600,0" yaku="1,1,53,1" doraHai="0" doraHaiUra="20" who="1" fromWho="0" sc="241,-26,210,36,254,0,285,0" /><INIT seed="5,0,0,3,3,31" ten="215,246,254,285" oya="1" hai0="76,112,78,133,36,54,84,113,128,61,9,21,58" hai1="124,24,116,29,62,23,14,16,72,47,81,105,59" hai2="126,8,15,7,94,108,92,70,56,20,99,121,37" hai3="104,32,86,98,57,111,28,102,69,64,127,2,95"/><U1/><E116/><V110/><F70/><W109/><G127/><T132/><D9/><U10/><E105/><V5/><F37/><W3/><G57/><T55/><D21/><U97/><E124/><V43/><F43/><W39/><G39/><T122/><D84/><U49/><E97/><V44/><F44/><W125/><G125/><T17/><D17/><U103/><E103/><V11/><F121/><W19/><G19/><T67/><D78/><U63/><E1/><V118/><F118/><W134/><G134/><N who="0" m="51819" /><D76/><U82/><E72/><V34/><F34/><W101/><G86/><T60/><D128/><U40/><REACH who="1" step="1"/><E63/><REACH who="1" ten="215,236,254,285" step="2"/><V68/><F99/><W73/><G101/><T41/><D122/><U88/><E88/><V130/><F126/><W25/><G73/><T35/><D61/><U26/><E26/><V129/><F129/><W38/><G104/><T65/><D113/><U0/><E0/><V117/><F130/><W45/><G2/><T71/><D112/><U4/><E4/><V42/><F5/><W66/><G3/><T96/><D96/><U119/><E119/><V100/><F7/><W80/><G98/><T27/><D27/><U93/><E93/><V79/><F94/><W131/><G95/><T123/><D123/><U83/><E83/><V18/><F92/><W50/><G25/><T48/><D60/><U107/><E107/><V87/><F100/><W74/><G131/><T30/><D36/><U13/><E13/><V75/><F117/><W6/><G102/><T120/><D120/><U46/><E46/><V89/><F15/><W114/><G45/><RYUUKYOKU ba="0,1" sc="215,-10,236,30,254,-10,285,-10" hai1="10,14,16,23,24,29,40,47,49,59,62,81,82" /><INIT seed="5,1,1,5,0,105" ten="205,266,244,275" oya="1" hai0="25,81,133,1,134,59,131,102,9,41,40,5,20" hai1="2,118,11,96,70,19,125,3,78,56,85,42,106" hai2="117,89,97,39,76,55,108,6,123,68,90,99,116" hai3="60,26,49,94,122,103,15,111,127,4,63,22,44"/><U67/><E118/><N who="2" m="45675" /><F55/><W100/><G122/><T23/><D131/><U109/><E70/><V32/><F6/><W87/><G111/><T121/><D121/><U46/><E109/><V115/><F32/><W128/><G128/><T50/><D102/><U135/><E106/><V95/><F39/><W24/><G24/><T80/><D23/><U86/><E67/><V66/><F66/><W120/><G120/><T13/><D1/><U98/><E56/><V57/><F57/><W27/><G27/><T114/><D114/><U73/><E46/><V47/><F47/><W88/><G127/><T28/><D41/><U7/><E19/><V52/><F52/><N who="3" m="29735" /><G15/><T37/><D37/><U10/><E7/><V132/><F68/><W82/><G4/><T75/><D40/><U71/><E42/><V16/><F16/><N who="3" m="12615" /><G82/><T43/><D80/><U33/><E71/><V31/><F31/><W126/><G126/><T130/><D130/><U65/><E125/><V79/><F108/><W12/><G12/><T18/><D5/><U36/><E36/><V53/><F123/><W83/><G83/><T77/><REACH who="0" step="1"/><D43/><REACH who="0" ten="195,266,244,275" step="2"/><U38/><E38/><V61/><F115/><W58/><G60/><T101/><D101/><U74/><E33/><V64/><F61/><W107/><G107/><T91/><D91/><U54/><E2/><V0/><F0/><W110/><G110/><T62/><D62/><U84/><E3/><V69/><F90/><W35/><G35/><T8/><D8/><U119/><E10/><V124/><F89/><W48/><G63/><T34/><D34/><U30/><E119/><RYUUKYOKU ba="1,2" sc="195,15,266,-15,244,-15,275,15" hai0="9,13,18,20,25,28,50,59,75,77,81,133,134" hai3="48,58,87,88,94,100,103" /><INIT seed="6,2,2,5,2,74" ten="210,251,229,290" oya="2" hai0="102,80,126,5,122,42,100,41,28,43,127,95,82" hai1="37,132,115,9,12,90,53,3,10,70,78,83,1" hai2="56,125,38,18,44,48,111,21,114,30,55,121,107" hai3="88,39,65,93,36,68,110,105,85,118,17,106,11"/><V49/><F121/><W73/><G118/><T16/><D122/><U130/><E70/><V35/><F114/><W64/><G73/><T128/><D128/><U67/><E67/><V6/><F107/><W61/><G110/><T81/><D28/><U99/><E115/><V31/><F111/><W96/><G65/><T4/><D16/><U89/><E37/><V101/><F125/><N who="0" m="47626" /><D95/><U113/><E130/><V131/><F131/><W69/><G69/><T8/><D8/><U47/><E9/><V97/><F38/><W108/><G108/><T63/><D63/><U25/><E25/><V112/><F6/><AGARI ba="2,2" hai="4,5,6,41,42,43,80,81,82,100,102" m="47626" machi="6" ten="40,5200,0" yaku="28,2,18,1" doraHai="74" who="0" fromWho="2" sc="210,78,251,0,229,-58,290,0" /><INIT seed="7,0,0,0,5,28" ten="288,251,171,290" oya="3" hai0="97,125,123,132,11,68,60,89,62,98,100,44,1" hai1="31,127,116,14,24,6,33,51,102,70,85,47,71" hai2="88,99,32,80,92,83,84,52,133,27,56,82,37" hai3="134,103,106,94,122,108,67,105,39,61,64,96,73"/><W63/><G122/><T79/><D123/><U18/><E127/><V110/><F37/><W29/><G39/><T111/><D111/><U34/><E116/><V17/><F110/><W10/><G73/><T30/><D125/><U36/><E36/><V43/><F43/><W72/><G72/><T25/><D79/><U19/><E34/><V4/><F133/><W81/><G108/><T15/><D1/><U91/><E6/><V3/><F3/><W121/><G121/><T75/><D75/><U87/><E102/><V130/><F130/><W86/><G29/><T78/><D78/><U5/><E5/><V53/><F4/><W93/><G10/><T90/><D44/><U8/><E19/><V58/><F32/><W128/><G128/><T22/><D98/><U42/><REACH who="1" step="1"/><E85/><REACH who="1" ten="288,241,171,290" step="2"/><V65/><F84/><W13/><G134/><T12/><D100/><U49/><E49/><V16/><F65/><W117/><G117/><T21/><D132/><U129/><E129/><V48/><F27/><W135/><G135/><T46/><D25/><U38/><E38/><V101/><F101/><W114/><G64/><T26/><D26/><U57/><E57/><V112/><F112/><W23/><G67/><T126/><D126/><U109/><E109/><V35/><F35/><W7/><G7/><T54/><D30/><U115/><E115/><V107/><F107/><W74/><G103/><T40/><D15/><U120/><E120/><V9/><F9/><W118/><G105/><T124/><D11/><U0/><E0/><V20/><F20/><N who="0" m="7786" /><D124/><U131/><E131/><V50/><AGARI ba="0,1" hai="16,17,48,50,52,53,56,58,80,82,83,88,92,99" machi="50" ten="30,12000,2" yaku="5,1,0,1,9,1,8,1,54,3" doraHai="28" who="2" fromWho="2" sc="288,-30,241,-30,171,130,290,-60" owari="258,5.8,211,-28.9,301,40.1,230,-17.0" /></mjloggm>