<mjloggm ver="2.3"><GO type="169" lobby="0"/><UN n0="%6D%75%72%61%30%2B" n1="%E3%81%B3%E3%82%8D%E3%81%B4%E3%82%8D" n2="%74%34%63%34%32%32" n3="%EF%BC%81%E2%80%9D%EF%BC%83%EF%BC%84%EF%BC%85%EF%BC%86%E2%80%99%EF%BC%88" dan="16,16,16,16" rate="2139.00,2201.33,2115.80,2143.96" sx="M,M,M,M"/><TAIKYOKU oya="0"/><INIT seed="0,0,0,0,0,24" ten="250,250,250,250" oya="0" hai0="3,97,127,117,81,55,46,61,102,90,132,28,25" hai1="14,1,45,105,13,33,95,76,21,121,107,44,67" hai2="130,115,29,54,59,60,6,122,53,38,109,73,2" hai3="104,42,47,48,63,118,134,96,23,37,71,12,20"/><T36/><D127/><U89/><E121/><V88/><F122/><W111/><G118/><T49/><D132/><U62/><E1/><V92/><F73/><W15/><G134/><T77/><D3/><U64/><E33/><V113/><F38/><W66/><G111/><T116/><D90/><U26/><E76/><V119/><F119/><W30/><G23/><T4/><D4/><U69/><E67/><V27/><F109/><W18/><G37/><T93/><D61/><U65/><E65/><V32/><F130/><W106/><G96/><T0/><D0/><U16/><E105/><V57/><F6/><W120/><G120/><T31/><D36/><U114/><E107/><V94/><F94/><W91/><G91/><T19/><D19/><U40/><E45/><V133/><F2/><W41/><G41/><T129/><D129/><U85/><REACH who="1" step="1"/><E114/><REACH who="1" ten="250,240,250,250" step="2"/><V112/><F133/><W74/><G106/><T72/><REACH who="0" step="1"/><D31/><REACH who="0" ten="240,240,250,250" step="2"/><U98/><E98/><V9/><F113/><W17/><G30/><T108/><D108/><U82/><E82/><V135/><F135/><W123/><G123/><T124/><D124/><U70/><E70/><V126/><F126/><W39/><G71/><T10/><D10/><U75/><E75/><V43/><F9/><W34/><G74/><T79/><D79/><U58/><E58/><V51/><REACH who="2" step="1"/><F43/><REACH who="2" ten="240,240,240,250" step="2"/><W87/><G42/><T84/><D84/><AGARI ba="0,3" hai="27,29,32,51,53,54,57,59,60,84,88,92,112,115" machi="84" ten="30,8000,1" yaku="1,1,2,1,7,1,52,1,54,1,53,0" doraHai="24" doraHaiUra="11" who="2" fromWho="0" sc="240,-80,240,0,240,110,250,0" /><INIT seed="1,0,0,3,5,50" ten="160,240,350,250" oya="1" hai0="58,25,113,35,3,27,119,134,104,78,15,18,36" hai1="69,31,11,93,122,112,37,74,86,77,46,117,131" hai2="111,65,121,2,95,66,7,40,71,34,109,29,0" hai3="105,73,90,123,70,44,24,81,63,45,8,52,17"/><U132/><E112/><V54/><F121/><W85/><G123/><T115/><D104/><U26/><E117/><V47/><F29/><W60/><G105/><T107/><D107/><U32/><E122/><V57/><F34/><W38/><G73/><T22/><D36/><U83/><E131/><V129/><F129/><W128/><G128/><T133/><D78/><U79/><E132/><N who="0" m="50793" /><D58/><U89/><E79/><V80/><F80/><W56/><G38/><T68/><D68/><U42/><E11/><V125/><F125/><W19/><G8/><T127/><D119/><U100/><E100/><V59/><F59/><W1/><G1/><T96/><D96/><U61/><E61/><N who="2" m="40367" /><F66/><W39/><G39/><T23/><D127/><U84/><REACH who="1" step="1"/><E69/><REACH who="1" ten="160,230,350,250" step="2"/><V99/><F111/><W94/><G70/><T30/><D3/><U13/><E13/><V28/><F109/><W120/><G120/><T101/><D101/><U130/><E130/><V4/><F0/><W76/><G60/><T21/><D27/><U72/><AGARI ba="0,1" hai="26,31,32,37,42,46,72,74,77,83,84,86,89,93" machi="72" ten="30,6000,0" yaku="1,1,0,1,53,1" doraHai="50" doraHaiUra="75" who="1" fromWho="1" sc="160,-20,230,70,350,-20,250,-20" /><INIT seed="1,1,0,2,2,5" ten="140,300,330,230" oya="1" hai0="18,96,3,38,57,39,28,12,120,115,44,55,98" hai1="14,94,50,25,114,106,104,105,95,26,91,90,107" hai2="20,40,54,49,22,36,33,89,83,35,113,124,4" hai3="100,72,16,92,134,61,71,128,10,102,2,30,74"/><U127/><E114/><V130/><F40/><W69/><G128/><T123/><D3/><U126/><E50/><V0/><F36/><W8/><G134/><T31/><D115/><U110/><E14/><V87/><F124/><N who="1" m="47657" /><E110/><V77/><F130/><W63/><G30/><T78/><D78/><U121/><E121/><V58/><F113/><W34/><G92/><N who="1" m="35370" /><E107/><V52/><F22/><W13/><G34/><T21/><D39/><U125/><N who="1" m="47665" /><U19/><DORA hai="101" /><E19/><V88/><F20/><W79/><G2/><T70/><D123/><U53/><E53/><V76/><F76/><W32/><G32/><T80/><D38/><U60/><E60/><V99/><F54/><W85/><G13/><T73/><D12/><U27/><AGARI ba="1,0" hai="25,26,27,90,91,104,105,106" m="35370,47665" machi="27" ten="60,18000,2" yaku="28,2,18,1,52,3" doraHai="5,101" who="1" fromWho="1" sc="140,-61,300,183,330,-61,230,-61" /><INIT seed="1,2,0,1,3,19" ten="79,483,269,169" oya="1" hai0="46,55,4,114,12,98,111,52,83,104,59,125,128" hai1="102,13,82,72,88,69,90,25,135,108,126,113,84" hai2="116,53,131,78,95,33,32,20,5,39,97,9,74" hai3="112,76,47,70,51,58,49,63,80,35,123,64,45"/><U54/><E113/><V36/><F116/><W14/><G112/><T2/><D114/><U48/><E69/><V34/><F131/><W101/><G123/><T119/><D119/><U89/><E126/><V67/><F67/><W115/><G115/><T29/><D128/><U62/><E135/><V103/><F53/><W7/><G35/><T120/><D120/><U68/><E72/><V10/><F10/><N who="3" m="4447" /><G101/><T75/><D111/><U41/><E108/><V3/><F20/><W110/><G70/><T56/><D2/><U79/><E102/><V65/><F65/><W28/><G28/><T91/><D29/><U66/><E41/><V18/><F18/><W107/><G107/><T17/><D4/><U37/><E37/><V71/><F71/><W43/><G110/><T129/><D129/><U16/><E25/><V94/><F94/><W92/><G92/><T6/><D6/><U86/><E86/><V57/><F57/><W44/><G43/><T93/><D104/><U96/><E96/><V22/><REACH who="2" step="1"/><F22/><REACH who="2" ten="79,483,259,169" step="2"/><W133/><G58/><T23/><D125/><U27/><E68/><V42/><F42/><W26/><G64/><T121/><D121/><U60/><E66/><V11/><F11/><W130/><G130/><T87/><D75/><U134/><E54/><V122/><F122/><W61/><G133/><T0/><D55/><U50/><E27/><V106/><F106/><W1/><G26/><T21/><D21/><N who="1" m="11407" /><E134/><V105/><F105/><W127/><G127/><T124/><D124/><U109/><E109/><V132/><F132/><W31/><G31/><T15/><D52/><RYUUKYOKU ba="2,1" sc="79,-15,483,15,259,15,169,-15" hai1="48,50,60,62,79,82,84,88,89,90" hai2="3,5,9,32,33,34,36,39,74,78,95,97,103" /><INIT seed="1,3,1,3,0,33" ten="64,498,274,154" oya="1" hai0="65,50,40,126,122,38,34,72,9,119,69,19,5" hai1="41,24,127,66,118,96,105,70,39,80,13,79,124" hai2="49,45,35,2,64,129,78,30,36,86,60,42,131" hai3="67,89,6,18,11,111,95,73,44,115,12,46,81"/><U125/><E118/><V87/><F2/><W37/><G115/><T117/><D50/><U121/><E121/><V83/><F49/><W57/><G111/><T54/><D54/><U88/><E24/><V123/><F123/><W110/><G110/><T108/><D19/><U48/><E13/><V28/><F87/><W55/><G67/><T106/><D9/><U113/><E113/><V27/><REACH who="2" step="1"/><F30/><REACH who="2" ten="64,498,264,154" step="2"/><W16/><G44/><T104/><D122/><U1/><E1/><V84/><F84/><W8/><G46/><T15/><D119/><U133/><E48/><V7/><F7/><W51/><G6/><T100/><D5/><U132/><E127/><V20/><F20/><W93/><G51/><T76/><D126/><U43/><E125/><V114/><F114/><W71/><G8/><T130/><D117/><U53/><E124/><V32/><F32/><W99/><G11/><T29/><D34/><U101/><E132/><V68/><AGARI ba="3,2" hai="27,28,35,36,42,45,60,64,68,78,83,86,129,131" machi="68" ten="30,2000,0" yaku="1,1,0,1,53,0" doraHai="33" doraHaiUra="103" who="2" fromWho="2" sc="64,-8,498,-13,264,49,154,-8" /><INIT seed="2,0,0,1,0,124" ten="56,485,313,146" oya="2" hai0="50,26,24,18,87,34,78,43,23,53,110,118,5" hai1="115,48,80,103,16,35,57,46,29,86,8,79,89" hai2="38,49,122,90,93,96,51,52,12,104,31,27,1" hai3="111,119,82,83,114,131,66,98,20,77,121,99,39"/><V100/><F1/><W15/><G119/><T69/><D110/><U64/><E115/><V41/><F38/><W4/><G121/><T21/><D69/><U68/><E68/><V120/><F12/><W73/><G39/><T58/><D34/><U59/><E103/><V60/><F41/><W45/><G114/><T72/><D72/><U76/><E29/><V105/><F60/><W9/><G45/><T54/><D118/><U107/><E107/><V123/><F49/><W17/><G111/><T47/><D5/><U11/><E35/><V129/><F100/><W19/><G19/><T109/><D109/><U32/><E32/><V6/><F6/><W127/><G127/><T106/><D106/><U13/><E8/><V36/><F36/><W22/><G22/><T94/><D58/><N who="1" m="22027" /><E64/><V97/><F97/><W7/><G66/><T91/><REACH who="0" step="1"/><D78/><REACH who="0" ten="46,485,313,146" step="2"/><U30/><E79/><V112/><F112/><W108/><G108/><T67/><D67/><U88/><E30/><AGARI ba="0,1" hai="18,21,23,24,26,30,43,47,50,53,54,87,91,94" machi="30" ten="30,3900,0" yaku="1,1,7,1,8,1,53,0" doraHai="124" doraHaiUra="117" who="0" fromWho="1" sc="46,49,485,-39,313,0,146,0" /><INIT seed="3,0,0,4,3,31" ten="95,446,313,146" oya="3" hai0="5,33,107,126,133,14,134,61,91,83,46,71,19" hai1="85,122,80,111,44,17,121,13,79,68,119,112,39" hai2="16,21,28,123,100,54,4,26,103,34,95,20,108" hai3="82,106,129,32,60,45,118,37,74,99,11,9,115"/><W76/><G115/><T113/><D113/><U72/><E112/><V94/><F123/><W2/><G118/><T35/><D107/><U40/><E68/><V59/><F4/><W90/><G129/><T25/><D46/><U109/><E72/><V125/><F125/><W105/><G60/><T15/><D83/><U86/><E86/><V12/><F34/><N who="0" m="12810" /><D91/><U110/><E119/><V135/><F135/><N who="0" m="51722" /><D126/><U62/><E62/><N who="2" m="36215" /><F108/><W70/><G32/><T75/><D75/><U66/><E66/><V36/><F36/><W56/><G45/><T65/><D5/><U98/><E98/><V101/><AGARI ba="0,0" hai="12,16,20,21,26,28,94,95,100,101,103" m="36215" machi="101" ten="30,2000,0" yaku="8,1,54,1" doraHai="31" who="2" fromWho="2" sc="95,-5,446,-5,313,20,146,-10" /><INIT seed="4,0,0,1,2,9" ten="90,441,333,136" oya="0" hai0="38,35,16,95,59,5,124,32,50,133,51,57,134" hai1="8,80,128,93,29,90,74,58,123,105,11,34,0" hai2="91,14,72,7,118,75,36,68,30,110,28,64,66" hai3="22,10,31,49,131,101,88,67,62,120,132,54,44"/><T56/><D124/><U45/><E123/><V25/><F36/><W42/><G120/><T108/><D38/><U55/><E105/><V83/><F110/><W77/><G132/><N who="0" m="50795" /><D5/><U116/><E116/><V71/><F118/><W61/><G131/><T129/><D95/><U18/><E128/><V96/><F96/><W2/><G101/><T73/><D73/><U113/><E113/><V13/><F25/><W106/><G106/><T79/><D79/><U21/><E29/><V12/><F7/><W78/><G2/><T87/><D87/><U37/><E34/><N who="0" m="12841" /><D129/><U121/><E121/><V117/><F117/><W33/><G78/><T43/><D43/><U125/><E125/><V3/><F3/><W103/><G42/><T15/><D108/><U70/><E74/><N who="2" m="28203" /><F83/><W82/><G82/><T20/><AGARI ba="0,0" hai="15,16,20,50,51,56,57,59" m="12841,50795" machi="20" ten="40,7800,0" yaku="20,1,52,1,54,1" doraHai="9" who="0" fromWho="0" sc="90,78,441,-26,333,-26,136,-26" /><INIT seed="4,1,0,2,0,15" ten="168,415,307,110" oya="0" hai0="33,41,79,87,9,6,92,76,46,36,40,78,75" hai1="44,55,99,19,117,125,90,96,48,106,35,4,91" hai2="112,68,63,30,37,119,97,135,14,31,128,65,131" hai3="101,82,50,2,54,123,56,52,86,103,62,129,26"/><T0/><D33/><U77/><E117/><V5/><F119/><W116/><G116/><T127/><D127/><U8/><E35/><V130/><F135/><W18/><G129/><T109/><D109/><U83/><E125/><V121/><F121/><W47/><G2/><T28/><D28/><U89/><E106/><V16/><F37/><W115/><G115/><T60/><D41/><U11/><E11/><N who="2" m="6239" /><F112/><W22/><REACH who="3" step="1"/><G123/><REACH who="3" ten="168,415,307,100" step="2"/><T69/><D69/><U113/><E113/><V13/><F97/><W81/><G81/><T43/><D0/><U39/><E99/><V100/><F100/><W64/><G64/><T118/><D118/><U27/><E96/><V17/><F5/><W24/><G24/><T88/><D6/><U84/><E27/><V23/><AGARI ba="1,1" hai="13,17,23,30,31,63,65,68,128,130,131" m="6239" machi="23" ten="30,7900,0" yaku="19,1,52,2,54,1" doraHai="15" who="2" fromWho="2" sc="168,-40,415,-21,307,92,100,-21" /><INIT seed="5,0,0,1,3,133" ten="128,394,399,79" oya="1" hai0="92,70,80,14,98,119,30,120,76,5,115,127,19" hai1="77,128,85,28,64,45,113,0,24,96,35,89,94" hai2="83,44,108,81,82,114,48,36,129,56,135,79,118" hai3="8,71,32,16,47,31,75,13,121,46,43,105,59"/><U73/><E73/><V37/><F118/><W7/><G71/><T91/><D119/><U88/><E113/><V42/><F135/><W100/><G121/><T86/><D115/><U67/><E128/><V21/><F114/><W50/><G75/><T93/><D70/><U54/><E0/><V4/><F129/><W130/><G130/><T97/><D120/><U74/><E77/><V87/><F108/><W68/><G68/><T60/><D30/><U40/><E54/><V41/><F4/><W112/><G112/><T61/><D5/><U102/><E89/><V109/><F109/><W25/><G59/><T122/><D122/><U12/><E12/><V34/><F34/><W126/><G47/><T57/><D57/><U125/><E125/><V23/><F37/><W55/><G126/><T53/><D53/><U84/><E74/><V95/><F95/><W51/><G7/><T116/><D127/><U33/><E33/><V2/><F2/><W111/><G111/><T49/><D49/><U20/><E35/><V17/><F23/><W26/><G26/><T58/><D58/><U6/><E6/><V18/><F18/><W78/><G78/><T39/><D39/><U103/><E85/><V63/><F41/><W90/><G90/><N who="0" m="55447" /><D116/><U123/><E123/><V38/><F36/><N who="3" m="21863" /><G55/><T10/><AGARI ba="0,0" hai="10,14,19,60,61,76,80,86,91,93,98" m="55447" machi="10" ten="30,1100,0" yaku="8,1" doraHai="133" who="0" fromWho="0" sc="128,11,394,-5,399,-3,79,-3" /><INIT seed="6,0,0,3,3,106" ten="139,389,396,76" oya="2" hai0="125,9,48,34,74,131,86,126,77,84,129,90,55" hai1="69,97,89,10,40,50,37,121,32,7,127,75,30" hai2="70,85,111,18,108,124,26,6,22,91,64,41,24" hai3="57,16,110,113,83,49,51,62,133,63,107,98,42"/><V94/><F124/><N who="0" m="47722" /><D34/><U101/><E127/><V72/><F6/><W66/><G110/><N who="2" m="42025" /><F41/><W115/><G133/><T54/><D54/><U0/><E50/><V12/><F72/><W80/><G62/><AGARI ba="0,0" hai="12,18,22,24,26,62,64,70,85,91,94" m="42025" machi="62" ten="30,1500,0" yaku="10,1" doraHai="106" who="2" fromWho="3" sc="139,0,389,0,396,15,76,-15" /><INIT seed="6,1,0,3,4,93" ten="139,389,411,61" oya="2" hai0="61,51,17,9,122,92,130,74,35,8,45,88,106" hai1="135,108,96,37,73,71,50,110,75,5,117,119,91" hai2="118,103,80,23,86,14,85,84,1,133,7,94,11" hai3="134,120,113,107,42,54,24,82,39,124,97,43,46"/><V2/><F118/><N who="1" m="45065" /><E37/><V77/><F133/><W4/><G120/><T102/><D130/><U67/><E67/><V19/><F1/><W65/><G134/><T114/><D114/><U116/><N who="1" m="45073" /><U99/><DORA hai="29" /><E50/><V112/><REACH who="2" step="1"/><F112/><REACH who="2" ten="139,389,401,61" step="2"/><W22/><G113/><T81/><D122/><U111/><E135/><V78/><F78/><W10/><G124/><T62/><D74/><N who="1" m="28171" /><E71/><V26/><F26/><W12/><G24/><T52/><D35/><U6/><E91/><V105/><F105/><W123/><G107/><T27/><D106/><U21/><E21/><V32/><F32/><W70/><G22/><T63/><D27/><U131/><E131/><V36/><F36/><W109/><G39/><T53/><D88/><U13/><E13/><V59/><F59/><W25/><G12/><T66/><D8/><U49/><E49/><V41/><F41/><W40/><G40/><T55/><D51/><U87/><E87/><V115/><F115/><W129/><G43/><T126/><D9/><U30/><E30/><V58/><F58/><W125/><G42/><T128/><D128/><U72/><N who="1" m="28179" /><U31/><DORA hai="83" /><E31/><V101/><F101/><W15/><G10/><T56/><D102/><U0/><E0/><V95/><F95/><W3/><G3/><T121/><D92/><U100/><E100/><V33/><F33/><W20/><G25/><T69/><D56/><U44/><E44/><V28/><F28/><W89/><G46/><T47/><D45/><U38/><E38/><V90/><F90/><W104/><G129/><T98/><D47/><U76/><E76/><RYUUKYOKU ba="1,1" sc="139,-15,389,15,401,15,61,-15" hai1="5,6,96,99,108,110,111" hai2="2,7,11,14,19,23,77,80,84,85,86,94,103" /><INIT seed="6,2,1,5,5,118" ten="124,404,416,46" oya="2" hai0="71,74,12,39,108,84,26,53,99,33,27,83,129" hai1="114,34,128,124,28,7,109,90,41,105,96,66,13" hai2="75,43,31,16,82,79,61,91,59,0,51,17,24" hai3="10,116,127,93,133,37,1,29,130,119,111,106,117"/><V104/><F0/><W9/><G106/><T110/><D74/><U65/><E109/><V32/><F104/><W107/><G107/><T64/><D129/><U5/><E41/><V97/><F97/><W87/><G111/><T80/><D39/><U46/><E46/><V92/><F43/><W94/><G37/><T89/><D99/><U58/><E34/><V81/><F81/><W8/><G1/><T49/><D71/><U15/><E28/><V44/><F44/><W68/><G68/><T73/><D64/><U50/><E105/><V135/><F51/><W77/><G130/><T6/><D73/><U95/><E114/><V42/><F42/><W62/><G117/><T85/><D33/><U54/><E124/><V67/><REACH who="2" step="1"/><F135/><REACH who="2" ten="124,404,406,46" step="2"/><W113/><G133/><T126/><D83/><U52/><E128/><V112/><F112/><W100/><G113/><T19/><D80/><U115/><E115/><V131/><F131/><W55/><G119/><T20/><D49/><U63/><E50/><V40/><F40/><W4/><G116/><T38/><D108/><U3/><E3/><V30/><F30/><W69/><G127/><T35/><D126/><U103/><E103/><V56/><F56/><W47/><G69/><T23/><D110/><U36/><E36/><V76/><F76/><W70/><G70/><T86/><D38/><U125/><E125/><V72/><F72/><W122/><G122/><T102/><D102/><U88/><E96/><V98/><AGARI ba="2,2" hai="16,17,24,31,32,59,61,67,75,79,82,91,92,98" machi="98" ten="20,12000,1" yaku="1,1,0,1,7,1,54,1,53,1" doraHai="118" doraHaiUra="21" who="2" fromWho="2" sc="124,-42,404,-42,406,146,46,-42" /><INIT seed="6,3,0,2,2,119" ten="82,362,552,4" oya="2" hai0="48,131,69,30,33,16,129,10,133,13,127,115,59" hai1="24,23,96,86,19,128,83,61,74,79,2,11,25" hai2="35,80,57,93,92,85,118,31,41,46,121,87,75" hai3="135,111,104,63,123,105,64,112,88,28,102,114,45"/><V18/><F118/><W17/><G111/><T134/><D69/><U82/><E128/><N who="0" m="49225" /><D115/><N who="3" m="44073" /><G28/><T8/><D127/><U107/><E61/><V66/><F35/><W95/><G102/><T1/><D59/><U132/><E132/><N who="0" m="50793" /><D48/><U36/><E36/><V12/><F31/><W81/><G135/><T116/><D116/><U65/><E65/><V0/><F0/><W52/><G81/><T7/><D30/><U70/><E70/><V53/><F66/><W109/><G109/><T43/><D43/><U26/><E83/><V22/><F75/><W68/><G17/><T108/><D33/><U77/><E74/><V34/><F34/><W106/><G123/><T60/><D60/><U42/><E42/><V89/><F87/><N who="3" m="52639" /><G52/><T49/><D49/><U101/><E79/><V113/><F113/><W50/><G50/><T54/><D54/><U122/><E122/><V117/><F117/><W98/><G98/><T73/><D73/><U72/><E72/><V3/><F53/><W99/><G99/><T6/><D108/><U84/><E84/><V124/><F85/><W39/><G45/><T110/><D110/><U9/><E86/><V94/><F46/><W4/><G4/><AGARI ba="3,0" hai="1,4,6,7,8,10,13,16" m="50793,49225" machi="4" ten="30,8000,1" yaku="19,1,20,1,34,2,54,1" doraHai="119" who="0" fromWho="3" sc="82,89,362,0,552,0,4,-89" owari="171,-22.9,362,16.2,552,65.2,-85,-58.5" /></mjloggm>