<mjloggm ver="2.3"><GO type="169" lobby="0"/><UN n0="%E3%81%97%E3%81%BE%E3%81%A0%E3%81%BE%32" n1="%43%72%37" n2="%E3%82%80%E3%83%BC%E3%82%93%E3%81%82%E3%81%84%E3%81%9A" n3="%33%30%63%6D%33%30%63%6D" dan="16,17,16,17" rate="2125.57,2197.02,2115.01,2148.76" sx="M,M,M,M"/><TAIKYOKU oya="0"/><INIT seed="0,0,0,5,4,0" ten="250,250,250,250" oya="0" hai0="91,75,101,15,42,127,9,89,135,38,58,121,13" hai1="131,54,59,7,94,88,66,65,17,27,126,97,83" hai2="23,57,106,34,120,119,43,72,60,61,24,109,1" hai3="122,63,84,64,41,4,50,45,98,133,69,55,25"/><T85/><D75/><U70/><E70/><V123/><F106/><W78/><G133/><T20/><D121/><U128/><E126/><V93/><F34/><W73/><G122/><T87/><D127/><U32/><E83/><V117/><F43/><W124/><G124/><T81/><D135/><U44/><E44/><V102/><F1/><W2/><G84/><T113/><D101/><U62/><E7/><V86/><F72/><W115/><G115/><T110/><D113/><U130/><REACH who="1" step="1"/><E32/><REACH who="1" ten="250,240,250,250" step="2"/><V37/><F120/><W36/><G4/><N who="0" m="3239" /><D38/><U96/><E96/><V5/><F5/><W14/><G98/><T82/><D110/><U76/><E76/><V129/><F37/><W10/><G78/><T53/><D42/><U74/><E74/><V77/><F77/><W92/><G73/><T35/><D35/><U11/><E11/><V39/><F39/><W90/><G36/><T48/><D20/><AGARI ba="0,1" hai="17,20,27,54,59,62,65,66,88,94,97,128,130,131" machi="20" ten="40,8000,1" yaku="1,1,25,2,19,1,54,1,53,0" doraHai="0" doraHaiUra="26" who="1" fromWho="0" sc="250,-80,240,90,250,0,250,0" /><INIT seed="1,0,0,2,4,89" ten="170,330,250,250" oya="1" hai0="132,4,47,114,39,84,38,18,16,130,120,51,62" hai1="122,28,129,126,36,68,46,35,127,70,101,118,123" hai2="64,73,57,43,83,0,59,22,97,60,30,117,2" hai3="25,131,107,42,95,58,33,55,116,133,75,5,23"/><U49/><E101/><V134/><F117/><W12/><G75/><T78/><D114/><U53/><E35/><V99/><F134/><W61/><G131/><T65/><D132/><U115/><E28/><V110/><F110/><W54/><G107/><T41/><D130/><U94/><E94/><V69/><F43/><W81/><G116/><T108/><D108/><U20/><E20/><V13/><F97/><W102/><G42/><T105/><D105/><U74/><E74/><V63/><F99/><N who="3" m="59775" /><G33/><T14/><D120/><N who="1" m="46123" /><E118/><V111/><F69/><N who="1" m="26729" /><E129/><V8/><F73/><W104/><G81/><N who="0" m="47159" /><D38/><U11/><E11/><V56/><F8/><N who="3" m="4111" /><G133/><T52/><D39/><U128/><E128/><V109/><F83/><W77/><G77/><T125/><D65/><U17/><E17/><N who="0" m="6761" /><D125/><N who="1" m="47627" /><E36/><V119/><F119/><W76/><G76/><T24/><D24/><U66/><E66/><V3/><F64/><N who="3" m="38967" /><G104/><T27/><D27/><U1/><E1/><V135/><F135/><W34/><G34/><T40/><D4/><U72/><E72/><V82/><F109/><W112/><G112/><AGARI ba="0,0" hai="46,49,53,112,115" m="47627,26729,46123" machi="112" ten="40,7700,0" yaku="18,1,34,2" doraHai="89" who="1" fromWho="3" sc="170,0,330,77,250,0,250,-77" /><INIT seed="1,1,0,4,5,40" ten="170,407,250,173" oya="1" hai0="23,135,5,47,105,70,131,31,56,121,53,84,130" hai1="114,120,118,98,113,128,66,108,80,67,15,21,77" hai2="117,65,75,22,87,111,83,42,50,82,58,7,102" hai3="110,85,18,133,90,71,109,86,33,19,62,39,20"/><U126/><E118/><V68/><F117/><W89/><G33/><T52/><D70/><U119/><E119/><V96/><F111/><N who="3" m="42507" /><G133/><T13/><D105/><U78/><E108/><V27/><F68/><W55/><G39/><T14/><D135/><U112/><E120/><V124/><F124/><W24/><G18/><T74/><D74/><U12/><E98/><V38/><F38/><W28/><G28/><T97/><D97/><U94/><E94/><N who="2" m="58647" /><F75/><W6/><G6/><T43/><D84/><N who="3" m="32361" /><G55/><N who="0" m="21067" /><D56/><U0/><E80/><V73/><F83/><W91/><G91/><T10/><D121/><U45/><E112/><V35/><F82/><W122/><G122/><T2/><D31/><U129/><E126/><V76/><F35/><W88/><G90/><T72/><D23/><U49/><E21/><V127/><F22/><W93/><G93/><T32/><D72/><U16/><E16/><V79/><F73/><W125/><G125/><T25/><D25/><U44/><REACH who="1" step="1"/><E49/><REACH who="1" ten="170,397,250,173" step="2"/><V134/><F50/><W1/><G1/><AGARI ba="1,1" hai="0,1,12,15,44,45,66,67,77,78,113,114,128,129" machi="1" ten="25,18000,2" yaku="1,1,2,1,22,2,52,2,53,0" doraHai="40" doraHaiUra="17" who="1" fromWho="3" sc="170,0,397,193,250,0,173,-183" owari="170,-23.0,590,69.0,250,5.0,-10,-51.0" /></mjloggm>