<mjloggm ver="2.3"><GO type="169" lobby="0"/><UN n0="%48%4F%4D%4F%E5%A5%B3" n1="%E7%99%BD%E3%81%AE%E7%A9%BA" n2="%E5%A4%A2%E4%BB%98%E3%81%8D" n3="%E3%81%B3%E3%82%8D%E3%81%B4%E3%82%8D" dan="16,17,16,16" rate="2040.97,2136.81,2107.62,2190.57" sx="M,M,M,M"/><TAIKYOKU oya="0"/><INIT seed="0,0,0,5,1,93" ten="250,250,250,250" oya="0" hai0="105,74,62,65,7,72,128,27,113,91,119,38,67" hai1="37,129,52,110,115,45,97,64,34,14,70,11,88" hai2="101,134,130,122,118,31,103,133,16,33,77,60,95" hai3="106,58,68,1,18,114,78,94,53,99,76,8,39"/><T50/><D119/><U100/><E110/><V66/><F122/><W47/><G114/><T104/><D128/><U82/><E129/><V55/><F130/><W131/><G131/><T135/><D135/><U40/><E34/><V69/><F118/><W90/><G106/><T102/><D38/><U120/><E120/><V35/><F77/><W29/><G68/><T28/><D7/><U54/><E115/><V42/><F42/><W108/><G108/><T43/><D113/><U126/><E126/><V132/><F31/><W2/><G29/><T19/><D19/><U21/><E21/><V107/><F107/><W15/><G39/><T63/><D91/><U121/><E121/><V124/><F124/><W20/><G47/><T85/><D85/><U0/><E0/><V25/><F55/><W112/><G112/><T84/><D84/><U96/><E64/><V109/><F109/><W75/><G75/><T22/><D104/><U49/><E70/><V46/><F46/><W4/><REACH who="3" step="1"/><G2/><REACH who="3" ten="250,250,250,240" step="2"/><T9/><D74/><U111/><E111/><V44/><F44/><W26/><G26/><T17/><D72/><U13/><E37/><V48/><F133/><W3/><G3/><T12/><D105/><U125/><E125/><V87/><F25/><W56/><G56/><T23/><D27/><U116/><E45/><V123/><F69/><W79/><G79/><T73/><D28/><U98/><E40/><V57/><F134/><W80/><G80/><T89/><D73/><U30/><E116/><V117/><F132/><W71/><G71/><T10/><D43/><U127/><E127/><RYUUKYOKU ba="0,1" sc="250,-10,250,-10,250,-10,240,30" hai3="1,4,8,15,18,20,53,58,76,78,90,94,99" /><INIT seed="1,1,1,5,0,2" ten="240,240,240,270" oya="1" hai0="59,121,116,110,1,69,96,128,94,133,76,31,120" hai1="81,20,115,32,95,123,100,42,68,3,118,49,98" hai2="77,34,17,16,119,44,114,71,105,132,124,89,22" hai3="127,33,111,113,66,57,107,28,84,25,135,10,131"/><U67/><E32/><V88/><F119/><W126/><G113/><T45/><D76/><U61/><E118/><V86/><F34/><W130/><G107/><T58/><D31/><U14/><E123/><V109/><F71/><W97/><G97/><T104/><D94/><U38/><E3/><V24/><F105/><W40/><G84/><T92/><D92/><U101/><E115/><V74/><F114/><W29/><G40/><T43/><D96/><U30/><E38/><V106/><F106/><W60/><G111/><T117/><D104/><U23/><E81/><N who="2" m="47407" /><F74/><W87/><G87/><T125/><D1/><U51/><E42/><V85/><F109/><W41/><G41/><T99/><D99/><U50/><E30/><V62/><F132/><W91/><G91/><N who="2" m="34889" /><F124/><N who="3" m="47659" /><G29/><T82/><D82/><U8/><REACH who="1" step="1"/><E101/><REACH who="1" ten="240,230,240,270" step="2"/><V53/><F85/><W9/><G135/><T63/><D125/><U37/><E37/><V46/><F17/><AGARI ba="1,2" hai="8,14,17,20,23,49,50,51,61,67,68,95,98,100" machi="17" ten="40,2000,0" yaku="1,1,53,0" doraHai="2" doraHaiUra="21" who="1" fromWho="2" sc="240,0,230,43,240,-23,270,0" /><INIT seed="1,2,0,4,1,96" ten="240,273,217,270" oya="1" hai0="12,101,42,26,88,128,67,106,40,4,89,32,122" hai1="77,71,59,75,15,11,21,13,6,68,95,0,2" hai2="53,28,31,90,55,30,104,123,7,78,57,39,132" hai3="87,66,114,74,76,134,124,29,61,24,25,103,116"/><U22/><E75/><V119/><F119/><W9/><G114/><T8/><D128/><U70/><E77/><V130/><F123/><W107/><G74/><T47/><D67/><U44/><E44/><V109/><F39/><W93/><G107/><T120/><D26/><U37/><E37/><V33/><F109/><W16/><G116/><T82/><D32/><U65/><E95/><V102/><F130/><W23/><G134/><T129/><D129/><U118/><E118/><V92/><F132/><W111/><G111/><T62/><D62/><U83/><E83/><V85/><F33/><W91/><G124/><T133/><D133/><U35/><E35/><V14/><F78/><W63/><G76/><T64/><D64/><U51/><E15/><V50/><F55/><W69/><G61/><T131/><D131/><U38/><E38/><V108/><F108/><W41/><G41/><T36/><D42/><U99/><E99/><V110/><F110/><W45/><G45/><T17/><D82/><U5/><E65/><V10/><REACH who="2" step="1"/><F104/><REACH who="2" ten="240,273,207,270" step="2"/><W94/><G9/><T73/><D120/><U105/><E105/><V112/><F112/><W49/><G49/><T98/><D122/><U117/><E117/><V72/><F72/><W56/><G69/><T115/><D115/><U86/><E70/><V125/><F125/><W100/><G94/><T97/><D73/><U43/><E68/><V20/><F20/><AGARI ba="2,1" hai="16,20,23,24,25,29,56,63,66,87,91,93,100,103" machi="20" ten="30,8000,1" yaku="7,1,8,1,52,2,54,1" doraHai="96" who="3" fromWho="2" sc="240,0,273,0,207,-86,270,96" /><INIT seed="2,0,0,4,3,58" ten="240,273,121,366" oya="2" hai0="133,104,116,84,54,22,125,40,129,44,126,70,88" hai1="123,28,20,3,93,98,103,66,34,114,53,132,106" hai2="83,38,105,32,42,52,6,43,135,87,24,62,67" hai3="50,80,113,127,57,115,35,68,79,109,96,13,45"/><V29/><F135/><W16/><G68/><T41/><D104/><U100/><E114/><N who="3" m="43530" /><G35/><T18/><D116/><U108/><E108/><V47/><F105/><W19/><G109/><T120/><D70/><U21/><E132/><V49/><F6/><W134/><G134/><T99/><D99/><U46/><E123/><V89/><REACH who="2" step="1"/><F38/><REACH who="2" ten="240,273,111,366" step="2"/><W15/><G127/><N who="0" m="48651" /><D133/><U119/><E106/><V23/><F23/><W61/><G19/><T7/><D7/><U56/><E21/><V64/><F64/><W9/><G16/><T63/><D120/><U69/><E20/><V92/><F92/><W65/><G9/><T121/><D121/><U124/><E93/><V118/><F118/><W128/><G128/><T36/><D36/><U101/><E119/><V55/><F55/><N who="3" m="30159" /><G96/><T73/><D129/><U86/><E98/><V4/><F4/><W26/><G26/><T81/><D73/><AGARI ba="0,1" hai="13,15,57,61,65,73,79,80" m="30159,43530" machi="73" ten="30,2000,0" yaku="11,1,52,1" doraHai="58" who="3" fromWho="0" sc="240,-20,273,0,111,0,366,30" /><INIT seed="3,0,0,4,0,128" ten="220,273,111,396" oya="3" hai0="26,4,8,72,81,21,70,110,51,25,126,84,30" hai1="122,62,22,125,66,95,44,39,18,131,35,9,65" hai2="11,112,111,101,89,69,7,3,34,64,12,74,57" hai3="130,48,78,54,2,0,27,19,49,15,46,79,6"/><W115/><G115/><T94/><D126/><U73/><E122/><V61/><F112/><W68/><G68/><T58/><D110/><U86/><E35/><V59/><F111/><W5/><G130/><T42/><D70/><U67/><E73/><V77/><F34/><W92/><G0/><T98/><D72/><U31/><E131/><V14/><F101/><W53/><G2/><T108/><D108/><U10/><E125/><V24/><F24/><W45/><G27/><T88/><D26/><U75/><E75/><V41/><F41/><W106/><G106/><T76/><D58/><U100/><E31/><V85/><F77/><W82/><G92/><T56/><D56/><U129/><E129/><V40/><F74/><W32/><G32/><T105/><D105/><U60/><E44/><V91/><F91/><W121/><G121/><T99/><D99/><N who="1" m="59519" /><E39/><V16/><F40/><W114/><G114/><T1/><D42/><U107/><E86/><V17/><F3/><W120/><G120/><T80/><D80/><U47/><E47/><V133/><F7/><N who="3" m="2571" /><G82/><T134/><REACH who="0" step="1"/><D51/><REACH who="0" ten="210,273,111,396" step="2"/><U119/><E107/><V127/><F127/><W83/><G83/><T23/><D23/><AGARI ba="0,1" hai="15,19,23,45,46,48,49,53,54,78,79" m="2571" machi="23" ten="30,1500,0" yaku="8,1" doraHai="128" who="3" fromWho="0" sc="210,-15,273,0,111,0,396,25" /><INIT seed="3,1,0,0,3,92" ten="195,273,111,421" oya="3" hai0="40,18,37,95,88,130,51,73,10,56,35,83,124" hai1="86,48,115,33,72,29,21,23,57,52,16,96,71" hai2="134,43,3,5,53,118,122,131,1,104,107,81,22" hai3="39,24,94,11,101,105,100,116,49,17,46,132,66"/><W9/><G116/><T127/><D35/><U84/><E72/><V36/><F118/><W26/><G39/><T34/><D34/><U64/><E115/><V47/><F131/><W27/><G105/><T25/><D130/><U133/><E133/><V121/><F134/><W89/><G132/><T135/><D37/><U70/><E33/><V44/><F22/><W14/><G66/><T85/><D135/><U82/><E29/><V13/><F13/><W90/><G9/><T42/><D56/><U20/><E70/><V74/><F53/><W108/><G108/><T12/><D25/><U109/><E109/><V106/><F47/><W55/><REACH who="3" step="1"/><G90/><REACH who="3" ten="195,273,111,411" step="2"/><T30/><D124/><U98/><E64/><V15/><F1/><W125/><G125/><T103/><D127/><U32/><E71/><V60/><F107/><W76/><G76/><T114/><D114/><U59/><E32/><V91/><F91/><W2/><G2/><T61/><D88/><N who="1" m="51223" /><E86/><AGARI ba="1,1" hai="11,14,17,24,26,27,46,49,55,86,89,94,100,101" machi="86" ten="40,3900,0" yaku="1,1,8,1,53,0" doraHai="92" doraHaiUra="110" who="3" fromWho="1" sc="195,0,273,-42,111,0,411,52" /><INIT seed="3,2,0,5,0,48" ten="195,231,111,463" oya="3" hai0="71,85,105,63,39,45,21,4,22,66,109,132,131" hai1="14,102,55,41,25,128,130,61,47,125,83,11,100" hai2="90,29,54,119,103,112,38,135,43,0,82,33,9" hai3="89,23,7,96,121,8,70,13,127,24,95,88,58"/><W46/><G121/><T57/><D131/><N who="1" m="50219" /><E125/><V122/><F112/><W69/><G127/><T15/><D109/><U5/><E25/><V44/><F119/><W59/><G69/><T98/><D132/><U16/><E5/><V76/><F135/><W20/><G70/><T84/><D105/><U93/><E83/><V94/><F122/><W17/><G46/><T10/><D98/><U134/><E134/><V113/><F103/><W118/><G118/><T129/><D129/><U126/><E126/><V81/><F113/><W27/><REACH who="3" step="1"/><G89/><REACH who="3" ten="195,231,111,453" step="2"/><T18/><D71/><U67/><E100/><V123/><F123/><W77/><G77/><T86/><D45/><U133/><E102/><V117/><F117/><W49/><G49/><T108/><D39/><U50/><E133/><V12/><F76/><W40/><G40/><T28/><D108/><U101/><E101/><V116/><F116/><W104/><G104/><T68/><D68/><N who="1" m="42095" /><E93/><V62/><F94/><W53/><G53/><AGARI ba="2,1" hai="11,14,16,41,47,50,53,55" m="42095,50219" machi="53" ten="30,7700,0" yaku="19,1,52,2,54,1" doraHai="48" who="1" fromWho="3" sc="195,0,231,93,111,0,453,-83" /><INIT seed="4,0,0,5,5,86" ten="195,324,111,370" oya="0" hai0="60,44,118,42,98,29,79,117,59,35,51,111,13" hai1="120,47,22,121,36,50,19,37,27,78,125,131,65" hai2="127,115,105,102,81,9,87,124,96,34,90,41,132" hai3="116,134,1,18,4,31,58,85,63,97,5,66,113"/><T25/><D111/><U83/><E125/><N who="2" m="48203" /><F34/><W14/><G116/><T126/><D126/><U57/><E131/><V82/><F9/><W128/><G113/><T103/><D79/><U6/><E6/><V54/><F41/><W93/><G134/><T32/><D13/><U70/><E70/><V64/><F64/><W43/><G128/><T109/><D109/><U88/><E120/><V40/><F40/><W108/><G108/><T55/><REACH who="0" step="1"/><D35/><REACH who="0" ten="185,324,111,370" step="2"/><U49/><E121/><V72/><F54/><W71/><G14/><T38/><D38/><U68/><E78/><N who="2" m="44231" /><F115/><W7/><G43/><T24/><D24/><U10/><E37/><V92/><F132/><W2/><G2/><T123/><D123/><U45/><E36/><V33/><F33/><W26/><G1/><T133/><D133/><U28/><E27/><V114/><F114/><W11/><G26/><T20/><D20/><U104/><E22/><V69/><F69/><W67/><G71/><T76/><D76/><U129/><E68/><V112/><F112/><W15/><G15/><T53/><D53/><U46/><E129/><V99/><F99/><W130/><G97/><T56/><D56/><U62/><E57/><V39/><F39/><W95/><G58/><T23/><D23/><U8/><E8/><V89/><F105/><AGARI ba="0,1" hai="25,29,32,42,44,51,55,59,60,98,103,105,117,118" machi="105" ten="30,2900,0" yaku="1,1,7,1,53,0" doraHai="86" doraHaiUra="16" who="0" fromWho="2" sc="185,39,324,0,111,-29,370,0" /><INIT seed="4,1,0,3,3,92" ten="224,324,82,370" oya="0" hai0="53,108,9,118,93,17,52,131,90,56,65,99,96" hai1="22,113,130,1,30,124,50,84,74,76,68,62,81" hai2="100,29,28,38,41,40,83,37,79,80,116,78,67" hai3="120,64,77,54,7,6,4,94,125,34,85,121,42"/><T128/><D118/><U11/><E124/><V123/><F67/><W111/><G111/><T82/><D108/><U114/><E130/><N who="0" m="49705" /><D82/><U63/><E74/><V102/><REACH who="2" step="1"/><F123/><REACH who="2" ten="224,324,72,370" step="2"/><W36/><G64/><T49/><D65/><U101/><E68/><V135/><F135/><W44/><G121/><T25/><D53/><U133/><E133/><V91/><F91/><W107/><G54/><T72/><D72/><U19/><E101/><V24/><F24/><W105/><G120/><T132/><D132/><U129/><E129/><V103/><F103/><W8/><G125/><T10/><D99/><U18/><E113/><V43/><F43/><W55/><G55/><T20/><AGARI ba="1,1" hai="9,10,17,20,25,49,52,56,90,93,96" m="49705" machi="20" ten="30,6000,0" yaku="19,1,52,1,54,1" doraHai="92" who="0" fromWho="0" sc="224,73,324,-21,72,-21,370,-21" /><INIT seed="4,2,0,0,5,111" ten="297,303,51,349" oya="0" hai0="38,132,123,26,0,74,96,20,86,66,125,69,78" hai1="101,24,22,89,114,6,133,45,134,92,43,4,30" hai2="48,37,32,28,83,113,126,128,13,51,19,122,72" hai3="10,75,21,119,3,106,98,17,15,131,56,8,84"/><T88/><D123/><U77/><E101/><V18/><F122/><W129/><G119/><T105/><D125/><U54/><E77/><V53/><F37/><W52/><G75/><T65/><D132/><N who="1" m="50795" /><E54/><V47/><F126/><W46/><G46/><T95/><D0/><U63/><E63/><V34/><F128/><N who="3" m="49227" /><G3/><T116/><D38/><N who="1" m="21751" /><E114/><V50/><F19/><W118/><G118/><T27/><D116/><U29/><E29/><V35/><F28/><W100/><G84/><AGARI ba="2,0" hai="4,6,22,24,30,84,89,92" m="21751,50795" machi="84" ten="30,1000,0" yaku="20,1" doraHai="111" who="1" fromWho="3" sc="297,0,303,16,51,0,349,-16" /><INIT seed="5,0,0,2,4,67" ten="297,319,51,333" oya="1" hai0="35,44,114,55,59,36,26,74,47,46,82,119,72" hai1="73,57,10,128,91,107,50,28,101,2,106,65,111" hai2="132,34,77,100,40,117,94,0,63,93,54,98,11" hai3="79,115,52,134,21,85,60,25,37,17,66,20,12"/><U41/><E128/><V24/><F117/><W80/><G115/><T88/><D119/><U129/><E129/><V27/><F132/><W14/><G134/><T4/><D4/><U110/><E73/><V69/><F77/><W45/><G37/><T105/><D105/><U70/><E28/><V109/><F109/><N who="1" m="41481" /><E91/><V95/><F40/><W31/><G45/><T97/><D36/><U16/><E101/><V22/><F54/><W87/><G52/><T33/><D114/><U130/><E130/><V75/><F75/><W15/><REACH who="3" step="1"/><G87/><REACH who="3" ten="297,319,51,323" step="2"/><T3/><D74/><U102/><E41/><V29/><F0/><W62/><G62/><T58/><D3/><U99/><E2/><V19/><REACH who="2" step="1"/><F11/><REACH who="2" ten="297,319,41,323" step="2"/><W113/><G113/><T83/><D72/><U53/><E10/><V96/><F96/><W13/><G13/><T6/><D55/><U108/><E108/><V127/><F127/><W103/><G103/><T43/><D97/><U39/><E99/><V48/><F48/><W124/><G124/><T133/><D43/><U112/><E102/><V42/><F42/><W89/><G89/><T68/><D88/><U8/><E112/><V18/><F18/><W51/><G51/><T78/><D133/><U135/><E135/><V49/><F49/><W104/><G104/><T32/><D78/><U86/><E39/><V30/><F30/><W84/><G84/><T9/><D9/><U121/><E86/><V7/><F7/><W125/><G125/><T5/><D6/><U71/><E107/><V81/><F81/><W92/><G92/><T123/><D5/><U131/><E106/><RYUUKYOKU ba="0,2" sc="297,-15,319,-15,41,15,323,15" hai2="19,22,24,27,29,34,63,69,93,94,95,98,100" hai3="12,14,15,17,20,21,25,31,60,66,79,80,85" /><INIT seed="6,1,2,0,3,124" ten="282,304,56,338" oya="2" hai0="99,71,70,45,64,116,134,4,49,52,128,133,8" hai1="44,123,82,129,62,20,16,83,19,5,125,6,80" hai2="72,46,118,90,120,43,115,32,84,10,78,122,40" hai3="97,98,37,36,65,107,85,25,42,76,14,59,114"/><V68/><F118/><W104/><G114/><T117/><D99/><U47/><E125/><V108/><F68/><N who="0" m="26154" /><D64/><U113/><E113/><V135/><F115/><W109/><G109/><T79/><D79/><U18/><E123/><V131/><F32/><W69/><G69/><T75/><D75/><U96/><E129/><V74/><F108/><W100/><G25/><T94/><D94/><U39/><E39/><V34/><F34/><W17/><G42/><T30/><D30/><U91/><E62/><V101/><F78/><W48/><G76/><T28/><D28/><U56/><E56/><V51/><F101/><W26/><G26/><T9/><D128/><U67/><E67/><V3/><F135/><N who="0" m="51722" /><D9/><U55/><E20/><V112/><F112/><W77/><G77/><T87/><D87/><U61/><E61/><V63/><F131/><W31/><G85/><T102/><D102/><U110/><E110/><V121/><F63/><W38/><G31/><T95/><D95/><N who="1" m="56447" /><E55/><V15/><F40/><W130/><G130/><T2/><AGARI ba="1,2" hai="2,4,8,45,49,52,116,117" m="51722,26154" machi="2" ten="40,2700,0" yaku="20,1,54,1" doraHai="124" who="0" fromWho="0" sc="282,50,304,-8,56,-14,338,-8" /><INIT seed="7,0,0,5,0,36" ten="332,296,42,330" oya="3" hai0="105,96,130,65,40,21,129,13,134,25,14,89,63" hai1="30,55,83,79,15,41,44,132,5,87,108,119,127" hai2="18,133,10,90,98,50,131,61,23,7,95,32,100" hai3="84,86,120,0,51,19,91,45,82,107,29,76,114"/><W33/><G120/><T92/><D40/><U35/><E108/><V103/><F131/><N who="0" m="50186" /><D105/><U59/><E119/><V22/><F133/><W4/><G107/><T52/><D52/><U118/><E132/><V20/><F32/><W94/><G114/><T121/><D121/><U135/><E135/><V42/><F23/><W117/><G117/><T2/><D2/><U116/><E127/><V113/><F113/><W43/><G19/><N who="0" m="12479" /><D134/><U102/><E102/><V28/><F22/><W109/><G109/><T39/><D39/><U54/><E116/><V106/><F106/><W74/><G4/><T9/><D9/><N who="1" m="4527" /><E118/><V27/><F28/><W112/><G112/><T53/><D53/><U77/><E77/><V70/><F70/><AGARI ba="0,0" hai="13,14,63,65,70,89,92,96" m="12479,50186" machi="70" ten="30,1000,0" yaku="19,1" doraHai="36" who="0" fromWho="2" sc="332,10,296,0,42,-10,330,0" owari="342,44.2,296,-10.4,32,-46.8,330,13.0" /></mjloggm>