<mjloggm ver="2.3"><GO type="169" lobby="0"/><UN n0="%E8%8A%B1%E9%81%93%E6%A1%9C%E6%9C%A8" n1="%69%50%68%6F%6E%65%31" n2="%E3%83%AC%E3%82%A4%E3%83%88%E3%83%B3%E5%87%86%E6%95%99%E6%8E%88" n3="%E3%83%A9%E3%83%B3%E3%82%B9%E3%83%AD%E3%83%83%E3%83%88" dan="16,16,18,16" rate="2136.95,2125.24,2275.64,2106.35" sx="M,M,M,M"/><TAIKYOKU oya="0"/><INIT seed="0,0,0,4,2,49" ten="250,250,250,250" oya="0" hai0="14,52,18,61,90,110,100,109,129,8,84,25,111" hai1="102,112,113,94,73,2,93,104,118,53,20,125,81" hai2="96,29,135,77,12,67,70,101,76,41,28,119,126" hai3="1,60,59,66,47,106,38,95,36,116,21,82,86"/><T27/><D129/><U127/><E2/><V68/><F135/><W98/><G106/><T92/><D100/><U24/><E24/><V10/><F126/><N who="1" m="48137" /><E20/><V3/><F3/><W134/><G134/><T34/><D34/><U128/><E53/><V16/><F41/><W63/><G1/><T0/><D0/><U123/><E128/><V130/><F130/><W4/><G4/><T33/><D33/><U57/><E57/><AGARI ba="0,0" hai="8,14,18,25,27,52,57,61,84,90,92,109,110,111" machi="57" ten="40,12000,1" yaku="14,1,10,1,52,1,54,1" doraHai="49" who="0" fromWho="1" sc="250,120,250,-120,250,0,250,0" /><INIT seed="0,1,0,3,2,82" ten="370,130,250,250" oya="0" hai0="15,105,131,2,114,66,31,65,9,89,73,80,133" hai1="22,25,108,59,97,116,92,41,132,134,90,24,125" hai2="63,93,126,72,1,95,54,118,7,119,98,45,70" hai3="43,110,64,18,52,107,23,104,46,48,57,111,4"/><T56/><D114/><U19/><E116/><N who="2" m="44587" /><F72/><W106/><G64/><T78/><D133/><U94/><E108/><V13/><F126/><W109/><G4/><T120/><D120/><U37/><E125/><V102/><F1/><W74/><G74/><T96/><D131/><U44/><E25/><V81/><F81/><W86/><G86/><T123/><D123/><U103/><REACH who="1" step="1"/><E59/><REACH who="1" ten="370,120,250,250" step="2"/><N who="2" m="35319" /><F70/><W121/><G121/><T8/><D56/><U21/><E21/><V112/><F112/><W79/><G79/><T61/><D78/><U39/><E39/><V47/><F47/><W99/><G99/><AGARI ba="1,1" hai="19,22,24,37,41,44,90,92,94,97,99,103,132,134" machi="99" ten="40,2600,0" yaku="1,1,53,1" doraHai="82" doraHaiUra="68" who="1" fromWho="3" sc="370,0,120,39,250,0,250,-29" /><INIT seed="1,0,0,2,5,49" ten="370,159,250,221" oya="1" hai0="5,81,107,92,34,119,67,64,123,40,28,71,57" hai1="10,72,60,120,84,11,133,70,16,55,44,99,88" hai2="30,117,4,126,20,15,112,106,45,74,12,23,111" hai3="96,109,24,22,13,17,124,129,116,93,121,78,46"/><U41/><E72/><V6/><F74/><W125/><G121/><T87/><D107/><U56/><E120/><V130/><F106/><W80/><G109/><T73/><D71/><U110/><E133/><V8/><F45/><W38/><G129/><T47/><D119/><U37/><E110/><V52/><F111/><W108/><G108/><T2/><D34/><U83/><E99/><V103/><F117/><W69/><G69/><T26/><D92/><U91/><E91/><V97/><F130/><W29/><G116/><T115/><D115/><U132/><E132/><V135/><F135/><W86/><G46/><T75/><D75/><U9/><REACH who="1" step="1"/><E70/><REACH who="1" ten="370,149,250,221" step="2"/><V18/><F112/><W95/><G38/><T114/><D73/><U77/><E77/><V82/><F97/><W134/><G134/><T85/><D114/><U65/><E65/><V105/><F103/><W27/><G96/><T54/><D67/><U76/><E76/><V122/><F122/><W102/><G102/><T100/><D64/><U39/><E39/><V90/><F90/><W62/><G78/><T58/><D100/><U36/><E36/><V35/><F105/><W131/><G131/><T19/><D123/><U7/><E7/><V42/><F4/><W89/><G89/><T118/><D5/><U63/><E63/><V0/><F6/><W43/><G62/><T128/><D118/><U25/><E25/><V59/><F0/><W14/><G24/><T101/><D26/><U66/><E66/><V32/><F15/><AGARI ba="0,1" hai="9,10,11,15,16,37,41,44,55,56,60,83,84,88" machi="15" ten="40,12000,1" yaku="1,1,52,1,54,2,53,0" doraHai="49" doraHaiUra="104" who="1" fromWho="2" sc="370,0,149,130,250,-120,221,0" /><INIT seed="1,1,0,4,4,42" ten="370,279,130,221" oya="1" hai0="25,56,109,37,52,118,60,17,95,46,120,123,49" hai1="15,129,126,122,115,130,47,57,111,31,81,132,75" hai2="108,50,77,134,119,19,61,83,103,113,34,99,73" hai3="14,59,72,127,116,24,66,85,94,4,125,23,54"/><U10/><E115/><V67/><F119/><W65/><G72/><T41/><D118/><U91/><E122/><N who="0" m="46633" /><D109/><U93/><E31/><V63/><F108/><W92/><G116/><T105/><D105/><U5/><E111/><V55/><F113/><W7/><G14/><T79/><D79/><U45/><E57/><V13/><F134/><W74/><G74/><T89/><D17/><U70/><E70/><V121/><F34/><W87/><G59/><T38/><D25/><U39/><E39/><V107/><F67/><W69/><G24/><T101/><D101/><U104/><E104/><V43/><F43/><W64/><G54/><T26/><D26/><U62/><E132/><V18/><F18/><W12/><G12/><T2/><D2/><U97/><E62/><V80/><F80/><W16/><G16/><T8/><D8/><U71/><E71/><V11/><REACH who="2" step="1"/><F121/><REACH who="2" ten="370,279,120,221" step="2"/><W58/><G65/><T33/><D33/><U110/><E110/><V27/><F27/><W86/><G64/><T53/><D41/><U20/><E126/><V9/><F9/><W135/><G69/><T98/><AGARI ba="1,1" hai="37,38,46,49,52,53,56,60,89,95,98" m="46633" machi="98" ten="30,4000,0" yaku="13,1,52,1,54,1" doraHai="42" who="0" fromWho="0" sc="370,53,279,-21,120,-11,221,-11" /><INIT seed="2,0,0,3,1,129" ten="423,258,109,210" oya="2" hai0="122,94,60,67,77,114,5,25,93,83,95,132,115" hai1="120,113,56,121,26,49,16,128,68,70,110,0,29" hai2="127,86,45,15,20,27,74,3,64,61,33,76,103" hai3="134,50,23,105,98,18,22,44,24,39,35,133,10"/><V41/><F127/><W30/><G39/><T40/><D122/><U12/><E0/><V107/><F3/><W52/><G10/><T51/><D5/><U31/><E113/><V19/><F74/><W8/><G8/><T111/><D111/><U79/><E79/><V82/><F107/><W65/><G65/><T53/><D40/><U57/><E128/><V123/><F103/><W101/><REACH who="3" step="1"/><G22/><REACH who="3" ten="423,258,109,200" step="2"/><T34/><D67/><U106/><E121/><V17/><F123/><W54/><G54/><T46/><D53/><U124/><E120/><V6/><F33/><W43/><G43/><T130/><D34/><U2/><E110/><V55/><F55/><W42/><G42/><T90/><D130/><U4/><E124/><V109/><F109/><W32/><G32/><T118/><D115/><U7/><E7/><V99/><F6/><W72/><G72/><T37/><D37/><U126/><E4/><V62/><F64/><W131/><G131/><T91/><D114/><U102/><E126/><V125/><F125/><W48/><G48/><T84/><D51/><U75/><E49/><N who="2" m="26799" /><F99/><W36/><G36/><T66/><D66/><U88/><E75/><V59/><F59/><W9/><G9/><AGARI ba="0,1" hai="9,15,17,19,20,27,61,62,76,82,86" m="26799" machi="9" ten="30,1500,0" yaku="8,1" doraHai="129" who="2" fromWho="3" sc="423,0,258,0,109,25,200,-15" /><INIT seed="2,1,0,1,2,129" ten="423,258,134,185" oya="2" hai0="2,122,64,63,27,30,81,76,19,130,28,5,101" hai1="23,113,114,21,58,68,99,18,66,13,15,50,31" hai2="0,3,95,131,121,109,79,73,6,104,12,71,25" hai3="100,118,33,62,53,119,126,112,89,44,8,32,123"/><V78/><F121/><W135/><G123/><T91/><D122/><U16/><E68/><V88/><F104/><W111/><G111/><T38/><D38/><U54/><E66/><V75/><F109/><W67/><G126/><T133/><D101/><U4/><E4/><V115/><F115/><W34/><G100/><T70/><D130/><U17/><E31/><V9/><F131/><W86/><G112/><T128/><D91/><U117/><E117/><V120/><F71/><W102/><G8/><T61/><D61/><U103/><REACH who="1" step="1"/><E17/><REACH who="1" ten="423,248,134,185" step="2"/><V74/><F120/><W35/><G67/><T49/><D19/><U69/><E69/><V52/><F0/><W43/><G118/><T37/><D30/><U124/><E124/><V11/><F3/><W92/><G119/><T20/><D5/><U116/><E116/><V80/><F6/><W65/><G65/><T14/><D2/><U60/><E60/><V41/><F12/><W134/><G62/><T93/><D14/><U51/><E51/><V26/><F26/><W125/><G125/><T132/><D49/><U7/><E7/><V29/><F25/><W84/><G33/><T108/><D128/><U127/><E127/><V46/><F29/><W55/><G34/><T83/><D108/><U48/><E48/><V39/><F39/><N who="3" m="21631" /><G32/><T57/><D37/><U77/><E77/><V94/><F78/><W96/><G35/><T47/><D70/><U72/><E72/><V90/><F79/><W82/><G84/><T22/><D63/><U105/><AGARI ba="1,1" hai="13,15,16,18,21,23,50,54,58,99,103,105,113,114" machi="105" ten="20,8000,1" yaku="1,1,0,1,7,1,9,1,54,1,53,0" doraHai="129" doraHaiUra="107" who="1" fromWho="1" sc="423,-21,248,93,134,-41,185,-21" /><INIT seed="3,0,0,5,0,29" ten="402,341,93,164" oya="3" hai0="116,80,126,73,114,108,70,4,89,60,99,90,71" hai1="59,109,57,76,49,98,31,132,39,25,61,135,130" hai2="121,42,75,30,8,115,128,117,104,84,69,86,103" hai3="82,51,112,102,56,87,21,13,64,118,16,40,24"/><W79/><G112/><T43/><D116/><U22/><E39/><V14/><F115/><W20/><G118/><T78/><D114/><U111/><E130/><V50/><F117/><W23/><G102/><T107/><D108/><N who="1" m="41547" /><E76/><V62/><F128/><W55/><G64/><T26/><D126/><U105/><E49/><V45/><F75/><W12/><G40/><T48/><D4/><U97/><E59/><V81/><F121/><W15/><AGARI ba="0,0" hai="12,13,15,16,20,21,23,24,51,55,56,79,82,87" machi="15" ten="30,6000,0" yaku="0,1,8,1,54,1" doraHai="29" who="3" fromWho="3" sc="402,-20,341,-20,93,-20,164,60" /><INIT seed="3,1,0,0,1,77" ten="382,321,73,224" oya="3" hai0="98,39,113,14,54,23,134,43,95,12,103,9,61" hai1="10,70,118,38,19,123,41,120,44,82,124,15,102" hai2="88,5,129,122,64,89,24,97,75,121,83,7,110" hai3="119,26,116,115,68,100,85,71,126,74,96,63,16"/><W92/><G115/><T80/><D113/><U6/><E70/><V31/><F110/><W114/><G114/><T128/><D128/><U58/><E124/><V78/><F129/><W46/><G74/><T25/><D134/><U105/><E118/><V109/><F64/><W112/><G112/><T62/><D39/><U27/><E105/><V32/><F109/><W36/><G126/><T67/><D43/><U87/><E102/><V20/><F32/><W28/><G71/><T131/><D131/><U101/><E101/><V55/><F55/><W22/><G28/><T90/><D54/><U18/><E58/><V29/><F29/><W35/><G35/><T86/><D9/><U135/><E135/><V73/><F73/><W91/><G36/><T0/><D0/><U52/><E52/><V11/><F5/><W47/><G47/><T40/><D40/><U53/><E53/><V130/><F130/><W4/><G4/><T65/><D65/><U117/><E117/><V33/><F33/><W81/><REACH who="3" step="1"/><G46/><REACH who="3" ten="382,321,73,214" step="2"/><T79/><D62/><U94/><E6/><V76/><F76/><W8/><G8/><T30/><REACH who="0" step="1"/><D79/><REACH who="0" ten="372,321,73,214" step="2"/><N who="1" m="46559" /><E38/><V72/><F72/><W49/><G49/><T107/><D107/><U69/><E41/><V2/><F122/><W13/><G13/><T48/><D48/><U34/><E123/><V50/><F121/><W127/><G127/><T99/><D99/><U125/><E120/><V132/><F132/><W59/><G59/><AGARI ba="1,2" hai="12,14,23,25,30,59,61,67,80,86,90,95,98,103" machi="59" ten="30,12000,2" yaku="1,1,7,1,25,2,8,1,52,1,53,0" doraHai="77" doraHaiUra="42" who="0" fromWho="3" sc="372,143,321,0,73,0,214,-123" /><INIT seed="4,0,0,0,4,56" ten="515,321,73,91" oya="0" hai0="121,52,65,57,73,35,1,2,32,14,18,133,83" hai1="16,130,107,103,64,129,69,99,102,48,50,26,12" hai2="109,75,68,78,117,97,110,46,54,119,89,122,55" hai3="72,95,90,20,81,11,40,51,67,116,63,7,61"/><T0/><D121/><U10/><E103/><V71/><F122/><W113/><G116/><N who="2" m="44617" /><F78/><W4/><G113/><T126/><D126/><U22/><E69/><N who="2" m="26699" /><F75/><W98/><G72/><T59/><D133/><U135/><E64/><V15/><F15/><N who="3" m="5607" /><G7/><T27/><D27/><U30/><REACH who="1" step="1"/><E135/><REACH who="1" ten="515,311,73,91" step="2"/><V86/><F110/><W39/><G67/><T44/><D65/><U124/><E124/><V8/><F109/><W42/><G39/><T36/><D36/><U84/><E84/><V104/><F86/><W108/><G108/><T5/><D73/><U132/><E132/><V37/><F37/><W33/><G33/><T21/><D35/><U25/><E25/><V115/><F115/><W120/><G120/><T128/><D32/><U49/><AGARI ba="0,1" hai="10,12,16,22,26,30,48,49,50,99,102,107,129,130" machi="49" ten="30,4000,0" yaku="1,1,0,1,54,1,53,0" doraHai="56" doraHaiUra="3" who="1" fromWho="1" sc="515,-20,311,50,73,-10,91,-10" /><INIT seed="5,0,0,3,2,101" ten="495,361,63,81" oya="1" hai0="74,77,3,50,29,102,7,91,92,103,109,22,114" hai1="71,126,67,110,35,86,16,98,24,79,51,45,28" hai2="66,48,117,78,55,129,95,18,62,125,84,87,44" hai3="89,34,13,49,56,39,20,97,93,12,4,124,17"/><U47/><E126/><V69/><F117/><W116/><G124/><T59/><D109/><U121/><E121/><V105/><F125/><W123/><G123/><T33/><D33/><U70/><E110/><V31/><F129/><W120/><G120/><T85/><D114/><U119/><E119/><V111/><F111/><W99/><G39/><T135/><D135/><U0/><E0/><V40/><F31/><W108/><G34/><T37/><D37/><U9/><E98/><V82/><F105/><W130/><G130/><T107/><D7/><U112/><E112/><V131/><F131/><W19/><G4/><T72/><D3/><U57/><E57/><V90/><REACH who="2" step="1"/><F18/><REACH who="2" ten="495,361,53,81" step="2"/><W27/><G108/><T80/><D107/><U63/><E71/><V32/><F32/><W113/><G116/><T132/><D29/><U53/><E16/><V94/><F94/><N who="3" m="56527" /><G113/><T1/><D92/><U14/><E47/><V128/><F128/><W76/><G17/><T88/><D132/><U64/><E70/><V68/><F68/><W115/><G115/><T61/><D59/><U81/><E63/><V6/><F6/><W23/><G23/><T54/><D22/><U133/><E133/><V43/><AGARI ba="0,1" hai="40,43,44,48,55,62,66,69,78,82,84,87,90,95" machi="43" ten="30,4000,0" yaku="1,1,0,1,53,1" doraHai="101" doraHaiUra="60" who="2" fromWho="2" sc="495,-10,361,-20,53,50,81,-10" /><INIT seed="6,0,0,4,3,6" ten="485,341,103,71" oya="2" hai0="135,0,99,22,105,83,102,103,124,55,109,58,82" hai1="91,119,30,68,49,81,9,86,21,35,37,39,28" hai2="5,2,41,13,100,10,130,33,19,31,72,65,50" hai3="14,76,61,47,85,132,101,48,52,96,121,46,90"/><V74/><F130/><W44/><G121/><T77/><D109/><U98/><E119/><V66/><F100/><W60/><G132/><T3/><D135/><U125/><E35/><V29/><F72/><W80/><G76/><T1/><D124/><U27/><E30/><V12/><F74/><W89/><G89/><T15/><D103/><U97/><E68/><V117/><F117/><W56/><REACH who="3" step="1"/><G14/><REACH who="3" ten="485,341,103,61" step="2"/><T63/><D77/><U8/><E125/><V95/><F2/><W73/><G73/><T122/><D122/><U87/><E39/><V38/><F38/><W88/><G88/><T107/><D15/><U126/><E37/><V110/><F12/><W25/><G25/><T54/><D3/><U18/><E126/><V42/><F13/><W128/><G128/><T104/><D1/><U7/><E7/><V64/><F5/><W45/><N who="3" m="11264" /><DORA hai="131" /><W111/><G111/><T43/><D0/><U78/><E49/><V34/><F50/><W23/><G23/><T69/><D22/><U20/><E20/><V51/><F51/><W134/><G134/><T40/><D40/><U16/><E18/><V70/><F42/><W92/><AGARI ba="0,1" hai="48,52,56,60,61,80,85,90,92,96,101" m="11264" machi="92" ten="40,8000,1" yaku="1,1,0,1,8,1,54,1,53,0" doraHai="6,131" doraHaiUra="129,26" who="3" fromWho="3" sc="485,-20,341,-20,103,-40,61,90" /><INIT seed="7,0,0,0,4,59" ten="465,321,63,151" oya="3" hai0="101,52,10,85,66,51,104,72,12,131,61,60,111" hai1="78,88,126,29,20,96,19,130,62,84,107,82,128" hai2="31,87,13,0,105,119,121,46,48,4,11,16,106" hai3="35,86,27,8,123,100,76,5,55,53,24,7,56"/><W134/><G123/><T132/><D72/><U99/><E126/><V30/><F119/><W98/><G35/><T34/><D111/><U47/><E107/><V22/><F121/><W63/><G134/><T118/><D118/><U54/><E29/><V1/><F1/><W71/><G71/><T80/><D34/><U49/><E130/><V120/><F120/><W75/><G53/><T70/><D132/><U64/><E78/><V38/><F38/><W83/><G75/><T26/><D131/><U67/><E67/><V114/><F114/><W25/><REACH who="3" step="1"/><G8/><REACH who="3" ten="465,321,63,141" step="2"/><T94/><D70/><U133/><E133/><V3/><F3/><W117/><G117/><T45/><D52/><U17/><E128/><V43/><REACH who="2" step="1"/><F87/><REACH who="2" ten="465,321,53,141" step="2"/><W124/><G124/><T36/><D85/><U57/><REACH who="1" step="1"/><E19/><REACH who="1" ten="465,311,53,141" step="2"/><V39/><F39/><W58/><G58/><T41/><D36/><U68/><E68/><V127/><F127/><W89/><G89/><T37/><D37/><U69/><E69/><V15/><F15/><AGARI ba="0,3" hai="15,17,20,47,49,54,57,62,64,82,84,88,96,99" machi="15" ten="30,8000,1" yaku="1,1,7,1,8,1,52,1,54,1,53,0" doraHai="59" doraHaiUra="2" who="1" fromWho="2" sc="465,0,311,110,53,-80,141,0" owari="465,56.5,421,22.1,-27,-52.7,141,-25.9" /></mjloggm>