<mjloggm ver="2.3"><GO type="169" lobby="0"/><UN n0="%E3%82%A8%E3%82%B9%E3%82%B1%E3%83%BC%2E" n1="%E3%81%B1%E3%83%BC%E3%81%9B%E3%82%93%E3%81%A8%E4%BE%8D" n2="%E3%81%BF%E3%82%84%E3%81%AF%E3%82%89" n3="%68%7A%63" dan="17,18,16,18" rate="2172.83,2213.51,2049.10,2223.59" sx="M,M,M,F"/><TAIKYOKU oya="0"/><INIT seed="0,0,0,2,2,86" ten="250,250,250,250" oya="0" hai0="110,121,49,72,14,20,93,131,108,6,15,135,31" hai1="122,74,84,79,115,0,98,128,89,60,30,71,47" hai2="104,82,100,132,78,35,83,92,118,54,26,42,105" hai3="61,33,24,46,36,11,69,2,38,40,50,45,17"/><T29/><D121/><U59/><E122/><V68/><F132/><W34/><G17/><N who="0" m="10295" /><D72/><U9/><E128/><V113/><F42/><N who="3" m="22743" /><G50/><T7/><D49/><U88/><E71/><V109/><F113/><W52/><G24/><T37/><D37/><U87/><E115/><V133/><F109/><N who="0" m="42090" /><D131/><U10/><E47/><V85/><F68/><W124/><G124/><T70/><D70/><U5/><E98/><V73/><F118/><W119/><G119/><T62/><D62/><U16/><E30/><N who="0" m="11273" /><D135/><U44/><E44/><V41/><F133/><W58/><G69/><T116/><D116/><U53/><E74/><V43/><F41/><W112/><G112/><T18/><D93/><U32/><E32/><V81/><F43/><W13/><G34/><T22/><AGARI ba="0,0" hai="6,7,15,18,22" m="11273,42090,10295" machi="22" ten="30,11700,0" yaku="14,1,10,1,34,2" doraHai="86" who="0" fromWho="0" sc="250,117,250,-39,250,-39,250,-39" /><INIT seed="0,1,0,0,1,56" ten="367,211,211,211" oya="0" hai0="38,36,25,112,39,48,58,124,42,134,135,98,49" hai1="8,131,13,128,122,40,64,133,54,2,47,4,93" hai2="120,114,115,3,45,21,24,85,96,108,5,129,110" hai3="61,30,6,125,65,10,104,12,44,69,107,117,77"/><T15/><D112/><U75/><E122/><V57/><F120/><W90/><G125/><T11/><D124/><U71/><E75/><V35/><F129/><W70/><G117/><T60/><D25/><U46/><E133/><N who="0" m="50697" /><D42/><U119/><E119/><V89/><F35/><W79/><G70/><T28/><D28/><U32/><E32/><V34/><F34/><W116/><G30/><T51/><D98/><U52/><E2/><V130/><F130/><N who="1" m="49705" /><E93/><V55/><F96/><W92/><G116/><T37/><N who="0" m="9216" /><DORA hai="76" /><T100/><D100/><U14/><E14/><V7/><F45/><N who="1" m="16905" /><E40/><V33/><F33/><W126/><G44/><T111/><D111/><N who="2" m="42538" /><F3/><W105/><REACH who="3" step="1"/><G126/><REACH who="3" ten="367,211,211,201" step="2"/><T82/><D82/><U123/><E123/><V127/><F127/><W50/><G50/><T86/><D86/><AGARI ba="1,1" hai="6,10,12,61,65,69,77,79,86,90,92,104,105,107" machi="86" ten="40,2600,0" yaku="1,1,52,1,53,0" doraHai="56,76" doraHaiUra="99,18" who="3" fromWho="0" sc="367,-29,211,0,211,0,201,39" /><INIT seed="1,0,0,0,2,123" ten="338,211,211,240" oya="1" hai0="130,82,118,105,35,15,120,20,4,17,56,116,61" hai1="101,19,32,2,126,131,65,13,93,21,16,121,133" hai2="41,122,5,104,44,33,49,94,76,39,58,114,135" hai3="52,109,54,48,6,73,31,71,107,46,28,108,69"/><U60/><E121/><V113/><F122/><W132/><G107/><T81/><D105/><U106/><E126/><V27/><F104/><W85/><G73/><T96/><D35/><U86/><E131/><V42/><F135/><W90/><G6/><T53/><D130/><U1/><E133/><V92/><F5/><W9/><G9/><T127/><D127/><U40/><E32/><V134/><F76/><W63/><G132/><T74/><D120/><U14/><E40/><V66/><F134/><W67/><G71/><T95/><D4/><U87/><E106/><V129/><F129/><W75/><G75/><T30/><D30/><U89/><E87/><V24/><F33/><W91/><G54/><T10/><D10/><U70/><REACH who="1" step="1"/><E101/><REACH who="1" ten="338,201,211,240" step="2"/><V111/><F42/><W72/><G72/><T57/><D74/><U100/><E100/><V110/><F114/><W59/><G69/><T29/><D116/><U50/><E50/><V64/><F113/><W80/><REACH who="3" step="1"/><G91/><REACH who="3" ten="338,201,211,230" step="2"/><T51/><D118/><U11/><AGARI ba="0,2" hai="1,2,11,13,14,16,19,21,60,65,70,86,89,93" machi="11" ten="20,7800,0" yaku="1,1,0,1,7,1,54,1,53,0" doraHai="123" doraHaiUra="125" who="1" fromWho="1" sc="338,-26,201,98,211,-26,230,-26" /><INIT seed="1,1,0,5,5,85" ten="312,299,185,204" oya="1" hai0="119,68,125,77,15,103,36,5,115,52,96,24,121" hai1="104,113,71,43,39,56,44,134,25,11,59,76,45" hai2="81,106,75,111,30,9,79,29,132,58,110,78,65" hai3="46,100,127,130,50,116,13,21,12,84,55,22,92"/><U74/><E104/><V89/><F106/><W63/><G127/><T33/><D36/><U27/><E71/><V51/><F132/><W70/><G130/><T72/><D68/><U120/><E113/><V54/><F65/><W8/><G116/><T31/><D72/><U20/><E120/><V117/><F117/><W34/><G34/><T73/><D73/><U88/><E27/><V49/><F9/><W99/><G70/><T66/><D77/><U26/><E25/><V17/><F17/><W62/><G84/><T97/><D66/><U0/><E45/><V7/><F7/><W14/><REACH who="3" step="1"/><G8/><REACH who="3" ten="312,299,185,194" step="2"/><T108/><D33/><U118/><E118/><V60/><F75/><W91/><G91/><T67/><D119/><U90/><E90/><V123/><F123/><W18/><G18/><T19/><D19/><U35/><E88/><V61/><F89/><W114/><G114/><T38/><D125/><U40/><E35/><V131/><F131/><W32/><G32/><T2/><D115/><U23/><E74/><V48/><F79/><W82/><G82/><T37/><D121/><U6/><E76/><V94/><F78/><W93/><G93/><T98/><D103/><U1/><E11/><V47/><F94/><W102/><G102/><T10/><D10/><U4/><E4/><V57/><F81/><W87/><G87/><T53/><D5/><U129/><E6/><V16/><F16/><W128/><G128/><T105/><D105/><U135/><E129/><V109/><F47/><W3/><G3/><T42/><D2/><U80/><E1/><V41/><F41/><RYUUKYOKU ba="1,1" sc="312,-15,299,-15,185,15,194,15" hai2="29,30,48,49,51,54,57,58,60,61,109,110,111" hai3="12,13,14,21,22,46,50,55,62,63,92,99,100" /><INIT seed="2,2,1,0,0,3" ten="297,284,200,209" oya="2" hai0="39,97,16,117,108,80,78,93,1,41,83,4,53" hai1="91,105,18,133,67,32,96,47,70,20,12,58,101" hai2="25,118,43,90,37,75,10,116,71,128,21,115,111" hai3="60,48,110,113,19,31,127,35,130,104,74,124,98"/><V84/><F115/><W82/><G19/><T45/><D108/><U76/><E70/><V95/><F128/><W126/><G48/><T65/><D117/><U61/><E32/><V79/><F71/><W22/><G22/><T85/><D65/><U11/><E133/><V55/><F111/><W100/><G110/><T13/><D53/><U7/><E76/><V129/><F129/><W114/><G60/><T132/><D132/><U28/><E91/><V88/><F90/><W57/><G57/><T50/><D39/><U54/><E28/><V38/><F79/><N who="3" m="44407" /><G130/><T15/><D83/><U5/><REACH who="1" step="1"/><E20/><REACH who="1" ten="297,274,200,209" step="2"/><V8/><F118/><W51/><G51/><AGARI ba="2,2" hai="5,7,11,12,18,47,51,54,58,61,67,96,101,105" machi="51" ten="40,8000,1" yaku="1,1,2,1,52,2,53,0" doraHai="3" doraHaiUra="64" who="1" fromWho="3" sc="297,0,274,106,200,0,209,-86" /><INIT seed="3,0,0,2,2,62" ten="297,380,200,123" oya="3" hai0="116,56,93,57,53,91,58,38,10,30,102,41,7" hai1="122,94,113,13,81,40,29,135,127,18,32,50,69" hai2="82,15,106,115,100,98,103,45,48,60,105,23,68" hai3="96,71,85,90,34,88,47,121,124,26,8,87,112"/><W54/><G71/><T35/><D116/><U12/><E113/><V67/><F115/><W108/><G112/><T70/><D70/><U120/><E69/><V2/><F2/><W109/><G121/><T14/><D102/><U126/><E94/><V65/><F82/><W21/><G34/><T133/><D133/><U125/><E81/><V86/><F86/><N who="3" m="32779" /><G96/><T55/><D38/><U78/><E78/><V16/><F67/><W119/><G8/><T132/><D132/><U111/><E13/><V49/><REACH who="2" step="1"/><F45/><REACH who="2" ten="297,380,190,123" step="2"/><W33/><G119/><T129/><D129/><U64/><E64/><V134/><F134/><W76/><G76/><T42/><D56/><U75/><E135/><V24/><F24/><W9/><G124/><T6/><D57/><U59/><E59/><V128/><F128/><W44/><G44/><T43/><D58/><U104/><E127/><V72/><F72/><W22/><G47/><T123/><D123/><U99/><E75/><V36/><F36/><W95/><G109/><T31/><D42/><U74/><E74/><V17/><F17/><W63/><G108/><T101/><D41/><U46/><E111/><V3/><F3/><W20/><G63/><T73/><D73/><U114/><E114/><V27/><F27/><W110/><G110/><T1/><D1/><U84/><E126/><V11/><F11/><W4/><G54/><T79/><D53/><U89/><E125/><V83/><F83/><W92/><G9/><T25/><D55/><U61/><E61/><V0/><F0/><W97/><G4/><T107/><D6/><U117/><E122/><RYUUKYOKU ba="0,1" sc="297,-10,380,-10,190,30,123,-10" hai2="15,16,23,48,49,60,65,68,98,100,103,105,106" /><INIT seed="4,1,1,2,2,7" ten="287,370,220,113" oya="0" hai0="107,71,118,116,34,68,78,62,20,109,30,51,26" hai1="55,108,11,127,17,33,54,38,2,94,70,28,65" hai2="99,119,3,42,25,58,73,18,52,131,4,111,112" hai3="24,106,27,9,29,47,113,125,37,121,40,117,133"/><T21/><D107/><U90/><E108/><V84/><F111/><W101/><G117/><T12/><D109/><U61/><E38/><V1/><F112/><W60/><G113/><T36/><D36/><U135/><E135/><V82/><F73/><W19/><G133/><T83/><D51/><U64/><E64/><V110/><F110/><W123/><G125/><T35/><D62/><U80/><E80/><V134/><F131/><W48/><G60/><T72/><D12/><U79/><E79/><V10/><F134/><W114/><G114/><T124/><D20/><U77/><E77/><V97/><F3/><W91/><G91/><T93/><D93/><U76/><E76/><V16/><F42/><W74/><G74/><T130/><D130/><U39/><E90/><V100/><F25/><W56/><G101/><T44/><D44/><U8/><E94/><V115/><F115/><W59/><G106/><T31/><D21/><U88/><E39/><V6/><F6/><W53/><G59/><T96/><D96/><U132/><E70/><N who="0" m="26665" /><D124/><U41/><E127/><V23/><F23/><W0/><G29/><T98/><D98/><U45/><E28/><V13/><F1/><W50/><G37/><T66/><D66/><U32/><E65/><V126/><F126/><W14/><REACH who="3" step="1"/><G0/><REACH who="3" ten="287,370,220,103" step="2"/><T105/><D105/><U85/><E2/><V103/><F103/><W122/><AGARI ba="1,2" hai="9,14,19,24,27,40,47,48,50,53,56,121,122,123" machi="122" ten="30,8000,1" yaku="1,1,2,1,0,1,13,1,52,1,53,0" doraHai="7" doraHaiUra="75" who="3" fromWho="3" sc="287,-41,370,-21,220,-21,103,103" /><INIT seed="5,0,0,1,5,48" ten="246,349,199,206" oya="1" hai0="50,130,69,34,121,135,23,60,31,82,133,71,54" hai1="20,115,38,127,18,117,41,68,123,79,129,97,110" hai2="75,28,92,59,90,32,16,65,62,25,98,36,103" hai3="124,78,100,2,15,21,113,9,77,58,72,116,120"/><U70/><E123/><V52/><F75/><W17/><G120/><T96/><D121/><U53/><E117/><V111/><F111/><W5/><G116/><T57/><D34/><U13/><E115/><V12/><F36/><W101/><G113/><T6/><D130/><U93/><E127/><V85/><F65/><W109/><G109/><T134/><D6/><U107/><E107/><V51/><F62/><W73/><G124/><T49/><D96/><U37/><E129/><V128/><F128/><W11/><G73/><T118/><D118/><U88/><E110/><V3/><F3/><W44/><G44/><T0/><D0/><U56/><E79/><V94/><F94/><W1/><G78/><T102/><D102/><U131/><E131/><V106/><F106/><W91/><G91/><T132/><N who="0" m="33792" /><DORA hai="64" /><T19/><D31/><U76/><E76/><V83/><F83/><W84/><G84/><T45/><D82/><U39/><REACH who="1" step="1"/><E41/><REACH who="1" ten="246,339,199,206" step="2"/><V80/><F103/><W67/><G77/><T108/><D108/><U55/><E55/><V22/><REACH who="2" step="1"/><F80/><REACH who="2" ten="246,339,189,206" step="2"/><W4/><G72/><T29/><D69/><U24/><E24/><V61/><F61/><AGARI ba="0,2" hai="1,2,4,5,9,11,15,17,21,58,61,67,100,101" machi="61" ten="40,1300,0" yaku="9,1" doraHai="48,64" who="3" fromWho="2" sc="246,0,339,0,189,-13,206,33" /><AGARI ba="0,0" hai="13,18,20,37,38,39,53,56,61,68,70,88,93,97" machi="61" ten="40,18000,2" yaku="1,1,52,3,54,1,53,1" doraHai="48,64" doraHaiUra="8,47" who="1" fromWho="2" sc="246,0,339,180,176,-180,239,0" owari="246,4.6,519,61.9,-4,-50.4,239,-16.1" /></mjloggm>