<mjloggm ver="2.3"><GO type="169" lobby="0"/><UN n0="%54%61%6B%33%45%34%73%79" n1="%E3%81%86%E3%81%A9%E3%82%93%E3%81%93" n2="%E9%BB%92%E9%9B%BB%E8%A9%B1" n3="%43%68%61%72%6F%2E" dan="17,16,16,16" rate="2175.94,2105.85,2138.71,2154.40" sx="M,M,M,M"/><TAIKYOKU oya="0"/><INIT seed="0,0,0,4,2,36" ten="250,250,250,250" oya="0" hai0="83,68,93,119,90,128,86,66,99,98,11,56,13" hai1="65,81,105,78,97,60,31,67,20,103,100,72,63" hai2="49,94,69,101,70,54,107,18,32,33,125,92,6" hai3="112,106,109,14,104,22,4,59,21,134,122,34,130"/><T58/><D119/><U133/><E103/><V121/><F6/><W114/><G59/><T120/><D120/><U116/><E116/><V12/><F121/><W0/><G14/><T15/><D128/><U42/><E133/><V127/><F107/><W27/><G4/><T17/><D99/><U47/><E63/><V91/><F101/><W5/><G5/><T64/><D68/><U26/><REACH who="1" step="1"/><E60/><REACH who="1" ten="250,240,250,250" step="2"/><V23/><F70/><W85/><G122/><T88/><REACH who="0" step="1"/><D13/><REACH who="0" ten="240,240,250,250" step="2"/><U52/><E52/><V76/><F69/><W2/><G134/><T40/><D40/><U77/><E77/><V108/><F76/><W123/><G123/><T117/><D117/><U84/><E84/><V131/><F131/><W89/><G85/><T55/><D55/><U16/><E16/><V111/><F54/><W43/><G130/><T30/><D30/><U80/><E80/><V1/><F1/><W39/><G43/><T73/><D73/><U35/><E35/><V10/><F33/><W25/><G34/><T62/><D62/><U126/><E126/><V102/><F32/><W46/><G0/><T7/><D7/><U53/><E53/><V110/><F127/><W57/><G2/><T87/><D87/><U75/><E75/><V79/><F79/><W51/><G114/><T8/><D8/><U96/><E96/><N who="2" m="59671" /><F125/><W38/><G112/><T129/><D129/><U44/><E44/><V24/><F10/><W50/><G46/><T37/><D37/><AGARI ba="0,2" hai="20,26,31,37,42,47,65,67,72,78,81,97,100,105" machi="37" ten="30,3900,0" yaku="1,1,7,1,52,1,53,0" doraHai="36" doraHaiUra="124" who="1" fromWho="0" sc="240,-39,240,59,250,0,250,0" /><INIT seed="1,0,0,1,3,82" ten="201,299,250,250" oya="1" hai0="64,50,119,105,39,73,108,128,109,2,94,23,15" hai1="133,29,48,96,6,34,46,54,81,9,3,113,104" hai2="5,89,60,100,91,26,101,98,42,33,117,37,21" hai3="92,57,0,127,35,83,126,66,97,52,30,134,47"/><U112/><E133/><V28/><F117/><W1/><G134/><T27/><D105/><U59/><E34/><V111/><F111/><W86/><G66/><T38/><D73/><U19/><E29/><V93/><F37/><W115/><G47/><T53/><D2/><U75/><E19/><V11/><F42/><W85/><G115/><T124/><D119/><U45/><E45/><V71/><F33/><W25/><G1/><T87/><D64/><U114/><E104/><V88/><F100/><W102/><G0/><T44/><D15/><U4/><E4/><V16/><F60/><W13/><G13/><T79/><D128/><U132/><E132/><V68/><REACH who="2" step="1"/><F28/><REACH who="2" ten="201,299,240,250" step="2"/><W95/><G95/><T41/><D39/><U80/><E75/><V90/><N who="2" m="22528" /><DORA hai="17" /><V49/><F49/><N who="3" m="30863" /><G83/><T24/><D41/><U116/><E116/><V103/><F103/><W8/><G8/><T123/><D38/><U10/><E10/><V77/><F77/><W32/><G35/><T121/><D79/><U67/><E96/><V130/><F130/><W131/><G131/><T12/><D109/><U74/><REACH who="1" step="1"/><E74/><REACH who="1" ten="201,289,240,250" step="2"/><V76/><F76/><W135/><G135/><T7/><D108/><U40/><E40/><V20/><F20/><W69/><G32/><T14/><D23/><U118/><E118/><V51/><F51/><W55/><G30/><T56/><D50/><U61/><AGARI ba="0,2" hai="3,6,9,46,48,54,59,61,67,80,81,112,113,114" machi="61" ten="40,7800,0" yaku="1,1,0,1,53,1" doraHai="82,17" doraHaiUra="125,58" who="1" fromWho="1" sc="201,-26,289,98,240,-26,250,-26" /><INIT seed="1,1,0,5,3,71" ten="175,387,214,224" oya="1" hai0="29,110,85,119,72,56,90,24,103,101,105,0,106" hai1="109,114,58,6,127,10,15,12,36,134,68,39,104" hai2="133,27,124,21,57,37,128,31,86,91,67,99,92" hai3="26,47,129,38,125,118,25,3,19,130,95,93,102"/><U66/><E114/><V51/><F124/><W135/><G125/><T40/><D0/><U70/><E127/><V107/><F128/><N who="3" m="49259" /><G135/><T50/><D72/><U96/><E134/><V28/><F133/><W98/><G3/><T115/><D119/><U53/><E109/><V22/><F37/><W61/><G118/><T8/><D110/><U45/><E45/><V62/><F51/><W116/><G116/><T43/><D8/><U87/><E15/><V18/><F107/><N who="3" m="63959" /><G61/><T65/><D106/><U34/><E34/><V100/><REACH who="2" step="1"/><F22/><REACH who="2" ten="175,387,204,224" step="2"/><N who="3" m="13535" /><G26/><T63/><D24/><U120/><E120/><V83/><AGARI ba="1,1" hai="18,21,27,28,31,57,62,67,83,86,91,92,99,100" machi="83" ten="20,8000,1" yaku="1,1,0,1,7,1,8,1,53,1" doraHai="71" doraHaiUra="84" who="2" fromWho="2" sc="175,-21,387,-41,204,93,224,-21" /><INIT seed="2,0,0,2,0,40" ten="154,346,297,203" oya="2" hai0="27,42,71,33,72,16,127,0,70,101,126,60,3" hai1="131,30,49,120,43,117,118,61,102,108,54,130,51" hai2="38,76,114,56,95,75,77,93,2,39,105,5,97" hai3="129,35,69,104,45,86,55,132,107,17,9,22,98"/><V59/><F114/><W57/><G69/><T62/><D72/><U41/><E102/><V81/><F76/><W116/><G35/><T11/><D101/><U58/><E30/><V83/><F83/><W19/><G116/><N who="1" m="44650" /><E108/><V50/><F105/><W10/><G129/><N who="1" m="49162" /><E120/><V103/><F93/><W47/><G132/><T24/><D11/><N who="3" m="4105" /><G104/><T90/><D33/><U80/><E80/><V52/><F5/><W99/><G107/><T110/><D110/><U18/><E18/><N who="3" m="6666" /><G22/><T111/><D111/><U128/><E128/><V78/><F2/><W106/><G106/><T32/><D32/><U44/><E41/><V125/><F125/><W109/><G109/><T12/><D42/><U14/><E14/><V94/><F78/><W135/><G135/><T79/><D16/><U48/><AGARI ba="0,0" hai="43,44,48,49,51,54,58,61" m="49162,44650" machi="48" ten="40,8000,1" yaku="19,1,34,2,52,1" doraHai="40" who="1" fromWho="1" sc="154,-20,346,80,297,-40,203,-20" /><INIT seed="3,0,0,3,0,75" ten="134,426,257,183" oya="3" hai0="58,128,103,28,126,132,20,2,97,93,24,18,88" hai1="60,21,130,91,57,66,27,135,56,52,104,0,55" hai2="22,8,49,53,81,39,85,65,37,67,82,133,87" hai3="16,121,79,42,50,95,5,13,68,96,116,69,41"/><W119/><G121/><T12/><D2/><U124/><E0/><V102/><F102/><W109/><G109/><T62/><D128/><U64/><E130/><V31/><F133/><W86/><G68/><T35/><D132/><U114/><E135/><V15/><F39/><W40/><G69/><T107/><D126/><U123/><E124/><V38/><F38/><W118/><G5/><T1/><D1/><U45/><E114/><V36/><F36/><W3/><G3/><T48/><D48/><U108/><E108/><V74/><F37/><W117/><N who="3" m="29696" /><DORA hai="77" /><W11/><G96/><T134/><D134/><U70/><E104/><V26/><F74/><W46/><REACH who="3" step="1"/><G95/><REACH who="3" ten="134,426,257,173" step="2"/><T84/><D107/><U7/><E70/><V14/><F85/><W131/><G131/><T120/><D120/><U129/><E7/><V29/><F87/><W125/><G125/><T115/><D115/><U73/><E73/><V30/><F67/><W43/><G43/><T100/><D84/><U112/><E129/><V113/><F65/><AGARI ba="0,1" hai="12,18,20,24,28,35,58,62,65,88,93,97,100,103" machi="65" ten="30,2000,0" yaku="7,1,54,1" doraHai="75,77" who="0" fromWho="2" sc="134,30,426,0,257,-20,173,0" /><INIT seed="4,0,0,1,3,85" ten="164,426,237,173" oya="0" hai0="122,69,54,119,9,81,16,49,46,80,35,90,36" hai1="109,33,125,76,44,128,75,47,43,79,116,38,124" hai2="97,53,135,14,22,87,64,72,82,103,133,132,30" hai3="52,59,1,123,134,4,31,62,96,95,15,58,93"/><T12/><D122/><U98/><E116/><V24/><F72/><W94/><G134/><T13/><D35/><U131/><E33/><V118/><F118/><W42/><G123/><T17/><D69/><U121/><E121/><V126/><F126/><N who="1" m="48745" /><E109/><V113/><F113/><W11/><G1/><T73/><D119/><U66/><E66/><V21/><F64/><W32/><G42/><T25/><D36/><U51/><E98/><V5/><F53/><W8/><G8/><T56/><D73/><U78/><E75/><V61/><F61/><W130/><G130/><T28/><D56/><U102/><E102/><V117/><F117/><W127/><G127/><T77/><D77/><U108/><E108/><V91/><F5/><W18/><G4/><T92/><D28/><U114/><E114/><V112/><F112/><W105/><G105/><T99/><D25/><U63/><E63/><V55/><F55/><AGARI ba="0,0" hai="38,43,44,47,51,55,76,78,79,128,131" m="48745" machi="55" ten="30,1000,0" yaku="18,1" doraHai="85" who="1" fromWho="2" sc="164,0,426,10,237,-10,173,0" /><INIT seed="5,0,0,3,4,26" ten="164,436,227,173" oya="1" hai0="132,68,106,61,33,49,97,92,134,114,83,81,127" hai1="113,36,91,128,48,116,27,110,79,96,123,46,37" hai2="12,82,24,29,45,35,117,40,102,85,15,7,9" hai3="115,77,3,95,51,109,5,23,67,60,14,54,4"/><U32/><E116/><V66/><F102/><W31/><G109/><T100/><D33/><U105/><E123/><V11/><F66/><W30/><G115/><T34/><D34/><U62/><E113/><V89/><F117/><W20/><G3/><T80/><D49/><U25/><E128/><V16/><F45/><N who="3" m="28015" /><G77/><T98/><D61/><U75/><E110/><V56/><F56/><N who="3" m="37255" /><G95/><T71/><D114/><U70/><E25/><V59/><F59/><W44/><G44/><T21/><D21/><N who="3" m="8265" /><G14/><T64/><D64/><N who="1" m="41239" /><E91/><V118/><F118/><W2/><G2/><T76/><D68/><U129/><E79/><V6/><REACH who="2" step="1"/><F40/><REACH who="2" ten="164,436,217,173" step="2"/><W13/><G13/><T63/><D71/><U55/><E129/><V126/><F126/><W38/><G38/><T50/><D127/><U73/><E37/><V94/><F94/><W88/><G88/><N who="0" m="55431" /><D63/><U119/><E36/><V86/><F86/><W121/><G121/><T0/><D50/><U74/><E119/><V122/><F122/><W87/><G87/><N who="0" m="48519" /><D0/><U18/><E74/><V17/><AGARI ba="0,1" hai="6,7,9,11,12,15,16,17,24,29,35,82,85,89" machi="17" ten="20,12000,2" yaku="1,1,0,1,7,1,9,1,52,1,54,1,53,0" doraHai="26" doraHaiUra="133" who="2" fromWho="2" sc="164,-30,436,-60,217,130,173,-30" /><INIT seed="6,0,0,4,4,111" ten="134,376,347,143" oya="2" hai0="126,52,86,77,17,5,3,117,93,74,107,114,32" hai1="103,67,44,68,75,115,105,66,37,92,48,72,99" hai2="6,11,28,22,133,129,128,42,50,91,7,120,127" hai3="14,94,10,63,76,54,47,15,49,104,18,38,59"/><V119/><F120/><W61/><G104/><T100/><D32/><U39/><E115/><V53/><F119/><W8/><G76/><T35/><D35/><U106/><E106/><V73/><F73/><W36/><G61/><T130/><D114/><U13/><E39/><V88/><F42/><W90/><G38/><T1/><D117/><U24/><E37/><V125/><F22/><W122/><G36/><T113/><D113/><U0/><E0/><V26/><F26/><W4/><G122/><T96/><D5/><U12/><E24/><V84/><F28/><W55/><G94/><T118/><D118/><U87/><E72/><V19/><F19/><W69/><G69/><T131/><D17/><U78/><E68/><V2/><F7/><W33/><G33/><T81/><D126/><N who="2" m="48138" /><F133/><W85/><G85/><T31/><D31/><U45/><E75/><V20/><F20/><W124/><G124/><T64/><D64/><N who="1" m="24619" /><E105/><V80/><F91/><AGARI ba="0,0" hai="4,8,10,14,15,18,47,49,54,55,59,63,90,91" machi="91" ten="40,1300,0" yaku="8,1" doraHai="111" who="3" fromWho="2" sc="134,0,376,0,347,-13,143,13" /><INIT seed="7,0,0,4,0,29" ten="134,376,334,156" oya="3" hai0="129,82,0,126,17,20,61,68,112,9,87,131,111" hai1="5,103,114,52,118,18,75,130,23,7,113,78,89" hai2="2,64,32,65,128,99,26,21,94,125,51,11,15" hai3="109,108,53,22,56,67,16,42,48,72,121,133,84"/><W19/><G72/><T90/><D111/><N who="3" m="42569" /><G121/><T76/><D126/><U40/><E40/><V83/><F128/><W85/><G133/><T97/><D0/><U88/><E130/><V39/><F39/><W14/><G67/><T28/><D129/><U27/><E118/><V35/><F2/><W117/><G117/><T41/><D131/><U100/><E78/><V96/><F83/><W120/><G120/><T105/><D41/><U66/><E75/><V47/><F125/><W92/><G92/><T95/><D9/><U110/><E66/><V55/><F65/><W73/><G73/><T81/><D68/><U107/><E110/><V44/><F64/><W3/><G3/><T60/><D28/><U8/><E52/><V45/><F96/><W135/><G135/><T58/><D105/><U37/><E37/><V123/><F123/><W43/><G43/><T38/><D38/><U70/><E70/><V80/><F80/><W33/><G33/><T69/><D69/><U36/><E36/><V30/><F55/><W10/><G42/><T54/><D112/><N who="1" m="43115" /><E107/><V91/><REACH who="2" step="1"/><F51/><REACH who="2" ten="134,376,324,156" step="2"/><W77/><G77/><T34/><D34/><U106/><E106/><V71/><F71/><W1/><G1/><T79/><D61/><U115/><E115/><V116/><F116/><W63/><G63/><T93/><D93/><U59/><E103/><V24/><F24/><AGARI ba="0,1" hai="10,14,16,19,22,24,48,53,56,84,85" m="42569" machi="24" ten="30,2900,0" yaku="10,1,54,1" doraHai="29" who="3" fromWho="2" sc="134,0,376,0,324,-29,156,39" /><INIT seed="7,1,0,1,5,63" ten="134,376,295,195" oya="3" hai0="11,108,18,95,50,132,25,49,81,77,133,101,118" hai1="65,13,68,71,80,12,31,98,5,30,120,84,106" hai2="129,41,123,26,69,114,44,15,87,19,32,126,17" hai3="88,100,58,122,36,1,38,62,24,21,135,37,113"/><W74/><G122/><T117/><D108/><U66/><E120/><V70/><F123/><W110/><G74/><T103/><D11/><N who="1" m="4207" /><E106/><V42/><F126/><W86/><G110/><T35/><D35/><U28/><E71/><V130/><F114/><W61/><G1/><T27/><D81/><U128/><E68/><V64/><F87/><W75/><G75/><T23/><D23/><U67/><E128/><V78/><F78/><W124/><G113/><T20/><D20/><U3/><E3/><V40/><F44/><W14/><G124/><T55/><D95/><U2/><E2/><V29/><F19/><W57/><G100/><T96/><D96/><U4/><E98/><V33/><F33/><W45/><G14/><T107/><D77/><N who="1" m="46095" /><E13/><V79/><F79/><W91/><G135/><T85/><D85/><U83/><E83/><V59/><F59/><W111/><G45/><T82/><D82/><U112/><E112/><V9/><F70/><W7/><G7/><AGARI ba="1,0" hai="4,7,28,30,31,65,66,67" m="46095,4207" machi="7" ten="30,7700,0" yaku="8,1,52,3" doraHai="63" who="1" fromWho="3" sc="134,0,376,80,295,0,195,-80" owari="134,-26.6,456,55.6,295,9.5,115,-38.5" /></mjloggm>