<mjloggm ver="2.3"><GO type="169" lobby="0"/><UN n0="%E3%81%97%E3%82%83%E3%82%93%E3%81%8A%E3%81%98" n1="%E3%82%B7%E3%82%A7%E3%83%95%E3%83%81%E3%83%A7%E3%82%B3" n2="%E2%98%86%41%64%72%69%61%6E" n3="%50%6F%6F%48%65%3F" dan="16,18,16,16" rate="2194.46,2246.78,2186.06,2175.78" sx="F,M,M,F"/><TAIKYOKU oya="0"/><INIT seed="0,0,0,4,0,99" ten="250,250,250,250" oya="0" hai0="72,120,34,1,125,70,84,63,94,75,24,86,123" hai1="36,112,19,128,32,68,115,62,89,42,105,37,76" hai2="43,15,119,81,132,113,87,67,133,107,16,21,46" hai3="14,52,93,102,104,6,127,22,17,59,48,131,8"/><T31/><D1/><U53/><E32/><V40/><F113/><N who="1" m="43593" /><E105/><V9/><F119/><W44/><G104/><T27/><D125/><U124/><E76/><V111/><F107/><W35/><G35/><T85/><D24/><U61/><E89/><V109/><F67/><W38/><G127/><T18/><D18/><U71/><E19/><V95/><F95/><W26/><G131/><T49/><D49/><U13/><E13/><V41/><F46/><W116/><G116/><T110/><D110/><N who="2" m="41994" /><F21/><W56/><G38/><N who="1" m="14954" /><E124/><V79/><AGARI ba="0,0" hai="9,15,16,40,41,43,79,81,87,132,133" m="41994" machi="79" ten="40,2700,0" yaku="14,1,54,1" doraHai="99" who="2" fromWho="2" sc="250,-13,250,-7,250,27,250,-7" /><INIT seed="1,0,0,0,4,68" ten="237,243,277,243" oya="1" hai0="46,39,132,128,89,119,107,7,8,43,130,67,104" hai1="87,117,125,16,103,91,72,2,25,56,133,135,38" hai2="34,109,76,40,59,30,53,11,101,78,54,66,122" hai3="23,80,92,69,111,61,51,115,47,75,102,50,95"/><U5/><E72/><V3/><F122/><W116/><G115/><T1/><D119/><U64/><E103/><V99/><F109/><W100/><G111/><T65/><D89/><U124/><E38/><V19/><F3/><W97/><G116/><T120/><D120/><U112/><E117/><V12/><F40/><W73/><G23/><T85/><D85/><U98/><E98/><V32/><F66/><N who="0" m="25098" /><D132/><N who="1" m="50763" /><E5/><V113/><F53/><W118/><G118/><T123/><D123/><U62/><E2/><V18/><F113/><W84/><G69/><T105/><D105/><U60/><E62/><V70/><F70/><W0/><G61/><T106/><D106/><U28/><E112/><V49/><F19/><W29/><G29/><T74/><D107/><U58/><E58/><V20/><F34/><W79/><G50/><T27/><D27/><U4/><E4/><V6/><F32/><W126/><G0/><T57/><D57/><U134/><E134/><V15/><REACH who="2" step="1"/><F30/><REACH who="2" ten="237,243,267,243" step="2"/><W9/><G126/><T86/><D1/><U88/><E16/><V114/><F114/><W131/><G131/><T83/><D130/><U10/><E10/><V63/><F63/><W36/><G9/><T93/><D128/><U37/><E124/><V129/><F129/><W31/><G31/><T41/><D8/><U35/><E125/><V22/><F22/><W82/><G47/><T24/><D46/><U52/><E87/><V48/><F48/><W81/><G51/><T14/><D86/><U21/><E35/><V94/><AGARI ba="0,1" hai="6,11,12,15,18,20,49,54,59,76,78,94,99,101" machi="94" ten="20,5200,0" yaku="1,1,0,1,7,1,8,1,53,0" doraHai="68" doraHaiUra="33" who="2" fromWho="2" sc="237,-13,243,-26,267,62,243,-13" /><INIT seed="2,0,0,4,1,32" ten="224,217,329,230" oya="2" hai0="36,128,16,64,31,112,129,107,22,53,66,91,25" hai1="101,117,39,82,57,85,130,30,56,86,20,96,122" hai2="90,123,108,7,109,132,118,29,55,1,21,99,2" hai3="119,28,54,110,50,14,79,106,33,13,43,42,24"/><V74/><F118/><W133/><G119/><T44/><D112/><U0/><E117/><V58/><F123/><W81/><G106/><T5/><D107/><U100/><E39/><V17/><F74/><W111/><G133/><T59/><D5/><U92/><E130/><N who="0" m="50281" /><D91/><U89/><E122/><V51/><F29/><W9/><G13/><N who="0" m="9487" /><D44/><U116/><E116/><V105/><F7/><W121/><G121/><T65/><D36/><U48/><E0/><V134/><F90/><W120/><G120/><T40/><D40/><U78/><E100/><N who="2" m="62623" /><F17/><W98/><G98/><T88/><D88/><U95/><REACH who="1" step="1"/><E48/><REACH who="1" ten="224,207,329,230" step="2"/><V94/><F134/><W52/><G110/><T113/><D113/><U84/><E84/><V61/><F132/><W11/><G111/><T75/><D75/><U131/><E131/><V127/><F109/><W26/><G50/><N who="0" m="31159" /><D66/><U15/><E15/><V83/><F108/><W49/><G14/><T41/><D41/><U37/><E37/><V47/><F51/><W80/><G49/><T97/><D97/><U103/><E103/><V76/><F61/><W19/><G42/><T6/><D6/><U8/><E8/><V3/><F55/><W102/><G43/><T72/><D72/><U10/><E10/><V126/><F47/><W93/><G9/><T60/><D60/><U18/><E18/><V38/><F38/><W70/><G19/><T12/><D12/><U67/><E67/><V87/><F1/><W69/><G11/><T34/><AGARI ba="0,1" hai="25,31,34,64,65" m="31159,9487,50281" machi="34" ten="30,2000,0" yaku="19,1,54,1" doraHai="32" who="0" fromWho="0" sc="224,30,207,-5,329,-10,230,-5" /><INIT seed="3,0,0,3,5,35" ten="254,202,319,225" oya="3" hai0="59,93,78,111,70,8,116,2,132,24,80,107,76" hai1="115,21,65,73,45,34,74,27,123,3,119,84,63" hai2="67,53,64,33,71,79,10,129,118,90,85,83,128" hai3="122,7,88,77,22,91,50,0,40,6,114,105,30"/><W17/><G122/><T19/><D116/><U56/><E123/><V43/><F33/><W120/><G120/><T26/><D107/><U103/><E115/><V42/><F118/><W18/><G114/><T4/><D70/><U102/><E34/><V55/><F10/><W134/><G105/><T117/><D117/><U9/><E119/><V25/><F25/><W20/><G77/><T101/><D111/><U41/><E84/><V96/><F96/><W106/><G106/><T109/><D109/><U62/><E62/><N who="2" m="40343" /><F67/><W51/><G30/><T92/><D132/><U44/><E74/><V89/><F53/><W95/><G40/><N who="2" m="15401" /><F55/><W69/><G69/><T28/><D59/><U98/><E73/><V29/><F29/><W13/><G134/><T131/><D76/><U15/><E102/><V48/><F48/><W54/><G54/><T108/><D108/><U130/><E41/><V52/><F52/><W38/><G0/><T14/><D26/><U127/><E3/><V121/><F121/><W57/><G57/><T1/><D24/><U60/><E60/><V61/><F61/><W100/><G100/><T99/><D28/><N who="1" m="17519" /><E45/><V47/><F47/><W66/><G66/><T125/><D1/><U75/><E44/><V5/><F5/><W81/><G81/><T124/><D92/><N who="1" m="58823" /><E75/><V135/><F135/><W82/><G82/><T12/><D2/><U110/><E110/><V133/><F133/><W104/><G104/><T36/><D36/><U37/><E37/><V97/><F79/><W16/><G38/><T32/><D78/><U58/><E58/><V68/><F68/><RYUUKYOKU ba="0,0" sc="254,-10,202,-10,319,30,225,-10" hai2="83,85,89,90,97,128,129" /><INIT seed="4,1,0,4,0,104" ten="244,192,349,215" oya="0" hai0="93,19,128,78,15,56,76,36,130,95,107,70,13" hai1="112,102,126,83,134,38,32,84,92,67,81,106,79" hai2="123,31,1,26,101,105,113,82,68,71,35,59,119" hai3="60,122,47,49,48,43,52,69,17,53,110,127,23"/><T90/><D107/><U64/><E38/><V0/><F59/><W66/><G110/><T72/><D70/><U22/><E32/><V117/><F123/><W62/><G122/><T18/><D56/><U39/><E39/><V45/><F45/><N who="3" m="25663" /><G23/><T4/><D36/><U98/><E134/><V57/><F57/><N who="3" m="34863" /><G17/><T75/><D90/><U21/><E126/><AGARI ba="1,0" hai="47,49,52,62,66,69,126,127" m="34863,25663" machi="126" ten="30,3900,0" yaku="34,2,54,1" doraHai="104" who="3" fromWho="1" sc="244,0,192,-42,349,0,215,42" /><INIT seed="5,0,0,2,4,48" ten="244,150,349,257" oya="1" hai0="20,58,121,86,61,1,90,96,63,32,93,84,73" hai1="78,18,72,130,108,97,99,62,28,134,36,13,88" hai2="98,89,31,16,0,112,87,132,77,118,29,104,6" hai3="75,128,111,34,80,114,69,71,60,76,94,56,43"/><U105/><E36/><V50/><F118/><W79/><G111/><T91/><D121/><U8/><E130/><V35/><F35/><W5/><G128/><T100/><D32/><U109/><E134/><V19/><F132/><W54/><G114/><T124/><D124/><U17/><E28/><V22/><F112/><W21/><G34/><T107/><D1/><U14/><E105/><V12/><F77/><W120/><G120/><T125/><D125/><U92/><E99/><V40/><F6/><W135/><G135/><T95/><D73/><U83/><REACH who="1" step="1"/><E62/><REACH who="1" ten="244,140,349,257" step="2"/><V66/><F104/><W119/><G119/><T122/><D122/><U116/><E116/><V65/><F98/><W23/><G60/><T3/><D63/><U59/><E59/><V74/><F31/><W126/><G56/><T115/><D115/><U15/><E15/><V26/><F29/><W127/><G126/><T30/><D3/><U46/><E46/><N who="2" m="25927" /><F0/><W49/><G127/><T82/><D107/><U42/><E42/><V133/><F133/><W123/><G43/><T68/><D68/><U37/><E37/><V51/><F51/><W81/><G123/><T11/><D58/><U55/><E55/><V52/><F52/><W70/><G49/><T38/><D61/><U2/><E2/><V27/><F27/><W41/><G54/><T24/><D38/><U102/><E102/><V4/><F26/><W57/><G41/><T129/><D129/><U117/><E117/><V39/><F39/><W25/><G69/><T44/><D44/><U85/><E85/><V131/><F131/><W106/><G106/><RYUUKYOKU ba="0,1" sc="244,15,140,15,349,-15,257,-15" hai0="11,20,24,30,82,84,86,90,91,93,95,96,100" hai1="8,13,14,17,18,72,78,83,88,92,97,108,109" /><INIT seed="5,1,1,0,4,110" ten="259,155,334,242" oya="1" hai0="135,60,125,55,76,84,90,43,111,19,1,99,95" hai1="18,49,134,51,0,50,118,63,56,132,86,16,108" hai2="62,33,80,68,20,102,31,133,98,36,115,46,77" hai3="107,52,96,44,72,105,120,130,4,34,85,92,94"/><U69/><E118/><V81/><F133/><N who="1" m="51305" /><E69/><V10/><F20/><W53/><G120/><T45/><D111/><U61/><E108/><V38/><F10/><W41/><G130/><T79/><D135/><U71/><E0/><V87/><F81/><W2/><G72/><T6/><D125/><U5/><E5/><V117/><F46/><W126/><G34/><T17/><D6/><U93/><E71/><V54/><F54/><W73/><G73/><T89/><D1/><U127/><E127/><V82/><F82/><W40/><G126/><T12/><D43/><U22/><E18/><V97/><F97/><W29/><G29/><T23/><D19/><U32/><E32/><V9/><F9/><W122/><G2/><T42/><D42/><U30/><E30/><V114/><F117/><W88/><G4/><T39/><D39/><U116/><E116/><V123/><F123/><W21/><G122/><T109/><D109/><U37/><E37/><V11/><F11/><W113/><G40/><T78/><D45/><U101/><E56/><V66/><F38/><W35/><G35/><T27/><D12/><N who="1" m="9479" /><E101/><V14/><F14/><W28/><G44/><T70/><D70/><U121/><E121/><V106/><F36/><W91/><G28/><T112/><D17/><U131/><E131/><V15/><F15/><W25/><G41/><T119/><D27/><AGARI ba="1,1" hai="27,31,33,62,66,68,77,80,87,98,102,106,114,115" machi="27" ten="40,8000,1" yaku="25,2,52,2" doraHai="110" who="2" fromWho="0" sc="259,-83,155,0,334,93,242,0" /><INIT seed="6,0,0,3,0,44" ten="176,155,427,242" oya="2" hai0="132,113,107,49,5,99,95,46,10,6,102,65,11" hai1="47,25,15,33,103,64,117,131,61,28,0,111,84" hai2="74,98,77,41,34,57,127,130,83,29,67,36,122" hai3="79,37,2,109,1,18,16,26,20,92,22,115,100"/><V54/><F122/><W105/><G105/><T40/><D113/><U14/><E111/><V51/><F130/><W66/><G109/><T93/><D132/><U3/><E117/><V120/><F120/><W9/><G37/><T81/><D65/><U134/><E134/><V30/><F127/><W58/><G115/><T7/><D81/><U97/><E131/><V76/><F76/><W91/><G79/><T48/><D107/><U135/><E135/><V68/><F98/><W118/><G100/><T72/><D72/><U17/><E84/><V56/><F56/><W70/><G70/><T128/><D128/><U87/><E87/><V13/><F13/><W121/><G118/><T38/><D93/><U23/><E15/><V89/><F34/><W88/><G121/><T126/><REACH who="0" step="1"/><D126/><REACH who="0" ten="166,155,427,242" step="2"/><U119/><E119/><V78/><F78/><W90/><G92/><T63/><D63/><U80/><E80/><V85/><F77/><W110/><G110/><T4/><N who="0" m="1024" /><DORA hai="96" /><T50/><AGARI ba="0,1" hai="10,11,38,40,46,48,49,50,95,99,102" m="1024" machi="50" ten="50,12000,2" yaku="1,1,4,1,0,1,52,4,53,0" doraHai="44,96" doraHaiUra="106,19" who="0" fromWho="0" sc="166,130,155,-30,427,-60,242,-30" /><INIT seed="7,0,0,5,4,129" ten="296,125,367,212" oya="3" hai0="49,30,53,123,23,12,99,110,125,83,3,113,106" hai1="103,54,117,37,38,26,64,35,65,118,92,112,102" hai2="55,8,24,50,109,94,39,22,7,47,52,21,101" hai3="78,33,61,20,32,0,27,66,63,62,134,57,45"/><W122/><G0/><T9/><D110/><U10/><E10/><V135/><F109/><W41/><G122/><T18/><D123/><U119/><E26/><V44/><F135/><W116/><G134/><T89/><D125/><U25/><E25/><V19/><F39/><W97/><G116/><T88/><D113/><U87/><E35/><V114/><F114/><W29/><G78/><T48/><D48/><U80/><E54/><N who="2" m="30023" /><F47/><W131/><G131/><T68/><D68/><U115/><E38/><V91/><F101/><W107/><G63/><T128/><D128/><U14/><E14/><N who="2" m="5407" /><F22/><W1/><G1/><T93/><D106/><U86/><E37/><V59/><F59/><W95/><G62/><T77/><D30/><U90/><E65/><V5/><F5/><W126/><G107/><T121/><D3/><U82/><E64/><V127/><F127/><W58/><G58/><T85/><D23/><U36/><E36/><V133/><F133/><W96/><G126/><T60/><D60/><U67/><E67/><V84/><AGARI ba="0,0" hai="19,21,24,52,55,84,91,94" m="5407,30023" machi="84" ten="30,2000,0" yaku="8,1,54,1" doraHai="129" who="2" fromWho="2" sc="296,-5,125,-5,367,20,212,-10" owari="291,9.1,120,-38.0,387,48.7,202,-19.8" /></mjloggm>