<mjloggm ver="2.3"><GO type="169" lobby="0"/><UN n0="%E3%83%8F%E3%82%AC%E3%82%BF%E3%82%AB%E3%81%AE%E3%81%88%E3%81%98%E3%81%8D" n1="%48%65%69%7A%6F" n2="%43%68%61%72%6F%2E" n3="%E3%81%8B%E3%82%8F%E3%81%97%E3%81%83" dan="17,16,16,16" rate="2167.97,2061.24,2148.53,2110.99" sx="M,M,M,M"/><TAIKYOKU oya="0"/><INIT seed="0,0,0,1,3,108" ten="250,250,250,250" oya="0" hai0="91,106,75,115,31,72,8,27,77,21,41,0,118" hai1="58,90,87,66,122,119,56,135,129,107,28,92,95" hai2="103,59,82,101,22,84,9,127,38,20,120,33,39" hai3="74,70,65,69,79,25,113,7,46,61,19,123,96"/><T3/><D118/><U126/><E119/><V10/><F33/><W130/><G123/><T99/><D41/><U68/><E107/><V110/><F59/><W47/><G130/><T2/><D77/><U30/><E126/><V88/><F120/><W73/><G7/><T93/><D106/><U125/><E125/><V76/><F127/><W85/><G96/><T128/><D128/><U94/><E135/><V71/><F71/><W81/><G113/><T63/><D63/><U131/><E122/><V40/><F110/><W24/><G69/><T50/><D115/><U64/><E68/><V83/><F40/><W100/><G100/><N who="2" m="38473" /><F38/><W1/><G1/><T109/><D109/><U116/><E116/><V23/><F39/><W36/><G36/><T45/><REACH who="0" step="1"/><D8/><REACH who="0" ten="240,250,250,250" step="2"/><N who="2" m="3178" /><F76/><W51/><G51/><T16/><D16/><U53/><E131/><V117/><F117/><W4/><G19/><T49/><D49/><U112/><E112/><V121/><F121/><W5/><G73/><T34/><D34/><U55/><E129/><V13/><F13/><W48/><G74/><T132/><D132/><U43/><E43/><V133/><F133/><W97/><G48/><T111/><D111/><U57/><E28/><V11/><F11/><W102/><G4/><T86/><D86/><U54/><E30/><V60/><F60/><W52/><G5/><T44/><D44/><U35/><E35/><V32/><F32/><W78/><G79/><T62/><D62/><U124/><E124/><V114/><F114/><W18/><G46/><T89/><D89/><U37/><E37/><V80/><AGARI ba="0,1" hai="20,22,23,80,82,83,84,88" m="3178,38473" machi="80" ten="40,5200,0" yaku="5,1,8,1,54,1" doraHai="108" who="2" fromWho="2" sc="240,-26,250,-13,250,62,250,-13" /><INIT seed="1,0,0,1,1,56" ten="214,237,312,237" oya="1" hai0="64,38,100,77,85,11,66,37,116,84,123,89,125" hai1="105,14,130,23,60,50,118,16,120,58,132,124,5" hai2="75,113,88,8,133,127,83,109,108,4,31,57,126" hai3="15,134,72,18,97,106,63,112,115,94,74,128,102"/><U10/><E120/><V101/><F101/><W33/><G33/><T20/><D123/><U13/><E118/><V19/><F133/><W98/><G134/><T21/><D116/><U32/><E132/><V59/><F31/><W55/><G128/><T111/><D111/><N who="2" m="42570" /><F19/><W17/><G18/><T103/><D125/><N who="2" m="47626" /><F113/><W67/><G55/><T29/><D29/><U41/><E32/><V0/><F75/><W135/><G135/><T54/><D54/><N who="1" m="33879" /><E105/><V68/><F68/><W48/><G48/><T114/><D77/><U79/><E130/><V44/><F44/><W82/><G82/><T95/><D95/><U2/><E2/><V40/><F40/><W122/><G122/><T6/><D114/><U104/><E104/><V45/><F45/><W76/><G112/><T73/><D73/><U69/><E69/><V53/><F53/><W24/><G76/><T80/><D80/><U46/><E124/><V91/><F91/><N who="3" m="55519" /><G115/><T110/><D89/><U121/><E121/><V117/><F117/><W107/><G107/><T96/><D110/><U65/><E79/><V99/><F99/><W61/><G24/><T78/><D96/><U90/><E90/><V129/><F129/><W12/><G72/><T30/><D78/><U25/><E25/><V27/><F27/><W42/><G42/><T26/><D26/><U52/><E41/><V49/><F49/><W119/><G74/><T3/><D30/><U51/><E51/><V86/><AGARI ba="0,0" hai="0,4,8,57,59,83,86,88" m="47626,42570" machi="86" ten="40,5200,0" yaku="14,1,18,1,54,1" doraHai="56" who="2" fromWho="2" sc="214,-13,237,-26,312,52,237,-13" /><INIT seed="2,0,0,5,4,38" ten="201,211,364,224" oya="2" hai0="98,73,47,114,64,17,10,27,55,121,7,120,122" hai1="128,62,37,124,82,3,84,97,66,70,72,25,33" hai2="119,85,56,6,43,116,12,129,30,106,107,1,102" hai3="105,13,101,75,94,118,110,71,35,42,90,19,20"/><V59/><F1/><W93/><G118/><T104/><D114/><U79/><E3/><V96/><F30/><W4/><G35/><T34/><D73/><U103/><E37/><V115/><F115/><W50/><G71/><T113/><D113/><U126/><E128/><V134/><F134/><W26/><G105/><T39/><D64/><U11/><E11/><V135/><F135/><W51/><G75/><T58/><D104/><N who="1" m="63599" /><E84/><V54/><F129/><W68/><G68/><T36/><D98/><U112/><E112/><V29/><F29/><AGARI ba="0,0" hai="25,29,33,62,66,70,72,79,82,124,126" m="63599" machi="29" ten="30,2000,0" yaku="25,1,23,1" doraHai="38" who="1" fromWho="2" sc="201,0,211,20,364,-20,224,0" /><INIT seed="3,0,0,1,1,92" ten="201,231,344,224" oya="3" hai0="104,18,27,10,32,22,42,85,45,82,62,17,90" hai1="31,57,83,37,15,87,122,60,76,44,1,101,40" hai2="121,124,107,59,41,8,9,11,84,64,129,38,43" hai3="2,73,100,81,34,23,127,119,56,53,14,36,79"/><W25/><G119/><T126/><D126/><U102/><E1/><V35/><F35/><W94/><G127/><T99/><D32/><U134/><E134/><V20/><F107/><W6/><G36/><T131/><D131/><U128/><E128/><V0/><F0/><W68/><G68/><T24/><D62/><U7/><E31/><V29/><F38/><W61/><G2/><T55/><D55/><U66/><E122/><V88/><F121/><W86/><G34/><T114/><D114/><U16/><REACH who="1" step="1"/><E7/><REACH who="1" ten="201,221,344,224" step="2"/><V5/><F5/><W133/><G133/><T80/><D17/><U71/><E71/><V54/><F129/><W19/><G6/><T118/><D118/><U47/><E47/><V108/><F124/><W13/><G73/><T91/><D45/><U39/><E39/><V132/><F132/><W3/><REACH who="3" step="1"/><G3/><REACH who="3" ten="201,221,344,214" step="2"/><T78/><D18/><U69/><E69/><V72/><F72/><W28/><G28/><T95/><D24/><U135/><E135/><V63/><F29/><W109/><G109/><T117/><D27/><U112/><E112/><V58/><F108/><W12/><G12/><T97/><D117/><U103/><E103/><V75/><F75/><W123/><G123/><T52/><D10/><AGARI ba="0,2" hai="10,15,16,37,40,44,57,60,66,76,83,87,101,102" machi="10" ten="30,3900,0" yaku="1,1,7,1,54,1,53,0" doraHai="92" doraHaiUra="50" who="1" fromWho="0" sc="201,-39,221,59,344,0,214,0" /><INIT seed="4,0,0,1,1,119" ten="162,280,344,214" oya="0" hai0="112,7,69,99,88,97,133,67,75,116,61,76,20" hai1="2,5,113,47,53,122,17,72,86,80,104,56,22" hai2="83,48,118,13,121,59,55,98,38,9,29,41,87" hai3="54,1,125,14,28,63,78,129,18,27,46,10,95"/><T11/><D116/><U79/><E104/><V101/><F118/><W52/><G125/><T120/><D120/><U94/><E47/><V131/><F131/><W66/><G1/><T90/><D112/><U62/><E113/><V15/><F29/><W71/><G129/><T128/><D128/><U114/><E114/><V21/><F21/><W107/><G107/><T117/><D117/><U126/><E126/><V89/><F121/><W100/><G78/><T49/><D133/><U110/><E110/><V4/><F38/><W3/><G3/><T60/><D49/><U85/><E2/><V64/><F64/><W32/><REACH who="3" step="1"/><G46/><REACH who="3" ten="162,280,344,204" step="2"/><T105/><D105/><U39/><E79/><V135/><F135/><W35/><G35/><T58/><D76/><U8/><E122/><V91/><F13/><W30/><G30/><T6/><D75/><U103/><E72/><V74/><F74/><W33/><G33/><T37/><D37/><U19/><E39/><V44/><F44/><W65/><G65/><T102/><D67/><U25/><E94/><N who="2" m="58583" /><F41/><W96/><AGARI ba="0,1" hai="10,14,18,27,28,32,52,54,63,66,71,95,96,100" machi="96" ten="30,7900,0" yaku="1,1,0,1,54,1,53,1" doraHai="119" doraHaiUra="57" who="3" fromWho="3" sc="162,-39,280,-20,344,-20,204,89" /><INIT seed="5,0,0,0,3,110" ten="123,260,324,293" oya="1" hai0="96,20,94,22,55,44,58,38,28,53,9,36,42" hai1="66,83,34,39,91,105,106,131,80,21,88,62,23" hai2="123,73,68,71,56,78,86,113,74,89,107,40,109" hai3="125,93,65,30,63,61,97,1,72,19,114,103,49"/><U6/><E34/><V104/><F40/><W118/><G72/><N who="2" m="27753" /><F56/><W92/><G118/><T32/><D32/><U47/><E6/><V15/><F15/><W51/><G1/><T45/><D9/><U11/><E11/><V17/><F17/><W129/><G129/><T0/><D0/><U43/><E131/><V95/><F68/><W98/><G125/><T13/><D28/><U134/><E134/><V79/><F71/><W133/><G133/><T111/><D111/><U48/><E39/><V10/><F10/><W127/><G127/><T99/><D94/><U130/><E130/><V81/><F109/><W12/><G114/><T90/><D90/><N who="1" m="34347" /><E106/><N who="2" m="40491" /><F123/><W29/><G103/><T64/><D58/><N who="1" m="37207" /><E105/><V2/><F2/><W18/><G12/><T124/><D13/><U67/><E67/><AGARI ba="0,0" hai="18,19,29,30,49,51,61,63,65,67,92,93,97,98" machi="67" ten="25,3200,0" yaku="22,2,8,1" doraHai="110" who="3" fromWho="1" sc="123,0,260,-32,324,0,293,32" /><INIT seed="6,0,0,0,3,98" ten="123,228,324,325" oya="2" hai0="133,3,93,74,87,71,79,59,8,101,75,99,18" hai1="64,134,70,89,14,127,114,24,36,73,50,61,83" hai2="25,110,117,129,81,41,27,126,22,72,116,97,20" hai3="34,112,130,104,119,113,47,109,60,6,37,40,44"/><V45/><F126/><W49/><G34/><T123/><D71/><U103/><E127/><V23/><F129/><W19/><G6/><T95/><D3/><U30/><E36/><V92/><F110/><W94/><G104/><T105/><D59/><U2/><E2/><V135/><F135/><W124/><G109/><T111/><D111/><U46/><E134/><V11/><F11/><W29/><G29/><T7/><D18/><U4/><E114/><N who="3" m="44138" /><G124/><T43/><D43/><U67/><E73/><N who="0" m="27657" /><D8/><U56/><E70/><V106/><F106/><W128/><G94/><N who="0" m="35851" /><D7/><U17/><E4/><V65/><F65/><W55/><G119/><T85/><D123/><U52/><E67/><V118/><F81/><W88/><G88/><T91/><D133/><U13/><E17/><V77/><F77/><W84/><G84/><N who="0" m="32331" /><D91/><U39/><E39/><V69/><F72/><W96/><G19/><T15/><D15/><U102/><E14/><V35/><F35/><W107/><G60/><T120/><D120/><U1/><E13/><V38/><F69/><W54/><G55/><T132/><D132/><U10/><E10/><V122/><F122/><W82/><G82/><T90/><D90/><U16/><E1/><V5/><F5/><W68/><G68/><T78/><AGARI ba="0,0" hai="78,79,99,101,105" m="32331,35851,27657" machi="78" ten="40,12000,2" yaku="35,5,52,1" doraHai="98" who="0" fromWho="0" sc="123,120,228,-30,324,-60,325,-30" /><INIT seed="7,0,0,0,0,115" ten="243,198,264,295" oya="3" hai0="124,41,6,62,83,33,91,85,134,112,80,114,122" hai1="7,77,13,53,103,9,29,36,88,1,18,70,22" hai2="47,101,15,44,98,111,60,16,96,116,100,128,117" hai3="8,72,76,51,110,125,37,61,50,46,68,120,113"/><W19/><G120/><T78/><D33/><U39/><E70/><V118/><F111/><W79/><G113/><N who="0" m="43627" /><D122/><U87/><E103/><V132/><F60/><W121/><G121/><T54/><D41/><U86/><E77/><V42/><F128/><W11/><G125/><T35/><D35/><U5/><E5/><V126/><F126/><W89/><G37/><T40/><D40/><U81/><E29/><V104/><F132/><W64/><G110/><T49/><D124/><U74/><E74/><V17/><F15/><W119/><G119/><T131/><D6/><U21/><E21/><V3/><F3/><W38/><G38/><T52/><D131/><U27/><E1/><V97/><F42/><W92/><G72/><N who="0" m="43079" /><D134/><U82/><REACH who="1" step="1"/><E53/><REACH who="1" ten="243,188,264,295" step="2"/><V14/><F17/><W0/><G0/><T25/><D54/><U57/><E57/><V28/><F28/><W55/><G76/><T135/><D135/><U106/><E106/><V99/><REACH who="2" step="1"/><F101/><REACH who="2" ten="243,188,254,295" step="2"/><W108/><G108/><T24/><D62/><U2/><E2/><V71/><F71/><W130/><G130/><T94/><D24/><U66/><E66/><V10/><AGARI ba="0,2" hai="10,14,16,44,47,96,97,98,99,100,104,116,117,118" machi="10" ten="40,12000,2" yaku="1,1,0,1,52,3,54,1,53,1" doraHai="115" doraHaiUra="102" who="2" fromWho="2" sc="243,-30,188,-30,254,140,295,-60" owari="213,-18.7,158,-34.2,394,49.4,235,3.5" /></mjloggm>