<mjloggm ver="2.3"><GO type="169" lobby="0"/><UN n0="%E6%AF%94%E5%98%89%E7%A7%80%E4%BB%81" n1="%E4%BF%BA%E3%81%A7%E3%81%99" n2="%E6%88%91%E5%8F%AF%E4%BB%A5" n3="%E5%8D%83%E8%8D%89%E5%8F%B0" dan="16,16,16,17" rate="2080.59,2105.09,2106.82,2127.04" sx="M,M,M,M"/><TAIKYOKU oya="0"/><INIT seed="0,0,0,1,1,87" ten="250,250,250,250" oya="0" hai0="27,17,65,3,37,114,128,66,30,106,135,43,123" hai1="84,44,95,90,58,132,103,1,20,134,50,62,35" hai2="72,110,129,85,2,24,79,76,53,22,118,46,63" hai3="104,47,39,41,127,14,34,28,73,78,12,70,115"/><T86/><D123/><U55/><E35/><V31/><F2/><W102/><G115/><T119/><D119/><U126/><E1/><V125/><F118/><W130/><G14/><T120/><D120/><U19/><E126/><V15/><F72/><W4/><G127/><T80/><D114/><U92/><E103/><V8/><F125/><W13/><G13/><T82/><D106/><U74/><E74/><V60/><F110/><W25/><G12/><T59/><D3/><U133/><E95/><V68/><F129/><W40/><G40/><T131/><D135/><U89/><E89/><V32/><F32/><W107/><G4/><T75/><D75/><U100/><E100/><V7/><F68/><W45/><G45/><T36/><D36/><U67/><REACH who="1" step="1"/><E134/><REACH who="1" ten="250,240,250,250" step="2"/><V112/><F112/><W81/><G130/><T48/><D131/><U9/><E9/><V56/><F76/><W11/><G11/><T93/><D128/><U109/><E109/><V77/><F77/><W38/><G102/><T18/><D93/><U6/><E6/><V96/><F8/><W21/><G104/><T69/><D80/><U61/><E61/><V97/><F60/><W111/><G107/><T108/><D108/><U64/><E64/><V42/><F79/><W49/><G111/><T113/><D113/><U57/><E57/><V5/><F5/><W117/><G117/><T99/><D66/><U124/><E124/><V26/><F7/><W121/><G121/><T101/><D59/><U91/><E91/><V83/><F56/><W116/><G116/><T71/><D65/><U88/><E88/><RYUUKYOKU ba="0,1" sc="250,-10,240,30,250,-10,250,-10" hai1="19,20,44,50,55,58,62,67,84,90,92,132,133" /><INIT seed="1,1,1,2,0,52" ten="240,270,240,240" oya="1" hai0="19,69,20,62,55,37,9,105,6,84,14,51,86" hai1="2,79,78,129,112,38,94,124,115,127,121,81,106" hai2="116,15,68,17,60,64,26,83,7,99,50,11,12" hai3="122,40,4,41,24,104,111,131,30,54,35,113,33"/><U3/><E38/><V65/><F116/><W66/><G104/><T103/><D37/><U130/><E121/><V93/><F64/><W117/><G122/><T102/><D69/><U85/><E94/><V73/><F50/><W16/><G113/><N who="1" m="43594" /><E3/><V74/><F26/><W34/><G117/><T101/><D62/><U132/><E2/><V88/><REACH who="2" step="1"/><F83/><REACH who="2" ten="240,270,230,240" step="2"/><W63/><G66/><T27/><REACH who="0" step="1"/><D105/><REACH who="0" ten="230,270,230,240" step="2"/><U67/><E106/><V31/><F31/><W39/><G30/><T0/><D0/><U75/><E67/><V18/><F18/><W120/><G120/><T71/><D71/><U32/><E132/><V76/><F76/><W90/><G39/><T125/><D125/><N who="1" m="48203" /><E79/><V72/><F72/><W1/><G1/><T58/><AGARI ba="1,3" hai="6,9,14,19,20,27,51,55,58,84,86,101,102,103" machi="58" ten="30,7900,0" yaku="1,1,0,1,8,1,52,1,53,0" doraHai="52" doraHaiUra="95" who="0" fromWho="0" sc="230,112,270,-40,230,-21,240,-21" /><INIT seed="2,0,0,4,3,74" ten="342,230,209,219" oya="2" hai0="2,129,20,46,134,62,0,92,27,25,32,65,110" hai1="66,97,79,21,93,1,112,39,7,83,4,56,60" hai2="38,111,100,76,109,18,51,59,24,118,68,14,73" hai3="71,53,130,125,95,37,40,58,67,29,132,91,124"/><V75/><F118/><W10/><G29/><T49/><D110/><N who="2" m="41994" /><F38/><W133/><G10/><T26/><D129/><U61/><E112/><V131/><F68/><W127/><G95/><T120/><D120/><U50/><E39/><V117/><F117/><W123/><G91/><T98/><D134/><N who="3" m="51817" /><G123/><T19/><D32/><U103/><E1/><V90/><F131/><W5/><G5/><T16/><D2/><U122/><E50/><V96/><F90/><W34/><G34/><T121/><D0/><U115/><E115/><V9/><F24/><W86/><G86/><T135/><D19/><U94/><E122/><V69/><F69/><W8/><G8/><T6/><D6/><U114/><E114/><V33/><F33/><W108/><G108/><T15/><D121/><U78/><E7/><V36/><F36/><W13/><G37/><T105/><D105/><U102/><E4/><V99/><F99/><W84/><G13/><T107/><D107/><U43/><E97/><V126/><F96/><W3/><G3/><T106/><D106/><U82/><E21/><V35/><F35/><W47/><G130/><T57/><D135/><U23/><E23/><V87/><F100/><W41/><G71/><T11/><D11/><U80/><E80/><N who="2" m="47495" /><F126/><W44/><G124/><T113/><D113/><U72/><E103/><V77/><F77/><W64/><G125/><T45/><REACH who="0" step="1"/><D49/><REACH who="0" ten="332,230,209,219" step="2"/><U54/><E72/><V17/><F17/><W12/><G127/><T70/><D70/><U104/><E104/><V22/><F9/><W28/><G28/><T52/><D52/><AGARI ba="0,1" hai="14,18,22,51,52,59,73,75" m="47495,41994" machi="52" ten="30,11600,0" yaku="14,1,10,1,52,1,54,1" doraHai="74" who="2" fromWho="0" sc="332,-116,230,0,209,126,219,0" /><INIT seed="2,1,0,0,5,68" ten="216,230,335,219" oya="2" hai0="106,47,56,71,42,114,0,16,53,90,119,8,95" hai1="45,100,3,33,128,6,112,116,132,109,50,125,20" hai2="17,5,127,51,27,91,63,117,58,40,103,19,38" hai3="59,15,48,76,130,72,65,10,23,12,79,4,37"/><V61/><F117/><W66/><G130/><T135/><D106/><U57/><E100/><V36/><F127/><W22/><G72/><T133/><D71/><U44/><E33/><V29/><F103/><W87/><G87/><T60/><D119/><U113/><E20/><V62/><F5/><W85/><G85/><T69/><D69/><U30/><E30/><V7/><F7/><W107/><G107/><T9/><D114/><N who="1" m="44139" /><E6/><V99/><F91/><W39/><G4/><T83/><D83/><U94/><E94/><V25/><F99/><W129/><G10/><T11/><D0/><U54/><E3/><V80/><F80/><W14/><G48/><N who="0" m="26743" /><D135/><U70/><E132/><V74/><F74/><W1/><G1/><T131/><D131/><U97/><E128/><V134/><F27/><W89/><G129/><T67/><D133/><U35/><E35/><V101/><F101/><W102/><G102/><T46/><D46/><N who="1" m="18027" /><E109/><V98/><F98/><W2/><G2/><T73/><D73/><U122/><E97/><V123/><F134/><W24/><G24/><T105/><D105/><U18/><E70/><V77/><F25/><W28/><G12/><N who="0" m="7199" /><D67/><U43/><E122/><V75/><F123/><W111/><G111/><T110/><D110/><U84/><E116/><V31/><F75/><W41/><G66/><T21/><D21/><U49/><E43/><V86/><F40/><W81/><G22/><T55/><D55/><U124/><E18/><N who="2" m="6667" /><F29/><W32/><G28/><T108/><D108/><U78/><E49/><V64/><F31/><W96/><G41/><T34/><D34/><RYUUKYOKU ba="1,0" sc="216,15,230,15,335,-15,219,-15" hai0="8,9,53,56,60,90,95" hai1="50,54,57,78,84,124,125" /><INIT seed="3,2,0,5,5,73" ten="231,245,320,204" oya="3" hai0="8,19,28,5,118,50,105,56,54,80,135,81,7" hai1="64,0,82,122,95,108,2,45,87,116,107,46,33" hai2="117,36,16,114,1,127,18,110,34,75,86,115,76" hai3="78,89,31,79,47,71,15,68,120,63,27,20,59"/><W30/><G120/><T98/><D118/><U21/><E107/><V109/><F117/><W119/><G119/><T60/><D135/><U51/><E33/><V65/><F75/><W132/><G132/><T124/><D124/><U90/><E116/><V25/><F36/><W96/><G71/><T14/><D28/><U39/><E122/><V129/><F65/><W3/><G68/><T35/><D35/><U101/><E64/><V55/><F1/><W32/><G3/><T131/><D131/><U48/><E39/><V92/><F55/><W66/><G31/><T62/><D105/><U58/><E2/><V52/><F127/><W103/><G89/><T44/><D98/><N who="1" m="59615" /><E0/><V42/><F42/><W113/><G113/><T53/><REACH who="0" step="1"/><D60/><REACH who="0" ten="221,245,320,204" step="2"/><U9/><E108/><V123/><F129/><W88/><G32/><T38/><D38/><U85/><E51/><V99/><F123/><W17/><G103/><T83/><AGARI ba="2,1" hai="5,7,8,14,19,44,50,53,54,56,62,80,81,83" machi="83" ten="30,7900,0" yaku="1,1,0,1,8,1,53,1" doraHai="73" doraHaiUra="57" who="0" fromWho="0" sc="221,95,245,-22,320,-22,204,-41" /><INIT seed="4,0,0,3,2,12" ten="316,223,298,163" oya="0" hai0="44,77,5,33,6,27,43,72,48,80,75,90,103" hai1="10,119,14,16,86,89,95,78,68,2,38,69,58" hai2="52,100,127,46,83,98,128,60,50,26,129,45,21" hai3="126,101,54,31,114,106,131,35,47,59,73,13,65"/><T132/><D132/><U70/><E119/><V41/><F127/><W56/><G73/><T71/><D71/><U53/><E38/><V118/><F83/><W91/><G106/><T133/><D133/><U88/><E2/><V9/><F9/><W3/><G3/><T67/><D67/><U102/><E78/><V74/><F74/><W19/><G101/><T109/><D109/><U117/><E117/><V22/><F118/><W11/><G126/><T111/><D111/><U17/><E89/><V82/><F82/><W1/><G1/><T66/><D66/><U105/><E105/><V104/><F60/><W15/><G114/><T8/><D103/><U4/><REACH who="1" step="1"/><E102/><REACH who="1" ten="316,213,298,163" step="2"/><V37/><REACH who="2" step="1"/><F21/><REACH who="2" ten="316,213,288,163" step="2"/><W57/><G35/><T79/><D72/><U34/><E34/><V135/><F135/><W36/><G11/><T62/><D62/><AGARI ba="0,2" hai="4,10,14,16,17,53,58,62,68,69,70,86,88,95" machi="62" ten="40,12000,2" yaku="1,1,52,2,54,2,53,1" doraHai="12" doraHaiUra="87" who="1" fromWho="0" sc="316,-120,213,140,288,0,163,0" /><INIT seed="5,0,0,1,3,43" ten="196,353,288,163" oya="1" hai0="38,20,0,24,102,3,47,98,88,31,112,126,63" hai1="44,37,8,93,105,19,120,68,80,95,16,89,26" hai2="121,100,65,135,84,28,85,90,5,62,74,72,91" hai3="40,111,46,70,110,87,18,114,36,113,1,11,125"/><U22/><E105/><V81/><F121/><W104/><G104/><T32/><D112/><N who="3" m="43113" /><G1/><T134/><D134/><U57/><E68/><V83/><F5/><W71/><G11/><T25/><D126/><U122/><E57/><V106/><F28/><W69/><G18/><T4/><D63/><U64/><E64/><V56/><F135/><W55/><G87/><T109/><D109/><N who="3" m="41481" /><G55/><T86/><D4/><U123/><E80/><V103/><F106/><W48/><G125/><T99/><D102/><AGARI ba="0,0" hai="56,62,65,72,74,81,83,84,85,90,91,100,102,103" machi="102" ten="40,1300,0" yaku="9,1" doraHai="43" who="2" fromWho="0" sc="196,-13,353,0,288,13,163,0" /><INIT seed="6,0,0,3,0,17" ten="183,353,301,163" oya="2" hai0="113,58,20,3,34,29,31,104,33,6,19,55,35" hai1="135,116,16,57,10,45,61,105,18,93,54,110,40" hai2="108,101,106,70,133,64,47,107,97,121,86,13,44" hai3="82,32,94,84,95,15,71,127,115,11,39,119,27"/><V129/><F121/><W12/><G71/><T124/><D104/><U88/><E110/><V118/><F118/><W0/><G39/><T98/><D98/><U120/><E105/><V26/><F108/><W65/><G119/><T42/><D42/><U122/><E116/><V87/><F106/><W102/><G0/><T69/><D69/><U41/><E135/><V123/><F129/><W52/><G65/><T63/><D124/><U56/><E56/><V59/><F59/><W91/><G127/><T99/><D99/><U130/><E130/><V90/><F86/><W22/><G32/><T62/><D113/><U103/><E103/><V81/><F123/><N who="1" m="47145" /><E10/><V80/><F80/><W24/><G115/><T112/><D112/><U96/><E41/><V72/><F72/><W126/><G126/><T53/><D63/><U85/><E85/><V50/><F133/><W83/><G27/><T23/><D55/><U9/><E9/><V51/><F26/><W111/><G111/><T76/><D76/><U60/><E61/><V68/><F64/><W66/><G66/><T125/><D125/><U131/><E131/><V21/><F47/><W132/><G52/><T89/><D89/><U74/><E74/><V25/><F68/><W2/><G2/><T48/><D62/><U73/><E73/><V38/><F70/><W5/><G132/><T46/><D58/><U92/><E92/><V8/><F44/><W43/><G43/><T109/><D109/><U114/><E114/><V117/><F117/><W4/><G95/><T30/><D19/><N who="1" m="7211" /><E40/><V36/><F107/><W1/><G84/><RYUUKYOKU ba="0,0" sc="183,15,353,15,301,-15,163,-15" hai0="3,6,20,23,29,30,31,33,34,35,46,48,53" hai1="45,54,57,60,88,93,96" /><INIT seed="7,1,0,2,2,116" ten="198,368,286,148" oya="3" hai0="90,132,55,31,43,97,135,94,51,109,85,56,7" hai1="57,70,104,46,47,75,74,52,122,28,33,120,105" hai2="84,107,127,29,83,24,113,34,5,71,22,91,114" hai3="96,3,64,27,126,134,14,78,13,102,80,79,49"/><W25/><G3/><T12/><D109/><U15/><E70/><V87/><F71/><W123/><G123/><T36/><D31/><U92/><E15/><V121/><F121/><W62/><G79/><T130/><D130/><U103/><E92/><V72/><F127/><W41/><G126/><T38/><D43/><U67/><E67/><V39/><F39/><W53/><G41/><T99/><D36/><U131/><E131/><V19/><F72/><W0/><G0/><T101/><D38/><U100/><E57/><V81/><F5/><W68/><G27/><T86/><D7/><U11/><E11/><V20/><F107/><W50/><G25/><T76/><D76/><U89/><E89/><N who="2" m="51343" /><F19/><W59/><G49/><T21/><D21/><U88/><E88/><V30/><F30/><W111/><G111/><T125/><D12/><U110/><E28/><V98/><F98/><W4/><G4/><T77/><D77/><U65/><E110/><V73/><F73/><W61/><G61/><T108/><D108/><U60/><E52/><V82/><F83/><W54/><G54/><T44/><D125/><U115/><E65/><V58/><F58/><W48/><G48/><T9/><D56/><U133/><E60/><V16/><F16/><W35/><G35/><T40/><D40/><U117/><E33/><V6/><F6/><W1/><G1/><T23/><D9/><U17/><E17/><V93/><F34/><W128/><G128/><T119/><D23/><U129/><E129/><V118/><F24/><W18/><G134/><N who="0" m="51243" /><D119/><U10/><E117/><V63/><F118/><RYUUKYOKU ba="1,0" sc="198,30,368,-10,286,-10,148,-10" hai0="44,51,55,85,86,90,94,97,99,101" owari="228,-17.2,358,45.8,276,7.6,138,-36.2" /></mjloggm>