<mjloggm ver="2.3"><GO type="169" lobby="0"/><UN n0="%E3%83%AC%E3%82%AA%E3%83%B3%E3%83%8F%E3%83%AB%E3%83%88" n1="%79%61%63%68%69%33%35%38" n2="%E3%81%9F%E3%81%8B%E3%81%A3%E3%81%A6%E3%81%83%E3%83%BC" n3="%68%69%73%61%74%6F%E6%A3%92" dan="17,16,18,16" rate="2184.95,2112.98,2194.84,2106.21" sx="M,M,F,M"/><TAIKYOKU oya="0"/><INIT seed="0,0,0,4,4,43" ten="250,250,250,250" oya="0" hai0="86,28,42,36,97,24,2,121,91,78,130,61,65" hai1="106,69,124,133,125,89,117,31,129,73,120,87,25" hai2="33,8,32,72,81,35,118,79,75,82,123,44,0" hai3="27,47,9,56,131,116,67,68,21,19,14,53,59"/><T49/><D121/><U85/><E120/><V113/><F113/><W114/><G116/><T23/><D130/><U119/><E73/><V55/><F123/><W60/><G131/><T127/><D127/><N who="1" m="48715" /><E129/><V4/><F118/><W135/><G135/><T83/><D2/><U112/><E112/><V51/><F82/><W18/><G114/><T109/><D36/><U74/><E74/><V50/><F75/><W52/><G53/><T39/><D39/><U84/><E133/><V76/><F76/><W88/><REACH who="3" step="1"/><G88/><REACH who="3" ten="250,250,250,240" step="2"/><T126/><D126/><U38/><E119/><V111/><F111/><W66/><G66/><T70/><D109/><U37/><E117/><V54/><REACH who="2" step="1"/><F35/><REACH who="2" ten="250,250,240,240" step="2"/><W101/><G101/><T64/><D78/><U11/><E89/><V13/><F13/><W26/><G26/><T46/><D91/><U80/><E25/><V71/><F71/><W99/><G99/><T16/><D70/><U12/><E69/><V95/><F95/><W3/><G3/><T94/><D94/><U40/><E80/><V110/><F110/><W103/><G103/><T1/><D1/><U6/><E12/><V128/><F128/><W93/><G93/><T45/><D97/><U41/><E87/><V107/><F107/><W115/><G115/><T122/><D122/><U96/><E85/><V10/><F10/><W92/><G92/><T62/><D86/><U102/><E84/><V98/><F98/><W34/><G34/><T77/><D83/><U29/><E11/><V48/><F48/><AGARI ba="0,2" hai="9,14,18,19,21,27,47,48,52,56,59,60,67,68" machi="48" ten="40,5200,0" yaku="1,1,52,1,54,1,53,0" doraHai="43" doraHaiUra="30" who="3" fromWho="2" sc="250,0,250,0,240,-52,240,72" /><INIT seed="1,0,0,1,5,100" ten="250,250,188,312" oya="1" hai0="121,91,16,32,79,102,84,21,9,90,123,98,126" hai1="36,2,48,125,50,83,61,99,101,85,89,8,53" hai2="13,38,35,7,59,97,41,122,19,76,94,119,128" hai3="29,69,1,72,40,10,95,96,55,31,86,42,52"/><U71/><E125/><V113/><F119/><W105/><G72/><T120/><D126/><U47/><E2/><V115/><F122/><W15/><G69/><T28/><D9/><U20/><E8/><V104/><F35/><W37/><G86/><T64/><D64/><U68/><E36/><V132/><F7/><W70/><G70/><T30/><D79/><U77/><E20/><V131/><F76/><W116/><G105/><N who="0" m="63703" /><D32/><U87/><E61/><V135/><F59/><W23/><G37/><T107/><D107/><U134/><E134/><N who="2" m="51243" /><F41/><N who="3" m="15979" /><G1/><T57/><D57/><U44/><E87/><V6/><F6/><N who="3" m="3543" /><G116/><T111/><D111/><U58/><E77/><V51/><F51/><W80/><G80/><N who="0" m="49415" /><D91/><U46/><REACH who="1" step="1"/><E50/><REACH who="1" ten="250,240,188,312" step="2"/><V124/><F38/><W133/><G133/><T54/><D54/><N who="3" m="20521" /><G23/><T27/><AGARI ba="0,1" hai="16,21,27,28,30,120,121,123" m="49415,63703" machi="27" ten="30,4000,0" yaku="13,1,52,1,54,1" doraHai="100" who="0" fromWho="0" sc="250,50,240,-20,188,-10,312,-10" /><INIT seed="2,0,0,5,4,83" ten="300,220,178,302" oya="2" hai0="58,82,0,94,72,134,97,20,6,69,51,1,4" hai1="95,3,64,62,15,79,92,76,135,101,7,46,43" hai2="120,48,67,9,105,132,74,80,102,68,103,90,54" hai3="22,133,88,100,126,12,118,108,121,60,106,61,122"/><V131/><F120/><W98/><G118/><T42/><D69/><U10/><E3/><V91/><F132/><W129/><G108/><T73/><D134/><U30/><E30/><V39/><F39/><W49/><G126/><T85/><D0/><U117/><E117/><V119/><F119/><W110/><G129/><T19/><D73/><U115/><E115/><V124/><F124/><W16/><G110/><T32/><D72/><U78/><E135/><V47/><F131/><W66/><G49/><T70/><D70/><U113/><E113/><V8/><F68/><W111/><G111/><T18/><D32/><U35/><E35/><V128/><F128/><W21/><G21/><T44/><D58/><U130/><E130/><V27/><F67/><W56/><G61/><T104/><D104/><U25/><E25/><V109/><F109/><W57/><G57/><T13/><D18/><U84/><E62/><V59/><F27/><W36/><G36/><T37/><D1/><U116/><E64/><V89/><F59/><W33/><G33/><T53/><D42/><U14/><E14/><V52/><F54/><W45/><G45/><T65/><D37/><U127/><E127/><V81/><F81/><W11/><G11/><N who="2" m="4169" /><F105/><W17/><G17/><T75/><D75/><U31/><E116/><V123/><F123/><W55/><G66/><T29/><D29/><U77/><E31/><V5/><F5/><W23/><G133/><T125/><D125/><U63/><E63/><V28/><F28/><W24/><G121/><T87/><D65/><U2/><E7/><N who="0" m="2601" /><D82/><U41/><E2/><RYUUKYOKU ba="0,0" sc="300,15,220,-15,178,15,302,-15" hai0="13,19,20,44,51,53,85,87,94,97" hai2="47,48,52,74,80,89,90,91,102,103" /><INIT seed="2,1,0,5,2,107" ten="315,205,193,287" oya="2" hai0="50,55,94,111,56,25,69,28,89,134,83,131,93" hai1="95,5,11,58,109,75,128,34,104,71,52,103,78" hai2="22,29,47,39,91,108,84,92,17,120,10,14,9" hai3="33,112,64,40,115,49,13,77,30,122,51,24,82"/><V48/><F120/><W135/><G135/><T7/><D69/><U8/><E71/><V61/><F39/><W101/><G64/><T123/><D123/><U31/><E109/><V97/><F108/><W19/><G101/><T88/><D111/><U85/><E128/><V38/><F38/><W87/><G40/><T37/><D37/><U74/><E34/><V110/><F110/><W6/><G6/><T59/><D134/><U20/><E31/><V127/><F127/><W0/><G0/><T21/><D131/><U66/><E20/><V4/><F61/><W65/><G65/><T35/><D7/><U132/><E66/><V63/><F63/><W80/><G80/><T45/><D83/><U105/><E105/><V15/><F97/><W124/><G124/><T23/><D23/><U67/><E67/><V70/><F70/><W36/><G36/><T54/><D35/><U99/><E132/><V114/><F114/><N who="3" m="43563" /><G122/><T113/><D55/><U86/><E86/><V27/><REACH who="2" step="1"/><F47/><REACH who="2" ten="315,205,183,287" step="2"/><W57/><G57/><T1/><D113/><U106/><E58/><V32/><F32/><W43/><G43/><T119/><D59/><U60/><E99/><V96/><F96/><W129/><G129/><T100/><D56/><U117/><E60/><V133/><F133/><W121/><G121/><T116/><D45/><U16/><E52/><V3/><F3/><W26/><G51/><AGARI ba="1,1" hai="4,9,10,14,15,17,22,27,29,48,51,84,91,92" machi="51" ten="40,3900,0" yaku="1,1,8,1,53,0" doraHai="107" doraHaiUra="42" who="2" fromWho="3" sc="315,0,205,0,183,52,287,-42" /><INIT seed="2,2,0,0,2,45" ten="315,205,235,245" oya="2" hai0="17,49,3,50,82,131,81,104,38,10,99,95,98" hai1="97,127,27,78,37,85,108,21,29,22,59,129,113" hai2="25,43,60,125,130,67,84,76,74,26,79,65,44" hai3="122,39,71,115,126,92,30,106,33,100,121,111,48"/><V120/><F120/><W102/><G92/><T90/><D38/><U88/><E113/><V1/><F1/><W31/><G115/><T132/><D132/><U23/><E108/><V72/><F130/><W52/><G39/><T2/><D131/><U56/><E127/><V107/><F107/><W6/><G71/><T51/><D2/><U128/><E37/><V12/><F125/><W110/><G6/><T101/><REACH who="0" step="1"/><D17/><REACH who="0" ten="305,205,235,245" step="2"/><U4/><E129/><V93/><F74/><W13/><G126/><T63/><D63/><U0/><E128/><V18/><F72/><W86/><G111/><T8/><D8/><U19/><E0/><V87/><F60/><W32/><G110/><T28/><D28/><U62/><E4/><AGARI ba="2,1" hai="3,4,10,49,50,51,81,82,90,95,98,99,101,104" machi="4" ten="40,8000,1" yaku="1,1,52,3,53,0" doraHai="45" doraHaiUra="133" who="0" fromWho="1" sc="305,96,205,-86,235,0,245,0" /><INIT seed="3,0,0,4,3,54" ten="401,119,235,245" oya="3" hai0="32,49,57,128,125,85,25,130,115,89,79,37,29" hai1="8,10,95,71,101,99,86,6,43,3,0,36,45" hai2="131,39,4,73,82,56,105,24,14,126,111,22,68" hai3="51,81,117,97,107,21,127,77,118,92,60,124,7"/><W42/><G7/><T23/><D37/><U5/><REACH who="1" step="1"/><E86/><REACH who="1" ten="401,109,235,245" step="2"/><V9/><F73/><N who="3" m="43183" /><G117/><T53/><D85/><U110/><E110/><V78/><F111/><W58/><G118/><T84/><D84/><U66/><E66/><V80/><F126/><N who="3" m="48171" /><G107/><T33/><D125/><U114/><E114/><V16/><F105/><W122/><G122/><T44/><D115/><U135/><E135/><V87/><F87/><W40/><G97/><T90/><D79/><U18/><E18/><V134/><F78/><W116/><G92/><T70/><D130/><U34/><E34/><V19/><F131/><W133/><G133/><T46/><D32/><U121/><E121/><V108/><F134/><W123/><G123/><T52/><D33/><U75/><E75/><V74/><F74/><W50/><G116/><T12/><D128/><U106/><E106/><V61/><F108/><W38/><G38/><T1/><D1/><U94/><E94/><V104/><F39/><W69/><G69/><AGARI ba="0,1" hai="0,3,5,6,8,10,36,43,45,69,71,95,99,101" machi="69" ten="40,8000,1" yaku="21,2,9,1,53,2" doraHai="54" doraHaiUra="2" who="1" fromWho="3" sc="401,0,109,90,235,0,245,-80" /><INIT seed="4,0,0,0,5,112" ten="401,199,235,165" oya="0" hai0="113,48,134,47,19,8,133,131,36,25,96,4,115" hai1="98,124,50,82,118,122,87,108,76,23,97,83,29" hai2="43,39,68,81,30,110,5,24,79,16,125,74,40" hai3="2,17,102,107,18,34,73,42,78,105,130,128,58"/><T84/><D36/><U77/><E122/><V14/><F110/><W80/><G34/><T104/><D84/><U12/><E108/><V114/><F68/><W31/><G31/><T119/><D96/><U61/><E124/><V37/><F125/><W93/><G2/><T64/><D64/><U20/><E61/><V3/><F114/><N who="0" m="43530" /><D104/><U53/><E118/><V63/><F63/><W6/><G6/><T54/><D131/><U11/><E29/><V116/><F116/><W103/><G42/><T92/><D92/><U59/><E98/><V66/><F66/><W52/><G93/><T1/><D119/><U100/><E100/><V101/><F101/><W106/><G103/><T126/><D126/><U117/><E97/><V89/><F89/><W41/><G41/><T75/><D75/><U46/><E59/><V35/><F39/><W55/><G102/><T15/><D25/><U86/><REACH who="1" step="1"/><E117/><REACH who="1" ten="401,189,235,165" step="2"/><V57/><F37/><W129/><G58/><T32/><D32/><U44/><E44/><V49/><F57/><W9/><REACH who="3" step="1"/><G9/><AGARI ba="0,1" hai="1,4,8,9,15,19,47,48,54,133,134" m="43530" machi="9" ten="30,1500,0" yaku="15,1" doraHai="112" who="0" fromWho="3" sc="401,25,189,0,235,0,165,-15" /><INIT seed="4,1,0,2,4,92" ten="426,189,235,150" oya="0" hai0="47,131,18,14,113,118,104,2,114,21,39,37,52" hai1="98,11,29,68,24,102,60,82,105,132,71,119,44" hai2="51,90,31,115,124,62,3,36,108,83,84,55,6" hai3="97,64,7,57,28,93,130,88,1,76,107,5,123"/><T100/><D2/><U117/><E132/><V13/><F108/><W67/><G130/><T19/><D118/><U77/><E44/><V49/><F36/><W50/><G107/><T133/><D19/><U79/><E79/><V95/><F115/><N who="0" m="44042" /><D133/><U23/><E11/><V30/><F3/><W109/><G109/><T103/><D103/><U125/><E125/><V25/><F124/><W134/><G123/><T33/><D33/><U54/><E54/><V58/><F31/><W32/><G76/><T66/><D66/><U12/><E12/><V74/><F74/><W65/><G1/><T34/><D34/><U127/><E127/><V91/><F6/><W101/><G101/><T56/><D47/><U72/><REACH who="1" step="1"/><E60/><REACH who="1" ten="426,179,235,150" step="2"/><V61/><F13/><W75/><G134/><T87/><D52/><U80/><E80/><V99/><REACH who="2" step="1"/><F62/><REACH who="2" ten="426,179,225,150" step="2"/><W26/><G75/><T135/><D14/><U128/><E128/><V63/><F63/><W69/><G69/><AGARI ba="1,2" hai="23,24,29,68,69,71,72,77,82,98,102,105,117,119" machi="69" ten="40,2600,0" yaku="1,1,52,1,53,0" doraHai="92" doraHaiUra="111" who="1" fromWho="3" sc="426,0,179,49,225,0,150,-29" /><INIT seed="5,0,0,2,4,135" ten="426,228,225,121" oya="1" hai0="51,112,41,86,20,23,65,109,16,115,77,128,123" hai1="71,53,46,56,62,74,119,92,103,35,134,120,18" hai2="125,121,29,32,66,9,14,4,22,85,61,87,39" hai3="12,102,50,8,76,106,59,118,57,104,68,67,11"/><U126/><E120/><V36/><F121/><W124/><G68/><T37/><D123/><U33/><E119/><V47/><F32/><W131/><G118/><T78/><D109/><U42/><E74/><V79/><F47/><W28/><G28/><T19/><D37/><N who="1" m="21839" /><E18/><V88/><F79/><W44/><G76/><T55/><D41/><U13/><E13/><V113/><F87/><W116/><G116/><T17/><D65/><N who="1" m="41399" /><E134/><V63/><F63/><W110/><G102/><T21/><D128/><U30/><E30/><V64/><F64/><W82/><G67/><T73/><D86/><U0/><E0/><V40/><F40/><W91/><G110/><T95/><D95/><U60/><E60/><V90/><F90/><W27/><G131/><T108/><D108/><U70/><E70/><V34/><F34/><W48/><G27/><T6/><D73/><U43/><E43/><V99/><F29/><W15/><G91/><T2/><D2/><U26/><E26/><V5/><F61/><W10/><G11/><T80/><D17/><U98/><E126/><V97/><F125/><W101/><G101/><T45/><D19/><U52/><E53/><V31/><F31/><W100/><G100/><T96/><D16/><U49/><AGARI ba="0,0" hai="33,35,49,52,56,92,98,103" m="41399,21839" machi="49" ten="30,3000,0" yaku="24,1,54,1" doraHai="135" who="1" fromWho="1" sc="426,-10,228,30,225,-10,121,-10" /><INIT seed="5,1,0,4,1,95" ten="416,258,215,111" oya="1" hai0="127,33,14,7,116,0,19,54,61,6,100,75,102" hai1="12,109,88,73,15,113,99,117,27,105,72,42,92" hai2="8,65,81,67,3,2,46,45,35,76,52,114,13" hai3="79,110,101,87,4,64,89,50,82,34,122,111,23"/><U68/><E117/><V132/><F35/><W17/><G34/><T36/><D75/><U20/><E68/><V9/><F132/><W62/><G4/><T10/><D36/><U84/><E113/><V32/><F32/><W78/><G122/><T90/><D6/><U38/><E109/><V24/><F24/><W125/><G125/><T131/><D116/><U47/><E73/><V53/><F114/><W107/><G50/><T40/><D40/><U133/><E72/><V11/><F13/><W16/><G17/><T71/><D131/><U124/><E124/><V66/><F81/><W108/><G101/><T115/><D115/><U39/><E39/><V80/><F80/><W126/><G107/><T1/><D1/><N who="2" m="10" /><F76/><W96/><G96/><T119/><D119/><U28/><REACH who="1" step="1"/><E133/><REACH who="1" ten="416,248,215,111" step="2"/><V30/><F30/><W112/><G112/><T56/><D127/><U63/><E63/><V134/><F134/><W130/><G126/><T70/><D71/><U94/><E94/><V22/><F22/><W25/><REACH who="3" step="1"/><G130/><REACH who="3" ten="416,248,215,101" step="2"/><T77/><D33/><U120/><E120/><V103/><F103/><AGARI ba="1,2" hai="12,15,20,27,28,38,42,47,84,88,92,99,103,105" machi="103" ten="40,12000,1" yaku="1,1,52,1,54,1,53,1" doraHai="95" doraHaiUra="69" who="1" fromWho="2" sc="416,0,248,143,215,-123,101,0" /><INIT seed="5,2,0,5,2,30" ten="416,391,92,101" oya="1" hai0="124,77,59,81,117,125,119,127,82,22,9,83,53" hai1="70,113,4,46,50,112,13,90,56,8,12,134,121" hai2="95,24,57,80,110,85,76,38,96,120,23,102,39" hai3="32,2,78,111,135,48,17,43,65,74,93,31,14"/><U10/><E121/><V60/><F110/><W47/><G2/><T19/><D9/><U128/><E70/><V109/><F120/><W36/><G135/><T54/><D77/><U11/><E134/><V133/><F109/><W0/><G0/><T21/><D59/><U5/><E128/><V132/><F132/><W7/><G7/><T20/><D19/><U49/><E90/><V35/><F35/><W64/><G36/><T18/><D18/><U100/><E100/><V98/><F98/><W84/><G74/><T61/><D61/><U68/><E68/><V94/><F94/><W25/><G111/><T58/><D58/><U62/><E10/><V69/><F69/><W66/><G93/><T33/><D33/><U126/><E126/><V34/><F133/><W16/><REACH who="3" step="1"/><G14/><REACH who="3" ten="416,391,92,91" step="2"/><T73/><D73/><U123/><E123/><V55/><REACH who="2" step="1"/><F34/><REACH who="2" ten="416,391,82,91" step="2"/><W99/><G99/><T103/><D103/><U108/><E108/><V118/><F118/><AGARI ba="2,2" hai="20,21,22,53,54,81,82,83,117,118,119,124,125,127" machi="118" ten="50,8000,1" yaku="29,2,28,2,18,1" doraHai="30" who="0" fromWho="2" sc="416,106,391,0,82,-86,91,0" owari="522,62.2,391,19.1,-4,-50.4,91,-30.9" /></mjloggm>