<mjloggm ver="2.3"><GO type="169" lobby="0"/><UN n0="%52%65%63%61%6C%74%71" n1="%44%61%72%6B%72%69%64%65" n2="%E3%81%9F%E3%81%BE%E5%AD%90" n3="%68%69%72%61%6A%75%6E" dan="16,16,17,16" rate="2135.50,2191.15,2236.28,2086.32" sx="M,M,M,M"/><TAIKYOKU oya="0"/><INIT seed="0,0,0,4,5,27" ten="250,250,250,250" oya="0" hai0="41,114,70,129,110,17,112,78,57,75,88,52,97" hai1="9,13,106,54,7,122,135,40,127,79,126,95,91" hai2="76,53,77,86,15,23,31,32,132,59,28,36,111" hai3="100,35,93,2,69,5,1,72,34,49,65,60,8"/><T134/><D70/><U47/><E106/><V101/><F36/><W21/><G72/><T108/><D41/><U98/><E122/><V14/><F32/><W104/><G1/><T19/><D134/><U116/><E135/><V66/><F132/><W20/><G104/><T118/><D129/><U22/><E116/><V115/><F115/><W73/><G73/><T12/><D19/><U0/><E54/><V117/><F117/><W84/><G49/><T55/><D55/><U124/><E79/><N who="2" m="30283" /><F66/><W24/><G20/><T128/><D118/><U109/><E109/><N who="0" m="42089" /><D78/><U89/><E22/><V63/><F111/><W42/><G42/><T96/><D96/><U133/><E133/><V103/><F86/><W105/><G105/><T87/><D97/><U82/><E82/><V56/><F56/><W68/><G68/><T29/><D29/><N who="2" m="11338" /><F23/><W94/><G69/><T16/><D75/><U43/><E0/><V10/><F15/><W85/><G34/><T46/><D46/><U83/><E47/><V48/><F48/><W30/><G35/><T80/><D128/><U45/><E45/><V130/><F130/><W26/><G26/><T61/><D17/><AGARI ba="0,0" hai="10,14,17,53,59,63,101,103" m="11338,30283" machi="17" ten="30,7700,0" yaku="8,1,52,3" doraHai="27" who="2" fromWho="0" sc="250,-77,250,0,250,77,250,0" /><INIT seed="1,0,0,0,1,43" ten="173,250,327,250" oya="1" hai0="38,20,7,23,4,116,96,34,130,83,74,93,45" hai1="48,115,90,2,71,18,91,8,30,65,94,40,81" hai2="22,107,66,9,1,118,114,110,87,12,35,57,0" hai3="31,122,70,97,112,53,32,19,89,127,88,72,98"/><U102/><E30/><V13/><F107/><W41/><G122/><T26/><D116/><U131/><E115/><V49/><F118/><W111/><G112/><T103/><D130/><U106/><E131/><V58/><F35/><W67/><G72/><T119/><D119/><U36/><E106/><V15/><F114/><W51/><G111/><T33/><D33/><U82/><E102/><V113/><F113/><W99/><G127/><T37/><D37/><U24/><E36/><V101/><F101/><W39/><G32/><T128/><D128/><U73/><E73/><V14/><F110/><W42/><G31/><T92/><D92/><U124/><E90/><N who="3" m="34922" /><G39/><T75/><D34/><U79/><E79/><V123/><F123/><W44/><G70/><T104/><D104/><U80/><E2/><V59/><F87/><W52/><G67/><T3/><D26/><U16/><E65/><V69/><F22/><W29/><G29/><T68/><D68/><U134/><E71/><V10/><F69/><W109/><G109/><T5/><D3/><U125/><E125/><V17/><F66/><W132/><G132/><T78/><REACH who="0" step="1"/><D74/><REACH who="0" ten="163,250,327,250" step="2"/><U121/><E124/><V54/><F0/><W6/><G6/><T95/><D95/><U77/><E121/><V117/><F117/><W126/><G126/><T64/><D64/><U11/><E24/><V100/><F1/><W135/><G135/><T28/><D28/><U27/><E134/><V86/><F86/><W25/><G41/><AGARI ba="0,1" hai="4,5,7,20,23,38,41,45,75,78,83,93,96,103" machi="41" ten="40,2600,0" yaku="1,1,52,1,53,0" doraHai="43" doraHaiUra="62" who="0" fromWho="3" sc="163,36,250,0,327,0,250,-26" /><INIT seed="2,0,0,4,0,59" ten="199,250,327,224" oya="2" hai0="120,116,70,9,47,23,80,78,72,36,21,105,132" hai1="1,35,75,25,125,84,39,20,104,7,40,115,113" hai2="122,118,91,135,41,0,42,81,30,133,31,124,73" hai3="4,110,77,14,34,111,71,112,58,5,8,96,62"/><V61/><F118/><W19/><G112/><T53/><D120/><U93/><E39/><V76/><F122/><W90/><G71/><T85/><D116/><U83/><E40/><N who="2" m="15467" /><F0/><W79/><G34/><T87/><D132/><N who="2" m="50762" /><F124/><W82/><G111/><T3/><D105/><U119/><E104/><V26/><F26/><W131/><G131/><T127/><D70/><U106/><E25/><V32/><F32/><W117/><G110/><T134/><D134/><U98/><E106/><V43/><N who="2" m="15475" /><V56/><DORA hai="74" /><F91/><W92/><G117/><T57/><D36/><U29/><E35/><V128/><F128/><W103/><G103/><T64/><D127/><U94/><E1/><V2/><F2/><W50/><G50/><T102/><D102/><U46/><E119/><V126/><F126/><W123/><G123/><T89/><D64/><AGARI ba="0,0" hai="30,31,56,61,64,73,76,81" m="50762,15475" machi="64" ten="40,7700,0" yaku="20,1,52,2" doraHai="59,74" who="2" fromWho="0" sc="199,-77,250,0,327,77,224,0" /><INIT seed="2,1,0,4,5,39" ten="122,250,404,224" oya="2" hai0="129,63,132,133,6,88,57,52,92,95,120,109,122" hai1="59,35,131,31,83,28,110,20,86,114,33,64,26" hai2="75,60,32,87,38,91,67,69,128,9,103,30,107" hai3="99,85,27,46,4,105,19,101,80,117,123,22,40"/><V24/><F128/><W14/><G117/><T112/><D129/><U53/><E131/><V41/><F75/><W111/><G111/><T29/><D112/><U81/><E110/><V78/><F78/><W97/><G123/><T93/><D109/><U70/><E114/><V1/><F91/><W12/><G4/><T56/><D6/><U55/><E70/><V34/><F87/><W118/><G99/><T47/><D29/><U21/><E64/><V18/><F18/><W13/><G118/><T104/><D104/><U61/><E53/><V37/><F34/><W119/><G119/><T77/><D77/><U134/><E134/><N who="0" m="51817" /><D47/><U54/><E54/><V73/><F73/><W130/><G130/><T68/><D68/><U94/><E94/><N who="0" m="36457" /><D56/><U96/><E96/><AGARI ba="1,0" hai="52,57,63,88,95,96,120,122" m="36457,51817" machi="96" ten="30,3900,0" yaku="20,1,54,2" doraHai="39" who="0" fromWho="1" sc="122,42,250,-42,404,0,224,0" /><INIT seed="3,0,0,3,4,34" ten="164,208,404,224" oya="3" hai0="92,46,17,47,130,112,22,88,89,30,65,82,37" hai1="76,126,97,134,61,109,10,73,27,99,51,5,102" hai2="115,78,80,119,107,64,23,13,125,101,0,113,50" hai3="105,45,41,91,11,116,128,84,9,29,120,8,129"/><W39/><G116/><T55/><D112/><U104/><E134/><V48/><F119/><W93/><G120/><T66/><D130/><U103/><E126/><V110/><F110/><W43/><G105/><T100/><D30/><U15/><E109/><V38/><F38/><W16/><G29/><T20/><D37/><U4/><E73/><V131/><F64/><W135/><G135/><T62/><D100/><U1/><E76/><V2/><F13/><W57/><G43/><T7/><D7/><U36/><E36/><V49/><F23/><W24/><REACH who="3" step="1"/><G57/><REACH who="3" ten="164,208,404,214" step="2"/><T85/><D47/><U3/><E104/><V56/><F56/><W94/><G94/><T69/><D69/><U67/><E51/><V81/><F50/><W68/><G68/><T87/><D20/><AGARI ba="0,1" hai="8,9,11,16,20,24,39,41,45,84,91,93,128,129" machi="20" ten="40,3900,0" yaku="1,1,54,1,53,0" doraHai="34" doraHaiUra="35" who="3" fromWho="0" sc="164,-39,208,0,404,0,214,49" /><INIT seed="3,1,0,4,2,95" ten="125,208,404,263" oya="3" hai0="78,96,82,50,61,2,43,19,90,25,46,33,48" hai1="69,98,24,70,129,35,9,130,14,15,45,68,21" hai2="83,1,110,38,124,132,52,94,32,123,100,28,18" hai3="126,27,127,31,108,81,47,64,60,51,22,133,57"/><W7/><G133/><T121/><D2/><U91/><E35/><V58/><F38/><W12/><G108/><T88/><D121/><U20/><E45/><V44/><F123/><W89/><G7/><T84/><D50/><U36/><E36/><V67/><F132/><W93/><G12/><N who="1" m="4650" /><E9/><V106/><F1/><W117/><G81/><T5/><D5/><U66/><E66/><V114/><F114/><W109/><G109/><T42/><D42/><U112/><E24/><V40/><F106/><W75/><G75/><T8/><D8/><U53/><E53/><V39/><F124/><W74/><G74/><T87/><D61/><U4/><E4/><V23/><F67/><W118/><G127/><T65/><D65/><U16/><E16/><V85/><F28/><W80/><G80/><T56/><D56/><U125/><E125/><V135/><F32/><W115/><G126/><T41/><D41/><U120/><E120/><V107/><F135/><W11/><G11/><T111/><D111/><U128/><E112/><V119/><F107/><W34/><G115/><T101/><D84/><U0/><E0/><V79/><F110/><W131/><G34/><T55/><D43/><U105/><E91/><V26/><F58/><W3/><G3/><T134/><D134/><U10/><E10/><V97/><REACH who="2" step="1"/><F52/><REACH who="2" ten="125,208,394,263" step="2"/><N who="3" m="29823" /><G131/><T116/><D116/><AGARI ba="1,1" hai="18,23,26,39,40,44,79,83,85,94,97,100,116,119" machi="116" ten="40,2600,0" yaku="1,1,52,1,53,0" doraHai="95" doraHaiUra="102" who="2" fromWho="0" sc="125,-29,208,0,394,39,263,0" /><INIT seed="4,0,0,3,4,72" ten="96,208,433,263" oya="0" hai0="112,69,87,111,134,32,89,97,20,86,62,24,81" hai1="135,59,127,92,55,105,8,43,117,73,38,113,13" hai2="125,42,21,65,99,114,22,10,7,120,0,82,98" hai3="12,122,67,109,31,51,124,118,23,85,110,94,128"/><T19/><D134/><U79/><E105/><V18/><F120/><W58/><G118/><T27/><D111/><U6/><E135/><V78/><F125/><W106/><G128/><T116/><D116/><U95/><E117/><V16/><F114/><W101/><G124/><T5/><D112/><U74/><E74/><V52/><F65/><W30/><G122/><T123/><D123/><U93/><E127/><V37/><F22/><W107/><G107/><T60/><D5/><U100/><E113/><V119/><F119/><W28/><G106/><T26/><D69/><U50/><E38/><V70/><F70/><W45/><G101/><T49/><D97/><U75/><E75/><N who="2" m="43359" /><F52/><W33/><G33/><T15/><D32/><U48/><E100/><V2/><F2/><W77/><G109/><T88/><REACH who="0" step="1"/><D49/><REACH who="0" ten="86,208,433,263" step="2"/><U54/><E43/><V14/><F99/><W83/><G110/><T76/><D76/><U1/><E1/><V80/><F98/><W35/><G77/><T29/><D29/><U47/><E73/><V121/><F121/><W25/><G35/><T41/><D41/><U34/><E79/><V57/><F42/><W130/><G30/><T36/><D36/><U11/><E34/><V84/><F37/><W68/><G28/><T3/><D3/><U103/><E103/><V61/><F0/><W44/><G68/><T9/><D9/><AGARI ba="0,1" hai="6,8,9,11,13,47,48,50,54,55,59,92,93,95" machi="9" ten="40,1300,0" yaku="8,1" doraHai="72" who="1" fromWho="0" sc="86,-13,208,23,433,0,263,0" /><INIT seed="5,0,0,2,2,108" ten="73,231,433,263" oya="1" hai0="13,84,14,41,20,123,118,47,82,134,114,40,87" hai1="60,30,7,34,70,57,37,74,83,42,1,89,113" hai2="93,28,104,22,35,110,63,109,25,130,21,4,124" hai3="86,76,72,88,18,103,105,64,119,26,120,69,129"/><U58/><E89/><V33/><F104/><W115/><G120/><T67/><D123/><U66/><E30/><V61/><F93/><N who="3" m="54423" /><G69/><T112/><D118/><U45/><E34/><V79/><F79/><W52/><G64/><T125/><D67/><U27/><E27/><V12/><F63/><W16/><G26/><T2/><D134/><U75/><E75/><V97/><F97/><N who="3" m="61679" /><G129/><T55/><D125/><U10/><REACH who="1" step="1"/><E113/><REACH who="1" ten="73,221,433,263" step="2"/><N who="0" m="43625" /><D2/><U117/><E117/><V107/><F110/><W132/><G115/><T17/><D14/><U24/><E24/><V98/><F25/><W68/><G119/><T102/><D102/><U8/><E8/><V94/><F12/><W116/><G116/><T9/><D9/><U111/><E111/><V23/><F109/><W50/><G132/><T122/><D122/><U62/><E62/><V92/><F61/><W101/><G101/><T96/><D96/><U53/><E53/><V38/><F98/><W127/><G127/><T65/><D65/><U0/><E0/><V80/><F124/><W15/><G15/><T3/><D3/><U77/><AGARI ba="0,1" hai="1,7,10,37,42,45,57,58,60,66,70,74,77,83" machi="77" ten="30,11700,0" yaku="1,1,0,1,25,2,53,0" doraHai="108" doraHaiUra="81" who="1" fromWho="1" sc="73,-39,221,127,433,-39,263,-39" /><INIT seed="5,1,0,1,2,4" ten="34,348,394,224" oya="1" hai0="77,99,54,38,34,128,67,18,100,124,105,39,84" hai1="63,116,20,129,93,95,80,132,118,49,127,58,12" hai2="122,109,46,28,131,120,0,8,32,85,76,51,68" hai3="82,121,97,111,64,62,112,29,30,23,119,50,24"/><U98/><E129/><V126/><F109/><W21/><G121/><T31/><D128/><U3/><E3/><V52/><F131/><W87/><G112/><T22/><D124/><U69/><E127/><V92/><F126/><W17/><G119/><T2/><D2/><U43/><E132/><V101/><F68/><W40/><G111/><T107/><D107/><U66/><E80/><V42/><F32/><W36/><G36/><T114/><D114/><U74/><E93/><V44/><F28/><W91/><G97/><T88/><D77/><U78/><E78/><V26/><F26/><W48/><G40/><T65/><D54/><U70/><E74/><V11/><F0/><W16/><G29/><T10/><D39/><U125/><E125/><V83/><F122/><W96/><G96/><T45/><D34/><U19/><E70/><V7/><F7/><W81/><G81/><T6/><D31/><U5/><E5/><V1/><F1/><W37/><G37/><T123/><D123/><U72/><E72/><V13/><F13/><W71/><REACH who="3" step="1"/><G30/><REACH who="3" ten="34,348,394,214" step="2"/><T15/><D45/><U113/><E113/><V90/><F120/><W41/><G41/><T56/><D38/><U73/><E73/><V104/><F44/><W57/><G57/><T103/><D56/><U79/><E79/><V106/><F42/><W89/><G89/><T33/><D33/><U25/><E43/><V110/><F110/><W115/><G115/><T35/><D35/><U130/><E130/><V47/><F47/><W60/><G60/><T135/><D135/><U27/><E116/><V59/><F46/><RYUUKYOKU ba="1,1" sc="34,-10,348,-10,394,-10,214,30" hai3="16,17,21,23,24,48,50,62,64,71,82,87,91" /><INIT seed="6,2,1,3,2,66" ten="24,338,384,244" oya="2" hai0="5,47,61,63,130,78,12,15,84,123,9,31,1" hai1="128,62,17,39,56,107,102,59,14,114,2,32,41" hai2="75,49,19,113,103,121,26,88,65,3,99,124,125" hai3="52,72,129,55,37,81,53,8,36,80,30,131,86"/><V122/><F3/><W87/><G30/><T120/><D130/><N who="3" m="49673" /><G8/><T10/><D31/><U35/><E2/><V94/><F49/><W134/><G134/><T118/><D1/><U83/><E128/><V68/><F75/><W48/><G72/><T98/><D118/><U105/><E83/><N who="3" m="31818" /><G48/><T69/><D98/><U90/><E90/><V23/><F113/><W100/><G100/><T51/><D84/><AGARI ba="2,1" hai="36,37,52,53,55,84,86,87" m="31818,49673" machi="84" ten="40,8000,1" yaku="28,2,19,1,54,1" doraHai="66" who="3" fromWho="0" sc="24,-86,338,0,384,0,244,96" owari="-62,-56.2,338,-6.2,384,48.4,340,14.0" /></mjloggm>