<mjloggm ver="2.3"><GO type="169" lobby="0"/><UN n0="%E7%89%8C%E6%B5%81%E7%8A%B6%E6%85%8B%E9%BA%BB%E9%9B%80" n1="%E8%B1%A1" n2="%E3%82%B5%E3%83%B3%E3%83%89%E3%83%A9" n3="%E8%B1%86%E3%83%80%E3%83%9E%E8%AD%A6%E5%AF%9F" dan="16,16,17,16" rate="2144.79,2152.94,2215.07,2134.31" sx="M,M,M,M"/><TAIKYOKU oya="0"/><INIT seed="0,0,0,5,1,129" ten="250,250,250,250" oya="0" hai0="134,90,35,76,124,60,100,61,13,119,54,24,53" hai1="47,135,21,34,77,58,98,41,87,62,30,122,103" hai2="68,132,42,36,117,106,82,59,102,89,10,109,118" hai3="105,48,88,108,27,121,17,51,11,50,130,64,38"/><T4/><D119/><N who="2" m="45578" /><F68/><W73/><G130/><T114/><D114/><U7/><E34/><V2/><F59/><W80/><G105/><T115/><D115/><U70/><E70/><V96/><F42/><W93/><G108/><T19/><D124/><U81/><E7/><N who="2" m="1399" /><F36/><W65/><G38/><T37/><D37/><U66/><E122/><V57/><F57/><W104/><G104/><T131/><D4/><U75/><E75/><V18/><F18/><W97/><G121/><T39/><D39/><U67/><E67/><V8/><F8/><W125/><G125/><T110/><D19/><U40/><E47/><V69/><F69/><W22/><REACH who="3" step="1"/><G11/><REACH who="3" ten="250,250,250,240" step="2"/><T52/><D110/><U116/><E116/><V20/><F109/><W127/><G127/><T31/><D131/><U107/><E107/><V63/><F106/><W83/><G83/><T133/><D35/><U44/><E81/><V6/><F82/><W79/><AGARI ba="0,1" hai="17,22,27,48,50,51,64,65,73,79,80,88,93,97" machi="79" ten="30,4000,0" yaku="1,1,0,1,54,1,53,0" doraHai="129" doraHaiUra="128" who="3" fromWho="3" sc="250,-20,250,-10,250,-10,240,50" /><INIT seed="1,0,0,5,3,82" ten="230,240,240,290" oya="1" hai0="10,83,122,93,120,123,30,27,50,129,17,38,111" hai1="53,127,80,36,21,90,100,130,31,67,79,18,0" hai2="43,49,41,33,9,89,116,66,25,77,26,126,84" hai3="95,69,59,134,91,19,13,71,104,23,97,5,7"/><U14/><E130/><V42/><F116/><W73/><G134/><T57/><D38/><U72/><E127/><V40/><F126/><W117/><G117/><T75/><D111/><U16/><E0/><V102/><F102/><W78/><G104/><T92/><D129/><U1/><E1/><V114/><F114/><W60/><G78/><N who="0" m="44511" /><D17/><U81/><E36/><V76/><F66/><W52/><REACH who="3" step="1"/><G73/><REACH who="3" ten="230,240,240,280" step="2"/><T65/><D123/><U112/><E112/><V88/><F77/><W74/><G74/><T15/><D122/><U106/><E72/><V39/><F39/><W98/><G98/><T128/><D120/><U51/><E79/><V121/><F76/><W11/><G11/><T44/><D10/><U135/><E135/><V124/><F9/><W12/><G12/><T87/><D15/><U64/><E14/><V103/><F121/><W35/><G35/><T29/><D128/><U54/><E106/><V22/><F33/><W24/><G24/><T34/><D27/><U131/><E131/><V63/><F26/><W45/><G45/><T118/><D44/><U107/><E107/><V58/><F25/><W132/><G132/><T108/><D34/><U85/><E21/><V3/><F22/><W86/><G86/><T62/><D87/><U68/><E85/><V20/><F20/><W101/><G101/><T47/><D118/><U105/><E105/><V2/><F103/><W6/><AGARI ba="0,1" hai="5,6,7,13,19,23,52,59,60,69,71,91,95,97" machi="6" ten="30,4000,0" yaku="1,1,0,1,54,1,53,0" doraHai="82" doraHaiUra="113" who="3" fromWho="3" sc="230,-10,240,-20,240,-10,280,50" /><INIT seed="2,0,0,5,2,123" ten="220,220,230,330" oya="2" hai0="42,12,103,124,67,11,122,6,119,9,96,32,0" hai1="23,52,71,35,44,20,100,84,131,82,90,49,129" hai2="25,65,18,69,93,33,17,41,13,72,61,107,105" hai3="99,125,62,40,19,53,21,135,75,34,46,110,36"/><V31/><F72/><W28/><G75/><T58/><D122/><U68/><E35/><V55/><F41/><W78/><G78/><T16/><D124/><U64/><E100/><V98/><F55/><W73/><G73/><T76/><D76/><U51/><E51/><V54/><F54/><W97/><G125/><T116/><D32/><U108/><E108/><V48/><F48/><W92/><G135/><T128/><D128/><N who="1" m="49227" /><E64/><V86/><F86/><W120/><G120/><T27/><D42/><U77/><E77/><V70/><F70/><AGARI ba="0,0" hai="20,23,44,49,52,68,70,71,82,84,90" m="49227" machi="70" ten="30,2000,0" yaku="19,1,54,1" doraHai="123" who="1" fromWho="2" sc="220,0,220,20,230,-20,330,0" /><INIT seed="3,0,0,3,0,89" ten="220,240,210,330" oya="3" hai0="107,105,129,15,108,39,56,38,23,21,127,53,123" hai1="72,110,122,131,0,91,49,114,103,43,52,99,67" hai2="119,112,111,116,26,24,30,115,5,41,90,22,47" hai3="17,120,84,31,100,34,95,75,64,70,83,42,3"/><W51/><G120/><T134/><D123/><U81/><E0/><V82/><F111/><W96/><G3/><T44/><D108/><U20/><E122/><V1/><F82/><W132/><G132/><T125/><D134/><U80/><E110/><V61/><F61/><W78/><G70/><T46/><D15/><U58/><E114/><V55/><F55/><W77/><G64/><T87/><D87/><U48/><E131/><V121/><F121/><W128/><G128/><T27/><D129/><U124/><E124/><V11/><F90/><W106/><G17/><T50/><D53/><U86/><E67/><V113/><REACH who="2" step="1"/><F26/><REACH who="2" ten="220,240,200,330" step="2"/><W9/><G77/><T25/><D25/><U73/><E80/><V85/><F85/><W18/><G84/><T63/><D27/><U93/><REACH who="1" step="1"/><E20/><REACH who="1" ten="220,230,200,330" step="2"/><V98/><F98/><W109/><G96/><T19/><D21/><U12/><E12/><V7/><F7/><W2/><G109/><T29/><D23/><U16/><E16/><V102/><F102/><W68/><G100/><T92/><D19/><U88/><E88/><V45/><F45/><AGARI ba="0,2" hai="43,45,48,49,52,58,72,73,81,86,91,93,99,103" machi="45" ten="40,5200,0" yaku="1,1,52,1,54,1,53,0" doraHai="89" doraHaiUra="32" who="1" fromWho="2" sc="220,0,230,72,200,-52,330,0" /><INIT seed="4,0,0,4,2,72" ten="220,302,148,330" oya="0" hai0="61,123,82,93,17,68,125,135,20,37,41,28,80" hai1="133,96,81,90,3,0,70,130,111,74,1,119,132" hai2="23,87,126,69,129,102,121,27,124,50,18,48,33" hai3="25,106,46,39,10,71,14,51,35,11,105,94,108"/><T88/><D123/><U43/><E111/><V53/><F69/><W38/><G71/><T34/><D135/><N who="1" m="51787" /><E119/><V112/><F121/><W98/><G108/><T12/><D125/><N who="2" m="48234" /><F129/><W103/><G10/><T117/><D117/><U134/><N who="1" m="51795" /><U100/><DORA hai="85" /><E70/><V42/><F112/><W91/><G35/><T97/><D37/><U76/><E43/><V109/><F109/><W4/><G25/><T122/><D41/><U128/><E90/><V6/><F6/><W110/><G110/><T86/><D122/><U31/><E31/><N who="2" m="19711" /><F42/><W95/><G95/><AGARI ba="0,0" hai="0,1,3,74,76,81,95,96,100,128,130" m="51795" machi="95" ten="50,3200,0" yaku="20,1,52,1" doraHai="72,85" who="1" fromWho="3" sc="220,0,302,32,148,0,330,-32" /><INIT seed="5,0,0,1,1,98" ten="220,334,148,298" oya="1" hai0="43,7,44,125,4,133,80,31,58,40,114,55,52" hai1="54,12,63,101,93,47,23,28,30,85,120,135,68" hai2="5,15,110,111,105,22,134,86,74,33,3,127,61" hai3="81,38,128,106,56,104,77,73,66,96,99,129,36"/><U108/><E120/><V16/><F74/><W65/><G56/><T89/><D114/><U37/><E135/><V103/><F134/><W130/><G96/><T26/><D125/><U24/><E108/><V116/><F116/><W71/><G66/><T62/><D133/><U13/><E68/><V45/><F127/><W79/><G79/><T27/><D27/><U67/><E28/><V60/><F86/><W59/><G59/><T48/><D80/><U1/><E1/><V0/><F0/><W70/><G106/><T112/><D89/><U19/><E37/><V107/><F107/><W8/><G8/><T69/><D69/><N who="3" m="26121" /><G65/><T57/><D112/><U53/><E47/><V50/><F33/><W82/><G82/><T25/><D25/><U95/><E95/><V126/><F126/><W51/><G51/><T34/><REACH who="0" step="1"/><D43/><REACH who="0" ten="210,334,148,298" step="2"/><U102/><E24/><V29/><F110/><W21/><G81/><T39/><AGARI ba="0,1" hai="4,7,26,31,34,39,40,44,48,52,55,57,58,62" machi="39" ten="20,8000,1" yaku="1,1,2,1,0,1,7,1,54,1,53,0" doraHai="98" doraHaiUra="18" who="0" fromWho="0" sc="210,90,334,-40,148,-20,298,-20" /><INIT seed="6,0,0,4,2,31" ten="300,294,128,278" oya="2" hai0="93,24,90,52,94,26,89,29,99,42,87,55,122" hai1="36,44,19,92,110,25,79,43,57,66,101,3,63" hai2="67,72,75,30,5,133,27,4,70,95,109,118,106" hai3="130,35,40,78,88,127,91,15,51,58,134,11,65"/><V71/><F118/><W132/><G35/><T33/><D122/><U76/><E3/><V102/><F133/><W50/><G78/><T113/><D113/><U117/><E110/><V7/><F95/><W0/><G0/><T129/><D129/><U107/><E107/><V100/><F109/><W115/><G130/><T18/><D42/><U13/><E117/><V97/><F102/><W37/><G37/><T23/><AGARI ba="0,0" hai="18,23,24,26,29,33,52,55,87,89,90,93,94,99" machi="23" ten="30,4000,0" yaku="0,1,52,1,54,1" doraHai="31" who="0" fromWho="0" sc="300,40,294,-10,128,-20,278,-10" /><INIT seed="7,0,0,0,2,82" ten="340,284,108,268" oya="3" hai0="50,123,119,105,61,81,132,10,21,99,3,51,40" hai1="7,1,109,2,110,8,38,114,52,79,48,5,90" hai2="60,103,22,12,20,115,111,133,95,24,42,127,89" hai3="108,37,55,6,120,131,15,88,96,122,93,100,76"/><W104/><G131/><T87/><D119/><U14/><E38/><V41/><F115/><W33/><G33/><T35/><D35/><U0/><E114/><V58/><F111/><W27/><G108/><T69/><D123/><U25/><E79/><V57/><F127/><W124/><G124/><T43/><D21/><U39/><E39/><V128/><F128/><W112/><G112/><T134/><D105/><U130/><E130/><V64/><F133/><N who="0" m="51306" /><D99/><U101/><E101/><V32/><F32/><W97/><G37/><T49/><D3/><U129/><E25/><V34/><F34/><W78/><G27/><T65/><D10/><U11/><E129/><V46/><F46/><W74/><G55/><T17/><D17/><U36/><E36/><V63/><F12/><W53/><G53/><T70/><D70/><U68/><E68/><V113/><F113/><W66/><G66/><T80/><D80/><U84/><E109/><V56/><F56/><W47/><G47/><T9/><D9/><U77/><E77/><AGARI ba="0,0" hai="40,43,49,50,51,61,65,69,77,81,87" m="51306" machi="77" ten="30,2000,0" yaku="20,1,52,1" doraHai="82" who="0" fromWho="1" sc="340,20,284,-20,108,0,268,0" owari="360,46.0,264,-13.6,108,-39.2,268,6.8" /></mjloggm>