<mjloggm ver="2.3"><GO type="169" lobby="0"/><UN n0="%6B%73%77%72%74" n1="%E9%87%8E%E4%B8%AD%E6%99%B4" n2="%EF%BC%AE%EF%BC%A1%EF%BC%AF%33%33%39" n3="%43%4C%53" dan="16,16,16,20" rate="2127.47,2067.98,2122.71,2145.41" sx="M,F,M,M"/><TAIKYOKU oya="0"/><INIT seed="0,0,0,4,1,45" ten="250,250,250,250" oya="0" hai0="70,37,105,30,98,41,96,48,58,132,12,61,68" hai1="32,135,27,75,109,88,47,0,17,18,83,60,62" hai2="14,7,49,131,51,89,129,121,133,29,69,20,125" hai3="91,33,43,94,118,123,13,66,38,10,28,116,9"/><T71/><D132/><U95/><E135/><V81/><F133/><W40/><G123/><T16/><D37/><U39/><E0/><V106/><F69/><W79/><G79/><T42/><D30/><U124/><E124/><V92/><F106/><W127/><G127/><T103/><D96/><U120/><E120/><V5/><F81/><W21/><G33/><T134/><D134/><U110/><E83/><V73/><F73/><W115/><G115/><T67/><REACH who="0" step="1"/><D48/><REACH who="0" ten="240,250,250,250" step="2"/><N who="2" m="18506" /><F121/><W72/><G38/><T74/><D74/><U50/><E75/><V84/><F125/><W34/><G28/><T25/><D25/><U126/><E126/><V128/><F14/><W111/><G13/><T4/><D4/><U52/><E39/><V3/><F3/><W104/><G72/><T99/><D99/><N who="1" m="57831" /><E32/><V54/><F54/><W35/><G34/><T2/><D2/><U44/><E47/><V64/><F64/><W59/><G66/><T117/><D117/><U82/><E27/><AGARI ba="0,1" hai="5,7,20,27,29,84,89,92,128,129,131" m="18506" machi="27" ten="40,8000,1" yaku="19,1,52,3" doraHai="45" who="2" fromWho="1" sc="240,0,250,-80,250,90,250,0" /><INIT seed="1,0,0,0,5,122" ten="240,170,340,250" oya="1" hai0="20,94,3,85,71,61,76,112,5,23,95,52,102" hai1="104,81,111,35,129,133,59,115,31,99,66,100,49" hai2="108,50,84,21,113,130,88,33,22,18,0,119,60" hai3="28,77,134,121,57,125,43,93,7,39,53,34,90"/><U86/><E115/><V72/><F33/><W75/><G121/><T64/><D112/><U14/><E133/><V132/><F113/><W68/><G68/><T97/><D3/><U13/><E129/><V27/><F72/><W17/><G125/><T114/><D5/><U44/><E111/><V107/><F107/><W80/><G134/><T98/><D114/><U32/><E66/><V54/><F0/><W16/><G7/><T103/><D52/><U65/><E65/><V96/><F119/><W56/><G56/><T117/><D117/><U38/><E38/><V8/><F60/><W74/><G74/><T67/><D67/><U41/><E59/><V9/><F96/><W120/><G120/><T51/><D51/><U29/><E35/><V45/><F130/><W48/><G28/><T73/><D73/><U116/><E116/><V12/><F108/><W58/><G58/><T101/><D103/><U128/><E128/><V78/><F78/><W2/><G2/><T30/><D30/><N who="1" m="11275" /><E32/><V123/><F123/><W15/><G34/><T126/><D126/><U83/><E83/><AGARI ba="0,0" hai="20,23,61,64,71,76,83,85,94,95,97,98,101,102" machi="83" ten="40,1300,0" yaku="9,1" doraHai="122" who="0" fromWho="1" sc="240,13,170,-13,340,0,250,0" /><INIT seed="2,0,0,0,0,120" ten="253,157,340,250" oya="2" hai0="70,66,107,32,72,57,129,85,80,20,119,109,4" hai1="53,37,117,96,124,42,44,45,5,110,71,7,48" hai2="21,81,8,79,92,1,64,49,73,94,41,0,28" hai3="6,14,29,108,88,51,25,74,67,2,78,17,50"/><V89/><F64/><W15/><G67/><T56/><D32/><U54/><E117/><V127/><F127/><W55/><G74/><T126/><D72/><U118/><E118/><V18/><F28/><W93/><G78/><T60/><D119/><U34/><E124/><V75/><F75/><W87/><G2/><T9/><D107/><U105/><E71/><V91/><F8/><W24/><G6/><T65/><D126/><U122/><E122/><V102/><F102/><W100/><G100/><T68/><D129/><U104/><E34/><V61/><F61/><W40/><G40/><T43/><D43/><U123/><E123/><V47/><F92/><W35/><G25/><T10/><D20/><U59/><E105/><V115/><F115/><W103/><G103/><T11/><D4/><U76/><E76/><V12/><REACH who="2" step="1"/><F89/><REACH who="2" ten="253,157,330,250" step="2"/><W77/><G77/><T38/><D65/><U99/><E104/><V121/><F121/><W84/><G29/><T106/><D106/><U113/><E113/><V58/><F58/><W36/><G88/><T128/><D56/><U132/><E59/><V97/><AGARI ba="0,1" hai="0,1,12,18,21,41,47,49,73,79,81,91,94,97" machi="97" ten="20,3900,0" yaku="1,1,0,1,7,1,53,0" doraHai="120" doraHaiUra="52" who="2" fromWho="2" sc="253,-13,157,-13,330,49,250,-13" /><INIT seed="2,1,0,0,2,4" ten="240,144,379,237" oya="2" hai0="115,98,64,32,5,105,48,55,10,42,72,97,8" hai1="87,108,79,50,118,47,71,90,61,88,109,14,43" hai2="66,106,126,38,63,65,68,9,132,53,36,102,49" hai3="93,112,129,6,26,111,30,113,78,33,57,76,16"/><V24/><F106/><W59/><G93/><T134/><D115/><U34/><E34/><V133/><F102/><W70/><G70/><T103/><D134/><N who="2" m="51818" /><F24/><W86/><G6/><T125/><D125/><U77/><E118/><V91/><F91/><W1/><G1/><T40/><D32/><U74/><E74/><V75/><F75/><W19/><G33/><T13/><D72/><U107/><E107/><V117/><F9/><W104/><G104/><T51/><D64/><U41/><E41/><V101/><F101/><W99/><G26/><T18/><D51/><U80/><E77/><V114/><F114/><W67/><G67/><T15/><REACH who="0" step="1"/><D97/><REACH who="0" ten="230,144,379,237" step="2"/><U69/><E61/><N who="2" m="39983" /><F126/><W96/><G96/><T3/><D3/><U54/><E108/><V135/><F135/><W82/><G99/><T44/><AGARI ba="1,1" hai="5,8,10,13,15,18,40,42,44,48,55,98,103,105" machi="44" ten="20,8000,1" yaku="1,1,0,1,7,1,52,2,53,0" doraHai="4" doraHaiUra="131" who="0" fromWho="0" sc="230,93,144,-21,379,-41,237,-21" /><INIT seed="3,0,0,5,4,50" ten="323,123,338,216" oya="3" hai0="84,24,19,8,58,4,121,37,78,35,29,6,41" hai1="34,97,31,22,20,56,96,85,66,2,135,49,103" hai2="21,77,115,25,108,131,102,33,16,86,42,91,98" hai3="88,54,80,27,48,122,32,70,112,94,64,92,73"/><W132/><G112/><T100/><D121/><U128/><E135/><V89/><F115/><W71/><G122/><T105/><D105/><U23/><E128/><V11/><F33/><W52/><G132/><T124/><D100/><U123/><E123/><V111/><F42/><W107/><G107/><T40/><D124/><U68/><E2/><V12/><F131/><W116/><G116/><T62/><D19/><U9/><E9/><V46/><F46/><W133/><G133/><T99/><D99/><U36/><E36/><V60/><F60/><W127/><G127/><T51/><D37/><U63/><E85/><V125/><F125/><W126/><G126/><T106/><D106/><U95/><E97/><V3/><F3/><W30/><G64/><T15/><D6/><U61/><E49/><V81/><F102/><W14/><G14/><T0/><D51/><U74/><E74/><V114/><F114/><W90/><G94/><T120/><D120/><U82/><E82/><V93/><REACH who="2" step="1"/><F77/><REACH who="2" ten="323,123,328,216" step="2"/><W104/><G104/><T75/><D41/><U118/><E118/><V129/><F129/><W117/><G117/><T1/><D40/><U72/><E34/><V10/><F10/><W38/><G38/><T67/><D0/><U47/><E47/><V18/><AGARI ba="0,1" hai="11,12,16,18,21,25,81,86,89,91,93,98,108,111" machi="18" ten="30,7900,0" yaku="1,1,0,1,54,1,53,1" doraHai="50" doraHaiUra="83" who="2" fromWho="2" sc="323,-20,123,-20,328,89,216,-39" /><INIT seed="4,0,0,4,4,97" ten="303,103,417,177" oya="0" hai0="89,112,95,7,72,86,79,8,43,38,61,2,25" hai1="90,11,51,128,111,82,13,0,132,42,84,39,15" hai2="46,114,135,122,40,109,36,76,53,80,37,118,45" hai3="105,98,16,101,10,22,81,20,125,14,87,19,100"/><T31/><D112/><U66/><E128/><V32/><F32/><W119/><G119/><T134/><D134/><U33/><E132/><V113/><F135/><W74/><G74/><T58/><D38/><U35/><E111/><V1/><F1/><W44/><G125/><T116/><D43/><U30/><E39/><V50/><F109/><W27/><G98/><T34/><D116/><U28/><E0/><V110/><F110/><W65/><G105/><T48/><D48/><U17/><E66/><V29/><F29/><W26/><G44/><T120/><D120/><U126/><E126/><V102/><F118/><W64/><G64/><T93/><D79/><U77/><E35/><V55/><F122/><W121/><G65/><T78/><D78/><U4/><E33/><V92/><F37/><W108/><G108/><T3/><D72/><U6/><E90/><V133/><F133/><W117/><G117/><T67/><REACH who="0" step="1"/><D3/><REACH who="0" ten="293,103,417,177" step="2"/><U60/><E60/><V23/><F114/><W56/><G121/><T62/><D62/><U91/><E77/><V104/><F113/><W63/><G63/><T68/><D68/><U115/><E115/><V5/><F76/><N who="3" m="46503" /><G56/><T127/><D127/><U83/><E51/><V107/><F50/><W18/><AGARI ba="0,1" hai="10,14,16,18,19,20,22,26,27,100,101" m="46503" machi="18" ten="30,7900,0" yaku="8,1,52,2,54,1" doraHai="97" who="3" fromWho="3" sc="293,-39,103,-20,417,-20,177,89" /><INIT seed="5,0,0,2,0,123" ten="254,83,397,266" oya="1" hai0="134,12,108,54,37,102,59,69,42,52,124,130,25" hai1="1,53,60,36,35,85,46,90,70,68,126,0,4" hai2="135,81,13,33,96,61,132,120,88,14,8,43,119" hai3="75,99,38,73,116,76,27,44,56,95,74,7,131"/><U104/><E104/><V10/><F120/><W67/><G7/><T133/><D102/><U97/><E35/><V109/><F33/><W101/><G38/><T114/><D114/><U9/><E126/><V29/><F29/><W115/><G44/><N who="0" m="23631" /><D124/><U45/><E1/><V41/><F119/><W24/><G115/><T23/><D108/><U58/><E97/><V77/><F61/><W84/><G116/><T125/><D125/><U91/><E90/><V106/><F109/><W49/><G131/><T113/><D113/><U105/><E105/><V71/><F71/><W20/><G84/><T118/><D118/><U51/><E36/><V16/><F106/><W19/><G27/><T30/><D69/><U39/><E46/><V57/><F57/><W18/><G18/><N who="0" m="10695" /><D59/><U55/><REACH who="1" step="1"/><E39/><REACH who="1" ten="254,73,397,266" step="2"/><V82/><F96/><W92/><G99/><T11/><D130/><U28/><E28/><V5/><F88/><W129/><G129/><T15/><D30/><U111/><E111/><V6/><F77/><W40/><G101/><T17/><D25/><U62/><E62/><V63/><F63/><W78/><G78/><T89/><D89/><U26/><E26/><V100/><F100/><W83/><G76/><T64/><D15/><U121/><E121/><V117/><F117/><W34/><G34/><T79/><D79/><U3/><E3/><V86/><F86/><W80/><G73/><T50/><D50/><U66/><E66/><V98/><F98/><W93/><G74/><T47/><D64/><U21/><E21/><V128/><F128/><W2/><G75/><T107/><D107/><RYUUKYOKU ba="0,1" sc="254,-15,73,15,397,15,266,-15" hai1="0,4,9,45,51,53,55,58,60,68,70,85,91" hai2="5,6,8,10,13,14,16,41,43,81,82,132,135" /><INIT seed="5,1,1,2,4,61" ten="239,88,412,251" oya="1" hai0="115,48,110,67,68,66,81,74,45,49,32,131,57" hai1="38,3,51,22,25,65,116,33,31,128,93,104,13" hai2="23,135,83,129,55,44,35,64,73,105,0,91,82" hai3="63,98,71,1,109,28,80,2,18,112,27,69,40"/><U102/><E38/><V54/><F35/><W19/><G109/><T15/><D110/><U100/><E116/><V46/><F0/><W125/><G40/><T117/><D117/><U36/><E36/><V108/><F108/><W11/><G80/><T17/><D68/><U58/><E3/><V89/><F105/><W78/><G78/><T119/><D119/><U10/><E128/><V92/><F73/><W34/><G112/><T50/><D32/><U126/><E126/><V107/><F107/><W133/><G133/><T14/><D115/><U37/><E37/><V6/><F6/><W95/><G125/><T70/><D70/><U124/><E124/><V5/><F5/><W76/><G76/><T123/><D131/><U84/><E33/><V113/><F113/><W26/><G69/><T56/><D123/><U132/><E132/><V97/><F129/><W96/><G96/><T114/><D114/><U41/><E104/><V88/><F23/><W52/><G26/><T8/><D74/><U39/><E39/><V130/><F130/><W79/><G79/><T103/><D81/><U111/><E111/><V16/><F83/><W9/><G9/><N who="0" m="6351" /><D45/><N who="1" m="26031" /><E93/><V4/><F92/><W7/><G2/><T122/><D122/><U121/><E84/><V53/><F82/><W12/><G1/><T30/><D103/><U60/><E121/><V77/><F77/><W62/><G71/><T118/><D118/><U43/><E43/><V99/><F135/><W29/><G34/><T86/><D30/><N who="3" m="11881" /><G95/><T42/><D42/><U85/><E85/><V87/><F87/><W72/><G72/><RYUUKYOKU ba="1,1" sc="239,-10,88,30,412,-10,251,-10" hai1="10,13,22,25,31,58,60,65,100,102" /><INIT seed="5,2,1,2,4,91" ten="229,118,402,241" oya="1" hai0="58,8,71,16,17,47,98,102,51,94,124,53,60" hai1="37,44,25,132,108,63,93,2,56,129,36,135,15" hai2="101,99,100,18,73,10,34,46,29,39,110,62,55" hai3="109,49,64,107,66,84,22,133,54,106,90,1,13"/><U21/><E2/><V115/><F73/><W41/><G109/><T125/><D71/><U81/><E108/><V27/><F110/><W61/><G1/><T72/><D72/><U9/><E81/><V69/><F101/><W119/><G133/><N who="1" m="51274" /><E44/><V85/><F85/><W104/><G41/><T35/><D35/><U40/><E40/><V116/><F116/><W86/><G86/><T12/><REACH who="0" step="1"/><D17/><REACH who="0" ten="219,118,402,241" step="2"/><N who="1" m="12463" /><E129/><V33/><F33/><W14/><G119/><T75/><D75/><U117/><E117/><V83/><F69/><W77/><G106/><T113/><D113/><U65/><E93/><V120/><F115/><W6/><G107/><T111/><D111/><U76/><E76/><V105/><F105/><W67/><G104/><T19/><D19/><AGARI ba="2,2" hai="9,15,19,36,37,56,63,65" m="12463,51274" machi="19" ten="30,1500,0" yaku="20,1" doraHai="91" who="1" fromWho="0" sc="219,-21,118,41,402,0,241,0" /><INIT seed="5,3,0,3,0,99" ten="198,159,402,241" oya="1" hai0="32,91,37,108,125,60,3,17,10,116,63,33,47" hai1="113,6,5,79,131,7,90,15,98,64,21,115,40" hai2="104,11,65,96,88,35,119,70,101,45,74,86,95" hai3="106,57,30,26,4,20,67,112,72,109,53,39,29"/><U100/><E131/><V28/><F119/><W8/><G109/><T89/><D108/><U46/><E79/><V44/><F11/><W66/><G72/><T123/><D116/><U48/><E64/><V75/><F45/><W129/><G39/><T22/><D125/><U107/><REACH who="1" step="1"/><E90/><REACH who="1" ten="198,149,402,241" step="2"/><V87/><F65/><W82/><G66/><T71/><D89/><U42/><E42/><V50/><F70/><W19/><G67/><T81/><D91/><U34/><E34/><V105/><F86/><W110/><G129/><T49/><D33/><U9/><E9/><V73/><F35/><W25/><G110/><T122/><D32/><U0/><E0/><V55/><REACH who="2" step="1"/><F28/><REACH who="2" ten="198,149,392,241" step="2"/><W103/><G29/><T58/><D71/><U85/><E85/><V36/><F36/><W83/><G30/><T18/><D37/><U13/><E13/><V2/><F2/><W16/><G8/><T84/><D10/><U41/><E41/><V31/><F31/><W102/><G53/><T130/><D3/><U24/><E24/><V114/><F114/><W121/><G25/><T23/><D84/><U1/><E1/><V59/><F59/><W111/><G57/><T38/><D58/><U54/><E54/><V118/><F118/><W68/><G26/><T27/><D38/><U117/><E117/><V128/><F128/><W52/><G68/><T133/><D130/><U93/><E93/><AGARI ba="3,2" hai="44,50,55,73,74,75,87,88,93,95,96,101,104,105" machi="93" ten="40,5200,0" yaku="1,1,52,1,54,1,53,0" doraHai="99" doraHaiUra="127" who="2" fromWho="1" sc="198,0,149,-61,392,81,241,0" /><INIT seed="6,0,0,4,0,120" ten="198,88,473,241" oya="2" hai0="74,55,60,29,80,77,47,48,53,1,78,41,26" hai1="35,61,2,113,4,111,28,126,104,16,3,11,57" hai2="32,135,12,105,52,42,72,85,98,6,68,66,34" hai3="115,114,102,56,43,36,103,62,89,110,95,123,70"/><V79/><F42/><W51/><G123/><T84/><D1/><U13/><E104/><V96/><F72/><W112/><G36/><T25/><D78/><U128/><E113/><V130/><F68/><W31/><G31/><T122/><D122/><U37/><E37/><V107/><F66/><W88/><G70/><T132/><D132/><U18/><E128/><V133/><F12/><W125/><G125/><T90/><D60/><U82/><E126/><V71/><F71/><W131/><G131/><T67/><D67/><U73/><E73/><V14/><F14/><W10/><G10/><T81/><REACH who="0" step="1"/><D26/><REACH who="0" ten="188,88,473,241" step="2"/><N who="1" m="18839" /><E61/><V134/><F130/><W38/><G62/><T15/><D15/><N who="1" m="7295" /><E82/><V69/><F79/><W50/><G112/><T63/><D63/><U108/><E57/><V49/><F69/><W91/><G56/><T118/><D118/><U0/><E4/><V93/><F6/><W39/><G114/><T19/><D19/><U24/><E24/><V64/><F64/><W30/><G115/><T106/><D106/><U65/><E65/><V23/><F107/><W59/><G59/><T100/><D100/><U97/><E97/><V40/><F105/><W92/><G102/><T44/><D44/><U33/><E33/><AGARI ba="0,1" hai="25,29,33,41,47,48,53,55,74,77,80,81,84,90" machi="33" ten="30,3900,0" yaku="1,1,7,1,53,1" doraHai="120" doraHaiUra="46" who="0" fromWho="1" sc="188,49,88,-39,473,0,241,0" /><INIT seed="7,0,0,3,5,100" ten="237,49,473,241" oya="3" hai0="96,91,14,128,85,97,112,76,122,113,31,60,45" hai1="27,28,47,81,19,93,0,94,71,106,82,30,127" hai2="49,2,119,46,54,88,101,53,41,74,38,109,39" hai3="55,65,129,78,5,62,18,83,6,130,68,17,104"/><W117/><G117/><T44/><D122/><U86/><E0/><V8/><F74/><W21/><G55/><T52/><D128/><N who="3" m="49257" /><G104/><T25/><D76/><U108/><E27/><V72/><F72/><N who="3" m="43463" /><G18/><T20/><D14/><AGARI ba="0,0" hai="5,6,14,17,21,62,65,68" m="43463,49257" machi="14" ten="30,1500,0" yaku="19,1" doraHai="100" who="3" fromWho="0" sc="237,-15,49,0,473,0,241,15" /><INIT seed="7,1,0,4,0,77" ten="222,49,473,256" oya="3" hai0="0,4,59,18,121,75,126,66,21,91,6,112,51" hai1="37,17,39,68,97,53,80,79,70,16,89,76,102" hai2="49,78,31,23,8,33,84,36,30,43,120,88,127" hai3="24,45,29,92,26,72,61,9,62,113,1,99,69"/><W117/><G117/><T130/><D121/><U41/><E89/><V107/><F107/><W46/><G72/><T57/><D130/><U94/><E53/><V5/><F33/><W11/><G1/><T58/><D126/><U111/><E111/><V86/><F36/><W103/><G113/><T95/><D112/><U54/><E54/><V115/><F115/><W74/><G74/><T83/><D0/><U93/><E97/><V100/><F100/><W52/><G69/><T106/><D106/><U50/><E50/><V125/><F78/><W104/><G104/><T28/><D28/><U128/><E102/><V105/><F86/><W134/><G134/><T98/><D66/><U108/><E108/><V82/><F23/><W73/><G73/><T56/><D75/><U124/><E41/><V15/><F105/><W67/><G67/><T90/><N who="0" m="14336" /><DORA hai="32" /><T116/><D51/><U2/><E124/><N who="2" m="47691" /><F120/><W55/><G103/><T3/><D3/><U13/><E2/><V135/><F135/><W47/><G99/><T87/><D116/><U7/><E13/><AGARI ba="1,0" hai="4,6,13,18,21,83,87,90,91,95,98" m="14336" machi="13" ten="50,3200,0" yaku="8,1,52,1" doraHai="77,32" who="0" fromWho="1" sc="222,35,49,-35,473,0,256,0" owari="257,5.7,14,-48.6,473,57.3,256,-14.4" /></mjloggm>