<mjloggm ver="2.3"><GO type="169" lobby="0"/><UN n0="%6A%61%63%6B%74" n1="%61%6D%61%69%6B%61" n2="%E3%81%A9%E3%81%8F%E3%81%8A" n3="%E7%90%86%E5%B7%A5%E3%83%95%E3%83%AA%E3%83%86%E3%83%B3%E5%A4%A7%E5%B8%AB" dan="16,17,17,16" rate="2133.61,2161.49,2201.47,2112.24" sx="M,M,M,F"/><TAIKYOKU oya="0"/><INIT seed="0,0,0,1,2,22" ten="250,250,250,250" oya="0" hai0="121,40,32,117,56,24,6,77,53,106,73,126,28" hai1="120,2,99,80,109,135,114,21,33,37,26,25,95" hai2="8,116,107,92,63,79,103,70,111,46,38,129,17" hai3="29,124,123,93,104,44,75,88,133,102,81,41,128"/><T50/><D117/><U94/><E120/><V43/><F111/><W15/><G133/><T48/><D121/><U27/><E37/><V45/><F107/><W11/><G123/><T118/><D118/><U132/><E33/><V76/><F129/><W119/><G119/><T82/><D106/><U90/><E2/><V100/><F45/><W3/><G128/><T89/><D126/><U72/><E109/><V105/><F105/><W9/><G124/><T54/><D6/><U7/><E7/><V65/><F103/><W108/><G108/><T127/><D127/><U58/><E114/><V35/><F35/><W18/><G29/><T47/><REACH who="0" step="1"/><D89/><REACH who="0" ten="240,250,250,250" step="2"/><U59/><E132/><V34/><F116/><W62/><G104/><T55/><AGARI ba="0,1" hai="24,28,32,40,47,48,50,53,54,55,56,73,77,82" machi="55" ten="30,11700,0" yaku="1,1,2,1,0,1,52,1,53,0" doraHai="22" doraHaiUra="13" who="0" fromWho="0" sc="240,127,250,-39,250,-39,250,-39" /><INIT seed="0,1,0,4,2,50" ten="367,211,211,211" oya="0" hai0="5,57,97,28,65,108,116,35,78,71,82,36,77" hai1="118,109,127,128,66,63,45,43,87,59,80,34,129" hai2="124,133,92,106,47,13,27,134,98,69,104,96,32" hai3="15,18,31,61,131,111,44,39,14,132,120,22,90"/><T81/><D116/><U70/><E34/><V76/><F69/><W49/><G111/><T48/><D36/><U107/><E107/><V41/><F13/><W67/><G132/><N who="2" m="50793" /><F76/><W60/><G131/><N who="1" m="50250" /><E118/><V103/><F124/><W4/><G39/><T101/><D71/><U115/><E109/><V19/><F98/><W88/><G31/><T2/><D2/><U73/><E73/><V52/><F41/><W126/><G60/><T99/><D5/><U6/><E6/><V26/><F26/><W29/><G29/><T37/><D37/><N who="1" m="21743" /><E127/><V17/><F32/><W114/><G126/><T113/><D28/><U121/><E121/><V21/><F19/><W1/><G1/><T33/><D108/><U75/><E75/><V74/><F74/><W85/><G120/><T110/><D110/><U54/><E87/><V8/><F8/><N who="3" m="4359" /><G85/><T7/><D7/><U25/><E80/><V10/><F10/><W91/><G114/><T122/><D113/><U84/><E84/><V62/><F62/><W12/><G12/><T46/><D122/><U89/><E89/><V23/><F23/><W72/><G72/><T30/><D35/><U83/><E83/><N who="0" m="31753" /><D33/><U51/><E25/><V42/><F42/><N who="3" m="24727" /><G61/><N who="0" m="38063" /><D30/><U16/><E16/><V24/><F24/><W100/><G67/><T64/><D64/><U105/><E105/><V53/><F104/><W58/><G100/><T79/><D101/><U20/><E20/><V86/><F106/><W117/><G117/><T55/><AGARI ba="1,0" hai="46,48,55,77,78,79,97,99" m="38063,31753" machi="55" ten="30,3000,0" yaku="8,1,52,1" doraHai="50" who="0" fromWho="0" sc="367,33,211,-11,211,-11,211,-11" /><INIT seed="0,2,0,1,3,118" ten="400,200,200,200" oya="0" hai0="63,39,90,36,29,87,94,45,84,51,119,46,56" hai1="102,31,65,132,3,96,26,66,112,6,114,44,106" hai2="104,70,53,42,20,95,33,2,127,92,69,126,57" hai3="128,25,100,86,74,93,55,76,82,13,80,85,113"/><T17/><D119/><U73/><E73/><V23/><F33/><W52/><G128/><T88/><D29/><U34/><E132/><V68/><F104/><W15/><G113/><N who="1" m="43626" /><E44/><V134/><F2/><W50/><G25/><T120/><D120/><U28/><E28/><V43/><F23/><W125/><G125/><N who="2" m="47625" /><F20/><W49/><G93/><T54/><D17/><U64/><E6/><V47/><F92/><W101/><G74/><T8/><D8/><U32/><E32/><V122/><F95/><W91/><G91/><T37/><REACH who="0" step="1"/><D63/><REACH who="0" ten="390,200,200,200" step="2"/><U124/><E124/><V135/><F122/><W60/><G60/><T83/><AGARI ba="2,1" hai="36,37,39,45,46,51,54,56,83,84,87,88,90,94" machi="83" ten="30,11700,0" yaku="1,1,2,1,0,1,54,1,53,0" doraHai="118" doraHaiUra="99" who="0" fromWho="0" sc="390,133,200,-41,200,-41,200,-41" /><INIT seed="0,3,0,1,3,132" ten="523,159,159,159" oya="0" hai0="40,101,109,31,120,123,43,53,104,114,90,18,99" hai1="68,103,67,93,60,85,69,119,94,81,34,71,25" hai2="46,61,1,9,66,127,115,126,42,107,70,14,51" hai3="3,91,58,82,88,73,75,54,102,110,121,2,83"/><T105/><D114/><U23/><E119/><V72/><F115/><W128/><G110/><T38/><D31/><U134/><E134/><V39/><F107/><W108/><G108/><T92/><D109/><U62/><E34/><V52/><F72/><W80/><G128/><T48/><D105/><U0/><E0/><V87/><F1/><W15/><G102/><T55/><D55/><U28/><E103/><V122/><F87/><W64/><G64/><T24/><D24/><U130/><E130/><V113/><F113/><W32/><G32/><T77/><D18/><U44/><E44/><V135/><F122/><W22/><G3/><T106/><D106/><U84/><E60/><V19/><REACH who="2" step="1"/><F135/><REACH who="2" ten="523,159,149,159" step="2"/><W125/><G2/><T59/><D123/><U6/><E84/><V96/><F96/><W16/><G121/><T89/><D120/><U12/><E85/><V37/><F37/><W8/><G73/><T35/><D38/><U56/><E81/><V79/><F79/><W117/><G75/><T5/><D77/><U63/><E94/><V11/><F11/><W100/><G117/><T45/><D104/><U4/><E93/><V74/><F74/><W95/><G8/><T10/><D99/><U76/><E76/><V78/><F78/><W20/><G95/><T129/><D92/><U26/><E69/><V116/><F116/><W118/><G118/><T97/><D97/><U36/><E71/><V17/><F17/><W33/><G80/><T86/><D86/><U41/><E68/><V7/><F7/><W30/><G83/><T21/><D101/><U50/><E36/><RYUUKYOKU ba="3,1" sc="523,-10,159,-10,149,30,159,-10" hai2="9,14,19,39,42,46,51,52,61,66,70,126,127" /><INIT seed="1,4,1,3,5,38" ten="513,149,179,149" oya="1" hai0="65,31,59,48,9,0,41,121,58,100,125,78,105" hai1="8,82,45,87,76,83,72,109,71,104,91,107,120" hai2="32,134,80,43,131,22,122,75,47,74,118,37,113" hai3="6,62,119,70,61,98,19,95,3,126,46,97,94"/><U4/><E71/><V12/><F118/><W16/><G3/><T34/><D78/><U17/><E120/><V11/><F122/><W15/><G6/><T55/><D105/><U53/><E109/><V77/><F32/><W88/><G126/><T92/><D34/><U102/><E102/><V108/><F108/><W111/><G111/><T28/><D125/><U20/><E53/><V14/><F131/><W99/><G119/><T93/><D0/><U18/><E45/><V89/><F134/><W54/><G70/><T90/><D41/><U81/><E81/><V1/><F75/><W79/><G79/><T25/><D9/><U127/><E127/><V21/><F89/><N who="3" m="55503" /><G99/><N who="0" m="59495" /><D25/><U24/><REACH who="1" step="1"/><E18/><REACH who="1" ten="513,139,179,149" step="2"/><V29/><F113/><W51/><G19/><T69/><D69/><U50/><E50/><V106/><F106/><W33/><G33/><T124/><D121/><U67/><E67/><V101/><F101/><W5/><G5/><T56/><D124/><U115/><E115/><V36/><F36/><W123/><G123/><T27/><D65/><U135/><E135/><V130/><F130/><W112/><G112/><T116/><D116/><U40/><E40/><V35/><F43/><W128/><G128/><T57/><D55/><U52/><E52/><V30/><F47/><W2/><G2/><AGARI ba="4,2" hai="2,4,8,17,20,24,72,76,82,83,87,91,104,107" machi="2" ten="30,5800,0" yaku="1,1,7,1,53,1" doraHai="38" doraHaiUra="13" who="1" fromWho="3" sc="513,0,139,90,179,0,149,-70" /><INIT seed="1,5,0,1,0,106" ten="513,229,179,79" oya="1" hai0="71,109,32,44,80,73,23,129,38,31,11,57,19" hai1="81,114,99,40,49,34,72,133,9,36,77,10,89" hai2="112,134,68,64,76,22,6,42,43,118,104,110,135" hai3="91,60,48,125,2,17,101,127,5,47,85,128,116"/><U131/><E114/><V7/><F104/><W41/><G128/><T96/><D71/><U70/><E34/><V50/><F118/><W122/><G122/><T35/><D31/><U124/><E131/><V90/><F112/><W115/><G115/><T21/><D129/><U93/><E133/><N who="2" m="50699" /><F110/><W84/><G116/><T65/><D23/><U53/><E124/><N who="3" m="47690" /><G101/><T97/><D109/><U15/><E70/><V20/><F90/><W69/><G17/><T132/><D11/><U113/><E113/><V67/><F76/><W92/><G2/><T13/><D132/><U94/><E15/><V54/><F50/><W79/><G5/><N who="2" m="1545" /><F54/><W18/><G18/><T46/><D19/><U24/><E24/><V37/><F37/><W30/><G30/><T117/><D13/><U103/><E40/><N who="2" m="15403" /><F68/><W111/><G111/><T126/><D38/><U0/><E36/><V56/><F56/><W100/><G100/><T120/><D57/><U25/><E25/><V74/><F74/><W87/><G79/><T28/><D73/><U130/><E0/><V107/><F107/><W98/><G69/><T102/><D117/><U66/><E130/><V39/><F39/><W33/><G33/><T55/><D35/><U16/><E16/><V95/><F95/><W83/><G83/><T51/><D80/><U4/><E94/><V75/><F75/><W59/><G87/><T121/><D32/><U29/><E72/><V61/><F61/><W78/><G78/><T108/><D126/><U45/><E77/><V123/><F123/><W27/><G27/><T119/><D108/><U63/><E93/><RYUUKYOKU ba="5,0" sc="513,-15,229,-15,179,15,79,15" hai2="20,22,64,67" hai3="41,47,48,59,60,84,85,91,92,98" /><INIT seed="2,6,0,2,0,26" ten="498,214,194,94" oya="2" hai0="130,39,29,28,104,51,74,48,118,27,109,36,108" hai1="72,107,2,101,69,83,94,91,113,116,50,129,47" hai2="106,96,86,76,79,57,114,23,22,53,42,120,115" hai3="131,19,125,9,60,119,16,0,30,92,5,1,18"/><V14/><F120/><W34/><G119/><T6/><D74/><U32/><E116/><V33/><F33/><W46/><G131/><T82/><D118/><U65/><E2/><V117/><F117/><W45/><G125/><T13/><D104/><U49/><E113/><V93/><F42/><W124/><G124/><T7/><D27/><U77/><E129/><V102/><F114/><W8/><G92/><T15/><D130/><U121/><E32/><V88/><F115/><W123/><G123/><T99/><D99/><N who="1" m="61887" /><E47/><V52/><F53/><W21/><G60/><T87/><D87/><N who="1" m="52607" /><E121/><V12/><F12/><N who="3" m="9415" /><G46/><T11/><D82/><U97/><E97/><V66/><F66/><W59/><G59/><T73/><D73/><U85/><E85/><V38/><F38/><W31/><G45/><T134/><D11/><U67/><E69/><V62/><F14/><W90/><G90/><T37/><D37/><U98/><E98/><V58/><F58/><W78/><G78/><T41/><D41/><U55/><E55/><V40/><F40/><W70/><G70/><T54/><D54/><U111/><E111/><V43/><F43/><W75/><G75/><T61/><D61/><U17/><E17/><N who="3" m="6730" /><G34/><T128/><D128/><U84/><E84/><V89/><REACH who="2" step="1"/><F89/><REACH who="2" ten="498,214,184,94" step="2"/><W24/><G24/><T80/><D39/><U25/><E25/><V81/><F81/><W64/><G64/><AGARI ba="6,1" hai="49,50,64,65,67,72,77,83" m="52607,61887" machi="64" ten="30,1000,0" yaku="24,1" doraHai="26" who="1" fromWho="3" sc="498,0,214,38,184,0,94,-28" /><INIT seed="3,0,0,4,5,70" ten="498,252,184,66" oya="3" hai0="90,3,92,7,95,24,0,30,38,126,80,82,111" hai1="33,103,85,101,63,107,32,10,119,27,118,116,131" hai2="13,44,74,113,78,18,43,87,130,106,75,120,5" hai3="105,54,86,14,31,115,112,42,93,49,65,132,77"/><W41/><G105/><T56/><D111/><U123/><E123/><V62/><F113/><W83/><G132/><T117/><D117/><U37/><E131/><V94/><F130/><W16/><G31/><T97/><D38/><U98/><E103/><V29/><F106/><W1/><G1/><T25/><D126/><U11/><E37/><V40/><F29/><W135/><G135/><T122/><D122/><U129/><E129/><V51/><F43/><W102/><G65/><T34/><D25/><U4/><E27/><V89/><F120/><W67/><G67/><T57/><D82/><U50/><E63/><V58/><F78/><W45/><G115/><T121/><D121/><U2/><E11/><V20/><REACH who="2" step="1"/><F5/><REACH who="2" ten="498,252,174,66" step="2"/><W110/><G112/><T104/><D7/><U60/><E4/><V59/><F59/><W36/><G110/><T68/><D57/><U133/><E107/><V19/><F19/><W26/><G36/><T21/><D56/><U125/><E133/><V81/><F81/><W53/><G42/><T17/><D80/><U35/><E119/><V12/><F12/><W46/><G46/><T73/><D104/><U23/><E118/><V108/><F108/><W6/><G6/><T88/><D30/><U91/><E116/><V28/><F28/><W64/><G64/><AGARI ba="0,1" hai="13,18,20,40,44,51,58,62,64,74,75,87,89,94" machi="64" ten="30,2000,0" yaku="1,1,7,1,53,0" doraHai="70" doraHaiUra="100" who="2" fromWho="3" sc="498,0,252,0,174,30,66,-20" /><INIT seed="4,0,0,3,5,6" ten="498,252,204,46" oya="0" hai0="115,129,18,56,29,9,96,84,123,8,42,100,74" hai1="114,16,90,78,120,15,71,97,26,13,38,80,125" hai2="128,33,53,51,39,37,52,22,14,45,67,41,117" hai3="132,113,0,103,111,31,5,68,3,116,36,55,47"/><T134/><D123/><U131/><E120/><V58/><F33/><W92/><G111/><T19/><D74/><U64/><E38/><N who="2" m="14347" /><F14/><W106/><G116/><T85/><D115/><U86/><E131/><V98/><F98/><W21/><G132/><T119/><D119/><U57/><E71/><V32/><F22/><W81/><G113/><T104/><D134/><U72/><E125/><V66/><F32/><W40/><G68/><T59/><D129/><U24/><E13/><V95/><F95/><W28/><G106/><T1/><D42/><U91/><E114/><V127/><F128/><W77/><G55/><T94/><D29/><U73/><E73/><V44/><F117/><W70/><G70/><T4/><D104/><U62/><E97/><V10/><F10/><W7/><G21/><T87/><REACH who="0" step="1"/><D18/><REACH who="0" ten="488,252,204,46" step="2"/><U124/><E72/><V108/><F108/><W135/><G135/><T83/><D83/><U82/><E80/><V23/><F127/><W43/><G43/><T110/><D110/><U35/><E124/><V122/><F122/><W75/><G5/><T65/><D65/><N who="2" m="24586" /><F23/><W11/><REACH who="3" step="1"/><G0/><REACH who="3" ten="488,252,204,36" step="2"/><T61/><D61/><U109/><E109/><V126/><F126/><W121/><G121/><T54/><D54/><N who="2" m="21098" /><F45/><W107/><G107/><T48/><D48/><U105/><E105/><V30/><F30/><W133/><G133/><T63/><D63/><U49/><E35/><V60/><F60/><W34/><G34/><T102/><D102/><U20/><E49/><V69/><F69/><W101/><G101/><T2/><D2/><U17/><E17/><V89/><F58/><RYUUKYOKU ba="0,2" sc="488,0,252,0,204,0,36,0" hai0="1,4,8,9,19,56,59,84,85,87,94,96,100" hai1="15,16,20,24,26,57,62,64,78,82,86,90,91" hai2="41,44,51,89" hai3="3,7,11,28,31,36,40,47,75,77,81,92,103" /><INIT seed="4,1,2,0,4,39" ten="488,252,204,36" oya="0" hai0="52,126,104,125,57,61,90,98,63,9,48,96,45" hai1="13,70,80,133,76,31,131,33,115,55,89,17,50" hai2="135,11,2,72,121,84,128,106,79,130,44,12,62" hai3="24,122,46,29,127,16,86,21,59,3,23,35,10"/><T83/><D104/><U114/><E70/><V91/><F121/><W43/><G127/><N who="0" m="48651" /><D63/><U94/><E131/><N who="2" m="50219" /><F106/><W37/><G122/><T66/><D9/><U25/><E133/><V1/><F135/><W6/><G86/><AGARI ba="1,2" hai="45,48,52,57,61,66,83,86,90,96,98" m="48651" machi="86" ten="30,2900,0" yaku="18,1,54,1" doraHai="39" who="0" fromWho="3" sc="488,52,252,0,204,0,36,-32" /><INIT seed="4,2,0,4,1,60" ten="540,252,204,4" oya="0" hai0="87,37,9,71,74,26,134,52,17,30,42,34,41" hai1="12,70,32,58,113,15,95,51,11,105,8,111,61" hai2="36,125,84,22,20,76,133,128,57,69,47,38,73" hai3="115,91,79,120,103,5,121,13,39,98,66,68,123"/><T75/><D71/><U62/><E111/><V100/><F69/><W85/><G39/><T122/><D122/><U10/><E105/><V24/><F125/><W25/><G115/><T63/><D134/><U89/><E32/><V132/><F73/><W33/><G79/><T0/><D37/><U21/><E113/><V49/><F22/><W83/><G5/><T97/><D87/><U35/><E35/><V81/><F128/><W40/><G40/><T18/><D42/><U7/><E70/><V129/><F129/><W43/><G43/><T16/><D41/><U31/><E51/><V108/><F108/><W3/><G3/><T78/><D78/><U88/><E11/><V106/><F47/><W54/><G54/><T126/><D126/><U130/><E62/><V93/><F106/><W6/><G6/><T109/><D109/><U101/><E101/><V67/><F38/><W45/><G45/><T104/><D0/><U2/><E2/><V44/><F44/><W99/><G13/><T28/><D28/><U1/><E1/><V94/><F36/><W112/><G112/><T96/><D9/><U14/><E10/><V116/><F116/><W90/><G90/><N who="1" m="34922" /><E130/><V59/><F100/><W86/><G103/><N who="0" m="62567" /><D97/><U118/><E118/><V72/><F72/><W117/><G117/><T23/><D23/><U110/><E110/><V50/><F133/><W29/><G86/><T77/><D77/><U92/><E8/><V119/><F119/><W107/><G107/><T124/><D124/><U127/><E127/><V27/><F132/><W46/><G46/><T4/><D4/><RYUUKYOKU ba="2,0" sc="540,15,252,-15,204,-15,4,15" hai0="16,17,18,26,30,34,52,63,74,75" hai3="25,29,33,66,68,83,85,91,98,99,120,121,123" /><INIT seed="4,3,0,0,0,28" ten="555,237,189,19" oya="0" hai0="5,32,80,48,77,6,113,29,7,62,31,91,21" hai1="102,109,16,96,1,17,15,67,97,132,76,117,35" hai2="12,94,53,134,118,47,59,42,70,85,81,25,45" hai3="33,133,74,82,121,101,66,40,39,38,75,60,49"/><T46/><D113/><U127/><E109/><V64/><F134/><W104/><G133/><T71/><D32/><U11/><E117/><V106/><F106/><W122/><G49/><T108/><D108/><U88/><E1/><V128/><F128/><W50/><G50/><T110/><D110/><U111/><E111/><V100/><F70/><W41/><G82/><T83/><D71/><U44/><E35/><V114/><F114/><W107/><G60/><T79/><D62/><U0/><E0/><V93/><F64/><W98/><G33/><T78/><D21/><U4/><E67/><V69/><F69/><W10/><G10/><T57/><D57/><U116/><E116/><V99/><F94/><W2/><G2/><T103/><D103/><U55/><E76/><V19/><F25/><W119/><G101/><T8/><D8/><U89/><E127/><V105/><F42/><W3/><G3/><T131/><D131/><U26/><E132/><V90/><F105/><W72/><G72/><T58/><D58/><U129/><E129/><V92/><F81/><N who="0" m="31306" /><D91/><N who="1" m="34891" /><E102/><V52/><F118/><W34/><G34/><T18/><D18/><N who="1" m="7275" /><E26/><V123/><F123/><W30/><G119/><T27/><D27/><U95/><E95/><V130/><F130/><W22/><G66/><T54/><AGARI ba="3,0" hai="5,6,7,29,31,46,48,54,77,78,79" m="31306" machi="54" ten="40,2100,0" yaku="8,1" doraHai="28" who="0" fromWho="0" sc="555,30,237,-10,189,-10,19,-10" /><INIT seed="4,4,0,5,3,54" ten="585,227,179,9" oya="0" hai0="103,55,68,127,64,45,26,118,133,83,76,12,91" hai1="113,23,22,24,89,36,117,102,18,78,8,74,27" hai2="53,40,67,123,130,84,120,13,19,60,52,30,25" hai3="35,7,111,96,99,20,34,126,95,58,128,62,69"/><T50/><D118/><U98/><E117/><V92/><F123/><W134/><G111/><T119/><D119/><U16/><E36/><V46/><F120/><W39/><G126/><T100/><D127/><U63/><E113/><V86/><F130/><W49/><G128/><T29/><D133/><U31/><E8/><V4/><F4/><W109/><G109/><T57/><D91/><U110/><E110/><V56/><F25/><W112/><G39/><T5/><D68/><U11/><E11/><V70/><F30/><W114/><G134/><T61/><D12/><U73/><E78/><V80/><F92/><W48/><G7/><T65/><D65/><U77/><E77/><V93/><F93/><W28/><G69/><T101/><D5/><U125/><E89/><V79/><F86/><W9/><G9/><T0/><D0/><U108/><E108/><V47/><F70/><W106/><G106/><T94/><D94/><U90/><E90/><V43/><F47/><W88/><G96/><T121/><D121/><U14/><E125/><V42/><REACH who="2" step="1"/><F46/><REACH who="2" ten="585,227,169,9" step="2"/><W32/><G28/><T17/><D29/><U85/><E85/><V59/><F59/><W38/><G38/><T6/><D6/><U3/><E31/><V115/><F115/><N who="3" m="44075" /><G20/><AGARI ba="4,1" hai="13,19,20,40,42,43,52,53,56,60,67,79,80,84" machi="20" ten="40,8000,1" yaku="1,1,8,1,52,1,54,1,53,1" doraHai="54" doraHaiUra="75" who="2" fromWho="3" sc="585,0,227,0,169,102,9,-92" owari="585,68.5,227,-17.3,271,7.1,-83,-58.3" /></mjloggm>