<mjloggm ver="2.3"><GO type="169" lobby="0"/><UN n0="%E3%81%AA%E3%81%88%E3%81%A8%E3%82%8B" n1="%E5%A4%96%E5%B7%9D%E7%AB%9C%E6%88%90" n2="%E3%81%98%E3%82%83%E3%81%99%E3%81%BF%E3%82%93" n3="%E7%A5%9E%E6%88%B8%E5%B0%8F%E9%B3%A5%E9%86%A4" dan="16,16,16,16" rate="2127.23,2179.11,2068.85,2043.48" sx="M,M,M,F"/><TAIKYOKU oya="0"/><INIT seed="0,0,0,2,0,83" ten="250,250,250,250" oya="0" hai0="4,133,86,80,126,94,113,8,39,41,61,33,73" hai1="116,90,106,101,58,132,69,66,74,24,109,31,100" hai2="76,45,52,79,2,5,32,20,46,111,130,120,42" hai3="89,27,93,48,21,121,85,60,50,44,49,26,56"/><T70/><D113/><U53/><E116/><V78/><F120/><W43/><G121/><T128/><D33/><U88/><E74/><V0/><F32/><W14/><G14/><T25/><D128/><U118/><E118/><V119/><F119/><W102/><G102/><T67/><D133/><U35/><E132/><V114/><F114/><W107/><G107/><T23/><D126/><U125/><E125/><V40/><F111/><W11/><G11/><T47/><D94/><U99/><E101/><V1/><F5/><W110/><G110/><T95/><D95/><U9/><E9/><V65/><F65/><W6/><G6/><T97/><D97/><U77/><E77/><V17/><F130/><W105/><G105/><T92/><D92/><U122/><E122/><V7/><F7/><W59/><G59/><T123/><D73/><U112/><E109/><V28/><F28/><W54/><REACH who="3" step="1"/><G27/><REACH who="3" ten="250,250,250,240" step="2"/><T135/><D135/><U75/><E112/><V129/><F129/><W29/><AGARI ba="0,1" hai="21,26,29,43,44,48,49,50,54,56,60,85,89,93" machi="29" ten="20,12000,2" yaku="1,1,2,1,0,1,7,1,8,1,52,1,53,0" doraHai="83" doraHaiUra="127" who="3" fromWho="3" sc="250,-60,250,-30,250,-30,240,130" /><INIT seed="1,0,0,4,4,83" ten="190,220,220,370" oya="1" hai0="71,112,127,120,128,31,50,34,32,121,24,66,133" hai1="23,87,1,22,4,95,40,25,41,60,56,8,104" hai2="131,48,61,44,63,49,110,135,84,91,16,82,113" hai3="96,35,94,99,29,69,80,72,97,54,98,126,89"/><U100/><E104/><V115/><F131/><W18/><G69/><T129/><D71/><U77/><E22/><V43/><F135/><W105/><G126/><T81/><D66/><U109/><E109/><V124/><F124/><W134/><G134/><T90/><D127/><U75/><E75/><V122/><F122/><N who="0" m="47210" /><D133/><U114/><E114/><N who="2" m="43531" /><F110/><W93/><G18/><T73/><D112/><U59/><E59/><V86/><F49/><W79/><G54/><T36/><D36/><U119/><E119/><V14/><F86/><N who="3" m="52407" /><G29/><T53/><D32/><U37/><E37/><V47/><F47/><W88/><G35/><T51/><D51/><U106/><E106/><AGARI ba="0,0" hai="72,79,80,88,94,96,97,98,99,105,106" m="52407" machi="106" ten="30,12000,2" yaku="35,5,52,1,54,1" doraHai="83" who="3" fromWho="1" sc="190,0,220,-120,220,0,370,120" /><INIT seed="2,0,0,2,4,9" ten="190,100,220,490" oya="2" hai0="103,114,46,87,58,131,121,89,50,53,70,27,14" hai1="73,22,6,132,40,122,105,111,42,83,127,16,67" hai2="69,78,124,24,96,71,118,38,59,81,85,123,94" hai3="133,97,54,52,12,8,61,35,15,77,113,82,68"/><V1/><F118/><W10/><G35/><T55/><D121/><U31/><E105/><V98/><F123/><W48/><G133/><T49/><D131/><U3/><E122/><V93/><F38/><W26/><G113/><T33/><D114/><U4/><E67/><V100/><F1/><W39/><G39/><T51/><D70/><U37/><E132/><V63/><F124/><W32/><G97/><T44/><D103/><U45/><E42/><V64/><REACH who="2" step="1"/><F24/><REACH who="2" ten="190,100,210,490" step="2"/><W117/><G26/><T80/><D27/><U66/><E127/><V110/><F110/><W120/><G117/><T101/><D33/><U11/><E111/><V130/><F130/><W19/><G32/><T41/><D101/><AGARI ba="0,1" hai="59,63,64,69,71,78,81,85,93,94,96,98,100,101" machi="101" ten="30,5800,0" yaku="1,1,7,1,9,1,53,0" doraHai="9" doraHaiUra="129" who="2" fromWho="0" sc="190,-58,100,0,210,68,490,0" /><INIT seed="2,1,0,4,2,127" ten="132,100,278,490" oya="2" hai0="56,85,4,1,109,9,67,47,75,40,79,26,132" hai1="64,29,71,66,50,20,135,58,106,87,37,126,115" hai2="21,68,48,28,10,103,31,14,72,74,73,133,22" hai3="24,93,8,11,65,7,12,80,0,89,45,53,5"/><V54/><F68/><W30/><G65/><T55/><D109/><U33/><E20/><V76/><F103/><W123/><G123/><T128/><D132/><U129/><E87/><V91/><F133/><W3/><G80/><T36/><D85/><U110/><E135/><V17/><F76/><W100/><G100/><T46/><D67/><U119/><E106/><V2/><F91/><W77/><G77/><T25/><D46/><U59/><E29/><V101/><F101/><W99/><G45/><T97/><D97/><U62/><E33/><V39/><F39/><W98/><G53/><T82/><REACH who="0" step="1"/><D128/><REACH who="0" ten="122,100,278,490" step="2"/><U107/><E110/><V95/><F73/><W111/><G111/><T23/><D23/><U35/><E35/><V96/><F72/><W15/><G99/><T42/><D42/><U6/><E129/><V90/><F74/><W34/><AGARI ba="1,1" hai="0,3,5,7,8,11,12,15,24,30,34,89,93,98" machi="34" ten="20,2700,0" yaku="0,1,7,1,9,1" doraHai="127" who="3" fromWho="3" sc="122,-8,100,-8,278,-14,490,40" /><INIT seed="3,0,0,0,1,94" ten="114,92,264,530" oya="3" hai0="4,125,41,78,124,90,36,108,79,85,96,69,26" hai1="121,112,13,54,97,91,18,106,129,86,111,77,6" hai2="22,44,132,27,29,107,53,14,120,12,99,92,10" hai3="31,3,47,115,118,134,57,48,76,102,130,5,65"/><W82/><G118/><T45/><D69/><U100/><E112/><V123/><F107/><W68/><G115/><T21/><D4/><U38/><E121/><V113/><F113/><W119/><G102/><T105/><D108/><U98/><E111/><V1/><F1/><W64/><G31/><T11/><D11/><U117/><E117/><V46/><F132/><W84/><G119/><T2/><D2/><U51/><E38/><V126/><F126/><N who="0" m="48746" /><D105/><U72/><E6/><V55/><F120/><W34/><G34/><T40/><D41/><U75/><E77/><V67/><F67/><W133/><G130/><T42/><D40/><U104/><E129/><V88/><F123/><W56/><G68/><T24/><D96/><U17/><E98/><V61/><F14/><W103/><G5/><T23/><D21/><U7/><E106/><V28/><F29/><W93/><G3/><T101/><D101/><U8/><E17/><N who="2" m="8343" /><F61/><W37/><G37/><T0/><D0/><U70/><E70/><V60/><F60/><W95/><G133/><T116/><D116/><U80/><REACH who="1" step="1"/><E7/><REACH who="1" ten="114,82,264,530" step="2"/><V74/><F74/><W58/><G134/><T73/><D73/><U50/><E50/><V30/><F30/><W63/><G63/><T20/><D78/><U59/><AGARI ba="0,1" hai="8,13,18,51,54,59,72,75,80,86,91,97,100,104" machi="59" ten="20,5200,0" yaku="1,1,0,1,7,1,52,1,53,0" doraHai="94" doraHaiUra="131" who="1" fromWho="1" sc="114,-13,82,62,264,-13,530,-26" /><INIT seed="4,0,0,2,4,6" ten="101,144,251,504" oya="0" hai0="45,92,63,111,38,104,85,121,24,82,116,23,39" hai1="134,13,64,30,14,51,132,77,20,95,109,55,21" hai2="105,99,115,43,96,36,131,119,17,58,40,94,26" hai3="44,97,1,112,18,9,56,31,7,2,86,124,81"/><T135/><D116/><U79/><E64/><V93/><F115/><W90/><G124/><T28/><D121/><U11/><E109/><V75/><F131/><W16/><G2/><T114/><D104/><U66/><E66/><V107/><F75/><W5/><G7/><T65/><D114/><U120/><E120/><V67/><F119/><W133/><G133/><N who="1" m="51306" /><E95/><V103/><F36/><W29/><G44/><T117/><D117/><U113/><E113/><V98/><F26/><W19/><G56/><T87/><D135/><U57/><E14/><V129/><F17/><W61/><G61/><T88/><D45/><U27/><E20/><V100/><F129/><W34/><G34/><T48/><D48/><U0/><E0/><V78/><F98/><W50/><G50/><T101/><D111/><U110/><E110/><V130/><F130/><W35/><G35/><T83/><D101/><U106/><E106/><V68/><F68/><W8/><G112/><T73/><D73/><U60/><E51/><V41/><REACH who="2" step="1"/><F78/><REACH who="2" ten="101,144,241,504" step="2"/><W89/><G97/><T80/><REACH who="0" step="1"/><D85/><REACH who="0" ten="91,144,241,504" step="2"/><U3/><E3/><V15/><F15/><W69/><G1/><T52/><D52/><U53/><E55/><V12/><F12/><W4/><G86/><T71/><AGARI ba="0,2" hai="23,24,28,38,39,63,65,71,80,82,83,87,88,92" machi="71" ten="30,6000,0" yaku="1,1,0,1,54,1,53,0" doraHai="6" doraHaiUra="123" who="0" fromWho="0" sc="91,80,144,-20,241,-20,504,-20" /><INIT seed="4,1,0,1,1,53" ten="171,124,221,484" oya="0" hai0="119,115,54,58,64,133,110,104,73,89,5,125,134" hai1="78,123,114,128,127,57,7,52,11,62,26,41,22" hai2="130,100,101,126,135,48,77,18,67,87,63,113,27" hai3="51,25,75,55,15,71,116,13,84,10,79,120,96"/><T38/><D119/><U66/><E123/><V109/><F109/><W16/><G71/><T56/><D110/><U124/><E41/><V60/><F113/><W118/><G75/><T43/><D115/><U2/><E114/><V90/><F130/><W21/><G120/><T32/><D32/><U81/><E128/><V80/><F135/><N who="0" m="51722" /><D125/><U3/><E3/><V14/><F126/><W76/><G96/><T44/><D104/><U35/><E35/><V82/><F48/><W6/><G116/><T47/><D73/><U4/><E4/><V20/><F27/><W103/><G103/><T99/><D5/><U40/><E40/><V68/><REACH who="2" step="1"/><F63/><REACH who="2" ten="171,124,211,484" step="2"/><W85/><G118/><T98/><D47/><U8/><E127/><V111/><F111/><W95/><G51/><N who="0" m="30815" /><D89/><U46/><E124/><V33/><F33/><W72/><G79/><T105/><D105/><U106/><E106/><V17/><F17/><W49/><G76/><T28/><D28/><U107/><E107/><V91/><F91/><W29/><G29/><T23/><D23/><U117/><E117/><V70/><F70/><W50/><G21/><T39/><D38/><U0/><E46/><V42/><F42/><W121/><G121/><T86/><D86/><AGARI ba="1,1" hai="14,18,20,60,67,68,77,80,82,86,87,90,100,101" machi="86" ten="30,3900,0" yaku="1,1,7,1,53,1" doraHai="53" doraHaiUra="12" who="2" fromWho="0" sc="171,-42,124,0,211,52,484,0" /><INIT seed="5,0,0,5,4,32" ten="129,124,263,484" oya="1" hai0="86,3,57,130,132,36,122,7,85,81,11,116,39" hai1="62,108,22,20,113,8,117,70,64,76,112,105,35" hai2="10,61,104,69,90,129,45,47,37,124,53,6,42" hai3="4,131,111,16,93,92,68,5,118,44,12,101,89"/><U54/><E117/><V66/><F104/><W15/><G68/><T40/><D116/><U55/><E35/><V48/><F90/><W63/><G118/><T120/><D130/><U43/><E105/><V91/><F91/><W59/><G131/><T1/><D132/><U114/><E108/><V65/><F129/><W58/><G111/><T25/><D85/><U28/><E76/><V128/><F128/><W78/><G44/><T110/><D110/><U30/><E43/><N who="2" m="22767" /><F10/><W0/><G78/><N who="0" m="46391" /><D40/><U96/><E96/><V33/><F6/><W125/><G125/><T67/><D25/><U29/><REACH who="1" step="1"/><E8/><REACH who="1" ten="129,114,263,484" step="2"/><V94/><F33/><W34/><G34/><T87/><D87/><U135/><E135/><V127/><F42/><W109/><G109/><T102/><D102/><U126/><E126/><V24/><F124/><W14/><G101/><T82/><D82/><U23/><AGARI ba="0,1" hai="20,22,23,28,29,30,54,55,62,64,70,112,113,114" machi="23" ten="40,12000,1" yaku="1,1,0,1,29,2,15,1,53,0" doraHai="32" doraHaiUra="31" who="1" fromWho="1" sc="129,-40,114,130,263,-40,484,-40" /><INIT seed="5,1,0,0,0,89" ten="89,244,223,444" oya="1" hai0="37,36,59,121,78,30,8,128,120,69,80,86,7" hai1="102,48,18,129,41,122,135,1,53,104,84,56,40" hai2="125,130,115,126,112,34,17,90,55,66,24,133,62" hai3="64,6,118,67,114,71,99,74,22,35,38,123,3"/><U77/><E122/><V94/><F34/><W116/><G35/><T0/><D69/><U9/><E135/><V87/><F24/><W32/><G32/><T101/><D128/><U97/><E129/><V107/><F17/><W31/><G38/><T76/><D30/><U95/><E104/><V91/><F107/><W60/><G74/><T28/><D28/><U45/><E1/><V61/><F130/><W117/><G123/><T2/><D2/><U79/><E40/><V27/><F27/><W20/><G114/><N who="2" m="43561" /><F133/><W106/><G67/><T4/><D4/><U50/><REACH who="1" step="1"/><E84/><REACH who="1" ten="89,234,223,444" step="2"/><N who="2" m="52551" /><F55/><W25/><G3/><T93/><D120/><U47/><E47/><V11/><F66/><W134/><G134/><T109/><D121/><U44/><E44/><V5/><F126/><W82/><G64/><T73/><D109/><U10/><E10/><V15/><F125/><W92/><G106/><T54/><D76/><U65/><E65/><V21/><F21/><W57/><G22/><T12/><D0/><U52/><E52/><V131/><F131/><W132/><G20/><T75/><D73/><U110/><E110/><V39/><F39/><W42/><G42/><T124/><D124/><U83/><E83/><AGARI ba="1,1" hai="5,11,15,61,62,83,87,91" m="52551,43561" machi="83" ten="30,3900,0" yaku="15,1,11,1,52,1" doraHai="89" who="2" fromWho="1" sc="89,0,234,-42,223,52,444,0" /><INIT seed="6,0,0,5,2,132" ten="89,192,275,444" oya="2" hai0="65,48,69,110,79,128,131,133,55,134,102,19,13" hai1="10,104,94,88,81,18,109,87,57,20,101,113,76" hai2="97,39,74,24,135,78,60,49,84,68,116,36,34" hai3="22,107,35,95,80,54,32,7,50,25,127,5,51"/><V83/><F116/><W77/><G107/><T86/><D102/><U9/><E113/><V75/><F135/><N who="0" m="51722" /><D79/><U15/><E109/><V58/><F68/><W123/><G127/><T120/><D86/><U117/><E117/><V44/><F97/><W96/><G123/><T23/><D13/><U12/><E57/><V122/><F122/><W27/><G32/><T3/><D23/><U92/><E104/><V31/><F75/><W26/><G35/><T8/><D19/><U121/><E121/><V66/><REACH who="2" step="1"/><F74/><REACH who="2" ten="89,192,265,444" step="2"/><W29/><G96/><T90/><D120/><U41/><E101/><V112/><F112/><W111/><G111/><T82/><D69/><U62/><E76/><V126/><F126/><W59/><G29/><T105/><D110/><U119/><E119/><V114/><F114/><W115/><G115/><T2/><D128/><U4/><E41/><AGARI ba="0,1" hai="24,31,34,36,39,41,44,49,58,60,66,78,83,84" machi="41" ten="30,11600,0" yaku="1,1,7,1,53,2" doraHai="132" doraHaiUra="70" who="2" fromWho="1" sc="89,0,192,-116,265,126,444,0" /><INIT seed="6,1,0,2,5,38" ten="89,76,391,444" oya="2" hai0="115,60,83,131,93,128,85,102,41,66,104,126,73" hai1="24,25,26,45,21,90,15,77,70,94,76,119,51" hai2="134,129,110,121,64,3,14,103,122,78,34,29,95" hai3="36,53,133,0,9,8,52,31,58,108,16,81,32"/><V47/><F3/><W114/><G36/><T109/><D109/><U17/><E70/><V98/><F129/><N who="0" m="49738" /><D115/><U113/><E119/><V49/><F134/><W57/><G108/><T20/><D73/><U97/><REACH who="1" step="1"/><E113/><REACH who="1" ten="89,66,391,444" step="2"/><V87/><F64/><W19/><G114/><T127/><D126/><U46/><E46/><V88/><F110/><W106/><G133/><T92/><D127/><U120/><E120/><V105/><F121/><W10/><G0/><T124/><D124/><U111/><E111/><V48/><F122/><W135/><G135/><T40/><D104/><U63/><E63/><V39/><F47/><W42/><G106/><T6/><D6/><U118/><E118/><V55/><F105/><W68/><G68/><N who="0" m="42055" /><D20/><U100/><E100/><V33/><F103/><W91/><G32/><T116/><D116/><U2/><E2/><V101/><F33/><W99/><G31/><T11/><D11/><U12/><E12/><V67/><F14/><W61/><G10/><T107/><D107/><U62/><E62/><V35/><F29/><W125/><G8/><T86/><D102/><U96/><E96/><V75/><F34/><W117/><G9/><T7/><D7/><U30/><E30/><V5/><F35/><W84/><G125/><T4/><D4/><U18/><E18/><V112/><F5/><W44/><G16/><T74/><D74/><U50/><E50/><V59/><F112/><W54/><G117/><T22/><D22/><U56/><E56/><V65/><F48/><N who="3" m="26647" /><G19/><T79/><D85/><U43/><AGARI ba="1,1" hai="15,17,21,24,25,26,43,45,51,76,77,90,94,97" machi="43" ten="30,7900,0" yaku="1,1,0,1,8,1,52,1,53,0" doraHai="38" doraHaiUra="132" who="1" fromWho="1" sc="89,-21,66,92,391,-40,444,-21" /><INIT seed="7,0,0,3,4,84" ten="68,158,351,423" oya="3" hai0="127,86,26,76,48,88,106,123,114,39,73,12,10" hai1="124,108,115,5,70,28,67,19,71,33,99,107,1" hai2="60,77,128,32,43,22,8,112,20,66,37,111,85" hai3="93,89,29,13,79,52,118,44,113,91,95,63,56"/><W125/><G118/><T21/><D127/><U7/><E108/><V74/><F111/><W122/><G125/><T68/><D123/><U131/><E19/><V82/><F32/><W6/><G113/><T14/><D39/><U80/><E80/><V53/><F112/><W0/><G0/><T65/><D114/><U25/><E124/><V94/><F128/><W58/><G79/><T116/><D106/><U120/><E120/><V34/><F34/><W96/><G29/><T41/><D116/><U90/><E90/><V3/><F53/><W102/><G122/><T100/><D100/><N who="1" m="62879" /><E115/><V27/><F27/><W18/><G6/><T36/><D36/><U134/><E134/><V130/><F85/><N who="3" m="52399" /><G44/><T117/><D117/><U9/><E131/><V75/><F94/><W69/><G69/><T105/><D105/><U49/><E71/><V121/><F74/><W30/><G58/><T45/><D73/><U119/><E119/><V135/><F130/><W16/><G30/><T47/><D76/><U57/><E9/><V17/><F135/><W129/><G129/><T132/><D132/><U110/><E1/><V104/><F104/><W81/><G13/><T23/><D47/><U126/><E110/><V64/><F121/><W62/><G62/><T101/><D101/><U38/><E38/><V87/><F60/><W59/><G56/><T97/><D97/><U42/><E42/><V4/><F87/><AGARI ba="0,0" hai="16,18,52,59,63,81,87,91,95,96,102" m="52399" machi="87" ten="30,12000,1" yaku="8,1,52,2,54,2" doraHai="84" who="3" fromWho="2" sc="68,0,158,0,351,-120,423,120" owari="68,-43.2,158,-24.2,231,3.1,543,64.3" /></mjloggm>