<mjloggm ver="2.3"><GO type="169" lobby="0"/><UN n0="%E7%AE%B1%E4%B8%8B%E3%81%AE%E3%82%B1%E3%83%B3%E5%9D%8A" n1="%70%61%77%61" n2="%E3%81%8B%E3%82%88%E3%81%A1%E3%82%83%E3%82%93%E3%81%AE%E6%97%A6%E9%82%A3" n3="%E3%81%8B%E3%81%A5%E3%81%8D%EF%BC%B8%EF%BC%A9" dan="16,18,16,18" rate="2139.47,2287.39,2108.54,2184.55" sx="M,M,M,M"/><TAIKYOKU oya="0"/><INIT seed="0,0,0,5,1,116" ten="250,250,250,250" oya="0" hai0="38,102,8,50,42,64,105,127,14,56,132,23,40" hai1="114,98,1,7,109,103,101,6,125,3,73,128,131" hai2="34,17,118,18,134,35,91,130,19,63,11,82,88" hai3="27,95,4,78,46,29,66,71,43,9,10,89,123"/><T57/><D105/><U53/><E73/><V81/><F118/><W32/><G78/><T75/><D75/><U100/><E98/><V2/><F134/><W54/><G54/><T44/><D102/><U21/><E53/><V93/><F130/><N who="1" m="49705" /><E21/><V79/><F63/><W117/><G117/><T45/><D23/><U13/><E13/><V26/><F26/><W119/><G119/><T65/><D132/><U129/><E129/><V86/><F11/><W120/><G66/><T60/><D14/><U52/><E52/><V67/><F67/><N who="0" m="25674" /><D8/><U58/><E58/><N who="0" m="22633" /><D127/><U124/><E109/><V96/><REACH who="2" step="1"/><F2/><REACH who="2" ten="250,250,240,250" step="2"/><N who="1" m="521" /><E114/><V68/><F68/><W69/><G71/><T113/><D113/><U80/><E80/><V99/><F99/><W85/><G69/><T108/><D108/><U33/><E33/><V36/><F36/><W76/><G4/><AGARI ba="0,1" hai="4,6,7,100,101,103,124,125" m="521,49705" machi="4" ten="40,5200,0" yaku="28,2,19,1" doraHai="116" who="1" fromWho="3" sc="250,0,250,62,240,0,250,-52" /><INIT seed="1,0,0,3,5,89" ten="250,312,240,198" oya="1" hai0="36,103,41,46,51,100,92,113,25,126,30,2,28" hai1="85,7,13,59,56,117,38,99,65,29,132,95,80" hai2="3,4,70,14,108,123,128,58,52,69,15,104,119" hai3="6,120,57,74,10,26,115,73,24,60,53,135,23"/><U101/><E117/><V50/><F123/><W19/><G115/><T8/><D113/><U94/><E38/><V27/><F119/><W124/><G120/><T63/><D126/><U72/><E72/><V79/><F79/><W106/><G106/><T66/><D36/><U62/><E132/><V130/><F104/><W18/><G124/><T102/><D2/><U17/><E29/><V55/><F108/><W118/><G118/><T105/><D105/><U96/><E7/><V129/><F27/><W78/><G78/><T35/><D28/><U64/><E59/><V54/><F3/><W110/><G110/><T47/><D8/><U43/><E43/><V9/><REACH who="2" step="1"/><F15/><REACH who="2" ten="250,312,230,198" step="2"/><W0/><G135/><T21/><D35/><U71/><E71/><AGARI ba="0,1" hai="4,9,14,50,52,54,55,58,69,70,71,128,129,130" machi="71" ten="50,8000,1" yaku="1,1,2,1,19,1,54,1,53,1" doraHai="89" doraHaiUra="11" who="2" fromWho="1" sc="250,0,312,-80,230,90,198,0" /><INIT seed="2,0,0,3,1,106" ten="250,232,320,198" oya="2" hai0="5,60,8,70,6,48,85,135,29,34,22,133,40" hai1="2,80,1,121,20,132,38,30,82,71,103,111,96" hai2="35,78,95,110,4,108,74,53,52,63,129,50,90" hai3="55,92,83,68,134,58,102,17,128,101,97,73,118"/><V69/><F35/><W25/><G118/><T9/><D34/><U94/><E38/><V27/><F129/><W105/><G68/><T67/><D85/><U114/><E71/><V87/><F4/><W126/><G126/><T75/><D75/><U41/><E41/><V88/><F27/><W44/><G44/><N who="0" m="25607" /><D22/><U84/><E114/><V26/><F26/><W21/><G128/><T32/><D29/><U112/><E112/><V45/><F90/><W131/><G131/><T81/><D81/><U117/><E117/><V120/><F120/><W54/><G54/><T14/><D32/><U47/><E47/><V13/><F13/><W116/><G134/><N who="0" m="51211" /><D9/><U0/><E132/><V77/><F74/><W91/><G116/><T15/><D14/><U104/><E121/><V16/><F16/><AGARI ba="0,0" hai="5,6,8,15,16,60,67,70" m="51211,25607" machi="16" ten="30,2000,0" yaku="20,1,54,1" doraHai="106" who="0" fromWho="2" sc="250,20,232,0,320,-20,198,0" /><INIT seed="3,0,0,2,3,134" ten="270,232,300,198" oya="3" hai0="104,130,23,62,46,94,84,35,83,90,55,120,12" hai1="49,1,109,0,92,95,36,58,116,108,125,14,3" hai2="88,101,80,111,123,16,34,20,6,115,76,67,57" hai3="63,27,78,10,122,96,54,21,50,43,118,66,39"/><W11/><G118/><T24/><D120/><U65/><E36/><V61/><F34/><W105/><G122/><T107/><D35/><U18/><E116/><V42/><F115/><W71/><G78/><T17/><D130/><U26/><E26/><V131/><F123/><W19/><G96/><T133/><D133/><U13/><E49/><V32/><F32/><W114/><G105/><T97/><D46/><U28/><E28/><V112/><F112/><W124/><G124/><T33/><D33/><U89/><E125/><V128/><F111/><N who="1" m="42569" /><E18/><V113/><F113/><W56/><REACH who="3" step="1"/><G114/><REACH who="3" ten="270,232,300,188" step="2"/><T41/><D107/><U30/><E30/><V68/><F76/><W40/><G40/><T93/><D41/><U29/><E29/><V132/><F42/><W44/><AGARI ba="0,1" hai="10,11,19,21,27,39,43,44,50,54,56,63,66,71" machi="44" ten="30,18000,2" yaku="1,1,0,1,24,2,53,2" doraHai="134" doraHaiUra="7" who="3" fromWho="3" sc="270,-60,232,-60,300,-60,188,190" /><INIT seed="3,1,0,1,3,126" ten="210,172,240,378" oya="3" hai0="116,133,69,54,72,31,107,104,94,97,33,49,14" hai1="53,12,10,134,18,25,106,128,127,113,100,117,43" hai2="65,88,20,63,0,59,32,70,58,103,122,48,28" hai3="98,56,114,35,91,68,34,22,78,96,109,81,129"/><W92/><G68/><T73/><D116/><U108/><E113/><V36/><F32/><W89/><G114/><T120/><D120/><U93/><E127/><V82/><F0/><W112/><G112/><T11/><D69/><U131/><E117/><V1/><F1/><W71/><G71/><T44/><D133/><U23/><E134/><V52/><F36/><W19/><G109/><T5/><D33/><U79/><E108/><V16/><F122/><W121/><G121/><T41/><D31/><U118/><E118/><V51/><F28/><W45/><G45/><T99/><D99/><U24/><E106/><V6/><F6/><W85/><G56/><T60/><D60/><U2/><E43/><V119/><F103/><W76/><G35/><T39/><D104/><U105/><E105/><V110/><F70/><W90/><G34/><T135/><D107/><U47/><E79/><V101/><F101/><W50/><G50/><T83/><D83/><U66/><E66/><V57/><F110/><W62/><G62/><T4/><D4/><N who="1" m="1303" /><E100/><V42/><F42/><W64/><G64/><T37/><D135/><U75/><E93/><V21/><F119/><W8/><G78/><T67/><D67/><U40/><E75/><V123/><F123/><W115/><G115/><T3/><D39/><N who="1" m="21919" /><E53/><N who="2" m="31935" /><F16/><W38/><G19/><T125/><D125/><U61/><E61/><V130/><F130/><AGARI ba="1,0" hai="12,18,23,24,25,128,130,131" m="21919,1303" machi="130" ten="30,7700,0" yaku="19,1,52,3" doraHai="126" who="1" fromWho="2" sc="210,0,172,80,240,-80,378,0" /><INIT seed="4,0,0,5,3,107" ten="210,252,160,378" oya="0" hai0="17,7,54,20,117,49,134,12,68,55,93,15,40" hai1="63,100,65,4,53,105,18,92,31,13,75,43,98" hai2="42,87,0,71,111,97,41,76,51,106,62,36,60" hai3="6,80,21,50,114,28,45,102,81,123,113,64,108"/><T11/><D117/><U130/><E130/><V110/><F0/><W61/><G108/><T30/><D68/><U56/><E43/><V95/><F106/><W57/><G6/><T37/><D134/><U77/><E31/><V125/><F125/><W29/><G102/><T121/><D121/><U67/><E4/><V38/><F71/><W69/><G69/><T90/><D30/><N who="3" m="11881" /><G21/><T22/><D37/><U35/><E35/><V8/><F8/><W10/><G10/><T46/><REACH who="0" step="1"/><D22/><REACH who="0" ten="200,252,160,378" step="2"/><U34/><E34/><V115/><F111/><W131/><G123/><T116/><D116/><U99/><E77/><V128/><F110/><W74/><G131/><T94/><D94/><U91/><E75/><V82/><F128/><W44/><G74/><T118/><D118/><U16/><E18/><V132/><F132/><W120/><G120/><T19/><D19/><U58/><REACH who="1" step="1"/><E58/><REACH who="1" ten="200,242,160,378" step="2"/><V135/><F38/><W73/><G73/><T83/><D83/><U89/><E89/><V48/><F36/><W126/><G81/><T47/><D47/><U2/><E2/><V96/><F135/><W79/><G80/><T133/><D133/><U9/><AGARI ba="0,2" hai="9,13,16,53,56,63,65,67,91,92,98,99,100,105" machi="9" ten="20,5200,0" yaku="1,1,0,1,7,1,54,1,53,0" doraHai="107" doraHaiUra="33" who="1" fromWho="1" sc="200,-26,242,72,160,-13,378,-13" /><INIT seed="5,0,0,4,0,89" ten="174,314,147,365" oya="1" hai0="44,135,128,47,21,91,59,23,112,90,64,126,24" hai1="14,58,45,87,48,33,134,72,42,86,0,75,104" hai2="100,109,92,113,120,98,57,19,111,84,68,79,85" hai3="116,127,93,78,17,50,99,15,30,80,125,39,110"/><U5/><E104/><V63/><F68/><W130/><G110/><T40/><D112/><U124/><E0/><V123/><F19/><W46/><G39/><T26/><D128/><U96/><E33/><V61/><F63/><W105/><G30/><T6/><D126/><N who="3" m="48137" /><G105/><T107/><D107/><U97/><E124/><V49/><F49/><W38/><G38/><T122/><D135/><U28/><E134/><V67/><F113/><W12/><G130/><T9/><D59/><U53/><E28/><V118/><F118/><W65/><G65/><T4/><D9/><N who="1" m="4399" /><E75/><V37/><F37/><W76/><G76/><T16/><D64/><U106/><E72/><V34/><F34/><W60/><G60/><T32/><D32/><U88/><E106/><V70/><F70/><W62/><G62/><T115/><D115/><U51/><E87/><V8/><F8/><W132/><G132/><T73/><D73/><U131/><E131/><V31/><F31/><W22/><G116/><T55/><D122/><U74/><E74/><V36/><F36/><W1/><G1/><T77/><D77/><U83/><AGARI ba="0,0" hai="42,45,48,51,53,58,83,86,88,96,97" m="4399" machi="83" ten="30,3000,0" yaku="8,1,54,1" doraHai="89" who="1" fromWho="1" sc="174,-10,314,30,147,-10,365,-10" /><INIT seed="5,1,0,2,4,8" ten="164,344,137,355" oya="1" hai0="55,13,54,97,128,115,98,70,63,32,81,36,68" hai1="113,33,0,18,87,39,66,106,119,17,92,132,127" hai2="35,102,37,100,41,49,94,84,60,90,134,25,129" hai3="10,79,31,120,117,116,114,71,2,40,96,76,88"/><U9/><E119/><N who="3" m="45642" /><G71/><T15/><D32/><U104/><E39/><V108/><F108/><W122/><G40/><T30/><D30/><U78/><E33/><V91/><F37/><W56/><G31/><T118/><D36/><U5/><E113/><V57/><F134/><W77/><G114/><T62/><D118/><U75/><E132/><V59/><F129/><W28/><G28/><T125/><D115/><U58/><E75/><V24/><F35/><W80/><G56/><T12/><D81/><U26/><E127/><V52/><F41/><W43/><G43/><T34/><D34/><U69/><E69/><N who="0" m="26729" /><D125/><U7/><E7/><V47/><F47/><W89/><G10/><T27/><D27/><N who="2" m="10314" /><F91/><N who="3" m="34891" /><G2/><T16/><D16/><U126/><E126/><V48/><F48/><W23/><G23/><T45/><D45/><U29/><E29/><V53/><AGARI ba="1,0" hai="49,52,53,57,59,60,84,90,94,100,102" m="10314" machi="53" ten="30,2000,0" yaku="8,1,54,1" doraHai="8" who="2" fromWho="2" sc="164,-6,344,-11,137,23,355,-6" /><INIT seed="6,0,0,5,1,32" ten="158,333,160,349" oya="2" hai0="96,123,128,25,17,72,102,1,129,110,91,74,59" hai1="33,111,104,55,0,46,86,13,117,69,120,14,24" hai2="48,119,113,126,54,134,98,41,116,52,21,68,3" hai3="37,53,76,133,36,79,63,97,29,114,95,132,75"/><V22/><F68/><W8/><G29/><T11/><D110/><U7/><E111/><V47/><F134/><N who="3" m="51819" /><G114/><T67/><D91/><U57/><E69/><V66/><F126/><W101/><G8/><T77/><D123/><U73/><E73/><V81/><F113/><W99/><G99/><T2/><D25/><U31/><E104/><V121/><F121/><W94/><G94/><T27/><D67/><U83/><E46/><V127/><F127/><W107/><G107/><N who="0" m="63943" /><D59/><U18/><E117/><V70/><F98/><W85/><G85/><T5/><D77/><N who="3" m="29769" /><G75/><T45/><D45/><U15/><E120/><V60/><F81/><W82/><G82/><T78/><D78/><U58/><E18/><V131/><F131/><N who="0" m="50250" /><D2/><U9/><REACH who="1" step="1"/><E55/><REACH who="1" ten="158,323,160,349" step="2"/><V34/><F54/><W122/><G122/><T80/><D74/><U109/><E109/><V87/><F52/><W4/><G4/><T35/><D17/><U103/><E103/><V105/><F105/><W130/><G130/><T40/><D72/><U51/><E51/><V93/><F119/><W135/><G135/><T112/><D112/><U64/><E64/><V39/><F116/><W23/><G36/><T100/><D100/><U44/><E44/><V71/><F39/><W19/><G37/><T106/><D106/><U20/><E20/><N who="2" m="7787" /><F71/><W61/><G53/><T125/><D125/><U30/><E30/><V43/><F43/><W42/><G42/><T115/><D115/><U90/><AGARI ba="0,1" hai="0,7,9,13,14,15,24,31,33,57,58,83,86,90" machi="90" ten="30,4000,0" yaku="1,1,0,1,52,1,53,0" doraHai="32" doraHaiUra="49" who="1" fromWho="1" sc="158,-10,323,50,160,-20,349,-10" /><INIT seed="7,0,0,3,1,70" ten="148,373,140,339" oya="3" hai0="83,10,117,78,96,38,23,54,84,22,118,64,16" hai1="95,106,52,6,101,12,18,100,65,13,134,19,130" hai2="0,28,90,58,66,121,109,115,46,125,103,11,89" hai3="85,48,3,98,47,97,31,73,80,7,25,44,93"/><W57/><G73/><T32/><D32/><U41/><E106/><V126/><F109/><W76/><G3/><T72/><D38/><U94/><E130/><V131/><F131/><W122/><G122/><T24/><D64/><U67/><E41/><V56/><F121/><W75/><G7/><T36/><D36/><U88/><E134/><V55/><F103/><N who="1" m="39497" /><E52/><V69/><F69/><W114/><G114/><T107/><D96/><N who="3" m="36969" /><G93/><N who="1" m="35338" /><E88/><N who="2" m="33899" /><F115/><W74/><G74/><T99/><D107/><U116/><E6/><N who="2" m="1479" /><F28/><W62/><G48/><T127/><D99/><U29/><E29/><V129/><F129/><W133/><G75/><T59/><D72/><U120/><E120/><V92/><F92/><W37/><G37/><T108/><D108/><U124/><E124/><N who="2" m="47723" /><F66/><N who="1" m="25097" /><E116/><V1/><F1/><W68/><G68/><T20/><D127/><U5/><E5/><V51/><AGARI ba="0,0" hai="46,51,55,56,58" m="47723,1479,33899" machi="51" ten="30,2000,0" yaku="18,1,54,1" doraHai="70" who="2" fromWho="2" sc="148,-5,373,-5,140,20,339,-10" owari="143,-35.7,368,46.8,160,-24.0,329,12.9" /></mjloggm>