<mjloggm ver="2.3"><GO type="169" lobby="0"/><UN n0="%E5%9D%8A%E3%82%84%E3%81%A1%E3%81%A4" n1="%48%69%62%69%6B%69" n2="%E7%9C%9F%E3%81%AE%E9%9B%80%E5%A3%AB%E3%81%86%E3%81%BE%E3%81%9F%E3%82%93" n3="%E3%81%94%E3%82%8B%E3%81%A3" dan="16,16,17,17" rate="2037.51,2094.67,2139.05,2180.70" sx="M,F,M,M"/><TAIKYOKU oya="0"/><INIT seed="0,0,0,5,1,64" ten="250,250,250,250" oya="0" hai0="42,38,50,34,15,39,120,79,71,17,105,103,47" hai1="12,30,6,115,8,13,111,106,110,87,19,32,56" hai2="66,7,77,121,108,76,129,88,27,116,90,132,40" hai3="93,83,102,5,86,70,118,29,60,41,125,119,37"/><T57/><D120/><U2/><E56/><V80/><F121/><W94/><G125/><T89/><D79/><U26/><E87/><V81/><F66/><W68/><G5/><T109/><D34/><U135/><E106/><V128/><F27/><W67/><G29/><T101/><D109/><N who="1" m="41483" /><E135/><V45/><F7/><W46/><G70/><T53/><D105/><U1/><E115/><V14/><F14/><W11/><G11/><AGARI ba="0,0" hai="1,2,6,8,11,12,13,19,26,30,32" m="41483" machi="11" ten="30,3900,0" yaku="14,1,34,2" doraHai="64" who="1" fromWho="3" sc="250,0,250,39,250,0,250,-39" /><INIT seed="1,0,0,4,1,98" ten="250,289,250,211" oya="1" hai0="36,58,10,118,102,78,123,32,122,42,9,23,70" hai1="12,44,74,2,24,26,110,105,96,125,93,60,119" hai2="6,39,83,4,40,100,19,127,22,133,126,132,35" hai3="62,47,57,25,1,73,114,104,31,80,69,56,91"/><U66/><E2/><V63/><F35/><W18/><G114/><T8/><D32/><U50/><E119/><V27/><F100/><W30/><G1/><T17/><D70/><U43/><E105/><V64/><F83/><W79/><G104/><T107/><D118/><U53/><E74/><V86/><F86/><W20/><G69/><T108/><D108/><U0/><E0/><V59/><F40/><W97/><G47/><T48/><D36/><U45/><E110/><V67/><F39/><W76/><G76/><T65/><D78/><U13/><E125/><N who="2" m="47627" /><F67/><W54/><REACH who="3" step="1"/><G56/><REACH who="3" ten="250,289,250,201" step="2"/><T89/><D107/><U29/><E45/><V124/><F124/><W90/><G90/><T5/><D89/><U16/><E43/><V111/><F111/><W112/><G112/><T103/><D42/><U101/><E29/><V77/><F77/><W68/><G68/><T7/><D123/><U28/><E28/><V135/><AGARI ba="0,1" hai="4,6,19,22,27,59,63,64,132,133,135" m="47627" machi="135" ten="40,2700,0" yaku="20,1,18,1" doraHai="98" who="2" fromWho="2" sc="250,-7,289,-13,250,37,201,-7" /><INIT seed="2,0,0,4,1,102" ten="243,276,287,194" oya="2" hai0="3,116,79,125,124,71,76,126,8,77,52,34,27" hai1="66,91,90,19,13,23,48,99,22,101,12,111,132" hai2="105,28,95,44,81,75,0,72,86,67,84,7,130" hai3="2,133,37,25,31,108,38,53,10,118,109,55,54"/><V20/><F67/><W26/><G118/><T57/><D71/><U73/><E111/><N who="3" m="42570" /><G31/><N who="0" m="19839" /><D116/><U106/><E132/><V46/><F95/><W74/><G74/><T43/><D43/><U135/><E135/><V120/><F81/><W70/><G70/><T69/><D69/><U21/><E73/><V87/><F120/><W51/><G51/><N who="0" m="30879" /><D8/><U80/><E66/><V58/><F58/><W6/><G133/><T128/><D3/><U63/><E63/><V92/><F92/><W1/><G1/><T121/><D128/><U93/><E48/><V123/><F130/><W131/><G131/><T65/><D65/><U35/><E35/><V30/><F123/><AGARI ba="0,0" hai="76,77,79,121,123,124,125,126" m="30879,19839" machi="123" ten="40,2600,0" yaku="18,1,54,1" doraHai="102" who="0" fromWho="2" sc="243,26,276,0,287,-26,194,0" /><INIT seed="3,0,0,0,4,105" ten="269,276,261,194" oya="3" hai0="81,54,36,109,80,90,131,5,45,52,110,116,28" hai1="15,50,21,11,14,125,55,16,43,10,34,67,96" hai2="87,4,127,126,42,64,7,83,60,119,25,68,108" hai3="39,115,129,97,65,72,48,57,33,106,47,74,8"/><W88/><G115/><T41/><D116/><U49/><E125/><N who="2" m="47627" /><F108/><N who="0" m="41578" /><D131/><U31/><E67/><V1/><F119/><W6/><G33/><T86/><D5/><N who="2" m="2122" /><F25/><W13/><G129/><T135/><D135/><U91/><E34/><V118/><F118/><W23/><G39/><T53/><D28/><U27/><E43/><V112/><F42/><W113/><G113/><T121/><D121/><U3/><E3/><V79/><F112/><W117/><G117/><T69/><D69/><U51/><E14/><V95/><F95/><AGARI ba="0,0" hai="36,41,45,52,53,54,80,81,86,90,95" m="41578" machi="95" ten="30,2000,0" yaku="14,1,54,1" doraHai="105" who="0" fromWho="2" sc="269,20,276,0,261,-20,194,0" /><INIT seed="4,0,0,5,1,133" ten="289,276,241,194" oya="0" hai0="84,68,76,46,64,0,85,86,99,24,94,35,63" hai1="9,14,77,79,111,15,66,47,12,50,59,96,80" hai2="54,67,21,13,51,3,60,2,81,123,120,115,98" hai3="62,102,34,116,19,114,61,103,71,95,23,100,49"/><T97/><D0/><U91/><E111/><V92/><F115/><W107/><G107/><T16/><D76/><U128/><E128/><V32/><F32/><W134/><G134/><T30/><D46/><U132/><E132/><V29/><F2/><W53/><G116/><T124/><D124/><U108/><E108/><V10/><F3/><W135/><G34/><T75/><D75/><U22/><E9/><V87/><F21/><W44/><G114/><T126/><D126/><U121/><E121/><V48/><F54/><W37/><G37/><T28/><D28/><U69/><E69/><V125/><F29/><W8/><G8/><T88/><D99/><U7/><E7/><V117/><F125/><W57/><G71/><T110/><D110/><U73/><E22/><V43/><F43/><W105/><G105/><T118/><REACH who="0" step="1"/><D16/><REACH who="0" ten="279,276,241,194" step="2"/><U52/><E73/><V131/><F98/><W122/><G135/><T18/><D18/><U106/><E96/><V6/><F123/><W39/><G122/><T127/><D127/><U42/><E106/><V31/><F120/><W45/><G39/><T1/><D1/><U41/><E79/><V58/><F31/><W113/><G113/><T93/><D93/><U17/><E77/><N who="2" m="46511" /><F92/><W11/><G95/><T130/><D130/><U104/><E104/><V78/><F131/><W82/><G82/><T20/><D20/><U4/><E17/><V101/><F78/><W112/><G112/><T65/><D65/><U74/><E74/><V83/><F83/><W109/><G109/><T25/><D25/><U38/><E80/><V90/><F67/><RYUUKYOKU ba="0,1" sc="279,30,276,-10,241,-10,194,-10" hai0="24,30,35,63,64,68,84,85,86,88,94,97,118" /><INIT seed="4,1,1,3,3,75" ten="309,266,231,184" oya="0" hai0="131,12,35,30,92,53,69,73,88,70,133,39,52" hai1="60,50,5,63,3,97,134,102,56,99,0,130,9" hai2="36,104,33,105,68,111,34,41,109,118,71,89,28" hai3="45,101,83,126,42,74,114,25,93,65,82,108,15"/><T117/><D117/><U95/><E134/><V123/><F123/><W98/><G108/><N who="2" m="41545" /><F89/><W8/><G114/><T24/><D73/><U81/><E130/><V32/><F28/><W119/><G126/><T72/><D72/><U84/><E0/><V107/><F118/><W13/><G119/><T132/><D39/><U17/><E97/><V100/><F100/><W76/><G65/><T14/><D131/><U96/><E96/><V57/><F57/><W7/><G83/><T115/><D115/><U128/><E128/><V78/><F78/><W18/><G25/><T91/><D92/><U22/><E50/><V87/><F87/><W11/><G11/><T67/><D67/><U1/><E1/><V10/><F10/><W80/><G80/><T4/><D4/><U20/><E56/><V129/><F129/><W49/><REACH who="3" step="1"/><G18/><REACH who="3" ten="309,266,231,174" step="2"/><T113/><D113/><U127/><E127/><V85/><F85/><W112/><G112/><T79/><D133/><U59/><E84/><V46/><AGARI ba="1,2" hai="32,33,34,36,41,46,68,71,104,105,107" m="41545" machi="46" ten="50,1600,0" yaku="23,1" doraHai="75" who="2" fromWho="2" sc="309,-9,266,-5,231,39,174,-5" /><INIT seed="5,0,0,1,3,32" ten="300,261,270,169" oya="1" hai0="54,15,67,108,16,44,7,35,88,106,77,132,103" hai1="85,64,56,11,0,114,90,133,42,95,71,86,19" hai2="37,5,128,123,72,74,10,105,23,65,131,100,73" hai3="104,111,33,59,76,55,62,78,126,46,119,61,97"/><U122/><E122/><V99/><F123/><W52/><G111/><T8/><D35/><U31/><E114/><V40/><F23/><W6/><G33/><T25/><D132/><U20/><E133/><V101/><F65/><W2/><G126/><T29/><D77/><U9/><E71/><V117/><F117/><W134/><G134/><T93/><D67/><U51/><E31/><V112/><F101/><W18/><G119/><T21/><D106/><U1/><E11/><V87/><F87/><W81/><G18/><T70/><D70/><U38/><E9/><V135/><F112/><W107/><G46/><T48/><D103/><U26/><E86/><V28/><F28/><W53/><G6/><T57/><D108/><U39/><E42/><V75/><F135/><W58/><G2/><T17/><D44/><U102/><E102/><V98/><F98/><AGARI ba="0,0" hai="7,8,15,16,17,21,25,29,48,54,57,88,93,98" machi="98" ten="30,7700,0" yaku="7,1,8,1,54,2" doraHai="32" who="0" fromWho="2" sc="300,77,261,0,270,-77,169,0" /><INIT seed="6,0,0,5,3,92" ten="377,261,193,169" oya="2" hai0="53,34,105,29,112,67,39,71,99,132,21,14,55" hai1="26,20,15,18,128,69,122,86,124,70,75,45,78" hai2="16,23,52,119,35,41,46,58,4,118,120,44,68" hai3="72,25,48,106,6,131,80,125,135,74,5,50,17"/><V108/><F120/><W129/><G80/><T73/><D73/><N who="3" m="28265" /><G25/><T51/><D39/><U115/><E122/><V98/><F68/><W10/><G17/><T89/><D132/><U130/><E75/><V7/><F108/><W96/><G10/><T116/><D116/><U111/><E111/><V64/><F35/><W87/><G87/><T42/><D42/><U13/><E69/><V8/><F64/><W84/><G84/><T127/><D67/><U57/><E70/><V47/><F41/><W113/><G135/><T114/><D71/><U79/><E45/><V40/><F40/><W54/><G54/><T76/><D55/><U24/><E57/><V28/><F119/><W102/><G125/><T19/><D127/><U31/><E86/><V101/><F28/><W36/><G36/><T37/><D37/><U2/><E2/><V110/><F110/><W59/><G59/><T12/><D76/><U103/><E79/><V81/><F81/><W83/><G83/><T133/><D29/><U104/><E78/><V61/><F8/><W100/><G100/><T63/><D133/><U56/><E56/><V97/><F118/><W65/><G65/><T62/><D34/><U32/><E124/><V121/><F121/><W91/><G91/><T33/><D89/><U38/><E38/><V77/><F77/><W49/><G113/><T1/><D114/><U0/><E115/><V117/><F117/><W43/><G43/><T134/><D112/><U11/><E103/><V22/><F101/><W66/><G66/><T95/><D134/><U90/><E90/><V126/><F126/><RYUUKYOKU ba="0,0" sc="377,-10,261,-10,193,-10,169,30" hai3="5,6,48,49,50,96,102,106,129,131" /><INIT seed="7,1,0,3,3,92" ten="367,251,183,199" oya="3" hai0="75,66,56,131,100,29,70,68,88,44,46,16,52" hai1="1,120,112,90,64,8,59,76,69,13,104,67,74" hai2="93,65,17,117,103,86,43,32,42,125,81,115,105" hai3="20,129,53,9,30,127,45,89,35,39,78,11,87"/><W95/><G35/><T113/><D75/><U47/><E120/><V134/><F117/><W73/><G129/><T36/><D29/><U101/><E69/><V10/><F32/><W27/><G127/><T122/><D122/><U124/><E1/><V19/><F105/><W102/><G73/><T99/><D36/><U12/><E124/><V109/><F109/><W133/><G133/><T98/><D113/><U5/><E112/><V96/><F125/><W121/><G78/><T28/><D28/><U22/><E76/><N who="2" m="46375" /><F115/><W38/><G38/><T111/><D100/><U77/><E77/><V55/><F65/><W116/><G116/><T40/><D40/><N who="2" m="15402" /><F134/><W4/><G121/><T62/><D70/><U58/><E67/><V60/><F10/><W61/><G39/><T14/><D68/><U63/><E104/><V128/><F128/><W18/><G102/><T34/><D34/><U123/><E101/><V118/><F118/><W83/><G4/><T57/><D111/><U33/><E33/><V48/><F60/><W130/><G130/><T80/><D66/><U97/><E123/><V132/><F132/><W24/><G83/><T94/><D62/><U108/><E63/><V85/><F85/><W3/><G3/><T114/><D80/><U21/><E74/><V25/><F25/><W135/><G135/><T50/><D114/><U37/><E64/><V7/><F7/><W119/><G119/><T84/><D131/><U15/><E108/><V23/><F23/><N who="1" m="8713" /><E8/><V41/><F41/><W91/><G61/><T79/><D79/><U49/><E37/><V6/><F6/><RYUUKYOKU ba="1,0" sc="367,-10,251,-10,183,30,199,-10" hai2="17,19,48,55,93,96,103" owari="357,45.7,241,4.1,213,-18.7,189,-31.1" /></mjloggm>