<mjloggm ver="2.3"><GO type="169" lobby="0"/><UN n0="%E3%83%88%E3%82%B7%E3%83%95%E3%83%BC%E3%83%8B" n1="%E3%81%AA%E3%81%BE%E3%81%91%E8%80%85" n2="%42%65%6E%63%68%69%6E%67" n3="%E3%81%BE%E3%82%8B%E3%81%A8%E3%83%BC" dan="16,16,16,16" rate="2139.49,2065.42,2227.00,2070.39" sx="M,M,M,M"/><TAIKYOKU oya="0"/><INIT seed="0,0,0,0,2,25" ten="250,250,250,250" oya="0" hai0="42,50,117,1,74,75,38,4,56,93,79,94,5" hai1="135,98,127,114,86,46,92,19,91,59,102,10,22" hai2="54,113,37,28,112,13,40,3,100,105,116,32,84" hai3="12,27,101,35,66,83,122,23,30,44,36,129,118"/><T81/><D117/><U111/><E111/><V125/><F54/><W8/><G118/><T29/><D75/><U85/><E127/><V119/><F84/><W72/><G101/><T14/><D14/><U95/><E135/><V9/><F125/><W7/><G66/><T63/><D50/><U89/><E114/><V70/><F70/><W126/><G126/><T77/><D77/><U73/><E73/><V17/><F40/><W124/><G124/><T39/><D29/><U61/><E46/><V57/><F57/><W60/><G60/><T41/><D41/><U133/><E10/><V103/><F37/><W67/><G67/><T104/><D104/><U0/><E0/><V24/><F100/><W15/><G44/><N who="0" m="23639" /><D5/><U51/><E51/><V55/><F55/><W48/><G36/><T134/><D39/><U80/><E133/><V62/><F62/><W120/><G48/><T99/><D99/><U88/><E91/><V43/><F43/><W16/><REACH who="3" step="1"/><G129/><REACH who="3" ten="250,250,250,240" step="2"/><T106/><D134/><U31/><E61/><V97/><F119/><W65/><G65/><N who="0" m="39143" /><D106/><U87/><E59/><V71/><F116/><W128/><G128/><T6/><D6/><U21/><E86/><V78/><F71/><W26/><G26/><T131/><D131/><U45/><E87/><V69/><F69/><W53/><G53/><T123/><D123/><U107/><E45/><V34/><F113/><W76/><AGARI ba="0,1" hai="7,8,12,15,16,23,27,30,35,72,76,83,120,122" machi="76" ten="30,12000,2" yaku="1,1,0,1,52,1,54,1,53,2" doraHai="25" doraHaiUra="11" who="3" fromWho="3" sc="250,-60,250,-30,250,-30,240,130" /><INIT seed="1,0,0,1,3,53" ten="190,220,220,370" oya="1" hai0="33,32,4,121,92,135,132,102,34,73,98,3,113" hai1="88,106,117,2,75,76,125,37,126,14,47,10,13" hai2="35,60,1,118,111,41,69,45,86,110,105,72,44" hai3="6,0,23,22,120,74,63,93,79,115,104,11,40"/><U80/><E117/><V95/><F72/><W24/><G104/><T131/><D113/><U130/><E106/><V84/><F105/><W90/><G120/><T64/><D73/><U134/><E134/><N who="0" m="51241" /><D121/><U89/><E130/><V91/><F1/><W94/><G115/><T65/><D131/><U28/><E28/><V114/><F114/><W51/><G74/><T5/><D3/><U58/><E14/><V55/><F35/><N who="0" m="8962" /><T67/><AGARI ba="0,0" hai="4,5,64,65,67,92,98,102" m="8962,51241" machi="67" ten="50,3200,0" yaku="4,1,20,1" doraHai="53" who="0" fromWho="0" sc="190,32,220,-16,220,-8,370,-8" /><INIT seed="2,0,0,2,4,11" ten="222,204,212,362" oya="2" hai0="26,22,29,63,18,123,117,2,79,85,127,0,39" hai1="46,58,35,5,57,45,91,69,88,73,59,3,72" hai2="110,122,48,23,55,66,76,60,80,1,96,70,41" hai3="114,40,130,33,31,94,100,43,78,107,113,134,83"/><V49/><F122/><W53/><G130/><T132/><D123/><U25/><E69/><V129/><F129/><W99/><G134/><T6/><D39/><U32/><E5/><V37/><F1/><W124/><G124/><T92/><D132/><U93/><E3/><V65/><F110/><W34/><G107/><T50/><D127/><U118/><E118/><V109/><F109/><W61/><G31/><T20/><D117/><U116/><E116/><V10/><F66/><W19/><G19/><T111/><D111/><U4/><E4/><V97/><F10/><W89/><G89/><T15/><D6/><U106/><E106/><V12/><F37/><W9/><G9/><T8/><D22/><U81/><E81/><V87/><F41/><W95/><G94/><T121/><D121/><U98/><E25/><V103/><F49/><W90/><G90/><T38/><D38/><U101/><E101/><V74/><F74/><N who="3" m="43479" /><G34/><T14/><D50/><U62/><E62/><V30/><F30/><W108/><G33/><T7/><D63/><U120/><E120/><V84/><F84/><W42/><G108/><T75/><D75/><U77/><E58/><N who="2" m="33127" /><F103/><W86/><G86/><T115/><D115/><N who="3" m="44041" /><G61/><T119/><D119/><U102/><E102/><V24/><F24/><W131/><G131/><T71/><D0/><U126/><E126/><V51/><F51/><W28/><G28/><T47/><D29/><U16/><E93/><V27/><F27/><W44/><G53/><T64/><D92/><U21/><E98/><V68/><F68/><W67/><G67/><T82/><D47/><AGARI ba="0,0" hai="40,42,43,44,47,95,99,100" m="44041,43479" machi="47" ten="30,2000,0" yaku="6,1,11,1" doraHai="11" who="3" fromWho="0" sc="222,-20,204,0,212,0,362,20" /><INIT seed="3,0,0,2,3,98" ten="202,204,212,382" oya="3" hai0="37,76,131,9,45,5,88,94,46,34,133,33,127" hai1="106,54,78,86,111,49,31,69,96,103,116,4,42" hai2="126,29,66,64,19,50,101,47,22,112,62,109,52" hai3="53,105,60,83,13,73,6,21,92,102,51,91,129"/><W80/><G129/><T84/><D131/><U35/><E111/><V124/><F112/><W115/><G115/><T135/><D127/><N who="2" m="48682" /><F29/><W90/><G73/><T89/><D76/><U56/><E116/><V1/><F1/><W119/><G105/><T128/><D128/><U123/><E123/><V10/><F10/><N who="3" m="4311" /><G60/><T122/><D122/><U63/><E4/><V14/><F109/><W40/><G40/><T107/><D107/><U16/><E31/><V61/><F61/><W39/><G39/><T17/><D17/><U93/><E35/><V15/><F15/><W79/><G21/><T132/><D89/><N who="3" m="33801" /><G119/><T41/><REACH who="0" step="1"/><D46/><REACH who="0" ten="192,204,212,382" step="2"/><U65/><E106/><V57/><F66/><W99/><G79/><T74/><D74/><U0/><E78/><V2/><F2/><AGARI ba="0,1" hai="2,5,9,33,34,37,41,45,84,88,94,132,133,135" machi="2" ten="40,8000,1" yaku="1,1,20,1,54,1,53,1" doraHai="98" doraHaiUra="3" who="0" fromWho="2" sc="192,90,204,0,212,-80,382,0" /><INIT seed="4,0,0,0,0,98" ten="282,204,132,382" oya="0" hai0="101,80,74,53,133,10,107,21,45,122,88,19,75" hai1="61,25,52,72,90,91,33,125,82,58,106,81,68" hai2="77,119,42,134,59,1,103,38,50,94,102,39,126" hai3="76,85,46,121,64,97,86,79,13,104,24,41,34"/><T112/><D122/><U37/><E125/><V115/><F126/><W26/><G121/><T60/><D133/><U117/><E117/><V129/><F134/><W2/><G2/><T109/><D109/><U127/><E127/><V92/><F119/><W8/><G64/><T17/><D112/><U111/><E111/><V105/><F105/><W62/><G62/><T35/><D35/><U14/><E37/><V110/><F110/><W66/><G66/><T83/><D74/><U57/><E68/><V31/><F115/><W78/><G34/><T84/><D75/><U48/><E106/><V36/><F129/><W47/><G104/><T123/><D123/><U128/><E128/><V27/><F1/><W22/><G97/><T4/><D83/><U43/><E14/><V63/><F77/><W3/><G3/><T87/><D87/><U108/><E108/><V132/><F132/><W44/><G41/><T56/><D45/><U49/><E72/><V6/><F6/><N who="3" m="3223" /><G26/><T67/><D67/><U30/><E43/><V51/><F92/><W15/><G15/><T54/><D54/><U7/><E7/><V5/><F94/><W16/><AGARI ba="0,0" hai="16,22,24,44,46,47,76,78,79,85,86" m="3223" machi="16" ten="30,2000,0" yaku="8,1,54,1" doraHai="98" who="3" fromWho="3" sc="282,-10,204,-5,132,-5,382,20" /><INIT seed="5,0,0,4,5,39" ten="272,199,127,402" oya="1" hai0="81,104,55,31,110,106,6,97,119,53,91,126,113" hai1="69,5,2,41,114,46,133,27,24,70,20,121,130" hai2="87,109,132,134,111,77,28,18,90,108,10,74,102" hai3="66,124,52,29,103,38,135,26,7,59,129,22,120"/><U79/><E121/><V37/><F18/><W54/><G120/><T93/><D110/><U17/><E114/><V73/><F10/><W127/><G38/><T11/><D119/><U3/><E130/><V51/><F28/><W60/><G129/><T12/><D113/><U14/><E133/><N who="2" m="51307" /><F37/><W48/><G135/><T78/><D126/><N who="3" m="48169" /><G7/><T125/><D125/><U86/><E70/><V8/><F51/><W88/><G103/><T4/><D31/><U32/><E69/><V33/><F8/><W92/><G48/><T107/><REACH who="0" step="1"/><D4/><REACH who="0" ten="262,199,127,402" step="2"/><U122/><E5/><V83/><F33/><W115/><G115/><T131/><D131/><U19/><E32/><V72/><F102/><W49/><G29/><T23/><D23/><U40/><E122/><V65/><F65/><W64/><G22/><T128/><D128/><U112/><E112/><V116/><F116/><W47/><G66/><T71/><D71/><U36/><E20/><V34/><F34/><W61/><G64/><T43/><D43/><U99/><E40/><V98/><F98/><W105/><G54/><T42/><D42/><U16/><E41/><V67/><F67/><W44/><G52/><T13/><D13/><U85/><E14/><V117/><F117/><W76/><G26/><T82/><D82/><AGARI ba="0,1" hai="72,73,74,77,82,83,87,90,108,109,111" m="51307" machi="82" ten="40,5200,0" yaku="20,1,34,2" doraHai="39" who="2" fromWho="0" sc="262,-52,199,0,127,62,402,0" /><INIT seed="6,0,0,0,3,33" ten="210,199,189,402" oya="2" hai0="127,74,84,6,124,30,2,135,111,65,85,54,115" hai1="9,62,81,51,94,113,133,26,29,95,35,18,16" hai2="47,37,63,86,103,55,38,131,1,79,99,64,130" hai3="43,97,22,126,104,122,49,0,75,8,134,21,100"/><V128/><F1/><W72/><G122/><T87/><D111/><U93/><E113/><V96/><F55/><W40/><G22/><T28/><D115/><U23/><E133/><V50/><F50/><W106/><G106/><T25/><D135/><U114/><E114/><V19/><F19/><W3/><G134/><T80/><D65/><U67/><E81/><N who="2" m="47423" /><F47/><W125/><G21/><T52/><D74/><N who="3" m="28201" /><G49/><T109/><D80/><U101/><E51/><V69/><F99/><W17/><G17/><T119/><D109/><U83/><E101/><V36/><F36/><W89/><G89/><T20/><D30/><U120/><E120/><V121/><F121/><W15/><G15/><T42/><D42/><N who="3" m="15913" /><G8/><N who="0" m="2135" /><D119/><U112/><E112/><V31/><F31/><W116/><G116/><T57/><D57/><U91/><E9/><V105/><AGARI ba="0,0" hai="37,38,63,64,69,96,103,105,128,130,131" m="47423" machi="105" ten="30,1500,0" yaku="19,1" doraHai="33" who="2" fromWho="2" sc="210,-5,199,-5,189,15,402,-5" /><INIT seed="6,1,0,2,1,70" ten="205,194,204,397" oya="2" hai0="73,118,79,47,83,132,0,62,108,2,72,89,113" hai1="43,45,49,27,90,129,71,29,58,124,59,41,96" hai2="135,30,50,104,107,63,111,130,78,98,37,24,34" hai3="67,94,109,31,33,121,97,87,3,122,102,55,93"/><V114/><F114/><W116/><G116/><T75/><D108/><U110/><E110/><V117/><F117/><W13/><G3/><T65/><D118/><U42/><E124/><V21/><F111/><W14/><G109/><T74/><D113/><U103/><E129/><V22/><F130/><W95/><G67/><T15/><D132/><U7/><E71/><V57/><F37/><W127/><G127/><T134/><D134/><U53/><E7/><V48/><F135/><W92/><G87/><T4/><D89/><U77/><E90/><V81/><F104/><W61/><G13/><T85/><N who="0" m="18432" /><DORA hai="12" /><T115/><D115/><U8/><E8/><V18/><F34/><W38/><G38/><T51/><D15/><U112/><E77/><V10/><F10/><W28/><G14/><T128/><D4/><U60/><E59/><V123/><F98/><W101/><G33/><T133/><D128/><U119/><E112/><V1/><F107/><W46/><G46/><T19/><D19/><U69/><E69/><V39/><F39/><W66/><G55/><T11/><D11/><U44/><E44/><V26/><F123/><W52/><G52/><N who="0" m="29823" /><D133/><U99/><E119/><V23/><F23/><W84/><G84/><T88/><D79/><U25/><E99/><V16/><F1/><W126/><G126/><T105/><D105/><U91/><E91/><V64/><F30/><N who="3" m="11307" /><G102/><T131/><D131/><U40/><REACH who="1" step="1"/><E29/><REACH who="1" ten="205,184,204,397" step="2"/><V56/><F56/><W86/><G97/><T20/><D20/><U76/><E76/><V54/><F64/><W106/><G66/><T6/><D6/><RYUUKYOKU ba="1,1" sc="205,10,184,10,204,10,397,-30" hai0="0,2,62,65,83,85,88" hai1="25,27,40,41,42,43,45,49,53,58,60,96,103" hai2="16,18,21,22,24,26,48,50,54,57,63,78,81" /><INIT seed="6,2,1,2,0,55" ten="215,194,214,367" oya="2" hai0="94,82,112,132,68,65,91,103,79,16,17,64,44" hai1="86,10,101,133,60,3,96,102,100,36,49,6,1" hai2="116,34,88,48,18,118,89,76,12,113,115,104,74" hai3="106,45,63,37,15,121,73,38,40,81,57,120,43"/><V83/><F34/><W26/><G106/><T130/><D112/><N who="2" m="43082" /><F48/><W23/><G15/><T123/><D123/><U54/><E36/><V134/><F134/><W66/><G43/><T98/><D132/><U70/><E133/><V90/><F104/><W14/><G14/><T119/><D130/><U126/><E126/><V92/><F18/><N who="0" m="7274" /><D119/><N who="2" m="45610" /><F12/><W108/><G38/><T95/><D68/><U35/><E35/><V117/><N who="2" m="45618" /><V42/><DORA hai="122" /><F42/><W19/><G120/><T27/><D27/><U5/><E60/><V32/><F32/><W69/><G121/><T46/><D82/><U58/><E70/><V61/><F61/><W84/><G69/><T128/><D79/><U41/><E41/><V127/><F127/><W29/><G19/><T21/><D21/><U111/><E5/><V87/><AGARI ba="2,1" hai="74,76,83,87,88,89,90,92" m="45618,43082" machi="87" ten="50,12000,1" yaku="15,1,34,2,54,1" doraHai="55,122" who="2" fromWho="2" sc="215,-42,194,-42,214,136,367,-42" /><INIT seed="6,3,0,4,1,0" ten="173,152,350,325" oya="2" hai0="73,48,38,108,80,98,87,17,110,6,124,58,15" hai1="18,91,128,132,63,28,122,127,47,50,40,94,64" hai2="92,115,112,2,37,32,79,1,53,57,113,68,49" hai3="83,81,72,35,3,121,134,70,56,135,114,71,51"/><V123/><F123/><W102/><G3/><N who="2" m="1033" /><F32/><W67/><G35/><T104/><D73/><U62/><E128/><V97/><F68/><W88/><G121/><T12/><D38/><U43/><E127/><V118/><F118/><W10/><G10/><N who="0" m="4183" /><D104/><U21/><E132/><N who="3" m="50730" /><G72/><T103/><D124/><U7/><E122/><V76/><F37/><W100/><G83/><T46/><D110/><U24/><E40/><V93/><F93/><W61/><G114/><T96/><D58/><U39/><E39/><V23/><F23/><W16/><G16/><T22/><D103/><AGARI ba="3,0" hai="49,53,57,76,79,92,97,103,112,113,115" m="1033" machi="103" ten="40,2000,0" yaku="15,1" doraHai="0" who="2" fromWho="0" sc="173,-29,152,0,350,29,325,0" /><INIT seed="6,4,0,2,2,62" ten="144,152,379,325" oya="2" hai0="5,110,70,63,108,93,80,40,103,41,1,127,119" hai1="78,37,82,23,88,81,24,113,116,47,21,45,75" hai2="130,6,12,100,53,118,18,102,50,67,69,132,91" hai3="111,16,104,97,94,101,25,125,2,9,87,54,95"/><V31/><F130/><W121/><G111/><N who="0" m="42539" /><D93/><U60/><E113/><V68/><F68/><W96/><G121/><T59/><D80/><U66/><E116/><V92/><F31/><W10/><G125/><T122/><D103/><U58/><E37/><V49/><F49/><W83/><G2/><T65/><D5/><U48/><E48/><V7/><F100/><N who="3" m="60439" /><G104/><T133/><D1/><U44/><REACH who="1" step="1"/><E24/><REACH who="1" ten="144,142,379,325" step="2"/><V15/><F50/><W106/><G25/><T135/><D119/><U89/><E89/><V20/><F91/><W120/><G101/><T112/><D112/><U57/><E57/><V42/><F102/><W79/><G106/><T56/><D122/><U13/><E13/><V8/><F12/><W114/><G120/><T52/><D127/><U129/><E129/><V84/><F15/><W29/><G114/><T73/><D73/><U43/><E43/><N who="0" m="16457" /><D59/><U46/><N who="1" m="11264" /><DORA hai="61" /><U3/><E3/><V105/><F118/><W27/><G27/><T117/><D117/><U64/><E64/><V55/><F67/><W71/><G71/><T51/><AGARI ba="4,1" hai="51,52,56,63,65,70,133,135" m="16457,42539" machi="51" ten="30,8000,1" yaku="34,2,52,2,54,1" doraHai="62,61" who="0" fromWho="0" sc="144,102,142,-24,379,-44,325,-24" /><INIT seed="7,0,0,0,2,102" ten="246,118,335,301" oya="3" hai0="32,31,29,71,43,120,75,135,83,67,49,118,1" hai1="122,38,99,100,108,13,8,48,14,33,66,96,112" hai2="5,6,91,7,24,119,45,77,19,76,74,92,12" hai3="57,125,78,87,65,11,89,84,55,53,72,20,10"/><W40/><G125/><T134/><D118/><U106/><E108/><V17/><F119/><W36/><G36/><T28/><D120/><U52/><E122/><V124/><F74/><W107/><G107/><T114/><D1/><U95/><E112/><V88/><F91/><W70/><G72/><T97/><D114/><U15/><E33/><V50/><F24/><W23/><G70/><T126/><D126/><U130/><E130/><V68/><F68/><W123/><G123/><T47/><D32/><U113/><E38/><V25/><F25/><W109/><G40/><T4/><D4/><U131/><E131/><V37/><F37/><W115/><G115/><T128/><D128/><U90/><E66/><V27/><F27/><W110/><G78/><N who="2" m="30313" /><F12/><W104/><G104/><T2/><D2/><U21/><E21/><N who="3" m="8266" /><G65/><T35/><D35/><U30/><E30/><V116/><F116/><W44/><G44/><T46/><D46/><U132/><E132/><V34/><F34/><W121/><G121/><T127/><D127/><U59/><REACH who="1" step="1"/><E113/><REACH who="1" ten="246,108,335,301" step="2"/><V41/><F124/><W105/><G109/><T3/><D135/><U60/><E60/><V62/><F62/><N who="3" m="36143" /><G110/><T64/><D134/><U93/><E93/><V80/><F80/><N who="3" m="49287" /><G105/><T111/><D111/><U133/><E133/><V82/><F82/><W51/><G87/><AGARI ba="0,1" hai="5,6,7,17,19,41,45,50,87,88,92" m="30313" machi="87" ten="30,2000,0" yaku="8,1,54,1" doraHai="102" who="2" fromWho="3" sc="246,0,108,0,335,30,301,-20" owari="246,-15.4,108,-39.2,365,46.5,281,8.1" /></mjloggm>