<mjloggm ver="2.3"><GO type="169" lobby="0"/><UN n0="%74%6F%72%69%30%36%31%32" n1="%E6%AE%8B%E9%85%B7%E3%81%AA%E5%A4%A9%E4%BD%BF%E3%83%8F%E3%83%9E%E3%83%BC" n2="%E3%81%9B%E3%81%A9%E3%81%AA%E3%82%8A%E3%81%82%E3%82%93" n3="%E3%83%8E%E3%82%AA%E3%83%81%E3%83%A3%E3%83%99%E3%82%B9" dan="16,16,17,16" rate="2147.24,2123.93,2151.50,2165.19" sx="M,M,M,M"/><TAIKYOKU oya="0"/><INIT seed="0,0,0,5,1,69" ten="250,250,250,250" oya="0" hai0="95,62,113,52,36,98,104,11,88,42,13,114,87" hai1="77,64,35,14,25,50,90,86,115,51,5,78,112" hai2="93,100,74,18,125,116,128,29,79,82,91,49,111" hai3="7,106,15,43,39,20,68,12,126,102,37,33,45"/><T84/><D104/><U2/><E2/><V85/><F29/><W38/><G33/><T75/><D75/><U131/><E64/><V47/><F111/><W117/><G117/><T134/><D134/><U26/><E131/><V59/><F128/><W101/><G68/><T130/><D130/><U108/><E108/><V28/><F125/><W56/><G126/><T9/><D9/><U110/><E110/><V34/><F116/><W121/><G121/><T54/><D114/><U41/><E5/><V21/><F100/><W61/><G7/><T133/><D113/><U80/><E14/><V53/><F34/><W99/><G102/><T67/><D36/><U107/><E107/><V89/><F91/><W4/><G15/><T58/><D42/><U97/><E97/><V94/><F28/><W23/><G23/><T127/><D133/><U57/><E35/><V96/><F47/><W71/><G71/><T65/><D65/><U6/><E6/><V40/><F40/><W8/><G20/><T27/><D27/><U10/><E10/><V46/><F46/><W55/><AGARI ba="0,0" hai="4,8,12,37,38,39,43,45,55,56,61,99,101,106" machi="55" ten="20,8000,1" yaku="0,1,7,1,52,3" doraHai="69" who="3" fromWho="3" sc="250,-40,250,-20,250,-20,250,80" /><INIT seed="1,0,0,1,2,61" ten="210,230,230,330" oya="1" hai0="24,60,74,41,73,113,92,72,1,64,20,16,56" hai1="6,7,25,121,42,63,96,51,114,126,31,36,76" hai2="128,14,30,118,28,70,44,18,79,87,86,125,46" hai3="9,4,23,47,105,135,93,119,67,65,75,90,122"/><U27/><E114/><V132/><F118/><W78/><G105/><T123/><D113/><U54/><E121/><V71/><F132/><W5/><G122/><T49/><D1/><U103/><E126/><V91/><F125/><W97/><G135/><T130/><D123/><U58/><E36/><V38/><F128/><W124/><G124/><T43/><D130/><U120/><E76/><V112/><F112/><W115/><G115/><T13/><D49/><U110/><E110/><V26/><F38/><W80/><G119/><T129/><D129/><U94/><E120/><V62/><F71/><W83/><G5/><N who="1" m="1546" /><E31/><V37/><F79/><W117/><G117/><T69/><D69/><U81/><E81/><V88/><F37/><W77/><G23/><T89/><REACH who="0" step="1"/><D13/><REACH who="0" ten="200,230,230,330" step="2"/><U48/><E48/><V40/><F70/><W15/><REACH who="3" step="1"/><G47/><AGARI ba="0,1" hai="25,27,42,47,51,54,58,63,94,96,103" m="1546" machi="47" ten="30,1500,0" yaku="8,1" doraHai="61" who="1" fromWho="3" sc="200,0,230,25,230,0,330,-15" /><INIT seed="1,1,0,3,3,45" ten="200,255,230,315" oya="1" hai0="100,125,25,49,22,119,126,76,7,121,63,14,87" hai1="115,56,20,36,114,86,51,35,9,118,69,11,89" hai2="24,21,59,91,106,101,42,26,10,117,96,94,98" hai3="104,60,77,128,132,38,57,97,71,111,17,113,74"/><U5/><E118/><V72/><F117/><W107/><G38/><T2/><D2/><U129/><E35/><V108/><F108/><W62/><G71/><T12/><D100/><U66/><E36/><V123/><F123/><W90/><G113/><T29/><D121/><U40/><E129/><V78/><F42/><W61/><G111/><T8/><D119/><U32/><E32/><V58/><F24/><W67/><G128/><T80/><D14/><U50/><E69/><V130/><F130/><W19/><G132/><T93/><D93/><U27/><E40/><V135/><F135/><W84/><G77/><T110/><D63/><N who="1" m="38247" /><E115/><V13/><F78/><W99/><G74/><T95/><D95/><N who="1" m="54711" /><E114/><V47/><F47/><W18/><G107/><T0/><D110/><U46/><E46/><V37/><F72/><W92/><G104/><T65/><D65/><U53/><E53/><V131/><F37/><W6/><G6/><T79/><D79/><U122/><E122/><V30/><REACH who="2" step="1"/><F131/><REACH who="2" ten="200,255,220,315" step="2"/><W3/><G3/><T124/><D0/><U43/><E43/><V33/><F33/><W23/><G23/><T120/><D120/><U55/><E11/><V44/><F44/><W127/><G127/><T28/><D126/><U85/><E9/><V52/><F52/><W88/><G99/><T31/><D125/><U15/><E55/><V75/><F75/><W109/><G109/><T34/><D124/><U16/><E85/><V103/><F103/><W64/><G64/><T4/><D34/><U83/><E83/><AGARI ba="1,1" hai="17,18,19,57,60,61,62,67,83,84,88,90,92,97" machi="83" ten="40,2600,0" yaku="8,1,54,1" doraHai="45" who="3" fromWho="1" sc="200,0,255,-29,220,0,315,39" /><INIT seed="2,0,0,0,4,4" ten="200,226,220,354" oya="2" hai0="133,128,126,56,105,101,99,64,134,6,86,9,32" hai1="60,43,57,125,14,95,47,106,103,93,98,69,15" hai2="39,76,84,1,77,27,82,80,92,11,97,71,7" hai3="65,19,16,73,52,67,23,10,36,49,29,110,74"/><V91/><F71/><W123/><G36/><T75/><D75/><U100/><E125/><V89/><F39/><W107/><G107/><T117/><D32/><U61/><E69/><V90/><REACH who="2" step="1"/><F27/><REACH who="2" ten="200,226,210,354" step="2"/><N who="3" m="16639" /><G123/><T78/><D126/><U8/><E61/><V113/><F113/><W118/><G118/><T112/><D117/><U63/><E63/><V0/><F0/><W25/><G74/><AGARI ba="0,1" hai="1,7,11,74,76,77,80,82,84,89,90,91,92,97" machi="74" ten="30,5800,0" yaku="1,1,7,1,52,1,53,0" doraHai="4" doraHaiUra="114" who="2" fromWho="3" sc="200,0,226,0,210,68,354,-58" /><INIT seed="2,1,0,5,3,60" ten="200,226,278,296" oya="2" hai0="109,71,95,46,23,76,86,7,44,132,80,102,104" hai1="43,2,134,84,70,59,47,32,13,93,128,112,122" hai2="6,22,10,55,94,133,68,15,62,12,85,34,49" hai3="105,88,16,3,50,69,35,101,99,115,91,119,81"/><V92/><F34/><W100/><G119/><T96/><D109/><U41/><E112/><V48/><F133/><W131/><G3/><T52/><D132/><U57/><E2/><V37/><F37/><W87/><G35/><T117/><D7/><U5/><E134/><V129/><F129/><W123/><G123/><T106/><D71/><U125/><E128/><V90/><F94/><W108/><G131/><T11/><D11/><U110/><E32/><V9/><F22/><W63/><G108/><T107/><D117/><U97/><E70/><V89/><F90/><W78/><G115/><T77/><D77/><U127/><E43/><V31/><F31/><W42/><G101/><T29/><REACH who="0" step="1"/><D52/><REACH who="0" ten="190,226,278,296" step="2"/><U54/><E54/><V19/><F68/><W65/><G42/><T82/><D82/><U114/><E41/><V17/><F6/><W66/><G50/><T113/><D113/><U83/><E5/><V28/><F28/><W111/><G111/><T51/><D51/><U24/><E114/><V74/><F74/><W8/><REACH who="3" step="1"/><G66/><REACH who="3" ten="190,226,278,286" step="2"/><T33/><D33/><U79/><E110/><V72/><F72/><W58/><G58/><AGARI ba="1,2" hai="9,10,12,15,17,19,48,49,55,58,62,85,89,92" machi="58" ten="40,3900,0" yaku="9,1,8,1" doraHai="60" who="2" fromWho="3" sc="190,0,226,0,278,62,286,-42" /><INIT seed="2,2,0,5,0,133" ten="190,226,340,244" oya="2" hai0="26,4,28,69,43,89,127,45,116,97,109,34,124" hai1="128,120,2,23,16,63,14,60,13,76,105,73,19" hai2="78,92,44,87,66,46,98,84,32,68,33,36,37" hai3="29,51,104,39,70,134,20,54,79,126,95,21,18"/><V8/><F68/><W11/><G104/><T1/><D109/><U93/><E2/><V41/><F66/><W55/><G39/><N who="0" m="21759" /><D89/><U99/><E128/><V123/><F123/><W108/><G70/><T42/><D97/><U101/><E120/><V74/><F74/><W12/><G134/><T65/><D42/><U10/><REACH who="1" step="1"/><E93/><REACH who="1" ten="190,216,340,244" step="2"/><V96/><F92/><W110/><G95/><T130/><D130/><U91/><E91/><V27/><F78/><W103/><G79/><T5/><D116/><U75/><E75/><V94/><F94/><W17/><G103/><T117/><D117/><U35/><E35/><V59/><F32/><W49/><G110/><T0/><D5/><U71/><E71/><V38/><F33/><W131/><G108/><T86/><D86/><U31/><E31/><V47/><F84/><W121/><G131/><T61/><D4/><U81/><AGARI ba="2,1" hai="10,13,14,16,19,23,60,63,73,76,81,99,101,105" machi="81" ten="30,4000,0" yaku="1,1,0,1,54,1,53,0" doraHai="133" doraHaiUra="112" who="1" fromWho="1" sc="190,-12,216,56,340,-22,244,-12" /><INIT seed="3,0,0,2,2,19" ten="178,272,318,232" oya="3" hai0="47,60,116,62,54,37,63,30,81,43,70,132,115" hai1="68,61,2,15,89,17,55,134,33,3,75,20,56" hai2="90,27,42,124,12,66,100,23,46,72,6,4,29" hai3="126,65,53,71,133,118,91,99,85,34,131,121,36"/><W49/><G36/><T83/><D116/><U78/><E134/><V25/><F72/><W58/><G34/><T130/><D132/><U92/><E33/><V114/><F114/><W82/><G133/><T31/><D70/><U18/><E75/><V0/><F0/><W59/><G71/><T7/><D7/><U84/><E78/><V96/><F66/><W44/><G118/><T112/><D54/><U73/><E73/><V5/><F90/><W80/><G121/><T87/><D83/><U79/><E79/><V101/><F124/><W41/><G131/><T10/><D10/><U50/><REACH who="1" step="1"/><E18/><REACH who="1" ten="178,262,318,232" step="2"/><V11/><F29/><W108/><G126/><T26/><D130/><U97/><E97/><V1/><F96/><W48/><G108/><T8/><D31/><U107/><E107/><V127/><F127/><W77/><G99/><T102/><D115/><U32/><E32/><V135/><F135/><W52/><G65/><AGARI ba="0,1" hai="2,3,15,17,20,50,55,56,61,65,68,84,89,92" machi="65" ten="40,8000,1" yaku="1,1,25,2,52,1,53,0" doraHai="19" doraHaiUra="93" who="1" fromWho="3" sc="178,0,262,90,318,0,232,-80" /><INIT seed="4,0,0,2,4,57" ten="178,352,318,152" oya="0" hai0="117,31,119,52,86,123,26,47,46,50,58,112,41" hai1="43,64,114,125,88,101,116,4,60,85,16,69,51" hai2="18,59,98,90,80,105,100,7,84,129,135,3,0" hai3="104,25,15,44,111,67,40,91,28,48,23,131,24"/><T79/><D123/><U130/><E116/><V87/><F129/><W127/><G104/><T81/><D112/><U9/><E130/><V120/><F135/><W73/><G131/><T68/><D68/><U70/><E114/><V115/><F120/><W106/><G106/><T96/><D96/><U103/><E125/><V12/><F7/><W8/><G73/><T22/><REACH who="0" step="1"/><D46/><REACH who="0" ten="168,352,318,152" step="2"/><U132/><E70/><V30/><F115/><W107/><G127/><T113/><D113/><U65/><E69/><V126/><F126/><W77/><G107/><T83/><D83/><U20/><E132/><V35/><F59/><W92/><G111/><T61/><AGARI ba="0,1" hai="22,26,31,41,47,50,52,58,61,79,81,86,117,119" machi="61" ten="20,18000,2" yaku="1,1,0,1,7,1,52,1,54,1,53,1" doraHai="57" doraHaiUra="75" who="0" fromWho="0" sc="168,190,352,-60,318,-60,152,-60" /><INIT seed="4,1,0,4,4,126" ten="358,292,258,92" oya="0" hai0="27,83,5,129,130,45,52,124,107,34,109,98,11" hai1="2,102,92,23,33,36,37,15,55,78,94,58,28" hai2="43,88,30,47,26,134,13,103,85,35,71,112,86" hai3="31,125,61,64,40,104,57,1,38,68,51,73,42"/><T90/><D124/><U80/><E2/><V12/><F71/><W121/><G125/><T3/><D109/><U9/><E33/><V95/><F112/><W24/><G121/><T97/><D90/><U54/><E54/><V128/><F134/><W131/><G1/><T77/><D45/><U19/><E37/><V110/><F110/><W22/><G73/><N who="0" m="43439" /><D52/><U39/><E39/><V20/><F35/><W7/><G7/><T59/><D59/><U96/><E36/><V41/><F128/><N who="0" m="49258" /><D107/><U29/><E55/><V133/><F133/><W113/><G131/><T132/><D132/><U62/><E58/><V105/><F105/><W49/><G104/><T56/><D56/><U135/><E135/><V65/><F65/><W84/><G113/><T93/><D93/><U8/><E94/><N who="2" m="54543" /><F47/><W18/><G38/><T17/><D17/><U87/><E62/><V66/><F66/><W46/><G68/><T16/><D16/><U82/><E82/><V117/><F43/><W116/><G42/><T67/><D67/><U114/><E114/><V53/><F53/><W74/><G74/><T44/><D44/><U99/><E80/><V32/><F95/><W119/><G51/><T100/><D100/><U115/><E102/><V10/><F103/><W111/><G111/><T25/><D34/><U0/><E92/><V21/><F32/><W120/><G120/><T63/><D63/><U50/><E115/><V6/><F41/><W79/><G18/><T69/><D69/><U118/><E19/><N who="2" m="10343" /><F86/><W91/><G91/><T48/><D48/><U14/><E87/><V101/><F101/><RYUUKYOKU ba="1,0" sc="358,10,292,-30,258,10,92,10" hai0="3,5,11,25,27,97,98" hai2="6,10,13,21,26,30,117" hai3="22,24,31,40,46,49,57,61,64,79,84,116,119" /><INIT seed="4,2,0,2,2,12" ten="368,262,268,102" oya="0" hai0="11,19,121,59,86,111,101,13,69,117,35,55,75" hai1="22,56,57,24,105,72,23,34,76,39,41,9,67" hai2="53,73,94,106,63,116,87,8,122,120,88,119,113" hai3="1,28,64,16,66,21,108,31,78,134,132,85,47"/><T104/><D75/><U29/><E105/><V44/><F106/><W38/><G1/><T84/><D69/><U37/><E9/><V128/><F73/><W10/><G10/><T79/><D121/><U114/><E72/><V77/><F77/><W83/><G108/><T4/><D117/><N who="2" m="45130" /><F113/><W107/><G107/><T25/><D111/><U0/><E0/><V30/><F128/><W92/><G92/><T71/><D71/><U6/><E6/><V126/><F126/><W46/><G31/><T60/><D79/><U36/><E76/><V40/><F30/><W14/><G28/><T33/><D25/><U125/><E125/><V80/><F94/><W54/><G54/><T45/><D4/><U49/><E114/><V27/><F27/><W109/><G109/><T65/><D35/><U81/><E81/><V50/><F8/><W102/><G102/><T118/><D33/><U68/><E34/><V123/><F63/><W100/><G100/><T62/><D62/><U70/><E24/><V124/><F124/><W5/><G5/><T99/><D118/><U110/><E110/><V130/><F130/><W43/><REACH who="3" step="1"/><G46/><REACH who="3" ten="368,262,268,92" step="2"/><T74/><D45/><U112/><E29/><V26/><F53/><W2/><G2/><T98/><D55/><U61/><E112/><V51/><F44/><W115/><G115/><T135/><D101/><U89/><E22/><V127/><F127/><W48/><G48/><N who="2" m="18473" /><F40/><W103/><G103/><T90/><D104/><U129/><E41/><V15/><F123/><W18/><G18/><T96/><D11/><U7/><E129/><V58/><F122/><RYUUKYOKU ba="2,1" sc="368,-10,262,-10,268,-10,92,30" hai3="14,16,21,38,43,47,64,66,78,83,85,132,134" /><INIT seed="5,3,1,2,1,62" ten="358,252,258,122" oya="1" hai0="53,81,73,78,72,92,54,32,123,61,124,133,93" hai1="26,15,7,22,135,87,8,108,65,74,126,30,4" hai2="27,134,102,109,117,58,107,121,104,35,23,90,112" hai3="11,66,113,50,42,57,129,100,5,88,9,97,67"/><U47/><E135/><V52/><F109/><W111/><G111/><T89/><D32/><U48/><E108/><V51/><F117/><W38/><G38/><T68/><D124/><U40/><E126/><V14/><F121/><W46/><G113/><T19/><D73/><U2/><E74/><V103/><F134/><W60/><G129/><T0/><D0/><U16/><E65/><V98/><F35/><W25/><G100/><T125/><D93/><U3/><E3/><V120/><F120/><W34/><G67/><T44/><D123/><U105/><E105/><V21/><F112/><W28/><REACH who="3" step="1"/><G5/><REACH who="3" ten="358,252,258,112" step="2"/><T85/><D133/><U119/><E119/><V29/><F103/><W96/><G96/><T24/><D125/><U131/><E131/><V101/><F104/><W83/><G83/><T76/><D81/><U56/><E2/><V45/><F102/><W128/><G128/><T69/><D92/><AGARI ba="3,2" hai="9,11,25,28,34,42,46,50,57,60,66,88,92,97" machi="92" ten="40,8000,1" yaku="1,1,52,1,54,1,53,1" doraHai="62" doraHaiUra="39" who="3" fromWho="0" sc="358,-89,252,0,258,0,112,109" /><INIT seed="6,0,0,2,4,15" ten="269,252,258,221" oya="2" hai0="9,133,106,111,97,7,92,99,118,46,49,130,65" hai1="129,120,126,47,20,8,24,102,88,100,40,128,127" hai2="115,38,50,51,1,43,86,36,54,61,104,23,37" hai3="26,103,57,4,22,11,30,131,19,14,121,45,122"/><V60/><F104/><W64/><G131/><N who="1" m="50250" /><E8/><V67/><F1/><W13/><G103/><N who="1" m="39466" /><E120/><V79/><F23/><W21/><G45/><T81/><D106/><U48/><E88/><V94/><F86/><W42/><G42/><T3/><D81/><U93/><E93/><V62/><F79/><W28/><G64/><T66/><D111/><U75/><E75/><V98/><F98/><W55/><REACH who="3" step="1"/><G30/><AGARI ba="0,0" hai="20,24,30,40,47,48,126,127" m="39466,50250" machi="30" ten="30,1000,0" yaku="19,1" doraHai="15" who="1" fromWho="3" sc="269,0,252,10,258,0,221,-10" /><INIT seed="7,0,0,2,2,12" ten="269,262,258,211" oya="3" hai0="36,98,30,46,127,52,45,41,58,106,75,16,78" hai1="28,10,113,83,69,62,118,11,126,61,76,18,122" hai2="90,129,35,96,34,67,66,56,2,108,131,64,120" hai3="88,121,99,102,63,25,21,24,81,3,15,71,26"/><W132/><G3/><T42/><D30/><U65/><E122/><V6/><F108/><W20/><G121/><T49/><D127/><U135/><E126/><V50/><F120/><W70/><G132/><T82/><D16/><U104/><E113/><V87/><F96/><W54/><G71/><T8/><D8/><U0/><E104/><V27/><F6/><W22/><G70/><T93/><D106/><U44/><E135/><V133/><F2/><W91/><G81/><T84/><D75/><U119/><E28/><V130/><F133/><W48/><G63/><T116/><D116/><U39/><E62/><V23/><F56/><W55/><G15/><T95/><REACH who="0" step="1"/><D98/><REACH who="0" ten="259,262,258,211" step="2"/><U128/><E11/><V85/><F85/><W79/><G79/><T38/><AGARI ba="0,1" hai="36,38,41,42,45,46,49,52,58,78,82,84,93,95" machi="38" ten="20,16000,3" yaku="1,1,2,1,0,1,7,1,9,1,54,1,53,2" doraHai="12" doraHaiUra="68" who="0" fromWho="0" sc="259,170,262,-40,258,-40,211,-80" owari="429,52.9,222,2.2,218,-18.2,131,-36.9" /></mjloggm>