<mjloggm ver="2.3"><GO type="169" lobby="0"/><UN n0="%E7%AD%89%E3%80%85%E5%8A%9B%E5%8A%87%E5%A0%B4" n1="%E5%A5%94%E4%BB%94" n2="%E7%A9%B4%E7%8C%AB" n3="%4E%55%44%41" dan="16,17,16,17" rate="2166.57,2225.89,2101.20,2195.14" sx="M,M,M,M"/><TAIKYOKU oya="0"/><INIT seed="0,0,0,2,1,109" ten="250,250,250,250" oya="0" hai0="91,16,71,39,84,67,125,116,56,6,43,0,49" hai1="79,12,112,134,89,37,38,47,82,4,114,36,10" hai2="58,95,81,46,127,40,55,9,29,135,74,53,85" hai3="131,42,27,133,51,50,119,129,123,104,107,88,96"/><T86/><D116/><U102/><E102/><V97/><F74/><W110/><G119/><T14/><D71/><U1/><E134/><V100/><F135/><W24/><G133/><T41/><D39/><U76/><E47/><V15/><F127/><W7/><G7/><T2/><D125/><U132/><E132/><V106/><F106/><W34/><G110/><T70/><D70/><U122/><E122/><V30/><F53/><W57/><G123/><T68/><D68/><U64/><E64/><V113/><F113/><N who="1" m="43625" /><E1/><V101/><F101/><W99/><G42/><T117/><D117/><U65/><E65/><V21/><F21/><W32/><G57/><T118/><D118/><U61/><E61/><N who="2" m="36063" /><F46/><W20/><G20/><T90/><D0/><U28/><E28/><V121/><F40/><W128/><G128/><T69/><D43/><U98/><E82/><V111/><F111/><W44/><G44/><T66/><D69/><U126/><E126/><V83/><F121/><W120/><G120/><T60/><D67/><U5/><E4/><N who="2" m="3495" /><F83/><W103/><G103/><T130/><D2/><U26/><E26/><V73/><F73/><W72/><G72/><T124/><D124/><U63/><E63/><V19/><F19/><W33/><G33/><T22/><D6/><U80/><E80/><V35/><F35/><W77/><REACH who="3" step="1"/><G77/><AGARI ba="0,0" hai="29,30,77,81,85,95,97,100" m="3495,36063" machi="77" ten="30,1000,0" yaku="8,1" doraHai="109" who="2" fromWho="3" sc="250,0,250,0,250,10,250,-10" /><INIT seed="1,0,0,4,2,110" ten="250,250,260,240" oya="1" hai0="63,69,82,102,11,93,38,78,39,75,64,84,27" hai1="41,103,89,54,104,108,28,112,100,3,51,90,130" hai2="74,2,118,23,66,124,31,80,113,36,0,29,57" hai3="1,76,129,16,32,30,97,59,43,50,86,4,85"/><U72/><E3/><V121/><F36/><W117/><G129/><T81/><D11/><U22/><E72/><V105/><F57/><W91/><G117/><T73/><D73/><U111/><E41/><V44/><F44/><W115/><G115/><T135/><D135/><U109/><E130/><V120/><F66/><W21/><G30/><N who="2" m="11273" /><F80/><W95/><G32/><T53/><D27/><N who="1" m="16503" /><E112/><V24/><F105/><W122/><G122/><N who="2" m="47209" /><F74/><W94/><G76/><T7/><D78/><U98/><E103/><V10/><F118/><W131/><G131/><T127/><D102/><U67/><E67/><V92/><F92/><W37/><G37/><T12/><D93/><U61/><E61/><V128/><F128/><W77/><G77/><T79/><D82/><U13/><E13/><V126/><F113/><W99/><G1/><N who="2" m="617" /><F10/><W65/><G4/><T132/><D7/><U96/><E98/><V45/><F45/><AGARI ba="0,0" hai="45,51,54,89,90,96,100,104,108,109,111" m="16503" machi="45" ten="30,2900,0" yaku="14,1,10,1" doraHai="110" who="1" fromWho="2" sc="250,0,250,29,260,-29,240,0" /><INIT seed="1,1,0,2,0,87" ten="250,279,231,240" oya="1" hai0="110,13,47,50,61,64,39,22,125,17,4,37,124" hai1="79,120,43,71,78,104,119,3,89,46,30,85,16" hai2="33,57,70,102,88,60,97,117,132,93,99,98,18" hai3="129,108,94,69,2,116,83,127,28,90,56,63,122"/><U15/><E120/><V32/><F117/><W21/><G122/><T123/><D123/><U73/><E119/><V34/><F132/><W1/><G116/><T29/><D29/><U0/><E71/><V68/><F18/><W49/><G69/><T41/><D4/><U38/><E104/><V48/><F48/><W14/><G108/><T109/><D39/><U106/><E106/><V115/><F115/><W75/><G127/><N who="0" m="48715" /><D37/><U91/><E30/><V23/><F23/><W96/><G129/><T81/><D81/><U103/><E103/><V121/><F121/><W24/><G49/><T114/><D114/><U31/><E31/><V118/><F118/><W52/><REACH who="3" step="1"/><G14/><REACH who="3" ten="250,279,231,230" step="2"/><T19/><D13/><U133/><E133/><V95/><REACH who="2" step="1"/><F98/><REACH who="2" ten="250,279,221,230" step="2"/><W20/><G20/><T25/><D22/><U54/><E38/><V113/><F113/><W112/><G112/><T59/><D50/><U62/><E0/><V58/><F58/><W6/><G6/><T84/><D59/><U51/><E3/><V26/><F26/><W9/><G9/><T55/><D25/><U101/><E51/><V134/><F134/><W53/><G53/><AGARI ba="1,2" hai="32,33,34,53,57,60,68,70,88,93,95,97,99,102" machi="53" ten="40,5200,0" yaku="1,1,52,1,54,1,53,0" doraHai="87" doraHaiUra="10" who="2" fromWho="3" sc="250,0,279,0,221,75,230,-55" /><INIT seed="2,0,0,4,4,132" ten="250,279,296,175" oya="2" hai0="39,129,59,120,29,9,31,63,10,94,34,19,78" hai1="112,119,18,116,27,69,47,58,96,114,123,45,24" hai2="81,66,15,50,48,68,127,17,130,8,126,25,118" hai3="30,106,37,79,73,53,88,11,107,113,32,70,128"/><V0/><F118/><W1/><G70/><T124/><D120/><U91/><E69/><V38/><F38/><W104/><G37/><T28/><D39/><U76/><E76/><V21/><F0/><W89/><G128/><T125/><D129/><U65/><E96/><V92/><F130/><W135/><G135/><T110/><D110/><U61/><E91/><V14/><F14/><W101/><G101/><T13/><D34/><U105/><E105/><V64/><F92/><W5/><G113/><T41/><D41/><U97/><E97/><V20/><F81/><W35/><G53/><T84/><D10/><U111/><E18/><V22/><F25/><W52/><G52/><T133/><D133/><U99/><E99/><V75/><F75/><W74/><G79/><T98/><D84/><U2/><E2/><V44/><F68/><W134/><G134/><T16/><D19/><U80/><E80/><V56/><F56/><W54/><G54/><T82/><D82/><U121/><E24/><V93/><F93/><W102/><G102/><T60/><D78/><U4/><E27/><V43/><REACH who="2" step="1"/><F48/><REACH who="2" ten="250,279,286,175" step="2"/><W62/><G62/><T115/><D115/><U90/><E61/><V42/><F42/><W51/><G51/><T33/><D63/><U83/><E112/><V103/><F103/><W55/><G55/><T122/><D60/><U26/><E114/><V108/><F108/><W131/><G131/><T7/><D59/><U72/><E111/><V86/><F86/><W109/><G109/><T87/><D87/><U71/><E71/><V100/><F100/><W23/><G73/><RYUUKYOKU ba="0,1" sc="250,-10,279,-10,286,30,175,-10" hai2="8,15,17,20,21,22,43,44,50,64,66,126,127" /><INIT seed="2,1,1,4,2,93" ten="240,269,316,165" oya="2" hai0="2,58,26,31,68,110,102,120,116,52,99,92,18" hai1="106,91,81,103,27,61,73,119,43,75,57,24,89" hai2="16,117,132,46,8,21,128,47,4,29,86,123,105" hai3="23,118,20,127,25,83,13,122,64,130,100,45,32"/><V94/><F117/><W36/><G118/><T111/><D116/><U69/><E119/><RYUUKYOKU type="kaze4" ba="1,1" sc="240,0,269,0,316,0,165,0" /><INIT seed="2,2,1,0,4,60" ten="240,269,316,165" oya="2" hai0="32,30,88,78,71,128,118,121,74,44,56,19,4" hai1="0,43,17,108,95,86,105,52,29,47,73,48,109" hai2="66,36,132,24,9,83,5,58,55,80,99,113,90" hai3="42,31,59,93,1,117,62,8,96,13,25,89,76"/><V28/><F113/><W34/><G117/><T72/><D71/><U61/><E105/><V133/><F36/><W101/><G76/><T57/><D121/><U91/><E73/><V45/><F45/><W112/><G112/><T54/><D128/><U116/><E116/><V18/><F18/><W115/><G115/><T27/><D118/><U97/><E0/><V122/><F122/><W22/><G42/><T127/><D127/><U81/><E29/><V75/><F75/><W67/><G1/><T14/><D4/><U77/><E17/><V119/><F119/><W51/><G51/><T130/><D130/><U92/><E95/><N who="2" m="56823" /><F66/><W26/><G26/><T102/><D102/><U100/><E100/><V35/><F58/><W46/><G46/><T10/><D44/><U16/><E16/><V38/><F55/><W126/><G126/><T120/><D120/><U7/><E7/><V106/><F38/><W23/><REACH who="3" step="1"/><G101/><REACH who="3" ten="240,269,316,155" step="2"/><T114/><D114/><U3/><E3/><V39/><F39/><W63/><G63/><T125/><D125/><U124/><E124/><V103/><F103/><W129/><G129/><T85/><D78/><U2/><E2/><N who="2" m="183" /><F106/><W11/><G11/><T94/><REACH who="0" step="1"/><D57/><REACH who="0" ten="230,269,316,155" step="2"/><U134/><E47/><V84/><F132/><W131/><G131/><T37/><D37/><U53/><E134/><V104/><F133/><W41/><G41/><T21/><D21/><U20/><E20/><V87/><F104/><W65/><G65/><T82/><D82/><U6/><E43/><V12/><F12/><W40/><G40/><T98/><D98/><U50/><E97/><RYUUKYOKU ba="2,3" sc="230,10,269,-30,316,10,155,10" hai0="10,14,19,27,30,32,54,56,72,74,85,88,94" hai2="24,28,35,80,83,84,87" hai3="8,13,22,23,25,31,34,59,62,67,89,93,96" /><INIT seed="2,3,3,0,4,37" ten="240,239,326,165" oya="2" hai0="15,41,91,100,106,5,67,13,29,74,113,110,109" hai1="50,118,47,76,94,121,64,85,48,21,0,116,24" hai2="90,61,66,130,45,128,36,120,89,124,122,9,12" hai3="34,127,132,62,65,108,31,22,134,3,56,79,46"/><V84/><F124/><W27/><G127/><T80/><D113/><U129/><E0/><V126/><F126/><W135/><G108/><N who="0" m="41579" /><D67/><U32/><E32/><V102/><F102/><W52/><G3/><T119/><D119/><U112/><E112/><V123/><F45/><W77/><G34/><T42/><D29/><U49/><E129/><N who="2" m="49771" /><F36/><W51/><AGARI ba="3,3" hai="22,27,31,46,51,52,56,62,65,77,79,132,134,135" machi="51" ten="40,5200,0" yaku="0,1,20,1,54,1" doraHai="37" who="3" fromWho="3" sc="240,-16,239,-16,326,-29,165,91" /><INIT seed="3,0,0,4,0,111" ten="224,223,297,256" oya="3" hai0="14,52,132,71,11,110,121,8,18,9,64,113,53" hai1="95,108,57,24,107,67,77,114,112,59,2,44,34" hai2="87,109,65,75,51,58,45,42,1,10,69,102,6" hai3="36,25,39,84,97,123,83,46,120,61,3,7,122"/><W62/><G3/><T128/><D121/><U70/><E2/><V76/><F109/><W49/><G7/><T131/><D110/><U129/><E108/><V93/><F69/><W96/><G39/><T27/><D132/><U117/><E77/><V26/><F75/><W115/><G36/><T4/><D27/><U106/><E44/><V127/><F127/><W124/><G124/><T63/><D113/><U86/><E70/><V74/><F74/><W92/><G25/><T20/><REACH who="0" step="1"/><D4/><REACH who="0" ten="214,223,297,256" step="2"/><U126/><E24/><V32/><F26/><W85/><G115/><T29/><D29/><U28/><E28/><V13/><F6/><W17/><G17/><T43/><D43/><U89/><E114/><V31/><F42/><W72/><G122/><T103/><D103/><U79/><E112/><V101/><F101/><W5/><G5/><T78/><D78/><U35/><E79/><V38/><F102/><W22/><G120/><T66/><D66/><U135/><E67/><V98/><F65/><W134/><G134/><T0/><D0/><U33/><E135/><V16/><F76/><W40/><G123/><T12/><D12/><U116/><E126/><V133/><F31/><W30/><G30/><T130/><AGARI ba="0,1" hai="8,9,11,14,18,20,52,53,63,64,71,128,130,131" machi="130" ten="40,8000,1" yaku="1,1,0,1,19,1,54,1,53,0" doraHai="111" doraHaiUra="91" who="0" fromWho="0" sc="214,90,223,-20,297,-20,256,-40" /><INIT seed="4,0,0,4,2,92" ten="304,203,277,216" oya="0" hai0="31,4,66,85,57,53,8,106,74,18,20,91,88" hai1="41,119,58,132,69,26,2,94,103,75,76,101,112" hai2="105,100,80,93,1,22,34,109,87,86,46,33,9" hai3="25,27,77,50,97,68,72,90,121,113,110,116,127"/><T124/><D74/><U51/><E69/><V79/><F109/><W28/><G110/><T44/><D124/><U107/><E2/><V52/><F105/><W59/><G116/><T47/><D66/><U78/><E119/><V61/><F22/><W118/><G118/><T60/><D31/><U42/><E107/><V13/><F1/><W126/><G68/><T73/><D73/><U12/><E26/><V55/><F55/><N who="3" m="32247" /><G113/><T32/><D32/><U17/><E132/><V48/><F61/><W30/><G121/><T39/><D106/><U35/><E35/><V56/><F56/><W135/><G135/><T45/><D39/><U102/><E75/><V111/><F111/><W71/><G71/><T3/><REACH who="0" step="1"/><D85/><REACH who="0" ten="294,203,277,216" step="2"/><U37/><E37/><V14/><F86/><W98/><G30/><T43/><D43/><U24/><E42/><V67/><F67/><W99/><G28/><T6/><D6/><U122/><E41/><V16/><F34/><W62/><G72/><T38/><D38/><U130/><E122/><V70/><F33/><W95/><G126/><T128/><D128/><U81/><E130/><V96/><F70/><W65/><G127/><T125/><D125/><U120/><E120/><V84/><F84/><W19/><G65/><T104/><D104/><U15/><E112/><V63/><F63/><W115/><G115/><T123/><D123/><U83/><E51/><V7/><F7/><W133/><G62/><T64/><D64/><U40/><E40/><V23/><F9/><W10/><G133/><T134/><D134/><U54/><E54/><V29/><F29/><RYUUKYOKU ba="0,1" sc="294,15,203,-15,277,15,216,-15" hai0="3,4,8,18,20,44,45,47,53,57,60,88,91" hai2="13,14,16,23,46,48,52,79,80,87,93,96,100" /><INIT seed="4,1,1,0,4,119" ten="309,188,292,201" oya="0" hai0="105,47,115,38,79,130,116,129,104,112,102,120,88" hai1="126,99,97,121,125,13,0,66,78,41,80,3,9" hai2="117,23,103,108,45,8,39,49,50,62,61,53,59" hai3="86,18,42,65,111,17,58,51,101,32,133,81,67"/><T12/><D116/><U98/><E66/><N who="3" m="25098" /><G32/><T132/><D38/><U10/><E41/><V43/><F117/><W85/><G111/><T74/><D47/><U92/><E92/><V54/><F108/><W63/><G133/><T118/><D118/><U89/><E89/><V128/><F128/><N who="0" m="49258" /><D12/><U21/><E21/><V34/><F34/><W24/><G101/><T131/><D131/><U69/><E69/><V134/><F134/><W70/><G70/><T48/><D132/><U109/><E109/><V4/><F103/><W127/><G127/><N who="1" m="48650" /><E121/><V57/><REACH who="2" step="1"/><F23/><REACH who="2" ten="309,188,282,201" step="2"/><W27/><G27/><T60/><D102/><U52/><E9/><V87/><F87/><W55/><G24/><T2/><D74/><U91/><E10/><V29/><F29/><W113/><G85/><T7/><D115/><U33/><E33/><V30/><F30/><W110/><G113/><T68/><D112/><U25/><E25/><V20/><F20/><W114/><G114/><T96/><D96/><U95/><E98/><V93/><F93/><W124/><G110/><T19/><D105/><U5/><E97/><V122/><F122/><W94/><G94/><T40/><D120/><U82/><E99/><V37/><F37/><W31/><G124/><T46/><D104/><U71/><E95/><V90/><F90/><N who="3" m="51535" /><G31/><T35/><D35/><U15/><E91/><V22/><F22/><W64/><G64/><N who="0" m="40967" /><D88/><U75/><E71/><V44/><F44/><AGARI ba="1,2" hai="17,18,42,44,51,55,58,63" m="51535,25098" machi="44" ten="30,1000,0" yaku="8,1" doraHai="119" who="3" fromWho="2" sc="309,0,188,0,282,-13,201,33" /><INIT seed="5,0,0,1,4,69" ten="309,188,269,234" oya="1" hai0="44,55,29,88,102,1,40,50,18,67,107,73,91" hai1="109,62,25,45,121,20,64,104,83,117,37,124,16" hai2="81,118,39,31,98,33,96,84,58,41,85,123,35" hai3="5,2,79,27,51,126,74,42,52,63,56,133,90"/><U3/><E121/><V46/><F118/><W92/><G133/><T114/><D73/><U61/><E117/><V19/><F123/><W6/><G126/><T113/><D1/><U77/><E104/><V12/><F84/><N who="3" m="52295" /><G74/><T68/><D29/><U119/><E119/><V48/><F96/><W116/><G2/><T106/><D106/><U100/><E100/><V132/><F132/><W89/><G79/><T0/><D0/><U70/><E124/><V110/><F98/><W130/><G116/><T103/><D102/><U49/><E3/><V122/><F110/><W57/><G130/><T53/><D18/><U95/><E95/><V127/><F122/><W87/><G27/><T120/><D120/><U105/><E105/><V30/><F127/><W60/><G42/><T28/><D28/><U34/><E109/><V9/><F58/><W11/><G11/><T43/><D43/><U112/><E34/><V135/><F135/><W86/><G86/><T24/><D24/><U101/><E101/><V72/><F72/><W129/><G129/><T80/><D103/><U82/><E77/><V22/><F48/><W10/><G10/><T108/><D107/><U134/><E134/><V128/><F128/><W131/><G131/><T66/><D108/><U36/><E62/><N who="3" m="23594" /><G57/><T65/><D68/><U94/><E94/><AGARI ba="0,0" hai="5,6,51,52,56,87,89,94" m="23594,52295" machi="94" ten="30,2000,0" yaku="8,1,54,1" doraHai="69" who="3" fromWho="1" sc="309,0,188,-20,269,0,234,20" /><INIT seed="6,0,0,0,2,51" ten="309,168,269,254" oya="2" hai0="130,0,81,103,45,88,68,32,19,125,110,119,129" hai1="35,50,118,84,7,116,83,39,18,9,76,122,23" hai2="90,74,55,111,127,29,102,37,12,123,115,133,54" hai3="49,108,112,6,117,17,132,62,22,126,113,63,57"/><V24/><F123/><W71/><G108/><T96/><D68/><U91/><E39/><V56/><F37/><W124/><G117/><T20/><D32/><U58/><E35/><V135/><F74/><W33/><G33/><T69/><D69/><U13/><E122/><V65/><F111/><W59/><G71/><T131/><D110/><U26/><E91/><V46/><F46/><W36/><G36/><T60/><D0/><U86/><E86/><V75/><F75/><W43/><G6/><T52/><D125/><N who="3" m="48233" /><G132/><N who="2" m="50761" /><F127/><W82/><G82/><T105/><D119/><U47/><REACH who="1" step="1"/><E58/><REACH who="1" ten="309,158,269,254" step="2"/><V10/><F90/><W120/><G120/><T64/><D88/><U128/><E128/><V30/><F102/><W78/><G59/><T95/><D103/><U106/><E106/><V14/><F115/><N who="3" m="44107" /><G78/><T109/><D109/><U134/><E134/><V99/><F99/><W61/><G57/><T107/><D96/><U2/><E2/><V38/><F38/><W25/><G63/><T34/><D60/><U77/><E77/><V66/><F56/><W94/><G94/><T98/><D95/><U8/><E8/><V80/><F10/><W15/><G62/><T104/><D34/><U67/><E67/><V73/><F73/><W21/><G61/><T101/><D64/><U28/><E28/><V79/><F65/><W27/><G22/><T5/><D20/><U1/><E1/><V44/><F66/><W85/><G85/><T3/><D131/><U70/><E70/><V92/><F30/><W42/><G49/><N who="0" m="28719" /><D130/><U4/><E4/><V100/><F100/><W72/><G72/><RYUUKYOKU ba="0,1" sc="309,-15,158,15,269,-15,254,15" hai1="7,9,13,18,23,26,47,50,76,83,84,116,118" hai3="15,17,21,25,27,42,43" /><INIT seed="7,1,1,3,4,34" ten="294,173,254,269" oya="3" hai0="13,66,88,96,134,37,89,45,82,126,40,29,27" hai1="11,100,123,83,103,70,121,118,71,80,114,10,60" hai2="19,21,44,76,85,6,52,24,109,90,97,74,59" hai3="78,131,68,8,0,41,42,47,1,30,48,17,43"/><W54/><G131/><T58/><D134/><U98/><E60/><V32/><F109/><W117/><G117/><T31/><D126/><U33/><E98/><V73/><F32/><W128/><G128/><T67/><D31/><U135/><E33/><V104/><F76/><W110/><G110/><T86/><D58/><U108/><E108/><V51/><F6/><W133/><G133/><T119/><D119/><U94/><E135/><V77/><F77/><W28/><G68/><T7/><D7/><U95/><REACH who="1" step="1"/><E118/><REACH who="1" ten="294,163,254,269" step="2"/><V105/><F97/><W16/><G78/><T3/><D96/><U107/><E107/><V53/><F104/><W81/><G81/><T113/><D82/><U69/><E69/><V93/><REACH who="2" step="1"/><F105/><REACH who="2" ten="294,163,244,269" step="2"/><W112/><G112/><AGARI ba="1,3" hai="10,11,70,71,80,83,94,95,100,103,112,114,121,123" machi="112" ten="25,8000,1" yaku="1,1,22,2,53,2" doraHai="34" doraHaiUra="111" who="1" fromWho="3" sc="294,0,163,113,244,0,269,-83" /><INIT seed="8,0,0,5,3,81" ten="294,276,244,186" oya="0" hai0="45,38,63,103,25,105,12,68,78,75,20,72,7" hai1="58,73,11,128,59,131,44,89,112,93,135,39,124" hai2="65,42,106,62,53,6,10,94,116,86,43,52,107" hai3="123,115,79,56,37,64,26,77,5,47,109,102,29"/><T117/><D117/><U133/><E73/><V4/><F116/><W110/><G115/><T54/><D78/><U46/><E11/><V97/><F6/><W120/><G5/><T84/><D75/><U55/><E124/><V49/><F53/><W24/><G102/><T91/><D72/><U134/><E112/><V22/><F22/><W1/><G1/><T18/><D105/><U108/><E108/><V104/><F86/><W80/><G64/><T101/><D38/><U82/><E82/><V126/><F126/><W114/><G114/><T99/><D68/><U0/><E0/><V95/><F95/><W96/><G56/><N who="1" m="21546" /><E55/><V66/><F66/><W9/><G9/><N who="0" m="4159" /><D99/><N who="1" m="57775" /><E39/><V8/><F8/><W3/><G3/><T125/><D125/><U23/><E23/><V85/><F85/><W50/><G37/><T83/><D63/><U28/><E28/><V76/><F76/><W41/><G96/><T61/><D61/><U31/><E31/><V70/><F10/><W33/><G79/><T132/><D132/><U51/><E51/><AGARI ba="0,0" hai="18,20,25,45,51,54,83,84,91,101,103" m="4159" machi="51" ten="30,2900,0" yaku="8,1,52,1" doraHai="81" who="0" fromWho="1" sc="294,29,276,-29,244,0,186,0" owari="323,42.3,247,4.7,244,-15.6,186,-31.4" /></mjloggm>