<mjloggm ver="2.3"><GO type="169" lobby="0"/><UN n0="%E3%83%88%E3%82%B7%E3%83%95%E3%83%BC%E3%83%8B" n1="%E7%AB%8B%E7%9B%B4%E5%BE%8C%E5%8D%B3%E6%94%BE%E9%8A%83" n2="%E3%83%9D%E3%83%B3%E3%83%9D%E3%82%B3%E5%95%86%E4%BA%8B" n3="%E3%81%9B%E3%81%A9%E3%81%AA%E3%82%8A%E3%81%82%E3%82%93" dan="16,17,16,17" rate="2143.43,2144.40,2078.93,2157.72" sx="M,F,M,M"/><TAIKYOKU oya="0"/><INIT seed="0,0,0,0,5,97" ten="250,250,250,250" oya="0" hai0="131,108,8,86,135,93,114,81,51,3,17,119,84" hai1="102,121,43,25,71,78,90,122,107,110,27,2,29" hai2="55,118,80,32,126,100,38,52,76,91,106,127,58" hai3="47,88,66,117,113,99,72,64,60,116,89,42,134"/><T50/><D119/><U82/><E2/><V19/><F32/><W67/><G113/><T53/><D114/><U111/><E43/><V48/><F38/><W41/><G72/><T54/><D131/><U10/><E71/><V112/><F112/><W35/><G35/><T20/><D135/><U7/><E27/><V75/><F91/><W49/><G134/><T124/><D124/><N who="2" m="47658" /><F19/><W132/><G132/><T1/><D108/><N who="1" m="41515" /><E25/><V39/><F39/><W63/><G42/><T37/><D37/><U14/><E29/><V94/><F106/><W45/><G45/><T23/><D93/><U74/><E90/><V104/><F104/><W40/><G40/><T36/><D36/><U130/><E130/><V85/><F75/><W56/><G89/><T87/><D17/><U98/><AGARI ba="0,0" hai="7,10,14,74,78,82,98,102,107,121,122" m="41515" machi="98" ten="30,2000,0" yaku="14,1,52,1" doraHai="97" who="1" fromWho="1" sc="250,-10,250,20,250,-5,250,-5" /><INIT seed="1,0,0,5,4,128" ten="240,270,245,245" oya="1" hai0="85,118,100,6,50,5,129,22,36,11,56,58,124" hai1="90,0,72,87,25,29,34,108,123,130,37,95,51" hai2="31,77,42,52,43,8,96,78,66,54,7,103,59" hai3="105,1,18,82,86,132,9,15,60,24,74,110,112"/><U125/><E123/><V127/><F66/><W61/><G110/><T45/><D118/><U47/><E130/><V120/><F120/><W70/><G74/><T84/><D36/><U122/><E122/><V23/><F127/><W109/><G109/><T89/><D124/><U101/><E125/><V79/><F54/><W55/><G112/><T106/><D129/><U68/><E68/><V135/><F23/><W40/><G105/><T39/><D39/><U53/><E108/><V117/><F31/><W16/><G1/><T76/><D106/><U98/><E0/><V119/><F119/><W75/><G75/><T99/><D76/><U4/><E4/><V69/><F69/><W21/><G40/><T49/><D22/><U73/><REACH who="1" step="1"/><E37/><REACH who="1" ten="240,260,245,245" step="2"/><V134/><F117/><W62/><G70/><T107/><D6/><U13/><E13/><V97/><F7/><W14/><G15/><T38/><D38/><U92/><AGARI ba="0,1" hai="25,29,34,47,51,53,72,73,87,90,92,95,98,101" machi="92" ten="20,3900,0" yaku="1,1,0,1,7,1,53,0" doraHai="128" doraHaiUra="17" who="1" fromWho="1" sc="240,-13,260,49,245,-13,245,-13" /><INIT seed="1,1,0,4,1,101" ten="227,309,232,232" oya="1" hai0="53,12,113,17,75,57,122,86,0,81,3,9,73" hai1="66,6,20,56,88,105,62,97,55,13,51,116,82" hai2="54,52,128,68,111,50,21,1,124,67,134,71,118" hai3="104,84,33,69,102,37,43,61,26,91,47,32,58"/><U117/><E82/><V133/><F1/><W38/><G38/><T63/><D113/><U64/><E64/><V127/><F21/><W131/><G131/><T112/><D112/><U11/><E20/><V135/><F118/><W119/><G69/><N who="2" m="26697" /><F128/><W60/><G119/><T83/><D122/><U18/><E6/><V48/><F67/><W49/><G37/><T5/><D83/><U110/><E110/><V8/><F8/><W46/><G46/><T2/><REACH who="0" step="1"/><D5/><REACH who="0" ten="217,309,232,232" step="2"/><U95/><REACH who="1" step="1"/><E105/><REACH who="1" ten="217,299,232,232" step="2"/><V15/><F111/><W30/><G104/><T4/><D4/><U125/><E125/><N who="2" m="48203" /><F15/><W103/><G26/><T78/><AGARI ba="1,2" hai="0,2,3,9,12,17,53,57,63,73,75,78,81,86" machi="78" ten="30,4000,0" yaku="1,1,0,1,53,1" doraHai="101" doraHaiUra="74" who="0" fromWho="0" sc="217,63,299,-21,232,-11,232,-11" /><INIT seed="2,0,0,3,5,78" ten="280,278,221,221" oya="2" hai0="60,99,6,77,130,69,4,14,70,126,9,19,44" hai1="64,29,33,100,105,36,10,55,59,24,16,80,15" hai2="121,83,110,113,74,127,56,47,89,90,103,97,135" hai3="102,79,118,62,40,31,46,82,57,94,22,72,86"/><V20/><F113/><W51/><G118/><T85/><D126/><U61/><E36/><V67/><F121/><W17/><G31/><T124/><D124/><U120/><E120/><V49/><F127/><W117/><G117/><T119/><D119/><U91/><E105/><V122/><F122/><W1/><G1/><T108/><D108/><U98/><E100/><V109/><F135/><W95/><G102/><T5/><D130/><U128/><E128/><V93/><F20/><W71/><G71/><T48/><D99/><U3/><E3/><V107/><F56/><W39/><G72/><T58/><D58/><U32/><E98/><V50/><F67/><W65/><REACH who="3" step="1"/><G39/><REACH who="3" ten="280,278,221,211" step="2"/><T68/><D69/><U63/><E33/><V125/><F125/><W115/><G115/><T23/><D68/><U37/><E37/><V131/><F131/><W8/><G8/><T76/><D70/><U81/><E64/><V53/><F50/><W75/><G75/><T26/><D60/><U45/><E63/><V21/><F21/><W106/><G106/><T96/><D48/><U84/><REACH who="1" step="1"/><E45/><REACH who="1" ten="280,268,221,211" step="2"/><V38/><F38/><W41/><G41/><T123/><D44/><U25/><E25/><AGARI ba="0,2" hai="17,22,25,40,46,51,57,62,65,79,82,86,94,95" machi="25" ten="30,7700,0" yaku="1,1,7,1,8,1,52,1,53,0" doraHai="78" doraHaiUra="111" who="3" fromWho="1" sc="280,0,268,-77,221,0,211,97" /><INIT seed="3,0,0,2,4,44" ten="280,191,221,308" oya="3" hai0="111,84,45,27,105,117,70,67,73,16,71,58,47" hai1="118,75,85,56,5,103,86,79,53,121,102,19,7" hai2="50,2,0,114,57,126,131,119,115,123,128,20,74" hai3="134,112,49,26,15,18,98,94,108,120,65,110,12"/><W35/><G112/><T4/><D73/><U60/><E121/><V59/><F74/><W78/><G120/><T109/><D105/><U91/><E75/><V125/><F123/><W95/><G78/><T62/><D4/><U81/><E118/><V68/><F20/><W43/><G65/><T77/><D117/><U101/><REACH who="1" step="1"/><E19/><REACH who="1" ten="280,181,221,308" step="2"/><V113/><F119/><W28/><G134/><T48/><D16/><U46/><E46/><V66/><F0/><W72/><G72/><T13/><D45/><U31/><E31/><V30/><F30/><W23/><G18/><T132/><D132/><U14/><E14/><V80/><F2/><W32/><G12/><T37/><D13/><U41/><E41/><V122/><F122/><W104/><G15/><T3/><D3/><U87/><E87/><V124/><F80/><AGARI ba="0,1" hai="5,7,53,56,60,79,80,81,85,86,91,101,102,103" machi="80" ten="40,2600,0" yaku="1,1,8,1,53,0" doraHai="44" doraHaiUra="69" who="1" fromWho="2" sc="280,0,181,36,221,-26,308,0" /><INIT seed="4,0,0,2,2,37" ten="280,217,195,308" oya="0" hai0="101,105,13,23,50,118,85,81,120,35,73,34,109" hai1="133,129,22,88,132,39,102,82,99,75,110,10,126" hai2="28,117,29,4,124,66,72,43,36,123,89,80,65" hai3="70,25,47,2,52,78,125,17,114,98,16,97,1"/><T3/><D3/><U49/><E39/><V77/><F123/><W9/><G70/><T113/><D73/><U45/><E110/><V55/><F124/><W33/><G125/><T5/><D120/><U64/><E64/><V68/><F117/><W84/><G114/><T69/><D69/><U134/><E126/><V111/><F111/><W115/><G115/><T30/><D113/><U94/><E129/><V128/><F128/><W96/><G33/><T104/><D109/><U11/><E22/><V27/><F55/><W12/><G25/><T74/><D74/><U127/><E127/><V83/><F29/><W119/><G119/><T130/><D118/><U121/><E121/><V56/><F68/><W58/><G47/><T92/><D130/><U24/><E24/><V57/><F4/><W31/><G31/><T42/><D104/><U40/><REACH who="1" step="1"/><E102/><REACH who="1" ten="280,207,195,308" step="2"/><V93/><F27/><W6/><G1/><T135/><D34/><U79/><AGARI ba="0,1" hai="10,11,40,45,49,75,79,82,88,94,99,132,133,134" machi="79" ten="40,12000,2" yaku="1,1,2,1,0,1,20,1,52,1,54,1,53,0" doraHai="37" doraHaiUra="112" who="1" fromWho="1" sc="280,-60,207,130,195,-30,308,-30" /><INIT seed="5,0,0,3,0,21" ten="220,337,165,278" oya="1" hai0="13,125,122,51,96,75,109,94,42,87,17,40,59" hai1="67,118,23,32,0,117,25,62,88,121,60,119,72" hai2="24,61,92,114,103,82,129,85,68,66,123,53,110" hai3="33,131,27,130,104,4,57,100,48,18,83,76,31"/><U20/><E121/><V74/><F110/><W112/><G4/><T19/><D75/><U91/><E0/><V89/><F123/><W39/><G39/><T84/><D122/><U30/><E72/><V105/><F129/><N who="3" m="49163" /><G112/><T14/><D109/><U128/><E128/><V124/><F124/><W43/><G18/><T126/><D59/><U95/><E91/><V111/><F111/><W107/><G100/><T2/><D2/><U16/><E67/><V38/><F38/><W58/><G43/><T77/><D77/><U71/><E71/><V37/><F37/><W55/><G58/><T54/><D51/><U35/><E35/><V93/><F114/><W86/><AGARI ba="0,0" hai="27,31,33,48,55,57,76,83,86,104,107" m="49163" machi="86" ten="30,2000,0" yaku="19,1,52,1" doraHai="21" who="3" fromWho="3" sc="220,-5,337,-10,165,-5,278,20" /><INIT seed="6,0,0,1,5,79" ten="215,327,160,298" oya="2" hai0="88,113,131,81,11,87,29,21,31,95,3,51,118" hai1="129,104,123,128,52,22,40,102,37,0,36,19,60" hai2="101,63,86,66,92,5,50,15,127,43,114,62,68" hai3="2,14,70,25,134,34,13,108,125,26,64,109,106"/><V7/><F114/><W120/><G106/><T55/><D113/><U111/><E111/><N who="3" m="42570" /><G64/><T107/><D107/><U28/><E0/><V122/><F122/><W67/><G67/><T49/><D131/><N who="1" m="50251" /><E28/><V35/><F35/><W83/><G83/><T1/><D118/><U121/><E102/><V9/><F127/><W110/><G70/><T10/><D3/><U74/><E74/><V8/><F63/><W53/><G53/><T54/><D1/><U58/><E104/><V117/><F117/><W105/><G105/><T61/><D61/><U75/><E75/><V72/><F72/><W77/><G77/><T112/><D112/><U119/><E119/><V24/><F24/><N who="3" m="9323" /><G110/><T38/><D38/><N who="1" m="14955" /><E40/><V23/><F23/><W42/><G42/><T69/><D21/><U93/><E93/><V97/><F86/><W85/><G85/><N who="0" m="52623" /><D69/><U44/><E44/><V99/><F99/><W45/><G45/><N who="0" m="27951" /><D31/><U94/><E94/><V84/><F84/><W71/><G71/><T4/><D4/><U90/><E90/><V126/><F126/><W65/><G2/><T130/><D29/><U132/><E121/><V116/><F116/><W100/><G34/><T73/><D73/><U96/><E123/><V6/><REACH who="2" step="1"/><F15/><REACH who="2" ten="215,327,150,298" step="2"/><W115/><G13/><T82/><D130/><U103/><E96/><V76/><F76/><W98/><G14/><T47/><D87/><U56/><E60/><V41/><F41/><W17/><G115/><T59/><D82/><U30/><E22/><V20/><F20/><W12/><G120/><T124/><D81/><U16/><E30/><V80/><F80/><RYUUKYOKU ba="0,1" sc="215,-10,327,-10,150,30,298,-10" hai2="5,6,7,8,9,43,50,62,66,68,92,97,101" /><INIT seed="6,1,1,1,4,112" ten="205,317,180,288" oya="2" hai0="26,88,22,124,90,84,134,69,50,86,62,12,98" hai1="16,103,66,48,109,70,101,17,51,127,93,7,46" hai2="5,63,87,3,14,43,20,37,128,118,119,120,42" hai3="38,81,92,33,80,75,6,19,0,72,110,117,123"/><V130/><F120/><W131/><G117/><N who="2" m="44553" /><F3/><W24/><G19/><T78/><D12/><U76/><E109/><V18/><F37/><W73/><G110/><T45/><D69/><U125/><E76/><V64/><F5/><W132/><G92/><T68/><D68/><U8/><E70/><N who="2" m="42271" /><F87/><W126/><G75/><T77/><D62/><U113/><E66/><V60/><F60/><W83/><G73/><T135/><D98/><N who="1" m="59599" /><E51/><V13/><F13/><W115/><G72/><T28/><D86/><U59/><E59/><V2/><F2/><W57/><G38/><T31/><D31/><U102/><E102/><V71/><F71/><W58/><G57/><T9/><D9/><U129/><E103/><V67/><F67/><W21/><G58/><T40/><D90/><U10/><E7/><V41/><F14/><W107/><G6/><T105/><D105/><U52/><E8/><V47/><F20/><W114/><G21/><T56/><D56/><U39/><E39/><N who="2" m="21951" /><F18/><W74/><G74/><T85/><D85/><U94/><E16/><V23/><F23/><W44/><G0/><T122/><D122/><U97/><E17/><V91/><F91/><W49/><G123/><T27/><D88/><U96/><E10/><V53/><F53/><W55/><G55/><T36/><D36/><U108/><E52/><V29/><F29/><W104/><G114/><T35/><D84/><U54/><E113/><V89/><F89/><W25/><G83/><T4/><D4/><U79/><E94/><V61/><F61/><W133/><G115/><T65/><D65/><U121/><E121/><RYUUKYOKU ba="1,1" sc="205,-10,317,-10,180,30,288,-10" hai2="42,43,128,130" /><INIT seed="6,2,1,1,3,108" ten="195,307,210,278" oya="2" hai0="70,24,65,110,81,125,109,111,112,116,122,115,18" hai1="135,82,67,3,133,102,101,90,58,79,94,51,92" hai2="73,0,6,100,107,80,97,13,128,33,69,118,1" hai3="99,22,12,66,106,113,74,28,105,32,84,64,55"/><V23/><F118/><W25/><G74/><T53/><D125/><U47/><E3/><V60/><F128/><W56/><G113/><N who="0" m="43595" /><D116/><U43/><E58/><V76/><F6/><W44/><G44/><T39/><D122/><U114/><E67/><N who="2" m="41191" /><F13/><W87/><G106/><T89/><D39/><U9/><E9/><V8/><F23/><W16/><G87/><N who="0" m="50415" /><D53/><U78/><E114/><V119/><F119/><W27/><G84/><T11/><D65/><U37/><E37/><V91/><F8/><W124/><G124/><T63/><D63/><U134/><E79/><V132/><F132/><W59/><G99/><T62/><D62/><U86/><E94/><V123/><F123/><W83/><G105/><T29/><D70/><U103/><E103/><V120/><F120/><W21/><G66/><T57/><D57/><U10/><E10/><V98/><F98/><AGARI ba="2,1" hai="43,47,51,78,82,86,90,92,98,101,102,133,134,135" machi="98" ten="40,1300,0" yaku="20,1" doraHai="108" who="1" fromWho="2" sc="195,0,307,29,210,-19,278,0" /><INIT seed="7,0,0,5,4,82" ten="195,336,191,278" oya="3" hai0="94,25,91,71,68,33,26,86,133,110,125,73,127" hai1="47,99,34,2,80,116,38,67,75,59,134,46,69" hai2="44,112,55,93,109,63,107,53,43,11,135,35,36" hai3="114,21,95,121,74,105,62,49,37,126,27,60,129"/><W118/><G121/><T70/><D110/><U117/><E34/><V72/><F109/><W54/><G118/><N who="1" m="45674" /><E2/><V28/><F107/><W13/><G105/><T85/><D73/><U58/><E134/><V10/><F135/><W8/><G37/><T41/><D133/><U31/><E31/><V29/><F72/><W76/><G114/><T103/><D41/><N who="1" m="22839" /><E47/><V24/><F112/><W22/><G129/><T45/><D45/><U39/><E39/><V131/><F131/><W0/><G0/><T78/><D103/><U9/><E9/><V89/><F29/><W124/><G95/><T1/><D1/><U132/><E99/><V96/><REACH who="2" step="1"/><F53/><REACH who="2" ten="195,336,181,278" step="2"/><W106/><G54/><T3/><D3/><U30/><E30/><V48/><F48/><W102/><G49/><T5/><D5/><U108/><E75/><V128/><F128/><W81/><G106/><T97/><D33/><U18/><E108/><V87/><F87/><N who="0" m="33290" /><D78/><U65/><E132/><V88/><F88/><W90/><G90/><T101/><D91/><U19/><E80/><V52/><F52/><W4/><G81/><T130/><D130/><U79/><E79/><V50/><F50/><W83/><G83/><T32/><D32/><U17/><E67/><V64/><F64/><W61/><G76/><T119/><D119/><U123/><E123/><V12/><F12/><N who="3" m="5127" /><G74/><T120/><D120/><U56/><E65/><V14/><F14/><W84/><G13/><T16/><D26/><U20/><E19/><V113/><F113/><W15/><G27/><T51/><D51/><U104/><E18/><V6/><F6/><RYUUKYOKU ba="0,1" sc="195,15,336,-15,181,15,278,-15" hai0="16,25,68,70,71,94,97,101,125,127" hai2="10,11,24,28,35,36,43,44,55,63,89,93,96" owari="210,-19.0,331,43.1,196,-30.4,263,6.3" /></mjloggm>