<mjloggm ver="2.3"><GO type="169" lobby="0"/><UN n0="%E2%80%A0%E7%99%BD%E5%85%8E%E2%80%A0" n1="%50%6F%6F%48%65%3F" n2="%E7%9C%9F%E3%81%AE%E9%9B%80%E5%A3%AB%E3%81%86%E3%81%BE%E3%81%9F%E3%82%93" n3="%67%78%7A" dan="18,16,17,18" rate="2200.86,2179.86,2130.97,2264.25" sx="M,F,M,F"/><TAIKYOKU oya="0"/><INIT seed="0,0,0,4,4,90" ten="250,250,250,250" oya="0" hai0="45,127,134,21,100,71,50,36,98,74,24,118,28" hai1="99,129,58,70,88,63,35,79,80,59,73,66,67" hai2="77,106,72,62,23,103,29,51,92,38,12,69,126" hai3="10,94,64,121,53,57,131,14,96,132,112,109,122"/><T32/><D118/><U81/><E35/><V104/><F38/><W60/><G112/><T3/><D127/><U33/><E33/><V75/><F51/><W107/><G109/><T65/><D134/><U2/><E2/><V5/><F5/><W135/><G107/><T42/><D21/><U95/><E129/><V133/><F12/><W125/><G125/><T115/><D115/><U20/><E67/><V47/><F47/><W84/><G84/><T8/><D74/><U82/><E82/><N who="2" m="45351" /><F62/><W61/><G131/><T128/><D128/><U31/><REACH who="1" step="1"/><E80/><REACH who="1" ten="250,240,250,250" step="2"/><V49/><F126/><W68/><G132/><T46/><D65/><U16/><E16/><V25/><F133/><W52/><G135/><T34/><D34/><U108/><E108/><V11/><F29/><W0/><G0/><T130/><D130/><U113/><E113/><V124/><F124/><W4/><REACH who="3" step="1"/><G53/><REACH who="3" ten="250,240,250,240" step="2"/><T93/><D3/><U120/><E120/><V114/><F114/><W101/><AGARI ba="0,2" hai="4,10,14,52,57,60,61,64,68,94,96,101,121,122" machi="101" ten="30,12000,2" yaku="1,1,2,1,0,1,52,1,54,1,53,1" doraHai="90" doraHaiUra="54" who="3" fromWho="3" sc="250,-60,240,-30,250,-30,240,140" /><INIT seed="1,0,0,4,1,12" ten="190,210,220,380" oya="1" hai0="104,70,98,122,60,4,85,100,26,118,65,110,37" hai1="59,133,132,121,72,93,50,87,29,69,79,103,117" hai2="76,88,61,13,54,17,8,102,129,125,53,38,126" hai3="1,31,33,71,73,46,40,89,43,15,97,44,111"/><U91/><E69/><V112/><F38/><W74/><G1/><T39/><D118/><U55/><E121/><V35/><F35/><W92/><G71/><T18/><D122/><U101/><E117/><V130/><F76/><W52/><G33/><T134/><D110/><U21/><E72/><V5/><F102/><W22/><G111/><T80/><D4/><U57/><E79/><V119/><F119/><W107/><G107/><T11/><D134/><N who="1" m="51819" /><E59/><N who="2" m="35055" /><F54/><W36/><G52/><T19/><D11/><U48/><E48/><V16/><F88/><W106/><G106/><T81/><D81/><U115/><E115/><V63/><F63/><W62/><G62/><T6/><D6/><U24/><AGARI ba="0,0" hai="21,24,29,50,55,57,87,91,93,101,103" m="51819" machi="24" ten="30,1500,0" yaku="20,1" doraHai="12" who="1" fromWho="1" sc="190,-5,210,15,220,-5,380,-5" /><INIT seed="1,1,0,0,5,13" ten="185,225,215,375" oya="1" hai0="10,55,116,115,70,109,34,19,80,107,58,7,124" hai1="81,45,41,56,33,93,78,8,134,67,130,84,94" hai2="104,108,83,79,68,105,0,64,21,24,97,135,98" hai3="63,16,82,43,11,96,89,59,127,60,110,95,9"/><U15/><E33/><V91/><F0/><W132/><G110/><T51/><D115/><U128/><E134/><V38/><F38/><W71/><G132/><T133/><D116/><U69/><E69/><V50/><F50/><W53/><G127/><T114/><D114/><U4/><E56/><V39/><F39/><W112/><G112/><T118/><D118/><U103/><E67/><V36/><F36/><W49/><G82/><T74/><D133/><U87/><E87/><V26/><F64/><W88/><G89/><T65/><D107/><U119/><E119/><V100/><F68/><W35/><G35/><T37/><D34/><U22/><E22/><V85/><F108/><W120/><G120/><T48/><D37/><U76/><E76/><V113/><F113/><W2/><G71/><T101/><D101/><U30/><E30/><V123/><F123/><W40/><G2/><T12/><D124/><U129/><REACH who="1" step="1"/><E103/><REACH who="1" ten="185,215,215,375" step="2"/><V62/><F21/><W106/><G59/><T28/><D28/><U23/><E23/><V99/><F100/><W61/><G9/><T42/><D109/><U126/><E126/><V117/><F135/><W57/><G11/><T1/><D65/><U90/><E90/><V20/><F20/><W17/><G88/><T46/><D70/><U29/><E29/><V75/><F117/><W44/><G57/><T25/><D25/><N who="2" m="9834" /><F91/><W14/><G44/><T131/><D46/><U121/><E121/><V66/><F85/><W125/><G125/><T72/><D58/><U31/><E31/><V122/><F122/><W3/><G96/><T5/><D10/><RYUUKYOKU ba="1,1" sc="185,-15,215,15,215,15,375,-15" hai1="4,8,15,41,45,78,81,84,93,94,128,129,130" hai2="62,66,75,79,83,97,98,99,104,105" /><INIT seed="1,2,1,3,2,109" ten="170,230,230,360" oya="1" hai0="91,0,111,39,106,123,77,116,20,108,16,99,115" hai1="67,114,24,75,35,107,34,85,103,8,83,46,112" hai2="71,119,131,133,100,122,104,9,117,113,102,28,25" hai3="92,31,40,10,22,12,15,52,55,110,2,105,126"/><U129/><E129/><V3/><F71/><W11/><G105/><T97/><D116/><U88/><E8/><V98/><F102/><W56/><G110/><N who="0" m="42027" /><D39/><U74/><E46/><V43/><F43/><W81/><G126/><T68/><D68/><U135/><E135/><V93/><F133/><W1/><G40/><T4/><D77/><U96/><E67/><V128/><F93/><W33/><G92/><N who="0" m="56479" /><D123/><U29/><REACH who="1" step="1"/><E35/><REACH who="1" ten="170,220,230,360" step="2"/><V32/><F128/><W6/><G33/><T44/><D44/><U118/><E118/><V62/><F131/><W124/><G11/><T69/><D0/><U38/><E38/><V86/><F119/><W49/><G2/><T95/><D4/><U130/><E130/><V57/><F117/><W72/><G1/><T76/><D69/><U54/><E54/><V87/><F122/><W63/><G55/><T50/><D20/><U37/><E37/><V127/><F9/><W121/><G121/><T64/><D64/><U132/><E132/><V48/><F3/><W14/><G6/><T23/><D23/><U65/><E65/><V41/><F32/><W26/><G10/><T78/><D106/><U19/><E19/><V66/><F104/><W27/><G22/><T13/><D16/><U5/><E5/><V80/><F66/><W134/><G134/><T42/><D42/><U90/><E90/><V94/><F41/><W101/><G52/><T30/><D76/><U53/><E53/><V79/><F79/><W61/><G61/><T18/><D18/><U17/><E17/><V120/><F62/><W125/><G63/><T70/><D70/><RYUUKYOKU ba="2,2" sc="170,-10,220,30,230,-10,360,-10" hai1="24,29,34,74,75,83,85,88,96,103,107,112,114" /><INIT seed="1,3,2,4,0,53" ten="160,250,220,350" oya="1" hai0="115,116,113,6,35,98,59,61,48,44,89,50,69" hai1="10,119,25,78,7,23,65,135,55,92,75,33,63" hai2="134,45,39,105,42,67,106,108,84,125,4,5,40" hai3="130,112,121,9,31,123,88,100,43,17,110,102,107"/><U77/><E119/><V18/><F67/><W83/><G112/><T24/><D116/><U68/><E33/><V94/><F18/><W124/><G107/><T19/><D69/><U32/><E32/><V87/><F108/><W128/><G110/><T8/><D48/><U85/><E135/><V58/><F125/><W117/><G117/><T129/><D129/><N who="3" m="49769" /><G31/><T109/><D109/><U71/><E75/><V82/><F134/><W99/><G43/><T133/><D133/><U49/><E71/><V0/><F94/><N who="3" m="56775" /><G83/><T34/><D34/><U12/><E92/><V2/><F82/><W79/><G79/><T131/><D131/><U51/><E85/><V70/><F39/><W74/><G74/><T38/><D38/><U101/><E101/><N who="3" m="39018" /><G124/><T120/><D35/><U132/><E132/><V95/><F95/><W118/><G118/><T28/><D28/><U1/><E1/><V96/><F106/><W81/><G81/><T62/><D113/><U11/><E77/><V73/><F105/><W36/><G36/><T111/><D111/><U20/><E78/><V47/><F73/><W57/><G57/><T126/><D126/><U86/><E86/><V22/><F58/><W60/><G60/><T97/><D62/><U104/><E104/><V127/><F127/><W46/><G46/><T66/><D115/><U41/><E41/><V80/><F80/><W16/><G9/><T3/><D89/><U122/><E11/><V72/><F72/><W64/><G64/><T30/><D8/><U90/><E65/><V76/><F76/><W26/><G26/><T114/><D24/><RYUUKYOKU ba="3,2" sc="160,-10,250,-10,220,-10,350,30" hai3="16,17,121,123" /><INIT seed="2,4,2,1,1,36" ten="150,240,210,380" oya="2" hai0="41,8,4,44,74,103,109,24,10,16,63,106,94" hai1="30,21,0,114,64,133,39,112,52,7,130,6,134" hai2="91,20,111,46,97,104,68,72,110,100,115,56,122" hai3="25,85,120,81,93,107,33,1,50,70,123,80,54"/><V51/><F115/><W35/><G107/><T127/><D109/><N who="2" m="41482" /><F122/><W29/><G1/><T2/><D74/><U77/><E39/><V9/><F68/><W32/><G70/><T69/><D127/><U105/><E105/><V101/><F72/><W113/><G113/><T34/><D106/><U43/><E64/><V131/><F131/><W99/><G120/><T17/><D103/><U12/><E77/><V5/><F20/><W87/><G87/><T13/><D94/><U128/><E0/><N who="2" m="167" /><F56/><W62/><G123/><T11/><D34/><U15/><E21/><V71/><F71/><W126/><G126/><T96/><D96/><U92/><E30/><V42/><F91/><W75/><G75/><T135/><D24/><U31/><E31/><V67/><F101/><W49/><G33/><T90/><D90/><U23/><E23/><V27/><F67/><W65/><G35/><T19/><D135/><U58/><E58/><V55/><F27/><W40/><G25/><T117/><D2/><U98/><E98/><V116/><F116/><W82/><G65/><T45/><D117/><U3/><E3/><V89/><F89/><W47/><G32/><T121/><D121/><U60/><E60/><V53/><AGARI ba="4,2" hai="42,46,51,53,55,97,100,104" m="167,41482" machi="53" ten="30,6000,0" yaku="14,1,10,1,52,1" doraHai="36" who="2" fromWho="2" sc="150,-24,240,-24,210,92,380,-24" /><INIT seed="2,5,0,0,3,115" ten="126,216,302,356" oya="2" hai0="77,93,6,113,14,120,110,28,55,63,17,106,58" hai1="43,48,34,52,122,72,50,62,82,125,1,69,98" hai2="7,102,81,118,109,11,119,26,76,32,5,64,65" hai3="67,3,75,87,30,0,107,105,99,21,94,123,49"/><V133/><F102/><W92/><G75/><T131/><D113/><U97/><E1/><V18/><F18/><W45/><G123/><T12/><D120/><U114/><E34/><V54/><F54/><W13/><G67/><N who="2" m="25673" /><F11/><W29/><G87/><T83/><D110/><U10/><E122/><V46/><F46/><W61/><G61/><T68/><D68/><U104/><E114/><V112/><F32/><W8/><G21/><T59/><D131/><U51/><E125/><V31/><F31/><W84/><G84/><T71/><D71/><U116/><E10/><V41/><F109/><W78/><G8/><T57/><D106/><U70/><E43/><V121/><F121/><W9/><G9/><T27/><D6/><N who="2" m="2058" /><F26/><W80/><G45/><T40/><D40/><U89/><E104/><V132/><F41/><W47/><G47/><T33/><D93/><U129/><E129/><V103/><F103/><W124/><G30/><T39/><D12/><U2/><E2/><N who="3" m="554" /><G13/><T37/><D59/><U4/><E4/><V35/><F35/><W74/><G29/><T36/><D58/><U126/><E126/><V128/><F128/><W86/><G124/><T95/><D95/><U88/><E48/><V127/><F127/><W44/><G94/><T42/><D42/><U53/><E62/><V23/><F112/><W19/><G19/><T15/><REACH who="0" step="1"/><D17/><REACH who="0" ten="116,216,302,356" step="2"/><U100/><E70/><V66/><F66/><W60/><G105/><T79/><D79/><U117/><E69/><V16/><F76/><W111/><G111/><T20/><D20/><U25/><E25/><N who="2" m="14567" /><F81/><N who="3" m="45271" /><G107/><T96/><D96/><RYUUKYOKU ba="5,1" sc="116,15,216,-15,302,15,356,-15" hai0="14,15,27,28,33,36,37,39,55,57,63,77,83" hai2="118,119,132,133" /><INIT seed="2,6,1,5,3,0" ten="131,201,317,341" oya="2" hai0="128,48,67,72,90,5,119,7,1,16,3,70,51" hai1="45,113,63,115,25,134,83,108,120,93,129,122,121" hai2="42,44,39,8,56,101,85,61,60,71,2,9,46" hai3="86,109,131,84,21,4,27,98,31,130,97,99,76"/><V6/><F101/><W133/><G109/><T41/><D72/><U33/><E108/><V55/><F46/><W123/><G123/><T88/><D128/><N who="3" m="49193" /><G133/><T81/><D119/><U57/><E129/><V96/><F85/><N who="3" m="32875" /><G76/><T13/><D81/><U62/><E134/><V69/><F96/><W118/><G118/><T22/><D1/><U92/><E83/><V64/><REACH who="2" step="1"/><F9/><REACH who="2" ten="131,201,307,341" step="2"/><W35/><G4/><T68/><D5/><U95/><E122/><V127/><F127/><W107/><G107/><T104/><D104/><U124/><E120/><V135/><F135/><W112/><G112/><T36/><D7/><U74/><E121/><V114/><F114/><W38/><G38/><T26/><D36/><U116/><E115/><V111/><F111/><W105/><G105/><T110/><D110/><U11/><E113/><V66/><F66/><W23/><AGARI ba="6,2" hai="21,23,27,31,35,97,98,99" m="32875,49193" machi="23" ten="40,1500,0" yaku="19,1" doraHai="0" who="3" fromWho="3" sc="131,-10,201,-10,307,-13,341,53" /><INIT seed="3,0,0,3,4,34" ten="121,191,294,394" oya="3" hai0="37,39,13,89,114,130,55,12,76,51,17,112,69" hai1="118,36,124,8,56,60,81,19,119,129,127,125,65" hai2="58,14,131,133,87,7,41,77,1,74,120,5,61" hai3="38,29,40,67,18,23,9,53,21,57,126,63,86"/><W50/><G126/><T121/><D121/><U20/><E8/><V43/><F120/><W11/><G29/><T25/><D69/><U68/><E81/><V92/><F133/><W116/><G116/><N who="1" m="44586" /><E19/><V59/><F1/><W100/><G100/><T45/><D76/><U84/><E20/><V85/><F131/><W94/><G38/><T54/><D130/><U135/><E84/><V0/><F0/><W128/><G40/><T103/><D103/><U90/><E90/><V134/><F134/><W46/><G128/><T88/><D17/><U49/><E129/><V30/><F30/><W10/><REACH who="3" step="1"/><G18/><REACH who="3" ten="121,191,294,384" step="2"/><T42/><D42/><U80/><E135/><V47/><F43/><W132/><G132/><T98/><D37/><U72/><E36/><V26/><F41/><W109/><G109/><T123/><D39/><U91/><E127/><V95/><F95/><W27/><G27/><T16/><D123/><U66/><E125/><V107/><F92/><W82/><G82/><T48/><D16/><U111/><E124/><V64/><F26/><W44/><G44/><T122/><D122/><U73/><E111/><V83/><F47/><W31/><G31/><T52/><D45/><U62/><E80/><V101/><F101/><W22/><G22/><T110/><D110/><U99/><E72/><V115/><F83/><W6/><G6/><T32/><D25/><U104/><E73/><V15/><F5/><W35/><G35/><T2/><D32/><U106/><E91/><AGARI ba="0,1" hai="9,10,11,21,23,46,50,53,57,63,67,86,91,94" machi="91" ten="40,3900,0" yaku="1,1,8,1,53,0" doraHai="34" doraHaiUra="93" who="3" fromWho="1" sc="121,0,191,-39,294,0,384,49" /><INIT seed="3,1,0,1,0,31" ten="121,152,294,433" oya="3" hai0="42,54,43,29,98,14,51,125,117,3,20,45,12" hai1="63,69,15,18,133,37,57,52,27,48,61,74,126" hai2="30,110,73,10,104,106,11,115,81,41,101,17,96" hai3="87,86,0,62,23,21,122,134,59,123,38,82,79"/><W5/><G38/><T28/><D117/><U9/><E74/><V97/><F115/><W44/><G134/><T91/><D3/><U19/><E133/><V1/><F110/><W71/><G71/><T32/><D125/><U68/><E126/><V65/><F41/><W4/><G44/><T116/><D116/><U127/><E37/><V78/><F65/><W80/><G62/><T135/><D135/><U77/><E77/><V8/><F30/><N who="0" m="11882" /><D32/><U47/><E127/><V56/><F56/><W121/><G59/><T49/><D20/><U92/><E92/><V50/><F50/><W120/><N who="3" m="30720" /><DORA hai="22" /><W89/><REACH who="3" step="1"/><G4/><REACH who="3" ten="121,152,294,423" step="2"/><T85/><D49/><U46/><E46/><V131/><F131/><W94/><G94/><N who="0" m="56671" /><D42/><U75/><E63/><V33/><F106/><W6/><G6/><T39/><D39/><U25/><E69/><V26/><F104/><W95/><G95/><T108/><D43/><N who="1" m="24703" /><E68/><V118/><F118/><W119/><G119/><T83/><D108/><U55/><E75/><V90/><F73/><W128/><G128/><T58/><D45/><U13/><E55/><V114/><F114/><W24/><G24/><T100/><D51/><U70/><E70/><V130/><F26/><W112/><G112/><T113/><D113/><U34/><E34/><V109/><F33/><W105/><G105/><T107/><D54/><U84/><E84/><V53/><F130/><W36/><G36/><T88/><D58/><U124/><E124/><V66/><F53/><W72/><G72/><T16/><D107/><U40/><E40/><V67/><F109/><W7/><G7/><RYUUKYOKU ba="1,1" sc="121,-15,152,15,294,-15,423,15" hai1="9,13,15,18,19,25,27,52,57,61" hai3="0,5,21,23,79,80,82,86,87,89" /><INIT seed="3,2,1,0,4,90" ten="106,167,279,438" oya="3" hai0="1,75,108,113,9,130,93,61,0,68,127,42,57" hai1="129,74,76,23,125,30,50,16,58,132,73,134,126" hai2="53,41,25,106,34,38,88,79,48,31,6,45,115" hai3="103,56,101,87,91,81,92,70,14,40,119,122,102"/><W100/><G119/><T60/><D108/><U35/><E76/><V95/><F115/><W7/><G70/><T18/><D75/><U105/><E105/><V77/><F106/><W121/><G40/><T82/><D113/><U89/><E129/><V8/><F53/><W47/><G47/><T111/><D111/><U94/><E30/><V19/><F19/><W72/><G56/><T12/><D82/><U64/><E35/><V51/><F79/><N who="3" m="44263" /><G14/><T33/><D127/><N who="1" m="48651" /><E64/><V63/><F77/><W104/><G7/><T22/><D130/><U2/><E2/><V66/><F8/><W20/><G20/><T21/><D33/><U37/><E37/><V135/><F6/><W117/><G117/><T85/><D0/><U44/><E58/><V24/><F24/><W118/><G118/><T28/><D1/><U65/><E65/><V84/><REACH who="2" step="1"/><F135/><REACH who="2" ten="106,167,269,438" step="2"/><W114/><G114/><T123/><D9/><U54/><E134/><V3/><F3/><W112/><G112/><T26/><D18/><U15/><E132/><V69/><AGARI ba="2,2" hai="25,31,34,38,41,45,48,51,63,66,69,84,88,95" machi="69" ten="20,8000,1" yaku="1,1,0,1,7,1,52,1,54,1,53,0" doraHai="90" doraHaiUra="11" who="2" fromWho="2" sc="106,-22,167,-22,269,106,438,-42" /><INIT seed="4,0,0,1,1,63" ten="84,145,375,396" oya="0" hai0="92,87,64,134,107,6,86,41,39,8,118,131,80" hai1="105,61,11,84,10,53,16,51,65,66,40,2,119" hai2="31,113,104,72,130,13,22,97,29,46,74,1,109" hai3="112,12,98,78,35,117,70,23,38,128,44,24,90"/><T116/><D107/><U50/><E2/><V49/><F109/><W99/><G117/><T52/><D131/><U122/><E105/><V135/><F1/><W81/><G70/><T96/><D134/><U20/><E122/><V75/><F113/><W47/><G35/><T25/><D25/><N who="1" m="14471" /><E119/><V111/><F111/><W48/><G112/><T4/><D118/><U17/><E84/><V18/><F130/><W34/><G34/><T114/><D114/><U21/><E61/><V60/><F60/><W43/><G90/><T115/><D115/><U102/><E102/><V126/><F126/><W32/><G12/><T54/><D87/><U57/><E40/><V55/><F135/><W89/><G89/><N who="0" m="55311" /><D41/><U120/><E50/><V129/><REACH who="2" step="1"/><F129/><REACH who="2" ten="84,145,365,396" step="2"/><W71/><G128/><T93/><D116/><U45/><E120/><V59/><F59/><W69/><G69/><T132/><D132/><U33/><E57/><V37/><F37/><W95/><G71/><T26/><D39/><U108/><E108/><V56/><F56/><W124/><G124/><T5/><D5/><U28/><E33/><V83/><F83/><W110/><G32/><T103/><D4/><U9/><E28/><V73/><N who="2" m="18432" /><DORA hai="36" /><V100/><AGARI ba="0,1" hai="13,18,22,29,31,46,49,55,97,100,104" m="18432" machi="100" ten="60,8000,1" yaku="1,1,4,1,0,1,53,1" doraHai="63,36" doraHaiUra="42,127" who="2" fromWho="2" sc="84,-40,145,-20,365,90,396,-20" /><INIT seed="5,0,0,4,4,113" ten="44,125,455,376" oya="1" hai0="28,121,98,101,40,86,67,75,64,79,50,70,91" hai1="100,84,52,88,32,132,118,22,58,43,73,111,15" hai2="45,24,99,46,21,71,53,0,60,133,127,96,134" hai3="76,104,17,41,78,12,3,112,87,31,89,120,94"/><U30/><E73/><V92/><F127/><W117/><G120/><T20/><D121/><U105/><E43/><V36/><F99/><W19/><G104/><T65/><D70/><U128/><E128/><V114/><F0/><W54/><G3/><T61/><D75/><U109/><E132/><N who="2" m="50795" /><F36/><W18/><G112/><T56/><D79/><U119/><E32/><V47/><F114/><W124/><G124/><T27/><D50/><N who="1" m="30999" /><E100/><N who="2" m="60423" /><F71/><W80/><G41/><T116/><D116/><U39/><E39/><V108/><F108/><N who="1" m="41545" /><E105/><V35/><F35/><W37/><G37/><T38/><D40/><U63/><E63/><V106/><F106/><W55/><G31/><T33/><D33/><U135/><E135/><V62/><F53/><W66/><G66/><T130/><D130/><U81/><E15/><V5/><F60/><W13/><G117/><T9/><D38/><U42/><E42/><V11/><F62/><W59/><G54/><T8/><D67/><U126/><E126/><V23/><F46/><W72/><G12/><T69/><D65/><U44/><E44/><V48/><F47/><W2/><G13/><T82/><REACH who="0" step="1"/><D69/><REACH who="0" ten="34,125,455,376" step="2"/><U10/><E10/><V95/><F11/><W1/><G72/><T16/><D16/><U90/><E90/><V68/><F68/><W7/><G17/><T131/><D131/><U103/><E103/><V110/><F110/><W57/><G19/><T51/><D51/><U115/><E115/><V14/><F48/><W97/><G18/><T34/><D34/><U107/><E107/><AGARI ba="0,1" hai="8,9,20,27,28,56,61,64,82,86,91,98,101,107" machi="107" ten="30,3900,0" yaku="1,1,7,1,53,1" doraHai="113" doraHaiUra="26" who="0" fromWho="1" sc="34,49,125,-39,455,0,376,0" /><INIT seed="6,0,0,3,5,50" ten="83,86,455,376" oya="2" hai0="51,102,2,12,126,112,38,60,98,121,134,127,11" hai1="30,61,99,75,106,82,7,39,92,109,18,87,62" hai2="33,105,103,16,45,48,28,104,93,0,19,120,84" hai3="66,57,29,42,89,124,111,85,72,17,46,97,131"/><V41/><F120/><W77/><G111/><T94/><D38/><U10/><E109/><V74/><F0/><W113/><G97/><T73/><D121/><U58/><E39/><V54/><F74/><W14/><G29/><T116/><D112/><U21/><E30/><V13/><F28/><W68/><G68/><T5/><D73/><U101/><E75/><V64/><F33/><W81/><G113/><T40/><D134/><U63/><E106/><V31/><F31/><W59/><G66/><T129/><D129/><U119/><E119/><V96/><F64/><W65/><G65/><T125/><D60/><U133/><E133/><V86/><F105/><W55/><G124/><T27/><D27/><N who="1" m="14775" /><E10/><N who="2" m="6199" /><F104/><W79/><G131/><T132/><D132/><U56/><E7/><V91/><F103/><W22/><G72/><T110/><D110/><U15/><E15/><V100/><F100/><W23/><G23/><T44/><D116/><U32/><E32/><V115/><F115/><W122/><G122/><T88/><D102/><U53/><E58/><V135/><F135/><W49/><REACH who="3" step="1"/><G59/><REACH who="3" ten="83,86,455,366" step="2"/><T9/><D9/><U78/><AGARI ba="0,1" hai="53,56,61,62,63,78,82,87,92,99,101" m="14775" machi="78" ten="30,2000,0" yaku="8,1,52,1" doraHai="50" who="1" fromWho="1" sc="83,-5,86,30,455,-10,366,-5" /><INIT seed="7,0,0,5,1,88" ten="78,116,445,361" oya="3" hai0="43,106,121,5,63,3,94,124,37,87,110,46,39" hai1="129,4,2,28,20,114,131,9,69,116,117,126,123" hai2="95,18,57,42,27,111,35,72,66,59,6,0,109" hai3="29,12,105,133,78,34,100,48,108,45,134,47,17"/><W36/><G108/><T81/><D110/><U30/><E69/><V120/><F72/><W115/><G115/><T83/><D106/><U91/><E123/><V40/><F111/><W14/><G78/><T62/><D121/><U52/><E114/><V32/><F109/><W75/><G75/><T128/><D128/><N who="1" m="49227" /><E126/><V96/><F0/><W22/><G36/><T60/><D124/><U31/><E91/><N who="2" m="55423" /><F32/><W8/><G34/><T130/><D130/><U70/><E70/><V19/><F35/><W118/><G118/><N who="1" m="45674" /><E52/><V26/><F120/><W127/><G127/><T49/><D83/><U11/><E11/><V79/><F6/><W98/><G29/><T56/><D56/><N who="2" m="21578" /><F66/><W119/><G119/><T102/><D5/><U113/><E113/><V10/><F79/><W7/><REACH who="3" step="1"/><G48/><REACH who="3" ten="78,116,445,351" step="2"/><T54/><D3/><U80/><E31/><V51/><F51/><W104/><G104/><T85/><D37/><U64/><E30/><V13/><F19/><W68/><G68/><T112/><D112/><U38/><E38/><V53/><F53/><W61/><G61/><T24/><D39/><U15/><E28/><V55/><F55/><W33/><G33/><T71/><D71/><U135/><E64/><V82/><F82/><W67/><G67/><T1/><D1/><U50/><E80/><V41/><AGARI ba="0,1" hai="10,13,18,26,27,40,41,42" m="21578,55423" machi="41" ten="30,2000,0" yaku="8,1,52,1" doraHai="88" who="2" fromWho="2" sc="78,-5,116,-5,445,30,351,-10" owari="73,-42.7,111,-28.9,475,57.5,341,14.1" /></mjloggm>