<mjloggm ver="2.3"><GO type="169" lobby="0"/><UN n0="%E3%83%90%E3%82%AD" n1="%E3%81%82%E3%81%84%E3%81%93%E3%81%99" n2="%E3%82%8A%E3%82%87%E3%81%91%E3%81%99" n3="%53%69%6C%65%6E%54" dan="16,16,17,16" rate="2108.92,2140.58,2165.28,2151.78" sx="M,M,M,F"/><TAIKYOKU oya="0"/><INIT seed="0,0,0,5,5,54" ten="250,250,250,250" oya="0" hai0="6,3,80,50,69,89,1,53,87,5,134,100,99" hai1="91,103,60,106,21,55,82,47,125,81,16,74,19" hai2="23,118,68,70,58,0,86,35,133,88,108,18,30" hai3="45,77,124,4,92,20,59,15,131,2,90,113,128"/><T14/><D134/><U49/><E125/><V40/><F108/><W109/><G109/><T11/><D69/><U110/><E110/><V76/><F133/><W29/><G113/><T132/><D132/><U112/><E112/><V121/><F121/><W116/><G116/><T65/><D65/><U107/><E19/><V33/><F76/><W71/><G71/><T9/><D14/><U97/><E107/><V66/><F0/><W67/><G45/><T52/><REACH who="0" step="1"/><D50/><REACH who="0" ten="240,250,250,250" step="2"/><U41/><E74/><V127/><F70/><W114/><G15/><T96/><D96/><U44/><E91/><V61/><F68/><W34/><G90/><T135/><D135/><U17/><E60/><V122/><F122/><W13/><G13/><T22/><D22/><U78/><E21/><V8/><F8/><N who="3" m="2071" /><G20/><T130/><D130/><U83/><REACH who="1" step="1"/><E78/><REACH who="1" ten="240,240,250,250" step="2"/><V85/><F88/><W56/><G77/><T32/><D32/><U43/><E43/><V129/><F40/><W75/><G75/><T36/><D36/><AGARI ba="0,2" hai="16,17,36,41,44,47,49,55,81,82,83,97,103,106" machi="36" ten="40,2600,0" yaku="1,1,54,1,53,0" doraHai="54" doraHaiUra="28" who="1" fromWho="0" sc="240,-26,240,46,250,0,250,0" /><INIT seed="1,0,0,2,0,0" ten="214,286,250,250" oya="1" hai0="41,74,103,5,89,55,99,77,44,50,117,10,92" hai1="24,130,60,88,33,109,32,69,111,35,23,37,47" hai2="12,96,87,108,97,39,18,107,45,126,43,31,20" hai3="58,73,110,53,91,131,94,54,71,64,120,4,134"/><U80/><E130/><V125/><F108/><N who="1" m="41545" /><E69/><V119/><F119/><W83/><G120/><T135/><D117/><U14/><E60/><V25/><F87/><W116/><G116/><T46/><D135/><U36/><E47/><V98/><REACH who="2" step="1"/><F107/><REACH who="2" ten="214,286,240,250" step="2"/><W65/><G110/><T17/><D74/><U86/><E14/><V51/><F51/><W82/><G73/><T27/><D50/><U66/><E66/><V105/><F105/><W70/><G65/><T127/><D127/><U102/><E102/><V7/><F7/><W84/><G64/><T76/><D103/><U72/><E72/><V95/><F95/><W30/><G94/><T81/><D92/><U122/><E122/><V124/><F124/><W133/><G84/><T128/><D5/><U115/><E115/><V3/><F3/><W75/><G75/><T90/><D81/><U6/><E6/><V132/><F132/><W79/><G4/><T129/><D129/><U22/><E24/><V13/><F13/><W114/><G131/><T2/><D27/><U112/><E112/><V59/><F59/><W9/><G114/><T42/><D128/><U8/><E8/><AGARI ba="0,1" hai="8,12,18,20,25,31,39,43,45,96,97,98,125,126" machi="8" ten="40,2600,0" yaku="1,1,53,1" doraHai="0" doraHaiUra="68" who="2" fromWho="1" sc="214,0,286,-26,240,36,250,0" /><INIT seed="2,0,0,0,4,0" ten="214,260,276,250" oya="2" hai0="25,84,19,90,44,11,28,94,83,54,46,120,70" hai1="22,99,68,8,27,85,14,69,80,29,45,16,122" hai2="56,33,53,135,103,40,118,98,88,123,76,39,100" hai3="65,5,96,112,125,73,134,110,79,6,131,24,13"/><V7/><F118/><W77/><G110/><T128/><D120/><U15/><E122/><V111/><F123/><W121/><G121/><T101/><D70/><U92/><E45/><V41/><F33/><W20/><G131/><T89/><D128/><U17/><E85/><V35/><F35/><W82/><G134/><T129/><D101/><U48/><E48/><V9/><F76/><W34/><G125/><T78/><D129/><U72/><E80/><V60/><F135/><W26/><G112/><T86/><D54/><U43/><E43/><V107/><F103/><W37/><G37/><T117/><D117/><U49/><E49/><V67/><F39/><W10/><G96/><T66/><D66/><U62/><E72/><V113/><F113/><W31/><G65/><T2/><D78/><U47/><E47/><V106/><F106/><W3/><G79/><T42/><D42/><U52/><E92/><V58/><F88/><W59/><G59/><T61/><D61/><U50/><E99/><V130/><F111/><W55/><G55/><T104/><D104/><U124/><E62/><V38/><F38/><W116/><G116/><T102/><D102/><U127/><E69/><V63/><REACH who="2" step="1"/><F130/><REACH who="2" ten="214,260,266,250" step="2"/><W132/><G132/><T91/><D90/><U93/><E127/><V108/><F108/><W57/><G34/><T126/><D126/><U75/><E124/><V74/><F74/><W114/><G114/><T51/><D91/><U36/><E75/><V71/><F71/><W4/><G73/><T87/><D89/><U12/><E68/><V64/><F64/><W109/><G109/><RYUUKYOKU ba="0,1" sc="214,-10,260,-10,266,30,250,-10" hai2="7,9,40,41,53,56,58,60,63,67,98,100,107" /><INIT seed="2,1,1,5,2,112" ten="204,250,296,240" oya="2" hai0="125,11,6,18,35,55,78,50,43,23,14,63,57" hai1="39,17,22,67,29,47,132,65,27,89,126,64,85" hai2="119,121,51,25,56,83,124,128,97,92,21,100,34" hai3="59,106,133,3,111,30,10,4,109,117,84,40,88"/><V38/><F121/><W19/><G106/><T5/><D125/><U90/><E126/><V41/><F124/><W76/><G133/><T95/><D35/><U116/><E116/><V60/><F38/><W74/><G30/><T123/><D123/><U54/><E132/><V8/><F128/><W2/><G2/><T79/><D5/><U122/><E122/><V96/><F34/><W93/><G59/><T58/><D95/><U66/><N who="1" m="16384" /><DORA hai="134" /><U44/><E39/><V42/><F119/><W70/><G70/><T53/><REACH who="0" step="1"/><D43/><REACH who="0" ten="194,250,296,240" step="2"/><U71/><E71/><V99/><F41/><W115/><G40/><T80/><D80/><U0/><E0/><AGARI ba="1,2" hai="0,6,11,14,18,23,50,53,55,57,58,63,78,79" machi="0" ten="30,7700,0" yaku="1,1,7,1,53,2" doraHai="112,134" doraHaiUra="72,26" who="0" fromWho="1" sc="194,100,250,-80,296,0,240,0" /><INIT seed="3,0,0,2,4,21" ten="294,170,296,240" oya="3" hai0="26,15,115,53,50,33,71,125,93,11,129,54,70" hai1="128,109,18,89,41,23,59,24,62,2,131,108,14" hai2="29,86,34,67,132,133,85,39,81,135,110,122,55" hai3="49,105,95,42,90,40,9,78,94,87,113,47,82"/><W37/><G113/><T17/><D115/><U120/><E120/><V80/><F39/><W99/><G105/><T68/><D125/><U6/><E41/><V77/><F67/><W44/><G9/><T52/><D129/><N who="1" m="49739" /><E89/><V66/><F66/><W25/><G95/><T130/><D130/><U124/><E59/><V27/><F110/><N who="1" m="42601" /><E62/><V69/><F122/><W114/><G114/><T31/><REACH who="0" step="1"/><D93/><REACH who="0" ten="284,170,296,240" step="2"/><U19/><E124/><V13/><F69/><W79/><REACH who="3" step="1"/><G25/><REACH who="3" ten="284,170,296,230" step="2"/><T16/><D16/><N who="1" m="12391" /><E2/><V30/><F133/><W22/><G22/><T32/><D32/><U35/><E35/><V107/><F135/><W91/><AGARI ba="0,2" hai="37,40,42,44,47,49,78,79,82,87,90,91,94,99" machi="91" ten="20,3900,0" yaku="1,1,0,1,7,1,53,0" doraHai="21" doraHaiUra="60" who="3" fromWho="3" sc="284,-13,170,-13,296,-13,230,59" /><INIT seed="3,1,0,2,0,11" ten="271,157,283,289" oya="3" hai0="71,12,16,65,121,111,2,37,100,128,72,115,66" hai1="89,29,44,58,38,124,135,134,127,50,27,26,125" hai2="67,34,98,80,64,57,17,108,129,19,31,7,133" hai3="23,120,13,68,30,110,53,106,59,84,39,92,52"/><W112/><G106/><T36/><D121/><U8/><E89/><V43/><F108/><W107/><G107/><T73/><D2/><U60/><E38/><V35/><F43/><W116/><G68/><T97/><D111/><U132/><E8/><V130/><F57/><W46/><G112/><T25/><D128/><U10/><E10/><V1/><F80/><W122/><G116/><T33/><D115/><U21/><E26/><V55/><F55/><W20/><G110/><T24/><D97/><U82/><E82/><V61/><F31/><W6/><G39/><T104/><D104/><U78/><E78/><V9/><F98/><W40/><G40/><T79/><D100/><U85/><E85/><V77/><F77/><W91/><G46/><T62/><D79/><U95/><E95/><V76/><F76/><W18/><G6/><T83/><D83/><U0/><E0/><V14/><F61/><W51/><G53/><T94/><D94/><U109/><E109/><V123/><F123/><W47/><G47/><T101/><D71/><U70/><E70/><V126/><F67/><W4/><G4/><T117/><D117/><U22/><E44/><V74/><F64/><W45/><G45/><T63/><D101/><U93/><E50/><V90/><F74/><W103/><G103/><T113/><D113/><U119/><E119/><V49/><F130/><W41/><G41/><T75/><D75/><U32/><E93/><V102/><F129/><W56/><REACH who="3" step="1"/><G56/><REACH who="3" ten="271,157,283,279" step="2"/><T114/><D114/><U96/><E96/><V54/><F102/><W99/><G99/><T15/><D33/><RYUUKYOKU ba="1,1" sc="271,10,157,10,283,-30,279,10" hai0="12,15,16,24,25,36,37,62,63,65,66,72,73" hai1="21,22,27,29,32,58,60,124,125,127,132,134,135" hai3="13,18,20,23,30,51,52,59,84,91,92,120,122" /><INIT seed="3,2,1,0,5,53" ten="281,167,253,289" oya="3" hai0="61,48,32,4,27,92,71,68,134,21,132,135,78" hai1="63,7,34,83,39,98,1,81,103,56,29,26,70" hai2="113,115,84,125,60,42,19,5,57,43,67,75,47" hai3="129,116,105,120,38,59,117,91,112,104,45,107,87"/><W110/><G112/><T62/><D32/><U44/><E70/><N who="0" m="26665" /><D4/><U46/><E7/><V41/><F75/><W95/><G120/><T28/><D78/><U24/><E1/><V131/><F5/><W69/><G69/><T88/><D48/><U109/><E109/><V14/><F125/><W108/><G129/><T30/><D30/><U77/><E24/><V40/><F131/><W0/><G0/><T18/><D18/><U93/><E39/><V106/><F106/><W102/><G102/><T52/><D52/><U85/><REACH who="1" step="1"/><E83/><REACH who="1" ten="281,157,253,289" step="2"/><V54/><F115/><W51/><G38/><T49/><D49/><U122/><E122/><V133/><F113/><W114/><G114/><T10/><D10/><U130/><E130/><V12/><F12/><W37/><G37/><T127/><D127/><U15/><E15/><V89/><F14/><W6/><G6/><T80/><D80/><U58/><E58/><V50/><F50/><W20/><G59/><T33/><D33/><U3/><E3/><V79/><F57/><W11/><G11/><T76/><D76/><U23/><E23/><V111/><F79/><W35/><G20/><T64/><D64/><AGARI ba="2,2" hai="26,29,34,44,46,56,63,64,77,81,85,93,98,103" machi="64" ten="30,3900,0" yaku="1,1,7,1,52,1,53,0" doraHai="53" doraHaiUra="119" who="1" fromWho="0" sc="281,-45,157,65,253,0,289,0" /><INIT seed="4,0,0,1,1,18" ten="236,222,253,289" oya="0" hai0="25,132,32,83,79,57,45,33,133,86,135,40,54" hai1="110,50,56,117,108,97,120,100,134,28,55,89,130" hai2="127,10,23,61,46,81,88,131,104,3,16,5,53" hai3="122,129,71,44,94,37,41,99,38,58,42,6,119"/><T105/><D105/><U52/><E120/><V107/><F127/><W63/><G119/><T4/><D25/><U67/><E117/><V126/><F131/><W85/><G129/><T30/><D30/><U17/><E130/><V47/><F126/><W9/><G85/><T113/><D113/><U77/><E77/><V74/><F74/><W69/><G122/><T13/><D57/><U102/><E67/><V2/><F3/><W75/><G75/><T34/><D54/><U84/><E28/><V98/><F47/><W109/><G109/><T121/><D121/><U90/><E90/><V115/><F115/><W72/><G72/><T128/><D128/><U92/><E102/><V12/><F61/><W95/><G95/><T8/><REACH who="0" step="1"/><D33/><REACH who="0" ten="226,222,253,289" step="2"/><U24/><E108/><V22/><F107/><W35/><G35/><T114/><D114/><U0/><E110/><V123/><F123/><W21/><G58/><T20/><D20/><U103/><E55/><V59/><F104/><W91/><G21/><T106/><D106/><U36/><E24/><V60/><F46/><W7/><G44/><T49/><AGARI ba="0,1" hai="4,8,13,32,34,40,45,49,79,83,86,132,133,135" machi="49" ten="30,18000,2" yaku="1,1,0,1,25,2,20,1,53,1" doraHai="18" doraHaiUra="80" who="0" fromWho="0" sc="226,190,222,-60,253,-60,289,-60" /><INIT seed="4,1,0,3,0,67" ten="416,162,193,229" oya="0" hai0="57,20,7,48,101,87,113,131,68,69,110,86,114" hai1="94,81,109,102,35,43,130,62,96,44,98,76,79" hai2="6,28,26,12,58,100,0,27,14,125,134,92,117" hai3="133,129,1,107,15,70,78,118,106,104,38,40,46"/><T115/><D131/><U61/><E109/><V123/><F123/><W34/><G118/><T80/><D110/><U30/><E130/><V56/><F117/><W11/><G129/><T45/><D101/><U17/><E30/><V50/><F125/><W42/><G42/><T5/><D57/><U18/><E35/><V9/><F134/><W112/><G112/><T53/><D20/><U116/><E96/><V83/><F27/><W54/><G34/><T29/><D87/><U82/><E81/><V3/><F83/><W135/><G1/><T66/><D66/><U59/><E62/><V65/><F0/><W25/><G25/><T119/><D29/><U10/><E10/><V64/><F64/><W60/><G78/><N who="0" m="46359" /><D119/><U24/><E116/><V90/><F100/><W41/><G41/><T124/><D124/><U52/><E79/><V77/><F77/><W71/><G54/><T132/><D132/><N who="3" m="50761" /><G60/><T128/><D128/><U111/><E111/><V4/><F58/><W36/><G36/><T126/><D126/><U8/><E24/><V72/><F50/><W122/><G122/><T31/><D31/><U55/><E55/><V13/><F56/><W73/><G73/><T120/><D120/><U22/><E43/><V21/><F72/><W74/><G74/><T121/><D121/><U33/><E44/><V49/><F49/><W103/><G103/><T99/><D99/><U85/><E33/><V93/><F65/><W108/><G108/><T51/><D51/><U97/><E98/><V89/><F28/><W63/><G63/><T105/><D105/><N who="3" m="26881" /><W91/><DORA hai="88" /><G91/><RYUUKYOKU ba="1,0" sc="416,15,162,-15,193,-15,229,15" hai0="5,7,45,48,53,68,69,113,114,115" hai3="11,15,38,40,46,70,71" /><INIT seed="4,2,0,4,0,135" ten="431,147,178,244" oya="0" hai0="87,76,40,72,27,105,98,113,132,96,66,86,29" hai1="93,20,84,127,45,78,117,64,39,82,88,108,62" hai2="106,92,17,125,104,43,52,134,46,32,103,2,74" hai3="13,97,8,47,25,114,95,58,51,124,122,33,68"/><T53/><D132/><U129/><E108/><V63/><F134/><W128/><G114/><T55/><D113/><U60/><E117/><V107/><F74/><W18/><G68/><T130/><D130/><U38/><E129/><V75/><F75/><W81/><G122/><T65/><D72/><U0/><E0/><V109/><F109/><W79/><G58/><T90/><D40/><U69/><E20/><V126/><F32/><W49/><G128/><T6/><D6/><U19/><E19/><V67/><F2/><W71/><G71/><T31/><D76/><U115/><E115/><V12/><F52/><N who="0" m="20042" /><D27/><U14/><E14/><V21/><F92/><W9/><G47/><T91/><D105/><U3/><E62/><V123/><F103/><W133/><G25/><T50/><D50/><U41/><E3/><V4/><F4/><W5/><G33/><T70/><D70/><U37/><REACH who="1" step="1"/><E127/><REACH who="1" ten="431,137,178,244" step="2"/><N who="2" m="48651" /><F123/><W10/><G124/><T35/><D35/><U30/><E30/><V94/><F94/><W116/><G95/><N who="0" m="54743" /><D29/><U59/><E59/><N who="2" m="37375" /><F104/><W73/><G133/><T56/><D31/><U101/><E101/><V83/><F83/><W120/><G120/><T34/><D34/><U16/><E16/><V48/><AGARI ba="2,1" hai="12,17,21,43,46,48,106,107" m="37375,48651" machi="48" ten="30,7900,0" yaku="18,1,52,3" doraHai="135" who="2" fromWho="2" sc="431,-41,137,-22,178,95,244,-22" /><INIT seed="5,0,0,5,5,58" ten="390,115,273,222" oya="1" hai0="1,94,131,47,29,34,8,98,100,67,7,79,70" hai1="13,44,63,59,41,87,50,18,64,39,56,107,127" hai2="74,52,43,3,124,0,114,97,40,104,117,24,55" hai3="54,75,20,84,129,108,115,121,106,11,99,2,105"/><U78/><E127/><V102/><F117/><W120/><G75/><T110/><D110/><U9/><E107/><V42/><F74/><W126/><G108/><T111/><D111/><U36/><REACH who="1" step="1"/><E59/><REACH who="1" ten="390,105,273,222" step="2"/><V65/><F124/><W57/><G106/><T92/><D70/><U15/><E15/><V61/><F114/><W90/><G105/><T86/><D1/><U28/><E28/><V112/><F112/><W134/><G126/><T91/><D29/><U76/><E76/><V72/><F3/><W4/><G115/><T32/><D79/><U96/><E96/><V22/><F0/><W68/><G99/><T25/><D98/><U125/><E125/><V135/><F135/><W101/><G134/><T116/><D116/><U113/><E113/><V88/><F88/><W66/><G68/><T80/><D91/><U30/><E30/><V19/><REACH who="2" step="1"/><F72/><REACH who="2" ten="390,105,263,222" step="2"/><W6/><G90/><T93/><D34/><U31/><E31/><V12/><F12/><W109/><G109/><T73/><D32/><U95/><E95/><V53/><F53/><W130/><G54/><T132/><D73/><U5/><E5/><V60/><F60/><W77/><G6/><T27/><D132/><U103/><E103/><V69/><AGARI ba="0,2" hai="19,22,24,40,42,43,52,55,61,65,69,97,102,104" machi="69" ten="30,12000,2" yaku="1,1,0,1,52,1,54,1,53,3" doraHai="58" doraHaiUra="38" who="2" fromWho="2" sc="390,-30,105,-60,263,140,222,-30" /><INIT seed="6,0,0,2,0,75" ten="360,45,403,192" oya="2" hai0="6,55,4,119,82,35,78,71,10,3,106,43,14" hai1="18,107,115,134,32,51,27,76,91,46,50,135,23" hai2="24,65,110,2,92,90,77,85,20,127,108,123,117" hai3="64,81,13,113,31,5,95,84,69,52,42,93,99"/><V116/><F2/><W96/><G42/><T100/><D119/><U88/><E107/><V19/><F123/><W9/><G113/><T26/><D71/><U56/><E115/><V30/><F65/><W72/><G72/><T111/><D111/><N who="2" m="42538" /><F30/><W74/><G74/><T22/><D35/><U28/><E56/><V29/><F29/><W11/><G31/><T122/><D122/><U80/><E51/><V21/><F21/><W97/><G64/><T89/><D89/><U87/><E135/><V86/><F127/><W15/><G69/><T70/><D70/><U130/><E130/><V121/><F121/><W120/><G120/><T63/><D43/><U7/><E7/><V54/><F54/><W67/><G67/><T101/><D106/><U126/><E126/><V17/><F17/><N who="3" m="8367" /><G52/><T114/><D114/><U8/><E134/><V12/><F12/><W16/><G5/><T112/><D112/><U37/><E37/><V129/><F129/><W131/><G131/><T59/><D4/><U102/><E102/><V41/><F41/><W33/><G33/><T128/><D128/><U61/><E61/><V25/><F25/><W39/><G39/><T34/><D34/><U94/><E8/><V103/><F103/><W44/><G44/><T36/><D36/><U66/><E66/><V79/><F86/><W73/><G73/><T60/><D3/><U104/><E104/><V68/><F68/><W1/><G1/><T47/><D63/><U58/><E32/><V38/><F38/><W53/><G53/><T124/><D124/><U83/><E28/><V0/><F0/><RYUUKYOKU ba="0,0" sc="360,-15,45,-15,403,15,192,15" hai2="19,20,24,77,79,85,90,92,116,117" hai3="11,15,16,81,84,93,95,96,97,99" /><INIT seed="6,1,0,5,1,15" ten="345,30,418,207" oya="2" hai0="40,2,46,50,88,5,44,69,63,54,62,114,128" hai1="31,42,70,122,73,47,37,14,19,91,125,126,110" hai2="82,135,96,20,116,61,22,129,29,102,93,72,75" hai3="38,118,0,51,41,65,76,105,133,53,13,108,57"/><V6/><F116/><W68/><G118/><T67/><D114/><U113/><E91/><V26/><F129/><W127/><G105/><T123/><D123/><U66/><E31/><V52/><F135/><W10/><G108/><T81/><D128/><U39/><E47/><V77/><F6/><W89/><G0/><T95/><D63/><U16/><E42/><V28/><F22/><W49/><G127/><N who="1" m="48650" /><E110/><V64/><F75/><W55/><G89/><T109/><D109/><U36/><E113/><V99/><F99/><W84/><G84/><T34/><D34/><U4/><E73/><V1/><F1/><W85/><G85/><T25/><D25/><U27/><E27/><V71/><REACH who="2" step="1"/><F52/><REACH who="2" ten="345,30,408,207" step="2"/><W79/><G55/><T3/><D5/><U103/><E122/><V86/><F86/><W94/><G53/><T21/><D21/><U18/><E103/><V131/><F131/><W9/><G133/><T117/><D117/><U115/><E115/><V7/><F7/><W58/><G9/><T83/><D2/><U111/><E111/><V97/><F97/><W43/><G10/><T60/><D3/><U24/><E24/><V32/><F32/><W90/><G41/><T130/><D130/><U124/><N who="1" m="48658" /><U119/><DORA hai="74" /><E119/><V59/><F59/><W8/><G58/><T48/><D60/><N who="1" m="40263" /><E4/><V78/><F78/><W87/><G79/><T23/><D23/><AGARI ba="1,1" hai="14,16,18,19,23,36,37,39" m="40263,48658" machi="23" ten="50,8000,1" yaku="18,1,52,3,54,1" doraHai="15,74" who="1" fromWho="0" sc="345,-83,30,93,408,0,207,0" /><INIT seed="7,0,0,2,0,39" ten="262,123,408,207" oya="3" hai0="59,3,40,21,99,54,83,110,14,128,102,24,122" hai1="30,104,8,35,73,53,101,94,48,125,123,56,69" hai2="96,2,79,16,135,127,67,108,82,37,131,117,133" hai3="111,106,119,33,7,19,5,63,23,89,51,58,107"/><W75/><G33/><T81/><D3/><U77/><E123/><V50/><F37/><W85/><G75/><T86/><D122/><U90/><E69/><V31/><F2/><W4/><G119/><T129/><D110/><U74/><E125/><V10/><F31/><W60/><G111/><T26/><D14/><U66/><E66/><V15/><F117/><W134/><G134/><T65/><D65/><U13/><E30/><V55/><F67/><W22/><G107/><N who="0" m="63967" /><D40/><U72/><E35/><V44/><F96/><W84/><G106/><T71/><D71/><U11/><E101/><V47/><F127/><W42/><G85/><T28/><D26/><U132/><E104/><V88/><F88/><W46/><G58/><T52/><D59/><U87/><E77/><V41/><F131/><N who="0" m="50250" /><D81/><U17/><REACH who="1" step="1"/><E132/><REACH who="1" ten="262,113,408,207" step="2"/><N who="2" m="50763" /><F108/><W103/><G103/><T36/><D36/><U20/><AGARI ba="0,1" hai="8,11,13,17,20,48,53,56,72,73,74,87,90,94" machi="20" ten="30,7900,0" yaku="1,1,0,1,25,2,53,0" doraHai="39" doraHaiUra="121" who="1" fromWho="1" sc="262,-20,113,89,408,-20,207,-39" owari="242,4.2,202,-19.8,388,48.8,168,-33.2" /></mjloggm>