<mjloggm ver="2.3"><GO type="169" lobby="0"/><UN n0="%E3%81%8B%E3%82%81%E3%81%98%E3%82%8D%E3%81%86" n1="%69%50%68%6F%6E%65%31" n2="%E3%81%8A%E3%81%AE%E3%81%BE" n3="%E3%83%90%E3%82%AD" dan="16,16,16,16" rate="2107.13,2132.79,2127.96,2114.74" sx="M,M,F,M"/><TAIKYOKU oya="0"/><INIT seed="0,0,0,2,1,103" ten="250,250,250,250" oya="0" hai0="53,60,126,129,65,78,25,125,106,9,49,3,111" hai1="120,39,116,43,66,112,80,15,38,92,89,85,110" hai2="67,113,51,95,48,133,36,119,115,22,42,57,10" hai3="96,100,11,69,86,104,135,74,62,98,84,94,132"/><T83/><D129/><U128/><E116/><V73/><F73/><W35/><G35/><T20/><D111/><U109/><E120/><V56/><F22/><W2/><G69/><T23/><D106/><U12/><E128/><V72/><F72/><W14/><G2/><T91/><D91/><U13/><E112/><V27/><F27/><W87/><G62/><T7/><D49/><U130/><E130/><V114/><F95/><W55/><G55/><T118/><D53/><U131/><E131/><V0/><F10/><W19/><REACH who="3" step="1"/><G74/><REACH who="3" ten="250,250,250,240" step="2"/><T97/><D118/><U124/><E66/><V21/><F0/><W54/><G54/><T17/><D23/><U64/><E64/><V79/><F21/><W76/><G76/><T4/><D4/><U108/><E43/><V59/><F79/><W16/><G16/><T1/><D1/><U18/><E18/><V8/><F119/><W45/><G45/><T33/><D33/><U70/><E70/><V117/><F117/><W90/><AGARI ba="0,1" hai="11,14,19,84,86,87,90,94,96,98,100,104,132,135" machi="90" ten="30,4000,0" yaku="1,1,0,1,52,1,53,0" doraHai="103" doraHaiUra="77" who="3" fromWho="3" sc="250,-20,250,-10,250,-10,240,50" /><INIT seed="1,0,0,3,5,109" ten="230,240,240,290" oya="1" hai0="115,56,47,108,51,66,126,1,11,107,103,69,97" hai1="23,92,111,61,15,130,9,89,121,45,40,42,102" hai2="48,8,99,27,94,100,79,21,104,7,17,39,18" hai3="55,49,26,16,10,5,36,54,2,43,50,122,53"/><U46/><E121/><V65/><F39/><W96/><G122/><T106/><D108/><U57/><E102/><V91/><F79/><W75/><G75/><T84/><D126/><U116/><E116/><V24/><F65/><W117/><G117/><T60/><D84/><N who="1" m="52263" /><E23/><V52/><F27/><W62/><G62/><T20/><D115/><U73/><E73/><V95/><F18/><W101/><G36/><T44/><D44/><N who="1" m="17003" /><E130/><V14/><REACH who="2" step="1"/><F91/><REACH who="2" ten="230,240,230,290" step="2"/><W93/><REACH who="3" step="1"/><G43/><REACH who="3" ten="230,240,230,280" step="2"/><T13/><D69/><U134/><E111/><V12/><F12/><W71/><G71/><T38/><D38/><U85/><E42/><V128/><F128/><W33/><G33/><T74/><D74/><U37/><E40/><V131/><F131/><W113/><G113/><T87/><D13/><U120/><E37/><V110/><F110/><W105/><G105/><T19/><D106/><U58/><E15/><V30/><F30/><W32/><G32/><T63/><D107/><U90/><E120/><V129/><F129/><W31/><G31/><T125/><D1/><U22/><E61/><V41/><F41/><W86/><G86/><T88/><D63/><U68/><E68/><V81/><F81/><W70/><G70/><T133/><D60/><U83/><E85/><V119/><F119/><W76/><G76/><T80/><D87/><U112/><E83/><V127/><F127/><W132/><G132/><T59/><D133/><U4/><E112/><V98/><F98/><W35/><G35/><T25/><D97/><U72/><E72/><V78/><F78/><W135/><G135/><T124/><D125/><RYUUKYOKU ba="0,2" sc="230,-15,240,-15,230,15,280,15" hai2="7,8,14,17,21,24,48,52,94,95,99,100,104" hai3="2,5,10,16,26,49,50,53,54,55,93,96,101" /><INIT seed="2,1,2,3,4,13" ten="215,225,245,295" oya="2" hai0="41,65,90,71,134,0,30,15,73,16,11,114,23" hai1="54,133,24,50,77,120,110,92,37,95,125,127,89" hai2="1,124,116,19,35,121,17,21,57,93,109,66,55" hai3="25,2,27,51,81,48,122,106,74,82,34,105,53"/><V12/><F116/><W79/><G122/><T43/><D114/><U76/><E37/><V3/><F121/><W6/><G48/><T69/><D73/><U33/><E120/><V18/><F35/><W108/><G108/><T112/><D112/><U64/><E110/><V129/><F109/><W123/><G123/><T28/><D134/><U47/><E133/><V4/><F66/><W103/><G103/><T135/><D135/><U63/><E24/><V39/><F39/><W107/><G34/><T97/><D90/><U7/><E7/><V72/><F72/><W101/><G101/><T49/><D97/><U91/><E33/><V85/><F124/><N who="1" m="47689" /><E91/><N who="2" m="53487" /><F129/><W31/><G31/><T68/><D65/><U26/><E26/><V36/><F36/><W86/><G6/><T131/><D131/><U126/><E126/><V84/><F84/><W70/><G70/><T117/><D117/><U32/><E32/><V46/><F46/><W75/><G75/><T100/><D100/><U8/><E8/><N who="2" m="2063" /><F3/><W42/><G2/><T96/><D96/><N who="1" m="57359" /><E95/><V113/><F113/><W99/><G99/><T119/><D119/><U10/><E10/><V58/><F58/><AGARI ba="1,2" hai="47,50,54,58,63,64,76,77" m="57359,47689" machi="58" ten="30,1000,0" yaku="18,1" doraHai="13" who="1" fromWho="2" sc="215,0,225,33,245,-13,295,0" /><INIT seed="3,0,0,2,4,67" ten="215,258,232,295" oya="3" hai0="6,109,58,50,27,45,8,60,29,94,48,108,3" hai1="87,91,46,28,132,47,81,22,11,79,107,53,133" hai2="64,41,35,73,128,16,111,101,5,100,18,118,55" hai3="103,89,104,61,13,0,125,56,112,69,120,63,92"/><W134/><G112/><T10/><D10/><U82/><E107/><V2/><F35/><W25/><G120/><T131/><D131/><U117/><E117/><V44/><F118/><W123/><G123/><T98/><D108/><U99/><E11/><V96/><F111/><W70/><G0/><T59/><D109/><U84/><E133/><V90/><F73/><W20/><G134/><T51/><D45/><U115/><E115/><V66/><F55/><W52/><G125/><T110/><D110/><U93/><E53/><V80/><F5/><W135/><G13/><T19/><D19/><U39/><E39/><V57/><F2/><W42/><G42/><T26/><D26/><N who="1" m="16471" /><E132/><V102/><F128/><W113/><G63/><T15/><D3/><U77/><AGARI ba="0,0" hai="46,47,77,79,81,82,84,87,91,93,99" m="16471" machi="77" ten="30,1100,0" yaku="8,1" doraHai="67" who="1" fromWho="1" sc="215,-3,258,11,232,-3,295,-5" /><INIT seed="4,0,0,0,0,46" ten="212,269,229,290" oya="0" hai0="65,22,130,129,54,123,68,88,119,81,31,36,66" hai1="108,20,1,69,121,32,11,98,115,90,113,124,117" hai2="50,70,48,52,128,67,109,75,9,41,74,39,127" hai3="29,126,107,95,49,96,103,100,110,57,94,135,86"/><T73/><D123/><U2/><E90/><V40/><F109/><W30/><G110/><T18/><D119/><U53/><E98/><V106/><F106/><W61/><G126/><T84/><D36/><U63/><E53/><V16/><F127/><W4/><G135/><T72/><D31/><U99/><E63/><V0/><F39/><W8/><G107/><T6/><D6/><U38/><E99/><V42/><F128/><N who="0" m="49258" /><D54/><U104/><E20/><V105/><F105/><W116/><G103/><T131/><N who="0" m="49266" /><T102/><DORA hai="132" /><D102/><U101/><E101/><V15/><F0/><W92/><G116/><T44/><D44/><U133/><E2/><V112/><F112/><W33/><G33/><T5/><D5/><U79/><E32/><V59/><REACH who="2" step="1"/><F50/><REACH who="2" ten="212,269,219,290" step="2"/><W82/><G49/><T71/><D71/><U35/><E69/><V34/><F34/><W47/><G100/><T122/><D122/><U78/><E35/><V111/><F111/><W87/><G96/><T91/><D68/><U83/><E108/><V120/><F120/><W25/><G47/><T80/><D72/><U3/><E121/><V27/><F27/><W21/><G57/><T37/><D37/><U24/><E38/><V56/><F56/><W17/><G61/><AGARI ba="0,1" hai="9,15,16,40,41,42,48,52,59,61,67,70,74,75" machi="61" ten="40,8000,1" yaku="1,1,52,1,54,2,53,0" doraHai="46,132" doraHaiUra="76,89" who="2" fromWho="3" sc="212,0,269,0,219,90,290,-80" /><INIT seed="5,0,0,5,2,117" ten="212,269,309,210" oya="1" hai0="46,103,79,102,119,27,91,19,93,5,1,133,116" hai1="57,38,69,123,36,104,66,62,63,40,13,11,125" hai2="21,118,4,94,60,84,0,68,50,71,65,82,132" hai3="14,74,101,23,108,85,52,12,98,39,6,109,59"/><U45/><E104/><V97/><F118/><W18/><G74/><T22/><D133/><U48/><E125/><V128/><F132/><W110/><G39/><N who="1" m="14890" /><E13/><V24/><F128/><W134/><G134/><T126/><D126/><U86/><E86/><V76/><F50/><W26/><G85/><T121/><D79/><U127/><E11/><V56/><F4/><W120/><G120/><T8/><D121/><U89/><E89/><V73/><F0/><W96/><G6/><T2/><D2/><U78/><E78/><V10/><F10/><W107/><REACH who="3" step="1"/><G98/><REACH who="3" ten="212,269,309,200" step="2"/><T43/><D119/><U80/><E127/><V70/><F73/><W29/><G29/><T51/><D116/><U75/><E75/><V28/><REACH who="2" step="1"/><F71/><REACH who="2" ten="212,269,299,200" step="2"/><W53/><G53/><T33/><REACH who="0" step="1"/><D33/><REACH who="0" ten="202,269,299,200" step="2"/><U49/><E123/><V32/><F32/><W54/><G54/><T81/><D81/><U83/><E83/><V111/><F111/><W100/><G100/><AGARI ba="0,3" hai="21,24,28,56,60,65,68,70,76,82,84,94,97,100" machi="100" ten="30,7700,0" yaku="1,1,7,1,25,2,53,0" doraHai="117" doraHaiUra="113" who="2" fromWho="3" sc="202,0,269,0,299,107,200,-77" /><INIT seed="6,0,0,1,2,15" ten="202,269,406,123" oya="2" hai0="80,68,1,30,88,128,101,76,106,21,135,13,48" hai1="100,4,37,125,130,107,113,109,82,67,60,6,118" hai2="66,9,87,44,33,75,40,26,3,77,110,25,10" hai3="45,99,83,61,103,59,134,62,51,93,120,65,58"/><V92/><F110/><W12/><G134/><T50/><D1/><U71/><E37/><V63/><F33/><W119/><G119/><T43/><D135/><U102/><E118/><V32/><F32/><W129/><G129/><T96/><D68/><U94/><E94/><V89/><F75/><W28/><G120/><T27/><D128/><U31/><E82/><V39/><F77/><W127/><G127/><T5/><D43/><U98/><E102/><V115/><F115/><W90/><G28/><T132/><D132/><U7/><E130/><V17/><F3/><W111/><G111/><T57/><D57/><U133/><E133/><V116/><F116/><W42/><G83/><T20/><D88/><U64/><E109/><V78/><F78/><W86/><G12/><T56/><D56/><U122/><E113/><V23/><REACH who="2" step="1"/><F25/><REACH who="2" ten="202,269,396,123" step="2"/><W36/><G36/><T47/><D76/><U55/><E125/><V69/><AGARI ba="0,1" hai="9,10,17,23,26,39,40,44,63,66,69,87,89,92" machi="69" ten="20,12000,1" yaku="1,1,2,1,0,1,7,1,52,1,53,0" doraHai="15" doraHaiUra="121" who="2" fromWho="2" sc="202,-40,269,-40,396,130,123,-40" /><INIT seed="6,1,0,1,1,77" ten="162,229,526,83" oya="2" hai0="57,100,111,101,32,88,30,9,43,3,21,107,62" hai1="2,63,54,38,133,110,74,15,14,36,84,120,72" hai2="103,44,40,129,16,106,92,10,1,37,18,46,59" hai3="28,131,47,76,116,48,6,79,60,42,33,34,122"/><V80/><F106/><W39/><G116/><T69/><D111/><U99/><E2/><V83/><F129/><W91/><G122/><T123/><D123/><U50/><E120/><V112/><F112/><W126/><G131/><T19/><D69/><U89/><E50/><V4/><F46/><W97/><G126/><T118/><D118/><U66/><E84/><V93/><F59/><W41/><G6/><T24/><D43/><U105/><E89/><V81/><REACH who="2" step="1"/><F92/><REACH who="2" ten="162,229,516,83" step="2"/><W5/><G47/><T90/><D107/><U85/><E105/><V94/><F94/><N who="3" m="56543" /><G39/><T61/><D100/><U31/><E38/><V22/><F22/><W11/><G34/><T119/><D101/><U75/><E36/><V130/><F130/><W0/><G33/><T55/><D119/><U113/><E113/><V108/><F108/><W95/><G95/><T68/><D68/><U134/><E110/><V35/><F35/><W58/><G58/><T7/><REACH who="0" step="1"/><D62/><REACH who="0" ten="152,229,516,83" step="2"/><U64/><E63/><V65/><F65/><W12/><G60/><T17/><D17/><U124/><E64/><V51/><F51/><W86/><G48/><T117/><D117/><U8/><E66/><V102/><F102/><W71/><G71/><T127/><D127/><U70/><E70/><V56/><F56/><W82/><G42/><T29/><D29/><U67/><E31/><V23/><F23/><W26/><G41/><T98/><D98/><AGARI ba="1,2" hai="1,4,10,16,18,37,40,44,80,81,83,93,98,103" machi="98" ten="40,18000,2" yaku="1,1,52,3,54,1,53,2" doraHai="77" doraHaiUra="13" who="2" fromWho="0" sc="152,-183,229,0,516,203,83,0" owari="-31,-53.1,229,2.9,719,81.9,83,-31.7" /></mjloggm>