<mjloggm ver="2.3"><GO type="169" lobby="0"/><UN n0="%E7%90%86%E5%B7%A5%E3%83%95%E3%83%AA%E3%83%86%E3%83%B3%E5%A4%A7%E5%B8%AB" n1="%E3%82%80%E3%82%89%E3%81%B3%E3%81%A8" n2="%E5%9D%8A%E3%82%84%E3%81%A1%E3%81%A4" n3="%E3%83%AA%E3%83%BC%E3%83%81%E3%83%89%E3%83%A9%33" dan="16,16,16,16" rate="2103.55,2135.65,2052.01,2171.74" sx="F,M,M,M"/><TAIKYOKU oya="0"/><INIT seed="0,0,0,5,2,6" ten="250,250,250,250" oya="0" hai0="40,72,37,52,135,18,31,127,97,47,132,77,73" hai1="87,13,104,26,55,54,115,124,84,44,11,21,134" hai2="131,25,83,10,112,36,89,125,71,8,27,23,130" hai3="68,64,14,15,24,75,28,32,22,100,0,101,122"/><T111/><D127/><U62/><E124/><V65/><F125/><W107/><G75/><T113/><D113/><U12/><E134/><N who="0" m="51241" /><D31/><U128/><E128/><N who="2" m="49195" /><F112/><W103/><G122/><T42/><D42/><U82/><E104/><V63/><F36/><W114/><G114/><T48/><D111/><U67/><E13/><V123/><F123/><W102/><G0/><T56/><D77/><U58/><E115/><V34/><F34/><W106/><G106/><T105/><D18/><U76/><E44/><V92/><F83/><W121/><G121/><T74/><D74/><U133/><E133/><V7/><F7/><W88/><G88/><T17/><D17/><U98/><E87/><N who="2" m="52287" /><F27/><W38/><G38/><T86/><D86/><U57/><E98/><V35/><F35/><W3/><G3/><T49/><D37/><U96/><E96/><V85/><F85/><W39/><G39/><T20/><D20/><U51/><E21/><V116/><F116/><W4/><G22/><T2/><D2/><U1/><E1/><V29/><AGARI ba="0,0" hai="8,10,23,25,29,63,65,71" m="52287,49195" machi="29" ten="30,4000,0" yaku="19,1,52,2" doraHai="6" who="2" fromWho="2" sc="250,-20,250,-10,250,40,250,-10" /><INIT seed="1,0,0,3,0,114" ten="230,240,290,240" oya="1" hai0="75,84,116,78,56,18,66,88,118,93,54,26,44" hai1="38,83,94,21,1,106,82,27,45,102,46,58,67" hai2="107,70,9,127,40,135,23,89,79,49,33,81,99" hai3="115,48,22,19,28,53,52,134,60,7,37,51,36"/><U62/><E1/><V12/><F70/><W108/><G7/><T103/><D103/><U112/><E112/><V6/><F33/><W86/><G115/><T87/><D66/><U110/><E106/><V100/><F135/><W71/><G28/><T120/><D120/><U2/><E2/><V97/><F127/><W121/><G121/><T63/><D75/><U61/><E110/><V109/><F109/><W77/><G108/><T11/><D44/><U35/><E35/><V119/><F119/><W129/><G129/><T69/><D69/><U104/><E104/><V15/><F99/><W30/><G30/><T123/><D123/><U122/><E38/><V20/><F89/><W57/><G134/><T130/><D130/><U76/><E61/><V59/><F15/><W25/><G71/><T55/><D55/><U132/><E132/><V68/><F68/><W128/><G60/><T92/><D11/><U4/><E83/><V31/><F31/><W125/><G125/><T91/><D78/><U117/><E117/><V0/><F0/><W124/><G124/><T47/><D47/><U43/><E43/><V98/><F98/><W131/><G131/><T10/><D10/><U73/><E4/><V32/><F32/><W80/><REACH who="3" step="1"/><G128/><REACH who="3" ten="230,240,290,230" step="2"/><T133/><D133/><U42/><E122/><V85/><F6/><W39/><G39/><T24/><D18/><U17/><E62/><V95/><F107/><W29/><G29/><T14/><D116/><U3/><E17/><V50/><F50/><W72/><G72/><T34/><D118/><U65/><E73/><V90/><F49/><RYUUKYOKU ba="0,1" sc="230,-10,240,-10,290,-10,230,30" hai3="19,22,25,36,37,48,51,52,53,57,77,80,86" /><INIT seed="2,1,1,5,1,4" ten="220,230,280,260" oya="2" hai0="78,60,18,68,104,6,52,8,95,91,127,115,32" hai1="59,108,37,133,134,65,40,112,13,17,94,93,67" hai2="35,45,89,121,73,86,10,120,56,28,74,114,61" hai3="97,51,105,47,102,111,101,71,48,14,2,92,1"/><V123/><F114/><W38/><G71/><T110/><D115/><U46/><E112/><V75/><F45/><W125/><G125/><T29/><D78/><U53/><E108/><V70/><F70/><W39/><G111/><T72/><D72/><U21/><E67/><V43/><F43/><W62/><G62/><T15/><D104/><U27/><E65/><V83/><F10/><W122/><G122/><T98/><D127/><U103/><E13/><V20/><F35/><W118/><G118/><T30/><D32/><U16/><E17/><V12/><F12/><W128/><G128/><T135/><D135/><N who="1" m="51723" /><E103/><V116/><F116/><W90/><G101/><T131/><D131/><U3/><E3/><V0/><F0/><W42/><G39/><T119/><D119/><U41/><E41/><V126/><F126/><W117/><G117/><T99/><D68/><U5/><E5/><V109/><F109/><W50/><REACH who="3" step="1"/><G14/><REACH who="3" ten="220,230,280,250" step="2"/><T79/><D110/><U23/><E23/><V132/><F132/><W84/><AGARI ba="1,2" hai="1,2,38,42,47,48,50,51,84,90,92,97,102,105" machi="84" ten="30,4000,0" yaku="1,1,2,1,0,1,53,0" doraHai="4" doraHaiUra="9" who="3" fromWho="3" sc="220,-11,230,-11,280,-21,250,63" /><INIT seed="3,0,0,2,0,13" ten="209,219,259,313" oya="3" hai0="15,103,120,90,118,20,48,106,11,102,94,33,125" hai1="7,133,67,85,54,128,56,114,72,68,117,52,50" hai2="127,124,99,35,8,101,51,115,75,73,46,30,24" hai3="110,55,71,77,53,3,2,23,74,96,42,27,76"/><W6/><G71/><T97/><D125/><N who="2" m="48202" /><F8/><W37/><G37/><T61/><D33/><U107/><E72/><V122/><F115/><W119/><G42/><T45/><D120/><U28/><E107/><N who="2" m="63935" /><F122/><W84/><G74/><T12/><D61/><U131/><E133/><V69/><F69/><W134/><G134/><T49/><D118/><U31/><E7/><V10/><F10/><W40/><G40/><AGARI ba="0,0" hai="24,30,35,40,46,51,73,75" m="63935,48202" machi="40" ten="30,1000,0" yaku="18,1" doraHai="13" who="2" fromWho="3" sc="209,0,219,0,259,10,313,-10" /><INIT seed="4,0,0,4,2,24" ten="209,219,269,303" oya="0" hai0="7,75,12,65,60,14,56,64,127,47,20,16,91" hai1="70,73,39,118,88,10,130,92,29,134,22,15,4" hai2="61,78,36,11,0,116,79,1,3,132,77,117,45" hai3="98,38,80,28,90,82,121,68,6,52,54,100,99"/><T27/><D127/><U101/><E118/><N who="2" m="45675" /><F132/><W128/><G68/><T46/><D75/><U9/><E134/><V48/><F61/><W25/><G38/><T83/><D64/><U8/><E130/><V53/><F36/><W95/><G128/><T50/><D7/><AGARI ba="0,0" hai="0,1,3,7,11,45,48,53,77,78,79" m="45675" machi="7" ten="30,1000,0" yaku="12,1" doraHai="24" who="2" fromWho="0" sc="209,-10,219,0,269,10,303,0" /><INIT seed="5,0,0,3,0,22" ten="199,219,279,303" oya="1" hai0="31,114,109,89,30,19,85,62,112,73,36,53,32" hai1="90,58,72,77,10,21,92,0,46,3,95,132,126" hai2="40,108,18,44,91,63,49,16,83,74,41,42,130" hai3="27,96,117,29,87,51,33,12,119,20,94,107,39"/><U28/><E126/><V115/><F108/><W116/><G39/><T26/><D109/><U105/><E105/><V97/><F130/><W54/><G107/><T111/><D111/><U59/><E95/><V100/><F115/><N who="0" m="44074" /><D36/><U15/><E132/><V125/><F125/><W76/><G76/><T2/><D2/><U43/><E72/><V61/><F74/><W99/><G87/><T128/><D128/><U67/><E77/><V65/><F100/><W118/><N who="3" m="29696" /><DORA hai="80" /><W14/><G33/><T57/><D73/><U8/><E0/><V82/><F82/><W86/><G86/><T55/><D19/><N who="2" m="7210" /><F83/><W104/><G104/><T50/><D30/><U60/><E58/><N who="2" m="37047" /><F63/><W1/><G1/><T103/><D103/><U133/><E3/><V113/><F113/><W5/><G5/><T48/><D53/><U7/><E7/><V56/><F56/><N who="3" m="32863" /><G99/><T75/><D75/><U4/><E4/><V52/><F97/><W93/><G94/><AGARI ba="0,0" hai="26,31,32,48,50,55,57,62,85,89,94" m="44074" machi="94" ten="30,3900,0" yaku="15,1,52,2" doraHai="22,80" who="0" fromWho="3" sc="199,39,219,0,279,0,303,-39" /><INIT seed="6,0,0,0,0,93" ten="238,219,279,264" oya="2" hai0="99,122,65,44,130,47,108,116,106,24,109,73,125" hai1="129,11,20,34,42,8,36,17,18,71,52,124,75" hai2="90,5,107,112,105,89,127,123,15,101,104,83,3" hai3="84,30,96,119,121,50,57,51,43,37,134,60,38"/><V67/><F3/><W64/><G119/><T13/><D122/><U59/><E34/><V63/><F123/><W54/><G84/><T131/><D73/><U113/><E71/><V68/><F127/><W46/><G30/><T69/><D125/><U28/><E124/><V61/><F61/><W115/><G121/><T16/><D24/><N who="1" m="16391" /><E75/><V33/><F33/><W100/><G134/><T118/><D65/><U132/><E36/><V82/><F101/><W62/><G115/><T76/><D76/><U98/><E129/><N who="0" m="49161" /><D69/><U88/><E42/><V22/><F112/><W95/><REACH who="3" step="1"/><G60/><REACH who="3" ten="238,219,279,254" step="2"/><T45/><D118/><U72/><E72/><V85/><F85/><W135/><G135/><T23/><D116/><U48/><E113/><V56/><F63/><W4/><G4/><T39/><D39/><U26/><E132/><V81/><F5/><W80/><G80/><T6/><D6/><U0/><E0/><V117/><F117/><W25/><G25/><T21/><D108/><U86/><E26/><V126/><F126/><W120/><G120/><T111/><D109/><U53/><E86/><V92/><F83/><W78/><G78/><T1/><D1/><U49/><E18/><V9/><F82/><W27/><G27/><T97/><D111/><U2/><E17/><V32/><F81/><W41/><G41/><T74/><D74/><U91/><E2/><V128/><F128/><W103/><G103/><T35/><D35/><U94/><E91/><V19/><F90/><W55/><G55/><T133/><D133/><U70/><E70/><AGARI ba="0,1" hai="37,38,43,46,50,51,54,57,62,64,70,95,96,100" machi="70" ten="30,3900,0" yaku="1,1,7,1,52,1,53,0" doraHai="93" doraHaiUra="14" who="3" fromWho="1" sc="238,0,219,-39,279,0,254,49" /><INIT seed="7,0,0,0,3,10" ten="238,180,279,303" oya="3" hai0="46,35,16,14,39,13,85,52,119,19,57,77,93" hai1="133,40,41,22,114,33,1,86,92,44,9,96,97" hai2="29,79,69,59,42,25,34,49,26,75,87,23,130" hai3="94,117,78,53,116,132,129,70,45,74,60,105,8"/><W27/><G105/><T88/><D35/><U61/><E33/><V81/><F130/><W4/><G129/><T12/><D119/><U135/><E114/><V84/><F69/><W99/><G132/><T83/><D46/><U90/><E1/><V18/><F42/><W122/><G122/><T20/><D39/><U120/><E120/><V123/><F123/><W50/><G27/><T72/><D19/><U58/><E135/><V100/><F100/><W31/><G31/><T91/><D91/><U64/><E133/><V111/><F111/><W134/><G78/><T0/><D0/><U110/><E110/><V126/><F126/><W51/><G74/><T106/><D106/><U30/><E9/><V55/><AGARI ba="0,0" hai="18,23,25,26,29,34,49,55,59,75,79,81,84,87" machi="55" ten="30,1100,0" yaku="0,1" doraHai="10" who="2" fromWho="2" sc="238,-3,180,-3,279,11,303,-5" /><INIT seed="8,0,0,5,0,18" ten="235,177,290,298" oya="0" hai0="54,13,80,88,113,125,135,31,95,66,106,40,24" hai1="16,64,37,47,82,25,29,45,34,92,23,133,119" hai2="84,85,130,68,0,65,10,124,90,2,44,131,15" hai3="6,79,101,35,111,116,11,122,49,51,41,89,39"/><T17/><D113/><U46/><E119/><V98/><F98/><W134/><G111/><T87/><D125/><U96/><E133/><V4/><F124/><W55/><G35/><T112/><D112/><U1/><E1/><V97/><F97/><W27/><G27/><T50/><D106/><U128/><E128/><N who="2" m="49195" /><F44/><W126/><G79/><T91/><D66/><U100/><E64/><V14/><F14/><W129/><G129/><T3/><D3/><N who="2" m="1066" /><F90/><W76/><G76/><T99/><D40/><U78/><E37/><V72/><F72/><W36/><G101/><T103/><D135/><U104/><E104/><V75/><F75/><W42/><G116/><T117/><D117/><U33/><REACH who="1" step="1"/><E29/><REACH who="1" ten="235,167,290,298" step="2"/><V12/><F65/><W67/><G67/><T62/><D103/><U105/><E105/><V28/><F28/><W53/><G134/><T121/><D121/><U71/><E71/><V108/><F68/><W69/><G69/><T109/><D109/><U20/><E20/><V93/><F108/><W102/><G102/><T43/><D31/><U74/><AGARI ba="0,1" hai="16,23,25,33,34,45,46,47,74,78,82,92,96,100" machi="74" ten="30,8000,1" yaku="1,1,0,1,52,1,54,1,53,1" doraHai="18" doraHaiUra="19" who="1" fromWho="1" sc="235,-40,167,90,290,-20,298,-20" /><INIT seed="9,0,0,1,3,97" ten="195,257,270,278" oya="1" hai0="79,11,15,102,6,62,19,120,75,78,104,123,48" hai1="111,108,117,32,74,58,18,30,122,94,34,77,98" hai2="52,69,109,85,101,135,132,17,51,54,49,95,56" hai3="21,16,10,67,82,73,8,14,57,1,115,44,131"/><U99/><E122/><V114/><F109/><N who="1" m="42057" /><E117/><V5/><F114/><W26/><G115/><T4/><D48/><U91/><E30/><V83/><F69/><W72/><G131/><T7/><D62/><U2/><E2/><V60/><F5/><W121/><G121/><N who="0" m="46667" /><D75/><U40/><E40/><V106/><F106/><W65/><G1/><T64/><D64/><U68/><E68/><V89/><F17/><W50/><G8/><T63/><D63/><U20/><E58/><V55/><F101/><W70/><G70/><T33/><D33/><N who="1" m="12907" /><E77/><N who="0" m="29193" /><D104/><U86/><E74/><V134/><REACH who="2" step="1"/><F83/><REACH who="2" ten="195,257,260,278" step="2"/><W130/><G82/><T31/><D31/><U100/><E100/><AGARI ba="0,1" hai="4,6,7,11,15,19,100,102" m="29193,46667" machi="100" ten="40,5200,0" yaku="13,1,52,2" doraHai="97" who="0" fromWho="1" sc="195,62,257,-52,260,0,278,0" /><INIT seed="10,0,0,1,4,100" ten="257,205,260,278" oya="2" hai0="90,41,92,67,98,31,102,123,120,111,4,11,53" hai1="66,74,112,125,76,33,35,110,51,43,42,38,26" hai2="40,80,103,39,131,60,61,24,19,70,62,32,115" hai3="133,132,107,18,50,116,63,104,84,10,29,121,7"/><V128/><F115/><W20/><G116/><T45/><D111/><U48/><E110/><V135/><F135/><N who="3" m="51787" /><G121/><T73/><D73/><U54/><E112/><V9/><F70/><W91/><G63/><T124/><D124/><U78/><E38/><V83/><F103/><W36/><G29/><T109/><D109/><U13/><E125/><V77/><F32/><W118/><G50/><T22/><D67/><U6/><E66/><V130/><F77/><W95/><G36/><T79/><D79/><U75/><E13/><N who="2" m="7599" /><F24/><N who="3" m="14359" /><G118/><T127/><D127/><U106/><E26/><V108/><F108/><W59/><G59/><T2/><D31/><U134/><E134/><V21/><F21/><W81/><G81/><N who="2" m="31305" /><F39/><W68/><G68/><T113/><D113/><U126/><E126/><V52/><F40/><W14/><AGARI ba="0,0" hai="7,10,14,84,91,95,104,107" m="14359,51787" machi="14" ten="30,4000,0" yaku="20,1,52,2" doraHai="100" who="3" fromWho="3" sc="257,-10,205,-10,260,-20,278,40" owari="247,4.7,195,-30.5,240,-16.0,318,41.8" /></mjloggm>