<mjloggm ver="2.3"><GO type="169" lobby="0"/><UN n0="%41%4C%50%45%52%49%4E" n1="%E8%87%AA%E6%92%AE%E3%82%8A%E3%83%9E%E3%82%B9%E3%82%BF%E3%83%BC" n2="%E3%83%8E%E3%82%AA%E3%83%81%E3%83%A3%E3%83%99%E3%82%B9" n3="%73%79%61%6D%6F" dan="16,16,16,16" rate="2133.24,2024.78,2165.45,2123.72" sx="M,M,M,M"/><TAIKYOKU oya="0"/><INIT seed="0,0,0,0,2,12" ten="250,250,250,250" oya="0" hai0="1,37,86,6,90,69,4,84,94,63,97,50,81" hai1="98,33,135,123,64,27,65,18,83,45,76,24,40" hai2="29,44,118,117,58,60,22,91,88,106,32,21,35" hai3="82,70,111,53,108,107,49,9,38,110,99,102,96"/><T14/><D37/><U71/><E123/><V54/><F106/><W100/><G38/><T109/><D1/><U77/><E135/><V28/><F44/><W46/><G70/><T116/><D116/><N who="2" m="44650" /><F22/><W39/><G39/><T48/><D109/><U17/><E98/><V34/><F29/><W120/><G120/><T95/><D69/><U121/><E121/><V89/><F28/><W51/><G82/><T73/><D63/><U3/><E83/><V57/><F21/><W124/><G124/><T87/><D73/><U79/><E3/><V11/><F11/><W43/><G9/><N who="0" m="4391" /><D6/><U119/><E71/><V134/><F58/><W101/><REACH who="3" step="1"/><G107/><REACH who="3" ten="250,250,250,240" step="2"/><T66/><D81/><U105/><E105/><V93/><F134/><W72/><G72/><T55/><D95/><AGARI ba="0,1" hai="32,34,35,54,57,60,88,89,91,93,95" m="44650" machi="95" ten="40,2600,0" yaku="12,1,54,1" doraHai="12" who="2" fromWho="0" sc="250,-26,250,0,250,36,240,0" /><INIT seed="1,0,0,1,0,81" ten="224,250,286,240" oya="1" hai0="118,3,74,123,114,86,111,32,110,120,73,16,49" hai1="44,5,14,90,54,62,108,51,0,60,125,35,7" hai2="30,106,34,89,53,93,58,121,63,18,116,96,83" hai3="135,10,119,9,57,129,70,43,82,69,12,46,67"/><U45/><E125/><V91/><F116/><W126/><G126/><T2/><D32/><U115/><E115/><V98/><F121/><N who="0" m="46666" /><D114/><U95/><E0/><N who="0" m="41" /><D118/><U40/><E35/><V25/><F106/><W84/><G119/><T39/><D49/><U94/><E108/><N who="0" m="41513" /><D39/><U20/><E62/><V15/><F83/><W21/><G57/><T133/><D133/><U124/><E124/><V71/><F71/><W50/><G135/><T33/><D33/><U19/><E94/><V101/><F98/><W41/><G69/><T109/><N who="0" m="41521" /><T24/><DORA hai="56" /><D86/><N who="1" m="52695" /><E44/><V27/><REACH who="2" step="1"/><F27/><REACH who="2" ten="224,250,276,240" step="2"/><W97/><G70/><T59/><D59/><AGARI ba="0,1" hai="5,7,14,19,20,40,45,51,54,59,60" m="52695" machi="59" ten="30,5800,0" yaku="8,1,52,2" doraHai="81,56" who="1" fromWho="0" sc="224,-58,250,68,276,0,240,0" /><INIT seed="1,1,0,4,4,104" ten="166,318,276,240" oya="1" hai0="99,19,22,86,2,83,120,57,87,9,12,76,44" hai1="74,53,131,51,92,102,105,123,24,121,28,96,8" hai2="11,117,21,37,3,68,71,114,89,48,73,33,47" hai3="42,101,110,49,59,79,127,70,122,15,125,61,41"/><U4/><E131/><V111/><F33/><W30/><G101/><T94/><D120/><N who="1" m="46155" /><E53/><V58/><F117/><W133/><G122/><T40/><D57/><U67/><E51/><V100/><F100/><W116/><G30/><T95/><D2/><N who="1" m="23" /><E92/><V1/><F37/><W17/><G116/><T27/><D87/><U23/><E23/><V34/><F34/><W5/><G79/><T112/><D99/><U118/><E118/><V36/><F36/><W20/><G70/><T113/><D113/><U91/><E91/><V60/><F114/><W75/><G49/><T62/><D62/><U0/><E0/><V31/><F3/><W38/><G38/><T13/><D13/><U85/><E85/><V64/><F89/><W46/><G61/><T52/><D112/><U78/><E78/><V35/><F21/><W103/><G20/><T107/><D107/><U124/><E124/><V29/><F71/><W126/><G103/><T130/><D130/><U77/><E77/><V108/><F68/><W93/><G93/><T14/><D14/><U39/><E39/><V45/><F1/><W26/><G15/><T6/><REACH who="0" step="1"/><D52/><REACH who="0" ten="156,318,276,240" step="2"/><U132/><E96/><V88/><F60/><W25/><G125/><T128/><D128/><U106/><E106/><V80/><F58/><W55/><G59/><T43/><D43/><U32/><E105/><V69/><F69/><W54/><G55/><T129/><D129/><U18/><E102/><V7/><F64/><W97/><G127/><T115/><D115/><U50/><E67/><V81/><F47/><W119/><G126/><T66/><D66/><RYUUKYOKU ba="1,1" sc="156,30,318,-10,276,-10,240,-10" hai0="6,9,12,19,22,27,40,44,76,83,86,94,95" /><INIT seed="2,2,1,0,1,30" ten="186,308,266,230" oya="2" hai0="110,14,67,33,26,1,28,92,32,117,52,121,12" hai1="118,15,109,83,69,124,82,70,49,94,119,77,56" hai2="129,35,36,74,59,19,7,6,105,76,104,72,64" hai3="123,68,106,11,34,101,125,47,113,95,112,85,103"/><V75/><F76/><W63/><G123/><T91/><D121/><U37/><E109/><V9/><F35/><W24/><G125/><T20/><D1/><U57/><E124/><V22/><F36/><W100/><G47/><T89/><D67/><U108/><E37/><V27/><F129/><W66/><G11/><T18/><D110/><U115/><E108/><V114/><F114/><N who="3" m="44139" /><G85/><T97/><D117/><U44/><E115/><V120/><F120/><W23/><G106/><T90/><D52/><U135/><E135/><V122/><F122/><W62/><G63/><T2/><D2/><U53/><E94/><V81/><F81/><W96/><G34/><T73/><D73/><U13/><E44/><V40/><F40/><W65/><G66/><T17/><REACH who="0" step="1"/><D33/><REACH who="0" ten="176,308,266,230" step="2"/><U54/><E54/><V21/><F64/><W3/><G3/><T43/><D43/><U84/><E53/><V8/><F59/><W0/><G0/><T60/><D60/><U131/><E57/><V58/><F58/><W45/><G45/><T41/><D41/><U42/><E56/><V128/><F128/><W50/><G50/><T39/><D39/><U132/><E131/><V87/><F72/><W71/><G71/><T111/><D111/><U10/><E70/><V99/><F75/><W25/><G68/><T116/><D116/><U48/><E69/><V102/><F74/><W126/><G65/><T55/><D55/><U134/><E42/><V78/><F105/><W107/><G107/><T5/><D5/><N who="1" m="3279" /><E118/><V88/><F104/><W4/><G62/><T133/><D133/><U79/><E132/><RYUUKYOKU ba="2,2" sc="176,30,308,-10,266,-10,230,-10" hai0="12,14,17,18,20,26,28,32,89,90,91,92,97" /><INIT seed="3,3,2,3,2,90" ten="206,298,256,220" oya="3" hai0="66,131,84,105,20,119,128,14,126,120,2,83,78" hai1="37,15,81,107,17,32,87,41,97,48,27,121,108" hai2="7,86,135,130,42,1,80,40,28,38,36,114,117" hai3="58,25,60,5,133,43,63,96,61,101,12,0,112"/><W16/><G112/><T53/><D119/><U109/><E121/><V62/><F117/><W52/><G133/><T113/><D120/><U29/><E37/><V13/><F1/><W26/><G43/><T102/><D2/><U30/><E30/><V110/><F114/><W76/><G76/><T39/><D39/><U132/><E132/><V3/><F3/><W46/><G46/><T10/><D113/><U77/><E41/><V98/><F135/><W44/><G44/><T45/><D126/><U24/><E24/><V6/><F38/><W4/><G26/><T118/><D66/><U72/><E48/><V67/><F36/><W115/><G25/><T100/><D20/><U74/><E97/><V50/><F28/><W103/><G115/><T64/><D64/><U75/><E107/><V116/><F116/><W70/><G103/><T21/><D21/><U125/><E125/><V124/><F124/><W79/><G79/><T23/><D23/><U104/><E104/><V11/><F7/><N who="3" m="2635" /><G70/><T127/><D127/><U65/><E75/><V106/><F42/><W92/><G0/><T94/><D105/><U49/><E74/><V85/><F40/><W35/><G35/><T122/><D122/><U88/><E32/><V93/><F106/><W69/><G69/><T55/><D118/><U82/><E72/><V68/><F68/><W123/><G123/><T111/><D45/><U22/><E27/><V89/><F13/><W19/><G12/><T56/><D14/><U129/><E15/><V57/><F6/><W34/><G34/><T33/><D33/><U51/><E17/><AGARI ba="3,2" hai="16,17,19,52,58,60,61,63,92,96,101" m="2635" machi="17" ten="30,12000,1" yaku="6,1,8,1,52,1,54,2" doraHai="90" who="3" fromWho="1" sc="206,0,298,-129,256,0,220,149" /><INIT seed="3,4,0,3,0,13" ten="206,169,256,369" oya="3" hai0="74,57,63,81,95,34,19,30,100,70,0,9,76" hai1="106,1,24,130,122,90,77,108,110,131,11,128,7" hai2="116,28,35,46,2,121,133,97,112,23,104,59,86" hai3="83,62,85,120,29,5,99,79,41,129,118,42,16"/><W91/><G118/><T66/><D34/><U40/><E122/><V78/><F2/><W15/><G120/><T44/><D30/><U21/><E106/><V101/><F121/><W103/><G129/><T18/><D70/><U126/><E77/><V68/><F68/><W96/><G29/><T82/><D82/><U114/><E40/><V53/><F35/><W127/><G127/><T14/><D0/><U80/><E90/><V67/><F116/><W43/><G5/><T71/><D44/><U89/><E89/><V117/><F112/><W22/><G62/><T37/><D37/><U65/><E80/><V51/><F133/><W47/><G47/><T6/><REACH who="0" step="1"/><D71/><REACH who="0" ten="196,169,256,369" step="2"/><U49/><E1/><V54/><F117/><W109/><G109/><T94/><D94/><U45/><E110/><V134/><F28/><W26/><G79/><T72/><D72/><U50/><E108/><V3/><F3/><W31/><REACH who="3" step="1"/><G103/><REACH who="3" ten="196,169,256,359" step="2"/><T124/><D124/><U48/><E126/><V33/><F101/><W73/><G73/><T60/><D60/><U84/><E130/><V27/><F46/><W25/><G25/><T119/><D119/><U56/><E45/><V111/><F27/><W8/><AGARI ba="4,2" hai="8,15,16,22,26,31,41,42,43,83,85,91,96,99" machi="8" ten="30,12000,1" yaku="1,1,0,1,8,1,52,1,54,1,53,0" doraHai="13" doraHaiUra="52" who="3" fromWho="3" sc="196,-44,169,-44,256,-44,359,152" /><INIT seed="3,5,0,2,1,119" ten="152,125,212,511" oya="3" hai0="10,34,117,0,5,85,123,8,53,120,7,18,114" hai1="33,65,79,61,115,64,97,116,122,130,133,26,20" hai2="107,15,106,14,103,57,108,101,29,51,75,16,100" hai3="81,31,118,124,93,129,38,60,62,131,109,127,22"/><W45/><G118/><T125/><D117/><U135/><E116/><V39/><F39/><W56/><G109/><T92/><D34/><U74/><E115/><V1/><F1/><W132/><G93/><T104/><D104/><U4/><E33/><V44/><F75/><W19/><G31/><T71/><D71/><U23/><E130/><N who="3" m="49674" /><G81/><T30/><D30/><U50/><E4/><V84/><F29/><W9/><G9/><T6/><D125/><N who="3" m="48201" /><G22/><T17/><D114/><U94/><E23/><V21/><F107/><W32/><G19/><T36/><D36/><U49/><E74/><V59/><F106/><W110/><G32/><T63/><D85/><U46/><E79/><V83/><F15/><W43/><G110/><T134/><D92/><U24/><E24/><V35/><F108/><W91/><G91/><T98/><D7/><U80/><E80/><V27/><F27/><W70/><G70/><T3/><D98/><U112/><E94/><V89/><F35/><W2/><G2/><T76/><D76/><U90/><E97/><V11/><F21/><W102/><G102/><T69/><D69/><U41/><E20/><V121/><F121/><W66/><G62/><T55/><D63/><U128/><E61/><V58/><F103/><W105/><G105/><T25/><D25/><U73/><E26/><V54/><AGARI ba="5,0" hai="11,14,16,44,51,54,57,58,59,83,84,89,100,101" machi="54" ten="30,8000,1" yaku="0,1,25,2,8,1,54,1" doraHai="119" who="2" fromWho="2" sc="152,-25,125,-25,212,95,511,-45" /><INIT seed="4,0,0,4,0,43" ten="127,100,307,466" oya="0" hai0="42,108,36,49,20,81,19,113,135,122,56,118,47" hai1="52,97,79,123,80,67,6,11,18,68,1,125,29" hai2="130,65,17,90,75,134,87,34,66,82,38,22,64" hai3="30,57,62,24,106,117,5,55,10,112,72,4,110"/><T133/><D118/><U116/><E116/><V0/><F34/><W27/><G110/><T104/><D122/><U46/><E123/><V53/><F0/><W126/><G106/><T92/><D104/><U107/><E125/><V86/><F75/><W60/><G72/><T84/><D113/><U103/><E29/><V94/><F38/><W99/><G112/><T3/><D3/><U15/><E68/><V101/><F130/><W63/><G117/><T41/><D92/><U102/><E67/><V32/><F32/><W48/><G126/><T105/><D105/><U71/><E71/><V96/><F134/><N who="0" m="51210" /><D108/><U13/><E103/><V21/><F17/><W37/><G37/><T40/><D56/><U111/><E111/><V58/><REACH who="2" step="1"/><F86/><REACH who="2" ten="127,100,297,466" step="2"/><W91/><G30/><T45/><D36/><U33/><E33/><V35/><F35/><W85/><G85/><T23/><D19/><U128/><E128/><V16/><F16/><W124/><G124/><T83/><D84/><U54/><E1/><V28/><F28/><W78/><G4/><T73/><D73/><U61/><E18/><V77/><F77/><W131/><G78/><T44/><D49/><AGARI ba="0,1" hai="21,22,49,53,58,64,65,66,82,87,90,94,96,101" machi="49" ten="40,2600,0" yaku="1,1,8,1,53,0" doraHai="43" doraHaiUra="9" who="2" fromWho="0" sc="127,-26,100,0,297,36,466,0" /><INIT seed="5,0,0,1,3,90" ten="101,100,333,466" oya="1" hai0="6,29,113,85,131,82,99,120,106,60,78,133,41" hai1="62,132,13,129,22,16,0,127,5,45,91,128,43" hai2="36,49,116,84,7,73,12,115,89,15,9,71,76" hai3="124,18,79,56,58,32,27,20,119,44,1,21,23"/><U108/><E108/><V54/><F36/><W69/><G69/><T33/><D113/><U125/><E62/><V103/><F71/><W81/><G1/><T88/><D131/><N who="1" m="50251" /><E91/><V122/><F116/><W95/><G119/><T86/><D133/><U48/><E132/><V83/><F103/><W68/><G68/><T31/><D120/><U14/><E0/><V30/><F30/><W67/><G124/><N who="1" m="47690" /><E5/><V26/><F122/><W80/><G67/><T8/><D33/><U114/><E114/><V112/><F112/><W24/><G32/><T110/><D110/><U42/><E13/><V104/><F115/><W97/><G44/><T40/><D60/><U117/><E117/><V46/><F15/><W87/><G80/><T11/><D6/><U61/><E61/><V93/><F104/><W77/><G77/><T92/><D106/><U39/><E43/><N who="0" m="16457" /><D99/><U52/><E42/><V75/><F26/><N who="3" m="9771" /><G18/><T53/><D53/><U2/><E2/><V74/><AGARI ba="0,0" hai="7,9,12,46,49,54,73,74,75,76,83,84,89,93" machi="74" ten="20,2700,0" yaku="0,1,7,1,52,1" doraHai="90" who="2" fromWho="2" sc="101,-7,100,-13,333,27,466,-7" /><INIT seed="6,0,0,0,3,35" ten="94,87,360,459" oya="2" hai0="74,93,60,86,21,94,59,54,103,78,121,53,84" hai1="37,31,112,128,88,65,2,11,20,76,107,14,92" hai2="0,12,8,89,77,117,96,17,16,71,85,99,115" hai3="79,9,66,120,48,135,132,18,87,58,62,125,49"/><V114/><F71/><W104/><G104/><T113/><D121/><U133/><E107/><V1/><F117/><W124/><G120/><T91/><D113/><N who="2" m="43018" /><F17/><W70/><G79/><T108/><D108/><U23/><E37/><V122/><F122/><W95/><G87/><T56/><D74/><U73/><E2/><N who="2" m="1131" /><F77/><W25/><G95/><AGARI ba="0,0" hai="8,12,16,85,89,95,96,99" m="1131,43018" machi="95" ten="30,12000,1" yaku="15,1,52,3,54,1" doraHai="35" who="2" fromWho="3" sc="94,0,87,0,360,120,459,-120" /><INIT seed="6,1,0,3,3,96" ten="94,87,480,339" oya="2" hai0="41,58,5,72,130,6,49,57,86,77,82,73,31" hai1="24,50,69,98,54,95,131,32,64,66,81,28,84" hai2="46,90,123,88,1,16,112,30,9,48,14,118,108" hai3="2,121,34,55,29,15,91,113,85,19,110,70,133"/><V119/><F112/><W116/><G70/><T80/><D130/><U8/><E131/><V27/><F123/><W79/><G121/><T42/><D31/><U23/><E32/><V109/><F1/><W37/><G110/><N who="2" m="42601" /><F119/><W36/><G116/><T87/><REACH who="0" step="1"/><D49/><REACH who="0" ten="84,87,480,339" step="2"/><U126/><E126/><V120/><F118/><W122/><G122/><T40/><D40/><U7/><E69/><V68/><F68/><W89/><G29/><T47/><D47/><U33/><E33/><N who="2" m="20703" /><F120/><W56/><G34/><T51/><D51/><U93/><E50/><V75/><F75/><W102/><G113/><T101/><D101/><U21/><E54/><AGARI ba="1,1" hai="9,14,16,46,48,54,88,90" m="20703,42601" machi="54" ten="30,5800,0" yaku="10,1,54,2" doraHai="96" who="2" fromWho="1" sc="84,0,87,-61,480,71,339,0" /><INIT seed="6,2,0,5,0,25" ten="84,26,551,339" oya="2" hai0="72,56,112,12,89,60,53,73,13,88,105,126,57" hai1="110,134,19,107,10,24,69,121,135,47,125,102,3" hai2="26,117,32,122,87,111,82,52,37,124,94,76,22" hai3="4,113,78,9,41,83,123,59,132,86,36,38,40"/><V48/><F37/><W84/><G123/><T50/><D105/><U90/><E121/><V77/><F122/><W14/><G132/><T74/><D112/><U55/><E110/><V80/><F32/><W68/><G68/><T15/><REACH who="0" step="1"/><D126/><REACH who="0" ten="74,26,551,339" step="2"/><U2/><E125/><V95/><F124/><W133/><G113/><T29/><D29/><U18/><E69/><V96/><F111/><W30/><G30/><T35/><D35/><U128/><E128/><V118/><F118/><W0/><G133/><N who="1" m="50698" /><E90/><V103/><F117/><W64/><G36/><T101/><D101/><U23/><E102/><V44/><F94/><W127/><G127/><T99/><D99/><U58/><E107/><V65/><F65/><AGARI ba="2,1" hai="12,13,15,50,53,56,57,60,65,72,73,74,88,89" machi="65" ten="50,3200,0" yaku="1,1,54,1,53,0" doraHai="25" doraHaiUra="129" who="0" fromWho="2" sc="74,48,26,0,551,-38,339,0" /><INIT seed="7,0,0,5,0,70" ten="122,26,513,339" oya="3" hai0="63,103,62,51,75,76,98,28,20,22,108,5,49" hai1="46,10,32,99,80,9,74,115,64,134,104,11,88" hai2="119,83,23,57,56,36,45,96,26,42,21,124,14" hai3="33,128,72,52,84,122,29,50,133,132,87,12,8"/><W37/><G122/><T4/><D108/><U125/><E115/><V130/><F119/><W38/><G72/><T19/><D75/><U6/><E134/><N who="3" m="51818" /><G128/><T105/><D76/><U39/><E125/><V71/><F71/><W118/><G118/><T31/><D98/><U54/><E32/><V81/><F124/><W129/><G129/><T91/><D91/><U82/><E64/><V117/><F130/><W67/><G67/><T44/><D19/><U107/><E6/><V58/><F117/><W73/><G73/><T101/><D44/><U24/><E24/><V92/><F14/><W27/><G87/><T59/><D59/><U30/><E30/><V7/><F7/><N who="3" m="3103" /><G84/><T131/><D131/><U16/><E74/><V34/><F34/><W95/><G95/><T86/><D86/><U47/><E107/><AGARI ba="0,0" hai="4,5,20,22,28,31,49,51,62,63,101,103,105,107" machi="107" ten="25,1600,0" yaku="22,2" doraHai="70" who="0" fromWho="1" sc="122,16,26,-16,513,0,339,0" owari="138,-26.2,10,-49.0,513,61.3,339,13.9" /></mjloggm>