<mjloggm ver="2.3"><GO type="169" lobby="0"/><UN n0="%E3%81%97%E3%82%83%E3%82%8B%E3%81%BC%E3%82%93" n1="%64%6F%6F%6F%6F%77%79%31" n2="%E5%A4%9A%E6%91%A9%E3%82%BD%E3%83%BC%E3%82%B8" n3="%E3%83%AC%E3%82%AA%E3%83%B3%E3%83%8F%E3%83%AB%E3%83%88" dan="16,17,17,17" rate="2125.96,2217.35,2212.36,2166.50" sx="M,M,M,M"/><TAIKYOKU oya="0"/><INIT seed="0,0,0,4,5,75" ten="250,250,250,250" oya="0" hai0="89,118,29,130,86,72,68,32,73,96,71,52,127" hai1="106,36,34,38,7,80,124,4,11,110,69,113,57" hai2="45,114,134,90,77,61,79,76,24,121,128,109,2" hai3="1,119,18,54,63,46,104,53,126,131,133,17,103"/><T26/><D118/><U66/><E57/><V83/><F121/><W92/><G119/><T28/><D130/><U62/><E4/><V115/><F2/><W14/><G1/><T30/><D127/><U98/><E124/><V6/><F6/><W85/><G133/><T27/><D96/><U94/><E110/><V55/><F109/><W112/><G131/><T60/><D71/><U100/><E113/><V3/><F3/><W116/><G112/><T35/><D30/><U51/><E51/><N who="2" m="29167" /><F128/><W95/><G126/><T48/><D60/><U67/><E67/><V49/><F115/><W111/><G111/><T74/><D68/><U105/><E80/><V50/><F114/><W43/><G104/><T107/><D107/><U13/><E105/><V78/><F134/><W31/><G31/><T12/><D12/><U129/><E129/><V20/><N who="2" m="19456" /><DORA hai="10" /><V102/><F102/><W21/><G103/><T88/><REACH who="0" step="1"/><D86/><REACH who="0" ten="240,250,250,250" step="2"/><U135/><E135/><V33/><F61/><W16/><G63/><T58/><AGARI ba="0,1" hai="26,27,28,29,32,35,48,52,58,72,73,74,88,89" machi="58" ten="30,18000,2" yaku="1,1,2,1,0,1,9,1,54,2,53,0" doraHai="75,10" doraHaiUra="39,82" who="0" fromWho="0" sc="240,190,250,-60,250,-60,250,-60" /><INIT seed="0,1,0,0,0,48" ten="430,190,190,190" oya="0" hai0="4,55,26,124,108,54,13,35,67,33,120,96,68" hai1="76,129,130,46,16,50,45,61,52,38,128,0,111" hai2="60,94,86,65,74,49,39,62,36,5,58,71,11" hai3="3,70,32,115,15,132,134,34,116,105,104,63,85"/><T21/><D120/><U31/><E111/><V69/><F74/><W73/><G115/><T77/><D108/><U7/><E31/><V40/><F94/><W30/><G116/><T59/><D124/><U93/><E76/><V125/><F86/><W24/><G34/><T29/><D77/><U131/><E131/><V135/><F125/><W114/><G114/><T81/><D68/><U101/><E61/><V25/><F25/><W122/><G3/><T1/><D1/><U110/><E110/><V9/><F135/><N who="3" m="51755" /><G73/><T102/><D81/><U10/><E38/><N who="2" m="14379" /><F11/><W109/><G122/><T117/><D117/><U84/><E16/><V75/><F9/><W82/><G15/><T51/><D35/><U56/><REACH who="1" step="1"/><E84/><REACH who="1" ten="430,180,190,190" step="2"/><V90/><F75/><W121/><G109/><T42/><D29/><U41/><E41/><V100/><F5/><W92/><G121/><T79/><D79/><U22/><E22/><V113/><F113/><W53/><G85/><T23/><D33/><U27/><E27/><V43/><F43/><W14/><G24/><T72/><D72/><U119/><E119/><V123/><F123/><W28/><G30/><T8/><D42/><U106/><E106/><V126/><F40/><W20/><G105/><T133/><D133/><U44/><E44/><V66/><F126/><W37/><G104/><T103/><D23/><U87/><E87/><V97/><F62/><W88/><G37/><T91/><D21/><U2/><E2/><V12/><F60/><W47/><G32/><T118/><D26/><U64/><E64/><V107/><F65/><W6/><G28/><RYUUKYOKU ba="1,1" sc="430,-10,180,30,190,-10,190,-10" hai1="0,7,10,45,46,50,52,56,93,101,128,129,130" /><INIT seed="1,2,1,3,4,119" ten="420,210,180,180" oya="1" hai0="115,41,58,118,72,96,13,98,88,14,52,60,122" hai1="8,63,130,114,43,129,10,102,35,56,78,36,117" hai2="125,121,17,0,3,62,86,30,23,100,6,12,54" hai3="38,1,124,66,27,19,97,33,57,99,9,79,74"/><U106/><E35/><V126/><F100/><W26/><G124/><N who="2" m="47721" /><F86/><W37/><G38/><T69/><D72/><U25/><E114/><V135/><F54/><W83/><G37/><T108/><D115/><U134/><E134/><V40/><F40/><W67/><G67/><T128/><D118/><U90/><E117/><V65/><F135/><W46/><G46/><T103/><D69/><U95/><E78/><V127/><N who="2" m="47729" /><V94/><DORA hai="20" /><F94/><W112/><G57/><T51/><D108/><U111/><E111/><V61/><F61/><W73/><G66/><T123/><D128/><N who="1" m="49259" /><E102/><V11/><F30/><W7/><G74/><T2/><D2/><U22/><E106/><V50/><F50/><W93/><G112/><T87/><D41/><U68/><E68/><N who="2" m="42039" /><F121/><N who="0" m="46090" /><D51/><U109/><E109/><V31/><F31/><W131/><G131/><T4/><D4/><U76/><E43/><V45/><F45/><W21/><G7/><T71/><D71/><U77/><E36/><V49/><F49/><W80/><G73/><T82/><D98/><N who="1" m="57719" /><E63/><V28/><F28/><W107/><G99/><T59/><D59/><U70/><E56/><V113/><F113/><W47/><G97/><T101/><D101/><U53/><E70/><V48/><F48/><W15/><G47/><T55/><D55/><U64/><E53/><V120/><F120/><W16/><G1/><AGARI ba="2,1" hai="0,1,3,6,11,12,17,23" m="42039,47729" machi="1" ten="40,1300,0" yaku="18,1" doraHai="119,20" who="2" fromWho="3" sc="420,0,210,0,180,29,180,-19" /><INIT seed="2,0,0,1,1,118" ten="420,210,209,161" oya="2" hai0="94,30,71,116,18,96,25,4,79,27,33,130,19" hai1="120,36,21,51,14,16,92,78,24,13,117,124,64" hai2="56,9,81,129,99,70,127,35,115,83,48,38,52" hai3="54,47,44,109,42,57,26,121,50,135,62,6,39"/><V1/><F115/><W86/><G109/><T133/><D71/><U55/><E117/><V98/><F35/><W102/><G135/><T80/><D116/><U46/><E124/><V131/><F38/><W69/><G102/><T49/><D133/><U43/><E120/><V122/><F70/><W11/><G121/><T23/><D130/><N who="2" m="49674" /><F127/><W3/><G69/><T31/><D4/><U89/><E64/><V105/><F122/><W90/><G26/><T66/><D49/><U85/><REACH who="1" step="1"/><E78/><REACH who="1" ten="420,200,209,161" step="2"/><V34/><F34/><W75/><G75/><T88/><D66/><U128/><E128/><V22/><F105/><W123/><G123/><T40/><D40/><U132/><E132/><V29/><F83/><W101/><G101/><T68/><D68/><U5/><E5/><N who="2" m="1199" /><F81/><W10/><G6/><T28/><D33/><U107/><E107/><V67/><F67/><W113/><G113/><T8/><D80/><U65/><E65/><V0/><F0/><W17/><G3/><T125/><D125/><U95/><E95/><V45/><F56/><AGARI ba="0,1" hai="13,14,16,21,24,36,43,46,51,55,56,85,89,92" machi="56" ten="30,3900,0" yaku="1,1,7,1,54,1,53,0" doraHai="118" doraHaiUra="77" who="1" fromWho="2" sc="420,0,200,49,209,-39,161,0" /><INIT seed="3,0,0,5,2,52" ten="420,249,170,161" oya="3" hai0="37,47,31,29,66,39,81,50,24,99,15,86,11" hai1="129,14,106,78,88,38,98,110,118,0,12,1,90" hai2="71,62,73,117,17,103,30,108,130,57,135,63,25" hai3="18,125,45,20,65,91,127,36,77,89,33,5,126"/><W28/><G5/><T26/><D66/><U134/><E38/><V49/><F117/><W128/><G128/><T123/><D123/><U13/><E129/><V10/><F130/><W41/><G77/><T44/><D99/><U58/><E118/><V74/><F108/><W60/><G28/><T112/><D112/><U7/><E110/><V107/><F135/><W87/><G87/><T3/><D3/><U109/><E109/><V70/><F49/><W119/><G33/><T2/><D2/><U84/><E134/><V51/><F51/><W8/><G8/><T75/><D75/><U131/><E131/><V102/><F10/><W6/><G6/><T76/><D47/><U96/><E0/><V116/><F17/><W16/><G18/><T4/><D26/><U35/><E35/><V132/><F132/><W68/><REACH who="3" step="1"/><G119/><REACH who="3" ten="420,249,170,151" step="2"/><T94/><D31/><U72/><E7/><V27/><F30/><W23/><G23/><T121/><D29/><U80/><E1/><V40/><F116/><W43/><G43/><T9/><D9/><U114/><E114/><V61/><F74/><W42/><G42/><T53/><D76/><U101/><E72/><V95/><F73/><W124/><N who="3" m="31744" /><DORA hai="122" /><W133/><G133/><T59/><D11/><U97/><E106/><V56/><F40/><W22/><G22/><T85/><D86/><U104/><E104/><V19/><F107/><W64/><G64/><T105/><D85/><U46/><E78/><V113/><F113/><W100/><G100/><T55/><D105/><U92/><E101/><N who="2" m="38411" /><F19/><W21/><G21/><T34/><D34/><RYUUKYOKU ba="0,1" sc="420,-10,249,-10,170,-10,151,30" hai3="16,20,36,41,45,60,65,68,89,91" /><INIT seed="3,1,1,3,1,110" ten="410,239,160,181" oya="3" hai0="0,42,34,26,113,73,35,32,20,6,61,27,104" hai1="115,89,44,80,46,97,7,30,41,29,82,112,53" hai2="101,72,55,65,1,109,23,129,81,114,122,22,95" hai3="132,58,125,33,78,47,14,10,69,4,96,117,38"/><W15/><G117/><T59/><D73/><U70/><E70/><V77/><F1/><W8/><G69/><T76/><D104/><U52/><E7/><V18/><F109/><W68/><G68/><T88/><D76/><U48/><E97/><V119/><F119/><W128/><G128/><T126/><D42/><U28/><E89/><V87/><F65/><W107/><G132/><T106/><D106/><U9/><E9/><V127/><F129/><W111/><G111/><T100/><D100/><U13/><E13/><V45/><F127/><W116/><G33/><T21/><D126/><U84/><E53/><V3/><F3/><W71/><G71/><T79/><D79/><U5/><E5/><V75/><F122/><W57/><G78/><T92/><D6/><U94/><E94/><V102/><F23/><W133/><G133/><T54/><D0/><U39/><REACH who="1" step="1"/><E84/><REACH who="1" ten="410,229,160,181" step="2"/><V62/><F95/><W74/><G15/><T130/><D130/><U11/><E11/><V98/><F98/><W24/><G10/><T56/><D88/><U64/><E64/><V91/><F91/><W85/><G96/><T118/><D92/><U63/><E63/><V83/><F62/><W93/><G14/><T67/><D118/><U49/><E49/><V99/><F99/><W25/><G116/><T51/><D51/><U2/><E2/><V131/><F87/><W123/><G85/><T108/><D67/><U135/><E135/><V103/><F55/><W36/><G93/><T105/><D54/><U37/><E37/><V17/><F102/><W50/><G8/><T40/><D108/><RYUUKYOKU ba="1,2" sc="410,-10,229,30,160,-10,181,-10" hai1="28,29,30,39,41,44,46,48,52,80,82,112,115" /><INIT seed="4,2,2,2,5,5" ten="400,259,150,171" oya="0" hai0="38,126,56,25,64,78,68,115,121,123,28,45,100" hai1="14,20,46,108,135,71,55,131,47,81,124,30,85" hai2="33,31,59,34,36,9,1,94,130,83,82,72,60" hai3="132,70,107,110,120,105,98,0,4,49,65,7,104"/><T23/><D68/><U58/><E71/><V111/><F111/><W109/><G132/><T10/><D115/><U103/><E108/><V39/><F130/><W48/><G107/><T67/><D126/><U90/><E124/><V66/><F94/><W128/><G70/><T6/><D78/><U112/><E131/><V117/><F117/><W119/><G128/><T40/><D100/><U53/><E135/><V43/><F31/><W37/><G98/><T32/><D32/><U19/><E112/><V87/><F72/><W57/><G57/><T22/><D22/><U2/><E2/><V77/><F83/><W116/><G0/><T11/><D11/><U127/><E127/><V101/><F101/><W61/><G37/><T51/><D51/><U92/><E30/><V54/><F54/><N who="1" m="20489" /><E58/><V8/><F36/><W113/><G113/><T52/><D67/><U134/><E134/><V17/><F17/><W35/><G35/><T118/><D64/><U21/><E21/><V88/><F77/><W91/><G65/><T80/><D118/><U102/><E81/><V89/><F89/><W93/><G91/><T114/><D80/><U42/><E47/><N who="2" m="24063" /><F1/><W84/><G110/><T86/><D114/><U99/><E99/><V29/><F34/><W79/><G109/><T63/><D86/><U74/><E74/><V62/><F62/><W50/><G61/><T16/><D28/><U12/><E14/><AGARI ba="2,2" hai="6,10,14,16,23,25,38,40,45,52,56,63,121,123" machi="14" ten="30,11600,0" yaku="7,1,52,1,54,2" doraHai="5" who="0" fromWho="1" sc="400,142,259,-122,150,0,171,0" /><INIT seed="4,3,0,3,0,130" ten="542,137,150,171" oya="0" hai0="28,19,120,132,25,105,23,22,34,134,4,116,80" hai1="2,121,40,55,82,103,56,123,17,37,72,15,75" hai2="102,60,100,59,27,76,49,63,113,118,68,107,111" hai3="104,67,114,18,83,127,85,7,61,47,106,97,54"/><T109/><D105/><U16/><E2/><V53/><F111/><W95/><G114/><T86/><D116/><U81/><E103/><V12/><F113/><W33/><G127/><T64/><D120/><U112/><E112/><V46/><F118/><W20/><G7/><T84/><D109/><U29/><E29/><V13/><F68/><W42/><G54/><T131/><D131/><U44/><E17/><V41/><F76/><W66/><G33/><T50/><D4/><U90/><E81/><V71/><F27/><W14/><G106/><T69/><D86/><U51/><E75/><V30/><F30/><W57/><G104/><T24/><D50/><U48/><E37/><V26/><F26/><W79/><G57/><T43/><D43/><U65/><E65/><V93/><F107/><W101/><REACH who="3" step="1"/><G61/><REACH who="3" ten="542,137,150,161" step="2"/><T122/><D34/><U94/><E121/><V78/><F63/><W1/><G1/><T117/><D122/><U0/><E0/><V92/><F60/><W8/><G8/><T115/><D117/><U77/><E123/><V98/><F59/><W58/><G58/><T39/><D115/><U62/><E62/><V125/><F125/><W73/><G73/><T96/><D64/><U3/><E3/><V36/><F53/><W126/><G126/><T31/><D69/><U5/><E5/><V87/><F71/><W119/><G119/><T35/><D35/><U6/><E6/><V128/><F128/><W88/><G88/><T10/><D10/><N who="1" m="6263" /><E90/><N who="2" m="53343" /><F102/><W133/><G133/><N who="0" m="51307" /><D23/><U89/><E89/><V99/><F100/><W129/><G129/><T124/><D124/><RYUUKYOKU ba="3,1" sc="542,-15,137,15,150,-15,161,15" hai1="40,44,48,51,55,56,72,77,82,94" hai3="14,18,20,42,47,66,67,79,83,85,95,97,101" /><INIT seed="5,4,1,0,3,122" ten="527,152,135,176" oya="1" hai0="39,103,30,28,93,80,71,43,127,120,45,94,111" hai1="89,81,57,131,35,18,115,46,113,92,37,61,47" hai2="133,31,3,76,38,42,130,19,55,88,95,65,0" hai3="25,135,123,67,116,105,118,132,106,79,104,6,78"/><U26/><E131/><V108/><F108/><W77/><G123/><T82/><D111/><U7/><E7/><V17/><F130/><W64/><G25/><T56/><D120/><U58/><E81/><V59/><F133/><N who="3" m="51275" /><G6/><T24/><D71/><U2/><E2/><V110/><F110/><W14/><G14/><T101/><D56/><U29/><E18/><V20/><F76/><W44/><G44/><T102/><D127/><U13/><E13/><V5/><F65/><AGARI ba="4,1" hai="64,65,67,77,78,79,104,105,106,116,118" m="51275" machi="65" ten="40,5200,0" yaku="28,2,20,1" doraHai="122" who="3" fromWho="2" sc="527,0,152,0,135,-64,176,74" /><INIT seed="6,0,0,2,1,96" ten="527,152,71,250" oya="2" hai0="49,129,74,111,38,84,116,66,52,113,26,107,1" hai1="8,126,68,43,81,123,41,91,3,112,134,89,59" hai2="24,79,76,101,2,36,63,23,40,34,16,133,46" hai3="62,37,18,83,31,69,71,13,70,27,94,114,127"/><V87/><F133/><W22/><G127/><T95/><D66/><U47/><E68/><V121/><F121/><W56/><G37/><T119/><D95/><U61/><E126/><V20/><F2/><W105/><G105/><T92/><D74/><U29/><E134/><V97/><F34/><W109/><G109/><T53/><D107/><U55/><E123/><V21/><F63/><W85/><G94/><T25/><D111/><U82/><E112/><V11/><F11/><W102/><G102/><T60/><D38/><U106/><E106/><V80/><REACH who="2" step="1"/><F79/><REACH who="2" ten="527,152,61,250" step="2"/><W122/><G122/><T30/><D1/><U78/><E3/><V28/><F28/><W14/><G31/><T9/><D9/><U10/><E29/><V125/><F125/><W118/><G62/><T12/><D60/><U19/><E8/><V51/><F51/><W124/><G124/><T88/><D49/><N who="1" m="26879" /><E78/><V100/><F100/><W120/><G120/><T32/><D30/><U7/><E7/><V42/><F42/><W54/><G114/><T75/><D32/><U73/><E41/><V99/><F99/><W65/><G118/><T130/><D113/><U90/><E10/><V117/><F117/><W57/><G22/><T108/><D119/><U128/><E19/><V39/><F39/><W131/><G18/><T115/><D116/><U86/><E128/><V104/><AGARI ba="0,1" hai="16,20,21,23,24,36,40,46,76,80,87,97,101,104" machi="104" ten="20,12000,1" yaku="1,1,0,1,7,1,52,1,54,1,53,0" doraHai="96" doraHaiUra="4" who="2" fromWho="2" sc="527,-40,152,-40,61,130,250,-40" /><INIT seed="6,1,0,4,1,48" ten="487,112,191,210" oya="2" hai0="14,132,112,10,45,107,127,79,68,98,75,73,108" hai1="71,104,46,125,24,57,44,2,96,89,113,8,93" hai2="12,90,94,7,66,128,95,124,131,91,114,37,52" hai3="97,47,18,22,58,130,101,55,111,15,19,13,3"/><V40/><F66/><W6/><G111/><T120/><D79/><U36/><E113/><V1/><F1/><W81/><G130/><N who="2" m="49705" /><F114/><W117/><G117/><T92/><D107/><U53/><E125/><V21/><F124/><W106/><G81/><T67/><D108/><U84/><E71/><V26/><F40/><W83/><G83/><T60/><D120/><U59/><E36/><V54/><F37/><W74/><G74/><T42/><D127/><U17/><E59/><V0/><F0/><W123/><G47/><T34/><D34/><U72/><E72/><V82/><F82/><W100/><G123/><T50/><D112/><U70/><E70/><V134/><F134/><W9/><G97/><T99/><D99/><U29/><E104/><V105/><F105/><W126/><G106/><T39/><D132/><U119/><E119/><V109/><F109/><W38/><G38/><T88/><D39/><U32/><E96/><N who="2" m="57431" /><F12/><W56/><G56/><T25/><D75/><U135/><E135/><V27/><F7/><W62/><REACH who="3" step="1"/><G126/><REACH who="3" ten="487,112,191,200" step="2"/><T20/><D73/><U103/><E103/><V61/><F61/><W115/><G115/><T78/><D68/><U85/><E85/><N who="2" m="52719" /><F27/><W41/><G41/><T122/><D122/><U80/><E80/><V63/><F63/><W133/><G133/><T35/><D60/><U11/><E57/><V23/><F26/><W77/><G77/><T30/><D78/><U64/><E93/><V116/><F116/><W65/><G65/><T121/><D121/><U31/><E64/><V43/><F43/><W129/><G129/><T5/><D67/><RYUUKYOKU ba="1,1" sc="487,10,112,-30,191,10,200,10" hai0="5,10,14,20,25,30,35,42,45,50,88,92,98" hai2="21,23,52,54" hai3="3,6,9,13,15,18,19,22,55,58,62,100,101" /><INIT seed="6,2,1,4,1,16" ten="497,82,201,210" oya="2" hai0="129,111,53,80,100,0,96,88,79,13,99,41,102" hai1="21,125,120,44,37,43,47,51,83,7,1,59,89" hai2="108,92,33,27,30,86,107,36,82,28,116,6,24" hai3="106,97,69,35,133,63,25,104,74,115,78,17,81"/><V39/><F116/><W105/><G133/><T122/><D111/><U52/><E125/><V84/><F107/><W65/><G115/><T73/><D0/><U61/><E120/><V87/><F108/><W42/><G42/><T123/><D41/><U77/><E89/><V134/><F134/><W112/><G112/><T8/><D129/><U119/><E119/><V114/><F114/><W46/><G46/><T3/><D88/><U126/><E126/><V50/><F6/><W23/><REACH who="3" step="1"/><G35/><REACH who="3" ten="497,82,201,200" step="2"/><T11/><D123/><U117/><E117/><V93/><F39/><W14/><G14/><T131/><D122/><U118/><E118/><V128/><F36/><W67/><G67/><T32/><D32/><U64/><E1/><V95/><F128/><W68/><G68/><T18/><D131/><U22/><REACH who="1" step="1"/><E7/><REACH who="1" ten="497,72,201,200" step="2"/><V5/><F5/><W31/><G31/><T38/><D3/><U2/><E2/><V58/><F30/><W76/><G76/><T91/><D79/><U130/><E130/><V40/><F28/><W94/><G94/><T103/><D18/><U70/><E70/><V19/><F19/><W132/><G132/><T90/><D80/><U34/><E34/><V20/><F33/><W60/><G60/><T113/><D113/><U101/><E101/><AGARI ba="2,3" hai="17,23,25,63,65,69,74,78,81,97,101,104,105,106" machi="101" ten="40,2600,0" yaku="1,1,52,1,53,0" doraHai="16" doraHaiUra="48" who="3" fromWho="1" sc="497,0,72,-32,201,0,200,62" /><INIT seed="7,0,0,5,2,69" ten="497,40,201,262" oya="3" hai0="94,41,2,126,0,127,111,51,35,39,79,47,23" hai1="52,128,44,28,92,86,83,99,20,85,105,113,66" hai2="34,132,12,27,5,4,45,106,123,75,24,31,124" hai3="102,9,109,112,3,121,88,8,108,32,43,130,116"/><W10/><G116/><T15/><D35/><U58/><E113/><V55/><F106/><W91/><G121/><T18/><D111/><N who="3" m="42569" /><G112/><T122/><D122/><U14/><E128/><V117/><F123/><W76/><G130/><T42/><D79/><U49/><E105/><V100/><F117/><W72/><G32/><T65/><D65/><U48/><E83/><V54/><F100/><W104/><G76/><T93/><D42/><U7/><E7/><V98/><F98/><N who="3" m="61527" /><G43/><T118/><D118/><U133/><E133/><V1/><F132/><W38/><G72/><T89/><D51/><U131/><E131/><V135/><F135/><W40/><G3/><N who="0" m="1067" /><D89/><N who="3" m="34377" /><G40/><T82/><D82/><U120/><E120/><V19/><F75/><W6/><G6/><T26/><D15/><U56/><E44/><V119/><F119/><W29/><G29/><T16/><D18/><U68/><E68/><V107/><F1/><W101/><G101/><T61/><D61/><U46/><E46/><V129/><F129/><W84/><G84/><T13/><D13/><U97/><E14/><V64/><F12/><W78/><G78/><T70/><D70/><U33/><E33/><V80/><F34/><W115/><G115/><T22/><D22/><U36/><E20/><V67/><F45/><W62/><G62/><T110/><D110/><U90/><E28/><V53/><F31/><W77/><G77/><T21/><D21/><U11/><E86/><V73/><F4/><W30/><G30/><T103/><D103/><U37/><E85/><V63/><F5/><W50/><G8/><T17/><D17/><RYUUKYOKU ba="0,0" sc="497,30,40,-10,201,-10,262,-10" hai0="16,23,26,39,41,47,93,94,126,127" owari="527,62.7,30,-47.0,191,-20.9,252,5.2" /></mjloggm>