<mjloggm ver="2.3"><GO type="169" lobby="0"/><UN n0="%6B%75%73%73%79" n1="%E3%81%9F%E3%81%8B%31%34%31" n2="%62%75%72%61%69" n3="%E3%83%81%E3%83%A5%E3%83%BC%E3%83%88%E7%A6%8F%E7%94%B0%E4%BC%BC" dan="17,16,17,16" rate="2165.24,2134.52,2168.72,2105.04" sx="M,M,M,M"/><TAIKYOKU oya="0"/><INIT seed="0,0,0,5,5,110" ten="250,250,250,250" oya="0" hai0="84,6,113,119,104,51,112,48,69,34,90,95,132" hai1="127,97,78,8,14,101,81,103,67,43,25,77,105" hai2="68,28,120,87,75,53,47,22,109,60,134,106,10" hai3="46,71,135,93,74,126,5,99,72,55,64,36,91"/><T40/><D119/><U86/><E127/><V76/><F109/><W11/><G126/><T117/><D117/><U57/><E103/><V65/><F120/><W63/><G135/><T4/><D104/><U42/><E78/><V114/><F75/><W121/><G121/><T108/><D108/><U85/><E85/><V24/><F106/><W44/><G44/><T54/><D69/><U125/><E125/><V79/><F134/><W45/><G45/><T16/><D34/><U49/><E25/><V21/><F21/><W107/><G107/><T31/><D31/><U20/><E20/><V58/><F114/><W92/><G92/><T27/><D132/><U2/><E2/><V128/><F128/><W39/><G39/><T70/><D70/><U23/><E23/><V133/><F47/><W18/><G18/><T0/><D40/><U115/><E115/><N who="0" m="44105" /><D48/><U37/><E37/><V123/><F123/><W111/><G111/><T88/><D90/><U82/><E49/><V124/><F124/><W56/><G46/><N who="0" m="28023" /><D0/><U17/><E57/><V7/><F68/><W33/><G36/><T30/><D30/><U129/><E43/><V131/><F133/><W89/><G33/><T73/><D73/><N who="1" m="43183" /><E42/><V100/><F100/><W52/><G89/><T61/><D61/><U98/><E101/><V118/><F118/><W83/><G83/><T41/><D41/><U66/><E105/><V26/><F60/><N who="3" m="35871" /><G52/><T94/><D94/><U29/><E29/><V80/><F28/><W59/><G71/><T62/><D62/><U96/><E82/><V35/><F80/><W116/><G116/><RYUUKYOKU ba="0,0" sc="250,15,250,-15,250,-15,250,15" hai0="4,6,16,27,84,88,95" hai3="5,11,59,63,64,72,74,91,93,99" /><INIT seed="0,1,0,5,0,77" ten="265,235,235,265" oya="0" hai0="51,101,99,128,85,66,127,84,25,118,50,21,132" hai1="39,108,65,78,74,115,92,123,126,124,7,19,53" hai2="71,105,111,89,83,100,131,42,122,40,69,94,35" hai3="125,93,79,104,52,34,107,61,28,68,70,43,23"/><T37/><D118/><U110/><E39/><V54/><F122/><W114/><G34/><T87/><D37/><U98/><E7/><V64/><F35/><W33/><G33/><T30/><D127/><N who="1" m="48683" /><E65/><V17/><F105/><W49/><G114/><T55/><D128/><U59/><E19/><V24/><F100/><W36/><G79/><T38/><D38/><U32/><E32/><V119/><F64/><W6/><G6/><T14/><D132/><U82/><E123/><V63/><F63/><W97/><G125/><T133/><D133/><U120/><E120/><V103/><F103/><W9/><G9/><T96/><D66/><U16/><E16/><V41/><F17/><W45/><G23/><T60/><D14/><U75/><E75/><V73/><F24/><W134/><G28/><T13/><D13/><U8/><E8/><V31/><F31/><W109/><G134/><T12/><D12/><U72/><E72/><V11/><F11/><W106/><G61/><T88/><D60/><N who="1" m="35951" /><E115/><V86/><F73/><W3/><G3/><T80/><D51/><U90/><AGARI ba="1,0" hai="74,78,82,90,92,98,108,110" m="35951,48683" machi="90" ten="30,2000,0" yaku="18,1,52,1" doraHai="77" who="1" fromWho="1" sc="265,-11,235,23,235,-6,265,-6" /><INIT seed="1,0,0,5,0,12" ten="254,258,229,259" oya="1" hai0="86,72,89,5,100,25,88,66,11,28,92,2,8" hai1="131,29,122,67,87,56,74,9,113,51,107,78,75" hai2="44,97,62,99,45,104,23,128,63,21,10,73,103" hai3="135,20,32,48,134,127,53,111,95,116,33,46,35"/><U52/><E113/><V132/><F73/><W38/><G111/><T120/><D72/><U26/><E122/><V69/><F132/><N who="3" m="50731" /><G116/><T64/><D120/><U102/><E131/><V50/><F128/><W119/><G119/><T70/><D70/><U41/><E67/><V133/><F10/><W1/><G1/><T91/><D11/><U65/><E65/><V14/><F69/><W83/><G83/><T121/><D121/><U117/><E117/><V24/><F99/><W40/><G95/><T39/><D39/><U18/><E41/><V130/><F45/><N who="3" m="23703" /><G20/><T94/><D100/><U4/><E102/><V36/><F36/><W80/><G80/><T124/><D124/><AGARI ba="0,0" hai="32,33,35,46,48,53,124,127" m="23703,50731" machi="124" ten="40,1300,0" yaku="20,1" doraHai="12" who="3" fromWho="0" sc="254,-13,258,0,229,0,259,13" /><INIT seed="2,0,0,1,4,113" ten="241,258,229,272" oya="2" hai0="37,101,61,111,12,9,36,2,71,80,104,89,6" hai1="45,102,14,100,20,114,1,83,74,86,121,56,62" hai2="10,127,122,95,92,99,78,30,77,75,82,32,60" hai3="4,106,115,64,117,84,103,97,34,17,51,38,73"/><V40/><F122/><W15/><G73/><T39/><D111/><U87/><E1/><V57/><F127/><W46/><G115/><T130/><D130/><U94/><E114/><V54/><F78/><W63/><G34/><T11/><D89/><N who="1" m="53559" /><E74/><V126/><F126/><W50/><G4/><T125/><D80/><U116/><E45/><V128/><F128/><W41/><G84/><T129/><D129/><U123/><E116/><V109/><F109/><W72/><G72/><T65/><D125/><U8/><E20/><V7/><F40/><W107/><G107/><T105/><REACH who="0" step="1"/><D101/><REACH who="0" ten="231,258,229,272" step="2"/><U110/><E110/><V26/><REACH who="2" step="1"/><F99/><REACH who="2" ten="231,258,219,272" step="2"/><W133/><G97/><T93/><D93/><U48/><E123/><V0/><AGARI ba="0,2" hai="0,7,10,26,30,32,54,57,60,75,77,82,92,95" machi="0" ten="20,7800,0" yaku="1,1,2,1,0,1,7,1,53,0" doraHai="113" doraHaiUra="66" who="2" fromWho="2" sc="231,-26,258,-26,219,98,272,-26" /><INIT seed="2,1,0,0,2,121" ten="205,232,317,246" oya="2" hai0="132,52,44,40,50,130,73,10,92,60,131,120,85" hai1="87,68,123,64,134,113,129,16,124,90,36,122,65" hai2="79,31,61,19,103,49,115,30,99,22,26,46,125" hai3="13,35,57,66,105,126,58,75,45,56,43,111,110"/><V14/><F125/><W33/><G75/><T112/><D73/><U94/><E113/><V128/><F128/><N who="0" m="49194" /><D120/><N who="1" m="46123" /><E129/><V41/><F115/><W104/><G66/><T80/><D112/><U5/><E124/><V117/><F117/><W59/><N who="3" m="14336" /><DORA hai="63" /><W47/><G13/><T106/><D106/><N who="3" m="41065" /><G43/><T93/><D132/><U67/><E134/><V7/><F79/><W81/><G81/><T91/><D60/><N who="1" m="39943" /><E36/><V27/><F61/><W114/><G114/><T95/><D10/><U21/><E5/><V1/><F1/><W9/><G9/><T88/><D40/><U17/><E17/><V55/><F41/><W24/><G24/><AGARI ba="1,0" hai="16,21,24,65,67,87,90,94" m="39943,46123" machi="24" ten="30,8000,1" yaku="13,1,52,3,54,1" doraHai="121,63" who="1" fromWho="3" sc="205,0,232,83,317,0,246,-83" /><INIT seed="3,0,0,1,4,83" ten="205,315,317,163" oya="3" hai0="81,11,23,101,111,100,35,123,96,122,130,99,89" hai1="8,6,4,88,87,132,31,9,37,18,76,26,110" hai2="52,60,39,43,40,125,38,54,48,69,116,121,3" hai3="7,67,16,15,80,75,97,58,79,30,73,14,103"/><W34/><G7/><T127/><D35/><U106/><E110/><V118/><F3/><W21/><G34/><T102/><D111/><U2/><E106/><V63/><F125/><W119/><G30/><T105/><D11/><U32/><E37/><N who="2" m="13835" /><F121/><W131/><G131/><T65/><D65/><U27/><E76/><V133/><F133/><W24/><G75/><T46/><D46/><U85/><E132/><V70/><F118/><W113/><G113/><T45/><D45/><U42/><E42/><N who="2" m="15915" /><F116/><W10/><G119/><T62/><D62/><N who="2" m="23594" /><F54/><W13/><G58/><AGARI ba="0,0" hai="48,52,58,69,70" m="23594,15915,13835" machi="58" ten="30,12000,2" yaku="35,5,54,1" doraHai="83" who="2" fromWho="3" sc="205,0,315,0,317,120,163,-120" /><INIT seed="4,0,0,1,0,58" ten="205,315,437,43" oya="0" hai0="124,94,89,34,120,57,75,93,4,90,107,134,69" hai1="28,116,50,119,9,95,13,132,84,43,19,123,92" hai2="135,6,64,22,71,26,117,122,133,36,3,111,114" hai3="74,59,99,2,10,130,17,103,109,31,86,127,24"/><T102/><D69/><U21/><E123/><V14/><F111/><W101/><G109/><T72/><D34/><U113/><E132/><V100/><F36/><W45/><G74/><N who="0" m="28203" /><D4/><U30/><E113/><V60/><F122/><W96/><G127/><T65/><D57/><U41/><E119/><V37/><F37/><W62/><G130/><T25/><D65/><U35/><E35/><V54/><F114/><W7/><G17/><T104/><D25/><U39/><E39/><V53/><F3/><W87/><G45/><T16/><D16/><U5/><E116/><V91/><F117/><W52/><G24/><T108/><D120/><U32/><E32/><V23/><F14/><W121/><G31/><T79/><D108/><U105/><E30/><V11/><F6/><W128/><G128/><T33/><D33/><U56/><E28/><V77/><F26/><W46/><G46/><T18/><D18/><U29/><E29/><V115/><F11/><W98/><REACH who="3" step="1"/><G121/><REACH who="3" ten="205,315,437,33" step="2"/><T76/><D124/><U88/><E19/><V44/><F44/><W51/><G51/><T67/><D134/><U12/><E50/><V15/><F135/><W68/><G68/><T129/><D129/><U81/><E21/><V42/><F23/><W125/><G125/><T110/><D110/><U0/><E9/><V118/><F22/><W55/><G55/><T73/><D73/><U40/><E40/><V49/><F42/><W8/><G8/><T126/><D126/><U48/><E43/><V38/><F133/><W83/><G83/><T106/><D67/><U63/><E41/><V66/><F66/><RYUUKYOKU ba="0,1" sc="205,-10,315,-10,437,-10,33,30" hai3="2,7,10,52,59,62,86,87,96,98,99,101,103" /><INIT seed="5,1,1,4,0,61" ten="195,305,427,63" oya="1" hai0="0,110,10,60,19,16,9,99,56,48,116,81,3" hai1="1,31,100,78,125,11,25,37,101,92,76,7,117" hai2="88,12,120,59,103,66,102,52,42,113,112,95,97" hai3="2,13,63,119,33,4,126,36,122,130,45,94,128"/><U54/><E117/><V104/><F120/><W73/><G13/><T65/><D116/><U58/><E37/><V35/><F35/><W47/><G94/><T51/><D110/><U82/><E125/><V15/><F42/><W55/><G73/><T106/><D81/><U50/><E92/><V69/><F66/><W21/><G21/><T85/><D85/><U53/><E53/><V96/><F69/><W74/><G74/><T72/><D72/><U38/><E38/><V23/><F102/><W109/><G4/><T127/><D127/><U77/><REACH who="1" step="1"/><E82/><REACH who="1" ten="195,295,427,63" step="2"/><V26/><F113/><W71/><G126/><T44/><D106/><U75/><E75/><V17/><REACH who="2" step="1"/><F112/><REACH who="2" ten="195,295,417,63" step="2"/><W40/><G119/><T20/><D99/><U62/><E62/><AGARI ba="1,3" hai="12,15,17,23,26,52,59,62,88,95,96,97,103,104" machi="62" ten="30,12000,2" yaku="1,1,2,1,7,1,25,2,54,2,53,0" doraHai="61" doraHaiUra="105" who="2" fromWho="1" sc="195,0,295,-123,417,153,63,0" /><INIT seed="6,0,0,2,4,1" ten="195,172,570,63" oya="2" hai0="14,35,28,88,103,27,83,41,97,25,22,128,133" hai1="36,100,65,15,38,123,71,87,125,3,76,77,84" hai2="120,121,118,57,66,105,72,9,49,112,29,94,6" hai3="51,42,91,39,90,113,132,130,69,101,63,98,127"/><V106/><F72/><W8/><G127/><T45/><D133/><U81/><E3/><V111/><F94/><W13/><G132/><T52/><D128/><U122/><E125/><V48/><F9/><W78/><G130/><T0/><D0/><U124/><E124/><V104/><F29/><W70/><G113/><T19/><D27/><U61/><E100/><V74/><F74/><W33/><G33/><T109/><D109/><U11/><E77/><V12/><F66/><W26/><G26/><T58/><D83/><U73/><E38/><V117/><F57/><W21/><G21/><T40/><D45/><U67/><E36/><V64/><F64/><W20/><G20/><T55/><D55/><U126/><E67/><V85/><F85/><W108/><G78/><T116/><D116/><U7/><REACH who="1" step="1"/><E126/><REACH who="1" ten="195,162,570,63" step="2"/><V134/><F118/><W99/><G39/><T31/><D103/><U79/><E79/><V24/><F117/><W30/><G101/><T92/><REACH who="0" step="1"/><D28/><REACH who="0" ten="185,162,570,63" step="2"/><U32/><E32/><V80/><F134/><W96/><G30/><T34/><D34/><U17/><E17/><V53/><F111/><W135/><G108/><T2/><D2/><U23/><E23/><V37/><F121/><AGARI ba="0,2" hai="7,11,15,61,65,71,73,76,81,84,87,121,122,123" machi="121" ten="40,8000,1" yaku="1,1,13,1,52,1,53,1" doraHai="1" doraHaiUra="5" who="1" fromWho="2" sc="185,0,162,100,570,-80,63,0" /><INIT seed="7,0,0,4,5,86" ten="185,262,490,63" oya="3" hai0="85,91,18,92,28,66,58,54,1,89,100,93,127" hai1="36,57,11,105,88,51,10,117,72,31,33,124,9" hai2="5,56,25,120,128,112,6,96,132,19,50,61,60" hai3="113,116,48,101,114,43,65,84,59,32,69,27,79"/><W14/><G116/><T122/><D122/><U21/><E36/><V16/><F112/><N who="3" m="43115" /><G69/><T104/><D127/><U67/><E72/><V90/><F132/><W73/><G73/><T97/><D1/><U121/><E105/><V135/><F135/><W41/><G101/><T99/><D28/><U39/><E39/><V12/><F128/><W76/><G14/><T13/><D66/><U115/><E33/><V23/><F50/><W83/><G79/><T17/><REACH who="0" step="1"/><D13/><REACH who="0" ten="175,262,490,63" step="2"/><U130/><E124/><V24/><F120/><W2/><G2/><T94/><D94/><U78/><E121/><V20/><F12/><W70/><G70/><T103/><D103/><U55/><E67/><N who="2" m="39303" /><F61/><AGARI ba="0,1" hai="17,18,54,58,61,85,89,91,92,93,97,99,100,104" machi="61" ten="30,7700,0" yaku="1,1,7,1,52,2,53,0" doraHai="86" doraHaiUra="118" who="0" fromWho="2" sc="175,87,262,0,490,-77,63,0" owari="262,6.2,262,-13.8,413,51.3,63,-43.7" /></mjloggm>