<mjloggm ver="2.3"><GO type="169" lobby="0"/><UN n0="%E3%81%AD%E3%81%93%E3%81%AB%E3%82%83%E3%82%93" n1="%6B%75%73%73%79" n2="%E3%82%8A%E3%82%93%E3%81%94%32%32%36" n3="%E3%81%B8%E3%81%84%E3%81%9E%E3%81%86%E3%81%95%E3%82%93" dan="16,17,16,16" rate="2132.55,2170.69,2144.06,2057.90" sx="F,M,M,M"/><TAIKYOKU oya="0"/><INIT seed="0,0,0,2,3,111" ten="250,250,250,250" oya="0" hai0="48,109,53,133,20,39,107,120,104,110,91,123,54" hai1="99,126,28,102,105,17,1,14,108,69,49,121,27" hai2="78,117,92,55,15,41,96,32,25,113,33,68,82" hai3="83,128,64,66,31,130,72,60,18,124,65,100,75"/><T101/><D39/><U19/><E121/><V93/><F117/><W43/><G31/><T132/><D20/><U90/><E108/><N who="0" m="41577" /><D48/><U114/><E126/><V51/><F68/><W46/><G124/><T9/><D9/><U47/><E1/><V11/><F41/><W112/><G100/><T86/><D54/><U106/><E69/><V0/><F0/><W22/><G60/><T125/><D53/><U37/><E37/><V63/><F63/><W85/><G22/><T98/><D107/><U134/><E105/><V35/><F25/><W115/><G18/><T42/><D42/><U30/><E49/><V45/><F15/><W80/><G46/><T97/><D97/><U26/><E47/><V73/><F11/><W67/><G43/><T36/><D36/><U59/><E14/><V122/><F122/><N who="0" m="46634" /><D125/><U87/><E99/><V40/><F40/><W127/><G127/><T81/><AGARI ba="0,0" hai="81,86,91,98,101,104,132,133" m="46634,41577" machi="81" ten="40,12000,1" yaku="14,1,10,1,34,2" doraHai="111" who="0" fromWho="0" sc="250,120,250,-40,250,-40,250,-40" /><INIT seed="0,1,0,5,4,121" ten="370,210,210,210" oya="0" hai0="69,2,124,87,46,19,5,24,15,55,97,120,13" hai1="101,132,77,74,16,123,126,88,114,38,108,27,133" hai2="31,89,128,63,25,96,41,49,32,113,107,61,100" hai3="11,8,83,29,118,47,119,53,76,99,45,135,36"/><T22/><D69/><U103/><E38/><V130/><F113/><W122/><G122/><T67/><D67/><U17/><E123/><V57/><F89/><W14/><G135/><N who="1" m="51786" /><E114/><V86/><F86/><W21/><G99/><T116/><D116/><U56/><E126/><V37/><F37/><W33/><G33/><T112/><D124/><U59/><E77/><V7/><F7/><W80/><G36/><T82/><D120/><U52/><E74/><V30/><F30/><W81/><G76/><T98/><D2/><U65/><E65/><V50/><F63/><W111/><G8/><N who="0" m="4239" /><D24/><U23/><E59/><V90/><F90/><W68/><G68/><T70/><D70/><U42/><E42/><V54/><F41/><W44/><G53/><T43/><D43/><U10/><E108/><V78/><F78/><W51/><G111/><T9/><D9/><U125/><E125/><V60/><REACH who="2" step="1"/><F61/><REACH who="2" ten="370,210,200,210" step="2"/><W72/><G119/><T3/><D112/><U1/><E88/><V71/><F71/><W85/><G118/><T64/><D87/><U109/><E109/><V39/><F39/><W6/><G85/><T91/><D91/><U129/><E17/><V94/><F94/><W117/><G117/><T12/><D19/><U127/><E127/><V92/><F92/><W4/><G72/><T104/><D104/><U95/><E95/><V102/><F102/><W75/><G75/><T84/><D84/><U66/><E103/><V79/><F79/><W73/><G73/><T134/><D134/><U106/><E101/><V115/><F115/><W26/><G4/><T110/><D110/><RYUUKYOKU ba="1,1" sc="370,-15,210,-15,200,15,210,15" hai2="25,31,32,49,50,54,57,60,96,100,107,128,130" hai3="6,11,14,21,26,29,44,45,47,51,80,81,83" /><INIT seed="1,2,1,5,2,101" ten="355,195,215,225" oya="1" hai0="17,2,124,48,98,88,25,120,30,75,42,104,24" hai1="47,135,73,128,50,13,126,39,134,77,107,87,69" hai2="122,82,31,65,33,54,76,100,123,58,80,108,72" hai3="132,1,67,64,59,102,96,6,111,49,21,11,129"/><U0/><E0/><V130/><F108/><W115/><G111/><T56/><D75/><U113/><E39/><V32/><F130/><W121/><G129/><T112/><D2/><U131/><E69/><V68/><F80/><W97/><G121/><T85/><D120/><U36/><E36/><V109/><F109/><W103/><G115/><T28/><D17/><U84/><E113/><V9/><F9/><W3/><G132/><N who="1" m="50730" /><E73/><V60/><F33/><W90/><G90/><T53/><D42/><U34/><E34/><V70/><F70/><W18/><G1/><T26/><D112/><U46/><E126/><V8/><F8/><W20/><G20/><T52/><D53/><U12/><E107/><V37/><F37/><W38/><G38/><T86/><D124/><U4/><E47/><V55/><F55/><W110/><G110/><T74/><D74/><U114/><E114/><V19/><F54/><W127/><G127/><T92/><D104/><U93/><E87/><AGARI ba="2,1" hai="24,25,26,28,30,48,52,56,85,86,87,88,92,98" machi="87" ten="40,5200,0" yaku="8,1,54,2" doraHai="101" who="0" fromWho="1" sc="355,68,195,-58,215,0,225,0" /><INIT seed="2,0,0,2,3,48" ten="423,137,215,225" oya="2" hai0="38,107,90,8,97,37,23,121,126,45,127,101,55" hai1="62,63,80,10,111,67,5,114,125,129,92,96,109" hai2="13,61,44,15,72,53,46,40,56,54,118,35,91" hai3="98,3,77,12,36,78,89,43,11,50,86,21,4"/><V16/><F118/><W0/><G36/><T33/><D33/><U2/><E114/><V9/><F35/><W19/><G0/><T124/><D121/><U32/><E32/><V130/><F72/><W75/><G75/><T133/><D133/><U82/><E125/><V95/><F130/><W84/><G98/><T93/><D23/><U34/><E34/><V73/><F73/><W83/><G43/><T88/><D8/><U57/><E63/><V110/><F110/><N who="1" m="41993" /><E129/><V42/><F15/><W117/><G117/><T103/><D90/><AGARI ba="0,0" hai="2,5,10,57,62,67,80,82,90,92,96" m="41993" machi="90" ten="30,1000,0" yaku="14,1" doraHai="48" who="1" fromWho="0" sc="423,-10,137,10,215,0,225,0" /><INIT seed="3,0,0,0,0,86" ten="413,147,215,225" oya="3" hai0="94,5,133,87,53,21,105,69,129,34,88,135,26" hai1="132,78,89,44,127,22,124,35,70,111,118,4,7" hai2="126,57,63,90,95,66,122,119,106,82,99,25,128" hai3="60,84,104,50,12,43,24,18,32,80,10,37,36"/><W113/><G113/><T17/><D105/><U19/><E70/><V110/><F110/><W15/><G104/><T38/><D129/><U73/><E78/><V49/><F126/><W114/><G114/><T67/><D38/><U74/><E35/><V47/><F128/><W6/><G60/><T16/><D34/><U81/><E111/><V28/><F122/><W14/><G32/><T125/><D125/><N who="1" m="48203" /><E44/><V54/><F106/><W107/><G107/><T134/><D5/><N who="1" m="2123" /><E132/><V20/><F119/><W59/><G37/><T1/><D1/><U120/><E120/><V64/><REACH who="2" step="1"/><F82/><REACH who="2" ten="413,147,205,225" step="2"/><W96/><G80/><T29/><D133/><U61/><E118/><V79/><F79/><W65/><G6/><T55/><D134/><U101/><E101/><V62/><F62/><W83/><G83/><T121/><D121/><U3/><E61/><V103/><F103/><W72/><G72/><T40/><D135/><U75/><E3/><V76/><F76/><W48/><G36/><T30/><D69/><U109/><E109/><V100/><F100/><W33/><G48/><T117/><D117/><U85/><E74/><V92/><F92/><W131/><G50/><T11/><D67/><AGARI ba="0,1" hai="20,25,28,47,49,54,57,63,64,66,67,90,95,99" machi="67" ten="30,7700,0" yaku="1,1,7,1,8,1,52,1,53,0" doraHai="86" doraHaiUra="77" who="2" fromWho="0" sc="413,-77,147,0,205,87,225,0" /><INIT seed="4,0,0,5,1,20" ten="336,147,292,225" oya="0" hai0="93,28,101,26,76,6,44,96,55,103,25,0,70" hai1="31,46,30,129,40,23,118,79,124,121,64,45,104" hai2="62,75,111,128,53,87,59,72,135,102,113,33,11" hai3="47,34,80,51,110,69,54,43,132,126,114,65,108"/><T88/><D70/><U49/><E118/><V127/><F33/><W15/><G34/><T10/><D76/><U67/><E121/><V61/><F111/><W91/><G114/><T27/><D28/><U73/><E104/><V92/><F128/><W109/><G15/><T95/><D44/><U60/><E129/><V48/><F127/><W58/><G80/><T130/><D130/><U94/><E124/><V82/><F135/><W99/><G99/><T3/><D3/><U37/><E73/><V100/><F72/><W78/><G91/><T117/><D117/><U119/><E79/><V85/><F11/><W22/><G22/><T36/><D36/><U13/><E119/><V131/><F113/><W68/><G78/><T38/><D38/><U8/><E94/><V106/><F106/><W17/><G17/><T32/><D32/><U1/><E1/><V90/><F75/><W41/><G126/><T134/><D134/><U29/><E60/><N who="2" m="23147" /><F131/><W125/><G125/><T98/><REACH who="0" step="1"/><D55/><REACH who="0" ten="326,147,292,225" step="2"/><U115/><E115/><V56/><F56/><W74/><G132/><T52/><D52/><U18/><E37/><V35/><F35/><W71/><G74/><T105/><D105/><U86/><E45/><V2/><F2/><W116/><G116/><T57/><D57/><U81/><E64/><V107/><F107/><W4/><G65/><T16/><D16/><U123/><E67/><V24/><F59/><W12/><G58/><T77/><D77/><N who="1" m="46383" /><E123/><V21/><F53/><W5/><G5/><T63/><D63/><U39/><E39/><V97/><F48/><W50/><G50/><RYUUKYOKU ba="0,1" sc="326,10,147,10,292,-30,225,10" hai0="0,6,10,25,26,27,88,93,95,96,98,101,103" hai1="8,13,18,23,29,30,31,40,46,49" hai3="4,12,41,43,47,51,54,68,69,71,108,109,110" /><INIT seed="4,1,1,5,2,123" ten="336,157,262,235" oya="0" hai0="17,3,130,35,107,119,52,77,66,88,41,48,92" hai1="116,121,99,135,12,72,32,37,43,65,58,103,57" hai2="56,104,42,45,49,39,1,16,23,25,26,61,10" hai3="5,34,2,91,78,75,15,129,86,27,28,46,90"/><T80/><D107/><U134/><E32/><V31/><F104/><W93/><G129/><T132/><D119/><U98/><E72/><V30/><F39/><W101/><G101/><T64/><D130/><U79/><E79/><V127/><F127/><W97/><G2/><T7/><D35/><U73/><E73/><V133/><F133/><W102/><G46/><T84/><D132/><N who="1" m="50731" /><E121/><V51/><F51/><W70/><G70/><T106/><D106/><N who="1" m="63863" /><E65/><V111/><F111/><W122/><G122/><T36/><D36/><U18/><E99/><V115/><F115/><W125/><G125/><T120/><D41/><U11/><E116/><V87/><F87/><W50/><G75/><T126/><D126/><U128/><E128/><V68/><F68/><W53/><G78/><T63/><D120/><U55/><E55/><V33/><F1/><W29/><G86/><T117/><D117/><U81/><E81/><V13/><F33/><W8/><G29/><N who="2" m="10761" /><F23/><W44/><AGARI ba="1,1" hai="5,8,15,27,28,34,44,50,53,90,91,93,97,102" machi="44" ten="20,1500,0" yaku="0,1,7,1" doraHai="123" who="3" fromWho="3" sc="336,-8,157,-5,262,-5,235,28" /><INIT seed="5,0,0,1,1,100" ten="328,152,257,263" oya="1" hai0="29,120,96,17,98,45,135,67,109,125,66,44,108" hai1="110,112,130,61,60,134,119,85,71,7,82,38,92" hai2="53,4,54,46,104,78,28,118,127,95,8,59,22" hai3="51,131,3,90,48,42,58,2,30,111,37,114,132"/><U43/><E119/><V16/><F127/><W49/><G111/><T20/><D29/><U105/><E110/><V65/><F104/><W123/><G123/><T56/><D56/><U75/><E112/><V122/><F28/><W103/><G114/><T18/><D20/><U73/><E105/><V19/><F78/><W83/><G103/><T62/><D62/><U9/><E130/><V107/><F107/><W88/><G30/><T40/><D40/><U79/><E134/><V72/><F72/><W102/><G102/><T133/><D125/><U55/><E55/><V1/><F122/><AGARI ba="0,0" hai="17,18,44,45,66,67,96,98,108,109,120,122,133,135" machi="122" ten="25,1600,0" yaku="22,2" doraHai="100" who="0" fromWho="2" sc="328,16,152,0,257,-16,263,0" /><INIT seed="6,0,0,0,4,45" ten="344,152,241,263" oya="2" hai0="40,39,15,113,21,93,98,85,99,82,41,54,87" hai1="58,126,97,80,50,12,75,18,10,86,56,84,13" hai2="123,94,1,112,3,8,135,106,101,73,7,108,90" hai3="60,129,11,25,122,95,26,36,81,44,91,104,31"/><V61/><F112/><W9/><G104/><T22/><D39/><U120/><E126/><V4/><F123/><W74/><G122/><T78/><D113/><U76/><E120/><V88/><F73/><W27/><G129/><T55/><D15/><U51/><E75/><V119/><F119/><W23/><G36/><T124/><D93/><U17/><E97/><V67/><F135/><W115/><G115/><T133/><D82/><U132/><E132/><V118/><F118/><W121/><G121/><T16/><D133/><U111/><E111/><V48/><F106/><W107/><G107/><T117/><D78/><U43/><E84/><V77/><F77/><W2/><G44/><T30/><D30/><U64/><E43/><V102/><F48/><N who="1" m="18473" /><E64/><V14/><F90/><W38/><G91/><T100/><D85/><U20/><AGARI ba="0,0" hai="10,12,13,17,18,20,56,58,76,80,86" m="18473" machi="20" ten="30,7900,0" yaku="8,1,52,3" doraHai="45" who="1" fromWho="1" sc="344,-20,152,79,241,-39,263,-20" /><INIT seed="7,0,0,4,1,18" ten="324,231,202,243" oya="3" hai0="114,63,4,80,133,98,59,52,42,93,101,110,21" hai1="119,75,81,33,34,78,15,91,134,95,20,92,79" hai2="53,123,83,86,90,130,104,23,129,88,107,68,67" hai3="113,132,25,38,36,70,7,55,117,127,84,22,115"/><W126/><G70/><T2/><D110/><U41/><E134/><V100/><F68/><W54/><G117/><T24/><D133/><U5/><E119/><V106/><F67/><W118/><G7/><T82/><D114/><N who="3" m="43529" /><G84/><T62/><D42/><U1/><E79/><V116/><F53/><N who="3" m="19979" /><G118/><T109/><D109/><U58/><E58/><V35/><F35/><W19/><G132/><T102/><D102/><U111/><E111/><V89/><F116/><W49/><G49/><N who="0" m="31119" /><D4/><U9/><E41/><V50/><F50/><W46/><G46/><T32/><D32/><U56/><E56/><V61/><F61/><N who="0" m="23050" /><D2/><U76/><E76/><N who="2" m="46439" /><F23/><W47/><G47/><T29/><AGARI ba="0,0" hai="21,24,29,80,82,93,98,101" m="23050,31119" machi="29" ten="30,4000,0" yaku="8,1,52,1,54,1" doraHai="18" who="0" fromWho="0" sc="324,40,231,-10,202,-10,243,-20" owari="364,46.4,221,-17.9,192,-30.8,223,2.3" /></mjloggm>