<mjloggm ver="2.3"><GO type="169" lobby="0"/><UN n0="%78%78%62%6D%6D" n1="%E6%9D%BE%E5%B1%8B%E3%81%8A%E3%81%98%E3%81%95%E3%82%93" n2="%E3%83%A9%E3%82%B9%E3%82%8B%E3%81%8B%E3%81%AA" n3="%E6%99%AE%E9%9C%B2%E9%9C%B2" dan="17,17,17,16" rate="2201.44,2148.60,2209.80,2120.21" sx="M,M,M,M"/><TAIKYOKU oya="0"/><INIT seed="0,0,0,0,4,89" ten="250,250,250,250" oya="0" hai0="37,70,38,107,36,56,96,97,106,31,23,103,55" hai1="135,5,16,95,126,119,79,122,33,109,125,104,114" hai2="118,59,121,87,92,128,41,127,46,71,9,52,45" hai3="28,73,78,7,81,69,58,115,27,131,35,111,32"/><T116/><D70/><U105/><E33/><V67/><F121/><W39/><G115/><T74/><D74/><U60/><E5/><V93/><F128/><W88/><G69/><T91/><D116/><U40/><E40/><V10/><F127/><N who="1" m="48649" /><E60/><V102/><F118/><W48/><G131/><T124/><D124/><U72/><E119/><V53/><F71/><W15/><G39/><T19/><D31/><U13/><E122/><V110/><F110/><W62/><G48/><T8/><D8/><N who="2" m="3178" /><F41/><W108/><G15/><T34/><D34/><U65/><E65/><V68/><F68/><W101/><G101/><T83/><D107/><U133/><E109/><V12/><F12/><W86/><G7/><T44/><D44/><N who="2" m="17002" /><F87/><W120/><G35/><T57/><D55/><N who="2" m="21066" /><F102/><W85/><G85/><T132/><D38/><U11/><E114/><V30/><F30/><W3/><G120/><T76/><D37/><U64/><E64/><V98/><F98/><W129/><G129/><T94/><D36/><U50/><E50/><V75/><F75/><W6/><G6/><T17/><D57/><U99/><E104/><V63/><AGARI ba="0,0" hai="59,63,67,92,93" m="21066,17002,3178" machi="63" ten="30,7900,0" yaku="8,1,52,2,54,1" doraHai="89" who="2" fromWho="2" sc="250,-39,250,-20,250,79,250,-20" /><INIT seed="1,0,0,5,1,134" ten="211,230,329,230" oya="1" hai0="119,113,87,42,109,129,94,43,68,28,107,3,31" hai1="85,123,6,37,55,51,84,83,60,58,100,36,105" hai2="121,117,57,80,1,54,126,78,35,62,99,116,11" hai3="49,21,102,0,12,115,110,44,70,14,66,2,69"/><U77/><E123/><V7/><F121/><W67/><G115/><T127/><D113/><U56/><E6/><V50/><F35/><W92/><G110/><T26/><D119/><U130/><E130/><V135/><F135/><W75/><G75/><T111/><D107/><U45/><E58/><V29/><F29/><W108/><G108/><N who="0" m="41547" /><D3/><U71/><E71/><V89/><F126/><W91/><G102/><T90/><D68/><U112/><E112/><V98/><F50/><W46/><G49/><T73/><D73/><U48/><E48/><V104/><F98/><W38/><G21/><T25/><D129/><U39/><E85/><V16/><F16/><W76/><G76/><T114/><D127/><U17/><E100/><V10/><F10/><W9/><G9/><T132/><D132/><U5/><E105/><V74/><F104/><W97/><G97/><T79/><D79/><U86/><E86/><V53/><F53/><W23/><G23/><N who="0" m="15423" /><D114/><U64/><E5/><V120/><F120/><W19/><G19/><T4/><D4/><U18/><AGARI ba="0,0" hai="17,18,36,37,39,45,51,55,56,60,64,77,83,84" machi="18" ten="40,2100,0" yaku="0,1" doraHai="134" who="1" fromWho="1" sc="211,-7,230,21,329,-7,230,-7" /><INIT seed="1,1,0,2,0,13" ten="204,251,322,223" oya="1" hai0="119,56,54,3,127,17,61,31,92,130,124,80,6" hai1="114,88,97,57,22,11,41,2,100,60,135,103,36" hai2="110,33,39,58,75,63,98,71,23,106,29,132,115" hai3="72,86,74,62,32,123,47,108,46,51,107,52,0"/><U34/><E34/><V70/><F75/><W7/><G123/><T59/><D119/><U82/><E114/><V90/><F39/><W28/><G108/><T128/><D31/><U9/><E135/><V38/><F38/><W66/><G107/><T133/><D6/><U42/><E36/><V83/><F33/><W50/><G7/><T126/><D3/><U64/><E2/><V69/><F110/><W16/><G0/><T27/><D80/><U68/><E68/><V134/><F115/><W125/><G125/><T129/><D92/><N who="1" m="56455" /><E22/><V99/><F83/><W104/><G104/><T1/><D1/><U5/><E82/><V37/><F37/><W26/><G86/><T20/><REACH who="0" step="1"/><D59/><REACH who="0" ten="194,251,322,223" step="2"/><U101/><E5/><V45/><F106/><W77/><G28/><T105/><D105/><U118/><E118/><V116/><F116/><W91/><G32/><T111/><D111/><U117/><E117/><V24/><F134/><AGARI ba="1,1" hai="17,20,27,54,56,61,124,126,127,128,129,130,133,134" machi="134" ten="50,12000,2" yaku="1,1,30,2,18,1,19,1,52,1,53,0" doraHai="13" doraHaiUra="65" who="0" fromWho="2" sc="194,133,251,0,322,-123,223,0" /><INIT seed="2,0,0,1,5,38" ten="327,251,199,223" oya="2" hai0="51,122,53,10,39,132,41,7,30,11,123,23,91" hai1="127,79,69,14,80,24,119,101,57,70,115,9,6" hai2="1,56,45,8,97,75,27,32,20,34,72,61,90" hai3="114,47,104,128,84,92,29,15,4,49,43,106,21"/><V100/><F90/><W26/><G128/><T96/><D132/><U112/><E119/><V107/><F1/><W28/><G114/><T86/><D96/><U109/><E109/><V93/><F8/><W94/><G29/><T65/><D65/><U120/><E101/><V95/><F95/><W87/><G106/><T134/><D134/><U54/><E127/><V63/><F63/><W121/><G104/><T2/><D11/><U133/><E24/><V82/><F45/><W22/><G121/><T55/><D23/><U83/><E83/><V33/><F82/><W5/><G92/><T108/><D30/><U102/><E102/><V31/><REACH who="2" step="1"/><F107/><REACH who="2" ten="327,251,189,223" step="2"/><W73/><G94/><T130/><D10/><U58/><E80/><V60/><F60/><W78/><G5/><T17/><D91/><U50/><E9/><V110/><F110/><W85/><G4/><T118/><D2/><U116/><E6/><V71/><F71/><W103/><G103/><T12/><D7/><U77/><E70/><V16/><F16/><N who="3" m="10399" /><G73/><T129/><D108/><U68/><E68/><V25/><F25/><W111/><G111/><T117/><D17/><U99/><E69/><V0/><F0/><W76/><AGARI ba="0,1" hai="22,26,28,43,47,49,76,78,84,85,87" m="10399" machi="76" ten="30,4000,0" yaku="8,1,52,1,54,1" doraHai="38" who="3" fromWho="3" sc="327,-10,251,-10,189,-20,223,50" /><INIT seed="3,0,0,0,4,78" ten="317,241,169,273" oya="3" hai0="16,51,21,62,3,112,117,57,108,75,9,82,52" hai1="5,6,93,58,18,97,4,53,50,94,134,43,56" hai2="111,101,49,44,27,121,59,90,45,96,71,11,83" hai3="109,25,74,133,28,10,61,41,92,15,104,55,98"/><W65/><G74/><T34/><D34/><U122/><E122/><V29/><F71/><W124/><G124/><T72/><D117/><U7/><N who="1" m="1024" /><DORA hai="76" /><U89/><E134/><V1/><F11/><W33/><G133/><T131/><D9/><U95/><E43/><V26/><F1/><W54/><G104/><T40/><D3/><U87/><E18/><V110/><F59/><W102/><G109/><N who="2" m="41481" /><F121/><W126/><G126/><T38/><D108/><U86/><E86/><N who="2" m="50527" /><F29/><W22/><G33/><T115/><D38/><U32/><E32/><V37/><F37/><W48/><G15/><T2/><D2/><U20/><E20/><V19/><F19/><W129/><G129/><T68/><D131/><U23/><E23/><V84/><F84/><W66/><G10/><T106/><D106/><U103/><REACH who="1" step="1"/><E58/><REACH who="1" ten="317,231,169,273" step="2"/><V13/><F13/><W85/><G85/><T135/><D135/><U30/><E30/><V128/><F128/><W77/><G28/><T132/><D132/><U64/><E64/><V88/><F45/><N who="3" m="25647" /><G66/><T123/><D123/><U14/><E14/><V113/><F113/><W63/><G65/><T46/><D72/><U114/><E114/><N who="0" m="43561" /><D68/><U127/><E127/><V105/><F88/><W17/><G77/><N who="0" m="44351" /><D21/><U125/><E125/><V118/><F118/><W67/><G67/><N who="0" m="39375" /><D16/><U36/><E36/><V73/><F73/><W39/><G39/><T79/><D79/><U107/><AGARI ba="0,1" hai="50,53,56,87,89,93,94,95,97,103,107" m="1024" machi="107" ten="40,5200,0" yaku="1,1,0,1,53,1" doraHai="78,76" doraHaiUra="12,80" who="1" fromWho="1" sc="317,-13,231,62,169,-13,273,-26" /><INIT seed="4,0,0,4,0,47" ten="304,293,156,247" oya="0" hai0="92,91,43,127,21,123,70,3,99,134,44,78,72" hai1="25,82,96,40,14,48,94,53,23,15,95,24,1" hai2="122,85,10,128,80,113,20,69,110,89,106,97,52" hai3="0,27,135,33,45,9,77,90,130,46,37,22,5"/><T121/><D70/><U102/><E1/><V86/><F122/><W126/><G126/><T109/><D127/><U31/><E40/><V68/><F110/><W118/><G118/><T29/><D109/><U58/><E82/><V59/><F113/><W133/><G130/><T103/><D3/><U11/><E11/><V26/><F128/><W41/><G46/><T17/><D29/><U61/><E94/><V124/><F124/><W62/><G90/><T30/><D30/><U108/><E108/><V35/><F35/><W32/><G62/><T13/><D134/><N who="3" m="51209" /><G77/><T12/><D78/><U71/><REACH who="1" step="1"/><E24/><REACH who="1" ten="304,283,156,247" step="2"/><V81/><F10/><W34/><G9/><T42/><D42/><U18/><E18/><V129/><F129/><W88/><G0/><T38/><D12/><U93/><E93/><V120/><F120/><W101/><G5/><T39/><D123/><U107/><E107/><V73/><F73/><W105/><G105/><T112/><D72/><U116/><E116/><V64/><F106/><W28/><G41/><T79/><D121/><U57/><E57/><V117/><F117/><W76/><G27/><T2/><D2/><U115/><E115/><V19/><F97/><W74/><G74/><T84/><D112/><U66/><AGARI ba="0,1" hai="14,15,23,25,31,48,53,58,61,66,71,95,96,102" machi="66" ten="30,7900,0" yaku="1,1,0,1,52,1,53,1" doraHai="47" doraHaiUra="55" who="1" fromWho="1" sc="304,-39,283,89,156,-20,247,-20" /><INIT seed="5,0,0,0,2,59" ten="265,372,136,227" oya="1" hai0="68,57,121,125,103,26,80,129,17,0,3,75,7" hai1="127,31,27,76,73,28,20,88,64,2,134,51,16" hai2="96,114,25,48,132,123,58,99,77,107,119,79,94" hai3="66,10,81,24,71,100,128,63,33,109,104,108,115"/><U70/><E2/><V46/><F119/><W110/><G115/><T9/><D68/><U52/><E127/><V117/><F117/><W19/><G128/><T69/><D69/><U55/><E134/><V113/><F123/><W131/><G131/><T130/><D0/><U74/><E55/><V13/><F132/><W53/><G53/><T82/><D125/><U65/><E88/><N who="2" m="55367" /><F25/><W43/><G43/><T39/><D82/><U14/><E31/><V89/><F13/><W84/><G10/><T118/><D103/><U8/><E76/><V120/><F120/><W111/><G111/><T85/><D121/><U34/><E34/><V29/><F29/><N who="3" m="19623" /><G19/><T101/><D17/><U44/><REACH who="1" step="1"/><E70/><REACH who="1" ten="265,362,136,227" step="2"/><V98/><F89/><N who="3" m="51343" /><G108/><T37/><D129/><U4/><E4/><V42/><F58/><W5/><G5/><T47/><D57/><U30/><E30/><V86/><F99/><AGARI ba="0,1" hai="63,66,71,99,100,104,109,110" m="51343,19623" machi="99" ten="30,2000,0" yaku="25,1,52,1" doraHai="59" who="3" fromWho="2" sc="265,0,362,0,136,-20,227,30" /><INIT seed="6,0,0,2,1,47" ten="265,362,116,257" oya="2" hai0="3,77,78,11,63,20,46,50,85,67,58,94,132" hai1="95,24,84,96,19,97,23,38,44,60,74,133,0" hai2="75,31,33,106,83,131,121,126,43,1,34,116,79" hai3="12,113,90,55,10,134,17,57,99,32,88,105,66"/><V5/><F116/><W4/><G134/><T117/><D132/><U73/><E133/><V81/><F121/><W130/><G130/><T51/><D117/><U59/><E0/><V21/><F106/><W119/><G119/><T107/><D107/><U35/><E35/><V123/><F123/><W68/><G32/><T125/><D125/><U29/><E84/><V120/><F120/><W100/><G113/><T8/><D3/><U103/><E96/><V15/><F131/><W124/><G124/><T80/><D77/><U127/><E19/><V48/><F126/><W62/><REACH who="3" step="1"/><G4/><REACH who="3" ten="265,362,116,247" step="2"/><T54/><D20/><U87/><E127/><V64/><F1/><W112/><G112/><T86/><REACH who="0" step="1"/><D51/><AGARI ba="0,1" hai="10,12,17,51,55,57,62,66,68,88,90,99,100,105" machi="51" ten="30,8000,1" yaku="1,1,7,1,52,1,54,1,53,1" doraHai="47" doraHaiUra="49" who="3" fromWho="0" sc="265,-80,362,0,116,0,247,90" /><INIT seed="7,0,0,0,3,126" ten="185,362,116,337" oya="3" hai0="91,70,30,62,125,44,130,49,113,118,93,14,9" hai1="73,97,74,69,100,21,40,6,45,101,96,111,99" hai2="48,57,107,120,13,75,88,31,90,127,117,1,131" hai3="24,41,106,78,82,114,47,87,68,98,37,23,11"/><W50/><G68/><T39/><D118/><U102/><E111/><V123/><F1/><W53/><G114/><T19/><D130/><U60/><E6/><V32/><F117/><W86/><G11/><T43/><D125/><U58/><E21/><V66/><F127/><W2/><G2/><T77/><D113/><U80/><E80/><V55/><F75/><W29/><G106/><T3/><D3/><U116/><E69/><V27/><F107/><W0/><G0/><T18/><D77/><U115/><E115/><V28/><F66/><W46/><G98/><T104/><D104/><U61/><E116/><V121/><F131/><W56/><G46/><T83/><D83/><U92/><E92/><V17/><REACH who="2" step="1"/><F31/><REACH who="2" ten="185,362,106,337" step="2"/><W42/><G41/><T16/><D30/><U22/><E100/><V59/><F59/><W71/><G71/><T109/><D109/><U94/><E101/><V133/><F133/><W103/><G103/><T67/><D39/><N who="1" m="21663" /><E74/><AGARI ba="0,1" hai="23,24,29,37,42,47,50,53,56,74,78,82,86,87" machi="74" ten="30,1500,0" yaku="7,1" doraHai="126" who="3" fromWho="1" sc="185,0,362,-15,106,0,337,25" owari="185,-21.5,347,14.7,106,-39.4,362,46.2" /></mjloggm>