<mjloggm ver="2.3"><GO type="169" lobby="0"/><UN n0="%E6%9C%AA%E6%9D%A5%E5%B0%91%E5%B9%B4" n1="%74%61%6B%61%74%6F%72%69" n2="%E7%A0%B2%E5%A7%90%E5%A7%90" n3="%E3%81%9D%E3%81%86%E3%81%9F%E3%81%A3%E3%81%9F" dan="16,16,16,16" rate="2153.93,2023.42,2100.65,2063.14" sx="F,M,F,M"/><TAIKYOKU oya="0"/><INIT seed="0,0,0,2,1,120" ten="250,250,250,250" oya="0" hai0="50,22,68,104,32,25,94,133,90,57,95,113,38" hai1="8,54,75,37,83,114,88,31,98,81,61,7,112" hai2="53,15,89,103,106,86,97,119,77,6,51,9,129" hai3="87,48,13,60,59,91,34,2,84,20,49,1,45"/><T14/><D113/><N who="1" m="43627" /><E37/><V73/><F119/><W56/><G34/><T19/><D38/><U110/><E31/><V17/><F129/><W102/><G102/><T85/><D68/><U63/><E75/><V44/><F73/><W111/><G13/><T109/><D104/><U126/><E83/><V18/><REACH who="2" step="1"/><F77/><REACH who="2" ten="250,250,240,250" step="2"/><W26/><G1/><T11/><D133/><U30/><E126/><V118/><F118/><W72/><G2/><T46/><D32/><U27/><E54/><V135/><F135/><W58/><G72/><T70/><D70/><U105/><E105/><V92/><AGARI ba="0,1" hai="6,9,15,17,18,44,51,53,86,89,92,97,103,106" machi="92" ten="20,5200,0" yaku="1,1,0,1,7,1,53,1" doraHai="120" doraHaiUra="96" who="2" fromWho="2" sc="250,-26,250,-13,240,62,250,-13" /><INIT seed="1,0,0,2,4,85" ten="224,237,302,237" oya="1" hai0="37,89,90,13,82,79,127,122,91,8,130,71,98" hai1="53,86,58,65,54,21,25,116,12,99,61,24,0" hai2="123,125,43,26,7,76,52,84,108,47,105,109,56" hai3="11,72,110,36,63,70,92,31,29,113,33,121,96"/><U97/><E116/><V60/><F123/><W30/><G113/><T16/><D71/><U100/><E0/><V38/><F105/><W81/><G36/><T119/><D119/><U42/><E42/><V48/><F125/><W17/><G110/><N who="2" m="42601" /><F7/><W41/><G41/><T44/><D122/><U118/><E118/><V117/><F117/><W35/><G81/><T77/><D127/><U115/><E115/><V112/><F112/><W75/><G63/><T27/><D130/><U111/><E111/><V59/><F26/><W93/><G70/><T45/><D37/><U50/><E12/><V74/><F74/><W64/><G64/><T107/><D27/><U67/><E24/><V95/><F95/><W126/><G121/><T128/><D128/><U88/><E100/><V120/><F120/><W19/><G31/><T62/><D62/><U129/><E129/><V80/><F59/><W18/><G18/><T78/><REACH who="0" step="1"/><D82/><REACH who="0" ten="214,237,302,237" step="2"/><N who="1" m="49239" /><E67/><V55/><F38/><W102/><G126/><T20/><D20/><U15/><E65/><AGARI ba="0,1" hai="43,47,48,52,55,56,60,65,76,80,84" m="42601" machi="65" ten="30,2000,0" yaku="14,1,54,1" doraHai="85" who="2" fromWho="1" sc="214,0,237,-20,302,30,237,0" /><INIT seed="2,0,0,4,5,94" ten="214,217,332,237" oya="2" hai0="93,95,17,11,63,100,96,45,103,3,133,102,28" hai1="115,57,76,135,73,2,39,99,4,131,19,36,29" hai2="79,9,113,47,34,114,31,70,35,64,14,7,84" hai3="42,101,18,62,65,37,32,123,122,71,74,112,10"/><V5/><F5/><W12/><G74/><T88/><D133/><U134/><E115/><V21/><F70/><W85/><G112/><T33/><D33/><U124/><E29/><V120/><F120/><W1/><G32/><T87/><D28/><U130/><E4/><V109/><F64/><W25/><G1/><T110/><D110/><U90/><E2/><V108/><F35/><W80/><G25/><T128/><D128/><N who="1" m="49195" /><E57/><V26/><F47/><W105/><G42/><T41/><D63/><U86/><E19/><V68/><F68/><W23/><G37/><T132/><D132/><N who="1" m="50731" /><E99/><V54/><F54/><W118/><G18/><T24/><D3/><U50/><E50/><V83/><F34/><W13/><G62/><T104/><D104/><U98/><E98/><V55/><F55/><W107/><G107/><T111/><D111/><AGARI ba="0,0" hai="7,9,14,21,26,31,79,83,84,108,109,111,113,114" machi="111" ten="40,3900,0" yaku="14,1,10,1" doraHai="94" who="2" fromWho="0" sc="214,-39,217,0,332,39,237,0" /><INIT seed="2,1,0,0,1,25" ten="175,217,371,237" oya="2" hai0="60,30,8,1,81,6,106,87,38,54,68,4,75" hai1="94,12,116,93,67,122,7,21,3,66,18,26,89" hai2="131,48,10,61,5,32,51,135,39,103,17,77,14" hai3="132,69,73,56,0,92,46,96,101,28,115,55,127"/><V126/><F39/><W59/><G69/><T102/><D38/><U49/><E116/><V91/><F131/><W128/><G0/><T70/><D75/><U24/><E122/><V40/><F135/><W120/><G73/><T27/><D6/><U119/><E119/><V47/><F126/><W100/><G115/><T36/><D36/><U65/><E94/><V53/><F103/><W112/><G112/><T76/><D102/><U118/><E118/><V124/><F124/><W15/><G59/><T83/><D106/><U82/><E82/><V44/><F32/><W79/><G46/><T134/><D134/><U88/><E89/><V90/><F61/><W58/><G58/><T78/><D54/><U42/><E7/><V125/><F125/><W121/><G79/><T85/><REACH who="0" step="1"/><D60/><REACH who="0" ten="165,217,371,237" step="2"/><U71/><E3/><V50/><F5/><W62/><G100/><T84/><D84/><N who="1" m="52359" /><E71/><V105/><F105/><W2/><G132/><T108/><D108/><U95/><E95/><V31/><F77/><W104/><G104/><T37/><D37/><U113/><E113/><V19/><F91/><W34/><G127/><T133/><D133/><U130/><E130/><V22/><F90/><W41/><G128/><T63/><D63/><U114/><E114/><V9/><F40/><W57/><G41/><T117/><D117/><U97/><E97/><V99/><F99/><N who="3" m="59623" /><G62/><T129/><D129/><U111/><E111/><V52/><F53/><W98/><G55/><T72/><D72/><U16/><E18/><V109/><F52/><W64/><G98/><T107/><D107/><U11/><E42/><RYUUKYOKU ba="1,1" sc="165,30,217,-10,371,-10,237,-10" hai0="1,4,8,27,30,68,70,76,78,81,83,85,87" /><INIT seed="3,2,1,3,4,76" ten="195,207,361,227" oya="3" hai0="64,88,20,119,97,98,106,16,55,39,128,11,117" hai1="7,120,95,70,65,83,62,22,93,81,9,25,19" hai2="74,26,12,113,79,85,67,105,28,21,15,133,24" hai3="72,104,90,3,44,116,109,75,41,13,33,34,129"/><W111/><G116/><T2/><D39/><U118/><E118/><V8/><F113/><W29/><G3/><T23/><D128/><U14/><E120/><V94/><F105/><W57/><G104/><T56/><D64/><U89/><REACH who="1" step="1"/><E95/><REACH who="1" ten="195,197,361,227" step="2"/><V40/><F94/><W50/><G109/><T131/><D117/><U84/><AGARI ba="2,2" hai="7,9,14,19,22,25,62,65,70,81,83,84,89,93" machi="84" ten="20,12000,2" yaku="1,1,2,1,0,1,7,1,52,2,53,0" doraHai="76" doraHaiUra="54" who="1" fromWho="1" sc="195,-32,197,146,361,-32,227,-62" /><INIT seed="4,0,0,1,3,99" ten="163,343,329,165" oya="0" hai0="57,72,47,11,3,74,98,88,29,53,4,134,48" hai1="17,54,15,123,41,65,22,128,91,124,112,73,6" hai2="7,120,115,111,32,135,52,93,46,127,122,114,118" hai3="76,95,50,107,80,13,1,66,40,81,26,92,58"/><T8/><D134/><U24/><E123/><V33/><F7/><W85/><G107/><T121/><D121/><U126/><E73/><V12/><F12/><W43/><G1/><T0/><D29/><U104/><E128/><V119/><F93/><W77/><G13/><T31/><D31/><U59/><E65/><V100/><F100/><W116/><G116/><N who="2" m="44585" /><F111/><W63/><G26/><T62/><D8/><U68/><E104/><V38/><F127/><W19/><G19/><T51/><D51/><U35/><E68/><V49/><F38/><W16/><G16/><T97/><D3/><U69/><E69/><V102/><F102/><W109/><G109/><T84/><D72/><U37/><E91/><V94/><F94/><W113/><G113/><N who="2" m="43017" /><F135/><W14/><G14/><T87/><D74/><U2/><E37/><V125/><F125/><W106/><G106/><T30/><D30/><U110/><E110/><V60/><F60/><W82/><G95/><T34/><D34/><AGARI ba="0,0" hai="32,33,34,46,49,52,120,122" m="43017,44585" machi="34" ten="40,5200,0" yaku="12,1,15,1,54,1" doraHai="99" who="2" fromWho="0" sc="163,-52,343,0,329,52,165,0" /><INIT seed="5,0,0,1,2,43" ten="111,343,381,165" oya="1" hai0="100,122,42,20,40,89,37,110,74,84,0,134,105" hai1="2,88,127,57,11,135,96,35,9,53,67,6,22" hai2="107,130,5,13,10,18,99,119,38,85,12,87,3" hai3="7,75,111,106,129,76,27,26,24,52,46,101,103"/><U108/><E108/><V28/><F119/><W49/><G111/><T48/><D110/><U116/><E116/><V112/><F130/><W123/><G123/><T80/><D134/><U92/><E35/><V91/><F28/><W15/><G106/><T115/><D115/><U114/><E114/><V73/><F73/><W23/><G129/><T71/><D122/><U19/><E135/><V36/><F112/><W132/><G132/><T47/><D0/><U55/><E11/><V66/><F66/><W58/><G75/><T34/><D34/><U95/><E127/><V59/><F59/><W31/><G76/><T64/><D74/><U45/><E95/><V70/><F70/><W25/><G58/><T81/><D20/><U78/><E78/><V1/><F107/><W98/><G98/><T32/><D32/><U102/><E102/><V86/><F99/><W39/><G39/><T83/><D100/><U77/><E77/><V50/><F50/><W131/><G131/><T33/><D33/><U30/><E30/><V104/><F104/><W90/><G90/><T65/><D105/><U79/><E79/><V93/><F3/><W125/><G125/><T41/><D71/><U14/><REACH who="1" step="1"/><E45/><REACH who="1" ten="111,333,381,165" step="2"/><V44/><F44/><W8/><AGARI ba="0,1" hai="7,8,15,23,24,25,26,27,31,46,49,52,101,103" machi="8" ten="30,7900,0" yaku="0,1,8,1,52,1,54,1" doraHai="43" who="3" fromWho="3" sc="111,-20,333,-39,381,-20,165,89" /><INIT seed="6,0,0,4,2,40" ten="91,294,361,254" oya="2" hai0="92,120,59,107,129,134,132,12,24,45,103,123,2" hai1="100,113,43,125,111,9,60,66,29,20,127,95,84" hai2="62,90,61,80,122,23,86,70,88,121,27,78,36" hai3="97,0,131,77,99,44,79,135,15,16,81,18,1"/><V19/><F36/><W25/><G135/><T57/><D2/><U106/><E111/><V3/><F3/><W55/><G131/><T64/><D107/><U26/><E106/><V28/><F62/><W69/><G69/><T35/><D129/><U32/><E113/><V30/><F30/><W73/><G25/><T115/><D115/><U63/><E32/><V126/><F126/><W74/><G55/><T14/><D35/><U21/><E21/><V117/><F117/><W39/><G81/><T91/><D24/><U46/><E9/><V104/><F104/><W56/><G56/><T6/><D103/><U76/><E76/><V65/><REACH who="2" step="1"/><F28/><REACH who="2" ten="91,294,351,254" step="2"/><W83/><G39/><T119/><D119/><U82/><E63/><V124/><F124/><W130/><G130/><T68/><D132/><U54/><E60/><V108/><F108/><W116/><G116/><T72/><D134/><U4/><E125/><V87/><F87/><W109/><G109/><T133/><D133/><U75/><E84/><V96/><F96/><W50/><G99/><T71/><D72/><U10/><E29/><V41/><F41/><N who="3" m="24847" /><G97/><T37/><D120/><AGARI ba="0,1" hai="19,23,27,61,65,70,78,80,86,88,90,120,121,122" machi="120" ten="40,3900,0" yaku="1,1,54,1,53,0" doraHai="40" doraHaiUra="114" who="2" fromWho="0" sc="91,-39,294,0,351,49,254,0" /><INIT seed="6,1,0,1,2,127" ten="52,294,400,254" oya="2" hai0="32,27,24,60,125,106,8,61,23,108,6,67,95" hai1="114,110,122,88,135,40,21,66,116,112,59,62,71" hai2="90,4,33,14,133,41,111,83,49,118,5,57,81" hai3="93,72,102,123,38,7,51,87,43,74,39,0,31"/><V109/><F118/><W134/><G123/><T1/><D125/><U52/><E116/><V128/><F33/><W18/><G31/><T36/><D108/><N who="2" m="41546" /><F133/><W76/><G7/><N who="2" m="2633" /><F14/><W50/><G38/><T121/><D121/><U92/><E110/><V77/><F90/><W11/><G0/><T35/><D106/><U55/><E135/><V80/><F57/><W2/><G11/><T58/><D35/><U84/><E122/><V130/><F77/><W28/><G76/><T15/><D32/><U70/><E70/><V126/><F126/><W82/><G2/><T96/><D1/><U73/><E21/><V37/><F37/><W105/><G39/><T3/><D36/><U94/><E73/><V63/><F63/><W115/><G72/><T101/><D3/><U56/><E94/><V132/><F132/><W78/><G93/><T48/><D60/><U26/><E26/><V46/><AGARI ba="1,0" hai="41,46,49,80,81,83,128,130" m="2633,41546" machi="46" ten="40,7800,0" yaku="10,1,52,2" doraHai="127" who="2" fromWho="2" sc="52,-27,294,-27,400,81,254,-27" /><INIT seed="6,2,0,2,3,60" ten="25,267,481,227" oya="2" hai0="66,59,96,98,83,20,85,111,54,8,108,52,89" hai1="82,99,109,73,40,42,25,31,4,3,29,90,106" hai2="127,75,53,33,64,68,112,58,88,51,94,39,41" hai3="18,34,74,7,65,27,37,13,84,79,128,10,30"/><V119/><F119/><W131/><G37/><T105/><D108/><U55/><E31/><V117/><F117/><W35/><G84/><T47/><D111/><U86/><E4/><V130/><F33/><W56/><G79/><T125/><D125/><U19/><E3/><V121/><F127/><W101/><G101/><T15/><D105/><U12/><E73/><V100/><F75/><W97/><G97/><T14/><D20/><U104/><E104/><V76/><F76/><W103/><G103/><T87/><D87/><U78/><E55/><V70/><F130/><N who="3" m="49707" /><G56/><T46/><D15/><U132/><E106/><V123/><F100/><W9/><G65/><T122/><D122/><U57/><E57/><V28/><F112/><W102/><G102/><T107/><D107/><U91/><E99/><N who="2" m="57799" /><F70/><W69/><G69/><T24/><D24/><U115/><E78/><V126/><F28/><W5/><G74/><T63/><D96/><U110/><E29/><V16/><F126/><W67/><G67/><T1/><D1/><U61/><E86/><V36/><F36/><W77/><G77/><T32/><D32/><U48/><E110/><V6/><F121/><W116/><G116/><T95/><D47/><U129/><E129/><V134/><F123/><W124/><G124/><T133/><D46/><U11/><E91/><V38/><F38/><W2/><G35/><T50/><D50/><U114/><E48/><V43/><F51/><W71/><G71/><T93/><D93/><U23/><E109/><V49/><F68/><W92/><G92/><T45/><D45/><U72/><E72/><RYUUKYOKU ba="2,0" sc="25,-10,267,-10,481,-10,227,30" hai3="2,5,7,9,10,13,18,27,30,34" /><INIT seed="7,3,0,1,4,18" ten="15,257,471,257" oya="3" hai0="97,99,68,125,38,110,4,92,94,100,57,5,105" hai1="34,112,72,60,73,55,101,91,124,47,96,123,111" hai2="42,103,120,87,51,95,26,10,88,23,98,33,53" hai3="63,64,36,22,46,131,118,6,32,49,127,78,104"/><W44/><G118/><T13/><D57/><U113/><E111/><V1/><F120/><W126/><G32/><T19/><D68/><U119/><E123/><V29/><F42/><N who="3" m="22599" /><G104/><T81/><D38/><U116/><E124/><N who="3" m="47658" /><G6/><T121/><D125/><U86/><E34/><V82/><F1/><W84/><G22/><T59/><D121/><U30/><E30/><V3/><F3/><W93/><G131/><T122/><D122/><U31/><E31/><V0/><F0/><W79/><G93/><T17/><D110/><U35/><E35/><V61/><F61/><W109/><G84/><T89/><D59/><N who="1" m="34943" /><E47/><N who="2" m="27903" /><F33/><W114/><G114/><N who="1" m="44138" /><E91/><N who="2" m="51703" /><F10/><W41/><G109/><T80/><D89/><AGARI ba="3,0" hai="23,26,29,88,89,95,98,103" m="51703,27903" machi="89" ten="30,3900,0" yaku="8,1,52,1,54,1" doraHai="18" who="2" fromWho="0" sc="15,-48,257,0,471,48,257,0" owari="-33,-53.3,257,5.7,519,61.9,257,-14.3" /></mjloggm>