<mjloggm ver="2.3"><GO type="169" lobby="0"/><UN n0="%E6%A4%9B%E5%8D%97" n1="%4E%49%4B%55%59%41" n2="%E3%83%AA%E3%83%BC%E3%83%81%E3%83%89%E3%83%A9" n3="%E3%81%AA%E3%81%AA%E3%81%BF%EF%BC%A0%E5%8F%B2%E7%9A%AE%E8%BB%8D%E5%9B%A3" dan="16,17,17,17" rate="2142.19,2202.84,2188.28,2132.06" sx="F,M,M,M"/><TAIKYOKU oya="0"/><INIT seed="0,0,0,4,4,74" ten="250,250,250,250" oya="0" hai0="56,89,99,51,83,132,134,17,43,15,45,48,124" hai1="103,120,7,58,90,21,85,62,53,28,116,0,5" hai2="8,29,92,121,81,32,27,114,77,115,35,6,76" hai3="101,63,57,108,23,111,34,70,79,13,44,37,73"/><T61/><D124/><U88/><E116/><V123/><F92/><W22/><G34/><T117/><D117/><U82/><E120/><V87/><F32/><W24/><G70/><T113/><D113/><U97/><E0/><V65/><F65/><W95/><G37/><T118/><D118/><U131/><E131/><V12/><REACH who="2" step="1"/><F77/><REACH who="2" ten="250,250,240,250" step="2"/><W96/><G79/><T112/><D134/><U130/><E130/><V68/><F68/><W102/><G95/><T100/><D132/><U60/><E90/><V84/><F84/><W67/><G67/><T104/><D89/><U125/><E125/><V135/><F135/><W41/><G101/><T1/><D100/><U36/><E36/><V54/><F54/><W72/><G102/><T14/><D104/><U30/><E103/><V47/><F47/><W2/><G44/><T50/><D45/><U59/><E97/><V69/><F69/><W109/><G96/><T3/><D99/><U55/><REACH who="1" step="1"/><E21/><REACH who="1" ten="250,240,240,250" step="2"/><V80/><F80/><W40/><G23/><T9/><D83/><U98/><E98/><V52/><F52/><W93/><G22/><T133/><D133/><U75/><E75/><V128/><F128/><W31/><G73/><T127/><D127/><U110/><E110/><V26/><F26/><W33/><G72/><T94/><D94/><U39/><E39/><V11/><F11/><W42/><G93/><T126/><D9/><U91/><E91/><V49/><F49/><W106/><G106/><T107/><D107/><U64/><E64/><V122/><AGARI ba="0,2" hai="6,8,12,27,29,35,76,81,87,114,115,121,122,123" machi="122" ten="30,4000,0" yaku="1,1,0,1,52,1,53,0" doraHai="74" doraHaiUra="46" who="2" fromWho="2" sc="250,-20,240,-10,240,60,250,-10" /><INIT seed="1,0,0,3,5,108" ten="230,230,300,240" oya="1" hai0="55,45,32,63,34,68,21,47,53,48,12,127,20" hai1="39,100,60,133,98,72,35,117,73,14,113,6,129" hai2="70,38,74,1,5,130,36,17,88,9,2,62,114" hai3="126,26,8,122,109,24,134,77,102,51,128,31,81"/><U106/><E117/><V42/><F17/><W101/><G109/><T121/><D127/><U104/><E129/><V27/><F130/><W94/><G122/><T116/><D116/><U57/><E133/><V56/><F2/><W76/><G134/><T124/><D124/><U49/><E39/><V50/><F27/><W13/><G126/><T30/><D121/><U99/><E35/><V29/><F29/><W80/><G128/><T85/><D30/><U120/><E120/><V79/><F50/><W44/><G26/><T71/><D85/><U25/><E25/><V119/><F70/><W123/><G80/><T19/><D21/><U69/><E69/><V97/><F119/><W112/><G112/><T131/><D131/><U40/><E113/><V92/><F42/><W23/><G94/><T28/><D28/><U61/><E61/><V37/><F79/><W41/><G77/><T118/><D118/><U22/><E49/><V93/><F74/><W111/><G111/><T110/><D110/><U75/><E40/><V89/><F114/><W43/><G41/><T103/><D103/><N who="1" m="62583" /><E22/><V82/><F82/><W0/><G0/><T59/><REACH who="0" step="1"/><D47/><REACH who="0" ten="220,230,300,240" step="2"/><U91/><E72/><V52/><F37/><W86/><REACH who="3" step="1"/><G123/><REACH who="3" ten="220,230,300,230" step="2"/><T7/><D7/><AGARI ba="0,2" hai="7,8,13,23,24,31,43,44,51,76,81,86,101,102" machi="7" ten="30,12000,2" yaku="1,1,2,1,7,1,25,2,8,1,53,0" doraHai="108" doraHaiUra="105" who="3" fromWho="0" sc="220,-120,230,0,300,0,230,140" /><INIT seed="2,0,0,3,2,18" ten="100,230,300,370" oya="2" hai0="134,54,85,52,131,19,30,114,98,74,109,29,17" hai1="53,23,102,62,8,122,25,111,13,106,121,115,63" hai2="14,99,35,48,70,41,83,15,125,49,4,116,93" hai3="65,11,46,42,112,92,58,26,39,127,103,40,100"/><V3/><F116/><W110/><G110/><T79/><D109/><U90/><E115/><V77/><F70/><W128/><G128/><T126/><D74/><U88/><E111/><V124/><F35/><W12/><G127/><N who="2" m="48713" /><F3/><W130/><G130/><T32/><D126/><U104/><E53/><V67/><F67/><W5/><G112/><T27/><D131/><U20/><E13/><N who="2" m="4619" /><F41/><W38/><G92/><T59/><D114/><U75/><E75/><N who="2" m="43455" /><F4/><W33/><G65/><T82/><D54/><U21/><E25/><V24/><F24/><W123/><G123/><N who="1" m="47114" /><E8/><V47/><F47/><W135/><G40/><T133/><D30/><U71/><E71/><V76/><F76/><W36/><G58/><T132/><REACH who="0" step="1"/><D98/><REACH who="0" ten="90,230,300,370" step="2"/><N who="1" m="61527" /><E106/><V101/><AGARI ba="0,1" hai="48,49,93,99,101" m="43455,4619,48713" machi="101" ten="30,1500,0" yaku="18,1" doraHai="18" who="2" fromWho="2" sc="90,-5,230,-5,300,25,370,-5" /><INIT seed="2,1,0,2,5,61" ten="85,225,325,365" oya="2" hai0="15,44,97,84,131,99,51,89,72,50,53,63,124" hai1="2,135,96,77,81,73,60,67,43,76,11,57,122" hai2="123,19,116,1,85,33,86,0,49,45,102,80,109" hai3="46,106,29,82,92,91,27,83,94,6,58,28,120"/><V75/><F116/><W130/><G120/><T14/><D72/><U98/><E135/><V118/><F118/><W16/><G106/><T100/><D131/><U41/><E122/><V78/><F123/><W66/><G130/><T39/><D39/><U119/><E119/><V12/><F33/><W9/><G46/><T38/><D38/><U31/><E31/><V21/><F102/><W103/><G6/><T93/><D99/><U125/><E125/><V107/><F107/><W23/><G94/><T52/><D63/><U48/><E77/><V30/><F30/><N who="3" m="11883" /><G9/><T3/><D3/><U101/><E48/><V90/><F109/><W79/><G79/><T25/><D25/><U71/><E71/><V26/><F75/><W113/><G103/><T134/><D134/><U54/><E54/><V70/><F70/><W40/><G40/><T129/><D124/><U64/><E64/><V126/><F126/><W87/><G113/><T8/><D8/><U7/><REACH who="1" step="1"/><E96/><REACH who="1" ten="85,215,325,365" step="2"/><V68/><F68/><W114/><G114/><T22/><D129/><U108/><E108/><V133/><F133/><W55/><G66/><T127/><D127/><U42/><E42/><V121/><F121/><W56/><G55/><T132/><D132/><U112/><E112/><V69/><F69/><W128/><G128/><T62/><D62/><U111/><E111/><V47/><F49/><W115/><G115/><T74/><D51/><U37/><E37/><V36/><F36/><W34/><G34/><T13/><D53/><U24/><E24/><V18/><F26/><W5/><G27/><T104/><D22/><RYUUKYOKU ba="1,1" sc="85,15,215,15,325,-15,365,-15" hai0="13,14,15,44,50,52,74,84,89,93,97,100,104" hai1="2,7,11,41,43,57,60,67,73,76,81,98,101" /><INIT seed="3,2,1,5,3,38" ten="100,230,310,350" oya="3" hai0="44,9,109,88,25,19,107,79,51,129,122,95,24" hai1="3,101,58,21,60,94,14,1,123,16,48,57,74" hai2="118,132,35,30,64,105,28,78,46,31,72,4,120" hai3="2,112,103,125,66,67,87,131,71,73,85,116,128"/><W63/><G116/><T17/><D122/><U80/><E123/><V99/><F118/><W68/><G112/><T36/><D107/><U8/><E74/><V115/><F120/><W62/><G73/><T84/><D109/><U6/><E80/><V69/><F115/><W89/><G2/><T97/><D36/><U42/><E1/><V43/><F4/><W117/><G117/><T10/><D129/><U41/><E48/><V91/><F132/><W59/><G103/><T110/><D110/><U121/><E121/><V53/><F53/><W52/><G125/><T32/><D32/><U100/><E58/><V114/><F114/><W26/><G26/><N who="0" m="10347" /><D97/><U39/><E39/><V113/><F35/><W18/><G18/><N who="0" m="6667" /><D79/><U5/><E5/><V40/><F113/><W50/><REACH who="3" step="1"/><G85/><REACH who="3" ten="100,230,310,340" step="2"/><T81/><D81/><AGARI ba="2,2" hai="50,52,59,62,63,66,67,68,71,81,87,89,128,131" machi="81" ten="40,12000,1" yaku="1,1,2,1,9,1,54,1,53,1" doraHai="38" doraHaiUra="82" who="3" fromWho="0" sc="100,-126,230,0,310,0,340,146" owari="-26,-52.6,230,-17.0,310,11.0,486,58.6" /></mjloggm>