<mjloggm ver="2.3"><GO type="169" lobby="0"/><UN n0="%54%53%4D%2D%30%37" n1="%73%73%73%31%39%33%33" n2="%E5%B1%B1%E6%9C%AC%E6%83%A3%E4%B8%80%E6%9C%97" n3="%E6%A4%9B%E5%8D%97" dan="16,16,16,16" rate="2031.79,2123.36,2146.40,2118.30" sx="M,F,M,F"/><TAIKYOKU oya="0"/><INIT seed="0,0,0,0,0,102" ten="250,250,250,250" oya="0" hai0="95,90,16,27,66,76,107,53,111,69,25,1,113" hai1="97,17,98,112,46,39,41,89,116,45,108,7,15" hai2="29,81,51,74,124,31,127,80,129,8,99,56,3" hai3="134,55,109,5,88,36,82,120,96,61,133,84,100"/><T65/><D113/><U11/><E116/><V52/><F129/><W87/><G36/><T54/><D1/><U2/><E112/><V104/><F3/><W75/><G5/><T114/><D114/><U43/><E89/><V38/><F38/><W30/><G30/><T118/><D118/><U130/><E108/><V63/><F8/><W92/><G109/><T77/><D111/><U37/><REACH who="1" step="1"/><E130/><REACH who="1" ten="250,240,250,250" step="2"/><V115/><F115/><W73/><G120/><T47/><D90/><U86/><E86/><V13/><F74/><N who="3" m="28171" /><G61/><T50/><D76/><U12/><E12/><V68/><F63/><W110/><G110/><T64/><D77/><U42/><E42/><V117/><F13/><W67/><G67/><T19/><D66/><U0/><E0/><V105/><F117/><W83/><G55/><T78/><D78/><AGARI ba="0,1" hai="78,82,83,84,87,88,92,96,100,133,134" m="28171" machi="78" ten="30,3900,0" yaku="34,2,54,1" doraHai="102" who="3" fromWho="0" sc="250,-39,240,0,250,0,250,49" /><INIT seed="1,0,0,2,2,114" ten="211,240,250,299" oya="1" hai0="24,96,61,113,69,63,129,47,31,110,41,94,30" hai1="127,0,132,38,59,46,135,5,39,36,119,72,91" hai2="86,118,23,32,84,83,107,124,15,33,9,37,45" hai3="60,89,75,50,53,48,108,121,126,115,4,98,56"/><U51/><E72/><V67/><F118/><W81/><G115/><T52/><D113/><U62/><E119/><V34/><F124/><W76/><G108/><T116/><D110/><U10/><E91/><V134/><F107/><W42/><G121/><T103/><D129/><U19/><E19/><V43/><F134/><W29/><G126/><T102/><D102/><U85/><E85/><V73/><F23/><W70/><G29/><T77/><D116/><U12/><E0/><V27/><F27/><W8/><G70/><T57/><D77/><U25/><E25/><V87/><F67/><W104/><G42/><T40/><D47/><U82/><E82/><V18/><REACH who="2" step="1"/><F73/><REACH who="2" ten="211,240,240,299" step="2"/><W49/><G104/><T79/><D69/><U44/><E127/><V20/><F20/><W80/><G75/><T88/><D24/><U26/><E26/><V11/><F11/><W125/><G125/><T111/><D111/><U99/><E135/><V35/><N who="2" m="8192" /><DORA hai="2" /><V14/><F14/><N who="3" m="5383" /><G76/><AGARI ba="0,1" hai="9,15,18,37,43,45,76,83,84,86,87" m="8192" machi="76" ten="70,2300,0" yaku="1,1,53,0" doraHai="114,2" doraHaiUra="128,133" who="2" fromWho="3" sc="211,0,240,0,240,33,299,-23" /><INIT seed="2,0,0,1,0,116" ten="211,240,273,276" oya="2" hai0="121,135,62,56,38,123,117,75,115,133,69,36,80" hai1="110,9,22,83,5,78,81,100,105,31,79,129,134" hai2="98,14,118,13,16,114,131,99,3,47,107,94,119" hai3="132,53,26,28,122,125,15,91,68,102,10,112,30"/><V126/><F114/><W124/><G112/><T39/><D117/><U73/><E31/><V120/><F3/><W84/><G132/><N who="0" m="50763" /><D69/><U113/><E134/><V18/><F131/><W90/><G68/><T21/><D115/><U71/><E71/><V29/><F29/><W32/><G30/><T59/><D21/><U74/><E22/><V97/><F126/><W65/><G65/><N who="0" m="39111" /><D59/><U108/><E113/><V45/><F107/><W51/><G102/><T70/><D70/><U49/><E49/><V17/><F120/><N who="0" m="46154" /><D80/><U46/><E46/><N who="2" m="17419" /><F94/><W35/><G122/><T6/><D6/><U67/><E67/><V101/><F101/><W4/><G35/><T72/><AGARI ba="0,0" hai="36,38,39,72,75" m="46154,39111,50763" machi="72" ten="40,8000,1" yaku="20,1,52,3" doraHai="116" who="0" fromWho="0" sc="211,80,240,-20,273,-40,276,-20" /><INIT seed="3,0,0,3,4,29" ten="291,220,233,256" oya="3" hai0="51,58,38,86,129,133,17,104,73,121,24,46,15" hai1="122,125,56,119,82,99,54,10,92,57,6,84,35" hai2="89,13,37,31,2,105,53,131,25,113,62,34,39" hai3="22,130,81,134,18,95,114,28,128,111,110,117,93"/><W44/><G114/><T30/><D121/><U68/><E122/><V96/><F113/><W63/><G117/><T69/><D73/><U103/><E119/><V124/><F2/><W40/><G28/><T90/><D104/><U115/><E68/><V42/><F131/><N who="3" m="50219" /><G81/><T49/><D69/><U108/><E108/><N who="3" m="41514" /><G63/><T101/><D30/><U67/><E115/><V21/><F124/><W11/><G11/><T123/><D123/><U120/><E125/><V77/><F62/><W59/><G59/><T76/><D58/><U98/><E57/><V5/><F31/><W112/><G112/><T80/><D80/><U27/><E67/><V66/><F66/><W32/><G32/><T83/><D83/><U91/><E120/><V126/><F34/><W45/><G134/><T85/><D133/><U65/><E65/><V100/><F126/><W23/><G23/><T16/><D129/><U70/><E35/><V88/><F21/><W9/><G9/><T79/><D79/><U61/><E70/><V71/><F71/><W55/><G55/><T36/><D76/><U60/><E60/><V127/><F53/><W52/><G52/><T97/><D17/><U87/><E54/><V4/><F77/><W26/><G45/><T72/><D46/><U43/><E56/><V74/><F127/><W78/><G78/><T107/><D72/><U118/><E61/><V106/><F74/><W94/><G95/><T20/><D20/><U14/><E118/><V50/><F106/><W109/><N who="3" m="41522" /><W3/><DORA hai="33" /><G3/><T19/><D107/><U102/><E10/><V75/><F105/><RYUUKYOKU ba="0,0" sc="291,-10,220,-10,233,-10,256,30" hai3="18,22,26,40,44,93,94" /><INIT seed="3,1,0,1,5,33" ten="281,210,223,286" oya="3" hai0="127,34,10,12,53,61,105,89,73,43,41,28,45" hai1="90,25,66,36,51,121,76,30,37,46,126,93,16" hai2="82,97,52,106,6,13,134,124,4,56,19,75,22" hai3="9,98,78,118,59,107,129,109,31,72,125,62,122"/><W120/><G118/><T11/><D73/><U0/><E121/><V47/><F124/><W15/><G125/><T29/><D105/><U135/><E126/><V123/><F134/><W131/><G31/><T38/><D127/><U81/><E135/><V44/><F123/><W108/><G72/><T64/><D41/><U21/><E66/><V104/><F4/><W48/><G48/><T99/><D11/><U103/><E103/><V54/><F6/><N who="3" m="3511" /><G78/><T1/><D1/><U49/><E49/><V117/><F117/><W100/><G122/><T5/><D34/><U40/><E0/><V32/><F32/><W130/><G120/><T85/><D99/><U65/><E65/><AGARI ba="1,0" hai="59,62,65,98,100,107,108,109,129,130,131" m="3511" machi="65" ten="40,2000,0" yaku="19,1" doraHai="33" who="3" fromWho="1" sc="281,0,210,-23,223,0,286,23" /><INIT seed="3,2,0,4,3,79" ten="281,187,223,309" oya="3" hai0="32,10,44,74,83,110,61,99,42,106,118,85,30" hai1="117,24,67,53,123,23,46,132,7,109,75,98,114" hai2="125,107,11,5,126,115,95,6,88,112,13,127,37" hai3="63,111,36,49,108,27,51,15,113,71,100,69,34"/><W129/><G36/><T89/><D118/><U8/><E123/><V14/><F37/><W19/><G113/><T102/><D110/><N who="3" m="42025" /><G100/><T96/><D96/><U62/><E114/><V119/><F107/><W47/><G63/><T135/><D135/><U16/><E109/><V41/><F119/><W9/><G129/><T22/><D10/><U122/><E122/><V58/><F41/><N who="3" m="24815" /><G51/><T130/><D130/><U65/><E117/><V33/><F33/><W0/><G0/><T55/><D42/><U59/><E132/><V86/><F58/><W87/><G87/><T120/><D74/><U29/><E75/><V21/><F5/><W57/><G57/><T94/><D61/><U60/><E98/><V25/><REACH who="2" step="1"/><F13/><REACH who="2" ten="281,187,213,309" step="2"/><W38/><G38/><T26/><D120/><U64/><E46/><V40/><F40/><W121/><G121/><T3/><D3/><U116/><E116/><V134/><F134/><W81/><G34/><T84/><D32/><U66/><E66/><V20/><F20/><W103/><G71/><T72/><D44/><U18/><REACH who="1" step="1"/><E62/><REACH who="1" ten="281,177,213,309" step="2"/><V128/><F128/><W68/><G68/><T50/><D106/><U124/><E124/><V45/><F45/><W48/><G69/><T2/><D55/><U82/><E82/><V54/><F54/><W92/><G81/><T28/><D83/><U39/><E39/><V80/><F80/><W1/><G48/><T12/><D72/><U4/><E4/><V78/><F78/><W131/><G131/><T90/><D85/><U56/><E56/><V91/><F91/><W73/><G73/><T77/><D84/><RYUUKYOKU ba="2,2" sc="281,-15,177,15,213,15,309,-15" hai1="7,8,16,18,23,24,29,53,59,60,64,65,67" hai2="6,11,14,21,25,86,88,95,112,115,125,126,127" /><INIT seed="4,3,2,4,5,125" ten="266,192,228,294" oya="0" hai0="4,1,79,34,41,18,89,117,48,27,12,45,63" hai1="58,28,56,54,134,16,70,91,9,97,5,108,36" hai2="76,115,21,30,128,119,55,92,130,123,103,99,62" hai3="57,107,33,8,84,10,60,71,43,19,106,3,49"/><T96/><D117/><U90/><E108/><V74/><F115/><W124/><G33/><T73/><D73/><U95/><E70/><V68/><F119/><W20/><G124/><T6/><D79/><U121/><E36/><V11/><F123/><W75/><G75/><T87/><D96/><U77/><E121/><V26/><F11/><W105/><G3/><T126/><D1/><U72/><E28/><V61/><F61/><W112/><G71/><T81/><D126/><U83/><E134/><V14/><F14/><W42/><G84/><T13/><D63/><U118/><E118/><V69/><F55/><W85/><G85/><T64/><D64/><U111/><E111/><V110/><F110/><W93/><G93/><T50/><D48/><U122/><E122/><V116/><F116/><W32/><G32/><T135/><D135/><U132/><E132/><V114/><F114/><W78/><G78/><T131/><D131/><N who="2" m="50218" /><F62/><W46/><G43/><T113/><D113/><U86/><E54/><V39/><F39/><W38/><G38/><T2/><D2/><U7/><E7/><N who="0" m="2601" /><D34/><U102/><E5/><V37/><F37/><W101/><G112/><T31/><D31/><U98/><E9/><V44/><F44/><W120/><G120/><T65/><D65/><U29/><E29/><V100/><F100/><W15/><REACH who="3" step="1"/><G101/><REACH who="3" ten="266,192,228,284" step="2"/><T22/><AGARI ba="3,3" hai="12,13,18,22,27,41,45,50,81,87,89" m="2601" machi="22" ten="30,1500,0" yaku="8,1" doraHai="125" who="0" fromWho="0" sc="266,54,192,-8,228,-8,284,-8" /><INIT seed="4,4,0,3,5,10" ten="320,184,220,276" oya="0" hai0="84,66,65,78,80,125,52,13,70,121,117,17,54" hai1="134,108,113,27,99,49,30,40,75,62,124,29,90" hai2="39,96,101,73,68,115,12,47,25,42,135,35,102" hai3="106,15,59,2,107,11,50,44,109,21,48,37,56"/><T3/><D117/><U71/><E108/><V18/><F115/><W131/><G131/><T95/><D121/><U91/><E113/><V34/><F135/><W26/><G2/><T93/><D3/><U116/><E116/><V89/><F68/><W4/><G109/><T120/><D120/><U61/><E75/><V128/><F128/><W16/><G37/><T45/><D125/><U60/><E124/><V114/><F114/><W105/><REACH who="3" step="1"/><G50/><REACH who="3" ten="320,184,220,266" step="2"/><N who="0" m="28751" /><D70/><U86/><E71/><V41/><F39/><W112/><G112/><T72/><D72/><U24/><E49/><V88/><F73/><W20/><G20/><N who="0" m="11311" /><D54/><AGARI ba="4,1" hai="4,11,15,16,21,26,44,48,54,56,59,105,106,107" machi="54" ten="40,5200,0" yaku="1,1,52,1,54,1,53,0" doraHai="10" doraHaiUra="32" who="3" fromWho="0" sc="320,-64,184,0,220,0,266,74" /><INIT seed="5,0,0,3,5,122" ten="256,184,220,340" oya="1" hai0="54,31,52,20,108,92,97,123,44,117,79,78,55" hai1="107,32,93,106,105,11,70,38,63,113,25,118,22" hai2="37,116,27,112,121,9,115,60,101,72,12,13,34" hai3="30,53,43,29,135,114,41,82,56,48,125,40,14"/><U128/><E118/><V57/><F121/><W50/><G114/><N who="2" m="43561" /><F116/><W42/><G42/><T1/><D117/><U132/><E113/><V88/><F72/><W19/><G135/><T0/><D108/><U4/><E132/><V130/><F130/><W131/><G125/><T71/><D71/><U85/><E128/><V46/><F101/><W119/><G119/><T87/><D44/><U129/><E129/><V110/><F110/><W76/><G50/><T10/><D0/><U5/><E38/><V17/><F12/><W64/><G64/><T124/><D124/><U35/><E35/><V94/><F46/><W58/><G58/><T99/><D1/><U51/><E32/><V95/><F37/><W84/><REACH who="3" step="1"/><G131/><REACH who="3" ten="256,184,220,330" step="2"/><T45/><D123/><U65/><E51/><V80/><F57/><W120/><G120/><T59/><D59/><U102/><E65/><V6/><F60/><W133/><G133/><T28/><D55/><U18/><E63/><V98/><F95/><W104/><G104/><T69/><D54/><U68/><E68/><V3/><F80/><W126/><G126/><T86/><D69/><U67/><E70/><V134/><F134/><W77/><G77/><T73/><D78/><U21/><E67/><V7/><F3/><W16/><G16/><T24/><D79/><U90/><E107/><V8/><F17/><W47/><G47/><T89/><D45/><U109/><E106/><V111/><F111/><W26/><G26/><T23/><D92/><U61/><E109/><V49/><F49/><W39/><G39/><T100/><D24/><U15/><E105/><RYUUKYOKU ba="0,1" sc="256,-10,184,-10,220,-10,330,30" hai3="14,19,29,30,40,41,43,48,53,56,76,82,84" /><INIT seed="6,1,1,3,0,55" ten="246,174,210,360" oya="2" hai0="5,40,102,74,29,84,28,104,107,101,16,105,11" hai1="131,48,134,19,120,78,65,41,121,68,87,69,31" hai2="25,9,14,50,124,38,54,115,58,26,62,92,61" hai3="113,24,126,135,76,30,93,8,108,122,33,94,27"/><V89/><F115/><W59/><G108/><T52/><D74/><U125/><E31/><V85/><F38/><W99/><G122/><N who="1" m="47210" /><E19/><V129/><F129/><W21/><G135/><T37/><D37/><U109/><E78/><V130/><F130/><W47/><G126/><T2/><D40/><U13/><E13/><V53/><F124/><W23/><G47/><T96/><D84/><U34/><E87/><V119/><F119/><W82/><G94/><T0/><D0/><U3/><E34/><V1/><F1/><W117/><G113/><T79/><D79/><U77/><E77/><V73/><F73/><W110/><G8/><T81/><D81/><U114/><E3/><V111/><F111/><W91/><G110/><T80/><D80/><U39/><E109/><V127/><F127/><W71/><G71/><N who="1" m="27210" /><E125/><V49/><F49/><W98/><G98/><T123/><D102/><U35/><E35/><V90/><F90/><W6/><G27/><N who="2" m="10249" /><F54/><W112/><G112/><T60/><D107/><U56/><E114/><V22/><F22/><W75/><G117/><T32/><D105/><U116/><E116/><V67/><F67/><W57/><G33/><T128/><D32/><U133/><E131/><V12/><F12/><W4/><G23/><T70/><D128/><U43/><E39/><V7/><AGARI ba="1,1" hai="7,9,14,50,53,58,61,62,85,89,92" m="10249" machi="7" ten="30,3000,0" yaku="8,1,52,1" doraHai="55" who="2" fromWho="2" sc="246,-11,174,-11,210,43,360,-11" /><INIT seed="6,2,0,2,3,106" ten="235,163,253,349" oya="2" hai0="102,2,114,34,44,70,23,17,130,61,60,123,117" hai1="63,73,47,82,62,128,30,107,29,92,5,112,132" hai2="9,91,20,131,121,84,16,100,69,14,103,85,67" hai3="83,41,18,89,58,93,122,134,43,54,135,86,79"/><V64/><F121/><W72/><G122/><T32/><D123/><U68/><E107/><V48/><F131/><W1/><G1/><T45/><D130/><U25/><E128/><V120/><F120/><W75/><G75/><T12/><D2/><U11/><E112/><V26/><F48/><N who="3" m="31047" /><G18/><T55/><D114/><U51/><E132/><AGARI ba="2,0" hai="41,43,72,79,83,86,89,93,132,134,135" m="31047" machi="132" ten="30,2000,0" yaku="20,1,52,1" doraHai="106" who="3" fromWho="1" sc="235,0,163,-26,253,0,349,26" /><INIT seed="7,0,0,5,0,104" ten="235,137,253,375" oya="3" hai0="118,40,32,52,36,24,79,83,107,71,55,90,92" hai1="109,1,123,117,93,114,43,72,80,22,15,121,73" hai2="39,116,8,64,19,9,110,10,18,50,115,27,108" hai3="101,17,103,46,61,128,57,111,99,67,133,125,134"/><W86/><G128/><T84/><D118/><U100/><E1/><V56/><F39/><W6/><G125/><T63/><D36/><U105/><E43/><V94/><F116/><W33/><G111/><T51/><D40/><U77/><E117/><V70/><F70/><W42/><G33/><T12/><D107/><U132/><E15/><V68/><F68/><W20/><G6/><T102/><D102/><U21/><E21/><V49/><F115/><W82/><G133/><T97/><D12/><U13/><E13/><V28/><F110/><W37/><G99/><T76/><D76/><N who="1" m="44039" /><E22/><N who="2" m="15479" /><F94/><W89/><G134/><T5/><D5/><U127/><E109/><V85/><F85/><W75/><G75/><T34/><D24/><AGARI ba="0,0" hai="17,20,24,37,42,46,57,61,67,82,86,89,101,103" machi="24" ten="30,1500,0" yaku="7,1" doraHai="104" who="3" fromWho="0" sc="235,-15,137,0,253,0,375,15" owari="220,-18.0,137,-36.3,253,5.3,390,49.0" /></mjloggm>