<mjloggm ver="2.3"><GO type="169" lobby="0"/><UN n0="%68%7A%63" n1="%E3%81%93%E3%82%8C%E3%81%8C%E3%81%B5%E3%81%95%E3%81%B5%E3%81%95" n2="%6D%61%74%6F%30%36%30%33" n3="%74%6F%72%69%30%36%31%32" dan="18,17,17,16" rate="2200.68,2227.71,2203.22,2191.62" sx="F,M,M,M"/><TAIKYOKU oya="0"/><INIT seed="0,0,0,1,1,68" ten="250,250,250,250" oya="0" hai0="92,95,88,124,98,126,103,109,50,89,63,129,119" hai1="75,111,15,42,80,16,101,114,120,35,1,46,60" hai2="49,43,19,99,134,102,37,85,91,36,71,4,73" hai3="107,31,20,45,59,26,132,2,70,125,93,64,131"/><T104/><D119/><U116/><E111/><V123/><F123/><W90/><G107/><T55/><D63/><U6/><E116/><V112/><F112/><W135/><G2/><T14/><D129/><U96/><E120/><V30/><F73/><W24/><G70/><T7/><D109/><U32/><E6/><V39/><F71/><W57/><G125/><N who="0" m="48235" /><D7/><U47/><E1/><V11/><F30/><W52/><G131/><T41/><D41/><U65/><E80/><V29/><F29/><W62/><G26/><T33/><D14/><U58/><E75/><V74/><F74/><W86/><REACH who="3" step="1"/><G45/><REACH who="3" ten="250,250,250,240" step="2"/><N who="0" m="28111" /><D33/><U127/><E47/><V38/><F134/><W117/><G117/><T23/><D23/><U133/><E127/><V3/><F3/><W77/><G77/><T9/><D9/><U78/><E78/><V22/><F11/><W110/><G110/><T122/><D122/><U72/><E133/><V34/><F34/><W83/><G83/><T106/><D103/><U5/><E101/><V105/><F22/><W21/><G21/><T76/><D76/><U94/><E35/><V66/><F102/><W61/><AGARI ba="0,1" hai="20,24,31,52,57,59,61,62,64,86,90,93,132,135" machi="61" ten="30,4000,0" yaku="1,1,0,1,54,1,53,0" doraHai="68" doraHaiUra="69" who="3" fromWho="3" sc="250,-20,250,-10,250,-10,240,50" /><INIT seed="1,0,0,5,5,35" ten="230,240,240,290" oya="1" hai0="71,8,116,63,10,101,19,85,42,52,80,134,9" hai1="87,41,98,23,4,14,62,17,31,120,3,68,122" hai2="103,7,32,100,77,121,73,132,78,33,133,38,79" hai3="64,92,2,76,30,82,59,97,5,44,13,94,86"/><U18/><E31/><V20/><F121/><W56/><G2/><T127/><D116/><U36/><E98/><V112/><F73/><W1/><G1/><T125/><D101/><N who="2" m="38986" /><F38/><W65/><G30/><T25/><D42/><U55/><E87/><V115/><F20/><W39/><G44/><T104/><D104/><U90/><E90/><V54/><F54/><W106/><G39/><T6/><D134/><N who="2" m="51818" /><F7/><W67/><G106/><T61/><D6/><U109/><E109/><V0/><F0/><W107/><G107/><T81/><D71/><U53/><E53/><V126/><F126/><N who="0" m="48138" /><D52/><U128/><E55/><V84/><F84/><W75/><G75/><T40/><D40/><U43/><E43/><V16/><F16/><W105/><G105/><T114/><D114/><AGARI ba="0,0" hai="32,33,77,78,79,112,114,115" m="51818,38986" machi="114" ten="40,8000,1" yaku="28,2,11,1,20,1" doraHai="35" who="2" fromWho="0" sc="230,-80,240,0,240,80,290,0" /><INIT seed="2,0,0,1,0,76" ten="150,240,320,290" oya="2" hai0="54,84,90,46,43,51,98,134,17,118,87,120,86" hai1="47,115,12,125,15,58,33,126,22,116,100,40,25" hai2="18,73,81,131,28,111,61,57,91,77,107,5,70" hai3="30,41,36,88,50,67,29,53,135,3,89,108,127"/><V23/><F70/><W96/><G3/><T75/><D75/><U105/><E33/><V8/><F131/><W114/><G127/><N who="1" m="48650" /><E116/><V109/><F107/><W24/><G135/><T103/><D120/><U119/><E119/><V85/><F28/><W74/><G74/><T121/><D121/><U14/><E58/><V65/><F23/><W59/><G30/><T132/><D118/><U2/><E2/><V0/><REACH who="2" step="1"/><F18/><REACH who="2" ten="150,240,310,290" step="2"/><W82/><G114/><T117/><D117/><U34/><E115/><V94/><AGARI ba="0,1" hai="0,5,8,57,61,65,73,77,81,85,91,94,109,111" machi="94" ten="30,11700,0" yaku="1,1,2,1,0,1,52,1,53,0" doraHai="76" doraHaiUra="133" who="2" fromWho="2" sc="150,-39,240,-39,310,127,290,-39" /><INIT seed="2,1,0,3,2,102" ten="111,201,437,251" oya="2" hai0="110,32,129,78,74,6,77,89,23,8,17,128,107" hai1="2,14,10,111,39,43,51,65,130,86,124,18,50" hai2="11,30,114,9,112,46,83,13,92,97,135,70,81" hai3="47,84,105,1,27,45,42,59,0,109,22,38,44"/><V20/><F70/><W123/><G123/><T95/><D32/><U101/><E111/><V94/><F135/><W125/><G109/><T82/><D78/><U29/><E130/><N who="0" m="50281" /><D110/><U34/><E124/><V12/><F46/><W119/><G105/><T126/><D126/><U87/><E65/><V104/><F20/><W93/><G119/><T108/><D108/><U88/><E101/><V118/><F97/><W127/><G47/><T71/><D71/><U68/><E68/><V15/><F15/><W99/><G84/><N who="0" m="52647" /><D23/><U106/><E86/><V35/><F35/><W116/><G116/><T16/><D107/><U91/><E106/><V4/><F104/><W98/><G98/><T72/><D72/><U48/><E2/><AGARI ba="1,0" hai="2,6,8,16,17,74,77,82" m="52647,50281" machi="2" ten="30,2000,0" yaku="19,1,54,1" doraHai="102" who="0" fromWho="1" sc="111,23,201,-23,437,0,251,0" /><INIT seed="3,0,0,3,3,100" ten="134,178,437,251" oya="3" hai0="110,81,0,67,24,99,74,116,36,7,54,51,80" hai1="77,34,16,22,10,124,111,125,26,106,92,64,8" hai2="28,57,5,33,35,90,115,126,132,130,69,107,61" hai3="44,12,112,96,50,19,95,70,9,45,55,84,14"/><W102/><G70/><T53/><D36/><U129/><E77/><V49/><F115/><W29/><G112/><T75/><D51/><U113/><E92/><V62/><F5/><W20/><G84/><T101/><D7/><U127/><E113/><V117/><F117/><W59/><REACH who="3" step="1"/><G29/><REACH who="3" ten="134,178,437,241" step="2"/><T72/><D72/><U89/><E127/><V31/><F69/><W104/><G104/><T38/><D75/><U30/><E106/><V88/><F107/><W131/><G131/><T17/><D74/><U93/><E129/><V83/><F130/><W94/><G94/><T42/><D116/><U21/><E125/><V122/><F126/><W114/><G114/><T23/><D99/><U73/><E73/><V109/><F31/><W76/><G76/><T135/><D135/><U118/><E118/><V98/><F28/><W43/><G43/><T97/><D42/><U108/><E124/><V13/><F98/><W121/><G121/><T3/><D97/><U56/><E93/><V2/><F122/><W85/><G85/><T82/><D82/><U134/><E30/><V71/><F83/><W103/><G103/><T40/><D101/><U1/><E134/><V91/><F132/><W60/><G60/><T11/><D81/><U87/><E87/><V119/><F119/><W6/><AGARI ba="0,1" hai="6,9,12,14,19,20,44,45,50,55,59,95,96,102" machi="6" ten="20,7800,0" yaku="1,1,0,1,7,1,8,1,53,0" doraHai="100" doraHaiUra="120" who="3" fromWho="3" sc="134,-26,178,-26,437,-26,241,88" /><INIT seed="3,1,0,2,4,72" ten="108,152,411,329" oya="3" hai0="36,3,6,45,26,34,67,46,16,41,69,10,43" hai1="92,76,23,84,94,20,18,61,101,89,1,30,77" hai2="91,59,25,14,57,49,19,121,4,88,27,55,44" hai3="113,40,32,112,65,102,104,129,0,127,64,51,118"/><W50/><G32/><T53/><D53/><U13/><E1/><V15/><F121/><W133/><G0/><T82/><D67/><N who="3" m="25673" /><G102/><T31/><D69/><U90/><E101/><V126/><F126/><W122/><G104/><T11/><D82/><U37/><E37/><V29/><F4/><W71/><G71/><T128/><D128/><U80/><E61/><V116/><F116/><W21/><G21/><T119/><D119/><U111/><E80/><V47/><F29/><W68/><G68/><T87/><D87/><N who="1" m="52287" /><E111/><V124/><F124/><W74/><G74/><T97/><D97/><U120/><E120/><V98/><F98/><W28/><G122/><T114/><D114/><U54/><E54/><V105/><F105/><W60/><G118/><T109/><D109/><U22/><E30/><V134/><F134/><W103/><G28/><T123/><D123/><U86/><E86/><V7/><F7/><W117/><G103/><T115/><D115/><U125/><E125/><V132/><F132/><W24/><G133/><T17/><REACH who="0" step="1"/><D11/><AGARI ba="1,0" hai="11,13,18,20,22,23,76,77,84,90,94" m="52287" machi="11" ten="30,3900,0" yaku="8,1,52,2" doraHai="72" who="1" fromWho="0" sc="108,-42,152,42,411,0,329,0" /><INIT seed="4,0,0,4,3,94" ten="66,194,411,329" oya="0" hai0="101,92,31,103,112,26,129,122,66,7,114,67,128" hai1="74,0,29,36,65,1,108,77,123,24,87,23,97" hai2="117,82,83,81,50,6,79,19,52,60,111,22,38" hai3="84,18,134,127,53,132,58,34,5,48,115,119,86"/><T126/><D122/><U10/><E108/><V78/><F111/><W3/><G119/><T41/><D7/><U71/><E74/><V133/><F38/><W121/><G127/><T33/><D41/><U57/><E71/><V11/><F117/><W93/><G34/><T70/><D126/><U2/><E36/><V73/><F133/><N who="3" m="51307" /><G115/><N who="0" m="44075" /><D70/><U72/><E72/><V63/><F6/><W14/><G121/><T62/><D62/><N who="2" m="23594" /><F11/><N who="3" m="2495" /><G93/><T61/><D61/><U100/><E65/><N who="0" m="24585" /><D92/><U85/><E57/><N who="2" m="32919" /><F73/><W110/><G110/><T99/><D99/><U107/><E123/><V135/><F135/><W120/><G120/><T76/><D76/><U28/><E77/><V42/><F42/><W109/><G109/><T16/><D16/><U98/><E29/><V43/><F43/><W124/><G124/><T69/><D69/><U91/><E10/><AGARI ba="0,0" hai="10,14,18,48,53,58,84,86" m="2495,51307" machi="10" ten="30,1000,0" yaku="20,1" doraHai="94" who="3" fromWho="1" sc="66,0,194,-10,411,0,329,10" /><INIT seed="5,0,0,1,2,82" ten="66,184,411,339" oya="1" hai0="38,64,44,61,6,130,80,19,93,110,23,43,62" hai1="89,21,75,119,81,39,66,63,97,104,10,121,131" hai2="22,53,14,16,67,72,37,0,85,2,20,134,59" hai3="24,25,30,129,88,41,42,114,35,132,103,92,118"/><U54/><E121/><V9/><F72/><W113/><G129/><T45/><D110/><U105/><E131/><V96/><F37/><W49/><G132/><T17/><D130/><U135/><E135/><V117/><F134/><W69/><G69/><T91/><D6/><U18/><E39/><V36/><F36/><W27/><G103/><T33/><D33/><U90/><E119/><V65/><F117/><W101/><G101/><T56/><D45/><U11/><E54/><V133/><F133/><W47/><G42/><T3/><D3/><U111/><E111/><V31/><F96/><W115/><G118/><T74/><D23/><U28/><E28/><V108/><F108/><W79/><G79/><T55/><D80/><U99/><E75/><V58/><F0/><W100/><G100/><T94/><D94/><U102/><E81/><V125/><F125/><W8/><REACH who="3" step="1"/><G8/><REACH who="3" ten="66,184,411,329" step="2"/><T76/><D76/><U106/><E102/><V123/><F9/><W60/><G60/><T70/><REACH who="0" step="1"/><D74/><REACH who="0" ten="56,184,411,329" step="2"/><U71/><E106/><V73/><F73/><W78/><G78/><T57/><D57/><U109/><E105/><V29/><F59/><W112/><G112/><T95/><D95/><U15/><E104/><V26/><F58/><W128/><G128/><T48/><D48/><U83/><E109/><V52/><F2/><W84/><AGARI ba="0,2" hai="24,25,27,30,35,41,47,49,84,88,92,113,114,115" machi="84" ten="30,8000,1" yaku="1,1,0,1,15,1,52,1,54,1,53,0" doraHai="82" doraHaiUra="127" who="3" fromWho="3" sc="56,-20,184,-40,411,-20,329,100" /><INIT seed="6,0,0,0,5,0" ten="36,144,391,429" oya="2" hai0="80,38,88,97,112,11,134,6,114,98,60,71,117" hai1="65,135,72,91,79,10,85,68,44,106,22,23,54" hai2="113,3,124,56,104,14,24,26,75,118,115,70,13" hai3="92,78,67,126,7,95,43,52,107,47,5,32,130"/><V128/><F70/><W108/><G107/><T33/><D33/><U50/><E106/><V109/><F104/><W51/><G32/><T111/><D38/><U94/><E135/><V110/><F75/><W73/><G108/><N who="2" m="41577" /><F118/><W37/><G126/><T9/><D111/><U30/><E10/><V101/><F101/><W62/><G130/><T15/><D134/><U89/><E30/><V100/><F100/><W120/><G120/><T18/><D117/><U123/><E123/><V105/><F105/><W82/><G95/><T1/><D71/><U35/><E35/><V58/><F3/><W55/><G92/><T16/><D60/><U63/><E91/><V36/><F36/><W99/><G99/><T64/><D64/><U41/><E41/><V69/><F69/><N who="3" m="42231" /><G55/><T39/><D39/><U25/><E25/><N who="2" m="9835" /><F128/><W116/><G116/><T21/><D98/><U121/><E121/><V87/><F87/><W28/><G28/><T34/><D34/><U59/><E68/><V45/><F45/><W125/><G125/><T48/><D97/><N who="1" m="57551" /><E72/><V93/><F93/><W2/><G2/><T119/><D119/><U4/><E85/><V20/><F124/><W61/><G61/><T127/><D127/><U86/><E63/><V29/><F29/><W133/><G133/><T12/><REACH who="0" step="1"/><D48/><REACH who="0" ten="26,144,391,429" step="2"/><N who="1" m="28935" /><E65/><V42/><F115/><W81/><G37/><T17/><D17/><U27/><E50/><V102/><F113/><W103/><G103/><T132/><D132/><U96/><E96/><V31/><F102/><W77/><G51/><T74/><D74/><U90/><E86/><AGARI ba="0,1" hai="1,6,9,11,12,15,16,18,21,80,86,88,112,114" machi="86" ten="40,8000,1" yaku="1,1,52,1,54,2,53,0" doraHai="0" doraHaiUra="66" who="0" fromWho="1" sc="26,90,144,-80,391,0,429,0" /><INIT seed="7,0,0,3,1,8" ten="116,64,391,429" oya="3" hai0="65,18,21,134,62,103,32,27,109,124,7,86,37" hai1="84,53,58,44,117,126,5,94,113,104,1,78,15" hai2="17,131,30,66,35,13,118,90,89,46,97,16,88" hai3="49,28,107,92,130,72,110,114,129,34,98,59,115"/><W51/><G107/><T68/><D37/><U123/><E123/><V102/><F118/><W0/><G0/><T122/><D109/><U128/><E117/><V50/><F66/><W87/><G72/><T82/><D122/><U63/><E104/><V127/><F35/><W4/><G4/><T121/><D121/><U83/><E113/><N who="3" m="43018" /><G87/><T60/><D124/><U6/><E126/><V36/><F127/><W76/><G76/><T96/><D62/><U75/><E128/><N who="3" m="49258" /><G110/><T12/><D7/><U91/><E1/><V40/><F131/><W112/><G112/><T81/><D86/><U125/><E125/><V67/><F30/><W25/><G59/><T61/><D96/><U56/><E56/><V69/><F36/><W23/><G34/><T95/><D32/><U57/><E57/><V108/><F108/><W106/><G106/><T26/><D81/><U31/><E31/><V74/><F74/><W55/><G55/><T133/><D82/><U2/><E2/><V93/><REACH who="2" step="1"/><F13/><REACH who="2" ten="116,64,381,429" step="2"/><W120/><G120/><T42/><D12/><U99/><E75/><V20/><F20/><W24/><G24/><T11/><D27/><U33/><E33/><V73/><F73/><W116/><G116/><T45/><D26/><U70/><E70/><V41/><F41/><W101/><AGARI ba="0,1" hai="23,25,28,49,51,92,98,101" m="49258,43018" machi="101" ten="30,3000,0" yaku="15,1,19,1" doraHai="8" who="3" fromWho="3" sc="116,-10,64,-10,381,-10,429,40" owari="106,-29.4,54,-44.6,371,17.1,469,56.9" /></mjloggm>