<mjloggm ver="2.3"><GO type="169" lobby="0"/><UN n0="%4D%72%52%41%4D%4F" n1="%E3%82%B9%E3%83%9E%E3%83%9B%E3%81%82%E3%81%96%E3%82%89%E3%81%97" n2="%E3%83%AB%E3%82%BF%E3%82%B9%E3%82%B1" n3="%E7%9B%9B%E5%B2%A1%E3%81%AE%E3%83%AA%E3%83%BC%E3%83%81%E8%B6%85%E4%BA%BA" dan="16,17,17,17" rate="2119.03,2126.75,2186.29,2168.39" sx="M,M,M,M"/><TAIKYOKU oya="0"/><INIT seed="0,0,0,1,3,79" ten="250,250,250,250" oya="0" hai0="78,120,24,53,50,100,126,26,59,86,23,135,58" hai1="122,130,17,42,110,73,91,94,61,51,109,46,55" hai2="134,19,56,25,41,106,62,108,33,43,49,38,74" hai3="68,54,127,107,3,15,116,65,72,0,27,5,30"/><T93/><D120/><U66/><E122/><V35/><F134/><W75/><G116/><T132/><D126/><U92/><E73/><V125/><F38/><W112/><G112/><T105/><D105/><U111/><E130/><V48/><F106/><W57/><G15/><T64/><D135/><U97/><E17/><V83/><F108/><W99/><G127/><T7/><D132/><U117/><E117/><V36/><F36/><W28/><G28/><T69/><D69/><U67/><E67/><V37/><F37/><W63/><G5/><T52/><D7/><U71/><REACH who="1" step="1"/><E92/><REACH who="1" ten="250,240,250,250" step="2"/><V9/><F19/><W87/><G72/><T113/><D64/><U40/><AGARI ba="0,1" hai="40,42,46,51,55,61,66,71,91,94,97,109,110,111" machi="40" ten="40,8000,1" yaku="1,1,2,1,0,1,14,1,53,0" doraHai="79" doraHaiUra="11" who="1" fromWho="1" sc="250,-40,240,90,250,-20,250,-20" /><INIT seed="1,0,0,0,3,15" ten="210,330,230,230" oya="1" hai0="41,6,114,82,28,73,116,115,42,91,134,47,127" hai1="50,46,111,54,93,86,112,4,57,2,100,51,103" hai2="102,44,131,61,48,34,39,67,109,8,120,49,129" hai3="110,13,107,106,55,60,87,64,132,72,10,128,23"/><U83/><E112/><V3/><F34/><W27/><G72/><T9/><D116/><U122/><E122/><V12/><F3/><W37/><G37/><T69/><D69/><U80/><E111/><V1/><F1/><W135/><G55/><T74/><D134/><N who="3" m="51241" /><G87/><T84/><D127/><U53/><E2/><V71/><F102/><N who="1" m="38953" /><E4/><V7/><F120/><W68/><G128/><N who="2" m="49225" /><F109/><W113/><G113/><T85/><D41/><AGARI ba="0,0" hai="7,8,12,39,41,44,48,49,61,67,71" m="49225" machi="41" ten="30,1000,0" yaku="19,1" doraHai="15" who="2" fromWho="0" sc="210,-10,330,0,230,10,230,0" /><INIT seed="2,0,0,4,1,121" ten="200,330,240,230" oya="2" hai0="25,28,18,21,30,42,66,88,76,51,61,8,60" hai1="50,59,68,107,78,117,6,89,7,33,98,84,109" hai2="119,112,65,124,81,10,77,49,103,80,86,57,111" hai3="113,131,3,55,126,104,122,38,36,73,82,48,64"/><V35/><F112/><W118/><RYUUKYOKU type="yao9" ba="0,0" sc="200,0,330,0,240,0,230,0" hai3="3,36,38,48,55,64,73,82,104,113,118,122,126,131" /><INIT seed="2,1,0,4,1,114" ten="200,330,240,230" oya="2" hai0="77,131,37,53,91,86,115,123,64,51,102,19,70" hai1="26,130,49,43,72,84,56,126,132,71,62,57,58" hai2="96,116,11,135,74,3,110,20,76,18,85,4,61" hai3="90,67,66,106,124,128,45,36,127,16,14,87,42"/><V52/><F135/><W134/><G106/><T0/><D115/><U10/><E72/><V94/><F110/><W55/><G134/><T23/><D123/><U120/><E132/><V15/><F74/><W59/><G128/><T122/><D122/><U48/><E84/><V105/><F105/><W44/><G44/><T88/><D0/><U28/><E120/><V46/><F85/><W31/><G31/><T1/><D1/><U34/><E130/><V27/><F76/><W68/><G68/><T7/><D7/><U41/><E10/><V78/><F78/><W39/><G39/><T121/><D37/><U104/><E104/><V108/><F108/><W13/><G13/><T54/><D102/><U113/><E113/><V40/><F116/><W99/><G99/><T119/><D54/><U63/><E126/><V89/><F3/><W2/><G2/><T47/><D131/><U17/><E17/><V118/><F118/><W50/><G124/><T98/><D98/><U93/><E93/><V60/><REACH who="2" step="1"/><F52/><REACH who="2" ten="200,330,230,230" step="2"/><W107/><G107/><T103/><D119/><U82/><E82/><V133/><F133/><W69/><G127/><T33/><D77/><U6/><E41/><V79/><F79/><W29/><G87/><T111/><D86/><U129/><E43/><V75/><F75/><W109/><G109/><T80/><D111/><U9/><E129/><V97/><F97/><W95/><G42/><T5/><D121/><U12/><E62/><V32/><F32/><W25/><G55/><T8/><D53/><U30/><E63/><V100/><F100/><W21/><G90/><RYUUKYOKU ba="1,1" sc="200,-10,330,-10,230,30,230,-10" hai2="4,11,15,18,20,27,40,46,60,61,89,94,96" /><INIT seed="2,2,1,5,2,2" ten="190,320,260,220" oya="2" hai0="12,49,40,75,125,43,29,73,102,130,9,24,39" hai1="23,132,45,21,69,111,93,96,27,19,42,32,103" hai2="56,10,13,31,115,46,1,119,68,78,5,101,117" hai3="62,25,81,100,61,26,55,107,52,128,67,105,72"/><V7/><F68/><W92/><G92/><T17/><D130/><U123/><E69/><V89/><F101/><W41/><G41/><T35/><D125/><U104/><E111/><V82/><F115/><W38/><G38/><T50/><D102/><U108/><E108/><V84/><F31/><W6/><G100/><T59/><D39/><U30/><E132/><V120/><F120/><W114/><G81/><T18/><D18/><U94/><E123/><V110/><F110/><W34/><G72/><T80/><D73/><U53/><E53/><V113/><F113/><W118/><G114/><T15/><D15/><U16/><E32/><V22/><F56/><W57/><G57/><T133/><D133/><U48/><REACH who="1" step="1"/><E30/><REACH who="1" ten="190,310,260,220" step="2"/><V77/><F117/><W8/><G34/><T14/><D43/><U66/><E66/><V122/><F119/><W121/><G67/><T74/><D40/><U95/><E95/><V4/><F122/><W90/><G121/><T131/><D131/><U129/><E129/><V51/><F1/><W97/><G128/><T54/><D54/><U79/><E79/><N who="2" m="30219" /><F22/><W124/><G118/><T65/><D35/><U37/><E37/><V64/><F64/><W58/><G105/><T85/><D65/><U76/><E76/><V91/><F91/><W86/><G90/><T88/><D88/><U98/><E98/><V112/><F112/><W60/><G97/><T116/><D116/><U33/><E33/><V83/><F82/><W63/><G107/><T135/><D135/><U20/><E20/><V106/><F106/><W36/><G36/><T11/><D80/><RYUUKYOKU ba="2,2" sc="190,-15,310,15,260,15,220,-15" hai1="16,19,21,23,27,42,45,48,93,94,96,103,104" hai2="4,5,7,10,13,46,51,83,84,89" /><INIT seed="2,3,2,0,4,103" ten="175,325,275,205" oya="2" hai0="90,10,113,69,100,79,88,101,57,81,110,54,66" hai1="73,115,102,109,65,55,94,23,97,30,52,37,31" hai2="53,85,86,106,116,12,28,118,8,126,71,19,59" hai3="67,84,68,32,98,121,5,1,93,117,78,34,130"/><V13/><F126/><W48/><G117/><T24/><D113/><U107/><E115/><V39/><F39/><W112/><G112/><T50/><D110/><U45/><E73/><V124/><F124/><W128/><G121/><T87/><D69/><U91/><E65/><V40/><F40/><W119/><G119/><T4/><D66/><U125/><E125/><V33/><F71/><W127/><G48/><T21/><D101/><U61/><E109/><V76/><F106/><W135/><G127/><T46/><D100/><U60/><E37/><V131/><F86/><W0/><G135/><T3/><REACH who="0" step="1"/><D46/><REACH who="0" ten="165,325,275,205" step="2"/><U44/><E102/><V58/><F118/><W51/><G67/><T27/><D27/><U16/><E44/><V122/><F116/><W105/><G68/><T108/><D108/><U63/><E45/><V22/><F122/><W99/><G128/><T26/><D26/><N who="1" m="14695" /><E107/><V96/><F131/><W64/><G130/><T132/><D132/><U6/><E6/><V62/><F59/><W47/><G5/><T89/><D89/><U15/><E15/><V56/><F56/><W14/><G64/><T18/><AGARI ba="3,3" hai="3,4,10,18,21,24,50,54,57,79,81,87,88,90" machi="18" ten="20,5200,0" yaku="1,1,0,1,7,1,54,1,53,0" doraHai="103" doraHaiUra="133" who="0" fromWho="0" sc="165,91,325,-16,275,-29,205,-16" /><INIT seed="3,0,0,3,4,50" ten="256,309,246,189" oya="3" hai0="86,128,17,38,59,22,75,99,72,126,12,11,10" hai1="6,62,37,113,118,85,16,83,0,103,21,90,65" hai2="73,9,67,95,110,112,1,30,130,81,26,74,80" hai3="32,94,29,70,33,105,52,78,88,27,35,13,76"/><W115/><G115/><T131/><D38/><U7/><E113/><V91/><F67/><W97/><G70/><T71/><D71/><U109/><E37/><V98/><F112/><W82/><G105/><T125/><D86/><U116/><E103/><V119/><F119/><N who="1" m="45609" /><E0/><V54/><F110/><W4/><G4/><T64/><D99/><U79/><E90/><V89/><F9/><N who="0" m="3082" /><D64/><U15/><E109/><V106/><F1/><W96/><G13/><T55/><D75/><U132/><E132/><V107/><F98/><W23/><G97/><T19/><D72/><U135/><E135/><V2/><F2/><W42/><G42/><T100/><D100/><U5/><E5/><V57/><F73/><W108/><G108/><T40/><D40/><U69/><AGARI ba="0,0" hai="6,7,15,16,21,62,65,69,79,83,85" m="45609" machi="69" ten="30,2000,0" yaku="12,1,54,1" doraHai="50" who="1" fromWho="1" sc="256,-5,309,20,246,-5,189,-10" /><INIT seed="4,0,0,5,2,65" ten="251,329,241,179" oya="0" hai0="43,17,56,38,99,123,72,113,115,128,1,18,53" hai1="29,3,57,131,24,35,98,44,106,5,15,67,70" hai2="6,69,55,76,68,103,80,93,96,82,132,120,0" hai3="87,39,60,41,61,13,118,112,27,42,90,58,4"/><T23/><D123/><U85/><E131/><V88/><F120/><W101/><G118/><T89/><D72/><U126/><E126/><V119/><F119/><W37/><G101/><T79/><D79/><U74/><E57/><V109/><F109/><W121/><G121/><T75/><D75/><U59/><E59/><V28/><F28/><W50/><G27/><T102/><D1/><U19/><E74/><V86/><F132/><W63/><G4/><T30/><D128/><U62/><E85/><V122/><F122/><W84/><G13/><T104/><D89/><U135/><E44/><V114/><F114/><N who="0" m="43530" /><D43/><N who="3" m="16393" /><G90/><T16/><D38/><N who="3" m="14345" /><G84/><T127/><D127/><U31/><E31/><V95/><F55/><N who="3" m="32119" /><G87/><T40/><D40/><U26/><E26/><V91/><F6/><W78/><G78/><T20/><D30/><U32/><E32/><V110/><F110/><W51/><G112/><T92/><D104/><U11/><E106/><V81/><F0/><W2/><G2/><T54/><D54/><U83/><E83/><V48/><F76/><W94/><G94/><T21/><D18/><U71/><E19/><V107/><F107/><W116/><G116/><T125/><D125/><U105/><E3/><V97/><F103/><W14/><G14/><T124/><D124/><U47/><E105/><V34/><F34/><W108/><G108/><T7/><D7/><U77/><E5/><V64/><F86/><W130/><G130/><T9/><D9/><U49/><E11/><V8/><F8/><W36/><N who="3" m="14353" /><W117/><DORA hai="100" /><G117/><T45/><D45/><U52/><E47/><RYUUKYOKU ba="0,0" sc="251,15,329,-15,241,-15,179,15" hai0="16,17,20,21,23,53,56,92,99,102" hai3="51,60,61,63" /><INIT seed="4,1,0,2,1,125" ten="266,314,226,194" oya="0" hai0="14,10,128,132,47,11,59,18,115,24,74,110,1" hai1="53,107,75,76,72,56,105,80,7,93,48,78,32" hai2="68,70,63,0,4,90,135,73,133,22,62,60,131" hai3="94,43,19,67,91,66,112,25,57,8,46,123,71"/><T82/><D115/><U81/><E32/><V114/><F73/><W113/><G71/><T38/><D132/><N who="2" m="50762" /><F114/><N who="3" m="44139" /><G57/><T26/><D110/><U5/><REACH who="1" step="1"/><E93/><REACH who="1" ten="266,304,226,194" step="2"/><V108/><F108/><W30/><G123/><T55/><D82/><U29/><E29/><V126/><F126/><W97/><G30/><T52/><D74/><U16/><E16/><V96/><F70/><W102/><G19/><T20/><D18/><U83/><E83/><V31/><F68/><W58/><G94/><T119/><D119/><U42/><E42/><V120/><F120/><W36/><G43/><T34/><D34/><U6/><AGARI ba="1,1" hai="5,6,7,48,53,56,72,75,76,78,80,81,105,107" machi="6" ten="30,4000,0" yaku="1,1,0,1,9,1,53,0" doraHai="125" doraHaiUra="117" who="1" fromWho="1" sc="266,-21,304,53,226,-11,194,-11" /><INIT seed="5,0,0,5,3,83" ten="245,357,215,183" oya="1" hai0="31,108,18,48,51,19,61,80,15,60,107,122,49" hai1="43,133,77,75,95,99,86,118,20,103,120,69,96" hai2="68,14,1,131,10,12,63,84,89,66,101,46,17" hai3="56,114,74,129,98,8,90,29,53,106,135,91,50"/><U85/><E69/><V44/><F131/><W58/><G129/><T45/><D108/><U27/><E118/><V119/><F1/><W132/><G74/><T127/><D107/><U54/><E120/><V33/><F33/><W72/><G72/><T134/><D134/><N who="3" m="51241" /><G114/><T112/><D112/><U9/><E133/><V28/><F28/><W70/><G70/><T4/><D127/><U37/><E37/><V59/><F101/><N who="3" m="62775" /><G29/><T104/><D104/><U5/><E43/><V26/><F26/><W121/><G121/><T42/><D31/><N who="1" m="17895" /><E75/><V93/><F119/><W82/><G82/><T2/><D2/><U35/><E35/><V23/><REACH who="2" step="1"/><F68/><REACH who="2" ten="245,357,205,183" step="2"/><W105/><G105/><T65/><D122/><U110/><E103/><V126/><F126/><W24/><G24/><T30/><D30/><U81/><E110/><V117/><F117/><W92/><G92/><T73/><D15/><U102/><E102/><V64/><F64/><W39/><G39/><T22/><D65/><U125/><E95/><V52/><F52/><N who="3" m="31767" /><G8/><T3/><D3/><U40/><E125/><V116/><F116/><W25/><G25/><T55/><D55/><U11/><E54/><V71/><F71/><W78/><G78/><T7/><D42/><U6/><E40/><V130/><F130/><W21/><G21/><T94/><D22/><U100/><E100/><V38/><F38/><W124/><G124/><T128/><D128/><U32/><E9/><V123/><F123/><W113/><G113/><T67/><D94/><U47/><E11/><V36/><F36/><W0/><G0/><T88/><D67/><RYUUKYOKU ba="0,1" sc="245,-15,357,-15,205,15,183,15" hai2="10,12,14,17,23,44,46,59,63,66,84,89,93" hai3="53,58,90,91" /><INIT seed="6,1,1,0,3,5" ten="230,342,220,198" oya="2" hai0="50,120,127,79,109,21,66,112,91,75,119,8,28" hai1="23,94,3,124,46,70,26,98,121,55,69,115,71" hai2="36,135,57,40,117,53,11,118,48,44,85,58,4" hai3="101,52,39,16,81,132,1,0,38,130,108,29,122"/><V77/><F135/><W43/><G108/><T105/><D109/><U110/><E110/><V104/><F104/><W32/><G122/><T87/><D120/><U59/><E121/><V7/><F7/><W90/><G101/><T74/><D105/><U107/><E107/><V111/><F58/><W86/><G132/><T95/><D112/><U65/><E3/><V96/><F96/><W12/><G130/><T15/><D127/><U125/><E46/><V35/><F35/><W20/><G43/><T80/><D119/><U24/><E115/><V84/><F84/><W51/><G29/><T18/><D66/><U72/><E72/><V131/><F131/><W88/><G32/><T126/><D126/><N who="1" m="48747" /><E23/><V64/><F64/><W13/><G13/><T37/><D37/><U61/><E65/><V49/><F36/><W27/><G12/><T54/><D28/><U99/><E99/><V113/><F111/><W116/><G116/><T128/><D128/><U82/><E82/><N who="2" m="47311" /><F113/><W78/><G39/><T14/><D14/><AGARI ba="1,1" hai="4,11,14,40,44,48,49,53,57,117,118" m="47311" machi="14" ten="30,2900,0" yaku="25,1,52,1" doraHai="5" who="2" fromWho="0" sc="230,-32,342,0,220,42,198,0" /><INIT seed="6,2,0,0,0,126" ten="198,342,262,198" oya="2" hai0="102,109,98,34,29,17,1,3,104,79,39,37,46" hai1="63,60,57,59,101,88,67,71,120,133,127,45,68" hai2="128,51,123,86,10,72,5,84,94,14,43,74,92" hai3="53,28,11,78,55,26,125,66,27,41,135,112,36"/><V65/><F123/><W33/><G125/><T54/><D109/><U114/><E127/><V93/><F65/><W62/><G135/><T44/><D17/><U32/><E32/><V111/><F111/><W90/><G78/><T49/><D79/><U15/><E101/><V113/><F113/><W52/><G112/><T23/><D34/><U87/><E114/><V7/><F7/><W83/><G27/><T6/><D6/><U95/><E133/><V64/><F64/><W61/><G11/><T42/><REACH who="0" step="1"/><D37/><REACH who="0" ten="188,342,262,198" step="2"/><U130/><E120/><V2/><F5/><W24/><G24/><AGARI ba="2,1" hai="1,3,23,24,29,39,42,44,46,49,54,98,102,104" machi="24" ten="40,5200,0" yaku="1,1,2,1,53,1" doraHai="126" doraHaiUra="47" who="0" fromWho="3" sc="188,68,342,0,262,0,198,-58" /><INIT seed="7,0,0,4,1,4" ten="256,342,262,140" oya="3" hai0="80,135,78,20,132,11,105,42,3,58,99,121,96" hai1="71,77,79,85,63,52,98,130,62,51,91,22,12" hai2="81,67,0,56,61,39,5,92,108,41,30,114,94" hai3="19,133,31,72,82,21,69,6,73,101,57,64,24"/><W97/><G133/><N who="0" m="51275" /><D121/><U93/><E71/><V9/><F108/><W13/><G69/><T122/><D122/><U17/><E130/><V128/><F30/><W48/><G6/><N who="0" m="1503" /><D105/><U47/><E77/><V90/><F114/><W14/><G82/><AGARI ba="0,0" hai="12,17,22,47,51,52,62,63,79,82,85,91,93,98" machi="82" ten="40,2600,0" yaku="8,1,54,1" doraHai="4" who="1" fromWho="3" sc="256,0,342,26,262,0,140,-26" owari="256,-14.4,368,46.8,262,6.2,114,-38.6" /></mjloggm>