<mjloggm ver="2.3"><GO type="169" lobby="0"/><UN n0="%6F%73%72%67" n1="%E3%81%9F%E3%81%BE%E5%AD%90" n2="%48%4F%4D%4F%E5%A5%B3" n3="%E3%81%97%E3%82%82%E3%82%93%E3%81%AC" dan="16,17,16,16" rate="2142.31,2258.71,2102.05,2103.47" sx="M,M,M,M"/><TAIKYOKU oya="0"/><INIT seed="0,0,0,5,2,80" ten="250,250,250,250" oya="0" hai0="37,116,47,113,61,101,114,46,91,76,130,38,41" hai1="85,33,24,103,110,50,72,22,53,19,92,13,131" hai2="105,20,119,82,79,9,59,23,81,36,63,17,60" hai3="133,5,8,121,109,127,1,2,11,70,30,26,78"/><T123/><D101/><U89/><E110/><V58/><F105/><W18/><G70/><T71/><D76/><U94/><E72/><V51/><F36/><W44/><G78/><T48/><D91/><U86/><E131/><V83/><F51/><W118/><G44/><T107/><D107/><U73/><E73/><V115/><F115/><W98/><G98/><T40/><D116/><U122/><E122/><V14/><F119/><W43/><G43/><T28/><D28/><U56/><E33/><V77/><F79/><W64/><G64/><T97/><D97/><N who="1" m="59815" /><E24/><V27/><F77/><W88/><G118/><T68/><D130/><U66/><E66/><V67/><REACH who="2" step="1"/><F27/><REACH who="2" ten="250,250,240,250" step="2"/><W125/><G26/><T96/><D123/><U15/><E15/><V90/><F90/><W69/><G121/><T62/><D96/><AGARI ba="0,1" hai="13,19,22,50,53,56,85,86,89,94,96" m="59815" machi="96" ten="30,3900,0" yaku="8,1,52,2" doraHai="80" who="1" fromWho="0" sc="250,-39,250,49,240,0,250,0" /><INIT seed="1,0,0,0,3,22" ten="211,299,240,250" oya="1" hai0="78,113,1,39,45,88,81,43,126,10,111,115,83" hai1="50,121,46,58,49,87,132,12,117,44,11,40,89" hai2="67,101,129,71,14,93,105,48,114,25,123,21,69" hai3="28,90,127,27,135,7,3,112,30,82,51,37,95"/><U24/><E117/><V107/><F123/><W0/><G112/><T62/><D111/><U15/><E132/><V125/><F129/><W80/><G37/><T133/><D133/><U8/><E121/><V42/><F125/><W38/><G38/><T124/><D62/><U57/><E87/><V13/><F114/><W52/><G135/><T118/><D118/><U104/><E104/><V96/><F67/><W73/><G28/><T79/><D115/><U32/><E89/><V94/><F69/><W68/><G68/><T100/><D100/><U63/><E32/><V120/><F71/><W18/><G18/><T108/><D108/><U65/><E24/><V134/><F120/><W6/><G3/><T23/><D23/><U84/><E84/><V102/><F134/><W70/><G70/><T106/><D106/><U54/><E15/><V77/><F77/><W35/><G127/><N who="0" m="48683" /><D113/><U9/><REACH who="1" step="1"/><E58/><REACH who="1" ten="211,289,240,250" step="2"/><V61/><F105/><W59/><G0/><T26/><D26/><U56/><E56/><V72/><F107/><W119/><G119/><T41/><D83/><U53/><E53/><V29/><F25/><W55/><G55/><T131/><D43/><U33/><E33/><V66/><F13/><W4/><REACH who="3" step="1"/><G73/><REACH who="3" ten="211,289,240,240" step="2"/><T36/><D1/><U103/><E103/><V19/><F101/><W60/><G60/><T110/><D110/><U31/><E31/><V2/><F72/><W97/><AGARI ba="0,2" hai="4,6,7,27,30,35,51,52,59,80,82,90,95,97" machi="97" ten="30,8000,1" yaku="1,1,0,1,52,1,54,1,53,1" doraHai="22" doraHaiUra="86" who="3" fromWho="3" sc="211,-20,289,-40,240,-20,240,100" /><INIT seed="2,0,0,0,5,28" ten="191,249,220,340" oya="2" hai0="130,3,0,95,2,105,35,120,121,40,53,55,59" hai1="99,62,87,54,58,80,74,90,125,131,110,39,24" hai2="108,115,27,122,72,107,93,33,84,113,96,112,85" hai3="101,65,67,126,4,23,118,116,6,102,57,64,103"/><V18/><F122/><W14/><G126/><T9/><D105/><U8/><E125/><V106/><F72/><W75/><G75/><T89/><D40/><U76/><E39/><V11/><F11/><W1/><G1/><T30/><D9/><U128/><E110/><V31/><F18/><W46/><G57/><T81/><D81/><U83/><E99/><V135/><F135/><W78/><G23/><T43/><D43/><U25/><REACH who="1" step="1"/><E8/><REACH who="1" ten="191,239,220,340" step="2"/><V117/><F108/><W132/><G132/><T129/><D121/><U56/><E56/><V71/><F117/><W61/><G116/><T10/><D10/><U19/><E19/><V94/><F71/><W21/><G118/><T123/><D120/><U100/><E100/><V42/><F42/><W44/><G101/><T91/><D123/><U111/><E111/><V82/><F85/><W70/><G102/><T114/><D114/><U32/><E32/><V17/><F17/><W15/><G103/><T36/><D36/><U16/><E16/><V47/><F96/><W119/><G119/><T45/><D45/><U38/><E38/><V20/><F47/><W52/><G44/><T127/><D127/><U79/><E79/><V86/><F20/><W51/><G78/><T49/><D91/><U68/><E68/><V77/><REACH who="2" step="1"/><F84/><REACH who="2" ten="191,239,210,340" step="2"/><W92/><G21/><T124/><D124/><U13/><E13/><V50/><F50/><W22/><G22/><T7/><D2/><U88/><E88/><V26/><F26/><AGARI ba="0,2" hai="24,25,26,54,58,62,74,76,80,83,87,90,128,131" machi="26" ten="40,2600,0" yaku="1,1,53,1" doraHai="28" doraHaiUra="48" who="1" fromWho="2" sc="191,0,239,46,210,-26,340,0" /><INIT seed="3,0,0,2,3,104" ten="191,285,184,340" oya="3" hai0="38,3,69,92,129,31,53,82,62,66,87,73,63" hai1="101,5,90,124,21,112,4,80,52,135,126,59,60" hai2="65,102,133,64,91,128,13,1,118,72,20,83,93" hai3="46,40,32,108,111,49,45,105,43,9,122,123,77"/><W68/><G32/><T97/><D38/><U94/><E112/><V116/><F1/><W6/><G105/><T27/><D3/><U35/><E35/><V70/><F128/><W34/><G34/><T22/><D129/><U28/><E135/><V11/><F133/><W106/><G106/><T8/><D8/><U125/><E101/><V79/><F20/><W30/><G77/><T120/><D120/><U131/><E80/><V19/><F102/><W98/><G30/><T44/><D63/><U14/><E131/><V130/><F130/><W84/><G84/><T81/><D53/><U36/><E36/><V134/><F134/><W54/><G98/><T89/><D44/><N who="3" m="17001" /><G9/><T50/><D50/><U61/><E61/><V115/><F115/><W127/><G6/><T29/><D82/><U117/><E117/><V103/><F103/><W74/><G74/><T57/><D69/><U10/><E4/><V25/><F25/><W107/><G107/><T121/><D121/><N who="3" m="46089" /><G68/><T17/><REACH who="0" step="1"/><D73/><REACH who="0" ten="181,285,184,340" step="2"/><U26/><REACH who="1" step="1"/><E124/><REACH who="1" ten="181,275,184,340" step="2"/><V56/><F116/><W99/><G127/><T78/><AGARI ba="0,2" hai="17,22,27,29,31,57,62,66,78,81,87,89,92,97" machi="78" ten="20,8000,1" yaku="1,1,2,1,0,1,7,1,8,1,53,0" doraHai="104" doraHaiUra="0" who="0" fromWho="0" sc="181,100,275,-20,184,-20,340,-40" /><INIT seed="4,0,0,4,0,128" ten="281,255,164,300" oya="0" hai0="119,87,93,55,45,50,111,71,85,11,69,1,44" hai1="49,90,60,135,129,84,38,97,76,108,104,80,15" hai2="25,121,113,91,105,67,8,130,48,100,23,13,26" hai3="20,122,120,6,58,4,125,70,133,75,89,3,118"/><T73/><D73/><U34/><E38/><V81/><F121/><N who="3" m="46699" /><G70/><T2/><D119/><U103/><E108/><V124/><F130/><W53/><G75/><T27/><D111/><U9/><E129/><V134/><F124/><W72/><G72/><T112/><D112/><U35/><E60/><V79/><F113/><W54/><G118/><T32/><D32/><U63/><E63/><V82/><F67/><W10/><G125/><T78/><D27/><U116/><E116/><V66/><F66/><W92/><G6/><T107/><D107/><U88/><E135/><V114/><F114/><W115/><G115/><T101/><D78/><U102/><E102/><V77/><F91/><W94/><G133/><T12/><D2/><U131/><E131/><V16/><F134/><W46/><G20/><T28/><D28/><U36/><E36/><V117/><F117/><W86/><G46/><T7/><D1/><U57/><E90/><V47/><F105/><W52/><G92/><T17/><D7/><U33/><E76/><N who="2" m="29259" /><F100/><W62/><AGARI ba="0,0" hai="3,4,10,52,53,54,58,62,86,89,94" m="46699" machi="62" ten="30,2000,0" yaku="13,1,54,1" doraHai="128" who="3" fromWho="3" sc="281,-10,255,-5,164,-5,300,20" /><INIT seed="5,0,0,1,1,135" ten="271,250,159,320" oya="1" hai0="99,35,132,38,124,63,27,17,85,68,120,100,8" hai1="77,55,107,52,116,115,121,127,133,93,126,0,87" hai2="65,109,103,74,81,72,51,90,108,75,23,14,44" hai3="7,15,10,22,12,41,16,49,5,78,34,104,97"/><U54/><E116/><V89/><F65/><W26/><G78/><T82/><D38/><U134/><E121/><V24/><F14/><W113/><G113/><T58/><D132/><N who="1" m="50795" /><E115/><V86/><F103/><W28/><G104/><T1/><D120/><U88/><E107/><V18/><REACH who="2" step="1"/><F90/><REACH who="2" ten="271,250,149,320" step="2"/><W62/><G12/><T2/><D68/><U69/><E69/><V42/><AGARI ba="0,1" hai="18,23,24,42,44,51,72,74,75,81,86,89,108,109" machi="42" ten="30,12000,2" yaku="1,1,2,1,0,1,53,3" doraHai="135" doraHaiUra="105" who="2" fromWho="2" sc="271,-30,250,-60,149,130,320,-30" /><INIT seed="6,0,0,0,3,0" ten="241,190,279,290" oya="2" hai0="26,94,38,121,81,49,104,116,13,5,66,17,50" hai1="61,54,21,47,48,84,7,34,51,4,125,33,72" hai2="85,57,55,97,79,37,28,92,62,117,89,123,82" hai3="80,120,2,32,119,53,60,16,96,43,70,45,111"/><V95/><F117/><W132/><G119/><T59/><D116/><U101/><E72/><V8/><F37/><W78/><G111/><T113/><D104/><U40/><E125/><V126/><F123/><W93/><G120/><T56/><D38/><U39/><E39/><V31/><F126/><W42/><G32/><T131/><D121/><U1/><E1/><V110/><F110/><W41/><G2/><T58/><D113/><U69/><E101/><V36/><F36/><W102/><G132/><T9/><D131/><U98/><E98/><V35/><F35/><W86/><G70/><T63/><D81/><U124/><E124/><V103/><REACH who="2" step="1"/><F8/><REACH who="2" ten="241,190,269,290" step="2"/><W127/><G127/><T20/><REACH who="0" step="1"/><D94/><REACH who="0" ten="231,190,269,290" step="2"/><U77/><E34/><V114/><F114/><W14/><G93/><T134/><D134/><U109/><E33/><V108/><F108/><W24/><G80/><T12/><D12/><U44/><E109/><V88/><F88/><W64/><G14/><T65/><D65/><U99/><E77/><V107/><F107/><W115/><G64/><T67/><D67/><U25/><E25/><V122/><F122/><W74/><G115/><T105/><D105/><U52/><E69/><AGARI ba="0,2" hai="5,9,13,17,20,26,49,50,56,58,59,63,66,69" machi="69" ten="40,2600,0" yaku="1,1,52,1,53,0" doraHai="0" doraHaiUra="76" who="0" fromWho="1" sc="231,46,190,-26,269,0,290,0" /><INIT seed="7,0,0,5,5,63" ten="277,164,269,290" oya="3" hai0="113,127,53,6,78,8,125,20,12,92,29,7,60" hai1="61,3,9,52,1,22,109,49,108,2,87,18,59" hai2="23,90,74,30,38,85,120,40,73,130,42,69,79" hai3="98,119,86,104,28,68,4,46,115,5,82,118,34"/><W54/><G115/><T51/><D78/><U97/><E9/><V95/><F69/><W15/><G68/><T103/><D113/><U77/><E97/><V101/><F120/><W47/><G28/><T32/><D32/><U91/><E77/><V26/><F130/><W66/><G34/><T99/><D7/><U48/><E48/><V25/><F101/><W126/><G126/><T93/><D60/><U124/><E124/><V114/><F114/><W65/><G98/><T13/><D93/><U122/><E122/><V84/><F38/><W71/><G71/><T11/><D20/><U131/><E131/><V89/><F79/><W105/><G54/><T116/><D29/><U58/><E87/><V133/><F133/><W123/><G15/><T121/><D116/><U35/><E91/><V135/><F135/><W55/><G55/><T41/><D41/><U19/><E35/><V128/><F128/><W81/><G123/><T117/><D117/><U24/><REACH who="1" step="1"/><E19/><REACH who="1" ten="277,154,269,290" step="2"/><V67/><F89/><W14/><G86/><T33/><D33/><U39/><E39/><V110/><F85/><W72/><G72/><T31/><D121/><U37/><E37/><V43/><F74/><W16/><G16/><T83/><D31/><U106/><E106/><V94/><F73/><W107/><G107/><T88/><D88/><U62/><E62/><V100/><F90/><W96/><G96/><T80/><D125/><U0/><N who="1" m="0" /><DORA hai="27" /><U70/><E70/><V44/><F84/><W75/><G75/><T64/><D127/><U45/><E45/><V21/><F44/><W50/><G50/><RYUUKYOKU ba="0,1" sc="277,-15,154,15,269,-15,290,15" hai1="18,22,24,49,52,58,59,61,108,109" hai3="4,5,14,46,47,65,66,81,82,104,105,118,119" owari="262,6.2,169,-33.1,254,-14.6,315,41.5" /></mjloggm>