<mjloggm ver="2.3"><GO type="169" lobby="0"/><UN n0="%53%69%6C%65%6E%54" n1="%E9%95%B7%E5%B2%A1" n2="%E3%83%8A%E3%83%8A%E3%82%A4%E3%83%AD%E3%83%A9%E3%82%A4%E3%83%88%E2%98%86" n3="%E3%82%B1%E3%82%A4%E3%83%AD%E3%83%B3" dan="16,16,16,16" rate="2145.73,2100.19,2095.48,2120.32" sx="F,M,F,M"/><TAIKYOKU oya="0"/><INIT seed="0,0,0,1,2,4" ten="250,250,250,250" oya="0" hai0="80,64,98,133,1,34,16,19,110,37,114,82,115" hai1="101,125,13,32,104,56,31,132,53,67,55,58,18" hai2="26,119,85,47,131,71,86,134,130,88,93,50,20" hai3="46,3,100,23,112,61,78,28,14,120,0,10,76"/><T116/><D116/><U29/><E125/><V107/><F71/><W35/><G112/><T109/><D34/><U89/><E132/><V54/><F119/><W22/><G100/><T87/><D133/><U44/><E67/><V41/><F134/><W59/><G120/><T121/><D37/><U90/><E44/><V83/><F107/><W99/><G35/><T66/><D98/><U69/><E69/><V57/><F130/><W108/><G0/><T60/><D1/><U74/><E74/><V81/><F86/><W48/><G3/><T15/><D121/><U63/><E101/><V27/><F131/><W7/><G99/><T70/><D19/><U117/><E104/><V135/><F27/><W94/><G108/><N who="0" m="41579" /><D66/><U92/><E117/><V128/><F128/><W111/><G111/><T113/><D87/><U84/><E90/><V43/><F43/><W62/><G76/><T30/><D30/><U33/><E33/><V72/><F72/><W12/><G78/><T6/><D6/><U124/><E124/><V42/><F42/><W9/><G28/><T103/><D103/><U21/><E32/><V91/><F91/><W2/><G2/><T38/><D38/><U52/><E55/><V118/><F118/><W129/><G129/><T25/><D25/><U123/><E123/><V65/><F65/><W106/><G7/><T126/><D126/><U8/><E29/><N who="2" m="17607" /><F135/><W49/><G106/><T11/><AGARI ba="0,0" hai="11,15,16,60,64,70,80,82,113,114,115" m="41579" machi="11" ten="40,12000,1" yaku="14,1,10,1,52,1,54,1" doraHai="4" who="0" fromWho="0" sc="250,120,250,-40,250,-40,250,-40" /><INIT seed="0,1,0,4,2,26" ten="370,210,210,210" oya="0" hai0="38,40,107,105,7,89,78,37,69,20,63,53,129" hai1="104,121,72,99,36,84,113,134,74,91,54,10,0" hai2="5,8,123,115,108,82,33,93,46,47,64,41,75" hai3="126,131,133,3,29,17,56,12,28,25,32,79,97"/><T124/><D129/><U73/><E36/><V112/><F123/><W119/><G119/><T77/><D124/><U50/><E121/><V76/><F108/><W44/><G126/><T81/><D7/><U55/><E134/><V116/><F116/><W127/><G79/><T58/><D69/><U61/><E113/><V18/><F64/><W19/><G127/><T86/><D38/><U65/><E0/><V16/><F33/><W83/><G83/><T125/><D125/><U122/><E122/><V15/><F93/><W57/><G97/><T2/><D2/><U22/><E10/><V128/><F128/><W67/><G3/><T95/><D20/><U118/><E118/><V130/><F47/><W31/><G133/><T85/><D37/><U35/><E35/><V23/><F18/><W103/><G103/><T1/><D40/><U94/><E22/><V106/><F106/><W110/><G110/><T4/><D4/><U34/><E34/><V135/><F130/><W24/><G131/><T21/><D1/><U132/><E132/><V109/><F109/><W120/><G120/><T101/><D101/><U70/><REACH who="1" step="1"/><E50/><REACH who="1" ten="370,200,210,210" step="2"/><V71/><F135/><W27/><G32/><T98/><D21/><U11/><E11/><V66/><F112/><W52/><G67/><T49/><D49/><U100/><AGARI ba="1,1" hai="54,55,61,65,70,72,73,74,84,91,94,99,100,104" machi="100" ten="40,5200,0" yaku="1,1,0,1,53,1" doraHai="26" doraHaiUra="59" who="1" fromWho="1" sc="370,-27,200,65,210,-14,210,-14" /><INIT seed="1,0,0,5,5,53" ten="343,265,196,196" oya="1" hai0="120,91,31,76,110,13,29,119,52,48,77,4,25" hai1="134,14,81,69,93,16,44,89,26,104,75,15,125" hai2="20,1,95,106,70,124,2,65,71,86,132,111,112" hai3="114,98,51,133,6,74,23,50,88,67,58,27,68"/><U113/><E113/><V60/><F112/><W5/><G74/><T87/><D119/><U135/><E69/><V130/><F111/><W24/><G133/><N who="1" m="50698" /><E104/><V64/><F132/><W49/><G68/><T109/><D120/><U28/><E125/><V79/><F124/><W99/><G114/><T108/><D13/><U128/><E128/><V107/><F20/><W103/><G103/><T118/><D4/><N who="3" m="1641" /><G99/><T9/><D9/><N who="1" m="6223" /><E44/><V121/><F121/><W41/><G41/><T54/><D118/><U12/><E81/><V7/><F130/><W80/><G80/><T38/><D38/><U35/><E75/><V90/><F79/><W56/><G67/><T47/><D54/><U62/><E62/><V55/><F55/><W40/><G40/><T37/><D37/><U32/><E35/><V92/><F7/><W78/><G78/><T105/><D105/><U85/><AGARI ba="0,0" hai="12,15,26,28,32,85,89,93" m="6223,50698" machi="85" ten="30,3000,0" yaku="20,1,54,1" doraHai="53" who="1" fromWho="1" sc="343,-10,265,30,196,-10,196,-10" /><INIT seed="1,1,0,3,2,127" ten="333,295,186,186" oya="1" hai0="3,67,52,105,132,87,39,36,104,118,96,16,88" hai1="35,42,69,53,6,1,13,109,0,59,23,115,44" hai2="25,126,54,15,86,108,14,107,74,46,128,29,68" hai3="97,117,119,50,83,30,101,17,100,18,19,70,72"/><U9/><E115/><V51/><F74/><W33/><G70/><T61/><D3/><U55/><E35/><V98/><F126/><W91/><G50/><T89/><D118/><N who="3" m="45065" /><G33/><T28/><D28/><U31/><E69/><V26/><F108/><W120/><G30/><T121/><D132/><U111/><E1/><V94/><F68/><W92/><G120/><T78/><D78/><AGARI ba="1,0" hai="17,18,19,72,78,83,91,92,97,100,101" m="45065" machi="78" ten="30,1000,0" yaku="12,1" doraHai="127" who="3" fromWho="0" sc="333,-13,295,0,186,0,186,13" /><INIT seed="2,0,0,5,1,66" ten="320,295,186,199" oya="2" hai0="28,123,67,39,80,131,71,6,68,75,102,74,118" hai1="105,8,78,3,30,77,2,126,76,22,112,122,4" hai2="26,19,42,1,20,81,97,64,117,92,27,51,59" hai3="38,36,88,15,5,29,129,108,93,57,61,11,58"/><V24/><F117/><W16/><G108/><T34/><D123/><U7/><E112/><V69/><F1/><W56/><G129/><T35/><D131/><U96/><E126/><V37/><F37/><W10/><G29/><T55/><D118/><U113/><E113/><V46/><F69/><W115/><G115/><T44/><D6/><U49/><E122/><V40/><F42/><W116/><G116/><T121/><D102/><U130/><E130/><V125/><F125/><W72/><G72/><T99/><D99/><U33/><E33/><V109/><F109/><W91/><G61/><T87/><D67/><U83/><E49/><V89/><REACH who="2" step="1"/><F81/><REACH who="2" ten="320,295,176,199" step="2"/><W9/><G36/><T65/><D39/><U84/><E3/><V50/><F50/><W12/><G38/><T100/><D80/><U41/><E41/><V53/><F53/><W13/><G93/><T110/><D55/><U60/><E60/><AGARI ba="0,1" hai="19,20,24,26,27,40,46,51,59,60,64,89,92,97" machi="60" ten="40,7700,0" yaku="1,1,8,1,53,1" doraHai="66" doraHaiUra="90" who="2" fromWho="1" sc="320,0,295,-77,176,87,199,0" /><INIT seed="2,1,0,4,2,76" ten="320,218,263,199" oya="2" hai0="98,126,42,53,80,1,100,127,40,124,79,85,72" hai1="11,29,20,48,13,4,119,90,117,10,77,23,115" hai2="86,97,101,89,65,102,131,123,33,2,19,62,64" hai3="94,6,51,87,122,118,91,78,43,46,0,26,61"/><V68/><F123/><W120/><G118/><T60/><D1/><N who="1" m="271" /><E90/><V35/><F131/><W73/><G61/><T125/><N who="0" m="31744" /><DORA hai="38" /><T67/><D53/><U21/><E77/><V25/><F2/><W7/><G26/><T106/><REACH who="0" step="1"/><D72/><REACH who="0" ten="310,218,263,199" step="2"/><U34/><E115/><V50/><F65/><W113/><G113/><T18/><D18/><N who="1" m="8511" /><E48/><V82/><F50/><W84/><G73/><T104/><D104/><U66/><E66/><V74/><F74/><W134/><G122/><T8/><D8/><U52/><E52/><V22/><REACH who="2" step="1"/><F101/><REACH who="2" ten="310,218,253,199" step="2"/><W135/><G120/><T28/><D28/><U96/><E29/><V9/><F9/><W88/><G0/><T41/><D41/><U75/><E75/><V49/><F49/><W56/><G6/><T17/><D17/><U44/><E117/><V59/><F59/><AGARI ba="1,2" hai="40,42,59,60,67,79,80,85,98,100,106" m="31744" machi="59" ten="70,8000,1" yaku="1,1,18,1,52,3,53,0" doraHai="76,38" doraHaiUra="15,128" who="0" fromWho="2" sc="310,103,218,0,253,-83,199,0" /><INIT seed="3,0,0,0,0,88" ten="413,218,170,199" oya="3" hai0="73,115,65,66,61,108,83,81,117,43,39,6,32" hai1="37,120,42,13,3,46,23,111,127,18,101,113,25" hai2="38,20,53,72,131,11,71,96,63,85,74,10,35" hai3="84,51,62,82,67,34,114,116,106,97,98,125,16"/><W112/><G116/><T100/><D117/><U123/><E113/><V1/><F35/><W2/><G125/><T132/><D32/><U5/><E127/><V95/><F131/><W78/><G2/><T49/><D108/><U55/><E111/><V90/><F38/><W77/><G34/><T89/><D39/><U70/><E70/><V4/><F20/><W104/><G51/><T68/><D65/><U80/><E101/><V58/><F71/><W40/><G40/><T121/><D132/><U133/><E133/><V31/><F31/><W22/><G77/><T21/><D121/><U9/><E55/><V15/><REACH who="2" step="1"/><F96/><REACH who="2" ten="413,218,160,199" step="2"/><W33/><G33/><T26/><D68/><U12/><E120/><V28/><F28/><W14/><G98/><T57/><D21/><U52/><E123/><V36/><F36/><W60/><G112/><T99/><D99/><U126/><E126/><V59/><F59/><W122/><G114/><T0/><D57/><U109/><E109/><V54/><F54/><W64/><G122/><T107/><D115/><U69/><E69/><V19/><AGARI ba="0,1" hai="1,4,10,11,15,19,53,58,63,72,74,85,90,95" machi="19" ten="20,5200,0" yaku="1,1,0,1,7,1,52,1,53,0" doraHai="88" doraHaiUra="76" who="2" fromWho="2" sc="413,-13,218,-13,160,62,199,-26" /><INIT seed="4,0,0,0,3,34" ten="400,205,222,173" oya="0" hai0="3,85,48,112,69,63,7,38,59,91,108,87,11" hai1="97,113,82,67,5,99,28,2,61,107,83,51,66" hai2="25,21,57,10,133,29,58,114,50,26,123,90,93" hai3="49,65,68,104,106,76,6,126,47,37,78,19,72"/><T43/><D112/><U94/><E113/><V46/><F123/><W62/><G126/><T81/><D69/><U56/><E28/><V36/><F133/><W120/><G120/><T103/><D103/><U132/><E132/><V60/><F36/><W131/><G131/><T88/><D108/><U118/><E118/><V96/><F114/><W41/><G19/><T109/><D109/><U116/><E116/><V86/><F10/><W80/><G76/><T77/><D38/><U30/><E30/><V1/><F1/><W130/><G130/><T27/><D27/><U17/><E17/><V92/><F26/><W124/><G124/><T32/><D32/><U40/><E67/><V8/><F8/><W64/><G64/><T55/><REACH who="0" step="1"/><D85/><REACH who="0" ten="390,205,222,173" step="2"/><U110/><E110/><V44/><F50/><W45/><G49/><T35/><D35/><U18/><E51/><V100/><REACH who="2" step="1"/><F58/><REACH who="2" ten="390,205,212,173" step="2"/><W75/><G47/><AGARI ba="0,2" hai="3,7,11,43,47,48,55,59,63,77,81,87,88,91" machi="47" ten="40,7700,0" yaku="1,1,52,1,54,1,53,0" doraHai="34" doraHaiUra="15" who="0" fromWho="3" sc="390,97,205,0,212,0,173,-77" /><INIT seed="4,1,0,2,3,122" ten="487,205,212,96" oya="0" hai0="107,57,83,48,9,30,61,108,81,23,27,59,73" hai1="104,3,21,116,46,69,87,16,70,34,7,126,45" hai2="95,58,63,10,51,66,102,101,28,8,18,6,44" hai3="14,64,13,88,111,127,106,1,68,60,96,55,123"/><T0/><D107/><U128/><E116/><V93/><F28/><W118/><G118/><T85/><D73/><U26/><E104/><V5/><F18/><W103/><G111/><T75/><D75/><U99/><E128/><V129/><F129/><W125/><G1/><T91/><D108/><U113/><E126/><N who="3" m="48138" /><G123/><T35/><D9/><N who="1" m="2303" /><E87/><V112/><F112/><W67/><G67/><T49/><D0/><U38/><E99/><V117/><F117/><W90/><G55/><T62/><D35/><U79/><E79/><V110/><F110/><W47/><G47/><N who="1" m="17930" /><E38/><V36/><F36/><W12/><AGARI ba="1,0" hai="12,13,14,60,64,68,88,90,96,103,106" m="48138" machi="12" ten="30,2000,0" yaku="18,1,54,1" doraHai="122" who="3" fromWho="3" sc="487,-11,205,-6,212,-6,96,23" /><INIT seed="5,0,0,0,3,110" ten="476,199,206,119" oya="1" hai0="105,72,10,121,4,44,34,55,25,83,23,68,7" hai1="101,65,96,17,85,26,64,104,0,112,18,132,102" hai2="46,130,62,32,8,86,28,91,77,57,47,133,109" hai3="53,70,84,120,89,11,76,79,12,71,113,114,103"/><U3/><E132/><V50/><F109/><W81/><G120/><T74/><D68/><U66/><E85/><V100/><F133/><W108/><G108/><T98/><D34/><U107/><E112/><N who="3" m="43114" /><G103/><T19/><D83/><U67/><E67/><V118/><F118/><W49/><G70/><T45/><D4/><U13/><E26/><V73/><F47/><N who="3" m="27839" /><G71/><T117/><D117/><U123/><E123/><V134/><F46/><W37/><G37/><T6/><D45/><U94/><E94/><V95/><F95/><W16/><AGARI ba="0,0" hai="11,12,16,76,79,81,84,89" m="27839,43114" machi="16" ten="30,12000,2" yaku="25,1,15,1,52,3,54,1" doraHai="110" who="3" fromWho="3" sc="476,-30,199,-60,206,-30,119,120" /><INIT seed="6,0,0,0,0,97" ten="446,139,176,239" oya="2" hai0="8,18,66,19,126,40,78,96,82,87,45,88,108" hai1="25,103,119,91,65,1,53,42,50,124,121,98,13" hai2="77,67,104,48,74,114,37,93,15,105,27,20,69" hai3="83,0,120,60,123,68,14,70,49,41,32,89,79"/><V11/><F37/><W2/><G32/><T28/><D108/><U115/><E1/><V22/><F114/><W80/><G14/><T44/><D126/><U47/><E119/><V92/><F69/><W86/><G41/><T85/><D28/><U71/><E115/><V58/><F74/><W110/><G49/><N who="0" m="26759" /><D66/><U51/><E124/><V132/><F77/><W95/><G83/><N who="0" m="47351" /><D96/><U3/><E3/><V56/><F132/><W122/><G110/><T38/><D38/><U16/><E121/><V39/><F39/><W90/><G68/><T54/><D8/><N who="1" m="6183" /><E65/><V23/><F67/><W112/><G60/><T107/><D107/><U81/><E71/><V34/><F34/><W100/><G112/><T29/><D29/><U130/><E130/><V31/><F104/><W129/><G70/><T5/><D5/><U35/><E35/><V64/><F105/><W94/><G129/><T109/><D109/><U52/><E50/><AGARI ba="0,0" hai="18,19,45,50,54,82,87,88" m="47351,26759" machi="50" ten="30,2000,0" yaku="8,1,54,1" doraHai="97" who="0" fromWho="1" sc="446,20,139,-20,176,0,239,0" /><INIT seed="7,0,0,0,0,25" ten="466,119,176,239" oya="3" hai0="21,60,23,72,13,76,110,15,85,92,103,6,104" hai1="90,109,20,12,119,117,133,39,115,107,116,14,9" hai2="57,118,22,34,78,68,89,84,42,71,46,114,111" hai3="59,123,50,101,8,2,28,120,37,38,94,121,106"/><W3/><G106/><T125/><D110/><U32/><E109/><V88/><F111/><W62/><G50/><T82/><D60/><U87/><E32/><V70/><F118/><W97/><G37/><T79/><D125/><U100/><E115/><V69/><F34/><W41/><G41/><T95/><D95/><U24/><E133/><V129/><F129/><W56/><G38/><T113/><D79/><U55/><E39/><V75/><F57/><W61/><G8/><T124/><D124/><U93/><E9/><V19/><F114/><W105/><G105/><T36/><D6/><U33/><E33/><V108/><F75/><W63/><G28/><T18/><D113/><U31/><REACH who="1" step="1"/><E55/><REACH who="1" ten="466,109,176,239" step="2"/><V135/><F135/><W67/><G123/><T27/><D36/><U81/><E81/><V1/><F108/><W49/><G121/><T11/><D11/><U52/><E52/><V45/><F42/><W127/><G120/><T128/><D23/><U131/><E131/><V126/><F22/><W4/><G127/><T134/><D128/><U47/><E47/><V40/><F46/><W132/><G132/><T130/><D130/><U74/><E74/><V91/><F45/><W7/><G67/><T26/><D134/><U65/><E65/><V99/><F40/><W112/><G112/><T0/><D72/><U83/><E83/><V29/><F126/><W80/><G80/><T98/><D82/><U44/><E44/><V53/><F53/><W51/><G56/><T86/><D21/><U77/><E77/><V58/><N who="2" m="17408" /><DORA hai="64" /><V30/><F58/><W43/><G59/><RYUUKYOKU ba="0,1" sc="466,-10,109,30,176,-10,239,-10" hai1="12,14,20,24,31,87,90,93,100,107,116,117,119" owari="466,56.6,139,-36.1,166,-23.4,229,2.9" /></mjloggm>