<mjloggm ver="2.3"><GO type="169" lobby="0"/><UN n0="%E5%B1%8A%E3%81%8B%E3%81%AA%E3%81%84%E6%81%8B" n1="%E3%82%B8%E3%83%A3%E3%82%B9%E3%83%88%E3%81%B3%E3%81%83" n2="%70%61%77%61" n3="%E7%AD%89%E3%80%85%E5%8A%9B%E5%8A%87%E5%A0%B4" dan="16,16,18,16" rate="2136.86,2154.68,2293.80,2126.20" sx="M,M,M,M"/><TAIKYOKU oya="0"/><INIT seed="0,0,0,3,3,46" ten="250,250,250,250" oya="0" hai0="78,92,75,104,48,47,26,51,40,22,39,1,13" hai1="69,72,124,11,0,80,9,107,102,117,53,28,113" hai2="114,128,41,110,38,84,70,35,127,27,2,93,68" hai3="60,71,29,33,135,90,57,49,10,14,77,31,134"/><T81/><D104/><U112/><E69/><V32/><F114/><N who="1" m="44137" /><E117/><V74/><F74/><W25/><G71/><T126/><D126/><U98/><E124/><V63/><F2/><W17/><G77/><T59/><D13/><U83/><E28/><V116/><F110/><W131/><G131/><T129/><D129/><U125/><E125/><V73/><F73/><W20/><G90/><T133/><D133/><U23/><E23/><V132/><F132/><W21/><G33/><T58/><D92/><U52/><E11/><V19/><F35/><W101/><G101/><T65/><D1/><U121/><E121/><V123/><F32/><W96/><G96/><T43/><D43/><U44/><E72/><V97/><F68/><W100/><G100/><T18/><REACH who="0" step="1"/><D65/><REACH who="0" ten="240,250,250,250" step="2"/><U105/><E107/><V15/><F127/><W79/><G135/><T120/><D120/><U66/><E66/><V118/><F123/><W6/><G134/><T34/><D34/><U103/><E103/><V99/><F128/><W54/><G14/><T61/><D61/><U30/><E0/><V94/><F15/><W50/><G60/><T119/><D119/><U56/><E105/><V4/><F63/><W88/><G25/><T55/><D55/><U91/><E53/><V111/><F27/><W8/><G54/><T108/><D108/><U95/><E102/><V37/><F111/><W62/><G62/><T76/><D76/><U130/><E130/><V109/><F109/><W24/><G79/><T64/><D64/><U3/><E3/><V67/><F67/><W89/><G24/><T5/><D5/><RYUUKYOKU ba="0,1" sc="240,30,250,-10,250,-10,250,-10" hai0="18,22,26,39,40,47,48,51,58,59,75,78,81" /><INIT seed="0,1,1,3,4,1" ten="270,240,240,240" oya="0" hai0="130,81,61,11,38,21,128,70,69,43,95,84,9" hai1="41,36,97,16,110,23,78,8,86,5,135,6,45" hai2="114,119,58,49,4,50,105,129,127,98,109,44,53" hai3="104,64,47,118,125,93,66,25,13,87,31,15,92"/><T91/><D61/><U82/><E110/><V99/><F114/><W72/><G72/><T71/><D43/><U42/><E135/><V106/><F109/><W90/><G104/><T131/><D38/><U40/><E97/><V67/><F129/><W107/><G107/><T34/><D34/><U122/><E122/><V18/><F127/><W62/><G118/><T17/><REACH who="0" step="1"/><D81/><REACH who="0" ten="260,240,240,240" step="2"/><U48/><E36/><V83/><F83/><W14/><G62/><T68/><N who="0" m="17408" /><DORA hai="123" /><T20/><D20/><U80/><E82/><V46/><F119/><W73/><G125/><T96/><D96/><U35/><E35/><V111/><F98/><W76/><G66/><T116/><D116/><U2/><REACH who="1" step="1"/><E5/><REACH who="1" ten="260,230,240,240" step="2"/><V55/><F4/><W29/><G93/><T121/><D121/><U133/><E133/><V108/><F99/><W10/><G92/><T132/><D132/><U117/><E117/><V85/><F106/><W113/><G113/><T7/><D7/><U103/><E103/><V52/><F105/><W120/><G120/><T12/><AGARI ba="1,3" hai="9,11,12,17,21,84,91,95,128,130,131" m="17408" machi="12" ten="70,12000,1" yaku="1,1,0,1,19,1,53,1" doraHai="1,123" doraHaiUra="30,89" who="0" fromWho="0" sc="260,153,230,-41,240,-41,240,-41" /><INIT seed="0,2,0,0,3,42" ten="413,189,199,199" oya="0" hai0="85,4,12,87,48,13,80,63,29,39,102,19,72" hai1="59,22,107,91,82,121,53,130,43,21,73,23,131" hai2="65,81,71,49,128,94,135,0,41,116,104,2,37" hai3="24,126,11,76,105,97,32,111,79,36,86,15,92"/><T9/><D39/><U88/><E121/><V38/><F104/><W96/><G111/><T5/><D29/><U47/><E107/><V45/><F128/><N who="1" m="49193" /><E73/><V118/><F94/><W89/><G126/><T115/><D115/><U3/><E3/><N who="2" m="1067" /><F81/><W119/><G119/><N who="2" m="45609" /><F135/><W117/><G117/><T112/><D112/><U7/><E7/><V120/><F120/><W28/><G36/><N who="2" m="13929" /><F65/><W56/><G105/><T77/><D102/><U51/><E82/><V101/><F71/><W30/><G30/><T58/><D48/><AGARI ba="2,0" hai="21,22,23,43,47,48,51,53,59,88,91" m="49193" machi="48" ten="30,3900,0" yaku="19,1,52,1,54,1" doraHai="42" who="1" fromWho="0" sc="413,-45,189,45,199,0,199,0" /><INIT seed="1,0,0,0,3,114" ten="368,234,199,199" oya="1" hai0="40,103,33,115,129,16,9,68,118,30,131,17,14" hai1="44,110,132,87,104,20,81,25,123,62,49,47,134" hai2="73,61,6,135,106,24,22,126,11,0,74,85,124" hai3="90,50,41,52,76,80,117,79,119,99,10,83,101"/><U120/><E104/><V43/><F106/><W1/><G41/><T86/><D68/><U12/><E12/><V122/><F122/><W100/><G1/><T69/><D69/><U4/><E62/><V108/><F108/><W121/><G10/><T133/><D103/><N who="3" m="39497" /><G121/><T125/><D40/><N who="1" m="24711" /><E47/><V48/><F135/><N who="1" m="51753" /><E4/><V8/><F8/><W67/><G67/><T59/><D59/><U7/><E7/><V77/><F61/><W109/><G109/><T84/><D133/><U91/><E110/><V46/><F85/><N who="3" m="48287" /><G50/><T3/><D86/><U94/><E81/><V5/><F5/><W96/><G52/><T88/><D3/><U95/><E95/><V42/><F42/><W13/><G13/><T39/><D14/><U54/><E54/><V82/><REACH who="2" step="1"/><F74/><REACH who="2" ten="368,234,189,199" step="2"/><N who="3" m="43415" /><G99/><T29/><D9/><U63/><E63/><V45/><F45/><W51/><G51/><T107/><D107/><U60/><E60/><V97/><F97/><W27/><G27/><T65/><D65/><U93/><E123/><V116/><F116/><W26/><G26/><T19/><D118/><U112/><E120/><V55/><F55/><W105/><G105/><T57/><D57/><U75/><E25/><V53/><F53/><W92/><AGARI ba="0,1" hai="90,92,96,117,119" m="43415,48287,39497" machi="92" ten="30,7900,0" yaku="34,2,52,2" doraHai="114" who="3" fromWho="3" sc="368,-20,234,-39,189,-20,199,89" /><INIT seed="2,0,0,1,4,75" ten="348,195,169,288" oya="2" hai0="55,26,57,64,34,7,79,65,20,17,29,21,63" hai1="132,128,111,86,52,120,105,124,33,133,94,10,101" hai2="11,135,70,0,103,68,59,104,32,123,126,50,37" hai3="99,16,12,66,31,62,27,84,122,53,42,14,43"/><V24/><F123/><W134/><G122/><T78/><D7/><U89/><E120/><V4/><F126/><W2/><G2/><T118/><D34/><U47/><E33/><V56/><F135/><N who="1" m="51785" /><E111/><V3/><F3/><W8/><G134/><T1/><D1/><U110/><E110/><V36/><F50/><W67/><G53/><T112/><D112/><U25/><E124/><V76/><F76/><N who="0" m="29226" /><D118/><U71/><E71/><N who="2" m="27179" /><F59/><W28/><G99/><T88/><D88/><N who="1" m="53527" /><E128/><V30/><F56/><W90/><G90/><T125/><D125/><U60/><E89/><V73/><F73/><W9/><G84/><T87/><D87/><U130/><E130/><V82/><F82/><W92/><G92/><T38/><D38/><U108/><E108/><V102/><F102/><W129/><G129/><T80/><D80/><U106/><E101/><V96/><AGARI ba="0,0" hai="0,4,11,24,30,32,36,37,96,103,104" m="27179" machi="96" ten="30,3000,0" yaku="33,2" doraHai="75" who="2" fromWho="2" sc="348,-10,195,-10,169,30,288,-10" /><INIT seed="2,1,0,4,5,134" ten="338,185,199,278" oya="2" hai0="8,118,102,64,40,78,112,119,72,121,11,129,90" hai1="131,29,56,85,77,82,47,52,46,116,14,101,92" hai2="51,21,26,80,99,41,0,79,32,120,107,10,37" hai3="75,38,74,62,67,130,34,20,16,48,103,15,113"/><V19/><F120/><W59/><G38/><T61/><D121/><U87/><E116/><N who="0" m="44585" /><D102/><U86/><E131/><V30/><F37/><W6/><G34/><T88/><D112/><U53/><E29/><V28/><F107/><W111/><G111/><T100/><D100/><U132/><E132/><V2/><F99/><W122/><G122/><T84/><D72/><U12/><E53/><V57/><F30/><W44/><G130/><T25/><D40/><U135/><E135/><V123/><F123/><W60/><G113/><T110/><D110/><U36/><E36/><V95/><F95/><W65/><G103/><T109/><D109/><U49/><E86/><V58/><F41/><W115/><G115/><T3/><D25/><U96/><E85/><N who="2" m="48287" /><F51/><W114/><G114/><T9/><D3/><U76/><E76/><V89/><F89/><W70/><REACH who="3" step="1"/><G6/><REACH who="3" ten="338,185,199,268" step="2"/><T23/><D129/><U31/><E31/><V54/><F32/><W17/><G17/><T33/><D33/><U63/><E47/><V106/><F19/><W35/><G35/><T66/><D78/><U71/><REACH who="1" step="1"/><E71/><REACH who="1" ten="338,175,199,268" step="2"/><V68/><F68/><W73/><G73/><T83/><D83/><U4/><E4/><V43/><F28/><W7/><G7/><T94/><D94/><U24/><E24/><V55/><F26/><W13/><G13/><T97/><D84/><U50/><E50/><V42/><F106/><W22/><G22/><T5/><D23/><U117/><E117/><V91/><F21/><W125/><G125/><T124/><D124/><U126/><E126/><V98/><F98/><W128/><G128/><RYUUKYOKU ba="1,2" sc="338,-15,175,15,199,-15,268,15" hai1="12,14,46,49,52,56,63,77,82,87,92,96,101" hai3="15,16,20,44,48,59,60,62,65,67,70,74,75" /><INIT seed="3,2,2,0,5,99" ten="323,190,184,283" oya="3" hai0="8,87,67,89,125,32,5,35,122,123,58,29,79" hai1="45,95,55,9,6,132,43,12,49,40,36,100,119" hai2="77,28,10,26,66,75,20,51,121,109,111,42,11" hai3="37,114,106,96,84,54,134,107,1,105,24,34,94"/><W124/><G114/><T71/><D71/><U70/><E70/><V68/><F121/><W4/><G37/><T78/><D125/><U33/><E33/><V110/><F75/><W65/><G134/><T27/><D35/><U63/><E132/><V57/><F77/><W59/><G124/><T126/><D126/><U108/><E108/><V90/><F90/><W7/><G65/><T30/><D30/><U133/><E133/><V14/><F14/><W92/><G1/><T86/><D79/><U130/><E130/><V31/><F31/><W103/><G34/><T120/><D78/><U82/><E82/><V115/><F115/><W135/><G24/><T53/><D67/><U64/><E119/><V74/><F74/><W97/><G84/><T41/><D41/><U18/><E36/><V13/><F13/><W44/><G44/><T3/><REACH who="0" step="1"/><D89/><REACH who="0" ten="313,190,184,283" step="2"/><U48/><E40/><V129/><F129/><W112/><G135/><T46/><D46/><N who="1" m="28055" /><E64/><V19/><F28/><W118/><G112/><T21/><D21/><U23/><E23/><V22/><F20/><W16/><G118/><T69/><D69/><U62/><E6/><V85/><F68/><W56/><G16/><T128/><D128/><U15/><E15/><V113/><F113/><W0/><G0/><T50/><AGARI ba="2,3" hai="3,5,8,27,29,32,50,53,58,86,87,120,122,123" machi="50" ten="30,2000,0" yaku="1,1,0,1,53,0" doraHai="99" doraHaiUra="38" who="0" fromWho="0" sc="313,56,190,-7,184,-7,283,-12" /><INIT seed="4,0,0,0,3,41" ten="369,183,177,271" oya="0" hai0="110,79,16,78,123,127,120,103,96,8,71,113,97" hai1="58,36,134,82,48,15,128,60,45,129,64,84,98" hai2="119,28,3,130,61,1,102,116,100,105,56,95,99" hai3="23,68,66,12,67,101,21,29,59,88,124,39,49"/><T114/><D71/><U4/><E36/><V47/><F130/><W94/><G39/><T13/><D110/><U87/><E134/><V125/><F125/><W117/><G117/><N who="2" m="45129" /><F28/><W108/><G108/><T51/><D51/><U20/><E98/><N who="2" m="61655" /><F47/><W62/><G124/><T52/><D97/><U92/><E92/><V91/><F91/><W34/><G101/><T81/><D52/><AGARI ba="0,0" hai="1,3,52,56,61,95,99,100" m="61655,45129" machi="52" ten="30,2000,0" yaku="12,1,54,1" doraHai="41" who="2" fromWho="0" sc="369,-20,183,0,177,20,271,0" /><INIT seed="5,0,0,5,2,67" ten="349,183,197,271" oya="1" hai0="114,55,5,84,94,120,4,95,80,100,60,71,61" hai1="37,98,133,107,3,85,81,26,90,34,111,103,43" hai2="58,104,16,110,115,72,122,38,21,93,117,14,10" hai3="7,102,47,123,108,65,0,77,135,121,57,131,23"/><U76/><E3/><V99/><F110/><W125/><G108/><T70/><D120/><U112/><E111/><V130/><F122/><W105/><G131/><T1/><D114/><U25/><E112/><V12/><F117/><W128/><G128/><T18/><D18/><U74/><E133/><V42/><F115/><W17/><G125/><T116/><D1/><U52/><E34/><V73/><F104/><W82/><G135/><T68/><D116/><U97/><E97/><V31/><F130/><W127/><G127/><T39/><D39/><U134/><E134/><V30/><F72/><W119/><G119/><T89/><D100/><U24/><E37/><V86/><F73/><W62/><G47/><T83/><D55/><U101/><E101/><V106/><F86/><W49/><G7/><N who="0" m="2635" /><D89/><U41/><REACH who="1" step="1"/><E52/><REACH who="1" ten="349,173,197,271" step="2"/><V51/><F38/><W20/><G0/><T96/><D96/><U6/><E6/><N who="2" m="3159" /><F106/><W8/><G105/><T75/><D75/><U92/><AGARI ba="0,1" hai="24,25,26,41,43,74,76,81,85,90,92,98,103,107" machi="92" ten="30,11700,0" yaku="1,1,0,1,24,2,53,0" doraHai="67" doraHaiUra="126" who="1" fromWho="1" sc="349,-39,173,127,197,-39,271,-39" /><INIT seed="5,1,0,5,1,30" ten="310,300,158,232" oya="1" hai0="33,134,19,20,26,25,77,80,16,52,116,73,113" hai1="132,82,13,55,40,58,5,102,42,118,0,10,54" hai2="90,92,2,17,121,75,83,27,103,105,64,107,1" hai3="22,133,60,8,68,131,94,61,109,66,43,47,24"/><U98/><E118/><V71/><F121/><W100/><G109/><T3/><D116/><U126/><E132/><V108/><F108/><W129/><G133/><T36/><D134/><U89/><E126/><V114/><F114/><W135/><G135/><T111/><D111/><U88/><E0/><V14/><F27/><W67/><G8/><T62/><D3/><U69/><E69/><V53/><F53/><W81/><G81/><T87/><D36/><U106/><E55/><V99/><F64/><W123/><G123/><T45/><D113/><U32/><E32/><V117/><F71/><W23/><G23/><T18/><D73/><U115/><E115/><V78/><F107/><W112/><G112/><T12/><D33/><U130/><E130/><V7/><F7/><W44/><G44/><T6/><D6/><U35/><E35/><V125/><F125/><W63/><G100/><T97/><D97/><U46/><E82/><V104/><F104/><W29/><G94/><T49/><D62/><U79/><E79/><V34/><F34/><W57/><REACH who="3" step="1"/><G63/><REACH who="3" ten="310,300,158,222" step="2"/><T72/><D72/><U9/><E10/><N who="2" m="6359" /><F117/><W37/><AGARI ba="1,1" hai="22,24,29,37,43,47,57,60,61,66,67,68,129,131" machi="37" ten="30,4000,0" yaku="1,1,0,1,53,1" doraHai="30" doraHaiUra="70" who="3" fromWho="3" sc="310,-11,300,-21,158,-11,222,53" /><INIT seed="6,0,0,2,3,23" ten="299,279,147,275" oya="2" hai0="77,86,0,101,68,6,100,129,96,9,11,29,81" hai1="16,72,40,78,115,131,10,25,126,97,70,118,135" hai2="106,80,59,64,62,83,14,95,46,133,84,119,71" hai3="45,65,117,111,107,75,99,89,51,105,63,67,109"/><V24/><F119/><W73/><G117/><T124/><D129/><U18/><E70/><V13/><F106/><W12/><G67/><T17/><D124/><U22/><E131/><V53/><F133/><W35/><G107/><T48/><D68/><U134/><E118/><V50/><F71/><W122/><G122/><T60/><D60/><U31/><E126/><V85/><F95/><W3/><G3/><T76/><D76/><U1/><E40/><V108/><F108/><W38/><G38/><T87/><D87/><U121/><E121/><V30/><F84/><W69/><G35/><T52/><D29/><U27/><E27/><V104/><BYE who="1" /><F104/><W92/><G105/><T28/><D28/><U130/><E130/><V66/><F66/><UN n1="%E3%82%B8%E3%83%A3%E3%82%B9%E3%83%88%E3%81%B3%E3%81%83" /><W49/><G49/><T15/><D96/><U113/><E97/><V58/><F58/><AGARI ba="0,0" hai="0,6,9,11,15,17,48,52,58,77,81,86,100,101" machi="58" ten="30,2000,0" yaku="7,1,54,1" doraHai="23" who="0" fromWho="2" sc="299,20,279,0,147,-20,275,0" /><INIT seed="7,0,0,0,1,100" ten="319,279,127,275" oya="3" hai0="71,95,93,1,68,55,128,94,26,64,123,15,61" hai1="3,11,86,36,129,108,9,99,105,116,106,19,97" hai2="125,102,35,89,87,75,31,63,103,110,133,115,10" hai3="59,13,21,46,47,90,130,53,40,58,57,112,77"/><W98/><G77/><T122/><D1/><U50/><E36/><V82/><F35/><W17/><G112/><T49/><D128/><U72/><E72/><V2/><F2/><W28/><G130/><T43/><D71/><U39/><E39/><V41/><F110/><W134/><G134/><T20/><D15/><U118/><E108/><V83/><F133/><W107/><G28/><T42/><D42/><U119/><E129/><V0/><F115/><W4/><G4/><T67/><D67/><U120/><E120/><V96/><F125/><W127/><G127/><T30/><D43/><U6/><E86/><V23/><F0/><W24/><G13/><T45/><AGARI ba="0,0" hai="20,26,30,45,49,55,61,64,68,93,94,95,122,123" machi="45" ten="30,1100,0" yaku="0,1" doraHai="100" who="0" fromWho="0" sc="319,11,279,-3,127,-3,275,-5" owari="330,43.0,276,7.6,124,-37.6,270,-13.0" /></mjloggm>