<mjloggm ver="2.3"><GO type="169" lobby="0"/><UN n0="%E8%A6%9A%E9%86%92%E3%81%97%E3%81%9F%E3%81%A8%E3%81%BE%E3%81%A8" n1="%E3%81%BA%E3%82%8D%E3%81%BA%E3%82%8D%E3%81%8D%E3%82%93" n2="%E5%A4%A2%E4%BB%98%E3%81%8D" n3="%36%39%33" dan="17,16,16,16" rate="2240.02,2131.13,2084.13,2035.89" sx="M,M,M,M"/><TAIKYOKU oya="0"/><INIT seed="0,0,0,3,5,87" ten="250,250,250,250" oya="0" hai0="54,80,37,71,68,24,76,55,82,14,61,112,64" hai1="109,32,133,106,43,66,2,122,26,81,35,44,104" hai2="74,115,38,36,73,134,96,27,3,42,9,108,121" hai3="103,105,48,83,34,51,12,20,22,110,67,50,107"/><T119/><D112/><U124/><E122/><V4/><F115/><W69/><G34/><T52/><D119/><U58/><E2/><V102/><F121/><W93/><G93/><T46/><D14/><U53/><E66/><V130/><F108/><W21/><G110/><T30/><D71/><U16/><E109/><V78/><F130/><W100/><G12/><T41/><REACH who="0" step="1"/><D76/><REACH who="0" ten="240,250,250,250" step="2"/><U114/><E114/><V89/><F78/><W13/><G13/><T118/><D118/><U45/><E133/><V18/><F134/><W127/><G69/><T40/><D40/><U86/><E43/><V125/><F42/><W17/><G127/><T60/><D60/><U15/><E124/><V84/><F125/><W65/><G50/><T92/><D92/><U70/><E70/><V23/><F38/><W10/><G51/><T97/><D97/><U91/><E106/><V19/><F36/><W128/><G48/><T77/><D77/><U31/><E104/><V57/><F96/><W63/><G107/><T90/><D90/><U5/><E5/><V113/><F113/><W95/><G105/><T62/><D62/><U101/><E101/><V99/><F102/><W132/><G100/><T7/><D7/><U117/><E117/><V8/><F99/><W75/><G132/><T129/><D129/><U123/><E123/><V49/><F89/><W6/><G128/><T94/><D94/><U0/><E0/><V39/><F4/><W79/><G6/><T88/><D88/><U111/><E111/><V56/><F3/><W33/><G103/><T25/><D25/><N who="1" m="18543" /><E91/><V28/><F39/><RYUUKYOKU ba="0,1" sc="240,30,250,-10,250,-10,250,-10" hai0="24,30,37,41,46,52,54,55,61,64,68,80,82" /><INIT seed="0,1,1,2,3,26" ten="270,240,240,240" oya="0" hai0="85,6,24,75,73,82,5,111,57,30,105,67,117" hai1="29,62,94,25,23,50,21,37,0,107,58,56,126" hai2="114,124,77,55,104,89,119,112,122,44,116,34,51" hai3="103,129,97,98,123,110,132,93,125,108,60,7,131"/><T76/><D117/><N who="2" m="45130" /><F104/><W83/><G7/><T79/><D105/><U61/><E107/><V22/><F34/><W90/><G60/><T99/><D99/><U65/><E37/><V17/><F122/><W84/><G123/><T66/><D57/><U28/><E0/><V46/><F77/><W14/><G14/><T118/><D118/><U13/><E126/><V10/><F10/><W63/><G63/><T38/><D38/><U92/><E50/><N who="2" m="29127" /><F89/><W71/><G71/><T78/><D111/><N who="3" m="42537" /><G125/><T128/><D128/><N who="3" m="49225" /><G97/><T68/><D68/><U69/><E69/><V9/><F9/><W18/><G18/><T43/><D6/><U53/><E13/><N who="2" m="9519" /><F124/><W48/><G48/><T42/><D5/><U127/><E127/><V20/><F20/><W11/><G11/><T8/><D8/><U3/><E3/><V113/><F113/><W40/><G40/><AGARI ba="1,1" hai="40,46,51,112,114" m="9519,29127,45130" machi="40" ten="30,1000,0" yaku="12,1" doraHai="26" who="2" fromWho="3" sc="270,0,240,0,240,23,240,-13" /><INIT seed="1,0,0,0,3,31" ten="270,240,263,227" oya="1" hai0="88,48,23,80,0,62,59,4,72,123,25,98,51" hai1="20,64,112,90,2,110,26,70,44,42,114,89,18" hai2="131,10,22,82,57,3,7,109,41,129,50,102,111" hai3="126,8,56,132,73,95,83,107,37,43,84,127,6"/><U34/><E2/><V133/><F102/><W65/><G107/><T32/><D123/><U21/><E64/><V17/><F82/><W97/><G132/><T134/><D134/><U49/><E70/><V28/><F133/><W55/><G65/><T54/><D32/><U71/><E71/><V29/><F57/><W47/><G73/><T58/><D4/><U36/><E110/><N who="2" m="41995" /><F50/><W1/><G97/><T16/><D0/><U128/><E128/><N who="2" m="49227" /><F41/><W9/><G95/><N who="0" m="56679" /><D59/><U33/><E36/><V19/><F19/><W14/><G56/><T12/><D12/><AGARI ba="0,0" hai="3,7,10,12,17,22,28,29" m="49227,41995" machi="12" ten="30,7700,0" yaku="14,1,19,1,34,2" doraHai="31" who="2" fromWho="0" sc="270,-77,240,0,263,77,227,0" /><INIT seed="2,0,0,3,3,13" ten="193,240,340,227" oya="2" hai0="56,23,45,132,24,6,70,81,16,30,69,131,31" hai1="121,7,58,123,46,129,124,33,80,71,29,11,27" hai2="78,76,110,12,37,75,120,73,99,133,21,66,26" hai3="32,96,42,34,20,134,62,61,98,119,0,47,113"/><V82/><F120/><N who="1" m="46153" /><E71/><V49/><F37/><W67/><G119/><T54/><D131/><U14/><E129/><V93/><F133/><W2/><G134/><T95/><D132/><U77/><E58/><V36/><F36/><W57/><G113/><T10/><D45/><U38/><E124/><V65/><F12/><W130/><G130/><T35/><D81/><U87/><E38/><V89/><F110/><W92/><G2/><T114/><D114/><U116/><E46/><V4/><F4/><W28/><G0/><T112/><D112/><U103/><E103/><V118/><F118/><AGARI ba="0,0" hai="7,11,14,27,29,33,77,80,87,116,118" m="46153" machi="118" ten="30,1000,0" yaku="13,1" doraHai="13" who="1" fromWho="2" sc="193,0,240,10,340,-10,227,0" /><INIT seed="3,0,0,5,5,39" ten="193,250,330,227" oya="3" hai0="133,42,57,94,11,72,59,55,26,87,54,118,35" hai1="33,135,101,96,62,71,110,22,105,56,104,58,98" hai2="16,100,132,52,38,102,114,121,29,34,126,51,103" hai3="63,127,9,45,14,130,7,77,86,111,15,13,120"/><W2/><G120/><T90/><D72/><U81/><E110/><V6/><F114/><W3/><G3/><T24/><D118/><U0/><E135/><V73/><F38/><W44/><G111/><T31/><D133/><U10/><E33/><V64/><F132/><W61/><G127/><T106/><D106/><U75/><E22/><V43/><F73/><W68/><G130/><T19/><D24/><U25/><E25/><V88/><F34/><W65/><REACH who="3" step="1"/><G63/><REACH who="3" ten="193,250,330,217" step="2"/><T109/><D109/><U93/><E0/><V112/><F112/><W125/><G125/><T50/><D35/><U115/><E115/><V76/><F126/><W27/><G27/><T28/><D26/><U134/><E134/><V99/><F121/><W113/><G113/><T123/><D123/><U66/><E104/><V84/><F29/><W12/><N who="3" m="3072" /><DORA hai="1" /><W36/><G36/><T80/><D31/><U40/><E10/><V116/><F116/><W41/><G41/><T108/><D28/><U23/><E40/><V8/><F43/><W122/><G122/><T82/><D108/><U21/><E21/><V49/><F8/><W107/><G107/><T5/><D42/><U89/><E23/><V48/><F16/><W91/><G91/><T20/><D19/><U129/><E129/><V53/><F88/><W97/><G97/><T124/><D20/><U119/><E119/><V4/><F99/><W32/><G32/><T67/><D124/><U131/><E131/><V78/><F100/><W18/><G18/><T17/><D17/><U74/><E105/><V70/><F103/><W47/><G47/><RYUUKYOKU ba="0,1" sc="193,-10,250,-10,330,-10,217,30" hai3="2,7,9,44,45,61,65,68,77,86" /><INIT seed="3,1,1,0,4,67" ten="183,240,320,247" oya="3" hai0="125,41,65,108,101,66,96,109,75,60,97,2,114" hai1="9,130,30,133,83,102,42,38,68,55,69,122,104" hai2="78,1,48,76,26,33,119,103,135,73,54,15,86" hai3="128,43,11,88,22,115,51,20,131,58,126,84,63"/><W117/><G115/><T52/><D2/><U24/><E122/><V4/><F119/><W100/><G117/><T91/><D75/><U7/><E55/><V44/><F1/><W34/><G34/><T49/><D114/><U23/><E130/><N who="3" m="49706" /><G100/><T21/><D125/><U6/><E133/><V35/><F135/><W31/><G31/><T92/><D21/><U0/><E6/><V56/><F73/><W62/><G11/><T16/><D16/><U28/><E28/><V90/><F103/><W134/><G134/><T93/><D41/><U116/><E116/><V79/><F26/><W19/><G126/><T94/><D93/><U46/><REACH who="1" step="1"/><E83/><REACH who="1" ten="183,230,320,247" step="2"/><N who="2" m="49503" /><F35/><W81/><G43/><T14/><D66/><U12/><E12/><V61/><F33/><W72/><G19/><T57/><REACH who="0" step="1"/><D14/><REACH who="0" ten="173,230,320,247" step="2"/><U64/><E64/><V17/><F15/><W5/><G5/><T53/><D53/><U71/><E71/><AGARI ba="1,3" hai="49,52,57,60,65,71,91,92,94,96,97,101,108,109" machi="71" ten="40,8000,1" yaku="1,1,52,1,54,1,53,2" doraHai="67" doraHaiUra="120" who="0" fromWho="1" sc="173,113,230,-83,320,0,247,0" /><INIT seed="4,0,0,0,5,75" ten="286,147,320,247" oya="0" hai0="9,130,27,108,86,97,8,123,52,22,67,95,84" hai1="105,4,85,57,13,93,101,53,16,113,128,102,28" hai2="56,62,103,41,73,132,109,59,54,39,70,24,20" hai3="78,14,116,31,110,111,96,134,51,115,118,92,104"/><T60/><D123/><U74/><E74/><V120/><F109/><W83/><G31/><T112/><D112/><U88/><E128/><V17/><F120/><W23/><G51/><T37/><D37/><U81/><E113/><V43/><F70/><W114/><G23/><T122/><D130/><U61/><E105/><V35/><F132/><W55/><G55/><T87/><D122/><U107/><E107/><V121/><F121/><W5/><G14/><T125/><D125/><U100/><E28/><V66/><F39/><W3/><G5/><T11/><D108/><N who="3" m="41513" /><G3/><T42/><D42/><U131/><E131/><V106/><F35/><W64/><G64/><T45/><D45/><U47/><E47/><V89/><F43/><W94/><G104/><T91/><D52/><U72/><E4/><V10/><F66/><W129/><G129/><T34/><D34/><U79/><REACH who="1" step="1"/><E101/><REACH who="1" ten="286,137,320,247" step="2"/><V33/><F106/><W7/><G7/><T32/><D32/><U58/><E58/><V71/><F59/><W36/><G115/><T77/><D67/><U119/><E119/><V40/><F56/><W98/><G114/><T135/><D60/><U69/><E69/><V124/><F62/><W6/><G6/><T0/><D0/><U38/><E38/><V30/><F71/><W90/><G36/><T26/><D135/><U12/><E12/><V49/><F33/><W133/><G134/><T65/><D65/><U50/><E50/><V2/><F49/><W126/><G133/><T80/><D27/><U127/><E127/><V63/><F24/><W68/><G126/><T25/><D26/><RYUUKYOKU ba="0,1" sc="286,15,137,15,320,-15,247,-15" hai0="8,9,11,22,25,77,80,84,86,87,91,95,97" hai1="13,16,53,57,61,72,79,81,85,88,93,100,102" /><INIT seed="4,1,1,0,1,50" ten="301,152,305,232" oya="0" hai0="130,81,121,95,51,102,132,82,33,15,25,68,60" hai1="61,67,0,106,120,87,35,56,7,30,64,111,53" hai2="22,59,133,12,116,71,4,103,5,46,123,70,124" hai3="104,37,122,89,127,14,21,84,42,10,107,57,117"/><T34/><D121/><U85/><E120/><V74/><F123/><W2/><G122/><RYUUKYOKU type="kaze4" ba="1,1" sc="301,0,152,0,305,0,232,0" /><INIT seed="4,2,1,3,2,39" ten="301,152,305,232" oya="0" hai0="58,31,89,47,92,24,95,56,12,83,135,17,34" hai1="81,53,79,50,51,87,115,99,40,94,122,4,103" hai2="120,111,27,117,16,62,13,20,88,70,102,119,97" hai3="82,63,61,65,93,96,126,57,46,0,37,78,8"/><T38/><D135/><U6/><E122/><V68/><F111/><W124/><G61/><T106/><D106/><U18/><E115/><V49/><F120/><W91/><G8/><T75/><D95/><U30/><E30/><V123/><F123/><W9/><G9/><T5/><D5/><U73/><E73/><V100/><F62/><W43/><REACH who="3" step="1"/><G0/><REACH who="3" ten="301,152,305,222" step="2"/><T110/><D110/><U98/><E98/><V105/><F119/><W14/><G14/><T25/><D12/><U90/><E103/><V44/><F117/><W33/><G33/><T23/><D34/><U19/><E4/><V3/><F3/><W118/><G118/><T130/><D25/><U32/><E6/><V134/><F134/><W77/><G77/><T64/><D24/><U48/><E32/><V74/><F102/><W113/><G113/><T11/><D11/><U26/><E26/><V45/><F13/><W21/><G21/><T1/><D23/><U36/><REACH who="1" step="1"/><E53/><REACH who="1" ten="301,142,305,222" step="2"/><V10/><F27/><W104/><G104/><T132/><D132/><U76/><E76/><V59/><F105/><W69/><G69/><T85/><D1/><U15/><E15/><V133/><F100/><W121/><G121/><T84/><D31/><U72/><E72/><AGARI ba="2,3" hai="37,43,46,57,63,65,72,78,82,91,93,96,124,126" machi="72" ten="40,2600,0" yaku="1,1,52,1,53,0" doraHai="39" doraHaiUra="2" who="3" fromWho="1" sc="301,0,142,-32,305,0,222,62" /><INIT seed="5,0,0,1,2,127" ten="301,110,305,284" oya="1" hai0="112,120,100,32,38,28,62,105,104,131,69,49,85" hai1="19,12,94,42,11,59,92,10,37,110,25,93,76" hai2="41,24,8,119,23,82,84,98,78,17,103,1,132" hai3="125,123,107,116,68,31,18,15,90,70,44,56,63"/><U67/><E110/><V135/><F119/><W73/><G123/><T22/><D22/><U46/><E76/><V60/><F41/><W5/><G125/><T80/><D49/><U108/><E108/><V0/><F60/><W83/><G107/><T2/><D2/><U77/><E77/><V54/><F54/><W87/><G73/><T50/><D38/><U45/><E45/><V97/><F97/><W61/><G5/><T55/><D112/><U26/><REACH who="1" step="1"/><E10/><REACH who="1" ten="301,100,305,284" step="2"/><V128/><F8/><W126/><G126/><T129/><D120/><U30/><E30/><V53/><F78/><W29/><G44/><T66/><D28/><U99/><E99/><V109/><F98/><W16/><G31/><T72/><D72/><U75/><E75/><V3/><F109/><W48/><G29/><T35/><D105/><U134/><E134/><V130/><F132/><W13/><G116/><T6/><D104/><U9/><E9/><V113/><F135/><W114/><G114/><T88/><D100/><U65/><E65/><V21/><F113/><W51/><G18/><T96/><D96/><U27/><E27/><V101/><F17/><W71/><G16/><T64/><D66/><U133/><E133/><V47/><F24/><W86/><G86/><T91/><D91/><U57/><E57/><V121/><F101/><W7/><G87/><T39/><D6/><U124/><E124/><V40/><F103/><W58/><G7/><T106/><D106/><U20/><E20/><V117/><F117/><W115/><G115/><T111/><D111/><U81/><E81/><V122/><F82/><RYUUKYOKU ba="0,1" sc="301,-10,100,30,305,-10,284,-10" hai1="11,12,19,25,26,37,42,46,59,67,92,93,94" /><INIT seed="5,1,1,0,1,116" ten="291,130,295,274" oya="1" hai0="6,56,75,35,63,102,134,91,129,7,104,39,87" hai1="111,25,112,31,53,30,106,73,47,130,19,83,77" hai2="34,33,101,11,80,86,135,10,76,46,54,71,74" hai3="24,9,0,108,66,12,118,18,70,37,26,43,15"/><U85/><E112/><V59/><F71/><W78/><G108/><T21/><D35/><U128/><E111/><V41/><F135/><W36/><G0/><T58/><D39/><U120/><E106/><V13/><F101/><W122/><G78/><T38/><D38/><U97/><E97/><V117/><F117/><W51/><G51/><T16/><D75/><U127/><E73/><V93/><F93/><W126/><G126/><T2/><D129/><N who="1" m="49771" /><E127/><V115/><F74/><W57/><G70/><T29/><D2/><U17/><E120/><V22/><F115/><W99/><G122/><T55/><D29/><N who="1" m="10763" /><E25/><V81/><F33/><W62/><G26/><T20/><D134/><U125/><E125/><V3/><F3/><W109/><G24/><T119/><D104/><U23/><E23/><V40/><F34/><W131/><G131/><T95/><D119/><U79/><E79/><V121/><F121/><W1/><G1/><T48/><D102/><U103/><E103/><V90/><F22/><W68/><G109/><T107/><D21/><U113/><E113/><V5/><F11/><W8/><G8/><T60/><D107/><U69/><E69/><V100/><F100/><W65/><G9/><T124/><D124/><U4/><E4/><N who="0" m="1577" /><D58/><U82/><E82/><V42/><F59/><W89/><G57/><T110/><D110/><U84/><E84/><N who="2" m="48135" /><F46/><W52/><G68/><T123/><D123/><U114/><E114/><V133/><F133/><W132/><G132/><T72/><D72/><U94/><E94/><V27/><F27/><AGARI ba="1,1" hai="16,20,27,48,55,56,60,63,87,91,95" m="1577" machi="27" ten="30,2000,0" yaku="8,1,54,1" doraHai="116" who="0" fromWho="2" sc="291,33,130,0,295,-23,274,0" /><INIT seed="6,0,0,5,3,26" ten="324,130,272,274" oya="2" hai0="5,23,48,73,15,83,98,103,109,65,122,13,95" hai1="44,53,101,36,14,80,132,102,124,74,12,50,106" hai2="131,20,18,130,63,54,119,100,127,43,45,25,30" hai3="86,135,120,87,82,116,42,97,117,108,114,118,37"/><V62/><F119/><W96/><G37/><T4/><D109/><U40/><E124/><V21/><F127/><W125/><G42/><T49/><D122/><U76/><E132/><V39/><F100/><W91/><G125/><T8/><D65/><U19/><E106/><V88/><F54/><W60/><G60/><T104/><D104/><U16/><E12/><N who="2" m="9287" /><F88/><N who="3" m="51287" /><G120/><T105/><D105/><U78/><E78/><V111/><F111/><W93/><G108/><T10/><D23/><U66/><E66/><V128/><AGARI ba="0,0" hai="21,25,30,39,43,45,62,63,128,130,131" m="9287" machi="128" ten="30,3000,0" yaku="19,1,52,1" doraHai="26" who="2" fromWho="2" sc="324,-10,130,-10,272,30,274,-10" /><INIT seed="6,1,0,1,4,95" ten="314,120,302,264" oya="2" hai0="104,122,116,110,100,85,68,106,126,30,50,47,58" hai1="26,59,61,72,66,51,43,121,54,69,52,5,35" hai2="41,124,135,20,31,70,86,49,22,105,107,102,24" hai3="119,63,6,39,56,81,19,77,1,29,45,131,111"/><V88/><F70/><W0/><G111/><T129/><D30/><U17/><E72/><V34/><F135/><W87/><G119/><T16/><D68/><U109/><E5/><V92/><F124/><W64/><G29/><T123/><D110/><U55/><E35/><V117/><F117/><W114/><G131/><T12/><D116/><U103/><E109/><V78/><F78/><W57/><G57/><T91/><D129/><U75/><E75/><V133/><F133/><W74/><G114/><T7/><D7/><U25/><E103/><V28/><F28/><W80/><G6/><T60/><D126/><U99/><E121/><V23/><REACH who="2" step="1"/><F102/><REACH who="2" ten="314,120,292,264" step="2"/><W96/><G77/><T14/><D100/><U9/><E69/><V112/><F112/><W73/><G0/><T65/><D123/><U93/><E43/><V67/><F67/><W132/><G64/><T120/><D122/><U13/><REACH who="1" step="1"/><E51/><REACH who="1" ten="314,110,292,264" step="2"/><V115/><F115/><W118/><G118/><T134/><D50/><U98/><E98/><V11/><F11/><W36/><G96/><T108/><D120/><U33/><E33/><V130/><F130/><W32/><G32/><T21/><D134/><U38/><E38/><V62/><F62/><W37/><G63/><T89/><D60/><U8/><E8/><V53/><F53/><W101/><G37/><T71/><D108/><U125/><E125/><V113/><F113/><W83/><G39/><T127/><D71/><U10/><E10/><V27/><F27/><W15/><G36/><T76/><D127/><U44/><E44/><AGARI ba="1,2" hai="20,22,23,24,31,34,41,44,49,86,88,92,105,107" machi="44" ten="40,7700,0" yaku="1,1,54,1,53,1" doraHai="95" doraHaiUra="90" who="2" fromWho="1" sc="314,0,110,-80,292,100,264,0" /><INIT seed="6,2,0,4,4,66" ten="314,30,392,264" oya="2" hai0="35,21,20,72,118,69,94,77,87,17,58,52,2" hai1="11,133,25,98,43,93,12,112,47,42,102,19,120" hai2="16,71,5,92,55,65,99,95,119,61,75,41,122" hai3="103,27,135,1,131,108,84,113,80,62,88,57,100"/><V32/><F119/><W96/><G1/><T44/><D118/><U110/><E110/><V9/><F122/><W73/><G108/><T70/><D35/><U29/><E112/><V121/><F121/><W90/><G27/><T68/><D2/><U50/><E133/><V109/><F109/><W78/><G57/><T26/><D44/><U82/><E120/><V111/><F111/><W83/><G62/><T7/><D7/><U64/><E82/><V14/><F75/><W115/><G135/><T37/><D37/><U22/><REACH who="1" step="1"/><E64/><REACH who="1" ten="314,20,392,264" step="2"/><V39/><F65/><W0/><G131/><T36/><D72/><U31/><E31/><V3/><F3/><W117/><G0/><T30/><D36/><U107/><E107/><V91/><F39/><W63/><G117/><T123/><D123/><U40/><AGARI ba="2,1" hai="11,12,19,22,25,29,40,42,43,47,50,93,98,102" machi="40" ten="20,5200,0" yaku="1,1,0,1,7,1,8,1,53,0" doraHai="66" doraHaiUra="81" who="1" fromWho="1" sc="314,-15,20,68,392,-28,264,-15" /><INIT seed="7,0,0,3,5,3" ten="299,88,364,249" oya="3" hai0="72,8,11,40,32,90,106,129,89,74,86,65,43" hai1="103,100,118,70,83,84,109,49,10,85,17,127,107" hai2="23,1,18,128,79,111,31,96,126,120,92,93,48" hai3="98,67,6,133,105,113,63,29,30,116,81,46,36"/><W5/><G116/><T14/><D106/><U12/><E109/><V121/><F111/><W97/><G113/><T2/><D32/><U69/><E118/><V37/><F37/><W112/><G112/><T117/><D117/><U115/><E115/><V61/><F1/><W131/><G131/><T99/><D2/><U114/><E114/><V88/><F128/><W28/><G133/><T47/><D129/><U35/><E35/><V24/><F126/><W21/><G81/><T19/><D8/><U44/><E85/><N who="2" m="52239" /><F79/><W71/><G21/><T59/><D74/><U58/><E58/><V20/><F48/><W134/><G134/><T102/><D72/><U78/><E127/><V77/><F61/><W51/><G36/><T91/><D86/><U0/><E107/><V62/><F62/><W130/><G130/><T108/><D108/><U33/><E33/><N who="2" m="20711" /><F18/><W125/><G125/><T124/><D124/><U64/><E64/><V34/><F77/><W16/><G16/><T101/><D99/><U82/><E0/><V42/><F34/><W39/><G39/><T94/><D94/><U80/><E80/><V132/><F132/><W45/><G45/><T68/><D68/><U73/><E70/><V75/><F75/><W52/><REACH who="3" step="1"/><G105/><REACH who="3" ten="299,88,364,239" step="2"/><T13/><D47/><U4/><E17/><V123/><F23/><W122/><G122/><T15/><D19/><U104/><E104/><V38/><F20/><W95/><G95/><T53/><D11/><U27/><E27/><V60/><F123/><W135/><G135/><T26/><D26/><U50/><E44/><V66/><F121/><RYUUKYOKU ba="0,1" sc="299,-10,88,-10,364,-10,239,30" hai3="5,6,28,29,30,46,51,52,63,67,71,97,98" /><INIT seed="7,1,1,0,0,21" ten="289,78,354,269" oya="3" hai0="5,15,26,77,35,93,51,30,53,135,57,72,78" hai1="2,33,129,83,102,45,122,74,9,116,11,88,14" hai2="113,132,34,112,91,71,121,43,70,81,22,96,3" hai3="13,41,27,66,7,59,76,79,107,108,101,46,10"/><W62/><G108/><T103/><D135/><U84/><E122/><V38/><F34/><W99/><REACH who="3" step="1"/><G27/><REACH who="3" ten="289,78,354,259" step="2"/><T94/><D72/><U90/><E116/><V75/><F132/><W98/><G98/><T85/><D103/><U4/><E129/><V73/><F121/><W133/><G133/><T65/><D65/><U80/><E102/><V0/><F96/><W117/><G117/><T110/><D110/><U106/><E106/><V1/><F75/><W6/><G6/><T86/><D85/><U17/><E33/><V25/><F73/><W104/><G104/><T119/><D119/><U31/><E31/><N who="2" m="17847" /><F38/><AGARI ba="1,2" hai="7,10,13,38,41,46,59,62,66,76,79,99,101,107" machi="38" ten="30,2900,0" yaku="1,1,7,1,53,0" doraHai="21" doraHaiUra="127" who="3" fromWho="2" sc="289,0,78,0,354,-32,259,52" /><INIT seed="7,2,0,1,0,95" ten="289,78,322,311" oya="3" hai0="73,100,99,75,42,35,26,34,56,70,134,84,39" hai1="67,91,103,83,125,104,127,81,25,12,40,21,94" hai2="38,11,50,133,121,18,1,62,3,2,87,112,116" hai3="98,88,129,128,59,51,47,72,37,65,48,118,122"/><W123/><G72/><T0/><D70/><U90/><E40/><V114/><F116/><W19/><G19/><T135/><D0/><U69/><E12/><N who="2" m="7455" /><F133/><N who="0" m="50698" /><D84/><N who="1" m="50447" /><E21/><V33/><F38/><W77/><G77/><T17/><D56/><U54/><E25/><V106/><F121/><N who="3" m="46091" /><G98/><T109/><D109/><U4/><E4/><V120/><F120/><W20/><G88/><T96/><D17/><U16/><E16/><V76/><F106/><W31/><G31/><N who="0" m="19831" /><D35/><U108/><E108/><V41/><F33/><W105/><G105/><N who="0" m="63623" /><D99/><N who="1" m="61567" /><E69/><V117/><F117/><W107/><G107/><T64/><D64/><U44/><E67/><V132/><F132/><W80/><G80/><T63/><D63/><U85/><E44/><AGARI ba="2,0" hai="39,42,44,73,75" m="63623,19831,50698" machi="44" ten="30,3900,0" yaku="20,1,23,1,52,1" doraHai="95" who="0" fromWho="1" sc="289,45,78,-45,322,0,311,0" owari="334,43.4,33,-46.7,322,12.2,311,-8.9" /></mjloggm>