<mjloggm ver="2.3"><GO type="169" lobby="0"/><UN n0="%67%63%40%E6%BF%80%E8%BE%9B" n1="%E3%81%8D%E3%82%83%E3%83%BC%E3%82%8D%E3%82%93" n2="%6D%61%6A%75%6E%69%61" n3="%E4%BE%8D" dan="18,16,16,18" rate="2192.29,2126.09,2125.45,2260.53" sx="M,M,M,M"/><TAIKYOKU oya="0"/><INIT seed="0,0,0,4,5,85" ten="250,250,250,250" oya="0" hai0="67,59,120,135,70,33,17,68,130,45,26,7,36" hai1="5,132,102,100,69,99,22,121,11,48,84,80,1" hai2="127,37,112,21,118,126,72,40,78,4,41,51,57" hai3="108,13,52,27,95,34,73,32,101,18,38,76,46"/><T128/><D120/><U3/><E121/><V82/><F118/><W96/><G108/><T10/><D135/><U43/><E132/><V134/><F134/><W98/><G27/><T64/><D36/><U60/><E3/><V94/><F112/><W16/><G18/><T87/><D45/><U83/><E83/><V6/><F21/><W44/><G44/><T53/><D17/><U92/><E43/><V117/><F117/><W58/><G76/><T23/><D23/><U113/><E48/><V122/><F122/><W62/><G73/><T24/><D87/><U90/><E113/><V110/><F110/><W115/><G115/><T119/><D119/><U86/><E86/><V133/><F133/><W42/><REACH who="3" step="1"/><G96/><REACH who="3" ten="250,250,250,240" step="2"/><T31/><D26/><U39/><E22/><AGARI ba="0,1" hai="13,16,22,32,34,38,42,46,52,58,62,95,98,101" machi="22" ten="30,8000,1" yaku="1,1,2,1,7,1,54,2,53,0" doraHai="85" doraHaiUra="116" who="3" fromWho="1" sc="250,0,250,-80,250,0,240,90" /><INIT seed="1,0,0,4,2,101" ten="250,170,250,330" oya="1" hai0="45,119,126,110,73,87,50,96,52,105,47,44,42" hai1="27,61,130,19,111,89,37,55,106,71,25,5,66" hai2="16,76,128,1,120,39,103,13,99,134,72,118,7" hai3="69,97,12,122,75,51,17,102,30,31,34,33,84"/><U23/><E130/><V94/><F128/><W127/><G75/><T81/><D73/><U26/><E37/><V90/><F120/><W100/><G69/><T60/><D119/><U83/><E111/><V54/><F118/><W112/><G112/><T114/><D114/><U2/><E55/><V24/><F134/><W70/><G70/><T109/><D126/><U95/><E83/><V116/><F116/><W22/><G122/><T4/><D4/><U65/><E65/><V123/><F123/><W32/><G127/><T91/><D60/><U14/><E2/><V56/><F39/><W129/><G129/><T6/><D6/><U86/><REACH who="1" step="1"/><E5/><REACH who="1" ten="250,160,250,330" step="2"/><V107/><F7/><W117/><G117/><T59/><REACH who="0" step="1"/><D42/><REACH who="0" ten="240,160,250,330" step="2"/><U11/><E11/><V38/><F1/><W58/><G34/><T121/><D121/><U57/><E57/><V3/><F3/><W88/><G33/><T20/><D20/><U35/><E35/><V0/><F0/><W125/><G32/><T43/><D43/><U8/><E8/><V115/><F56/><W46/><G58/><T67/><D67/><U41/><E41/><V92/><F115/><W82/><G125/><T74/><D74/><U29/><E29/><V40/><F40/><N who="3" m="25031" /><G30/><T108/><D108/><U36/><E36/><V62/><F38/><W78/><G31/><T85/><D85/><U68/><E68/><V18/><F72/><W93/><AGARI ba="0,2" hai="12,17,22,78,82,84,88,93,97,100,102" m="25031" machi="93" ten="30,2000,0" yaku="8,1,54,1" doraHai="101" who="3" fromWho="3" sc="240,-5,160,-10,250,-5,330,40" /><INIT seed="2,0,0,3,5,62" ten="235,150,245,370" oya="2" hai0="128,3,92,69,131,90,125,104,53,95,21,119,2" hai1="38,94,135,98,37,114,132,45,82,55,129,65,118" hai2="27,51,61,77,24,23,64,70,26,107,99,102,52" hai3="134,72,36,43,83,54,46,16,35,86,4,19,91"/><V1/><F1/><W59/><G134/><N who="1" m="51242" /><E114/><V100/><F100/><W33/><G4/><T101/><D69/><U9/><E118/><V49/><F77/><W40/><G40/><T89/><D53/><U116/><E116/><V127/><F127/><W126/><G126/><T122/><D125/><U130/><E9/><V41/><F41/><W76/><G35/><T18/><D119/><U28/><E28/><V50/><REACH who="2" step="1"/><F23/><REACH who="2" ten="235,150,235,370" step="2"/><W103/><G103/><T110/><D101/><N who="1" m="60631" /><E130/><V111/><F111/><W56/><G33/><T60/><D110/><U123/><E129/><V34/><F34/><W32/><G32/><T13/><D3/><U124/><E124/><V73/><F73/><W20/><G20/><T30/><D2/><U15/><E123/><V71/><F71/><W67/><G76/><T58/><D122/><U80/><E38/><V6/><F6/><W87/><G72/><T39/><D39/><U68/><E68/><V42/><F42/><W44/><G43/><T48/><D128/><U112/><E37/><V22/><F22/><W81/><G36/><T79/><D131/><U12/><E112/><V10/><F10/><W63/><G91/><T25/><D79/><U106/><E106/><V5/><F5/><W113/><G113/><T88/><D104/><U31/><E31/><V8/><F8/><W133/><G133/><T97/><D97/><U105/><E105/><V115/><F115/><W57/><G19/><T11/><D95/><U17/><E17/><V47/><AGARI ba="0,1" hai="24,26,27,47,49,50,51,52,61,64,70,99,102,107" machi="47" ten="30,12000,1" yaku="1,1,0,1,52,1,54,1,53,1" doraHai="62" doraHaiUra="93" who="2" fromWho="2" sc="235,-40,150,-40,235,130,370,-40" /><INIT seed="2,1,0,2,1,87" ten="195,110,365,330" oya="2" hai0="1,35,126,82,67,69,8,7,116,75,113,93,110" hai1="74,41,103,125,20,66,89,102,77,72,57,135,133" hai2="42,78,99,127,96,51,128,24,34,28,39,73,114" hai3="49,100,104,108,123,54,45,118,10,85,46,12,131"/><V18/><F114/><W97/><G118/><T130/><RYUUKYOKU type="yao9" ba="1,0" sc="195,0,110,0,365,0,330,0" hai0="1,7,8,35,67,69,75,82,93,110,113,116,126,130" /><INIT seed="2,2,0,1,5,15" ten="195,110,365,330" oya="2" hai0="98,38,133,59,111,85,41,25,36,23,60,35,72" hai1="116,117,63,28,110,42,16,55,68,103,127,52,84" hai2="37,94,33,125,129,112,27,87,64,24,78,99,121" hai3="76,122,97,11,12,105,83,53,45,22,89,58,54"/><V119/><F112/><W8/><G122/><T115/><D115/><U82/><E110/><V26/><F119/><W46/><G22/><T102/><D72/><U71/><E127/><V6/><F121/><W65/><G65/><T108/><D35/><U30/><E103/><V135/><F37/><W34/><G34/><T123/><D133/><U73/><E73/><V5/><F125/><W4/><G8/><T7/><D7/><U3/><E3/><V77/><F33/><W10/><G10/><T1/><D85/><U96/><E96/><V109/><F109/><N who="0" m="42058" /><D41/><U29/><E42/><V86/><F135/><W74/><G54/><N who="0" m="33911" /><D1/><U106/><E106/><V107/><F129/><W20/><G20/><T79/><D79/><N who="2" m="30218" /><F64/><W101/><REACH who="3" step="1"/><G89/><REACH who="3" ten="195,110,365,320" step="2"/><T49/><D123/><U132/><E132/><V61/><F5/><W130/><G130/><T19/><D49/><AGARI ba="2,1" hai="4,11,12,45,46,49,53,58,74,76,83,97,101,105" machi="49" ten="30,3900,0" yaku="1,1,7,1,53,1" doraHai="15" doraHaiUra="93" who="3" fromWho="0" sc="195,-45,110,0,365,0,320,55" /><INIT seed="3,0,0,3,4,72" ten="150,110,365,375" oya="3" hai0="30,79,120,47,121,87,118,5,53,66,49,43,21" hai1="35,17,105,29,95,40,1,107,100,86,76,28,70" hai2="24,117,63,127,114,132,85,38,62,97,116,25,16" hai3="122,71,65,12,58,50,131,56,4,27,78,46,92"/><W42/><G122/><T90/><D118/><U80/><E70/><V41/><F114/><W37/><G131/><T103/><D103/><U134/><E1/><V96/><F41/><W2/><G2/><T68/><D5/><U112/><E112/><V126/><F38/><W36/><G27/><T135/><D135/><U13/><E134/><V15/><F85/><W23/><G92/><T113/><D113/><U6/><E6/><V26/><F132/><W55/><G23/><T128/><D128/><U133/><E133/><V60/><F15/><W51/><G78/><T123/><D30/><U124/><E124/><N who="2" m="47659" /><F16/><W74/><G74/><T75/><D21/><U14/><E40/><V22/><F22/><W54/><G12/><T20/><D20/><N who="1" m="11311" /><E107/><V0/><F0/><W108/><G4/><T99/><D99/><AGARI ba="0,0" hai="24,25,26,60,62,63,96,97,99,116,117" m="47659" machi="99" ten="40,8000,1" yaku="28,2,26,2,18,1" doraHai="72" who="2" fromWho="0" sc="150,-80,110,0,365,80,375,0" /><INIT seed="4,0,0,5,5,53" ten="70,110,445,375" oya="0" hai0="30,108,36,70,7,101,105,112,55,11,37,43,97" hai1="16,38,35,49,126,111,129,32,86,91,119,135,40" hai2="28,104,58,56,107,50,54,114,106,48,133,81,1" hai3="84,77,19,79,82,124,78,33,93,25,103,95,67"/><T117/><D117/><U18/><E111/><V34/><F1/><W130/><G33/><T41/><D112/><U66/><E119/><V94/><F114/><W68/><G68/><T60/><D108/><U39/><E126/><V12/><F133/><W118/><G118/><T123/><D123/><U6/><E135/><V75/><F94/><W76/><G67/><T98/><D30/><U96/><E96/><V0/><F0/><W120/><G19/><T14/><D98/><U64/><E86/><V59/><F12/><W88/><G25/><T115/><D115/><U13/><E49/><V10/><F10/><W23/><G23/><T132/><D132/><U27/><E40/><V9/><F9/><W125/><G120/><T110/><D110/><U92/><E92/><N who="3" m="35402" /><G130/><T21/><D21/><U57/><E27/><V69/><F69/><W65/><G65/><T61/><D61/><U102/><E13/><V45/><F48/><W24/><G24/><T89/><D89/><U29/><E29/><V73/><F81/><N who="3" m="49167" /><G103/><T20/><D20/><U52/><E102/><V80/><F80/><W62/><G62/><T100/><D100/><U26/><E26/><V46/><F46/><W87/><AGARI ba="0,0" hai="76,77,78,79,82,87,124,125" m="49167,35402" machi="87" ten="30,4000,0" yaku="34,2,54,1" doraHai="53" who="3" fromWho="3" sc="70,-20,110,-10,445,-10,375,40" /><INIT seed="5,0,0,3,1,105" ten="50,100,435,415" oya="1" hai0="36,69,64,50,65,104,71,24,131,108,119,32,103" hai1="40,14,81,98,4,7,54,134,93,20,18,31,19" hai2="11,77,6,28,62,37,124,76,95,17,90,122,58" hai3="109,13,82,2,116,111,8,26,79,100,61,39,97"/><U132/><E40/><V56/><F122/><W25/><G116/><T106/><D103/><U53/><E31/><V45/><F124/><W44/><G61/><T74/><D50/><U135/><E81/><V9/><F28/><W88/><G2/><T107/><D108/><U99/><E93/><V16/><F37/><W89/><G25/><T102/><D102/><U15/><E132/><V23/><F45/><W101/><G101/><T67/><D119/><U84/><E20/><V127/><F127/><W3/><G26/><T52/><D36/><U72/><E84/><N who="2" m="52679" /><F6/><W30/><G30/><T83/><D24/><U47/><E47/><V34/><F34/><W46/><G3/><T66/><N who="0" m="16384" /><DORA hai="120" /><T86/><D32/><U115/><E115/><V126/><F126/><W75/><G46/><T51/><D74/><AGARI ba="0,0" hai="4,7,14,15,18,19,53,54,72,74,98,99,134,135" machi="74" ten="25,9600,0" yaku="22,2,52,2" doraHai="105,120" who="1" fromWho="0" sc="50,-96,100,96,435,0,415,0" owari="-46,-54.6,196,-20.4,435,53.5,415,21.5" /></mjloggm>