<mjloggm ver="2.3"><GO type="169" lobby="0"/><UN n0="%E3%83%A2%E3%82%A4%E3%83%92%E3%83%A3%E3%83%B3" n1="%E3%80%93%E6%96%B0%E5%AD%90%E6%86%A7%E3%80%93" n2="%E3%80%90%E7%BD%AA%E6%AD%8C%E3%80%91" n3="%6D%61%6A%75%6E%69%61" dan="17,16,18,16" rate="2137.00,2109.75,2263.98,2126.62" sx="M,F,M,M"/><TAIKYOKU oya="0"/><INIT seed="0,0,0,5,3,60" ten="250,250,250,250" oya="0" hai0="64,5,52,44,107,82,126,89,110,76,33,2,24" hai1="101,54,48,83,78,8,63,15,127,132,98,125,124" hai2="112,29,45,92,128,51,119,58,135,91,80,31,37" hai3="95,86,121,115,9,0,123,71,21,109,47,7,100"/><T6/><D107/><U77/><E132/><V84/><F112/><W129/><G115/><T59/><D126/><U88/><E63/><V20/><F135/><W74/><G74/><T94/><D2/><U40/><E40/><V73/><F128/><W111/><G129/><T105/><D105/><U34/><E34/><V13/><F37/><W62/><G47/><T65/><D44/><N who="1" m="27911" /><E101/><V11/><F119/><W57/><G71/><T18/><D110/><N who="3" m="41993" /><G21/><N who="0" m="13367" /><D33/><U87/><E98/><V130/><F130/><W41/><G41/><T131/><D131/><U36/><E36/><V35/><F35/><W85/><G100/><T67/><D82/><U79/><E79/><V49/><F20/><W12/><G0/><T97/><D76/><U3/><E3/><V16/><F73/><W66/><G95/><T117/><D117/><U75/><E75/><V4/><F4/><AGARI ba="0,0" hai="4,8,15,77,78,83,87,88,124,125,127" m="27911" machi="4" ten="30,2000,0" yaku="18,1,54,1" doraHai="60" who="1" fromWho="2" sc="250,0,250,20,250,-20,250,0" /><INIT seed="1,0,0,3,1,107" ten="250,270,230,250" oya="1" hai0="14,118,62,39,11,105,108,82,5,58,56,94,51" hai1="90,47,106,28,48,37,21,112,79,35,126,41,71" hai2="6,16,98,59,7,40,0,42,134,75,17,10,101" hai3="123,115,18,135,70,45,9,86,57,76,93,122,23"/><U92/><E112/><V87/><F134/><W114/><G70/><T81/><D105/><U130/><E106/><V124/><F124/><W128/><G135/><T68/><D39/><U29/><E126/><V8/><F87/><W85/><G9/><T26/><D68/><U64/><E130/><V132/><F132/><W73/><G128/><T52/><D108/><U129/><E129/><V95/><F75/><W120/><G57/><T19/><D118/><U80/><E35/><V99/><F59/><W83/><G45/><T61/><D94/><U33/><E33/><V74/><F74/><W96/><G115/><T97/><D97/><U20/><E37/><V65/><F65/><W109/><G109/><T78/><D78/><U27/><E64/><V125/><F125/><W43/><G43/><T102/><D102/><U103/><E103/><V119/><F119/><W2/><G2/><T67/><REACH who="0" step="1"/><D62/><REACH who="0" ten="240,270,230,250" step="2"/><U25/><E71/><V22/><F99/><W1/><G114/><T36/><D36/><U100/><E100/><V88/><F101/><W63/><G63/><T49/><D49/><U116/><E116/><V113/><F113/><W30/><G122/><T110/><D110/><U44/><E48/><V69/><F69/><W133/><G123/><T117/><D117/><U104/><E104/><V60/><F60/><W77/><G77/><T89/><D89/><U13/><E92/><V131/><F131/><W12/><G93/><T55/><D55/><U121/><E90/><V50/><F50/><W24/><G120/><T15/><D15/><U72/><E121/><V46/><F95/><RYUUKYOKU ba="0,1" sc="240,30,270,-10,230,-10,250,-10" hai0="5,11,14,19,26,51,52,56,58,61,67,81,82" /><INIT seed="2,1,1,0,0,15" ten="270,260,220,240" oya="2" hai0="30,113,117,21,96,2,63,99,37,24,39,93,10" hai1="35,79,74,114,58,44,85,130,78,70,50,106,22" hai2="54,13,68,33,6,71,103,125,101,131,4,34,107" hai3="20,73,41,100,133,88,75,94,3,28,76,55,51"/><V109/><F107/><W48/><G3/><T36/><D113/><U119/><E70/><V52/><F13/><W64/><G133/><T61/><D117/><U86/><E35/><V97/><F97/><W111/><G111/><T18/><D96/><U62/><E106/><V124/><REACH who="2" step="1"/><F109/><REACH who="2" ten="270,260,210,240" step="2"/><W98/><G98/><T0/><D0/><U11/><E114/><V8/><F8/><W132/><G132/><T95/><D2/><U7/><E11/><V56/><F56/><W126/><G126/><T123/><D99/><U82/><E58/><V43/><F43/><W16/><G41/><T27/><D10/><U104/><E104/><V134/><F134/><W69/><G69/><T129/><D123/><U77/><E119/><V12/><F12/><W65/><G100/><T60/><REACH who="0" step="1"/><D129/><AGARI ba="1,2" hai="4,6,33,34,52,54,68,71,101,103,124,125,129,131" machi="129" ten="25,9600,0" yaku="1,1,22,2,54,1,53,0" doraHai="15" doraHaiUra="47" who="2" fromWho="0" sc="270,-99,260,0,210,119,240,0" /><INIT seed="2,2,0,4,4,108" ten="171,260,329,240" oya="2" hai0="15,95,61,110,84,35,2,31,45,9,104,93,39" hai1="10,16,126,7,28,42,75,13,73,22,92,99,82" hai2="127,94,46,19,112,11,48,43,132,125,59,47,38" hai3="81,65,68,124,41,130,113,4,117,66,55,34,106"/><V57/><F94/><W23/><G117/><T79/><D104/><U62/><E126/><N who="2" m="48139" /><F19/><W27/><G124/><T12/><D110/><U67/><E42/><N who="2" m="22871" /><F11/><W76/><G106/><T80/><D2/><U115/><E115/><V26/><F26/><W131/><G113/><T83/><D35/><U107/><E82/><V63/><F112/><W72/><G34/><T77/><D31/><U20/><E107/><V44/><F132/><W29/><G41/><T114/><D114/><U3/><E22/><V116/><F116/><W5/><G55/><T135/><D61/><U51/><E51/><N who="2" m="27039" /><F63/><W85/><G4/><T71/><D135/><U121/><E28/><V74/><F74/><W24/><G5/><T14/><D9/><U0/><E0/><V8/><F8/><W64/><G72/><T128/><D95/><U123/><E75/><V89/><F89/><W88/><G27/><T54/><D93/><U78/><E78/><V1/><F1/><W105/><G105/><T60/><D79/><U133/><E73/><V58/><F47/><W100/><G76/><T50/><D83/><U109/><E133/><V40/><F40/><W32/><G100/><T101/><D101/><U37/><E109/><V30/><F30/><W6/><G6/><T102/><D102/><N who="1" m="60775" /><E37/><V87/><F87/><W120/><G32/><T18/><D39/><U36/><E36/><V21/><F21/><W17/><G29/><T111/><D111/><U118/><E118/><V103/><F103/><W69/><REACH who="3" step="1"/><G120/><REACH who="3" ten="171,260,329,230" step="2"/><T97/><D77/><U52/><E123/><V25/><F25/><W49/><G49/><AGARI ba="2,1" hai="48,49,57,58,59" m="27039,22871,48139" machi="49" ten="30,11600,0" yaku="6,1,18,1,34,2" doraHai="108" who="2" fromWho="3" sc="171,0,260,0,329,132,230,-122" /><INIT seed="2,3,0,5,5,9" ten="171,260,461,108" oya="2" hai0="61,62,127,135,123,78,43,133,60,23,14,37,112" hai1="79,33,128,34,17,83,22,6,63,96,89,107,125" hai2="103,11,119,15,86,115,58,47,52,7,44,93,42" hai3="53,132,16,106,67,56,108,18,84,104,4,100,46"/><V85/><F115/><W92/><G108/><T57/><D112/><U116/><E116/><V28/><F119/><W117/><G117/><T121/><D78/><U134/><E134/><N who="0" m="51209" /><D127/><U80/><E125/><V97/><F28/><W41/><G132/><T12/><D57/><U66/><E128/><V77/><F77/><W54/><G4/><T0/><D0/><U131/><E6/><V39/><REACH who="2" step="1"/><F47/><REACH who="2" ten="171,260,451,108" step="2"/><W3/><G46/><N who="0" m="23919" /><D23/><U72/><E79/><V110/><F110/><W8/><G106/><T101/><D101/><U51/><E107/><V75/><F75/><W124/><G100/><T102/><D102/><U25/><E72/><V40/><F40/><W105/><G41/><T70/><D70/><U55/><E131/><V129/><F129/><W71/><G105/><T82/><D82/><U30/><E83/><V48/><AGARI ba="3,1" hai="7,11,15,39,42,44,48,52,58,85,86,93,97,103" machi="48" ten="20,12000,1" yaku="1,1,0,1,7,1,52,1,54,1,53,0" doraHai="9" doraHaiUra="26" who="2" fromWho="2" sc="171,-43,260,-43,451,139,108,-43" /><INIT seed="2,4,0,0,3,51" ten="128,217,590,65" oya="2" hai0="21,2,63,37,55,6,112,5,48,103,45,81,115" hai1="80,88,123,109,84,128,4,93,34,22,89,65,126" hai2="56,135,67,77,16,78,104,41,7,49,62,33,9" hai3="13,120,59,113,105,39,0,72,90,20,68,30,118"/><V29/><F104/><W91/><G118/><T125/><D125/><U110/><E34/><V86/><F135/><W53/><G120/><T60/><D115/><U40/><E40/><V114/><F114/><W28/><G68/><T58/><D112/><U66/><E123/><V117/><F117/><W1/><G39/><T99/><D2/><U44/><E126/><V42/><F33/><W10/><G72/><T46/><D37/><U75/><E128/><V47/><F29/><N who="3" m="11371" /><G0/><T97/><D97/><U111/><E4/><V19/><F42/><W32/><G32/><T26/><D81/><U106/><E106/><V124/><F124/><W107/><G105/><T82/><D82/><U98/><E75/><V127/><F127/><W12/><G107/><T132/><D132/><U23/><REACH who="1" step="1"/><E44/><REACH who="1" ten="128,207,590,65" step="2"/><N who="0" m="17001" /><D6/><U38/><E38/><V108/><F108/><W70/><G113/><T134/><D5/><U57/><E57/><V94/><F7/><N who="3" m="3167" /><G70/><T79/><D134/><U71/><E71/><V36/><F36/><W54/><G1/><T129/><D129/><U15/><E15/><V43/><F43/><W8/><G59/><T101/><D58/><U73/><E73/><V3/><F3/><W52/><G20/><AGARI ba="4,1" hai="20,22,23,65,66,80,84,88,89,93,98,109,110,111" machi="20" ten="40,5200,0" yaku="1,1,14,1,54,1,53,0" doraHai="51" doraHaiUra="14" who="1" fromWho="3" sc="128,0,207,74,590,0,65,-64" /><INIT seed="3,0,0,0,4,21" ten="128,281,590,1" oya="3" hai0="108,64,4,22,27,15,133,114,71,37,81,102,106" hai1="131,69,90,132,38,40,83,77,45,98,43,73,30" hai2="41,0,130,76,53,74,66,103,125,95,68,12,34" hai3="124,101,6,92,11,123,57,20,13,121,91,9,51"/><W32/><G124/><T135/><D37/><U62/><E40/><V55/><F0/><W82/><G32/><T112/><D108/><U49/><E131/><V19/><F34/><W70/><G70/><T96/><D81/><U104/><E132/><N who="0" m="50761" /><D64/><N who="1" m="41111" /><E49/><V33/><F33/><W65/><G121/><T87/><D87/><U16/><E16/><V100/><F66/><W25/><G9/><N who="0" m="4519" /><D71/><U17/><E17/><AGARI ba="0,0" hai="17,22,27,96,102,106,112,114" m="4519,50761" machi="17" ten="30,2000,0" yaku="20,1,52,1" doraHai="21" who="0" fromWho="1" sc="128,20,281,-20,590,0,1,0" /><INIT seed="4,0,0,4,3,61" ten="148,261,590,1" oya="0" hai0="65,121,60,135,107,111,36,19,53,92,62,35,0" hai1="18,32,11,93,47,88,131,44,114,6,109,100,125" hai2="56,130,27,46,38,14,67,12,120,71,83,2,16" hai3="20,72,133,117,5,8,31,26,76,118,51,29,79"/><T132/><D121/><U37/><E109/><V112/><F120/><W68/><G72/><T52/><D107/><U124/><E131/><V40/><F2/><W59/><G68/><T103/><D36/><U75/><E32/><V45/><F71/><W49/><G31/><T42/><D42/><U86/><E75/><V33/><F45/><W89/><G133/><N who="0" m="51275" /><D0/><U43/><E114/><V13/><F112/><W39/><G39/><T105/><D105/><U119/><E119/><V22/><F130/><W94/><G117/><T34/><D19/><U80/><E44/><V55/><F67/><W21/><G118/><T127/><D111/><U102/><E18/><V84/><F33/><N who="0" m="12298" /><D62/><U64/><E37/><V123/><F123/><W4/><G21/><T24/><D24/><U85/><E43/><V73/><F73/><W9/><G5/><T17/><D17/><U126/><E6/><V78/><F27/><W3/><G9/><T134/><D134/><U113/><E11/><V23/><F23/><W48/><G59/><N who="0" m="37023" /><D127/><U97/><E64/><V95/><F95/><W96/><AGARI ba="0,0" hai="3,4,8,20,26,29,48,49,51,76,79,89,94,96" machi="96" ten="30,1100,0" yaku="0,1" doraHai="61" who="3" fromWho="3" sc="148,-5,261,-3,590,-3,1,11" /><INIT seed="5,0,0,1,1,124" ten="143,258,587,12" oya="1" hai0="127,128,47,52,122,62,131,3,112,48,118,63,27" hai1="35,8,120,58,22,53,50,18,92,37,125,41,57" hai2="97,65,12,16,96,59,79,54,89,30,132,31,67" hai3="21,29,28,91,43,103,42,49,74,121,72,2,82"/><U25/><E120/><V20/><F132/><W13/><G121/><T15/><D3/><U77/><E125/><V26/><F79/><W84/><G2/><T114/><D122/><U68/><E68/><V95/><F97/><W60/><G103/><T78/><D127/><U36/><E35/><V56/><F31/><W66/><G74/><T0/><D0/><U33/><E33/><V46/><F46/><W102/><G72/><T117/><D78/><U5/><E41/><V32/><F59/><W115/><G102/><T113/><D15/><N who="1" m="5519" /><E37/><V106/><F106/><W61/><G115/><T9/><D27/><U71/><E71/><V23/><F32/><W85/><G13/><T14/><D14/><U105/><E105/><V6/><F6/><W55/><G84/><T110/><D9/><U100/><E36/><V10/><F10/><W24/><G29/><T123/><D123/><U116/><E116/><N who="0" m="44649" /><D110/><U99/><E77/><V109/><F109/><W76/><G76/><T130/><AGARI ba="0,0" hai="47,48,52,62,63,112,113,114,128,130,131" m="44649" machi="130" ten="50,16000,3" yaku="15,1,19,1,34,2,52,3,54,1" doraHai="124" who="0" fromWho="0" sc="143,160,258,-80,587,-40,12,-40" owari="303,10.3,178,-22.2,547,64.7,-28,-52.8" /></mjloggm>