<mjloggm ver="2.3"><GO type="169" lobby="0"/><UN n0="%E4%BE%8D" n1="%E3%81%8B%E3%81%B6%E8%8C%B6" n2="%E6%84%9A%E5%85%84%E3%81%8C%E6%84%9A%E5%BD%A2" n3="%4A%49%4D" dan="18,17,16,18" rate="2247.33,2160.38,2114.15,2234.15" sx="M,M,M,F"/><TAIKYOKU oya="0"/><INIT seed="0,0,0,1,3,83" ten="250,250,250,250" oya="0" hai0="125,76,51,15,35,23,75,59,89,93,20,53,66" hai1="55,68,26,132,97,50,113,80,123,119,32,121,19" hai2="127,48,45,116,124,106,13,27,29,95,18,38,16" hai3="99,43,11,87,115,44,6,104,14,102,111,81,39"/><T47/><D35/><U101/><E119/><V133/><F106/><W103/><G103/><T22/><D125/><N who="2" m="48202" /><F133/><W70/><G70/><T112/><D112/><U17/><E68/><V65/><F65/><W134/><G111/><T30/><D75/><U60/><E132/><V128/><F38/><W88/><REACH who="3" step="1"/><G134/><REACH who="3" ten="250,250,250,240" step="2"/><T100/><D100/><U105/><E101/><V54/><F116/><W109/><G109/><T67/><D76/><U74/><E113/><AGARI ba="0,1" hai="6,11,14,39,43,44,81,87,88,99,102,104,113,115" machi="113" ten="40,5200,0" yaku="1,1,52,1,54,1,53,0" doraHai="83" doraHaiUra="31" who="3" fromWho="1" sc="250,0,250,-52,250,0,240,62" /><INIT seed="1,0,0,1,5,57" ten="250,198,250,302" oya="1" hai0="98,112,32,90,64,58,127,28,39,29,1,84,83" hai1="33,79,117,106,25,82,120,47,53,49,42,17,65" hai2="12,27,63,134,37,26,76,41,81,133,114,18,50" hai3="46,101,23,78,34,40,68,116,31,131,55,52,108"/><U19/><E117/><V77/><F37/><W118/><G34/><T24/><D112/><U56/><E120/><V5/><F5/><W35/><G35/><T10/><D39/><U38/><E106/><V129/><F129/><W69/><G101/><T60/><D127/><U43/><E43/><V122/><F122/><W105/><G105/><T119/><D119/><N who="3" m="45609" /><G78/><T87/><D29/><U89/><E89/><V100/><F100/><W6/><G6/><T88/><D98/><U72/><REACH who="1" step="1"/><E65/><REACH who="1" ten="250,188,250,302" step="2"/><V8/><F41/><W80/><G40/><T51/><D1/><U73/><E73/><V86/><F76/><W13/><G131/><T20/><D90/><U36/><E36/><V54/><F114/><W107/><G107/><T4/><D87/><U111/><E111/><V103/><F103/><W92/><G108/><T85/><D85/><U121/><E121/><V93/><F133/><W14/><G55/><T102/><D102/><U97/><E97/><V128/><F134/><W125/><G52/><T59/><D88/><U109/><E109/><V99/><F128/><W67/><G67/><T15/><D84/><U61/><E61/><V11/><F63/><W7/><G125/><T115/><D115/><U132/><E132/><V66/><F66/><W96/><G96/><T71/><D51/><U95/><E95/><V22/><F93/><W130/><G92/><T70/><D70/><U74/><E74/><V104/><F99/><W3/><G69/><T2/><D83/><U30/><AGARI ba="0,1" hai="17,19,25,30,33,38,42,47,49,53,56,72,79,82" machi="30" ten="30,3000,0" yaku="1,1,0,1,53,0" doraHai="57" doraHaiUra="0" who="1" fromWho="1" sc="250,-10,188,40,250,-10,302,-10" /><INIT seed="1,1,0,2,2,122" ten="240,228,240,292" oya="1" hai0="45,63,18,117,85,15,103,67,100,135,80,73,49" hai1="118,88,64,54,11,81,133,48,14,86,105,31,91" hai2="116,71,46,53,57,23,32,44,59,50,128,41,37" hai3="77,113,21,93,2,74,127,120,5,108,98,66,1"/><U3/><E118/><V114/><F32/><W68/><G120/><T87/><D135/><U130/><E133/><V29/><F116/><W124/><G113/><T27/><D27/><U34/><E130/><V82/><F114/><W101/><G5/><T106/><D73/><U123/><E123/><V107/><F107/><W79/><G21/><T28/><D28/><U51/><E105/><V96/><F71/><W6/><G6/><T76/><D106/><U52/><E3/><V70/><F70/><W69/><G74/><T94/><D117/><U8/><E64/><V89/><F128/><W121/><G121/><T9/><D87/><N who="1" m="50287" /><E34/><V26/><REACH who="2" step="1"/><F82/><REACH who="2" ten="240,228,230,292" step="2"/><W115/><G115/><T95/><D95/><AGARI ba="1,1" hai="23,26,29,37,41,44,46,50,53,57,59,89,95,96" machi="95" ten="40,5200,0" yaku="1,1,2,1,53,1" doraHai="122" doraHaiUra="84" who="2" fromWho="0" sc="240,-55,228,0,230,65,292,0" /><INIT seed="2,0,0,0,2,42" ten="185,228,295,292" oya="2" hai0="57,82,9,128,24,6,102,27,87,78,112,111,92" hai1="58,2,68,11,4,113,109,66,105,84,99,16,89" hai2="96,15,38,134,86,3,28,39,103,43,133,83,132" hai3="1,45,71,51,0,41,17,115,31,135,74,122,79"/><V73/><F3/><W106/><G122/><T30/><D112/><U49/><E113/><V114/><F114/><W36/><G115/><T32/><D111/><U46/><E109/><V108/><F108/><W118/><G118/><T56/><D128/><U18/><E68/><V60/><F73/><W80/><G31/><T67/><D67/><U21/><E105/><V107/><F28/><W77/><G77/><T65/><D27/><U110/><E99/><V85/><F85/><W127/><G135/><T53/><D65/><U48/><E110/><V26/><F26/><W34/><G34/><T64/><D64/><U44/><E66/><V19/><F60/><W131/><G71/><T90/><D102/><U59/><E59/><V100/><F43/><W40/><G131/><T98/><REACH who="0" step="1"/><D53/><REACH who="0" ten="175,228,295,292" step="2"/><U23/><E2/><AGARI ba="0,1" hai="2,6,9,24,30,32,56,57,78,82,87,90,92,98" machi="2" ten="30,7700,0" yaku="1,1,2,1,7,1,53,1" doraHai="42" doraHaiUra="94" who="0" fromWho="1" sc="175,87,228,-77,295,0,292,0" /><INIT seed="3,0,0,3,1,13" ten="262,151,295,292" oya="3" hai0="79,27,57,64,75,39,7,96,134,25,3,115,59" hai1="12,93,113,48,128,76,102,56,34,22,91,38,50" hai2="55,21,98,89,15,114,43,100,104,30,107,5,106" hai3="118,54,108,78,131,31,81,84,9,83,42,61,117"/><W47/><G31/><T70/><D70/><U119/><E113/><V123/><F43/><W53/><G131/><T129/><D96/><U77/><E38/><V99/><F114/><W74/><G108/><T14/><D14/><U126/><E34/><V105/><F55/><W18/><G61/><T20/><D64/><U40/><E126/><V26/><F123/><W45/><G45/><T11/><D27/><U101/><E119/><V49/><F49/><W58/><G58/><T86/><D86/><N who="1" m="52471" /><E50/><V17/><F5/><W90/><G118/><T63/><D63/><U66/><E128/><V127/><F127/><W36/><REACH who="3" step="1"/><G117/><REACH who="3" ten="262,151,295,282" step="2"/><T94/><D59/><U67/><E67/><V62/><F62/><W88/><G88/><T82/><D57/><U65/><E65/><V72/><F89/><W73/><G73/><T41/><D129/><U95/><E66/><V23/><F72/><W110/><G110/><T124/><D115/><U109/><E109/><V92/><F92/><W16/><G16/><N who="0" m="12423" /><D94/><U111/><E111/><V29/><F29/><W68/><G68/><T19/><D19/><N who="1" m="10599" /><E95/><V97/><AGARI ba="0,1" hai="15,17,21,23,26,30,97,98,99,100,104,105,106,107" machi="97" ten="40,2700,0" yaku="0,1,52,1" doraHai="13" who="2" fromWho="2" sc="262,-7,151,-7,295,37,282,-13" /><INIT seed="4,0,0,3,3,52" ten="255,144,332,269" oya="0" hai0="35,79,46,70,132,77,121,80,14,54,96,103,78" hai1="56,83,122,109,99,66,25,32,27,106,20,67,90" hai2="89,51,61,10,76,128,34,104,75,3,119,86,53" hai3="5,1,130,116,48,43,29,8,133,124,117,112,58"/><T127/><D121/><U15/><E122/><V110/><F34/><W81/><G112/><T4/><D70/><U102/><E109/><V72/><F110/><W100/><G130/><T118/><D118/><U69/><E69/><V40/><F104/><W49/><G133/><T62/><D35/><U88/><E15/><V39/><F128/><W0/><G0/><T65/><D127/><U68/><E68/><V105/><F105/><W113/><G113/><T101/><D132/><U17/><E67/><V84/><F61/><W11/><G11/><N who="0" m="4455" /><D65/><U134/><E134/><V107/><F107/><W42/><G124/><T19/><D19/><U16/><E83/><V33/><F33/><W59/><G29/><T7/><D7/><U125/><E125/><V6/><F39/><W131/><G131/><T71/><D71/><U93/><E106/><V85/><F119/><W31/><G31/><T73/><D73/><U13/><E32/><V28/><F28/><W41/><G81/><T82/><D46/><U36/><E36/><V108/><F72/><W57/><G117/><T91/><D82/><U21/><E13/><V98/><F75/><W60/><G116/><T95/><D80/><U92/><E92/><V44/><F76/><W2/><G2/><T9/><D9/><U129/><E129/><V111/><F111/><W26/><G26/><T18/><D18/><U94/><E94/><N who="2" m="56655" /><F108/><W97/><REACH who="3" step="1"/><G60/><AGARI ba="0,0" hai="16,17,20,21,25,27,56,60,66,88,90,93,99,102" machi="60" ten="40,8000,1" yaku="9,1,8,1,52,1,54,2" doraHai="52" who="1" fromWho="3" sc="255,0,144,80,332,0,269,-80" /><INIT seed="5,0,0,4,1,7" ten="255,224,332,189" oya="1" hai0="114,23,82,3,64,26,79,6,113,50,57,11,68" hai1="97,27,39,16,87,34,83,86,46,117,53,102,14" hai2="103,76,37,122,75,45,90,107,60,129,70,119,115" hai3="40,99,131,98,100,104,105,81,18,1,91,134,120"/><U38/><E117/><V0/><RYUUKYOKU type="yao9" ba="0,0" sc="255,0,224,0,332,0,189,0" hai2="0,37,45,60,70,75,76,90,103,107,115,119,122,129" /><INIT seed="5,1,0,1,4,4" ten="255,224,332,189" oya="1" hai0="16,84,15,131,22,78,28,32,102,119,13,88,108" hai1="105,54,24,97,14,69,71,31,30,60,74,57,6" hai2="129,79,39,50,19,53,114,113,45,92,130,77,0" hai3="37,123,36,55,1,40,98,46,10,42,5,118,95"/><U89/><E74/><V104/><F104/><W62/><G123/><T33/><D119/><U85/><E105/><V117/><F117/><W27/><G118/><T128/><D108/><U41/><E41/><V91/><F19/><W44/><G27/><T73/><D102/><U87/><E97/><N who="2" m="57503" /><F39/><W49/><G62/><T132/><D132/><U127/><E127/><V59/><F59/><W9/><G5/><T68/><D68/><U124/><E124/><V112/><F0/><W82/><G82/><N who="0" m="45391" /><D13/><U8/><E85/><V64/><F64/><W125/><G1/><T51/><D51/><U12/><E14/><V48/><F50/><W103/><G125/><T94/><D28/><U23/><REACH who="1" step="1"/><E31/><REACH who="1" ten="255,214,332,189" step="2"/><V25/><F113/><W17/><REACH who="3" step="1"/><G17/><REACH who="3" ten="255,214,332,179" step="2"/><T70/><D16/><U18/><E18/><V67/><F114/><W52/><G52/><T120/><D120/><U7/><E7/><V35/><F112/><W134/><G134/><T65/><D65/><U2/><E2/><V86/><F67/><W38/><G38/><T90/><D15/><U99/><E99/><V81/><F53/><W26/><G26/><T101/><D131/><U21/><E21/><V122/><F25/><W58/><AGARI ba="1,2" hai="9,10,36,37,40,42,44,46,49,55,58,95,98,103" machi="58" ten="20,12000,2" yaku="1,1,0,1,7,1,9,1,52,2,53,0" doraHai="4" doraHaiUra="56" who="3" fromWho="3" sc="255,-31,214,-61,332,-31,179,143" /><INIT seed="6,0,0,5,0,31" ten="224,153,301,322" oya="2" hai0="29,81,35,32,64,95,94,41,42,66,21,125,53" hai1="104,80,119,131,117,47,115,78,52,83,39,130,121" hai2="93,38,70,132,72,113,82,6,61,107,96,63,100" hai3="50,17,101,4,92,126,18,58,49,98,135,57,103"/><V102/><F38/><W34/><G34/><N who="0" m="12843" /><D21/><U111/><E39/><V71/><F113/><W19/><G135/><T40/><D29/><U109/><E47/><V84/><F102/><N who="3" m="60743" /><G126/><T33/><N who="0" m="12851" /><T91/><DORA hai="37" /><D91/><U48/><E48/><N who="3" m="18538" /><G4/><T118/><D81/><U116/><E52/><V74/><F132/><W68/><G68/><T79/><D53/><U30/><E30/><V62/><F6/><W60/><G58/><T105/><D79/><U55/><E55/><AGARI ba="0,0" hai="17,18,19,55,57,60,101,103" m="18538,60743" machi="55" ten="30,1000,0" yaku="8,1" doraHai="31,37" who="3" fromWho="1" sc="224,0,153,-10,301,0,322,10" /><INIT seed="7,0,0,3,5,29" ten="224,143,301,332" oya="3" hai0="45,51,133,11,32,81,69,127,88,64,50,93,14" hai1="74,97,113,73,40,115,39,25,19,17,110,38,128" hai2="58,91,67,30,90,5,78,89,13,77,92,80,106" hai3="70,134,6,44,62,118,116,41,99,61,86,57,83"/><W63/><G70/><T75/><D127/><U84/><E84/><V26/><F106/><W103/><G6/><T135/><D64/><U125/><E40/><V112/><F112/><W132/><G57/><T20/><D69/><U43/><E43/><V16/><F5/><W111/><G111/><T109/><D20/><U0/><E97/><V98/><F58/><W55/><G55/><T48/><D109/><U101/><E110/><V36/><F67/><W37/><G116/><T60/><D60/><U65/><E65/><V107/><F107/><W120/><G118/><T2/><D2/><U94/><E94/><V56/><F56/><W114/><G114/><T82/><D45/><U85/><E85/><V33/><F36/><W10/><G10/><T95/><D32/><U96/><E96/><V100/><F80/><W126/><G120/><T9/><D75/><U28/><E28/><V119/><F119/><W52/><G52/><T108/><D108/><U68/><E68/><V15/><F15/><W123/><G123/><T3/><D3/><U27/><E0/><V47/><F47/><W34/><G126/><T130/><D14/><U124/><REACH who="1" step="1"/><E128/><REACH who="1" ten="224,133,301,332" step="2"/><V35/><F98/><W59/><G99/><T46/><D130/><U105/><E105/><V4/><F92/><W31/><G41/><T23/><D95/><U102/><AGARI ba="0,1" hai="17,19,25,27,38,39,73,74,101,102,113,115,124,125" machi="102" ten="25,12000,2" yaku="1,1,0,1,22,2,53,2" doraHai="29" doraHaiUra="104" who="1" fromWho="1" sc="224,-30,133,130,301,-30,332,-60" /><INIT seed="8,0,0,4,2,77" ten="194,263,271,272" oya="0" hai0="89,97,19,4,23,72,45,87,24,53,108,102,126" hai1="123,27,16,113,70,17,40,49,90,12,120,86,85" hai2="88,52,95,37,48,117,114,109,67,130,106,28,133" hai3="0,135,105,30,124,42,14,50,100,103,62,32,6"/><T128/><D126/><U63/><E70/><V55/><F109/><W5/><G0/><T99/><D128/><U44/><E113/><V121/><F121/><W7/><G105/><T59/><D72/><U22/><E63/><V47/><F114/><W61/><G124/><T43/><D108/><U134/><E134/><V98/><F37/><W41/><G135/><T79/><D79/><U132/><E132/><V94/><F106/><W58/><G32/><T20/><D4/><U125/><E125/><V112/><F112/><W11/><G30/><T29/><D102/><N who="3" m="38953" /><G62/><T129/><D45/><U26/><E86/><V131/><F28/><W66/><G50/><N who="0" m="31159" /><D43/><AGARI ba="0,0" hai="5,6,7,11,14,41,42,43,58,61,66" m="38953" machi="43" ten="30,1000,0" yaku="8,1" doraHai="77" who="3" fromWho="0" sc="194,-10,263,0,271,0,272,10" /><INIT seed="9,0,0,2,4,40" ten="184,263,271,282" oya="1" hai0="92,0,95,41,99,65,98,61,104,31,134,29,73" hai1="122,48,77,86,93,64,7,1,90,123,70,8,20" hai2="59,2,110,106,68,9,46,6,80,54,36,22,11" hai3="58,33,5,4,130,49,53,108,10,16,56,97,63"/><U34/><E34/><V89/><F68/><W126/><G108/><T120/><D73/><U125/><E125/><V132/><F106/><W115/><G115/><T124/><D0/><U81/><E70/><V96/><F11/><W112/><G112/><T87/><D124/><U57/><E20/><V39/><F132/><W66/><G33/><T102/><D134/><U107/><E107/><V13/><F110/><W114/><G114/><T121/><D87/><U30/><E30/><V79/><F2/><W91/><G130/><T111/><D111/><U14/><E1/><V131/><F131/><W32/><G32/><T101/><D104/><U135/><E135/><V51/><F22/><W50/><G50/><T88/><D41/><U18/><E18/><V119/><F119/><W12/><G126/><T42/><D42/><U84/><REACH who="1" step="1"/><E48/><REACH who="1" ten="184,253,271,282" step="2"/><V38/><F38/><W55/><G49/><T128/><D128/><U117/><E117/><V76/><F36/><W60/><G66/><T72/><D72/><U85/><E85/><V94/><F39/><W127/><G127/><T75/><D75/><U25/><E25/><V82/><F59/><W15/><G15/><T69/><REACH who="0" step="1"/><D102/><REACH who="0" ten="174,253,271,282" step="2"/><U28/><E28/><AGARI ba="0,2" hai="28,29,31,61,65,69,88,92,95,98,99,101,120,121" machi="28" ten="40,5200,0" yaku="1,1,2,1,54,1,53,0" doraHai="40" doraHaiUra="43" who="0" fromWho="1" sc="174,72,253,-52,271,0,282,0" /><INIT seed="10,0,0,3,0,73" ten="246,201,271,282" oya="2" hai0="96,10,131,39,24,8,55,26,60,78,0,28,50" hai1="135,62,95,121,17,119,72,27,47,42,35,104,89" hai2="68,75,48,13,56,4,79,23,34,58,49,51,111" hai3="54,6,93,116,120,53,44,112,128,45,130,87,108"/><V84/><F75/><W29/><G108/><T2/><D39/><U46/><E119/><V99/><F34/><W40/><G120/><T125/><D125/><U12/><E104/><V37/><F37/><W43/><G29/><T63/><D131/><N who="3" m="50217" /><G6/><T90/><D0/><U31/><E135/><V25/><F68/><W57/><G116/><T98/><D2/><U69/><E121/><V77/><F99/><W33/><G33/><T20/><D26/><U117/><E72/><V100/><F100/><W82/><G93/><N who="0" m="56375" /><D98/><U64/><E42/><N who="3" m="15914" /><G112/><T5/><D78/><N who="2" m="29706" /><F84/><W11/><G11/><N who="0" m="4139" /><D5/><U32/><E32/><V19/><F111/><W132/><G132/><T134/><D134/><U41/><E41/><V126/><F126/><W129/><G129/><T110/><D110/><U106/><E106/><V59/><F4/><W102/><G102/><T83/><D83/><U67/><E117/><V74/><F74/><W16/><G82/><T38/><D38/><U21/><REACH who="1" step="1"/><E67/><REACH who="1" ten="246,191,271,282" step="2"/><V105/><F105/><W107/><G107/><T15/><D15/><AGARI ba="0,1" hai="13,15,19,23,25,48,49,51,56,58,59" m="29706" machi="15" ten="40,12000,1" yaku="8,1,52,3" doraHai="73" who="2" fromWho="0" sc="246,-120,191,0,271,130,282,0" owari="126,-37.4,191,-20.9,401,50.1,282,8.2" /></mjloggm>