<mjloggm ver="2.3"><GO type="169" lobby="0"/><UN n0="%E3%83%A9%E3%83%B3%E3%82%B9%E3%83%AD%E3%83%83%E3%83%88" n1="%E5%BE%A1%E5%BD%B1%E3%82%86%E3%81%9A%E3%81%8D" n2="%56%69%76%79" n3="%E3%81%86%E3%81%91%E3%81%AA%E3%81%8C%E3%81%97%E3%81%BE%E3%81%9B%E3%82%93" dan="16,16,16,16" rate="2113.46,2174.73,2073.36,2130.21" sx="M,M,F,F"/><TAIKYOKU oya="0"/><INIT seed="0,0,0,4,0,102" ten="250,250,250,250" oya="0" hai0="108,100,53,87,44,126,46,0,94,111,34,25,56" hai1="22,68,8,51,135,113,1,35,23,66,33,128,10" hai2="65,29,52,112,81,121,72,47,129,92,16,114,76" hai3="69,59,5,99,97,124,3,9,21,78,57,83,133"/><T15/><D0/><U54/><E68/><V63/><F121/><W85/><G69/><T49/><D126/><U117/><E66/><V119/><F29/><W58/><G124/><T36/><D36/><U38/><E38/><V134/><F134/><W127/><G127/><T20/><D15/><U93/><E93/><V106/><F106/><W125/><G125/><T48/><D34/><U101/><E101/><V80/><F129/><W55/><G133/><T30/><D87/><U13/><E51/><V31/><F31/><W6/><G6/><T12/><D12/><U115/><E54/><V89/><F81/><W2/><G2/><T95/><D100/><U17/><E135/><V11/><F65/><W86/><G55/><T75/><D75/><U50/><E50/><V74/><F74/><W43/><G43/><T122/><D56/><U105/><E105/><V32/><F47/><W41/><G41/><N who="0" m="24591" /><D122/><U14/><E128/><V18/><F119/><W109/><G86/><T60/><D60/><U131/><E131/><V132/><F63/><W37/><G37/><T24/><D24/><U77/><E77/><V27/><F76/><W130/><G130/><T67/><D67/><U28/><E1/><V39/><F132/><W73/><G73/><T26/><D26/><U19/><E28/><V42/><F72/><W84/><G84/><T40/><D40/><U88/><E88/><V79/><F42/><W64/><G64/><T118/><D118/><AGARI ba="0,0" hai="8,10,13,14,17,19,22,23,33,35,113,115,117,118" machi="118" ten="25,8000,1" yaku="22,2,34,3" doraHai="102" who="1" fromWho="0" sc="250,-80,250,80,250,0,250,0" /><INIT seed="1,0,0,3,2,123" ten="170,330,250,250" oya="1" hai0="48,107,36,114,44,111,106,116,17,63,51,97,74" hai1="101,28,15,117,42,122,16,70,102,1,87,95,39" hai2="40,66,25,110,62,0,89,99,31,61,26,77,83" hai3="78,19,104,58,34,81,71,45,133,5,24,131,76"/><U68/><E1/><V88/><F0/><W119/><G71/><T54/><D114/><U105/><E122/><V7/><F7/><W115/><G133/><T46/><D36/><U30/><E117/><V12/><F12/><W100/><G115/><T128/><D116/><U18/><E39/><V91/><F40/><W126/><G78/><T65/><D74/><U2/><E2/><V82/><F82/><W9/><G126/><T64/><D128/><U98/><E42/><V86/><F110/><W121/><G58/><T38/><D38/><U72/><E72/><V56/><F62/><W127/><G45/><T22/><D97/><U27/><E30/><V14/><F14/><W120/><G19/><T118/><D118/><U53/><E53/><V84/><F99/><W49/><G49/><T124/><D124/><U96/><E18/><V129/><F129/><W59/><G131/><T32/><D32/><U3/><E87/><V33/><REACH who="2" step="1"/><F26/><REACH who="2" ten="170,330,240,250" step="2"/><W135/><G5/><T85/><D111/><U57/><E3/><V67/><F67/><W35/><G24/><N who="0" m="14415" /><D65/><U73/><E73/><V21/><F21/><W93/><G127/><T29/><D64/><U13/><E13/><V23/><F23/><W60/><G121/><T52/><D63/><U20/><REACH who="1" step="1"/><E57/><REACH who="1" ten="170,320,240,250" step="2"/><V37/><F37/><W4/><G59/><T79/><D29/><U6/><E6/><V112/><F112/><W132/><G4/><T125/><D125/><U75/><E75/><V130/><F130/><W108/><G120/><T41/><D41/><U69/><E69/><V94/><AGARI ba="0,2" hai="25,31,33,56,61,66,77,83,84,86,88,89,91,94" machi="94" ten="20,8000,1" yaku="1,1,0,1,7,1,54,1,53,1" doraHai="123" doraHaiUra="55" who="2" fromWho="2" sc="170,-20,320,-40,240,100,250,-20" /><INIT seed="2,0,0,0,0,26" ten="150,280,340,230" oya="2" hai0="5,76,4,11,127,100,70,53,57,29,0,61,82" hai1="36,43,119,129,21,15,27,52,117,24,109,67,63" hai2="25,130,110,105,14,8,2,89,85,10,99,18,58" hai3="38,135,111,32,83,46,86,84,9,6,19,101,51"/><V31/><F130/><W54/><G111/><T115/><D115/><U79/><E129/><V68/><F68/><W69/><G135/><T35/><D127/><U114/><E114/><V47/><F2/><W88/><G69/><T132/><D132/><U93/><E79/><V126/><F126/><W30/><G38/><T7/><D100/><U122/><E122/><V78/><F78/><W113/><G113/><T65/><D35/><U59/><E109/><V90/><F10/><W103/><G6/><T72/><REACH who="0" step="1"/><D29/><REACH who="0" ten="140,280,340,230" step="2"/><N who="1" m="17551" /><E117/><V66/><F31/><W75/><G30/><T22/><D22/><U55/><E119/><V39/><F110/><W40/><G32/><T128/><D128/><U91/><E36/><V41/><F8/><W20/><G9/><T45/><D45/><U118/><E118/><V71/><F47/><W34/><G34/><T60/><AGARI ba="0,1" hai="0,4,5,7,11,53,57,60,61,65,70,72,76,82" machi="60" ten="20,2700,0" yaku="1,1,0,1,7,1,53,0" doraHai="26" doraHaiUra="95" who="0" fromWho="0" sc="140,37,280,-7,340,-13,230,-7" /><INIT seed="3,0,0,1,3,11" ten="177,273,327,223" oya="3" hai0="10,37,98,28,119,56,122,51,104,24,15,72,63" hai1="82,65,92,135,100,6,131,14,95,108,20,35,48" hai2="12,123,39,75,103,19,45,1,43,117,13,77,87" hai3="59,0,57,81,83,76,126,88,55,130,7,94,67"/><W46/><G126/><T8/><D119/><U120/><E35/><V99/><F1/><W125/><G125/><T127/><D37/><U2/><E2/><V115/><F117/><W110/><G130/><T89/><D122/><U129/><E120/><V112/><F123/><W84/><G110/><T102/><D72/><U96/><E108/><V50/><F75/><W61/><G0/><T17/><D127/><U23/><E65/><V106/><F39/><W107/><G107/><T40/><D89/><U79/><E92/><V42/><F42/><W133/><G133/><T25/><D25/><U64/><E64/><V128/><F128/><N who="1" m="49225" /><E48/><V91/><F77/><W121/><G121/><T113/><D113/><U18/><E6/><V124/><F124/><W27/><G7/><T26/><D26/><U36/><E36/><V105/><F105/><W78/><G46/><T53/><D40/><U4/><E4/><V54/><F43/><W111/><G111/><T93/><D104/><U21/><E135/><V49/><F49/><N who="3" m="30959" /><G27/><T68/><D68/><U30/><E30/><V97/><F112/><W70/><G70/><T134/><D134/><U3/><E3/><V33/><F33/><W90/><G83/><T52/><D24/><U9/><E82/><V132/><F132/><W47/><G47/><N who="0" m="27775" /><D28/><U80/><E80/><V118/><F118/><W31/><G31/><T116/><D116/><U34/><E34/><V22/><F115/><W109/><G109/><T16/><D17/><N who="1" m="8399" /><E79/><V101/><F106/><W5/><G5/><T114/><D114/><U69/><E69/><V41/><F41/><RYUUKYOKU ba="0,0" sc="177,10,273,10,327,-30,223,10" hai0="8,10,15,16,53,56,63,93,98,102" hai1="18,20,21,23,95,96,100" hai3="59,61,67,76,78,81,84,88,90,94" /><INIT seed="3,1,0,4,4,63" ten="187,283,297,233" oya="3" hai0="113,15,36,128,45,129,130,20,60,64,91,96,125" hai1="54,132,51,32,76,83,23,71,112,48,104,18,16" hai2="43,108,59,38,34,134,122,93,87,44,126,30,65" hai3="17,116,131,0,84,31,57,106,5,6,29,99,114"/><W11/><G114/><T95/><D125/><U53/><E32/><V97/><F126/><W58/><G116/><T90/><D113/><U117/><E112/><V26/><F108/><W9/><G131/><T88/><D36/><U115/><E115/><V3/><F3/><W100/><G17/><N who="0" m="10303" /><D45/><U49/><E104/><V1/><F1/><W75/><G75/><T7/><D7/><U118/><E71/><AGARI ba="1,0" hai="60,64,71,88,90,91,95,96,128,129,130" m="10303" machi="71" ten="30,3900,0" yaku="19,1,52,1,54,1" doraHai="63" who="0" fromWho="1" sc="187,42,283,-42,297,0,233,0" /><INIT seed="4,0,0,1,1,85" ten="229,241,297,233" oya="0" hai0="34,16,115,132,27,41,46,90,94,97,30,33,21" hai1="83,86,44,7,114,124,127,22,109,29,62,66,51" hai2="112,28,128,37,126,98,26,104,8,35,19,129,1" hai3="55,4,131,100,20,121,91,111,73,133,53,76,65"/><T79/><D115/><U99/><E109/><V120/><F120/><W47/><G111/><T106/><D132/><U107/><E7/><V71/><F71/><W12/><G121/><T38/><D106/><U15/><E114/><V52/><F37/><W36/><G131/><T96/><D79/><U117/><E117/><V25/><F112/><W49/><G100/><T108/><D108/><U11/><E107/><V102/><F126/><W123/><G133/><T0/><D0/><U70/><E99/><V69/><F69/><W84/><G65/><T5/><D5/><U110/><E110/><V32/><F52/><W92/><G36/><T135/><D135/><U67/><E67/><V58/><F58/><W101/><G101/><T10/><REACH who="0" step="1"/><D97/><REACH who="0" ten="219,241,297,233" step="2"/><U118/><E127/><V6/><F1/><W64/><G76/><T43/><D43/><U82/><E124/><V24/><F6/><W89/><G73/><T3/><D3/><U78/><E118/><V95/><F98/><N who="3" m="57615" /><G123/><T75/><D75/><U45/><E78/><V2/><F104/><W122/><G122/><T13/><AGARI ba="0,1" hai="10,13,16,21,27,30,33,34,38,41,46,90,94,96" machi="13" ten="30,12000,1" yaku="1,1,0,1,52,1,54,1,53,1" doraHai="85" doraHaiUra="88" who="0" fromWho="0" sc="219,130,241,-40,297,-40,233,-40" /><INIT seed="4,1,0,1,4,113" ten="349,201,257,193" oya="0" hai0="130,131,22,32,59,41,56,28,31,100,65,29,12" hai1="4,76,108,124,20,84,95,0,51,18,92,13,40" hai2="38,88,126,120,117,47,21,98,46,132,80,6,127" hai3="119,86,8,112,116,19,14,96,102,77,1,5,57"/><T123/><D123/><U79/><E108/><V39/><F120/><W125/><G112/><T62/><D32/><U114/><E114/><V16/><F6/><W133/><G133/><T110/><D110/><U89/><E124/><N who="2" m="47659" /><F117/><W3/><G125/><T55/><D41/><U85/><E4/><V115/><F132/><W106/><G3/><T23/><D100/><U78/><E0/><V24/><F115/><W118/><G57/><T109/><D109/><U135/><E135/><V15/><F24/><W69/><G69/><T60/><REACH who="0" step="1"/><D12/><REACH who="0" ten="339,201,257,193" step="2"/><U53/><E40/><V42/><F42/><W94/><G119/><T70/><D70/><U81/><REACH who="1" step="1"/><E95/><REACH who="1" ten="339,191,257,193" step="2"/><N who="2" m="56679" /><F80/><W61/><G94/><T82/><D82/><U121/><E121/><V36/><AGARI ba="1,2" hai="15,16,21,36,38,39,46,47" m="56679,47659" machi="36" ten="40,5200,0" yaku="18,1,54,2" doraHai="113" who="2" fromWho="2" sc="339,-27,191,-14,257,75,193,-14" /><INIT seed="5,0,0,2,4,95" ten="312,177,332,179" oya="1" hai0="7,59,93,45,29,91,120,126,133,27,74,20,75" hai1="24,22,71,10,42,97,31,134,37,117,113,98,90" hai2="67,87,111,28,3,81,26,100,54,58,21,121,79" hai3="123,64,102,66,51,92,38,72,119,107,19,1,110"/><U4/><E117/><V40/><F3/><W52/><G110/><T5/><D126/><U9/><E71/><V115/><F111/><W101/><G123/><T30/><D133/><U36/><E134/><V41/><F115/><W125/><G125/><T2/><D120/><U132/><E132/><V65/><F100/><W50/><G119/><T33/><D59/><U34/><E113/><V82/><F82/><W70/><G1/><T109/><D109/><U11/><E4/><V108/><F108/><W69/><G38/><T85/><D5/><U39/><E42/><N who="2" m="16491" /><F121/><W68/><G72/><T106/><D106/><U15/><REACH who="1" step="1"/><E90/><REACH who="1" ten="312,167,332,179" step="2"/><V57/><F57/><W129/><G70/><T8/><D7/><U114/><E114/><V73/><F73/><W112/><G112/><T17/><D74/><U86/><E86/><V83/><F83/><W99/><G69/><T49/><D75/><U61/><E61/><AGARI ba="0,1" hai="21,26,28,54,58,61,65,67,79,81,87" m="16491" machi="61" ten="30,1000,0" yaku="8,1" doraHai="95" who="2" fromWho="1" sc="312,0,167,-10,332,20,179,0" /><INIT seed="6,0,0,5,0,30" ten="312,157,352,179" oya="2" hai0="85,72,39,37,88,11,3,34,68,55,7,9,43" hai1="100,81,134,97,6,118,19,105,64,21,128,112,24" hai2="33,14,36,50,56,127,12,131,48,135,132,32,122" hai3="35,98,91,117,8,104,93,23,116,41,52,53,71"/><V54/><F36/><W107/><G71/><T79/><D68/><U65/><E118/><V51/><F122/><W133/><G133/><N who="2" m="51273" /><F127/><W28/><G41/><T49/><D34/><N who="2" m="13418" /><F131/><W92/><G35/><T84/><D43/><U111/><E128/><V130/><F130/><W46/><G8/><T78/><D11/><U2/><E134/><V63/><AGARI ba="0,0" hai="12,14,48,50,51,54,56,63" m="13418,51273" machi="63" ten="40,12000,1" yaku="20,1,52,3" doraHai="30" who="2" fromWho="2" sc="312,-40,157,-40,352,120,179,-40" /><INIT seed="6,1,0,1,3,123" ten="272,117,472,139" oya="2" hai0="47,36,102,93,96,81,86,120,54,32,72,62,66" hai1="34,16,14,57,39,127,13,83,100,11,40,49,10" hai2="9,128,89,20,26,6,94,104,92,75,35,84,55" hai3="70,115,90,73,135,113,53,129,44,4,37,80,38"/><V114/><F104/><W0/><G70/><T69/><D120/><U68/><E68/><V48/><F75/><W2/><G129/><T124/><D124/><U133/><E127/><V97/><F35/><W99/><G135/><T126/><D126/><U132/><E34/><V21/><F26/><W109/><G109/><T79/><D32/><U59/><E100/><V131/><F114/><N who="3" m="43531" /><G53/><T23/><D23/><U45/><E83/><V71/><F71/><W41/><G38/><T33/><D33/><U118/><E118/><V30/><F30/><W134/><G134/><N who="1" m="51818" /><E39/><V130/><F9/><W31/><G31/><T12/><D12/><U64/><E64/><V85/><F6/><AGARI ba="1,0" hai="6,10,11,13,14,16,40,45,49,57,59" m="51818" machi="6" ten="30,2000,0" yaku="20,1,54,1" doraHai="123" who="1" fromWho="2" sc="272,0,117,23,472,-23,139,0" /><INIT seed="7,0,0,3,2,66" ten="272,140,449,139" oya="3" hai0="133,112,18,61,100,44,17,99,91,71,23,16,76" hai1="15,3,51,118,121,35,63,77,78,108,65,57,9" hai2="124,62,50,43,8,46,126,87,31,88,14,69,113" hai3="38,26,94,107,20,119,109,52,96,2,103,30,56"/><W11/><G38/><T125/><D76/><N who="1" m="29291" /><E121/><V21/><F21/><W128/><G109/><T74/><D74/><U41/><E108/><V84/><F84/><W111/><G111/><T104/><D125/><U5/><E3/><V39/><F31/><W28/><G119/><T59/><D133/><U49/><E35/><V60/><F69/><W33/><G128/><T72/><D71/><U127/><E127/><N who="2" m="48683" /><F113/><W64/><G64/><T12/><D72/><U110/><E110/><V34/><F34/><W29/><G107/><T92/><D44/><N who="1" m="25743" /><E118/><V75/><F75/><W129/><G129/><T81/><D81/><U106/><E106/><V13/><F13/><W55/><G33/><T73/><D73/><U79/><E79/><V7/><F39/><W19/><REACH who="3" step="1"/><G56/><REACH who="3" ten="272,140,449,129" step="2"/><T93/><D104/><U67/><E51/><V134/><F134/><W101/><G101/><T68/><D112/><U98/><E67/><V70/><F70/><W114/><G114/><T82/><D68/><U22/><E65/><V83/><AGARI ba="0,1" hai="7,8,14,43,46,50,60,62,83,87,88" m="48683" machi="83" ten="30,2000,0" yaku="18,1,54,1" doraHai="66" who="2" fromWho="2" sc="272,-5,140,-5,449,30,129,-10" owari="267,6.7,135,-26.5,479,57.9,119,-38.1" /></mjloggm>