<mjloggm ver="2.3"><GO type="169" lobby="0"/><UN n0="%52%59%4F%40%53%53" n1="%E5%9C%A8%E5%8E%9F%E4%B8%83%E6%B5%B7%E5%A4%A7%E5%A5%BD%E3%81%8D" n2="%E7%99%BD%E3%81%AE%E7%A9%BA" n3="%31%35%2E%31%35%63%6D" dan="17,17,17,18" rate="2203.64,2218.20,2154.34,2285.69" sx="M,M,M,M"/><TAIKYOKU oya="0"/><INIT seed="0,0,0,4,0,66" ten="250,250,250,250" oya="0" hai0="56,32,132,35,89,1,75,49,40,29,92,65,80" hai1="53,8,14,13,114,33,101,50,21,127,57,9,69" hai2="86,51,70,109,129,39,98,12,99,45,115,122,2" hai3="100,83,120,118,52,68,87,16,58,85,31,119,134"/><T24/><D1/><U125/><E33/><V123/><F2/><W91/><G134/><T78/><D132/><U67/><E101/><V22/><F115/><W44/><G120/><T23/><D65/><U48/><E21/><V20/><F39/><W37/><G31/><T84/><REACH who="0" step="1"/><D40/><REACH who="0" ten="240,250,250,250" step="2"/><U88/><E67/><V42/><F42/><W133/><G133/><T28/><D28/><U25/><E114/><V43/><F43/><W61/><G118/><T4/><D4/><U3/><E3/><V10/><F122/><W94/><G119/><T135/><D135/><U26/><E127/><V11/><F123/><W38/><G38/><T111/><D111/><U73/><E125/><V60/><F109/><W46/><G37/><T130/><D130/><U117/><E117/><V126/><F129/><W17/><G17/><T36/><D36/><U76/><E53/><AGARI ba="0,1" hai="23,24,29,32,35,49,53,56,75,78,80,84,89,92" machi="53" ten="40,3900,0" yaku="1,1,53,1" doraHai="66" doraHaiUra="77" who="0" fromWho="1" sc="240,49,250,-39,250,0,250,0" /><INIT seed="0,1,0,0,3,43" ten="289,211,250,250" oya="0" hai0="89,92,10,15,37,3,100,81,76,88,135,32,111" hai1="79,41,70,87,101,34,115,113,45,33,126,27,19" hai2="107,91,31,25,106,5,109,125,119,50,96,72,46" hai3="122,124,104,2,116,118,47,6,35,1,38,57,73"/><T52/><D32/><U128/><E70/><V26/><F109/><W42/><G57/><T16/><D37/><U59/><E128/><V120/><F120/><W28/><G124/><T93/><D111/><U99/><E126/><V68/><F68/><W0/><G122/><T127/><D3/><U44/><E59/><V95/><F125/><W63/><G63/><T67/><D67/><U4/><E4/><V77/><F119/><W71/><G71/><T97/><D135/><U130/><E41/><V58/><F58/><W9/><G104/><T61/><D127/><U12/><E87/><V64/><F64/><W110/><G110/><T13/><D61/><U69/><E79/><V18/><F5/><W103/><G103/><T7/><D52/><U82/><E82/><V108/><F108/><W98/><G98/><T74/><REACH who="0" step="1"/><D93/><REACH who="0" ten="279,211,250,250" step="2"/><U94/><E34/><V65/><F65/><W102/><G118/><T11/><AGARI ba="1,1" hai="7,10,11,13,15,16,74,76,81,88,89,92,97,100" machi="11" ten="20,24000,3" yaku="1,1,2,1,0,1,7,1,54,2,53,2" doraHai="43" doraHaiUra="8" who="0" fromWho="0" sc="279,253,211,-81,250,-81,250,-81" /><INIT seed="0,2,0,2,1,89" ten="532,130,169,169" oya="0" hai0="63,106,85,126,20,29,26,45,7,31,11,69,92" hai1="104,18,33,98,70,83,42,117,40,65,100,131,6" hai2="109,95,99,1,111,2,58,81,134,108,24,21,135" hai3="55,101,32,28,22,125,78,27,93,96,66,82,57"/><T35/><D106/><U15/><E117/><V97/><F58/><W74/><G125/><T60/><D126/><U3/><E131/><V79/><F2/><W129/><G129/><T12/><D69/><U90/><E33/><V88/><F1/><W38/><G38/><T124/><D124/><U123/><E6/><V127/><F127/><W50/><REACH who="3" step="1"/><G66/><REACH who="3" ten="532,130,169,159" step="2"/><T132/><D132/><U37/><E65/><V128/><F128/><W30/><G30/><T16/><D31/><U130/><E37/><V4/><F4/><W14/><G14/><T43/><D29/><U68/><E130/><V80/><F134/><W25/><G25/><T77/><D35/><AGARI ba="2,1" hai="22,27,28,32,35,50,55,57,74,78,82,93,96,101" machi="35" ten="40,2600,0" yaku="1,1,52,1,53,0" doraHai="89" doraHaiUra="103" who="3" fromWho="0" sc="532,-32,130,0,169,0,159,42" /><INIT seed="1,0,0,0,5,48" ten="500,130,169,201" oya="1" hai0="131,42,90,107,50,129,81,120,112,128,64,7,65" hai1="52,104,17,0,97,82,67,24,61,15,108,49,14" hai2="28,9,31,47,74,121,56,135,30,72,94,103,114" hai3="21,119,55,25,109,10,88,77,26,125,22,29,92"/><U89/><E0/><V70/><F121/><W116/><G109/><T19/><D107/><U73/><E108/><V113/><F70/><W33/><G125/><T78/><D120/><U46/><E73/><V68/><F68/><W127/><G127/><T16/><D7/><U40/><E104/><V54/><F135/><W60/><G77/><T85/><D112/><N who="2" m="43114" /><F47/><W5/><G10/><T115/><D115/><U91/><E24/><V71/><F71/><W122/><G5/><T6/><D6/><U99/><E14/><V39/><F39/><W2/><G2/><T66/><D78/><U43/><E99/><N who="2" m="59895" /><F9/><W105/><G105/><T100/><D100/><U102/><E67/><V63/><AGARI ba="0,0" hai="28,30,31,54,56,63,72,74" m="59895,43114" machi="63" ten="30,2000,0" yaku="11,1,52,1" doraHai="48" who="2" fromWho="2" sc="500,-5,130,-10,169,20,201,-5" /><INIT seed="2,0,0,2,2,129" ten="495,120,189,196" oya="2" hai0="31,8,11,15,86,0,6,19,115,128,27,35,59" hai1="90,81,126,7,84,120,75,60,71,87,73,14,93" hai2="122,133,96,52,130,89,23,30,116,18,36,53,102" hai3="12,131,55,41,70,85,42,43,29,56,124,21,33"/><V101/><F122/><W16/><G131/><T88/><D128/><U20/><E126/><V57/><F130/><W64/><G124/><T110/><D110/><U47/><E120/><V39/><F116/><W13/><G33/><T108/><D108/><U17/><E47/><V107/><F133/><W69/><G29/><T5/><D59/><U72/><E7/><V132/><F132/><W40/><N who="3" m="10240" /><DORA hai="111" /><W58/><G13/><T99/><D99/><U62/><REACH who="1" step="1"/><E71/><REACH who="1" ten="495,110,189,196" step="2"/><V38/><F30/><W117/><G117/><T24/><D6/><U135/><E135/><V121/><F121/><W77/><G69/><T37/><D5/><U54/><E54/><V10/><F53/><W51/><G70/><T100/><D31/><U26/><E26/><V61/><F10/><W22/><G58/><T123/><D24/><U97/><E97/><V80/><F107/><W83/><REACH who="3" step="1"/><G64/><REACH who="3" ten="495,110,189,186" step="2"/><T49/><D123/><U125/><E125/><V98/><F38/><W9/><AGARI ba="0,2" hai="9,12,16,21,22,51,55,56,77,83,85" m="10240" machi="9" ten="40,8000,1" yaku="1,1,2,1,0,1,8,1,54,1,53,0" doraHai="129,111" doraHaiUra="118,68" who="3" fromWho="3" sc="495,-20,110,-20,189,-40,186,100" /><INIT seed="3,0,0,2,4,62" ten="475,90,149,286" oya="3" hai0="69,100,60,36,8,77,91,123,87,72,127,101,122" hai1="135,85,42,59,125,86,24,73,54,39,52,6,2" hai2="65,106,50,11,17,99,92,19,109,1,13,84,45" hai3="70,94,128,38,14,7,117,116,88,34,56,90,25"/><W79/><BYE who="1" /><G70/><UN n1="%E5%9C%A8%E5%8E%9F%E4%B8%83%E6%B5%B7%E5%A4%A7%E5%A5%BD%E3%81%8D" /><T108/><D36/><U133/><E73/><V18/><F109/><W131/><G38/><T120/><D8/><N who="1" m="2135" /><E54/><V115/><F115/><W44/><G79/><T33/><D33/><U26/><E125/><V40/><F1/><W119/><G44/><T10/><D10/><U114/><E114/><V134/><F134/><N who="1" m="51209" /><E42/><V53/><F106/><W111/><G111/><T83/><D60/><N who="1" m="35943" /><E39/><V0/><F0/><W126/><G126/><T93/><D127/><U48/><E48/><V58/><F84/><AGARI ba="0,0" hai="24,26,84,85,86" m="35943,51209,2135" machi="84" ten="30,2000,0" yaku="20,1,54,1" doraHai="62" who="1" fromWho="2" sc="475,0,90,20,149,-20,286,0" /><INIT seed="4,0,0,0,5,127" ten="475,110,129,286" oya="0" hai0="84,70,37,94,103,114,6,126,80,90,42,29,28" hai1="75,118,130,77,53,50,34,66,45,38,73,0,15" hai2="91,108,40,36,52,47,110,106,48,93,33,44,8" hai3="112,105,2,46,85,82,133,72,9,79,51,78,31"/><T134/><D70/><U13/><E0/><V104/><F33/><W96/><G112/><T20/><D126/><U57/><E118/><V4/><F104/><W59/><G133/><T125/><D114/><U5/><E34/><V19/><F19/><W122/><G122/><T55/><D134/><U58/><E77/><V3/><REACH who="2" step="1"/><F106/><REACH who="2" ten="475,110,119,286" step="2"/><W100/><G105/><T61/><D125/><U12/><E5/><V97/><AGARI ba="0,1" hai="3,4,8,36,40,44,47,48,52,91,93,97,108,110" machi="97" ten="20,8000,1" yaku="1,1,2,1,0,1,7,1,54,1,53,0" doraHai="127" doraHaiUra="113" who="2" fromWho="2" sc="475,-40,110,-20,119,90,286,-20" /><INIT seed="5,0,0,5,5,74" ten="435,90,209,266" oya="1" hai0="11,6,70,123,98,118,64,45,66,34,134,65,109" hai1="51,72,105,106,85,90,103,0,81,18,56,130,8" hai2="84,52,32,9,4,112,82,13,37,30,61,73,21" hai3="128,135,19,5,86,24,99,41,7,54,95,26,132"/><U88/><E130/><V42/><F73/><W91/><G128/><T20/><D109/><U43/><E72/><V121/><F121/><W119/><G119/><T87/><D34/><U68/><E68/><V23/><F112/><W31/><G41/><T29/><D118/><U58/><E90/><V117/><F117/><W28/><G54/><T113/><D134/><N who="3" m="51241" /><G19/><T116/><D123/><U71/><E71/><V100/><F100/><W59/><G59/><T25/><D113/><U101/><E106/><V75/><F75/><W39/><G39/><T102/><D87/><U15/><E0/><V27/><F42/><W77/><G77/><T17/><D45/><N who="1" m="26047" /><E105/><V110/><F37/><W111/><G111/><T78/><D70/><U127/><E127/><V133/><F110/><W60/><G60/><T89/><D89/><U94/><E103/><V96/><F133/><W124/><G86/><T129/><D116/><U50/><E50/><V1/><F96/><AGARI ba="0,0" hai="8,15,18,56,58,81,85,88,94,96,101" m="26047" machi="96" ten="30,2900,0" yaku="8,1,54,1" doraHai="74" who="1" fromWho="2" sc="435,0,90,29,209,-29,266,0" /><INIT seed="5,1,0,3,4,75" ten="435,119,180,266" oya="1" hai0="86,48,114,36,18,128,131,133,89,40,122,27,22" hai1="64,51,117,52,35,73,132,88,105,135,4,3,45" hai2="13,15,28,11,66,118,87,26,24,37,42,97,100" hai3="115,84,134,111,32,17,101,123,74,78,112,126,85"/><U54/><E117/><V107/><F118/><W59/><G32/><T33/><D114/><N who="3" m="43561" /><G17/><T102/><D133/><N who="1" m="51275" /><E105/><V94/><F66/><W8/><G8/><T68/><D68/><U56/><E73/><V71/><F71/><W10/><G10/><T58/><D122/><U113/><E35/><V46/><F28/><W61/><G123/><T91/><D102/><U57/><E113/><V14/><F11/><W93/><G126/><T1/><D1/><U49/><E3/><V47/><F47/><W80/><G111/><T70/><D70/><U103/><E103/><V7/><F7/><W44/><G44/><N who="0" m="23559" /><D86/><U21/><E21/><V92/><F107/><W25/><G25/><T62/><D48/><U43/><E4/><V9/><F9/><W34/><G34/><T96/><D96/><U90/><E64/><V5/><F5/><W110/><G110/><T82/><D33/><U79/><E79/><V120/><F120/><W67/><G134/><T55/><D82/><U65/><E65/><V76/><REACH who="2" step="1"/><F94/><REACH who="2" ten="435,119,170,266" step="2"/><W104/><G104/><T127/><D127/><U12/><E12/><V63/><F63/><AGARI ba="1,1" hai="43,45,49,51,52,54,56,57,63,88,90" m="51275" machi="63" ten="30,5800,0" yaku="20,1,54,2" doraHai="75" who="1" fromWho="2" sc="435,0,119,71,170,-61,266,0" /><INIT seed="5,2,0,2,5,64" ten="435,190,109,266" oya="1" hai0="36,101,33,40,132,74,76,77,41,95,52,2,9" hai1="89,118,110,55,17,22,20,13,47,113,66,23,49" hai2="30,80,59,34,98,29,48,44,127,119,8,61,5" hai3="84,108,45,3,57,26,37,56,42,126,39,69,1"/><U115/><E118/><V46/><F119/><W35/><G108/><T14/><D33/><U102/><E110/><V21/><F127/><W62/><G69/><T68/><D68/><U81/><E102/><V133/><F133/><W125/><G84/><T129/><D2/><U4/><E4/><V116/><F116/><W32/><G26/><T85/><D36/><U122/><E66/><V123/><F123/><W31/><G31/><T120/><D74/><U104/><E104/><V53/><F34/><W38/><G45/><T27/><D27/><U87/><REACH who="1" step="1"/><E122/><REACH who="1" ten="435,180,109,266" step="2"/><V90/><F21/><AGARI ba="2,1" hai="13,17,20,21,22,23,47,49,55,81,87,89,113,115" machi="21" ten="40,3900,0" yaku="1,1,2,1,53,0" doraHai="64" doraHaiUra="117" who="1" fromWho="2" sc="435,0,180,55,109,-45,266,0" /><INIT seed="5,3,0,3,5,77" ten="435,235,64,266" oya="1" hai0="2,4,129,123,79,107,71,35,48,65,101,69,36" hai1="54,5,83,109,6,70,103,110,108,132,95,29,94" hai2="75,13,45,68,76,93,82,56,72,92,102,30,130" hai3="24,104,31,80,105,9,74,3,91,121,90,49,67"/><U63/><E132/><V16/><F68/><W51/><G121/><T122/><D35/><U98/><E29/><V118/><F118/><W17/><G67/><T114/><D36/><U116/><E116/><V28/><F130/><W133/><G133/><T58/><D129/><U47/><E95/><V0/><F0/><W19/><G3/><T124/><D114/><U135/><E135/><V23/><F72/><W27/><G74/><T11/><D79/><U87/><E47/><V18/><F45/><W100/><G9/><T134/><D124/><U26/><E26/><V38/><F38/><W96/><G100/><T97/><D134/><U14/><E14/><V64/><F92/><W55/><G55/><N who="0" m="32103" /><D65/><N who="1" m="41279" /><E54/><V22/><F56/><W15/><G15/><T21/><D21/><U25/><E25/><V84/><F64/><W120/><G96/><T125/><D125/><U111/><N who="1" m="27648" /><DORA hai="113" /><U10/><E10/><V57/><F57/><W41/><G41/><T78/><D71/><U89/><AGARI ba="3,0" hai="5,6,83,87,89,94,98,103" m="27648,41279" machi="89" ten="60,6000,0" yaku="10,1,52,1" doraHai="77,113" who="1" fromWho="1" sc="435,-23,235,69,64,-23,266,-23" /><INIT seed="5,4,0,0,4,105" ten="412,304,41,243" oya="1" hai0="117,83,118,87,72,26,123,69,1,78,96,53,5" hai1="48,46,2,61,74,47,62,94,11,52,28,80,122" hai2="22,17,120,131,86,45,103,37,19,50,64,32,97" hai3="108,102,36,82,133,13,130,3,93,134,12,20,91"/><U35/><E122/><V21/><F120/><W63/><G108/><T57/><D69/><U107/><E107/><V128/><F32/><W66/><G3/><T56/><D56/><U49/><E35/><V132/><F37/><W110/><G110/><T116/><D123/><U121/><E28/><V29/><F29/><W79/><G102/><T106/><D26/><U76/><E94/><V9/><F9/><W95/><G130/><N who="2" m="49705" /><F64/><W126/><G126/><T39/><D39/><U113/><E113/><V125/><F125/><W115/><G115/><T67/><D67/><U70/><E70/><V42/><F86/><W10/><G20/><N who="2" m="7785" /><F132/><W71/><G93/><AGARI ba="4,0" hai="17,19,42,45,50,93,97,103" m="7785,49705" machi="93" ten="30,1000,0" yaku="19,1" doraHai="105" who="2" fromWho="3" sc="412,0,304,0,41,22,243,-22" /><INIT seed="6,0,0,5,1,31" ten="412,304,63,221" oya="2" hai0="91,68,109,108,38,107,11,135,17,81,51,16,122" hai1="85,129,47,41,29,123,84,105,134,59,69,45,26" hai2="8,87,7,103,115,75,50,28,53,93,35,48,14" hai3="24,116,128,33,60,106,64,94,72,98,12,119,112"/><V82/><F115/><W117/><G72/><T54/><D38/><U0/><E69/><V96/><F75/><W10/><G128/><T73/><D68/><U61/><E105/><V36/><F36/><W133/><G133/><T80/><D107/><U27/><E0/><V56/><F28/><N who="3" m="19591" /><G94/><T78/><D17/><U21/><E123/><V3/><F3/><W79/><G79/><T46/><D122/><U131/><E27/><V57/><F35/><W76/><G76/><T101/><D101/><U120/><E47/><V4/><F4/><W90/><G90/><T83/><D83/><U49/><E134/><V63/><REACH who="2" step="1"/><F56/><REACH who="2" ten="412,304,53,221" step="2"/><W102/><G112/><T2/><D2/><U88/><E120/><V118/><F118/><W126/><G117/><T20/><D135/><U99/><E131/><V6/><F6/><N who="3" m="3159" /><G126/><T18/><D73/><U55/><E129/><V34/><F34/><W52/><G119/><T25/><D18/><U71/><E71/><V104/><F104/><W127/><G116/><T30/><D16/><U111/><E29/><V67/><F67/><W23/><G64/><T100/><D30/><U114/><E59/><V95/><F95/><W42/><G127/><T132/><D132/><U110/><E114/><V89/><AGARI ba="0,1" hai="7,8,14,48,50,53,57,63,82,87,89,93,96,103" machi="89" ten="20,7800,0" yaku="1,1,0,1,7,1,8,1,53,0" doraHai="31" doraHaiUra="121" who="2" fromWho="2" sc="412,-26,304,-26,53,88,221,-26" /><INIT seed="6,1,0,5,4,35" ten="386,278,141,195" oya="2" hai0="83,122,64,118,14,18,34,110,109,49,60,112,78" hai1="55,124,8,72,62,95,54,61,5,20,88,15,13" hai2="66,131,19,4,92,100,12,37,56,81,63,77,7" hai3="45,96,120,115,46,68,42,67,89,44,29,52,87"/><V43/><F131/><W57/><G120/><T125/><D34/><U135/><E72/><V103/><F37/><W30/><G115/><T21/><D122/><U53/><E135/><V111/><F111/><W133/><G133/><T85/><D112/><U73/><E73/><V41/><F41/><W71/><G42/><T119/><D49/><U94/><E94/><V69/><F43/><W82/><G67/><T91/><D91/><U38/><E124/><V59/><F69/><W6/><G6/><N who="2" m="2089" /><F59/><W40/><G40/><T1/><D1/><U76/><E76/><V24/><F24/><W25/><G96/><T97/><D97/><N who="1" m="57575" /><E38/><V134/><F134/><W58/><G58/><N who="0" m="36887" /><D125/><U90/><E90/><V33/><F33/><W132/><G132/><T130/><D130/><U26/><E15/><V101/><F92/><W32/><REACH who="3" step="1"/><G30/><AGARI ba="1,0" hai="5,8,13,20,26,30,53,54,55,61,62" m="57575" machi="30" ten="30,2000,0" yaku="8,1,54,1" doraHai="35" who="1" fromWho="3" sc="386,0,278,23,141,0,195,-23" /><INIT seed="7,0,0,0,1,21" ten="386,301,141,172" oya="3" hai0="90,120,3,24,89,125,4,88,29,82,85,81,7" hai1="70,22,2,107,37,14,6,76,87,73,135,100,129" hai2="32,34,66,116,54,115,36,5,53,38,68,43,72" hai3="39,13,47,101,91,102,31,11,10,104,52,78,84"/><W62/><G78/><T99/><D120/><U131/><E73/><V42/><F72/><W119/><G119/><T113/><D3/><U25/><E37/><N who="2" m="14443" /><F5/><N who="0" m="2122" /><D113/><U46/><E70/><V9/><F9/><W124/><G31/><T112/><D125/><U117/><E46/><V114/><F116/><W97/><G124/><T40/><D40/><N who="2" m="15402" /><F68/><W33/><G102/><T8/><D8/><U121/><E14/><V23/><F23/><W108/><G13/><T15/><D15/><U80/><E121/><V79/><F79/><W93/><G84/><T127/><D112/><N who="2" m="43050" /><F66/><W71/><G93/><T95/><D127/><U123/><E100/><V44/><F44/><W74/><G47/><T50/><D82/><U122/><E107/><V106/><F106/><W27/><G91/><T77/><D29/><U12/><E117/><V94/><F94/><W60/><G74/><T118/><D118/><U26/><E2/><V19/><F19/><W96/><G96/><T51/><D90/><U28/><E12/><V128/><F128/><N who="1" m="49225" /><E6/><V65/><F65/><W49/><G101/><T59/><D89/><U18/><E123/><V57/><F57/><W132/><G104/><T92/><D59/><U103/><E103/><V67/><F67/><W75/><G71/><T35/><D92/><U20/><E122/><V17/><F17/><W64/><G64/><T1/><D1/><U130/><E130/><V56/><F56/><W109/><G75/><T110/><D95/><U58/><E58/><V126/><F126/><W63/><G97/><T0/><D99/><U61/><E28/><V133/><F133/><RYUUKYOKU ba="0,0" sc="386,-10,301,-10,141,30,172,-10" hai2="32,34,53,54" owari="376,47.6,291,9.1,171,-22.9,162,-33.8" /></mjloggm>