<mjloggm ver="2.3"><GO type="169" lobby="0"/><UN n0="%E5%8D%88%E5%BE%8C%E3%82%B4%E3%83%AA%E3%83%A9" n1="%E3%81%AA%E3%81%88%E3%81%A8%E3%82%8B" n2="%41%6D%61%79%62%65" n3="%E3%82%A2%E3%83%8B%E3%83%94%E3%83%B3%E3%83%87%E3%82%B9" dan="16,16,16,16" rate="2123.62,2135.30,2131.07,2083.77" sx="M,M,M,M"/><TAIKYOKU oya="0"/><INIT seed="0,0,0,0,4,5" ten="250,250,250,250" oya="0" hai0="87,27,26,115,68,116,92,123,66,101,8,109,93" hai1="25,107,53,20,23,7,29,86,103,91,127,88,76" hai2="120,14,126,62,31,44,55,48,89,45,134,2,102" hai3="37,33,110,28,70,51,13,56,63,117,30,64,58"/><T78/><D115/><U84/><E127/><V121/><F2/><W67/><G117/><T41/><D116/><U122/><E122/><V35/><F126/><W81/><G37/><T72/><D123/><U124/><E124/><V6/><F134/><W79/><G110/><T61/><D72/><U133/><E133/><V128/><F128/><W4/><G33/><T0/><D41/><U60/><E107/><V47/><F102/><W111/><G111/><T21/><D109/><U17/><E103/><V12/><F62/><W49/><G70/><T94/><D101/><U95/><E76/><V108/><F108/><W11/><G51/><T32/><D32/><U50/><E7/><V77/><F77/><W125/><G125/><T82/><REACH who="0" step="1"/><D21/><REACH who="0" ten="240,250,250,250" step="2"/><U75/><E75/><V99/><F35/><W43/><G43/><T130/><D130/><U135/><E135/><V90/><F120/><W40/><G40/><T19/><D19/><U16/><E23/><V34/><F34/><W129/><G129/><T15/><D15/><U97/><E17/><V119/><F14/><W52/><REACH who="3" step="1"/><G67/><REACH who="3" ten="240,250,250,240" step="2"/><T74/><D74/><AGARI ba="0,2" hai="4,11,13,28,30,49,52,56,58,63,64,74,79,81" machi="74" ten="30,12000,2" yaku="1,1,2,1,7,1,52,1,54,1,53,2" doraHai="5" doraHaiUra="54" who="3" fromWho="0" sc="240,-120,250,0,250,0,240,140" /><INIT seed="1,0,0,4,5,116" ten="120,250,250,380" oya="1" hai0="49,10,78,81,105,9,121,133,97,77,102,40,39" hai1="63,74,96,15,89,26,134,68,106,60,83,18,124" hai2="31,46,113,98,84,65,12,128,5,125,100,3,62" hai3="56,61,37,108,23,28,54,101,6,53,99,51,72"/><U130/><E134/><V57/><F128/><W32/><G37/><T90/><D133/><U71/><E130/><V16/><F125/><W107/><G72/><T120/><D39/><U132/><E132/><V0/><F113/><W58/><G108/><T76/><D40/><U47/><E124/><V24/><F84/><W69/><G69/><T131/><D131/><U42/><E26/><V41/><F5/><W110/><G110/><T112/><D49/><U111/><E111/><V25/><F46/><W122/><G122/><N who="0" m="47211" /><D112/><U87/><E74/><V2/><F31/><W11/><G32/><T1/><D1/><U13/><E13/><V30/><F30/><W7/><G11/><N who="0" m="4107" /><D90/><U129/><E129/><V135/><F41/><W34/><G34/><T94/><D94/><U104/><E104/><V123/><F123/><W75/><G107/><T20/><D20/><U127/><E127/><V17/><F135/><W21/><G21/><T80/><AGARI ba="0,0" hai="76,77,78,80,81,97,102,105" m="4107,47211" machi="80" ten="40,8000,1" yaku="13,1,52,3" doraHai="116" who="0" fromWho="0" sc="120,80,250,-40,250,-20,380,-20" /><INIT seed="2,0,0,0,2,43" ten="200,210,230,360" oya="2" hai0="71,101,93,88,90,112,129,94,47,59,1,72,108" hai1="78,107,35,3,111,131,75,26,73,128,121,124,34" hai2="48,98,127,113,104,92,110,74,119,18,117,2,57" hai3="79,103,12,24,125,22,29,32,16,77,52,44,45"/><V122/><F113/><W114/><G125/><T118/><D71/><U96/><E26/><V11/><F122/><W36/><G114/><T23/><D1/><U133/><E78/><V100/><F127/><W27/><G103/><T30/><D112/><U17/><E17/><V81/><F104/><W82/><G36/><T115/><D72/><N who="1" m="27723" /><E96/><V132/><F132/><W42/><G42/><T99/><D115/><U7/><E7/><V46/><F110/><W89/><G27/><N who="0" m="16767" /><D118/><U15/><E15/><V105/><F105/><W109/><G109/><T0/><D0/><U41/><E41/><V55/><F57/><W49/><REACH who="3" step="1"/><G45/><REACH who="3" ten="200,210,230,350" step="2"/><T126/><D108/><U33/><E111/><V106/><F106/><W70/><G70/><T62/><D126/><U25/><E124/><V134/><F134/><W8/><G8/><T58/><D129/><U14/><E107/><V135/><F135/><W10/><G10/><T6/><D6/><U51/><E133/><V63/><F11/><W130/><G130/><T68/><D68/><U80/><E25/><V20/><F117/><W4/><G4/><T40/><D101/><U66/><E128/><V95/><F119/><W61/><G61/><T116/><D62/><U87/><E131/><V69/><F63/><W67/><G67/><T65/><D65/><U53/><E66/><V19/><F69/><W76/><G76/><T13/><D116/><U123/><E121/><V50/><F100/><W39/><G39/><T9/><D40/><U28/><E123/><V31/><F46/><W64/><G64/><T21/><D47/><U86/><E51/><RYUUKYOKU ba="0,1" sc="200,-10,210,-10,230,-10,350,30" hai3="12,16,22,24,29,32,44,49,52,77,79,82,89" /><INIT seed="3,1,1,4,0,82" ten="190,200,220,380" oya="3" hai0="106,113,129,128,3,22,84,81,100,132,31,102,39" hai1="14,74,80,112,93,18,97,20,37,12,23,47,40" hai2="59,19,50,87,109,79,66,135,8,89,123,103,104" hai3="36,7,108,69,57,51,127,72,56,96,111,117,92"/><W35/><G117/><T32/><D39/><U101/><E112/><V42/><F109/><N who="3" m="42059" /><G36/><T45/><D3/><U1/><E1/><V41/><F135/><W54/><G69/><T4/><D4/><U33/><E33/><V60/><F123/><W121/><G121/><T86/><D32/><U126/><E126/><V116/><F79/><W124/><G72/><T44/><D81/><U85/><E74/><V65/><F116/><W73/><G73/><T98/><D102/><U53/><E53/><V115/><F115/><W30/><G7/><T75/><D75/><U21/><REACH who="1" step="1"/><E14/><REACH who="1" ten="190,190,220,380" step="2"/><V68/><F66/><W24/><G124/><T49/><D113/><U62/><E62/><V5/><F65/><W67/><G127/><T110/><D110/><U38/><E38/><V114/><F60/><W0/><G0/><T27/><D132/><U58/><E58/><V13/><F114/><W17/><G67/><T28/><D45/><U25/><E25/><V16/><F68/><W52/><G54/><N who="0" m="29991" /><D31/><U6/><E6/><V70/><F70/><W122/><G122/><T131/><AGARI ba="1,2" hai="22,27,28,84,86,98,100,106,128,129,131" m="29991" machi="131" ten="30,4000,0" yaku="19,1,52,2" doraHai="82" who="0" fromWho="0" sc="190,63,190,-11,220,-11,380,-21" /><INIT seed="4,0,0,2,3,3" ten="253,179,209,359" oya="0" hai0="15,55,125,45,19,17,50,89,93,102,43,132,18" hai1="61,110,31,105,90,117,2,129,80,26,81,20,72" hai2="44,59,49,7,35,107,119,135,53,27,77,63,75" hai3="99,34,13,113,126,100,70,40,96,38,21,134,48"/><T87/><D125/><U68/><E110/><V30/><F135/><W97/><G34/><T86/><D132/><U10/><E117/><V121/><F119/><W23/><G134/><T78/><D102/><U131/><E105/><V101/><F121/><W46/><G70/><T118/><D118/><U66/><E72/><V98/><F77/><W123/><G126/><T109/><D109/><U95/><E81/><V82/><F82/><W127/><G127/><T84/><D78/><U85/><REACH who="1" step="1"/><E80/><REACH who="1" ten="253,169,209,359" step="2"/><V1/><F75/><W71/><G123/><T74/><D74/><U29/><E29/><V8/><REACH who="2" step="1"/><F63/><REACH who="2" ten="253,169,199,359" step="2"/><W9/><G113/><T54/><REACH who="0" step="1"/><D15/><REACH who="0" ten="243,169,199,359" step="2"/><U42/><E42/><V115/><F115/><W124/><G124/><T73/><D73/><U33/><E33/><V116/><F116/><W103/><G13/><T111/><D111/><U22/><E22/><V92/><F92/><W67/><G23/><T14/><D14/><U62/><E62/><V24/><F24/><W91/><G21/><T37/><D37/><U83/><E83/><V122/><F122/><W52/><G38/><T41/><D41/><U56/><E56/><AGARI ba="0,3" hai="1,7,8,27,30,35,44,49,53,56,59,98,101,107" machi="56" ten="40,2600,0" yaku="1,1,52,1,53,0" doraHai="3" doraHaiUra="79" who="2" fromWho="1" sc="243,0,169,-26,199,56,359,0" /><INIT seed="5,0,0,1,3,119" ten="243,143,255,359" oya="1" hai0="42,3,60,55,114,121,89,126,44,5,117,59,21" hai1="94,101,93,63,82,10,15,70,134,43,85,18,38" hai2="16,25,62,67,135,98,95,100,80,1,73,35,48" hai3="132,45,107,103,14,97,76,116,130,84,9,20,83"/><U13/><E134/><V104/><F135/><W47/><G132/><T124/><D117/><U29/><E29/><V109/><F109/><W87/><G116/><T31/><D5/><U111/><E111/><V37/><F37/><W50/><G130/><T127/><D3/><U113/><E113/><V120/><F1/><W26/><G84/><T81/><D114/><U133/><E133/><V40/><F40/><W99/><G99/><T8/><D8/><U112/><E112/><V115/><F48/><W125/><G125/><T72/><D21/><U129/><E129/><V51/><F51/><W78/><G78/><T23/><D23/><U52/><E101/><V49/><F49/><W108/><G108/><T74/><D31/><U61/><E70/><N who="2" m="42359" /><F95/><N who="3" m="58815" /><G50/><N who="0" m="26903" /><D121/><U96/><E93/><V79/><F16/><N who="3" m="8271" /><G107/><T27/><D27/><U36/><E43/><V123/><F115/><W6/><G6/><T17/><D17/><AGARI ba="0,0" hai="17,20,26,45,47,76,83,87" m="8271,58815" machi="17" ten="30,2000,0" yaku="8,1,54,1" doraHai="119" who="3" fromWho="0" sc="243,-20,143,0,255,0,359,20" /><INIT seed="6,0,0,4,4,65" ten="223,143,255,379" oya="2" hai0="83,55,117,52,61,40,118,74,48,102,103,131,64" hai1="75,69,35,63,31,1,80,128,59,60,111,33,135" hai2="56,116,24,92,95,9,39,18,109,106,49,82,125" hai3="16,14,28,47,21,94,84,121,10,119,114,4,34"/><V15/><F116/><N who="0" m="44650" /><D74/><U54/><E111/><V90/><F39/><W100/><G121/><T67/><D83/><U17/><E128/><V108/><F106/><W13/><G119/><T38/><D102/><U123/><E135/><V51/><F125/><W2/><G114/><T32/><D32/><U112/><E112/><V12/><F24/><N who="3" m="18695" /><G47/><N who="0" m="23959" /><D103/><U68/><E1/><V27/><F27/><W88/><G14/><T73/><D73/><U77/><E123/><V105/><F105/><W58/><G58/><N who="0" m="35015" /><D131/><U97/><E60/><V37/><F82/><W101/><AGARI ba="0,0" hai="2,4,10,13,16,21,84,88,94,100,101" m="18695" machi="101" ten="30,4000,0" yaku="24,1,54,2" doraHai="65" who="3" fromWho="3" sc="223,-10,143,-10,255,-20,379,40" /><INIT seed="7,0,0,3,1,68" ten="213,133,235,419" oya="3" hai0="105,78,28,14,63,48,20,85,102,62,81,51,7" hai1="52,133,112,41,24,60,26,97,1,131,59,101,65" hai2="95,123,33,111,32,21,73,29,69,6,55,110,91" hai3="0,107,89,116,44,71,124,70,86,109,128,121,50"/><W61/><G107/><T87/><D105/><U118/><E131/><V135/><F73/><W67/><G0/><T49/><D102/><U82/><E133/><V76/><F76/><W90/><G121/><T75/><D75/><U5/><E112/><V132/><F69/><W120/><G120/><T119/><D119/><U53/><E118/><V88/><F6/><W54/><G71/><T98/><D98/><U77/><E1/><V113/><F113/><W10/><G90/><N who="2" m="34345" /><F95/><W103/><G103/><T30/><D87/><U15/><E5/><V79/><F79/><W45/><G124/><T72/><D72/><U22/><E15/><V93/><F93/><W126/><G126/><T9/><REACH who="0" step="1"/><D20/><REACH who="0" ten="203,133,235,419" step="2"/><U74/><E41/><V12/><F123/><W94/><G86/><T46/><D46/><U58/><E22/><V36/><F33/><W18/><G44/><T31/><AGARI ba="0,1" hai="7,9,14,28,30,31,48,49,51,62,63,78,81,85" machi="31" ten="30,7900,0" yaku="1,1,0,1,8,1,53,1" doraHai="68" doraHaiUra="83" who="0" fromWho="0" sc="203,89,133,-20,235,-20,419,-39" owari="292,9.2,113,-38.7,215,-18.5,380,48.0" /></mjloggm>