<mjloggm ver="2.3"><GO type="169" lobby="0"/><UN n0="%53%63%61%6E%64%61%6C" n1="%E3%83%93%E3%83%81%E3%83%A3%E5%B1%B1%E3%83%93%E3%83%81%E3%83%A3%E7%94%B7" n2="%E3%81%BF%E3%82%84%E3%81%AF%E3%82%89" n3="%E3%83%81%E3%83%A5%E3%83%BC%E3%83%88%E7%A6%8F%E7%94%B0%E4%BC%BC" dan="16,16,16,16" rate="2140.33,2116.97,2056.79,2122.34" sx="M,M,M,M"/><TAIKYOKU oya="0"/><INIT seed="0,0,0,5,3,95" ten="250,250,250,250" oya="0" hai0="10,70,102,8,71,37,29,135,79,76,93,75,90" hai1="91,16,20,25,104,66,9,36,33,131,120,81,5" hai2="77,126,122,118,123,56,100,63,53,30,46,96,134" hai3="117,51,64,87,69,80,50,94,130,107,106,54,48"/><T13/><D37/><U132/><E132/><V86/><F126/><W21/><G117/><T128/><D135/><U19/><E131/><V49/><F134/><W88/><G130/><T62/><D102/><U55/><E120/><V89/><F118/><W114/><G114/><T124/><D124/><U26/><E36/><V125/><F125/><W110/><G110/><T78/><D128/><U82/><E104/><V7/><F77/><W41/><G41/><T35/><D62/><U32/><E66/><V115/><F115/><W23/><G54/><T12/><D29/><U108/><E55/><V119/><F119/><W99/><G64/><T98/><D35/><U73/><E108/><V3/><F7/><W31/><G69/><T1/><D1/><U11/><E91/><V92/><F3/><W24/><REACH who="3" step="1"/><G23/><REACH who="3" ten="250,250,250,240" step="2"/><T74/><D71/><U22/><E73/><V52/><REACH who="2" step="1"/><F30/><REACH who="2" ten="250,250,240,240" step="2"/><W14/><G14/><T72/><REACH who="0" step="1"/><D70/><REACH who="0" ten="240,250,240,240" step="2"/><U59/><E32/><V27/><F27/><W133/><G133/><T112/><D112/><U84/><E33/><V44/><F44/><W4/><G4/><T109/><D109/><U47/><E47/><V129/><F129/><W127/><G127/><T61/><D61/><U17/><E5/><V42/><F42/><W83/><G83/><AGARI ba="0,3" hai="46,49,52,53,56,63,83,86,89,92,96,100,122,123" machi="83" ten="30,7700,0" yaku="1,1,7,1,52,1,54,1,53,0" doraHai="95" doraHaiUra="6" who="2" fromWho="3" sc="240,0,250,0,240,107,240,-77" /><INIT seed="1,0,0,3,0,13" ten="240,250,347,163" oya="1" hai0="31,8,56,75,98,116,128,9,39,89,84,129,81" hai1="6,48,47,29,11,80,133,134,113,94,49,88,36" hai2="112,1,50,4,110,97,106,15,70,114,52,57,46" hai3="68,122,60,14,92,35,41,25,100,61,132,119,7"/><U72/><E113/><N who="2" m="43627" /><F110/><W20/><G132/><N who="1" m="50794" /><E29/><V93/><F106/><W102/><G35/><T76/><D116/><U96/><E36/><V85/><F70/><W17/><G122/><T91/><D39/><U135/><N who="1" m="50802" /><U44/><DORA hai="125" /><E72/><V22/><F85/><W95/><G41/><T30/><D56/><U126/><E126/><V101/><F1/><W105/><G105/><T64/><D98/><U69/><E69/><V55/><F4/><W73/><G73/><T21/><D31/><U82/><E48/><V115/><F115/><W109/><G68/><T87/><D64/><U103/><E103/><N who="3" m="39466" /><G109/><T65/><D65/><U66/><E66/><V117/><F117/><W45/><G45/><N who="1" m="17482" /><E49/><V83/><F83/><W2/><G2/><AGARI ba="0,0" hai="2,6,11,80,82,88,94,96" m="17482,50802" machi="2" ten="40,3900,0" yaku="20,1,54,1" doraHai="13,125" who="1" fromWho="3" sc="240,0,250,39,347,0,163,-39" /><INIT seed="1,1,0,0,2,107" ten="240,289,347,124" oya="1" hai0="33,0,72,57,55,46,8,115,88,52,70,62,49" hai1="14,132,127,85,83,103,69,135,100,76,120,41,36" hai2="53,30,94,42,104,121,31,102,108,64,29,111,47" hai3="61,91,26,114,118,95,84,71,3,112,39,59,67"/><U81/><E69/><V10/><F104/><W1/><G39/><T92/><D33/><U113/><E41/><V134/><F121/><W75/><G75/><T19/><D115/><U90/><E36/><V77/><F64/><W34/><G118/><T5/><D70/><U40/><E40/><V9/><F134/><N who="1" m="51241" /><E14/><V16/><F53/><W65/><G34/><T82/><D19/><U13/><E13/><N who="2" m="7215" /><F77/><W119/><G26/><T50/><D82/><U22/><E22/><V106/><F10/><W117/><G59/><T35/><D35/><U23/><E23/><V2/><F106/><W12/><G12/><T105/><D105/><U28/><E28/><V66/><F66/><W96/><G61/><T126/><D126/><U45/><E45/><V48/><F2/><W125/><G71/><T17/><D17/><U98/><E120/><V128/><F128/><W86/><G125/><T18/><D18/><U24/><E24/><V58/><F58/><W93/><G96/><T133/><D133/><U32/><E32/><V74/><F30/><W73/><G91/><T97/><REACH who="0" step="1"/><D62/><REACH who="0" ten="230,289,347,124" step="2"/><U130/><E127/><V101/><F29/><W44/><G114/><T122/><D122/><U11/><E113/><V38/><F31/><W109/><G112/><T129/><D129/><U68/><E68/><V123/><F123/><W25/><G117/><T116/><D116/><U43/><E130/><V124/><F124/><W131/><G119/><T27/><D27/><U7/><E83/><V89/><F111/><W54/><G131/><T4/><D4/><U51/><E7/><V60/><F108/><RYUUKYOKU ba="1,1" sc="230,30,289,-10,347,-10,124,-10" hai0="0,5,8,46,49,50,52,55,57,72,88,92,97" /><INIT seed="2,2,1,2,0,98" ten="260,279,337,114" oya="2" hai0="27,112,11,132,93,133,36,91,26,75,25,128,125" hai1="71,110,84,20,59,31,22,80,4,97,18,7,102" hai2="123,104,114,3,13,79,77,43,62,90,117,67,127" hai3="40,47,76,54,82,44,2,24,95,46,58,129,16"/><V122/><F114/><W107/><G107/><T64/><D36/><U53/><E110/><V63/><F117/><W45/><G2/><T56/><D75/><U100/><E31/><V99/><F3/><W78/><G129/><T116/><D112/><U89/><E71/><V37/><F127/><W113/><G113/><T21/><D116/><U61/><E22/><V29/><F29/><W118/><G118/><T130/><D11/><U55/><E53/><V108/><F63/><W17/><G95/><T12/><D12/><U28/><E28/><V135/><F135/><N who="0" m="51786" /><D64/><U72/><E72/><V35/><F35/><W103/><G103/><N who="1" m="39466" /><E97/><V87/><F99/><W85/><G78/><T119/><D56/><U48/><E61/><V83/><F104/><W68/><G24/><AGARI ba="2,1" hai="4,7,18,20,24,48,55,59,80,84,89" m="39466" machi="24" ten="30,7700,0" yaku="8,1,52,3" doraHai="98" who="1" fromWho="3" sc="260,0,279,93,337,0,114,-83" /><INIT seed="3,0,0,2,4,85" ten="260,372,337,31" oya="3" hai0="102,63,54,19,44,111,118,0,97,100,95,34,16" hai1="72,17,74,71,27,90,92,89,61,6,104,107,69" hai2="126,18,86,120,93,68,11,40,122,113,3,130,127" hai3="42,45,65,14,53,38,98,13,119,101,79,66,64"/><W26/><G119/><T50/><D111/><U135/><E6/><V23/><F113/><W20/><G79/><T108/><D118/><U4/><E4/><N who="2" m="1439" /><F68/><W25/><G53/><T41/><D34/><U56/><E135/><V8/><F40/><W30/><REACH who="3" step="1"/><G26/><REACH who="3" ten="260,372,337,21" step="2"/><T116/><D116/><U76/><E76/><V67/><F122/><W110/><G110/><T128/><D108/><U12/><E27/><V22/><F120/><W84/><G84/><T70/><D54/><U59/><E74/><V33/><F86/><W37/><G37/><T82/><D41/><U60/><E72/><V52/><F52/><W103/><G103/><T132/><D102/><U1/><E61/><V129/><F127/><W109/><G109/><T36/><D100/><U87/><E87/><V131/><F126/><W24/><G24/><T43/><D36/><U28/><E60/><V115/><F131/><W114/><G114/><T78/><D43/><U134/><E134/><V88/><F115/><W10/><G10/><T124/><D78/><U29/><E89/><V91/><F8/><W123/><G123/><T112/><D124/><U15/><E90/><V2/><F88/><W55/><G55/><T94/><D132/><U35/><E104/><AGARI ba="0,1" hai="13,14,20,25,30,38,42,45,64,65,66,98,101,104" machi="104" ten="40,3900,0" yaku="1,1,53,1" doraHai="85" doraHaiUra="39" who="3" fromWho="1" sc="260,0,372,-39,337,0,21,49" /><INIT seed="3,1,0,5,5,2" ten="260,333,337,70" oya="3" hai0="5,73,107,122,32,93,86,116,19,96,131,82,50" hai1="28,35,49,126,9,109,89,11,7,45,38,81,17" hai2="91,133,12,42,69,104,77,57,22,114,1,58,40" hai3="4,63,111,78,115,128,134,53,37,118,106,41,44"/><W29/><G118/><T132/><D32/><U60/><E109/><V15/><F1/><W43/><G111/><T62/><D62/><U110/><E126/><V64/><F22/><W101/><G115/><T119/><D19/><U0/><E38/><V27/><F27/><W67/><G134/><T85/><D50/><U54/><E110/><V108/><F77/><W3/><G128/><T14/><D14/><U72/><E60/><V124/><F108/><W30/><G78/><T36/><D36/><U121/><E121/><V48/><F91/><W87/><G87/><T21/><D21/><U102/><E102/><V117/><F104/><W34/><G53/><T8/><D85/><U33/><E28/><V51/><F64/><W47/><G101/><T65/><D107/><U80/><E80/><V26/><F26/><W88/><G106/><T113/><D119/><U112/><E112/><V130/><F117/><W83/><G83/><T70/><D82/><U75/><E75/><V127/><F114/><W74/><G74/><T25/><D73/><U103/><E103/><V71/><REACH who="2" step="1"/><F130/><REACH who="2" ten="260,333,327,70" step="2"/><W31/><G88/><N who="0" m="55335" /><D131/><U61/><E0/><V79/><F79/><W18/><G18/><T46/><D116/><U105/><E17/><V59/><F59/><W23/><G34/><T120/><D113/><U10/><E35/><V100/><F100/><W56/><G23/><T123/><D123/><U76/><E33/><V6/><F6/><W125/><G125/><T39/><D122/><U13/><E105/><V129/><F129/><W97/><G4/><T92/><D120/><U68/><E89/><RYUUKYOKU ba="1,1" sc="260,-15,333,15,327,15,70,-15" hai1="7,9,10,11,13,45,49,54,61,68,72,76,81" hai2="12,15,40,42,48,51,57,58,69,71,124,127,133" /><INIT seed="4,2,1,4,5,69" ten="245,348,342,55" oya="0" hai0="71,11,26,63,100,129,95,124,96,61,56,15,133" hai1="107,13,39,5,78,125,46,1,82,130,29,119,52" hai2="43,23,53,111,48,3,2,41,85,37,33,126,105" hai3="27,117,32,8,110,73,54,93,30,38,55,31,74"/><T80/><D129/><U77/><E119/><V98/><F111/><W127/><G117/><T12/><D133/><U81/><E107/><V47/><F33/><W25/><G110/><T97/><D124/><U34/><E125/><V9/><F43/><W16/><G127/><T123/><D123/><U87/><E1/><V112/><F112/><W45/><G93/><T19/><D71/><U90/><E34/><V62/><F62/><W116/><G116/><T75/><D26/><U104/><E104/><V115/><F115/><W101/><G101/><T42/><D42/><U103/><E39/><V92/><F105/><W113/><G113/><T66/><D63/><U58/><E46/><V65/><F65/><W121/><G121/><T102/><D15/><U83/><E103/><V72/><F9/><W76/><G76/><N who="1" m="29290" /><E29/><V68/><F72/><W36/><G45/><T50/><D50/><N who="1" m="30999" /><E130/><V128/><F68/><W70/><G70/><T21/><D75/><U79/><N who="1" m="29298" /><U51/><DORA hai="88" /><E51/><V131/><F126/><W24/><G24/><T67/><D80/><U120/><E120/><V20/><F3/><W0/><G0/><T18/><D67/><U44/><E44/><V99/><F2/><W60/><G60/><T6/><REACH who="0" step="1"/><D21/><REACH who="0" ten="235,348,342,55" step="2"/><U108/><E108/><V94/><F23/><W7/><G32/><T10/><D10/><AGARI ba="2,2" hai="5,10,13,81,82,83,87,90" m="30999,29298" machi="10" ten="30,2000,0" yaku="8,1,54,1" doraHai="69,88" who="1" fromWho="0" sc="235,-26,348,46,342,0,55,0" /><INIT seed="5,0,0,1,4,49" ten="209,394,342,55" oya="1" hai0="73,93,38,110,55,43,51,120,116,86,95,106,39" hai1="44,97,52,102,103,10,118,131,84,58,77,0,24" hai2="45,61,46,81,66,123,5,32,72,104,27,67,6" hai3="89,78,16,133,15,26,60,126,113,12,125,47,88"/><U11/><E118/><V119/><F119/><W37/><G78/><T107/><D73/><U122/><E122/><V23/><F32/><W65/><G113/><T21/><D110/><U63/><E131/><V41/><F104/><W111/><G111/><T3/><D3/><U35/><E35/><V68/><F67/><W50/><G37/><T134/><D116/><U87/><E0/><V135/><F135/><W7/><G26/><T57/><D134/><U22/><E44/><V80/><F46/><W124/><G7/><T127/><D127/><N who="3" m="32513" /><W109/><DORA hai="96" /><G12/><T101/><D120/><U4/><E97/><V132/><F132/><W83/><G83/><T92/><D43/><U54/><E4/><V75/><F81/><W18/><G109/><T59/><D39/><U115/><E115/><V53/><F123/><W56/><G133/><T69/><D38/><U99/><E99/><V62/><F80/><W112/><G112/><T30/><D69/><U130/><E11/><V34/><F34/><W31/><G31/><T98/><D106/><U20/><E10/><V71/><F75/><W13/><G13/><T91/><REACH who="0" step="1"/><D59/><REACH who="0" ten="199,394,342,55" step="2"/><N who="1" m="35319" /><E130/><V94/><F72/><W29/><G29/><T8/><D8/><U100/><E22/><V36/><F68/><W70/><G70/><T76/><D76/><U90/><E77/><V9/><F9/><N who="3" m="6255" /><G18/><T2/><D2/><U33/><E33/><V48/><F36/><W74/><G74/><T117/><D117/><U121/><E121/><V42/><F71/><W114/><G114/><T28/><D28/><U128/><E128/><V19/><F42/><AGARI ba="0,1" hai="42,47,50,56,60,65,88,89" m="6255,32513" machi="42" ten="40,8000,1" yaku="6,1,18,1,54,2" doraHai="49,96" who="3" fromWho="2" sc="199,0,394,0,342,-80,55,90" /><INIT seed="6,0,0,5,1,54" ten="199,394,262,145" oya="2" hai0="70,17,123,22,13,86,108,7,75,62,69,128,43" hai1="44,52,2,92,107,72,130,51,77,82,114,117,30" hai2="0,3,55,61,104,119,57,64,41,109,15,100,47" hai3="10,84,65,88,125,131,66,73,14,60,122,101,1"/><V111/><F119/><W120/><G73/><T32/><D75/><U45/><E107/><V25/><F104/><W91/><G1/><T21/><D32/><U90/><E117/><V67/><F100/><W16/><G125/><T9/><D123/><U58/><E2/><V36/><F25/><W126/><G101/><T115/><D108/><N who="2" m="41546" /><F15/><W99/><G131/><T50/><D128/><U83/><E130/><V76/><F76/><W48/><G48/><T19/><D115/><U133/><E114/><V98/><F98/><W26/><G26/><T81/><D62/><U78/><E30/><V97/><F97/><W89/><G99/><T42/><D69/><U68/><E133/><V23/><F23/><W96/><G96/><T37/><D70/><U94/><E68/><N who="2" m="41999" /><F67/><W40/><G40/><T132/><D42/><U49/><E90/><V110/><N who="2" m="41554" /><V93/><DORA hai="6" /><F93/><W112/><G112/><T29/><D22/><U59/><E72/><V102/><F102/><W27/><G27/><T116/><D116/><U28/><E28/><V18/><F18/><W12/><G126/><T35/><D29/><U8/><E8/><V127/><F127/><W33/><G33/><T134/><D35/><U34/><E34/><V129/><F129/><W135/><G135/><N who="0" m="51755" /><D21/><U95/><E95/><V63/><AGARI ba="0,0" hai="0,3,36,41,47,55,57,63" m="41999,41554" machi="63" ten="40,3900,0" yaku="10,1,52,1" doraHai="54,6" who="2" fromWho="2" sc="199,-13,394,-13,262,39,145,-13" /><INIT seed="6,1,0,2,4,123" ten="186,381,301,132" oya="2" hai0="124,89,45,90,0,82,39,58,9,11,43,48,100" hai1="14,91,109,15,84,72,116,36,37,96,47,105,4" hai2="22,5,101,73,68,133,26,40,126,120,102,64,69" hai3="2,30,75,33,16,52,7,38,94,93,35,32,127"/><V118/><F120/><W31/><G127/><T79/><D124/><U117/><E109/><V57/><F126/><W74/><G38/><T76/><D100/><U111/><E111/><V121/><F118/><W98/><G7/><T61/><D79/><U85/><E96/><V70/><F121/><W42/><G2/><T63/><D61/><U113/><E4/><V135/><F73/><W56/><G42/><T59/><D58/><U21/><E21/><V29/><F5/><W3/><G3/><T122/><D48/><U129/><E72/><V17/><F40/><W107/><G107/><T12/><D9/><U49/><E113/><V77/><F77/><W125/><G125/><T25/><D25/><U87/><E129/><V65/><F29/><W23/><G93/><T6/><D12/><U44/><E91/><V108/><F108/><W53/><G74/><N who="0" m="43287" /><D122/><U71/><E71/><V41/><F41/><W34/><N who="3" m="8192" /><DORA hai="104" /><W80/><G80/><T10/><D10/><U1/><E49/><V86/><F86/><W134/><G75/><T55/><AGARI ba="1,0" hai="0,6,11,39,43,45,55,59,63,89,90" m="43287" machi="55" ten="30,2000,0" yaku="25,1,52,1" doraHai="123,104" who="0" fromWho="0" sc="186,23,381,-6,301,-11,132,-6" /><INIT seed="7,0,0,5,5,119" ten="209,375,290,126" oya="3" hai0="40,117,87,70,101,57,14,58,122,95,53,106,115" hai1="112,127,121,63,60,85,33,80,12,68,3,105,96" hai2="78,44,114,104,0,123,49,10,35,64,65,50,51" hai3="16,133,48,22,39,82,81,126,5,25,125,92,55"/><W77/><G39/><T124/><D70/><U66/><E3/><V86/><F114/><W103/><G5/><T62/><D106/><U4/><E127/><V6/><F104/><W1/><G1/><T108/><D40/><U20/><E63/><V52/><F35/><W113/><G113/><T38/><D38/><U94/><E33/><V42/><F50/><W15/><G133/><T54/><D117/><U18/><E105/><V128/><F128/><W118/><G118/><T67/><D115/><U29/><E29/><V69/><F69/><W83/><G77/><T76/><D108/><U132/><E4/><V90/><F78/><W24/><G103/><T131/><D124/><N who="3" m="47721" /><G92/><T102/><D131/><U13/><E13/><V28/><F28/><W46/><AGARI ba="0,0" hai="15,16,22,24,25,46,48,55,81,82,83" m="47721" machi="46" ten="30,3000,0" yaku="18,1,54,1" doraHai="119" who="3" fromWho="3" sc="209,-10,375,-10,290,-10,126,30" /><INIT seed="7,1,0,2,5,115" ten="199,365,280,156" oya="3" hai0="97,37,30,63,15,106,92,6,103,74,86,8,94" hai1="123,51,65,110,133,83,57,95,126,24,33,119,21" hai2="36,20,64,42,14,47,99,67,11,5,124,18,102" hai3="96,78,27,58,118,88,128,130,120,38,89,107,109"/><W4/><G38/><T43/><D74/><U66/><E110/><V26/><REACH who="2" step="1"/><F124/><REACH who="2" ten="199,365,270,156" step="2"/><W73/><G109/><T28/><D30/><U101/><E126/><V17/><F17/><W85/><G120/><T71/><D28/><U25/><E123/><V53/><F53/><W135/><G135/><T7/><D7/><U0/><E133/><V9/><F9/><W12/><G4/><T13/><D8/><U2/><E119/><V112/><F112/><W72/><G12/><T48/><D15/><U122/><E122/><V3/><F3/><W104/><G27/><T40/><D13/><U41/><E0/><V84/><F84/><W79/><G58/><T134/><D86/><U62/><E2/><V127/><F127/><W45/><G45/><T60/><D6/><U87/><E25/><V1/><F1/><W54/><G54/><T117/><D117/><U46/><E87/><V22/><F22/><W108/><G85/><T131/><D134/><U52/><E33/><V76/><F76/><W50/><G50/><T59/><D48/><U114/><E114/><V61/><F61/><W81/><G108/><T125/><D63/><U80/><E21/><V75/><F75/><W56/><G56/><T105/><D59/><U29/><E24/><V93/><AGARI ba="1,1" hai="5,11,14,18,20,26,36,42,47,64,67,93,99,102" machi="93" ten="20,8000,1" yaku="21,2,0,1,7,1,53,1" doraHai="115" doraHaiUra="90" who="2" fromWho="2" sc="199,-21,365,-21,270,93,156,-41" owari="178,-22.2,344,14.4,363,46.3,115,-38.5" /></mjloggm>