<mjloggm ver="2.3"><GO type="169" lobby="0"/><UN n0="%50%6F%6F%48%65%3F" n1="%61%79%61%70%69%6E" n2="%78%78%E3%81%9D%E3%81%B0" n3="%44%61%72%6B%72%69%64%65" dan="16,16,16,16" rate="2155.38,2152.37,2113.29,2196.05" sx="F,M,M,M"/><TAIKYOKU oya="0"/><INIT seed="0,0,0,4,0,37" ten="250,250,250,250" oya="0" hai0="3,88,34,128,105,81,59,39,51,43,46,36,77" hai1="48,14,97,55,72,10,101,40,49,45,13,82,104" hai2="129,53,41,118,107,110,35,122,75,23,18,56,17" hai3="69,42,32,106,127,1,71,135,124,27,134,116,68"/><T58/><D3/><U90/><E72/><V114/><F75/><W67/><G1/><T89/><D34/><U80/><E90/><V74/><F35/><W119/><G106/><T7/><D7/><U5/><REACH who="1" step="1"/><E14/><REACH who="1" ten="250,240,250,250" step="2"/><V91/><F74/><W19/><G116/><T130/><D105/><U54/><E54/><V0/><F91/><W38/><G119/><T65/><D65/><U78/><E78/><V83/><F53/><W64/><G64/><T6/><D77/><U60/><E60/><V126/><F0/><W99/><G67/><T117/><D117/><U87/><E87/><V62/><F118/><W4/><G99/><T92/><D128/><U57/><AGARI ba="0,1" hai="5,10,13,40,45,48,49,55,57,80,82,97,101,104" machi="57" ten="20,8000,1" yaku="1,1,0,1,7,1,52,1,53,1" doraHai="37" doraHaiUra="8" who="1" fromWho="1" sc="250,-40,240,90,250,-20,250,-20" /><INIT seed="1,0,0,0,5,86" ten="210,330,230,230" oya="1" hai0="89,4,87,37,32,88,53,28,90,16,24,80,75" hai1="65,42,30,96,46,79,39,76,77,10,36,98,55" hai2="114,13,81,60,97,101,5,111,124,35,62,115,105" hai3="17,9,48,27,29,70,6,59,83,8,49,94,109"/><U63/><E39/><V110/><F35/><W133/><G70/><T19/><D75/><U61/><E30/><V108/><F124/><W23/><G109/><T100/><D37/><U134/><E134/><V129/><F129/><W106/><G106/><T84/><D4/><U52/><E10/><V58/><F81/><W82/><G133/><T15/><D100/><U102/><E61/><V74/><F74/><W78/><G94/><T116/><D116/><U121/><E121/><V54/><F62/><W31/><G82/><T93/><D90/><U2/><E2/><V20/><F5/><W92/><G92/><T131/><D131/><U119/><E119/><V68/><F68/><W40/><G9/><T122/><D122/><U85/><E85/><V3/><F3/><W103/><G103/><T45/><REACH who="0" step="1"/><D15/><REACH who="0" ten="200,330,230,230" step="2"/><U66/><E102/><V7/><F7/><W95/><G6/><T47/><D47/><U26/><E46/><V126/><F126/><W41/><G78/><T50/><AGARI ba="0,1" hai="16,19,24,28,32,45,50,53,80,84,87,88,89,93" machi="50" ten="30,16000,3" yaku="1,1,0,1,52,2,54,2,53,2" doraHai="86" doraHaiUra="12" who="0" fromWho="0" sc="200,170,330,-80,230,-40,230,-40" /><INIT seed="2,0,0,0,4,86" ten="370,250,190,190" oya="2" hai0="56,120,41,130,90,69,110,77,17,36,6,48,124" hai1="43,31,61,46,117,60,58,12,4,63,109,9,89" hai2="23,133,30,94,118,8,44,93,38,115,76,14,24" hai3="51,64,85,49,67,68,78,123,37,95,81,111,65"/><V103/><F118/><W113/><G68/><T19/><D120/><U27/><E117/><V121/><F133/><W57/><G37/><T5/><D69/><U97/><E109/><V116/><F121/><W104/><G104/><T75/><D110/><U62/><E97/><V82/><F116/><W52/><G123/><T20/><D130/><U7/><E7/><V132/><F132/><W66/><G111/><T45/><D124/><U88/><N who="1" m="15360" /><DORA hai="105" /><U100/><E100/><V106/><F115/><W18/><G113/><T70/><D70/><U13/><E58/><V84/><F106/><W92/><N who="3" m="16384" /><DORA hai="112" /><W71/><G71/><T39/><D90/><U28/><E12/><V122/><F103/><W119/><G119/><T29/><D29/><N who="1" m="11339" /><E27/><V102/><F102/><W129/><G129/><T74/><D56/><U59/><E59/><V2/><F2/><W98/><G49/><AGARI ba="0,0" hai="4,9,13,43,46,49,88,89" m="11339,15360" machi="49" ten="40,8000,1" yaku="8,1,52,2,54,1" doraHai="86,105,112" who="1" fromWho="3" sc="370,0,250,80,190,0,190,-80" /><INIT seed="3,0,0,2,5,48" ten="370,330,190,110" oya="3" hai0="68,52,113,91,53,38,107,1,67,47,96,122,135" hai1="119,17,73,70,111,59,21,18,82,109,29,92,4" hai2="19,63,83,85,0,110,128,16,54,65,106,66,90" hai3="114,120,28,112,2,71,97,27,108,105,80,50,7"/><W58/><G71/><T102/><D122/><U64/><E70/><V72/><F72/><W14/><G120/><T9/><D135/><U30/><E119/><V104/><F0/><W129/><G2/><T75/><D113/><U121/><E4/><V37/><F37/><W12/><G80/><T34/><D34/><U115/><E121/><V123/><F123/><W130/><G108/><N who="1" m="41546" /><E17/><V118/><F118/><W95/><G105/><T40/><D75/><U60/><E115/><V10/><F128/><N who="3" m="49259" /><G7/><T132/><D132/><U6/><E6/><V35/><F35/><N who="3" m="20895" /><G114/><T8/><D1/><U57/><E92/><V36/><F36/><W15/><G112/><T101/><D101/><U74/><E57/><V98/><F110/><W78/><G78/><T87/><D8/><U88/><E74/><V3/><F104/><W81/><G81/><T133/><D9/><U23/><E23/><V126/><F3/><W116/><G116/><T5/><D5/><U93/><E82/><V86/><F10/><W45/><G58/><T44/><D133/><U94/><E94/><V77/><F106/><W134/><G134/><T56/><D44/><U79/><E79/><V33/><F33/><W42/><G12/><T25/><D25/><N who="1" m="14519" /><E73/><V62/><F77/><W69/><G69/><T11/><D11/><U46/><E46/><V131/><F131/><W89/><AGARI ba="0,0" hai="14,15,42,45,50,89,95,97" m="20895,49259" machi="89" ten="30,1500,0" yaku="19,1" doraHai="48" who="3" fromWho="3" sc="370,-5,330,-5,190,-5,110,15" /><INIT seed="3,1,0,3,1,38" ten="365,325,185,125" oya="3" hai0="118,113,63,74,115,70,85,39,132,19,13,48,72" hai1="44,35,129,28,5,92,62,60,102,29,128,40,94" hai2="75,57,26,73,86,130,135,47,88,110,11,65,2" hai3="59,133,104,125,69,89,27,93,127,116,31,52,111"/><W81/><G69/><T87/><D19/><U0/><E5/><V66/><F130/><N who="1" m="50281" /><E0/><V64/><F110/><W80/><G104/><T53/><D39/><N who="1" m="21535" /><E35/><V37/><F135/><W21/><G133/><T10/><D118/><U131/><N who="1" m="50289" /><U17/><DORA hai="1" /><E17/><V4/><F26/><W46/><G46/><T95/><D132/><U68/><E102/><V78/><F78/><W20/><G20/><T16/><D74/><U97/><E68/><V36/><F57/><W25/><G25/><T107/><D72/><U100/><E92/><V55/><F36/><W79/><G111/><T96/><D107/><U8/><E8/><V77/><F77/><W119/><G79/><T71/><D71/><U98/><E97/><V124/><F124/><N who="3" m="47691" /><G116/><T22/><D10/><U91/><E100/><V3/><F3/><W67/><G67/><N who="0" m="41343" /><D96/><U23/><E23/><V45/><F37/><W34/><G34/><T105/><D95/><U126/><E126/><V114/><F75/><W14/><G14/><T101/><D101/><U123/><E123/><V134/><F73/><W49/><G119/><T9/><D9/><U112/><E112/><N who="0" m="43081" /><D105/><U108/><E108/><V117/><F114/><W18/><G18/><T106/><D106/><U51/><E51/><V30/><F117/><W84/><AGARI ba="1,0" hai="21,27,31,49,52,59,80,81,84,89,93" m="47691" machi="84" ten="30,3000,0" yaku="18,1,54,1" doraHai="38,1" who="3" fromWho="3" sc="365,-11,325,-11,185,-11,125,33" /><INIT seed="3,2,0,0,2,50" ten="354,314,174,158" oya="3" hai0="3,18,12,110,94,24,105,106,124,13,60,95,78" hai1="126,9,0,30,20,98,44,37,62,10,19,96,49" hai2="59,43,89,92,55,130,6,81,34,51,23,77,54" hai3="112,8,40,79,36,116,53,107,132,120,2,97,103"/><W83/><G116/><T11/><D3/><U122/><E37/><V29/><F130/><W127/><G120/><T76/><D24/><U123/><E126/><V100/><F100/><W26/><G127/><T66/><D124/><U5/><E9/><V74/><F6/><W28/><G112/><T48/><D110/><U115/><E30/><V14/><F43/><W39/><G132/><T68/><D48/><U85/><E62/><V17/><F34/><W131/><G40/><T71/><D11/><U41/><E115/><V88/><F29/><W86/><G131/><T82/><D60/><U99/><REACH who="1" step="1"/><E85/><REACH who="1" ten="354,304,174,158" step="2"/><V64/><F64/><W108/><G108/><T109/><D109/><U118/><E118/><V125/><F125/><W57/><G8/><T27/><D71/><U70/><E70/><V15/><F92/><W63/><REACH who="3" step="1"/><G2/><REACH who="3" ten="354,304,174,148" step="2"/><T129/><D129/><U45/><E45/><V87/><F74/><W22/><AGARI ba="2,2" hai="22,26,28,36,39,53,57,63,79,83,86,97,103,107" machi="22" ten="20,18000,2" yaku="1,1,2,1,0,1,7,1,52,1,53,1" doraHai="50" doraHaiUra="101" who="3" fromWho="3" sc="354,-62,304,-62,174,-62,148,206" /><INIT seed="3,3,0,5,3,72" ten="292,242,112,354" oya="3" hai0="123,85,105,11,133,41,43,12,15,7,93,9,2" hai1="124,4,27,16,79,20,131,55,82,49,84,5,25" hai2="8,71,118,83,107,51,132,135,106,112,37,32,17" hai3="90,129,13,56,94,109,104,115,64,111,99,0,38"/><W29/><G0/><T102/><D123/><U46/><E131/><V52/><F32/><W48/><G38/><T126/><D126/><U60/><E124/><V70/><F37/><W113/><G29/><T100/><D133/><N who="2" m="51274" /><F112/><W101/><G13/><T63/><D105/><N who="2" m="39946" /><F83/><W19/><G19/><T35/><D35/><U81/><E25/><V6/><F17/><W87/><G48/><T89/><D2/><U1/><E1/><N who="2" m="79" /><F118/><W97/><G56/><AGARI ba="3,0" hai="51,52,56,70,71" m="79,39946,51274" machi="56" ten="30,2000,0" yaku="20,1,54,1" doraHai="72" who="2" fromWho="3" sc="292,0,242,0,112,29,354,-29" /><INIT seed="4,0,0,2,1,25" ten="292,242,141,325" oya="0" hai0="114,129,117,17,110,104,63,27,72,13,70,45,46" hai1="44,66,61,58,125,88,116,16,107,132,131,67,3" hai2="37,80,89,75,130,123,60,76,134,54,82,99,11" hai3="6,112,36,9,68,38,10,5,95,30,40,43,12"/><T128/><D104/><U133/><E116/><V98/><F37/><W48/><G68/><T83/><D72/><U47/><E107/><V87/><F123/><W100/><G112/><T84/><D117/><U2/><E125/><V55/><F130/><N who="0" m="50282" /><D114/><U28/><E131/><V109/><F109/><W39/><G48/><T119/><D119/><U31/><E16/><V86/><F134/><W34/><G95/><T101/><D101/><U51/><E88/><V94/><F60/><W69/><G100/><T15/><D27/><U22/><E22/><V108/><F108/><W73/><G69/><T23/><D110/><U115/><E115/><V111/><F111/><W118/><G73/><T96/><D96/><U135/><E67/><V74/><F11/><W103/><G103/><T53/><D13/><U33/><E33/><V113/><F113/><W78/><G118/><T71/><D71/><U120/><E47/><V56/><F55/><W32/><G78/><N who="0" m="46199" /><D53/><N who="1" m="29927" /><E120/><V79/><F56/><W35/><G30/><AGARI ba="0,0" hai="2,3,28,30,31,58,61,66,132,133,135" m="29927" machi="30" ten="30,7700,0" yaku="20,1,52,3" doraHai="25" who="1" fromWho="3" sc="292,0,242,77,141,0,325,-77" /><INIT seed="5,0,0,4,1,110" ten="292,319,141,248" oya="1" hai0="59,128,106,120,113,87,37,39,75,121,126,40,105" hai1="18,93,60,74,111,68,29,42,58,61,14,35,78" hai2="91,66,53,23,73,2,7,50,112,22,65,64,13" hai3="19,108,17,71,16,132,10,21,76,122,118,48,67"/><U99/><E111/><V131/><F73/><W102/><G108/><T31/><D75/><U101/><E42/><V72/><F72/><W32/><G32/><T80/><D128/><U43/><E43/><V41/><F131/><W103/><G122/><N who="0" m="47211" /><D126/><U96/><E68/><V27/><F41/><W8/><G76/><T104/><D31/><U69/><E69/><V94/><F2/><W107/><G107/><T4/><D4/><U90/><E61/><V5/><F13/><W127/><G21/><T55/><D113/><U97/><E78/><V92/><F22/><W28/><G28/><T54/><D40/><U20/><E74/><V133/><F94/><W86/><G71/><T26/><D26/><U9/><E35/><V25/><F25/><W83/><G67/><T124/><D124/><U38/><E38/><N who="0" m="14345" /><D59/><U114/><E114/><V109/><F109/><W95/><G127/><T33/><D33/><U45/><E45/><V125/><F112/><W46/><G118/><T24/><D24/><N who="1" m="16519" /><E90/><AGARI ba="0,0" hai="54,55,80,87,90,104,105,106" m="14345,47211" machi="90" ten="40,1300,0" yaku="13,1" doraHai="110" who="0" fromWho="1" sc="292,13,319,-13,141,0,248,0" /><INIT seed="6,0,0,4,5,59" ten="305,306,141,248" oya="2" hai0="135,71,113,65,81,134,125,14,110,122,79,89,133" hai1="9,78,97,37,104,29,11,16,124,130,61,126,82" hai2="20,31,105,54,19,30,106,27,21,86,2,49,115" hai3="60,93,38,63,85,32,68,26,8,46,120,99,112"/><V23/><F115/><W128/><G68/><T25/><D113/><U119/><E37/><V28/><F2/><W12/><G112/><T10/><D122/><U111/><E119/><V48/><F86/><W13/><G120/><T102/><D102/><N who="1" m="62543" /><E29/><V100/><F27/><W50/><G38/><T92/><D110/><U22/><E111/><V24/><F24/><W53/><G128/><T67/><D25/><N who="1" m="14535" /><E61/><N who="3" m="23626" /><G32/><T52/><D71/><U76/><E130/><V66/><F19/><W34/><G34/><T36/><D36/><U75/><E78/><V51/><F54/><W56/><G26/><T6/><D52/><U88/><E88/><V96/><F66/><W45/><G85/><N who="0" m="52271" /><D125/><AGARI ba="0,0" hai="9,11,75,76,82,124,125,126" m="14535,62543" machi="125" ten="30,2000,0" yaku="18,1,54,1" doraHai="59" who="1" fromWho="0" sc="305,-20,306,20,141,0,248,0" /><INIT seed="7,0,0,1,1,60" ten="285,326,141,248" oya="3" hai0="90,117,15,21,78,42,79,132,126,14,32,87,40" hai1="63,59,51,75,85,83,119,123,2,134,112,76,99" hai2="64,120,128,104,48,125,33,135,10,89,93,47,55" hai3="5,43,58,73,110,114,41,121,17,23,80,108,133"/><W3/><G121/><T57/><D32/><U124/><E2/><V30/><F104/><W107/><G107/><T54/><D117/><U74/><E134/><V91/><F120/><W65/><G133/><T84/><D132/><U50/><E124/><V122/><F135/><W100/><G100/><T86/><D126/><U56/><E112/><V16/><F125/><W69/><G69/><T36/><D90/><U70/><E70/><V11/><F128/><W66/><G58/><T103/><D103/><U22/><E123/><V0/><F122/><W45/><G114/><T101/><D101/><U38/><E38/><V111/><F111/><N who="3" m="42539" /><G5/><T13/><D21/><U28/><E75/><V92/><F0/><W26/><G3/><T6/><D36/><U25/><E74/><V129/><F129/><W34/><G34/><T102/><D102/><U106/><E56/><V131/><F131/><W95/><G95/><T39/><D39/><U94/><E106/><V82/><F33/><W31/><G31/><T71/><D71/><U67/><E119/><V12/><F30/><W18/><G18/><T98/><D6/><U96/><E94/><V44/><F82/><W97/><G97/><AGARI ba="0,0" hai="22,25,28,50,51,59,63,67,76,83,85,96,97,99" machi="97" ten="40,2600,0" yaku="8,1,52,1" doraHai="60" who="1" fromWho="3" sc="285,0,326,26,141,0,248,-26" owari="285,8.5,352,45.2,141,-35.9,222,-17.8" /></mjloggm>