<mjloggm ver="2.3"><GO type="169" lobby="0"/><UN n0="%50%6F%6F%48%65%3F" n1="%6D%73%64%31%31%32%30" n2="%32%E9%99%90" n3="%E3%81%AF%E3%81%92%E3%81%97%E3%81%8F%E3%82%A6%E3%83%84" dan="16,17,16,17" rate="2167.81,2204.53,2142.52,2181.42" sx="F,M,M,M"/><TAIKYOKU oya="0"/><INIT seed="0,0,0,1,3,77" ten="250,250,250,250" oya="0" hai0="130,73,14,3,98,131,60,61,25,6,10,41,112" hai1="40,114,11,57,123,9,111,52,44,115,80,27,133" hai2="108,32,33,68,122,47,48,22,75,50,132,71,53" hai3="51,107,125,0,76,19,31,120,84,24,4,134,15"/><T35/><D112/><N who="1" m="43051" /><E123/><V104/><F122/><W82/><G120/><T58/><D41/><U43/><E111/><V67/><F104/><W127/><G107/><T45/><D45/><U85/><E27/><V36/><F75/><W129/><G129/><N who="0" m="49163" /><D73/><U7/><E133/><V78/><F132/><W124/><G134/><T28/><D98/><U38/><E7/><V91/><F78/><W117/><G117/><T86/><D86/><U101/><E101/><V56/><F108/><W59/><G4/><T74/><D74/><U113/><E40/><N who="2" m="22919" /><F22/><W110/><G0/><T95/><D95/><U102/><E102/><V89/><F89/><W17/><G110/><T109/><D109/><U42/><E42/><V18/><F91/><W16/><G59/><T103/><D103/><U54/><E54/><N who="2" m="31815" /><F18/><W116/><G116/><T81/><D58/><U79/><E113/><V29/><F29/><W13/><REACH who="3" step="1"/><G51/><AGARI ba="0,0" hai="9,11,38,43,44,51,52,57,79,80,85" m="43051" machi="51" ten="30,3900,0" yaku="11,1,52,1,54,1" doraHai="77" who="1" fromWho="3" sc="250,0,250,39,250,0,250,-39" /><INIT seed="1,0,0,3,5,80" ten="250,289,250,211" oya="1" hai0="111,74,42,72,48,24,75,38,50,133,85,93,88" hai1="131,122,7,91,118,134,43,19,119,62,39,22,108" hai2="40,129,16,28,63,78,97,13,73,83,33,103,98" hai3="41,82,113,104,21,52,60,6,14,58,55,53,87"/><U84/><E122/><V47/><F129/><W65/><G104/><T20/><D111/><U132/><E131/><V77/><F77/><W90/><G113/><T35/><D35/><U59/><E7/><V105/><F63/><W81/><G41/><T92/><D133/><N who="1" m="51307" /><E43/><V67/><F67/><W8/><G21/><T56/><D93/><AGARI ba="0,0" hai="6,8,14,52,53,55,58,60,65,81,82,87,90,93" machi="93" ten="40,5200,0" yaku="8,1,52,1,54,1" doraHai="80" who="3" fromWho="0" sc="250,-52,289,0,250,0,211,52" /><INIT seed="2,0,0,4,5,132" ten="198,289,250,263" oya="2" hai0="108,67,109,83,3,133,53,135,40,49,19,35,69" hai1="93,6,66,12,116,119,42,62,61,20,82,44,95" hai2="38,32,39,101,24,121,31,89,23,2,60,114,45" hai3="59,84,134,79,56,107,94,103,118,50,81,1,78"/><V11/><F114/><W129/><G1/><T15/><D3/><U46/><E82/><V80/><F121/><W110/><G118/><T97/><D35/><U128/><E128/><V126/><F126/><W64/><G134/><N who="0" m="51211" /><D97/><U73/><E73/><V41/><F101/><W63/><G129/><T105/><D105/><U7/><E20/><V70/><F39/><W68/><G110/><N who="0" m="42603" /><D83/><U112/><E42/><V117/><F117/><W16/><G107/><T88/><D40/><U96/><E66/><V92/><F80/><W85/><G103/><T91/><D67/><U18/><E96/><V113/><F113/><W65/><G79/><T5/><D5/><U30/><E112/><V4/><F32/><W33/><G33/><T0/><D0/><U14/><E18/><V131/><F131/><W127/><G94/><T77/><D77/><U29/><AGARI ba="0,0" hai="6,7,12,14,29,30,44,46,61,62,93,95,116,119" machi="29" ten="25,3200,0" yaku="0,1,22,2" doraHai="132" who="1" fromWho="1" sc="198,-8,289,32,250,-16,263,-8" /><INIT seed="3,0,0,4,4,7" ten="190,321,234,255" oya="3" hai0="43,19,39,81,134,86,122,112,111,63,26,127,8" hai1="85,46,62,50,126,94,84,133,38,121,53,14,96" hai2="2,123,12,3,79,88,0,113,129,80,65,64,98" hai3="74,30,47,100,82,59,1,29,135,42,58,128,20"/><W31/><G1/><T73/><D122/><U71/><E121/><V15/><F123/><W18/><G135/><T67/><D73/><U83/><E133/><V51/><F113/><W5/><G128/><T54/><D134/><U21/><E38/><V115/><F115/><W11/><G100/><T45/><D112/><U120/><E126/><V4/><F129/><W78/><G5/><T110/><D127/><U66/><E83/><V92/><F51/><W27/><REACH who="3" step="1"/><G11/><REACH who="3" ten="190,321,234,245" step="2"/><T40/><D8/><U108/><E120/><V44/><F44/><W93/><G93/><T125/><D125/><U117/><E117/><V34/><F34/><W25/><G25/><T48/><D26/><U70/><E108/><V13/><REACH who="2" step="1"/><F4/><REACH who="2" ten="190,321,224,245" step="2"/><W107/><G107/><T17/><D111/><U105/><E105/><V22/><F22/><W49/><AGARI ba="0,2" hai="18,20,27,29,30,31,42,47,49,58,59,74,78,82" machi="49" ten="30,3000,0" yaku="1,1,0,1,53,0" doraHai="7" doraHaiUra="116" who="3" fromWho="3" sc="190,-10,321,-10,224,-10,245,50" /><INIT seed="3,1,0,3,3,31" ten="180,311,214,295" oya="3" hai0="68,58,32,6,55,45,100,38,62,123,90,41,133" hai1="113,131,84,75,128,109,104,0,87,52,46,89,47" hai2="20,71,56,13,112,8,86,122,79,96,99,19,88" hai3="23,111,3,105,63,98,124,85,42,103,80,61,114"/><W40/><G114/><T17/><D123/><U70/><E109/><V18/><F112/><W9/><G124/><T92/><D133/><U10/><E70/><V54/><F71/><W51/><G111/><T126/><D126/><U72/><E104/><V130/><F79/><W26/><G3/><T12/><D100/><U135/><E135/><V50/><F130/><N who="1" m="49705" /><E87/><V120/><F120/><W119/><G9/><T30/><D6/><N who="1" m="1351" /><E113/><V134/><F122/><W59/><G119/><T21/><D68/><U101/><E101/><V16/><F134/><W49/><G42/><T106/><D106/><U43/><E52/><V1/><F1/><W97/><G97/><N who="2" m="37449" /><F20/><W66/><G61/><T44/><D44/><N who="1" m="16939" /><E43/><V24/><F24/><W95/><G105/><T34/><REACH who="0" step="1"/><D30/><REACH who="0" ten="170,311,214,295" step="2"/><U116/><E116/><V102/><F102/><W4/><G4/><T74/><D74/><U78/><E78/><V29/><F29/><N who="3" m="17631" /><G40/><T125/><D125/><U81/><AGARI ba="1,1" hai="72,75,81,84,89" m="16939,1351,49705" machi="81" ten="30,1100,0" yaku="19,1" doraHai="31" who="1" fromWho="1" sc="170,-4,311,24,214,-4,295,-6" /><INIT seed="4,0,0,3,4,42" ten="166,335,210,289" oya="0" hai0="41,83,12,27,110,71,30,109,120,132,117,87,61" hai1="68,102,48,7,90,74,128,44,46,79,0,77,16" hai2="67,8,125,3,63,124,64,98,80,116,13,133,18" hai3="127,29,15,33,2,32,111,104,119,45,113,107,130"/><T5/><D120/><U129/><E68/><V20/><F133/><W72/><RYUUKYOKU type="yao9" ba="0,0" sc="166,0,335,0,210,0,289,0" hai3="2,15,29,32,33,45,72,104,107,111,113,119,127,130" /><INIT seed="4,1,0,2,4,130" ten="166,335,210,289" oya="0" hai0="0,31,39,132,33,41,25,38,60,32,124,86,72" hai1="13,35,15,94,127,105,100,96,55,89,108,56,37" hai2="97,66,18,48,73,3,106,90,30,109,28,9,19" hai3="61,104,79,120,131,119,62,122,52,63,133,64,4"/><T111/><D111/><U88/><E108/><V21/><F73/><W16/><G119/><T36/><D72/><U29/><E37/><V70/><F109/><W101/><G131/><T11/><D124/><U49/><E127/><V102/><F90/><W126/><G126/><T123/><D123/><N who="3" m="47145" /><G4/><T22/><D132/><U24/><REACH who="1" step="1"/><E89/><REACH who="1" ten="166,325,210,289" step="2"/><V84/><F84/><AGARI ba="1,1" hai="13,15,24,29,35,49,55,56,84,88,94,96,100,105" machi="84" ten="30,7700,0" yaku="1,1,2,1,7,1,54,1,53,0" doraHai="130" doraHaiUra="5" who="1" fromWho="2" sc="166,0,325,90,210,-80,289,0" /><INIT seed="5,0,0,0,2,117" ten="166,415,130,289" oya="1" hai0="107,109,17,26,135,72,79,77,97,29,58,13,40" hai1="39,15,125,67,18,92,52,65,121,19,2,0,106" hai2="34,100,7,47,8,81,64,70,25,55,74,120,5" hai3="46,10,110,112,98,36,21,99,75,105,122,108,129"/><U69/><E39/><V103/><F5/><W30/><G75/><T41/><D109/><U94/><E106/><V133/><F133/><W54/><G122/><T128/><D135/><U93/><E125/><V78/><F120/><W80/><G112/><T56/><D128/><U66/><E52/><V35/><F70/><W127/><G129/><T101/><D72/><U50/><E50/><V24/><F64/><W12/><G127/><T118/><D118/><U23/><E69/><V104/><F55/><W87/><G105/><T11/><D41/><U89/><E121/><V111/><F111/><W44/><G44/><T91/><D40/><U119/><E119/><V33/><F47/><W6/><G108/><T82/><D91/><U62/><E62/><V95/><F95/><W114/><G114/><T71/><D71/><U131/><E89/><V1/><F100/><W96/><G36/><T63/><D82/><U124/><E131/><V73/><REACH who="2" step="1"/><F73/><REACH who="2" ten="166,415,120,289" step="2"/><W32/><G54/><T49/><D58/><U14/><E124/><V61/><F61/><W28/><G46/><T53/><REACH who="0" step="1"/><D63/><REACH who="0" ten="156,415,120,289" step="2"/><U22/><AGARI ba="0,2" hai="0,2,14,15,18,19,22,23,65,66,67,92,93,94" machi="22" ten="30,3000,0" yaku="0,1,9,1" doraHai="117" who="1" fromWho="1" sc="156,-10,415,50,120,-10,289,-10" /><INIT seed="5,1,0,4,5,11" ten="146,465,110,279" oya="1" hai0="120,101,20,74,21,17,100,121,72,79,44,106,92" hai1="59,99,73,75,85,81,45,88,61,54,58,122,56" hai2="49,65,93,128,113,25,28,64,27,26,77,13,35" hai3="130,16,112,134,24,117,135,109,89,82,95,32,23"/><U129/><E129/><V14/><F128/><W48/><G130/><T96/><D44/><U76/><E122/><N who="0" m="47209" /><D20/><U57/><E45/><V66/><F113/><W94/><G109/><T70/><D70/><U47/><E47/><V5/><F77/><W2/><G2/><T69/><D69/><U71/><E71/><V43/><F93/><W80/><G112/><T68/><D68/><U12/><E12/><N who="2" m="4715" /><F35/><W110/><G110/><T39/><D39/><U33/><E33/><V41/><F5/><W37/><G37/><T55/><D79/><U86/><E99/><V62/><F28/><W103/><G95/><T83/><D106/><U87/><REACH who="1" step="1"/><E75/><REACH who="1" ten="146,455,110,279" step="2"/><V90/><F49/><W40/><G48/><T9/><D72/><U19/><E19/><V8/><F8/><W53/><G16/><T0/><D9/><U125/><E125/><V133/><F133/><W18/><G18/><T114/><D74/><U98/><E98/><V123/><F123/><W42/><G32/><T10/><D10/><U7/><E7/><V34/><F34/><W119/><G134/><T63/><D114/><U52/><E52/><V1/><F1/><W51/><G53/><T124/><D0/><U108/><E108/><V30/><F30/><W102/><G51/><T38/><D124/><U126/><E126/><V104/><F104/><W3/><G3/><T105/><D38/><U111/><E111/><V132/><F132/><W127/><G127/><T78/><D105/><U118/><E118/><V50/><F50/><W67/><G135/><T31/><D31/><U22/><E22/><V29/><F29/><RYUUKYOKU ba="1,1" sc="146,-10,455,30,110,-10,279,-10" hai1="54,56,57,58,59,61,73,76,81,85,86,87,88" /><INIT seed="5,2,1,1,4,74" ten="136,485,100,269" oya="1" hai0="33,68,129,99,49,44,96,40,81,46,12,13,2" hai1="95,98,104,121,120,58,89,117,122,6,131,69,91" hai2="21,51,60,130,72,65,45,32,1,11,108,23,42" hai3="9,93,66,17,71,123,101,84,36,85,110,106,64"/><U56/><E69/><V41/><F130/><W38/><G106/><T75/><D68/><U35/><E35/><V62/><F108/><W90/><G110/><T118/><D33/><U109/><E131/><V15/><F32/><W14/><G123/><T113/><D129/><U92/><E117/><V82/><F1/><W73/><G73/><T16/><D2/><U119/><E119/><V10/><F42/><W134/><G134/><T133/><D133/><U86/><E6/><V34/><F34/><W70/><G101/><T5/><D118/><U0/><E0/><V8/><F15/><W27/><G27/><T78/><D113/><U67/><E67/><V37/><F37/><W43/><G43/><T135/><D135/><U124/><E124/><V4/><F4/><W63/><G85/><T111/><D46/><U25/><E104/><V50/><F50/><W80/><G93/><T114/><D114/><U59/><E25/><V24/><F65/><W97/><G97/><T7/><D111/><U76/><E109/><V87/><F72/><W26/><G26/><T30/><D30/><U79/><AGARI ba="2,1" hai="56,58,59,76,79,86,89,91,92,95,98,120,121,122" machi="79" ten="40,7800,0" yaku="0,1,52,2" doraHai="74" who="1" fromWho="1" sc="136,-28,485,94,100,-28,269,-28" /><INIT seed="5,3,0,3,1,135" ten="108,579,72,241" oya="1" hai0="48,41,96,90,93,134,71,113,4,67,43,37,99" hai1="85,36,29,119,54,20,60,83,6,124,73,58,81" hai2="47,111,80,9,132,2,46,98,100,95,16,34,12" hai3="77,102,127,84,13,92,121,70,126,0,130,122,49"/><U8/><E36/><V7/><F111/><W133/><G0/><T74/><D134/><U94/><E119/><V72/><F132/><W108/><G133/><T103/><D113/><U35/><E35/><V15/><F34/><W118/><G70/><T109/><D109/><U38/><E38/><V112/><F112/><W65/><G65/><T117/><D117/><U82/><E124/><N who="3" m="47658" /><G108/><T91/><D74/><U104/><E104/><V44/><F2/><W17/><G118/><T87/><D37/><U42/><E42/><V116/><F116/><W86/><G130/><T97/><D4/><U24/><E73/><V75/><REACH who="2" step="1"/><F80/><REACH who="2" ten="108,579,62,241" step="2"/><W40/><G122/><T23/><D71/><U107/><E107/><V128/><F128/><W62/><G121/><T57/><D103/><U129/><E94/><V33/><F33/><W1/><G92/><T123/><D123/><U101/><E101/><V59/><F59/><W18/><G102/><T89/><D23/><AGARI ba="3,1" hai="7,9,12,15,16,23,44,46,47,72,75,95,98,100" machi="23" ten="40,2600,0" yaku="1,1,54,1,53,0" doraHai="135" doraHaiUra="114" who="2" fromWho="0" sc="108,-35,579,0,62,45,241,0" /><INIT seed="6,0,0,3,3,42" ten="73,579,107,241" oya="2" hai0="11,120,27,133,79,80,115,54,76,50,38,114,40" hai1="22,52,117,131,82,23,85,87,111,123,90,7,70" hai2="58,53,128,135,89,124,24,67,130,65,99,56,105" hai3="20,34,5,49,104,3,94,51,69,71,25,61,98"/><V41/><F135/><W64/><G71/><T116/><D120/><U10/><E111/><V0/><F0/><W106/><G34/><T95/><D133/><U17/><E117/><V29/><F124/><W35/><G35/><T13/><D116/><U100/><E70/><V132/><F132/><W62/><G62/><T75/><D79/><U122/><E131/><V97/><F41/><W113/><G113/><T48/><D27/><U47/><E100/><V1/><F1/><W125/><G125/><T83/><D83/><U18/><E87/><V96/><F89/><W37/><G37/><T45/><D95/><U68/><E68/><V102/><F102/><W119/><G119/><T60/><D60/><U21/><E122/><V4/><F4/><W46/><G5/><T86/><D75/><U91/><E91/><V121/><F105/><W31/><G51/><T73/><D73/><U55/><E55/><V36/><F36/><W39/><G39/><T33/><D33/><U107/><E107/><V118/><F118/><W84/><G84/><T12/><D38/><U74/><E74/><V32/><F121/><W92/><G92/><T19/><REACH who="0" step="1"/><D12/><REACH who="0" ten="63,579,107,241" step="2"/><U103/><E123/><V26/><F26/><W77/><G77/><T9/><D9/><U129/><E10/><V126/><F126/><W134/><G134/><T57/><AGARI ba="0,1" hai="11,13,19,40,45,48,50,54,57,76,80,86,114,115" machi="57" ten="30,4000,0" yaku="1,1,0,1,52,1,53,0" doraHai="42" doraHaiUra="127" who="0" fromWho="0" sc="63,50,579,-10,107,-20,241,-10" /><INIT seed="7,0,0,3,5,117" ten="113,569,87,231" oya="3" hai0="71,9,27,13,128,119,83,65,115,118,3,55,22" hai1="69,38,18,82,30,11,28,120,24,84,88,21,44" hai2="70,102,66,20,52,37,32,68,100,85,63,76,36" hai3="90,61,67,25,47,75,86,8,78,104,35,39,7"/><W0/><G104/><T72/><D3/><U127/><E69/><V87/><F32/><W50/><G39/><T5/><D128/><U43/><E120/><V126/><F126/><W111/><G111/><T2/><D115/><U103/><E103/><V92/><F20/><W106/><G106/><T6/><D71/><U40/><E40/><V42/><F70/><W109/><G109/><T131/><D65/><U29/><E127/><V57/><F87/><W113/><G113/><T53/><D131/><U97/><E97/><V116/><F116/><W132/><G132/><T79/><D118/><U31/><E31/><V130/><F130/><W73/><G78/><T133/><D133/><U10/><AGARI ba="0,0" hai="10,11,18,21,24,28,29,30,38,43,44,82,84,88" machi="10" ten="30,2000,0" yaku="0,1,54,1" doraHai="117" who="1" fromWho="1" sc="113,-5,569,20,87,-5,231,-10" owari="108,-29.2,589,68.9,82,-41.8,221,2.1" /></mjloggm>