<mjloggm ver="2.3"><GO type="169" lobby="0"/><UN n0="%E3%81%8B%E3%82%88%E3%81%A1%E3%82%83%E3%82%93%E3%81%AE%E6%97%A6%E9%82%A3" n1="%E3%81%A4%E3%81%B0%E3%83%A1" n2="%E3%82%AB%E3%82%B6%E3%83%A9%E3%82%AD" n3="%E3%83%96%E3%83%BC%E3%83%93%E3%83%BC" dan="16,16,17,17" rate="2113.34,2086.14,2155.87,2157.04" sx="M,M,M,M"/><TAIKYOKU oya="0"/><INIT seed="0,0,0,1,2,109" ten="250,250,250,250" oya="0" hai0="34,26,113,132,16,58,127,115,108,93,27,25,83" hai1="107,43,134,2,37,82,14,106,92,73,19,76,114" hai2="98,47,67,29,53,110,10,99,32,84,57,22,74" hai3="50,118,11,96,23,69,39,71,55,45,104,36,102"/><T116/><D116/><U130/><E130/><V86/><F74/><W44/><G118/><T72/><D108/><U21/><E134/><V89/><F32/><W59/><G45/><T131/><D131/><U87/><E2/><V63/><F86/><W20/><G20/><T81/><D132/><U97/><E114/><V48/><F110/><W33/><G33/><T12/><D34/><U135/><E135/><V46/><F46/><W51/><G71/><T18/><D127/><U100/><E43/><V60/><F60/><W95/><G69/><T8/><D93/><U70/><E70/><V64/><F64/><W123/><G123/><T24/><N who="0" m="6144" /><DORA hai="28" /><T75/><D58/><U66/><E66/><V40/><F22/><W77/><G23/><T79/><REACH who="0" step="1"/><D18/><REACH who="0" ten="240,250,250,250" step="2"/><U119/><E119/><V78/><F29/><W42/><G95/><T111/><D111/><U5/><E37/><V88/><F57/><W3/><G39/><T13/><D13/><U90/><REACH who="1" step="1"/><E5/><REACH who="1" ten="240,240,250,250" step="2"/><V117/><F117/><W128/><G36/><T6/><D6/><U68/><E68/><V94/><F40/><W133/><G128/><T112/><D112/><U38/><E38/><V61/><F67/><W129/><G129/><T9/><D9/><U103/><E103/><V31/><F10/><W105/><G133/><T65/><D65/><U41/><E41/><V17/><F31/><W52/><G42/><T80/><D80/><AGARI ba="0,2" hai="14,19,21,73,76,80,82,87,90,92,97,100,106,107" machi="80" ten="30,7700,0" yaku="1,1,7,1,53,2" doraHai="109,28" doraHaiUra="101,125" who="1" fromWho="0" sc="240,-77,240,97,250,0,250,0" /><INIT seed="1,0,0,4,1,104" ten="163,337,250,250" oya="1" hai0="58,72,22,24,18,134,37,65,111,48,101,117,16" hai1="29,8,80,27,94,56,2,12,50,59,124,102,116" hai2="25,100,127,95,112,82,42,92,131,11,40,126,41" hai3="38,1,90,3,69,135,7,93,130,14,133,77,32"/><U119/><E124/><N who="2" m="47659" /><F100/><W33/><G130/><T21/><D117/><U13/><E2/><V26/><F11/><N who="3" m="4479" /><G69/><T86/><D37/><U75/><E119/><V6/><F6/><W10/><G77/><T23/><D134/><N who="3" m="51209" /><G38/><T85/><D111/><U68/><E68/><V61/><F61/><W45/><G45/><T5/><D5/><U49/><E116/><V78/><F131/><W19/><G10/><T4/><D4/><U87/><E75/><N who="2" m="43359" /><F112/><W132/><N who="3" m="51217" /><W103/><DORA hai="73" /><G103/><T108/><D101/><U55/><E102/><V121/><F121/><W35/><G19/><T84/><D108/><U36/><E36/><V62/><F62/><W123/><G123/><T122/><D122/><U114/><E114/><V76/><F76/><W79/><G79/><T128/><D128/><U66/><E94/><AGARI ba="0,0" hai="25,26,40,41,42,92,94,95" m="43359,47659" machi="94" ten="30,3900,0" yaku="18,1,52,2" doraHai="104,73" who="2" fromWho="1" sc="163,0,337,-39,250,39,250,0" /><INIT seed="2,0,0,4,0,16" ten="163,298,289,250" oya="2" hai0="101,98,11,43,79,62,61,75,56,0,135,99,18" hai1="110,93,128,112,94,31,10,72,7,77,124,123,26" hai2="51,64,121,44,33,81,103,27,17,6,76,84,29" hai3="90,2,113,73,130,40,127,54,30,38,95,89,67"/><V20/><F121/><W13/><G2/><T48/><D135/><U107/><E107/><V52/><F64/><W104/><G104/><T46/><D62/><U19/><E112/><V8/><F103/><W25/><G73/><T100/><D79/><U83/><E123/><V50/><F50/><W69/><G113/><T3/><D3/><U131/><E110/><V80/><F80/><W42/><G89/><T86/><D75/><U133/><E19/><V53/><F17/><W114/><G114/><T9/><D86/><U115/><E115/><V129/><F129/><N who="1" m="49737" /><E124/><V116/><F116/><W119/><G127/><T68/><D68/><U122/><E133/><V126/><F126/><W59/><G38/><T12/><D0/><N who="1" m="359" /><E122/><V66/><F66/><W60/><G67/><T111/><D111/><U22/><AGARI ba="0,0" hai="22,26,31,72,77,83,93,94" m="359,49737" machi="22" ten="30,2000,0" yaku="19,1,52,1" doraHai="16" who="1" fromWho="1" sc="163,-5,298,20,289,-10,250,-5" /><INIT seed="3,0,0,1,4,35" ten="158,318,279,245" oya="3" hai0="5,87,123,96,25,98,15,46,80,24,7,29,30" hai1="127,91,43,42,135,69,92,40,133,117,110,130,113" hai2="107,12,75,122,71,66,72,39,6,47,48,79,125" hai3="56,27,102,32,119,9,13,10,116,73,60,64,115"/><W86/><G73/><T131/><D123/><U129/><E69/><V128/><F107/><W59/><G115/><T41/><D131/><N who="1" m="50187" /><E113/><V44/><F128/><W120/><G120/><T53/><D53/><U21/><E21/><V82/><F125/><W52/><G102/><T28/><D15/><U57/><E110/><V20/><F44/><W89/><G27/><T94/><D96/><N who="1" m="57375" /><E117/><V45/><F47/><W124/><G32/><T105/><D105/><U109/><E109/><V97/><F39/><W23/><G23/><T67/><D67/><U111/><E111/><V19/><F97/><W61/><G9/><T118/><D118/><U55/><E127/><V104/><F104/><W3/><G3/><T49/><D25/><U90/><E90/><V31/><F31/><W0/><G0/><T106/><D106/><U68/><E68/><V65/><F71/><W84/><G84/><T77/><REACH who="0" step="1"/><D24/><REACH who="0" ten="148,318,279,245" step="2"/><U1/><E1/><V88/><F66/><W81/><REACH who="3" step="1"/><G124/><REACH who="3" ten="148,318,279,235" step="2"/><T114/><D114/><U63/><AGARI ba="0,2" hai="40,42,43,55,57,63,133,135" m="57375,50187" machi="63" ten="40,1500,0" yaku="19,1" doraHai="35" who="1" fromWho="1" sc="148,-4,318,35,279,-4,235,-7" /><INIT seed="4,0,0,4,5,29" ten="144,353,275,228" oya="0" hai0="82,69,131,4,65,34,86,52,95,48,120,88,133" hai1="135,28,129,44,110,61,77,68,0,74,127,85,40" hai2="57,39,6,126,31,114,125,94,1,66,108,46,35" hai3="42,122,58,64,59,60,102,111,97,107,80,8,134"/><T116/><D116/><U37/><E110/><V12/><F94/><W32/><G111/><T105/><D120/><U121/><E121/><V3/><F57/><W25/><G122/><T90/><D105/><U36/><E85/><V128/><F66/><W14/><G42/><T84/><D133/><U45/><E135/><V30/><F46/><W83/><G134/><T55/><D131/><U91/><E91/><V22/><F39/><W51/><G25/><T112/><D112/><U63/><E127/><N who="2" m="48651" /><F108/><W71/><G32/><T11/><D34/><U16/><E129/><V113/><F128/><W119/><G119/><T7/><D7/><U124/><E124/><V87/><F87/><W17/><G51/><T18/><D18/><U92/><E92/><V130/><F130/><W2/><G2/><N who="2" m="521" /><F35/><W21/><G59/><T132/><D132/><U103/><E40/><V9/><F22/><W78/><G71/><T5/><D11/><U26/><E68/><V81/><F81/><W93/><G107/><T89/><D89/><U56/><E36/><V98/><F98/><W75/><G75/><T27/><D27/><U104/><E74/><V96/><F96/><W72/><G72/><T100/><D100/><U24/><E103/><V20/><F20/><W19/><G78/><T33/><D33/><U23/><E104/><V10/><F9/><W106/><G106/><T73/><D73/><U67/><E77/><V13/><F12/><W109/><G109/><T62/><D55/><U15/><E37/><V38/><F38/><W54/><G54/><T43/><D43/><U76/><E67/><RYUUKYOKU ba="0,0" sc="144,10,353,-30,275,10,228,10" hai0="4,5,48,52,62,65,69,82,84,86,88,90,95" hai2="6,10,13,30,31,113,114" hai3="8,14,17,19,21,58,60,64,80,83,93,97,102" /><INIT seed="4,1,0,1,2,65" ten="154,323,285,238" oya="0" hai0="17,71,133,76,77,16,85,93,125,118,131,26,37" hai1="4,88,51,80,117,28,73,66,97,96,108,13,87" hai2="126,94,23,56,34,115,134,113,99,120,1,67,129" hai3="69,105,48,116,2,22,19,49,103,58,82,110,52"/><T83/><D118/><U3/><E117/><V63/><F34/><W74/><G110/><T112/><D112/><U119/><E119/><V127/><F1/><W35/><G35/><T60/><D133/><U47/><E108/><V124/><F120/><W32/><G32/><T81/><D131/><U70/><E3/><V107/><F107/><W27/><G2/><T21/><D125/><U46/><E73/><V43/><F129/><W72/><G116/><T106/><D37/><U29/><E47/><V18/><F43/><W130/><G130/><T68/><D106/><U30/><E70/><V95/><F134/><W39/><G39/><T44/><D44/><U25/><E66/><V40/><F40/><W54/><G69/><T11/><D60/><U75/><E75/><V91/><REACH who="2" step="1"/><F95/><REACH who="2" ten="154,323,275,238" step="2"/><W59/><REACH who="3" step="1"/><G82/><REACH who="3" ten="154,323,275,228" step="2"/><T9/><D93/><U20/><E80/><V57/><F57/><W31/><G31/><T50/><D81/><N who="1" m="49263" /><E30/><V61/><F61/><W55/><G55/><T132/><D132/><U38/><E29/><V122/><F122/><W98/><AGARI ba="1,2" hai="19,22,27,48,49,52,54,58,59,72,74,98,103,105" machi="98" ten="30,7900,0" yaku="1,1,0,1,9,1,54,1,53,0" doraHai="65" doraHaiUra="86" who="3" fromWho="3" sc="154,-40,323,-21,275,-21,228,102" /><INIT seed="5,0,0,0,2,41" ten="114,302,254,330" oya="1" hai0="90,32,108,113,42,64,19,105,29,98,81,100,126" hai1="24,20,16,10,99,22,91,92,66,112,51,65,46" hai2="115,111,0,120,26,70,114,36,23,2,21,83,28" hai3="79,33,62,50,121,69,35,135,13,134,6,57,128"/><U8/><E112/><N who="2" m="43051" /><F70/><W72/><G121/><T44/><D113/><U7/><E22/><N who="2" m="8203" /><F36/><W110/><G69/><T117/><D19/><U129/><E129/><V118/><F83/><N who="3" m="45543" /><G50/><T109/><D117/><U76/><E76/><V107/><F107/><W31/><G31/><T61/><D126/><U63/><E63/><V101/><F101/><W67/><G110/><T96/><D96/><U124/><E124/><V59/><F59/><W88/><G88/><T85/><D29/><U38/><E38/><V127/><F127/><W131/><G13/><T34/><D108/><U84/><E99/><V30/><F28/><W5/><G5/><T95/><D105/><U73/><E73/><V94/><F94/><W37/><G6/><T133/><D133/><N who="3" m="50697" /><G37/><T25/><D25/><U11/><REACH who="1" step="1"/><E7/><REACH who="1" ten="114,292,254,330" step="2"/><V12/><F111/><W45/><G131/><T43/><D109/><U119/><E119/><V87/><F118/><W97/><G128/><T9/><D9/><U74/><E74/><V106/><F87/><W82/><G97/><T103/><D32/><U132/><E132/><V78/><F78/><W48/><G33/><T56/><D34/><U49/><E49/><V40/><F120/><W54/><G35/><T60/><D60/><U27/><E27/><V125/><F125/><W102/><G102/><T77/><REACH who="0" step="1"/><D43/><AGARI ba="0,1" hai="8,10,11,16,20,24,43,46,51,65,66,84,91,92" machi="43" ten="40,12000,1" yaku="1,1,8,1,52,1,54,1,53,0" doraHai="41" doraHaiUra="130" who="1" fromWho="0" sc="114,-120,292,130,254,0,330,0" owari="-6,-50.6,422,52.2,254,-14.6,330,13.0" /></mjloggm>