<mjloggm ver="2.3"><GO type="169" lobby="0"/><UN n0="%E3%83%80%E3%83%95%E3%83%88%E3%83%91%E3%83%B3%E3%83%84" n1="%E3%81%9B%E3%81%A9%E3%81%AA%E3%82%8A%E3%81%82%E3%82%93" n2="%64%72%61%65%74%63" n3="%E6%A1%83%E3%81%A3%E3%81%BA" dan="17,17,16,16" rate="2175.56,2178.81,2143.20,2073.33" sx="M,M,M,M"/><TAIKYOKU oya="0"/><INIT seed="0,0,0,5,0,106" ten="250,250,250,250" oya="0" hai0="75,63,4,78,100,113,50,69,14,126,37,49,9" hai1="41,62,124,103,5,131,118,125,98,89,33,121,52" hai2="119,32,34,45,29,16,107,134,1,21,92,59,123" hai3="23,111,48,12,51,109,93,132,115,39,86,27,2"/><T77/><D113/><U25/><E118/><V44/><F107/><W101/><G39/><T108/><D37/><U94/><E121/><V99/><F1/><W30/><G2/><T24/><D77/><U128/><E5/><V76/><F134/><W120/><G115/><T133/><D100/><U6/><E6/><V60/><F123/><W102/><G120/><T26/><D133/><U55/><E41/><V17/><F76/><W82/><G132/><T46/><D126/><N who="1" m="48747" /><E103/><V70/><F70/><W80/><G12/><T65/><D108/><N who="3" m="41545" /><G82/><T53/><REACH who="0" step="1"/><D49/><REACH who="0" ten="240,250,250,250" step="2"/><N who="3" m="19017" /><G93/><T40/><D40/><U64/><E131/><V22/><F92/><W135/><G135/><T3/><D3/><U87/><E128/><V114/><F114/><W116/><G116/><T104/><D104/><U91/><E91/><AGARI ba="0,1" hai="23,27,30,80,86,91,101,102" m="19017,41545" machi="91" ten="30,1000,0" yaku="14,1" doraHai="106" who="3" fromWho="1" sc="240,0,250,-10,250,0,250,20" /><INIT seed="1,0,0,0,0,58" ten="240,240,250,270" oya="1" hai0="39,38,9,55,110,107,44,30,106,132,66,91,51" hai1="49,13,80,47,127,20,97,108,45,59,23,96,36" hai2="112,87,5,57,103,31,22,125,15,33,29,61,102" hai3="123,65,88,10,64,73,95,52,113,26,8,126,27"/><U120/><E120/><V135/><F33/><W86/><G113/><T76/><D132/><U78/><E127/><V68/><F68/><W63/><G73/><T18/><D110/><U90/><E108/><V41/><F135/><W42/><G42/><T3/><D30/><U7/><E36/><V34/><F34/><W12/><G126/><T115/><D115/><U32/><E32/><V128/><F128/><W89/><G10/><T85/><D76/><U4/><E59/><V131/><F131/><W109/><G123/><T37/><D66/><U134/><E134/><V100/><F112/><W1/><G1/><T54/><D54/><U17/><E23/><V130/><F130/><W35/><G109/><T40/><D40/><U48/><E90/><V67/><F125/><W46/><G89/><T14/><REACH who="0" step="1"/><D3/><REACH who="0" ten="230,240,250,270" step="2"/><U118/><E118/><V101/><F41/><W121/><G121/><T111/><D111/><U50/><E47/><V119/><F119/><W117/><G117/><T129/><D129/><U70/><E45/><V56/><F31/><W114/><G114/><T133/><D133/><U81/><E70/><V62/><F29/><W19/><G35/><T99/><D99/><N who="1" m="37963" /><E78/><V94/><F67/><N who="3" m="25675" /><G46/><T84/><D84/><U21/><E21/><V72/><F22/><W53/><G53/><T2/><D2/><U0/><E0/><V77/><F87/><W69/><G69/><T92/><AGARI ba="0,1" hai="9,14,18,37,38,39,44,51,55,85,91,92,106,107" machi="92" ten="30,2000,0" yaku="1,1,0,1,53,0" doraHai="58" doraHaiUra="93" who="0" fromWho="0" sc="230,30,240,-10,250,-5,270,-5" /><INIT seed="2,0,0,4,0,100" ten="260,230,245,265" oya="2" hai0="41,121,54,14,45,114,52,110,108,46,85,115,33" hai1="39,78,24,64,29,36,10,74,87,44,67,124,105" hai2="21,80,18,84,120,109,9,26,20,117,111,130,86" hai3="71,40,69,43,19,82,53,70,102,61,98,134,96"/><V133/><F117/><W0/><G0/><T72/><D33/><U42/><E39/><V15/><F120/><W132/><BYE who="1" /><G98/><T119/><D72/><U35/><E35/><V65/><F65/><UN n1="%E3%81%9B%E3%81%A9%E3%81%AA%E3%82%8A%E3%81%82%E3%82%93" /><W79/><G19/><T95/><D14/><U101/><E124/><V91/><F130/><W88/><G53/><N who="0" m="20587" /><D85/><U6/><E87/><V125/><F125/><W113/><G61/><T89/><D89/><U31/><E101/><V37/><F37/><W12/><G12/><T57/><D95/><U5/><E5/><V60/><F60/><W55/><G113/><N who="0" m="43019" /><D57/><U66/><E24/><V62/><F62/><W22/><G22/><T76/><D76/><U104/><E29/><V123/><F123/><W34/><G34/><T28/><D28/><U23/><E23/><V118/><F118/><W97/><G97/><T77/><D77/><U50/><E31/><V13/><F86/><N who="3" m="50263" /><G79/><T58/><D121/><U2/><E50/><V17/><REACH who="2" step="1"/><F133/><REACH who="2" ten="260,230,235,265" step="2"/><W32/><G134/><T128/><D119/><U63/><REACH who="1" step="1"/><E63/><REACH who="1" ten="260,220,235,265" step="2"/><V1/><F1/><W4/><G132/><T47/><D128/><U83/><AGARI ba="0,2" hai="2,6,10,36,42,44,64,66,67,74,78,83,104,105" machi="83" ten="30,16000,3" yaku="1,1,2,1,0,1,25,2,52,2,53,1" doraHai="100" doraHaiUra="106" who="1" fromWho="1" sc="260,-40,220,180,235,-80,265,-40" /><INIT seed="3,0,0,3,3,92" ten="220,400,155,225" oya="3" hai0="122,78,27,81,64,33,135,54,120,112,123,66,99" hai1="87,7,128,36,133,134,43,124,11,109,16,108,53" hai2="74,72,47,38,79,10,132,1,44,106,31,93,113" hai3="12,129,59,8,60,68,55,127,105,126,0,100,115"/><W6/><G115/><T20/><D112/><U75/><E75/><V42/><F113/><W107/><G68/><T119/><D119/><U46/><E124/><N who="3" m="47658" /><G129/><T82/><D135/><N who="1" m="51723" /><E128/><V104/><F132/><W85/><G100/><T130/><D130/><U131/><E131/><V19/><F31/><W95/><G0/><T63/><D33/><U101/><E101/><V2/><F19/><W58/><G58/><T76/><D54/><U29/><E87/><V80/><F74/><W24/><G24/><T34/><D34/><U71/><E71/><V26/><F26/><W114/><G114/><T69/><D66/><U39/><E39/><V89/><F47/><W97/><G85/><T86/><D99/><U41/><E41/><V32/><F32/><W62/><G62/><T121/><N who="0" m="30720" /><DORA hai="70" /><T45/><D45/><U30/><E53/><V110/><F110/><N who="1" m="42601" /><E16/><V65/><F65/><W50/><G60/><T22/><REACH who="0" step="1"/><D27/><REACH who="0" ten="210,400,155,225" step="2"/><U67/><E67/><V118/><F118/><W116/><G116/><T102/><D102/><U96/><E96/><N who="2" m="57391" /><F1/><AGARI ba="0,1" hai="1,7,11,29,30,36,43,46" m="42601,51723" machi="1" ten="30,3900,0" yaku="20,1,14,1,52,1" doraHai="92,70" who="1" fromWho="2" sc="210,0,400,49,155,-39,225,0" /><INIT seed="4,0,0,1,5,108" ten="210,449,116,225" oya="0" hai0="133,114,4,25,112,132,23,118,33,105,101,124,9" hai1="106,107,104,76,1,21,64,47,29,128,92,67,95" hai2="39,40,83,71,38,97,46,8,55,134,16,49,87" hai3="116,51,122,111,24,70,7,41,120,65,121,2,126"/><T14/><D105/><U123/><E1/><V0/><F134/><N who="0" m="51818" /><D101/><U80/><E123/><V61/><F97/><W82/><G2/><N who="0" m="151" /><D118/><U84/><E128/><V66/><F0/><W6/><G111/><T19/><D124/><U11/><E11/><V35/><F35/><W3/><G116/><T117/><D117/><U13/><E47/><V90/><REACH who="2" step="1"/><F40/><REACH who="2" ten="210,449,106,225" step="2"/><W85/><G3/><T110/><D110/><U34/><E34/><V57/><F57/><W72/><G126/><T109/><D109/><U37/><E106/><V30/><F30/><AGARI ba="0,1" hai="14,19,23,25,30,33,112,114" m="151,51818" machi="30" ten="30,18000,2" yaku="24,1,20,1,34,2,52,2" doraHai="108" who="0" fromWho="2" sc="210,190,449,0,106,-180,225,0" owari="400,20.0,449,54.9,-74,-57.4,225,-17.5" /></mjloggm>