<mjloggm ver="2.3"><GO type="169" lobby="0"/><UN n0="%39%2D%62%61%79" n1="%74%61%6B%61%74%6F%72%69" n2="%E5%AD%A4%E7%8B%AC%E6%82%A3%E8%80%85" n3="%6B%73%77%72%74" dan="16,16,16,16" rate="2128.01,2047.24,2066.40,2124.65" sx="M,M,M,M"/><TAIKYOKU oya="0"/><INIT seed="0,0,0,2,4,81" ten="250,250,250,250" oya="0" hai0="7,88,99,37,85,16,30,122,21,39,38,128,64" hai1="107,36,2,59,131,6,34,70,0,92,35,118,58" hai2="14,50,48,1,93,83,51,126,97,95,71,113,90" hai3="110,119,32,47,129,78,20,44,15,3,54,115,132"/><T102/><D122/><U82/><E107/><V134/><F1/><W79/><G32/><T31/><D7/><U109/><E70/><V69/><F113/><W63/><G3/><T25/><D64/><U135/><E109/><V41/><F126/><W33/><G33/><T133/><D133/><U27/><E118/><V28/><F134/><W120/><G115/><T56/><D56/><U45/><E82/><V108/><F108/><W49/><G119/><T68/><D68/><U80/><E80/><V91/><F41/><W86/><G129/><T53/><D53/><U106/><E106/><V114/><F114/><W72/><G72/><T5/><D5/><U12/><E6/><V75/><F28/><W105/><G105/><T117/><D117/><U67/><E12/><V43/><F14/><W24/><G120/><T23/><D128/><U18/><E27/><V84/><REACH who="2" step="1"/><F43/><REACH who="2" ten="250,250,240,250" step="2"/><W124/><G124/><T74/><D31/><U103/><E135/><V101/><F101/><W98/><G15/><T17/><D23/><U89/><E103/><V46/><F46/><W57/><G110/><T9/><D9/><U121/><E45/><V11/><F11/><W8/><G8/><T61/><D30/><U125/><E0/><V76/><AGARI ba="0,1" hai="48,50,51,69,71,75,76,83,84,90,91,93,95,97" machi="76" ten="30,4000,0" yaku="1,1,0,1,52,1,53,0" doraHai="81" doraHaiUra="4" who="2" fromWho="2" sc="250,-20,250,-10,240,50,250,-10" /><INIT seed="1,0,0,5,4,113" ten="230,240,290,240" oya="1" hai0="20,45,75,95,43,38,102,37,35,116,41,72,130" hai1="64,12,25,92,51,48,125,46,21,104,14,71,99" hai2="15,127,7,34,66,49,79,1,29,87,3,83,123" hai3="27,28,55,44,57,109,91,89,2,40,100,13,101"/><U17/><E104/><V62/><F123/><W63/><G109/><T73/><D35/><U120/><E120/><V59/><F127/><W23/><G2/><T68/><D68/><U106/><E106/><V131/><F131/><W52/><G55/><T135/><D130/><U121/><E121/><V0/><F15/><W93/><G13/><T117/><D20/><U85/><E125/><V97/><F97/><W82/><G82/><T67/><D67/><U5/><E85/><V105/><F105/><W53/><G53/><T111/><D111/><U50/><E46/><V47/><F29/><W124/><G124/><T9/><D9/><U6/><E64/><V56/><F34/><W103/><REACH who="3" step="1"/><G93/><REACH who="3" ten="230,240,290,230" step="2"/><T107/><D95/><U134/><E14/><V8/><REACH who="2" step="1"/><F59/><REACH who="2" ten="230,240,280,230" step="2"/><W10/><G10/><T119/><D135/><U81/><E134/><V122/><F122/><W78/><G78/><T42/><D45/><U80/><E12/><V4/><F4/><N who="1" m="1641" /><E71/><V126/><F126/><W60/><G60/><T18/><D18/><U22/><E21/><V129/><F129/><W84/><G84/><T58/><D58/><U77/><E77/><V30/><F30/><W61/><G61/><T74/><D74/><U86/><E86/><V132/><F132/><W39/><AGARI ba="0,2" hai="23,27,28,39,40,44,52,57,63,89,91,100,101,103" machi="39" ten="30,12000,2" yaku="1,1,0,1,54,1,53,3" doraHai="113" doraHaiUra="96" who="3" fromWho="3" sc="230,-30,240,-60,280,-30,230,140" /><INIT seed="2,0,0,1,4,84" ten="200,180,250,370" oya="2" hai0="129,1,89,79,21,112,102,92,56,19,13,99,103" hai1="22,117,78,71,121,87,18,32,3,65,96,110,16" hai2="2,9,31,51,11,64,132,119,90,61,24,77,28" hai3="35,86,108,94,114,81,29,17,82,23,91,48,60"/><V37/><F37/><W36/><G36/><T123/><D1/><U80/><E117/><V85/><F119/><W44/><G108/><T126/><D123/><U43/><E32/><V98/><F132/><W63/><G114/><T107/><D112/><U88/><E110/><V42/><F77/><W118/><G29/><T55/><D126/><U40/><E3/><V122/><F122/><W95/><G35/><T104/><D79/><U134/><E121/><V39/><F39/><W4/><G4/><T100/><REACH who="0" step="1"/><D129/><REACH who="0" ten="190,180,250,370" step="2"/><U116/><E116/><V57/><F2/><W113/><G113/><T6/><D6/><U45/><E134/><V109/><F109/><W135/><G135/><T52/><D52/><U15/><E65/><V5/><F5/><W124/><G118/><T83/><D83/><U73/><E71/><V68/><F68/><W0/><G0/><T46/><D46/><U125/><E125/><V106/><F42/><N who="3" m="24599" /><G82/><T128/><D128/><U25/><E73/><V131/><F131/><W111/><G111/><T93/><D93/><N who="3" m="35337" /><G124/><T49/><AGARI ba="0,1" hai="13,19,21,49,55,56,89,92,99,100,102,103,104,107" machi="49" ten="30,4000,0" yaku="1,1,0,1,52,1,53,0" doraHai="84" doraHaiUra="115" who="0" fromWho="0" sc="190,50,180,-10,250,-20,370,-10" /><INIT seed="3,0,0,4,5,61" ten="240,170,230,360" oya="3" hai0="51,32,33,67,109,124,39,23,42,122,62,111,35" hai1="96,50,79,59,55,66,56,81,20,76,24,30,45" hai2="11,69,36,58,6,115,119,82,57,1,77,117,99" hai3="12,101,34,110,105,54,87,8,134,43,37,130,29"/><W71/><G130/><T3/><D3/><U47/><E96/><V95/><F115/><W91/><G37/><T48/><D122/><U74/><REACH who="1" step="1"/><E79/><REACH who="1" ten="240,160,230,360" step="2"/><V64/><F117/><W90/><G91/><T92/><D124/><U25/><E25/><V60/><F119/><W41/><G90/><T27/><D92/><U0/><E0/><V103/><REACH who="2" step="1"/><F36/><REACH who="2" ten="240,160,220,360" step="2"/><W52/><G101/><T108/><D39/><U7/><E7/><V125/><F125/><W65/><G134/><T73/><D111/><U128/><E128/><V49/><F49/><W4/><G110/><T104/><D51/><U10/><E10/><V98/><F98/><W22/><G8/><T80/><D48/><U44/><E44/><V31/><F31/><W126/><G4/><T13/><D109/><U127/><E127/><V53/><F53/><W89/><G29/><T5/><D5/><U97/><E97/><V135/><F135/><W26/><G54/><T129/><D129/><U72/><E72/><AGARI ba="0,2" hai="1,6,11,57,58,60,64,69,72,77,82,95,99,103" machi="72" ten="30,3900,0" yaku="1,1,7,1,52,1,53,0" doraHai="61" doraHaiUra="121" who="2" fromWho="1" sc="240,0,160,-39,220,59,360,0" /><INIT seed="4,0,0,0,4,29" ten="240,121,279,360" oya="0" hai0="100,134,8,31,116,19,84,130,50,64,97,39,40" hai1="95,20,57,111,87,89,102,76,115,117,38,59,30" hai2="32,90,24,42,43,47,91,106,104,2,1,93,80" hai3="67,7,94,33,14,124,21,83,55,73,58,107,6"/><T128/><D116/><U25/><E111/><V12/><F12/><W131/><G107/><T135/><D39/><U108/><E108/><V27/><F93/><W129/><G67/><T28/><D64/><U45/><E117/><V75/><F47/><W54/><G124/><T23/><D8/><U74/><E115/><V69/><F75/><W109/><G33/><T34/><D84/><U4/><E4/><V61/><F61/><W70/><G70/><T98/><D50/><U127/><E127/><V85/><F85/><W62/><G55/><T63/><D40/><U68/><E68/><V114/><F69/><W26/><G94/><T35/><D63/><U66/><E66/><V125/><F125/><W10/><G109/><T15/><D100/><U110/><E110/><V49/><F49/><W119/><G7/><T133/><D98/><U0/><E0/><V101/><F101/><W5/><G6/><T79/><BYE who="2" /><D79/><UN n2="%E5%AD%A4%E7%8B%AC%E6%82%A3%E8%80%85" /><U53/><E102/><V17/><F17/><W3/><G119/><T78/><D78/><U51/><REACH who="1" step="1"/><E38/><REACH who="1" ten="240,111,279,360" step="2"/><V37/><F37/><W72/><G3/><T44/><D135/><U118/><E118/><V123/><F114/><W77/><G72/><T48/><D134/><U121/><E121/><V92/><F123/><W22/><G73/><T103/><D103/><U13/><E13/><V36/><F36/><W88/><G14/><T86/><D133/><U41/><E41/><V65/><F65/><W56/><G5/><T120/><D120/><U16/><E16/><V126/><F126/><W99/><G131/><N who="0" m="50219" /><D15/><U96/><E96/><N who="2" m="57367" /><F1/><W11/><G129/><RYUUKYOKU ba="0,1" sc="240,-10,111,30,279,-10,360,-10" hai1="20,25,30,45,51,53,57,59,74,76,87,89,95" /><INIT seed="5,1,1,5,1,31" ten="230,141,269,350" oya="1" hai0="53,1,39,113,83,60,28,33,133,135,121,76,116" hai1="86,103,32,20,48,16,47,56,12,40,92,29,79" hai2="58,99,2,23,62,22,107,123,114,81,78,117,74" hai3="51,125,4,77,49,80,26,69,50,101,84,98,27"/><U66/><E79/><V118/><F123/><W120/><G120/><T124/><D121/><U122/><E122/><V97/><F2/><W34/><G125/><T63/><D116/><U96/><E86/><V72/><F72/><W13/><G69/><T10/><D39/><U131/><E131/><V57/><F57/><W9/><REACH who="3" step="1"/><G34/><REACH who="3" ten="230,141,269,340" step="2"/><T110/><D33/><U126/><E126/><V108/><F117/><W87/><G87/><T111/><D124/><U44/><E47/><V127/><F118/><W15/><G15/><T55/><D1/><U94/><E32/><V85/><F85/><W91/><G91/><T68/><D68/><U8/><E103/><V90/><F90/><W71/><G71/><T130/><D130/><U54/><E96/><V35/><F35/><W52/><G52/><T64/><D55/><U36/><REACH who="1" step="1"/><E66/><REACH who="1" ten="230,131,269,340" step="2"/><V95/><F99/><W3/><G3/><T5/><D64/><U19/><E19/><V106/><F127/><W128/><G128/><T112/><D76/><U11/><E11/><V6/><F97/><W14/><G14/><T65/><D65/><U75/><E75/><V43/><F78/><W132/><G132/><T37/><D10/><U119/><E119/><V89/><F74/><W109/><G109/><T7/><D111/><U59/><E59/><V115/><F108/><W46/><G46/><T105/><D110/><U42/><E42/><V88/><F58/><W0/><G0/><T102/><D135/><U73/><E73/><V24/><F43/><W129/><G129/><T30/><D133/><U41/><E41/><V25/><F23/><RYUUKYOKU ba="1,3" sc="230,-15,131,15,269,-15,340,15" hai1="8,12,16,20,29,36,40,44,48,54,56,92,94" hai3="4,9,13,26,27,49,50,51,77,80,84,98,101" /><INIT seed="5,2,3,2,5,120" ten="215,146,254,355" oya="1" hai0="92,1,87,34,66,98,123,108,27,126,45,112,109" hai1="121,24,17,130,62,12,37,122,50,10,72,51,5" hai2="113,124,44,107,21,53,117,43,3,18,13,46,7" hai3="86,29,91,99,115,95,93,119,96,38,90,77,80"/><U33/><E37/><V84/><F117/><W14/><G38/><T110/><D123/><U25/><E72/><V73/><F73/><W100/><G119/><T116/><D116/><U35/><E62/><V47/><F107/><N who="3" m="63879" /><G29/><T56/><D1/><N who="1" m="303" /><E51/><V0/><F124/><W28/><G14/><T101/><D126/><U125/><E50/><V81/><F43/><W8/><G8/><T79/><D45/><U26/><E125/><V94/><F113/><W67/><G28/><T128/><D112/><U4/><E4/><V69/><F69/><W102/><G67/><T40/><D40/><U2/><E2/><V134/><F134/><W103/><G115/><T59/><D66/><U64/><E64/><V57/><F7/><W88/><G103/><T23/><D34/><N who="1" m="12811" /><E130/><V55/><F55/><W54/><G54/><T127/><D128/><U11/><AGARI ba="2,3" hai="11,12,17,24,25,26,121,122" m="12811,303" machi="11" ten="30,3000,0" yaku="34,2" doraHai="120" who="1" fromWho="1" sc="215,-12,146,66,254,-12,355,-12" /><INIT seed="5,3,0,4,4,47" ten="203,212,242,343" oya="1" hai0="54,111,129,110,134,48,13,94,115,68,1,103,133" hai1="53,0,64,106,20,125,108,119,41,60,77,75,3" hai2="42,15,65,113,121,130,40,23,78,97,43,84,117" hai3="51,25,52,4,21,74,57,16,90,62,76,11,128"/><U102/><E119/><V88/><F117/><W135/><G128/><T8/><D129/><U28/><E125/><V93/><F130/><W35/><G135/><T14/><D68/><U112/><E112/><V12/><F121/><W17/><G35/><T95/><D115/><U67/><E67/><V69/><F113/><W58/><G74/><T83/><D83/><U132/><E132/><BYE who="2" /><N who="0" m="50793" /><D1/><U29/><E41/><UN n2="%E5%AD%A4%E7%8B%AC%E6%82%A3%E8%80%85" /><V2/><F2/><W26/><G76/><T49/><D14/><U100/><E53/><V109/><F109/><N who="0" m="41482" /><D103/><U45/><E102/><V27/><F65/><W114/><G114/><T96/><D96/><U33/><E100/><V55/><F55/><N who="3" m="34111" /><G90/><T118/><D118/><U98/><E98/><V34/><F69/><W31/><G26/><T127/><D127/><U50/><E0/><V80/><REACH who="2" step="1"/><F34/><REACH who="2" ten="203,212,232,343" step="2"/><W79/><G79/><T6/><D54/><N who="1" m="30031" /><E33/><V44/><F44/><W91/><G91/><T36/><D36/><U92/><E3/><V39/><F39/><W22/><G22/><T116/><D116/><U19/><E77/><V101/><F101/><W105/><G105/><T56/><D56/><U63/><E106/><V7/><F7/><W131/><G131/><T59/><D59/><U104/><E104/><V18/><AGARI ba="3,1" hai="12,15,18,23,27,40,42,43,78,80,84,88,93,97" machi="18" ten="30,7900,0" yaku="1,1,0,1,8,1,54,1,53,0" doraHai="47" doraHaiUra="120" who="2" fromWho="2" sc="203,-23,212,-42,232,98,343,-23" /><INIT seed="6,0,0,1,1,16" ten="180,170,330,320" oya="2" hai0="20,59,91,2,71,122,49,110,89,86,125,35,95" hai1="123,31,135,6,84,97,75,60,117,24,55,44,28" hai2="116,73,133,26,12,42,15,90,1,37,129,25,34" hai3="115,126,98,52,64,41,79,87,121,82,10,67,0"/><V99/><F116/><W43/><G121/><T46/><D35/><U85/><E75/><V66/><F1/><W77/><G126/><T29/><D71/><U51/><E117/><V118/><F118/><W3/><G115/><T93/><D2/><U4/><E135/><V109/><F73/><W128/><G128/><T32/><D32/><U124/><E124/><V107/><F129/><W27/><G0/><T18/><D110/><U120/><E97/><V69/><F25/><W11/><G79/><T76/><D76/><U21/><E31/><N who="2" m="19831" /><F90/><W112/><G112/><T92/><D29/><U40/><E123/><V102/><F133/><W114/><G114/><T38/><D38/><U19/><E120/><V132/><F109/><W70/><G70/><T103/><D103/><U119/><E28/><V88/><F88/><N who="0" m="33866" /><D125/><U81/><E119/><V57/><F57/><W13/><G98/><T72/><D72/><U33/><E33/><V50/><F50/><W14/><G3/><T131/><D131/><U17/><E81/><V45/><F132/><W36/><G36/><T111/><D111/><U63/><E63/><AGARI ba="0,0" hai="12,15,37,42,45,63,66,69,99,102,107" m="19831" machi="63" ten="30,1500,0" yaku="25,1" doraHai="16" who="2" fromWho="1" sc="180,0,170,-15,330,15,320,0" /><INIT seed="6,1,0,3,0,106" ten="180,155,345,320" oya="2" hai0="87,77,116,111,90,118,112,86,55,73,71,63,44" hai1="64,119,60,121,57,9,132,110,88,56,83,22,41" hai2="4,69,89,108,7,32,8,3,13,72,79,29,97" hai3="45,113,11,23,102,0,18,38,65,14,107,68,103"/><V35/><F108/><W98/><G113/><T27/><D111/><U16/><E119/><V17/><F69/><W28/><G102/><T135/><D112/><U80/><E110/><V34/><F89/><W125/><G125/><T81/><D135/><U92/><E132/><V52/><F97/><W33/><G38/><T31/><D44/><U109/><E109/><V100/><F100/><W21/><G45/><T59/><D71/><U47/><E9/><N who="2" m="2207" /><F52/><W46/><G0/><T123/><D123/><U104/><E104/><V93/><F93/><W76/><G76/><T134/><D134/><U101/><E57/><V84/><F84/><W94/><G94/><T91/><D90/><U96/><E101/><V25/><F72/><W127/><G127/><T70/><D70/><U6/><E6/><V120/><F79/><W124/><G124/><T129/><D129/><U39/><REACH who="1" step="1"/><E121/><REACH who="1" ten="180,145,345,320" step="2"/><V115/><F120/><W40/><G68/><T82/><REACH who="0" step="1"/><D87/><REACH who="0" ten="170,145,345,320" step="2"/><U19/><E19/><V43/><F115/><W48/><G18/><T117/><D117/><U37/><E37/><V36/><F36/><W122/><G122/><T50/><D50/><U130/><E130/><V78/><F17/><W85/><G48/><T53/><D53/><U42/><E42/><V66/><F43/><W62/><G40/><T67/><D67/><U74/><E74/><V54/><F54/><W1/><G65/><T2/><D2/><U15/><AGARI ba="1,2" hai="15,16,22,39,41,47,56,60,64,80,83,88,92,96" machi="15" ten="20,8000,1" yaku="1,1,0,1,7,1,54,2,53,0" doraHai="106" doraHaiUra="99" who="1" fromWho="1" sc="170,-21,145,103,345,-41,320,-21" /><INIT seed="7,0,0,0,5,128" ten="149,248,304,299" oya="3" hai0="80,17,27,113,3,70,88,112,45,49,2,44,29" hai1="91,90,133,75,50,58,78,1,121,106,73,15,26" hai2="46,25,35,81,42,7,125,24,89,9,34,0,79" hai3="37,47,69,122,28,48,100,84,65,109,87,132,51"/><W31/><G122/><T54/><D70/><U62/><E1/><V10/><F10/><W32/><G37/><T105/><D105/><U13/><E106/><V76/><F125/><W52/><G132/><T16/><D45/><U130/><E50/><V33/><F89/><W127/><G127/><T77/><D77/><U74/><E78/><V56/><F56/><N who="3" m="32775" /><G32/><T4/><D4/><U8/><E26/><V82/><F82/><W23/><G69/><T41/><D41/><U36/><E36/><N who="2" m="21831" /><F79/><W126/><G126/><T94/><D80/><U119/><E133/><V6/><F6/><W59/><G100/><T61/><D61/><U19/><E130/><V96/><F96/><W97/><G97/><T102/><D102/><U129/><E129/><V57/><F57/><W66/><G109/><T101/><D101/><U14/><E119/><V134/><F134/><W22/><G22/><N who="0" m="15607" /><D3/><U108/><E108/><V104/><F104/><W30/><G23/><T71/><D71/><U38/><E38/><V83/><F83/><W64/><G59/><T18/><D2/><U135/><E135/><V68/><F68/><W115/><G115/><N who="0" m="44107" /><D18/><U11/><E121/><V114/><F114/><W85/><G30/><T63/><D63/><U95/><E19/><V107/><F107/><W124/><G124/><T39/><D39/><U118/><E90/><V110/><F110/><W5/><G5/><T103/><D103/><U111/><E111/><V67/><F67/><W116/><G116/><T60/><D60/><U72/><E118/><V117/><F117/><W93/><G93/><T21/><D21/><RYUUKYOKU ba="0,0" sc="149,10,248,-30,304,10,299,10" hai0="16,17,44,49,54,88,94" hai2="0,7,9,24,25,33,34,35,76,81" hai3="28,31,47,51,64,65,66,84,85,87" /><INIT seed="7,1,0,5,2,36" ten="159,218,314,309" oya="3" hai0="34,78,72,68,103,107,32,35,17,45,129,93,6" hai1="47,56,50,114,26,69,44,23,134,12,90,21,105" hai2="80,125,99,42,79,38,117,16,39,84,71,122,57" hai3="40,119,55,41,33,120,82,123,127,86,4,112,102"/><W83/><G119/><T87/><D129/><U77/><E69/><V128/><F117/><W52/><G33/><T97/><D68/><U121/><E121/><V60/><F71/><W8/><G112/><T113/><D113/><U67/><E105/><V98/><F125/><W89/><G127/><T64/><D64/><U48/><E77/><V75/><F75/><W54/><G102/><T61/><D61/><N who="1" m="38311" /><E134/><V2/><F2/><W49/><G83/><T81/><D6/><U31/><E90/><V96/><F128/><W100/><G100/><T63/><D63/><U124/><E114/><V0/><F0/><W25/><G25/><T131/><D131/><U15/><E124/><V3/><F3/><W18/><G18/><T104/><D17/><N who="1" m="10431" /><E12/><V76/><F76/><W111/><G111/><T65/><D65/><U66/><E66/><N who="2" m="39183" /><F39/><W126/><G126/><T51/><REACH who="0" step="1"/><D72/><REACH who="0" ten="149,218,314,309" step="2"/><U88/><E88/><V91/><F16/><W30/><G123/><T7/><D7/><U11/><E11/><V133/><F91/><W10/><G120/><T70/><D70/><U95/><E95/><V28/><F122/><W37/><G10/><T58/><D58/><U24/><E47/><N who="2" m="24023" /><F133/><W19/><G19/><T14/><D14/><U116/><E44/><V73/><F73/><W43/><G37/><T5/><D5/><U108/><E116/><V9/><F9/><W20/><G8/><T94/><D94/><U13/><E13/><V115/><F115/><W118/><G118/><T109/><D109/><U29/><E108/><V62/><F62/><W132/><G132/><T92/><D92/><RYUUKYOKU ba="1,1" sc="149,10,218,10,314,10,309,-30" hai0="32,34,35,45,51,78,81,87,93,97,103,104,107" hai1="23,24,26,29,31,48,50" hai2="28,79,80,84,96,98,99" owari="159,-34.1,228,-17.2,334,43.4,279,7.9" /></mjloggm>