<mjloggm ver="2.3"><GO type="169" lobby="0"/><UN n0="%E3%83%8A%E3%82%AB%E3%81%AB%E3%81%97" n1="%E3%81%95%E3%82%93%E3%81%84%E3%81%A1%E3%82%8D%E3%81%8F%E3%81%94" n2="%43%68%61%72%6F%2E" n3="%E7%89%8C%E6%B5%81%E7%8A%B6%E6%85%8B%E9%BA%BB%E9%9B%80" dan="16,17,16,16" rate="2095.05,2090.40,2152.41,2150.70" sx="M,M,M,M"/><TAIKYOKU oya="0"/><INIT seed="0,0,0,5,1,68" ten="250,250,250,250" oya="0" hai0="46,57,121,38,16,56,79,54,24,133,97,104,48" hai1="66,2,69,84,78,1,17,70,39,105,73,81,120" hai2="75,89,47,101,102,4,60,128,116,77,9,96,3" hai3="132,129,127,30,62,51,108,52,85,31,25,11,94"/><T20/><D20/><U71/><BYE who="0" /><E120/><V95/><F128/><W35/><G129/><T32/><D32/><U36/><E105/><UN n0="%E3%83%8A%E3%82%AB%E3%81%AB%E3%81%97" /><V91/><F116/><W131/><G131/><T63/><D121/><U33/><E66/><V7/><F7/><W5/><G127/><T64/><D133/><U26/><E73/><V28/><F28/><W80/><G108/><T113/><D113/><U49/><E49/><V125/><F125/><W74/><G132/><T43/><D79/><U12/><E26/><V14/><F14/><W45/><G31/><T53/><D24/><U114/><E33/><V112/><F112/><W65/><G94/><T109/><D16/><U123/><E123/><V134/><F134/><W18/><G18/><T15/><D15/><U83/><E81/><V21/><F21/><W8/><G74/><T50/><D97/><U42/><E114/><V44/><F91/><W99/><G99/><T41/><D104/><U90/><E78/><V40/><F60/><W92/><G92/><T59/><D43/><U82/><E82/><N who="2" m="45375" /><F44/><W100/><G100/><T19/><D19/><U10/><REACH who="1" step="1"/><E42/><REACH who="1" ten="250,240,250,250" step="2"/><V115/><F115/><W72/><G72/><T55/><REACH who="0" step="1"/><D109/><REACH who="0" ten="240,240,250,250" step="2"/><U126/><E126/><V27/><F27/><W103/><G25/><T76/><D76/><U111/><E111/><V86/><F40/><W130/><G35/><T117/><D117/><U34/><E34/><V88/><F96/><W119/><G130/><T98/><D98/><U122/><E122/><V61/><F86/><W107/><G119/><T87/><D87/><U22/><E22/><V37/><F101/><RYUUKYOKU ba="0,2" sc="240,15,240,15,250,-15,250,-15" hai0="38,41,46,48,50,53,54,55,56,57,59,63,64" hai1="1,2,10,12,17,36,39,69,70,71,83,84,90" /><INIT seed="0,1,2,3,0,64" ten="255,255,235,235" oya="0" hai0="84,135,78,44,17,115,121,60,30,133,32,53,45" hai1="33,12,127,117,40,31,62,98,77,73,59,66,111" hai2="82,42,4,95,1,24,13,38,50,93,99,104,22" hai3="128,74,120,49,23,2,63,8,48,14,87,79,126"/><T110/><D115/><U67/><E117/><V123/><F123/><W68/><G120/><T41/><D121/><U94/><E111/><V102/><F1/><W26/><G2/><T5/><D110/><U76/><E127/><V61/><F38/><W37/><G74/><T69/><D5/><U103/><E40/><V85/><F61/><W88/><G79/><T54/><D17/><U125/><E125/><V9/><F50/><W86/><G86/><T36/><D30/><U11/><E67/><V106/><F42/><W20/><G37/><T70/><D32/><U114/><E114/><V119/><F106/><W34/><G34/><T16/><D16/><U91/><E103/><V27/><F119/><W55/><G128/><T21/><D21/><U18/><REACH who="1" step="1"/><E73/><REACH who="1" ten="255,245,235,235" step="2"/><V130/><F130/><W112/><G126/><T10/><D53/><U83/><E83/><V131/><F131/><W81/><G112/><T134/><D10/><U80/><E80/><V129/><F129/><W96/><G55/><T19/><D19/><U39/><E39/><V101/><F101/><W51/><G81/><N who="0" m="47159" /><D45/><U100/><E100/><V35/><F102/><W52/><G52/><T105/><D105/><U109/><E109/><V89/><F104/><W71/><G8/><T92/><D92/><U0/><E0/><V132/><F93/><W58/><G14/><T116/><D116/><U118/><E118/><V124/><F13/><W122/><G122/><T65/><D54/><U3/><E3/><V108/><F9/><W15/><G15/><T25/><D25/><AGARI ba="1,3" hai="11,12,18,25,31,33,59,62,66,76,77,91,94,98" machi="25" ten="40,2600,0" yaku="1,1,53,1" doraHai="64" doraHaiUra="28" who="1" fromWho="0" sc="255,-29,245,59,235,0,235,0" /><INIT seed="1,0,0,1,4,89" ten="226,304,235,235" oya="1" hai0="26,80,123,44,70,57,107,50,120,51,125,109,131" hai1="13,93,81,76,49,77,72,87,104,126,122,59,99" hai2="79,1,47,28,22,124,10,33,41,134,132,96,86" hai3="73,21,17,94,78,12,113,34,23,58,106,18,130"/><U100/><E122/><N who="0" m="46633" /><D107/><U74/><E126/><V14/><F124/><W129/><G106/><T84/><D125/><U65/><E13/><V67/><F67/><W92/><G34/><T108/><D26/><U2/><E2/><V11/><F96/><W55/><G113/><T61/><D131/><N who="3" m="50185" /><G78/><N who="1" m="30314" /><E65/><V63/><F63/><N who="3" m="36319" /><G73/><N who="1" m="28266" /><E59/><V32/><F86/><W62/><G62/><T48/><D70/><U8/><E49/><V102/><F79/><W7/><G7/><T45/><D84/><U101/><E8/><V88/><F102/><W85/><G85/><T24/><D80/><U35/><E35/><V69/><F69/><W112/><G112/><T105/><D105/><U118/><E118/><V9/><F1/><W133/><G133/><T121/><D121/><U98/><E87/><V54/><F32/><W117/><G117/><T4/><D4/><U119/><E119/><V75/><F33/><W43/><G43/><T29/><D45/><U56/><E56/><V135/><F41/><W36/><G36/><T3/><D44/><U97/><E81/><V19/><F75/><W64/><G64/><N who="0" m="38959" /><D3/><U38/><E38/><V30/><F47/><W42/><G42/><T40/><D40/><U110/><E99/><V16/><F135/><W46/><G46/><T83/><D83/><U82/><E82/><V53/><F134/><W25/><AGARI ba="0,0" hai="12,17,18,21,23,25,92,94" m="36319,50185" machi="25" ten="30,4000,0" yaku="19,1,52,2" doraHai="89" who="3" fromWho="3" sc="226,-10,304,-20,235,-10,235,40" /><INIT seed="2,0,0,5,1,102" ten="216,284,225,275" oya="2" hai0="55,41,105,111,24,21,61,66,124,97,93,13,48" hai1="0,11,52,91,62,15,39,96,35,117,5,107,92" hai2="113,128,8,84,30,32,101,51,87,2,73,3,99" hai3="120,134,122,53,9,104,44,22,131,85,100,20,71"/><V81/><F113/><W119/><G119/><T19/><D111/><U26/><E117/><V6/><F128/><W47/><G71/><T80/><D124/><U60/><E39/><V7/><F73/><W69/><G69/><T42/><D80/><U88/><E107/><V49/><F87/><W25/><G131/><T114/><D114/><U89/><E0/><V74/><F74/><W63/><G134/><T50/><D105/><U16/><E62/><V4/><F30/><W95/><G9/><T68/><D13/><U75/><E75/><V125/><F32/><W127/><G20/><T1/><D1/><U78/><E78/><V82/><F7/><W34/><G34/><T38/><D38/><U72/><E72/><V77/><F82/><W58/><G127/><T98/><D50/><U27/><E35/><V109/><F125/><W28/><G104/><T129/><D98/><U23/><E27/><V115/><F115/><W17/><G28/><T31/><D31/><U132/><E132/><V83/><F83/><W56/><G56/><AGARI ba="0,0" hai="5,11,15,16,23,26,52,56,60,88,89,91,92,96" machi="56" ten="40,12000,2" yaku="25,2,8,1,54,3" doraHai="102" who="1" fromWho="3" sc="216,0,284,120,225,0,275,-120" /><INIT seed="3,0,0,5,2,10" ten="216,404,225,155" oya="3" hai0="0,64,50,70,52,12,7,132,105,14,127,101,90" hai1="104,85,80,59,45,48,53,37,54,125,43,87,76" hai2="113,119,109,69,82,57,122,34,44,130,21,84,26" hai3="24,99,91,3,89,55,135,28,120,73,77,74,40"/><W128/><G120/><T131/><D0/><U23/><E104/><V15/><F69/><W63/><G3/><T108/><D7/><U117/><E125/><V102/><F119/><W62/><G128/><T86/><D127/><U47/><E117/><V67/><F113/><W39/><G135/><T92/><D132/><U58/><E23/><V51/><F130/><W8/><G8/><T4/><D4/><U79/><E54/><V116/><F116/><W118/><G118/><T134/><D134/><U103/><E103/><V20/><F102/><W121/><G121/><T71/><D131/><U46/><E47/><V129/><F129/><W32/><G39/><T38/><D38/><U107/><E107/><V36/><F36/><W66/><G40/><T11/><D11/><U68/><E68/><V17/><F34/><W16/><G16/><T111/><D70/><U112/><E112/><V65/><F57/><W2/><G2/><T124/><D64/><U106/><E106/><V72/><F72/><W22/><G32/><T75/><D75/><U27/><E27/><V13/><F122/><W94/><G91/><T31/><D71/><U78/><E79/><N who="2" m="46175" /><F26/><W9/><G77/><T30/><D124/><U42/><E43/><N who="2" m="24991" /><F67/><W97/><G74/><T18/><D105/><U96/><E78/><V35/><F35/><W61/><G73/><T100/><D100/><U19/><E76/><V49/><F65/><W115/><G66/><T29/><D101/><U1/><E37/><V81/><F81/><W33/><G33/><T6/><D90/><U93/><E1/><V41/><F41/><RYUUKYOKU ba="0,0" sc="216,0,404,0,225,0,155,0" /><INIT seed="4,1,0,5,3,98" ten="216,404,225,155" oya="0" hai0="24,44,71,67,90,61,16,12,40,3,31,126,130" hai1="33,34,134,77,99,79,6,39,95,27,96,101,133" hai2="4,75,84,117,55,105,42,92,72,102,116,64,21" hai3="70,100,60,124,94,135,83,37,10,109,30,57,87"/><T91/><D130/><U28/><E39/><V118/><F64/><W65/><G109/><T82/><D126/><U66/><E66/><V132/><F42/><W52/><G124/><T35/><D3/><U112/><E112/><V53/><F4/><W7/><G135/><N who="1" m="51722" /><E6/><V48/><F132/><W47/><G30/><T50/><REACH who="0" step="1"/><D82/><REACH who="0" ten="206,404,225,155" step="2"/><U45/><E34/><V14/><F116/><W59/><G83/><T17/><D17/><U63/><E33/><V36/><F117/><W114/><G7/><T9/><AGARI ba="1,1" hai="9,12,16,24,31,35,40,44,50,61,67,71,90,91" machi="9" ten="20,7800,0" yaku="1,1,0,1,7,1,54,1,53,0" doraHai="98" doraHaiUra="107" who="0" fromWho="0" sc="206,91,404,-27,225,-27,155,-27" /><INIT seed="4,2,0,2,3,129" ten="297,377,198,128" oya="0" hai0="42,102,94,88,61,31,132,77,11,101,78,53,52" hai1="47,75,114,32,74,135,131,71,29,67,40,119,86" hai2="99,38,127,111,39,45,84,12,85,16,1,90,73" hai3="19,91,70,107,3,82,36,76,124,60,92,134,51"/><T96/><D132/><U35/><E135/><V22/><F111/><W46/><G134/><T110/><D110/><U58/><E119/><V9/><F127/><W64/><G107/><T108/><D108/><U116/><E116/><V118/><F73/><W106/><G106/><T21/><D42/><U8/><E58/><V126/><F126/><W18/><G3/><T57/><D11/><U97/><E86/><V28/><F118/><W72/><G36/><T115/><D115/><U49/><E131/><V30/><F99/><W79/><G79/><N who="0" m="30219" /><D53/><U104/><E8/><V113/><F113/><W14/><G14/><T50/><D50/><U89/><E35/><V23/><F84/><W133/><G124/><T13/><D13/><U59/><E71/><V112/><F112/><W125/><G125/><T120/><D120/><U103/><E114/><V93/><F1/><W66/><G66/><T69/><D69/><U15/><E15/><V4/><F39/><W100/><G100/><T37/><D37/><U2/><E2/><V105/><F105/><W62/><G62/><T26/><AGARI ba="2,0" hai="21,26,31,52,57,61,88,94,96,101,102" m="30219" machi="26" ten="30,6000,0" yaku="8,1,54,2" doraHai="129" who="0" fromWho="0" sc="297,66,377,-22,198,-22,128,-22" /><INIT seed="4,3,0,1,4,50" ten="363,355,176,106" oya="0" hai0="124,56,99,82,114,123,68,51,64,112,75,37,22" hai1="94,1,106,121,130,78,43,97,107,87,132,101,113" hai2="29,35,53,84,46,61,41,108,63,36,42,95,89" hai3="120,47,83,13,80,134,60,133,117,44,69,76,109"/><T93/><D123/><U70/><E1/><V86/><F108/><W119/><G13/><T126/><D37/><U115/><E70/><V104/><F104/><N who="1" m="39977" /><E43/><V98/><F42/><W57/><G76/><N who="0" m="44319" /><D22/><U7/><E7/><V25/><REACH who="2" step="1"/><F61/><REACH who="2" ten="363,355,166,106" step="2"/><W39/><G60/><N who="0" m="37895" /><D51/><U91/><E121/><V74/><F74/><W73/><G73/><T65/><D68/><U66/><E115/><N who="0" m="44073" /><D65/><U23/><E66/><V33/><F33/><W118/><G69/><T72/><D72/><U34/><E113/><V24/><F24/><W90/><G120/><T2/><D2/><U45/><E34/><V10/><F10/><W52/><G118/><T67/><D67/><U6/><E23/><V32/><F32/><W11/><G11/><T49/><D49/><U3/><E3/><V58/><AGARI ba="3,1" hai="25,29,35,36,41,46,53,58,63,84,86,89,95,98" machi="58" ten="30,4000,0" yaku="1,1,0,1,52,1,53,0" doraHai="50" doraHaiUra="0" who="2" fromWho="2" sc="363,-23,355,-13,166,59,106,-13" /><INIT seed="5,0,0,4,1,44" ten="340,342,225,93" oya="1" hai0="20,21,39,15,89,68,98,92,95,66,86,80,96" hai1="43,51,91,74,8,40,18,35,116,59,23,125,56" hai2="42,93,127,34,58,67,134,119,81,33,122,11,29" hai3="27,38,60,57,32,1,131,0,2,70,48,31,123"/><U99/><E116/><V53/><F122/><W106/><G123/><T88/><D39/><U133/><E35/><V75/><F119/><W82/><G131/><T84/><D68/><U78/><E125/><V126/><F67/><W54/><G106/><T100/><D66/><U16/><E74/><V55/><F42/><W49/><G38/><T5/><D96/><U115/><E78/><N who="2" m="44255" /><F134/><W118/><G118/><T114/><D114/><U41/><E115/><V76/><F76/><W19/><G70/><T62/><D62/><U6/><E59/><V30/><F11/><AGARI ba="0,0" hai="5,11,15,20,21,80,84,86,88,89,92,95,98,100" machi="11" ten="40,2600,0" yaku="8,1,54,1" doraHai="44" who="0" fromWho="2" sc="340,26,342,0,225,-26,93,0" /><INIT seed="6,0,0,4,5,80" ten="366,342,199,93" oya="2" hai0="9,106,61,97,128,126,8,31,20,42,98,120,1" hai1="81,60,82,28,62,74,29,54,14,127,6,132,25" hai2="77,103,71,68,133,78,84,57,123,43,113,26,58" hai3="96,17,110,102,125,87,121,41,63,115,11,37,36"/><V50/><F123/><W107/><G121/><T15/><D120/><U69/><E127/><V114/><F103/><W95/><G125/><T21/><D126/><U10/><E132/><V91/><F133/><W99/><G110/><T75/><D75/><U129/><E129/><V64/><F26/><W104/><G115/><N who="2" m="44041" /><F43/><W39/><G41/><T124/><D42/><U45/><E29/><V47/><F47/><W86/><G63/><T48/><D61/><N who="1" m="23659" /><E74/><V24/><F24/><W89/><G17/><T49/><D31/><U0/><E0/><V119/><F119/><W100/><REACH who="3" step="1"/><G11/><REACH who="3" ten="366,342,199,83" step="2"/><T94/><D9/><U12/><E10/><V88/><F64/><W53/><G53/><T52/><D52/><U27/><E54/><V135/><F135/><W4/><G4/><T23/><D8/><U65/><E65/><V2/><F50/><W59/><G59/><N who="2" m="22537" /><F2/><W117/><G117/><T111/><D1/><U83/><E69/><N who="2" m="26699" /><F91/><W122/><G122/><T92/><D49/><U46/><E6/><V130/><F130/><W67/><G67/><T22/><D48/><U19/><E19/><V40/><F40/><W72/><G72/><T85/><D128/><U112/><E112/><V16/><F16/><W76/><G76/><T118/><D118/><U79/><E79/><V90/><F90/><W13/><G13/><T7/><D15/><N who="1" m="5675" /><E28/><V66/><F66/><W134/><G134/><T109/><D7/><U38/><E27/><V73/><F73/><W18/><G18/><T3/><D3/><U131/><E25/><V34/><F34/><W5/><G5/><T32/><D32/><RYUUKYOKU ba="0,1" sc="366,-15,342,-15,199,15,83,15" hai2="77,78,84,88" hai3="36,37,39,86,87,89,95,96,99,100,102,104,107" /><INIT seed="6,1,1,0,2,96" ten="351,327,214,98" oya="2" hai0="30,9,71,25,28,86,12,74,81,72,80,68,110" hai1="122,130,126,5,128,111,100,14,17,88,84,26,43" hai2="70,118,112,131,93,102,64,15,41,60,127,24,3" hai3="61,108,20,78,120,62,6,92,125,97,31,32,16"/><V117/><F3/><W39/><G108/><T63/><D110/><U19/><E111/><V119/><F112/><W99/><G120/><T73/><D63/><U90/><E126/><V57/><F127/><W69/><G125/><T23/><D30/><U50/><E122/><V7/><F131/><N who="1" m="50217" /><E100/><V0/><F0/><W132/><G39/><T33/><D33/><U135/><E5/><V34/><F41/><W89/><G132/><T114/><D80/><U21/><E84/><V42/><F42/><W77/><G6/><T113/><D113/><U48/><E135/><V53/><F24/><W83/><G78/><T10/><D10/><N who="1" m="6359" /><E50/><V91/><F34/><W36/><G36/><T8/><D8/><U56/><E56/><V124/><F124/><W95/><G69/><T22/><D22/><U87/><E87/><V103/><F7/><W105/><G105/><T49/><D49/><U59/><E59/><V40/><F40/><W129/><G32/><T11/><D11/><U13/><E26/><V79/><F79/><W46/><G46/><AGARI ba="1,1" hai="13,19,21,43,46,48,88,90" m="6359,50217" machi="46" ten="30,2000,0" yaku="19,1,54,1" doraHai="96" who="1" fromWho="3" sc="351,0,327,33,214,0,98,-23" /><INIT seed="7,0,0,0,0,103" ten="351,360,214,75" oya="3" hai0="120,20,70,27,135,76,92,77,62,121,110,10,102" hai1="126,74,128,88,21,6,38,0,13,134,109,58,75" hai2="37,80,125,23,99,93,55,59,100,67,33,97,47" hai3="117,64,49,36,101,52,53,90,83,8,14,32,45"/><W60/><G117/><T44/><D110/><U46/><E109/><V132/><F33/><W18/><G32/><T115/><D44/><U16/><E126/><V119/><F119/><W54/><G36/><T129/><D10/><U127/><E127/><V94/><F125/><W96/><G83/><T113/><D129/><U65/><E128/><V2/><F67/><W63/><G90/><T118/><D118/><U87/><E134/><V40/><F2/><W122/><G122/><T123/><D135/><U43/><E6/><V42/><F42/><W111/><G111/><T1/><D1/><U56/><E0/><V81/><F23/><W68/><REACH who="3" step="1"/><G63/><REACH who="3" ten="351,360,214,65" step="2"/><T84/><D62/><U133/><E133/><V85/><F132/><W124/><G124/><T57/><D120/><U22/><E88/><V73/><F73/><W7/><G7/><T130/><D121/><U105/><E74/><V95/><F85/><W106/><AGARI ba="0,1" hai="8,14,18,45,49,52,53,54,60,64,68,96,101,106" machi="106" ten="20,12000,1" yaku="1,1,0,1,7,1,52,1,54,1,53,0" doraHai="103" doraHaiUra="131" who="3" fromWho="3" sc="351,-40,360,-40,214,-40,65,130" /><INIT seed="7,1,0,5,0,44" ten="311,320,174,195" oya="3" hai0="19,12,34,10,118,92,113,65,111,29,64,109,30" hai1="129,60,48,35,37,117,91,14,45,58,63,102,4" hai2="123,133,120,99,15,36,11,81,62,73,71,112,77" hai3="46,25,49,43,55,53,135,40,121,67,134,52,95"/><W27/><G95/><T56/><D118/><U3/><E35/><V39/><F112/><W104/><G104/><T26/><D113/><U13/><E37/><N who="2" m="14411" /><F15/><W90/><G90/><T21/><D64/><U131/><E3/><V31/><F11/><W66/><G121/><N who="2" m="46665" /><F99/><W96/><G96/><T0/><D92/><U125/><E125/><V110/><F110/><W28/><G43/><T54/><D65/><N who="3" m="24585" /><G28/><T80/><D80/><U5/><E117/><V84/><F62/><W50/><G50/><N who="0" m="30807" /><D29/><U115/><E115/><V108/><F108/><W124/><G124/><T127/><D127/><U87/><E102/><V86/><F71/><W24/><G135/><T47/><D47/><U94/><E63/><V97/><F97/><W119/><G134/><T105/><D105/><U69/><E60/><V98/><F98/><W74/><G74/><T93/><D93/><U68/><E68/><V75/><F133/><W89/><G119/><T126/><D126/><U106/><E69/><V2/><F2/><W8/><G89/><T114/><D114/><U59/><E106/><V130/><F31/><W83/><G83/><T79/><D111/><U101/><E101/><V38/><N who="2" m="14419" /><V128/><DORA hai="6" /><F73/><W18/><G8/><T82/><D109/><U23/><E94/><V72/><F75/><W57/><G57/><N who="1" m="21514" /><E91/><V42/><F42/><W116/><G116/><T9/><D0/><U41/><E87/><V132/><F132/><W1/><G1/><T33/><D33/><U78/><E41/><V76/><F72/><W61/><G61/><T85/><D34/><U20/><E45/><RYUUKYOKU ba="1,0" sc="311,10,320,-30,174,10,195,10" hai0="9,10,12,19,21,26,30,79,82,85" hai2="76,77,81,84,86,128,130" hai3="18,24,25,27,40,46,49,52,53,55" /><INIT seed="7,2,0,5,0,94" ten="321,290,184,205" oya="3" hai0="31,18,70,113,29,106,35,63,2,81,57,108,112" hai1="99,23,87,71,60,45,79,39,19,44,20,3,32" hai2="59,51,105,103,66,127,47,36,25,40,58,48,82" hai3="37,101,98,123,6,10,93,74,96,21,85,26,38"/><W46/><G123/><T119/><D108/><U115/><E32/><V22/><F127/><W116/><G74/><T84/><D119/><U61/><E3/><V90/><F105/><W52/><G116/><T54/><D106/><U12/><E71/><V118/><F118/><W67/><G67/><N who="0" m="41343" /><D18/><U27/><E115/><N who="0" m="44105" /><D35/><U134/><E39/><V0/><F0/><W16/><G85/><T78/><D2/><U77/><E79/><V64/><F103/><W89/><G10/><T14/><D14/><U86/><E86/><N who="2" m="50519" /><F36/><W120/><G6/><T114/><D114/><U76/><E134/><V126/><F126/><W129/><G120/><T33/><D33/><U135/><E77/><V95/><F95/><W56/><G129/><T92/><D92/><U97/><E135/><V100/><F100/><W7/><G7/><T107/><D107/><U133/><E133/><V124/><F124/><W109/><G109/><T9/><D9/><U41/><E41/><V69/><F69/><W83/><G83/><T80/><D80/><N who="1" m="47495" /><E60/><AGARI ba="2,0" hai="29,31,54,57,60,78,81,84" m="44105,41343" machi="60" ten="30,2000,0" yaku="15,1,11,1" doraHai="94" who="0" fromWho="1" sc="321,26,290,-26,184,0,205,0" owari="347,44.7,264,6.4,184,-31.6,205,-19.5" /></mjloggm>