<mjloggm ver="2.3"><GO type="169" lobby="0"/><UN n0="%E3%83%AC%E3%82%A4%E3%83%88%E3%83%B3%E5%87%86%E6%95%99%E6%8E%88" n1="%E3%82%B5%E3%83%96%E3%82%A2%E3%83%A9%E3%83%89" n2="%E3%81%AD%E3%81%93%E3%81%AB%E3%82%83%E3%82%93" n3="%E3%83%8F%E5%B4%8E%E7%9C%9F%E6%82%9F" dan="18,16,16,17" rate="2274.74,2032.40,2130.16,2241.79" sx="M,M,F,M"/><TAIKYOKU oya="0"/><INIT seed="0,0,0,0,0,18" ten="250,250,250,250" oya="0" hai0="128,113,72,97,108,63,85,125,29,16,31,10,42" hai1="61,101,20,76,4,88,53,86,80,3,121,55,135" hai2="28,123,111,82,13,46,35,70,71,117,118,120,119" hai3="79,34,22,112,68,98,58,54,67,93,51,14,81"/><T89/><D113/><U47/><E121/><V25/><F82/><W12/><G34/><T132/><D132/><U115/><E135/><V126/><F46/><W103/><G112/><T74/><D128/><U2/><E115/><V57/><F57/><W37/><G37/><T40/><D125/><U17/><E101/><V30/><F71/><W38/><G38/><T64/><D97/><U90/><E4/><V114/><F70/><W84/><G68/><T44/><D108/><U92/><E90/><V122/><F114/><W48/><G67/><T124/><D124/><U27/><E55/><V52/><F52/><W96/><G48/><T24/><D74/><U9/><E9/><V15/><F126/><W62/><G62/><T43/><D44/><U11/><E11/><V66/><F66/><W77/><G77/><T104/><D72/><U116/><E116/><V99/><F99/><W109/><G109/><T60/><D104/><U134/><E134/><V73/><F73/><W127/><G127/><T78/><D78/><U105/><E105/><V8/><F111/><W129/><G129/><T107/><D107/><U50/><E61/><N who="0" m="23625" /><D64/><U5/><E5/><N who="2" m="3215" /><F30/><W110/><G96/><AGARI ba="0,0" hai="2,3,17,20,27,47,50,53,76,80,86,88,92,96" machi="96" ten="30,3900,0" yaku="7,1,52,1,54,1" doraHai="18" who="1" fromWho="3" sc="250,0,250,39,250,0,250,-39" /><INIT seed="1,0,0,5,1,13" ten="250,289,250,211" oya="1" hai0="112,65,119,53,52,134,92,42,41,99,75,2,79" hai1="35,39,73,36,126,90,100,133,12,103,55,32,21" hai2="18,67,87,20,70,31,127,122,48,69,82,4,29" hai3="25,86,66,81,123,11,89,71,108,72,95,97,94"/><U77/><E126/><V7/><F127/><W14/><G108/><T113/><D119/><U23/><E133/><V33/><F122/><W51/><G123/><T26/><D134/><U83/><E90/><V135/><F135/><W64/><G71/><T78/><D2/><U84/><E73/><V57/><F70/><W27/><G72/><T93/><D75/><U40/><E39/><V30/><F69/><W59/><G94/><T91/><D26/><U24/><E12/><V105/><F105/><W121/><G121/><T111/><D91/><U6/><E6/><V62/><F48/><W43/><G64/><T1/><D1/><U130/><E21/><V54/><F67/><W114/><G66/><T85/><D65/><U132/><E132/><V56/><F57/><W74/><G114/><T49/><D85/><U128/><E55/><V3/><F3/><W80/><G80/><T118/><D118/><U5/><E5/><V117/><F33/><W60/><G60/><T8/><D8/><U34/><E40/><V46/><F46/><N who="3" m="26079" /><G59/><T115/><D115/><U68/><E36/><V50/><F62/><W28/><G28/><T107/><D49/><U104/><E68/><V106/><F106/><W37/><G74/><T98/><REACH who="0" step="1"/><D107/><REACH who="0" ten="240,289,250,211" step="2"/><U110/><E104/><V102/><F117/><W63/><G63/><T9/><D9/><U15/><E24/><N who="2" m="14359" /><F102/><N who="1" m="38953" /><E110/><AGARI ba="0,1" hai="41,42,52,53,78,79,92,93,98,99,110,111,112,113" machi="110" ten="25,6400,0" yaku="1,1,22,2,54,1,53,0" doraHai="13" doraHaiUra="76" who="0" fromWho="1" sc="240,74,289,-64,250,0,211,0" /><INIT seed="2,0,0,4,4,128" ten="314,225,250,211" oya="2" hai0="70,120,88,25,38,112,96,77,51,48,18,122,134" hai1="19,45,78,32,83,35,106,5,11,103,123,33,23" hai2="61,82,10,92,39,119,58,73,90,9,26,101,13" hai3="15,1,44,30,132,63,57,43,91,52,0,109,127"/><V2/><F119/><W54/><G109/><T24/><D112/><U89/><E123/><V59/><F39/><W47/><G127/><T121/><D38/><U8/><E45/><V133/><F2/><W36/><G30/><T117/><D117/><U37/><E37/><V113/><F113/><W87/><G15/><T86/><D70/><U97/><E89/><V40/><F40/><W102/><G102/><T105/><D77/><U67/><E67/><V3/><F3/><W93/><REACH who="3" step="1"/><G132/><REACH who="3" ten="314,225,250,201" step="2"/><T71/><D134/><U41/><E5/><V64/><F133/><W115/><G115/><T129/><D121/><U74/><REACH who="1" step="1"/><E41/><REACH who="1" ten="314,215,250,201" step="2"/><V75/><F101/><W56/><G56/><T95/><D122/><U79/><E79/><V111/><F59/><W17/><G17/><T135/><D18/><U130/><E130/><V81/><F58/><W108/><G108/><T98/><D129/><U6/><E6/><V110/><F110/><W114/><G114/><T131/><D131/><U76/><E76/><V49/><F111/><W124/><G124/><T72/><D120/><U68/><E68/><V94/><F64/><W85/><G85/><T28/><D71/><U34/><N who="1" m="8192" /><DORA hai="125" /><U60/><E60/><V16/><F61/><W65/><G65/><T55/><D86/><U31/><E31/><V12/><F75/><W4/><G4/><T116/><D72/><U62/><E62/><V50/><F73/><W27/><G27/><AGARI ba="0,2" hai="8,11,19,23,27,74,78,83,97,103,106" m="8192" machi="27" ten="70,4500,0" yaku="1,1,53,1" doraHai="128,125" doraHaiUra="126,99" who="1" fromWho="3" sc="314,0,215,65,250,0,201,-45" /><INIT seed="3,0,0,2,1,88" ten="314,280,250,156" oya="3" hai0="126,36,37,63,92,87,109,83,108,82,7,100,66" hai1="84,5,57,39,38,18,86,89,8,105,33,129,122" hai2="21,117,53,111,25,13,71,135,127,60,1,75,45" hai3="125,115,3,110,102,2,0,26,79,59,24,85,30"/><W68/><G68/><T50/><D126/><U4/><E122/><V112/><F45/><W48/><G115/><T90/><D7/><U120/><E105/><V17/><F53/><W55/><G125/><T28/><D50/><U6/><E33/><V93/><F60/><W74/><G74/><T34/><D28/><U61/><E120/><V15/><F71/><W78/><G26/><T119/><D34/><U22/><E129/><V133/><F75/><W10/><G110/><N who="0" m="42603" /><D119/><U72/><E72/><V106/><F106/><W73/><G73/><T49/><D49/><U95/><E86/><V20/><F111/><W40/><G40/><T118/><D118/><U16/><E8/><V132/><F117/><W32/><G102/><T131/><D131/><U58/><E58/><V54/><F54/><W9/><REACH who="3" step="1"/><G79/><REACH who="3" ten="314,280,250,146" step="2"/><T77/><D100/><U130/><E130/><V121/><F127/><W67/><G67/><T76/><D77/><U64/><E39/><N who="0" m="14921" /><D76/><U134/><E38/><V44/><F121/><W51/><G51/><T94/><D82/><AGARI ba="0,1" hai="0,2,3,9,10,24,30,32,48,55,59,78,82,85" machi="82" ten="40,2000,0" yaku="1,1,53,0" doraHai="88" doraHaiUra="91" who="3" fromWho="0" sc="314,-20,280,0,250,0,146,30" /><INIT seed="3,1,0,4,1,38" ten="294,280,250,176" oya="3" hai0="90,80,21,87,105,60,65,73,84,33,121,94,115" hai1="72,7,5,96,85,19,132,54,34,51,9,89,57" hai2="17,52,128,68,53,91,114,102,12,125,46,63,95" hai3="77,126,22,2,88,118,134,66,62,39,64,82,135"/><W111/><G118/><T10/><D121/><U43/><E72/><V116/><F116/><W0/><G126/><T120/><D120/><U58/><E34/><V101/><F114/><W70/><G64/><T98/><D33/><U44/><E96/><V29/><F29/><W119/><G119/><T59/><D115/><U103/><E103/><V129/><F125/><W15/><G39/><T133/><D133/><N who="3" m="50697" /><G111/><T99/><D10/><U31/><E31/><V74/><F74/><N who="3" m="43319" /><G88/><N who="0" m="51207" /><D73/><U92/><E132/><V69/><F91/><W23/><G15/><T32/><D32/><U56/><E54/><V3/><F12/><AGARI ba="1,0" hai="5,7,9,12,19,43,44,51,56,57,58,85,89,92" machi="12" ten="40,2600,0" yaku="8,1,52,1" doraHai="38" who="1" fromWho="2" sc="294,0,280,29,250,-29,176,0" /><INIT seed="4,0,0,0,4,134" ten="294,309,221,176" oya="0" hai0="120,71,26,131,98,84,55,47,27,102,126,53,121" hai1="62,14,15,59,19,85,90,69,119,0,88,24,115" hai2="68,16,54,18,13,97,91,60,52,125,4,118,56" hai3="58,63,79,66,3,17,123,133,48,23,114,50,99"/><T25/><D131/><U42/><E0/><V81/><F118/><W51/><G133/><T40/><D71/><U135/><E135/><V100/><F68/><W80/><G114/><T38/><D126/><U132/><E69/><V122/><F122/><W37/><G37/><T5/><D5/><U104/><E104/><V61/><F125/><W46/><G3/><T77/><D77/><U28/><E132/><V39/><F39/><W108/><G99/><T11/><D84/><U116/><E42/><V87/><F4/><W96/><G96/><T70/><D70/><U94/><E90/><V101/><F18/><W78/><G108/><T130/><D11/><U93/><E93/><V86/><F86/><W34/><G34/><T109/><D130/><U82/><E82/><V32/><F32/><W124/><G123/><T65/><D65/><U117/><E19/><V7/><F7/><W106/><G106/><T30/><D30/><U95/><E95/><V43/><F43/><W1/><G1/><T92/><D109/><U112/><E24/><V74/><F74/><W45/><G124/><T20/><D20/><U129/><E28/><V12/><F12/><W73/><REACH who="3" step="1"/><G79/><REACH who="3" ten="294,309,221,166" step="2"/><T36/><D38/><U64/><E129/><V44/><F97/><W89/><G89/><T75/><D120/><U2/><E2/><V21/><F100/><W128/><G128/><T111/><D121/><U6/><E6/><V33/><F101/><W10/><G10/><T113/><D113/><AGARI ba="0,1" hai="14,15,59,62,64,85,88,94,112,113,115,116,117,119" machi="113" ten="50,6400,0" yaku="15,1,11,1,54,1" doraHai="134" who="1" fromWho="0" sc="294,-64,309,74,221,0,166,0" /><INIT seed="5,0,0,5,1,134" ten="230,383,221,166" oya="1" hai0="67,18,116,130,39,19,14,4,101,109,76,7,24" hai1="45,105,65,124,100,51,56,106,34,119,87,96,13" hai2="36,114,63,81,122,77,0,69,23,32,85,43,117" hai3="61,73,47,120,103,126,86,16,89,59,83,128,42"/><U88/><E124/><V62/><F32/><W41/><G120/><T70/><D109/><U110/><E34/><V28/><F0/><W20/><G128/><T49/><D39/><U53/><E110/><V22/><F122/><W82/><G103/><T64/><D116/><U132/><E132/><V121/><F121/><W98/><G98/><T74/><D130/><U12/><E106/><V78/><F117/><W38/><G42/><T10/><D101/><U115/><E115/><V91/><F114/><W9/><G9/><T127/><D127/><U66/><E66/><V21/><F36/><W60/><G126/><T52/><D76/><N who="2" m="29290" /><F43/><W79/><REACH who="3" step="1"/><G59/><REACH who="3" ten="230,383,221,156" step="2"/><N who="0" m="33167" /><D70/><U95/><E119/><V92/><F69/><W118/><G118/><T5/><D74/><U112/><E112/><V133/><F133/><W35/><G35/><T33/><D33/><U104/><E104/><V113/><F113/><W107/><G107/><T26/><D26/><AGARI ba="0,1" hai="16,20,26,38,41,47,60,61,73,79,82,83,86,89" machi="26" ten="30,3900,0" yaku="1,1,7,1,54,1,53,0" doraHai="134" doraHaiUra="30" who="3" fromWho="0" sc="230,-39,383,0,221,0,156,49" /><INIT seed="6,0,0,5,0,86" ten="191,383,221,205" oya="2" hai0="74,23,13,82,114,55,129,68,4,106,109,18,112" hai1="73,91,44,110,0,46,11,29,40,35,95,116,56" hai2="43,134,62,33,15,22,105,10,113,88,69,101,67" hai3="7,124,45,133,97,115,72,9,28,127,30,53,36"/><V102/><F134/><W118/><G118/><T135/><D109/><U12/><E110/><V98/><F113/><N who="0" m="43626" /><D135/><U94/><E0/><V21/><F102/><W58/><G72/><T103/><D68/><U79/><E95/><V90/><F43/><N who="3" m="22759" /><G133/><T24/><D129/><U122/><E122/><V42/><F42/><W49/><G97/><N who="0" m="61807" /><D55/><U54/><E40/><V128/><F128/><W107/><G107/><T130/><D130/><U51/><E116/><V99/><F99/><W77/><G77/><N who="0" m="44343" /><D4/><U100/><E35/><V39/><F33/><W32/><G32/><T25/><AGARI ba="0,0" hai="13,18,23,24,25" m="44343,61807,43626" machi="25" ten="30,1100,0" yaku="15,1" doraHai="86" who="0" fromWho="0" sc="191,11,383,-3,221,-5,205,-3" /><INIT seed="7,0,0,0,2,112" ten="202,380,216,202" oya="3" hai0="34,100,91,115,92,10,42,13,53,81,47,29,41" hai1="4,37,109,62,101,43,94,72,6,121,135,107,24" hai2="23,132,78,28,68,90,30,106,60,66,63,49,117" hai3="73,1,96,119,131,31,87,98,26,104,123,56,20"/><W85/><G73/><T111/><D111/><U99/><E109/><V52/><F106/><W128/><G123/><T110/><D110/><U95/><E135/><V32/><F32/><W0/><G56/><T45/><D115/><U103/><E72/><V19/><F132/><W7/><G7/><T130/><D130/><N who="3" m="49705" /><G119/><T5/><D34/><U86/><E107/><V70/><F117/><W114/><G114/><T55/><D29/><U65/><E24/><V57/><F78/><W40/><G40/><N who="0" m="15467" /><D81/><U64/><E43/><V127/><F127/><W105/><G105/><T75/><D100/><U116/><E116/><V39/><F90/><W124/><G124/><T84/><D75/><U12/><E103/><V79/><F79/><W67/><G67/><T122/><D122/><U21/><E65/><V16/><F39/><W71/><G71/><T8/><D8/><U9/><E37/><V15/><F70/><W108/><G108/><T22/><D22/><U88/><E121/><V18/><F68/><W38/><G38/><T11/><D11/><U102/><E21/><V33/><F33/><W118/><G118/><T80/><D80/><U59/><E102/><V35/><F35/><W77/><G104/><T51/><D55/><U97/><E97/><N who="3" m="37482" /><G77/><T129/><D129/><U125/><E125/><V14/><F66/><W17/><G31/><N who="2" m="11817" /><F23/><W2/><AGARI ba="0,0" hai="0,1,2,17,20,26,85,87" m="37482,49705" machi="2" ten="40,2100,0" yaku="19,1" doraHai="112" who="3" fromWho="3" sc="202,-7,380,-7,216,-7,202,21" /><INIT seed="7,1,0,4,3,56" ten="195,373,209,223" oya="3" hai0="58,90,12,15,34,30,73,108,129,98,99,46,48" hai1="28,68,19,85,126,23,20,64,3,72,66,36,52" hai2="82,50,47,10,107,132,60,57,102,131,45,0,29" hai3="8,9,95,38,112,21,130,6,69,87,92,114,35"/><W18/><G35/><T83/><D108/><U77/><E72/><V88/><F132/><W54/><G38/><T89/><D129/><U11/><E68/><V105/><F131/><W40/><G40/><T51/><D34/><U113/><E36/><V63/><F29/><W81/><G69/><T37/><D30/><U41/><E41/><V119/><F119/><W80/><G54/><N who="0" m="32095" /><D73/><U96/><E11/><N who="3" m="4170" /><G6/><T76/><D76/><U62/><E3/><V33/><F33/><W103/><G103/><T101/><D37/><U94/><E126/><V49/><F102/><W70/><G70/><T91/><D83/><N who="3" m="31817" /><G87/><T71/><D71/><U26/><E85/><N who="2" m="50231" /><F107/><W39/><G39/><T79/><D79/><U32/><E77/><V125/><F105/><W22/><G130/><T2/><D2/><U42/><E42/><N who="2" m="24759" /><F125/><W106/><G106/><T67/><D101/><U1/><E1/><V124/><F124/><W133/><G133/><T117/><D117/><U111/><E32/><V61/><F0/><W27/><G22/><T97/><D67/><U53/><E66/><N who="2" m="39183" /><F10/><W116/><G116/><T4/><D4/><U127/><E127/><V120/><F120/><W65/><G65/><T16/><D16/><U74/><E19/><V93/><F93/><W104/><G104/><T25/><D25/><U14/><E26/><V118/><F118/><W122/><G122/><T134/><D134/><U44/><E94/><V17/><F17/><W121/><G121/><T5/><D5/><U135/><E135/><V13/><F13/><W110/><G110/><T84/><D84/><U55/><E14/><RYUUKYOKU ba="1,0" sc="195,10,373,-30,209,10,223,10" hai0="12,15,46,48,89,90,91,97,98,99" hai2="47,50,61,63" hai3="18,21,27,92,95,112,114" /><INIT seed="7,2,0,0,4,85" ten="205,343,219,233" oya="3" hai0="112,50,26,121,84,61,69,99,67,16,30,8,0" hai1="116,88,54,132,59,100,32,17,5,96,35,114,89" hai2="36,3,49,127,34,37,95,98,111,118,83,124,81" hai3="92,133,71,119,87,29,76,43,109,53,126,24,115"/><W75/><G71/><T10/><D121/><U45/><E132/><V107/><F107/><W94/><G119/><T18/><D112/><U12/><E5/><V82/><F118/><W79/><G75/><T91/><D99/><U130/><E116/><V90/><F111/><W80/><G79/><T42/><D42/><U23/><E45/><V21/><F34/><W66/><G66/><T70/><D70/><U2/><E2/><V73/><F3/><W14/><G43/><T20/><D50/><U78/><E78/><V128/><F73/><W9/><G115/><T11/><REACH who="0" step="1"/><D0/><REACH who="0" ten="195,343,219,233" step="2"/><U65/><E114/><V28/><F49/><W110/><G110/><T4/><D4/><U64/><E96/><V25/><REACH who="2" step="1"/><F128/><REACH who="2" ten="195,343,209,233" step="2"/><W60/><G109/><T47/><D47/><U120/><E130/><V93/><F93/><AGARI ba="2,2" hai="8,10,11,16,18,20,26,30,61,67,69,84,91,93" machi="93" ten="40,8000,1" yaku="1,1,52,1,54,1,53,1" doraHai="85" doraHaiUra="27" who="0" fromWho="2" sc="195,106,343,0,209,-86,233,0" owari="301,10.1,343,44.3,123,-37.7,233,-16.7" /></mjloggm>