<mjloggm ver="2.3"><GO type="169" lobby="0"/><UN n0="%E3%82%A8%E3%82%B9%E3%82%B1%E3%83%BC%2E" n1="%E3%82%AB%E3%82%B6%E3%83%A9%E3%82%AD" n2="%78%78%E3%81%9D%E3%81%B0" n3="%53%6F%6C%69%74%6F%6E" dan="17,17,16,17" rate="2173.55,2126.45,2115.16,2149.21" sx="M,M,M,M"/><TAIKYOKU oya="0"/><INIT seed="0,0,0,3,1,80" ten="250,250,250,250" oya="0" hai0="121,68,35,49,85,133,50,56,78,76,36,70,118" hai1="19,25,59,102,110,8,51,109,126,27,30,124,46" hai2="98,66,40,116,113,134,135,41,67,132,123,86,128" hai3="114,106,107,125,92,61,23,4,69,95,119,55,100"/><T112/><D35/><U29/><E59/><V24/><F123/><W81/><G114/><T108/><D36/><U22/><E51/><V38/><F113/><W26/><G119/><T117/><D112/><U18/><E46/><V73/><F73/><W79/><G4/><T12/><D56/><U94/><E94/><V62/><F38/><W88/><G125/><N who="1" m="48234" /><E102/><V130/><F98/><W6/><G6/><T63/><D12/><U47/><E47/><V96/><F96/><W65/><G55/><T10/><D63/><U2/><E2/><V101/><F101/><W75/><G95/><T34/><D121/><U131/><E131/><N who="2" m="50219" /><F116/><W16/><REACH who="3" step="1"/><G100/><REACH who="3" ten="250,250,250,240" step="2"/><T58/><D117/><U90/><E8/><V11/><F67/><W28/><G28/><T0/><D10/><U5/><E5/><V54/><F54/><W53/><G53/><T82/><D118/><U48/><E48/><V89/><F135/><W45/><G45/><T111/><D133/><U104/><E104/><V44/><F44/><W71/><G71/><T115/><D68/><U37/><E37/><V7/><F134/><W20/><G20/><T64/><D70/><U103/><E103/><V14/><F132/><W74/><G74/><T9/><D115/><U77/><E30/><V129/><F129/><W39/><G39/><T87/><D9/><U83/><E29/><V72/><F72/><W31/><G31/><T127/><D127/><U60/><E22/><V21/><F66/><W105/><G105/><T43/><D64/><U13/><E18/><N who="2" m="12343" /><F62/><W99/><AGARI ba="0,1" hai="16,23,26,61,65,69,75,79,81,88,92,99,106,107" machi="99" ten="20,8000,1" yaku="1,1,0,1,7,1,54,2,53,0" doraHai="80" doraHaiUra="122" who="3" fromWho="3" sc="250,-40,250,-20,250,-20,240,90" /><INIT seed="1,0,0,0,0,14" ten="210,230,230,330" oya="1" hai0="103,56,70,29,30,9,98,55,118,57,1,63,97" hai1="111,122,95,41,34,40,38,8,58,37,28,26,109" hai2="117,72,68,104,13,18,11,7,99,53,121,84,127" hai3="49,96,17,4,23,123,115,113,10,19,75,77,51"/><U42/><E122/><V59/><F68/><W62/><G123/><T119/><D70/><U36/><E58/><V12/><F72/><W130/><G130/><T129/><D129/><U124/><E95/><V102/><F121/><W45/><G96/><T47/><D47/><U52/><E124/><V80/><F127/><W60/><G77/><T132/><D132/><U6/><REACH who="1" step="1"/><E52/><REACH who="1" ten="210,220,230,330" step="2"/><V24/><F117/><W114/><G113/><T88/><D55/><U50/><E50/><V126/><F126/><W44/><G114/><T125/><D125/><U0/><AGARI ba="0,1" hai="0,6,8,26,28,34,36,37,38,40,41,42,109,111" machi="0" ten="40,3900,0" yaku="1,1,0,1,53,0" doraHai="14" doraHaiUra="106" who="1" fromWho="1" sc="210,-13,220,49,230,-13,330,-13" /><INIT seed="1,1,0,0,3,95" ten="197,269,217,317" oya="1" hai0="15,89,127,21,50,87,77,81,6,4,108,68,132" hai1="116,39,51,131,91,101,9,86,48,70,58,85,112" hai2="28,19,72,42,13,41,123,11,94,27,135,64,33" hai3="110,32,73,47,37,99,26,40,105,103,7,114,2"/><U79/><E39/><V75/><F123/><W43/><G43/><T38/><D38/><U121/><E70/><V36/><F135/><W49/><G114/><T83/><D68/><U119/><E112/><V0/><F64/><W66/><G49/><T115/><D115/><U71/><E71/><V128/><F128/><W56/><G56/><T10/><D132/><U117/><E121/><V16/><F0/><W34/><G66/><T98/><D108/><U22/><E131/><V54/><F54/><W52/><G52/><T55/><D127/><U23/><E9/><V53/><F53/><W17/><G110/><T80/><D21/><U62/><E101/><V31/><F31/><W130/><G130/><T76/><D4/><U14/><E79/><N who="0" m="30281" /><D98/><U8/><E86/><V25/><F36/><W84/><G84/><T69/><D69/><U61/><E23/><V82/><F82/><W1/><G17/><T24/><D24/><U96/><E22/><V12/><F27/><W133/><G26/><T30/><D30/><U102/><E58/><AGARI ba="1,0" hai="6,10,15,50,55,58,80,81,83,87,89" m="30281" machi="58" ten="30,1000,0" yaku="8,1" doraHai="95" who="0" fromWho="1" sc="197,13,269,-13,217,0,317,0" /><INIT seed="2,0,0,4,4,106" ten="210,256,217,317" oya="2" hai0="95,101,39,125,72,56,54,4,11,44,40,22,0" hai1="5,77,19,80,33,83,14,102,129,89,81,127,98" hai2="134,65,132,121,59,104,131,124,6,113,105,69,75" hai3="48,108,3,103,25,2,96,43,36,112,68,76,58"/><V17/><F113/><W47/><G108/><T107/><D107/><U66/><E33/><V29/><F121/><W57/><G112/><T63/><D125/><U117/><E5/><V128/><F69/><W111/><G111/><T64/><D22/><U116/><E66/><V10/><F29/><W71/><G68/><T28/><D28/><U53/><E53/><V55/><F65/><W7/><G71/><T42/><D42/><U30/><E30/><V20/><F75/><W126/><G126/><T16/><D16/><U88/><E127/><V74/><F74/><W85/><G25/><T109/><D109/><U49/><E49/><N who="2" m="31215" /><F105/><W86/><G86/><T92/><D101/><U135/><E129/><N who="2" m="49739" /><F104/><W84/><G84/><T1/><D1/><U24/><E77/><V78/><F78/><W82/><G7/><T27/><D27/><U31/><E24/><N who="2" m="14351" /><F124/><W70/><G70/><T123/><D123/><U67/><E67/><V114/><F114/><W87/><G87/><T62/><D72/><U133/><E31/><V119/><F119/><N who="1" m="45641" /><E14/><AGARI ba="0,0" hai="6,10,14,132,134" m="14351,49739,31215" machi="14" ten="30,1500,0" yaku="19,1" doraHai="106" who="2" fromWho="1" sc="210,0,256,-15,217,15,317,0" /><INIT seed="2,1,0,2,2,115" ten="210,241,232,317" oya="2" hai0="44,110,12,102,38,100,20,130,40,88,103,4,123" hai1="113,45,34,127,83,116,46,42,32,92,49,41,114" hai2="52,76,67,107,5,95,118,51,36,66,89,50,33" hai3="48,63,35,2,47,30,64,108,55,27,109,0,73"/><V79/><F107/><W74/><G73/><T43/><D123/><U93/><E83/><V94/><F36/><W58/><REACH who="3" step="1"/><G74/><REACH who="3" ten="210,241,232,307" step="2"/><T60/><D110/><AGARI ba="1,1" hai="0,2,27,30,35,47,48,55,58,63,64,108,109,110" machi="110" ten="40,8000,1" yaku="1,1,2,1,14,1,53,1" doraHai="115" doraHaiUra="28" who="3" fromWho="0" sc="210,-83,241,0,232,0,307,93" /><INIT seed="3,0,0,4,1,1" ten="127,241,232,400" oya="3" hai0="89,106,34,79,119,84,129,45,16,5,121,47,111" hai1="114,123,77,55,15,74,29,36,104,71,48,72,10" hai2="113,92,65,58,97,57,102,80,40,124,30,98,105" hai3="88,82,6,17,27,59,100,101,41,44,70,35,86"/><W9/><G70/><T18/><D121/><U128/><E123/><V50/><F113/><W22/><G35/><T133/><D119/><U63/><E114/><V53/><F124/><W3/><REACH who="3" step="1"/><G59/><REACH who="3" ten="127,241,232,390" step="2"/><T12/><D34/><U115/><E71/><V25/><F58/><W42/><G42/><T67/><D67/><U46/><E115/><V32/><F65/><W51/><AGARI ba="0,1" hai="3,6,9,17,22,27,41,44,51,82,86,88,100,101" machi="51" ten="20,18000,2" yaku="1,1,0,1,7,1,52,1,54,1,53,1" doraHai="1" doraHaiUra="39" who="3" fromWho="3" sc="127,-60,241,-60,232,-60,390,190" /><INIT seed="3,1,0,2,3,119" ten="67,181,172,580" oya="3" hai0="57,87,107,74,109,12,32,42,22,113,54,33,89" hai1="55,78,83,103,93,126,114,84,47,28,85,52,51" hai2="104,59,46,69,45,72,133,8,53,135,71,134,11" hai3="100,20,76,15,5,111,24,60,68,49,6,25,108"/><W80/><G100/><T34/><D74/><U7/><E114/><V124/><F72/><W64/><G49/><T62/><D113/><U39/><E126/><V98/><F124/><W18/><G24/><T77/><D107/><U41/><E28/><V106/><F98/><W82/><G82/><T118/><D118/><U81/><E39/><V14/><F104/><W116/><G116/><T27/><D109/><N who="3" m="42057" /><G15/><T21/><D42/><U23/><E23/><V43/><F106/><W130/><G130/><T132/><D132/><U63/><E63/><N who="2" m="36335" /><F45/><W128/><G128/><T94/><D77/><U79/><E7/><N who="2" m="3359" /><F11/><W48/><G48/><AGARI ba="1,0" hai="43,46,48,69,71,133,134,135" m="3359,36335" machi="48" ten="30,1000,0" yaku="20,1" doraHai="119" who="2" fromWho="3" sc="67,0,181,0,172,13,580,-13" /><INIT seed="4,0,0,5,3,31" ten="67,181,185,567" oya="0" hai0="24,21,67,70,114,45,107,37,1,39,122,8,22" hai1="133,41,65,115,105,106,99,35,28,120,20,126,30" hai2="81,55,36,135,104,131,90,17,3,77,23,4,95" hai3="34,44,109,26,6,88,112,46,108,123,94,113,97"/><T60/><D122/><U13/><E120/><V98/><F36/><W48/><G123/><T110/><D107/><U125/><E41/><V51/><F131/><W80/><G6/><T32/><D114/><N who="3" m="44137" /><G80/><T19/><D110/><N who="3" m="42601" /><G48/><T63/><D32/><U64/><E115/><V2/><F4/><W93/><G93/><T127/><D127/><U68/><E35/><V27/><F104/><W52/><G52/><T91/><D1/><U82/><E82/><V111/><F111/><W119/><G119/><T50/><D8/><U71/><E20/><V69/><F69/><W92/><G92/><T57/><D91/><U15/><E99/><V38/><F38/><W101/><G101/><T58/><D70/><U59/><E59/><V66/><F66/><W102/><G102/><T11/><D11/><U96/><E96/><V42/><F42/><W9/><G9/><T89/><D89/><U74/><E74/><V53/><F135/><AGARI ba="0,0" hai="13,15,28,30,64,65,68,71,105,106,125,126,133,135" machi="135" ten="25,1600,0" yaku="22,2" doraHai="31" who="1" fromWho="2" sc="67,0,181,16,185,-16,567,0" /><INIT seed="5,0,0,1,5,104" ten="67,197,169,567" oya="1" hai0="57,132,75,42,21,62,17,35,70,126,85,38,33" hai1="55,102,79,27,92,114,103,9,41,130,47,68,89" hai2="2,84,123,120,105,32,13,72,22,5,108,25,65" hai3="8,135,48,46,11,29,111,100,49,60,98,64,59"/><U66/><E114/><V116/><F105/><W52/><G111/><T67/><D126/><U10/><E130/><V82/><F108/><W129/><G135/><T63/><D132/><U83/><E55/><V119/><F65/><W39/><G129/><T127/><D127/><U53/><E53/><V28/><F72/><W97/><G39/><T78/><D85/><U18/><E66/><V34/><F84/><W134/><G134/><T99/><D99/><N who="3" m="37897" /><G100/><T95/><D95/><U107/><E68/><V12/><F82/><W118/><G118/><N who="2" m="45097" /><F2/><W69/><G69/><T121/><D121/><N who="2" m="46666" /><F5/><W0/><G0/><T90/><D90/><U128/><E128/><V76/><F76/><W6/><G6/><T110/><D110/><U81/><E107/><V61/><F61/><W1/><G1/><T45/><D63/><U15/><E83/><V36/><F36/><W93/><G93/><T30/><D30/><U50/><E92/><V7/><F7/><W91/><G91/><T94/><D94/><U19/><E89/><V3/><F3/><W115/><G115/><T24/><REACH who="0" step="1"/><D70/><REACH who="0" ten="57,197,169,567" step="2"/><U20/><E102/><V44/><F44/><N who="3" m="27655" /><G29/><T77/><D77/><U117/><E103/><V101/><F101/><W51/><G51/><T14/><D14/><AGARI ba="0,1" hai="12,13,14,22,25,28,32,34" m="46666,45097" machi="14" ten="30,2000,0" yaku="34,2" doraHai="104" who="2" fromWho="0" sc="57,-20,197,0,169,30,567,0" /><INIT seed="6,0,0,0,1,124" ten="37,197,199,567" oya="2" hai0="51,58,81,22,61,62,41,6,46,72,11,76,48" hai1="9,100,25,32,54,20,117,53,43,4,93,132,83" hai2="118,110,31,77,16,116,109,75,1,128,71,35,8" hai3="125,86,5,135,80,115,85,23,67,94,84,119,126"/><V121/><F75/><W60/><G119/><N who="2" m="45609" /><F77/><W42/><G42/><T88/><D22/><U55/><E32/><V103/><F103/><W99/><G5/><T122/><D122/><U104/><E104/><V26/><F71/><W90/><G135/><T38/><D61/><U3/><E132/><V108/><F121/><W133/><G133/><T33/><D33/><U64/><E43/><V63/><F63/><W101/><G23/><T78/><D78/><U111/><E83/><V12/><F128/><W37/><G37/><T112/><D112/><U114/><E64/><V29/><F29/><W107/><G115/><T92/><D58/><U74/><E74/><V7/><F1/><W123/><G123/><T95/><D62/><U30/><E114/><V13/><F13/><W131/><G131/><T47/><D47/><U113/><E113/><V96/><F96/><N who="3" m="61863" /><G60/><T97/><REACH who="0" step="1"/><D92/><REACH who="0" ten="27,197,199,567" step="2"/><U21/><E93/><V91/><F91/><N who="3" m="51591" /><G67/><T68/><D68/><U36/><E117/><V39/><F39/><W59/><G59/><T24/><D24/><U98/><E36/><V106/><F106/><W28/><G28/><T73/><D73/><U17/><E30/><V15/><F110/><W18/><G18/><T27/><D27/><U14/><E111/><V105/><F105/><W40/><G40/><T89/><D89/><U50/><E25/><V2/><F2/><AGARI ba="0,1" hai="2,6,11,38,41,46,48,51,72,76,81,88,95,97" machi="2" ten="30,12000,2" yaku="1,1,7,1,25,2,54,1,53,2" doraHai="124" doraHaiUra="44" who="0" fromWho="2" sc="27,130,197,0,199,-120,567,0" /><INIT seed="7,0,0,0,1,85" ten="157,197,79,567" oya="3" hai0="109,99,3,113,17,41,31,25,87,35,115,48,34" hai1="80,83,60,92,94,128,101,74,47,16,10,28,42" hai2="5,62,57,22,76,96,37,68,21,106,105,1,126" hai3="39,72,121,43,19,86,40,38,24,88,104,58,14"/><W11/><G72/><T54/><D109/><U75/><E28/><V117/><F37/><W131/><G104/><T110/><D110/><U33/><E33/><V107/><F68/><W66/><G121/><T49/><D3/><U89/><E60/><V26/><F126/><W7/><G39/><T45/><D34/><U53/><E53/><V23/><F117/><W51/><G38/><T118/><D118/><U63/><E63/><V82/><F5/><W124/><G131/><T77/><D99/><U95/><E101/><V18/><F1/><W67/><G124/><T13/><D77/><U15/><E128/><V130/><F130/><W32/><G32/><T120/><D87/><U132/><E132/><V12/><F96/><W27/><G7/><T112/><D120/><U108/><E75/><V103/><F103/><W90/><G90/><T36/><REACH who="0" step="1"/><D54/><REACH who="0" ten="147,197,79,567" step="2"/><U0/><E0/><V78/><F78/><W123/><G123/><T129/><D129/><U29/><E74/><V97/><F97/><W59/><G24/><T6/><D6/><U61/><E89/><V98/><F98/><W111/><G27/><T44/><D44/><U69/><E47/><V71/><F71/><W93/><G111/><T4/><D4/><U122/><E69/><V125/><F125/><W135/><G135/><T102/><D102/><U84/><E84/><V20/><F26/><W119/><G119/><T70/><D70/><U127/><E127/><V79/><REACH who="2" step="1"/><F82/><REACH who="2" ten="147,197,69,567" step="2"/><W73/><G73/><T30/><D30/><U8/><E29/><V55/><AGARI ba="0,2" hai="12,18,20,21,22,23,55,57,62,76,79,105,106,107" machi="55" ten="40,8000,1" yaku="1,1,2,1,0,1,53,1" doraHai="85" doraHaiUra="50" who="2" fromWho="2" sc="147,-20,197,-20,69,100,567,-40" owari="127,-37.3,177,-2.3,169,-23.1,527,62.7" /></mjloggm>