<mjloggm ver="2.3"><GO type="169" lobby="0"/><UN n0="%E6%98%AF%E6%94%BF%E3%81%AE%E5%A4%95%E9%99%BD" n1="%6B%E3%81%AE" n2="%E7%89%8C%E6%B5%81%E7%8A%B6%E6%85%8B%E9%BA%BB%E9%9B%80" n3="%E3%81%82%E3%81%84%E3%81%93%E3%81%99" dan="17,17,16,16" rate="2161.57,2226.07,2163.96,2144.78" sx="M,M,M,M"/><TAIKYOKU oya="0"/><INIT seed="0,0,0,5,4,106" ten="250,250,250,250" oya="0" hai0="40,118,134,107,120,101,90,11,127,77,82,60,66" hai1="126,80,129,6,16,65,26,50,38,88,41,81,115" hai2="131,99,102,31,71,4,43,87,130,73,62,111,121" hai3="12,64,94,96,74,24,32,0,36,5,61,33,83"/><T113/><D118/><U68/><E38/><V72/><F121/><W56/><G36/><T39/><D120/><U49/><E129/><N who="2" m="49163" /><F111/><W51/><G0/><T75/><D113/><U79/><E126/><V69/><F43/><W59/><G5/><T112/><D112/><U135/><E135/><V3/><F31/><W46/><G12/><T9/><D127/><U93/><E6/><V22/><F22/><W2/><G59/><T67/><D67/><U103/><E103/><V105/><F87/><W28/><G2/><T116/><D116/><U104/><E104/><V30/><F30/><W110/><G110/><T18/><D134/><U86/><E81/><V84/><F84/><W48/><G33/><T54/><D54/><U20/><E41/><V10/><F71/><W42/><G46/><T92/><D18/><U123/><E123/><V52/><F52/><W70/><G70/><T21/><D21/><U7/><E7/><V91/><F91/><W85/><G85/><N who="0" m="52303" /><D40/><U78/><E115/><V25/><F25/><W119/><G42/><T114/><D39/><U108/><E108/><V23/><F23/><W133/><G133/><T55/><D55/><U125/><E125/><V15/><F15/><W63/><G63/><T97/><D114/><U89/><E89/><V53/><F53/><W37/><G37/><T132/><D132/><U124/><E124/><V19/><F19/><W34/><G34/><T76/><D76/><N who="1" m="29227" /><E80/><V109/><F109/><W58/><G119/><T29/><D29/><U14/><E14/><V122/><F122/><W57/><G32/><T35/><D35/><RYUUKYOKU ba="0,0" sc="250,10,250,10,250,10,250,-30" hai0="9,11,60,66,75,77,82,97,101,107" hai1="16,20,26,49,50,65,68,86,88,93" hai2="3,4,10,62,69,72,73,99,102,105" /><INIT seed="0,1,0,5,2,50" ten="260,260,260,220" oya="0" hai0="113,107,103,94,51,8,110,57,53,91,41,126,52" hai1="9,2,23,54,16,4,47,72,18,76,115,73,83" hai2="79,48,21,74,112,108,105,40,6,19,123,62,28" hai3="66,58,12,55,60,68,101,124,99,116,90,34,129"/><T38/><D113/><U45/><E115/><V46/><F112/><W43/><G116/><T130/><D107/><U134/><E134/><V122/><F105/><W29/><G129/><T69/><D69/><U61/><E73/><V22/><F108/><W88/><G43/><T71/><D71/><U59/><REACH who="1" step="1"/><E18/><REACH who="1" ten="260,250,260,220" step="2"/><V35/><F19/><W5/><G124/><T84/><D126/><U32/><E32/><V78/><F74/><W85/><G34/><T96/><D110/><U127/><E127/><V1/><F35/><W106/><G29/><T120/><D120/><U87/><E87/><V104/><F28/><W92/><G85/><T97/><D130/><U77/><E77/><V70/><F79/><W132/><G132/><T98/><D103/><U118/><E118/><V95/><F78/><W114/><G114/><T65/><D84/><U36/><E36/><V3/><F123/><W128/><G128/><T75/><D75/><U33/><E33/><V15/><F122/><W13/><G106/><T109/><D109/><U27/><AGARI ba="1,1" hai="2,4,9,16,23,27,45,47,54,59,61,72,76,83" machi="27" ten="20,8000,1" yaku="1,1,0,1,7,1,52,1,54,1,53,0" doraHai="50" doraHaiUra="119" who="1" fromWho="1" sc="260,-41,250,93,260,-21,220,-21" /><INIT seed="1,0,0,1,4,66" ten="219,343,239,199" oya="1" hai0="52,105,68,131,123,40,36,71,16,111,120,50,30" hai1="77,82,32,89,39,100,78,132,53,92,108,69,47" hai2="129,72,67,24,124,3,75,38,107,90,91,113,13" hai3="134,35,79,86,11,65,109,1,102,59,110,58,87"/><U28/><E132/><V135/><F3/><W12/><G134/><T25/><D111/><N who="3" m="42505" /><G35/><T115/><D115/><U33/><E108/><V20/><F38/><W85/><G1/><T46/><D131/><U81/><E100/><V5/><F135/><W48/><G102/><T64/><D105/><U119/><E119/><V104/><F124/><W15/><G79/><T0/><D0/><U128/><E128/><V51/><F113/><W101/><G101/><T31/><D31/><U98/><E69/><V4/><F67/><W42/><G65/><T41/><D64/><U44/><E28/><V130/><F13/><N who="3" m="5195" /><G11/><T121/><D16/><U88/><E39/><V7/><F7/><W97/><G97/><T17/><D17/><U80/><E80/><V106/><F106/><W56/><G42/><N who="0" m="16491" /><D36/><U9/><E9/><V74/><F74/><W103/><G103/><T94/><D94/><U21/><E92/><V118/><F20/><AGARI ba="0,0" hai="20,25,30,46,50,52,68,71,120,121,123" m="16491" machi="20" ten="30,7700,0" yaku="13,1,52,2,54,1" doraHai="66" who="0" fromWho="2" sc="219,77,343,0,239,-77,199,0" /><INIT seed="2,0,0,3,3,125" ten="296,343,162,199" oya="2" hai0="48,118,33,96,26,20,123,53,92,78,35,87,89" hai1="70,109,62,75,66,127,28,67,84,115,19,16,60" hai2="12,44,10,46,51,21,100,2,110,80,90,32,122" hai3="41,0,56,5,37,38,101,24,61,132,74,117,108"/><V4/><F122/><W119/><G108/><T39/><D39/><U86/><E109/><V59/><F110/><W94/><G132/><T34/><D118/><U106/><E106/><V88/><F32/><W47/><G38/><T72/><D72/><U105/><E105/><V97/><F59/><W22/><G74/><T45/><D123/><U124/><E75/><V1/><F46/><W102/><G5/><T98/><REACH who="0" step="1"/><D78/><REACH who="0" ten="286,343,162,199" step="2"/><U113/><E124/><V3/><F80/><W133/><G119/><T69/><D69/><U27/><E127/><V40/><REACH who="2" step="1"/><F21/><REACH who="2" ten="286,343,152,199" step="2"/><W57/><G22/><T79/><D79/><U82/><E82/><V52/><F52/><W134/><G117/><T13/><D13/><U43/><E70/><V99/><F99/><W15/><G15/><T18/><AGARI ba="0,2" hai="18,20,26,33,34,35,45,48,53,87,89,92,96,98" machi="18" ten="30,4000,0" yaku="1,1,0,1,53,1" doraHai="125" doraHaiUra="85" who="0" fromWho="0" sc="286,60,343,-10,152,-20,199,-10" /><INIT seed="3,0,0,0,3,3" ten="346,333,132,189" oya="3" hai0="111,68,30,95,86,107,37,92,60,50,133,116,34" hai1="5,8,99,74,73,32,61,100,29,22,106,126,38" hai2="110,27,1,20,125,83,0,47,64,94,79,130,25" hai3="120,121,87,63,26,124,89,75,31,103,52,46,112"/><W98/><G112/><T21/><D37/><U57/><E38/><V2/><F110/><W118/><G118/><T108/><D133/><U131/><E131/><V84/><F130/><W115/><G115/><T23/><D107/><U129/><E129/><V69/><F125/><W88/><G75/><T70/><D50/><U114/><E114/><V128/><F128/><W132/><G124/><T58/><D34/><U119/><E119/><V81/><F94/><W62/><G132/><T16/><D23/><U12/><E32/><V43/><F81/><W41/><G89/><N who="0" m="53303" /><D95/><U78/><E78/><V67/><F69/><W71/><G71/><T39/><D39/><U14/><E126/><V65/><REACH who="2" step="1"/><F20/><REACH who="2" ten="346,333,122,189" step="2"/><N who="3" m="15815" /><G121/><T48/><D116/><U93/><E106/><V123/><F123/><W45/><G120/><T101/><D68/><U24/><REACH who="1" step="1"/><E14/><REACH who="1" ten="346,323,122,189" step="2"/><V51/><AGARI ba="0,2" hai="0,1,2,25,27,43,47,51,64,65,67,79,83,84" machi="51" ten="40,2700,0" yaku="1,1,0,1,53,0" doraHai="3" doraHaiUra="113" who="2" fromWho="2" sc="346,-7,323,-7,122,47,189,-13" /><INIT seed="4,0,0,2,5,120" ten="339,316,169,176" oya="0" hai0="123,38,81,104,129,66,105,92,1,28,79,6,40" hai1="49,2,13,70,73,35,76,93,126,135,98,68,103" hai2="11,91,52,95,25,10,60,57,53,132,58,3,4" hai3="32,94,82,67,12,61,7,34,56,5,42,27,80"/><T26/><D123/><U89/><E2/><V111/><F132/><W17/><G42/><T109/><D66/><U36/><E36/><V114/><F114/><W62/><G34/><T23/><D92/><U125/><E35/><V44/><F44/><W88/><G5/><T65/><D65/><U84/><E135/><V51/><F11/><W45/><G45/><T55/><D55/><U46/><E13/><V64/><F25/><W112/><G62/><T85/><D129/><U78/><E70/><V116/><F116/><W0/><G0/><T87/><D87/><U59/><E59/><V83/><F83/><W75/><G75/><T133/><D133/><U48/><E68/><V134/><F134/><W122/><G112/><T102/><D40/><U119/><E119/><V90/><F64/><W31/><G7/><T14/><D38/><U99/><E99/><V54/><F54/><W33/><G33/><T72/><D72/><U41/><E49/><V113/><F113/><W131/><G131/><T101/><D1/><U71/><E71/><V19/><F19/><W22/><REACH who="3" step="1"/><G122/><REACH who="3" ten="339,316,169,166" step="2"/><T127/><D6/><U121/><E121/><V96/><REACH who="2" step="1"/><F111/><REACH who="2" ten="339,316,159,166" step="2"/><W50/><G50/><T43/><D109/><U107/><E73/><V77/><F77/><N who="1" m="29801" /><E46/><V15/><F15/><W97/><AGARI ba="0,2" hai="12,17,22,27,31,32,56,61,67,80,82,88,94,97" machi="97" ten="20,5200,0" yaku="1,1,0,1,7,1,54,1,53,0" doraHai="120" doraHaiUra="100" who="3" fromWho="3" sc="339,-26,316,-13,159,-13,166,72" /><INIT seed="5,0,0,4,1,11" ten="313,303,146,238" oya="1" hai0="111,28,113,132,107,69,34,9,108,74,57,54,45" hai1="130,114,71,119,123,2,39,64,47,7,86,118,31" hai2="89,124,78,80,72,44,53,120,96,3,16,135,125" hai3="48,134,70,99,112,8,37,25,84,82,17,12,32"/><U6/><E123/><V126/><F120/><W75/><G37/><T21/><D34/><U61/><E114/><V131/><F3/><W55/><G112/><T0/><D69/><U23/><E130/><V95/><F131/><W85/><G70/><T91/><D132/><U122/><E122/><V59/><F135/><W87/><G134/><T105/><D45/><U24/><E86/><V92/><F44/><W60/><G60/><T51/><D74/><U15/><E2/><V121/><F121/><W133/><G99/><T94/><D107/><U10/><REACH who="1" step="1"/><E6/><REACH who="1" ten="313,293,146,238" step="2"/><V4/><F4/><W40/><G133/><T100/><D0/><U116/><E116/><V79/><F79/><W49/><G75/><T36/><D113/><U97/><E97/><V101/><F125/><W98/><G98/><T62/><D108/><U68/><E68/><V27/><F126/><W65/><G87/><T90/><D111/><U18/><E18/><V41/><F124/><W42/><G85/><T1/><D1/><U52/><E52/><V117/><F117/><W29/><G55/><T83/><D54/><U106/><E106/><V81/><F72/><W66/><G42/><AGARI ba="0,1" hai="7,10,15,23,24,31,39,42,47,61,64,71,118,119" machi="42" ten="40,3900,0" yaku="1,1,52,1,53,0" doraHai="11" doraHaiUra="88" who="1" fromWho="3" sc="313,0,293,49,146,0,238,-39" /><INIT seed="5,1,0,0,0,98" ten="313,342,146,199" oya="1" hai0="56,36,113,77,84,115,75,59,86,118,116,21,7" hai1="27,68,13,5,105,3,39,95,129,55,19,109,1" hai2="60,50,134,119,102,8,32,41,85,62,29,44,71" hai3="17,20,114,79,123,108,90,57,106,24,133,31,52"/><U45/><E105/><V35/><F119/><W103/><G108/><T4/><D36/><U48/><E68/><V80/><F134/><W67/><G123/><T34/><D21/><U14/><E129/><V83/><F83/><W117/><G133/><T89/><D77/><U0/><E109/><V107/><F8/><W122/><G122/><T94/><D94/><U125/><E125/><V78/><F29/><W72/><G67/><T100/><D89/><U111/><E111/><V64/><REACH who="2" step="1"/><F62/><REACH who="2" ten="313,342,136,199" step="2"/><W96/><G117/><T69/><D116/><U87/><E5/><V37/><F37/><W15/><G79/><T101/><D118/><U12/><E39/><V25/><F25/><W22/><G72/><T104/><D75/><U112/><E27/><V92/><F92/><W126/><G126/><T130/><D104/><U33/><E95/><V74/><F74/><W43/><G90/><T28/><D28/><U99/><E19/><V97/><AGARI ba="1,1" hai="32,35,41,44,50,60,64,71,78,80,85,97,102,107" machi="97" ten="30,7900,0" yaku="1,1,0,1,52,1,53,1" doraHai="98" doraHaiUra="66" who="2" fromWho="2" sc="313,-21,342,-40,136,92,199,-21" /><INIT seed="6,0,0,3,0,62" ten="292,302,228,178" oya="2" hai0="55,50,84,135,28,82,13,85,108,40,66,45,117" hai1="19,46,52,125,123,76,65,8,26,91,128,75,89" hai2="57,38,23,29,114,118,119,9,16,120,83,72,3" hai3="20,1,86,42,39,49,126,22,109,88,25,93,69"/><V36/><F120/><W31/><G109/><T98/><D135/><U2/><E65/><V54/><F114/><W110/><G110/><T80/><D108/><U79/><E128/><V30/><F72/><W32/><G1/><T130/><D130/><U129/><E129/><V44/><F83/><W12/><G126/><T131/><D28/><U105/><E105/><V104/><F104/><W134/><G134/><T132/><D132/><U11/><E125/><V122/><F122/><W97/><G69/><T127/><D117/><U92/><E91/><V17/><F3/><W96/><G39/><T71/><D98/><U99/><E123/><V24/><F9/><N who="1" m="3657" /><E75/><V78/><F78/><W58/><G32/><T21/><D131/><U112/><E112/><V87/><F87/><W56/><G56/><T111/><D111/><U33/><E33/><V113/><F113/><W48/><G49/><T60/><D127/><U51/><E2/><V47/><F57/><W7/><G7/><T64/><D71/><U116/><E116/><V115/><F115/><W70/><G70/><T37/><D84/><U18/><E18/><V103/><F103/><W74/><G74/><T106/><D106/><U95/><E95/><V90/><F90/><W67/><G42/><T133/><D80/><U41/><E41/><V81/><F81/><W68/><G68/><T53/><D40/><U61/><E61/><V43/><F43/><W94/><G94/><T107/><D107/><U27/><E19/><V34/><F34/><W63/><G48/><T4/><D133/><U124/><E124/><V73/><F118/><RYUUKYOKU ba="0,0" sc="292,-15,302,15,228,-15,178,15" hai1="26,27,46,51,52,76,79,89,92,99" hai3="12,20,22,25,31,58,63,67,86,88,93,96,97" /><INIT seed="7,1,0,2,0,66" ten="277,317,213,193" oya="3" hai0="23,16,55,84,10,43,33,118,85,96,122,80,88" hai1="52,53,126,75,56,97,72,131,51,117,25,38,47" hai2="49,30,89,79,40,48,133,19,34,14,98,59,130" hai3="82,17,6,99,86,24,134,106,8,18,63,9,116"/><W111/><G116/><T120/><D33/><U54/><E117/><V71/><F71/><W62/><G134/><T44/><D118/><U101/><E131/><V67/><F130/><W58/><G111/><T109/><D109/><U26/><E126/><V91/><F133/><W28/><G106/><T60/><D10/><U78/><E38/><V65/><F34/><W46/><G99/><T123/><D96/><U113/><E113/><V3/><F3/><W22/><G46/><T13/><D60/><U37/><E54/><N who="2" m="32199" /><F30/><W31/><G31/><T68/><D55/><U64/><E64/><N who="2" m="24651" /><F79/><N who="3" m="46431" /><G6/><T76/><D68/><U132/><E25/><V95/><F49/><W100/><G100/><T108/><D108/><U42/><E101/><N who="2" m="60639" /><F40/><W70/><G70/><T121/><D121/><U81/><E132/><V12/><F12/><N who="3" m="7303" /><G58/><T114/><D114/><U0/><E97/><V127/><F127/><W32/><G32/><T105/><D105/><U69/><E56/><V29/><F29/><W21/><G63/><T11/><D11/><AGARI ba="1,0" hai="11,14,19,89,91" m="60639,24651,32199" machi="11" ten="30,1000,0" yaku="8,1" doraHai="66" who="2" fromWho="0" sc="277,-13,317,0,213,13,193,0" owari="264,6.4,317,41.7,226,-17.4,193,-30.7" /></mjloggm>