<mjloggm ver="2.3"><GO type="169" lobby="0"/><UN n0="%41%4F%54" n1="%E3%83%90%E3%83%AA%E3%83%88%E3%83%B3" n2="%48%4F%4D%4F%E5%A5%B3" n3="%6D%65%67%75%72%75%32" dan="18,17,16,16" rate="2229.40,2242.02,2088.08,2086.17" sx="F,M,M,M"/><TAIKYOKU oya="0"/><INIT seed="0,0,0,4,1,42" ten="250,250,250,250" oya="0" hai0="57,93,16,78,102,130,79,77,68,60,91,106,15" hai1="112,110,131,132,31,80,2,58,21,100,47,115,116" hai2="120,86,14,23,122,105,85,73,46,125,37,98,24" hai3="4,95,25,53,33,129,107,13,11,17,123,8,84"/><T12/><D130/><U0/><E100/><V121/><F73/><W81/><G107/><T19/><D68/><U61/><E116/><V127/><F14/><N who="0" m="5162" /><D106/><U38/><E131/><V89/><F37/><W18/><G129/><T36/><D36/><U133/><E80/><V109/><F109/><W103/><G123/><T39/><D39/><U65/><E110/><V49/><F105/><W9/><G33/><T41/><D41/><N who="1" m="22967" /><E21/><V29/><F98/><W128/><G128/><T126/><D102/><U82/><E82/><V114/><F114/><N who="1" m="43561" /><E31/><V32/><F32/><W97/><G53/><N who="0" m="33839" /><D126/><N who="2" m="48138" /><F89/><W6/><G25/><T96/><AGARI ba="0,0" hai="16,19,77,78,79,91,93,96" m="33839,5162" machi="96" ten="30,3000,0" yaku="8,1,54,1" doraHai="42" who="0" fromWho="0" sc="250,30,250,-10,250,-10,250,-10" /><INIT seed="0,1,0,5,5,19" ten="280,240,240,240" oya="0" hai0="122,118,14,21,65,116,34,81,57,47,17,106,85" hai1="44,59,50,79,39,52,108,125,82,89,133,7,117" hai2="76,5,119,60,130,32,37,127,16,99,56,45,40" hai3="48,58,129,63,41,101,80,123,6,111,46,72,134"/><T20/><D122/><U97/><E117/><V128/><F119/><W62/><G123/><T77/><D34/><U12/><E133/><V33/><F127/><W105/><G134/><T42/><D106/><U96/><E108/><V78/><F5/><W28/><G111/><T51/><D65/><U43/><E125/><V23/><F99/><W10/><G129/><N who="2" m="49769" /><F78/><W132/><G132/><T110/><D110/><U66/><E89/><V100/><F76/><W120/><G120/><T4/><D57/><U112/><E112/><V115/><F100/><W91/><G72/><T0/><REACH who="0" step="1"/><D20/><REACH who="0" ten="270,240,240,240" step="2"/><U25/><E66/><N who="2" m="39175" /><F115/><W13/><G105/><T2/><D2/><U126/><E126/><V83/><F83/><W135/><G80/><T11/><AGARI ba="1,1" hai="0,4,11,14,17,21,42,47,51,77,81,85,116,118" machi="11" ten="30,6000,0" yaku="1,1,0,1,52,1,53,0" doraHai="19" doraHaiUra="55" who="0" fromWho="0" sc="270,73,240,-21,240,-21,240,-21" /><INIT seed="0,2,0,5,1,37" ten="343,219,219,219" oya="0" hai0="107,113,27,104,6,11,41,18,127,82,96,86,33" hai1="97,119,118,106,44,15,83,123,65,54,120,77,126" hai2="38,121,47,105,60,61,52,93,9,98,55,14,53" hai3="50,57,108,7,43,109,117,95,5,62,72,94,25"/><T24/><D113/><U76/><E65/><V19/><F105/><W30/><G117/><N who="1" m="44554" /><E54/><V4/><F121/><N who="1" m="46665" /><E44/><V49/><F38/><W20/><G72/><T56/><D127/><U31/><E15/><V102/><REACH who="2" step="1"/><F4/><REACH who="2" ten="343,219,209,219" step="2"/><W10/><G7/><T34/><D107/><U48/><E126/><V84/><F84/><W40/><G5/><T70/><D86/><U112/><E112/><V39/><F39/><W79/><G109/><T75/><D104/><U21/><E106/><V32/><F32/><W100/><G108/><T122/><D34/><U129/><E129/><V73/><F73/><W8/><G79/><T132/><D75/><U85/><E77/><V63/><AGARI ba="2,1" hai="9,14,19,47,49,52,53,55,60,61,63,93,98,102" machi="63" ten="30,7900,0" yaku="1,1,0,1,8,1,54,1,53,0" doraHai="37" doraHaiUra="1" who="2" fromWho="2" sc="343,-41,219,-22,209,95,219,-22" /><INIT seed="1,0,0,0,2,14" ten="302,197,304,197" oya="1" hai0="35,57,41,44,63,77,130,33,53,116,27,118,109" hai1="43,128,106,89,74,0,15,45,38,13,50,114,78" hai2="20,64,88,19,68,54,55,95,49,65,39,83,100" hai3="40,32,132,6,69,62,123,17,84,135,71,105,66"/><U103/><E114/><V25/><F39/><W47/><G123/><T120/><D109/><U8/><E128/><V16/><F68/><W37/><G105/><T7/><D130/><U29/><E29/><V75/><F75/><W18/><G32/><T94/><D120/><U117/><E117/><V26/><F100/><W79/><G6/><T2/><D77/><U97/><E50/><V87/><F83/><N who="3" m="47231" /><G71/><T10/><D35/><U98/><E98/><V108/><F108/><W36/><G36/><T115/><D115/><U34/><E89/><V81/><F81/><W21/><G21/><T67/><D67/><N who="2" m="25674" /><F49/><W56/><G69/><T12/><D2/><U3/><E34/><V107/><F107/><W9/><G9/><T101/><D33/><U24/><E24/><V31/><F26/><W76/><G76/><T121/><D27/><U52/><E52/><AGARI ba="0,0" hai="16,19,20,25,31,52,54,55,87,88,95" m="25674" machi="52" ten="30,12000,2" yaku="8,1,52,2,54,3" doraHai="14" who="2" fromWho="1" sc="302,0,197,-120,304,120,197,0" /><INIT seed="2,0,0,4,2,68" ten="302,77,424,197" oya="2" hai0="133,4,1,126,9,50,106,13,29,93,38,70,112" hai1="40,65,2,67,78,20,44,105,125,51,119,16,49" hai2="92,23,10,96,115,41,73,32,84,130,74,25,26" hai3="60,76,54,52,58,116,132,45,122,102,79,99,64"/><V11/><F130/><W28/><G116/><T117/><D106/><U97/><E119/><V61/><F115/><W91/><G122/><T8/><D70/><U15/><E125/><V33/><F41/><W39/><G132/><T100/><D117/><U57/><E2/><V95/><F61/><W21/><G91/><T90/><D112/><U87/><E105/><V134/><F84/><W131/><G131/><T75/><D75/><U66/><E97/><V6/><F6/><W118/><G118/><T86/><D133/><U18/><E18/><V7/><F7/><W81/><G79/><T89/><D29/><U48/><REACH who="1" step="1"/><E57/><REACH who="1" ten="302,67,424,197" step="2"/><V121/><F134/><W83/><G58/><T123/><D1/><U53/><E53/><V129/><F96/><W103/><G52/><T17/><D17/><U36/><E36/><V120/><F129/><W30/><G54/><T62/><D38/><U22/><E22/><AGARI ba="0,1" hai="10,11,22,23,25,26,32,33,73,74,92,95,120,121" machi="22" ten="25,2400,0" yaku="22,2" doraHai="68" who="2" fromWho="1" sc="302,0,67,-24,424,34,197,0" /><INIT seed="2,1,0,5,1,84" ten="302,43,458,197" oya="2" hai0="106,14,69,9,7,61,32,80,99,31,127,129,20" hai1="114,131,130,25,58,117,48,109,49,103,75,116,81" hai2="18,22,90,133,3,63,45,11,37,16,10,71,40" hai3="115,107,102,30,12,70,98,95,27,13,60,119,85"/><V53/><F133/><W83/><G119/><T89/><D129/><N who="1" m="49163" /><E103/><V112/><F112/><W1/><G1/><T73/><D127/><U23/><E114/><V43/><F43/><W96/><G115/><T59/><D69/><U78/><E109/><V56/><F3/><W38/><G38/><T120/><D120/><U42/><E58/><V79/><F79/><W68/><G68/><T82/><D32/><U132/><E132/><V72/><F72/><W118/><G118/><N who="1" m="45674" /><E42/><V8/><F71/><W5/><G5/><T121/><D73/><U4/><E4/><V91/><REACH who="2" step="1"/><F18/><AGARI ba="1,0" hai="18,23,25,48,49,75,78,81" m="45674,49163" machi="18" ten="30,1000,0" yaku="19,1" doraHai="84" who="1" fromWho="2" sc="302,0,43,13,458,-13,197,0" /><INIT seed="3,0,0,1,4,128" ten="302,56,445,197" oya="3" hai0="124,105,11,19,38,16,69,33,103,91,76,86,131" hai1="44,101,47,89,70,78,95,99,116,51,114,13,43" hai2="23,32,115,67,98,42,39,14,111,68,81,40,17" hai3="126,127,18,46,72,26,108,83,8,27,125,22,121"/><W10/><G46/><T36/><D33/><U4/><E114/><V6/><F111/><W54/><G54/><T75/><D69/><U34/><E116/><V102/><F32/><W66/><G66/><T123/><D123/><U74/><E70/><V65/><F6/><W135/><G83/><N who="0" m="45471" /><D124/><U49/><E34/><V73/><F115/><W94/><G94/><N who="0" m="54647" /><D131/><U24/><E24/><N who="3" m="9258" /><G72/><T64/><D11/><N who="3" m="4137" /><G121/><T132/><D132/><U41/><E4/><V129/><F129/><W61/><G61/><T96/><D64/><U97/><E13/><V5/><F5/><W71/><G71/><T117/><D117/><U92/><E74/><V52/><F68/><W130/><G130/><T87/><D87/><U50/><REACH who="1" step="1"/><E78/><REACH who="1" ten="302,46,445,197" step="2"/><V45/><F14/><N who="3" m="9559" /><G108/><T29/><D38/><AGARI ba="0,1" hai="38,41,43,44,47,49,50,51,89,92,95,97,99,101" machi="38" ten="30,2000,0" yaku="1,1,7,1,53,0" doraHai="128" doraHaiUra="118" who="1" fromWho="0" sc="302,-20,46,30,445,0,197,0" /><INIT seed="4,0,0,0,4,80" ten="282,76,445,197" oya="0" hai0="56,29,135,120,48,3,31,53,24,9,26,71,133" hai1="84,6,122,126,45,105,73,44,89,51,86,90,16" hai2="47,93,67,27,42,43,94,91,60,36,13,65,130" hai3="111,96,134,88,102,20,74,2,121,62,97,46,34"/><T108/><D120/><U82/><E122/><V77/><F130/><W11/><G111/><T131/><D71/><U21/><E126/><V124/><F124/><W1/><G34/><T4/><D131/><U39/><E105/><V33/><F43/><W112/><G121/><T69/><D69/><U87/><E6/><V5/><F77/><W99/><G74/><T85/><D85/><N who="1" m="50359" /><E39/><V8/><F93/><W30/><G112/><T64/><D64/><U49/><E73/><V118/><F118/><W132/><G102/><T17/><D17/><U12/><E90/><V78/><F78/><W19/><G30/><T106/><D106/><U110/><E110/><V55/><F55/><W92/><G62/><T83/><D83/><U58/><E58/><V18/><F60/><W52/><G2/><T107/><D107/><U68/><E68/><V57/><F57/><W54/><G1/><T123/><D123/><U63/><E63/><V50/><F36/><W14/><G11/><T100/><D100/><U127/><E127/><V117/><F117/><W0/><G0/><T37/><D37/><U79/><E79/><V109/><F109/><W75/><G75/><T59/><D59/><U10/><E10/><V104/><F104/><W40/><G134/><N who="0" m="51211" /><D108/><U66/><E66/><V103/><F103/><W125/><G132/><T81/><D81/><U72/><E72/><V113/><F113/><W25/><G125/><T38/><D38/><U7/><E7/><V61/><F61/><W128/><G128/><T119/><D119/><U41/><E87/><N who="2" m="52607" /><F5/><W101/><G101/><T115/><D115/><RYUUKYOKU ba="0,0" sc="282,10,76,10,445,10,197,-30" hai0="3,4,9,24,26,29,31,48,53,56" hai1="12,16,21,41,44,45,49,51,84,86" hai2="8,13,18,27,33,42,47,50,65,67" /><INIT seed="4,1,0,2,4,66" ten="292,86,455,167" oya="0" hai0="59,0,60,16,63,76,1,89,124,129,69,29,35" hai1="15,31,105,83,86,70,64,48,28,45,24,131,8" hai2="61,102,56,75,6,84,119,85,71,40,97,33,107" hai3="91,99,43,52,121,39,132,122,113,74,118,18,19"/><T126/><D129/><U134/><E131/><V106/><F119/><W114/><G118/><T109/><D76/><U123/><E123/><N who="3" m="47114" /><G74/><T38/><D38/><U55/><E105/><V79/><F33/><W37/><G132/><T108/><D35/><U133/><E133/><V25/><F6/><W7/><G7/><T42/><D42/><U41/><E134/><V117/><F117/><W130/><G130/><T58/><D29/><U44/><E24/><V100/><F40/><W57/><G99/><T77/><D77/><U65/><E65/><V92/><F25/><W62/><G91/><T110/><D16/><N who="3" m="6185" /><G43/><T81/><D89/><U22/><E22/><V112/><F112/><AGARI ba="1,0" hai="37,39,52,57,62,112,113,114" m="6185,47114" machi="112" ten="30,7700,0" yaku="15,1,13,1,54,2" doraHai="66" who="3" fromWho="2" sc="292,0,86,0,455,-80,167,80" /><INIT seed="5,0,0,5,0,4" ten="292,86,375,247" oya="1" hai0="37,45,27,5,70,118,135,3,101,81,83,65,108" hai1="0,111,98,57,39,8,78,1,20,41,84,7,52" hai2="132,88,103,40,94,46,129,86,25,64,99,24,89" hai3="29,42,68,33,58,125,79,104,19,62,47,121,107"/><U112/><E112/><V95/><F129/><W72/><G121/><T76/><D108/><U127/><E127/><V120/><F120/><W23/><G125/><T63/><D118/><U82/><E111/><V38/><F132/><W48/><G68/><T55/><D135/><U54/><E1/><V110/><F110/><W67/><G29/><T12/><D101/><U92/><E20/><V77/><F77/><W36/><G33/><T53/><D83/><U35/><E35/><V17/><F64/><W6/><G6/><T14/><D27/><U43/><E39/><V93/><REACH who="2" step="1"/><F17/><REACH who="2" ten="292,86,365,247" step="2"/><W59/><G79/><T60/><D65/><U106/><E106/><V56/><F56/><W119/><G59/><T13/><D76/><U87/><E87/><AGARI ba="0,1" hai="24,25,38,40,46,86,87,88,89,93,94,95,99,103" machi="87" ten="30,7700,0" yaku="1,1,7,1,9,1,54,1,53,0" doraHai="4" doraHaiUra="114" who="2" fromWho="1" sc="292,0,86,-77,365,87,247,0" /><INIT seed="6,0,0,1,3,0" ten="292,9,452,247" oya="2" hai0="72,49,29,120,123,117,88,113,108,5,57,64,48" hai1="66,55,94,8,75,103,124,126,121,61,71,134,106" hai2="97,91,32,44,46,23,70,111,42,17,7,12,93" hai3="38,125,34,51,99,16,43,59,98,92,9,86,54"/><V35/><F70/><W63/><G34/><T118/><D113/><U114/><E94/><V69/><F69/><W85/><G125/><T87/><D108/><U13/><E13/><V53/><F111/><W1/><G38/><T19/><D72/><U100/><E8/><V127/><F127/><W14/><G1/><T129/><D129/><U30/><E55/><V25/><F53/><W112/><G112/><T101/><D101/><U90/><E90/><V22/><F46/><W11/><G11/><T24/><D19/><U52/><E52/><V33/><F7/><W81/><G92/><T80/><D5/><U62/><E71/><V132/><F132/><W45/><REACH who="3" step="1"/><G86/><REACH who="3" ten="292,9,452,237" step="2"/><T130/><D130/><U26/><E114/><V135/><F135/><W50/><G50/><T68/><D49/><U2/><E134/><V56/><F33/><W110/><G110/><T27/><D48/><U31/><E75/><V21/><F32/><W83/><G83/><T133/><D80/><U15/><E2/><V39/><F35/><W67/><G67/><T119/><D87/><U79/><E66/><V109/><F109/><W107/><G107/><T82/><D82/><U122/><E106/><V89/><F39/><W102/><G102/><T78/><D64/><U105/><E105/><V73/><F73/><W10/><G10/><T115/><D133/><U28/><E28/><V60/><F22/><W37/><G37/><T65/><D29/><U77/><E15/><V84/><F23/><W47/><G47/><T58/><D65/><U6/><E26/><N who="0" m="9769" /><D115/><U40/><E6/><V20/><F25/><RYUUKYOKU ba="0,1" sc="292,-15,9,15,452,-15,237,15" hai1="30,31,40,61,62,77,79,100,103,121,122,124,126" hai3="9,14,16,43,45,51,54,59,63,81,85,98,99" /><INIT seed="7,1,1,5,4,17" ten="277,24,437,252" oya="3" hai0="58,105,89,11,99,94,69,5,118,52,32,135,54" hai1="4,21,27,114,79,73,103,72,3,84,51,60,104" hai2="128,14,98,87,90,37,123,44,43,81,110,125,9" hai3="61,63,31,80,113,107,1,55,92,91,2,65,77"/><W16/><G107/><T119/><D69/><U20/><E114/><V30/><F123/><W49/><G113/><T53/><D32/><U64/><E51/><V120/><F120/><W82/><G31/><T36/><D36/><U12/><E3/><V68/><F68/><W124/><G124/><T39/><D39/><U132/><E132/><V134/><F30/><W130/><G130/><T127/><D127/><U15/><E104/><V13/><F13/><W45/><G2/><T121/><D121/><U102/><E84/><V106/><F125/><W6/><G6/><T23/><D135/><U33/><E33/><V74/><F74/><W41/><G1/><T47/><D105/><U38/><E38/><V96/><F98/><W76/><G76/><T26/><D47/><U28/><E28/><V97/><F97/><W22/><G41/><T117/><D58/><U108/><E108/><V122/><F128/><W75/><G82/><T78/><D78/><U25/><E79/><V48/><F122/><W116/><G65/><T83/><D83/><U8/><E64/><V19/><F110/><W111/><G116/><T0/><REACH who="0" step="1"/><D119/><REACH who="0" ten="267,24,437,252" step="2"/><U115/><E115/><V24/><F106/><W129/><G129/><T112/><D112/><U50/><E50/><V126/><F48/><W70/><G70/><T7/><D7/><U88/><E4/><V57/><F126/><W71/><G71/><T35/><D35/><U133/><E133/><V18/><F134/><W131/><G131/><T85/><D85/><U62/><E8/><V109/><F9/><W67/><G111/><T34/><D34/><RYUUKYOKU ba="1,2" sc="267,15,24,15,437,-15,252,-15" hai0="0,5,11,23,26,52,53,54,89,94,99,117,118" hai1="12,15,20,21,25,27,60,62,72,73,88,102,103" owari="282,8.2,39,-46.1,442,54.2,237,-16.3" /></mjloggm>