<mjloggm ver="2.3"><GO type="169" lobby="0"/><UN n0="%E3%83%8A%E3%83%8A%E3%82%A4%E3%83%AD%E3%83%A9%E3%82%A4%E3%83%88%E2%98%86" n1="%73%68%61%79%65" n2="%61%6D%61%69%6B%61" n3="%E3%83%9E%E3%83%BC%E3%83%9C%E3%82%A6" dan="16,17,17,17" rate="2099.84,2167.00,2184.07,2117.31" sx="F,M,M,M"/><TAIKYOKU oya="0"/><INIT seed="0,0,0,4,2,12" ten="250,250,250,250" oya="0" hai0="4,45,94,79,108,49,68,89,26,111,122,8,116" hai1="130,106,104,120,20,102,59,80,28,123,105,40,22" hai2="17,117,86,135,57,60,51,18,84,62,25,100,128" hai3="91,73,126,63,118,78,58,132,1,98,87,85,43"/><T41/><D116/><U2/><E130/><V30/><F128/><W95/><G118/><T0/><D122/><U52/><E2/><V88/><F117/><W109/><G1/><T9/><D68/><U70/><E70/><V56/><F100/><W97/><G43/><T82/><D9/><U35/><E102/><V5/><F5/><W119/><G119/><T31/><D89/><U64/><E64/><N who="2" m="38919" /><F84/><W90/><G58/><T69/><D94/><U93/><E93/><N who="2" m="54423" /><F135/><W24/><G87/><T61/><D61/><U36/><E80/><V44/><F25/><W77/><G24/><T11/><D69/><U133/><E35/><V21/><F21/><W127/><G63/><T72/><REACH who="0" step="1"/><D11/><REACH who="0" ten="240,250,250,250" step="2"/><U42/><E133/><V38/><F38/><W83/><G132/><T29/><D29/><U46/><E28/><V14/><F30/><W67/><G95/><T101/><D101/><U13/><E120/><V81/><F81/><W96/><G78/><T66/><D66/><U16/><E123/><V33/><F33/><AGARI ba="0,1" hai="0,4,8,26,31,33,41,45,49,72,79,82,108,111" machi="33" ten="40,3900,0" yaku="1,1,53,1" doraHai="12" doraHaiUra="7" who="0" fromWho="2" sc="240,49,250,0,250,-39,250,0" /><INIT seed="0,1,0,2,3,31" ten="289,250,211,250" oya="0" hai0="29,120,78,122,48,100,119,44,13,113,19,72,110" hai1="28,55,84,66,98,17,5,128,2,30,117,16,124" hai2="127,95,7,74,104,27,79,81,132,45,58,114,69" hai3="106,93,96,92,71,38,123,14,108,80,37,130,64"/><T65/><D113/><U33/><E117/><V67/><F104/><W43/><G106/><T52/><D119/><U75/><E75/><V105/><F105/><W70/><G80/><T99/><D110/><U131/><E66/><V1/><F114/><W15/><G43/><T129/><D129/><N who="1" m="49739" /><E98/><V11/><F127/><W103/><G130/><T26/><D65/><U0/><E84/><V126/><F126/><W56/><G64/><T35/><D78/><U3/><E55/><V6/><F6/><W87/><G87/><T51/><D72/><U118/><E118/><V36/><F132/><W50/><G96/><T39/><D39/><U85/><E85/><V10/><F10/><W59/><G50/><T107/><REACH who="0" step="1"/><D51/><REACH who="0" ten="279,250,211,250" step="2"/><U46/><E124/><V57/><F67/><W94/><G108/><T116/><D116/><U91/><E0/><V60/><F69/><W125/><G71/><T76/><D76/><U49/><E2/><V121/><F60/><W83/><G70/><T41/><D41/><U4/><E3/><V23/><F121/><W9/><G123/><T101/><D101/><U134/><E91/><V112/><F112/><W34/><G103/><T62/><D62/><U53/><E134/><V20/><F74/><W86/><G38/><T97/><D97/><U18/><E30/><V22/><F1/><W32/><G125/><T115/><D115/><U88/><E88/><V77/><F36/><W24/><G37/><T25/><D25/><AGARI ba="1,1" hai="4,5,16,17,18,25,28,33,46,49,53" m="49739" machi="25" ten="30,3900,0" yaku="19,1,52,1,54,1" doraHai="31" who="1" fromWho="0" sc="279,-42,250,52,211,0,250,0" /><INIT seed="1,0,0,5,4,115" ten="237,302,211,250" oya="1" hai0="123,110,26,22,97,124,133,50,8,127,9,7,101" hai1="37,105,66,11,122,24,119,77,125,130,56,2,35" hai2="90,129,94,1,131,120,89,68,23,70,42,0,41" hai3="39,32,36,91,44,116,103,88,19,128,102,83,135"/><U126/><E122/><V81/><F94/><W73/><G32/><T51/><D123/><U78/><E105/><V38/><F23/><W67/><G67/><T14/><D110/><U74/><E37/><V63/><F38/><W30/><G30/><T13/><D133/><U43/><E43/><V34/><F120/><W18/><G83/><T109/><D109/><U55/><E74/><V106/><F63/><W15/><G15/><T10/><D124/><N who="1" m="47723" /><E66/><V76/><F76/><W27/><G27/><T49/><D127/><U80/><E80/><V87/><F81/><W84/><G84/><T92/><REACH who="0" step="1"/><D7/><REACH who="0" ten="227,302,211,250" step="2"/><N who="1" m="1527" /><E130/><V52/><F129/><W25/><G128/><T98/><D98/><U57/><E77/><V6/><F131/><W72/><G135/><T33/><D33/><U82/><E35/><V29/><F34/><W112/><G112/><T20/><D20/><U47/><E78/><V96/><F96/><W59/><G72/><T113/><D113/><U100/><E24/><V104/><F6/><W79/><G25/><T12/><D12/><U21/><E21/><V60/><F0/><W117/><G73/><T5/><D5/><U108/><E108/><V75/><F1/><W31/><G31/><AGARI ba="0,1" hai="8,9,10,13,14,22,26,31,49,50,51,92,97,101" machi="31" ten="40,5200,0" yaku="1,1,8,1,53,1" doraHai="115" doraHaiUra="93" who="0" fromWho="3" sc="227,62,302,0,211,0,250,-52" /><INIT seed="2,0,0,3,1,4" ten="289,302,211,198" oya="2" hai0="16,130,37,96,83,106,17,52,10,14,81,36,80" hai1="12,11,121,122,18,91,28,64,132,39,43,27,109" hai2="101,131,128,127,90,15,114,21,77,34,20,46,48" hai3="93,40,57,44,13,19,87,116,47,97,50,84,94"/><V9/><F114/><W56/><G116/><T68/><D68/><U25/><E64/><V58/><F34/><W103/><G47/><T24/><D130/><N who="2" m="49706" /><F127/><W1/><G1/><T51/><D106/><U59/><E59/><V119/><F119/><W32/><G32/><T92/><D24/><U79/><E79/><V74/><F101/><W29/><G29/><T75/><D75/><U76/><E76/><V123/><F58/><N who="3" m="22635" /><G93/><T72/><D72/><U88/><E109/><V63/><F63/><W118/><G118/><T31/><D31/><U73/><E73/><V98/><F98/><W107/><G107/><T95/><D95/><U110/><E132/><V41/><F90/><N who="1" m="34345" /><E110/><V89/><F89/><W104/><G104/><T117/><D117/><U112/><E112/><V69/><F123/><N who="1" m="47113" /><E28/><V124/><F124/><W42/><G42/><T71/><D71/><U102/><E102/><V105/><F105/><W8/><AGARI ba="0,0" hai="8,13,19,40,44,50,84,87,94,97,103" m="22635" machi="8" ten="30,2000,0" yaku="8,1,52,1" doraHai="4" who="3" fromWho="3" sc="289,-5,302,-5,211,-10,198,20" /><INIT seed="3,0,0,0,4,26" ten="284,297,201,218" oya="3" hai0="24,78,103,114,76,80,2,101,81,18,17,91,75" hai1="69,99,117,111,61,106,12,135,15,34,25,9,16" hai2="46,59,40,100,113,98,105,79,6,134,130,8,89" hai3="50,64,11,107,56,30,38,88,68,65,39,123,92"/><W27/><G123/><T0/><D91/><U45/><E111/><V77/><F113/><W115/><G107/><T13/><D24/><U23/><E135/><V90/><F130/><W67/><G68/><T44/><D44/><U96/><E117/><V71/><F71/><W55/><G11/><T110/><D114/><U63/><E106/><V109/><F109/><W108/><G115/><T132/><D110/><U10/><E45/><V52/><F134/><W21/><REACH who="3" step="1"/><G108/><REACH who="3" ten="284,297,201,208" step="2"/><T58/><D132/><U41/><E69/><V125/><F105/><W97/><AGARI ba="0,1" hai="21,27,30,38,39,50,55,56,64,65,67,88,92,97" machi="97" ten="30,12000,1" yaku="1,1,2,1,0,1,52,1,54,1,53,0" doraHai="26" doraHaiUra="83" who="3" fromWho="3" sc="284,-40,297,-40,201,-40,208,130" /><INIT seed="3,1,0,1,5,71" ten="244,257,161,338" oya="3" hai0="82,112,34,132,62,90,108,48,110,14,69,107,120" hai1="41,28,119,76,68,60,97,29,13,64,91,100,32" hai2="19,7,130,121,73,118,6,104,92,83,8,5,10" hai3="0,127,35,115,67,53,2,79,133,61,66,51,18"/><W84/><G115/><T123/><D34/><U89/><E119/><V116/><F104/><W93/><G35/><T117/><D107/><U94/><E76/><V25/><F92/><W96/><G127/><T105/><D105/><U39/><E13/><V102/><F102/><W75/><G75/><T50/><D14/><U78/><E78/><V46/><F83/><W49/><G18/><T12/><D12/><U109/><E109/><N who="0" m="42089" /><D132/><U134/><E134/><V87/><F87/><W30/><G84/><N who="0" m="50455" /><D117/><U114/><E114/><V85/><F116/><W40/><G0/><T99/><D99/><U58/><E68/><V15/><F15/><W1/><G96/><T74/><D74/><U38/><E41/><V3/><F73/><W125/><G1/><T70/><D70/><U43/><E43/><V113/><F5/><W88/><G40/><T135/><D135/><U4/><E4/><V16/><F6/><W80/><G2/><T86/><D86/><U56/><E32/><V131/><F7/><W17/><G133/><T63/><D112/><U54/><E100/><V106/><F3/><W101/><G101/><T72/><D72/><U37/><REACH who="1" step="1"/><E89/><REACH who="1" ten="244,247,161,338" step="2"/><V59/><F118/><W26/><G79/><T57/><D69/><U95/><E95/><V122/><F113/><W52/><G93/><T124/><D124/><U20/><E20/><V11/><F106/><W81/><G125/><T98/><D123/><U126/><E126/><V24/><F121/><W45/><G88/><T42/><D120/><U103/><E103/><V33/><F122/><W129/><G80/><T47/><D42/><RYUUKYOKU ba="1,1" sc="244,-10,247,30,161,-10,338,-10" hai1="28,29,37,38,39,54,56,58,60,64,91,94,97" /><INIT seed="4,2,1,3,5,7" ten="234,277,151,328" oya="0" hai0="17,104,43,106,71,4,102,109,29,25,24,112,95" hai1="67,61,78,57,54,110,35,69,96,62,41,121,111" hai2="65,122,19,129,116,34,81,119,37,68,31,100,134" hai3="12,89,86,26,123,59,44,15,48,120,64,1,40"/><T98/><D112/><U45/><E35/><V84/><F122/><N who="3" m="46635" /><G1/><T115/><D115/><U66/><E78/><V99/><F37/><W6/><G26/><T75/><D109/><U49/><E96/><V14/><F129/><W87/><G6/><T79/><D71/><U83/><E83/><V50/><F134/><W63/><G87/><T130/><D130/><U93/><E93/><AGARI ba="2,1" hai="12,15,40,44,48,59,63,64,86,89,93" m="46635" machi="93" ten="30,1000,0" yaku="13,1" doraHai="7" who="3" fromWho="1" sc="234,0,277,-16,151,0,328,26" /><INIT seed="5,0,0,5,3,75" ten="234,261,151,354" oya="1" hai0="37,61,40,66,106,123,94,44,0,95,23,99,131" hai1="132,127,19,50,13,32,59,125,77,135,109,85,48" hai2="90,129,54,130,45,22,100,88,36,70,104,93,6" hai3="3,20,84,62,79,53,78,47,86,124,43,120,14"/><U89/><E32/><V51/><F70/><W57/><G3/><T52/><D131/><U26/><E26/><V34/><F34/><W49/><G120/><T4/><D123/><U121/><E121/><V69/><F69/><W133/><G133/><N who="1" m="51274" /><E109/><V128/><F104/><W2/><G2/><T98/><D23/><N who="1" m="11759" /><E77/><N who="3" m="29194" /><G124/><N who="1" m="47690" /><E59/><V83/><F129/><W110/><G110/><T10/><D106/><U15/><E15/><V11/><F128/><W18/><AGARI ba="0,0" hai="14,18,20,43,47,49,53,57,62,84,86" m="29194" machi="18" ten="30,7900,0" yaku="8,1,52,3" doraHai="75" who="3" fromWho="3" sc="234,-20,261,-39,151,-20,354,79" /><INIT seed="6,0,0,1,4,54" ten="214,222,131,433" oya="2" hai0="96,71,23,6,19,119,131,30,115,26,102,48,111" hai1="57,105,92,77,60,38,129,34,22,32,13,86,62" hai2="83,109,39,114,37,64,118,90,130,126,47,133,59" hai3="15,94,49,121,132,104,16,78,46,7,74,18,116"/><V2/><F2/><W11/><G104/><T4/><D111/><U51/><E38/><V41/><F118/><W98/><G116/><T101/><D119/><U27/><E105/><V100/><F114/><W135/><G78/><T65/><D115/><U25/><E32/><V8/><F130/><W103/><G74/><T123/><D123/><U29/><E13/><V31/><F133/><N who="3" m="51275" /><G121/><T128/><D101/><U35/><E35/><V99/><F126/><W44/><G44/><T127/><D127/><U9/><E9/><V12/><F31/><W106/><G106/><T84/><D84/><U52/><E129/><N who="0" m="49737" /><D48/><U24/><E77/><V5/><F109/><W17/><G7/><T122/><D122/><U14/><E14/><V21/><F21/><W73/><G73/><T28/><D28/><U42/><E34/><V43/><F43/><AGARI ba="0,0" hai="11,15,16,17,18,43,46,49,94,98,103" m="51275" machi="43" ten="30,2000,0" yaku="20,1,54,1" doraHai="54" who="3" fromWho="2" sc="214,0,222,0,131,-20,433,20" /><INIT seed="7,0,0,1,4,135" ten="214,222,111,453" oya="3" hai0="123,46,24,96,6,30,132,18,20,3,107,50,112" hai1="87,97,104,5,69,84,15,38,108,45,127,64,72" hai2="1,83,35,67,2,134,48,43,12,21,94,39,102" hai3="27,55,86,116,76,115,109,32,125,60,37,66,17"/><W23/><G37/><T36/><D123/><U103/><E127/><V7/><F35/><W81/><G125/><T133/><D36/><U93/><E72/><V121/><F39/><W4/><G4/><T128/><D128/><U25/><E104/><V13/><F134/><N who="0" m="51818" /><D112/><U44/><E38/><V51/><F67/><W40/><G40/><T88/><D3/><U49/><E69/><V29/><F83/><W54/><G54/><N who="0" m="30039" /><D6/><U101/><E64/><V57/><F43/><W33/><G55/><T8/><D8/><N who="1" m="4495" /><E108/><V79/><F7/><W10/><G10/><T80/><D107/><U63/><E63/><V100/><F29/><W124/><G60/><T34/><D96/><U129/><E103/><V75/><F75/><W85/><G85/><N who="1" m="32842" /><E129/><V91/><F57/><W74/><G74/><T28/><D34/><U130/><E130/><V65/><F65/><W92/><G66/><T110/><D110/><U47/><E25/><V19/><F21/><W26/><G23/><T62/><D62/><U70/><E70/><V106/><F106/><W71/><G71/><T113/><D113/><U58/><E58/><V9/><F9/><W120/><G32/><T99/><D80/><U98/><E98/><V90/><F94/><AGARI ba="0,0" hai="18,20,24,28,30,88,94,99" m="30039,51818" machi="94" ten="30,2000,0" yaku="20,1,54,1" doraHai="135" who="0" fromWho="2" sc="214,20,222,0,111,-20,453,0" owari="234,3.4,222,-17.8,91,-40.9,453,55.3" /></mjloggm>