<mjloggm ver="2.3"><GO type="169" lobby="0"/><UN n0="%E3%82%AA%E3%83%AC%E3%83%B3%E3%82%B8%E5%A4%AA%E9%83%8E" n1="%E5%9C%A8%E5%8E%9F%E4%B8%83%E6%B5%B7%E5%A4%A7%E5%A5%BD%E3%81%8D" n2="%E3%81%AA%E3%81%BE%E3%81%8B%E3%82%84%E3%81%95%E3%81%AA%E3%81%9F" n3="%6B%72%62" dan="16,17,16,16" rate="2173.83,2222.96,2157.98,2186.37" sx="M,M,M,F"/><TAIKYOKU oya="0"/><INIT seed="0,0,0,1,5,119" ten="250,250,250,250" oya="0" hai0="59,56,104,83,5,74,31,57,131,82,66,127,52" hai1="102,42,47,49,23,3,79,101,37,126,19,7,48" hai2="14,21,16,100,121,128,26,61,135,115,86,120,45" hai3="38,70,113,107,103,73,108,44,20,78,58,123,62"/><T28/><D104/><U124/><E79/><V72/><F72/><W46/><G113/><T129/><D5/><U109/><E109/><V51/><F115/><W110/><G70/><T2/><D2/><U130/><E130/><N who="0" m="49673" /><D127/><N who="1" m="48683" /><E7/><V40/><F128/><W116/><G116/><T97/><D97/><U29/><E29/><N who="0" m="11337" /><D66/><U132/><E132/><V98/><F135/><W39/><G107/><T9/><D9/><U91/><E3/><V30/><F61/><W34/><G62/><T0/><D0/><U81/><E102/><V17/><F86/><W133/><G103/><T54/><D74/><U95/><E101/><V55/><F40/><W93/><G133/><T77/><D77/><U11/><E11/><V12/><F17/><W43/><G78/><T65/><D65/><U1/><E19/><V75/><F75/><W63/><G73/><T125/><D125/><U89/><E42/><V134/><F134/><W99/><G43/><T114/><D114/><U50/><E23/><V90/><F90/><W18/><G20/><T8/><D8/><U32/><E91/><V87/><F87/><W67/><G18/><T24/><D24/><U85/><E89/><V4/><F4/><W25/><G25/><T112/><D112/><U10/><E85/><V53/><F53/><AGARI ba="0,0" hai="52,53,54,56,57,59,82,83" m="11337,49673" machi="53" ten="40,12000,1" yaku="28,2,19,1,54,1" doraHai="119" who="0" fromWho="2" sc="250,120,250,0,250,-120,250,0" /><INIT seed="0,1,0,5,1,43" ten="370,250,130,250" oya="0" hai0="50,86,81,130,5,58,124,129,23,99,82,126,108" hai1="71,133,91,132,51,105,17,2,64,103,24,45,94" hai2="88,0,8,93,10,85,115,26,3,53,131,107,46" hai3="77,83,111,104,121,39,66,73,60,37,29,49,74"/><T122/><D5/><U42/><E2/><V75/><F115/><W101/><G111/><T112/><D23/><U100/><E71/><V128/><F107/><W62/><G121/><T6/><D6/><U123/><E64/><V68/><F75/><W80/><G49/><T22/><D22/><N who="1" m="13391" /><E105/><V55/><F68/><W125/><G125/><N who="0" m="48235" /><D58/><U19/><E19/><V34/><F0/><W41/><G29/><T25/><D25/><U69/><E69/><V7/><F10/><W32/><G32/><T35/><D35/><U61/><E61/><V38/><F55/><W48/><G48/><T47/><D112/><U28/><E28/><V65/><F65/><W63/><G66/><T36/><D36/><U106/><E106/><V79/><F79/><W97/><G41/><N who="0" m="24943" /><D122/><U76/><E76/><AGARI ba="1,0" hai="37,39,60,62,63,73,74,76,77,80,83,97,101,104" machi="76" ten="40,1300,0" yaku="9,1" doraHai="43" who="3" fromWho="1" sc="370,0,250,-16,130,0,250,16" /><INIT seed="1,0,0,4,4,119" ten="370,234,130,266" oya="1" hai0="44,55,106,45,89,122,83,62,53,85,0,14,91" hai1="84,124,57,76,26,59,120,24,81,7,16,78,51" hai2="40,74,18,11,43,34,33,30,118,123,29,99,22" hai3="117,127,1,54,72,58,100,60,93,77,96,48,90"/><U86/><E124/><V67/><F118/><W128/><G117/><T66/><D0/><U21/><E120/><V13/><F74/><W135/><G127/><T87/><D106/><U36/><E36/><V52/><F67/><W19/><G1/><T2/><D2/><U37/><E37/><V56/><F123/><W115/><G115/><T61/><D14/><U10/><E26/><V98/><F34/><W31/><G128/><T4/><D4/><U65/><E65/><V132/><F33/><W42/><G31/><N who="2" m="11785" /><F11/><W102/><G135/><T35/><D35/><U111/><E111/><V27/><F27/><W63/><G77/><T121/><D66/><U94/><E51/><N who="2" m="30751" /><F132/><W25/><G72/><T6/><D6/><U64/><E64/><V105/><F105/><W79/><G79/><T70/><REACH who="0" step="1"/><D83/><REACH who="0" ten="360,234,130,266" step="2"/><U104/><E104/><V47/><F47/><N who="3" m="25719" /><G63/><T97/><D97/><AGARI ba="0,1" hai="13,18,22,40,43,97,98,99" m="30751,11785" machi="97" ten="30,2000,0" yaku="8,1,54,1" doraHai="119" who="2" fromWho="0" sc="360,-20,234,0,130,30,266,0" /><INIT seed="2,0,0,5,2,81" ten="340,234,160,266" oya="2" hai0="41,58,31,4,115,39,92,132,61,63,51,19,11" hai1="55,47,104,84,80,122,23,100,94,36,131,113,56" hai2="82,124,97,33,123,12,15,6,89,13,60,93,37" hai3="119,29,72,74,118,108,73,9,48,134,21,114,103"/><V30/><F124/><W130/><G134/><T7/><D39/><U127/><E113/><V34/><F123/><W67/><G108/><T76/><D31/><U86/><E131/><V135/><F135/><W24/><G114/><T109/><D109/><U17/><E104/><V85/><F37/><W87/><G130/><T62/><D115/><U116/><E116/><V42/><F42/><W59/><G103/><T52/><D41/><U0/><E0/><V40/><F40/><W70/><G70/><T129/><D129/><U121/><E47/><V101/><F6/><W69/><G69/><T90/><D76/><U1/><E1/><V35/><REACH who="2" step="1"/><F60/><REACH who="2" ten="340,234,150,266" step="2"/><W44/><G119/><T8/><D132/><U20/><E36/><V112/><F112/><W106/><G118/><T117/><D117/><U49/><E127/><V102/><F102/><W111/><G111/><T18/><D4/><U57/><E122/><V99/><F99/><W28/><G48/><T83/><D7/><U54/><E121/><V64/><F64/><W10/><G67/><T96/><D63/><U25/><E100/><V3/><F3/><W32/><G106/><T26/><D62/><U91/><E49/><V16/><F16/><W75/><G29/><AGARI ba="0,1" hai="12,13,15,29,30,33,34,35,82,85,89,93,97,101" machi="29" ten="50,9600,0" yaku="1,1,52,1,53,1" doraHai="81" doraHaiUra="78" who="2" fromWho="3" sc="340,0,234,0,150,106,266,-96" /><INIT seed="2,1,0,5,2,91" ten="340,234,256,170" oya="2" hai0="105,51,128,76,34,1,43,131,89,80,117,133,127" hai1="48,10,28,103,54,126,106,88,46,107,23,82,3" hai2="8,18,26,22,52,135,110,44,12,116,113,134,66" hai3="87,59,95,37,115,13,2,75,77,100,17,16,71"/><V14/><F113/><W98/><G71/><T49/><D1/><U63/><E126/><V58/><F116/><W90/><G115/><T97/><D34/><U104/><E63/><V0/><F110/><W42/><G2/><T78/><D43/><U9/><E103/><V68/><F44/><W41/><G37/><T119/><D49/><U24/><E3/><V29/><F66/><W74/><G17/><T36/><D51/><U31/><E31/><V85/><F68/><W65/><G75/><T35/><D35/><U99/><E82/><V108/><F108/><W45/><G45/><T73/><D36/><U101/><REACH who="1" step="1"/><E88/><REACH who="1" ten="340,224,256,170" step="2"/><V130/><F0/><W5/><G77/><T55/><D78/><U92/><AGARI ba="1,1" hai="9,10,23,24,28,46,48,54,92,99,101,104,106,107" machi="92" ten="30,7900,0" yaku="1,1,2,1,0,1,52,1,53,0" doraHai="91" doraHaiUra="111" who="1" fromWho="1" sc="340,-21,224,92,256,-40,170,-21" /><INIT seed="3,0,0,2,4,6" ten="319,316,216,149" oya="3" hai0="35,68,43,5,101,42,0,129,133,90,53,8,80" hai1="40,72,103,107,4,121,58,73,2,126,78,79,27" hai2="92,63,14,125,123,32,84,64,13,44,19,111,22" hai3="56,82,3,51,83,12,50,16,31,54,60,9,41"/><W7/><G31/><T95/><D129/><U74/><E121/><V114/><F111/><W127/><G127/><T24/><D68/><U86/><E27/><V110/><F110/><W130/><G130/><T11/><D133/><U17/><E17/><V29/><F125/><W65/><G41/><T28/><D101/><U134/><E40/><V37/><F37/><W131/><G50/><T109/><D80/><N who="1" m="47383" /><E58/><V45/><F114/><W102/><G102/><T108/><D109/><U10/><E10/><V119/><F119/><W59/><G131/><T128/><D128/><U76/><E4/><V21/><F32/><W93/><G93/><T23/><D108/><U97/><E2/><V89/><F123/><W122/><G122/><T57/><D11/><AGARI ba="0,0" hai="3,7,9,11,12,16,51,54,56,59,60,65,82,83" machi="11" ten="30,11600,0" yaku="7,1,52,2,54,1" doraHai="6" who="3" fromWho="0" sc="319,-116,316,0,216,0,149,116" /><INIT seed="3,1,0,2,3,20" ten="203,316,216,265" oya="3" hai0="59,53,128,97,105,26,126,131,94,11,69,115,29" hai1="132,18,12,9,99,15,30,55,45,130,70,1,6" hai2="78,116,71,49,72,23,92,80,46,124,2,102,64" hai3="33,50,57,90,121,51,104,31,40,4,25,87,3"/><W88/><G121/><T5/><D69/><U7/><E70/><V83/><F124/><W32/><G104/><T21/><D105/><U117/><E132/><V118/><F2/><W65/><G4/><T134/><D126/><U100/><E130/><V58/><F71/><W24/><G3/><T103/><D134/><U110/><E110/><V14/><F83/><W68/><G68/><T36/><D36/><U76/><E76/><V39/><F39/><W113/><G113/><T54/><D115/><U63/><E30/><V66/><F102/><W0/><G0/><T96/><D96/><U86/><E86/><V112/><F112/><W52/><G33/><T44/><D44/><U16/><E117/><V84/><F72/><W106/><G106/><T37/><D37/><U8/><E1/><V81/><F81/><N who="3" m="49263" /><G32/><T120/><D120/><U22/><E22/><V17/><F116/><W109/><G31/><T125/><D125/><U108/><E108/><V85/><F118/><W56/><G90/><T62/><REACH who="0" step="1"/><D53/><REACH who="0" ten="193,316,216,265" step="2"/><U13/><E99/><V47/><F47/><N who="3" m="25959" /><G109/><T61/><D61/><AGARI ba="1,1" hai="24,25,51,52,56,57,61,65" m="25959,49263" machi="61" ten="30,12000,1" yaku="8,1,52,2,54,2" doraHai="20" who="3" fromWho="0" sc="193,-123,316,0,216,0,265,133" /><INIT seed="3,2,0,5,0,129" ten="70,316,216,398" oya="3" hai0="0,50,60,7,107,103,65,82,132,92,11,128,66" hai1="43,45,89,47,94,4,26,101,18,52,135,46,124" hai2="72,14,125,96,85,49,68,34,113,35,84,33,57" hai3="6,83,112,22,78,123,30,77,88,38,42,17,8"/><W126/><G123/><T23/><D128/><U24/><E124/><V121/><F113/><W12/><G112/><T108/><D108/><U56/><E135/><V67/><F72/><W130/><G126/><T29/><D107/><U61/><E4/><V116/><F116/><W21/><G130/><T80/><D50/><U91/><E43/><V25/><F121/><W37/><G42/><T102/><D66/><U104/><E104/><V71/><F25/><N who="1" m="9833" /><E18/><V39/><F39/><W133/><G133/><T105/><D105/><U97/><AGARI ba="2,0" hai="45,46,47,52,56,61,89,91,94,97,101" m="9833" machi="97" ten="30,2000,0" yaku="8,1,54,1" doraHai="129" who="1" fromWho="1" sc="70,-7,316,26,216,-7,398,-12" /><INIT seed="4,0,0,3,4,126" ten="63,342,209,386" oya="0" hai0="70,49,112,14,44,122,133,71,48,95,40,106,94" hai1="84,38,23,73,1,52,92,54,37,120,104,28,91" hai2="67,32,130,131,43,56,11,118,121,80,55,13,58" hai3="98,7,36,100,72,20,88,99,132,117,3,16,53"/><T109/><D122/><U79/><E1/><V76/><F32/><W9/><G36/><T108/><D106/><U82/><E120/><V75/><F121/><W64/><G72/><T103/><D14/><U46/><E28/><V83/><F118/><W65/><G117/><T34/><D34/><U81/><E23/><V63/><F43/><W97/><G132/><T17/><D17/><U128/><E128/><N who="2" m="49195" /><F80/><W90/><G53/><T102/><D112/><U45/><E104/><V86/><F86/><W21/><G21/><T127/><D127/><U114/><E82/><V89/><F89/><W27/><G100/><T19/><D19/><U59/><E91/><V33/><F33/><W77/><G77/><T8/><D8/><U111/><E84/><V93/><F93/><W134/><G134/><T39/><D39/><U12/><E92/><V113/><F113/><W18/><G90/><T105/><D105/><U30/><E38/><V123/><F123/><W6/><G88/><T47/><REACH who="0" step="1"/><D40/><REACH who="0" ten="53,342,209,386" step="2"/><U78/><E37/><V2/><F2/><W66/><G3/><T57/><D57/><U68/><E59/><V115/><F115/><W96/><G96/><T74/><D74/><U125/><E73/><V4/><F58/><W15/><AGARI ba="0,1" hai="6,7,9,15,16,18,20,27,64,65,66,97,98,99" machi="15" ten="40,5200,0" yaku="0,1,8,1,54,1" doraHai="126" who="3" fromWho="3" sc="53,-26,342,-13,209,-13,386,62" /><INIT seed="5,0,0,3,4,18" ten="27,329,196,448" oya="1" hai0="85,40,26,20,130,47,71,93,61,79,98,5,28" hai1="77,13,94,53,135,11,123,4,117,99,36,35,86" hai2="100,19,64,122,108,0,68,59,119,23,111,50,112" hai3="17,97,124,67,52,80,104,129,54,30,96,121,21"/><U27/><E123/><V24/><F119/><W58/><G121/><T51/><D130/><U90/><E36/><V65/><F122/><W48/><G129/><T91/><D5/><U76/><E135/><V10/><F112/><W12/><G104/><T134/><D134/><U41/><E117/><V69/><F100/><W75/><G67/><T125/><D125/><U115/><E41/><V109/><F65/><W133/><G124/><T22/><D71/><U66/><E66/><V6/><REACH who="2" step="1"/><F50/><REACH who="2" ten="27,329,186,448" step="2"/><W128/><G133/><T73/><D61/><AGARI ba="0,1" hai="0,6,10,19,23,24,59,61,64,68,69,108,109,111" machi="61" ten="40,5200,0" yaku="1,1,2,1,52,1,53,0" doraHai="18" doraHaiUra="78" who="2" fromWho="0" sc="27,-52,329,0,186,62,448,0" owari="-25,-52.5,329,12.9,248,-15.2,448,54.8" /></mjloggm>