<mjloggm ver="2.3"><GO type="169" lobby="0"/><UN n0="%E3%83%8F%E5%B4%8E%E7%9C%9F%E6%82%9F" n1="%61%63%74%79" n2="%E7%A5%9E%E6%88%B8%E5%B0%8F%E9%B3%A5%E9%86%A4" n3="%E3%81%8B%E3%81%A4%E3%81%BF%E3%82%93%E3%81%94%EF%BC%81" dan="17,16,16,16" rate="2236.44,2026.01,2060.19,2177.75" sx="M,M,F,M"/><TAIKYOKU oya="0"/><INIT seed="0,0,0,3,1,91" ten="250,250,250,250" oya="0" hai0="40,51,123,1,45,59,133,17,0,120,18,134,44" hai1="54,10,128,61,101,15,55,52,131,4,93,126,20" hai2="56,42,16,12,66,35,82,21,87,2,102,119,26" hai3="27,110,77,5,127,25,48,11,64,107,63,85,84"/><T74/><D74/><U125/><E61/><V81/><F119/><W112/><G110/><T90/><D90/><U117/><E117/><V106/><F2/><W33/><G107/><T79/><D59/><U88/><E20/><V121/><F42/><W108/><G108/><T23/><D79/><U80/><E80/><V124/><F124/><N who="1" m="47721" /><E101/><V29/><F121/><W67/><G112/><T7/><D7/><U39/><E39/><V28/><F29/><W71/><G33/><T3/><D45/><U22/><E22/><V8/><F87/><AGARI ba="0,0" hai="4,10,15,52,54,55,87,88,93,128,131" m="47721" machi="87" ten="30,7700,0" yaku="18,1,52,1,54,2" doraHai="91" who="1" fromWho="2" sc="250,0,250,77,250,-77,250,0" /><INIT seed="1,0,0,2,5,128" ten="250,327,173,250" oya="1" hai0="63,56,131,6,32,70,67,104,10,64,30,4,86" hai1="60,113,14,35,129,55,105,72,125,76,116,90,114" hai2="79,28,120,15,0,74,117,58,96,34,102,48,51" hai3="19,29,41,47,12,100,94,135,50,130,89,21,7"/><U112/><E35/><V61/><F0/><W33/><G130/><T25/><D131/><U107/><E14/><V95/><F117/><W75/><G75/><T103/><BYE who="1" /><D86/><U109/><E109/><V124/><F120/><W11/><G135/><UN n1="%61%63%74%79" /><T59/><D67/><U40/><E40/><V8/><F124/><W5/><G100/><T38/><D38/><U69/><E55/><V24/><F79/><W101/><G101/><T78/><D78/><U91/><E60/><V111/><F74/><W87/><REACH who="3" step="1"/><G33/><REACH who="3" ten="250,327,173,240" step="2"/><T73/><D73/><U82/><E129/><V43/><F111/><W27/><AGARI ba="0,1" hai="5,7,11,12,19,21,27,29,41,47,50,87,89,94" machi="27" ten="30,7900,0" yaku="1,1,2,1,0,1,8,1,53,0" doraHai="128" doraHaiUra="65" who="3" fromWho="3" sc="250,-20,327,-39,173,-20,240,89" /><INIT seed="2,0,0,1,4,77" ten="230,288,153,329" oya="2" hai0="44,21,24,16,134,38,81,60,92,34,74,3,62" hai1="102,96,69,75,42,73,120,58,57,99,12,126,129" hai2="78,121,56,13,23,112,15,55,76,87,61,68,84" hai3="108,54,82,116,4,88,110,49,11,30,9,37,80"/><V91/><F121/><W67/><G116/><T100/><D34/><U39/><E69/><V27/><F112/><W72/><G37/><T40/><D134/><U2/><E2/><V83/><F68/><W105/><G105/><T5/><D92/><U97/><E102/><V64/><F64/><W59/><G72/><T25/><D25/><U28/><E28/><V124/><F124/><W51/><G67/><T128/><D100/><U115/><E115/><V130/><F130/><W133/><G133/><T53/><D53/><U35/><E35/><V125/><F125/><W48/><G30/><T106/><D106/><U98/><E126/><V85/><F87/><W113/><G113/><T103/><D103/><U22/><E99/><V107/><F107/><W131/><G131/><T32/><D32/><U118/><E42/><V70/><F70/><W45/><G49/><T20/><D20/><U95/><E39/><V47/><F47/><W41/><G11/><N who="0" m="2495" /><D128/><U43/><E22/><V104/><F104/><W123/><G123/><T33/><D33/><U86/><E120/><V46/><F46/><W65/><G65/><T114/><D114/><U6/><E129/><V119/><F119/><W29/><G29/><T17/><D17/><U36/><E118/><V31/><F78/><AGARI ba="0,0" hai="16,21,24,38,40,44,60,62,74,78,81" m="2495" machi="78" ten="30,3900,0" yaku="25,1,52,1,54,1" doraHai="77" who="0" fromWho="2" sc="230,39,288,0,153,-39,329,0" /><INIT seed="3,0,0,3,3,135" ten="269,288,114,329" oya="3" hai0="71,49,115,117,131,114,25,107,4,129,5,124,46" hai1="54,99,116,81,103,41,79,75,14,88,132,122,63" hai2="40,9,97,65,1,91,82,45,12,69,85,60,86" hai3="57,110,42,13,20,74,7,11,80,95,83,67,62"/><W119/><G119/><T77/><D107/><U39/><E132/><V87/><F1/><W89/><G110/><T128/><D77/><U130/><E116/><V109/><F109/><W28/><G74/><T44/><D117/><U56/><E122/><V15/><F97/><W102/><G102/><T68/><D25/><U112/><E130/><V8/><F87/><W47/><G28/><T106/><D106/><U78/><E78/><V33/><F33/><W29/><G29/><T72/><D72/><U111/><E112/><N who="0" m="43049" /><D124/><U123/><E123/><V133/><F133/><W10/><G20/><T113/><D113/><U92/><E111/><V24/><F24/><W6/><G47/><N who="0" m="17963" /><D49/><U105/><E14/><V37/><F86/><W118/><G118/><T58/><D58/><U27/><E27/><V53/><REACH who="2" step="1"/><F53/><REACH who="2" ten="269,288,104,329" step="2"/><W98/><REACH who="3" step="1"/><G42/><REACH who="3" ten="269,288,104,319" step="2"/><T121/><D121/><U134/><E134/><V70/><F70/><AGARI ba="0,2" hai="4,5,68,70,71,128,129,131" m="17963,43049" machi="70" ten="40,8000,1" yaku="28,2,19,1,11,1" doraHai="135" who="0" fromWho="2" sc="269,100,288,0,104,-80,319,0" /><INIT seed="4,0,0,5,5,130" ten="369,288,24,319" oya="0" hai0="22,43,42,103,93,75,66,73,102,70,13,123,34" hai1="31,101,51,69,131,11,113,20,122,7,133,29,129" hai2="59,77,44,88,24,119,76,32,95,81,125,19,98" hai3="58,89,39,16,90,55,15,30,46,115,45,50,35"/><T72/><D34/><U116/><E69/><V135/><F119/><W86/><G115/><T9/><D123/><U80/><E116/><V47/><F125/><W40/><G46/><T33/><D33/><U99/><E122/><V49/><F135/><W52/><G55/><T2/><D2/><U107/><E80/><V92/><F32/><W27/><REACH who="3" step="1"/><G86/><REACH who="3" ten="369,288,24,309" step="2"/><T37/><D73/><U63/><E113/><V23/><F47/><W111/><G111/><T54/><D54/><U67/><E129/><V1/><F1/><W38/><G38/><T57/><D72/><U82/><E131/><V10/><F44/><W61/><G61/><T85/><D75/><U4/><E63/><V28/><F59/><W71/><G71/><T60/><D70/><U109/><E109/><V120/><F120/><W79/><G79/><N who="2" m="30281" /><F49/><W74/><G74/><T0/><D37/><U106/><E51/><V25/><F98/><W105/><G105/><T124/><D60/><U64/><E106/><V68/><F68/><W132/><G132/><T128/><D57/><U83/><E107/><V127/><F127/><W36/><G36/><T91/><D124/><U104/><E104/><V97/><F97/><W41/><G41/><T114/><D128/><U17/><E99/><V18/><F25/><W62/><G62/><T12/><D114/><U8/><E133/><V5/><F24/><W6/><G6/><T108/><D108/><U110/><E4/><V14/><F5/><W118/><G118/><T96/><D43/><U112/><E7/><V56/><F56/><W84/><G84/><T21/><D85/><RYUUKYOKU ba="0,1" sc="369,-10,288,-10,24,-10,309,30" hai3="15,16,27,30,35,39,40,45,50,52,58,89,90" /><INIT seed="5,1,1,4,2,20" ten="359,278,14,339" oya="1" hai0="4,51,112,57,42,111,11,98,99,19,119,91,103" hai1="125,44,83,132,48,96,70,36,113,77,21,117,107" hai2="79,106,102,121,18,5,55,127,135,63,124,28,29" hai3="39,17,109,85,40,59,32,93,78,23,80,65,35"/><U74/><E117/><V73/><F121/><W81/><G109/><T41/><D111/><U116/><E116/><V100/><F135/><W49/><G39/><T108/><D108/><U16/><E132/><V86/><F5/><W82/><G40/><T12/><D112/><U84/><E70/><V43/><F43/><W31/><G31/><T61/><D119/><U131/><E113/><V58/><F18/><W88/><G78/><T72/><D72/><U90/><E125/><N who="2" m="48203" /><F73/><W25/><REACH who="3" step="1"/><G49/><REACH who="3" ten="359,278,14,329" step="2"/><T62/><D51/><U37/><E131/><V38/><F38/><W75/><G75/><T15/><D42/><U53/><E107/><V95/><F106/><W129/><G129/><T33/><D41/><U89/><E96/><N who="2" m="59423" /><F102/><W3/><G3/><T6/><D103/><U128/><E128/><V76/><F76/><W123/><G123/><T69/><D99/><U115/><E115/><V50/><F50/><W7/><G7/><T52/><D6/><U133/><E133/><V0/><F0/><W46/><G46/><T30/><D98/><U110/><E110/><V56/><F56/><W34/><G34/><T130/><D130/><U14/><REACH who="1" step="1"/><E90/><REACH who="1" ten="359,268,14,329" step="2"/><V87/><F79/><W118/><G118/><T26/><D91/><U101/><E101/><V54/><F54/><W10/><G10/><T22/><D69/><U8/><E8/><V60/><F60/><AGARI ba="1,3" hai="17,23,25,32,35,59,60,65,80,81,82,85,88,93" machi="60" ten="40,5200,0" yaku="1,1,52,1,54,1,53,0" doraHai="20" doraHaiUra="105" who="3" fromWho="2" sc="359,0,268,0,14,-55,329,85" owari="359,15.9,268,-13.2,-41,-54.1,414,51.4" /></mjloggm>