<mjloggm ver="2.3"><GO type="169" lobby="0"/><UN n0="%E5%85%AD%E9%83%A8%E5%9C%AD" n1="%E8%8C%B6%E5%BA%A6" n2="%E3%81%A9%E3%81%8F%E3%81%8A" n3="%E3%83%A2%E3%83%AD%E3%83%98%E3%82%A4%E3%83%A4" dan="16,16,17,16" rate="2047.26,2122.18,2195.77,2171.21" sx="M,M,M,M"/><TAIKYOKU oya="0"/><INIT seed="0,0,0,3,4,4" ten="250,250,250,250" oya="0" hai0="27,64,32,30,53,75,120,12,50,25,94,102,7" hai1="17,54,105,14,103,101,16,33,59,99,0,36,69" hai2="72,121,5,73,98,90,37,62,87,91,88,48,112" hai3="126,11,40,34,42,41,76,135,82,38,111,93,77"/><T109/><D120/><U114/><E69/><V125/><F37/><W129/><G34/><T118/><D118/><U104/><E0/><V2/><F121/><W107/><G107/><T55/><D75/><U44/><E33/><V20/><F125/><W68/><G68/><T78/><D78/><U3/><E3/><V106/><F62/><W43/><G126/><T6/><D64/><U29/><E29/><V127/><F127/><W31/><G31/><T71/><D71/><U1/><E1/><V39/><F39/><W110/><G135/><T9/><D109/><U116/><E114/><V85/><F20/><W13/><G93/><T133/><D133/><U70/><E70/><V108/><F48/><W66/><G66/><T28/><D6/><U96/><E116/><V10/><F108/><N who="3" m="41515" /><G129/><T24/><D32/><U74/><E74/><V86/><REACH who="2" step="1"/><F112/><REACH who="2" ten="250,250,240,250" step="2"/><W134/><G134/><T128/><D128/><U51/><REACH who="1" step="1"/><E14/><REACH who="1" ten="250,240,240,250" step="2"/><V92/><F92/><W58/><G13/><T46/><REACH who="0" step="1"/><D55/><REACH who="0" ten="240,240,240,250" step="2"/><U100/><E100/><AGARI ba="0,3" hai="2,5,10,72,73,85,86,87,88,90,91,98,100,106" machi="100" ten="40,5200,0" yaku="1,1,52,1,54,1,53,0" doraHai="4" doraHaiUra="113" who="2" fromWho="1" sc="240,0,240,-52,240,82,250,0" /><INIT seed="1,0,0,4,1,80" ten="240,188,322,250" oya="1" hai0="9,86,95,97,4,30,116,29,82,34,96,99,81" hai1="89,5,32,20,76,6,72,71,90,92,85,70,109" hai2="78,43,129,83,61,40,10,79,11,108,101,110,87" hai3="1,114,123,14,125,126,91,50,42,28,47,94,35"/><U119/><E32/><V120/><F120/><W124/><G1/><T45/><D116/><U33/><E33/><V12/><F129/><W103/><G123/><T93/><D34/><U41/><E119/><V49/><F101/><W135/><G114/><T44/><D9/><U52/><E41/><V98/><F98/><W57/><G103/><T88/><D4/><U104/><E20/><V46/><F79/><W36/><G135/><T127/><D127/><U25/><E25/><V62/><F43/><W13/><G36/><T100/><D96/><U111/><E104/><V133/><F11/><W73/><G73/><T17/><D17/><U16/><E16/><V58/><F133/><W115/><G57/><T65/><D65/><U21/><E21/><V68/><F68/><N who="1" m="26153" /><E89/><V84/><F84/><N who="3" m="52583" /><G115/><T54/><D81/><N who="1" m="45191" /><E52/><V112/><F112/><W26/><AGARI ba="0,0" hai="13,14,26,28,35,42,47,50,124,125,126" m="52583" machi="26" ten="40,2700,0" yaku="18,1,52,1" doraHai="80" who="3" fromWho="3" sc="240,-7,188,-13,322,-7,250,27" /><INIT seed="2,0,0,1,2,14" ten="233,175,315,277" oya="2" hai0="12,132,73,39,16,64,88,70,57,102,44,63,5" hai1="117,87,8,54,47,93,28,111,86,6,36,83,106" hai2="107,7,119,103,58,109,43,24,0,114,38,123,13" hai3="131,46,50,42,25,112,21,34,60,67,78,68,17"/><V76/><F119/><W133/><G133/><T9/><D73/><U56/><E106/><V84/><F123/><W29/><G131/><T100/><D132/><U115/><E115/><V75/><F114/><W51/><G112/><T59/><D70/><U69/><E69/><V81/><F109/><W26/><REACH who="3" step="1"/><G78/><REACH who="3" ten="233,175,315,267" step="2"/><T49/><D39/><AGARI ba="0,1" hai="17,21,25,26,29,34,39,42,46,50,51,60,67,68" machi="39" ten="30,7700,0" yaku="1,1,2,1,7,1,52,1,53,0" doraHai="14" doraHaiUra="33" who="3" fromWho="0" sc="233,-77,175,0,315,0,267,87" /><INIT seed="3,0,0,5,0,65" ten="156,175,315,354" oya="3" hai0="71,30,111,66,36,95,114,120,76,77,3,75,17" hai1="79,40,126,44,34,87,15,1,43,67,89,94,4" hai2="70,92,48,85,54,133,78,100,64,82,38,72,24" hai3="86,84,5,28,16,23,41,110,22,123,33,81,134"/><W61/><G33/><T102/><D120/><U7/><E126/><V12/><F38/><W55/><G123/><T104/><D104/><U63/><E1/><V73/><F133/><W131/><G134/><T101/><D36/><U80/><E34/><V45/><F24/><W0/><G131/><T112/><D3/><U103/><E103/><V121/><F121/><W31/><G41/><T29/><D111/><U90/><E90/><V129/><F129/><W53/><G110/><T6/><D6/><U113/><E113/><V68/><F64/><W69/><G0/><T9/><D9/><U98/><E15/><V26/><F73/><W122/><G5/><T135/><D17/><U124/><E43/><V49/><F49/><W57/><G122/><T117/><D117/><U115/><E124/><V58/><F45/><W106/><G106/><T42/><D42/><U46/><E46/><V88/><F26/><W132/><G132/><T130/><D130/><U96/><E96/><V18/><F100/><W107/><G107/><T56/><D56/><U99/><E99/><V25/><F25/><W32/><G32/><T62/><D135/><U19/><E19/><V39/><F39/><W97/><G97/><N who="0" m="59583" /><D102/><U47/><E47/><V109/><F109/><W50/><G86/><T60/><D60/><U118/><E118/><V2/><F2/><W108/><G108/><T35/><D35/><U27/><E4/><V21/><AGARI ba="0,0" hai="12,18,21,48,54,58,68,70,72,78,82,85,88,92" machi="21" ten="20,12000,2" yaku="0,1,7,1,25,2,52,2,54,1" doraHai="65" who="2" fromWho="2" sc="156,-30,175,-30,315,120,354,-60" /><INIT seed="4,0,0,3,2,95" ten="126,145,435,294" oya="0" hai0="104,120,77,24,127,99,97,69,98,62,66,54,31" hai1="22,121,18,2,73,16,58,25,119,12,33,32,78" hai2="101,117,21,83,28,46,15,9,41,34,7,132,92" hai3="87,135,88,116,111,71,14,94,89,133,76,67,3"/><T37/><D120/><U38/><E38/><V79/><F34/><N who="1" m="13417" /><E58/><V49/><F132/><W114/><G3/><T113/><D37/><U1/><E78/><V75/><F117/><W107/><G107/><T55/><D104/><U90/><E90/><V43/><F43/><W48/><G116/><T105/><D105/><U59/><E59/><V47/><F47/><W45/><G111/><T91/><D77/><U51/><E51/><V86/><F75/><W17/><G114/><T125/><D113/><U57/><E57/><V65/><F65/><W70/><G76/><T131/><D91/><U39/><E73/><V60/><F60/><W93/><G67/><T82/><D82/><U30/><E39/><V85/><F85/><W102/><G102/><T42/><D42/><U96/><E96/><N who="2" m="59527" /><F21/><W115/><G115/><T84/><D84/><U106/><E106/><V63/><F63/><W36/><G36/><T110/><D110/><U4/><E121/><V100/><F28/><W13/><G87/><T80/><D80/><U122/><E122/><V44/><F44/><W26/><G45/><T11/><D131/><U52/><E52/><V64/><F64/><W35/><G35/><N who="0" m="20967" /><D11/><N who="1" m="4199" /><E119/><V61/><F61/><W5/><G48/><T129/><D129/><U68/><E68/><V72/><F72/><W8/><G71/><T103/><D103/><AGARI ba="0,0" hai="7,9,15,41,46,49,79,83,86,100,103" m="59527" machi="103" ten="30,3900,0" yaku="25,1,8,1,52,1" doraHai="95" who="2" fromWho="0" sc="126,-39,145,0,435,39,294,0" /><INIT seed="5,0,0,0,0,76" ten="87,145,474,294" oya="1" hai0="120,7,49,4,5,42,106,134,36,124,88,80,85" hai1="128,112,29,127,19,71,66,104,113,24,122,17,32" hai2="61,89,79,51,125,15,130,14,123,99,126,11,56" hai3="131,33,110,65,114,119,20,94,68,86,115,95,111"/><U64/><E122/><V27/><F130/><W3/><G33/><T30/><D106/><U50/><E128/><V47/><F123/><W87/><G3/><T100/><D120/><U108/><E127/><N who="2" m="48651" /><F79/><W91/><G131/><T6/><D124/><U63/><E108/><V98/><F27/><W57/><G57/><T93/><D36/><U53/><E64/><N who="2" m="38951" /><F89/><W34/><G34/><T62/><D134/><U105/><E104/><V77/><F77/><W39/><G39/><T90/><D100/><U67/><E67/><V46/><F14/><W82/><G20/><T103/><D103/><U13/><E105/><V12/><F12/><W129/><G129/><T55/><D42/><U44/><REACH who="1" step="1"/><E13/><REACH who="1" ten="87,135,474,294" step="2"/><V78/><F15/><W59/><G65/><T52/><N who="0" m="1024" /><DORA hai="8" /><T41/><D30/><U101/><E101/><V0/><F0/><W69/><G111/><T18/><D18/><AGARI ba="0,1" hai="17,18,19,24,29,32,44,50,53,63,66,71,112,113" machi="18" ten="40,2000,0" yaku="1,1,53,0" doraHai="76,8" doraHaiUra="117,54" who="1" fromWho="0" sc="87,-20,135,30,474,0,294,0" /><INIT seed="5,1,0,1,5,38" ten="67,165,474,294" oya="1" hai0="31,11,103,105,114,46,126,27,108,43,59,120,14" hai1="77,66,10,19,127,128,129,124,125,28,89,97,134" hai2="131,81,65,49,132,34,78,40,9,72,82,87,42" hai3="1,86,79,117,54,112,119,25,3,76,8,41,122"/><U88/><E66/><V111/><F111/><W60/><G122/><T48/><D108/><U102/><E28/><V63/><F34/><W110/><G110/><T5/><D120/><U35/><E35/><V30/><F30/><W68/><G112/><T69/><D69/><U92/><E77/><V6/><F49/><W135/><G135/><T58/><D114/><U0/><E19/><V51/><F51/><W56/><G68/><T96/><REACH who="0" step="1"/><D126/><REACH who="0" ten="57,165,474,294" step="2"/><U100/><E134/><V71/><F132/><W44/><G119/><T16/><D16/><U106/><E0/><V62/><F131/><N who="1" m="50249" /><E10/><V53/><F71/><W12/><G8/><T20/><AGARI ba="1,1" hai="5,11,14,20,27,31,43,46,48,58,59,96,103,105" machi="20" ten="20,8000,1" yaku="1,1,0,1,7,1,52,1,53,1" doraHai="38" doraHaiUra="93" who="0" fromWho="0" sc="57,93,165,-41,474,-21,294,-21" /><INIT seed="6,0,0,5,5,12" ten="150,124,453,273" oya="2" hai0="17,119,90,89,72,3,75,100,127,31,106,20,47" hai1="126,96,91,102,26,103,123,53,7,27,114,95,42" hai2="54,117,16,22,111,79,82,98,60,2,39,34,129" hai3="78,135,107,99,29,124,87,57,88,5,81,10,35"/><V49/><F2/><W9/><G135/><T45/><D3/><U38/><E7/><V8/><F117/><W73/><G124/><T120/><D120/><U58/><E126/><V59/><F34/><W36/><G36/><T84/><D127/><U66/><E123/><V56/><F39/><W25/><G57/><T77/><D119/><U24/><E114/><V133/><F129/><W62/><G62/><T33/><D31/><U19/><E66/><V92/><F111/><W51/><G51/><T116/><D33/><U28/><E28/><V131/><F8/><W108/><G108/><T0/><D0/><U55/><E55/><V113/><F113/><W15/><G10/><T97/><D89/><U46/><E103/><V122/><F122/><W64/><G64/><T71/><D71/><U76/><E76/><V44/><F131/><W13/><G13/><N who="0" m="9263" /><D72/><U83/><E83/><V101/><F133/><W11/><G11/><T69/><D69/><U50/><REACH who="1" step="1"/><E91/><REACH who="1" ten="150,114,453,273" step="2"/><V93/><F93/><W80/><G107/><T85/><D116/><U4/><E4/><V121/><F121/><W104/><G104/><T128/><D128/><U43/><E43/><V65/><F82/><W30/><G30/><T52/><D52/><U115/><E115/><V94/><F94/><W118/><G118/><T125/><D125/><U74/><E74/><V110/><F79/><W130/><G130/><T23/><D75/><U70/><E70/><N who="2" m="42279" /><F110/><W134/><G134/><T68/><D68/><U1/><E1/><V21/><F92/><N who="3" m="56711" /><G73/><T6/><D106/><U61/><E61/><V112/><F112/><RYUUKYOKU ba="0,1" sc="150,-15,114,15,453,-15,273,15" hai1="19,24,26,27,38,42,46,50,53,58,95,96,102" hai3="5,9,15,25,29,35,78,80,81,87" /><INIT seed="7,1,1,3,0,57" ten="135,129,438,288" oya="3" hai0="74,86,37,7,97,91,12,69,118,99,20,70,73" hai1="49,112,126,107,113,24,72,85,38,56,127,68,17" hai2="21,122,124,13,92,33,30,1,46,60,96,110,71" hai3="120,115,29,36,83,131,19,79,77,106,88,50,128"/><W15/><G106/><T55/><D118/><U3/><E72/><V14/><F110/><W28/><G36/><T10/><D37/><U6/><E38/><V100/><F1/><W52/><G120/><T123/><D123/><U129/><E107/><V84/><F122/><W8/><G115/><N who="1" m="44106" /><E68/><V67/><F124/><N who="1" m="47657" /><E129/><N who="3" m="49738" /><G88/><T94/><D70/><U51/><E56/><V66/><F66/><W89/><G89/><N who="0" m="55503" /><D69/><U32/><E85/><V81/><F46/><N who="3" m="27735" /><G77/><T34/><D74/><AGARI ba="1,1" hai="8,15,19,28,29,74,79,83" m="27735,49738" machi="74" ten="30,2900,0" yaku="19,1,54,1" doraHai="57" who="3" fromWho="0" sc="135,-32,129,0,438,0,288,42" /><INIT seed="7,2,0,2,3,73" ten="103,129,438,330" oya="3" hai0="77,8,83,71,108,68,46,16,96,57,38,84,125" hai1="72,112,31,81,94,91,110,98,101,121,86,1,89" hai2="80,78,35,15,29,42,111,62,36,113,56,59,79" hai3="18,48,85,55,95,109,99,67,90,3,114,88,32"/><W47/><G3/><T13/><D108/><U52/><E1/><V104/><F104/><W27/><G109/><T106/><D125/><U23/><E110/><V82/><F111/><W5/><G114/><T4/><D57/><U74/><E121/><V22/><F35/><W40/><G5/><T33/><D33/><U45/><E112/><V135/><F113/><W51/><G67/><T93/><D106/><U17/><E31/><V105/><F105/><W28/><G18/><T10/><D38/><U43/><E52/><N who="2" m="34055" /><F36/><W124/><G124/><T97/><D46/><U39/><E91/><V133/><F42/><W69/><G69/><T122/><D122/><U26/><AGARI ba="2,0" hai="17,23,26,39,43,45,72,74,81,86,89,94,98,101" machi="26" ten="20,1500,0" yaku="0,1,7,1" doraHai="73" who="1" fromWho="1" sc="103,-6,129,21,438,-6,330,-9" owari="97,-40.3,150,-25.0,432,53.2,321,12.1" /></mjloggm>