<mjloggm ver="2.3"><GO type="169" lobby="0"/><UN n0="%53%69%6C%65%6E%54" n1="%E5%B3%B6%E7%94%B0%E7%9C%9F%E5%A4%A2" n2="%4E%49%4A%49%49%52%4F" n3="%E3%81%82%E3%81%84%E3%81%93%E3%81%99" dan="16,16,17,16" rate="2154.82,2171.19,2192.07,2119.03" sx="F,F,M,M"/><TAIKYOKU oya="0"/><INIT seed="0,0,0,5,2,0" ten="250,250,250,250" oya="0" hai0="62,94,49,55,77,100,9,129,52,66,32,15,127" hai1="29,2,96,74,130,125,8,119,87,40,82,10,75" hai2="43,48,63,44,6,109,21,30,59,81,60,23,95" hai3="20,85,54,69,114,113,51,101,11,102,103,97,93"/><T39/><D32/><U99/><E119/><V98/><F109/><W28/><G69/><T123/><D39/><U5/><E130/><V135/><F135/><W16/><G28/><T67/><D123/><U91/><E125/><V19/><F81/><W132/><G132/><T110/><D127/><U27/><E40/><V47/><F47/><W107/><G11/><T18/><D77/><U58/><E58/><V22/><F30/><W118/><G118/><T122/><D122/><U4/><E74/><V61/><F6/><W38/><G38/><T78/><D78/><U134/><E75/><V88/><REACH who="2" step="1"/><F59/><REACH who="2" ten="250,250,240,250" step="2"/><W83/><G114/><T34/><D110/><U104/><E134/><V115/><F115/><W14/><G113/><T112/><D112/><U57/><E57/><V121/><F121/><W41/><G41/><T73/><D129/><U92/><E82/><V35/><F35/><W79/><G107/><T7/><D34/><U131/><E104/><V106/><F106/><W56/><AGARI ba="0,1" hai="14,16,20,51,54,56,79,83,85,93,97,101,102,103" machi="56" ten="20,5200,0" yaku="0,1,7,1,8,1,54,1" doraHai="0" who="3" fromWho="3" sc="250,-26,250,-13,240,-13,250,62" /><INIT seed="1,0,0,2,2,45" ten="224,237,227,312" oya="1" hai0="35,9,89,18,54,114,111,5,113,94,56,66,29" hai1="49,72,37,119,85,99,95,84,83,70,118,112,59" hai2="38,62,73,24,68,110,3,133,76,58,52,86,40" hai3="20,7,115,105,36,108,22,120,26,15,19,125,71"/><U75/><E70/><V92/><F3/><W42/><G120/><T82/><D111/><U2/><E2/><V98/><F110/><W121/><G108/><T134/><D134/><U122/><E37/><V131/><F131/><W129/><G121/><T32/><D66/><U43/><E122/><V41/><F133/><W123/><G115/><T126/><D126/><U101/><E112/><V135/><F73/><W34/><G129/><T60/><D82/><U91/><E43/><V130/><F130/><W127/><G105/><T93/><D93/><U88/><E59/><V8/><F68/><W109/><G71/><T128/><D128/><U74/><REACH who="1" step="1"/><E49/><REACH who="1" ten="224,227,227,312" step="2"/><V23/><F38/><W64/><G42/><T103/><D113/><U132/><E132/><V13/><F135/><W63/><G36/><T53/><D114/><U39/><E39/><V79/><F40/><W30/><G109/><T46/><D46/><U78/><E78/><V16/><F41/><W27/><G123/><T77/><D77/><U87/><E87/><V117/><F86/><W96/><G127/><T51/><D51/><U17/><E17/><N who="2" m="12399" /><F117/><W97/><G125/><T12/><D18/><U90/><E90/><AGARI ba="0,1" hai="8,13,16,52,58,62,76,79,90,92,98" m="12399" machi="90" ten="30,7700,0" yaku="25,1,8,1,54,2" doraHai="45" who="2" fromWho="1" sc="224,0,227,-77,227,87,312,0" /><INIT seed="2,0,0,0,3,129" ten="224,150,314,312" oya="2" hai0="54,49,73,17,92,35,5,52,77,75,132,28,117" hai1="119,67,121,34,115,1,12,130,87,15,107,123,56" hai2="24,39,90,65,110,57,78,104,86,32,25,84,106" hai3="122,109,48,19,0,62,11,126,99,103,95,51,105"/><V6/><F39/><W79/><G122/><T112/><D112/><U101/><E34/><V18/><F110/><W7/><G109/><T102/><D117/><U38/><E38/><V91/><F6/><W76/><G126/><T80/><D5/><U14/><E1/><V23/><F78/><W58/><G19/><T94/><D75/><U118/><E115/><V60/><F104/><W42/><G105/><T81/><D81/><U113/><E113/><V46/><F106/><W9/><G9/><T8/><D102/><U3/><E3/><V50/><F32/><W47/><G51/><T61/><D61/><N who="1" m="38311" /><E130/><V45/><F25/><W69/><G69/><T30/><D54/><AGARI ba="0,0" hai="0,7,11,42,47,48,54,58,62,76,79,95,99,103" machi="54" ten="30,1000,0" yaku="7,1" doraHai="129" who="3" fromWho="0" sc="224,-10,150,0,314,0,312,10" /><INIT seed="3,0,0,1,1,88" ten="214,150,314,322" oya="3" hai0="130,27,62,34,8,126,103,25,135,82,102,61,1" hai1="19,73,112,110,111,10,85,94,71,56,28,108,65" hai2="121,132,18,70,64,77,128,116,120,68,63,96,5" hai3="104,75,15,39,12,11,105,72,32,45,17,42,91"/><W66/><G32/><T37/><D130/><U67/><E73/><V38/><F116/><W113/><G113/><T36/><D135/><U118/><E118/><V119/><F119/><W106/><G66/><T69/><D126/><U40/><E112/><V31/><F128/><W86/><REACH who="3" step="1"/><G15/><REACH who="3" ten="214,150,314,312" step="2"/><T6/><D34/><U129/><E67/><V58/><F64/><W98/><G98/><T2/><D2/><U9/><E65/><V115/><F96/><W21/><G21/><T79/><D69/><U14/><E71/><V3/><F70/><W122/><G122/><T57/><D1/><U54/><E14/><V90/><F68/><W24/><G24/><T53/><D25/><U131/><E129/><V47/><F3/><W81/><AGARI ba="0,1" hai="11,12,17,39,42,45,72,75,81,86,91,104,105,106" machi="81" ten="30,3000,0" yaku="1,1,0,1,53,0" doraHai="88" doraHaiUra="20" who="3" fromWho="3" sc="214,-10,150,-10,314,-10,312,40" /><INIT seed="3,1,0,0,4,117" ten="204,140,304,352" oya="3" hai0="119,50,32,77,100,10,129,7,8,123,12,71,135" hai1="22,1,126,115,83,31,94,42,33,65,53,116,43" hai2="41,28,17,57,128,107,30,103,2,26,98,79,4" hai3="120,13,86,134,59,97,90,127,56,85,99,18,76"/><W35/><G35/><T75/><D119/><U74/><E116/><V69/><F69/><W121/><G134/><T82/><D135/><U19/><E33/><V15/><F128/><W132/><G132/><T87/><D129/><U130/><E1/><V37/><F79/><W95/><G127/><T67/><D32/><U27/><E130/><V92/><F107/><W84/><G99/><T52/><D100/><U49/><E65/><V105/><F105/><W104/><G104/><T11/><D75/><U36/><E36/><V125/><F125/><W62/><G76/><T51/><D51/><U3/><E3/><V118/><F118/><W78/><G78/><T63/><REACH who="0" step="1"/><D123/><REACH who="0" ten="194,140,304,352" step="2"/><U29/><E74/><V0/><F103/><W108/><G108/><T68/><D68/><U6/><E126/><V101/><F101/><W21/><REACH who="3" step="1"/><G59/><AGARI ba="1,1" hai="7,8,10,11,12,50,52,59,63,67,71,77,82,87" machi="59" ten="30,7700,0" yaku="1,1,7,1,54,1,53,1" doraHai="117" doraHaiUra="44" who="0" fromWho="3" sc="194,90,140,0,304,0,352,-80" /><INIT seed="4,0,0,4,1,62" ten="284,140,304,272" oya="0" hai0="74,8,40,78,76,59,48,28,79,81,75,77,71" hai1="7,6,122,126,57,41,131,23,124,87,120,93,109" hai2="5,20,21,33,102,115,129,116,52,31,27,51,127" hai3="54,84,63,110,128,1,134,88,125,10,50,135,117"/><T12/><D71/><U132/><E41/><V3/><F115/><W91/><G117/><T107/><D107/><U83/><E109/><V26/><F116/><W70/><G110/><T86/><D28/><U64/><E93/><V37/><F37/><W133/><G125/><T66/><D59/><U105/><E105/><V90/><F127/><W114/><G114/><T60/><D60/><U46/><E46/><V118/><F118/><W15/><G1/><T123/><D123/><U98/><E98/><V11/><F129/><W32/><G32/><T35/><D35/><U96/><E96/><V36/><F36/><W47/><G128/><T65/><D75/><U69/><E69/><V0/><F102/><W38/><G38/><T97/><D97/><U94/><E94/><V30/><F90/><W9/><G91/><T45/><D74/><U108/><E108/><V19/><F52/><W55/><G15/><T73/><D73/><U85/><E131/><V39/><F51/><W53/><G70/><T58/><D58/><U22/><E57/><V130/><F39/><W34/><G34/><T111/><D111/><U68/><E68/><V82/><F82/><N who="3" m="49175" /><G63/><T80/><D80/><U16/><E83/><V18/><F130/><W113/><G113/><T56/><D56/><U13/><E13/><N who="2" m="9327" /><F31/><W4/><G4/><AGARI ba="0,0" hai="4,8,12,40,45,48,65,66,76,77,78,79,81,86" machi="4" ten="40,12000,1" yaku="25,2,8,1,52,2" doraHai="62" who="0" fromWho="3" sc="284,120,140,0,304,0,272,-120" /><INIT seed="4,1,0,3,3,29" ten="404,140,304,152" oya="0" hai0="111,52,73,94,37,103,44,15,110,46,16,131,85" hai1="43,126,25,75,33,79,115,101,60,77,74,113,26" hai2="86,107,67,21,80,114,64,27,84,9,127,130,71" hai3="92,129,102,18,70,121,7,17,8,109,32,55,6"/><T53/><D73/><U58/><E43/><V133/><F114/><N who="1" m="43529" /><E101/><V83/><F107/><W81/><G109/><N who="0" m="41483" /><D131/><U14/><E14/><V93/><F130/><W42/><G129/><T88/><D103/><U19/><E19/><V47/><F133/><W89/><G70/><T34/><D34/><U123/><E123/><V134/><F127/><W63/><G32/><T1/><D1/><U96/><E96/><V13/><F134/><W11/><G42/><N who="0" m="22607" /><D46/><U120/><E120/><V50/><F71/><W38/><G38/><T100/><D100/><U112/><E126/><V132/><F93/><W78/><G102/><T62/><D62/><U23/><E23/><AGARI ba="1,0" hai="15,16,23,52,53,85,88,94" m="22607,41483" machi="23" ten="30,11600,0" yaku="10,1,54,3" doraHai="29" who="0" fromWho="1" sc="404,119,140,-119,304,0,152,0" /><INIT seed="4,2,0,5,2,38" ten="523,21,304,152" oya="0" hai0="18,75,58,4,60,2,130,39,13,95,59,31,103" hai1="119,77,43,22,82,64,19,135,97,11,16,91,35" hai2="55,128,34,57,105,26,93,23,45,62,41,98,33" hai3="48,80,88,92,110,112,17,86,73,49,120,53,50"/><T121/><D75/><U46/><E35/><V70/><F70/><W56/><G110/><T79/><D79/><U76/><E119/><V124/><F124/><W8/><G120/><T9/><D39/><U47/><E64/><V106/><F33/><W71/><G71/><T99/><D130/><U125/><E125/><V83/><F83/><W6/><G17/><T109/><D109/><U27/><E135/><V113/><F34/><W114/><G73/><T36/><D36/><U24/><E47/><V131/><F113/><N who="3" m="43627" /><G80/><T72/><D31/><U54/><E54/><V108/><F108/><W28/><G28/><T85/><D72/><U29/><E11/><V69/><F69/><W37/><G37/><T101/><D85/><N who="1" m="50615" /><E97/><V94/><F94/><W1/><AGARI ba="2,0" hai="1,6,8,48,49,50,53,56,86,88,92" m="43627" machi="1" ten="30,2000,0" yaku="15,1,54,1" doraHai="38" who="3" fromWho="3" sc="523,-12,21,-7,304,-7,152,26" /><INIT seed="5,0,0,3,2,56" ten="511,14,297,178" oya="1" hai0="45,9,65,121,104,80,69,101,106,68,133,22,42" hai1="119,63,33,66,124,41,131,127,129,75,102,93,29" hai2="116,108,90,92,83,2,105,70,82,60,64,24,100" hai3="67,110,1,122,71,88,38,40,113,23,89,120,111"/><U85/><E75/><V109/><F116/><W4/><G23/><T84/><D133/><U16/><E119/><V8/><F24/><W123/><G113/><T76/><D121/><U36/><E36/><V55/><F105/><W51/><G38/><T107/><D22/><U52/><E41/><V44/><F100/><W130/><G130/><N who="1" m="49674" /><E33/><V50/><F108/><W72/><G72/><T53/><D53/><U31/><E66/><V97/><F109/><W57/><G111/><T58/><D65/><U17/><E31/><V86/><F97/><W21/><G110/><T134/><D101/><U61/><E29/><V48/><F2/><W15/><G1/><T94/><D42/><U96/><E85/><V74/><F74/><W135/><G40/><T35/><D84/><U112/><E112/><V98/><F86/><W77/><G67/><T118/><D118/><U87/><E87/><V126/><F82/><W81/><G81/><T0/><D80/><U49/><E17/><V78/><F83/><W95/><G95/><T26/><D94/><U28/><E28/><V99/><F92/><W114/><G114/><T19/><D106/><U34/><E34/><V5/><F64/><W27/><G123/><T20/><D35/><U32/><E32/><V30/><F30/><W79/><G122/><T25/><D107/><U12/><E124/><V132/><F126/><W18/><G18/><T11/><D19/><U37/><E37/><V54/><F54/><W91/><G120/><T14/><D104/><U47/><E127/><V125/><F125/><W62/><G4/><T6/><D6/><RYUUKYOKU ba="0,0" sc="511,-10,14,30,297,-10,178,-10" hai1="12,16,47,49,52,61,63,93,96,102" /><INIT seed="5,1,0,3,1,24" ten="501,44,287,168" oya="1" hai0="46,23,54,65,83,7,76,42,113,47,11,85,16" hai1="28,62,57,123,49,108,0,100,112,40,82,66,72" hai2="30,124,118,104,5,60,45,96,14,4,73,94,81" hai3="10,114,27,87,135,32,95,134,71,52,97,125,6"/><U19/><E123/><V98/><F118/><W117/><G117/><T133/><D113/><U92/><E0/><V86/><F124/><W22/><G125/><T70/><D133/><N who="3" m="50697" /><G114/><T105/><D105/><U12/><E112/><V26/><F73/><W121/><G32/><T90/><D65/><U33/><E108/><V93/><F104/><W56/><G71/><T75/><D70/><U80/><E72/><V20/><F45/><W2/><G87/><T53/><D47/><N who="1" m="25831" /><E33/><V64/><F14/><W48/><G121/><T111/><D111/><U44/><E44/><V74/><F74/><W61/><G61/><T43/><D43/><U39/><E39/><V126/><F126/><W99/><G95/><T51/><D76/><U25/><E25/><V41/><F41/><W130/><G130/><T109/><D75/><U122/><E122/><V13/><F13/><W102/><G102/><T35/><D35/><U77/><E77/><V127/><F127/><W9/><G9/><T132/><D109/><U107/><E107/><V37/><F37/><W29/><AGARI ba="1,0" hai="2,6,10,22,27,29,48,52,56,97,99" m="50697" machi="29" ten="30,4000,0" yaku="20,1,52,1,54,1" doraHai="24" who="3" fromWho="3" sc="501,-11,44,-21,287,-11,168,43" /><INIT seed="6,0,0,1,5,26" ten="490,23,276,211" oya="2" hai0="36,35,16,58,133,68,69,95,78,85,77,7,15" hai1="101,28,41,3,71,49,37,67,116,128,112,44,106" hai2="127,129,40,9,8,111,115,47,21,56,93,125,31" hai3="55,80,124,43,113,130,20,121,96,66,135,73,30"/><V11/><F111/><W53/><G121/><T57/><D35/><U98/><E116/><V63/><F129/><W51/><G130/><T52/><D36/><U38/><E128/><V64/><F115/><W105/><G135/><T0/><D133/><U65/><E112/><V39/><F93/><W76/><G66/><T6/><D0/><U74/><E65/><V50/><F21/><W104/><G124/><N who="2" m="47689" /><F31/><W84/><G73/><T70/><D58/><U34/><E74/><V42/><F42/><W118/><G118/><T82/><D95/><U59/><E3/><V23/><F23/><W88/><G105/><T24/><D24/><U117/><E117/><V45/><F45/><W10/><G10/><T92/><D92/><U79/><E79/><V14/><F39/><W17/><G30/><T22/><REACH who="0" step="1"/><D78/><REACH who="0" ten="480,23,276,211" step="2"/><U97/><E59/><V32/><F32/><W54/><G113/><T109/><D109/><U89/><E89/><V48/><F48/><AGARI ba="0,1" hai="6,7,15,16,22,48,52,57,68,69,70,77,82,85" machi="48" ten="40,5200,0" yaku="1,1,54,2,53,0" doraHai="26" doraHaiUra="60" who="0" fromWho="2" sc="480,62,23,0,276,-52,211,0" /><INIT seed="7,0,0,1,0,29" ten="542,23,224,211" oya="3" hai0="63,45,121,113,82,117,69,62,65,47,43,135,83" hai1="94,75,4,127,55,40,101,42,58,95,77,110,89" hai2="112,6,10,39,18,46,129,33,73,41,66,100,124" hai3="114,132,13,90,118,76,131,93,107,125,119,12,87"/><W104/><G114/><T22/><D117/><U27/><E110/><V81/><F112/><W84/><G125/><T72/><D121/><U37/><E127/><V74/><F33/><W79/><G132/><T64/><D135/><U85/><E37/><V78/><F124/><W0/><G0/><T122/><D122/><U80/><E4/><V103/><F129/><W109/><G131/><T91/><D22/><U9/><E9/><V53/><F74/><W115/><G115/><T49/><D72/><U32/><E101/><V67/><F53/><W52/><G52/><T3/><D3/><U23/><E95/><V60/><F18/><W1/><G1/><T70/><D113/><U108/><E108/><V48/><F48/><W31/><G31/><T2/><D2/><U116/><E116/><V106/><F106/><W133/><G133/><T24/><D24/><U86/><E75/><V16/><F66/><W21/><G109/><T36/><D91/><U126/><E126/><V61/><F61/><W111/><G111/><T44/><D44/><U99/><E32/><V98/><F98/><W120/><G120/><T50/><D36/><U134/><E134/><V28/><F28/><W56/><G56/><T59/><D59/><U88/><E77/><N who="3" m="29770" /><G21/><T92/><D69/><U57/><E57/><N who="2" m="37263" /><F6/><W14/><G87/><T102/><D70/><U128/><E128/><V25/><F10/><W97/><G107/><T7/><D64/><U105/><E105/><V17/><F17/><W15/><N who="3" m="3072" /><DORA hai="11" /><W26/><G26/><T8/><D65/><U96/><E86/><V54/><F54/><RYUUKYOKU ba="0,0" sc="542,-15,23,-15,224,15,211,15" hai2="16,25,39,41,46,73,78,81,100,103" hai3="84,90,93,97,104,118,119" /><INIT seed="7,1,0,1,1,110" ten="527,8,239,226" oya="3" hai0="123,97,62,43,35,120,39,112,79,105,116,96,129" hai1="82,46,75,102,127,56,92,125,10,90,61,5,89" hai2="55,101,121,26,13,71,72,70,34,9,23,86,18" hai3="24,25,111,38,98,95,48,117,66,106,31,64,15"/><W2/><G2/><T100/><D35/><U80/><E46/><V28/><F72/><W27/><G117/><T84/><D129/><U53/><E102/><V21/><F121/><W108/><G38/><T114/><D116/><U12/><E75/><V68/><F101/><N who="3" m="60639" /><G106/><T65/><D97/><U20/><E127/><V32/><F32/><W130/><G130/><T87/><D43/><U30/><E125/><V67/><F67/><N who="3" m="25643" /><G15/><T0/><D39/><U40/><E40/><V85/><F55/><W37/><G37/><T49/><D0/><U115/><E115/><V132/><F132/><W52/><G111/><T93/><D105/><U57/><E57/><V50/><F50/><W1/><G1/><T59/><D49/><U8/><E8/><V113/><F113/><N who="0" m="43626" /><D79/><U58/><E58/><V60/><F60/><W74/><G74/><T88/><D100/><U29/><E89/><V6/><REACH who="2" step="1"/><F34/><REACH who="2" ten="527,8,229,226" step="2"/><W3/><G108/><T44/><D120/><U99/><E29/><V41/><F41/><W45/><G3/><AGARI ba="1,1" hai="3,6,9,13,18,21,23,26,28,68,70,71,85,86" machi="3" ten="40,5200,0" yaku="1,1,53,2" doraHai="110" doraHaiUra="81" who="2" fromWho="3" sc="527,0,8,0,229,65,226,-55" owari="527,62.7,8,-49.2,294,9.4,171,-22.9" /></mjloggm>