<mjloggm ver="2.3"><GO type="169" lobby="0"/><UN n0="%E3%81%97%E3%82%87%E3%81%BC%E3%82%93%EF%BD%8E" n1="%E3%81%BF%E3%82%84%E3%81%AF%E3%82%89" n2="%40%6B%6B%6B" n3="%46%75%4B%61" dan="17,16,18,16" rate="2211.44,2062.95,2252.53,2085.72" sx="M,M,M,M"/><TAIKYOKU oya="0"/><INIT seed="0,0,0,1,2,96" ten="250,250,250,250" oya="0" hai0="28,84,110,125,131,4,121,100,33,119,65,70,20" hai1="19,71,66,126,59,63,130,41,60,77,40,49,38" hai2="55,73,30,52,88,17,79,27,95,82,0,45,18" hai3="85,74,53,101,114,86,42,97,43,92,132,8,129"/><T116/><D20/><U26/><E77/><V37/><F0/><W68/><G114/><T56/><D56/><U75/><E75/><V107/><F107/><W22/><G74/><T104/><D121/><U58/><E26/><V32/><F37/><W21/><G68/><T35/><D84/><N who="3" m="32361" /><G132/><T108/><D4/><U115/><E19/><V111/><F111/><N who="0" m="42538" /><D131/><U10/><E10/><V34/><F34/><N who="0" m="12810" /><D28/><U31/><E31/><V89/><F45/><W127/><G129/><T106/><D125/><U118/><E130/><V29/><F29/><W103/><G8/><T135/><D135/><U134/><E134/><V76/><F76/><W7/><G7/><T6/><D6/><U47/><E126/><V109/><F109/><W62/><G127/><T81/><D81/><U87/><E87/><V80/><F80/><W61/><G21/><T44/><D44/><N who="1" m="23575" /><E118/><N who="0" m="45097" /><D100/><N who="3" m="38473" /><G22/><T1/><D1/><U128/><E128/><V11/><F11/><W67/><G67/><T54/><D54/><N who="1" m="33879" /><E115/><V124/><F124/><W46/><G53/><T105/><D65/><U99/><E99/><V39/><F55/><W93/><G46/><T25/><D25/><U64/><E64/><V72/><F52/><W94/><G97/><T91/><D91/><U36/><E36/><V50/><F39/><W23/><G23/><T24/><D24/><U3/><E3/><V112/><F32/><W15/><G15/><T14/><D70/><AGARI ba="0,0" hai="41,47,49,59,63,66,70,71" m="33879,23575" machi="70" ten="30,8000,1" yaku="35,5" doraHai="96" who="1" fromWho="0" sc="250,-80,250,80,250,0,250,0" /><INIT seed="1,0,0,0,3,86" ten="170,330,250,250" oya="1" hai0="133,98,92,31,103,64,5,65,114,95,93,19,22" hai1="68,97,52,72,102,96,66,100,75,10,38,89,45" hai2="33,118,125,2,26,124,6,48,17,127,70,18,43" hai3="44,67,111,11,130,54,29,117,119,1,39,77,27"/><U24/><E68/><V63/><F118/><W9/><G130/><T25/><D133/><U131/><E131/><V69/><F2/><W4/><G67/><T40/><D114/><U84/><E66/><V51/><F6/><N who="3" m="1231" /><G54/><T85/><D40/><U99/><E38/><V61/><F26/><W28/><G77/><T79/><D5/><U57/><E45/><V23/><F23/><N who="3" m="15487" /><G44/><T109/><D109/><U115/><E115/><V56/><F33/><W34/><G39/><T123/><D123/><U129/><E129/><V15/><F56/><W120/><G120/><T134/><D134/><U82/><E24/><V107/><F107/><W58/><G58/><T47/><D19/><N who="2" m="7178" /><F43/><W41/><G41/><T105/><REACH who="0" step="1"/><D47/><REACH who="0" ten="160,330,250,250" step="2"/><U21/><E10/><V83/><F125/><W76/><G111/><T106/><D106/><U49/><REACH who="1" step="1"/><E21/><REACH who="1" ten="160,320,250,250" step="2"/><V80/><F127/><W16/><G29/><T135/><D135/><U116/><E116/><V62/><F124/><W53/><G34/><T81/><AGARI ba="0,2" hai="22,25,31,64,65,79,81,85,92,93,95,98,103,105" machi="81" ten="30,2000,0" yaku="1,1,0,1,53,0" doraHai="86" doraHaiUra="37" who="0" fromWho="0" sc="160,40,320,-10,250,-5,250,-5" /><INIT seed="2,0,0,4,0,7" ten="200,310,245,245" oya="2" hai0="85,88,15,82,53,14,6,128,5,18,34,42,74" hai1="10,1,113,25,4,51,107,50,101,49,124,121,126" hai2="122,56,123,89,133,98,84,54,129,13,80,17,119" hai3="114,95,132,130,83,29,100,109,93,44,3,71,55"/><V81/><F119/><W79/><G71/><T58/><D128/><U20/><E113/><V46/><F133/><W108/><G130/><T39/><D34/><U30/><E121/><V65/><F129/><W111/><G3/><T103/><D74/><U86/><E107/><V37/><F65/><W12/><G29/><T63/><D103/><U77/><E101/><V0/><F0/><W105/><G44/><T32/><D32/><U110/><E110/><V45/><F98/><N who="3" m="61591" /><G55/><T72/><D72/><U43/><E77/><V97/><F97/><W35/><G35/><T8/><D39/><U118/><E118/><V73/><F46/><W57/><G57/><T61/><D42/><U94/><REACH who="1" step="1"/><E43/><REACH who="1" ten="200,300,245,245" step="2"/><V59/><F123/><W64/><G114/><T24/><D24/><U87/><E87/><V106/><F106/><W131/><G131/><T127/><D127/><U92/><E92/><V36/><F122/><W11/><G132/><T75/><D75/><U28/><E28/><V76/><F45/><W116/><G116/><T33/><D33/><U99/><E99/><V67/><F73/><N who="3" m="43503" /><G64/><T134/><D134/><U48/><N who="1" m="12288" /><DORA hai="69" /><U38/><E38/><V23/><F67/><W102/><G102/><T90/><D90/><AGARI ba="0,1" hai="1,4,10,20,25,30,86,90,94,124,126" m="12288" machi="90" ten="50,6400,0" yaku="1,1,52,1,53,1" doraHai="7,69" doraHaiUra="26,70" who="1" fromWho="0" sc="200,-64,300,74,245,0,245,0" /><INIT seed="3,0,0,4,2,117" ten="136,374,245,245" oya="3" hai0="122,125,67,77,50,107,118,44,49,84,134,13,132" hai1="131,96,57,8,47,103,116,55,78,75,114,16,35" hai2="73,48,21,113,19,63,65,126,124,7,123,27,111" hai3="52,62,37,18,128,133,31,60,56,112,85,129,91"/><W41/><G112/><T95/><D107/><U81/><E114/><V0/><F73/><W46/><G31/><T23/><D118/><U39/><E131/><V33/><F113/><W4/><G4/><T14/><D125/><U104/><E35/><V25/><F48/><W83/><G133/><T135/><D67/><U102/><E102/><V90/><F90/><W28/><G28/><T64/><D64/><U105/><E116/><V72/><F72/><W30/><G30/><T74/><D74/><U2/><E47/><V54/><F54/><W89/><G60/><T51/><D44/><U43/><E39/><V97/><F97/><W38/><G38/><T76/><D122/><U101/><E101/><V127/><F111/><W82/><G18/><T22/><D95/><U98/><E43/><V92/><F92/><W53/><G53/><T11/><D84/><AGARI ba="0,0" hai="37,41,46,52,56,62,82,83,84,85,89,91,128,129" machi="84" ten="40,3900,0" yaku="9,1,54,1" doraHai="117" who="3" fromWho="0" sc="136,-39,374,0,245,0,245,39" /><INIT seed="3,1,0,4,3,52" ten="97,374,245,284" oya="3" hai0="132,75,48,129,112,85,111,33,7,40,45,55,39" hai1="104,59,14,42,4,12,77,74,20,73,43,118,109" hai2="49,36,65,15,38,17,100,1,9,124,88,99,27" hai3="103,89,32,98,63,78,41,37,105,107,120,19,8"/><W86/><G120/><T76/><D75/><U16/><E109/><V25/><F124/><W0/><G32/><T94/><D33/><U87/><E104/><V123/><F123/><W61/><G105/><T115/><D7/><U114/><E114/><N who="0" m="43561" /><D94/><U130/><E130/><V10/><F65/><W70/><G70/><T68/><D85/><U72/><E4/><V53/><F9/><W82/><G0/><T108/><D76/><U35/><E35/><V91/><F36/><W13/><G41/><T23/><D23/><U31/><E31/><V51/><F38/><W95/><REACH who="3" step="1"/><G37/><REACH who="3" ten="97,374,245,274" step="2"/><T50/><D129/><U113/><E113/><V24/><F1/><W6/><G6/><T30/><D68/><U58/><E42/><V11/><F11/><W83/><G83/><T2/><D2/><U29/><E43/><V67/><F10/><W62/><G62/><T84/><D39/><U116/><E116/><V60/><F60/><W69/><G69/><T66/><D40/><U92/><E118/><V21/><F51/><W90/><G90/><T5/><D5/><U26/><E92/><V44/><REACH who="2" step="1"/><F67/><REACH who="2" ten="97,374,235,274" step="2"/><W125/><G125/><T135/><D66/><U80/><REACH who="1" step="1"/><E12/><REACH who="1" ten="97,364,235,274" step="2"/><V102/><F102/><W28/><G28/><T133/><D30/><U46/><E46/><V56/><F56/><W57/><G57/><T34/><D45/><U122/><E122/><V101/><F101/><W134/><G134/><T131/><D133/><U64/><E64/><V22/><F22/><W128/><G128/><T119/><D131/><U96/><E96/><AGARI ba="1,3" hai="8,13,19,61,63,78,82,86,89,95,96,98,103,107" machi="96" ten="30,2900,0" yaku="1,1,7,1,53,0" doraHai="52" doraHaiUra="106" who="3" fromWho="1" sc="97,0,364,-32,235,0,274,62" /><INIT seed="3,2,0,3,0,102" ten="97,332,235,336" oya="3" hai0="92,30,58,49,73,93,9,117,96,120,8,60,132" hai1="15,66,56,70,126,47,18,115,133,34,51,79,6" hai2="20,97,67,113,46,27,23,17,119,76,129,90,55" hai3="26,101,82,29,7,84,80,78,103,64,38,54,106"/><W134/><G38/><T10/><D132/><U43/><E115/><V122/><F119/><W77/><G7/><T74/><D117/><U42/><E133/><V50/><F129/><W12/><G134/><T28/><D120/><U52/><E34/><V121/><F76/><W100/><G12/><T25/><D49/><U2/><E126/><V13/><F67/><W111/><G64/><T68/><D68/><U0/><E79/><V87/><F97/><W135/><G135/><T53/><D30/><U32/><E32/><V45/><F113/><W124/><G124/><T98/><D98/><U108/><E108/><V83/><REACH who="2" step="1"/><F46/><REACH who="2" ten="97,332,225,336" step="2"/><W35/><G111/><T85/><D96/><U22/><E66/><V72/><F72/><W48/><G78/><T110/><D110/><U3/><E70/><V62/><F62/><W112/><G112/><T31/><D74/><U105/><E105/><V118/><F118/><W61/><G61/><T14/><D73/><U41/><REACH who="1" step="1"/><E6/><REACH who="1" ten="97,322,225,336" step="2"/><V5/><F5/><W114/><G114/><T130/><D130/><U81/><E81/><V24/><F24/><W65/><G65/><T1/><D25/><U11/><E11/><V69/><F69/><W36/><G82/><T127/><D127/><U94/><E94/><V71/><F71/><W57/><G106/><T37/><D93/><U99/><E99/><V91/><F91/><W88/><G77/><T59/><D92/><U116/><E116/><V128/><F128/><W125/><G125/><T75/><D9/><U33/><E33/><V95/><F95/><W104/><G104/><T44/><D10/><RYUUKYOKU ba="2,2" sc="97,-30,322,10,225,10,336,10" hai1="0,2,3,15,18,22,41,42,43,47,51,52,56" hai2="13,17,20,23,27,45,50,55,83,87,90,121,122" hai3="26,29,35,36,48,54,57,80,84,88,100,101,103" /><INIT seed="3,3,2,2,4,118" ten="67,332,235,346" oya="3" hai0="45,39,127,41,85,42,103,19,37,94,56,54,116" hai1="51,111,125,52,67,60,88,131,8,63,91,117,122" hai2="68,102,110,31,61,96,134,57,17,16,76,79,128" hai3="82,89,78,9,84,33,48,14,95,70,104,0,129"/><W24/><G104/><T40/><D116/><U32/><E111/><V123/><F110/><W90/><G70/><T109/><D109/><U47/><E117/><V115/><F68/><W100/><G129/><T38/><D19/><U87/><E32/><V66/><F115/><W130/><G0/><T11/><D11/><U106/><E131/><V59/><F128/><W132/><G132/><T77/><D77/><N who="2" m="29770" /><F31/><W20/><G33/><T135/><D85/><U1/><E106/><V34/><F34/><W69/><G69/><T30/><D94/><U75/><E75/><V46/><F46/><W93/><G130/><T92/><D92/><N who="3" m="35401" /><G48/><N who="0" m="28943" /><D103/><U112/><E112/><V65/><F96/><W101/><G101/><T120/><D30/><U97/><E97/><V26/><F102/><W121/><G121/><T3/><D3/><U28/><E122/><V7/><F123/><W98/><G98/><T73/><D73/><U23/><E1/><V114/><F114/><W105/><G105/><T25/><D120/><U119/><E119/><V44/><F134/><W62/><G100/><T126/><D25/><U64/><E87/><V113/><F113/><W22/><G24/><T72/><D72/><U13/><E13/><V10/><F26/><W2/><G2/><T58/><D135/><U107/><E107/><V55/><F7/><N who="3" m="3391" /><G78/><T15/><D15/><U83/><E91/><V108/><F108/><W6/><G90/><T29/><D29/><U71/><E88/><V124/><F17/><W5/><G5/><T50/><D50/><U35/><E28/><V27/><F27/><W4/><G6/><RYUUKYOKU ba="3,2" sc="67,30,332,-10,235,-10,346,-10" hai0="37,38,39,40,41,42,56,58,126,127" /><INIT seed="4,4,2,5,3,84" ten="97,322,225,336" oya="0" hai0="40,68,87,19,13,0,50,24,31,96,123,34,21" hai1="117,48,101,49,39,42,77,122,94,133,1,7,17" hai2="116,88,20,111,2,83,51,107,18,53,70,134,22" hai3="57,55,128,126,106,132,86,10,30,131,110,64,121"/><T9/><D123/><U75/><E117/><V89/><F107/><W105/><G121/><T23/><D68/><U104/><E133/><V25/><F2/><W36/><G110/><T56/><D96/><U33/><E104/><V100/><F70/><W135/><G36/><T26/><D40/><U80/><E33/><V109/><F100/><W16/><G30/><N who="0" m="17695" /><D87/><U97/><E17/><V4/><F4/><W102/><G64/><T125/><D56/><U99/><E99/><V91/><F116/><W14/><G106/><T98/><D50/><U113/><E122/><V37/><F37/><W92/><G105/><T62/><D62/><U15/><E15/><V38/><F38/><W90/><G102/><T6/><D98/><U112/><E49/><V3/><F3/><W60/><G126/><AGARI ba="4,2" hai="0,6,9,13,19,21,26,31,34,125,126" m="17695" machi="126" ten="30,5800,0" yaku="24,1,34,2" doraHai="84" who="0" fromWho="3" sc="97,90,322,0,225,0,336,-70" /><INIT seed="4,5,0,0,5,35" ten="187,322,225,266" oya="0" hai0="99,66,135,107,101,74,84,113,87,69,129,125,21" hai1="64,103,93,55,65,44,62,108,39,19,131,51,30" hai2="127,13,121,27,124,81,48,128,71,16,47,9,115" hai3="123,63,4,28,106,89,88,36,34,3,41,90,70"/><T98/><D69/><U116/><E108/><V56/><F71/><W60/><G123/><T25/><D66/><U53/><E116/><V79/><F115/><W26/><G106/><T104/><D74/><U119/><E119/><V82/><F128/><W83/><G70/><T46/><D113/><U120/><E30/><V85/><F121/><W5/><G5/><T52/><D129/><U80/><E120/><V78/><F56/><W126/><G126/><T111/><D125/><U11/><E39/><V20/><F82/><W130/><G130/><T22/><D135/><U23/><E11/><V37/><F37/><W59/><G83/><T118/><D118/><U132/><E80/><V92/><F92/><W57/><G41/><T72/><D72/><U114/><E114/><V6/><REACH who="2" step="1"/><F79/><REACH who="2" ten="187,322,215,266" step="2"/><W61/><REACH who="3" step="1"/><G36/><REACH who="3" ten="187,322,215,256" step="2"/><T68/><D68/><U42/><E131/><V14/><F14/><W2/><G2/><T33/><D107/><U49/><E132/><V8/><F8/><AGARI ba="5,2" hai="3,4,8,26,28,34,57,59,60,61,63,88,89,90" machi="8" ten="40,5200,0" yaku="1,1,52,1,54,1,53,0" doraHai="35" doraHaiUra="10" who="3" fromWho="2" sc="187,0,322,0,215,-67,256,87" /><INIT seed="5,0,0,3,1,129" ten="187,322,148,343" oya="1" hai0="19,112,10,100,82,41,39,89,90,33,110,48,2" hai1="127,58,81,118,125,134,56,49,73,95,23,75,101" hai2="85,51,108,52,35,4,70,68,18,74,135,133,38" hai3="99,117,13,122,61,94,5,29,42,131,32,80,93"/><U1/><E118/><V53/><F74/><W36/><G122/><T102/><D110/><U20/><E1/><V77/><F38/><W45/><G131/><T57/><D33/><U79/><E73/><V27/><F4/><W3/><G117/><T123/><D39/><U60/><E49/><V21/><F108/><W12/><G93/><T98/><D112/><U121/><E121/><V78/><F35/><W115/><G115/><T111/><D111/><U86/><E134/><N who="2" m="51211" /><F52/><W113/><G29/><T59/><D41/><U8/><E8/><V62/><F85/><W25/><G25/><T16/><D2/><U15/><E15/><V83/><F62/><W47/><G32/><T105/><D123/><U76/><E76/><N who="2" m="29291" /><F83/><W31/><G61/><T104/><D82/><U30/><E60/><V44/><AGARI ba="0,0" hai="18,21,27,44,51,53,68,70" m="29291,51211" machi="44" ten="30,7900,0" yaku="20,1,52,3" doraHai="129" who="2" fromWho="2" sc="187,-20,322,-39,148,79,343,-20" /><INIT seed="6,0,0,2,0,102" ten="167,283,227,323" oya="2" hai0="12,95,90,45,21,47,32,56,81,24,93,101,20" hai1="118,8,109,103,30,13,69,125,116,108,134,73,127" hai2="86,37,25,17,92,100,44,130,22,104,26,59,5" hai3="43,131,27,15,9,75,77,123,65,119,122,97,99"/><V31/><F130/><W61/><G119/><T50/><D32/><U11/><E69/><V18/><F5/><W114/><G131/><T0/><D0/><U85/><E73/><V14/><F104/><W29/><G43/><T135/><D135/><U106/><E85/><V58/><F37/><W3/><G114/><T2/><D2/><U38/><E38/><V55/><F44/><W10/><G10/><T42/><D101/><U4/><E103/><V40/><F40/><W19/><G3/><T71/><D71/><U115/><E106/><V54/><F59/><W23/><G77/><T67/><D47/><U60/><E60/><V39/><F39/><W98/><REACH who="3" step="1"/><G75/><REACH who="3" ten="167,283,227,313" step="2"/><T74/><D74/><U84/><E115/><V80/><F55/><W63/><G63/><N who="0" m="38375" /><D81/><U34/><E8/><V51/><F80/><W89/><G89/><T33/><D90/><U132/><E11/><V129/><F129/><W1/><G1/><T36/><D36/><U57/><E118/><V16/><F54/><W112/><G112/><T91/><D91/><U48/><E116/><V133/><F133/><W83/><G83/><T46/><D46/><U107/><E134/><V128/><F128/><W78/><G78/><T76/><D76/><U124/><E132/><V68/><F51/><W113/><G113/><T111/><D111/><U28/><E48/><V53/><F53/><W64/><G64/><T49/><D49/><U35/><E109/><V105/><F100/><W120/><G120/><T70/><D42/><U7/><E108/><V94/><F105/><W41/><G41/><T117/><D117/><RYUUKYOKU ba="0,1" sc="167,-10,283,-10,227,-10,313,30" hai3="9,15,19,23,27,29,61,65,97,98,99,122,123" /><INIT seed="7,1,1,3,3,98" ten="157,273,217,343" oya="3" hai0="64,27,93,117,68,91,90,73,31,67,133,60,43" hai1="2,6,96,71,47,110,109,25,119,19,77,135,54" hai2="52,5,112,100,113,53,39,35,20,7,58,94,121" hai3="0,132,21,23,102,97,3,84,30,72,103,10,13"/><W106/><G72/><T65/><D133/><U89/><E135/><V59/><F35/><W79/><G132/><T129/><D129/><U16/><E71/><V114/><F39/><W32/><G32/><T69/><D117/><U14/><E77/><V8/><F20/><W24/><G23/><T62/><D67/><U86/><E119/><V70/><F70/><W130/><G130/><T82/><D43/><U115/><E115/><V108/><F121/><W22/><G22/><T127/><D127/><U131/><E25/><V88/><F100/><W45/><G45/><T105/><D105/><U11/><E131/><V55/><F108/><W95/><G102/><T12/><D12/><U42/><E54/><V50/><F50/><W134/><G134/><T37/><D37/><U78/><E78/><V4/><F8/><W15/><G15/><T18/><D18/><U104/><E2/><V80/><F80/><W116/><G116/><T29/><D27/><U76/><E76/><V101/><F101/><W26/><G26/><T111/><D111/><U87/><E110/><V92/><F88/><W63/><G63/><T74/><REACH who="0" step="1"/><D93/><AGARI ba="1,1" hai="4,5,7,52,53,55,58,59,92,93,94,112,113,114" machi="93" ten="50,12000,2" yaku="29,2,28,2,15,1,54,1" doraHai="98" who="2" fromWho="0" sc="157,-123,273,0,217,133,343,0" owari="34,-46.6,273,-12.7,350,45.0,343,14.3" /></mjloggm>