<mjloggm ver="2.3"><GO type="169" lobby="0"/><UN n0="%E6%9C%AA%E6%9D%A5%E5%B0%91%E5%B9%B4" n1="%6B%73%77%72%74" n2="%4E%49%4B%55%59%41" n3="%E4%BF%BA%E3%81%A7%E3%81%99" dan="16,16,17,16" rate="2160.22,2143.48,2230.35,2081.19" sx="F,M,M,M"/><TAIKYOKU oya="0"/><INIT seed="0,0,0,3,5,59" ten="250,250,250,250" oya="0" hai0="40,57,129,49,120,39,101,87,23,109,65,62,75" hai1="69,135,6,125,54,132,16,2,73,18,19,111,43" hai2="44,130,124,107,98,84,67,64,79,53,38,50,96" hai3="114,58,63,100,108,95,1,127,27,56,134,90,34"/><T92/><D120/><U103/><E73/><V82/><F130/><W15/><G114/><T31/><D75/><U3/><E69/><V77/><F124/><W61/><G1/><N who="1" m="10" /><E43/><V88/><F38/><W46/><G127/><T122/><D122/><U28/><E103/><V110/><F110/><W118/><G108/><T21/><D109/><U74/><E74/><V8/><F8/><W105/><G105/><T91/><D129/><U89/><E89/><V85/><F107/><W117/><G134/><N who="1" m="51242" /><E111/><V93/><REACH who="2" step="1"/><F79/><REACH who="2" ten="250,250,240,250" step="2"/><W106/><G106/><T116/><D39/><U52/><E125/><V32/><F32/><W97/><G34/><T119/><D119/><U94/><E6/><V22/><F22/><W78/><G78/><T13/><D116/><U131/><E131/><V128/><F128/><W9/><G118/><T30/><D101/><U35/><E94/><V0/><F0/><W80/><G100/><T115/><D115/><U10/><E10/><V86/><F86/><W60/><G117/><T126/><D126/><U99/><E99/><AGARI ba="0,1" hai="44,50,53,64,67,77,82,84,85,88,93,96,98,99" machi="99" ten="40,5200,0" yaku="1,1,8,1,54,1,53,0" doraHai="59" doraHaiUra="14" who="2" fromWho="1" sc="250,0,250,-52,240,62,250,0" /><INIT seed="1,0,0,0,4,74" ten="250,198,302,250" oya="1" hai0="114,126,0,29,60,53,2,30,44,125,17,22,124" hai1="117,57,95,52,82,88,106,104,43,121,36,122,1" hai2="8,129,85,40,45,123,25,81,87,98,54,15,84" hai3="9,32,131,19,67,118,31,71,119,109,75,66,10"/><U73/><E117/><N who="3" m="44554" /><G109/><T113/><D60/><U100/><E1/><N who="0" m="617" /><D53/><U62/><E36/><V63/><F129/><W97/><G131/><T42/><D44/><U13/><E43/><V6/><F123/><W3/><G75/><T110/><D42/><U103/><E103/><V50/><F25/><N who="3" m="18543" /><G71/><T28/><D110/><U37/><E37/><V56/><REACH who="2" step="1"/><F98/><REACH who="2" ten="250,198,292,250" step="2"/><W89/><G97/><T76/><D76/><AGARI ba="0,1" hai="6,8,15,40,45,50,54,56,63,76,81,84,85,87" machi="76" ten="30,12000,2" yaku="1,1,2,1,7,1,25,2,8,1,52,1,53,0" doraHai="74" doraHaiUra="23" who="2" fromWho="0" sc="250,-120,198,0,292,130,250,0" /><INIT seed="2,0,0,3,0,121" ten="130,198,422,250" oya="2" hai0="87,72,127,24,76,22,0,41,45,16,114,53,80" hai1="111,4,25,57,132,94,19,102,92,55,8,79,83" hai2="97,54,126,82,49,35,128,113,116,67,112,101,27" hai3="105,61,14,74,50,56,85,103,1,26,88,30,20"/><V96/><F116/><W131/><G1/><T38/><D127/><U71/><E71/><V2/><F2/><W68/><G131/><T118/><D114/><U109/><E132/><V104/><F128/><W51/><G74/><T115/><D115/><U117/><E117/><V5/><F5/><W70/><G103/><T42/><D118/><U65/><E65/><V135/><F126/><W48/><G105/><T124/><D124/><U37/><E37/><V84/><F97/><W28/><G14/><T17/><D41/><U44/><E44/><V62/><F135/><W100/><G100/><T36/><D0/><U10/><E4/><V58/><F27/><W15/><G15/><T34/><D34/><U18/><E10/><V78/><REACH who="2" step="1"/><F35/><REACH who="2" ten="130,198,412,250" step="2"/><W39/><G39/><T125/><D125/><U69/><E25/><V134/><F134/><W108/><G26/><T122/><D38/><U9/><E19/><V40/><F40/><W106/><G30/><T21/><D122/><U33/><E18/><V43/><F43/><W93/><G28/><T52/><REACH who="0" step="1"/><D72/><REACH who="0" ten="120,198,412,250" step="2"/><U95/><E33/><V47/><AGARI ba="0,2" hai="47,49,54,58,62,67,78,82,84,96,101,104,112,113" machi="47" ten="20,12000,1" yaku="1,1,0,1,7,1,53,2" doraHai="121" doraHaiUra="110" who="2" fromWho="2" sc="120,-40,198,-40,412,140,250,-40" /><INIT seed="2,1,0,3,1,69" ten="80,158,552,210" oya="2" hai0="97,128,135,59,34,66,53,86,127,18,50,57,32" hai1="85,120,76,129,112,118,43,62,56,44,3,87,130" hai2="2,88,73,4,22,19,132,45,12,23,5,133,52" hai3="67,38,72,107,100,123,39,54,33,114,96,0,29"/><V63/><F73/><W8/><G54/><T115/><D115/><U55/><E118/><V42/><F22/><W91/><G91/><T46/><D128/><N who="1" m="49259" /><E112/><V80/><F2/><W49/><G49/><T74/><D74/><U36/><E120/><V64/><F52/><W37/><G67/><T113/><D113/><U125/><E125/><V124/><F124/><W47/><G123/><T26/><D127/><U20/><E3/><V92/><F80/><W110/><G110/><T122/><D122/><U131/><N who="1" m="49267" /><U99/><DORA hai="61" /><E76/><V27/><F12/><W89/><G89/><T94/><D135/><N who="2" m="51786" /><F45/><W79/><G47/><T81/><D34/><U108/><E108/><V68/><F42/><W103/><G114/><T106/><D66/><U111/><E111/><V116/><F116/><W71/><G71/><T51/><D51/><U58/><E20/><V119/><F119/><W84/><G29/><T77/><D106/><U16/><E58/><V82/><F82/><W117/><G33/><T109/><D109/><U104/><E56/><V1/><F1/><W10/><G117/><T78/><D78/><U134/><E55/><V9/><F9/><W93/><G0/><T41/><D53/><U83/><E134/><V25/><F27/><W40/><G72/><T98/><D32/><U126/><E126/><V21/><F23/><W11/><G40/><T13/><D26/><U6/><E44/><V17/><F19/><W101/><G79/><T28/><D28/><U102/><E43/><V31/><F31/><W7/><G7/><T121/><D121/><U14/><E6/><RYUUKYOKU ba="1,0" sc="80,-15,158,-15,552,15,210,15" hai2="4,5,17,21,25,63,64,68,88,92" hai3="8,10,11,37,38,39,84,93,96,100,101,103,107" /><INIT seed="2,2,0,0,4,83" ten="65,143,567,225" oya="2" hai0="58,8,16,69,28,29,81,15,64,127,133,107,40" hai1="25,6,26,131,79,53,123,126,111,47,32,20,59" hai2="57,62,2,72,65,117,97,54,66,100,44,124,33" hai3="43,41,21,48,99,114,130,46,27,35,87,0,110"/><V17/><F117/><W10/><G110/><T56/><D127/><U109/><E126/><V78/><F124/><W37/><G130/><T5/><D133/><U118/><E118/><V63/><F33/><W60/><G114/><T18/><D107/><U120/><E131/><V36/><F2/><W116/><G116/><T77/><D69/><U4/><E79/><V82/><F17/><N who="0" m="6762" /><D40/><U86/><E47/><V122/><F122/><N who="1" m="46633" /><E32/><V132/><F132/><W113/><G35/><T90/><D77/><U31/><E86/><V94/><REACH who="2" step="1"/><F62/><REACH who="2" ten="65,143,557,225" step="2"/><W22/><G0/><T73/><D28/><U50/><E25/><V104/><F104/><W45/><G27/><T84/><D29/><U3/><E3/><V49/><F49/><W96/><G60/><N who="0" m="37911" /><D73/><U115/><E115/><V24/><F24/><W51/><G113/><T39/><D39/><U13/><E13/><V92/><F92/><W135/><G37/><T112/><D112/><U55/><E111/><V67/><F67/><W76/><G135/><T68/><D68/><U14/><E14/><V38/><F38/><W52/><G10/><T42/><D15/><U88/><E109/><V34/><F34/><W70/><G70/><T121/><D121/><U91/><E31/><V134/><F134/><W23/><REACH who="3" step="1"/><G41/><AGARI ba="2,1" hai="36,41,44,54,57,63,65,66,72,78,82,94,97,100" machi="41" ten="40,2000,0" yaku="1,1,53,0" doraHai="83" doraHaiUra="108" who="2" fromWho="3" sc="65,0,143,0,557,36,225,-26" /><INIT seed="2,3,0,2,2,0" ten="65,143,593,199" oya="2" hai0="48,120,32,1,130,11,17,132,60,57,38,135,118" hai1="54,4,61,64,119,129,90,24,33,36,15,69,63" hai2="26,68,72,98,19,121,16,96,55,101,39,134,59" hai3="67,86,106,56,85,84,53,58,110,131,99,31,102"/><V70/><F121/><W95/><G110/><T127/><D120/><U51/><E119/><V88/><F72/><W89/><G131/><T13/><D38/><U122/><E129/><V105/><F39/><W107/><G107/><T100/><D130/><U123/><E36/><V25/><F134/><N who="0" m="51242" /><D118/><U81/><E63/><V83/><F26/><W133/><G133/><T92/><D127/><U71/><E71/><V93/><F83/><W40/><G40/><T80/><D32/><U28/><E90/><V35/><F35/><W66/><G31/><T124/><D124/><U7/><E81/><V3/><F3/><W94/><G106/><T87/><D48/><U6/><REACH who="1" step="1"/><E15/><REACH who="1" ten="65,133,593,199" step="2"/><V27/><F68/><W21/><G89/><N who="0" m="51431" /><D1/><U18/><E18/><V79/><F70/><W103/><G103/><T76/><D76/><U128/><E128/><V52/><F79/><W45/><G102/><T20/><D100/><U8/><E8/><V43/><F105/><W42/><G67/><N who="0" m="39311" /><D92/><U104/><E104/><V22/><F101/><W46/><G95/><T109/><D109/><U65/><E65/><V23/><F93/><W91/><G66/><T47/><D11/><U37/><E37/><V78/><F78/><W111/><G111/><T114/><D114/><U82/><E82/><V50/><F88/><W2/><G2/><T9/><D9/><U108/><E108/><V125/><F19/><W62/><G91/><T5/><D5/><U75/><E75/><V14/><F16/><W73/><G94/><T29/><D29/><U44/><AGARI ba="3,1" hai="4,6,7,24,28,33,44,51,54,61,64,69,122,123" machi="44" ten="30,8000,1" yaku="1,1,0,1,52,3,53,0" doraHai="0" doraHaiUra="97" who="1" fromWho="1" sc="65,-23,133,99,593,-43,199,-23" /><INIT seed="3,0,0,4,3,130" ten="42,232,550,176" oya="3" hai0="119,97,102,44,82,128,30,59,29,40,72,98,94" hai1="117,21,109,75,83,16,47,101,69,64,45,35,66" hai2="13,25,90,14,116,70,63,62,24,12,10,96,54" hai3="15,50,0,32,129,95,80,103,19,113,108,67,120"/><W17/><G113/><T42/><D128/><U28/><E109/><V125/><F116/><W2/><G120/><T49/><D119/><U9/><E117/><V38/><F38/><W1/><G129/><T46/><D59/><U123/><E123/><V36/><F36/><W74/><G108/><T124/><D124/><U87/><E75/><V135/><F70/><W57/><G32/><T4/><D4/><U34/><E101/><V93/><F125/><W60/><G50/><T85/><D97/><U78/><E35/><V6/><F135/><W86/><G74/><T79/><REACH who="0" step="1"/><D72/><REACH who="0" ten="32,232,550,176" step="2"/><U55/><E69/><V84/><F96/><W56/><G56/><T53/><D53/><U27/><E55/><V11/><F6/><W107/><G57/><T92/><D92/><U33/><E66/><V52/><F54/><W43/><G95/><T71/><D71/><U89/><E64/><V23/><F52/><W100/><G107/><T58/><D58/><U112/><E112/><V61/><F93/><W127/><G127/><T114/><D114/><U39/><E45/><V122/><F122/><W133/><G67/><T88/><D88/><U48/><E89/><V7/><F90/><W37/><G103/><T121/><D121/><U106/><E106/><V115/><F115/><W104/><G100/><T110/><D110/><U31/><E47/><V132/><F7/><W8/><G104/><T51/><AGARI ba="0,1" hai="29,30,40,42,44,46,49,51,79,82,85,94,98,102" machi="51" ten="20,8000,1" yaku="1,1,0,1,7,1,9,1,8,1,53,0" doraHai="130" doraHaiUra="118" who="0" fromWho="0" sc="32,90,232,-20,550,-20,176,-40" /><INIT seed="4,0,0,2,1,12" ten="122,212,530,136" oya="0" hai0="59,7,51,28,84,49,106,9,32,130,65,97,90" hai1="25,43,13,81,68,39,96,63,135,109,26,132,72" hai2="73,129,115,16,38,83,14,105,95,55,67,79,33" hai3="110,70,17,87,76,23,21,29,27,125,69,48,98"/><T74/><D74/><U93/><E109/><V82/><F105/><W91/><G110/><T77/><D130/><U11/><E39/><V5/><F33/><W126/><G76/><T47/><D32/><U61/><E43/><V64/><F38/><W71/><G98/><T15/><D28/><U30/><E81/><V31/><F31/><W54/><G23/><T56/><D106/><U2/><E2/><V24/><F24/><W44/><REACH who="3" step="1"/><G29/><REACH who="3" ten="122,212,530,126" step="2"/><T122/><D77/><U22/><E30/><V92/><F79/><W111/><G111/><T57/><D97/><U103/><E96/><V124/><F73/><W123/><G123/><T6/><D122/><U89/><E26/><V34/><F34/><W45/><G45/><T18/><D65/><U112/><E25/><V101/><F64/><W119/><G119/><T80/><REACH who="0" step="1"/><D51/><REACH who="0" ten="112,212,530,126" step="2"/><U53/><E135/><V4/><F129/><W120/><G120/><T60/><D60/><U107/><E132/><V131/><F67/><W121/><G121/><T52/><AGARI ba="0,2" hai="6,7,9,15,18,47,49,52,56,57,59,80,84,90" machi="52" ten="30,24000,3" yaku="1,1,0,1,25,2,8,1,52,1,54,1,53,2" doraHai="12" doraHaiUra="0" who="0" fromWho="0" sc="112,260,212,-80,530,-80,126,-80" /><INIT seed="4,1,0,3,2,62" ten="372,132,450,46" oya="0" hai0="56,71,7,30,93,36,95,92,99,115,96,91,33" hai1="22,125,26,113,46,90,57,127,60,39,76,69,15" hai2="109,105,126,111,50,42,0,97,135,52,9,43,85" hai3="66,11,47,8,59,63,27,80,72,65,118,110,13"/><T23/><D71/><U64/><E113/><V123/><F123/><W114/><G110/><T45/><D115/><U78/><E15/><V83/><F135/><W18/><G114/><T20/><D7/><U120/><E120/><V35/><F35/><W67/><G118/><T44/><D33/><U128/><E128/><V87/><F126/><N who="1" m="48137" /><E69/><V10/><F97/><N who="0" m="37450" /><D36/><U28/><E90/><V75/><F75/><W94/><G94/><N who="0" m="36459" /><D56/><U5/><E5/><V117/><F117/><W41/><G72/><T6/><D6/><U134/><E134/><V81/><F105/><W37/><G80/><T68/><D68/><U40/><AGARI ba="1,0" hai="22,26,28,39,40,46,57,60,64,76,78" m="48137" machi="40" ten="30,2000,0" yaku="18,1,52,1" doraHai="62" who="1" fromWho="1" sc="372,-11,132,23,450,-6,46,-6" /><INIT seed="5,0,0,1,3,37" ten="361,155,444,40" oya="1" hai0="83,18,13,19,124,70,59,68,119,36,25,120,5" hai1="12,91,56,8,108,132,11,30,54,34,45,115,2" hai2="105,125,85,51,109,73,131,65,20,41,4,26,74" hai3="31,79,21,32,126,38,94,123,71,15,29,86,63"/><U9/><E115/><V58/><F105/><W89/><G123/><T84/><D119/><U16/><E132/><V81/><F109/><W118/><G126/><T67/><D36/><U103/><E108/><V114/><F4/><W102/><G118/><T23/><D124/><U62/><E103/><V113/><F131/><W112/><G112/><N who="2" m="43113" /><F125/><W53/><G32/><T42/><D120/><U78/><E78/><N who="2" m="46263" /><F65/><W98/><G38/><T7/><D42/><U82/><E2/><V93/><F93/><W64/><G79/><T44/><D44/><U14/><E34/><V40/><F58/><W87/><G53/><T0/><D0/><U99/><E30/><N who="2" m="17735" /><F51/><W92/><REACH who="3" step="1"/><G87/><REACH who="3" ten="361,155,444,30" step="2"/><T22/><D70/><U110/><E110/><V95/><F40/><W52/><G52/><T107/><D68/><U28/><E54/><V39/><F41/><W134/><G134/><T116/><D116/><U6/><E45/><V61/><F39/><W46/><G46/><T97/><D67/><U122/><E122/><V88/><F61/><W35/><G35/><T117/><D117/><U57/><E62/><V129/><F129/><W101/><G101/><N who="0" m="62895" /><D59/><U106/><E57/><V69/><F69/><W76/><G76/><T96/><D96/><AGARI ba="0,1" hai="73,74,88,95,96" m="17735,46263,43113" machi="96" ten="30,3900,0" yaku="15,1,11,1,54,1" doraHai="37" who="2" fromWho="0" sc="361,-39,155,0,444,49,30,0" /><INIT seed="6,0,0,1,4,73" ten="322,155,493,30" oya="2" hai0="100,17,38,33,132,78,82,75,74,16,3,18,89" hai1="47,46,31,69,110,115,48,26,124,35,65,44,4" hai2="101,118,34,120,98,39,108,130,113,135,60,14,21" hai3="87,19,117,81,7,107,51,106,126,41,32,22,43"/><V133/><F60/><W12/><G126/><T91/><D74/><U13/><E110/><V37/><F21/><W94/><G117/><T30/><D132/><U114/><E124/><V1/><F14/><W127/><G127/><T45/><D3/><U67/><E48/><V95/><F95/><W72/><G32/><T121/><D121/><U84/><E84/><V71/><F98/><W96/><G72/><T125/><D100/><U103/><E103/><V50/><F50/><W104/><G51/><T28/><D125/><U2/><E2/><V42/><F42/><W56/><G56/><T53/><D33/><U119/><E119/><V15/><F15/><W76/><REACH who="3" step="1"/><G7/><REACH who="3" ten="322,155,493,20" step="2"/><T49/><REACH who="0" step="1"/><D38/><REACH who="0" ten="312,155,493,20" step="2"/><U112/><E114/><V24/><F39/><W0/><G0/><T63/><D63/><U8/><E112/><V79/><F34/><W97/><G97/><T6/><D6/><U36/><E115/><V77/><F37/><W59/><G59/><T23/><D23/><U99/><E36/><V66/><F113/><W25/><G25/><T57/><D57/><U131/><E99/><V5/><F1/><W58/><G58/><T61/><D61/><U111/><E4/><V102/><F5/><W10/><G10/><T122/><D122/><U64/><E8/><V128/><F120/><W20/><G20/><T85/><D85/><U29/><E26/><V27/><F27/><W80/><G80/><T109/><D109/><U83/><E111/><V62/><F108/><W54/><G54/><T70/><D70/><U92/><E69/><V9/><F71/><W11/><G11/><RYUUKYOKU ba="0,2" sc="312,15,155,-15,493,-15,20,15" hai0="16,17,18,28,30,45,49,53,75,78,82,89,91" hai3="12,19,22,41,43,76,81,87,94,96,104,106,107" /><INIT seed="7,1,2,5,2,129" ten="327,140,478,35" oya="3" hai0="36,107,109,99,104,113,133,120,76,122,88,77,83" hai1="97,65,121,28,49,48,123,108,78,80,12,34,128" hai2="10,134,94,115,40,96,111,91,21,7,32,117,135" hai3="6,130,20,64,37,98,27,14,73,90,81,71,47"/><W70/><G130/><T22/><D22/><U39/><E108/><V106/><F32/><W58/><G73/><T89/><D36/><U85/><E39/><V119/><F111/><W124/><G124/><T31/><D31/><U30/><E128/><V100/><F40/><W41/><G58/><T114/><D109/><U2/><E2/><V75/><F21/><W46/><G46/><T125/><D83/><U61/><E12/><V15/><F75/><W60/><G71/><T126/><D99/><U9/><E9/><V29/><F29/><W112/><G112/><T17/><D17/><U1/><E1/><V0/><F0/><W84/><G98/><T38/><D38/><U11/><E11/><V74/><F74/><W93/><G81/><T127/><D127/><U4/><E4/><V3/><F3/><W72/><G72/><T16/><D16/><U13/><E13/><V68/><F68/><W19/><REACH who="3" step="1"/><G6/><REACH who="3" ten="327,140,478,25" step="2"/><T54/><D54/><U116/><E97/><N who="2" m="57567" /><F115/><W56/><G56/><T33/><D33/><U103/><E80/><V35/><F35/><W67/><G67/><T25/><D25/><AGARI ba="1,3" hai="14,19,20,25,27,37,41,47,60,64,70,84,90,93" machi="25" ten="40,2000,0" yaku="1,1,53,0" doraHai="129" doraHaiUra="110" who="3" fromWho="0" sc="327,-23,140,0,478,0,25,53" /><INIT seed="7,2,0,5,1,86" ten="304,140,478,78" oya="3" hai0="41,75,94,98,29,42,6,4,132,84,105,12,22" hai1="128,66,26,33,30,13,111,53,133,45,38,90,24" hai2="7,2,110,117,112,122,92,3,106,25,125,31,67" hai3="68,17,88,57,50,107,101,119,16,55,40,126,28"/><W21/><G119/><T73/><D105/><U54/><E111/><V62/><F110/><W114/><G114/><T9/><D6/><U11/><E128/><V71/><F117/><W80/><G126/><T34/><D34/><U27/><E133/><V82/><F92/><W58/><G68/><T95/><D75/><U47/><E66/><V91/><F7/><W10/><G107/><T115/><D73/><U52/><E33/><N who="2" m="20719" /><F112/><W19/><G101/><T77/><D132/><U79/><E79/><V76/><F91/><W5/><G40/><T63/><D63/><U96/><E30/><V56/><F56/><N who="3" m="32887" /><G5/><T127/><D127/><U104/><E38/><V83/><F125/><W32/><G10/><T129/><D129/><U87/><E96/><V8/><F8/><W20/><G32/><T35/><D35/><U18/><E104/><V135/><F135/><W70/><G70/><T72/><D72/><U59/><E59/><N who="3" m="22538" /><G28/><T130/><D130/><U51/><E51/><V93/><F106/><W97/><G80/><AGARI ba="2,0" hai="11,13,18,24,26,27,45,47,52,53,54,80,87,90" machi="80" ten="40,5200,0" yaku="8,1,52,1,54,1" doraHai="86" who="1" fromWho="3" sc="304,0,140,58,478,0,78,-58" owari="304,10.4,198,-20.2,478,57.8,20,-48.0" /></mjloggm>