<mjloggm ver="2.3"><GO type="169" lobby="0"/><UN n0="%4D%4C%5A%4E%55%2D%53%4B" n1="%E6%9C%AA%E6%9D%A5%E5%B0%91%E5%B9%B4" n2="%E3%82%8F%E3%81%8B%E3%82%81%75%64%6E" n3="%E4%BF%BA%E3%81%A7%E3%81%99" dan="17,16,16,16" rate="2156.55,2162.97,2131.54,2065.15" sx="M,F,M,M"/><TAIKYOKU oya="0"/><INIT seed="0,0,0,4,3,134" ten="250,250,250,250" oya="0" hai0="32,40,2,103,107,116,66,7,45,55,23,87,30" hai1="17,56,126,83,96,49,128,86,102,21,72,14,24" hai2="51,101,43,79,77,57,88,42,132,117,0,48,28" hai3="67,76,95,97,131,16,113,52,124,37,61,78,74"/><T36/><D116/><U89/><E128/><V13/><F132/><W46/><G113/><T125/><D23/><U120/><E120/><V94/><F0/><W8/><G131/><T38/><D38/><U70/><E70/><V6/><F101/><W44/><G74/><T98/><D87/><U99/><E72/><V93/><F28/><W106/><G106/><T9/><D55/><N who="1" m="31855" /><E102/><V129/><F129/><W10/><G37/><T69/><D66/><U58/><E126/><V54/><F94/><W115/><G124/><T75/><D75/><U11/><E58/><V50/><F117/><W1/><G1/><T4/><D4/><AGARI ba="0,0" hai="4,11,14,17,21,24,83,86,89,96,99" m="31855" machi="4" ten="30,1000,0" yaku="8,1" doraHai="134" who="1" fromWho="0" sc="250,-10,250,10,250,0,250,0" /><INIT seed="1,0,0,2,1,104" ten="240,260,250,250" oya="1" hai0="62,89,126,64,135,85,14,17,86,26,58,25,101" hai1="72,11,106,15,18,5,77,127,55,33,78,45,27" hai2="28,41,95,100,73,10,30,67,37,22,108,20,39" hai3="98,84,2,7,119,82,52,103,93,111,1,124,71"/><U12/><E106/><V19/><F108/><W74/><G111/><T112/><D112/><U128/><E128/><V90/><F100/><W42/><G124/><T34/><D34/><U29/><E127/><V24/><F67/><W21/><G71/><T109/><D109/><U44/><E55/><V69/><F69/><W133/><G133/><T61/><D135/><U50/><E50/><V75/><F10/><W92/><G42/><T38/><D38/><U117/><E117/><V83/><F83/><W79/><G119/><T97/><D85/><U115/><E115/><V57/><F57/><W96/><G7/><T32/><D32/><U116/><E116/><V118/><F118/><W16/><G52/><T122/><D61/><U131/><E131/><V81/><F81/><W107/><G93/><N who="0" m="58543" /><D122/><U66/><E66/><V87/><F30/><W47/><G47/><T54/><D54/><U8/><REACH who="1" step="1"/><E78/><REACH who="1" ten="240,250,250,250" step="2"/><V94/><F37/><W113/><G113/><T76/><D76/><U114/><E114/><V121/><F121/><W129/><G129/><T91/><D126/><U51/><E51/><V56/><F39/><W35/><G107/><T31/><D64/><U0/><E0/><V36/><F36/><W4/><G1/><T134/><D134/><U46/><E46/><V65/><F65/><W110/><G2/><T123/><D58/><U132/><E132/><V49/><F56/><W130/><G110/><T13/><D62/><U48/><E48/><V99/><F49/><W3/><G3/><T23/><D123/><U40/><E40/><V60/><F41/><W53/><G130/><RYUUKYOKU ba="0,1" sc="240,-10,250,30,250,-10,250,-10" hai1="5,8,11,12,15,18,27,29,33,44,45,72,77" /><INIT seed="1,1,1,2,4,79" ten="230,280,240,240" oya="1" hai0="124,90,6,111,99,5,56,120,135,95,30,1,87" hai1="33,74,36,102,12,72,85,81,104,50,63,100,61" hai2="37,88,116,132,127,115,98,65,35,14,67,97,54" hai3="26,113,60,112,52,53,80,84,22,134,83,131,16"/><U23/><E33/><V107/><F116/><W18/><G134/><T66/><D1/><U46/><E36/><V45/><F132/><W75/><G131/><T27/><D111/><U96/><E100/><V62/><F127/><W110/><G110/><T121/><D124/><U25/><E12/><V24/><F115/><W105/><G105/><T20/><D135/><U49/><E74/><V73/><F73/><W114/><G75/><T15/><D15/><U106/><E106/><V108/><F108/><W58/><G83/><T94/><D120/><U43/><E50/><V69/><F67/><W42/><G42/><T4/><D121/><U117/><E72/><V86/><F107/><W119/><G119/><T126/><D126/><U17/><REACH who="1" step="1"/><E117/><REACH who="1" ten="230,270,240,240" step="2"/><V70/><F14/><W101/><G101/><N who="0" m="60663" /><D4/><U68/><E68/><V118/><F70/><W103/><G103/><T0/><D0/><U11/><E11/><V125/><F118/><W19/><REACH who="3" step="1"/><G53/><REACH who="3" ten="230,270,240,230" step="2"/><T55/><D55/><U59/><E59/><V39/><F125/><W31/><G31/><T109/><D109/><U21/><E21/><V8/><F54/><W64/><G64/><T77/><D66/><U3/><E3/><V10/><F65/><W7/><G7/><T133/><D56/><U128/><E128/><V78/><F69/><W51/><G51/><T82/><D133/><U123/><E123/><V57/><F57/><W76/><AGARI ba="1,3" hai="16,18,19,22,26,52,58,60,76,80,84,112,113,114" machi="76" ten="30,8000,1" yaku="1,1,0,1,52,1,54,2,53,0" doraHai="79" doraHaiUra="32" who="3" fromWho="3" sc="230,-21,270,-41,240,-21,230,113" /><INIT seed="2,0,0,1,4,78" ten="209,229,219,343" oya="2" hai0="107,12,33,4,94,18,51,41,61,104,129,73,116" hai1="117,80,103,6,125,118,19,112,106,88,46,128,16" hai2="109,23,95,24,63,93,34,122,2,50,29,28,21" hai3="121,96,110,45,48,108,1,30,60,68,86,11,100"/><V7/><F122/><W17/><G121/><T83/><D33/><U64/><E112/><V55/><F109/><W58/><G30/><T81/><D73/><U101/><E125/><V47/><F34/><W75/><G75/><T10/><D107/><U119/><E128/><V53/><F7/><W67/><G86/><T76/><D76/><U91/><E6/><V44/><F2/><W8/><G1/><T66/><D104/><U62/><E46/><V71/><F71/><W42/><G68/><T127/><D127/><U54/><E54/><V38/><F38/><W84/><G84/><T123/><D123/><U126/><E126/><V111/><F111/><N who="3" m="42539" /><G17/><T99/><D129/><U52/><E52/><V37/><F37/><W90/><G90/><T40/><D18/><U43/><E43/><V130/><F130/><W70/><G58/><N who="0" m="37175" /><D116/><U69/><E91/><V120/><F120/><W74/><G74/><T105/><D105/><AGARI ba="0,0" hai="8,11,42,45,48,60,67,70,96,100,105" m="42539" machi="105" ten="30,1000,0" yaku="14,1" doraHai="78" who="3" fromWho="0" sc="209,-10,229,0,219,0,343,10" /><INIT seed="3,0,0,3,5,107" ten="199,229,219,353" oya="3" hai0="46,99,23,77,88,72,123,119,63,110,104,65,86" hai1="0,118,35,30,135,130,94,126,64,15,3,58,116" hai2="112,111,36,108,27,55,39,83,32,134,41,92,59" hai3="121,54,95,127,7,97,60,26,40,17,44,93,105"/><W2/><G121/><T34/><D34/><U98/><E130/><V16/><F112/><W71/><G127/><T106/><D123/><U87/><E126/><V9/><F134/><W50/><G105/><T1/><D1/><U113/><E113/><V125/><F125/><W122/><G122/><T76/><D46/><U66/><E135/><V19/><F92/><W73/><G73/><T124/><D124/><U91/><E35/><V82/><F41/><W37/><G7/><T75/><D23/><U45/><E30/><V78/><F83/><W49/><G2/><N who="1" m="554" /><E45/><V131/><F131/><W47/><G37/><T13/><D13/><U48/><E15/><N who="2" m="7279" /><F19/><W14/><G26/><T61/><D86/><U133/><E87/><V8/><F8/><W128/><G128/><T24/><D99/><U22/><E22/><V38/><F27/><W80/><G80/><T114/><D24/><U18/><E18/><V33/><F82/><W85/><G85/><T101/><D114/><U52/><E133/><V42/><F78/><W67/><G97/><T115/><D115/><U90/><E91/><V89/><F89/><W79/><G79/><T53/><D88/><U25/><E25/><V51/><F42/><W132/><G132/><T5/><D5/><U57/><E57/><V129/><F129/><W31/><G31/><T11/><D11/><AGARI ba="0,0" hai="11,14,17,40,44,47,49,50,54,60,67,71,93,95" machi="11" ten="30,1500,0" yaku="7,1" doraHai="107" who="3" fromWho="0" sc="199,-15,229,0,219,0,353,15" /><INIT seed="3,1,0,4,1,27" ten="184,229,219,368" oya="3" hai0="108,99,96,49,117,134,17,12,81,90,29,130,51" hai1="15,94,92,121,53,39,101,33,102,48,77,93,128" hai2="36,55,2,56,114,7,122,46,40,132,58,24,116" hai3="32,6,110,68,89,135,47,41,37,59,16,66,18"/><W75/><G135/><T119/><D134/><U87/><E121/><V0/><F132/><W26/><G110/><T22/><D108/><U112/><E112/><V8/><F116/><W126/><G126/><T23/><D130/><U91/><E39/><V123/><F114/><W104/><G68/><T61/><D61/><U25/><E128/><V109/><F109/><W21/><G32/><T67/><D67/><U79/><E15/><V11/><F24/><W43/><G43/><T86/><D117/><U10/><E10/><V76/><F76/><N who="1" m="29257" /><E25/><V4/><REACH who="2" step="1"/><F58/><REACH who="2" ten="184,229,209,368" step="2"/><W105/><G59/><T54/><D119/><U78/><E78/><V74/><F74/><W38/><G75/><T103/><D96/><U52/><E33/><V124/><F124/><W34/><G34/><T120/><D120/><U1/><E1/><V82/><F82/><W85/><G26/><T72/><D72/><U42/><E101/><V35/><F35/><W45/><G47/><T28/><D103/><U44/><E102/><V80/><F80/><AGARI ba="1,1" hai="42,44,48,52,53,80,87,91,92,93,94" m="29257" machi="80" ten="30,2000,0" yaku="8,1,54,1" doraHai="27" who="1" fromWho="2" sc="184,0,229,33,209,-23,368,0" /><INIT seed="4,0,0,3,2,66" ten="184,262,186,368" oya="0" hai0="0,85,127,44,1,101,120,60,33,73,72,53,45" hai1="19,20,88,17,30,129,133,61,14,126,100,8,86" hai2="90,26,91,32,103,58,39,50,135,76,40,99,68" hai3="49,78,110,25,56,108,21,97,22,28,104,47,119"/><T98/><D120/><U15/><E129/><V118/><F135/><W102/><G119/><T131/><D33/><U69/><E133/><V115/><F115/><W80/><G56/><T81/><D131/><U4/><E126/><V92/><F118/><W24/><G49/><T67/><D127/><U42/><E100/><V130/><F130/><W79/><G47/><T122/><D72/><U63/><E42/><V16/><F68/><W65/><G65/><T105/><D73/><U18/><E30/><V132/><F132/><W109/><REACH who="3" step="1"/><G80/><REACH who="3" ten="184,262,186,358" step="2"/><T37/><D37/><U107/><E69/><V87/><F58/><W29/><AGARI ba="0,1" hai="21,22,24,25,28,29,78,79,97,102,104,108,109,110" machi="29" ten="30,7900,0" yaku="1,1,2,1,0,1,9,1,53,0" doraHai="66" doraHaiUra="64" who="3" fromWho="3" sc="184,-39,262,-20,186,-20,358,89" /><INIT seed="5,0,0,0,4,54" ten="145,242,166,447" oya="1" hai0="51,56,62,43,97,35,90,60,128,101,119,98,135" hai1="39,40,134,18,17,33,36,25,58,86,78,8,77" hai2="67,88,59,26,133,124,87,108,85,76,100,113,14" hai3="5,64,27,107,63,4,122,42,120,65,3,109,121"/><U93/><E134/><V37/><F108/><W44/><G109/><T127/><D35/><U89/><E36/><V72/><F133/><W115/><G107/><T130/><D119/><U29/><E39/><V103/><F37/><N who="3" m="21583" /><G65/><T12/><D127/><U23/><E40/><V9/><F72/><W20/><G20/><T71/><D71/><U16/><E33/><V53/><F67/><W75/><G5/><T41/><D12/><U55/><REACH who="1" step="1"/><E8/><REACH who="1" ten="145,232,166,447" step="2"/><V50/><F124/><W69/><G122/><T118/><D135/><U73/><E73/><V1/><F9/><N who="3" m="2207" /><G75/><T91/><D118/><U83/><E83/><V112/><F112/><W104/><G115/><T74/><D74/><U13/><E13/><V102/><F14/><W92/><G27/><T105/><D41/><U95/><E95/><V7/><F113/><W61/><G92/><T81/><D43/><U125/><E125/><V22/><F26/><W132/><G132/><T21/><D81/><U31/><E31/><V49/><F1/><W116/><G116/><T28/><D28/><U123/><E123/><V32/><F32/><W2/><G2/><T82/><D82/><U11/><E11/><V19/><F22/><W96/><G121/><T10/><D10/><U99/><E99/><V66/><F7/><W34/><G34/><T110/><D21/><U80/><E80/><V6/><F6/><W114/><G120/><T126/><D126/><U84/><E84/><V79/><F85/><W0/><G0/><T129/><D98/><U111/><E111/><V94/><F87/><W57/><G114/><T48/><D110/><RYUUKYOKU ba="0,1" sc="145,-10,232,30,166,-10,447,-10" hai1="16,17,18,23,25,29,55,58,77,78,86,89,93" /><INIT seed="5,1,1,5,3,105" ten="135,262,156,437" oya="1" hai0="44,111,43,61,102,30,82,101,70,109,108,13,72" hai1="134,51,118,77,65,99,45,32,2,0,20,83,131" hai2="3,133,132,18,35,97,53,33,123,21,24,119,60" hai3="100,7,89,126,85,115,127,87,130,55,80,5,107"/><U29/><E118/><V52/><F119/><W114/><G130/><T9/><D30/><U69/><E134/><N who="2" m="51819" /><F123/><W121/><G121/><T47/><D61/><U95/><E131/><V31/><F3/><W76/><G55/><N who="2" m="21065" /><F60/><W86/><G100/><T11/><D70/><U49/><E32/><N who="2" m="12363" /><F97/><W103/><G103/><T73/><D82/><U27/><E0/><V128/><F128/><W37/><G107/><T17/><D9/><U22/><E2/><V120/><F120/><W56/><G80/><T38/><D102/><U106/><E106/><V34/><N who="2" m="12371" /><V48/><DORA hai="15" /><F48/><W54/><G37/><T64/><D64/><U88/><E51/><V94/><F94/><W63/><G63/><T74/><D101/><U46/><E65/><V6/><F6/><W23/><G5/><T50/><REACH who="0" step="1"/><D111/><REACH who="0" ten="125,262,156,437" step="2"/><U68/><E68/><V84/><F84/><W41/><G86/><T91/><D91/><U71/><E69/><V39/><F39/><W40/><G85/><T98/><D98/><U42/><E71/><V117/><F117/><W4/><G87/><T36/><D36/><U122/><E122/><V78/><F78/><W90/><G76/><T62/><D62/><U19/><E77/><V10/><F10/><W92/><G90/><T125/><D125/><U12/><E83/><V81/><F81/><W14/><G89/><T25/><D25/><U135/><E135/><V116/><F116/><W1/><G127/><T66/><D66/><U96/><E99/><V59/><F31/><W93/><G126/><T129/><D129/><U16/><E29/><V28/><F28/><RYUUKYOKU ba="1,2" sc="125,10,262,10,156,10,437,-30" hai0="11,13,17,38,43,44,47,50,72,73,74,108,109" hai1="12,16,19,20,22,27,42,45,46,49,88,95,96" hai2="18,21,24,59" /><INIT seed="5,2,2,3,5,46" ten="135,272,166,407" oya="1" hai0="35,79,121,97,118,76,6,45,33,67,94,41,100" hai1="87,69,14,31,66,105,65,63,125,57,47,20,59" hai2="7,0,91,61,2,109,5,133,54,44,38,117,110" hai3="28,3,60,77,19,58,82,13,90,128,18,9,22"/><U25/><E105/><V42/><F117/><W108/><G108/><T21/><D118/><U95/><E125/><V12/><F133/><W93/><G128/><T131/><D131/><U78/><E65/><V4/><F12/><W52/><G28/><T126/><D126/><U40/><E14/><V62/><F91/><W30/><G30/><T130/><D130/><U124/><E124/><V84/><F84/><N who="3" m="48207" /><G3/><T68/><D121/><U32/><E32/><V39/><F39/><W96/><G22/><T114/><D114/><U10/><E10/><V98/><F98/><W53/><G53/><T129/><D6/><AGARI ba="2,2" hai="6,9,13,18,19,52,58,60,90,93,96" m="48207" machi="6" ten="30,2000,0" yaku="8,1,54,1" doraHai="46" who="3" fromWho="0" sc="135,-26,272,0,166,0,407,46" /><INIT seed="6,0,0,3,5,13" ten="109,272,166,453" oya="2" hai0="113,12,126,61,57,9,83,92,115,114,100,70,97" hai1="55,68,41,134,59,27,44,16,73,111,60,75,125" hai2="20,18,34,102,104,118,3,32,98,78,131,135,110" hai3="79,1,66,116,62,29,36,76,99,39,8,28,124"/><V22/><F118/><W106/><G116/><T120/><D70/><U65/><E111/><V14/><F3/><W17/><G106/><T123/><D83/><U6/><E6/><V2/><F2/><W105/><G105/><T86/><D86/><U11/><E134/><V5/><F135/><W94/><G39/><T21/><D21/><U58/><E58/><V119/><F119/><W40/><G40/><T89/><D100/><U121/><E125/><V45/><F131/><W31/><G36/><T117/><D126/><U72/><E121/><V85/><F5/><W130/><G130/><T88/><D89/><U101/><E101/><V56/><F110/><W49/><G49/><T48/><D48/><N who="1" m="31207" /><E75/><V74/><F74/><W81/><G81/><T64/><REACH who="0" step="1"/><D117/><REACH who="0" ten="99,272,166,453" step="2"/><U35/><E68/><V23/><F23/><W103/><G124/><T25/><D25/><U30/><E27/><V90/><F22/><W51/><G103/><T67/><D67/><U69/><E65/><V127/><F127/><W84/><G66/><T15/><D15/><U122/><E69/><V80/><F90/><W91/><G91/><T19/><AGARI ba="0,1" hai="9,12,19,57,61,64,88,92,97,113,114,115,120,123" machi="19" ten="30,12000,2" yaku="1,1,0,1,15,1,52,1,54,1,53,1" doraHai="13" doraHaiUra="10" who="0" fromWho="0" sc="99,130,272,-30,166,-60,453,-30" /><INIT seed="7,0,0,3,3,107" ten="229,242,106,423" oya="3" hai0="17,99,70,45,38,129,74,109,80,112,16,117,95" hai1="1,111,9,51,122,76,27,3,103,102,115,4,64" hai2="20,79,119,105,62,18,69,43,48,86,46,57,58" hai3="128,114,19,108,12,44,33,89,104,54,25,106,13"/><W0/><G54/><T75/><D70/><U55/><E111/><V83/><F119/><W61/><G61/><T132/><D117/><U113/><E122/><V90/><F105/><W50/><G50/><T73/><D109/><U49/><E64/><V127/><F127/><W53/><G53/><T87/><D38/><U82/><E3/><V6/><F69/><W72/><G44/><T24/><D132/><U22/><E102/><V67/><F6/><W23/><G72/><T93/><D93/><U92/><E92/><V2/><F2/><W7/><G0/><T35/><D45/><U135/><E103/><V29/><F57/><W65/><G128/><T133/><D133/><U98/><E98/><V31/><REACH who="2" step="1"/><F79/><REACH who="2" ten="229,242,96,423" step="2"/><W91/><G106/><T11/><D129/><U26/><E135/><V130/><F130/><W134/><G104/><T47/><D47/><U52/><E76/><V78/><F78/><W32/><G7/><T42/><D112/><U94/><E4/><V85/><F85/><W116/><G114/><T131/><D87/><U8/><E1/><V121/><F121/><W100/><G116/><T118/><D131/><U120/><E113/><V39/><F39/><W123/><G123/><T40/><D118/><U96/><E115/><V71/><F71/><W34/><G134/><T59/><D73/><U63/><E120/><V124/><F124/><W14/><G108/><T97/><D74/><U88/><E96/><V125/><F125/><W21/><G34/><T36/><D97/><U41/><E63/><V84/><F84/><W10/><G10/><BYE who="3" /><T110/><D11/><RYUUKYOKU ba="0,1" sc="229,-10,242,-10,96,30,423,-10" hai2="18,20,29,31,43,46,48,58,62,67,83,86,90" owari="219,-18.1,232,3.2,126,-37.4,423,52.3" /></mjloggm>