<mjloggm ver="2.3"><GO type="169" lobby="0"/><UN n0="%79%61%63%68%69%33%35%38" n1="%52%35" n2="%E3%83%90%E3%82%AD" n3="%E3%81%A1%E3%82%83%E3%82%93%E3%81%86%E3%82%81" dan="16,17,16,16" rate="2094.18,2223.75,2129.49,2104.49" sx="M,M,M,M"/><TAIKYOKU oya="0"/><INIT seed="0,0,0,4,3,29" ten="250,250,250,250" oya="0" hai0="109,84,64,21,4,7,15,5,125,94,51,117,71" hai1="24,32,53,98,88,34,132,39,3,96,56,101,86" hai2="130,122,134,61,135,77,90,31,37,1,11,33,85" hai3="131,78,40,105,25,36,108,44,52,10,67,91,28"/><T126/><D117/><U112/><E39/><V82/><F122/><W73/><G105/><T87/><D71/><U80/><E3/><V41/><F130/><W81/><G108/><T75/><D75/><U50/><E132/><N who="2" m="50731" /><F61/><W107/><G107/><T23/><D64/><U2/><E2/><V6/><F41/><W54/><G131/><T83/><D51/><U119/><E119/><V22/><F37/><W93/><G10/><T0/><D0/><U92/><E112/><V68/><F68/><W113/><G113/><T124/><D109/><U89/><E24/><N who="2" m="18663" /><F22/><N who="0" m="8202" /><D94/><AGARI ba="0,0" hai="32,34,50,53,56,80,86,88,89,92,94,96,98,101" machi="94" ten="30,7700,0" yaku="7,1,52,2,54,1" doraHai="29" who="1" fromWho="0" sc="250,-77,250,77,250,0,250,0" /><INIT seed="1,0,0,0,5,32" ten="173,327,250,250" oya="1" hai0="45,113,20,111,51,3,36,53,85,7,100,128,131" hai1="89,112,103,135,126,94,119,31,105,124,21,87,93" hai2="37,106,110,14,47,34,118,81,26,80,52,64,63" hai3="97,75,96,61,104,5,19,49,74,78,28,69,12"/><U92/><E31/><V54/><F106/><W24/><G5/><T29/><D113/><U15/><E15/><V98/><F118/><W76/><G75/><T48/><D100/><U72/><E21/><V42/><F110/><W82/><G78/><T127/><D111/><U67/><E67/><V10/><F98/><W65/><G104/><T59/><D36/><U8/><E8/><V1/><F1/><W56/><G69/><T39/><D39/><U6/><E6/><V101/><F101/><W16/><G49/><T133/><D133/><U109/><E109/><V27/><F81/><W115/><G19/><T35/><D35/><U4/><E4/><V91/><F91/><W55/><G65/><T132/><D85/><U86/><E112/><V123/><F80/><W58/><G58/><T130/><D132/><U46/><E46/><V129/><F123/><W73/><G73/><T77/><D77/><U116/><E135/><V102/><F102/><W23/><REACH who="3" step="1"/><G115/><REACH who="3" ten="173,327,250,240" step="2"/><T114/><D114/><U0/><E72/><V22/><F64/><W99/><G99/><T44/><D48/><U2/><E105/><V79/><F37/><W84/><G84/><N who="1" m="32298" /><E103/><V66/><F66/><W107/><G107/><T33/><D59/><U134/><E134/><V120/><F47/><W121/><G121/><T71/><D71/><U68/><E68/><V40/><F120/><W117/><G117/><N who="1" m="45130" /><E89/><V43/><F63/><W50/><G50/><T30/><D44/><U122/><E122/><V83/><F79/><W90/><G90/><T9/><D45/><U13/><E126/><V125/><F125/><RYUUKYOKU ba="0,1" sc="173,-10,327,-10,250,-10,240,30" hai3="12,16,23,24,28,55,56,61,74,76,82,96,97" /><INIT seed="2,1,1,2,0,86" ten="163,317,240,270" oya="2" hai0="85,84,62,40,5,121,44,43,135,96,47,50,15" hai1="108,98,22,65,7,33,110,53,29,70,45,57,132" hai2="58,106,36,102,14,28,92,71,3,94,61,123,117" hai3="91,51,56,34,2,114,64,25,97,41,101,81,49"/><V35/><F117/><W129/><G2/><T100/><D121/><U76/><E132/><V32/><F123/><W130/><G114/><T37/><D135/><U10/><E33/><V11/><F3/><W59/><G34/><T23/><D62/><U116/><E70/><V42/><F42/><W1/><G1/><T133/><D133/><U52/><E116/><V131/><F36/><W119/><G25/><T128/><D128/><U80/><E65/><V66/><F131/><W63/><G119/><T4/><D4/><U82/><E45/><V20/><F20/><W39/><G39/><T90/><D23/><U118/><E53/><V79/><F79/><W83/><G41/><T18/><D5/><U0/><E98/><N who="2" m="61783" /><F58/><W93/><G59/><T13/><D18/><U30/><E82/><V8/><F35/><W19/><G83/><T107/><REACH who="0" step="1"/><D84/><REACH who="0" ten="153,317,240,270" step="2"/><U109/><E118/><V124/><F8/><W134/><G19/><T99/><D99/><U55/><E22/><V103/><F124/><W72/><G134/><T38/><D38/><U31/><E57/><V74/><F11/><W12/><G129/><T6/><D6/><U77/><E77/><V21/><F21/><W73/><G130/><T126/><D126/><U75/><AGARI ba="1,2" hai="0,7,10,29,30,31,52,55,75,76,80,108,109,110" machi="75" ten="40,5200,0" yaku="0,1,14,1,54,1" doraHai="86" who="1" fromWho="1" sc="153,-14,317,75,240,-27,270,-14" /><INIT seed="3,0,0,1,0,59" ten="139,392,213,256" oya="3" hai0="74,60,117,87,76,78,40,57,35,14,91,65,121" hai1="98,96,89,3,107,27,43,38,93,17,21,23,73" hai2="84,123,32,108,130,53,0,118,7,99,31,18,70" hai3="29,28,80,135,8,44,24,101,30,69,133,116,77"/><W39/><G116/><T114/><D117/><U106/><E73/><V49/><F118/><W112/><G112/><T4/><D121/><U109/><E3/><V37/><F37/><W51/><G39/><T54/><D35/><U110/><E43/><V45/><F123/><W83/><G69/><T115/><D40/><U55/><E38/><V131/><F70/><W10/><G101/><T61/><D74/><U105/><E98/><V132/><F108/><W9/><G24/><T16/><D4/><U22/><E22/><V20/><F132/><N who="3" m="50763" /><G77/><N who="0" m="29803" /><D115/><U81/><E81/><N who="3" m="31306" /><G51/><N who="0" m="30943" /><D114/><U36/><E36/><V88/><F131/><W72/><G72/><T47/><D65/><U128/><E128/><V92/><F130/><W67/><G67/><T134/><D47/><AGARI ba="0,0" hai="8,9,10,28,29,30,44,47" m="31306,50763" machi="47" ten="40,7700,0" yaku="28,2,20,1" doraHai="59" who="3" fromWho="0" sc="139,-77,392,0,213,0,256,77" /><INIT seed="3,1,0,2,0,71" ten="62,392,213,333" oya="3" hai0="18,121,82,122,7,78,125,48,51,22,13,49,70" hai1="47,31,26,41,30,28,20,86,81,67,29,35,32" hai2="131,24,69,133,34,33,108,5,84,76,134,64,93" hai3="107,117,25,65,54,95,85,112,63,6,92,9,42"/><W36/><G112/><T110/><D70/><U72/><E72/><V111/><F64/><W114/><G114/><T62/><D110/><N who="2" m="42026" /><F69/><W116/><G107/><T73/><D125/><U44/><E67/><V59/><F59/><W16/><G54/><T94/><D62/><U119/><E119/><V90/><F76/><W2/><G92/><T53/><D53/><U87/><E47/><V38/><F38/><W27/><G95/><T3/><D94/><U129/><E129/><V103/><F131/><W17/><G85/><T120/><D3/><U77/><REACH who="1" step="1"/><E86/><REACH who="1" ten="62,382,213,333" step="2"/><V23/><F84/><W37/><G117/><T88/><REACH who="0" step="1"/><D7/><REACH who="0" ten="52,382,213,333" step="2"/><U52/><E52/><V105/><F5/><W10/><G116/><T50/><N who="0" m="12288" /><DORA hai="46" /><T83/><D83/><U11/><E11/><V101/><F134/><W123/><G6/><T99/><D99/><U21/><E21/><V55/><F133/><W132/><G132/><T4/><D4/><U128/><E128/><V91/><F23/><W74/><G9/><T98/><D98/><U56/><E56/><V0/><F33/><W100/><G10/><T45/><D45/><U58/><E58/><V89/><F34/><W104/><G2/><T126/><D126/><U60/><E60/><V1/><F55/><W115/><G63/><T124/><D124/><U96/><E96/><N who="2" m="59535" /><F0/><W102/><G115/><T68/><D68/><U109/><E109/><V127/><F1/><W113/><G113/><T39/><D39/><AGARI ba="1,2" hai="20,26,28,29,30,31,32,35,39,41,44,77,81,87" machi="39" ten="40,8000,1" yaku="1,1,52,1,53,2" doraHai="71,46" doraHaiUra="79,75" who="1" fromWho="0" sc="52,-83,382,103,213,0,333,0" owari="-31,-53.1,485,58.5,213,-18.7,333,13.3" /></mjloggm>