<mjloggm ver="2.3"><GO type="169" lobby="0"/><UN n0="%E9%88%8D%E7%97%9B" n1="%6F%75%74%E7%A5%AD%E3%82%8A" n2="%E6%84%9A%E5%85%84%E3%81%8C%E6%84%9A%E5%BD%A2" n3="%E3%81%93%E3%82%8D%E3%81%86%E3%81%BE%E3%82%8B" dan="16,16,16,16" rate="2112.26,2069.94,2114.41,2052.83" sx="F,M,M,M"/><TAIKYOKU oya="0"/><INIT seed="0,0,0,0,0,100" ten="250,250,250,250" oya="0" hai0="19,24,103,123,95,84,41,76,88,97,65,43,31" hai1="49,46,27,67,21,134,91,52,124,10,51,28,30" hai2="73,50,94,34,16,63,110,85,121,107,101,99,117" hai3="11,44,111,74,4,25,40,104,90,93,61,29,75"/><T54/><D123/><U42/><E134/><V70/><F121/><W96/><G61/><T7/><D7/><U116/><E124/><V77/><F34/><W105/><G111/><T20/><D76/><U129/><E129/><V119/><F50/><W62/><G62/><T89/><D89/><U69/><E116/><V53/><F110/><W17/><G17/><T39/><D65/><U112/><E69/><V12/><F70/><W133/><G133/><T78/><D78/><U92/><E67/><V109/><F109/><W86/><G86/><T9/><D54/><U120/><E10/><V55/><F63/><W33/><G75/><T18/><D39/><U2/><E2/><V82/><F117/><W125/><G74/><T128/><D128/><U114/><E30/><V37/><F37/><W68/><G68/><T14/><REACH who="0" step="1"/><D31/><REACH who="0" ten="240,250,250,250" step="2"/><U132/><E120/><V0/><F119/><W102/><G90/><T15/><D15/><U126/><E132/><V26/><F0/><W47/><G125/><T113/><D113/><U13/><E13/><V127/><F127/><W38/><REACH who="3" step="1"/><G47/><REACH who="3" ten="240,250,250,240" step="2"/><T1/><D1/><AGARI ba="0,2" hai="1,4,11,25,29,33,38,40,44,93,96,102,104,105" machi="1" ten="30,12000,2" yaku="1,1,2,1,7,1,52,2,53,1" doraHai="100" doraHaiUra="5" who="3" fromWho="0" sc="240,-120,250,0,250,0,240,140" /><INIT seed="1,0,0,5,2,85" ten="120,250,250,380" oya="1" hai0="30,22,70,4,75,43,94,120,62,111,66,89,20" hai1="74,112,10,102,92,57,9,24,95,72,8,118,86" hai2="21,105,114,106,67,65,13,2,47,59,63,37,14" hai3="128,134,18,96,7,84,133,0,29,35,3,41,12"/><U117/><E112/><V5/><F114/><W50/><G96/><T32/><D111/><U34/><E57/><V125/><F125/><W17/><G41/><T101/><D75/><U127/><E127/><V99/><F67/><W51/><G84/><T11/><D101/><U82/><E34/><V38/><F2/><N who="3" m="555" /><G51/><T88/><D43/><U108/><E24/><V81/><F47/><W87/><G87/><T83/><D83/><U56/><E56/><V98/><F81/><W126/><G50/><T27/><D120/><U80/><E108/><V76/><F76/><W71/><G71/><T15/><REACH who="0" step="1"/><D94/><REACH who="0" ten="110,250,250,380" step="2"/><U61/><E82/><V131/><F106/><W19/><G126/><T116/><D116/><U110/><E110/><V28/><F105/><W31/><G128/><T26/><D26/><U23/><E74/><V16/><F131/><W124/><G124/><T52/><D52/><U45/><E72/><V64/><F64/><W93/><G93/><T33/><D33/><U40/><E95/><V119/><F119/><W69/><G35/><T77/><D77/><U135/><E92/><V103/><F103/><W68/><G133/><T123/><D123/><U46/><E135/><V1/><F98/><W53/><G53/><T6/><D6/><U25/><E102/><V100/><F99/><W39/><G134/><T55/><D55/><U73/><E73/><V97/><F97/><W48/><G7/><T79/><D79/><U121/><E118/><V42/><F5/><W91/><G39/><T60/><D60/><U109/><E117/><V104/><F100/><W49/><G49/><RYUUKYOKU ba="0,1" sc="110,30,250,-10,250,-10,380,-10" hai0="4,11,15,20,22,27,30,32,62,66,70,88,89" /><INIT seed="2,1,1,0,2,28" ten="140,240,240,370" oya="2" hai0="119,32,57,125,103,20,114,91,82,69,101,42,126" hai1="43,129,84,18,48,109,108,30,3,53,112,35,34" hai2="50,113,128,16,45,90,49,5,133,71,131,110,81" hai3="74,9,0,93,123,72,52,25,89,17,36,121,12"/><V100/><F113/><W47/><G0/><T51/><D69/><U107/><E112/><V76/><F71/><W6/><G36/><T124/><D114/><U75/><E75/><V11/><F100/><W56/><G47/><T68/><D68/><U19/><E107/><V60/><F60/><W7/><G72/><T39/><D39/><U22/><E3/><V132/><F90/><W13/><G74/><T120/><D120/><U15/><E43/><V1/><F110/><N who="1" m="42601" /><E129/><N who="2" m="49739" /><F16/><W66/><G25/><T54/><D42/><U95/><E30/><V135/><F45/><W21/><G66/><T61/><D119/><U10/><E95/><V26/><F26/><W86/><REACH who="3" step="1"/><G6/><REACH who="3" ten="140,240,240,360" step="2"/><T70/><D125/><U2/><E2/><V62/><F62/><AGARI ba="1,2" hai="7,9,12,13,17,21,52,56,62,86,89,93,121,123" machi="62" ten="30,7700,0" yaku="1,1,2,1,7,1,54,1,53,0" doraHai="28" doraHaiUra="37" who="3" fromWho="2" sc="140,0,240,0,240,-80,360,100" /><INIT seed="3,0,0,1,0,39" ten="140,240,160,460" oya="3" hai0="43,46,25,2,82,115,102,22,0,98,21,105,121" hai1="66,114,36,31,89,99,96,95,56,11,86,103,9" hai2="134,24,77,10,84,116,132,72,93,42,4,57,124" hai3="131,128,40,13,83,68,97,33,7,28,3,126,119"/><W91/><G68/><T81/><D121/><U88/><E114/><V122/><F116/><W69/><G69/><T41/><D115/><U70/><E70/><V17/><F124/><W117/><G3/><T101/><D101/><U129/><E129/><N who="3" m="49738" /><G126/><T123/><D123/><U29/><E36/><V62/><F72/><W64/><G64/><T58/><D22/><U38/><E38/><V63/><F63/><W47/><G28/><N who="1" m="10826" /><E89/><V94/><F17/><W59/><G59/><T44/><D58/><U135/><E135/><V61/><F61/><W111/><G33/><T80/><D44/><U118/><E118/><V75/><F75/><W53/><G53/><T65/><D65/><U27/><E27/><V108/><F24/><W37/><G111/><T109/><D109/><U20/><E20/><V8/><F108/><W5/><G13/><T35/><D35/><U48/><E99/><V15/><F122/><W79/><G117/><T23/><D23/><U87/><E87/><V107/><F84/><N who="3" m="48255" /><G119/><T85/><D85/><U92/><E66/><V45/><F15/><W125/><G125/><T74/><D74/><U120/><E120/><V1/><F1/><N who="0" m="618" /><D46/><U30/><E30/><V113/><F45/><W18/><G97/><T54/><D54/><AGARI ba="0,0" hai="9,11,48,54,56,86,88,92,95,96,103" m="10826" machi="54" ten="30,2000,0" yaku="8,1,54,1" doraHai="39" who="1" fromWho="0" sc="140,-20,240,20,160,0,460,0" /><INIT seed="4,0,0,4,1,50" ten="120,260,160,460" oya="0" hai0="17,23,131,97,40,85,102,117,80,72,67,126,6" hai1="47,63,66,11,55,75,87,104,10,70,33,51,84" hai2="103,128,71,134,129,46,60,112,118,105,16,82,86" hai3="91,65,113,127,14,64,74,108,135,27,36,79,49"/><T94/><D117/><U99/><E75/><V88/><F118/><W114/><G108/><T83/><D126/><U30/><E87/><V12/><F134/><W31/><G36/><T45/><D131/><U32/><E84/><V39/><F112/><W116/><G116/><T0/><D67/><U18/><E18/><V76/><F103/><W56/><G135/><T25/><D6/><U68/><E33/><V15/><F15/><W119/><G91/><T62/><D0/><U2/><E2/><V95/><F105/><W38/><G38/><T4/><D4/><U98/><E98/><V26/><F26/><W53/><G14/><T121/><D62/><U52/><E70/><V5/><F5/><W7/><G7/><T111/><D111/><U20/><E20/><V21/><F60/><W124/><G119/><T122/><D72/><U73/><E73/><V8/><F21/><N who="3" m="15855" /><G79/><T37/><REACH who="0" step="1"/><D83/><REACH who="0" ten="110,260,160,460" step="2"/><U44/><E66/><N who="3" m="25706" /><G74/><T13/><D13/><U35/><E68/><V24/><F71/><W59/><G127/><T100/><D100/><U1/><E1/><V34/><F128/><W69/><G69/><T125/><D125/><U93/><E63/><V81/><F129/><W61/><G124/><T41/><D41/><U19/><E35/><V48/><F34/><W110/><G110/><T42/><D42/><U77/><E32/><V132/><F12/><W120/><G120/><T54/><D54/><U101/><E52/><V22/><F132/><W43/><G43/><T92/><D92/><N who="1" m="58599" /><E55/><V9/><F81/><W58/><G61/><T29/><D29/><U133/><E30/><RYUUKYOKU ba="0,1" sc="110,15,260,-15,160,-15,460,15" hai0="17,23,25,37,40,45,80,85,94,97,102,121,122" hai3="49,53,56,58,59,113,114" /><INIT seed="4,1,1,3,3,22" ten="125,245,145,475" oya="0" hai0="109,51,62,92,90,69,68,111,59,42,105,12,96" hai1="79,93,70,78,27,115,123,66,116,53,13,77,112" hai2="29,130,30,113,3,14,55,65,24,9,134,45,107" hai3="54,97,106,11,88,28,104,129,87,108,21,71,128"/><T135/><D135/><U119/><E123/><V64/><F107/><W101/><G108/><N who="0" m="41547" /><D105/><U81/><E13/><V16/><F134/><W0/><G104/><T25/><D12/><U86/><E66/><N who="2" m="25707" /><F3/><W120/><G71/><N who="0" m="27211" /><D62/><U52/><E70/><V75/><F75/><W1/><G120/><T36/><D36/><U73/><E93/><V67/><N who="2" m="25715" /><V133/><DORA hai="127" /><F133/><W132/><G132/><T8/><D8/><U18/><E119/><V41/><F130/><N who="3" m="50283" /><G11/><T44/><D59/><U74/><E116/><V26/><F113/><N who="1" m="43593" /><E74/><V82/><F82/><N who="3" m="49271" /><G54/><N who="1" m="21098" /><E73/><V84/><F55/><W58/><G58/><T124/><D124/><U40/><E40/><V98/><F41/><W61/><G61/><T6/><D6/><U20/><AGARI ba="1,1" hai="18,20,27,77,78,79,81,86" m="21098,43593" machi="20" ten="30,7900,0" yaku="15,1,11,1,52,1,54,1" doraHai="22,127" who="1" fromWho="1" sc="125,-40,245,92,145,-21,475,-21" /><INIT seed="5,0,0,4,0,41" ten="85,337,124,454" oya="1" hai0="95,133,69,101,24,46,15,99,131,78,90,130,115" hai1="74,43,110,39,134,88,73,23,17,3,104,111,20" hai2="132,54,7,107,35,76,71,121,82,8,26,65,27" hai3="94,100,96,40,5,2,68,117,30,62,49,122,42"/><U58/><E104/><V120/><F132/><W50/><G122/><T89/><D69/><U10/><E134/><V123/><F107/><W102/><G117/><T92/><D24/><U108/><E58/><V38/><F54/><W80/><G30/><T18/><D133/><U98/><E23/><V4/><F38/><W127/><G102/><T106/><D18/><U60/><E60/><V21/><F35/><W112/><G5/><T86/><D15/><U75/><E10/><V14/><F4/><W52/><G2/><T57/><D57/><U113/><E3/><V11/><F11/><W9/><G9/><T29/><D29/><U6/><E6/><V77/><F77/><W109/><G50/><T124/><D46/><N who="1" m="23935" /><E113/><V47/><F21/><W85/><G62/><T51/><D51/><U19/><E20/><V63/><REACH who="2" step="1"/><F47/><REACH who="2" ten="85,337,114,454" step="2"/><W84/><G42/><T45/><D45/><U56/><E56/><V53/><F53/><W44/><G52/><T81/><D115/><U83/><E98/><V125/><F125/><W103/><G96/><N who="0" m="61735" /><D124/><U22/><E22/><V114/><F114/><W126/><G112/><T1/><D1/><U116/><E116/><V16/><F16/><W0/><G0/><T31/><D31/><U34/><E34/><V64/><F64/><W70/><G126/><T55/><D55/><U91/><E17/><V135/><F135/><W129/><G127/><T128/><D78/><N who="1" m="44495" /><E19/><V105/><F105/><W79/><G40/><T25/><D25/><U33/><E33/><V97/><F97/><W36/><G36/><T87/><D99/><U61/><E61/><RYUUKYOKU ba="0,1" sc="85,10,337,10,114,10,454,-30" hai0="81,86,87,89,90,92,95,128,130,131" hai1="74,75,88,91,108,110,111" hai2="7,8,14,26,27,63,65,71,76,82,120,121,123" /><INIT seed="5,1,1,4,4,118" ten="95,347,124,424" oya="1" hai0="67,57,130,16,111,10,110,93,78,55,79,61,9" hai1="62,70,37,113,46,58,30,120,59,35,28,81,95" hai2="131,17,45,126,96,34,119,20,38,109,132,99,7" hai3="27,63,2,6,32,22,40,112,4,3,124,127,8"/><U39/><E113/><V84/><F119/><W43/><G112/><T82/><D130/><U133/><E95/><V102/><F109/><W108/><G108/><T89/><D110/><U115/><E115/><V134/><F34/><W117/><G32/><T105/><D105/><U100/><E100/><V13/><F126/><N who="3" m="48171" /><G63/><T26/><D111/><U83/><E35/><V31/><F131/><W42/><G117/><T24/><D67/><U116/><E116/><V21/><F7/><N who="3" m="2603" /><G8/><N who="0" m="3179" /><D82/><U97/><E62/><V47/><F84/><W68/><G68/><T69/><D69/><U29/><E97/><V64/><F96/><W5/><G5/><T23/><D26/><U33/><E33/><V91/><F64/><W86/><G86/><AGARI ba="1,1" hai="16,23,24,55,57,61,78,79,86,89,93" m="3179" machi="86" ten="30,2000,0" yaku="8,1,54,1" doraHai="118" who="0" fromWho="3" sc="95,33,347,0,124,0,424,-23" /><INIT seed="6,0,0,0,3,71" ten="128,347,124,401" oya="2" hai0="33,112,46,96,4,72,23,17,52,83,97,121,8" hai1="81,2,47,125,77,36,11,16,127,38,48,108,101" hai2="131,85,80,88,37,65,113,92,116,56,109,93,120" hai3="9,5,31,134,20,133,117,51,123,58,13,84,22"/><V10/><F116/><W39/><G123/><T69/><D69/><U60/><E108/><V14/><F120/><W78/><G39/><T30/><D112/><U21/><E101/><V82/><F113/><W7/><G117/><T79/><D30/><U129/><E60/><N who="2" m="38023" /><F131/><W44/><G58/><T34/><D33/><U41/><E129/><V86/><F37/><W15/><G31/><T32/><D32/><U45/><E11/><V19/><F109/><W6/><G15/><T43/><D52/><U126/><E45/><V94/><F80/><N who="3" m="47127" /><G134/><T122/><D34/><U90/><E90/><AGARI ba="0,0" hai="10,14,19,82,85,86,88,90,92,93,94" m="38023" machi="90" ten="30,2900,0" yaku="8,1,54,1" doraHai="71" who="2" fromWho="1" sc="128,0,347,-29,124,29,401,0" /><INIT seed="6,1,0,4,4,1" ten="128,318,153,401" oya="2" hai0="7,62,25,70,12,97,115,117,35,55,123,111,13" hai1="23,127,71,130,37,86,54,88,16,61,110,132,6" hai2="93,133,104,85,45,3,124,60,24,9,76,80,81" hai3="34,20,75,29,94,36,82,102,15,109,2,49,14"/><V129/><F104/><W84/><G36/><T58/><D111/><U50/><E110/><V51/><F124/><W101/><G2/><T116/><D123/><U112/><E37/><V89/><F129/><W126/><G75/><T90/><D115/><U69/><E112/><V99/><F133/><W27/><G126/><T57/><D70/><U28/><E28/><V17/><F60/><W53/><G109/><T39/><D39/><U114/><E6/><V87/><F24/><W11/><G94/><T30/><D97/><U21/><E21/><V18/><F9/><W65/><G65/><T66/><D90/><U8/><E8/><V10/><F10/><W79/><G34/><T105/><D105/><U83/><E114/><V59/><F59/><N who="3" m="33199" /><G15/><T68/><D68/><U19/><E127/><V107/><F3/><W67/><G67/><T121/><D121/><U64/><E130/><V78/><REACH who="2" step="1"/><F107/><REACH who="2" ten="128,318,143,401" step="2"/><W135/><G135/><T44/><D44/><U120/><E132/><V131/><F131/><W31/><G31/><T5/><D13/><U40/><E120/><V103/><F103/><W47/><G47/><T26/><D25/><U128/><E128/><V118/><F118/><N who="0" m="45674" /><D12/><U98/><E71/><V95/><F95/><W43/><G101/><T42/><D42/><AGARI ba="1,1" hai="17,18,42,45,51,76,78,80,81,85,87,89,93,99" machi="42" ten="30,11600,0" yaku="1,1,7,1,9,1,8,1,53,0" doraHai="1" doraHaiUra="63" who="2" fromWho="0" sc="128,-119,318,0,143,129,401,0" /><INIT seed="6,2,0,3,1,67" ten="9,318,272,401" oya="2" hai0="117,42,89,5,13,82,127,109,86,92,44,120,83" hai1="26,25,58,6,68,100,61,10,39,76,1,70,43" hai2="20,103,114,33,97,108,34,122,98,73,135,60,48" hai3="31,101,37,128,36,126,22,131,80,12,134,96,30"/><V4/><F122/><W24/><G126/><T88/><D5/><U0/><E100/><V85/><F73/><W40/><G134/><T27/><D13/><U15/><E76/><V8/><F135/><W115/><G115/><T78/><D27/><U64/><E39/><V32/><F114/><W71/><G71/><T45/><D45/><U56/><E43/><V124/><F124/><W35/><G80/><T133/><D44/><U59/><REACH who="1" step="1"/><E70/><REACH who="1" ten="9,308,272,401" step="2"/><V91/><F108/><W29/><G40/><T84/><D42/><U49/><E49/><V2/><F103/><W50/><G50/><T74/><D133/><U118/><E118/><V132/><F132/><W107/><G37/><T7/><D127/><U106/><E106/><V21/><F48/><W46/><G36/><T16/><D7/><U55/><E55/><V19/><F60/><W90/><G101/><T111/><D16/><U66/><E66/><V17/><F19/><W105/><G105/><T65/><D65/><U9/><E9/><V94/><REACH who="2" step="1"/><F17/><REACH who="2" ten="9,308,262,401" step="2"/><W123/><G123/><T113/><D113/><U18/><E18/><V125/><F125/><W69/><G107/><T62/><D62/><U87/><E87/><V119/><F119/><W99/><G99/><AGARI ba="2,2" hai="2,4,8,20,21,32,33,34,85,91,94,97,98,99" machi="99" ten="40,12000,1" yaku="1,1,53,3" doraHai="67" doraHaiUra="95" who="2" fromWho="3" sc="9,0,308,0,262,146,401,-126" /><INIT seed="6,3,0,1,3,74" ten="9,308,408,275" oya="2" hai0="135,53,132,29,25,103,15,52,1,63,48,20,88" hai1="129,112,105,95,54,69,75,39,41,38,128,79,66" hai2="84,126,120,68,24,111,82,67,7,78,109,70,71" hai3="33,130,110,26,96,47,107,19,60,55,61,0,87"/><V46/><F120/><W102/><G110/><N who="2" m="41993" /><F126/><W59/><G130/><T117/><D1/><U2/><E105/><V116/><F116/><W124/><G124/><T94/><D117/><U101/><E2/><V99/><F7/><W115/><G0/><T45/><D132/><U8/><E8/><V72/><F99/><W127/><G127/><T10/><D135/><U100/><E54/><V3/><F3/><W113/><G47/><T92/><D92/><U6/><E6/><V42/><F24/><W83/><G60/><T106/><D106/><U18/><E66/><V31/><F31/><W97/><G97/><T16/><D103/><U108/><E69/><V17/><F17/><W121/><G121/><T5/><D63/><U50/><E18/><V36/><F84/><W12/><G33/><T114/><D114/><U43/><E112/><V64/><AGARI ba="3,0" hai="36,42,46,64,67,68,70,71,72,78,82" m="41993" machi="64" ten="40,3900,0" yaku="10,1,52,1" doraHai="74" who="2" fromWho="2" sc="9,-16,308,-16,408,48,275,-16" owari="-7,-50.7,292,9.2,456,55.6,259,-14.1" /></mjloggm>