<mjloggm ver="2.3"><GO type="169" lobby="0"/><UN n0="%E5%BE%A1%E5%BD%B1%E3%82%86%E3%81%9A%E3%81%8D" n1="%73%79%6C%76%65%6F%6E" n2="%E3%81%93%E3%82%8C%E3%81%8C%E3%81%B5%E3%81%95%E3%81%B5%E3%81%95" n3="%78%69%61%6F%6B%61%6B%61" dan="16,16,16,17" rate="2181.30,2174.50,2116.19,2245.00" sx="M,M,M,M"/><TAIKYOKU oya="0"/><INIT seed="0,0,0,0,5,17" ten="250,250,250,250" oya="0" hai0="107,108,67,116,71,13,64,40,124,0,26,43,52" hai1="109,111,122,86,103,76,74,104,83,36,25,18,2" hai2="46,91,45,20,89,123,120,38,37,44,63,34,3" hai3="50,1,42,6,10,30,98,9,84,134,65,135,48"/><T94/><D107/><U133/><E36/><V119/><F34/><W7/><G65/><T128/><D0/><U114/><E2/><V77/><F3/><W97/><G1/><T39/><D116/><U32/><E122/><V8/><F8/><W81/><G81/><T130/><D108/><N who="1" m="41547" /><E133/><V21/><F77/><W61/><G61/><T47/><D94/><U85/><E114/><V100/><F100/><W49/><G84/><T15/><D71/><U92/><E104/><V125/><F63/><W82/><G82/><T132/><D132/><N who="3" m="50729" /><G30/><T66/><D124/><U106/><E106/><V78/><F78/><W110/><G42/><T14/><D43/><U79/><E79/><V96/><F96/><N who="3" m="36971" /><G110/><T29/><REACH who="0" step="1"/><D52/><REACH who="0" ten="240,250,250,250" step="2"/><U33/><E92/><V102/><F125/><W23/><G7/><T112/><D112/><U69/><E69/><V68/><F68/><W5/><G6/><T80/><D80/><U117/><E117/><V16/><F119/><W127/><G5/><T22/><AGARI ba="0,1" hai="13,14,15,22,26,29,39,40,47,64,66,67,128,130" machi="22" ten="40,7800,0" yaku="1,1,0,1,52,1,53,0" doraHai="17" doraHaiUra="51" who="0" fromWho="0" sc="240,88,250,-26,250,-26,250,-26" /><INIT seed="0,1,0,0,3,52" ten="328,224,224,224" oya="0" hai0="73,127,107,65,44,33,106,90,129,6,124,112,9" hai1="36,110,94,78,24,58,102,105,108,51,0,17,20" hai2="23,96,122,116,14,126,45,72,120,49,84,85,77" hai3="27,95,1,134,109,16,117,133,48,99,31,69,3"/><T93/><D33/><U13/><E0/><N who="3" m="74" /><G48/><T34/><D34/><U38/><E105/><V42/><F116/><W111/><G69/><T10/><D73/><U128/><E128/><V131/><F131/><W60/><G60/><T37/><D65/><U67/><E78/><V59/><F126/><W61/><G61/><T63/><D63/><N who="1" m="38391" /><E51/><V28/><F72/><W121/><G121/><T75/><D75/><U40/><E40/><V114/><F114/><W25/><G95/><T100/><D112/><U79/><E79/><V125/><F125/><W32/><G99/><T57/><D37/><U98/><E24/><V53/><F96/><W115/><G117/><T62/><D106/><U7/><E7/><V82/><F85/><W8/><G115/><T74/><D6/><U43/><E43/><V87/><F87/><W113/><G113/><T46/><D74/><U22/><E38/><V86/><F86/><W54/><G54/><T12/><D107/><U68/><E36/><V70/><F70/><W11/><G11/><T92/><D129/><U55/><E55/><V21/><F122/><W18/><G8/><T123/><D10/><N who="1" m="6327" /><E68/><V135/><F120/><W88/><G27/><T66/><D123/><U4/><E4/><V130/><F130/><W15/><G15/><T132/><D124/><U30/><E98/><V2/><F2/><W104/><G104/><T35/><D127/><U103/><E94/><V26/><F14/><W81/><G134/><T101/><D132/><U64/><E64/><V29/><F135/><W89/><G133/><T83/><D66/><U19/><E103/><RYUUKYOKU ba="1,0" sc="328,0,224,0,224,0,224,0" /><INIT seed="1,2,0,1,2,15" ten="328,224,224,224" oya="1" hai0="134,13,92,56,124,108,18,78,100,96,99,49,133" hai1="23,75,88,19,95,7,36,87,106,135,10,12,29" hai2="72,9,43,122,102,116,129,8,30,24,107,113,0" hai3="37,35,67,5,57,77,126,22,54,46,98,131,16"/><U73/><E135/><N who="0" m="51721" /><D78/><U89/><E106/><V68/><F122/><W94/><G35/><T83/><D83/><U60/><E36/><V32/><F116/><W40/><G126/><T91/><D124/><U26/><E60/><V70/><F129/><W62/><G5/><T61/><D49/><U86/><REACH who="1" step="1"/><E29/><REACH who="1" ten="328,214,224,224" step="2"/><V53/><F30/><W80/><G131/><T118/><D118/><U59/><E59/><V112/><F107/><W51/><G37/><T115/><D115/><U48/><E48/><V27/><F113/><W101/><G67/><T71/><D56/><U47/><E47/><V44/><F112/><W17/><REACH who="3" step="1"/><G22/><REACH who="3" ten="328,214,224,214" step="2"/><N who="0" m="11599" /><D71/><U110/><E110/><V64/><F68/><W104/><G104/><N who="0" m="63495" /><D61/><U90/><E90/><V42/><F70/><W45/><G45/><T69/><D69/><U81/><AGARI ba="2,2" hai="7,10,12,19,23,26,73,75,81,86,87,88,89,95" machi="81" ten="20,12000,1" yaku="1,1,0,1,7,1,52,1,54,1,53,0" doraHai="15" doraHaiUra="25" who="1" fromWho="1" sc="328,-42,214,146,224,-42,214,-42" /><INIT seed="1,3,0,2,2,56" ten="286,360,182,172" oya="1" hai0="102,117,121,106,66,1,132,92,48,130,24,39,101" hai1="64,95,18,135,51,82,52,41,63,7,109,35,128" hai2="97,69,61,22,53,38,67,13,57,32,17,68,127" hai3="124,85,70,108,9,4,43,84,46,123,5,23,8"/><U76/><E35/><V88/><F127/><W103/><G124/><T65/><D39/><U126/><E126/><V73/><F73/><W20/><G70/><T77/><D1/><U42/><E128/><V15/><F32/><W44/><G103/><T31/><D106/><U86/><E135/><V93/><F38/><W58/><G58/><T50/><D130/><U33/><E33/><V104/><F104/><W12/><G12/><T91/><D77/><U134/><E134/><V78/><F78/><W2/><G108/><T99/><D117/><U98/><E109/><V14/><REACH who="2" step="1"/><F69/><REACH who="2" ten="286,360,172,172" step="2"/><W11/><G2/><T30/><D132/><U107/><E107/><V100/><F100/><W19/><G123/><T10/><D102/><U81/><E76/><V37/><F37/><W54/><G5/><T129/><D101/><U0/><E7/><V21/><F21/><W118/><G23/><T110/><D110/><U114/><E0/><V25/><F25/><W60/><G4/><T40/><D24/><U94/><E114/><V28/><F28/><W111/><G111/><T113/><D30/><U120/><E120/><V3/><F3/><W16/><G20/><T71/><D31/><U90/><E18/><V79/><F79/><W87/><G118/><T122/><D113/><U27/><E27/><V45/><F45/><N who="3" m="17515" /><G43/><T83/><D122/><U29/><E29/><V96/><F96/><W116/><G116/><T125/><D121/><U72/><E72/><V112/><F112/><W105/><G105/><T119/><D125/><U131/><E131/><V75/><F75/><W36/><G36/><RYUUKYOKU ba="3,1" sc="286,-15,360,-15,172,15,172,15" hai2="13,14,15,17,22,53,57,61,67,68,88,93,97" hai3="8,9,11,16,19,54,60,84,85,87" /><INIT seed="2,4,1,4,1,134" ten="271,345,187,187" oya="2" hai0="62,3,112,96,43,117,59,74,88,21,104,99,39" hai1="30,98,54,114,101,28,86,100,106,82,19,125,80" hai2="12,36,130,38,37,93,5,128,23,47,127,40,0" hai3="91,83,67,32,16,133,120,34,55,66,31,63,65"/><V107/><F107/><W64/><N who="3" m="16384" /><DORA hai="75" /><W108/><G133/><T52/><D74/><U26/><E114/><V49/><F127/><W10/><G120/><T118/><D3/><U17/><E101/><V102/><F0/><W11/><G31/><T124/><D124/><U110/><E110/><V51/><F51/><W131/><G108/><T35/><D35/><U15/><E54/><V58/><F58/><N who="3" m="35295" /><G34/><T115/><D104/><U14/><E125/><V7/><F23/><W1/><G131/><N who="2" m="50217" /><F12/><N who="3" m="7199" /><G32/><T122/><D112/><U68/><E68/><V33/><F33/><W95/><G1/><T6/><D115/><U121/><E121/><V27/><F27/><W105/><G105/><T71/><D122/><U18/><E26/><V44/><F44/><W132/><G132/><T109/><D109/><U2/><E2/><V77/><F77/><W119/><G10/><T13/><D71/><U41/><E14/><V111/><F111/><W76/><G119/><T85/><D118/><U113/><E15/><V84/><F102/><W45/><G45/><T116/><D117/><U57/><E100/><V69/><F69/><W87/><G95/><T94/><D116/><U22/><E106/><V103/><F103/><W50/><G50/><T92/><D92/><U90/><E113/><V97/><F97/><W8/><G8/><N who="0" m="4247" /><D21/><U73/><E22/><V123/><F123/><W129/><G129/><T126/><D126/><U72/><E30/><V78/><F93/><W56/><G56/><T89/><D89/><AGARI ba="4,1" hai="76,83,87,89,91" m="7199,35295,16384" machi="89" ten="40,5200,0" yaku="8,1,52,1,54,1" doraHai="134,75" who="3" fromWho="0" sc="271,-64,345,0,187,0,187,74" /><INIT seed="3,0,0,4,2,105" ten="207,345,187,261" oya="3" hai0="78,40,38,39,82,115,10,58,33,101,117,129,119" hai1="21,121,15,54,45,125,50,124,23,16,51,123,68" hai2="43,47,91,122,109,97,14,66,131,98,3,80,79" hai3="72,132,13,99,55,88,25,7,59,5,65,12,69"/><W95/><G132/><T26/><D101/><U104/><E104/><V96/><F109/><W108/><G69/><T22/><D33/><U76/><E68/><V44/><F3/><W62/><G108/><T113/><D10/><U103/><E103/><V75/><F131/><W112/><G112/><N who="0" m="43083" /><D129/><U9/><E76/><V87/><F122/><W106/><G72/><N who="0" m="43335" /><D58/><U17/><E9/><V49/><F14/><N who="3" m="5739" /><G106/><T127/><D127/><N who="1" m="48715" /><E51/><V42/><F66/><W48/><G65/><T118/><D40/><U71/><E71/><V85/><REACH who="2" step="1"/><F91/><REACH who="2" ten="207,345,177,261" step="2"/><W8/><G8/><T89/><D89/><U74/><E121/><V32/><F32/><W120/><G120/><T130/><D130/><U114/><E123/><V20/><F20/><W67/><G67/><T135/><D135/><U134/><E134/><V84/><F84/><W110/><G110/><T41/><D41/><U63/><E114/><V29/><F29/><AGARI ba="0,1" hai="22,26,29,38,39,117,118,119" m="43335,43083" machi="29" ten="40,2600,0" yaku="11,1,52,1" doraHai="105" who="0" fromWho="2" sc="207,36,345,0,177,-26,261,0" /><INIT seed="4,0,0,0,0,7" ten="243,345,151,261" oya="0" hai0="87,9,42,68,103,107,39,116,119,25,48,22,130" hai1="77,129,12,67,121,49,26,28,92,80,31,24,57" hai2="8,66,73,122,97,15,123,74,111,14,43,29,105" hai3="135,108,94,82,65,113,17,84,88,30,90,126,133"/><T115/><D39/><U120/><E129/><V78/><F111/><W125/><G30/><T104/><D68/><U58/><E92/><V53/><F43/><W55/><G17/><T134/><D130/><U70/><E70/><V10/><F66/><W41/><G55/><T59/><D134/><N who="3" m="51209" /><G41/><T132/><D132/><U102/><E102/><V20/><F53/><W117/><G65/><T112/><D59/><U36/><E36/><V3/><F3/><W61/><G61/><T118/><D87/><U5/><E67/><V2/><F2/><W85/><G113/><N who="0" m="43595" /><D103/><U64/><E64/><V60/><F60/><W47/><G47/><N who="0" m="25719" /><D9/><U52/><E58/><V69/><F69/><W18/><G117/><N who="0" m="29955" /><T124/><DORA hai="32" /><D124/><N who="3" m="47721" /><G18/><AGARI ba="0,0" hai="18,22,25,104,107" m="29955,25719,43595" machi="18" ten="40,2000,0" yaku="15,1" doraHai="7,32" who="0" fromWho="3" sc="243,20,345,0,151,0,261,-20" /><INIT seed="4,1,0,0,4,89" ten="263,345,151,241" oya="0" hai0="114,35,123,105,37,80,85,70,73,6,16,98,79" hai1="11,68,48,91,47,18,108,17,43,126,49,45,87" hai2="115,65,56,0,111,14,29,50,44,88,95,63,112" hai3="22,10,94,81,103,12,122,40,75,36,61,57,130"/><T30/><D123/><U77/><E108/><V32/><F0/><W90/><G122/><T51/><D37/><U110/><E110/><V102/><F111/><W92/><G130/><T59/><D70/><U74/><E68/><V134/><F134/><W127/><G127/><T64/><D6/><U131/><E126/><V100/><F14/><W46/><G103/><T78/><D78/><U120/><E120/><V132/><F132/><W97/><G22/><T38/><D38/><U15/><E131/><V107/><F107/><W26/><G26/><T39/><D39/><U42/><E74/><V83/><F83/><W2/><G2/><T72/><D35/><U119/><E119/><V5/><F5/><W27/><G27/><T66/><D30/><U60/><E60/><V28/><F32/><W124/><G124/><T84/><D64/><U86/><E77/><V19/><F19/><W125/><G125/><T33/><D66/><U129/><E129/><V52/><F115/><W116/><G116/><T23/><D79/><U76/><E76/><V113/><F113/><W99/><G81/><T7/><D72/><U31/><E31/><N who="2" m="11851" /><F112/><W58/><G61/><T20/><D33/><U109/><E109/><V21/><F21/><W118/><G75/><T1/><D114/><U121/><E121/><V54/><F65/><W53/><G53/><T71/><D73/><U117/><E117/><V82/><F82/><W8/><G118/><T55/><D1/><U133/><E133/><V25/><F25/><W96/><G12/><T101/><D80/><N who="1" m="49607" /><E18/><V24/><F24/><W34/><G34/><RYUUKYOKU ba="1,0" sc="263,-15,345,15,151,15,241,-15" hai1="11,15,17,42,43,45,47,48,49,87" hai2="44,50,52,54,56,63,88,95,100,102" /><INIT seed="5,2,0,5,2,45" ten="248,360,166,226" oya="1" hai0="6,57,115,67,128,38,109,105,76,114,72,5,106" hai1="113,66,104,55,81,100,13,124,29,1,69,58,33" hai2="27,23,0,22,47,83,56,34,52,24,25,123,59" hai3="132,31,18,117,53,118,48,37,82,7,2,93,39"/><U77/><E1/><V43/><F123/><W54/><G18/><T64/><D38/><N who="3" m="14345" /><G31/><T101/><D57/><U98/><E66/><V120/><F120/><W110/><G93/><T8/><D8/><U73/><E69/><V14/><F0/><W135/><G82/><T36/><D36/><U51/><E113/><V30/><F14/><W99/><G99/><T84/><D84/><U40/><E124/><V19/><F83/><W126/><G110/><T12/><D12/><U91/><E40/><V62/><F56/><N who="3" m="32839" /><G126/><T70/><D109/><U4/><E4/><V20/><REACH who="2" step="1"/><F19/><REACH who="2" ten="248,360,156,226" step="2"/><W9/><G53/><T79/><D70/><U94/><E13/><V103/><F103/><W15/><G15/><T71/><D71/><U111/><E111/><V108/><F108/><W60/><G60/><T42/><D101/><U75/><E100/><V28/><F28/><W74/><G74/><T17/><D72/><U131/><E75/><V134/><F134/><AGARI ba="2,1" hai="2,7,9,117,118,132,134,135" m="32839,14345" machi="134" ten="30,2000,0" yaku="20,1,52,1" doraHai="45" who="3" fromWho="2" sc="248,0,360,0,156,-26,226,36" /><INIT seed="6,0,0,4,1,36" ten="248,360,130,262" oya="2" hai0="103,23,15,60,20,3,45,135,122,126,79,80,51" hai1="123,26,128,66,18,85,104,113,111,105,28,127,124" hai2="50,101,24,12,31,108,63,95,1,76,112,115,106" hai3="125,74,87,16,44,19,119,11,54,71,53,84,14"/><V100/><F1/><W90/><G74/><T107/><D3/><U21/><E111/><V39/><F39/><W65/><G119/><T58/><D122/><U81/><E123/><V67/><F106/><W38/><G125/><N who="1" m="48202" /><E113/><N who="2" m="43595" /><F108/><W5/><G87/><T47/><D135/><U114/><E114/><V88/><F76/><W129/><G129/><T110/><D110/><U91/><E128/><V64/><F12/><W57/><G71/><T116/><D15/><N who="1" m="9439" /><E66/><N who="2" m="25131" /><F63/><W97/><G65/><T27/><D60/><U78/><E78/><V120/><F50/><N who="3" m="28999" /><G38/><T2/><D51/><U37/><E37/><V93/><F120/><W98/><G5/><T94/><D79/><U73/><E73/><V33/><F95/><N who="3" m="54727" /><G19/><T134/><D126/><U48/><E48/><AGARI ba="0,0" hai="11,14,16,48,53,57,97,98" m="54727,28999" machi="48" ten="30,2000,0" yaku="8,1,54,1" doraHai="36" who="3" fromWho="1" sc="248,0,360,-20,130,0,262,20" /><INIT seed="7,0,0,1,4,51" ten="248,340,130,282" oya="3" hai0="13,74,85,25,91,125,120,102,69,2,79,135,9" hai1="88,124,56,64,126,43,116,111,39,119,19,63,36" hai2="118,98,17,16,44,80,97,58,77,92,7,62,29" hai3="121,83,134,40,23,18,24,99,50,73,46,104,109"/><W87/><G121/><T38/><D69/><U49/><E111/><V113/><F118/><N who="1" m="45097" /><E88/><V127/><F113/><W34/><G134/><T117/><D25/><U76/><E76/><V115/><F127/><N who="1" m="48681" /><E19/><V22/><F115/><W4/><G73/><T133/><D13/><U67/><E67/><V47/><F7/><W96/><G104/><T95/><D38/><U128/><E128/><V60/><F29/><W84/><G34/><T122/><D9/><U53/><E43/><V28/><F28/><W1/><G87/><T0/><D0/><U65/><E65/><V42/><F62/><W10/><REACH who="3" step="1"/><G109/><REACH who="3" ten="248,340,130,272" step="2"/><T105/><D125/><U35/><E35/><V110/><F110/><W90/><AGARI ba="0,1" hai="1,4,10,18,23,24,40,46,50,83,84,90,96,99" machi="90" ten="20,7800,0" yaku="1,1,2,1,0,1,7,1,53,0" doraHai="51" doraHaiUra="54" who="3" fromWho="3" sc="248,-26,340,-26,130,-26,272,88" owari="222,-17.8,314,11.4,104,-39.6,360,46.0" /></mjloggm>