<mjloggm ver="2.3"><GO type="169" lobby="0"/><UN n0="%E3%83%8E%E3%82%AA%E3%83%81%E3%83%A3%E3%83%99%E3%82%B9" n1="%E4%B9%9D%E5%B0%BE%E3%81%AE%E3%83%8D%E3%82%B3" n2="%E5%B0%8F%E6%B1%A0%E7%BE%8E%E6%B3%A2%E2%8A%BF" n3="%E3%81%8B%E3%81%A5%E3%81%8D%EF%BC%B8%EF%BC%A9" dan="16,16,18,18" rate="2145.91,2057.62,2210.94,2187.66" sx="M,M,M,M"/><TAIKYOKU oya="0"/><INIT seed="0,0,0,5,4,36" ten="250,250,250,250" oya="0" hai0="123,71,32,119,72,108,106,54,40,1,76,59,99" hai1="75,92,127,42,86,23,125,31,3,124,44,132,94" hai2="4,43,80,118,87,114,102,30,110,101,41,121,48" hai3="73,84,69,12,90,131,6,5,13,100,128,85,115"/><T45/><D119/><U103/><E75/><V109/><F121/><W33/><G69/><T89/><D123/><U126/><E3/><V11/><F114/><W26/><G73/><T27/><D1/><U88/><N who="1" m="31744" /><DORA hai="39" /><U60/><E60/><V133/><F133/><W20/><G100/><N who="2" m="38505" /><F118/><W58/><G58/><T53/><D106/><U46/><E132/><V77/><F30/><W52/><G115/><T9/><D71/><U113/><E113/><V74/><F74/><W129/><G33/><T29/><D9/><U120/><E120/><V95/><F95/><N who="3" m="54727" /><G85/><T50/><D108/><N who="2" m="41578" /><F48/><W97/><G97/><T96/><D89/><U122/><E122/><V56/><F56/><W111/><G111/><T81/><REACH who="0" step="1"/><D53/><REACH who="0" ten="240,250,250,250" step="2"/><U24/><REACH who="1" step="1"/><E42/><REACH who="1" ten="240,240,250,250" step="2"/><V134/><F134/><W21/><G131/><T104/><D104/><U78/><E78/><V63/><F63/><AGARI ba="0,2" hai="27,29,32,40,45,50,54,59,63,72,76,81,96,99" machi="63" ten="30,12000,1" yaku="1,1,7,1,52,2,53,1" doraHai="36,39" doraHaiUra="68,105" who="0" fromWho="2" sc="240,140,240,0,250,-120,250,0" /><INIT seed="0,1,0,1,5,71" ten="380,240,130,250" oya="0" hai0="127,5,111,80,98,38,124,55,42,109,58,27,17" hai1="14,101,4,119,34,51,77,135,24,62,0,26,22" hai2="3,18,52,10,50,65,83,39,16,134,79,107,9" hai3="21,67,6,91,100,8,78,47,49,85,112,110,125"/><T36/><D42/><U76/><E119/><V94/><F107/><W118/><G110/><N who="0" m="41995" /><D5/><U43/><E135/><V90/><F134/><W32/><G112/><T122/><D122/><U105/><E0/><V57/><F65/><W92/><G125/><N who="0" m="48203" /><D98/><U87/><E34/><V30/><F30/><W44/><G32/><T106/><D106/><U132/><E132/><V40/><F3/><W15/><G6/><T75/><D75/><U84/><E43/><V13/><F40/><W25/><G118/><T116/><D116/><U73/><E73/><V54/><F54/><W28/><G67/><T2/><D80/><U33/><E4/><V74/><F39/><W104/><G104/><T31/><D17/><U45/><E105/><V63/><F63/><W120/><G120/><T61/><D2/><U48/><E62/><V131/><F131/><W46/><G92/><T102/><D102/><U59/><E101/><V95/><REACH who="2" step="1"/><F90/><REACH who="2" ten="380,240,120,250" step="2"/><W19/><G91/><T81/><D81/><U23/><E51/><V128/><F128/><W113/><G49/><T103/><D103/><U88/><E48/><V68/><F68/><W41/><G100/><T97/><D97/><U35/><E88/><V66/><F66/><W12/><G113/><T121/><D121/><U56/><E84/><V115/><F115/><W70/><G41/><T60/><D61/><U11/><E87/><V117/><F117/><W1/><G85/><T89/><D89/><U126/><E126/><V53/><F53/><W29/><G1/><T37/><D38/><U64/><E64/><V72/><F72/><W133/><G133/><RYUUKYOKU ba="1,1" sc="380,15,240,-15,120,15,250,-15" hai0="27,31,36,37,55,58,60" hai2="9,10,13,16,18,50,52,57,74,79,83,94,95" /><INIT seed="0,2,1,2,5,68" ten="395,225,135,235" oya="0" hai0="41,85,76,135,131,134,5,38,117,121,12,25,118" hai1="100,96,132,18,133,49,107,50,26,7,45,126,66" hai2="56,93,28,101,14,73,64,105,32,23,102,80,128" hai3="75,106,108,16,65,63,24,97,83,103,42,124,19"/><T37/><D41/><U55/><E7/><V127/><F105/><W54/><G108/><T15/><D25/><U120/><E120/><V9/><F32/><W13/><G124/><T119/><D121/><U60/><E50/><V11/><F127/><W111/><G111/><T8/><D15/><U125/><E125/><V36/><F128/><W21/><G54/><T59/><D131/><U89/><E126/><V112/><F112/><W30/><G42/><T58/><D76/><U53/><E53/><V34/><F34/><W81/><G75/><T87/><D87/><U115/><E115/><V79/><F36/><N who="0" m="13930" /><D85/><U123/><E123/><V46/><F46/><W48/><G48/><T61/><D61/><U20/><REACH who="1" step="1"/><E89/><REACH who="1" ten="395,215,135,235" step="2"/><V110/><F64/><W35/><REACH who="3" step="1"/><G19/><REACH who="3" ten="395,215,135,225" step="2"/><T33/><D119/><U72/><E72/><V43/><F73/><W109/><G109/><T74/><D74/><U29/><E29/><V78/><F110/><W6/><G6/><T4/><D118/><U27/><E27/><V62/><F28/><W71/><AGARI ba="2,3" hai="13,16,21,24,30,35,63,65,71,81,83,97,103,106" machi="71" ten="20,12000,2" yaku="1,1,0,1,7,1,25,2,54,1,53,0" doraHai="68" doraHaiUra="116" who="3" fromWho="3" sc="395,-62,215,-32,135,-32,225,156" /><INIT seed="1,0,0,0,3,47" ten="333,183,103,381" oya="1" hai0="9,53,133,131,34,71,127,81,6,109,115,118,46" hai1="66,59,88,77,124,103,130,134,5,16,65,3,76" hai2="56,0,2,101,135,30,83,50,63,89,32,72,100" hai3="18,51,82,45,92,64,14,17,95,12,33,121,42"/><U113/><E130/><V38/><F38/><W79/><G33/><T98/><D71/><U104/><E124/><V28/><F135/><W105/><G105/><T41/><D34/><U1/><E134/><V58/><F72/><W111/><G111/><T25/><D133/><U75/><E113/><V99/><F32/><W107/><G107/><T132/><D132/><U86/><E75/><V80/><F99/><W27/><G64/><T10/><D25/><U120/><E120/><V106/><F106/><W108/><G108/><T123/><D118/><U11/><E3/><V94/><F94/><W74/><G27/><T24/><D24/><U67/><E59/><V78/><F63/><W62/><G62/><T122/><D115/><U35/><E35/><V117/><F89/><W73/><G73/><T26/><D26/><U29/><E29/><V126/><F126/><W8/><G121/><N who="0" m="46091" /><D109/><U21/><E103/><V60/><F60/><W49/><G49/><T114/><D114/><U96/><E96/><V15/><F15/><W44/><REACH who="3" step="1"/><G45/><REACH who="3" ten="333,183,103,371" step="2"/><T37/><D127/><U112/><E104/><V4/><F50/><W19/><G19/><T40/><D46/><U91/><E112/><V39/><F39/><W84/><G84/><T128/><D37/><U87/><E87/><V43/><F28/><W23/><AGARI ba="0,1" hai="8,12,14,17,18,23,42,44,51,74,79,82,92,95" machi="23" ten="20,5200,0" yaku="1,1,0,1,7,1,52,1,53,0" doraHai="47" doraHaiUra="68" who="3" fromWho="3" sc="333,-13,183,-26,103,-13,371,62" /><INIT seed="2,0,0,2,0,133" ten="320,157,90,433" oya="2" hai0="131,100,103,5,82,54,51,105,7,84,134,132,66" hai1="68,47,78,85,77,45,6,26,86,49,126,81,35" hai2="135,18,92,38,69,74,72,76,22,88,99,79,98" hai3="60,43,108,87,10,0,39,9,12,37,23,44,42"/><V111/><F69/><W27/><G108/><T64/><D131/><U28/><E68/><V11/><F38/><W71/><G0/><T114/><D114/><U34/><E47/><V62/><F62/><W113/><G113/><T73/><D73/><N who="2" m="28266" /><F11/><W65/><G87/><T67/><D7/><U50/><E50/><V118/><F22/><W32/><G32/><T124/><D5/><U30/><E6/><V94/><F18/><W116/><G116/><T120/><D120/><U15/><E15/><V129/><F118/><W112/><G112/><T125/><D84/><U119/><E119/><V102/><F129/><W41/><G37/><T90/><D90/><U121/><E121/><V104/><F135/><N who="0" m="51754" /><D82/><U130/><E130/><V63/><F63/><W83/><G10/><T89/><D89/><U19/><E19/><V93/><F111/><W55/><G9/><T8/><D8/><U109/><E109/><V117/><F117/><W2/><G2/><T106/><D103/><U101/><E101/><V95/><AGARI ba="0,0" hai="76,79,88,92,93,94,95,98,99,102,104" m="28266" machi="95" ten="40,18000,2" yaku="35,5,54,1" doraHai="133" who="2" fromWho="2" sc="320,-60,157,-60,90,180,433,-60" /><INIT seed="2,1,0,4,0,129" ten="260,97,270,373" oya="2" hai0="99,31,60,106,18,12,77,110,52,45,13,79,89" hai1="46,134,55,53,65,135,100,88,102,58,24,103,3" hai2="9,61,51,29,71,19,87,23,105,85,6,42,113" hai3="28,130,11,5,96,120,82,70,101,32,54,36,2"/><V49/><F113/><W47/><G120/><T59/><D110/><U1/><E24/><V44/><F105/><N who="3" m="63655" /><G54/><T123/><D123/><U74/><E74/><V98/><F29/><W50/><G50/><T104/><D31/><U121/><E121/><V83/><F98/><W80/><G82/><T15/><D18/><U93/><E65/><V75/><F71/><W38/><G80/><T128/><D128/><U35/><E35/><V132/><F61/><W21/><G21/><T124/><D124/><U114/><E114/><V97/><F97/><W30/><G30/><T76/><REACH who="0" step="1"/><D45/><REACH who="0" ten="250,97,270,373" step="2"/><U20/><E46/><V10/><F44/><W95/><G47/><T22/><D22/><U90/><E20/><V112/><F19/><W63/><G130/><T37/><D37/><U16/><E16/><V94/><F23/><W92/><G92/><AGARI ba="1,1" hai="12,13,15,52,59,60,76,77,79,89,92,99,104,106" machi="92" ten="40,2600,0" yaku="1,1,54,1,53,0" doraHai="129" doraHaiUra="78" who="0" fromWho="3" sc="250,39,97,0,270,0,373,-29" /><INIT seed="3,0,0,0,1,75" ten="289,97,270,344" oya="3" hai0="58,124,103,131,12,120,44,17,19,132,55,111,67" hai1="52,129,105,18,88,65,92,51,4,20,60,22,122" hai2="114,35,45,130,93,74,37,26,83,31,102,28,38" hai3="57,99,100,64,79,89,21,61,49,68,11,30,41"/><W7/><G89/><T118/><D118/><U112/><E122/><V23/><F114/><W66/><G66/><T85/><D120/><U134/><E112/><V115/><F115/><W34/><G34/><T77/><D111/><U6/><E129/><V71/><F71/><W123/><G123/><T81/><D131/><U42/><E42/><V50/><F130/><W96/><G96/><T13/><D124/><U29/><E29/><V133/><F133/><W97/><G97/><T2/><D132/><U82/><E82/><V128/><F128/><W39/><G21/><T135/><D2/><U87/><E105/><V14/><F102/><W25/><G25/><T86/><D103/><U101/><E101/><V59/><F93/><W62/><G30/><T56/><D135/><U46/><E134/><V106/><F106/><W9/><G7/><T15/><D86/><U76/><E76/><V47/><F59/><N who="0" m="22570" /><D67/><U113/><E113/><V72/><F72/><W91/><G91/><T43/><D43/><U104/><E104/><V69/><F69/><W0/><G0/><T109/><D109/><U40/><E40/><V32/><F74/><W8/><G100/><T116/><D116/><U24/><E22/><V48/><F23/><W36/><G41/><T108/><D108/><U80/><E80/><V95/><F83/><W126/><G68/><AGARI ba="0,0" hai="4,6,18,20,24,46,51,52,60,65,68,87,88,92" machi="68" ten="30,3900,0" yaku="7,1,54,2" doraHai="75" who="1" fromWho="3" sc="289,0,97,39,270,0,344,-39" /><INIT seed="4,0,0,0,1,127" ten="289,136,270,305" oya="0" hai0="34,19,48,94,125,89,16,13,3,21,22,60,39" hai1="96,87,0,119,55,20,33,17,135,108,93,29,63" hai2="99,58,52,73,124,79,102,56,109,76,37,4,133" hai3="42,38,112,114,115,83,84,14,92,68,100,11,104"/><T51/><D39/><U118/><E108/><V85/><F109/><W130/><G68/><T28/><D125/><U62/><E135/><V54/><F73/><W61/><G61/><T90/><D3/><U91/><E0/><V2/><F124/><W88/><G42/><T131/><D28/><U132/><E132/><V120/><F120/><W105/><G38/><T86/><D34/><U45/><E63/><V44/><F133/><W71/><G71/><T67/><D90/><U110/><E110/><V6/><F37/><W128/><G83/><T47/><D47/><U24/><E45/><V74/><F74/><W121/><G121/><T7/><D7/><U64/><E87/><V69/><F69/><W53/><G53/><T50/><D131/><N who="3" m="50217" /><G100/><T57/><REACH who="0" step="1"/><D48/><REACH who="0" ten="279,136,270,305" step="2"/><U117/><E117/><V30/><F102/><W15/><G15/><AGARI ba="0,1" hai="13,15,16,19,21,22,50,51,57,60,67,86,89,94" machi="15" ten="30,18000,2" yaku="1,1,2,1,7,1,9,1,8,1,54,1,53,0" doraHai="127" doraHaiUra="1" who="0" fromWho="3" sc="279,190,136,0,270,0,305,-180" /><INIT seed="4,1,0,0,4,72" ten="469,136,270,125" oya="0" hai0="65,50,52,100,54,109,118,3,107,74,2,1,44" hai1="105,116,15,76,101,99,85,35,5,28,24,37,78" hai2="17,58,6,8,22,30,26,61,21,33,77,130,11" hai3="134,70,31,84,113,126,18,115,125,79,32,103,124"/><T4/><D118/><U87/><E116/><V94/><F130/><W45/><G70/><T112/><D112/><N who="3" m="43081" /><G18/><T55/><D109/><U108/><E108/><V128/><F128/><W0/><G0/><T80/><D65/><U102/><E102/><V81/><F94/><W64/><G64/><T88/><D4/><U60/><E37/><V63/><F33/><W110/><G110/><T90/><D100/><U41/><E41/><V66/><F63/><W10/><G10/><T36/><D107/><U120/><E120/><V123/><F6/><W114/><N who="3" m="43089" /><W91/><DORA hai="62" /><G103/><T119/><D36/><U7/><E60/><V75/><REACH who="2" step="1"/><F123/><REACH who="2" ten="469,136,260,125" step="2"/><W69/><G134/><T132/><D132/><U47/><E7/><V92/><F92/><N who="3" m="54375" /><G69/><T67/><D119/><U129/><E129/><V96/><F96/><W86/><G32/><T122/><D122/><U51/><E87/><V53/><F53/><W49/><G126/><T13/><D54/><U43/><REACH who="1" step="1"/><E85/><REACH who="1" ten="469,126,260,125" step="2"/><V39/><F39/><W104/><G125/><T42/><D42/><U27/><E27/><AGARI ba="1,2" hai="8,11,17,21,22,26,27,30,58,61,66,75,77,81" machi="27" ten="30,8000,1" yaku="1,1,7,1,52,2,53,1" doraHai="72,62" doraHaiUra="25,93" who="2" fromWho="1" sc="469,0,126,-83,260,103,125,0" /><INIT seed="5,0,0,5,1,70" ten="469,43,363,125" oya="1" hai0="5,7,80,96,39,15,55,71,25,62,99,132,34" hai1="106,115,133,40,14,60,2,87,131,48,33,3,0" hai2="64,21,107,81,58,97,63,127,29,78,1,9,111" hai3="24,88,130,73,28,35,51,72,117,94,67,54,30"/><U135/><E106/><V120/><F120/><W4/><G130/><T110/><D110/><U8/><E131/><V26/><F111/><W65/><G30/><T123/><D132/><N who="1" m="50763" /><E33/><V42/><F127/><W104/><G104/><T116/><D116/><U126/><E126/><V13/><F1/><N who="1" m="257" /><U59/><DORA hai="20" /><E115/><V43/><F97/><W84/><G4/><T105/><D123/><U89/><E48/><V47/><F107/><W101/><G101/><T90/><D105/><U36/><E40/><V23/><F23/><W128/><G117/><T50/><D34/><U52/><E89/><V18/><REACH who="2" step="1"/><F47/><REACH who="2" ten="469,43,353,125" step="2"/><W37/><G128/><T17/><D99/><U85/><E36/><V77/><F77/><W45/><REACH who="3" step="1"/><G37/><REACH who="3" ten="469,43,353,115" step="2"/><T57/><D39/><U56/><E56/><V114/><F114/><W118/><G118/><T68/><D68/><U108/><E108/><V49/><F49/><W129/><G129/><T98/><D71/><U112/><E112/><V19/><F19/><AGARI ba="0,2" hai="8,14,19,52,59,60,85,87" m="257,50763" machi="19" ten="40,3900,0" yaku="20,1,54,1" doraHai="70,20" who="1" fromWho="2" sc="469,0,43,59,353,-39,115,0" /><INIT seed="5,1,0,5,1,38" ten="469,102,314,115" oya="1" hai0="133,111,124,10,22,27,106,119,4,128,76,1,98" hai1="32,0,33,118,90,91,13,8,86,16,19,112,121" hai2="55,42,63,103,89,24,81,125,88,78,135,109,132" hai3="100,49,50,47,127,83,110,80,18,51,20,66,99"/><U84/><E121/><V5/><F109/><W102/><G110/><T134/><D111/><U14/><E118/><V92/><F5/><W105/><G66/><T3/><D119/><U65/><E65/><V2/><F2/><W21/><G127/><T115/><D124/><U39/><E39/><V52/><F125/><W123/><G123/><T11/><D76/><U87/><E0/><V7/><F7/><W28/><G99/><T58/><D115/><U130/><E112/><V116/><F116/><W74/><G105/><T94/><D106/><U77/><E77/><V53/><F103/><N who="3" m="39467" /><G74/><T57/><D11/><U129/><E87/><V36/><F24/><N who="3" m="16399" /><G47/><T75/><D75/><U37/><E37/><V60/><F60/><W126/><G126/><T82/><D82/><U54/><E54/><V85/><F63/><W67/><G67/><T25/><D128/><U35/><E33/><V61/><F61/><W46/><G46/><T72/><D72/><U12/><E14/><AGARI ba="1,0" hai="14,18,20,49,50,51,80,83" m="16399,39467" machi="14" ten="30,1000,0" yaku="8,1" doraHai="38" who="3" fromWho="1" sc="469,0,102,-13,314,0,115,13" /><INIT seed="6,0,0,5,1,8" ten="469,89,314,128" oya="2" hai0="107,120,124,20,29,74,7,100,53,72,79,59,41" hai1="69,0,60,54,64,1,129,110,56,65,36,23,22" hai2="33,131,75,70,134,91,4,58,102,34,47,130,71" hai3="30,103,45,122,6,81,80,117,51,9,114,50,25"/><V126/><F75/><W94/><G117/><T99/><D120/><U40/><E110/><V38/><F102/><W57/><G122/><T95/><D41/><U87/><E129/><N who="2" m="49163" /><F134/><W35/><G57/><T119/><D7/><U77/><E65/><V42/><F126/><W14/><G114/><T82/><D124/><U62/><E1/><V24/><F4/><W92/><G51/><T18/><D29/><U2/><E2/><V115/><F115/><W105/><G105/><T133/><D133/><U37/><E0/><V61/><F91/><W68/><G68/><N who="2" m="26153" /><F24/><W98/><REACH who="3" step="1"/><G94/><REACH who="3" ten="469,89,314,118" step="2"/><T84/><D107/><U101/><E37/><V17/><F58/><W89/><G89/><T73/><D119/><U67/><E101/><V116/><F61/><W78/><G78/><T63/><D73/><U26/><E67/><V13/><F116/><W44/><G44/><T128/><D128/><U106/><E106/><V10/><AGARI ba="0,1" hai="10,13,17,33,34,38,42,47" m="26153,49163" machi="10" ten="30,3000,0" yaku="19,1,52,1" doraHai="8" who="2" fromWho="2" sc="469,-10,89,-10,314,40,118,-10" /><INIT seed="6,1,0,4,1,125" ten="459,79,354,108" oya="2" hai0="13,115,53,50,56,82,29,108,71,132,51,10,130" hai1="24,126,112,59,97,75,14,12,104,80,70,37,101" hai2="87,95,34,88,124,43,90,79,110,127,7,47,54" hai3="103,67,65,15,33,5,18,98,123,39,1,52,122"/><V66/><F34/><W83/><G39/><T93/><D71/><U76/><E126/><N who="2" m="48171" /><F66/><W3/><G33/><T32/><D82/><U100/><E112/><V26/><F26/><W89/><G5/><T128/><D115/><U49/><E70/><V81/><F7/><W28/><G28/><T35/><D108/><U119/><E119/><V36/><F110/><W99/><G3/><T0/><D0/><U73/><E73/><V78/><F54/><W86/><G1/><T117/><D117/><U40/><E101/><V58/><F58/><W74/><G74/><T91/><D50/><U135/><E135/><V121/><F121/><W27/><G27/><T85/><D132/><U11/><E24/><V131/><F131/><N who="0" m="50218" /><D29/><U61/><E37/><V41/><F41/><W116/><G116/><T102/><D102/><U62/><E40/><V25/><F25/><W22/><G122/><T120/><D120/><U77/><E77/><V30/><F30/><W113/><G113/><T57/><D56/><U109/><E109/><V84/><AGARI ba="1,0" hai="36,43,47,78,79,81,84,87,88,90,95" m="48171" machi="84" ten="30,3000,0" yaku="18,1,54,1" doraHai="125" who="2" fromWho="2" sc="459,-11,79,-11,354,33,108,-11" /><INIT seed="6,2,0,4,5,90" ten="448,68,387,97" oya="2" hai0="80,70,109,25,26,50,69,22,125,97,36,101,115" hai1="89,41,56,53,86,124,108,58,67,134,45,38,107" hai2="33,88,71,4,47,52,37,8,123,55,21,46,51" hai3="131,62,54,61,87,93,31,73,30,11,40,35,100"/><V82/><F33/><W44/><G73/><T63/><D36/><U126/><E108/><V60/><F123/><W74/><G74/><T3/><D3/><U76/><E76/><V19/><F71/><W75/><G75/><T24/><D109/><U29/><E107/><V20/><F37/><W83/><G54/><T84/><D115/><U27/><E134/><V94/><F82/><W72/><G72/><T96/><D125/><N who="1" m="48235" /><E67/><V15/><F4/><W59/><G35/><T128/><D128/><U32/><E53/><V17/><F17/><W130/><G11/><T103/><D22/><U39/><E39/><V14/><F14/><W99/><G131/><T112/><D112/><U16/><E16/><V111/><F111/><W43/><G130/><T121/><D121/><U129/><E129/><V49/><F60/><N who="3" m="23147" /><G59/><T78/><D50/><U34/><E32/><V12/><F12/><W105/><G105/><T91/><D78/><U13/><E13/><V6/><F6/><W114/><G114/><T77/><D77/><U48/><E38/><V133/><F133/><W7/><G7/><T85/><D63/><U102/><E102/><V92/><F88/><N who="3" m="51327" /><G43/><T9/><D9/><U95/><AGARI ba="2,0" hai="27,29,34,41,45,48,56,58,86,89,95" m="48235" machi="95" ten="30,2000,0" yaku="18,1,52,1" doraHai="90" who="1" fromWho="1" sc="448,-7,68,26,387,-12,97,-7" /><INIT seed="7,0,0,2,3,124" ten="441,94,375,90" oya="3" hai0="82,92,89,86,19,80,71,42,112,3,68,134,133" hai1="64,67,126,105,128,1,127,5,74,101,123,36,72" hai2="2,0,79,81,7,69,49,44,14,107,50,12,21" hai3="125,46,73,87,94,90,76,25,27,104,110,6,135"/><W84/><G104/><T122/><D122/><U113/><E36/><V60/><F107/><W30/><G135/><N who="0" m="51723" /><D3/><U78/><E123/><V59/><F69/><N who="0" m="26698" /><D112/><U56/><E113/><V98/><F98/><W93/><G125/><T51/><D19/><U117/><E117/><V34/><F34/><W102/><G110/><T115/><D115/><U10/><E126/><V120/><F120/><W39/><G6/><T62/><D62/><U85/><E127/><V31/><F31/><W20/><G73/><T58/><D58/><U43/><E74/><V65/><F50/><W111/><G111/><T114/><D114/><U129/><E72/><V9/><F21/><W75/><G75/><T83/><D51/><U77/><E56/><V13/><F2/><W55/><G39/><T28/><D28/><U17/><E1/><V37/><F37/><W63/><G25/><T70/><D70/><U103/><E17/><V88/><F0/><W131/><G131/><T8/><D42/><U97/><E43/><V4/><F4/><W26/><G26/><T24/><D24/><U41/><E41/><V66/><F66/><W100/><G46/><T22/><D22/><U132/><E132/><V96/><F49/><W61/><G55/><T119/><D8/><U116/><E67/><V35/><F44/><W48/><G48/><T54/><D54/><U32/><E64/><V52/><F65/><W18/><G30/><T109/><D119/><U33/><E116/><V47/><F47/><W57/><G57/><T45/><D45/><U99/><E5/><V29/><F7/><W15/><G27/><RYUUKYOKU ba="0,0" sc="441,30,94,-10,375,-10,90,-10" hai0="80,82,83,86,89,92,109" owari="471,57.1,84,-31.6,365,16.5,80,-42.0" /></mjloggm>