<mjloggm ver="2.3"><GO type="169" lobby="0"/><UN n0="%43%E3%82%A8%E3%83%BC%E3%82%B8%E3%82%A7%E3%83%B3%E3%83%88" n1="%E6%89%8B%E6%89%93%E3%81%A1%E3%81%8D%E3%81%97%E3%82%81%E3%82%93" n2="%E3%81%82%E3%81%84%E3%81%93%E3%81%99" n3="%E3%82%B1%E3%82%A4%E3%83%AD%E3%83%B3" dan="17,18,16,16" rate="2209.30,2186.12,2136.13,2103.61" sx="M,M,M,M"/><TAIKYOKU oya="0"/><INIT seed="0,0,0,1,1,77" ten="250,250,250,250" oya="0" hai0="85,69,1,5,37,86,127,125,110,19,111,101,78" hai1="68,94,0,130,70,115,61,34,59,18,74,113,134" hai2="88,56,133,27,32,4,47,55,103,62,92,53,40" hai3="10,73,122,23,128,64,105,6,49,66,124,29,129"/><T104/><D37/><U63/><E34/><V100/><F133/><W54/><G122/><T116/><D69/><U76/><E0/><V135/><F135/><W118/><G105/><T17/><D5/><U50/><E94/><V38/><F4/><W67/><G124/><N who="0" m="47691" /><D1/><U11/><E50/><V114/><F114/><N who="1" m="43529" /><E63/><V65/><F55/><W98/><G98/><N who="0" m="61495" /><D116/><U3/><E130/><V20/><F32/><W89/><G73/><T99/><D99/><U109/><E109/><N who="0" m="41481" /><D86/><U95/><E3/><V9/><F65/><W71/><G118/><T60/><D60/><U58/><E70/><V102/><F9/><W43/><G10/><T132/><D132/><U91/><E68/><V108/><F108/><W107/><G71/><T46/><D46/><U72/><E61/><V25/><F20/><W82/><G6/><T35/><D35/><U30/><E72/><V83/><F40/><W33/><G43/><T31/><D31/><U7/><E30/><V90/><F47/><W42/><G42/><T81/><AGARI ba="0,0" hai="17,19,78,81,85" m="41481,61495,47691" machi="81" ten="40,12000,1" yaku="18,1,14,1,10,1,52,1" doraHai="77" who="0" fromWho="0" sc="250,120,250,-40,250,-40,250,-40" /><INIT seed="0,1,0,3,2,129" ten="370,210,210,210" oya="0" hai0="49,61,14,33,52,100,114,72,30,126,25,13,125" hai1="91,45,35,26,39,89,112,132,111,134,75,81,5" hai2="46,27,92,16,133,77,67,47,63,82,34,38,116" hai3="66,119,48,7,59,120,108,135,104,58,41,94,118"/><T19/><D72/><U103/><E103/><V71/><F116/><W96/><G104/><T99/><D114/><U109/><E5/><V79/><F92/><W98/><G108/><N who="1" m="41546" /><E112/><V51/><F38/><W110/><G110/><T20/><D61/><U3/><E3/><V64/><F64/><W11/><G120/><T117/><D117/><U107/><E107/><V15/><F79/><W6/><G66/><T86/><D86/><U9/><E9/><V95/><F95/><W122/><G122/><T121/><D121/><U65/><E65/><V73/><F27/><W31/><G94/><T53/><D13/><U54/><E54/><V40/><F47/><W93/><G93/><T106/><REACH who="0" step="1"/><D53/><REACH who="0" ten="360,210,210,210" step="2"/><U56/><E75/><V10/><REACH who="2" step="1"/><F34/><REACH who="2" ten="360,210,200,210" step="2"/><W101/><G119/><T44/><AGARI ba="1,2" hai="14,19,20,25,30,33,44,49,52,99,100,106,125,126" machi="44" ten="30,11700,0" yaku="1,1,2,1,0,1,54,1,53,0" doraHai="129" doraHaiUra="36" who="0" fromWho="0" sc="360,140,210,-40,200,-40,210,-40" /><INIT seed="0,2,0,0,1,5" ten="500,170,160,170" oya="0" hai0="24,86,60,64,69,43,90,123,108,48,87,88,99" hai1="70,10,71,120,20,50,51,112,41,4,92,6,82" hai2="107,26,32,132,49,83,58,22,15,73,27,62,35" hai3="21,3,67,128,106,93,19,18,129,124,116,126,63"/><T39/><D123/><U8/><E120/><V111/><F111/><W131/><G106/><T52/><D108/><U101/><E20/><V115/><F107/><W97/><G3/><T56/><D24/><U121/><E121/><V17/><F115/><W29/><G116/><T130/><D130/><U125/><E125/><N who="3" m="48234" /><G29/><T0/><D0/><U79/><E112/><V127/><F127/><W33/><G33/><T77/><D99/><U61/><E61/><V28/><F132/><W30/><G30/><T53/><D53/><U135/><E135/><V1/><F1/><W105/><G21/><T98/><D98/><U54/><E41/><V9/><F27/><W36/><G36/><T68/><D68/><U85/><E71/><V38/><F38/><W134/><G105/><T118/><D118/><U113/><E70/><V81/><F49/><W122/><G122/><T2/><D2/><U37/><E37/><V80/><REACH who="2" step="1"/><F73/><REACH who="2" ten="500,170,150,170" step="2"/><W114/><G114/><T12/><D12/><U76/><E113/><V100/><F100/><N who="3" m="60463" /><G134/><T16/><D39/><U11/><E51/><V40/><F40/><W7/><G128/><T78/><D43/><U31/><E31/><V23/><F23/><W133/><G133/><T109/><D109/><U110/><E110/><V66/><AGARI ba="2,1" hai="9,15,17,22,26,28,32,35,58,62,66,80,81,83" machi="66" ten="30,4000,0" yaku="1,1,0,1,52,1,53,0" doraHai="5" doraHaiUra="102" who="2" fromWho="2" sc="500,-22,170,-12,150,56,170,-12" /><INIT seed="1,0,0,3,1,109" ten="478,158,206,158" oya="1" hai0="74,60,12,101,23,118,51,72,41,33,113,46,59" hai1="22,20,24,48,6,131,85,122,102,66,132,80,64" hai2="99,50,69,96,125,65,124,107,19,110,79,27,100" hai3="123,135,7,44,120,130,55,86,25,15,13,87,89"/><U31/><E122/><V53/><F110/><W84/><G135/><T121/><D33/><U91/><E132/><V90/><F79/><W0/><G130/><T1/><D1/><U56/><E131/><V3/><F3/><W117/><G117/><T73/><D118/><U17/><E6/><V75/><F75/><W14/><G0/><T49/><D101/><U52/><REACH who="1" step="1"/><E102/><REACH who="1" ten="478,148,206,158" step="2"/><V45/><F100/><W98/><G7/><T54/><D121/><U57/><E57/><V34/><F69/><W61/><G123/><T63/><D73/><U10/><E10/><V32/><F125/><W5/><G5/><T92/><D72/><U128/><E128/><V104/><F124/><W18/><G120/><T106/><D74/><U95/><E95/><V129/><F129/><W114/><G114/><T112/><D92/><U9/><E9/><V115/><F115/><W37/><G44/><T67/><D112/><U133/><E133/><V47/><F47/><W58/><G37/><T16/><D113/><U2/><E2/><V62/><F45/><W70/><G70/><T43/><D43/><U126/><E126/><V111/><F111/><W103/><G103/><T116/><D116/><U77/><E77/><V81/><F81/><W40/><G40/><T127/><D127/><U30/><E30/><V68/><F68/><W71/><G71/><T134/><D134/><U35/><E35/><V36/><F34/><W83/><G83/><T21/><D46/><U119/><E119/><V78/><F32/><W11/><G11/><T97/><D41/><U42/><E42/><V76/><F36/><RYUUKYOKU ba="0,1" sc="478,-10,148,30,206,-10,158,-10" hai1="17,20,22,24,31,48,52,56,64,66,80,85,91" /><INIT seed="1,1,1,4,5,12" ten="468,178,196,148" oya="1" hai0="78,44,28,117,29,125,104,85,92,32,74,134,30" hai1="83,58,16,132,3,0,6,131,114,51,102,97,21" hai2="61,109,130,18,110,27,129,90,33,93,88,127,5" hai3="36,45,35,7,63,24,2,135,41,43,105,37,9"/><U126/><E114/><V70/><F127/><W91/><G135/><T87/><D104/><U73/><E126/><V76/><F5/><W123/><G91/><N who="2" m="34857" /><F93/><W49/><G49/><T121/><D117/><U25/><E132/><V34/><F76/><W122/><G63/><T106/><D106/><U101/><E131/><N who="2" m="50187" /><F61/><W69/><G105/><T59/><D32/><N who="2" m="12394" /><F70/><W42/><G69/><T133/><D121/><U53/><E6/><V64/><F64/><W112/><G112/><T75/><D92/><U39/><E39/><V86/><F86/><W89/><G89/><T52/><D87/><U124/><E124/><V77/><F77/><W48/><G42/><T1/><D125/><U13/><E13/><V79/><F79/><W119/><G48/><T60/><D85/><U68/><E68/><V67/><F67/><W23/><G35/><T107/><D78/><U47/><E83/><V113/><F113/><W62/><G62/><T98/><D107/><U120/><E101/><V31/><F31/><W108/><G123/><T118/><D29/><U15/><E120/><V128/><F128/><W20/><G122/><T26/><D28/><U116/><E15/><V46/><F46/><W81/><G45/><T10/><D44/><U57/><E47/><V71/><F71/><W40/><G40/><T11/><D134/><U56/><E102/><V72/><F72/><W80/><G7/><T95/><D75/><U82/><E73/><V14/><F27/><W55/><G24/><T103/><D74/><U8/><E25/><V50/><F50/><W4/><G41/><T19/><D133/><RYUUKYOKU ba="1,1" sc="468,-10,178,-10,196,30,148,-10" hai2="14,18,109,110" /><INIT seed="2,2,1,0,3,93" ten="458,168,226,138" oya="2" hai0="25,97,1,87,45,88,35,12,44,8,10,15,28" hai1="59,109,66,78,63,113,122,22,36,70,111,91,50" hai2="16,112,99,30,92,40,56,95,13,110,86,27,32" hai3="4,60,2,53,118,135,82,33,39,103,125,21,101"/><V11/><F112/><W38/><G118/><T23/><D1/><U34/><E34/><V26/><F110/><N who="1" m="41993" /><E78/><V31/><F40/><W129/><G33/><T79/><D79/><U106/><E106/><V131/><F131/><W120/><G120/><T55/><D55/><N who="1" m="32247" /><E91/><N who="2" m="53367" /><F32/><W133/><G125/><T46/><D97/><U128/><E22/><V90/><F56/><N who="3" m="34831" /><G21/><T84/><D35/><U0/><E0/><V20/><F27/><W119/><G119/><T71/><D71/><U14/><E14/><N who="0" m="5161" /><D87/><U47/><E128/><V57/><F57/><W76/><G129/><T89/><D89/><U134/><E122/><V107/><F107/><W37/><G2/><T116/><D116/><U73/><E73/><V114/><F114/><W64/><G4/><AGARI ba="2,1" hai="4,11,13,16,20,26,30,31,90,95,99" m="53367" machi="4" ten="30,5800,0" yaku="8,1,52,1,54,1" doraHai="93" who="2" fromWho="3" sc="458,0,168,0,226,74,138,-64" /><INIT seed="2,3,0,1,3,82" ten="458,168,300,74" oya="2" hai0="106,75,85,110,73,42,49,72,127,111,125,99,87" hai1="129,44,60,12,134,95,90,17,119,19,36,14,128" hai2="93,78,8,58,11,32,10,80,50,31,62,41,43" hai3="71,130,13,24,61,25,56,115,59,18,39,35,74"/><V103/><F32/><W6/><G74/><T45/><D99/><U69/><E119/><V104/><F104/><W48/><G39/><T116/><D106/><U98/><E134/><V34/><F34/><W1/><G130/><T79/><D79/><U131/><E69/><V96/><F31/><W109/><G109/><N who="0" m="41483" /><D116/><U132/><E60/><V33/><F33/><W28/><G115/><T9/><D9/><U2/><E2/><V37/><F37/><W53/><G25/><T22/><D22/><U97/><E97/><V126/><F50/><W77/><G77/><T63/><D63/><U66/><E132/><V114/><F114/><W7/><G71/><T23/><D23/><U107/><E107/><V100/><F100/><W112/><G112/><T94/><D94/><U54/><E36/><V5/><F5/><W26/><G26/><T135/><D135/><U46/><E66/><V55/><REACH who="2" step="1"/><F126/><AGARI ba="3,0" hai="42,45,49,72,73,75,85,87,125,126,127" m="41483" machi="126" ten="40,8000,1" yaku="18,1,14,1,52,2" doraHai="82" who="0" fromWho="2" sc="458,89,168,0,300,-89,74,0" /><INIT seed="3,0,0,2,0,60" ten="547,168,211,74" oya="3" hai0="72,49,88,55,126,0,34,90,70,22,115,129,94" hai1="18,85,58,87,37,133,121,97,98,131,2,61,28" hai2="93,13,6,7,50,11,134,75,65,8,48,66,110" hai3="105,24,135,67,21,103,38,92,123,47,119,1,114"/><W74/><G114/><T52/><D34/><U53/><E2/><V42/><F75/><W102/><G119/><T20/><D72/><U51/><E37/><V12/><F110/><W5/><G123/><T35/><D35/><U27/><E121/><V89/><F134/><W124/><G105/><T4/><D70/><U17/><E133/><V10/><F42/><W46/><G135/><T15/><D0/><U100/><E131/><V64/><F11/><W86/><G74/><T3/><D3/><U99/><E100/><V9/><F10/><W96/><G103/><T68/><D68/><U117/><E117/><V69/><REACH who="2" step="1"/><F69/><REACH who="2" ten="547,168,201,74" step="2"/><W26/><G1/><T41/><D115/><U111/><E111/><V14/><F14/><W25/><G38/><T57/><D41/><U104/><E104/><V79/><F79/><W95/><G124/><T109/><D109/><U62/><E18/><V40/><F40/><W107/><G5/><T31/><D15/><U73/><E17/><V54/><F54/><W118/><G118/><T43/><D55/><U113/><E73/><V29/><F29/><W112/><G112/><T81/><D43/><U120/><E113/><V80/><F80/><W19/><G19/><T84/><D31/><U23/><E120/><V33/><F33/><W71/><G21/><N who="0" m="8299" /><D4/><U125/><E125/><V91/><F91/><N who="3" m="53367" /><G107/><T30/><D126/><U106/><E106/><V32/><F32/><W82/><G82/><T16/><D16/><U44/><E28/><V56/><F56/><W122/><G122/><T77/><D30/><N who="1" m="17791" /><E58/><V78/><F78/><W36/><G36/><RYUUKYOKU ba="0,1" sc="547,-30,168,10,201,10,74,10" hai1="44,51,53,61,62,85,87,97,98,99" hai2="6,7,8,9,12,13,48,50,64,65,66,89,93" hai3="24,25,26,46,47,67,71,95,96,102" /><INIT seed="3,1,1,5,2,8" ten="517,178,211,84" oya="3" hai0="117,11,123,105,41,64,1,77,78,74,133,122,54" hai1="104,85,66,114,69,99,83,107,93,52,129,37,42" hai2="51,17,110,98,86,120,82,71,81,33,3,45,56" hai3="16,97,30,14,32,102,89,36,96,84,113,61,127"/><W135/><G36/><T63/><D105/><U90/><E114/><V6/><F110/><W109/><G113/><T35/><D35/><U65/><E129/><V7/><F71/><W112/><G112/><T25/><D117/><U72/><E104/><V39/><F39/><W26/><G135/><T87/><D74/><U24/><E69/><V88/><F120/><W21/><G127/><T100/><D100/><N who="1" m="62879" /><E24/><V106/><F33/><W18/><G109/><T116/><D41/><U68/><E68/><V94/><F106/><W132/><G132/><T79/><D116/><U124/><E124/><V75/><F75/><W49/><G102/><T108/><D108/><U111/><E111/><V10/><F56/><W2/><G61/><T70/><D133/><U128/><E52/><N who="2" m="29807" /><F81/><W20/><G2/><T34/><D54/><U60/><E60/><V43/><F43/><W9/><G49/><T44/><D44/><N who="1" m="23631" /><E128/><V125/><F3/><W59/><G59/><T12/><D87/><U0/><E0/><V73/><F73/><W62/><G62/><T57/><D1/><U19/><E83/><V95/><F95/><N who="3" m="54695" /><G32/><T50/><D50/><U29/><E72/><V38/><F38/><W131/><G131/><T23/><D34/><U48/><E48/><V119/><F119/><W47/><G47/><T134/><D134/><U126/><E126/><V22/><F125/><W118/><G118/><T13/><D70/><U130/><E130/><V46/><F46/><W58/><G58/><T67/><D123/><U15/><E66/><V31/><F82/><W101/><G101/><T4/><D122/><RYUUKYOKU ba="1,1" sc="517,-10,178,-10,211,-10,84,30" hai3="9,14,16,18,20,21,26,30,96,97" /><INIT seed="3,2,1,5,2,117" ten="507,168,201,114" oya="3" hai0="94,116,84,88,33,83,48,76,15,63,49,111,38" hai1="120,51,0,123,82,132,128,81,122,54,107,133,8" hai2="91,41,44,100,118,60,26,5,97,13,93,105,24" hai3="43,102,46,80,55,30,14,45,101,126,129,104,36"/><W98/><G129/><T19/><D38/><U95/><E107/><V109/><F118/><W4/><G126/><T2/><D2/><U56/><E128/><V20/><F109/><W23/><G101/><T69/><D33/><U6/><E95/><V135/><F135/><AGARI ba="2,1" hai="0,6,8,51,54,56,81,82,120,122,123,132,133,135" machi="135" ten="50,8000,1" yaku="20,1,52,3" doraHai="117" who="1" fromWho="2" sc="507,0,168,96,201,-86,114,0" /><INIT seed="4,0,0,0,4,130" ten="507,264,115,114" oya="0" hai0="50,1,33,57,99,66,121,62,118,58,42,44,8" hai1="103,3,123,87,67,97,63,60,129,92,132,125,119" hai2="122,27,74,81,38,108,70,16,75,91,24,105,90" hai3="37,25,89,14,21,102,19,104,12,41,94,77,49"/><T40/><D33/><U53/><E3/><V95/><F108/><W128/><G37/><T51/><D118/><U52/><E123/><V116/><F122/><W113/><G113/><T15/><D121/><U0/><E0/><V106/><F38/><W112/><G112/><T2/><D99/><U71/><E119/><V29/><F116/><W85/><G128/><T84/><D84/><U36/><E36/><V107/><F70/><W117/><G117/><T61/><D51/><U20/><E129/><V98/><F29/><W114/><G114/><T109/><D42/><U9/><E9/><V72/><F16/><W127/><G127/><T133/><D133/><U64/><E132/><V23/><F23/><W101/><G77/><T100/><D100/><N who="3" m="38505" /><G104/><T78/><D78/><U31/><E87/><N who="2" m="50543" /><F24/><W124/><G124/><T59/><D109/><U30/><E125/><V79/><F27/><W54/><G41/><T7/><D59/><AGARI ba="0,0" hai="12,14,19,21,25,49,54,59,85,89,94" m="38505" machi="59" ten="30,1000,0" yaku="8,1" doraHai="130" who="3" fromWho="0" sc="507,-10,264,0,115,0,114,10" /><INIT seed="5,0,0,5,2,19" ten="497,264,115,124" oya="1" hai0="53,13,89,100,64,49,95,51,91,30,120,129,87" hai1="107,17,8,42,114,14,10,57,24,135,127,96,3" hai2="90,27,39,113,75,59,79,83,134,103,6,77,12" hai3="21,34,55,18,1,46,118,2,98,22,66,56,23"/><U88/><E114/><V15/><F113/><W16/><G34/><T54/><D129/><U4/><E127/><V86/><F134/><W33/><G33/><T116/><D64/><U69/><E69/><V11/><F39/><W32/><G32/><T78/><D78/><U38/><E135/><V111/><F111/><W40/><G118/><T72/><D72/><U67/><E38/><V28/><F103/><W125/><G125/><T122/><D30/><U43/><E24/><V97/><F97/><W5/><G66/><T130/><D130/><U84/><E107/><V31/><F79/><W109/><G109/><T131/><D131/><U29/><E29/><V58/><F15/><W45/><G5/><T124/><D124/><U117/><E96/><V68/><F68/><W126/><G126/><T108/><D108/><U92/><REACH who="1" step="1"/><E117/><REACH who="1" ten="497,254,115,124" step="2"/><V47/><F31/><W62/><G1/><T102/><D116/><U60/><AGARI ba="0,1" hai="3,4,8,10,14,17,42,43,57,60,67,84,88,92" machi="60" ten="30,11700,0" yaku="1,1,2,1,0,1,54,1,53,0" doraHai="19" doraHaiUra="70" who="1" fromWho="1" sc="497,-39,254,127,115,-39,124,-39" /><INIT seed="5,1,0,3,2,105" ten="458,381,76,85" oya="1" hai0="51,124,65,92,68,19,82,16,58,76,134,56,50" hai1="97,100,57,25,5,135,73,10,60,108,93,47,28" hai2="55,117,53,0,72,126,21,102,20,34,48,90,96" hai3="6,69,71,120,95,86,112,128,115,99,83,33,94"/><U77/><E135/><V62/><F34/><W26/><G120/><T113/><D113/><N who="3" m="43593" /><G128/><T125/><D92/><N who="3" m="35369" /><G6/><T66/><D68/><N who="3" m="26185" /><G33/><T49/><D134/><U41/><E108/><V3/><F117/><W9/><G9/><T74/><D66/><U84/><E84/><V64/><F126/><N who="0" m="48746" /><D65/><U119/><E119/><V98/><F64/><W40/><G40/><T123/><D123/><U80/><E60/><V61/><F48/><W17/><G99/><T133/><D133/><U52/><E57/><AGARI ba="1,0" hai="16,19,49,50,51,56,57,58,74,76,82" m="48746" machi="57" ten="30,3900,0" yaku="18,1,52,1,54,1" doraHai="105" who="0" fromWho="1" sc="458,42,381,-42,76,0,85,0" /><INIT seed="6,0,0,2,3,17" ten="500,339,76,85" oya="2" hai0="74,104,72,19,100,124,113,118,79,53,38,14,128" hai1="36,8,105,66,134,63,111,127,91,10,122,101,82" hai2="46,23,110,5,84,18,132,30,97,65,25,78,112" hai3="56,81,12,43,69,94,125,42,24,48,9,80,61"/><V102/><F112/><W31/><G125/><T27/><D38/><U54/><E111/><V86/><F110/><W117/><G69/><T41/><D113/><U44/><E101/><V47/><F132/><W73/><G73/><T120/><D41/><U52/><E105/><V93/><F5/><W130/><G130/><T21/><D120/><U92/><E82/><N who="2" m="47191" /><F65/><W95/><G117/><T35/><D124/><U96/><E122/><V29/><F86/><W88/><G94/><T115/><D79/><U76/><E134/><V126/><F126/><W0/><G0/><T51/><D128/><U28/><E76/><V70/><F70/><W62/><G48/><T57/><D118/><U58/><E127/><V71/><F71/><W2/><G61/><T116/><D116/><U90/><E36/><V11/><F11/><W106/><G2/><T68/><D68/><U32/><E10/><V133/><F133/><W103/><G106/><T64/><D64/><U34/><E8/><V16/><F18/><W135/><G103/><T98/><D115/><U85/><E66/><V89/><F102/><W59/><G135/><T49/><D49/><N who="1" m="28711" /><E28/><AGARI ba="0,0" hai="16,23,25,28,29,30,46,47,89,93,97" m="47191" machi="28" ten="30,5800,0" yaku="8,1,52,1,54,1" doraHai="17" who="2" fromWho="1" sc="500,0,339,-58,76,58,85,0" /><INIT seed="6,1,0,2,0,2" ten="500,281,134,85" oya="2" hai0="21,43,84,20,108,100,122,36,99,130,107,117,53" hai1="73,54,76,82,135,114,120,14,34,33,18,7,128" hai2="38,47,71,65,22,75,41,26,125,29,49,74,78" hai3="80,39,28,105,111,3,23,0,87,88,118,89,131"/><V79/><F125/><W30/><G118/><T121/><D130/><U134/><E114/><V58/><F79/><W57/><G105/><T25/><D108/><U67/><E128/><V98/><F78/><W85/><G39/><T116/><D53/><U48/><E7/><V15/><F15/><W59/><G131/><T16/><D84/><U50/><E67/><V45/><F98/><W124/><G23/><T52/><D52/><U63/><E63/><V10/><F10/><W64/><G64/><T51/><D51/><N who="1" m="19499" /><E54/><N who="2" m="32079" /><F47/><W40/><G124/><T103/><D103/><U11/><E120/><V13/><F13/><W92/><G40/><T127/><D127/><U35/><E35/><V46/><F45/><W8/><G8/><T119/><D21/><U129/><E129/><V9/><F9/><W95/><REACH who="3" step="1"/><G80/><REACH who="3" ten="500,281,134,75" step="2"/><T6/><D43/><U1/><E34/><V31/><F31/><W37/><G37/><T106/><D36/><U62/><E33/><V55/><F55/><W83/><G83/><T77/><D106/><U110/><E82/><V56/><F56/><W61/><G61/><AGARI ba="1,1" hai="22,26,29,38,41,46,61,65,71,74,75" m="32079" machi="61" ten="30,1500,0" yaku="24,1" doraHai="2" who="2" fromWho="3" sc="500,0,281,0,134,28,75,-18" /><INIT seed="6,2,0,4,4,81" ten="500,281,162,57" oya="2" hai0="79,120,22,100,133,109,135,39,33,96,131,73,65" hai1="103,63,40,11,59,37,62,97,105,129,64,111,86" hai2="76,90,122,67,89,56,107,27,118,92,50,119,10" hai3="108,52,23,70,69,26,47,53,101,16,94,71,116"/><V49/><F107/><W28/><G108/><T4/><D33/><U34/><E34/><V95/><F122/><W87/><G116/><T46/><D109/><U106/><E111/><V0/><F76/><W12/><G47/><T14/><D65/><U104/><E129/><V128/><F128/><W20/><REACH who="3" step="1"/><G101/><REACH who="3" ten="500,281,162,47" step="2"/><T3/><D100/><U84/><E103/><V134/><F119/><W72/><G72/><T80/><D46/><U57/><E106/><V113/><F118/><W25/><G25/><T2/><D73/><U38/><E105/><V132/><F27/><W78/><G78/><T85/><D79/><U110/><E104/><V91/><F113/><W54/><G54/><T18/><D131/><U55/><E55/><V114/><F114/><W31/><G31/><T8/><D120/><U127/><E110/><V75/><F75/><W74/><G74/><T32/><D133/><U88/><E40/><V9/><F134/><W123/><G123/><T93/><D135/><U7/><E38/><V82/><F132/><W117/><G117/><T1/><D39/><U43/><E43/><V124/><F124/><W42/><G42/><T29/><D29/><U19/><E127/><V30/><F30/><W83/><G83/><T102/><D32/><U45/><E37/><V48/><F82/><W51/><G51/><T61/><D61/><U58/><E63/><N who="2" m="38375" /><F0/><W13/><G13/><T60/><D60/><U6/><E62/><V112/><F112/><W21/><G21/><T125/><D125/><U77/><E77/><V15/><F15/><W5/><G5/><T66/><D66/><RYUUKYOKU ba="2,1" sc="500,10,281,-30,162,10,47,10" hai0="1,2,3,4,8,14,18,22,80,85,93,96,102" hai2="9,10,48,49,50,89,90,91,92,95" hai3="12,16,20,23,26,28,52,53,69,70,71,87,94" /><INIT seed="6,3,1,3,4,58" ten="510,251,172,57" oya="2" hai0="0,67,18,95,113,119,124,12,38,109,52,129,15" hai1="120,16,85,77,117,80,40,6,44,130,60,48,45" hai2="43,21,61,22,55,97,65,82,73,103,66,3,30" hai3="33,42,11,121,17,19,92,57,128,99,5,78,41"/><V87/><F73/><W114/><G121/><T101/><D0/><U51/><E117/><V118/><F3/><W49/><G33/><T83/><D38/><U36/><E120/><V123/><F118/><W88/><G128/><T8/><D109/><U76/><E130/><V125/><F125/><W68/><G68/><T89/><D124/><U104/><E104/><V75/><F75/><W4/><G114/><T27/><D67/><U31/><E31/><V122/><F43/><W56/><G78/><T98/><D113/><U79/><E6/><V102/><F102/><W28/><G28/><T23/><D129/><U90/><E16/><N who="3" m="6218" /><G11/><T46/><D8/><U74/><E74/><V69/><F123/><W2/><G2/><T14/><D119/><U106/><E106/><V9/><F9/><W29/><G29/><T37/><D37/><U1/><E1/><V26/><F21/><W135/><G135/><T131/><D131/><U50/><E36/><V34/><F34/><W94/><G94/><T96/><D83/><U126/><E126/><V105/><F122/><W110/><G110/><T107/><D14/><U127/><E127/><V25/><F25/><W32/><G32/><T35/><D35/><U100/><E40/><N who="3" m="15466" /><G49/><T24/><D24/><U39/><E39/><V20/><F20/><W7/><AGARI ba="3,1" hai="4,5,7,56,57,88,92,99" m="15466,6218" machi="7" ten="30,4000,0" yaku="8,1,54,2" doraHai="58" who="3" fromWho="3" sc="510,-13,251,-13,172,-23,57,59" /><INIT seed="7,0,0,5,1,93" ten="497,238,149,116" oya="3" hai0="38,49,3,63,125,113,29,58,7,108,39,4,119" hai1="24,95,37,48,59,115,78,52,83,45,34,79,116" hai2="57,123,33,18,22,90,61,35,120,40,16,118,103" hai3="124,12,122,134,99,65,50,127,87,67,0,84,6"/><W133/><G122/><N who="2" m="46633" /><F118/><W98/><G0/><T31/><D108/><U5/><E116/><V60/><F103/><W15/><G50/><T121/><D58/><U54/><E115/><V135/><F135/><W47/><G47/><T10/><D63/><N who="2" m="24138" /><F57/><W131/><G6/><T64/><D125/><U117/><E117/><V13/><F90/><W97/><G97/><T89/><D89/><U102/><E5/><V109/><F109/><W106/><G131/><T26/><D64/><U25/><E54/><V112/><F112/><W2/><G2/><T62/><D26/><U80/><E25/><N who="2" m="14551" /><F40/><W129/><G129/><T8/><D49/><U75/><E75/><V114/><F114/><W82/><G82/><T132/><D3/><U23/><E23/><AGARI ba="0,0" hai="13,16,23,33,35" m="14551,24138,46633" machi="23" ten="30,2000,0" yaku="13,1,54,1" doraHai="93" who="2" fromWho="1" sc="497,0,238,-20,149,20,116,0" owari="497,59.7,218,1.8,169,-23.1,116,-38.4" /></mjloggm>