<mjloggm ver="2.3"><GO type="169" lobby="0"/><UN n0="%E3%82%86%E3%83%BC%E3%81%B5%E3%82%89" n1="%E3%83%90%E3%83%AA%E3%83%88%E3%83%B3" n2="%73%79%6C%76%65%6F%6E" n3="%50%73%79%63%68%65" dan="16,17,16,17" rate="2033.68,2246.11,2130.51,2128.89" sx="M,M,M,M"/><TAIKYOKU oya="0"/><INIT seed="0,0,0,5,4,16" ten="250,250,250,250" oya="0" hai0="85,106,118,56,103,132,69,89,62,51,82,72,86" hai1="76,84,116,22,80,125,42,33,65,15,4,20,59" hai2="0,93,44,134,50,96,2,120,126,47,67,9,21" hai3="131,31,102,83,100,88,53,28,55,74,1,6,49"/><T104/><D118/><U75/><E33/><V99/><F120/><W48/><G131/><T124/><D132/><U27/><E116/><V37/><F134/><W39/><G39/><T54/><D124/><U64/><E125/><V41/><F126/><W30/><G1/><T61/><D72/><U110/><E110/><V135/><F135/><W5/><G74/><T63/><D69/><U35/><E35/><V97/><F67/><W57/><G83/><T26/><D103/><N who="3" m="39465" /><G88/><T70/><D70/><U23/><E75/><V25/><F9/><W29/><N who="3" m="7168" /><DORA hai="112" /><W58/><AGARI ba="0,0" hai="5,6,48,49,53,55,57,58" m="7168,39465" machi="58" ten="40,2700,0" yaku="4,1,8,1" doraHai="16,112" who="3" fromWho="3" sc="250,-13,250,-7,250,-7,250,27" /><INIT seed="1,0,0,4,2,46" ten="237,243,243,277" oya="1" hai0="41,130,38,86,80,19,48,29,106,17,53,30,1" hai1="131,11,71,10,91,96,44,108,113,89,90,58,129" hai2="81,14,116,21,124,31,34,117,59,102,42,76,73" hai3="78,12,60,39,67,84,47,135,83,119,40,118,134"/><U6/><E71/><V68/><F68/><W32/><G32/><T109/><D109/><U69/><E69/><V74/><F124/><W13/><G60/><T26/><D106/><U9/><E113/><V98/><F74/><W7/><G67/><T100/><D100/><U45/><E6/><V43/><F34/><W132/><REACH who="3" step="1"/><G7/><REACH who="3" ten="237,243,243,267" step="2"/><T33/><D33/><U87/><E108/><V107/><F117/><AGARI ba="0,1" hai="12,13,39,40,47,78,83,84,117,118,119,132,134,135" machi="117" ten="50,8000,1" yaku="1,1,2,1,12,1,20,1,53,0" doraHai="46" doraHaiUra="2" who="3" fromWho="2" sc="237,0,243,0,243,-80,267,90" /><INIT seed="2,0,0,0,1,4" ten="237,243,163,357" oya="2" hai0="30,14,59,62,51,79,93,42,25,57,129,115,21" hai1="119,91,6,87,135,71,97,45,22,78,27,131,0" hai2="106,5,67,64,35,88,92,12,56,61,48,84,18" hai3="55,53,134,41,124,43,44,110,98,8,80,68,39"/><V86/><F106/><W75/><G68/><T46/><D115/><U32/><E119/><V19/><F35/><W54/><G110/><T13/><D129/><U82/><E131/><V24/><F67/><W72/><G134/><T90/><D79/><U31/><E135/><V117/><F117/><W130/><G130/><T16/><D30/><U128/><E71/><V9/><F24/><W133/><G133/><T118/><D118/><U132/><E132/><V94/><F48/><W121/><G121/><T95/><D59/><U99/><E128/><V15/><F15/><W127/><G43/><T116/><D95/><U52/><E32/><V58/><F58/><W76/><G98/><T1/><D1/><U28/><E28/><V100/><F86/><W125/><REACH who="3" step="1"/><G8/><REACH who="3" ten="237,243,163,347" step="2"/><T7/><D116/><U23/><E99/><AGARI ba="0,1" hai="5,9,12,18,19,56,61,64,84,88,92,94,99,100" machi="99" ten="40,7700,0" yaku="8,1,52,1,54,1" doraHai="4" who="2" fromWho="1" sc="237,0,243,-77,163,87,347,0" /><INIT seed="2,1,0,0,3,50" ten="237,166,250,347" oya="2" hai0="126,54,107,35,43,56,42,13,80,73,103,113,85" hai1="64,97,51,0,55,9,108,52,25,4,120,24,92" hai2="70,2,3,68,128,62,59,29,124,112,32,66,98" hai3="20,30,111,65,53,28,106,10,87,39,37,60,130"/><V82/><F112/><W78/><G106/><T83/><D35/><U71/><E108/><V134/><F124/><W115/><G111/><T18/><D126/><U6/><E120/><V135/><F128/><W21/><G130/><T61/><D113/><U16/><E6/><V8/><F98/><W127/><G127/><T91/><D107/><U14/><E64/><V26/><F82/><W45/><G10/><T121/><D103/><U84/><E84/><V72/><F72/><W101/><G101/><T41/><D121/><U100/><E71/><N who="2" m="27179" /><F8/><W23/><G115/><T96/><D96/><U88/><E100/><V63/><F63/><W17/><G17/><T110/><D110/><U7/><E55/><V125/><F125/><W93/><G65/><T47/><D73/><U77/><E77/><V57/><F57/><W11/><G11/><N who="0" m="6463" /><D83/><U131/><E131/><V79/><F79/><W74/><G74/><T15/><D15/><U69/><E69/><V118/><F118/><W38/><G78/><T36/><D36/><U76/><E76/><V67/><F67/><W75/><G75/><T27/><D27/><N who="1" m="10315" /><E0/><V109/><F109/><W33/><G33/><T133/><D47/><AGARI ba="1,0" hai="4,7,9,14,16,47,51,52,88,92,97" m="10315" machi="47" ten="30,8000,1" yaku="8,1,52,1,54,3" doraHai="50" who="1" fromWho="0" sc="237,-83,166,83,250,0,347,0" /><INIT seed="3,0,0,1,2,97" ten="154,249,250,347" oya="3" hai0="81,48,98,54,75,47,101,34,123,61,82,26,127" hai1="95,72,1,0,126,109,120,20,108,121,6,100,125" hai2="69,74,18,44,35,112,5,90,103,99,46,49,65" hai3="10,53,102,77,83,113,37,67,56,23,118,92,15"/><W128/><G118/><T124/><D123/><U14/><E72/><V133/><F112/><W58/><G37/><T60/><D34/><U51/><E51/><V135/><F74/><W11/><G113/><T12/><D26/><U115/><E95/><V25/><F5/><W9/><G128/><T106/><D12/><U114/><E100/><V7/><F7/><W130/><G130/><T17/><D17/><N who="1" m="10295" /><E115/><V76/><F76/><W31/><G67/><T70/><D70/><U40/><E40/><V28/><F18/><W33/><G33/><T16/><D16/><U66/><E66/><V73/><F73/><W45/><G15/><T117/><D117/><U78/><E78/><V105/><F90/><W64/><G64/><T41/><D41/><U4/><E4/><V62/><F46/><W96/><G45/><T29/><D75/><U111/><E114/><V52/><AGARI ba="0,0" hai="25,28,35,44,49,52,62,65,69,99,103,105,133,135" machi="52" ten="30,8000,1" yaku="0,1,25,2,52,1,54,1" doraHai="97" who="2" fromWho="2" sc="154,-20,249,-20,250,80,347,-40" /><INIT seed="4,0,0,2,1,109" ten="134,229,330,307" oya="0" hai0="107,97,43,72,59,106,4,113,131,126,42,15,69" hai1="115,14,26,85,96,17,0,3,5,19,58,102,2" hai2="46,54,132,74,9,124,35,123,56,36,135,7,63" hai3="90,134,76,12,121,92,45,94,18,122,8,53,65"/><T128/><D69/><U1/><E85/><V95/><F123/><N who="3" m="47115" /><G134/><N who="2" m="51241" /><F74/><W87/><G65/><T98/><D72/><U110/><E110/><V84/><F35/><W133/><G76/><T32/><D32/><U11/><N who="1" m="0" /><DORA hai="49" /><U111/><E111/><V81/><F124/><W125/><G133/><T103/><D126/><U71/><E71/><V13/><F95/><N who="3" m="54751" /><G125/><T75/><D75/><U100/><E100/><V24/><F24/><W47/><G47/><T118/><D118/><U30/><E58/><V78/><F46/><W108/><G108/><T22/><D4/><U91/><E91/><V93/><F93/><W23/><G23/><T117/><D117/><U31/><E5/><V44/><F44/><W88/><G88/><T6/><D59/><U73/><E73/><V37/><AGARI ba="0,0" hai="7,9,13,36,37,54,56,63,78,81,84" m="51241" machi="37" ten="30,2000,0" yaku="20,1,52,1" doraHai="109,49" who="2" fromWho="2" sc="134,-10,229,-5,330,20,307,-5" /><INIT seed="5,0,0,3,2,85" ten="124,224,350,302" oya="1" hai0="71,81,111,79,123,24,121,95,56,106,64,74,92" hai1="68,5,130,118,30,54,96,34,84,90,22,100,88" hai2="31,41,102,48,18,0,35,127,46,17,99,16,94" hai3="69,115,87,26,86,133,116,134,7,73,13,72,135"/><U63/><E118/><V78/><F127/><W105/><G69/><T97/><D71/><U89/><E130/><V44/><F0/><W91/><G116/><T93/><D64/><U67/><E22/><V50/><F78/><W25/><G105/><T122/><D56/><U55/><E5/><V51/><REACH who="2" step="1"/><F46/><REACH who="2" ten="124,224,340,302" step="2"/><W47/><G47/><T126/><D24/><AGARI ba="0,1" hai="16,17,18,24,31,35,41,44,48,50,51,94,99,102" machi="24" ten="40,8000,1" yaku="1,1,2,1,54,1,53,1" doraHai="85" doraHaiUra="42" who="2" fromWho="0" sc="124,-80,224,0,340,90,302,0" /><INIT seed="6,0,0,4,3,24" ten="44,224,430,302" oya="2" hai0="72,88,29,123,76,55,13,85,61,30,27,81,41" hai1="135,36,78,23,17,73,90,82,126,57,131,129,100" hai2="9,80,113,59,4,104,7,75,31,111,132,10,21" hai3="95,106,96,116,49,67,48,63,53,2,105,125,127"/><V52/><F104/><W118/><G2/><T26/><D123/><U112/><E36/><V65/><F65/><W108/><G108/><T119/><D119/><N who="3" m="45609" /><G106/><T47/><D13/><U103/><E57/><V102/><F102/><W74/><G74/><T134/><D134/><U33/><E33/><V114/><F111/><W77/><G77/><T54/><D26/><U32/><E32/><V93/><F93/><W83/><G83/><T42/><D42/><U97/><E23/><V58/><F132/><W38/><G105/><T0/><D0/><U16/><E135/><V18/><F59/><N who="3" m="37375" /><G38/><T35/><D61/><U101/><E126/><N who="3" m="48138" /><G53/><T8/><D8/><U70/><E70/><V124/><F80/><W15/><G15/><T121/><D121/><U109/><E109/><V92/><F75/><W69/><G69/><T34/><D34/><U128/><E17/><V91/><F92/><W6/><G6/><T60/><D60/><U110/><E16/><V37/><F7/><W25/><G25/><T94/><REACH who="0" step="1"/><D30/><REACH who="0" ten="34,224,430,302" step="2"/><U50/><E110/><V117/><F117/><W87/><G49/><AGARI ba="0,1" hai="27,29,35,41,47,49,54,55,72,76,81,85,88,94" machi="49" ten="30,8000,1" yaku="1,1,2,1,7,1,52,1,54,1,53,0" doraHai="24" doraHaiUra="5" who="0" fromWho="3" sc="34,90,224,0,430,0,302,-80" /><INIT seed="7,0,0,0,4,133" ten="124,224,430,222" oya="3" hai0="16,100,1,129,119,28,31,89,10,87,26,132,114" hai1="77,53,49,36,121,30,52,57,5,135,47,96,3" hai2="0,23,71,17,59,67,118,20,58,9,21,95,15" hai3="101,55,111,35,27,51,103,94,22,83,56,19,124"/><W126/><G111/><T50/><D119/><U86/><E121/><V113/><F118/><W116/><G116/><T11/><D132/><U134/><E30/><V4/><F113/><W62/><G35/><T41/><D129/><U69/><E69/><V88/><F71/><W115/><G115/><T48/><D114/><U18/><E5/><V125/><F125/><N who="3" m="48235" /><G83/><T130/><D130/><U25/><E3/><V43/><F43/><W93/><G51/><T91/><D100/><AGARI ba="0,0" hai="19,22,27,55,56,62,93,94,100,101,103" m="48235" machi="100" ten="30,11600,0" yaku="18,1,52,3" doraHai="133" who="3" fromWho="0" sc="124,-116,224,0,430,0,222,116" /><INIT seed="7,1,0,0,0,38" ten="8,224,430,338" oya="3" hai0="42,65,117,72,90,134,5,55,10,106,39,109,53" hai1="66,76,116,81,62,15,56,68,45,103,120,87,17" hai2="14,50,28,91,1,44,24,3,100,47,71,46,95" hai3="40,118,112,11,108,52,104,127,85,92,77,126,19"/><W135/><G118/><T70/><D90/><U43/><E116/><V60/><F100/><W86/><G104/><T69/><D42/><U0/><E120/><V128/><F128/><W16/><G112/><T22/><D22/><U54/><E0/><V25/><F25/><W63/><G135/><T9/><D5/><U29/><E29/><V75/><F75/><W133/><G133/><T89/><D89/><U125/><E103/><V30/><F30/><W99/><G108/><T37/><D65/><U74/><E125/><N who="3" m="47626" /><G40/><T8/><D72/><U132/><E132/><V121/><F121/><W49/><G63/><T131/><D134/><U58/><E74/><V111/><F60/><W41/><G41/><T110/><D106/><U96/><E96/><V20/><F111/><W129/><G129/><T105/><D105/><U83/><E83/><V33/><F95/><W6/><G77/><T32/><D32/><U78/><E54/><V119/><F119/><W115/><G115/><T26/><D26/><U13/><E13/><V67/><F50/><W21/><G21/><T59/><D131/><U73/><E78/><V130/><F130/><W35/><G35/><T97/><D97/><U4/><E73/><V31/><F33/><W113/><G113/><T51/><D117/><U84/><E84/><N who="3" m="32362" /><G92/><T64/><D55/><U2/><E43/><V88/><F20/><W93/><G93/><T124/><D124/><U34/><E34/><V79/><F79/><W61/><G99/><T82/><D82/><U27/><E76/><V107/><F107/><W23/><G23/><T94/><D110/><RYUUKYOKU ba="1,0" sc="8,0,224,0,430,0,338,0" owari="8,-49.2,224,-17.6,430,53.0,338,13.8" /></mjloggm>