<mjloggm ver="2.3"><GO type="169" lobby="0"/><UN n0="%E3%83%88%E3%82%B7%E3%83%95%E3%83%BC%E3%83%8B" n1="%E6%9E%95%E9%AD%9A" n2="%6B%61%73%68%69%61" n3="%E3%83%8A%E3%82%B9%E3%83%9C%E3%82%A6" dan="16,16,16,16" rate="2127.73,2105.75,2053.44,2036.87" sx="M,F,M,M"/><TAIKYOKU oya="0"/><INIT seed="0,0,0,1,5,65" ten="250,250,250,250" oya="0" hai0="15,107,50,58,47,131,120,57,114,98,5,42,60" hai1="129,79,4,31,32,53,104,84,122,67,90,23,39" hai2="51,56,80,115,102,22,93,119,48,70,111,13,54" hai3="46,125,83,92,101,55,134,26,64,116,106,97,95"/><T33/><D114/><U82/><E122/><V25/><F111/><W99/><G125/><T73/><D73/><U77/><E39/><V8/><F119/><W89/><G134/><T103/><D120/><U61/><E4/><V14/><F115/><W9/><G116/><T78/><D131/><U10/><E10/><V87/><F70/><W49/><G26/><T127/><D127/><U133/><E53/><V123/><F123/><W86/><G64/><T75/><D33/><U0/><E23/><V35/><F35/><W29/><G29/><T17/><D5/><U1/><E79/><V20/><F20/><W108/><G108/><T132/><D132/><U16/><E16/><V27/><F51/><W72/><G72/><T40/><D40/><U110/><E129/><V91/><F22/><W96/><G106/><T37/><D37/><U105/><E105/><V81/><F13/><W28/><G28/><T113/><D113/><U135/><E110/><V118/><F118/><W45/><G95/><T63/><D78/><U130/><E130/><V11/><F11/><W117/><G117/><T24/><D24/><N who="2" m="9290" /><F102/><W126/><G126/><T52/><D75/><N who="1" m="43327" /><E104/><V43/><F43/><W128/><G128/><T69/><D69/><N who="1" m="42223" /><E135/><V112/><F112/><W6/><REACH who="3" step="1"/><G46/><REACH who="3" ten="250,250,250,240" step="2"/><T100/><D107/><U44/><E44/><V7/><AGARI ba="0,1" hai="7,8,14,48,54,56,80,81,87,91,93" m="9290" machi="7" ten="30,1100,0" yaku="8,1" doraHai="65" who="2" fromWho="2" sc="250,-5,250,-3,250,21,240,-3" /><INIT seed="1,0,0,1,1,43" ten="245,247,271,237" oya="1" hai0="114,45,131,47,113,99,78,34,72,28,14,100,75" hai1="62,129,90,25,81,1,10,103,104,33,36,31,70" hai2="101,127,124,87,2,20,56,134,108,40,83,95,73" hai3="135,117,53,98,23,74,29,60,79,106,21,119,3"/><U109/><E129/><V111/><F2/><W116/><G3/><T85/><D34/><U97/><E109/><N who="2" m="42059" /><F20/><W65/><G135/><T44/><D28/><U38/><E90/><V102/><F56/><W67/><G79/><T19/><D131/><U4/><REACH who="1" step="1"/><E81/><REACH who="1" ten="245,237,271,237" step="2"/><V133/><F133/><W16/><G117/><T57/><D114/><U94/><E94/><V80/><F134/><W49/><G119/><T52/><D113/><U126/><E126/><V46/><F83/><W66/><G106/><T18/><D78/><U71/><E71/><V69/><F69/><W35/><G116/><T82/><D82/><U15/><E15/><V107/><F107/><W132/><G132/><T59/><D85/><U76/><E76/><N who="2" m="44047" /><F87/><W9/><G74/><T93/><D75/><U128/><E128/><V120/><F120/><W55/><G98/><T77/><D77/><U96/><E96/><N who="2" m="59551" /><F102/><W125/><G125/><T68/><D68/><U48/><E48/><AGARI ba="0,1" hai="40,46,48,124,127" m="59551,44047,42059" machi="48" ten="30,2000,0" yaku="14,1,52,1" doraHai="43" who="2" fromWho="1" sc="245,0,237,-20,271,30,237,0" /><INIT seed="2,0,0,2,1,61" ten="245,217,301,237" oya="2" hai0="124,96,120,73,131,127,82,106,110,104,71,100,86" hai1="75,59,112,115,77,8,17,16,21,116,55,53,107" hai2="83,65,31,132,76,6,89,12,80,117,33,87,60" hai3="93,113,90,114,48,37,3,19,38,81,20,5,40"/><V46/><F117/><W10/><G81/><T95/><D71/><U13/><E116/><V27/><F132/><W70/><G70/><T26/><D26/><U18/><E107/><N who="0" m="41001" /><D120/><U88/><E77/><V123/><F123/><W57/><G38/><T62/><D62/><U29/><E75/><V118/><F118/><W1/><G1/><T74/><D110/><U35/><E35/><V135/><F135/><W51/><G37/><T41/><D41/><U14/><E29/><V72/><F46/><W103/><G103/><T50/><D50/><U108/><E108/><V47/><F47/><W66/><G40/><T54/><D54/><U133/><E133/><V130/><F130/><W68/><G68/><T11/><D11/><U121/><E121/><V125/><F125/><N who="0" m="48202" /><D131/><U42/><E42/><V94/><F80/><W43/><G43/><T63/><D63/><U119/><E119/><V122/><F122/><W92/><G48/><T64/><D64/><U101/><E101/><V15/><REACH who="2" step="1"/><F6/><REACH who="2" ten="245,217,291,237" step="2"/><W69/><G5/><T91/><AGARI ba="0,1" hai="73,74,82,86,91,95,96,100" m="48202,41001" machi="91" ten="30,4000,0" yaku="18,1,34,2" doraHai="61" who="0" fromWho="0" sc="245,50,217,-10,291,-20,237,-10" /><INIT seed="3,0,0,3,2,73" ten="295,207,271,227" oya="3" hai0="17,127,81,32,78,69,35,80,15,59,96,75,95" hai1="130,116,9,47,13,56,82,8,105,97,92,55,51" hai2="123,104,124,4,121,44,37,39,61,5,71,50,120" hai3="134,6,66,22,77,84,67,79,94,28,63,98,65"/><W11/><G134/><T122/><D69/><U102/><E130/><V112/><F104/><W91/><G63/><T83/><D122/><U88/><E116/><V119/><F119/><W128/><G128/><T113/><D127/><U85/><E13/><V31/><F31/><W38/><G38/><N who="2" m="14345" /><F124/><W100/><G22/><T54/><D113/><U40/><REACH who="1" step="1"/><E105/><REACH who="1" ten="295,197,271,227" step="2"/><V41/><F112/><W58/><G28/><T53/><D35/><U72/><E72/><V129/><F129/><W89/><G58/><T36/><D32/><U27/><E27/><V133/><F133/><W68/><G68/><T23/><D36/><AGARI ba="0,1" hai="8,9,36,40,47,51,55,56,82,85,88,92,97,102" machi="36" ten="30,3900,0" yaku="1,1,7,1,54,1,53,0" doraHai="73" doraHaiUra="60" who="1" fromWho="0" sc="295,-39,197,49,271,0,227,0" /><INIT seed="4,0,0,2,2,135" ten="256,246,271,227" oya="0" hai0="19,32,73,64,9,87,54,35,26,14,69,91,134" hai1="89,123,96,33,50,84,55,71,20,12,57,29,128" hai2="114,61,82,27,51,31,113,122,74,1,68,2,130" hai3="10,100,58,125,22,36,43,78,94,83,40,90,41"/><T75/><D134/><U109/><E109/><V121/><F51/><W18/><G100/><T16/><D69/><U59/><E71/><V81/><F130/><W11/><G36/><T79/><D64/><U115/><E123/><V53/><F53/><W47/><G47/><T118/><D118/><U67/><E128/><V34/><F82/><W21/><G58/><T7/><D79/><U93/><E115/><N who="2" m="44043" /><F81/><W119/><G119/><T48/><D75/><U70/><E33/><V110/><F74/><W3/><G3/><N who="2" m="1033" /><F110/><W101/><G101/><T131/><D73/><U120/><E120/><V127/><F127/><W0/><G0/><T37/><D37/><U112/><E112/><V92/><F92/><W5/><G125/><T80/><D131/><U76/><E70/><V116/><F116/><W102/><G102/><T38/><D38/><U63/><E76/><V98/><F98/><W25/><G83/><T97/><D97/><U52/><E67/><AGARI ba="0,0" hai="27,31,34,61,67,68,121,122" m="1033,44043" machi="67" ten="30,2000,0" yaku="15,1,23,1" doraHai="135" who="2" fromWho="1" sc="256,0,246,-20,271,20,227,0" /><INIT seed="5,0,0,4,2,108" ten="256,226,291,227" oya="1" hai0="57,72,94,21,113,42,39,15,8,80,62,125,68" hai1="107,6,0,109,127,2,11,104,79,86,120,35,133" hai2="126,12,48,28,29,115,5,9,63,105,33,24,96" hai3="50,51,43,3,81,19,10,38,121,7,74,112,26"/><U117/><E86/><V98/><F29/><W84/><G121/><T17/><D68/><U99/><E79/><V25/><F25/><W32/><G74/><T110/><D110/><U89/><E89/><V30/><F30/><W67/><G67/><T75/><D125/><U116/><E109/><V55/><F63/><W4/><G4/><T47/><D80/><U70/><E120/><V31/><F31/><W101/><G101/><T103/><D103/><N who="1" m="62591" /><E107/><V41/><F41/><W20/><G32/><T123/><D94/><U132/><E35/><V56/><F126/><W36/><G36/><T87/><D87/><U58/><E58/><V65/><F65/><W13/><G38/><T111/><D111/><U54/><E54/><V85/><F85/><W27/><G50/><T59/><D123/><U128/><E127/><V91/><F91/><W90/><G27/><T122/><D122/><U82/><E82/><V64/><F64/><W114/><REACH who="3" step="1"/><G26/><REACH who="3" ten="256,226,291,217" step="2"/><T129/><D75/><U22/><E2/><V95/><F48/><W77/><G77/><T45/><D72/><U40/><E70/><V130/><F24/><W92/><G92/><T18/><D39/><U46/><E0/><V71/><F95/><W76/><G76/><T1/><D1/><U119/><E6/><V66/><F33/><W131/><G131/><T135/><D129/><U97/><E128/><V61/><F130/><W102/><G102/><T34/><D34/><U73/><E73/><V69/><F71/><W100/><G100/><T83/><D83/><U23/><E116/><V16/><F69/><W78/><G78/><RYUUKYOKU ba="0,1" sc="256,-10,226,-10,291,-10,217,30" hai3="3,7,10,13,19,20,43,51,81,84,90,112,114" /><INIT seed="6,1,1,5,5,63" ten="246,216,281,247" oya="2" hai0="77,126,134,52,119,133,60,98,18,92,118,0,34" hai1="94,122,90,10,65,97,67,114,76,89,105,49,113" hai2="30,44,71,13,91,64,6,9,116,48,123,69,45" hai3="8,66,62,78,41,68,24,104,53,22,59,15,12"/><V112/><F116/><N who="0" m="44586" /><D0/><U131/><E131/><V21/><F123/><W26/><G104/><T7/><D7/><U75/><E122/><V33/><F33/><W128/><G128/><T23/><D34/><U99/><E49/><V19/><F112/><N who="1" m="43113" /><E10/><V109/><F30/><W96/><G41/><T56/><D77/><U25/><E25/><V47/><F109/><W93/><G78/><T46/><D46/><U57/><E57/><V50/><F91/><N who="1" m="34825" /><E105/><V1/><F71/><W29/><G26/><N who="0" m="14711" /><D126/><U72/><E99/><V4/><REACH who="2" step="1"/><F6/><REACH who="2" ten="246,216,271,247" step="2"/><W110/><G110/><T32/><D32/><U127/><E127/><V80/><F80/><W108/><G108/><T38/><D38/><U39/><E39/><V82/><F82/><W58/><G68/><T111/><D111/><U51/><E76/><V124/><F124/><W79/><G79/><T81/><D81/><U14/><E72/><V83/><F83/><W130/><G130/><T5/><D5/><U42/><E75/><V11/><F11/><W28/><G8/><T85/><D85/><U103/><E14/><V88/><F88/><AGARI ba="1,2" hai="52,56,60,88,92,98,133,134" m="14711,44586" machi="88" ten="30,7700,0" yaku="25,1,12,1,54,2" doraHai="63" who="0" fromWho="2" sc="246,100,216,0,271,-80,247,0" /><INIT seed="7,0,0,4,0,71" ten="346,216,191,247" oya="3" hai0="82,123,28,95,122,116,104,45,12,79,106,6,72" hai1="40,21,87,91,18,97,105,52,1,14,78,2,47" hai2="118,10,129,126,83,44,37,30,84,53,33,85,113" hai3="76,110,102,69,39,121,131,26,54,74,103,16,75"/><W60/><G121/><N who="0" m="46091" /><D45/><U68/><E68/><V66/><F118/><W128/><G39/><T77/><D12/><U3/><E78/><V81/><F126/><W15/><G26/><T42/><D42/><U119/><E119/><V124/><F124/><W41/><G41/><T62/><D62/><U111/><E111/><V50/><F113/><W115/><G115/><T133/><D6/><U9/><E97/><V23/><F129/><W101/><G76/><T117/><D28/><U43/><E105/><N who="0" m="40553" /><D133/><U94/><E21/><V22/><F33/><W13/><G13/><T67/><D67/><U46/><E46/><V107/><F107/><W34/><G34/><T35/><D35/><U135/><E135/><V20/><F30/><W57/><G69/><T99/><D79/><U98/><E52/><V19/><F37/><W100/><N who="3" m="25600" /><DORA hai="64" /><W55/><G55/><T65/><D65/><U127/><E43/><V125/><F125/><W7/><G7/><T93/><D93/><U130/><E127/><V59/><F83/><W24/><G24/><T51/><D51/><U38/><E40/><V49/><F81/><W61/><G61/><T63/><D63/><U109/><E38/><V120/><F120/><W86/><G60/><T73/><D73/><U114/><E47/><V134/><F66/><W96/><G75/><T132/><D132/><U112/><E112/><V27/><F134/><W48/><G48/><T90/><AGARI ba="0,0" hai="72,77,82,90,95,99,116,117" m="40553,46091" machi="90" ten="30,2000,0" yaku="34,2" doraHai="71,64" who="0" fromWho="0" sc="346,20,216,-5,191,-5,247,-10" owari="366,46.6,211,-18.9,186,-31.4,237,3.7" /></mjloggm>