<mjloggm ver="2.3"><GO type="169" lobby="0"/><UN n0="%E3%81%82%E3%81%8A%E3%81%8D%E3%82%93%E3%81%90" n1="%E6%9C%A8%E5%8E%9F%E8%B1%AA%E4%B8%80" n2="%74%61%6B%65%33" n3="%73%79%6C%76%65%6F%6E" dan="16,17,17,16" rate="2131.28,2153.14,2224.55,2186.61" sx="M,M,M,M"/><TAIKYOKU oya="0"/><INIT seed="0,0,0,5,4,67" ten="250,250,250,250" oya="0" hai0="101,11,135,51,127,0,56,117,114,26,53,72,60" hai1="17,19,65,31,106,87,24,76,4,78,62,103,6" hai2="36,54,69,12,89,128,92,79,42,48,94,3,15" hai3="112,38,123,16,59,84,63,68,50,100,102,90,118"/><T47/><D114/><U97/><E6/><V1/><F128/><W39/><G112/><T83/><D117/><U109/><E109/><V10/><F79/><W88/><G118/><T40/><D127/><U23/><E4/><V98/><F15/><W113/><G113/><T34/><D135/><U66/><E66/><V41/><F69/><W35/><G35/><T77/><D101/><U130/><E130/><V120/><F120/><W5/><G5/><T8/><REACH who="0" step="1"/><D0/><REACH who="0" ten="240,250,250,250" step="2"/><U32/><E19/><V49/><F1/><W75/><G102/><T13/><D13/><U37/><E37/><V71/><F3/><W28/><G100/><T95/><D95/><U119/><E119/><V99/><F36/><W111/><G39/><T134/><D134/><U20/><E17/><V2/><F2/><W57/><G16/><T116/><D116/><U45/><E103/><V25/><F12/><W55/><G38/><T107/><D107/><U44/><E106/><V7/><F7/><W115/><G115/><T110/><D110/><U122/><E122/><V64/><F94/><W58/><G111/><T52/><D52/><U81/><E31/><AGARI ba="0,1" hai="8,11,26,31,34,40,47,51,53,56,60,72,77,83" machi="31" ten="40,3900,0" yaku="1,1,53,1" doraHai="67" doraHaiUra="30" who="0" fromWho="1" sc="240,49,250,-39,250,0,250,0" /><INIT seed="0,1,0,2,4,32" ten="289,211,250,250" oya="0" hai0="48,96,79,130,31,49,22,102,55,65,38,83,121" hai1="82,97,50,41,91,47,43,67,10,66,126,0,127" hai2="105,77,85,120,58,128,118,5,69,88,61,33,9" hai3="53,62,17,80,87,16,2,37,11,89,36,51,59"/><T52/><D121/><U109/><E41/><V106/><F120/><W86/><G37/><T60/><D38/><U74/><E109/><V119/><F33/><W8/><G36/><T98/><D130/><U21/><E21/><V112/><F77/><W70/><G70/><T4/><D4/><N who="1" m="1287" /><E74/><V20/><F20/><W39/><G39/><T18/><D31/><U6/><E6/><V129/><F69/><W110/><G110/><T134/><D134/><U1/><E1/><N who="2" m="175" /><F112/><W111/><G111/><T30/><D30/><U35/><E35/><V132/><F132/><W95/><G51/><T56/><D49/><U131/><E82/><N who="2" m="49207" /><F106/><W101/><G101/><T34/><D34/><U71/><E91/><V113/><F105/><W72/><G72/><T92/><D98/><U99/><E131/><N who="2" m="50251" /><F113/><W73/><G73/><T100/><D100/><U108/><E108/><V135/><F135/><W23/><G2/><T54/><D48/><U84/><E84/><V42/><F42/><W75/><G75/><T13/><D79/><U29/><E71/><V19/><F19/><N who="3" m="7243" /><G23/><T45/><D45/><U15/><E29/><V28/><F28/><W7/><G7/><T107/><D107/><U64/><E15/><V117/><F117/><W63/><G11/><T103/><D103/><U27/><E27/><V14/><F14/><W104/><G8/><T24/><D24/><U90/><E90/><V122/><F122/><W78/><G104/><T57/><D83/><U46/><E46/><V133/><F133/><W44/><G44/><T26/><D26/><U25/><E25/><V76/><F76/><RYUUKYOKU ba="1,0" sc="289,0,211,0,250,0,250,0" hai0="13,18,22,52,54,55,56,57,60,65,92,96,102" hai1="43,47,50,64,66,67,97,99,126,127" hai2="58,61,118,119" hai3="53,59,62,63,78,80,86,87,89,95" /><INIT seed="0,2,0,4,3,130" ten="289,211,250,250" oya="0" hai0="128,72,39,113,100,51,84,81,36,95,66,73,99" hai1="88,54,69,13,90,29,11,27,23,14,91,112,134" hai2="48,26,16,17,107,7,34,135,65,121,118,108,1" hai3="119,12,110,5,63,104,20,127,22,132,123,126,92"/><T53/><D113/><U35/><E69/><V32/><F107/><W4/><G104/><T79/><D128/><U55/><E112/><V6/><F65/><W67/><G119/><T131/><D131/><U62/><E134/><V124/><F48/><W133/><G110/><T60/><D36/><U30/><E62/><V52/><F52/><N who="1" m="20009" /><E35/><V68/><F68/><N who="3" m="42111" /><G92/><T116/><D39/><U47/><E47/><V46/><F46/><W93/><G93/><T120/><D120/><U61/><E61/><V71/><F71/><W98/><G98/><T3/><D3/><U97/><E30/><V57/><F57/><W56/><G56/><T82/><D82/><U111/><E111/><V85/><F85/><W125/><G123/><T89/><D100/><U58/><E58/><V45/><F45/><W44/><G44/><T102/><D116/><U49/><E49/><V106/><F106/><W94/><G94/><T80/><D51/><U37/><E37/><V40/><F108/><W21/><G12/><N who="1" m="4714" /><E11/><V0/><F121/><W101/><G101/><T28/><D53/><U77/><E77/><V18/><F118/><W122/><G122/><T10/><D10/><U86/><E97/><V24/><F18/><W64/><G64/><T31/><D73/><U75/><E75/><V50/><F50/><W9/><G9/><T43/><D43/><U25/><E25/><V33/><F40/><W78/><G78/><T109/><D109/><U103/><E103/><V2/><F2/><W76/><G76/><T117/><D117/><U105/><E105/><V15/><F0/><W96/><G96/><RYUUKYOKU ba="2,0" sc="289,10,211,10,250,-30,250,10" hai0="28,31,60,66,72,79,80,81,84,89,95,99,102" hai1="23,27,29,86,88,90,91" hai3="4,5,20,21,22,125,126,127,132,133" /><INIT seed="0,3,0,4,2,93" ten="299,221,220,260" oya="0" hai0="115,101,65,26,117,107,49,98,1,53,2,69,80" hai1="105,56,37,63,52,125,44,83,127,112,134,66,34" hai2="48,81,25,58,106,41,89,103,84,130,3,75,46" hai3="61,27,118,6,121,28,45,35,100,15,128,17,42"/><T91/><D117/><U36/><E34/><V50/><F130/><W32/><G118/><T24/><D115/><U122/><E105/><V120/><F120/><W94/><G128/><T64/><D1/><U73/><E73/><V11/><F75/><W131/><G131/><T9/><D24/><U60/><E83/><V119/><F25/><W51/><G121/><T19/><D69/><U114/><E122/><V72/><F72/><W92/><G6/><T88/><D2/><U97/><E97/><V62/><F119/><W113/><G35/><T7/><D7/><U108/><E108/><V40/><F11/><W124/><G124/><N who="1" m="47690" /><E134/><V13/><F13/><W16/><G113/><N who="1" m="43626" /><E44/><V39/><F3/><W12/><G100/><T90/><D80/><U102/><E102/><V87/><F87/><W71/><G94/><T4/><D4/><U74/><E74/><V14/><F14/><W20/><G92/><T0/><D0/><U54/><E54/><V59/><F103/><W79/><G79/><T70/><D53/><U110/><E110/><V47/><F106/><W96/><G96/><T10/><D98/><U57/><AGARI ba="3,0" hai="36,37,52,56,57,60,63,66" m="43626,47690" machi="57" ten="40,8000,1" yaku="18,1,11,1,34,2,54,1" doraHai="93" who="1" fromWho="1" sc="299,-43,221,89,220,-23,260,-23" /><INIT seed="1,0,0,0,2,35" ten="256,310,197,237" oya="1" hai0="11,24,5,40,82,61,74,1,13,16,31,7,118" hai1="134,29,83,54,94,68,131,76,111,33,12,88,9" hai2="51,85,28,75,112,104,44,116,21,77,113,86,106" hai3="90,32,133,89,50,14,36,8,101,127,55,93,26"/><U3/><E68/><V57/><F57/><W100/><G36/><T128/><D40/><U56/><E131/><V60/><F60/><W130/><G130/><T92/><D128/><U34/><E134/><V97/><F28/><W37/><G37/><T117/><D92/><U49/><E111/><V80/><F21/><W2/><G2/><T62/><D62/><U72/><E29/><V59/><F59/><W105/><G133/><T42/><D42/><U43/><E43/><V69/><F69/><W66/><G66/><T79/><D61/><U19/><REACH who="1" step="1"/><E3/><REACH who="1" ten="256,300,197,237" step="2"/><V115/><F116/><W99/><G32/><T46/><D1/><U87/><AGARI ba="0,1" hai="9,12,19,33,34,49,54,56,72,76,83,87,88,94" machi="87" ten="20,12000,1" yaku="1,1,2,1,0,1,7,1,54,1,53,0" doraHai="35" doraHaiUra="38" who="1" fromWho="1" sc="256,-40,300,130,197,-40,237,-40" /><INIT seed="1,1,0,5,4,75" ten="216,430,157,197" oya="1" hai0="22,33,21,89,7,36,131,53,0,26,2,50,69" hai1="11,9,122,15,94,64,117,18,84,60,104,112,91" hai2="101,90,27,62,51,31,123,40,74,28,133,68,135" hai3="73,126,55,12,17,70,110,29,52,85,65,105,24"/><U54/><E112/><V39/><F90/><W77/><G73/><T111/><D36/><U76/><E117/><V71/><F51/><W109/><G105/><T6/><D69/><U35/><E122/><V83/><F123/><W92/><G126/><T129/><D89/><U43/><E104/><V115/><F115/><W93/><G70/><T128/><D53/><U124/><E124/><V8/><F8/><W130/><G65/><T96/><D50/><U23/><E35/><V56/><F101/><W95/><G130/><T20/><D96/><U47/><E54/><V3/><F3/><N who="0" m="1066" /><D111/><N who="3" m="42505" /><G24/><T118/><D118/><U30/><E30/><AGARI ba="1,0" hai="6,7,20,21,22,26,30,33,128,129,131" m="1066" machi="30" ten="40,5200,0" yaku="19,1,34,2" doraHai="75" who="0" fromWho="1" sc="216,55,430,-55,157,0,197,0" /><INIT seed="2,0,0,5,3,42" ten="271,375,157,197" oya="2" hai0="34,18,122,123,43,72,94,66,29,4,91,128,135" hai1="2,77,0,74,45,60,55,78,102,41,96,23,44" hai2="6,118,89,119,13,5,3,133,134,40,17,81,106" hai3="56,90,125,112,87,65,127,70,32,103,132,48,33"/><V49/><F106/><W93/><G70/><T75/><D4/><U54/><E74/><V84/><F119/><W99/><G132/><N who="2" m="50793" /><F118/><W25/><G112/><T50/><D50/><U109/><E41/><V71/><F71/><W95/><G25/><T76/><D18/><U97/><E23/><N who="2" m="11695" /><F3/><W52/><REACH who="3" step="1"/><G65/><REACH who="3" ten="271,375,157,187" step="2"/><T47/><D66/><U82/><E109/><V117/><F117/><W28/><G28/><T15/><D29/><U85/><E2/><V14/><F14/><W31/><G31/><T27/><D15/><U126/><E0/><V67/><F67/><W51/><G51/><T114/><D135/><U24/><E24/><V30/><F30/><W62/><G62/><T86/><D27/><U115/><E60/><V63/><F63/><W73/><G73/><T57/><D75/><U69/><E69/><V100/><F100/><W36/><G36/><T1/><D72/><U22/><E102/><V130/><F130/><W26/><G26/><T98/><D128/><U53/><E115/><V79/><F79/><W61/><G61/><T59/><D76/><U110/><E78/><V121/><F121/><W68/><G68/><T38/><D123/><U92/><E77/><V21/><F21/><W104/><G104/><T105/><D105/><U35/><E22/><V20/><F20/><W101/><G101/><T124/><D122/><U16/><E35/><AGARI ba="0,1" hai="32,33,35,48,52,56,87,90,93,95,99,103,125,127" machi="35" ten="40,2600,0" yaku="1,1,54,1,53,0" doraHai="42" doraHaiUra="37" who="3" fromWho="1" sc="271,0,375,-26,157,0,187,36" /><INIT seed="3,0,0,4,4,21" ten="271,349,157,223" oya="3" hai0="22,53,127,92,44,79,80,3,103,61,43,129,105" hai1="78,15,41,57,19,72,83,29,37,106,107,90,94" hai2="23,7,98,95,47,122,49,45,0,56,69,30,65" hai3="2,130,77,50,10,31,112,133,71,93,118,24,113"/><W8/><G71/><T59/><D3/><U126/><E126/><V52/><F122/><W1/><G77/><T76/><D127/><U91/><E29/><V26/><F0/><N who="3" m="107" /><G93/><T32/><D32/><U88/><E94/><V64/><F7/><W62/><G50/><T33/><D33/><U100/><E100/><V39/><F39/><W131/><G62/><T96/><D105/><U48/><E37/><V125/><F125/><W25/><G118/><T87/><D22/><U27/><E27/><N who="3" m="10314" /><G133/><T108/><D79/><U5/><E5/><V68/><F68/><W74/><G74/><T40/><D61/><U109/><E41/><V110/><F69/><W73/><G73/><T18/><D76/><U116/><E57/><V84/><F84/><W14/><G31/><T11/><D87/><U132/><E48/><V135/><F135/><W67/><G67/><T42/><D59/><U4/><E106/><V101/><F65/><W13/><G13/><T134/><D92/><U128/><E107/><V99/><F99/><W123/><G123/><T36/><D96/><U12/><E116/><V70/><F70/><W60/><G60/><T119/><D119/><U9/><E132/><V111/><F47/><W16/><G10/><T34/><D11/><U51/><E78/><V66/><F66/><W55/><G55/><T114/><D53/><U117/><E117/><V115/><F115/><AGARI ba="0,0" hai="8,14,16,112,113,115,130,131" m="10314,107" machi="115" ten="40,18000,2" yaku="34,2,52,3,54,1" doraHai="21" who="3" fromWho="2" sc="271,0,349,0,157,-180,223,180" owari="271,-12.9,349,14.9,-23,-52.3,403,50.3" /></mjloggm>