<mjloggm ver="2.3"><GO type="169" lobby="0"/><UN n0="%E4%BF%BA%E3%81%A7%E3%81%99" n1="%48%69%70%70%6F%5F" n2="%73%73%73%31%39%33%33" n3="%50%6F%6F%48%65%3F" dan="16,17,16,16" rate="2091.75,2198.79,2137.99,2153.16" sx="M,M,F,F"/><TAIKYOKU oya="0"/><INIT seed="0,0,0,3,3,9" ten="250,250,250,250" oya="0" hai0="135,102,103,118,52,5,69,55,63,67,31,87,97" hai1="100,15,35,74,58,109,125,128,115,71,13,108,124" hai2="80,91,20,33,88,130,77,62,21,81,51,4,86" hai3="60,7,44,76,92,72,57,10,47,43,106,53,26"/><T112/><D118/><U117/><E71/><V29/><F130/><W3/><G106/><T99/><D112/><U12/><E117/><V110/><F110/><N who="1" m="42601" /><E74/><V84/><F62/><W98/><G26/><T83/><D135/><U41/><E35/><V36/><F36/><W66/><G66/><T75/><D31/><U78/><E78/><V42/><F4/><W133/><G133/><T61/><D75/><U34/><E34/><V11/><F11/><W30/><G30/><T37/><D37/><U49/><E128/><V0/><F0/><W111/><G111/><T48/><D5/><U96/><E115/><V68/><F68/><W132/><G132/><T2/><D2/><U82/><E82/><V94/><F33/><W38/><G47/><T90/><D103/><U95/><E41/><V1/><F29/><W116/><G116/><T101/><D101/><U19/><E19/><V64/><F64/><W22/><G22/><T120/><D120/><U113/><E113/><V89/><F1/><W129/><G129/><T39/><D39/><U25/><E25/><V17/><F94/><W32/><G32/><T123/><D123/><U121/><E121/><V70/><F21/><W104/><G104/><T23/><D23/><U14/><N who="1" m="3072" /><DORA hai="105" /><U122/><E122/><V28/><F70/><W79/><G72/><T114/><D114/><U16/><E16/><V54/><F17/><W73/><G73/><T127/><D102/><AGARI ba="0,0" hai="3,7,10,38,43,44,53,57,60,76,79,92,98,102" machi="102" ten="30,1000,0" yaku="7,1" doraHai="9,105" who="3" fromWho="0" sc="250,-10,250,0,250,0,250,10" /><INIT seed="1,0,0,5,2,61" ten="240,250,250,260" oya="1" hai0="59,109,91,68,114,50,11,72,99,75,112,4,124" hai1="65,130,77,71,60,126,95,88,104,40,27,70,18" hai2="107,89,16,43,94,2,105,135,76,15,9,19,80" hai3="35,113,33,13,133,93,83,63,64,119,66,102,32"/><U3/><E104/><V90/><F135/><W45/><G113/><T55/><D68/><U24/><E3/><V122/><F122/><W57/><G133/><T132/><D109/><U116/><E116/><V73/><F43/><W69/><G119/><T118/><D118/><U79/><E126/><V121/><F121/><W36/><G83/><T82/><D132/><U23/><E130/><V81/><F2/><W37/><G13/><T47/><D124/><U67/><E40/><V117/><F117/><W87/><G45/><T110/><D110/><U108/><E108/><V41/><F41/><W22/><G22/><T48/><D114/><U62/><E24/><V1/><F1/><W128/><G128/><T131/><D131/><U98/><AGARI ba="0,0" hai="18,23,27,60,62,65,67,70,71,77,79,88,95,98" machi="98" ten="20,18000,2" yaku="0,1,7,1,9,1,52,2,54,1" doraHai="61" who="1" fromWho="1" sc="240,-60,250,180,250,-60,260,-60" /><INIT seed="1,1,0,1,4,22" ten="180,430,190,200" oya="1" hai0="132,9,76,91,1,107,27,96,17,78,100,21,35" hai1="73,120,4,36,48,26,127,93,71,31,50,45,117" hai2="25,29,74,57,129,6,122,115,108,94,103,14,10" hai3="98,28,67,30,124,110,116,12,54,101,135,133,0"/><U114/><E114/><V99/><F122/><W104/><G116/><T16/><D132/><N who="3" m="50761" /><G0/><T134/><D134/><U11/><E117/><V20/><F108/><W18/><G110/><T34/><D91/><U65/><E120/><V62/><F115/><W56/><G67/><T2/><D2/><U3/><E73/><V47/><F129/><W123/><G124/><T125/><D125/><U55/><E127/><V43/><F74/><W75/><G75/><T90/><D90/><U92/><E36/><V113/><F113/><W19/><G123/><T70/><D70/><U80/><E80/><V59/><REACH who="2" step="1"/><F62/><REACH who="2" ten="180,430,180,200" step="2"/><N who="3" m="36119" /><G18/><T121/><D121/><U112/><E112/><V84/><F84/><W53/><G30/><T88/><D17/><U130/><E31/><V89/><F89/><W15/><G28/><T82/><D88/><U109/><E109/><V97/><F97/><W7/><G19/><T102/><D102/><U58/><E130/><V68/><F68/><W95/><G7/><T106/><D82/><U83/><E83/><V85/><F85/><W77/><G77/><T64/><D78/><U81/><E81/><V5/><F5/><W49/><G104/><T37/><D76/><U118/><E118/><V63/><F63/><W8/><G98/><T51/><D107/><U87/><E87/><V33/><F33/><W13/><G101/><T42/><D35/><U66/><E4/><V105/><F105/><W23/><G95/><T44/><D34/><U46/><E92/><V32/><F32/><W60/><G60/><T52/><D106/><U119/><E119/><V40/><F40/><RYUUKYOKU ba="1,1" sc="180,-10,430,-10,180,30,200,-10" hai2="6,10,14,20,25,29,43,47,57,59,94,99,103" /><INIT seed="2,2,1,1,2,125" ten="170,420,210,190" oya="2" hai0="80,68,2,19,9,69,115,130,79,65,94,22,44" hai1="33,6,70,124,135,49,38,17,26,113,47,1,83" hai2="129,61,7,24,75,84,99,57,114,42,63,76,3" hai3="62,28,103,98,88,82,78,46,5,127,51,106,102"/><V13/><F114/><W66/><G127/><T108/><D108/><U95/><E113/><V72/><F3/><W119/><G119/><T39/><D115/><U16/><E124/><V54/><F42/><W8/><G28/><T50/><D65/><U131/><E38/><V34/><F99/><W59/><G103/><T117/><D117/><U67/><E135/><V91/><F76/><W97/><G97/><T12/><D94/><U4/><E95/><V53/><F34/><W48/><G46/><T64/><D64/><U20/><E33/><V21/><F129/><W105/><G105/><T81/><D81/><U109/><E131/><V93/><F13/><W126/><G126/><T43/><D50/><U11/><E83/><V122/><F7/><W85/><REACH who="3" step="1"/><G78/><REACH who="3" ten="170,420,210,180" step="2"/><T134/><D130/><U101/><E101/><V121/><F121/><W120/><G120/><T60/><D134/><U29/><E47/><V18/><REACH who="2" step="1"/><F122/><REACH who="2" ten="170,420,200,180" step="2"/><W36/><G36/><T30/><D39/><U35/><E1/><AGARI ba="2,3" hai="1,5,8,48,51,59,62,66,82,85,88,98,102,106" machi="1" ten="30,3900,0" yaku="1,1,7,1,54,1,53,0" doraHai="125" doraHaiUra="89" who="3" fromWho="1" sc="170,0,420,-45,200,0,180,75" /><INIT seed="3,0,0,1,5,71" ten="170,375,200,255" oya="3" hai0="25,103,17,52,89,13,39,93,28,18,134,91,10" hai1="114,70,110,69,61,80,132,124,102,82,12,118,47" hai2="55,19,43,23,44,20,22,79,42,66,119,72,15" hai3="59,92,78,3,100,1,97,2,107,95,64,75,5"/><W104/><G5/><T109/><D109/><U46/><E114/><V127/><F119/><W106/><G78/><T131/><D131/><U65/><E110/><V54/><F127/><W77/><G92/><T53/><D134/><U24/><E132/><V90/><F66/><W38/><G38/><T76/><D76/><U117/><E124/><V63/><F72/><W74/><G77/><T120/><D120/><U98/><E69/><V122/><F122/><W135/><G135/><T121/><D121/><U130/><E130/><V31/><F79/><W11/><REACH who="3" step="1"/><G11/><REACH who="3" ten="170,375,200,245" step="2"/><T60/><D39/><U49/><E118/><V62/><F90/><W16/><G16/><T8/><D91/><U33/><E117/><V4/><F4/><W50/><G50/><T113/><D89/><U37/><E37/><V56/><F31/><W96/><G96/><T129/><D129/><U83/><E49/><V123/><F123/><W58/><G58/><N who="0" m="34887" /><D28/><U73/><E73/><V87/><F87/><W94/><G94/><T116/><D116/><U112/><E82/><V88/><F88/><W7/><G7/><T125/><D125/><U41/><E83/><V133/><F133/><W105/><N who="3" m="26624" /><DORA hai="99" /><W21/><G21/><N who="2" m="8297" /><F44/><W68/><G68/><T32/><D113/><U128/><E112/><V84/><F84/><W101/><G101/><T111/><D103/><U0/><E102/><V30/><F30/><W115/><G115/><T26/><D111/><U36/><E128/><V14/><F23/><W57/><G57/><T27/><D93/><U51/><E46/><V9/><F56/><W108/><G108/><RYUUKYOKU ba="0,1" sc="170,-10,375,-10,200,-10,245,30" hai3="1,2,3,59,64,74,75,95,97,100" /><INIT seed="3,1,1,2,5,86" ten="160,365,190,275" oya="3" hai0="124,25,24,130,101,22,63,118,129,68,90,132,126" hai1="93,15,3,48,59,13,0,77,57,108,98,52,122" hai2="117,45,11,78,95,109,64,14,18,121,42,8,111" hai3="28,7,99,104,115,2,110,33,102,75,82,134,46"/><W29/><G115/><T19/><D118/><U85/><E108/><N who="2" m="41547" /><F117/><W100/><G134/><T92/><D101/><U49/><E122/><V39/><F78/><W74/><G102/><T4/><D4/><U88/><E0/><V6/><F64/><W16/><G110/><T47/><D47/><U30/><E3/><N who="2" m="95" /><F95/><W38/><G29/><T12/><D132/><U112/><E30/><V53/><F53/><W123/><G123/><AGARI ba="1,1" hai="11,14,18,39,42,45,121,123" m="95,41547" machi="123" ten="30,1000,0" yaku="14,1" doraHai="86" who="2" fromWho="3" sc="160,0,365,0,190,23,275,-13" /><INIT seed="4,0,0,4,5,39" ten="160,365,213,262" oya="0" hai0="122,132,87,30,7,98,33,131,22,127,84,134,77" hai1="117,66,108,71,121,26,67,114,130,6,112,75,55" hai2="16,88,81,32,43,57,36,111,19,35,52,86,106" hai3="69,94,24,72,50,119,82,102,8,107,12,34,70"/><T74/><D122/><U126/><E121/><V17/><F111/><W93/><G119/><T64/><D33/><U129/><E108/><V95/><F106/><W78/><G107/><T42/><D7/><U47/><E75/><V115/><F115/><N who="1" m="44073" /><E117/><V118/><F118/><W37/><G37/><T59/><D127/><U79/><E79/><V51/><REACH who="2" step="1"/><F81/><REACH who="2" ten="160,365,203,262" step="2"/><W89/><G82/><N who="0" m="45367" /><D131/><U41/><E130/><V44/><AGARI ba="0,1" hai="16,17,19,32,35,36,43,44,51,52,57,86,88,95" machi="44" ten="30,12000,2" yaku="1,1,0,1,52,1,54,3,53,0" doraHai="39" doraHaiUra="92" who="2" fromWho="2" sc="160,-60,365,-30,203,130,262,-30" /><INIT seed="5,0,0,0,3,100" ten="100,335,333,232" oya="1" hai0="130,120,54,52,106,68,102,112,109,80,77,98,129" hai1="126,14,83,72,85,116,114,1,73,61,66,134,131" hai2="71,23,70,24,122,99,26,20,74,60,59,25,125" hai3="84,53,58,95,93,19,81,46,28,123,36,29,4"/><U38/><E116/><V132/><F122/><W17/><G123/><T82/><D109/><U89/><E1/><V104/><F74/><W13/><G36/><T3/><D120/><U107/><E38/><V92/><F125/><W21/><G46/><T88/><D3/><U90/><E126/><V30/><F104/><W117/><G117/><T67/><D112/><U62/><E114/><V32/><F132/><W124/><G124/><T79/><D67/><U103/><E134/><V94/><F32/><W105/><G105/><T97/><D68/><U110/><E110/><V41/><F41/><W8/><G19/><T6/><D6/><U51/><E131/><N who="0" m="50185" /><D80/><U2/><E2/><V49/><F49/><W56/><G56/><T133/><D133/><U101/><E51/><V39/><F39/><W37/><G37/><T42/><D42/><U50/><E50/><V40/><F40/><W87/><G87/><N who="0" m="50295" /><D98/><U69/><E83/><V31/><F26/><W18/><G4/><T5/><D5/><U48/><E66/><V16/><F99/><W118/><G118/><T108/><D108/><U96/><E96/><V12/><F71/><W0/><G0/><T35/><D35/><U47/><E69/><V75/><F70/><W76/><G95/><T86/><D86/><U115/><E85/><V15/><F94/><W121/><G93/><T27/><D27/><U119/><E115/><V113/><F92/><W34/><G34/><T44/><D44/><U91/><E47/><V7/><F113/><W127/><G121/><T22/><D22/><U111/><E111/><V10/><F23/><RYUUKYOKU ba="0,0" sc="100,30,335,-10,333,-10,232,-10" hai0="52,54,77,79,97,102,106" /><INIT seed="6,1,0,2,3,51" ten="130,325,323,222" oya="2" hai0="81,50,84,134,97,35,52,5,88,12,109,70,37" hai1="60,72,38,99,64,67,122,133,61,55,10,89,40" hai2="4,26,57,101,107,74,95,1,39,31,15,105,131" hai3="24,115,100,29,90,106,62,11,28,53,112,25,118"/><V127/><F1/><W65/><G118/><T66/><D109/><U16/><E72/><V78/><F39/><W3/><G90/><T18/><D37/><U46/><E133/><V56/><F127/><W119/><G119/><T14/><D35/><U36/><E122/><V102/><F78/><W79/><G79/><T80/><D134/><U103/><E36/><V75/><F15/><W86/><G86/><T116/><D116/><U47/><E89/><V98/><F4/><W63/><G106/><T87/><D97/><U41/><E41/><V110/><F95/><W21/><G100/><T59/><D70/><U69/><E47/><V125/><F125/><W20/><G11/><N who="0" m="4207" /><D66/><U22/><E10/><V13/><F98/><W111/><G3/><T128/><D128/><U43/><E43/><V82/><F82/><W68/><G111/><T108/><D108/><U91/><E99/><V23/><F131/><W124/><G124/><T54/><D54/><U71/><E103/><V49/><F75/><W96/><G96/><T117/><D117/><U58/><E91/><V73/><F73/><W120/><G120/><T8/><D84/><U123/><E123/><V114/><F74/><W6/><G6/><T94/><AGARI ba="1,0" hai="8,14,18,50,52,59,80,81,87,88,94" m="4207" machi="94" ten="30,7900,0" yaku="8,1,52,1,54,2" doraHai="51" who="0" fromWho="0" sc="130,82,325,-21,323,-40,222,-21" /><INIT seed="7,0,0,2,5,118" ten="212,304,283,201" oya="3" hai0="76,13,117,126,125,106,86,87,14,16,112,71,121" hai1="7,89,80,54,98,55,6,2,130,131,35,78,15" hai2="77,46,91,79,52,5,45,128,85,57,4,135,22" hai3="25,84,70,37,66,32,101,120,119,23,9,34,111"/><W18/><G120/><T40/><D106/><U59/><E2/><V116/><F116/><W29/><G119/><T83/><D117/><U0/><E0/><V104/><F104/><W113/><G37/><T133/><D71/><U43/><E35/><V49/><F135/><W90/><G101/><T44/><D133/><U68/><E68/><V17/><F128/><N who="1" m="49193" /><E43/><V48/><F79/><W92/><G111/><T64/><D112/><U26/><E26/><N who="2" m="14671" /><F77/><W134/><G134/><T74/><D64/><U82/><E15/><V94/><F46/><W99/><G113/><T97/><D13/><U110/><E110/><V100/><F100/><W8/><G34/><T81/><D121/><U38/><E38/><V65/><F65/><W62/><REACH who="3" step="1"/><G99/><REACH who="3" ten="212,304,283,191" step="2"/><T11/><D97/><U50/><E98/><V27/><F27/><AGARI ba="0,1" hai="8,9,18,23,25,27,29,32,62,66,70,84,90,92" machi="27" ten="30,5800,0" yaku="1,1,2,1,7,1,53,0" doraHai="118" doraHaiUra="3" who="3" fromWho="2" sc="212,0,304,0,283,-58,191,68" /><INIT seed="7,1,0,0,5,99" ten="212,304,225,259" oya="3" hai0="12,0,22,131,128,109,102,57,65,134,1,122,3" hai1="26,29,77,116,31,33,54,119,80,100,127,43,123" hai2="28,55,81,44,15,58,132,112,60,25,4,11,34" hai3="135,89,5,130,120,84,73,85,38,129,14,53,92"/><W78/><G38/><T17/><D109/><U9/><E123/><V93/><F112/><W104/><G120/><T103/><D122/><U133/><E133/><V49/><F132/><W35/><G35/><T83/><D134/><U13/><E127/><V7/><F93/><W74/><G135/><T67/><D83/><U95/><E31/><V70/><F81/><N who="3" m="47159" /><G53/><T36/><D36/><U59/><E43/><V125/><F125/><W72/><G5/><T121/><D121/><U24/><E24/><V98/><F98/><W101/><G14/><T87/><D87/><U117/><E77/><V20/><F70/><W124/><G124/><T23/><D23/><U6/><E80/><V42/><F34/><W30/><G30/><T91/><D91/><U68/><E68/><V19/><AGARI ba="1,0" hai="4,7,11,15,19,20,25,28,42,44,49,55,58,60" machi="19" ten="20,2700,0" yaku="0,1,7,1,8,1" doraHai="99" who="2" fromWho="2" sc="212,-8,304,-8,225,30,259,-14" /><INIT seed="8,0,0,4,5,20" ten="204,296,255,245" oya="0" hai0="119,123,65,104,40,56,38,0,91,42,5,86,106" hai1="103,55,41,1,22,19,17,50,10,130,89,134,99" hai2="16,79,81,58,125,108,105,26,29,74,34,43,23" hai3="6,3,133,4,128,59,72,30,33,98,93,113,124"/><T100/><D119/><U115/><E134/><V8/><F108/><W44/><G113/><T92/><D123/><U52/><E130/><V76/><F105/><W129/><G72/><T112/><D112/><U45/><E115/><V97/><F125/><W135/><G44/><T111/><D111/><U12/><E89/><V7/><F43/><W11/><G6/><T63/><D38/><U127/><E127/><V78/><F58/><W88/><G124/><T101/><D106/><U102/><E1/><V60/><F60/><W13/><G13/><T69/><D69/><U82/><E82/><V90/><F97/><W15/><G15/><T32/><D32/><U39/><E39/><V2/><REACH who="2" step="1"/><F90/><REACH who="2" ten="204,296,245,245" step="2"/><W122/><G59/><T28/><D104/><U48/><E99/><V121/><F121/><W61/><G122/><T53/><D101/><N who="1" m="38411" /><E48/><V24/><AGARI ba="0,1" hai="2,7,8,16,23,24,26,29,34,74,76,78,79,81" machi="24" ten="20,12000,2" yaku="1,1,0,1,7,1,52,2,54,1,53,0" doraHai="20" doraHaiUra="126" who="2" fromWho="2" sc="204,-60,296,-30,245,130,245,-30" owari="144,-35.6,266,6.6,375,47.5,215,-18.5" /></mjloggm>