<mjloggm ver="2.3"><GO type="169" lobby="0"/><UN n0="%32%30%31%33%36%31%32" n1="%E3%81%97%E3%82%83%E3%82%93%E3%81%8A%E3%81%98" n2="%E7%99%BD%E9%AB%AA%E9%AC%BC" n3="%E5%90%89%E7%A5%A5%E5%AF%BA%4B%47" dan="17,17,16,16" rate="2213.99,2202.40,2124.95,2133.92" sx="M,F,M,F"/><TAIKYOKU oya="0"/><INIT seed="0,0,0,3,1,10" ten="250,250,250,250" oya="0" hai0="135,32,96,12,67,71,64,62,127,33,128,45,59" hai1="129,84,28,72,55,1,113,118,122,22,125,24,114" hai2="52,130,103,8,88,51,3,70,53,109,76,44,107" hai3="69,123,132,54,50,91,30,58,46,34,14,94,124"/><T83/><D127/><U42/><E72/><V111/><F70/><W2/><G124/><T97/><D128/><U93/><E118/><V0/><F76/><W105/><G132/><T29/><D135/><U126/><E122/><V120/><F120/><W119/><G2/><T7/><D64/><U75/><E75/><V63/><F130/><W82/><G105/><T77/><D71/><U17/><E42/><V20/><F20/><W95/><G69/><T38/><D29/><U80/><E129/><V19/><F103/><W40/><G119/><T6/><D6/><U134/><E134/><V90/><F107/><W4/><G34/><T102/><D45/><U65/><E65/><V49/><F63/><W61/><G30/><T131/><D38/><U5/><E28/><V99/><F99/><W18/><G4/><T116/><D97/><U112/><E93/><V21/><F8/><N who="3" m="6471" /><G123/><T37/><D37/><U43/><E5/><V98/><F98/><W87/><AGARI ba="0,0" hai="40,46,50,54,58,61,82,87,91,94,95" m="6471" machi="87" ten="30,2000,0" yaku="8,1,52,1" doraHai="10" who="3" fromWho="3" sc="250,-10,250,-5,250,-5,250,20" /><INIT seed="1,0,0,2,3,84" ten="240,245,245,270" oya="1" hai0="92,53,134,35,107,21,23,57,127,34,124,16,114" hai1="104,93,1,14,36,68,129,76,66,122,96,5,74" hai2="50,41,0,65,64,101,55,119,128,19,123,63,106" hai3="125,29,54,42,13,77,98,45,90,3,81,113,60"/><U56/><E122/><V103/><F123/><W24/><G113/><T47/><D107/><U9/><E129/><V72/><F119/><W10/><G125/><N who="0" m="48203" /><D114/><U8/><E36/><V51/><F72/><W70/><G3/><T37/><D21/><U17/><E68/><V48/><F0/><W102/><G54/><T85/><D47/><U110/><E104/><V4/><F4/><W73/><G60/><T133/><D37/><U7/><E110/><V87/><F128/><W131/><G70/><T88/><D57/><U49/><E76/><V75/><F75/><W111/><G111/><T38/><D53/><U135/><E74/><V67/><F106/><W99/><G102/><N who="2" m="38921" /><F19/><W39/><G131/><T46/><D46/><U91/><E135/><N who="0" m="51721" /><D38/><U43/><E43/><V112/><F112/><W27/><G27/><AGARI ba="0,0" hai="16,23,27,34,35,85,88,92" m="51721,48203" machi="27" ten="30,8000,1" yaku="18,1,20,1,52,1,54,2" doraHai="84" who="0" fromWho="3" sc="240,80,245,0,245,0,270,-80" /><INIT seed="2,0,0,0,0,93" ten="320,245,245,190" oya="2" hai0="128,123,57,31,63,8,48,100,79,44,107,103,89" hai1="7,29,132,42,110,85,43,114,97,58,75,105,22" hai2="55,88,135,91,116,17,62,19,118,90,102,126,99" hai3="51,15,35,5,24,16,104,45,109,129,127,119,130"/><V77/><F126/><W96/><G119/><T12/><D123/><U108/><E114/><V32/><F32/><W124/><G5/><T3/><D3/><U26/><E75/><V134/><F77/><W98/><G104/><T92/><D79/><U95/><E105/><V1/><F1/><W120/><G120/><T40/><D31/><U121/><E121/><V68/><F68/><W87/><G87/><T0/><D0/><U131/><E132/><N who="2" m="50731" /><F62/><W101/><G24/><T70/><D70/><U65/><E7/><V4/><F55/><N who="3" m="30191" /><G35/><T78/><D78/><U82/><E131/><N who="3" m="50186" /><G109/><T86/><D107/><U38/><E110/><V59/><F59/><W80/><G80/><T2/><D2/><U46/><E108/><V72/><F4/><W125/><G101/><T20/><D128/><U94/><E82/><V41/><F41/><W10/><AGARI ba="0,0" hai="10,15,16,96,98,124,125,127" m="50186,30191" machi="10" ten="40,8000,1" yaku="18,1,19,1,52,2,54,1" doraHai="93" who="3" fromWho="3" sc="320,-20,245,-20,245,-40,190,80" /><INIT seed="3,0,0,1,3,26" ten="300,225,205,270" oya="3" hai0="65,58,96,2,104,84,94,24,46,124,105,87,121" hai1="36,32,23,15,52,72,8,62,107,30,64,38,21" hai2="1,0,91,101,57,83,93,28,98,100,80,70,74" hai3="49,71,86,31,6,61,43,135,97,108,118,126,42"/><W78/><G118/><T44/><D2/><U68/><E72/><V73/><F70/><W54/><G6/><T106/><D121/><U120/><E120/><V109/><F109/><W48/><G97/><T132/><D132/><U51/><E107/><V34/><F57/><W116/><G116/><T37/><D124/><U4/><E32/><V90/><F34/><W111/><G86/><T14/><D87/><U59/><REACH who="1" step="1"/><E21/><REACH who="1" ten="300,215,205,270" step="2"/><V50/><F74/><W127/><G127/><T130/><D105/><U19/><E19/><V123/><F123/><W114/><G126/><T88/><D106/><U110/><E110/><V5/><F73/><W115/><G111/><T47/><D104/><U113/><E113/><V67/><F5/><W16/><G16/><T103/><D130/><U60/><E60/><V85/><F28/><W56/><G108/><T131/><D131/><U17/><E17/><V95/><F67/><W18/><G18/><T25/><D65/><U27/><AGARI ba="0,1" hai="4,8,15,23,27,30,36,38,51,52,59,62,64,68" machi="27" ten="30,7900,0" yaku="1,1,0,1,52,1,54,1,53,0" doraHai="26" doraHaiUra="129" who="1" fromWho="1" sc="300,-20,215,89,205,-20,270,-39" /><INIT seed="4,0,0,0,2,73" ten="280,304,185,231" oya="0" hai0="70,118,105,60,41,97,123,64,31,114,129,15,61" hai1="56,54,38,102,99,113,37,3,53,29,7,124,76" hai2="12,103,20,125,1,18,68,95,88,40,69,32,96" hai3="63,111,112,93,2,34,66,133,36,130,65,75,19"/><T116/><D123/><U89/><E124/><V11/><F125/><W121/><RYUUKYOKU type="yao9" ba="0,0" sc="280,0,304,0,185,0,231,0" hai3="2,19,34,36,63,65,66,75,93,111,112,121,130,133" /><INIT seed="4,1,0,3,1,93" ten="280,304,185,231" oya="0" hai0="26,25,126,68,41,73,15,114,121,74,17,110,42" hai1="43,21,133,128,35,102,99,1,33,13,50,60,69" hai2="54,90,131,104,16,125,62,19,101,81,14,117,61" hai3="40,36,77,82,18,115,75,55,72,3,57,52,4"/><T85/><D114/><U51/><E1/><V64/><F117/><W134/><G115/><T120/><D68/><U113/><E113/><V83/><F131/><W23/><G75/><T63/><D63/><U20/><E128/><V9/><F125/><W98/><G134/><T87/><D15/><U132/><E60/><V38/><F38/><W105/><G57/><T100/><D100/><U2/><E2/><V70/><F19/><W97/><G105/><T24/><D17/><N who="1" m="10287" /><E21/><V46/><F90/><W103/><G103/><T29/><D29/><U34/><E43/><V119/><F119/><W49/><G49/><T79/><D79/><U39/><E39/><V0/><F0/><W88/><G88/><T44/><D24/><U135/><E69/><V127/><F127/><W59/><G23/><T10/><D126/><U109/><E109/><V95/><F104/><AGARI ba="1,0" hai="33,34,35,50,51,99,102,104,132,133,135" m="10287" machi="104" ten="40,2600,0" yaku="20,1,52,1" doraHai="93" who="1" fromWho="2" sc="280,0,304,29,185,-29,231,0" /><INIT seed="5,0,0,3,4,107" ten="280,333,156,231" oya="1" hai0="52,96,65,111,6,25,86,118,79,8,1,85,30" hai1="55,38,123,128,28,14,106,114,24,87,60,57,103" hai2="122,3,108,119,5,58,67,69,90,62,92,70,29" hai3="80,102,19,105,129,120,51,121,77,26,109,132,112"/><U53/><E123/><N who="3" m="47178" /><G19/><T11/><D111/><U117/><E117/><V82/><F122/><W7/><G26/><T9/><D118/><U73/><E114/><V125/><F119/><W93/><G7/><T61/><D96/><U39/><E128/><V78/><F108/><W34/><G51/><T74/><D85/><U13/><E87/><V134/><F125/><W63/><G63/><T10/><D86/><U36/><E103/><V84/><F29/><W4/><G4/><T116/><D116/><U17/><E106/><V43/><F43/><W21/><G21/><T133/><D133/><U72/><E53/><V126/><F134/><W32/><G32/><T45/><D79/><U22/><REACH who="1" step="1"/><E13/><REACH who="1" ten="280,323,156,231" step="2"/><V94/><F126/><W113/><G105/><T15/><D15/><U99/><E99/><V18/><F94/><W40/><G109/><T76/><D52/><U2/><E2/><V33/><F3/><W130/><G132/><T23/><D1/><U91/><E91/><V101/><F101/><W16/><G93/><T35/><D6/><U115/><E115/><V89/><F89/><W100/><G100/><T95/><D95/><U31/><E31/><V12/><F92/><W75/><G102/><T37/><D30/><U46/><E46/><V42/><F90/><W88/><G88/><T71/><D45/><U48/><E48/><V20/><F42/><W54/><G40/><T83/><D37/><U98/><E98/><V59/><F84/><W41/><G41/><T47/><N who="0" m="2048" /><DORA hai="104" /><T50/><D47/><U0/><E0/><V44/><F44/><W131/><G131/><RYUUKYOKU ba="0,1" sc="280,-10,323,30,156,-10,231,-10" hai1="14,17,22,24,28,36,38,39,55,57,60,72,73" /><INIT seed="5,1,1,3,5,95" ten="270,353,146,221" oya="1" hai0="23,64,94,104,118,4,66,96,84,112,5,18,97" hai1="52,133,45,75,113,82,128,39,22,60,89,73,50" hai2="106,62,6,98,93,99,125,36,90,129,58,109,107" hai3="59,76,17,121,131,127,55,119,115,83,10,56,28"/><U0/><E0/><V9/><F109/><W14/><G121/><T124/><D118/><U65/><E113/><V2/><F129/><W108/><G108/><T103/><D124/><U20/><E133/><V68/><F125/><W42/><G127/><T40/><D84/><U13/><E39/><V117/><F117/><W24/><G119/><T31/><D40/><U27/><E128/><V77/><F36/><W7/><G131/><T48/><D48/><U47/><E47/><V54/><F68/><W34/><G115/><T61/><D31/><U33/><E33/><V19/><F77/><W110/><G110/><T130/><D130/><U80/><E13/><V21/><REACH who="2" step="1"/><F98/><REACH who="2" ten="270,353,136,221" step="2"/><W44/><G55/><T86/><D112/><U69/><E73/><V51/><F51/><W134/><G134/><T30/><D97/><U100/><E75/><V87/><F87/><W122/><G122/><T70/><D66/><U25/><E50/><V63/><F63/><W57/><G42/><T126/><D126/><U91/><E60/><V26/><AGARI ba="1,2" hai="2,6,9,19,21,26,54,58,62,90,93,99,106,107" machi="26" ten="20,12000,2" yaku="1,1,0,1,7,1,25,2,52,1,53,1" doraHai="95" doraHaiUra="88" who="2" fromWho="2" sc="270,-31,353,-61,136,143,221,-31" /><INIT seed="6,0,0,2,0,73" ten="239,292,279,190" oya="2" hai0="49,96,66,52,20,108,99,36,44,82,48,45,47" hai1="37,122,103,60,121,43,118,55,61,125,16,46,75" hai2="132,40,41,111,128,68,6,28,69,117,14,126,88" hai3="72,21,34,114,74,38,19,110,134,79,57,11,112"/><V5/><F117/><W107/><G110/><T15/><D108/><U97/><E118/><V91/><F111/><W70/><G70/><T124/><D124/><U120/><E75/><V54/><F126/><W4/><G107/><T93/><D66/><U113/><E125/><V131/><F14/><W35/><G38/><T32/><D32/><U104/><E113/><N who="3" m="43626" /><G74/><T133/><D133/><U87/><E55/><V42/><F54/><W50/><G134/><T39/><D96/><U80/><E16/><V83/><F132/><W12/><G57/><T127/><D127/><U129/><E129/><N who="2" m="49739" /><F28/><W33/><G50/><T102/><D82/><U105/><E105/><V84/><F91/><AGARI ba="0,0" hai="37,43,46,60,61,80,87,91,97,103,104,120,121,122" machi="91" ten="40,1300,0" yaku="13,1" doraHai="73" who="1" fromWho="2" sc="239,0,292,13,279,-13,190,0" /><INIT seed="7,0,0,3,5,34" ten="239,305,266,190" oya="3" hai0="11,81,82,106,74,24,31,89,120,97,46,29,79" hai1="125,124,102,103,8,93,72,42,130,58,78,76,0" hai2="90,134,127,45,70,55,133,7,1,26,114,128,19" hai3="95,112,71,85,53,99,116,32,18,117,115,96,101"/><W66/><G32/><T22/><D120/><U17/><E130/><V56/><F70/><W111/><G71/><T3/><D106/><U126/><E42/><V110/><F110/><W12/><G66/><T62/><D62/><U4/><E72/><V63/><F128/><W80/><G53/><T61/><D61/><U91/><E58/><V83/><F114/><N who="3" m="43563" /><G12/><T28/><D46/><U122/><E17/><V119/><F119/><N who="3" m="45643" /><G18/><T16/><D97/><N who="3" m="37449" /><G111/><T77/><D89/><U109/><E109/><V87/><F45/><W33/><G33/><T75/><REACH who="0" step="1"/><D3/><REACH who="0" ten="229,305,266,190" step="2"/><U104/><E91/><V132/><F127/><W100/><G95/><T14/><AGARI ba="0,1" hai="11,14,16,22,24,28,29,31,74,75,77,79,81,82" machi="14" ten="30,8000,1" yaku="1,1,2,1,0,1,9,1,54,1,53,0" doraHai="34" doraHaiUra="84" who="0" fromWho="0" sc="229,90,305,-20,266,-20,190,-40" owari="319,41.9,285,8.5,246,-15.4,150,-35.0" /></mjloggm>