<mjloggm ver="2.3"><GO type="169" lobby="0"/><UN n0="%E5%B9%BB%E6%B5%B7" n1="%E3%83%8F%E5%B4%8E%E7%9C%9F%E6%82%9F" n2="%70%72%6F%6E%61%72%69" n3="%E6%9C%8B%E4%B9%9F%40" dan="17,17,16,16" rate="2130.00,2244.12,2146.29,2185.54" sx="M,M,M,F"/><TAIKYOKU oya="0"/><INIT seed="0,0,0,0,1,88" ten="250,250,250,250" oya="0" hai0="21,133,75,6,13,86,20,15,104,61,35,101,58" hai1="124,67,24,119,17,48,83,28,16,23,92,66,54" hai2="30,112,59,44,42,1,10,39,51,73,107,80,82" hai3="98,77,53,25,34,38,134,49,47,18,70,12,78"/><T19/><D75/><U132/><E119/><V5/><F112/><W7/><G70/><T74/><D74/><U99/><E124/><V71/><F107/><W76/><G38/><T52/><D35/><U36/><E132/><V79/><F80/><W90/><G134/><T69/><D133/><U37/><E37/><V131/><F71/><W96/><G7/><T113/><D113/><U65/><E83/><V4/><F4/><W22/><G34/><T64/><D86/><U57/><REACH who="1" step="1"/><E36/><REACH who="1" ten="250,240,250,250" step="2"/><V43/><F82/><W115/><G115/><T93/><D104/><U128/><E128/><V135/><F39/><W31/><G31/><T129/><D129/><U84/><E84/><V50/><F30/><W27/><REACH who="3" step="1"/><G98/><REACH who="3" ten="250,240,250,240" step="2"/><N who="0" m="59599" /><D69/><U89/><AGARI ba="0,2" hai="16,17,23,24,28,48,54,57,65,66,67,89,92,99" machi="89" ten="30,8000,1" yaku="1,1,0,1,8,1,52,1,54,1,53,0" doraHai="88" doraHaiUra="122" who="1" fromWho="1" sc="250,-40,240,100,250,-20,240,-20" /><INIT seed="1,0,0,4,4,68" ten="210,340,230,220" oya="1" hai0="48,32,78,9,75,77,34,37,30,29,72,124,64" hai1="52,70,1,51,65,82,93,132,35,4,76,45,83" hai2="97,127,112,120,39,106,14,103,38,87,22,21,90" hai3="12,16,33,3,123,125,130,88,73,24,101,8,91"/><U18/><E35/><V134/><F120/><W58/><G123/><T10/><D48/><U26/><E132/><V84/><F134/><W102/><G73/><T59/><D59/><U129/><E129/><V107/><F127/><W61/><G130/><T104/><D104/><U2/><E4/><V71/><F71/><W105/><G125/><T56/><D56/><U108/><E82/><V55/><F106/><W23/><G3/><T80/><D124/><U74/><E108/><V47/><F112/><W44/><G44/><T113/><D80/><U128/><E93/><V49/><F84/><W110/><G33/><T99/><D99/><U6/><E6/><V96/><F96/><W69/><G69/><T111/><D64/><U27/><E128/><V92/><REACH who="2" step="1"/><F14/><REACH who="2" ten="210,340,220,220" step="2"/><W116/><G105/><T133/><D133/><U66/><E2/><V11/><F11/><W126/><G126/><T89/><D113/><U117/><E1/><V20/><AGARI ba="0,1" hai="20,21,22,38,39,47,49,55,87,90,92,97,103,107" machi="20" ten="30,7900,0" yaku="1,1,0,1,52,2,53,0" doraHai="68" doraHaiUra="53" who="2" fromWho="2" sc="210,-20,340,-39,220,89,220,-20" /><INIT seed="2,0,0,1,5,42" ten="190,301,309,200" oya="2" hai0="111,84,75,68,46,0,72,79,123,20,59,125,26" hai1="78,106,110,31,34,129,22,43,40,35,135,13,119" hai2="23,73,49,19,4,101,28,3,89,97,37,25,50" hai3="115,39,33,21,87,61,6,108,12,10,113,91,29"/><V121/><F121/><W70/><G39/><T98/><D68/><U88/><E106/><V116/><F116/><W41/><G41/><T81/><D123/><U62/><E78/><V100/><F73/><W90/><G108/><T27/><D111/><U2/><E2/><V56/><F37/><W96/><G33/><T63/><D0/><U60/><E110/><V5/><F28/><W53/><G96/><T83/><D125/><U14/><E22/><V52/><F49/><W105/><G105/><T103/><D46/><U57/><E57/><V17/><F17/><W85/><G85/><T66/><D83/><U133/><E31/><V134/><F134/><W117/><G117/><T122/><D27/><U128/><E119/><V109/><F109/><W77/><G77/><T120/><D120/><U112/><REACH who="1" step="1"/><E88/><REACH who="1" ten="190,291,309,200" step="2"/><V47/><F56/><W102/><G91/><T124/><D122/><U69/><E69/><V55/><F3/><W74/><G70/><T18/><REACH who="0" step="1"/><D124/><REACH who="0" ten="180,291,309,200" step="2"/><U92/><E92/><AGARI ba="0,2" hai="18,20,26,59,63,66,72,75,79,81,84,92,98,103" machi="92" ten="30,3900,0" yaku="1,1,2,1,7,1,53,0" doraHai="42" doraHaiUra="9" who="0" fromWho="1" sc="180,59,291,-39,309,0,200,0" /><INIT seed="3,0,0,0,2,70" ten="239,252,309,200" oya="3" hai0="13,35,45,47,39,79,8,100,91,93,92,82,76" hai1="46,128,20,54,114,120,40,22,78,117,118,135,73" hai2="60,58,36,19,30,64,108,83,18,59,106,85,111" hai3="105,115,15,44,103,41,26,28,16,9,81,1,72"/><W112/><G105/><T127/><D35/><U129/><E114/><V99/><F30/><W12/><G103/><T3/><D3/><U102/><E102/><N who="2" m="62815" /><F58/><W131/><G131/><N who="1" m="50250" /><E54/><V63/><F63/><W31/><G1/><T87/><D127/><U25/><E135/><V17/><F36/><W7/><G81/><T84/><D39/><N who="1" m="21791" /><E120/><V38/><F38/><W61/><G72/><T94/><D100/><U107/><E107/><V130/><F130/><W90/><G61/><T42/><D42/><U67/><E67/><V86/><F83/><W23/><G31/><T104/><D104/><U11/><E11/><V52/><F64/><W132/><G90/><T75/><D75/><U98/><E98/><V89/><F89/><W109/><G132/><T53/><D79/><U62/><E62/><V74/><F74/><W96/><G96/><T122/><D122/><U51/><E51/><V32/><F32/><W48/><REACH who="3" step="1"/><G109/><AGARI ba="0,0" hai="17,18,19,52,59,60,85,86,108,109,111" m="62815" machi="109" ten="30,2000,0" yaku="14,1,54,1" doraHai="70" who="2" fromWho="3" sc="239,0,252,0,309,20,200,-20" /><INIT seed="4,0,0,3,2,54" ten="239,252,329,180" oya="0" hai0="120,90,33,1,102,64,87,7,16,119,113,112,83" hai1="47,133,79,129,97,77,6,132,121,41,111,50,72" hai2="109,130,8,42,103,106,122,71,31,35,3,21,92" hai3="86,10,81,43,60,85,66,61,69,18,116,67,4"/><T15/><D119/><U123/><E111/><V105/><F71/><W49/><G116/><T115/><D120/><U12/><E129/><V100/><F42/><W134/><G134/><N who="1" m="51818" /><E97/><V95/><F21/><W44/><G18/><T82/><D33/><U127/><E127/><V23/><F23/><W37/><G37/><T58/><D102/><U75/><E77/><V107/><F92/><W98/><G98/><T88/><D7/><U40/><E40/><V93/><F93/><W96/><G96/><T20/><D1/><U57/><E79/><V124/><F95/><W5/><G81/><N who="0" m="49263" /><D90/><U32/><E32/><V0/><F0/><W117/><G4/><T108/><D108/><U135/><E135/><V55/><F3/><W118/><G118/><T126/><D126/><U2/><E2/><V128/><F100/><W22/><G22/><T29/><D29/><U110/><E110/><V51/><F31/><W24/><G117/><T56/><D64/><U99/><E99/><V63/><F103/><W74/><G74/><T131/><D131/><U78/><E78/><V91/><F91/><W39/><G39/><T14/><D14/><U80/><E80/><AGARI ba="0,0" hai="15,16,20,56,58,80,82,83,112,113,115" m="49263" machi="80" ten="30,12000,1" yaku="15,1,52,2,54,2" doraHai="54" who="0" fromWho="1" sc="239,120,252,-120,329,0,180,0" /><INIT seed="4,1,0,1,1,127" ten="359,132,329,180" oya="0" hai0="60,108,38,74,26,15,99,40,131,107,125,123,48" hai1="91,21,35,6,103,96,2,73,16,33,57,121,19" hai2="80,5,94,61,18,77,23,93,128,104,22,43,8" hai3="31,47,39,10,126,81,49,45,54,64,117,25,109"/><T68/><D123/><U14/><E121/><V4/><F104/><W90/><G109/><T76/><D15/><U111/><E111/><V102/><F43/><W0/><G117/><T116/><D48/><U78/><E91/><V130/><F61/><W51/><G126/><T17/><D17/><U65/><E2/><V98/><F93/><W36/><G64/><N who="0" m="40967" /><D26/><U9/><E19/><V135/><F135/><W70/><G70/><T118/><D125/><U27/><E57/><V120/><F120/><W56/><G56/><T92/><D92/><U88/><E65/><V97/><F98/><W59/><G59/><T32/><D32/><U46/><E46/><V28/><F28/><W41/><G81/><T124/><D108/><U29/><E88/><V34/><F34/><W86/><G86/><T24/><D24/><U30/><E35/><V3/><F4/><W95/><G95/><T100/><D124/><U7/><E7/><V20/><REACH who="2" step="1"/><F18/><REACH who="2" ten="359,132,319,180" step="2"/><W112/><G31/><T50/><D40/><U134/><E134/><V106/><F106/><W129/><G41/><T1/><D107/><U82/><E33/><V44/><F44/><W58/><G47/><T52/><D99/><U72/><REACH who="1" step="1"/><E72/><AGARI ba="1,1" hai="3,5,8,20,22,23,72,77,80,94,97,102,128,130" machi="72" ten="40,5200,0" yaku="1,1,52,2,53,0" doraHai="127" doraHaiUra="114" who="2" fromWho="1" sc="359,0,132,-55,319,65,180,0" /><INIT seed="5,0,0,5,0,133" ten="359,77,384,180" oya="1" hai0="93,51,12,2,46,31,89,38,88,42,130,58,99" hai1="34,3,86,81,105,64,25,66,102,6,19,124,113" hai2="7,26,4,69,87,47,29,77,127,61,68,49,30" hai3="55,39,120,32,95,28,52,8,96,78,17,74,134"/><U16/><E113/><V59/><F127/><W107/><G107/><T76/><D2/><U24/><E3/><V79/><F68/><W40/><G134/><T98/><D130/><U65/><E6/><N who="2" m="2091" /><F69/><W106/><G120/><T111/><D111/><U119/><E119/><V118/><F118/><W53/><G106/><T104/><D76/><N who="2" m="29258" /><F87/><W44/><G32/><T72/><D72/><U80/><E124/><V110/><F26/><N who="1" m="10345" /><E34/><V54/><F110/><W116/><G28/><T18/><D31/><U60/><E105/><V15/><F15/><W0/><G116/><T126/><D126/><U45/><E60/><V92/><F92/><W85/><G0/><T103/><D58/><U21/><E45/><V122/><F122/><W71/><G71/><T101/><REACH who="0" step="1"/><D38/><REACH who="0" ten="349,77,384,180" step="2"/><U73/><E73/><V121/><F121/><W50/><G39/><T37/><D37/><U48/><E81/><V84/><F84/><W23/><G85/><T56/><D56/><U13/><E86/><V97/><F97/><W114/><G74/><T91/><D91/><U70/><E80/><V75/><F75/><W22/><G96/><T112/><D112/><U82/><E82/><V90/><F90/><W33/><G114/><T100/><D100/><U57/><E70/><V129/><F129/><W36/><G78/><T9/><AGARI ba="0,1" hai="9,12,18,42,46,51,88,89,93,98,99,101,103,104" machi="9" ten="20,5200,0" yaku="1,1,0,1,7,1,54,1,53,0" doraHai="133" doraHaiUra="83" who="0" fromWho="0" sc="349,62,77,-26,384,-13,180,-13" /><INIT seed="6,0,0,0,3,9" ten="411,51,371,167" oya="2" hai0="99,4,37,36,63,74,68,88,65,33,70,17,84" hai1="100,127,89,98,6,81,16,35,52,55,101,121,43" hai2="31,24,8,133,10,20,134,2,47,95,49,112,59" hai3="11,86,108,41,117,7,14,56,71,85,51,75,66"/><V48/><F112/><W126/><G75/><T104/><D33/><U123/><E35/><V114/><F114/><W40/><G108/><T44/><D74/><U116/><E6/><V32/><F32/><W60/><G117/><T53/><D4/><U76/><E43/><V30/><F30/><W23/><G126/><T3/><D3/><U38/><E38/><V111/><F111/><W115/><G115/><T82/><D70/><U5/><E5/><V28/><F28/><W94/><G71/><T102/><D17/><U45/><E116/><V107/><F107/><W0/><G0/><T91/><D91/><U54/><E45/><V22/><F22/><W34/><G34/><T27/><D27/><U21/><E89/><V25/><F25/><W106/><G106/><T72/><D44/><U69/><E69/><V124/><F124/><W42/><G51/><T131/><D131/><U80/><E80/><V113/><F113/><W120/><G120/><N who="1" m="46154" /><E98/><V92/><F59/><W128/><G128/><T119/><D119/><U97/><E97/><V12/><F2/><W87/><G42/><T46/><D72/><N who="1" m="43143" /><E127/><V73/><F73/><W78/><G41/><T96/><D96/><U109/><E109/><V13/><F47/><W135/><G56/><T103/><D103/><U39/><E39/><V19/><F134/><W64/><G135/><T15/><D37/><U57/><E57/><V122/><F122/><W118/><G118/><T1/><D1/><U26/><AGARI ba="0,0" hai="16,21,26,52,54,55,100,101" m="43143,46154" machi="26" ten="30,4000,0" yaku="13,1,54,2" doraHai="9" who="1" fromWho="1" sc="411,-10,51,40,371,-20,167,-10" /><BYE who="3" /><INIT seed="7,0,0,3,2,34" ten="401,91,351,157" oya="3" hai0="135,82,126,39,129,121,0,44,36,63,62,42,41" hai1="22,88,114,28,68,1,35,31,65,23,9,86,125" hai2="51,7,90,71,101,79,76,59,85,84,61,47,116" hai3="69,91,38,105,100,108,5,64,54,15,99,102,29"/><W2/><G2/><T14/><D0/><UN n3="%E6%9C%8B%E4%B9%9F%40" /><U13/><E114/><V89/><F116/><W49/><G38/><T106/><D121/><U48/><E125/><V80/><F71/><W26/><G108/><T134/><D106/><U58/><E68/><V113/><F101/><W132/><G102/><T66/><D126/><U131/><E131/><V92/><F7/><W57/><G91/><T127/><D127/><U119/><E119/><V103/><F103/><W87/><G87/><T53/><D129/><U70/><E70/><V77/><F113/><W123/><G15/><T95/><D95/><U52/><E65/><V60/><REACH who="2" step="1"/><F59/><REACH who="2" ten="401,91,341,157" step="2"/><W27/><G57/><N who="0" m="35119" /><D135/><U118/><E118/><V74/><F74/><W19/><G132/><T10/><D134/><U117/><E117/><V115/><F115/><W17/><G100/><T93/><D44/><U3/><E3/><V67/><F67/><W33/><G64/><T110/><D66/><U75/><E75/><V18/><F18/><W122/><G19/><T16/><D16/><N who="1" m="8239" /><E1/><V107/><F107/><W109/><G105/><T46/><D46/><U128/><E128/><V133/><F133/><W32/><G69/><T78/><D110/><U21/><E35/><V8/><F8/><W111/><G33/><T56/><D10/><U96/><E96/><V50/><F50/><W55/><G99/><T94/><D56/><U73/><E73/><V81/><F81/><AGARI ba="0,1" hai="21,22,23,28,31,48,52,58,81,86,88" m="8239" machi="81" ten="30,7700,0" yaku="8,1,54,3" doraHai="34" who="1" fromWho="2" sc="401,0,91,87,341,-77,157,0" owari="401,50.1,178,-22.2,264,6.4,157,-34.3" /></mjloggm>