<mjloggm ver="2.3"><GO type="169" lobby="0"/><UN n0="%E7%89%8C%E6%B5%81%E7%8A%B6%E6%85%8B%E9%BA%BB%E9%9B%80" n1="%E6%AF%94%E5%98%89%E7%A7%80%E4%BB%81" n2="%5A%E6%B0%91" n3="%E3%83%AB%E3%83%89%E3%82%A6%E3%82%A3%E3%83%83%E3%82%B0" dan="16,16,18,16" rate="2134.21,2085.28,2242.62,2148.67" sx="M,M,M,M"/><TAIKYOKU oya="0"/><INIT seed="0,0,0,0,1,50" ten="250,250,250,250" oya="0" hai0="55,69,37,68,53,60,94,2,54,134,34,12,35" hai1="21,64,80,40,10,44,111,116,124,74,13,99,112" hai2="89,63,95,117,83,87,92,57,104,59,133,93,115" hai3="5,56,7,65,4,38,52,106,58,119,81,107,66"/><T73/><D2/><U29/><E116/><V78/><F115/><W51/><G38/><T121/><D121/><U103/><E112/><V86/><F117/><W15/><G119/><T32/><D37/><U48/><E111/><V122/><F122/><W25/><G107/><T19/><D73/><U31/><E64/><N who="3" m="24682" /><G106/><T39/><D39/><U16/><E124/><V67/><F104/><W97/><G97/><T101/><D60/><U91/><E74/><V96/><F133/><W23/><G81/><T120/><D120/><U71/><E71/><V46/><F46/><N who="3" m="27767" /><G15/><T62/><D62/><U82/><E103/><V102/><F59/><W36/><G36/><T77/><D77/><U11/><E80/><V49/><F49/><W30/><AGARI ba="0,0" hai="4,5,7,23,25,30,56,58" m="27767,24682" machi="30" ten="30,4000,0" yaku="8,1,52,1,54,1" doraHai="50" who="3" fromWho="3" sc="250,-20,250,-10,250,-10,250,40" /><INIT seed="1,0,0,0,4,99" ten="230,240,240,290" oya="1" hai0="74,133,3,41,135,70,124,105,114,89,54,1,32" hai1="48,120,39,17,104,109,117,44,46,49,82,91,10" hai2="23,85,43,26,98,11,8,113,96,118,97,59,38" hai3="101,119,131,18,129,9,63,14,88,19,37,0,68"/><U66/><E120/><V51/><F118/><W67/><G37/><T123/><RYUUKYOKU type="yao9" ba="0,0" sc="230,0,240,0,240,0,290,0" hai0="1,3,32,41,54,70,74,89,105,114,123,124,133,135" /><INIT seed="1,1,0,4,0,34" ten="230,240,240,290" oya="1" hai0="134,37,62,46,16,10,57,20,55,11,117,127,18" hai1="99,3,125,14,89,50,124,8,1,128,19,105,54" hai2="41,35,27,131,31,6,87,79,30,78,63,102,83" hai3="21,108,23,0,93,135,4,100,104,86,115,39,132"/><U103/><E89/><V110/><F110/><W109/><G39/><T114/><D114/><U92/><E105/><V44/><F131/><W101/><G115/><T67/><D117/><U52/><E128/><V45/><F31/><W26/><G104/><T2/><D134/><N who="3" m="51241" /><G86/><T42/><D127/><N who="1" m="48715" /><E54/><V97/><F63/><W112/><G112/><T75/><D75/><U12/><E12/><V91/><F6/><W96/><G101/><T48/><D2/><U121/><E121/><V120/><F120/><W76/><G76/><T130/><D130/><U5/><E5/><V51/><REACH who="2" step="1"/><F45/><AGARI ba="1,0" hai="1,3,8,14,19,45,50,52,92,99,103" m="48715" machi="45" ten="30,11600,0" yaku="18,1,52,2,54,1" doraHai="34" who="1" fromWho="2" sc="230,0,240,119,240,-119,290,0" /><INIT seed="1,2,0,1,3,80" ten="230,359,121,290" oya="1" hai0="16,18,33,61,65,113,112,102,120,48,125,126,124" hai1="26,47,21,81,83,15,118,36,38,54,85,94,55" hai2="121,1,58,82,110,63,134,43,89,20,115,52,45" hai3="51,32,62,91,78,7,74,96,79,106,3,56,135"/><U42/><E118/><V109/><F121/><W69/><G32/><T66/><D33/><U84/><E94/><V95/><F1/><W68/><G135/><T37/><D37/><U108/><E108/><N who="2" m="41579" /><F134/><W60/><G60/><T14/><D120/><U123/><E123/><V67/><F115/><N who="0" m="44106" /><D102/><U53/><E15/><V119/><F82/><W29/><G29/><T31/><D31/><U64/><E64/><N who="0" m="24681" /><D61/><U46/><E81/><V88/><F119/><W101/><G51/><T116/><D116/><U104/><E104/><V127/><F127/><W50/><G50/><T27/><D27/><U105/><E105/><V34/><F34/><W107/><G106/><T13/><D48/><U114/><E114/><V44/><F67/><W131/><G68/><T2/><D2/><U35/><E35/><V30/><F43/><W24/><G69/><T97/><D97/><U70/><E70/><V100/><F100/><W86/><G96/><T90/><D90/><N who="2" m="34922" /><F95/><W130/><G107/><T129/><D129/><U122/><E122/><V72/><F72/><W75/><G101/><T12/><AGARI ba="2,0" hai="12,13,14,16,18,124,125,126" m="24681,44106" machi="12" ten="40,8000,1" yaku="28,2,18,1,54,1" doraHai="80" who="0" fromWho="0" sc="230,86,359,-42,121,-22,290,-22" /><INIT seed="2,0,0,4,1,69" ten="316,317,99,268" oya="2" hai0="106,10,12,128,34,74,1,131,45,78,117,109,73" hai1="116,62,50,17,0,63,85,93,18,104,60,76,51" hai2="31,53,102,67,55,120,103,129,87,130,96,43,134" hai3="61,48,4,26,22,58,54,99,64,30,8,2,37"/><V88/><F120/><W20/><G99/><T114/><D114/><U135/><E104/><V11/><F134/><W97/><G97/><T14/><D106/><U81/><E0/><V13/><F67/><W107/><G107/><T32/><D45/><U38/><E135/><V21/><F43/><W124/><G124/><T100/><D100/><N who="2" m="38442" /><F96/><W108/><G108/><T68/><D68/><U3/><E116/><V40/><F40/><W59/><REACH who="3" step="1"/><G37/><REACH who="3" ten="316,317,99,258" step="2"/><T39/><D39/><U44/><E38/><V24/><F130/><W19/><G19/><T46/><D109/><U132/><E132/><V27/><F129/><W91/><G91/><T47/><D117/><U113/><E113/><V118/><F118/><W36/><G36/><T52/><D131/><U28/><E18/><N who="2" m="8511" /><F27/><W65/><G65/><T90/><D128/><U72/><E17/><V56/><F56/><W7/><G7/><T125/><D125/><U126/><E126/><V111/><F111/><W82/><G82/><AGARI ba="0,1" hai="21,24,31,53,55,82,87,88" m="8511,38442" machi="82" ten="30,2900,0" yaku="8,1,54,1" doraHai="69" who="2" fromWho="3" sc="316,0,317,0,99,39,258,-29" /><INIT seed="2,1,0,0,2,60" ten="316,317,138,229" oya="2" hai0="97,18,77,20,98,21,26,8,55,100,29,85,124" hai1="17,67,36,7,127,120,90,133,122,47,71,63,48" hai2="56,126,95,134,101,75,1,106,32,108,12,37,131" hai3="87,33,92,119,38,22,43,104,4,78,59,54,45"/><V102/><RYUUKYOKU type="yao9" ba="1,0" sc="316,0,317,0,138,0,229,0" hai2="1,12,32,37,56,75,95,101,102,106,108,126,131,134" /><INIT seed="2,2,0,1,0,23" ten="316,317,138,229" oya="2" hai0="64,16,131,67,45,38,98,31,103,8,126,25,58" hai1="133,87,41,97,26,75,40,33,9,83,0,128,39" hai2="11,112,62,18,84,76,66,100,19,14,52,60,78" hai3="13,42,115,85,94,36,104,125,17,81,117,102,134"/><V53/><F112/><W132/><G117/><T90/><D131/><U35/><E128/><V4/><F100/><W108/><G108/><T101/><D126/><U48/><E133/><V88/><F76/><W82/><G125/><T74/><D74/><U28/><E97/><V29/><F78/><W96/><G115/><T95/><D38/><U92/><E92/><N who="2" m="54279" /><F29/><W72/><G72/><T79/><D79/><U113/><E113/><V107/><F107/><W32/><G32/><T124/><D124/><U106/><E106/><V27/><F66/><W135/><G42/><T30/><D67/><U111/><E111/><V120/><F120/><W110/><G36/><T43/><D103/><U1/><E39/><V99/><F99/><W47/><G47/><T63/><D101/><U3/><E35/><V77/><F77/><W86/><G110/><T89/><D45/><U105/><E105/><V22/><F4/><W37/><G37/><T121/><D121/><U12/><E75/><V21/><F11/><W54/><G54/><AGARI ba="2,0" hai="14,18,19,21,22,27,52,53,54,60,62" m="54279" machi="54" ten="30,11600,0" yaku="8,1,52,1,54,2" doraHai="23" who="2" fromWho="3" sc="316,0,317,0,138,122,229,-122" /><INIT seed="2,3,0,5,4,52" ten="316,317,260,107" oya="2" hai0="134,82,66,36,5,114,99,40,62,18,47,21,83" hai1="51,26,118,98,12,105,38,31,42,112,27,135,45" hai2="100,72,50,28,74,76,25,57,43,22,107,75,122" hai3="110,65,87,64,14,16,71,48,60,0,55,101,86"/><V77/><F122/><W126/><G0/><T9/><D114/><U93/><E118/><V120/><F120/><W133/><G110/><T129/><D129/><U4/><E112/><V103/><F43/><W68/><G133/><T113/><D99/><U132/><E105/><V53/><REACH who="2" step="1"/><F107/><REACH who="2" ten="316,317,250,107" step="2"/><W89/><G126/><T6/><D113/><U2/><E135/><V73/><N who="2" m="18432" /><DORA hai="124" /><V81/><F81/><W58/><G101/><AGARI ba="3,1" hai="22,25,28,50,53,57,76,77,100,101,103" m="18432" machi="101" ten="70,6800,0" yaku="1,1,52,1,53,0" doraHai="52,124" doraHaiUra="123,111" who="2" fromWho="3" sc="316,0,317,0,250,87,107,-77" /><INIT seed="2,4,0,2,0,131" ten="316,317,337,30" oya="2" hai0="6,97,129,91,27,121,14,42,49,128,85,115,30" hai1="64,120,3,102,55,17,36,20,113,108,114,71,51" hai2="65,82,58,72,101,77,9,124,110,92,18,1,38" hai3="12,31,123,7,127,8,100,99,45,32,135,80,83"/><V98/><F38/><W26/><G123/><T86/><D121/><U10/><E120/><V76/><F124/><W25/><G127/><T61/><D115/><U67/><E36/><V4/><F110/><W40/><G26/><T50/><D97/><U33/><E33/><V41/><F41/><W112/><G112/><T107/><D107/><U132/><E108/><V88/><F76/><W13/><G13/><T56/><D14/><U52/><E102/><V35/><F35/><W78/><G135/><T93/><D6/><U63/><E132/><V70/><F70/><W104/><REACH who="3" step="1"/><G78/><REACH who="3" ten="316,317,337,20" step="2"/><T69/><D129/><U66/><E114/><V118/><F77/><W89/><G89/><T29/><D128/><U116/><E113/><V126/><F88/><W103/><G103/><T81/><D27/><U130/><E130/><V73/><F101/><W22/><G22/><T109/><D109/><U39/><E20/><V94/><F126/><W111/><G111/><T28/><D91/><U133/><E133/><V90/><F90/><W54/><G54/><T37/><D93/><U15/><E55/><V19/><F94/><W87/><G87/><T53/><D86/><U74/><E52/><V122/><F92/><W68/><G68/><T21/><D69/><U43/><E71/><V16/><F122/><W5/><G5/><T0/><D21/><U60/><E15/><V96/><F4/><W24/><G24/><T134/><D134/><U48/><E3/><V34/><F1/><W117/><G117/><T2/><D2/><U105/><E116/><V106/><F118/><W95/><G95/><RYUUKYOKU ba="4,1" sc="316,-10,317,-10,337,-10,20,30" hai3="7,8,12,25,31,32,40,45,80,83,99,100,104" /><INIT seed="3,5,1,4,2,8" ten="306,307,327,50" oya="3" hai0="83,67,133,110,41,104,82,130,16,19,99,27,102" hai1="95,54,59,119,115,14,21,93,1,20,40,24,125" hai2="30,29,66,103,111,10,26,81,52,25,112,33,45" hai3="64,85,73,2,74,58,96,100,28,72,13,127,17"/><W35/><G2/><T43/><D110/><U75/><E75/><V42/><F112/><W11/><G127/><T80/><D130/><U114/><E1/><V84/><F111/><W71/><G58/><T108/><D108/><U36/><E125/><V39/><F66/><W78/><G85/><T5/><D133/><U121/><E121/><V9/><F103/><W90/><G90/><T4/><D67/><U38/><E119/><V63/><F63/><N who="3" m="40351" /><G78/><T3/><D3/><U23/><E24/><V55/><F9/><W113/><G113/><N who="1" m="43018" /><E14/><V134/><F134/><W132/><G132/><T69/><D69/><U57/><E40/><V6/><F10/><W122/><G122/><T91/><D91/><U94/><E54/><V128/><F6/><W101/><G101/><T131/><D131/><U34/><E34/><V129/><F128/><W60/><G60/><T87/><D87/><U68/><E68/><V62/><F62/><W37/><G37/><AGARI ba="5,1" hai="20,21,23,36,37,38,57,59,93,94,95" m="43018" machi="37" ten="40,2600,0" yaku="28,2" doraHai="8" who="1" fromWho="3" sc="306,0,307,51,327,0,50,-41" /><INIT seed="4,0,0,3,4,119" ten="306,358,327,9" oya="0" hai0="73,33,88,23,90,62,86,129,28,82,53,87,57" hai1="128,93,84,10,74,66,95,75,54,51,112,132,25" hai2="94,26,91,11,32,123,68,3,110,133,59,6,18" hai3="124,42,96,29,83,92,127,13,4,22,14,40,35"/><T115/><D115/><U97/><E112/><V64/><F110/><W131/><G35/><T108/><D129/><U52/><E132/><V77/><F68/><W1/><G1/><T109/><D73/><U79/><E128/><V37/><F37/><W47/><G131/><T5/><D33/><U9/><E66/><V0/><F133/><W60/><G60/><T58/><D5/><U80/><E25/><V21/><F77/><W46/><G83/><T50/><D23/><U100/><E54/><V24/><F3/><W69/><G69/><T103/><D103/><U56/><E75/><V44/><F44/><W99/><G92/><T114/><D28/><U105/><E95/><V71/><F71/><W118/><G22/><T7/><D7/><U20/><E20/><V121/><F64/><W36/><G4/><T98/><D98/><N who="3" m="37417" /><G29/><T130/><D114/><U122/><E122/><V15/><F59/><W12/><G118/><T2/><D2/><U38/><E38/><V104/><F104/><W72/><G72/><T70/><D70/><U19/><E19/><V43/><F43/><N who="3" m="16427" /><G36/><T106/><D106/><U45/><E45/><AGARI ba="0,0" hai="12,13,14,45,46,47,124,127" m="16427,37417" machi="45" ten="40,2600,0" yaku="28,2" doraHai="119" who="3" fromWho="1" sc="306,0,358,-26,327,0,9,26" /><INIT seed="5,0,0,1,4,70" ten="306,332,327,35" oya="1" hai0="47,36,64,42,92,91,9,133,62,114,135,90,78" hai1="127,82,46,80,94,115,14,16,132,53,118,61,73" hai2="109,103,0,130,85,111,119,107,56,110,106,5,95" hai3="104,8,131,58,11,4,66,45,65,71,97,6,24"/><U17/><E118/><V77/><F56/><W26/><G131/><T28/><D114/><U63/><E115/><V98/><F5/><W68/><G58/><T79/><D28/><U29/><E132/><N who="0" m="50761" /><D9/><U87/><E127/><V27/><F27/><W13/><G97/><N who="0" m="57495" /><D91/><N who="1" m="53631" /><E73/><V128/><F0/><W12/><G45/><T54/><D54/><U2/><E2/><V57/><F57/><AGARI ba="0,0" hai="36,42,47,57,62,64,78,79" m="57495,50761" machi="57" ten="30,2000,0" yaku="20,1,52,1" doraHai="70" who="0" fromWho="2" sc="306,20,332,0,327,-20,35,0" /><INIT seed="6,0,0,4,5,116" ten="326,332,307,35" oya="2" hai0="61,40,36,72,28,19,41,5,49,79,118,67,66" hai1="35,50,117,52,65,83,96,51,86,73,81,108,127" hai2="11,37,107,59,98,106,3,130,14,112,17,21,103" hai3="74,26,78,58,0,69,100,104,47,34,85,4,110"/><V44/><F112/><W93/><G58/><T101/><D118/><U2/><E117/><V105/><F130/><W114/><G110/><T56/><D28/><U57/><E108/><V76/><F76/><W131/><G131/><T46/><D5/><U90/><E35/><V16/><F59/><W133/><G133/><T55/><D101/><U82/><E2/><V99/><F99/><W77/><G77/><T29/><D29/><U97/><E127/><V120/><F120/><W126/><G126/><T70/><D19/><U32/><E32/><V87/><F87/><W135/><G135/><T38/><D72/><U62/><E73/><V64/><F64/><N who="0" m="24618" /><D79/><U10/><E10/><V8/><F3/><W68/><G114/><T115/><D115/><U39/><E39/><N who="0" m="14889" /><D70/><U18/><E18/><V129/><F129/><W94/><G68/><T25/><D25/><U15/><E15/><V128/><F128/><W13/><G26/><T71/><D71/><U33/><E33/><V31/><F31/><W80/><G34/><T1/><D1/><U91/><E91/><V20/><F11/><N who="3" m="4327" /><G69/><T88/><D88/><U119/><E119/><V95/><REACH who="2" step="1"/><F17/><REACH who="2" ten="326,332,297,35" step="2"/><W7/><G74/><T27/><D27/><U92/><E65/><AGARI ba="0,1" hai="40,41,46,49,55,56,61,65" m="14889,24618" machi="65" ten="30,8000,1" yaku="35,5" doraHai="116" who="0" fromWho="1" sc="326,90,332,-80,297,0,35,0" /><INIT seed="7,0,0,4,1,106" ten="416,252,297,35" oya="3" hai0="53,126,14,12,133,27,71,130,52,88,8,97,61" hai1="40,73,112,98,104,54,46,49,81,91,129,110,70" hai2="18,123,34,50,115,85,3,33,135,118,116,105,117" hai3="114,82,94,109,66,60,101,28,74,29,47,93,83"/><W92/><G114/><T128/><D126/><U62/><E112/><V87/><F105/><W57/><G109/><T78/><D78/><U45/><E110/><V21/><F115/><W103/><G47/><T25/><D133/><U55/><E129/><V121/><F50/><W1/><G1/><T111/><D111/><U17/><E17/><V4/><F87/><W76/><REACH who="3" step="1"/><G83/><REACH who="3" ten="416,252,297,25" step="2"/><T95/><D130/><U13/><E81/><V108/><F108/><W6/><G6/><T56/><D128/><U2/><E2/><V113/><F113/><W9/><G9/><T48/><D8/><U102/><E46/><V30/><F4/><W68/><G68/><T37/><D71/><U32/><E70/><V59/><F3/><W99/><G99/><T77/><D97/><U10/><E98/><V64/><F118/><W132/><G132/><T122/><D56/><U20/><E45/><V11/><F59/><W39/><G39/><T124/><D37/><U38/><E38/><V79/><F117/><W86/><G86/><T120/><D124/><U31/><E10/><V63/><F11/><W75/><G75/><T7/><D7/><U125/><E73/><V119/><F116/><W5/><G5/><T69/><D69/><U36/><E125/><V67/><F135/><W24/><G24/><T80/><D27/><U43/><E36/><V100/><F119/><W90/><G90/><T23/><D88/><U16/><E91/><V134/><F85/><W22/><G22/><T89/><D23/><U127/><E20/><V35/><F21/><W131/><G131/><T15/><D89/><RYUUKYOKU ba="0,1" sc="416,-10,252,-10,297,-10,25,30" hai3="28,29,57,60,66,74,76,82,92,93,94,101,103" /><INIT seed="7,1,1,0,4,88" ten="406,242,287,55" oya="3" hai0="119,0,73,10,76,91,9,83,111,40,46,44,78" hai1="27,82,130,54,36,23,51,86,133,12,63,79,35" hai2="93,53,98,125,13,106,134,3,94,55,74,101,112" hai3="118,114,37,11,132,80,17,21,131,103,115,135,50"/><W100/><G37/><T20/><D111/><U22/><E36/><V28/><F3/><W66/><G118/><T43/><D119/><U110/><E110/><V105/><F74/><W104/><G131/><T6/><D20/><U67/><E133/><N who="3" m="51274" /><G66/><T62/><D62/><U123/><E123/><V19/><F134/><W64/><G64/><T109/><D109/><U2/><E2/><V48/><F112/><N who="3" m="43051" /><G104/><T58/><D73/><U18/><E35/><V84/><F106/><W97/><G11/><T108/><D10/><U57/><E130/><V116/><F105/><W102/><G80/><T122/><D83/><U120/><E120/><V127/><F116/><W15/><G50/><T26/><D9/><U72/><E72/><V92/><F48/><W96/><AGARI ba="1,1" hai="15,17,21,96,97,100,102,103" m="43051,51274" machi="96" ten="40,3900,0" yaku="20,1,15,1" doraHai="88" who="3" fromWho="3" sc="406,-14,242,-14,287,-14,55,52" /><INIT seed="7,2,0,1,4,135" ten="392,228,273,107" oya="3" hai0="77,6,0,38,118,124,117,68,12,97,42,29,61" hai1="48,5,103,106,14,96,8,33,74,59,31,22,37" hai2="98,57,21,7,3,19,32,102,122,1,60,75,88" hai3="125,92,70,39,101,79,28,112,123,82,89,54,51"/><W120/><G39/><T129/><D0/><U23/><E74/><V127/><F32/><W16/><G70/><T10/><D77/><U30/><E37/><V36/><F75/><W69/><G69/><T133/><D29/><U113/><E113/><V109/><F109/><W116/><G116/><T65/><D133/><U67/><E33/><V64/><F36/><W27/><G112/><T52/><D129/><U134/><E134/><V66/><F122/><W90/><G101/><T47/><D124/><U53/><E67/><V43/><F43/><W130/><G130/><T86/><D86/><U115/><E115/><V91/><F66/><W108/><G108/><T111/><D111/><U126/><E126/><V4/><F3/><W26/><G125/><T40/><D40/><U35/><E35/><V93/><F127/><W105/><G105/><T76/><D76/><U56/><E56/><V63/><F63/><W58/><G26/><T100/><D52/><U2/><E2/><V81/><F1/><W34/><G16/><T24/><D24/><U83/><E83/><V80/><F80/><W131/><G131/><T87/><D87/><U128/><E128/><V13/><F81/><W107/><G107/><AGARI ba="2,0" hai="6,10,12,38,42,47,61,65,68,97,100,107,117,118" machi="107" ten="30,1000,0" yaku="7,1" doraHai="135" who="0" fromWho="3" sc="392,16,228,0,273,0,107,-16" owari="408,50.8,228,-17.2,273,7.3,91,-40.9" /></mjloggm>