<mjloggm ver="2.3"><GO type="169" lobby="0"/><UN n0="%E3%81%8B%E3%81%A3%E3%81%95%E3%83%BC" n1="%E3%83%8A%E3%83%8A%E3%82%A4%E3%83%AD%E3%83%A9%E3%82%A4%E3%83%88%E2%98%86" n2="%52%65%63%61%6C%74%71" n3="%E3%83%A2%E3%82%A4%E3%83%92%E3%83%A3%E3%83%B3" dan="17,16,16,17" rate="2151.11,2083.54,2119.31,2175.74" sx="M,F,M,M"/><TAIKYOKU oya="0"/><INIT seed="0,0,0,2,5,56" ten="250,250,250,250" oya="0" hai0="53,130,131,88,68,118,78,134,120,89,90,15,75" hai1="43,7,100,86,104,14,1,63,102,121,8,36,87" hai2="41,10,133,96,57,37,105,48,39,47,9,44,99" hai3="52,67,107,91,114,66,50,54,42,122,64,108,11"/><T73/><D118/><U21/><E121/><V55/><F133/><W71/><G107/><T129/><D68/><U94/><E104/><V111/><F111/><W16/><G114/><T69/><D120/><U128/><E128/><V126/><F126/><W83/><G108/><T115/><D115/><U26/><E1/><V35/><F35/><W98/><G122/><T85/><D69/><U95/><E36/><V92/><F105/><W81/><G71/><T19/><D134/><U13/><E43/><V6/><F99/><W125/><G125/><T72/><D53/><U58/><E14/><V2/><F9/><W65/><G65/><T0/><D0/><U25/><E25/><V60/><REACH who="2" step="1"/><F44/><REACH who="2" ten="250,250,240,250" step="2"/><N who="3" m="25879" /><G98/><T24/><D24/><U59/><E26/><V61/><F61/><W117/><G117/><T112/><D112/><U70/><E63/><V20/><F20/><W12/><G83/><N who="0" m="47351" /><D75/><U38/><E21/><AGARI ba="0,1" hai="15,19,21,72,73,88,89,90,129,130,131" m="47351" machi="21" ten="40,3900,0" yaku="19,1,54,1" doraHai="56" who="0" fromWho="1" sc="250,49,250,-39,240,0,250,0" /><INIT seed="0,1,0,0,4,109" ten="299,211,240,250" oya="0" hai0="50,69,122,98,99,85,32,89,21,48,61,1,117" hai1="64,66,87,60,74,124,79,57,120,17,84,8,30" hai2="116,58,118,37,81,119,36,110,130,77,16,82,51" hai3="104,28,94,72,113,68,13,0,7,101,103,88,10"/><T34/><D1/><U45/><E120/><V65/><F130/><W35/><G68/><T93/><D117/><U33/><E124/><V27/><F110/><W6/><G72/><T131/><D131/><U40/><E64/><V24/><F65/><W3/><G104/><T71/><D122/><U121/><E121/><V97/><F97/><W125/><G125/><T128/><D128/><U43/><E43/><V83/><F77/><W11/><G113/><T96/><D34/><U135/><E135/><V59/><F51/><W126/><G126/><T114/><D32/><U86/><E74/><V108/><F108/><W25/><REACH who="3" step="1"/><G13/><REACH who="3" ten="299,211,240,240" step="2"/><T23/><D114/><U78/><E33/><V47/><F47/><W2/><G2/><T62/><D71/><U105/><E105/><V49/><F49/><N who="0" m="19050" /><D69/><U9/><E60/><AGARI ba="1,1" hai="21,23,60,61,62,85,89,93,96,98,99" m="19050" machi="60" ten="30,1500,0" yaku="8,1" doraHai="109" who="0" fromWho="1" sc="299,28,211,-18,240,0,240,0" /><INIT seed="0,2,0,1,2,11" ten="327,193,240,240" oya="0" hai0="22,61,94,33,42,130,72,36,1,107,4,89,18" hai1="113,50,80,133,131,84,90,57,12,96,60,74,97" hai2="9,77,19,16,93,85,71,124,127,27,43,125,116" hai3="55,64,110,34,58,68,99,7,45,41,129,29,134"/><T31/><D107/><U67/><E131/><V70/><F43/><W46/><G129/><T63/><D72/><U121/><E121/><V25/><F116/><W105/><G110/><T40/><D130/><U119/><E119/><V8/><F93/><W14/><G134/><T20/><D33/><U106/><E133/><V123/><F85/><W100/><G68/><N who="2" m="26153" /><F77/><W118/><G64/><T135/><D135/><U79/><E113/><V13/><F123/><W92/><G105/><T95/><D4/><U126/><E126/><V86/><F86/><W62/><G118/><T56/><D1/><U3/><E3/><V51/><F51/><W114/><G114/><T6/><D6/><U98/><E50/><V102/><F102/><W66/><G55/><T53/><D94/><U69/><E69/><V101/><F101/><W78/><G78/><T17/><D31/><U112/><E112/><V0/><F0/><W10/><REACH who="3" step="1"/><G41/><REACH who="3" ten="327,193,240,230" step="2"/><T47/><D42/><U38/><E106/><V5/><F5/><W115/><G115/><T87/><D53/><U103/><E79/><V54/><F54/><W48/><G48/><T37/><D40/><U59/><E67/><V75/><F75/><W120/><G120/><T111/><D111/><U109/><E74/><V44/><F44/><W21/><G21/><T83/><D47/><U76/><E109/><V15/><AGARI ba="2,1" hai="8,9,13,15,16,19,25,27,124,125,127" m="26153" machi="15" ten="40,8000,1" yaku="18,1,52,2,54,1" doraHai="11" who="2" fromWho="2" sc="327,-42,193,-22,240,96,230,-22" /><INIT seed="1,0,0,1,3,130" ten="285,171,336,208" oya="1" hai0="50,57,69,99,25,114,109,78,101,116,121,119,84" hai1="72,22,122,131,52,20,97,64,92,103,27,54,79" hai2="19,75,90,6,129,53,47,45,39,31,30,63,36" hai3="128,0,60,86,37,46,111,80,9,108,76,51,1"/><U89/><E122/><V12/><F75/><W105/><G105/><T33/><D69/><U29/><E131/><V4/><F129/><W32/><G128/><T5/><D114/><U11/><E64/><V93/><F36/><W110/><G32/><T48/><D109/><U96/><E11/><V7/><F39/><W14/><G60/><T13/><D121/><U16/><E79/><V74/><F74/><W106/><G106/><T134/><D134/><U88/><E72/><V2/><F2/><W24/><G24/><T70/><D70/><U18/><E29/><V125/><F125/><W44/><G37/><T8/><D33/><U10/><E10/><V115/><F115/><W17/><REACH who="3" step="1"/><G46/><REACH who="3" ten="285,171,336,198" step="2"/><T85/><D25/><N who="1" m="14487" /><E97/><V38/><F38/><W81/><G81/><T100/><D99/><U102/><E102/><V42/><F42/><AGARI ba="0,1" hai="0,1,9,14,17,42,44,51,76,80,86,108,110,111" machi="42" ten="40,2600,0" yaku="1,1,14,1,53,0" doraHai="130" doraHaiUra="28" who="3" fromWho="2" sc="285,0,171,0,336,-26,198,36" /><INIT seed="2,0,0,0,5,43" ten="285,171,310,234" oya="2" hai0="105,88,27,100,76,28,71,127,98,23,31,42,101" hai1="75,93,37,44,57,114,121,109,46,39,108,134,47" hai2="59,135,53,35,73,90,106,130,2,119,6,50,97" hai3="96,123,56,131,104,13,82,15,68,48,38,77,9"/><V60/><F119/><W103/><G131/><T12/><D127/><U132/><E75/><V20/><F73/><W5/><G68/><T11/><D71/><U16/><E114/><V84/><F130/><W21/><G38/><N who="1" m="14346" /><E57/><V125/><F35/><W113/><G123/><T87/><D76/><U124/><E121/><V19/><F125/><W8/><G113/><T117/><D42/><U66/><E66/><V86/><F135/><N who="1" m="51753" /><E124/><V1/><F6/><W67/><G21/><T29/><D101/><U34/><E34/><V118/><F118/><W4/><G48/><T25/><D25/><U18/><E93/><V40/><F2/><W133/><G133/><T99/><D99/><U81/><E81/><V115/><F1/><W49/><G49/><T51/><D51/><U111/><AGARI ba="0,0" hai="16,18,44,46,47,108,109,111" m="51753,14346" machi="111" ten="50,16000,3" yaku="28,2,14,1,20,1,52,3,54,1" doraHai="43" who="1" fromWho="1" sc="285,-40,171,160,310,-80,234,-40" /><INIT seed="3,0,0,4,3,29" ten="245,331,230,194" oya="3" hai0="38,115,105,135,127,13,88,120,31,28,95,85,111" hai1="98,67,72,54,117,35,108,41,134,40,47,78,15" hai2="96,87,27,18,34,6,101,104,24,71,106,46,44" hai3="122,128,4,32,132,12,81,121,9,0,64,89,52"/><W65/><G132/><T112/><D38/><U17/><E134/><V62/><F106/><W123/><G128/><T56/><D135/><U25/><E108/><V22/><F6/><W49/><G0/><T110/><D120/><U30/><E67/><N who="2" m="41463" /><F87/><W26/><G89/><T130/><D130/><U63/><E117/><V55/><F55/><W80/><G64/><T118/><D118/><U7/><E7/><V53/><F53/><W75/><G65/><T48/><D127/><U66/><E98/><V10/><F10/><W3/><G3/><T14/><D48/><U133/><E133/><V91/><F91/><W23/><G75/><T94/><D105/><U33/><E78/><V73/><F73/><W61/><G61/><T19/><D56/><U126/><E126/><V131/><F131/><W102/><G102/><T77/><D77/><U82/><E82/><V119/><F119/><W20/><G23/><T93/><D14/><U114/><E33/><V16/><F18/><W109/><G109/><N who="0" m="41483" /><D31/><AGARI ba="0,0" hai="16,22,24,27,31,34,44,46,96,101,104" m="41463" machi="31" ten="30,3900,0" yaku="25,1,52,1,54,1" doraHai="29" who="2" fromWho="0" sc="245,-39,331,0,230,39,194,0" /><INIT seed="4,0,0,2,4,72" ten="206,331,269,194" oya="0" hai0="48,91,18,76,78,75,28,95,116,16,66,36,128" hai1="25,92,96,29,51,11,119,47,118,114,57,55,121" hai2="4,17,49,10,120,83,60,71,65,52,13,84,42" hai3="126,124,41,8,19,45,105,6,90,93,35,63,123"/><T102/><D36/><U38/><E121/><V87/><F120/><W122/><G105/><T1/><D1/><U77/><E114/><V12/><F42/><W50/><G35/><T74/><D116/><U56/><E11/><V21/><REACH who="2" step="1"/><F83/><REACH who="2" ten="206,331,259,194" step="2"/><W34/><G123/><T40/><D128/><U2/><E118/><V117/><F117/><W97/><G122/><T113/><D113/><U54/><E119/><V68/><F68/><W62/><G34/><T20/><D102/><U127/><E127/><N who="3" m="48682" /><G19/><T99/><D18/><U15/><E29/><V98/><F98/><W30/><G30/><T103/><D28/><U23/><E96/><V31/><F31/><W135/><G135/><T82/><D103/><U39/><E39/><V70/><F70/><W86/><G97/><T94/><D94/><U112/><E92/><V89/><F89/><W106/><G106/><T24/><D66/><U132/><E38/><V53/><F53/><W44/><G45/><AGARI ba="0,1" hai="4,10,12,13,17,21,45,49,52,60,65,71,84,87" machi="45" ten="30,3900,0" yaku="1,1,7,1,54,1,53,0" doraHai="72" doraHaiUra="109" who="2" fromWho="3" sc="206,0,331,0,259,49,194,-39" /><INIT seed="5,0,0,5,0,85" ten="206,331,308,155" oya="1" hai0="35,117,18,92,39,129,19,74,133,36,24,79,2" hai1="100,16,83,106,128,102,54,3,34,41,64,27,9" hai2="115,87,29,32,1,45,42,50,80,31,69,90,33" hai3="47,103,109,89,71,53,98,5,28,124,114,37,82"/><U51/><E128/><V93/><F69/><W60/><G109/><T121/><D79/><U15/><E64/><V88/><F1/><W25/><G114/><T119/><D92/><U30/><E41/><V84/><REACH who="2" step="1"/><F115/><REACH who="2" ten="206,331,298,155" step="2"/><W134/><G71/><T75/><D2/><U91/><E3/><V48/><F48/><W38/><G38/><T66/><D36/><U130/><E130/><V56/><F56/><W77/><G37/><T123/><D39/><U132/><E132/><V8/><F8/><W81/><G134/><T10/><D133/><U96/><E106/><V131/><F131/><W46/><G46/><T22/><D10/><U7/><E7/><V6/><F6/><W55/><G47/><T59/><D129/><U0/><E0/><V72/><F72/><W13/><G5/><T11/><D59/><U107/><E107/><V116/><F116/><W43/><G60/><T120/><D75/><U108/><E108/><V73/><F73/><W63/><G63/><T4/><D74/><U127/><E127/><V68/><F68/><W20/><G124/><T58/><D4/><U57/><REACH who="1" step="1"/><E83/><REACH who="1" ten="206,321,298,155" step="2"/><V78/><F78/><W97/><G77/><T62/><D119/><U49/><E49/><V101/><F101/><W126/><G126/><T40/><D117/><U26/><E26/><V14/><F14/><W76/><G13/><N who="0" m="7487" /><D121/><U61/><E61/><V44/><F44/><W112/><G103/><T52/><D66/><U86/><E86/><V125/><F125/><W104/><G104/><T113/><D123/><U67/><E67/><V23/><F23/><W65/><G20/><RYUUKYOKU ba="0,2" sc="206,-15,321,15,298,15,155,-15" hai1="9,15,16,27,30,34,51,54,57,91,96,100,102" hai2="29,31,32,33,42,45,50,80,84,87,88,90,93" /><INIT seed="5,1,2,0,1,81" ten="191,336,313,140" oya="1" hai0="33,131,13,29,127,17,100,72,110,133,5,18,57" hai1="4,6,83,132,45,46,56,73,77,10,123,113,93" hai2="54,134,69,112,89,48,1,53,25,92,47,28,114" hai3="61,11,67,63,76,119,43,116,84,2,41,75,103"/><U35/><E123/><V34/><F134/><W52/><G75/><T109/><D72/><U118/><E118/><N who="3" m="45098" /><G103/><T71/><D71/><U117/><E117/><V85/><F69/><W135/><G135/><T38/><D38/><U95/><E132/><V60/><F1/><W7/><G67/><T39/><D39/><U87/><E35/><V36/><F36/><W74/><G74/><T88/><D100/><U14/><E113/><N who="2" m="43627" /><F60/><N who="3" m="23115" /><G52/><AGARI ba="1,2" hai="25,28,34,47,48,52,53,54,85,89,92" m="43627" machi="52" ten="30,7700,0" yaku="15,1,11,1,52,1,54,1" doraHai="81" who="2" fromWho="3" sc="191,0,336,0,313,100,140,-80" /><INIT seed="6,0,0,0,2,117" ten="191,336,413,60" oya="2" hai0="86,106,64,63,33,14,47,79,126,108,24,118,50" hai1="97,30,54,61,13,90,1,132,112,135,116,34,37" hai2="49,23,43,10,48,28,66,39,42,58,104,74,12" hai3="92,20,134,11,32,77,27,113,128,119,103,120,127"/><V102/><F74/><W78/><G119/><T121/><D86/><U81/><E1/><V46/><F102/><W36/><G36/><T123/><D14/><U72/><E116/><V17/><F104/><W88/><G134/><T16/><D118/><U114/><E37/><V53/><F66/><W85/><G128/><T26/><D26/><N who="1" m="18775" /><E13/><V52/><F39/><W40/><G127/><T51/><D51/><U5/><E5/><V111/><F111/><W44/><G32/><T9/><D79/><U100/><E54/><V130/><F130/><W57/><G113/><N who="1" m="43626" /><E61/><V129/><F129/><W7/><G57/><T96/><D9/><U45/><E45/><V22/><F28/><W3/><G103/><N who="0" m="62823" /><D126/><U21/><E21/><AGARI ba="0,0" hai="10,12,17,21,22,23,42,43,46,48,49,52,53,58" machi="21" ten="40,3900,0" yaku="8,1,54,1" doraHai="117" who="2" fromWho="1" sc="191,0,336,-39,413,39,60,0" /><INIT seed="6,1,0,3,5,78" ten="191,297,452,60" oya="2" hai0="19,14,16,37,80,17,87,112,113,55,9,119,38" hai1="89,5,29,56,95,35,94,106,132,76,1,46,45" hai2="84,70,98,36,41,40,53,96,20,51,121,39,64" hai3="22,99,133,101,23,126,75,129,116,24,77,124,57"/><V69/><F121/><W122/><G122/><T30/><D30/><U48/><E106/><V62/><F84/><W61/><G116/><T102/><D102/><U26/><E132/><V92/><F98/><W125/><G133/><T74/><D74/><U79/><E95/><V123/><F123/><W83/><G129/><T128/><D128/><U32/><E32/><V59/><F92/><W52/><REACH who="3" step="1"/><G24/><REACH who="3" ten="191,297,452,50" step="2"/><T67/><D119/><U28/><E26/><V117/><F117/><W10/><G10/><T118/><D118/><U104/><E35/><V90/><F90/><W82/><G82/><T108/><D80/><U100/><E89/><V3/><F96/><W130/><G130/><T63/><D9/><U115/><E100/><V8/><F8/><W11/><G11/><T68/><D112/><U111/><E115/><V81/><F81/><W86/><G86/><T6/><D87/><U31/><E1/><V18/><F3/><W107/><AGARI ba="1,1" hai="22,23,52,57,61,75,77,83,99,101,107,124,125,126" machi="107" ten="30,8000,1" yaku="1,1,0,1,18,1,52,1,54,1,53,0" doraHai="78" doraHaiUra="12" who="3" fromWho="3" sc="191,-21,297,-21,452,-41,50,93" /><INIT seed="7,0,0,0,1,3" ten="170,276,411,143" oya="3" hai0="96,39,41,128,74,12,50,44,101,35,58,127,121" hai1="48,1,88,19,68,11,15,130,135,26,95,114,115" hai2="126,13,18,36,93,47,22,83,99,61,5,109,82" hai3="118,2,20,106,16,72,102,103,32,94,113,75,10"/><W63/><G118/><T23/><D35/><U34/><E68/><V38/><F109/><W60/><G32/><T123/><D74/><U0/><E130/><V80/><F126/><W57/><G106/><T66/><D128/><U119/><E135/><V133/><F133/><W129/><G129/><T67/><D127/><U40/><E119/><V17/><F47/><W53/><G113/><N who="1" m="43018" /><E48/><V71/><F71/><W21/><G63/><T7/><D23/><N who="1" m="13695" /><E40/><V49/><F49/><W37/><G37/><T54/><D121/><U28/><E28/><V117/><F61/><W78/><G21/><T55/><D55/><U64/><E64/><V33/><F33/><W69/><G69/><T112/><D123/><U105/><E105/><V46/><F46/><W116/><G116/><T81/><D81/><U86/><E34/><V9/><F117/><W122/><G122/><T79/><D79/><U8/><E8/><V14/><F38/><W29/><G29/><T124/><D124/><U108/><E108/><V131/><F36/><W100/><G94/><N who="0" m="58519" /><D112/><U52/><E52/><V27/><F131/><W87/><G10/><N who="0" m="4191" /><D39/><U84/><E84/><V111/><F111/><W77/><G2/><T110/><D110/><U90/><E90/><V76/><F76/><W132/><G132/><T43/><D58/><U73/><E73/><N who="3" m="28234" /><G87/><T6/><D6/><AGARI ba="0,0" hai="0,1,6,11,15,86,88,95" m="13695,43018" machi="6" ten="30,3900,0" yaku="15,1,52,1,54,1" doraHai="3" who="1" fromWho="0" sc="170,-39,276,39,411,0,143,0" owari="131,-36.9,315,11.5,411,51.1,143,-25.7" /></mjloggm>