<mjloggm ver="2.3"><GO type="169" lobby="0"/><UN n0="%E3%81%97%E3%82%83%E3%82%93%E3%81%8A%E3%81%98" n1="%73%6F%61%6F" n2="%59%75%49%74%6F" n3="%E7%AD%89%E3%80%85%E5%8A%9B%E5%8A%87%E5%A0%B4" dan="16,16,16,16" rate="2196.50,2131.36,2057.19,2100.05" sx="F,M,M,M"/><TAIKYOKU oya="0"/><INIT seed="0,0,0,1,2,123" ten="250,250,250,250" oya="0" hai0="37,73,32,53,90,14,127,3,57,115,56,10,20" hai1="129,35,72,99,61,8,11,44,43,92,46,113,78" hai2="70,38,28,41,120,4,40,132,23,58,111,60,130" hai3="128,1,117,100,105,71,52,131,7,65,122,9,62"/><T107/><D115/><U59/><E129/><N who="3" m="49738" /><G122/><T134/><D32/><U36/><E35/><V135/><F120/><W121/><G121/><T6/><D134/><N who="2" m="51242" /><F130/><W74/><G117/><T31/><D127/><U5/><E113/><V91/><F70/><W15/><G74/><T110/><D107/><U88/><E44/><V24/><F38/><W89/><G89/><T63/><D37/><U50/><E50/><V80/><F111/><W133/><G133/><T12/><D73/><U45/><E45/><V85/><F4/><W86/><G86/><T77/><D77/><U47/><E47/><V33/><F33/><W2/><G52/><AGARI ba="0,0" hai="23,24,28,40,41,52,58,60,80,85,91" m="51242" machi="52" ten="30,2000,0" yaku="20,1,54,1" doraHai="123" who="2" fromWho="3" sc="250,0,250,0,250,20,250,-20" /><INIT seed="1,0,0,3,3,52" ten="250,250,270,230" oya="1" hai0="13,124,128,50,129,71,75,101,33,42,0,46,57" hai1="87,93,8,21,127,132,133,54,76,98,118,105,55" hai2="110,74,126,116,67,4,81,113,121,62,123,84,37" hai3="86,73,99,56,48,107,106,31,53,41,9,125,11"/><U30/><E105/><V59/><F116/><W79/><G73/><T115/><D0/><U131/><E118/><V1/><F110/><W47/><G125/><T27/><D75/><U35/><E35/><V92/><F126/><W102/><G107/><T6/><D71/><U24/><E127/><V68/><F37/><W44/><G31/><T20/><D115/><U111/><E131/><V63/><F92/><W83/><REACH who="3" step="1"/><G47/><REACH who="3" ten="250,250,270,220" step="2"/><T130/><D124/><U17/><E111/><V90/><F74/><W45/><G45/><T114/><D46/><U72/><E72/><V49/><F113/><W120/><G120/><T36/><D114/><U43/><E133/><V95/><F49/><AGARI ba="0,1" hai="9,11,41,44,48,49,53,56,79,83,86,99,102,106" machi="49" ten="30,3900,0" yaku="1,1,7,1,52,1,53,0" doraHai="52" doraHaiUra="122" who="3" fromWho="2" sc="250,0,250,0,270,-39,220,49" /><INIT seed="2,0,0,2,1,8" ten="250,250,231,269" oya="2" hai0="131,84,28,45,25,101,48,70,3,14,20,85,26" hai1="68,69,126,72,97,109,79,44,87,5,2,34,93" hai2="121,57,71,39,18,6,50,59,27,58,83,4,120" hai3="13,105,112,81,11,75,46,37,115,92,110,119,132"/><V135/><F71/><W129/><G105/><T9/><D131/><U100/><E109/><V16/><F39/><W63/><G119/><T51/><D70/><U52/><E34/><V30/><F135/><W76/><G110/><T104/><D3/><U31/><E31/><V22/><F83/><W73/><G129/><T96/><D26/><U86/><E126/><V43/><F121/><W78/><G132/><T127/><D127/><U80/><E2/><V65/><F65/><W82/><G92/><T118/><D118/><U19/><E5/><N who="2" m="2155" /><F120/><W24/><G24/><T102/><D102/><U117/><E117/><V103/><F103/><W53/><G63/><T47/><D51/><U89/><E87/><V88/><F88/><W54/><G37/><T128/><D47/><AGARI ba="0,0" hai="16,18,22,27,30,43,47,50,57,58,59" m="2155" machi="47" ten="30,2900,0" yaku="8,1,54,1" doraHai="8" who="2" fromWho="0" sc="250,-29,250,0,231,29,269,0" /><INIT seed="2,1,0,0,4,77" ten="221,250,260,269" oya="2" hai0="105,43,117,122,57,41,29,35,134,110,76,60,78" hai1="118,39,21,100,74,23,66,10,119,45,114,132,2" hai2="51,70,93,34,124,50,130,47,19,126,31,58,125" hai3="26,99,121,44,8,88,106,103,109,102,83,16,68"/><V18/><F70/><W62/><G121/><T11/><D105/><U22/><E114/><V97/><F130/><W113/><G109/><T87/><D122/><U86/><E100/><V92/><F58/><W72/><G113/><T75/><D75/><U85/><E132/><V40/><F51/><W32/><G103/><T98/><D110/><U56/><E74/><V120/><F120/><W69/><G44/><T131/><D134/><U73/><E73/><V54/><F54/><W81/><G32/><T17/><D117/><U61/><E86/><V104/><F104/><W7/><G72/><T0/><D98/><U38/><E38/><V59/><F59/><W94/><G69/><T33/><D131/><U24/><E24/><N who="2" m="18791" /><F93/><W1/><G62/><T37/><D37/><U90/><E45/><V3/><F3/><W67/><G67/><T63/><D63/><U25/><E39/><V55/><F40/><W91/><G68/><T96/><D96/><U89/><E25/><V80/><F80/><W4/><G1/><T101/><D41/><U36/><E36/><V135/><F135/><W123/><G123/><T95/><D43/><U127/><E56/><V84/><F84/><W107/><G106/><T53/><D0/><U116/><E85/><V12/><F12/><N who="3" m="7175" /><G26/><N who="0" m="18615" /><D35/><U111/><E111/><V27/><F27/><W128/><G128/><T6/><D60/><U15/><E116/><V65/><F65/><W108/><G108/><T13/><D57/><N who="1" m="37167" /><E118/><V9/><F9/><W115/><G115/><T46/><D87/><U48/><E119/><V112/><F112/><W64/><G64/><RYUUKYOKU ba="1,0" sc="221,-10,250,-10,260,30,269,-10" hai2="18,19,47,50,55,92,97,124,125,126" /><INIT seed="2,2,0,5,3,35" ten="211,240,290,259" oya="2" hai0="34,19,44,6,67,131,1,78,53,12,111,90,52" hai1="87,30,62,14,21,58,94,96,127,105,123,95,72" hai2="122,61,0,121,31,51,28,125,89,114,83,112,57" hai3="133,110,47,79,118,3,113,37,29,42,128,25,54"/><V10/><F51/><W24/><G118/><T92/><D111/><U49/><E72/><V13/><F89/><W59/><G110/><T77/><D34/><U107/><E127/><V97/><F83/><W38/><G133/><T11/><D67/><U50/><E87/><V104/><F97/><W135/><G135/><T40/><D131/><U36/><E36/><V124/><F104/><W18/><G128/><T86/><D77/><U4/><E94/><V80/><F80/><W129/><G129/><T102/><D102/><U109/><E123/><N who="2" m="47115" /><F57/><W66/><G113/><N who="2" m="43625" /><F61/><W108/><G108/><T15/><D78/><U33/><E50/><V8/><F0/><W98/><G38/><T32/><D32/><U70/><E49/><V101/><F101/><W117/><G66/><T46/><D1/><U93/><E96/><V103/><F103/><W132/><G79/><T100/><D100/><U81/><E58/><V16/><F8/><W71/><G98/><T88/><D90/><U69/><E81/><V99/><F99/><W115/><G115/><T126/><D40/><U116/><E105/><V84/><F84/><W120/><G120/><T75/><D75/><U60/><E107/><V23/><F10/><W134/><G3/><T82/><D92/><U65/><E93/><V27/><F28/><W64/><G29/><T7/><D82/><U26/><E95/><V48/><F48/><N who="3" m="31175" /><G134/><T74/><D74/><U76/><E109/><V91/><F91/><W22/><G132/><T41/><D88/><U2/><E2/><V130/><F130/><W9/><G9/><T106/><D11/><RYUUKYOKU ba="2,0" sc="211,-10,240,-10,290,30,259,-10" hai2="13,16,23,27,31,124,125" /><INIT seed="2,3,0,2,5,113" ten="201,230,320,249" oya="2" hai0="71,32,73,112,66,118,95,2,23,106,126,94,134" hai1="24,133,103,20,81,92,29,52,115,131,28,48,9" hai2="14,46,49,19,124,50,26,98,97,78,109,31,82" hai3="88,67,104,0,107,121,51,83,33,64,65,72,61"/><V16/><F124/><W38/><G38/><T62/><RYUUKYOKU type="yao9" ba="3,0" sc="201,0,230,0,320,0,249,0" hai0="2,23,32,62,66,71,73,94,95,106,112,118,126,134" /><INIT seed="2,4,0,5,0,71" ten="201,230,320,249" oya="2" hai0="17,21,56,42,120,11,63,47,33,64,67,127,19" hai1="7,26,78,43,118,128,80,34,113,29,9,20,14" hai2="117,115,84,119,91,132,40,94,48,130,122,41,116" hai3="38,87,102,3,123,134,96,75,16,28,51,44,52"/><V97/><F115/><W106/><G75/><T93/><D127/><U5/><E113/><V135/><F122/><W59/><G123/><T45/><D33/><U131/><E43/><V4/><F130/><N who="1" m="49705" /><E80/><V81/><F4/><N who="1" m="1609" /><E78/><V24/><F24/><W15/><G3/><T92/><D67/><U69/><E69/><V32/><F32/><W109/><G109/><T66/><D64/><U49/><E49/><V110/><F110/><W53/><G134/><N who="2" m="51241" /><F48/><W103/><G28/><T111/><D111/><U68/><E68/><V25/><F25/><W126/><G126/><T70/><D70/><U39/><E39/><V23/><F23/><W100/><G87/><T8/><D120/><U104/><E104/><V1/><F1/><W46/><G46/><N who="0" m="17419" /><D42/><U85/><E85/><V35/><F35/><W65/><G65/><T124/><D124/><U74/><E74/><V108/><F108/><W2/><G2/><T62/><D62/><U77/><E77/><AGARI ba="4,0" hai="40,41,77,81,84,91,94,97,116,117,119" m="51241" machi="77" ten="40,2000,0" yaku="20,1" doraHai="71" who="2" fromWho="1" sc="201,0,230,-32,320,32,249,0" /><INIT seed="2,5,0,2,1,90" ten="201,198,352,249" oya="2" hai0="17,121,88,34,89,66,23,122,18,20,130,80,67" hai1="35,110,113,30,33,128,114,69,62,117,85,127,24" hai2="29,11,58,118,124,97,78,73,56,46,6,109,77" hai3="41,50,84,131,25,116,14,79,26,42,27,48,106"/><V13/><F118/><W40/><G116/><T68/><D80/><U100/><E117/><V64/><F124/><W82/><G106/><T2/><D34/><U44/><E127/><V96/><F109/><W111/><G131/><T47/><D47/><U3/><E3/><V93/><F73/><W86/><G111/><T54/><D54/><U43/><E128/><V4/><F4/><W36/><G36/><T39/><D130/><U135/><E135/><V52/><F29/><W57/><G57/><N who="2" m="22121" /><F97/><W15/><REACH who="3" step="1"/><G86/><REACH who="3" ten="201,198,352,239" step="2"/><T83/><D68/><U51/><E110/><V105/><F105/><W9/><G9/><T102/><D39/><U91/><E85/><V49/><F64/><W65/><G65/><T55/><D66/><U72/><E114/><V108/><F108/><W7/><G7/><T70/><D67/><U81/><E113/><V32/><F32/><W0/><G0/><T53/><D70/><U61/><E69/><V132/><F132/><W10/><G10/><T129/><D129/><U119/><E35/><V104/><F104/><W120/><G120/><T21/><D2/><U16/><E119/><V76/><F76/><W107/><G107/><T133/><D133/><U12/><E72/><V125/><F125/><W74/><G74/><T71/><D71/><U92/><E33/><V99/><F99/><W63/><G63/><T22/><D122/><U126/><E62/><V75/><F75/><W59/><G59/><T31/><D121/><U19/><E61/><V123/><F123/><W37/><G37/><T134/><D134/><U45/><E126/><V95/><F96/><RYUUKYOKU ba="5,1" sc="201,-15,198,-15,352,15,239,15" hai2="6,11,13,46,49,52,77,78,93,95" hai3="14,15,25,26,27,40,41,42,48,50,79,82,84" /><INIT seed="2,6,1,5,1,52" ten="186,183,367,254" oya="2" hai0="20,98,33,88,73,122,113,95,40,7,94,90,124" hai1="26,110,67,128,39,48,131,126,5,41,115,64,107" hai2="8,99,47,84,123,57,96,54,65,127,120,60,59" hai3="34,58,31,111,75,76,23,22,121,130,13,103,49"/><V85/><F47/><W105/><G121/><T91/><D113/><U93/><E110/><V72/><F72/><W133/><G111/><T77/><D122/><U78/><E107/><V69/><F123/><W119/><G119/><T118/><D33/><U97/><E115/><V55/><F120/><W35/><G133/><T28/><D118/><U11/><E39/><V1/><F127/><W61/><G130/><T50/><D124/><U109/><E26/><V104/><F69/><W30/><G35/><T10/><D77/><U56/><E78/><V25/><F25/><W3/><G3/><T82/><D73/><U117/><E117/><V62/><F65/><W44/><G34/><T42/><D82/><U79/><E79/><V106/><F8/><W132/><G132/><T15/><D28/><U87/><E87/><V116/><F116/><W63/><G105/><T46/><D20/><U32/><E32/><V43/><F43/><W71/><G23/><T129/><D129/><N who="1" m="49739" /><E41/><V92/><F92/><W16/><G22/><T37/><D40/><U18/><E18/><V45/><F45/><W21/><G44/><T83/><D83/><U2/><E126/><V6/><F6/><W24/><G16/><T0/><D37/><U70/><E70/><V4/><F4/><W36/><G71/><T74/><D74/><U134/><E134/><V108/><F108/><W68/><G68/><T89/><REACH who="0" step="1"/><D0/><AGARI ba="6,1" hai="0,1,54,55,57,59,60,62,84,85,96,99,104,106" machi="0" ten="25,9600,0" yaku="22,2,52,2" doraHai="52" who="2" fromWho="0" sc="186,-114,183,0,367,124,254,0" /><INIT seed="2,7,0,0,2,121" ten="72,183,491,254" oya="2" hai0="109,110,120,57,96,34,125,22,112,114,5,10,100" hai1="59,86,95,29,79,127,104,63,18,62,56,80,132" hai2="122,83,98,11,101,32,41,64,1,93,106,107,17" hai3="46,0,73,30,44,48,9,23,94,118,67,92,115"/><V61/><F122/><W77/><G118/><T60/><D34/><U54/><E127/><V27/><F41/><W99/><G115/><T65/><D120/><U103/><E132/><V2/><F83/><W85/><G73/><T26/><D125/><U78/><E29/><V39/><F39/><W45/><G67/><T69/><D69/><U14/><E104/><V88/><F106/><W51/><G0/><T21/><D114/><U33/><E33/><V119/><F119/><W113/><G9/><T81/><D81/><U97/><E86/><V15/><F27/><N who="3" m="16767" /><G113/><T123/><D123/><U53/><REACH who="1" step="1"/><E80/><REACH who="1" ten="72,173,491,254" step="2"/><V72/><F32/><W124/><G124/><T43/><D112/><U38/><E38/><V70/><F72/><W90/><G77/><T111/><D26/><U82/><E82/><V129/><F129/><W40/><G85/><AGARI ba="7,1" hai="1,2,11,15,17,61,64,70,85,88,93,98,101,107" machi="85" ten="30,2900,0" yaku="7,1,54,1" doraHai="121" who="2" fromWho="3" sc="72,0,173,0,491,60,254,-50" /><INIT seed="2,8,0,0,1,88" ten="72,173,551,204" oya="2" hai0="96,81,4,5,29,76,123,46,115,24,119,36,68" hai1="111,41,128,14,109,84,79,120,12,54,85,55,40" hai2="56,28,18,30,90,131,121,86,9,6,97,38,82" hai3="57,89,69,22,52,70,62,129,59,73,13,31,103"/><V104/><F121/><W15/><G73/><T99/><D119/><U37/><E79/><V63/><F38/><W108/><G108/><T66/><D115/><U74/><E128/><V32/><F131/><W124/><G129/><T44/><D123/><U95/><E37/><V10/><F18/><W20/><G124/><T87/><D68/><U100/><E100/><V77/><F32/><W114/><G114/><T113/><D66/><U35/><E120/><V43/><F43/><W23/><G70/><T33/><D113/><U102/><E102/><V94/><F104/><W51/><G69/><T19/><D19/><U72/><E35/><V126/><F126/><W27/><G103/><T7/><REACH who="0" step="1"/><D36/><REACH who="0" ten="62,173,551,204" step="2"/><U49/><E111/><V135/><F135/><W16/><G16/><T61/><D61/><U80/><E109/><V75/><F75/><W0/><G62/><T17/><D17/><U118/><E118/><V45/><F45/><AGARI ba="8,1" hai="4,5,7,24,29,33,44,45,46,76,81,87,96,99" machi="45" ten="40,1300,0" yaku="1,1,53,0" doraHai="88" doraHaiUra="50" who="0" fromWho="2" sc="62,47,173,0,551,-37,204,0" /><INIT seed="3,0,0,4,4,84" ten="109,173,514,204" oya="3" hai0="67,20,83,89,19,111,80,65,41,54,134,116,119" hai1="53,21,37,57,70,0,58,113,121,27,32,51,109" hai2="131,118,125,117,104,8,59,13,96,66,69,31,15" hai3="10,16,24,123,22,99,71,106,112,28,38,5,114"/><W4/><G38/><T110/><D41/><U7/><E109/><N who="0" m="41481" /><D54/><U25/><E70/><V2/><F69/><W92/><G123/><T132/><D20/><U3/><E113/><V29/><F2/><W39/><G39/><T77/><D19/><U81/><E37/><V75/><F75/><W44/><G71/><T130/><D130/><U49/><E81/><N who="0" m="31305" /><D77/><U87/><E32/><V18/><F104/><W64/><G106/><T86/><D65/><U91/><E7/><V107/><F107/><W122/><G64/><T74/><D67/><U23/><E53/><V90/><F66/><W9/><G122/><T30/><D30/><U56/><E121/><V128/><F131/><W101/><G28/><T93/><D74/><U17/><E0/><V85/><F31/><W124/><G44/><T6/><D6/><U11/><E3/><V33/><F29/><W102/><G5/><T78/><D78/><U35/><E35/><V133/><F128/><W50/><G4/><T42/><D42/><U36/><E36/><V60/><F33/><W26/><G22/><T47/><D47/><U88/><E11/><V68/><F68/><W12/><G9/><T72/><D72/><U61/><E23/><V129/><F8/><W63/><G10/><T46/><D46/><U103/><E21/><V43/><F129/><W1/><G1/><T45/><D45/><U48/><E17/><V14/><F18/><W76/><G16/><T95/><D95/><U79/><E79/><V108/><F108/><W105/><G76/><T82/><N who="0" m="31313" /><T94/><DORA hai="97" /><D94/><U40/><E40/><RYUUKYOKU ba="0,0" sc="109,30,173,-10,514,-10,204,-10" hai0="86,89,93,116,119,132,134" /><INIT seed="4,1,0,3,5,131" ten="139,163,504,194" oya="0" hai0="78,58,10,109,123,5,113,7,129,44,47,116,133" hai1="43,13,35,30,36,27,75,86,65,18,99,60,24" hai2="15,29,25,76,120,92,82,23,11,19,81,55,71" hai3="101,9,42,118,8,20,98,97,132,41,110,121,2"/><T93/><D116/><U74/><E27/><V127/><F120/><W28/><G110/><T3/><D123/><U26/><E26/><V34/><F71/><W104/><G121/><T119/><D119/><U6/><E6/><V115/><F115/><W102/><G118/><T83/><D129/><U69/><E86/><V125/><F92/><W96/><G96/><T108/><D7/><U45/><REACH who="1" step="1"/><E99/><REACH who="1" ten="139,153,504,194" step="2"/><V21/><F125/><W73/><G98/><T59/><D108/><U87/><E87/><V107/><F127/><W54/><G97/><T128/><D109/><U70/><E70/><V95/><F107/><W37/><G104/><T63/><D128/><U61/><E61/><V80/><F95/><W1/><G102/><T50/><D93/><U51/><E51/><V134/><F76/><W72/><G101/><T22/><D63/><U124/><E124/><V77/><F77/><W103/><G103/><T66/><D50/><U62/><E62/><V79/><F79/><W14/><G73/><T111/><D111/><U94/><E94/><V91/><F82/><W117/><G72/><T52/><D83/><U90/><E90/><V39/><F91/><W53/><G117/><T135/><D78/><U122/><E122/><V31/><F81/><W57/><G37/><T112/><D5/><U105/><E105/><V126/><F39/><W88/><G88/><T17/><D112/><U32/><E32/><V89/><F80/><W64/><G1/><T85/><D113/><U16/><E16/><V4/><F89/><W0/><G2/><T67/><D3/><U33/><E33/><RYUUKYOKU ba="1,1" sc="139,-10,153,30,504,-10,194,-10" hai1="13,18,24,30,35,36,43,45,60,65,69,74,75" /><INIT seed="5,2,1,2,0,58" ten="129,183,494,184" oya="1" hai0="59,129,112,49,131,34,5,53,121,94,20,2,110" hai1="46,134,43,118,3,105,45,111,67,47,11,60,25" hai2="73,102,116,36,30,62,89,64,32,107,26,113,72" hai3="7,38,68,12,66,35,23,133,65,50,8,56,52"/><U77/><E118/><V123/><F116/><W6/><G35/><T75/><D34/><U88/><E105/><V104/><F123/><W29/><G38/><T126/><D110/><U15/><E3/><V61/><F89/><W93/><G133/><T130/><D75/><U17/><E134/><V74/><F113/><W57/><G68/><T117/><D117/><U132/><E132/><V96/><F36/><W24/><G6/><T19/><D112/><U55/><E77/><V9/><F107/><W101/><G57/><T83/><D121/><U135/><E135/><V31/><F31/><W22/><G23/><T91/><D83/><U41/><E55/><V109/><F109/><W90/><REACH who="3" step="1"/><G101/><REACH who="3" ten="129,183,494,174" step="2"/><T81/><D5/><U76/><E111/><V1/><F64/><W27/><G27/><T33/><D33/><U21/><E76/><V128/><F32/><W0/><G0/><T124/><D2/><U106/><E106/><V86/><F1/><W115/><G115/><T85/><REACH who="0" step="1"/><D81/><REACH who="0" ten="119,183,494,174" step="2"/><U10/><E10/><V69/><F9/><W18/><G18/><T97/><D97/><AGARI ba="2,3" hai="7,8,12,22,24,29,50,52,56,65,66,90,93,97" machi="97" ten="30,7700,0" yaku="1,1,7,1,8,1,54,1,53,0" doraHai="58" doraHaiUra="99" who="3" fromWho="0" sc="119,-83,183,0,494,0,174,113" /><INIT seed="6,0,0,0,0,44" ten="36,183,494,287" oya="2" hai0="107,45,64,40,127,30,3,17,125,86,52,130,2" hai1="78,33,128,103,46,56,99,50,131,16,62,37,121" hai2="70,93,26,88,113,96,132,135,89,11,55,76,0" hai3="114,53,38,23,80,101,102,60,122,116,15,39,109"/><V83/><F70/><W36/><G109/><T98/><D64/><U7/><E33/><V77/><F113/><W108/><G108/><T29/><D86/><U68/><E7/><V66/><F66/><W90/><G116/><T57/><D17/><U95/><E78/><V75/><F26/><W105/><G122/><T73/><D73/><U20/><E37/><V6/><F76/><W65/><G114/><T61/><D130/><U94/><E94/><V91/><REACH who="2" step="1"/><F55/><REACH who="2" ten="36,183,484,287" step="2"/><W72/><G53/><T133/><D133/><AGARI ba="0,1" hai="0,6,11,75,77,83,88,89,91,93,96,132,133,135" machi="133" ten="40,12000,1" yaku="1,1,2,1,20,1,54,1,53,0" doraHai="44" doraHaiUra="10" who="2" fromWho="0" sc="36,-120,183,0,484,130,287,0" owari="-84,-58.4,183,-21.7,614,71.4,287,8.7" /></mjloggm>