<mjloggm ver="2.3"><GO type="169" lobby="0"/><UN n0="%41%6E%73%6F%6E%4C%61%6D" n1="%E7%9C%9F%E4%B8%80" n2="%E5%B8%B0%E3%82%8A%E3%81%9F%E3%81%84%E3%80%82" n3="%50%73%79%63%68%65" dan="16,16,16,16" rate="2101.91,2170.67,2189.04,2119.17" sx="M,M,M,M"/><TAIKYOKU oya="0"/><INIT seed="0,0,0,4,1,57" ten="250,250,250,250" oya="0" hai0="49,9,77,14,105,113,130,124,31,102,48,61,94" hai1="36,16,29,101,13,60,5,23,112,22,0,78,91" hai2="17,133,6,135,43,132,96,8,53,3,84,117,1" hai3="18,81,111,127,52,51,34,72,98,37,115,62,50"/><T114/><D124/><U123/><E123/><V33/><F117/><W67/><G37/><T126/><D126/><U89/><E112/><V104/><F33/><W30/><G127/><T35/><D130/><U106/><E36/><V64/><F43/><W41/><G115/><T54/><D105/><U15/><E0/><V90/><F64/><W24/><G111/><T121/><D77/><U10/><E78/><V70/><F70/><W100/><G41/><T93/><D121/><U92/><E106/><V99/><F1/><W2/><G2/><T27/><D114/><U44/><E44/><V107/><F17/><W58/><G18/><T88/><D102/><U85/><E101/><V59/><F104/><W40/><G40/><T45/><D94/><U82/><E60/><N who="2" m="35951" /><F107/><W42/><G42/><T97/><D45/><U39/><E39/><V125/><F125/><W76/><REACH who="3" step="1"/><G67/><REACH who="3" ten="250,250,250,240" step="2"/><T21/><D113/><U19/><E29/><V68/><F68/><W66/><G66/><T87/><D97/><U131/><E131/><V46/><F46/><W7/><G7/><N who="0" m="3391" /><D35/><U11/><E5/><V63/><F99/><AGARI ba="0,1" hai="10,11,13,15,16,19,22,23,82,85,89,91,92,99" machi="99" ten="30,7700,0" yaku="7,1,9,1,8,1,54,1" doraHai="57" who="1" fromWho="2" sc="250,0,250,87,250,-77,240,0" /><INIT seed="1,0,0,1,0,17" ten="250,337,173,240" oya="1" hai0="59,71,23,103,80,114,45,126,72,9,84,132,127" hai1="66,48,97,78,116,3,39,51,20,28,74,85,90" hai2="95,64,110,62,86,21,0,88,19,31,22,57,122" hai3="124,42,54,70,7,63,1,60,46,121,25,129,92"/><U47/><E116/><V119/><F119/><W91/><G121/><T27/><D114/><U106/><E3/><V75/><F122/><W96/><G129/><T77/><D71/><U49/><E66/><V133/><F110/><W105/><G105/><T99/><D132/><U112/><E112/><V52/><F0/><W111/><G111/><T53/><D9/><U2/><E2/><V43/><F75/><W117/><G117/><T109/><D45/><U135/><E135/><V58/><F43/><W50/><G124/><T68/><D72/><U73/><E78/><V26/><F133/><W79/><G79/><T34/><D68/><U87/><E87/><V120/><F120/><W130/><G130/><T98/><D34/><U101/><E39/><V81/><F81/><W16/><G70/><T37/><D37/><U11/><E11/><V93/><F93/><W33/><G33/><T13/><D13/><U15/><E47/><V102/><F102/><W41/><G7/><T128/><D128/><U56/><E56/><N who="2" m="35079" /><F64/><W30/><G1/><T83/><D83/><U35/><E35/><V104/><F104/><W5/><G5/><T29/><D109/><U113/><E113/><V107/><F107/><W123/><G123/><T40/><D40/><N who="3" m="15465" /><G30/><T6/><D6/><U61/><E28/><V38/><F38/><W10/><G10/><T131/><D131/><U32/><E32/><V76/><F76/><W36/><G36/><T14/><D127/><U18/><E61/><V115/><F115/><W108/><G108/><T125/><D126/><U69/><E69/><V4/><F4/><RYUUKYOKU ba="0,0" sc="250,-30,337,10,173,10,240,10" hai1="15,18,20,48,49,51,73,74,85,90,97,101,106" hai2="19,21,22,26,31,57,58,86,88,95" hai3="16,25,46,50,54,60,63,91,92,96" /><INIT seed="1,1,0,5,4,85" ten="220,347,183,250" oya="1" hai0="17,75,4,127,70,130,41,63,20,9,56,123,32" hai1="45,42,105,74,102,71,88,133,49,7,66,31,115" hai2="38,122,15,68,29,109,104,129,28,117,47,110,78" hai3="119,112,126,53,52,2,92,114,83,134,86,33,19"/><U25/><E115/><V97/><F117/><W118/><G33/><T40/><D32/><N who="1" m="20591" /><E74/><V124/><F68/><W34/><G34/><T50/><D127/><U89/><E7/><V120/><F124/><W113/><G126/><T12/><D75/><U35/><E35/><V24/><F78/><W106/><G106/><T121/><D70/><U81/><E81/><V6/><F38/><W57/><G2/><T13/><D130/><U54/><E54/><V100/><F129/><W62/><G134/><T93/><D93/><U82/><E82/><V116/><F116/><N who="3" m="44587" /><G92/><T5/><D5/><U91/><E91/><V46/><F47/><W39/><G39/><T55/><REACH who="0" step="1"/><D50/><REACH who="0" ten="210,347,183,250" step="2"/><U79/><E133/><V26/><F6/><W36/><G36/><T14/><D14/><U107/><E107/><V77/><F15/><W84/><G114/><T21/><D21/><U51/><E49/><V101/><F104/><W90/><G113/><T61/><D61/><N who="1" m="40399" /><E79/><V73/><F77/><W1/><G112/><T27/><D27/><U37/><E51/><V80/><F73/><W67/><G1/><T3/><D3/><U72/><E72/><V111/><F80/><N who="3" m="49479" /><G19/><T10/><D10/><U65/><E65/><V87/><F29/><W8/><G8/><T58/><D58/><U69/><E69/><V64/><F28/><W18/><G18/><T11/><D11/><U94/><E94/><N who="2" m="58423" /><F64/><W59/><G59/><T48/><D48/><U125/><E125/><V131/><F131/><W132/><G132/><T76/><D76/><AGARI ba="1,1" hai="52,53,57,62,67,76,83,84" m="49479,44587" machi="76" ten="30,3900,0" yaku="12,1,52,1,54,1" doraHai="85" who="3" fromWho="0" sc="210,-42,347,0,183,0,250,52" /><INIT seed="2,0,0,1,3,58" ten="168,347,183,302" oya="2" hai0="5,55,68,52,1,85,130,6,71,4,78,127,24" hai1="48,118,84,69,123,32,129,15,86,121,64,35,13" hai2="96,22,97,57,98,117,41,14,0,132,33,42,45" hai3="47,79,67,74,90,46,27,49,108,61,125,63,124"/><V51/><F117/><W120/><G120/><N who="1" m="46154" /><E118/><V76/><F132/><W21/><G108/><T2/><D127/><N who="3" m="48713" /><G67/><T73/><D130/><U80/><E129/><V29/><F0/><W16/><G90/><T109/><D73/><U72/><E72/><V28/><F76/><W9/><G9/><T17/><D109/><U106/><E106/><V101/><F41/><N who="3" m="24815" /><G46/><T113/><D113/><U60/><E48/><V34/><F33/><N who="1" m="12873" /><E86/><V19/><F34/><W18/><G18/><T89/><D78/><AGARI ba="0,0" hai="13,15,60,64,69,78,80,84" m="12873,46154" machi="78" ten="30,2000,0" yaku="13,1,52,1" doraHai="58" who="1" fromWho="0" sc="168,-20,347,20,183,0,302,0" /><INIT seed="3,0,0,3,5,30" ten="148,367,183,302" oya="3" hai0="6,47,12,133,70,107,83,125,24,75,58,96,26" hai1="99,128,40,60,67,0,123,87,13,79,85,64,3" hai2="134,41,1,10,46,73,116,124,21,81,35,93,49" hai3="23,52,56,101,27,117,34,9,62,122,16,39,50"/><W71/><G117/><T43/><D70/><U68/><E123/><V90/><F116/><W44/><G122/><T28/><D125/><U126/><E126/><V80/><F124/><W54/><G101/><T115/><D133/><U131/><E40/><V92/><F134/><W78/><G78/><T130/><D130/><N who="1" m="49707" /><E67/><V61/><F35/><W45/><G71/><T15/><D58/><U98/><E13/><V104/><F104/><W95/><G95/><T84/><D75/><U110/><E110/><V106/><F106/><W112/><G112/><T38/><D6/><U20/><E20/><V76/><F21/><W77/><G77/><T129/><D115/><U5/><E5/><V63/><F81/><W91/><G91/><T11/><D11/><U59/><E68/><V74/><F93/><W118/><G118/><T114/><D114/><U17/><E17/><V31/><F31/><W65/><G9/><T7/><D7/><U89/><E87/><V29/><F29/><W37/><G34/><T111/><D28/><U42/><E42/><V119/><F74/><W94/><G94/><T103/><D111/><U4/><E79/><V72/><F73/><W82/><G82/><T132/><D132/><U33/><E33/><V19/><F1/><N who="1" m="585" /><E4/><V88/><F90/><W109/><G109/><T18/><D129/><U2/><E2/><V135/><F135/><W69/><G69/><T55/><D15/><U102/><E102/><V127/><F127/><W100/><G100/><T86/><D103/><U25/><E25/><V8/><F119/><W121/><G121/><T14/><D26/><RYUUKYOKU ba="0,0" sc="148,-15,367,15,183,-15,302,15" hai1="59,60,64,85,89,98,99" hai3="16,23,27,37,39,44,45,50,52,54,56,62,65" /><INIT seed="3,1,0,2,3,40" ten="133,382,168,317" oya="3" hai0="93,56,7,82,78,76,132,64,41,75,119,65,101" hai1="69,60,70,48,109,29,71,30,62,79,107,113,120" hai2="3,36,131,125,68,20,19,133,53,17,112,52,57" hai3="35,8,130,10,91,24,6,87,103,43,27,34,44"/><W80/><G130/><T104/><D119/><U99/><E113/><V124/><F112/><W46/><G103/><T18/><D132/><U22/><E120/><V128/><F68/><W28/><G43/><T38/><D7/><U15/><E109/><V25/><F3/><W127/><G127/><N who="2" m="48713" /><F36/><W129/><G129/><N who="2" m="49737" /><F133/><W77/><G77/><T122/><D78/><U110/><E79/><V108/><F108/><W37/><G37/><T11/><D38/><U31/><E110/><V51/><F53/><W81/><G81/><T47/><D82/><U21/><E15/><V123/><F123/><W72/><G72/><T9/><D122/><U50/><E107/><V118/><F118/><W45/><G6/><T73/><D75/><U13/><E13/><V84/><F84/><W54/><G54/><T88/><D73/><U59/><E99/><V105/><F105/><W115/><G115/><T89/><D104/><U96/><E96/><V121/><F121/><W90/><G90/><T42/><D88/><U135/><E135/><V0/><F0/><W4/><G4/><T63/><D89/><U33/><E33/><V126/><N who="2" m="48721" /><V16/><AGARI ba="1,0" hai="16,17,19,20,25,51,52,57" m="49737,48721" machi="16" ten="50,8000,1" yaku="4,1,18,1,19,1,54,2" doraHai="40" who="2" fromWho="2" sc="133,-21,382,-21,168,83,317,-41" /><INIT seed="4,0,0,1,2,13" ten="112,361,251,276" oya="0" hai0="133,50,95,91,52,101,32,65,31,72,73,44,87" hai1="18,103,35,37,80,27,123,16,100,68,135,97,106" hai2="129,131,115,42,30,134,58,108,20,47,130,94,132" hai3="117,121,83,71,113,93,7,21,81,110,36,11,9"/><T48/><D133/><N who="2" m="51306" /><F108/><W57/><G71/><T55/><D101/><U40/><E135/><V8/><F94/><W88/><G36/><T56/><REACH who="0" step="1"/><D65/><REACH who="0" ten="102,361,251,276" step="2"/><U92/><E103/><V84/><F129/><W69/><G110/><T128/><D128/><U29/><E123/><V24/><F131/><W122/><G122/><T90/><D90/><U41/><E100/><V126/><F130/><W59/><G121/><T6/><D6/><U104/><E104/><V77/><F115/><W10/><G7/><T19/><D19/><U46/><E106/><V109/><F109/><W64/><G113/><T26/><AGARI ba="0,1" hai="26,31,32,44,48,50,52,55,56,72,73,87,91,95" machi="26" ten="30,6000,0" yaku="1,1,0,1,54,1,53,0" doraHai="13" doraHaiUra="60" who="0" fromWho="0" sc="102,70,361,-20,251,-20,276,-20" /><INIT seed="4,1,0,2,2,130" ten="172,341,231,256" oya="0" hai0="90,95,119,126,2,29,45,127,122,12,125,82,76" hai1="32,107,30,37,86,62,96,103,91,70,121,89,74" hai2="39,128,134,10,98,14,9,17,116,135,106,72,44" hai3="31,117,102,85,93,13,55,80,100,101,50,18,113"/><T40/><D2/><U66/><E74/><V33/><F33/><W88/><G117/><T24/><D119/><U52/><E121/><V3/><F116/><W59/><G113/><T123/><D12/><U115/><E37/><V41/><F128/><W104/><G104/><T63/><D63/><U114/><E52/><V87/><F72/><W68/><G68/><T60/><D60/><U46/><E46/><V54/><F87/><W15/><G31/><T23/><D76/><U28/><E28/><V133/><F54/><W108/><G108/><T1/><D82/><U8/><E8/><N who="2" m="6343" /><F3/><W53/><G53/><T51/><REACH who="0" step="1"/><D1/><REACH who="0" ten="162,341,231,256" step="2"/><U6/><E62/><V20/><F20/><N who="3" m="11359" /><G13/><T73/><D73/><U83/><E83/><AGARI ba="1,1" hai="50,55,59,80,83,85,88,93,100,101,102" m="11359" machi="83" ten="30,3900,0" yaku="25,1,8,1,54,1" doraHai="130" who="3" fromWho="1" sc="162,0,341,-42,231,0,256,52" /><INIT seed="5,0,0,1,2,68" ten="162,299,231,308" oya="1" hai0="101,52,54,40,83,38,61,43,70,117,12,108,46" hai1="35,96,98,48,42,62,13,2,72,53,63,94,74" hai2="30,110,111,39,91,124,130,11,10,28,50,44,105" hai3="41,73,115,102,134,86,131,0,90,128,121,21,85"/><U27/><E2/><V65/><F105/><W37/><G121/><T6/><D108/><U88/><E42/><V29/><F124/><W82/><G0/><T113/><D117/><U122/><E122/><V14/><F130/><N who="3" m="49707" /><G115/><T16/><D101/><U67/><E13/><V60/><F39/><W127/><G127/><T25/><D113/><U133/><E133/><V47/><F10/><W17/><G102/><T23/><D43/><U49/><E49/><V55/><F47/><N who="3" m="23983" /><G134/><T69/><D83/><U77/><E98/><V120/><F120/><W3/><G3/><T76/><D76/><U64/><E77/><V80/><F80/><W99/><G73/><T97/><D97/><U45/><E62/><V9/><F9/><W59/><G59/><T84/><D84/><U78/><E67/><V1/><F91/><W8/><G8/><T7/><D12/><U15/><E78/><V114/><F1/><W132/><G132/><T135/><D135/><U126/><E15/><V58/><REACH who="2" step="1"/><F114/><REACH who="2" ten="162,299,221,308" step="2"/><W112/><G112/><T26/><D26/><U75/><E126/><V125/><F125/><W104/><G82/><T22/><D38/><U57/><REACH who="1" step="1"/><E74/><REACH who="1" ten="162,289,221,308" step="2"/><V18/><AGARI ba="0,2" hai="11,14,18,28,29,30,44,50,55,58,60,65,110,111" machi="18" ten="30,2000,0" yaku="1,1,0,1,53,0" doraHai="68" doraHaiUra="34" who="2" fromWho="2" sc="162,-5,289,-10,221,40,308,-5" /><INIT seed="6,0,0,0,5,0" ten="157,279,261,303" oya="2" hai0="26,98,60,14,1,94,120,47,75,65,10,52,28" hai1="37,41,85,80,6,74,135,45,46,122,3,32,128" hai2="22,30,82,118,67,121,119,44,19,110,89,115,24" hai3="127,81,56,2,113,54,64,38,100,55,76,87,71"/><V69/><F121/><W109/><G38/><T104/><D120/><U132/><E122/><V4/><F115/><W114/><G109/><T61/><D104/><U133/><E128/><V51/><F110/><W107/><G71/><T20/><D75/><U63/><E63/><V125/><F125/><W83/><G127/><T7/><D1/><U15/><E46/><V88/><F4/><W31/><G31/><T5/><D65/><U40/><E41/><V106/><F106/><W25/><G25/><T57/><D61/><U73/><E15/><V131/><F131/><W103/><G2/><T43/><D10/><N who="1" m="2399" /><E32/><V123/><F123/><W29/><G29/><T95/><D14/><U62/><E62/><V59/><F59/><W134/><G64/><T49/><D95/><U92/><E92/><V70/><F67/><W23/><G23/><T27/><D27/><U102/><E102/><AGARI ba="0,0" hai="5,7,20,26,28,43,47,49,52,57,60,94,98,102" machi="102" ten="30,8000,1" yaku="7,1,8,1,52,2,54,1" doraHai="0" who="0" fromWho="1" sc="157,80,279,-80,261,0,303,0" /><INIT seed="7,0,0,5,2,42" ten="237,199,261,303" oya="3" hai0="101,62,100,82,114,90,6,113,44,93,0,13,12" hai1="116,26,86,135,57,54,7,87,75,84,104,99,53" hai2="41,9,8,134,16,48,103,123,69,68,65,73,130" hai3="34,122,94,11,25,111,59,15,36,88,108,74,32"/><W107/><G107/><T80/><D0/><U18/><E75/><V10/><F73/><W24/><G36/><T22/><D62/><U112/><E112/><N who="0" m="43113" /><D13/><U118/><E135/><V52/><F41/><W35/><G74/><T120/><D120/><U51/><E7/><V4/><F4/><N who="3" m="3559" /><G59/><T76/><D76/><U27/><E54/><V119/><F119/><N who="1" m="45609" /><E18/><V77/><F77/><W124/><G124/><T91/><D44/><U2/><E2/><V71/><F65/><W49/><G49/><T121/><D121/><U61/><E61/><V39/><F39/><W92/><G122/><T106/><D106/><U43/><E43/><V28/><F134/><W37/><G37/><T105/><D105/><U30/><E30/><V79/><F28/><W64/><G64/><T60/><D60/><U33/><E33/><V20/><F123/><W47/><G47/><T85/><D6/><U133/><E133/><V46/><F46/><W31/><G31/><T97/><D80/><U131/><E131/><V128/><F130/><W14/><G14/><T132/><D132/><U72/><E72/><V102/><F128/><W78/><G78/><T126/><D126/><U23/><E23/><V1/><F79/><W21/><G21/><T3/><D3/><U56/><E56/><N who="2" m="32775" /><F1/><W19/><G19/><AGARI ba="0,0" hai="12,19,22,82,85,90,91,93,97,100,101" m="43113" machi="19" ten="30,2000,0" yaku="15,1,11,1" doraHai="42" who="0" fromWho="3" sc="237,20,199,0,261,0,303,-20" /><INIT seed="8,0,0,5,4,54" ten="257,199,261,283" oya="0" hai0="90,69,99,77,41,107,97,59,42,111,58,101,92" hai1="27,108,0,105,8,109,28,66,119,25,49,130,2" hai2="81,26,82,30,34,75,6,102,20,118,112,86,63" hai3="4,76,116,36,47,114,32,70,46,121,115,65,61"/><T1/><D69/><U31/><E105/><V85/><F112/><W3/><G32/><T37/><D1/><N who="1" m="619" /><E66/><V68/><F75/><W11/><G116/><T50/><D111/><N who="1" m="42571" /><E49/><V53/><F6/><W62/><G121/><T17/><D77/><U60/><E60/><V22/><F102/><W7/><G7/><T24/><D37/><U125/><E119/><V15/><F15/><W84/><G62/><T57/><REACH who="0" step="1"/><D50/><REACH who="0" ten="247,199,261,283" step="2"/><U9/><E130/><V45/><F118/><W91/><G76/><T10/><D10/><N who="1" m="4203" /><E125/><V126/><F126/><W14/><G36/><T123/><D123/><U133/><E133/><V35/><F68/><W40/><G70/><T88/><D88/><U100/><E100/><V98/><F63/><W94/><G61/><T117/><D117/><U87/><E87/><V135/><F135/><W18/><G84/><T73/><D73/><U33/><E33/><V127/><F127/><W74/><G74/><T131/><D131/><U80/><E80/><V5/><F35/><W29/><G91/><T106/><D106/><U71/><E71/><V23/><F85/><W48/><G48/><T96/><D96/><U78/><E78/><V51/><F98/><W12/><G3/><T52/><D52/><U128/><E128/><V103/><F103/><W44/><G115/><T38/><D38/><U43/><E43/><V55/><F55/><W93/><G40/><T19/><D19/><U64/><E64/><V16/><F16/><W132/><G65/><T120/><D120/><U67/><E67/><V89/><F81/><W129/><G132/><T124/><D124/><RYUUKYOKU ba="0,1" sc="247,10,199,10,261,10,283,-30" hai0="17,24,41,42,57,58,59,90,92,97,99,101,107" hai1="25,27,28,31" hai2="5,20,22,23,26,30,34,45,51,53,82,86,89" /><INIT seed="8,1,1,0,1,24" ten="257,209,271,253" oya="0" hai0="1,11,134,94,133,98,35,119,103,55,130,66,39" hai1="4,105,118,46,104,93,17,28,22,125,63,120,15" hai2="107,41,45,113,62,42,27,82,60,54,132,112,80" hai3="3,79,135,64,10,40,127,13,59,121,91,71,117"/><T25/><D39/><U87/><E120/><V51/><F107/><W101/><G117/><T75/><D119/><U115/><E118/><V12/><F132/><N who="0" m="50794" /><D66/><U86/><E125/><V2/><F2/><W21/><G101/><T37/><D130/><U44/><E115/><V7/><F27/><W34/><G34/><T85/><D37/><U111/><E111/><V102/><F102/><W69/><G79/><T29/><D75/><U110/><E110/><V72/><F72/><W126/><G40/><N who="2" m="15465" /><F113/><W108/><G108/><T31/><D55/><U114/><E114/><V48/><F48/><W32/><G32/><T52/><D52/><U38/><E38/><V83/><F112/><W128/><G135/><T53/><D53/><U5/><E63/><V36/><F36/><W109/><G109/><T89/><D25/><N who="1" m="16439" /><E105/><V129/><F129/><W20/><G128/><T124/><D35/><U47/><E104/><V88/><F62/><W123/><G123/><T30/><D124/><U67/><E67/><V19/><F60/><W76/><G64/><T116/><D116/><U57/><E57/><V26/><F26/><W100/><G59/><T18/><D1/><U70/><E70/><V90/><F7/><N who="1" m="2633" /><E93/><V99/><F45/><N who="1" m="11521" /><U106/><DORA hai="122" /><E106/><V73/><F51/><W81/><G121/><T0/><D0/><U84/><E84/><N who="2" m="50183" /><F54/><W58/><G3/><T78/><D78/><U49/><E49/><V96/><F73/><W92/><G127/><T50/><D50/><U131/><E131/><V56/><F56/><W65/><G126/><T23/><D94/><U97/><E97/><RYUUKYOKU ba="1,1" sc="257,-10,209,30,271,-10,253,-10" hai1="15,17,86,87" /><INIT seed="9,2,1,1,5,97" ten="247,239,261,243" oya="1" hai0="62,127,22,75,79,3,6,17,48,102,31,41,43" hai1="55,109,36,45,94,104,19,122,74,67,116,85,26" hai2="51,38,87,1,60,59,90,34,9,82,7,37,99" hai3="112,124,126,54,53,107,123,42,25,30,84,120,21"/><U121/><E74/><V11/><F34/><W70/><G112/><T92/><D127/><N who="3" m="48681" /><G70/><T113/><D62/><U101/><E116/><V89/><F51/><W131/><G131/><T56/><D31/><U91/><E109/><V118/><F118/><W46/><G107/><T125/><D125/><U61/><E104/><V33/><F33/><W35/><G84/><T0/><D113/><U12/><E26/><V40/><F11/><W128/><G35/><T16/><D75/><U14/><E101/><V57/><F57/><W44/><G128/><T10/><D79/><U129/><E129/><V78/><F40/><W52/><G46/><T76/><D76/><U66/><E67/><V24/><F24/><W13/><G13/><T96/><D3/><U77/><E77/><V47/><F47/><W73/><G73/><T39/><D39/><AGARI ba="2,1" hai="21,25,30,39,42,44,52,53,54,120,123" m="48681" machi="39" ten="30,2000,0" yaku="18,1,54,1" doraHai="97" who="3" fromWho="0" sc="247,-26,239,0,261,0,243,36" /><INIT seed="10,0,0,0,5,96" ten="221,239,261,279" oya="2" hai0="54,6,118,107,76,40,102,98,42,135,93,3,35" hai1="73,120,97,16,123,9,1,49,78,95,19,17,32" hai2="61,83,46,38,133,28,18,126,85,101,117,116,128" hai3="7,34,39,81,132,80,10,108,51,106,2,20,89"/><V69/><F126/><W57/><G39/><T131/><D135/><U8/><E32/><V55/><F133/><W63/><G34/><T30/><D131/><U60/><E1/><V129/><F28/><W14/><G108/><T105/><D76/><U21/><E21/><V33/><F33/><W86/><G106/><T53/><D118/><N who="2" m="45674" /><F101/><W70/><G70/><T50/><D54/><U0/><E0/><V77/><F18/><W22/><G132/><T125/><D125/><U122/><E49/><N who="2" m="29111" /><F38/><W92/><G51/><T23/><D35/><U79/><E60/><V88/><F77/><N who="1" m="29193" /><E73/><V59/><F69/><W113/><G113/><T68/><D68/><U66/><E66/><AGARI ba="0,0" hai="59,61,66,83,85,88,128,129" m="29111,45674" machi="66" ten="30,2900,0" yaku="16,1,54,1" doraHai="96" who="2" fromWho="1" sc="221,0,239,-29,261,29,279,0" /><INIT seed="10,1,0,4,3,7" ten="221,210,290,279" oya="2" hai0="125,74,45,58,1,132,14,79,56,72,33,38,55" hai1="11,97,67,48,111,31,81,70,115,107,22,57,133" hai2="134,85,131,51,119,35,18,71,3,60,106,47,90" hai3="46,84,44,19,89,4,20,30,87,96,100,128,108"/><V52/><F106/><W78/><G108/><T9/><D1/><U21/><E115/><V80/><F131/><W61/><G30/><T99/><D125/><U93/><E111/><V130/><F130/><W42/><G4/><T34/><D132/><U86/><E133/><V102/><F102/><W53/><G78/><T37/><D99/><U88/><E107/><V69/><F3/><W59/><G128/><T13/><D79/><U109/><E109/><V117/><F35/><W12/><G89/><T105/><D105/><U39/><E39/><V127/><F127/><W123/><G123/><T82/><D55/><U10/><E70/><V113/><F113/><W16/><G19/><T40/><D45/><N who="3" m="17513" /><G42/><T75/><D75/><U0/><E0/><V23/><F134/><W73/><G73/><T17/><D17/><U5/><E5/><V6/><F6/><W103/><G96/><T41/><REACH who="0" step="1"/><D82/><REACH who="0" ten="211,210,290,279" step="2"/><U24/><E22/><V122/><F23/><W104/><G104/><T114/><D114/><U68/><E68/><V118/><F18/><W54/><G54/><T83/><D83/><U120/><E120/><V110/><F122/><W25/><G25/><T92/><D92/><U49/><E67/><N who="2" m="41191" /><F110/><W15/><G15/><T129/><D129/><U27/><E27/><V29/><F71/><W26/><G26/><T116/><D116/><U62/><E81/><V76/><F76/><W121/><G121/><T65/><D65/><N who="1" m="39119" /><E97/><V94/><F80/><W2/><G2/><T91/><D91/><U43/><E43/><V36/><F29/><W98/><G98/><T63/><D63/><RYUUKYOKU ba="1,1" sc="211,0,210,0,290,0,279,0" hai0="9,13,14,33,34,37,38,40,41,56,58,72,74" hai1="10,11,21,24,31,48,49,86,88,93" hai2="36,47,51,52,85,90,94,117,118,119" hai3="12,16,20,53,59,61,84,87,100,103" /><INIT seed="10,2,1,5,0,99" ten="211,210,290,279" oya="2" hai0="9,14,91,104,26,122,67,40,22,95,102,108,113" hai1="121,132,96,1,17,59,23,126,90,119,27,74,49" hai2="82,54,68,32,103,115,65,87,80,89,63,6,53" hai3="118,8,44,101,73,13,114,2,93,30,38,12,21"/><V124/><F115/><W57/><G73/><T78/><D113/><U116/><E126/><V16/><F32/><W11/><G114/><T43/><D108/><U107/><E132/><V58/><F103/><W117/><G2/><T81/><D122/><U7/><E74/><V112/><F112/><W48/><G38/><T28/><D67/><U55/><E121/><V42/><F6/><W39/><G39/><T41/><D104/><U24/><E24/><V94/><F42/><W66/><G13/><T72/><D102/><N who="1" m="62919" /><E90/><V77/><F68/><W62/><G12/><T88/><REACH who="0" step="1"/><D95/><REACH who="0" ten="201,210,290,279" step="2"/><U35/><E35/><V29/><F94/><W46/><G93/><T76/><D76/><U45/><E1/><V106/><F65/><W18/><G101/><T5/><AGARI ba="2,2" hai="5,9,14,22,26,28,40,41,43,72,78,81,88,91" machi="5" ten="30,4000,0" yaku="1,1,0,1,54,1,53,0" doraHai="99" doraHaiUra="31" who="0" fromWho="0" sc="201,66,210,-12,290,-22,279,-12" /><INIT seed="11,0,0,1,4,133" ten="267,198,268,267" oya="3" hai0="94,0,26,49,82,58,107,55,19,61,10,130,64" hai1="109,117,73,22,62,25,59,60,86,93,129,120,38" hai2="68,87,114,98,6,17,3,126,77,42,11,1,7" hai3="54,95,52,121,113,124,103,89,72,67,23,29,20"/><W27/><G121/><T90/><D107/><U112/><E109/><V96/><F126/><W106/><G124/><T111/><D111/><U51/><E38/><V115/><F68/><W83/><G113/><T40/><D130/><U134/><E120/><V128/><F128/><W125/><G125/><T31/><D40/><U63/><E129/><V39/><F17/><W48/><G67/><T34/><D82/><U9/><E112/><V5/><F5/><W56/><G106/><T101/><D101/><U4/><E73/><V100/><F77/><W104/><G104/><T37/><D37/><U53/><E134/><V80/><F6/><W65/><G103/><T46/><D0/><U99/><E86/><V84/><F1/><W32/><G65/><T18/><D10/><U76/><E76/><V21/><F21/><W119/><G119/><T36/><D36/><U85/><E85/><AGARI ba="0,0" hai="18,19,26,31,34,46,49,55,58,61,64,85,90,94" machi="85" ten="30,1000,0" yaku="7,1" doraHai="133" who="0" fromWho="1" sc="267,10,198,-10,268,0,267,0" owari="277,37.7,188,-31.2,268,6.8,267,-13.3" /></mjloggm>