<mjloggm ver="2.3"><GO type="169" lobby="0"/><UN n0="%73%61%6E%64%69%72%69%73" n1="%67%6F%72%64%6F%6E%31%33" n2="%E6%96%B9%E5%86%86%E8%87%AA%E5%9C%A8" n3="%E3%82%A2%E3%83%AC%E3%82%88%E3%80%81%E3%82%A2%E3%83%AC%E3%82%A2%E3%83%AC" dan="17,16,17,16" rate="2185.53,2141.47,2191.07,2107.87" sx="M,M,M,M"/><TAIKYOKU oya="0"/><INIT seed="0,0,0,2,4,102" ten="250,250,250,250" oya="0" hai0="63,70,21,83,1,8,50,4,88,116,47,27,81" hai1="98,57,122,20,13,106,78,61,120,130,111,53,24" hai2="79,99,16,124,108,62,17,93,80,23,134,18,85" hai3="101,117,91,86,89,25,30,14,113,135,76,133,131"/><T68/><D116/><U110/><E78/><V104/><F108/><N who="1" m="41513" /><E13/><V119/><F119/><W125/><G117/><T43/><D63/><U22/><E130/><V123/><F123/><N who="1" m="47145" /><E24/><V107/><F124/><W15/><G131/><T121/><D121/><U64/><E64/><V54/><F134/><W58/><G125/><T33/><D33/><U82/><E82/><V94/><F94/><W35/><G76/><T37/><D83/><U29/><E29/><V59/><REACH who="2" step="1"/><F23/><REACH who="2" ten="250,250,240,250" step="2"/><W10/><G133/><T48/><D21/><U118/><E118/><V7/><F7/><W11/><G135/><T84/><REACH who="0" step="1"/><D27/><REACH who="0" ten="240,250,240,250" step="2"/><U92/><E22/><V9/><F9/><W97/><G11/><T103/><D103/><AGARI ba="0,2" hai="16,17,18,54,59,62,79,80,85,93,99,103,104,107" machi="103" ten="40,8000,1" yaku="1,1,52,2,54,1,53,0" doraHai="102" doraHaiUra="19" who="2" fromWho="0" sc="240,-80,250,0,240,100,250,0" /><INIT seed="1,0,0,2,1,78" ten="160,250,340,250" oya="1" hai0="106,84,58,80,76,8,128,94,100,2,69,20,40" hai1="131,118,126,135,109,54,92,22,104,82,122,45,64" hai2="70,13,44,52,63,57,19,6,113,9,26,68,77" hai3="120,39,117,124,49,47,95,71,134,34,110,7,28"/><U29/><E92/><V96/><F113/><W85/><G120/><T115/><D69/><U4/><E122/><V89/><F77/><W123/><G123/><T97/><D128/><U41/><E118/><V66/><F44/><W11/><G39/><T61/><D115/><U119/><E119/><V17/><F26/><W30/><G117/><T114/><D114/><U56/><E104/><V79/><F79/><W102/><G71/><T59/><D40/><U27/><E131/><V55/><F68/><W42/><G110/><T90/><D20/><U60/><E109/><V65/><F55/><W112/><G124/><T75/><D61/><U37/><E135/><V48/><REACH who="2" step="1"/><F65/><REACH who="2" ten="160,250,330,250" step="2"/><W53/><G112/><T18/><REACH who="0" step="1"/><D18/><REACH who="0" ten="150,250,330,250" step="2"/><U10/><E126/><V101/><F101/><W25/><G102/><T121/><D121/><U24/><E29/><V46/><F46/><W132/><G28/><T21/><D21/><U43/><E22/><V38/><F38/><W133/><G133/><T127/><D127/><U116/><E116/><V50/><F50/><W16/><G16/><T99/><D99/><U0/><E37/><V103/><F103/><W35/><G132/><T1/><D1/><U67/><E45/><V36/><F36/><W51/><G134/><T93/><D93/><AGARI ba="0,2" hai="6,9,13,17,19,48,52,57,63,66,70,89,93,96" machi="93" ten="40,2600,0" yaku="1,1,54,1,53,0" doraHai="78" doraHaiUra="129" who="2" fromWho="0" sc="150,-26,250,0,330,46,250,0" /><INIT seed="2,0,0,5,2,14" ten="124,250,376,250" oya="2" hai0="131,95,134,68,40,125,91,7,12,28,77,122,57" hai1="98,80,48,49,130,109,89,76,10,9,32,82,74" hai2="19,59,50,11,2,107,0,112,67,88,39,86,22" hai3="18,90,83,37,33,66,115,70,60,20,24,30,123"/><V81/><F39/><W127/><G123/><T121/><D68/><U17/><E32/><V71/><F112/><W29/><G37/><T113/><D113/><U120/><E120/><V44/><F107/><W135/><G115/><T36/><D125/><U103/><E109/><V53/><F71/><W116/><G116/><T38/><D134/><U15/><E130/><V35/><F35/><W84/><G127/><T4/><D77/><U6/><E89/><V31/><F31/><W93/><G135/><T110/><D110/><U79/><E10/><V52/><F67/><W1/><G1/><T21/><D131/><U16/><E49/><N who="2" m="28711" /><F22/><W128/><G128/><T69/><D21/><U61/><E48/><V23/><F23/><W13/><REACH who="3" step="1"/><G29/><REACH who="3" ten="124,250,376,240" step="2"/><T46/><D28/><U65/><E65/><V43/><F43/><W54/><G54/><T99/><D38/><U41/><E41/><V106/><F106/><W124/><G124/><T26/><D40/><U119/><E119/><V42/><F42/><W102/><G102/><T108/><D36/><U105/><REACH who="1" step="1"/><E61/><REACH who="1" ten="124,240,376,240" step="2"/><V5/><F5/><W104/><G104/><T75/><D4/><U64/><E64/><V129/><F129/><W118/><G118/><T3/><D7/><U45/><E45/><V133/><F133/><W47/><G47/><T27/><D46/><U51/><E51/><V55/><F55/><W85/><G85/><AGARI ba="0,2" hai="6,9,15,16,17,74,76,79,80,82,85,98,103,105" machi="85" ten="30,12000,2" yaku="1,1,7,1,52,2,54,1,53,1" doraHai="14" doraHaiUra="94" who="1" fromWho="3" sc="124,0,240,140,376,0,240,-120" /><INIT seed="3,0,0,5,2,92" ten="124,380,376,120" oya="3" hai0="85,73,2,50,114,129,127,21,94,123,24,52,28" hai1="7,44,84,115,97,89,111,93,132,70,43,65,108" hai2="75,22,119,17,118,98,124,33,10,103,49,120,101" hai3="19,131,58,116,39,99,63,45,134,66,69,87,8"/><W117/><G131/><T133/><D123/><U104/><E115/><V13/><F75/><W9/><G134/><T109/><D73/><U82/><E132/><V95/><F33/><W36/><G87/><T81/><D2/><U62/><E7/><V100/><F120/><W25/><G69/><T96/><D109/><U14/><E14/><V125/><F49/><W83/><G83/><T61/><D127/><N who="2" m="48714" /><F10/><W57/><G57/><T122/><D133/><U20/><E20/><V53/><F53/><W88/><G25/><T135/><D129/><U102/><REACH who="1" step="1"/><E104/><REACH who="1" ten="124,370,376,120" step="2"/><V72/><F72/><W90/><G9/><T3/><D114/><U35/><E35/><V126/><N who="2" m="48722" /><V67/><DORA hai="112" /><F67/><W11/><G11/><T41/><D135/><U113/><E113/><V5/><F5/><W18/><G8/><T42/><D122/><U80/><E80/><V105/><F105/><W47/><G116/><AGARI ba="0,1" hai="13,17,22,95,98,100,101,103,116,118,119" m="48722" machi="116" ten="40,8000,1" yaku="18,1,52,4" doraHai="92,112" who="2" fromWho="3" sc="124,0,370,0,376,90,120,-80" /><INIT seed="4,0,0,0,0,10" ten="124,370,466,40" oya="0" hai0="84,66,64,9,109,28,37,80,76,23,134,96,14" hai1="70,48,29,47,81,26,40,100,11,110,124,54,55" hai2="97,62,43,46,120,126,0,27,122,86,78,30,112" hai3="99,15,131,125,36,2,4,39,69,128,103,22,121"/><T88/><D37/><U59/><E110/><V6/><F112/><W72/><G72/><T94/><D134/><U91/><E124/><V45/><F126/><W123/><G125/><T132/><D132/><U89/><E70/><V85/><F46/><W108/><G108/><T31/><D109/><U13/><E100/><V98/><F62/><W135/><G135/><T115/><D115/><U25/><E55/><V79/><F45/><W107/><G69/><T56/><D23/><U20/><E81/><V92/><F27/><W24/><G2/><T49/><D49/><U51/><REACH who="1" step="1"/><E26/><REACH who="1" ten="124,360,466,40" step="2"/><V118/><F122/><W1/><G121/><T93/><D93/><U19/><AGARI ba="0,1" hai="11,13,19,20,25,29,40,47,48,51,54,59,89,91" machi="19" ten="20,12000,2" yaku="1,1,2,1,0,1,7,1,8,1,52,1,53,0" doraHai="10" doraHaiUra="83" who="1" fromWho="1" sc="124,-60,360,130,466,-30,40,-30" /><INIT seed="5,0,0,3,4,56" ten="64,490,436,10" oya="1" hai0="41,22,134,17,80,104,123,110,26,2,106,84,95" hai1="133,44,57,24,125,1,71,124,33,135,132,30,62" hai2="0,129,82,127,88,73,114,52,28,25,109,55,42" hai3="128,102,50,131,74,19,108,119,91,116,69,118,40"/><U10/><E44/><V76/><F109/><W38/><G74/><T130/><D110/><U31/><E31/><V35/><F127/><W112/><G108/><T29/><D2/><U99/><E99/><V48/><F129/><N who="3" m="49739" /><G112/><T72/><D130/><U4/><REACH who="1" step="1"/><E71/><REACH who="1" ten="64,480,436,10" step="2"/><V39/><F114/><W98/><G69/><T68/><D29/><U5/><E5/><V111/><F111/><W3/><G38/><T15/><D68/><U37/><E37/><V7/><F48/><W103/><G3/><T67/><D106/><U14/><E14/><V53/><F39/><W93/><G19/><T8/><D15/><U6/><E6/><V86/><F42/><W61/><G61/><T27/><D41/><U70/><E70/><V121/><F121/><W59/><G59/><T113/><D104/><U23/><E23/><V94/><F7/><W78/><G78/><T83/><D22/><U58/><E58/><V89/><F0/><W101/><G40/><T97/><D97/><U107/><E107/><V81/><F55/><AGARI ba="0,1" hai="1,4,10,24,30,33,55,57,62,124,125,132,133,135" machi="55" ten="40,7700,0" yaku="1,1,20,1,52,1,53,0" doraHai="56" doraHaiUra="79" who="1" fromWho="2" sc="64,0,480,87,436,-77,10,0" /><INIT seed="5,1,0,1,4,91" ten="64,567,359,10" oya="1" hai0="36,73,22,29,12,63,59,77,87,112,72,79,57" hai1="103,129,127,34,40,45,54,125,123,135,37,68,70" hai2="85,5,48,0,38,133,31,32,14,110,131,109,84" hai3="67,86,13,9,114,56,30,121,20,124,93,58,108"/><U35/><E123/><V23/><F48/><W62/><G121/><T26/><D36/><U78/><E129/><V82/><F85/><W33/><G108/><T76/><D112/><U53/><E78/><V122/><F84/><W51/><G114/><T94/><D73/><U41/><E103/><V52/><F52/><N who="1" m="20073" /><E41/><V90/><F90/><N who="3" m="53463" /><G124/><N who="1" m="47690" /><E135/><V126/><F38/><W113/><G113/><T4/><D72/><U80/><E80/><V115/><F82/><W89/><G33/><AGARI ba="1,0" hai="33,34,35,37,40,45,68,70" m="47690,20073" machi="33" ten="30,2900,0" yaku="18,1,54,1" doraHai="91" who="1" fromWho="3" sc="64,0,567,32,359,0,10,-32" owari="64,-33.6,599,69.9,359,15.9,-22,-52.2" /></mjloggm>