<mjloggm ver="2.3"><GO type="169" lobby="0"/><UN n0="%43%E3%82%A8%E3%83%BC%E3%82%B8%E3%82%A7%E3%83%B3%E3%83%88" n1="%39%2D%62%61%79" n2="%E7%AD%89%E3%80%85%E5%8A%9B%E5%8A%87%E5%A0%B4" n3="%31%38%63%6D%E7%AB%8B%E7%9B%B4%E6%A3%92" dan="17,16,16,16" rate="2210.72,2132.01,2168.70,2141.67" sx="M,M,M,M"/><TAIKYOKU oya="0"/><INIT seed="0,0,0,2,5,18" ten="250,250,250,250" oya="0" hai0="96,37,92,44,27,131,117,73,82,46,115,43,61" hai1="41,133,33,19,85,119,120,80,17,35,9,66,68" hai2="52,129,26,118,50,58,121,91,125,123,38,109,135" hai3="71,20,67,6,2,34,114,28,130,93,54,95,16"/><T65/><D115/><U86/><E120/><V134/><F38/><W25/><G114/><T42/><D131/><U59/><E68/><V74/><F74/><W56/><G130/><T14/><D117/><U3/><E119/><V126/><F129/><W8/><G67/><T75/><D82/><U107/><E41/><V11/><F118/><W78/><G78/><T40/><D14/><U116/><E107/><V49/><F91/><W51/><REACH who="3" step="1"/><G71/><REACH who="3" ten="250,250,250,240" step="2"/><T101/><D27/><AGARI ba="0,1" hai="2,6,8,16,20,25,27,28,34,51,54,56,93,95" machi="27" ten="30,8000,1" yaku="1,1,2,1,7,1,52,1,54,1,53,0" doraHai="18" doraHaiUra="98" who="3" fromWho="0" sc="250,-80,250,0,250,0,240,90" /><INIT seed="1,0,0,2,2,50" ten="170,250,250,330" oya="1" hai0="16,115,57,63,44,34,40,84,54,28,19,48,64" hai1="67,65,18,89,112,43,11,130,31,26,58,121,23" hai2="133,77,53,126,56,8,90,93,120,9,39,102,32" hai3="99,29,127,1,47,37,123,135,85,4,61,38,62"/><U21/><E121/><V14/><F120/><W116/><G123/><T128/><D115/><U118/><E118/><V124/><F32/><W104/><G116/><T66/><D128/><U12/><E112/><V55/><F39/><W5/><G29/><T15/><D19/><U103/><E130/><V117/><F117/><W114/><G114/><T3/><D3/><U107/><E43/><V122/><F122/><W70/><G85/><T74/><D74/><U30/><E107/><V71/><F71/><W2/><G47/><T78/><D28/><U110/><E103/><V113/><F113/><W51/><G51/><T0/><D0/><U106/><E106/><V20/><F102/><W42/><G42/><T24/><D24/><N who="1" m="16799" /><E110/><V132/><F77/><W59/><G59/><T131/><D34/><U81/><E58/><V97/><F20/><W95/><G104/><T46/><D46/><U35/><E35/><V98/><F56/><W86/><G70/><T111/><D111/><U80/><E89/><V27/><F27/><W68/><G68/><T129/><D129/><U109/><E109/><V13/><F93/><W60/><G95/><T22/><REACH who="0" step="1"/><D131/><REACH who="0" ten="160,250,250,330" step="2"/><U83/><AGARI ba="0,1" hai="11,12,18,21,26,30,65,67,80,81,83" m="16799" machi="83" ten="30,1500,0" yaku="8,1" doraHai="50" who="1" fromWho="1" sc="160,-5,250,25,250,-5,330,-5" /><INIT seed="1,1,0,0,4,90" ten="155,275,245,325" oya="1" hai0="9,63,132,134,119,107,7,98,128,115,131,121,10" hai1="45,72,125,43,15,32,53,92,106,71,124,35,47" hai2="1,49,96,82,44,55,76,120,81,16,123,6,31" hai3="86,0,26,27,19,33,62,21,38,58,24,5,41"/><U77/><E106/><V75/><F31/><W12/><G38/><T80/><D115/><U108/><E71/><V113/><F113/><W111/><G41/><T135/><D119/><U112/><E112/><V54/><F6/><W97/><G86/><T95/><D63/><U69/><E69/><V73/><F1/><W118/><G118/><T3/><D9/><U28/><E15/><V122/><F55/><W79/><G79/><T22/><D22/><U13/><E13/><V18/><REACH who="2" step="1"/><F96/><REACH who="2" ten="155,275,235,325" step="2"/><W102/><G0/><T70/><D121/><U61/><E28/><V23/><F23/><W34/><G5/><T60/><D10/><U42/><E53/><V68/><F68/><W36/><G34/><T88/><D7/><U66/><E32/><V8/><F8/><W117/><G33/><T93/><D3/><U48/><E35/><V74/><F74/><W51/><G117/><T57/><D70/><U14/><E72/><V83/><F83/><W2/><G2/><T84/><D80/><U65/><E125/><V94/><F94/><W17/><G21/><T129/><D107/><U104/><E92/><V4/><F4/><W103/><G97/><T25/><D25/><U64/><E104/><V40/><F40/><W37/><G24/><T85/><D95/><U30/><E42/><V101/><F101/><W46/><G26/><T133/><D135/><U11/><E43/><V105/><F105/><W130/><G27/><T116/><D116/><U87/><E124/><V67/><F67/><AGARI ba="1,1" hai="57,60,67,84,85,88,93,98,128,129,131,132,133,134" machi="67" ten="50,8000,1" yaku="19,1,20,1,52,1,54,1" doraHai="90" who="0" fromWho="2" sc="155,93,275,0,235,-83,325,0" /><INIT seed="2,0,0,1,5,2" ten="248,275,152,325" oya="2" hai0="84,83,87,51,53,20,59,48,113,15,0,60,33" hai1="23,49,108,35,114,38,103,52,27,85,119,12,97" hai2="36,110,29,62,66,96,88,40,46,100,133,31,8" hai3="65,116,107,131,18,25,106,26,104,17,64,95,94"/><V109/><F133/><W7/><G131/><T39/><D0/><U118/><E38/><V32/><F8/><W76/><G76/><T105/><D33/><U121/><E114/><V112/><F112/><W24/><G7/><T126/><D39/><U56/><E108/><N who="2" m="41579" /><F32/><W70/><G116/><T5/><D105/><U98/><E121/><V10/><F10/><W42/><G42/><T44/><D126/><U135/><E135/><V58/><F88/><W99/><G70/><T21/><D51/><U19/><E97/><V132/><F132/><W61/><G61/><T13/><D113/><U78/><E35/><V72/><F72/><W120/><G99/><T111/><D87/><U82/><E27/><V92/><AGARI ba="0,0" hai="29,31,36,40,46,58,62,66,92,96,100" m="41579" machi="92" ten="30,3000,0" yaku="14,1,10,1" doraHai="2" who="2" fromWho="2" sc="248,-10,275,-10,152,30,325,-10" /><INIT seed="2,1,0,3,3,124" ten="238,265,182,315" oya="2" hai0="37,95,97,113,94,108,114,63,133,45,36,80,48" hai1="5,15,32,60,54,30,21,86,109,53,87,66,121" hai2="11,71,4,88,35,52,7,75,64,116,2,20,68" hai3="39,118,130,111,92,40,123,91,18,104,47,79,90"/><V26/><F116/><W13/><G104/><T46/><D108/><U101/><E109/><V0/><F75/><W98/><G111/><T44/><D133/><U76/><E121/><V42/><F35/><W62/><G123/><T29/><D29/><U31/><E32/><V83/><F42/><W122/><G122/><T135/><D135/><U56/><E101/><V38/><F38/><W10/><G118/><T14/><D80/><N who="1" m="47367" /><E87/><V72/><F72/><W125/><G125/><T50/><D14/><U49/><E66/><V112/><F112/><W25/><G79/><T100/><D95/><U132/><E132/><V126/><F126/><W99/><G25/><T57/><D94/><U51/><E60/><V61/><F71/><W102/><G62/><T134/><D97/><U82/><E82/><V74/><F74/><W27/><G27/><T24/><D24/><U59/><E5/><V115/><F115/><N who="0" m="44042" /><D100/><U73/><E73/><V105/><F105/><W81/><G102/><T69/><D69/><U119/><E119/><V110/><F110/><W120/><G120/><T33/><D33/><U17/><AGARI ba="1,0" hai="15,17,21,30,31,49,51,53,54,56,59" m="47367" machi="17" ten="30,1100,0" yaku="8,1" doraHai="124" who="1" fromWho="1" sc="238,-4,265,14,182,-6,315,-4" /><INIT seed="3,0,0,4,4,0" ten="234,279,176,311" oya="3" hai0="41,27,125,24,30,81,95,18,91,6,43,11,132" hai1="63,33,20,22,2,97,45,52,7,133,92,39,130" hai2="25,86,3,10,103,5,110,108,123,1,94,119,36" hai3="109,48,66,79,65,77,105,124,131,64,134,75,60"/><W114/><G105/><T47/><D132/><U58/><E33/><V90/><F119/><W85/><G75/><T127/><D81/><U120/><E120/><V32/><F36/><W59/><G114/><T112/><D18/><U67/><E130/><V15/><F123/><W26/><G134/><T56/><D56/><U111/><E111/><N who="2" m="42539" /><F103/><W87/><G109/><T121/><D121/><U46/><E133/><V74/><F74/><W84/><G131/><T116/><D116/><U71/><E45/><V51/><F51/><W117/><G117/><T9/><D9/><U106/><E106/><V13/><F1/><W101/><G101/><T129/><D129/><U98/><E98/><V38/><F38/><W115/><G115/><T68/><D68/><U73/><E73/><V50/><F50/><W89/><G48/><T55/><D55/><U12/><E2/><V100/><F100/><W88/><G26/><T70/><D70/><U69/><E71/><V40/><F40/><W19/><G19/><T53/><D53/><U62/><E46/><V23/><F32/><W57/><G124/><N who="0" m="47691" /><D30/><AGARI ba="0,0" hai="3,5,10,13,15,23,25,30,86,90,94" m="42539" machi="30" ten="30,2000,0" yaku="14,1,52,1" doraHai="0" who="2" fromWho="0" sc="234,-20,279,0,176,20,311,0" /><INIT seed="4,0,0,1,3,60" ten="214,279,196,311" oya="0" hai0="105,125,69,76,4,95,79,52,62,18,111,109,49" hai1="28,61,1,127,83,16,35,8,132,113,5,121,9" hai2="10,98,112,103,130,119,50,73,6,14,89,66,22" hai3="53,87,104,71,23,129,39,68,25,12,21,102,82"/><T123/><D105/><U81/><E121/><V67/><F73/><W110/><G110/><N who="0" m="41995" /><D123/><U92/><E132/><V124/><F112/><W0/><G0/><T36/><D36/><U128/><E113/><V65/><F130/><W133/><G133/><T37/><D37/><U27/><E128/><V7/><F124/><W26/><G39/><T32/><D32/><U126/><E92/><N who="2" m="58823" /><F119/><W45/><G104/><T75/><D125/><N who="1" m="47627" /><E61/><V3/><F3/><W77/><G102/><T116/><D116/><U85/><E85/><V134/><F134/><W106/><G106/><T51/><D4/><U15/><AGARI ba="0,0" hai="1,5,8,9,15,16,27,28,35,81,83" m="47627" machi="15" ten="30,2000,0" yaku="18,1,54,1" doraHai="60" who="1" fromWho="1" sc="214,-10,279,20,196,-5,311,-5" /><INIT seed="5,0,0,2,3,118" ten="204,299,191,306" oya="1" hai0="65,108,117,90,127,88,128,3,60,67,86,115,92" hai1="129,55,57,114,132,22,48,32,111,116,39,4,21" hai2="27,0,74,28,15,81,56,49,106,122,84,87,31" hai3="58,80,14,112,123,16,12,26,20,101,30,25,79"/><U1/><E116/><V110/><F0/><W102/><G112/><T8/><D117/><U131/><E32/><V121/><F110/><W82/><G123/><T91/><D115/><U104/><E114/><V133/><F106/><W59/><G30/><T70/><D108/><U89/><E39/><V83/><F74/><W78/><REACH who="3" step="1"/><G20/><REACH who="3" ten="204,299,191,296" step="2"/><T109/><D109/><U36/><E111/><V6/><F31/><W93/><G93/><T73/><D128/><U33/><E104/><V125/><F28/><W126/><G126/><T75/><D127/><U130/><E22/><V85/><F125/><W17/><AGARI ba="0,1" hai="12,14,16,17,25,26,58,59,78,79,80,82,101,102" machi="17" ten="25,16000,3" yaku="1,1,0,1,22,2,8,1,54,1,53,2" doraHai="118" doraHaiUra="52" who="3" fromWho="3" sc="204,-40,299,-80,191,-40,296,170" /><INIT seed="6,0,0,0,5,29" ten="164,219,151,466" oya="2" hai0="102,115,6,54,61,41,32,74,20,52,114,121,35" hai1="27,58,90,132,78,22,125,86,31,112,50,105,130" hai2="94,19,0,100,116,28,23,69,129,124,53,59,81" hai3="60,13,47,42,25,97,14,73,4,128,82,15,119"/><V131/><F116/><W107/><G119/><T45/><D74/><U65/><E105/><V17/><F69/><W104/><G4/><T72/><D72/><U37/><E37/><V122/><F122/><W87/><G73/><T88/><D121/><U85/><E112/><N who="0" m="43049" /><D6/><U11/><E11/><V117/><F117/><W5/><G60/><T120/><D102/><U70/><E132/><V1/><F124/><W21/><G15/><T113/><D113/><U93/><E130/><N who="2" m="49675" /><F81/><W127/><G82/><T123/><D123/><U111/><E70/><V118/><F118/><W71/><G87/><T7/><D7/><U64/><E111/><V46/><F46/><W101/><G71/><T80/><D20/><U3/><E3/><V77/><F77/><W89/><G25/><T26/><D26/><U33/><E125/><V43/><F28/><W98/><G47/><T110/><D110/><U109/><E109/><V108/><F108/><W48/><G5/><T51/><D120/><U75/><E75/><V83/><F0/><W34/><G127/><T66/><D80/><N who="1" m="47255" /><E33/><N who="0" m="12873" /><D88/><U18/><E31/><V68/><F100/><W96/><G101/><T92/><D92/><U2/><E2/><V126/><F1/><W40/><G89/><T79/><D79/><U99/><E86/><V135/><F126/><W10/><G34/><T62/><D62/><U12/><E27/><V39/><F83/><W106/><G128/><T56/><AGARI ba="0,0" hai="41,45,51,52,54,56,61,66" m="12873,43049" machi="56" ten="30,8000,1" yaku="15,1,52,3,54,1" doraHai="29" who="0" fromWho="0" sc="164,80,219,-20,151,-40,466,-20" /><INIT seed="7,0,0,3,4,18" ten="244,199,111,446" oya="3" hai0="95,56,76,81,64,55,112,13,59,123,43,6,135" hai1="19,0,97,27,42,105,12,94,79,49,57,66,38" hai2="4,110,122,47,107,30,36,32,85,29,45,31,54" hai3="83,131,39,67,127,16,114,41,133,129,77,108,3"/><W130/><G3/><T88/><D135/><U35/><E105/><V17/><F110/><W7/><G7/><T78/><D43/><U72/><E0/><V100/><F122/><W119/><G67/><T106/><D106/><U28/><E38/><V53/><F32/><W15/><G39/><T124/><D124/><U111/><E111/><V90/><F4/><W52/><G41/><T9/><D112/><U2/><E2/><V116/><F116/><W63/><G108/><T89/><D89/><U80/><E42/><V20/><F36/><W113/><G119/><T62/><D81/><U73/><E49/><V92/><F107/><W8/><G133/><T5/><D6/><U121/><E121/><V125/><F100/><W99/><G99/><N who="0" m="57831" /><D123/><U34/><E34/><V101/><F101/><W11/><G11/><T23/><D23/><U65/><E57/><V44/><REACH who="2" step="1"/><F125/><REACH who="2" ten="244,199,101,446" step="2"/><W109/><G127/><T84/><D84/><U1/><E72/><V128/><F128/><W86/><G109/><T50/><AGARI ba="0,1" hai="5,9,13,50,55,56,59,62,64,76,78" m="57831" machi="50" ten="30,2000,0" yaku="8,1,54,1" doraHai="18" who="0" fromWho="0" sc="244,30,199,-5,101,-5,446,-10" owari="274,7.4,194,-20.6,96,-40.4,436,53.6" /></mjloggm>