<mjloggm ver="2.3"><GO type="169" lobby="0"/><UN n0="%E3%82%A4%E3%82%AB%E3%81%AB%E3%82%82%E6%9D%B1%E5%8C%97" n1="%E3%81%AA%E3%81%AA%E3%81%BF%EF%BC%A0%E5%8F%B2%E7%9A%AE%E8%BB%8D%E5%9B%A3" n2="%E7%99%BD%E3%81%AE%E7%A9%BA" n3="%E7%9C%9F%E4%B8%80" dan="17,17,17,16" rate="2181.98,2158.67,2148.34,2169.87" sx="M,M,M,M"/><TAIKYOKU oya="0"/><INIT seed="0,0,0,4,5,76" ten="250,250,250,250" oya="0" hai0="22,30,61,21,54,59,12,45,123,48,98,115,3" hai1="84,118,31,32,37,0,14,66,119,18,55,116,128" hai2="132,47,110,57,102,120,53,134,88,26,62,73,41" hai3="108,17,25,39,92,109,91,60,5,11,100,1,130"/><T40/><D115/><U69/><E128/><V67/><F102/><W13/><G130/><T49/><D123/><U114/><E114/><V97/><F120/><W51/><G39/><T126/><D126/><U82/><E37/><V107/><F107/><W42/><G100/><T129/><D129/><U111/><E111/><N who="3" m="42570" /><G60/><T85/><D3/><U27/><E0/><V15/><F110/><W106/><G106/><T19/><D98/><U122/><E122/><V127/><F127/><W36/><G36/><T135/><D135/><N who="2" m="51754" /><F73/><W133/><G25/><T20/><D30/><U58/><E66/><V38/><F26/><W65/><G65/><T10/><REACH who="0" step="1"/><D85/><REACH who="0" ten="240,250,250,250" step="2"/><U70/><E118/><V24/><F97/><N who="3" m="57503" /><G133/><T96/><D96/><U6/><E116/><V103/><F103/><W131/><G131/><T8/><D8/><U79/><E119/><V34/><F34/><W75/><G75/><T46/><D46/><U86/><E86/><V93/><F47/><N who="3" m="26103" /><G1/><T63/><AGARI ba="0,1" hai="10,12,19,20,21,22,40,45,48,49,54,59,61,63" machi="63" ten="30,11700,0" yaku="1,1,0,1,8,1,53,1" doraHai="76" doraHaiUra="7" who="0" fromWho="0" sc="240,127,250,-39,250,-39,250,-39" /><INIT seed="0,1,0,1,5,89" ten="367,211,211,211" oya="0" hai0="132,80,60,126,129,64,105,42,40,90,39,95,4" hai1="93,49,51,25,83,79,118,54,27,70,82,107,73" hai2="62,20,21,59,78,109,103,23,125,102,48,31,134" hai3="1,38,36,77,85,117,16,106,124,116,94,7,14"/><T123/><D123/><U41/><E118/><V110/><F125/><W86/><G106/><T0/><D105/><U115/><E107/><V28/><F134/><W72/><G124/><T6/><D126/><U29/><E115/><V55/><F78/><W15/><G1/><T3/><D132/><U128/><E128/><V131/><F131/><W45/><G7/><T18/><D129/><U92/><E70/><V99/><F48/><W32/><G32/><T100/><D100/><U122/><E122/><V96/><F31/><W112/><G112/><T47/><D40/><U114/><E114/><V66/><F55/><W26/><G26/><T33/><D33/><U61/><E61/><V52/><F66/><W34/><G34/><T46/><D80/><U2/><E2/><V97/><REACH who="2" step="1"/><F28/><REACH who="2" ten="367,211,201,211" step="2"/><W71/><G77/><T22/><D64/><U24/><E29/><V44/><F44/><W30/><G45/><T57/><D46/><N who="1" m="25807" /><E79/><V133/><F133/><W12/><G117/><T74/><D47/><N who="1" m="28031" /><E73/><V75/><F75/><W104/><G72/><T19/><D74/><U10/><E10/><V130/><F130/><W8/><G116/><T88/><D39/><U53/><E53/><V68/><F68/><W65/><G38/><T63/><D42/><U43/><E43/><V121/><F121/><W101/><G36/><T13/><D57/><U37/><E37/><V67/><F67/><W81/><G65/><T127/><D127/><U98/><E98/><V113/><F113/><W84/><G71/><T69/><D69/><U119/><E119/><V11/><F11/><W108/><G8/><RYUUKYOKU ba="1,1" sc="367,-15,211,15,201,15,211,-15" hai1="24,25,27,82,83,92,93" hai2="20,21,23,52,59,62,96,97,99,102,103,109,110" /><INIT seed="1,2,1,2,4,5" ten="352,226,216,196" oya="1" hai0="125,90,117,128,102,57,50,110,62,99,96,76,135" hai1="23,33,53,71,98,8,94,20,69,28,48,38,82" hai2="70,91,132,31,113,114,93,26,79,40,129,1,131" hai3="85,72,92,75,109,45,34,15,111,105,43,52,126"/><U46/><E38/><V124/><F70/><W97/><G34/><T81/><D117/><U130/><E130/><N who="2" m="49675" /><F40/><W18/><G105/><T0/><D0/><U63/><E33/><V108/><F108/><N who="3" m="41547" /><G85/><T51/><D110/><U67/><E71/><V7/><F79/><W87/><G87/><T68/><D128/><U74/><E28/><V116/><F116/><W37/><G52/><T77/><D135/><U24/><E24/><V101/><F101/><N who="3" m="60583" /><G126/><T39/><D125/><U73/><E73/><V100/><F100/><W30/><G30/><T61/><D102/><U56/><E69/><V89/><F132/><W25/><G25/><T66/><D77/><U88/><E74/><V41/><F124/><W106/><G106/><T2/><D76/><U27/><E82/><V47/><F26/><W104/><G104/><T13/><D81/><U59/><E59/><V112/><F31/><W84/><G84/><T36/><D57/><U35/><E35/><V120/><F120/><W3/><G3/><T122/><D2/><U65/><E27/><V78/><F78/><W14/><G14/><T103/><D13/><U60/><E60/><V119/><F119/><W29/><G29/><T6/><D62/><U127/><E127/><V49/><F93/><W107/><G107/><T19/><D61/><U83/><E83/><V11/><AGARI ba="2,1" hai="1,7,11,41,47,49,89,91,112,113,114" m="49675" machi="11" ten="40,5200,0" yaku="11,1,19,1,52,1" doraHai="5" who="2" fromWho="2" sc="352,-15,226,-28,216,68,196,-15" /><INIT seed="2,0,0,3,0,34" ten="337,198,284,181" oya="2" hai0="8,129,11,1,95,9,44,100,96,79,43,35,48" hai1="114,37,101,59,103,83,32,26,24,72,53,10,12" hai2="20,102,74,98,134,84,133,38,87,46,73,116,14" hai3="16,122,93,90,89,110,112,111,58,125,67,86,124"/><V77/><F116/><W92/><G122/><T15/><D35/><U128/><E114/><V115/><F115/><W4/><G4/><T131/><D79/><U13/><E37/><V33/><F33/><W49/><G112/><T120/><D120/><U121/><E128/><N who="0" m="49225" /><D15/><U40/><E40/><V30/><F38/><W65/><G58/><T55/><D43/><U71/><E71/><V56/><F46/><W51/><REACH who="3" step="1"/><G86/><REACH who="3" ten="337,198,284,171" step="2"/><T63/><D63/><U3/><E121/><V18/><F56/><W119/><G119/><T69/><D69/><U132/><E59/><V52/><F84/><W62/><G62/><T106/><D106/><U123/><E123/><V135/><F87/><W6/><G6/><AGARI ba="0,1" hai="1,6,8,9,11,44,48,55,95,96,100" m="49225" machi="6" ten="30,2000,0" yaku="19,1,52,1" doraHai="34" who="0" fromWho="3" sc="337,30,198,0,284,0,171,-20" /><INIT seed="3,0,0,4,1,58" ten="367,198,284,151" oya="3" hai0="57,107,89,77,34,131,93,100,90,36,35,84,39" hai1="65,42,135,91,45,38,115,114,7,56,16,128,28" hai2="113,117,102,83,112,110,106,10,61,49,119,120,105" hai3="126,118,74,0,33,30,121,21,82,108,103,123,51"/><W24/><G118/><T98/><D131/><U11/><E128/><V26/><F10/><W20/><G0/><T116/><D116/><U14/><E135/><V80/><F26/><W73/><G103/><T44/><D77/><U50/><E28/><V129/><F49/><W101/><G101/><T132/><D132/><U4/><E91/><V109/><F129/><W78/><G126/><T88/><D39/><U69/><E114/><V99/><F61/><W68/><G68/><T3/><D3/><U13/><E115/><V130/><F130/><W32/><G108/><T81/><D57/><U66/><E66/><V27/><F27/><W134/><G134/><T40/><REACH who="0" step="1"/><D89/><REACH who="0" ten="357,198,284,151" step="2"/><U23/><E56/><V62/><F117/><W125/><G125/><T1/><D1/><U111/><E38/><V96/><F119/><W17/><G74/><T25/><D25/><U60/><REACH who="1" step="1"/><E111/><REACH who="1" ten="357,188,284,151" step="2"/><V94/><F110/><W37/><G37/><T86/><AGARI ba="0,2" hai="34,35,36,40,44,81,84,86,88,90,93,98,100,107" machi="86" ten="20,5200,0" yaku="1,1,0,1,7,1,54,1,53,0" doraHai="58" doraHaiUra="122" who="0" fromWho="0" sc="357,72,188,-13,284,-13,151,-26" /><INIT seed="4,0,0,0,0,3" ten="429,175,271,125" oya="0" hai0="134,41,47,34,89,82,125,10,45,101,87,128,69" hai1="106,21,73,117,54,95,86,28,103,126,84,97,100" hai2="85,29,110,114,8,42,9,93,107,39,15,113,92" hai3="55,80,120,94,115,62,35,127,78,61,79,64,121"/><T99/><D69/><U30/><E117/><V132/><F107/><W91/><G115/><N who="2" m="44041" /><F110/><W19/><G35/><T27/><D128/><U0/><E126/><V83/><F132/><W11/><G127/><T37/><D125/><U20/><E0/><V122/><F122/><N who="3" m="47211" /><G55/><T17/><D134/><U33/><E33/><V105/><F105/><W63/><G64/><T68/><D68/><U116/><E73/><V6/><F29/><W22/><G11/><T123/><D123/><U77/><E116/><V12/><F42/><W76/><G80/><T51/><D34/><U49/><E106/><V72/><F39/><W53/><G53/><T23/><D10/><U75/><E75/><V133/><F72/><W16/><G22/><N who="1" m="8810" /><E100/><V111/><F111/><W52/><G52/><T59/><D59/><N who="1" m="33231" /><E77/><N who="3" m="19714" /><W13/><DORA hai="131" /><G13/><T118/><D118/><U70/><E70/><V1/><F133/><W38/><G38/><T104/><REACH who="0" step="1"/><D45/><REACH who="0" ten="419,175,271,125" step="2"/><U66/><E28/><V81/><F1/><W50/><G63/><T119/><D119/><U98/><E30/><V130/><F130/><W74/><G62/><T40/><D40/><U58/><E58/><V71/><F71/><W112/><G112/><T96/><D96/><U67/><E97/><V26/><F9/><W24/><G61/><T124/><D124/><U43/><E43/><V4/><F8/><W32/><G32/><T14/><D14/><U56/><E56/><V88/><F15/><W65/><G65/><AGARI ba="0,1" hai="65,66,67,84,86,95,98,103" m="33231,8810" machi="65" ten="30,1000,0" yaku="8,1" doraHai="3,131" who="1" fromWho="3" sc="419,0,175,20,271,0,125,-10" /><INIT seed="5,0,0,3,4,12" ten="419,195,271,115" oya="1" hai0="51,92,46,5,130,25,60,99,2,1,80,20,37" hai1="8,41,58,109,65,115,76,122,112,17,18,23,132" hai2="9,33,116,66,103,135,85,70,71,4,68,22,91" hai3="26,75,86,119,47,111,88,73,62,3,55,69,83"/><U108/><E122/><V97/><F33/><W128/><G111/><N who="1" m="42570" /><E132/><V59/><F116/><W53/><G3/><T30/><D130/><U79/><E41/><V82/><F135/><W39/><G128/><T40/><D5/><U123/><E123/><V98/><F22/><W6/><G119/><T43/><D43/><U54/><E65/><V96/><F59/><W49/><G6/><T107/><D107/><U67/><E67/><V104/><REACH who="2" step="1"/><F66/><REACH who="2" ten="419,195,261,115" step="2"/><W101/><G69/><T84/><D20/><U124/><E124/><V13/><AGARI ba="0,1" hai="4,9,13,68,70,71,82,85,91,96,97,98,103,104" machi="13" ten="30,4000,0" yaku="1,1,2,1,0,1,53,0" doraHai="12" doraHaiUra="38" who="2" fromWho="2" sc="419,-10,195,-20,261,50,115,-10" /><INIT seed="6,0,0,1,1,134" ten="409,175,311,105" oya="2" hai0="107,5,86,46,72,33,128,103,53,97,14,30,130" hai1="109,113,105,133,94,26,35,121,110,115,104,73,77" hai2="15,75,89,57,16,54,71,83,7,78,0,102,41" hai3="50,76,82,129,125,114,17,84,55,52,45,123,22"/><V120/><F71/><W93/><G123/><T42/><D72/><U56/><E56/><V59/><F120/><W87/><G129/><N who="0" m="49771" /><D86/><U68/><E26/><V96/><F41/><W19/><G114/><N who="1" m="43530" /><E35/><V67/><F67/><W106/><G106/><N who="1" m="41066" /><E68/><V37/><F37/><W81/><G125/><T49/><D30/><U23/><E23/><V95/><F54/><W25/><G93/><T28/><D28/><U112/><E121/><V40/><F40/><W48/><G17/><T32/><D53/><U18/><E18/><V1/><F102/><W58/><REACH who="3" step="1"/><G82/><REACH who="3" ten="409,175,311,95" step="2"/><T74/><D107/><U118/><E112/><V64/><F7/><W127/><G127/><T80/><D80/><N who="1" m="45103" /><E118/><V2/><REACH who="2" step="1"/><F64/><REACH who="2" ten="409,175,301,95" step="2"/><W99/><G99/><T34/><D97/><U21/><E110/><V111/><F111/><W116/><G116/><T88/><D5/><U29/><E109/><V70/><F70/><W131/><G131/><T31/><D103/><U8/><E133/><V36/><F36/><W132/><G132/><T47/><D42/><U6/><E6/><V44/><F44/><W11/><G11/><AGARI ba="0,2" hai="0,1,2,11,15,16,57,59,75,78,83,89,95,96" machi="11" ten="40,7700,0" yaku="1,1,54,1,53,1" doraHai="134" doraHaiUra="79" who="2" fromWho="3" sc="409,0,175,0,301,97,95,-77" /><INIT seed="6,1,0,5,0,76" ten="409,175,398,18" oya="2" hai0="119,95,110,101,107,31,85,93,114,109,84,69,57" hai1="113,38,50,40,102,61,125,128,45,35,27,124,18" hai2="20,68,67,12,100,89,37,49,87,108,99,96,133" hai3="34,7,122,127,120,23,123,13,33,5,112,16,0"/><V58/><F37/><W8/><G127/><N who="1" m="48714" /><E113/><V130/><F130/><W64/><G64/><T24/><D69/><U52/><E128/><V25/><F133/><W54/><G54/><T21/><D107/><U44/><E102/><V59/><F108/><W70/><G70/><T111/><D114/><U22/><E61/><N who="2" m="38335" /><F68/><W134/><G112/><T116/><D57/><U2/><E2/><V26/><F100/><W48/><G48/><T1/><D1/><U17/><E35/><N who="3" m="13322" /><G7/><T74/><D74/><U39/><E39/><V121/><F121/><N who="3" m="30979" /><W135/><AGARI ba="1,0" hai="0,5,8,13,16,23,134,135" m="30979,13322" machi="135" ten="50,8000,1" yaku="4,1,34,2,54,1" doraHai="76" who="3" fromWho="3" sc="409,-21,175,-21,398,-41,18,83" /><INIT seed="7,0,0,0,0,33" ten="388,154,357,101" oya="3" hai0="106,45,133,28,12,48,56,10,65,129,98,108,24" hai1="60,36,3,25,46,79,11,59,47,70,102,55,51" hai2="6,110,61,132,88,107,16,78,29,96,69,17,112" hai3="72,63,126,22,73,50,117,116,43,26,75,131,68"/><W77/><G126/><T127/><D108/><U66/><E102/><V135/><F110/><W95/><G131/><T99/><D133/><N who="2" m="51274" /><F112/><W15/><G77/><T94/><D106/><U5/><E79/><V119/><F119/><W7/><G95/><T104/><D104/><U53/><E25/><V84/><F29/><W30/><G43/><T18/><D129/><U111/><E111/><V91/><F6/><W32/><G50/><T122/><D122/><U39/><E47/><V49/><F49/><AGARI ba="0,0" hai="3,5,11,36,39,46,49,51,53,55,59,60,66,70" machi="49" ten="30,2000,0" yaku="7,1,52,1" doraHai="33" who="1" fromWho="2" sc="388,0,154,20,357,-20,101,0" owari="388,48.8,174,-22.6,337,13.7,101,-39.9" /></mjloggm>