<mjloggm ver="2.3"><GO type="169" lobby="0"/><UN n0="%74%61%6B%65%2D%79%6F%75" n1="%E3%81%A8%E3%81%B3%E3%81%BE%E3%81%93" n2="%E3%81%82%E3%81%84%E3%81%93%E3%81%99" n3="%E7%8A%AC%E5%B1%B1" dan="16,17,16,16" rate="2173.92,2202.05,2131.77,2047.31" sx="M,M,M,M"/><TAIKYOKU oya="0"/><INIT seed="0,0,0,2,0,53" ten="250,250,250,250" oya="0" hai0="76,119,6,97,3,90,38,5,95,30,0,69,26" hai1="128,110,129,59,1,101,23,79,32,9,31,85,102" hai2="121,14,16,18,52,17,92,50,81,20,116,41,63" hai3="34,43,61,40,44,84,10,15,75,114,19,89,28"/><T127/><D119/><U13/><E32/><V118/><F121/><W55/><G75/><T22/><D38/><U77/><E110/><V56/><F81/><W48/><G114/><T4/><D127/><U49/><E1/><V132/><F132/><W133/><G133/><T96/><D69/><U27/><E101/><V123/><F123/><W46/><G46/><T74/><REACH who="0" step="1"/><D96/><REACH who="0" ten="240,250,250,250" step="2"/><U108/><E108/><V7/><F118/><W93/><G34/><T98/><D98/><U35/><E129/><V86/><F116/><W54/><REACH who="3" step="1"/><G28/><REACH who="3" ten="240,250,250,240" step="2"/><T109/><D109/><U11/><E35/><V73/><F73/><W24/><G24/><T51/><D51/><U104/><E49/><V60/><F41/><W88/><G88/><T72/><D72/><U120/><E27/><V113/><F113/><W42/><G42/><T80/><AGARI ba="0,2" hai="0,3,4,5,6,22,26,30,74,76,80,90,95,97" machi="80" ten="30,3000,0" yaku="1,1,0,1,53,0" doraHai="53" doraHaiUra="124" who="0" fromWho="0" sc="240,50,250,-10,250,-10,240,-10" /><INIT seed="0,1,0,1,4,41" ten="290,240,240,230" oya="0" hai0="119,91,102,107,122,43,53,83,54,76,20,81,34" hai1="98,35,38,44,99,87,121,23,11,97,124,69,48" hai2="27,79,22,24,64,82,18,100,7,101,96,131,40" hai3="36,13,70,104,71,66,59,115,19,56,50,106,61"/><T51/><D119/><U86/><E35/><V73/><F131/><W77/><G115/><T55/><D34/><U80/><E121/><V37/><F64/><W103/><G36/><T74/><D122/><U85/><E69/><V33/><F7/><W9/><G77/><T116/><D116/><U67/><E67/><V133/><F133/><W42/><G71/><T93/><D81/><U118/><E118/><V2/><F2/><W78/><G78/><T126/><D126/><U14/><E38/><V52/><F40/><W29/><G29/><T15/><D43/><U57/><E57/><V49/><F37/><W65/><G103/><T75/><D75/><U95/><E124/><V12/><F33/><W108/><G108/><T10/><D20/><U110/><E23/><V132/><F101/><W84/><G84/><T111/><D111/><U72/><E72/><V45/><REACH who="2" step="1"/><F132/><REACH who="2" ten="290,240,230,230" step="2"/><W60/><REACH who="3" step="1"/><G70/><REACH who="3" ten="290,240,230,220" step="2"/><T63/><D102/><N who="1" m="60735" /><E110/><V134/><F134/><W5/><G5/><T135/><D135/><U92/><E80/><V47/><F47/><AGARI ba="1,2" hai="9,13,19,42,47,50,56,59,60,61,65,66,104,106" machi="47" ten="40,5200,0" yaku="1,1,9,1,52,1,53,0" doraHai="41" doraHaiUra="68" who="3" fromWho="2" sc="290,0,240,0,230,-55,220,75" /><INIT seed="1,0,0,0,4,135" ten="290,240,175,295" oya="1" hai0="59,79,96,33,124,92,70,28,71,63,91,105,68" hai1="14,64,104,132,66,114,87,90,62,4,109,9,67" hai2="48,119,34,32,19,12,46,7,5,103,23,131,72" hai3="17,8,100,134,69,129,1,86,123,74,61,118,108"/><U83/><E114/><V93/><F119/><W125/><RYUUKYOKU type="yao9" ba="0,0" sc="290,0,240,0,175,0,295,0" hai3="1,8,17,61,69,74,86,100,108,118,123,125,129,134" /><INIT seed="1,1,0,4,0,75" ten="290,240,175,295" oya="1" hai0="72,30,82,58,94,90,53,12,39,59,87,95,119" hai1="88,32,29,33,20,134,26,68,92,63,128,22,24" hai2="120,10,86,98,126,14,96,66,38,116,103,115,48" hai3="79,0,85,91,16,70,52,123,56,35,62,55,125"/><U17/><E128/><V60/><F120/><W131/><G0/><T127/><D119/><U76/><E134/><V77/><F116/><W43/><G43/><T80/><D39/><U135/><E135/><V108/><F38/><W124/><G35/><T65/><D127/><N who="3" m="48713" /><G131/><T18/><D30/><U110/><E110/><V78/><F108/><W34/><G34/><T99/><D65/><U117/><E117/><V57/><F126/><W109/><G123/><T19/><D59/><U37/><E37/><V3/><F3/><W44/><G70/><T112/><D112/><U28/><E17/><V8/><F115/><W40/><G55/><T46/><D46/><U121/><E121/><V13/><F86/><W113/><G113/><T104/><D104/><U130/><E76/><N who="2" m="29291" /><F48/><W67/><G67/><T114/><D114/><U49/><E49/><V11/><F103/><W74/><G109/><T45/><D72/><U84/><E130/><V64/><F66/><AGARI ba="1,0" hai="20,22,24,26,28,29,32,33,63,66,68,84,88,92" machi="66" ten="40,3900,0" yaku="9,1,54,1" doraHai="75" who="1" fromWho="2" sc="290,0,240,42,175,-42,295,0" /><INIT seed="1,2,0,1,2,17" ten="290,282,133,295" oya="1" hai0="40,59,6,30,83,121,20,4,123,91,98,14,23" hai1="135,44,115,85,111,101,94,79,48,42,130,120,43" hai2="124,51,25,31,132,3,50,87,92,19,116,102,103" hai3="57,33,104,28,89,96,109,10,81,76,12,67,53"/><U105/><E115/><V1/><F116/><W35/><G67/><T99/><D40/><U32/><E120/><N who="0" m="46153" /><D59/><U77/><E32/><V108/><F108/><W133/><G133/><T113/><D113/><U74/><E135/><V126/><F19/><W63/><G109/><T119/><D119/><U22/><E74/><V52/><F51/><W49/><G28/><T36/><D36/><U127/><E111/><V75/><F75/><W122/><G122/><T26/><D83/><U112/><E112/><V78/><F132/><W66/><G104/><T5/><D91/><U41/><E105/><V114/><F114/><W100/><G100/><T13/><D99/><N who="1" m="59639" /><E127/><N who="2" m="48683" /><F103/><W21/><G96/><T54/><D98/><U118/><E130/><V46/><F102/><W69/><G89/><T80/><D80/><N who="1" m="47247" /><E79/><V38/><F38/><W47/><G69/><T18/><D54/><N who="1" m="29959" /><E118/><V27/><F78/><W68/><G68/><T107/><D107/><U70/><E70/><V15/><F92/><W128/><G128/><T71/><D71/><U134/><E134/><V16/><F87/><N who="3" m="48551" /><G33/><T72/><D72/><U62/><E62/><V106/><F106/><W97/><G35/><T95/><D95/><U65/><E65/><V90/><F90/><W55/><G97/><T2/><D2/><U73/><E73/><V61/><F1/><W9/><G66/><T88/><D88/><U34/><E34/><V24/><F3/><W0/><G0/><T37/><D37/><U7/><E7/><V56/><F61/><W60/><G60/><T117/><D117/><U84/><E84/><V110/><F110/><RYUUKYOKU ba="2,0" sc="290,10,282,10,133,-30,295,10" hai0="4,5,6,13,14,18,20,23,26,30" hai1="22,41,42,43" hai3="9,10,12,21,47,49,53,55,57,63" /><INIT seed="1,3,0,2,1,117" ten="300,292,103,305" oya="1" hai0="12,27,83,8,89,91,0,98,76,62,35,73,20" hai1="1,69,42,77,14,132,19,63,32,124,52,71,45" hai2="125,128,5,39,11,80,120,79,116,67,109,23,130" hai3="92,121,59,82,28,13,60,30,34,56,61,75,134"/><U58/><E1/><V113/><F116/><W7/><G92/><T105/><D105/><U107/><E107/><V54/><F109/><W49/><G49/><T48/><D48/><U101/><E101/><V94/><F125/><W81/><G7/><T123/><D62/><U33/><E124/><V15/><F113/><W126/><G13/><T9/><D9/><U26/><E77/><V43/><F67/><W68/><G68/><T57/><D57/><U64/><E132/><V47/><F120/><W44/><G44/><T31/><D98/><U87/><E87/><V38/><F38/><W6/><G6/><N who="0" m="1095" /><D123/><U2/><E2/><V122/><F122/><W114/><G134/><T17/><AGARI ba="3,0" hai="12,17,20,27,31,35,73,76,83,89,91" m="1095" machi="17" ten="30,1100,0" yaku="24,1" doraHai="117" who="0" fromWho="0" sc="300,20,292,-8,103,-6,305,-6" /><INIT seed="2,0,0,0,5,37" ten="320,284,97,299" oya="2" hai0="74,98,48,129,4,34,27,42,62,0,2,135,41" hai1="40,72,95,116,12,61,32,82,132,80,51,31,87" hai2="68,107,17,67,33,5,104,122,53,45,120,58,49" hai3="43,64,8,9,56,133,128,126,69,125,52,118,105"/><V54/><F33/><W38/><G105/><T36/><D129/><U14/><E116/><V90/><F5/><W117/><G9/><T115/><D115/><U1/><E1/><V134/><F134/><W26/><G26/><T75/><D135/><U84/><E72/><V66/><F107/><W63/><G8/><T111/><D111/><U113/><E113/><V65/><F104/><W29/><G29/><T47/><D62/><U109/><E109/><V114/><F114/><W86/><G86/><T6/><D98/><U7/><E61/><V23/><F68/><W11/><G11/><T44/><D6/><U110/><E95/><V15/><REACH who="2" step="1"/><F90/><REACH who="2" ten="320,284,87,299" step="2"/><W92/><G133/><T93/><D4/><U25/><E7/><V131/><F131/><W127/><G128/><T18/><D34/><U21/><E132/><V96/><F96/><W24/><G118/><T85/><D0/><U46/><E32/><V81/><F81/><W89/><G117/><T121/><D2/><U79/><E110/><V76/><F76/><AGARI ba="0,1" hai="12,14,21,25,31,40,46,51,76,79,80,82,84,87" machi="76" ten="30,7700,0" yaku="7,1,9,1,8,1,52,1" doraHai="37" who="1" fromWho="2" sc="320,0,284,87,87,-77,299,0" /><INIT seed="3,0,0,5,2,108" ten="320,371,10,299" oya="3" hai0="128,135,15,56,119,27,78,37,121,2,96,118,28" hai1="54,11,90,48,77,129,1,23,122,120,102,21,93" hai2="18,115,7,33,110,123,99,86,36,124,94,116,131" hai3="105,6,63,95,3,59,17,47,74,58,57,46,13"/><W106/><G74/><T34/><D121/><U62/><E129/><V69/><F86/><W41/><G63/><T8/><D37/><U5/><E77/><V83/><F94/><W51/><G3/><T75/><D96/><U19/><E102/><V32/><F83/><W45/><G6/><T16/><D56/><U111/><E111/><V91/><F18/><W82/><G82/><T50/><D78/><U101/><E101/><V87/><F91/><W103/><G105/><T104/><D104/><U72/><E72/><V65/><F87/><W134/><G134/><T30/><D75/><U0/><E0/><V80/><F99/><N who="3" m="59903" /><G106/><T98/><D98/><U44/><E62/><V10/><F80/><W100/><G100/><T132/><D128/><U117/><E117/><N who="0" m="44553" /><D50/><U85/><REACH who="1" step="1"/><E21/><AGARI ba="0,0" hai="13,17,21,41,45,46,47,51,57,58,59" m="59903" machi="21" ten="30,1500,0" yaku="8,1" doraHai="108" who="3" fromWho="1" sc="320,0,371,-15,10,0,299,15" /><INIT seed="3,1,0,4,5,37" ten="320,356,10,314" oya="3" hai0="65,31,126,47,21,66,16,44,36,64,27,51,100" hai1="5,39,34,23,40,19,97,62,102,26,90,105,17" hai2="103,3,33,20,4,30,54,68,76,124,18,56,57" hai3="12,109,0,135,123,78,46,6,121,101,89,108,43"/><W7/><G101/><T118/><D118/><U55/><E34/><V75/><F68/><W11/><G78/><T92/><D126/><U8/><E90/><V131/><F124/><W10/><G89/><T63/><D36/><U22/><E62/><V122/><F103/><W59/><G59/><T99/><D47/><U28/><E55/><V125/><F125/><W133/><G46/><T80/><D80/><U81/><E81/><N who="2" m="45215" /><F54/><W119/><G43/><N who="0" m="24991" /><D63/><U88/><E88/><V85/><F85/><W83/><G83/><T106/><D106/><U132/><E132/><N who="3" m="50762" /><G119/><T82/><D82/><U79/><E79/><V29/><F131/><W96/><G96/><T87/><D87/><U35/><E39/><V110/><F110/><AGARI ba="1,0" hai="0,6,7,10,11,12,108,109,110,121,123" m="50762" machi="110" ten="30,12000,1" yaku="14,1,10,1,20,1,34,2" doraHai="37" who="3" fromWho="2" sc="320,0,356,0,10,-123,314,123" owari="320,-8.0,356,15.6,-113,-61.3,437,53.7" /></mjloggm>