<mjloggm ver="2.3"><GO type="169" lobby="0"/><UN n0="%61%79%61%70%69%6E" n1="%E8%B5%A4%E5%9F%8E%E7%9C%9F%E5%AD%90" n2="%E3%82%B5%E3%83%96%E3%82%A2%E3%83%A9%E3%83%89" n3="%E7%9C%9F%E3%81%AE%E9%9B%80%E5%A3%AB%E3%81%86%E3%81%BE%E3%81%9F%E3%82%93" dan="16,17,16,17" rate="2183.00,2172.41,2032.67,2139.32" sx="M,F,M,M"/><TAIKYOKU oya="0"/><INIT seed="0,0,0,4,3,60" ten="250,250,250,250" oya="0" hai0="11,122,38,78,102,56,49,18,98,88,85,126,33" hai1="119,135,15,21,53,23,40,36,101,117,13,4,83" hai2="58,109,72,99,95,24,0,70,84,47,116,127,59" hai3="111,105,107,69,44,57,37,100,52,8,61,110,103"/><T5/><D33/><U63/><E135/><V9/><F72/><W90/><G90/><T123/><D38/><U93/><E36/><V27/><F70/><W2/><G8/><T19/><D78/><U16/><E40/><V22/><F127/><W66/><G2/><T121/><D126/><U6/><E83/><V76/><F109/><N who="3" m="41483" /><G103/><T42/><D42/><U46/><E46/><V26/><F116/><W35/><G35/><T128/><D128/><U29/><E63/><V54/><F9/><W120/><G120/><T129/><D129/><U108/><E53/><V82/><F0/><W50/><G100/><T30/><D30/><U41/><E41/><AGARI ba="0,0" hai="37,41,44,50,52,57,61,66,69,105,107" m="41483" machi="41" ten="30,7700,0" yaku="24,1,14,1,52,1,54,1" doraHai="60" who="3" fromWho="1" sc="250,0,250,-77,250,0,250,77" /><INIT seed="1,0,0,3,5,79" ten="250,173,250,327" oya="1" hai0="58,117,70,28,119,55,35,4,127,1,23,131,65" hai1="25,54,135,17,0,134,12,42,33,96,110,41,46" hai2="118,59,126,75,24,27,121,116,21,9,68,16,97" hai3="72,81,77,44,47,7,19,76,66,26,67,107,87"/><U52/><E0/><V30/><F68/><W111/><G107/><T60/><D127/><U104/><E110/><V2/><F97/><W64/><G111/><T85/><D131/><U124/><E124/><V114/><F75/><W53/><G7/><T94/><D35/><U57/><E25/><V6/><F59/><W129/><G129/><T63/><D28/><U62/><E33/><V39/><F39/><W115/><G115/><T125/><D23/><U29/><E29/><V18/><F126/><W122/><G122/><T130/><D130/><U112/><E112/><V105/><F105/><W31/><G19/><T56/><D125/><U38/><E42/><V93/><F93/><W61/><G61/><T36/><D36/><U84/><E54/><V99/><F99/><W108/><G53/><T13/><D13/><U100/><REACH who="1" step="1"/><E84/><REACH who="1" ten="250,163,250,327" step="2"/><V82/><F114/><W50/><G108/><T91/><D1/><U32/><E32/><N who="2" m="20551" /><F121/><W128/><G128/><T92/><D117/><N who="2" m="45162" /><F82/><W49/><G81/><T37/><D119/><U102/><E102/><V20/><F20/><AGARI ba="0,1" hai="12,17,20,38,41,46,52,57,62,96,100,104,134,135" machi="20" ten="40,7700,0" yaku="1,1,54,1,53,1" doraHai="79" doraHaiUra="14" who="1" fromWho="2" sc="250,0,163,87,250,-77,327,0" /><INIT seed="1,1,0,2,0,15" ten="250,250,173,327" oya="1" hai0="79,6,85,50,29,74,101,78,92,18,77,124,81" hai1="112,7,96,65,127,113,49,107,25,94,33,32,0" hai2="57,45,135,41,47,115,128,54,118,102,109,42,122" hai3="80,90,114,37,125,76,27,35,53,34,26,17,134"/><U120/><E120/><V83/><F122/><W44/><G114/><T48/><D124/><U103/><E127/><V130/><F118/><W105/><G105/><T98/><D6/><U93/><E112/><V82/><F102/><W64/><G134/><T58/><D29/><U22/><E113/><V4/><F4/><W131/><G131/><N who="2" m="50217" /><F115/><W1/><G1/><T13/><D74/><U97/><E49/><N who="0" m="19049" /><D58/><U28/><E107/><V55/><F135/><W36/><G34/><T30/><D30/><U59/><E7/><V71/><F109/><W89/><G35/><T104/><D104/><U88/><REACH who="1" step="1"/><E0/><REACH who="1" ten="250,240,173,327" step="2"/><V46/><F71/><W5/><G125/><T10/><AGARI ba="1,1" hai="10,13,18,77,78,79,81,85,92,98,101" m="19049" machi="10" ten="30,2000,0" yaku="8,1,52,1" doraHai="15" who="0" fromWho="0" sc="250,33,240,-11,173,-6,327,-6" /><INIT seed="2,0,0,4,3,15" ten="283,229,167,321" oya="2" hai0="49,95,53,62,56,8,106,127,112,119,129,122,18" hai1="9,24,78,90,130,58,132,13,99,37,77,85,102" hai2="6,10,12,92,68,97,75,7,114,89,105,11,121" hai3="109,22,115,64,67,70,125,1,65,35,73,5,117"/><V38/><F121/><W72/><G35/><T36/><D122/><U100/><E37/><V118/><F118/><W3/><G5/><T27/><D106/><U44/><E130/><V34/><F114/><W20/><G117/><T93/><D129/><U91/><E132/><V135/><F135/><W134/><G134/><T96/><D112/><U25/><E44/><V55/><F34/><W40/><G40/><T80/><D36/><U60/><E24/><V2/><F68/><W94/><G94/><T88/><D119/><U116/><E25/><V41/><F75/><W31/><G31/><T14/><D127/><U126/><E126/><V50/><F105/><W103/><G103/><N who="1" m="39466" /><E99/><V29/><F29/><W59/><G70/><T120/><D120/><U47/><E47/><V110/><F110/><W131/><G131/><T39/><D39/><U84/><E84/><V17/><F38/><W28/><G115/><T4/><D93/><N who="1" m="54479" /><E91/><V54/><F41/><W45/><G109/><T87/><D27/><U113/><E113/><V0/><REACH who="2" step="1"/><F50/><REACH who="2" ten="283,229,157,321" step="2"/><W46/><G73/><T86/><D49/><U123/><E123/><V74/><F74/><W61/><G72/><T19/><D87/><U16/><E116/><V32/><F32/><W98/><G28/><T79/><AGARI ba="0,1" hai="4,8,14,18,19,53,56,62,79,80,86,88,95,96" machi="79" ten="20,12000,2" yaku="0,1,7,1,8,1,52,2,54,1" doraHai="15" who="0" fromWho="0" sc="283,130,229,-30,157,-60,321,-30" /><INIT seed="3,0,0,0,0,80" ten="413,199,97,291" oya="3" hai0="31,81,55,108,12,79,37,103,50,74,22,64,86" hai1="105,112,53,70,51,11,110,27,58,106,42,131,93" hai2="127,14,76,29,109,21,56,84,19,36,126,46,16" hai3="61,30,71,90,23,35,120,26,77,32,83,13,98"/><W122/><G71/><T115/><D37/><U100/><E112/><V48/><F109/><W99/><G61/><T1/><D1/><U67/><E110/><V114/><F114/><W96/><G90/><T41/><D115/><U107/><E131/><V6/><F36/><W10/><G32/><T95/><D41/><U87/><E42/><V128/><F128/><W116/><G35/><T60/><D108/><U135/><E135/><V0/><F29/><W91/><G91/><T8/><D74/><U104/><E11/><V94/><F56/><W111/><G116/><T124/><D124/><U38/><E38/><V85/><F94/><W132/><G132/><T40/><D40/><U133/><E87/><N who="2" m="33355" /><F76/><W43/><G111/><T97/><D31/><U49/><E93/><V69/><F69/><W82/><G77/><T17/><D64/><U57/><E70/><V121/><F121/><W7/><G120/><T9/><D60/><U66/><E105/><V123/><F123/><W75/><G75/><T47/><AGARI ba="0,0" hai="8,9,12,17,22,47,50,55,79,81,86,95,97,103" machi="47" ten="20,5200,0" yaku="0,1,7,1,8,1,52,1" doraHai="80" who="0" fromWho="0" sc="413,52,199,-13,97,-13,291,-26" /><INIT seed="4,0,0,3,0,41" ten="465,186,84,265" oya="0" hai0="90,109,129,73,2,77,93,81,63,98,100,123,94" hai1="32,113,61,111,21,92,122,120,16,65,71,11,62" hai2="87,133,82,48,38,74,114,53,45,75,6,36,78" hai3="58,127,12,108,9,89,30,19,20,96,24,69,55"/><T79/><D2/><U27/><E111/><V67/><F114/><W51/><G108/><T95/><D63/><U5/><E113/><V135/><F6/><W35/><G127/><T70/><D70/><U15/><E32/><V26/><F67/><W49/><G69/><T0/><D0/><U99/><REACH who="1" step="1"/><E62/><REACH who="1" ten="465,176,84,265" step="2"/><V91/><F74/><W10/><G35/><T59/><D109/><U66/><E66/><V8/><F26/><W76/><G51/><T85/><D123/><U50/><E50/><V57/><F36/><W31/><G49/><T18/><D129/><U14/><E14/><V46/><F38/><W3/><G12/><T40/><D40/><U126/><E126/><V68/><F68/><W118/><G3/><T23/><D59/><U88/><AGARI ba="0,1" hai="5,11,15,16,21,27,61,65,71,88,92,99,120,122" machi="88" ten="20,8000,1" yaku="1,1,0,1,7,1,54,2,53,0" doraHai="41" doraHaiUra="121" who="1" fromWho="1" sc="465,-40,176,90,84,-20,265,-20" /><INIT seed="5,0,0,3,2,7" ten="425,266,64,245" oya="1" hai0="30,3,104,132,29,119,85,99,37,33,128,57,95" hai1="64,56,42,10,100,62,59,41,125,38,39,67,15" hai2="0,91,13,46,81,68,123,65,110,19,75,23,113" hai3="83,112,47,43,53,124,36,21,102,9,31,78,133"/><U49/><E125/><V116/><F110/><W120/><G124/><T106/><D37/><N who="1" m="13835" /><E10/><V76/><F116/><W50/><G120/><T107/><D3/><U135/><E15/><V97/><F123/><W109/><G109/><T127/><D119/><U4/><E4/><V34/><F34/><W44/><G9/><T89/><D127/><U61/><E100/><V98/><F0/><W55/><G102/><T45/><D33/><U126/><E126/><V90/><F46/><W28/><G36/><T71/><D29/><U66/><E135/><V17/><F17/><W63/><G133/><T18/><D30/><U6/><E6/><V60/><F113/><W40/><G112/><T14/><D132/><U5/><E5/><V27/><F27/><W122/><G122/><T32/><D32/><U82/><E82/><V88/><AGARI ba="0,0" hai="13,19,23,60,65,68,75,76,81,88,90,91,97,98" machi="88" ten="30,2000,0" yaku="0,1,54,1" doraHai="7" who="2" fromWho="2" sc="425,-5,266,-10,64,20,245,-5" /><INIT seed="6,0,0,2,3,94" ten="420,256,84,240" oya="2" hai0="32,23,18,27,34,50,103,58,42,66,2,61,79" hai1="87,60,49,126,51,73,98,45,125,89,17,120,129" hai2="95,112,16,123,68,29,69,64,80,119,15,81,72" hai3="30,53,114,110,91,85,124,77,132,9,47,33,5"/><V134/><F123/><W21/><G110/><T41/><D2/><U101/><E73/><V93/><F119/><W35/><G77/><T37/><D37/><U70/><E120/><V106/><F106/><W4/><G4/><T105/><D79/><U24/><E129/><V19/><F134/><W133/><G124/><N who="1" m="47722" /><E17/><V127/><F127/><W6/><G114/><T20/><D34/><U117/><E24/><V40/><F40/><W99/><G21/><T11/><D32/><U115/><E115/><V0/><F0/><W75/><G75/><T111/><D11/><U12/><E12/><V109/><F112/><W1/><G5/><T8/><D8/><U88/><E117/><V84/><F109/><W31/><G33/><T52/><D111/><U76/><E76/><V28/><F72/><W96/><G53/><T48/><D48/><N who="1" m="18507" /><E87/><V22/><F84/><W82/><G47/><T122/><D122/><U71/><E45/><V25/><F25/><N who="3" m="18895" /><G31/><T104/><D23/><U74/><E74/><V135/><F135/><AGARI ba="0,0" hai="1,6,9,82,85,91,96,99,132,133,135" m="18895" machi="135" ten="30,3900,0" yaku="20,1,52,2" doraHai="94" who="3" fromWho="2" sc="420,0,256,0,84,-39,240,39" /><INIT seed="7,0,0,5,2,89" ten="420,256,45,279" oya="3" hai0="109,6,27,29,128,78,75,114,116,120,22,82,25" hai1="16,55,102,80,108,135,47,111,67,129,76,92,8" hai2="104,83,43,52,5,130,42,132,35,20,64,1,77" hai3="131,50,96,66,103,70,126,9,13,118,56,30,88"/><W28/><G118/><T73/><D116/><U99/><E129/><V110/><F35/><W115/><G115/><T98/><D109/><U26/><E135/><V10/><F110/><W84/><G70/><T62/><D128/><U57/><E67/><V74/><F130/><W65/><G126/><T41/><D120/><U3/><E47/><V68/><F132/><W87/><G87/><T45/><D6/><U60/><E3/><V86/><F104/><W122/><G122/><T117/><D114/><U72/><REACH who="1" step="1"/><E26/><REACH who="1" ten="420,246,45,279" step="2"/><V133/><F133/><W127/><G131/><T53/><D117/><U37/><E37/><V125/><F125/><W91/><G127/><T90/><D27/><U79/><E79/><V4/><F64/><N who="3" m="24683" /><G56/><T7/><D7/><U121/><E121/><V71/><F5/><N who="3" m="3247" /><G50/><T112/><D112/><U44/><E44/><V18/><F71/><W0/><G0/><T36/><D53/><U15/><AGARI ba="0,1" hai="8,15,16,55,57,60,72,76,80,92,99,102,108,111" machi="15" ten="30,7900,0" yaku="1,1,0,1,52,1,54,1,53,0" doraHai="89" doraHaiUra="69" who="1" fromWho="1" sc="420,-20,246,89,45,-20,279,-39" owari="400,50.0,335,13.5,25,-47.5,240,-16.0" /></mjloggm>