<mjloggm ver="2.3"><GO type="169" lobby="0"/><UN n0="%6B%61%74%65%72%69%6E%61" n1="%E3%81%86%E3%81%AA%E3%81%8E%E9%BA%BA" n2="%74%61%6B%61%74%6F%72%69" n3="%67%6F%72%64%6F%6E%31%33" dan="17,17,16,16" rate="2185.25,2237.54,2035.29,2150.26" sx="M,M,M,M"/><TAIKYOKU oya="0"/><INIT seed="0,0,0,5,1,76" ten="250,250,250,250" oya="0" hai0="9,133,108,135,95,8,113,82,97,101,125,33,21" hai1="91,11,50,39,19,34,22,7,63,30,27,121,5" hai2="51,104,123,122,60,112,13,10,118,53,71,29,105" hai3="115,57,75,38,28,116,37,94,61,74,126,14,17"/><T131/><D113/><U15/><E39/><V32/><F112/><W4/><G115/><T25/><D33/><U62/><E121/><V43/><F118/><W92/><G116/><T117/><D117/><U65/><E5/><V12/><F12/><W132/><G132/><N who="0" m="50763" /><D131/><U100/><E100/><V54/><F43/><W110/><G110/><T102/><D102/><U111/><E111/><V68/><F29/><W23/><G126/><T40/><D40/><U120/><E120/><V96/><F32/><W77/><G28/><N who="0" m="17455" /><D108/><U16/><E19/><V52/><F51/><W35/><G4/><T98/><D98/><U106/><E106/><V83/><F96/><W99/><G35/><T129/><D129/><U79/><E79/><V128/><F128/><W130/><G130/><T119/><D119/><U59/><E91/><V73/><F123/><W56/><G56/><T80/><D125/><U90/><E90/><V85/><F122/><W18/><G18/><T88/><D101/><U48/><REACH who="1" step="1"/><E63/><REACH who="1" ten="250,240,250,250" step="2"/><V41/><F60/><W36/><G77/><T2/><D2/><AGARI ba="0,1" hai="2,7,11,15,16,22,27,30,34,48,50,59,62,65" machi="2" ten="30,12000,2" yaku="1,1,2,1,7,1,24,2,54,1,53,0" doraHai="76" doraHaiUra="81" who="1" fromWho="0" sc="250,-120,240,130,250,0,250,0" /><INIT seed="1,0,0,1,3,125" ten="130,370,250,250" oya="1" hai0="117,11,100,126,106,74,60,66,111,122,31,91,18" hai1="133,94,89,62,128,32,88,7,67,109,87,25,13" hai2="24,77,120,14,84,93,30,8,127,59,98,108,41" hai3="35,42,16,107,118,44,104,73,102,26,85,99,114"/><U48/><E133/><V20/><F120/><W134/><G114/><T21/><D117/><U69/><E109/><V97/><F127/><W113/><G113/><T2/><D126/><U50/><E128/><V19/><F108/><W130/><G73/><T12/><D74/><U23/><E32/><V82/><F41/><W61/><G130/><T15/><D111/><U78/><E78/><V22/><F93/><W79/><G118/><T37/><D37/><U80/><E13/><V46/><F46/><W3/><G3/><T75/><D75/><U28/><REACH who="1" step="1"/><E7/><REACH who="1" ten="130,360,250,250" step="2"/><V47/><F77/><W5/><G5/><T90/><D15/><U71/><E71/><V29/><F14/><W121/><G35/><T0/><D0/><U101/><E101/><V86/><F24/><W70/><G70/><T1/><D1/><U65/><E65/><V119/><F119/><W49/><G79/><T110/><D110/><U123/><E123/><V115/><F115/><W72/><G134/><T81/><D2/><U45/><E45/><V83/><F47/><W64/><G121/><T57/><D122/><U63/><E63/><V129/><F129/><W36/><G61/><T34/><D34/><U39/><E39/><V33/><F33/><W52/><G64/><T10/><D60/><U103/><E103/><V95/><F59/><W131/><G131/><T96/><D57/><U92/><E92/><V135/><F95/><W132/><G132/><T76/><D66/><U56/><E56/><V9/><F135/><W124/><G36/><T116/><D116/><U43/><E43/><V51/><F51/><RYUUKYOKU ba="0,1" sc="130,-15,360,15,250,15,250,-15" hai1="23,25,28,48,50,62,67,69,80,87,88,89,94" hai2="8,9,19,20,22,29,30,82,83,84,86,97,98" /><INIT seed="1,1,1,4,5,40" ten="115,375,265,235" oya="1" hai0="47,81,128,105,76,93,58,31,124,62,7,30,130" hai1="11,35,117,44,16,34,49,89,67,3,132,32,108" hai2="84,106,6,8,15,115,63,73,102,121,55,41,88" hai3="25,114,46,109,100,56,131,4,110,14,127,18,28"/><U33/><E117/><V134/><F121/><W54/><G114/><T10/><D105/><U113/><E113/><V1/><F134/><W125/><G100/><T80/><D124/><N who="3" m="47689" /><G4/><T120/><D120/><U45/><E35/><V39/><F73/><W26/><G131/><N who="0" m="50219" /><D93/><U69/><E132/><V112/><F102/><W52/><G54/><N who="0" m="34135" /><D81/><U129/><E129/><V36/><F106/><W2/><G2/><N who="0" m="375" /><D47/><U38/><E108/><N who="3" m="41578" /><G46/><T71/><D71/><U19/><E89/><V20/><F115/><W91/><G91/><T51/><D51/><U104/><E104/><V17/><F112/><W95/><G95/><T103/><D103/><U24/><E38/><V12/><F1/><W111/><N who="3" m="41586" /><W96/><DORA hai="116" /><G96/><T65/><D65/><U9/><E67/><V85/><F36/><W133/><G133/><T118/><D118/><U42/><E45/><V126/><F126/><W77/><G77/><T79/><D79/><U123/><E123/><V101/><F101/><W29/><G29/><T87/><AGARI ba="1,1" hai="30,31,76,80,87" m="375,34135,50219" machi="87" ten="30,1100,0" yaku="19,1" doraHai="40,116" who="0" fromWho="0" sc="115,24,375,-6,265,-4,235,-4" /><INIT seed="2,0,0,1,1,128" ten="139,369,261,231" oya="2" hai0="39,65,100,2,105,42,63,16,7,44,104,77,92" hai1="125,71,110,107,1,40,66,72,54,62,53,21,116" hai2="134,32,78,129,41,119,43,79,59,3,102,61,8" hai3="84,106,0,124,88,24,22,70,20,52,30,98,130"/><V51/><F119/><W6/><G130/><T101/><D77/><U113/><E21/><V68/><F129/><W75/><G75/><T73/><D73/><U95/><E95/><V57/><F68/><W94/><G124/><T37/><D37/><U38/><E54/><V126/><F32/><W25/><G70/><T56/><D16/><U28/><E28/><V91/><F102/><W11/><G52/><T23/><D23/><U76/><E76/><V87/><F126/><W60/><G60/><T34/><D34/><U99/><E99/><V82/><F59/><W127/><G127/><T35/><D35/><U14/><E14/><V81/><F91/><W33/><REACH who="3" step="1"/><G24/><REACH who="3" ten="139,369,261,221" step="2"/><T10/><REACH who="0" step="1"/><D92/><REACH who="0" ten="129,369,261,221" step="2"/><U132/><E125/><V90/><F43/><W69/><G69/><T80/><D80/><U55/><E71/><V83/><F83/><W17/><G17/><T103/><AGARI ba="0,2" hai="2,7,10,39,42,44,56,63,65,100,101,103,104,105" machi="103" ten="30,2000,0" yaku="1,1,0,1,53,0" doraHai="128" doraHaiUra="29" who="0" fromWho="0" sc="129,40,369,-5,261,-10,221,-5" /><INIT seed="3,0,0,3,3,43" ten="169,364,251,216" oya="3" hai0="23,79,17,55,88,87,98,72,47,65,81,66,37" hai1="111,117,91,78,112,110,86,135,9,20,28,116,105" hai2="8,90,114,46,115,83,134,45,35,54,122,53,21" hai3="58,120,63,6,24,48,77,2,12,71,41,100,44"/><W36/><G120/><T30/><D30/><U64/><E64/><V133/><F35/><W118/><G118/><N who="1" m="45674" /><E9/><V39/><F122/><W104/><G2/><T119/><D119/><U85/><E28/><V95/><F83/><W82/><G24/><T22/><D22/><U52/><E20/><V29/><F8/><N who="3" m="4119" /><G104/><T125/><D125/><U92/><E52/><N who="2" m="20075" /><F39/><W16/><G100/><T99/><D72/><U84/><E112/><V56/><F56/><W62/><G71/><T68/><D68/><U34/><E34/><V38/><F38/><W15/><G58/><T7/><D7/><U101/><E135/><N who="2" m="51723" /><F115/><W106/><G36/><T129/><D129/><U113/><E113/><V1/><F1/><W75/><G75/><T108/><D108/><N who="1" m="41515" /><E78/><V89/><F114/><W49/><G49/><N who="0" m="29119" /><D37/><U128/><E128/><V124/><F124/><W69/><G69/><T102/><D79/><U5/><E5/><V80/><F80/><W3/><G3/><T19/><D66/><U94/><E105/><V50/><F50/><W76/><G106/><T130/><D65/><U13/><E13/><V126/><F126/><W61/><G82/><T42/><D130/><U27/><E27/><N who="2" m="16623" /><F90/><W60/><N who="3" m="15360" /><DORA hai="4" /><W59/><G59/><T107/><D107/><U73/><E73/><V70/><F70/><W121/><G121/><T74/><D74/><U109/><E109/><V10/><F10/><AGARI ba="0,0" hai="10,15,16,41,44,48,76,77" m="15360,4119" machi="10" ten="40,12000,1" yaku="8,1,52,3,54,1" doraHai="43,4" who="3" fromWho="2" sc="169,0,364,0,251,-120,216,120" /><INIT seed="3,1,0,5,0,13" ten="169,364,131,336" oya="3" hai0="36,90,86,29,46,117,0,27,75,12,78,42,84" hai1="116,53,125,7,1,96,19,51,57,79,133,3,34" hai2="56,30,122,103,54,99,118,33,108,66,28,43,88" hai3="77,17,67,22,95,112,64,20,72,102,41,52,131"/><W134/><G112/><T26/><D117/><U76/><E34/><V65/><F118/><W127/><G127/><T123/><D123/><U107/><E116/><V113/><F113/><W39/><G131/><T6/><D90/><U60/><E79/><V130/><F108/><W98/><G134/><T10/><D26/><U135/><E76/><V129/><F43/><W40/><G22/><T21/><REACH who="0" step="1"/><D12/><REACH who="0" ten="159,364,131,336" step="2"/><U109/><E125/><V120/><F88/><W93/><G77/><T61/><D61/><U44/><E109/><V85/><F122/><W47/><G72/><T121/><D121/><U97/><E60/><V2/><F120/><W16/><G102/><T50/><D50/><U14/><E14/><V126/><F130/><W32/><G39/><T62/><D62/><U132/><E51/><V18/><F129/><W80/><G32/><T37/><D37/><U119/><E119/><V101/><F101/><W38/><G38/><T69/><D69/><U94/><E135/><V48/><F126/><W58/><G80/><AGARI ba="1,1" hai="0,6,10,21,27,29,36,42,46,75,78,80,84,86" machi="80" ten="40,8000,1" yaku="1,1,25,2,53,2" doraHai="13" doraHaiUra="82" who="0" fromWho="3" sc="159,93,364,0,131,0,336,-83" /><INIT seed="4,0,0,4,2,117" ten="252,364,131,253" oya="0" hai0="112,48,45,5,76,51,11,67,69,46,110,90,96" hai1="89,84,77,120,64,123,70,94,106,93,17,58,88" hai2="104,15,2,80,130,38,102,16,59,83,23,55,74" hai3="127,91,19,18,41,133,62,118,27,6,20,126,100"/><T111/><D76/><U109/><E70/><V135/><F130/><W39/><G118/><T61/><D112/><U9/><E109/><N who="0" m="41481" /><D90/><U85/><E106/><V115/><F135/><W63/><G133/><T7/><D96/><U42/><E42/><V30/><F38/><W56/><G100/><T114/><D114/><U65/><E77/><V12/><F2/><W131/><G131/><T81/><D81/><U0/><E17/><V95/><F104/><W97/><G6/><T75/><D75/><U43/><E43/><V129/><F129/><W53/><G63/><T71/><D71/><U34/><E34/><V37/><F37/><W50/><G39/><T87/><D87/><U60/><E65/><V29/><F12/><W31/><G126/><T73/><D73/><U8/><E8/><V35/><F74/><W82/><G127/><T78/><D78/><U122/><REACH who="1" step="1"/><E120/><REACH who="1" ten="252,354,131,253" step="2"/><V113/><F35/><W92/><G41/><N who="0" m="24623" /><D11/><U28/><E28/><N who="2" m="10859" /><F115/><W14/><G19/><T101/><D101/><U47/><E47/><V72/><F113/><W57/><G31/><T49/><D46/><U3/><E3/><V25/><F72/><W10/><G10/><T33/><D33/><U21/><E21/><V13/><F83/><W79/><G82/><T68/><D68/><U52/><E52/><V4/><F80/><W32/><G32/><T44/><D44/><U66/><E66/><V132/><F132/><W134/><G134/><T24/><D7/><AGARI ba="0,1" hai="0,7,9,58,60,64,84,85,88,89,93,94,122,123" machi="7" ten="40,8000,1" yaku="1,1,9,1,52,2,54,1,53,0" doraHai="117" doraHaiUra="40" who="1" fromWho="0" sc="252,-80,354,90,131,0,253,0" /><INIT seed="5,0,0,4,5,69" ten="172,444,131,253" oya="1" hai0="35,102,29,34,2,74,11,12,91,26,53,100,40" hai1="80,125,82,103,57,4,10,37,116,8,41,3,75" hai2="133,95,19,106,81,83,58,120,6,33,70,96,31" hai3="79,97,30,110,43,42,50,93,32,62,48,132,77"/><U112/><E116/><V101/><F120/><W92/><G110/><T59/><D74/><U72/><E103/><V56/><F133/><W0/><G0/><T15/><D35/><U20/><E20/><V13/><F6/><W124/><G132/><T114/><D114/><U5/><E57/><V66/><F95/><W89/><G30/><T127/><D127/><U131/><E125/><V86/><F83/><W134/><G32/><T39/><D91/><U129/><E41/><N who="3" m="15370" /><G134/><T85/><D85/><U130/><E112/><V73/><F73/><W94/><G62/><T119/><D119/><U55/><E131/><V88/><F31/><W105/><G105/><T38/><D15/><U121/><E55/><V25/><F25/><W28/><G28/><T109/><D109/><U111/><E111/><V90/><F33/><W46/><G50/><T7/><D2/><U78/><E78/><N who="3" m="29706" /><G124/><T122/><D122/><U9/><E9/><V108/><F108/><W51/><G51/><T52/><D53/><AGARI ba="0,0" hai="46,48,53,89,92,93,94,97" m="29706,15370" machi="53" ten="30,1000,0" yaku="8,1" doraHai="69" who="3" fromWho="0" sc="172,-10,444,0,131,0,253,10" /><INIT seed="6,0,0,2,3,115" ten="162,444,131,263" oya="2" hai0="58,94,121,43,109,99,52,26,134,68,12,45,51" hai1="71,123,41,85,14,102,25,100,77,96,1,105,69" hai2="75,83,126,119,42,117,60,54,72,31,116,103,106" hai3="47,111,29,133,91,13,80,20,98,49,108,79,92"/><V70/><F42/><W48/><G133/><T78/><D109/><U135/><E1/><V67/><F54/><W34/><G34/><T21/><D121/><U37/><E102/><V9/><F9/><W130/><G130/><T97/><D68/><U89/><E77/><N who="2" m="44455" /><F31/><W113/><G49/><T61/><D134/><U4/><E123/><V10/><F10/><W81/><G81/><T127/><D127/><U18/><E25/><V64/><F67/><W40/><G113/><T93/><D78/><U22/><E14/><V38/><F75/><W73/><G29/><T36/><D12/><U101/><E22/><V55/><F55/><W62/><G62/><T27/><D36/><U23/><E23/><V16/><F16/><W104/><G20/><T112/><D112/><U128/><E18/><V44/><F126/><W32/><G13/><T53/><D43/><U84/><E41/><N who="2" m="22583" /><F103/><N who="3" m="62583" /><G32/><T59/><D45/><U82/><E101/><V7/><F7/><W129/><G129/><T118/><D21/><U46/><E128/><V122/><F122/><W50/><G50/><T107/><D51/><U39/><E39/><V86/><F86/><AGARI ba="0,0" hai="40,47,48,73,79,80,86,91,92,108,111" m="62583" machi="86" ten="30,1000,0" yaku="24,1" doraHai="115" who="3" fromWho="2" sc="162,0,444,0,131,-10,263,10" /><INIT seed="7,0,0,2,4,100" ten="162,444,121,273" oya="3" hai0="46,12,45,107,84,24,66,70,134,103,65,85,67" hai1="8,106,72,11,43,86,61,79,15,95,37,133,42" hai2="63,124,23,22,115,35,54,82,0,105,49,38,60" hai3="16,77,97,120,117,121,41,59,64,76,87,29,131"/><W99/><G117/><T122/><D122/><U78/><E106/><V39/><F35/><W74/><G74/><T98/><D70/><U109/><E109/><V90/><F0/><W28/><G131/><T123/><D123/><U19/><E72/><V13/><F124/><W111/><G111/><T118/><D118/><U119/><E119/><V52/><F115/><W69/><G69/><T20/><D134/><U104/><E104/><V56/><F105/><W33/><G41/><N who="1" m="15370" /><E37/><V68/><F68/><W128/><G128/><T4/><D4/><N who="1" m="3463" /><E61/><V58/><F49/><W30/><G33/><T55/><D55/><U9/><E133/><V10/><F39/><W132/><G132/><T25/><D12/><N who="1" m="7567" /><E11/><V73/><F38/><W47/><G120/><T102/><D102/><U101/><E86/><V1/><F1/><W114/><G114/><T57/><D98/><AGARI ba="0,0" hai="78,79,95,98,101" m="7567,3463,15370" machi="98" ten="30,1000,0" yaku="8,1" doraHai="100" who="1" fromWho="0" sc="162,-10,444,10,121,0,273,0" owari="152,-24.8,454,55.4,121,-37.9,273,7.3" /></mjloggm>