<mjloggm ver="2.3"><GO type="169" lobby="0"/><UN n0="%E6%AF%94%E5%98%89%E7%A7%80%E4%BB%81" n1="%E3%82%89%E3%81%84%E3%81%82%E3%82%93%E3%81%98%E3%82%83%E3%82%93" n2="%4A%49%4D" n3="%50%44%47%4F%4E" dan="16,16,17,16" rate="2076.15,2094.57,2213.73,2054.89" sx="M,M,F,M"/><TAIKYOKU oya="0"/><INIT seed="0,0,0,0,2,52" ten="250,250,250,250" oya="0" hai0="102,112,28,91,128,3,31,29,97,105,9,18,22" hai1="93,4,51,98,54,121,32,17,44,55,118,40,119" hai2="14,6,104,94,126,25,35,13,2,36,124,66,60" hai3="39,111,19,71,59,61,103,114,132,50,76,123,89"/><T7/><D112/><U107/><E121/><V11/><F36/><W101/><G114/><T21/><D128/><U109/><E109/><V49/><F49/><W69/><G111/><T81/><REACH who="0" step="1"/><D18/><REACH who="0" ten="240,250,250,250" step="2"/><U100/><E17/><V65/><F126/><W1/><G19/><T106/><D106/><U135/><E107/><V45/><F104/><W85/><G123/><T78/><D78/><U26/><E118/><V80/><F124/><W127/><G76/><T113/><D113/><U95/><E119/><V42/><F13/><W0/><G127/><T57/><D57/><U96/><E135/><V68/><F14/><W108/><G59/><T43/><D43/><U74/><E40/><V8/><F42/><W79/><G79/><T12/><D12/><U133/><E133/><V20/><F68/><W110/><G69/><T46/><D46/><U87/><E44/><V53/><F45/><W24/><G71/><T88/><D88/><U83/><E100/><V72/><F25/><W63/><G103/><T62/><D62/><U134/><E134/><V33/><F60/><W75/><G63/><T48/><D48/><U92/><E51/><V120/><F120/><W122/><G24/><T23/><D23/><U116/><E116/><V10/><F20/><W37/><G101/><T77/><D77/><N who="1" m="46575" /><E74/><V90/><F72/><W84/><G75/><T5/><D5/><U58/><E4/><V64/><F6/><W73/><G73/><T115/><D115/><U15/><E15/><V16/><F90/><W56/><G89/><T70/><D70/><U129/><E129/><V30/><F16/><RYUUKYOKU ba="0,1" sc="240,30,250,-10,250,-10,250,-10" hai0="3,7,9,21,22,28,29,31,81,91,97,102,105" /><INIT seed="0,1,1,4,4,44" ten="270,240,240,240" oya="0" hai0="69,118,91,66,83,9,56,70,37,45,28,30,128" hai1="94,11,18,68,117,55,105,57,26,124,10,12,43" hai2="0,78,50,71,92,15,51,120,111,24,61,34,103" hai3="4,114,62,65,121,42,47,79,17,23,67,95,80"/><T74/><D118/><U27/><E117/><V130/><F120/><W104/><G104/><T32/><D128/><U41/><E124/><V21/><F0/><W119/><G114/><T36/><D56/><U40/><E105/><V135/><F34/><W25/><G121/><T22/><D22/><U31/><E68/><V29/><F130/><W59/><G119/><T129/><D129/><U101/><E31/><V109/><F78/><W110/><G110/><N who="2" m="41993" /><F15/><W84/><G95/><T6/><D28/><U20/><E10/><V60/><F135/><W5/><REACH who="3" step="1"/><G65/><REACH who="3" ten="270,240,240,230" step="2"/><T132/><D132/><U125/><E125/><V63/><F71/><W107/><G107/><T123/><D123/><U14/><E14/><V134/><BYE who="1" /><F134/><W108/><G108/><T54/><D66/><U2/><E2/><V76/><F76/><W133/><G133/><T126/><D126/><U116/><E116/><V46/><F46/><W97/><G97/><AGARI ba="1,2" hai="21,24,29,50,51,60,61,63,92,97,103" m="41993" machi="97" ten="30,3900,0" yaku="14,1,52,2" doraHai="44" who="2" fromWho="3" sc="270,0,240,0,240,62,230,-42" /><INIT seed="1,0,0,1,1,38" ten="270,240,302,188" oya="1" hai0="50,16,82,37,122,18,29,75,109,53,23,90,55" hai1="102,113,43,1,30,44,33,131,9,105,120,45,114" hai2="24,108,119,5,124,26,57,85,81,129,35,88,48" hai3="42,98,104,77,135,36,116,14,115,63,6,67,80"/><U89/><E89/><V84/><F119/><W12/><G115/><T101/><D37/><U92/><E92/><V46/><F108/><W31/><G116/><T65/><D109/><U21/><E21/><V134/><F129/><W73/><G135/><T69/><D122/><U100/><E100/><V56/><F134/><W47/><G31/><T72/><D101/><U107/><E107/><V41/><F124/><W74/><G74/><T95/><D29/><U133/><E133/><V2/><F35/><W68/><REACH who="3" step="1"/><G6/><REACH who="3" ten="270,240,302,178" step="2"/><T61/><D72/><U7/><E7/><V8/><F84/><W10/><G10/><T51/><D75/><U70/><E70/><V15/><F2/><W110/><G110/><T112/><D112/><U127/><E127/><V123/><F123/><W87/><G87/><T60/><D23/><U25/><E25/><AGARI ba="0,1" hai="5,8,15,24,25,26,41,46,48,56,57,81,85,88" machi="25" ten="40,5200,0" yaku="8,1,52,1,54,1" doraHai="38" who="2" fromWho="1" sc="270,0,240,-52,302,62,178,0" /><INIT seed="2,0,0,1,4,131" ten="270,188,364,178" oya="2" hai0="47,133,9,68,14,20,29,102,46,19,117,48,52" hai1="121,94,22,122,71,23,128,91,130,39,95,13,17" hai2="8,76,59,104,61,15,55,41,80,1,86,84,43" hai3="78,100,87,10,53,62,44,18,58,134,72,34,28"/><V11/><F104/><W108/><G72/><T119/><D68/><U74/><E74/><V2/><F2/><W90/><G78/><T111/><D111/><U101/><E101/><V112/><F112/><W126/><G108/><T42/><D102/><U66/><E66/><V51/><F1/><W82/><G126/><T6/><D29/><U56/><E56/><V67/><F86/><W57/><G100/><T75/><D75/><U99/><E99/><V12/><F12/><W115/><G115/><T88/><D88/><U5/><E5/><V65/><F8/><UN n1="%E3%82%89%E3%81%84%E3%81%82%E3%82%93%E3%81%98%E3%82%83%E3%82%93" /><W124/><G124/><T24/><REACH who="0" step="1"/><D133/><REACH who="0" ten="260,188,364,178" step="2"/><U125/><E130/><V50/><F76/><W113/><G134/><T81/><D81/><U32/><E128/><V25/><F80/><W49/><G113/><T98/><D98/><U93/><E125/><V116/><F84/><W40/><G28/><T36/><AGARI ba="0,1" hai="6,9,14,19,20,24,36,42,46,47,48,52,117,119" machi="36" ten="30,4000,0" yaku="1,1,0,1,54,1,53,0" doraHai="131" doraHaiUra="110" who="0" fromWho="0" sc="260,50,188,-10,364,-20,178,-10" /><INIT seed="3,0,0,4,5,42" ten="310,178,344,168" oya="3" hai0="107,134,60,69,132,31,15,135,39,52,47,90,117" hai1="17,1,115,122,108,131,57,89,12,34,82,30,18" hai2="55,94,53,6,92,100,120,43,80,49,67,59,0" hai3="5,113,22,99,96,38,37,36,23,91,54,118,128"/><W2/><G113/><T28/><D117/><U45/><E122/><V78/><F120/><W75/><G118/><T61/><D107/><U77/><E115/><V29/><F67/><W13/><G75/><T56/><D90/><U95/><E1/><V102/><F29/><W50/><G128/><T21/><D15/><U16/><E131/><V123/><F123/><W3/><G3/><T51/><D21/><U14/><E108/><V83/><F43/><W24/><G2/><T62/><D69/><U98/><E57/><V35/><F35/><W74/><G74/><T65/><D65/><U87/><REACH who="1" step="1"/><E45/><REACH who="1" ten="310,168,344,168" step="2"/><V129/><F129/><W72/><G72/><T26/><D39/><U32/><E32/><V105/><F59/><W116/><G116/><T114/><D114/><U111/><E111/><V76/><F0/><W11/><G38/><T4/><D135/><U70/><E70/><V85/><F105/><W112/><G112/><T41/><D134/><U101/><E101/><V86/><F102/><W130/><G130/><T8/><D132/><U66/><E66/><V79/><F100/><W125/><G37/><T106/><D106/><U33/><E33/><V40/><F40/><W25/><G36/><T127/><D47/><U97/><E97/><V71/><F71/><W103/><G103/><T124/><D41/><U109/><E109/><V133/><F133/><W48/><G99/><T58/><D58/><U121/><E121/><V9/><F55/><W63/><G54/><T7/><D56/><U93/><E93/><V46/><F53/><W27/><G96/><T20/><D52/><RYUUKYOKU ba="0,1" sc="310,-10,168,30,344,-10,168,-10" hai1="12,14,16,17,18,30,34,77,82,87,89,95,98" /><INIT seed="4,1,1,0,0,78" ten="300,198,334,158" oya="0" hai0="69,28,85,97,55,79,13,107,19,11,110,0,73" hai1="65,14,66,15,81,37,95,98,109,12,20,61,41" hai2="5,32,119,125,82,2,9,96,42,24,133,93,112" hai3="71,102,46,131,48,100,29,25,70,63,35,4,99"/><T36/><D110/><U129/><E109/><V22/><F112/><W52/><G131/><T77/><D73/><U18/><E129/><V43/><F32/><W49/><G4/><T116/><D116/><U72/><E37/><V135/><F125/><W62/><G102/><T113/><D113/><U17/><E41/><V10/><F10/><W7/><G7/><T30/><D36/><U115/><E115/><V88/><F119/><W34/><G34/><T87/><D69/><U104/><E104/><V105/><F105/><W122/><G122/><T132/><D132/><N who="2" m="50762" /><F82/><W1/><G1/><T74/><D74/><U64/><E61/><V39/><F39/><W127/><G49/><T6/><D55/><U16/><E72/><V106/><F106/><W53/><G127/><T8/><D107/><U56/><E56/><V103/><F103/><W54/><G99/><T38/><D97/><U123/><E123/><V26/><F26/><W27/><G27/><T128/><D38/><U68/><E68/><V84/><F96/><W80/><G100/><T86/><REACH who="0" step="1"/><D128/><REACH who="0" ten="290,198,334,158" step="2"/><U50/><E98/><V40/><F43/><N who="3" m="24671" /><G71/><T114/><D114/><U67/><E64/><V31/><AGARI ba="1,2" hai="2,5,9,22,24,31,40,42,84,88,93" m="50762" machi="31" ten="30,2000,0" yaku="20,1,54,1" doraHai="78" who="2" fromWho="2" sc="290,-11,198,-6,334,43,158,-6" /><INIT seed="5,0,0,1,1,117" ten="279,192,377,152" oya="1" hai0="92,48,88,79,72,133,27,7,89,111,135,128,2" hai1="69,126,116,125,55,6,75,82,100,51,40,11,113" hai2="47,87,5,91,41,23,12,80,110,56,83,26,1" hai3="129,105,57,115,114,54,53,121,37,21,109,62,132"/><U85/><E116/><V131/><F110/><W106/><G109/><T86/><D111/><U134/><E113/><N who="3" m="43018" /><G37/><T36/><D36/><U0/><E134/><N who="0" m="51209" /><D128/><U84/><E69/><V102/><F131/><W130/><G132/><T58/><D2/><U68/><E68/><V25/><F102/><W127/><G127/><N who="1" m="48650" /><E100/><V50/><F1/><W20/><G130/><T74/><D7/><U14/><E0/><V94/><F56/><N who="3" m="35087" /><G129/><T65/><D79/><N who="1" m="44415" /><E40/><V60/><F60/><N who="3" m="35895" /><G121/><T35/><D35/><U107/><E107/><AGARI ba="0,0" hai="20,21,105,106,107" m="35895,35087,43018" machi="107" ten="30,1000,0" yaku="15,1" doraHai="117" who="3" fromWho="1" sc="279,0,192,-10,377,0,152,10" /><INIT seed="6,0,0,3,0,80" ten="279,182,377,162" oya="2" hai0="118,72,56,37,17,1,83,116,126,66,121,7,115" hai1="42,117,18,86,92,30,49,110,38,23,95,134,122" hai2="133,6,53,19,33,62,44,102,131,127,2,59,58" hai3="47,119,108,71,77,46,60,93,26,94,63,88,79"/><V5/><F33/><W123/><G123/><T29/><D121/><U10/><E110/><V43/><F2/><W54/><G119/><T45/><D126/><U90/><E134/><V35/><F35/><W61/><G108/><T91/><D115/><U69/><E69/><V3/><F3/><W112/><G71/><T4/><D29/><U25/><E117/><V64/><F131/><W14/><G112/><T39/><D17/><U96/><E122/><V74/><F74/><W111/><G111/><T55/><D66/><U15/><E38/><V27/><F102/><W13/><G26/><T22/><D22/><U98/><E95/><N who="3" m="36362" /><G54/><T130/><D130/><U20/><E10/><V124/><F133/><W82/><G88/><T48/><D1/><U125/><E125/><V57/><F53/><W8/><G8/><T114/><D114/><U34/><E34/><V107/><F127/><W135/><G82/><T84/><D72/><U99/><E99/><V24/><F24/><W16/><G16/><T87/><D118/><U41/><E41/><V105/><F19/><W67/><G67/><T28/><D116/><U104/><E104/><V132/><F27/><W11/><G135/><T51/><D37/><U85/><E98/><V109/><F132/><W65/><G65/><T31/><D39/><U100/><E100/><V120/><F120/><W52/><G52/><N who="0" m="29711" /><D31/><U103/><E103/><V36/><F124/><W68/><G68/><T76/><D28/><U128/><E128/><V21/><F21/><W50/><G11/><T0/><D0/><U113/><E113/><V40/><F109/><RYUUKYOKU ba="0,0" sc="279,15,182,15,377,-15,162,-15" hai0="4,7,51,55,56,76,83,84,87,91" hai1="15,18,20,23,25,30,42,49,85,86,90,92,96" /><INIT seed="7,1,0,2,5,82" ten="294,197,362,147" oya="3" hai0="50,72,0,89,45,34,102,127,93,42,79,78,90" hai1="125,91,4,31,106,132,22,135,23,134,100,85,75" hai2="92,70,52,83,54,27,57,48,98,123,53,59,107" hai3="19,74,37,2,122,63,61,87,133,97,1,101,3"/><W43/><G122/><T104/><D34/><U33/><E125/><V128/><F70/><W118/><G118/><T66/><D0/><U71/><E71/><V109/><F109/><W105/><G74/><T67/><D127/><U18/><E4/><V58/><F107/><W55/><G133/><T73/><D104/><U96/><E75/><V94/><F128/><W77/><G55/><N who="2" m="21065" /><F123/><W99/><G99/><T121/><D121/><U32/><E31/><V28/><F83/><W35/><G35/><N who="1" m="13386" /><E18/><V60/><F60/><W21/><G77/><N who="0" m="29195" /><D73/><U10/><E10/><V8/><F8/><W5/><G5/><T26/><D72/><U12/><E12/><V112/><F112/><W6/><G6/><T38/><D38/><U15/><E15/><V62/><F62/><W17/><G87/><N who="0" m="52415" /><D102/><U88/><E91/><N who="2" m="55583" /><F94/><AGARI ba="1,0" hai="22,23,85,88,94,96,100,106,132,134,135" m="13386" machi="94" ten="40,5200,0" yaku="20,1,52,1,54,1" doraHai="82" who="1" fromWho="2" sc="294,0,197,55,362,-55,147,0" owari="294,9.4,252,-14.8,307,40.7,147,-35.3" /></mjloggm>