<mjloggm ver="2.3"><GO type="169" lobby="0"/><UN n0="%4D%4A%E6%9C%80%E5%BC%B7%E4%BD%8D" n1="%E3%81%A8%E3%81%B3%E3%81%BE%E3%81%93" n2="%E7%B4%AB%E3%81%AE%E9%8F%A1" n3="%E8%82%89%E5%9B%A3%E5%AD%90%E5%85%88%E7%94%9F" dan="17,17,17,16" rate="2225.03,2188.55,2152.33,2060.29" sx="M,M,M,M"/><TAIKYOKU oya="0"/><INIT seed="0,0,0,1,0,122" ten="250,250,250,250" oya="0" hai0="2,14,10,46,134,75,108,97,89,55,94,92,118" hai1="71,96,90,28,70,44,12,102,129,116,58,35,62" hai2="42,121,104,114,43,135,17,91,61,106,51,81,101" hai3="82,88,78,1,32,9,48,130,26,105,117,53,124"/><T125/><D75/><U21/><E116/><V115/><F121/><W73/><G117/><T24/><D2/><U38/><E129/><V76/><F61/><W113/><G113/><T4/><D118/><U59/><E35/><V111/><F17/><W87/><G105/><T39/><D134/><U13/><E90/><V128/><F51/><W45/><G124/><T66/><D66/><U30/><E44/><V100/><F91/><W49/><G130/><T25/><D125/><U29/><E38/><V7/><F128/><W79/><G73/><T36/><D108/><U3/><E3/><V84/><F7/><W5/><REACH who="3" step="1"/><G49/><REACH who="3" ten="250,250,250,240" step="2"/><N who="0" m="29111" /><D36/><U52/><E70/><V80/><F104/><W107/><G107/><T22/><D39/><U11/><E71/><V131/><F106/><W20/><G20/><T54/><D22/><U95/><E21/><V63/><F131/><W18/><G18/><T41/><D41/><U67/><REACH who="1" step="1"/><E11/><REACH who="1" ten="250,240,250,240" step="2"/><V112/><F112/><W40/><G40/><T120/><D120/><U15/><E15/><V119/><F42/><W109/><G109/><T56/><D25/><U83/><E83/><V64/><F81/><W60/><G60/><AGARI ba="0,2" hai="12,13,28,29,30,52,58,59,60,62,67,95,96,102" machi="60" ten="40,5200,0" yaku="1,1,8,1,54,1,53,0" doraHai="122" doraHaiUra="19" who="1" fromWho="3" sc="250,0,240,72,250,0,240,-52" /><INIT seed="1,0,0,3,0,73" ten="250,312,250,188" oya="1" hai0="77,28,10,30,72,13,52,92,85,41,2,29,104" hai1="19,3,116,61,117,37,25,65,132,121,76,9,126" hai2="50,107,51,26,88,95,32,6,23,46,59,20,36" hai3="56,54,18,7,99,87,49,78,113,15,123,64,108"/><U111/><E37/><V53/><F107/><W97/><G113/><T122/><D104/><U79/><E121/><V62/><F36/><W84/><G123/><T0/><D72/><U5/><E126/><V124/><F124/><W38/><G108/><T12/><D41/><U44/><E111/><V48/><F46/><W119/><G64/><T66/><D66/><U118/><E44/><V134/><F134/><W34/><G34/><T110/><D110/><U74/><E74/><V69/><F69/><W47/><G7/><T60/><D122/><U81/><E81/><V91/><F6/><W33/><G33/><T93/><D0/><U89/><E89/><V83/><F32/><W35/><G35/><T4/><D13/><U58/><REACH who="1" step="1"/><E132/><REACH who="1" ten="250,302,250,188" step="2"/><V112/><F83/><W16/><G38/><T105/><D2/><U125/><E125/><V120/><F91/><W57/><G119/><T43/><D43/><U128/><E128/><V133/><F133/><W98/><G47/><T101/><D101/><U68/><E68/><V102/><F102/><W135/><G135/><T75/><D75/><U21/><AGARI ba="0,1" hai="3,5,9,19,21,25,58,61,65,76,79,116,117,118" machi="21" ten="40,12000,1" yaku="1,1,0,1,52,2,53,0" doraHai="73" doraHaiUra="42" who="1" fromWho="1" sc="250,-40,302,130,250,-40,188,-40" /><INIT seed="1,1,0,3,3,41" ten="210,432,210,148" oya="1" hai0="93,78,120,129,105,25,94,118,66,4,12,18,50" hai1="125,108,115,74,59,135,79,36,21,80,65,130,88" hai2="63,49,76,46,92,23,75,34,26,43,113,87,27" hai3="114,56,82,89,48,111,7,29,31,107,121,127,2"/><U17/><E115/><V6/><F113/><W69/><G114/><T38/><D105/><U95/><E36/><V70/><F75/><W119/><G69/><T64/><D38/><U28/><E125/><V102/><F6/><W19/><G121/><T39/><D39/><U71/><E71/><V122/><F122/><W52/><G127/><T81/><D118/><U47/><E130/><V68/><F63/><W72/><G107/><T124/><D129/><U61/><E135/><V97/><F34/><W40/><G111/><T16/><D124/><U15/><E108/><V128/><F26/><W73/><G40/><T22/><D4/><U42/><E28/><V91/><F76/><W14/><G2/><T9/><D120/><U85/><REACH who="1" step="1"/><E42/><REACH who="1" ten="210,422,210,148" step="2"/><V3/><F128/><W110/><G110/><T58/><D64/><U103/><E103/><V24/><F68/><W45/><G31/><T32/><D32/><U0/><E0/><V116/><F70/><W132/><G29/><T77/><D66/><U101/><E101/><V84/><F3/><W62/><G132/><T96/><D81/><U53/><E53/><V1/><F1/><W33/><G33/><T5/><D94/><U11/><E11/><V20/><F92/><W117/><G117/><T57/><D93/><U30/><E30/><V98/><F116/><W126/><G119/><T51/><D9/><U90/><E90/><V106/><F91/><W13/><G89/><T55/><D77/><U44/><AGARI ba="1,1" hai="15,17,21,44,47,59,61,65,74,79,80,85,88,95" machi="44" ten="30,18000,2" yaku="1,1,0,1,52,2,54,1,53,1" doraHai="41" doraHaiUra="10" who="1" fromWho="1" sc="210,-61,422,193,210,-61,148,-61" /><INIT seed="1,2,0,5,1,4" ten="149,615,149,87" oya="1" hai0="65,133,56,124,130,135,87,83,42,113,96,43,122" hai1="88,7,45,121,82,51,128,22,92,90,125,5,18" hai2="127,104,117,23,26,105,31,99,131,129,132,39,79" hai3="98,68,20,44,81,59,13,46,74,70,108,41,84"/><U109/><E121/><V35/><F117/><W57/><G108/><T126/><D96/><U80/><E109/><V73/><F39/><W89/><G74/><T3/><D3/><U67/><E125/><N who="0" m="48233" /><D122/><U9/><E128/><N who="2" m="49227" /><F127/><W24/><G98/><T29/><D29/><U19/><E67/><V75/><F132/><N who="0" m="50762" /><D130/><U12/><E7/><V30/><F79/><W58/><G46/><T119/><D113/><U50/><E50/><V91/><F91/><N who="1" m="34857" /><E92/><V48/><F48/><W103/><G13/><T60/><D119/><U14/><E5/><V8/><F8/><W102/><G102/><T97/><D97/><U25/><E25/><N who="2" m="18927" /><F99/><W101/><G101/><T93/><D93/><U94/><E94/><V106/><AGARI ba="2,0" hai="23,26,30,73,75,104,105,106" m="18927,49227" machi="106" ten="40,1500,0" yaku="19,1" doraHai="4" who="2" fromWho="2" sc="149,-6,615,-9,149,21,87,-6" /><INIT seed="2,0,0,4,2,67" ten="143,606,170,81" oya="2" hai0="61,132,53,131,122,91,88,116,76,82,13,15,89" hai1="22,56,121,3,46,124,38,0,9,42,73,119,28" hai2="103,29,87,97,47,6,129,48,135,130,55,83,74" hai3="65,123,102,8,94,115,134,113,17,45,118,11,99"/><V114/><F114/><N who="3" m="43531" /><G118/><T81/><D122/><U33/><E119/><V69/><F135/><W52/><G123/><T86/><D116/><U106/><E121/><V14/><F29/><W43/><G134/><T109/><D132/><U71/><E106/><V133/><F133/><W35/><G35/><T44/><D131/><N who="2" m="50186" /><F74/><W36/><G65/><T30/><D109/><U125/><E73/><V62/><F6/><W126/><G126/><T49/><D30/><U128/><E33/><V32/><F32/><W27/><G52/><T117/><D117/><U84/><E128/><V96/><F14/><W100/><G100/><T50/><D61/><U58/><E28/><V79/><F103/><W37/><G37/><T24/><D24/><U70/><E125/><V60/><F60/><W1/><G1/><T108/><D108/><U31/><E31/><V20/><F20/><AGARI ba="0,0" hai="8,11,17,20,27,36,43,45,94,99,102" m="43531" machi="20" ten="30,1000,0" yaku="11,1" doraHai="67" who="3" fromWho="2" sc="143,0,606,0,170,-10,81,10" /><INIT seed="3,0,0,4,0,89" ten="143,606,160,91" oya="3" hai0="62,66,32,48,50,15,47,88,70,61,120,92,44" hai1="27,81,135,100,4,29,28,9,110,102,31,56,38" hai2="24,41,23,111,35,65,124,85,96,59,20,103,94" hai3="129,121,90,13,3,54,108,80,107,87,69,67,45"/><W79/><G121/><T60/><D32/><U68/><E68/><V104/><F111/><W133/><G3/><T77/><D77/><U6/><E38/><V19/><F124/><W40/><G108/><T116/><D120/><U22/><E110/><V26/><F35/><W112/><G112/><T113/><D116/><U16/><E135/><V101/><F41/><W49/><G107/><T128/><D113/><U51/><E81/><V82/><F103/><N who="1" m="39465" /><E9/><V130/><F130/><W37/><G129/><T71/><D15/><U131/><E131/><V73/><F73/><W122/><G122/><T93/><D128/><U42/><E42/><V99/><F99/><W64/><G133/><T17/><D17/><U115/><E115/><V95/><F59/><W2/><G2/><T126/><D126/><U52/><AGARI ba="0,0" hai="4,6,16,22,27,28,29,31,51,52,56" m="39465" machi="52" ten="30,4000,0" yaku="8,1,54,2" doraHai="89" who="1" fromWho="1" sc="143,-10,606,40,160,-10,91,-20" /><INIT seed="4,0,0,3,1,4" ten="133,646,150,71" oya="0" hai0="7,51,20,102,93,14,65,40,100,28,107,38,3" hai1="89,126,105,78,43,11,104,23,44,21,83,77,5" hai2="128,12,108,121,133,47,86,57,112,132,34,61,76" hai3="67,30,18,27,135,59,60,84,13,74,114,115,90"/><T111/><D107/><U45/><E126/><V49/><F108/><W10/><G74/><T37/><D111/><U68/><E68/><V91/><F34/><W94/><REACH who="3" step="1"/><G135/><REACH who="3" ten="133,646,150,61" step="2"/><T71/><D37/><U116/><E116/><V110/><F133/><W46/><G46/><T39/><D38/><U33/><E45/><V63/><F47/><W35/><AGARI ba="0,1" hai="10,13,18,27,30,35,59,60,67,84,90,94,114,115" machi="35" ten="30,7900,0" yaku="1,1,0,1,52,1,53,1" doraHai="4" doraHaiUra="53" who="3" fromWho="3" sc="133,-39,646,-20,150,-20,61,89" /><INIT seed="5,0,0,4,2,100" ten="94,626,130,150" oya="1" hai0="64,67,75,49,110,50,22,30,119,69,84,17,8" hai1="97,93,122,4,115,83,76,105,23,109,107,48,126" hai2="55,15,12,42,59,87,51,46,27,37,61,54,78" hai3="3,73,92,133,85,24,132,16,63,44,82,106,124"/><U35/><E35/><V25/><F78/><W71/><G3/><T95/><D75/><U96/><E109/><V101/><F101/><W77/><G124/><T81/><D110/><U18/><E4/><V34/><F87/><W62/><G44/><T130/><D95/><U5/><E5/><V117/><F117/><W19/><G106/><T123/><D123/><U108/><E108/><V113/><F113/><W80/><G92/><T114/><D114/><U31/><E31/><V60/><F60/><W66/><G63/><T0/><D69/><U70/><E70/><V125/><F125/><W79/><REACH who="3" step="1"/><G24/><REACH who="3" ten="94,626,130,140" step="2"/><N who="0" m="16663" /><D0/><U99/><E115/><V52/><F37/><W134/><AGARI ba="0,1" hai="16,19,62,66,71,73,77,79,80,82,85,132,133,134" machi="134" ten="30,7900,0" yaku="1,1,0,1,20,1,54,1,53,0" doraHai="100" doraHaiUra="38" who="3" fromWho="3" sc="94,-20,626,-39,130,-20,140,89" /><INIT seed="6,0,0,5,4,78" ten="74,587,110,229" oya="2" hai0="5,15,87,127,29,51,9,11,114,42,79,48,34" hai1="4,90,53,115,132,122,67,10,85,8,130,76,84" hai2="102,62,40,12,124,96,16,134,108,54,80,2,59" hai3="98,94,21,109,100,70,52,129,7,111,75,73,128"/><V49/><F2/><W77/><G70/><T44/><D114/><U20/><E122/><V126/><F134/><W64/><G64/><T104/><D104/><U43/><E115/><V32/><F32/><W14/><G7/><T35/><D127/><N who="2" m="48682" /><F108/><W30/><G30/><T81/><D29/><U22/><E132/><V116/><F116/><W82/><G52/><T33/><REACH who="0" step="1"/><D11/><REACH who="0" ten="64,587,110,229" step="2"/><U60/><E10/><N who="2" m="6167" /><F80/><W88/><G111/><T47/><D47/><U41/><E130/><V125/><N who="2" m="48690" /><V23/><DORA hai="3" /><F23/><W31/><G109/><T135/><D135/><U99/><E22/><V25/><F25/><W83/><G21/><T107/><D107/><U66/><E20/><V123/><F123/><W17/><G128/><T101/><D101/><U27/><E8/><V56/><F40/><W24/><G129/><T91/><D91/><U1/><E90/><V97/><F102/><W86/><G100/><T110/><D110/><U13/><E27/><V93/><F93/><W72/><G24/><T38/><AGARI ba="0,1" hai="5,9,15,33,34,35,38,42,44,48,51,79,81,87" machi="38" ten="30,8000,1" yaku="1,1,0,1,52,2,53,1" doraHai="78,3" doraHaiUra="55,69" who="0" fromWho="0" sc="64,90,587,-20,110,-40,229,-20" /><INIT seed="7,0,0,4,1,63" ten="154,567,70,209" oya="3" hai0="65,31,69,47,4,117,101,70,25,105,126,112,5" hai1="93,66,53,127,118,56,49,128,33,62,32,22,115" hai2="58,67,106,131,82,124,9,19,57,11,77,40,39" hai3="8,36,15,60,84,97,83,21,7,109,99,71,61"/><W72/><G36/><T51/><D117/><U38/><E118/><V102/><F124/><W59/><G72/><T6/><D126/><U122/><E122/><V79/><F131/><W75/><G75/><T134/><D112/><U119/><E127/><V18/><F106/><W120/><G120/><T55/><D134/><U129/><E119/><V45/><F102/><W26/><G71/><T96/><REACH who="0" step="1"/><D65/><REACH who="0" ten="144,567,70,209" step="2"/><U17/><E93/><V73/><F79/><N who="3" m="46207" /><G109/><T37/><D37/><U89/><E89/><V133/><F133/><W80/><G80/><T1/><D1/><U90/><E90/><V85/><F73/><W48/><G48/><T81/><D81/><U78/><E78/><V125/><F125/><W114/><G61/><T121/><D121/><U44/><E115/><V0/><F0/><W100/><G100/><T23/><AGARI ba="0,1" hai="4,5,6,23,25,31,47,51,55,69,70,96,101,105" machi="23" ten="30,4000,0" yaku="1,1,0,1,53,1" doraHai="63" doraHaiUra="46" who="0" fromWho="0" sc="144,50,567,-10,70,-10,209,-20" owari="194,-0.6,557,65.7,60,-44.0,189,-21.1" /></mjloggm>