<mjloggm ver="2.3"><GO type="169" lobby="0"/><UN n0="%E3%81%A8%E3%81%A3%E3%81%A8%E3%83%BC" n1="%E9%9B%B2%E3%81%AE%E3%83%95%E3%83%89%E3%82%A6" n2="%E4%B8%8B%E9%AB%98%E5%A4%AA%E9%83%8E" n3="%6D%79%6D%65%6C%6F%58%58" dan="16,16,16,16" rate="2096.92,2077.51,2113.71,2114.00" sx="M,M,M,F"/><TAIKYOKU oya="0"/><INIT seed="0,0,0,2,4,117" ten="250,250,250,250" oya="0" hai0="121,120,32,122,116,66,68,22,60,40,114,125,21" hai1="93,18,50,39,102,72,81,13,46,43,69,31,124" hai2="109,111,65,33,25,4,74,17,30,112,100,131,70" hai3="3,101,127,63,95,94,130,73,9,49,15,88,98"/><T35/><D116/><U104/><E69/><V1/><F112/><W10/><G127/><T20/><D114/><U61/><E124/><V45/><F17/><W107/><G130/><T53/><D125/><U48/><E104/><V123/><F131/><W92/><G73/><T16/><D53/><U110/><E110/><V126/><F126/><W62/><G3/><T129/><D129/><U28/><E61/><N who="2" m="40239" /><F45/><W85/><G49/><T91/><D91/><U86/><E72/><V24/><F24/><W41/><G41/><T51/><REACH who="0" step="1"/><D16/><REACH who="0" ten="240,250,250,250" step="2"/><U119/><E119/><V6/><F111/><W135/><G135/><T67/><D67/><U52/><E52/><V54/><F54/><W36/><G10/><T59/><D59/><U77/><E31/><V106/><F109/><W64/><G64/><T132/><D132/><U26/><E28/><V23/><F6/><W133/><G133/><T57/><D57/><U14/><E26/><V113/><F113/><W56/><G56/><T12/><D12/><U83/><E14/><V19/><F19/><W42/><G15/><T118/><D118/><U76/><E13/><V75/><F4/><W37/><G9/><T27/><D27/><U0/><E18/><V96/><F23/><W58/><G58/><T108/><D108/><U71/><E0/><V29/><F29/><W89/><G89/><T78/><D78/><U84/><E71/><V11/><F11/><W79/><G79/><T99/><D99/><AGARI ba="0,1" hai="39,43,46,48,50,76,77,81,83,84,86,93,99,102" machi="99" ten="40,1300,0" yaku="9,1" doraHai="117" who="1" fromWho="0" sc="240,-13,250,23,250,0,250,0" /><INIT seed="1,0,0,1,4,60" ten="227,273,250,250" oya="1" hai0="132,29,43,85,17,135,38,5,21,3,18,51,56" hai1="130,39,42,14,1,90,131,112,62,63,126,92,70" hai2="74,129,67,66,127,72,77,104,55,65,122,97,75" hai3="103,93,120,114,81,71,46,31,82,58,100,117,2"/><U35/><E1/><V32/><F122/><W96/><G120/><T91/><D3/><U121/><E35/><V34/><F77/><W22/><G71/><T54/><D5/><U79/><E121/><V0/><F0/><W68/><G68/><T84/><D29/><U44/><E79/><V83/><F83/><W6/><G114/><T69/><D69/><U108/><E112/><V16/><F129/><N who="1" m="49161" /><E126/><V123/><F123/><W102/><G117/><T95/><D85/><N who="1" m="52303" /><E108/><V73/><F127/><W134/><G134/><T101/><D101/><N who="3" m="39017" /><G6/><T86/><D86/><U64/><E63/><V20/><F97/><W57/><G46/><T12/><REACH who="0" step="1"/><D18/><REACH who="0" ten="217,273,250,250" step="2"/><U94/><E94/><V106/><N who="2" m="18432" /><DORA hai="118" /><V76/><F76/><W59/><G2/><T8/><D8/><U124/><E124/><V30/><F30/><W33/><G33/><T88/><D88/><U9/><E9/><V125/><F125/><W87/><G87/><T53/><D53/><U78/><E78/><V28/><F55/><W48/><G31/><T89/><D89/><U26/><E26/><V24/><REACH who="2" step="1"/><F34/><REACH who="2" ten="217,273,240,250" step="2"/><W50/><G22/><T27/><D27/><AGARI ba="0,2" hai="16,20,24,27,28,32,65,66,67,104,106" m="18432" machi="27" ten="70,12000,2" yaku="1,1,2,1,52,3,54,1,53,0" doraHai="60,118" doraHaiUra="119,45" who="2" fromWho="0" sc="217,-120,273,0,240,140,250,0" /><INIT seed="2,0,0,4,0,53" ten="97,273,380,250" oya="2" hai0="2,95,63,130,32,125,66,37,86,128,61,68,25" hai1="65,108,87,89,22,105,113,110,17,97,13,36,115" hai2="109,3,96,47,133,82,124,21,93,35,20,101,114" hai3="18,106,26,38,121,90,16,12,44,117,72,6,48"/><V33/><F114/><W123/><G117/><T7/><D37/><U135/><E36/><V42/><F3/><W84/><G106/><T88/><D125/><U112/><E135/><V134/><F124/><W54/><G72/><T30/><D2/><U29/><E65/><V74/><F109/><N who="1" m="42089" /><E29/><V64/><F64/><W23/><G6/><T116/><D7/><U31/><E31/><V4/><F4/><W58/><G38/><T100/><D116/><U10/><E10/><V62/><F62/><W41/><G44/><T118/><D118/><U69/><E69/><V45/><F45/><W92/><REACH who="3" step="1"/><G41/><REACH who="3" ten="97,273,380,240" step="2"/><T57/><REACH who="0" step="1"/><D100/><REACH who="0" ten="87,273,380,240" step="2"/><N who="1" m="62607" /><E113/><V126/><F126/><W59/><G59/><T34/><D34/><U85/><E115/><V132/><F35/><W79/><G79/><T52/><AGARI ba="0,2" hai="25,30,32,52,57,61,63,66,68,86,88,95,128,130" machi="52" ten="30,8000,1" yaku="1,1,0,1,52,1,54,2,53,0" doraHai="53" doraHaiUra="99" who="0" fromWho="0" sc="87,100,273,-20,380,-40,240,-20" /><INIT seed="3,0,0,3,2,105" ten="187,253,340,220" oya="3" hai0="72,77,90,96,82,86,125,60,115,126,43,40,108" hai1="135,37,65,113,2,104,85,25,70,17,88,109,73" hai2="30,47,38,98,48,106,78,80,58,20,119,76,111" hai3="42,52,61,23,84,89,15,127,101,112,67,26,4"/><W45/><G127/><N who="0" m="48651" /><D108/><U79/><E113/><V49/><F78/><W71/><G112/><T121/><D121/><U39/><E2/><V118/><F111/><W63/><G101/><T59/><D96/><U122/><E104/><V117/><F58/><W123/><G123/><T68/><D68/><U36/><E109/><V57/><F57/><W134/><G134/><T69/><D69/><U62/><E122/><V29/><F38/><W41/><G4/><T92/><D115/><U3/><E3/><V116/><F49/><W32/><G32/><T27/><D27/><U31/><E135/><V99/><F106/><W81/><G15/><T53/><AGARI ba="0,0" hai="40,43,53,59,60,72,77,82,86,90,92" m="48651" machi="53" ten="30,2000,0" yaku="18,1,52,1" doraHai="105" who="0" fromWho="0" sc="187,20,253,-5,340,-5,220,-10" /><INIT seed="4,0,0,1,4,103" ten="207,248,335,210" oya="0" hai0="32,57,10,49,44,123,4,69,82,39,70,9,29" hai1="92,54,114,105,117,53,93,24,135,131,40,19,20" hai2="63,41,75,125,3,89,46,5,95,31,8,30,14" hai3="132,87,73,42,62,43,74,79,116,85,17,27,81"/><T67/><D123/><U37/><E117/><V88/><F125/><W1/><G1/><T47/><D9/><U68/><E68/><V97/><F75/><W130/><G116/><T133/><D133/><U2/><E2/><V59/><F89/><W35/><G130/><T56/><D47/><U134/><E131/><V127/><F3/><W66/><G74/><T106/><D39/><U12/><E114/><V118/><F127/><W60/><G60/><T21/><D32/><U126/><E126/><V34/><F34/><W109/><G109/><T80/><D106/><U15/><E105/><V26/><F26/><W28/><G132/><N who="1" m="50730" /><E40/><V120/><F120/><W102/><G102/><T111/><D70/><U58/><E37/><V36/><F118/><W48/><G17/><T112/><D112/><U84/><E54/><AGARI ba="0,0" hai="5,8,14,30,31,36,41,46,54,59,63,88,95,97" machi="54" ten="30,2000,0" yaku="7,1,54,1" doraHai="103" who="2" fromWho="1" sc="207,0,248,-20,335,20,210,0" /><INIT seed="5,0,0,5,2,40" ten="207,228,355,210" oya="1" hai0="88,18,5,107,46,20,47,75,90,22,131,21,63" hai1="68,10,85,14,19,42,32,70,3,132,119,35,31" hai2="103,59,16,61,62,74,114,83,17,109,79,89,34" hai3="101,25,55,6,134,60,53,120,51,108,112,38,113"/><U30/><E119/><V29/><F109/><W104/><G6/><T87/><D75/><U2/><E85/><V95/><F103/><W116/><G120/><T125/><D107/><U45/><E132/><V50/><F29/><W129/><G108/><T135/><D135/><U41/><E14/><V36/><F36/><W133/><G38/><T0/><D131/><U56/><E56/><V81/><F34/><W93/><G104/><T64/><D18/><U11/><REACH who="1" step="1"/><E19/><REACH who="1" ten="207,218,355,210" step="2"/><V122/><F17/><W8/><G116/><T57/><D125/><U69/><E69/><V102/><F16/><W72/><G134/><T130/><D130/><U66/><E66/><V23/><F59/><W54/><G129/><T67/><D67/><U4/><E4/><V97/><F97/><W128/><G128/><T91/><REACH who="0" step="1"/><D87/><REACH who="0" ten="197,218,355,210" step="2"/><U9/><E9/><AGARI ba="0,2" hai="0,5,9,20,21,22,46,47,57,63,64,88,90,91" machi="9" ten="40,8000,1" yaku="1,1,2,1,52,2,54,1,53,0" doraHai="40" doraHaiUra="121" who="0" fromWho="1" sc="197,100,218,-80,355,0,210,0" /><INIT seed="6,0,0,4,1,50" ten="297,138,355,210" oya="2" hai0="66,131,14,90,122,121,43,107,86,74,85,59,118" hai1="134,31,69,62,28,72,42,29,97,76,126,135,40" hai2="73,22,1,9,54,24,41,108,38,4,53,44,96" hai3="130,100,16,88,70,63,3,112,21,68,61,65,119"/><V109/><F96/><W117/><G3/><T124/><D74/><U94/><E126/><V47/><F73/><W113/><G100/><T19/><D124/><U48/><E76/><V18/><REACH who="2" step="1"/><F44/><REACH who="2" ten="297,138,345,210" step="2"/><W55/><G119/><T128/><D118/><U78/><E72/><V46/><F46/><W7/><G117/><T110/><D86/><U32/><E32/><V51/><F51/><W99/><G113/><T105/><D85/><U120/><E48/><V67/><F67/><W0/><G112/><T106/><D66/><U132/><E120/><V45/><F45/><W2/><G65/><T123/><D123/><U129/><E129/><V84/><F84/><W101/><G130/><T10/><D122/><U60/><E78/><V82/><F82/><W5/><G99/><T26/><D121/><U57/><E69/><V80/><F80/><W20/><G70/><T36/><D131/><U56/><E60/><V79/><F79/><W103/><G68/><T64/><D128/><U133/><N who="1" m="33792" /><DORA hai="91" /><U25/><E57/><V30/><F30/><W75/><G75/><T49/><D64/><U52/><REACH who="1" step="1"/><E25/><REACH who="1" ten="297,128,345,210" step="2"/><V114/><F114/><W104/><G63/><T34/><D59/><U98/><E98/><V95/><F95/><W6/><G61/><T93/><D49/><U125/><E125/><V35/><F35/><W89/><G104/><T77/><D77/><U71/><E71/><V58/><F58/><W12/><G0/><T23/><D34/><U87/><E87/><V39/><F39/><W111/><G2/><T102/><D36/><U13/><E13/><V37/><F37/><RYUUKYOKU ba="0,2" sc="297,-15,128,15,345,15,210,-15" hai1="28,29,31,40,42,52,56,62,94,97" hai2="1,4,9,18,22,24,38,41,47,53,54,108,109" /><INIT seed="6,1,2,0,1,116" ten="282,143,360,195" oya="2" hai0="70,45,33,61,48,105,107,96,115,133,37,49,26" hai1="34,4,53,84,73,65,71,95,90,23,12,86,102" hai2="69,7,67,111,36,44,47,98,104,10,87,126,81" hai3="6,83,128,92,109,63,89,15,121,11,60,103,124"/><V80/><F126/><W28/><G109/><T72/><D72/><U125/><E34/><V25/><F111/><W78/><G124/><T114/><D133/><U93/><E125/><V64/><F81/><W106/><G128/><T9/><D37/><U13/><E73/><V75/><F75/><W21/><G121/><T19/><D48/><U123/><E123/><V50/><F25/><W101/><G106/><T62/><D62/><N who="3" m="23593" /><G78/><T46/><D46/><U5/><E71/><V112/><F69/><W85/><G92/><T16/><D9/><N who="1" m="4135" /><E65/><V54/><F104/><W117/><G117/><T122/><D122/><U130/><E130/><V30/><F98/><W24/><AGARI ba="1,2" hai="6,11,15,21,24,28,83,85,89,101,103" m="23593" machi="24" ten="30,1100,0" yaku="8,1" doraHai="116" who="3" fromWho="3" sc="282,-4,143,-4,360,-6,195,34" /><INIT seed="7,0,0,4,5,69" ten="278,139,354,229" oya="3" hai0="96,72,66,3,97,55,79,76,120,98,31,20,12" hai1="125,75,36,118,45,77,48,88,121,61,17,102,103" hai2="110,115,37,30,2,21,95,42,54,114,80,132,119" hai3="49,29,46,16,117,94,127,131,106,11,14,23,0"/><W8/><G117/><T19/><D120/><U93/><E121/><V22/><F110/><W83/><G106/><T92/><D3/><U5/><E118/><V135/><F119/><W44/><G127/><T126/><D126/><U24/><E125/><V18/><F2/><W65/><G131/><T101/><D66/><U26/><E5/><V59/><F80/><W130/><G65/><T89/><D72/><U60/><E26/><N who="2" m="16727" /><F37/><W122/><G122/><T51/><D31/><U9/><E75/><V100/><F42/><W134/><G134/><N who="2" m="51241" /><F95/><W13/><G0/><T10/><D10/><U86/><E77/><V129/><F100/><W52/><G83/><T84/><REACH who="0" step="1"/><D101/><REACH who="0" ten="268,139,354,229" step="2"/><U133/><E133/><V63/><F129/><W70/><G70/><T74/><D74/><U32/><E36/><V90/><F90/><W91/><G130/><T99/><N who="0" m="24576" /><DORA hai="113" /><T78/><D78/><U27/><E102/><V87/><F87/><N who="3" m="52607" /><G29/><T73/><D73/><U109/><E103/><V104/><F104/><W50/><G14/><AGARI ba="0,1" hai="14,18,21,54,59,63,114,115" m="51241,16727" machi="14" ten="30,1000,0" yaku="20,1" doraHai="69,113" who="2" fromWho="3" sc="268,0,139,0,354,20,229,-10" owari="268,6.8,139,-36.1,374,47.4,219,-18.1" /></mjloggm>