<mjloggm ver="2.3"><GO type="169" lobby="0"/><UN n0="%E3%81%B3%E3%82%8D%E3%81%B4%E3%82%8D" n1="%68%69%73%61%74%6F%E6%A3%92" n2="%E6%96%B0%E6%9C%88%E9%97%87%E9%9F%B3" n3="%E7%94%9F%E5%BE%92%E4%BC%9A%E3%80%90%E5%BA%8F%E3%80%91" dan="16,16,17,16" rate="2168.77,2094.45,2202.35,2134.28" sx="M,M,M,M"/><TAIKYOKU oya="0"/><INIT seed="0,0,0,5,4,99" ten="250,250,250,250" oya="0" hai0="96,34,122,18,33,49,72,84,13,127,111,119,45" hai1="48,101,25,38,11,100,132,75,44,106,4,1,64" hai2="22,102,87,113,50,52,130,131,80,28,125,70,81" hai3="124,6,7,77,36,15,30,126,93,66,26,97,86"/><T5/><D119/><U68/><E132/><V103/><F70/><W76/><G36/><T16/><D122/><U32/><E48/><V9/><F113/><W60/><G86/><T114/><D114/><U92/><E92/><V65/><F65/><W133/><G133/><T105/><D72/><U107/><E64/><V46/><F125/><N who="3" m="48235" /><G76/><T0/><D0/><U55/><E55/><V134/><F134/><W88/><G15/><T42/><D127/><U69/><E75/><V129/><F9/><W14/><G14/><T128/><D128/><U62/><E62/><V63/><F63/><W135/><G77/><T121/><D121/><U12/><E12/><V53/><F53/><W21/><G135/><T51/><D111/><U90/><E90/><N who="2" m="51559" /><F81/><W78/><G78/><T10/><D34/><U108/><E108/><V73/><F73/><W8/><G8/><T83/><D49/><U104/><E68/><AGARI ba="0,0" hai="6,7,21,26,30,60,66,68,88,93,97" m="48235" machi="68" ten="30,2000,0" yaku="18,1,54,1" doraHai="99" who="3" fromWho="1" sc="250,0,250,-20,250,0,250,20" /><INIT seed="1,0,0,5,3,81" ten="250,230,250,270" oya="1" hai0="57,8,118,95,49,99,126,119,33,86,93,83,23" hai1="41,40,106,74,17,10,108,71,43,0,110,4,52" hai2="82,102,66,2,121,63,35,42,3,7,78,65,75" hai3="22,84,39,134,5,58,12,124,37,31,85,61,16"/><U90/><E71/><V117/><F117/><W92/><G134/><T107/><D126/><U68/><E68/><V94/><F121/><W38/><G124/><T13/><D33/><U67/><E67/><V111/><F111/><N who="1" m="42537" /><E106/><V56/><F35/><W6/><G31/><T87/><D107/><U109/><E74/><V104/><F104/><W27/><G92/><T130/><D130/><U64/><E64/><V1/><F42/><W20/><G20/><T26/><D119/><U44/><E17/><V133/><F133/><W25/><G25/><T54/><D83/><U29/><E29/><V135/><F135/><W132/><G132/><T11/><D118/><U30/><E30/><V50/><F65/><W131/><G131/><T129/><D95/><U127/><E127/><V15/><F50/><W96/><G96/><T34/><D34/><U28/><E28/><V14/><F7/><W47/><G47/><T72/><D72/><U55/><E44/><V59/><F59/><W24/><G24/><T70/><D70/><U116/><E116/><V45/><F45/><W115/><G115/><T125/><D125/><U69/><E69/><V46/><F46/><W123/><G123/><T113/><D113/><U101/><E101/><V120/><F120/><W60/><G58/><T103/><D129/><U122/><E122/><V73/><F73/><W51/><G51/><T128/><D128/><U19/><E19/><V89/><REACH who="2" step="1"/><F102/><REACH who="2" ten="250,230,240,270" step="2"/><W79/><G6/><T77/><D103/><U18/><E109/><V91/><F91/><W32/><G32/><T98/><D57/><U112/><E90/><RYUUKYOKU ba="0,1" sc="250,-10,230,-10,240,30,270,-10" hai2="1,2,3,14,15,56,63,66,75,78,82,89,94" /><INIT seed="2,1,1,0,4,108" ten="240,220,270,260" oya="2" hai0="83,118,114,116,10,11,107,117,30,19,129,121,74" hai1="36,3,96,59,110,21,102,79,127,97,71,40,34" hai2="130,37,128,69,61,111,81,39,135,20,24,49,29" hai3="52,133,56,0,73,123,66,7,82,63,115,122,44"/><V113/><F135/><W62/><G0/><T95/><D107/><U31/><E34/><V50/><F111/><W5/><G133/><T9/><D121/><U65/><E71/><V92/><F81/><W47/><G7/><T16/><D95/><U58/><E3/><V72/><F72/><W8/><G73/><T33/><D129/><N who="2" m="49770" /><F92/><W27/><G27/><N who="0" m="18655" /><D114/><U106/><E79/><AGARI ba="1,1" hai="9,10,11,16,19,74,79,83,116,117,118" m="18655" machi="79" ten="40,2600,0" yaku="12,1,54,1" doraHai="108" who="0" fromWho="1" sc="240,39,220,-29,270,0,260,0" /><INIT seed="3,0,0,3,3,125" ten="279,191,270,260" oya="3" hai0="131,25,6,10,46,33,17,98,89,42,27,66,84" hai1="36,92,43,56,119,70,112,54,38,94,59,118,48" hai2="76,28,60,7,1,104,65,12,39,129,78,109,102" hai3="110,115,40,103,116,30,130,20,132,50,82,37,26"/><W124/><G116/><N who="1" m="44586" /><E94/><V47/><F109/><W45/><G115/><T67/><D33/><U120/><E92/><V77/><F1/><W13/><G124/><T87/><D98/><U62/><E112/><V107/><F28/><W117/><G117/><T91/><D10/><U5/><E70/><V97/><F107/><W74/><G132/><T8/><D8/><U73/><E73/><V31/><F31/><W105/><G110/><T52/><D46/><U58/><E5/><V128/><F7/><W90/><G13/><T127/><D6/><U113/><E120/><V88/><F12/><W34/><G34/><T71/><D42/><U100/><E100/><V79/><N who="2" m="19456" /><DORA hai="81" /><V106/><F106/><W4/><G90/><T86/><D71/><U134/><E134/><V133/><F88/><N who="0" m="33866" /><D131/><N who="2" m="50250" /><F133/><W9/><G130/><T68/><D127/><U95/><E95/><V0/><F0/><W101/><G105/><T122/><D122/><U63/><E113/><V114/><F114/><W96/><G4/><T126/><D126/><U93/><E93/><V3/><F3/><W29/><G103/><T21/><D68/><U61/><E43/><N who="2" m="23039" /><F60/><W111/><G111/><T24/><D24/><U53/><E48/><V41/><F41/><W99/><G101/><T51/><D27/><U64/><AGARI ba="0,0" hai="36,38,53,54,56,58,59,61,62,63,64" m="44586" machi="64" ten="30,4000,0" yaku="12,1,34,2" doraHai="125,81" who="1" fromWho="1" sc="279,-10,191,40,270,-10,260,-20" /><INIT seed="4,0,0,1,3,63" ten="269,231,260,240" oya="0" hai0="5,1,19,2,92,102,121,28,103,9,95,47,67" hai1="118,126,89,43,39,44,27,20,98,104,62,122,14" hai2="21,113,100,52,8,75,41,49,30,80,10,35,94" hai3="106,115,76,109,123,45,77,65,78,74,68,32,86"/><T4/><D121/><U50/><E126/><V84/><F113/><W58/><G32/><T99/><D28/><U130/><E118/><V88/><F35/><W114/><G106/><T7/><D47/><U111/><E111/><V116/><F41/><W29/><G29/><T56/><D2/><U13/><E39/><V24/><F116/><W132/><G109/><T3/><D3/><U108/><E130/><V57/><F75/><W105/><G105/><T42/><D42/><U83/><E104/><V124/><F124/><W22/><G68/><T25/><D1/><U53/><E122/><V61/><F49/><W101/><G101/><T23/><D9/><U34/><E34/><V38/><F38/><W37/><G74/><T71/><D71/><U127/><E127/><V73/><F73/><W31/><G45/><T66/><D56/><N who="1" m="35087" /><E108/><V16/><F30/><W90/><G37/><T54/><D54/><U131/><E131/><V125/><F125/><W119/><G119/><T93/><D93/><N who="1" m="56623" /><E83/><V96/><AGARI ba="0,0" hai="8,10,16,21,24,52,57,61,80,84,88,94,96,100" machi="96" ten="30,8000,1" yaku="0,1,8,1,54,3" doraHai="63" who="2" fromWho="2" sc="269,-40,231,-20,260,80,240,-20" /><INIT seed="5,0,0,5,4,99" ten="229,211,340,220" oya="1" hai0="130,127,28,60,38,107,118,44,119,31,78,75,35" hai1="17,41,55,8,52,53,110,135,70,23,43,49,132" hai2="86,66,113,2,74,73,13,69,131,114,116,93,63" hai3="59,45,16,12,77,10,103,83,6,4,19,62,29"/><U65/><E8/><V24/><F2/><W15/><G29/><T21/><D28/><U87/><E87/><V82/><F116/><W95/><G45/><T14/><D14/><U61/><E110/><V133/><F131/><W79/><G95/><T32/><D21/><U112/><E112/><N who="2" m="43115" /><F133/><N who="1" m="51273" /><E49/><V47/><F24/><AGARI ba="0,0" hai="17,23,24,41,43,52,53,55,61,65,70" m="51273" machi="24" ten="30,2900,0" yaku="20,1,54,1" doraHai="99" who="1" fromWho="2" sc="229,0,211,29,340,-29,220,0" /><INIT seed="5,1,0,3,1,120" ten="229,240,311,220" oya="1" hai0="15,63,119,107,38,75,108,88,96,29,135,125,39" hai1="65,97,127,67,41,105,36,2,78,24,114,123,12" hai2="104,4,99,50,134,71,46,84,111,16,60,102,74" hai3="9,37,64,22,122,106,14,31,13,11,7,72,76"/><U56/><E123/><V18/><F74/><W19/><G37/><T116/><D75/><U110/><E2/><V128/><F111/><W61/><G106/><T43/><D108/><U66/><E110/><V126/><F134/><W132/><G122/><T48/><D29/><U130/><E130/><V49/><F126/><W80/><G31/><T83/><D107/><U20/><E12/><V42/><F128/><W62/><G132/><T68/><D135/><U112/><E78/><V51/><F4/><W100/><G100/><T129/><D129/><U109/><E109/><V8/><F84/><W124/><G124/><T27/><D27/><U54/><E41/><V30/><F30/><W57/><REACH who="3" step="1"/><G62/><REACH who="3" ten="229,240,311,210" step="2"/><T32/><D63/><U94/><E36/><V25/><F60/><W77/><G77/><T55/><D39/><U53/><E105/><V69/><F102/><W73/><G73/><T93/><D38/><U91/><E127/><V89/><F104/><W40/><G40/><T118/><D43/><U92/><E54/><V28/><F28/><W82/><G82/><T45/><D125/><U0/><E94/><V87/><F42/><W47/><G47/><T103/><D103/><U23/><E53/><V6/><F46/><W59/><G59/><T10/><D83/><U34/><E56/><V52/><F52/><W98/><G98/><T58/><D58/><U17/><E66/><V70/><F99/><W90/><G90/><T115/><D32/><U101/><E34/><V33/><F89/><W113/><G113/><T95/><D115/><U131/><E101/><V79/><F33/><RYUUKYOKU ba="1,1" sc="229,-10,240,-10,311,-10,210,30" hai3="7,9,11,13,14,19,22,57,61,64,72,76,80" /><INIT seed="6,2,1,5,2,119" ten="219,230,301,240" oya="2" hai0="99,63,117,94,74,109,106,23,33,7,104,24,73" hai1="8,4,121,105,88,53,62,69,49,83,31,90,110" hai2="44,36,75,97,28,86,91,2,58,51,48,93,46" hai3="16,134,71,76,41,3,15,13,129,56,81,38,0"/><V45/><F2/><W1/><G71/><T133/><D109/><U102/><E31/><V125/><F75/><W84/><G38/><T11/><D33/><U89/><E102/><V85/><F125/><W30/><G30/><T54/><D133/><U127/><E105/><V55/><F36/><W17/><G41/><T67/><D117/><U25/><E25/><V100/><F28/><W21/><G134/><T9/><D9/><U61/><E110/><V64/><F64/><W40/><G40/><T122/><D122/><U72/><E121/><V65/><F65/><W39/><G39/><T59/><D73/><U130/><E130/><V29/><F29/><W96/><G96/><T27/><D74/><U80/><E69/><V123/><F123/><W50/><G129/><T95/><D95/><U78/><E80/><V6/><F6/><W116/><G116/><T5/><D5/><U10/><E10/><V18/><F18/><W131/><G131/><T124/><D67/><U113/><E113/><V115/><F115/><W42/><G42/><T43/><D43/><U114/><E127/><V120/><F120/><W82/><G82/><T77/><D124/><U68/><E68/><V128/><F128/><W107/><G107/><T132/><D132/><U70/><E70/><V87/><REACH who="2" step="1"/><F51/><REACH who="2" ten="219,230,291,240" step="2"/><W57/><G50/><T101/><D7/><U35/><E114/><V47/><N who="2" m="11264" /><DORA hai="126" /><V103/><AGARI ba="2,2" hai="48,55,58,85,86,87,91,93,97,100,103" m="11264" machi="103" ten="50,12000,1" yaku="1,1,4,1,0,1,8,1,53,0" doraHai="119,126" doraHaiUra="112,34" who="2" fromWho="2" sc="219,-42,230,-42,291,146,240,-42" /><INIT seed="6,3,0,2,3,87" ten="177,188,437,198" oya="2" hai0="13,11,71,84,69,64,78,119,19,85,35,72,47" hai1="128,114,117,49,22,2,86,10,109,110,96,77,25" hai2="89,15,38,118,27,63,14,57,7,54,93,42,95" hai3="91,112,65,18,43,76,0,4,116,39,28,5,17"/><V127/><F118/><W62/><G116/><T37/><D119/><U100/><E117/><RYUUKYOKU type="kaze4" ba="3,0" sc="177,0,188,0,437,0,198,0" /><INIT seed="6,4,0,2,4,70" ten="177,188,437,198" oya="2" hai0="57,48,109,84,23,85,13,15,119,31,87,128,93" hai1="20,97,118,11,44,4,12,55,69,28,77,52,53" hai2="32,66,14,7,113,133,117,89,114,51,76,108,121" hai3="59,2,41,17,35,135,8,74,71,126,54,27,94"/><V40/><F32/><W79/><G71/><T24/><D128/><U64/><E118/><V129/><F76/><W36/><G135/><T16/><D109/><U34/><E34/><V101/><F101/><W96/><G126/><T78/><D119/><U132/><E132/><V5/><F66/><W130/><G130/><T131/><D131/><U47/><E97/><V67/><F67/><W103/><G2/><T56/><D78/><U99/><E99/><V86/><F51/><W65/><G65/><T73/><D73/><U50/><E47/><V80/><F40/><W127/><G8/><T110/><D110/><U46/><E46/><V3/><F14/><W107/><G107/><T38/><D38/><U45/><E45/><V9/><F9/><W98/><G41/><T18/><D48/><U75/><E77/><V29/><F7/><W42/><G42/><T37/><D37/><U100/><E100/><V72/><F5/><W125/><G36/><T82/><D93/><U22/><E75/><V0/><F0/><W26/><G79/><T81/><D57/><U124/><E124/><N who="3" m="47690" /><G74/><T33/><REACH who="0" step="1"/><D56/><REACH who="0" ten="167,188,437,198" step="2"/><U120/><E69/><V112/><F72/><W58/><G58/><T61/><D61/><U122/><E64/><V30/><F117/><W123/><G94/><T1/><D1/><U62/><E62/><V104/><F3/><W10/><G103/><T106/><D106/><U25/><E50/><V102/><F108/><W111/><G111/><T105/><D105/><U68/><E68/><V63/><F129/><W83/><G59/><T134/><D134/><U43/><E44/><RYUUKYOKU ba="4,1" sc="167,30,188,-10,437,-10,198,-10" hai0="13,15,16,18,23,24,31,33,81,82,84,85,87" /><INIT seed="7,5,1,5,4,29" ten="197,178,427,188" oya="3" hai0="79,107,128,85,46,18,43,117,6,47,94,26,90" hai1="112,93,41,5,51,135,15,28,113,40,96,45,108" hai2="125,22,120,31,16,13,109,1,59,110,130,2,133" hai3="33,3,69,23,20,24,42,132,86,12,60,74,36"/><W49/><G74/><T4/><D107/><U77/><E108/><V116/><F116/><W118/><G118/><T66/><D117/><U61/><E77/><V48/><F130/><W71/><G3/><T92/><D128/><U99/><E28/><V126/><F31/><W9/><G36/><T70/><D70/><U83/><E83/><V100/><F100/><W123/><G123/><T129/><D66/><U38/><E41/><V35/><F35/><W80/><G33/><T131/><D79/><U87/><E38/><V122/><F133/><W30/><G23/><N who="0" m="13687" /><D94/><U124/><E124/><N who="2" m="47723" /><F1/><W19/><G60/><T84/><D131/><U75/><E75/><V56/><F2/><W64/><G64/><T52/><D85/><U7/><E61/><V44/><F59/><W21/><G132/><T62/><D129/><U57/><E57/><V76/><F56/><W63/><G63/><T37/><D47/><U27/><E27/><V102/><F102/><W67/><G67/><T91/><D91/><N who="1" m="53503" /><E15/><V115/><F76/><N who="3" m="46343" /><G71/><T104/><D104/><U121/><E121/><N who="2" m="46699" /><F115/><N who="1" m="44105" /><E135/><V114/><F114/><W17/><G69/><T88/><D90/><U73/><E73/><V53/><AGARI ba="5,1" hai="13,16,22,44,48,53,109,110" m="46699,47723" machi="53" ten="30,4000,0" yaku="18,1,13,1,54,1" doraHai="29" who="2" fromWho="2" sc="197,-15,178,-15,427,65,188,-25" owari="182,-1.8,163,-23.7,492,59.2,163,-33.7" /></mjloggm>