<mjloggm ver="2.3"><GO type="169" lobby="0"/><UN n0="%50%6F%6F%48%65%3F" n1="%E3%81%84%E3%81%B6%E3%81%A6%E3%81%84%32%30" n2="%E7%9B%AE%E5%8A%9B%36%30" n3="%E3%82%B8%E3%83%A7%E3%83%8B%E3%83%B2" dan="16,16,16,16" rate="2155.39,2048.49,2159.77,2127.13" sx="F,M,M,M"/><TAIKYOKU oya="0"/><INIT seed="0,0,0,5,0,135" ten="250,250,250,250" oya="0" hai0="6,121,11,53,118,63,120,126,31,0,117,14,93" hai1="106,51,92,79,34,129,56,61,128,40,12,107,76" hai2="32,43,97,18,103,85,26,81,49,55,69,123,68" hai3="54,66,57,27,20,89,111,71,115,124,73,60,95"/><T41/><D41/><U45/><E34/><V23/><F123/><W99/><G115/><T16/><D93/><U100/><E12/><V2/><F2/><W24/><G111/><T7/><D63/><U75/><E92/><V62/><F32/><W58/><G73/><T110/><D53/><U44/><E44/><V131/><F131/><N who="1" m="50249" /><E100/><V21/><F21/><W64/><G71/><T10/><D110/><U122/><E122/><N who="0" m="47209" /><D126/><U102/><E102/><V87/><F62/><W9/><G124/><T113/><D113/><U28/><E28/><V33/><F33/><W29/><G9/><N who="0" m="2247" /><D31/><U52/><E75/><V36/><F43/><W35/><REACH who="3" step="1"/><G58/><REACH who="3" ten="250,250,250,240" step="2"/><T130/><D130/><U1/><E56/><V108/><F108/><W48/><G48/><T94/><D94/><U3/><E106/><V112/><F112/><W37/><G37/><T8/><D8/><U133/><E107/><V116/><F36/><W101/><G101/><T50/><D50/><U77/><E61/><V114/><F114/><W86/><G86/><T30/><D30/><AGARI ba="0,1" hai="20,24,27,29,30,35,54,57,60,64,66,89,95,99" machi="30" ten="30,2000,0" yaku="1,1,7,1,53,0" doraHai="135" doraHaiUra="83" who="3" fromWho="0" sc="250,-20,250,0,250,0,240,30" /><INIT seed="1,0,0,4,0,67" ten="230,250,250,270" oya="1" hai0="88,23,54,4,63,64,130,132,57,86,3,90,89" hai1="95,131,83,47,17,98,8,7,49,65,34,79,106" hai2="38,36,31,75,78,87,37,96,28,81,120,109,12" hai3="33,127,114,124,2,50,59,48,76,116,9,1,29"/><U121/><E121/><V51/><F109/><W0/><G114/><T73/><D73/><U15/><E131/><V100/><F120/><W105/><G105/><T135/><D130/><U20/><E34/><V10/><F75/><W115/><G115/><T46/><D4/><U22/><E106/><V13/><F51/><W18/><G116/><T19/><D3/><U97/><E65/><V107/><REACH who="2" step="1"/><F13/><REACH who="2" ten="230,250,240,270" step="2"/><W69/><G50/><N who="0" m="29015" /><D135/><U58/><E49/><V44/><F44/><W53/><G1/><T56/><D132/><U102/><E47/><V117/><F117/><W104/><G2/><T122/><D122/><U32/><E15/><V111/><F111/><W30/><G0/><T60/><D60/><U91/><E58/><V94/><F94/><W21/><G59/><N who="0" m="36991" /><D86/><U68/><E95/><V42/><F42/><W16/><G104/><T45/><D45/><U72/><E72/><V70/><F70/><W118/><G69/><T103/><D103/><U80/><E68/><V39/><N who="2" m="9216" /><DORA hai="129" /><V6/><AGARI ba="0,1" hai="6,10,12,28,31,78,81,87,96,100,107" m="9216" machi="6" ten="60,7900,0" yaku="1,1,4,1,0,1,53,0" doraHai="67,129" doraHaiUra="133,119" who="2" fromWho="2" sc="230,-20,250,-39,240,89,270,-20" /><INIT seed="2,0,0,2,0,59" ten="210,211,329,250" oya="2" hai0="117,20,97,65,89,113,72,27,12,3,73,29,25" hai1="87,69,127,100,133,101,45,34,71,131,30,58,8" hai2="94,135,132,74,21,38,99,47,2,6,22,106,76" hai3="95,33,10,77,42,126,88,1,43,110,24,54,15"/><V92/><F106/><W111/><G1/><T57/><D3/><U39/><E30/><V53/><F2/><W123/><G123/><T36/><D36/><U128/><E34/><V84/><F74/><W55/><G77/><T11/><D113/><U134/><E8/><V114/><F6/><W28/><G126/><T122/><D122/><U0/><E0/><V41/><F114/><W129/><G43/><T14/><D117/><U19/><E19/><V67/><F67/><W23/><G42/><T63/><D12/><U116/><E87/><V66/><F66/><W35/><G55/><T85/><D97/><U96/><E96/><V70/><F70/><N who="1" m="26633" /><E116/><V18/><F53/><W56/><G129/><N who="1" m="49738" /><E100/><V26/><F22/><W109/><G15/><T83/><REACH who="0" step="1"/><D25/><REACH who="0" ten="200,211,329,250" step="2"/><U104/><E127/><V93/><F99/><N who="3" m="57831" /><G10/><T86/><D86/><U5/><E39/><V13/><F13/><W121/><G121/><T105/><D105/><U112/><E104/><V82/><AGARI ba="0,1" hai="18,21,26,38,41,47,76,82,84,92,93,94,132,135" machi="82" ten="30,1500,0" yaku="0,1" doraHai="59" who="2" fromWho="2" sc="200,-5,211,-5,329,25,250,-5" /><INIT seed="2,1,0,0,4,108" ten="195,206,354,245" oya="2" hai0="62,58,86,20,105,7,75,96,44,48,42,134,15" hai1="57,119,132,114,49,78,5,113,16,11,123,76,91" hai2="1,3,9,37,29,33,68,32,81,56,121,135,26" hai3="79,59,28,126,72,77,90,53,19,106,47,69,10"/><V55/><F121/><W38/><G69/><T17/><D75/><U83/><E119/><V127/><F68/><W133/><G106/><T118/><D118/><U52/><E123/><V131/><F37/><W46/><G28/><T110/><D110/><U18/><E132/><V8/><F81/><W125/><G90/><T30/><D134/><U24/><E91/><V51/><F135/><W70/><G70/><T100/><D86/><U39/><E39/><V124/><F33/><W112/><G133/><T65/><D30/><U85/><E78/><V4/><REACH who="2" step="1"/><F131/><REACH who="2" ten="195,206,344,245" step="2"/><W40/><G38/><T14/><D7/><AGARI ba="1,1" hai="1,3,4,7,8,9,26,29,32,51,55,56,124,127" machi="7" ten="40,7700,0" yaku="1,1,2,1,9,1,53,0" doraHai="108" doraHaiUra="43" who="2" fromWho="0" sc="195,-80,206,0,344,90,245,0" /><INIT seed="2,2,0,3,3,17" ten="115,206,434,245" oya="2" hai0="104,93,47,29,73,77,11,70,118,116,31,134,91" hai1="6,106,125,24,110,103,53,44,56,2,102,12,115" hai2="113,131,129,0,117,127,80,123,65,74,37,124,15" hai3="63,1,36,16,107,10,59,8,84,39,9,89,23"/><V98/><F0/><W72/><G107/><T62/><D134/><U133/><E2/><V78/><F37/><W83/><G72/><T85/><D104/><U132/><E115/><V68/><F68/><W88/><G89/><T66/><D11/><U48/><E110/><V14/><F65/><W100/><G100/><T27/><D47/><U87/><E125/><N who="2" m="48203" /><F113/><W45/><G45/><T18/><D18/><U111/><E111/><V119/><F123/><W81/><G81/><T94/><D94/><U95/><E106/><V52/><F14/><W28/><G28/><T13/><D13/><U21/><E132/><V43/><F43/><W76/><G76/><T86/><D86/><U54/><E12/><V57/><F15/><W105/><G105/><T7/><D7/><U67/><E67/><V3/><F3/><W30/><G30/><T130/><D130/><N who="2" m="49674" /><F98/><W92/><G1/><T71/><D71/><U19/><E6/><V101/><F101/><W51/><G39/><T26/><D29/><U90/><REACH who="1" step="1"/><E133/><REACH who="1" ten="115,196,434,245" step="2"/><V38/><F38/><W58/><G36/><T64/><D64/><U55/><E55/><V42/><F42/><W96/><G9/><T97/><D26/><U33/><E33/><V50/><AGARI ba="2,1" hai="50,52,57,74,78,80,117,119" m="49674,48203" machi="50" ten="30,6000,0" yaku="18,1,19,1,54,1" doraHai="17" who="2" fromWho="2" sc="115,-22,196,-22,434,76,245,-22" /><INIT seed="2,3,0,3,3,22" ten="93,174,510,223" oya="2" hai0="61,129,38,121,39,130,28,36,134,71,112,84,31" hai1="88,33,70,20,42,37,60,19,21,72,103,77,83" hai2="93,29,13,9,110,126,87,59,47,3,49,43,50" hai3="11,56,82,90,106,69,117,48,16,125,25,27,5"/><V81/><F3/><W54/><G117/><T26/><D112/><U34/><E103/><V91/><F126/><W58/><G69/><T99/><D121/><U74/><E74/><V6/><F110/><W100/><G125/><T57/><D134/><U75/><E75/><V79/><F29/><W116/><G116/><T132/><D132/><U98/><E42/><V122/><F122/><W86/><G106/><T40/><D71/><U73/><E73/><V135/><F135/><W12/><G100/><T109/><D109/><U107/><E37/><V2/><F2/><W67/><G5/><T102/><D84/><U7/><E7/><V104/><F104/><W10/><G10/><T46/><D28/><U124/><E21/><V114/><F114/><W41/><G41/><T128/><D99/><U18/><E18/><V80/><F79/><W8/><G8/><T24/><D102/><U111/><E111/><V78/><F78/><W118/><G118/><T23/><REACH who="0" step="1"/><D24/><REACH who="0" ten="83,174,510,223" step="2"/><U66/><E124/><V113/><F113/><W108/><G108/><T131/><N who="0" m="32768" /><DORA hai="76" /><T127/><D127/><U65/><E70/><V95/><F87/><W115/><G115/><T123/><D123/><U1/><E98/><V52/><F91/><W44/><G67/><AGARI ba="3,1" hai="23,26,31,36,38,39,40,46,57,61,67" m="32768" machi="67" ten="70,8000,1" yaku="1,1,19,1,52,1,53,0" doraHai="22,76" doraHaiUra="0,92" who="0" fromWho="3" sc="83,99,174,0,510,0,223,-89" /><INIT seed="3,0,0,5,0,19" ten="182,174,510,134" oya="3" hai0="107,95,115,108,125,78,20,15,91,85,31,126,106" hai1="69,121,63,2,128,56,123,67,101,79,88,134,99" hai2="122,119,89,17,124,61,21,80,50,98,13,130,7" hai3="64,86,57,14,37,118,39,131,47,73,71,62,59"/><W8/><G73/><T53/><D108/><U72/><E134/><V113/><F119/><W36/><G118/><T49/><D115/><U74/><E128/><V35/><F122/><W55/><G86/><T6/><D78/><U26/><E2/><V3/><F130/><W109/><G131/><T97/><D6/><U24/><E74/><V66/><F35/><W9/><G109/><T83/><D107/><U54/><E79/><V87/><F124/><W44/><G9/><T111/><D106/><U32/><E72/><V76/><F113/><W68/><G14/><T43/><D43/><U81/><E81/><V25/><F3/><W75/><G8/><T129/><D129/><U46/><E46/><N who="3" m="17450" /><G75/><T102/><D111/><U105/><E88/><V45/><F7/><W4/><G4/><T93/><D83/><U16/><E26/><V104/><F104/><W33/><G33/><T60/><D60/><AGARI ba="0,0" hai="36,37,39,55,57,59,60,62,64,68,71" m="17450" machi="60" ten="40,12000,1" yaku="35,5" doraHai="19" who="3" fromWho="0" sc="182,-120,174,0,510,0,134,120" /><INIT seed="3,1,0,0,5,54" ten="62,174,510,254" oya="3" hai0="65,81,18,58,55,112,8,60,78,19,25,31,79" hai1="23,14,34,27,120,30,114,52,133,7,28,41,77" hai2="106,12,63,89,104,36,15,35,42,53,10,66,61" hai3="0,98,123,37,85,39,99,91,100,103,4,108,118"/><W11/><G118/><T102/><D112/><U97/><E133/><V46/><F35/><W73/><G73/><T110/><D102/><U32/><E120/><V26/><F26/><W116/><G123/><T82/><D110/><U67/><E114/><V95/><F53/><W93/><G116/><T20/><D65/><U57/><E41/><V115/><F63/><W47/><G47/><T92/><D92/><U68/><E67/><V122/><F15/><W29/><G29/><T105/><D105/><U40/><E40/><V131/><F131/><W87/><G87/><T135/><D135/><U21/><E68/><V1/><F1/><W13/><G0/><T49/><D60/><U88/><E77/><V107/><F115/><W117/><G108/><T43/><D43/><U129/><E129/><V134/><F134/><W111/><G111/><T17/><REACH who="0" step="1"/><D8/><REACH who="0" ten="52,174,510,254" step="2"/><U72/><E34/><V16/><F122/><W132/><G132/><T128/><D128/><U2/><E32/><V121/><F121/><W119/><G117/><T101/><D101/><U124/><E124/><V9/><F9/><W130/><G130/><T64/><D64/><U70/><E70/><V69/><F107/><W76/><G119/><T56/><D56/><U22/><E22/><V24/><F106/><N who="3" m="63767" /><G103/><T75/><D75/><U94/><E72/><V127/><F104/><W62/><G62/><T86/><D86/><U33/><E33/><V5/><F127/><W3/><G85/><T71/><D71/><U113/><E23/><N who="2" m="13415" /><F95/><W45/><G93/><T51/><D51/><U80/><E113/><V48/><F48/><RYUUKYOKU ba="1,1" sc="52,15,174,-15,510,15,254,-15" hai0="17,18,19,20,25,31,49,55,58,78,79,81,82" hai2="5,10,12,36,42,46,61,66,69,89" /><INIT seed="4,2,1,5,0,129" ten="67,159,525,239" oya="0" hai0="17,130,86,37,76,80,68,84,105,46,66,26,45" hai1="110,30,1,102,5,135,97,75,2,126,29,7,18" hai2="59,20,99,109,92,81,56,93,74,127,57,35,69" hai3="118,67,83,65,63,50,42,125,113,60,55,94,12"/><T25/><D105/><U123/><E75/><V108/><F35/><W9/><G118/><T133/><D130/><U43/><E123/><V51/><F69/><W53/><G113/><T103/><D103/><U58/><E110/><V36/><F36/><W31/><G125/><T120/><D120/><U61/><E43/><V16/><F127/><W121/><G121/><T48/><D133/><U62/><E18/><V72/><F93/><W124/><G124/><T73/><D37/><U107/><E126/><V82/><F74/><W134/><G83/><T4/><D4/><U106/><E58/><V27/><F72/><W114/><G31/><T13/><D45/><U38/><E38/><V115/><F115/><W77/><G77/><T96/><D96/><U0/><E135/><V117/><F117/><W54/><G114/><T122/><D122/><U15/><E15/><V8/><F8/><W104/><G104/><T21/><D73/><U52/><E52/><N who="3" m="20074" /><G94/><T23/><D86/><U6/><REACH who="1" step="1"/><E106/><REACH who="1" ten="67,149,525,239" step="2"/><V11/><F109/><W14/><G42/><N who="0" m="24663" /><D68/><U119/><E119/><V89/><F108/><W39/><G39/><T24/><D66/><N who="3" m="25097" /><G134/><T100/><D100/><U128/><E128/><V44/><F44/><N who="3" m="28103" /><G14/><T101/><D101/><U70/><E70/><V71/><F71/><W79/><G79/><T64/><D64/><U19/><E19/><AGARI ba="2,2" hai="9,12,19,60,63" m="28103,25097,20074" machi="19" ten="30,2000,0" yaku="8,1,54,1" doraHai="129" who="3" fromWho="1" sc="67,0,149,-26,525,0,239,46" /><AGARI ba="2,0" hai="13,17,19,21,23,24,25,26,76,80,84" m="24663" machi="19" ten="30,1500,0" yaku="8,1" doraHai="129" who="0" fromWho="1" sc="67,15,123,-15,525,0,285,0" /><INIT seed="4,3,0,1,3,117" ten="82,108,525,285" oya="0" hai0="131,105,69,36,62,45,89,39,98,41,33,96,103" hai1="7,95,76,118,78,5,84,1,57,44,129,134,104" hai2="80,106,91,85,63,3,70,113,38,13,21,55,12" hai3="128,87,14,100,101,53,99,2,27,50,54,133,114"/><T42/><D33/><U60/><E104/><V20/><F3/><W24/><G2/><T31/><D131/><U83/><E118/><V97/><F38/><W82/><G128/><T65/><D31/><U86/><E129/><V26/><F113/><W40/><G114/><T25/><D25/><U8/><E134/><V56/><F70/><W4/><G40/><T90/><REACH who="0" step="1"/><D96/><REACH who="0" ten="72,108,525,285" step="2"/><U124/><E124/><V123/><F97/><W23/><G27/><T130/><D130/><U19/><E19/><V59/><F26/><W30/><G99/><T74/><D74/><U81/><E7/><V119/><F119/><W37/><G30/><T10/><D10/><U110/><E110/><V29/><F29/><W32/><G24/><T17/><D17/><U52/><E44/><AGARI ba="3,1" hai="36,39,41,42,44,45,62,65,69,89,90,98,103,105" machi="44" ten="40,7700,0" yaku="1,1,9,1,53,1" doraHai="117" doraHaiUra="102" who="0" fromWho="1" sc="72,96,108,-86,525,0,285,0" /><INIT seed="4,4,0,3,2,30" ten="168,22,525,285" oya="0" hai0="113,127,25,124,48,107,10,130,61,23,89,123,11" hai1="65,9,87,21,81,39,58,76,120,29,129,118,88" hai2="14,77,22,19,50,78,46,0,100,128,28,102,51" hai3="115,116,95,64,3,101,86,42,27,47,109,94,80"/><T66/><D107/><U63/><E120/><V70/><F128/><W82/><G109/><T35/><D35/><U99/><E118/><V132/><F70/><W17/><G3/><T15/><D123/><U60/><E129/><V52/><F0/><W85/><G64/><T49/><D130/><U59/><E39/><V37/><F37/><W125/><G115/><T92/><D113/><U133/><E133/><V84/><F132/><W40/><G125/><T90/><D15/><U68/><E68/><V75/><F75/><W36/><G101/><N who="2" m="39017" /><F28/><W104/><G104/><T91/><D92/><U97/><E9/><N who="0" m="3081" /><D61/><U57/><E57/><N who="2" m="32919" /><F84/><W8/><G116/><T38/><D66/><U126/><E126/><N who="0" m="48169" /><D38/><U98/><E21/><V20/><F20/><W12/><G27/><T5/><D5/><U71/><E29/><AGARI ba="4,0" hai="23,25,29,48,49,89,90,91" m="48169,3081" machi="29" ten="30,1500,0" yaku="18,1" doraHai="30" who="0" fromWho="1" sc="168,27,22,-27,525,0,285,0" owari="195,-20.5,-5,-50.5,525,62.5,285,8.5" /></mjloggm>