<mjloggm ver="2.3"><GO type="169" lobby="0"/><UN n0="%E3%81%8A%E3%81%AF%44%E3%83%9D%E3%83%86%E3%83%88" n1="%E7%9B%AE%E5%8A%9B%36%30" n2="%E3%82%86%E3%81%86%E3%82%8C%E3%81%84%E3%81%84%E3%81%8B" n3="%4E%65%6D%6F" dan="17,17,17,16" rate="2193.27,2155.04,2192.31,2178.06" sx="F,M,M,M"/><TAIKYOKU oya="0"/><INIT seed="0,0,0,1,4,49" ten="250,250,250,250" oya="0" hai0="124,0,58,13,92,10,108,119,87,64,112,41,55" hai1="56,31,52,9,24,109,65,16,95,70,100,102,6" hai2="11,1,113,14,18,8,38,106,61,118,44,111,30" hai3="62,73,28,103,107,7,85,86,76,110,90,5,36"/><T91/><D112/><U57/><E109/><V82/><F113/><W135/><G36/><T19/><D119/><U77/><E70/><V45/><F106/><W26/><G110/><T127/><D108/><U130/><E130/><V83/><F111/><W39/><G39/><T12/><D41/><U125/><E77/><V46/><F38/><W93/><G135/><T25/><D64/><U4/><E125/><N who="0" m="48201" /><D25/><U47/><E47/><V105/><F105/><W53/><G86/><T67/><D67/><U88/><E57/><V51/><F30/><W23/><G62/><N who="0" m="36191" /><D13/><N who="1" m="7215" /><E65/><V75/><F51/><W79/><G53/><T54/><D54/><U133/><E133/><V29/><F61/><W59/><G59/><T40/><D40/><U81/><E81/><V2/><F118/><W96/><REACH who="3" step="1"/><G79/><REACH who="3" ten="250,250,250,240" step="2"/><T21/><D0/><U60/><E4/><V116/><F2/><W63/><G63/><T121/><D121/><U129/><E6/><V48/><F1/><W34/><G34/><T114/><D114/><U89/><E129/><V33/><F48/><W35/><G35/><T17/><D17/><U20/><E89/><V37/><F37/><W3/><G3/><T115/><D115/><U97/><AGARI ba="0,1" hai="20,24,31,52,56,60,88,95,97,100,102" m="7215" machi="97" ten="30,8000,1" yaku="8,1,52,1,54,3" doraHai="49" who="1" fromWho="1" sc="250,-40,250,90,250,-20,240,-20" /><INIT seed="1,0,0,0,2,89" ten="210,340,230,220" oya="1" hai0="32,79,90,27,11,114,132,119,43,81,19,46,94" hai1="88,15,51,45,40,131,42,124,1,66,57,84,18" hai2="117,87,47,5,38,135,106,54,109,104,28,65,122" hai3="73,72,112,82,21,107,75,60,133,36,69,102,31"/><U35/><E35/><V130/><F117/><W24/><G112/><T108/><D114/><U4/><E131/><V134/><F122/><W16/><G36/><T71/><D119/><U118/><E124/><V113/><F130/><W52/><G133/><N who="2" m="50697" /><F113/><W9/><G107/><T13/><D71/><U33/><E33/><V105/><F109/><W41/><G41/><T103/><D103/><U55/><E118/><V120/><F120/><W12/><G102/><T110/><D132/><U86/><E1/><V62/><F28/><W56/><REACH who="3" step="1"/><G69/><REACH who="3" ten="210,340,230,210" step="2"/><T91/><D108/><U78/><E42/><V85/><F38/><W23/><G23/><T61/><D110/><U74/><E40/><V127/><F127/><W17/><G17/><T58/><D32/><U10/><E18/><V101/><F101/><W8/><G8/><T44/><D43/><U63/><REACH who="1" step="1"/><E88/><REACH who="1" ten="210,330,230,210" step="2"/><V59/><F5/><W26/><G26/><T115/><D91/><U22/><E22/><V129/><F129/><W25/><G25/><T49/><D115/><U2/><E2/><V98/><F98/><W125/><G125/><T121/><D27/><U76/><E76/><AGARI ba="0,2" hai="9,12,16,21,24,31,52,56,60,72,73,75,76,82" machi="76" ten="40,5200,0" yaku="1,1,54,2,53,0" doraHai="89" doraHaiUra="111" who="3" fromWho="1" sc="210,0,330,-52,230,0,210,72" /><INIT seed="2,0,0,5,5,100" ten="210,278,230,282" oya="2" hai0="21,128,1,43,103,70,122,36,49,107,22,134,127" hai1="42,120,93,114,121,13,44,89,16,25,62,81,66" hai2="99,96,85,74,58,35,14,28,9,27,135,76,32" hai3="78,68,77,94,69,38,51,71,10,26,118,108,6"/><V40/><F74/><W116/><G38/><T82/><D122/><U64/><E114/><V11/><F135/><W39/><G39/><T4/><D134/><U63/><E81/><V115/><F115/><W45/><G108/><T88/><D70/><U65/><E25/><V129/><F129/><W117/><G94/><T34/><D34/><U105/><E105/><V73/><F73/><W30/><G51/><T23/><D128/><U31/><E31/><V133/><F133/><W33/><REACH who="3" step="1"/><G45/><REACH who="3" ten="210,278,230,272" step="2"/><T91/><D36/><U12/><E121/><V24/><F40/><W102/><G102/><T8/><D127/><U97/><E120/><V106/><F35/><W57/><G57/><T132/><D132/><U7/><E42/><V110/><F58/><W5/><G5/><T56/><D82/><U111/><E44/><V17/><F110/><W18/><G18/><T104/><D103/><U131/><E111/><V20/><F32/><W130/><G130/><T125/><D125/><U29/><E131/><V119/><F17/><W46/><G46/><T79/><D43/><U15/><E7/><V109/><F109/><W72/><G72/><T53/><REACH who="0" step="1"/><D79/><REACH who="0" ten="200,278,230,272" step="2"/><U19/><E29/><V59/><F28/><W60/><G60/><AGARI ba="0,2" hai="12,13,15,16,19,60,62,63,64,65,66,89,93,97" machi="60" ten="40,2600,0" yaku="8,1,54,1" doraHai="100" who="1" fromWho="3" sc="200,0,278,46,230,0,272,-26" /><INIT seed="3,0,0,0,2,20" ten="200,324,230,246" oya="3" hai0="3,6,108,97,131,66,26,38,52,117,63,96,34" hai1="9,115,21,74,12,113,100,75,81,8,23,19,99" hai2="45,84,129,50,118,73,53,41,48,51,93,122,64" hai3="106,86,27,92,78,16,25,56,1,98,103,68,88"/><W43/><G68/><T111/><D117/><U102/><E81/><V11/><F73/><W35/><G1/><T33/><D38/><U17/><E12/><V130/><F118/><W57/><G43/><T5/><D131/><N who="2" m="50186" /><F11/><W32/><G78/><T90/><D34/><U36/><E99/><V28/><F28/><W124/><G124/><T123/><D123/><U13/><E13/><V69/><F122/><W94/><G106/><T72/><D72/><U134/><E36/><N who="2" m="21671" /><F93/><W47/><G47/><T54/><D96/><U114/><E115/><V2/><F84/><W14/><G35/><T133/><D97/><U76/><E76/><V37/><F37/><W58/><G32/><T10/><D90/><U104/><E104/><V70/><F2/><W125/><G125/><T79/><D79/><U65/><E65/><V89/><F89/><W110/><G110/><N who="0" m="42027" /><D6/><U31/><E31/><V77/><F77/><W127/><G127/><T22/><D33/><U59/><E59/><N who="2" m="33191" /><F70/><W119/><G119/><T109/><N who="0" m="42035" /><T85/><DORA hai="83" /><D85/><U61/><REACH who="1" step="1"/><E61/><AGARI ba="0,0" hai="50,51,61,64,69" m="33191,21671,50186" machi="61" ten="30,7700,0" yaku="24,1,19,1,34,2" doraHai="20,83" who="2" fromWho="1" sc="200,0,324,-77,230,77,246,0" /><INIT seed="4,0,0,2,0,15" ten="200,247,307,246" oya="0" hai0="32,0,93,23,43,45,107,94,38,118,101,34,128" hai1="19,116,12,80,102,9,67,35,56,25,123,52,70" hai2="130,112,113,20,22,98,42,95,106,108,115,50,125" hai3="63,6,88,133,109,71,33,99,97,1,65,16,11"/><T90/><D118/><U29/><E123/><V69/><F108/><W47/><G109/><T135/><D135/><U100/><E116/><V131/><F106/><W17/><G33/><T77/><D128/><N who="2" m="49194" /><F69/><W74/><G133/><T21/><D0/><U126/><E126/><V120/><F120/><W92/><G74/><T83/><D107/><U119/><E119/><V84/><F84/><W2/><G2/><T55/><D101/><U49/><E70/><V110/><F110/><W79/><G79/><T132/><D132/><U5/><E67/><V27/><F125/><W121/><G121/><T105/><D105/><U85/><REACH who="1" step="1"/><E5/><REACH who="1" ten="200,237,307,246" step="2"/><V3/><F115/><W59/><G71/><T61/><D34/><U24/><E24/><V66/><F27/><W68/><G68/><T36/><D32/><U8/><E8/><V89/><F66/><W57/><G57/><T87/><D23/><U78/><AGARI ba="0,1" hai="9,12,19,25,29,35,49,52,56,78,80,85,100,102" machi="78" ten="20,8000,1" yaku="1,1,0,1,7,1,52,1,54,1,53,0" doraHai="15" doraHaiUra="18" who="1" fromWho="1" sc="200,-40,237,90,307,-20,246,-20" /><INIT seed="5,0,0,1,4,99" ten="160,327,287,226" oya="1" hai0="39,105,113,61,3,79,48,101,109,49,62,116,57" hai1="37,59,43,127,123,80,135,88,17,111,94,31,13" hai2="91,76,75,63,15,35,106,84,89,58,65,117,33" hai3="68,64,82,95,121,34,51,9,53,97,60,11,40"/><U22/><E123/><V107/><F117/><W110/><G121/><T10/><D116/><U70/><E70/><V26/><F75/><W7/><G110/><T28/><D109/><U131/><E111/><V72/><F72/><W16/><G34/><T45/><D113/><U115/><E115/><V90/><F76/><W21/><G82/><T1/><D79/><U73/><E135/><V102/><F84/><W50/><G40/><T96/><D28/><U85/><E131/><V54/><F107/><W66/><G66/><T41/><D62/><U134/><E127/><V8/><F26/><W104/><G104/><T129/><D129/><U81/><E134/><V20/><F20/><W23/><G23/><T74/><D74/><U27/><E73/><V32/><F65/><W112/><G112/><T30/><D30/><U52/><E43/><V19/><REACH who="2" step="1"/><F106/><REACH who="2" ten="160,327,277,226" step="2"/><W124/><G21/><T92/><D105/><U133/><E133/><V5/><F5/><W4/><G4/><T42/><D10/><N who="1" m="6327" /><E37/><V122/><F122/><W125/><G7/><T126/><D126/><U46/><E46/><V103/><AGARI ba="0,1" hai="8,15,19,32,33,35,54,58,63,89,90,91,102,103" machi="103" ten="40,12000,2" yaku="1,1,0,1,52,2,53,3" doraHai="99" doraHaiUra="86" who="2" fromWho="2" sc="160,-30,327,-60,277,130,226,-30" /><INIT seed="6,0,0,3,1,90" ten="130,267,407,196" oya="2" hai0="97,15,131,44,53,43,45,16,76,34,2,134,50" hai1="40,102,1,39,128,13,11,124,118,20,31,5,36" hai2="106,125,68,55,62,100,119,38,111,64,30,3,42" hai3="46,103,95,6,72,12,113,59,41,27,133,85,47"/><V77/><F119/><W135/><G72/><T8/><D131/><U58/><E118/><V88/><F77/><W21/><G113/><T89/><D134/><N who="3" m="51209" /><G59/><T67/><D34/><U24/><E128/><V48/><F3/><W82/><G6/><T7/><D76/><U123/><E124/><V56/><F30/><N who="3" m="17775" /><G12/><T63/><D97/><U115/><E115/><V87/><F125/><W14/><G14/><T17/><D89/><U61/><E123/><V33/><F33/><W22/><G22/><T112/><D112/><U37/><E1/><V116/><F116/><W66/><G66/><T121/><D121/><U127/><E127/><V32/><F32/><W104/><G104/><T71/><REACH who="0" step="1"/><D2/><REACH who="0" ten="120,267,407,196" step="2"/><U65/><E102/><V130/><F100/><W114/><G114/><T99/><D99/><U80/><E80/><V92/><F130/><W79/><G41/><T108/><D108/><U51/><E40/><V57/><F111/><W109/><G109/><T86/><D86/><U91/><E91/><V9/><F106/><W122/><G122/><T28/><D28/><U84/><E84/><V19/><F87/><W93/><G103/><T126/><D126/><U23/><E31/><V129/><F88/><W75/><G85/><T52/><D52/><U110/><E110/><V120/><F129/><W74/><G74/><T26/><D26/><U98/><E24/><V29/><F120/><W0/><G0/><T70/><D70/><N who="1" m="42287" /><E98/><V73/><F29/><W49/><G75/><T107/><D107/><U117/><E117/><V101/><F73/><W35/><G79/><T96/><D96/><RYUUKYOKU ba="0,1" sc="120,15,267,15,407,-15,196,-15" hai0="7,8,15,16,17,43,44,45,50,53,63,67,71" hai1="5,11,13,20,23,36,37,39,51,58" /><INIT seed="7,1,1,2,0,69" ten="135,282,392,181" oya="3" hai0="12,57,2,16,48,32,74,106,122,105,84,82,109" hai1="63,131,95,86,110,101,83,128,99,60,77,113,124" hai2="80,40,21,6,23,127,89,62,0,135,103,94,8" hai3="98,123,78,46,90,11,64,47,13,88,76,7,107"/><W85/><G123/><T36/><D122/><U59/><E110/><V91/><F40/><W87/><G64/><T96/><D109/><U61/><E113/><V37/><F37/><W66/><G66/><T33/><D2/><U52/><REACH who="1" step="1"/><E124/><REACH who="1" ten="135,272,392,181" step="2"/><V43/><F127/><W129/><G129/><AGARI ba="1,2" hai="52,59,60,61,63,77,83,86,95,99,101,128,129,131" machi="129" ten="40,8000,1" yaku="1,1,2,1,19,1,54,1,53,0" doraHai="69" doraHaiUra="70" who="1" fromWho="3" sc="135,0,272,103,392,0,181,-83" owari="135,-26.5,375,17.5,392,49.2,98,-40.2" /></mjloggm>