<mjloggm ver="2.3"><GO type="169" lobby="0"/><UN n0="%E3%81%BF%E3%81%A3%E3%81%A4%E3%81%83%EF%BD%9E" n1="%E5%8D%88%E5%BE%8C%E3%82%B4%E3%83%AA%E3%83%A9" n2="%E3%83%8F%E3%82%AC%E3%82%BF%E3%82%AB%E3%81%AE%E3%81%88%E3%81%98%E3%81%8D" n3="%E5%A4%A9%E5%AE%89%E9%96%80%E5%BF%98%E5%8D%B4" dan="16,16,17,16" rate="2171.64,2129.73,2153.34,2049.74" sx="F,M,M,M"/><TAIKYOKU oya="0"/><INIT seed="0,0,0,5,5,60" ten="250,250,250,250" oya="0" hai0="102,63,121,97,116,115,78,11,131,113,105,42,1" hai1="85,126,34,40,22,80,65,27,10,66,94,47,14" hai2="122,43,67,33,88,6,7,103,111,21,61,8,52" hai3="90,71,48,68,82,73,72,51,83,12,15,19,120"/><T49/><D116/><U124/><E94/><V93/><F122/><W79/><G90/><T9/><D121/><U107/><E34/><V17/><F33/><W99/><G99/><T81/><D131/><U50/><E107/><V109/><F43/><W132/><G120/><T74/><D11/><U86/><E126/><V30/><F103/><W134/><REACH who="3" step="1"/><G19/><REACH who="3" ten="250,250,250,240" step="2"/><T26/><D115/><U100/><E124/><V25/><F17/><W128/><G128/><T20/><D113/><U13/><E100/><V108/><F8/><W76/><AGARI ba="0,1" hai="12,15,48,51,68,71,72,73,76,79,82,83,132,134" machi="76" ten="25,6400,0" yaku="1,1,0,1,22,2,53,0" doraHai="60" doraHaiUra="53" who="3" fromWho="3" sc="250,-32,250,-16,250,-16,240,74" /><INIT seed="1,0,0,4,1,106" ten="218,234,234,314" oya="1" hai0="59,123,128,129,70,62,66,14,69,81,116,84,11" hai1="133,34,103,47,41,89,85,117,38,55,12,112,17" hai2="68,76,44,42,74,21,51,48,92,124,56,96,2" hai3="46,15,134,45,16,61,22,63,9,102,29,88,125"/><U52/><E34/><V100/><F124/><W83/><G134/><T43/><D116/><U118/><E112/><V122/><F122/><W4/><G29/><T75/><D43/><U36/><E36/><V35/><F35/><W108/><G102/><T132/><D132/><U54/><E103/><V0/><F68/><W127/><G108/><T107/><D107/><U78/><E78/><V67/><F21/><W82/><G127/><T93/><D123/><U115/><E115/><V80/><REACH who="2" step="1"/><F48/><REACH who="2" ten="218,234,224,314" step="2"/><W111/><G125/><T1/><D70/><U30/><E133/><V91/><F91/><W8/><G22/><T37/><D69/><U86/><E30/><V121/><F121/><W95/><G111/><T130/><D129/><U109/><E109/><V58/><F58/><W87/><G61/><AGARI ba="0,1" hai="0,2,42,44,51,56,61,67,74,76,80,92,96,100" machi="61" ten="40,2600,0" yaku="1,1,52,1,53,0" doraHai="106" doraHaiUra="101" who="2" fromWho="3" sc="218,0,234,0,224,36,314,-26" /><INIT seed="2,0,0,0,2,103" ten="218,234,260,288" oya="2" hai0="35,70,69,109,66,14,108,117,51,113,67,20,90" hai1="78,53,17,92,101,52,132,61,18,75,85,31,34" hai2="119,79,135,48,44,32,128,73,60,134,105,6,33" hai3="27,93,30,129,71,10,21,72,11,36,4,97,80"/><V29/><F119/><W63/><G36/><T104/><D113/><U76/><E75/><V9/><F128/><W43/><G129/><T15/><D35/><U116/><E116/><V7/><F60/><W41/><G72/><T86/><D117/><U58/><E132/><N who="2" m="50731" /><F105/><W95/><G80/><T16/><D104/><U46/><E34/><N who="2" m="13419" /><F29/><W8/><G93/><T114/><D114/><U25/><E31/><V42/><F9/><W12/><G71/><T57/><D70/><U124/><E124/><V121/><F121/><W37/><G63/><T122/><D69/><U39/><E39/><V123/><F123/><W133/><G133/><T19/><D122/><U68/><E68/><V118/><F118/><W106/><G106/><T96/><D66/><U111/><E101/><V23/><F23/><W115/><G115/><T62/><D51/><N who="1" m="28791" /><E111/><V3/><F3/><W120/><G120/><T22/><REACH who="0" step="1"/><D96/><REACH who="0" ten="208,234,260,288" step="2"/><U81/><E92/><AGARI ba="0,1" hai="14,15,16,19,20,22,57,62,67,86,90,92,108,109" machi="92" ten="40,8000,1" yaku="1,1,2,1,9,1,54,1,53,0" doraHai="103" doraHaiUra="24" who="0" fromWho="1" sc="208,90,234,-80,260,0,288,0" /><INIT seed="3,0,0,3,5,108" ten="298,154,260,288" oya="3" hai0="28,3,132,133,126,35,73,13,54,114,19,69,81" hai1="18,82,9,121,104,103,8,101,107,76,56,17,112" hai2="120,74,6,14,117,61,52,51,33,105,129,47,11" hai3="48,7,84,97,98,44,62,31,130,100,26,87,123"/><W99/><G123/><T16/><D69/><U2/><E56/><V42/><F120/><W90/><G130/><T30/><D3/><U10/><E121/><V111/><F111/><W78/><G7/><T118/><D118/><U65/><E2/><V68/><F129/><W29/><G100/><T122/><D122/><U75/><E65/><V0/><F117/><W58/><G78/><N who="0" m="44239" /><D35/><U25/><E25/><V72/><F105/><W39/><G39/><T110/><D110/><U93/><E93/><V67/><F33/><W24/><G24/><T15/><D54/><U113/><E82/><V34/><F34/><W1/><G1/><T125/><D30/><N who="3" m="11273" /><G90/><T43/><D28/><U94/><E94/><V36/><REACH who="2" step="1"/><F0/><REACH who="2" ten="298,154,250,288" step="2"/><W79/><G79/><T102/><D126/><U77/><REACH who="1" step="1"/><E8/><REACH who="1" ten="298,144,250,288" step="2"/><V50/><F50/><W71/><G48/><T86/><D125/><U91/><E91/><V64/><F64/><W4/><G71/><T46/><D102/><U124/><E124/><V85/><F85/><W32/><G87/><T12/><D86/><U88/><E88/><V22/><F22/><W128/><G84/><T70/><D70/><U41/><E41/><V53/><F53/><W38/><G32/><T45/><D43/><U134/><E134/><V116/><F116/><W57/><G128/><T49/><D133/><U89/><E89/><V109/><F109/><W63/><G38/><T115/><D132/><U92/><E92/><V55/><F55/><W95/><G95/><T106/><D106/><U20/><E20/><V60/><F60/><W127/><G127/><T21/><D49/><RYUUKYOKU ba="0,2" sc="298,-15,144,15,250,15,288,-15" hai1="9,10,17,18,75,76,77,101,103,104,107,112,113" hai2="6,11,14,36,42,47,51,52,61,67,68,72,74" /><INIT seed="4,1,2,2,5,86" ten="283,159,265,273" oya="0" hai0="24,30,59,134,51,15,6,114,78,68,128,3,77" hai1="85,43,44,56,101,57,127,122,70,1,104,17,92" hai2="121,39,37,35,11,26,103,71,9,123,130,120,133" hai3="88,2,89,8,49,10,65,62,52,74,21,14,41"/><T16/><D68/><U55/><E70/><V36/><F71/><W111/><G74/><T34/><D114/><U0/><E122/><V119/><F130/><W91/><G111/><T132/><D128/><U115/><E127/><V19/><F133/><N who="0" m="51306" /><D6/><U98/><E115/><V96/><F119/><W125/><G125/><T69/><D3/><U126/><E126/><V124/><F124/><W82/><G2/><T106/><D106/><U80/><E17/><V5/><F5/><W28/><G41/><T87/><D69/><U54/><E104/><V83/><F83/><W20/><G82/><T117/><D117/><U58/><E1/><V47/><F47/><N who="3" m="27711" /><G28/><T66/><D87/><U72/><E72/><V40/><F40/><W131/><G131/><T33/><D34/><U81/><E0/><V102/><F35/><W100/><G100/><T63/><D51/><N who="1" m="27039" /><E80/><V38/><F38/><W13/><G8/><AGARI ba="1,2" hai="8,15,16,24,30,33,59,63,66,77,78" m="51306" machi="8" ten="30,2900,0" yaku="20,1,54,1" doraHai="86" who="0" fromWho="3" sc="283,52,159,0,265,0,273,-32" /><INIT seed="4,2,0,0,5,18" ten="335,159,265,241" oya="0" hai0="127,64,113,88,125,128,40,52,126,63,103,116,124" hai1="95,15,76,49,112,13,99,120,7,6,44,129,34" hai2="118,106,123,107,23,89,90,54,60,105,21,133,109" hai3="2,55,104,4,3,32,35,74,81,0,9,36,42"/><T53/><N who="0" m="31744" /><DORA hai="77" /><T5/><D116/><U102/><E34/><N who="3" m="12842" /><G55/><N who="0" m="21067" /><D113/><U86/><E120/><V16/><F123/><W94/><G94/><T135/><D128/><U27/><E129/><V80/><F109/><W22/><G104/><T61/><D135/><U119/><E119/><V26/><F118/><W28/><G28/><T66/><D103/><U85/><E112/><V58/><F133/><W96/><G96/><T1/><D40/><U73/><E27/><V92/><F92/><W8/><G8/><N who="0" m="2095" /><D88/><U59/><E73/><V134/><F134/><W117/><G117/><T130/><D130/><U82/><E59/><V10/><F10/><W43/><G43/><T93/><D93/><U101/><E86/><V39/><F39/><W45/><G22/><T41/><D41/><N who="1" m="24719" /><E102/><V114/><F114/><W29/><G29/><T48/><D48/><U24/><E24/><V131/><F131/><W20/><G20/><T132/><D132/><U30/><E30/><V19/><REACH who="2" step="1"/><F80/><REACH who="2" ten="335,159,255,241" step="2"/><W108/><G108/><T67/><AGARI ba="2,1" hai="61,63,64,66,67" m="2095,21067,31744" machi="67" ten="60,6000,0" yaku="18,1,54,1" doraHai="18,77" who="0" fromWho="0" sc="335,76,159,-22,255,-22,241,-22" /><INIT seed="4,3,0,5,4,122" ten="411,137,233,219" oya="0" hai0="8,47,53,10,72,98,19,80,55,69,75,1,7" hai1="112,46,119,45,123,34,31,30,133,58,127,48,12" hai2="56,13,114,65,37,5,81,68,23,124,111,63,22" hai3="54,100,32,121,130,14,66,25,35,83,91,62,28"/><T57/><D69/><U134/><E123/><V87/><F111/><W90/><G121/><T60/><D98/><U21/><E119/><V101/><F37/><W38/><G38/><T15/><D47/><U4/><E34/><V50/><F114/><W27/><G54/><T135/><D135/><U51/><E112/><V11/><F124/><W41/><G41/><T36/><D36/><U18/><E127/><V3/><F101/><W97/><G130/><T40/><D40/><U70/><E70/><V42/><F3/><W96/><G14/><T89/><D89/><U126/><E126/><V0/><F0/><W16/><G83/><T39/><D39/><U73/><E58/><V107/><F107/><W94/><G97/><T106/><D106/><U33/><E73/><V43/><F68/><W59/><REACH who="3" step="1"/><G16/><REACH who="3" ten="411,137,233,209" step="2"/><T71/><D55/><U17/><E4/><V64/><F64/><W132/><G132/><T67/><D80/><U88/><E33/><V52/><F43/><W85/><G85/><T128/><D128/><U2/><E2/><V105/><F105/><W99/><G99/><T61/><AGARI ba="3,1" hai="1,7,8,10,15,19,53,57,60,61,67,71,72,75" machi="61" ten="20,2100,0" yaku="0,1,7,1" doraHai="122" who="0" fromWho="0" sc="411,40,137,-10,233,-10,209,-10" /><INIT seed="4,4,0,0,2,21" ten="451,127,223,199" oya="0" hai0="67,97,42,12,66,114,83,93,112,107,54,96,108" hai1="120,124,50,128,103,48,19,99,16,74,26,80,29" hai2="1,130,89,33,134,123,55,27,3,105,122,43,62" hai3="25,57,86,59,116,2,0,119,78,92,53,132,127"/><T35/><D108/><U39/><E39/><V37/><F105/><W73/><G73/><T75/><D42/><U88/><E120/><V10/><F130/><W60/><G127/><T8/><D35/><U98/><E124/><V70/><F134/><W135/><G59/><T11/><D54/><U117/><E117/><V51/><F89/><N who="3" m="53303" /><G78/><T15/><D107/><U106/><E128/><V28/><F37/><W36/><G25/><T109/><D109/><U63/><E63/><V6/><F1/><N who="3" m="619" /><G36/><T22/><D22/><U68/><E68/><V72/><F72/><W7/><G7/><T49/><D49/><U95/><E50/><V58/><REACH who="2" step="1"/><F43/><REACH who="2" ten="451,127,213,199" step="2"/><W14/><G119/><T61/><D114/><U17/><E74/><V47/><F47/><W90/><G116/><T84/><D112/><U79/><E48/><V76/><F76/><W20/><G90/><T85/><D75/><U126/><E126/><V129/><F129/><W64/><G135/><T94/><D61/><U77/><REACH who="1" step="1"/><E80/><AGARI ba="4,1" hai="8,11,12,15,66,67,80,83,84,85,93,94,96,97" machi="80" ten="25,4800,0" yaku="22,2,8,1" doraHai="21" who="0" fromWho="1" sc="451,70,127,-60,213,0,199,0" /><INIT seed="4,5,0,2,1,123" ten="521,67,213,199" oya="0" hai0="7,96,70,87,22,26,89,113,80,34,28,9,52" hai1="98,23,38,15,134,132,58,125,47,1,56,43,3" hai2="116,11,86,109,114,108,71,81,53,76,112,6,100" hai3="103,121,104,135,78,60,42,92,13,82,18,29,133"/><T106/><D70/><U4/><E125/><V64/><F100/><W83/><G121/><T48/><D113/><N who="2" m="43626" /><F116/><W77/><G29/><T27/><D106/><U97/><E23/><V37/><F37/><W44/><G60/><T63/><D63/><U126/><E126/><V99/><F99/><N who="3" m="59879" /><G104/><T2/><D96/><U16/><E4/><V62/><F53/><W90/><G90/><T118/><D118/><U73/><E73/><V79/><F79/><W117/><G78/><T110/><D27/><U122/><E122/><V128/><F128/><W25/><G25/><T40/><D40/><U51/><E38/><V32/><F32/><W41/><G44/><T57/><D34/><U130/><E130/><V49/><F49/><W12/><G12/><AGARI ba="5,0" hai="6,11,12,62,64,71,76,81,86,108,109" m="43626" machi="12" ten="30,3900,0" yaku="15,1,52,2" doraHai="123" who="2" fromWho="3" sc="521,0,67,0,213,54,199,-54" /><INIT seed="5,0,0,0,5,13" ten="521,67,267,145" oya="1" hai0="65,76,26,43,2,88,25,15,8,3,9,29,86" hai1="101,4,55,113,51,123,92,41,122,21,128,106,10" hai2="38,40,87,33,36,54,12,44,34,23,129,78,66" hai3="120,69,61,63,118,89,110,42,74,134,130,80,37"/><U53/><E106/><V30/><F129/><W0/><RYUUKYOKU type="yao9" ba="0,0" sc="521,0,67,0,267,0,145,0" hai3="0,37,42,61,63,69,74,80,89,110,118,120,130,134" /><INIT seed="5,1,0,1,2,17" ten="521,67,267,145" oya="1" hai0="102,118,126,97,66,105,122,90,41,74,16,108,106" hai1="26,80,123,73,50,23,125,115,8,88,59,75,34" hai2="77,33,27,24,85,116,89,117,49,54,5,111,71" hai3="30,10,14,72,39,18,81,69,103,132,119,48,15"/><U52/><E123/><V91/><F111/><W31/><G39/><T114/><D108/><U3/><E34/><V21/><F71/><W99/><G69/><T120/><D118/><U121/><E121/><N who="0" m="46697" /><D114/><U64/><E115/><V62/><F5/><W1/><G1/><T35/><D126/><U93/><E125/><V67/><F77/><W36/><G36/><T82/><D35/><U47/><E80/><V58/><F33/><W130/><G48/><T40/><D106/><U128/><E128/><V7/><F7/><W78/><G132/><T63/><D16/><U46/><E8/><V112/><F112/><W37/><G37/><T28/><D28/><U4/><E4/><V51/><F24/><W45/><G45/><T9/><D9/><U96/><E3/><V133/><F133/><W12/><G119/><T94/><D82/><U129/><E129/><V135/><F135/><W70/><G70/><N who="0" m="42335" /><D74/><U65/><E75/><V79/><F79/><W2/><G130/><T55/><D55/><U124/><E73/><V92/><F89/><W109/><G109/><T107/><D105/><U29/><E124/><V53/><F116/><W44/><G2/><T104/><D104/><U61/><E46/><V22/><F117/><W25/><G44/><T113/><D113/><U42/><AGARI ba="1,0" hai="23,26,29,42,47,50,52,59,61,64,65,88,93,96" machi="42" ten="20,18000,2" yaku="0,1,7,1,8,1,52,1,54,2" doraHai="17" who="1" fromWho="1" sc="521,-61,67,183,267,-61,145,-61" /><INIT seed="5,2,0,0,5,72" ten="460,250,206,84" oya="1" hai0="135,82,89,100,23,38,40,127,1,125,131,71,26" hai1="122,113,8,126,76,5,108,4,121,98,49,47,20" hai2="3,59,90,64,67,102,96,51,33,46,69,85,56" hai3="21,84,9,120,10,0,119,94,88,68,48,27,116"/><U111/><E126/><N who="0" m="48137" /><D131/><U13/><E113/><V54/><F33/><W45/><G68/><T93/><D135/><U22/><E4/><V109/><F3/><W81/><G120/><T95/><D71/><U37/><E37/><V134/><F109/><N who="1" m="42057" /><E98/><V15/><F134/><W101/><G116/><T124/><D1/><U60/><E60/><V92/><F15/><W19/><G119/><T55/><D124/><U66/><E66/><N who="2" m="25131" /><F69/><W42/><G0/><T52/><D100/><U65/><E65/><V123/><F123/><N who="1" m="47113" /><E76/><V17/><F17/><W114/><G114/><T112/><D112/><U57/><E57/><V43/><F43/><AGARI ba="2,0" hai="5,8,13,20,22,43,47,49" m="47113,42057" machi="43" ten="30,1500,0" yaku="10,1" doraHai="72" who="1" fromWho="2" sc="460,0,250,21,206,-21,84,0" /><INIT seed="5,3,0,2,0,1" ten="460,271,185,84" oya="1" hai0="43,98,19,89,12,88,126,36,45,9,129,51,21" hai1="17,97,23,117,125,59,29,54,82,107,112,90,16" hai2="83,60,73,134,87,68,56,113,7,123,8,80,101" hai3="128,15,77,94,3,55,105,40,6,22,110,133,102"/><U116/><E112/><V37/><F123/><W103/><G110/><T72/><D129/><U28/><E125/><V35/><F35/><W135/><G105/><T0/><D126/><U104/><E104/><V5/><F68/><W61/><G128/><T58/><D72/><U118/><E17/><V63/><F113/><W127/><G40/><T20/><D89/><U10/><E10/><V27/><F37/><W62/><G77/><T76/><D76/><U100/><E90/><V49/><F73/><W67/><G3/><T120/><D120/><U106/><E82/><N who="2" m="31275" /><F134/><W96/><G127/><T4/><D21/><U42/><E42/><V38/><F38/><W64/><G55/><T11/><D20/><U99/><E99/><V79/><F8/><N who="3" m="4503" /><G22/><T25/><D25/><U92/><E107/><V53/><F101/><W124/><G103/><T33/><D33/><U52/><E106/><V66/><F27/><W70/><G124/><T18/><D36/><U34/><E34/><V14/><F14/><W84/><G70/><T119/><D119/><U57/><E57/><N who="2" m="37135" /><F49/><W130/><G130/><T114/><D58/><U132/><E132/><N who="3" m="50762" /><G84/><T86/><D98/><U93/><E118/><V78/><F78/><W91/><G102/><T74/><D74/><U2/><E117/><V31/><F31/><W50/><G50/><T109/><D114/><U108/><E2/><V69/><F69/><W65/><AGARI ba="3,0" hai="61,62,64,65,67,91,94,96" m="50762,4503" machi="65" ten="30,2000,0" yaku="20,1,52,1" doraHai="1" who="3" fromWho="3" sc="460,-8,271,-13,185,-8,84,29" /><INIT seed="6,0,0,5,2,82" ten="452,258,177,113" oya="2" hai0="92,97,121,58,101,79,132,39,135,52,112,9,14" hai1="87,5,103,49,54,76,71,116,118,74,30,6,111" hai2="44,128,131,93,100,124,57,43,51,21,73,12,29" hai3="119,66,113,20,60,80,130,31,91,70,88,134,109"/><V11/><F73/><W90/><G109/><T24/><D121/><U23/><E71/><V59/><F124/><W83/><G119/><T50/><D112/><U17/><E74/><V129/><F29/><W7/><G130/><T117/><D39/><U4/><E30/><V102/><F21/><W104/><G134/><N who="0" m="51243" /><D24/><U72/><E103/><N who="2" m="39467" /><F93/><W108/><G108/><T45/><D79/><U47/><E72/><V99/><F99/><W27/><G113/><T96/><D97/><U34/><E34/><V8/><F8/><W105/><REACH who="3" step="1"/><G7/><AGARI ba="0,0" hai="7,11,12,43,44,51,57,59,128,129,131" m="39467" machi="7" ten="30,1500,0" yaku="19,1" doraHai="82" who="2" fromWho="3" sc="452,0,258,0,177,15,113,-15" /><INIT seed="6,1,0,5,5,20" ten="452,258,192,98" oya="2" hai0="56,28,41,96,27,123,78,81,49,63,82,89,2" hai1="50,35,13,74,86,79,70,40,19,15,113,12,3" hai2="6,55,126,9,105,7,16,128,83,46,52,135,51" hai3="110,31,1,22,48,97,26,84,67,85,32,29,25"/><V57/><F105/><W69/><G110/><T76/><D2/><U58/><E70/><V122/><F122/><W99/><G1/><T60/><D123/><U0/><E74/><V53/><F126/><W95/><G99/><T109/><D109/><U88/><E79/><N who="0" m="30249" /><D41/><U17/><E35/><V91/><F128/><W100/><REACH who="3" step="1"/><G48/><REACH who="3" ten="452,258,192,88" step="2"/><T90/><D49/><U119/><E3/><V21/><F135/><W59/><G59/><T117/><D56/><U37/><E0/><V47/><F57/><W62/><AGARI ba="1,1" hai="22,25,26,29,31,32,62,67,69,84,85,95,97,100" machi="62" ten="30,7900,0" yaku="1,1,0,1,52,2,53,0" doraHai="20" doraHaiUra="133" who="3" fromWho="3" sc="452,-21,258,-21,192,-40,88,92" /><INIT seed="7,0,0,2,5,131" ten="431,237,152,180" oya="3" hai0="26,42,55,63,115,9,21,12,112,5,73,79,11" hai1="18,118,107,47,94,135,52,75,10,45,48,23,72" hai2="65,98,1,90,91,39,89,66,15,60,123,116,114" hai3="53,120,58,2,7,97,130,4,37,85,30,93,24"/><W129/><G120/><T25/><D42/><U132/><E107/><V133/><F116/><W84/><G37/><T59/><D11/><U100/><E118/><V57/><F1/><W33/><G85/><T32/><D32/><U27/><E10/><V29/><F39/><W64/><G84/><T104/><D104/><U51/><E94/><V127/><F123/><W19/><G64/><T82/><D21/><U83/><E100/><V3/><F3/><W69/><G69/><T46/><D46/><U54/><REACH who="1" step="1"/><E83/><REACH who="1" ten="431,227,152,180" step="2"/><V20/><F114/><AGARI ba="0,1" hai="5,9,12,25,26,55,59,63,73,79,82,112,114,115" machi="114" ten="40,2600,0" yaku="15,1,11,1" doraHai="131" who="0" fromWho="2" sc="431,36,227,0,152,-26,180,0" owari="467,56.7,227,2.7,126,-37.4,180,-22.0" /></mjloggm>