<mjloggm ver="2.3"><GO type="169" lobby="0"/><UN n0="%73%68%6F%67%6F%6F" n1="%E3%81%BD%E3%81%A3%E3%81%91%E3%81%95%E3%82%93" n2="%64%6F%6E%63%68%61%6E%33" n3="%E3%81%A8%E3%81%B3%E3%81%BE%E3%81%93" dan="16,16,16,17" rate="2090.48,2146.59,2158.26,2182.74" sx="M,M,M,M"/><TAIKYOKU oya="0"/><INIT seed="0,0,0,5,1,8" ten="250,250,250,250" oya="0" hai0="97,83,109,77,65,120,42,12,55,94,107,101,90" hai1="41,118,119,76,2,51,49,58,89,57,43,22,99" hai2="37,78,102,47,25,63,104,1,62,56,35,96,122" hai3="16,19,113,23,5,127,82,26,88,31,92,36,85"/><T28/><D120/><U125/><E76/><V70/><F122/><W130/><G113/><T74/><D65/><U52/><E2/><V61/><F1/><W50/><G36/><T72/><D72/><U59/><E99/><V106/><F106/><W46/><G127/><T126/><D126/><U30/><E125/><V64/><F78/><W123/><G123/><T33/><D42/><N who="1" m="15883" /><E89/><V84/><F84/><W69/><G130/><T71/><D71/><U10/><E10/><V124/><F124/><W80/><G5/><T133/><D133/><U66/><E22/><V91/><F91/><W38/><G69/><T13/><D109/><U131/><E30/><V116/><F116/><N who="1" m="44585" /><E131/><V6/><F6/><W67/><G67/><T79/><D79/><U135/><E135/><V103/><F103/><W45/><G46/><T128/><D128/><U93/><E93/><V18/><F47/><W4/><G38/><T108/><D108/><U60/><E51/><V112/><F112/><W73/><G4/><T68/><D68/><AGARI ba="0,0" hai="49,52,57,58,59,60,66,68" m="44585,15883" machi="68" ten="30,3900,0" yaku="34,2,54,1" doraHai="8" who="1" fromWho="0" sc="250,-39,250,39,250,0,250,0" /><INIT seed="1,0,0,5,1,103" ten="211,289,250,250" oya="1" hai0="128,6,65,112,17,9,49,23,122,105,118,127,111" hai1="53,33,35,68,44,89,50,61,2,45,74,84,0" hai2="28,135,29,15,76,87,102,14,51,116,101,30,124" hai3="104,38,34,83,55,4,52,47,1,117,90,75,93"/><U64/><E74/><V88/><F116/><W82/><G34/><T77/><D65/><U43/><E35/><V40/><F135/><W69/><G69/><T42/><D77/><U72/><E72/><V25/><F124/><W107/><G117/><T130/><D49/><U94/><REACH who="1" step="1"/><E33/><REACH who="1" ten="211,279,250,250" step="2"/><V86/><F76/><W20/><G75/><T96/><D118/><U70/><E70/><V11/><F25/><W97/><G38/><AGARI ba="0,1" hai="0,2,38,43,44,45,50,53,61,64,68,84,89,94" machi="38" ten="30,5800,0" yaku="1,1,7,1,53,1" doraHai="103" doraHaiUra="91" who="1" fromWho="3" sc="211,0,279,68,250,0,250,-58" /><INIT seed="1,1,0,0,0,9" ten="211,347,250,192" oya="1" hai0="103,33,23,52,55,100,1,89,12,57,18,109,22" hai1="98,5,128,102,95,37,86,27,87,80,70,65,42" hai2="122,6,105,76,83,81,90,73,113,45,64,84,26" hai3="4,134,75,28,32,110,97,3,117,118,17,31,68"/><U62/><E128/><V44/><F122/><W7/><G75/><T39/><D1/><U19/><E5/><N who="3" m="2122" /><G68/><T2/><D2/><U47/><E19/><V58/><F113/><W48/><G3/><T24/><D33/><U38/><E27/><V43/><F105/><W130/><G48/><T93/><D39/><U13/><E13/><V15/><F43/><W131/><G97/><N who="0" m="57519" /><D55/><U107/><E38/><V53/><F64/><W72/><G72/><T104/><D104/><U10/><E10/><V41/><F41/><W20/><G110/><T56/><D56/><U114/><E114/><V120/><F120/><W35/><G134/><T126/><D126/><U79/><REACH who="1" step="1"/><E107/><REACH who="1" ten="211,337,250,192" step="2"/><V54/><F26/><N who="3" m="18455" /><G31/><N who="0" m="17815" /><D109/><U88/><E88/><V8/><REACH who="2" step="1"/><F53/><REACH who="2" ten="211,337,240,192" step="2"/><W59/><G130/><T61/><AGARI ba="1,2" hai="12,18,23,52,57,61,100,103" m="17815,57519" machi="61" ten="30,4000,0" yaku="8,1,52,1,54,1" doraHai="9" who="0" fromWho="0" sc="211,63,337,-21,240,-11,192,-11" /><INIT seed="2,0,0,4,5,49" ten="274,316,229,181" oya="2" hai0="119,47,30,48,104,100,86,118,127,24,98,61,22" hai1="71,120,1,79,75,7,39,128,33,78,0,92,29" hai2="95,108,31,10,50,96,135,110,111,90,58,37,14" hai3="91,54,8,116,51,41,13,129,106,9,53,63,109"/><V28/><F135/><W87/><G116/><N who="0" m="44587" /><D61/><U105/><E92/><V20/><F37/><W85/><G106/><T80/><D127/><U68/><E29/><V121/><F121/><W131/><G109/><T35/><D35/><U77/><E7/><V74/><F74/><W46/><G63/><T73/><D73/><U65/><E65/><V43/><F20/><W103/><G103/><T12/><D12/><U45/><E75/><V59/><F59/><W64/><G64/><T38/><D38/><U134/><E33/><V126/><F126/><W102/><G102/><T114/><D114/><U76/><E105/><V18/><F43/><W115/><G115/><T15/><D15/><U36/><E36/><V72/><F72/><W52/><G85/><T2/><D2/><U122/><E79/><V93/><REACH who="2" step="1"/><F95/><REACH who="2" ten="274,316,219,181" step="2"/><W16/><REACH who="3" step="1"/><G9/><REACH who="3" ten="274,316,219,171" step="2"/><T84/><D80/><AGARI ba="0,2" hai="8,13,16,41,46,51,52,53,54,80,87,91,129,131" machi="80" ten="40,16000,3" yaku="1,1,2,1,52,3,54,2,53,1" doraHai="49" doraHaiUra="81" who="3" fromWho="0" sc="274,-160,316,0,219,0,171,180" /><INIT seed="3,0,0,2,1,32" ten="114,316,219,351" oya="3" hai0="22,8,73,95,84,60,85,111,134,132,79,80,33" hai1="122,4,90,47,5,101,75,81,83,123,128,118,103" hai2="89,107,74,61,109,115,41,52,35,12,69,6,130" hai3="108,116,29,120,0,7,3,28,20,18,62,37,70"/><W50/><G37/><T94/><D33/><U56/><E56/><V127/><F89/><W17/><G116/><T34/><D34/><U2/><E47/><V15/><F6/><W59/><G120/><T14/><D22/><U24/><E24/><V63/><F12/><W65/><G108/><T45/><D45/><U48/><E48/><V55/><F15/><W31/><G7/><T67/><D111/><U135/><E90/><V105/><F35/><W117/><G117/><T121/><D121/><U98/><E98/><V10/><F10/><W57/><G18/><T129/><D129/><U26/><E26/><V77/><F109/><W39/><G39/><T38/><D38/><U71/><E71/><V93/><F93/><W21/><G20/><T131/><D131/><U126/><E75/><V36/><F36/><W112/><G112/><T97/><D94/><U106/><E128/><V49/><F130/><W30/><N who="3" m="7168" /><DORA hai="23" /><W68/><G59/><T51/><D51/><U96/><E96/><V87/><F49/><W133/><G133/><T88/><D132/><U9/><E9/><V91/><F74/><W19/><G19/><T66/><D134/><U58/><E58/><V13/><F69/><W16/><G17/><T125/><D125/><U104/><E135/><V76/><F127/><W1/><REACH who="3" step="1"/><G50/><REACH who="3" ten="114,316,219,341" step="2"/><T100/><D60/><U124/><E118/><V40/><F115/><W27/><AGARI ba="0,1" hai="0,1,3,16,21,27,57,62,65,68,70" m="7168" machi="27" ten="50,24000,3" yaku="1,1,2,1,0,1,52,4,54,1,53,0" doraHai="32,23" doraHaiUra="86,42" who="3" fromWho="3" sc="114,-80,316,-80,219,-80,341,250" /><INIT seed="3,1,0,1,0,74" ten="34,236,139,591" oya="3" hai0="42,75,20,11,0,37,78,13,47,1,38,105,35" hai1="76,24,101,128,117,77,86,94,5,102,103,28,22" hai2="56,45,30,16,44,114,113,39,125,23,71,97,8" hai3="132,122,100,7,79,63,25,21,121,70,6,51,48"/><W91/><G100/><T49/><D35/><U54/><E128/><V120/><F71/><W69/><G91/><T84/><D105/><U93/><E117/><V64/><F125/><W134/><G21/><T3/><D75/><U60/><E5/><V43/><F120/><W17/><G17/><T119/><D20/><U36/><E36/><V29/><F45/><W131/><G25/><T92/><D119/><U133/><E133/><V66/><F97/><W88/><G88/><T81/><REACH who="0" step="1"/><D92/><REACH who="0" ten="24,236,139,591" step="2"/><U32/><E32/><V52/><F114/><W107/><G107/><T116/><D116/><U90/><E94/><V85/><F113/><W130/><G63/><T67/><D67/><U59/><AGARI ba="1,1" hai="22,24,28,54,59,60,76,77,86,90,93,101,102,103" machi="59" ten="30,7900,0" yaku="0,1,8,1,52,2" doraHai="74" who="1" fromWho="1" sc="24,-21,236,92,139,-21,591,-40" /><INIT seed="4,0,0,1,5,132" ten="3,328,118,551" oya="0" hai0="64,134,37,73,130,2,119,87,56,126,65,59,101" hai1="18,40,28,104,125,69,5,120,38,67,103,96,66" hai2="127,19,124,13,44,106,92,27,47,58,54,17,63" hai3="102,110,42,36,8,95,80,7,85,62,11,25,93"/><T45/><D119/><U41/><E120/><V31/><F106/><W121/><G110/><T60/><D73/><U118/><E28/><V122/><F122/><W98/><G121/><T94/><D2/><U78/><E5/><V109/><F109/><W20/><G62/><N who="0" m="37959" /><D134/><U91/><E78/><V76/><F76/><W107/><G36/><T22/><D130/><U133/><E133/><V23/><F92/><W115/><G42/><T77/><D37/><U72/><E72/><V29/><F29/><W43/><G43/><T89/><D126/><N who="2" m="48170" /><F19/><W49/><G49/><T46/><D77/><U0/><E18/><V111/><F111/><W128/><G115/><T117/><D117/><U99/><E118/><V88/><F88/><W6/><G128/><T113/><D113/><U97/><E91/><V33/><AGARI ba="0,0" hai="13,17,23,27,31,33,44,47,54,58,63" m="48170" machi="33" ten="30,7900,0" yaku="18,1,52,3" doraHai="132" who="2" fromWho="2" sc="3,-39,328,-20,118,79,551,-20" owari="-36,-53.6,308,10.8,197,-20.3,531,63.1" /></mjloggm>