<mjloggm ver="2.3"><GO type="169" lobby="0"/><UN n0="%E3%81%AE%E3%81%99%E3%81%AE%E3%81%99%E3%81%AE" n1="%6E%6F%73%75%6B%65" n2="%E9%BB%92%E7%8C%AB%E3%81%AE%E3%83%8E%E3%83%B3" n3="%E7%8C%9B%E5%8F%8D%E7%99%BA%E3%81%BE%E3%81%8F%E3%82%89" dan="16,17,16,16" rate="2101.65,2174.60,2118.46,2136.28" sx="M,M,M,M"/><TAIKYOKU oya="0"/><INIT seed="0,0,0,3,4,102" ten="250,250,250,250" oya="0" hai0="40,41,115,68,34,22,26,15,8,76,61,83,93" hai1="23,51,17,72,128,30,120,39,133,4,106,90,55" hai2="87,48,132,99,89,35,42,36,105,12,85,60,80" hai3="97,127,81,0,1,21,33,77,104,126,29,16,84"/><T57/><D115/><U44/><E120/><V95/><F35/><W67/><G67/><T96/><D68/><U75/><E133/><V43/><F132/><W135/><G135/><T114/><D114/><U54/><E128/><V121/><F121/><W131/><G131/><T58/><D34/><U38/><E30/><V62/><F36/><W5/><G29/><T66/><D58/><U116/><E116/><V28/><F28/><W103/><G33/><T107/><D107/><U117/><E117/><V20/><F105/><W112/><G112/><T111/><D111/><U13/><E4/><V130/><F87/><W18/><G18/><N who="0" m="12631" /><D83/><U45/><E106/><V69/><F130/><W27/><REACH who="3" step="1"/><G5/><REACH who="3" ten="250,250,250,240" step="2"/><N who="0" m="3471" /><D76/><U109/><E17/><N who="2" m="10279" /><F69/><W110/><G110/><T32/><D32/><U64/><E64/><V53/><F43/><W19/><G19/><T101/><AGARI ba="0,1" hai="40,41,57,61,66,93,96,101" m="3471,12631" machi="101" ten="30,1500,0" yaku="8,1" doraHai="102" who="0" fromWho="0" sc="250,25,250,-5,250,-5,240,-5" /><INIT seed="0,1,0,2,3,47" ten="275,245,245,235" oya="0" hai0="80,77,66,126,94,118,27,4,88,73,58,20,31" hai1="39,60,18,127,93,22,49,46,40,82,98,110,43" hai2="124,56,113,12,41,117,109,116,104,34,29,38,130" hai3="21,107,78,42,75,53,7,106,111,87,55,72,26"/><T97/><D126/><U85/><E127/><V48/><F104/><W68/><G111/><T5/><REACH who="0" step="1"/><D118/><REACH who="0" ten="265,245,245,235" step="2"/><U64/><E110/><V10/><F109/><W119/><G119/><T63/><AGARI ba="1,1" hai="4,5,20,27,31,58,63,66,73,77,80,88,94,97" machi="63" ten="30,11700,0" yaku="1,1,2,1,0,1,54,1,53,0" doraHai="47" doraHaiUra="99" who="0" fromWho="0" sc="265,130,245,-40,245,-40,235,-40" /><INIT seed="0,2,0,3,0,15" ten="395,205,205,195" oya="0" hai0="125,96,134,120,40,87,109,46,28,39,117,97,88" hai1="106,21,49,14,76,116,33,121,19,77,13,55,44" hai2="67,131,118,45,50,5,110,3,80,48,90,24,56" hai3="7,111,130,51,32,31,107,27,20,6,135,70,102"/><T68/><D117/><U83/><E116/><V98/><F118/><W84/><G111/><T25/><D120/><U1/><E1/><V34/><F110/><W123/><G123/><T52/><D109/><U89/><E121/><V42/><F131/><W94/><G135/><T17/><D68/><U99/><E33/><V69/><F5/><W103/><G130/><T60/><D134/><U82/><E106/><V54/><F3/><W65/><G51/><T64/><D125/><U73/><E89/><V59/><F69/><W95/><G94/><T4/><D4/><U114/><E114/><V100/><F34/><W41/><G41/><T86/><D86/><U37/><E99/><V2/><F2/><W104/><G104/><T30/><D52/><U35/><E35/><V72/><F24/><W101/><G107/><T126/><D126/><U129/><E129/><V22/><F22/><W12/><G70/><T108/><D108/><U53/><E37/><V74/><F80/><W10/><G65/><T115/><D115/><U127/><E127/><V81/><F81/><W36/><G36/><T124/><D124/><U8/><E55/><V18/><F90/><N who="3" m="53703" /><G32/><T58/><D97/><U75/><REACH who="1" step="1"/><E14/><REACH who="1" ten="395,195,205,195" step="2"/><V122/><F122/><W85/><G103/><T57/><D96/><U128/><E128/><V119/><F119/><W93/><G6/><T133/><D133/><U71/><E71/><V92/><F98/><W112/><G112/><T63/><D39/><U11/><AGARI ba="2,1" hai="8,11,13,19,21,44,49,53,73,75,76,77,82,83" machi="11" ten="30,7900,0" yaku="1,1,0,1,9,1,52,1,53,0" doraHai="15" doraHaiUra="0" who="1" fromWho="1" sc="395,-41,195,95,205,-22,195,-22" /><INIT seed="1,0,0,0,4,96" ten="354,290,183,173" oya="1" hai0="81,79,101,56,48,104,49,67,57,88,106,41,39" hai1="23,17,123,114,77,80,125,60,124,52,16,24,74" hai2="70,102,26,87,62,98,61,86,42,4,22,94,27" hai3="8,110,28,100,118,29,69,120,3,12,126,10,19"/><U89/><E114/><V73/><F73/><W78/><G69/><T50/><D67/><U97/><E123/><V13/><F42/><W119/><G78/><T130/><D130/><U36/><E36/><V46/><F46/><W72/><G72/><T129/><D129/><U45/><E17/><V107/><F27/><W128/><G120/><T121/><D121/><U9/><E9/><N who="2" m="4263" /><F107/><W53/><G53/><T131/><D131/><U40/><E40/><V99/><F99/><W25/><G100/><T35/><D35/><U15/><E15/><V82/><F70/><W92/><G92/><T68/><D68/><U103/><E89/><N who="2" m="51415" /><F87/><W1/><G128/><T20/><D106/><U105/><REACH who="1" step="1"/><E60/><REACH who="1" ten="354,280,183,173" step="2"/><V122/><F122/><W37/><G37/><T32/><D41/><U7/><E7/><V18/><AGARI ba="0,1" hai="18,22,26,61,62,94,98,102" m="51415,4263" machi="18" ten="30,2000,0" yaku="8,1,52,1" doraHai="96" who="2" fromWho="2" sc="354,-5,280,-10,183,30,173,-5" /><INIT seed="2,0,0,4,2,75" ten="349,270,213,168" oya="2" hai0="72,13,133,0,29,50,57,51,127,80,2,112,65" hai1="67,108,121,17,47,97,126,125,12,15,10,115,43" hai2="63,19,36,21,62,52,124,106,64,7,91,95,79" hai3="82,1,34,70,5,116,26,56,78,111,37,59,130"/><V8/><F106/><W74/><G116/><T90/><D112/><U33/><E115/><V93/><F36/><W84/><G111/><T53/><D127/><N who="1" m="48651" /><E108/><V9/><F124/><W44/><G70/><T20/><D133/><U113/><E113/><V31/><F31/><W87/><G130/><T101/><D101/><U55/><E67/><V132/><F132/><W40/><G26/><T61/><D51/><U98/><E55/><V32/><F32/><W118/><G34/><T135/><D135/><U89/><E33/><V14/><F79/><W46/><G46/><T54/><D54/><U94/><E15/><V102/><F9/><N who="3" m="2223" /><G118/><T117/><D117/><U30/><E30/><V60/><F102/><W38/><G38/><T129/><D129/><U49/><E121/><V76/><F76/><W41/><G41/><T110/><D110/><U48/><E48/><V35/><F35/><W71/><G71/><T92/><D29/><U6/><E98/><N who="2" m="57663" /><F64/><W109/><G109/><T128/><D128/><U69/><E69/><V27/><F95/><W131/><G131/><T4/><D92/><U86/><E97/><V99/><F99/><W105/><G105/><T22/><D65/><U11/><E11/><V24/><F27/><W77/><G87/><T122/><D122/><U23/><E23/><V83/><F83/><AGARI ba="0,0" hai="37,40,44,56,59,74,77,78,82,83,84" m="2223" machi="83" ten="30,3900,0" yaku="25,1,52,2" doraHai="75" who="3" fromWho="2" sc="349,0,270,0,213,-39,168,39" /><INIT seed="3,0,0,1,5,123" ten="349,270,174,207" oya="3" hai0="0,49,75,102,87,35,57,20,72,61,108,99,88" hai1="56,81,68,79,120,100,86,132,82,125,42,14,31" hai2="6,127,15,111,8,47,83,34,5,126,27,93,91" hai3="46,118,19,114,80,37,129,117,119,9,7,95,52"/><W44/><G114/><T107/><D108/><U32/><E68/><V30/><F111/><W59/><G129/><T116/><D116/><U65/><E120/><V110/><F110/><W77/><G95/><T21/><D35/><U134/><E125/><N who="2" m="47627" /><F47/><W64/><G19/><T1/><D49/><U85/><E100/><V104/><F104/><W101/><G64/><T18/><D1/><U29/><E42/><V36/><F36/><W133/><G101/><T23/><D18/><U66/><E14/><V106/><F106/><W67/><G67/><N who="1" m="25610" /><E56/><V58/><F58/><W55/><G133/><N who="1" m="51306" /><E32/><V17/><F83/><N who="1" m="31753" /><E79/><V11/><F11/><W92/><G92/><T96/><D0/><U13/><E13/><V74/><F74/><W12/><G37/><T45/><D45/><U16/><E16/><V103/><F103/><W122/><G55/><T135/><D135/><U50/><E50/><V121/><F121/><W25/><G122/><T41/><D41/><U124/><E124/><V89/><F89/><W51/><REACH who="3" step="1"/><G25/><REACH who="3" ten="349,270,174,197" step="2"/><T90/><D102/><U69/><E69/><V109/><F109/><W128/><G128/><T97/><D107/><U113/><E113/><V70/><F70/><W22/><G22/><T94/><REACH who="0" step="1"/><D90/><REACH who="0" ten="339,270,174,197" step="2"/><U39/><E39/><V10/><F10/><W4/><G4/><T24/><D24/><U43/><E43/><V76/><F76/><W112/><G112/><T40/><D40/><U71/><E71/><V130/><F130/><W115/><G115/><T53/><AGARI ba="0,2" hai="20,21,23,53,57,61,72,75,87,88,94,96,97,99" machi="53" ten="30,4000,0" yaku="1,1,0,1,54,1,53,0" doraHai="123" doraHaiUra="38" who="0" fromWho="0" sc="339,60,270,-10,174,-10,197,-20" /><INIT seed="4,0,0,4,0,103" ten="399,260,164,177" oya="0" hai0="113,100,28,43,85,32,105,114,82,49,67,98,97" hai1="134,55,33,117,112,75,96,115,2,20,64,107,9" hai2="65,25,37,60,80,7,104,77,53,31,123,101,125" hai3="63,121,5,68,83,70,118,11,58,61,8,48,124"/><T102/><D67/><U45/><E117/><V57/><F123/><W129/><G118/><T59/><D32/><U56/><E33/><V131/><F131/><W79/><G121/><T40/><D28/><U73/><E134/><V106/><F37/><W10/><G129/><T26/><D26/><U93/><E20/><V90/><F7/><W120/><G120/><T54/><D114/><N who="1" m="43563" /><E107/><V46/><F90/><W76/><G5/><T86/><D86/><U17/><E45/><V23/><F125/><W27/><G27/><T30/><D30/><U41/><E41/><V69/><F101/><W94/><G94/><T38/><D38/><U34/><E34/><V109/><F46/><W74/><G79/><T0/><D0/><U78/><E64/><V15/><F15/><W29/><G29/><T127/><D127/><U135/><E135/><V22/><F22/><W47/><G124/><T12/><D12/><N who="1" m="7311" /><E78/><V116/><F116/><W128/><G128/><T14/><D14/><U6/><E6/><V42/><F42/><W66/><REACH who="3" step="1"/><G63/><REACH who="3" ten="399,260,164,167" step="2"/><T108/><D113/><U50/><E2/><V84/><F109/><W1/><G1/><T3/><D3/><U132/><E132/><V35/><F35/><W71/><G71/><T18/><D108/><U92/><E92/><V119/><F119/><W133/><G133/><T52/><D18/><U39/><E39/><V110/><F110/><W16/><G16/><T89/><REACH who="0" step="1"/><D54/><AGARI ba="0,1" hai="8,10,11,47,48,54,58,61,66,68,70,74,76,83" machi="54" ten="40,1300,0" yaku="1,1,53,0" doraHai="103" doraHaiUra="122" who="3" fromWho="0" sc="399,-13,260,0,164,0,167,23" /><INIT seed="5,0,0,1,5,17" ten="386,260,164,190" oya="1" hai0="64,127,126,128,123,121,116,129,61,63,8,3,39" hai1="87,38,92,120,9,30,103,66,94,125,72,22,48" hai2="42,26,36,133,2,107,118,49,32,100,99,70,119" hai3="86,76,117,89,12,74,57,131,0,5,7,90,60"/><U95/><E72/><V81/><F49/><W29/><G131/><N who="0" m="50251" /><D3/><U45/><E125/><N who="0" m="47625" /><D8/><U4/><E66/><V50/><F133/><W108/><G108/><T85/><D85/><U82/><E120/><N who="0" m="46153" /><D116/><U43/><E38/><V10/><F36/><W109/><G109/><T33/><D33/><U53/><E103/><V40/><F10/><W24/><G0/><T88/><D88/><N who="1" m="51319" /><E43/><V41/><F2/><W97/><G97/><T73/><D73/><U19/><E30/><V37/><F37/><W112/><G74/><T111/><D111/><U124/><E124/><V23/><F42/><W101/><G90/><T113/><D113/><U83/><E83/><V47/><F41/><W114/><G76/><T84/><D84/><U115/><E115/><V134/><F118/><W98/><G117/><T58/><D39/><U18/><E4/><V56/><F119/><W11/><G5/><T44/><D63/><U13/><E95/><V31/><F81/><W6/><G6/><T62/><D62/><U130/><E130/><V91/><F32/><W1/><G1/><T14/><D14/><AGARI ba="0,0" hai="9,13,14,18,19,22,45,48,53,92,94" m="51319" machi="14" ten="30,11600,0" yaku="25,1,8,1,52,1,54,1" doraHai="17" who="1" fromWho="0" sc="386,-116,260,116,164,0,190,0" /><INIT seed="5,1,0,5,4,93" ten="270,376,164,190" oya="1" hai0="0,107,97,44,128,95,71,2,118,56,129,60,116" hai1="85,74,110,122,8,81,90,112,12,79,43,61,31" hai2="35,14,25,29,73,54,86,5,68,40,63,69,1" hai3="108,88,103,57,77,80,49,82,64,32,33,113,42"/><U59/><E112/><V78/><F86/><W123/><G123/><T66/><D107/><U58/><E122/><V26/><F26/><W3/><G108/><T62/><D44/><U21/><E110/><V34/><F34/><W13/><G3/><T6/><D118/><U119/><E43/><V27/><F27/><W65/><G103/><T53/><D116/><U15/><E119/><V114/><F114/><W96/><G33/><T133/><D133/><U125/><E125/><V109/><F109/><W91/><G32/><T24/><D24/><U98/><E98/><V105/><F54/><N who="3" m="31951" /><G42/><T39/><D39/><U115/><E31/><V67/><F69/><W55/><G55/><T127/><D127/><U38/><E21/><V117/><F117/><W48/><G48/><T70/><D70/><U16/><E15/><V135/><F40/><W131/><G131/><N who="0" m="50251" /><D6/><U124/><E124/><V134/><F105/><W100/><G113/><T51/><D51/><U30/><E38/><V76/><F14/><W75/><G13/><T46/><D46/><U89/><E115/><V102/><F102/><AGARI ba="1,0" hai="0,2,53,56,60,62,66,71,95,97,102" m="50251" machi="102" ten="30,2000,0" yaku="19,1,52,1" doraHai="93" who="0" fromWho="2" sc="270,23,376,0,164,-23,190,0" /><INIT seed="6,0,0,4,0,67" ten="293,376,141,190" oya="2" hai0="26,90,124,9,117,6,55,71,127,130,88,57,2" hai1="43,20,116,68,128,93,59,47,111,49,106,37,25" hai2="15,30,41,102,131,46,64,16,60,7,61,103,129" hai3="13,119,92,133,50,126,74,44,3,76,79,70,107"/><V33/><F7/><W109/><G3/><T85/><D130/><N who="2" m="49674" /><F30/><W32/><G32/><T35/><D117/><U10/><E106/><V121/><F33/><W80/><G107/><T65/><D35/><U115/><E128/><V118/><F121/><W100/><G119/><T53/><D26/><U48/><E111/><V72/><F72/><W58/><G70/><T0/><D0/><U110/><E68/><N who="2" m="41991" /><F61/><W27/><G27/><T34/><D34/><U23/><E20/><N who="2" m="11295" /><F118/><W108/><G74/><T77/><D71/><U89/><E116/><V112/><F112/><W98/><G108/><T113/><D113/><U62/><E110/><V45/><F45/><W69/><G69/><T86/><D65/><U36/><E62/><V63/><F63/><W73/><G73/><T21/><D6/><U125/><E47/><V40/><F40/><W52/><G44/><T104/><D57/><U97/><E59/><V84/><F84/><W120/><G58/><T38/><D86/><U56/><E56/><V5/><F5/><W29/><G120/><T24/><D85/><U114/><E43/><V123/><F123/><W99/><G29/><T66/><D66/><U135/><E115/><V82/><F82/><W81/><G81/><T51/><D2/><U75/><E75/><V31/><F31/><W101/><G80/><T95/><D55/><U14/><E114/><V39/><AGARI ba="0,0" hai="39,41,46,102,103" m="11295,41991,49674" machi="39" ten="30,6000,0" yaku="19,1,52,1,54,1" doraHai="67" who="2" fromWho="2" sc="293,-20,376,-20,141,60,190,-20" /><INIT seed="6,1,0,1,5,85" ten="273,356,201,170" oya="2" hai0="110,92,96,113,42,133,72,118,51,13,56,74,30" hai1="111,84,67,17,108,48,91,40,50,41,88,122,103" hai2="21,94,132,47,82,8,126,135,62,127,22,70,87" hai3="100,76,105,37,0,58,60,38,93,112,43,97,29"/><V128/><F94/><W49/><G112/><T24/><D110/><U131/><E103/><V61/><F8/><W81/><G0/><T95/><D113/><U119/><E67/><V78/><F47/><W31/><G38/><T68/><D68/><U99/><E119/><V7/><F7/><W14/><G37/><T63/><D118/><U32/><E32/><V55/><F55/><W3/><G3/><T4/><D133/><N who="2" m="51274" /><F70/><W36/><G36/><T18/><D4/><U35/><E35/><V6/><F6/><W46/><G14/><T5/><D5/><U53/><E131/><V26/><F128/><W121/><G105/><T65/><D95/><N who="1" m="56807" /><E122/><V104/><F104/><W80/><G80/><T52/><D92/><N who="1" m="54375" /><E111/><V69/><F22/><W20/><G20/><T9/><D96/><U86/><E86/><V45/><F69/><W39/><G39/><T83/><D74/><U19/><E108/><V75/><F75/><W64/><REACH who="3" step="1"/><G121/><REACH who="3" ten="273,356,201,160" step="2"/><T130/><D130/><U115/><E115/><V90/><F82/><W114/><G114/><T71/><D83/><U15/><E15/><V77/><F26/><W109/><G109/><T2/><D2/><U116/><E116/><V10/><F127/><W106/><G106/><T125/><D125/><U123/><E123/><V11/><F126/><W117/><G117/><T73/><D24/><U54/><E48/><V79/><F21/><W16/><G16/><T25/><D25/><U134/><E134/><V102/><F11/><W107/><G107/><T27/><D27/><U57/><E50/><V33/><F10/><W129/><G129/><RYUUKYOKU ba="1,1" sc="273,-10,356,-10,201,-10,160,30" hai3="29,31,43,46,49,58,60,64,76,81,93,97,100" /><INIT seed="7,2,1,2,0,128" ten="263,346,191,190" oya="3" hai0="75,48,94,63,42,74,129,15,90,81,52,131,111" hai1="56,134,125,35,102,120,72,133,34,4,20,108,8" hai2="9,61,73,126,0,14,119,21,76,69,38,41,93" hai3="24,28,104,114,79,100,62,30,37,43,135,83,98"/><W54/><G114/><T99/><D111/><U33/><E72/><V127/><F119/><W2/><G2/><T109/><D109/><U130/><E108/><V68/><F93/><W71/><G135/><N who="1" m="51722" /><E130/><N who="0" m="49673" /><D81/><U110/><E110/><V22/><F0/><W10/><G10/><T44/><D15/><U116/><E125/><N who="2" m="47627" /><F76/><W13/><G13/><T88/><D90/><U40/><E40/><V117/><F73/><N who="0" m="27658" /><D63/><U82/><E82/><V78/><F78/><W112/><G112/><T57/><D42/><U25/><E120/><V3/><F61/><W91/><G91/><T49/><D49/><U53/><E102/><V65/><F117/><W16/><G43/><T29/><D29/><N who="1" m="17575" /><E116/><V1/><F41/><W118/><G37/><T26/><D26/><U70/><E70/><V27/><F68/><W64/><G54/><T92/><D92/><U106/><E106/><V45/><F69/><W59/><G71/><T95/><D94/><U5/><E8/><V23/><F27/><W115/><G115/><T19/><D57/><U6/><E35/><V11/><F11/><W66/><G66/><T113/><D113/><U50/><AGARI ba="2,1" hai="4,5,6,33,34,50,53,56" m="17575,51722" machi="50" ten="30,7900,0" yaku="20,1,52,3" doraHai="128" who="1" fromWho="1" sc="263,-22,346,95,191,-22,190,-41" owari="241,4.1,441,54.1,169,-23.1,149,-35.1" /></mjloggm>