<mjloggm ver="2.3"><GO type="169" lobby="0"/><UN n0="%E3%82%B7%E3%83%A9%2E" n1="%E3%81%BD%E3%81%A3%E3%81%91%E3%81%95%E3%82%93" n2="%E3%81%BE%E3%82%8B%E3%81%A8%E3%83%BC" n3="%68%69%73%61%74%6F%E6%A3%92" dan="16,16,16,16" rate="2189.37,2094.07,2036.70,2114.01" sx="M,M,M,M"/><TAIKYOKU oya="0"/><INIT seed="0,0,0,2,4,66" ten="250,250,250,250" oya="0" hai0="3,36,37,77,83,108,32,14,97,49,98,117,39" hai1="133,58,8,102,70,20,17,131,132,59,18,135,119" hai2="80,2,127,76,123,92,42,43,28,114,109,35,99" hai3="63,104,81,11,13,94,86,118,51,134,91,69,124"/><T87/><D117/><U1/><E119/><V25/><F123/><W55/><G104/><T130/><D3/><U47/><E131/><V57/><F114/><W53/><G134/><T54/><D32/><U22/><E102/><V79/><F127/><W23/><G23/><N who="1" m="8746" /><E47/><V120/><F120/><W106/><G106/><T29/><D130/><U113/><E113/><V93/><F2/><W45/><G124/><T111/><D14/><U121/><E121/><V19/><F19/><N who="1" m="7177" /><E70/><V56/><F109/><N who="0" m="42058" /><D29/><U60/><E60/><V85/><F79/><W96/><G118/><T88/><D77/><U33/><E33/><V21/><F35/><W90/><G63/><T84/><D84/><U112/><E112/><V10/><F10/><W68/><G55/><T5/><D5/><AGARI ba="0,0" hai="1,5,8,58,59,132,133,135" m="7177,8746" machi="5" ten="40,1300,0" yaku="20,1" doraHai="66" who="1" fromWho="0" sc="250,-13,250,13,250,0,250,0" /><AGARI ba="0,0" hai="5,11,13,45,51,53,68,69,81,86,90,91,94,96" machi="5" ten="30,3900,0" yaku="7,1,52,2" doraHai="66" who="3" fromWho="0" sc="237,-39,263,0,250,0,250,39" /><INIT seed="1,0,0,1,0,86" ten="198,263,250,289" oya="1" hai0="115,97,99,102,5,111,133,15,14,67,8,20,47" hai1="62,94,82,130,83,6,16,42,22,11,55,134,75" hai2="29,123,52,35,0,18,81,105,91,79,9,21,37" hai3="98,131,135,69,93,50,7,129,76,59,117,80,92"/><U53/><E130/><N who="3" m="49674" /><G69/><T45/><D111/><U58/><E134/><V95/><F105/><W13/><G135/><T84/><D133/><U32/><E32/><V38/><F123/><W107/><G107/><T77/><D115/><U43/><E55/><V78/><F35/><W25/><G25/><T34/><D34/><U26/><E75/><V113/><F29/><W132/><G117/><T60/><D77/><U110/><E110/><V49/><F113/><W73/><G93/><T127/><D127/><U39/><E39/><V4/><F81/><W23/><G7/><T87/><D60/><U101/><E43/><V27/><F79/><W1/><G1/><T61/><D61/><U44/><E44/><N who="0" m="16969" /><D67/><U68/><E42/><V114/><F78/><W10/><G10/><N who="0" m="4431" /><D20/><U70/><E70/><V96/><F114/><W128/><G132/><T48/><D48/><U56/><E56/><AGARI ba="0,0" hai="0,4,9,18,21,27,37,38,49,52,56,91,95,96" machi="56" ten="30,3900,0" yaku="7,1,52,1,54,1" doraHai="86" who="2" fromWho="1" sc="198,0,263,-39,250,39,289,0" /><INIT seed="2,0,0,1,5,20" ten="198,224,289,289" oya="2" hai0="104,1,91,112,89,80,2,97,42,23,18,122,67" hai1="71,134,58,6,7,117,63,70,39,100,60,108,29" hai2="84,28,3,24,83,82,55,111,114,90,132,13,62" hai3="40,41,113,110,121,73,68,32,103,87,74,116,119"/><V44/><F114/><W86/><G68/><T125/><D122/><U66/><E117/><V129/><F3/><W5/><G121/><T78/><D125/><U61/><E39/><V105/><F105/><W25/><G5/><T135/><D135/><U99/><E134/><V115/><F132/><W88/><G103/><T11/><D112/><U59/><E108/><V37/><F115/><W107/><G107/><T22/><D67/><U34/><E71/><V75/><F129/><W79/><G110/><T47/><D23/><U102/><E102/><V94/><F111/><W49/><G113/><T52/><D104/><N who="1" m="63519" /><E59/><V10/><F75/><W93/><G116/><T16/><D18/><U95/><E61/><V4/><F62/><W127/><G127/><T12/><D97/><U54/><E95/><V128/><F128/><W56/><G74/><T65/><D65/><U17/><E17/><V35/><REACH who="2" step="1"/><F55/><REACH who="2" ten="198,224,279,289" step="2"/><W130/><G73/><T26/><D52/><U0/><E0/><V120/><F120/><W38/><G130/><T14/><D2/><U77/><E54/><V76/><F76/><W57/><G119/><T85/><D1/><U43/><E77/><V109/><F109/><W30/><G79/><T133/><D133/><U101/><E63/><V50/><F50/><W15/><G49/><N who="0" m="26871" /><D14/><U126/><E60/><V31/><F31/><W9/><G38/><T92/><D92/><U48/><E29/><V64/><F64/><W21/><G15/><T36/><D36/><U46/><E66/><V45/><F45/><W51/><G93/><T27/><D11/><U72/><E126/><RYUUKYOKU ba="0,1" sc="198,15,224,-15,279,15,289,-15" hai0="12,16,22,26,27,78,80,85,89,91" hai2="4,10,13,24,28,35,37,44,82,83,84,90,94" /><INIT seed="2,1,1,5,5,100" ten="213,209,294,274" oya="2" hai0="37,129,75,66,107,21,122,45,39,113,80,88,20" hai1="49,44,35,47,71,99,110,96,91,9,87,41,111" hai2="33,125,18,95,12,70,10,31,78,121,23,135,19" hai3="6,131,7,83,38,29,3,65,68,46,15,112,74"/><V77/><F121/><W36/><G131/><T117/><D122/><U61/><E35/><V109/><F70/><W93/><G29/><T8/><D113/><U2/><E47/><V28/><F135/><W40/><G36/><T54/><D66/><N who="1" m="41423" /><E2/><V103/><F125/><W106/><G7/><T22/><D129/><U24/><E24/><N who="2" m="14455" /><F109/><N who="1" m="41481" /><E9/><V53/><F33/><W119/><G15/><T116/><D107/><U11/><E11/><V48/><F31/><W72/><G93/><AGARI ba="1,1" hai="41,44,49,87,91,93,96,99" m="41481,41423" machi="93" ten="30,1000,0" yaku="14,1" doraHai="100" who="1" fromWho="3" sc="213,0,209,23,294,0,274,-13" /><INIT seed="3,0,0,5,4,61" ten="213,232,294,261" oya="3" hai0="113,20,106,120,84,24,55,53,40,70,54,114,14" hai1="79,19,97,92,15,44,21,133,121,30,111,38,88" hai2="128,102,107,25,123,86,17,35,118,23,59,46,11" hai3="45,60,131,58,10,6,95,39,29,65,101,26,50"/><W16/><G39/><T41/><D120/><U66/><E121/><V78/><F123/><W87/><G131/><T51/><D106/><U134/><E111/><V135/><F118/><W43/><G6/><T82/><D70/><U67/><E79/><V36/><F35/><W109/><G109/><T110/><D110/><U32/><E32/><V83/><F128/><W108/><G108/><T127/><D127/><U132/><E30/><V119/><F119/><W37/><G37/><T57/><D14/><U103/><E103/><V12/><F135/><W77/><G77/><T94/><D94/><U122/><E122/><V9/><F36/><W27/><G29/><T8/><D8/><U115/><E115/><N who="0" m="44041" /><D41/><AGARI ba="0,0" hai="15,19,21,38,41,44,66,67,88,92,97,132,133,134" machi="41" ten="40,8000,1" yaku="20,1,52,2,54,1" doraHai="61" who="1" fromWho="0" sc="213,-80,232,80,294,0,261,0" /><INIT seed="4,0,0,1,0,118" ten="133,312,294,261" oya="0" hai0="17,133,29,108,47,58,24,60,79,18,70,75,132" hai1="96,128,49,56,1,114,61,67,3,124,109,54,41" hai2="26,15,74,117,121,134,68,111,119,77,76,80,97" hai3="104,34,52,48,30,103,99,105,14,107,5,39,13"/><T22/><D70/><U122/><E109/><V6/><F68/><W78/><G39/><T87/><D75/><U36/><E124/><V115/><F111/><W46/><G78/><T43/><D108/><U35/><E35/><V126/><F126/><W73/><G73/><T51/><D133/><U2/><E128/><V72/><F134/><W37/><G37/><T125/><D132/><U88/><E114/><V28/><F115/><W95/><G5/><T63/><D63/><U7/><E122/><V84/><F97/><W59/><G30/><T16/><D125/><U130/><E130/><V65/><F121/><W106/><G34/><T92/><D79/><U135/><E135/><V90/><F65/><W44/><N who="3" m="26624" /><DORA hai="25" /><W33/><G33/><T116/><D116/><N who="2" m="44618" /><F77/><W64/><REACH who="3" step="1"/><G64/><REACH who="3" ten="133,312,294,251" step="2"/><T102/><D87/><U120/><E67/><V91/><F74/><W112/><G112/><T94/><REACH who="0" step="1"/><D102/><REACH who="0" ten="123,312,294,251" step="2"/><U86/><E86/><V10/><F72/><W89/><G89/><T129/><D129/><U123/><E88/><V19/><F90/><W101/><G101/><T85/><D85/><U71/><E120/><V23/><F91/><W31/><G31/><AGARI ba="0,2" hai="6,10,15,19,23,26,28,31,76,80,84" m="44618" machi="31" ten="30,3900,0" yaku="12,1,52,2" doraHai="118,25" who="2" fromWho="3" sc="123,0,312,0,294,59,251,-39" /><INIT seed="5,0,0,4,4,105" ten="123,312,353,212" oya="1" hai0="51,17,103,94,33,78,98,48,112,60,119,110,59" hai1="130,36,71,87,16,69,9,64,58,18,41,135,31" hai2="38,88,81,42,102,32,2,91,29,30,107,55,68" hai3="12,22,72,85,66,125,24,4,106,97,19,52,116"/><U67/><E31/><V96/><F68/><W127/><G66/><T7/><D112/><U124/><E130/><V39/><F2/><W117/><G85/><T77/><D119/><N who="3" m="45641" /><G97/><T5/><D110/><U49/><E36/><V0/><F0/><W73/><G106/><T99/><D33/><U80/><E71/><V44/><F39/><W83/><G83/><T1/><D1/><U118/><E69/><V100/><F100/><W131/><G131/><T101/><D17/><N who="1" m="6763" /><E118/><V128/><F128/><W6/><G52/><T56/><D60/><U79/><E124/><N who="3" m="47690" /><G24/><T75/><REACH who="0" step="1"/><D94/><REACH who="0" ten="113,312,353,212" step="2"/><U86/><E67/><V122/><F107/><W123/><G123/><T120/><D120/><U63/><E63/><V8/><F122/><W10/><G10/><T90/><D90/><U82/><E9/><V3/><F8/><W25/><G25/><T121/><D121/><U45/><E64/><V74/><F91/><W93/><G93/><T54/><D54/><U27/><E27/><V26/><F88/><W108/><G108/><T70/><D70/><U43/><E43/><V15/><F55/><W111/><G111/><T46/><D46/><U92/><E41/><V50/><F42/><W132/><G132/><T40/><D40/><U95/><E135/><V115/><F115/><W89/><G89/><T76/><D76/><N who="1" m="46343" /><E45/><V11/><F44/><W133/><G133/><T37/><D37/><U21/><E58/><V104/><F38/><W126/><G126/><T34/><D34/><U47/><E47/><V13/><F104/><W61/><G61/><T14/><D14/><U134/><E134/><RYUUKYOKU ba="0,1" sc="113,15,312,-15,353,-15,212,15" hai0="5,7,48,51,56,59,75,77,78,98,99,101,103" hai3="4,6,12,19,22,72,73" /><INIT seed="6,1,1,4,2,105" ten="128,297,338,227" oya="2" hai0="53,59,20,45,2,30,97,99,7,8,52,22,86" hai1="68,80,28,121,27,84,49,128,29,134,26,51,98" hai2="75,69,113,103,6,17,82,36,127,21,91,101,70" hai3="42,96,19,58,15,43,1,24,124,13,47,74,23"/><V135/><F36/><W71/><G71/><T88/><D45/><U18/><E68/><V3/><F70/><W90/><G1/><T117/><D117/><U122/><E18/><V63/><F3/><W119/><G74/><T11/><D11/><U87/><E98/><V33/><F6/><W114/><G124/><T120/><D120/><N who="1" m="46187" /><E128/><V104/><F33/><W133/><G133/><T50/><D53/><U60/><E60/><V39/><F39/><W78/><G78/><T129/><D129/><U102/><E102/><V37/><F37/><W100/><G114/><T83/><REACH who="0" step="1"/><D22/><REACH who="0" ten="118,297,338,227" step="2"/><N who="1" m="15447" /><E134/><V112/><F135/><W46/><G119/><T94/><D94/><U93/><E93/><V77/><F113/><W76/><G46/><T109/><D109/><U92/><E92/><V25/><F112/><W54/><G47/><T118/><D118/><U44/><E80/><V34/><F34/><W123/><G123/><T115/><D115/><U57/><E44/><V0/><F82/><W73/><G43/><T65/><D65/><U95/><E95/><V56/><F21/><W12/><G42/><T40/><D40/><U131/><E131/><V72/><F104/><W125/><G23/><T130/><D130/><U16/><E49/><V31/><F63/><W66/><G54/><T35/><D35/><N who="1" m="20927" /><E51/><V132/><F132/><W55/><G55/><T32/><D32/><U110/><E110/><V14/><F103/><W108/><G66/><T10/><D10/><U79/><E79/><V111/><F77/><W89/><G108/><T116/><D116/><U61/><E16/><V107/><F111/><RYUUKYOKU ba="1,2" sc="118,15,297,15,338,-15,227,-15" hai0="2,7,8,20,30,50,52,59,83,86,88,97,99" hai1="57,61,84,87" /><INIT seed="7,2,2,0,2,47" ten="133,312,323,212" oya="3" hai0="63,40,100,3,75,128,78,14,94,99,102,53,93" hai1="25,131,1,67,109,88,7,74,83,85,121,119,80" hai2="115,59,31,60,62,98,51,26,35,57,84,116,113" hai3="38,82,73,30,107,15,18,34,87,134,79,0,6"/><W69/><G69/><T28/><D128/><U97/><E109/><V55/><F116/><W122/><G107/><T72/><D3/><U42/><E121/><V45/><F98/><W9/><G134/><T64/><D78/><U21/><E131/><V101/><F101/><W19/><G38/><T4/><D40/><U123/><E123/><V8/><F8/><W56/><G19/><T39/><D39/><U108/><E108/><V71/><F84/><W13/><G13/><T129/><D129/><U22/><E119/><V105/><F105/><W29/><G73/><T37/><D37/><U46/><E67/><V111/><F111/><W70/><G70/><T32/><D53/><U17/><E97/><V54/><REACH who="2" step="1"/><F71/><REACH who="2" ten="133,312,313,212" step="2"/><W2/><G122/><T126/><D126/><U77/><E1/><V33/><F33/><W127/><G0/><T49/><D102/><U58/><E7/><V27/><F27/><W43/><G34/><T86/><D32/><U135/><E135/><V10/><F10/><W110/><G127/><T20/><D4/><U5/><E5/><V95/><F95/><W65/><G110/><T36/><D36/><U124/><E124/><V112/><F112/><W90/><G6/><T96/><D86/><U89/><E22/><V23/><F23/><W48/><G2/><T50/><D75/><U103/><E103/><V120/><F120/><W41/><G87/><T12/><D72/><U106/><E106/><V81/><F81/><W16/><G82/><T132/><D132/><U76/><E58/><V133/><F133/><W61/><G56/><T118/><D118/><RYUUKYOKU ba="2,3" sc="133,-15,312,15,313,15,212,-15" hai1="17,21,25,42,46,74,76,77,80,83,85,88,89" hai2="26,31,35,45,51,54,55,57,59,60,62,113,115" owari="118,-38.2,327,12.7,358,45.8,197,-20.3" /></mjloggm>