<mjloggm ver="2.3"><GO type="169" lobby="0"/><UN n0="%E5%A4%A9%E5%AE%89%E9%96%80%E5%BF%98%E5%8D%B4" n1="%70%72%6F%6E%61%72%69" n2="%74%6F%69%74%6F%69%34" n3="%43%6F%66%66%65%65" dan="16,16,17,16" rate="2064.67,2142.44,2220.24,2054.53" sx="M,M,F,M"/><TAIKYOKU oya="0"/><INIT seed="0,0,0,2,2,133" ten="250,250,250,250" oya="0" hai0="32,15,24,45,53,17,108,28,126,66,110,33,74" hai1="90,113,122,47,124,130,80,85,52,79,75,19,84" hai2="119,12,104,68,97,78,60,94,105,82,123,8,72" hai3="18,99,16,114,11,29,88,36,49,62,77,26,101"/><T76/><D33/><U92/><E122/><V56/><F68/><W13/><G36/><T27/><D66/><U134/><E134/><V121/><F119/><W89/><G114/><T96/><D27/><U106/><E113/><V6/><F104/><W81/><G49/><N who="0" m="28847" /><D96/><U135/><E135/><V61/><F61/><W3/><G62/><T25/><D25/><U87/><E130/><V67/><REACH who="2" step="1"/><F105/><REACH who="2" ten="250,250,240,250" step="2"/><W91/><G29/><T102/><D28/><U22/><E106/><V131/><F131/><W57/><G3/><T34/><D34/><U112/><E112/><V63/><F63/><W48/><G48/><T46/><D32/><U55/><E124/><V109/><F109/><W42/><G99/><T125/><D110/><U107/><E107/><V86/><F86/><W64/><G64/><T115/><D108/><U59/><E85/><V129/><F129/><W21/><G101/><AGARI ba="0,1" hai="6,8,12,56,60,67,72,78,82,94,97,101,121,123" machi="101" ten="30,3900,0" yaku="1,1,7,1,53,1" doraHai="133" doraHaiUra="1" who="2" fromWho="3" sc="250,0,250,0,240,49,250,-39" /><INIT seed="1,0,0,2,1,118" ten="250,250,289,211" oya="1" hai0="100,70,64,126,54,16,113,30,112,48,43,35,19" hai1="80,124,47,99,77,14,105,9,5,109,61,115,23" hai2="72,87,71,13,15,1,108,75,111,4,32,82,62" hai3="125,25,86,36,122,40,76,95,103,130,83,93,34"/><U98/><E115/><V104/><F32/><W79/><G36/><T37/><D126/><U38/><E124/><V68/><F104/><W2/><G40/><T10/><D37/><U114/><E114/><V41/><F41/><W8/><G125/><T50/><D43/><U3/><E38/><V49/><F49/><W129/><G76/><T21/><D10/><U60/><E47/><V119/><F1/><W65/><G65/><T7/><D7/><U106/><E106/><V128/><F119/><W73/><G2/><T29/><D21/><U133/><E133/><V134/><F134/><W45/><G45/><T107/><D107/><U97/><E109/><V132/><F132/><W28/><G8/><T116/><D116/><U96/><N who="1" m="24576" /><DORA hai="81" /><U89/><E89/><V58/><F128/><N who="3" m="49259" /><G103/><T17/><D100/><U6/><E105/><V78/><F71/><W39/><G39/><T69/><D69/><U92/><E92/><N who="3" m="35402" /><G73/><T33/><D70/><U84/><REACH who="1" step="1"/><E5/><REACH who="1" ten="250,240,289,211" step="2"/><V31/><F4/><W94/><G94/><T101/><D113/><U42/><E42/><V59/><F108/><W11/><G11/><T110/><D110/><U18/><AGARI ba="0,1" hai="3,6,9,14,18,23,60,61,77,80,84" m="24576" machi="18" ten="40,7800,0" yaku="1,1,0,1,52,1,53,0" doraHai="118,81" doraHaiUra="27,127" who="1" fromWho="1" sc="250,-26,240,88,289,-26,211,-26" /><INIT seed="1,1,0,1,2,42" ten="224,328,263,185" oya="1" hai0="50,134,22,135,53,27,48,63,127,107,88,11,124" hai1="95,82,85,15,86,55,34,52,73,17,87,23,0" hai2="125,129,120,92,61,5,121,25,26,78,24,90,9" hai3="32,30,12,97,105,60,93,54,6,3,109,132,10"/><U49/><E0/><V115/><F125/><N who="0" m="48202" /><D107/><U100/><E34/><V36/><F36/><W112/><G112/><T16/><D11/><U106/><E106/><V57/><F129/><W41/><G105/><T83/><D63/><U111/><E111/><V101/><F101/><W46/><G109/><T131/><D131/><U104/><E104/><V113/><F78/><W44/><G132/><N who="0" m="50731" /><D53/><U79/><REACH who="1" step="1"/><E49/><REACH who="1" ten="224,318,263,185" step="2"/><V65/><F115/><W122/><G3/><T62/><D62/><U114/><E114/><V117/><F113/><W31/><G32/><T133/><D133/><U110/><E110/><V51/><F51/><W75/><G122/><T102/><D102/><U119/><E119/><V91/><F117/><W43/><G60/><T14/><D14/><U13/><E13/><N who="2" m="5295" /><F121/><W19/><G12/><T47/><D47/><U98/><AGARI ba="1,1" hai="15,17,23,52,55,73,79,82,85,86,87,95,98,100" machi="98" ten="30,6000,0" yaku="1,1,0,1,54,1,53,0" doraHai="42" doraHaiUra="123" who="1" fromWho="1" sc="224,-21,318,73,263,-21,185,-21" /><INIT seed="1,2,0,5,0,43" ten="203,391,242,164" oya="1" hai0="49,6,94,128,87,8,44,16,46,126,40,101,120" hai1="102,119,42,104,45,61,62,73,32,56,80,24,86" hai2="63,55,134,98,5,88,34,60,20,26,19,48,30" hai3="79,50,93,7,131,68,65,27,75,59,100,52,47"/><U41/><E119/><V85/><F134/><W110/><G110/><T72/><D72/><U125/><E73/><V51/><F5/><W74/><G131/><T0/><D128/><U132/><E132/><V57/><F98/><W105/><G105/><T53/><D126/><U21/><E32/><V66/><F34/><W96/><G7/><T29/><D120/><U2/><E2/><V90/><F30/><W117/><G117/><T129/><D29/><U64/><E125/><V14/><F26/><W91/><G79/><T18/><D129/><U99/><E62/><V103/><F103/><W4/><G4/><T13/><D0/><U112/><E112/><V111/><F90/><W25/><G100/><T109/><D109/><U69/><E69/><V9/><F20/><W23/><G68/><T15/><D13/><U35/><E35/><V83/><F111/><W76/><G76/><T10/><D10/><U97/><E97/><V31/><F31/><W3/><G3/><T115/><D115/><U135/><E135/><V77/><F77/><W92/><G92/><T123/><D123/><U82/><E86/><V114/><F114/><W127/><G127/><T89/><D101/><U78/><E78/><V38/><F38/><AGARI ba="2,0" hai="6,8,15,16,18,38,40,44,46,49,53,87,89,94" machi="38" ten="30,7700,0" yaku="7,1,52,2,54,1" doraHai="43" who="0" fromWho="2" sc="203,83,391,0,242,-83,164,0" /><INIT seed="2,0,0,5,1,8" ten="286,391,159,164" oya="2" hai0="37,105,85,124,65,38,119,95,108,13,6,0,64" hai1="48,77,106,46,23,67,4,68,102,97,59,69,3" hai2="32,125,1,80,113,107,42,19,76,73,10,50,30" hai3="104,96,126,116,75,79,122,33,135,55,134,27,53"/><V101/><F113/><W90/><G116/><T91/><D119/><U5/><E77/><V120/><F120/><W14/><G122/><T25/><D0/><U45/><E45/><V131/><F32/><W78/><G126/><T62/><D108/><U94/><E106/><V31/><F125/><W24/><G104/><T93/><D105/><U36/><E68/><V63/><F131/><W21/><G33/><T83/><D38/><U92/><E3/><V2/><F63/><W84/><G96/><T44/><D25/><U81/><E81/><V89/><F89/><W115/><G115/><T99/><D93/><U118/><E118/><V22/><F50/><W82/><G78/><T127/><D127/><U15/><E92/><V72/><F42/><W66/><G66/><T61/><D44/><U88/><E69/><V103/><F73/><W130/><G130/><T133/><D37/><U111/><E102/><V98/><F103/><W41/><G41/><T7/><D124/><U123/><E111/><V16/><F2/><W47/><G47/><T70/><D133/><N who="3" m="50697" /><G27/><T112/><D112/><U17/><E123/><V132/><F132/><W43/><G43/><T87/><D70/><U110/><E110/><V117/><F117/><W74/><G74/><T29/><D65/><U40/><E36/><V34/><F34/><W114/><G114/><T28/><D64/><U56/><E67/><V35/><F35/><W26/><G26/><T129/><D129/><U100/><E100/><V18/><F22/><W71/><G21/><T20/><D20/><U12/><E4/><N who="2" m="1295" /><F107/><W58/><G75/><RYUUKYOKU ba="0,0" sc="286,-15,391,15,159,15,164,-15" hai1="5,12,15,17,23,40,46,48,56,59,88,94,97" hai2="16,18,19,30,31,72,76,80,98,101" /><INIT seed="2,1,0,3,5,95" ten="271,406,174,149" oya="2" hai0="38,16,101,130,114,14,118,58,0,54,97,127,40" hai1="8,81,91,124,48,29,35,51,34,122,113,21,3" hai2="89,27,100,98,44,36,56,60,104,78,125,50,72" hai3="41,24,96,19,109,25,126,132,12,42,129,77,128"/><V107/><F125/><W93/><G126/><T112/><D127/><U61/><E124/><V102/><F36/><W33/><G109/><T37/><D0/><U87/><E113/><V135/><F135/><W86/><G132/><T5/><D5/><U26/><E122/><V17/><F72/><W11/><G41/><T20/><D130/><N who="3" m="50281" /><G42/><T9/><D118/><U73/><E73/><V117/><F78/><W115/><G33/><T30/><D38/><U71/><E34/><V68/><F68/><W120/><G115/><T28/><D40/><U105/><E21/><N who="2" m="13743" /><F117/><W123/><G123/><T31/><D20/><U6/><REACH who="1" step="1"/><E105/><REACH who="1" ten="271,396,174,149" step="2"/><V22/><F107/><W55/><G120/><T15/><D112/><U64/><AGARI ba="1,1" hai="3,6,8,26,29,35,48,51,61,64,71,81,87,91" machi="64" ten="30,4000,0" yaku="1,1,2,1,0,1,53,0" doraHai="95" doraHaiUra="53" who="1" fromWho="1" sc="271,-11,396,53,174,-21,149,-11" /><INIT seed="3,0,0,2,0,121" ten="260,449,153,138" oya="3" hai0="118,17,91,76,41,126,8,63,2,69,99,58,123" hai1="87,96,88,98,25,107,30,95,75,133,104,81,109" hai2="120,108,37,0,111,33,128,59,21,24,113,114,40" hai3="67,49,20,12,45,43,7,131,61,132,85,56,110"/><W129/><G132/><T97/><D123/><U130/><E133/><V93/><F120/><W84/><G7/><T1/><D118/><U102/><E130/><N who="3" m="49674" /><G110/><N who="2" m="42025" /><F128/><W46/><G46/><T135/><D17/><AGARI ba="0,0" hai="12,17,20,43,45,49,56,61,67,84,85" m="49674" machi="17" ten="30,1500,0" yaku="19,1" doraHai="121" who="3" fromWho="0" sc="260,-15,449,0,153,0,138,15" /><INIT seed="3,1,0,0,1,119" ten="245,449,153,153" oya="3" hai0="23,96,4,52,91,105,35,56,55,121,11,42,54" hai1="38,27,40,81,51,66,95,3,102,128,131,39,72" hai2="18,77,127,17,2,53,129,26,50,10,117,12,101" hai3="115,47,122,16,114,107,93,48,125,134,21,116,68"/><W87/><G116/><T14/><D35/><U63/><E3/><V104/><F117/><W71/><G107/><T90/><D121/><U108/><E108/><V49/><F127/><W76/><G125/><T64/><D42/><U130/><E27/><V31/><F129/><W82/><G134/><T103/><REACH who="0" step="1"/><D23/><REACH who="0" ten="235,449,153,153" step="2"/><U19/><E40/><V88/><F104/><W34/><G34/><T59/><D59/><U111/><E128/><V100/><F100/><W29/><G122/><T75/><D75/><U135/><E72/><V1/><F101/><W86/><G71/><T46/><D46/><U78/><E102/><V120/><F120/><W44/><G68/><T83/><D83/><U65/><E81/><V9/><F2/><W22/><G114/><T33/><D33/><U5/><E130/><V110/><F1/><W99/><G115/><T58/><D58/><U8/><E131/><V32/><F110/><W123/><G123/><T62/><AGARI ba="1,1" hai="4,11,14,52,54,55,56,62,64,90,91,96,103,105" machi="62" ten="30,4000,0" yaku="1,1,0,1,54,1,53,0" doraHai="119" doraHaiUra="69" who="0" fromWho="0" sc="235,53,449,-11,153,-11,153,-21" /><INIT seed="4,0,0,5,1,0" ten="288,438,142,132" oya="0" hai0="106,82,24,78,45,113,73,114,7,124,55,72,46" hai1="11,4,13,64,61,6,110,116,44,57,79,20,128" hai2="3,31,2,53,107,19,117,42,50,62,84,126,93" hai3="52,12,25,58,1,59,43,85,10,5,111,16,38"/><T94/><D106/><U112/><E110/><V81/><F107/><W98/><G111/><T87/><D124/><U30/><E116/><V118/><F31/><W48/><G59/><T108/><D108/><U47/><E128/><V102/><F126/><W32/><G98/><T127/><D127/><U76/><E112/><N who="0" m="43113" /><D24/><N who="1" m="16647" /><E4/><V135/><F135/><W101/><G101/><T115/><D115/><U74/><E74/><N who="0" m="28777" /><D55/><U134/><E134/><V26/><F53/><W131/><G131/><T100/><D7/><U69/><E69/><V51/><F117/><W9/><G85/><T77/><D77/><AGARI ba="0,0" hai="6,11,13,44,47,57,61,64,76,77,79" m="16647" machi="77" ten="30,2000,0" yaku="8,1,52,1" doraHai="0" who="1" fromWho="0" sc="288,-20,438,20,142,0,132,0" /><INIT seed="5,0,0,5,2,36" ten="268,458,142,132" oya="1" hai0="104,1,83,122,69,7,132,30,33,61,109,100,53" hai1="85,78,86,60,112,58,94,80,135,42,19,41,24" hai2="35,25,111,6,134,75,71,93,14,9,37,17,97" hai3="45,130,46,73,82,18,96,113,88,84,15,95,108"/><U43/><E112/><V55/><F111/><W34/><G108/><T20/><D109/><U110/><E110/><V22/><F75/><W51/><G113/><T105/><D20/><N who="1" m="13343" /><E135/><V28/><F134/><W127/><G130/><T54/><D83/><N who="1" m="47351" /><E94/><V131/><F131/><W57/><G127/><T125/><D125/><U4/><E4/><V12/><F37/><W8/><G34/><T13/><D7/><U56/><E60/><V16/><F71/><W91/><G73/><T128/><D61/><U27/><E27/><V23/><F55/><AGARI ba="0,0" hai="8,15,18,45,46,51,55,57,82,84,88,91,95,96" machi="55" ten="40,2600,0" yaku="8,1,54,1" doraHai="36" who="3" fromWho="2" sc="268,0,458,0,142,-26,132,26" /><INIT seed="6,0,0,1,3,126" ten="268,458,116,158" oya="2" hai0="118,133,27,78,103,26,88,74,131,56,105,29,22" hai1="12,46,127,10,18,48,32,79,121,15,115,23,111" hai2="11,66,6,59,83,51,135,7,97,13,54,90,43" hai3="112,134,86,49,55,109,113,14,87,1,89,42,122"/><V117/><F135/><W71/><G1/><T36/><D36/><U96/><E111/><V4/><F117/><W92/><G109/><T44/><D133/><U76/><E32/><V95/><F66/><W108/><G108/><T125/><D44/><U17/><E127/><V9/><F43/><W37/><G122/><T116/><D125/><U50/><E121/><V53/><F11/><W80/><G71/><T119/><D56/><U106/><E50/><V5/><F54/><W47/><G134/><T25/><D88/><U33/><E33/><V75/><F75/><W123/><G123/><T129/><D103/><U65/><E65/><V39/><F39/><W114/><G14/><T70/><D105/><U45/><E45/><V20/><F20/><W63/><G63/><T38/><D70/><U16/><E96/><V64/><F64/><W62/><G62/><T35/><D38/><U57/><E57/><V84/><REACH who="2" step="1"/><F7/><REACH who="2" ten="268,458,106,158" step="2"/><W40/><REACH who="3" step="1"/><G37/><REACH who="3" ten="268,458,106,148" step="2"/><T30/><D26/><U21/><E23/><V99/><F99/><W69/><G69/><T101/><D101/><AGARI ba="0,2" hai="4,5,6,9,13,51,53,59,83,84,90,95,97,101" machi="101" ten="30,5800,0" yaku="1,1,7,1,8,1,53,0" doraHai="126" doraHaiUra="73" who="2" fromWho="0" sc="268,-58,458,0,106,78,148,0" /><INIT seed="6,1,0,1,0,121" ten="210,458,184,148" oya="2" hai0="82,44,48,78,135,9,40,83,122,26,91,86,14" hai1="111,64,41,57,105,1,133,45,51,95,101,131,38" hai2="25,20,109,7,16,59,104,29,8,106,125,120,52" hai3="61,116,53,56,18,73,42,134,6,75,67,112,17"/><V3/><F120/><W12/><G116/><T11/><D122/><U54/><E111/><V31/><F125/><W66/><G134/><T100/><D135/><U96/><E1/><V117/><F117/><W19/><G42/><T35/><D100/><U128/><E133/><V23/><F109/><W115/><G75/><T76/><D35/><U93/><E64/><V24/><F31/><W129/><G73/><T63/><D26/><U43/><E43/><V87/><F87/><W92/><G129/><AGARI ba="1,0" hai="38,41,45,51,54,57,93,95,96,101,105,128,129,131" machi="129" ten="40,1300,0" yaku="19,1" doraHai="121" who="1" fromWho="3" sc="210,0,458,16,184,0,148,-16" /><INIT seed="7,0,0,1,2,17" ten="210,474,184,132" oya="3" hai0="76,67,18,63,36,91,78,110,77,75,51,121,21" hai1="59,29,15,81,46,54,79,89,9,125,116,12,114" hai2="53,128,112,0,65,85,33,31,24,132,7,40,19" hai3="124,131,109,37,94,84,62,73,61,122,55,111,16"/><W92/><G122/><T20/><D121/><U127/><E114/><V106/><F106/><W126/><G73/><T6/><D110/><N who="3" m="41993" /><G131/><T100/><D36/><U129/><E116/><V97/><F128/><W90/><G37/><T39/><D39/><U102/><E102/><V30/><F40/><W134/><G134/><T11/><D100/><U60/><E129/><V47/><F112/><W44/><G92/><T50/><D91/><U115/><E115/><V5/><F65/><W8/><G44/><T68/><D75/><U105/><E105/><V69/><F47/><W52/><G62/><T82/><D82/><U71/><E46/><V93/><F93/><W88/><G90/><T23/><REACH who="0" step="1"/><D18/><REACH who="0" ten="200,474,184,132" step="2"/><U2/><E60/><V74/><F74/><W14/><G61/><T34/><D34/><U118/><E12/><AGARI ba="0,1" hai="6,11,12,20,21,23,50,51,63,67,68,76,77,78" machi="12" ten="40,8000,1" yaku="1,1,52,3,53,0" doraHai="17" doraHaiUra="35" who="0" fromWho="1" sc="200,90,474,-80,184,0,132,0" owari="290,9.0,394,49.4,184,-21.6,132,-36.8" /></mjloggm>