<mjloggm ver="2.3"><GO type="169" lobby="0"/><UN n0="%E4%B9%9D%E5%B0%BE%E3%81%AE%E3%83%8D%E3%82%B3" n1="%E3%82%8A%E3%82%87%E3%81%91%E3%81%99" n2="%E7%9B%9B%E5%B2%A1%E3%81%AE%E3%83%AA%E3%83%BC%E3%83%81%E8%B6%85%E4%BA%BA" n3="%E7%99%BD%E3%81%AE%E7%A9%BA" dan="16,17,17,17" rate="2059.94,2170.66,2147.90,2159.55" sx="M,M,M,M"/><TAIKYOKU oya="0"/><INIT seed="0,0,0,2,4,79" ten="250,250,250,250" oya="0" hai0="128,87,123,55,109,11,84,105,20,69,36,101,114" hai1="131,88,38,23,97,45,47,65,46,71,120,117,53" hai2="37,133,125,9,77,90,115,73,14,116,74,122,56" hai3="17,83,34,4,31,0,113,91,70,108,50,12,51"/><T54/><D123/><U40/><E117/><V76/><F37/><W68/><G113/><T19/><D114/><U135/><E120/><V35/><F35/><W10/><G108/><T80/><D69/><U28/><E131/><V57/><F116/><W5/><G5/><T99/><D128/><U124/><E124/><V104/><F104/><W82/><G68/><T30/><D36/><U72/><E72/><V85/><F125/><W3/><G70/><T127/><D127/><U89/><E135/><V67/><F133/><W130/><G130/><T96/><D99/><U32/><E32/><V26/><F26/><N who="3" m="18807" /><G91/><T63/><D63/><U6/><E6/><V103/><F103/><W52/><G3/><T22/><D87/><U121/><E121/><V48/><F115/><W2/><G2/><T112/><D112/><U49/><E45/><V75/><F67/><W78/><G78/><T93/><D105/><U60/><REACH who="1" step="1"/><E97/><REACH who="1" ten="250,240,250,250" step="2"/><V7/><F122/><W1/><G1/><T58/><D109/><U129/><E129/><V98/><F98/><W95/><G0/><T86/><D86/><U24/><AGARI ba="0,1" hai="23,24,28,38,40,46,47,49,53,60,65,71,88,89" machi="24" ten="30,4000,0" yaku="1,1,0,1,54,1,53,0" doraHai="79" doraHaiUra="111" who="1" fromWho="1" sc="250,-20,240,50,250,-10,250,-10" /><INIT seed="1,0,0,5,5,54" ten="230,290,240,240" oya="1" hai0="30,71,76,10,3,87,25,43,39,101,115,46,127" hai1="105,20,28,50,129,22,13,131,80,91,135,89,40" hai2="110,12,84,1,44,102,11,51,47,32,86,90,123" hai3="61,83,92,109,130,9,107,63,96,59,14,15,116"/><U117/><E117/><V33/><F1/><W134/><G109/><T128/><D115/><U99/><E135/><V48/><F123/><W6/><G134/><T67/><D127/><U16/><E105/><V24/><F102/><W94/><G116/><T65/><D128/><U108/><E108/><V66/><F66/><W37/><G37/><T119/><D119/><U42/><E99/><V121/><F121/><W103/><G130/><N who="1" m="49674" /><E80/><V72/><F72/><W58/><G83/><T55/><D101/><U78/><E78/><V38/><F38/><W45/><G45/><T18/><D76/><U4/><E4/><V17/><F84/><W93/><G15/><T104/><D104/><U49/><E28/><V62/><F110/><W0/><G0/><T81/><D81/><U88/><E22/><V23/><F32/><W106/><G106/><T8/><D87/><U19/><E19/><V2/><F33/><W68/><G68/><T100/><D100/><U111/><E111/><V124/><F86/><W35/><G35/><N who="0" m="20943" /><D18/><U36/><E36/><V64/><F124/><W85/><G85/><T52/><D3/><U60/><E60/><V27/><F62/><W74/><G74/><T57/><D71/><U112/><E112/><V133/><F133/><W114/><G114/><T125/><D125/><U29/><E29/><V31/><F31/><W70/><G63/><T26/><D26/><U95/><E95/><V132/><F24/><W79/><G79/><T126/><D126/><U5/><E5/><V34/><F132/><W41/><G61/><N who="0" m="38063" /><D67/><U75/><E75/><V118/><F64/><RYUUKYOKU ba="0,0" sc="230,15,290,15,240,-15,240,-15" hai0="8,10,39,43,46,52,55" hai1="13,16,20,40,42,49,50,88,89,91" /><INIT seed="1,1,0,1,4,12" ten="245,305,225,225" oya="1" hai0="77,79,41,37,83,117,29,5,112,102,84,110,118" hai1="19,21,44,45,109,47,49,91,35,82,53,95,115" hai2="65,133,105,94,127,14,26,32,125,103,98,67,16" hai3="11,78,73,2,87,74,108,123,57,68,106,113,8"/><U101/><E35/><V51/><F133/><W72/><G113/><T104/><D112/><U85/><E115/><V80/><F80/><W31/><G68/><T23/><D110/><U15/><E109/><V114/><F114/><W130/><G108/><T129/><D129/><U60/><E60/><V97/><F51/><W134/><G130/><T54/><D79/><U111/><E111/><V34/><F65/><W48/><G134/><T43/><D43/><U63/><E63/><V64/><F64/><W62/><G106/><T92/><D104/><U6/><E6/><V90/><F67/><W70/><G70/><T61/><D5/><U38/><E38/><V126/><REACH who="2" step="1"/><F26/><REACH who="2" ten="245,305,215,225" step="2"/><W122/><G48/><T25/><D37/><U52/><E53/><V86/><F86/><W93/><G87/><T39/><D39/><U71/><E71/><V116/><F116/><W7/><G62/><T119/><D119/><U124/><E124/><V120/><F120/><W66/><G122/><T132/><D132/><U24/><E24/><V13/><F13/><W28/><G66/><T89/><D118/><U42/><E42/><V27/><F27/><W99/><G123/><T50/><D41/><U59/><E101/><V96/><F96/><W3/><G99/><N who="0" m="57743" /><D117/><U36/><E36/><V18/><F18/><W76/><G7/><T55/><D102/><U40/><E40/><V33/><F33/><W88/><G72/><T58/><D50/><U20/><E82/><V46/><F46/><W56/><G93/><T9/><D55/><U128/><E128/><V100/><F100/><W135/><G135/><RYUUKYOKU ba="1,1" sc="245,0,305,0,215,0,225,0" hai0="9,23,25,29,54,58,61,77,83,84" hai1="15,19,20,21,44,45,47,49,52,59,85,91,95" hai2="14,16,32,34,90,94,97,98,103,105,125,126,127" hai3="2,3,8,11,28,31,56,57,73,74,76,78,88" /><INIT seed="1,2,1,0,0,127" ten="245,305,215,225" oya="1" hai0="21,14,28,2,81,96,99,56,32,87,104,57,111" hai1="74,52,129,120,86,119,102,5,128,64,69,58,4" hai2="93,13,73,72,48,0,92,25,43,47,85,82,94" hai3="79,62,100,118,45,19,71,3,50,37,109,33,78"/><U108/><E119/><V125/><F0/><W6/><G118/><T35/><D2/><U106/><E120/><V90/><F125/><W17/><G109/><T10/><D111/><U107/><E74/><V116/><F116/><W80/><G33/><T46/><D46/><U98/><E108/><V91/><F91/><W15/><G100/><T36/><D36/><U105/><E64/><V103/><F103/><W115/><G115/><T51/><D104/><U55/><E55/><V65/><F65/><W110/><G110/><T88/><D35/><U114/><E69/><V22/><REACH who="2" step="1"/><F13/><REACH who="2" ten="245,305,205,225" step="2"/><W31/><G15/><T126/><D126/><U67/><E67/><V121/><F121/><W39/><G3/><T34/><D88/><U63/><E114/><V59/><F59/><W23/><G71/><T76/><D57/><U135/><E135/><V70/><F70/><W133/><G133/><T44/><D56/><U61/><E61/><V27/><F27/><W77/><G62/><T83/><D14/><U89/><E102/><V97/><F97/><W41/><G78/><T75/><D99/><U29/><E98/><V130/><F130/><N who="1" m="50281" /><E29/><AGARI ba="2,2" hai="22,25,29,43,47,48,72,73,82,85,90,92,93,94" machi="29" ten="40,1300,0" yaku="1,1,53,0" doraHai="127" doraHaiUra="131" who="2" fromWho="1" sc="245,0,305,-19,205,39,225,0" /><INIT seed="2,0,0,5,3,19" ten="245,286,244,225" oya="2" hai0="53,73,36,119,49,4,131,102,103,23,1,65,63" hai1="114,43,38,123,118,122,9,80,21,128,59,106,16" hai2="57,10,60,86,17,48,105,35,25,70,94,41,107" hai3="82,44,32,68,42,13,69,96,124,100,47,26,111"/><V78/><F70/><W67/><G111/><T129/><D119/><U52/><E114/><V98/><F35/><W117/><G117/><T120/><D120/><N who="1" m="46123" /><E128/><N who="0" m="49225" /><D73/><U76/><E106/><V27/><F105/><W92/><G124/><T8/><D36/><U51/><E9/><V127/><F107/><W101/><G13/><T14/><D1/><U29/><E29/><V31/><F31/><W39/><G100/><T104/><D104/><U3/><E3/><V74/><F74/><W56/><G82/><T11/><D11/><U7/><E7/><V75/><F75/><W72/><G72/><T2/><D2/><U133/><E133/><V113/><F113/><W121/><G121/><T6/><D23/><U45/><E80/><N who="2" m="47383" /><F127/><W55/><G32/><T112/><D6/><U116/><E76/><V99/><F10/><W81/><G81/><T135/><D135/><U108/><E108/><V5/><F5/><W54/><G26/><AGARI ba="0,0" hai="16,21,26,38,43,45,51,52,59,116,118" m="46123" machi="26" ten="30,7700,0" yaku="13,1,52,1,54,2" doraHai="19" who="1" fromWho="3" sc="245,0,286,77,244,0,225,-77" /><INIT seed="3,0,0,2,3,40" ten="245,363,244,148" oya="3" hai0="48,53,11,107,115,83,90,12,84,126,14,43,88" hai1="106,105,41,125,6,102,131,80,71,13,69,113,5" hai2="118,134,30,72,60,35,38,64,62,67,111,4,76" hai3="103,70,27,116,22,24,46,59,127,85,135,21,124"/><W75/><G70/><T65/><D107/><U81/><E41/><V122/><F4/><W87/><G75/><T112/><D126/><N who="3" m="48169" /><G116/><T89/><D43/><U47/><E125/><V121/><F72/><W7/><G135/><T104/><D65/><U98/><E13/><N who="0" m="5225" /><D11/><U0/><E102/><V119/><F76/><W23/><G7/><T8/><D8/><U2/><E98/><V28/><F35/><W16/><G103/><T52/><D104/><U132/><E132/><V31/><F134/><W32/><G59/><N who="0" m="33159" /><D53/><U1/><E1/><V130/><F38/><W58/><G58/><T25/><D25/><N who="3" m="9801" /><G32/><T66/><D66/><U100/><E100/><V123/><F64/><W56/><G56/><T110/><D110/><U44/><E131/><V128/><F111/><W34/><G34/><T36/><D36/><U74/><E74/><V26/><F26/><W91/><G16/><T29/><D29/><U86/><E113/><AGARI ba="0,0" hai="83,84,88,89,90,112,113,115" m="33159,5225" machi="113" ten="30,3900,0" yaku="11,1,54,2" doraHai="40" who="0" fromWho="1" sc="245,39,363,-39,244,0,148,0" /><INIT seed="4,0,0,0,5,29" ten="284,324,244,148" oya="0" hai0="2,62,10,112,115,100,79,69,54,130,126,83,92" hai1="21,71,7,82,108,4,104,47,19,38,0,13,35" hai2="59,9,125,37,33,123,78,3,72,48,86,74,17" hai3="60,75,34,36,107,20,73,122,58,127,117,120,39"/><T41/><D126/><U105/><E108/><V23/><F37/><W56/><G117/><T31/><D130/><U49/><E38/><V90/><F123/><W76/><G20/><T88/><D41/><U11/><E71/><V103/><F103/><W135/><G76/><T52/><D100/><U93/><E93/><V87/><F87/><W40/><G60/><T121/><D121/><U128/><E128/><V53/><F78/><W131/><G131/><T22/><D10/><U77/><E35/><V98/><F98/><W114/><G127/><T106/><D2/><U70/><E70/><V28/><F125/><W96/><G96/><T109/><D109/><U46/><E46/><V18/><F18/><W111/><G111/><T101/><D101/><U66/><E66/><V6/><F28/><W16/><G16/><T81/><D106/><U45/><E45/><V42/><F33/><W8/><G8/><T94/><D94/><U65/><E65/><V55/><F55/><N who="0" m="21034" /><D79/><U5/><E105/><V27/><REACH who="2" step="1"/><F42/><REACH who="2" ten="284,324,234,148" step="2"/><W63/><G40/><T113/><D31/><U12/><E104/><V119/><F119/><W91/><G107/><T24/><D115/><U124/><E124/><V25/><F25/><W26/><G26/><T99/><D113/><U68/><E7/><V80/><AGARI ba="0,1" hai="3,6,9,17,23,27,48,53,59,72,74,80,86,90" machi="80" ten="20,2700,0" yaku="1,1,0,1,7,1,53,0" doraHai="29" doraHaiUra="132" who="2" fromWho="2" sc="284,-13,324,-7,234,37,148,-7" /><INIT seed="5,0,0,5,1,49" ten="271,317,271,141" oya="1" hai0="29,41,133,58,113,12,105,21,25,121,36,126,43" hai1="46,37,82,75,94,11,66,79,127,22,83,96,134" hai2="73,85,74,19,81,28,45,54,115,60,119,114,17" hai3="1,55,132,30,90,86,130,51,72,6,120,88,9"/><U7/><E82/><V3/><F3/><W5/><G120/><T122/><D105/><U62/><E22/><V99/><F28/><W98/><G72/><T18/><D113/><N who="2" m="43018" /><F99/><W70/><G70/><T80/><D126/><U39/><E127/><V125/><F125/><W84/><G132/><T65/><D133/><U110/><E134/><V34/><F34/><W8/><G130/><T131/><D131/><U101/><E110/><V61/><F61/><W33/><G33/><T108/><D108/><U4/><E4/><V78/><F119/><W124/><G30/><T35/><D80/><U2/><REACH who="1" step="1"/><E46/><REACH who="1" ten="271,307,271,141" step="2"/><V102/><F45/><W129/><G124/><T112/><D122/><U64/><E64/><V68/><F73/><W107/><G129/><T23/><D121/><U20/><E20/><V89/><F74/><W15/><G107/><T69/><D23/><U106/><E106/><V16/><F78/><W10/><G10/><T63/><D112/><U14/><E14/><V26/><F26/><W71/><G6/><T111/><D111/><U40/><E40/><V116/><F81/><W31/><G5/><T93/><D93/><U50/><E50/><V135/><F135/><W32/><G51/><T128/><D128/><U109/><E109/><V100/><F17/><W59/><G32/><T27/><D27/><U123/><E123/><V77/><F77/><W24/><G24/><T42/><D36/><U92/><E92/><V104/><F104/><W97/><G15/><T56/><AGARI ba="0,1" hai="12,18,21,25,29,35,41,42,43,56,58,63,65,69" machi="56" ten="30,1100,0" yaku="0,1" doraHai="49" who="0" fromWho="0" sc="271,21,307,-5,271,-3,141,-3" /><INIT seed="6,0,0,0,2,109" ten="292,302,268,138" oya="2" hai0="97,115,81,119,44,64,23,98,54,111,35,112,14" hai1="53,30,105,76,28,43,73,69,92,91,86,46,41" hai2="130,56,103,124,52,1,94,82,88,120,122,34,127" hai3="50,58,108,134,37,114,7,100,18,11,118,22,126"/><V33/><F1/><W31/><G37/><T62/><D35/><N who="2" m="13322" /><F103/><W16/><G108/><T123/><D111/><U24/><E69/><V5/><F82/><W15/><G118/><T51/><D123/><U26/><E105/><V71/><F5/><W39/><G39/><T121/><D81/><N who="1" m="47399" /><E73/><V87/><F71/><W107/><G107/><T9/><D23/><U132/><E132/><V21/><F21/><W75/><G100/><T67/><D119/><U61/><E26/><V48/><F130/><W125/><G75/><T85/><D85/><U128/><E24/><V63/><F63/><W42/><G134/><T133/><D133/><U135/><E128/><V13/><F13/><W55/><G42/><N who="1" m="15882" /><E61/><V131/><F131/><W101/><G101/><T116/><D121/><U60/><E60/><V117/><F117/><W95/><G95/><T49/><D116/><U66/><E66/><V19/><F19/><W77/><G18/><N who="0" m="8527" /><D67/><U57/><E135/><V8/><F8/><W27/><G77/><T20/><D20/><U74/><E74/><V68/><F68/><W3/><REACH who="3" step="1"/><G114/><REACH who="3" ten="292,302,268,128" step="2"/><N who="0" m="43563" /><D51/><U78/><E78/><V40/><F122/><W10/><AGARI ba="0,1" hai="3,7,10,11,15,16,22,27,31,50,55,58,125,126" machi="10" ten="30,4000,0" yaku="1,1,0,1,54,1,53,0" doraHai="109" doraHaiUra="38" who="3" fromWho="3" sc="292,-10,302,-10,268,-20,128,50" /><INIT seed="7,0,0,1,3,85" ten="282,292,248,178" oya="3" hai0="86,36,112,64,50,35,10,42,94,135,134,127,110" hai1="83,22,34,58,121,103,63,23,118,1,44,52,16" hai2="120,90,40,98,79,129,43,100,46,68,77,31,57" hai3="32,19,89,54,20,125,113,70,11,117,95,75,41"/><W82/><G32/><T8/><D110/><U61/><E1/><V37/><F68/><W0/><G117/><T133/><D35/><U124/><E121/><V24/><F120/><W115/><G70/><T48/><D64/><U131/><E34/><V17/><F129/><W25/><G125/><T104/><D104/><U80/><E131/><V107/><F40/><W105/><G105/><T122/><D122/><U81/><E124/><V30/><F17/><W6/><G41/><T126/><D36/><U5/><E5/><V7/><F7/><W132/><G132/><T69/><D69/><U51/><E103/><V108/><F108/><W106/><G106/><T87/><D42/><N who="1" m="24983" /><E23/><V55/><F30/><W53/><G82/><T74/><D135/><U109/><E109/><V39/><F39/><W84/><REACH who="3" step="1"/><G75/><REACH who="3" ten="282,292,248,168" step="2"/><T56/><D74/><U93/><E118/><V111/><F111/><W38/><G38/><T78/><D94/><U65/><E93/><V119/><F119/><W4/><G4/><T130/><D130/><U71/><E71/><V21/><REACH who="2" step="1"/><F90/><REACH who="2" ten="282,292,238,168" step="2"/><W91/><G91/><T29/><D127/><U101/><E101/><V59/><F59/><W72/><G72/><T116/><D56/><N who="1" m="34951" /><E83/><V3/><F3/><W15/><G15/><AGARI ba="0,2" hai="15,16,22,58,63,65,80,81" m="34951,24983" machi="15" ten="30,3900,0" yaku="8,1,54,2" doraHai="85" who="1" fromWho="3" sc="282,0,292,59,238,0,168,-39" owari="282,8.2,351,45.1,238,-16.2,129,-37.1" /></mjloggm>