<mjloggm ver="2.3"><GO type="169" lobby="0"/><UN n0="%E4%B9%9D%E5%B0%BE%E3%81%AE%E3%83%8D%E3%82%B3" n1="%E3%83%8A%E3%82%B4%E3%83%A0" n2="%52%59%4F%40%53%53" n3="%E5%90%89%E6%88%90%E5%89%9B" dan="16,18,17,16" rate="2056.02,2229.72,2232.88,2096.92" sx="M,M,M,M"/><TAIKYOKU oya="0"/><INIT seed="0,0,0,1,3,120" ten="250,250,250,250" oya="0" hai0="122,5,38,96,40,125,11,106,67,76,58,130,85" hai1="1,24,115,61,70,65,60,0,26,21,49,83,54" hai2="29,77,18,131,57,42,37,109,79,90,88,2,104" hai3="84,66,4,87,121,82,112,13,45,20,34,124,132"/><T103/><D122/><U74/><E115/><V33/><F2/><W53/><G112/><T52/><D125/><U128/><E128/><V14/><F104/><W100/><G34/><T101/><D101/><U59/><E74/><V55/><F131/><W7/><G121/><T23/><D130/><U102/><E83/><V27/><F42/><W92/><G124/><T133/><D133/><U78/><E78/><V32/><F37/><W80/><G66/><T107/><D107/><U99/><E49/><V12/><F12/><W69/><G69/><T94/><D67/><U62/><E62/><V63/><F32/><W10/><G92/><T48/><D23/><U68/><E68/><V56/><F109/><W129/><G100/><T105/><D85/><N who="3" m="32841" /><G20/><T72/><D40/><U35/><E35/><V51/><F79/><W3/><G3/><T134/><D38/><U31/><REACH who="1" step="1"/><E26/><REACH who="1" ten="250,240,250,250" step="2"/><V93/><F77/><W95/><G129/><T39/><D134/><U117/><E117/><V75/><F75/><W113/><G132/><T110/><D39/><U28/><E28/><V116/><F116/><W97/><G113/><T25/><D25/><U41/><E41/><V30/><F30/><W126/><G126/><T16/><D76/><U43/><E43/><V22/><REACH who="2" step="1"/><F93/><AGARI ba="0,1" hai="0,1,21,24,31,54,59,60,61,65,70,93,99,102" machi="93" ten="30,2000,0" yaku="1,1,7,1,53,0" doraHai="120" doraHaiUra="47" who="1" fromWho="2" sc="250,0,240,30,250,-20,250,0" /><INIT seed="1,0,0,3,2,4" ten="250,270,230,250" oya="1" hai0="77,66,23,97,122,85,102,132,35,63,51,15,29" hai1="103,123,70,36,28,18,1,71,59,115,2,94,5" hai2="39,135,86,19,52,42,47,50,134,14,68,57,110" hai3="55,3,114,10,91,37,48,76,107,22,80,53,75"/><U7/><E115/><V88/><F68/><W113/><G107/><T105/><D122/><U20/><E123/><V54/><F54/><W116/><G37/><T90/><D77/><U6/><E36/><V9/><REACH who="2" step="1"/><F110/><REACH who="2" ten="250,270,220,250" step="2"/><W17/><G114/><T98/><D132/><U89/><E70/><V49/><F49/><W31/><G113/><T129/><D51/><U127/><E71/><V84/><F84/><W83/><G55/><T26/><D85/><U130/><E2/><V131/><F131/><W44/><G3/><T104/><D129/><U16/><E130/><V46/><F46/><W121/><G121/><T101/><D90/><U78/><E1/><V65/><F65/><W109/><G109/><T24/><D66/><U27/><E103/><V95/><AGARI ba="0,1" hai="9,14,19,39,42,47,50,52,57,86,88,95,134,135" machi="95" ten="30,12000,2" yaku="1,1,0,1,52,1,54,2,53,1" doraHai="4" doraHaiUra="40" who="2" fromWho="2" sc="250,-30,270,-60,220,130,250,-30" /><INIT seed="2,0,0,0,3,105" ten="220,210,350,220" oya="2" hai0="122,38,86,47,25,33,66,81,82,129,34,51,79" hai1="77,0,35,4,74,59,40,71,57,133,13,112,88" hai2="43,28,83,9,106,48,124,23,49,108,12,55,126" hai3="84,135,52,130,60,75,118,76,20,17,15,100,109"/><V96/><F108/><W2/><G2/><T64/><D122/><U127/><E71/><V93/><F106/><W125/><G118/><T94/><D38/><U30/><E112/><V26/><F43/><W56/><G109/><T50/><D50/><U39/><E13/><V3/><F3/><W24/><G125/><T115/><D115/><U98/><E133/><V97/><F49/><W53/><G135/><T107/><D107/><U92/><E30/><V110/><F110/><W1/><G1/><T14/><D129/><U128/><E35/><V85/><F93/><W36/><G36/><T32/><D25/><U132/><E127/><V111/><F111/><W62/><G100/><T67/><D14/><U121/><E121/><V41/><F41/><W45/><G15/><T90/><REACH who="0" step="1"/><D79/><REACH who="0" ten="210,210,350,220" step="2"/><U95/><E128/><V19/><F126/><W123/><G130/><T21/><D21/><U102/><E132/><V5/><F124/><W27/><G123/><T103/><D103/><U16/><E39/><V10/><F10/><W54/><G27/><T134/><D134/><U58/><E0/><V101/><F101/><W99/><G24/><T46/><D46/><U104/><E104/><V73/><F5/><W69/><G45/><T113/><D113/><U89/><E4/><V70/><F9/><W119/><G20/><T61/><D61/><U22/><E102/><V18/><F12/><W87/><G62/><T44/><D44/><U29/><E77/><V7/><F7/><W6/><G6/><T78/><D78/><U114/><E114/><V117/><F26/><W80/><G60/><RYUUKYOKU ba="0,1" sc="210,30,210,-10,350,-10,220,-10" hai0="32,33,34,47,51,64,66,67,81,82,86,90,94" /><INIT seed="3,1,1,0,1,5" ten="240,200,340,210" oya="3" hai0="68,134,63,18,58,113,106,111,100,15,19,91,115" hai1="56,33,23,129,133,57,99,17,75,32,52,1,11" hai2="16,122,96,62,66,42,21,25,102,116,109,51,43" hai3="131,7,46,37,38,112,103,123,83,36,98,73,120"/><W34/><G112/><N who="0" m="43083" /><D111/><U64/><E75/><V77/><F109/><W26/><G131/><T69/><D91/><U31/><E129/><V119/><F77/><W4/><G4/><T40/><D40/><U0/><E133/><V24/><F24/><W79/><G46/><T35/><D35/><U125/><E125/><V121/><F51/><W124/><G124/><T114/><N who="0" m="43091" /><T132/><DORA hai="105" /><D100/><U76/><E76/><V45/><F119/><W135/><G135/><N who="0" m="51755" /><D106/><U50/><E33/><V49/><F43/><W29/><REACH who="3" step="1"/><G7/><REACH who="3" ten="240,200,340,200" step="2"/><T20/><D19/><U10/><E17/><V104/><REACH who="2" step="1"/><F116/><REACH who="2" ten="240,200,330,200" step="2"/><W118/><G118/><T8/><D20/><U85/><E23/><V67/><F67/><AGARI ba="1,3" hai="8,15,18,58,63,67,68,69" m="51755,43091" machi="67" ten="40,5200,0" yaku="11,1,20,1,52,1" doraHai="5,105" who="0" fromWho="2" sc="240,85,200,0,330,-55,200,0" /><INIT seed="4,0,0,3,4,25" ten="325,200,275,200" oya="0" hai0="33,60,101,64,80,15,53,111,78,104,125,123,74" hai1="67,77,95,24,10,17,132,63,89,115,108,2,99" hai2="66,39,50,83,96,72,36,70,113,65,116,9,49" hai3="22,102,98,130,109,38,86,45,91,7,131,127,119"/><T92/><D123/><U103/><E108/><V3/><F96/><W12/><G109/><T105/><D125/><U46/><E132/><V44/><F113/><W107/><G119/><T120/><D53/><U71/><E115/><V121/><F116/><W11/><G127/><T52/><D111/><U4/><E77/><N who="2" m="44455" /><F39/><W124/><G124/><T20/><D33/><U5/><E46/><V68/><F66/><W75/><G75/><T79/><D79/><U6/><E17/><V128/><F128/><W19/><G45/><T26/><D15/><U57/><E71/><N who="2" m="27179" /><F65/><W82/><REACH who="3" step="1"/><G38/><REACH who="3" ten="325,200,275,190" step="2"/><T59/><D120/><U81/><E81/><V8/><F121/><W37/><G37/><T118/><D118/><U58/><E58/><V35/><F36/><W88/><G88/><T40/><D40/><U135/><E135/><V41/><F44/><W100/><G100/><T114/><D114/><U110/><E110/><V27/><F41/><W94/><G94/><T134/><D134/><U76/><E76/><V90/><F90/><W112/><G112/><T122/><D92/><U51/><E89/><V133/><F133/><W18/><G18/><T62/><D101/><U84/><E84/><V87/><F87/><W48/><G48/><T73/><D74/><U129/><E129/><V54/><F50/><W56/><G56/><T13/><D122/><U14/><E51/><V42/><F42/><W32/><G32/><T93/><D93/><U97/><E97/><V21/><F35/><W23/><G23/><T69/><D73/><U47/><E103/><V1/><F49/><W61/><G61/><RYUUKYOKU ba="0,1" sc="325,-10,200,-10,275,-10,190,30" hai3="7,11,12,19,22,82,86,91,98,102,107,130,131" /><INIT seed="5,1,1,0,1,80" ten="315,190,265,220" oya="1" hai0="16,49,20,43,50,126,0,117,130,99,25,22,129" hai1="79,18,94,66,121,3,73,103,13,110,118,122,6" hai2="105,21,124,15,85,100,104,42,1,107,29,112,41" hai3="36,7,97,24,19,38,9,76,70,101,54,10,63"/><U12/><E118/><V69/><F1/><W81/><G70/><T86/><D117/><U125/><E73/><V91/><F69/><W108/><G108/><T84/><D0/><U32/><E32/><V82/><F124/><W44/><G38/><T59/><D126/><U93/><E125/><V57/><F100/><W92/><G36/><T106/><D106/><U133/><E3/><V2/><F2/><W46/><G10/><T109/><D109/><U113/><E79/><V33/><F33/><W114/><G7/><T90/><D99/><U89/><E110/><V98/><F98/><W31/><G31/><T131/><D22/><U55/><E66/><V47/><F112/><W135/><G135/><T83/><D86/><U26/><E113/><V119/><F119/><W4/><G4/><T65/><D43/><U102/><E26/><V30/><F57/><N who="3" m="35255" /><G114/><T62/><AGARI ba="1,1" hai="16,20,25,49,50,59,62,65,83,84,90,129,130,131" machi="62" ten="40,8000,1" yaku="0,1,19,1,52,1,54,1" doraHai="80" who="0" fromWho="0" sc="315,93,190,-41,265,-21,220,-21" /><INIT seed="6,0,0,4,0,4" ten="408,149,244,199" oya="2" hai0="33,1,14,18,104,43,11,68,112,113,73,111,21" hai1="83,98,54,31,40,90,125,2,84,50,5,53,123" hai2="3,127,23,37,70,48,135,56,96,10,57,115,124" hai3="122,129,74,89,44,51,49,61,13,101,45,108,12"/><V34/><F34/><W79/><G122/><T118/><D104/><U25/><E125/><V86/><F70/><W110/><G101/><T15/><D73/><U121/><E40/><V100/><F37/><W119/><G79/><T52/><D43/><U17/><E17/><V109/><F115/><N who="0" m="44106" /><D68/><U65/><E65/><V72/><F72/><W91/><G74/><T29/><D1/><U8/><E98/><V7/><F135/><W94/><G94/><T41/><D41/><U30/><E30/><V22/><F86/><W27/><G61/><T130/><D52/><U87/><E87/><V105/><F109/><W114/><G114/><T42/><D42/><U59/><REACH who="1" step="1"/><E54/><REACH who="1" ten="408,139,244,199" step="2"/><N who="2" m="31815" /><F127/><W93/><G93/><T67/><D67/><U24/><E24/><V95/><F105/><W71/><G27/><T16/><D29/><U20/><AGARI ba="0,1" hai="2,5,8,20,25,31,50,53,59,83,84,90,121,123" machi="20" ten="30,7900,0" yaku="1,1,0,1,52,1,53,1" doraHai="4" doraHaiUra="76" who="1" fromWho="1" sc="408,-20,139,89,244,-39,199,-20" /><INIT seed="7,0,0,1,2,84" ten="388,228,205,179" oya="3" hai0="57,127,60,25,40,41,63,15,9,135,83,111,86" hai1="33,22,133,109,19,121,120,12,87,88,65,100,104" hai2="96,46,50,115,23,44,70,123,8,11,97,29,82" hai3="128,69,6,95,28,93,37,56,52,91,21,81,3"/><W74/><G69/><T27/><D111/><U17/><E109/><V101/><F70/><W110/><G37/><T125/><D135/><U107/><E33/><V94/><F115/><W67/><G67/><N who="0" m="39311" /><D63/><U24/><E133/><V0/><F0/><W98/><G110/><T30/><D30/><U59/><E65/><V90/><F46/><W113/><G113/><T14/><D14/><U105/><E100/><V16/><F29/><W102/><G128/><T45/><D45/><U73/><E73/><V77/><F123/><W129/><G129/><T85/><D85/><U114/><E59/><V134/><F134/><W89/><G6/><N who="0" m="3511" /><D127/><U66/><E66/><V122/><F122/><W71/><G71/><T13/><D13/><U130/><E114/><V7/><F7/><W36/><G36/><T118/><D118/><U78/><E78/><V10/><F77/><W92/><G3/><T32/><D32/><U54/><E54/><N who="2" m="30023" /><F101/><W31/><G74/><T26/><D125/><U99/><E99/><N who="2" m="57815" /><F82/><W47/><G81/><T79/><AGARI ba="0,0" hai="25,26,27,40,41,79,83,86" m="3511,39311" machi="79" ten="30,1100,0" yaku="8,1" doraHai="84" who="0" fromWho="0" sc="388,11,228,-3,205,-3,179,-5" owari="399,49.9,225,2.5,202,-19.8,174,-32.6" /></mjloggm>