<mjloggm ver="2.3"><GO type="169" lobby="0"/><UN n0="%E4%B8%80%E7%95%AA%E3%81%84%E3%81%A1%E3%81%B0%E3%82%93" n1="%E3%81%9B%E3%81%A9%E3%81%AA%E3%82%8A%E3%81%82%E3%82%93" n2="%48%69%62%69%6B%69" n3="%E3%81%94%E3%82%8B%E3%81%A3" dan="16,17,16,17" rate="2068.00,2184.63,2096.77,2174.37" sx="F,M,F,M"/><TAIKYOKU oya="0"/><INIT seed="0,0,0,3,1,109" ten="250,250,250,250" oya="0" hai0="108,82,98,37,18,67,130,42,28,45,62,86,66" hai1="14,6,64,101,43,89,88,17,92,72,84,106,95" hai2="65,115,21,4,61,125,127,111,47,49,69,77,33" hai3="103,12,29,122,0,8,59,91,133,129,128,27,22"/><T51/><D130/><N who="3" m="50281" /><G103/><T36/><D108/><U30/><E72/><V120/><F111/><W80/><G91/><T25/><D18/><U123/><E123/><V126/><F33/><W57/><G80/><T7/><D7/><U3/><E30/><V76/><F120/><W48/><G48/><T112/><D98/><U10/><E64/><V54/><F115/><W9/><G59/><T26/><D112/><U94/><E43/><V116/><F116/><W107/><G57/><T55/><D37/><U19/><E92/><V68/><F4/><N who="3" m="1031" /><G107/><T53/><D36/><U32/><E32/><V104/><F21/><W85/><G85/><T71/><D25/><U96/><E3/><V70/><REACH who="2" step="1"/><F104/><REACH who="2" ten="250,250,240,250" step="2"/><W38/><G122/><T24/><D24/><U102/><REACH who="1" step="1"/><E101/><REACH who="1" ten="250,240,240,250" step="2"/><V40/><F40/><W93/><G93/><T46/><D67/><U56/><E56/><AGARI ba="0,2" hai="47,49,54,56,61,65,68,69,70,76,77,125,126,127" machi="56" ten="50,3200,0" yaku="1,1,18,1,53,0" doraHai="109" doraHaiUra="118" who="2" fromWho="1" sc="250,0,240,-32,240,52,250,0" /><INIT seed="1,0,0,1,4,116" ten="250,208,292,250" oya="1" hai0="18,121,83,28,118,112,42,68,39,79,65,119,105" hai1="98,75,131,17,38,33,126,109,30,88,89,16,47" hai2="78,99,132,70,114,93,96,60,103,57,87,76,111" hai3="67,24,26,85,6,123,62,64,51,56,91,5,21"/><U135/><E75/><V19/><F111/><W92/><G123/><T108/><D105/><U2/><E2/><V82/><F132/><W74/><G74/><T59/><D108/><U15/><E109/><V35/><F114/><W53/><G67/><T9/><D68/><U117/><E117/><V54/><F35/><W97/><G85/><T61/><D112/><U84/><E135/><V58/><F70/><W80/><G80/><T133/><D133/><U36/><E131/><V100/><F58/><W1/><G1/><T25/><D121/><U127/><E30/><V10/><F78/><W55/><G26/><T41/><D18/><U66/><E66/><V130/><F130/><W102/><G91/><T14/><D39/><U44/><E33/><V94/><F19/><W29/><REACH who="3" step="1"/><G53/><REACH who="3" ten="250,208,292,240" step="2"/><T73/><D119/><U115/><E115/><V45/><F87/><W40/><G40/><T86/><D73/><U113/><E113/><V50/><F82/><W72/><G72/><T128/><D118/><U34/><E34/><V22/><F76/><W107/><G107/><T31/><D128/><U11/><E84/><V124/><F99/><W49/><G49/><T90/><D79/><U129/><E129/><V8/><F96/><W120/><G120/><T48/><D25/><U7/><E98/><V13/><F103/><W125/><G125/><N who="1" m="47626" /><E36/><V3/><F124/><W43/><G43/><N who="0" m="16395" /><D48/><U52/><E38/><V134/><F3/><W122/><G122/><T37/><D37/><U4/><E52/><N who="2" m="29775" /><F134/><W69/><AGARI ba="0,1" hai="5,6,21,24,29,51,55,56,62,64,69,92,97,102" machi="69" ten="20,2700,0" yaku="1,1,0,1,7,1,53,0" doraHai="116" doraHaiUra="106" who="3" fromWho="3" sc="250,-7,208,-13,292,-7,240,37" /><INIT seed="2,0,0,3,0,31" ten="243,195,285,277" oya="2" hai0="121,117,84,114,80,6,78,16,59,37,30,134,39" hai1="131,125,89,42,41,48,17,60,62,55,127,64,23" hai2="99,74,94,133,126,61,26,58,15,44,92,12,104" hai3="77,95,40,135,101,52,10,70,105,45,100,91,35"/><V113/><F113/><W130/><G130/><T106/><D114/><U112/><E112/><V34/><F74/><W21/><G70/><T90/><D121/><U47/><E89/><V97/><F126/><N who="1" m="48137" /><E131/><V29/><F133/><W110/><G135/><T111/><D111/><U119/><E119/><V11/><F44/><W54/><G77/><T28/><D134/><U107/><E107/><V2/><F2/><W93/><G21/><T65/><D6/><U24/><E62/><V116/><F116/><W83/><G83/><T73/><D106/><U46/><E47/><V43/><F43/><W3/><G110/><T76/><D76/><U1/><E1/><V56/><F104/><W53/><G105/><T20/><D117/><U86/><E86/><V33/><F61/><W123/><G123/><T129/><D129/><U68/><AGARI ba="0,0" hai="17,23,24,41,42,46,48,55,60,64,68" m="48137" machi="68" ten="30,1100,0" yaku="18,1" doraHai="31" who="1" fromWho="1" sc="243,-3,195,11,285,-5,277,-3" /><INIT seed="3,0,0,0,5,73" ten="240,206,280,274" oya="3" hai0="125,35,121,7,76,10,53,13,8,54,80,70,128" hai1="133,115,65,122,30,63,117,69,21,18,82,46,66" hai2="135,119,60,61,116,4,92,109,40,41,124,29,98" hai3="9,49,45,3,27,22,19,15,33,48,86,134,97"/><W42/><G134/><T111/><D121/><U118/><E122/><V1/><F135/><W114/><G114/><T37/><D111/><U31/><E133/><V6/><F29/><W55/><G97/><T102/><D125/><U56/><E115/><V58/><F124/><W50/><G33/><T64/><D37/><U84/><E46/><V91/><F109/><W5/><G3/><T101/><D128/><U129/><E129/><V51/><F1/><W96/><G96/><T43/><D43/><N who="2" m="16458" /><F119/><N who="1" m="45577" /><E66/><V93/><F116/><W59/><REACH who="3" step="1"/><G86/><REACH who="3" ten="240,206,280,264" step="2"/><T74/><D35/><U126/><E126/><V24/><F98/><W38/><AGARI ba="0,1" hai="5,9,15,19,22,27,38,42,45,48,49,50,55,59" machi="38" ten="20,7800,0" yaku="1,1,2,1,0,1,7,1,53,0" doraHai="73" doraHaiUra="106" who="3" fromWho="3" sc="240,-26,206,-26,280,-26,264,88" /><INIT seed="3,1,0,3,0,10" ten="214,180,254,352" oya="3" hai0="79,38,21,3,46,73,29,58,70,131,5,36,39" hai1="9,64,98,86,26,56,122,80,45,62,66,41,34" hai2="93,104,100,52,89,15,107,54,115,59,53,33,95" hai3="123,31,127,25,50,133,69,130,48,37,2,132,116"/><W108/><RYUUKYOKU type="yao9" ba="1,0" sc="214,0,180,0,254,0,352,0" hai3="2,25,31,37,48,50,69,108,116,123,127,130,132,133" /><INIT seed="3,2,0,2,5,37" ten="214,180,254,352" oya="3" hai0="16,15,94,25,134,97,135,13,33,51,42,88,81" hai1="36,133,130,96,63,59,89,108,126,131,20,8,22" hai2="47,127,78,116,31,11,93,41,9,3,102,68,60" hai3="106,14,125,121,44,46,55,28,6,5,50,128,61"/><W129/><G106/><T40/><D81/><U90/><E108/><V87/><F116/><W104/><G104/><T84/><D97/><U7/><E126/><V18/><F127/><W1/><G125/><T64/><D64/><U76/><E76/><V58/><F68/><W69/><G121/><T118/><D13/><U117/><E133/><N who="0" m="50697" /><D118/><U27/><E36/><V2/><F31/><W82/><G28/><N who="0" m="19599" /><D51/><U54/><E117/><V39/><F2/><W119/><G1/><T48/><D48/><U114/><E114/><V35/><F3/><W29/><G29/><T95/><D95/><N who="1" m="56431" /><E90/><V123/><F123/><W56/><G119/><T49/><D49/><U109/><E109/><V62/><F102/><W85/><G69/><T105/><D105/><U71/><E71/><V4/><F93/><W98/><G98/><T34/><D34/><U91/><E91/><V45/><F35/><W32/><G32/><T110/><D110/><U57/><E57/><V100/><F58/><W10/><G5/><T122/><D122/><U83/><E83/><N who="2" m="47607" /><F100/><W19/><G6/><T17/><D17/><N who="1" m="12687" /><E22/><AGARI ba="2,0" hai="15,16,22,40,42,84,88,94" m="19599,50697" machi="22" ten="30,8000,1" yaku="20,1,52,2,54,2" doraHai="37" who="0" fromWho="1" sc="214,86,180,-86,254,0,352,0" /><INIT seed="4,0,0,3,2,111" ten="300,94,254,352" oya="0" hai0="124,21,1,76,56,2,70,43,133,83,33,132,77" hai1="57,48,39,4,118,108,7,89,94,64,53,22,51" hai2="106,90,32,15,18,74,80,105,117,121,97,25,127" hai3="114,113,28,79,12,42,23,37,88,69,99,129,40"/><T46/><D70/><U107/><E118/><V0/><F121/><W20/><G69/><T26/><D33/><U87/><E39/><V59/><F0/><W75/><G129/><T85/><D77/><U71/><E107/><V54/><F117/><W13/><G75/><T24/><D56/><U112/><E108/><V66/><F66/><W104/><G79/><T5/><D26/><U47/><E71/><V68/><F68/><W16/><G37/><T34/><D34/><U135/><E135/><N who="0" m="51785" /><D5/><U102/><E102/><V61/><F74/><W81/><G104/><T98/><D98/><U50/><E50/><V119/><F119/><W115/><G28/><N who="0" m="17423" /><D124/><U130/><E130/><V35/><F127/><W17/><G99/><T96/><D96/><U30/><E112/><V6/><F6/><W78/><G78/><T109/><D109/><U31/><E64/><V65/><F65/><W126/><REACH who="3" step="1"/><G126/><REACH who="3" ten="300,94,254,342" step="2"/><T116/><D116/><U110/><E31/><N who="2" m="19567" /><F97/><W10/><G10/><T101/><D101/><U73/><E73/><V100/><F100/><W14/><G14/><T58/><D58/><U9/><E110/><V134/><F134/><W103/><G103/><T29/><D29/><U86/><E86/><AGARI ba="0,1" hai="12,13,16,17,20,23,40,42,81,86,88,113,114,115" machi="86" ten="40,16000,3" yaku="1,1,9,1,15,1,52,3,54,2,53,1" doraHai="111" doraHaiUra="82" who="3" fromWho="1" sc="300,0,94,-160,254,0,342,170" owari="300,10.0,-66,-56.6,254,-14.6,512,61.2" /></mjloggm>