<mjloggm ver="2.3"><GO type="169" lobby="0"/><UN n0="%E3%83%A9%E3%82%B9%E3%82%8B%E3%81%8B%E3%81%AA" n1="%E3%81%AA%E3%81%BE%E3%81%91%E8%80%85" n2="%E3%83%A2%E3%82%A4%E3%83%92%E3%83%A3%E3%83%B3" n3="%E3%83%A8%E3%82%B3%E3%83%86%E3%82%A3%E3%83%B3%40" dan="17,16,17,16" rate="2201.54,2071.95,2173.94,2105.57" sx="M,M,M,M"/><TAIKYOKU oya="0"/><INIT seed="0,0,0,3,4,45" ten="250,250,250,250" oya="0" hai0="3,75,127,111,81,134,73,57,64,27,50,112,52" hai1="106,130,120,51,110,6,23,113,91,95,68,117,5" hai2="14,54,16,30,80,124,99,105,39,102,1,0,132" hai3="36,82,55,2,79,34,60,84,76,97,29,88,83"/><T13/><D3/><U9/><E117/><V58/><F132/><W35/><G36/><T123/><D112/><U49/><E120/><V126/><F39/><W107/><G2/><T25/><D123/><U53/><E106/><V118/><F118/><W86/><G29/><T33/><D134/><U41/><E68/><V44/><F30/><W72/><G72/><T31/><D127/><N who="2" m="48682" /><F44/><W87/><G97/><T8/><D27/><U37/><E37/><V63/><F80/><W22/><G22/><AGARI ba="0,0" hai="0,1,14,16,22,54,58,63,99,102,105" m="48682" machi="22" ten="30,2000,0" yaku="18,1,54,1" doraHai="45" who="2" fromWho="3" sc="250,0,250,0,250,20,250,-20" /><INIT seed="1,0,0,4,3,91" ten="250,250,270,230" oya="1" hai0="128,53,13,121,107,6,98,87,61,48,131,78,82" hai1="116,38,31,111,127,30,20,50,43,85,95,9,1" hai2="5,15,47,106,54,117,122,46,96,105,26,40,79" hai3="52,110,23,94,71,59,22,124,56,72,83,125,7"/><U64/><E116/><V17/><F117/><W109/><G71/><T28/><D121/><U84/><E127/><N who="3" m="48714" /><G7/><T37/><D37/><U69/><E38/><V135/><F122/><W41/><G41/><T18/><D28/><U58/><E69/><V97/><F135/><W90/><G83/><T129/><D6/><U123/><E9/><V86/><F106/><W60/><G59/><T62/><D107/><U118/><E1/><V10/><F105/><W29/><G72/><T42/><D98/><U19/><E123/><V32/><F54/><W12/><G29/><T101/><D101/><U27/><E111/><N who="3" m="42506" /><G12/><T21/><REACH who="0" step="1"/><D42/><REACH who="0" ten="240,250,270,230" step="2"/><U73/><E31/><V16/><F5/><W100/><G100/><T89/><D89/><U4/><E30/><V63/><F40/><W57/><G57/><AGARI ba="0,1" hai="13,18,21,48,53,57,61,62,78,82,87,128,129,131" machi="57" ten="40,5200,0" yaku="1,1,19,1,53,1" doraHai="91" doraHaiUra="74" who="0" fromWho="3" sc="240,62,250,0,270,0,230,-52" /><INIT seed="2,0,0,0,3,20" ten="302,250,270,178" oya="2" hai0="45,111,13,75,84,52,135,125,129,51,67,133,69" hai1="70,28,61,134,24,36,30,91,44,122,106,78,3" hai2="25,57,94,128,26,115,80,21,10,97,49,68,72" hai3="132,35,98,104,103,59,23,110,33,101,60,113,5"/><V114/><F68/><W117/><G117/><T62/><D75/><U126/><E126/><V15/><F128/><W4/><G110/><T131/><D13/><U88/><E134/><N who="0" m="51209" /><D84/><U65/><E3/><V107/><F107/><W89/><G132/><T42/><D111/><U58/><E30/><V81/><F72/><W90/><G113/><T43/><D125/><U64/><E78/><V31/><F115/><W96/><G33/><T32/><D32/><U0/><E0/><V54/><F26/><W12/><G35/><T48/><D43/><U77/><E77/><V87/><F87/><W40/><G40/><T100/><D100/><U18/><E36/><V83/><F114/><W1/><G1/><T16/><D16/><U47/><E18/><V85/><F85/><W19/><G4/><T6/><D6/><U66/><E122/><V7/><REACH who="2" step="1"/><F80/><REACH who="2" ten="302,250,260,178" step="2"/><W82/><G82/><T22/><D22/><U118/><E118/><V71/><F71/><W112/><G112/><T29/><D29/><U41/><E28/><V108/><F108/><W55/><REACH who="3" step="1"/><G5/><REACH who="3" ten="302,250,260,168" step="2"/><T2/><D2/><U92/><E70/><V56/><F56/><AGARI ba="0,2" hai="42,45,48,51,52,56,62,67,69,129,131" m="51209" machi="56" ten="30,7700,0" yaku="20,1,34,2,54,1" doraHai="20" who="0" fromWho="2" sc="302,97,250,0,260,-77,168,0" /><INIT seed="3,0,0,0,2,26" ten="399,250,183,168" oya="3" hai0="41,97,44,89,65,82,35,132,120,113,18,106,39" hai1="49,24,131,86,107,75,117,5,103,99,15,112,124" hai2="78,67,93,27,62,127,72,96,58,83,34,100,129" hai3="61,80,25,118,10,2,76,98,14,85,114,126,43"/><W135/><G114/><T52/><D35/><U101/><E112/><V81/><F129/><W73/><G118/><T105/><D120/><U84/><E75/><V68/><F127/><W90/><G126/><T64/><D132/><U115/><E115/><V28/><REACH who="2" step="1"/><F83/><REACH who="2" ten="399,250,173,168" step="2"/><W133/><G133/><T125/><D82/><U13/><E131/><V104/><F104/><W128/><G135/><T130/><D106/><U111/><E107/><V47/><F47/><W32/><G128/><T53/><D44/><U40/><E124/><V91/><F91/><W116/><G90/><T37/><D89/><U56/><E117/><V23/><F23/><W11/><G80/><T4/><D105/><U66/><E103/><V57/><AGARI ba="0,1" hai="27,28,34,57,58,62,67,68,72,78,81,93,96,100" machi="57" ten="30,4000,0" yaku="1,1,0,1,52,1,53,0" doraHai="26" doraHaiUra="50" who="2" fromWho="2" sc="399,-10,250,-10,173,50,168,-20" /><INIT seed="4,0,0,5,2,37" ten="389,240,223,148" oya="0" hai0="45,76,6,107,78,118,9,30,117,85,72,4,59" hai1="104,111,123,69,130,32,95,13,31,25,11,122,24" hai2="86,0,101,1,27,73,71,91,94,20,99,102,10" hai3="129,113,38,43,103,87,64,84,88,18,133,114,82"/><T7/><D72/><U54/><E104/><V65/><F73/><W128/><G133/><T106/><D30/><U51/><E69/><V44/><F71/><W15/><G64/><T74/><D74/><U39/><E111/><V89/><F65/><W125/><G125/><T124/><D124/><U42/><E25/><V28/><F1/><W35/><G35/><T29/><D29/><U3/><E3/><V8/><F44/><N who="3" m="23671" /><G103/><N who="2" m="39433" /><F0/><W93/><G84/><T77/><D59/><U81/><E31/><V12/><F12/><W131/><G82/><AGARI ba="0,0" hai="8,10,20,27,28,82,86,89,91,94,99" m="39433" machi="82" ten="30,1000,0" yaku="8,1" doraHai="37" who="2" fromWho="3" sc="389,0,240,0,223,10,148,-10" /><INIT seed="5,0,0,2,1,72" ten="389,240,233,138" oya="1" hai0="47,75,104,41,26,132,27,49,43,22,60,24,58" hai1="109,17,53,14,66,65,38,40,105,115,46,123,74" hai2="96,11,81,23,100,88,89,134,52,10,103,31,0" hai3="82,63,28,73,108,64,2,86,67,126,39,68,130"/><U54/><E123/><V83/><F134/><W122/><G122/><T112/><D104/><U34/><E34/><V3/><F31/><W78/><G108/><T127/><D75/><U8/><E105/><V20/><F96/><W131/><G126/><T13/><D112/><U91/><E115/><V12/><F12/><W90/><G39/><T124/><D132/><U125/><E125/><N who="0" m="48201" /><D13/><U4/><E109/><V97/><F97/><W121/><G121/><T117/><D117/><U33/><E33/><V101/><F101/><W107/><G107/><T36/><D43/><U84/><E74/><V1/><F1/><W7/><G28/><N who="0" m="17431" /><D49/><U94/><E4/><V6/><F6/><W37/><G37/><T95/><D95/><U93/><REACH who="1" step="1"/><E94/><REACH who="1" ten="389,230,233,138" step="2"/><V119/><F119/><W77/><G7/><T106/><D106/><U56/><E56/><V19/><F19/><W120/><G120/><T98/><D98/><U21/><E21/><V32/><F32/><W29/><G73/><T50/><D36/><U92/><E92/><V55/><AGARI ba="0,1" hai="0,3,10,11,20,23,52,55,81,83,88,89,100,103" machi="55" ten="25,8000,1" yaku="0,1,22,2,54,2" doraHai="72" who="2" fromWho="2" sc="389,-20,230,-40,233,90,138,-20" /><INIT seed="6,0,0,4,1,74" ten="369,190,323,118" oya="2" hai0="13,20,2,45,16,28,42,23,132,119,108,10,88" hai1="94,91,118,101,44,55,35,106,11,50,105,29,69" hai2="102,46,120,8,3,18,52,75,61,126,60,79,117" hai3="64,6,103,78,121,115,58,24,33,39,68,56,71"/><V34/><F120/><W82/><G121/><T98/><D108/><U48/><E118/><V77/><F34/><W104/><G39/><T65/><D132/><U53/><E69/><V63/><F117/><W51/><G115/><T37/><D119/><U134/><E134/><V9/><F75/><W66/><G6/><T43/><D2/><U36/><E36/><V22/><F126/><W40/><G58/><T38/><D65/><U87/><E29/><V5/><F102/><W57/><G57/><T110/><D110/><U14/><E35/><V32/><F32/><W113/><G113/><T15/><D28/><U41/><E41/><V12/><REACH who="2" step="1"/><F8/><REACH who="2" ten="369,190,313,118" step="2"/><W112/><G112/><T93/><D37/><U49/><E101/><V100/><F100/><W107/><G103/><T85/><D43/><U125/><E125/><V76/><F76/><W80/><G33/><T123/><D123/><U131/><E106/><V97/><F97/><W89/><G107/><T84/><D23/><U128/><E105/><V30/><F30/><W1/><G104/><T135/><D135/><U26/><E11/><V4/><F4/><AGARI ba="0,1" hai="4,10,13,15,16,20,38,42,45,84,85,88,93,98" machi="4" ten="30,3900,0" yaku="7,1,54,2" doraHai="74" who="0" fromWho="2" sc="369,49,190,0,313,-39,118,0" /><INIT seed="7,0,0,2,5,108" ten="418,190,274,118" oya="3" hai0="22,26,45,109,42,55,88,69,43,21,8,51,73" hai1="86,71,47,97,0,63,36,113,89,60,87,59,61" hai2="32,75,101,133,16,92,41,84,122,100,56,10,96" hai3="77,62,65,119,95,130,93,57,44,20,110,76,19"/><W115/><G119/><T33/><D73/><U7/><E71/><V125/><F75/><W116/><G116/><T85/><D69/><U58/><E36/><V103/><F32/><W104/><G104/><T11/><D33/><U82/><E0/><V118/><F118/><W1/><G1/><T102/><D102/><U128/><E128/><V91/><F133/><W23/><G130/><T129/><D129/><U18/><E113/><V132/><F132/><W12/><G110/><T54/><D22/><U126/><E126/><V31/><F125/><W74/><G115/><T9/><D55/><U83/><E97/><V121/><F31/><W5/><G5/><T114/><D114/><U94/><E7/><V127/><F56/><N who="1" m="21545" /><E47/><V15/><F41/><W80/><G77/><T117/><D109/><U66/><E18/><V49/><F49/><W98/><G44/><T99/><D99/><U112/><E112/><V48/><F48/><W28/><REACH who="3" step="1"/><G98/><REACH who="3" ten="418,190,274,108" step="2"/><T17/><D117/><U131/><E131/><V3/><F3/><W120/><G120/><N who="2" m="46185" /><F127/><W107/><G107/><AGARI ba="0,1" hai="10,15,16,84,91,92,96,100,101,103,107" m="46185" machi="107" ten="30,2000,0" yaku="13,1,54,1" doraHai="108" who="2" fromWho="3" sc="418,0,190,0,274,30,108,-20" owari="418,51.8,190,-21.0,304,10.4,88,-41.2" /></mjloggm>