<mjloggm ver="2.3"><GO type="169" lobby="0"/><UN n0="%E3%81%9F%E3%81%8B%E3%81%AF%E3%81%97%E3%81%83%E3%81%83%E3%81%83" n1="%73%65%37%37%65%6E" n2="%E3%81%82%E3%81%9F%E3%81%8B%E3%81%AA" n3="%E6%88%91%E5%8F%AF%E4%BB%A5" dan="16,16,17,16" rate="2140.77,2049.03,2170.24,2114.83" sx="M,M,M,M"/><TAIKYOKU oya="0"/><INIT seed="0,0,0,4,1,76" ten="250,250,250,250" oya="0" hai0="45,13,118,17,61,62,102,43,67,72,54,83,127" hai1="14,129,39,110,95,11,21,16,28,135,22,121,130" hai2="107,2,98,89,113,7,122,126,5,99,33,71,29" hai3="3,119,60,40,90,10,46,6,124,49,80,42,86"/><T8/><D118/><U115/><E39/><V114/><F122/><W20/><G124/><T38/><D127/><U75/><E121/><V131/><F126/><W93/><G119/><T120/><D120/><U56/><E75/><V25/><F131/><N who="1" m="50185" /><E110/><V44/><F71/><W66/><G20/><T57/><D102/><U24/><E56/><V32/><F2/><W0/><G0/><T26/><D26/><N who="1" m="16463" /><E95/><V111/><F111/><W47/><G93/><T123/><D123/><U73/><E73/><V105/><F44/><W31/><G31/><T30/><D30/><N who="1" m="17687" /><E135/><V74/><F74/><W97/><G97/><T65/><REACH who="0" step="1"/><D62/><REACH who="0" ten="240,250,250,250" step="2"/><U81/><E115/><V91/><F29/><W70/><REACH who="3" step="1"/><G46/><REACH who="3" ten="240,250,250,240" step="2"/><T100/><D100/><U1/><E1/><V18/><F25/><W125/><G125/><T106/><D106/><U94/><E94/><V52/><F113/><W53/><AGARI ba="0,2" hai="3,6,10,40,42,47,49,53,60,66,70,80,86,90" machi="53" ten="20,8000,1" yaku="1,1,0,1,7,1,52,1,53,1" doraHai="76" doraHaiUra="34" who="3" fromWho="3" sc="240,-40,250,-20,250,-20,240,100" /><INIT seed="1,0,0,4,3,8" ten="200,230,230,340" oya="1" hai0="6,72,118,59,70,102,30,75,22,7,36,101,55" hai1="90,17,43,16,128,125,32,124,97,69,21,117,108" hai2="11,12,88,122,9,10,92,99,87,35,60,46,56" hai3="24,62,82,5,116,37,68,127,18,41,53,77,123"/><U131/><E69/><V78/><F35/><W121/><G127/><N who="1" m="48714" /><E117/><V48/><F122/><W20/><G5/><T34/><D118/><U49/><E32/><V112/><F112/><W42/><G116/><T44/><D70/><U81/><E17/><V50/><F78/><W28/><G28/><T63/><D34/><U23/><E23/><V40/><F48/><W1/><G1/><T13/><D72/><U84/><E108/><V31/><F31/><W54/><G37/><T86/><D75/><U0/><E0/><V104/><F104/><W58/><G54/><T80/><D36/><U93/><E49/><V107/><F107/><W52/><G53/><T2/><D44/><U133/><E43/><V33/><F33/><W113/><G113/><T27/><D2/><U76/><E133/><V26/><F26/><AGARI ba="0,0" hai="16,21,26,76,81,84,90,93,97,128,131" m="48714" machi="26" ten="30,2900,0" yaku="18,1,54,1" doraHai="8" who="1" fromWho="2" sc="200,0,230,29,230,-29,340,0" /><INIT seed="1,1,0,5,0,16" ten="200,259,201,340" oya="1" hai0="48,27,112,1,35,125,66,5,113,120,52,54,64" hai1="47,39,129,80,85,109,102,95,23,118,15,31,13" hai2="104,69,107,121,88,79,111,26,45,78,108,49,131" hai3="36,133,126,38,93,71,58,24,134,101,40,50,115"/><U117/><E129/><V32/><F69/><W12/><G115/><T28/><D125/><U74/><E74/><V123/><F49/><W91/><G101/><T127/><D127/><U29/><E109/><N who="2" m="42059" /><F45/><W119/><G71/><T62/><D120/><N who="2" m="46154" /><F32/><W96/><G126/><T135/><D135/><U11/><E47/><V90/><F26/><W3/><G36/><T0/><D54/><U106/><E118/><V86/><F131/><W65/><G50/><T99/><D99/><U116/><E117/><V73/><F73/><W51/><G38/><T105/><D105/><N who="2" m="40522" /><F86/><W44/><G24/><T59/><D64/><U43/><E43/><V33/><F33/><W68/><G68/><T75/><D75/><U41/><E41/><V22/><F22/><W19/><G65/><T20/><D35/><U14/><E23/><V84/><F84/><W42/><G40/><T83/><D5/><U21/><E21/><V53/><F53/><W70/><G70/><T63/><D63/><U122/><E39/><V18/><F18/><W61/><G19/><T7/><D7/><U132/><E122/><V94/><F94/><W98/><G93/><T124/><D124/><U114/><E95/><V81/><F81/><W76/><G44/><N who="0" m="27655" /><D83/><U6/><E80/><V8/><F8/><W37/><G42/><T100/><D0/><U67/><E85/><V92/><F92/><W128/><G128/><T82/><D1/><U72/><E72/><V87/><F87/><W25/><G3/><T4/><D4/><U17/><E6/><V97/><F97/><N who="3" m="37483" /><G37/><T10/><D27/><U9/><E17/><RYUUKYOKU ba="1,0" sc="200,-10,259,-10,201,30,340,-10" hai2="78,79,88,90" /><INIT seed="2,2,0,2,0,4" ten="190,249,231,330" oya="2" hai0="55,103,66,124,45,99,10,15,28,33,20,106,100" hai1="37,9,107,16,82,54,71,61,68,8,90,18,84" hai2="87,5,62,79,52,111,91,34,40,50,126,2,115" hai3="129,47,74,125,59,12,17,131,75,43,121,80,132"/><V19/><F115/><W134/><G121/><T127/><D33/><U13/><E37/><V70/><F126/><N who="0" m="48170" /><D66/><U117/><E107/><V51/><F34/><W22/><G59/><T64/><D64/><U95/><E117/><V44/><F111/><W72/><G80/><T7/><D103/><U41/><E41/><V1/><F79/><W57/><G57/><T93/><D106/><U31/><E31/><V135/><F5/><W30/><G30/><T56/><D45/><U73/><E73/><V48/><F19/><W3/><G3/><T0/><D28/><U60/><E68/><V26/><F26/><W113/><G113/><T104/><D104/><U112/><E71/><V76/><F76/><W58/><G58/><T118/><D118/><U49/><E95/><V38/><F135/><N who="3" m="51755" /><G125/><T36/><D36/><AGARI ba="2,0" hai="12,17,22,36,43,47,72,74,75,129,131" m="51755" machi="36" ten="40,1300,0" yaku="20,1" doraHai="4" who="3" fromWho="0" sc="190,-19,249,0,231,0,330,19" /><INIT seed="3,0,0,2,2,58" ten="171,249,231,349" oya="3" hai0="12,133,37,7,22,98,49,0,29,63,97,56,100" hai1="34,135,85,5,38,82,78,84,67,19,115,35,127" hai2="104,71,32,60,26,95,66,45,46,14,121,122,1" hai3="44,15,33,70,76,87,106,59,101,118,77,62,86"/><W30/><G118/><T126/><D37/><U94/><E38/><V6/><F1/><W47/><G15/><T57/><D126/><U9/><E127/><V68/><F104/><W50/><G70/><T132/><D0/><U51/><E135/><V123/><F68/><W124/><G124/><T102/><D7/><U88/><E19/><V18/><F95/><W24/><G101/><T27/><D12/><U134/><E115/><V23/><REACH who="2" step="1"/><F32/><REACH who="2" ten="171,249,221,349" step="2"/><W53/><G106/><T36/><D132/><U73/><E134/><V42/><F42/><W90/><G44/><T91/><D133/><U112/><E112/><V131/><F131/><W107/><G107/><T130/><D130/><U16/><E34/><V92/><F92/><W21/><G33/><T117/><D117/><U111/><E35/><V48/><F48/><W79/><REACH who="3" step="1"/><G90/><REACH who="3" ten="171,249,221,339" step="2"/><T99/><D91/><U54/><E88/><V114/><F114/><W55/><AGARI ba="0,2" hai="21,24,30,47,50,53,55,59,62,76,77,79,86,87" machi="55" ten="30,18000,2" yaku="1,1,2,1,0,1,8,1,52,1,53,1" doraHai="58" doraHaiUra="25" who="3" fromWho="3" sc="171,-60,249,-60,221,-60,339,200" /><INIT seed="3,1,0,1,3,27" ten="111,189,161,539" oya="3" hai0="121,130,0,103,46,71,31,123,55,8,57,25,56" hai1="133,14,111,32,100,5,73,88,28,52,38,9,99" hai2="131,106,18,109,30,129,120,127,51,62,83,37,84" hai3="132,64,39,101,135,35,124,114,78,44,1,85,94"/><W72/><G1/><T77/><D71/><U113/><E73/><V50/><F37/><W66/><G35/><T3/><D130/><N who="2" m="49674" /><F109/><W92/><G114/><T63/><D77/><U17/><E113/><V10/><F106/><W40/><G124/><T7/><D0/><U82/><E38/><V89/><F127/><W21/><G72/><T19/><D103/><U125/><E111/><V58/><F30/><W6/><G6/><T112/><D112/><U48/><E133/><V68/><F68/><W76/><G21/><T86/><D86/><N who="1" m="50263" /><E28/><V11/><F120/><W13/><G39/><T118/><D118/><U60/><E32/><V97/><F97/><W81/><G85/><T36/><D19/><U105/><E5/><V12/><F11/><W43/><G81/><T15/><D3/><U126/><E126/><V128/><F128/><W33/><G33/><T102/><D121/><U65/><E105/><V70/><F70/><W20/><G132/><T87/><D123/><U93/><E125/><V49/><F49/><W29/><G29/><T2/><D2/><U34/><E34/><V80/><F80/><W122/><G135/><T117/><D117/><U98/><E99/><V91/><F91/><W110/><G122/><T47/><D36/><U116/><E116/><V54/><AGARI ba="1,0" hai="10,12,18,50,51,54,58,62,83,84,89" m="49674" machi="54" ten="30,1100,0" yaku="19,1" doraHai="27" who="2" fromWho="2" sc="111,-4,189,-4,161,14,539,-6" /><INIT seed="4,0,0,5,2,101" ten="107,185,175,533" oya="0" hai0="80,123,66,36,31,94,35,1,113,24,0,99,102" hai1="126,48,39,87,14,131,40,72,75,7,23,98,67" hai2="73,91,90,44,61,27,52,124,79,59,89,92,34" hai3="64,106,132,28,118,135,100,122,9,130,128,38,11"/><T70/><D123/><U110/><E110/><V3/><F3/><W45/><G64/><T76/><D36/><U112/><E126/><V57/><F124/><W20/><G118/><T17/><D113/><U103/><E39/><V109/><F109/><W8/><G122/><T49/><D49/><U107/><E67/><V19/><F73/><W115/><G115/><T42/><D42/><U25/><E131/><N who="3" m="50218" /><G45/><T88/><D17/><U93/><E112/><V117/><F79/><W6/><G38/><T120/><D120/><U16/><E93/><V65/><F44/><W82/><G82/><T56/><D56/><U104/><E104/><V63/><F117/><W127/><G6/><T5/><D5/><U125/><E125/><V119/><F119/><W111/><G111/><T84/><D66/><U58/><E87/><V69/><F69/><W71/><G71/><T68/><D68/><U116/><E116/><V4/><F4/><W74/><G74/><T43/><D43/><U12/><E12/><V83/><F83/><W108/><G108/><T50/><D50/><U15/><E15/><V129/><F129/><W97/><G127/><T33/><D70/><U26/><E26/><AGARI ba="0,0" hai="8,9,11,20,26,28,97,100,106,132,135" m="50218" machi="26" ten="40,2600,0" yaku="19,1,52,1" doraHai="101" who="3" fromWho="1" sc="107,0,185,-26,175,0,533,26" /><INIT seed="5,0,0,1,0,48" ten="107,159,175,559" oya="1" hai0="59,114,92,118,20,44,12,133,83,32,16,74,27" hai1="72,105,106,79,71,10,132,122,60,11,80,99,15" hai2="101,91,94,45,89,58,4,84,30,112,35,111,104" hai3="103,41,78,77,24,19,39,66,25,126,17,67,95"/><U119/><E119/><V93/><F111/><W109/><G39/><T2/><D118/><U69/><E122/><V40/><F112/><W130/><G41/><T110/><D110/><U8/><E132/><V29/><F35/><W107/><G107/><T46/><D114/><U120/><E120/><V7/><F101/><W1/><G103/><T56/><D2/><U98/><E15/><V87/><F104/><W117/><G126/><T28/><D133/><U125/><E125/><V6/><REACH who="2" step="1"/><F58/><REACH who="2" ten="107,159,165,559" step="2"/><W53/><G109/><T128/><D59/><U5/><E105/><V108/><F108/><W54/><G117/><T65/><D56/><U0/><E71/><V97/><F97/><W123/><G123/><T13/><D32/><U47/><E106/><V113/><F113/><W34/><G34/><T55/><D128/><U31/><E98/><V85/><F85/><W75/><G130/><T21/><D74/><U131/><E99/><V50/><AGARI ba="0,1" hai="4,6,7,29,30,40,45,50,84,87,89,91,93,94" machi="50" ten="30,7900,0" yaku="1,1,0,1,9,1,8,1,53,0" doraHai="48" doraHaiUra="121" who="2" fromWho="2" sc="107,-20,159,-39,165,89,559,-20" /><INIT seed="6,0,0,0,2,107" ten="87,120,254,539" oya="2" hai0="52,101,96,88,118,67,26,129,21,74,89,82,104" hai1="85,132,58,14,13,125,60,119,116,7,93,40,106" hai2="111,105,64,98,3,54,33,18,128,79,36,48,50" hai3="115,81,76,77,61,68,37,23,12,11,1,49,16"/><V15/><F36/><W38/><G115/><T92/><D129/><U87/><E106/><V135/><F3/><W124/><G124/><T113/><D113/><U27/><E125/><V109/><F33/><W0/><G77/><T57/><D118/><U34/><E7/><V20/><F128/><W73/><G49/><T75/><D67/><U66/><E40/><V8/><F135/><W10/><G0/><T122/><D122/><U95/><E132/><V56/><F64/><W32/><G32/><T41/><D41/><U46/><E46/><V72/><F105/><W69/><G61/><T25/><D25/><U94/><E27/><V35/><F98/><W103/><G103/><T39/><D39/><U99/><E34/><V78/><F35/><W86/><G86/><T112/><D112/><U120/><E120/><V108/><F72/><W63/><G10/><T53/><D53/><U47/><E47/><V31/><F50/><W30/><G30/><T24/><D24/><AGARI ba="0,0" hai="8,15,18,20,24,31,48,54,56,78,79,108,109,111" machi="24" ten="40,2000,0" yaku="10,1" doraHai="107" who="2" fromWho="0" sc="87,-20,120,0,254,20,539,0" /><INIT seed="6,1,0,0,2,65" ten="67,120,274,539" oya="2" hai0="114,125,87,61,71,121,127,44,46,80,86,107,129" hai1="1,59,38,133,68,22,81,10,92,30,28,116,70" hai2="115,66,39,14,56,126,96,64,21,89,52,9,85" hai3="41,111,55,29,72,54,63,88,94,3,42,18,105"/><V51/><F115/><W124/><G111/><T48/><D121/><U75/><E38/><V112/><F112/><W2/><G72/><T77/><D114/><U90/><E116/><V11/><F126/><W98/><G29/><T91/><D107/><U43/><E43/><V60/><F39/><W5/><G105/><T62/><D129/><U102/><E102/><V103/><F103/><W83/><G83/><T109/><D109/><U17/><E59/><V34/><F96/><W99/><G18/><T117/><D117/><U135/><E10/><V119/><F34/><W73/><G73/><T79/><D48/><U132/><E1/><V26/><F14/><W45/><G94/><T6/><D91/><U24/><E30/><N who="2" m="17743" /><F119/><W100/><G100/><T12/><D12/><U76/><E28/><V19/><F19/><W20/><G124/><T128/><D128/><U67/><REACH who="1" step="1"/><E67/><REACH who="1" ten="67,110,274,539" step="2"/><V16/><F64/><W57/><G41/><T101/><D101/><U74/><E74/><V27/><F11/><W33/><G42/><T93/><D93/><U58/><E58/><V13/><F66/><W31/><G57/><T32/><D32/><U4/><E4/><V49/><F27/><W108/><G33/><T95/><D95/><AGARI ba="1,1" hai="9,13,16,49,51,52,56,60,85,89,95" m="17743" machi="95" ten="30,5800,0" yaku="8,1,54,2" doraHai="65" who="2" fromWho="0" sc="67,-61,110,0,274,71,539,0" /><INIT seed="6,2,0,1,2,132" ten="6,110,345,539" oya="2" hai0="32,100,51,101,73,66,49,124,38,120,28,87,108" hai1="47,79,8,55,33,126,50,6,43,23,89,11,45" hai2="53,69,57,67,115,44,119,3,56,36,31,37,99" hai3="127,78,123,71,26,54,41,7,76,113,17,4,109"/><V106/><F3/><W21/><G127/><T29/><D120/><U72/><E33/><V68/><F106/><W91/><G109/><T13/><D108/><U102/><E126/><V52/><F99/><W111/><G111/><T65/><D73/><U110/><E102/><N who="0" m="39529" /><D124/><U103/><E103/><V84/><F84/><W95/><G71/><N who="2" m="27209" /><F31/><N who="0" m="11850" /><D32/><U82/><E23/><V5/><F5/><W35/><G7/><T58/><D38/><N who="2" m="14954" /><F115/><W122/><G113/><T39/><D39/><N who="1" m="21759" /><E11/><V80/><F80/><W20/><G91/><T90/><D58/><N who="2" m="22634" /><F119/><W94/><G35/><T97/><D97/><U85/><E110/><V135/><F135/><W133/><G4/><T70/><D70/><U118/><E85/><V34/><F34/><W25/><G20/><T96/><D96/><U86/><E86/><V18/><F18/><W114/><G17/><T46/><D13/><U64/><E89/><V107/><F107/><W61/><G78/><T12/><D12/><U16/><E118/><V112/><F112/><W131/><G114/><T62/><D62/><U128/><E16/><V10/><F10/><W22/><G25/><T134/><D134/><U19/><E19/><V15/><F15/><W48/><G26/><T83/><D46/><U59/><E47/><V75/><F75/><W42/><G133/><T117/><D117/><U130/><E8/><V27/><F27/><W40/><G22/><T116/><D116/><U9/><E9/><V121/><F121/><W129/><G21/><T93/><D83/><U98/><E6/><V14/><F14/><W2/><G122/><T77/><D77/><RYUUKYOKU ba="2,0" sc="6,30,110,-10,345,-10,539,-10" hai0="49,51,65,66,87,90,93" /><INIT seed="7,3,0,4,0,49" ten="36,100,335,529" oya="3" hai0="46,43,94,126,50,48,24,62,14,34,111,101,45" hai1="7,53,63,40,123,74,135,73,20,88,78,59,130" hai2="47,27,57,18,19,0,81,77,2,61,83,39,64" hai3="103,67,9,92,25,72,116,26,51,119,90,104,76"/><W4/><G67/><T86/><D111/><U56/><E123/><V113/><F113/><W65/><G65/><T112/><D126/><U15/><E130/><V38/><F83/><W85/><G51/><T127/><D127/><U79/><E135/><V32/><F19/><W71/><G71/><T118/><D118/><U80/><E40/><V114/><F114/><W110/><G110/><T82/><D112/><U33/><E33/><V109/><F109/><W69/><G69/><T36/><D62/><U21/><E59/><V30/><F18/><W89/><G89/><T13/><D36/><U41/><E41/><V58/><F58/><W52/><G26/><T95/><D24/><U75/><E88/><V28/><F28/><W10/><G25/><T23/><D34/><U121/><E121/><V96/><F96/><W100/><G104/><T106/><D106/><U134/><E74/><V125/><F125/><W1/><G72/><T42/><D23/><U29/><E20/><V128/><F128/><W37/><G9/><T35/><D35/><U132/><E21/><V22/><F22/><W5/><G10/><T87/><D82/><U115/><E115/><V93/><F93/><W68/><G92/><T84/><D84/><U55/><E80/><V31/><F31/><W54/><G68/><T66/><D66/><U105/><E105/><V133/><F32/><W107/><G107/><T99/><D99/><U97/><E97/><V117/><F30/><W129/><G129/><T3/><D3/><U11/><E73/><V102/><F81/><W131/><G131/><T108/><D108/><RYUUKYOKU ba="3,0" sc="36,30,100,-10,335,-10,529,-10" hai0="13,14,42,43,45,46,48,50,86,87,94,95,101" owari="66,-43.4,90,-31.0,325,12.5,519,61.9" /></mjloggm>