<mjloggm ver="2.3"><GO type="169" lobby="0"/><UN n0="%E3%82%AD%E3%83%AA%E3%83%B3%E3%83%AA%E3%82%AD%E5%BF%AB" n1="%E3%81%AA%E3%81%BE%E3%81%91%E8%80%85" n2="%E7%B4%AB%E3%81%AE%E9%8F%A1" n3="%E3%81%A9%E3%82%89%E3%81%94%E3%82%93%33%2E%30" dan="17,16,18,16" rate="2205.24,2062.01,2204.97,2061.60" sx="M,M,M,M"/><TAIKYOKU oya="0"/><INIT seed="0,0,0,1,1,123" ten="250,250,250,250" oya="0" hai0="14,113,124,3,49,71,25,74,101,64,19,28,87" hai1="92,102,109,13,37,82,60,12,127,34,59,83,36" hai2="133,114,67,103,7,86,116,1,94,5,72,35,100" hai3="23,93,52,104,29,107,120,122,89,0,77,16,21"/><T10/><D113/><U91/><E34/><V76/><F35/><W128/><G0/><T97/><D74/><U112/><E127/><V80/><F67/><W61/><G77/><T85/><D124/><U135/><E135/><V42/><F42/><W55/><G29/><T65/><D3/><U66/><E112/><V50/><F1/><W31/><G31/><T81/><D49/><U78/><E102/><V95/><F50/><W43/><G43/><T57/><D71/><U18/><E109/><V46/><F46/><W33/><G33/><T75/><D75/><U110/><E110/><V24/><F24/><W63/><G128/><T111/><D111/><U117/><E12/><V119/><F5/><W27/><G93/><N who="2" m="35337" /><F7/><W69/><G89/><T56/><D65/><U108/><E117/><N who="2" m="45131" /><F114/><W115/><G115/><T68/><D68/><U51/><E108/><V38/><F38/><W9/><G69/><T2/><D87/><U47/><E78/><N who="2" m="44103" /><F133/><W20/><G27/><T44/><D44/><U132/><E132/><V11/><F11/><W99/><G21/><N who="0" m="15407" /><D64/><U129/><E37/><V70/><F70/><W48/><G48/><T84/><D2/><U26/><E36/><V105/><F105/><W45/><G45/><T121/><D14/><U79/><E66/><V134/><F134/><W4/><G4/><T58/><D58/><U15/><E47/><V54/><F54/><W126/><G126/><T53/><D57/><U125/><E59/><V6/><F6/><W118/><G118/><T40/><D56/><U90/><E125/><V30/><F30/><W22/><G55/><RYUUKYOKU ba="0,0" sc="250,-10,250,-10,250,30,250,-10" hai2="76,86,100,103" /><INIT seed="1,1,0,1,1,79" ten="240,240,280,240" oya="1" hai0="102,46,120,72,82,11,92,118,57,33,88,135,126" hai1="91,86,51,98,17,74,106,69,38,5,130,131,80" hai2="127,83,103,36,67,12,122,115,93,43,2,20,39" hai3="0,119,121,71,95,24,25,132,29,65,58,90,94"/><U77/><E38/><V50/><F122/><W129/><G121/><T104/><D118/><U18/><E69/><V8/><F127/><W1/><G71/><T109/><D126/><U117/><E5/><V15/><F67/><W125/><G125/><T68/><D68/><U108/><E117/><V84/><F2/><W34/><G129/><N who="1" m="49162" /><E51/><V22/><F115/><W42/><G132/><T16/><D120/><U134/><E134/><V75/><F75/><W37/><G119/><T53/><D135/><U63/><E63/><V87/><F50/><W54/><G65/><T123/><D123/><U73/><E73/><V60/><F60/><W26/><G26/><T70/><D70/><U30/><E30/><V100/><F93/><W21/><G42/><T52/><D72/><U10/><E10/><V101/><F101/><W3/><G37/><T107/><D11/><U14/><E14/><V61/><F61/><W113/><G113/><T96/><D16/><U97/><E108/><V40/><F8/><W48/><REACH who="3" step="1"/><G90/><REACH who="3" ten="240,240,280,230" step="2"/><T85/><D109/><U7/><E7/><V62/><F39/><W55/><G55/><T81/><D53/><U44/><E44/><V110/><F36/><W23/><G23/><T111/><D46/><U6/><E6/><V35/><F110/><W66/><G66/><T31/><D111/><U105/><E105/><V19/><F20/><W124/><G124/><T56/><D107/><U128/><E128/><V41/><F22/><W116/><G116/><T112/><D112/><U99/><E106/><V114/><F114/><W89/><G89/><T59/><D52/><RYUUKYOKU ba="1,1" sc="240,10,240,10,280,-30,230,10" hai0="31,33,56,57,59,81,82,85,88,92,96,102,104" hai1="17,18,74,77,80,86,91,97,98,99" hai3="0,1,3,21,24,25,29,34,48,54,58,94,95" /><INIT seed="1,2,1,3,4,26" ten="250,250,250,240" oya="1" hai0="107,22,75,35,128,76,74,101,81,17,130,85,69" hai1="105,50,80,70,45,14,73,61,93,19,21,124,57" hai2="132,116,53,77,119,98,109,113,108,5,102,44,33" hai3="87,72,79,84,68,78,90,125,118,65,91,99,62"/><U31/><E105/><V92/><F5/><W55/><G72/><T97/><D35/><U129/><E129/><N who="0" m="49769" /><D69/><U82/><E124/><V7/><F7/><W112/><G112/><T127/><D127/><U114/><E70/><V39/><F53/><W52/><G125/><T59/><D59/><U100/><E73/><N who="0" m="27657" /><D17/><U25/><E114/><V34/><F77/><W58/><G118/><N who="2" m="45097" /><F132/><W41/><G41/><T83/><D22/><N who="1" m="15799" /><E100/><V15/><F15/><W6/><G6/><T40/><D40/><N who="1" m="24871" /><E93/><V131/><F113/><W60/><G99/><N who="0" m="61887" /><D83/><U110/><E110/><N who="2" m="42603" /><F131/><W38/><G38/><T63/><D63/><U123/><E123/><V36/><F44/><W30/><G68/><T135/><D97/><U88/><E88/><V133/><F133/><AGARI ba="2,1" hai="76,81,85,133,135" m="61887,27657,49769" machi="133" ten="40,5200,0" yaku="19,1,34,2" doraHai="26" who="0" fromWho="2" sc="250,68,250,0,250,-58,240,0" /><INIT seed="2,0,0,2,4,17" ten="318,250,192,240" oya="2" hai0="133,106,48,28,108,110,32,122,12,2,61,81,58" hai1="95,34,93,62,44,128,101,33,87,49,70,42,82" hai2="132,131,129,29,99,112,102,14,23,11,121,65,80" hai3="59,36,9,116,104,92,10,79,25,47,15,5,90"/><V130/><F112/><W91/><G104/><T0/><D122/><U16/><E128/><V67/><F121/><W4/><G116/><T74/><D106/><U27/><E34/><V1/><F132/><W83/><G25/><N who="0" m="18447" /><D48/><U107/><E33/><V113/><F1/><W109/><G109/><N who="0" m="42091" /><D12/><U37/><E37/><V86/><F113/><W71/><G71/><T55/><D133/><U105/><E105/><N who="2" m="63711" /><F29/><W63/><G47/><T50/><D50/><U30/><E30/><V77/><F23/><W120/><G36/><T84/><D74/><U103/><E107/><V39/><F39/><W75/><G92/><N who="1" m="35402" /><E62/><V98/><F98/><W31/><G31/><T41/><D41/><U40/><E70/><V111/><F111/><W35/><G35/><T123/><D123/><U22/><E42/><V38/><F38/><W117/><G117/><T68/><D68/><U18/><E18/><AGARI ba="0,0" hai="11,14,18,65,67,77,80,86,129,130,131" m="63711" machi="18" ten="30,1500,0" yaku="19,1" doraHai="17" who="2" fromWho="1" sc="318,0,250,-15,192,15,240,0" /><INIT seed="2,1,0,2,1,30" ten="318,235,207,240" oya="2" hai0="85,86,95,121,6,42,20,60,124,47,23,104,10" hai1="102,26,115,131,66,93,62,64,84,55,53,4,117" hai2="94,67,99,35,106,113,118,68,65,5,51,72,52" hai3="38,27,101,119,129,33,111,83,43,21,73,0,58"/><V87/><F113/><W91/><G119/><T79/><D121/><U80/><E115/><V14/><F118/><W81/><G101/><T90/><D124/><U50/><E131/><V45/><F72/><W89/><G0/><T56/><D104/><U134/><E134/><V11/><F68/><W12/><G129/><T133/><D133/><U103/><E117/><V105/><F87/><W7/><G111/><T59/><D79/><U130/><E4/><V31/><F106/><W40/><G73/><T46/><D85/><U109/><E109/><V63/><F105/><W74/><G74/><T61/><D56/><U24/><E55/><V3/><F3/><W125/><G125/><T78/><D61/><U44/><E130/><V28/><F35/><W75/><G75/><T69/><D69/><U98/><E102/><N who="2" m="60791" /><F63/><W22/><G33/><T71/><D71/><U16/><E62/><V54/><F54/><W135/><G135/><T49/><D46/><U128/><E128/><V116/><F116/><W41/><G58/><T92/><D92/><U29/><E26/><V57/><F57/><W88/><G38/><T32/><D32/><U120/><E120/><V9/><F9/><N who="3" m="4159" /><G27/><T112/><D78/><U108/><E108/><V96/><F96/><W39/><G39/><T70/><D70/><U1/><E1/><V107/><F107/><W37/><G37/><T34/><D34/><U127/><E127/><V132/><F132/><W123/><G123/><T36/><D36/><U77/><E29/><AGARI ba="1,0" hai="5,11,14,28,29,31,45,51,52,65,67" m="60791" machi="29" ten="30,2900,0" yaku="8,1,54,1" doraHai="30" who="2" fromWho="1" sc="318,0,235,-32,207,32,240,0" /><INIT seed="2,2,0,3,5,122" ten="318,203,239,240" oya="2" hai0="11,63,2,19,113,1,24,60,79,62,4,81,15" hai1="117,132,83,99,115,70,134,130,7,93,124,103,3" hai2="100,35,16,36,48,96,123,42,22,57,39,17,92" hai3="102,73,10,43,27,23,111,58,82,76,30,71,14"/><V50/><F123/><W40/><G71/><T66/><D113/><U128/><E115/><V0/><F35/><W129/><G129/><N who="1" m="49770" /><E70/><V33/><F33/><W105/><G111/><T52/><D66/><U75/><E3/><V126/><F0/><W110/><G110/><T25/><D1/><U28/><E28/><V131/><F131/><W55/><G102/><T56/><D2/><U49/><E7/><V107/><F107/><W12/><G105/><T106/><D106/><U94/><E49/><V18/><F126/><W8/><G12/><T104/><D104/><N who="1" m="63615" /><E117/><V78/><F78/><W101/><G101/><T91/><D91/><U34/><E34/><V38/><F42/><W54/><G10/><T47/><D47/><U95/><E124/><V116/><F116/><W32/><G32/><T86/><REACH who="0" step="1"/><D4/><REACH who="0" ten="308,203,239,240" step="2"/><U9/><E9/><V89/><F89/><W119/><G119/><T90/><D90/><U69/><E69/><V26/><REACH who="2" step="1"/><F57/><REACH who="2" ten="308,203,229,240" step="2"/><W20/><G58/><T85/><D85/><U77/><AGARI ba="2,2" hai="75,77,83,93,94,95,132,134" m="63615,49770" machi="77" ten="40,5200,0" yaku="19,1,34,2" doraHai="122" who="1" fromWho="1" sc="308,-15,203,78,229,-28,240,-15" /><INIT seed="3,0,0,3,2,32" ten="293,281,201,225" oya="3" hai0="52,62,77,130,40,85,8,10,54,17,70,13,91" hai1="38,72,2,43,120,126,36,87,35,104,1,44,4" hai2="15,94,95,9,65,123,80,135,58,60,128,27,16" hai3="30,20,133,6,22,125,129,56,46,34,63,69,76"/><W90/><G69/><T24/><D130/><U18/><E120/><V68/><F128/><W29/><G129/><T19/><D77/><U74/><E35/><V121/><F135/><W78/><G6/><T67/><D40/><U118/><E104/><V97/><F80/><W113/><G113/><T11/><D24/><U131/><E4/><V86/><F86/><W107/><G107/><T37/><D37/><N who="1" m="14443" /><E131/><V116/><F116/><W127/><G133/><T110/><D110/><U64/><E64/><V73/><F73/><N who="1" m="28265" /><E118/><V33/><F68/><W84/><G46/><T98/><D98/><U28/><E28/><V57/><F57/><W89/><G34/><T132/><D132/><U106/><E106/><V45/><F45/><W5/><G5/><T103/><D103/><U92/><E18/><V119/><F119/><W66/><G56/><T21/><REACH who="0" step="1"/><D17/><REACH who="0" ten="283,281,201,225" step="2"/><U39/><E126/><V102/><F27/><W93/><G84/><T124/><D124/><U96/><E87/><V88/><F33/><W59/><G66/><T55/><D55/><U105/><E92/><AGARI ba="0,1" hai="8,10,11,13,19,21,52,54,62,67,70,85,91,92" machi="92" ten="40,2600,0" yaku="1,1,54,1,53,0" doraHai="32" doraHaiUra="99" who="0" fromWho="1" sc="283,36,281,-26,201,0,225,0" /><INIT seed="4,0,0,5,3,85" ten="319,255,201,225" oya="0" hai0="134,33,28,2,75,49,12,0,59,50,44,13,86" hai1="125,34,81,11,18,60,129,4,9,62,83,115,122" hai2="71,8,109,70,36,1,30,74,58,93,48,132,114" hai3="10,17,37,99,100,64,21,87,117,25,14,20,111"/><T108/><D75/><U24/><E122/><V84/><F109/><W31/><G111/><T39/><D134/><U38/><E38/><V123/><F123/><W127/><G37/><T82/><D108/><U29/><E129/><V94/><F74/><W5/><G127/><T128/><D128/><U19/><E125/><V65/><F36/><W61/><G117/><T119/><D119/><U69/><E115/><V88/><F114/><W104/><G87/><T103/><D103/><U52/><E69/><V97/><F132/><W107/><G107/><T54/><D39/><U102/><E102/><V105/><F105/><W72/><G72/><T120/><D120/><U90/><E34/><V40/><F30/><W47/><G47/><T106/><D106/><U56/><E62/><V91/><F40/><W101/><G101/><T76/><D28/><U121/><E81/><V43/><F43/><W6/><REACH who="3" step="1"/><G10/><REACH who="3" ten="319,255,201,215" step="2"/><T46/><D86/><N who="1" m="50527" /><E121/><V77/><F77/><W63/><G63/><T3/><D76/><U78/><E78/><V45/><F45/><W35/><G35/><T15/><D33/><U79/><E79/><V126/><F126/><W80/><G80/><T124/><D124/><U53/><E9/><V51/><F51/><N who="0" m="19466" /><D82/><U41/><E41/><V110/><F110/><W113/><G113/><T57/><D44/><U112/><E112/><V116/><F116/><W131/><G131/><T89/><D46/><U98/><E98/><V118/><F118/><W66/><G66/><T130/><D130/><U68/><E53/><N who="2" m="32039" /><F65/><W7/><G7/><T95/><D54/><U55/><E55/><RYUUKYOKU ba="0,1" sc="319,10,255,-30,201,10,215,10" hai0="0,2,3,12,13,15,57,59,89,95" hai2="1,8,70,71,84,88,91,93,94,97" hai3="5,6,14,17,20,21,25,31,61,64,99,100,104" /><INIT seed="4,1,1,4,3,3" ten="329,225,211,225" oya="0" hai0="89,81,65,78,90,80,6,38,100,67,63,118,95" hai1="13,113,125,31,57,84,4,92,22,48,18,88,73" hai2="47,64,79,135,43,114,102,101,106,16,82,104,75" hai3="119,5,15,2,26,51,83,77,8,50,37,30,109"/><T134/><D118/><U55/><E125/><V133/><F64/><W40/><G109/><T126/><D126/><U9/><E113/><V93/><F16/><W42/><G119/><T96/><D134/><N who="2" m="51210" /><F47/><N who="3" m="23951" /><G42/><T29/><D38/><U45/><E73/><V103/><F43/><W52/><G15/><T117/><D117/><U112/><E112/><V58/><F58/><W76/><G76/><T121/><D121/><U24/><E45/><V94/><F114/><W120/><G120/><T36/><D36/><U127/><E127/><V25/><F25/><W85/><G85/><T11/><D29/><AGARI ba="1,1" hai="4,9,13,18,22,24,29,31,48,55,57,84,88,92" machi="29" ten="40,5200,0" yaku="8,1,52,1,54,1" doraHai="3" who="1" fromWho="0" sc="329,-55,225,65,211,0,225,0" /><INIT seed="5,0,0,0,0,106" ten="274,290,211,225" oya="1" hai0="54,127,126,95,133,20,110,92,71,107,86,111,44" hai1="62,117,103,3,112,118,11,59,14,79,121,88,18" hai2="23,124,58,91,101,78,128,48,73,83,65,125,38" hai3="21,9,104,64,97,90,129,89,52,61,132,42,37"/><U134/><E121/><V93/><F38/><W1/><G129/><T120/><D71/><U35/><E35/><V34/><F34/><W84/><G132/><T80/><D20/><U53/><E134/><V55/><F128/><W27/><G1/><T8/><D8/><U75/><E112/><V7/><F7/><W108/><G108/><N who="0" m="41515" /><D54/><U105/><E3/><V33/><F33/><W98/><G9/><T51/><D51/><U13/><E103/><V31/><F101/><W76/><G42/><T49/><D49/><U56/><E105/><V12/><F65/><W81/><G37/><T24/><D24/><U113/><E113/><V36/><F36/><W43/><G43/><T82/><D44/><U47/><E47/><V30/><F30/><W102/><G98/><T22/><D22/><U2/><E2/><V115/><F115/><W74/><G84/><T39/><D39/><U67/><E14/><V28/><F28/><W94/><G104/><T19/><D19/><U99/><E99/><V10/><F31/><W119/><G119/><T50/><D50/><U122/><E122/><V72/><F23/><W66/><G90/><N who="0" m="51527" /><D107/><U96/><E59/><V40/><F40/><W0/><G0/><T63/><D63/><U116/><E67/><V26/><F26/><W41/><G41/><T100/><D133/><U69/><E69/><V17/><F72/><W109/><G109/><T25/><D120/><U6/><E6/><V15/><F15/><W85/><G61/><T114/><D114/><U32/><E118/><V29/><F29/><N who="3" m="17647" /><G52/><T130/><D130/><U135/><E116/><RYUUKYOKU ba="0,0" sc="274,-15,290,-15,211,15,225,15" hai2="10,12,17,48,55,58,73,78,83,91,93,124,125" hai3="64,66,74,76,81,85,89,94,97,102" /><INIT seed="6,1,0,2,4,27" ten="259,275,226,240" oya="2" hai0="125,69,96,26,41,80,85,106,75,123,135,88,130" hai1="128,72,43,114,122,98,116,67,56,5,64,3,39" hai2="1,23,44,9,70,78,2,32,55,86,81,36,82" hai3="15,58,121,17,105,30,108,113,112,53,102,38,7"/><V21/><F32/><W46/><G108/><T131/><D69/><U62/><E116/><V68/><F36/><W33/><G121/><T40/><D123/><U132/><E72/><V89/><F68/><W13/><G7/><T77/><D125/><U133/><E5/><V10/><F70/><W48/><G105/><T52/><D135/><N who="1" m="51787" /><E3/><V74/><F1/><W11/><G102/><N who="0" m="62791" /><D26/><U79/><E79/><V19/><F2/><W24/><G15/><T50/><D77/><U37/><E98/><V66/><F66/><W28/><G28/><T54/><D75/><U31/><E31/><V97/><F97/><W120/><G120/><T71/><D71/><N who="1" m="42391" /><E122/><V12/><REACH who="2" step="1"/><F9/><REACH who="2" ten="259,275,216,240" step="2"/><W87/><G38/><T100/><D100/><U6/><E67/><V119/><F119/><W126/><G126/><T76/><D131/><U90/><E39/><V65/><F65/><W63/><REACH who="3" step="1"/><G87/><REACH who="3" ten="259,275,216,230" step="2"/><T92/><D85/><U59/><E37/><V34/><F34/><W29/><G29/><T109/><D130/><U91/><E128/><V42/><F42/><AGARI ba="1,2" hai="11,13,17,24,30,33,42,46,48,53,58,63,112,113" machi="42" ten="40,2600,0" yaku="1,1,52,1,53,0" doraHai="27" doraHaiUra="95" who="3" fromWho="2" sc="259,0,275,0,216,-29,230,49" /><INIT seed="7,0,0,2,2,0" ten="259,275,187,279" oya="3" hai0="109,65,76,1,85,51,118,11,70,94,87,47,39" hai1="6,126,134,7,121,119,41,42,2,73,103,49,102" hai2="26,106,83,10,53,75,77,117,101,37,23,96,95" hai3="71,80,14,112,5,19,69,135,45,29,28,16,93"/><W124/><G80/><T68/><D109/><U22/><E121/><V92/><F117/><W52/><G93/><T98/><D118/><U116/><E2/><V72/><F37/><W74/><G74/><N who="2" m="28201" /><F53/><W90/><G90/><T46/><D39/><U61/><E73/><N who="2" m="43439" /><F10/><N who="3" m="4431" /><G112/><T125/><D125/><U8/><E8/><V59/><F23/><W108/><G135/><T3/><D11/><U34/><E22/><V133/><F26/><W111/><G124/><T105/><D94/><N who="2" m="35882" /><F59/><W32/><G32/><T33/><D51/><U67/><E34/><V110/><F133/><W84/><G84/><T43/><D65/><U35/><E35/><V56/><F56/><W54/><G45/><T15/><D33/><U25/><E134/><V81/><F110/><N who="3" m="42027" /><G52/><T113/><D43/><U62/><E126/><V12/><F12/><W30/><G54/><T17/><D15/><U38/><E38/><V97/><F81/><W120/><G120/><T100/><D46/><U86/><E49/><V127/><F127/><W123/><G123/><T20/><D47/><U104/><E67/><V9/><F9/><W79/><G79/><T132/><D76/><U55/><E55/><V88/><F96/><W13/><G13/><N who="0" m="9263" /><D132/><U44/><E44/><V99/><F99/><W78/><G78/><T48/><D48/><U82/><E82/><V4/><F4/><W64/><G64/><T36/><D36/><U131/><E116/><V50/><F50/><W40/><G40/><T130/><D1/><U128/><E119/><V58/><F58/><W122/><G122/><T21/><D3/><U114/><E42/><RYUUKYOKU ba="0,0" sc="259,-15,275,-15,187,15,279,15" hai2="88,97,101,106" hai3="16,19,28,29,30,69,71" /><INIT seed="7,1,0,4,5,2" ten="244,260,202,294" oya="3" hai0="63,117,16,52,79,110,123,43,20,93,31,97,118" hai1="17,111,65,39,45,22,55,84,46,60,54,133,116" hai2="69,83,27,36,1,73,91,26,125,6,10,19,132" hai3="42,9,101,98,75,135,71,100,127,29,5,128,33"/><W57/><G100/><T74/><D123/><U131/><E111/><V86/><F69/><W105/><G57/><T72/><D110/><U76/><E131/><V7/><F36/><W124/><G128/><T47/><D31/><U51/><E133/><V114/><F132/><W81/><G42/><T90/><D79/><U21/><E116/><V102/><F114/><W23/><G23/><T103/><D103/><U3/><E3/><V30/><F125/><N who="3" m="48203" /><G71/><T0/><D0/><U35/><E35/><V24/><F102/><W96/><G96/><T8/><D8/><U113/><E22/><V44/><F44/><W68/><G68/><T66/><D118/><U95/><E45/><V120/><F120/><W15/><G135/><T59/><D66/><U53/><E39/><V37/><F37/><W119/><G119/><T85/><D117/><U18/><E18/><V106/><F106/><W107/><G105/><T129/><D97/><U14/><E113/><V49/><F49/><W12/><G12/><T64/><D64/><U108/><E108/><V99/><F99/><W13/><G13/><T40/><D129/><U38/><E38/><V34/><F6/><W11/><G11/><T115/><D115/><U134/><E134/><V67/><F67/><W28/><G33/><T92/><D43/><U62/><E65/><V61/><F61/><N who="1" m="23657" /><E95/><V50/><F50/><W121/><G121/><T112/><D93/><U48/><E48/><V70/><F70/><W41/><G41/><T25/><D112/><U88/><E76/><AGARI ba="1,0" hai="5,9,15,28,29,75,76,81,98,101,107" m="48203" machi="76" ten="30,2900,0" yaku="18,1,52,1" doraHai="2" who="3" fromWho="1" sc="244,0,260,-32,202,0,294,32" owari="244,4.4,228,-17.2,202,-29.8,326,42.6" /></mjloggm>