<mjloggm ver="2.3"><GO type="169" lobby="0"/><UN n0="%E3%81%B3%E3%82%8D%E3%81%B4%E3%82%8D" n1="%6C%75%6E%61%32%33%34%35" n2="%E7%AE%B1%E4%B8%8B%E3%81%AE%E3%82%B1%E3%83%B3%E5%9D%8A" n3="%33%30%63%6D%33%30%63%6D" dan="16,16,16,17" rate="2162.90,2088.55,2146.64,2147.17" sx="M,F,M,M"/><TAIKYOKU oya="0"/><INIT seed="0,0,0,5,3,24" ten="250,250,250,250" oya="0" hai0="0,125,82,96,6,38,63,47,35,10,86,43,37" hai1="97,102,64,99,79,116,25,48,17,132,108,128,56" hai2="89,104,105,90,22,19,1,69,123,61,58,87,62" hai3="85,76,11,135,98,7,88,122,53,93,21,3,51"/><T117/><D117/><U81/><E108/><V54/><F1/><W111/><G111/><T45/><D125/><U14/><E132/><V134/><F134/><W59/><G135/><T50/><D35/><U130/><E116/><V34/><F34/><W75/><G122/><T78/><D47/><U92/><E97/><V95/><F123/><W126/><G126/><T113/><D113/><U60/><E48/><V73/><F73/><W4/><G4/><T74/><D74/><U40/><E40/><V29/><F69/><W23/><G75/><T120/><D120/><U72/><REACH who="1" step="1"/><E25/><REACH who="1" ten="250,240,250,250" step="2"/><V57/><F104/><W26/><G26/><T5/><D96/><U77/><E77/><V114/><F105/><W107/><REACH who="3" step="1"/><G76/><REACH who="3" ten="250,240,250,240" step="2"/><T36/><D5/><U131/><E131/><V100/><F114/><W66/><G66/><T16/><REACH who="0" step="1"/><D63/><REACH who="0" ten="240,240,250,240" step="2"/><U27/><E27/><N who="2" m="16631" /><F62/><W20/><G20/><AGARI ba="0,3" hai="14,17,20,56,60,64,72,79,81,92,99,102,128,130" machi="20" ten="40,1300,0" yaku="1,1,53,0" doraHai="24" doraHaiUra="84" who="1" fromWho="3" sc="240,0,240,43,250,0,240,-13" /><INIT seed="1,0,0,5,3,92" ten="240,283,250,227" oya="1" hai0="24,130,116,23,91,5,82,16,134,80,66,122,44" hai1="18,69,14,36,126,109,94,7,105,3,30,17,75" hai2="55,32,78,133,8,46,84,115,25,22,120,86,51" hai3="132,129,111,89,42,112,131,72,128,79,11,52,19"/><U45/><E126/><V117/><F120/><W104/><G112/><T114/><D116/><U60/><E105/><V68/><F117/><W110/><G42/><T74/><D114/><U108/><E75/><V33/><F115/><W47/><G79/><T29/><D122/><U87/><E30/><V102/><F68/><W71/><G71/><T81/><D134/><U2/><E36/><V83/><F133/><W123/><G123/><T21/><D130/><U41/><E17/><V64/><F64/><W48/><G72/><T106/><D106/><U63/><E7/><V107/><F8/><W49/><G49/><T54/><D66/><U67/><E60/><V119/><F119/><W26/><G132/><T59/><D44/><U101/><E101/><V10/><F10/><W97/><G26/><T13/><D5/><U38/><E87/><V34/><F84/><W70/><G70/><T61/><REACH who="0" step="1"/><D74/><REACH who="0" ten="230,283,250,227" step="2"/><U6/><E6/><V99/><REACH who="2" step="1"/><F34/><REACH who="2" ten="230,283,240,227" step="2"/><W1/><G128/><T103/><D103/><U100/><E100/><V113/><F113/><W15/><G129/><T88/><AGARI ba="0,2" hai="13,16,21,23,24,29,54,59,61,80,81,82,88,91" machi="88" ten="30,12000,2" yaku="1,1,0,1,8,1,54,2,53,1" doraHai="92" doraHaiUra="12" who="0" fromWho="0" sc="230,140,283,-60,240,-30,227,-30" /><INIT seed="2,0,0,2,4,18" ten="370,223,210,197" oya="2" hai0="34,10,36,4,71,94,91,84,69,49,116,77,104" hai1="125,15,86,99,115,83,12,33,51,42,44,43,5" hai2="101,105,45,128,110,93,131,87,107,46,90,31,119" hai3="103,21,81,132,29,63,97,7,124,117,0,114,67"/><V24/><F119/><W92/><G114/><T100/><D36/><U2/><E125/><V79/><F79/><W47/><G124/><T85/><D34/><U112/><E33/><V38/><F110/><W19/><G132/><T96/><D116/><U54/><E2/><V58/><F58/><N who="3" m="37367" /><G0/><T27/><D77/><U72/><E72/><V65/><F65/><W14/><G81/><T73/><D73/><U66/><E66/><V30/><F30/><W133/><G133/><T88/><D27/><U98/><E112/><V80/><F80/><W3/><G3/><T8/><D49/><U40/><E115/><V23/><F101/><W35/><G35/><T121/><D121/><U123/><E123/><V70/><F70/><W50/><G7/><T57/><D57/><U41/><N who="1" m="10240" /><DORA hai="134" /><U120/><E120/><V82/><F82/><W56/><G47/><N who="2" m="17929" /><F38/><W89/><G117/><T37/><D37/><U32/><E32/><V39/><F39/><W68/><G68/><T11/><D4/><U130/><E130/><AGARI ba="0,0" hai="23,24,31,87,90,93,105,107,128,130,131" m="17929" machi="130" ten="30,2900,0" yaku="19,1,52,1" doraHai="18,134" who="2" fromWho="1" sc="370,0,223,-29,210,29,197,0" /><INIT seed="2,1,0,1,2,2" ten="370,194,239,197" oya="2" hai0="56,129,36,114,128,27,120,50,105,93,14,9,89" hai1="72,26,31,110,63,133,39,62,74,101,25,82,20" hai2="109,68,47,94,99,86,10,44,29,126,33,78,131" hai3="108,118,135,115,71,121,28,34,64,12,59,67,43"/><V37/><F68/><W35/><G28/><T1/><D120/><U8/><E110/><V122/><F122/><W134/><G12/><T6/><D114/><U83/><E133/><V102/><F131/><N who="0" m="50250" /><D36/><U21/><E101/><V88/><F126/><W52/><G59/><T107/><D27/><U81/><E39/><V0/><F109/><W11/><G11/><N who="0" m="2511" /><D50/><U119/><E8/><V32/><F78/><W75/><G75/><T61/><D89/><U87/><E87/><V106/><F29/><W73/><G115/><T58/><D93/><U54/><E119/><V124/><F124/><W100/><G118/><T90/><D90/><U38/><E38/><V70/><F70/><W95/><G71/><T85/><D85/><U132/><E132/><V112/><F112/><W16/><G95/><T3/><D3/><U53/><E81/><V130/><F130/><W111/><G121/><T30/><D30/><AGARI ba="1,0" hai="20,21,25,26,30,31,53,54,62,63,72,74,82,83" machi="30" ten="25,1600,0" yaku="22,2" doraHai="2" who="1" fromWho="0" sc="370,-19,194,19,239,0,197,0" /><INIT seed="3,0,0,2,3,3" ten="351,213,239,197" oya="3" hai0="79,18,76,49,77,116,124,56,35,123,7,74,90" hai1="66,50,59,43,129,12,68,130,1,6,135,39,42" hai2="84,55,63,28,2,14,62,24,127,117,21,13,69" hai3="87,5,113,102,61,73,121,25,126,48,71,96,119"/><W46/><G113/><T40/><D116/><U53/><E1/><V128/><F117/><W29/><G73/><T51/><D123/><U85/><E85/><V103/><F2/><W8/><G126/><T19/><D35/><U67/><E12/><V120/><F128/><N who="1" m="49257" /><E6/><V65/><F127/><W27/><G71/><T82/><D124/><U47/><E135/><V91/><F103/><W106/><G61/><T114/><D114/><U31/><E31/><V58/><REACH who="2" step="1"/><F120/><REACH who="2" ten="351,213,229,197" step="2"/><W81/><G121/><T9/><D74/><U52/><E68/><V86/><F86/><W16/><G119/><T36/><D77/><U23/><E23/><V95/><AGARI ba="0,1" hai="13,14,21,24,28,55,58,62,63,65,69,84,91,95" machi="95" ten="20,2700,0" yaku="1,1,0,1,7,1,53,0" doraHai="3" doraHaiUra="131" who="2" fromWho="2" sc="351,-7,213,-7,229,37,197,-13" /><INIT seed="4,0,0,2,5,72" ten="344,206,266,184" oya="0" hai0="33,43,112,82,53,35,69,24,84,133,49,20,103" hai1="109,125,113,70,76,40,75,62,18,86,7,89,105" hai2="132,78,3,119,73,117,55,27,65,61,68,15,23" hai3="94,134,17,37,2,10,6,97,47,38,14,77,80"/><T56/><D69/><U71/><E109/><V135/><F3/><W39/><G134/><N who="2" m="51241" /><F15/><W124/><G124/><T93/><D112/><U26/><E125/><V131/><F55/><W101/><G47/><T4/><D133/><U120/><E120/><V122/><F122/><W12/><REACH who="3" step="1"/><G17/><REACH who="3" ten="344,206,266,174" step="2"/><T91/><D4/><U130/><E7/><V0/><F119/><W114/><G114/><T99/><D43/><U118/><E18/><AGARI ba="0,1" hai="18,20,24,33,35,49,53,56,82,84,91,93,99,103" machi="18" ten="30,1500,0" yaku="7,1" doraHai="72" who="0" fromWho="1" sc="344,25,206,-15,266,0,174,0" /><INIT seed="4,1,0,0,2,43" ten="369,191,266,174" oya="0" hai0="29,118,19,56,72,131,53,61,65,64,77,87,121" hai1="27,38,81,120,59,102,14,46,126,125,66,107,128" hai2="41,101,122,21,86,114,130,127,78,16,93,119,133" hai3="113,88,91,3,8,108,18,90,33,103,26,11,117"/><T84/><D118/><U40/><E120/><V50/><F122/><W63/><G108/><T75/><D121/><U6/><E128/><V68/><F114/><W129/><G113/><T37/><D37/><U47/><E27/><V92/><F68/><W57/><G129/><T36/><D36/><U49/><E107/><V30/><F130/><W15/><G103/><T79/><D131/><U96/><E81/><V39/><F39/><W28/><G117/><T124/><D124/><N who="1" m="47723" /><E6/><V23/><F133/><W111/><G111/><T54/><D29/><U83/><E14/><V95/><F119/><W132/><G132/><T60/><D56/><U135/><E83/><N who="2" m="47479" /><F101/><W58/><REACH who="3" step="1"/><G63/><REACH who="3" ten="369,191,266,164" step="2"/><T44/><D75/><U62/><E135/><V22/><F127/><W104/><G104/><T51/><D72/><U80/><E102/><V73/><F73/><W67/><G67/><T32/><D61/><U10/><E66/><V106/><F106/><W20/><G20/><T2/><D60/><U4/><E62/><V100/><F100/><W12/><G12/><T94/><D64/><U116/><E116/><V48/><F30/><W98/><G98/><T9/><D65/><U85/><E96/><V34/><F23/><W70/><G70/><T45/><D32/><U97/><E97/><V105/><F34/><W112/><G112/><T0/><D0/><U123/><E123/><V13/><F105/><W76/><G76/><T115/><D2/><U25/><E25/><V17/><F13/><W24/><G24/><T109/><D115/><U82/><E10/><V42/><F21/><W69/><G69/><RYUUKYOKU ba="1,1" sc="369,-10,191,-10,266,-10,164,30" hai3="3,8,11,15,18,26,28,33,57,58,88,90,91" /><INIT seed="5,2,1,0,0,64" ten="359,181,256,194" oya="1" hai0="132,86,122,78,63,12,129,92,71,118,54,124,94" hai1="49,135,29,17,68,26,3,66,34,83,10,23,76" hai2="19,75,1,119,32,16,98,120,22,9,74,15,37" hai3="115,100,8,101,106,5,11,105,77,89,112,127,13"/><U126/><E126/><V33/><F37/><W47/><G127/><T45/><D124/><U38/><E135/><V103/><F119/><W4/><G89/><T25/><D118/><U28/><E38/><V111/><F111/><W53/><G53/><T14/><D71/><U95/><E95/><V51/><F120/><W116/><G116/><T48/><D132/><U35/><E29/><V30/><F51/><W130/><G47/><T102/><D129/><U59/><E59/><V99/><F99/><W24/><G24/><T131/><D131/><U42/><E49/><V57/><F57/><W46/><G77/><T80/><D122/><U7/><E42/><V20/><F20/><W6/><G46/><T43/><D25/><U91/><E91/><V85/><F85/><W2/><G6/><T27/><D27/><U113/><E113/><N who="3" m="43594" /><G130/><T97/><D94/><U62/><REACH who="1" step="1"/><E28/><REACH who="1" ten="359,171,256,194" step="2"/><V134/><F30/><W110/><G110/><T65/><D43/><U114/><E114/><V96/><F134/><W69/><G69/><T125/><D125/><U93/><E93/><V87/><F103/><AGARI ba="2,2" hai="2,4,5,8,11,13,100,101,103,105,106" m="43594" machi="103" ten="30,1000,0" yaku="15,1" doraHai="64" who="3" fromWho="2" sc="359,0,171,0,256,-16,194,36" /><INIT seed="6,0,0,1,0,121" ten="359,171,240,230" oya="2" hai0="34,69,23,73,107,97,60,26,89,126,24,12,75" hai1="70,28,109,65,22,57,32,102,95,62,116,133,79" hai2="51,106,103,98,68,38,87,35,31,96,82,114,21" hai3="43,93,1,39,117,131,27,108,110,101,134,49,64"/><V5/><F38/><W4/><G117/><T85/><D12/><U129/><E116/><V123/><F123/><W125/><G64/><T124/><D34/><U76/><E133/><V55/><F68/><W50/><G39/><T115/><D115/><U11/><E129/><V42/><F114/><W66/><G66/><N who="0" m="41159" /><D97/><U3/><E109/><V40/><F35/><W128/><G125/><N who="0" m="48235" /><D107/><U135/><E135/><V77/><F5/><W53/><G53/><T33/><D33/><U92/><E32/><V74/><F98/><W36/><G36/><T118/><D118/><U63/><E3/><V0/><F0/><W47/><G47/><T94/><D24/><U19/><E11/><V111/><F111/><W7/><G43/><T104/><D104/><U25/><E19/><AGARI ba="0,0" hai="19,23,26,73,75,85,89,94" m="48235,41159" machi="19" ten="30,1000,0" yaku="18,1" doraHai="121" who="0" fromWho="1" sc="359,10,171,-10,240,0,230,0" /><INIT seed="7,0,0,1,5,112" ten="369,161,240,230" oya="3" hai0="94,45,134,81,51,89,16,12,70,80,7,40,126" hai1="85,25,96,82,115,63,86,127,38,72,26,10,88" hai2="119,58,107,56,36,69,117,95,100,108,62,47,120" hai3="74,55,64,103,53,42,44,28,20,114,128,77,125"/><W59/><G114/><T78/><D70/><U123/><E127/><V4/><F107/><W129/><G103/><T104/><D104/><U118/><E123/><V48/><F4/><W35/><G35/><T132/><D7/><U19/><E115/><V14/><F14/><W133/><G133/><N who="0" m="51307" /><D78/><U124/><E124/><V8/><F8/><W105/><G105/><T3/><D3/><U50/><E38/><V122/><F95/><W11/><G11/><N who="0" m="6175" /><D126/><U39/><E39/><V23/><F23/><W110/><G110/><T102/><D102/><U90/><E72/><V24/><F24/><W113/><G125/><T61/><D61/><U2/><E96/><AGARI ba="0,0" hai="40,45,51,80,81,89,94,96" m="6175,51307" machi="96" ten="30,2000,0" yaku="20,1,54,1" doraHai="112" who="0" fromWho="1" sc="369,20,161,-20,240,0,230,0" owari="389,48.9,141,-35.9,240,4.0,230,-17.0" /></mjloggm>