<mjloggm ver="2.3"><GO type="169" lobby="0"/><UN n0="%46%75%4B%61" n1="%74%61%6B%61%74%6F%72%69" n2="%6B%73%77%72%74" n3="%E3%83%80%E3%83%95%E3%83%88%E3%83%91%E3%83%B3%E3%83%84" dan="16,16,16,17" rate="2088.06,2035.32,2127.43,2179.21" sx="M,M,M,M"/><TAIKYOKU oya="0"/><INIT seed="0,0,0,2,4,51" ten="250,250,250,250" oya="0" hai0="56,6,127,48,52,37,23,86,7,116,135,46,67" hai1="78,16,98,81,20,65,110,122,82,111,55,119,18" hai2="1,128,87,38,28,104,115,10,70,126,97,13,93" hai3="61,88,27,21,95,36,42,40,120,9,29,69,4"/><T118/><D127/><U129/><E119/><V64/><F115/><W11/><G120/><T92/><D135/><U68/><E122/><V71/><F38/><W15/><G36/><T72/><D72/><U0/><E0/><V63/><F1/><W39/><G39/><T121/><D121/><U134/><E129/><V31/><F128/><W94/><G94/><T43/><D67/><U54/><E98/><V41/><F41/><W32/><G32/><T124/><D124/><U113/><E113/><V114/><F114/><W49/><G11/><T3/><D23/><U89/><E89/><V75/><F75/><W133/><G133/><T99/><D86/><U47/><E47/><V117/><F117/><W66/><REACH who="3" step="1"/><G49/><REACH who="3" ten="250,250,250,240" step="2"/><T45/><D45/><U60/><E134/><V108/><F126/><W73/><G73/><T62/><D37/><U132/><E132/><V17/><F93/><W107/><G107/><T106/><D106/><U125/><E125/><V96/><F104/><W130/><G130/><T74/><D74/><N who="1" m="43223" /><E82/><V22/><F10/><W34/><G34/><T105/><D105/><U26/><E18/><V8/><F17/><W59/><G59/><T2/><D116/><U103/><E103/><V35/><F35/><W33/><G33/><T50/><D118/><U76/><E76/><V44/><F8/><W77/><G77/><T24/><D50/><U109/><AGARI ba="0,1" hai="16,20,26,54,55,60,65,68,109,110,111" m="43223" machi="109" ten="30,7900,0" yaku="14,1,52,2,54,1" doraHai="51" who="1" fromWho="1" sc="250,-39,250,89,250,-20,240,-20" /><INIT seed="1,0,0,4,2,65" ten="211,339,230,220" oya="1" hai0="60,8,26,69,45,135,86,111,80,53,90,107,68" hai1="22,84,75,43,28,89,7,57,92,15,119,114,38" hai2="55,36,1,121,14,95,132,123,17,50,122,71,129" hai3="100,125,127,97,124,5,4,93,70,85,61,134,23"/><U6/><E114/><V24/><F129/><W106/><G134/><T46/><D135/><U33/><E33/><V104/><F104/><W34/><G34/><T54/><D107/><U3/><E3/><V126/><F126/><W51/><G51/><T118/><D118/><U74/><E119/><V76/><F132/><W39/><G39/><T102/><D102/><U47/><E57/><V101/><F1/><W110/><G110/><T77/><D111/><U10/><REACH who="1" step="1"/><E6/><REACH who="1" ten="211,329,230,220" step="2"/><V96/><F121/><W16/><G4/><T21/><D45/><U31/><E31/><V48/><F122/><W83/><G5/><T12/><D46/><U128/><E128/><V52/><F123/><W0/><G0/><T115/><D115/><U49/><E49/><V37/><F50/><W20/><G61/><T87/><D60/><U9/><E9/><V44/><F48/><W59/><G59/><T105/><D8/><U133/><E133/><V2/><F44/><W78/><G23/><T98/><D26/><AGARI ba="0,1" hai="7,10,15,22,26,28,38,43,47,74,75,84,89,92" machi="26" ten="40,3900,0" yaku="1,1,53,1" doraHai="65" doraHaiUra="42" who="1" fromWho="0" sc="211,-39,329,49,230,0,220,0" /><INIT seed="1,1,0,4,0,19" ten="172,378,230,220" oya="1" hai0="115,50,39,128,40,6,56,76,59,73,55,125,78" hai1="82,58,45,62,36,66,16,5,10,11,117,119,67" hai2="80,1,90,97,30,71,4,0,43,27,96,122,95" hai3="47,112,9,84,93,61,20,8,86,89,7,18,46"/><U75/><E67/><V123/><F71/><W64/><G112/><T14/><D125/><U132/><E132/><V134/><F134/><W42/><G86/><T31/><D128/><U52/><E10/><V51/><F80/><W54/><G54/><T124/><D124/><U33/><E33/><V118/><F118/><W135/><G135/><T68/><D115/><U101/><E101/><V38/><F38/><W103/><G103/><T104/><D104/><U65/><E65/><V107/><F107/><W131/><G131/><T63/><D31/><U116/><E66/><V60/><F96/><W49/><G46/><T130/><D68/><U74/><E82/><V108/><F60/><W70/><REACH who="3" step="1"/><G7/><REACH who="3" ten="172,378,230,210" step="2"/><T35/><D6/><U24/><E5/><V92/><F4/><W37/><G37/><T22/><D39/><U3/><E75/><V32/><F122/><W25/><AGARI ba="1,1" hai="8,9,18,20,25,42,47,49,61,64,70,84,89,93" machi="25" ten="20,5200,0" yaku="1,1,0,1,7,1,52,1,53,0" doraHai="19" doraHaiUra="72" who="3" fromWho="3" sc="172,-14,378,-27,230,-14,210,65" /><INIT seed="2,0,0,1,4,11" ten="158,351,216,275" oya="2" hai0="3,91,90,128,24,46,99,37,56,26,40,125,8" hai1="45,51,31,36,0,100,118,130,109,10,85,111,38" hai2="43,123,103,78,121,52,101,96,49,23,114,93,107" hai3="92,97,134,81,54,55,119,4,64,18,89,25,53"/><V65/><F114/><W76/><G119/><T63/><D125/><U13/><E118/><V127/><F127/><W77/><G134/><T69/><D128/><U86/><E0/><V80/><F43/><W1/><G1/><T19/><D69/><U70/><E70/><V2/><F2/><W124/><G124/><T7/><D19/><U115/><E115/><V44/><F65/><W94/><G64/><T67/><D99/><U47/><E31/><V20/><F103/><W9/><G4/><T15/><D3/><U117/><E100/><V108/><F108/><W61/><G61/><T14/><REACH who="0" step="1"/><D15/><REACH who="0" ten="148,351,216,275" step="2"/><U22/><E130/><V50/><F121/><W116/><G116/><T33/><D33/><U98/><E117/><V102/><F123/><W113/><G113/><T5/><D5/><U29/><E111/><V59/><F102/><W87/><G97/><T28/><D28/><U30/><E98/><V105/><F107/><W60/><G18/><T71/><D71/><U126/><E126/><V106/><F105/><W34/><G34/><T68/><D68/><U41/><E30/><V73/><F106/><W82/><G25/><AGARI ba="0,1" hai="7,8,14,24,25,26,37,40,46,56,63,67,90,91" machi="25" ten="40,2600,0" yaku="1,1,52,1,53,0" doraHai="11" doraHaiUra="133" who="0" fromWho="3" sc="148,36,351,0,216,0,275,-26" /><INIT seed="3,0,0,4,0,100" ten="184,351,216,249" oya="3" hai0="71,26,0,130,81,112,48,121,96,8,69,76,82" hai1="39,85,2,59,115,3,125,111,10,104,132,67,119" hai2="117,6,78,123,108,53,72,73,55,124,65,129,61" hai3="134,103,14,101,114,38,122,135,79,18,50,80,64"/><W105/><G38/><T113/><D121/><U66/><E85/><V47/><F117/><W25/><G122/><T36/><D130/><U42/><E10/><V87/><F108/><W54/><G114/><N who="0" m="44139" /><D26/><U19/><E19/><V11/><F123/><W5/><G5/><N who="0" m="1063" /><D36/><U31/><E31/><V20/><F124/><W56/><G25/><T58/><D96/><U30/><E30/><V77/><F129/><W74/><G64/><T15/><D15/><U110/><E66/><V7/><F20/><W97/><REACH who="3" step="1"/><G101/><REACH who="3" ten="184,351,216,239" step="2"/><T34/><D34/><U93/><E67/><V52/><F6/><W35/><G35/><T84/><D82/><U32/><E32/><V37/><F7/><W86/><G86/><T13/><D13/><U128/><E115/><V49/><F87/><W102/><G102/><T127/><D127/><U83/><E125/><V94/><F37/><W118/><G118/><T133/><D133/><U29/><E39/><V75/><F73/><W90/><G90/><T12/><D12/><U107/><E119/><V89/><F75/><W88/><G88/><T40/><D84/><U126/><E132/><V92/><F72/><W116/><G116/><T27/><D27/><U43/><E126/><V60/><F89/><W99/><G99/><T109/><D81/><U98/><E98/><V41/><F65/><W28/><G28/><T51/><D76/><U95/><E29/><V21/><F78/><W62/><G62/><T45/><D109/><U63/><E63/><V57/><F61/><W106/><G106/><T24/><D24/><U22/><E107/><V46/><F60/><RYUUKYOKU ba="0,1" sc="184,15,351,-15,216,-15,239,15" hai0="40,45,48,51,58,69,71" hai3="14,18,50,54,56,74,79,80,97,103,105,134,135" /><INIT seed="3,1,1,1,1,51" ten="199,336,201,254" oya="3" hai0="122,49,62,83,20,39,41,89,67,43,13,64,73" hai1="55,19,47,29,68,84,109,2,17,112,72,105,22" hai2="21,106,98,74,25,91,96,108,15,88,65,102,76" hai3="38,10,23,31,100,8,9,86,115,18,63,54,33"/><W58/><G115/><T56/><D73/><U110/><E72/><V24/><F108/><N who="1" m="41577" /><E68/><V129/><F129/><W95/><G38/><T97/><D122/><U124/><E105/><V93/><F65/><W126/><G126/><T135/><D67/><U78/><E2/><V16/><REACH who="2" step="1"/><F91/><REACH who="2" ten="199,336,191,254" step="2"/><N who="3" m="53751" /><G33/><T4/><D89/><U12/><E112/><V107/><F107/><W59/><G100/><T127/><D64/><U114/><E114/><V94/><F94/><W79/><G79/><T6/><D127/><U60/><E124/><V121/><F121/><W133/><G133/><T66/><D135/><U118/><E78/><V90/><F90/><W111/><G111/><T70/><D83/><AGARI ba="1,2" hai="15,16,21,24,25,74,76,83,88,93,96,98,102,106" machi="83" ten="40,5200,0" yaku="1,1,54,2,53,0" doraHai="51" doraHaiUra="36" who="2" fromWho="0" sc="199,-55,336,0,191,75,254,0" /><INIT seed="4,0,0,2,1,10" ten="144,336,266,254" oya="0" hai0="48,68,101,3,32,110,29,33,96,90,113,31,52" hai1="13,16,129,65,103,86,82,56,64,17,37,100,41" hai2="92,5,14,55,22,118,84,44,128,25,124,134,121" hai3="24,78,51,61,77,50,119,74,135,66,114,117,99"/><T38/><D113/><U108/><E108/><V11/><F121/><W57/><G114/><T112/><D112/><U15/><E129/><V106/><F106/><W87/><G135/><T20/><D38/><U126/><E126/><V111/><F111/><W88/><G74/><T91/><D110/><U19/><E41/><V80/><F124/><W105/><G119/><T75/><D75/><U21/><E37/><V6/><F134/><W71/><G117/><T94/><D68/><U23/><E19/><N who="2" m="8671" /><F128/><W28/><G57/><T125/><D3/><U0/><E0/><V30/><F92/><W54/><G54/><T102/><D125/><U59/><E82/><V63/><F118/><W26/><G26/><N who="0" m="16583" /><D33/><U9/><E9/><V95/><F95/><W73/><G73/><T67/><D32/><U46/><E86/><V47/><F63/><W62/><G62/><T127/><D31/><U27/><E27/><V104/><F104/><W18/><G24/><T130/><D130/><U42/><E42/><V93/><F93/><W122/><G28/><T49/><D67/><U70/><E70/><V79/><F55/><W69/><G122/><T34/><D34/><U120/><E120/><V98/><F98/><W97/><G71/><T109/><D109/><U131/><E131/><V1/><F1/><W85/><G105/><N who="0" m="63655" /><D127/><U132/><E132/><V123/><F123/><W53/><G99/><N who="0" m="59767" /><D49/><U89/><E89/><V116/><F116/><W2/><G51/><T43/><D43/><U36/><E36/><V133/><F133/><W72/><G2/><T12/><D12/><U60/><E60/><RYUUKYOKU ba="0,0" sc="144,10,336,10,266,10,254,-30" hai0="48,52,90,91" hai1="13,15,16,17,21,23,46,56,59,64,65,100,103" hai2="5,6,22,25,30,44,47,79,80,84" /><INIT seed="4,1,0,0,1,46" ten="154,346,276,224" oya="0" hai0="36,81,94,65,51,96,55,75,117,15,73,42,130" hai1="128,90,22,33,78,52,2,4,129,3,19,112,5" hai2="106,134,43,48,114,107,99,10,100,54,49,18,109" hai3="121,93,13,95,124,68,132,28,26,63,126,64,39"/><T69/><D117/><U111/><E111/><V113/><F109/><W97/><G121/><T74/><D130/><N who="1" m="50283" /><E78/><V41/><F134/><W58/><G39/><T82/><D42/><N who="2" m="15882" /><F54/><W127/><G132/><T125/><D36/><U11/><E90/><V45/><F45/><W104/><G13/><T101/><D125/><U24/><E52/><V84/><F84/><W50/><G50/><N who="2" m="19561" /><F18/><W32/><G58/><T44/><REACH who="0" step="1"/><D15/><REACH who="0" ten="144,346,276,224" step="2"/><U92/><E2/><V21/><F10/><W118/><G118/><T53/><D53/><U66/><E3/><V31/><F21/><W86/><G86/><T123/><D123/><U47/><E22/><V62/><F114/><W108/><G108/><T85/><D85/><U76/><E11/><V14/><F113/><W87/><G87/><T72/><N who="0" m="18432" /><DORA hai="80" /><T6/><D6/><U37/><E4/><V67/><F14/><W115/><REACH who="3" step="1"/><G115/><REACH who="3" ten="144,346,276,214" step="2"/><T119/><D119/><U88/><E112/><V70/><F67/><W57/><G57/><T0/><D0/><U56/><E56/><V23/><F23/><W89/><G89/><T83/><D83/><U12/><E88/><V8/><F8/><W30/><G30/><T40/><D40/><U131/><E66/><V60/><F31/><W38/><G38/><T77/><D77/><U35/><E131/><V59/><F59/><W122/><G122/><T20/><D20/><U17/><E76/><V7/><F7/><W29/><G29/><T116/><D116/><U16/><E5/><V34/><F62/><AGARI ba="1,2" hai="44,51,55,62,65,69,81,82,94,96,101" m="18432" machi="62" ten="70,12000,1" yaku="1,1,52,1,53,2" doraHai="46,80" doraHaiUra="102,79" who="0" fromWho="2" sc="144,143,346,0,276,-123,214,0" /><INIT seed="4,2,0,0,4,132" ten="287,346,153,214" oya="0" hai0="20,15,123,93,99,19,13,62,91,108,98,83,56" hai1="18,107,7,101,116,0,75,112,71,120,68,41,22" hai2="32,103,121,55,1,126,27,31,37,90,82,49,88" hai3="115,85,59,77,10,84,16,118,21,104,135,86,54"/><T14/><D123/><U122/><E41/><V47/><F121/><W26/><G118/><T74/><D108/><U124/><E116/><V111/><F111/><W76/><G135/><T58/><D74/><U3/><E75/><V17/><F1/><W48/><G104/><T72/><D72/><U69/><E112/><V51/><F37/><W44/><G115/><T53/><D83/><U102/><E107/><V8/><F103/><W12/><REACH who="3" step="1"/><G44/><REACH who="3" ten="287,346,153,204" step="2"/><T50/><REACH who="0" step="1"/><D99/><REACH who="0" ten="277,346,153,204" step="2"/><U34/><E122/><V92/><F82/><W29/><AGARI ba="2,2" hai="10,12,16,21,26,29,48,54,59,76,77,84,85,86" machi="29" ten="30,8000,1" yaku="1,1,2,1,0,1,8,1,54,1,53,0" doraHai="132" doraHaiUra="133" who="3" fromWho="3" sc="277,-42,346,-22,153,-22,204,106" /><INIT seed="5,0,0,1,5,70" ten="235,324,131,310" oya="1" hai0="127,38,31,32,119,63,20,74,46,132,101,50,5" hai1="53,28,84,8,94,54,107,87,51,100,0,41,79" hai2="118,29,72,123,114,82,93,91,108,122,30,47,128" hai3="35,121,106,57,45,112,102,17,25,13,55,7,71"/><U125/><E125/><V36/><F118/><W3/><G121/><T42/><D127/><U61/><E107/><V92/><F128/><W22/><G112/><T134/><D119/><U69/><E28/><V68/><F68/><W81/><G71/><T67/><D74/><U19/><E41/><V110/><F82/><W66/><G45/><T16/><D5/><U104/><E104/><V103/><F47/><W83/><G66/><T88/><D101/><U11/><E0/><V124/><F91/><W26/><G26/><T126/><D126/><U111/><E111/><V131/><F124/><W130/><G106/><T95/><D31/><U90/><E100/><V65/><F103/><W6/><G102/><T24/><D32/><U56/><E19/><V133/><F65/><W49/><G130/><T73/><D73/><U18/><E18/><V99/><F72/><W21/><G7/><T135/><D63/><U96/><E69/><V9/><F131/><W77/><G77/><T12/><D67/><U86/><REACH who="1" step="1"/><E79/><REACH who="1" ten="235,314,131,310" step="2"/><V33/><F29/><N who="3" m="19887" /><G21/><T23/><D23/><U15/><E15/><V80/><F30/><W14/><G13/><T4/><D4/><U10/><E10/><AGARI ba="0,1" hai="3,6,10,14,17,22,49,55,57,81,83" m="19887" machi="10" ten="30,1000,0" yaku="24,1" doraHai="70" who="3" fromWho="1" sc="235,0,314,-10,131,0,310,20" /><INIT seed="6,0,0,4,4,99" ten="235,304,131,330" oya="2" hai0="14,39,112,52,80,94,24,7,81,59,63,86,97" hai1="82,68,37,13,64,124,58,26,22,49,16,126,95" hai2="103,85,125,110,89,35,32,5,87,105,20,129,11" hai3="127,55,56,69,10,34,72,132,107,131,17,31,134"/><V100/><F125/><N who="1" m="48233" /><E37/><V30/><F129/><W135/><G69/><T40/><D112/><U1/><E1/><V45/><F110/><W53/><G127/><T33/><D40/><U42/><E68/><V23/><F105/><W116/><G116/><T71/><D39/><U75/><E95/><V48/><F35/><W66/><G131/><T98/><D71/><U84/><E75/><V101/><F32/><W50/><G72/><T44/><D44/><N who="1" m="25751" /><E13/><N who="2" m="5359" /><F30/><W77/><G77/><T60/><D60/><N who="1" m="37911" /><E84/><N who="2" m="32331" /><F89/><W21/><G10/><N who="0" m="4447" /><D33/><U12/><E12/><V92/><F92/><W104/><G66/><T113/><D24/><U38/><E38/><V111/><F111/><W67/><G67/><T123/><D123/><U3/><E3/><V117/><F117/><W106/><G34/><T119/><D119/><U0/><E0/><V79/><F79/><W121/><G31/><T74/><D74/><U91/><E91/><V2/><F2/><W6/><G121/><T76/><D81/><AGARI ba="0,0" hai="16,22,26,81,82" m="37911,25751,48233" machi="81" ten="30,2000,0" yaku="18,1,54,1" doraHai="99" who="1" fromWho="0" sc="235,-20,304,20,131,0,330,0" /><INIT seed="7,0,0,5,5,82" ten="215,324,131,330" oya="3" hai0="132,73,131,21,126,105,107,121,85,101,128,99,55" hai1="94,81,20,1,8,88,27,90,9,111,112,52,86" hai2="97,46,69,17,104,11,54,64,95,51,96,56,71" hai3="39,0,32,45,74,43,58,76,100,124,44,123,29"/><W48/><G0/><T130/><D21/><U108/><E112/><V34/><F34/><W91/><G123/><T109/><D121/><U66/><E66/><V49/><F104/><W28/><G124/><T59/><D109/><U115/><E115/><V122/><F122/><W50/><G100/><T102/><D126/><U41/><E41/><V40/><F71/><W24/><G28/><T127/><D127/><U63/><E1/><V83/><F69/><W134/><G134/><T14/><D14/><U129/><E129/><V38/><F38/><W114/><G114/><T110/><D110/><U33/><E33/><V89/><F83/><W93/><G76/><T19/><D73/><U119/><E119/><V12/><REACH who="2" step="1"/><F64/><REACH who="2" ten="215,324,121,330" step="2"/><W26/><G74/><T78/><D132/><U53/><E111/><V5/><F5/><W65/><G39/><T2/><D2/><U31/><E108/><V135/><F135/><W118/><G118/><T35/><D35/><U133/><E133/><V25/><F25/><W36/><G36/><T15/><D107/><U106/><E106/><V103/><F103/><W68/><G68/><T67/><D67/><U61/><E63/><V77/><F77/><W117/><G117/><T57/><D102/><U30/><E30/><V98/><AGARI ba="0,1" hai="11,12,17,40,46,49,51,54,56,89,95,96,97,98" machi="98" ten="20,8000,1" yaku="1,1,0,1,7,1,8,1,53,1" doraHai="82" doraHaiUra="84" who="2" fromWho="2" sc="215,-20,324,-20,121,90,330,-40" owari="195,-30.5,304,40.4,211,-18.9,290,9.0" /></mjloggm>