<mjloggm ver="2.3"><GO type="169" lobby="0"/><UN n0="%70%65%6C%75%73%61%5F" n1="%E9%AB%98%E5%A4%A9%E3%81%AE%E6%AD%8C" n2="%E5%8D%88%E5%BE%8C%E3%82%B4%E3%83%AA%E3%83%A9" n3="%6B%69%72%61%72%69%79%75" dan="16,16,16,16" rate="2080.67,2091.90,2131.72,2118.33" sx="M,M,M,M"/><TAIKYOKU oya="0"/><INIT seed="0,0,0,3,3,1" ten="250,250,250,250" oya="0" hai0="33,12,105,77,95,56,16,64,32,126,70,49,83" hai1="103,132,50,84,108,40,113,24,75,8,76,130,39" hai2="57,127,74,88,30,46,81,66,89,20,86,47,68" hai3="106,120,58,19,15,71,115,91,79,67,110,55,14"/><T59/><D105/><U13/><E75/><V104/><F104/><W43/><G115/><T112/><D112/><U2/><E39/><V61/><F127/><W82/><G110/><T42/><D126/><U125/><E113/><V111/><F111/><W118/><G106/><T9/><D70/><U92/><E108/><V135/><F135/><W121/><G118/><T124/><D124/><U36/><E125/><V116/><F116/><W109/><G91/><T133/><D133/><U18/><E36/><V128/><F128/><W28/><G28/><T11/><D95/><U34/><E130/><V54/><F74/><W41/><G109/><T117/><D117/><U123/><E123/><V0/><F0/><W53/><G14/><T93/><D93/><U35/><E132/><V23/><F89/><W90/><G90/><T17/><D42/><U80/><E2/><V48/><REACH who="2" step="1"/><F30/><REACH who="2" ten="250,250,240,250" step="2"/><W134/><G134/><T63/><D77/><U26/><E26/><V72/><BYE who="1" /><F72/><W4/><G79/><T60/><D83/><U102/><E102/><V97/><F97/><W107/><G82/><T114/><D114/><U6/><E6/><V52/><F52/><W73/><G53/><T29/><D29/><UN n1="%E9%AB%98%E5%A4%A9%E3%81%AE%E6%AD%8C" /><U129/><E129/><V69/><F69/><W44/><G71/><T87/><D87/><U122/><E103/><V85/><F85/><W131/><G73/><T38/><D64/><U99/><E84/><V98/><F98/><W25/><G131/><T94/><D17/><U21/><E18/><V45/><AGARI ba="0,1" hai="20,23,45,46,47,48,54,57,61,66,68,81,86,88" machi="45" ten="30,4000,0" yaku="1,1,0,1,54,1,53,0" doraHai="1" doraHaiUra="37" who="2" fromWho="2" sc="250,-20,250,-10,240,50,250,-10" /><INIT seed="1,0,0,0,4,3" ten="230,240,290,240" oya="1" hai0="76,135,74,57,101,126,20,129,88,49,95,55,40" hai1="4,96,50,73,33,18,107,53,61,106,111,87,62" hai2="35,31,100,108,24,116,60,121,114,120,122,25,86" hai3="27,34,5,133,132,91,118,93,109,37,128,80,58"/><U112/><E112/><V0/><F100/><W84/><G109/><T75/><D126/><U81/><E73/><V8/><F60/><W105/><G105/><T43/><D135/><N who="3" m="51785" /><G37/><T97/><D129/><U54/><E33/><V90/><F116/><W103/><G128/><T32/><D32/><U78/><E111/><V69/><F69/><W28/><G118/><T99/><D75/><U44/><E18/><V41/><F108/><W42/><G42/><T115/><D115/><U10/><E96/><V117/><F117/><W124/><G58/><T1/><D1/><U52/><E106/><V65/><F65/><W70/><G70/><T39/><D39/><U48/><E107/><V82/><F114/><W51/><G51/><T6/><D20/><U68/><E68/><V36/><F24/><W30/><G30/><T64/><D64/><U9/><E9/><V94/><F41/><W77/><G103/><T26/><D26/><U130/><E130/><V56/><F56/><W89/><G124/><T83/><REACH who="0" step="1"/><D6/><REACH who="0" ten="220,240,290,240" step="2"/><U104/><E104/><AGARI ba="0,1" hai="40,43,49,55,57,74,76,83,88,95,97,99,101,104" machi="104" ten="30,7700,0" yaku="1,1,2,1,7,1,54,1,53,0" doraHai="3" doraHaiUra="22" who="0" fromWho="1" sc="220,87,240,-77,290,0,240,0" /><INIT seed="2,0,0,5,2,68" ten="307,163,290,240" oya="2" hai0="93,83,45,85,88,108,123,70,120,0,106,22,15" hai1="58,91,67,89,41,99,75,131,40,111,117,63,66" hai2="124,4,96,31,78,14,134,24,47,77,36,81,69" hai3="128,125,72,64,46,6,132,1,103,76,95,87,20"/><V115/><F115/><W79/><G64/><T80/><D106/><U11/><E117/><V59/><F69/><W133/><G46/><T23/><D70/><U118/><E118/><V61/><F134/><W48/><G48/><T116/><D0/><U27/><E111/><V90/><F124/><W9/><G20/><T43/><D108/><U62/><E75/><V54/><F4/><W42/><G42/><T30/><D116/><U98/><E131/><V12/><F78/><W7/><G125/><T74/><D74/><U100/><E11/><V126/><F126/><W38/><G38/><T60/><D60/><U105/><E27/><V5/><F5/><W129/><G72/><T86/><D23/><U3/><E3/><V19/><F19/><W33/><G33/><T26/><D15/><U101/><E105/><V34/><F90/><N who="3" m="53727" /><G103/><T94/><D123/><U84/><REACH who="1" step="1"/><E84/><REACH who="1" ten="307,153,290,240" step="2"/><V130/><F130/><N who="3" m="50283" /><G6/><T17/><D120/><U104/><E104/><V71/><F24/><W50/><G1/><T28/><D28/><U39/><E39/><V92/><F31/><W37/><G37/><T110/><D30/><U53/><E53/><V56/><F54/><W107/><G107/><T25/><D25/><U44/><E44/><V112/><F47/><W97/><G7/><T135/><D110/><U8/><E8/><V121/><F36/><W119/><G9/><T102/><D45/><U65/><E65/><V82/><F121/><W55/><G55/><T109/><D109/><U16/><E16/><V35/><F14/><W51/><G119/><T49/><D17/><U113/><E113/><RYUUKYOKU ba="0,1" sc="307,-10,153,30,290,-10,240,-10" hai1="40,41,58,62,63,66,67,89,91,98,99,100,101" /><INIT seed="3,1,1,2,3,6" ten="297,183,280,230" oya="3" hai0="123,71,133,44,74,106,124,49,83,53,19,63,96" hai1="33,80,67,111,59,7,20,55,46,4,85,127,9" hai2="43,88,66,134,65,68,22,101,47,17,125,54,38" hai3="50,14,18,97,94,24,3,120,89,23,51,12,129"/><W95/><G3/><T78/><D123/><U13/><E33/><V40/><F101/><N who="3" m="60599" /><G129/><T131/><D131/><U32/><E111/><V15/><F134/><W69/><G69/><T110/><D110/><U122/><E32/><V35/><F125/><W135/><G135/><T16/><D124/><U103/><E122/><V25/><F43/><W115/><G115/><T27/><D133/><U130/><E130/><V98/><F54/><W76/><G76/><T132/><D132/><U128/><E128/><V81/><F68/><W77/><G77/><T26/><D106/><U57/><E103/><V82/><F82/><W75/><G75/><T0/><D96/><U36/><E7/><V34/><F34/><W56/><G120/><T1/><D1/><U11/><E127/><V58/><F58/><W112/><G112/><T60/><D0/><U126/><E4/><V42/><F42/><W113/><G113/><T93/><D71/><U73/><E73/><V92/><F81/><W102/><G102/><T119/><D93/><U48/><E36/><V117/><F117/><W70/><G70/><T86/><D74/><U10/><E67/><V2/><F2/><W114/><G114/><T72/><D72/><U90/><E126/><V30/><AGARI ba="1,1" hai="15,17,22,25,30,35,38,40,47,65,66,88,92,98" machi="30" ten="30,2000,0" yaku="0,1,54,1" doraHai="6" who="2" fromWho="2" sc="297,-6,183,-6,280,33,230,-11" /><INIT seed="4,0,0,0,5,31" ten="291,177,313,219" oya="0" hai0="58,105,127,60,102,38,112,67,22,15,64,115,122" hai1="95,131,66,130,86,106,63,82,11,87,116,104,26" hai2="133,7,47,79,92,117,5,12,28,81,72,74,76" hai3="10,2,52,43,103,27,123,89,4,62,20,17,59"/><T51/><D122/><U25/><E116/><V132/><F92/><W96/><G123/><T8/><D38/><U135/><E11/><V19/><F117/><W134/><G134/><T73/><D73/><U57/><E135/><V110/><F110/><W121/><G121/><T53/><D127/><U32/><E95/><V129/><F129/><N who="1" m="49161" /><E26/><V85/><F28/><W90/><REACH who="3" step="1"/><G43/><REACH who="3" ten="291,177,313,209" step="2"/><T35/><D115/><U24/><E24/><V14/><F133/><W68/><G68/><T125/><D112/><U80/><E80/><V109/><F132/><W111/><G111/><T124/><D124/><U99/><E82/><V108/><F81/><W98/><G98/><T118/><D125/><U70/><E70/><V0/><F109/><W107/><AGARI ba="0,1" hai="2,4,10,17,20,27,52,59,62,89,90,96,103,107" machi="107" ten="20,5200,0" yaku="1,1,0,1,7,1,54,1,53,0" doraHai="31" doraHaiUra="114" who="3" fromWho="3" sc="291,-26,177,-13,313,-13,209,62" /><INIT seed="5,0,0,2,1,11" ten="265,164,300,271" oya="1" hai0="48,53,36,80,78,35,33,75,31,42,127,20,126" hai1="26,93,129,72,125,64,39,51,54,104,96,113,16" hai2="24,34,77,118,43,47,52,14,40,133,98,28,85" hai3="62,102,134,131,91,71,59,22,6,109,130,94,50"/><U83/><E113/><V108/><F108/><W117/><G109/><T101/><D101/><U128/><E125/><N who="0" m="47625" /><D42/><U66/><E39/><V21/><F118/><W3/><G134/><T70/><D70/><U107/><E83/><V121/><F133/><W27/><G102/><T81/><D81/><U88/><E72/><V89/><F77/><W123/><G123/><T119/><D36/><U25/><E25/><V99/><F121/><W122/><G122/><T32/><D119/><U37/><E37/><V132/><F43/><W5/><G3/><T68/><D68/><U55/><E64/><V58/><F132/><W111/><G111/><T103/><D103/><U45/><E66/><V95/><F47/><W76/><G76/><T7/><D7/><U29/><E55/><V9/><F34/><W114/><G114/><T79/><D79/><U112/><E112/><V12/><F40/><W105/><G105/><T106/><D106/><U46/><E46/><V120/><F120/><W10/><G71/><T67/><D20/><N who="1" m="13575" /><E29/><V49/><F9/><W92/><G10/><T84/><D67/><U41/><E41/><V87/><REACH who="2" step="1"/><F85/><REACH who="2" ten="265,164,290,271" step="2"/><W110/><G110/><T100/><D84/><U63/><E63/><V60/><F60/><W18/><G62/><T97/><D35/><U65/><E65/><V2/><F2/><W82/><G117/><T0/><D0/><U19/><E19/><V115/><F115/><W56/><G18/><T61/><D61/><U135/><E135/><V1/><F1/><W13/><G131/><AGARI ba="0,1" hai="45,51,54,88,93,96,104,107,128,129,131" m="13575" machi="131" ten="30,5800,0" yaku="19,1,54,2" doraHai="11" who="1" fromWho="3" sc="265,0,164,68,290,0,271,-58" /><INIT seed="5,1,0,0,0,71" ten="265,232,290,213" oya="1" hai0="88,68,94,44,11,80,7,105,91,45,75,98,107" hai1="64,83,70,65,123,16,50,0,38,77,74,28,13" hai2="102,79,108,4,120,40,78,26,42,95,55,49,132" hai3="96,33,48,36,12,89,14,129,41,1,73,10,9"/><U54/><E123/><V61/><F108/><W97/><G129/><T122/><D68/><U21/><E0/><V29/><F120/><W52/><G1/><T32/><D32/><U130/><E130/><V128/><F128/><W6/><G73/><T109/><D109/><U101/><E38/><V133/><F61/><W47/><G89/><T66/><D66/><U35/><E70/><V111/><F4/><W27/><G27/><T99/><D75/><U51/><E51/><V113/><F111/><W18/><REACH who="3" step="1"/><G33/><REACH who="3" ten="265,232,290,203" step="2"/><T119/><D91/><U37/><E101/><V125/><F102/><W5/><G5/><T126/><D7/><U60/><E35/><V57/><F26/><W58/><AGARI ba="1,1" hai="6,9,10,12,14,18,36,41,47,48,52,58,96,97" machi="58" ten="20,8000,1" yaku="1,1,0,1,7,1,52,1,54,1,53,0" doraHai="71" doraHaiUra="23" who="3" fromWho="3" sc="265,-21,232,-41,290,-21,203,93" /><INIT seed="6,0,0,2,4,1" ten="244,191,269,296" oya="2" hai0="57,121,24,124,107,50,133,84,4,59,60,20,91" hai1="44,3,71,29,34,39,123,118,103,43,132,105,10" hai2="40,128,35,14,2,38,65,95,56,99,18,28,86" hai3="97,69,82,45,12,67,76,30,109,46,108,9,32"/><V73/><F73/><W102/><G109/><T66/><D121/><U87/><E87/><V96/><F2/><W8/><G8/><T79/><D107/><U85/><E85/><V52/><F65/><W33/><G33/><T117/><D124/><U115/><E123/><V88/><F128/><W36/><G36/><T113/><D113/><U62/><E115/><V17/><F17/><W120/><G120/><T125/><D125/><U47/><E47/><V80/><F40/><W15/><G15/><T13/><D133/><U27/><E132/><V25/><F38/><W134/><G134/><T58/><D79/><U41/><E41/><V89/><F99/><W6/><G108/><T31/><D50/><U106/><E118/><V110/><F110/><W114/><G114/><T48/><D48/><U126/><E126/><V127/><F127/><W64/><G30/><T112/><D117/><U77/><E77/><V78/><F78/><W90/><G32/><T116/><D116/><U74/><E103/><V92/><F80/><W0/><G0/><T26/><D26/><U70/><E74/><V119/><F119/><W63/><G90/><T22/><D22/><U16/><E16/><V68/><F68/><N who="1" m="26153" /><E62/><V131/><F131/><W93/><G67/><T130/><D130/><U37/><E37/><V122/><F122/><W51/><G51/><T100/><D100/><U104/><E104/><V75/><F75/><AGARI ba="0,0" hai="6,9,12,45,46,63,64,69,75,76,82,93,97,102" machi="75" ten="30,2000,0" yaku="7,1,52,1" doraHai="1" who="3" fromWho="2" sc="244,0,191,0,269,-20,296,20" /><INIT seed="7,0,0,4,1,126" ten="244,191,249,316" oya="3" hai0="53,123,57,58,20,15,67,116,59,108,81,49,105" hai1="75,122,127,110,68,26,77,73,80,131,43,38,66" hai2="120,7,16,69,103,55,10,86,65,64,32,23,125" hai3="121,118,2,132,24,70,79,88,52,44,76,109,62"/><W119/><G118/><T96/><D108/><U63/><E122/><V71/><F32/><W130/><G2/><T41/><D116/><U93/><E110/><V5/><F125/><W11/><G11/><T90/><D123/><U21/><E127/><V12/><F120/><W89/><G24/><T124/><D124/><U40/><E75/><V107/><F7/><W85/><G70/><T29/><D105/><U129/><E93/><V13/><F71/><W115/><G62/><T82/><D41/><U48/><E38/><V8/><F69/><W1/><G85/><N who="0" m="50479" /><D96/><U101/><E101/><V111/><F111/><W104/><G104/><T45/><D82/><U4/><E4/><V60/><F10/><W112/><G1/><T56/><D45/><U113/><E113/><V18/><F5/><W31/><G44/><T95/><D95/><U22/><E48/><V3/><F3/><W37/><G37/><T30/><D67/><U14/><E14/><V27/><F27/><W54/><G109/><T102/><D102/><U28/><E22/><V117/><F117/><W72/><G72/><T36/><D36/><U35/><E21/><V134/><F134/><W17/><G132/><T51/><D51/><U91/><E91/><V61/><F86/><W6/><G119/><T47/><N who="0" m="14336" /><DORA hai="83" /><T94/><D94/><U74/><E74/><V97/><REACH who="2" step="1"/><F55/><REACH who="2" ten="244,191,239,316" step="2"/><N who="3" m="21035" /><G121/><T133/><D133/><U34/><E35/><V106/><F106/><W98/><G115/><T100/><D100/><U9/><E9/><V128/><F128/><AGARI ba="0,1" hai="26,28,34,40,43,63,66,68,73,77,80,128,129,131" machi="128" ten="40,8000,1" yaku="19,1,52,3" doraHai="126,83" who="1" fromWho="2" sc="244,0,191,90,239,-80,316,0" owari="244,-15.6,281,8.1,159,-34.1,316,41.6" /></mjloggm>