<mjloggm ver="2.3"><GO type="169" lobby="0"/><UN n0="%E3%83%AC%E3%82%AA%E3%83%B3%E3%83%8F%E3%83%AB%E3%83%88" n1="%E3%81%97%E3%81%BE%E3%81%A0%E3%81%BE%32" n2="%6E%6F%73%75%6B%65" n3="%E3%83%AA%E3%83%84%E3%83%9F%E3%82%B5%E3%83%B3" dan="17,16,17,17" rate="2168.58,2125.60,2140.09,2225.38" sx="M,M,M,M"/><TAIKYOKU oya="0"/><INIT seed="0,0,0,2,1,135" ten="250,250,250,250" oya="0" hai0="112,79,97,17,13,110,109,73,75,37,46,64,53" hai1="92,94,0,29,130,25,12,127,32,45,2,84,82" hai2="72,59,58,20,61,38,78,120,81,104,113,63,31" hai3="129,100,65,7,132,24,76,28,14,1,11,68,4"/><T85/><D112/><U131/><E12/><V8/><F113/><W67/><G76/><T87/><D64/><U119/><E119/><V121/><F38/><W39/><G39/><T18/><D97/><U36/><E92/><V6/><F104/><W117/><G117/><T27/><D27/><U47/><E94/><V21/><F121/><W51/><G132/><T108/><D18/><U74/><E47/><V44/><F44/><W69/><G51/><N who="0" m="28919" /><D37/><U124/><E74/><N who="0" m="28169" /><D79/><N who="1" m="46175" /><E2/><V99/><F99/><W49/><G1/><T16/><D17/><U34/><E34/><V22/><F120/><W125/><G24/><T26/><D26/><U96/><E96/><V83/><F83/><W42/><G14/><T57/><D57/><U10/><E10/><AGARI ba="0,0" hai="10,13,16,85,87,108,109,110" m="28169,28919" machi="10" ten="40,7700,0" yaku="14,1,10,1,54,1" doraHai="135" who="0" fromWho="1" sc="250,77,250,-77,250,0,250,0" /><INIT seed="0,1,0,5,4,68" ten="327,173,250,250" oya="0" hai0="125,87,67,70,53,22,82,30,106,58,63,0,94" hai1="78,107,40,69,51,100,91,89,54,55,123,35,3" hai2="73,39,17,1,52,119,64,105,135,124,20,79,48" hai3="12,131,129,23,11,90,133,126,41,111,103,36,57"/><T43/><D106/><U85/><E69/><V110/><F110/><W60/><G111/><T93/><D0/><U37/><E123/><V112/><F112/><W13/><G103/><T109/><D109/><U49/><E35/><V66/><F124/><W75/><G75/><T121/><D121/><U130/><E3/><V88/><F135/><W134/><G90/><T25/><D43/><U77/><E40/><V10/><F105/><W101/><G101/><T114/><D125/><U76/><E100/><V84/><F39/><W95/><G95/><T98/><D98/><U97/><E97/><V116/><F79/><W65/><G23/><T14/><D14/><N who="3" m="5737" /><G11/><T127/><D114/><U56/><E107/><V99/><F99/><W24/><G24/><T9/><D9/><U50/><E130/><N who="3" m="49674" /><G126/><T92/><D127/><U80/><E37/><V122/><F73/><W72/><G72/><T6/><D6/><U27/><E27/><N who="2" m="14735" /><F10/><W26/><G26/><T42/><D42/><U34/><E34/><V32/><F32/><W46/><AGARI ba="1,0" hai="36,41,46,57,60,65,133,134" m="49674,5737" machi="46" ten="40,2700,0" yaku="19,1,52,1" doraHai="68" who="3" fromWho="3" sc="327,-14,173,-8,250,-8,250,30" /><INIT seed="1,0,0,4,1,32" ten="313,165,242,280" oya="1" hai0="11,43,85,118,34,12,74,131,66,92,65,5,108" hai1="104,73,114,117,120,23,3,48,20,110,129,51,132" hai2="62,10,79,113,40,100,89,14,36,54,82,28,77" hai3="86,68,71,9,126,31,47,81,15,21,69,35,94"/><U76/><RYUUKYOKU type="yao9" ba="0,0" sc="313,0,165,0,242,0,280,0" hai1="3,20,23,48,51,73,76,104,110,114,117,120,129,132" /><INIT seed="1,1,0,1,5,48" ten="313,165,242,280" oya="1" hai0="94,112,50,39,69,2,129,132,28,123,83,109,88" hai1="75,110,115,126,36,113,35,13,22,19,32,134,44" hai2="95,71,96,4,17,128,133,118,72,56,12,1,121" hai3="52,10,57,64,43,24,37,130,131,14,62,73,34"/><U91/><E75/><V81/><F118/><W97/><G73/><T70/><D39/><U82/><E36/><V21/><F121/><W59/><G97/><T41/><D112/><U135/><E91/><V25/><F133/><N who="1" m="50697" /><E44/><V6/><F128/><N who="3" m="49195" /><G24/><T119/><D119/><U3/><E82/><V53/><F71/><W16/><G34/><N who="1" m="12842" /><E126/><V86/><F1/><W114/><G114/><N who="1" m="43530" /><E3/><V106/><F72/><W38/><G43/><T54/><D41/><U65/><E65/><V85/><F106/><W127/><G127/><T8/><D83/><U33/><N who="1" m="12850" /><U58/><DORA hai="9" /><E58/><V67/><F67/><W47/><G47/><T55/><D132/><U18/><E18/><N who="2" m="12471" /><F86/><W40/><G40/><T63/><D129/><U105/><E105/><V74/><F85/><W80/><G80/><T60/><D70/><U124/><E124/><V116/><F74/><W89/><G89/><T98/><D69/><U45/><E45/><V104/><F104/><W49/><AGARI ba="1,0" hai="10,14,16,37,38,49,52,57,59,62,64" m="49195" machi="49" ten="30,8000,1" yaku="19,1,52,2,54,2" doraHai="48,9" who="3" fromWho="3" sc="313,-21,165,-41,242,-21,280,83" /><INIT seed="2,0,0,0,0,3" ten="292,124,221,363" oya="2" hai0="36,38,86,45,35,9,46,128,90,54,114,135,27" hai1="23,89,85,21,1,115,61,40,76,113,42,92,66" hai2="56,126,131,124,91,108,121,71,14,20,18,17,59" hai3="132,13,105,43,119,120,64,133,103,31,129,73,106"/><V112/><F112/><W52/><G120/><T99/><D114/><U7/><E115/><V130/><F71/><W104/><G119/><T83/><D128/><N who="2" m="49194" /><F121/><W34/><G73/><T24/><D135/><U25/><E113/><V48/><F91/><W65/><G43/><T117/><D117/><U57/><E76/><V39/><F39/><W32/><G103/><T6/><D99/><U78/><E78/><V116/><F116/><W63/><G129/><T5/><D35/><U15/><E1/><V16/><F108/><W84/><G84/><T82/><D9/><U125/><E125/><N who="2" m="48235" /><F48/><W118/><G118/><T12/><D90/><U4/><E23/><N who="2" m="11671" /><F18/><W80/><G133/><T62/><D36/><U50/><E15/><AGARI ba="0,0" hai="15,17,20,56,59" m="11671,48235,49194" machi="15" ten="30,5800,0" yaku="19,1,18,1,54,1" doraHai="3" who="2" fromWho="1" sc="292,0,124,-58,221,58,363,0" /><INIT seed="2,1,0,5,4,74" ten="292,66,279,363" oya="2" hai0="12,92,127,120,90,107,114,88,1,33,98,102,68" hai1="96,101,57,24,118,99,36,14,132,6,91,135,81" hai2="13,28,72,52,73,77,123,37,25,22,100,126,55" hai3="112,109,26,40,0,119,76,18,82,94,86,56,53"/><V84/><F123/><W113/><G119/><T63/><D1/><U45/><E118/><V30/><F37/><W60/><G0/><T129/><D120/><U51/><E36/><V133/><F126/><W83/><G109/><T21/><D114/><U50/><E24/><V71/><F71/><W64/><G40/><T10/><D33/><U32/><E32/><V9/><F133/><W108/><G108/><T62/><D129/><U134/><E57/><V115/><F115/><W124/><G124/><T4/><D127/><U41/><E51/><V93/><F30/><W69/><G94/><T78/><D78/><U59/><E59/><V15/><F73/><W44/><G44/><T131/><D131/><U105/><E99/><N who="2" m="59503" /><F72/><W121/><G121/><T49/><D107/><U20/><E20/><V7/><F15/><W46/><G69/><T43/><D21/><U117/><E117/><V38/><F38/><W87/><G26/><T67/><REACH who="0" step="1"/><D63/><REACH who="0" ten="282,66,279,363" step="2"/><U70/><E70/><V17/><F28/><W116/><G116/><T85/><D85/><U61/><E61/><V97/><F97/><W80/><G87/><T8/><D8/><U48/><E96/><V27/><F27/><W34/><G34/><T110/><D110/><U125/><E105/><V19/><F84/><W58/><G113/><T65/><D65/><U5/><E125/><V31/><F77/><W106/><G106/><T39/><D39/><N who="1" m="21695" /><E132/><V47/><F55/><W128/><G112/><T54/><D54/><U104/><E104/><V29/><F29/><W75/><G53/><T103/><D103/><U2/><E101/><RYUUKYOKU ba="1,1" sc="282,15,66,-15,279,15,363,-15" hai0="4,10,12,43,49,62,67,68,88,90,92,98,102" hai2="7,9,13,17,19,22,25,31,47,52" /><INIT seed="2,2,1,2,2,94" ten="297,51,294,348" oya="2" hai0="59,74,65,73,1,87,86,78,129,116,119,105,130" hai1="111,62,90,27,58,89,54,46,41,26,107,66,25" hai2="124,103,24,97,96,91,60,30,48,55,28,123,12" hai3="75,31,37,42,71,82,118,112,7,32,68,131,49"/><V10/><F123/><W13/><G118/><N who="0" m="45099" /><D1/><U77/><E111/><V34/><F124/><W18/><G37/><T121/><D65/><U16/><E77/><V14/><F30/><W81/><G7/><T29/><D59/><U92/><E107/><V69/><F91/><W36/><G36/><T15/><D15/><U57/><E89/><V50/><F14/><W108/><G82/><N who="0" m="47447" /><D29/><U0/><E0/><V115/><F115/><W106/><G131/><N who="0" m="50187" /><D121/><U11/><E41/><V23/><F34/><W109/><G42/><T20/><D20/><U93/><E93/><V2/><F2/><W85/><G13/><T8/><D8/><U40/><E40/><V88/><F69/><W44/><G68/><T39/><D39/><U53/><E46/><V79/><F60/><W133/><G71/><T9/><D9/><U6/><E6/><V134/><F50/><W22/><G49/><T45/><D45/><U63/><E11/><V127/><F48/><W64/><G44/><T17/><D17/><U4/><E4/><V43/><F43/><W84/><G18/><T5/><D5/><U35/><E35/><V128/><F10/><W132/><G31/><T21/><D21/><N who="1" m="13479" /><E66/><V76/><F128/><W33/><G64/><T98/><D87/><AGARI ba="2,1" hai="26,27,53,54,57,58,62,63,87,90,92" m="13479" machi="87" ten="30,2000,0" yaku="8,1,54,1" doraHai="94" who="1" fromWho="0" sc="297,-26,51,36,294,0,348,0" /><INIT seed="3,0,0,5,0,129" ten="271,87,294,348" oya="3" hai0="28,97,131,63,93,107,89,79,52,2,134,84,34" hai1="119,112,4,57,25,103,10,114,16,118,17,106,72" hai2="113,35,60,46,32,6,73,67,94,31,62,108,85" hai3="122,100,22,116,81,115,126,45,24,121,68,0,38"/><W26/><G116/><N who="1" m="44586" /><E72/><V47/><F73/><W66/><G115/><N who="1" m="44074" /><E106/><V51/><F108/><W124/><G0/><T12/><D131/><U36/><E103/><V30/><F113/><W53/><G100/><T111/><D111/><U13/><E57/><V127/><F127/><W48/><G81/><T132/><D2/><U7/><E36/><V88/><F6/><W42/><G26/><N who="0" m="18711" /><D12/><N who="1" m="7191" /><E25/><V91/><F94/><W8/><G24/><T54/><D63/><U76/><E76/><V87/><F51/><W105/><G48/><T3/><D3/><U74/><E74/><V69/><F67/><W90/><G66/><T14/><D14/><U82/><E82/><V95/><F95/><W110/><G105/><T120/><D79/><U96/><E96/><V130/><F130/><W78/><G78/><T40/><D84/><U83/><E83/><V5/><F69/><W15/><G68/><T18/><D107/><U33/><E33/><V128/><F128/><W65/><G110/><T80/><D80/><U117/><N who="1" m="44594" /><U29/><DORA hai="98" /><E29/><V20/><F87/><W49/><G38/><T59/><D59/><U75/><E75/><V61/><F85/><W101/><G49/><T19/><D97/><U21/><AGARI ba="0,0" hai="4,7,13,17,21" m="7191,44074,44594" machi="21" ten="50,8000,1" yaku="12,1,34,2,54,1" doraHai="129,98" who="1" fromWho="1" sc="271,-20,87,80,294,-20,348,-40" /><INIT seed="4,0,0,3,2,90" ten="251,167,274,308" oya="0" hai0="37,0,135,15,72,122,60,29,112,28,8,95,74" hai1="92,73,116,111,108,43,18,94,45,26,93,120,61" hai2="57,11,41,103,106,3,81,70,101,40,96,127,134" hai3="65,2,85,56,80,66,75,16,68,12,79,25,98"/><T99/><D122/><U24/><E120/><V77/><F127/><W131/><G2/><T133/><D0/><U128/><E116/><V1/><F134/><N who="0" m="51210" /><D37/><U31/><E73/><N who="0" m="28265" /><D60/><U30/><E128/><V71/><F103/><W115/><G68/><T88/><D112/><U7/><E7/><AGARI ba="0,0" hai="7,8,15,28,29,88,95,99" m="28265,51210" machi="7" ten="30,5800,0" yaku="20,1,52,1,54,1" doraHai="90" who="0" fromWho="1" sc="251,58,167,-58,274,0,308,0" /><INIT seed="4,1,0,5,1,33" ten="309,109,274,308" oya="0" hai0="86,77,95,97,45,7,135,38,84,108,32,78,39" hai1="96,120,93,12,90,51,46,131,133,30,16,101,72" hai2="126,9,111,105,88,36,61,5,55,87,74,81,60" hai3="75,2,15,122,6,127,124,69,23,37,110,115,67"/><T121/><D32/><U17/><E120/><V68/><F111/><W119/><G67/><T42/><D121/><U19/><E131/><V43/><F126/><W123/><G23/><T49/><D108/><U1/><E133/><V58/><F105/><W31/><G15/><T71/><D71/><U65/><E72/><V102/><F102/><W47/><G31/><T134/><D7/><U100/><E30/><V3/><F74/><W132/><G47/><T116/><D116/><U25/><E1/><V104/><F104/><W125/><G6/><T99/><D95/><U63/><E25/><V107/><F107/><W103/><G103/><T0/><D45/><U11/><E101/><V52/><F43/><W27/><G27/><T106/><D106/><U40/><REACH who="1" step="1"/><E90/><REACH who="1" ten="309,99,274,308" step="2"/><V128/><F128/><W73/><G125/><T53/><D0/><U80/><E80/><V109/><F109/><W34/><G75/><T26/><D26/><U54/><E54/><V44/><F55/><W85/><G123/><T29/><D29/><U117/><E117/><V70/><F52/><W92/><G124/><T41/><D53/><U82/><E82/><V59/><F88/><W48/><G122/><T129/><D129/><U112/><E112/><V113/><F81/><W18/><G115/><T28/><D28/><U130/><E130/><V62/><F3/><W21/><G119/><T66/><D66/><U114/><E114/><V94/><F113/><W118/><G127/><T8/><D49/><U89/><E89/><V24/><F24/><N who="3" m="14391" /><G118/><T14/><D14/><U83/><E83/><V50/><F50/><RYUUKYOKU ba="1,1" sc="309,15,99,15,274,-15,308,-15" hai0="8,38,39,41,42,77,78,84,86,97,99,134,135" hai1="11,12,16,17,19,40,46,51,63,65,93,96,100" /><INIT seed="4,2,1,2,4,31" ten="324,114,259,293" oya="0" hai0="25,94,27,51,36,96,78,59,73,49,39,64,116" hai1="109,110,126,97,38,43,128,41,90,129,6,122,1" hai2="40,102,29,4,52,30,77,0,50,111,20,5,55" hai3="57,95,61,63,99,23,83,26,93,132,71,17,135"/><T14/><D116/><U106/><E122/><V34/><F111/><W33/><G33/><T24/><D73/><U75/><E75/><V119/><F34/><W53/><G83/><T44/><D78/><U104/><E6/><V88/><F119/><W15/><G15/><T42/><D14/><U86/><E38/><V46/><F77/><W54/><G95/><T7/><D7/><N who="2" m="2634" /><F102/><W66/><REACH who="3" step="1"/><G54/><REACH who="3" ten="324,114,259,283" step="2"/><T37/><D94/><U103/><E1/><V11/><F0/><W28/><G28/><T12/><D12/><U89/><E43/><V3/><F55/><W62/><G62/><T47/><D42/><U13/><E13/><V108/><F40/><W21/><G21/><T92/><D92/><U76/><E41/><V124/><F20/><W115/><G115/><T133/><D36/><U130/><E106/><V69/><F52/><W84/><G84/><T118/><D118/><U8/><E8/><V45/><F30/><W114/><G114/><T10/><D10/><U22/><E22/><V101/><F29/><W85/><G85/><T48/><D37/><U19/><E19/><V125/><F11/><W79/><G79/><T100/><D39/><U120/><E120/><V35/><F35/><W98/><G98/><T81/><D81/><N who="1" m="47399" /><E126/><V131/><F3/><W134/><G134/><T113/><D133/><U58/><E58/><V117/><F125/><W121/><G121/><T67/><D113/><U16/><E16/><V72/><F124/><W87/><G87/><T107/><D59/><U60/><E60/><V82/><F72/><W68/><G68/><T80/><D80/><RYUUKYOKU ba="2,2" sc="324,10,114,10,259,-30,283,10" hai0="24,25,27,44,47,48,49,51,64,67,96,100,107" hai1="89,90,97,103,104,109,110,128,129,130" hai3="17,23,26,53,57,61,63,66,71,93,99,132,135" /><INIT seed="4,3,2,2,1,133" ten="334,124,229,293" oya="0" hai0="16,113,32,39,75,116,80,97,36,79,49,82,12" hai1="70,68,21,118,127,62,121,123,72,122,69,117,44" hai2="115,31,128,119,102,48,33,130,35,13,0,38,42" hai3="47,40,87,73,94,111,93,96,88,52,6,134,18"/><T84/><D116/><U61/><E21/><V55/><F119/><N who="1" m="45577" /><E72/><V92/><F115/><W71/><G111/><T41/><D113/><U50/><E50/><V43/><F0/><W10/><G71/><T2/><D2/><U54/><E44/><V124/><F13/><W89/><G134/><T56/><D32/><U104/><E104/><V114/><F114/><W125/><G73/><T25/><D25/><U4/><E4/><V126/><F92/><W100/><G18/><T34/><D34/><N who="2" m="12810" /><F102/><W135/><G135/><T74/><D97/><U8/><E8/><V26/><F26/><W17/><G17/><T105/><D105/><U103/><E103/><V63/><F63/><N who="1" m="24073" /><E127/><N who="2" m="48683" /><F31/><W77/><G125/><T65/><D12/><U30/><E30/><V22/><F22/><W66/><G100/><T9/><D9/><U51/><E51/><V46/><F42/><W60/><G40/><T24/><D41/><U37/><E54/><V78/><F78/><W19/><G52/><T85/><D79/><U5/><E5/><V76/><F76/><W107/><G77/><T53/><D53/><U11/><E11/><V110/><F110/><W112/><G107/><T1/><D1/><U132/><E132/><V98/><F98/><W29/><G29/><T106/><D106/><U90/><E90/><V23/><F23/><W20/><G112/><T45/><D24/><U101/><E101/><V129/><F129/><W109/><G109/><T67/><D74/><U99/><E99/><V7/><F7/><W131/><G6/><T58/><D75/><U14/><E14/><V59/><AGARI ba="3,2" hai="38,43,46,48,55,59,128,130" m="48683,12810" machi="59" ten="40,8000,1" yaku="5,1,18,1,52,3" doraHai="133" who="2" fromWho="2" sc="334,-43,124,-23,229,109,293,-23" /><INIT seed="5,0,0,1,1,92" ten="291,101,338,270" oya="1" hai0="19,82,72,21,11,96,1,110,118,116,123,43,36" hai1="68,104,133,20,45,0,49,85,18,38,58,57,99" hai2="109,93,81,98,26,132,23,8,112,41,128,65,53" hai3="64,48,80,28,120,131,3,89,66,27,7,37,46"/><U33/><E0/><V29/><F109/><W83/><G37/><T67/><D110/><U13/><E38/><V60/><F132/><W73/><G120/><T134/><D134/><U91/><E133/><V10/><F128/><W113/><G113/><T40/><D123/><U119/><E68/><V2/><F112/><W76/><G7/><T52/><D67/><U84/><E33/><V129/><F129/><W78/><G89/><T69/><D69/><U4/><E4/><V135/><F41/><W70/><G3/><T75/><D1/><U107/><E119/><V103/><F135/><W54/><G70/><T122/><D122/><U126/><E126/><V117/><F117/><W12/><G12/><T34/><D34/><U17/><E17/><V24/><F53/><W35/><REACH who="3" step="1"/><G131/><REACH who="3" ten="291,101,338,260" step="2"/><T6/><D6/><U87/><E107/><V15/><F15/><W101/><G101/><T121/><D36/><U47/><E47/><V130/><F2/><W9/><G9/><T50/><D11/><U14/><E14/><V44/><F130/><W30/><G30/><T108/><D121/><U88/><E104/><V22/><F44/><W105/><G105/><T61/><D118/><U79/><E79/><V16/><F81/><W62/><G62/><T97/><D82/><U127/><E127/><V32/><F32/><W111/><G111/><T125/><D125/><U63/><E63/><V124/><F124/><W31/><G31/><T77/><D61/><U42/><REACH who="1" step="1"/><E91/><REACH who="1" ten="291,91,338,260" step="2"/><V100/><F100/><W55/><G55/><T95/><D116/><U86/><N who="1" m="21504" /><DORA hai="59" /><U25/><E25/><RYUUKYOKU ba="0,2" sc="291,-30,91,10,338,10,260,10" hai1="13,18,20,42,45,49,57,58,88,99" hai2="8,10,16,22,23,24,26,29,60,65,93,98,103" hai3="27,28,35,46,48,54,64,66,73,76,78,80,83" /><INIT seed="5,1,2,5,3,32" ten="261,101,348,270" oya="1" hai0="0,38,15,39,21,58,48,34,62,103,66,130,7" hai1="80,89,5,27,25,53,92,116,82,67,119,30,3" hai2="118,8,134,128,50,120,24,133,28,57,69,87,109" hai3="96,22,76,61,18,59,51,56,99,77,129,100,33"/><U132/><E132/><N who="2" m="50795" /><F118/><W123/><G33/><T72/><D34/><U37/><E37/><V14/><F109/><W113/><G123/><T41/><D72/><U12/><E12/><V45/><BYE who="1" /><F69/><UN n1="%E3%81%97%E3%81%BE%E3%81%A0%E3%81%BE%32" /><W94/><G113/><T115/><D115/><U36/><E36/><V23/><F128/><W121/><G121/><T1/><D130/><U114/><E114/><V117/><F120/><W68/><G68/><T70/><D103/><U49/><E67/><V112/><F112/><W42/><G99/><T126/><D126/><U19/><E119/><V20/><F20/><W73/><G73/><T44/><D38/><U106/><E106/><V46/><F87/><W4/><G4/><T31/><D7/><U52/><E116/><V101/><F101/><W54/><G42/><T64/><D64/><U86/><E30/><V105/><F105/><W91/><G100/><T16/><D31/><U2/><E27/><V26/><F26/><N who="3" m="14679" /><G129/><T13/><D15/><U88/><E25/><V108/><F108/><W95/><G95/><T110/><D110/><U65/><E65/><AGARI ba="1,2" hai="51,54,56,59,61,65,76,77,91,94,96" m="14679" machi="65" ten="30,1000,0" yaku="8,1" doraHai="32" who="3" fromWho="1" sc="261,0,101,-13,348,0,270,33" /><INIT seed="6,0,0,4,2,82" ten="261,88,348,303" oya="2" hai0="101,30,111,8,133,125,18,117,31,54,130,134,5" hai1="13,77,86,106,66,24,67,131,22,128,132,59,96" hai2="91,35,126,64,12,121,75,61,2,135,95,102,4" hai3="21,90,129,20,78,41,27,71,0,44,72,73,36"/><V104/><F121/><W100/><G71/><T46/><D101/><U60/><E132/><N who="0" m="50793" /><D54/><U127/><E127/><V52/><F75/><W112/><G129/><T34/><D46/><U105/><E67/><V16/><F126/><W70/><G70/><T11/><D125/><U123/><E123/><V19/><F35/><W87/><G0/><N who="0" m="39" /><D111/><U42/><E13/><V84/><F2/><W39/><G39/><T85/><D85/><U89/><E42/><V94/><F104/><W113/><G100/><T32/><D130/><U15/><E77/><V9/><F135/><W92/><G20/><T51/><D51/><U80/><E131/><V114/><F114/><N who="3" m="44139" /><G78/><T120/><D120/><U81/><E128/><V108/><F108/><W26/><G26/><T79/><D79/><U37/><E37/><V56/><F64/><W98/><G98/><AGARI ba="0,0" hai="4,9,12,16,19,52,56,61,84,91,94,95,98,102" machi="98" ten="40,12000,1" yaku="8,1,52,1,54,2" doraHai="82" who="2" fromWho="3" sc="261,0,88,0,348,120,303,-120" /><INIT seed="6,1,0,4,5,17" ten="261,88,468,183" oya="2" hai0="94,25,127,129,92,125,87,61,1,83,68,120,121" hai1="20,4,104,53,15,54,97,96,99,24,77,118,93" hai2="67,12,43,73,10,117,3,126,9,49,31,84,36" hai3="122,105,133,7,103,75,101,14,30,131,50,11,48"/><V38/><F117/><W110/><G122/><T66/><D1/><U107/><E118/><V64/><F73/><W109/><G75/><T74/><D74/><U128/><E128/><V0/><F49/><W33/><G131/><T52/><D52/><U51/><E77/><V29/><F12/><W78/><G78/><T8/><D8/><U56/><E107/><V40/><F84/><W112/><G133/><T80/><D25/><U115/><E115/><V42/><F42/><W35/><G105/><T57/><D68/><U2/><E104/><V119/><F119/><W60/><G60/><T63/><D57/><U102/><E2/><V28/><F28/><W41/><G30/><T44/><D87/><U124/><E124/><AGARI ba="1,0" hai="0,3,9,10,29,31,36,38,40,43,64,67,124,126" machi="124" ten="25,2400,0" yaku="22,2" doraHai="17" who="2" fromWho="1" sc="261,0,88,-27,468,27,183,0" /><INIT seed="6,2,0,1,5,76" ten="261,61,495,183" oya="2" hai0="95,11,129,24,116,57,118,66,27,22,34,40,33" hai1="102,48,119,93,121,9,127,4,108,132,52,128,23" hai2="25,39,65,75,59,107,7,125,14,133,134,12,111" hai3="74,2,81,47,70,50,64,53,55,122,100,13,1"/><V62/><F75/><W44/><G122/><T99/><D40/><U63/><E119/><N who="0" m="45609" /><D11/><U67/><E108/><V19/><F111/><W17/><G100/><N who="0" m="60543" /><D129/><U135/><E121/><V110/><F110/><W49/><G64/><T87/><D87/><U92/><E128/><V54/><F107/><W68/><G1/><T124/><D124/><U112/><E127/><V5/><F39/><W69/><G2/><T42/><D42/><U86/><E112/><V28/><F125/><W123/><G123/><T20/><D20/><U88/><E23/><V30/><F65/><W16/><G13/><N who="2" m="5225" /><F19/><W80/><G70/><T37/><D27/><U0/><E93/><V6/><F25/><W120/><G120/><T126/><D37/><U46/><REACH who="1" step="1"/><E102/><REACH who="1" ten="261,51,495,183" step="2"/><V89/><F134/><W45/><G45/><T32/><D22/><U91/><E91/><V8/><F133/><W60/><G60/><N who="0" m="38159" /><D126/><U73/><E73/><AGARI ba="2,1" hai="16,17,44,47,49,50,53,55,68,69,73,74,80,81" machi="73" ten="25,8000,1" yaku="22,2,52,2,54,1" doraHai="76" who="3" fromWho="1" sc="261,0,51,-86,495,0,183,96" owari="261,-13.9,-35,-53.5,495,59.5,279,7.9" /></mjloggm>