<mjloggm ver="2.3"><GO type="169" lobby="0"/><UN n0="%73%75%70%6F%72%6F%4E" n1="%E6%AE%8B%E9%85%B7%E3%81%AA%E5%A4%A9%E4%BD%BF%E3%83%8F%E3%83%9E%E3%83%BC" n2="%52%65%63%61%6C%74%71" n3="%41%6D%69%63%68%61%6E" dan="17,16,16,16" rate="2112.31,2115.27,2125.38,2077.69" sx="M,M,M,F"/><TAIKYOKU oya="0"/><INIT seed="0,0,0,4,2,5" ten="250,250,250,250" oya="0" hai0="31,39,63,121,61,35,2,10,26,1,101,56,97" hai1="114,120,36,48,34,117,103,50,127,128,16,32,134" hai2="132,108,51,65,129,122,12,95,59,64,68,130,21" hai3="77,46,27,71,58,3,13,74,111,70,9,109,96"/><T14/><D121/><U76/><E117/><V19/><F122/><W99/><G3/><T82/><D39/><U29/><E120/><V75/><F75/><W40/><G27/><T115/><D82/><U7/><E36/><V33/><F33/><W20/><G20/><T22/><D115/><U81/><E114/><V45/><F132/><W6/><G58/><T78/><D78/><U80/><E80/><V110/><F95/><W135/><G135/><T79/><D79/><U4/><E134/><V83/><F83/><N who="3" m="45495" /><G99/><T98/><D98/><U105/><E128/><N who="2" m="49259" /><F59/><W55/><G55/><T43/><D43/><U85/><E127/><V113/><F113/><W11/><G96/><T124/><D124/><U0/><E0/><V91/><F91/><W116/><G11/><T23/><D1/><U66/><E66/><N who="2" m="25707" /><F68/><W24/><G116/><T17/><D2/><U94/><E105/><V15/><F15/><W112/><G112/><T125/><D125/><U84/><E34/><V41/><AGARI ba="0,0" hai="12,19,21,41,45,51,108,110" m="25707,49259" machi="41" ten="30,1100,0" yaku="19,1" doraHai="5" who="2" fromWho="2" sc="250,-5,250,-3,250,11,250,-3" /><INIT seed="1,0,0,5,2,130" ten="245,247,261,247" oya="1" hai0="16,127,68,33,95,63,116,55,88,22,26,3,39" hai1="107,50,72,29,78,106,71,104,8,13,115,44,36" hai2="113,58,94,91,20,135,76,119,117,83,131,49,7" hai3="45,66,124,14,134,28,79,59,38,4,85,109,73"/><U51/><E115/><V21/><F131/><W19/><G109/><T35/><D116/><U121/><E121/><V34/><F34/><W40/><G124/><T65/><D127/><U86/><E71/><V9/><F113/><W25/><G73/><T110/><D110/><U126/><E126/><V133/><F119/><W98/><G4/><T18/><D3/><U12/><E72/><V128/><F128/><W61/><G98/><T75/><D75/><U97/><E29/><V103/><F103/><W90/><G79/><T84/><D39/><U15/><E97/><V93/><F117/><W17/><G14/><T41/><D41/><U56/><E56/><V120/><F120/><W129/><G129/><T54/><REACH who="0" step="1"/><D18/><REACH who="0" ten="235,247,261,247" step="2"/><U81/><REACH who="1" step="1"/><E8/><REACH who="1" ten="235,237,261,247" step="2"/><V132/><F9/><W80/><G28/><T105/><D105/><U42/><AGARI ba="0,2" hai="12,13,15,36,42,44,50,51,78,81,86,104,106,107" machi="42" ten="40,7800,0" yaku="1,1,2,1,0,1,53,0" doraHai="130" doraHaiUra="1" who="1" fromWho="1" sc="235,-26,237,98,261,-26,247,-26" /><INIT seed="1,1,0,3,1,57" ten="209,335,235,221" oya="1" hai0="80,97,6,87,49,126,19,93,11,23,14,69,84" hai1="95,15,33,111,118,85,115,51,22,42,66,134,131" hai2="58,59,71,65,122,13,28,35,103,76,127,102,52" hai3="92,81,17,47,40,44,1,75,8,0,31,73,10"/><U41/><E115/><V70/><F122/><W72/><G31/><T114/><D126/><U30/><E118/><V113/><F127/><W135/><G135/><T63/><D114/><U54/><E134/><V91/><F76/><W121/><G121/><T32/><D32/><U98/><E131/><V46/><F113/><W133/><G133/><T56/><D69/><U106/><E33/><V12/><F28/><W101/><G81/><T83/><D49/><U120/><E120/><V4/><F91/><W50/><G47/><T68/><D68/><U21/><E66/><V132/><F46/><W89/><G101/><T38/><D38/><U125/><E125/><V55/><F65/><W94/><G94/><T25/><D83/><U5/><E106/><V39/><F35/><W99/><REACH who="3" step="1"/><G17/><REACH who="3" ten="209,335,235,211" step="2"/><T7/><D80/><U53/><E30/><V62/><F132/><W79/><G79/><T24/><D7/><U88/><E111/><V45/><F45/><W107/><G107/><T82/><D82/><U124/><E124/><V27/><F4/><W119/><G119/><T74/><D74/><U3/><E5/><V130/><F130/><W29/><G29/><T90/><REACH who="0" step="1"/><D25/><REACH who="0" ten="199,335,235,211" step="2"/><U16/><E41/><V78/><F27/><W64/><G64/><AGARI ba="1,2" hai="6,11,14,19,23,24,56,63,64,84,87,90,93,97" machi="64" ten="30,8000,1" yaku="1,1,2,1,7,1,8,1,52,1,53,0" doraHai="57" doraHaiUra="109" who="0" fromWho="3" sc="199,103,335,0,235,0,211,-83" /><INIT seed="2,0,0,2,0,129" ten="302,335,235,128" oya="2" hai0="125,81,114,70,37,100,24,8,80,118,61,101,41" hai1="26,48,110,84,51,47,4,91,123,72,132,75,15" hai2="20,6,90,9,95,55,23,131,89,18,64,7,19" hai3="112,30,111,42,93,43,69,73,133,25,108,34,46"/><V126/><F126/><W94/><G69/><T36/><D114/><U104/><E104/><V135/><F64/><W58/><G73/><T92/><D8/><U122/><E110/><N who="3" m="42026" /><G112/><T39/><D41/><N who="3" m="15369" /><G46/><T16/><D125/><U0/><E0/><V2/><F131/><W105/><G105/><T21/><D118/><U65/><E65/><V86/><F135/><W77/><G77/><T29/><D61/><U22/><E132/><V98/><F55/><W13/><G133/><T116/><D116/><U12/><E75/><V121/><F121/><W38/><G38/><T96/><D70/><U56/><E56/><V27/><F9/><W5/><G58/><T14/><REACH who="0" step="1"/><D101/><REACH who="0" ten="292,335,235,128" step="2"/><U11/><E11/><AGARI ba="0,1" hai="5,11,13,25,30,34,93,94" m="15369,42026" machi="11" ten="30,1000,0" yaku="14,1" doraHai="129" who="3" fromWho="1" sc="292,0,335,-10,235,0,128,20" /><INIT seed="3,0,0,0,1,29" ten="292,325,235,148" oya="3" hai0="113,125,60,104,10,59,129,27,49,77,97,52,28" hai1="23,119,112,69,39,55,134,89,17,33,64,43,5" hai2="9,120,65,24,21,4,1,114,91,48,90,40,103" hai3="68,111,36,133,79,26,100,32,45,116,6,70,132"/><W61/><G116/><T121/><D121/><U76/><E112/><V108/><F120/><W58/><G79/><T0/><D113/><U73/><E119/><V71/><F114/><W84/><G6/><T38/><D38/><U18/><E89/><V66/><F103/><W99/><G84/><T44/><D125/><U56/><E5/><V110/><F71/><W8/><G8/><T37/><D37/><U131/><E64/><V88/><F48/><W106/><G45/><T35/><D129/><U118/><E69/><V135/><F40/><W115/><G36/><T107/><D77/><U95/><E95/><V14/><F1/><W41/><G41/><T80/><D80/><U51/><E118/><V2/><F2/><W124/><G124/><T31/><D31/><U96/><E96/><V93/><F135/><N who="3" m="51787" /><G115/><T127/><D127/><U82/><E134/><V117/><F117/><W86/><G86/><T128/><D128/><U54/><E131/><V109/><REACH who="2" step="1"/><F93/><REACH who="2" ten="292,325,225,148" step="2"/><W72/><G111/><T15/><D0/><U122/><E43/><V78/><F78/><W46/><G46/><T57/><D59/><U75/><E56/><V67/><F67/><N who="3" m="39351" /><G72/><T34/><D104/><U19/><E75/><V7/><F7/><W12/><G70/><T3/><D3/><U25/><E73/><V42/><F42/><W102/><G68/><T50/><D57/><U16/><E76/><V20/><F20/><W92/><G92/><T101/><D50/><U126/><E51/><V11/><F11/><W62/><G102/><T47/><D101/><U98/><E39/><V53/><F53/><RYUUKYOKU ba="0,1" sc="292,-10,325,-10,225,30,148,-10" hai2="4,9,14,21,24,65,66,88,90,91,108,109,110" /><INIT seed="4,1,1,4,1,112" ten="282,315,255,138" oya="0" hai0="107,124,16,130,22,122,106,63,21,27,61,60,89" hai1="87,135,85,48,2,35,9,84,53,97,86,12,55" hai2="15,46,99,10,133,131,132,56,82,134,125,47,11" hai3="20,108,24,83,62,39,96,75,59,94,69,91,103"/><T64/><D122/><U81/><E135/><V72/><F131/><W126/><G108/><T28/><D130/><U41/><E35/><V80/><F125/><W111/><G111/><T93/><D124/><U104/><E2/><V65/><F99/><W29/><G126/><T119/><D119/><U115/><E115/><V128/><F128/><W32/><G39/><T121/><D121/><U19/><E104/><V101/><F101/><W58/><G32/><T71/><D107/><U1/><E1/><V129/><F129/><W88/><G69/><T5/><D5/><U26/><E97/><V49/><F72/><W67/><G59/><T50/><D50/><U33/><E33/><V70/><F70/><W51/><G51/><T23/><D106/><U8/><E26/><V3/><F3/><W17/><G17/><T79/><D79/><AGARI ba="1,1" hai="20,24,29,58,62,67,75,79,83,88,91,94,96,103" machi="79" ten="40,5200,0" yaku="25,2,54,1" doraHai="112" who="3" fromWho="0" sc="282,-55,315,0,255,0,138,65" /><INIT seed="5,0,0,5,2,87" ten="227,315,255,203" oya="1" hai0="66,22,85,76,18,77,65,61,62,107,133,104,130" hai1="127,5,58,25,114,103,34,101,116,125,11,57,41" hai2="52,45,83,54,135,21,20,48,9,102,113,2,123" hai3="38,115,55,81,49,56,35,50,44,88,64,31,119"/><U1/><E114/><V122/><F135/><W42/><G115/><T43/><D133/><U79/><E116/><V112/><F102/><N who="1" m="38921" /><E79/><V26/><F83/><W111/><G111/><T110/><D130/><U59/><E41/><V33/><F33/><W0/><G0/><T8/><D110/><U73/><E73/><V106/><F106/><W17/><G119/><T32/><D32/><U95/><E95/><V28/><F112/><W80/><G31/><T124/><D124/><N who="1" m="47691" /><E34/><V109/><F109/><W36/><G35/><T63/><D76/><U108/><E108/><V29/><F113/><W120/><G120/><T6/><D43/><U96/><E96/><V4/><F54/><W46/><G64/><T75/><D75/><U100/><E100/><V74/><F74/><W82/><G38/><T14/><D104/><U7/><E7/><V37/><F37/><W128/><G128/><T19/><D6/><U15/><E25/><AGARI ba="0,0" hai="2,4,9,20,21,25,26,28,29,45,48,52,122,123" machi="25" ten="40,2600,0" yaku="9,1,54,1" doraHai="87" who="2" fromWho="1" sc="227,0,315,-26,255,26,203,0" /><INIT seed="6,0,0,3,4,16" ten="227,289,281,203" oya="2" hai0="6,133,90,114,2,94,31,1,109,131,0,83,70" hai1="80,128,55,24,130,102,52,101,7,9,69,10,33" hai2="72,46,67,32,17,124,39,28,51,11,81,105,54" hai3="50,61,44,66,92,35,12,36,23,112,108,47,100"/><V59/><F105/><W86/><G108/><T135/><D109/><U115/><E69/><V43/><F124/><W95/><G35/><T13/><D70/><U91/><E115/><V75/><F67/><W119/><G119/><T48/><D114/><U57/><E91/><V89/><F28/><W42/><G112/><T60/><D83/><U20/><E80/><V79/><F32/><W129/><G129/><N who="1" m="49770" /><E33/><V68/><F68/><W25/><G12/><T65/><D31/><N who="1" m="17799" /><E10/><V22/><F11/><W64/><G100/><N who="1" m="38506" /><E57/><V78/><F89/><W88/><G95/><T49/><D131/><U121/><E121/><V27/><F78/><W120/><G120/><T19/><D94/><U110/><E110/><V104/><F104/><W96/><G96/><T116/><D90/><U73/><E73/><AGARI ba="0,0" hai="17,22,27,39,43,46,51,54,59,72,73,75,79,81" machi="73" ten="30,2900,0" yaku="7,1,52,1" doraHai="16" who="2" fromWho="1" sc="227,0,289,-29,281,29,203,0" /><INIT seed="6,1,0,2,0,92" ten="227,260,310,203" oya="2" hai0="3,19,9,65,39,47,0,36,88,112,93,135,124" hai1="110,105,58,15,56,98,66,134,55,52,32,7,61" hai2="122,123,129,104,101,100,45,97,53,87,38,113,64" hai3="46,6,63,42,102,2,81,119,30,103,1,86,14"/><V131/><F113/><W67/><G119/><T43/><D112/><U29/><E110/><V48/><F38/><W37/><G30/><T77/><D124/><U109/><E109/><V127/><F101/><W75/><G14/><T107/><D135/><U120/><E134/><V54/><F127/><W51/><G51/><T84/><D107/><U13/><E120/><V91/><F64/><W79/><G86/><T132/><D132/><U90/><E32/><V94/><REACH who="2" step="1"/><F54/><REACH who="2" ten="227,260,300,203" step="2"/><W96/><G103/><T12/><D39/><U78/><E66/><V28/><F28/><W70/><REACH who="3" step="1"/><G6/><REACH who="3" ten="227,260,300,193" step="2"/><T17/><D36/><U40/><E29/><V121/><AGARI ba="1,2" hai="45,48,53,87,91,94,97,100,104,121,122,123,129,131" machi="121" ten="40,7800,0" yaku="1,1,0,1,52,1,53,0" doraHai="92" doraHaiUra="5" who="2" fromWho="2" sc="227,-27,260,-27,300,101,193,-27" /><INIT seed="6,2,0,0,2,13" ten="200,233,401,166" oya="2" hai0="109,30,107,28,75,72,41,8,37,18,74,96,106" hai1="1,97,104,91,81,120,80,48,129,115,33,95,9" hai2="76,60,71,114,93,94,83,51,21,31,10,2,79" hai3="66,4,135,84,124,131,100,29,14,113,49,86,90"/><V123/><F123/><W20/><G135/><T68/><D109/><U12/><E120/><V117/><F117/><W85/><G131/><T82/><D68/><U77/><E129/><V43/><F76/><W47/><G124/><T61/><D61/><U121/><E121/><V130/><F130/><W27/><G100/><T45/><D82/><U40/><E115/><V134/><F134/><W133/><G133/><T38/><D38/><U64/><E33/><V73/><F31/><W52/><G113/><T26/><D96/><U39/><E1/><V50/><F21/><W58/><G66/><T110/><D110/><U98/><E39/><V17/><F2/><W19/><G4/><T111/><D111/><U56/><E104/><V0/><F0/><W15/><G15/><T89/><D89/><U119/><E119/><V102/><F102/><W32/><REACH who="3" step="1"/><G47/><REACH who="3" ten="200,233,401,156" step="2"/><T22/><REACH who="0" step="1"/><D8/><REACH who="0" ten="190,233,401,156" step="2"/><U36/><E9/><V65/><F10/><W11/><G11/><T70/><D70/><U46/><E64/><V35/><F65/><W23/><G23/><T44/><D44/><U105/><E46/><V88/><F114/><W78/><G78/><T108/><D108/><U25/><E77/><V132/><F79/><W103/><G103/><T116/><D116/><U122/><E122/><V62/><F71/><W101/><G101/><T126/><D126/><U5/><E105/><AGARI ba="2,2" hai="18,22,26,28,30,37,41,45,72,74,75,105,106,107" machi="105" ten="50,3200,0" yaku="1,1,52,1,53,0" doraHai="13" doraHaiUra="118" who="0" fromWho="1" sc="190,58,233,-38,401,0,156,0" /><INIT seed="7,0,0,5,4,20" ten="248,195,401,156" oya="3" hai0="77,116,66,3,76,34,48,92,25,99,29,35,62" hai1="47,1,53,37,38,42,46,114,104,83,120,11,118" hai2="19,71,90,95,110,57,97,16,81,4,133,113,82" hai3="13,132,131,88,32,87,55,6,103,123,7,2,91"/><W52/><G123/><T22/><D116/><U50/><E120/><V49/><F71/><W18/><G32/><T12/><D3/><U28/><E118/><V134/><F110/><W122/><G122/><T43/><D12/><U44/><E104/><V69/><F69/><W31/><G132/><T40/><D35/><U85/><E114/><V112/><F4/><N who="3" m="1579" /><G2/><T124/><D34/><U75/><E75/><V86/><F82/><N who="3" m="49271" /><G131/><T74/><D124/><U128/><E128/><V15/><F19/><W24/><G103/><N who="0" m="60903" /><D74/><U30/><E1/><V14/><F134/><W68/><G68/><T135/><D135/><U73/><E73/><V100/><F133/><W70/><G70/><T59/><D48/><U39/><E11/><V102/><F49/><W105/><G105/><T107/><D107/><U96/><E39/><V89/><F113/><W54/><G91/><T26/><D26/><U109/><E109/><V64/><F90/><W8/><G55/><T119/><D119/><U78/><E96/><V0/><F0/><W111/><G111/><T80/><D80/><U10/><E10/><V84/><F112/><W129/><G129/><T101/><D101/><U94/><E94/><V33/><F102/><W27/><G31/><T93/><D93/><U56/><E38/><V23/><F33/><W61/><G54/><T126/><D126/><U41/><E37/><V17/><F100/><W117/><G117/><T127/><D127/><U21/><E30/><V106/><F106/><W65/><G65/><T51/><D43/><U115/><E115/><V45/><F89/><W63/><G63/><RYUUKYOKU ba="0,0" sc="248,10,195,10,401,-30,156,10" hai0="22,25,29,40,51,59,62,66,76,77" hai1="21,28,41,42,44,46,47,50,53,56,78,83,85" hai3="8,13,18,24,27,52,61" /><INIT seed="7,1,0,3,2,97" ten="258,205,371,166" oya="3" hai0="90,69,115,71,89,53,14,94,135,87,93,54,35" hai1="9,68,119,83,61,8,107,74,132,114,104,31,36" hai2="33,55,96,120,13,37,101,20,134,45,127,12,19" hai3="64,133,52,105,70,82,117,126,29,42,6,65,102"/><W28/><G117/><T92/><D35/><U72/><E36/><V4/><F33/><W32/><G42/><T106/><D106/><U58/><E68/><V16/><F120/><W22/><G32/><T77/><D135/><U121/><E121/><V122/><F4/><W100/><G133/><T110/><D110/><U3/><E132/><V26/><F122/><W48/><G105/><T116/><D116/><U7/><E119/><V21/><F127/><W128/><G126/><T44/><D115/><U39/><E39/><V86/><F134/><W113/><G113/><T59/><D14/><U38/><E38/><V62/><F86/><W11/><G128/><T40/><D71/><U5/><E31/><N who="3" m="11850" /><G70/><T0/><D0/><U57/><E114/><V99/><F26/><W98/><G82/><N who="0" m="47567" /><D69/><U60/><E83/><V43/><F101/><N who="3" m="39019" /><G98/><T67/><D40/><U131/><E3/><V49/><F62/><W95/><G95/><T63/><D92/><U27/><E27/><V78/><F78/><W25/><G11/><T85/><D94/><U34/><E34/><V24/><F24/><W130/><G130/><AGARI ba="1,0" hai="5,7,8,9,57,58,60,61,72,74,104,107,130,131" machi="130" ten="25,1600,0" yaku="22,2" doraHai="97" who="1" fromWho="3" sc="258,0,205,19,371,0,166,-19" owari="258,5.8,224,-17.6,371,47.1,147,-35.3" /></mjloggm>