<mjloggm ver="2.3"><GO type="169" lobby="0"/><UN n0="%E7%89%8C%E6%B5%81%E7%8A%B6%E6%85%8B%E9%BA%BB%E9%9B%80" n1="%4A%49%4D" n2="%2D%6B%65%6C%2E" n3="%4C%C3%97%57%C3%97%4C" dan="16,17,17,16" rate="2138.91,2178.42,2168.60,2134.25" sx="M,F,F,M"/><TAIKYOKU oya="0"/><INIT seed="0,0,0,2,4,8" ten="250,250,250,250" oya="0" hai0="1,109,100,131,115,17,11,45,24,63,80,111,3" hai1="133,123,110,112,53,66,121,42,104,125,126,132,43" hai2="60,74,26,21,67,44,64,40,130,41,46,47,10" hai3="25,88,113,72,36,73,93,5,85,105,2,18,14"/><T101/><D115/><U76/><E104/><V97/><F74/><W65/><G113/><T78/><D131/><U77/><E112/><V124/><F124/><N who="1" m="47721" /><E66/><V30/><F130/><W39/><G105/><T49/><D63/><U20/><E20/><V71/><F67/><W33/><G65/><T117/><D117/><U83/><E53/><V82/><F82/><W128/><G128/><T34/><D34/><U81/><E110/><N who="0" m="41993" /><D24/><U134/><E43/><V114/><F114/><W70/><G70/><T32/><D32/><U31/><E42/><V108/><F108/><W135/><G25/><T15/><D1/><U116/><E31/><V58/><F71/><W35/><G35/><T118/><D3/><U98/><E98/><V102/><REACH who="2" step="1"/><F10/><REACH who="2" ten="250,250,240,250" step="2"/><W22/><G72/><N who="0" m="43079" /><D118/><U68/><E68/><V50/><F50/><W54/><G73/><T62/><D62/><U106/><E116/><V69/><F69/><W59/><G36/><T122/><D122/><N who="1" m="46603" /><E106/><AGARI ba="0,1" hai="21,26,30,40,41,44,46,47,58,60,64,97,102,106" machi="106" ten="40,1300,0" yaku="1,1,53,0" doraHai="8" doraHaiUra="13" who="2" fromWho="1" sc="250,0,250,-13,240,23,250,0" /><INIT seed="1,0,0,3,5,58" ten="250,237,263,250" oya="1" hai0="118,68,72,112,86,1,64,44,38,37,8,51,21" hai1="4,11,31,87,80,12,35,24,101,119,29,85,42" hai2="43,114,77,88,41,116,123,79,15,73,9,124,32" hai3="33,36,45,110,125,57,52,62,107,82,84,30,106"/><U40/><E119/><V26/><F123/><W25/><G110/><T105/><D72/><U28/><E35/><V13/><F79/><W120/><G120/><T117/><D105/><U113/><E113/><V92/><F116/><N who="0" m="44650" /><D86/><U121/><E121/><V54/><F15/><W96/><G96/><T135/><D21/><U22/><E101/><V0/><F0/><W132/><G132/><T129/><D8/><U128/><E128/><V14/><F14/><W16/><G125/><T2/><D2/><U122/><E122/><V67/><F67/><W59/><G16/><T49/><D1/><U56/><E87/><V126/><F114/><W94/><G94/><T98/><D98/><U23/><E56/><V74/><F54/><W78/><REACH who="3" step="1"/><G59/><REACH who="3" ten="250,237,263,240" step="2"/><T6/><D135/><U27/><REACH who="1" step="1"/><E29/><REACH who="1" ten="250,227,263,240" step="2"/><V109/><F126/><W91/><G91/><AGARI ba="0,2" hai="4,11,12,22,23,24,27,28,31,40,42,80,85,91" machi="91" ten="30,12000,1" yaku="1,1,2,1,7,1,9,1,8,1,53,0" doraHai="58" doraHaiUra="97" who="1" fromWho="3" sc="250,0,227,140,263,0,240,-120" /><INIT seed="1,1,0,1,1,0" ten="250,367,263,120" oya="1" hai0="63,131,130,34,82,120,55,132,98,23,20,104,36" hai1="56,15,106,88,39,28,77,109,11,80,75,95,135" hai2="58,85,64,8,76,30,54,110,129,22,44,74,93" hai3="17,112,14,66,111,7,51,83,31,19,99,49,118"/><U5/><E39/><V119/><F119/><W86/><G118/><T121/><D34/><U102/><E135/><V3/><F129/><N who="0" m="49162" /><D36/><U116/><E116/><V13/><F74/><W105/><G112/><T26/><D82/><U60/><E28/><V53/><F110/><W32/><G111/><T114/><D114/><U108/><E102/><V45/><F3/><W107/><G66/><T72/><D72/><U123/><E106/><V89/><F76/><W48/><G31/><N who="0" m="17863" /><D23/><U133/><E123/><V96/><F22/><W69/><G69/><T73/><D73/><U6/><E133/><V29/><F64/><W94/><G32/><T41/><D41/><U12/><E56/><V4/><F96/><W43/><G43/><T124/><D124/><U65/><E60/><N who="2" m="35919" /><F54/><W91/><G107/><T2/><D2/><U103/><E103/><V134/><F134/><W101/><REACH who="3" step="1"/><G105/><REACH who="3" ten="250,367,263,110" step="2"/><T100/><D132/><U42/><E42/><V47/><AGARI ba="1,1" hai="4,8,13,29,30,44,45,47,85,89,93" m="35919" machi="47" ten="30,2000,0" yaku="8,1,52,1" doraHai="0" who="2" fromWho="2" sc="250,-6,367,-11,263,33,110,-6" /><INIT seed="2,0,0,1,5,13" ten="244,356,296,104" oya="2" hai0="110,130,79,10,15,128,77,38,119,72,133,45,18" hai1="90,61,96,131,91,135,69,28,122,63,121,76,106" hai2="107,103,85,52,115,81,37,58,82,8,5,23,124" hai3="94,39,41,1,116,108,120,49,98,75,129,112,109"/><V32/><F115/><W53/><G1/><T31/><D110/><U114/><E114/><V46/><F32/><W71/><G75/><T67/><D133/><U68/><E135/><V62/><F124/><W33/><G33/><T97/><D119/><U118/><E118/><V27/><F37/><W0/><G0/><T30/><D67/><U111/><E111/><V22/><F22/><W47/><G112/><T73/><D97/><U12/><E76/><N who="0" m="29257" /><D38/><U70/><E28/><N who="0" m="10793" /><D45/><U89/><E131/><AGARI ba="0,0" hai="10,15,18,72,73,128,130,131" m="10793,29257" machi="131" ten="30,2000,0" yaku="19,1,52,1" doraHai="13" who="0" fromWho="1" sc="244,20,356,-20,296,0,104,0" /><INIT seed="3,0,0,0,1,133" ten="264,336,296,104" oya="3" hai0="125,111,29,86,6,82,94,54,68,84,46,52,90" hai1="16,12,97,58,81,59,79,45,77,109,27,91,123" hai2="76,135,13,56,105,95,61,116,130,106,83,73,3" hai3="18,4,53,98,85,7,48,88,5,101,126,36,22"/><W19/><G36/><T122/><D122/><U9/><E123/><V80/><F116/><W69/><G69/><T78/><D111/><U34/><E109/><V38/><F38/><W99/><G126/><T114/><D114/><U134/><E134/><V55/><F135/><W96/><G101/><T103/><D68/><U132/><E132/><V89/><F3/><W117/><G117/><T102/><D125/><U121/><E121/><V67/><F130/><W71/><G71/><T39/><D6/><U131/><E45/><V128/><F128/><W129/><G129/><T30/><D39/><U49/><E49/><V26/><F83/><W63/><G63/><T43/><D43/><U120/><E131/><V15/><F106/><W57/><REACH who="3" step="1"/><G22/><REACH who="3" ten="264,336,296,94" step="2"/><T40/><D103/><U11/><E120/><V32/><F32/><W51/><G51/><N who="0" m="27079" /><D102/><U66/><E34/><V87/><F105/><W72/><G72/><T113/><D113/><U92/><E11/><V107/><F107/><W33/><G33/><T31/><AGARI ba="0,1" hai="29,30,31,52,54,78,82,84,86,90,94" m="27079" machi="31" ten="30,2000,0" yaku="8,1,54,1" doraHai="133" who="0" fromWho="0" sc="264,30,336,-5,296,-5,94,-10" /><INIT seed="4,0,0,1,1,50" ten="294,331,291,84" oya="0" hai0="90,80,14,99,4,34,40,19,103,64,43,58,28" hai1="42,20,32,65,46,130,74,73,45,93,129,23,9" hai2="30,39,114,82,95,11,44,125,119,3,71,35,67" hai3="92,127,48,113,115,12,94,68,81,84,120,2,117"/><T66/><D4/><U134/><E32/><V116/><F95/><W17/><G117/><T0/><D0/><U56/><E9/><V79/><F114/><W132/><G2/><T5/><D5/><U100/><E134/><V72/><F125/><W6/><G6/><T29/><D90/><U18/><E100/><V16/><F16/><W78/><G132/><T63/><D66/><U102/><E102/><V87/><F87/><W83/><G68/><T101/><D80/><U13/><E93/><V97/><F97/><W1/><G1/><T118/><D103/><U96/><E96/><V7/><F67/><W57/><G127/><T111/><D111/><U104/><E104/><V89/><F89/><W49/><G49/><T33/><D33/><U112/><E112/><N who="3" m="43082" /><G83/><T108/><D108/><U77/><E77/><V36/><F71/><W54/><G120/><T60/><D60/><U61/><E23/><AGARI ba="0,0" hai="12,17,23,48,54,57,78,81,84,92,94" m="43082" machi="23" ten="30,2000,0" yaku="15,1,52,1" doraHai="50" who="3" fromWho="1" sc="294,0,331,-20,291,0,84,20" /><INIT seed="5,0,0,3,4,13" ten="294,311,291,104" oya="1" hai0="37,58,61,108,26,101,56,120,7,17,40,87,84" hai1="38,124,19,42,66,75,68,86,81,135,36,114,5" hai2="130,134,12,51,2,62,119,27,123,80,107,122,99" hai3="76,20,89,100,110,109,64,97,132,25,63,94,118"/><U9/><E75/><V121/><F119/><W0/><G118/><T49/><D108/><U29/><E29/><V88/><F2/><W28/><G132/><T125/><D125/><U35/><E35/><V98/><F134/><W57/><G0/><T46/><D120/><U78/><E135/><V72/><F130/><W95/><REACH who="3" step="1"/><G76/><REACH who="3" ten="294,311,291,94" step="2"/><T128/><D128/><U116/><E116/><V23/><F123/><W14/><G14/><T96/><D7/><U10/><E124/><V30/><F12/><W117/><G117/><T41/><D26/><U59/><E5/><V85/><F122/><W32/><G32/><T93/><D37/><U126/><E126/><V50/><F121/><W104/><G104/><T6/><D6/><U1/><E1/><V39/><F107/><W15/><G15/><T103/><D103/><U70/><E38/><V67/><F39/><W44/><G44/><T105/><D105/><U3/><E3/><V102/><F27/><W55/><G55/><T90/><D101/><U54/><E54/><V48/><F102/><W22/><G22/><T33/><D33/><U77/><E36/><V31/><F23/><W106/><G106/><T21/><D46/><U47/><E47/><V11/><F11/><W133/><G133/><T74/><D21/><U91/><E9/><V18/><F67/><W60/><G60/><T92/><D61/><U71/><E10/><V83/><F62/><W4/><G4/><T79/><D79/><U16/><E78/><V52/><F52/><W53/><G53/><T111/><D49/><U82/><E66/><V115/><F51/><RYUUKYOKU ba="0,1" sc="294,-10,311,-10,291,-10,94,30" hai3="20,25,28,57,63,64,89,94,95,97,100,109,110" /><INIT seed="6,1,1,3,1,6" ten="284,301,281,124" oya="2" hai0="63,17,1,62,104,81,117,47,79,58,130,15,122" hai1="43,66,53,126,99,60,84,36,22,40,9,80,131" hai2="38,18,70,16,95,85,11,2,35,75,71,135,61" hai3="93,14,65,37,116,112,98,134,51,73,8,129,21"/><V5/><F75/><W109/><G37/><T78/><D122/><U12/><E36/><V54/><F38/><W102/><G109/><T87/><D1/><U50/><E131/><V26/><F135/><W56/><G116/><T23/><D104/><U46/><E22/><V119/><F119/><W67/><G134/><T72/><D117/><U96/><E126/><V4/><F4/><W133/><G73/><T13/><D130/><U107/><E107/><V123/><F123/><W125/><G125/><T42/><D72/><U91/><E43/><V34/><F34/><W39/><G39/><T111/><D111/><U124/><E40/><V114/><F114/><W57/><G112/><T83/><D13/><U132/><E124/><V45/><F35/><W33/><G33/><T49/><D63/><U28/><E28/><V113/><F113/><W74/><G74/><T103/><D103/><U106/><E106/><V3/><F3/><W32/><G32/><T108/><D108/><U128/><E128/><V31/><F31/><W30/><G133/><T121/><D121/><U44/><E44/><V118/><F118/><W20/><G129/><T89/><REACH who="0" step="1"/><D83/><REACH who="0" ten="274,301,281,124" step="2"/><U69/><E132/><V90/><F61/><W94/><G102/><T55/><AGARI ba="1,2" hai="15,17,23,42,47,49,55,58,62,78,79,81,87,89" machi="55" ten="20,12000,2" yaku="1,1,2,1,0,1,7,1,8,1,53,1" doraHai="6" doraHaiUra="82" who="0" fromWho="0" sc="274,143,301,-31,281,-61,124,-31" /><INIT seed="7,0,0,5,2,19" ten="417,270,220,93" oya="3" hai0="30,127,11,103,12,58,101,32,37,125,92,18,117" hai1="40,115,67,50,36,4,95,100,79,85,88,84,59" hai2="14,74,54,63,38,41,73,78,66,96,1,120,90" hai3="2,130,91,107,24,13,112,6,68,20,116,21,70"/><W56/><G116/><T42/><D117/><U17/><E4/><V129/><F120/><W62/><G107/><T132/><D132/><U134/><E134/><V25/><F129/><W77/><G130/><T105/><D105/><U0/><E0/><V44/><F1/><W113/><G2/><T108/><D108/><U81/><E115/><N who="3" m="44106" /><G77/><T5/><D58/><U45/><E100/><V31/><F14/><W89/><G6/><T65/><D65/><U93/><E17/><V55/><F78/><W43/><G43/><T126/><D92/><N who="1" m="54279" /><E36/><V109/><F109/><W69/><G13/><T102/><D5/><U135/><E135/><V39/><F39/><W60/><G24/><N who="0" m="18503" /><D37/><U118/><E118/><V110/><F110/><W53/><G62/><AGARI ba="0,0" hai="40,45,50,59,62,67,79,81,85,93,95" m="54279" machi="62" ten="30,2000,0" yaku="8,1,54,1" doraHai="19" who="1" fromWho="3" sc="417,0,270,20,220,0,93,-20" owari="417,51.7,290,9.0,220,-18.0,73,-42.7" /></mjloggm>