<mjloggm ver="2.3"><GO type="169" lobby="0"/><UN n0="%E3%81%BF%E3%82%84%E3%81%AF%E3%82%89" n1="%E3%81%8B%E3%82%89%E3%81%8F%E3%82%8A" n2="%46%72%6F%6E" n3="%E7%89%8C%E6%B5%81%E7%8A%B6%E6%85%8B%E9%BA%BB%E9%9B%80" dan="16,17,16,16" rate="2055.76,2154.17,2137.80,2150.34" sx="M,M,M,M"/><TAIKYOKU oya="0"/><INIT seed="0,0,0,1,4,19" ten="250,250,250,250" oya="0" hai0="38,73,75,114,13,58,123,97,10,79,48,68,57" hai1="65,90,108,115,20,122,100,16,64,126,103,88,55" hai2="80,23,31,22,83,118,86,91,12,95,28,39,47" hai3="41,82,5,51,36,102,94,99,42,112,35,130,15"/><T52/><D114/><U72/><E72/><V34/><F34/><W30/><G112/><T67/><D123/><U6/><E122/><V121/><F121/><W69/><G36/><T127/><D127/><U110/><E126/><V124/><F124/><W11/><G130/><T87/><D38/><U132/><E115/><V113/><F113/><W89/><G69/><T92/><D68/><U74/><E74/><V77/><F118/><W37/><G37/><T33/><D33/><U56/><E6/><V93/><F93/><W96/><G35/><T128/><D128/><U7/><E7/><V62/><F62/><W1/><G30/><T18/><D67/><N who="1" m="25675" /><E132/><V21/><F12/><W24/><G24/><T76/><D58/><U105/><E105/><V85/><REACH who="2" step="1"/><F95/><REACH who="2" ten="250,250,240,250" step="2"/><W66/><G15/><T29/><D29/><U117/><E117/><V98/><F98/><W125/><G99/><T120/><D120/><U78/><E110/><V50/><F50/><W54/><G125/><T131/><D131/><U71/><E108/><V101/><F101/><N who="1" m="38985" /><E71/><V17/><F17/><W129/><G51/><T45/><D97/><U119/><E119/><V63/><F63/><W61/><G61/><N who="0" m="36007" /><D75/><U4/><E4/><V46/><F46/><W40/><G129/><T43/><D73/><U60/><E78/><V134/><F134/><W59/><G5/><T133/><D133/><U116/><E116/><V53/><F53/><W27/><G54/><T32/><D32/><U9/><E9/><V2/><F2/><W104/><G1/><T109/><D109/><U0/><E0/><V106/><F106/><RYUUKYOKU ba="0,1" sc="250,10,250,10,240,10,250,-30" hai0="10,13,18,43,45,48,76,79,87,92" hai1="16,20,55,56,60,88,90" hai2="21,22,23,28,31,39,47,77,80,83,85,86,91" /><INIT seed="0,1,1,4,5,36" ten="260,260,250,220" oya="0" hai0="32,118,54,119,131,133,122,47,38,130,6,123,96" hai1="127,49,86,97,60,8,23,12,27,19,50,5,108" hai2="2,18,31,66,40,117,43,124,53,81,78,62,25" hai3="7,15,106,30,48,34,71,134,22,98,92,75,74"/><T9/><D32/><U45/><E108/><V0/><F124/><W1/><G106/><T28/><D28/><U82/><E127/><V128/><F128/><N who="0" m="49194" /><D96/><U4/><E60/><V42/><F53/><W72/><G71/><T90/><D90/><U65/><E65/><V61/><F18/><W3/><G134/><T104/><D104/><U56/><E56/><V88/><F88/><W103/><G48/><N who="1" m="18538" /><E45/><V109/><F109/><W24/><REACH who="3" step="1"/><G22/><REACH who="3" ten="260,260,250,210" step="2"/><T55/><D133/><U73/><E97/><V46/><F117/><W129/><G129/><T59/><D119/><U126/><E126/><V125/><F125/><W79/><G79/><T107/><D118/><U13/><E4/><V135/><F135/><W33/><G33/><T17/><D107/><U76/><E73/><V80/><F46/><W116/><G116/><T41/><D6/><U101/><E5/><V121/><F121/><W58/><G58/><T91/><D59/><U110/><E110/><V14/><F78/><W87/><G87/><T83/><D123/><U39/><E76/><V68/><F62/><W102/><G102/><T37/><D122/><U35/><E101/><V115/><F115/><W113/><G113/><T93/><D37/><U85/><E39/><V120/><F120/><W52/><G52/><T44/><D54/><U94/><E85/><V100/><F100/><W111/><G111/><T105/><D105/><U84/><E84/><V63/><F63/><W26/><G26/><T16/><D55/><U114/><E114/><V70/><F70/><W112/><G112/><T69/><D38/><U89/><E86/><RYUUKYOKU ba="1,2" sc="260,-10,260,-10,250,-10,210,30" hai3="1,3,7,15,24,30,34,72,74,75,92,98,103" /><INIT seed="1,2,2,0,0,56" ten="250,250,240,240" oya="1" hai0="10,33,17,38,46,35,79,1,111,20,58,76,47" hai1="129,29,127,7,73,45,89,63,40,123,42,51,41" hai2="107,6,4,12,31,43,69,18,103,48,19,132,90" hai3="86,100,21,75,39,102,67,28,61,81,125,53,72"/><U70/><E73/><V82/><F31/><W44/><G125/><T118/><D111/><U26/><E123/><V13/><F69/><W97/><G102/><T37/><D58/><U24/><E127/><V119/><F119/><W135/><G135/><T34/><D1/><U124/><E124/><V116/><F116/><W11/><G11/><T84/><D10/><U80/><E129/><V23/><F132/><W117/><G117/><T106/><D118/><U96/><E7/><V14/><F103/><W2/><G2/><T121/><D106/><U30/><E63/><V104/><F104/><W50/><G39/><T128/><D128/><U110/><E70/><V77/><F90/><W66/><G66/><T98/><D98/><U95/><E80/><V115/><F107/><W3/><G3/><T68/><D68/><U85/><E96/><V5/><F19/><W109/><G109/><T16/><D121/><U99/><E99/><V101/><F101/><W105/><G21/><T78/><D84/><U88/><E89/><V22/><F22/><W131/><G28/><N who="1" m="10858" /><E110/><V87/><REACH who="2" step="1"/><F115/><REACH who="2" ten="250,250,230,240" step="2"/><W60/><G131/><T62/><D20/><U92/><E92/><V59/><F59/><W55/><G105/><T83/><D33/><U49/><E45/><AGARI ba="2,3" hai="4,5,6,12,13,14,18,23,43,45,48,77,82,87" machi="45" ten="40,2600,0" yaku="1,1,8,1,53,0" doraHai="56" doraHaiUra="52" who="2" fromWho="1" sc="250,0,250,-32,230,62,240,0" /><INIT seed="2,0,0,1,1,100" ten="250,218,292,240" oya="2" hai0="96,41,108,3,37,132,81,65,21,28,18,70,32" hai1="90,82,36,113,79,78,43,55,40,111,97,110,128" hai2="83,124,92,47,101,16,135,112,76,6,103,19,45" hai3="133,13,98,122,29,0,63,93,38,1,84,67,10"/><V104/><F112/><W129/><G122/><T51/><D108/><U74/><E113/><V80/><F6/><W24/><G38/><T61/><D3/><U125/><E125/><V14/><F124/><W71/><G84/><T106/><D132/><U11/><E128/><V95/><F135/><W17/><G129/><T42/><D37/><U107/><E79/><V22/><F76/><W91/><REACH who="3" step="1"/><G133/><REACH who="3" ten="250,218,292,230" step="2"/><T120/><D120/><U134/><E134/><V27/><F104/><W119/><G119/><T5/><D106/><U23/><E36/><V2/><F2/><W59/><G59/><T53/><D70/><U68/><E68/><V39/><F39/><W58/><G58/><T52/><D96/><U64/><E97/><V56/><F56/><W77/><G77/><T7/><D81/><N who="2" m="31306" /><F45/><W66/><G66/><T62/><D65/><U12/><E64/><V35/><F47/><W75/><G75/><T46/><D46/><U54/><E107/><V127/><F127/><W34/><AGARI ba="0,1" hai="0,1,10,13,17,24,29,34,63,67,71,91,93,98" machi="34" ten="20,5200,0" yaku="1,1,0,1,7,1,53,1" doraHai="100" doraHaiUra="20" who="3" fromWho="3" sc="250,-13,218,-13,292,-26,230,62" /><INIT seed="3,0,0,0,0,18" ten="237,205,266,292" oya="3" hai0="92,38,50,42,112,82,13,24,48,134,0,118,130" hai1="55,29,61,65,2,11,109,66,116,105,27,117,67" hai2="31,30,75,17,62,104,52,64,8,124,26,91,127" hai3="51,101,131,53,80,84,123,69,125,14,111,56,128"/><W133/><G123/><T98/><D118/><U76/><E105/><V28/><F75/><W96/><G125/><N who="2" m="48201" /><F104/><W88/><G133/><T129/><D0/><U59/><E109/><V93/><F8/><W15/><G69/><T89/><D134/><U3/><E76/><V68/><F17/><W83/><G80/><T45/><D13/><U71/><E71/><V57/><F68/><W79/><G79/><T33/><D112/><U25/><E25/><V37/><F37/><W85/><G85/><T74/><D74/><U44/><E44/><V63/><F63/><W122/><G122/><T135/><D135/><U72/><E72/><V87/><F64/><W115/><G115/><T58/><D58/><U78/><E78/><V119/><F119/><N who="1" m="45641" /><E11/><V86/><F86/><W70/><G111/><T39/><D39/><U108/><E108/><V9/><F9/><W132/><G70/><T40/><D40/><U94/><E94/><V41/><F41/><W32/><G132/><T20/><D82/><U97/><E97/><V36/><F36/><W46/><G46/><T110/><D33/><AGARI ba="0,0" hai="2,3,27,29,33,55,59,61,65,66,67" m="45641" machi="33" ten="30,1000,0" yaku="12,1" doraHai="18" who="1" fromWho="0" sc="237,-10,205,10,266,0,292,0" /><AGARI ba="0,0" hai="26,28,30,31,33,52,57,62,87,91,93" m="48201" machi="33" ten="30,2000,0" yaku="18,1,54,1" doraHai="18" who="2" fromWho="0" sc="227,-20,215,0,266,20,292,0" /><INIT seed="4,0,0,3,5,99" ten="207,215,286,292" oya="0" hai0="82,127,103,0,113,92,124,31,129,100,130,21,4" hai1="72,52,106,94,35,39,28,11,132,89,123,49,42" hai2="10,65,131,133,119,15,126,107,97,7,41,109,104" hai3="19,74,13,121,23,105,60,66,53,81,86,77,27"/><T122/><D113/><U30/><E123/><V48/><F109/><W46/><G121/><T90/><D122/><U55/><E106/><V50/><F65/><W69/><G105/><T84/><D0/><U114/><E72/><V117/><F133/><W8/><G46/><T38/><D4/><U78/><E78/><V93/><F131/><N who="0" m="50186" /><D38/><U14/><E114/><V43/><F126/><N who="0" m="48170" /><D82/><U111/><E111/><V102/><F104/><W135/><G135/><T1/><D1/><U63/><E35/><V58/><F107/><W47/><G47/><T26/><AGARI ba="0,0" hai="21,26,31,84,90,92,100,103" m="48170,50186" machi="26" ten="40,12000,1" yaku="19,1,18,1,52,2" doraHai="99" who="0" fromWho="0" sc="207,120,215,-40,286,-40,292,-40" /><INIT seed="4,1,0,5,5,14" ten="327,175,246,252" oya="0" hai0="32,63,85,86,49,135,106,110,91,99,66,115,35" hai1="81,10,92,33,83,8,104,124,60,13,94,71,45" hai2="42,93,84,25,23,89,41,39,82,116,125,111,98" hai3="130,128,67,69,62,18,57,112,129,56,53,80,21"/><T40/><D115/><U97/><E33/><V20/><F111/><W48/><G112/><T64/><D135/><U127/><E45/><V109/><F109/><W46/><REACH who="3" step="1"/><G80/><REACH who="3" ten="327,175,246,242" step="2"/><T30/><D110/><U101/><E81/><V50/><F116/><W72/><G72/><T34/><D34/><U51/><E83/><V58/><F125/><W65/><G65/><T90/><D66/><U6/><E124/><V4/><F39/><W88/><G88/><T79/><D35/><U102/><E127/><V37/><F37/><W17/><G17/><T122/><D91/><U70/><E101/><V38/><F38/><W0/><G0/><T3/><D90/><U52/><E71/><V95/><F82/><W22/><G22/><T47/><D3/><U59/><E10/><V103/><F23/><W15/><AGARI ba="1,1" hai="15,18,21,46,48,53,56,57,62,67,69,128,129,130" machi="15" ten="30,7900,0" yaku="1,1,0,1,19,1,52,1,53,0" doraHai="14" doraHaiUra="73" who="3" fromWho="3" sc="327,-40,175,-21,246,-21,242,92" /><INIT seed="5,0,0,5,2,60" ten="287,154,225,334" oya="1" hai0="109,3,28,89,103,23,16,117,69,10,15,53,80" hai1="82,7,6,2,94,92,33,119,14,88,27,124,17" hai2="66,55,70,106,36,11,44,34,91,39,13,121,129" hai3="112,73,42,116,114,75,84,56,52,35,132,30,46"/><U100/><E119/><V50/><F121/><W18/><G116/><T57/><D109/><U76/><E124/><V26/><F129/><W71/><G71/><T81/><D69/><U32/><E92/><V131/><F131/><W37/><G132/><T65/><D117/><U79/><E100/><V72/><F72/><W120/><G120/><T105/><D3/><U12/><E2/><V29/><F91/><W83/><G18/><T67/><D105/><U20/><E32/><V63/><REACH who="2" step="1"/><F106/><REACH who="2" ten="287,154,215,334" step="2"/><W108/><G73/><T62/><D89/><U4/><E33/><V61/><F61/><W40/><G75/><T25/><D103/><U107/><E107/><V118/><F118/><W111/><G111/><T77/><D81/><U126/><E126/><V9/><F9/><W133/><G108/><T96/><D96/><N who="1" m="57415" /><E76/><V97/><F97/><W0/><G133/><T22/><D10/><U59/><E59/><V47/><F47/><W51/><G46/><T68/><D68/><U49/><E49/><V104/><F104/><W78/><G56/><T58/><D57/><U98/><E98/><V54/><F54/><W1/><G52/><T21/><D21/><U85/><AGARI ba="0,1" hai="4,6,7,12,14,17,20,27,79,82,85" m="57415" machi="85" ten="30,3000,0" yaku="8,1,54,1" doraHai="60" who="1" fromWho="1" sc="287,-10,154,40,215,-10,334,-10" /><INIT seed="5,1,0,2,5,127" ten="277,194,205,324" oya="1" hai0="50,81,125,11,62,134,2,82,53,36,68,16,39" hai1="79,25,8,27,56,4,120,84,102,106,122,78,126" hai2="108,17,51,113,130,12,92,65,57,55,49,97,80" hai3="46,34,60,15,83,66,18,20,5,73,91,121,43"/><U42/><E126/><V131/><F108/><W101/><G121/><T47/><D125/><U76/><E106/><V115/><F80/><W100/><G34/><T45/><D134/><U67/><E102/><N who="2" m="60711" /><F49/><W132/><G5/><T28/><D28/><U110/><E110/><V6/><F65/><W75/><G132/><T117/><D117/><U37/><E84/><V133/><F6/><W31/><G31/><T7/><D68/><U72/><E72/><V41/><F41/><W9/><G20/><T40/><D62/><U112/><E112/><N who="2" m="43083" /><F133/><W98/><G91/><T88/><D36/><U89/><E89/><V103/><F103/><W33/><G83/><T71/><D71/><U3/><E120/><V35/><F35/><W44/><G101/><T118/><D118/><U129/><E122/><V22/><AGARI ba="1,0" hai="12,17,22,51,55,57,130,131" m="43083,60711" machi="22" ten="30,7900,0" yaku="15,1,11,1,52,2" doraHai="127" who="2" fromWho="2" sc="277,-21,194,-40,205,82,324,-21" /><INIT seed="6,0,0,5,4,84" ten="256,154,287,303" oya="2" hai0="40,67,59,48,25,39,52,112,20,49,89,42,61" hai1="105,47,30,44,35,15,2,54,77,106,91,120,117" hai2="60,50,51,123,18,108,32,6,72,128,122,38,104" hai3="75,7,17,92,58,88,124,22,71,118,80,134,24"/><V110/><F104/><W43/><G71/><T93/><D112/><U11/><E117/><V56/><F72/><W116/><G134/><T36/><D36/><U63/><E2/><V55/><F32/><W132/><G132/><T16/><D39/><U86/><E120/><N who="2" m="46123" /><F6/><W87/><G124/><T130/><D130/><U4/><E77/><V33/><F18/><W85/><G75/><T135/><D135/><U41/><E41/><N who="0" m="15977" /><D67/><U96/><E54/><V13/><F13/><W121/><G121/><T131/><D131/><U45/><E63/><V3/><F3/><W73/><G73/><T100/><D100/><U26/><REACH who="1" step="1"/><E96/><AGARI ba="0,0" hai="16,20,25,48,49,52,59,61,89,93,96" m="15977" machi="96" ten="30,8000,1" yaku="25,1,8,1,52,1,54,2" doraHai="84" who="0" fromWho="1" sc="256,80,154,-80,287,0,303,0" /><INIT seed="7,0,0,0,4,47" ten="336,74,287,303" oya="3" hai0="99,88,57,60,8,126,106,87,118,101,49,114,110" hai1="62,33,40,12,117,23,39,122,98,109,53,94,21" hai2="68,108,75,48,55,59,32,20,34,64,119,92,35" hai3="11,79,16,102,115,91,130,134,26,83,25,22,80"/><W44/><G115/><T113/><D110/><U3/><E3/><V128/><F108/><W37/><G130/><T120/><D120/><U112/><E33/><V100/><F119/><W15/><G134/><T6/><D118/><U129/><E122/><V42/><F128/><W97/><G91/><T2/><D49/><U77/><E112/><V66/><F75/><W71/><G71/><T123/><D126/><U67/><E39/><V95/><F42/><W38/><G26/><T13/><D2/><U43/><E77/><V111/><F111/><W46/><G37/><T58/><D58/><U0/><E0/><V36/><F36/><W41/><G46/><T4/><D4/><U116/><E109/><V27/><F68/><W96/><G79/><T84/><D84/><U51/><E129/><V131/><F131/><W1/><G1/><T18/><D6/><U19/><E21/><V70/><F70/><W29/><REACH who="3" step="1"/><G97/><REACH who="3" ten="336,74,287,293" step="2"/><T121/><D114/><U81/><E117/><V90/><F100/><W28/><G28/><T31/><D31/><U103/><E116/><V17/><REACH who="2" step="1"/><F92/><AGARI ba="0,1" hai="11,15,16,22,25,29,38,41,44,80,83,92,96,102" machi="92" ten="30,5800,0" yaku="1,1,7,1,54,1,53,0" doraHai="47" doraHaiUra="107" who="3" fromWho="2" sc="336,0,74,0,287,-58,293,68" owari="336,13.6,74,-42.6,229,-17.1,361,46.1" /></mjloggm>