<mjloggm ver="2.3"><GO type="169" lobby="0"/><UN n0="%56%69%76%79" n1="%E3%83%AC%E3%82%AA%E3%83%B3%E3%83%8F%E3%83%AB%E3%83%88" n2="%6B%69%72%61%72%69%79%75" n3="%54%68%65%72%65%73%61%5F" dan="16,17,16,16" rate="2093.99,2148.65,2108.00,2085.20" sx="F,M,M,M"/><TAIKYOKU oya="0"/><INIT seed="0,0,0,4,2,0" ten="250,250,250,250" oya="0" hai0="60,82,108,42,30,17,125,15,74,126,123,134,76" hai1="10,49,91,93,100,131,110,107,129,38,64,88,35" hai2="50,47,65,124,96,32,28,70,120,114,16,9,118" hai3="61,29,132,41,85,37,45,79,36,48,12,43,5"/><T24/><D123/><U22/><E35/><V92/><F120/><W4/><G132/><T127/><D134/><U130/><E38/><V25/><F114/><W99/><G99/><T56/><D42/><U117/><E117/><V112/><F112/><W7/><G43/><T101/><D101/><U133/><E133/><V94/><F118/><W86/><G29/><T14/><D17/><U58/><E110/><V122/><F122/><W116/><G116/><T51/><D51/><U52/><E107/><V103/><F124/><W27/><G27/><T121/><D108/><U109/><E109/><V84/><F65/><W13/><G37/><T78/><D78/><U83/><E64/><V62/><F62/><W89/><G36/><T128/><D128/><U2/><E22/><V115/><F70/><W72/><G72/><T68/><D68/><U55/><E55/><V19/><F9/><W80/><G61/><T11/><D11/><U67/><E67/><V21/><F32/><W46/><G46/><T113/><D113/><U77/><E100/><V23/><F23/><W63/><G63/><T26/><D121/><U111/><E93/><AGARI ba="0,0" hai="4,5,7,12,13,41,45,48,79,80,85,86,89,93" machi="93" ten="40,8000,1" yaku="8,1,52,3" doraHai="0" who="3" fromWho="1" sc="250,0,250,-80,250,0,250,80" /><INIT seed="1,0,0,0,5,75" ten="250,170,250,330" oya="1" hai0="55,73,97,127,53,43,57,65,95,44,106,2,38" hai1="42,72,76,16,1,90,54,126,133,3,11,109,110" hai2="103,104,70,130,69,107,118,71,39,64,51,63,22" hai3="48,114,37,96,131,122,125,111,88,7,89,19,135"/><U34/><E34/><V21/><F118/><W59/><G122/><T117/><D117/><U32/><E32/><V84/><F39/><W78/><G37/><T27/><D2/><U67/><E133/><V28/><F130/><W56/><G114/><T124/><D106/><U91/><E126/><N who="0" m="48169" /><D73/><U20/><E42/><V4/><F4/><W9/><G135/><T79/><D27/><U33/><E67/><V18/><F51/><W116/><G131/><T101/><D79/><U112/><E54/><V60/><F28/><W108/><G125/><T129/><D129/><U105/><E105/><V40/><F40/><W68/><G68/><T86/><D86/><U17/><E33/><V128/><F84/><W74/><G19/><N who="1" m="7242" /><E20/><V24/><F128/><W119/><G96/><T6/><D6/><N who="1" m="1487" /><E3/><V26/><F103/><W92/><G116/><T50/><D55/><U93/><E93/><V80/><F80/><N who="3" m="45143" /><G119/><T35/><D35/><U10/><E10/><V46/><F46/><W12/><G89/><N who="1" m="33802" /><E112/><V36/><F36/><W13/><G88/><T87/><D87/><U23/><E23/><V134/><F134/><W99/><G92/><T121/><D65/><U41/><E41/><V102/><F102/><W15/><G99/><T83/><D83/><U45/><E45/><V98/><F98/><W30/><G9/><T29/><D44/><U77/><E72/><V14/><F64/><W25/><G7/><T31/><D38/><U52/><E52/><V85/><F71/><W132/><G132/><T82/><D43/><U94/><E94/><V100/><F70/><W5/><G5/><RYUUKYOKU ba="0,0" sc="250,-10,170,30,250,-10,330,-10" hai1="76,77,109,110" /><INIT seed="1,1,0,5,5,104" ten="240,200,240,320" oya="1" hai0="101,34,45,41,18,57,91,35,129,114,76,44,67" hai1="89,25,17,12,0,58,23,126,86,72,103,109,125" hai2="28,69,10,90,98,113,117,122,16,43,8,77,87" hai3="7,82,53,134,71,49,52,99,31,24,100,63,50"/><U130/><E0/><V95/><F117/><W14/><G134/><T30/><D114/><U120/><E120/><V93/><F69/><W51/><G82/><T5/><D5/><U112/><E112/><V96/><F113/><W124/><G124/><N who="1" m="47722" /><E130/><V20/><F122/><W66/><G14/><T116/><D101/><U81/><E109/><V26/><F43/><W55/><G7/><T19/><D91/><U60/><E103/><V3/><F3/><W132/><G132/><T36/><D45/><U94/><E12/><V27/><F77/><W65/><G65/><T108/><D76/><N who="1" m="44167" /><E58/><V75/><F75/><W110/><G110/><T54/><D108/><U88/><E89/><V33/><REACH who="2" step="1"/><F87/><REACH who="2" ten="240,200,230,320" step="2"/><W4/><G4/><T127/><D127/><U79/><E79/><V32/><F32/><W22/><REACH who="3" step="1"/><G49/><REACH who="3" ten="240,200,230,310" step="2"/><T123/><D123/><U2/><E2/><V131/><F131/><W39/><G39/><T37/><D37/><U68/><E68/><V1/><F1/><W62/><G62/><AGARI ba="1,2" hai="17,23,25,60,62,86,88,94" m="44167,47722" machi="62" ten="30,5800,0" yaku="18,1,52,1,54,1" doraHai="104" who="1" fromWho="3" sc="240,0,200,81,230,0,310,-61" /><INIT seed="1,2,0,3,2,8" ten="240,281,230,249" oya="1" hai0="109,35,132,122,106,54,126,95,55,83,72,76,50" hai1="46,135,4,113,12,81,52,42,33,58,65,110,45" hai2="101,128,80,104,75,39,96,29,47,28,112,61,87" hai3="15,44,134,41,20,93,74,57,2,97,7,24,16"/><U117/><E113/><V59/><F112/><W67/><G74/><T17/><D106/><U100/><E33/><V82/><F75/><W3/><G134/><T118/><D35/><U94/><E117/><V115/><F115/><W25/><G67/><T116/><D109/><U79/><E65/><V9/><F128/><W38/><G57/><T73/><D73/><U105/><E105/><V120/><F120/><W90/><REACH who="3" step="1"/><G7/><REACH who="3" ten="240,281,230,239" step="2"/><T34/><D72/><U124/><E135/><V62/><F59/><W23/><G23/><T121/><D132/><U27/><E58/><V26/><F9/><W10/><G10/><T77/><D122/><U30/><E4/><V123/><F123/><W21/><G21/><T108/><D121/><U66/><E66/><V49/><F47/><W37/><G37/><T130/><D116/><U69/><E46/><V19/><F39/><W48/><G48/><T14/><D118/><U6/><E45/><V129/><F49/><W64/><G64/><T56/><D108/><U99/><E6/><V98/><F129/><W53/><G53/><T127/><D130/><U5/><E5/><V78/><F62/><W1/><AGARI ba="2,1" hai="1,2,3,15,16,20,24,25,38,41,44,90,93,97" machi="1" ten="30,7900,0" yaku="1,1,0,1,52,1,54,1,53,0" doraHai="8" doraHaiUra="111" who="3" fromWho="3" sc="240,-22,281,-41,230,-22,239,95" /><INIT seed="2,0,0,0,3,132" ten="218,240,208,334" oya="2" hai0="131,35,59,36,79,88,72,121,87,133,68,116,85" hai1="92,111,56,12,114,26,112,110,65,93,28,127,47" hai2="41,128,16,109,15,113,104,123,45,119,130,27,126" hai3="61,46,67,10,34,40,48,60,50,89,17,38,63"/><V22/><F113/><W53/><G34/><T0/><RYUUKYOKU type="yao9" ba="0,0" sc="218,0,240,0,208,0,334,0" hai0="0,35,36,59,68,72,79,85,87,88,116,121,131,133" /><INIT seed="2,1,0,3,4,99" ten="218,240,208,334" oya="2" hai0="134,124,133,11,93,7,72,75,129,59,102,20,56" hai1="47,103,98,67,111,100,34,87,53,82,101,79,76" hai2="114,89,0,24,48,23,43,27,3,14,107,52,9" hai3="119,60,97,51,73,128,25,45,5,8,62,126,13"/><V77/><F107/><W44/><G119/><T55/><D20/><U116/><E34/><V115/><F43/><W18/><G126/><T123/><D123/><U49/><E116/><V118/><F118/><W58/><G73/><T92/><D124/><U17/><E111/><V22/><F77/><W110/><G110/><T127/><D127/><U113/><E113/><V108/><F89/><W63/><G128/><T112/><D55/><U91/><E98/><V61/><F61/><W104/><G58/><T96/><D11/><U21/><E67/><V122/><F108/><W64/><G64/><T16/><D96/><U84/><E87/><V40/><F40/><W88/><G51/><T131/><D7/><U66/><E66/><V39/><F39/><W1/><G25/><AGARI ba="1,0" hai="17,21,25,47,49,53,76,79,82,84,91,100,101,103" machi="25" ten="40,8000,1" yaku="8,1,52,3" doraHai="99" who="1" fromWho="3" sc="218,0,240,83,208,0,334,-83" /><INIT seed="3,0,0,5,1,71" ten="218,323,208,251" oya="3" hai0="132,77,51,87,89,58,37,11,26,123,128,3,55" hai1="122,65,41,101,127,46,103,24,1,110,88,36,117" hai2="42,72,4,69,29,124,100,14,135,63,64,31,5" hai3="97,107,82,38,108,20,44,85,25,113,62,15,96"/><W90/><G113/><T61/><D123/><U9/><E122/><V67/><F135/><W92/><G108/><T93/><D132/><U79/><E110/><V78/><F124/><W130/><G130/><T83/><D128/><U53/><E127/><V18/><F100/><W40/><G15/><T73/><D26/><U76/><E117/><V119/><F67/><W12/><G12/><T2/><D37/><U84/><E65/><V45/><F119/><W32/><G32/><T10/><REACH who="0" step="1"/><D61/><REACH who="0" ten="208,323,208,251" step="2"/><U125/><E24/><V8/><F31/><W39/><G39/><T70/><D70/><U94/><E125/><V56/><F29/><W27/><G62/><T21/><D21/><U102/><REACH who="1" step="1"/><E53/><REACH who="1" ten="208,313,208,251" step="2"/><V47/><F69/><W104/><G25/><T57/><D57/><U75/><E75/><V91/><F56/><W48/><G27/><T133/><D133/><U35/><E35/><V126/><F72/><W23/><G44/><T80/><D80/><U17/><E17/><V98/><F18/><W52/><G82/><T134/><D134/><U118/><E118/><V66/><F47/><W22/><G52/><T34/><D34/><U99/><E99/><V43/><F45/><W131/><G97/><T95/><D95/><U81/><E81/><V120/><F98/><W105/><G96/><T33/><D33/><U7/><AGARI ba="0,2" hai="1,7,9,36,41,46,76,79,84,88,94,101,102,103" machi="7" ten="30,7900,0" yaku="1,1,0,1,52,1,54,1,53,0" doraHai="71" doraHaiUra="59" who="1" fromWho="1" sc="208,-20,313,99,208,-20,251,-39" /><INIT seed="4,0,0,0,0,67" ten="188,412,188,212" oya="0" hai0="22,66,131,86,25,102,105,109,31,119,59,36,63" hai1="23,76,78,28,85,44,0,94,120,34,8,30,72" hai2="96,24,111,35,121,97,73,29,108,58,134,19,12" hai3="27,114,21,65,129,132,17,74,38,92,4,103,84"/><T113/><D119/><U101/><E72/><V71/><F121/><W15/><G74/><T50/><D113/><U39/><E34/><V10/><F134/><W60/><G114/><T93/><D36/><U18/><E120/><V107/><F73/><W64/><G132/><T133/><D133/><U54/><E0/><V130/><F130/><W79/><G129/><T77/><D131/><U47/><E8/><V104/><F71/><W2/><G38/><T1/><D1/><U135/><E47/><V51/><F97/><W42/><G42/><T13/><D109/><U91/><E101/><V33/><F33/><W90/><G2/><T123/><D105/><U3/><E3/><V69/><F69/><W118/><G118/><T106/><D106/><U99/><E76/><V40/><F107/><W26/><G79/><T62/><D13/><U117/><E117/><V49/><F49/><W82/><G4/><T70/><D50/><N who="1" m="28999" /><E39/><V125/><F125/><W43/><G43/><T48/><D48/><U88/><E78/><V98/><F98/><N who="3" m="59847" /><G60/><T126/><D126/><U20/><E135/><V81/><F40/><W41/><G41/><T75/><D75/><U32/><E20/><V112/><F112/><W5/><G5/><T115/><D115/><U52/><E52/><N who="2" m="32031" /><F81/><W9/><G9/><T68/><D123/><U53/><E53/><V83/><F83/><W116/><G116/><T95/><D63/><U87/><E32/><V110/><F104/><W14/><G14/><T89/><D77/><U16/><E99/><AGARI ba="0,0" hai="22,25,31,59,62,66,68,70,86,89,93,95,99,102" machi="99" ten="40,12000,1" yaku="25,2,52,2" doraHai="67" who="0" fromWho="1" sc="188,120,412,-120,188,0,212,0" /><INIT seed="4,1,0,2,3,39" ten="308,292,188,212" oya="0" hai0="83,27,34,95,98,50,10,80,104,114,7,90,129" hai1="33,89,35,6,46,18,64,108,59,58,28,45,30" hai2="63,24,38,123,23,8,94,79,120,67,1,42,61" hai3="29,65,132,84,51,49,88,5,105,103,77,125,117"/><T16/><D114/><U71/><E71/><V96/><F79/><W110/><G110/><T122/><D122/><U113/><E6/><V124/><F124/><W17/><G117/><T26/><D129/><U0/><E89/><V53/><F53/><W2/><G125/><T134/><D134/><U40/><E18/><V130/><F130/><W92/><G132/><T19/><D50/><U60/><E60/><V47/><F8/><W36/><G36/><T91/><D104/><U75/><E64/><V55/><F55/><W133/><G133/><T9/><D34/><U4/><E4/><V74/><F74/><W73/><G29/><T100/><D7/><U107/><E75/><V81/><F81/><N who="0" m="31306" /><D10/><U22/><E22/><V32/><F32/><W99/><G65/><T70/><D70/><U31/><E31/><V69/><F1/><W111/><G17/><N who="0" m="6731" /><D9/><U135/><E135/><V21/><F63/><W87/><G111/><T56/><D56/><U37/><E37/><V3/><F3/><W101/><G5/><T14/><D14/><U43/><E0/><V48/><F38/><W115/><G115/><T68/><D68/><U57/><E57/><V76/><F21/><W112/><G2/><T62/><D62/><U126/><E126/><V97/><F76/><W119/><G112/><T12/><D12/><U54/><E113/><V15/><F15/><W82/><G119/><T131/><D131/><U86/><E108/><V106/><F106/><N who="3" m="63807" /><G73/><T66/><D66/><U118/><E107/><V72/><F72/><W25/><G25/><AGARI ba="1,0" hai="25,26,27,90,91,95,98,100" m="6731,31306" machi="25" ten="30,2900,0" yaku="8,1,54,1" doraHai="39" who="0" fromWho="3" sc="308,32,292,0,188,0,212,-32" /><INIT seed="4,2,0,1,3,27" ten="340,292,188,180" oya="0" hai0="52,79,22,89,9,38,108,51,119,128,118,85,55" hai1="74,36,129,45,117,92,88,5,70,39,83,72,15" hai2="113,31,44,82,37,34,105,54,35,125,101,90,43" hai3="134,111,59,24,135,114,7,75,106,76,87,1,0"/><T68/><D38/><U80/><E117/><V110/><F110/><W10/><G111/><T97/><D108/><U13/><E70/><V132/><F113/><W112/><G106/><T124/><D124/><U67/><E67/><V56/><F125/><W131/><G75/><T18/><D128/><U71/><E71/><V3/><F3/><N who="3" m="1099" /><G59/><T65/><D9/><U77/><E129/><V116/><F116/><W133/><G87/><T42/><D42/><U78/><E5/><V127/><F127/><W60/><G60/><T93/><D55/><U100/><E100/><V20/><F132/><W86/><G86/><T73/><D73/><U28/><E28/><V40/><F40/><W130/><G76/><T81/><D65/><U33/><E33/><V25/><F82/><W47/><G47/><T12/><REACH who="0" step="1"/><D68/><REACH who="0" ten="330,292,188,180" step="2"/><U57/><E36/><V62/><F37/><W95/><G130/><T46/><AGARI ba="2,1" hai="12,18,22,46,51,52,79,81,85,89,93,97,118,119" machi="46" ten="20,18000,2" yaku="1,1,2,1,0,1,7,1,54,1,53,1" doraHai="27" doraHaiUra="8" who="0" fromWho="0" sc="330,196,292,-62,188,-62,180,-62" /><INIT seed="4,3,0,5,2,38" ten="526,230,126,118" oya="0" hai0="13,70,3,113,11,14,23,66,21,120,100,94,63" hai1="108,7,88,98,2,127,68,60,72,80,56,25,33" hai2="64,9,125,95,59,27,71,22,91,73,67,78,96" hai3="40,84,0,34,74,42,15,115,77,126,82,50,122"/><T102/><D3/><U132/><E108/><V4/><F125/><W133/><G0/><T116/><D116/><U65/><E127/><V121/><F121/><W106/><G126/><T36/><D120/><U123/><E123/><V131/><F131/><W37/><G122/><T26/><D36/><U17/><E132/><V111/><F111/><W128/><G133/><T69/><D113/><U130/><E130/><V112/><F112/><W104/><G34/><T24/><D94/><U99/><E68/><V134/><F134/><W18/><G115/><T35/><D11/><U62/><E62/><V1/><F71/><W92/><G128/><T61/><D35/><U31/><E17/><V51/><F78/><W76/><G37/><T55/><D55/><U48/><E48/><V129/><F73/><W81/><G92/><T16/><D16/><U12/><E12/><V58/><F129/><W124/><G124/><T75/><D75/><U57/><E57/><V20/><F20/><W30/><G30/><T28/><D28/><U5/><E72/><V93/><F93/><W87/><G74/><T86/><D86/><N who="1" m="50247" /><E2/><V118/><F118/><W105/><REACH who="3" step="1"/><G50/><REACH who="3" ten="526,230,126,108" step="2"/><T49/><D49/><U107/><E107/><V110/><F110/><W97/><G97/><T119/><D119/><U41/><E99/><V44/><F51/><W29/><G29/><T52/><D70/><U32/><E98/><V83/><F96/><W114/><G114/><T10/><D69/><U79/><E33/><V46/><F95/><W39/><G39/><T53/><D102/><U19/><E32/><V109/><F1/><RYUUKYOKU ba="3,1" sc="526,-10,230,-10,126,-10,108,30" hai3="15,18,40,42,76,77,81,82,84,87,104,105,106" /><INIT seed="5,4,1,5,1,55" ten="516,220,116,138" oya="1" hai0="111,69,35,94,43,30,34,75,16,122,6,131,106" hai1="64,9,23,15,5,124,33,90,96,7,113,27,45" hai2="115,0,51,58,125,41,42,50,118,134,87,81,77" hai3="59,110,32,66,48,62,52,85,88,99,8,105,11"/><U100/><E113/><V133/><F118/><W54/><G32/><T26/><D106/><U70/><E124/><V86/><F125/><W132/><G110/><T14/><D111/><U21/><E33/><V40/><F0/><W49/><G132/><N who="2" m="50793" /><F115/><W101/><G49/><N who="2" m="18441" /><F58/><W76/><G76/><T107/><D69/><U68/><E45/><V28/><F28/><W89/><G89/><T98/><D107/><U4/><E90/><V61/><F61/><W60/><G60/><T92/><D35/><U103/><E64/><V123/><F123/><W1/><G1/><T83/><D122/><U24/><E70/><V127/><F127/><W72/><G72/><AGARI ba="4,1" hai="40,41,42,72,77,81,86,87" m="18441,50793" machi="72" ten="30,1000,0" yaku="20,1" doraHai="55" who="2" fromWho="3" sc="516,0,220,0,116,32,138,-22" /><INIT seed="6,0,0,4,2,78" ten="516,220,148,116" oya="2" hai0="11,126,65,76,132,60,33,40,100,119,47,48,130" hai1="95,104,102,87,55,74,43,64,115,105,12,57,61" hai2="52,30,79,72,31,9,89,110,56,67,14,17,19" hai3="97,1,82,26,94,34,21,62,32,70,41,68,23"/><V127/><F127/><W90/><G1/><T93/><D33/><U0/><E0/><V73/><F110/><W49/><G23/><T120/><D120/><U107/><E74/><V135/><F135/><W46/><G68/><T81/><D132/><U124/><E115/><V4/><F67/><W63/><G70/><T99/><D11/><U25/><E124/><V80/><F72/><W51/><G51/><T77/><D126/><U128/><E43/><V24/><F89/><W117/><G117/><T20/><D119/><U112/><E112/><V75/><F75/><W88/><G32/><T121/><D130/><U84/><E128/><V134/><F134/><W10/><G10/><T111/><D111/><U39/><E39/><V133/><F133/><W29/><G34/><T59/><D121/><U85/><E25/><V13/><F24/><W103/><G103/><T2/><D2/><U36/><E36/><V38/><F38/><W15/><G15/><T92/><D92/><U58/><E12/><V96/><F96/><W83/><G90/><T16/><D81/><AGARI ba="0,0" hai="21,26,29,41,46,49,62,63,81,82,83,88,94,97" machi="81" ten="40,8000,1" yaku="8,1,52,3,54,1" doraHai="78" who="3" fromWho="0" sc="516,-80,220,0,148,0,116,80" /><INIT seed="7,0,0,3,5,88" ten="436,220,148,196" oya="3" hai0="8,9,132,12,87,62,50,48,97,51,111,10,76" hai1="90,22,116,89,38,67,18,131,114,60,130,13,115" hai2="129,30,110,134,39,17,82,20,43,126,34,86,25" hai3="84,105,64,106,73,100,121,29,31,70,103,112,46"/><W55/><G121/><T125/><D111/><U135/><E38/><V58/><F110/><W69/><G73/><T19/><D125/><U124/><E135/><V40/><F126/><W113/><G84/><T101/><D132/><U28/><E28/><V5/><F134/><W2/><G46/><T36/><D36/><U93/><E89/><V21/><F129/><N who="1" m="49161" /><E116/><V3/><F39/><W63/><G55/><T11/><D62/><U118/><E118/><V68/><F68/><W107/><G2/><T45/><D97/><N who="1" m="57527" /><E124/><V95/><F58/><AGARI ba="0,0" hai="13,18,22,58,60,67,114,115" m="57527,49161" machi="58" ten="30,2000,0" yaku="19,1,52,1" doraHai="88" who="1" fromWho="2" sc="436,0,220,20,148,-20,196,0" owari="436,53.6,240,4.0,128,-37.2,196,-20.4" /></mjloggm>