<mjloggm ver="2.3"><GO type="169" lobby="0"/><UN n0="%E3%81%AA%E3%81%BE%E3%81%91%E8%80%85" n1="%78%78%E3%81%9D%E3%81%B0" n2="%E3%81%A6%E3%81%BE%E3%81%A1" n3="%E7%8A%AC%E5%B1%B1" dan="16,16,16,16" rate="2071.50,2104.35,2039.04,2068.28" sx="M,M,M,M"/><TAIKYOKU oya="0"/><INIT seed="0,0,0,3,2,93" ten="250,250,250,250" oya="0" hai0="7,55,26,24,73,14,59,133,101,125,36,12,49" hai1="51,34,57,85,18,0,104,126,22,122,28,32,6" hai2="25,119,19,78,45,90,81,8,16,42,108,27,5" hai3="74,124,72,2,98,15,75,123,103,89,113,95,35"/><T54/><D73/><U4/><E104/><V102/><F108/><W62/><G2/><T69/><D69/><U23/><E85/><V63/><F90/><W70/><G113/><T84/><D125/><U77/><E77/><V3/><F63/><W67/><G124/><T65/><D65/><U120/><E57/><V20/><F119/><W64/><G64/><T131/><D131/><U94/><E51/><V43/><F102/><W91/><G123/><N who="1" m="47146" /><E94/><V44/><F44/><W66/><G66/><T17/><D36/><U58/><E58/><V96/><F96/><W121/><G121/><T128/><D128/><U29/><E126/><V87/><F45/><W110/><G110/><T132/><D55/><U1/><E18/><V33/><REACH who="2" step="1"/><F19/><REACH who="2" ten="250,250,240,250" step="2"/><W79/><G79/><T88/><D101/><U56/><E29/><AGARI ba="0,1" hai="3,5,8,16,20,25,27,29,33,42,43,78,81,87" machi="29" ten="40,5200,0" yaku="1,1,2,1,54,1,53,0" doraHai="93" doraHaiUra="53" who="2" fromWho="1" sc="250,0,250,-52,240,62,250,0" /><INIT seed="1,0,0,4,4,73" ten="250,198,302,250" oya="1" hai0="75,0,68,122,64,67,49,43,59,16,87,118,102" hai1="95,30,120,63,128,71,31,109,33,50,116,39,65" hai2="98,61,32,93,2,115,96,4,82,111,18,80,35" hai3="131,104,83,81,42,40,99,113,114,54,130,119,15"/><U97/><E39/><V27/><F111/><W38/><G38/><T37/><D75/><U7/><E33/><V78/><F35/><W26/><G26/><T89/><D0/><U72/><E120/><V17/><F2/><W74/><G54/><T56/><D68/><U91/><E116/><V134/><F134/><W77/><G119/><T44/><D122/><U123/><E123/><V58/><F4/><W52/><G15/><T6/><D6/><U47/><E128/><N who="3" m="49194" /><G83/><T100/><D118/><U13/><E72/><V132/><F82/><W92/><G104/><T12/><D37/><U21/><E109/><V86/><F115/><N who="3" m="44043" /><G52/><N who="0" m="31759" /><D43/><U103/><E103/><AGARI ba="0,0" hai="40,42,74,77,81,92,99,103" m="44043,49194" machi="103" ten="30,2000,0" yaku="19,1,52,1" doraHai="73" who="3" fromWho="1" sc="250,0,198,-20,302,0,250,20" /><INIT seed="2,0,0,2,3,131" ten="250,178,302,270" oya="2" hai0="121,72,81,100,4,110,73,5,30,17,13,39,61" hai1="28,0,59,32,48,56,116,135,132,53,78,133,109" hai2="87,117,88,10,111,68,119,9,128,36,26,85,124" hai3="93,86,92,37,115,70,65,40,76,105,51,33,79"/><V54/><F36/><W11/><G37/><T43/><D110/><U74/><E116/><V27/><F68/><W102/><G105/><T24/><D121/><U83/><E0/><V129/><F54/><W82/><G33/><T18/><D100/><U122/><E122/><V12/><F12/><W71/><G115/><T114/><D114/><U89/><E109/><V50/><F111/><W84/><G65/><T90/><D43/><U46/><REACH who="1" step="1"/><E89/><REACH who="1" ten="250,168,302,270" step="2"/><V23/><F88/><W19/><G79/><T94/><D90/><U112/><E112/><V35/><F119/><W63/><G76/><T99/><D73/><U3/><E3/><V58/><F117/><W57/><G102/><T120/><D72/><U98/><E98/><V97/><F97/><W91/><G86/><T130/><D120/><U60/><E60/><V2/><F87/><W20/><G84/><T107/><D61/><U45/><E45/><V16/><F85/><W75/><G63/><T7/><D99/><U15/><E15/><V77/><F77/><W126/><G75/><T38/><D13/><U96/><E96/><V55/><F2/><W67/><G93/><T113/><D94/><U104/><E104/><V134/><F128/><W29/><G92/><T80/><D107/><U108/><E108/><V8/><F129/><W42/><G91/><T95/><D130/><U52/><E52/><V41/><F55/><W69/><G82/><N who="0" m="31851" /><D95/><U22/><E22/><V21/><F23/><W123/><G20/><N who="0" m="15623" /><D113/><U44/><E44/><V66/><F21/><W6/><G123/><T62/><D62/><U125/><E125/><RYUUKYOKU ba="0,1" sc="250,15,168,15,302,-15,270,-15" hai0="4,5,7,17,18,38,39" hai1="28,32,46,48,53,56,59,74,78,83,132,133,135" /><INIT seed="3,1,1,3,1,8" ten="265,183,287,255" oya="3" hai0="37,75,132,83,12,11,49,21,133,69,33,26,61" hai1="114,90,97,93,87,84,13,4,29,125,45,110,67" hai2="25,63,65,72,118,3,22,55,96,100,14,40,70" hai3="101,109,99,111,124,131,38,130,17,44,134,24,77"/><W122/><G122/><T64/><D37/><U2/><E2/><V48/><F3/><W35/><G77/><T86/><D33/><U85/><E114/><V41/><F72/><W115/><G115/><T119/><D75/><U135/><E135/><V117/><F117/><W98/><G134/><T15/><D119/><U1/><E1/><V127/><F127/><W81/><G81/><T91/><D49/><U92/><E125/><V76/><F76/><W46/><G124/><T20/><D20/><U50/><E67/><V5/><F5/><W53/><G53/><T54/><D54/><U0/><E0/><V18/><F25/><W32/><G38/><T47/><D47/><N who="3" m="17961" /><G17/><T102/><D102/><U51/><E29/><V36/><F36/><W82/><G82/><T62/><D62/><U104/><E104/><V112/><F112/><W121/><G121/><T120/><D120/><U10/><E110/><N who="3" m="41994" /><G24/><T128/><D128/><N who="3" m="49193" /><G101/><T39/><D39/><U19/><E19/><V52/><F55/><W58/><G58/><T89/><D133/><U73/><E73/><V27/><F27/><W105/><G105/><T59/><D132/><U71/><E71/><V68/><F70/><W78/><G78/><N who="0" m="46455" /><D26/><U42/><REACH who="1" step="1"/><E51/><REACH who="1" ten="265,173,287,255" step="2"/><V9/><F48/><W31/><G31/><T116/><D69/><U6/><E6/><V106/><F68/><W23/><G23/><T107/><D107/><U30/><E30/><V28/><F28/><W34/><AGARI ba="1,2" hai="32,34,35,98,99" m="49193,41994,17961" machi="34" ten="40,12000,1" yaku="28,2,14,1,10,1,19,1" doraHai="8" who="3" fromWho="3" sc="265,-41,173,-41,287,-41,255,143" /><INIT seed="3,2,0,0,0,47" ten="224,132,246,398" oya="3" hai0="18,102,40,11,52,43,33,70,127,37,56,2,96" hai1="88,135,73,86,112,20,45,38,55,19,8,95,117" hai2="6,129,44,113,91,26,77,81,17,29,80,27,48" hai3="41,123,61,90,85,107,125,3,51,83,99,89,128"/><W21/><G123/><T35/><D70/><U105/><E105/><V59/><F113/><W101/><G3/><T94/><D127/><U114/><E117/><V115/><F129/><W106/><G125/><T50/><D37/><U131/><E73/><V104/><F104/><W16/><G61/><T12/><REACH who="0" step="1"/><D2/><REACH who="0" ten="214,132,246,398" step="2"/><U122/><E122/><V60/><F115/><W111/><G128/><T97/><D97/><U84/><E131/><V36/><F36/><W4/><G111/><T110/><D110/><U75/><E135/><V66/><F6/><W25/><G4/><T76/><D76/><U133/><E133/><V58/><F77/><W46/><G107/><T7/><D7/><U28/><E114/><V65/><F65/><W13/><G25/><T103/><D103/><U121/><E112/><V64/><F66/><W118/><G118/><T10/><D10/><U57/><E121/><V22/><F64/><W93/><G106/><T72/><D72/><U53/><E8/><V0/><F0/><W92/><G92/><T32/><AGARI ba="2,1" hai="11,12,18,32,33,35,40,43,50,52,56,94,96,102" machi="32" ten="30,8000,1" yaku="1,1,0,1,52,1,54,1,53,1" doraHai="47" doraHaiUra="5" who="0" fromWho="0" sc="214,96,132,-22,246,-22,398,-42" /><INIT seed="4,0,0,1,5,4" ten="310,110,224,356" oya="0" hai0="119,65,0,121,45,19,126,47,3,83,106,97,8" hai1="55,61,57,58,64,53,6,48,110,95,90,77,115" hai2="70,35,59,46,131,12,82,25,27,127,31,134,129" hai3="94,40,104,88,37,91,5,105,72,32,84,89,67"/><T120/><D119/><U96/><E110/><V133/><F70/><W79/><G32/><T30/><D126/><U18/><E115/><V24/><F46/><W98/><G67/><T93/><D106/><N who="3" m="41065" /><G5/><T73/><D30/><U36/><E36/><V26/><F59/><W29/><G40/><T15/><D65/><U107/><E107/><V34/><F82/><N who="3" m="45415" /><G29/><T102/><D47/><U13/><E77/><V50/><F50/><W33/><G33/><N who="2" m="12297" /><F12/><W17/><G17/><T41/><D83/><U130/><E130/><N who="2" m="49675" /><F127/><W74/><G37/><T125/><D73/><U81/><E81/><V85/><F85/><N who="3" m="52495" /><G89/><T123/><REACH who="0" step="1"/><D125/><REACH who="0" ten="300,110,224,356" step="2"/><U44/><E64/><V109/><F109/><W86/><G74/><T52/><D52/><U99/><E44/><V7/><F7/><W135/><G135/><N who="2" m="51721" /><F24/><W117/><G117/><T100/><D100/><U76/><E6/><V66/><F66/><W63/><G63/><T116/><D116/><U2/><E2/><V14/><F14/><W49/><G49/><AGARI ba="0,1" hai="0,3,8,15,19,41,45,49,93,97,102,120,121,123" machi="49" ten="40,3900,0" yaku="1,1,52,1,53,0" doraHai="4" doraHaiUra="132" who="0" fromWho="3" sc="300,49,110,0,224,0,356,-39" /><INIT seed="4,1,0,2,3,49" ten="349,110,224,317" oya="0" hai0="4,127,104,74,66,124,111,11,133,35,89,53,41" hai1="40,109,19,1,118,60,61,45,91,69,99,67,8" hai2="42,14,126,56,27,120,39,2,29,87,47,95,68" hai3="13,48,59,20,96,121,134,85,73,83,116,62,16"/><T76/><D35/><U63/><E118/><V51/><F2/><W72/><G116/><T79/><D104/><U77/><E77/><V113/><F120/><W46/><G121/><T82/><D79/><U81/><E109/><V128/><F113/><W102/><G134/><T64/><D133/><U108/><E108/><V28/><F128/><W30/><G30/><T33/><D33/><U37/><E19/><V5/><F68/><W129/><G129/><T34/><D34/><U25/><E25/><V44/><F56/><W103/><G73/><T119/><D119/><U75/><E91/><V94/><F87/><W18/><G18/><T6/><D6/><U107/><E81/><V36/><F126/><N who="0" m="48170" /><D41/><U43/><E75/><V7/><F51/><W9/><G72/><T15/><D89/><U100/><REACH who="1" step="1"/><E43/><REACH who="1" ten="349,100,224,317" step="2"/><V3/><F42/><N who="3" m="24663" /><G96/><T122/><D111/><U112/><E112/><V21/><F7/><AGARI ba="1,1" hai="1,7,8,37,40,45,60,61,63,67,69,99,100,107" machi="7" ten="40,2600,0" yaku="1,1,53,1" doraHai="49" doraHaiUra="0" who="1" fromWho="2" sc="349,0,100,39,224,-29,317,0" /><INIT seed="5,0,0,2,4,22" ten="349,139,195,317" oya="1" hai0="10,38,111,47,114,19,55,27,66,60,100,51,48" hai1="59,94,44,115,57,78,121,122,74,28,36,31,13" hai2="6,20,42,99,65,35,88,104,9,25,85,18,80" hai3="105,127,33,32,84,128,113,130,2,120,106,87,95"/><U123/><E115/><V21/><F35/><N who="3" m="13387" /><G2/><T110/><D114/><U91/><E13/><V8/><F65/><W40/><G40/><T116/><D116/><U107/><E107/><N who="3" m="40970" /><G113/><T26/><D38/><U103/><E103/><V61/><F42/><W5/><G5/><T50/><D111/><U53/><E74/><V96/><F104/><W81/><G120/><T56/><D110/><U49/><E78/><V7/><F61/><W11/><G11/><N who="2" m="4169" /><F20/><W17/><G17/><T98/><D10/><U134/><E134/><V16/><F18/><W30/><G30/><T93/><D19/><U12/><E12/><V76/><F76/><W119/><G119/><T86/><D86/><N who="3" m="32809" /><G95/><T71/><D71/><U97/><REACH who="1" step="1"/><E36/><REACH who="1" ten="349,129,195,317" step="2"/><V15/><F15/><W0/><G0/><T37/><D37/><U125/><E125/><V54/><F54/><W108/><G108/><T64/><D64/><U43/><E43/><V46/><F46/><W89/><G127/><T3/><D3/><U75/><E75/><V124/><F124/><W4/><G4/><AGARI ba="0,1" hai="4,6,7,16,21,25,80,85,88,96,99" m="4169" machi="4" ten="30,7700,0" yaku="8,1,52,1,54,2" doraHai="22" who="2" fromWho="3" sc="349,0,129,0,195,87,317,-77" /><INIT seed="6,0,0,4,1,19" ten="349,129,282,240" oya="2" hai0="60,129,126,97,24,22,68,131,78,80,45,37,106" hai1="17,64,108,90,44,21,48,74,109,32,127,95,121" hai2="113,107,9,36,79,110,29,51,43,67,85,134,83" hai3="14,123,100,105,125,73,72,117,76,103,102,6,25"/><V75/><F113/><W98/><G123/><T55/><D126/><U96/><E32/><V101/><F134/><W133/><G117/><T50/><D37/><U71/><E127/><V59/><F36/><W11/><G133/><T38/><D38/><U88/><E74/><V42/><F29/><W13/><G125/><T57/><D68/><U12/><E121/><V2/><F110/><W112/><G112/><T65/><D106/><U94/><E64/><V70/><F70/><W16/><G25/><T33/><D33/><U118/><E71/><V77/><F77/><W93/><G76/><T82/><D97/><U135/><E135/><V47/><F101/><W31/><G31/><T39/><D39/><U8/><E118/><V1/><F107/><W99/><REACH who="3" step="1"/><G103/><REACH who="3" ten="349,129,282,230" step="2"/><T119/><D119/><U91/><E109/><V4/><F79/><W28/><G28/><N who="0" m="17431" /><D78/><U132/><E108/><V10/><F75/><W66/><G66/><T69/><D69/><U124/><E132/><V7/><F67/><W116/><G116/><T20/><D131/><U18/><E124/><V92/><F1/><W3/><G3/><T23/><D129/><U35/><E35/><V41/><F2/><W114/><G114/><T5/><D5/><U58/><E96/><V61/><F4/><W86/><G86/><T115/><D115/><U26/><REACH who="1" step="1"/><E58/><REACH who="1" ten="349,119,282,230" step="2"/><V0/><F59/><W62/><G62/><T52/><D65/><U87/><E87/><V46/><F61/><W27/><G27/><T63/><D60/><U130/><E130/><V15/><F85/><W49/><G49/><N who="0" m="28719" /><D63/><U34/><E34/><RYUUKYOKU ba="0,2" sc="349,10,119,10,282,-30,230,10" hai0="20,23,50,55,57,80,82" hai1="8,12,17,18,21,26,44,48,88,90,91,94,95" hai3="6,11,13,14,16,72,73,93,98,99,100,102,105" /><INIT seed="7,1,2,1,1,9" ten="359,129,252,240" oya="3" hai0="30,76,3,72,121,83,36,42,46,124,24,10,2" hai1="55,89,20,87,71,64,107,81,45,111,69,29,127" hai2="40,115,101,44,78,114,1,35,5,112,23,73,125" hai3="21,134,131,7,106,11,75,120,91,56,43,70,16"/><W102/><G120/><T14/><D124/><U97/><E111/><V132/><F132/><W15/><G70/><T82/><D82/><U85/><E127/><V129/><F129/><W51/><G75/><T88/><D88/><U67/><E69/><V60/><F125/><W62/><G131/><T94/><D94/><U28/><E71/><V99/><F35/><W119/><G134/><T122/><D2/><U79/><E107/><N who="2" m="63935" /><F23/><W26/><G119/><T34/><D3/><U104/><E104/><V86/><F73/><W118/><G118/><T17/><AGARI ba="1,2" hai="10,14,17,24,30,34,36,42,46,72,76,83,121,122" machi="17" ten="20,2700,0" yaku="0,1,7,1,52,1" doraHai="9" who="0" fromWho="0" sc="359,50,129,-8,252,-8,240,-14" owari="409,50.9,121,-37.9,244,4.4,226,-17.4" /></mjloggm>