<mjloggm ver="2.3"><GO type="169" lobby="0"/><UN n0="%E5%A5%94%E4%BB%94" n1="%49%77%61%6B%69%63%68%69" n2="%E3%81%97%E3%81%BE%E3%81%A0%E3%81%BE%32" n3="%43%68%61%72%6F%2E" dan="17,16,16,16" rate="2220.60,2039.69,2131.17,2158.63" sx="M,M,M,M"/><TAIKYOKU oya="0"/><INIT seed="0,0,0,4,0,94" ten="250,250,250,250" oya="0" hai0="131,36,16,43,123,97,65,41,26,76,121,1,134" hai1="114,78,23,103,92,88,32,5,112,110,51,66,118" hai2="44,80,67,62,55,107,59,28,68,37,96,58,95" hai3="56,132,108,113,6,15,22,38,116,90,133,12,124"/><T34/><D1/><U27/><E118/><V25/><F80/><W85/><G38/><T35/><D76/><U101/><E110/><V125/><F125/><W83/><G108/><T33/><D65/><U93/><E32/><V89/><F107/><W119/><G113/><N who="1" m="43626" /><E5/><V0/><F0/><W61/><G124/><T115/><D115/><U135/><E135/><N who="3" m="51786" /><G15/><T129/><D134/><U74/><E66/><V13/><F13/><W42/><G42/><N who="0" m="15883" /><D36/><U117/><E117/><V82/><F37/><W53/><G22/><N who="0" m="13639" /><D97/><N who="1" m="57479" /><E51/><V2/><F2/><W102/><G102/><T126/><D126/><U127/><E127/><V69/><F69/><W98/><G98/><T7/><D7/><U70/><E70/><V10/><F68/><W52/><G53/><T54/><D54/><U64/><E64/><V17/><F67/><W39/><G39/><T91/><D91/><U48/><E48/><V120/><F96/><W87/><G116/><T29/><D29/><N who="1" m="17663" /><E93/><V46/><F95/><W128/><G119/><T30/><D30/><U100/><E78/><V9/><F55/><W49/><G49/><T99/><D99/><U3/><E3/><V86/><F28/><W73/><G52/><T84/><D84/><U71/><E71/><V18/><F86/><N who="3" m="50527" /><G6/><T20/><D20/><U21/><E21/><V122/><F25/><W60/><G85/><T19/><D19/><U105/><E105/><V47/><F89/><W40/><G87/><T24/><D24/><U31/><E31/><V8/><F82/><W11/><G40/><T63/><D63/><U106/><E106/><V45/><F62/><RYUUKYOKU ba="0,0" sc="250,15,250,15,250,-15,250,-15" hai0="33,34,35,121,123,129,131" hai1="74,100,101,103" /><INIT seed="0,1,0,2,3,88" ten="265,265,235,235" oya="0" hai0="120,97,117,67,84,129,39,31,44,78,50,80,3" hai1="123,135,27,9,111,0,132,25,46,4,126,13,10" hai2="122,108,131,21,68,36,8,18,114,101,134,91,75" hai3="2,37,52,34,92,33,45,118,49,64,77,89,23"/><T62/><D120/><U56/><E56/><V119/><RYUUKYOKU type="yao9" ba="1,0" sc="265,0,265,0,235,0,235,0" hai2="8,18,21,36,68,75,91,101,108,114,119,122,131,134" /><INIT seed="0,2,0,2,0,134" ten="265,265,235,235" oya="0" hai0="37,63,52,12,20,48,55,77,34,113,69,23,119" hai1="19,51,80,39,131,14,29,121,65,101,47,87,122" hai2="9,53,56,73,79,110,8,45,49,41,25,13,67" hai3="36,81,30,130,32,128,135,90,117,4,83,100,10"/><T44/><D119/><U57/><E131/><N who="3" m="50218" /><G117/><T64/><D113/><U40/><E101/><V0/><F110/><W108/><G108/><T124/><D34/><U72/><E29/><V82/><F67/><W106/><G135/><T15/><D77/><U115/><E72/><V118/><F118/><W21/><G36/><T91/><D124/><U62/><E39/><V22/><F13/><W102/><G32/><T16/><D37/><U92/><E92/><V120/><F0/><N who="3" m="263" /><G90/><T97/><D97/><U85/><E115/><V33/><F120/><W2/><G2/><T127/><D91/><U66/><E66/><V84/><F73/><W54/><G54/><T112/><D112/><U89/><REACH who="1" step="1"/><E87/><REACH who="1" ten="265,255,235,235" step="2"/><V1/><F33/><W18/><G30/><T11/><D127/><U43/><E43/><V116/><F116/><W111/><G111/><T3/><D3/><U70/><E70/><V95/><F95/><W114/><G114/><T75/><D75/><U68/><E68/><V24/><F1/><W88/><G106/><T26/><D55/><U61/><E61/><V104/><F104/><W98/><G81/><T60/><D63/><U103/><E103/><V78/><F84/><N who="3" m="50207" /><G98/><T35/><REACH who="0" step="1"/><D12/><AGARI ba="2,1" hai="12,18,21,100,102" m="50207,263,50218" machi="12" ten="30,2000,0" yaku="19,1,54,1" doraHai="134" who="3" fromWho="0" sc="265,-26,255,0,235,0,235,36" /><INIT seed="1,0,0,3,5,0" ten="239,255,235,271" oya="1" hai0="42,58,34,104,121,119,92,135,89,13,124,105,91" hai1="48,43,94,115,97,71,100,25,1,14,79,9,128" hai2="96,95,93,24,75,117,10,53,113,38,118,127,107" hai3="76,57,134,32,33,63,31,85,83,36,59,82,72"/><U61/><E115/><V50/><F38/><W102/><G134/><T111/><D42/><U29/><E128/><V126/><F75/><W74/><G36/><T2/><D13/><U130/><E130/><V69/><F69/><W112/><G112/><T5/><D58/><U67/><E1/><V84/><F113/><W78/><G102/><T131/><D92/><U18/><E79/><V129/><F129/><W98/><G98/><T68/><D5/><U40/><REACH who="1" step="1"/><E48/><REACH who="1" ten="239,245,235,271" step="2"/><V90/><F117/><W123/><G76/><T114/><D89/><U15/><E15/><V17/><F118/><W11/><G78/><T52/><D91/><U19/><E19/><V60/><F50/><W45/><G123/><T116/><D119/><U87/><E87/><V77/><F77/><W44/><G85/><T51/><D51/><U125/><E125/><V110/><F126/><W103/><G74/><T80/><D2/><U86/><E86/><V65/><F127/><W8/><G72/><T22/><D114/><U21/><AGARI ba="0,1" hai="9,14,18,21,25,29,40,43,61,67,71,94,97,100" machi="21" ten="20,7800,0" yaku="1,1,0,1,7,1,53,1" doraHai="0" doraHaiUra="26" who="1" fromWho="1" sc="239,-26,245,88,235,-26,271,-26" /><INIT seed="1,1,0,4,5,92" ten="213,333,209,245" oya="1" hai0="91,104,16,96,66,31,71,89,105,124,61,41,95" hai1="79,8,23,123,29,6,102,24,97,108,113,9,81" hai2="112,129,77,83,64,55,101,22,100,33,90,32,76" hai3="119,80,117,18,42,120,69,111,2,47,19,133,25"/><U3/><E113/><V114/><F64/><W99/><G69/><T44/><D31/><U125/><E125/><V60/><F129/><W65/><G65/><T103/><D124/><U130/><E130/><V20/><F83/><W46/><G120/><T67/><D66/><U59/><E59/><V126/><F90/><W84/><G2/><T122/><D122/><U115/><E123/><V51/><F51/><W52/><G133/><T98/><D16/><U86/><E9/><V70/><F55/><W11/><G111/><T0/><D0/><U127/><E127/><V34/><F60/><W5/><G99/><T63/><D63/><U62/><E62/><V10/><F10/><W14/><G119/><T30/><D30/><U132/><E132/><V73/><F73/><W135/><G135/><T87/><D91/><U36/><E36/><V110/><F126/><W53/><G117/><T93/><REACH who="0" step="1"/><D87/><REACH who="0" ten="203,333,209,245" step="2"/><U116/><E116/><V39/><F110/><W74/><G19/><T134/><D134/><U15/><E108/><V106/><F34/><W48/><G74/><T50/><AGARI ba="1,1" hai="41,44,50,61,67,71,89,93,95,96,98,103,104,105" machi="50" ten="20,8000,1" yaku="1,1,0,1,7,1,52,2,53,0" doraHai="92" doraHaiUra="68" who="0" fromWho="0" sc="203,93,333,-41,209,-21,245,-21" /><INIT seed="2,0,0,2,2,34" ten="296,292,188,224" oya="2" hai0="125,17,108,12,49,33,29,62,42,123,45,98,52" hai1="13,135,8,47,55,101,56,130,86,15,118,93,9" hai2="18,105,43,5,113,22,77,25,132,91,48,20,75" hai3="74,16,116,54,71,99,37,131,46,31,104,87,81"/><V133/><F113/><W10/><G131/><T134/><D123/><U114/><E118/><V36/><F105/><W94/><G71/><T23/><D108/><U79/><E130/><V85/><F36/><W63/><G116/><T129/><D129/><U112/><E135/><V119/><F119/><W121/><G121/><T96/><D134/><U26/><E47/><V76/><F75/><W100/><G31/><T44/><D125/><U83/><E26/><V2/><F43/><W110/><G110/><T124/><D124/><U11/><E114/><V57/><F132/><W0/><G0/><T103/><D62/><N who="1" m="36127" /><E112/><V50/><F133/><W127/><G127/><T128/><D128/><U30/><E30/><V68/><F68/><W32/><G32/><T51/><D33/><U88/><E101/><V39/><F39/><W120/><G120/><T117/><D117/><U64/><E64/><V90/><F90/><N who="3" m="51567" /><G74/><T40/><D29/><U65/><E65/><V111/><F111/><W67/><G37/><T80/><D103/><U53/><E53/><V89/><F89/><W58/><G104/><T102/><D102/><U106/><E106/><V72/><F22/><W109/><G109/><T84/><REACH who="0" step="1"/><D52/><REACH who="0" ten="286,292,188,224" step="2"/><U115/><E115/><V24/><F57/><W27/><G54/><T82/><D82/><U95/><E95/><N who="2" m="54767" /><F72/><W60/><G60/><T78/><AGARI ba="0,1" hai="12,17,23,40,42,44,45,49,51,78,80,84,96,98" machi="78" ten="20,8000,1" yaku="1,1,0,1,7,1,9,1,8,1,53,0" doraHai="34" doraHaiUra="1" who="0" fromWho="0" sc="286,90,292,-20,188,-40,224,-20" /><INIT seed="3,0,0,1,2,63" ten="376,272,148,204" oya="3" hai0="64,5,59,52,124,128,55,73,107,109,61,33,92" hai1="66,96,54,131,130,43,86,77,71,4,105,22,117" hai2="2,14,3,57,19,89,78,58,46,40,26,80,13" hai3="83,104,125,0,24,98,106,12,48,135,114,132,51"/><W68/><G0/><T88/><D33/><U39/><E117/><V129/><F129/><W120/><G120/><T121/><D121/><U126/><E126/><V110/><F110/><W25/><G114/><T93/><D107/><N who="3" m="41001" /><G98/><T103/><D73/><U28/><E4/><V18/><F26/><N who="3" m="10347" /><G125/><T11/><D128/><U50/><E28/><V67/><F89/><W95/><G95/><T70/><D109/><U34/><E22/><V32/><F32/><W23/><G83/><T122/><D122/><U9/><E34/><V74/><F57/><W101/><G101/><T30/><D30/><U113/><E9/><V76/><F76/><W44/><G44/><T133/><D124/><U87/><E113/><V35/><F35/><W62/><G23/><T84/><D70/><U21/><E21/><V123/><F123/><W116/><G12/><N who="0" m="5231" /><D133/><N who="3" m="51273" /><G116/><T79/><D79/><U100/><E77/><V45/><F45/><W41/><G41/><T85/><D85/><U8/><E87/><V37/><F3/><W15/><G15/><T20/><D20/><U29/><E86/><V90/><F2/><W81/><G81/><T115/><D115/><U56/><E131/><V75/><F75/><W119/><G119/><T91/><D91/><U42/><E130/><V27/><F90/><W65/><AGARI ba="0,0" hai="48,51,62,65,68" m="51273,10347,41001" machi="65" ten="40,3900,0" yaku="20,1,52,1" doraHai="63" who="3" fromWho="3" sc="376,-13,272,-13,148,-13,204,39" /><INIT seed="3,1,0,2,4,88" ten="363,259,135,243" oya="3" hai0="134,1,86,52,25,17,64,70,46,73,35,123,39" hai1="60,132,67,121,92,96,3,16,53,48,9,26,15" hai2="40,51,59,38,54,99,2,20,44,74,22,114,32" hai3="119,130,23,87,108,131,102,129,104,84,56,103,116"/><W28/><G28/><T90/><D73/><U79/><E121/><V77/><F114/><W122/><G23/><T83/><D1/><U6/><E132/><V95/><F32/><W89/><G56/><T98/><D123/><U5/><E79/><V100/><F74/><W27/><G27/><T49/><D134/><U112/><E26/><V8/><REACH who="2" step="1"/><F77/><REACH who="2" ten="363,259,125,243" step="2"/><W133/><G122/><T31/><D35/><U82/><E112/><V7/><AGARI ba="1,1" hai="2,7,8,20,22,38,40,44,51,54,59,95,99,100" machi="7" ten="30,7900,0" yaku="1,1,2,1,0,1,52,1,53,0" doraHai="88" doraHaiUra="111" who="2" fromWho="2" sc="363,-21,259,-21,125,92,243,-40" /><INIT seed="4,0,0,1,0,37" ten="342,238,217,203" oya="0" hai0="96,120,50,73,49,85,81,65,94,22,8,106,123" hai1="71,60,105,131,118,95,70,6,41,0,42,104,40" hai2="88,76,35,116,10,69,28,33,117,119,17,72,34" hai3="12,21,130,36,59,128,115,77,74,52,134,90,126"/><T25/><D65/><U56/><E118/><V99/><F69/><W13/><G115/><T39/><D39/><U111/><E111/><V82/><F28/><W86/><G36/><T2/><D2/><U63/><E131/><N who="3" m="50218" /><G134/><T45/><D8/><U107/><E95/><N who="2" m="56807" /><F10/><W68/><G68/><T125/><D125/><U66/><E0/><V44/><F44/><W124/><G77/><T1/><D1/><U100/><E6/><V38/><F38/><W11/><G74/><T20/><D49/><U15/><E15/><N who="3" m="5706" /><G21/><T27/><D106/><U127/><E127/><N who="3" m="48682" /><G11/><T113/><D73/><U16/><E16/><AGARI ba="0,0" hai="16,17,33,34,35,72,76,82,116,117,119" m="56807" machi="16" ten="40,5200,0" yaku="12,1,54,2" doraHai="37" who="2" fromWho="1" sc="342,0,238,-52,217,52,203,0" /><INIT seed="5,0,0,0,4,122" ten="342,186,269,203" oya="1" hai0="99,84,81,72,30,88,129,135,102,41,40,97,109" hai1="2,53,93,95,131,0,23,25,45,29,51,91,106" hai2="57,133,17,87,124,71,14,117,104,27,12,78,62" hai3="63,119,46,49,73,38,16,98,92,9,113,36,134"/><U58/><E131/><V89/><F71/><W56/><G113/><T123/><D109/><U11/><E106/><V83/><F104/><W20/><G134/><T55/><D30/><U43/><E11/><V64/><F124/><W54/><G73/><T42/><D72/><U4/><E4/><V39/><F39/><W52/><G9/><T48/><D135/><U44/><E44/><V68/><F117/><W115/><G115/><T37/><D129/><U21/><E21/><N who="2" m="13743" /><F68/><W1/><G1/><T100/><D37/><U107/><E107/><V18/><F133/><W80/><G80/><T103/><REACH who="0" step="1"/><D123/><REACH who="0" ten="332,186,269,203" step="2"/><U60/><REACH who="1" step="1"/><E95/><REACH who="1" ten="332,176,269,203" step="2"/><N who="2" m="54719" /><F18/><W28/><G119/><T67/><D67/><U101/><E101/><V85/><AGARI ba="0,2" hai="12,14,57,62,64,78,83,85" m="54719,13743" machi="85" ten="30,1100,0" yaku="8,1" doraHai="122" who="2" fromWho="2" sc="332,-3,176,-5,269,31,203,-3" /><INIT seed="6,0,0,5,0,64" ten="329,171,300,200" oya="2" hai0="59,119,71,78,8,20,77,9,1,112,81,68,13" hai1="133,32,54,86,63,43,98,35,130,97,134,91,46" hai2="25,69,3,90,65,76,55,67,23,123,45,4,99" hai3="2,74,126,29,44,79,135,58,120,80,14,37,115"/><V89/><F123/><W0/><G120/><T22/><D112/><U5/><E130/><V48/><F76/><W131/><G115/><T61/><D119/><U7/><E63/><V102/><F4/><W53/><G131/><T73/><D1/><U107/><E54/><V60/><F3/><W16/><G29/><T36/><D36/><U56/><E56/><V6/><F6/><W85/><G126/><T93/><D93/><U106/><E86/><V52/><F67/><W83/><G135/><T19/><D78/><U39/><E91/><V116/><F55/><W75/><G75/><T129/><D129/><U105/><E105/><V33/><F116/><W18/><G18/><T87/><D73/><U49/><E49/><V103/><F103/><W108/><G108/><T114/><D114/><U40/><REACH who="1" step="1"/><E46/><REACH who="1" ten="329,161,300,200" step="2"/><V24/><F89/><W41/><G85/><T96/><D61/><U62/><E62/><V12/><F90/><W82/><G74/><T38/><D59/><U122/><E122/><V15/><F99/><W110/><G79/><T111/><D96/><U127/><E127/><V124/><F124/><W118/><G118/><T128/><D128/><U51/><E51/><V42/><F52/><W21/><REACH who="3" step="1"/><G110/><REACH who="3" ten="329,161,300,190" step="2"/><T100/><D111/><U113/><E113/><V94/><F65/><W47/><G47/><T34/><D77/><U11/><E11/><V27/><F45/><W10/><G10/><T72/><D8/><U31/><E31/><V121/><F121/><W92/><G92/><T30/><D72/><U101/><E101/><V88/><F102/><W84/><G84/><RYUUKYOKU ba="0,2" sc="329,-15,161,15,300,-15,190,15" hai1="5,7,32,35,39,40,43,97,98,106,107,133,134" hai3="0,2,14,16,21,37,41,44,53,58,80,82,83" /><INIT seed="7,1,2,5,2,47" ten="314,176,285,205" oya="3" hai0="70,69,43,112,117,31,53,51,96,34,91,74,100" hai1="60,113,17,35,130,50,4,44,0,109,41,55,68" hai2="20,73,92,134,25,28,15,123,52,116,99,80,90" hai3="14,39,95,124,3,12,105,87,16,71,37,102,81"/><W24/><G3/><T45/><D74/><U98/><E109/><V64/><F116/><W59/><G105/><T58/><D117/><U72/><E130/><V78/><F134/><W67/><G71/><T30/><D112/><U11/><E113/><V110/><F110/><W97/><G124/><T76/><D76/><U93/><E72/><V83/><F64/><W6/><G6/><T33/><D33/><U21/><E35/><V40/><F123/><W5/><G5/><T120/><D120/><U101/><E68/><V128/><F128/><W23/><G37/><T82/><D34/><U18/><E21/><V127/><F40/><W65/><G39/><T22/><D22/><U57/><AGARI ba="1,2" hai="0,4,11,17,18,41,44,50,55,57,60,93,98,101" machi="57" ten="30,2000,0" yaku="0,1,52,1" doraHai="47" who="1" fromWho="1" sc="314,-6,176,43,285,-6,205,-11" owari="308,40.8,219,-18.1,279,7.9,194,-30.6" /></mjloggm>