<mjloggm ver="2.3"><GO type="169" lobby="0"/><UN n0="%E3%82%89%E3%81%84%E3%81%82%E3%82%93%E3%81%98%E3%82%83%E3%82%93" n1="%E3%81%84%E3%81%97%E3%81%A3%E3%81%93" n2="%E3%82%B0%E3%83%B3%E3%83%80%E3%83%AA%E3%83%BC" n3="%41%52%44%45%4E" dan="16,18,19,16" rate="2096.13,2239.14,2267.25,2132.56" sx="M,M,M,F"/><TAIKYOKU oya="0"/><INIT seed="0,0,0,0,1,110" ten="250,250,250,250" oya="0" hai0="91,101,104,18,40,36,124,122,75,134,108,121,117" hai1="89,28,84,4,29,12,126,116,15,95,58,53,80" hai2="125,23,118,14,59,17,99,22,2,39,57,73,31" hai3="34,0,106,119,56,109,107,10,79,102,51,114,69"/><T85/><D36/><U63/><E126/><V21/><F125/><W120/><G119/><T25/><D40/><U62/><E116/><V131/><F131/><W129/><G114/><T54/><D54/><U98/><E62/><V87/><F73/><W128/><G69/><T49/><D49/><U3/><E3/><V33/><F39/><W60/><G120/><N who="0" m="46187" /><D75/><U66/><E66/><V77/><F2/><W61/><G109/><T92/><D124/><U115/><E115/><V47/><F33/><W82/><G34/><T50/><D50/><U45/><E45/><V93/><F47/><W65/><G61/><T86/><D117/><U27/><E4/><V46/><F31/><W38/><G51/><T55/><D55/><U100/><REACH who="1" step="1"/><E29/><REACH who="1" ten="250,240,250,250" step="2"/><V8/><F46/><W83/><G0/><T78/><D108/><U19/><E19/><V127/><F127/><W48/><G128/><T1/><D1/><U6/><E6/><V135/><F118/><W43/><G65/><T37/><D18/><U42/><E42/><V20/><N who="2" m="5120" /><DORA hai="30" /><V74/><F135/><W133/><G43/><T97/><D134/><U44/><E44/><V32/><F32/><AGARI ba="0,1" hai="12,15,27,28,32,53,58,63,80,84,89,95,98,100" machi="32" ten="30,7700,0" yaku="1,1,7,1,52,1,53,1" doraHai="110,30" doraHaiUra="94,113" who="1" fromWho="2" sc="250,0,240,87,250,-77,250,0" /><INIT seed="1,0,0,1,5,122" ten="250,327,173,250" oya="1" hai0="83,41,120,76,30,12,20,25,21,92,0,96,114" hai1="31,73,111,16,47,7,94,99,9,119,132,15,46" hai2="60,6,71,126,118,135,87,8,112,133,48,124,125" hai3="26,106,107,14,49,35,37,69,64,13,129,22,28"/><U36/><E119/><V33/><F33/><W110/><G37/><T74/><D114/><U50/><E73/><V81/><F118/><W131/><G64/><T105/><D120/><U97/><E132/><N who="2" m="50763" /><F48/><W70/><G49/><T88/><D0/><U24/><E111/><V128/><F60/><W5/><G110/><T54/><D105/><U53/><E7/><V58/><F58/><W43/><G43/><T134/><D134/><U95/><E97/><V100/><F100/><W42/><G42/><T10/><D41/><U39/><E47/><V45/><F45/><W56/><G56/><T116/><D116/><U104/><E104/><V59/><F59/><W61/><G61/><T82/><D82/><U68/><E68/><N who="3" m="26218" /><G5/><T77/><D76/><U1/><E1/><N who="2" m="79" /><F71/><W65/><G65/><T51/><D20/><U34/><REACH who="1" step="1"/><E94/><REACH who="1" ten="250,317,173,250" step="2"/><V91/><F112/><W44/><G44/><T85/><D74/><U19/><E19/><V93/><F93/><W57/><G106/><T130/><D92/><U2/><E2/><V101/><F101/><AGARI ba="0,1" hai="9,15,16,24,31,34,36,39,46,50,53,95,99,101" machi="101" ten="30,11600,0" yaku="1,1,7,1,54,1,53,1" doraHai="122" doraHaiUra="29" who="1" fromWho="2" sc="250,0,317,126,173,-116,250,0" /><INIT seed="1,1,0,1,4,117" ten="250,443,57,250" oya="1" hai0="109,110,35,87,104,91,1,50,24,2,48,72,113" hai1="13,121,75,23,16,47,106,8,43,53,4,111,77" hai2="84,126,49,29,119,122,60,124,92,65,20,69,94" hai3="102,83,99,81,42,129,82,61,97,38,100,58,41"/><U95/><E106/><V37/><F119/><W98/><G129/><T86/><D72/><U105/><E105/><V17/><F37/><W132/><G132/><T123/><D113/><U21/><E121/><V118/><F118/><W3/><G3/><T34/><D104/><U59/><E111/><V112/><F29/><W56/><G38/><T90/><REACH who="0" step="1"/><D24/><REACH who="0" ten="240,443,57,250" step="2"/><U101/><E75/><V96/><F112/><W22/><G22/><T26/><D26/><U6/><E23/><V133/><F20/><W30/><G30/><T36/><D36/><U46/><E21/><V73/><F126/><W79/><G79/><T135/><D135/><U63/><E77/><V9/><F124/><W114/><G114/><T55/><D55/><U54/><E53/><V120/><F73/><W0/><G0/><T67/><D67/><U33/><E33/><V39/><F133/><W7/><G7/><N who="1" m="2602" /><E43/><V28/><F39/><W130/><G130/><T78/><D78/><U76/><E76/><V51/><F28/><W52/><G58/><T70/><D70/><U127/><E127/><V18/><F69/><W68/><G68/><T11/><D11/><U115/><E115/><V5/><F5/><W64/><G64/><T134/><D134/><U31/><E31/><V131/><F65/><W128/><G128/><T107/><D107/><U14/><E13/><V116/><F131/><W125/><G125/><T62/><D62/><U15/><E14/><V66/><F66/><W10/><G10/><T93/><D93/><N who="2" m="35946" /><F116/><W27/><G27/><T108/><D108/><U12/><E15/><V80/><F9/><RYUUKYOKU ba="1,1" sc="240,10,443,10,57,-30,250,10" hai0="1,2,34,35,48,50,86,87,90,91,109,110,123" hai1="8,12,16,46,47,54,59,63,95,101" hai3="41,42,52,56,61,81,82,83,97,98,99,100,102" /><INIT seed="1,2,1,2,3,36" ten="250,453,27,260" oya="1" hai0="101,93,46,14,121,71,37,81,111,30,58,66,99" hai1="108,134,76,105,73,34,70,19,39,45,33,47,55" hai2="43,69,124,16,102,15,85,96,49,29,74,54,63" hai3="115,107,127,8,13,84,4,44,114,68,41,116,131"/><U12/><E105/><V94/><F74/><W51/><G116/><T7/><D111/><U72/><E70/><V122/><F124/><W91/><G127/><T120/><D30/><U113/><E113/><V67/><F122/><N who="0" m="47210" /><D71/><U98/><E98/><V88/><F29/><W10/><G131/><T80/><D46/><U22/><E134/><V2/><F2/><W61/><G107/><T56/><D37/><U106/><E106/><V132/><F132/><W123/><G123/><T117/><D117/><U23/><E108/><V100/><F43/><W90/><G90/><T40/><D40/><U28/><E28/><V50/><F96/><W25/><G25/><T77/><D66/><U128/><E39/><V109/><F109/><W17/><G61/><T95/><D95/><U42/><E42/><V64/><F64/><W24/><G68/><T52/><D77/><U89/><E76/><V60/><F60/><W79/><G79/><T11/><D58/><U86/><E128/><V27/><F27/><W18/><G24/><T103/><D103/><U126/><E126/><V31/><F31/><W9/><G114/><T0/><D0/><U20/><E33/><V83/><F94/><N who="3" m="54631" /><G115/><T3/><D3/><U53/><E34/><V129/><F129/><W92/><G92/><T110/><D110/><U78/><E72/><V21/><REACH who="2" step="1"/><F49/><AGARI ba="2,1" hai="7,11,14,49,52,56,80,81,93,99,101" m="47210" machi="49" ten="30,2000,0" yaku="13,1,54,1" doraHai="36" who="0" fromWho="2" sc="250,36,453,0,27,-26,260,0" /><INIT seed="2,0,0,1,4,57" ten="286,453,1,260" oya="2" hai0="55,40,45,46,28,82,6,119,127,48,70,117,97" hai1="35,66,68,125,39,67,52,30,16,44,62,122,22" hai2="115,131,13,50,112,85,2,133,32,75,56,17,54" hai3="33,78,80,98,38,12,128,24,91,58,47,107,108"/><V27/><F75/><W49/><G108/><T64/><D127/><U10/><E125/><V19/><F2/><W63/><G128/><T5/><D28/><U116/><E116/><N who="0" m="44617" /><D97/><U8/><E122/><V114/><F131/><W104/><G38/><N who="0" m="21655" /><D82/><U76/><E76/><V3/><F3/><W51/><G51/><T79/><D79/><U126/><E126/><V96/><F133/><W113/><G113/><T59/><D70/><U34/><E30/><V121/><F121/><W43/><G33/><T37/><D37/><U124/><E34/><V26/><F32/><W1/><G1/><T14/><D14/><U87/><E35/><V36/><F36/><W7/><G24/><T42/><D42/><U81/><E124/><V93/><F19/><W102/><G104/><T31/><D31/><U86/><E68/><V71/><F71/><W77/><G91/><T11/><D11/><N who="1" m="4139" /><E39/><V9/><F85/><N who="1" m="32265" /><E81/><V99/><F99/><W110/><G110/><T109/><D109/><U135/><E135/><V23/><F9/><N who="3" m="4159" /><G107/><T123/><D123/><U90/><E90/><V106/><F106/><W92/><G80/><T72/><D72/><U20/><E22/><V29/><F29/><W88/><G102/><T134/><D134/><U73/><E73/><V0/><F0/><W83/><G83/><T15/><D15/><U101/><E101/><V100/><AGARI ba="0,0" hai="13,17,23,26,27,50,54,56,93,96,100,112,114,115" machi="100" ten="30,1500,0" yaku="0,1" doraHai="57" who="2" fromWho="2" sc="286,-5,453,-5,1,15,260,-5" /><INIT seed="2,1,0,5,3,47" ten="281,448,16,255" oya="2" hai0="95,121,28,43,22,59,125,33,0,83,76,26,105" hai1="60,14,103,81,55,72,19,120,69,3,1,48,49" hai2="8,108,109,107,50,124,113,132,71,133,4,80,112" hai3="30,129,23,39,24,34,94,57,53,96,36,74,27"/><V92/><F107/><W32/><G74/><T61/><D121/><U35/><E35/><V100/><F71/><W52/><G129/><T102/><D0/><U90/><E103/><V21/><F21/><W106/><G106/><T135/><D135/><BYE who="0" /><N who="2" m="51786" /><F80/><W45/><G53/><T127/><D127/><U101/><E101/><UN n0="%E3%82%89%E3%81%84%E3%81%82%E3%82%93%E3%81%98%E3%82%83%E3%82%93" /><V82/><F82/><W119/><G119/><T25/><D105/><U10/><E120/><V12/><F124/><W5/><G5/><T116/><D116/><U85/><E72/><V128/><F100/><W16/><G45/><T130/><D130/><U20/><E20/><V40/><F92/><W91/><G34/><T89/><D102/><U58/><REACH who="1" step="1"/><E69/><REACH who="1" ten="281,438,16,255" step="2"/><V104/><F104/><W63/><AGARI ba="1,1" hai="16,23,24,27,30,32,36,39,52,57,63,91,94,96" machi="63" ten="20,12000,2" yaku="0,1,7,1,25,2,54,2" doraHai="47" who="3" fromWho="3" sc="281,-31,438,-31,16,-61,255,133" owari="250,-15.0,407,50.7,-45,-54.5,388,18.8" /></mjloggm>