<mjloggm ver="2.3"><GO type="169" lobby="0"/><UN n0="%E3%81%9B%E3%81%A9%E3%81%AA%E3%82%8A%E3%81%82%E3%82%93" n1="%4D%E6%9C%AC" n2="%E5%90%89%E6%88%90%E5%89%9B" n3="%E3%81%97%E3%82%83%E3%82%93%E3%81%8A%E3%81%98" dan="17,18,16,16" rate="2164.85,2241.36,2077.94,2199.25" sx="M,M,M,F"/><TAIKYOKU oya="0"/><INIT seed="0,0,0,1,3,19" ten="250,250,250,250" oya="0" hai0="45,117,4,77,48,60,30,88,9,80,89,81,75" hai1="119,118,38,102,125,12,61,131,47,26,35,15,128" hai2="25,20,23,111,69,54,21,100,83,2,22,70,132" hai3="122,106,73,94,135,49,68,67,40,31,72,134,115"/><T99/><D117/><U34/><E102/><V43/><F2/><W0/><G106/><T46/><D30/><U97/><E97/><V3/><F3/><W66/><G0/><T27/><D27/><U29/><E61/><V1/><F1/><W104/><G104/><T103/><D46/><U10/><E47/><V13/><F100/><W32/><G115/><T126/><D126/><U14/><E38/><V16/><F43/><W11/><G11/><T5/><D60/><U98/><E98/><V85/><F132/><W63/><G67/><T112/><D112/><U51/><E51/><V53/><F25/><N who="3" m="18543" /><G122/><T42/><D9/><U108/><E125/><V105/><F105/><W59/><G94/><T37/><D37/><U57/><E57/><V52/><REACH who="2" step="1"/><F111/><REACH who="2" ten="250,250,240,250" step="2"/><W44/><G68/><T82/><D103/><U96/><E108/><V78/><AGARI ba="0,1" hai="13,16,20,21,22,23,52,53,54,69,70,78,83,85" machi="78" ten="30,16000,3" yaku="1,1,2,1,0,1,52,4,54,2,53,1" doraHai="19" doraHaiUra="8" who="2" fromWho="2" sc="250,-80,250,-40,240,170,250,-40" /><INIT seed="1,0,0,1,4,108" ten="170,210,410,210" oya="1" hai0="128,38,34,134,24,17,6,0,60,70,62,3,50" hai1="69,27,115,100,45,42,37,35,107,18,90,81,133" hai2="57,39,31,11,66,77,86,94,109,2,48,15,46" hai3="114,124,118,58,73,112,95,32,44,121,99,106,47"/><U102/><E133/><V116/><F109/><W25/><G121/><T129/><D38/><U110/><E110/><V83/><F2/><N who="0" m="554" /><D70/><U111/><E111/><V130/><F39/><W43/><G73/><T19/><D50/><U61/><E18/><N who="0" m="6665" /><D60/><U82/><E90/><V67/><F57/><W96/><G106/><T53/><D53/><U40/><E40/><V104/><F104/><W41/><G118/><T75/><D62/><U23/><E23/><V7/><F116/><W49/><G58/><T9/><D75/><U132/><E132/><V105/><F105/><W28/><G124/><T4/><D134/><U91/><E91/><V98/><F31/><W33/><G33/><T79/><D79/><U63/><E63/><V80/><F80/><W103/><REACH who="3" step="1"/><G99/><REACH who="3" ten="170,210,410,200" step="2"/><T13/><D4/><U120/><E107/><V125/><F125/><W87/><G87/><T122/><D122/><U126/><E120/><V127/><F127/><W135/><G135/><T52/><D52/><U72/><E126/><V1/><F98/><W93/><G93/><T16/><D34/><U89/><E72/><V131/><F94/><W101/><G101/><T117/><D117/><U74/><E102/><V30/><F86/><W68/><G68/><T5/><D5/><U59/><E69/><V55/><F7/><W76/><G76/><T51/><D51/><AGARI ba="0,1" hai="25,28,32,41,43,44,47,49,51,95,96,103,112,114" machi="51" ten="30,8000,1" yaku="1,1,7,1,9,1,52,2,53,0" doraHai="108" doraHaiUra="78" who="3" fromWho="0" sc="170,-80,210,0,410,0,200,90" /><INIT seed="2,0,0,4,0,51" ten="90,210,410,290" oya="2" hai0="66,71,102,92,123,113,26,110,11,40,25,1,6" hai1="83,76,61,19,45,17,129,4,12,98,124,107,57" hai2="121,55,0,43,20,14,37,59,46,21,77,106,120" hai3="128,84,119,94,70,9,72,10,38,131,18,88,80"/><V64/><F0/><W114/><G119/><T32/><D123/><U115/><E115/><V47/><F106/><W111/><G38/><T100/><D113/><U135/><E124/><V97/><F97/><W127/><G114/><T33/><D110/><U103/><E129/><N who="3" m="49738" /><G70/><T125/><D125/><U109/><E135/><V56/><F77/><N who="3" m="44071" /><G127/><T53/><D40/><U22/><E45/><V112/><F112/><W31/><G31/><T132/><D66/><U24/><E4/><V35/><F35/><W96/><G111/><T68/><D92/><U5/><E5/><V8/><F64/><W134/><G134/><T28/><D132/><U130/><E109/><V48/><F121/><W87/><G18/><T90/><D90/><U29/><E130/><V122/><F120/><W50/><G50/><T27/><D27/><U75/><REACH who="1" step="1"/><E12/><REACH who="1" ten="90,200,410,290" step="2"/><V3/><F122/><W65/><G65/><AGARI ba="0,1" hai="17,19,22,24,29,57,61,65,75,76,83,98,103,107" machi="65" ten="30,3900,0" yaku="1,1,2,1,7,1,53,0" doraHai="51" doraHaiUra="34" who="1" fromWho="3" sc="90,0,200,49,410,0,290,-39" /><INIT seed="3,0,0,5,0,75" ten="90,249,410,251" oya="3" hai0="13,19,57,23,89,101,21,103,40,45,72,8,64" hai1="130,10,127,38,110,71,128,32,44,120,90,46,7" hai2="2,16,61,98,54,31,84,5,35,82,43,29,48" hai3="6,105,85,109,122,121,78,129,134,126,79,59,108"/><W100/><G6/><T9/><D72/><U81/><E120/><N who="3" m="46186" /><G59/><T41/><D89/><U104/><E71/><V42/><F5/><W4/><G4/><T92/><D92/><U86/><E32/><V102/><F61/><W33/><G33/><T22/><D9/><U124/><E104/><V58/><F2/><W94/><G134/><T51/><REACH who="0" step="1"/><D41/><REACH who="0" ten="80,249,410,251" step="2"/><U117/><E117/><V20/><F42/><W27/><G129/><T63/><AGARI ba="0,1" hai="8,13,19,21,22,23,40,45,51,57,63,64,101,103" machi="63" ten="30,7900,0" yaku="1,1,2,1,0,1,8,1,53,0" doraHai="75" doraHaiUra="67" who="0" fromWho="0" sc="80,89,249,-20,410,-20,251,-39" /><INIT seed="4,0,0,5,2,66" ten="169,229,390,212" oya="0" hai0="114,51,0,19,120,61,38,58,56,110,54,45,127" hai1="20,16,78,86,50,64,135,80,60,109,116,102,53" hai2="71,52,89,3,65,57,88,91,34,4,63,94,28" hai3="44,43,15,12,111,117,118,36,73,121,62,69,25"/><T48/><D0/><U41/><E109/><V115/><F3/><W87/><G111/><T131/><D110/><U39/><E135/><V82/><F4/><W130/><G73/><T126/><D19/><U77/><E102/><V95/><F82/><W93/><G130/><T75/><D75/><U47/><E116/><V98/><F115/><W46/><G121/><T24/><D24/><U96/><E96/><V6/><F6/><W92/><G25/><T32/><D32/><U30/><E30/><V105/><F28/><W100/><G100/><T112/><D38/><U40/><E78/><V22/><F34/><W33/><G33/><T128/><D120/><U35/><E39/><V26/><F105/><W106/><G106/><T107/><D107/><U84/><E84/><V42/><F42/><W108/><G108/><T7/><D7/><U9/><E9/><V90/><F22/><W67/><G46/><T13/><D13/><U21/><E21/><V68/><F26/><W103/><G103/><T134/><D134/><U29/><E29/><V8/><F8/><W76/><G12/><T37/><D37/><U133/><E133/><V81/><F81/><N who="3" m="47527" /><G15/><T23/><D23/><U132/><E132/><V70/><REACH who="2" step="1"/><F95/><REACH who="2" ten="169,229,380,212" step="2"/><N who="3" m="36427" /><G118/><T83/><D83/><U14/><REACH who="1" step="1"/><E35/><REACH who="1" ten="169,219,380,212" step="2"/><V18/><F18/><W123/><G117/><T99/><D114/><U129/><E129/><N who="0" m="49737" /><D112/><U119/><E119/><V79/><F79/><W11/><G11/><T1/><D1/><U55/><E55/><AGARI ba="0,2" hai="52,55,57,63,65,68,70,71,88,89,90,91,94,98" machi="55" ten="50,12000,2" yaku="1,1,52,3,54,2,53,0" doraHai="66" doraHaiUra="72" who="2" fromWho="1" sc="169,0,219,-120,380,140,212,0" /><INIT seed="5,0,0,5,0,81" ten="169,99,520,212" oya="1" hai0="135,127,66,63,125,56,14,2,54,17,122,27,121" hai1="117,64,83,8,90,59,55,44,75,16,43,80,3" hai2="52,68,89,114,7,23,120,31,34,48,45,113,97" hai3="0,86,130,67,99,119,50,108,42,5,49,95,73"/><U47/><E117/><V1/><F120/><N who="0" m="46186" /><D2/><U74/><E64/><V46/><F68/><W109/><G73/><T96/><D135/><U105/><E105/><V36/><F34/><W58/><G119/><T62/><D27/><U94/><E75/><V132/><F132/><W9/><G130/><T110/><D96/><U123/><E123/><V103/><F7/><W71/><G71/><N who="0" m="42455" /><D110/><U93/><E74/><V131/><F1/><W26/><G26/><T72/><D72/><U24/><E94/><V30/><F89/><W35/><G35/><T100/><D100/><U11/><E3/><V70/><F23/><AGARI ba="0,0" hai="14,17,23,54,56,63,125,127" m="42455,46186" machi="23" ten="30,1000,0" yaku="13,1" doraHai="81" who="0" fromWho="2" sc="169,10,99,0,520,-10,212,0" /><INIT seed="6,0,0,0,3,90" ten="179,99,510,212" oya="2" hai0="129,84,26,108,103,80,5,51,21,73,44,48,16" hai1="102,130,35,4,104,78,94,33,29,59,22,7,82" hai2="43,32,128,63,66,113,121,27,30,55,133,106,31" hai3="107,112,10,122,38,19,41,120,125,13,118,83,81"/><V71/><F121/><W98/><G118/><T9/><D73/><U70/><E70/><V126/><F106/><W135/><G135/><T15/><D108/><U116/><E116/><V85/><F133/><W42/><G125/><T20/><D129/><U99/><E130/><V110/><F128/><W40/><G38/><T119/><D119/><U56/><E104/><V57/><F126/><W37/><G37/><T79/><D103/><U93/><E93/><V95/><F43/><W64/><G64/><T111/><D111/><U36/><E36/><V28/><F113/><W34/><G34/><T1/><REACH who="0" step="1"/><D44/><REACH who="0" ten="169,99,510,212" step="2"/><U53/><E35/><V101/><F110/><W87/><G112/><T6/><D6/><N who="1" m="2091" /><E33/><V74/><F74/><W0/><G122/><T18/><AGARI ba="0,1" hai="1,5,9,15,16,18,20,21,26,48,51,79,80,84" machi="18" ten="20,5200,0" yaku="1,1,0,1,7,1,54,1,53,0" doraHai="90" doraHaiUra="61" who="0" fromWho="0" sc="169,62,99,-13,510,-26,212,-13" /><INIT seed="7,0,0,2,0,87" ten="231,86,484,199" oya="3" hai0="78,70,34,128,45,127,24,14,59,5,115,114,92" hai1="103,126,46,120,117,88,32,102,65,27,40,67,33" hai2="133,19,61,11,91,93,129,121,112,3,111,131,23" hai3="8,105,15,106,54,72,68,2,94,58,104,36,37"/><W44/><G68/><T69/><D127/><U18/><E126/><V71/><F111/><W98/><G72/><T12/><D128/><N who="2" m="49226" /><F112/><W135/><G2/><T60/><D45/><U118/><E120/><V79/><F79/><W100/><G135/><T10/><D14/><U56/><E18/><V29/><F29/><W1/><G1/><T134/><D92/><U0/><E0/><V116/><F116/><W50/><REACH who="3" step="1"/><G44/><REACH who="3" ten="231,86,484,189" step="2"/><T48/><D69/><U39/><E46/><V35/><F133/><W86/><G86/><T43/><D70/><U82/><E39/><V13/><F3/><W26/><G26/><T85/><D134/><U62/><E27/><V52/><F121/><W55/><G55/><T81/><D24/><U119/><E40/><V42/><F42/><W107/><N who="3" m="26624" /><DORA hai="80" /><W20/><G20/><T25/><D25/><U73/><E73/><V22/><F71/><W9/><G9/><T132/><D132/><U16/><E67/><V21/><F21/><W7/><AGARI ba="0,1" hai="7,8,15,36,37,50,54,58,94,98,100" m="26624" machi="7" ten="60,6000,0" yaku="1,1,0,1,53,0" doraHai="87,80" doraHaiUra="17,108" who="3" fromWho="3" sc="231,-20,86,-20,484,-20,189,70" /><INIT seed="7,1,0,2,4,100" ten="211,66,464,259" oya="3" hai0="124,107,135,89,106,127,108,63,21,11,114,104,1" hai1="26,82,14,59,44,122,85,120,23,62,113,47,115" hai2="117,8,92,88,0,24,64,77,37,49,79,31,66" hai3="15,35,40,33,78,118,93,65,57,2,34,50,102"/><W83/><G2/><T68/><D108/><U109/><E14/><V97/><F37/><W19/><G118/><T48/><D48/><U119/><E26/><V101/><F0/><W134/><G134/><T38/><D135/><U9/><E23/><N who="2" m="15775" /><F117/><W75/><G65/><N who="2" m="25193" /><F8/><W128/><G128/><T28/><D114/><U132/><E9/><V12/><F12/><W17/><G15/><T43/><D89/><U4/><E4/><V99/><F49/><W46/><G57/><T61/><D21/><U53/><E85/><N who="2" m="52239" /><F101/><W126/><G126/><N who="0" m="48171" /><D28/><U74/><E82/><V42/><F42/><W73/><G73/><T81/><D81/><U56/><E74/><V39/><F39/><W5/><G5/><N who="0" m="1455" /><D68/><U133/><E119/><V72/><F72/><W67/><G33/><T3/><D3/><U52/><REACH who="1" step="1"/><E62/><REACH who="1" ten="211,56,464,259" step="2"/><V129/><F129/><W58/><G35/><T60/><D60/><U84/><E84/><V91/><F99/><W18/><G34/><T131/><D131/><U95/><E95/><AGARI ba="1,1" hai="77,79,91,95,97" m="52239,25193,15775" machi="95" ten="30,2000,0" yaku="8,1,54,1" doraHai="100" who="2" fromWho="1" sc="211,0,56,-23,464,33,259,0" owari="211,-18.9,33,-46.7,497,59.7,259,5.9" /></mjloggm>