<mjloggm ver="2.3"><GO type="169" lobby="0"/><UN n0="%E3%82%86%E3%81%86%E3%82%86%E3%81%8D" n1="%4D%4A%E6%9C%80%E5%BC%B7%E4%BD%8D" n2="%E3%83%90%E3%82%AD" n3="%53%69%65%72%72%61" dan="16,17,16,16" rate="2152.99,2213.57,2109.68,2099.55" sx="M,M,M,M"/><TAIKYOKU oya="0"/><INIT seed="0,0,0,3,3,94" ten="250,250,250,250" oya="0" hai0="15,92,84,54,65,53,128,4,21,107,25,113,39" hai1="52,100,96,135,41,109,27,45,98,69,88,129,75" hai2="13,5,67,110,66,12,77,17,16,120,31,104,134" hai3="114,51,44,133,124,62,72,32,59,18,30,70,48"/><T50/><D113/><U63/><E75/><V14/><F120/><W22/><G72/><T29/><D107/><U37/><E135/><V80/><F134/><W34/><G114/><T112/><D39/><U93/><E129/><V90/><F104/><W49/><G133/><T56/><D128/><U6/><E109/><V71/><F110/><W106/><G70/><T111/><D111/><U24/><E6/><V117/><F117/><W91/><G124/><T8/><D112/><U126/><E126/><V2/><F31/><W55/><G106/><T20/><D65/><U33/><E33/><V82/><F90/><W57/><G57/><T130/><D130/><U95/><REACH who="1" step="1"/><E52/><REACH who="1" ten="250,240,250,250" step="2"/><V86/><F5/><W83/><G32/><T131/><D131/><U78/><E78/><V76/><F67/><AGARI ba="0,1" hai="24,27,37,41,45,63,67,69,88,93,95,96,98,100" machi="67" ten="40,8000,1" yaku="1,1,52,2,54,1,53,1" doraHai="94" doraHaiUra="42" who="1" fromWho="2" sc="250,0,240,90,250,-80,250,0" /><INIT seed="1,0,0,5,0,118" ten="250,330,170,250" oya="1" hai0="133,62,125,95,77,60,43,2,14,13,28,31,126" hai1="57,30,5,109,25,97,122,72,16,134,0,36,104" hai2="17,116,135,54,48,29,59,26,74,71,94,75,19" hai3="98,22,79,82,23,112,3,129,103,96,55,127,9"/><U73/><E36/><V110/><F116/><W106/><G112/><T120/><D95/><U56/><E134/><V105/><F110/><W102/><G129/><T83/><D2/><U63/><E109/><V119/><F119/><W42/><G127/><T124/><D43/><U92/><E104/><V44/><F135/><W27/><G42/><T128/><D133/><U35/><E57/><V111/><F111/><W131/><G131/><T84/><D128/><U34/><E34/><V69/><F105/><W21/><G55/><T115/><D115/><U46/><E46/><V53/><F94/><W64/><G64/><T52/><D120/><U45/><E45/><V18/><F75/><W80/><G27/><T37/><D37/><U4/><E122/><V61/><REACH who="2" step="1"/><F74/><REACH who="2" ten="250,330,160,250" step="2"/><W47/><G106/><T86/><D125/><U107/><E72/><V38/><F38/><W6/><G80/><T76/><D83/><U24/><E73/><V89/><F89/><W1/><G82/><T8/><D126/><U99/><E107/><V50/><F50/><W81/><G81/><T65/><D124/><U85/><E85/><V51/><F51/><W20/><G79/><T113/><D113/><U68/><E99/><V100/><F100/><W10/><G96/><T117/><D117/><U11/><E97/><V12/><F12/><W67/><G98/><T121/><D86/><U123/><E92/><V88/><F88/><W66/><G102/><T108/><D84/><U15/><E15/><V58/><F58/><W130/><N who="3" m="5120" /><DORA hai="33" /><W132/><G130/><T78/><D78/><U32/><E56/><RYUUKYOKU ba="0,1" sc="250,-10,330,-10,160,30,250,-10" hai2="17,18,19,26,29,44,48,53,54,59,61,69,71" /><INIT seed="2,1,1,0,2,34" ten="240,320,190,240" oya="2" hai0="71,18,21,22,75,81,30,5,48,96,89,41,103" hai1="109,120,80,122,111,128,23,112,59,105,53,134,51" hai2="114,69,119,98,90,49,116,63,9,2,124,65,100" hai3="76,72,60,50,55,126,115,13,16,38,28,84,95"/><V94/><F114/><W88/><G38/><T29/><D71/><U58/><E105/><V47/><F124/><W57/><G126/><T61/><D5/><U26/><E112/><V4/><REACH who="2" step="1"/><F100/><REACH who="2" ten="240,320,180,240" step="2"/><W91/><G115/><T118/><D103/><U52/><E134/><V36/><F36/><W6/><G72/><T10/><D75/><U131/><E80/><V70/><F70/><W129/><G129/><N who="1" m="49738" /><E122/><V19/><F19/><W20/><G28/><T92/><D18/><N who="1" m="12663" /><E120/><V39/><F39/><W123/><G123/><T101/><D30/><U74/><E74/><V132/><F132/><W62/><G6/><T17/><D29/><U108/><E108/><V45/><F45/><W133/><G133/><T79/><D101/><U106/><E106/><V87/><F87/><N who="3" m="52639" /><G76/><T97/><D79/><U125/><E125/><V32/><F32/><W3/><G3/><T43/><D81/><AGARI ba="1,2" hai="13,16,20,50,55,57,60,62,81,84,91" m="52639" machi="81" ten="30,7700,0" yaku="25,1,8,1,54,2" doraHai="34" who="3" fromWho="0" sc="240,-80,320,0,180,0,240,100" /><INIT seed="3,0,0,3,2,117" ten="160,320,180,340" oya="3" hai0="51,131,15,43,49,82,55,91,93,104,46,76,99" hai1="68,101,113,135,38,100,128,12,37,122,79,125,134" hai2="132,108,116,86,72,17,0,47,74,127,67,85,45" hai3="19,29,50,126,44,40,69,32,30,65,25,11,33"/><W41/><G126/><T84/><D131/><U36/><E79/><V61/><F116/><W81/><G41/><T83/><D104/><U53/><E68/><V22/><F127/><W110/><G110/><T106/><D106/><U80/><E125/><V56/><F0/><W130/><G130/><T20/><D76/><U18/><E80/><V27/><F132/><N who="1" m="50729" /><E128/><V123/><F108/><W57/><G69/><T39/><D39/><U102/><E53/><V23/><F23/><W103/><G103/><T59/><REACH who="0" step="1"/><D99/><REACH who="0" ten="150,320,180,340" step="2"/><U26/><E38/><V35/><F123/><W124/><G124/><T105/><D105/><U121/><E113/><V34/><F86/><W31/><G33/><T111/><D111/><U107/><E107/><V54/><F85/><W96/><G96/><T109/><D109/><U63/><E37/><V120/><F120/><W73/><G73/><T7/><D7/><U71/><E36/><V118/><F118/><W3/><G32/><T1/><D1/><U98/><E98/><V95/><F35/><W97/><G97/><T28/><D28/><U4/><E4/><V48/><F34/><W62/><G3/><T89/><D89/><U6/><E6/><V2/><F2/><W16/><G30/><T119/><D119/><U75/><E75/><V9/><F72/><W88/><G29/><T58/><D58/><U10/><E121/><V24/><F74/><W52/><G31/><T13/><D13/><U78/><E122/><V64/><F56/><W21/><G57/><T92/><D92/><U129/><E129/><V5/><F95/><W70/><G70/><RYUUKYOKU ba="0,1" sc="150,30,320,-10,180,-10,340,-10" hai0="15,20,43,46,49,51,55,59,82,83,84,91,93" /><INIT seed="4,1,1,5,0,88" ten="180,310,170,330" oya="0" hai0="45,107,62,124,3,76,19,6,9,70,81,42,55" hai1="78,48,29,59,97,90,102,53,127,96,11,77,39" hai2="20,122,61,38,123,85,37,95,79,80,131,13,119" hai3="33,52,105,32,5,71,121,8,126,103,112,50,44"/><T93/><D107/><U65/><E39/><V58/><F131/><W75/><G75/><T7/><D124/><U24/><E127/><V56/><F119/><W135/><G126/><T134/><D134/><U72/><E90/><V14/><F58/><W15/><G135/><T31/><D31/><U54/><E65/><V120/><F13/><W111/><G111/><T118/><D118/><U113/><E113/><V67/><REACH who="2" step="1"/><F95/><REACH who="2" ten="180,310,160,330" step="2"/><W117/><G117/><T133/><D133/><U104/><E59/><V10/><F10/><W125/><G125/><T4/><D93/><U17/><E11/><V73/><F73/><W109/><G71/><T108/><D108/><U26/><E72/><V129/><F129/><W92/><G109/><T18/><D70/><U47/><E104/><V106/><F106/><W68/><G68/><T28/><D9/><U83/><E97/><V63/><F63/><W57/><G105/><T49/><D3/><U100/><E96/><V116/><F116/><W69/><G69/><T115/><D115/><U94/><E94/><V86/><F86/><W27/><G112/><T21/><D62/><U30/><E83/><V0/><F0/><W87/><G121/><T74/><REACH who="0" step="1"/><D55/><REACH who="0" ten="170,310,160,330" step="2"/><U130/><E130/><V46/><F46/><W16/><G44/><T1/><D1/><U84/><E47/><V41/><F41/><W82/><G92/><T43/><D43/><U128/><E128/><V25/><F25/><AGARI ba="1,3" hai="4,6,7,18,19,21,25,28,42,45,49,74,76,81" machi="25" ten="40,2000,0" yaku="1,1,53,0" doraHai="88" doraHaiUra="110" who="0" fromWho="2" sc="170,53,310,0,160,-23,330,0" /><INIT seed="4,2,0,5,0,117" ten="223,310,137,330" oya="0" hai0="57,20,18,42,69,16,31,5,30,36,80,122,65" hai1="68,77,8,108,127,78,107,106,35,40,93,7,39" hai2="47,66,62,134,43,83,10,14,89,63,29,6,115" hai3="88,110,132,100,95,1,50,94,87,112,116,96,48"/><T111/><D69/><U85/><E108/><V124/><F115/><W49/><G110/><T73/><D111/><U133/><E35/><V12/><F124/><W92/><G116/><T135/><D135/><U121/><E68/><V59/><F134/><W123/><G132/><T34/><D34/><U98/><E133/><V56/><F29/><W23/><G112/><T58/><D5/><U37/><E40/><V129/><F129/><W120/><G1/><T119/><D42/><U104/><E127/><V55/><F83/><W67/><G67/><T4/><D4/><U25/><E25/><V102/><F89/><W32/><G32/><T9/><D36/><U118/><E118/><V90/><F90/><W81/><REACH who="3" step="1"/><G23/><REACH who="3" ten="223,310,137,320" step="2"/><T13/><D20/><U61/><E107/><AGARI ba="2,1" hai="48,49,50,81,87,88,92,94,95,96,100,107,120,123" machi="107" ten="40,12000,2" yaku="1,1,2,1,52,2,54,1,53,1" doraHai="117" doraHaiUra="103" who="3" fromWho="1" sc="223,0,310,-126,137,0,320,136" /><INIT seed="5,0,0,2,0,105" ten="223,184,137,456" oya="1" hai0="7,55,22,6,63,106,130,52,9,135,61,62,47" hai1="125,16,92,109,3,112,134,107,94,46,11,104,121" hai2="89,90,29,73,38,129,87,117,122,70,1,126,67" hai3="17,34,51,85,12,75,132,19,71,77,33,83,41"/><U68/><E68/><V32/><RYUUKYOKU type="yao9" ba="0,0" sc="223,0,184,0,137,0,456,0" hai2="1,29,32,38,67,70,73,87,89,90,117,122,126,129" /><INIT seed="5,1,0,4,0,25" ten="223,184,137,456" oya="1" hai0="50,99,126,91,67,101,80,119,115,83,127,3,19" hai1="14,60,85,70,27,56,9,76,54,95,124,61,1" hai2="75,102,43,52,97,77,8,62,106,134,44,132,74" hai3="120,26,40,24,2,128,133,111,65,32,68,112,30"/><U58/><E1/><V6/><F77/><W110/><G120/><T49/><D3/><U88/><E70/><V98/><F98/><W116/><G112/><T118/><D67/><U105/><E105/><V13/><F75/><W38/><G128/><T104/><D19/><U72/><E124/><N who="0" m="47657" /><D115/><U51/><E72/><V48/><REACH who="2" step="1"/><F74/><REACH who="2" ten="223,184,127,456" step="2"/><W131/><G111/><T39/><D99/><U7/><E76/><V35/><F35/><W84/><G32/><T17/><D119/><U129/><E129/><V10/><F10/><W59/><G110/><T21/><D118/><U33/><E33/><V28/><F28/><W23/><G30/><T47/><D104/><U93/><E27/><V114/><F114/><W57/><G26/><T45/><D101/><U5/><E5/><V86/><F86/><W135/><G84/><T73/><D73/><U79/><E79/><V46/><F46/><W55/><G24/><T100/><D47/><U92/><REACH who="1" step="1"/><E51/><REACH who="1" ten="223,174,127,456" step="2"/><V20/><F20/><W36/><G23/><T15/><D50/><U71/><E71/><V22/><F22/><W31/><G68/><T121/><D49/><U42/><E42/><V108/><F108/><W0/><G40/><T87/><D21/><U123/><E123/><V4/><F4/><W63/><G131/><T12/><D121/><U89/><E89/><V125/><F125/><W94/><G116/><T113/><D91/><U53/><AGARI ba="1,2" hai="7,9,14,53,54,56,58,60,61,85,88,92,93,95" machi="53" ten="20,18000,2" yaku="1,1,0,1,7,1,9,1,8,1,54,1,53,0" doraHai="25" doraHaiUra="109" who="1" fromWho="1" sc="223,-61,174,203,127,-61,456,-61" /><INIT seed="5,2,0,0,5,115" ten="162,377,66,395" oya="1" hai0="88,32,52,45,10,19,61,22,87,27,25,9,93" hai1="62,40,13,126,76,28,134,108,31,101,20,112,34" hai2="53,117,15,63,6,35,12,5,44,0,37,66,104" hai3="48,105,133,94,74,18,30,121,99,100,24,119,21"/><U46/><E112/><V132/><F104/><W131/><G121/><T110/><D110/><U33/><E108/><V60/><F35/><W80/><G131/><T77/><D77/><U125/><E101/><V67/><F132/><W86/><G133/><T103/><D103/><U11/><E76/><V102/><F102/><W4/><G4/><T64/><D32/><N who="1" m="12395" /><E62/><V71/><F0/><W14/><G48/><N who="0" m="28687" /><D27/><U73/><E73/><V39/><F44/><W69/><G69/><T55/><D64/><U65/><E65/><V17/><F17/><W98/><G119/><T36/><D36/><U70/><E70/><V122/><F71/><W56/><G56/><AGARI ba="2,0" hai="9,10,19,22,25,55,56,61,87,88,93" m="28687" machi="56" ten="30,3900,0" yaku="8,1,54,2" doraHai="115" who="0" fromWho="3" sc="162,45,377,0,66,0,395,-45" /><INIT seed="6,0,0,0,0,83" ten="207,377,66,350" oya="2" hai0="19,54,119,13,57,127,129,130,134,73,128,40,34" hai1="99,109,17,125,91,74,115,1,121,52,71,46,118" hai2="24,33,48,22,28,104,122,90,132,62,2,135,124" hai3="103,49,21,114,107,89,77,59,37,26,64,82,96"/><V42/><F122/><W106/><G37/><T110/><D110/><U36/><RYUUKYOKU type="yao9" ba="0,0" sc="207,0,377,0,66,0,350,0" hai1="1,17,36,46,52,71,74,91,99,109,115,118,121,125" /><INIT seed="6,1,0,4,4,16" ten="207,377,66,350" oya="2" hai0="56,120,70,133,44,52,13,107,75,50,85,135,34" hai1="101,32,51,86,30,91,89,109,38,131,97,78,123" hai2="125,6,39,62,104,76,28,14,45,94,119,84,99" hai3="96,26,2,126,29,74,130,116,33,57,132,37,112"/><V92/><F125/><W95/><RYUUKYOKU type="yao9" ba="1,0" sc="207,0,377,0,66,0,350,0" hai3="2,26,29,33,37,57,74,95,96,112,116,126,130,132" /><INIT seed="6,2,0,4,3,9" ten="207,377,66,350" oya="2" hai0="51,94,110,109,20,4,135,106,129,36,38,6,128" hai1="114,73,14,16,90,61,63,91,130,97,78,71,74" hai2="120,32,103,112,89,18,57,76,118,41,31,34,113" hai3="46,40,59,125,8,67,53,72,1,65,134,0,117"/><V5/><F118/><W55/><G117/><T56/><D106/><U79/><E114/><N who="2" m="44139" /><F120/><W119/><G119/><T27/><D94/><N who="1" m="56535" /><E71/><V82/><F103/><W86/><G72/><T93/><D93/><U62/><E73/><V84/><F31/><W121/><G121/><T123/><D51/><U69/><E69/><V99/><F5/><N who="0" m="2154" /><D56/><U49/><E130/><N who="0" m="50281" /><D123/><U21/><E74/><N who="2" m="43287" /><F99/><W28/><G86/><T98/><D98/><U58/><E91/><V19/><F41/><W23/><G40/><T48/><D48/><U44/><E58/><V3/><F3/><W54/><G1/><T96/><D96/><U131/><E131/><V26/><F57/><W25/><G0/><T52/><D38/><U107/><E107/><V33/><F26/><W77/><G59/><T2/><D27/><U10/><E44/><V60/><F60/><W101/><G46/><T13/><D2/><U87/><E49/><V17/><F84/><W124/><G101/><T85/><D85/><U24/><E87/><V95/><F89/><W47/><G47/><T50/><D36/><U102/><E102/><V29/><F29/><AGARI ba="2,0" hai="10,14,16,21,24,29,61,62,63,78,79" m="56535" machi="29" ten="30,3900,0" yaku="8,1,52,1,54,1" doraHai="9" who="1" fromWho="2" sc="207,0,377,45,66,-45,350,0" /><INIT seed="7,0,0,1,3,16" ten="207,422,21,350" oya="3" hai0="20,10,132,117,51,25,88,26,18,38,100,101,68" hai1="97,63,45,122,93,66,5,29,121,1,7,3,58" hai2="118,119,43,4,109,87,0,56,13,39,107,70,103" hai3="126,37,24,34,33,61,72,42,73,83,131,6,30"/><W113/><G113/><T98/><D117/><U31/><E1/><V94/><F107/><W91/><G91/><T127/><D132/><U92/><E3/><V22/><F109/><W46/><G126/><T108/><D38/><U62/><E45/><V32/><F32/><N who="3" m="20551" /><G131/><T84/><D68/><U11/><E121/><V124/><F70/><W41/><G41/><T125/><D108/><U130/><E130/><V64/><F124/><W96/><G61/><T135/><D135/><U106/><E106/><V60/><F0/><W95/><G95/><T71/><D71/><U27/><E122/><V90/><F43/><W44/><G44/><T128/><D128/><U76/><E76/><V14/><F39/><W2/><G96/><T65/><D98/><U123/><E92/><V28/><F119/><W82/><G82/><T112/><D112/><U99/><E99/><V104/><F118/><W35/><G83/><T40/><D10/><AGARI ba="0,0" hai="2,6,10,33,34,35,37,42,46,72,73" m="20551" machi="10" ten="30,2900,0" yaku="33,2" doraHai="16" who="3" fromWho="0" sc="207,-29,422,0,21,0,350,29" /><INIT seed="7,1,0,1,3,43" ten="178,422,21,379" oya="3" hai0="52,5,65,103,1,126,84,93,99,30,29,56,69" hai1="10,87,81,11,112,91,132,63,74,25,41,27,3" hai2="101,7,106,20,50,109,73,61,64,22,38,19,75" hai3="12,129,89,113,70,28,42,116,46,100,128,94,8"/><W14/><G116/><T134/><D126/><U114/><E132/><V21/><F109/><W133/><G70/><T92/><D134/><U33/><E74/><V88/><F38/><W2/><G133/><T6/><D69/><U53/><E41/><V45/><F106/><W95/><G28/><T58/><D1/><U97/><E33/><V107/><F107/><W111/><G111/><T123/><D123/><U131/><E97/><V15/><F101/><W35/><G35/><T78/><D65/><U115/><E131/><N who="3" m="50250" /><G113/><T98/><D84/><U57/><E10/><V13/><F75/><W0/><G100/><N who="0" m="60487" /><D58/><U121/><E121/><V119/><F73/><W26/><G26/><T48/><D78/><U36/><E36/><V9/><F119/><W49/><G94/><T47/><D56/><U31/><E31/><AGARI ba="1,0" hai="5,6,29,30,31,47,48,52,93,99,103" m="60487" machi="31" ten="30,3900,0" yaku="8,1,52,1,54,1" doraHai="43" who="0" fromWho="1" sc="178,42,422,-42,21,0,379,0" owari="220,-18.0,380,48.0,21,-47.9,379,17.9" /></mjloggm>