<mjloggm ver="2.3"><GO type="169" lobby="0"/><UN n0="%E3%81%82%E3%81%84%E3%81%93%E3%81%99" n1="%E5%8D%88%E5%BE%8C%E3%82%B4%E3%83%AA%E3%83%A9" n2="%E3%82%A8%E3%83%AB%E3%82%B2%E3%83%AB%E3%83%BC%E3%82%B8" n3="%E3%82%8A%E3%82%87%E3%81%A1" dan="16,16,16,16" rate="2083.98,2171.09,2129.66,2149.19" sx="M,M,M,M"/><TAIKYOKU oya="0"/><INIT seed="0,0,0,2,4,32" ten="250,250,250,250" oya="0" hai0="30,119,3,76,9,58,7,2,12,117,31,51,106" hai1="19,43,98,109,64,45,67,65,77,103,124,5,25" hai2="79,15,75,88,80,34,93,116,54,63,56,111,99" hai3="91,10,48,62,42,57,26,39,49,50,6,105,121"/><T104/><D76/><U29/><E109/><V133/><F111/><W96/><G121/><T132/><D58/><U61/><E124/><V73/><F133/><W47/><G26/><T125/><D51/><U41/><E5/><V92/><F34/><W46/><G91/><T55/><D55/><U44/><E19/><V23/><F116/><N who="0" m="44618" /><D106/><U4/><E4/><V127/><F127/><W60/><G47/><T74/><D104/><U108/><E77/><V123/><F123/><W115/><G57/><T8/><D74/><U20/><E108/><V134/><F134/><W83/><G83/><T101/><D101/><U113/><E113/><V36/><F36/><W110/><G115/><T135/><D125/><U0/><E0/><N who="0" m="41" /><D9/><U14/><E14/><V11/><F75/><W33/><G110/><T126/><D126/><U84/><E84/><N who="2" m="48159" /><F93/><W13/><G105/><T69/><D69/><U86/><E86/><V17/><F73/><W112/><G96/><T16/><D7/><U122/><E122/><V95/><F95/><W68/><G112/><T40/><D40/><U52/><E45/><V35/><F11/><W28/><G68/><T90/><D90/><U21/><E44/><V38/><F38/><W89/><G39/><T107/><D107/><U70/><E70/><V1/><F1/><W53/><G42/><N who="1" m="15882" /><E103/><V27/><F54/><W114/><G114/><T120/><D120/><U87/><E87/><V130/><F56/><W118/><G118/><T71/><D71/><U18/><E98/><V22/><F63/><W59/><G60/><T72/><D72/><U94/><E61/><RYUUKYOKU ba="0,0" sc="250,30,250,-10,250,-10,250,-10" hai0="8,12,16,30,31,132,135" /><INIT seed="0,1,0,2,4,124" ten="280,240,240,240" oya="0" hai0="11,21,123,56,111,87,128,101,127,53,49,66,20" hai1="114,62,15,97,23,8,1,48,57,63,86,38,113" hai2="75,109,93,0,89,80,55,135,106,37,90,121,130" hai3="122,7,117,77,69,126,16,64,104,102,33,10,43"/><T96/><D123/><U132/><E38/><V78/><F0/><W100/><G117/><T19/><D127/><U118/><E118/><V95/><F37/><W103/><G126/><T107/><D111/><U42/><E132/><V47/><F109/><W61/><G33/><T98/><D11/><U59/><E1/><V82/><F121/><W71/><G122/><T6/><D6/><U81/><E97/><N who="2" m="57519" /><F55/><W94/><G104/><T125/><D98/><U115/><E23/><V85/><F47/><W74/><G94/><T51/><D21/><U65/><E42/><V70/><F70/><W134/><G134/><T29/><D29/><U4/><E48/><V52/><F52/><W60/><G43/><T72/><D72/><U120/><E120/><V116/><F116/><W73/><G77/><T41/><D87/><U79/><REACH who="1" step="1"/><E63/><REACH who="1" ten="280,230,240,240" step="2"/><V44/><F135/><W91/><G60/><T105/><D125/><U68/><AGARI ba="1,1" hai="4,8,15,57,59,62,65,68,79,81,86,113,114,115" machi="68" ten="30,8000,1" yaku="1,1,2,1,0,1,11,1,53,1" doraHai="124" doraHaiUra="83" who="1" fromWho="1" sc="280,-41,230,93,240,-21,240,-21" /><INIT seed="1,0,0,5,1,40" ten="239,323,219,219" oya="1" hai0="88,133,112,91,20,127,93,107,12,78,87,108,49" hai1="1,72,123,10,17,81,42,9,34,3,79,92,36" hai2="21,106,132,38,23,130,46,56,43,4,7,45,27" hai3="8,30,44,116,118,0,109,120,71,94,82,14,95"/><U115/><E123/><V18/><F106/><W41/><G120/><T48/><D112/><U103/><E115/><V65/><F130/><W73/><G71/><T31/><D108/><U119/><E119/><N who="3" m="45610" /><G0/><T68/><D68/><U125/><E34/><V113/><F113/><W53/><G30/><T28/><D107/><U54/><E125/><V35/><F35/><W104/><G104/><T58/><D127/><U131/><E131/><V6/><F132/><W26/><G26/><T122/><D78/><U101/><E54/><V124/><F124/><W32/><G32/><T76/><D76/><U13/><E92/><V39/><F23/><W134/><G134/><T37/><D37/><U2/><REACH who="1" step="1"/><E9/><REACH who="1" ten="239,313,219,219" step="2"/><V98/><F98/><W5/><G53/><N who="0" m="32039" /><D133/><U52/><E52/><V63/><REACH who="2" step="1"/><F43/><REACH who="2" ten="239,313,209,219" step="2"/><W80/><G41/><T86/><D122/><U25/><E25/><V129/><F129/><W97/><G97/><T29/><D49/><U16/><E16/><V64/><F64/><W99/><G99/><T51/><D51/><U111/><E111/><V102/><F102/><W75/><G109/><T110/><D110/><U50/><E50/><V135/><F135/><W105/><G105/><T62/><D62/><U22/><E22/><V89/><F89/><N who="0" m="34378" /><D93/><U83/><E83/><V47/><AGARI ba="0,2" hai="4,6,7,18,21,27,38,39,45,46,47,56,63,65" machi="47" ten="30,8000,1" yaku="1,1,0,1,52,3,53,0" doraHai="40" doraHaiUra="121" who="2" fromWho="2" sc="239,-20,313,-40,209,100,219,-20" /><INIT seed="2,0,0,1,4,44" ten="219,273,309,199" oya="2" hai0="28,27,129,7,121,111,37,34,51,120,116,22,95" hai1="52,104,128,79,78,41,50,90,114,131,125,5,32" hai2="42,47,63,61,126,20,35,8,1,80,71,39,103" hai3="124,119,70,57,56,113,30,73,74,98,26,135,12"/><V82/><F35/><W77/><G119/><T33/><D37/><U86/><E114/><V72/><F126/><W60/><G124/><T102/><D116/><U87/><E125/><V2/><F103/><W118/><G118/><T54/><D111/><U59/><E32/><V106/><F106/><W93/><G113/><T40/><D40/><U66/><E104/><V53/><F80/><W0/><G0/><T38/><D38/><U108/><E5/><N who="2" m="1071" /><F2/><W4/><G70/><T81/><D7/><U21/><E87/><V14/><F71/><W9/><G135/><T83/><D34/><U49/><E66/><V99/><F99/><W96/><G96/><T88/><D102/><U91/><E21/><V23/><F14/><W13/><G13/><T101/><D101/><U16/><E16/><V122/><F122/><W43/><G43/><T58/><D33/><U45/><E108/><V64/><F53/><W19/><G77/><N who="1" m="29194" /><E86/><V62/><F64/><W11/><G30/><T46/><D129/><AGARI ba="0,0" hai="41,45,49,50,52,59,90,91,128,129,131" m="29194" machi="129" ten="30,7700,0" yaku="19,1,52,2,54,1" doraHai="44" who="1" fromWho="0" sc="219,-77,273,77,309,0,199,0" /><INIT seed="3,0,0,3,3,7" ten="142,350,309,199" oya="3" hai0="49,118,81,2,96,108,24,30,86,131,83,16,58" hai1="43,113,121,69,128,32,50,122,123,93,91,65,46" hai2="27,125,90,22,104,29,8,5,41,48,79,23,35" hai3="13,44,34,38,18,94,98,126,77,17,120,9,3"/><W105/><G120/><T42/><D118/><U15/><E32/><V107/><F125/><W110/><G105/><T99/><D108/><U21/><E113/><V85/><F79/><W1/><G77/><T71/><D71/><U11/><E128/><V103/><F103/><W59/><G34/><T75/><D75/><U73/><E73/><V102/><F102/><W36/><G126/><T6/><D83/><U97/><E21/><V26/><F41/><W28/><G28/><T33/><D131/><U70/><REACH who="1" step="1"/><E65/><REACH who="1" ten="142,340,309,199" step="2"/><V47/><F23/><W100/><G110/><T4/><D33/><U40/><E40/><V45/><F35/><W74/><G74/><T133/><D42/><U12/><E12/><N who="2" m="5135" /><F107/><W39/><G13/><T55/><D2/><U89/><E89/><V78/><F104/><W37/><G3/><T84/><D133/><U135/><E135/><V124/><F124/><W115/><G1/><T0/><D0/><U112/><E112/><V127/><F127/><W114/><G114/><T130/><D130/><U109/><E109/><V60/><F78/><W64/><G115/><T111/><D111/><U52/><E52/><N who="2" m="29727" /><F22/><W106/><G106/><T14/><D24/><U76/><E76/><V68/><F26/><W10/><G100/><T117/><D117/><U62/><E62/><V116/><F116/><W67/><G67/><T20/><D30/><U51/><E51/><V132/><F132/><W101/><G37/><T80/><D49/><U63/><E63/><V61/><F27/><W119/><G119/><T87/><D55/><U72/><E72/><V25/><F25/><RYUUKYOKU ba="0,1" sc="142,-10,340,30,309,-10,199,-10" hai1="11,15,43,46,50,69,70,91,93,97,121,122,123" /><INIT seed="4,1,1,2,4,40" ten="132,370,299,189" oya="0" hai0="35,96,5,117,34,36,55,11,89,127,18,113,74" hai1="120,50,24,58,119,130,43,54,71,99,70,56,27" hai2="26,29,109,64,86,69,106,110,116,78,33,0,38" hai3="63,6,42,46,68,82,84,111,73,72,39,7,103"/><T1/><D117/><U91/><E119/><V57/><F116/><W52/><G111/><T48/><D113/><U76/><E120/><V19/><F0/><W41/><G103/><T107/><D127/><U123/><E76/><V125/><F125/><W85/><G68/><T14/><D36/><U47/><E130/><V98/><F57/><W81/><G63/><T90/><D74/><U115/><E123/><V9/><F38/><W95/><G95/><T45/><D90/><U13/><E58/><V77/><F19/><W2/><G39/><T59/><D59/><U135/><E135/><V20/><F20/><W8/><G8/><T75/><D75/><U112/><E13/><V67/><F67/><W92/><G92/><T21/><REACH who="0" step="1"/><D89/><REACH who="0" ten="122,370,299,189" step="2"/><U23/><E71/><V32/><F109/><W102/><G72/><T134/><D134/><U10/><E70/><V105/><F110/><W28/><G73/><T25/><D25/><U44/><E56/><V129/><F69/><W61/><G61/><T60/><D60/><U93/><E115/><V79/><F26/><W65/><G65/><T16/><D16/><U80/><E112/><V131/><F64/><W30/><G30/><T53/><D53/><U49/><E27/><V17/><F29/><W101/><G52/><T31/><D31/><U108/><E108/><V100/><F17/><W87/><G28/><T51/><D51/><U124/><E124/><V4/><F131/><W133/><G133/><T118/><D118/><U114/><E114/><V12/><F129/><W121/><G102/><AGARI ba="1,2" hai="1,5,11,14,18,21,34,35,45,48,55,96,102,107" machi="102" ten="40,3900,0" yaku="1,1,52,1,53,0" doraHai="40" doraHaiUra="126" who="0" fromWho="3" sc="122,62,370,0,299,0,189,-42" /><INIT seed="4,2,0,1,0,9" ten="184,370,299,147" oya="0" hai0="113,72,120,50,85,28,55,70,106,57,23,123,16" hai1="7,40,47,83,121,74,90,24,41,71,87,127,79" hai2="18,32,118,124,132,59,49,62,117,77,91,89,103" hai3="37,112,68,114,75,101,1,51,39,45,134,100,94"/><T110/><D72/><U26/><E121/><V44/><F32/><W31/><G1/><T27/><D113/><N who="3" m="43625" /><G68/><T52/><D110/><U109/><E109/><V104/><F77/><W13/><G75/><T30/><D70/><U25/><E71/><V11/><F124/><W19/><G31/><T35/><D106/><U105/><E105/><V82/><F132/><W73/><G73/><T0/><D0/><U76/><E127/><V84/><F91/><W2/><G2/><T6/><D6/><U69/><E69/><V56/><F103/><N who="3" m="39499" /><G94/><T80/><D55/><U64/><E64/><V129/><F104/><W21/><G134/><T5/><D5/><U95/><E79/><V63/><F129/><W67/><G67/><T115/><D115/><U34/><E7/><V119/><F62/><W131/><G131/><T4/><D4/><U96/><E74/><V3/><F3/><W86/><G86/><T10/><D30/><U111/><E111/><V60/><F60/><W130/><G130/><T98/><D98/><U48/><E34/><V128/><F63/><W53/><AGARI ba="2,0" hai="13,19,21,37,39,45,51,53" m="39499,43625" machi="53" ten="30,2000,0" yaku="15,1,52,1" doraHai="9" who="3" fromWho="3" sc="184,-12,370,-7,299,-7,147,26" /><INIT seed="5,0,0,4,1,35" ten="172,363,292,173" oya="1" hai0="103,106,108,25,86,98,70,113,117,84,85,52,69" hai1="67,123,81,6,37,3,47,58,112,15,96,38,56" hai2="111,41,97,40,29,92,118,33,48,10,54,63,105" hai3="44,30,80,23,109,11,4,14,116,115,26,22,132"/><U101/><E123/><V102/><F111/><W110/><G80/><T79/><D108/><N who="3" m="41577" /><G44/><T89/><D117/><U27/><E27/><V134/><F134/><W114/><G132/><T65/><D113/><N who="3" m="43017" /><G116/><T129/><D129/><U34/><E112/><V128/><F128/><W88/><G88/><T94/><D25/><U42/><E34/><AGARI ba="0,0" hai="4,11,14,22,23,26,30,34" m="43017,41577" machi="34" ten="30,3900,0" yaku="15,1,34,2" doraHai="35" who="3" fromWho="1" sc="172,0,363,-39,292,0,173,39" /><INIT seed="6,0,0,4,2,8" ten="172,324,292,212" oya="2" hai0="105,36,13,100,30,44,15,66,111,82,7,135,2" hai1="87,31,127,95,132,22,51,18,84,47,70,64,42" hai2="55,43,115,4,104,90,126,76,74,1,94,25,24" hai3="67,123,101,3,78,6,98,89,38,134,10,73,119"/><V19/><F104/><W102/><G123/><T35/><D111/><U81/><E127/><V28/><F126/><W77/><G119/><T54/><D135/><U9/><E132/><V109/><F109/><W103/><G134/><T45/><D66/><U69/><E64/><V65/><F115/><W58/><G38/><T93/><D105/><U83/><E95/><V121/><F121/><W61/><REACH who="3" step="1"/><G73/><REACH who="3" ten="172,324,292,202" step="2"/><T37/><D37/><U113/><E113/><V128/><F74/><W110/><G110/><T86/><D36/><U112/><E112/><V23/><F128/><W21/><G21/><T63/><D35/><U16/><E9/><V48/><F23/><W12/><G12/><N who="0" m="4683" /><D2/><U53/><E22/><V91/><F1/><W68/><G68/><T62/><D7/><U52/><E70/><V125/><F4/><W106/><G106/><T118/><D118/><U5/><E69/><V0/><F0/><W116/><G116/><T56/><D30/><U39/><E5/><V33/><F28/><W92/><AGARI ba="0,1" hai="3,6,10,58,61,67,77,78,89,92,98,101,102,103" machi="92" ten="30,2000,0" yaku="1,1,0,1,53,0" doraHai="8" doraHaiUra="40" who="3" fromWho="3" sc="172,-5,324,-5,292,-10,202,30" /><INIT seed="7,0,0,1,2,11" ten="167,319,282,232" oya="3" hai0="40,135,33,26,100,79,30,60,19,48,116,110,89" hai1="97,58,32,46,34,9,73,106,131,74,47,115,0" hai2="82,54,64,67,29,104,84,83,62,45,28,107,71" hai3="68,125,95,70,56,22,51,98,112,103,31,49,55"/><W90/><G112/><T13/><D110/><U108/><E108/><V17/><F67/><W2/><G2/><T23/><D135/><U87/><E115/><V81/><F104/><W127/><G51/><T1/><D116/><U53/><E131/><V44/><F107/><W6/><G6/><T105/><D1/><U78/><E87/><V76/><F29/><W27/><REACH who="3" step="1"/><G103/><REACH who="3" ten="167,319,282,222" step="2"/><T91/><D60/><U5/><E0/><V133/><F62/><W21/><G21/><T24/><D79/><U123/><E5/><V39/><F133/><W57/><G57/><T16/><D100/><U121/><E58/><V94/><F76/><W38/><G38/><T109/><D109/><U86/><E78/><V52/><F39/><W35/><G35/><T59/><D105/><U66/><E34/><V77/><F77/><W72/><G72/><T132/><D132/><U99/><E32/><V37/><F37/><W130/><G130/><T93/><D93/><U88/><E74/><V14/><F71/><AGARI ba="0,1" hai="22,27,31,49,55,56,68,70,71,90,95,98,125,127" machi="71" ten="40,2000,0" yaku="1,1,53,0" doraHai="11" doraHaiUra="4" who="3" fromWho="2" sc="167,0,319,0,282,-20,222,30" /><INIT seed="7,1,0,3,3,66" ten="167,319,262,252" oya="3" hai0="38,34,49,98,51,69,48,13,61,47,97,12,58" hai1="129,113,64,76,42,0,91,118,14,74,132,117,31" hai2="120,126,24,22,109,124,89,81,99,82,83,26,135" hai3="77,80,23,60,56,44,41,134,32,96,2,18,127"/><W72/><G32/><T7/><D34/><U55/><E0/><V106/><F109/><W70/><G2/><T53/><D7/><U131/><E113/><V100/><F135/><W46/><G134/><T94/><D98/><U93/><E132/><V108/><F108/><W4/><G4/><T86/><D86/><U104/><E104/><V84/><F26/><W95/><G127/><N who="2" m="48681" /><F24/><W130/><G130/><T1/><D1/><U116/><E42/><V36/><F22/><W112/><G112/><T17/><D12/><U43/><E43/><V30/><F30/><W15/><G41/><T20/><D38/><U73/><E31/><V37/><F120/><W125/><G125/><T102/><REACH who="0" step="1"/><D69/><REACH who="0" ten="157,319,262,252" step="2"/><U87/><E14/><V27/><F27/><W115/><G70/><T6/><D6/><U111/><E111/><V110/><F110/><W11/><G115/><T128/><D128/><U114/><E114/><V85/><F37/><W105/><G105/><T103/><D103/><U65/><E131/><V122/><F36/><W121/><G121/><T107/><D107/><U8/><E129/><V10/><F122/><W62/><G23/><T25/><D25/><U50/><E118/><V9/><F85/><W78/><G78/><T40/><AGARI ba="1,1" hai="13,17,20,40,47,48,49,51,53,58,61,94,97,102" machi="40" ten="20,8000,1" yaku="1,1,0,1,7,1,8,1,53,1" doraHai="66" doraHaiUra="52" who="0" fromWho="0" sc="157,93,319,-21,262,-21,252,-41" /><INIT seed="8,0,0,1,3,64" ten="250,298,241,211" oya="0" hai0="51,47,37,134,9,52,109,19,1,107,83,57,96" hai1="100,63,78,113,61,94,103,85,120,108,36,79,17" hai2="128,49,112,81,55,62,23,88,18,116,10,133,8" hai3="3,26,14,25,77,129,93,76,130,4,131,13,91"/><T11/><D134/><U6/><E36/><V124/><F112/><W2/><G4/><T60/><D109/><U135/><E108/><V84/><F133/><W119/><G119/><T53/><D37/><U27/><E120/><V67/><F124/><W41/><G41/><T32/><D32/><U132/><E132/><V87/><F128/><W70/><G70/><T106/><D11/><U75/><E75/><V28/><F28/><W74/><G93/><T92/><D83/><N who="1" m="47351" /><E79/><N who="3" m="30282" /><G91/><T66/><D66/><U43/><E135/><V35/><F87/><W69/><G69/><T126/><D126/><U101/><E113/><V31/><F31/><W72/><G14/><T46/><D46/><U40/><E6/><V30/><F30/><W20/><G13/><T44/><D44/><U33/><E94/><V24/><F35/><W115/><G115/><T127/><D127/><U21/><E33/><V22/><F22/><W86/><G86/><T97/><D97/><U82/><E82/><V0/><F0/><N who="3" m="43" /><G20/><T121/><D121/><U45/><E45/><V5/><F5/><W34/><G34/><T90/><REACH who="0" step="1"/><D1/><REACH who="0" ten="240,298,241,211" step="2"/><U117/><E117/><V89/><F116/><W123/><G123/><T65/><D65/><U102/><N who="1" m="25600" /><DORA hai="114" /><U111/><E111/><V98/><F10/><W15/><G15/><AGARI ba="0,1" hai="9,15,19,47,51,52,53,57,60,90,92,96,106,107" machi="15" ten="40,12000,1" yaku="1,1,54,1,53,2" doraHai="64,114" doraHaiUra="50,104" who="0" fromWho="3" sc="240,130,298,0,241,0,211,-120" owari="370,47.0,298,9.8,241,-15.9,91,-40.9" /></mjloggm>