<mjloggm ver="2.3"><GO type="169" lobby="0"/><UN n0="%E3%83%AC%E3%82%A4%E3%83%88%E3%83%B3%E5%87%86%E6%95%99%E6%8E%88" n1="%E4%BF%9D%E8%82%B2%E5%A3%AB" n2="%E3%83%95%E3%82%AF%E3%83%80%E3%83%B3%E3%83%81%E3%83%A7" n3="%E3%83%90%E3%82%AD" dan="18,17,16,16" rate="2272.59,2131.38,2115.02,2121.12" sx="M,M,M,M"/><TAIKYOKU oya="0"/><INIT seed="0,0,0,4,2,57" ten="250,250,250,250" oya="0" hai0="71,101,135,61,63,78,134,89,100,83,90,92,66" hai1="127,64,56,91,62,108,124,30,123,6,97,46,48" hai2="84,128,60,14,132,115,59,7,25,37,131,116,29" hai3="125,36,130,65,40,39,28,133,129,52,51,20,110"/><T95/><D134/><U16/><E6/><V121/><F37/><N who="3" m="14411" /><G28/><T54/><D135/><U122/><E30/><V73/><F73/><W69/><G20/><T26/><D26/><U50/><E16/><V47/><F47/><N who="3" m="26087" /><G133/><T114/><D114/><U68/><E91/><V4/><F116/><W35/><G35/><T102/><D54/><N who="1" m="31815" /><E97/><V44/><F121/><N who="1" m="46089" /><E108/><V120/><F44/><W70/><G110/><T104/><D104/><U18/><E18/><V8/><F115/><W106/><G106/><T74/><D71/><N who="3" m="27145" /><G125/><T3/><D3/><U1/><E1/><V19/><F120/><W5/><G5/><T109/><D109/><U15/><E15/><V53/><F132/><W49/><G65/><T58/><D66/><U23/><E23/><V107/><F107/><W12/><G12/><T77/><D77/><U94/><E94/><V32/><F84/><W9/><G9/><T55/><D95/><U45/><E45/><AGARI ba="0,0" hai="45,49,52,129,130" m="27145,26087,14411" machi="45" ten="30,3900,0" yaku="34,2,54,1" doraHai="57" who="3" fromWho="1" sc="250,0,250,-39,250,0,250,39" /><INIT seed="1,0,0,4,0,123" ten="250,211,250,289" oya="1" hai0="33,118,22,1,95,16,131,42,110,14,2,121,8" hai1="86,81,0,74,38,25,101,35,44,37,4,40,87" hai2="104,7,64,126,31,27,47,13,117,100,62,58,85" hai3="99,96,132,89,116,112,108,79,91,28,115,63,51"/><U88/><E37/><V83/><F117/><W52/><G116/><T39/><D118/><U105/><E105/><V114/><F114/><W43/><G132/><T17/><D121/><U26/><E101/><V23/><F126/><W107/><G79/><T69/><D69/><U72/><E87/><V32/><F47/><W106/><G28/><T128/><D42/><U113/><E113/><V65/><F100/><W129/><G129/><N who="0" m="49739" /><D95/><U12/><E0/><N who="0" m="105" /><D39/><U127/><E127/><V10/><F104/><W61/><G43/><T130/><N who="0" m="49747" /><T9/><DORA hai="24" /><D33/><U80/><E80/><V5/><F32/><W125/><G125/><T93/><D93/><U134/><E134/><V34/><F34/><W78/><G78/><T15/><D110/><U92/><E81/><V29/><F5/><W71/><G71/><T77/><D77/><U54/><E54/><V21/><F21/><AGARI ba="0,0" hai="8,9,14,15,16,17,21,22" m="105,49747" machi="21" ten="50,8000,1" yaku="19,1,34,2,54,1" doraHai="123,24" who="0" fromWho="2" sc="250,80,211,0,250,-80,289,0" /><INIT seed="2,0,0,5,3,72" ten="330,211,170,289" oya="2" hai0="34,53,112,99,67,122,108,89,37,56,111,124,16" hai1="131,23,54,24,119,19,76,96,83,97,133,18,84" hai2="0,44,121,50,110,17,128,30,130,123,120,113,1" hai3="109,40,104,21,127,45,27,12,68,91,103,59,15"/><V60/><F113/><W107/><G68/><T73/><D112/><U115/><E115/><V49/><F30/><W117/><G117/><T134/><D122/><U92/><E119/><V22/><F60/><W78/><G109/><T75/><D37/><U93/><E131/><N who="2" m="50219" /><F110/><N who="0" m="42026" /><D134/><U14/><E133/><V64/><F64/><W57/><G127/><T87/><D34/><U86/><E54/><N who="2" m="29991" /><F50/><W126/><G126/><T36/><D36/><U88/><REACH who="1" step="1"/><E93/><REACH who="1" ten="330,201,170,289" step="2"/><V74/><F74/><W106/><G106/><T69/><D75/><U52/><E52/><V7/><F7/><W81/><G107/><T100/><D73/><U32/><E32/><V11/><F11/><AGARI ba="0,1" hai="11,14,18,19,23,24,76,83,84,86,88,92,96,97" machi="11" ten="30,8000,1" yaku="1,1,7,1,8,1,52,1,54,1,53,0" doraHai="72" doraHaiUra="116" who="1" fromWho="2" sc="330,0,201,90,170,-80,289,0" /><INIT seed="3,0,0,2,0,119" ten="330,291,90,289" oya="3" hai0="88,10,87,98,39,93,100,76,85,114,67,123,46" hai1="90,65,113,7,126,36,66,57,44,62,24,133,11" hai2="40,30,8,2,17,25,108,118,124,31,27,91,132" hai3="77,92,61,34,106,58,47,0,21,112,53,52,26"/><W68/><G112/><T63/><D114/><U6/><E113/><V14/><F40/><W48/><G106/><T73/><D123/><U96/><E126/><V49/><F108/><W94/><G34/><T41/><D73/><U22/><E133/><V12/><F118/><W42/><G0/><T1/><D76/><U50/><E36/><V115/><F115/><W120/><G120/><T59/><D1/><U102/><E90/><V60/><F60/><W110/><G110/><T80/><D10/><U38/><E11/><V116/><F116/><W74/><G68/><T16/><D85/><U72/><E66/><V4/><F91/><W130/><G130/><T134/><D134/><U79/><E38/><V15/><F49/><W121/><G121/><T131/><D131/><U55/><E72/><V128/><F128/><W70/><G70/><T5/><D5/><U122/><E79/><V97/><F97/><W19/><REACH who="3" step="1"/><G42/><REACH who="3" ten="330,291,90,279" step="2"/><T33/><D33/><U83/><E122/><V64/><F132/><W105/><G105/><T51/><D39/><U13/><E83/><AGARI ba="0,1" hai="19,21,26,47,48,52,53,58,61,74,77,83,92,94" machi="83" ten="40,7700,0" yaku="1,1,54,1,53,1" doraHai="119" doraHaiUra="43" who="3" fromWho="1" sc="330,0,291,-77,90,0,279,87" /><INIT seed="3,1,0,1,2,42" ten="330,214,90,366" oya="3" hai0="99,3,51,109,93,112,19,63,44,23,65,88,97" hai1="36,16,132,37,80,123,57,133,82,126,76,128,46" hai2="25,91,83,61,13,70,47,27,115,117,71,110,98" hai3="48,28,87,107,125,62,108,85,21,118,79,106,11"/><W35/><G118/><T59/><D109/><U84/><E123/><V68/><F110/><W4/><G108/><T127/><D127/><U38/><E126/><V90/><F115/><W8/><G125/><T119/><D112/><U60/><E128/><V10/><F61/><W130/><G35/><T101/><D3/><U103/><E103/><V78/><F117/><W66/><G130/><T121/><D121/><U92/><E92/><V89/><F98/><W17/><G28/><T94/><D119/><U9/><E82/><V104/><F104/><W120/><G120/><T113/><D113/><U18/><E46/><V102/><F102/><W129/><G129/><T7/><D7/><U135/><REACH who="1" step="1"/><E9/><REACH who="1" ten="330,204,90,366" step="2"/><V58/><F47/><W33/><G11/><T53/><D101/><U67/><AGARI ba="1,1" hai="16,18,36,37,38,57,60,67,76,80,84,132,133,135" machi="67" ten="40,8000,1" yaku="1,1,2,1,0,1,20,1,54,1,53,0" doraHai="42" doraHaiUra="22" who="1" fromWho="1" sc="330,-21,204,93,90,-21,366,-41" /><INIT seed="4,0,0,4,5,123" ten="309,297,69,325" oya="0" hai0="58,6,61,21,84,11,29,55,3,37,77,1,52" hai1="128,53,26,124,101,125,120,109,56,2,116,38,28" hai2="85,8,122,25,12,33,117,31,40,126,96,88,14" hai3="5,62,63,48,89,81,93,127,114,43,135,68,30"/><T45/><D3/><U83/><E120/><V90/><F117/><W20/><G114/><T46/><D37/><U51/><E116/><V64/><F126/><N who="1" m="48745" /><E38/><V98/><F14/><W103/><G127/><T27/><REACH who="0" step="1"/><D55/><REACH who="0" ten="299,297,69,325" step="2"/><U50/><E2/><V111/><F122/><W80/><G135/><T97/><D97/><U19/><E53/><V41/><F111/><W22/><G43/><T7/><D7/><U70/><E109/><V0/><F0/><W42/><G5/><T95/><D95/><U100/><E50/><V69/><F96/><W57/><G42/><T16/><D16/><U79/><E51/><V44/><F98/><W119/><G48/><T74/><D74/><U39/><E19/><V104/><F104/><W78/><G93/><T13/><D13/><U132/><E39/><V94/><F90/><W76/><G89/><T65/><D65/><U108/><E108/><V71/><F64/><W115/><G119/><T17/><D17/><U133/><E133/><V72/><F72/><W121/><G121/><T131/><D131/><U10/><E128/><V15/><F15/><W24/><G78/><T67/><D67/><U23/><E79/><V9/><F41/><W91/><G76/><T73/><D73/><U129/><E129/><V134/><F134/><W49/><G91/><T54/><D54/><U35/><E132/><V4/><REACH who="2" step="1"/><F9/><REACH who="2" ten="299,297,59,325" step="2"/><W110/><G110/><T82/><AGARI ba="0,2" hai="1,6,11,21,27,29,45,46,52,58,61,77,82,84" machi="82" ten="30,6000,0" yaku="1,1,0,1,54,1,53,0" doraHai="123" doraHaiUra="66" who="0" fromWho="0" sc="299,80,297,-20,59,-20,325,-20" /><INIT seed="4,1,0,0,4,85" ten="379,277,39,305" oya="0" hai0="22,55,21,67,9,66,0,60,100,84,77,124,123" hai1="81,42,114,107,111,47,135,115,3,86,45,105,54" hai2="58,37,63,117,4,26,56,1,61,10,5,75,33" hai3="40,31,73,80,82,29,20,7,134,122,103,19,41"/><T46/><D123/><U108/><E3/><V79/><F117/><W113/><G122/><T74/><D124/><U14/><E54/><V112/><F112/><N who="1" m="43049" /><E14/><V43/><F5/><W51/><G113/><T83/><D0/><U50/><E47/><V18/><F61/><W39/><G134/><T49/><D9/><U17/><E17/><V2/><F2/><W110/><G110/><N who="1" m="42026" /><E135/><V65/><F58/><W99/><G73/><T13/><D74/><U44/><E45/><V119/><F119/><W132/><G132/><T131/><D66/><U25/><E25/><V94/><F94/><N who="3" m="58871" /><G39/><T120/><D13/><U88/><AGARI ba="1,0" hai="42,44,50,81,86,88,105,107" m="42026,43049" machi="88" ten="30,7900,0" yaku="15,1,11,1,52,1,54,1" doraHai="85" who="1" fromWho="1" sc="379,-40,277,82,39,-21,305,-21" /><INIT seed="5,0,0,0,2,124" ten="339,359,18,284" oya="1" hai0="78,50,111,35,134,85,89,76,66,123,102,135,6" hai1="92,71,33,57,115,53,80,0,31,38,75,44,68" hai2="3,19,117,69,87,14,59,61,113,73,63,55,62" hai3="131,100,23,5,30,81,109,112,120,47,48,26,128"/><U103/><E115/><V116/><F3/><W41/><G120/><T10/><D111/><U46/><E0/><V45/><F73/><W65/><G109/><T34/><D102/><U91/><E103/><V64/><F113/><W94/><G112/><T67/><D123/><U36/><E80/><V97/><F97/><N who="3" m="59447" /><G5/><T118/><D118/><U122/><E75/><V12/><F12/><W15/><G15/><T40/><D66/><U121/><E31/><V108/><F108/><W99/><G81/><T93/><D67/><U60/><E33/><V107/><F107/><W2/><G2/><T72/><D72/><U95/><E57/><V125/><F125/><W18/><G99/><T32/><D40/><U106/><E53/><V56/><F87/><W98/><G98/><T42/><D42/><U13/><E13/><V104/><F104/><W88/><G88/><T83/><D50/><U17/><E91/><V54/><REACH who="2" step="1"/><F45/><REACH who="2" ten="339,359,8,284" step="2"/><W27/><G27/><T21/><D85/><U9/><E106/><V105/><F105/><W133/><G133/><T79/><D134/><U43/><E122/><V82/><F82/><W29/><G65/><T16/><D83/><U101/><E121/><V114/><F114/><W8/><G8/><AGARI ba="0,1" hai="8,14,19,54,55,56,59,61,62,63,64,69,116,117" machi="8" ten="30,8000,1" yaku="1,1,7,1,9,1,53,2" doraHai="124" doraHaiUra="51" who="2" fromWho="3" sc="339,0,359,0,8,90,284,-80" /><INIT seed="6,0,0,0,2,52" ten="339,359,98,204" oya="2" hai0="10,5,70,103,71,23,109,84,96,66,114,53,61" hai1="67,42,106,87,68,57,34,107,89,14,112,100,27" hai2="113,118,77,16,4,74,47,88,124,45,98,82,9" hai3="21,12,94,129,116,83,60,56,127,48,90,63,110"/><V97/><F118/><W134/><G110/><T40/><D109/><U131/><E68/><V73/><F124/><W28/><G116/><T20/><D114/><U35/><E42/><V55/><F74/><W7/><G127/><T81/><D40/><U135/><E112/><V122/><F113/><W51/><G129/><T24/><D53/><U38/><E38/><V93/><F122/><W11/><G134/><T132/><D132/><U78/><E78/><V126/><F126/><W29/><G83/><T26/><D70/><U75/><E75/><V37/><F37/><W36/><G63/><T123/><D123/><U46/><E46/><V121/><F121/><W105/><G105/><T25/><D96/><U1/><E1/><V133/><F133/><W65/><G36/><T111/><D103/><U62/><E100/><V30/><F30/><N who="3" m="11883" /><G21/><T95/><D95/><U50/><E107/><V80/><F80/><W54/><G54/><T44/><D111/><U58/><E106/><V19/><F98/><AGARI ba="0,0" hai="7,11,12,48,51,56,60,65,90,94,98" m="11883" machi="98" ten="30,2000,0" yaku="8,1,52,1" doraHai="52" who="3" fromWho="2" sc="339,0,359,0,98,-20,204,20" /><INIT seed="7,0,0,1,2,15" ten="339,359,78,224" oya="3" hai0="103,132,64,93,76,125,49,123,54,30,92,104,59" hai1="23,29,38,47,31,14,95,79,72,110,109,58,61" hai2="130,85,3,91,75,1,119,89,87,82,133,8,111" hai3="131,126,135,42,66,115,88,118,108,121,48,37,124"/><W46/><G118/><T68/><D123/><U80/><E95/><V50/><F111/><W74/><G121/><T22/><D132/><U35/><E35/><V129/><F119/><W5/><G74/><T97/><D125/><N who="3" m="48233" /><G135/><T71/><D76/><U32/><E32/><V53/><F75/><W51/><G5/><T78/><D78/><U112/><E112/><V60/><F133/><W56/><G88/><T24/><D104/><U113/><E113/><V57/><F1/><W63/><G115/><T83/><D83/><U28/><E47/><V18/><F3/><W52/><G108/><T36/><D36/><U134/><E38/><V105/><F105/><W6/><G6/><T26/><D64/><U0/><E0/><V21/><F8/><W44/><G131/><T90/><REACH who="0" step="1"/><D24/><REACH who="0" ten="329,359,78,224" step="2"/><U40/><E134/><V45/><F129/><W101/><G101/><T43/><D43/><U67/><REACH who="1" step="1"/><E40/><REACH who="1" ten="329,349,78,224" step="2"/><V27/><F130/><W17/><G17/><AGARI ba="0,2" hai="14,17,23,28,29,31,58,61,67,72,79,80,109,110" machi="17" ten="40,8000,1" yaku="1,1,2,1,52,1,53,1" doraHai="15" doraHaiUra="11" who="1" fromWho="3" sc="329,0,349,100,78,0,224,-80" owari="329,12.9,449,54.9,78,-42.2,144,-25.6" /></mjloggm>