<mjloggm ver="2.3"><GO type="169" lobby="0"/><UN n0="%E5%8C%97%E6%AC%A7%E3%81%AE%E3%82%82%E3%81%93%E3%81%86" n1="%E3%81%8D%E3%82%83%E3%83%BC%E3%82%8D%E3%82%93" n2="%6B%6C%6F%6E%64%69%6B%65" n3="%E4%B9%9D%E5%B0%BE%E3%81%AE%E3%83%8D%E3%82%B3" dan="16,16,16,16" rate="2117.27,2129.47,2159.23,2044.25" sx="M,M,M,M"/><TAIKYOKU oya="0"/><INIT seed="0,0,0,4,1,68" ten="250,250,250,250" oya="0" hai0="54,13,94,20,124,50,71,8,73,61,30,128,56" hai1="114,43,69,12,7,27,55,40,74,23,97,70,120" hai2="26,62,93,135,76,75,79,119,4,98,18,96,39" hai3="89,44,58,35,46,109,99,115,14,127,91,134,110"/><T95/><D128/><U65/><E120/><V3/><F119/><W88/><G115/><T63/><D124/><U81/><E114/><V2/><F93/><W42/><G127/><T16/><D73/><U103/><E70/><V101/><F26/><W67/><G35/><T37/><D37/><U106/><E65/><V77/><F62/><W122/><G122/><T36/><D36/><U21/><E69/><V51/><F51/><W41/><G134/><T60/><D71/><U92/><E106/><V121/><F76/><W22/><G99/><T0/><D0/><U24/><E81/><V87/><F87/><W9/><G22/><N who="1" m="8202" /><E74/><V25/><F39/><W28/><G28/><T31/><REACH who="0" step="1"/><D31/><REACH who="0" ten="240,250,250,250" step="2"/><U57/><E27/><AGARI ba="0,1" hai="8,13,16,20,27,30,50,54,56,60,61,63,94,95" machi="27" ten="40,12000,1" yaku="1,1,2,1,8,1,54,1,53,1" doraHai="68" doraHaiUra="52" who="0" fromWho="1" sc="240,130,250,-120,250,0,250,0" /><INIT seed="0,1,0,3,5,86" ten="370,130,250,250" oya="0" hai0="73,28,23,63,17,42,92,4,133,121,31,104,14" hai1="105,134,98,66,81,75,25,74,101,113,91,125,37" hai2="56,114,30,60,9,19,83,131,67,65,38,51,29" hai3="129,88,35,71,102,41,107,10,70,122,76,43,68"/><T27/><D133/><U94/><E37/><V46/><F38/><W3/><G122/><T12/><D104/><U124/><E66/><V48/><F114/><W8/><G35/><T47/><D73/><N who="1" m="27659" /><E25/><V128/><F83/><W99/><G129/><N who="2" m="49737" /><F67/><W117/><G117/><T115/><D115/><U135/><E113/><V82/><F82/><W119/><G119/><T40/><D121/><U78/><E78/><V49/><F46/><W1/><G1/><T72/><D72/><U85/><E81/><V52/><F65/><W36/><G76/><T39/><D42/><U34/><E34/><V103/><F103/><W45/><G43/><T16/><D63/><U58/><E58/><V7/><F19/><W110/><G3/><AGARI ba="1,0" hai="3,7,9,29,30,48,49,51,52,56,60" m="49737" machi="3" ten="30,2000,0" yaku="19,1,54,1" doraHai="86" who="2" fromWho="3" sc="370,0,130,0,250,23,250,-23" /><INIT seed="1,0,0,3,4,58" ten="370,130,273,227" oya="1" hai0="6,75,113,94,125,128,122,108,59,37,41,45,71" hai1="11,24,123,0,106,76,112,84,81,72,7,127,22" hai2="60,116,64,86,12,44,130,36,8,42,73,56,27" hai3="135,15,111,91,129,88,69,65,100,105,97,47,132"/><U17/><E127/><V92/><F116/><W57/><G69/><T26/><D108/><U68/><E123/><V55/><F73/><W53/><G111/><T49/><D113/><U90/><E106/><V63/><F130/><W99/><G129/><T109/><D109/><U110/><E110/><V40/><F40/><W52/><G15/><T10/><D125/><U87/><E68/><V74/><F74/><W61/><G99/><T3/><D122/><U104/><E104/><V114/><F114/><W78/><G78/><T107/><D107/><U2/><E112/><V39/><F27/><W43/><G65/><T102/><D71/><U23/><E2/><V30/><F30/><W115/><G53/><T134/><D134/><N who="3" m="51241" /><G115/><T35/><D75/><U18/><REACH who="1" step="1"/><E90/><REACH who="1" ten="370,120,273,227" step="2"/><V31/><F36/><AGARI ba="0,1" hai="36,43,47,52,57,61,88,91,97,100,105" m="51241" machi="36" ten="30,7700,0" yaku="20,1,52,1,54,2" doraHai="58" who="3" fromWho="2" sc="370,0,120,0,273,-77,227,87" /><INIT seed="2,0,0,0,1,38" ten="370,120,196,314" oya="2" hai0="7,126,65,106,24,122,118,5,80,17,69,35,1" hai1="3,90,81,123,125,92,11,104,49,110,107,25,15" hai2="99,94,53,114,32,42,111,71,67,85,26,121,40" hai3="50,102,72,89,105,78,47,91,12,74,52,4,132"/><V70/><F121/><W39/><G132/><T37/><D80/><U96/><E110/><V97/><F114/><W115/><G115/><T46/><D17/><U66/><E125/><V10/><F71/><W23/><G39/><T93/><D93/><U18/><E123/><V51/><F70/><W8/><G74/><T112/><D24/><U120/><E120/><V0/><F67/><W19/><G102/><T75/><D7/><U57/><E3/><V77/><F111/><W61/><G105/><T83/><D83/><U84/><E25/><V20/><F32/><W28/><G28/><T133/><D46/><U54/><REACH who="1" step="1"/><E66/><REACH who="1" ten="370,110,196,314" step="2"/><V100/><F0/><W31/><G31/><T27/><D65/><U34/><E34/><V43/><F99/><W86/><G72/><T13/><D27/><U116/><E116/><V129/><F129/><W63/><G78/><AGARI ba="0,1" hai="11,15,18,49,54,57,78,81,84,90,92,96,104,107" machi="78" ten="30,2000,0" yaku="1,1,7,1,53,0" doraHai="38" doraHaiUra="36" who="1" fromWho="3" sc="370,0,110,30,196,0,314,-20" /><INIT seed="3,0,0,3,3,15" ten="370,140,196,294" oya="3" hai0="4,73,125,96,9,12,28,102,84,103,14,91,92" hai1="17,56,67,110,94,66,112,117,64,106,37,69,99" hai2="42,78,20,104,118,47,86,114,43,27,111,46,49" hai3="36,115,113,45,128,71,75,116,25,68,23,8,52"/><W63/><G116/><T123/><D125/><U126/><E112/><V100/><F114/><W10/><G75/><T50/><D123/><U54/><E117/><V61/><F118/><W70/><G115/><T98/><D73/><U51/><E106/><V120/><F104/><W127/><G127/><T130/><D130/><U21/><E126/><V34/><F34/><W95/><G128/><T119/><D28/><U79/><E79/><V35/><F35/><W16/><G113/><T81/><D119/><U22/><E37/><V1/><F1/><W77/><G77/><T24/><D24/><U132/><E132/><V107/><F107/><W26/><G36/><T33/><D33/><U76/><E76/><V88/><F78/><W38/><G38/><T57/><D14/><U83/><E83/><V3/><F3/><W74/><G74/><T90/><D98/><U62/><E22/><V5/><F5/><W93/><G26/><T122/><D122/><U11/><E11/><V124/><F124/><W39/><G39/><T44/><D57/><U30/><E30/><V72/><F72/><W58/><G63/><T53/><AGARI ba="0,0" hai="4,9,12,44,50,53,81,84,90,91,92,96,102,103" machi="53" ten="20,2700,0" yaku="0,1,7,1,8,1" doraHai="15" who="0" fromWho="0" sc="370,27,140,-7,196,-7,294,-13" /><INIT seed="4,0,0,3,1,97" ten="397,133,189,281" oya="0" hai0="24,53,18,125,100,44,81,27,64,112,70,127,102" hai1="1,110,21,107,111,133,48,99,9,116,17,78,126" hai2="90,6,73,76,10,67,2,30,89,91,45,88,7" hai3="22,16,61,101,40,51,84,94,12,36,52,63,13"/><T23/><D112/><U118/><E78/><V114/><N who="2" m="22528" /><DORA hai="119" /><V11/><F114/><W28/><G84/><T130/><D81/><U66/><E66/><V33/><F67/><W68/><G28/><T57/><D130/><U43/><E43/><V131/><F131/><W0/><G0/><T26/><D44/><U80/><E48/><V129/><F129/><W106/><G106/><T37/><D37/><U83/><E9/><V42/><F30/><W19/><G68/><T134/><D134/><U109/><E1/><V122/><F33/><W50/><G36/><T72/><D72/><U108/><E108/><V31/><F31/><W87/><G87/><T4/><D4/><U54/><E54/><V75/><F122/><W5/><G5/><T104/><D104/><U3/><E3/><V65/><F65/><W128/><G128/><T93/><D93/><U60/><E60/><V123/><F123/><W98/><G50/><N who="0" m="30903" /><D64/><U85/><E133/><V62/><F62/><W32/><G40/><T8/><D8/><U39/><E39/><V38/><REACH who="2" step="1"/><F76/><REACH who="2" ten="397,133,179,281" step="2"/><W96/><G32/><T82/><D70/><U86/><E118/><V132/><F132/><W120/><G120/><T59/><D127/><U113/><E116/><V103/><F103/><W14/><G63/><T34/><D125/><U117/><E126/><V25/><F25/><W49/><G61/><T55/><D34/><U56/><E117/><V77/><F77/><W121/><G121/><T79/><D26/><N who="1" m="14639" /><E113/><V41/><F41/><W29/><G29/><T20/><D79/><N who="1" m="46239" /><E111/><V115/><F115/><W92/><G52/><RYUUKYOKU ba="0,1" sc="397,-10,133,-10,179,30,281,-10" hai2="2,6,7,10,11,38,42,45,73,75" /><INIT seed="5,1,1,4,1,23" ten="387,123,209,271" oya="1" hai0="6,22,2,26,61,7,129,133,93,86,106,134,39" hai1="113,135,62,95,114,56,76,97,77,25,54,40,78" hai2="84,130,64,4,41,108,15,28,111,69,48,75,21" hai3="34,55,42,80,85,87,91,45,20,35,112,31,5"/><U65/><E135/><N who="0" m="51721" /><D106/><U127/><E127/><V44/><F75/><W126/><G112/><T60/><D39/><U57/><E40/><V120/><F120/><W89/><G126/><T66/><D60/><U51/><REACH who="1" step="1"/><E25/><REACH who="1" ten="387,113,209,271" step="2"/><V3/><F111/><W8/><G42/><T100/><D26/><U19/><E19/><V9/><F108/><W119/><G119/><T27/><D129/><U46/><E46/><V36/><F130/><W102/><G45/><T68/><D6/><U96/><E96/><V131/><F131/><W17/><G5/><T115/><D7/><U24/><E24/><V10/><F28/><W101/><G31/><T94/><D27/><U0/><E0/><V116/><F116/><W98/><G17/><T124/><D2/><U37/><E37/><V122/><F122/><W43/><G43/><T14/><D124/><U52/><E52/><V118/><F118/><W47/><G98/><T29/><D29/><U13/><E13/><V33/><F44/><W132/><G47/><T63/><D14/><U50/><E50/><V74/><F15/><W70/><G55/><T99/><D99/><U59/><E59/><V72/><F41/><W71/><G132/><T121/><D121/><U125/><E125/><V38/><F36/><W73/><G71/><T81/><D68/><U110/><E110/><V53/><F38/><W30/><G30/><T104/><D115/><U32/><E32/><V107/><F4/><W105/><G70/><T49/><D49/><U128/><E128/><V58/><F33/><W117/><G35/><T83/><D63/><U109/><E109/><RYUUKYOKU ba="1,2" sc="387,-10,113,30,209,-10,271,-10" hai1="51,54,56,57,62,65,76,77,78,95,97,113,114" /><INIT seed="5,2,2,1,4,39" ten="377,143,199,261" oya="1" hai0="59,88,99,76,36,131,41,71,49,26,40,27,127" hai1="50,11,4,114,54,122,19,28,53,13,48,85,108" hai2="43,18,64,0,10,126,78,77,38,89,23,80,107" hai3="97,112,6,123,115,101,33,16,75,21,52,94,44"/><U62/><E122/><V1/><F107/><W117/><G75/><T51/><D71/><U70/><E114/><V100/><F100/><W90/><G33/><T93/><D131/><U118/><E108/><V104/><F104/><W134/><G123/><T84/><D36/><U119/><E28/><V35/><F35/><W79/><G79/><T66/><D127/><U135/><E135/><V46/><F126/><W24/><G134/><T60/><D49/><U120/><E120/><V72/><F78/><W121/><G121/><T82/><D51/><U61/><E70/><V63/><F89/><W106/><G117/><T73/><D73/><U55/><E119/><V86/><F10/><W42/><G6/><T132/><D132/><U17/><E118/><V91/><F63/><N who="1" m="24073" /><E50/><V8/><F8/><W58/><G58/><T68/><D68/><U65/><E65/><V7/><F7/><W95/><G52/><N who="1" m="20074" /><E85/><V109/><F64/><W37/><REACH who="3" step="1"/><G106/><REACH who="3" ten="377,143,199,251" step="2"/><T103/><D76/><U125/><E125/><V9/><F109/><W96/><AGARI ba="2,3" hai="16,21,24,37,42,44,90,94,95,96,97,101,112,115" machi="96" ten="30,8000,1" yaku="1,1,2,1,0,1,52,1,54,1,53,0" doraHai="39" doraHaiUra="81" who="3" fromWho="3" sc="377,-22,143,-42,199,-22,251,116" /><INIT seed="6,0,0,2,3,14" ten="355,101,177,367" oya="2" hai0="103,123,79,78,25,41,72,23,61,29,88,122,36" hai1="70,13,110,63,95,49,77,67,28,17,52,46,106" hai2="124,20,44,69,0,30,102,115,116,8,9,19,83" hai3="100,93,119,121,6,53,48,68,90,50,45,38,135"/><V81/><F116/><W47/><G121/><T37/><D103/><U54/><E110/><V75/><F69/><W111/><G119/><T132/><D132/><U94/><E106/><V130/><F0/><W59/><G68/><T22/><D72/><U43/><E28/><V96/><F130/><W1/><G135/><T89/><D29/><U15/><E77/><V42/><F30/><W101/><G111/><T76/><D61/><U7/><E7/><V21/><F124/><W5/><G38/><T120/><D41/><U11/><E54/><V57/><F21/><N who="0" m="7690" /><D25/><U104/><E104/><V31/><F31/><W117/><G117/><T74/><D74/><U40/><E15/><V55/><F75/><W97/><G1/><T128/><D128/><U66/><E66/><V4/><F115/><W18/><G18/><T56/><D56/><U126/><E126/><V91/><F91/><AGARI ba="0,0" hai="36,37,76,78,79,88,89,91,120,122,123" m="7690" machi="91" ten="40,5200,0" yaku="28,2,54,1" doraHai="14" who="0" fromWho="2" sc="355,52,101,0,177,-52,367,0" /><INIT seed="7,0,0,3,3,81" ten="407,101,125,367" oya="3" hai0="33,110,87,22,79,121,127,46,135,45,29,40,125" hai1="3,57,15,119,73,84,106,41,23,9,14,16,8" hai2="93,5,17,77,120,134,1,71,6,88,7,62,48" hai3="118,43,103,37,105,58,70,108,55,63,66,34,128"/><W126/><G118/><T96/><D110/><U2/><E106/><V92/><F1/><N who="1" m="9" /><E73/><V19/><F134/><W42/><G108/><T10/><D121/><U67/><E41/><V117/><F120/><W24/><G126/><T53/><D33/><U83/><E67/><V20/><F117/><W100/><G100/><T112/><D10/><N who="1" m="4203" /><E57/><V89/><F71/><W64/><G64/><T31/><D112/><U39/><E39/><V99/><F62/><W109/><G109/><T124/><D135/><U60/><E60/><V122/><F122/><W21/><G128/><T130/><D130/><U25/><E84/><N who="2" m="52231" /><F77/><W72/><G72/><T115/><D115/><U28/><E83/><V80/><F20/><W0/><G0/><T85/><D22/><N who="1" m="15415" /><E119/><V116/><F116/><W98/><G37/><N who="0" m="21647" /><D96/><U68/><E68/><V61/><F61/><N who="3" m="36063" /><G21/><T69/><D79/><U91/><E91/><V13/><F13/><AGARI ba="0,0" hai="13,14,15,16,23" m="15415,4203,9" machi="13" ten="30,12000,2" yaku="35,5,54,1" doraHai="81" who="1" fromWho="2" sc="407,0,101,120,125,-120,367,0" owari="407,50.7,221,-17.9,5,-49.5,367,16.7" /></mjloggm>