<mjloggm ver="2.3"><GO type="169" lobby="0"/><UN n0="%E3%83%A9%E3%83%B3%E3%82%B9%E3%83%AD%E3%83%83%E3%83%88" n1="%53%E6%9C%A8" n2="%E4%B8%80%E7%95%AA%E3%81%84%E3%81%A1%E3%81%B0%E3%82%93" n3="%E3%81%8B%E3%81%B6%E8%8C%B6" dan="16,17,16,17" rate="2107.57,2184.51,2092.39,2142.15" sx="M,M,F,M"/><TAIKYOKU oya="0"/><INIT seed="0,0,0,1,0,120" ten="250,250,250,250" oya="0" hai0="74,103,24,49,7,95,0,68,3,28,14,110,31" hai1="23,59,93,5,12,81,128,10,132,67,54,60,98" hai2="83,61,94,99,97,21,80,34,121,70,43,25,33" hai3="66,38,30,96,126,65,129,134,58,131,62,109,127"/><T53/><D74/><U77/><E132/><V75/><F121/><W2/><G2/><T48/><D68/><U16/><E128/><N who="3" m="49226" /><G30/><T85/><D31/><U11/><E67/><V78/><F43/><W44/><G96/><T101/><D49/><U107/><E107/><V91/><F83/><W20/><G20/><T26/><D26/><U56/><E59/><V72/><F72/><W42/><G134/><T76/><D76/><U29/><E29/><V122/><F99/><W64/><G109/><T37/><D37/><U111/><E111/><V51/><F51/><W40/><G40/><T57/><D110/><U119/><E119/><V114/><F114/><W116/><G116/><T15/><D15/><U55/><E54/><AGARI ba="0,0" hai="38,42,44,54,58,62,64,65,66,126,127" m="49226" machi="54" ten="30,3900,0" yaku="19,1,34,2" doraHai="120" who="3" fromWho="1" sc="250,0,250,-39,250,0,250,39" /><INIT seed="1,0,0,0,3,40" ten="250,211,250,289" oya="1" hai0="103,44,134,84,66,11,27,71,2,72,41,52,55" hai1="48,28,69,63,108,19,0,54,70,62,29,82,8" hai2="114,132,131,49,12,124,106,104,1,50,105,127,130" hai3="117,102,119,68,87,80,42,16,109,38,43,101,10"/><U33/><E33/><V128/><F1/><W113/><G113/><T93/><D72/><U17/><E0/><V6/><F6/><W122/><G122/><T46/><D134/><U59/><E108/><V120/><F12/><N who="3" m="7191" /><G68/><T47/><D41/><N who="3" m="15369" /><G38/><T118/><D118/><N who="3" m="45065" /><G109/><T67/><D71/><U26/><E70/><V90/><F120/><W21/><G21/><T36/><D36/><U83/><E69/><V96/><F114/><W15/><G15/><T25/><D2/><U73/><E8/><V129/><N who="2" m="32768" /><DORA hai="74" /><V78/><F78/><AGARI ba="0,0" hai="78,80,87,101,102" m="45065,15369,7191" machi="78" ten="30,3900,0" yaku="12,1,52,1,54,1" doraHai="40,74" who="3" fromWho="2" sc="250,0,211,0,250,-39,289,39" /><INIT seed="2,0,0,4,2,112" ten="250,211,211,328" oya="2" hai0="38,103,124,128,110,116,122,27,80,60,44,35,57" hai1="46,13,87,74,84,6,16,109,100,96,5,101,76" hai2="62,47,29,11,131,82,2,77,123,75,3,90,115" hai3="104,105,9,79,14,67,107,127,34,17,102,8,94"/><V132/><F123/><W10/><G34/><T40/><D122/><U88/><E109/><V113/><F131/><W15/><G127/><T78/><D110/><U114/><E114/><V0/><F132/><W53/><G67/><T125/><D128/><U39/><E39/><V72/><F75/><W43/><G43/><T49/><D103/><U32/><E32/><V42/><F11/><W99/><G79/><T61/><D27/><U65/><E65/><V129/><F129/><W20/><REACH who="3" step="1"/><G53/><REACH who="3" ten="250,211,211,318" step="2"/><T70/><D35/><U23/><E76/><V28/><F115/><W133/><G133/><T52/><D78/><U55/><E55/><V21/><F113/><W41/><G41/><T106/><D125/><U26/><E74/><V89/><F62/><W1/><G1/><T25/><D124/><U117/><E100/><V30/><REACH who="2" step="1"/><F21/><REACH who="2" ten="250,211,201,318" step="2"/><W108/><G108/><T120/><D61/><U126/><E23/><V121/><F121/><W48/><G48/><AGARI ba="0,2" hai="0,2,3,28,29,30,42,47,48,72,77,82,89,90" machi="48" ten="50,2400,0" yaku="1,1,53,0" doraHai="112" doraHaiUra="7" who="2" fromWho="3" sc="250,0,211,0,201,44,318,-24" /><INIT seed="2,1,0,1,1,13" ten="250,211,245,294" oya="2" hai0="22,134,0,51,104,102,46,39,9,20,87,14,47" hai1="69,37,124,11,40,129,55,54,128,58,99,92,41" hai2="33,63,79,4,35,53,125,28,67,101,90,31,27" hai3="83,3,1,71,132,44,38,116,95,100,91,94,80"/><V7/><F125/><W62/><G116/><T50/><D134/><U43/><E124/><V21/><F79/><W34/><G34/><T93/><D0/><U17/><E69/><V25/><F101/><W122/><G122/><T48/><D104/><U75/><E75/><V45/><F90/><W6/><G132/><T78/><D78/><U127/><E37/><V10/><F10/><W123/><G123/><T86/><D102/><U2/><E2/><V133/><F133/><W117/><G117/><T126/><D39/><U103/><E127/><V19/><F53/><W88/><G100/><T70/><D70/><U52/><REACH who="1" step="1"/><E58/><REACH who="1" ten="250,201,245,294" step="2"/><V120/><F120/><W76/><G38/><T118/><D126/><U96/><E96/><V108/><F108/><W84/><G71/><T57/><D57/><U49/><E49/><V18/><F45/><W111/><G44/><T74/><D74/><U29/><E29/><V12/><REACH who="2" step="1"/><F19/><REACH who="2" ten="250,201,235,294" step="2"/><W82/><G111/><T106/><D46/><U107/><E107/><V8/><F8/><W77/><G77/><T32/><D47/><U89/><E89/><V66/><F66/><W16/><G76/><T131/><D106/><U15/><AGARI ba="1,2" hai="11,15,17,40,41,43,52,54,55,92,99,103,128,129" machi="15" ten="40,8000,1" yaku="1,1,0,1,52,1,54,1,53,0" doraHai="13" doraHaiUra="113" who="1" fromWho="1" sc="250,-21,201,103,235,-41,294,-21" /><INIT seed="3,0,0,2,2,106" ten="229,304,194,273" oya="3" hai0="57,61,88,68,79,52,64,124,69,24,5,12,123" hai1="30,55,3,113,72,47,11,125,129,112,56,65,17" hai2="100,14,107,98,119,108,48,41,133,104,110,97,15" hai3="59,49,96,70,29,86,84,27,21,63,101,66,91"/><W132/><G132/><T28/><D123/><U39/><E129/><V53/><F133/><W8/><G8/><T121/><D121/><U16/><E125/><V130/><F41/><W46/><G91/><T58/><D124/><U54/><E30/><V83/><F130/><W134/><G134/><T135/><D135/><U85/><E65/><V117/><F83/><W75/><G75/><T1/><D1/><U0/><E72/><V45/><F14/><W93/><G70/><T50/><D79/><U116/><E85/><V10/><F98/><W77/><G77/><T102/><D102/><U22/><E22/><V37/><F107/><W51/><G51/><T118/><D118/><U114/><E116/><V74/><F37/><W34/><G34/><T80/><D5/><U4/><E3/><V128/><F74/><W109/><G109/><N who="2" m="42089" /><F128/><W73/><REACH who="3" step="1"/><G73/><REACH who="3" ten="229,304,194,263" step="2"/><T6/><D68/><U36/><E39/><V33/><F33/><W92/><G92/><T103/><D69/><U18/><E36/><V82/><F82/><W13/><G13/><T19/><D80/><U111/><E111/><V105/><F104/><W26/><G26/><T31/><D88/><U42/><E113/><V44/><F119/><W35/><G35/><T81/><D81/><U122/><E114/><V76/><F117/><W78/><G78/><T23/><D103/><U43/><E112/><V99/><F76/><W38/><G38/><T90/><D90/><U32/><E32/><V40/><F100/><W115/><G115/><T67/><D12/><U131/><E11/><V7/><F105/><W20/><G20/><RYUUKYOKU ba="0,1" sc="229,-15,304,-15,194,15,263,15" hai2="7,10,15,40,44,45,48,53,97,99" hai3="21,27,29,46,49,59,63,66,84,86,93,96,101" /><INIT seed="3,1,1,0,3,55" ten="214,289,209,278" oya="3" hai0="73,43,6,81,33,30,54,103,117,116,87,66,35" hai1="72,84,64,129,46,3,70,62,16,37,89,104,100" hai2="23,114,34,28,121,49,10,29,91,102,58,109,123" hai3="98,127,63,26,130,60,111,113,47,120,5,68,51"/><W25/><G113/><T93/><D73/><U85/><E72/><V21/><F114/><W115/><G120/><N who="2" m="46153" /><F102/><W41/><G115/><T14/><D66/><U38/><E3/><V9/><F91/><W18/><G130/><T105/><D105/><U80/><E129/><V50/><F34/><W20/><G127/><T71/><D71/><U75/><E75/><V76/><F76/><W65/><G111/><T2/><D2/><U59/><E46/><V97/><F97/><W44/><G5/><T134/><D43/><U86/><E100/><V88/><F88/><W95/><G60/><T32/><D30/><N who="2" m="11882" /><F109/><W125/><G125/><T57/><D134/><U24/><E104/><V112/><F112/><W135/><G135/><T36/><D36/><U108/><E108/><V7/><F58/><W124/><G124/><T67/><D93/><U53/><E37/><V119/><F119/><W132/><G132/><T69/><D103/><U22/><REACH who="1" step="1"/><E38/><REACH who="1" ten="214,279,209,278" step="2"/><V126/><F126/><W45/><G26/><T94/><D116/><U128/><E128/><V27/><F27/><W1/><G1/><T13/><D117/><U17/><E17/><V15/><F9/><W77/><G77/><T4/><D4/><U99/><E99/><V42/><F42/><W78/><G78/><T131/><D6/><U79/><E79/><V56/><F7/><W82/><G45/><T8/><D8/><U48/><AGARI ba="1,2" hai="16,22,24,48,53,59,62,64,70,80,84,85,86,89" machi="48" ten="20,8000,1" yaku="1,1,0,1,7,1,52,1,54,1,53,0" doraHai="55" doraHaiUra="122" who="1" fromWho="1" sc="214,-21,279,103,209,-21,278,-41" /><INIT seed="4,0,0,0,3,38" ten="193,382,188,237" oya="0" hai0="104,24,50,45,116,43,30,2,39,130,56,48,41" hai1="18,37,124,1,99,89,109,101,64,108,69,36,13" hai2="12,78,63,77,71,14,111,87,131,117,119,20,34" hai3="35,25,94,62,132,61,90,44,75,0,112,98,23"/><T51/><D116/><N who="2" m="44618" /><F34/><W70/><G75/><T67/><D104/><U126/><E1/><V31/><F111/><W110/><G110/><T134/><D2/><U47/><E108/><V68/><F131/><W58/><G35/><T135/><D24/><U15/><E109/><V73/><F73/><W26/><G0/><T129/><D30/><U113/><E89/><V42/><F12/><W85/><G112/><T114/><D114/><U8/><E113/><V81/><F78/><W91/><G70/><N who="2" m="26665" /><F63/><W29/><G132/><N who="0" m="50731" /><D41/><U46/><E69/><V10/><F20/><W105/><G26/><T96/><D96/><U6/><E64/><V106/><F106/><W40/><G105/><T53/><D67/><U21/><E99/><V57/><F57/><W55/><G62/><AGARI ba="0,0" hai="39,43,45,48,50,51,53,56,62,129,130" m="50731" machi="62" ten="30,11600,0" yaku="20,1,34,2,52,1" doraHai="38" who="0" fromWho="3" sc="193,116,382,0,188,0,237,-116" /><INIT seed="4,1,0,5,5,96" ten="309,382,188,121" oya="0" hai0="121,98,31,131,129,37,19,12,46,17,135,3,1" hai1="99,106,92,75,114,14,77,49,41,76,15,56,9" hai2="39,119,7,30,88,42,84,111,35,54,44,55,116" hai3="87,65,128,115,29,91,22,61,93,133,6,123,28"/><T72/><D121/><U105/><E15/><V33/><F111/><W85/><G115/><T11/><D72/><U26/><E114/><V113/><F113/><W112/><G128/><N who="0" m="49227" /><D37/><U86/><E75/><V82/><F7/><W100/><G133/><T48/><D135/><U0/><E0/><N who="0" m="73" /><D31/><U101/><E26/><V117/><REACH who="2" step="1"/><F30/><REACH who="2" ten="309,382,178,121" step="2"/><W27/><G6/><N who="0" m="3191" /><D98/><U21/><E99/><V110/><F110/><W104/><G112/><T83/><D83/><U130/><E130/><V38/><F38/><W4/><G4/><T94/><D94/><U10/><E92/><V20/><F20/><W36/><G36/><T66/><D66/><U2/><E21/><V122/><F122/><W107/><G29/><T25/><D25/><U52/><E2/><V80/><F80/><W13/><G123/><T67/><D67/><U78/><E106/><V32/><AGARI ba="1,1" hai="32,33,35,39,42,44,54,55,82,84,88,116,117,119" machi="32" ten="40,8000,1" yaku="1,1,0,1,12,1,54,1,53,0" doraHai="96" doraHaiUra="24" who="2" fromWho="2" sc="309,-41,382,-21,178,93,121,-21" /><INIT seed="5,0,0,1,1,105" ten="268,361,271,100" oya="1" hai0="135,1,35,42,39,89,12,65,36,118,88,127,75" hai1="101,0,74,7,90,40,23,86,43,15,130,92,112" hai2="49,83,82,76,8,132,123,4,126,94,108,117,14" hai3="59,20,125,47,46,63,133,11,61,9,44,84,69"/><U19/><E112/><V91/><F117/><W2/><G2/><T122/><D118/><U68/><E68/><V100/><F123/><W77/><G125/><T110/><D110/><U53/><E130/><V99/><F126/><W93/><G133/><T115/><D1/><U72/><E53/><V18/><F132/><W51/><G69/><T13/><D35/><U106/><E106/><V32/><F32/><W27/><G51/><T134/><D65/><U6/><E101/><V71/><F71/><W22/><G22/><T64/><D64/><U21/><E21/><V121/><F121/><W102/><G77/><T60/><D60/><U48/><E48/><V41/><F108/><W50/><G50/><T98/><D98/><U26/><E0/><V87/><F83/><W17/><G63/><T113/><D127/><U25/><E25/><V37/><F37/><W79/><G79/><T85/><D85/><U109/><E109/><V129/><F129/><W95/><G95/><T62/><D62/><U81/><E81/><V54/><F41/><W78/><G78/><T5/><D122/><U104/><E104/><V70/><F70/><W10/><G102/><T28/><D5/><U96/><E96/><V128/><F128/><W120/><G120/><T66/><D66/><U57/><E57/><V52/><F49/><W30/><G30/><T45/><D28/><U24/><E7/><V29/><F29/><W131/><G131/><T80/><D80/><U107/><E107/><N who="2" m="63903" /><F4/><W31/><G31/><T33/><D135/><U111/><E6/><V38/><F38/><W58/><G61/><RYUUKYOKU ba="0,0" sc="268,-15,361,-15,271,15,100,15" hai2="8,14,18,52,54,76,82,87,91,94" hai3="9,10,11,17,20,27,44,46,47,58,59,84,93" /><INIT seed="6,1,0,3,0,70" ten="253,346,286,115" oya="2" hai0="2,56,57,33,1,127,99,50,96,122,15,11,59" hai1="101,24,30,110,43,116,62,14,126,109,63,85,22" hai2="120,76,0,51,77,67,102,20,44,54,19,52,98" hai3="84,64,97,31,25,60,17,12,55,36,46,5,53"/><V74/><F120/><W16/><G5/><T8/><D122/><U124/><E116/><V111/><F0/><W128/><G128/><T3/><D33/><U27/><E101/><V41/><F111/><W80/><G97/><T7/><D127/><N who="1" m="48683" /><E14/><V119/><F119/><W89/><G55/><T45/><REACH who="0" step="1"/><D8/><REACH who="0" ten="243,346,286,115" step="2"/><U72/><E109/><V115/><F115/><W73/><G73/><T135/><D135/><U92/><E72/><V10/><F10/><W78/><G78/><T66/><D66/><U106/><E22/><V29/><F67/><W93/><G64/><T108/><D108/><U26/><E110/><V132/><F132/><W81/><G60/><T95/><D95/><U69/><E106/><V13/><F76/><W58/><G93/><T32/><D32/><U65/><E92/><N who="2" m="58695" /><F74/><W71/><G71/><T75/><D75/><U40/><E69/><V104/><F104/><W79/><G79/><T123/><D123/><U68/><E68/><V86/><F29/><W6/><G80/><AGARI ba="1,1" hai="13,19,20,41,44,51,52,54,77,80,86" m="58695" machi="80" ten="30,2900,0" yaku="8,1,54,1" doraHai="70" who="2" fromWho="3" sc="243,0,346,0,286,42,115,-32" /><INIT seed="6,2,0,5,4,106" ten="243,346,328,83" oya="2" hai0="20,123,8,124,74,2,16,128,48,37,120,33,135" hai1="92,87,130,99,72,104,94,40,14,85,45,6,65" hai2="25,112,5,111,101,52,57,1,80,108,3,35,86" hai3="15,26,96,125,24,19,42,17,21,116,31,98,109"/><V102/><F112/><W115/><G116/><T132/><D37/><U10/><E104/><V51/><F35/><W18/><G42/><T49/><D49/><U67/><E72/><V121/><F121/><N who="0" m="46666" /><D48/><U77/><E130/><V23/><F102/><W127/><G109/><N who="2" m="42057" /><F101/><W81/><G115/><T107/><D107/><U78/><E87/><V103/><F103/><W73/><G26/><N who="0" m="14599" /><D74/><U47/><E40/><V66/><F5/><W55/><G55/><T75/><D75/><U11/><E99/><V97/><F66/><W88/><G96/><T43/><D43/><U76/><E85/><V83/><F97/><W105/><G105/><T29/><D128/><U131/><E131/><V63/><F51/><W13/><G13/><T61/><D61/><U117/><E14/><V60/><F60/><W68/><G68/><T22/><D33/><U93/><E117/><V39/><F39/><W46/><G46/><N who="1" m="17418" /><E6/><V70/><F70/><W133/><G98/><T90/><D90/><U44/><N who="1" m="17426" /><U110/><DORA hai="7" /><E110/><V91/><F83/><W34/><G34/><T122/><D122/><U95/><E95/><V9/><F80/><W118/><G118/><T69/><D69/><U36/><E36/><V30/><F86/><W84/><G73/><T12/><D2/><N who="2" m="522" /><F91/><W71/><G71/><T53/><D53/><U32/><E32/><V4/><F4/><W64/><G64/><AGARI ba="2,0" hai="10,11,64,65,67,76,77,78,92,93,94" m="17426" machi="64" ten="40,8000,1" yaku="28,2,8,1,52,2" doraHai="106,7" who="1" fromWho="3" sc="243,0,346,86,328,0,83,-86" owari="243,-15.7,432,53.2,328,12.8,-3,-50.3" /></mjloggm>