<mjloggm ver="2.3"><GO type="169" lobby="0"/><UN n0="%E3%83%A2%E3%83%AD%E3%83%98%E3%82%A4%E3%83%A4" n1="%E5%90%89%E7%A5%A5%E5%AF%BA%4B%47" n2="%E8%A6%9A%E9%86%92%E3%81%97%E3%81%9F%E3%81%A8%E3%81%BE%E3%81%A8" n3="%E5%A4%A9%E6%89%8D%E9%BA%BB%E5%B0%86%E6%9D%8F%E6%9D%8F" dan="16,16,17,16" rate="2195.13,2132.17,2242.44,2154.80" sx="M,F,M,F"/><TAIKYOKU oya="0"/><INIT seed="0,0,0,1,1,79" ten="250,250,250,250" oya="0" hai0="78,63,43,125,86,87,24,89,36,105,101,56,3" hai1="107,114,135,85,12,77,7,59,2,128,96,98,100" hai2="14,66,34,8,42,70,73,134,131,126,5,9,17" hai3="122,45,22,99,33,27,37,41,130,72,51,112,115"/><T123/><D3/><U31/><E2/><V74/><F126/><W91/><G130/><T39/><D123/><U20/><E128/><V81/><F131/><W84/><G122/><T18/><D125/><U104/><E135/><V46/><F34/><W92/><G72/><T47/><D36/><U11/><E114/><V119/><F134/><W16/><G33/><T13/><D24/><U127/><E127/><V6/><F119/><W68/><G68/><T50/><D39/><U52/><E20/><V25/><F6/><W67/><G67/><T30/><D30/><U57/><E31/><V116/><F116/><W1/><G1/><T133/><D133/><U110/><E110/><V111/><F111/><W94/><REACH who="3" step="1"/><G37/><REACH who="3" ten="250,250,250,240" step="2"/><T108/><D108/><U10/><E107/><V129/><F66/><W65/><G65/><T38/><D38/><U132/><E104/><V88/><F70/><W69/><G69/><T83/><D105/><U23/><E132/><V76/><F129/><W64/><G64/><N who="0" m="39015" /><D101/><AGARI ba="0,1" hai="16,22,27,41,45,51,84,91,92,94,99,101,112,115" machi="101" ten="30,3900,0" yaku="1,1,7,1,54,1,53,0" doraHai="79" doraHaiUra="62" who="3" fromWho="0" sc="250,-39,250,0,250,0,240,49" /><INIT seed="1,0,0,2,2,125" ten="211,250,250,289" oya="1" hai0="126,55,104,114,117,34,5,19,14,132,6,128,9" hai1="99,111,23,38,61,12,95,121,79,98,118,116,42" hai2="53,124,101,2,26,64,62,7,119,65,21,48,35" hai3="134,32,29,36,24,66,74,67,109,22,11,8,72"/><U110/><E121/><V49/><F124/><W57/><G36/><T40/><D104/><U52/><E79/><V71/><F35/><W33/><G109/><N who="1" m="41482" /><E38/><V43/><F119/><N who="1" m="45609" /><E42/><V131/><F65/><W73/><G134/><T16/><D40/><U127/><E127/><V96/><F43/><W59/><G22/><T89/><D34/><N who="3" m="13417" /><G24/><T107/><D107/><U37/><E37/><V30/><F53/><W77/><G29/><T68/><D68/><U45/><E95/><V75/><F75/><W13/><G13/><T20/><D126/><U100/><E100/><V84/><F84/><W3/><G3/><T108/><D108/><U76/><E76/><V17/><F2/><W63/><G63/><T120/><D120/><U106/><E106/><V50/><F7/><W97/><G97/><N who="1" m="36874" /><E61/><V0/><F0/><W80/><G77/><T1/><D117/><U70/><E70/><V113/><F71/><W88/><G80/><T103/><D103/><U47/><E52/><V15/><F101/><W91/><G66/><T18/><D55/><U58/><E58/><N who="3" m="22026" /><G67/><T135/><D89/><AGARI ba="0,0" hai="8,11,72,73,74,88,89,91" m="22026,13417" machi="89" ten="40,5200,0" yaku="28,2,54,1" doraHai="125" who="3" fromWho="0" sc="211,-52,250,0,250,0,289,52" /><INIT seed="2,0,0,2,1,61" ten="159,250,250,341" oya="2" hai0="59,64,10,133,102,118,52,42,19,9,74,54,32" hai1="122,109,125,86,66,107,3,77,126,110,75,113,98" hai2="53,130,91,121,47,81,36,79,11,116,95,37,60" hai3="27,90,0,124,84,97,1,46,51,78,45,67,17"/><V101/><F116/><W23/><G124/><N who="1" m="47722" /><E3/><V35/><F121/><W76/><G0/><T82/><D32/><U49/><E49/><V22/><F130/><W85/><G1/><T48/><D118/><U13/><E13/><V65/><F35/><W93/><G67/><T4/><D133/><U34/><E34/><V71/><F101/><W92/><G46/><T44/><D102/><N who="1" m="62935" /><E122/><V12/><F22/><W20/><G20/><T112/><D112/><U56/><E56/><V14/><F53/><W83/><G78/><T115/><D115/><U26/><E26/><V57/><F71/><W100/><G45/><T21/><D4/><U117/><E113/><V28/><F28/><W120/><G120/><T69/><D74/><U73/><E66/><V38/><F47/><W7/><G51/><T15/><D82/><N who="1" m="47439" /><E117/><V129/><F129/><W55/><G55/><N who="0" m="21035" /><D69/><U135/><E135/><V123/><F123/><W5/><AGARI ba="0,0" hai="5,7,17,23,27,76,83,84,85,90,92,93,97,100" machi="5" ten="30,2000,0" yaku="0,1,8,1" doraHai="61" who="3" fromWho="3" sc="159,-5,250,-5,250,-10,341,20" /><INIT seed="3,0,0,2,5,62" ten="154,245,240,361" oya="3" hai0="72,16,84,52,4,34,38,86,96,100,25,18,117" hai1="39,60,130,106,101,9,6,127,69,47,41,87,26" hai2="51,112,12,68,89,45,102,35,126,54,132,98,78" hai3="113,59,21,121,88,15,94,93,103,92,19,17,46"/><W71/><G71/><T75/><D38/><U133/><E133/><V99/><F112/><W110/><G113/><T125/><D117/><U119/><E119/><V67/><F132/><W65/><G121/><T30/><D4/><U107/><E127/><V10/><F35/><W135/><G103/><T53/><D125/><U2/><E130/><V7/><F126/><W109/><G135/><T40/><D40/><U14/><E14/><V77/><F89/><W81/><G46/><T66/><D66/><N who="1" m="41159" /><E87/><V131/><F131/><W85/><G59/><T97/><D84/><U56/><E56/><V123/><F123/><W49/><G49/><T29/><D29/><U105/><E26/><V50/><F67/><W58/><G58/><T80/><D75/><U111/><E101/><V70/><F68/><W55/><G55/><T44/><D72/><U36/><E36/><V5/><F70/><W76/><G65/><T90/><D96/><U13/><E13/><V33/><F33/><W1/><G1/><T61/><D61/><U8/><E8/><V114/><F114/><W28/><G28/><T32/><D32/><U82/><E82/><V91/><F7/><W116/><G116/><T37/><D37/><U134/><E134/><V118/><F118/><W48/><G48/><T31/><D31/><U122/><E122/><V64/><F64/><W120/><G120/><T128/><D128/><U23/><E23/><V43/><F91/><W79/><REACH who="3" step="1"/><G19/><REACH who="3" ten="154,245,240,351" step="2"/><N who="0" m="7211" /><D44/><U129/><E129/><V108/><F102/><W115/><G115/><T57/><D57/><U124/><E124/><V74/><F45/><RYUUKYOKU ba="0,1" sc="154,10,245,10,240,-30,351,10" hai0="25,30,34,52,53,80,86,90,97,100" hai1="2,6,9,39,41,47,105,106,107,111" hai3="15,17,21,76,79,81,85,88,92,93,94,109,110" /><INIT seed="3,1,1,0,5,69" ten="164,255,210,361" oya="3" hai0="112,97,132,21,16,90,26,60,91,94,111,37,8" hai1="22,7,14,23,74,76,5,0,17,63,47,88,114" hai2="44,79,1,39,71,40,116,131,13,29,10,57,51" hai3="96,73,70,46,18,77,12,133,25,102,72,95,35"/><W125/><G70/><T66/><D111/><U32/><E114/><V121/><F116/><W126/><G133/><T41/><D132/><U34/><E76/><V75/><F131/><W58/><G58/><T36/><D41/><U122/><E88/><V98/><F71/><W117/><G117/><T118/><D118/><U52/><E52/><V27/><F121/><W67/><G67/><T100/><D112/><U82/><E82/><V65/><F1/><W83/><G73/><T78/><D78/><U119/><E63/><V20/><F98/><W9/><REACH who="3" step="1"/><G46/><REACH who="3" ten="164,255,210,351" step="2"/><T127/><D127/><U80/><E47/><V15/><F75/><W19/><G19/><T81/><D8/><U123/><E17/><V28/><F65/><W110/><G110/><T2/><D2/><U53/><E74/><V50/><F57/><W93/><G93/><T89/><REACH who="0" step="1"/><D81/><REACH who="0" ten="154,255,210,351" step="2"/><U30/><E80/><V31/><F10/><W4/><G4/><T86/><D86/><U43/><E5/><V128/><F128/><W3/><G3/><T62/><D62/><U124/><E7/><V45/><F40/><W103/><G103/><T104/><D104/><U56/><E0/><V33/><F45/><W109/><G109/><T134/><D134/><U105/><E43/><V6/><F44/><W59/><G59/><AGARI ba="1,3" hai="16,21,26,36,37,59,60,66,89,90,91,94,97,100" machi="59" ten="40,8000,1" yaku="1,1,52,2,54,1,53,0" doraHai="69" doraHaiUra="49" who="0" fromWho="3" sc="154,113,255,0,210,0,351,-83" /><INIT seed="4,0,0,3,1,130" ten="267,255,210,268" oya="0" hai0="72,52,4,42,91,77,70,113,21,85,124,103,127" hai1="79,94,17,100,0,47,71,88,109,51,24,90,119" hai2="9,118,120,7,1,86,129,10,54,112,66,67,133" hai3="84,128,106,36,13,2,43,126,28,56,31,93,41"/><T98/><D70/><U135/><E119/><V5/><F129/><W61/><G2/><T110/><D42/><N who="3" m="15881" /><G106/><T87/><D4/><U37/><E37/><V76/><F118/><W3/><G3/><T115/><D21/><U16/><E0/><V125/><F120/><W12/><G126/><N who="0" m="48171" /><D52/><N who="1" m="29823" /><E135/><V25/><F125/><W58/><G36/><T80/><D110/><U95/><E71/><V92/><F112/><N who="0" m="43082" /><D91/><N who="1" m="34859" /><E109/><V35/><F133/><W60/><G84/><T6/><D6/><U30/><E79/><V15/><F76/><W121/><G93/><AGARI ba="0,0" hai="72,77,80,85,87,93,98,103" m="43082,48171" machi="93" ten="30,11600,0" yaku="18,1,15,1,34,2" doraHai="130" who="0" fromWho="3" sc="267,116,255,0,210,0,268,-116" /><INIT seed="4,1,0,0,5,96" ten="383,255,210,152" oya="0" hai0="33,81,61,99,115,42,70,92,31,66,44,34,27" hai1="89,69,109,21,133,117,12,68,76,90,102,79,65" hai2="17,20,95,2,120,7,46,62,59,22,112,71,84" hai3="98,121,23,54,10,78,74,53,104,135,48,110,13"/><T39/><D81/><U119/><E12/><V5/><F112/><W0/><G110/><T9/><D9/><U113/><E21/><V8/><F71/><W35/><G135/><T93/><D115/><U24/><E24/><V101/><F120/><W118/><G118/><T18/><D18/><U97/><E65/><V88/><F5/><W38/><G38/><T82/><D82/><U122/><E113/><V37/><F101/><W103/><G35/><T114/><D114/><U52/><E52/><V64/><REACH who="2" step="1"/><F17/><REACH who="2" ten="383,255,200,152" step="2"/><W29/><G121/><T94/><REACH who="0" step="1"/><D33/><REACH who="0" ten="373,255,200,152" step="2"/><U30/><E122/><V111/><F111/><W26/><G0/><T131/><D131/><U15/><E109/><V129/><F129/><W73/><G29/><T86/><D86/><U87/><E87/><V63/><F63/><W28/><G74/><T47/><D47/><U36/><E119/><V4/><F4/><W105/><G73/><T41/><D41/><AGARI ba="1,2" hai="2,7,8,20,22,37,41,46,59,62,64,84,88,95" machi="41" ten="40,5200,0" yaku="1,1,54,1,53,1" doraHai="96" doraHaiUra="80" who="2" fromWho="0" sc="373,-55,255,0,200,75,152,0" /><INIT seed="5,0,0,2,1,47" ten="318,255,275,152" oya="1" hai0="58,43,96,32,115,81,108,46,98,111,48,29,41" hai1="127,65,44,17,78,87,35,24,57,16,89,27,39" hai2="60,4,133,91,53,64,102,83,67,12,79,114,10" hai3="31,55,75,103,33,36,106,88,30,26,128,11,99"/><U130/><E130/><V7/><F133/><W22/><G128/><T77/><D115/><U112/><E112/><V109/><F114/><W2/><G75/><T3/><D3/><U72/><E127/><V21/><F109/><W13/><G36/><T68/><D68/><U56/><E78/><V25/><F91/><W105/><G2/><T40/><D58/><U131/><E72/><V104/><F102/><W18/><G55/><T76/><D29/><U15/><E131/><V82/><F104/><W73/><G73/><T28/><D28/><U38/><E35/><V34/><F34/><W20/><G106/><T62/><D62/><U51/><E65/><V132/><F132/><W110/><G110/><T63/><D63/><U37/><E57/><N who="2" m="34863" /><F4/><W50/><G31/><T121/><D121/><U6/><E56/><V42/><F42/><W95/><REACH who="3" step="1"/><G50/><REACH who="3" ten="318,255,275,142" step="2"/><T19/><D48/><U8/><E38/><V97/><F67/><W120/><G120/><T100/><D43/><N who="1" m="24991" /><E39/><V69/><F64/><W116/><G116/><T117/><D41/><U85/><E37/><V66/><F66/><W59/><G59/><T93/><D40/><U90/><E27/><V9/><F69/><W80/><G80/><T74/><D81/><N who="1" m="49327" /><E24/><V1/><F25/><W118/><G118/><T119/><D74/><U61/><E61/><V123/><F1/><W126/><G126/><T134/><D119/><U52/><E52/><V54/><F123/><W94/><G94/><AGARI ba="0,1" hai="6,8,15,16,17,87,90,94" m="49327,24991" machi="94" ten="30,5800,0" yaku="8,1,52,1,54,1" doraHai="47" who="1" fromWho="3" sc="318,0,255,68,275,0,142,-58" /><INIT seed="5,1,0,4,5,36" ten="318,323,275,84" oya="1" hai0="60,92,127,115,128,129,122,78,91,57,2,52,23" hai1="26,0,38,59,96,77,25,48,133,102,109,99,82" hai2="40,126,93,132,108,5,125,67,34,35,88,118,62" hai3="61,111,16,79,65,43,19,89,6,24,37,69,46"/><U110/><E38/><V21/><F118/><W20/><G111/><N who="1" m="42506" /><E0/><V87/><F108/><W22/><G79/><T49/><D2/><U13/><E133/><V29/><F132/><W32/><G32/><T9/><D9/><U63/><E13/><V30/><F5/><W114/><G114/><T117/><D117/><U119/><E48/><V135/><F135/><W14/><G89/><T131/><D115/><U104/><E99/><V84/><F84/><W81/><G81/><T8/><D8/><U7/><E7/><V94/><F93/><W103/><G6/><T42/><D127/><N who="2" m="48650" /><F40/><W1/><G1/><T17/><D78/><U4/><E4/><V41/><F41/><W28/><REACH who="3" step="1"/><G103/><REACH who="3" ten="318,323,275,74" step="2"/><T86/><D122/><U58/><E119/><V105/><F35/><W76/><G76/><T130/><D130/><U10/><E82/><V121/><F34/><W101/><G101/><T39/><D91/><U106/><E77/><V12/><F121/><W116/><G116/><T31/><D131/><U74/><E102/><V134/><F134/><W33/><G33/><T72/><D129/><U47/><E74/><V3/><F3/><W107/><G107/><T100/><D100/><U85/><E106/><V64/><F105/><W45/><G45/><T18/><D72/><U66/><E47/><V112/><F112/><W120/><G120/><T27/><D128/><U68/><E104/><V50/><F88/><W83/><G83/><T56/><D92/><U54/><E85/><V15/><F87/><W44/><G44/><N who="0" m="23647" /><D86/><U11/><E96/><V98/><F98/><W95/><G95/><RYUUKYOKU ba="1,1" sc="318,15,323,-15,275,-15,74,15" hai0="17,18,23,27,31,49,52,56,57,60" hai3="14,16,19,20,22,24,28,37,43,46,61,65,69" /><INIT seed="6,2,1,3,0,39" ten="333,308,260,89" oya="2" hai0="60,109,119,71,135,94,59,102,81,108,69,131,116" hai1="1,24,134,120,43,8,35,49,63,68,80,96,110" hai2="112,75,54,15,118,10,77,98,30,126,6,90,82" hai3="129,101,45,7,99,44,86,61,100,106,40,64,36"/><V107/><F112/><W83/><G129/><T58/><D81/><U53/><E110/><N who="0" m="42601" /><D94/><U50/><E134/><V38/><F126/><W9/><G101/><T117/><D102/><U115/><E115/><V125/><F125/><W127/><G127/><T11/><D135/><U18/><E120/><V16/><F118/><W41/><G61/><T19/><D131/><U32/><E50/><V22/><F38/><W130/><G130/><T20/><D11/><U92/><E80/><V34/><F107/><W122/><G64/><N who="0" m="38943" /><D58/><U23/><E63/><V42/><F42/><W73/><G122/><T33/><D33/><U72/><E68/><V113/><F113/><W14/><G73/><T128/><D128/><U70/><E43/><V57/><F34/><W85/><REACH who="3" step="1"/><G83/><REACH who="3" ten="333,308,260,79" step="2"/><T5/><D5/><U76/><E72/><V0/><F0/><W78/><G78/><T103/><D103/><U27/><E76/><V89/><F30/><W88/><G88/><T2/><D2/><U46/><E70/><V3/><REACH who="2" step="1"/><F98/><REACH who="2" ten="333,308,250,79" step="2"/><W104/><G104/><T132/><D132/><U97/><E97/><V25/><F25/><AGARI ba="2,3" hai="19,20,25,69,71,116,117,119" m="38943,42601" machi="25" ten="40,1300,0" yaku="12,1" doraHai="39" who="0" fromWho="2" sc="333,49,308,0,250,-19,79,0" /><INIT seed="7,0,0,3,0,118" ten="382,308,231,79" oya="3" hai0="38,80,106,72,5,26,35,42,28,109,110,105,135" hai1="63,92,132,131,12,46,130,122,53,21,1,83,52" hai2="129,54,20,45,87,85,101,14,111,117,15,95,66" hai3="59,30,57,32,71,86,133,34,44,62,17,98,13"/><W43/><G133/><T18/><D18/><N who="1" m="10439" /><E1/><V55/><F117/><W114/><G114/><T120/><D5/><U108/><E108/><N who="0" m="41577" /><D120/><U75/><E132/><V125/><F129/><N who="1" m="49161" /><E92/><V115/><F125/><W116/><G116/><T102/><D102/><U16/><E63/><V99/><F111/><W56/><G30/><T9/><D9/><U29/><E29/><V93/><F66/><W100/><G86/><T11/><D11/><U77/><E16/><V74/><F74/><W90/><G90/><T67/><D67/><U82/><E82/><V6/><F115/><W68/><G34/><T124/><D124/><U119/><E119/><V25/><F6/><W10/><G32/><T23/><D23/><U89/><E89/><V123/><F20/><W84/><G84/><T126/><D126/><U24/><E24/><V49/><F25/><W58/><N who="3" m="14336" /><DORA hai="4" /><W31/><G62/><T127/><D135/><U65/><E65/><V7/><F45/><W97/><G31/><T33/><D33/><U107/><E107/><V78/><F49/><W47/><G47/><N who="0" m="24023" /><D127/><U96/><E96/><V113/><F14/><W76/><G76/><AGARI ba="0,0" hai="26,28,35,72,76,80,105,106" m="24023,41577" machi="76" ten="30,1000,0" yaku="23,1" doraHai="118,4" who="0" fromWho="3" sc="382,10,308,0,231,0,79,-10" owari="392,49.2,308,10.8,231,-16.9,69,-43.1" /></mjloggm>