<mjloggm ver="2.3"><GO type="169" lobby="0"/><UN n0="%46%69%72%73%74" n1="%E3%81%BB%E3%83%BC%E3%82%8A%E3%83%BC" n2="%E7%8A%AC%E5%B1%B1" n3="%E3%83%8F%E5%B4%8E%E7%9C%9F%E6%82%9F" dan="16,17,16,17" rate="2062.19,2253.89,2064.77,2237.13" sx="M,M,M,M"/><TAIKYOKU oya="0"/><INIT seed="0,0,0,2,2,56" ten="250,250,250,250" oya="0" hai0="20,1,82,59,115,43,81,18,113,118,25,3,64" hai1="120,33,99,112,96,122,45,131,109,83,11,46,12" hai2="114,135,87,89,105,39,21,110,13,84,123,14,38" hai3="68,32,34,130,49,2,62,67,125,30,55,22,121"/><T80/><D118/><U108/><E33/><V23/><F123/><N who="1" m="47145" /><E12/><V35/><F35/><W78/><G121/><T4/><D43/><U26/><E11/><V85/><F114/><W0/><G125/><T19/><D19/><U10/><E26/><V76/><F105/><W5/><G78/><T119/><D119/><U50/><E10/><V36/><F110/><N who="1" m="42601" /><E83/><V15/><F135/><W51/><G51/><T128/><D128/><U40/><E96/><V86/><REACH who="2" step="1"/><F76/><REACH who="2" ten="250,250,240,250" step="2"/><W124/><G32/><T63/><REACH who="0" step="1"/><D4/><REACH who="0" ten="240,250,240,250" step="2"/><U102/><E131/><V127/><F127/><W44/><G124/><T116/><D116/><U94/><E112/><AGARI ba="0,2" hai="1,3,18,20,25,59,63,64,80,81,82,112,113,115" machi="112" ten="40,3900,0" yaku="1,1,52,1,53,0" doraHai="56" doraHaiUra="100" who="0" fromWho="1" sc="240,59,250,-39,240,0,250,0" /><INIT seed="0,1,0,3,5,22" ten="299,211,240,250" oya="0" hai0="50,24,128,107,65,61,10,90,0,45,41,135,121" hai1="122,66,103,70,49,21,99,37,102,85,15,68,86" hai2="63,105,101,30,29,4,19,27,87,8,55,89,51" hai3="100,115,73,20,109,110,88,131,36,52,127,91,71"/><T46/><D121/><U53/><E37/><V134/><F134/><W82/><G71/><T28/><D135/><U77/><E122/><V9/><F101/><W48/><G36/><T16/><D128/><U18/><E102/><V74/><F74/><W96/><G115/><T38/><D107/><U93/><E66/><V92/><F105/><W54/><G131/><T17/><D90/><U26/><E15/><N who="2" m="5511" /><F63/><W6/><G6/><T12/><D0/><U42/><E42/><V81/><F92/><N who="3" m="58375" /><G54/><T34/><D17/><U125/><E125/><V124/><F124/><W40/><G40/><T43/><D61/><U31/><E18/><V56/><F9/><W7/><G7/><T116/><REACH who="0" step="1"/><D65/><REACH who="0" ten="289,211,240,250" step="2"/><U64/><E64/><V79/><F89/><W132/><G91/><T97/><D97/><U69/><REACH who="1" step="1"/><E77/><REACH who="1" ten="289,201,240,250" step="2"/><V78/><F79/><W76/><G127/><T130/><D130/><U11/><E11/><V83/><F19/><W95/><G132/><T2/><D2/><U129/><E129/><V119/><F78/><W32/><G76/><T84/><D84/><U13/><E13/><V114/><F87/><W62/><G88/><T123/><D123/><U33/><E33/><V118/><F118/><AGARI ba="1,2" hai="10,12,16,24,28,34,38,41,43,45,46,50,116,118" machi="118" ten="40,7700,0" yaku="1,1,52,1,54,1,53,0" doraHai="22" doraHaiUra="98" who="0" fromWho="2" sc="289,100,201,0,240,-80,250,0" /><INIT seed="0,2,0,4,5,25" ten="389,201,160,250" oya="0" hai0="130,43,121,125,23,108,97,107,84,22,119,127,32" hai1="66,83,99,0,10,104,14,27,49,85,16,5,1" hai2="135,79,94,115,82,70,112,88,3,134,95,2,96" hai3="58,75,122,129,76,53,69,40,86,133,60,74,44"/><T47/><D119/><U45/><E66/><V55/><F70/><W59/><G69/><T12/><D121/><U28/><E99/><N who="2" m="57799" /><F55/><W29/><G122/><T18/><D130/><U111/><E104/><V48/><F48/><W21/><G133/><N who="2" m="50697" /><F3/><W110/><G110/><T52/><D108/><U73/><E73/><N who="2" m="43375" /><F2/><W7/><G7/><T80/><D32/><U71/><E71/><V116/><F116/><W19/><G58/><T77/><D23/><N who="1" m="15487" /><E111/><V24/><F24/><W102/><G44/><T78/><D78/><N who="1" m="46327" /><E16/><V117/><F117/><W114/><G19/><T64/><D64/><U68/><E68/><V46/><F46/><W26/><G76/><T8/><D22/><U54/><E0/><V81/><F81/><W72/><G21/><T30/><D43/><U41/><E1/><V123/><F123/><W113/><G40/><AGARI ba="2,0" hai="5,10,14,40,41,45,49,54" m="46327,15487" machi="40" ten="30,2000,0" yaku="8,1,52,1" doraHai="25" who="1" fromWho="3" sc="389,0,201,26,160,0,250,-26" /><INIT seed="1,0,0,5,0,53" ten="389,227,160,224" oya="1" hai0="56,33,57,8,83,122,127,82,42,25,86,99,97" hai1="46,117,93,91,112,36,59,44,1,125,49,77,19" hai2="102,81,71,118,10,85,27,62,29,126,75,68,43" hai3="63,107,100,120,90,0,45,15,47,94,78,87,98"/><U96/><E112/><V22/><F118/><W32/><G0/><T28/><D127/><U131/><E117/><V67/><F126/><W48/><G32/><T130/><D130/><U132/><E125/><V50/><F75/><W113/><G113/><T124/><D124/><U55/><E1/><V73/><F73/><W16/><G120/><T6/><D122/><U135/><E131/><V51/><F102/><W14/><G14/><T35/><D42/><U133/><E36/><V115/><F115/><W26/><G26/><T5/><D35/><U70/><E70/><V52/><F10/><W13/><G13/><T80/><D86/><U72/><REACH who="1" step="1"/><E19/><REACH who="1" ten="389,217,160,224" step="2"/><V69/><F43/><W76/><G63/><T58/><REACH who="0" step="1"/><D5/><REACH who="0" ten="379,217,160,224" step="2"/><U4/><E4/><V116/><F116/><W12/><G76/><T40/><D40/><U24/><E24/><V37/><F37/><W23/><G78/><T31/><D31/><U121/><E121/><V17/><F29/><W114/><G114/><T74/><D74/><U108/><E108/><V54/><F50/><W105/><G48/><T20/><D20/><U84/><E84/><V128/><F128/><W88/><G87/><T66/><D66/><U123/><E123/><V101/><F51/><W79/><G79/><T2/><AGARI ba="0,2" hai="2,6,8,25,28,33,56,57,58,80,82,83,97,99" machi="2" ten="30,8000,1" yaku="1,1,0,1,52,3,53,0" doraHai="53" doraHaiUra="134" who="0" fromWho="0" sc="379,100,217,-40,160,-20,224,-20" /><INIT seed="2,0,0,4,0,36" ten="479,177,140,204" oya="2" hai0="62,42,116,81,28,29,49,124,82,104,91,110,7" hai1="101,71,8,133,79,18,31,84,128,22,41,119,12" hai2="66,107,135,100,90,126,34,38,96,60,50,120,65" hai3="121,54,117,33,95,61,55,103,25,6,76,73,35"/><V77/><F120/><W80/><G117/><T47/><D110/><U48/><E71/><V20/><F34/><W129/><G121/><T43/><D124/><U134/><E101/><V130/><F38/><W106/><G106/><T97/><D116/><U30/><E119/><V15/><F126/><W122/><G122/><T85/><D7/><U11/><E128/><V16/><F135/><N who="1" m="51721" /><E84/><V9/><F130/><W4/><G129/><T10/><D10/><N who="1" m="3627" /><E79/><V115/><F115/><W5/><G61/><T40/><D62/><U118/><E118/><V111/><F111/><W64/><G64/><T3/><D3/><U94/><E94/><V112/><F112/><W102/><G25/><T67/><D67/><U93/><E93/><V21/><F77/><W109/><G109/><T32/><D82/><U57/><E57/><V52/><F90/><W0/><G0/><T63/><D63/><U27/><E27/><V78/><F78/><W113/><G113/><T125/><D125/><U98/><E98/><V68/><REACH who="2" step="1"/><F66/><REACH who="2" ten="479,177,130,204" step="2"/><W46/><G33/><T59/><D32/><U14/><E14/><V75/><F75/><W92/><G35/><T131/><D131/><U37/><E37/><V108/><F108/><W1/><G1/><T105/><D91/><U74/><E74/><V132/><F132/><W13/><G13/><T23/><D28/><U123/><E123/><V26/><F26/><W19/><G76/><T114/><D29/><U51/><E51/><V70/><F70/><W53/><G73/><T24/><D114/><U72/><E72/><V69/><F69/><W58/><G102/><RYUUKYOKU ba="0,1" sc="479,-15,177,15,130,15,204,-15" hai1="12,18,22,30,31,41,48" hai2="9,15,16,20,21,50,52,60,65,68,96,100,107" /><INIT seed="2,1,1,4,4,92" ten="464,192,145,189" oya="2" hai0="27,88,6,19,94,63,85,87,3,70,130,56,123" hai1="18,9,29,126,38,132,39,33,42,82,52,15,108" hai2="59,71,43,97,107,58,69,81,90,62,91,80,65" hai3="49,14,61,23,84,66,134,104,121,113,22,72,57"/><V7/><F43/><W28/><G72/><T55/><D123/><U89/><E108/><V51/><F7/><W34/><G121/><T10/><D130/><U119/><E119/><V76/><F81/><W20/><G134/><T118/><D118/><U129/><E33/><V114/><F114/><W83/><G104/><T8/><D70/><U2/><E29/><V60/><F51/><W96/><G113/><T98/><D10/><U45/><E2/><V75/><F90/><W4/><G34/><T135/><D135/><U124/><E129/><V99/><F107/><W41/><G28/><T101/><D101/><U78/><E132/><V128/><F128/><W12/><G4/><T127/><D127/><N who="1" m="48683" /><E89/><V37/><F37/><W54/><G96/><T112/><D112/><U50/><E42/><V102/><F102/><W25/><G25/><T47/><D47/><U46/><E45/><V122/><F122/><W95/><G95/><T26/><D26/><U44/><E46/><V35/><F35/><W116/><G41/><T133/><D133/><U110/><E110/><V30/><F30/><W120/><G116/><T21/><AGARI ba="1,1" hai="3,6,8,19,21,27,55,56,63,85,87,88,94,98" machi="21" ten="30,8000,1" yaku="0,1,25,2,52,1,54,1" doraHai="92" who="0" fromWho="0" sc="464,93,192,-21,145,-41,189,-21" /><INIT seed="3,0,0,0,5,64" ten="557,171,104,168" oya="3" hai0="90,117,23,7,15,46,82,103,30,111,95,0,110" hai1="33,61,2,124,132,87,59,6,78,85,97,104,96" hai2="76,94,71,36,106,44,50,27,40,93,113,101,58" hai3="17,4,116,31,98,12,133,1,55,37,77,109,21"/><W80/><G116/><T105/><D117/><U134/><E33/><V57/><F113/><W74/><G133/><N who="1" m="51306" /><E124/><V60/><F106/><W66/><G37/><T67/><D0/><U49/><E49/><V34/><F76/><W108/><G66/><T92/><D67/><U79/><E6/><V18/><F101/><W73/><G73/><T42/><D30/><U131/><E2/><V14/><F57/><W19/><G31/><T10/><D23/><U114/><E61/><V72/><F72/><W119/><G119/><T47/><D82/><U45/><E45/><V126/><F126/><W100/><G55/><T112/><D112/><U52/><E52/><V120/><F120/><W129/><G129/><T63/><D63/><U39/><E59/><V5/><F34/><W121/><G121/><T99/><D47/><U53/><E53/><N who="2" m="32055" /><F27/><W62/><G62/><T26/><D26/><U3/><E3/><V130/><F5/><W41/><G41/><T86/><REACH who="0" step="1"/><D105/><REACH who="0" ten="547,171,104,168" step="2"/><U125/><E104/><V13/><F130/><W9/><G1/><T84/><D84/><N who="1" m="32331" /><E114/><V51/><F13/><W70/><G12/><T107/><D107/><U91/><E131/><V115/><F115/><W135/><G135/><T83/><D83/><U122/><E125/><V29/><F29/><W127/><G80/><T32/><D32/><U102/><E122/><V54/><F14/><W48/><G127/><T38/><AGARI ba="0,1" hai="7,10,15,38,42,46,86,90,92,95,99,103,110,111" machi="38" ten="30,2000,0" yaku="1,1,0,1,53,0" doraHai="64" doraHaiUra="22" who="0" fromWho="0" sc="547,30,171,-5,104,-5,168,-10" /><INIT seed="4,0,0,5,3,40" ten="577,166,99,158" oya="0" hai0="30,89,53,120,61,87,58,44,45,90,65,22,128" hai1="69,131,8,60,2,37,9,24,112,27,74,97,19" hai2="71,41,88,101,110,31,34,23,6,57,75,106,114" hai3="32,129,95,86,91,51,113,64,73,80,132,93,99"/><T35/><D120/><U92/><E74/><V102/><F71/><W62/><G32/><T67/><D35/><U38/><E131/><V20/><F34/><W124/><G129/><T126/><D128/><U56/><E69/><V18/><F75/><W26/><G113/><T46/><D126/><U33/><E112/><V59/><F114/><W135/><G26/><N who="0" m="16727" /><D90/><U15/><E2/><V115/><F6/><W121/><G124/><T11/><D11/><U85/><E85/><V55/><F41/><W77/><G51/><T82/><AGARI ba="0,0" hai="44,45,46,53,58,61,65,67,82,87,89" m="16727" machi="82" ten="30,11700,0" yaku="8,1,52,3" doraHai="40" who="0" fromWho="0" sc="577,117,166,-39,99,-39,158,-39" /><INIT seed="4,1,0,4,5,75" ten="694,127,60,119" oya="0" hai0="43,71,119,13,29,3,69,34,60,16,121,102,59" hai1="2,65,24,38,109,93,108,81,94,9,72,122,125" hai2="85,129,133,61,135,8,123,100,37,74,54,12,113" hai3="19,73,14,112,66,68,116,57,7,115,51,78,49"/><T84/><D119/><U83/><E65/><V0/><F74/><W91/><G116/><T77/><D121/><U31/><E122/><V50/><F0/><W92/><G68/><T15/><D3/><U26/><E38/><V87/><F37/><W131/><G7/><T90/><D43/><U18/><E125/><V33/><F123/><W27/><G27/><T46/><D102/><U118/><E118/><V35/><F113/><N who="3" m="43595" /><G66/><T97/><D46/><U40/><E40/><V103/><F61/><W20/><G57/><T67/><D97/><U134/><E72/><V111/><F111/><W48/><G131/><T110/><D110/><U88/><E2/><V21/><F129/><W98/><G73/><T95/><D77/><AGARI ba="1,0" hai="14,19,20,48,49,51,77,78,91,92,98" m="43595" machi="77" ten="30,3900,0" yaku="15,1,52,2" doraHai="75" who="3" fromWho="0" sc="694,-42,127,0,60,0,119,42" /><INIT seed="5,0,0,4,2,100" ten="652,127,60,161" oya="1" hai0="126,37,2,14,41,72,16,71,79,34,18,121,45" hai1="113,82,29,124,135,4,58,133,83,68,40,74,123" hai2="63,27,102,99,85,5,81,67,104,110,122,56,84" hai3="17,105,50,97,46,6,107,78,53,55,21,13,52"/><U80/><E68/><V26/><F110/><W51/><G78/><T111/><D111/><U114/><E29/><V77/><F122/><W23/><G6/><T128/><D121/><U89/><E4/><V118/><F118/><W129/><G129/><T54/><D128/><U120/><E40/><V64/><F64/><W116/><G116/><T47/><D34/><U19/><E58/><V88/><REACH who="2" step="1"/><F5/><REACH who="2" ten="652,127,50,161" step="2"/><W115/><G115/><N who="1" m="44042" /><E120/><V98/><F98/><W28/><G97/><T48/><D2/><U57/><E123/><V12/><F12/><W3/><G3/><T49/><D126/><U108/><E108/><V95/><AGARI ba="0,1" hai="26,27,56,63,67,77,81,84,85,88,95,99,102,104" machi="95" ten="20,12000,2" yaku="1,1,0,1,7,1,52,1,54,1,53,1" doraHai="100" doraHaiUra="94" who="2" fromWho="2" sc="652,-30,127,-60,50,130,161,-30" /><INIT seed="6,0,0,0,3,93" ten="622,67,180,131" oya="2" hai0="6,97,133,78,114,29,34,63,55,49,84,91,56" hai1="51,16,103,66,90,5,9,12,0,13,70,71,41" hai2="32,118,31,47,106,62,74,100,37,10,94,20,27" hai3="99,17,1,3,112,127,85,135,104,95,123,73,115"/><V96/><F74/><W42/><G73/><T87/><D133/><U21/><E66/><V15/><F62/><W76/><G123/><T80/><D114/><N who="3" m="43561" /><G42/><T24/><D6/><U108/><E108/><V69/><F69/><W46/><G46/><T102/><D63/><U60/><E60/><V126/><F126/><W124/><G17/><T119/><D119/><U18/><E90/><V128/><F128/><W107/><G135/><T105/><REACH who="0" step="1"/><D87/><REACH who="0" ten="612,67,180,131" step="2"/><U48/><E103/><V121/><F100/><N who="3" m="60543" /><G3/><T11/><D11/><U2/><E2/><V4/><F10/><W125/><G1/><T45/><D45/><U68/><REACH who="1" step="1"/><E41/><REACH who="1" ten="612,57,180,131" step="2"/><V88/><F118/><W116/><G116/><T8/><D8/><AGARI ba="0,2" hai="0,5,8,9,12,13,16,18,21,48,51,68,70,71" machi="8" ten="40,5200,0" yaku="1,1,2,1,54,1,53,0" doraHai="93" doraHaiUra="22" who="1" fromWho="0" sc="612,-52,57,72,180,0,131,0" /><INIT seed="7,0,0,3,3,86" ten="560,129,180,131" oya="3" hai0="89,28,38,50,90,31,120,81,30,57,61,63,23" hai1="117,121,95,60,0,17,1,118,74,54,79,51,73" hai2="24,25,97,131,133,94,34,56,78,113,91,129,127" hai3="62,98,42,68,104,115,6,67,66,52,27,46,16"/><W80/><G115/><T11/><D120/><U40/><E121/><V103/><F127/><W44/><G6/><T71/><D38/><U82/><E74/><V112/><F78/><W114/><G114/><N who="2" m="44137" /><F34/><W110/><G110/><T18/><D71/><U41/><E60/><V12/><F56/><N who="3" m="35079" /><G104/><T20/><D50/><U21/><E95/><N who="2" m="58815" /><F12/><W2/><G2/><T84/><D90/><U128/><E128/><N who="2" m="49227" /><F133/><W77/><G68/><T75/><D75/><U9/><E0/><V64/><F64/><N who="3" m="24619" /><G98/><AGARI ba="0,0" hai="24,25,91,94,98" m="49227,58815,44137" machi="98" ten="30,3900,0" yaku="15,1,19,1,52,1" doraHai="86" who="2" fromWho="3" sc="560,0,129,0,180,39,131,-39" owari="560,66.0,129,-27.1,219,1.9,92,-40.8" /></mjloggm>