<mjloggm ver="2.3"><GO type="169" lobby="0"/><UN n0="%54%68%65%72%65%73%61%5F" n1="%E3%81%82%E3%81%84%E3%81%93%E3%81%99" n2="%50%73%79%63%68%65" n3="%E3%83%A8%E3%82%B3%E3%83%86%E3%82%A3%E3%83%B3%40" dan="16,16,17,16" rate="2072.14,2149.52,2140.16,2098.55" sx="M,M,M,M"/><TAIKYOKU oya="0"/><INIT seed="0,0,0,3,3,82" ten="250,250,250,250" oya="0" hai0="21,53,20,1,96,32,125,26,76,69,118,107,51" hai1="88,129,61,3,68,34,35,80,93,4,130,45,116" hai2="30,81,40,25,59,114,105,50,124,18,117,72,7" hai3="54,135,113,74,36,92,64,56,14,102,67,77,65"/><T43/><D118/><U131/><E116/><V5/><F117/><W41/><G113/><T55/><D69/><U29/><E45/><V70/><F70/><W97/><G135/><T100/><D1/><U0/><E80/><V31/><F105/><W49/><G74/><T87/><D125/><U39/><E39/><V83/><F114/><W85/><G14/><T52/><D43/><U121/><E121/><V110/><F110/><W128/><G128/><T119/><D119/><U108/><E108/><V123/><F123/><W94/><G36/><T112/><D112/><U16/><E16/><V132/><F132/><W44/><G77/><T127/><D127/><U89/><E89/><V103/><F103/><W38/><REACH who="3" step="1"/><G85/><REACH who="3" ten="250,250,250,240" step="2"/><T133/><D133/><U62/><E0/><V58/><F72/><W15/><G15/><T11/><D76/><U24/><E3/><V75/><F75/><W22/><G22/><T9/><D87/><N who="1" m="52383" /><E4/><V6/><F6/><W19/><G19/><T98/><D21/><N who="1" m="15503" /><E68/><V10/><F7/><W79/><G79/><T57/><D32/><AGARI ba="0,1" hai="32,34,35,61,62,129,130,131" m="15503,52383" machi="32" ten="40,5200,0" yaku="19,1,52,1,54,1" doraHai="82" who="1" fromWho="0" sc="250,-52,250,62,250,0,240,0" /><INIT seed="1,0,0,0,3,118" ten="198,312,250,240" oya="1" hai0="121,31,23,40,117,29,97,5,90,128,86,19,130" hai1="115,125,16,88,74,20,85,126,124,81,15,56,38" hai2="58,1,7,67,106,61,28,64,111,133,59,108,89" hai3="62,101,107,114,68,50,12,102,33,94,4,63,36"/><U41/><E115/><V42/><F106/><W10/><G114/><T113/><D113/><U73/><E56/><V55/><F28/><W91/><G36/><T82/><D117/><U13/><E15/><V60/><F89/><W57/><G33/><T44/><D5/><U120/><E120/><V129/><F7/><W100/><G107/><T103/><D128/><U78/><E78/><V11/><F11/><W46/><G68/><T96/><D130/><U135/><E135/><V0/><F129/><W14/><G14/><T45/><D45/><AGARI ba="0,0" hai="13,16,20,38,41,45,73,74,81,85,88,124,125,126" machi="45" ten="40,7700,0" yaku="18,1,54,2" doraHai="118" who="1" fromWho="0" sc="198,-77,312,77,250,0,240,0" /><INIT seed="1,1,0,2,5,8" ten="121,389,250,240" oya="1" hai0="71,35,3,70,19,90,25,51,31,112,5,18,108" hai1="81,26,87,118,104,29,103,60,76,80,58,15,32" hai2="28,65,128,56,47,116,13,133,86,98,105,102,107" hai3="6,54,130,10,0,59,55,62,106,120,4,45,83"/><U77/><E118/><V44/><F116/><W22/><G130/><T50/><D112/><U69/><E69/><V122/><F122/><W101/><G120/><T11/><D108/><U49/><E49/><V114/><F128/><W97/><G6/><T124/><D124/><U16/><E103/><V82/><F133/><W99/><G99/><T40/><D51/><U117/><E104/><V63/><F107/><W37/><G83/><T12/><D18/><U92/><E92/><V100/><F100/><W119/><G119/><T7/><D7/><U123/><E117/><V127/><F127/><W85/><G85/><T111/><D111/><U113/><E113/><V61/><F28/><W125/><G22/><T48/><D90/><U1/><E1/><V14/><F114/><W129/><G129/><T64/><D64/><U126/><E126/><V72/><F72/><W68/><G68/><T67/><D67/><U2/><E2/><V21/><F63/><W74/><G74/><T115/><D48/><U135/><E135/><V110/><F110/><W17/><G0/><T30/><D30/><U39/><E39/><V27/><F47/><W41/><G125/><T53/><D40/><U23/><E123/><V52/><F44/><W131/><G131/><T42/><D42/><U89/><E81/><V34/><F65/><AGARI ba="1,0" hai="15,16,23,26,29,32,58,60,65,76,77,80,87,89" machi="65" ten="30,5800,0" yaku="7,1,52,1,54,1" doraHai="8" who="1" fromWho="2" sc="121,0,389,61,250,-61,240,0" /><INIT seed="1,2,0,5,3,134" ten="121,450,189,240" oya="1" hai0="43,24,111,75,54,10,63,3,102,68,131,132,112" hai1="113,122,17,22,18,38,79,23,5,53,48,89,34" hai2="59,82,65,49,60,56,45,80,94,101,42,33,39" hai3="8,21,50,7,47,125,86,108,36,62,116,83,88"/><U118/><E118/><V11/><F33/><W72/><G108/><T69/><D111/><U55/><E34/><V78/><F39/><W120/><G120/><T127/><D132/><U104/><E38/><V124/><F59/><W14/><G116/><T84/><D75/><U129/><E122/><V0/><F0/><W128/><G128/><T41/><D131/><U40/><E79/><V87/><F82/><W121/><G121/><T26/><D84/><U100/><E5/><V20/><F20/><W92/><G36/><T133/><D133/><U96/><E40/><V25/><F25/><W135/><G135/><T35/><D35/><U109/><E89/><V110/><F110/><W19/><G62/><T51/><D63/><U119/><E55/><V67/><F67/><W15/><G72/><T28/><D54/><U77/><E77/><V9/><REACH who="2" step="1"/><F124/><REACH who="2" ten="121,450,179,240" step="2"/><W64/><G125/><T98/><D127/><U4/><E109/><V6/><F6/><W30/><G64/><T103/><D3/><U106/><E4/><V37/><F37/><W81/><REACH who="3" step="1"/><G30/><REACH who="3" ten="121,450,179,230" step="2"/><T58/><D28/><U95/><E129/><V74/><F74/><W123/><G123/><T99/><D68/><U90/><E119/><V130/><F130/><W32/><G32/><T114/><D69/><U126/><E126/><V93/><F93/><W52/><AGARI ba="2,2" hai="7,8,14,15,19,21,47,50,52,81,83,86,88,92" machi="52" ten="20,12000,2" yaku="1,1,0,1,7,1,8,1,54,2,53,0" doraHai="134" doraHaiUra="71" who="3" fromWho="3" sc="121,-32,450,-62,179,-32,230,146" /><INIT seed="2,0,0,2,0,102" ten="89,388,147,376" oya="2" hai0="97,94,93,9,27,125,16,22,68,116,43,58,33" hai1="79,23,11,127,65,47,35,59,2,50,4,99,56" hai2="73,57,34,121,60,52,40,131,89,98,36,111,115" hai3="46,74,39,83,77,38,122,124,71,132,120,37,108"/><V104/><F115/><W70/><G46/><T75/><D68/><N who="3" m="26153" /><G108/><T123/><D123/><N who="3" m="47145" /><G132/><T26/><D75/><U101/><E35/><V119/><F119/><W106/><G124/><T12/><D125/><U13/><E127/><V63/><F121/><W19/><G19/><T109/><D109/><U1/><E79/><V31/><F111/><W24/><G24/><T107/><D116/><U87/><E87/><V91/><F73/><W76/><G77/><T64/><D43/><U15/><E1/><V81/><F40/><W61/><G61/><T66/><D33/><U126/><E126/><V44/><F44/><W72/><G72/><T114/><D114/><U80/><E80/><V30/><F34/><W69/><N who="3" m="26161" /><W96/><DORA hai="55" /><G96/><T113/><D113/><U130/><E2/><V53/><F98/><W85/><G85/><T118/><D26/><U67/><E23/><V28/><F81/><W42/><G42/><T32/><D32/><U51/><E47/><V78/><F78/><W20/><G20/><T133/><D133/><U48/><E99/><V0/><F0/><W7/><G7/><T88/><D118/><U6/><E50/><V110/><F110/><W92/><G92/><T62/><D94/><U18/><E18/><V90/><F63/><W134/><G134/><T5/><REACH who="0" step="1"/><D64/><REACH who="0" ten="79,388,147,376" step="2"/><U135/><E135/><V84/><F84/><W25/><G25/><T21/><D21/><U3/><E67/><V41/><F41/><W17/><G17/><T86/><D86/><U129/><E65/><V82/><F82/><W100/><G100/><T49/><D49/><RYUUKYOKU ba="0,1" sc="79,15,388,-15,147,-15,376,15" hai0="5,9,12,16,22,27,58,62,66,88,93,97,107" hai3="37,38,39,74,76,83,106" /><INIT seed="3,1,1,2,1,128" ten="94,373,132,391" oya="3" hai0="101,75,37,102,135,19,118,22,58,66,28,68,104" hai1="83,113,99,48,106,85,108,131,72,110,93,6,42" hai2="105,0,130,21,38,97,134,77,35,129,40,107,95" hai3="62,7,55,112,94,10,14,71,86,1,33,91,79"/><W15/><G112/><T17/><D118/><U74/><E113/><V116/><F35/><W18/><G33/><T111/><D68/><U109/><E131/><N who="2" m="50187" /><F116/><W73/><G73/><T12/><D75/><N who="1" m="28715" /><E6/><V87/><F0/><W45/><G71/><T52/><D37/><U23/><E23/><V65/><F65/><W36/><G36/><T2/><D2/><U81/><E48/><V53/><F53/><W121/><G121/><T89/><D111/><U31/><E42/><V61/><F61/><W26/><G79/><T47/><D104/><U57/><E57/><V29/><F40/><W8/><G26/><T34/><D34/><U76/><E31/><V133/><F38/><W46/><G1/><T11/><D28/><U67/><E67/><V78/><F21/><W126/><REACH who="3" step="1"/><G126/><REACH who="3" ten="94,373,132,381" step="2"/><T20/><D12/><U49/><E76/><V132/><F78/><W98/><G98/><T41/><D20/><U122/><E122/><V124/><F124/><W54/><G54/><T90/><D22/><U59/><E99/><V60/><F29/><W39/><G39/><T120/><D120/><U103/><E103/><N who="2" m="60863" /><F60/><W16/><G16/><T115/><D17/><U24/><E24/><V127/><F127/><W88/><G88/><T114/><D19/><U43/><E110/><V5/><F5/><W92/><G92/><T30/><D30/><U3/><E109/><V96/><F96/><W32/><G32/><T117/><D114/><U4/><E108/><V125/><F125/><W25/><G25/><T56/><D115/><U50/><E4/><V9/><F9/><W70/><G70/><RYUUKYOKU ba="1,2" sc="94,-15,373,-15,132,15,381,15" hai2="77,87,105,107,132,133,134" hai3="7,8,10,14,15,18,45,46,55,62,86,91,94" /><INIT seed="3,2,2,2,2,75" ten="79,358,147,396" oya="3" hai0="115,79,100,122,24,111,105,94,44,66,130,92,103" hai1="10,107,2,38,80,34,22,62,46,27,85,101,4" hai2="37,113,48,124,33,12,125,36,15,128,19,39,135" hai3="73,54,18,49,116,74,5,47,51,29,59,45,86"/><W42/><G116/><T72/><D66/><U14/><E107/><V117/><F117/><W30/><G5/><T70/><D70/><U83/><E101/><V95/><F113/><W121/><G121/><T9/><D9/><U52/><E34/><V69/><F69/><W0/><G0/><T58/><D58/><N who="1" m="35143" /><E2/><V82/><F33/><W61/><G73/><T132/><D24/><U76/><E38/><V7/><F135/><W50/><G74/><T131/><D44/><U53/><E83/><V31/><F31/><W97/><G97/><N who="0" m="61583" /><D132/><U129/><E129/><N who="0" m="49161" /><D122/><U114/><E114/><V25/><F128/><W67/><G51/><T89/><D115/><U6/><E6/><V99/><F48/><W102/><G102/><T1/><D1/><U84/><E46/><V118/><F118/><W40/><G67/><T127/><D127/><N who="2" m="48714" /><F7/><W3/><G3/><T98/><D111/><U57/><E85/><V16/><F39/><W123/><G86/><N who="0" m="52279" /><D72/><U104/><E104/><V119/><F119/><W77/><G123/><T78/><AGARI ba="2,2" hai="78,79,94,98,103" m="52279,49161,61583" machi="78" ten="30,8000,1" yaku="19,1,34,2,52,2" doraHai="75" who="0" fromWho="0" sc="79,106,358,-22,147,-22,396,-42" /><INIT seed="4,0,0,1,1,74" ten="185,336,125,354" oya="0" hai0="100,72,90,79,42,109,127,57,86,30,115,130,60" hai1="75,98,104,58,61,128,0,95,96,134,49,69,10" hai2="91,77,93,64,123,92,65,106,70,7,111,122,15" hai3="45,88,94,59,131,124,39,2,52,132,35,16,66"/><T3/><D115/><U116/><E116/><V9/><F106/><W14/><G2/><T81/><D3/><U135/><E75/><V85/><F111/><W20/><G35/><T37/><D109/><U78/><E128/><V101/><F70/><W114/><G131/><T11/><D130/><U99/><E104/><V112/><F112/><W19/><G114/><T83/><D127/><U8/><E95/><V126/><F126/><W80/><G124/><T6/><D30/><U25/><E25/><V110/><F110/><W73/><G66/><T31/><D31/><U50/><E69/><V18/><F123/><W12/><G132/><T13/><D100/><U56/><E0/><V107/><F107/><W117/><G117/><T97/><D97/><U28/><E28/><V5/><F122/><W53/><G80/><T51/><D37/><U44/><E61/><V54/><F54/><W4/><G4/><N who="2" m="1609" /><F77/><W47/><G73/><T119/><D119/><U36/><E78/><V46/><F46/><N who="3" m="17419" /><G39/><T38/><D38/><U82/><E82/><V17/><F17/><W32/><G59/><N who="1" m="22570" /><E44/><V87/><F101/><W108/><G32/><T76/><D42/><U133/><E36/><V71/><F71/><W41/><G41/><T40/><D40/><U118/><E118/><V34/><F34/><W120/><G120/><T48/><REACH who="0" step="1"/><D76/><REACH who="0" ten="175,336,125,354" step="2"/><U105/><E105/><V22/><F65/><AGARI ba="0,1" hai="6,11,13,48,51,57,60,65,72,79,81,83,86,90" machi="65" ten="30,11600,0" yaku="1,1,2,1,7,1,52,1,53,0" doraHai="74" doraHaiUra="68" who="0" fromWho="2" sc="175,126,336,0,125,-116,354,0" /><INIT seed="4,1,0,3,4,86" ten="301,336,9,354" oya="0" hai0="53,30,84,21,23,94,11,121,34,122,44,65,4" hai1="35,36,33,70,58,124,55,68,27,48,67,64,66" hai2="22,128,98,61,13,0,42,101,28,39,63,40,73" hai3="74,26,50,62,2,51,91,97,56,71,9,89,37"/><T87/><D34/><U78/><E124/><V15/><F0/><W131/><G74/><T107/><D107/><U1/><E1/><V77/><F128/><W19/><G2/><T80/><D65/><U116/><E116/><V83/><F39/><W17/><G131/><T100/><D121/><U120/><E120/><V82/><F28/><W38/><G38/><T113/><D113/><U132/><E36/><V8/><F22/><N who="3" m="13647" /><G37/><T31/><D122/><U49/><E78/><V104/><F83/><W125/><G71/><T60/><D30/><U59/><E132/><V108/><F108/><W119/><G125/><T135/><D31/><U18/><E18/><V110/><F110/><W81/><G81/><T69/><D69/><N who="1" m="26731" /><E27/><V52/><F15/><N who="3" m="7663" /><G119/><T85/><D135/><U16/><E16/><V24/><F24/><W99/><G99/><N who="0" m="59511" /><D80/><U96/><E96/><V46/><F13/><W10/><G10/><T45/><D11/><U88/><E88/><N who="3" m="33866" /><G97/><T134/><D134/><U72/><E72/><V57/><F8/><W118/><G118/><T47/><D4/><U12/><E12/><V41/><F73/><W7/><G7/><T127/><D127/><U25/><E25/><V29/><F29/><W76/><G76/><T79/><D79/><U75/><E75/><V106/><F77/><W90/><N who="3" m="33874" /><W129/><DORA hai="5" /><G129/><T114/><D114/><U126/><E126/><V117/><F117/><W133/><G133/><T3/><D3/><U32/><E32/><V20/><F82/><W115/><G115/><T92/><D92/><U105/><E105/><V93/><F106/><RYUUKYOKU ba="1,0" sc="301,10,336,10,9,-30,354,10" hai0="21,23,44,45,47,53,60,84,85,87" hai1="33,35,48,49,55,58,59,64,66,67" hai3="50,51,56,62" owari="311,-8.9,346,14.6,-21,-52.1,364,46.4" /></mjloggm>