<mjloggm ver="2.3"><GO type="169" lobby="0"/><UN n0="%47%75%72%65%6E%6E" n1="%E7%88%86%E7%89%8C%E3%82%A6%E3%82%B7%E3%82%B8%E3%83%9E%E3%81%8F%E3%82%93" n2="%41%6E%6B%6F%61%6E%6B%6F" n3="%E3%82%B4%E3%83%BC%E3%83%AB%E3%83%89%E3%82%B7%E3%83%83%E3%83%97" dan="16,19,17,16" rate="2079.61,2250.02,2176.18,2108.84" sx="M,M,F,M"/><TAIKYOKU oya="0"/><INIT seed="0,0,0,2,1,53" ten="250,250,250,250" oya="0" hai0="83,129,113,80,97,119,19,39,110,100,87,108,115" hai1="22,120,65,88,61,118,52,81,21,51,49,99,55" hai2="13,54,38,75,23,133,107,132,36,126,32,40,20" hai3="134,109,102,25,66,128,8,112,74,77,94,68,101"/><T130/><D39/><U64/><E118/><V106/><F54/><W43/><G112/><N who="0" m="43083" /><D119/><U46/><E120/><V78/><F32/><W89/><G43/><T95/><D19/><U50/><E50/><V1/><F1/><W18/><G128/><N who="0" m="49259" /><D80/><U131/><E131/><V35/><F35/><W2/><G2/><T103/><D103/><U16/><E61/><V73/><F40/><W6/><G101/><T91/><AGARI ba="0,0" hai="83,87,91,95,97,100,108,110" m="49259,43083" machi="91" ten="40,7800,0" yaku="19,1,34,2" doraHai="53" who="0" fromWho="0" sc="250,78,250,-26,250,-26,250,-26" /><INIT seed="0,1,0,5,0,79" ten="328,224,224,224" oya="0" hai0="77,7,33,93,112,121,110,49,92,94,103,16,29" hai1="95,78,13,9,97,91,129,83,80,118,36,23,131" hai2="43,71,50,84,59,19,69,53,2,40,107,76,54" hai3="120,134,72,96,99,45,55,70,56,119,52,109,122"/><T41/><D121/><N who="3" m="46697" /><G72/><T60/><D112/><U15/><E36/><V89/><F107/><W124/><G119/><T81/><D110/><U114/><E118/><V62/><F2/><W73/><G109/><T98/><D7/><U39/><E39/><V123/><F123/><W21/><G70/><T6/><D6/><U105/><E114/><V37/><F76/><W86/><G73/><T90/><D60/><U28/><E78/><V132/><F132/><W75/><G75/><T135/><D135/><U22/><E105/><V66/><F19/><W12/><G124/><T51/><D33/><U35/><E35/><V32/><F32/><W1/><G1/><T128/><D29/><U108/><E108/><V88/><F89/><W8/><G21/><N who="1" m="7690" /><E28/><V63/><F88/><W65/><G65/><T82/><D128/><N who="1" m="49227" /><E15/><V27/><F27/><W117/><G117/><T126/><D126/><U31/><E31/><V67/><F84/><W61/><G12/><T106/><D16/><AGARI ba="1,0" hai="9,13,16,80,83,91,95,97" m="49227,7690" machi="16" ten="30,7700,0" yaku="19,1,52,2,54,1" doraHai="79" who="1" fromWho="0" sc="328,-80,224,80,224,0,224,0" /><INIT seed="1,0,0,2,2,12" ten="248,304,224,224" oya="1" hai0="55,56,49,11,63,59,111,26,120,2,0,91,127" hai1="107,82,110,99,64,36,65,41,54,60,47,17,48" hai2="46,114,18,83,16,101,71,68,8,133,109,21,76" hai3="121,105,118,92,135,24,115,112,38,129,62,6,78"/><U20/><E82/><V33/><F33/><W108/><G6/><T15/><D120/><U100/><E110/><V131/><F109/><W103/><G24/><T79/><D111/><U134/><E134/><V126/><F133/><W72/><G62/><T28/><D127/><U106/><E106/><V95/><F126/><W3/><G92/><T67/><D91/><U29/><E29/><V98/><F131/><W90/><G103/><T7/><REACH who="0" step="1"/><D79/><REACH who="0" ten="238,304,224,224" step="2"/><U81/><E81/><V88/><F114/><W44/><G90/><T104/><D104/><U40/><E36/><V35/><F101/><W66/><G78/><T51/><D51/><U22/><E100/><V61/><F61/><W27/><G108/><T117/><D117/><U42/><E107/><V122/><F122/><W19/><G105/><T9/><D9/><U52/><E48/><V85/><F35/><AGARI ba="0,1" hai="0,2,7,11,15,26,28,35,49,55,56,59,63,67" machi="35" ten="30,3900,0" yaku="1,1,7,1,53,1" doraHai="12" doraHaiUra="4" who="0" fromWho="2" sc="238,49,304,0,224,-39,224,0" /><INIT seed="2,0,0,5,4,82" ten="287,304,185,224" oya="2" hai0="35,76,61,123,116,44,22,43,10,96,15,127,74" hai1="64,72,60,106,58,12,27,103,46,107,66,39,86" hai2="70,17,67,5,62,119,25,120,102,7,20,29,80" hai3="105,32,54,34,101,88,1,128,4,6,112,9,28"/><V51/><F120/><W38/><G38/><T79/><D35/><U49/><E72/><V122/><F122/><W16/><G105/><T110/><D123/><U30/><E39/><V97/><F119/><W130/><G101/><T57/><D116/><U77/><E66/><V40/><F80/><W81/><G54/><T53/><D110/><U78/><E12/><V118/><F118/><W19/><G112/><T125/><D22/><U11/><E11/><V124/><F124/><N who="0" m="47690" /><D96/><U69/><E58/><V92/><F40/><W13/><G81/><T87/><D74/><U85/><E78/><V115/><F115/><W33/><G88/><T71/><D71/><U63/><E63/><V111/><F111/><W65/><G65/><T21/><D21/><U41/><E77/><V104/><F51/><W59/><G59/><T131/><D87/><U89/><E89/><V8/><F92/><W90/><G90/><T48/><D131/><N who="3" m="50217" /><G19/><AGARI ba="0,0" hai="10,15,19,43,44,48,53,57,61,76,79" m="47690" machi="19" ten="30,1000,0" yaku="18,1" doraHai="82" who="0" fromWho="3" sc="287,10,304,0,185,0,224,-10" /><INIT seed="3,0,0,4,2,49" ten="297,304,185,214" oya="3" hai0="128,33,108,0,73,91,14,52,47,122,78,39,28" hai1="2,114,69,94,13,112,57,20,59,97,34,95,7" hai2="124,26,117,130,25,48,100,86,90,67,31,37,81" hai3="40,101,6,60,38,79,134,27,118,106,17,36,21"/><W63/><G118/><T104/><D0/><U42/><E69/><V135/><F37/><W58/><G134/><T55/><D122/><U35/><E42/><V105/><F117/><W19/><G79/><T133/><D104/><U87/><E2/><V99/><F135/><W61/><G6/><T24/><D133/><U127/><E127/><V110/><F124/><W11/><G40/><T96/><D108/><U53/><E87/><V9/><F110/><W65/><G38/><T121/><D121/><U76/><E76/><V51/><F130/><W45/><G45/><T10/><D128/><U5/><E20/><V132/><F132/><W82/><G82/><T46/><D46/><U93/><E13/><V70/><F9/><W8/><G36/><T131/><D131/><U75/><E97/><V30/><F26/><W123/><G123/><T29/><D29/><U54/><REACH who="1" step="1"/><E93/><REACH who="1" ten="297,294,185,214" step="2"/><V74/><F74/><AGARI ba="0,1" hai="5,7,34,35,53,54,57,59,74,75,94,95,112,114" machi="74" ten="25,12000,2" yaku="1,1,2,1,22,2,52,2,53,0" doraHai="49" doraHaiUra="68" who="1" fromWho="2" sc="297,0,294,130,185,-120,214,0" /><INIT seed="4,0,0,3,4,1" ten="297,424,65,214" oya="0" hai0="2,71,48,31,121,56,18,34,108,90,94,61,89" hai1="67,72,87,86,128,49,68,23,24,85,96,124,53" hai2="98,77,13,117,10,43,114,26,35,127,83,22,51" hai3="3,102,12,25,93,5,32,70,134,45,16,129,120"/><T63/><D121/><U19/><E72/><V0/><F114/><W66/><G120/><T58/><D2/><U74/><E74/><V27/><F127/><W116/><G116/><T15/><D108/><U44/><E124/><V92/><F117/><W64/><G70/><T65/><D31/><U29/><E128/><V8/><F35/><W39/><G134/><T126/><D34/><U78/><E68/><V104/><F104/><W9/><G102/><T47/><D126/><U109/><E67/><V76/><F0/><W135/><G93/><T122/><D122/><U118/><E109/><V101/><F10/><W82/><G82/><T81/><D81/><N who="1" m="47287" /><E118/><V42/><F51/><W54/><G135/><T106/><D106/><U115/><E115/><V111/><F111/><W73/><G73/><T59/><D63/><U40/><E96/><V38/><F38/><W50/><G39/><T52/><REACH who="0" step="1"/><D94/><REACH who="0" ten="287,424,65,214" step="2"/><U36/><E29/><V112/><F112/><W28/><REACH who="3" step="1"/><G129/><REACH who="3" ten="287,424,65,204" step="2"/><T88/><D88/><U119/><E119/><V130/><F130/><W80/><G80/><T95/><D95/><U57/><E36/><V69/><F83/><W110/><G110/><T20/><AGARI ba="0,2" hai="15,18,20,47,48,52,56,58,59,61,65,71,89,90" machi="20" ten="30,6000,0" yaku="1,1,0,1,54,1,53,0" doraHai="1" doraHaiUra="131" who="0" fromWho="0" sc="287,80,424,-20,65,-20,204,-20" /><INIT seed="4,1,0,5,2,66" ten="367,404,45,184" oya="0" hai0="21,96,81,41,98,92,57,133,37,113,4,100,55" hai1="87,101,38,29,56,26,49,129,11,86,128,122,94" hai2="69,116,82,47,109,99,60,114,83,74,50,80,9" hai3="75,107,110,112,30,23,119,43,16,25,106,102,126"/><T91/><D133/><U32/><E122/><V52/><F109/><W44/><G110/><T103/><D113/><U34/><E38/><V14/><F114/><W13/><G112/><T59/><D4/><U125/><E125/><V15/><F116/><W3/><G126/><T10/><D10/><U6/><E34/><V70/><F74/><W22/><G75/><T20/><D37/><U95/><E56/><V7/><F60/><W93/><G3/><T19/><D41/><U108/><E49/><V120/><F120/><W71/><G71/><T121/><D121/><U45/><E45/><V130/><F130/><N who="1" m="50281" /><E108/><V88/><REACH who="2" step="1"/><F15/><REACH who="2" ten="367,404,35,184" step="2"/><W77/><G119/><T35/><D35/><U67/><E32/><V68/><F68/><W132/><G107/><T0/><D0/><U51/><E95/><AGARI ba="1,1" hai="7,9,14,47,50,52,69,70,80,82,83,88,95,99" machi="95" ten="40,8000,1" yaku="1,1,52,2,54,2,53,0" doraHai="66" doraHaiUra="63" who="2" fromWho="1" sc="367,0,404,-83,35,93,184,0" /><INIT seed="5,0,0,3,4,68" ten="367,321,128,184" oya="1" hai0="78,53,49,59,95,115,7,45,94,87,76,129,30" hai1="63,5,116,16,1,97,44,47,57,131,72,31,135" hai2="62,18,48,17,126,20,85,111,9,84,71,104,38" hai3="122,107,28,64,77,29,134,52,73,103,105,15,82"/><U108/><E116/><V101/><F111/><W133/><G122/><T21/><D129/><U86/><E72/><V22/><F126/><W117/><G117/><T120/><D115/><U70/><E108/><V90/><F9/><W93/><G64/><T46/><D120/><U54/><E131/><V114/><F114/><W69/><G69/><T41/><D7/><U42/><E135/><V12/><F48/><W121/><G121/><T4/><D4/><U23/><E70/><V50/><F50/><W80/><G82/><T99/><D45/><U6/><E31/><N who="3" m="11850" /><G15/><T37/><D87/><U112/><E112/><V2/><F2/><W65/><G65/><T56/><D56/><U128/><E128/><V91/><F71/><W119/><G119/><T130/><D130/><U92/><E86/><V40/><F62/><W113/><G113/><T123/><D123/><U124/><E124/><V110/><F110/><W118/><G118/><T81/><D81/><U60/><E60/><V3/><F3/><W58/><G93/><T8/><D8/><U66/><E66/><V125/><F125/><W89/><G89/><T127/><D127/><U43/><E1/><V26/><F104/><W67/><G103/><T132/><D94/><U83/><E6/><V61/><F101/><W34/><G34/><T75/><D75/><U39/><E5/><V55/><F61/><N who="3" m="36039" /><G67/><T35/><D35/><U14/><E83/><V74/><F74/><W79/><G77/><T27/><D132/><AGARI ba="0,0" hai="73,79,80,105,107,132,133,134" m="36039,11850" machi="132" ten="30,2000,0" yaku="20,1,54,1" doraHai="68" who="3" fromWho="0" sc="367,-20,321,0,128,0,184,20" /><INIT seed="6,0,0,3,0,3" ten="347,321,128,204" oya="2" hai0="20,39,17,131,22,44,99,9,86,2,33,18,125" hai1="11,101,108,61,7,81,85,6,8,4,129,123,62" hai2="126,68,83,16,35,45,80,95,127,13,84,55,76" hai3="70,94,117,135,37,128,100,46,71,34,93,51,63"/><V54/><F35/><W73/><G117/><T121/><D121/><U132/><E123/><V12/><F68/><W27/><G73/><T106/><D131/><U107/><E108/><V114/><F114/><W50/><G128/><T74/><D33/><U47/><E129/><V118/><F118/><W19/><G37/><T98/><D125/><N who="2" m="47626" /><F95/><W69/><G63/><N who="1" m="24074" /><E107/><V119/><F119/><W111/><G111/><T79/><D86/><U104/><E104/><V53/><F83/><W91/><G135/><T14/><D74/><U66/><E66/><V110/><F110/><W59/><G59/><T122/><D79/><N who="1" m="46271" /><E132/><V43/><F16/><W58/><G34/><T15/><D122/><U30/><E30/><V0/><F0/><W60/><G69/><T5/><REACH who="0" step="1"/><D106/><REACH who="0" ten="337,321,128,204" step="2"/><U29/><E29/><V103/><F103/><W102/><G100/><T88/><D88/><U40/><E101/><V124/><N who="2" m="47634" /><V134/><DORA hai="41" /><F134/><W109/><G91/><T25/><D25/><U31/><E31/><V23/><F23/><W97/><G109/><T24/><D24/><U133/><E133/><V75/><F75/><W57/><G27/><T92/><D92/><U26/><E26/><V52/><N who="2" m="13312" /><DORA hai="96" /><V64/><F64/><W105/><G94/><T10/><D10/><U90/><E90/><V38/><AGARI ba="0,1" hai="12,13,38,43,45,76,80,84" m="13312,47634" machi="38" ten="60,11700,0" yaku="18,1,52,1,54,1" doraHai="3,41,96" who="2" fromWho="2" sc="337,-39,321,-39,128,127,204,-39" /><INIT seed="6,1,0,4,3,56" ten="298,282,255,165" oya="2" hai0="134,116,33,128,75,107,58,62,122,64,110,77,67" hai1="51,69,59,108,120,29,1,106,68,96,72,35,0" hai2="60,87,24,63,37,130,40,102,8,86,113,118,114" hai3="131,50,94,74,129,13,95,54,39,84,41,52,97"/><V103/><F118/><W82/><G74/><T15/><D110/><U80/><E108/><V27/><F8/><W99/><G39/><T83/><D122/><U22/><E22/><V32/><F37/><W133/><G41/><T53/><D116/><U4/><E51/><V48/><F48/><W117/><G117/><T42/><D128/><U112/><E59/><V105/><F40/><W90/><G133/><T16/><D134/><U5/><E112/><N who="2" m="43115" /><F130/><W14/><G50/><T100/><D33/><U92/><E120/><V115/><N who="2" m="43123" /><V12/><DORA hai="126" /><F12/><W6/><G82/><T89/><D42/><U47/><E80/><V61/><F105/><W104/><G84/><N who="2" m="32297" /><F32/><W43/><G43/><T19/><D89/><U17/><E106/><V20/><F24/><W30/><G104/><T79/><D79/><U9/><E9/><V34/><F34/><W85/><G85/><T65/><REACH who="0" step="1"/><D15/><REACH who="0" ten="288,282,255,165" step="2"/><U125/><E35/><V31/><AGARI ba="1,1" hai="20,27,31,60,61,63,102,103" m="32297,43123" machi="31" ten="50,12000,1" yaku="15,1,52,3" doraHai="56,126" who="2" fromWho="2" sc="288,-41,282,-41,255,133,165,-41" /><INIT seed="6,2,0,5,3,66" ten="247,241,388,124" oya="2" hai0="23,134,131,32,74,128,28,6,72,30,55,4,105" hai1="1,117,57,113,13,56,106,76,90,40,25,73,42" hai2="71,114,70,58,50,91,107,75,10,133,53,48,43" hai3="9,18,77,120,118,121,97,83,36,81,52,39,102"/><V92/><F107/><W19/><G118/><T126/><D55/><U96/><E117/><V109/><F75/><N who="0" m="28714" /><D23/><U127/><E1/><V95/><F133/><W59/><G120/><T108/><D105/><U22/><E113/><V67/><F114/><W16/><G121/><T79/><D79/><U111/><E111/><V130/><F67/><W34/><G9/><T103/><D103/><U26/><E127/><V110/><F10/><W8/><G8/><T135/><D108/><N who="2" m="41578" /><F130/><N who="0" m="49706" /><D32/><U14/><E106/><V54/><F43/><W12/><G12/><T64/><D64/><U116/><E73/><V100/><F100/><W60/><G34/><T82/><D82/><U129/><E76/><V61/><F61/><W119/><G119/><T31/><D126/><U45/><E129/><V124/><F124/><W35/><G35/><T29/><N who="0" m="7168" /><DORA hai="123" /><T112/><D112/><U27/><E116/><V98/><F95/><W99/><G83/><T89/><D89/><U47/><E90/><V49/><F49/><W24/><G24/><T93/><D93/><U132/><E27/><V68/><F68/><W78/><G78/><T41/><D41/><U17/><E42/><V80/><F80/><W86/><REACH who="3" step="1"/><G102/><REACH who="3" ten="247,241,388,114" step="2"/><T7/><AGARI ba="2,1" hai="4,6,7,134,135" m="7168,49706,28714" machi="7" ten="60,7900,0" yaku="28,2,19,1" doraHai="66,123" who="0" fromWho="0" sc="247,95,241,-22,388,-41,114,-22" /><INIT seed="7,0,0,5,1,12" ten="342,219,347,92" oya="3" hai0="128,78,32,75,72,135,25,17,34,33,111,122,73" hai1="10,28,61,86,85,107,53,26,114,69,101,90,96" hai2="105,68,23,116,44,30,126,100,115,132,92,93,108" hai3="6,104,15,11,21,45,27,52,16,2,133,120,89"/><W29/><G120/><T50/><D122/><U84/><E114/><V38/><F116/><W83/><G133/><T91/><D111/><U94/><E10/><V56/><F108/><W118/><G118/><T119/><D119/><U76/><E76/><V37/><F68/><W130/><G104/><T109/><D109/><U54/><E54/><V106/><F115/><W47/><G130/><T22/><D128/><U129/><E129/><V55/><F132/><W57/><G89/><T42/><D135/><U14/><E14/><V46/><F126/><W102/><G83/><T7/><D7/><U65/><E53/><V80/><F80/><W113/><G102/><T95/><D78/><U35/><AGARI ba="0,0" hai="26,28,35,61,65,69,84,85,86,90,94,96,101,107" machi="35" ten="20,5200,0" yaku="0,1,7,1,25,2" doraHai="12" who="1" fromWho="1" sc="342,-13,219,52,347,-13,92,-26" owari="329,12.9,271,-12.9,334,43.4,66,-43.4" /></mjloggm>