<mjloggm ver="2.3"><GO type="169" lobby="0"/><UN n0="%E3%81%8D%E3%82%83%E3%83%BC%E3%82%8D%E3%82%93" n1="%6F%75%74%E7%A5%AD%E3%82%8A" n2="%E4%BF%BA%E3%81%A7%E3%81%99" n3="%E7%A5%9E%E6%88%B8%E5%B0%8F%E9%B3%A5%E9%86%A4" dan="16,16,16,16" rate="2119.33,2065.60,2081.28,2064.08" sx="M,M,M,F"/><TAIKYOKU oya="0"/><INIT seed="0,0,0,0,5,95" ten="250,250,250,250" oya="0" hai0="20,55,34,67,77,21,131,122,104,124,87,88,116" hai1="125,105,45,35,0,109,112,62,23,91,36,128,108" hai2="65,13,10,100,54,89,7,50,117,101,38,92,4" hai3="114,74,121,9,66,96,30,90,5,53,48,61,135"/><T58/><D122/><U78/><E35/><V29/><F117/><W40/><G74/><T123/><D123/><U14/><E0/><V11/><F38/><W42/><G114/><T63/><D116/><U132/><E78/><V37/><F37/><W102/><G135/><T130/><D104/><U85/><E105/><V68/><F29/><W110/><G30/><T12/><D34/><U97/><E128/><N who="0" m="49193" /><D77/><U81/><E132/><V76/><F65/><W56/><G110/><T69/><D12/><U52/><E36/><V2/><F68/><W107/><G90/><T126/><D21/><U18/><E112/><V86/><REACH who="2" step="1"/><F76/><REACH who="2" ten="250,250,240,250" step="2"/><W127/><G121/><T75/><D69/><U25/><E109/><V94/><F94/><W115/><G115/><T83/><D67/><U46/><E108/><V118/><F118/><W71/><REACH who="3" step="1"/><G127/><REACH who="3" ten="250,250,240,240" step="2"/><T113/><D113/><U60/><E125/><V72/><F72/><W6/><G6/><T51/><D75/><U64/><E91/><V17/><F17/><W19/><G19/><T120/><D120/><U1/><E18/><V103/><F103/><W98/><G98/><T15/><D126/><U16/><E97/><V57/><AGARI ba="0,2" hai="2,4,7,10,11,13,50,54,57,86,89,92,100,101" machi="57" ten="20,2700,0" yaku="1,1,0,1,7,1,53,0" doraHai="95" doraHaiUra="111" who="2" fromWho="2" sc="250,-13,250,-7,240,47,240,-7" /><INIT seed="1,0,0,4,2,55" ten="237,243,287,233" oya="1" hai0="31,82,27,6,83,71,39,98,68,89,62,92,0" hai1="97,61,81,120,67,51,59,48,114,93,125,47,33" hai2="23,34,18,130,112,1,58,32,12,54,29,44,107" hai3="64,4,129,11,88,85,49,57,96,22,102,53,78"/><U17/><E114/><V3/><F130/><W50/><G129/><T36/><D0/><U38/><E120/><V94/><F107/><W105/><G22/><T117/><D6/><U90/><E33/><V9/><F112/><W108/><G108/><T26/><D117/><U20/><E125/><V115/><F115/><W79/><G64/><T134/><D27/><U24/><REACH who="1" step="1"/><E81/><REACH who="1" ten="237,233,287,233" step="2"/><V13/><F34/><W135/><G135/><T19/><D83/><U30/><E30/><V14/><F32/><W63/><G79/><T37/><D82/><U127/><E127/><V70/><F29/><W42/><G78/><T100/><D134/><U84/><E84/><V69/><F9/><W7/><G42/><AGARI ba="0,1" hai="17,20,24,38,42,47,48,51,59,61,67,90,93,97" machi="42" ten="40,3900,0" yaku="1,1,52,1,53,0" doraHai="55" doraHaiUra="109" who="1" fromWho="3" sc="237,0,233,49,287,0,233,-39" /><INIT seed="1,1,0,0,3,129" ten="237,282,287,194" oya="1" hai0="13,45,52,103,33,135,71,90,34,87,82,49,112" hai1="114,57,81,3,102,94,27,77,35,18,26,9,88" hai2="98,40,64,47,17,73,133,51,67,123,11,61,38" hai3="14,16,36,2,23,74,101,91,84,79,21,89,29"/><U108/><E114/><V118/><F118/><W48/><G2/><T76/><D135/><U111/><E102/><V12/><F123/><W54/><G36/><T134/><D71/><U80/><E35/><V30/><F73/><W130/><G130/><T8/><D112/><U119/><E119/><V132/><F30/><W55/><G101/><T24/><D103/><U42/><E42/><V97/><F38/><W69/><G69/><T50/><D134/><N who="2" m="51818" /><F67/><W99/><G74/><T53/><D24/><U85/><E57/><AGARI ba="1,0" hai="11,12,17,40,47,51,57,61,64,97,98" m="51818" machi="57" ten="30,7700,0" yaku="20,1,52,3" doraHai="129" who="2" fromWho="1" sc="237,0,282,-80,287,80,194,0" /><INIT seed="2,0,0,1,4,39" ten="237,202,367,194" oya="2" hai0="55,70,15,3,124,16,128,84,26,68,20,71,54" hai1="99,109,93,116,53,41,61,37,36,122,131,0,72" hai2="28,51,79,102,24,103,56,21,114,106,65,43,111" hai3="90,115,62,47,46,121,97,32,60,76,18,58,59"/><V78/><F114/><W5/><G32/><T30/><D124/><U66/><E72/><V104/><F111/><W92/><G121/><T112/><D128/><U25/><E116/><V45/><F106/><W1/><G115/><T85/><D112/><U129/><E0/><V101/><REACH who="2" step="1"/><F104/><REACH who="2" ten="237,202,357,194" step="2"/><W86/><G1/><T74/><D3/><U77/><E109/><V35/><F35/><W38/><G38/><T105/><D105/><U80/><E36/><V44/><F44/><W133/><G46/><T127/><D127/><U63/><E131/><V14/><F14/><W19/><G47/><T12/><D12/><U73/><E129/><V48/><F48/><W57/><G62/><AGARI ba="0,1" hai="21,24,28,43,45,51,56,62,65,78,79,101,102,103" machi="62" ten="40,7700,0" yaku="1,1,8,1,52,1,53,0" doraHai="39" doraHaiUra="33" who="2" fromWho="3" sc="237,0,202,0,357,87,194,-77" /><INIT seed="2,1,0,3,4,102" ten="237,202,444,117" oya="2" hai0="10,128,48,25,101,23,3,76,80,89,20,5,14" hai1="27,6,108,28,35,74,22,118,70,110,1,63,61" hai2="60,47,51,21,12,34,11,50,4,8,88,19,31" hai3="124,0,18,90,114,40,54,7,86,83,53,57,15"/><V68/><F34/><W93/><G114/><T135/><D135/><U46/><E74/><V43/><F31/><W67/><G124/><T17/><D128/><U65/><E118/><V62/><F68/><W121/><G121/><T52/><D89/><U49/><E61/><V105/><F105/><W66/><G40/><T109/><D109/><U79/><E79/><V78/><F78/><W107/><G107/><T98/><D23/><U9/><REACH who="1" step="1"/><E35/><REACH who="1" ten="237,192,444,117" step="2"/><V64/><F62/><W37/><G66/><T125/><D125/><U116/><E116/><V133/><F60/><W95/><G67/><T130/><D130/><U32/><E32/><V97/><F133/><W58/><G37/><T42/><D76/><U104/><E104/><V2/><F64/><W103/><G0/><T72/><D72/><U55/><AGARI ba="1,1" hai="1,6,9,22,27,28,46,49,55,63,65,70,108,110" machi="55" ten="30,2000,0" yaku="1,1,0,1,53,0" doraHai="102" doraHaiUra="92" who="1" fromWho="1" sc="237,-6,192,33,444,-11,117,-6" /><INIT seed="3,0,0,0,0,100" ten="231,225,433,111" oya="3" hai0="16,61,104,99,116,109,41,108,29,97,131,68,45" hai1="114,8,95,80,37,62,135,67,132,5,19,43,65" hai2="2,83,115,34,1,84,14,78,42,134,12,127,75" hai3="106,30,87,46,38,15,128,73,122,63,49,129,76"/><W0/><G0/><T31/><D116/><U4/><E114/><V72/><F34/><W6/><G122/><T9/><D131/><N who="3" m="50249" /><G38/><T48/><D99/><U70/><E67/><V81/><F42/><N who="3" m="24791" /><G30/><T23/><D9/><U102/><E80/><V51/><F115/><W39/><G39/><T7/><D7/><U107/><E95/><V125/><F2/><W71/><G73/><T10/><D10/><U33/><E33/><V113/><F1/><W35/><G35/><T89/><D68/><U32/><E32/><V25/><F75/><W124/><G124/><T18/><D61/><U36/><E19/><V101/><F72/><W103/><G71/><T47/><D18/><U52/><E43/><V126/><F126/><W82/><G63/><T24/><D47/><U60/><E37/><V117/><F117/><W105/><G103/><N who="0" m="62575" /><D89/><U133/><E36/><V110/><F101/><W56/><G56/><T119/><D119/><U90/><E90/><V94/><F113/><W66/><G66/><T121/><D121/><U69/><E69/><V79/><F127/><W59/><G59/><T55/><D41/><U120/><E120/><V13/><F125/><W93/><G93/><T112/><D112/><U85/><E70/><V53/><F94/><W64/><G64/><T26/><D31/><U74/><E65/><V21/><F53/><W88/><G76/><T57/><D57/><U28/><E62/><V130/><F79/><W22/><G22/><T77/><D77/><U54/><E60/><V27/><F130/><W50/><G50/><T11/><D11/><AGARI ba="0,0" hai="6,11,15,82,87,88,105,106" m="24791,50249" machi="11" ten="30,11600,0" yaku="19,1,52,2,54,1" doraHai="100" who="3" fromWho="0" sc="231,-116,225,0,433,0,111,116" /><INIT seed="3,1,0,2,5,106" ten="115,225,433,227" oya="3" hai0="99,41,101,75,100,44,63,47,34,132,16,85,87" hai1="64,1,119,9,107,38,48,8,7,91,76,67,72" hai2="111,108,69,22,29,135,112,102,121,79,105,30,117" hai3="134,43,128,103,131,26,53,133,31,89,12,52,97"/><W35/><G43/><T125/><D34/><U58/><E38/><V127/><F79/><W13/><G89/><T74/><D125/><U19/><E107/><V51/><F51/><W37/><G37/><T83/><D132/><N who="3" m="50793" /><G13/><T118/><D118/><U54/><E119/><V21/><F135/><W120/><G12/><T15/><D63/><U70/><E91/><V110/><F117/><W122/><G122/><T45/><D41/><U88/><E19/><V11/><F127/><W96/><G120/><T14/><D14/><U2/><E70/><V124/><F121/><W60/><G60/><T109/><D109/><U90/><E64/><V92/><F124/><W50/><G50/><T98/><D15/><U65/><E65/><V116/><F116/><W39/><G39/><T68/><D83/><U17/><E67/><V80/><F80/><W73/><G73/><N who="0" m="27659" /><D16/><U49/><E17/><V4/><F111/><W62/><G62/><T130/><D68/><U23/><E49/><V27/><F69/><W78/><G78/><T18/><D18/><U6/><E23/><V77/><F22/><W86/><G86/><N who="0" m="32779" /><D130/><N who="3" m="49705" /><G97/><AGARI ba="1,0" hai="44,45,47,97,98,99,100,101" m="32779,27659" machi="97" ten="40,8000,1" yaku="28,2,52,3" doraHai="106" who="0" fromWho="3" sc="115,83,225,0,433,0,227,-83" /><INIT seed="4,0,0,1,4,45" ten="198,225,433,144" oya="0" hai0="51,64,134,127,131,78,90,37,12,106,33,92,80" hai1="38,72,27,91,10,47,18,73,52,122,1,99,82" hai2="58,112,96,116,54,61,76,13,126,88,102,50,69" hai3="94,117,42,121,57,120,100,75,77,113,20,135,66"/><T40/><D33/><U70/><E70/><V22/><F112/><W89/><G117/><T48/><D106/><U68/><E68/><V55/><F116/><W44/><G113/><T16/><D127/><U56/><E122/><N who="3" m="47210" /><G100/><T105/><D105/><U79/><E1/><V26/><F76/><W110/><G110/><T9/><D131/><U5/><E5/><V8/><F69/><W81/><G20/><T43/><D134/><U59/><E72/><V98/><F102/><W115/><G115/><T128/><D64/><U132/><E132/><V36/><F88/><W6/><G6/><T114/><D128/><U123/><E123/><V111/><F36/><W103/><G103/><T101/><D101/><U46/><E59/><N who="2" m="33239" /><F111/><W41/><G135/><T84/><D114/><U11/><E38/><V21/><F126/><W24/><G24/><T35/><D35/><U2/><E2/><V130/><F130/><W108/><G108/><T17/><D17/><U109/><E109/><V74/><F74/><W129/><G129/><T19/><D19/><U0/><E0/><V85/><F85/><N who="3" m="52527" /><G44/><T53/><D37/><U25/><E46/><V83/><F83/><W39/><G39/><T30/><D30/><U65/><E47/><V3/><F3/><W95/><G95/><T71/><D92/><U23/><E25/><V15/><F22/><W14/><G14/><N who="2" m="5129" /><F8/><W7/><G7/><T28/><D9/><U62/><E10/><V34/><F34/><W104/><G104/><T31/><D80/><U97/><E11/><V125/><F125/><W87/><G75/><T86/><D78/><RYUUKYOKU ba="0,0" sc="198,-15,225,-15,433,15,144,15" hai2="21,26,55,58,61,96,98" hai3="41,42,57,66,77,81,87" /><INIT seed="5,1,0,1,3,118" ten="183,210,448,159" oya="1" hai0="59,76,39,62,102,119,113,101,130,51,131,47,115" hai1="83,128,116,124,98,24,3,68,40,114,89,112,53" hai2="71,78,96,23,42,63,107,87,35,30,58,133,9" hai3="0,17,103,80,134,60,90,105,91,79,22,100,14"/><U50/><E116/><V10/><F133/><W67/><G134/><T34/><D34/><U25/><E3/><V84/><F35/><W74/><G0/><T99/><D119/><U49/><E68/><V29/><F42/><W46/><G46/><T122/><D76/><U123/><E128/><N who="0" m="49193" /><D39/><U31/><E40/><V135/><F71/><W132/><G132/><T108/><D108/><U69/><E69/><V127/><F127/><W44/><G44/><T2/><D2/><U43/><E43/><V82/><F87/><W106/><G103/><T20/><D20/><U85/><E124/><V7/><F23/><W92/><G100/><T32/><D32/><U95/><E49/><V15/><F9/><W21/><G22/><T41/><D122/><U97/><E123/><V117/><F117/><W4/><G4/><T110/><D110/><U54/><E98/><V121/><F121/><W1/><G1/><T111/><D111/><U66/><E66/><V16/><F7/><W48/><G48/><T125/><D125/><U75/><E75/><V33/><F33/><W12/><G12/><T6/><D6/><U129/><E129/><V88/><F135/><W126/><G126/><T26/><D26/><U72/><E72/><V65/><F107/><W56/><REACH who="3" step="1"/><G91/><REACH who="3" ten="183,210,448,149" step="2"/><T86/><D102/><N who="1" m="60735" /><E50/><V37/><F37/><W77/><G77/><T93/><D51/><U94/><E114/><V120/><F120/><W81/><G81/><T109/><D109/><U52/><E112/><V27/><F27/><N who="1" m="10313" /><E83/><V64/><F65/><W73/><G73/><T5/><D115/><U13/><E13/><RYUUKYOKU ba="1,1" sc="183,-30,210,10,448,10,149,10" hai1="31,52,53,54,85,89,94" hai2="10,15,16,29,30,58,63,64,78,82,84,88,96" hai3="14,17,21,56,60,67,74,79,80,90,92,105,106" /><INIT seed="5,2,1,0,3,44" ten="153,220,458,159" oya="1" hai0="63,97,60,52,95,21,93,84,10,51,3,91,29" hai1="79,62,18,105,126,113,27,57,61,118,119,38,116" hai2="70,6,36,90,25,59,50,72,83,73,0,74,22" hai3="32,33,99,92,114,31,12,135,128,39,96,40,88"/><U65/><E113/><V46/><F70/><W123/><G114/><T125/><D125/><U49/><E126/><V15/><F0/><W110/><G110/><T16/><D29/><U54/><E105/><V111/><F111/><W134/><G128/><T82/><D10/><U115/><E115/><V106/><F106/><W19/><G123/><T104/><D104/><U30/><E38/><V122/><F122/><W66/><G66/><T127/><D3/><U68/><E79/><V9/><F59/><W120/><G120/><T4/><D4/><U47/><E18/><V102/><F102/><W56/><G56/><N who="0" m="32799" /><D127/><U69/><REACH who="1" step="1"/><E62/><REACH who="1" ten="153,210,458,159" step="2"/><N who="0" m="23593" /><D97/><U132/><E132/><V124/><F36/><W117/><G99/><T78/><D78/><U24/><E24/><AGARI ba="2,2" hai="16,21,24,82,84,91,93,95" m="23593,32799" machi="24" ten="30,7700,0" yaku="8,1,52,1,54,2" doraHai="44" who="0" fromWho="1" sc="153,103,210,-83,458,0,159,0" /><INIT seed="6,0,0,2,4,117" ten="256,127,458,159" oya="2" hai0="26,24,64,43,47,51,123,134,126,59,32,104,105" hai1="100,135,67,25,6,66,106,91,69,109,3,15,132" hai2="103,124,98,7,75,50,87,120,112,44,9,128,102" hai3="23,56,22,40,62,57,42,72,110,89,95,63,36"/><V73/><F120/><W119/><G72/><T99/><D126/><U130/><E109/><V94/><F112/><W52/><G119/><T122/><D134/><U131/><E15/><V121/><F121/><W76/><G110/><T17/><D26/><U111/><E111/><V70/><F70/><W71/><G71/><T107/><D99/><N who="1" m="61727" /><E25/><V127/><F87/><W83/><G36/><T60/><D17/><U49/><E49/><V108/><F103/><W29/><G29/><T16/><REACH who="0" step="1"/><D32/><REACH who="0" ten="246,127,458,159" step="2"/><U84/><E135/><V18/><F18/><W38/><G38/><T41/><D41/><U54/><E132/><V85/><F108/><W74/><G42/><T31/><D31/><U101/><E131/><V90/><F128/><W8/><G40/><T30/><D30/><U2/><E130/><V118/><F127/><W45/><G8/><T12/><D12/><U37/><E37/><V34/><F124/><W92/><G23/><AGARI ba="0,1" hai="16,23,24,43,47,51,59,60,64,104,105,107,122,123" machi="23" ten="40,12000,2" yaku="1,1,52,2,54,1,53,2" doraHai="117" doraHaiUra="116" who="0" fromWho="3" sc="246,130,127,0,458,0,159,-120" /><INIT seed="7,0,0,1,1,98" ten="376,127,458,39" oya="3" hai0="67,20,40,47,122,21,71,43,62,102,19,60,111" hai1="114,58,79,41,18,132,97,44,75,128,29,8,3" hai2="45,110,113,9,88,33,89,13,51,30,108,115,26" hai3="74,85,22,48,86,36,92,107,90,69,11,25,42"/><W84/><G69/><T64/><D122/><U95/><E29/><V2/><F2/><W131/><G36/><T66/><D111/><U135/><E58/><V49/><F49/><W82/><G107/><T61/><D71/><U34/><E34/><V15/><F15/><W35/><G35/><T53/><D19/><U1/><E79/><V50/><F50/><W129/><G11/><T59/><D21/><U130/><E75/><V6/><F88/><W28/><G42/><T17/><D17/><U93/><E114/><N who="2" m="43531" /><F89/><W118/><G118/><T16/><D102/><U116/><E18/><V7/><F6/><W32/><G48/><T83/><D83/><U73/><E73/><V46/><F46/><W127/><G127/><T57/><D47/><U0/><E8/><V105/><F105/><W52/><G32/><T78/><D78/><U100/><E95/><V121/><F121/><W101/><G52/><AGARI ba="0,0" hai="7,9,13,26,30,33,45,51,52,108,110" m="43531" machi="52" ten="30,2000,0" yaku="15,1,54,1" doraHai="98" who="2" fromWho="3" sc="376,0,127,0,458,20,39,-20" owari="376,17.6,127,-27.3,478,57.8,19,-48.1" /></mjloggm>