<mjloggm ver="2.3"><GO type="169" lobby="0"/><UN n0="%E3%83%90%E3%82%AD" n1="%E3%81%98%E3%82%83%E3%81%99%E3%81%BF%E3%82%93" n2="%E9%95%B7%E5%B2%A1" n3="%61%73%61%64%61%31%32" dan="16,16,16,17" rate="2119.07,2053.59,2066.48,2185.27" sx="M,M,M,M"/><TAIKYOKU oya="0"/><INIT seed="0,0,0,2,5,63" ten="250,250,250,250" oya="0" hai0="18,109,69,38,40,99,73,54,13,60,26,2,45" hai1="127,101,111,89,31,126,83,98,20,24,51,121,104" hai2="102,41,49,30,23,0,53,57,8,134,4,88,21" hai3="106,129,29,3,9,84,90,17,12,91,44,131,35"/><T133/><D133/><U113/><E113/><V117/><F134/><W55/><G106/><T25/><D2/><U48/><E121/><V66/><F117/><W100/><G100/><T7/><D7/><U27/><E111/><V67/><F102/><W77/><G3/><T108/><D73/><U50/><E27/><V71/><F41/><W22/><G35/><T58/><D99/><U79/><REACH who="1" step="1"/><E89/><REACH who="1" ten="250,240,250,250" step="2"/><V124/><F124/><W116/><G90/><T43/><D43/><U42/><E42/><V68/><F30/><W34/><G29/><T97/><D109/><U6/><E6/><V74/><F88/><W32/><G116/><T1/><D108/><U128/><E128/><V92/><F4/><W14/><G131/><T5/><D5/><U39/><E39/><V120/><F120/><W11/><G129/><T28/><D1/><U78/><E78/><V59/><F0/><W37/><G77/><T81/><D25/><U72/><AGARI ba="0,1" hai="20,24,31,48,50,51,72,79,83,98,101,104,126,127" machi="72" ten="30,2000,0" yaku="1,1,0,1,53,0" doraHai="63" doraHaiUra="36" who="1" fromWho="1" sc="250,-10,240,30,250,-5,250,-5" /><INIT seed="1,0,0,1,0,116" ten="240,270,245,245" oya="1" hai0="106,62,44,107,53,102,124,56,58,120,22,86,54" hai1="117,11,131,41,115,12,15,88,19,68,129,6,3" hai2="51,32,29,114,78,24,33,119,92,71,95,111,101" hai3="31,98,5,35,28,1,89,113,23,34,55,25,121"/><U96/><E115/><V36/><F36/><W46/><G46/><T109/><D109/><U126/><E68/><V13/><F119/><W45/><G45/><T14/><D124/><U69/><E69/><V94/><F111/><W91/><G55/><T40/><D102/><U130/><E117/><V16/><F114/><W77/><G77/><T118/><D118/><U81/><E41/><V18/><F71/><W59/><G59/><T39/><D120/><U10/><E126/><V52/><F78/><W50/><G50/><T21/><D86/><N who="1" m="50255" /><E96/><V0/><F0/><AGARI ba="0,0" hai="0,3,6,10,11,12,15,19,129,130,131" m="50255" machi="0" ten="30,2900,0" yaku="19,1,54,1" doraHai="116" who="1" fromWho="2" sc="240,0,270,29,245,-29,245,0" /><INIT seed="1,1,0,0,3,126" ten="240,299,216,245" oya="1" hai0="20,64,122,105,63,77,57,131,59,119,17,47,66" hai1="39,110,121,120,94,84,78,89,40,73,93,35,56" hai2="0,3,83,132,55,23,128,19,124,10,12,8,45" hai3="38,98,86,44,4,107,71,109,61,130,65,24,51"/><U115/><E35/><V46/><F124/><W41/><G4/><T85/><D119/><U96/><E115/><V106/><F106/><W67/><G86/><T135/><D122/><U31/><E31/><V53/><F132/><W113/><G113/><T22/><D105/><U69/><E69/><V82/><F23/><W2/><G2/><T36/><D135/><U60/><E110/><V72/><F12/><W33/><G67/><T91/><D77/><U108/><E108/><V52/><F53/><W95/><G95/><T7/><D7/><U16/><E73/><V6/><F6/><W97/><G97/><T114/><D114/><U26/><E40/><V101/><F101/><N who="3" m="62903" /><G51/><T87/><D87/><U1/><E39/><V81/><F81/><W15/><G15/><T127/><D85/><U68/><E68/><V103/><F103/><W34/><G109/><T27/><D36/><U62/><E62/><V29/><F72/><W50/><G50/><T102/><D63/><U92/><E78/><V37/><F37/><W74/><G74/><T13/><D127/><U112/><E1/><V90/><F90/><W80/><G80/><T18/><D91/><N who="1" m="55327" /><E93/><V9/><F3/><W75/><G75/><T99/><D102/><U49/><E49/><N who="2" m="28719" /><F0/><W21/><G34/><T118/><D99/><U5/><E5/><V116/><F82/><W43/><G43/><T79/><D79/><U11/><E112/><V32/><F32/><W58/><G71/><T88/><D66/><N who="1" m="39175" /><E121/><V42/><F83/><W133/><G133/><T100/><D100/><U48/><E120/><V54/><F116/><RYUUKYOKU ba="1,0" sc="240,0,299,0,216,0,245,0" /><INIT seed="2,2,0,2,4,85" ten="240,299,216,245" oya="2" hai0="9,94,82,135,67,59,35,10,55,89,132,110,3" hai1="108,15,37,8,117,120,106,104,12,6,4,124,73" hai2="65,69,98,5,68,79,119,20,91,133,113,74,105" hai3="21,58,78,112,111,128,52,0,107,109,60,123,16"/><V2/><F113/><W92/><G123/><T131/><D35/><U114/><E37/><V70/><F119/><W54/><G107/><T53/><D131/><U38/><E38/><V57/><F133/><N who="0" m="51274" /><D110/><N who="3" m="41993" /><G128/><T88/><D67/><U122/><E73/><V84/><F20/><W23/><G0/><T39/><D39/><U93/><E108/><V31/><F31/><W115/><G78/><T7/><D10/><U33/><E33/><V118/><F118/><W62/><G23/><T75/><D75/><U28/><E117/><V49/><F74/><W63/><G92/><T103/><D103/><U121/><E114/><N who="3" m="43562" /><G54/><T134/><N who="0" m="51282" /><T81/><DORA hai="29" /><D55/><U87/><E104/><V130/><F130/><W99/><G99/><N who="0" m="57799" /><D89/><U101/><E106/><V14/><F79/><W32/><G32/><T43/><D43/><U80/><E101/><V30/><F105/><W17/><G17/><T24/><D24/><AGARI ba="2,0" hai="16,21,24,52,58,60,62,63" m="43562,41993" machi="24" ten="30,7700,0" yaku="14,1,11,1,54,2" doraHai="85,29" who="3" fromWho="0" sc="240,-83,299,0,216,0,245,83" /><INIT seed="3,0,0,5,0,12" ten="157,299,216,328" oya="3" hai0="132,23,83,5,106,31,50,119,126,68,30,38,88" hai1="71,78,125,13,45,42,28,67,135,0,101,87,92" hai2="70,43,133,32,27,102,59,22,91,117,60,35,93" hai3="100,76,85,36,122,129,11,111,24,18,64,86,116"/><W17/><G36/><T21/><D119/><U99/><E0/><V104/><F117/><W127/><G122/><T25/><D38/><U73/><E73/><V90/><F133/><W96/><G116/><T51/><D106/><U131/><E28/><V95/><F70/><W72/><G72/><T49/><D68/><U4/><E125/><V26/><F43/><W107/><G127/><T84/><D126/><U123/><E131/><V58/><F104/><W3/><G129/><T55/><D132/><U7/><E71/><V82/><F82/><W89/><G76/><T6/><D55/><U66/><E4/><V115/><F102/><W77/><G77/><T52/><D52/><U79/><E78/><V69/><F69/><W110/><G85/><T120/><D120/><U114/><E114/><V1/><F1/><W2/><G64/><T98/><D98/><U112/><E112/><V8/><F8/><W29/><G11/><T80/><D80/><N who="1" m="47519" /><E135/><V103/><F103/><W39/><G39/><T56/><D56/><U113/><E113/><V128/><F115/><W34/><G2/><T47/><D47/><U109/><E109/><N who="3" m="41482" /><G3/><T105/><D105/><U9/><E123/><V19/><F128/><W54/><G54/><T61/><D61/><U124/><E124/><V81/><F60/><W57/><G57/><T46/><D46/><U94/><E66/><V130/><F130/><W108/><G108/><T62/><D62/><U10/><E67/><V74/><F74/><W48/><G48/><T97/><D97/><U118/><E118/><V20/><F81/><AGARI ba="0,0" hai="17,18,24,29,34,81,86,89,96,100,107" m="41482" machi="81" ten="30,11600,0" yaku="14,1,10,1,52,2" doraHai="12" who="3" fromWho="2" sc="157,0,299,0,216,-116,328,116" /><INIT seed="3,1,0,1,0,4" ten="157,299,100,444" oya="3" hai0="15,85,69,122,28,113,86,91,47,40,57,49,13" hai1="96,38,52,128,29,24,18,53,14,60,64,110,45" hai2="37,78,111,105,81,65,102,59,121,109,35,55,104" hai3="22,68,73,80,10,30,88,12,2,134,7,116,70"/><W108/><G116/><T25/><D122/><U46/><E128/><V17/><F37/><W43/><G134/><T129/><D69/><U39/><E110/><N who="2" m="41995" /><F35/><W66/><G108/><T19/><D129/><U72/><E72/><N who="2" m="43207" /><F65/><W42/><G68/><T124/><D124/><U79/><E79/><V132/><F132/><W32/><G73/><T58/><D86/><U16/><E96/><V106/><F17/><N who="3" m="10535" /><G66/><T95/><D13/><U21/><E18/><V90/><F90/><W36/><G70/><T5/><D5/><U31/><E29/><V115/><F115/><W135/><G36/><T26/><D113/><U112/><E112/><V123/><F102/><W74/><G74/><T114/><D114/><U1/><E1/><V76/><F76/><W100/><G100/><T118/><D118/><U41/><E39/><V126/><F126/><W67/><G67/><T51/><D28/><U6/><E6/><V63/><AGARI ba="1,0" hai="55,59,63,104,105,106,121,123" m="43207,41995" machi="63" ten="40,1500,0" yaku="14,1" doraHai="4" who="2" fromWho="2" sc="157,-5,299,-5,100,18,444,-8" /><INIT seed="4,0,0,3,3,103" ten="152,294,118,436" oya="0" hai0="116,120,3,20,77,131,84,51,106,40,23,49,74" hai1="14,133,124,114,53,80,135,105,99,42,4,45,123" hai2="62,111,118,7,121,28,125,64,61,37,101,16,75" hai3="134,17,0,38,31,48,29,66,63,41,43,33,78"/><T70/><D116/><U117/><E117/><V12/><F118/><W82/><G38/><T19/><D120/><U6/><E123/><V81/><F121/><W18/><G0/><T122/><D122/><U47/><E124/><V119/><F119/><W1/><G1/><T128/><D74/><U27/><E80/><V54/><F111/><W104/><G104/><T76/><D3/><U65/><E65/><V95/><F125/><W126/><G134/><N who="1" m="51210" /><E14/><V60/><F7/><W71/><G33/><T59/><D70/><U85/><E27/><V102/><F64/><W67/><G126/><T57/><D40/><U9/><E9/><V26/><F54/><W15/><G17/><T50/><D106/><U44/><E85/><V30/><F26/><W107/><G67/><T68/><D68/><U5/><E42/><V2/><F2/><W10/><G107/><T113/><D113/><U36/><E36/><V86/><F75/><W13/><G43/><T110/><D110/><U97/><E105/><V72/><F72/><W22/><G41/><T39/><D39/><U73/><E73/><V24/><F37/><W52/><G10/><T21/><D19/><U58/><E114/><V79/><F95/><W93/><G93/><T56/><REACH who="0" step="1"/><D84/><REACH who="0" ten="142,294,118,436" step="2"/><U109/><E109/><V115/><F115/><W96/><G71/><T130/><AGARI ba="0,1" hai="20,21,23,49,50,51,56,57,59,76,77,128,130,131" machi="130" ten="50,48000,5" yakuman="40" doraHai="103" doraHaiUra="69" who="0" fromWho="0" sc="142,490,294,-160,118,-160,436,-160" owari="632,73.2,134,-26.6,-42,-54.2,276,7.6" /></mjloggm>