<mjloggm ver="2.3"><GO type="169" lobby="0"/><UN n0="%70%61%77%61" n1="%E9%BA%BB%E9%9B%80%E3%83%8F%E3%82%A4%E3%83%96%E3%83%AA%E3%83%83%E3%83%89" n2="%74%61%6B%65%2D%79%6F%75" n3="%E3%81%9F%E3%81%8B%E3%81%AF%E3%81%97%E3%81%83%E3%81%83%E3%81%83" dan="18,16,16,16" rate="2287.23,2106.48,2138.28,2121.34" sx="M,M,M,M"/><TAIKYOKU oya="0"/><INIT seed="0,0,0,5,3,103" ten="250,250,250,250" oya="0" hai0="115,34,127,112,6,90,52,39,96,119,38,116,11" hai1="68,10,5,57,64,91,23,54,25,130,65,82,40" hai2="121,83,124,41,129,131,113,132,99,122,106,81,70" hai3="55,84,20,85,73,21,80,9,95,19,92,16,66"/><T62/><D34/><U13/><E68/><V72/><F70/><W76/><G66/><T1/><D127/><U3/><E40/><V135/><F41/><W28/><G28/><T50/><D62/><U77/><E91/><V51/><F51/><W102/><G9/><T79/><D79/><U18/><E130/><N who="2" m="49675" /><F113/><W87/><G102/><T133/><D133/><N who="2" m="51274" /><F124/><W134/><G134/><T123/><D123/><N who="2" m="47114" /><F72/><W49/><G20/><T59/><D112/><U61/><REACH who="1" step="1"/><E3/><REACH who="1" ten="250,240,250,250" step="2"/><V7/><F7/><W98/><G19/><T47/><D115/><U120/><E120/><V60/><F60/><W107/><G16/><T94/><REACH who="0" step="1"/><D47/><REACH who="0" ten="240,240,250,250" step="2"/><U30/><E30/><V86/><F86/><AGARI ba="0,2" hai="5,10,13,18,23,25,54,57,61,64,65,77,82,86" machi="86" ten="30,3900,0" yaku="1,1,7,1,8,1,53,0" doraHai="103" doraHaiUra="37" who="1" fromWho="2" sc="240,0,240,59,250,-39,250,0" /><INIT seed="1,0,0,2,5,24" ten="240,299,211,250" oya="1" hai0="94,40,90,108,114,83,119,17,111,61,96,85,3" hai1="37,131,2,35,89,70,88,11,43,77,4,53,12" hai2="124,110,93,135,117,57,80,32,105,23,75,72,129" hai3="22,18,68,34,27,127,122,9,132,51,134,79,21"/><U71/><E131/><V86/><F32/><W102/><G68/><T49/><D114/><U7/><E35/><V6/><F117/><W81/><G122/><T128/><D119/><U60/><E77/><V31/><F105/><W30/><G127/><T16/><D3/><U97/><E4/><V50/><F110/><N who="0" m="42026" /><D61/><U41/><E2/><V78/><F135/><N who="3" m="51755" /><G102/><N who="0" m="60695" /><D128/><U87/><E97/><V42/><F129/><W54/><G9/><T82/><D82/><U56/><E89/><V44/><F124/><W1/><G1/><T33/><D33/><U112/><E112/><V59/><F6/><W130/><G18/><T63/><D63/><U8/><E11/><V47/><F47/><AGARI ba="0,0" hai="16,17,40,47,49,83,85,90" m="60695,42026" machi="47" ten="30,2000,0" yaku="14,1,54,1" doraHai="24" who="0" fromWho="2" sc="240,20,299,0,211,-20,250,0" /><INIT seed="2,0,0,1,3,2" ten="260,299,191,250" oya="2" hai0="32,41,23,110,99,62,131,18,105,122,72,123,38" hai1="74,96,113,54,22,24,84,121,70,64,66,55,46" hai2="35,8,48,37,30,88,103,6,129,45,115,29,36" hai3="119,87,116,21,81,78,12,5,130,117,75,124,82"/><V58/><F115/><W43/><G124/><T107/><D32/><U95/><E74/><V61/><F103/><W40/><G130/><T56/><D72/><U71/><E121/><V14/><F129/><W85/><G75/><T33/><D33/><U102/><E113/><V44/><F36/><W28/><G28/><T67/><D131/><U76/><E70/><V112/><F112/><W80/><G21/><T7/><D110/><U133/><E133/><V13/><F37/><W108/><G108/><T59/><D59/><U1/><E1/><V27/><F30/><W4/><G12/><T65/><D65/><U20/><E20/><V17/><F48/><W16/><G16/><T57/><D57/><U73/><E73/><V120/><F88/><W106/><G106/><T128/><D128/><U42/><E71/><V53/><REACH who="2" step="1"/><F120/><REACH who="2" ten="260,299,181,250" step="2"/><W19/><G19/><T39/><D122/><U25/><E76/><V9/><AGARI ba="0,1" hai="6,8,9,13,14,17,27,29,35,44,45,53,58,61" machi="9" ten="20,12000,1" yaku="1,1,2,1,0,1,7,1,52,1,53,0" doraHai="2" doraHaiUra="89" who="2" fromWho="2" sc="260,-40,299,-40,181,130,250,-40" /><INIT seed="2,1,0,1,3,64" ten="220,259,311,210" oya="2" hai0="46,18,44,38,100,41,31,21,109,70,76,92,102" hai1="84,45,23,77,73,98,130,72,111,127,135,93,114" hai2="62,121,122,75,61,50,69,129,34,81,56,51,90" hai3="88,126,66,11,133,19,10,74,83,35,59,95,89"/><V79/><F34/><W29/><G126/><T2/><D109/><U14/><E45/><V7/><F129/><W48/><G133/><T42/><D2/><U87/><E23/><V6/><F90/><W16/><G29/><T57/><D31/><U37/><E14/><V27/><F27/><W96/><G35/><T1/><D1/><U104/><E37/><V25/><F25/><W91/><G74/><T49/><D76/><U120/><E135/><V32/><F32/><W63/><G48/><T123/><D123/><U12/><E12/><V15/><F15/><W128/><G128/><T118/><D118/><U124/><E130/><V108/><F108/><W65/><G65/><T132/><D132/><U4/><E4/><V47/><F56/><W67/><G67/><T54/><D92/><U94/><E111/><V24/><F24/><W99/><G83/><T105/><D105/><U55/><E55/><V107/><F107/><W119/><G119/><T60/><REACH who="0" step="1"/><D70/><REACH who="0" ten="210,259,311,210" step="2"/><U71/><E71/><V134/><F69/><W53/><G66/><T110/><D110/><U5/><E120/><V117/><F134/><W97/><REACH who="3" step="1"/><G95/><REACH who="3" ten="210,259,311,200" step="2"/><T30/><D30/><U52/><E94/><V86/><F117/><W8/><AGARI ba="1,2" hai="8,10,11,16,19,53,59,63,88,89,91,96,97,99" machi="8" ten="40,16000,3" yaku="1,1,2,1,0,1,29,2,8,1,54,2,53,0" doraHai="64" doraHaiUra="106" who="3" fromWho="3" sc="210,-41,259,-41,311,-81,200,183" /><INIT seed="3,0,0,5,5,31" ten="169,218,230,383" oya="3" hai0="70,79,28,11,110,107,35,134,102,8,41,45,4" hai1="76,10,111,109,61,64,63,48,103,15,132,96,3" hai2="106,122,9,92,99,118,22,130,90,88,77,46,14" hai3="133,52,67,56,116,55,27,108,94,57,117,120,30"/><W58/><G120/><T69/><D110/><U135/><E3/><V95/><F118/><W97/><G108/><N who="1" m="41546" /><E76/><V125/><F130/><W23/><G133/><N who="1" m="51274" /><E48/><V39/><F122/><W36/><G36/><N who="0" m="21671" /><D11/><U80/><E80/><V44/><F77/><W17/><G67/><T0/><D79/><U20/><E20/><V25/><F39/><W26/><G116/><T12/><D12/><U37/><E37/><V128/><F128/><W100/><REACH who="3" step="1"/><G117/><REACH who="3" ten="169,218,230,373" step="2"/><T98/><D134/><U127/><E64/><V49/><F125/><W6/><G6/><T85/><D85/><U119/><E119/><V34/><F99/><W66/><G66/><T50/><D50/><U123/><E123/><V73/><F73/><W5/><G5/><T129/><D129/><U32/><E127/><V2/><F49/><W81/><G81/><T40/><D40/><U131/><E131/><V101/><F46/><W65/><G65/><T83/><D83/><U19/><E96/><V18/><F44/><W54/><G54/><T47/><D47/><U72/><E61/><V93/><F101/><W113/><G113/><T51/><D51/><U53/><E63/><V71/><F71/><W29/><G29/><T42/><D42/><U104/><E53/><V62/><F62/><W89/><G89/><T126/><D126/><U78/><E103/><V87/><F90/><W86/><G86/><T74/><D74/><U124/><E72/><V7/><F87/><W43/><G43/><T68/><D28/><U112/><E124/><V59/><F88/><W60/><G60/><T121/><D121/><U33/><E112/><RYUUKYOKU ba="0,1" sc="169,15,218,-15,230,-15,373,15" hai0="0,4,8,35,68,69,70,98,102,107" hai3="17,23,26,27,30,52,55,56,57,58,94,97,100" /><INIT seed="3,1,1,1,3,118" ten="184,203,215,388" oya="3" hai0="65,124,87,56,20,89,125,131,24,66,59,122,115" hai1="21,81,32,43,133,13,40,69,68,0,107,34,96" hai2="54,111,86,72,91,70,71,15,52,47,106,135,112" hai3="45,92,82,83,105,51,9,117,119,88,4,57,17"/><W36/><G105/><T55/><D131/><U25/><E0/><V37/><F72/><W49/><G36/><T126/><D115/><U129/><E133/><V113/><F106/><W74/><G17/><T99/><D99/><U46/><E129/><V120/><F15/><W98/><G57/><T33/><D33/><U85/><E13/><V39/><F91/><W28/><G28/><T104/><D104/><U26/><E96/><V60/><F86/><W22/><G22/><T78/><D78/><U134/><E107/><V93/><F93/><W110/><G110/><T14/><D14/><U94/><E94/><V123/><F60/><W19/><G19/><T130/><D130/><U12/><E12/><V97/><F97/><W80/><G74/><T35/><D35/><U8/><E8/><V101/><F101/><W50/><REACH who="3" step="1"/><G45/><REACH who="3" ten="184,203,215,378" step="2"/><T114/><D59/><U48/><E68/><V58/><F47/><W27/><G27/><T16/><D114/><U10/><E69/><V38/><F38/><W31/><G31/><T6/><D6/><U64/><E21/><V100/><F58/><W42/><G42/><T75/><D75/><U102/><E40/><V90/><F111/><W73/><G73/><T44/><D44/><U77/><E32/><V29/><F29/><W30/><G30/><T3/><D56/><U63/><E34/><V127/><F112/><W67/><G67/><T132/><D66/><U61/><E64/><V76/><F113/><W5/><G5/><T128/><D65/><U95/><E46/><V79/><F70/><W53/><G53/><T103/><D55/><RYUUKYOKU ba="1,2" sc="184,-10,203,-10,215,-10,378,30" hai3="4,9,49,50,51,80,82,83,88,92,98,117,119" /><INIT seed="3,2,2,1,5,125" ten="174,193,205,408" oya="3" hai0="95,9,16,46,104,32,118,57,20,106,109,23,75" hai1="5,135,73,100,43,83,42,110,88,55,58,11,93" hai2="48,132,121,67,72,99,29,113,102,6,19,30,51" hai3="134,59,33,61,7,15,64,60,76,82,71,128,91"/><W112/><G112/><T56/><D32/><U27/><E135/><V96/><F113/><W84/><G33/><T122/><D118/><U108/><E100/><V28/><F72/><W130/><G134/><T131/><D75/><U116/><E27/><V8/><F132/><W97/><G7/><T12/><D122/><U49/><E83/><V3/><F121/><W1/><G1/><T62/><D109/><N who="1" m="42091" /><E73/><V54/><F67/><W79/><G15/><T81/><D81/><U114/><E114/><V70/><F70/><W65/><REACH who="3" step="1"/><G97/><REACH who="3" ten="174,193,205,398" step="2"/><T41/><D12/><N who="1" m="5231" /><E116/><V18/><F96/><AGARI ba="2,3" hai="42,43,49,55,58,88,93,96" m="5231,42091" machi="96" ten="30,2000,0" yaku="14,1,54,1" doraHai="125" who="1" fromWho="2" sc="174,0,193,56,205,-26,398,0" /><INIT seed="4,0,0,0,5,131" ten="174,249,179,398" oya="0" hai0="55,18,70,94,3,17,112,24,57,60,102,13,103" hai1="22,62,129,67,97,78,61,89,98,105,77,92,96" hai2="124,46,28,35,25,73,19,75,121,14,100,123,126" hai3="23,74,85,83,7,69,30,56,6,29,120,65,27"/><T0/><D112/><U58/><E129/><V118/><F100/><W37/><G37/><T82/><D70/><U76/><E105/><V59/><F59/><W113/><G113/><T80/><D0/><U64/><REACH who="1" step="1"/><E22/><REACH who="1" ten="174,239,179,398" step="2"/><V71/><F35/><W128/><G23/><N who="0" m="13431" /><D3/><U116/><E116/><V43/><F118/><W86/><G128/><T93/><D103/><U48/><E48/><V95/><F121/><W9/><G120/><T114/><D114/><U104/><E104/><V110/><F123/><W79/><G6/><T51/><D51/><U15/><E15/><V47/><F14/><W132/><G7/><T45/><D45/><U41/><E41/><V53/><F43/><W54/><G27/><T106/><D106/><U66/><E66/><V119/><F25/><W68/><G65/><T111/><D111/><U88/><E88/><V50/><F47/><W10/><G54/><T33/><D33/><U38/><E38/><V26/><F53/><W4/><G4/><T101/><D101/><U16/><E16/><V31/><F19/><W34/><G34/><T122/><D122/><U135/><E135/><V115/><F119/><W91/><G132/><T8/><D102/><U107/><E107/><V127/><F110/><W12/><G12/><T130/><D130/><U49/><E49/><V39/><F50/><W40/><G40/><T133/><D133/><U11/><E11/><V134/><F134/><W117/><G117/><T52/><D55/><U42/><E42/><V20/><F115/><W1/><G1/><T21/><D8/><U84/><E84/><V99/><F39/><RYUUKYOKU ba="0,1" sc="174,15,239,15,179,-15,398,-15" hai0="13,17,21,52,57,60,80,82,93,94" hai1="58,61,62,64,67,76,77,78,89,92,96,97,98" /><INIT seed="4,1,1,0,3,94" ten="189,254,164,383" oya="0" hai0="96,73,1,130,43,76,5,74,49,116,133,60,45" hai1="127,100,21,67,134,91,110,30,65,33,109,23,118" hai2="120,34,8,62,38,13,56,87,95,10,17,66,16" hai3="37,80,15,123,40,112,25,51,75,78,3,89,41"/><T29/><D116/><U84/><E118/><V83/><F120/><W22/><G3/><T98/><D130/><U28/><E33/><V111/><F111/><W106/><G112/><T14/><D1/><U92/><E134/><V79/><F34/><W77/><G37/><T132/><D29/><U68/><E127/><V63/><F38/><W36/><G36/><T39/><D39/><U101/><E68/><V104/><F104/><W115/><G115/><T55/><D5/><U58/><E92/><V9/><F17/><W53/><G78/><T54/><D14/><U35/><E84/><V32/><F32/><W19/><G106/><T122/><D122/><U81/><E35/><V59/><REACH who="2" step="1"/><F95/><REACH who="2" ten="189,254,154,383" step="2"/><W42/><G19/><T121/><D121/><U7/><E110/><V124/><F124/><W90/><G123/><T4/><D4/><U108/><E109/><V61/><F61/><W125/><G125/><T128/><D128/><U126/><E108/><V48/><F48/><W20/><G51/><T47/><D60/><U46/><E126/><V86/><F86/><W135/><G135/><N who="0" m="51787" /><D74/><U105/><E105/><V24/><F24/><W0/><G25/><T131/><D131/><U52/><E28/><V27/><F27/><W12/><G75/><T11/><D11/><U71/><E30/><V18/><F18/><W97/><G20/><T117/><D117/><U69/><E7/><V119/><F119/><W72/><G22/><T99/><D47/><U114/><E114/><V82/><F82/><AGARI ba="1,2" hai="43,45,49,54,55,73,76,82,96,98,99" m="51787" machi="82" ten="30,11600,0" yaku="20,1,52,3" doraHai="94" who="0" fromWho="2" sc="189,139,254,0,154,-119,383,0" /><INIT seed="4,2,0,3,0,103" ten="328,254,35,383" oya="0" hai0="114,27,128,24,98,48,75,7,39,118,76,69,30" hai1="77,107,100,3,29,101,12,21,124,17,42,94,108" hai2="81,87,82,33,50,66,111,117,4,14,134,84,63" hai3="89,37,123,26,45,20,56,97,106,62,46,68,93"/><T110/><D118/><U74/><E107/><V90/><F111/><W86/><G123/><T135/><D39/><U16/><E3/><V44/><F33/><W36/><G68/><T129/><D110/><U58/><E124/><V88/><F134/><W70/><G70/><T34/><D135/><U51/><E108/><V133/><F117/><W2/><G2/><T31/><D114/><U49/><E29/><V65/><F133/><W5/><G5/><T80/><D7/><U11/><E77/><V116/><F63/><W109/><G109/><T8/><D8/><U83/><E74/><V57/><F57/><W13/><G13/><T54/><D98/><U59/><E83/><V60/><F60/><W126/><G126/><T64/><D64/><U19/><E94/><V79/><F116/><W15/><G15/><T113/><D69/><U67/><E67/><V72/><F72/><W96/><G36/><T18/><D18/><N who="1" m="7275" /><E21/><V38/><F38/><W115/><G115/><T73/><D73/><U22/><E22/><V1/><F1/><W105/><G96/><T104/><D104/><U10/><E10/><N who="2" m="4423" /><F90/><W71/><G71/><T43/><D113/><U6/><N who="1" m="7283" /><U125/><DORA hai="55" /><E125/><V119/><F119/><W25/><G37/><T41/><D129/><U95/><E95/><V23/><F23/><W9/><G9/><T0/><D0/><U91/><E91/><V28/><F28/><W32/><G105/><T53/><D128/><U112/><E112/><V92/><F81/><W78/><G106/><T130/><D130/><U40/><E100/><V52/><AGARI ba="2,0" hai="44,50,52,65,66,79,82,84,87,88,92" m="4423" machi="52" ten="30,7900,0" yaku="5,1,8,1,54,2" doraHai="103,55" who="2" fromWho="2" sc="328,-41,254,-22,35,85,383,-22" /><INIT seed="5,0,0,2,2,128" ten="287,232,120,361" oya="1" hai0="35,95,116,123,84,78,109,126,21,81,75,97,102" hai1="22,63,112,13,129,66,28,11,132,107,59,25,8" hai2="124,40,32,68,62,104,9,69,31,33,85,53,52" hai3="71,106,127,67,91,110,36,23,114,70,125,37,30"/><U117/><E117/><V4/><F124/><W115/><G106/><T74/><D35/><U101/><E129/><V82/><F104/><W80/><G80/><T19/><D116/><U55/><E112/><N who="3" m="43050" /><G91/><T58/><D109/><U15/><E132/><V38/><F38/><N who="3" m="14955" /><G23/><T119/><D119/><U2/><E2/><V26/><F32/><W45/><G30/><T51/><D126/><N who="3" m="48137" /><G110/><T133/><D123/><U47/><E101/><V92/><F92/><W86/><G86/><T7/><D7/><U96/><E96/><V42/><F85/><W72/><G72/><T105/><D105/><U113/><E107/><V29/><F82/><W90/><G90/><T3/><D3/><U56/><E113/><V39/><F29/><W64/><G45/><T134/><D75/><U135/><E47/><V88/><F88/><W1/><G1/><T57/><D74/><U83/><E83/><V111/><F111/><W98/><G98/><T0/><D0/><U60/><E135/><N who="0" m="51721" /><D51/><U43/><E43/><V76/><F40/><W65/><AGARI ba="0,0" hai="64,65,67,70,71" m="48137,14955,43050" machi="65" ten="40,12000,2" yaku="28,2,15,1,18,1,34,2" doraHai="128" who="3" fromWho="3" sc="287,-30,232,-60,120,-30,361,120" /><INIT seed="6,0,0,0,3,88" ten="257,172,90,481" oya="2" hai0="125,20,70,64,86,66,78,56,82,75,28,127,65" hai1="53,3,2,26,73,112,18,93,133,15,47,132,62" hai2="19,49,6,37,21,123,36,121,110,61,32,17,8" hai3="81,43,34,103,7,23,83,87,52,97,29,135,42"/><V10/><F32/><W128/><G34/><T55/><D70/><U122/><E122/><V99/><F110/><W54/><G128/><T115/><D115/><U46/><E73/><V11/><F6/><W77/><G7/><T14/><D75/><U38/><E26/><V35/><F35/><W40/><G135/><N who="1" m="51786" /><E112/><V13/><F19/><W104/><G29/><T116/><D116/><U95/><E62/><V108/><F108/><W131/><G131/><T63/><REACH who="0" step="1"/><D14/><REACH who="0" ten="247,172,90,481" step="2"/><U76/><E76/><V111/><F111/><W102/><G77/><T106/><D106/><U25/><E25/><AGARI ba="0,1" hai="20,25,28,55,56,63,64,65,66,78,82,86,125,127" machi="25" ten="40,2600,0" yaku="1,1,53,1" doraHai="88" doraHaiUra="51" who="0" fromWho="1" sc="247,36,172,-26,90,0,481,0" /><INIT seed="7,0,0,2,4,130" ten="283,146,90,481" oya="3" hai0="49,81,14,30,111,55,79,120,38,88,20,102,107" hai1="29,40,122,39,4,89,87,74,48,123,64,67,62" hai2="100,8,56,10,5,101,105,96,25,23,80,33,127" hai3="124,43,70,98,58,114,133,34,68,104,22,86,54"/><W16/><G133/><T91/><D38/><U12/><E39/><V97/><F127/><W17/><G16/><T106/><D120/><U92/><E74/><V45/><F33/><W113/><G17/><T37/><D37/><U36/><E36/><V129/><F129/><W3/><G54/><T82/><D82/><U125/><E67/><V0/><F45/><W85/><G58/><T9/><D20/><U19/><E125/><V135/><F135/><W109/><G85/><T83/><D30/><U31/><E4/><V52/><F80/><W46/><G86/><T131/><D83/><U115/><E115/><V6/><F23/><W57/><G57/><T128/><D111/><U51/><E123/><V44/><F25/><W21/><G98/><T7/><D106/><U126/><E126/><V60/><F44/><W108/><G46/><T95/><D107/><U59/><E122/><V65/><F65/><W18/><G22/><T69/><D81/><U15/><E15/><V42/><F42/><W66/><G43/><T99/><D14/><U134/><E134/><V77/><F77/><W28/><G21/><T47/><D79/><U94/><E40/><V103/><REACH who="2" step="1"/><F96/><REACH who="2" ten="283,146,80,481" step="2"/><W78/><G78/><T53/><D99/><N who="1" m="57743" /><E64/><V75/><F75/><W73/><G66/><T35/><D47/><U27/><E27/><V112/><F112/><W2/><G113/><T32/><D128/><U72/><E72/><V121/><F121/><W117/><G114/><T63/><D131/><U110/><E110/><V84/><F84/><W71/><G109/><T118/><D35/><U93/><E87/><RYUUKYOKU ba="0,1" sc="283,-10,146,-10,80,30,481,-10" hai2="0,5,6,8,10,52,56,60,97,100,101,103,105" owari="273,7.3,136,-26.4,110,-39.0,481,58.1" /></mjloggm>