<mjloggm ver="2.3"><GO type="169" lobby="0"/><UN n0="%70%72%6F%6E%61%72%69" n1="%E3%81%AF%E3%81%99%E3%81%9F" n2="%43%E3%82%A8%E3%83%BC%E3%82%B8%E3%82%A7%E3%83%B3%E3%83%88" n3="%E7%89%A7%E5%A0%B4%E3%81%AE%E5%B0%91%E5%A5%B3" dan="16,16,17,17" rate="2152.54,2069.54,2207.46,2215.64" sx="M,M,M,F"/><TAIKYOKU oya="0"/><INIT seed="0,0,0,2,4,132" ten="250,250,250,250" oya="0" hai0="111,110,91,35,46,130,82,120,87,94,13,78,129" hai1="29,105,55,100,14,1,118,40,2,0,124,47,48" hai2="9,88,73,57,134,37,127,109,68,115,10,114,32" hai3="63,81,101,36,49,103,96,99,3,20,51,21,64"/><T65/><D120/><U98/><E118/><V92/><F68/><W112/><G36/><T19/><D35/><U62/><E29/><V121/><F32/><W45/><G3/><T18/><D65/><U42/><E14/><V107/><F107/><W102/><G112/><T135/><D46/><U27/><E27/><V54/><F73/><W4/><G4/><T28/><D28/><U71/><E71/><V83/><F37/><W95/><G81/><T6/><D6/><U66/><E66/><V60/><F83/><W38/><G38/><T50/><D50/><U23/><E23/><V126/><F121/><W52/><G51/><T58/><D58/><U56/><REACH who="1" step="1"/><E42/><REACH who="1" ten="250,240,250,250" step="2"/><V16/><F114/><W70/><REACH who="3" step="1"/><G103/><REACH who="3" ten="250,240,250,240" step="2"/><T5/><D5/><U59/><E59/><V80/><F57/><W79/><G79/><T31/><D78/><U24/><E24/><V85/><F115/><W30/><G30/><T119/><D31/><U7/><E7/><V125/><F125/><AGARI ba="0,2" hai="0,1,2,40,47,48,55,56,62,98,100,105,124,125" machi="125" ten="50,6400,0" yaku="1,1,52,2,53,0" doraHai="132" doraHaiUra="22" who="1" fromWho="2" sc="250,0,240,84,250,-64,240,0" /><INIT seed="1,0,0,5,1,10" ten="250,324,186,240" oya="1" hai0="49,0,24,53,84,100,62,102,30,65,94,19,98" hai1="122,72,56,112,109,63,52,60,27,29,116,40,61" hai2="12,120,87,113,132,3,73,108,117,20,106,13,96" hai3="11,48,83,69,111,135,6,121,79,110,5,115,74"/><U119/><E112/><V46/><F73/><W125/><G121/><T17/><D0/><U85/><E122/><V90/><F3/><W35/><G35/><T47/><D100/><U33/><E72/><V44/><F117/><W9/><G115/><T129/><D129/><U124/><E124/><V18/><F120/><W134/><G69/><T103/><D103/><U82/><E109/><N who="3" m="41482" /><G48/><T36/><D84/><U104/><E104/><V130/><F130/><W68/><G68/><T37/><D37/><U42/><E116/><V114/><F132/><N who="3" m="50731" /><G125/><T55/><D55/><U67/><E119/><V126/><F126/><W39/><G39/><T22/><REACH who="0" step="1"/><D36/><REACH who="0" ten="240,324,186,240" step="2"/><U70/><REACH who="1" step="1"/><E63/><REACH who="1" ten="240,314,186,240" step="2"/><V127/><F108/><W91/><G91/><AGARI ba="0,2" hai="27,29,33,40,42,52,56,60,61,67,70,82,85,91" machi="91" ten="30,11600,0" yaku="1,1,2,1,7,1,54,1,53,0" doraHai="10" doraHaiUra="2" who="1" fromWho="3" sc="240,0,314,136,186,0,240,-116" /><INIT seed="1,1,0,2,4,98" ten="240,450,186,124" oya="1" hai0="90,69,127,35,49,123,88,109,60,11,51,120,96" hai1="74,112,122,118,36,59,119,56,89,76,30,117,113" hai2="24,128,83,104,39,47,124,22,85,33,130,100,55" hai3="7,46,67,80,8,40,27,3,134,25,63,86,64"/><U52/><E122/><N who="0" m="46633" /><D35/><U17/><E36/><V102/><F33/><W4/><G4/><T133/><D109/><U34/><E59/><V75/><F75/><W32/><G134/><T99/><D11/><U54/><E89/><N who="0" m="34409" /><D127/><U92/><E92/><V65/><F65/><W61/><G32/><T0/><D0/><U68/><E68/><V97/><F124/><W10/><G10/><T121/><D133/><U6/><E6/><V95/><F104/><W105/><G105/><T20/><D20/><U101/><E17/><V45/><F100/><W12/><G3/><T81/><D81/><U13/><E101/><V26/><F26/><W29/><G29/><T126/><D126/><U1/><E13/><V21/><F22/><W78/><G64/><N who="0" m="41095" /><D121/><U38/><E1/><V125/><F125/><W116/><G116/><T58/><D58/><U28/><E56/><V79/><F21/><W42/><G42/><T62/><D62/><U15/><E34/><V73/><F24/><W48/><REACH who="3" step="1"/><G63/><REACH who="3" ten="240,450,186,114" step="2"/><T77/><D49/><U110/><E119/><V87/><F128/><W103/><G103/><T131/><D51/><U14/><E118/><V43/><F130/><W84/><G84/><T107/><D131/><U93/><E117/><V82/><F82/><W135/><G135/><T31/><D31/><U53/><E28/><V16/><F16/><W114/><G114/><T5/><D5/><U44/><E113/><V9/><F9/><W37/><G37/><T66/><D107/><U18/><E30/><V91/><F102/><W72/><G72/><T19/><D19/><U94/><E18/><RYUUKYOKU ba="1,1" sc="240,-15,450,-15,186,15,114,15" hai2="39,43,45,47,55,73,79,83,85,87,91,95,97" hai3="7,8,12,25,27,40,46,48,61,67,78,80,86" /><INIT seed="2,2,1,3,3,22" ten="225,435,201,129" oya="2" hai0="126,122,128,35,108,8,118,77,107,105,86,53,124" hai1="127,43,89,123,15,40,92,12,10,29,129,31,133" hai2="84,111,33,98,47,112,24,56,37,65,17,3,68" hai3="2,69,78,94,25,19,73,90,130,88,80,9,135"/><V132/><F112/><W58/><G69/><T82/><D8/><U100/><E129/><V76/><F3/><W61/><G130/><T32/><D128/><U36/><E133/><V5/><F5/><W110/><G110/><T109/><D53/><U64/><E127/><N who="0" m="48681" /><D32/><U96/><E123/><V50/><F132/><W74/><G74/><N who="0" m="43319" /><D35/><U113/><E113/><V44/><F68/><W66/><G135/><T131/><D131/><U55/><E64/><V101/><F37/><W104/><G104/><N who="0" m="40011" /><D122/><U125/><E55/><V4/><F4/><W99/><G2/><T49/><D49/><U93/><E15/><V38/><F38/><W16/><G9/><T97/><D118/><U79/><E36/><V46/><F111/><W115/><G115/><T41/><D41/><U119/><E119/><V0/><F0/><W134/><G134/><T121/><D121/><U85/><E43/><V120/><F120/><W30/><REACH who="3" step="1"/><G90/><REACH who="3" ten="225,435,201,119" step="2"/><T21/><D108/><U54/><E10/><V117/><F117/><W51/><G51/><T106/><D109/><U114/><E89/><V26/><F50/><W6/><G6/><T45/><D106/><U60/><E114/><V13/><F101/><W7/><G7/><T75/><D75/><U62/><E100/><V95/><F33/><AGARI ba="2,2" hai="16,19,25,30,33,58,61,66,73,78,80,88,94,99" machi="33" ten="30,12000,2" yaku="1,1,7,1,52,1,54,2,53,1" doraHai="22" doraHaiUra="27" who="3" fromWho="2" sc="225,0,435,0,201,-126,119,146" /><INIT seed="3,0,0,4,5,125" ten="225,435,75,265" oya="3" hai0="33,77,97,118,121,116,11,89,5,115,101,52,103" hai1="93,114,43,57,24,66,6,108,68,113,70,132,39" hai2="61,75,18,17,36,73,63,59,107,83,129,131,21" hai3="51,122,13,67,20,42,30,86,29,110,88,102,49"/><W134/><G122/><T12/><D121/><U9/><E108/><V84/><F107/><W8/><G134/><T16/><D115/><U2/><E132/><V58/><F36/><W85/><G110/><T104/><D33/><U96/><E39/><V91/><F73/><W119/><G119/><T82/><D103/><U3/><E43/><V111/><F111/><W4/><G102/><T14/><D89/><U40/><E40/><V124/><F75/><W22/><G85/><T98/><D97/><U127/><E2/><V92/><F83/><W41/><G67/><T64/><D64/><U19/><E127/><V112/><F112/><W53/><G42/><T72/><REACH who="0" step="1"/><D52/><REACH who="0" ten="215,435,75,265" step="2"/><U47/><E66/><N who="2" m="39223" /><F124/><W7/><G41/><T95/><D95/><U94/><E94/><V135/><F135/><W15/><G53/><T0/><D0/><U87/><E93/><V69/><F69/><W105/><G105/><T126/><D126/><U79/><E3/><V123/><F123/><W62/><G62/><T120/><D120/><U32/><E70/><V81/><F92/><W25/><G51/><T60/><D60/><U71/><E68/><V10/><F59/><W117/><G49/><T99/><D99/><U80/><E57/><V54/><F54/><W55/><G55/><T133/><D133/><U78/><E71/><V1/><F63/><W34/><G117/><T31/><D31/><U76/><E114/><V38/><F38/><W28/><G28/><T50/><D50/><U90/><E96/><V37/><F37/><W45/><G29/><T56/><D56/><U48/><E113/><RYUUKYOKU ba="0,1" sc="215,30,435,-10,75,-10,265,-10" hai0="5,11,12,14,16,72,77,82,98,101,104,116,118" /><INIT seed="4,1,1,4,5,89" ten="245,425,65,255" oya="0" hai0="91,90,3,17,51,105,59,52,116,4,32,10,115" hai1="50,108,104,76,53,97,125,77,100,118,33,5,110" hai2="47,73,94,57,78,7,48,63,120,14,41,64,75" hai3="54,122,129,92,60,83,56,58,114,13,85,96,130"/><T95/><D116/><U43/><E118/><V31/><F120/><W119/><G119/><T25/><D105/><U82/><E33/><V11/><F31/><W9/><G114/><T23/><D115/><U111/><E125/><V1/><F1/><W26/><G122/><T80/><D80/><U74/><E77/><V21/><F21/><W39/><G39/><T0/><D0/><U107/><E5/><V28/><F28/><W45/><G45/><T68/><D68/><U24/><E43/><V67/><F64/><W36/><G56/><T19/><D32/><U127/><E127/><V124/><F124/><W88/><G26/><T2/><D2/><U30/><E30/><V123/><F123/><W112/><G36/><T102/><REACH who="0" step="1"/><D19/><REACH who="0" ten="235,425,65,255" step="2"/><U69/><E69/><V18/><F18/><W15/><G112/><T12/><D12/><U86/><E104/><V6/><F7/><W66/><G66/><T99/><AGARI ba="1,2" hai="3,4,10,17,23,25,51,52,59,90,91,95,99,102" machi="99" ten="30,11700,0" yaku="1,1,0,1,52,1,54,1,53,0" doraHai="89" doraHaiUra="81" who="0" fromWho="0" sc="235,140,425,-40,65,-40,255,-40" /><INIT seed="4,2,0,4,2,26" ten="375,385,25,215" oya="0" hai0="39,116,54,53,71,122,37,128,4,103,31,35,42" hai1="70,87,114,44,68,83,115,127,52,72,109,45,61" hai2="21,124,18,22,135,94,82,129,85,69,0,99,24" hai3="102,75,58,131,50,6,29,98,8,101,74,93,118"/><T40/><D116/><U125/><E109/><V1/><F69/><N who="1" m="26729" /><E72/><V56/><F124/><N who="1" m="47689" /><E87/><V117/><F135/><W121/><G118/><T30/><D71/><U81/><E83/><V55/><F129/><W65/><G131/><T88/><D103/><U13/><E13/><V3/><F22/><W119/><G121/><T112/><D35/><U48/><E81/><V107/><F107/><W100/><G119/><T32/><D32/><U11/><E11/><V97/><F94/><W12/><G75/><T16/><D4/><U86/><E86/><V89/><REACH who="2" step="1"/><F117/><REACH who="2" ten="375,385,15,215" step="2"/><W95/><G95/><T108/><D128/><U19/><E19/><V123/><F123/><W64/><G93/><T9/><D16/><U73/><E73/><V36/><F36/><W15/><G102/><T10/><D122/><U78/><E78/><V49/><AGARI ba="2,1" hai="0,1,3,18,21,24,49,55,56,82,85,89,97,99" machi="49" ten="30,2000,0" yaku="1,1,0,1,53,0" doraHai="26" doraHaiUra="62" who="2" fromWho="2" sc="375,-12,385,-7,15,36,215,-7" /><INIT seed="5,0,0,1,3,48" ten="363,378,51,208" oya="1" hai0="21,38,17,82,70,108,37,52,69,3,104,112,41" hai1="25,110,65,34,68,129,22,47,94,71,121,89,77" hai2="92,23,134,76,27,2,93,84,43,118,133,116,35" hai3="1,64,113,30,90,114,33,0,10,72,105,24,19"/><U60/><E121/><V122/><F35/><W125/><G72/><T18/><D108/><U86/><E110/><V7/><F7/><W131/><G105/><T45/><D112/><N who="3" m="43113" /><G90/><T95/><D104/><U8/><E129/><V9/><F43/><W96/><G96/><T74/><D37/><U81/><E34/><V44/><F44/><W29/><G64/><T87/><D3/><U67/><E47/><V88/><F122/><W79/><G79/><T14/><D17/><U130/><E8/><V31/><F76/><W101/><G101/><T39/><D39/><U111/><E130/><V80/><F9/><W26/><G131/><T103/><D74/><U4/><E4/><V63/><F2/><N who="3" m="1131" /><G125/><T50/><D95/><U54/><E111/><V102/><F63/><W132/><G132/><N who="2" m="50793" /><F93/><W28/><G33/><T120/><D103/><U61/><E77/><N who="2" m="46095" /><F102/><W85/><G85/><AGARI ba="0,0" hai="23,27,31,85,88,92,116,118" m="46095,50793" machi="85" ten="30,2000,0" yaku="20,1,54,1" doraHai="48" who="2" fromWho="3" sc="363,0,378,0,51,20,208,-20" /><INIT seed="6,0,0,0,4,29" ten="363,378,71,188" oya="2" hai0="111,69,51,110,36,24,26,54,133,109,62,61,101" hai1="132,30,129,127,59,126,65,35,105,5,119,18,2" hai2="86,92,27,112,80,47,46,14,40,98,70,118,38" hai3="77,114,107,123,37,57,50,85,102,97,41,34,106"/><V74/><F112/><W135/><G123/><T60/><D69/><U76/><E119/><V9/><F70/><W23/><G37/><T87/><D36/><U25/><E129/><V15/><F74/><W4/><G106/><T84/><D133/><U45/><E105/><V68/><F68/><W78/><G34/><T94/><D101/><U88/><E132/><V28/><F46/><W39/><G39/><T0/><D0/><U56/><E76/><V16/><F14/><W17/><G4/><T6/><D6/><U89/><E18/><V122/><F122/><W31/><G31/><T32/><D94/><U43/><E5/><V63/><F63/><W128/><G135/><T11/><D11/><U22/><E22/><V125/><F125/><W83/><G128/><T100/><D100/><U44/><E44/><V73/><F73/><W8/><G8/><T116/><D116/><U91/><E2/><V99/><F92/><N who="3" m="58663" /><G114/><T58/><REACH who="0" step="1"/><D32/><REACH who="0" ten="353,378,71,188" step="2"/><U48/><REACH who="1" step="1"/><E65/><REACH who="1" ten="353,368,71,188" step="2"/><V33/><REACH who="2" step="1"/><F118/><REACH who="2" ten="353,368,61,188" step="2"/><W12/><G107/><T130/><D130/><U103/><E103/><V104/><F104/><W3/><G3/><T121/><D121/><U75/><E75/><V52/><F52/><N who="3" m="31895" /><G41/><T64/><D64/><U95/><E95/><V10/><F10/><W49/><G49/><T90/><D90/><AGARI ba="0,3" hai="9,15,16,27,28,33,38,40,47,80,86,90,98,99" machi="90" ten="30,12000,1" yaku="1,1,7,1,52,1,54,1,53,1" doraHai="29" doraHaiUra="20" who="2" fromWho="0" sc="353,-120,368,0,61,150,188,0" /><AGARI ba="0,0" hai="12,17,23,77,78,83,85,90" m="31895,58663" machi="90" ten="30,2000,0" yaku="8,1,54,1" doraHai="29" who="3" fromWho="0" sc="233,-20,368,0,211,0,188,20" /><INIT seed="6,1,0,0,5,39" ten="213,368,211,208" oya="2" hai0="117,91,7,15,95,88,17,116,125,60,19,93,41" hai1="102,36,122,75,58,64,130,105,59,10,9,97,49" hai2="106,32,104,123,112,11,96,3,132,73,27,127,44" hai3="26,50,113,121,23,47,134,4,22,85,63,135,13"/><V52/><F123/><W72/><G72/><T5/><D60/><U1/><E36/><V92/><F73/><W128/><G121/><T124/><D15/><U90/><E122/><V107/><F112/><W83/><G128/><T69/><REACH who="0" step="1"/><D41/><REACH who="0" ten="203,368,211,208" step="2"/><U31/><E1/><V110/><F3/><W100/><G63/><T24/><D24/><U89/><E9/><V129/><F11/><W51/><G13/><T99/><D99/><U28/><E10/><V82/><F27/><W67/><G26/><T55/><D55/><U131/><E97/><V53/><F53/><W45/><G67/><T68/><AGARI ba="1,1" hai="5,7,17,19,68,69,88,91,93,95,116,117,124,125" machi="68" ten="25,8000,1" yaku="1,1,0,1,22,2,54,1,53,0" doraHai="39" doraHaiUra="21" who="0" fromWho="0" sc="203,93,368,-21,211,-41,208,-21" /><INIT seed="7,0,0,4,5,14" ten="296,347,170,187" oya="3" hai0="9,62,51,82,75,24,45,36,30,2,88,128,59" hai1="111,119,58,92,61,83,13,57,39,124,8,1,48" hai2="123,34,135,32,129,78,46,40,104,84,101,25,73" hai3="86,93,68,47,122,87,4,23,64,52,127,117,134"/><W108/><G122/><T89/><D36/><U85/><E111/><V21/><F135/><W55/><G117/><T44/><D128/><U37/><E1/><V29/><F129/><W98/><G108/><T130/><D130/><U63/><E92/><V70/><F70/><W118/><G118/><T91/><D75/><U6/><E48/><V106/><F73/><W126/><G4/><T41/><D2/><U76/><E124/><N who="3" m="47658" /><G134/><T132/><D9/><U103/><E103/><V10/><F10/><W20/><G64/><T11/><D11/><U12/><E12/><V19/><F123/><W66/><G66/><T56/><D44/><U107/><E107/><V95/><F34/><W18/><G20/><T96/><D96/><U102/><E102/><V120/><F120/><W27/><G68/><T26/><D30/><U90/><E76/><V109/><F109/><W105/><G105/><T121/><D121/><U80/><E80/><V69/><F69/><W99/><G99/><T0/><D0/><U112/><E6/><V65/><F65/><W17/><G17/><T28/><D28/><U74/><E83/><N who="2" m="47223" /><F101/><N who="3" m="60623" /><G47/><T71/><D45/><U79/><E119/><V54/><F95/><W72/><G72/><T60/><D132/><U97/><E97/><V53/><F104/><W100/><G100/><T77/><D71/><U49/><E74/><V5/><F106/><W22/><G22/><T43/><D26/><U16/><E8/><V35/><F5/><W50/><G50/><T113/><D24/><U116/><E49/><N who="2" m="26823" /><F32/><W114/><G114/><T94/><D113/><U7/><E112/><RYUUKYOKU ba="0,0" sc="296,-15,347,-15,170,15,187,15" hai2="19,21,25,29,35,53,54" hai3="18,23,27,52,55,86,87" /><INIT seed="7,1,0,4,0,66" ten="281,332,185,202" oya="3" hai0="93,116,73,102,2,65,125,46,10,115,80,60,83" hai1="27,47,84,86,124,1,98,24,68,79,49,53,8" hai2="40,131,119,78,118,38,52,69,103,26,135,104,109" hai3="56,106,58,43,51,36,57,35,21,105,87,37,44"/><W16/><G35/><T121/><D116/><U62/><E124/><V122/><F109/><W42/><G87/><T130/><D121/><U7/><E98/><V39/><F122/><W13/><REACH who="3" step="1"/><G51/><REACH who="3" ten="281,332,185,192" step="2"/><T17/><D125/><U77/><E84/><V48/><F118/><W5/><G5/><T97/><D73/><U33/><E33/><V128/><F119/><W114/><G114/><T120/><D115/><U111/><E86/><V63/><F78/><W28/><G28/><T34/><D34/><U23/><E49/><V110/><F110/><W134/><G134/><T82/><D120/><U85/><E7/><V71/><F135/><W126/><G126/><T127/><D127/><U41/><E85/><V107/><F26/><W74/><G74/><T117/><D117/><U50/><E50/><V45/><F107/><W14/><G14/><T20/><D80/><U99/><E27/><V132/><F132/><W31/><G31/><T15/><D82/><U76/><E24/><V101/><F104/><W12/><G12/><T9/><D83/><U11/><E79/><V113/><F113/><W72/><G72/><T133/><D133/><U3/><E77/><V90/><F38/><W70/><G70/><T0/><D15/><U91/><E68/><V88/><F39/><W19/><G19/><T95/><D17/><U64/><E76/><V32/><F32/><W29/><G29/><T67/><D0/><U89/><E1/><V108/><F108/><W25/><G25/><T55/><D2/><U100/><E3/><V112/><F112/><W94/><G94/><T129/><D95/><RYUUKYOKU ba="1,1" sc="281,-10,332,-10,185,-10,192,30" hai3="13,16,21,36,37,42,43,44,56,57,58,105,106" /><INIT seed="7,2,1,0,0,9" ten="271,322,175,222" oya="3" hai0="21,135,119,71,130,36,3,83,74,34,44,39,131" hai1="31,69,73,123,58,6,30,105,134,100,10,81,15" hai2="77,62,125,70,56,11,22,90,45,26,96,59,121" hai3="99,85,37,2,133,95,12,94,127,82,80,16,7"/><W120/><G120/><T54/><D34/><U1/><E69/><V5/><F125/><W102/><G37/><T97/><D119/><U118/><E123/><V109/><F109/><W33/><G33/><T91/><D54/><U93/><E118/><V115/><F115/><W23/><G127/><T122/><D44/><U35/><E105/><V86/><F45/><W106/><G133/><T72/><D91/><U14/><E134/><V48/><F96/><W4/><G2/><T79/><D21/><U32/><E32/><V117/><F77/><W18/><G106/><T41/><D83/><N who="3" m="31785" /><G18/><T50/><D3/><U63/><E31/><V116/><F121/><W20/><G20/><T38/><D38/><U89/><E30/><V110/><F70/><W104/><G104/><T42/><D36/><U98/><E35/><V124/><F124/><W65/><G65/><T53/><D39/><U55/><REACH who="1" step="1"/><E89/><AGARI ba="2,1" hai="4,7,12,16,23,85,89,94,95,99,102" m="31785" machi="89" ten="30,5800,0" yaku="8,1,52,1,54,1" doraHai="9" who="3" fromWho="1" sc="271,0,322,-64,175,0,222,74" /><INIT seed="7,3,0,1,5,102" ten="271,258,175,296" oya="3" hai0="109,57,89,53,17,29,48,112,68,23,82,1,127" hai1="65,130,63,122,81,21,14,124,55,41,129,51,20" hai2="15,6,2,0,119,54,133,56,49,108,13,92,83" hai3="42,106,10,104,71,60,125,80,111,24,44,77,78"/><W107/><G125/><T114/><D109/><U16/><E122/><V30/><F108/><W70/><G111/><T40/><D127/><U32/><E124/><V115/><F115/><N who="0" m="44074" /><D68/><U38/><E32/><V90/><F133/><W9/><G24/><T93/><D1/><U121/><E121/><V7/><F30/><W94/><G94/><T98/><D29/><U39/><E81/><V5/><F83/><W64/><G70/><T12/><D82/><U97/><E97/><V84/><REACH who="2" step="1"/><F119/><REACH who="2" ten="271,258,165,296" step="2"/><W123/><G123/><T8/><D40/><U22/><E41/><V88/><F88/><W131/><G131/><T27/><D27/><U4/><E130/><V132/><F132/><W103/><G77/><T33/><D33/><U74/><E129/><V26/><F26/><W99/><G80/><T43/><D43/><U91/><E91/><V46/><F46/><W110/><G78/><T100/><D89/><U47/><E74/><V69/><F69/><W25/><G110/><T75/><D75/><U95/><E47/><V73/><F73/><W11/><G25/><T61/><D23/><U76/><E76/><V118/><F118/><W135/><G135/><T117/><D117/><U120/><E21/><V85/><F85/><W28/><G28/><T72/><D72/><U37/><E20/><V134/><F134/><W66/><G66/><T35/><D35/><U87/><E65/><V126/><F126/><W116/><G116/><T18/><D18/><N who="1" m="10583" /><E87/><V79/><F79/><W128/><G128/><T45/><D45/><N who="1" m="28143" /><E16/><V67/><F67/><W50/><AGARI ba="3,1" hai="9,10,11,42,44,50,60,64,71,99,103,104,106,107" machi="50" ten="30,11700,0" yaku="0,1,52,3" doraHai="102" who="3" fromWho="3" sc="271,-42,258,-42,165,-42,296,136" owari="229,2.9,216,-18.4,123,-37.7,432,53.2" /></mjloggm>