<mjloggm ver="2.3"><GO type="169" lobby="0"/><UN n0="%E3%83%8F%E3%82%AC%E3%82%BF%E3%82%AB%E3%81%AE%E3%81%88%E3%81%98%E3%81%8D" n1="%E3%81%A4%E3%81%B0%E3%83%A1" n2="%E3%83%90%E3%83%AA%E3%83%88%E3%83%B3" n3="%E3%83%88%E3%82%B7%E3%83%95%E3%83%BC%E3%83%8B" dan="17,16,17,16" rate="2169.79,2083.48,2236.85,2137.79" sx="M,M,M,M"/><TAIKYOKU oya="0"/><INIT seed="0,0,0,5,1,21" ten="250,250,250,250" oya="0" hai0="115,68,2,108,132,72,17,117,48,86,121,44,111" hai1="98,50,9,14,96,40,24,42,85,6,82,93,45" hai2="124,118,127,56,35,8,67,91,27,38,126,4,130" hai3="7,75,10,79,13,81,95,26,135,58,66,30,12"/><T97/><D115/><U31/><E42/><V63/><F38/><W102/><G135/><T41/><D117/><U29/><E93/><V62/><F130/><W100/><G13/><T60/><D72/><U32/><REACH who="1" step="1"/><E29/><REACH who="1" ten="250,240,250,250" step="2"/><V92/><F118/><W25/><G95/><T89/><D41/><U77/><AGARI ba="0,1" hai="6,9,14,24,31,32,40,45,50,77,82,85,96,98" machi="77" ten="20,12000,2" yaku="1,1,2,1,0,1,7,1,25,2,52,1,53,0" doraHai="21" doraHaiUra="54" who="1" fromWho="1" sc="250,-60,240,130,250,-30,250,-30" /><INIT seed="1,0,0,2,4,51" ten="190,370,220,220" oya="1" hai0="121,102,2,86,117,103,111,54,84,90,0,80,110" hai1="79,44,50,64,30,100,87,55,113,12,57,24,73" hai2="124,6,34,122,29,62,135,76,132,48,7,23,20" hai3="75,106,81,25,37,112,61,40,33,28,99,5,104"/><U49/><E113/><V52/><F122/><W126/><G112/><T15/><D117/><U35/><E73/><V72/><F124/><W67/><G126/><T116/><D116/><U65/><E100/><N who="0" m="38441" /><D121/><U39/><E39/><V97/><F97/><W4/><G99/><T109/><D15/><U107/><E107/><V130/><F130/><W66/><G66/><T133/><D133/><N who="2" m="51274" /><F62/><W123/><G123/><T63/><D86/><U82/><REACH who="1" step="1"/><E12/><REACH who="1" ten="190,360,220,220" step="2"/><V74/><F74/><W134/><G134/><T101/><D101/><U93/><E93/><V43/><F43/><AGARI ba="0,1" hai="24,30,35,43,44,49,50,55,57,64,65,79,82,87" machi="43" ten="30,5800,0" yaku="1,1,7,1,52,1,53,0" doraHai="51" doraHaiUra="56" who="1" fromWho="2" sc="190,0,360,68,220,-58,220,0" /><INIT seed="1,1,0,3,2,27" ten="190,428,162,220" oya="1" hai0="2,123,114,57,43,115,84,98,76,33,22,119,40" hai1="124,107,129,8,134,102,28,26,130,55,54,6,85" hai2="75,23,15,77,108,63,17,99,71,65,122,59,37" hai3="70,111,79,29,53,69,73,95,46,20,51,62,109"/><U86/><E102/><V30/><F122/><W32/><G32/><T14/><D33/><U83/><E107/><V39/><F108/><N who="3" m="41547" /><G95/><T128/><D2/><U121/><E121/><V35/><F59/><W81/><G62/><T34/><D34/><U112/><E112/><V60/><F63/><W103/><G103/><T89/><D123/><U61/><E124/><V105/><F77/><W72/><G72/><T96/><D76/><U90/><E86/><V132/><F75/><W68/><G20/><T118/><D57/><U45/><E134/><V87/><F87/><W13/><G13/><T97/><D22/><N who="1" m="15447" /><E45/><V88/><F132/><W78/><G78/><T21/><D21/><U116/><E116/><V44/><F44/><W38/><G38/><T120/><D120/><U126/><E61/><V92/><REACH who="2" step="1"/><F105/><REACH who="2" ten="190,428,152,220" step="2"/><W117/><G117/><T74/><D74/><U94/><E126/><V67/><F67/><W12/><G70/><T91/><D84/><U47/><E47/><V82/><F82/><W4/><G69/><T131/><D98/><U64/><E64/><V110/><F110/><W24/><G68/><T106/><D106/><U48/><E83/><V36/><F36/><W56/><G46/><T3/><D119/><U10/><E48/><V0/><F0/><W133/><G133/><T41/><D118/><U25/><E85/><V5/><F5/><W7/><G7/><T58/><D3/><U127/><E127/><V101/><F101/><W80/><G80/><T1/><D1/><U9/><E6/><V104/><F104/><W19/><G73/><T66/><D97/><RYUUKYOKU ba="1,1" sc="190,-10,428,-10,152,30,220,-10" hai2="15,17,23,30,35,37,39,60,65,71,88,92,99" /><INIT seed="2,2,1,0,1,68" ten="180,418,182,210" oya="2" hai0="32,112,13,54,117,10,23,78,129,107,87,38,25" hai1="9,21,88,96,111,86,7,64,106,4,43,85,67" hai2="133,15,55,84,42,65,124,94,82,70,98,41,72" hai3="122,93,89,20,36,49,51,90,30,44,60,74,16"/><V76/><F133/><W127/><G74/><T120/><D107/><U33/><E33/><V95/><F124/><W18/><G122/><T108/><D87/><U1/><E111/><V19/><F72/><W130/><G127/><T5/><D78/><U103/><E7/><V80/><F80/><W40/><G130/><T46/><D54/><U48/><E86/><V77/><F77/><W47/><G60/><T57/><D57/><U24/><E48/><V115/><F115/><W126/><G126/><T105/><D105/><U113/><E43/><V79/><F79/><W27/><G90/><T31/><D112/><U26/><E113/><V131/><F131/><W62/><G62/><T75/><D75/><U73/><E24/><V59/><F65/><W53/><REACH who="3" step="1"/><G51/><REACH who="3" ten="180,418,182,200" step="2"/><T121/><D129/><U118/><E73/><V104/><F70/><W14/><G14/><T61/><D61/><U66/><E118/><V92/><F98/><AGARI ba="2,2" hai="16,18,20,27,30,36,40,44,47,49,53,89,93,98" machi="98" ten="30,7700,0" yaku="1,1,7,1,52,1,54,1,53,0" doraHai="68" doraHaiUra="83" who="3" fromWho="2" sc="180,0,418,0,182,-83,200,103" /><INIT seed="3,0,0,0,3,135" ten="180,418,99,303" oya="3" hai0="110,60,13,101,102,27,41,115,38,74,49,42,51" hai1="58,62,75,29,117,68,31,71,94,22,83,11,70" hai2="103,7,88,109,19,55,87,119,126,73,3,105,67" hai3="99,112,114,14,15,21,81,121,18,134,106,53,46"/><W5/><G121/><T48/><D74/><U79/><E117/><V107/><F119/><W20/><G134/><T97/><D110/><U89/><E11/><V0/><F73/><W39/><G81/><T124/><D124/><U90/><E22/><V82/><F67/><W30/><G39/><T64/><D115/><U127/><E127/><V45/><F109/><W72/><G72/><T77/><D77/><U6/><E6/><V65/><F65/><W132/><G132/><T26/><D13/><U131/><E131/><V125/><F19/><W16/><G5/><T63/><D38/><U24/><E24/><N who="0" m="9257" /><D64/><U47/><E47/><V61/><F3/><W118/><G30/><T35/><D97/><U128/><E128/><V10/><F107/><W120/><G120/><T34/><D34/><U108/><E108/><V85/><F85/><W50/><REACH who="3" step="1"/><G118/><REACH who="3" ten="180,418,99,293" step="2"/><T4/><D4/><U113/><E29/><V43/><F105/><W123/><G123/><T95/><D35/><U23/><E31/><V33/><F33/><W37/><G37/><T91/><D41/><U98/><E79/><V69/><F69/><W93/><G93/><T86/><D42/><U54/><E83/><V92/><F92/><W36/><G36/><T12/><D12/><U52/><E75/><V66/><F43/><W76/><G76/><T56/><D95/><U1/><E71/><V104/><F104/><W32/><G32/><T116/><D116/><U44/><E70/><N who="2" m="42319" /><F103/><AGARI ba="0,1" hai="14,15,16,18,20,21,46,50,53,99,103,106,112,114" machi="103" ten="40,12000,1" yaku="1,1,9,1,54,1,53,2" doraHai="135" doraHaiUra="9" who="3" fromWho="2" sc="180,0,418,0,99,-120,293,130" owari="180,-22.0,418,21.8,-21,-52.1,423,52.3" /></mjloggm>