<mjloggm ver="2.3"><GO type="169" lobby="0"/><UN n0="%E8%82%89%E5%9B%A3%E5%AD%90%E5%85%88%E7%94%9F" n1="%E3%82%B9%E3%82%AB%E3%83%9D%E3%83%B3" n2="%E3%82%A8%E3%83%AB%E3%82%B2%E3%83%AB%E3%83%BC%E3%82%B8" n3="%E5%A4%A2%E4%BB%98%E3%81%8D" dan="16,17,16,16" rate="2075.56,2142.95,2135.75,2109.58" sx="M,M,M,M"/><TAIKYOKU oya="0"/><INIT seed="0,0,0,5,0,14" ten="250,250,250,250" oya="0" hai0="121,69,60,28,41,70,44,98,134,94,48,13,95" hai1="11,63,15,93,57,83,33,47,61,119,75,72,50" hai2="105,58,123,106,16,7,46,3,43,55,78,51,62" hai3="2,52,97,133,37,114,6,120,24,9,23,113,99"/><T22/><D121/><U89/><E119/><V20/><F123/><W54/><G120/><T107/><D134/><U49/><E33/><V125/><F125/><W38/><G133/><T102/><D107/><U87/><E75/><V101/><F78/><W30/><G114/><T103/><D60/><U59/><E72/><V68/><F101/><W0/><G0/><T110/><D110/><U53/><E93/><V128/><F128/><W79/><G113/><T118/><D118/><U35/><E35/><V5/><F68/><W76/><G76/><T111/><D111/><U90/><E90/><V84/><F84/><W112/><G112/><T29/><D29/><U67/><REACH who="1" step="1"/><E47/><REACH who="1" ten="250,240,250,250" step="2"/><V88/><F88/><W74/><G74/><T96/><REACH who="0" step="1"/><D28/><REACH who="0" ten="240,240,250,250" step="2"/><U39/><E39/><V104/><REACH who="2" step="1"/><F3/><REACH who="2" ten="240,240,240,250" step="2"/><W126/><G2/><T86/><D86/><U21/><E21/><V135/><F135/><W18/><G23/><T64/><D64/><U77/><E77/><V80/><F80/><W82/><G82/><T115/><D115/><U116/><E116/><V36/><F36/><W124/><G79/><T91/><D91/><U129/><E129/><V66/><F66/><W56/><G38/><T17/><AGARI ba="0,3" hai="13,17,22,41,44,48,69,70,94,95,96,98,102,103" machi="17" ten="30,11700,0" yaku="1,1,0,1,9,1,52,1,53,0" doraHai="14" doraHaiUra="108" who="0" fromWho="0" sc="240,147,240,-39,240,-39,250,-39" /><INIT seed="0,1,0,0,0,85" ten="387,201,201,211" oya="0" hai0="113,87,127,12,20,54,112,11,52,135,125,123,28" hai1="30,108,27,33,99,122,103,47,36,132,6,93,104" hai2="120,98,117,129,15,8,23,75,110,116,100,118,84" hai3="96,114,38,41,74,42,21,92,109,17,37,106,44"/><T90/><D123/><U14/><E122/><V25/><F120/><W60/><G114/><T119/><D119/><U13/><E132/><V79/><F75/><W86/><G74/><T77/><D77/><U26/><E108/><V128/><F110/><W5/><G109/><T134/><D28/><U7/><E27/><V101/><F79/><W130/><G130/><N who="2" m="50281" /><F84/><W50/><G106/><T0/><D20/><U102/><E102/><V133/><F133/><N who="0" m="50698" /><D0/><U10/><E104/><V72/><F72/><W83/><G5/><N who="0" m="3183" /><D112/><U43/><REACH who="1" step="1"/><E6/><REACH who="1" ten="387,191,201,211" step="2"/><N who="2" m="3479" /><F98/><W9/><G96/><T49/><D113/><U2/><AGARI ba="1,1" hai="2,7,10,13,14,26,30,33,36,43,47,93,99,103" machi="2" ten="20,5200,0" yaku="1,1,0,1,7,1,53,1" doraHai="85" doraHaiUra="97" who="1" fromWho="1" sc="387,-27,191,65,201,-14,211,-14" /><INIT seed="1,0,0,4,0,4" ten="360,256,187,197" oya="1" hai0="100,123,80,7,60,101,71,92,10,65,74,134,5" hai1="48,2,109,111,62,103,122,120,130,16,40,39,66" hai2="14,64,45,132,121,52,9,17,107,97,53,24,119" hai3="20,13,54,135,49,22,112,6,89,23,44,113,114"/><U21/><E2/><V27/><F119/><W93/><G135/><T69/><D134/><U8/><E130/><V47/><F121/><W110/><G110/><N who="1" m="41994" /><E103/><V106/><F132/><W25/><G25/><N who="2" m="9801" /><F107/><W131/><G131/><T82/><D5/><U81/><E39/><V75/><F75/><W29/><G29/><T37/><D71/><N who="1" m="42455" /><E81/><V30/><F106/><W70/><G70/><T58/><D69/><U19/><E21/><V11/><F30/><W102/><G102/><T73/><D37/><U90/><E90/><V35/><F64/><W88/><REACH who="3" step="1"/><G93/><REACH who="3" ten="360,256,187,187" step="2"/><T126/><D92/><U84/><E122/><V98/><F35/><W108/><G108/><T34/><D101/><U36/><E120/><V124/><F124/><W117/><G117/><T38/><D100/><U31/><E31/><V46/><F11/><AGARI ba="0,1" hai="6,11,13,20,22,23,44,49,54,88,89,112,113,114" machi="11" ten="50,6400,0" yaku="1,1,52,1,54,1,53,0" doraHai="4" doraHaiUra="56" who="3" fromWho="2" sc="360,0,256,0,187,-64,187,74" /><INIT seed="2,0,0,0,0,50" ten="360,256,123,261" oya="2" hai0="32,63,19,20,93,106,90,25,21,107,135,29,104" hai1="33,69,79,59,60,62,4,110,132,3,42,71,94" hai2="108,73,41,35,23,134,17,27,61,24,40,92,105" hai3="44,49,2,81,127,112,11,78,67,100,84,96,53"/><V85/><F73/><W12/><G127/><T52/><D135/><U133/><E33/><V122/><F105/><W115/><G2/><T98/><REACH who="0" step="1"/><D19/><REACH who="0" ten="350,256,123,261" step="2"/><U58/><E133/><V126/><F134/><W16/><REACH who="3" step="1"/><G67/><REACH who="3" ten="350,256,123,251" step="2"/><T22/><D22/><U101/><E132/><V5/><F126/><W119/><G119/><T8/><D8/><U45/><E3/><V72/><F23/><W1/><G1/><T0/><D0/><U91/><E110/><V48/><F108/><W117/><G117/><T123/><D123/><U9/><E9/><V31/><F122/><W82/><G82/><T125/><D125/><U77/><E4/><V55/><F35/><W10/><G10/><T80/><D80/><U34/><E34/><V70/><F5/><W131/><G131/><T6/><D6/><U113/><E113/><V43/><F17/><W18/><G18/><T87/><D87/><U64/><E64/><V116/><F116/><W46/><G46/><T99/><D99/><U56/><E45/><N who="2" m="28047" /><F72/><W111/><G111/><T15/><D15/><U75/><E75/><V76/><F24/><W86/><G86/><T124/><D124/><U103/><E62/><V37/><F27/><W38/><G38/><T120/><D120/><U121/><E60/><V14/><F14/><W68/><G68/><T109/><D109/><U57/><E71/><V26/><F37/><W114/><G114/><T30/><D30/><U36/><E69/><V74/><F74/><W128/><G128/><T65/><D65/><U102/><N who="1" m="14336" /><DORA hai="89" /><U88/><E121/><V83/><F70/><W7/><G7/><RYUUKYOKU ba="0,2" sc="350,15,256,-15,123,-15,251,15" hai0="20,21,25,29,32,52,63,90,93,98,104,106,107" hai3="11,12,16,44,49,53,78,81,84,96,100,112,115" /><INIT seed="3,1,2,5,2,56" ten="365,241,108,266" oya="3" hai0="135,129,115,123,21,34,7,55,32,37,17,130,20" hai1="38,11,45,12,8,99,18,106,132,96,70,93,76" hai2="52,30,100,111,124,98,15,26,112,109,53,19,2" hai3="81,40,65,87,90,24,47,103,69,5,73,116,88"/><W33/><G116/><T105/><D123/><U43/><E132/><V25/><F112/><W9/><G73/><T113/><D105/><U82/><E70/><V22/><F124/><W57/><G69/><T62/><D37/><U75/><E106/><V27/><F2/><W86/><G103/><T127/><D135/><U1/><E93/><V77/><F77/><W16/><G65/><T121/><D121/><U35/><E35/><N who="0" m="13353" /><D55/><U66/><E66/><V94/><REACH who="2" step="1"/><F30/><REACH who="2" ten="365,241,98,266" step="2"/><W61/><G5/><AGARI ba="1,3" hai="1,5,8,11,12,18,38,43,45,75,76,82,96,99" machi="5" ten="40,2600,0" yaku="25,2" doraHai="56" who="1" fromWho="3" sc="365,0,241,59,98,0,266,-29" /><INIT seed="4,0,0,2,1,59" ten="365,300,98,237" oya="0" hai0="123,98,92,4,56,87,100,16,36,126,96,39,63" hai1="24,116,43,70,52,77,61,3,65,7,29,131,106" hai2="62,85,35,0,64,57,20,115,110,45,79,104,38" hai3="74,109,124,102,132,134,73,27,114,119,49,81,37"/><T47/><D123/><U44/><E116/><V9/><F110/><W15/><G37/><T108/><D4/><U78/><E131/><V121/><F121/><W18/><G109/><T5/><D5/><U75/><E106/><V42/><F115/><W53/><G119/><T46/><D108/><U32/><E75/><V50/><F35/><W107/><G114/><T17/><D87/><U76/><E7/><V117/><F117/><W130/><G124/><T113/><D113/><U21/><E3/><V99/><F104/><W23/><G81/><T13/><D126/><U127/><E127/><V6/><F20/><W118/><G130/><T26/><D96/><U135/><E135/><N who="3" m="51754" /><G118/><T101/><D101/><U51/><REACH who="1" step="1"/><E32/><REACH who="1" ten="365,290,98,237" step="2"/><V91/><F99/><N who="3" m="61919" /><G15/><T58/><D13/><U111/><E111/><V12/><F0/><W10/><G74/><T55/><D26/><U125/><E125/><V8/><F8/><W40/><G10/><T34/><D34/><U82/><E82/><N who="2" m="47327" /><F38/><W41/><G73/><T69/><D39/><U80/><E80/><V122/><F122/><W88/><G27/><T72/><D72/><U97/><E97/><V48/><F48/><W1/><G49/><T112/><D98/><U2/><E2/><V33/><F33/><W25/><G25/><T94/><D36/><U86/><E86/><V128/><F128/><W28/><G1/><T89/><D112/><U19/><E19/><V71/><F71/><W120/><G18/><T68/><D100/><U66/><E66/><V83/><F83/><W30/><G120/><T105/><D69/><U133/><E133/><RYUUKYOKU ba="0,1" sc="365,-15,290,15,98,15,237,-15" hai1="21,24,29,43,44,51,52,61,65,70,76,77,78" hai2="6,9,12,42,45,50,57,62,64,91" /><INIT seed="5,1,1,5,3,70" ten="350,305,113,222" oya="1" hai0="39,96,133,45,46,85,13,59,126,27,134,2,128" hai1="58,119,90,83,99,64,22,54,16,107,91,14,17" hai2="84,25,28,30,77,117,24,78,69,74,127,52,115" hai3="31,108,29,105,125,132,98,6,120,111,11,72,12"/><U18/><E119/><V0/><F117/><W88/><G120/><T89/><D2/><U37/><E37/><V38/><F69/><W71/><G71/><T109/><D109/><U15/><E64/><V101/><F0/><W47/><G72/><T8/><D128/><U33/><E33/><V114/><F74/><W65/><G65/><T106/><D27/><N who="2" m="10314" /><F101/><W57/><G132/><T21/><D21/><U104/><E83/><V118/><F118/><W56/><G125/><T75/><D75/><U123/><E123/><V42/><F84/><W41/><G108/><T61/><D126/><U26/><E107/><V35/><F35/><W81/><G111/><T130/><D96/><U1/><E1/><V20/><F20/><W80/><G105/><T3/><D106/><U48/><E104/><V10/><F10/><W23/><G23/><T43/><D3/><U68/><E68/><V62/><F127/><W122/><G122/><T55/><D8/><U92/><REACH who="1" step="1"/><E91/><REACH who="1" ten="350,295,113,222" step="2"/><V112/><F78/><W121/><G121/><T86/><D89/><U7/><E7/><V60/><F77/><W97/><G80/><T53/><D39/><U67/><E67/><V100/><F100/><W66/><G66/><T73/><D133/><U95/><E95/><V34/><F34/><W9/><G81/><T129/><D134/><U94/><E94/><V116/><F116/><W19/><G6/><T49/><D129/><U76/><E76/><V36/><F36/><W50/><G88/><T79/><D79/><U5/><E5/><V87/><F38/><W44/><G31/><AGARI ba="1,2" hai="14,15,16,17,18,22,26,31,48,54,58,90,92,99" machi="31" ten="40,7700,0" yaku="1,1,8,1,54,1,53,0" doraHai="70" doraHaiUra="135" who="1" fromWho="3" sc="350,0,295,100,113,0,222,-80" /><INIT seed="5,2,0,4,0,99" ten="350,395,113,142" oya="1" hai0="20,135,22,75,89,29,62,87,131,49,17,38,90" hai1="53,56,97,68,59,1,98,64,21,108,115,130,6" hai2="61,18,16,123,37,28,10,105,43,82,12,13,45" hai3="76,119,31,127,2,88,113,71,80,86,34,15,107"/><U24/><E115/><V3/><F123/><W72/><G2/><T129/><D135/><U122/><E122/><V63/><F3/><W41/><G71/><T128/><D38/><U7/><E130/><V14/><F28/><W114/><G127/><T33/><D75/><U69/><E108/><V104/><F82/><N who="3" m="45319" /><G41/><T112/><D112/><N who="3" m="43113" /><G15/><T94/><D33/><U95/><E69/><V48/><F37/><W30/><G34/><T134/><D134/><U27/><E68/><V124/><F124/><W106/><G119/><T73/><D73/><U39/><E39/><V4/><F4/><W67/><G67/><T70/><D49/><U50/><E98/><V79/><F79/><N who="3" m="46367" /><G30/><T116/><D29/><U93/><E27/><V47/><F14/><W5/><G5/><T132/><D116/><U23/><E64/><V118/><F118/><W78/><G31/><T100/><D132/><U77/><E24/><V121/><F121/><W74/><G88/><T40/><D90/><U133/><E7/><V109/><F109/><W26/><G26/><N who="0" m="14607" /><D40/><U102/><E6/><V58/><F47/><W35/><G35/><T65/><D22/><U44/><E21/><V0/><F0/><W11/><G11/><T46/><D46/><U110/><E23/><V55/><REACH who="2" step="1"/><F61/><REACH who="2" ten="350,395,103,142" step="2"/><W51/><G51/><T103/><AGARI ba="2,1" hai="62,65,70,87,89,94,100,103,128,129,131" m="14607" machi="103" ten="40,5200,0" yaku="19,1,52,2" doraHai="99" who="0" fromWho="0" sc="350,68,395,-28,103,-15,142,-15" /><INIT seed="6,0,0,5,5,60" ten="418,367,88,127" oya="2" hai0="78,44,2,31,16,30,132,11,113,13,91,15,96" hai1="54,36,114,116,39,73,135,104,75,71,82,67,63" hai2="22,131,99,77,26,84,61,9,122,66,27,126,110" hai3="37,49,3,120,1,98,86,57,59,10,124,80,17"/><V14/><F122/><W58/><G120/><T123/><D123/><U47/><E104/><V4/><F126/><W52/><G37/><T128/><D78/><U72/><E116/><V74/><F131/><W25/><G124/><T53/><D2/><U56/><E135/><V121/><F121/><W23/><G98/><T112/><D128/><U7/><E114/><V20/><F74/><W29/><G1/><T69/><D69/><U108/><E108/><V0/><F110/><W50/><G50/><N who="0" m="28871" /><D13/><U70/><E7/><V46/><F46/><W76/><REACH who="3" step="1"/><G3/><REACH who="3" ten="418,367,88,117" step="2"/><T55/><D113/><U6/><E36/><V5/><F99/><W103/><G103/><T85/><D112/><U40/><E6/><V48/><F48/><W79/><G79/><T34/><D96/><U129/><E129/><V38/><F38/><W88/><G88/><T42/><D91/><U51/><E71/><V119/><F119/><W8/><G8/><T45/><D11/><U92/><E92/><V33/><F4/><W118/><G118/><T18/><D132/><U97/><E97/><V130/><F130/><W133/><G133/><T41/><D85/><U64/><E82/><N who="2" m="47183" /><F0/><W102/><G102/><T43/><D41/><U35/><E35/><V90/><F90/><W24/><G24/><N who="2" m="9257" /><F33/><W19/><G19/><T93/><D18/><U12/><E12/><AGARI ba="0,1" hai="10,12,17,23,25,29,49,52,57,58,59,76,80,86" machi="12" ten="40,5200,0" yaku="1,1,8,1,54,1,53,0" doraHai="60" doraHaiUra="94" who="3" fromWho="1" sc="418,0,367,-52,88,0,117,62" /><INIT seed="7,0,0,2,5,133" ten="418,315,88,179" oya="3" hai0="10,27,28,53,69,75,115,82,123,13,79,90,14" hai1="73,9,4,135,81,107,39,120,16,114,125,61,33" hai2="93,103,78,34,42,87,88,86,71,0,23,22,59" hai3="76,66,45,40,44,38,48,36,67,102,128,62,97"/><W41/><G76/><T60/><D123/><U92/><E107/><V12/><F71/><N who="3" m="42455" /><G97/><T77/><D77/><U121/><E61/><V80/><F0/><W84/><G84/><T46/><D69/><U113/><E39/><N who="3" m="14890" /><G102/><T1/><D1/><U64/><E64/><V89/><F34/><W118/><G128/><T112/><D90/><U56/><E92/><V134/><F134/><W68/><G118/><T32/><D14/><U83/><E73/><V129/><F129/><W29/><G29/><T31/><D13/><U55/><E83/><V26/><F42/><N who="3" m="16491" /><G48/><T2/><D28/><U95/><E95/><V35/><F35/><W54/><G54/><T19/><D53/><U15/><E81/><V70/><F70/><W24/><G24/><T122/><D27/><U49/><E33/><V6/><F103/><W43/><N who="3" m="16499" /><W37/><N who="3" m="14898" /><DORA hai="7" /><W116/><DORA hai="109" /><G116/><T47/><D32/><U85/><E85/><V99/><F59/><W5/><G5/><T20/><D79/><U57/><E4/><V63/><F63/><AGARI ba="0,0" hai="44,45,63,67,68" m="16499,14898,42455" machi="63" ten="50,12000,1" yaku="35,5" doraHai="133,7,109" who="3" fromWho="2" sc="418,0,315,0,88,-120,179,120" owari="418,51.8,315,11.5,-32,-53.2,299,-10.1" /></mjloggm>