<mjloggm ver="2.3"><GO type="169" lobby="0"/><UN n0="%28%46%2E%4B%2E%29" n1="%66%53" n2="%E3%82%A8%E3%83%B3%E3%82%B8%E3%82%A7%E3%83%AB%E3%82%A6%E3%82%A3%E3%82%AD" n3="%E3%83%A9%E3%82%B9%E3%82%8B%E3%81%8B%E3%81%AA" dan="16,16,16,17" rate="2079.18,2104.03,2098.44,2194.57" sx="M,M,M,M"/><TAIKYOKU oya="0"/><INIT seed="0,0,0,1,4,92" ten="250,250,250,250" oya="0" hai0="22,13,46,131,122,31,2,75,48,35,45,76,109" hai1="99,30,74,73,59,70,14,28,126,134,64,12,49" hai2="16,72,66,44,3,116,29,105,110,23,130,117,104" hai3="43,96,115,54,121,63,127,69,19,33,52,108,68"/><T89/><D122/><U15/><E70/><V90/><F110/><W20/><G33/><T26/><D109/><U51/><E64/><V133/><F3/><W47/><G108/><T135/><D135/><U61/><E134/><V81/><F29/><W1/><G1/><T107/><D131/><U112/><E126/><V82/><F133/><W50/><G115/><T27/><D13/><U24/><E112/><V42/><F66/><W21/><G127/><T58/><D2/><U79/><E79/><V98/><F130/><W120/><G21/><T0/><D0/><U67/><E30/><V17/><F105/><W91/><G68/><T125/><D125/><U4/><E4/><V118/><F72/><W36/><G69/><T57/><D46/><U65/><E65/><V97/><F104/><W111/><G111/><T6/><D6/><U88/><E74/><V101/><F101/><W25/><G36/><T123/><D123/><N who="3" m="47177" /><G63/><T86/><D107/><U8/><E8/><V40/><F17/><W129/><G129/><T102/><D102/><U84/><E73/><V5/><F5/><W83/><G83/><N who="2" m="31753" /><F90/><W87/><G87/><T100/><D100/><U18/><E18/><V34/><F34/><W53/><G53/><N who="0" m="29839" /><D76/><U38/><E38/><N who="2" m="21527" /><F42/><W113/><G113/><T9/><D75/><U103/><E103/><V39/><F39/><W132/><G132/><T71/><D71/><U85/><E85/><V11/><F11/><W80/><G80/><N who="0" m="49351" /><D9/><U114/><E114/><V41/><F41/><W32/><G32/><T95/><D95/><AGARI ba="0,0" hai="19,20,25,43,47,50,52,54,91,95,96" m="47177" machi="95" ten="30,3900,0" yaku="13,1,52,1,54,1" doraHai="92" who="3" fromWho="0" sc="250,-39,250,0,250,0,250,39" /><INIT seed="1,0,0,2,2,21" ten="211,250,250,289" oya="1" hai0="97,87,109,128,6,75,104,99,5,125,47,83,36" hai1="65,7,67,84,94,130,59,51,81,28,71,90,1" hai2="123,86,88,54,30,14,107,12,29,0,17,11,82" hai3="2,112,46,78,16,35,32,111,58,131,133,77,4"/><U38/><E38/><V68/><F123/><W127/><G112/><T96/><D109/><U56/><E130/><V24/><F107/><W61/><G111/><T45/><D128/><U60/><E1/><V116/><F116/><W10/><G131/><T63/><D125/><U13/><E65/><V135/><F135/><W79/><G127/><T25/><D104/><U132/><E132/><V53/><F0/><W69/><G69/><T117/><D117/><U74/><E74/><V39/><F39/><W73/><G73/><T66/><D75/><U52/><E28/><V121/><F68/><W27/><G46/><T49/><D36/><U126/><E126/><V102/><F102/><W122/><G122/><T85/><D85/><U22/><E71/><V41/><F41/><W119/><G119/><T91/><D25/><U50/><E51/><V44/><F30/><W124/><G124/><T93/><D83/><U57/><E59/><V33/><F121/><W3/><G2/><T129/><D129/><U103/><E7/><V37/><F37/><W9/><G133/><T105/><D105/><U76/><E103/><V48/><F14/><W89/><G89/><T113/><D113/><U18/><REACH who="1" step="1"/><E76/><REACH who="1" ten="211,240,250,289" step="2"/><V64/><F54/><N who="3" m="34007" /><G3/><T101/><D101/><U8/><E8/><N who="3" m="3178" /><G4/><N who="0" m="1643" /><D49/><U92/><AGARI ba="0,1" hai="13,18,22,50,52,56,57,60,67,81,84,90,92,94" machi="92" ten="30,11700,0" yaku="1,1,0,1,8,1,54,1,53,0" doraHai="21" doraHaiUra="98" who="1" fromWho="1" sc="211,-39,240,127,250,-39,289,-39" /><INIT seed="1,1,0,5,5,76" ten="172,367,211,250" oya="1" hai0="135,73,118,31,35,10,94,29,25,60,95,80,6" hai1="26,4,36,15,114,16,131,78,100,84,109,11,33" hai2="85,14,122,44,119,32,120,55,28,98,81,87,103" hai3="102,42,128,88,71,58,51,101,9,0,134,74,40"/><U1/><E36/><V108/><F108/><W53/><G71/><T30/><D118/><U41/><E41/><N who="3" m="15978" /><G74/><T20/><D135/><U127/><E109/><V24/><F119/><W5/><G0/><T92/><D60/><U48/><E114/><V64/><F64/><W17/><G5/><T56/><D56/><U12/><E100/><V45/><F87/><W65/><G128/><T125/><D125/><U8/><E48/><V126/><F126/><W77/><G77/><T70/><D70/><U47/><E47/><V38/><F38/><W19/><G134/><T111/><D111/><U79/><E127/><V66/><F66/><W82/><G65/><T13/><D73/><U96/><E1/><V72/><F72/><W62/><G62/><T112/><D112/><U46/><E46/><V39/><F39/><W99/><G99/><T52/><D52/><U69/><E96/><V68/><F68/><W129/><G129/><T132/><D132/><U86/><E69/><V37/><F37/><W130/><G130/><T43/><D43/><U23/><E33/><V22/><F45/><W34/><G34/><T113/><D113/><U117/><E131/><V90/><F55/><W57/><G57/><T116/><D116/><U59/><E59/><V121/><F44/><W61/><G61/><T133/><D133/><U3/><E117/><V104/><REACH who="2" step="1"/><F14/><REACH who="2" ten="172,367,201,250" step="2"/><N who="3" m="7375" /><G19/><T89/><D89/><U27/><E3/><V63/><F63/><W123/><G123/><T110/><D110/><U7/><E26/><V97/><F97/><W50/><G50/><T106/><D35/><AGARI ba="1,1" hai="22,24,28,32,35,81,85,90,98,103,104,120,121,122" machi="35" ten="40,2600,0" yaku="1,1,52,1,53,0" doraHai="76" doraHaiUra="49" who="2" fromWho="0" sc="172,-29,367,0,201,39,250,0" /><INIT seed="2,0,0,3,0,18" ten="143,367,240,250" oya="2" hai0="110,23,6,15,106,9,31,45,77,95,62,86,26" hai1="101,122,37,87,13,33,65,94,50,68,108,35,127" hai2="82,27,53,2,128,79,49,70,130,47,135,133,56" hai3="57,8,20,114,117,38,96,39,24,71,54,32,104"/><V22/><F70/><W16/><G71/><T76/><D110/><U41/><E50/><V25/><F2/><W3/><G117/><T80/><D106/><U78/><E13/><V67/><F27/><W29/><G114/><T124/><D124/><U126/><E108/><V40/><F67/><W85/><G85/><T102/><D45/><N who="1" m="23727" /><E78/><V11/><F11/><W132/><G132/><N who="2" m="50761" /><F82/><W99/><G99/><T134/><D134/><U88/><E101/><V121/><F79/><W10/><G96/><T83/><D62/><N who="1" m="39991" /><E122/><V98/><F98/><W74/><G104/><T73/><REACH who="0" step="1"/><D95/><REACH who="0" ten="133,367,240,250" step="2"/><U63/><E63/><N who="2" m="36239" /><F121/><W100/><G39/><T81/><D81/><U19/><E127/><V112/><F112/><W75/><G38/><T113/><D113/><U119/><E126/><V42/><F40/><W51/><G100/><AGARI ba="0,1" hai="6,9,15,23,26,31,73,76,77,80,83,86,100,102" machi="100" ten="40,2600,0" yaku="1,1,52,1,53,0" doraHai="18" doraHaiUra="60" who="0" fromWho="3" sc="133,36,367,0,240,0,250,-26" /><INIT seed="3,0,0,2,0,4" ten="169,367,240,224" oya="3" hai0="87,46,23,89,24,112,110,52,33,25,51,75,81" hai1="111,58,100,20,48,13,68,49,115,66,98,105,57" hai2="45,53,80,108,70,65,132,72,67,116,124,83,97" hai3="106,64,19,104,17,92,84,74,94,11,61,55,50"/><W5/><G74/><T113/><D110/><U76/><E115/><V1/><F108/><W78/><G106/><T31/><REACH who="0" step="1"/><D75/><REACH who="0" ten="159,367,240,224" step="2"/><U43/><E111/><V37/><F72/><W127/><G127/><T101/><D101/><U71/><E100/><V125/><F124/><W38/><G104/><T3/><D3/><U114/><E105/><V29/><F1/><W21/><G38/><T90/><D90/><U41/><E114/><V63/><F37/><W93/><G78/><T109/><D109/><U30/><E76/><V60/><F125/><W26/><G84/><T79/><D79/><U36/><E98/><V117/><F116/><W9/><G5/><T96/><D96/><U73/><E73/><V107/><F97/><W95/><N who="3" m="23552" /><DORA hai="102" /><W28/><G28/><AGARI ba="0,1" hai="23,24,25,28,31,33,46,51,52,81,87,89,112,113" machi="28" ten="40,5200,0" yaku="1,1,54,1,53,1" doraHai="4,102" doraHaiUra="40,35" who="0" fromWho="3" sc="159,62,367,0,240,0,224,-52" /><INIT seed="4,0,0,3,1,3" ten="221,367,240,172" oya="0" hai0="62,123,67,29,84,61,82,74,46,106,76,5,39" hai1="105,14,122,15,36,70,79,65,130,83,30,85,125" hai2="54,107,57,98,18,124,127,96,25,56,110,118,115" hai3="66,16,117,20,81,26,134,12,49,10,114,95,51"/><T97/><D123/><U42/><E122/><V13/><F115/><W23/><G117/><T100/><D29/><U91/><E105/><V133/><F110/><W44/><G114/><T72/><D62/><U4/><E70/><V64/><F133/><W131/><G134/><T93/><D5/><U59/><E36/><V31/><F64/><W17/><G131/><T78/><D78/><U34/><E42/><V58/><F54/><W90/><G66/><T120/><D106/><U63/><E125/><N who="2" m="48203" /><F107/><W38/><G81/><T50/><D39/><U60/><E130/><V2/><F2/><W111/><G111/><T45/><D45/><U27/><E4/><V28/><F118/><W104/><G104/><T40/><REACH who="0" step="1"/><D120/><REACH who="0" ten="211,367,240,172" step="2"/><U88/><E60/><V9/><F31/><W94/><G38/><T126/><D126/><U102/><E79/><V112/><F112/><W68/><G68/><AGARI ba="0,1" hai="40,46,50,61,67,68,72,74,76,82,84,93,97,100" machi="68" ten="30,2900,0" yaku="1,1,7,1,53,0" doraHai="3" doraHaiUra="87" who="0" fromWho="3" sc="211,39,367,0,240,0,172,-29" /><INIT seed="4,1,0,4,0,14" ten="250,367,240,143" oya="0" hai0="102,113,42,97,55,114,52,34,74,67,132,73,57" hai1="116,23,103,36,45,94,100,133,104,7,58,50,2" hai2="1,43,83,37,71,134,119,38,40,117,44,129,78" hai3="101,82,54,81,3,86,118,95,11,64,91,96,25"/><T125/><D34/><U120/><E116/><N who="2" m="44619" /><F1/><W28/><G118/><T21/><D125/><U0/><E94/><V53/><F83/><W115/><G115/><N who="0" m="44043" /><D132/><U92/><E58/><V16/><F78/><W13/><G3/><T24/><D42/><N who="2" m="15914" /><F71/><W41/><G41/><T6/><D6/><U10/><E36/><N who="2" m="13931" /><F134/><W4/><G64/><T5/><D67/><U106/><E92/><V111/><F111/><W79/><G54/><N who="0" m="20523" /><D57/><U124/><E7/><V90/><F90/><W130/><G130/><T19/><D5/><U98/><E133/><V89/><F89/><W46/><G81/><T26/><D26/><U60/><E2/><V31/><F31/><W61/><G79/><T49/><D49/><U59/><E50/><N who="2" m="28871" /><F129/><W48/><G25/><T105/><AGARI ba="1,0" hai="19,21,24,73,74,97,102,105" m="20523,44043" machi="105" ten="30,6000,0" yaku="15,1,52,1,54,1" doraHai="14" who="0" fromWho="0" sc="250,63,367,-21,240,-21,143,-21" /><INIT seed="4,2,0,5,3,79" ten="313,346,219,122" oya="0" hai0="127,110,130,40,56,96,11,0,70,88,3,62,89" hai1="134,37,91,111,15,67,48,97,4,36,12,78,114" hai2="119,17,42,84,41,75,74,131,57,26,27,99,55" hai3="77,46,117,69,124,103,50,47,32,132,115,58,53"/><T1/><D127/><U93/><E111/><V112/><F112/><W54/><G32/><T64/><D110/><U33/><E114/><V16/><F99/><W86/><G115/><T102/><D130/><U106/><E33/><V76/><F131/><W109/><G109/><T118/><D118/><U29/><E29/><V60/><F119/><W121/><G117/><T51/><D11/><U31/><E31/><V52/><F84/><W133/><G103/><T23/><D23/><U129/><E134/><N who="3" m="51818" /><G69/><T100/><D100/><U82/><E106/><V45/><F76/><W123/><G77/><T28/><D28/><U7/><E67/><V71/><F71/><W81/><G124/><T101/><D101/><U25/><E25/><V38/><F42/><W44/><G86/><T135/><D135/><U122/><E37/><V113/><F113/><W108/><G81/><T59/><D70/><U107/><E36/><V83/><F83/><W95/><G95/><T24/><D24/><U72/><E107/><V66/><F27/><W68/><G68/><T9/><D9/><U63/><E63/><V10/><F26/><W80/><G80/><T5/><D5/><N who="1" m="2123" /><E48/><V105/><F105/><W13/><G13/><N who="1" m="5194" /><E129/><V21/><F10/><W34/><G34/><T87/><D87/><U120/><E72/><V8/><F8/><W125/><G125/><T6/><D6/><U49/><E49/><V20/><F20/><W92/><G108/><T73/><D73/><N who="2" m="27658" /><F21/><W18/><G92/><N who="0" m="58631" /><D40/><U128/><E128/><V14/><F14/><W104/><G104/><T85/><D85/><N who="1" m="48343" /><E97/><V19/><AGARI ba="2,0" hai="16,17,19,38,41,45,52,55,57,60,66" m="27658" machi="19" ten="30,4000,0" yaku="5,1,54,2" doraHai="79" who="2" fromWho="2" sc="313,-22,346,-12,219,46,122,-12" /><INIT seed="5,0,0,3,1,91" ten="291,334,265,110" oya="1" hai0="9,104,56,90,76,118,128,127,126,3,97,135,105" hai1="39,46,20,124,102,21,54,18,110,57,58,55,133" hai2="109,52,4,79,62,134,71,99,72,85,7,125,84" hai3="86,114,112,59,108,37,115,48,17,119,13,53,116"/><U31/><E110/><V78/><F109/><W113/><N who="3" m="28672" /><DORA hai="10" /><W26/><G108/><T95/><D118/><U11/><E124/><N who="0" m="47657" /><D128/><U94/><E133/><V64/><F125/><W107/><G107/><N who="0" m="41035" /><D135/><U32/><E32/><V77/><F134/><W8/><G37/><T75/><D56/><U33/><E33/><V60/><F72/><W131/><G131/><T40/><D40/><U25/><E11/><V35/><F35/><W44/><G26/><T123/><D123/><U87/><E39/><V42/><F42/><W81/><REACH who="3" step="1"/><G59/><REACH who="3" ten="291,334,265,100" step="2"/><T23/><D3/><U101/><E57/><V65/><F71/><W19/><G19/><T28/><D28/><U111/><E111/><V22/><F4/><W122/><G122/><T41/><D75/><U89/><E31/><V66/><F7/><W34/><G34/><T50/><D76/><AGARI ba="0,1" hai="8,13,17,44,48,53,76,81,86,116,119" m="28672" machi="76" ten="70,8000,1" yaku="1,1,15,1,52,1,53,0" doraHai="91,10" doraHaiUra="16,132" who="3" fromWho="0" sc="291,-80,334,0,265,0,100,90" /><INIT seed="6,0,0,1,4,93" ten="211,334,265,190" oya="2" hai0="135,120,74,122,133,69,115,14,121,129,51,29,88" hai1="44,3,70,59,132,95,8,100,72,125,12,118,33" hai2="35,87,48,5,7,83,24,91,78,36,56,58,10" hai3="113,15,131,128,52,45,60,80,97,126,46,9,41"/><V27/><F36/><W108/><G108/><T65/><D69/><U107/><E59/><V67/><F35/><W130/><G126/><T54/><D74/><U38/><E95/><V0/><F7/><W42/><G113/><T99/><D65/><U61/><E12/><V19/><F19/><W116/><G116/><T119/><D119/><U117/><E8/><V104/><F104/><W71/><G80/><T90/><D115/><U30/><E44/><V50/><F56/><N who="3" m="34823" /><G71/><T123/><D129/><N who="3" m="33025" /><W55/><DORA hai="32" /><G97/><T105/><D29/><U103/><E30/><V25/><REACH who="2" step="1"/><F78/><REACH who="2" ten="211,334,255,190" step="2"/><W134/><G134/><N who="0" m="51211" /><D120/><U111/><E132/><V82/><F82/><W43/><G55/><T16/><D105/><U47/><E107/><V106/><F106/><W76/><G76/><T86/><D121/><U4/><E117/><V79/><F79/><W39/><G39/><T22/><D122/><U96/><E38/><V68/><F68/><W2/><G2/><T114/><D123/><U84/><E118/><V17/><F17/><AGARI ba="0,1" hai="9,15,17,41,42,43,45,46" m="33025,34823" machi="17" ten="40,2600,0" yaku="19,1,54,1" doraHai="93,32" who="3" fromWho="2" sc="211,0,334,0,255,-26,190,36" /><INIT seed="7,0,0,5,4,89" ten="211,334,229,226" oya="3" hai0="33,96,124,117,17,19,37,51,103,43,4,49,9" hai1="80,54,97,123,66,77,31,26,59,85,108,101,131" hai2="129,113,105,48,12,23,100,87,53,30,70,104,57" hai3="32,110,125,0,38,81,76,42,62,56,73,118,15"/><W3/><G118/><T94/><D117/><U1/><E131/><V109/><F109/><W22/><G32/><T134/><D33/><U71/><E1/><V20/><F70/><W52/><G125/><T84/><D124/><U82/><E123/><V98/><F113/><W99/><G110/><T40/><D134/><U41/><E41/><N who="0" m="15945" /><D37/><U72/><E66/><V13/><F129/><W10/><G22/><T65/><D65/><U135/><E71/><V64/><F105/><W14/><G99/><T28/><D28/><U90/><E135/><V18/><F64/><W36/><G36/><T50/><D84/><U21/><E108/><V75/><F75/><W114/><G114/><T112/><D112/><U60/><E101/><V16/><F87/><W127/><G127/><T132/><D132/><U6/><E6/><V115/><F115/><W24/><G24/><T27/><D27/><U2/><E2/><V11/><F30/><W120/><G120/><T7/><D7/><U93/><E80/><V86/><F86/><W79/><G79/><T133/><D133/><U29/><E72/><V74/><F74/><W55/><G55/><T121/><D121/><U69/><E69/><V119/><F119/><W130/><G130/><T67/><D67/><U128/><E128/><V25/><F25/><W35/><G35/><T78/><D78/><U61/><E29/><V91/><F11/><W83/><G83/><T39/><D39/><U92/><E97/><V5/><F5/><N who="3" m="1343" /><G0/><T47/><D47/><AGARI ba="0,0" hai="14,15,38,42,47,52,56,62,73,76,81" m="1343" machi="47" ten="30,2900,0" yaku="25,1,54,1" doraHai="89" who="3" fromWho="0" sc="211,-29,334,0,229,0,226,29" /><INIT seed="7,1,0,0,0,118" ten="182,334,229,255" oya="3" hai0="129,72,30,77,105,34,51,60,32,44,78,102,53" hai1="55,93,119,36,101,10,109,97,120,126,18,125,111" hai2="74,43,5,29,2,19,12,46,81,56,7,114,92" hai3="14,33,16,90,23,47,37,84,13,82,61,128,75"/><W40/><G33/><T115/><D115/><U91/><E120/><V103/><F114/><W110/><G128/><T27/><D129/><U41/><E119/><V25/><F2/><W73/><G110/><T31/><D72/><U127/><E55/><V54/><F103/><W80/><G80/><T65/><D31/><U132/><E132/><V63/><F92/><W107/><G107/><T11/><D11/><U113/><E113/><V124/><F124/><W3/><G3/><T28/><D28/><U68/><E68/><V95/><F95/><W50/><G37/><T58/><D34/><U22/><E10/><V0/><F0/><W45/><G45/><T133/><D133/><U59/><E59/><V99/><F99/><W35/><G35/><T87/><D87/><N who="1" m="52479" /><E41/><V38/><F81/><W86/><G86/><T130/><D130/><U116/><E116/><V57/><F57/><W69/><REACH who="3" step="1"/><G14/><REACH who="3" ten="182,334,229,245" step="2"/><T48/><D48/><U122/><E36/><V1/><F1/><W71/><G71/><T39/><D39/><U8/><E111/><V79/><F74/><W70/><G70/><T26/><D26/><N who="1" m="14679" /><E109/><V62/><F62/><W134/><G134/><T94/><D94/><U24/><E24/><V89/><F25/><W21/><G21/><T49/><D49/><U112/><E112/><V121/><F46/><W83/><G83/><T98/><REACH who="0" step="1"/><D44/><REACH who="0" ten="172,334,229,245" step="2"/><U17/><E126/><V117/><F38/><W67/><AGARI ba="1,2" hai="13,16,23,40,47,50,61,67,69,73,75,82,84,90" machi="67" ten="30,6000,0" yaku="1,1,0,1,54,1,53,0" doraHai="118" doraHaiUra="20" who="3" fromWho="3" sc="172,-21,334,-21,229,-21,245,83" owari="151,-34.9,313,11.3,208,-19.2,328,42.8" /></mjloggm>