<mjloggm ver="2.3"><GO type="169" lobby="0"/><UN n0="%E7%88%86%E7%89%8C%E3%82%A6%E3%82%B7%E3%82%B8%E3%83%9E%E3%81%8F%E3%82%93" n1="%E3%81%B1%E3%83%BC%E3%81%9B%E3%82%93%E3%81%A8%E4%BE%8D" n2="%E3%82%AB%E3%82%B6%E3%83%A9%E3%82%AD" n3="%5A%E6%B0%91" dan="19,18,17,18" rate="2247.51,2226.48,2132.04,2246.19" sx="M,M,M,M"/><TAIKYOKU oya="0"/><INIT seed="0,0,0,3,0,27" ten="250,250,250,250" oya="0" hai0="18,102,14,68,41,105,73,121,37,72,86,16,98" hai1="96,104,117,25,21,108,45,135,111,80,38,20,89" hai2="47,112,51,48,6,7,40,0,31,56,115,70,44" hai3="29,11,33,123,114,49,103,81,1,107,91,53,129"/><T8/><D121/><U74/><E117/><V101/><F70/><W69/><G114/><T130/><D130/><U90/><E135/><V17/><F101/><W30/><G69/><T127/><D68/><U59/><E59/><V116/><F116/><W83/><G129/><T85/><D127/><U118/><E21/><V124/><F124/><W19/><G33/><T119/><D119/><U92/><E118/><V15/><F56/><W94/><G107/><T22/><D41/><U110/><E104/><V58/><F58/><N who="3" m="33071" /><G103/><T2/><D37/><U95/><E80/><N who="3" m="30794" /><G1/><T109/><D109/><U54/><E74/><V82/><F0/><W12/><G123/><T134/><D134/><U79/><E79/><V46/><F46/><W43/><G43/><T32/><D32/><U133/><E133/><V120/><F82/><W61/><G61/><T106/><D106/><U65/><E65/><V5/><F120/><W131/><G131/><T34/><D34/><U35/><E35/><V3/><F3/><W87/><AGARI ba="0,0" hai="11,12,19,29,30,87,91,94" m="30794,33071" machi="87" ten="30,4000,0" yaku="8,1,52,2" doraHai="27" who="3" fromWho="3" sc="250,-20,250,-10,250,-10,250,40" /><INIT seed="1,0,0,5,5,107" ten="230,240,240,290" oya="1" hai0="133,97,117,109,31,35,83,56,34,44,18,127,134" hai1="19,14,86,49,33,39,21,112,52,51,32,76,22" hai2="94,92,122,53,59,72,102,42,3,50,20,58,111" hai3="105,131,0,106,66,128,24,104,99,41,119,130,45"/><U90/><E39/><V135/><F122/><W27/><G119/><T67/><D117/><U87/><E112/><V123/><F123/><W8/><G66/><T98/><D109/><U84/><E76/><V116/><F116/><W88/><G0/><T132/><D127/><U16/><E90/><V47/><F3/><W43/><G8/><T126/><D126/><U101/><E101/><V103/><F111/><W79/><G79/><T113/><D113/><U74/><E74/><V91/><F72/><W6/><G6/><T93/><D83/><U61/><E61/><V63/><F135/><W48/><REACH who="3" step="1"/><G43/><REACH who="3" ten="230,240,240,280" step="2"/><T7/><D7/><U75/><E75/><V96/><F94/><AGARI ba="0,1" hai="24,27,41,45,48,88,94,99,104,105,106,128,130,131" machi="94" ten="50,8000,1" yaku="1,1,2,1,19,1,54,1,53,0" doraHai="107" doraHaiUra="9" who="3" fromWho="2" sc="230,0,240,0,240,-80,280,90" /><INIT seed="2,0,0,0,3,96" ten="230,240,160,370" oya="2" hai0="73,30,44,129,105,111,62,12,40,5,67,35,107" hai1="53,11,130,122,47,61,94,16,109,66,118,76,20" hai2="65,37,106,31,101,78,71,1,29,108,0,83,126" hai3="92,120,112,27,51,56,127,32,121,33,49,42,87"/><V50/><F37/><W7/><G7/><T89/><D111/><U123/><E118/><V82/><F108/><W15/><G15/><T59/><D129/><U70/><E109/><V39/><F39/><W52/><G127/><T13/><D73/><U88/><E76/><V103/><F106/><W75/><G75/><T21/><D35/><U86/><E130/><V19/><F50/><W17/><G112/><T57/><D57/><U97/><E11/><V10/><F19/><W100/><G33/><T115/><D115/><U119/><E119/><V2/><F10/><W74/><G74/><T77/><D77/><U26/><E47/><V45/><F45/><W133/><G133/><T85/><D13/><U4/><E4/><V128/><F128/><W117/><G117/><T90/><D90/><U116/><E116/><V110/><F110/><W102/><G120/><N who="1" m="46122" /><E53/><V41/><F41/><W25/><G32/><T28/><D44/><U23/><E23/><V14/><F14/><W24/><G17/><N who="0" m="10407" /><D40/><U54/><E54/><V3/><F3/><W8/><G8/><T135/><D5/><U99/><AGARI ba="0,0" hai="16,20,26,61,66,70,86,88,94,97,99" m="46122" machi="99" ten="30,4000,0" yaku="13,1,54,2" doraHai="96" who="1" fromWho="1" sc="230,-10,240,40,160,-20,370,-10" /><INIT seed="3,0,0,3,5,43" ten="220,280,140,360" oya="3" hai0="118,3,109,47,35,59,17,54,73,6,44,55,49" hai1="108,63,2,132,114,99,16,76,125,20,82,19,96" hai2="67,105,106,70,36,31,50,100,95,88,64,133,120" hai3="129,62,123,32,30,127,102,37,130,23,60,93,74"/><W33/><G123/><T12/><D118/><U5/><E114/><V18/><F36/><W122/><G122/><T113/><D73/><U58/><E108/><V0/><F120/><W69/><G74/><T45/><D35/><U46/><E132/><V77/><F77/><W85/><G37/><T111/><D113/><U92/><E125/><V68/><F0/><W97/><G127/><T89/><D3/><U86/><E5/><V56/><F31/><W38/><G38/><T72/><D6/><U134/><E2/><V135/><F100/><W117/><G117/><T128/><D72/><U115/><E134/><V14/><F50/><W9/><G9/><T83/><D128/><N who="3" m="49257" /><G85/><N who="0" m="50367" /><D111/><U124/><E19/><V87/><F56/><W52/><G62/><N who="0" m="36215" /><D109/><U104/><E104/><V80/><F135/><W65/><G33/><T11/><AGARI ba="0,0" hai="11,12,17,44,45,47,49,55" m="36215,50367" machi="11" ten="30,8000,1" yaku="25,1,8,1,52,3" doraHai="43" who="0" fromWho="0" sc="220,80,280,-20,140,-20,360,-40" /><INIT seed="4,0,0,2,1,122" ten="300,260,120,320" oya="0" hai0="113,68,61,77,128,25,116,112,49,75,88,22,33" hai1="71,51,119,97,30,32,27,76,132,115,52,23,127" hai2="59,4,90,125,60,41,6,72,89,29,101,92,80" hai3="114,87,109,103,67,79,10,102,85,117,21,42,82"/><T57/><D116/><U98/><E119/><V28/><F125/><W104/><G117/><T16/><D128/><U58/><E127/><V36/><F101/><W31/><G42/><T40/><D75/><U108/><E108/><V50/><F36/><W53/><G109/><T95/><D77/><U47/><E71/><V8/><F4/><W96/><G114/><N who="0" m="44139" /><D33/><U84/><E115/><V56/><F80/><W66/><G103/><T18/><D68/><U135/><E32/><V118/><F89/><W34/><G34/><T74/><D74/><U26/><E26/><V46/><F72/><W65/><G10/><T45/><D22/><U94/><E47/><V111/><F59/><W130/><G130/><T2/><D2/><U13/><E13/><V0/><F111/><W7/><G7/><T81/><D81/><N who="1" m="47143" /><E94/><V86/><REACH who="2" step="1"/><F118/><REACH who="2" ten="300,260,110,320" step="2"/><W38/><G82/><T129/><D129/><U134/><AGARI ba="0,1" hai="23,27,30,51,52,58,97,98,132,134,135" m="47143" machi="134" ten="30,2000,0" yaku="20,1,54,1" doraHai="122" who="1" fromWho="1" sc="300,-10,260,30,110,-5,320,-5" /><INIT seed="5,0,0,3,2,110" ten="290,290,105,315" oya="1" hai0="32,71,15,90,118,127,20,77,75,95,5,96,57" hai1="62,111,60,123,81,49,19,9,99,14,2,106,117" hai2="35,67,31,91,87,128,105,132,36,76,37,11,26" hai3="98,0,68,124,59,134,38,74,54,100,108,129,89"/><U102/><E123/><V84/><F105/><W22/><G89/><T69/><D118/><U52/><E117/><V39/><F132/><W34/><G22/><T45/><D32/><U86/><E2/><V51/><F128/><W80/><G54/><T48/><D127/><U18/><E18/><V70/><F76/><W61/><G59/><T109/><D109/><U112/><E112/><V126/><F126/><W120/><G61/><T23/><D75/><U93/><E106/><V28/><F28/><W44/><G44/><T63/><D77/><U21/><E21/><V125/><F125/><W103/><G80/><T101/><D71/><U25/><E25/><V58/><F70/><W47/><G47/><T1/><D69/><U115/><E115/><V72/><F72/><W92/><G92/><T4/><D101/><U29/><E29/><V27/><F27/><W119/><G98/><T6/><D15/><U83/><E83/><V113/><F11/><W33/><G103/><T41/><D1/><U107/><E107/><V12/><F12/><W130/><G100/><T8/><D8/><U50/><E50/><V53/><F67/><AGARI ba="0,0" hai="4,5,6,20,23,41,45,48,57,63,67,90,95,96" machi="67" ten="40,1300,0" yaku="8,1" doraHai="110" who="0" fromWho="2" sc="290,13,290,0,105,-13,315,0" /><INIT seed="6,0,0,4,5,76" ten="303,290,92,315" oya="2" hai0="93,74,82,7,32,22,105,69,65,31,4,89,29" hai1="101,18,1,63,11,59,34,68,70,51,78,84,25" hai2="57,20,26,9,104,36,130,129,96,47,15,8,3" hai3="112,28,39,41,122,102,125,37,121,46,95,50,80"/><V110/><F110/><W62/><G28/><T111/><D105/><U108/><E101/><V45/><F3/><W43/><G102/><T119/><D32/><U106/><E106/><V131/><F8/><W48/><G95/><T134/><D22/><U42/><E42/><V118/><F118/><W86/><G125/><T49/><D89/><U73/><E51/><V23/><F23/><W33/><G33/><T120/><D93/><U94/><E73/><V135/><F135/><W77/><G62/><T79/><D49/><U100/><E108/><V87/><F57/><W107/><G107/><T115/><D111/><U132/><E132/><V83/><F36/><W5/><G5/><T113/><D120/><U35/><E100/><V27/><F96/><W114/><G48/><T10/><D7/><U85/><E85/><V81/><F104/><W21/><G21/><T67/><D69/><U44/><E35/><V12/><F27/><W17/><G17/><T58/><D58/><U91/><E78/><V75/><F75/><W126/><G126/><T52/><D119/><U117/><E44/><N who="2" m="16971" /><F87/><W53/><G39/><T13/><D134/><U92/><E117/><V72/><F72/><W14/><G37/><T40/><D74/><U128/><E70/><V60/><F60/><W56/><G56/><T116/><D116/><U90/><E68/><V38/><F38/><W123/><G14/><N who="2" m="5161" /><F9/><W24/><G24/><T16/><D10/><U66/><E1/><V133/><F133/><W99/><G99/><T61/><D4/><U64/><E11/><V2/><F2/><W54/><G46/><RYUUKYOKU ba="0,0" sc="303,-10,290,-10,92,30,315,-10" hai2="20,26,81,83,129,130,131" /><INIT seed="6,1,0,1,4,117" ten="293,280,122,305" oya="2" hai0="102,68,58,107,114,57,125,56,121,80,53,81,29" hai1="132,130,5,133,2,110,63,12,7,120,84,113,19" hai2="26,85,69,103,96,48,111,30,49,101,77,47,55" hai3="54,14,20,73,25,67,65,23,51,91,97,98,89"/><V45/><F69/><W46/><G73/><T95/><D68/><U37/><E110/><V74/><F74/><W59/><G14/><T44/><D121/><U88/><E37/><V38/><F38/><W17/><G23/><T93/><D107/><U11/><E113/><V15/><F111/><W36/><G36/><T42/><D114/><U109/><E109/><V0/><F0/><W75/><G75/><T79/><D125/><U82/><E130/><V32/><F15/><W35/><G35/><T104/><D29/><U87/><E120/><V66/><F66/><N who="3" m="25099" /><G46/><T108/><D104/><U134/><E63/><V112/><F112/><W40/><G40/><T6/><D6/><N who="1" m="1495" /><E84/><V119/><F119/><W1/><G1/><T135/><D135/><N who="1" m="34563" /><U16/><DORA hai="92" /><E19/><V115/><F115/><W83/><G83/><T62/><D81/><U90/><E90/><AGARI ba="1,0" hai="17,20,25,51,54,59,89,90,91,97,98" m="25099" machi="90" ten="30,3900,0" yaku="8,1,52,2" doraHai="117,92" who="3" fromWho="1" sc="293,0,280,-42,122,0,305,42" /><INIT seed="7,0,0,2,2,92" ten="293,238,122,347" oya="3" hai0="62,69,16,17,8,7,93,96,125,85,46,68,117" hai1="127,14,78,60,61,1,102,13,11,77,128,21,100" hai2="103,27,24,133,49,121,30,63,26,34,58,122,4" hai3="108,110,90,101,88,66,86,0,35,36,10,56,113"/><W112/><G35/><T120/><D117/><U32/><E32/><V107/><F49/><W80/><G36/><T119/><D119/><U28/><E1/><V94/><F4/><N who="3" m="1287" /><G101/><T89/><D125/><U20/><E128/><V87/><F133/><W42/><G42/><T134/><D134/><U114/><E114/><N who="3" m="44138" /><G90/><T50/><D120/><U105/><E11/><V65/><F107/><W83/><G83/><T130/><D130/><U19/><E28/><V53/><F53/><W104/><G104/><T135/><D135/><U29/><E29/><V95/><F95/><W25/><G25/><T82/><D68/><U57/><E105/><V81/><F122/><W109/><G56/><T97/><D62/><U22/><E57/><V79/><F34/><W106/><G106/><T126/><D69/><U6/><E6/><V116/><F116/><W131/><G66/><T45/><D45/><U73/><E73/><V129/><F129/><AGARI ba="0,0" hai="80,86,88,108,109,110,129,131" m="44138,1287" machi="129" ten="40,7700,0" yaku="10,1,15,1,54,1" doraHai="92" who="3" fromWho="2" sc="293,0,238,0,122,-77,347,77" owari="293,9.3,238,-16.2,45,-45.5,424,52.4" /></mjloggm>