<mjloggm ver="2.3"><GO type="169" lobby="0"/><UN n0="%E3%81%84%E3%81%AC%E3%81%A6%E3%82%93" n1="%E3%83%8F%E3%82%BA%E3%83%AC" n2="%E9%95%B7%E5%A4%A7%E3%82%92%E5%87%BA%E3%81%9F%E3%81%91%E3%82%8C%E3%81%A9" n3="%74%77%69%74%63%68" dan="16,17,16,16" rate="2045.96,2187.45,2156.92,2144.98" sx="M,M,M,M"/><TAIKYOKU oya="0"/><INIT seed="0,0,0,0,0,3" ten="250,250,250,250" oya="0" hai0="42,84,114,25,105,81,12,76,49,1,60,110,117" hai1="74,89,37,54,51,104,6,111,133,18,40,15,103" hai2="93,72,134,85,100,2,45,23,11,79,7,39,92" hai3="17,29,57,36,119,56,109,22,16,122,4,98,107"/><T68/><D114/><U21/><E111/><V0/><F134/><W70/><G70/><T46/><D1/><U33/><E33/><V94/><F23/><W50/><G119/><T32/><D105/><U71/><E71/><V80/><F2/><W112/><G36/><T131/><D131/><U88/><E74/><V135/><F135/><W91/><G112/><T59/><D68/><U99/><E133/><V132/><F132/><W53/><G4/><T14/><D117/><U20/><E20/><V118/><F118/><W101/><G122/><T38/><D38/><U30/><E30/><V58/><F58/><W78/><G109/><T69/><D69/><U113/><E113/><V102/><REACH who="2" step="1"/><F85/><REACH who="2" ten="250,250,240,250" step="2"/><W120/><G57/><T77/><D110/><U43/><E37/><V34/><F34/><W19/><G120/><T126/><D32/><U121/><E121/><V124/><F124/><W47/><G56/><T24/><D126/><U41/><REACH who="1" step="1"/><E6/><REACH who="1" ten="250,240,240,250" step="2"/><V86/><F86/><W62/><G22/><T8/><D84/><U28/><E28/><V55/><F55/><W73/><G29/><T5/><D5/><U67/><E67/><V35/><F35/><W130/><G53/><T26/><D42/><AGARI ba="0,2" hai="0,7,11,39,42,45,72,79,80,92,93,94,100,102" machi="42" ten="40,8000,1" yaku="1,1,25,2,52,1,53,0" doraHai="3" doraHaiUra="64" who="2" fromWho="0" sc="250,-80,240,0,240,100,250,0" /><INIT seed="1,0,0,4,1,45" ten="170,240,340,250" oya="1" hai0="112,1,86,16,53,81,88,83,7,103,40,129,43" hai1="94,48,107,4,84,5,56,61,91,6,33,115,70" hai2="100,135,85,23,3,44,8,60,105,117,67,98,96" hai3="63,99,19,111,97,12,89,17,25,125,62,90,126"/><U101/><E115/><V122/><F122/><W114/><G25/><T92/><D129/><U13/><E33/><V74/><F135/><W39/><G12/><T24/><D7/><U72/><E72/><V46/><F74/><W55/><G55/><T0/><D112/><U42/><E70/><V20/><F117/><W79/><G114/><T58/><D1/><U109/><E109/><V57/><F85/><W133/><G79/><T30/><D30/><U54/><E107/><V41/><F96/><W110/><REACH who="3" step="1"/><G39/><REACH who="3" ten="170,240,340,240" step="2"/><T134/><D0/><U78/><E78/><V76/><F76/><W11/><G11/><T59/><D134/><AGARI ba="0,1" hai="17,19,62,63,89,90,97,99,110,111,125,126,133,134" machi="134" ten="25,3200,0" yaku="1,1,22,2,53,0" doraHai="45" doraHaiUra="18" who="3" fromWho="0" sc="170,-32,240,0,340,0,240,42" /><INIT seed="2,0,0,2,0,28" ten="138,240,340,282" oya="2" hai0="85,111,128,40,46,42,131,34,86,4,115,110,50" hai1="16,9,58,78,29,26,36,56,106,98,107,82,39" hai2="37,95,120,33,63,30,100,94,41,12,73,129,108" hai3="64,5,96,102,49,101,57,20,60,70,22,6,54"/><V125/><F120/><W134/><G134/><T13/><D115/><U52/><E56/><V43/><F73/><W48/><G48/><T24/><D40/><U47/><E47/><V123/><F123/><W2/><G2/><T119/><D4/><U51/><E39/><V67/><F125/><W59/><G70/><T75/><D13/><U11/><E36/><V112/><F129/><N who="0" m="49738" /><D75/><U83/><E83/><V38/><F12/><W104/><G101/><T92/><D92/><U126/><E126/><V79/><F79/><W68/><G68/><T91/><D91/><U80/><E80/><V99/><F95/><W118/><G118/><T77/><D119/><U121/><E121/><V66/><F66/><W113/><G113/><T31/><D77/><U32/><E98/><V103/><F103/><W44/><G44/><T15/><D15/><U3/><E16/><V61/><F112/><W53/><G64/><T65/><D65/><U90/><E90/><V69/><F63/><W76/><G76/><T89/><D89/><U124/><E124/><V23/><F41/><W1/><G1/><T7/><D7/><U0/><E0/><V55/><F43/><W18/><G20/><T122/><D122/><U21/><E21/><V27/><F23/><W130/><G130/><T71/><D71/><U109/><E3/><V88/><F100/><W87/><G87/><AGARI ba="0,0" hai="24,31,34,42,46,50,85,86,87,110,111" m="49738" machi="87" ten="30,2000,0" yaku="19,1,52,1" doraHai="28" who="0" fromWho="3" sc="138,20,240,0,340,0,282,-20" /><INIT seed="3,0,0,1,0,87" ten="158,240,340,262" oya="3" hai0="32,97,56,18,3,84,51,93,38,60,124,16,123" hai1="85,22,119,78,129,92,82,7,107,29,99,48,0" hai2="127,8,66,74,128,64,135,116,104,65,10,111,86" hai3="110,102,54,52,105,70,37,134,39,76,98,69,79"/><W1/><G134/><T59/><D3/><U90/><E129/><V120/><F74/><W34/><G34/><T35/><D38/><U73/><E119/><V75/><F104/><W15/><G1/><T13/><D124/><U83/><E0/><V50/><F75/><W2/><G2/><T118/><D18/><U109/><E7/><V67/><F67/><W126/><G126/><T114/><D123/><U81/><E48/><V55/><F128/><W9/><G110/><T131/><D131/><U96/><E22/><V62/><F116/><W23/><G23/><T113/><D118/><U68/><E68/><V77/><F120/><W125/><G125/><T103/><D114/><U72/><E29/><V20/><F20/><W57/><G70/><T108/><D108/><U36/><E36/><V117/><F62/><W115/><G69/><T58/><D60/><U132/><E132/><V133/><F65/><W89/><G115/><T71/><D51/><U53/><E53/><V21/><F66/><W95/><G37/><T100/><D113/><U6/><E6/><V63/><F64/><W25/><G25/><T24/><D24/><U61/><E61/><V88/><F63/><W44/><G44/><T12/><D12/><U33/><E33/><V40/><F127/><W26/><G26/><T45/><D45/><U101/><E109/><V4/><F117/><W11/><G39/><T106/><D71/><U122/><E122/><V47/><F111/><W80/><G54/><T14/><D14/><U27/><E27/><V42/><F133/><W41/><G15/><T30/><D35/><RYUUKYOKU ba="0,0" sc="158,-10,240,30,340,-10,262,-10" hai1="72,73,78,81,82,83,85,90,92,96,99,101,107" /><INIT seed="4,1,0,0,2,118" ten="148,270,330,252" oya="0" hai0="131,57,20,41,56,77,82,50,23,60,21,67,70" hai1="132,92,106,135,100,58,36,113,69,15,9,7,97" hai2="32,55,129,89,109,14,74,85,124,75,63,115,121" hai3="43,125,5,87,119,108,73,117,103,22,64,3,110"/><T12/><D131/><U83/><E69/><V81/><F32/><W6/><G73/><T61/><D70/><U27/><E36/><V44/><F109/><W17/><G103/><T29/><D29/><U25/><E113/><V90/><F124/><W59/><G125/><T49/><D41/><U16/><E83/><V24/><F24/><N who="1" m="9289" /><E58/><V72/><F115/><W126/><G126/><T123/><D123/><U52/><E52/><V53/><F90/><W35/><G35/><T46/><D46/><U133/><E7/><V105/><F105/><AGARI ba="1,0" hai="9,15,16,92,97,100,105,106,132,133,135" m="9289" machi="105" ten="40,2600,0" yaku="20,1,54,1" doraHai="118" who="1" fromWho="2" sc="148,0,270,29,330,-29,252,0" /><INIT seed="5,0,0,5,0,42" ten="148,299,301,252" oya="1" hai0="47,0,118,22,120,43,10,5,66,124,109,119,6" hai1="49,111,1,128,27,36,135,115,33,51,82,26,54" hai2="15,87,57,24,3,93,67,97,129,30,11,98,53" hai3="117,133,31,80,91,125,76,17,14,9,116,35,95"/><U52/><E36/><V103/><F3/><W2/><G133/><T88/><D109/><U84/><E1/><V90/><F129/><W104/><G104/><T8/><D120/><U105/><E105/><V123/><F123/><W46/><G125/><T12/><D66/><U89/><E115/><V127/><F127/><W39/><G2/><T41/><D41/><U44/><E128/><V96/><F67/><W61/><G35/><T19/><D124/><U59/><E33/><V64/><F64/><W32/><G32/><T85/><D22/><U107/><E107/><V74/><F74/><W106/><G31/><T70/><D70/><U94/><E135/><V37/><F37/><W101/><G101/><T28/><D5/><U23/><E111/><V77/><F77/><W79/><G106/><T62/><D62/><U92/><E27/><V73/><F73/><W132/><G132/><T55/><D55/><U50/><E50/><V34/><F11/><W83/><G61/><T7/><D7/><U122/><E122/><V21/><F15/><W71/><G71/><T63/><D63/><U114/><E114/><V130/><F34/><W38/><G38/><T60/><D28/><AGARI ba="0,0" hai="23,26,28,44,49,51,52,54,59,82,84,89,92,94" machi="28" ten="30,11600,0" yaku="7,1,8,1,52,1,54,1" doraHai="42" who="1" fromWho="0" sc="148,-116,299,116,301,0,252,0" /><INIT seed="5,1,0,2,2,13" ten="32,415,301,252" oya="1" hai0="5,108,74,66,96,122,45,28,24,114,54,18,33" hai1="80,83,1,111,119,127,0,97,41,50,55,51,17" hai2="8,38,98,94,95,109,23,116,44,56,21,30,113" hai3="61,67,118,15,34,89,47,91,104,103,14,4,128"/><U131/><E119/><V126/><F109/><W58/><G118/><T71/><D108/><U73/><E111/><V65/><F116/><W99/><G128/><T2/><D74/><U125/><E131/><V68/><F126/><N who="1" m="48137" /><E97/><V3/><F68/><W11/><G34/><T134/><D71/><U102/><E102/><V43/><F113/><W130/><G130/><T101/><D66/><U29/><E29/><V115/><F115/><W59/><G47/><T63/><D122/><U35/><E35/><V129/><F129/><W87/><G87/><T84/><D84/><U93/><E93/><V27/><F23/><W19/><REACH who="3" step="1"/><G59/><REACH who="3" ten="32,415,301,242" step="2"/><T123/><D114/><U69/><E69/><V26/><F56/><W20/><AGARI ba="1,1" hai="4,11,14,15,19,20,58,61,67,89,91,99,103,104" machi="20" ten="20,8000,1" yaku="1,1,2,1,0,1,7,1,52,1,53,0" doraHai="13" doraHaiUra="48" who="3" fromWho="3" sc="32,-21,415,-41,301,-21,242,93" /><INIT seed="6,0,0,0,5,115" ten="11,374,280,335" oya="2" hai0="36,50,92,63,125,25,107,123,33,59,24,75,62" hai1="0,34,51,128,27,109,71,89,113,84,32,57,106" hai2="20,54,120,8,86,70,2,28,37,126,103,15,14" hai3="114,131,61,135,1,134,21,68,3,81,47,45,16"/><V99/><F120/><W64/><G131/><T96/><D36/><U110/><E106/><V9/><F126/><W44/><G81/><T42/><D75/><U91/><E71/><V18/><F37/><W85/><G85/><T48/><D123/><U108/><E0/><V93/><F70/><W104/><G104/><T82/><D82/><U65/><E113/><V30/><F2/><W112/><G1/><T4/><D33/><U69/><E69/><V98/><F86/><W122/><G3/><T35/><D35/><U101/><E101/><V90/><F54/><W10/><G10/><T38/><D38/><U94/><E128/><V111/><F111/><W40/><G122/><T74/><D74/><U95/><E27/><V43/><F43/><W26/><REACH who="3" step="1"/><G40/><REACH who="3" ten="11,374,280,325" step="2"/><T133/><D42/><U102/><E102/><V31/><REACH who="2" step="1"/><F14/><REACH who="2" ten="11,374,270,325" step="2"/><W60/><G60/><T73/><D63/><U132/><E109/><V39/><F39/><W77/><G77/><T7/><D62/><U83/><E110/><V12/><F12/><W127/><G127/><T76/><D125/><U119/><E108/><V117/><F117/><W78/><G78/><T46/><D76/><U116/><E116/><V6/><F6/><W19/><G19/><T88/><D7/><U72/><E119/><V121/><F121/><W97/><G97/><T29/><D96/><U55/><E51/><V56/><F56/><W67/><G67/><T49/><D48/><U130/><E65/><V58/><F58/><W5/><G5/><T52/><D49/><U80/><E57/><V53/><F53/><W129/><G129/><RYUUKYOKU ba="0,2" sc="11,-15,374,-15,270,15,325,15" hai2="8,9,15,18,20,28,30,31,90,93,98,99,103" hai3="16,21,26,44,45,47,61,64,68,112,114,134,135" owari="-4,-50.4,379,47.9,285,-11.5,340,14.0" /></mjloggm>