<mjloggm ver="2.3"><GO type="169" lobby="0"/><UN n0="%E8%8B%A5%E7%8B%AD%E6%82%A0%E9%87%8C" n1="%E4%B9%9D%E5%B0%BE%E3%81%AE%E3%83%8D%E3%82%B3" n2="%73%65%37%37%65%6E" n3="%E3%82%86%E3%83%BC%E3%82%84%2E%74" dan="16,16,16,17" rate="2056.95,2076.73,2052.99,2184.87" sx="M,M,M,M"/><TAIKYOKU oya="0"/><INIT seed="0,0,0,1,4,3" ten="250,250,250,250" oya="0" hai0="57,104,41,112,110,6,55,24,42,81,51,74,19" hai1="60,10,70,97,132,36,37,69,75,125,59,103,18" hai2="61,11,4,73,90,23,45,126,79,133,130,2,54" hai3="101,87,85,8,47,131,134,84,5,118,99,7,102"/><T66/><D112/><U120/><E132/><V48/><F126/><W76/><G118/><T89/><D104/><U27/><E120/><V44/><F130/><W9/><G134/><T113/><D113/><U98/><E75/><V100/><F100/><N who="3" m="38507" /><G131/><T91/><D66/><U106/><E125/><V52/><F133/><W123/><G123/><T80/><D110/><U95/><E37/><V31/><F90/><N who="0" m="34314" /><D74/><U77/><E36/><V72/><F79/><W124/><G76/><T40/><D6/><N who="3" m="2057" /><G124/><T68/><D68/><U46/><E77/><V1/><F2/><W34/><G34/><T108/><D108/><U105/><E105/><V78/><F78/><W30/><G30/><T50/><D50/><U20/><E106/><V93/><F73/><W121/><G121/><T63/><D51/><U82/><E70/><V71/><F72/><W12/><G99/><T135/><D135/><U64/><E98/><V122/><F71/><W62/><G47/><T86/><D86/><U0/><E69/><V35/><F44/><W92/><G92/><T58/><D58/><U14/><E46/><V111/><F93/><W127/><G127/><T15/><D24/><U17/><E0/><V109/><F35/><W119/><G119/><T65/><D65/><U43/><E82/><V94/><F94/><W114/><G114/><T28/><D28/><U39/><E39/><V21/><F31/><W129/><G129/><T96/><D96/><U16/><REACH who="1" step="1"/><E43/><REACH who="1" ten="250,240,250,250" step="2"/><V33/><F122/><W67/><G12/><T22/><AGARI ba="0,1" hai="15,19,22,40,41,42,55,57,63,80,81" m="34314" machi="22" ten="30,1500,0" yaku="8,1" doraHai="3" who="0" fromWho="0" sc="250,25,240,-5,250,-5,250,-5" /><INIT seed="0,1,0,2,0,58" ten="275,235,245,245" oya="0" hai0="86,41,109,115,25,44,5,3,93,70,111,40,135" hai1="57,125,54,118,2,64,129,24,127,96,0,32,22" hai2="36,30,46,21,19,18,47,28,68,63,84,101,116" hai3="39,26,55,120,66,124,65,52,105,37,112,81,98"/><T110/><D115/><U113/><E118/><V14/><F116/><W56/><G112/><T89/><D135/><U126/><E113/><V33/><F33/><W16/><G124/><T8/><D70/><U72/><E32/><V77/><F101/><W103/><G120/><T79/><D79/><U31/><E72/><V92/><F36/><W15/><G26/><T114/><D114/><U119/><E119/><V20/><F46/><W67/><G81/><T29/><REACH who="0" step="1"/><D44/><REACH who="0" ten="265,235,245,245" step="2"/><U1/><E129/><V128/><F47/><W17/><G17/><T131/><D131/><U7/><E7/><V34/><F77/><W35/><G35/><AGARI ba="1,1" hai="3,5,8,25,29,35,40,41,86,89,93,109,110,111" machi="35" ten="40,7700,0" yaku="1,1,14,1,10,1,53,0" doraHai="58" doraHaiUra="102" who="0" fromWho="3" sc="265,90,235,0,245,0,245,-80" /><INIT seed="0,2,0,3,2,113" ten="355,235,245,165" oya="0" hai0="54,83,51,3,107,52,60,56,68,14,67,72,114" hai1="116,80,24,120,111,45,62,27,119,87,28,36,81" hai2="58,9,126,10,89,38,93,95,91,105,59,73,101" hai3="108,84,106,23,98,117,55,92,75,53,17,79,20"/><T26/><D3/><U11/><E120/><V94/><F38/><W128/><G108/><T1/><D1/><U2/><E111/><V99/><F73/><W57/><G128/><T35/><D114/><U22/><E27/><V50/><F126/><W86/><G75/><T16/><D107/><U47/><E62/><V123/><F123/><W112/><G106/><T135/><D135/><U122/><E122/><V13/><F50/><W133/><G133/><T34/><D26/><U74/><E74/><V85/><F105/><W63/><G112/><T124/><D124/><U118/><E36/><V39/><F39/><W25/><G117/><T134/><D134/><U12/><E2/><V109/><F9/><W40/><G40/><T132/><D132/><U76/><REACH who="1" step="1"/><E81/><REACH who="1" ten="355,225,245,165" step="2"/><V37/><F37/><W71/><G63/><T49/><D72/><U43/><E43/><V100/><F109/><W42/><G42/><T8/><REACH who="0" step="1"/><D83/><REACH who="0" ten="345,225,245,165" step="2"/><U78/><E78/><V32/><F32/><W66/><G25/><T44/><AGARI ba="2,2" hai="8,14,16,34,35,44,49,51,52,54,56,60,67,68" machi="44" ten="20,18000,2" yaku="1,1,2,1,0,1,7,1,54,2,53,0" doraHai="113" doraHaiUra="96" who="0" fromWho="0" sc="345,206,225,-62,245,-62,165,-62" /><INIT seed="0,3,0,3,4,32" ten="551,163,183,103" oya="0" hai0="26,82,10,115,111,114,46,20,18,31,81,130,92" hai1="83,80,28,106,98,133,67,110,37,96,3,88,128" hai2="52,24,104,22,70,71,84,112,122,41,25,93,119" hai3="6,9,72,35,103,85,38,107,116,123,2,17,99"/><T124/><D124/><U125/><E128/><V5/><F112/><W11/><G116/><T43/><D130/><U76/><E133/><V12/><F104/><W57/><G123/><T97/><D111/><U59/><E125/><V19/><F122/><W73/><G38/><T1/><D82/><U34/><E37/><V95/><F41/><W39/><G39/><T101/><D81/><U47/><E110/><V132/><F132/><W61/><G35/><T131/><D131/><U134/><E134/><V33/><F33/><W29/><G29/><T109/><D109/><U68/><E68/><V60/><F71/><W87/><G17/><T54/><D54/><U135/><E135/><V113/><F113/><W0/><G73/><T4/><REACH who="0" step="1"/><D31/><REACH who="0" ten="541,163,183,103" step="2"/><U14/><E83/><V42/><F52/><W63/><G72/><T48/><AGARI ba="3,1" hai="1,4,10,18,20,26,43,46,48,92,97,101,114,115" machi="48" ten="20,18000,2" yaku="1,1,2,1,0,1,7,1,52,1,53,1" doraHai="32" doraHaiUra="36" who="0" fromWho="0" sc="541,199,163,-63,183,-63,103,-63" /><INIT seed="0,4,0,3,4,67" ten="740,100,120,40" oya="0" hai0="16,112,9,30,120,79,2,69,53,92,59,121,24" hai1="78,38,37,125,10,12,40,35,103,90,66,0,97" hai2="65,130,63,93,34,128,1,47,50,49,86,52,5" hai3="122,3,70,116,124,113,110,8,109,28,18,14,119"/><T100/><D112/><U23/><E125/><V72/><F34/><W22/><G70/><T123/><D79/><U20/><E78/><V135/><F72/><W85/><G85/><T21/><D69/><U127/><E35/><V29/><F29/><W58/><G58/><T108/><D108/><N who="3" m="41577" /><G113/><T33/><D92/><U114/><E97/><V13/><F135/><W46/><G46/><T99/><D99/><U115/><E127/><V106/><F106/><W11/><G124/><T118/><D100/><U107/><E103/><V87/><F49/><W7/><G122/><T19/><D118/><N who="3" m="45097" /><G28/><T73/><D73/><U36/><E107/><V62/><F93/><W131/><G131/><T77/><D77/><U132/><E114/><V88/><F86/><W74/><G74/><T101/><D101/><U105/><E105/><V55/><F55/><W27/><G11/><T117/><D117/><U4/><E10/><N who="2" m="4303" /><F65/><W54/><G54/><T84/><D84/><U133/><E66/><V95/><F62/><W82/><G82/><T44/><D44/><U91/><E115/><V6/><F63/><W102/><G102/><T111/><D53/><U64/><E64/><V42/><F52/><W41/><G41/><T75/><D59/><U104/><E40/><V71/><F71/><W15/><AGARI ba="4,0" hai="3,7,8,14,15,18,22,27" m="45097,41577" machi="15" ten="40,5200,0" yaku="14,1,34,2" doraHai="67" who="3" fromWho="3" sc="740,-30,100,-17,120,-17,40,64" /><INIT seed="1,0,0,5,0,125" ten="710,83,103,104" oya="1" hai0="83,61,91,85,79,132,15,9,45,31,3,89,93" hai1="8,97,49,102,5,119,60,18,30,38,95,131,104" hai2="88,133,17,111,113,23,4,37,109,74,10,6,14" hai3="120,134,63,127,42,98,7,29,92,51,40,110,62"/><U69/><E119/><V27/><F37/><W77/><G120/><T56/><D132/><U103/><E38/><V48/><F74/><W39/><G127/><T16/><D3/><U101/><E30/><V112/><F48/><W70/><G134/><T105/><D105/><U43/><E18/><N who="2" m="12791" /><F88/><W72/><G110/><N who="2" m="41993" /><F133/><W94/><G51/><T28/><D45/><U53/><E43/><V55/><F55/><W52/><G52/><N who="0" m="33927" /><D79/><U65/><E104/><V44/><F44/><W99/><G62/><T87/><AGARI ba="0,0" hai="9,15,16,28,31,83,85,87,89,91,93" m="33927" machi="87" ten="30,4000,0" yaku="8,1,54,2" doraHai="125" who="0" fromWho="0" sc="710,40,83,-20,103,-10,104,-10" /><INIT seed="2,0,0,4,0,123" ten="750,63,93,94" oya="2" hai0="44,27,132,40,7,126,66,6,19,65,30,31,11" hai1="124,0,135,5,56,75,46,33,26,82,53,94,41" hai2="100,39,74,72,114,108,52,18,14,117,128,89,85" hai3="9,120,32,70,133,42,12,95,22,17,60,35,88"/><V111/><F117/><W96/><G120/><T97/><D132/><U2/><E135/><V61/><F39/><W115/><G133/><T116/><D126/><U55/><E55/><V1/><F100/><W91/><G115/><T51/><D116/><U67/><E67/><V129/><F1/><W68/><G42/><T63/><D97/><U48/><E5/><V86/><F86/><W103/><G91/><T125/><D125/><U38/><E33/><V109/><F114/><W131/><G131/><N who="2" m="50249" /><F52/><W107/><G22/><T102/><D102/><U25/><E2/><V81/><F61/><W87/><REACH who="3" step="1"/><G60/><REACH who="3" ten="750,63,93,84" step="2"/><T43/><D40/><U78/><E124/><V62/><F62/><W92/><G92/><T28/><D63/><U104/><E104/><V13/><F13/><W80/><G80/><T16/><D65/><U110/><E0/><V105/><F105/><W64/><G64/><T4/><D66/><U10/><E94/><V83/><F81/><W71/><AGARI ba="0,1" hai="9,12,17,32,35,68,70,71,87,88,95,96,103,107" machi="71" ten="30,4000,0" yaku="1,1,0,1,54,1,53,0" doraHai="123" doraHaiUra="50" who="3" fromWho="3" sc="750,-10,63,-10,93,-20,84,50" /><INIT seed="3,0,0,3,3,77" ten="740,53,73,134" oya="3" hai0="4,23,97,28,62,34,83,0,53,134,84,119,66" hai1="7,46,98,81,64,109,14,130,121,135,58,99,21" hai2="104,5,39,57,55,78,91,114,15,124,122,113,100" hai3="90,19,52,10,93,30,33,50,20,71,51,60,40"/><W95/><G33/><T75/><D75/><U123/><E135/><V47/><F122/><W89/><G71/><T44/><D34/><U16/><E130/><V25/><F124/><W43/><G10/><T17/><D28/><U102/><E109/><V82/><F91/><W79/><G79/><T35/><D35/><U115/><E46/><V108/><F25/><W132/><G60/><T41/><D119/><U24/><E115/><V120/><F108/><W12/><G51/><T29/><D29/><U101/><E99/><V85/><F120/><W107/><G107/><T13/><D97/><U36/><E36/><V112/><F15/><W117/><G30/><T105/><D105/><U69/><E69/><V106/><F5/><W103/><G103/><T18/><D53/><U2/><E102/><V70/><F70/><W131/><G132/><T1/><D17/><U86/><E2/><V9/><F9/><W8/><G8/><T63/><D4/><U45/><E45/><V37/><F100/><W76/><G76/><N who="0" m="46183" /><D63/><U54/><E7/><V11/><F11/><W6/><G131/><T22/><D22/><U129/><E129/><V87/><F37/><W72/><G72/><T31/><D31/><U32/><E32/><V133/><F133/><W126/><G117/><T127/><D127/><U116/><E116/><V65/><F104/><W38/><G126/><T61/><D61/><N who="1" m="37943" /><E54/><V92/><F106/><W96/><G6/><T68/><D134/><U111/><E111/><V74/><F39/><W73/><G38/><N who="0" m="21559" /><D0/><U3/><E3/><V110/><F113/><W59/><G73/><RYUUKYOKU ba="0,0" sc="740,15,53,-15,73,-15,134,15" hai0="1,13,18,23,62,66,68" hai3="12,19,20,40,43,50,52,59,89,90,93,95,96" /><INIT seed="3,1,0,5,0,46" ten="755,38,58,149" oya="3" hai0="19,61,102,62,93,100,0,37,66,6,91,134,98" hai1="63,74,25,50,49,97,78,89,115,81,87,32,94" hai2="124,38,103,108,107,104,80,39,86,130,56,79,95" hai3="52,120,105,14,69,125,76,33,22,117,67,73,27"/><W15/><G117/><T17/><D134/><U11/><E115/><V40/><F124/><W44/><G120/><T88/><D37/><U45/><E45/><V13/><F130/><W31/><G125/><T53/><D0/><U116/><E116/><V85/><F108/><W92/><G105/><T3/><D3/><U5/><E63/><V77/><F13/><W127/><G127/><T59/><D6/><U41/><E41/><V18/><F18/><N who="0" m="6666" /><D91/><U119/><E119/><V35/><F35/><W122/><G122/><T84/><D84/><U118/><E118/><V7/><F7/><W60/><G33/><T4/><D4/><U8/><E8/><V42/><F56/><AGARI ba="1,0" hai="53,56,59,61,62,66,88,93,98,100,102" m="6666" machi="56" ten="30,2000,0" yaku="8,1,54,1" doraHai="46" who="0" fromWho="2" sc="755,23,38,0,58,-23,149,0" /><INIT seed="4,0,0,5,4,133" ten="778,38,35,149" oya="0" hai0="40,116,36,26,46,132,13,22,134,90,67,20,62" hai1="75,19,74,98,37,17,10,51,49,106,111,29,31" hai2="86,12,35,38,14,48,123,43,81,118,125,114,41" hai3="84,68,77,54,101,59,110,108,82,117,103,120,83"/><T79/><D116/><U8/><E37/><V23/><F35/><W65/><G117/><T104/><D104/><U11/><E98/><V109/><F118/><W73/><G101/><T33/><D79/><U52/><E106/><V61/><F123/><W60/><G103/><T57/><D90/><U28/><E111/><V100/><F109/><W131/><G131/><T85/><D85/><U80/><E80/><V44/><F114/><W97/><G97/><T64/><D64/><U63/><E63/><V2/><F2/><W88/><G120/><T99/><D99/><U113/><E113/><V78/><F100/><W47/><G47/><T58/><D58/><U128/><E128/><V76/><F76/><W21/><G21/><T95/><D95/><U6/><E6/><V7/><F125/><W53/><G53/><T3/><D3/><U56/><E51/><AGARI ba="0,0" hai="51,54,59,60,65,68,73,77,82,83,84,88,108,110" machi="51" ten="30,2000,0" yaku="7,1,54,1" doraHai="133" who="3" fromWho="1" sc="778,0,38,-20,35,0,149,20" /><INIT seed="5,0,0,4,2,129" ten="778,18,35,169" oya="1" hai0="66,84,17,134,115,46,48,114,50,25,101,93,116" hai1="128,75,45,24,57,33,124,71,67,87,90,19,120" hai2="9,92,76,37,31,86,94,117,81,56,65,3,10" hai3="59,98,97,80,108,96,70,2,8,99,83,42,91"/><U54/><E120/><V27/><F37/><W15/><G70/><T132/><D116/><U62/><E128/><V133/><F117/><W29/><G2/><T43/><D66/><U74/><E124/><V112/><F133/><N who="0" m="51306" /><D25/><U34/><E45/><V35/><F112/><W58/><G29/><T28/><D28/><U1/><E1/><V11/><F3/><W4/><G42/><T113/><D17/><U52/><E54/><V95/><F65/><W21/><G21/><T69/><D69/><U44/><E44/><V130/><F56/><W111/><G59/><T106/><D106/><U119/><E119/><V73/><REACH who="2" step="1"/><F130/><REACH who="2" ten="778,18,25,169" step="2"/><W7/><G58/><T88/><D101/><U41/><E41/><V63/><F63/><W39/><G39/><AGARI ba="0,1" hai="39,43,46,48,50,84,88,93,113,114,115" m="51306" machi="39" ten="40,12000,2" yaku="15,1,20,1,52,3,54,1" doraHai="129" who="0" fromWho="3" sc="778,130,18,0,25,0,169,-120" /><INIT seed="6,0,0,2,3,19" ten="908,18,25,49" oya="2" hai0="43,62,46,20,119,16,88,81,91,55,121,42,134" hai1="95,127,12,24,56,111,67,21,17,40,1,70,6" hai2="68,27,75,25,78,106,26,2,132,80,41,120,125" hai3="116,61,64,113,44,99,92,50,18,71,102,76,33"/><V112/><F120/><W108/><G116/><T117/><D121/><U124/><E111/><V59/><F68/><W84/><G108/><T101/><D101/><U74/><E74/><V109/><F109/><W135/><G33/><T14/><D134/><U49/><E70/><V82/><F2/><W48/><G135/><T38/><D43/><U39/><E39/><V13/><F132/><W85/><G113/><T66/><D55/><U11/><E40/><V133/><F133/><W54/><G76/><T9/><D81/><U126/><E95/><V94/><F106/><W96/><G18/><T90/><REACH who="0" step="1"/><D9/><REACH who="0" ten="898,18,25,49" step="2"/><U22/><E67/><V60/><F80/><W0/><G102/><T34/><D34/><U47/><E47/><V69/><F41/><W130/><G54/><T4/><D4/><U23/><E1/><V122/><F122/><W77/><G44/><T30/><D30/><U114/><E114/><V52/><F112/><W57/><G64/><T123/><D123/><U5/><E6/><V100/><F100/><W103/><G103/><T36/><D36/><U32/><E32/><V118/><F94/><W98/><G0/><T83/><D83/><U87/><E87/><V65/><F118/><W131/><G85/><T15/><D15/><U128/><E128/><V107/><F13/><W93/><G131/><T7/><D7/><U3/><E12/><V73/><F107/><W45/><G130/><T35/><D35/><U104/><E104/><V51/><F73/><W53/><G93/><T10/><D10/><U129/><E129/><V63/><F60/><N who="3" m="35887" /><G92/><T89/><D89/><RYUUKYOKU ba="0,1" sc="898,10,18,10,25,10,49,-30" hai0="14,16,20,38,42,46,62,66,88,90,91,117,119" hai1="3,5,11,17,21,22,23,24,49,56,124,126,127" hai2="25,26,27,51,52,59,63,65,69,75,78,82,125" /><INIT seed="6,1,1,3,2,112" ten="908,28,35,19" oya="2" hai0="102,62,46,20,108,64,106,74,84,95,18,90,39" hai1="59,31,96,107,76,17,86,9,126,99,52,87,113" hai2="78,100,48,69,14,109,2,0,38,30,125,1,32" hai3="26,79,35,101,34,5,11,57,24,61,83,42,53"/><V51/><F38/><W135/><G135/><T120/><D108/><U114/><E126/><V92/><F69/><W25/><G101/><T44/><D120/><U8/><E31/><V41/><F109/><W77/><G42/><T133/><D39/><U4/><E17/><V131/><F125/><W119/><G119/><T45/><D74/><U127/><E127/><V91/><F131/><W33/><REACH who="3" step="1"/><G83/><REACH who="3" ten="908,28,35,9" step="2"/><T7/><D133/><U16/><E113/><V68/><F41/><W123/><G123/><T124/><D102/><U75/><E114/><V56/><F100/><W50/><G50/><T118/><D124/><U43/><E43/><V73/><F48/><W82/><G82/><T89/><D106/><U10/><E107/><V21/><F51/><W110/><G110/><T129/><D129/><U81/><E81/><V6/><F73/><W36/><G36/><T98/><D95/><U80/><E80/><V55/><F78/><W115/><G115/><T19/><D90/><U23/><E76/><V66/><F91/><W116/><G116/><T29/><D118/><U60/><E75/><V12/><F92/><W15/><AGARI ba="1,2" hai="5,11,15,24,25,26,33,34,35,53,57,61,77,79" machi="15" ten="40,2700,0" yaku="1,1,0,1,53,0" doraHai="112" doraHaiUra="117" who="3" fromWho="3" sc="908,-8,28,-8,35,-14,9,50" /><INIT seed="7,0,0,4,3,40" ten="900,20,21,59" oya="3" hai0="11,59,8,84,105,70,13,63,77,109,19,117,53" hai1="47,58,50,89,125,94,65,101,87,57,10,24,18" hai2="1,62,25,36,43,113,5,123,119,22,28,81,91" hai3="83,52,72,112,29,122,104,115,120,103,116,74,27"/><W26/><G29/><T126/><D109/><U31/><E125/><V69/><F119/><W64/><G64/><T60/><D126/><U129/><E129/><V46/><F113/><W71/><G71/><T93/><D105/><U118/><E118/><V124/><F124/><W76/><G52/><T34/><D34/><U4/><E65/><V17/><F62/><W66/><G83/><N who="0" m="47215" /><D70/><U130/><E130/><V33/><F69/><W12/><G12/><T86/><D117/><U96/><E18/><V14/><F91/><W92/><G27/><T73/><D73/><U54/><E31/><V111/><F81/><W15/><G26/><T32/><D32/><U135/><E24/><V41/><F41/><W110/><G74/><T107/><D107/><U106/><REACH who="1" step="1"/><E135/><REACH who="1" ten="900,10,21,59" step="2"/><V49/><F123/><W108/><G116/><T88/><D8/><U78/><E78/><V45/><F111/><W132/><G76/><T21/><D11/><U7/><E7/><V9/><F45/><W133/><G132/><T61/><AGARI ba="0,1" hai="13,19,21,53,59,60,61,63,86,88,93" m="47215" machi="61" ten="30,2000,0" yaku="8,1,54,1" doraHai="40" who="0" fromWho="0" sc="900,30,10,-5,21,-5,59,-10" owari="930,103.0,5,-49.5,16,-38.4,49,-15.1" /></mjloggm>