<mjloggm ver="2.3"><GO type="169" lobby="0"/><UN n0="%E4%BE%8D" n1="%4F%56%4F" n2="%E3%80%90%E7%BD%AA%E6%AD%8C%E3%80%91" n3="%E6%96%90%E6%B5%85" dan="18,16,18,16" rate="2230.67,2062.83,2279.63,2083.38" sx="M,M,M,M"/><TAIKYOKU oya="0"/><INIT seed="0,0,0,1,1,95" ten="250,250,250,250" oya="0" hai0="116,24,78,118,38,7,133,51,130,77,90,49,114" hai1="63,11,5,127,45,108,16,76,29,100,66,15,107" hai2="30,115,101,60,20,69,103,109,53,98,80,56,73" hai3="46,72,99,84,9,55,70,36,64,105,41,104,92"/><T97/><D114/><U68/><E108/><V28/><F109/><W126/><G72/><T113/><D113/><U19/><E127/><V123/><F123/><W57/><G126/><T3/><D38/><U6/><E76/><V61/><F115/><W111/><G111/><T134/><D24/><U35/><E45/><V86/><F73/><W4/><G84/><T74/><D7/><U94/><E94/><V12/><F69/><W102/><G64/><T18/><D18/><U128/><E128/><V65/><F103/><W119/><G119/><N who="0" m="45611" /><D3/><U129/><E5/><V79/><F61/><W8/><G70/><T54/><D74/><U62/><E62/><V39/><F39/><W87/><G87/><T135/><D130/><U14/><E14/><V88/><F79/><N who="0" m="30218" /><D54/><U42/><E42/><V132/><F132/><W31/><G31/><T48/><D90/><U131/><E131/><V25/><F12/><W2/><REACH who="3" step="1"/><G9/><REACH who="3" ten="250,250,250,240" step="2"/><T26/><D26/><N who="1" m="18871" /><E129/><V121/><F121/><W93/><G93/><T106/><D97/><AGARI ba="0,1" hai="6,11,15,16,19,63,66,68,97,100,107" m="18871" machi="97" ten="30,3900,0" yaku="25,1,52,1,54,1" doraHai="95" who="1" fromWho="0" sc="250,-39,250,49,250,0,240,0" /><INIT seed="1,0,0,2,4,49" ten="211,299,250,240" oya="1" hai0="40,100,90,82,108,98,32,43,103,110,30,93,33" hai1="50,48,69,86,132,133,15,77,53,111,9,127,113" hai2="74,78,45,83,23,56,58,89,87,25,131,6,66" hai3="54,52,72,120,73,41,16,34,12,26,20,39,10"/><U42/><E113/><V47/><F131/><W70/><G70/><T31/><D82/><N who="1" m="47439" /><E69/><V105/><F105/><W80/><G120/><T55/><D93/><U57/><E127/><V96/><F96/><W101/><G101/><N who="0" m="38987" /><D98/><U125/><E125/><V79/><F6/><W46/><G34/><N who="0" m="13419" /><D90/><U0/><E0/><V88/><F89/><W124/><G124/><T51/><D51/><U29/><E29/><N who="0" m="10761" /><D55/><U11/><E48/><V68/><F68/><W104/><G104/><T63/><D63/><U122/><E42/><AGARI ba="0,0" hai="40,42,43,108,110" m="10761,13419,38987" machi="42" ten="40,2600,0" yaku="28,2" doraHai="49" who="0" fromWho="1" sc="211,26,299,-26,250,0,240,0" /><INIT seed="2,0,0,5,0,122" ten="237,273,250,240" oya="2" hai0="99,61,110,4,29,101,57,123,131,2,108,5,69" hai1="127,23,20,36,8,107,16,37,81,38,0,6,55" hai2="96,100,83,27,32,87,9,114,28,18,70,104,71" hai3="11,121,10,111,15,113,68,44,63,84,119,112,135"/><V13/><REACH who="2" step="1"/><F114/><REACH who="2" ten="237,273,240,240" step="2"/><W19/><G113/><T77/><D123/><U58/><E127/><V90/><AGARI ba="0,1" hai="9,13,18,27,28,32,70,71,83,87,90,96,100,104" machi="90" ten="20,18000,2" yaku="21,2,2,1,0,1,7,1,53,1" doraHai="122" doraHaiUra="25" who="2" fromWho="2" sc="237,-60,273,-60,240,190,240,-60" /><INIT seed="2,1,0,0,5,112" ten="177,213,430,180" oya="2" hai0="82,52,87,4,96,72,17,16,133,65,39,123,76" hai1="23,11,6,99,101,45,30,19,59,98,56,79,18" hai2="38,107,106,114,13,115,0,41,25,89,68,118,5" hai3="131,24,105,94,8,92,135,64,132,47,61,21,126"/><V85/><F13/><W66/><G105/><T81/><D123/><U53/><E79/><V111/><F25/><W127/><G8/><T20/><D133/><N who="3" m="51273" /><G47/><T117/><D39/><U27/><E45/><V90/><F85/><W83/><G83/><T35/><D35/><U34/><E59/><V124/><F5/><W129/><G94/><T134/><D134/><U42/><E42/><V50/><F50/><W104/><G92/><T119/><D65/><N who="3" m="25193" /><G61/><T7/><D96/><U84/><E84/><V102/><F102/><W60/><G60/><T26/><D17/><U54/><E99/><V67/><F67/><W128/><G104/><T63/><D4/><U28/><E19/><AGARI ba="1,0" hai="19,21,24,126,127,128,129,131" m="25193,51273" machi="19" ten="40,8000,1" yaku="30,2,19,1,20,1" doraHai="112" who="3" fromWho="1" sc="177,0,213,-83,430,0,180,83" /><INIT seed="3,0,0,5,2,34" ten="177,130,430,263" oya="3" hai0="22,118,127,59,62,124,20,109,93,25,90,3,46" hai1="64,81,80,14,100,99,133,33,9,135,106,36,57" hai2="49,71,27,58,52,56,87,95,35,55,85,76,132" hai3="128,125,75,116,119,37,42,112,120,101,113,45,84"/><W123/><G125/><T1/><D118/><N who="3" m="45097" /><G84/><T18/><D46/><U98/><E36/><V54/><F71/><W97/><G75/><T8/><D109/><U15/><E33/><V39/><F39/><W74/><G74/><T31/><D8/><U129/><E129/><V5/><F132/><N who="1" m="50761" /><E99/><V66/><F66/><W105/><G128/><T102/><D127/><U65/><E15/><V68/><F68/><W23/><G23/><T108/><D108/><U30/><E30/><V110/><F110/><W17/><G17/><T126/><D126/><U130/><E130/><V115/><F85/><W13/><G13/><T26/><D124/><U131/><E131/><V69/><F87/><W91/><G91/><T44/><D44/><U6/><E57/><V16/><F35/><W111/><G111/><T122/><D122/><AGARI ba="0,0" hai="37,42,45,97,101,105,112,113,120,122,123" m="45097" machi="122" ten="30,1500,0" yaku="23,1" doraHai="34" who="3" fromWho="0" sc="177,-15,130,0,430,0,263,15" /><INIT seed="3,1,0,1,5,105" ten="162,130,430,278" oya="3" hai0="87,49,91,18,94,101,13,46,63,78,43,27,99" hai1="2,47,92,100,112,121,67,61,75,4,56,117,73" hai2="19,89,76,119,25,69,90,122,51,115,5,16,40" hai3="23,9,1,125,31,131,20,103,64,29,41,52,135"/><W33/><G135/><T15/><D78/><U50/><E112/><V8/><F69/><W36/><G125/><T113/><D113/><U6/><E121/><V71/><F71/><W14/><G64/><T37/><D37/><U107/><E107/><V129/><F115/><W58/><G131/><T35/><D63/><U65/><E117/><V34/><F119/><W0/><G103/><T28/><REACH who="0" step="1"/><D18/><REACH who="0" ten="152,130,430,278" step="2"/><U21/><E61/><V72/><F16/><W62/><G36/><T54/><D54/><U111/><E67/><V55/><F55/><W134/><G52/><T12/><D12/><U98/><E65/><V57/><F19/><W97/><G14/><T39/><D39/><U44/><E111/><V68/><F76/><W77/><G62/><T38/><D38/><U95/><E50/><V130/><F51/><W104/><G77/><T48/><D48/><U106/><E2/><V3/><F3/><W70/><G1/><T128/><D128/><U110/><E110/><V123/><F130/><W114/><G0/><T74/><D74/><U60/><E60/><V133/><F72/><W127/><G114/><T124/><D124/><U85/><E75/><V84/><F129/><W11/><G70/><T118/><D118/><U10/><E73/><V102/><F123/><W88/><G127/><T109/><D109/><U24/><E4/><V80/><F122/><W22/><G41/><T86/><D86/><U93/><E85/><V66/><F68/><W116/><G116/><T53/><D53/><U42/><E42/><V30/><F40/><W132/><G132/><T79/><D79/><RYUUKYOKU ba="1,1" sc="152,30,130,-10,430,-10,278,-10" hai0="13,15,27,28,35,43,46,49,87,91,94,99,101" /><INIT seed="4,2,1,5,1,118" ten="182,120,420,268" oya="0" hai0="9,76,114,52,94,95,43,106,58,29,24,6,128" hai1="64,109,34,38,36,71,103,112,53,65,135,67,115" hai2="44,46,84,35,125,105,88,25,127,33,7,122,15" hai3="4,72,18,13,77,14,85,27,60,45,63,68,120"/><T2/><D106/><U30/><E103/><V86/><F105/><W97/><G72/><T119/><D119/><U57/><E30/><V28/><F122/><W108/><G108/><T16/><D114/><N who="1" m="43563" /><E34/><V126/><F84/><W0/><G0/><T90/><D128/><U92/><E92/><N who="2" m="54295" /><F35/><W102/><G68/><T37/><D76/><U107/><E107/><V129/><F129/><W121/><G45/><N who="2" m="17513" /><F15/><N who="3" m="5643" /><G4/><AGARI ba="2,1" hai="4,7,25,28,33,125,126,127" m="17513,54295" machi="4" ten="40,2600,0" yaku="18,1,54,1" doraHai="118" who="2" fromWho="3" sc="182,0,120,0,420,42,268,-32" /><INIT seed="5,0,0,1,1,92" ten="182,120,462,236" oya="1" hai0="123,17,64,116,57,21,71,129,46,37,95,33,97" hai1="130,87,99,112,60,19,43,105,108,2,4,79,135" hai2="16,93,111,125,5,29,34,44,74,11,48,126,89" hai3="100,26,110,3,101,128,75,56,54,39,119,102,117"/><U63/><E112/><V113/><F111/><W47/><G110/><T70/><D116/><N who="3" m="44617" /><G3/><T124/><D33/><U96/><E135/><V25/><F74/><W45/><G75/><T58/><D124/><N who="2" m="47722" /><F113/><W103/><G128/><T134/><D129/><U65/><E130/><V131/><F131/><W40/><G103/><T122/><D46/><U91/><E108/><V51/><F44/><N who="3" m="23583" /><G26/><T133/><D37/><U53/><E105/><V35/><F35/><W86/><G86/><T104/><D58/><N who="1" m="37111" /><E2/><N who="2" m="439" /><F16/><W22/><G22/><T84/><D57/><N who="1" m="34863" /><E4/><V50/><F50/><AGARI ba="0,0" hai="45,47,50,54,56,100,101,102" m="23583,44617" machi="50" ten="30,1000,0" yaku="12,1" doraHai="92" who="3" fromWho="2" sc="182,0,120,0,462,-10,236,10" /><INIT seed="6,0,0,5,4,105" ten="182,120,452,246" oya="2" hai0="39,44,85,2,46,17,25,35,12,56,135,126,116" hai1="52,61,132,53,124,73,112,90,65,101,26,74,36" hai2="78,68,88,1,60,67,34,64,27,92,4,69,113" hai3="51,76,50,75,55,86,66,127,42,122,30,14,104"/><V106/><F78/><W21/><G104/><T72/><D2/><U89/><E36/><V33/><F106/><W18/><G127/><T43/><D135/><U133/><E101/><V134/><F134/><N who="1" m="51817" /><E124/><V5/><F113/><W99/><G75/><N who="1" m="28682" /><E112/><V82/><F82/><W94/><G66/><T107/><D107/><U120/><E120/><V84/><F1/><W81/><G30/><T130/><D130/><U31/><E90/><V121/><F121/><W123/><G123/><T63/><D116/><U102/><E89/><V40/><F40/><W125/><G125/><T54/><D72/><U41/><E102/><V23/><F34/><W45/><G122/><T97/><D85/><U11/><E11/><V100/><F33/><W10/><G10/><T79/><D79/><U103/><E103/><V87/><F87/><W47/><G86/><T13/><D97/><U93/><E41/><V118/><F118/><W95/><G76/><T9/><D126/><U114/><E93/><V71/><F100/><N who="3" m="60535" /><G95/><T119/><D119/><U128/><E128/><V7/><F92/><W58/><G81/><T3/><D43/><U29/><E114/><V115/><F115/><W19/><G42/><T70/><D39/><U108/><E108/><V38/><F38/><W129/><G129/><T8/><D3/><U117/><E117/><V77/><F88/><W28/><G21/><T83/><D83/><U49/><E31/><N who="2" m="17919" /><F84/><W111/><G28/><N who="0" m="19855" /><D70/><N who="2" m="27242" /><F77/><W24/><G111/><T96/><D96/><U6/><E6/><V62/><F4/><W131/><G131/><T109/><D109/><U57/><E49/><RYUUKYOKU ba="0,0" sc="182,10,120,10,452,10,246,-30" hai0="8,9,12,13,17,44,46,54,56,63" hai1="26,29,52,53,57,61,65" hai2="5,7,60,62,64,67,71" /><INIT seed="6,1,0,2,4,8" ten="192,130,462,216" oya="2" hai0="80,57,93,70,34,94,88,105,5,56,55,115,9" hai1="7,96,66,76,19,51,32,95,92,73,25,120,10" hai2="81,130,60,128,28,30,124,24,117,82,98,0,38" hai3="99,58,110,22,54,44,72,133,119,41,14,65,16"/><V4/><F38/><W86/><G72/><T78/><D70/><U134/><E134/><V64/><F117/><W45/><G119/><T43/><D105/><U104/><E66/><V12/><F0/><W68/><G110/><T36/><D34/><U3/><E120/><V59/><F124/><W47/><G133/><T74/><D115/><U48/><E104/><V87/><F98/><W67/><G68/><T18/><D18/><U42/><E73/><V63/><F63/><N who="3" m="36311" /><G41/><T135/><D135/><U17/><E76/><V103/><F103/><W118/><G118/><T62/><D56/><U123/><E123/><V85/><F85/><W29/><G99/><T71/><D71/><U97/><E97/><V122/><F87/><W77/><G29/><T50/><D88/><U1/><E1/><V127/><F127/><W40/><G40/><T21/><D21/><U126/><E126/><V113/><F30/><W49/><G49/><T26/><D26/><U91/><E95/><V20/><F113/><W23/><G23/><T11/><D62/><U84/><E96/><V37/><F37/><W79/><G79/><T27/><D27/><U15/><E42/><V125/><F125/><W75/><G75/><T35/><D35/><U69/><E69/><V39/><F39/><W132/><G132/><T13/><D43/><U90/><E90/><V102/><F102/><W107/><G107/><T112/><D36/><U89/><E89/><V100/><F100/><W129/><G129/><N who="2" m="49769" /><F122/><W108/><G108/><T111/><D111/><U114/><E114/><V6/><F64/><N who="3" m="24651" /><G77/><T131/><D78/><RYUUKYOKU ba="1,0" sc="192,-10,130,-10,462,-10,216,30" hai3="14,16,22,44,45,47,86" /><INIT seed="7,2,0,5,2,132" ten="182,120,452,246" oya="3" hai0="72,86,42,121,13,94,124,25,23,57,54,119,28" hai1="95,76,24,29,96,4,11,129,101,82,56,21,109" hai2="40,131,50,41,83,99,130,85,67,107,118,20,80" hai3="110,26,33,128,46,5,108,75,14,8,47,73,3"/><W18/><G128/><T58/><D119/><U45/><E129/><V55/><F118/><W114/><G114/><T44/><D121/><U126/><E109/><N who="3" m="42090" /><G47/><T115/><D72/><U117/><E117/><V59/><F131/><W100/><G100/><T35/><D115/><U52/><E45/><V71/><F71/><W10/><G46/><T16/><D124/><U81/><E126/><V61/><F130/><W112/><G112/><T84/><D94/><U66/><E66/><V51/><F41/><W93/><G93/><T12/><D12/><U70/><E70/><V43/><F43/><W78/><G78/><T104/><D104/><U6/><E11/><V34/><F40/><W87/><G87/><T125/><D125/><U103/><E103/><V113/><F113/><W106/><G106/><T48/><REACH who="0" step="1"/><D58/><REACH who="0" ten="172,120,452,246" step="2"/><U105/><E105/><V9/><F107/><W92/><G92/><T39/><AGARI ba="2,1" hai="13,16,23,25,28,35,39,42,44,48,54,57,84,86" machi="39" ten="20,8000,1" yaku="1,1,2,1,0,1,7,1,54,1,53,0" doraHai="132" doraHaiUra="90" who="0" fromWho="0" sc="172,96,120,-22,452,-22,246,-42" owari="268,6.8,98,-40.2,430,53.0,204,-19.6" /></mjloggm>