<mjloggm ver="2.3"><GO type="169" lobby="0"/><UN n0="%E3%81%AD%E3%81%93%E3%81%AB%E3%82%83%E3%82%93" n1="%E7%99%BD%E6%B2%B3%E3%81%97%E3%81%8A%E3%82%8A" n2="%E5%B1%8A%E3%81%8B%E3%81%AA%E3%81%84%E6%81%8B" n3="%52%59%4F%40%53%53" dan="16,16,16,17" rate="2145.95,2129.80,2148.80,2209.70" sx="F,F,M,M"/><TAIKYOKU oya="0"/><INIT seed="0,0,0,2,0,68" ten="250,250,250,250" oya="0" hai0="5,95,78,43,10,36,7,48,34,80,115,23,117" hai1="0,63,135,98,121,61,79,119,42,45,104,4,40" hai2="125,41,128,28,110,66,118,76,49,15,60,81,71" hai3="70,103,74,100,107,53,8,124,64,39,130,134,12"/><T56/><D34/><U69/><E121/><V72/><F118/><W44/><G74/><T93/><D117/><U58/><E119/><V50/><F128/><W82/><G130/><T6/><D115/><U111/><E111/><V20/><F110/><W96/><G124/><T77/><D10/><U38/><E135/><V33/><F125/><W92/><G134/><T87/><D77/><U132/><E132/><V102/><F102/><W26/><G64/><T30/><D36/><U35/><E35/><V122/><F122/><W46/><G70/><T51/><D48/><U85/><E42/><V62/><F41/><W25/><G39/><T91/><D78/><U29/><E29/><V16/><REACH who="2" step="1"/><F60/><REACH who="2" ten="250,250,240,250" step="2"/><W47/><G103/><T37/><D43/><U127/><E127/><V129/><F129/><W32/><G107/><T52/><D37/><U18/><E61/><V27/><AGARI ba="0,1" hai="15,16,20,27,28,33,49,50,62,66,71,72,76,81" machi="27" ten="30,7900,0" yaku="1,1,0,1,54,1,53,1" doraHai="68" doraHaiUra="22" who="2" fromWho="2" sc="250,-39,250,-20,240,89,250,-20" /><INIT seed="1,0,0,5,3,23" ten="211,230,329,230" oya="1" hai0="89,82,131,129,77,18,47,88,43,96,60,108,106" hai1="36,6,117,119,15,26,109,4,124,10,126,57,97" hai2="135,105,114,90,29,52,127,101,38,56,42,61,76" hai3="40,24,79,13,50,120,28,118,123,59,125,112,54"/><U70/><E70/><V11/><F76/><W32/><G112/><T37/><D108/><U111/><E36/><V80/><F114/><W98/><G125/><N who="1" m="48234" /><E97/><V130/><F101/><W68/><G118/><N who="1" m="45066" /><E57/><V100/><F100/><W17/><G68/><T91/><D60/><U34/><E4/><V66/><F105/><W78/><G40/><T25/><D106/><U99/><E99/><V22/><F42/><W67/><G67/><T0/><D0/><U2/><E15/><V93/><F38/><W75/><G98/><T55/><D55/><U72/><E72/><V95/><F66/><W87/><G75/><T30/><D96/><U107/><E107/><V62/><F127/><W7/><G7/><T71/><D71/><U19/><E19/><V46/><F56/><W115/><G115/><T48/><D18/><U53/><E53/><V94/><F52/><W51/><G51/><T86/><REACH who="0" step="1"/><D37/><REACH who="0" ten="201,230,329,230" step="2"/><U104/><E104/><V63/><F63/><W41/><G41/><T84/><D84/><U14/><E2/><V16/><F61/><W128/><G87/><T73/><D73/><U35/><E35/><AGARI ba="0,1" hai="25,30,35,43,47,48,77,82,86,88,89,91,129,131" machi="35" ten="40,5200,0" yaku="1,1,52,1,54,1,53,0" doraHai="23" doraHaiUra="3" who="0" fromWho="1" sc="201,62,230,-52,329,0,230,0" /><INIT seed="2,0,0,2,0,25" ten="263,178,329,230" oya="2" hai0="135,92,93,74,17,121,91,58,104,7,63,62,2" hai1="124,26,39,106,107,129,125,33,84,87,4,108,113" hai2="38,77,41,15,76,88,45,110,12,1,40,30,37" hai3="46,109,60,51,78,94,79,48,57,18,111,36,5"/><V130/><F1/><W67/><G5/><T68/><D104/><U14/><E113/><V32/><F130/><W97/><G36/><T56/><D74/><U115/><E115/><V72/><F110/><N who="3" m="41995" /><G18/><T47/><D68/><U44/><E108/><V118/><F118/><W59/><G59/><T117/><D117/><U103/><E129/><V126/><F126/><N who="1" m="48745" /><E4/><V112/><F112/><W52/><G51/><T61/><D92/><U128/><E14/><V55/><F55/><W29/><G29/><T24/><D7/><U122/><E122/><V23/><F32/><W54/><G54/><T43/><D121/><U75/><E75/><V31/><F72/><W53/><G53/><T65/><D58/><U6/><E6/><V42/><F45/><W123/><G123/><T19/><D56/><U99/><E107/><V49/><F49/><W120/><G120/><T35/><D62/><U13/><E13/><N who="2" m="5195" /><F37/><W22/><G22/><T8/><D35/><U119/><E119/><V127/><F23/><W0/><G0/><T80/><D47/><U116/><E116/><V71/><F38/><W85/><G85/><T96/><D2/><U83/><E128/><V28/><F71/><W34/><G34/><T20/><D20/><U82/><E44/><V132/><F127/><W66/><G66/><T64/><D64/><U100/><E39/><V50/><F50/><W70/><G70/><T27/><D65/><U98/><E87/><V101/><F101/><AGARI ba="0,0" hai="46,48,52,57,60,67,78,79,94,97,101" m="41995" machi="101" ten="30,2000,0" yaku="14,1,54,1" doraHai="25" who="3" fromWho="2" sc="263,0,178,0,329,-20,230,20" /><INIT seed="3,0,0,1,3,23" ten="263,178,309,250" oya="3" hai0="45,101,52,110,49,1,133,121,53,26,11,97,114" hai1="124,46,84,69,44,65,98,62,102,74,107,21,38" hai2="22,123,57,61,85,131,34,8,12,30,64,20,108" hai3="90,55,42,92,135,122,56,95,125,0,24,4,59"/><W10/><G122/><T106/><D121/><U67/><E124/><V41/><F123/><W80/><G125/><T43/><D114/><U93/><E74/><V54/><F108/><W128/><G128/><T116/><D110/><U111/><E111/><V3/><F131/><W79/><G42/><T27/><D116/><U134/><E134/><V83/><F3/><W15/><G135/><T2/><D133/><U100/><E38/><V28/><F41/><W99/><G0/><T60/><D2/><U71/><E102/><V118/><F118/><W117/><G117/><T66/><D11/><U78/><E65/><V94/><F94/><W132/><G132/><T113/><D1/><U32/><E71/><V72/><F72/><W37/><G37/><T82/><D82/><U58/><E69/><V29/><F64/><W91/><G55/><T13/><D13/><U129/><E32/><V33/><F33/><W14/><G14/><T63/><D113/><U75/><E129/><V96/><F96/><W86/><REACH who="3" step="1"/><G24/><REACH who="3" ten="263,178,309,240" step="2"/><T87/><D53/><U9/><E67/><V105/><F34/><W120/><G120/><T7/><D43/><U89/><E9/><V6/><REACH who="2" step="1"/><F105/><REACH who="2" ten="263,178,299,240" step="2"/><W18/><G18/><T48/><D106/><U119/><E119/><V109/><F109/><W130/><G130/><T81/><D66/><U19/><E19/><V51/><F51/><W25/><G25/><T35/><D48/><U47/><E107/><V88/><AGARI ba="0,2" hai="6,8,12,20,22,28,29,30,54,57,61,83,85,88" machi="88" ten="30,8000,1" yaku="1,1,0,1,8,1,54,1,53,1" doraHai="23" doraHaiUra="50" who="2" fromWho="2" sc="263,-20,178,-20,299,100,240,-40" /><INIT seed="4,0,0,2,2,119" ten="243,158,399,200" oya="0" hai0="84,80,32,100,60,35,85,19,42,1,127,102,62" hai1="16,121,128,93,135,79,49,33,37,125,91,114,30" hai2="115,9,126,36,14,95,56,28,34,4,55,131,7" hai3="86,51,61,92,17,103,64,10,97,75,98,3,116"/><T77/><D1/><U123/><E37/><V50/><F36/><W118/><G75/><T24/><D127/><U90/><E125/><V65/><F126/><W110/><G110/><T120/><D42/><U70/><E70/><V117/><F131/><W82/><G51/><T20/><D35/><U27/><E128/><V2/><F117/><W76/><G17/><T67/><D32/><U15/><E135/><V40/><F40/><W130/><G130/><T104/><D104/><U58/><E79/><V132/><F65/><W122/><G122/><T89/><D120/><U81/><E81/><V13/><F7/><W108/><G108/><T26/><D26/><U21/><E91/><V53/><F115/><W44/><G44/><T0/><D0/><U31/><E31/><V45/><F132/><W133/><G133/><T99/><D99/><U101/><E101/><V87/><F28/><W107/><G10/><T112/><D112/><U59/><E59/><V12/><F34/><W74/><G3/><T78/><D78/><U6/><E6/><V22/><F22/><W68/><REACH who="3" step="1"/><G74/><REACH who="3" ten="243,158,399,190" step="2"/><T25/><D62/><U106/><E114/><V113/><F113/><W57/><G57/><N who="0" m="37263" /><D25/><U5/><E5/><V39/><F39/><W71/><G71/><T94/><AGARI ba="0,1" hai="19,20,24,77,80,84,85,89,94,100,102" m="37263" machi="94" ten="30,1500,0" yaku="8,1" doraHai="119" who="0" fromWho="0" sc="243,25,158,-5,399,-5,190,-5" /><INIT seed="4,1,0,4,5,66" ten="268,153,394,185" oya="0" hai0="9,101,22,92,30,74,46,5,88,135,118,130,80" hai1="115,87,95,122,39,119,114,37,62,11,108,13,16" hai2="93,0,79,38,21,73,124,82,103,12,43,78,55" hai3="85,35,91,111,75,123,61,71,57,49,19,127,14"/><T59/><D118/><U45/><E122/><V109/><F109/><W102/><G111/><T60/><D135/><U51/><E119/><V106/><F79/><W64/><G123/><T3/><D130/><U42/><E108/><V10/><F106/><W33/><G75/><T76/><D101/><U48/><E48/><V24/><F55/><W77/><G77/><T107/><D107/><U63/><E63/><V50/><F50/><W27/><G102/><T84/><D46/><U110/><E110/><V113/><F113/><N who="1" m="43017" /><E62/><V15/><F124/><W67/><G27/><T133/><D133/><U83/><E95/><V132/><F132/><W105/><G105/><T125/><D125/><U32/><E32/><V72/><F72/><W81/><G67/><T70/><D30/><U126/><E126/><V25/><F25/><W129/><G129/><T54/><REACH who="0" step="1"/><D22/><REACH who="0" ten="258,153,394,185" step="2"/><U20/><E20/><V53/><F21/><W26/><G127/><T8/><D8/><U56/><E56/><V6/><F10/><W131/><G131/><T1/><D1/><U28/><E28/><V117/><F0/><W65/><G35/><T23/><D23/><U100/><E100/><V98/><F103/><W40/><G33/><T7/><D7/><U69/><E69/><AGARI ba="1,1" hai="3,5,9,54,59,60,69,70,74,76,80,84,88,92" machi="69" ten="40,12000,1" yaku="1,1,52,2,54,1,53,0" doraHai="66" doraHaiUra="116" who="0" fromWho="1" sc="258,133,153,-123,394,0,185,0" /><INIT seed="4,2,0,2,0,6" ten="391,30,394,185" oya="0" hai0="41,18,72,19,121,119,0,37,2,58,127,8,105" hai1="54,42,60,81,31,55,111,118,57,115,98,114,4" hai2="113,25,107,67,32,33,39,97,62,1,79,122,14" hai3="132,87,120,29,92,3,135,71,82,83,110,78,130"/><T63/><D105/><U43/><E118/><V85/><F122/><W116/><G71/><T89/><D121/><U104/><E111/><V64/><F39/><W88/><G3/><T24/><D119/><U52/><E31/><V20/><F1/><W38/><G38/><T99/><D72/><U45/><E81/><V35/><F113/><N who="1" m="43017" /><E4/><V95/><F107/><W86/><G29/><T134/><D37/><N who="1" m="21711" /><E104/><V44/><F44/><W91/><G120/><T27/><D41/><U9/><E98/><V128/><F128/><W129/><G116/><T51/><D99/><U56/><E43/><V125/><F125/><W106/><G106/><T108/><D127/><U90/><E90/><V103/><F14/><W109/><G92/><T28/><D89/><U124/><E124/><V48/><F85/><W96/><G96/><T74/><D74/><U47/><E9/><V100/><F79/><AGARI ba="2,0" hai="78,79,82,83,86,87,88,91,109,110,129,130,132,135" machi="79" ten="25,12000,2" yaku="22,2,34,3,54,1" doraHai="6" who="3" fromWho="2" sc="391,0,30,0,394,-126,185,126" /><INIT seed="5,0,0,0,4,123" ten="391,30,268,311" oya="1" hai0="1,55,65,84,62,10,102,28,75,121,32,76,25" hai1="4,81,131,109,98,78,56,29,132,79,110,135,46" hai2="87,128,27,72,108,74,92,2,115,112,86,73,35" hai3="9,12,124,106,127,0,48,3,42,66,122,67,11"/><U58/><E131/><V24/><F2/><W61/><G106/><T133/><D84/><N who="2" m="32298" /><F35/><W100/><G100/><T89/><D89/><U96/><E46/><V104/><F104/><W8/><G12/><T69/><D55/><U23/><E23/><V6/><F6/><W54/><G42/><T50/><D50/><U39/><E4/><V40/><F40/><W118/><G122/><T52/><D52/><U60/><E60/><V99/><F128/><W64/><G61/><T22/><D22/><U117/><E81/><V13/><F13/><W63/><G63/><T91/><D91/><U26/><E26/><V49/><F49/><W125/><REACH who="3" step="1"/><G118/><REACH who="3" ten="391,30,268,301" step="2"/><T44/><D102/><U5/><E5/><V19/><F19/><W59/><AGARI ba="0,1" hai="0,3,8,9,11,48,54,59,64,66,67,124,125,127" machi="59" ten="40,12000,2" yaku="1,1,2,1,0,1,29,2,18,1,53,0" doraHai="123" doraHaiUra="37" who="3" fromWho="3" sc="391,-30,30,-60,268,-30,301,130" owari="361,16.1,-30,-53.0,238,-16.2,431,53.1" /></mjloggm>