<mjloggm ver="2.3"><GO type="169" lobby="0"/><UN n0="%70%6F%6B%6B%6F" n1="%E3%81%93%E3%82%8D%E3%81%86%E3%81%BE%E3%82%8B" n2="%E3%81%A9%E3%82%89%E3%81%94%E3%82%93%33%2E%30" n3="%45%72%77%69%6E%52%64" dan="16,16,16,16" rate="2036.63,2050.43,2067.96,2134.87" sx="M,M,M,M"/><TAIKYOKU oya="0"/><INIT seed="0,0,0,1,1,48" ten="250,250,250,250" oya="0" hai0="128,107,76,18,133,79,10,46,81,31,62,30,42" hai1="33,89,124,64,34,130,43,129,63,115,83,44,59" hai2="2,47,88,69,36,67,4,14,12,15,114,109,49" hai3="80,77,106,24,74,131,94,51,134,22,111,27,126"/><T5/><D107/><U16/><E124/><V68/><F114/><W37/><G37/><T103/><D103/><U8/><E115/><V21/><F36/><W75/><G106/><T95/><D133/><U56/><E56/><V11/><F109/><W100/><G111/><T91/><D128/><N who="1" m="49259" /><E83/><V13/><F67/><W97/><G131/><T73/><D76/><U86/><E86/><V78/><F78/><W104/><G126/><T54/><D18/><U92/><E92/><V57/><F57/><W55/><G134/><T132/><D132/><U118/><E89/><V93/><F21/><W71/><G71/><T102/><D102/><U28/><E28/><V38/><F38/><W110/><G110/><T53/><D62/><U125/><E118/><V41/><N who="2" m="3072" /><DORA hai="20" /><V66/><REACH who="2" step="1"/><F66/><REACH who="2" ten="250,250,240,250" step="2"/><W105/><G74/><T61/><D10/><U99/><E64/><V84/><AGARI ba="0,1" hai="2,4,11,41,47,49,68,69,84,88,93" m="3072" machi="84" ten="40,12000,2" yaku="1,1,2,1,0,1,54,1,53,2" doraHai="48,20" doraHaiUra="35,85" who="2" fromWho="2" sc="250,-60,250,-30,240,130,250,-30" /><INIT seed="1,0,0,4,3,50" ten="190,220,370,220" oya="1" hai0="56,95,14,76,107,98,104,19,1,65,79,106,24" hai1="54,13,80,0,68,78,97,103,81,92,133,128,46" hai2="47,129,121,67,18,82,63,108,88,39,35,31,114" hai3="75,27,29,125,5,7,48,12,71,53,110,10,62"/><U49/><E0/><V42/><F121/><W115/><G115/><T43/><D1/><U51/><E133/><V94/><F108/><W135/><G110/><T17/><D43/><U38/><E128/><V34/><F129/><W90/><G125/><T6/><D6/><U3/><E3/><V118/><F118/><W86/><G135/><T37/><D37/><U130/><E130/><V99/><F31/><W132/><G132/><T113/><D113/><U40/><E68/><V70/><F114/><W16/><G75/><T102/><D24/><U60/><E13/><V64/><F64/><W134/><G62/><T117/><D117/><U36/><E60/><V83/><REACH who="2" step="1"/><F18/><REACH who="2" ten="190,220,360,220" step="2"/><W52/><G134/><T120/><D120/><U9/><E9/><V45/><F45/><N who="3" m="27663" /><G71/><T22/><D65/><U91/><E36/><V8/><F8/><W123/><G123/><T116/><D116/><U77/><E38/><V20/><F20/><N who="3" m="15591" /><G53/><T100/><D19/><U11/><E11/><V30/><F30/><W112/><G112/><T105/><D17/><U59/><REACH who="1" step="1"/><E103/><REACH who="1" ten="190,210,360,220" step="2"/><V73/><F73/><W89/><G89/><T28/><D100/><U32/><E32/><AGARI ba="0,2" hai="32,34,35,39,42,47,63,67,70,82,83,88,94,99" machi="32" ten="40,5200,0" yaku="1,1,54,1,53,1" doraHai="50" doraHaiUra="66" who="2" fromWho="1" sc="190,0,210,-52,360,72,220,0" /><INIT seed="2,0,0,0,1,76" ten="190,158,432,220" oya="2" hai0="132,65,25,120,93,83,67,29,98,79,54,102,10" hai1="56,78,129,133,104,126,50,69,7,37,61,12,39" hai2="22,108,63,18,112,42,11,57,8,51,128,41,43" hai3="71,118,91,95,14,119,125,73,32,48,117,85,60"/><V23/><F112/><W111/><G111/><T16/><D120/><U3/><E104/><V53/><F128/><W66/><G125/><T19/><D132/><U81/><E129/><V105/><F105/><W70/><G32/><T49/><D29/><U100/><E100/><V0/><F0/><W40/><G73/><T52/><D54/><U113/><E113/><V89/><F108/><W115/><G115/><T77/><D77/><U55/><E3/><V64/><F89/><W2/><G2/><T59/><D25/><U20/><E126/><V21/><REACH who="2" step="1"/><F18/><REACH who="2" ten="190,158,422,220" step="2"/><N who="0" m="6698" /><D10/><U92/><E133/><V74/><F74/><W72/><G72/><T135/><D135/><U6/><E6/><V4/><F4/><W68/><G118/><T88/><D79/><U31/><E78/><V116/><F116/><W24/><G117/><T127/><D127/><U107/><E107/><V96/><F96/><W103/><G119/><T36/><D36/><U131/><E37/><V47/><AGARI ba="0,1" hai="8,11,21,22,23,41,42,43,47,51,53,57,63,64" machi="47" ten="30,6000,0" yaku="1,1,0,1,8,1,53,0" doraHai="76" doraHaiUra="1" who="2" fromWho="2" sc="190,-20,158,-20,422,70,220,-20" /><INIT seed="2,1,0,2,3,74" ten="170,138,492,200" oya="2" hai0="125,112,25,67,64,4,51,83,38,118,10,20,15" hai1="48,103,17,68,86,61,88,7,40,135,49,16,89" hai2="65,87,53,23,11,36,9,19,0,55,132,28,39" hai3="90,111,96,60,32,128,101,41,79,117,13,44,123"/><V98/><F65/><W22/><G117/><T105/><D118/><U57/><E135/><V110/><F132/><W127/><G123/><T66/><D112/><U91/><E68/><V92/><F28/><W78/><G32/><T27/><D125/><U46/><E103/><V31/><F31/><W52/><G127/><T133/><D38/><U33/><E33/><V75/><F75/><W107/><G111/><T115/><D115/><U126/><E126/><V35/><F35/><W6/><G90/><N who="1" m="34314" /><E48/><V119/><F119/><W59/><G128/><T122/><D105/><U130/><E7/><V85/><F98/><W42/><G42/><T124/><D122/><U34/><E34/><V102/><F102/><W5/><G5/><T134/><D124/><U37/><E37/><V99/><F99/><W43/><G43/><T14/><D133/><U104/><E104/><V26/><F110/><W93/><G107/><T47/><D83/><N who="1" m="49247" /><E130/><V3/><F39/><W24/><G13/><T76/><D134/><U58/><E58/><V82/><F3/><W77/><G6/><T8/><D20/><U69/><E69/><V2/><F2/><W84/><G84/><T95/><D95/><U12/><E12/><V114/><F92/><W120/><G120/><T54/><D76/><U121/><E121/><V1/><F1/><W18/><G78/><T71/><D71/><U81/><E81/><V131/><F82/><W108/><G108/><T109/><D109/><U113/><E113/><V70/><F0/><W62/><G60/><T56/><D56/><U50/><E50/><AGARI ba="1,0" hai="18,22,24,41,44,50,52,59,62,77,79,93,96,101" machi="50" ten="30,8000,1" yaku="7,1,8,1,52,2,54,1" doraHai="74" who="3" fromWho="1" sc="170,0,138,-83,492,0,200,83" /><INIT seed="3,0,0,0,2,37" ten="170,55,492,283" oya="3" hai0="96,109,132,32,53,64,36,125,71,42,75,121,12" hai1="104,73,6,90,133,126,66,9,40,116,28,33,41" hai2="49,84,74,131,78,86,127,129,55,128,26,124,101" hai3="59,15,24,63,88,46,99,107,65,95,54,56,69"/><W87/><G15/><T57/><D12/><U119/><E104/><V30/><F101/><W89/><G107/><T8/><D8/><U91/><E73/><V100/><F100/><W110/><G110/><T14/><D14/><U80/><E66/><V51/><F74/><W34/><G34/><T1/><D96/><U47/><E126/><N who="2" m="48171" /><F78/><W60/><G24/><T112/><D53/><U50/><E133/><V105/><F105/><W58/><REACH who="3" step="1"/><G46/><REACH who="3" ten="170,55,492,273" step="2"/><T11/><D32/><U17/><E33/><N who="2" m="20695" /><F131/><W114/><G114/><T111/><D112/><U22/><E28/><V19/><F129/><W13/><G13/><T81/><D111/><U77/><E22/><V83/><F128/><W115/><G115/><T21/><D109/><U106/><E106/><V10/><F10/><W38/><G38/><T0/><D21/><U113/><E113/><V72/><F19/><W76/><G76/><T118/><D11/><U4/><E17/><V5/><F5/><N who="1" m="2153" /><E9/><V93/><F72/><W3/><G3/><T123/><D0/><U18/><E18/><V82/><F83/><AGARI ba="0,1" hai="54,56,58,59,60,63,65,69,83,87,88,89,95,99" machi="83" ten="30,11600,0" yaku="1,1,7,1,54,1,53,1" doraHai="37" doraHaiUra="79" who="3" fromWho="2" sc="170,0,55,0,492,-116,273,126" /><INIT seed="3,1,0,2,1,76" ten="170,55,376,399" oya="3" hai0="88,64,114,102,127,33,50,85,32,53,34,108,18" hai1="131,93,104,83,23,122,101,77,41,65,72,16,94" hai2="67,111,105,49,119,36,103,125,11,120,61,17,107" hai3="44,73,37,78,56,128,68,97,126,116,28,99,86"/><W71/><G116/><T109/><D127/><U54/><E131/><V66/><F36/><W106/><G73/><T59/><D114/><U113/><E113/><V1/><F119/><W132/><G128/><T4/><D102/><U79/><E122/><V8/><F125/><W62/><G126/><T43/><D4/><U51/><E41/><V63/><F111/><W55/><G132/><T124/><D124/><U0/><E0/><V3/><F49/><W6/><G6/><T25/><D64/><U22/><E65/><V70/><F103/><W39/><G28/><T5/><D43/><U57/><E23/><V134/><F134/><W10/><G10/><T121/><D121/><U89/><E89/><V47/><F47/><W82/><G44/><T92/><D5/><U40/><E40/><V133/><F133/><W45/><G45/><T7/><D7/><U21/><E21/><V12/><F120/><W52/><G55/><T26/><REACH who="0" step="1"/><D18/><REACH who="0" ten="160,55,376,399" step="2"/><U13/><REACH who="1" step="1"/><E79/><REACH who="1" ten="160,45,376,399" step="2"/><V75/><F3/><W27/><G78/><T112/><D112/><U130/><E130/><V29/><F1/><W90/><G37/><T69/><D69/><U100/><E100/><V15/><F70/><W14/><G39/><T129/><D129/><U35/><E35/><V118/><F118/><W31/><G68/><T84/><D84/><U91/><E91/><V117/><F117/><W46/><G71/><T95/><D95/><U20/><E20/><V115/><F115/><W58/><G90/><T9/><D9/><U96/><AGARI ba="1,2" hai="13,16,22,51,54,57,72,77,83,93,94,96,101,104" machi="96" ten="30,7900,0" yaku="1,1,0,1,52,1,54,1,53,0" doraHai="76" doraHaiUra="110" who="1" fromWho="1" sc="160,-21,45,102,376,-21,399,-40" /><INIT seed="4,0,0,3,2,122" ten="139,147,355,359" oya="0" hai0="104,69,119,39,116,9,25,14,95,55,80,117,68" hai1="66,70,127,50,58,46,40,65,87,124,23,118,76" hai2="108,38,92,130,28,113,115,52,99,51,74,19,30" hai3="57,4,45,3,34,98,126,64,48,29,78,133,75"/><T106/><D39/><U11/><E118/><V110/><F38/><W72/><G126/><N who="1" m="48170" /><E11/><V86/><F74/><W81/><G133/><T91/><D80/><N who="1" m="47495" /><E70/><V61/><F130/><W22/><G72/><T111/><D25/><U94/><E58/><N who="2" m="35015" /><F86/><W84/><G75/><T112/><D112/><N who="2" m="43082" /><F51/><W109/><G48/><T10/><D55/><U88/><E23/><V27/><F19/><W107/><G22/><T53/><D53/><U49/><E50/><V103/><F28/><W105/><G29/><T33/><D9/><U15/><E15/><V44/><F44/><W96/><G45/><T42/><D42/><U93/><E93/><V47/><F47/><W41/><G41/><T67/><D69/><U63/><E63/><V73/><F73/><W16/><G57/><T32/><D104/><U0/><E0/><V101/><F101/><W100/><G3/><T5/><D106/><U26/><E26/><V62/><F62/><W135/><G100/><T7/><D7/><U35/><E35/><AGARI ba="0,0" hai="27,30,35,92,99,103,108,110" m="43082,35015" machi="35" ten="30,7700,0" yaku="15,1,52,2,54,1" doraHai="122" who="2" fromWho="1" sc="139,0,147,-77,355,77,359,0" /><INIT seed="5,0,0,4,1,109" ten="139,70,432,359" oya="1" hai0="64,57,49,106,10,67,125,60,134,47,104,19,81" hai1="113,129,59,48,22,32,102,12,30,2,85,93,56" hai2="25,122,126,103,40,42,105,21,94,39,9,41,87" hai3="101,124,7,118,27,135,26,121,63,43,4,72,24"/><U73/><E73/><V15/><F122/><W3/><G121/><T54/><D125/><U55/><E2/><V68/><F68/><W75/><G118/><T115/><D134/><U100/><E129/><V123/><F123/><W58/><G135/><T111/><D111/><U62/><E32/><V86/><F105/><W99/><G43/><T107/><D81/><U8/><E113/><V50/><F39/><W120/><G120/><T116/><D116/><U45/><E56/><V16/><F126/><W130/><G124/><T65/><D115/><U33/><E33/><V90/><F103/><W91/><G91/><T110/><D110/><U117/><E117/><V70/><F70/><W23/><G23/><T61/><D61/><U29/><E85/><V108/><F108/><W98/><G98/><T95/><D95/><U0/><E0/><V35/><F35/><W74/><G3/><T52/><D10/><U88/><E22/><V76/><F76/><W13/><G13/><T66/><D19/><U79/><E79/><V112/><F86/><W14/><G14/><T80/><D80/><U28/><E88/><V69/><F69/><W36/><G36/><T17/><D17/><U119/><E93/><V78/><F78/><W53/><G130/><T31/><D31/><U84/><E84/><V20/><F20/><W131/><G131/><T89/><D89/><U5/><REACH who="1" step="1"/><E119/><REACH who="1" ten="139,60,432,359" step="2"/><V114/><F114/><W77/><G77/><T128/><D128/><U96/><E96/><V83/><F112/><W92/><AGARI ba="0,1" hai="4,7,24,26,27,53,58,63,72,74,75,92,99,101" machi="92" ten="40,1500,0" yaku="0,1" doraHai="109" who="3" fromWho="3" sc="139,-4,60,-7,432,-4,359,25" /><INIT seed="6,0,0,5,3,67" ten="135,53,428,384" oya="2" hai0="100,29,40,25,92,116,103,46,57,52,111,18,36" hai1="84,132,94,106,87,21,44,126,38,65,8,69,66" hai2="28,11,19,83,1,129,30,9,7,39,3,112,0" hai3="24,96,51,91,86,43,95,42,120,47,64,124,34"/><V56/><F39/><W125/><G120/><T82/><D111/><U81/><E106/><V109/><F83/><W23/><G34/><T118/><D82/><U73/><E126/><V134/><F56/><W68/><G42/><T49/><D18/><U75/><E132/><V41/><F41/><W135/><G135/><T107/><D107/><U37/><E21/><V26/><F134/><W58/><G58/><T90/><D116/><U77/><E8/><V74/><F74/><W85/><G85/><T6/><D6/><U71/><E81/><V32/><F112/><W27/><G27/><T88/><D118/><U110/><E94/><V104/><F104/><W108/><G108/><T54/><D54/><U2/><E44/><V130/><F109/><W22/><G96/><T48/><D36/><U102/><E110/><V13/><F30/><W80/><G80/><T89/><REACH who="0" step="1"/><D92/><REACH who="0" ten="125,53,428,384" step="2"/><U133/><E133/><V20/><F11/><W15/><G124/><T55/><D55/><U131/><E77/><V31/><F31/><W114/><G125/><T61/><D61/><U60/><E60/><V78/><F78/><W4/><G4/><T76/><D76/><U123/><E123/><V122/><F122/><W12/><G114/><T33/><AGARI ba="0,1" hai="25,29,33,40,46,48,49,52,57,88,89,90,100,103" machi="33" ten="30,7900,0" yaku="1,1,0,1,54,2,53,0" doraHai="67" doraHaiUra="14" who="0" fromWho="0" sc="125,89,53,-20,428,-39,384,-20" /><INIT seed="7,0,0,1,4,10" ten="214,33,389,364" oya="3" hai0="60,84,64,47,30,130,115,3,44,102,67,78,135" hai1="63,41,103,116,114,62,26,61,77,93,99,13,20" hai2="46,109,32,39,125,9,8,81,95,86,108,42,101" hai3="111,92,134,127,4,51,53,21,128,2,22,112,38"/><W118/><G118/><T34/><D3/><U59/><E116/><V117/><F32/><W16/><G112/><T49/><D30/><U43/><E114/><V31/><F117/><W57/><G38/><T11/><D34/><U75/><E75/><V1/><F31/><W87/><G128/><T88/><D11/><U45/><E77/><V68/><F68/><W40/><G127/><T133/><D115/><U106/><E106/><V35/><F35/><W65/><G134/><T97/><D78/><U98/><E98/><V12/><F1/><W110/><G40/><T18/><D18/><U126/><E126/><V33/><F33/><W70/><G70/><T76/><D76/><U120/><E120/><V107/><F107/><W73/><G65/><T19/><D19/><U105/><E105/><V72/><F72/><W14/><G73/><T132/><D130/><U129/><E129/><V89/><F125/><W24/><G2/><T71/><D67/><U82/><E82/><V6/><F9/><W123/><G123/><T104/><D49/><U119/><E119/><V52/><F52/><W58/><G57/><T0/><D0/><U54/><E41/><V28/><F28/><N who="3" m="17423" /><G4/><T96/><D97/><U50/><E43/><V17/><F6/><W74/><G74/><T90/><D90/><AGARI ba="0,0" hai="14,16,22,51,53,58,87,90,92,110,111" m="17423" machi="90" ten="30,5800,0" yaku="25,1,52,1,54,1" doraHai="10" who="3" fromWho="0" sc="214,-58,33,0,389,0,364,58" owari="156,-24.4,33,-46.7,389,18.9,422,52.2" /></mjloggm>