<mjloggm ver="2.3"><GO type="169" lobby="0"/><UN n0="%73%61%6E%64%69%72%69%73" n1="%E2%80%A0%E7%99%BD%E5%85%8E%E2%80%A0" n2="%E3%81%B3%E3%82%8A%E3%81%B3%E3%82%8A%E2%98%86%E3%83%93%E3%83%AA%E3%83%BC" n3="%41%6D%61%79%62%65" dan="17,18,16,16" rate="2174.43,2188.06,2160.09,2131.09" sx="M,M,M,M"/><TAIKYOKU oya="0"/><INIT seed="0,0,0,2,3,127" ten="250,250,250,250" oya="0" hai0="108,10,91,56,41,86,51,105,13,20,7,94,0" hai1="50,85,54,73,78,102,70,131,26,40,117,77,74" hai2="38,3,103,87,88,2,95,11,34,23,21,45,33" hai3="35,60,129,122,110,49,119,128,124,80,134,89,106"/><T75/><D75/><U100/><E70/><V115/><F115/><W36/><G36/><T27/><D108/><U135/><E40/><V16/><F103/><N who="1" m="39465" /><E26/><V30/><F38/><W66/><G106/><T43/><D105/><U22/><E22/><V14/><F45/><W31/><G110/><T15/><D0/><U28/><E28/><V12/><F23/><W92/><G124/><T97/><D97/><U126/><E54/><V112/><F112/><W44/><G134/><T58/><D15/><U118/><E50/><V37/><F37/><W69/><G119/><N who="1" m="45578" /><E126/><V116/><F116/><W42/><G80/><T68/><D68/><U53/><E53/><V111/><F111/><W121/><G31/><T133/><D133/><U63/><E63/><V59/><F59/><N who="0" m="22570" /><D51/><U48/><E48/><V52/><F52/><W1/><G1/><T55/><D55/><U120/><E85/><V18/><REACH who="2" step="1"/><F34/><REACH who="2" ten="250,250,240,250" step="2"/><W93/><G35/><T98/><D43/><U9/><E135/><V82/><F82/><W5/><G93/><T76/><D41/><U4/><E120/><N who="3" m="46186" /><G5/><T8/><D7/><U61/><E4/><V114/><F114/><W39/><G39/><T81/><D81/><U67/><E61/><V104/><F104/><W32/><G32/><T17/><D94/><U65/><E65/><V132/><F132/><W107/><G107/><T72/><D20/><U19/><E67/><V113/><F113/><W57/><G57/><T47/><D47/><U101/><E101/><V83/><F83/><W62/><G62/><T6/><D6/><U24/><E73/><V96/><F96/><AGARI ba="0,1" hai="42,44,49,60,66,69,89,92,96,128,129" m="46186" machi="96" ten="30,7700,0" yaku="6,1,13,1,52,2" doraHai="127" who="3" fromWho="2" sc="250,0,250,0,240,-77,250,87" /><INIT seed="1,0,0,5,3,97" ten="250,250,163,337" oya="1" hai0="35,61,92,3,81,37,95,131,55,34,49,135,94" hai1="25,41,15,60,114,123,110,8,124,104,24,99,76" hai2="103,64,46,2,0,36,20,100,82,87,21,18,133" hai3="90,108,38,128,58,71,91,44,27,125,62,63,40"/><U33/><E114/><V10/><F133/><W78/><G108/><T83/><D37/><U80/><E123/><V17/><F64/><W31/><G128/><T102/><D3/><U118/><E118/><V12/><F2/><W29/><G125/><T132/><D61/><U19/><E124/><V50/><F36/><W72/><G31/><T65/><D65/><U120/><E120/><V57/><F57/><W134/><G134/><N who="0" m="51243" /><D131/><U22/><E110/><V79/><F0/><W16/><G63/><T14/><D14/><U54/><E33/><N who="0" m="12297" /><D102/><N who="2" m="38954" /><F18/><W73/><G71/><T66/><D66/><U127/><E127/><V9/><F9/><W45/><G16/><T105/><D105/><U7/><E104/><V117/><F117/><W30/><G38/><T53/><D49/><U75/><E8/><V52/><AGARI ba="0,0" hai="10,12,17,20,21,46,50,52,79,82,87" m="38954" machi="52" ten="30,8000,1" yaku="8,1,52,3,54,1" doraHai="97" who="2" fromWho="2" sc="250,-20,250,-40,163,80,337,-20" /><INIT seed="2,0,0,2,1,101" ten="230,210,243,317" oya="2" hai0="94,127,53,128,8,109,102,111,131,29,125,80,134" hai1="85,47,120,42,126,38,21,92,76,117,110,36,37" hai2="58,19,40,44,90,116,103,51,133,54,124,56,46" hai3="121,52,2,27,31,30,83,135,1,74,39,84,48"/><V79/><F116/><W69/><G121/><T105/><D29/><U3/><E117/><V82/><F133/><W114/><G135/><T60/><D8/><U59/><E3/><V34/><F124/><N who="0" m="47690" /><D53/><U15/><E126/><V61/><F34/><W97/><G39/><T129/><D60/><U55/><E110/><N who="0" m="41993" /><D80/><U7/><E120/><V86/><F103/><W123/><G31/><T115/><D115/><U107/><E7/><V119/><F119/><W17/><G114/><T35/><D35/><U41/><E41/><V66/><F19/><W32/><G69/><T106/><D134/><U14/><E47/><V130/><F130/><W78/><G17/><T18/><D18/><U23/><E42/><V122/><F122/><W12/><G123/><T113/><D113/><U88/><E21/><V6/><F6/><W62/><G62/><T96/><AGARI ba="0,0" hai="94,96,102,105,106,128,129,131" m="41993,47690" machi="96" ten="40,12000,2" yaku="19,1,18,1,14,1,34,2,52,2" doraHai="101" who="0" fromWho="0" sc="230,120,210,-30,243,-60,317,-30" /><INIT seed="3,0,0,1,3,27" ten="350,180,183,287" oya="3" hai0="47,93,67,31,128,82,39,52,83,130,126,72,11" hai1="102,105,80,19,51,13,1,46,38,124,64,127,56" hai2="61,24,8,92,90,12,77,129,44,78,89,117,81" hai3="66,110,97,109,79,30,101,62,16,5,45,7,9"/><W75/><G75/><T84/><D126/><N who="1" m="48171" /><E1/><V65/><F129/><N who="0" m="49770" /><D67/><U74/><E105/><V76/><F117/><W40/><G79/><T70/><D70/><U41/><E102/><V116/><F116/><W26/><G45/><T48/><D11/><U113/><E113/><V32/><F44/><W58/><G40/><T103/><D72/><U122/><E122/><V37/><F37/><W135/><G135/><T88/><D39/><U14/><E19/><V3/><F3/><W123/><G123/><T34/><D103/><U54/><E64/><V133/><F133/><W28/><G7/><T114/><D114/><U63/><E38/><V2/><F2/><W59/><G59/><T96/><D96/><U50/><E63/><V25/><F81/><W100/><G5/><T118/><D118/><U68/><E68/><V21/><F32/><W17/><G100/><T49/><D49/><U43/><E43/><V120/><F120/><W22/><G9/><T98/><D98/><U18/><E18/><V119/><F119/><W23/><G109/><T35/><D35/><U36/><E36/><V132/><F132/><W60/><G110/><T87/><D87/><U95/><E95/><V106/><F106/><W104/><G60/><T29/><D34/><U99/><E99/><V0/><F0/><W71/><G71/><T131/><D131/><U53/><E41/><V33/><F33/><W4/><G4/><T6/><D6/><U55/><E55/><V15/><F61/><W115/><G115/><T111/><D111/><U69/><E69/><V108/><F108/><W86/><G86/><RYUUKYOKU ba="0,0" sc="350,10,180,10,183,-30,287,10" hai0="29,31,47,48,52,82,83,84,88,93" hai1="13,14,46,50,51,53,54,56,74,80" hai3="16,17,22,23,26,28,30,58,62,66,97,101,104" /><INIT seed="3,1,0,4,1,2" ten="360,190,153,297" oya="3" hai0="86,46,31,19,53,3,56,7,45,5,65,107,58" hai1="51,40,20,25,55,72,77,122,133,83,24,130,113" hai2="75,9,39,123,4,97,106,61,111,73,17,37,100" hai3="89,27,38,18,13,49,96,102,26,69,14,92,21"/><W118/><G38/><N who="2" m="14345" /><F17/><W124/><G69/><T88/><D107/><U119/><E113/><V64/><F111/><W57/><G124/><T22/><D31/><U8/><E119/><V112/><F112/><W44/><G118/><T128/><D128/><U36/><E130/><V82/><F82/><W1/><G1/><T110/><D110/><U93/><E133/><V12/><F12/><W135/><G135/><T68/><D68/><U34/><E34/><V10/><F10/><W33/><G57/><N who="0" m="22123" /><D3/><U29/><E122/><V23/><F23/><W109/><G109/><T127/><D65/><U48/><E25/><V66/><F66/><W79/><G79/><T80/><D127/><U70/><E70/><N who="2" m="42255" /><F123/><W125/><G125/><T42/><D42/><U134/><E134/><V115/><F115/><W81/><G33/><T41/><D41/><U43/><E36/><V54/><F54/><W59/><G27/><N who="0" m="14815" /><D53/><U91/><E55/><V16/><F16/><W84/><G14/><T32/><D32/><U87/><E40/><V117/><F117/><W126/><G126/><T60/><D60/><U104/><E43/><V76/><F76/><W74/><G13/><T67/><D67/><U85/><E48/><V78/><F78/><W6/><G49/><T50/><D50/><U30/><E51/><V108/><F108/><W105/><G26/><T90/><D90/><U120/><E120/><V47/><F47/><AGARI ba="1,0" hai="5,7,45,46,47,80,86,88" m="14815,22123" machi="47" ten="30,7700,0" yaku="8,1,52,2,54,1" doraHai="2" who="0" fromWho="2" sc="360,80,190,0,153,-80,297,0" /><INIT seed="4,0,0,0,5,98" ten="440,190,73,297" oya="0" hai0="50,15,125,80,66,99,131,16,26,24,112,85,32" hai1="128,3,105,106,64,96,8,129,133,14,19,21,38" hai2="46,36,70,72,111,95,49,1,0,101,48,25,33" hai3="104,116,5,11,47,7,118,94,57,52,122,13,56"/><T132/><D112/><U43/><E133/><V60/><F111/><W68/><G68/><T115/><D115/><U135/><E135/><V54/><F72/><W79/><G104/><T74/><D74/><U87/><E64/><V22/><F33/><W65/><G122/><T88/><D132/><U67/><E67/><V23/><F36/><W37/><G79/><T77/><D131/><N who="1" m="50251" /><E96/><V17/><F70/><W113/><G113/><T53/><D32/><U119/><E119/><V40/><F60/><W4/><G65/><T39/><D39/><U109/><E109/><V100/><F95/><W27/><G37/><T28/><D28/><U69/><E69/><V83/><F83/><W9/><G116/><T81/><D125/><U35/><E35/><V82/><F82/><W62/><G94/><N who="0" m="56775" /><D81/><U73/><E87/><V126/><F126/><W45/><G118/><T121/><D121/><U134/><E73/><V76/><F76/><W78/><G78/><T97/><D97/><U18/><E3/><V110/><F110/><W102/><G45/><N who="0" m="27855" /><D66/><U10/><E134/><V108/><F108/><W103/><G47/><T29/><D29/><U90/><E90/><V71/><F71/><W130/><G130/><T6/><D6/><U124/><E124/><V117/><F117/><W51/><G5/><T20/><AGARI ba="0,0" hai="15,16,20,24,26,77,80,85" m="27855,56775" machi="20" ten="30,6000,0" yaku="8,1,54,2" doraHai="98" who="0" fromWho="0" sc="440,60,190,-20,73,-20,297,-20" /><INIT seed="4,1,0,1,3,32" ten="500,170,53,277" oya="0" hai0="76,12,62,118,25,14,108,69,128,24,1,22,129" hai1="78,23,65,84,97,61,5,37,3,87,49,66,28" hai2="26,85,16,117,91,60,67,46,27,102,120,17,10" hai3="41,79,133,90,52,74,94,20,29,106,58,33,100"/><T6/><D69/><U71/><E37/><V56/><F120/><W21/><G133/><T68/><D68/><U30/><E66/><V75/><F75/><W9/><G41/><T104/><D104/><U80/><E23/><V125/><F125/><W83/><G33/><T114/><D76/><U123/><E123/><V107/><F117/><W19/><G29/><T38/><D38/><U89/><E97/><V72/><F72/><W116/><G116/><T132/><D62/><U82/><REACH who="1" step="1"/><E49/><REACH who="1" ten="500,160,53,277" step="2"/><V134/><F134/><W57/><G21/><T131/><D132/><U47/><E47/><V42/><F107/><W92/><G20/><T55/><D118/><U15/><E15/><V53/><F67/><W101/><G106/><T119/><D119/><U113/><E113/><V50/><F102/><W44/><G44/><T105/><D105/><U109/><E109/><V73/><F73/><W111/><G111/><T13/><D108/><U18/><E18/><V11/><F17/><W86/><G100/><T70/><D114/><U63/><E63/><V39/><F39/><W43/><G19/><T126/><D22/><U124/><E124/><V36/><F36/><W130/><G101/><T0/><D126/><U31/><E31/><V115/><F115/><W40/><G74/><T45/><D70/><U4/><E4/><V98/><F98/><W135/><G135/><T88/><D6/><U110/><E110/><V2/><F16/><W54/><G86/><T34/><D34/><U7/><E7/><N who="2" m="1399" /><F11/><AGARI ba="1,1" hai="3,5,11,28,30,61,65,71,78,80,82,84,87,89" machi="11" ten="40,2600,0" yaku="1,1,52,1,53,0" doraHai="32" doraHaiUra="95" who="1" fromWho="2" sc="500,0,160,39,53,-29,277,0" /><INIT seed="5,0,0,2,2,132" ten="500,199,24,277" oya="1" hai0="78,85,62,64,9,69,6,16,67,65,123,110,13" hai1="135,120,86,96,99,36,126,49,76,101,12,5,46" hai2="89,129,124,75,122,29,103,33,91,105,98,106,14" hai3="42,30,84,81,104,130,23,26,131,58,56,20,133"/><U38/><E120/><V40/><F122/><W60/><G104/><T41/><D110/><U127/><E135/><V44/><F129/><N who="3" m="49163" /><G133/><T93/><D123/><U27/><E27/><V68/><F75/><W18/><G42/><T87/><D41/><U119/><E119/><V55/><F106/><W115/><G115/><T39/><D39/><U109/><E109/><V90/><F68/><W45/><G45/><T22/><D87/><U70/><E70/><V61/><F14/><N who="3" m="9303" /><G60/><T54/><D54/><N who="1" m="30007" /><E86/><V19/><F61/><W80/><G80/><N who="0" m="47255" /><D69/><U2/><E2/><V17/><F55/><W95/><G95/><T3/><D3/><U21/><E76/><AGARI ba="0,0" hai="23,26,30,56,58,76,81,84" m="9303,49163" machi="76" ten="30,1000,0" yaku="19,1" doraHai="132" who="3" fromWho="1" sc="500,0,199,-10,24,0,277,10" /><INIT seed="6,0,0,5,4,0" ten="500,189,24,287" oya="2" hai0="119,112,97,82,91,13,35,33,8,63,67,55,95" hai1="27,99,65,1,39,29,62,105,32,90,6,23,132" hai2="56,114,128,24,84,41,130,3,110,134,121,64,120" hai3="125,77,116,96,61,49,36,22,74,123,115,133,103"/><V75/><F75/><W52/><G116/><T86/><D119/><U72/><E72/><V117/><F117/><W106/><G123/><N who="2" m="47177" /><F3/><W40/><G77/><T54/><D112/><U51/><E39/><V80/><F114/><W118/><G36/><T21/><D21/><U107/><E107/><V87/><F41/><W20/><G22/><T73/><D73/><U66/><E66/><V7/><F24/><W60/><G40/><T37/><D37/><U69/><E51/><V104/><F104/><W89/><G49/><T4/><D35/><U47/><E47/><V100/><F100/><W26/><G103/><T5/><D5/><U15/><E105/><V28/><F28/><W94/><G26/><T59/><D33/><U109/><E1/><V108/><F7/><W2/><G106/><T92/><D92/><U50/><E6/><V135/><F56/><W85/><G2/><T9/><D9/><U34/><E34/><V43/><F43/><W71/><G118/><T46/><D46/><U31/><E31/><V10/><F10/><W76/><G115/><T38/><D38/><U78/><E27/><V83/><F64/><W113/><G113/><T44/><D44/><U16/><E29/><V45/><F45/><W19/><G74/><T14/><D14/><U81/><E65/><V124/><F124/><W18/><G125/><T93/><D93/><U25/><E25/><V101/><F101/><AGARI ba="0,0" hai="4,8,13,54,55,59,63,67,82,86,91,95,97,101" machi="101" ten="30,3900,0" yaku="7,1,8,1,52,1" doraHai="0" who="0" fromWho="2" sc="500,39,189,0,24,-39,287,0" owari="539,63.9,189,-21.1,-15,-51.5,287,8.7" /></mjloggm>