<mjloggm ver="2.3"><GO type="169" lobby="0"/><UN n0="%42%41%52%34" n1="%E8%82%89%E5%9B%A3%E5%AD%90%E5%85%88%E7%94%9F" n2="%E8%B2%B4%E6%97%8F%E7%B3%BB%E9%9B%80%E5%A3%AB" n3="%E7%9C%BC%E9%8F%A1%E3%81%AE%E7%94%B7%E3%81%AE%E5%AD%90" dan="16,16,17,16" rate="2140.56,2086.12,2184.89,2060.16" sx="M,M,M,M"/><TAIKYOKU oya="0"/><INIT seed="0,0,0,1,4,58" ten="250,250,250,250" oya="0" hai0="90,4,117,30,8,78,69,85,1,128,66,19,43" hai1="65,27,83,105,103,124,116,7,54,0,33,102,20" hai2="77,129,38,28,101,100,29,96,133,61,119,98,49" hai3="22,44,51,45,16,15,24,80,109,82,74,3,12"/><T11/><D117/><U52/><E116/><V13/><F38/><W122/><G3/><T25/><D128/><U94/><E65/><V88/><F119/><W114/><G114/><T63/><D43/><U130/><E105/><V86/><F133/><W111/><G122/><T87/><D78/><U67/><E67/><V18/><F77/><W92/><G74/><T10/><D85/><U23/><E33/><V79/><F79/><W131/><G131/><T72/><D19/><U113/><E83/><V126/><F49/><W35/><G44/><T40/><D40/><U112/><E94/><V59/><F126/><W110/><G92/><T99/><D99/><N who="2" m="37930" /><F129/><W39/><G39/><T36/><D72/><U41/><E41/><V108/><F108/><W47/><G47/><T5/><D5/><U53/><E130/><V135/><F135/><W37/><G37/><T121/><D121/><U14/><E0/><V32/><F32/><W127/><G127/><T115/><D115/><U84/><E124/><V73/><F73/><W17/><G35/><T42/><D42/><U50/><E7/><V107/><F107/><W132/><G132/><T71/><D71/><U104/><E104/><V31/><F13/><N who="3" m="5195" /><G17/><T97/><D97/><U93/><E14/><V34/><F18/><W81/><G81/><T46/><D46/><U68/><E112/><V134/><F34/><W55/><AGARI ba="0,0" hai="16,22,24,45,51,55,80,82,109,110,111" m="5195" machi="55" ten="40,2700,0" yaku="14,1,54,1" doraHai="58" who="3" fromWho="3" sc="250,-13,250,-7,250,-7,250,27" /><INIT seed="1,0,0,2,1,101" ten="237,243,243,277" oya="1" hai0="127,91,94,41,67,33,61,104,106,92,89,117,15" hai1="96,43,102,83,62,107,87,115,20,98,124,5,135" hai2="55,86,111,2,69,71,23,132,50,68,109,123,131" hai3="129,93,37,113,21,73,116,0,34,39,95,10,19"/><U65/><E115/><V35/><F35/><W84/><G73/><T48/><D33/><U100/><E124/><V57/><F2/><W75/><G75/><T45/><D117/><U40/><E135/><V66/><F23/><W130/><G113/><T54/><D127/><U1/><E20/><V88/><F123/><W46/><G34/><T126/><D126/><U134/><E5/><V51/><F132/><W12/><G116/><T64/><D41/><U11/><E11/><V128/><F66/><W49/><G37/><T36/><D36/><U97/><E1/><V103/><F103/><W22/><G39/><T120/><D15/><U121/><E97/><V119/><F119/><W114/><G114/><T18/><D18/><U38/><E38/><V118/><F51/><W25/><G22/><T24/><D24/><U14/><E14/><V59/><F59/><W47/><G47/><T13/><D13/><U72/><E72/><V108/><REACH who="2" step="1"/><F118/><REACH who="2" ten="237,243,233,277" step="2"/><W80/><G0/><T4/><D64/><U90/><E121/><V58/><F58/><W52/><G130/><T53/><D120/><U31/><E134/><V8/><F8/><W16/><G129/><T26/><D67/><U9/><E9/><V74/><F74/><W105/><G105/><T63/><D48/><U112/><E112/><V27/><F27/><W29/><G29/><T44/><REACH who="0" step="1"/><D26/><REACH who="0" ten="227,243,233,277" step="2"/><U3/><E3/><V42/><F42/><W79/><AGARI ba="0,2" hai="10,12,16,19,21,25,46,49,52,79,80,84,93,95" machi="79" ten="20,8000,1" yaku="0,1,7,1,8,1,54,2" doraHai="101" who="3" fromWho="3" sc="227,-20,243,-40,233,-20,277,100" /><INIT seed="2,0,0,2,5,47" ten="207,203,213,377" oya="2" hai0="133,29,53,59,50,56,4,129,124,110,82,25,127" hai1="112,38,135,116,92,103,11,80,106,64,63,32,39" hai2="20,33,117,74,101,18,48,114,128,17,65,61,54" hai3="28,113,27,66,78,73,8,79,15,58,7,72,86"/><V100/><F114/><W43/><G113/><T119/><D110/><U93/><E112/><V107/><F33/><W37/><G37/><T75/><D119/><U10/><E135/><V62/><F117/><W97/><G43/><T13/><D133/><U14/><E80/><V115/><F74/><W70/><G79/><N who="0" m="44415" /><D4/><U57/><E106/><V99/><F101/><W118/><G78/><T83/><D83/><U2/><E32/><V19/><F115/><W132/><G86/><T12/><D56/><U67/><E67/><V44/><F128/><W1/><G132/><T42/><D42/><U3/><E116/><V85/><F85/><W89/><G15/><T98/><D98/><U40/><E103/><V16/><REACH who="2" step="1"/><F65/><REACH who="2" ten="207,203,203,377" step="2"/><W105/><G118/><T41/><D129/><U36/><E64/><V121/><F121/><W30/><G73/><T111/><D111/><U35/><E35/><V31/><F31/><W94/><G72/><T95/><D29/><U45/><E36/><V9/><F9/><W26/><G30/><T88/><D127/><U0/><E38/><V91/><F91/><W77/><G28/><T22/><D88/><U23/><E11/><V52/><F52/><W60/><G77/><T125/><D53/><N who="1" m="34223" /><E10/><V102/><F102/><W21/><G21/><T109/><D109/><U46/><E40/><V84/><F84/><W68/><G105/><T49/><D41/><U51/><E39/><V24/><AGARI ba="0,1" hai="16,17,18,19,20,24,44,48,54,61,62,99,100,107" machi="24" ten="30,11700,0" yaku="1,1,0,1,52,1,54,1,53,0" doraHai="47" doraHaiUra="5" who="2" fromWho="2" sc="207,-39,203,-39,203,127,377,-39" /><INIT seed="2,1,0,1,2,16" ten="168,164,330,338" oya="2" hai0="109,40,68,112,69,57,125,47,75,56,58,22,132" hai1="63,5,91,51,83,134,127,61,45,79,110,18,24" hai2="7,53,122,32,20,67,27,116,93,133,100,30,0" hai3="113,128,13,117,62,120,99,52,43,55,126,70,23"/><V66/><F116/><W12/><G117/><T74/><D112/><U106/><E110/><V2/><F122/><W25/><G120/><T81/><D109/><U118/><E118/><V1/><F133/><W73/><G113/><T34/><D34/><U82/><E106/><V33/><F7/><W115/><G115/><T71/><D81/><U119/><E119/><V65/><REACH who="2" step="1"/><F53/><REACH who="2" ten="168,164,320,338" step="2"/><W108/><G55/><T76/><D132/><U103/><E5/><V88/><F88/><W105/><G52/><T95/><D125/><U44/><E91/><V19/><F19/><W124/><G124/><T17/><D76/><U8/><E18/><V94/><F94/><W9/><G126/><T77/><D77/><U15/><E134/><V50/><F50/><W130/><G108/><T98/><D95/><U111/><E51/><V59/><F59/><W35/><G130/><T72/><D98/><AGARI ba="1,1" hai="0,1,2,20,27,30,32,33,65,66,67,93,98,100" machi="98" ten="50,4800,0" yaku="1,1,52,1,53,0" doraHai="16" doraHaiUra="131" who="2" fromWho="0" sc="168,-51,164,0,320,61,338,0" /><INIT seed="2,2,0,1,4,19" ten="117,164,381,338" oya="2" hai0="35,42,52,107,132,119,62,131,34,39,129,109,71" hai1="5,106,18,59,73,130,114,93,99,47,12,55,45" hai2="121,65,57,88,120,70,124,83,17,14,117,102,10" hai3="133,20,77,61,110,32,103,36,2,104,76,40,43"/><V90/><F117/><W134/><G32/><T82/><D82/><U72/><E114/><V111/><F124/><W128/><G2/><T81/><D81/><U48/><E106/><V87/><F70/><W125/><G125/><T135/><D107/><U9/><E130/><N who="0" m="49673" /><D119/><U49/><E5/><V85/><F111/><W4/><G128/><T115/><D115/><U63/><E49/><V44/><F102/><W74/><G74/><T118/><D118/><U112/><E112/><V29/><F29/><W60/><G110/><T126/><D109/><U22/><E9/><V33/><F33/><N who="0" m="12298" /><D126/><U27/><E12/><V127/><F127/><W116/><G116/><T53/><D42/><U91/><REACH who="1" step="1"/><E47/><REACH who="1" ten="117,154,381,338" step="2"/><V84/><F44/><W41/><G104/><T31/><D39/><U113/><E113/><V1/><F1/><W67/><G36/><T6/><D6/><U80/><E80/><V86/><F121/><W15/><G4/><T3/><D3/><U38/><E38/><V92/><F120/><W75/><G15/><T95/><D95/><U97/><E97/><V69/><F69/><W64/><G61/><AGARI ba="2,1" hai="10,14,17,57,61,65,83,84,85,86,87,88,90,92" machi="61" ten="40,3900,0" yaku="8,1,54,1" doraHai="19" who="2" fromWho="3" sc="117,0,154,0,381,55,338,-45" /><INIT seed="2,3,0,4,2,0" ten="117,154,436,293" oya="2" hai0="36,32,101,54,1,56,95,83,79,84,28,4,124" hai1="87,118,5,19,15,131,44,72,135,59,82,132,55" hai2="106,18,61,11,20,52,3,58,126,102,71,78,70" hai3="62,12,105,42,96,39,90,40,114,120,35,7,81"/><V9/><F126/><W10/><G35/><T63/><D36/><U112/><E112/><V29/><F29/><W68/><G120/><T111/><D111/><U50/><E118/><V127/><F127/><W128/><G128/><T116/><D124/><U13/><E72/><V89/><F78/><W23/><G114/><T115/><D115/><U99/><E99/><V92/><F102/><W74/><G39/><T14/><D1/><U46/><E131/><V125/><F106/><W27/><G68/><T31/><D32/><U134/><E5/><V94/><F94/><W34/><G34/><T25/><D25/><U122/><E122/><V60/><F125/><W8/><G8/><N who="0" m="4359" /><D116/><U17/><E15/><V85/><F61/><W51/><G62/><T103/><D103/><U97/><E97/><AGARI ba="3,0" hai="28,31,54,56,63,79,83,84,95,97,101" m="4359" machi="97" ten="30,2000,0" yaku="8,1,52,1" doraHai="0" who="0" fromWho="1" sc="117,29,154,-29,436,0,293,0" /><INIT seed="3,0,0,4,1,16" ten="146,125,436,293" oya="3" hai0="55,85,133,28,23,10,130,5,21,93,107,73,118" hai1="50,54,92,75,51,106,35,7,4,44,98,123,9" hai2="6,112,79,62,96,111,34,86,42,125,53,45,19" hai3="3,102,31,14,94,121,43,60,77,135,29,24,48"/><W61/><G3/><T41/><D107/><U104/><E75/><V12/><F111/><W99/><G121/><T83/><D73/><U124/><E35/><V26/><F112/><W72/><G135/><T117/><D133/><U108/><E108/><V127/><F6/><W65/><G31/><T81/><D41/><U74/><E74/><V80/><F96/><W120/><G120/><T88/><D130/><U59/><E124/><V33/><F53/><W69/><G61/><T70/><D70/><U132/><E132/><V89/><F79/><W95/><G14/><N who="0" m="5455" /><D118/><U105/><E9/><V25/><F62/><W129/><G129/><T32/><D32/><U49/><E123/><V11/><F34/><W47/><G77/><N who="0" m="46255" /><D83/><U18/><E18/><V40/><F40/><W67/><G67/><T116/><D116/><U113/><E113/><V122/><F122/><W63/><G63/><T115/><D115/><U71/><E71/><V76/><F76/><W38/><G72/><T101/><D101/><U22/><E106/><V46/><F33/><W2/><G2/><T36/><D36/><U103/><E105/><V91/><F91/><W128/><G128/><T84/><D117/><U58/><E104/><V64/><F64/><W37/><REACH who="3" step="1"/><G95/><REACH who="3" ten="146,125,436,283" step="2"/><T15/><D28/><U109/><E92/><V27/><F127/><W100/><G100/><T57/><D15/><U39/><E103/><V13/><F125/><W20/><AGARI ba="0,1" hai="20,24,29,37,38,43,47,48,60,65,69,94,99,102" machi="20" ten="20,7800,0" yaku="1,1,0,1,7,1,52,1,53,0" doraHai="16" doraHaiUra="87" who="3" fromWho="3" sc="146,-26,125,-26,436,-26,283,88" /><INIT seed="3,1,0,2,3,19" ten="120,99,410,371" oya="3" hai0="46,113,103,112,50,134,77,91,32,109,8,65,97" hai1="81,110,3,104,42,54,120,121,39,68,62,17,107" hai2="126,83,58,7,88,40,124,69,94,89,122,21,25" hai3="20,16,0,117,27,24,79,123,96,133,114,31,106"/><W78/><G114/><N who="0" m="44139" /><D32/><U51/><E3/><V92/><F69/><W14/><G117/><T102/><D102/><U13/><E110/><V9/><F122/><W59/><G123/><T70/><D77/><U11/><E39/><V56/><F40/><W37/><G37/><T128/><D109/><U30/><E42/><V93/><F58/><W76/><G0/><T111/><D111/><U18/><E30/><V52/><F83/><W29/><G133/><T63/><D91/><U75/><E121/><V129/><F9/><W6/><G6/><T47/><D128/><U38/><E38/><V90/><F7/><W5/><G5/><T61/><D61/><U101/><E101/><V119/><F119/><W132/><G132/><T99/><D99/><U26/><E62/><V84/><F84/><W60/><G96/><T43/><D46/><U73/><E75/><V15/><F15/><W135/><G106/><N who="0" m="63855" /><D8/><U45/><E68/><V67/><F67/><N who="3" m="39327" /><G135/><AGARI ba="1,0" hai="43,47,50,63,65,70,134,135" m="63855,44139" machi="135" ten="30,1000,0" yaku="11,1" doraHai="19" who="0" fromWho="3" sc="120,13,99,0,410,0,371,-13" /><INIT seed="4,0,0,3,3,1" ten="133,99,410,358" oya="0" hai0="109,19,34,21,67,9,14,122,4,113,47,52,78" hai1="124,117,127,3,43,56,5,114,99,64,57,59,27" hai2="54,121,129,120,30,31,97,48,51,102,38,112,132" hai3="29,82,133,101,18,100,55,134,0,72,104,88,87"/><T10/><D122/><U20/><E117/><V61/><F38/><W36/><G36/><T60/><D34/><U103/><E43/><V37/><F37/><W123/><G0/><T7/><D113/><U96/><E114/><V49/><F112/><W70/><G70/><T81/><D109/><U46/><E46/><V130/><F132/><N who="3" m="50795" /><G29/><N who="2" m="10761" /><F61/><W66/><G66/><T116/><D116/><U94/><E64/><V126/><F54/><W23/><G72/><T39/><D10/><N who="1" m="2367" /><E94/><N who="2" m="58679" /><F126/><N who="1" m="48169" /><E103/><V16/><F16/><AGARI ba="0,0" hai="16,20,27,56,57,59,96,99" m="48169,2367" machi="16" ten="30,3900,0" yaku="18,1,52,1,54,1" doraHai="1" who="1" fromWho="2" sc="133,0,99,39,410,-39,358,0" /><INIT seed="5,0,0,4,5,115" ten="133,138,371,358" oya="1" hai0="13,123,82,79,34,110,108,65,22,93,125,56,70" hai1="6,106,109,80,112,122,84,9,48,0,134,47,59" hai2="66,38,90,87,11,74,113,53,33,101,127,118,103" hai3="28,18,58,26,43,37,73,15,51,86,89,10,62"/><U77/><E112/><V94/><F113/><W55/><G73/><T3/><D34/><U121/><E134/><V19/><F118/><W116/><G37/><T68/><D22/><U67/><E106/><V5/><F33/><W12/><G12/><T119/><D13/><U99/><E99/><V85/><F74/><W130/><G130/><T44/><D93/><U81/><E81/><V40/><F127/><W21/><G116/><T111/><D79/><U102/><E102/><V17/><F66/><W20/><G10/><T35/><D82/><U2/><E109/><V50/><F40/><W45/><G86/><T71/><D3/><U69/><E69/><V1/><F38/><W131/><G131/><T24/><D24/><U132/><E132/><V78/><F101/><W97/><G89/><T32/><D32/><U64/><E0/><V27/><F27/><W128/><G128/><T104/><D35/><U114/><E114/><V25/><F25/><W91/><G91/><T52/><D104/><U39/><E39/><V42/><F42/><W75/><G75/><T120/><D125/><U30/><E30/><V83/><F103/><W117/><G117/><T100/><D100/><U88/><E77/><V133/><F133/><W36/><G36/><T124/><D124/><U76/><E76/><V126/><F126/><W54/><REACH who="3" step="1"/><G97/><REACH who="3" ten="133,138,371,348" step="2"/><T49/><D119/><U61/><REACH who="1" step="1"/><E67/><AGARI ba="0,1" hai="15,18,20,21,26,28,43,45,51,54,55,58,62,67" machi="67" ten="30,7700,0" yaku="1,1,2,1,7,1,8,1,53,0" doraHai="115" doraHaiUra="72" who="3" fromWho="1" sc="133,0,138,-77,371,0,348,87" /><INIT seed="6,0,0,0,1,66" ten="133,61,371,435" oya="2" hai0="126,64,68,62,81,6,11,57,116,79,38,20,106" hai1="115,25,88,59,114,56,98,18,95,83,21,16,82" hai2="31,71,113,80,44,26,32,117,102,89,28,48,52" hai3="19,121,96,124,128,39,43,73,91,86,7,63,29"/><V23/><F113/><W135/><G121/><T13/><D106/><U70/><E70/><V105/><F117/><W90/><G73/><T60/><D116/><U129/><E129/><V85/><F32/><W131/><G7/><T109/><D126/><U46/><E46/><V110/><F110/><W122/><G29/><T112/><D112/><N who="1" m="43051" /><E18/><V34/><F71/><W93/><G122/><T58/><D38/><U14/><E14/><V36/><F36/><W130/><G124/><T10/><D20/><U47/><E47/><V8/><F8/><W99/><G43/><T65/><D109/><U75/><E75/><V55/><F55/><W101/><G39/><T37/><D37/><U127/><E127/><V27/><F102/><W49/><G49/><T24/><D24/><U100/><E100/><V111/><F105/><N who="3" m="63655" /><G19/><T17/><D57/><AGARI ba="0,0" hai="16,21,25,56,57,59,82,83,88,95,98" m="43051" machi="57" ten="30,3900,0" yaku="15,1,54,2" doraHai="66" who="1" fromWho="0" sc="133,-39,61,39,371,0,435,0" /><INIT seed="7,0,0,1,2,91" ten="94,100,371,435" oya="3" hai0="81,112,119,18,87,135,53,41,101,78,25,29,42" hai1="15,104,114,36,67,115,30,118,12,44,38,79,123" hai2="98,107,93,124,21,58,56,96,17,50,120,31,73" hai3="94,57,106,23,22,49,117,60,75,43,121,76,105"/><W2/><G2/><T39/><D119/><U92/><E123/><V86/><F73/><W35/><G35/><T100/><D135/><U82/><E104/><V32/><F124/><W89/><G76/><T28/><D112/><N who="1" m="43051" /><E30/><N who="0" m="11881" /><D39/><N who="1" m="14891" /><E44/><V46/><F120/><W3/><G3/><T84/><D53/><U52/><E67/><V64/><F31/><W110/><G75/><T55/><D55/><U9/><E9/><V33/><F33/><W66/><G117/><T1/><D1/><U131/><E131/><V109/><F32/><W108/><G22/><N who="0" m="13527" /><D84/><N who="1" m="48223" /><E118/><V51/><F51/><W26/><G121/><T80/><D80/><U7/><E7/><V111/><F111/><W99/><G110/><T127/><D127/><U8/><E8/><V11/><F11/><W116/><G116/><T45/><D45/><U62/><E92/><V70/><F70/><W97/><G106/><T65/><D65/><U48/><E48/><V130/><F130/><W19/><G105/><T5/><D5/><U74/><E74/><V85/><F109/><W4/><G4/><T6/><D6/><U95/><E95/><V77/><F98/><N who="3" m="57679" /><G108/><T122/><D122/><U128/><E128/><V24/><F107/><W72/><G72/><T40/><AGARI ba="0,0" hai="40,41,42,78,81,87,100,101" m="13527,11881" machi="40" ten="30,1100,0" yaku="8,1" doraHai="91" who="0" fromWho="0" sc="94,11,100,-3,371,-3,435,-5" owari="105,-29.5,97,-40.3,368,16.8,430,53.0" /></mjloggm>