<mjloggm ver="2.3"><GO type="169" lobby="0"/><UN n0="%4E%4F%2E%E2%85%A0" n1="%73%61%6E%64%69%72%69%73" n2="%4A%49%4D" n3="%E3%82%B5%E3%83%96%E3%82%A2%E3%83%A9%E3%83%89" dan="17,17,17,16" rate="2198.25,2172.76,2180.31,2043.59" sx="M,M,F,M"/><TAIKYOKU oya="0"/><INIT seed="0,0,0,2,0,58" ten="250,250,250,250" oya="0" hai0="32,134,28,83,96,21,44,128,19,15,13,0,48" hai1="6,59,108,52,86,109,9,135,54,14,100,112,25" hai2="114,1,111,88,82,16,121,122,119,36,12,103,94" hai3="66,67,93,124,27,123,79,24,45,7,43,102,127"/><T113/><D113/><U98/><E112/><V60/><F114/><W57/><G7/><T31/><D128/><U5/><E135/><V115/><F115/><W8/><G8/><T78/><D0/><U72/><E72/><V117/><F36/><W37/><G79/><T3/><D3/><U42/><E42/><V56/><F1/><W80/><G80/><T130/><D130/><U65/><E5/><V70/><F70/><W2/><G2/><T11/><D96/><U18/><E86/><N who="2" m="52503" /><F82/><W61/><G67/><T118/><D118/><N who="2" m="45066" /><F103/><W110/><G110/><N who="1" m="42602" /><E25/><V69/><F69/><W40/><G40/><T38/><D38/><U29/><E29/><V101/><F101/><W30/><G123/><T33/><D134/><U90/><E90/><V10/><F111/><W47/><G47/><T85/><D33/><U133/><E6/><V129/><F129/><W99/><REACH who="3" step="1"/><G24/><REACH who="3" ten="250,250,250,240" step="2"/><T23/><D32/><AGARI ba="0,1" hai="27,30,32,37,43,45,57,61,66,93,99,102,124,127" machi="32" ten="40,5200,0" yaku="1,1,2,1,52,1,53,0" doraHai="58" doraHaiUra="4" who="3" fromWho="0" sc="250,-52,250,0,250,0,240,62" /><INIT seed="1,0,0,2,5,17" ten="198,250,250,302" oya="1" hai0="43,96,35,130,18,69,75,20,41,97,135,37,103" hai1="125,62,57,108,42,83,34,77,107,93,99,2,22" hai2="114,78,81,59,24,73,67,38,94,50,27,86,106" hai3="129,124,90,116,112,71,5,7,52,32,109,113,85"/><U4/><E125/><V92/><F38/><W29/><G124/><T56/><D69/><U74/><E34/><V104/><F114/><W65/><G109/><T8/><D35/><U51/><E108/><V63/><F94/><W134/><G129/><T80/><D135/><U46/><E107/><V120/><F120/><W127/><G134/><T87/><D75/><U10/><E22/><V25/><F50/><W128/><G127/><T118/><D118/><U45/><E45/><V117/><F117/><W31/><G128/><T33/><D33/><U23/><E23/><V6/><F6/><W55/><G116/><T30/><D130/><U100/><E57/><V11/><F11/><W122/><G122/><T49/><D30/><U88/><REACH who="1" step="1"/><E62/><REACH who="1" ten="198,240,250,302" step="2"/><V121/><F121/><W95/><G32/><T132/><D20/><U89/><AGARI ba="0,1" hai="2,4,10,42,46,51,74,77,83,88,89,93,99,100" machi="89" ten="30,11700,0" yaku="1,1,2,1,0,1,54,1,53,0" doraHai="17" doraHaiUra="126" who="1" fromWho="1" sc="198,-39,240,127,250,-39,302,-39" /><INIT seed="1,1,0,4,1,112" ten="159,367,211,263" oya="1" hai0="45,40,75,131,105,47,25,135,13,4,30,55,121" hai1="98,61,76,81,24,70,64,56,7,117,79,73,33" hai2="42,120,32,21,128,85,5,104,133,126,114,38,52" hai3="86,99,44,65,1,97,122,111,15,88,28,12,82"/><U91/><E79/><V67/><F120/><W68/><G111/><T27/><D131/><U100/><E7/><V53/><F32/><W95/><G122/><T59/><D135/><U84/><E56/><V8/><F104/><W93/><G1/><T18/><D121/><U106/><E91/><V80/><F128/><W94/><G28/><T115/><D115/><U49/><E49/><V11/><F133/><W9/><G68/><T63/><D75/><U62/><E62/><V118/><F114/><W127/><G127/><T41/><D4/><U57/><E57/><V129/><F126/><W90/><G65/><T69/><D105/><U51/><E51/><V50/><F129/><W77/><G44/><T72/><D72/><U34/><E84/><V2/><F38/><W108/><G108/><T39/><D69/><U119/><E34/><V23/><F67/><W16/><G15/><T14/><D30/><AGARI ba="1,0" hai="24,30,33,61,64,70,73,76,81,98,100,106,117,119" machi="30" ten="40,18000,2" yaku="25,2,23,2,52,2" doraHai="112" who="1" fromWho="0" sc="159,-183,367,183,211,0,263,0" owari="-24,-52.4,550,65.0,211,-18.9,263,6.3" /></mjloggm>