<mjloggm ver="2.3"><GO type="169" lobby="0"/><UN n0="%E8%BE%9B%E5%8F%A3%E3%82%AB%E3%83%AC%E3%83%BC%E3%83%A9%E3%82%A4%E3%82%B9" n1="%61%6E%79%61%64%72%61" n2="%E3%83%95%E3%82%AF%E3%83%80%E3%83%B3%E3%83%81%E3%83%A7" n3="%E3%81%AA%E3%81%AA%E3%81%BF%EF%BC%A0%E5%8F%B2%E7%9A%AE%E8%BB%8D%E5%9B%A3" dan="16,16,16,17" rate="2122.44,2105.22,2133.20,2141.79" sx="M,M,M,M"/><TAIKYOKU oya="0"/><INIT seed="0,0,0,2,2,94" ten="250,250,250,250" oya="0" hai0="24,74,39,127,63,21,117,40,119,110,59,81,130" hai1="96,82,88,51,131,126,111,80,1,103,109,4,19" hai2="122,118,33,72,90,89,95,78,124,86,48,53,98" hai3="134,106,66,14,108,79,84,61,52,49,97,68,41"/><T50/><D130/><U11/><E126/><V123/><F33/><W64/><G108/><N who="1" m="41546" /><E131/><V57/><F118/><W9/><G134/><T28/><D110/><U36/><E36/><V116/><F116/><W135/><G135/><T100/><D127/><U13/><E51/><V55/><F124/><W133/><G133/><T129/><D129/><U31/><E31/><V71/><F71/><W69/><G41/><T120/><D39/><U121/><E121/><V113/><F113/><W101/><G79/><T35/><D120/><U37/><E37/><V104/><F89/><W34/><G84/><T58/><D35/><U44/><E44/><V15/><F55/><W93/><G34/><T20/><D20/><N who="1" m="11375" /><E88/><V83/><REACH who="2" step="1"/><F15/><REACH who="2" ten="250,250,240,250" step="2"/><W65/><G68/><T0/><D119/><U18/><E18/><V99/><F99/><W47/><REACH who="3" step="1"/><G106/><AGARI ba="0,1" hai="1,4,11,80,82,96,103,106" m="11375,41546" machi="106" ten="30,2000,0" yaku="14,1,52,1" doraHai="94" who="1" fromWho="3" sc="250,0,250,30,240,0,250,-20" /><INIT seed="1,0,0,1,1,88" ten="250,280,240,230" oya="1" hai0="57,82,66,135,8,34,132,84,130,59,122,26,56" hai1="90,87,58,113,94,16,5,112,46,123,133,117,6" hai2="72,35,38,76,28,44,22,93,3,33,68,53,15" hai3="89,73,54,80,108,114,125,77,98,105,32,45,134"/><U115/><E117/><V97/><F68/><W48/><G114/><T49/><D130/><U129/><E123/><V103/><F3/><W10/><G32/><T18/><D122/><U124/><E129/><V4/><F72/><W85/><G108/><T71/><D8/><U61/><E124/><V7/><F76/><W118/><G125/><T100/><D100/><U0/><E133/><N who="0" m="51273" /><D49/><U25/><E46/><V75/><F75/><W14/><G118/><T126/><D126/><U70/><E70/><V128/><F128/><W106/><G134/><T95/><D71/><U120/><E120/><V127/><F33/><W2/><G2/><T20/><D34/><U119/><E119/><V11/><F35/><W63/><G63/><N who="0" m="38247" /><D95/><U86/><E86/><V40/><F53/><W83/><REACH who="3" step="1"/><G98/><REACH who="3" ten="250,280,240,220" step="2"/><T109/><D109/><U37/><E0/><V27/><REACH who="2" step="1"/><F127/><REACH who="2" ten="250,280,230,220" step="2"/><W81/><G81/><T9/><D9/><U19/><E115/><V55/><F55/><W50/><G50/><T17/><D82/><U24/><E113/><V1/><F1/><W64/><G64/><T43/><D43/><U91/><E112/><V92/><F92/><W96/><G96/><T29/><D84/><N who="1" m="52551" /><E37/><V13/><F13/><W121/><G121/><T47/><D26/><U69/><E25/><V21/><F21/><W62/><G62/><T78/><D20/><N who="1" m="13319" /><E69/><V30/><F30/><W131/><G131/><T52/><D29/><U99/><E99/><V111/><F111/><W23/><G23/><T31/><D31/><U107/><E61/><V67/><F67/><W110/><G110/><T12/><D12/><RYUUKYOKU ba="0,2" sc="250,-15,280,-15,230,15,220,15" hai2="4,7,11,15,22,27,28,38,40,44,93,97,103" hai3="10,14,45,48,54,73,77,80,83,85,89,105,106" /><INIT seed="2,1,2,3,0,113" ten="235,265,245,235" oya="2" hai0="51,29,67,134,73,21,32,30,28,114,119,22,109" hai1="80,43,82,133,105,55,79,5,18,116,35,78,115" hai2="89,56,131,63,90,103,112,23,104,59,130,94,40" hai3="45,122,100,38,41,19,95,87,66,75,88,62,106"/><V135/><F112/><W48/><G122/><T83/><D114/><U125/><E115/><V10/><F135/><W37/><G75/><T58/><D134/><U64/><E133/><V46/><F10/><W84/><G84/><T61/><D109/><U20/><E35/><V71/><F71/><W31/><G31/><T52/><D32/><U123/><E105/><V9/><F9/><W97/><REACH who="3" step="1"/><G19/><REACH who="3" ten="235,265,245,225" step="2"/><T17/><D17/><U99/><E18/><V47/><F130/><W126/><G126/><T42/><D119/><U72/><E125/><V53/><F131/><W12/><G12/><T33/><D33/><U108/><E123/><V110/><F110/><W49/><G49/><T1/><D1/><U68/><E72/><V101/><F104/><W91/><G91/><T57/><REACH who="0" step="1"/><D42/><REACH who="0" ten="225,265,245,225" step="2"/><U60/><E43/><V117/><F117/><W26/><G26/><T74/><D74/><U86/><E116/><V65/><F40/><W76/><G76/><AGARI ba="1,4" hai="21,22,28,29,30,51,52,57,58,61,67,73,76,83" machi="76" ten="40,2600,0" yaku="1,1,54,1,53,0" doraHai="113" doraHaiUra="118" who="0" fromWho="3" sc="225,69,265,0,245,0,225,-29" /><INIT seed="3,0,0,2,0,2" ten="294,265,245,196" oya="3" hai0="9,121,47,97,35,69,102,101,86,44,49,68,78" hai1="79,104,98,131,55,29,53,13,6,41,127,116,70" hai2="32,30,17,38,57,84,108,83,122,20,8,10,40" hai3="113,91,56,19,89,111,120,46,33,85,124,66,81"/><W67/><G113/><T130/><D121/><U37/><E127/><V87/><F108/><W110/><G120/><T119/><D119/><U73/><E131/><V45/><F122/><W99/><G124/><T107/><D130/><U95/><E70/><V82/><F57/><W34/><G46/><T11/><D35/><U24/><E104/><V22/><F32/><W77/><G33/><T23/><D101/><U80/><E37/><V50/><F38/><W71/><G34/><T26/><D69/><U118/><E41/><V1/><F30/><W36/><G36/><T105/><D68/><U94/><E94/><V126/><F126/><W115/><G115/><T125/><D105/><U25/><E25/><N who="2" m="14479" /><F22/><W48/><G71/><T114/><D114/><U129/><E129/><V0/><F1/><W128/><G128/><T75/><D75/><U62/><E118/><V76/><F0/><W31/><G31/><T42/><D47/><U5/><E116/><V28/><F28/><W60/><G67/><T96/><D96/><U133/><E133/><V109/><F109/><N who="3" m="41483" /><G48/><T16/><REACH who="0" step="1"/><D125/><REACH who="0" ten="284,265,245,196" step="2"/><U7/><E73/><V63/><F45/><W61/><G99/><T88/><D88/><U123/><E123/><V90/><F90/><W112/><G112/><T117/><D117/><U100/><E100/><V52/><F87/><W93/><G89/><T74/><D74/><U59/><E98/><V72/><F84/><W39/><G91/><T135/><D135/><U21/><E95/><V132/><F72/><W3/><G93/><T65/><D65/><N who="1" m="39135" /><E13/><V51/><F132/><W103/><G3/><RYUUKYOKU ba="0,1" sc="284,15,265,15,245,-15,196,-15" hai0="9,11,16,23,26,42,44,49,78,86,97,102,107" hai1="5,6,7,21,24,29,53,55,79,80" /><INIT seed="4,1,1,5,3,75" ten="299,280,230,181" oya="0" hai0="47,57,55,27,125,95,2,69,65,4,86,83,122" hai1="13,28,42,104,133,38,25,14,30,121,109,39,8" hai2="58,111,100,15,131,16,21,63,76,29,56,37,135" hai3="106,62,130,116,19,73,53,35,61,18,5,92,129"/><T128/><D122/><U46/><E121/><V79/><F111/><W117/><G106/><T85/><D128/><N who="3" m="49257" /><G73/><T103/><D125/><U119/><E109/><V9/><F37/><W22/><G35/><T112/><D112/><U24/><E119/><N who="3" m="45642" /><G5/><T108/><D47/><U114/><E133/><V32/><F32/><W118/><N who="3" m="45650" /><W97/><DORA hai="7" /><G53/><T98/><D55/><U74/><E114/><V96/><F135/><W43/><G43/><T91/><D4/><U90/><E104/><V123/><F56/><W3/><G3/><T66/><D2/><U93/><E74/><V113/><F113/><W94/><G94/><T12/><D95/><U41/><E93/><N who="2" m="58383" /><F123/><W82/><G82/><T132/><D83/><U127/><E127/><V81/><F81/><W126/><G126/><T51/><D108/><U124/><E124/><V134/><F134/><W99/><G99/><T34/><D98/><U31/><E90/><V45/><F45/><W50/><G50/><T6/><D51/><U87/><E87/><V1/><F1/><W54/><G54/><T77/><D85/><U115/><E115/><V0/><F0/><W64/><G22/><T105/><D34/><U70/><E46/><V10/><F131/><W59/><G62/><T88/><D132/><U80/><E80/><V110/><F110/><W23/><G23/><T49/><D105/><U120/><E120/><V68/><F68/><W26/><G26/><T60/><D27/><U89/><E70/><V84/><F84/><W44/><G44/><T40/><D86/><U52/><E25/><N who="2" m="16559" /><F9/><W36/><G36/><RYUUKYOKU ba="1,1" sc="299,-15,280,-15,230,15,181,15" hai2="10,15,16,58,63,76,79" hai3="18,19,59,61,64,92,97" /><INIT seed="5,2,1,1,2,101" ten="284,265,245,196" oya="1" hai0="116,22,108,113,26,2,27,126,28,73,34,70,3" hai1="98,124,105,104,65,36,74,75,118,45,13,100,83" hai2="17,90,6,127,69,51,71,130,31,134,72,49,95" hai3="47,79,87,111,32,29,40,80,15,9,68,92,18"/><U110/><E118/><V11/><F72/><W125/><G111/><T1/><D70/><U76/><E110/><V52/><F130/><W33/><G68/><T85/><D73/><N who="1" m="43407" /><E13/><V77/><F77/><W122/><G122/><T48/><D108/><U121/><E65/><V135/><F51/><W84/><G125/><T97/><D116/><U54/><E54/><V81/><F31/><W37/><REACH who="3" step="1"/><G29/><REACH who="3" ten="284,265,245,186" step="2"/><T112/><D126/><U8/><E124/><V61/><F127/><W64/><G64/><T115/><D28/><U94/><E121/><V131/><F71/><W102/><G102/><T0/><D112/><U7/><E36/><V44/><F69/><W89/><AGARI ba="2,2" hai="9,15,18,32,33,37,40,47,79,80,84,87,89,92" machi="89" ten="30,2000,0" yaku="1,1,0,1,53,0" doraHai="101" doraHaiUra="123" who="3" fromWho="3" sc="284,-7,265,-12,245,-7,186,46" /><INIT seed="6,0,0,1,4,59" ten="277,253,238,232" oya="2" hai0="66,10,33,85,86,126,117,37,22,101,104,6,99" hai1="8,21,74,46,76,48,122,93,75,65,23,62,100" hai2="96,68,95,116,42,69,90,131,15,129,106,111,7" hai3="112,108,56,73,71,20,40,38,123,97,133,89,88"/><V44/><F116/><W105/><G108/><T19/><D117/><U29/><E122/><V12/><F106/><W2/><G123/><T83/><D33/><U32/><E32/><V47/><F111/><W115/><G71/><N who="2" m="27209" /><F7/><W60/><G133/><T124/><D37/><U102/><E8/><V52/><F52/><N who="3" m="33799" /><G2/><T135/><D66/><U34/><E34/><V134/><F134/><W14/><G73/><T55/><D55/><U41/><E102/><V36/><F47/><N who="3" m="23959" /><G105/><T80/><D135/><U67/><E67/><V128/><AGARI ba="0,0" hai="12,15,36,42,44,90,95,96,128,129,131" m="27209" machi="128" ten="40,2100,0" yaku="19,1" doraHai="59" who="2" fromWho="2" sc="277,-7,253,-7,238,21,232,-7" /><INIT seed="6,1,0,4,0,19" ten="270,246,259,225" oya="2" hai0="125,31,46,49,42,53,54,2,121,133,124,85,98" hai1="76,89,106,118,59,71,0,123,112,82,68,7,25" hai2="12,116,81,45,6,78,80,18,34,130,73,44,58" hai3="37,99,23,110,26,113,10,74,107,32,104,69,117"/><V128/><F116/><W30/><G110/><T50/><D2/><U102/><E118/><V70/><F70/><W135/><G117/><T62/><D121/><U47/><E112/><V55/><F34/><W127/><G113/><T119/><D31/><U108/><E108/><V11/><F80/><W9/><G37/><T33/><D33/><U95/><E123/><V57/><F57/><W77/><G127/><N who="0" m="48715" /><D119/><U56/><E47/><V15/><F128/><W84/><G135/><T131/><D85/><U105/><E7/><V129/><F129/><W4/><G74/><T13/><D13/><U97/><E0/><V114/><F114/><W111/><G111/><T90/><D90/><U120/><E120/><V101/><F101/><W61/><G4/><T60/><D98/><U35/><E68/><V21/><REACH who="2" step="1"/><F130/><REACH who="2" ten="270,246,249,225" step="2"/><W48/><G69/><T79/><D131/><U94/><E71/><V40/><F40/><W64/><G32/><T27/><D42/><U91/><E35/><V66/><F66/><W134/><G64/><T87/><D54/><U16/><E59/><V132/><F132/><W22/><G134/><T103/><D53/><U51/><E56/><V41/><F41/><W122/><G122/><T5/><D103/><U29/><E102/><V83/><F83/><W1/><G104/><T88/><D133/><U36/><E82/><V115/><F115/><W14/><G107/><T126/><D126/><U67/><E106/><V86/><F86/><W100/><G100/><T52/><D87/><U93/><E105/><V28/><F28/><N who="3" m="17503" /><G84/><T17/><D52/><U92/><E29/><RYUUKYOKU ba="1,1" sc="270,-10,246,-10,249,30,225,-10" hai2="6,11,12,15,18,21,44,45,55,58,73,78,81" /><INIT seed="6,2,1,5,3,39" ten="260,236,279,215" oya="2" hai0="34,22,32,19,63,79,111,89,55,54,128,99,13" hai1="49,123,73,115,52,1,78,66,88,46,59,76,110" hai2="92,86,96,103,71,126,12,31,124,65,112,82,57" hai3="98,5,116,107,53,109,81,21,84,30,23,56,43"/><V17/><F71/><W100/><G109/><T117/><D111/><U38/><E110/><V42/><F31/><W35/><G116/><T4/><D117/><U41/><E115/><V45/><F112/><W93/><G5/><T67/><D128/><U87/><E123/><V26/><F26/><W44/><G107/><T102/><D79/><U69/><E1/><V14/><F65/><W90/><G35/><T121/><D121/><U97/><E97/><V18/><F57/><W106/><G30/><T7/><D89/><U130/><E73/><V68/><F68/><W27/><G27/><T2/><D32/><U29/><E29/><V125/><F12/><W36/><REACH who="3" step="1"/><G106/><REACH who="3" ten="260,236,279,205" step="2"/><T133/><D34/><U131/><E131/><V105/><F105/><W118/><G118/><T132/><D7/><U16/><E130/><V129/><F129/><W24/><G24/><T51/><D4/><U47/><E16/><V25/><F25/><W72/><G72/><T95/><D19/><U70/><E70/><V120/><F120/><W108/><G108/><T104/><D104/><U40/><E69/><V77/><F14/><W122/><G122/><T101/><D13/><U113/><E113/><V28/><F28/><W62/><AGARI ba="2,2" hai="21,23,36,43,44,53,56,62,81,84,90,93,98,100" machi="62" ten="20,5200,0" yaku="1,1,0,1,7,1,52,1,53,0" doraHai="39" doraHaiUra="0" who="3" fromWho="3" sc="260,-15,236,-15,279,-28,205,78" /><INIT seed="7,0,0,0,2,19" ten="245,221,251,283" oya="3" hai0="128,109,61,18,121,108,94,5,104,107,92,0,118" hai1="29,90,56,97,2,59,10,79,36,40,20,46,44" hai2="133,106,76,14,28,80,129,110,17,122,62,22,75" hai3="53,70,58,27,101,124,15,113,50,99,102,1,67"/><W95/><G1/><T114/><D118/><U117/><E117/><V100/><F110/><W51/><G113/><T23/><D121/><U88/><E79/><V39/><F39/><W132/><G132/><T72/><D72/><U11/><E46/><V96/><F129/><W41/><G124/><T134/><D128/><U87/><E97/><V105/><F133/><W68/><G27/><T74/><D74/><U63/><E2/><V9/><F62/><W135/><G135/><T35/><D35/><U54/><E59/><V127/><F127/><W16/><G67/><T47/><D134/><U78/><E78/><V111/><F111/><W71/><G41/><T26/><D114/><U45/><E45/><V31/><F122/><W66/><G66/><T112/><D0/><U33/><E33/><V37/><F37/><W21/><REACH who="3" step="1"/><G50/><REACH who="3" ten="245,221,251,273" step="2"/><T12/><D112/><U82/><REACH who="1" step="1"/><E90/><AGARI ba="0,1" hai="15,16,21,51,53,58,68,70,71,90,95,99,101,102" machi="90" ten="40,12000,1" yaku="1,1,2,1,52,1,54,1,53,1" doraHai="19" doraHaiUra="8" who="3" fromWho="1" sc="245,0,221,-120,251,0,273,130" owari="245,-15.5,101,-39.9,251,5.1,403,50.3" /></mjloggm>