<mjloggm ver="2.3"><GO type="169" lobby="0"/><UN n0="%E3%83%A2%E3%82%A4%E3%83%92%E3%83%A3%E3%83%B3" n1="%E3%81%8F%E3%82%8B%E3%82%8B" n2="%33%37%E6%82%A0%E4%B8%80" n3="%E3%81%9D%E3%82%93%E3%81%97%E6%A7%98" dan="17,17,17,18" rate="2173.59,2233.75,2173.11,2231.08" sx="M,F,M,M"/><TAIKYOKU oya="0"/><INIT seed="0,0,0,2,2,50" ten="250,250,250,250" oya="0" hai0="55,100,7,45,10,22,59,18,26,61,8,98,1" hai1="25,79,42,70,32,97,117,4,44,23,99,21,104" hai2="58,14,82,123,75,54,67,121,40,127,107,89,81" hai3="51,80,119,88,66,120,41,124,113,62,106,63,116"/><T15/><D45/><U33/><E117/><V87/><F107/><W135/><G106/><T19/><D98/><U57/><E70/><V130/><F130/><W128/><G113/><T131/><REACH who="0" step="1"/><D100/><REACH who="0" ten="240,250,250,250" step="2"/><U86/><E97/><V74/><F123/><W56/><G120/><T37/><D37/><U17/><E99/><V109/><F121/><W38/><G38/><T69/><D69/><U103/><E44/><V5/><F40/><W39/><G41/><T110/><D110/><U134/><E103/><V0/><F109/><W85/><G39/><T115/><D115/><U52/><E104/><V60/><F127/><W132/><G124/><T108/><D108/><U126/><E126/><V3/><F74/><W30/><G56/><T9/><D9/><U73/><E73/><V102/><F102/><W35/><G85/><T90/><D90/><U2/><E86/><V92/><F82/><W118/><G88/><T91/><D91/><U28/><E42/><V6/><F75/><W20/><G80/><T65/><D65/><U96/><E96/><V43/><F43/><W133/><G66/><T101/><D101/><U114/><E114/><V78/><F67/><W111/><G111/><T12/><D12/><U13/><E13/><V46/><F46/><W34/><G119/><T125/><D125/><U112/><E112/><V95/><F14/><W31/><G118/><T29/><D29/><U36/><E28/><V24/><F89/><W64/><G116/><T93/><D93/><N who="2" m="35914" /><F24/><W27/><G27/><T84/><D84/><U11/><E25/><V49/><F87/><W48/><G64/><RYUUKYOKU ba="0,1" sc="240,30,250,-10,250,-10,250,-10" hai0="1,7,8,10,15,18,19,22,26,55,59,61,131" /><INIT seed="0,1,1,0,2,61" ten="270,240,240,240" oya="0" hai0="83,43,114,11,31,67,17,81,40,35,85,79,97" hai1="101,18,2,41,27,30,26,44,121,20,93,125,103" hai2="63,57,64,77,59,50,88,47,34,86,127,24,98" hai3="111,53,100,75,49,21,130,105,117,14,73,10,120"/><T5/><D114/><U78/><E121/><V7/><F127/><W95/><G117/><T109/><D109/><U8/><E125/><V110/><F110/><W46/><G111/><T6/><D35/><U89/><E78/><V51/><F34/><W68/><G120/><T29/><D17/><U1/><E1/><V12/><F77/><W60/><G130/><T116/><D116/><U106/><E106/><V0/><F24/><W123/><G105/><T91/><D67/><U70/><E70/><V80/><F0/><W72/><G21/><T112/><D112/><U131/><E131/><V42/><F98/><W54/><G123/><T92/><D81/><U69/><E69/><V22/><F22/><W25/><G25/><T74/><D74/><U87/><E2/><V13/><F7/><N who="0" m="2570" /><D11/><U37/><E8/><V9/><F9/><W48/><G73/><T71/><D71/><U52/><E52/><AGARI ba="1,1" hai="12,13,42,47,50,51,52,57,59,63,64,80,86,88" machi="52" ten="40,8000,1" yaku="8,1,52,1,54,2" doraHai="61" who="2" fromWho="1" sc="270,0,240,-83,240,93,240,0" /><INIT seed="1,0,0,2,2,47" ten="270,157,333,240" oya="1" hai0="114,82,106,133,70,132,40,20,62,6,43,126,3" hai1="87,24,121,69,14,2,9,67,66,42,33,125,50" hai2="25,110,28,45,61,74,131,100,113,123,115,4,29" hai3="19,80,93,21,92,117,52,103,98,75,15,27,120"/><U16/><E121/><V23/><F74/><W64/><G117/><T0/><D106/><U44/><E125/><V97/><F123/><W84/><G120/><T46/><D114/><U56/><E69/><V128/><F4/><W36/><G36/><T22/><D126/><U86/><E2/><V101/><F110/><W116/><G64/><N who="0" m="41239" /><D82/><U35/><E35/><V95/><F100/><W99/><G75/><T65/><D65/><U96/><E96/><V90/><F90/><W11/><G116/><T118/><D118/><U63/><REACH who="1" step="1"/><E67/><REACH who="1" ten="270,147,333,240" step="2"/><V32/><F32/><W81/><G99/><T85/><D3/><U88/><E88/><V8/><F115/><W104/><G98/><T83/><D0/><U31/><AGARI ba="0,1" hai="9,14,16,24,31,33,42,44,50,56,63,66,86,87" machi="31" ten="30,11700,0" yaku="1,1,0,1,52,1,54,1,53,0" doraHai="47" doraHaiUra="79" who="1" fromWho="1" sc="270,-39,147,127,333,-39,240,-39" /><INIT seed="1,1,0,0,3,53" ten="231,274,294,201" oya="1" hai0="19,107,90,122,83,33,89,81,51,129,93,73,98" hai1="103,24,5,127,79,102,37,48,119,56,66,88,97" hai2="76,31,86,21,10,100,92,112,61,40,43,14,49" hai3="64,133,120,84,117,80,9,85,42,62,72,46,118"/><U1/><E119/><N who="3" m="45578" /><G120/><T17/><D33/><U7/><E37/><V94/><F112/><W128/><G128/><T108/><D107/><U115/><E115/><V4/><F61/><W78/><G9/><T67/><D129/><U116/><E116/><V126/><F126/><W20/><G20/><T60/><D122/><U35/><E127/><V32/><F32/><W69/><G133/><T74/><D108/><U25/><E79/><V75/><F75/><W109/><G109/><T130/><D130/><U52/><E66/><V125/><F125/><W22/><G22/><T15/><D51/><AGARI ba="1,0" hai="42,46,51,62,64,69,72,78,80,84,85" m="45578" machi="51" ten="30,1000,0" yaku="12,1" doraHai="53" who="3" fromWho="0" sc="231,-13,274,0,294,0,201,13" /><INIT seed="2,0,0,2,5,20" ten="218,274,294,214" oya="2" hai0="84,109,21,62,132,130,3,110,116,66,122,75,105" hai1="36,78,63,65,121,133,108,24,96,111,40,58,2" hai2="48,92,50,119,83,12,53,11,124,107,49,74,93" hai3="35,51,125,55,32,67,114,19,15,4,9,123,71"/><V73/><F124/><W87/><G123/><T29/><D75/><U5/><E121/><V61/><F107/><W127/><G114/><T95/><D105/><U135/><E78/><V102/><F119/><W100/><G100/><T76/><D3/><U14/><E96/><V16/><F83/><W6/><G87/><T17/><D122/><U56/><E2/><V43/><F43/><W23/><G67/><T54/><D116/><U26/><E36/><V8/><F74/><W89/><G89/><T104/><D104/><U112/><E40/><V0/><F73/><W126/><G71/><T10/><D54/><BYE who="3" /><UN n3="%E3%81%9D%E3%82%93%E3%81%97%E6%A7%98" /><U115/><E5/><V28/><F28/><W131/><G131/><T41/><D41/><U77/><E14/><N who="2" m="7239" /><F0/><W22/><G4/><T38/><D38/><U69/><E77/><V59/><F102/><W120/><G120/><T129/><D29/><U72/><E72/><V31/><F31/><W1/><REACH who="3" step="1"/><G23/><REACH who="3" ten="218,274,294,204" step="2"/><T118/><D118/><U82/><E69/><V64/><F64/><W90/><G90/><T68/><D21/><U113/><BYE who="3" /><E82/><V47/><F47/><W94/><G94/><UN n3="%E3%81%9D%E3%82%93%E3%81%97%E6%A7%98" /><T88/><D76/><U103/><E103/><V98/><F98/><W85/><G85/><T70/><D70/><U81/><E81/><V18/><AGARI ba="0,1" hai="11,12,18,48,49,50,53,59,61,92,93" m="7239" machi="18" ten="30,3000,0" yaku="8,1,54,1" doraHai="20" who="2" fromWho="2" sc="218,-10,274,-10,294,40,204,-10" /><INIT seed="2,1,0,3,2,81" ten="208,264,334,194" oya="2" hai0="31,12,109,134,42,130,133,97,36,54,61,10,2" hai1="106,8,74,28,5,48,24,125,3,32,7,19,11" hai2="33,59,79,124,84,135,29,27,83,94,63,60,78" hai3="53,58,128,52,35,131,68,119,15,45,92,108,101"/><V1/><F124/><W38/><G35/><T126/><D126/><U57/><E74/><V44/><F135/><W70/><G15/><T20/><D109/><U91/><E106/><V104/><F104/><W77/><G77/><T64/><D130/><N who="3" m="49705" /><G92/><T25/><D2/><U116/><E125/><V65/><F1/><W40/><G101/><T46/><D54/><N who="3" m="21097" /><G108/><T121/><D121/><U56/><E91/><V26/><F26/><W34/><G34/><T16/><REACH who="0" step="1"/><D97/><REACH who="0" ten="198,264,334,194" step="2"/><U14/><E116/><V107/><F65/><W18/><G119/><T118/><D118/><U71/><E3/><V23/><F44/><W47/><G18/><T49/><D49/><U127/><E48/><V4/><F4/><W75/><G75/><T6/><D6/><U99/><E127/><V100/><F29/><W112/><G112/><T80/><D80/><U110/><E110/><V123/><F83/><W122/><G122/><T113/><D113/><U114/><E114/><V30/><F123/><W132/><G132/><T103/><D103/><U51/><E51/><V39/><F100/><W88/><G45/><T69/><AGARI ba="1,1" hai="10,12,16,20,25,31,36,42,46,61,64,69,133,134" machi="69" ten="30,4000,0" yaku="1,1,0,1,54,1,53,0" doraHai="81" doraHaiUra="120" who="0" fromWho="0" sc="198,53,264,-11,334,-21,194,-11" /><INIT seed="3,0,0,1,1,83" ten="251,253,313,183" oya="3" hai0="58,76,9,16,92,44,120,135,43,1,124,94,77" hai1="104,111,5,57,65,79,117,81,11,88,125,96,67" hai2="63,110,22,10,23,82,49,73,84,98,13,132,95" hai3="25,108,40,19,64,131,87,51,12,61,105,74,99"/><W38/><G74/><T102/><D120/><U78/><E111/><V24/><F73/><W123/><G123/><T4/><D135/><U59/><E125/><V28/><F132/><W27/><G131/><T30/><D124/><U2/><E117/><V41/><F110/><W119/><G119/><T6/><D30/><U17/><E17/><V45/><F63/><W122/><G122/><T54/><D6/><U53/><E104/><V39/><F39/><W113/><G113/><T100/><D100/><U34/><E34/><V109/><F109/><W18/><G108/><T56/><D56/><U42/><E42/><V7/><F23/><W97/><G38/><T112/><D112/><U20/><E20/><V103/><F82/><W121/><G121/><T60/><D16/><N who="3" m="6185" /><G12/><T26/><D26/><N who="3" m="9737" /><G105/><T116/><D116/><U35/><E35/><V91/><F103/><W128/><G128/><T14/><D1/><U31/><E31/><V15/><F15/><W114/><G114/><T3/><D3/><U68/><E68/><V101/><F101/><W0/><G0/><T69/><D69/><U129/><E129/><V106/><F106/><W29/><G29/><T80/><D102/><U37/><E37/><V89/><F89/><W75/><G75/><T46/><D14/><U47/><E88/><V55/><F41/><W70/><G87/><AGARI ba="0,0" hai="7,10,13,22,24,28,45,49,55,84,87,91,95,98" machi="87" ten="40,5200,0" yaku="8,1,52,2" doraHai="83" who="2" fromWho="3" sc="251,0,253,0,313,52,183,-52" /><INIT seed="4,0,0,2,1,130" ten="251,253,365,131" oya="0" hai0="104,90,97,94,5,21,122,102,60,49,111,121,81" hai1="6,109,55,16,100,14,46,7,85,113,28,35,119" hai2="105,64,12,83,26,123,9,96,117,54,107,125,4" hai3="72,134,101,70,40,108,63,124,45,29,44,120,37"/><T133/><D5/><U128/><E109/><V91/><F123/><W106/><G108/><T25/><D111/><U1/><E119/><V41/><F117/><W17/><G120/><T50/><D121/><U87/><E128/><V127/><F41/><W114/><G114/><T67/><D122/><U69/><E69/><V51/><F64/><W79/><G124/><N who="2" m="47689" /><F26/><W82/><G17/><T59/><D133/><U103/><E113/><V115/><F115/><W22/><G45/><T62/><D62/><U53/><E1/><V0/><F0/><W43/><G43/><T23/><D23/><U131/><E131/><V92/><F83/><W74/><G22/><T27/><D27/><U48/><E35/><V61/><F61/><W77/><G29/><T118/><D118/><U13/><E46/><AGARI ba="0,0" hai="4,9,12,46,51,54,91,92,96,105,107" m="47689" machi="46" ten="30,1000,0" yaku="18,1" doraHai="130" who="2" fromWho="1" sc="251,0,253,-10,365,10,131,0" /><INIT seed="5,0,0,2,3,1" ten="251,243,375,131" oya="1" hai0="124,100,36,59,82,55,31,76,10,45,40,123,133" hai1="85,90,56,118,106,19,16,8,49,71,77,105,33" hai2="23,52,110,61,51,6,7,75,22,99,93,18,65" hai3="92,4,58,83,89,20,46,111,0,44,67,70,126"/><U95/><E118/><V32/><F32/><W117/><G111/><T109/><D109/><U9/><E71/><V5/><F75/><W25/><G117/><T128/><D123/><U115/><E115/><V30/><F30/><W57/><G126/><T62/><D124/><U24/><E77/><V54/><F110/><W98/><G70/><T122/><D122/><U87/><E33/><V121/><F121/><W37/><G37/><T80/><D133/><U135/><E135/><V91/><F23/><W134/><G134/><T112/><D112/><U129/><E129/><V125/><F125/><W114/><G114/><T103/><D128/><U12/><E87/><V120/><F120/><W3/><G3/><T38/><D38/><U63/><E49/><V53/><F65/><W107/><G107/><T26/><D10/><U17/><E24/><N who="2" m="14423" /><F61/><W15/><G0/><T132/><D82/><U11/><REACH who="1" step="1"/><E12/><REACH who="1" ten="251,233,375,131" step="2"/><V119/><F119/><W43/><G15/><T13/><D13/><U42/><E42/><V116/><F116/><W84/><G43/><T47/><D132/><U73/><E73/><V50/><AGARI ba="0,1" hai="5,6,7,50,51,52,53,54,91,93,99" m="14423" machi="50" ten="40,8000,1" yaku="8,1,52,3,54,1" doraHai="1" who="2" fromWho="2" sc="251,-20,233,-40,375,90,131,-20" /><INIT seed="6,0,0,4,4,134" ten="231,193,465,111" oya="2" hai0="74,7,14,21,106,2,61,59,88,58,119,129,43" hai1="38,108,22,60,94,111,126,42,17,120,19,90,0" hai2="66,86,41,36,10,26,85,54,8,4,122,68,78" hai3="44,15,55,104,39,31,133,81,128,98,125,110,80"/><V131/><F131/><W3/><G3/><T100/><D74/><U25/><E0/><V93/><F122/><W117/><G117/><T95/><D119/><U64/><E120/><V13/><F36/><W84/><G128/><T33/><D33/><U51/><E38/><V71/><F41/><W73/><G133/><T107/><D129/><U46/><E126/><V76/><F26/><W32/><G110/><T63/><D100/><U79/><E79/><V24/><F24/><W40/><G73/><T37/><D2/><U72/><E72/><V5/><F54/><W56/><G32/><T20/><D43/><U16/><E111/><V112/><F93/><W62/><G31/><T92/><D37/><U105/><E105/><V114/><F13/><W124/><G15/><T99/><D7/><U35/><E35/><V69/><F69/><W49/><G39/><T77/><D77/><U123/><E123/><V103/><REACH who="2" step="1"/><F103/><REACH who="2" ten="231,193,455,111" step="2"/><N who="3" m="62583" /><G84/><T1/><D107/><U115/><E108/><V30/><F30/><W116/><G116/><T47/><D106/><U28/><E28/><V65/><AGARI ba="0,1" hai="4,5,8,10,65,66,68,71,76,78,85,86,112,114" machi="65" ten="25,18000,2" yaku="1,1,0,1,22,2,53,2" doraHai="134" doraHaiUra="83" who="2" fromWho="2" sc="231,-60,193,-60,455,190,111,-60" /><INIT seed="6,1,0,1,3,6" ten="171,133,645,51" oya="2" hai0="40,11,62,7,96,28,116,5,3,63,84,104,57" hai1="88,24,16,29,117,86,105,31,135,9,46,100,91" hai2="112,50,8,127,32,130,103,67,65,85,66,83,97" hai3="33,59,115,87,39,19,81,73,129,133,78,126,102"/><V80/><F32/><W118/><G118/><T77/><D116/><U20/><E135/><V55/><F127/><W119/><G119/><T51/><D28/><U36/><E36/><V52/><F130/><W101/><G129/><T69/><D69/><U90/><E117/><V44/><F112/><W95/><G133/><T76/><D104/><U41/><E100/><V70/><F83/><W72/><G39/><T99/><D7/><U123/><E105/><V122/><F122/><W79/><G33/><T34/><D34/><U64/><E64/><V26/><F26/><W58/><G126/><T0/><D0/><U71/><E71/><V110/><F110/><W27/><G115/><T54/><D63/><U132/><E132/><V82/><F70/><W131/><G131/><T94/><D84/><U108/><E108/><V114/><F114/><W106/><G106/><T134/><D99/><U17/><E123/><V113/><F113/><W98/><G102/><T15/><D3/><U56/><E56/><V121/><F121/><W61/><G79/><T30/><D30/><N who="1" m="11275" /><E86/><V68/><F68/><W48/><G59/><T2/><D2/><U107/><E107/><V60/><F85/><W25/><G48/><T35/><D35/><U109/><E109/><V93/><F8/><W13/><G73/><T120/><D120/><U47/><E41/><V53/><REACH who="2" step="1"/><F60/><REACH who="2" ten="171,133,635,51" step="2"/><W23/><REACH who="3" step="1"/><G72/><REACH who="3" ten="171,133,635,41" step="2"/><T38/><D134/><U75/><E75/><V128/><F128/><W10/><G10/><T4/><D11/><U42/><E9/><V74/><F74/><W111/><G111/><T37/><D5/><RYUUKYOKU ba="1,2" sc="171,-15,133,-15,635,15,41,15" hai2="44,50,52,53,55,65,66,67,80,82,93,97,103" hai3="13,19,23,25,27,58,61,78,81,87,95,98,101" /><INIT seed="6,2,2,5,5,119" ten="156,118,650,56" oya="2" hai0="123,40,57,99,60,49,115,20,36,45,76,38,12" hai1="42,4,2,6,70,29,110,37,62,65,1,97,14" hai2="54,79,48,96,43,84,28,98,11,120,30,22,52" hai3="78,69,32,39,10,112,77,27,7,106,21,92,13"/><V131/><F131/><W122/><G106/><T83/><D123/><U18/><E110/><V74/><F74/><W94/><G69/><T111/><D111/><U124/><E29/><V82/><F120/><W101/><G122/><T103/><D115/><U5/><E124/><V114/><F114/><W64/><G39/><T95/><D12/><U132/><E132/><V31/><F43/><W41/><G32/><T34/><D34/><U50/><E37/><V89/><F11/><W117/><G117/><T105/><D20/><U127/><E127/><V16/><F79/><W125/><G125/><T67/><D105/><U33/><E33/><V53/><REACH who="2" step="1"/><F48/><REACH who="2" ten="156,118,640,56" step="2"/><W108/><G78/><T26/><D49/><U35/><E50/><V59/><F59/><W133/><G77/><T102/><D38/><U23/><E42/><V71/><F71/><W130/><G41/><T104/><D36/><U118/><E118/><V47/><F47/><W25/><G130/><T51/><D76/><U63/><E62/><V134/><F134/><W72/><G133/><T126/><D60/><U9/><E9/><V91/><F91/><W107/><G72/><T8/><D126/><U86/><E63/><V15/><AGARI ba="2,3" hai="15,16,22,28,30,31,52,53,54,82,84,89,96,98" machi="15" ten="30,12000,1" yaku="1,1,0,1,8,1,54,2,53,0" doraHai="119" doraHaiUra="46" who="2" fromWho="2" sc="156,-42,118,-42,640,156,56,-42" /><INIT seed="6,3,0,1,2,88" ten="114,76,796,14" oya="2" hai0="2,91,20,40,83,80,33,120,106,76,66,93,26" hai1="107,108,112,49,29,7,100,128,123,97,121,18,65" hai2="94,86,56,12,113,38,51,119,0,50,61,63,132" hai3="17,37,5,125,87,127,71,8,34,3,98,82,122"/><V133/><F0/><W96/><G71/><T27/><D106/><U85/><E108/><V36/><F12/><W74/><G122/><N who="1" m="46602" /><E112/><V44/><F86/><W69/><G69/><T110/><D110/><U43/><E65/><V53/><F94/><W130/><G130/><T4/><D120/><U105/><E29/><V116/><F113/><W102/><G74/><T32/><D66/><U21/><E7/><V135/><F51/><W134/><G134/><T15/><D2/><U35/><E35/><V30/><F30/><W24/><G37/><N who="2" m="14441" /><F63/><W22/><G34/><T124/><D32/><U72/><E85/><V25/><F25/><W89/><REACH who="3" step="1"/><G96/><REACH who="3" ten="114,76,796,4" step="2"/><T55/><D33/><U42/><E72/><V77/><F77/><W11/><G11/><T68/><D76/><U31/><E128/><V84/><F84/><W60/><G60/><T103/><D68/><U28/><E49/><V75/><F75/><W59/><G59/><T101/><D4/><U13/><E97/><V57/><F57/><W129/><G129/><T48/><D48/><U79/><E42/><AGARI ba="3,1" hai="42,44,50,53,56,61,116,119,132,133,135" m="14441" machi="42" ten="40,7700,0" yaku="20,1,34,2" doraHai="88" who="2" fromWho="1" sc="114,0,76,-86,796,96,4,0" owari="114,-8.6,-10,-51.0,892,99.2,4,-39.6" /></mjloggm>