<mjloggm ver="2.3"><GO type="169" lobby="0"/><UN n0="%E7%B4%99%E4%BB%A3%E3%81%AA%E3%81%A4%E3%82%81" n1="%69%54%65%6E%68%6F%75" n2="%41%6E%73%6F%6E%4C%61%6D" n3="%E6%9C%AC%E7%94%B0%E9%80%8F" dan="16,16,16,17" rate="2065.03,2081.96,2100.66,2144.74" sx="F,M,M,F"/><TAIKYOKU oya="0"/><INIT seed="0,0,0,2,3,102" ten="250,250,250,250" oya="0" hai0="29,108,15,107,55,31,134,113,98,69,59,77,109" hai1="14,44,115,120,79,91,4,22,38,96,124,127,58" hai2="95,32,36,60,100,119,42,5,112,118,116,7,45" hai3="92,53,30,103,37,78,23,16,68,46,34,3,24"/><T110/><D113/><U85/><E120/><V49/><F112/><W105/><G68/><T75/><D69/><U104/><E115/><V123/><F123/><W9/><G78/><T52/><D134/><U43/><E58/><V101/><F32/><W62/><G92/><T87/><D75/><U63/><E63/><V6/><F60/><W99/><G62/><T71/><D71/><U133/><E133/><V11/><F11/><W47/><G53/><N who="0" m="20555" /><D15/><U25/><E79/><V54/><REACH who="2" step="1"/><F95/><REACH who="2" ten="250,250,240,250" step="2"/><W76/><G37/><T1/><D1/><U2/><E2/><V122/><F122/><W20/><G20/><T80/><D59/><AGARI ba="0,1" hai="5,6,7,36,42,45,49,54,59,100,101,116,118,119" machi="59" ten="50,3200,0" yaku="1,1,12,1,53,0" doraHai="102" doraHaiUra="19" who="2" fromWho="0" sc="250,-32,250,0,240,42,250,0" /><INIT seed="1,0,0,4,1,83" ten="218,250,282,250" oya="1" hai0="66,41,104,25,92,61,58,132,0,72,11,51,59" hai1="115,38,9,37,110,22,134,80,135,118,84,42,10" hai2="129,93,89,121,57,65,87,67,124,62,49,122,1" hai3="97,36,13,27,128,76,70,107,7,125,88,91,30"/><U15/><E118/><V69/><F124/><W100/><G125/><T114/><D104/><U26/><E115/><V21/><F129/><W14/><G128/><T102/><D72/><U3/><E42/><V73/><F73/><W78/><G36/><T18/><D114/><U85/><E3/><V131/><F131/><W63/><G76/><T8/><D0/><U52/><E110/><V96/><F1/><W130/><G78/><T12/><D132/><N who="1" m="50731" /><E80/><V116/><F116/><W82/><G82/><T16/><D102/><U86/><E52/><V64/><F69/><W113/><G113/><T119/><D119/><U39/><E15/><N who="3" m="5642" /><G7/><T123/><D123/><U71/><E71/><V68/><F68/><W28/><G28/><AGARI ba="0,0" hai="9,10,22,26,28,37,38,39,84,85,86" m="50731" machi="28" ten="40,12000,1" yaku="20,1,52,3" doraHai="83" who="1" fromWho="3" sc="218,0,250,120,282,0,250,-120" /><INIT seed="1,1,0,4,2,29" ten="218,370,282,130" oya="1" hai0="64,3,67,112,56,15,13,19,90,11,17,111,14" hai1="6,125,79,40,119,122,118,84,34,10,62,100,81" hai2="25,116,41,22,134,65,110,89,37,130,98,8,50" hai3="48,68,117,44,105,126,43,127,86,96,120,95,82"/><U74/><E122/><V20/><F116/><W115/><G68/><T52/><D111/><U55/><E40/><V114/><F110/><W21/><G105/><T46/><D112/><U104/><E125/><V69/><F130/><W108/><G108/><T88/><D3/><U1/><E55/><V71/><F134/><W63/><G120/><T26/><D26/><U31/><E62/><V9/><F114/><W85/><G115/><T93/><D46/><U58/><E84/><V18/><F37/><W101/><G117/><T53/><D14/><U12/><E58/><V103/><F89/><W106/><G106/><T128/><D128/><U75/><E12/><V99/><F99/><W72/><G21/><T45/><D45/><U77/><E77/><V131/><F22/><W121/><G121/><T107/><D107/><U23/><E23/><V60/><F131/><W47/><G47/><T113/><D113/><U59/><E59/><N who="2" m="37023" /><F50/><W32/><G63/><N who="0" m="36231" /><D53/><U78/><E100/><V76/><F41/><W123/><G123/><T70/><D70/><U92/><E92/><N who="2" m="58823" /><F76/><W7/><G72/><T83/><D83/><N who="1" m="45527" /><E104/><V80/><F80/><W109/><G109/><T28/><D90/><U57/><E57/><V33/><F71/><W4/><G85/><N who="0" m="52367" /><D28/><U66/><E66/><V87/><F69/><W51/><G51/><T91/><D91/><U97/><E97/><V5/><F25/><AGARI ba="1,0" hai="1,6,10,25,31,34,75,79,81,118,119" m="45527" machi="25" ten="30,2900,0" yaku="23,1,52,1" doraHai="29" who="1" fromWho="2" sc="218,0,370,32,282,-32,130,0" /><INIT seed="1,2,0,2,3,115" ten="218,402,250,130" oya="1" hai0="59,86,100,122,70,103,72,74,61,81,109,135,130" hai1="65,97,131,38,40,68,121,82,16,31,99,20,94" hai2="93,26,117,55,123,44,45,51,36,120,111,92,132" hai3="75,8,56,34,42,6,128,134,64,57,124,32,98"/><U22/><E121/><V129/><F93/><W52/><G75/><T15/><D122/><N who="2" m="46634" /><F92/><W118/><G42/><T87/><D70/><U77/><E131/><V13/><F26/><W114/><G114/><T19/><D130/><U69/><E40/><N who="2" m="22535" /><F13/><W25/><G128/><T7/><D7/><U9/><E38/><V27/><F27/><W60/><G25/><T104/><D104/><U88/><E69/><V116/><F129/><W24/><G24/><T12/><D81/><U110/><E31/><V28/><F28/><W11/><G98/><T18/><D59/><U2/><E110/><V4/><F4/><W91/><G91/><T48/><D109/><U49/><E99/><V39/><F111/><W30/><G30/><T85/><D87/><U37/><E37/><V1/><F1/><W80/><G80/><T73/><D73/><U29/><E29/><V43/><F132/><W46/><G134/><T96/><D135/><U66/><E2/><V95/><F95/><W0/><G8/><T133/><D96/><U79/><E9/><V58/><AGARI ba="2,0" hai="39,43,45,51,55,58,116,117" m="22535,46634" machi="58" ten="30,7900,0" yaku="34,2,52,2" doraHai="115" who="2" fromWho="2" sc="218,-22,402,-41,250,85,130,-22" /><INIT seed="2,0,0,1,1,16" ten="196,361,335,108" oya="2" hai0="11,49,100,68,83,1,99,27,119,12,31,56,10" hai1="33,53,63,85,14,37,52,98,108,107,54,62,126" hai2="9,32,122,121,13,7,28,132,74,125,29,93,115" hai3="87,81,77,17,42,25,0,48,82,6,128,133,112"/><V41/><F93/><W91/><G128/><T97/><D68/><U86/><E33/><V110/><F41/><W90/><G133/><T36/><D36/><U5/><E108/><V88/><F88/><W123/><G123/><N who="2" m="47113" /><F74/><W39/><G112/><T73/><D119/><U60/><E37/><V20/><F115/><W24/><G39/><T109/><D73/><U26/><E126/><V127/><F132/><W30/><G0/><T95/><D83/><U40/><E40/><V102/><F102/><W72/><G6/><T92/><D56/><U3/><E3/><N who="2" m="255" /><F110/><W120/><G120/><T134/><D109/><U18/><E98/><V65/><F65/><W113/><G113/><T57/><D134/><U47/><E107/><V51/><F51/><W79/><G48/><T34/><D57/><U21/><E47/><V135/><F135/><W106/><G106/><T129/><D49/><U94/><E94/><V15/><F32/><W38/><G38/><T78/><D78/><U23/><REACH who="1" step="1"/><E5/><REACH who="1" ten="196,351,335,108" step="2"/><V67/><F67/><W44/><G44/><T70/><D95/><U101/><E101/><V46/><F46/><W130/><G42/><T19/><D100/><U84/><E84/><V116/><F116/><W96/><G96/><T66/><D92/><U117/><E117/><V114/><F114/><W55/><G87/><T131/><D97/><U45/><E45/><V4/><F4/><W89/><G72/><T80/><D99/><U43/><E43/><V111/><F111/><W118/><G118/><T105/><D66/><U76/><E76/><V58/><F127/><W104/><G79/><RYUUKYOKU ba="0,1" sc="196,-10,351,30,335,-10,108,-10" hai1="14,18,21,23,26,52,53,54,60,62,63,85,86" /><INIT seed="3,1,1,1,0,100" ten="186,381,325,98" oya="3" hai0="104,128,53,6,10,48,23,25,27,19,105,31,81" hai1="43,86,57,14,84,44,78,118,35,59,36,108,7" hai2="96,12,92,106,38,1,13,18,97,47,88,127,98" hai3="80,11,15,73,0,33,126,26,5,82,121,70,76"/><W29/><G121/><T119/><D119/><U99/><E35/><V132/><F127/><W111/><G126/><T45/><D128/><U134/><E108/><V103/><F132/><W116/><G116/><T114/><D114/><U20/><E134/><V115/><F1/><W72/><G111/><T74/><D74/><U55/><E59/><V67/><F115/><W34/><G15/><T83/><D83/><U46/><E46/><V102/><F67/><W64/><G33/><T71/><D71/><U40/><E40/><V50/><F38/><W75/><REACH who="3" step="1"/><G80/><REACH who="3" ten="186,381,325,88" step="2"/><T101/><D81/><U9/><E118/><V87/><F13/><W95/><G95/><T3/><D101/><U69/><E14/><V79/><F103/><W89/><G89/><T66/><REACH who="0" step="1"/><D66/><REACH who="0" ten="176,381,325,88" step="2"/><U117/><E117/><V49/><F79/><W77/><G77/><T28/><D28/><U61/><E78/><V112/><F112/><W90/><G90/><T60/><D60/><AGARI ba="1,3" hai="0,5,11,26,29,34,60,64,70,72,73,75,76,82" machi="60" ten="40,18000,2" yaku="1,1,33,3,53,3" doraHai="100" doraHaiUra="107" who="3" fromWho="0" sc="176,-183,381,0,325,0,88,213" owari="-7,-50.7,381,48.1,325,12.5,301,-9.9" /></mjloggm>