<mjloggm ver="2.3"><GO type="169" lobby="0"/><UN n0="%E3%82%B9%E3%82%BA%E3%83%A4" n1="%E5%A4%A2%E4%BB%98%E3%81%8D" n2="%48%69%62%69%6B%69" n3="%6B%69%72%61%72%69%79%75" dan="16,16,16,16" rate="2132.83,2088.80,2105.27,2099.11" sx="M,M,F,M"/><TAIKYOKU oya="0"/><INIT seed="0,0,0,0,3,49" ten="250,250,250,250" oya="0" hai0="112,116,93,130,69,50,98,128,105,70,55,11,120" hai1="97,15,107,43,14,96,45,65,21,20,0,54,124" hai2="87,72,35,46,75,135,127,52,84,111,94,17,63" hai3="23,90,106,41,126,104,2,78,57,10,62,92,110"/><T53/><D112/><U85/><E0/><V33/><F111/><W83/><G110/><T115/><D115/><U89/><E65/><V42/><F127/><W40/><G126/><T28/><D116/><U67/><E124/><V125/><F125/><W119/><G119/><T38/><D120/><U113/><E67/><V39/><F135/><W73/><G106/><T108/><D108/><U16/><E107/><V13/><F75/><W101/><G23/><T56/><D38/><U77/><E77/><V30/><F30/><W86/><G10/><T12/><D28/><U71/><E71/><V80/><F94/><W59/><G2/><T64/><D105/><U36/><E113/><V25/><F72/><W4/><G59/><T109/><D109/><U60/><E15/><V82/><F25/><W123/><G4/><T47/><D64/><U134/><E20/><V95/><F95/><W91/><G91/><N who="0" m="55615" /><D12/><U100/><E134/><V99/><F99/><N who="3" m="61503" /><G123/><T9/><D70/><U88/><E100/><V79/><F13/><W22/><G22/><T68/><D68/><U26/><E14/><V122/><F17/><W6/><G6/><T103/><D69/><U31/><E31/><V133/><F133/><W18/><G18/><T34/><D34/><U3/><E3/><V81/><F122/><W66/><AGARI ba="0,0" hai="40,41,57,62,66,73,78,83,86,90,92" m="61503" machi="66" ten="30,1100,0" yaku="24,1" doraHai="49" who="3" fromWho="3" sc="250,-5,250,-3,250,-3,250,11" /><INIT seed="1,0,0,5,5,105" ten="245,247,247,261" oya="1" hai0="22,107,128,130,116,4,57,16,61,81,98,50,51" hai1="0,111,8,2,122,92,60,52,58,46,129,109,123" hai2="93,40,47,15,25,85,103,37,133,65,132,59,7" hai3="27,55,120,110,6,125,71,23,1,19,38,73,79"/><U114/><E114/><V95/><F25/><W102/><G120/><N who="1" m="46122" /><E129/><N who="0" m="49769" /><D4/><U100/><E8/><N who="2" m="4511" /><F103/><W43/><G102/><N who="0" m="62935" /><D81/><U13/><E13/><V28/><F28/><W72/><G79/><T66/><D116/><U96/><E46/><V48/><F85/><W36/><G125/><T97/><D97/><U20/><E20/><V70/><F95/><W42/><G71/><T30/><D30/><U56/><E58/><V115/><F93/><W101/><G101/><T32/><D32/><U135/><E135/><N who="2" m="51787" /><F115/><W108/><G55/><T53/><D53/><U31/><E31/><V87/><F87/><W113/><G113/><T45/><D45/><U74/><E74/><N who="3" m="28778" /><G38/><T9/><D9/><U83/><E83/><V12/><F12/><AGARI ba="0,0" hai="12,16,22,50,51,57,61,66" m="62935,49769" machi="12" ten="30,2000,0" yaku="19,1,54,1" doraHai="105" who="0" fromWho="2" sc="245,20,247,0,247,-20,261,0" /><INIT seed="2,0,0,5,3,11" ten="265,247,227,261" oya="2" hai0="76,34,50,108,81,97,125,87,55,44,26,18,35" hai1="30,45,13,88,29,80,70,39,20,132,95,15,96" hai2="131,84,24,134,130,115,126,133,41,99,122,4,83" hai3="2,117,14,17,28,110,16,46,78,6,61,90,10"/><V52/><F122/><W113/><G110/><T19/><D108/><U104/><E70/><V75/><F115/><W33/><G117/><T63/><D125/><U56/><E132/><N who="2" m="50795" /><F41/><W31/><G78/><T53/><D97/><U25/><E104/><V85/><F4/><W51/><G113/><T47/><D63/><U8/><E39/><V93/><F24/><W123/><G123/><T120/><D120/><U111/><E111/><V124/><F75/><W65/><G33/><T36/><D36/><U59/><E45/><V21/><F21/><W121/><G121/><T101/><D101/><N who="1" m="60575" /><E30/><V66/><F52/><N who="3" m="29815" /><G90/><T73/><D73/><U100/><E100/><N who="2" m="60527" /><F66/><W98/><G98/><T71/><D71/><U107/><E107/><V118/><F118/><W68/><G68/><T1/><D1/><U0/><E0/><V38/><F38/><W43/><G43/><T77/><D35/><U37/><E37/><V86/><F83/><W42/><G42/><T74/><D34/><U9/><E9/><V27/><F27/><W112/><G112/><T54/><D26/><U62/><E8/><V48/><F48/><W69/><G69/><T103/><D50/><U89/><E59/><V109/><F109/><W106/><G106/><T119/><D119/><U127/><E127/><AGARI ba="0,0" hai="84,85,86,124,126,127,130,131" m="60527,50795" machi="127" ten="40,18000,2" yaku="30,2,18,1,20,1,34,2" doraHai="11" who="2" fromWho="1" sc="265,0,247,-180,227,180,261,0" /><INIT seed="2,1,0,2,3,98" ten="265,67,407,261" oya="2" hai0="62,86,9,75,39,47,42,112,52,81,26,129,27" hai1="4,40,55,66,121,18,44,8,15,5,108,58,89" hai2="29,74,1,17,123,91,57,23,115,82,125,63,95" hai3="0,94,64,79,88,3,37,32,117,107,80,61,31"/><V68/><F123/><W24/><G107/><T111/><D112/><U54/><E108/><V10/><F68/><W105/><G105/><T67/><D111/><U11/><E121/><V59/><F115/><W50/><G50/><T53/><D75/><U6/><E66/><V83/><F125/><W33/><G33/><T103/><D129/><U13/><E89/><V131/><F131/><W76/><G37/><T124/><D124/><U87/><E87/><V130/><F130/><W100/><G100/><T101/><D9/><U41/><E55/><V116/><F116/><W7/><G7/><T109/><D109/><U22/><E44/><V73/><F73/><W110/><G110/><T120/><D26/><U69/><E69/><V65/><F59/><W133/><G133/><T135/><D27/><U128/><E128/><V12/><F74/><W51/><G51/><T49/><D135/><U134/><E134/><V97/><F1/><W30/><G30/><T84/><D120/><U20/><E20/><V60/><F63/><W38/><G38/><T28/><D28/><U34/><E34/><V21/><F21/><W96/><G117/><T70/><D53/><U99/><E99/><V72/><F72/><W48/><G48/><T126/><D86/><U90/><E4/><V114/><F114/><W36/><G36/><T35/><D126/><U93/><E54/><V56/><F56/><N who="3" m="36903" /><G79/><N who="0" m="46143" /><D35/><U113/><E113/><V118/><F118/><W45/><G45/><T16/><D16/><U122/><E122/><V14/><F29/><W132/><G132/><T19/><D19/><AGARI ba="1,0" hai="10,12,14,17,19,23,57,60,65,82,83,91,95,97" machi="19" ten="30,2900,0" yaku="7,1,8,1" doraHai="98" who="2" fromWho="0" sc="265,-32,67,0,407,32,261,0" /><INIT seed="2,2,0,3,5,68" ten="233,67,439,261" oya="2" hai0="45,52,107,46,74,11,13,110,96,60,37,19,7" hai1="102,77,106,124,12,119,132,17,49,20,133,123,48" hai2="32,55,120,125,66,135,71,95,6,88,51,115,86" hai3="64,22,50,33,105,41,75,130,83,78,5,24,109"/><V15/><F120/><W103/><G109/><T16/><D74/><U122/><E119/><V117/><F117/><W93/><G130/><T3/><D110/><U56/><E77/><V0/><F115/><W121/><G121/><N who="1" m="46090" /><E56/><V9/><F125/><W112/><G112/><T47/><D37/><U81/><E81/><V82/><F135/><N who="1" m="51785" /><E124/><V2/><F32/><W114/><G33/><T63/><D19/><U44/><E44/><V92/><F66/><W1/><G64/><T59/><D96/><AGARI ba="2,0" hai="12,17,20,48,49,96,102,106" m="51785,46090" machi="96" ten="30,2000,0" yaku="13,1,20,1" doraHai="68" who="1" fromWho="0" sc="233,-26,67,26,439,0,261,0" /><INIT seed="3,0,0,5,3,10" ten="207,93,439,261" oya="3" hai0="55,90,77,83,101,39,17,135,5,59,68,61,46" hai1="85,128,48,30,131,127,76,96,64,103,108,104,14" hai2="8,70,106,67,122,36,52,43,118,105,19,120,57" hai3="99,75,110,35,124,107,91,113,102,24,74,38,125"/><W31/><G113/><T22/><D135/><U130/><E64/><V15/><F118/><W51/><G38/><T134/><D134/><U4/><E30/><V33/><F33/><W32/><G32/><T97/><D90/><U79/><E108/><V66/><F43/><W117/><G117/><T81/><D68/><U6/><E127/><N who="3" m="48714" /><G51/><T87/><D5/><N who="1" m="2155" /><E85/><V73/><F36/><W93/><G110/><T28/><D28/><U111/><E111/><V78/><F73/><W71/><G71/><T62/><D83/><U40/><E14/><V45/><F70/><W132/><G132/><T25/><D39/><U133/><E133/><V49/><F78/><W47/><G47/><AGARI ba="0,0" hai="40,47,48,76,79,96,103,104,128,130,131" m="2155" machi="47" ten="40,1300,0" yaku="19,1" doraHai="10" who="1" fromWho="3" sc="207,0,93,13,439,0,261,-13" /><INIT seed="4,0,0,0,5,118" ten="207,106,439,248" oya="0" hai0="95,120,91,65,55,1,37,97,57,51,59,106,26" hai1="24,124,46,75,73,70,121,69,36,128,131,103,63" hai2="96,62,50,42,117,47,60,98,122,43,127,115,130" hai3="53,66,34,31,135,12,99,10,18,45,105,22,15"/><T0/><D37/><U112/><E103/><V116/><F122/><W6/><G135/><T25/><D120/><U132/><E24/><V58/><F115/><W90/><G66/><T5/><D106/><U100/><E100/><V134/><F134/><W8/><G105/><T86/><D0/><U77/><E132/><V109/><F109/><W93/><G34/><T9/><REACH who="0" step="1"/><D97/><REACH who="0" ten="197,106,439,248" step="2"/><U17/><E121/><V110/><F98/><W129/><G129/><T123/><D123/><U2/><E112/><V23/><F96/><W39/><G39/><T56/><D56/><U133/><E133/><V104/><F104/><W79/><G99/><T48/><D48/><U111/><E2/><V82/><F130/><W71/><G71/><T14/><D14/><U28/><E69/><V3/><F3/><W21/><G15/><T13/><D13/><U114/><E70/><V74/><F58/><W64/><G12/><T54/><D54/><U84/><E114/><V30/><F116/><W35/><G53/><T16/><D16/><U41/><E17/><V27/><F117/><W81/><G18/><T87/><D87/><U67/><E84/><V102/><F102/><W94/><G31/><T113/><D113/><U83/><E28/><V78/><F30/><W72/><G72/><T52/><D52/><U88/><E73/><V33/><F74/><W126/><G64/><T107/><D107/><U49/><E36/><V40/><F50/><W101/><G101/><T4/><D4/><U19/><E49/><V85/><F85/><W108/><G6/><T29/><D29/><U20/><E128/><RYUUKYOKU ba="0,1" sc="197,30,106,-10,439,-10,248,-10" hai0="1,5,9,25,26,51,55,57,59,65,86,91,95" /><INIT seed="4,1,1,3,0,7" ten="227,96,429,238" oya="0" hai0="98,45,6,30,46,72,31,91,111,21,32,124,40" hai1="113,127,39,15,95,74,75,109,78,117,11,101,108" hai2="92,22,119,61,93,107,130,43,1,88,134,118,79" hai3="57,77,48,69,25,81,37,102,112,64,8,70,115"/><T36/><D124/><U63/><E117/><N who="2" m="44555" /><F107/><W52/><G37/><T131/><D131/><U19/><E127/><V99/><F130/><W122/><G122/><T66/><D111/><U54/><E39/><V58/><F1/><W67/><G102/><T12/><D72/><U60/><E113/><N who="3" m="43594" /><G25/><T55/><D66/><N who="3" m="25129" /><G8/><T83/><D32/><U35/><E35/><V33/><F33/><W65/><N who="3" m="25137" /><W24/><DORA hai="121" /><G24/><T50/><D21/><U86/><E63/><V125/><F22/><W120/><G120/><T114/><D114/><U47/><E75/><AGARI ba="1,1" hai="48,52,57,69,70,75,77,81" m="25137,43594" machi="75" ten="40,2600,0" yaku="15,1,54,1" doraHai="7,121" who="3" fromWho="1" sc="227,0,96,-29,429,0,238,39" /><INIT seed="5,0,0,1,0,39" ten="227,67,429,277" oya="1" hai0="20,124,43,61,54,31,59,50,51,6,90,65,46" hai1="57,48,9,66,72,106,27,102,82,33,107,104,37" hai2="69,85,76,56,88,83,63,118,45,2,58,134,42" hai3="114,10,40,28,121,95,74,73,53,60,8,113,117"/><U67/><E37/><V89/><F118/><W91/><G121/><T21/><D124/><U99/><E9/><V11/><F134/><W1/><G28/><T109/><D109/><U105/><E33/><V62/><F2/><W87/><G117/><T122/><D122/><U103/><E102/><V130/><F130/><W135/><G135/><T5/><D90/><N who="2" m="34922" /><F69/><W70/><G40/><T116/><D116/><U55/><REACH who="1" step="1"/><E27/><REACH who="1" ten="227,57,429,277" step="2"/><V120/><F11/><W123/><G10/><T18/><D21/><U78/><AGARI ba="0,1" hai="48,55,57,66,67,72,78,82,99,103,104,105,106,107" machi="78" ten="40,7800,0" yaku="1,1,2,1,0,1,53,0" doraHai="39" doraHaiUra="0" who="1" fromWho="1" sc="227,-26,57,88,429,-26,277,-26" /><INIT seed="5,1,0,3,0,56" ten="201,145,403,251" oya="1" hai0="75,37,104,93,28,27,82,40,33,132,109,0,50" hai1="83,127,103,74,106,24,20,45,5,34,12,112,67" hai2="29,81,42,79,57,26,85,25,14,100,88,39,122" hai3="35,73,51,72,89,58,98,126,38,134,46,129,19"/><U101/><E34/><V102/><F122/><W115/><G35/><T2/><D109/><U17/><E112/><V47/><F26/><W84/><G115/><T124/><D132/><U65/><E127/><V125/><F125/><W30/><G134/><T77/><D124/><U130/><E130/><V107/><F107/><W8/><G30/><T52/><D104/><U92/><E106/><V7/><F57/><W80/><G126/><T105/><D105/><U99/><E103/><V48/><F39/><W41/><G98/><T111/><D111/><U18/><E5/><V114/><F114/><W59/><G59/><T3/><D93/><U70/><E45/><V11/><REACH who="2" step="1"/><F88/><REACH who="2" ten="201,145,393,251" step="2"/><W71/><G89/><T128/><D37/><U97/><E97/><V1/><F1/><W108/><G38/><T4/><D128/><U36/><E36/><V113/><F113/><W87/><G58/><T66/><D66/><U76/><REACH who="1" step="1"/><E70/><REACH who="1" ten="201,135,393,251" step="2"/><V63/><F63/><W61/><G61/><T96/><D96/><U13/><E13/><V78/><F78/><W49/><G71/><T135/><D77/><U69/><E69/><V133/><F133/><W32/><G129/><T131/><D2/><U10/><AGARI ba="1,2" hai="10,12,17,18,20,24,65,67,74,76,83,92,99,101" machi="10" ten="20,7800,0" yaku="1,1,0,1,7,1,53,1" doraHai="56" doraHaiUra="90" who="1" fromWho="1" sc="201,-27,135,101,393,-27,251,-27" /><INIT seed="5,2,0,5,5,52" ten="174,236,366,224" oya="1" hai0="6,55,133,8,1,113,129,112,67,127,119,90,128" hai1="44,93,81,59,105,12,19,7,49,9,98,58,84" hai2="118,13,31,26,103,11,39,62,10,18,32,122,25" hai3="23,46,124,43,110,68,97,106,0,33,36,102,125"/><U95/><E105/><V66/><F39/><W56/><G110/><T74/><D119/><U104/><E104/><V111/><F111/><W16/><G33/><T134/><D74/><U87/><E87/><V101/><F118/><W51/><G68/><T61/><D55/><N who="1" m="30119" /><E7/><V89/><F122/><W40/><G0/><T41/><D41/><U45/><E45/><V70/><F26/><W76/><G76/><T53/><D53/><U75/><E75/><V20/><F89/><W82/><G82/><T5/><D90/><N who="1" m="51471" /><E95/><V115/><F115/><N who="0" m="44106" /><D6/><U24/><E24/><V108/><F108/><W21/><G21/><T88/><D88/><AGARI ba="2,0" hai="9,12,19,58,59,88,93,98" m="51471,30119" machi="88" ten="30,12000,1" yaku="25,1,8,1,52,2,54,1" doraHai="52" who="1" fromWho="0" sc="174,-126,236,126,366,0,224,0" /><INIT seed="5,3,0,1,5,11" ten="48,362,366,224" oya="1" hai0="69,42,91,45,39,18,41,21,76,75,48,72,131" hai1="63,59,37,64,53,124,95,84,107,0,47,99,68" hai2="102,120,78,123,98,115,28,56,121,77,101,118,10" hai3="104,17,106,132,34,54,44,125,85,119,67,15,6"/><U35/><E0/><V1/><F118/><W49/><G119/><T70/><D131/><U40/><E35/><V133/><F133/><W127/><G132/><T105/><D105/><U89/><E124/><N who="3" m="47690" /><G34/><T111/><D111/><U74/><E74/><V8/><F28/><W30/><G30/><T100/><D100/><U90/><E107/><V13/><F56/><W52/><G6/><T5/><D5/><U66/><REACH who="1" step="1"/><E68/><REACH who="1" ten="48,352,366,224" step="2"/><V92/><F1/><W38/><G106/><T43/><D75/><U19/><E19/><V87/><F121/><W81/><G104/><T103/><D18/><U51/><E51/><V33/><F120/><W23/><G38/><T122/><D48/><U113/><E113/><V135/><F33/><W14/><G67/><T86/><D72/><U57/><E57/><V24/><F123/><W2/><G2/><T4/><D39/><U27/><E27/><V12/><F24/><N who="3" m="14447" /><G54/><T16/><D122/><U29/><E29/><V128/><F135/><W82/><G82/><AGARI ba="3,1" hai="37,40,47,53,59,63,64,66,82,84,89,90,95,99" machi="82" ten="30,5800,0" yaku="1,1,7,1,53,1" doraHai="11" doraHaiUra="80" who="1" fromWho="3" sc="48,0,352,77,366,0,224,-67" /><INIT seed="5,4,0,5,4,14" ten="48,429,366,157" oya="1" hai0="100,55,81,98,109,42,36,19,40,6,70,95,110" hai1="53,3,45,124,21,54,30,105,60,125,115,127,112" hai2="83,34,107,85,49,28,114,118,33,68,129,59,47" hai3="17,82,104,15,76,37,71,90,120,128,24,10,74"/><U38/><E3/><V122/><F68/><W123/><G128/><T9/><D70/><U130/><E105/><V50/><F122/><W75/><G37/><T63/><D81/><U87/><E130/><V126/><F129/><W18/><G71/><T111/><D36/><U0/><E0/><V72/><F72/><W35/><G75/><T67/><D55/><N who="1" m="21003" /><E87/><V93/><F59/><W77/><G77/><T80/><D80/><U108/><E21/><V97/><F107/><W64/><G64/><T66/><D6/><U20/><E30/><V96/><F118/><W11/><G104/><T89/><D100/><U103/><E103/><V12/><F28/><W116/><G116/><T39/><D39/><U27/><E108/><V8/><F96/><W23/><G35/><T32/><D32/><U56/><E20/><V48/><F33/><W84/><REACH who="3" step="1"/><G10/><REACH who="3" ten="48,429,366,147" step="2"/><T62/><D67/><U134/><E38/><V99/><F34/><W5/><G5/><T22/><D9/><U102/><E125/><V65/><F126/><W106/><G106/><T113/><D113/><U16/><E124/><V57/><F114/><W79/><G79/><T135/><D135/><U58/><E127/><V2/><F65/><W52/><G52/><T86/><D66/><U132/><E134/><V41/><F8/><W133/><G133/><T31/><D110/><U101/><E132/><V43/><F43/><W69/><G69/><T13/><D111/><U117/><E115/><V78/><F41/><N who="0" m="15978" /><D109/><U121/><E112/><V94/><F78/><W92/><AGARI ba="4,1" hai="11,15,17,18,23,24,74,76,82,84,90,92,120,123" machi="92" ten="20,12000,2" yaku="1,1,0,1,7,1,52,2,53,2" doraHai="14" doraHaiUra="119" who="3" fromWho="3" sc="48,-34,429,-64,366,-34,147,142" /><INIT seed="6,0,0,2,2,8" ten="14,365,332,289" oya="2" hai0="28,1,20,55,60,53,82,26,100,15,44,124,110" hai1="109,96,42,13,14,10,70,0,78,75,9,74,62" hai2="131,123,27,103,32,23,111,126,41,73,87,130,116" hai3="106,85,66,117,91,57,54,132,99,115,61,102,86"/><V4/><F73/><W64/><G117/><T25/><D110/><U22/><E109/><V92/><F111/><W127/><G127/><T90/><D1/><U80/><E75/><V119/><F123/><W16/><G132/><T98/><D124/><U122/><E122/><V89/><F126/><W135/><G135/><T68/><D68/><U108/><E108/><V133/><F133/><W12/><G115/><T11/><D60/><U39/><E22/><V47/><F4/><W50/><G91/><T113/><D113/><U31/><E96/><V46/><F32/><W3/><G3/><T72/><D72/><U71/><E31/><V128/><F103/><W35/><G35/><T18/><D44/><N who="2" m="16938" /><F41/><W58/><REACH who="3" step="1"/><G66/><REACH who="3" ten="14,365,332,279" step="2"/><T83/><D90/><U24/><E0/><V45/><N who="2" m="16946" /><V5/><DORA hai="129" /><F5/><W63/><G63/><T49/><D26/><U125/><E62/><V7/><F7/><W97/><G97/><T134/><D134/><U48/><E125/><V21/><F21/><AGARI ba="0,1" hai="12,16,21,50,54,57,58,61,64,85,86,99,102,106" machi="21" ten="30,7700,0" yaku="1,1,7,1,52,1,54,1,53,0" doraHai="8,129" doraHaiUra="69,30" who="3" fromWho="2" sc="14,0,365,0,332,-77,279,87" /><INIT seed="7,0,0,5,3,119" ten="14,365,255,366" oya="3" hai0="86,62,23,9,73,81,70,63,53,27,51,1,66" hai1="128,38,99,41,45,95,40,121,125,47,21,48,68" hai2="61,129,25,17,74,16,33,72,112,44,55,134,60" hai3="13,88,105,108,11,52,34,26,8,96,110,120,46"/><W20/><G120/><T122/><D73/><U56/><E68/><V57/><F112/><W43/><G34/><T123/><D63/><U90/><E121/><V104/><F104/><W93/><G52/><T50/><D9/><U115/><E115/><V82/><F134/><W35/><G35/><T65/><D1/><U58/><E128/><V15/><F129/><W98/><G98/><T14/><D14/><U127/><E21/><V64/><F82/><W117/><G105/><T31/><D51/><U130/><E130/><V116/><F116/><W37/><G117/><T24/><D24/><U103/><E103/><V89/><F89/><W54/><G54/><T69/><D69/><U2/><E2/><V109/><F109/><N who="3" m="42091" /><G13/><T92/><D92/><U87/><E99/><V7/><F7/><W49/><G49/><T107/><D66/><U30/><E30/><AGARI ba="0,0" hai="8,11,20,26,30,37,43,46,88,93,96" m="42091" machi="30" ten="30,2900,0" yaku="10,1,54,1" doraHai="119" who="3" fromWho="1" sc="14,0,365,-29,255,0,366,29" owari="14,-48.6,336,13.6,255,-14.5,395,49.5" /></mjloggm>