<mjloggm ver="2.3"><GO type="169" lobby="0"/><UN n0="%E4%BD%90%E8%97%A4%E3%82%AB%E3%82%A4%E3%82%B8" n1="%6B%6F%6D%6F%73%73" n2="%67%78%7A" n3="%E3%81%9F%E3%81%BE%E5%AD%90" dan="17,16,18,17" rate="2187.49,2126.92,2266.11,2246.72" sx="F,F,F,M"/><TAIKYOKU oya="0"/><INIT seed="0,0,0,4,5,0" ten="250,250,250,250" oya="0" hai0="20,17,65,44,115,134,92,97,74,14,39,87,28" hai1="8,27,26,24,123,96,45,38,57,107,1,48,66" hai2="68,99,127,113,67,33,58,54,40,61,90,72,85" hai3="86,35,11,111,21,119,41,105,13,133,16,73,32"/><T81/><D115/><U101/><E123/><V104/><F113/><W46/><G73/><T56/><D134/><U84/><E84/><V47/><F127/><W98/><G119/><T83/><D74/><U6/><E38/><V30/><F72/><W49/><G133/><T120/><D120/><U50/><REACH who="1" step="1"/><E45/><REACH who="1" ten="250,240,250,250" step="2"/><V60/><F47/><W77/><G111/><T106/><D39/><U121/><E121/><V29/><F40/><W95/><G105/><T15/><D106/><U94/><E94/><V125/><F125/><W75/><G86/><T31/><D44/><U70/><E70/><V78/><F104/><W109/><G109/><T59/><D83/><U126/><E126/><V25/><F85/><W110/><G110/><T108/><D108/><U18/><E18/><V10/><F78/><W102/><REACH who="3" step="1"/><G11/><REACH who="3" ten="250,240,250,240" step="2"/><T118/><D87/><U124/><E124/><V37/><F10/><W80/><AGARI ba="0,2" hai="13,16,21,32,35,41,46,49,75,77,80,95,98,102" machi="80" ten="30,7900,0" yaku="1,1,2,1,0,1,54,1,53,0" doraHai="0" doraHaiUra="82" who="3" fromWho="3" sc="250,-39,240,-20,250,-20,240,99" /><INIT seed="1,0,0,3,5,99" ten="211,220,230,339" oya="1" hai0="78,97,130,40,2,69,19,13,18,135,112,71,79" hai1="84,128,20,114,22,42,56,5,68,59,52,106,46" hai2="101,54,89,53,10,86,118,87,134,0,15,117,73" hai3="21,96,17,67,75,36,44,65,133,120,76,29,63"/><U33/><E114/><V39/><F73/><W98/><G120/><T103/><D112/><U11/><E128/><V122/><F0/><W47/><G133/><T80/><D2/><U26/><E68/><V105/><F122/><W104/><G29/><T93/><D135/><U28/><E106/><V27/><F134/><W9/><G9/><T6/><D130/><U4/><E84/><V72/><F72/><W94/><G104/><T30/><D79/><U132/><E59/><V83/><F39/><W12/><G98/><T45/><D6/><U123/><E123/><V62/><F27/><W91/><G36/><T119/><D30/><U108/><E108/><V7/><F62/><W100/><G91/><T102/><D119/><U121/><E121/><V8/><F8/><W55/><G55/><T127/><D127/><U37/><E4/><V51/><F86/><W82/><REACH who="3" step="1"/><G67/><REACH who="3" ten="211,220,230,329" step="2"/><T111/><D111/><U1/><REACH who="1" step="1"/><E132/><REACH who="1" ten="211,210,230,329" step="2"/><V124/><F124/><W43/><G43/><T41/><D41/><U81/><E81/><V109/><F109/><W50/><G50/><AGARI ba="0,2" hai="1,5,11,20,22,26,28,33,37,42,46,50,52,56" machi="50" ten="30,5800,0" yaku="1,1,7,1,54,1,53,0" doraHai="99" doraHaiUra="61" who="1" fromWho="3" sc="211,0,210,78,230,0,329,-58" /><INIT seed="1,1,0,0,0,126" ten="211,288,230,271" oya="1" hai0="54,50,70,86,134,24,57,85,128,131,36,61,93" hai1="133,55,121,2,35,53,59,100,90,84,34,49,71" hai2="94,77,48,81,10,5,30,103,52,18,112,14,83" hai3="68,91,132,1,56,118,75,135,42,110,116,51,117"/><U99/><E121/><V124/><F124/><W33/><G1/><T46/><D134/><N who="3" m="51241" /><G33/><T7/><D7/><U115/><E71/><V63/><F112/><W104/><G104/><T58/><D70/><U64/><E64/><V92/><F30/><W130/><G75/><T3/><D3/><U123/><E115/><V87/><F63/><W69/><G91/><T66/><D24/><U89/><E2/><V11/><F103/><W95/><G95/><T120/><D120/><U38/><E38/><V44/><REACH who="2" step="1"/><F83/><REACH who="2" ten="211,288,220,271" step="2"/><W41/><G110/><T28/><D28/><U16/><E100/><V17/><F17/><W80/><G80/><T20/><D93/><U37/><E16/><V23/><F23/><W25/><G116/><T101/><D101/><U22/><E123/><V32/><F32/><W74/><G118/><T73/><D20/><U113/><E22/><V39/><F39/><W127/><G117/><T79/><D36/><U122/><E37/><V40/><F40/><W12/><G41/><T108/><D108/><U102/><E102/><V43/><F43/><W98/><G42/><T0/><D61/><N who="1" m="36079" /><E113/><V27/><F27/><W60/><G25/><T15/><D50/><U105/><E133/><V114/><F114/><W96/><G51/><T29/><D29/><U76/><E122/><V88/><F88/><W129/><G127/><T82/><D82/><N who="1" m="47175" /><E89/><V6/><F6/><W47/><G60/><T26/><D26/><U45/><E90/><V4/><F4/><W125/><G125/><T13/><D79/><U119/><E119/><V9/><F9/><W107/><G107/><RYUUKYOKU ba="1,1" sc="211,-15,288,15,220,15,271,-15" hai1="34,35,45,49,55,99,105" hai2="5,10,11,14,18,44,48,52,77,81,87,92,94" /><INIT seed="1,2,1,5,0,94" ten="196,303,235,256" oya="1" hai0="22,123,28,87,79,54,8,63,23,33,7,128,75" hai1="133,126,15,41,84,82,11,18,93,60,76,111,40" hai2="81,5,116,86,68,56,17,102,118,71,130,9,57" hai3="58,89,64,47,13,32,92,78,37,100,46,6,109"/><U77/><E126/><V65/><F130/><W48/><G109/><T127/><D75/><U4/><E133/><V10/><F17/><W42/><G32/><T98/><D128/><U134/><E134/><V95/><F65/><W45/><G100/><T24/><D127/><U99/><E111/><V67/><F67/><W69/><G78/><T21/><D123/><U1/><E77/><V107/><F95/><W29/><G29/><T31/><D31/><U72/><E72/><V70/><F102/><W12/><G69/><T38/><D38/><U115/><E60/><V119/><F107/><W96/><G37/><T66/><D54/><U104/><E104/><V30/><F30/><W105/><G105/><T44/><D44/><N who="3" m="17001" /><G6/><T14/><D98/><U26/><E26/><V43/><F43/><W120/><G120/><T0/><D87/><U103/><REACH who="1" step="1"/><E115/><REACH who="1" ten="196,293,235,256" step="2"/><V91/><F118/><W73/><G73/><T113/><D79/><U132/><E132/><V16/><F119/><W117/><G117/><T110/><D110/><U106/><E106/><V121/><F116/><W39/><G39/><T36/><D113/><U49/><E49/><V125/><F125/><W83/><G83/><T85/><D36/><U20/><AGARI ba="2,2" hai="1,4,11,15,18,20,40,41,76,82,84,93,99,103" machi="20" ten="20,12000,1" yaku="1,1,0,1,7,1,52,1,53,1" doraHai="94" doraHaiUra="97" who="1" fromWho="1" sc="196,-42,293,146,235,-42,256,-42" /><INIT seed="1,3,0,3,4,29" ten="154,439,193,214" oya="1" hai0="120,34,27,60,53,0,95,39,134,33,11,52,116" hai1="23,4,74,125,57,118,58,124,121,104,79,43,45" hai2="17,46,19,3,14,107,32,92,115,16,91,119,127" hai3="123,41,1,131,63,70,59,129,85,5,48,81,106"/><U65/><E118/><V37/><F119/><W126/><G123/><T8/><D116/><U80/><E121/><V130/><F107/><W89/><G126/><N who="1" m="48746" /><E104/><V90/><F3/><W49/><G106/><T112/><D112/><U132/><E132/><V101/><F127/><W68/><G5/><T128/><D120/><U96/><E96/><V12/><F115/><W15/><G15/><T113/><D113/><U83/><E65/><V35/><F130/><N who="3" m="49675" /><G1/><T38/><D128/><U28/><E80/><V22/><F101/><W86/><G86/><T24/><D0/><U135/><E4/><V69/><F69/><N who="3" m="26731" /><G41/><T77/><D134/><U64/><E64/><AGARI ba="3,0" hai="48,49,59,63,64,81,85,89" m="26731,49675" machi="64" ten="30,1000,0" yaku="19,1" doraHai="29" who="3" fromWho="1" sc="154,0,439,-19,193,0,214,19" /><INIT seed="2,0,0,4,2,5" ten="154,420,193,233" oya="2" hai0="88,56,97,80,119,52,132,64,58,51,26,66,60" hai1="1,65,103,94,82,37,113,95,116,42,123,85,57" hai2="25,62,69,31,112,72,92,21,76,20,12,53,108" hai3="121,15,104,19,23,77,33,59,6,74,68,45,8"/><V134/><F112/><W67/><G121/><T98/><D132/><U118/><E113/><V93/><F134/><W90/><G104/><T124/><D124/><U27/><E1/><V105/><F105/><W48/><G33/><T36/><D36/><U54/><E65/><V44/><F108/><W129/><G129/><T122/><D122/><U126/><E123/><V87/><F72/><W130/><G130/><T10/><D119/><U75/><E75/><V32/><F69/><W50/><G68/><T9/><D64/><U100/><E27/><V3/><F3/><W39/><G39/><T35/><D35/><U131/><E42/><V61/><F32/><W125/><G125/><T114/><D26/><U16/><E37/><V17/><F76/><W128/><G128/><T47/><D114/><U83/><E126/><V11/><F21/><W96/><G77/><T117/><D117/><U18/><E131/><V91/><REACH who="2" step="1"/><F92/><REACH who="2" ten="154,420,183,233" step="2"/><W111/><G74/><T2/><D2/><U49/><E118/><V22/><F22/><W115/><G111/><T24/><D24/><U120/><E116/><V81/><F81/><W55/><G115/><T73/><D73/><U0/><E0/><V106/><F106/><W71/><G71/><T107/><D107/><U99/><E120/><V135/><F135/><W7/><G23/><T41/><D80/><U89/><E83/><V110/><F110/><W40/><G67/><T101/><D101/><N who="1" m="38987" /><E95/><AGARI ba="0,1" hai="6,7,8,15,19,40,45,48,50,55,59,90,95,96" machi="95" ten="40,2600,0" yaku="8,1,52,1" doraHai="5" who="3" fromWho="1" sc="154,0,420,-26,183,0,233,36" /><INIT seed="3,0,0,2,0,31" ten="154,394,183,269" oya="3" hai0="90,131,89,84,74,120,20,117,19,16,50,39,94" hai1="128,8,133,5,41,26,27,54,102,23,10,113,105" hai2="22,6,43,122,30,57,124,60,17,63,82,40,33" hai3="109,2,42,68,104,45,103,76,58,100,46,96,110"/><W73/><G68/><T116/><D39/><U135/><E113/><V108/><F108/><N who="3" m="41579" /><G2/><T132/><D74/><U121/><E121/><V32/><F124/><W92/><G58/><T7/><D120/><U59/><E41/><V79/><F122/><W69/><G69/><T18/><D132/><U21/><E102/><V61/><F6/><W55/><G55/><T36/><D36/><U114/><E105/><V44/><F30/><W80/><G46/><T28/><D131/><U129/><E114/><V35/><F57/><W0/><G0/><T91/><D7/><U130/><E54/><V112/><F44/><W29/><G29/><T4/><D4/><U65/><E65/><V134/><F134/><N who="1" m="51209" /><E59/><V85/><REACH who="2" step="1"/><F112/><REACH who="2" ten="154,394,173,269" step="2"/><W3/><G3/><T25/><REACH who="0" step="1"/><D50/><REACH who="0" ten="144,394,173,269" step="2"/><U126/><E5/><V83/><F83/><W119/><G80/><T1/><D1/><U37/><E126/><V106/><F106/><W86/><G104/><T70/><D70/><U75/><E128/><V49/><F49/><W56/><G73/><T71/><D71/><U13/><E75/><V64/><F64/><W125/><G125/><T12/><D12/><AGARI ba="0,2" hai="12,17,22,32,33,35,40,43,60,61,63,79,82,85" machi="12" ten="50,8000,1" yaku="1,1,52,3,53,0" doraHai="31" doraHaiUra="47" who="2" fromWho="0" sc="144,-80,394,0,173,100,269,0" /><INIT seed="4,0,0,3,2,38" ten="64,394,273,269" oya="0" hai0="102,2,128,12,64,133,55,104,79,19,45,95,81" hai1="22,106,96,47,26,86,44,32,126,61,48,49,60" hai2="10,122,30,121,73,74,11,97,110,100,93,69,129" hai3="65,123,125,16,88,46,80,20,109,116,77,14,83"/><T53/><D2/><U135/><E32/><V119/><F69/><W13/><G109/><T92/><D133/><U94/><E135/><V0/><F110/><W25/><G116/><T91/><D128/><U43/><E86/><V57/><F129/><W54/><G125/><T101/><D104/><U27/><E106/><V59/><F30/><W5/><G123/><T34/><D34/><U76/><E76/><V120/><F119/><W85/><G65/><T107/><D107/><U115/><E115/><V63/><F57/><W111/><G111/><T113/><D113/><U67/><E126/><V35/><F35/><W134/><G134/><T98/><D64/><U6/><E6/><V7/><REACH who="2" step="1"/><F11/><REACH who="2" ten="64,394,263,269" step="2"/><W114/><G114/><T62/><D45/><U36/><E47/><V17/><F17/><W31/><G5/><T131/><D131/><U84/><E44/><V90/><F90/><W89/><G89/><T58/><D55/><AGARI ba="0,1" hai="0,7,10,55,59,63,73,74,93,97,100,120,121,122" machi="55" ten="40,1300,0" yaku="1,1,53,0" doraHai="38" doraHaiUra="37" who="2" fromWho="0" sc="64,-13,394,0,263,23,269,0" /><INIT seed="5,0,0,5,3,33" ten="51,394,286,269" oya="1" hai0="75,46,130,84,120,66,103,78,114,123,45,27,73" hai1="62,59,127,23,34,17,121,131,31,102,91,16,3" hai2="109,10,87,58,116,124,53,4,117,92,26,129,54" hai3="55,25,41,8,7,70,94,126,22,57,5,14,51"/><U65/><E121/><N who="0" m="46665" /><D114/><U77/><E127/><V47/><F109/><W112/><G126/><T89/><D130/><U0/><E131/><V72/><F72/><N who="0" m="27722" /><D78/><U1/><E77/><V119/><F124/><W104/><G104/><T21/><D66/><U30/><E102/><V29/><F129/><W61/><G112/><T32/><D103/><U95/><E34/><V68/><F68/><W6/><G70/><T81/><D32/><U96/><REACH who="1" step="1"/><E17/><AGARI ba="0,0" hai="17,21,27,45,46,81,84,89" m="27722,46665" machi="17" ten="30,1000,0" yaku="13,1" doraHai="33" who="0" fromWho="1" sc="51,10,394,-10,286,0,269,0" /><INIT seed="6,0,0,3,3,54" ten="61,384,286,269" oya="2" hai0="71,64,119,90,50,126,106,41,77,116,9,58,87" hai1="122,18,52,132,57,89,86,45,94,92,62,109,74" hai2="84,27,39,46,101,127,1,125,11,3,48,21,17" hai3="129,30,47,40,113,107,82,29,117,59,66,10,35"/><V102/><F39/><W83/><G117/><T19/><D126/><N who="2" m="48138" /><F84/><W134/><G107/><T51/><D106/><U115/><E109/><V97/><F11/><W130/><G134/><T72/><D71/><U88/><E115/><V13/><F27/><W28/><G35/><T61/><D77/><U16/><E74/><V108/><F108/><W133/><G133/><T63/><D72/><U42/><E132/><V5/><F5/><W26/><G26/><T7/><D19/><U55/><E55/><N who="2" m="30103" /><F102/><W33/><G33/><T32/><D32/><U100/><E100/><V60/><F60/><N who="3" m="38175" /><G10/><T124/><D124/><U80/><E122/><V15/><F15/><W38/><G113/><T98/><D98/><U22/><E89/><V2/><F2/><W78/><G78/><T68/><D116/><U120/><E18/><V81/><F81/><W76/><G76/><T36/><D119/><U69/><E69/><V111/><F111/><W4/><G4/><T70/><D36/><U8/><E8/><V49/><F49/><W95/><G95/><AGARI ba="0,0" hai="1,3,13,17,21,95,97,101" m="30103,48138" machi="95" ten="30,1500,0" yaku="18,1" doraHai="54" who="2" fromWho="3" sc="61,0,384,0,286,15,269,-15" /><INIT seed="6,1,0,2,5,132" ten="61,384,301,254" oya="2" hai0="42,12,28,52,108,25,90,78,54,19,89,96,41" hai1="60,72,84,38,113,131,74,43,58,16,32,76,67" hai2="3,27,63,34,55,79,102,64,109,83,30,37,0" hai3="127,8,13,35,104,86,40,93,115,117,2,73,7"/><V56/><F37/><W75/><G117/><T26/><D108/><U39/><E32/><V107/><F109/><W95/><G104/><T47/><D78/><U81/><E113/><V5/><F5/><W9/><G35/><T92/><D90/><U36/><E131/><V17/><F17/><W85/><G115/><T119/><D119/><U66/><E43/><V10/><F10/><W125/><G40/><T31/><D41/><U6/><E6/><V11/><F11/><W135/><G135/><T24/><D31/><U88/><E67/><V130/><F130/><W22/><G22/><T14/><D28/><U100/><E100/><V99/><REACH who="2" step="1"/><F64/><REACH who="2" ten="61,384,291,254" step="2"/><W103/><G9/><T68/><D68/><U48/><E16/><V110/><F110/><W45/><G2/><T114/><D114/><U57/><REACH who="1" step="1"/><E76/><REACH who="1" ten="61,374,291,254" step="2"/><V53/><F53/><AGARI ba="1,2" hai="36,38,39,48,53,57,58,60,66,72,74,81,84,88" machi="53" ten="40,5200,0" yaku="1,1,2,1,54,1,53,0" doraHai="132" doraHaiUra="33" who="1" fromWho="2" sc="61,0,374,75,291,-55,254,0" /><INIT seed="7,0,0,1,3,100" ten="61,449,236,254" oya="3" hai0="26,83,105,11,1,38,108,131,122,76,112,59,28" hai1="27,89,110,88,113,4,5,128,67,74,24,69,102" hai2="2,16,134,48,91,53,68,20,130,120,81,95,32" hai3="129,9,115,63,109,52,111,25,34,55,29,106,56"/><W23/><G115/><T18/><D59/><U126/><E110/><N who="3" m="41994" /><G129/><T121/><D18/><U78/><E74/><V54/><F32/><W90/><G106/><T37/><D11/><U0/><E78/><V118/><F118/><W61/><G9/><T93/><D26/><U133/><E113/><V71/><F130/><W14/><G90/><T13/><D93/><U99/><E128/><V6/><F134/><W10/><G34/><T132/><D83/><U43/><E0/><V92/><F120/><W17/><G63/><T21/><D13/><U66/><E5/><V50/><F2/><W62/><G61/><T96/><D21/><U12/><E4/><V77/><F6/><W103/><G103/><T47/><D96/><U41/><E99/><V49/><F91/><W117/><G117/><T70/><D76/><U64/><E89/><V101/><F101/><W72/><G72/><T39/><D28/><U51/><E88/><V8/><F8/><W19/><G55/><T123/><D123/><U114/><E102/><V44/><F92/><W97/><G97/><T40/><D121/><U82/><E67/><V119/><F95/><W35/><G35/><T30/><D30/><AGARI ba="0,0" hai="10,14,17,19,23,25,29,30,52,56,62" m="41994" machi="30" ten="30,2900,0" yaku="10,1,54,1" doraHai="100" who="3" fromWho="0" sc="61,-29,449,0,236,0,254,29" /><INIT seed="7,1,0,4,5,117" ten="32,449,236,283" oya="3" hai0="129,105,125,4,101,29,108,58,78,96,42,49,40" hai1="0,35,22,116,64,72,114,39,23,124,84,16,52" hai2="9,28,44,61,47,133,113,30,38,74,48,119,89" hai3="31,126,85,37,27,123,100,98,107,80,34,132,41"/><W32/><G132/><T66/><D108/><U104/><E72/><V102/><F119/><W24/><G126/><T122/><D122/><U56/><E116/><V5/><F74/><W60/><G123/><T75/><D75/><U81/><E35/><V67/><F133/><W94/><G37/><T106/><D106/><U70/><E39/><V88/><F113/><W57/><G41/><T87/><D87/><U18/><E0/><V36/><F102/><W68/><G24/><T13/><D13/><U121/><E104/><V112/><F112/><W134/><G134/><T128/><D128/><U62/><E121/><V93/><F36/><W103/><G103/><T6/><D6/><U59/><E114/><V17/><F17/><N who="1" m="6761" /><E70/><V55/><F38/><W43/><G43/><T53/><D53/><U99/><E99/><V14/><F44/><W91/><G34/><T8/><D8/><U25/><E25/><V63/><F89/><W82/><REACH who="3" step="1"/><G68/><REACH who="3" ten="32,449,236,273" step="2"/><T1/><D1/><U127/><E124/><V54/><F28/><W131/><G131/><T71/><D71/><U7/><E127/><V115/><F30/><W69/><G69/><T33/><D33/><U90/><E7/><V120/><F120/><W95/><G95/><T73/><D73/><U12/><E81/><V118/><F115/><W76/><G76/><T83/><D83/><U50/><E90/><V86/><F118/><W65/><AGARI ba="1,1" hai="27,31,32,57,60,65,80,82,85,91,94,98,100,107" machi="65" ten="20,12000,1" yaku="1,1,0,1,7,1,53,2" doraHai="117" doraHaiUra="77" who="3" fromWho="3" sc="32,-41,449,-41,236,-41,273,133" owari="-9,-50.9,408,50.8,195,-20.5,406,20.6" /></mjloggm>