<mjloggm ver="2.3"><GO type="169" lobby="0"/><UN n0="%E3%82%B5%E3%83%96%E3%82%A2%E3%83%A9%E3%83%89" n1="%E3%81%AD%E3%81%93%E3%81%AB%E3%82%83%E3%82%93" n2="%E3%81%82%E3%81%84%E3%81%93%E3%81%99" n3="%6F%73%72%67" dan="16,16,16,16" rate="2046.49,2130.13,2151.06,2137.59" sx="M,F,M,M"/><TAIKYOKU oya="0"/><INIT seed="0,0,0,3,0,59" ten="250,250,250,250" oya="0" hai0="12,22,39,79,37,103,68,130,45,116,112,106,61" hai1="87,124,48,46,127,88,115,30,41,98,80,113,73" hai2="28,123,8,82,56,4,55,74,83,135,15,101,72" hai3="90,119,69,2,89,32,108,24,86,92,17,131,78"/><T60/><D116/><U1/><E1/><V40/><F123/><W26/><G119/><T76/><D112/><N who="1" m="43083" /><E73/><V114/><F114/><W110/><G2/><T38/><D68/><U49/><E30/><V104/><F135/><W105/><G105/><T117/><D117/><U84/><E98/><V63/><F72/><W128/><G69/><T14/><D130/><N who="3" m="49705" /><G78/><T100/><D45/><N who="1" m="25647" /><E84/><V16/><F28/><N who="3" m="19463" /><G89/><T109/><D109/><N who="3" m="42089" /><G26/><T43/><D43/><AGARI ba="0,0" hai="43,46,49,80,87,88,124,127" m="25647,43083" machi="43" ten="30,2000,0" yaku="11,1,54,1" doraHai="59" who="1" fromWho="0" sc="250,-20,250,20,250,0,250,0" /><INIT seed="1,0,0,1,4,67" ten="230,270,250,250" oya="1" hai0="71,129,90,55,36,120,109,134,66,0,59,19,131" hai1="130,81,116,124,121,32,40,84,21,100,119,9,77" hai2="82,34,96,93,42,38,80,83,104,115,86,56,135" hai3="30,102,14,101,15,76,47,108,49,18,79,92,94"/><U5/><E32/><V110/><F34/><W62/><G108/><T16/><D0/><U13/><E121/><V28/><F110/><W88/><G30/><T24/><D109/><U1/><E130/><N who="0" m="49673" /><D120/><U65/><E124/><V39/><F28/><W64/><G76/><T68/><D134/><U29/><E100/><V43/><F135/><W50/><G79/><T45/><D66/><U4/><E65/><V73/><F73/><W2/><G2/><T37/><D90/><U89/><E40/><V6/><F104/><W125/><G125/><T60/><D45/><U48/><E48/><V22/><F86/><W74/><G74/><T114/><D114/><U107/><E107/><V7/><F22/><W78/><G78/><T111/><D111/><U54/><E54/><V113/><F56/><W72/><G72/><T51/><D51/><N who="3" m="19465" /><G92/><T112/><D112/><N who="2" m="43082" /><F43/><W23/><G15/><T87/><D87/><U44/><E44/><N who="2" m="23639" /><F39/><N who="0" m="14922" /><D19/><U91/><E5/><V122/><F122/><W10/><G47/><T52/><D55/><U3/><E1/><V12/><F12/><W57/><G10/><T53/><D53/><U33/><E3/><V99/><F99/><AGARI ba="0,0" hai="14,18,23,57,62,64,88,94,99,101,102" m="19465" machi="99" ten="30,2000,0" yaku="8,1,54,1" doraHai="67" who="3" fromWho="2" sc="230,0,270,0,250,-20,250,20" /><INIT seed="2,0,0,5,3,113" ten="230,270,230,270" oya="2" hai0="105,56,72,4,93,1,67,117,109,134,94,75,64" hai1="62,69,126,82,8,60,79,110,89,92,42,2,103" hai2="12,39,66,108,83,21,129,80,61,123,43,17,54" hai3="133,10,87,48,50,107,111,11,23,19,98,3,71"/><V77/><F123/><W15/><G71/><T46/><D109/><U73/><E110/><V90/><F108/><W122/><G122/><T45/><D105/><U127/><E103/><V0/><F0/><W51/><G111/><T95/><D134/><U99/><E42/><V91/><F129/><W114/><G133/><T18/><D18/><U132/><E132/><V26/><F54/><W128/><G128/><T112/><D112/><U24/><E24/><V96/><F43/><W125/><G125/><T85/><D85/><U40/><E40/><V58/><F39/><W16/><G114/><T28/><D28/><U41/><E41/><V116/><F116/><W119/><G119/><T35/><D117/><U36/><E36/><V53/><F66/><W49/><G3/><T33/><D4/><N who="1" m="1047" /><E69/><V20/><F96/><W78/><N who="3" m="12288" /><DORA hai="135" /><W106/><G98/><T52/><D1/><U86/><E99/><V115/><F115/><W37/><G37/><T27/><D27/><U74/><E73/><N who="0" m="28233" /><D56/><U29/><E29/><V57/><F57/><W55/><G55/><T30/><D30/><U70/><E70/><V88/><REACH who="2" step="1"/><F77/><REACH who="2" ten="230,270,220,270" step="2"/><W130/><G130/><T9/><D52/><U22/><E79/><V97/><F97/><W104/><G78/><T118/><D118/><U76/><E74/><V100/><F100/><W38/><G38/><T25/><D67/><U81/><E76/><V124/><F124/><W65/><G65/><T34/><D64/><U44/><E127/><V47/><F47/><W31/><G87/><T84/><D46/><U59/><E44/><V14/><F14/><RYUUKYOKU ba="0,1" sc="230,-10,270,-10,220,30,270,-10" hai2="12,17,20,21,26,53,58,61,80,83,88,90,91" /><INIT seed="2,1,1,2,4,19" ten="220,260,250,260" oya="2" hai0="36,67,60,48,112,84,102,40,127,91,66,73,1" hai1="72,18,95,56,52,7,77,126,15,122,78,86,14" hai2="54,32,97,80,29,123,63,110,24,125,81,85,22" hai3="46,108,47,26,8,28,100,43,23,42,116,39,76"/><V3/><F123/><W27/><G108/><T115/><D73/><U104/><E104/><V131/><F3/><W93/><G116/><T82/><D1/><U12/><E72/><V99/><F131/><W58/><G76/><N who="1" m="29290" /><E7/><V65/><F125/><W128/><G128/><T35/><D35/><U11/><E126/><V34/><F110/><W90/><G58/><T5/><D5/><U51/><E122/><V96/><F54/><W17/><G100/><T121/><D121/><U49/><E49/><V25/><F85/><W30/><G8/><T68/><D127/><U106/><E106/><V114/><F114/><W37/><REACH who="3" step="1"/><G27/><REACH who="3" ten="220,260,250,250" step="2"/><T45/><D102/><U59/><E56/><V6/><F34/><W33/><G33/><T31/><D67/><U134/><E134/><V130/><F130/><W55/><G55/><T62/><D115/><U44/><E59/><V88/><F25/><W118/><G118/><T87/><D112/><U53/><E53/><V21/><F6/><W20/><G20/><T105/><D105/><U124/><E124/><V64/><F64/><W92/><G92/><T13/><D66/><U83/><E95/><V16/><F32/><W107/><G107/><T94/><D68/><U75/><E75/><V117/><F117/><W70/><G70/><T2/><D94/><U10/><E11/><V69/><F88/><AGARI ba="1,2" hai="10,12,14,15,18,44,51,52,83,86,88" m="29290" machi="88" ten="30,7700,0" yaku="25,1,8,1,54,2" doraHai="19" who="1" fromWho="2" sc="220,0,260,100,250,-80,250,0" /><INIT seed="3,0,0,1,1,45" ten="220,360,170,250" oya="3" hai0="44,106,75,84,40,28,98,23,54,128,59,18,64" hai1="46,71,16,113,15,38,29,81,99,41,0,127,55" hai2="94,62,79,57,102,47,9,83,52,114,108,126,27" hai3="31,115,3,69,10,123,124,61,5,7,6,130,87"/><W105/><G115/><T85/><D75/><U66/><E0/><V122/><F114/><W93/><G105/><T4/><D4/><U60/><E113/><V90/><F122/><W58/><G123/><T131/><D64/><U22/><E127/><V97/><F126/><W120/><G120/><T63/><D28/><U50/><E29/><V116/><F116/><W24/><G69/><T110/><D110/><U101/><E81/><V39/><F108/><W26/><G130/><N who="0" m="49707" /><D98/><U109/><E109/><V91/><F27/><W80/><G93/><T42/><D42/><U35/><E35/><V25/><F25/><W14/><G124/><T73/><D73/><U100/><REACH who="1" step="1"/><E99/><REACH who="1" ten="220,350,170,250" step="2"/><V132/><F132/><W104/><G3/><T95/><D106/><U48/><E48/><V21/><F39/><W129/><G104/><T89/><D95/><U43/><E43/><V119/><F94/><W13/><G129/><T86/><D86/><U11/><E11/><V70/><F9/><W134/><G134/><T112/><D112/><U51/><E51/><V78/><F97/><W74/><G31/><T34/><D34/><U17/><E17/><V135/><F135/><W77/><G74/><T68/><D85/><U111/><E111/><V88/><F119/><W118/><G118/><T125/><D125/><U1/><E1/><V36/><F36/><W76/><G76/><T103/><D84/><U65/><E65/><V133/><F78/><W82/><G82/><T12/><D40/><U117/><E117/><V107/><F133/><W20/><G10/><T33/><D33/><U2/><E2/><RYUUKYOKU ba="0,1" sc="220,-10,350,30,170,-10,250,-10" hai1="15,16,22,38,41,46,50,55,60,66,71,100,101" /><INIT seed="4,1,1,0,2,74" ten="210,380,160,240" oya="0" hai0="123,42,97,26,104,111,114,81,17,55,106,57,39" hai1="94,98,27,49,126,18,70,41,84,53,7,101,83" hai2="16,34,79,108,54,12,6,130,15,118,29,5,45" hai3="23,64,129,28,51,9,131,107,8,127,63,44,103"/><T25/><D123/><U105/><E70/><V19/><F108/><W85/><G127/><T38/><D114/><U95/><E126/><V24/><F130/><N who="3" m="49675" /><G85/><T56/><D111/><U132/><E41/><V3/><F118/><W47/><G103/><T66/><D81/><U124/><E7/><V43/><F54/><N who="3" m="30055" /><G47/><T40/><D66/><U75/><E75/><V21/><F3/><W99/><G99/><T78/><D97/><U119/><E119/><V22/><REACH who="2" step="1"/><F79/><REACH who="2" ten="210,380,150,240" step="2"/><W113/><G113/><T13/><D55/><U36/><E53/><V91/><F91/><W11/><G107/><T59/><D78/><U52/><E52/><V135/><F135/><W32/><G32/><T50/><D106/><U69/><E132/><V133/><F133/><W48/><G64/><T117/><D104/><U110/><E124/><V100/><F100/><W92/><G63/><T71/><D117/><U67/><E67/><V134/><F134/><W33/><G33/><T120/><D120/><U73/><E101/><V76/><F76/><W82/><G82/><T2/><D2/><U112/><E83/><V0/><F0/><W88/><G92/><T87/><D42/><U4/><E95/><V72/><F72/><W77/><G77/><T128/><D128/><U96/><E94/><V116/><F116/><W58/><G88/><T121/><D121/><U102/><E102/><V35/><F35/><W1/><G1/><T68/><D40/><U60/><E73/><V125/><F125/><W31/><G23/><T46/><D39/><AGARI ba="1,2" hai="5,6,12,15,16,19,21,22,24,29,34,39,43,45" machi="39" ten="30,7700,0" yaku="1,1,7,1,9,1,54,1,53,0" doraHai="74" doraHaiUra="93" who="2" fromWho="0" sc="210,-80,380,0,150,100,240,0" /><INIT seed="5,0,0,1,1,122" ten="130,380,250,240" oya="1" hai0="32,27,85,53,39,75,84,63,18,0,120,95,41" hai1="26,45,100,23,47,94,131,10,36,57,12,101,9" hai2="20,37,61,24,65,108,91,43,51,118,135,106,46" hai3="66,62,22,119,105,21,126,1,55,6,109,78,96"/><U59/><E131/><V31/><F118/><W79/><G119/><T107/><D75/><U71/><E71/><V97/><F135/><W113/><G113/><T73/><D73/><U40/><E47/><V112/><F112/><W7/><G126/><T2/><D107/><U128/><E10/><V115/><F115/><W28/><G55/><T134/><D134/><U8/><E9/><V76/><F76/><W58/><G1/><T29/><D120/><U102/><E94/><V130/><F130/><W74/><G22/><T110/><D110/><U70/><E70/><V98/><F108/><W13/><G109/><T111/><D111/><U114/><E128/><V121/><F121/><W60/><G60/><T68/><D68/><U11/><E11/><V80/><F37/><W19/><G28/><T38/><D38/><U30/><REACH who="1" step="1"/><E114/><REACH who="1" ten="130,370,250,240" step="2"/><V88/><F106/><W127/><G105/><T77/><D0/><U67/><E67/><V117/><F117/><W69/><G69/><T35/><D2/><U81/><E81/><V52/><F80/><W3/><G3/><T103/><D35/><U83/><E83/><V104/><F65/><W90/><G74/><T116/><D32/><U72/><E72/><V124/><F104/><W133/><G133/><T42/><D116/><U123/><E123/><V33/><F33/><W50/><G66/><T49/><D39/><U99/><E99/><V5/><F98/><W89/><G96/><T54/><D95/><U25/><E25/><V14/><F97/><W132/><G132/><T15/><D27/><U48/><E48/><V93/><F51/><RYUUKYOKU ba="0,1" sc="130,-10,370,30,250,-10,240,-10" hai1="8,12,23,26,30,36,40,45,57,59,100,101,102" /><INIT seed="5,1,1,2,5,101" ten="120,400,240,230" oya="1" hai0="36,65,107,96,37,22,128,105,133,28,10,24,15" hai1="112,92,19,16,91,125,70,39,61,84,77,124,3" hai2="66,59,90,82,52,115,18,56,74,23,81,119,68" hai3="73,47,60,122,88,38,86,123,118,42,103,20,49"/><U41/><E3/><V13/><F119/><W58/><G73/><T8/><D96/><U135/><E77/><V67/><F68/><W117/><G103/><T89/><D89/><U106/><E39/><V114/><F59/><W120/><G20/><T51/><D128/><U14/><E41/><V6/><F6/><W27/><G27/><T17/><D133/><U126/><E135/><V111/><F82/><W97/><G97/><T54/><D65/><N who="1" m="41263" /><E112/><N who="2" m="43051" /><F111/><W129/><G38/><T43/><D43/><U83/><E83/><V44/><F44/><W63/><G129/><T110/><D110/><U132/><E132/><V99/><F74/><W12/><G12/><T9/><D37/><U104/><E19/><V100/><F90/><W55/><REACH who="3" step="1"/><G63/><REACH who="3" ten="120,400,240,220" step="2"/><T71/><D36/><U57/><E57/><V121/><F56/><W108/><G108/><T30/><D71/><U113/><E113/><V21/><F21/><AGARI ba="1,2" hai="14,16,21,84,91,92,104,106,124,125,126" m="41263" machi="21" ten="30,11600,0" yaku="18,1,52,2,54,1" doraHai="101" who="1" fromWho="2" sc="120,0,400,139,240,-119,220,0" /><INIT seed="5,2,0,2,2,122" ten="120,539,121,220" oya="1" hai0="12,65,17,50,49,15,76,16,94,51,128,33,47" hai1="120,62,96,4,86,132,78,97,43,81,46,67,95" hai2="6,117,131,124,129,55,115,20,63,104,90,123,14" hai3="32,87,130,93,85,114,91,25,18,48,108,19,2"/><U71/><E120/><V54/><F123/><W101/><G2/><T113/><D33/><U74/><E132/><V98/><F117/><W92/><G114/><T52/><D113/><U21/><E21/><V56/><F115/><W10/><G130/><N who="2" m="49673" /><F124/><W88/><G101/><T83/><D128/><U66/><E66/><V61/><F90/><W77/><G77/><T111/><D65/><U22/><E22/><V38/><F38/><W39/><G39/><T40/><D111/><U127/><E127/><V75/><F75/><W69/><G69/><T103/><D76/><U5/><E74/><V70/><F70/><W121/><G121/><T41/><D83/><U109/><E109/><V37/><F37/><W27/><G48/><N who="0" m="18539" /><D41/><U89/><REACH who="1" step="1"/><E97/><REACH who="1" ten="120,529,121,220" step="2"/><V106/><F98/><W45/><G10/><N who="0" m="6167" /><D40/><U13/><E13/><V36/><F20/><W135/><G45/><T7/><D15/><U57/><E57/><N who="2" m="34999" /><F36/><AGARI ba="2,1" hai="4,5,36,43,46,62,67,71,78,81,86,89,95,96" machi="36" ten="30,2900,0" yaku="1,1,7,1,53,0" doraHai="122" doraHaiUra="8" who="1" fromWho="2" sc="120,0,529,45,121,-35,220,0" /><INIT seed="5,3,0,4,5,71" ten="120,574,86,220" oya="1" hai0="27,65,49,82,51,34,29,85,28,35,95,83,107" hai1="53,45,25,93,101,47,78,43,103,132,94,105,76" hai2="77,80,63,84,91,111,116,124,22,115,79,109,92" hai3="64,81,52,131,128,74,68,70,89,134,21,48,133"/><U31/><E132/><N who="3" m="50794" /><G21/><T6/><D107/><U66/><E66/><V41/><F116/><W30/><G30/><T98/><D6/><U33/><E105/><V42/><F124/><W36/><G89/><T24/><D65/><U44/><E53/><V123/><F123/><W97/><G97/><T5/><D5/><U126/><E126/><V8/><F8/><W26/><G26/><T7/><D7/><U121/><E121/><V38/><F38/><W4/><G4/><T40/><D40/><U113/><E43/><V3/><F3/><W16/><G16/><T112/><D112/><U39/><E39/><V114/><F22/><W12/><G12/><T55/><D55/><U127/><E113/><N who="2" m="43019" /><F63/><N who="3" m="39967" /><G70/><T106/><D106/><U13/><E13/><V73/><F79/><N who="3" m="44279" /><G36/><T129/><D85/><U56/><E127/><V108/><AGARI ba="3,0" hai="41,42,73,77,80,84,91,92,108,109,111" m="43019" machi="108" ten="40,2700,0" yaku="15,1,11,1" doraHai="71" who="2" fromWho="2" sc="120,-10,574,-16,86,36,220,-10" /><INIT seed="6,0,0,1,4,24" ten="110,558,122,210" oya="2" hai0="117,37,48,57,16,34,107,108,49,121,64,30,47" hai1="111,13,129,72,63,46,104,8,119,55,58,68,99" hai2="84,51,45,14,62,23,106,94,71,39,118,28,21" hai3="109,123,7,127,17,67,75,132,122,9,50,113,98"/><V83/><F118/><W33/><G75/><T12/><D108/><U110/><E72/><V29/><F106/><W76/><G76/><T79/><D121/><U92/><E104/><V61/><F39/><W120/><G98/><T86/><D107/><U66/><E46/><V82/><F71/><W93/><G93/><T31/><D34/><U11/><E11/><V70/><F70/><W65/><G50/><N who="0" m="19563" /><D37/><U103/><E119/><V6/><F94/><W35/><G109/><T42/><D42/><U1/><E1/><V114/><F114/><W81/><G81/><N who="2" m="30729" /><F84/><W78/><G78/><T128/><D128/><U40/><E129/><V22/><F6/><W5/><G113/><T74/><D74/><U116/><E40/><N who="2" m="24999" /><F14/><W41/><G41/><T126/><D126/><U100/><E116/><V77/><F77/><W32/><G127/><T15/><D117/><U59/><E68/><V56/><F62/><W87/><G87/><T25/><D47/><U96/><E111/><V3/><F3/><W112/><G112/><T4/><D4/><N who="1" m="3207" /><E110/><V91/><F91/><W18/><G7/><T38/><D38/><U80/><E80/><V95/><F95/><W2/><G67/><AGARI ba="0,0" hai="21,22,23,28,29,56,61,67" m="24999,30729" machi="67" ten="30,5800,0" yaku="8,1,52,2" doraHai="24" who="2" fromWho="3" sc="110,0,558,0,122,58,210,-58" /><INIT seed="6,1,0,0,4,94" ten="110,558,180,152" oya="2" hai0="47,58,126,118,81,2,40,101,77,35,10,133,36" hai1="23,123,91,74,51,27,66,88,39,116,21,8,130" hai2="104,85,95,11,3,111,103,64,98,96,115,61,12" hai3="15,38,19,17,109,25,52,131,93,13,70,45,56"/><V79/><F115/><W0/><G70/><T134/><D118/><U55/><E39/><V65/><F3/><W44/><G0/><T53/><D35/><U16/><E74/><V9/><F111/><W1/><G1/><T29/><D29/><U33/><E33/><V97/><F104/><W32/><G109/><T5/><D101/><U110/><E116/><V18/><F9/><W125/><G131/><T122/><D122/><U7/><E130/><V37/><F37/><W82/><G125/><T78/><D78/><U128/><E123/><V80/><F65/><W114/><G82/><T62/><REACH who="0" step="1"/><D126/><REACH who="0" ten="100,558,180,152" step="2"/><U87/><E66/><V30/><F30/><W117/><G117/><T57/><D57/><AGARI ba="1,1" hai="11,12,18,57,61,64,79,80,85,95,96,97,98,103" machi="57" ten="30,12000,1" yaku="7,1,8,1,52,3" doraHai="94" who="2" fromWho="0" sc="100,-123,558,0,180,133,152,0" owari="-23,-52.3,558,65.8,313,11.3,152,-24.8" /></mjloggm>