<mjloggm ver="2.3"><GO type="169" lobby="0"/><UN n0="%E9%9D%92%E6%A3%AE%E3%81%AE%E7%9C%BC%E9%8F%A1%E5%85%88%E8%BC%A9" n1="%E9%98%BF%E9%83%A8%E5%AF%9B%EF%BC%A0%E9%B3%B3%E5%8D%93" n2="%E3%81%8D%E3%81%84%E3%81%AA" n3="%4D%72%52%41%4D%4F" dan="16,17,16,16" rate="2042.61,2173.63,2097.48,2111.96" sx="M,F,M,M"/><TAIKYOKU oya="0"/><INIT seed="0,0,0,3,5,73" ten="250,250,250,250" oya="0" hai0="46,50,18,71,10,109,68,40,121,15,96,94,99" hai1="81,69,129,82,12,75,89,29,49,100,43,25,87" hai2="114,83,38,52,111,13,21,127,62,74,33,16,51" hai3="63,88,98,0,7,86,1,2,104,117,93,60,76"/><T42/><D121/><U59/><E69/><V128/><F114/><W116/><G7/><T23/><D109/><U32/><E129/><V126/><F111/><W55/><G104/><T28/><D42/><U48/><E100/><V101/><F38/><W65/><G55/><T70/><D94/><U79/><E43/><V112/><F112/><W53/><G53/><T119/><D119/><U41/><E41/><V47/><F33/><W37/><G37/><T20/><REACH who="0" step="1"/><D28/><REACH who="0" ten="240,250,250,250" step="2"/><U105/><E105/><V106/><F128/><W27/><G117/><T66/><D66/><U92/><E92/><V110/><F110/><W11/><G116/><T131/><D131/><U4/><E29/><V120/><F120/><W124/><G65/><T78/><D78/><U95/><E95/><V72/><F106/><W34/><G76/><T113/><D113/><U35/><E79/><V125/><F101/><W8/><G98/><AGARI ba="0,1" hai="10,15,18,20,23,40,46,50,68,70,71,96,98,99" machi="98" ten="40,2000,0" yaku="1,1,53,0" doraHai="73" doraHaiUra="135" who="0" fromWho="3" sc="240,30,250,0,250,0,250,-20" /><INIT seed="0,1,0,4,5,10" ten="270,250,250,230" oya="0" hai0="29,76,32,94,108,39,48,92,23,109,21,19,132" hai1="96,79,53,101,55,100,9,4,111,61,78,119,131" hai2="129,69,13,130,122,46,36,24,30,77,42,82,68" hai3="11,40,52,115,84,73,38,121,28,86,72,20,16"/><T80/><D39/><U51/><E119/><V88/><F122/><W18/><G115/><T98/><D132/><U91/><E111/><N who="0" m="42569" /><D48/><U8/><E131/><N who="2" m="50187" /><F13/><W63/><G121/><T14/><D32/><U99/><E51/><V120/><F120/><W128/><G128/><T31/><D23/><U127/><E127/><V64/><F64/><W65/><G40/><T89/><D92/><U83/><E83/><V74/><F88/><W112/><G38/><T81/><D81/><U22/><E91/><V126/><F126/><W75/><G112/><T125/><D125/><U110/><E110/><V71/><F71/><W104/><G104/><T93/><D93/><U97/><E22/><AGARI ba="1,0" hai="22,24,30,36,42,46,68,69,74,77,82" m="50187" machi="22" ten="30,1000,0" yaku="19,1" doraHai="10" who="2" fromWho="1" sc="270,0,250,-13,250,13,230,0" /><INIT seed="1,0,0,4,4,133" ten="270,237,263,230" oya="1" hai0="18,64,41,74,42,100,66,0,87,90,63,7,70" hai1="25,44,39,13,35,5,54,27,34,16,112,94,43" hai2="91,118,80,123,65,110,57,8,50,97,72,134,111" hai3="32,114,17,105,23,30,37,88,21,128,10,38,129"/><U115/><E5/><V98/><F118/><W49/><G114/><T2/><D74/><U33/><E54/><N who="2" m="31959" /><F123/><W22/><G105/><T3/><D100/><U48/><E39/><V40/><F134/><W85/><G32/><T126/><D7/><U68/><E68/><V24/><F40/><W59/><G30/><T77/><D77/><U81/><E81/><V71/><F8/><W113/><G113/><T56/><D18/><U75/><E75/><V31/><F65/><W51/><G10/><T61/><REACH who="0" step="1"/><D126/><REACH who="0" ten="260,237,263,230" step="2"/><U120/><E112/><V79/><F79/><W28/><G17/><T96/><D96/><U89/><E115/><V124/><F72/><W6/><G6/><T83/><AGARI ba="0,1" hai="0,2,3,41,42,56,61,63,64,66,70,83,87,90" machi="83" ten="30,2000,0" yaku="1,1,0,1,53,0" doraHai="133" doraHaiUra="15" who="0" fromWho="0" sc="260,30,237,-10,263,-5,230,-5" /><INIT seed="2,0,0,3,0,5" ten="290,227,258,225" oya="2" hai0="97,100,25,60,24,64,132,0,109,39,123,52,18" hai1="129,21,131,53,121,62,98,69,111,89,35,1,31" hai2="107,28,103,23,106,49,85,47,66,95,40,108,26" hai3="38,36,50,90,81,51,86,37,20,46,9,3,27"/><V101/><F108/><W56/><G56/><T22/><D123/><U12/><E1/><V135/><F135/><W104/><G104/><T57/><D39/><U63/><E111/><V92/><F107/><W102/><G102/><T130/><D130/><N who="1" m="49675" /><E35/><V58/><F106/><W96/><G96/><T72/><D72/><U99/><E69/><V115/><F115/><W82/><G82/><T126/><D126/><U2/><E2/><V119/><F119/><W105/><G105/><T29/><D0/><U110/><E110/><V42/><F42/><W120/><G120/><T79/><D79/><U116/><E116/><V6/><F6/><W14/><G3/><T134/><D109/><U80/><E31/><V4/><F4/><W83/><G83/><T8/><D97/><N who="1" m="36875" /><E53/><V33/><F33/><W74/><G74/><T122/><D100/><N who="2" m="38474" /><F85/><W114/><G114/><T75/><D75/><U124/><E124/><V55/><F55/><W76/><G76/><T113/><D113/><U32/><E32/><V13/><F13/><W45/><G45/><T87/><D87/><N who="1" m="50407" /><E121/><V93/><F66/><W91/><G91/><T133/><D122/><U128/><N who="1" m="49683" /><U73/><DORA hai="70" /><E73/><V94/><N who="2" m="23552" /><DORA hai="77" /><V30/><F30/><W78/><G78/><T88/><D88/><U44/><E44/><V71/><F71/><W10/><G14/><N who="0" m="7495" /><D52/><U16/><AGARI ba="0,0" hai="12,16,21,62,63" m="50407,36875,49683" machi="16" ten="50,6400,0" yaku="19,1,52,1,54,1" doraHai="5,70,77" who="1" fromWho="1" sc="290,-16,227,64,258,-32,225,-16" /><INIT seed="3,0,0,5,4,83" ten="274,291,226,209" oya="3" hai0="70,97,28,9,50,46,76,91,58,62,79,78,87" hai1="39,77,45,103,93,128,90,117,104,123,120,31,116" hai2="98,52,69,20,135,35,15,59,29,107,106,109,84" hai3="75,127,111,124,17,89,49,82,2,23,72,80,44"/><W81/><G2/><T37/><D37/><U5/><E5/><V73/><F73/><W51/><G89/><T74/><D70/><U4/><E4/><V129/><F69/><W41/><G51/><T14/><D97/><N who="1" m="61551" /><E31/><V134/><F109/><W67/><G67/><T12/><D74/><U68/><E68/><V71/><F71/><W56/><G56/><T7/><D14/><U33/><E33/><V19/><F129/><W16/><G111/><T108/><D28/><U94/><E45/><V55/><F55/><W133/><G133/><N who="2" m="50697" /><F98/><W6/><G6/><T64/><D108/><U0/><E0/><V34/><F84/><W25/><REACH who="3" step="1"/><G17/><REACH who="3" ten="274,291,226,199" step="2"/><T63/><D58/><U112/><E39/><V88/><F88/><W118/><G118/><N who="1" m="45674" /><E128/><V113/><F59/><W60/><G60/><T53/><REACH who="0" step="1"/><D64/><REACH who="0" ten="264,291,226,199" step="2"/><U95/><E123/><V65/><F65/><W130/><G130/><T10/><D10/><U92/><E120/><V43/><F29/><W101/><G101/><T57/><D57/><U96/><E112/><V40/><F113/><W38/><G38/><T121/><D121/><U8/><E8/><V54/><F19/><W27/><G27/><T105/><D105/><U21/><E96/><V131/><F107/><W110/><G110/><T100/><D100/><U48/><E90/><V36/><F106/><W122/><G122/><T114/><D114/><U102/><E102/><V18/><F131/><W42/><G42/><N who="2" m="15913" /><F36/><W132/><G132/><T61/><D61/><U11/><E11/><V86/><F18/><W99/><G99/><T32/><D32/><U13/><E13/><RYUUKYOKU ba="0,2" sc="264,15,291,-15,226,-15,199,15" hai0="7,9,12,46,50,53,62,63,76,78,79,87,91" hai3="16,23,25,41,44,49,72,75,80,81,82,124,127" /><INIT seed="3,1,2,2,3,102" ten="279,276,211,214" oya="3" hai0="29,1,105,9,20,85,92,69,47,27,64,124,65" hai1="7,62,40,46,125,126,18,57,94,34,59,32,39" hai2="45,14,71,73,63,16,103,91,0,121,95,112,38" hai3="49,123,4,84,77,76,100,75,116,127,8,56,41"/><W72/><G116/><T113/><D124/><N who="1" m="47723" /><E7/><V90/><F0/><W115/><G127/><T81/><D113/><U15/><E94/><V28/><F73/><W17/><G115/><T6/><D105/><U55/><E59/><V52/><F112/><W82/><G123/><T51/><D69/><U133/><E133/><V99/><F28/><W25/><G100/><T106/><D106/><U61/><E61/><V66/><F121/><W10/><G76/><T70/><D92/><U97/><E97/><V21/><REACH who="2" step="1"/><F38/><REACH who="2" ten="279,276,201,214" step="2"/><W35/><G75/><T13/><D1/><U135/><E135/><V120/><F120/><W134/><G72/><T96/><D70/><U122/><E122/><V98/><F98/><W86/><G134/><T107/><D96/><U87/><E87/><V48/><AGARI ba="1,3" hai="14,16,21,45,48,52,63,66,71,90,91,95,99,103" machi="48" ten="30,8000,1" yaku="1,1,0,1,54,2,53,1" doraHai="102" doraHaiUra="58" who="2" fromWho="2" sc="279,-21,276,-21,201,113,214,-41" /><INIT seed="4,0,0,5,0,127" ten="258,255,314,173" oya="0" hai0="45,51,7,55,101,126,61,94,110,111,35,71,77" hai1="41,33,23,31,78,20,105,14,84,129,26,102,52" hai2="50,135,29,76,65,124,48,46,113,83,109,74,133" hai3="6,58,95,79,13,117,36,103,91,131,3,37,63"/><T69/><D126/><U10/><E41/><V106/><F124/><W104/><G117/><T57/><D35/><U96/><E129/><V17/><F109/><N who="0" m="41482" /><D77/><U53/><E78/><V116/><F113/><W97/><G3/><T2/><D7/><U42/><E42/><V18/><F106/><W12/><G6/><T39/><D94/><U119/><E119/><V92/><F116/><W32/><G32/><T68/><D101/><U1/><E84/><V67/><F29/><W72/><G36/><T11/><D11/><U28/><E28/><V114/><F92/><W73/><G37/><T34/><D2/><U19/><E23/><V130/><F130/><W82/><G131/><T47/><D34/><U60/><E60/><V0/><F0/><W8/><G8/><T9/><D9/><U44/><E44/><N who="0" m="16969" /><D39/><U21/><E20/><V64/><F114/><W99/><REACH who="3" step="1"/><G72/><REACH who="3" ten="258,255,314,163" step="2"/><T120/><D120/><U123/><E123/><V87/><F74/><W70/><G70/><T54/><D69/><U122/><E122/><V5/><F5/><AGARI ba="0,1" hai="1,5,10,14,19,21,26,31,33,52,53,96,102,105" machi="5" ten="40,5200,0" yaku="24,2,54,1" doraHai="127" who="1" fromWho="2" sc="258,0,255,62,314,-52,163,0" /><INIT seed="5,0,0,2,2,103" ten="258,317,262,163" oya="1" hai0="25,58,80,28,22,112,41,7,126,13,99,6,49" hai1="54,131,71,79,74,26,52,44,50,96,30,18,133" hai2="81,109,97,38,69,4,40,24,57,94,32,70,0" hai3="66,33,120,87,39,48,21,2,27,116,106,35,108"/><U122/><E122/><V45/><F109/><W105/><G108/><T121/><D112/><U65/><E18/><V10/><F57/><W102/><G120/><T20/><D126/><U135/><E65/><V115/><F115/><W92/><G39/><T127/><D127/><U51/><E71/><V14/><F14/><W90/><G2/><T11/><D80/><U16/><E96/><V34/><F81/><W107/><G116/><T134/><D134/><U84/><E74/><V119/><F119/><W113/><G113/><T117/><D117/><U86/><E79/><V53/><F53/><W104/><G66/><T78/><D78/><U55/><E131/><V76/><F76/><W82/><G48/><N who="1" m="18474" /><E44/><V93/><F97/><W42/><G42/><T62/><D99/><U72/><E72/><V23/><F70/><W118/><G118/><T111/><D111/><U36/><E36/><V128/><F69/><W63/><G63/><T9/><D49/><U67/><E67/><V19/><REACH who="2" step="1"/><F128/><REACH who="2" ten="258,317,252,163" step="2"/><W12/><N who="3" m="26624" /><DORA hai="83" /><W77/><G102/><T3/><D121/><U64/><E64/><V46/><F46/><W1/><G12/><T129/><D129/><U98/><E135/><V43/><F43/><W59/><G1/><T123/><D41/><U130/><E133/><V124/><F124/><W47/><G59/><T31/><D123/><U125/><E130/><V5/><F5/><W132/><G47/><T114/><D114/><U15/><E125/><V91/><F91/><W75/><REACH who="3" step="1"/><G132/><REACH who="3" ten="258,317,252,153" step="2"/><T60/><D58/><U101/><E101/><V88/><F88/><W68/><G68/><RYUUKYOKU ba="0,2" sc="258,10,317,-30,252,10,153,10" hai0="3,6,7,9,11,13,20,22,25,28,31,60,62" hai2="0,4,10,19,23,24,32,34,38,40,45,93,94" hai3="21,27,33,35,75,77,82,87,90,92" /><INIT seed="6,1,2,2,1,112" ten="268,287,262,163" oya="2" hai0="115,116,25,76,105,61,44,5,78,131,117,34,108" hai1="100,1,23,19,35,24,3,75,12,129,58,17,106" hai2="80,87,48,47,62,89,90,33,41,60,2,13,53" hai3="69,16,104,38,110,6,32,118,73,27,84,67,97"/><V107/><F107/><W4/><G110/><T123/><D108/><U71/><E71/><V130/><F2/><N who="1" m="521" /><E58/><V56/><F130/><W26/><G73/><T94/><D5/><U83/><E83/><V93/><F33/><W68/><G38/><T95/><D123/><U77/><E77/><V59/><F13/><W88/><G118/><N who="0" m="45675" /><D115/><U30/><E100/><V134/><F134/><W121/><G121/><T102/><D44/><U85/><E85/><V39/><REACH who="2" step="1"/><F59/><REACH who="2" ten="268,287,252,163" step="2"/><W14/><G69/><T119/><D119/><U8/><E106/><V96/><AGARI ba="1,3" hai="39,41,47,48,53,56,60,62,80,87,89,90,93,96" machi="96" ten="20,7800,0" yaku="1,1,2,1,0,1,7,1,53,0" doraHai="112" doraHaiUra="127" who="2" fromWho="2" sc="268,-27,287,-27,252,111,163,-27" /><INIT seed="6,2,0,2,0,115" ten="241,260,363,136" oya="2" hai0="66,36,29,19,89,134,57,44,28,38,95,110,121" hai1="79,98,9,51,92,70,59,124,15,41,108,68,118" hai2="83,74,52,42,58,49,14,64,6,106,46,76,94" hai3="111,71,123,119,27,50,24,109,65,45,126,2,75"/><V135/><F135/><W84/><G75/><T102/><D110/><N who="3" m="41993" /><G84/><T26/><D121/><U0/><E79/><V88/><F106/><W90/><G90/><T39/><D44/><U5/><E0/><V113/><F113/><W4/><G4/><T67/><D102/><U16/><E5/><V13/><F64/><W8/><G8/><T47/><D47/><U127/><E108/><V72/><F72/><W69/><G2/><T100/><D100/><U114/><E114/><V37/><REACH who="2" step="1"/><F6/><REACH who="2" ten="241,260,353,136" step="2"/><W33/><G65/><T96/><D134/><U81/><E127/><V103/><F103/><W60/><G126/><T53/><D66/><U35/><E124/><V43/><F43/><W20/><G123/><T63/><D67/><U30/><E41/><V48/><F48/><W107/><G50/><T40/><D40/><U129/><E51/><V18/><F18/><W120/><G120/><T85/><D38/><U86/><E16/><V73/><F73/><W34/><G107/><T132/><D36/><U105/><E105/><V22/><F22/><W10/><G20/><N who="0" m="13599" /><D39/><U62/><E62/><V1/><F1/><W55/><G60/><T82/><D132/><U112/><E112/><V122/><F122/><W125/><G125/><T93/><D63/><U7/><E7/><V101/><F101/><W17/><G17/><T116/><D28/><U12/><E15/><V21/><F21/><W78/><G10/><T3/><D29/><U25/><E9/><V87/><AGARI ba="2,1" hai="13,14,37,42,46,49,52,58,74,76,83,87,88,94" machi="87" ten="20,12000,1" yaku="1,1,0,1,7,1,54,2,53,0" doraHai="115" doraHaiUra="97" who="2" fromWho="2" sc="241,-42,260,-42,353,136,136,-42" /><INIT seed="6,3,0,1,3,13" ten="199,218,489,94" oya="2" hai0="33,47,133,115,64,60,35,123,118,59,113,88,36" hai1="43,116,66,32,86,117,55,0,89,16,6,12,3" hai2="63,20,11,19,17,114,37,128,34,31,87,81,76" hai3="126,131,24,106,134,98,29,84,51,121,54,82,45"/><V79/><F114/><N who="0" m="43530" /><D123/><U97/><E32/><V69/><F37/><W83/><G131/><T41/><D133/><U95/><E3/><V1/><F34/><W46/><G126/><T96/><D118/><U65/><E43/><V124/><F124/><W44/><G134/><T110/><D110/><U105/><E0/><V56/><F69/><W10/><G121/><T50/><D36/><U125/><E6/><V99/><F128/><W14/><G106/><T28/><D28/><U9/><E125/><V109/><F109/><W135/><G98/><T74/><D74/><U27/><E55/><V62/><F79/><W53/><G135/><T120/><D120/><U103/><REACH who="1" step="1"/><E27/><REACH who="1" ten="199,208,489,94" step="2"/><V48/><F1/><W93/><G54/><T90/><D33/><U22/><E22/><V49/><F20/><W130/><G53/><T40/><D35/><U71/><E71/><V4/><F4/><W73/><G130/><T42/><D42/><U5/><E5/><V104/><F11/><W15/><G15/><T85/><D40/><U127/><E127/><V67/><F67/><AGARI ba="3,1" hai="9,12,16,65,66,67,86,89,95,97,103,105,116,117" machi="67" ten="40,8000,1" yaku="1,1,52,1,54,1,53,1" doraHai="13" doraHaiUra="91" who="1" fromWho="2" sc="199,0,208,99,489,-89,94,0" /><INIT seed="7,0,0,4,3,47" ten="199,307,400,94" oya="3" hai0="43,126,69,60,116,87,76,107,85,63,5,119,129" hai1="21,134,48,65,111,0,38,50,17,89,75,127,4" hai2="26,49,93,118,130,72,73,31,1,66,79,106,29" hai3="113,27,2,77,74,22,6,108,125,56,32,41,91"/><W61/><G32/><T121/><D121/><U20/><E75/><V133/><F106/><W97/><G113/><T39/><D107/><U80/><E38/><V96/><F96/><W42/><G125/><T83/><D129/><U10/><E111/><V110/><F1/><W11/><G108/><T92/><D126/><U45/><E127/><V51/><F93/><W120/><G120/><T128/><D128/><U15/><E134/><V36/><F26/><W7/><G7/><T114/><D114/><U103/><E103/><V112/><F66/><W3/><G3/><T90/><D5/><U35/><E65/><V18/><F36/><W94/><G77/><T28/><D28/><U102/><E102/><V95/><F95/><W109/><G74/><T88/><D69/><U99/><E35/><V81/><F79/><W8/><G8/><T16/><D16/><U46/><E0/><V34/><F34/><W24/><G109/><T33/><D33/><U82/><E99/><V70/><F110/><W84/><G84/><T25/><D76/><U135/><E135/><V13/><F133/><W101/><G101/><T117/><D25/><N who="1" m="14479" /><E21/><V59/><F130/><W54/><REACH who="3" step="1"/><G27/><REACH who="3" ten="199,307,400,84" step="2"/><T12/><D12/><U9/><E10/><V40/><F73/><W30/><AGARI ba="0,1" hai="2,6,11,22,24,30,41,42,54,56,61,91,94,97" machi="30" ten="20,7800,0" yaku="1,1,2,1,0,1,7,1,53,0" doraHai="47" doraHaiUra="14" who="3" fromWho="3" sc="199,-26,307,-26,400,-26,84,88" /><INIT seed="7,1,0,4,5,22" ten="173,281,374,172" oya="3" hai0="67,51,95,111,40,58,92,42,68,109,77,13,41" hai1="97,69,133,43,74,76,25,114,99,121,35,63,33" hai2="73,81,78,90,5,79,59,45,128,75,2,102,44" hai3="55,7,120,117,89,60,104,28,52,131,86,72,94"/><W96/><G117/><T6/><D68/><U88/><E76/><V98/><F128/><W53/><G120/><T130/><D130/><U0/><E74/><V36/><F90/><W8/><G131/><T16/><D109/><U105/><E0/><V56/><F78/><W71/><G72/><T124/><D124/><U125/><E43/><N who="2" m="22631" /><F45/><W115/><G115/><T9/><D77/><U57/><E69/><V49/><F49/><W116/><G116/><T101/><D101/><U10/><E133/><V24/><F24/><W100/><G28/><T80/><D80/><U30/><E10/><N who="2" m="2359" /><F73/><W126/><G126/><T18/><D111/><U107/><E125/><V93/><AGARI ba="1,0" hai="56,59,75,79,81,93,98,102" m="2359,22631" machi="93" ten="30,1100,0" yaku="25,1" doraHai="22" who="2" fromWho="2" sc="173,-4,281,-4,374,14,172,-6" owari="169,-23.1,277,7.7,388,48.8,166,-33.4" /></mjloggm>