<mjloggm ver="2.3"><GO type="169" lobby="0"/><UN n0="%E3%81%A8%E3%81%B3%E3%81%BE%E3%81%93" n1="%E7%9C%9F%E4%B8%80" n2="%E5%B1%B1%E6%9C%AC%E6%83%A3%E4%B8%80%E6%9C%97" n3="%E6%84%9A%E5%85%84%E3%81%8C%E6%84%9A%E5%BD%A2" dan="18,16,16,16" rate="2224.05,2166.07,2140.29,2112.16" sx="M,M,M,M"/><TAIKYOKU oya="0"/><INIT seed="0,0,0,3,3,56" ten="250,250,250,250" oya="0" hai0="112,135,2,19,46,89,70,1,53,47,125,6,40" hai1="107,104,133,36,130,28,105,45,55,94,68,120,82" hai2="57,122,83,13,12,127,97,65,102,110,30,31,9" hai3="69,87,78,81,79,121,92,26,3,60,76,8,58"/><T38/><D112/><U116/><E116/><V59/><F110/><W88/><G69/><T63/><D125/><U123/><E68/><V15/><F127/><W24/><G121/><T51/><D135/><U109/><E109/><V129/><F129/><W106/><G106/><T49/><D6/><U132/><E28/><V96/><F122/><N who="1" m="46633" /><E55/><V73/><F9/><W20/><G3/><T126/><D126/><U103/><E45/><V61/><F57/><W75/><G8/><T93/><D19/><U34/><E36/><V29/><REACH who="2" step="1"/><F102/><REACH who="2" ten="250,250,240,250" step="2"/><W4/><G4/><T62/><D70/><U23/><E130/><V90/><F90/><W16/><REACH who="3" step="1"/><G26/><REACH who="3" ten="250,250,240,240" step="2"/><T100/><D100/><U84/><E103/><V66/><F66/><AGARI ba="0,2" hai="16,20,24,58,60,66,75,76,78,79,81,87,88,92" machi="66" ten="30,12000,2" yaku="1,1,2,1,7,1,52,1,54,2,53,0" doraHai="56" doraHaiUra="134" who="3" fromWho="2" sc="250,0,250,0,240,-120,240,140" /><INIT seed="1,0,0,0,5,38" ten="250,250,120,380" oya="1" hai0="89,17,0,67,74,112,6,129,32,123,120,93,88" hai1="22,125,134,80,45,8,24,63,76,118,72,58,39" hai2="44,82,127,132,116,110,68,19,95,54,84,59,21" hai3="87,79,109,130,69,115,101,133,42,52,26,122,81"/><U13/><E118/><V41/><F116/><W85/><G115/><T49/><D112/><U104/><E134/><V2/><F132/><W9/><G69/><T99/><D74/><U60/><E125/><V94/><F110/><W25/><G109/><T16/><D32/><U119/><E104/><V35/><F2/><W50/><G130/><T92/><D129/><U7/><E119/><V4/><F4/><W128/><G128/><T107/><D107/><U71/><E71/><V131/><F68/><W28/><G122/><N who="0" m="46635" /><D67/><U73/><E73/><V10/><F10/><W47/><G101/><T33/><D33/><U121/><E121/><V46/><F35/><W65/><G65/><T103/><D49/><U56/><E56/><V124/><F131/><W62/><G28/><T36/><D36/><U91/><E91/><N who="0" m="34889" /><D92/><U12/><E12/><V64/><F64/><W5/><G87/><T75/><D75/><U43/><REACH who="1" step="1"/><E58/><REACH who="1" ten="250,240,120,380" step="2"/><V117/><F117/><W106/><G106/><T30/><D30/><AGARI ba="0,1" hai="7,8,13,22,24,30,39,43,45,60,63,72,76,80" machi="30" ten="30,11600,0" yaku="1,1,2,1,7,1,52,1,53,0" doraHai="38" doraHaiUra="31" who="1" fromWho="0" sc="250,-116,240,126,120,0,380,0" /><INIT seed="1,1,0,0,2,13" ten="134,366,120,380" oya="1" hai0="51,97,125,78,124,41,32,62,114,27,111,14,90" hai1="58,130,12,42,28,120,109,85,63,50,53,17,65" hai2="6,38,76,135,115,126,7,134,75,66,35,107,105" hai3="81,77,36,64,15,69,80,1,119,103,55,70,56"/><U92/><E120/><V3/><F126/><N who="0" m="48746" /><D111/><U49/><E130/><V71/><F115/><W79/><G1/><T106/><D114/><U59/><E109/><V108/><F108/><W100/><G36/><T54/><D78/><U9/><E28/><V110/><F110/><W101/><G64/><T18/><D62/><U104/><E104/><N who="2" m="40011" /><F38/><W8/><G119/><T128/><D41/><U132/><E132/><N who="2" m="50731" /><F35/><W96/><G96/><T19/><D128/><U20/><E42/><V99/><F99/><W98/><G98/><T11/><D32/><U48/><E9/><V86/><F86/><W4/><G69/><T39/><D27/><U33/><E33/><V133/><F133/><W131/><G70/><T74/><D74/><U26/><E26/><V73/><F76/><N who="3" m="29259" /><G131/><T57/><D39/><U24/><E24/><V121/><F121/><W72/><G72/><N who="2" m="27721" /><F3/><W25/><G25/><T118/><D118/><U94/><E94/><V67/><F71/><W45/><G45/><T93/><D106/><U117/><E117/><V44/><F44/><W40/><G40/><T60/><D51/><AGARI ba="1,0" hai="4,8,15,51,55,56,80,81,100,101,103" m="29259" machi="51" ten="30,1000,0" yaku="8,1" doraHai="13" who="3" fromWho="0" sc="134,-13,366,0,120,0,380,13" /><INIT seed="2,0,0,1,2,124" ten="121,366,120,393" oya="2" hai0="15,59,91,73,11,57,70,68,2,40,25,72,111" hai1="8,13,39,22,61,104,29,102,43,117,35,17,93" hai2="53,10,120,12,94,113,99,121,131,55,45,49,48" hai3="27,30,83,133,78,26,114,33,127,24,18,82,119"/><V5/><F113/><W65/><G127/><T86/><D2/><U52/><E117/><V46/><REACH who="2" step="1"/><F131/><REACH who="2" ten="121,366,110,393" step="2"/><W125/><G114/><T135/><D135/><U80/><E104/><V37/><F37/><W92/><G133/><T19/><D111/><U38/><E39/><V129/><F129/><W109/><G109/><T32/><D40/><U98/><E38/><V123/><F123/><W132/><G132/><T122/><D122/><U42/><E35/><V130/><F130/><W58/><G33/><T16/><D32/><U84/><E29/><V67/><F67/><W112/><G65/><T89/><D70/><U115/><E115/><V108/><F108/><W7/><G112/><T105/><D68/><U85/><E8/><V31/><F31/><W20/><G30/><T103/><D105/><U77/><REACH who="1" step="1"/><E85/><REACH who="1" ten="121,356,110,393" step="2"/><V54/><F54/><W4/><G125/><T64/><D86/><U6/><E6/><V118/><F118/><W97/><G4/><T28/><D64/><U90/><E90/><AGARI ba="0,2" hai="5,10,12,45,46,48,49,53,55,90,94,99,120,121" machi="90" ten="30,12000,1" yaku="1,1,7,1,9,1,53,2" doraHai="124" doraHaiUra="116" who="2" fromWho="1" sc="121,0,356,-120,110,140,393,0" /><INIT seed="2,1,0,3,4,135" ten="121,236,250,393" oya="2" hai0="61,125,84,59,107,60,120,77,29,15,1,98,132" hai1="62,116,23,99,9,33,103,26,110,134,30,72,40" hai2="67,48,54,108,43,71,130,70,63,49,113,19,39" hai3="12,122,7,109,78,96,10,128,55,65,16,73,76"/><V74/><F74/><W22/><G122/><T28/><D120/><U114/><E116/><V91/><F91/><W100/><G109/><T127/><D132/><U11/><E110/><V56/><F19/><W86/><G73/><T42/><D1/><U95/><E114/><V13/><F13/><W58/><G65/><T21/><D42/><U44/><E134/><V124/><F108/><W94/><G86/><T105/><D77/><U112/><E112/><V81/><F81/><W75/><G128/><T4/><D84/><U38/><E72/><V31/><F31/><W53/><G53/><T47/><D47/><U92/><E33/><V14/><F14/><W119/><G119/><T36/><D36/><U126/><E126/><N who="0" m="48137" /><D60/><U20/><E20/><V27/><F124/><W66/><G75/><T35/><D35/><U123/><E123/><V17/><F113/><W8/><G8/><N who="0" m="4487" /><D21/><U41/><E41/><V50/><F17/><W79/><G79/><T57/><D57/><U93/><REACH who="1" step="1"/><E62/><REACH who="1" ten="121,226,250,393" step="2"/><N who="2" m="36119" /><F130/><W121/><G121/><T51/><D51/><U133/><E133/><V82/><F27/><W80/><G22/><T34/><D34/><U68/><E68/><N who="2" m="42111" /><F82/><W97/><G80/><T37/><D37/><U131/><E131/><V69/><F39/><W106/><G10/><AGARI ba="1,1" hai="9,10,11,23,26,30,38,40,44,92,93,95,99,103" machi="10" ten="40,2600,0" yaku="1,1,53,1" doraHai="135" doraHaiUra="18" who="1" fromWho="3" sc="121,0,226,39,250,0,393,-29" /><INIT seed="3,0,0,4,3,12" ten="121,265,250,364" oya="3" hai0="51,9,74,20,106,23,3,8,129,1,37,38,17" hai1="39,84,2,60,33,83,127,118,4,32,29,102,134" hai2="109,117,116,71,47,90,25,5,0,61,63,70,14" hai3="111,110,98,69,34,82,120,59,11,123,45,66,77"/><W53/><G34/><T58/><D74/><U49/><E39/><V124/><F109/><N who="3" m="41483" /><G98/><T43/><D106/><U76/><E127/><V6/><F0/><W56/><G11/><T26/><D43/><U36/><E36/><V57/><F47/><W73/><G69/><T64/><D64/><U50/><E134/><V16/><F124/><W30/><G30/><T88/><D129/><U78/><E118/><V68/><F25/><W114/><G114/><T125/><D125/><U85/><E102/><V99/><F117/><W22/><G22/><T126/><D126/><U95/><E29/><V96/><F116/><W79/><G79/><T133/><D133/><U122/><E122/><V13/><F90/><W10/><G10/><T97/><D37/><U128/><E128/><V19/><F70/><W131/><G131/><T93/><D38/><U54/><E2/><V48/><F48/><N who="3" m="28815" /><G66/><T28/><D3/><U52/><E4/><V91/><F91/><W130/><G130/><T72/><D72/><U108/><E108/><V41/><F57/><AGARI ba="0,0" hai="56,57,59,73,77,82,120,123" m="28815,41483" machi="57" ten="30,2900,0" yaku="14,1,10,1" doraHai="12" who="3" fromWho="2" sc="121,0,265,0,250,-29,364,29" /><INIT seed="3,1,0,1,3,54" ten="121,265,221,393" oya="3" hai0="0,4,5,46,48,102,103,73,91,72,129,61,123" hai1="60,37,3,126,47,128,130,131,59,74,113,83,51" hai2="93,24,50,26,36,15,10,112,95,49,86,68,79" hai3="40,108,32,21,81,22,44,127,31,66,20,85,12"/><W119/><G119/><T33/><D123/><U106/><E3/><V120/><F112/><W122/><G122/><T58/><D33/><U29/><E106/><V69/><F120/><W94/><G127/><T53/><D129/><U27/><E113/><V92/><F36/><W17/><G94/><T14/><D0/><U96/><E96/><V89/><F79/><W101/><G101/><T115/><D115/><U11/><E126/><V8/><F86/><W56/><G32/><T9/><D5/><U105/><E105/><V87/><F87/><W34/><G34/><T109/><D109/><U99/><E99/><V38/><F38/><W13/><G13/><T107/><D91/><U100/><E11/><V57/><F89/><W63/><G31/><T75/><REACH who="0" step="1"/><D107/><REACH who="0" ten="111,265,221,393" step="2"/><U1/><E1/><V118/><F118/><W43/><G108/><T90/><D90/><U114/><E114/><V64/><F93/><W18/><G18/><T104/><D104/><U84/><E130/><V25/><F95/><W19/><G19/><T77/><D77/><U80/><E128/><V35/><F92/><W135/><G135/><T28/><D28/><U6/><E29/><V76/><F76/><W41/><G44/><T117/><D117/><U97/><E131/><V55/><F35/><W45/><G45/><T82/><D82/><U110/><E80/><V71/><F25/><W121/><G121/><T2/><D2/><U52/><E83/><V134/><F26/><W70/><G81/><T116/><D116/><U39/><E110/><V124/><F134/><W23/><N who="3" m="5120" /><DORA hai="125" /><W16/><G17/><RYUUKYOKU ba="1,1" sc="111,30,265,-10,221,-10,393,-10" hai0="4,9,14,46,48,53,58,61,72,73,75,102,103" /><INIT seed="4,2,1,2,5,6" ten="141,255,211,383" oya="0" hai0="66,4,82,46,23,133,25,99,28,101,52,73,84" hai1="124,54,39,60,135,132,70,116,117,108,3,74,89" hai2="14,103,126,9,47,38,0,83,24,40,95,44,113" hai3="90,98,129,118,48,115,20,59,56,120,63,33,55"/><T57/><D73/><U15/><E74/><V64/><F126/><W36/><G115/><T104/><D133/><N who="1" m="51275" /><E3/><V130/><F130/><W102/><G33/><T97/><D4/><U68/><E15/><V5/><F113/><W49/><G36/><T119/><D119/><N who="1" m="45643" /><E89/><V51/><F64/><W17/><G129/><T100/><D46/><U134/><E134/><V32/><F83/><W10/><G120/><T37/><D66/><U87/><E87/><V105/><F105/><W86/><G59/><T22/><D37/><U94/><E94/><V72/><F72/><W114/><G114/><T42/><D42/><U31/><E31/><V53/><F24/><W2/><G2/><T109/><D109/><U131/><E108/><V58/><F32/><W79/><G79/><N who="0" m="46175" /><D23/><U26/><E26/><V91/><F103/><N who="0" m="39498" /><D104/><U112/><E131/><V128/><F128/><W18/><G118/><T27/><D27/><U81/><E112/><V75/><F75/><W121/><G121/><T85/><D85/><U30/><E39/><V41/><F0/><W93/><G86/><T7/><D7/><U107/><E107/><V69/><F69/><N who="1" m="26729" /><E81/><V29/><F29/><W92/><G92/><T76/><D76/><U123/><E30/><V77/><F77/><W61/><G93/><T125/><D125/><U78/><E78/><V35/><F35/><W65/><G102/><T111/><D111/><U106/><E124/><V11/><F11/><W62/><G10/><T43/><D43/><N who="2" m="16458" /><F38/><W96/><G20/><T34/><D34/><U50/><E106/><V80/><F80/><W88/><G90/><RYUUKYOKU ba="2,1" sc="141,15,255,-15,211,15,383,-15" hai0="22,25,28,52,57,97,99" hai2="5,9,14,44,47,51,53,58,91,95" /><INIT seed="4,3,1,0,4,4" ten="156,240,226,368" oya="0" hai0="119,35,45,69,121,58,79,127,62,91,41,126,132" hai1="133,43,93,29,104,27,61,115,103,21,0,46,15" hai2="59,122,88,65,95,6,3,129,130,111,25,52,125" hai3="112,38,118,34,83,56,123,89,48,107,60,128,80"/><T53/><D35/><U87/><E0/><V22/><F111/><W105/><G38/><N who="0" m="21687" /><D79/><U44/><E133/><V2/><F122/><W102/><G118/><T24/><D24/><U33/><E115/><V70/><F125/><N who="0" m="47626" /><D91/><U90/><E104/><V94/><F65/><W36/><G34/><T51/><D132/><U47/><E103/><V23/><F70/><W9/><G102/><T40/><D119/><U108/><E108/><V49/><F95/><W55/><G89/><T106/><D106/><U114/><E114/><V12/><F12/><W18/><G112/><T84/><D84/><U117/><E117/><V30/><F23/><W131/><G105/><T11/><D11/><U63/><E43/><V1/><REACH who="2" step="1"/><F6/><REACH who="2" ten="156,240,216,368" step="2"/><W66/><G107/><T101/><D101/><U37/><E37/><V7/><F7/><W19/><G36/><T96/><D96/><AGARI ba="3,2" hai="1,2,3,22,25,30,49,52,59,88,94,96,129,130" machi="96" ten="40,5200,0" yaku="1,1,54,2,53,0" doraHai="4" doraHaiUra="10" who="2" fromWho="0" sc="156,-61,240,0,216,81,368,0" /><INIT seed="5,0,0,3,0,66" ten="95,240,297,368" oya="1" hai0="7,56,83,80,45,69,121,71,112,37,122,48,102" hai1="58,85,135,108,81,68,79,88,126,55,82,9,28" hai2="43,116,20,41,94,33,129,32,25,39,17,29,16" hai3="57,34,47,15,18,93,26,133,24,70,35,2,113"/><U110/><E135/><V13/><F116/><W106/><G106/><T120/><D7/><U96/><E126/><V98/><F129/><W111/><G2/><T61/><D102/><U118/><E118/><V123/><F123/><W117/><G117/><T10/><D10/><U76/><E28/><V38/><F38/><W107/><G107/><T97/><D97/><U46/><E46/><V64/><F64/><W62/><G111/><N who="1" m="42538" /><E9/><V8/><F39/><W124/><G124/><T99/><D99/><U52/><E68/><N who="0" m="26185" /><D37/><U127/><E127/><V87/><F87/><W22/><G70/><T14/><D14/><U89/><E96/><V60/><F60/><W86/><G34/><T11/><D11/><U36/><E36/><V105/><F105/><W42/><G35/><T3/><D3/><U104/><E55/><V109/><F109/><W84/><G15/><T132/><D132/><U49/><E104/><V114/><F33/><W50/><G133/><T130/><D130/><U128/><E128/><V100/><F114/><W30/><G113/><T40/><D112/><U6/><E6/><V115/><F115/><W54/><G93/><T77/><D77/><U0/><E0/><V125/><F125/><W59/><G30/><T27/><D27/><AGARI ba="0,0" hai="8,13,16,17,20,25,27,29,32,41,43,94,98,100" machi="27" ten="30,2000,0" yaku="7,1,54,1" doraHai="66" who="2" fromWho="0" sc="95,-20,240,0,297,20,368,0" /><INIT seed="6,0,0,1,4,125" ten="75,240,317,368" oya="2" hai0="34,84,1,93,108,69,37,9,111,65,100,13,131" hai1="4,38,117,105,76,29,48,74,103,57,80,41,106" hai2="132,35,70,123,44,128,122,16,62,64,120,53,89" hai3="58,54,0,52,12,25,39,94,87,79,107,28,21"/><V124/><F35/><W14/><G0/><T110/><D37/><U82/><E117/><V86/><F124/><W31/><G39/><T22/><D34/><U33/><E57/><V61/><F132/><W130/><G130/><T91/><D22/><U129/><E48/><V46/><F128/><W23/><G107/><T113/><D1/><U96/><E82/><V78/><F78/><W66/><G66/><T67/><D113/><U77/><E76/><V83/><F53/><W3/><G3/><T47/><D47/><N who="1" m="23991" /><E4/><V116/><F116/><W109/><G109/><T15/><D131/><U102/><E102/><V134/><F134/><W42/><G42/><T17/><D69/><U104/><E129/><V118/><F118/><W11/><G11/><T133/><D133/><U114/><E114/><V85/><F62/><W7/><G7/><T2/><D2/><U71/><E71/><V90/><REACH who="2" step="1"/><F16/><REACH who="2" ten="75,240,307,368" step="2"/><W36/><G54/><T8/><REACH who="0" step="1"/><D100/><REACH who="0" ten="65,240,307,368" step="2"/><U40/><E103/><V10/><F10/><W59/><G28/><T95/><D95/><AGARI ba="0,2" hai="44,46,61,64,70,83,85,86,89,90,95,120,122,123" machi="95" ten="40,7700,0" yaku="1,1,53,2" doraHai="125" doraHaiUra="81" who="2" fromWho="0" sc="65,-77,240,0,307,97,368,0" owari="-12,-51.2,240,-16.0,404,50.4,368,16.8" /></mjloggm>