<mjloggm ver="2.3"><GO type="169" lobby="0"/><UN n0="%E6%84%9B%E5%AA%9B%E7%9C%8C%E7%94%A3%E3%81%BF%E3%81%8B%E3%82%93" n1="%E8%82%89%E5%9B%A3%E5%AD%90%E5%85%88%E7%94%9F" n2="%77%61%77%61%33%30%33%30" n3="%5A%E6%B0%91" dan="16,16,17,18" rate="2166.57,2093.26,2179.80,2242.53" sx="M,M,M,M"/><TAIKYOKU oya="0"/><INIT seed="0,0,0,2,1,95" ten="250,250,250,250" oya="0" hai0="61,9,129,113,11,25,18,24,132,8,5,23,99" hai1="111,123,10,36,64,108,83,42,28,128,82,79,119" hai2="73,92,41,13,75,50,66,4,63,37,86,62,116" hai3="102,109,68,47,72,16,30,118,117,94,107,124,115"/><T110/><D113/><U32/><E119/><V26/><F37/><W51/><G115/><T48/><D129/><U53/><E123/><V49/><F63/><W60/><G72/><T46/><D132/><U43/><E64/><V127/><F127/><W114/><G114/><T105/><D61/><U58/><E36/><V101/><F49/><W6/><G6/><T22/><D110/><U130/><E10/><V27/><F13/><W55/><G109/><N who="1" m="42058" /><E28/><V87/><F4/><W125/><G107/><T54/><D5/><U21/><E21/><V39/><F39/><W93/><G30/><T134/><D134/><U45/><E45/><V40/><F75/><W88/><G94/><T12/><REACH who="0" step="1"/><D23/><REACH who="0" ten="240,250,250,250" step="2"/><U103/><E130/><V38/><F62/><W44/><G60/><T133/><D133/><U76/><E128/><V91/><F116/><W56/><G118/><T57/><D57/><U2/><E58/><V33/><F66/><W7/><G117/><T112/><D112/><U1/><E32/><V15/><F33/><W81/><G7/><T19/><D19/><U29/><E1/><V34/><F34/><W69/><G16/><T131/><D131/><U85/><E2/><V74/><F38/><W67/><G67/><T98/><D98/><U35/><E35/><V17/><F17/><W121/><G121/><T89/><D89/><U31/><E31/><V97/><F91/><W126/><G68/><T14/><D14/><U100/><E29/><V20/><F15/><W84/><G69/><T77/><D77/><U104/><E76/><V122/><F122/><W80/><G102/><AGARI ba="0,1" hai="8,9,11,12,18,22,24,25,46,48,54,99,102,105" machi="102" ten="40,7700,0" yaku="1,1,6,1,52,1,53,0" doraHai="95" doraHaiUra="135" who="0" fromWho="3" sc="240,87,250,0,250,0,250,-77" /><INIT seed="0,1,0,0,2,9" ten="327,250,250,173" oya="0" hai0="46,133,32,126,30,125,18,27,54,113,6,85,55" hai1="57,2,95,105,67,124,90,48,128,111,10,39,36" hai2="52,64,89,112,120,78,37,106,23,131,60,29,84" hai3="99,42,17,44,77,102,59,132,70,87,53,35,82"/><T22/><D113/><U7/><E111/><V72/><F112/><W13/><G132/><T115/><D115/><U66/><E124/><N who="0" m="47721" /><D133/><U109/><E109/><V83/><F37/><W15/><G70/><T11/><D85/><U26/><E105/><V56/><F131/><W74/><G35/><T129/><D46/><U96/><E128/><V107/><F120/><W114/><G74/><T79/><D79/><U16/><E67/><V92/><F29/><W118/><G118/><T69/><D69/><U75/><E75/><V134/><F134/><W1/><G1/><N who="0" m="463" /><D129/><U4/><E4/><V81/><F81/><W101/><G114/><T122/><D122/><U63/><REACH who="1" step="1"/><E48/><REACH who="1" ten="327,240,250,173" step="2"/><V88/><F72/><W61/><G17/><T3/><D3/><U41/><E41/><V80/><F64/><W100/><REACH who="3" step="1"/><G99/><REACH who="3" ten="327,240,250,163" step="2"/><T71/><D71/><U86/><E86/><V5/><F84/><W103/><N who="3" m="25600" /><DORA hai="47" /><W76/><G76/><T43/><D43/><U8/><E8/><V91/><F78/><W117/><G117/><T97/><D97/><U49/><E49/><AGARI ba="1,2" hai="13,15,42,44,49,53,59,61,77,82,87" m="25600" machi="49" ten="50,12000,2" yaku="1,1,8,1,52,3,53,2" doraHai="9,47" doraHaiUra="50,51" who="3" fromWho="1" sc="327,0,240,-123,250,0,163,143" /><INIT seed="1,0,0,4,4,123" ten="327,117,250,306" oya="1" hai0="36,35,21,103,127,34,12,102,77,2,129,110,92" hai1="91,87,60,49,75,46,93,90,54,31,52,71,25" hai2="53,82,57,108,122,121,6,11,20,119,99,81,125" hai3="58,100,27,56,69,22,29,39,111,84,89,107,134"/><U78/><E75/><V105/><F119/><W118/><G39/><T67/><D2/><U62/><E78/><V19/><F125/><W74/><G69/><T64/><D36/><U85/><E54/><V4/><F4/><W73/><G134/><T109/><D77/><U61/><E71/><V96/><F108/><N who="0" m="41578" /><D127/><U43/><E43/><V120/><F105/><W14/><G107/><T45/><D129/><U13/><E13/><V23/><F99/><W112/><G100/><N who="0" m="38443" /><D45/><U16/><E16/><V10/><F96/><W97/><G97/><T18/><D92/><U26/><REACH who="1" step="1"/><E31/><REACH who="1" ten="327,107,250,306" step="2"/><V50/><F121/><W126/><G111/><T80/><D80/><AGARI ba="0,1" hai="25,26,46,49,52,60,61,62,80,85,87,90,91,93" machi="80" ten="40,12000,1" yaku="1,1,2,1,8,1,54,1,53,0" doraHai="123" doraHaiUra="5" who="1" fromWho="0" sc="327,-120,107,130,250,0,306,0" /><INIT seed="1,1,0,0,3,74" ten="207,237,250,306" oya="1" hai0="0,50,37,53,131,47,101,58,17,39,97,73,45" hai1="83,10,87,57,59,120,113,20,29,104,11,95,77" hai2="125,35,30,121,111,106,1,27,82,81,85,40,103" hai3="124,51,89,49,119,48,105,55,18,2,65,91,64"/><U108/><E113/><V80/><F121/><W107/><G2/><T24/><D0/><U7/><E120/><V12/><F1/><W46/><G124/><T25/><D131/><U96/><E104/><V117/><F117/><W98/><G119/><T68/><D68/><U21/><E108/><V44/><F111/><W3/><G3/><T86/><D73/><U9/><E7/><V118/><F125/><W76/><G18/><T26/><D17/><U134/><E134/><V67/><F67/><W34/><G34/><T63/><D47/><U127/><E127/><V16/><F103/><W14/><G14/><T102/><D86/><U42/><E42/><V90/><F106/><W79/><G51/><T61/><D61/><U19/><E29/><V31/><F30/><W75/><G75/><T56/><D56/><U100/><REACH who="1" step="1"/><E21/><REACH who="1" ten="207,227,250,306" step="2"/><V60/><F118/><W112/><G112/><T28/><D28/><U4/><E4/><V23/><REACH who="2" step="1"/><F60/><REACH who="2" ten="207,227,240,306" step="2"/><W62/><G62/><T15/><D63/><U54/><E54/><V36/><AGARI ba="1,2" hai="12,16,23,27,31,35,36,40,44,80,81,82,85,90" machi="36" ten="20,8000,1" yaku="1,1,2,1,0,1,7,1,54,1,53,0" doraHai="74" doraHaiUra="128" who="2" fromWho="2" sc="207,-21,227,-41,240,103,306,-21" /><INIT seed="2,0,0,2,0,104" ten="186,186,343,285" oya="2" hai0="125,16,79,74,103,119,130,27,131,116,15,18,60" hai1="66,126,96,75,113,4,81,73,80,78,11,69,33" hai2="112,24,10,97,110,76,57,34,0,49,42,109,117" hai3="61,39,9,40,128,134,48,88,124,105,29,95,102"/><V94/><F112/><W31/><G124/><T111/><D125/><U135/><E126/><V17/><F117/><N who="0" m="45130" /><D103/><U98/><E113/><V50/><F42/><W53/><G128/><N who="0" m="49195" /><D111/><N who="2" m="42506" /><F57/><W26/><G134/><T62/><D27/><U87/><E33/><V99/><F76/><W23/><G31/><T51/><D51/><N who="2" m="19466" /><F0/><W22/><G48/><T56/><D15/><U67/><E135/><V25/><F97/><W44/><G40/><T47/><D47/><U1/><E69/><V121/><F34/><W70/><G44/><T6/><D6/><U45/><E45/><V65/><F65/><W37/><G70/><T108/><D108/><U72/><REACH who="1" step="1"/><E81/><REACH who="1" ten="186,176,343,285" step="2"/><V43/><F121/><W52/><G37/><T38/><D38/><U83/><E83/><V30/><F43/><W101/><G39/><T133/><D133/><U91/><E91/><N who="2" m="55775" /><F30/><W46/><G29/><T77/><D60/><U64/><AGARI ba="0,1" hai="1,4,11,64,66,67,72,73,75,78,80,87,96,98" machi="64" ten="40,12000,2" yaku="1,1,0,1,52,3,53,1" doraHai="104" doraHaiUra="32" who="1" fromWho="1" sc="186,-30,176,130,343,-60,285,-30" /><INIT seed="3,0,0,2,5,90" ten="156,306,283,255" oya="3" hai0="74,50,106,58,124,97,62,27,36,111,105,0,61" hai1="85,60,15,63,103,24,49,117,44,75,135,71,31" hai2="118,9,20,17,101,67,102,23,65,28,57,77,76" hai3="29,116,99,53,48,100,95,5,132,13,94,109,126"/><W87/><G116/><T123/><D123/><U42/><E117/><V110/><F110/><W10/><G109/><T92/><D36/><U40/><E75/><V19/><F28/><W11/><G132/><T4/><D74/><U131/><E103/><V22/><F118/><W93/><G126/><T108/><D111/><U18/><E131/><V59/><F23/><W34/><G34/><T12/><D0/><U66/><E42/><V114/><REACH who="2" step="1"/><F9/><REACH who="2" ten="156,306,273,255" step="2"/><W80/><G29/><T104/><D108/><U130/><E31/><V25/><F25/><W35/><G11/><T134/><D27/><U68/><E24/><V113/><AGARI ba="0,1" hai="17,19,20,22,57,59,65,67,76,77,101,102,113,114" machi="113" ten="25,6400,0" yaku="1,1,0,1,22,2,53,0" doraHai="90" doraHaiUra="21" who="2" fromWho="2" sc="156,-16,306,-16,273,74,255,-32" /><INIT seed="4,0,0,4,2,43" ten="140,290,347,223" oya="0" hai0="25,83,79,93,2,128,40,34,35,49,18,124,130" hai1="78,14,121,111,106,77,87,134,61,36,19,60,29" hai2="117,92,88,126,73,105,57,12,112,47,38,98,15" hai3="28,86,21,89,39,104,109,53,80,59,125,132,23"/><T65/><D2/><U6/><E111/><V75/><F112/><W46/><G109/><T44/><D65/><U72/><E106/><V24/><F126/><W129/><G125/><T10/><D124/><U45/><E72/><V41/><F117/><W62/><G132/><T76/><D93/><U99/><E29/><V68/><F68/><W54/><G129/><N who="0" m="49771" /><D79/><U97/><E121/><V30/><F105/><W101/><G28/><T1/><D25/><U90/><E6/><V122/><F122/><W63/><G63/><T50/><D50/><U0/><E0/><V135/><F135/><W103/><G39/><T118/><D118/><U69/><E61/><V3/><F3/><W108/><G108/><T66/><D66/><U27/><E27/><V16/><F57/><W96/><REACH who="3" step="1"/><G103/><REACH who="3" ten="140,290,347,213" step="2"/><T71/><D71/><U84/><E69/><V9/><F15/><W94/><G94/><T32/><D1/><U42/><E14/><V55/><F55/><W91/><G91/><T123/><D123/><U107/><E90/><V133/><F133/><W102/><G102/><T115/><D115/><U127/><E127/><V58/><F58/><W20/><G20/><AGARI ba="0,1" hai="9,12,16,20,24,30,38,41,47,73,75,88,92,98" machi="20" ten="30,7700,0" yaku="7,1,52,1,54,2" doraHai="43" who="2" fromWho="3" sc="140,0,290,0,347,87,213,-77" /><INIT seed="5,0,0,1,5,85" ten="140,290,434,136" oya="1" hai0="1,18,119,126,26,33,93,59,10,121,12,38,52" hai1="132,17,103,105,25,88,22,51,70,123,82,99,49" hai2="107,36,128,48,60,29,96,4,43,28,87,66,90" hai3="76,3,31,53,100,120,79,104,35,65,46,54,24"/><U5/><E123/><V84/><F36/><W69/><G3/><T78/><D119/><U127/><E70/><V75/><F75/><W39/><G120/><T63/><D121/><U2/><E132/><V8/><F87/><W101/><G101/><T134/><D134/><U68/><E68/><V97/><F107/><W71/><G71/><T109/><D109/><U32/><E32/><V112/><F112/><W21/><G21/><T42/><D126/><U58/><E127/><V94/><F29/><W6/><G6/><T118/><D118/><U81/><E81/><V89/><F28/><W15/><G15/><T34/><D1/><U83/><E83/><V56/><F90/><W130/><G130/><T67/><D78/><N who="3" m="29737" /><G46/><T19/><D93/><U98/><E58/><V20/><F20/><W116/><G39/><T113/><D113/><U80/><E80/><V133/><F128/><W122/><G116/><T74/><D74/><U47/><E47/><N who="2" m="25727" /><F133/><W23/><G23/><T30/><D34/><U108/><E108/><V115/><F115/><W41/><G122/><T44/><REACH who="0" step="1"/><D19/><REACH who="0" ten="130,290,434,136" step="2"/><U124/><E124/><V117/><F117/><W77/><G77/><T91/><D91/><U92/><REACH who="1" step="1"/><E82/><REACH who="1" ten="130,280,434,136" step="2"/><V125/><F125/><W62/><G35/><T111/><D111/><U0/><E0/><V106/><F56/><W135/><G135/><T55/><AGARI ba="0,2" hai="10,12,18,26,30,33,38,42,44,52,55,59,63,67" machi="55" ten="30,7900,0" yaku="1,1,0,1,54,1,53,1" doraHai="85" doraHaiUra="27" who="0" fromWho="0" sc="130,99,280,-39,434,-20,136,-20" /><INIT seed="6,0,0,3,3,75" ten="229,241,414,116" oya="2" hai0="19,32,52,125,101,60,57,76,22,131,122,12,79" hai1="121,68,116,102,15,78,30,48,24,69,120,100,129" hai2="72,27,44,90,35,38,106,87,105,11,132,34,135" hai3="64,104,119,1,89,113,25,133,40,23,103,45,14"/><V46/><F72/><W114/><G1/><T54/><D122/><N who="1" m="47211" /><E116/><V97/><F11/><W118/><G64/><T63/><D32/><U93/><E15/><V26/><F87/><W2/><G2/><T111/><D111/><U55/><E78/><N who="0" m="29737" /><D125/><U61/><E61/><N who="0" m="23625" /><D131/><U130/><E130/><V126/><F97/><N who="3" m="61551" /><G14/><T77/><N who="0" m="29745" /><T6/><DORA hai="8" /><D101/><N who="1" m="39019" /><E93/><V21/><F34/><W20/><G133/><T66/><D6/><U134/><E134/><V73/><F35/><W7/><G7/><T107/><D107/><U10/><E129/><V56/><F105/><W3/><G3/><T5/><D5/><U95/><E95/><V67/><F106/><W17/><G119/><T51/><D54/><U115/><E55/><V43/><F126/><W84/><G118/><T62/><D62/><U128/><E128/><V109/><F109/><W99/><G114/><T81/><D81/><U117/><E115/><V91/><F132/><W83/><G113/><T58/><D66/><U124/><E117/><V18/><F135/><W71/><G83/><T98/><D98/><U74/><E124/><V53/><F67/><W28/><G99/><T31/><D31/><U127/><E30/><V29/><F29/><W123/><G123/><T59/><AGARI ba="0,0" hai="12,19,22,51,52,57,58,59" m="23625,29745" machi="59" ten="40,12000,2" yaku="8,1,52,5,54,1" doraHai="75,8" who="0" fromWho="0" sc="229,120,241,-30,414,-60,116,-30" /><INIT seed="7,0,0,4,0,85" ten="349,211,354,86" oya="3" hai0="17,68,106,96,64,82,12,109,35,56,128,101,75" hai1="118,98,7,9,72,70,37,69,76,41,112,58,134" hai2="81,53,24,93,1,2,33,83,47,32,11,23,78" hai3="125,44,39,29,57,122,130,18,89,22,62,102,6"/><W84/><G122/><T43/><D109/><U104/><E112/><V54/><F83/><W55/><G125/><T65/><D68/><U117/><E58/><V25/><F93/><W51/><G130/><T30/><D43/><U60/><E134/><V105/><F105/><W73/><G73/><T126/><D56/><U46/><E60/><V100/><F100/><W99/><G39/><T79/><D126/><U103/><E117/><V13/><F2/><W111/><G111/><T36/><D36/><U133/><E133/><V94/><F94/><W5/><G29/><T19/><D19/><U14/><E118/><V127/><F1/><W113/><G113/><T91/><D128/><U90/><E90/><V129/><F25/><N who="3" m="14551" /><G102/><T28/><D28/><U120/><E120/><V87/><F129/><W45/><G45/><T66/><D30/><U110/><E110/><V67/><F47/><W86/><G86/><T50/><D35/><U8/><E8/><V92/><F33/><W97/><G97/><T74/><D74/><U26/><E26/><V63/><F32/><W38/><G38/><T107/><D107/><U16/><E7/><V48/><F127/><W80/><G99/><T40/><D12/><U0/><E0/><V49/><F13/><W88/><G89/><T77/><D17/><U71/><E72/><V20/><F87/><W52/><AGARI ba="0,0" hai="5,6,44,51,52,55,57,62,80,84,88" m="14551" machi="52" ten="30,11700,0" yaku="8,1,52,1,54,2" doraHai="85" who="3" fromWho="3" sc="349,-39,211,-39,354,-39,86,117" /><INIT seed="7,1,0,0,4,74" ten="310,172,315,203" oya="3" hai0="88,102,132,24,96,46,66,95,101,100,61,15,14" hai1="99,109,107,12,55,128,22,76,57,104,5,79,119" hai2="20,113,23,97,28,4,40,78,126,127,129,122,49" hai3="47,53,80,10,117,111,51,41,135,56,17,105,44"/><W89/><G117/><T91/><D132/><U71/><E109/><V11/><F113/><W58/><G105/><T75/><D75/><U124/><E71/><V70/><F70/><W50/><G135/><T19/><D46/><U0/><E128/><V3/><F129/><W82/><G111/><T37/><D37/><U120/><E120/><V112/><F112/><W45/><G45/><T73/><D73/><U121/><E121/><V86/><F28/><W108/><G108/><T54/><D54/><U87/><E0/><V130/><F130/><W134/><G134/><T6/><D6/><U68/><E68/><V93/><F49/><W72/><G82/><T64/><D91/><U115/><E115/><V42/><F78/><N who="1" m="29737" /><E119/><V27/><F86/><N who="3" m="50375" /><G72/><T106/><D106/><U29/><E107/><V123/><F27/><W35/><G35/><T60/><D64/><U25/><E104/><V92/><F92/><W125/><G125/><N who="2" m="47625" /><F123/><W38/><G38/><T133/><D133/><U103/><E124/><V43/><F122/><W118/><G118/><T1/><D1/><U8/><E87/><V63/><F63/><N who="0" m="24138" /><D66/><U34/><E34/><V13/><F3/><W65/><G65/><T18/><D24/><U52/><E57/><V62/><F62/><W110/><G110/><T21/><D101/><AGARI ba="1,0" hai="4,11,13,20,23,40,42,43,93,97,101" m="47625" machi="101" ten="30,1000,0" yaku="18,1" doraHai="74" who="2" fromWho="0" sc="310,-13,172,0,315,13,203,0" owari="297,9.7,172,-32.8,328,42.8,203,-19.7" /></mjloggm>