<mjloggm ver="2.3"><GO type="169" lobby="0"/><UN n0="%7A%6F%6F%31%39%36%34" n1="%E8%8A%B1%E9%81%93%E6%A1%9C%E6%9C%A8" n2="%E3%83%8A%E3%82%B9%E3%83%9C%E3%82%A6" n3="%E6%A1%9C%E5%B0%8F%E8%B7%AF%E6%89%8D%E8%8F%AF" dan="18,16,16,16" rate="2281.74,2138.88,2046.35,2161.82" sx="M,M,M,M"/><TAIKYOKU oya="0"/><INIT seed="0,0,0,0,0,56" ten="250,250,250,250" oya="0" hai0="111,95,64,17,118,28,3,29,59,11,22,66,25" hai1="96,97,26,0,109,9,107,44,23,60,52,47,40" hai2="12,131,87,89,90,81,116,49,24,68,112,86,121" hai3="70,74,99,123,30,50,129,15,20,98,43,80,32"/><T54/><D118/><U113/><E109/><V101/><F112/><W18/><G70/><T33/><D111/><U104/><E113/><V102/><F121/><W7/><G123/><T6/><D95/><U78/><E78/><V14/><F49/><W135/><G135/><T108/><D108/><U1/><E9/><V51/><F51/><W10/><G129/><T16/><D17/><U124/><E124/><V106/><F131/><W76/><G43/><T46/><D46/><U82/><E82/><V48/><F48/><W103/><G50/><T110/><D110/><U133/><E133/><V105/><F24/><W4/><G4/><T42/><D42/><U83/><E83/><V37/><F81/><W79/><G79/><T34/><D29/><U127/><E127/><V85/><F68/><W13/><G103/><T35/><REACH who="0" step="1"/><D28/><REACH who="0" ten="240,250,250,250" step="2"/><U53/><E40/><V126/><F116/><W19/><G19/><T128/><D128/><U75/><E47/><V45/><F126/><W77/><G30/><T21/><D21/><U119/><E44/><V38/><F45/><W134/><G20/><T100/><D100/><N who="2" m="38506" /><F89/><W69/><G77/><T92/><D92/><U115/><E119/><V8/><F90/><W71/><G76/><T36/><D36/><N who="2" m="13930" /><F8/><W62/><G10/><T65/><D65/><U114/><E23/><V5/><F5/><W88/><G7/><T61/><AGARI ba="0,1" hai="3,6,11,16,22,25,33,34,35,54,59,61,64,66" machi="61" ten="30,11700,0" yaku="1,1,0,1,52,1,54,1,53,0" doraHai="56" doraHaiUra="117" who="0" fromWho="0" sc="240,127,250,-39,250,-39,250,-39" /><INIT seed="0,1,0,0,2,102" ten="367,211,211,211" oya="0" hai0="30,111,118,65,93,96,120,44,38,71,83,28,9" hai1="15,5,49,29,134,92,97,107,45,130,62,26,10" hai2="106,43,119,88,126,125,4,117,74,23,67,63,79" hai3="20,59,68,35,34,32,12,24,66,121,123,31,61"/><T39/><D118/><U89/><E130/><V64/><F43/><W100/><G68/><T129/><D120/><U122/><E122/><V82/><F4/><W17/><REACH who="3" step="1"/><G100/><REACH who="3" ten="367,211,211,201" step="2"/><T14/><D129/><U40/><E134/><V2/><F119/><W46/><G46/><T127/><D44/><U51/><E62/><V55/><F117/><W37/><G37/><T16/><D127/><U101/><E51/><V103/><F63/><W70/><G70/><T57/><D71/><U85/><E49/><V8/><F126/><W69/><G69/><T80/><D39/><U135/><E45/><V109/><F125/><W110/><G110/><T90/><D111/><U84/><E135/><V81/><F109/><W78/><G78/><T58/><D38/><U25/><E40/><V113/><F79/><W41/><G41/><T75/><D75/><U13/><E13/><V73/><F73/><W91/><G91/><T52/><D58/><U54/><E101/><V27/><F88/><W132/><G132/><T124/><D124/><U7/><E15/><V6/><F74/><W56/><G56/><T76/><D76/><U87/><E89/><V115/><F113/><W72/><G72/><T116/><D116/><U1/><E1/><V3/><F115/><W131/><G131/><T33/><D80/><U105/><E26/><V108/><F108/><W50/><G50/><N who="0" m="30871" /><D83/><U18/><E25/><V114/><F114/><W77/><G77/><T128/><D128/><U98/><E87/><V47/><F81/><W104/><G104/><T86/><D86/><U133/><E85/><V36/><F82/><RYUUKYOKU ba="1,1" sc="367,-10,211,-10,211,-10,201,30" hai3="12,17,20,24,31,32,34,35,59,61,66,121,123" /><INIT seed="1,2,1,0,4,85" ten="357,201,201,231" oya="1" hai0="48,94,42,112,121,64,35,15,106,118,68,21,38" hai1="103,130,135,30,119,24,66,76,80,90,72,115,122" hai2="19,25,86,12,13,52,62,71,4,117,16,111,79" hai3="97,107,34,128,55,27,22,33,129,77,0,45,57"/><U23/><E115/><V99/><F111/><W47/><G0/><T39/><D118/><U41/><E119/><V133/><F133/><W9/><G9/><T40/><D106/><U3/><E122/><V100/><F4/><W58/><G77/><T36/><D35/><N who="3" m="13321" /><G107/><T73/><D73/><U102/><E130/><N who="3" m="50282" /><G97/><T113/><D21/><U114/><E135/><V8/><F117/><W61/><G58/><T1/><D1/><U91/><E114/><V132/><F71/><W59/><G57/><T7/><D121/><U92/><E3/><V56/><F132/><W126/><G126/><T11/><D113/><U46/><E66/><V93/><F25/><W105/><G105/><T51/><D112/><U87/><REACH who="1" step="1"/><E91/><REACH who="1" ten="357,191,201,231" step="2"/><V123/><F123/><W127/><G127/><T37/><D64/><U44/><E44/><V50/><F79/><W120/><G120/><T60/><D37/><AGARI ba="2,2" hai="23,24,30,37,41,46,72,76,80,87,90,92,102,103" machi="37" ten="30,11600,0" yaku="1,1,7,1,52,1,53,1" doraHai="85" doraHaiUra="69" who="1" fromWho="0" sc="357,-122,191,142,201,0,231,0" /><INIT seed="1,3,0,0,3,15" ten="235,333,201,231" oya="1" hai0="36,116,30,102,22,84,48,26,1,5,129,106,12" hai1="125,40,51,43,124,33,70,13,55,57,44,101,8" hai2="47,29,98,63,71,119,86,6,107,64,99,58,135" hai3="62,78,38,110,67,112,60,120,7,133,4,118,59"/><U126/><E33/><V94/><F99/><W2/><G120/><T90/><D116/><U134/><E70/><V82/><F119/><W105/><G118/><T14/><D36/><U72/><E134/><V88/><F135/><W131/><G133/><T132/><D132/><U31/><E31/><V65/><F6/><W28/><G112/><T96/><D129/><U114/><E114/><V24/><F47/><W100/><G38/><T69/><D69/><U39/><E72/><V73/><F73/><W80/><G131/><T68/><D68/><U11/><E101/><V23/><F71/><W75/><G110/><T93/><REACH who="0" step="1"/><D48/><REACH who="0" ten="225,333,201,231" step="2"/><U54/><E39/><V20/><F107/><W117/><G117/><T121/><D121/><U46/><E126/><V103/><REACH who="2" step="1"/><F23/><REACH who="2" ten="225,333,191,231" step="2"/><W89/><G105/><T3/><D3/><U127/><E127/><V45/><F45/><W130/><G2/><T83/><D83/><U49/><E57/><V61/><F61/><W81/><G130/><T41/><D41/><U95/><E95/><V85/><F85/><W25/><G60/><T113/><D113/><U37/><E37/><V53/><AGARI ba="3,2" hai="20,24,29,53,58,63,64,65,82,86,88,94,98,103" machi="53" ten="20,8000,1" yaku="1,1,0,1,7,1,8,1,54,1,53,0" doraHai="15" doraHaiUra="109" who="2" fromWho="2" sc="225,-23,333,-43,191,109,231,-23" /><INIT seed="2,0,0,2,3,42" ten="202,290,300,208" oya="2" hai0="58,55,98,34,21,35,104,107,102,27,82,134,78" hai1="87,115,20,101,8,53,49,133,96,24,11,106,18" hai2="7,2,52,63,64,41,14,105,40,23,77,92,33" hai3="85,39,95,46,57,28,50,54,130,122,108,69,117"/><V62/><F33/><W10/><G117/><T32/><D134/><U66/><E133/><V48/><F105/><W112/><G122/><T47/><D107/><U60/><E115/><V124/><F124/><W22/><G112/><T127/><D127/><U45/><REACH who="1" step="1"/><E87/><REACH who="1" ten="202,280,300,208" step="2"/><V118/><F118/><W74/><G85/><T132/><D132/><U37/><E37/><V75/><F75/><W29/><G39/><T93/><D35/><U70/><AGARI ba="0,1" hai="8,11,18,20,24,45,49,53,60,66,70,96,101,106" machi="70" ten="20,5200,0" yaku="1,1,0,1,7,1,52,1,53,0" doraHai="42" doraHaiUra="9" who="1" fromWho="1" sc="202,-13,280,62,300,-26,208,-13" /><INIT seed="3,0,0,5,0,7" ten="189,342,274,195" oya="3" hai0="41,60,21,13,29,74,47,78,76,100,36,34,83" hai1="80,32,115,52,1,135,48,82,97,81,24,3,75" hai2="57,11,134,95,112,49,92,61,84,90,101,94,108" hai3="53,26,35,28,6,126,67,72,96,38,68,0,116"/><W19/><G116/><T122/><D122/><U124/><E115/><V54/><F108/><W63/><G126/><T56/><D100/><U59/><E124/><V110/><F110/><W117/><G117/><T2/><D78/><U30/><E135/><V128/><F128/><W9/><G72/><T130/><D130/><U104/><REACH who="1" step="1"/><E75/><REACH who="1" ten="189,332,274,195" step="2"/><V77/><F134/><W87/><G38/><T111/><D111/><U12/><E12/><V107/><F112/><W42/><G42/><T86/><D74/><U43/><E43/><V98/><F77/><W129/><G129/><T79/><D79/><U123/><E123/><V125/><F125/><W33/><G33/><T10/><D2/><U14/><E14/><V103/><F103/><AGARI ba="0,1" hai="1,3,24,30,32,48,52,59,80,81,82,97,103,104" machi="103" ten="40,2600,0" yaku="1,1,54,1,53,0" doraHai="7" doraHaiUra="91" who="1" fromWho="2" sc="189,0,332,36,274,-26,195,0" /><INIT seed="4,0,0,4,0,129" ten="189,368,248,195" oya="0" hai0="84,110,1,134,40,125,23,92,3,22,133,120,28" hai1="98,121,51,2,14,13,62,69,53,11,50,106,73" hai2="77,74,31,123,9,99,56,78,32,47,122,8,27" hai3="90,115,4,25,65,42,131,79,81,0,119,55,58"/><T108/><D120/><U30/><E73/><V35/><F56/><W57/><G119/><T86/><D40/><U116/><E116/><V71/><F47/><W19/><G131/><T20/><D28/><U93/><E106/><V54/><F54/><W70/><G115/><T52/><D52/><U91/><E121/><V85/><F85/><N who="0" m="32874" /><D92/><U124/><E124/><V88/><F71/><W21/><G90/><T33/><D33/><U102/><E102/><V43/><F43/><W118/><G118/><T63/><D63/><U61/><E2/><N who="0" m="521" /><D125/><U41/><E30/><V15/><F35/><W117/><G42/><T38/><D38/><U12/><E69/><V64/><F123/><W113/><G117/><T60/><D60/><U10/><E62/><V126/><F126/><W59/><G55/><T44/><D44/><N who="1" m="25871" /><E61/><V97/><F122/><W112/><G70/><T111/><AGARI ba="0,0" hai="20,22,23,108,110,111,133,134" m="521,32874" machi="111" ten="50,12000,1" yaku="28,2,10,1,52,2" doraHai="129" who="0" fromWho="0" sc="189,120,368,-40,248,-40,195,-40" /><INIT seed="4,1,0,3,2,103" ten="309,328,208,155" oya="0" hai0="135,77,1,10,111,72,102,56,85,99,128,0,62" hai1="41,13,83,92,116,60,100,9,67,117,48,118,58" hai2="113,93,133,19,51,69,2,37,17,73,36,119,120" hai3="12,38,134,98,4,57,27,18,110,43,24,130,107"/><T33/><D135/><U104/><E83/><V74/><F133/><W63/><G134/><T75/><D33/><U88/><E41/><V23/><F113/><W8/><G110/><T26/><D111/><U96/><E48/><V121/><F93/><W40/><G130/><T20/><D85/><U61/><E61/><V68/><F51/><W108/><G108/><T91/><D91/><U115/><E115/><V81/><F23/><W64/><G38/><T11/><D128/><U14/><REACH who="1" step="1"/><E9/><REACH who="1" ten="309,318,208,155" step="2"/><V129/><F81/><W82/><G82/><T105/><D11/><U123/><E123/><V22/><F129/><W35/><G43/><T106/><D10/><U53/><E53/><V80/><F80/><W101/><G40/><T42/><D42/><U76/><E76/><V94/><F120/><W15/><REACH who="3" step="1"/><G35/><REACH who="3" ten="309,318,208,145" step="2"/><T86/><D77/><U7/><E7/><V34/><F34/><W54/><G54/><T31/><D75/><U126/><E126/><V79/><F121/><W122/><G122/><T90/><D72/><U45/><E45/><V66/><F79/><W112/><G112/><T124/><D124/><U28/><E28/><V109/><F73/><W55/><G55/><T49/><D31/><U71/><E71/><V87/><F74/><W65/><G65/><T127/><D127/><U84/><AGARI ba="1,2" hai="13,14,58,60,67,84,88,92,96,100,104,116,117,118" machi="84" ten="30,7900,0" yaku="1,1,0,1,52,1,54,1,53,0" doraHai="103" doraHaiUra="3" who="1" fromWho="1" sc="309,-40,318,102,208,-21,145,-21" /><INIT seed="5,0,0,5,1,60" ten="269,420,187,124" oya="1" hai0="32,30,110,87,109,83,107,47,67,84,123,54,49" hai1="105,125,79,10,100,21,4,113,46,104,41,103,80" hai2="130,135,63,19,59,66,114,62,94,115,85,112,75" hai3="77,50,129,119,88,133,7,95,70,102,16,17,92"/><U40/><E113/><V15/><F75/><W74/><G70/><T36/><D107/><U81/><E125/><V26/><F26/><W76/><G129/><T33/><D123/><U82/><E79/><V37/><F37/><W8/><G133/><T20/><D87/><U38/><E41/><V56/><F135/><W97/><G119/><T124/><D124/><U117/><E117/><V29/><F29/><W128/><G128/><T52/><D36/><U34/><E34/><V78/><F130/><W61/><G61/><T68/><D33/><U22/><E105/><V9/><F94/><W118/><G50/><T12/><D32/><U122/><E122/><V65/><F85/><W5/><G118/><T99/><D99/><U1/><REACH who="1" step="1"/><E104/><REACH who="1" ten="269,410,187,124" step="2"/><V48/><F48/><W120/><G120/><T116/><D49/><U91/><E91/><V28/><F28/><W101/><G74/><T90/><D30/><U86/><E86/><V58/><REACH who="2" step="1"/><F78/><REACH who="2" ten="269,410,177,124" step="2"/><W53/><G77/><T23/><D84/><U35/><E35/><V45/><F45/><W132/><G76/><T111/><D47/><U24/><E24/><V108/><F108/><W121/><G132/><T42/><D111/><U69/><E69/><AGARI ba="0,2" hai="9,15,19,56,58,59,62,63,65,66,69,112,114,115" machi="69" ten="40,8000,1" yaku="1,1,15,1,11,1,52,2,53,0" doraHai="60" doraHaiUra="127" who="2" fromWho="1" sc="269,0,410,-80,177,100,124,0" /><INIT seed="6,0,0,0,0,47" ten="269,330,277,124" oya="2" hai0="125,45,97,24,101,94,79,114,92,93,22,30,53" hai1="129,20,83,37,107,25,33,82,135,59,70,121,51" hai2="29,133,72,127,95,7,88,21,0,106,78,98,64" hai3="104,4,50,128,109,91,52,13,27,116,130,71,14"/><V36/><F36/><W23/><G109/><T110/><D110/><U112/><E70/><V35/><F127/><W17/><G116/><T67/><D125/><U84/><E37/><V46/><F64/><W66/><G104/><T108/><D108/><U68/><E68/><V12/><F0/><W44/><G91/><T73/><D114/><U99/><E135/><V74/><F133/><W5/><G66/><T3/><D3/><U38/><E129/><V134/><F35/><W9/><REACH who="3" step="1"/><G71/><REACH who="3" ten="269,330,277,114" step="2"/><T77/><D67/><U31/><E107/><V34/><F106/><W41/><G41/><T131/><D131/><U100/><E100/><V103/><F103/><W89/><G89/><T11/><D101/><U58/><E121/><V102/><F102/><W6/><G6/><T118/><D118/><U43/><E43/><V96/><F7/><W42/><G42/><T61/><D53/><U63/><E112/><V10/><F88/><W87/><G87/><T49/><D77/><U81/><E84/><V28/><F78/><W69/><G69/><T18/><D79/><U55/><E99/><V113/><F98/><W8/><AGARI ba="0,1" hai="4,5,8,9,13,14,17,23,27,44,50,52,128,130" machi="8" ten="30,8000,1" yaku="1,1,0,1,9,1,52,1,54,1,53,0" doraHai="47" doraHaiUra="56" who="3" fromWho="3" sc="269,-20,330,-20,277,-40,114,90" /><INIT seed="7,0,0,5,3,126" ten="249,310,237,204" oya="3" hai0="103,8,96,41,128,51,26,37,16,40,13,72,79" hai1="85,67,46,130,102,71,42,54,47,97,134,14,125" hai2="66,3,76,34,127,4,78,43,60,23,77,90,87" hai3="115,1,59,131,117,107,11,123,133,132,68,44,118"/><W89/><G107/><T108/><D108/><U53/><E130/><V12/><F34/><W100/><G100/><T5/><D128/><U6/><E125/><V121/><F127/><W99/><G131/><T48/><D79/><U27/><E134/><N who="3" m="51818" /><G123/><T20/><D72/><U2/><E2/><V35/><F35/><W129/><G129/><T106/><REACH who="0" step="1"/><D37/><REACH who="0" ten="239,310,237,204" step="2"/><U104/><E104/><V105/><F105/><W22/><G115/><T120/><D120/><U114/><E114/><V0/><F121/><W29/><G68/><T82/><D82/><U74/><E74/><V110/><F110/><W28/><G59/><T91/><D91/><U119/><E71/><V70/><F70/><W38/><G38/><T61/><D61/><U57/><E57/><V65/><F90/><W17/><G44/><T52/><D52/><U62/><E54/><V58/><F77/><W32/><G89/><T55/><D55/><U24/><E53/><V86/><F76/><W83/><G83/><T81/><D81/><U95/><E47/><V135/><F78/><W49/><G49/><AGARI ba="0,1" hai="5,8,13,16,20,26,40,41,48,49,51,96,103,106" machi="49" ten="40,5200,0" yaku="1,1,54,1,53,1" doraHai="126" doraHaiUra="9" who="0" fromWho="3" sc="239,62,310,0,237,0,204,-52" owari="301,10.1,310,41.0,237,-16.3,152,-34.8" /></mjloggm>