<mjloggm ver="2.3"><GO type="169" lobby="0"/><UN n0="%69%50%68%6F%6E%65%31" n1="%E5%A6%B9%E5%A9%9A%2D%E3%82%B7%E3%82%B9%E3%82%B3%E3%83%B3%2D" n2="%E3%81%95%E3%82%84%E3%81%95%E3%82%84" n3="%78%78%E3%81%9D%E3%81%B0" dan="16,17,16,16" rate="2130.77,2182.56,2114.73,2106.70" sx="M,M,M,M"/><TAIKYOKU oya="0"/><INIT seed="0,0,0,3,4,92" ten="250,250,250,250" oya="0" hai0="109,112,7,128,25,29,65,70,56,110,19,72,49" hai1="116,18,21,4,1,37,124,131,17,6,84,50,8" hai2="28,12,26,60,58,66,2,47,11,27,39,78,16" hai3="126,103,123,31,36,52,71,54,38,74,118,5,24"/><T69/><D72/><U122/><E37/><V133/><F133/><W57/><G74/><T14/><D7/><U132/><E122/><V40/><F2/><W9/><G71/><T59/><D112/><U113/><E116/><V55/><F78/><W100/><G118/><T68/><D128/><U86/><E131/><V97/><F28/><W75/><G75/><T48/><D48/><U67/><E67/><V115/><F115/><W23/><G54/><T77/><D77/><U15/><E113/><V33/><F33/><W91/><G126/><T0/><D0/><U20/><E124/><V42/><F42/><W125/><G125/><T53/><D59/><U96/><E6/><V85/><F85/><W106/><G91/><T63/><D110/><U35/><E35/><V44/><F44/><W98/><G103/><T82/><D82/><U104/><E50/><V87/><F87/><W95/><G106/><T46/><D109/><U94/><E104/><V119/><F119/><W99/><G99/><T129/><D129/><U51/><E51/><V107/><REACH who="2" step="1"/><F66/><REACH who="2" ten="250,250,240,250" step="2"/><W117/><G117/><T120/><D120/><U30/><E30/><V135/><F135/><W83/><G123/><T90/><D90/><N who="1" m="55383" /><E132/><V81/><F81/><W80/><G83/><T3/><D3/><U127/><E127/><V45/><F45/><W32/><G80/><T73/><D73/><U111/><E111/><V62/><F62/><N who="3" m="36135" /><G32/><N who="0" m="20527" /><D46/><U41/><E41/><V76/><F76/><W79/><G79/><T34/><D34/><U134/><E134/><V88/><F88/><W108/><G108/><T105/><D105/><RYUUKYOKU ba="0,1" sc="250,0,250,0,240,0,250,0" hai0="14,19,49,53,56,63,65,68,69,70" hai1="1,4,8,15,17,18,20,21,84,86" hai2="11,12,16,26,27,39,40,47,55,58,60,97,107" hai3="5,9,23,24,31,36,38,95,98,100" /><INIT seed="0,1,1,1,2,64" ten="250,250,240,250" oya="0" hai0="92,10,65,42,49,40,33,125,44,55,70,127,133" hai1="135,80,66,50,114,61,117,31,110,19,74,79,124" hai2="24,53,5,128,131,27,43,123,112,47,57,134,98" hai3="17,34,126,36,120,95,97,113,87,118,101,6,106"/><T54/><D33/><U68/><E117/><V73/><F123/><W85/><G34/><T109/><D92/><U107/><E110/><V90/><F112/><W21/><G36/><T20/><D20/><U56/><E124/><N who="0" m="47689" /><D10/><U46/><E31/><V83/><F5/><W69/><G69/><T81/><D81/><U51/><E107/><V119/><F119/><W96/><G118/><T78/><D78/><U129/><E114/><V103/><F134/><W45/><G6/><T48/><D133/><U100/><E135/><V16/><F73/><W18/><G120/><T89/><D89/><U8/><E100/><V102/><F83/><W99/><G113/><T104/><D104/><U9/><E19/><V37/><F90/><W93/><G18/><T121/><D121/><U25/><E25/><V94/><F103/><W12/><G126/><T32/><D32/><U3/><E3/><V26/><REACH who="2" step="1"/><F16/><REACH who="2" ten="250,250,230,250" step="2"/><W59/><G101/><T108/><D108/><U29/><E74/><V105/><F105/><W88/><G106/><T72/><D72/><U82/><E80/><V41/><F41/><W67/><G95/><T14/><D109/><U52/><E82/><V75/><F75/><W84/><REACH who="3" step="1"/><G45/><REACH who="3" ten="250,250,230,240" step="2"/><N who="0" m="27919" /><D14/><U1/><E1/><V35/><F35/><W39/><G39/><T2/><D2/><U86/><E29/><V38/><F38/><W22/><G22/><T132/><D132/><U130/><E8/><V58/><F58/><W13/><G13/><T76/><D76/><U11/><E9/><V28/><F28/><W116/><G116/><T30/><D30/><U15/><E11/><RYUUKYOKU ba="1,3" sc="250,10,250,-30,230,10,240,10" hai0="40,42,44,49,55,65,70" hai2="24,26,27,37,43,47,53,57,94,98,102,128,131" hai3="12,17,21,59,67,84,85,87,88,93,96,97,99" /><INIT seed="0,2,3,0,1,50" ten="260,220,240,250" oya="0" hai0="29,5,123,100,39,16,109,23,14,92,103,45,65" hai1="17,67,1,124,56,77,9,34,22,128,13,20,93" hai2="126,4,66,83,132,37,27,85,94,21,28,106,7" hai3="104,53,96,63,133,73,69,12,81,2,54,30,72"/><T62/><D123/><U115/><E77/><N who="2" m="46319" /><F106/><W61/><G2/><T42/><D109/><U110/><E110/><V71/><F37/><W116/><G116/><T38/><D38/><U25/><E93/><V8/><F126/><W58/><G133/><T135/><D135/><U121/><E121/><V95/><F132/><W99/><G30/><T35/><D5/><N who="2" m="2122" /><F71/><W48/><G12/><T18/><D29/><U127/><E1/><V89/><F8/><W32/><G32/><T3/><D35/><U79/><E79/><V75/><F75/><W82/><G48/><T47/><D3/><U52/><E67/><V59/><F89/><W64/><G58/><T11/><D45/><U118/><E118/><V88/><F88/><W111/><G111/><T117/><D92/><U0/><E0/><V46/><F46/><W107/><G64/><T40/><D117/><U55/><E115/><V131/><F131/><W86/><G86/><T90/><D90/><U60/><E128/><V19/><F28/><W15/><G15/><T6/><D40/><U26/><E34/><V24/><F27/><W36/><REACH who="3" step="1"/><G36/><REACH who="3" ten="260,220,240,240" step="2"/><T78/><D6/><N who="1" m="3255" /><E127/><V70/><F70/><AGARI ba="2,4" hai="53,54,61,63,69,70,72,73,81,82,96,99,104,107" machi="70" ten="25,8000,1" yaku="1,1,22,2,52,2,53,0" doraHai="50" doraHaiUra="33" who="3" fromWho="2" sc="260,0,220,0,240,-86,240,126" /><INIT seed="1,0,0,2,1,93" ten="260,220,154,366" oya="1" hai0="75,83,39,125,9,66,30,61,14,27,105,118,33" hai1="18,11,106,92,28,112,84,111,110,19,0,41,67" hai2="64,113,51,131,54,90,85,40,3,72,48,50,62" hai3="46,134,76,124,68,99,37,73,24,47,1,81,130"/><U79/><E112/><V126/><F72/><W15/><G124/><T12/><D39/><U107/><E28/><V135/><F126/><W109/><G1/><T17/><D125/><U108/><E41/><V23/><F113/><W34/><G109/><T16/><D118/><U63/><E0/><V59/><F131/><W74/><G68/><T8/><D105/><N who="1" m="39947" /><E11/><V104/><F3/><W86/><G130/><T116/><D116/><U88/><E79/><V96/><F135/><W26/><G134/><T132/><D132/><U128/><E128/><V69/><F104/><W120/><G120/><T89/><D89/><U44/><E44/><V31/><F85/><W127/><G86/><T98/><D98/><U52/><E52/><N who="2" m="32135" /><F96/><W133/><G74/><T20/><D83/><U129/><E129/><V60/><F23/><W29/><G46/><T7/><D75/><U95/><E95/><V10/><F10/><W82/><G82/><T32/><REACH who="0" step="1"/><D30/><REACH who="0" ten="250,220,154,366" step="2"/><U2/><E2/><V121/><F31/><W102/><G127/><T58/><AGARI ba="0,1" hai="7,8,9,12,14,16,17,20,27,32,33,58,61,66" machi="58" ten="20,8000,1" yaku="1,1,2,1,0,1,7,1,54,1,53,0" doraHai="93" doraHaiUra="35" who="0" fromWho="0" sc="250,90,220,-40,154,-20,366,-20" /><INIT seed="2,0,0,3,0,74" ten="340,180,134,346" oya="2" hai0="72,64,52,56,91,62,54,90,89,6,132,69,127" hai1="115,128,31,122,78,112,129,100,2,28,25,125,20" hai2="29,44,134,0,35,3,120,87,61,116,111,26,13" hai3="58,47,114,63,50,53,126,23,77,79,7,118,42"/><V22/><F116/><W49/><G118/><T19/><D127/><U94/><E100/><V60/><F120/><W121/><G126/><T93/><D132/><U33/><E125/><V65/><F134/><W113/><G121/><T88/><D72/><U95/><E122/><V8/><F44/><W92/><G7/><T38/><D38/><U104/><E104/><V96/><F96/><W67/><G92/><T43/><D43/><U10/><E33/><V66/><F111/><W124/><G124/><T57/><D6/><U86/><E31/><V14/><F87/><W107/><G107/><T59/><REACH who="0" step="1"/><D19/><REACH who="0" ten="330,180,134,346" step="2"/><U5/><E128/><V84/><F0/><W16/><G114/><T24/><D24/><U51/><E129/><V97/><F3/><W34/><G113/><T9/><D9/><U131/><E131/><V27/><F8/><W40/><G34/><T83/><D83/><N who="1" m="47479" /><E115/><V1/><F1/><W70/><G42/><T133/><D133/><U18/><E112/><V76/><F27/><AGARI ba="0,1" hai="16,23,27,40,47,49,50,53,58,63,67,70,77,79" machi="27" ten="30,7700,0" yaku="7,1,52,2,54,1" doraHai="74" who="3" fromWho="2" sc="330,0,180,0,134,-77,346,87" /><INIT seed="3,0,0,4,2,133" ten="330,180,57,433" oya="3" hai0="51,85,96,113,130,0,19,48,52,86,129,110,64" hai1="10,5,99,40,21,108,92,43,128,107,59,44,90" hai2="131,135,65,31,13,102,57,121,81,95,88,73,34" hai3="17,29,55,111,132,125,124,118,67,127,112,50,32"/><W117/><G132/><T38/><D38/><U60/><E108/><V22/><F121/><W103/><G112/><T123/><D0/><U76/><E128/><V89/><F135/><W15/><G111/><T83/><D110/><U91/><E76/><V75/><F131/><W120/><G67/><T72/><D72/><N who="2" m="27722" /><F34/><W58/><G103/><T2/><D2/><U20/><E107/><V62/><F31/><W18/><G120/><T24/><D64/><U94/><E5/><V115/><F22/><W78/><G78/><T77/><D113/><U23/><E10/><V8/><F13/><W16/><G15/><T74/><D96/><N who="1" m="57367" /><E44/><V53/><F8/><W106/><G106/><T126/><D123/><U4/><E4/><V61/><F115/><W30/><G30/><T47/><D130/><U12/><E12/><V98/><F62/><W39/><REACH who="3" step="1"/><G39/><REACH who="3" ten="330,180,57,423" step="2"/><T36/><D36/><U1/><E1/><V37/><F37/><W101/><G101/><T69/><D129/><U97/><E97/><V79/><F65/><AGARI ba="0,1" hai="20,21,23,40,43,59,60,65,91,94,99" m="57367" machi="65" ten="30,1000,0" yaku="8,1" doraHai="133" who="1" fromWho="2" sc="330,0,180,20,57,-10,423,0" /><INIT seed="4,0,0,0,1,123" ten="330,200,47,423" oya="0" hai0="73,96,114,98,66,93,69,105,60,120,82,25,115" hai1="63,125,29,10,67,4,15,57,122,75,65,76,47" hai2="27,43,51,23,83,33,53,3,44,78,72,6,31" hai3="80,55,52,32,34,39,118,18,28,99,113,17,117"/><T104/><D120/><U36/><E122/><V107/><F107/><W49/><G39/><T50/><D25/><U86/><E125/><V112/><F112/><N who="0" m="43050" /><D50/><U88/><E29/><V132/><F132/><W16/><G113/><T87/><D73/><U90/><E75/><V2/><F6/><W130/><G130/><T20/><D20/><U101/><E101/><V38/><REACH who="2" step="1"/><F33/><REACH who="2" ten="330,200,37,423" step="2"/><W56/><G32/><T124/><D124/><U116/><E116/><V59/><AGARI ba="0,1" hai="2,3,23,27,31,38,43,44,51,53,59,72,78,83" machi="59" ten="20,5200,0" yaku="1,1,2,1,0,1,7,1,53,0" doraHai="123" doraHaiUra="84" who="2" fromWho="2" sc="330,-26,200,-13,37,62,423,-13" /><INIT seed="5,0,0,0,3,95" ten="304,187,99,410" oya="1" hai0="133,121,87,86,66,46,65,67,90,0,5,29,4" hai1="79,2,1,117,61,132,48,63,129,105,111,54,135" hai2="35,102,112,16,127,134,101,45,12,91,23,119,49" hai3="31,85,33,59,57,73,78,97,10,8,26,58,74"/><U56/><E117/><V21/><F119/><W55/><G55/><T28/><D133/><N who="1" m="51275" /><E111/><V120/><F120/><W126/><G126/><T124/><D124/><U110/><E110/><V25/><F127/><W15/><G10/><T51/><D121/><U69/><E79/><V60/><F134/><W116/><G116/><T20/><D87/><U130/><E105/><V72/><F72/><W125/><G125/><T99/><D99/><U52/><E1/><V17/><F35/><W47/><G47/><T19/><D29/><U92/><E2/><V82/><F112/><W68/><G68/><T104/><D28/><U30/><E30/><V114/><F114/><W84/><G97/><T39/><D39/><U38/><E38/><V108/><F108/><W24/><G24/><N who="0" m="14367" /><D104/><U118/><E92/><V113/><F113/><W53/><G74/><T98/><D98/><U41/><E41/><V13/><F60/><W18/><REACH who="3" step="1"/><G53/><REACH who="3" ten="304,187,99,400" step="2"/><N who="0" m="29943" /><D0/><U36/><E118/><V43/><REACH who="2" step="1"/><F25/><REACH who="2" ten="304,187,89,400" step="2"/><W94/><G94/><AGARI ba="0,2" hai="4,5,65,66,67,86,90,94" m="29943,14367" machi="94" ten="30,1000,0" yaku="8,1" doraHai="95" who="0" fromWho="3" sc="304,30,187,0,89,0,400,-10" /><INIT seed="6,0,0,1,4,96" ten="334,187,89,390" oya="2" hai0="19,130,3,43,119,38,80,109,48,25,103,13,135" hai1="88,70,115,64,0,54,27,31,72,41,118,14,53" hai2="47,62,106,60,10,83,124,42,46,99,75,98,16" hai3="117,6,73,34,4,82,8,93,68,65,101,97,20"/><V132/><F124/><W52/><G34/><T116/><D3/><U105/><E0/><V95/><F132/><W86/><G73/><T23/><D38/><U40/><E72/><V85/><F75/><W28/><G117/><T22/><D109/><U77/><E77/><V57/><F106/><W104/><G65/><T59/><D80/><U79/><E79/><V113/><F113/><W133/><G68/><T67/><D135/><U84/><E105/><V111/><F111/><W30/><G104/><T69/><D69/><U33/><E70/><V49/><F47/><W120/><G120/><T108/><D108/><U112/><E64/><V128/><F128/><W87/><G87/><T121/><D121/><U9/><E41/><V37/><F37/><W76/><G133/><T127/><D43/><U92/><E40/><V63/><F57/><W122/><G20/><T55/><D67/><U58/><E118/><V71/><F71/><W126/><G126/><T131/><D103/><U114/><E58/><V35/><F35/><W17/><G122/><T66/><D66/><U125/><E125/><V12/><REACH who="2" step="1"/><F95/><REACH who="2" ten="334,187,79,390" step="2"/><W45/><G45/><T61/><D127/><U134/><E134/><V7/><F7/><AGARI ba="0,1" hai="7,9,14,27,31,33,53,54,84,88,92,112,114,115" machi="7" ten="40,2600,0" yaku="15,1,54,1" doraHai="96" who="1" fromWho="2" sc="334,0,187,36,79,-26,390,0" /><INIT seed="7,0,0,1,4,77" ten="334,223,53,390" oya="3" hai0="74,87,19,65,128,123,20,73,39,60,33,67,64" hai1="26,109,122,35,114,100,88,101,34,25,37,94,50" hai2="63,14,42,7,83,53,15,107,66,27,30,56,22" hai3="108,124,12,29,80,68,113,96,99,23,81,58,11"/><W97/><G68/><T132/><D123/><U44/><E37/><V103/><F107/><W32/><G32/><T95/><D33/><U36/><E36/><V1/><F103/><W45/><G108/><T13/><D39/><U48/><E44/><V110/><F110/><W55/><G45/><T93/><D128/><U17/><E17/><V21/><F42/><W130/><G113/><T0/><D0/><U120/><E94/><V62/><F66/><W135/><G135/><T8/><D132/><U46/><E46/><V105/><F105/><W106/><G106/><T61/><D74/><U41/><E41/><V31/><F62/><N who="3" m="36191" /><G124/><T116/><D73/><U2/><E2/><V52/><F53/><W126/><G126/><T38/><D38/><U121/><E121/><V119/><F119/><W40/><G40/><T85/><D116/><U118/><E109/><V51/><F51/><W43/><G43/><T92/><D87/><U82/><E118/><V70/><F70/><W86/><G86/><T75/><D75/><U47/><E47/><V133/><F133/><W111/><G130/><T115/><D115/><U6/><E48/><V104/><F104/><W10/><G99/><T79/><REACH who="0" step="1"/><D8/><REACH who="0" ten="324,223,53,390" step="2"/><U59/><E114/><V125/><F125/><W84/><G84/><T24/><D24/><U5/><E26/><V69/><F69/><W134/><G11/><T76/><D76/><U131/><E120/><V4/><F1/><W3/><G10/><T78/><D78/><U71/><E122/><V91/><F14/><W18/><G3/><T112/><D112/><U9/><E131/><RYUUKYOKU ba="0,1" sc="324,30,223,-10,53,-10,390,-10" hai0="13,19,20,60,61,64,65,67,79,85,92,93,95" owari="354,15.4,213,-18.7,43,-45.7,390,49.0" /></mjloggm>