<mjloggm ver="2.3"><GO type="169" lobby="0"/><UN n0="%E3%81%8B%E3%81%A3%E9%A3%9B%E3%81%B0%E3%81%9B%E5%85%A8%E9%83%A8" n1="%E6%88%91%E5%8F%AF%E4%BB%A5" n2="%E3%81%9F%E3%81%8B%E3%81%AF%E3%81%97%E3%81%83%E3%81%83%E3%81%83" n3="%53%68%69%72%6C%65%79" dan="17,16,16,16" rate="2190.84,2122.80,2131.54,2068.11" sx="M,M,M,M"/><TAIKYOKU oya="0"/><INIT seed="0,0,0,1,5,86" ten="250,250,250,250" oya="0" hai0="77,76,25,53,22,47,43,121,31,6,26,10,58" hai1="83,39,73,5,96,42,17,59,116,4,50,85,78" hai2="130,36,48,90,16,120,67,87,93,54,34,56,3" hai3="14,27,108,72,64,111,2,88,51,118,132,135,0"/><T82/><D121/><U28/><E116/><V69/><F120/><W131/><G72/><T81/><D25/><U74/><E39/><V112/><F112/><W49/><G118/><T92/><D92/><U113/><E113/><V23/><F34/><W37/><G37/><T7/><D82/><U84/><E28/><V97/><F36/><W18/><G64/><T101/><D101/><U109/><E109/><N who="3" m="42058" /><G27/><T102/><D102/><U20/><E96/><V125/><F3/><N who="3" m="1067" /><G131/><T38/><D10/><U62/><E84/><V32/><F32/><W98/><G51/><T71/><D71/><U63/><E73/><V124/><F130/><W33/><G49/><T35/><D35/><U24/><E74/><V128/><F128/><W46/><G46/><T55/><D55/><N who="1" m="34175" /><E63/><N who="2" m="40191" /><F97/><W105/><G105/><T133/><D38/><U1/><E1/><V91/><F87/><W123/><G33/><T11/><D47/><AGARI ba="0,0" hai="4,5,17,20,24,42,47,50,78,83,85" m="34175" machi="47" ten="30,1000,0" yaku="8,1" doraHai="86" who="1" fromWho="0" sc="250,-10,250,10,250,0,250,0" /><INIT seed="1,0,0,3,0,90" ten="240,260,250,250" oya="1" hai0="85,127,81,6,49,33,73,82,72,36,93,41,122" hai1="54,130,25,103,47,129,8,91,23,27,53,113,128" hai2="52,39,34,117,45,51,135,97,10,99,71,119,0" hai3="59,4,56,11,98,120,111,66,112,31,80,125,22"/><U60/><E113/><V63/><F34/><W134/><G112/><T84/><D36/><U108/><E103/><V131/><F131/><W42/><G120/><T68/><D68/><U101/><E101/><V24/><F135/><W86/><G134/><T123/><D6/><U12/><E108/><V61/><F24/><W76/><G125/><T88/><D49/><U132/><E132/><V35/><F35/><W121/><G111/><T5/><D41/><U110/><E110/><V104/><F39/><W55/><G42/><T38/><D5/><U18/><E53/><V48/><F0/><W95/><G66/><T3/><D33/><U20/><E91/><V46/><F10/><W109/><G121/><N who="0" m="46091" /><D3/><U100/><E100/><V114/><F114/><W9/><G109/><T58/><D58/><N who="3" m="22057" /><G55/><T29/><D29/><U37/><E60/><V106/><F52/><W57/><G4/><T83/><D38/><U67/><E67/><V118/><F118/><W87/><G57/><T75/><D127/><U26/><E37/><V70/><AGARI ba="0,0" hai="45,46,48,51,61,63,70,71,97,99,104,106,117,119" machi="70" ten="25,3200,0" yaku="0,1,22,2" doraHai="90" who="2" fromWho="2" sc="240,-8,260,-16,250,32,250,-8" /><INIT seed="2,0,0,5,3,130" ten="232,244,282,242" oya="2" hai0="53,55,49,4,117,17,24,97,115,65,61,28,106" hai1="70,45,23,6,62,93,134,43,69,71,56,26,107" hai2="126,100,84,18,7,112,8,12,46,88,83,87,110" hai3="48,37,14,9,31,103,90,64,73,78,113,76,0"/><V57/><F112/><W32/><G113/><T2/><D115/><U51/><E107/><V120/><F120/><W35/><G37/><T127/><D127/><U22/><E134/><V29/><F126/><W58/><G0/><T82/><D117/><U92/><E6/><V16/><F110/><W1/><G103/><T114/><D114/><U111/><E111/><V109/><F109/><W15/><G1/><T95/><D106/><U119/><E119/><V91/><F100/><W86/><G14/><T54/><D17/><U96/><E96/><V85/><F29/><W129/><G73/><T63/><D82/><U47/><E47/><V104/><F104/><W80/><G129/><T30/><D49/><U108/><E22/><V40/><F57/><W20/><G32/><T125/><D125/><U10/><E10/><V118/><F118/><W60/><G48/><T42/><D42/><U89/><E89/><V74/><F85/><W105/><G35/><T131/><D131/><U13/><E13/><V79/><F74/><W50/><G50/><T77/><D2/><U116/><E108/><V121/><F121/><W19/><G105/><T128/><D128/><U34/><E34/><V33/><F33/><W123/><G123/><T102/><D102/><U98/><E98/><V59/><F59/><W124/><G124/><T68/><D97/><U39/><E39/><N who="2" m="21791" /><F79/><W3/><G3/><T81/><D77/><U101/><E101/><V67/><F67/><W94/><G80/><T132/><D81/><U44/><E116/><V122/><F122/><W25/><AGARI ba="0,0" hai="9,15,19,20,25,31,58,60,64,76,78,86,90,94" machi="25" ten="30,2000,0" yaku="0,1,8,1" doraHai="130" who="3" fromWho="3" sc="232,-5,244,-5,282,-10,242,20" /><INIT seed="3,0,0,4,5,104" ten="227,239,272,262" oya="3" hai0="110,85,22,34,82,25,41,75,43,102,47,37,116" hai1="103,24,4,33,16,65,131,74,130,126,11,93,81" hai2="32,87,112,62,115,69,124,49,2,17,7,79,10" hai3="134,46,12,71,76,19,80,1,100,94,21,8,38"/><W44/><G71/><T5/><D116/><U52/><E126/><V45/><F124/><W9/><G134/><T121/><D121/><U39/><E39/><V64/><F32/><W36/><G36/><T66/><D110/><U83/><E65/><V91/><F79/><W40/><G46/><T135/><D135/><U105/><E105/><V51/><F17/><W0/><G9/><T23/><D41/><U27/><E27/><V60/><F60/><W42/><G42/><T133/><D133/><U132/><E132/><V107/><F107/><W30/><G100/><T56/><D102/><U53/><E93/><V31/><F31/><W48/><G94/><T58/><D5/><U57/><E103/><V117/><F117/><W118/><G38/><T123/><D123/><U28/><E53/><V113/><REACH who="2" step="1"/><F45/><REACH who="2" ten="227,239,262,262" step="2"/><W106/><G106/><T3/><D47/><U99/><E16/><V109/><F109/><W86/><G118/><T98/><D34/><U127/><E127/><V120/><F120/><W18/><REACH who="3" step="1"/><G30/><REACH who="3" ten="227,239,262,252" step="2"/><T111/><D111/><U61/><E28/><V78/><F78/><W92/><G92/><AGARI ba="0,2" hai="2,7,10,49,51,62,64,69,87,91,92,112,113,115" machi="92" ten="40,1300,0" yaku="1,1,53,0" doraHai="104" doraHaiUra="55" who="2" fromWho="3" sc="227,0,239,0,262,33,252,-13" /><INIT seed="4,0,0,1,2,19" ten="227,239,295,239" oya="0" hai0="76,94,132,14,10,91,86,46,37,11,101,3,115" hai1="66,77,87,84,82,56,33,52,36,39,32,97,9" hai2="79,44,59,26,54,111,12,95,100,13,58,120,51" hai3="69,28,47,74,112,128,18,90,21,98,61,63,92"/><T31/><D115/><U122/><E122/><V107/><F111/><W17/><G112/><T53/><D132/><U62/><E97/><N who="2" m="59455" /><F107/><W75/><G128/><T5/><D101/><U96/><E96/><V129/><F120/><W118/><G118/><T131/><D131/><U89/><E36/><V29/><F79/><W30/><G17/><T119/><D119/><U60/><E9/><V103/><F103/><W117/><G117/><T73/><D31/><U85/><E39/><V55/><F59/><W22/><G47/><T114/><D114/><U15/><E15/><V106/><F106/><W113/><G113/><T49/><D37/><U124/><E124/><V38/><F38/><W71/><G18/><T6/><D73/><U134/><E134/><V108/><F108/><W57/><G57/><T40/><REACH who="0" step="1"/><D76/><REACH who="0" ten="217,239,295,239" step="2"/><U127/><E127/><V43/><F129/><W16/><G74/><T8/><D8/><U99/><E77/><V4/><F29/><W135/><G75/><T7/><D7/><U25/><E89/><V1/><F4/><W42/><G135/><T93/><D93/><U130/><E130/><V23/><F1/><W81/><G90/><T64/><D64/><U80/><E66/><V121/><F121/><W27/><G92/><T83/><D83/><U123/><E123/><V110/><F110/><W116/><G81/><T109/><D109/><U126/><E126/><V78/><F78/><W67/><G67/><T65/><D65/><U72/><E72/><V104/><F104/><W50/><G30/><T35/><D35/><U0/><E82/><V102/><F102/><RYUUKYOKU ba="0,1" sc="217,30,239,-10,295,-10,239,-10" hai0="3,5,6,10,11,14,40,46,49,53,86,91,94" /><INIT seed="4,1,1,1,0,55" ten="247,229,285,229" oya="0" hai0="26,5,66,99,75,38,111,72,7,121,102,17,130" hai1="88,76,65,50,129,16,85,32,77,112,114,51,93" hai2="64,62,82,29,47,133,84,35,4,48,12,89,79" hai3="91,40,110,33,125,60,21,106,46,80,1,28,59"/><T73/><D121/><U98/><E32/><V134/><F29/><W81/><G110/><T92/><D111/><U120/><E120/><V36/><F35/><W30/><G1/><T87/><D130/><U27/><E65/><V3/><F3/><W107/><G33/><T37/><D66/><U86/><E129/><V53/><F36/><W52/><G28/><T39/><REACH who="0" step="1"/><D87/><REACH who="0" ten="237,229,285,229" step="2"/><N who="1" m="33291" /><E112/><V131/><F131/><W71/><G125/><T58/><D58/><U109/><E114/><V123/><F123/><W119/><G71/><T83/><D83/><U78/><E109/><V96/><F84/><W24/><G119/><T132/><D132/><U101/><E101/><V20/><F82/><W42/><G81/><T113/><D113/><U116/><E116/><V95/><F95/><W74/><G80/><T13/><D13/><U69/><E69/><V22/><F64/><W128/><G128/><T68/><D68/><U0/><E0/><V23/><F12/><W122/><G122/><T135/><D135/><U100/><E100/><V104/><F133/><W63/><G106/><T45/><D45/><U97/><E97/><V11/><F47/><W57/><G107/><T25/><D25/><U127/><E127/><V126/><F96/><W8/><G46/><T61/><D61/><U70/><E70/><V15/><F104/><W34/><G63/><T56/><D56/><U43/><E27/><V6/><F134/><W49/><G24/><T115/><D115/><U41/><E98/><V67/><F67/><W54/><G60/><T103/><D103/><U118/><E118/><V14/><F126/><RYUUKYOKU ba="1,2" sc="237,30,229,-10,285,-10,229,-10" hai0="5,7,17,26,37,38,39,72,73,75,92,99,102" /><INIT seed="4,2,2,1,0,33" ten="267,219,275,219" oya="0" hai0="106,35,80,27,89,48,55,43,67,15,20,63,109" hai1="57,54,66,50,78,117,64,101,133,46,12,123,10" hai2="5,75,119,25,93,135,90,29,52,113,126,49,44" hai3="127,87,13,100,36,62,124,19,105,85,110,112,8"/><T31/><D109/><U60/><E117/><V39/><F119/><W103/><G110/><T118/><D118/><U45/><E123/><V102/><F75/><W70/><G36/><T51/><D106/><U21/><E133/><V69/><F69/><W121/><G121/><T11/><D43/><U7/><E101/><N who="3" m="38986" /><G105/><T18/><D55/><U17/><E78/><V104/><F135/><W37/><G37/><T4/><D89/><U76/><E76/><V125/><F113/><W114/><G62/><T68/><REACH who="0" step="1"/><D80/><REACH who="0" ten="257,219,275,219" step="2"/><U122/><E122/><V34/><F104/><W98/><G114/><T108/><D108/><U115/><E115/><V32/><F102/><W120/><G112/><T9/><D9/><U77/><E77/><V53/><F53/><W91/><G120/><T14/><AGARI ba="2,3" hai="4,11,14,15,18,20,27,31,35,48,51,63,67,68" machi="14" ten="20,3900,0" yaku="1,1,0,1,7,1,53,0" doraHai="33" doraHaiUra="72" who="0" fromWho="0" sc="257,75,219,-15,275,-15,219,-15" /><INIT seed="4,3,0,1,4,21" ten="332,204,260,204" oya="0" hai0="108,54,86,5,80,99,27,134,45,63,55,128,97" hai1="116,66,16,9,36,3,59,71,125,51,96,35,46" hai2="73,52,88,120,112,127,107,22,28,34,11,83,104" hai3="42,124,13,29,10,109,40,74,85,17,20,126,101"/><T19/><D134/><U49/><E116/><V61/><F120/><W48/><G109/><T129/><D108/><U90/><E125/><N who="3" m="48234" /><G74/><T113/><D113/><U92/><E35/><V7/><F34/><W26/><G101/><T24/><D5/><U69/><E36/><V94/><F127/><W41/><G85/><T103/><D54/><U131/><E131/><N who="0" m="50249" /><D19/><U57/><E3/><V82/><F73/><W32/><G10/><T123/><D123/><U38/><E38/><V102/><F102/><W76/><G76/><N who="0" m="46343" /><D97/><U105/><E66/><V31/><F112/><W50/><AGARI ba="3,0" hai="13,17,20,26,29,32,40,41,42,48,50" m="48234" machi="50" ten="40,2700,0" yaku="18,1,52,1" doraHai="21" who="3" fromWho="3" sc="332,-16,204,-10,260,-10,204,36" /><INIT seed="5,0,0,1,3,104" ten="316,194,250,240" oya="1" hai0="28,32,68,49,5,93,72,60,4,123,3,107,97" hai1="67,53,23,55,36,30,77,99,88,114,75,47,130" hai2="46,54,12,119,42,14,51,83,56,126,118,101,81" hai3="100,27,124,87,121,95,64,80,43,39,0,38,102"/><U35/><E35/><V16/><F126/><W69/><G121/><T92/><D123/><U26/><E114/><V74/><F101/><W13/><G0/><T98/><D72/><U103/><E130/><V10/><F12/><W8/><G124/><T94/><D49/><U7/><E7/><V82/><REACH who="2" step="1"/><F74/><REACH who="2" ten="316,194,240,240" step="2"/><W105/><G100/><T15/><D15/><U108/><E103/><V86/><F86/><W91/><G87/><T34/><D98/><U20/><E75/><V50/><AGARI ba="0,1" hai="10,14,16,42,46,50,51,54,56,81,82,83,118,119" machi="50" ten="30,4000,0" yaku="1,1,0,1,54,1,53,0" doraHai="104" doraHaiUra="71" who="2" fromWho="2" sc="316,-10,194,-20,240,50,240,-10" /><INIT seed="6,0,0,2,0,28" ten="306,174,290,230" oya="2" hai0="100,132,1,73,0,3,82,79,68,58,14,37,21" hai1="55,95,34,24,125,11,46,107,87,131,9,53,17" hai2="104,5,74,130,103,57,36,71,22,96,48,49,60" hai3="32,122,120,19,94,86,62,8,113,92,29,81,10"/><V129/><F36/><W59/><G113/><T20/><D68/><U115/><E107/><V80/><F71/><W108/><G108/><T65/><D37/><U7/><E115/><V83/><F5/><W77/><G122/><T93/><D132/><U112/><E112/><V4/><F4/><W35/><G120/><T91/><D100/><U63/><E131/><N who="2" m="50187" /><F22/><W30/><G92/><T70/><D70/><U85/><E125/><V52/><F83/><W135/><G135/><T106/><D106/><U90/><E85/><V128/><N who="2" m="50195" /><V121/><DORA hai="124" /><F121/><W50/><G8/><T12/><D20/><U116/><E11/><V102/><F103/><W117/><G117/><T98/><D21/><U23/><E116/><V15/><F15/><W54/><G10/><T109/><D12/><U78/><E9/><V64/><F64/><W42/><G81/><T110/><D14/><U99/><E7/><V105/><F105/><W75/><G94/><T88/><D110/><U61/><E23/><V72/><F80/><W13/><G13/><T40/><D109/><U69/><E69/><V41/><F41/><W51/><G42/><T127/><D40/><U101/><E101/><V76/><F76/><W31/><G77/><T56/><D127/><U114/><E78/><V2/><F2/><W38/><G38/><T67/><D91/><U18/><E90/><V45/><F48/><W123/><G51/><T47/><D65/><U43/><E43/><V16/><F16/><W33/><G123/><T126/><D126/><U134/><E114/><V111/><F111/><W25/><G19/><RYUUKYOKU ba="0,0" sc="306,-10,174,-10,290,30,230,-10" hai2="45,49,52,57,60,72,74,96,102,104" /><INIT seed="6,1,0,4,3,56" ten="296,164,320,220" oya="2" hai0="116,53,10,111,24,65,110,8,109,98,5,115,135" hai1="94,91,3,9,76,120,20,114,122,128,88,125,47" hai2="72,112,74,81,108,117,35,12,62,64,71,59,33" hai3="48,31,73,83,133,96,134,79,95,87,55,132,100"/><V14/><F117/><W32/><G32/><T67/><D116/><U52/><E114/><V43/><F112/><W90/><G31/><T127/><D115/><U25/><E125/><V82/><F108/><W118/><G118/><T69/><D127/><U131/><E76/><V28/><F43/><W15/><G15/><T84/><D135/><U101/><E101/><V70/><F59/><W78/><REACH who="3" step="1"/><G73/><REACH who="3" ten="296,164,320,210" step="2"/><T80/><D111/><U68/><E3/><V61/><F28/><W16/><G16/><T126/><D110/><U17/><E9/><V102/><F102/><W105/><G105/><T26/><D109/><U1/><E1/><V19/><F19/><W46/><AGARI ba="1,1" hai="46,48,55,78,79,83,87,90,95,96,100,132,133,134" machi="46" ten="30,4000,0" yaku="1,1,0,1,20,1,53,0" doraHai="56" doraHaiUra="37" who="3" fromWho="3" sc="296,-11,164,-11,320,-21,210,53" /><INIT seed="7,0,0,0,0,115" ten="285,153,299,263" oya="3" hai0="31,105,73,107,92,50,58,134,5,29,26,48,94" hai1="44,63,17,93,57,59,87,9,97,70,40,120,86" hai2="69,8,85,124,41,28,82,91,43,116,25,16,45" hai3="118,18,77,56,101,47,127,14,133,112,42,76,130"/><W55/><G112/><T1/><D73/><U81/><E120/><V84/><F116/><W131/><G118/><T12/><D1/><U83/><E70/><V128/><F69/><W90/><G101/><T6/><D58/><U117/><E117/><V7/><F124/><W80/><G127/><T122/><D12/><U13/><E83/><V35/><F128/><N who="3" m="49195" /><G90/><T100/><D26/><U61/><E59/><V27/><F45/><W3/><G3/><T98/><D100/><U123/><E123/><V102/><F102/><W34/><G34/><T60/><D122/><U126/><E126/><V109/><F109/><W132/><G55/><T79/><D79/><U39/><E81/><V104/><F104/><W20/><G56/><T2/><D2/><U51/><E39/><V53/><F53/><W10/><G10/><T0/><D0/><U129/><E129/><V38/><F38/><N who="3" m="21975" /><G80/><T95/><D95/><U111/><E111/><V32/><F85/><N who="1" m="32265" /><E57/><V96/><F96/><W46/><G46/><T99/><D60/><U23/><E9/><V65/><F65/><W49/><G49/><T15/><D48/><U30/><E30/><N who="2" m="19535" /><F7/><W106/><G106/><T11/><D107/><U119/><E119/><V125/><F125/><W36/><G36/><T37/><D105/><U19/><E19/><V103/><F103/><AGARI ba="0,0" hai="13,17,23,40,44,51,61,63,93,97,103" m="32265" machi="103" ten="30,1000,0" yaku="8,1" doraHai="115" who="1" fromWho="2" sc="285,0,153,10,299,-10,263,0" /><INIT seed="8,0,0,0,1,28" ten="285,163,289,263" oya="0" hai0="15,53,27,113,123,73,0,119,67,96,57,84,60" hai1="25,85,19,30,117,83,51,37,16,54,81,41,88" hai2="108,129,110,91,86,35,104,66,24,38,111,33,126" hai3="44,23,106,58,40,128,11,2,120,95,118,90,55"/><T77/><D113/><U6/><E117/><V75/><F75/><W43/><G118/><T65/><D123/><U64/><E64/><V3/><F3/><W107/><G120/><T17/><D119/><U89/><E6/><V72/><F72/><W131/><G40/><T46/><D0/><U31/><E37/><V32/><F38/><W78/><G78/><T50/><D73/><U21/><E41/><V20/><F104/><W93/><G23/><N who="0" m="11711" /><D27/><U114/><E114/><V5/><F5/><W80/><G80/><N who="0" m="47119" /><D96/><U68/><E68/><V9/><F9/><W71/><G11/><T135/><D135/><U18/><E30/><V100/><F100/><W1/><G1/><T52/><AGARI ba="0,0" hai="46,50,52,53,57,60,65,67" m="47119,11711" machi="52" ten="30,3000,0" yaku="8,1,54,1" doraHai="28" who="0" fromWho="0" sc="285,30,163,-10,289,-10,263,-10" owari="315,41.5,153,-34.7,279,7.9,253,-14.7" /></mjloggm>