<mjloggm ver="2.3"><GO type="169" lobby="0"/><UN n0="%52%65%63%61%6C%74%71" n1="%E4%BF%BA%E3%81%A7%E3%81%99" n2="%E2%80%A0%E7%99%BD%E5%85%8E%E2%80%A0" n3="%E7%9C%BC%E9%8F%A1%E3%81%AE%E7%94%B7%E3%81%AE%E5%AD%90" dan="16,16,18,16" rate="2130.30,2139.31,2196.49,2078.68" sx="M,M,M,M"/><TAIKYOKU oya="0"/><INIT seed="0,0,0,2,0,95" ten="250,250,250,250" oya="0" hai0="131,72,43,11,59,5,103,93,109,122,26,97,108" hai1="54,1,135,17,67,94,118,56,49,102,14,116,133" hai2="51,89,22,24,96,3,30,9,38,23,48,70,87" hai3="61,20,126,4,37,63,74,31,86,21,127,41,15"/><T101/><D122/><U33/><E1/><V130/><F130/><W55/><G74/><T111/><D72/><U28/><E33/><V8/><F38/><W75/><G75/><T25/><D131/><U46/><E28/><V68/><F23/><W81/><G41/><T6/><D43/><U76/><E76/><V66/><F66/><W83/><G37/><T80/><D80/><U112/><E112/><V73/><F73/><W7/><G31/><T32/><D32/><U29/><E29/><V98/><F68/><W53/><G15/><T40/><D40/><U114/><E114/><V47/><F70/><W115/><G86/><T84/><D84/><U91/><E102/><V119/><F51/><W90/><G90/><T27/><D59/><U82/><E82/><N who="2" m="49399" /><F3/><W104/><G104/><T45/><D45/><U57/><E118/><V34/><F34/><W52/><G55/><T39/><D39/><U35/><E35/><V105/><F105/><W113/><AGARI ba="0,0" hai="4,7,20,21,52,53,61,63,81,83,113,115,126,127" machi="113" ten="25,6400,0" yaku="0,1,22,2,54,1" doraHai="95" who="3" fromWho="3" sc="250,-32,250,-16,250,-16,250,64" /><INIT seed="1,0,0,2,1,132" ten="218,234,234,314" oya="1" hai0="5,8,3,125,87,50,76,25,122,104,57,31,133" hai1="11,129,45,117,21,33,83,36,49,12,74,65,27" hai2="82,52,102,55,120,77,22,34,68,84,69,109,79" hai3="61,130,46,51,115,113,86,96,42,108,126,30,7"/><U0/><E117/><V24/><F120/><W134/><G134/><T80/><D133/><U70/><E129/><V103/><F34/><W16/><G130/><T73/><D122/><U62/><E33/><V35/><F35/><W4/><G30/><T95/><D104/><U17/><E0/><V92/><F109/><W110/><G96/><T131/><D131/><U75/><E83/><V78/><F69/><W54/><G86/><T111/><D111/><N who="3" m="42537" /><G126/><T40/><D125/><U38/><E74/><V37/><F68/><W19/><G4/><T9/><D9/><U99/><E99/><N who="2" m="59751" /><F37/><N who="3" m="21839" /><G61/><T128/><D128/><U67/><E75/><V39/><F39/><W56/><G7/><T107/><D107/><U100/><E100/><V90/><F103/><W41/><G41/><T94/><D73/><U89/><E89/><V29/><AGARI ba="0,0" hai="22,24,29,52,55,77,78,79,82,84,90" m="59751" machi="29" ten="30,2000,0" yaku="8,1,54,1" doraHai="132" who="2" fromWho="2" sc="218,-5,234,-10,234,20,314,-5" /><INIT seed="2,0,0,2,5,34" ten="213,224,254,309" oya="2" hai0="21,77,133,60,35,58,28,45,73,24,128,25,59" hai1="79,102,64,85,18,108,87,12,68,16,122,96,2" hai2="20,29,32,31,44,9,30,11,38,43,94,72,63" hai3="124,119,120,115,17,88,90,117,101,36,26,126,84"/><V10/><F32/><W67/><G36/><T62/><D133/><U8/><E108/><V50/><F72/><W19/><G67/><T135/><D128/><U40/><E40/><V130/><F130/><W100/><G120/><T107/><D135/><U22/><E122/><V57/><F38/><W70/><G70/><T105/><D45/><U112/><E112/><V78/><F78/><W118/><G115/><T83/><D59/><U81/><E68/><V0/><F94/><W14/><G26/><T113/><D62/><U95/><E64/><V129/><F129/><W54/><G54/><T110/><D110/><U41/><E41/><V51/><F51/><W49/><G49/><T123/><D123/><U69/><E69/><V134/><F134/><W4/><G4/><T89/><D89/><N who="3" m="34409" /><G84/><T131/><D131/><U53/><E53/><N who="2" m="34223" /><F0/><W75/><G75/><T98/><D98/><U65/><E65/><V47/><F47/><W125/><G14/><T42/><D42/><U106/><E2/><V82/><F82/><W132/><G132/><T52/><REACH who="0" step="1"/><D113/><REACH who="0" ten="203,224,254,309" step="2"/><U80/><E106/><V13/><F43/><W121/><G121/><T61/><D61/><U97/><E97/><V3/><F44/><W33/><G33/><T71/><D71/><U46/><E46/><V1/><F50/><W91/><G91/><T23/><D23/><U114/><E114/><V66/><F66/><W92/><G101/><T104/><D104/><U15/><E81/><V37/><F37/><W6/><G100/><T27/><D27/><U76/><E80/><V103/><F103/><W109/><G109/><RYUUKYOKU ba="0,1" sc="203,10,224,10,254,10,309,-30" hai0="21,24,25,28,35,52,58,60,73,77,83,105,107" hai1="8,12,15,16,18,22,76,79,85,87,95,96,102" hai2="1,3,9,10,11,13,20,29,30,31" /><INIT seed="2,1,1,3,3,30" ten="213,234,264,279" oya="2" hai0="124,89,17,78,52,53,131,70,103,72,95,82,102" hai1="11,55,29,104,44,77,106,61,12,73,6,7,135" hai2="84,123,15,128,69,115,24,117,105,100,46,50,14" hai3="2,96,25,45,126,94,109,22,107,60,47,68,34"/><V1/><F115/><W35/><G2/><T75/><D131/><U26/><E135/><V56/><F117/><W88/><G107/><T63/><D124/><U43/><E77/><V49/><F69/><W58/><G68/><T81/><D17/><U108/><E73/><V122/><F1/><W51/><G126/><T28/><D28/><U93/><E6/><V42/><F128/><W27/><G109/><T130/><D130/><U132/><E132/><V20/><F105/><W112/><G112/><T23/><D23/><U59/><E93/><V48/><F100/><W80/><G80/><T83/><D70/><U101/><E101/><V134/><F134/><W66/><G45/><T67/><D67/><U62/><E62/><V37/><F84/><W90/><G90/><T91/><D63/><U3/><E108/><V71/><F71/><W133/><G27/><T0/><D0/><U129/><E129/><V36/><F36/><W98/><G98/><T18/><D18/><U76/><E76/><V110/><F56/><W120/><G120/><T32/><D83/><U87/><E87/><V16/><REACH who="2" step="1"/><F110/><REACH who="2" ten="213,234,254,279" step="2"/><W57/><G57/><T119/><D119/><U38/><REACH who="1" step="1"/><E3/><REACH who="1" ten="213,224,254,279" step="2"/><V118/><F118/><W9/><G133/><T116/><D116/><U4/><E4/><V65/><F65/><W79/><G66/><T13/><D78/><U92/><E92/><V85/><F85/><W127/><G79/><T31/><D95/><U86/><E86/><V8/><F8/><W10/><G10/><T5/><D5/><U125/><E125/><V111/><F111/><W39/><G127/><RYUUKYOKU ba="1,3" sc="213,-15,224,15,254,15,279,-15" hai1="7,11,12,26,29,38,43,44,55,59,61,104,106" hai2="14,15,16,20,24,37,42,46,48,49,50,122,123" /><INIT seed="2,2,3,5,5,67" ten="198,239,269,264" oya="2" hai0="23,19,46,63,89,123,110,121,16,30,76,20,95" hai1="59,21,107,65,84,100,129,82,124,75,28,18,85" hai2="102,12,90,70,125,35,117,135,56,34,54,122,26" hai3="10,96,8,87,5,15,9,83,71,1,128,51,60"/><V133/><F117/><W86/><G128/><T81/><D110/><U88/><E129/><V66/><F122/><W17/><G10/><T40/><D30/><U131/><E131/><V104/><F125/><W79/><G51/><T0/><D0/><U33/><E75/><V62/><F26/><W41/><G41/><T48/><D63/><U47/><E107/><V72/><F72/><W44/><G44/><T43/><D43/><U112/><E112/><V32/><F90/><W97/><REACH who="3" step="1"/><G87/><REACH who="3" ten="198,239,269,254" step="2"/><N who="0" m="48551" /><D123/><U42/><E85/><V101/><F104/><W98/><G98/><N who="0" m="57711" /><D121/><U113/><E42/><V134/><F12/><W24/><G24/><T37/><D37/><U27/><E27/><V6/><F6/><W73/><G73/><T94/><D94/><U119/><E113/><V64/><F64/><AGARI ba="2,4" hai="1,5,8,9,15,17,60,64,71,79,83,86,96,97" machi="64" ten="40,2600,0" yaku="1,1,52,1,53,0" doraHai="67" doraHaiUra="111" who="3" fromWho="2" sc="198,0,239,0,269,-32,254,72" /><INIT seed="3,0,0,2,1,127" ten="198,239,237,326" oya="3" hai0="0,57,108,113,19,9,36,84,43,32,53,104,59" hai1="17,102,121,60,12,5,3,21,129,101,16,115,79" hai2="83,8,37,72,114,120,23,42,30,26,91,34,80" hai3="132,125,25,67,20,99,15,35,13,86,76,33,22"/><W71/><G71/><T88/><D104/><U14/><E121/><V18/><F114/><W103/><G67/><T11/><D32/><U64/><E115/><V56/><F120/><W74/><G74/><T51/><D113/><U92/><E129/><V97/><F37/><W85/><G125/><T54/><D108/><U87/><E3/><V28/><F42/><W122/><G122/><T62/><D0/><U130/><E130/><V93/><F72/><W48/><G132/><T61/><D36/><U7/><E7/><V31/><F34/><W124/><G124/><T89/><D89/><U119/><E5/><V46/><F46/><W133/><G133/><T110/><D110/><U44/><E44/><V100/><F8/><W75/><G75/><T109/><D109/><U39/><E39/><V118/><F118/><W63/><G63/><T135/><D135/><U38/><E38/><V10/><F10/><W112/><G112/><T128/><D128/><U82/><E92/><V2/><F2/><W66/><G66/><T40/><D51/><U27/><E119/><V50/><F100/><W29/><G48/><T107/><D107/><U123/><E123/><V49/><F49/><W90/><G76/><T95/><D11/><N who="1" m="6175" /><E27/><V58/><F50/><W126/><G126/><T1/><D1/><U68/><E102/><V47/><F47/><W111/><G111/><T73/><D73/><U70/><E101/><V41/><F41/><W94/><G35/><T106/><D106/><U131/><E131/><V69/><F69/><W45/><G103/><T96/><D96/><U134/><E134/><RYUUKYOKU ba="0,0" sc="198,10,239,10,237,10,326,-30" hai0="9,19,40,43,53,54,57,59,61,62,84,88,95" hai1="14,17,21,60,64,68,70,79,82,87" hai2="18,23,26,28,30,31,56,58,80,83,91,93,97" /><INIT seed="4,1,0,4,2,111" ten="208,249,247,296" oya="0" hai0="46,86,73,122,35,69,48,108,92,118,77,52,60" hai1="47,72,17,63,26,89,11,18,112,66,75,85,82" hai2="100,116,53,31,80,129,1,9,65,38,59,12,107" hai3="81,124,20,132,64,128,41,123,87,30,134,71,19"/><T55/><D118/><U36/><E18/><V133/><F38/><W101/><G128/><T130/><D130/><U74/><E112/><V115/><F1/><W120/><G30/><T78/><D108/><U54/><E54/><V23/><F133/><N who="3" m="51307" /><G101/><T76/><D122/><N who="3" m="46633" /><G124/><T15/><D35/><U32/><E32/><V0/><F0/><W95/><G95/><T49/><D60/><U114/><E114/><V39/><F100/><W27/><G41/><T43/><D69/><U13/><E26/><V84/><F107/><W8/><G8/><T91/><D73/><U3/><E3/><V97/><F115/><W135/><G135/><T45/><D15/><U21/><E11/><V125/><F12/><W51/><G51/><T105/><D105/><U117/><E75/><V34/><F125/><W24/><G24/><T102/><D102/><U25/><E25/><V121/><F34/><W104/><G104/><T126/><D126/><U57/><REACH who="1" step="1"/><E117/><REACH who="1" ten="208,239,247,296" step="2"/><V79/><F116/><W62/><G27/><T50/><D43/><AGARI ba="1,1" hai="13,17,21,36,43,47,57,63,66,72,74,82,85,89" machi="43" ten="40,2600,0" yaku="1,1,2,1,53,0" doraHai="111" doraHaiUra="7" who="1" fromWho="0" sc="208,-29,239,39,247,0,296,0" /><INIT seed="5,0,0,4,5,3" ten="179,278,247,296" oya="1" hai0="124,21,11,120,52,39,115,99,87,8,80,4,33" hai1="117,28,89,13,43,0,62,82,73,104,121,34,129" hai2="126,74,47,29,54,97,15,67,106,23,59,63,14" hai3="48,49,22,9,95,72,76,51,109,112,127,114,19"/><U18/><E117/><V27/><F126/><W108/><G127/><T86/><D124/><U84/><E121/><V110/><F110/><W131/><G131/><T100/><D120/><U64/><E0/><V123/><F74/><W26/><G95/><T88/><D115/><N who="3" m="44073" /><G9/><T133/><D133/><U17/><E43/><V102/><F123/><W12/><G26/><T60/><D39/><U31/><E104/><V107/><F107/><W90/><G90/><T135/><D33/><U45/><E129/><V113/><F113/><W2/><G2/><T125/><D125/><U81/><E81/><AGARI ba="0,0" hai="12,19,22,48,49,51,72,76,81,108,109" m="44073" machi="81" ten="30,1000,0" yaku="15,1" doraHai="3" who="3" fromWho="1" sc="179,0,278,-10,247,0,296,10" /><INIT seed="6,0,0,3,5,18" ten="179,268,247,306" oya="2" hai0="31,125,51,5,85,90,73,59,68,121,17,53,89" hai1="77,3,124,47,16,36,20,135,115,13,70,39,88" hai2="133,54,56,80,112,42,102,87,38,40,83,45,23" hai3="132,27,113,75,100,126,43,109,10,52,134,67,50"/><V29/><F112/><W93/><G109/><T98/><D121/><U99/><E115/><V34/><F133/><N who="3" m="51307" /><G113/><T122/><D73/><U1/><E135/><V33/><F40/><W111/><G111/><T30/><D122/><U46/><E70/><V62/><F102/><W81/><G126/><T64/><D125/><U0/><E77/><V92/><F92/><W84/><G75/><T57/><D5/><U79/><E79/><V97/><F97/><N who="3" m="59439" /><G67/><T11/><D68/><U37/><REACH who="1" step="1"/><E124/><REACH who="1" ten="179,258,247,306" step="2"/><V41/><F80/><W69/><G69/><T48/><D98/><U12/><E12/><V131/><F83/><W4/><G27/><T129/><D129/><U114/><E114/><V28/><F131/><W7/><G10/><T24/><D24/><U65/><E65/><V106/><F87/><W74/><G74/><T71/><D71/><U107/><E107/><V61/><F106/><W120/><G120/><T35/><D35/><U8/><E8/><V110/><F110/><W26/><G26/><T82/><D90/><U86/><E86/><V116/><F33/><W96/><G96/><T76/><D76/><U19/><E19/><V6/><F34/><W91/><G43/><T49/><D11/><U78/><E78/><V94/><F42/><W44/><AGARI ba="0,1" hai="4,7,44,50,52,81,84,91" m="59439,51307" machi="44" ten="30,2000,0" yaku="20,1,54,1" doraHai="18" who="3" fromWho="3" sc="179,-5,258,-5,247,-10,306,30" /><INIT seed="7,0,0,0,5,53" ten="174,253,237,336" oya="3" hai0="62,77,1,108,55,48,96,90,65,60,33,110,6" hai1="104,103,52,92,127,61,123,125,89,97,102,68,38" hai2="0,39,67,45,12,17,112,47,95,34,114,36,106" hai3="13,116,11,117,81,28,109,124,84,40,76,79,85"/><W2/><G2/><T101/><D77/><U86/><E38/><V15/><F0/><W56/><G28/><T135/><D135/><U41/><E41/><V115/><F106/><W111/><G40/><T82/><D33/><U93/><E68/><V7/><F34/><W69/><G69/><T42/><D42/><U54/><E123/><V23/><F67/><W3/><G3/><T105/><D82/><U107/><E54/><V129/><F129/><W19/><G124/><T91/><D60/><U133/><E133/><V18/><F7/><W8/><G8/><T59/><D91/><U64/><E64/><V126/><F95/><W29/><G29/><T63/><D63/><U113/><E113/><V72/><F72/><W57/><G85/><T22/><D90/><U99/><REACH who="1" step="1"/><E107/><REACH who="1" ten="174,243,237,336" step="2"/><V80/><F114/><W10/><G117/><T87/><D87/><U74/><E74/><V43/><F43/><W31/><G116/><T44/><REACH who="0" step="1"/><D22/><REACH who="0" ten="164,243,237,336" step="2"/><U131/><E131/><V83/><F23/><W73/><G84/><T98/><D98/><U5/><E5/><V88/><F115/><W32/><G73/><T122/><D122/><U75/><E75/><V35/><F112/><W94/><G32/><T78/><D78/><U51/><E51/><V25/><F35/><W100/><G79/><T119/><D119/><U134/><E134/><V20/><F20/><W132/><G76/><T118/><D118/><U50/><E50/><V16/><F39/><W49/><G49/><T58/><D58/><AGARI ba="0,2" hai="52,58,61,86,89,92,93,97,99,102,103,104,125,127" machi="58" ten="40,5200,0" yaku="1,1,52,1,54,1,53,0" doraHai="53" doraHaiUra="9" who="1" fromWho="0" sc="164,-52,243,72,237,0,336,0" owari="112,-38.8,315,11.5,237,-16.3,336,43.6" /></mjloggm>