<mjloggm ver="2.3"><GO type="169" lobby="0"/><UN n0="%73%61%6E%64%69%72%69%73" n1="%E4%BF%BA%E3%81%A7%E3%81%99" n2="%6B%72%62" n3="%E3%80%8C%E3%83%92%E3%83%AD%E3%80%8D%34%30" dan="17,16,16,17" rate="2172.41,2131.12,2191.99,2208.66" sx="M,M,F,M"/><TAIKYOKU oya="0"/><INIT seed="0,0,0,3,1,60" ten="250,250,250,250" oya="0" hai0="16,130,35,36,104,37,41,87,29,107,18,62,122" hai1="109,28,113,94,116,11,40,119,125,96,105,46,55" hai2="33,13,15,22,2,78,110,129,32,88,90,101,77" hai3="14,8,4,43,131,111,7,47,91,115,61,124,69"/><T56/><D122/><U100/><E109/><V134/><F110/><W57/><G111/><T112/><D112/><U72/><E125/><V59/><F2/><W20/><G124/><T106/><D130/><U17/><E113/><V123/><F101/><W98/><G131/><T128/><D128/><U82/><E28/><V19/><F129/><W84/><G115/><T42/><D87/><U103/><E55/><V92/><F134/><W93/><G69/><T27/><D42/><U95/><E105/><V67/><F32/><W58/><G20/><T3/><D3/><U73/><E82/><V133/><F33/><W75/><G75/><T30/><D30/><U121/><E121/><V135/><F123/><W52/><G58/><T49/><D49/><U12/><E119/><V132/><F13/><W108/><G108/><T83/><D83/><U127/><E127/><V1/><F1/><W39/><REACH who="3" step="1"/><G84/><REACH who="3" ten="250,250,250,240" step="2"/><T50/><D56/><U45/><E116/><V64/><F59/><W120/><G120/><T44/><REACH who="0" step="1"/><D62/><REACH who="0" ten="240,250,250,240" step="2"/><U65/><E73/><V23/><F135/><W66/><G66/><T80/><D80/><U63/><E72/><V38/><F133/><W86/><G86/><T99/><D99/><U25/><E96/><V114/><F132/><W34/><G34/><T70/><D70/><U126/><E126/><V26/><F64/><W71/><G71/><T51/><D51/><U79/><E65/><V31/><F67/><W97/><G97/><T102/><D102/><U9/><E103/><V53/><F114/><W74/><G74/><T5/><D5/><AGARI ba="0,2" hai="4,5,7,8,14,39,43,47,52,57,61,91,93,98" machi="5" ten="30,7700,0" yaku="1,1,7,1,54,1,53,1" doraHai="60" doraHaiUra="54" who="3" fromWho="0" sc="240,-77,250,0,250,0,240,97" /><INIT seed="1,0,0,1,3,126" ten="163,250,250,337" oya="1" hai0="33,134,101,34,115,73,57,54,103,135,15,18,45" hai1="88,26,66,72,20,129,29,121,119,92,113,61,59" hai2="131,8,90,133,127,79,96,117,132,67,50,11,64" hai3="1,100,120,63,40,23,55,37,27,35,6,108,74"/><U85/><E113/><V110/><F117/><W123/><G74/><T98/><D73/><U94/><E119/><V14/><F110/><W124/><G108/><T68/><D68/><U3/><E121/><V91/><F127/><W122/><G124/><T84/><D115/><U41/><E72/><V104/><F79/><W46/><G35/><T102/><D98/><U81/><E129/><V60/><F104/><W39/><G39/><T77/><D45/><U114/><E114/><V109/><F109/><W70/><G100/><T0/><D0/><U53/><E3/><V16/><F131/><W112/><G112/><T12/><D84/><U22/><E41/><V38/><F38/><W43/><G43/><T130/><D77/><U111/><E111/><V62/><F50/><W31/><G55/><T89/><D89/><U21/><REACH who="1" step="1"/><E66/><REACH who="1" ten="163,240,250,337" step="2"/><V13/><F64/><W106/><G1/><T25/><D130/><U116/><E116/><V19/><F67/><W32/><G40/><T125/><D125/><U48/><E48/><V65/><F65/><W118/><G118/><T128/><D128/><U49/><E49/><V80/><F60/><W51/><G63/><T4/><D135/><U58/><E58/><V69/><F62/><W87/><G51/><T24/><D134/><U30/><E30/><V17/><F133/><W71/><G31/><T9/><D57/><U95/><AGARI ba="0,1" hai="20,21,22,26,29,53,59,61,81,85,88,92,94,95" machi="95" ten="30,12000,1" yaku="1,1,0,1,8,1,54,1,53,1" doraHai="126" doraHaiUra="56" who="1" fromWho="1" sc="163,-40,240,130,250,-40,337,-40" /><INIT seed="1,1,0,5,2,6" ten="123,370,210,297" oya="1" hai0="87,96,97,73,55,52,7,133,23,46,11,24,125" hai1="45,18,31,21,51,14,68,101,98,81,30,132,75" hai2="27,114,65,131,102,79,59,95,28,109,10,129,116" hai3="105,4,1,124,118,66,107,48,25,20,26,100,115"/><U12/><E68/><V64/><F116/><W122/><G122/><T13/><D73/><U71/><E71/><V76/><F109/><W80/><G115/><T33/><D33/><U29/><E132/><V58/><F114/><W62/><G118/><T86/><D125/><U91/><E75/><V37/><F37/><W88/><G124/><T126/><D133/><U41/><E81/><V111/><F111/><W49/><G49/><T70/><D70/><U36/><E91/><V67/><F102/><W130/><G48/><N who="0" m="28695" /><D55/><U22/><E36/><V104/><F104/><W16/><G130/><T110/><D110/><U112/><E112/><V89/><F131/><W34/><G100/><T56/><D56/><U78/><E78/><V15/><F129/><W84/><G34/><T77/><D126/><U63/><E63/><V60/><F79/><W53/><G53/><T92/><D97/><U72/><E72/><V90/><F76/><W103/><G103/><N who="0" m="60807" /><D77/><U106/><REACH who="1" step="1"/><E12/><REACH who="1" ten="123,360,210,297" step="2"/><V121/><F90/><W113/><G113/><T57/><D57/><U85/><E85/><N who="2" m="52655" /><F59/><W5/><G84/><T43/><D43/><U40/><E40/><V3/><F3/><W82/><G1/><T54/><D54/><U119/><E119/><V19/><F121/><W38/><G38/><T8/><D87/><U47/><E47/><V128/><F128/><W61/><G82/><T50/><D86/><U127/><E127/><V123/><F123/><W39/><G80/><T44/><D44/><U83/><E83/><V42/><F42/><W32/><G39/><T134/><D134/><U93/><E93/><RYUUKYOKU ba="1,1" sc="123,-15,360,15,210,15,297,-15" hai1="14,18,21,22,29,30,31,41,45,51,98,101,106" hai2="10,15,19,27,28,58,60,64,65,67" /><INIT seed="1,2,1,0,0,29" ten="108,375,225,282" oya="1" hai0="88,34,46,50,134,3,7,35,79,99,72,98,2" hai1="85,94,127,47,24,21,128,115,109,16,75,60,108" hai2="95,110,71,92,17,26,116,0,18,11,69,102,66" hai3="83,104,33,132,67,32,39,14,65,91,113,86,131"/><U56/><E115/><V25/><F116/><W49/><G113/><T129/><D129/><U114/><E114/><V87/><F0/><W73/><G39/><T61/><D134/><U4/><E75/><V54/><F102/><W40/><G131/><T126/><D126/><U41/><E127/><V37/><F87/><W120/><G132/><T19/><D61/><U22/><E128/><V44/><F37/><W45/><G120/><T122/><D19/><U101/><E4/><V15/><F110/><N who="1" m="42601" /><E22/><V81/><F81/><W76/><G104/><T123/><D79/><U117/><E117/><V48/><F66/><W112/><G112/><T82/><D7/><U51/><E85/><V97/><F69/><W105/><G105/><T93/><D99/><N who="1" m="59639" /><E60/><V36/><F71/><W13/><G13/><T121/><D82/><U89/><E89/><V124/><F124/><W55/><G40/><N who="0" m="24903" /><D72/><U70/><E70/><V135/><F135/><W31/><G14/><T107/><D107/><U103/><E103/><V68/><F68/><W78/><G78/><T80/><D80/><U111/><N who="1" m="42609" /><U12/><DORA hai="100" /><E24/><V90/><F26/><W6/><G6/><T10/><D10/><U52/><E41/><N who="2" m="22567" /><F90/><W96/><G73/><T30/><D30/><U77/><E77/><V84/><F84/><W74/><G31/><T38/><D38/><U8/><E8/><V5/><F97/><W125/><G125/><T23/><D23/><U63/><E63/><V28/><F28/><W118/><G74/><T1/><AGARI ba="2,1" hai="1,2,3,34,35,88,93,98,121,122,123" m="24903" machi="1" ten="40,8000,1" yaku="13,1,52,2,54,1" doraHai="29,100" who="0" fromWho="0" sc="108,96,375,-42,225,-22,282,-22" /><INIT seed="2,0,0,4,5,124" ten="204,333,203,260" oya="2" hai0="71,59,42,79,0,102,81,104,91,51,14,58,103" hai1="86,87,31,72,62,70,97,15,23,56,8,120,132" hai2="73,119,60,118,88,11,82,57,18,61,38,99,107" hai3="6,25,26,64,19,39,128,33,93,49,29,41,115"/><V85/><F38/><W109/><G115/><T114/><D0/><U121/><E72/><V106/><F73/><W13/><G109/><T17/><D71/><U1/><E70/><V67/><F106/><W117/><G117/><T123/><D123/><N who="1" m="47179" /><E1/><V36/><F36/><W74/><G74/><T66/><D91/><U37/><E37/><V48/><F48/><W54/><G64/><T50/><D114/><U100/><E23/><V133/><F133/><W5/><G26/><T35/><D35/><U2/><E31/><V76/><F61/><W30/><G30/><T127/><D127/><U7/><E15/><V4/><F18/><W122/><G122/><T12/><D104/><N who="1" m="63503" /><E132/><V108/><F108/><W3/><G3/><T28/><D28/><U90/><E90/><V63/><F63/><W126/><G126/><T134/><D134/><U92/><E92/><V110/><F110/><W96/><G39/><T43/><D79/><U98/><E98/><V68/><F68/><W55/><G93/><T89/><D89/><U129/><E86/><V131/><F76/><W95/><G96/><T125/><D125/><U80/><E80/><V52/><F67/><W53/><G95/><T9/><D66/><N who="1" m="39239" /><E87/><V84/><F84/><W112/><G112/><T105/><D105/><U10/><E8/><V113/><F113/><W16/><G29/><T111/><D111/><U21/><E21/><V20/><F20/><W83/><G33/><T24/><D9/><U69/><E69/><V40/><F99/><W65/><G65/><T101/><D81/><U22/><E22/><V46/><F107/><RYUUKYOKU ba="0,0" sc="204,-10,333,30,203,-10,260,-10" hai1="2,7,10,129" /><INIT seed="3,1,0,0,2,117" ten="194,363,193,250" oya="3" hai0="7,22,20,16,134,76,121,38,73,2,31,106,90" hai1="67,93,36,114,110,135,34,45,27,99,50,58,15" hai2="69,133,29,79,68,95,49,13,44,77,17,122,87" hai3="46,130,128,11,4,32,26,57,88,86,33,5,9"/><W66/><G46/><T63/><D106/><U60/><E114/><V111/><F133/><W105/><G105/><T41/><D134/><U127/><E135/><V125/><F125/><W70/><G70/><T129/><D129/><N who="3" m="49769" /><G66/><T131/><D131/><U40/><E15/><V39/><F39/><W21/><G57/><T82/><D90/><U1/><E1/><V0/><F0/><N who="3" m="135" /><G88/><T72/><D72/><U65/><E127/><V47/><F111/><W83/><G86/><T104/><D63/><U113/><E110/><V78/><F29/><N who="3" m="17615" /><G83/><T42/><D104/><U18/><E67/><V102/><F47/><W115/><G115/><T109/><D38/><U92/><E113/><V19/><F102/><W8/><G8/><T64/><D64/><U75/><E75/><V56/><F56/><W37/><G37/><T53/><D82/><U25/><E36/><V54/><F95/><W89/><G89/><T62/><D73/><U108/><E93/><V48/><F48/><W3/><AGARI ba="1,0" hai="3,5,11,32,33" m="17615,135,49769" machi="3" ten="30,6000,0" yaku="19,1,34,2" doraHai="117" who="3" fromWho="3" sc="194,-21,363,-21,193,-21,250,63" /><INIT seed="3,2,0,1,4,111" ten="173,342,172,313" oya="3" hai0="79,97,40,48,25,23,2,88,77,124,121,80,85" hai1="133,123,45,119,30,65,71,20,118,72,102,36,135" hai2="82,103,59,6,68,70,126,61,51,128,5,10,58" hai3="108,37,73,81,7,9,57,24,116,33,22,52,113"/><W117/><G108/><T21/><D124/><U60/><E72/><V15/><F126/><W107/><G107/><T47/><D121/><U1/><E123/><V74/><F128/><W120/><G120/><T94/><D2/><U115/><E1/><V105/><F5/><W125/><G125/><T122/><D122/><U53/><E102/><V92/><F105/><W31/><G37/><T50/><D50/><N who="1" m="28879" /><E20/><V43/><F74/><W56/><G56/><T131/><D131/><U62/><E30/><V29/><F29/><W87/><G73/><T19/><REACH who="0" step="1"/><D23/><REACH who="0" ten="163,342,172,313" step="2"/><U16/><E118/><V18/><F70/><W63/><G22/><T0/><D0/><U35/><E119/><V104/><F68/><W17/><G113/><T26/><D26/><U95/><E115/><V44/><F61/><W106/><G117/><T100/><AGARI ba="2,1" hai="19,21,25,40,47,48,77,79,80,85,88,94,97,100" machi="100" ten="20,8000,1" yaku="1,1,0,1,7,1,8,1,54,1,53,0" doraHai="111" doraHaiUra="134" who="0" fromWho="0" sc="163,96,342,-22,172,-22,313,-42" /><INIT seed="4,0,0,2,5,109" ten="259,320,150,271" oya="0" hai0="47,75,112,97,83,89,49,91,48,65,54,95,35" hai1="69,19,26,98,31,124,88,84,56,16,85,38,10" hai2="71,8,92,11,53,46,41,123,1,44,29,119,62" hai3="104,2,134,28,23,3,115,14,6,122,52,105,5"/><T42/><D35/><U86/><E69/><V68/><F123/><W87/><G122/><T70/><D70/><U24/><E38/><V9/><F119/><W72/><G72/><T82/><D65/><U61/><E124/><V96/><F29/><W57/><G105/><T4/><D75/><U21/><E10/><V116/><F116/><W58/><G104/><T74/><D74/><U25/><E25/><V13/><F1/><W110/><G110/><T37/><D37/><U55/><E26/><V60/><F71/><W128/><G87/><T33/><D33/><U66/><E66/><V50/><F68/><W132/><G52/><T120/><D120/><U99/><REACH who="1" step="1"/><E88/><REACH who="1" ten="259,310,150,271" step="2"/><V81/><F11/><W43/><G134/><T113/><D4/><U126/><E126/><V39/><F9/><W125/><G132/><T80/><REACH who="0" step="1"/><D91/><REACH who="0" ten="249,310,150,271" step="2"/><U94/><E94/><V59/><F92/><W12/><G6/><T67/><D67/><U133/><E133/><V118/><F118/><W51/><G5/><T40/><D40/><U102/><E102/><V76/><F41/><W73/><G43/><T32/><D32/><U18/><AGARI ba="0,2" hai="16,18,19,21,24,31,55,56,61,84,85,86,98,99" machi="18" ten="30,7900,0" yaku="1,1,0,1,8,1,54,1,53,0" doraHai="109" doraHaiUra="121" who="1" fromWho="1" sc="249,-39,310,99,150,-20,271,-20" /><INIT seed="5,0,0,3,2,66" ten="210,409,130,251" oya="1" hai0="129,130,126,60,73,32,30,15,39,27,21,55,99" hai1="33,114,80,17,102,22,82,115,128,6,74,10,79" hai2="41,117,24,84,9,108,34,64,94,91,103,97,8" hai3="86,68,131,45,77,38,13,51,67,28,50,119,47"/><U42/><E128/><N who="0" m="49257" /><D39/><U26/><E42/><V7/><F108/><W71/><G131/><T25/><D73/><U111/><E111/><V5/><F117/><W88/><G119/><T113/><D113/><N who="1" m="43019" /><E102/><V44/><F64/><W12/><G28/><T54/><D126/><U48/><E48/><V40/><F34/><W92/><G38/><T43/><D43/><U134/><E82/><V62/><F62/><W109/><G109/><T2/><D2/><N who="1" m="343" /><E33/><V11/><F24/><W72/><G50/><T29/><D99/><U132/><AGARI ba="0,0" hai="17,22,26,74,79,80,132,134" m="343,43019" machi="132" ten="30,1500,0" yaku="15,1" doraHai="66" who="1" fromWho="1" sc="210,-5,409,15,130,-5,251,-5" /><INIT seed="5,1,0,3,1,36" ten="205,424,125,246" oya="1" hai0="23,110,8,7,100,79,37,27,22,25,30,129,77" hai1="134,101,63,131,52,120,71,11,58,45,51,126,48" hai2="33,87,94,10,114,29,80,109,31,135,89,67,34" hai3="82,103,85,65,41,15,12,83,4,128,9,98,123"/><U99/><E120/><V106/><F109/><W112/><G123/><T119/><D110/><U84/><E11/><V19/><F106/><W17/><G112/><T26/><D119/><U97/><E84/><V32/><F135/><W118/><G118/><T14/><D129/><U18/><E18/><V47/><F114/><W42/><G65/><T108/><D108/><U133/><E99/><V95/><F67/><W92/><G128/><T125/><D125/><U16/><E131/><V38/><F95/><W121/><G121/><T73/><D37/><U49/><E126/><V35/><N who="2" m="8192" /><DORA hai="74" /><V53/><F94/><W62/><G62/><T75/><D100/><U81/><E81/><V117/><F117/><W127/><G127/><T93/><D93/><U104/><E16/><V111/><F111/><W76/><G83/><T6/><D6/><U5/><E5/><V130/><F130/><W102/><G102/><T88/><D88/><U13/><E13/><V68/><F68/><W115/><G115/><T72/><REACH who="0" step="1"/><D27/><REACH who="0" ten="195,424,125,246" step="2"/><U20/><E133/><V2/><F38/><W113/><G113/><T44/><D44/><U69/><E134/><V40/><F47/><W0/><REACH who="3" step="1"/><G0/><REACH who="3" ten="195,424,125,236" step="2"/><T24/><D24/><U59/><E104/><V91/><F2/><W86/><G86/><T90/><D90/><U66/><E101/><V56/><F91/><W39/><G39/><T122/><D122/><U64/><E45/><V107/><F89/><W43/><G43/><T116/><D116/><U46/><E46/><V21/><F40/><W28/><G28/><AGARI ba="1,2" hai="7,8,14,22,23,25,26,28,30,72,73,75,77,79" machi="28" ten="40,8000,1" yaku="1,1,9,1,52,2,53,0" doraHai="36,74" doraHaiUra="50,60" who="0" fromWho="3" sc="195,103,424,0,125,0,236,-83" /><INIT seed="6,0,0,3,2,18" ten="298,424,125,153" oya="2" hai0="6,21,55,83,101,113,10,76,53,128,125,86,26" hai1="22,89,32,122,1,60,24,98,63,103,61,11,78" hai2="70,117,50,42,95,4,87,120,5,112,69,27,115" hai3="14,127,56,2,123,8,77,41,43,107,111,35,124"/><V46/><F120/><W100/><G123/><T119/><D113/><N who="2" m="43594" /><F117/><W93/><G111/><T30/><D128/><U97/><E78/><V54/><F95/><W129/><G129/><T0/><D125/><U19/><E32/><V7/><F87/><W15/><G107/><T114/><D114/><U121/><E121/><V67/><F67/><W85/><G35/><T44/><D119/><U49/><E122/><V39/><F27/><W99/><G2/><T37/><D101/><U81/><E103/><V16/><F16/><W29/><G29/><T65/><D65/><U75/><E75/><V118/><F118/><W110/><G110/><T59/><D59/><AGARI ba="0,0" hai="4,5,7,39,42,46,50,54,59,69,70" m="43594" machi="59" ten="30,1500,0" yaku="15,1" doraHai="18" who="2" fromWho="0" sc="298,-15,424,0,125,15,153,0" /><INIT seed="6,1,0,1,2,100" ten="283,424,140,153" oya="2" hai0="7,78,49,85,20,16,95,74,3,56,123,133,132" hai1="90,63,8,50,113,42,91,94,34,21,76,67,111" hai2="135,124,77,59,9,86,15,103,30,13,106,52,115" hai3="26,61,54,129,114,109,98,4,104,121,119,28,2"/><V31/><F124/><W101/><G109/><T11/><D123/><U29/><E34/><V126/><F126/><W48/><G121/><T38/><D38/><U12/><E76/><V55/><F135/><N who="0" m="51786" /><D74/><U25/><E113/><V105/><F115/><W112/><G119/><T70/><D70/><U14/><E111/><V64/><F77/><W41/><G129/><T130/><D130/><U40/><E50/><V65/><F86/><W79/><G79/><T120/><D120/><U27/><E27/><V46/><F103/><W58/><G2/><T6/><D6/><U117/><E14/><V81/><F9/><W125/><G4/><T83/><D95/><U43/><E94/><V51/><F51/><W22/><G125/><T45/><D56/><N who="1" m="37351" /><E117/><V88/><F59/><W131/><G131/><T99/><D99/><U128/><E128/><V84/><F84/><W118/><G118/><T122/><D122/><U134/><E134/><V75/><F46/><W35/><G35/><T57/><D57/><U17/><AGARI ba="1,0" hai="8,12,17,21,25,29,40,42,43,90,91" m="37351" machi="17" ten="30,1100,0" yaku="8,1" doraHai="100" who="1" fromWho="1" sc="283,-4,424,14,140,-6,153,-4" /><INIT seed="7,0,0,4,2,115" ten="279,438,134,149" oya="3" hai0="36,84,34,98,112,6,73,41,117,77,90,22,126" hai1="44,102,131,0,80,25,120,21,103,116,40,14,109" hai2="1,94,11,23,107,93,58,124,37,51,82,133,87" hai3="26,92,68,110,122,119,74,27,69,88,127,108,53"/><W62/><G74/><T89/><D117/><U59/><E109/><N who="3" m="42090" /><G122/><T19/><D34/><U75/><E0/><V32/><F107/><W83/><G83/><T18/><D112/><U31/><E120/><V2/><F32/><W96/><G127/><T50/><D36/><U72/><E131/><V111/><F111/><W13/><G13/><T3/><D73/><U55/><E14/><V95/><F37/><W4/><G4/><T81/><D126/><U56/><E116/><V43/><F124/><W47/><G119/><T125/><D125/><U121/><E121/><V17/><F133/><W129/><G129/><T132/><D132/><U46/><E75/><V8/><F2/><W64/><G69/><T54/><D41/><U5/><E5/><V30/><F30/><W20/><G20/><T128/><D128/><U15/><E80/><V49/><F1/><W79/><G79/><T35/><D35/><U16/><E72/><V99/><F99/><W134/><G134/><T66/><D66/><U86/><E40/><V57/><F43/><W91/><G91/><T106/><D6/><U63/><E86/><V10/><F87/><W101/><G101/><N who="0" m="62775" /><D3/><U24/><E103/><V33/><F82/><W97/><G97/><T135/><D135/><U100/><E102/><V45/><F33/><W42/><G53/><T78/><D78/><U118/><E100/><V104/><F104/><W71/><G71/><T61/><D22/><N who="1" m="15799" /><E118/><V12/><F45/><N who="1" m="17513" /><E15/><V39/><F39/><AGARI ba="0,0" hai="26,27,39,42,47,62,64,68,88,92,96" m="42090" machi="39" ten="30,2900,0" yaku="10,1,54,1" doraHai="115" who="3" fromWho="2" sc="279,0,438,0,134,-29,149,29" /><INIT seed="7,1,0,1,0,126" ten="279,438,105,178" oya="3" hai0="39,14,23,72,66,81,34,4,82,30,56,2,70" hai1="28,134,88,49,57,69,43,133,63,83,117,71,111" hai2="78,45,119,26,40,128,20,21,118,16,86,65,24" hai3="124,112,25,80,109,58,120,129,31,100,48,74,68"/><W135/><G120/><T1/><D70/><U10/><E111/><V55/><F65/><W114/><G124/><T6/><D39/><U64/><E28/><V7/><F7/><W103/><G68/><T50/><D72/><U102/><E102/><V33/><F33/><W15/><G109/><T106/><D106/><U76/><E117/><V59/><F128/><W116/><G116/><T132/><D34/><U98/><E10/><V84/><F78/><N who="3" m="44119" /><G15/><T51/><D14/><U97/><E71/><V8/><F8/><W29/><G129/><T93/><D23/><U113/><E113/><N who="3" m="43626" /><G135/><N who="1" m="51722" /><E88/><V95/><F95/><W99/><G25/><T73/><D93/><U67/><E67/><V9/><F9/><W17/><G17/><T130/><D51/><U121/><E121/><V122/><F122/><W89/><G89/><T38/><D56/><U13/><E13/><V94/><F94/><N who="3" m="58487" /><G103/><T62/><D130/><U77/><E69/><V37/><F119/><W42/><G58/><T53/><D132/><U125/><E125/><V3/><F3/><W108/><G108/><T44/><D1/><U123/><E123/><V85/><F118/><W47/><AGARI ba="1,0" hai="29,31,42,47,48" m="58487,43626,44119" machi="47" ten="30,1500,0" yaku="15,1" doraHai="126" who="3" fromWho="3" sc="279,-6,438,-6,105,-6,178,18" /><INIT seed="7,2,0,5,3,21" ten="273,432,99,196" oya="3" hai0="110,3,112,6,113,51,13,96,127,57,119,34,23" hai1="70,63,130,116,86,103,104,121,47,14,17,26,75" hai2="29,71,106,53,19,126,99,91,65,56,44,20,80" hai3="38,115,40,128,122,32,134,133,41,109,54,94,117"/><W102/><G122/><T124/><D110/><U90/><E75/><V11/><F126/><N who="0" m="48170" /><D119/><U129/><E121/><V108/><F108/><W66/><G109/><T95/><D34/><U36/><E26/><V68/><F106/><W64/><G117/><T33/><D33/><U74/><E74/><V0/><F29/><W125/><G125/><T46/><D57/><U92/><E103/><V39/><F65/><W61/><G32/><T45/><D3/><U111/><E104/><V43/><F0/><W18/><G128/><T81/><D81/><U132/><E132/><V55/><F11/><W105/><G105/><T118/><D118/><U9/><E116/><V123/><F53/><W101/><G54/><N who="0" m="30063" /><D46/><U60/><E47/><V31/><F31/><W7/><G134/><T69/><D69/><U135/><E70/><V76/><F76/><W25/><G133/><T73/><D73/><U27/><E135/><V84/><F123/><W24/><G18/><N who="0" m="10703" /><D6/><U16/><E111/><V12/><F99/><W88/><G7/><T2/><D2/><U93/><E36/><V48/><REACH who="2" step="1"/><F80/><REACH who="2" ten="273,432,89,196" step="2"/><W1/><G1/><T89/><AGARI ba="2,1" hai="89,95,96,112,113" m="10703,30063,48170" machi="89" ten="30,1100,0" yaku="18,1" doraHai="21" who="0" fromWho="0" sc="273,27,432,-5,89,-5,196,-7" owari="300,10.0,427,52.7,84,-41.6,189,-21.1" /></mjloggm>