<mjloggm ver="2.3"><GO type="169" lobby="0"/><UN n0="%E8%B1%86%E3%83%80%E3%83%9E%E8%AD%A6%E5%AF%9F" n1="%E3%82%B5%E3%83%96%E3%82%A2%E3%83%A9%E3%83%89" n2="%E7%88%86%E5%8B%9D%E5%95%8F%E9%A1%8C" n3="%6B%6C%6F%6E%64%69%6B%65" dan="17,16,16,16" rate="2150.33,2052.39,2082.04,2156.71" sx="M,M,M,M"/><TAIKYOKU oya="0"/><INIT seed="0,0,0,5,0,111" ten="250,250,250,250" oya="0" hai0="57,38,65,62,121,24,119,66,42,67,18,133,51" hai1="72,83,95,49,59,17,81,7,22,84,70,71,27" hai2="77,129,114,113,56,88,35,11,132,1,2,130,16" hai3="44,19,39,99,21,34,48,117,37,73,105,25,63"/><T79/><D79/><U125/><E125/><V74/><F35/><W104/><G73/><T100/><D100/><U75/><E7/><V115/><F132/><W131/><G131/><N who="2" m="50185" /><F56/><W30/><G117/><T15/><D119/><U89/><E75/><V96/><F74/><W126/><G126/><T9/><D121/><U108/><E108/><V101/><F77/><W53/><G105/><T0/><D133/><U23/><E72/><V61/><F61/><W120/><G120/><T41/><D38/><U90/><E81/><V116/><F116/><W80/><G80/><T107/><D107/><U86/><E23/><V52/><F52/><W123/><G123/><T32/><D0/><U97/><E97/><V64/><F64/><W55/><G99/><T28/><REACH who="0" step="1"/><D42/><REACH who="0" ten="240,250,250,250" step="2"/><U91/><E95/><N who="2" m="56423" /><F101/><W98/><G39/><T93/><D93/><U109/><E109/><V40/><F40/><W87/><G37/><T8/><D8/><U134/><E134/><V112/><F112/><W33/><G104/><T45/><AGARI ba="0,1" hai="9,15,18,24,28,32,41,45,51,57,62,65,66,67" machi="45" ten="30,3000,0" yaku="1,1,0,1,53,0" doraHai="111" doraHaiUra="69" who="0" fromWho="0" sc="240,40,250,-10,250,-10,250,-10" /><INIT seed="0,1,0,4,1,122" ten="280,240,240,240" oya="0" hai0="92,99,91,77,75,78,44,67,6,94,3,66,95" hai1="36,135,57,19,129,39,33,11,127,8,101,22,130" hai2="108,35,15,47,96,83,109,84,107,56,132,41,53" hai3="12,26,30,13,59,37,65,133,119,121,111,80,125"/><T58/><D3/><U124/><E101/><V55/><F35/><W51/><G37/><T105/><D6/><U110/><E57/><V34/><F34/><W46/><G121/><T5/><D5/><U82/><E82/><V71/><F71/><W21/><G119/><T81/><D78/><U23/><E33/><V131/><F132/><W106/><G106/><T123/><D123/><U20/><E19/><V45/><F131/><N who="1" m="50185" /><E135/><V10/><F96/><W70/><G125/><N who="1" m="48202" /><E110/><N who="2" m="42603" /><F107/><W73/><G111/><T18/><D58/><U54/><E54/><N who="2" m="20491" /><F56/><W102/><G70/><T103/><D18/><U31/><E31/><V0/><F0/><W17/><G30/><T4/><D4/><U32/><E32/><V85/><F41/><W62/><G133/><T118/><D118/><U90/><E90/><N who="2" m="51487" /><F85/><W48/><G102/><T134/><D134/><U1/><E1/><V43/><F43/><W98/><G98/><T29/><D29/><U79/><E79/><V128/><F128/><W86/><G73/><T52/><D105/><U14/><E14/><N who="3" m="5738" /><G46/><T16/><D103/><U50/><E50/><V38/><F38/><AGARI ba="1,0" hai="8,11,20,22,23,36,38,39" m="48202,50185" machi="38" ten="40,8000,1" yaku="28,2,19,1,18,1" doraHai="122" who="1" fromWho="2" sc="280,0,240,83,240,-83,240,0" /><INIT seed="1,0,0,2,4,74" ten="280,323,157,240" oya="1" hai0="40,122,45,84,71,46,61,3,42,23,103,77,94" hai1="17,62,21,32,116,4,48,90,129,96,80,75,120" hai2="82,81,91,64,33,13,97,56,2,57,37,125,5" hai3="19,85,44,53,35,10,20,86,112,47,60,111,126"/><U133/><E120/><V9/><F37/><W59/><G112/><T15/><D3/><U95/><E116/><V87/><F33/><W28/><G126/><T114/><D114/><U12/><E129/><V100/><F125/><W41/><G111/><T7/><D122/><U8/><E133/><V101/><F2/><W6/><G35/><T27/><D71/><U98/><E32/><V135/><F135/><W76/><G28/><T67/><D15/><U134/><E134/><V14/><F14/><W18/><G86/><T119/><D7/><U118/><E118/><V51/><F57/><W65/><G65/><T34/><D34/><U78/><E62/><V55/><F64/><W108/><G108/><T52/><D119/><U73/><E48/><V130/><F130/><W123/><G123/><T29/><D103/><U132/><E132/><V121/><F121/><W117/><G20/><T69/><D46/><U113/><E75/><V50/><F50/><N who="3" m="26895" /><G47/><T66/><D66/><U68/><E68/><V72/><REACH who="2" step="1"/><F97/><REACH who="2" ten="280,323,147,240" step="2"/><W49/><G49/><T92/><D45/><U127/><E127/><V131/><F131/><W30/><G117/><T115/><D42/><U102/><E113/><V26/><F26/><W16/><G10/><T109/><D40/><U70/><E70/><V105/><F105/><W11/><G11/><T128/><D115/><U25/><E98/><V83/><F83/><N who="3" m="47335" /><G6/><T38/><D128/><U79/><E73/><V110/><F110/><W107/><G107/><T22/><D109/><U31/><E31/><V36/><F36/><W88/><G59/><N who="0" m="35047" /><D38/><U99/><E99/><RYUUKYOKU ba="0,1" sc="280,-15,323,15,147,15,240,-15" hai1="4,8,12,17,21,25,78,79,80,90,95,96,102" hai2="5,9,13,51,55,56,72,81,82,87,91,100,101" /><INIT seed="1,1,1,0,1,21" ten="265,338,162,225" oya="1" hai0="31,134,132,104,66,30,50,107,32,126,26,49,97" hai1="82,40,85,67,35,118,56,72,55,58,15,27,36" hai2="128,4,7,62,109,80,65,17,90,3,127,70,47" hai3="44,73,105,20,125,89,68,123,93,130,96,64,29"/><U74/><E118/><V101/><F109/><W48/><G123/><T95/><D66/><U92/><E92/><V2/><F127/><W18/><G125/><T38/><D38/><U99/><E99/><V10/><F128/><W115/><G115/><T45/><D126/><U12/><E74/><V98/><F17/><W0/><G0/><T23/><D50/><U5/><E72/><V94/><F47/><W129/><G73/><T88/><D31/><U53/><E67/><V28/><F28/><W8/><G8/><T108/><D32/><U61/><E40/><V79/><F7/><W77/><G77/><T84/><D108/><U1/><E36/><V114/><F3/><W131/><G29/><T112/><D112/><U9/><E27/><V113/><REACH who="2" step="1"/><F101/><REACH who="2" ten="265,338,152,225" step="2"/><W76/><G131/><T91/><D132/><U22/><E35/><V106/><F106/><W63/><G105/><T25/><D134/><U41/><E1/><V24/><F24/><W39/><G130/><T19/><D26/><U87/><E5/><V119/><F119/><W133/><G129/><T100/><D30/><U54/><E9/><V51/><F51/><W46/><G133/><T42/><REACH who="0" step="1"/><D100/><REACH who="0" ten="255,338,152,225" step="2"/><U103/><E103/><V111/><F111/><W14/><G39/><T116/><D116/><U34/><E34/><V117/><F117/><W16/><G18/><T33/><D33/><U86/><E61/><V59/><F59/><W13/><G63/><T135/><D135/><U43/><E58/><V6/><F6/><W120/><G120/><T102/><D102/><U110/><E56/><V11/><F11/><RYUUKYOKU ba="1,3" sc="255,15,338,-15,152,15,225,-15" hai0="19,23,25,42,45,49,84,88,91,95,97,104,107" hai2="2,4,10,62,65,70,79,80,90,94,98,113,114" /><INIT seed="2,2,3,1,5,92" ten="270,323,167,210" oya="2" hai0="122,120,49,65,61,94,13,133,25,72,87,32,12" hai1="95,48,118,9,3,93,41,106,52,86,59,16,124" hai2="129,104,127,19,5,17,24,6,101,98,89,51,75" hai3="110,69,117,113,15,42,84,76,115,7,66,70,39"/><V97/><F75/><W78/><G117/><T100/><D72/><U130/><E118/><V58/><F127/><W46/><G110/><T83/><D133/><U54/><E106/><V116/><F116/><W36/><G36/><T31/><D49/><U53/><E130/><V119/><F119/><W2/><G66/><T85/><D120/><U43/><E3/><V27/><F129/><W62/><G62/><T114/><D114/><N who="3" m="43529" /><G2/><T8/><D122/><U125/><E86/><V56/><F104/><W81/><G78/><T57/><D13/><N who="1" m="7215" /><E59/><N who="2" m="22571" /><F51/><W105/><G105/><T107/><D107/><U123/><E123/><V131/><F89/><W44/><G44/><T28/><D28/><U121/><E121/><V47/><F47/><W45/><G45/><T38/><D38/><U10/><E48/><V103/><F19/><W88/><G76/><T132/><D132/><U55/><N who="1" m="13312" /><DORA hai="35" /><U37/><E37/><V73/><F17/><W0/><G15/><T126/><D126/><N who="1" m="48747" /><E10/><AGARI ba="2,3" hai="0,7,10,39,42,46,69,70,81,84,88" m="43529" machi="10" ten="30,3900,0" yaku="11,1,52,1,54,1" doraHai="92,35" who="3" fromWho="1" sc="270,0,323,-45,167,0,210,75" /><INIT seed="3,0,0,3,5,34" ten="270,278,167,285" oya="3" hai0="98,66,84,124,95,0,45,13,42,114,50,80,133" hai1="78,129,75,2,32,131,87,11,126,73,102,135,89" hai2="1,40,132,90,128,12,49,93,58,103,109,10,118" hai3="56,120,72,46,101,99,85,47,44,43,116,92,17"/><W53/><G116/><T22/><D133/><U3/><E32/><V15/><F118/><W88/><G120/><T41/><D124/><U37/><E37/><V18/><F132/><W25/><G72/><T77/><D114/><U68/><E68/><V61/><F109/><W5/><G5/><T96/><D0/><N who="1" m="43" /><E11/><V81/><F128/><N who="1" m="49225" /><E135/><V122/><F1/><W123/><G123/><T26/><D66/><U60/><E126/><V39/><F39/><W24/><G43/><N who="0" m="24895" /><D13/><U111/><E111/><V19/><F122/><W64/><G64/><T70/><D70/><U107/><E78/><V94/><F103/><W113/><G17/><N who="0" m="12623" /><D98/><N who="1" m="61911" /><E60/><V6/><F61/><N who="3" m="35983" /><G113/><T125/><D125/><U8/><E8/><V54/><F19/><W100/><G100/><AGARI ba="0,0" hai="41,42,77,80,84,95,96,100" m="12623,24895" machi="100" ten="30,1000,0" yaku="8,1" doraHai="34" who="0" fromWho="3" sc="270,10,278,0,167,0,285,-10" /><INIT seed="4,0,0,3,2,88" ten="280,278,167,275" oya="0" hai0="22,118,73,81,57,3,113,117,61,45,132,67,135" hai1="119,25,83,2,48,110,68,100,18,84,12,50,10" hai2="129,90,94,111,42,79,39,15,92,9,43,105,37" hai3="6,63,11,102,75,35,46,51,120,65,82,76,97"/><T91/><D113/><U103/><E110/><V99/><F111/><W7/><G35/><T107/><D3/><U41/><E68/><V40/><F105/><W27/><G27/><T93/><D107/><U126/><E126/><V44/><F79/><W20/><G20/><T30/><D45/><U29/><E2/><V78/><F78/><W69/><G11/><T8/><D8/><U13/><E13/><V24/><F24/><W17/><G17/><T109/><D81/><U28/><E119/><V96/><F129/><W71/><G71/><T21/><D73/><U54/><E41/><V128/><F128/><W60/><G60/><T130/><D109/><U59/><E50/><V5/><REACH who="2" step="1"/><F39/><REACH who="2" ten="280,278,157,275" step="2"/><W122/><G120/><T95/><D130/><U23/><E29/><V31/><F31/><W101/><G122/><T85/><D118/><U33/><E33/><V86/><F86/><W134/><G134/><N who="0" m="51243" /><D117/><U49/><E49/><V4/><F4/><W124/><G124/><T77/><D77/><AGARI ba="0,1" hai="10,12,18,23,25,28,48,54,59,77,83,84,100,103" machi="77" ten="30,2000,0" yaku="7,1,8,1" doraHai="88" who="1" fromWho="0" sc="280,-20,278,30,157,0,275,0" /><INIT seed="5,0,0,2,3,88" ten="260,308,157,275" oya="1" hai0="60,72,82,79,35,98,14,89,12,20,3,85,54" hai1="120,87,48,113,28,67,114,24,102,109,62,133,25" hai2="30,97,39,70,119,15,40,112,64,105,68,123,108" hai3="101,7,125,13,47,116,83,121,73,81,38,94,92"/><U128/><E120/><V74/><F108/><W99/><G121/><T1/><D35/><U75/><E75/><V96/><F119/><W61/><G116/><T86/><D72/><U115/><E109/><V10/><F123/><W41/><G125/><T103/><D60/><U45/><E128/><V53/><F74/><W80/><G73/><T11/><D54/><U43/><E133/><V135/><F135/><W56/><G7/><T130/><D130/><U126/><E126/><V65/><F30/><W122/><G13/><T95/><D20/><U84/><E102/><V18/><F53/><W93/><REACH who="3" step="1"/><G122/><REACH who="3" ten="260,308,157,265" step="2"/><T69/><D14/><U42/><E24/><V6/><F15/><W63/><G63/><T32/><D32/><N who="1" m="20495" /><E42/><V23/><F40/><W19/><G19/><T33/><D33/><U117/><E117/><V5/><F18/><W111/><G111/><T52/><D1/><U51/><E51/><V110/><F110/><W37/><G37/><T44/><D3/><U2/><E2/><V36/><F39/><W134/><G134/><T27/><D27/><U31/><E31/><V21/><F36/><W127/><G127/><T91/><D12/><U46/><E48/><V29/><F29/><W129/><G129/><T77/><D11/><U106/><E43/><V71/><F23/><W17/><G17/><T0/><D0/><U90/><E62/><V8/><F21/><W57/><G57/><T132/><D132/><U131/><E131/><V76/><F71/><W100/><G100/><T49/><D69/><U58/><E58/><V66/><F70/><W59/><G59/><RYUUKYOKU ba="0,1" sc="260,15,308,-15,157,-15,265,15" hai0="44,49,52,77,79,82,85,86,89,91,95,98,103" hai3="38,41,47,56,61,80,81,83,92,93,94,99,101" /><INIT seed="6,1,1,0,2,107" ten="275,293,142,280" oya="2" hai0="124,79,123,0,59,69,23,17,97,42,74,78,93" hai1="36,19,2,132,10,100,99,129,72,24,14,4,116" hai2="8,75,122,114,25,98,18,26,7,29,27,34,66" hai3="3,81,70,12,44,35,58,103,87,43,53,5,37"/><V82/><F122/><W88/><G3/><T56/><D123/><U73/><E116/><V65/><F114/><W45/><G35/><T68/><D0/><U119/><E119/><V38/><F38/><W111/><G111/><T50/><D69/><U60/><E36/><V130/><F130/><W90/><G70/><T106/><D68/><U55/><E132/><V86/><F75/><W118/><G118/><T46/><D106/><U64/><E55/><V133/><F133/><W21/><G103/><T15/><D124/><U67/><E24/><V54/><F98/><W112/><G112/><T63/><D74/><U20/><E129/><V80/><F54/><W109/><G109/><T28/><D28/><U16/><E19/><V76/><F82/><W22/><G45/><T61/><D61/><U95/><E67/><V126/><F126/><W84/><G5/><T77/><REACH who="0" step="1"/><D63/><REACH who="0" ten="265,293,142,280" step="2"/><U49/><E49/><V39/><F29/><W117/><G117/><T94/><D94/><U71/><AGARI ba="1,2" hai="2,4,10,14,16,20,60,64,71,72,73,95,99,100" machi="71" ten="20,8000,1" yaku="0,1,7,1,52,2,54,1" doraHai="107" who="1" fromWho="1" sc="265,-21,293,103,142,-41,280,-21" /><INIT seed="7,0,0,3,1,49" ten="244,396,101,259" oya="3" hai0="32,42,87,117,63,76,25,47,133,130,110,46,115" hai1="45,78,72,98,15,67,129,80,120,71,69,128,85" hai2="40,102,34,132,134,135,53,18,23,107,1,31,19" hai3="0,33,65,84,83,24,111,73,21,81,5,118,52"/><W68/><G118/><T54/><D117/><U60/><E120/><V28/><F107/><W55/><G33/><T126/><D110/><U94/><E45/><V12/><F102/><W48/><G111/><T95/><D133/><U123/><E123/><V61/><F40/><W62/><G0/><T96/><D130/><N who="1" m="50283" /><E15/><V103/><F103/><W16/><G5/><T93/><D126/><U70/><E72/><V38/><F38/><W13/><G48/><N who="0" m="28951" /><D32/><U116/><E116/><V14/><F53/><W125/><G125/><T131/><D131/><U27/><E27/><V56/><F56/><W59/><G68/><T113/><D25/><U35/><E35/><V89/><F61/><W57/><G73/><T109/><D63/><U22/><E22/><V99/><F89/><AGARI ba="0,0" hai="60,67,69,70,71,78,80,85,89,94,98" m="50283" machi="89" ten="30,1000,0" yaku="19,1" doraHai="49" who="1" fromWho="2" sc="244,0,396,10,101,-10,259,0" owari="244,-15.6,406,50.6,91,-40.9,259,5.9" /></mjloggm>