<mjloggm ver="2.3"><GO type="169" lobby="0"/><UN n0="%5A%E6%B0%91" n1="%E3%81%98%E3%82%93%31%33" n2="%E9%87%A3%E3%82%8A%E6%97%A5%E5%92%8C" n3="%E7%88%86%E7%89%8C%E3%82%A6%E3%82%B7%E3%82%B8%E3%83%9E%E3%81%8F%E3%82%93" dan="18,17,18,19" rate="2240.18,2240.86,2237.09,2243.80" sx="M,M,M,M"/><TAIKYOKU oya="0"/><INIT seed="0,0,0,4,1,110" ten="250,250,250,250" oya="0" hai0="24,68,33,81,15,21,52,98,122,44,97,102,89" hai1="135,41,58,119,31,126,92,88,109,96,103,10,26" hai2="11,133,65,127,87,76,77,38,16,101,112,43,75" hai3="39,46,9,62,7,60,84,131,37,17,1,120,125"/><T114/><D122/><U23/><E119/><V4/><F75/><W123/><G125/><T64/><D33/><U32/><E109/><V50/><F127/><W67/><G131/><T83/><D15/><U94/><E126/><V19/><F38/><W108/><G108/><T128/><D128/><U55/><E135/><V66/><F112/><W105/><G105/><T80/><D114/><U18/><E10/><V54/><F43/><W72/><G72/><T90/><D64/><U47/><E41/><V5/><F101/><W85/><G17/><N who="2" m="6729" /><F133/><W79/><G62/><T106/><D97/><U59/><E47/><N who="2" m="27999" /><F87/><N who="3" m="33355" /><G79/><N who="2" m="30281" /><F11/><W93/><G46/><T132/><D68/><U107/><E107/><V12/><F12/><W34/><G34/><T95/><D132/><U3/><E3/><V115/><F115/><W118/><G118/><T22/><D106/><U25/><REACH who="1" step="1"/><E55/><REACH who="1" ten="250,240,250,250" step="2"/><V53/><F53/><W27/><G123/><T30/><REACH who="0" step="1"/><D21/><REACH who="0" ten="240,240,250,250" step="2"/><U124/><E124/><V130/><F130/><W71/><G120/><T13/><D13/><U0/><E0/><V121/><F121/><W49/><G1/><T116/><D116/><U36/><E36/><V91/><F4/><W129/><G7/><T57/><D57/><U61/><E61/><V6/><F6/><W29/><G60/><T134/><D134/><U113/><E113/><V104/><F5/><W74/><G39/><T42/><D42/><U35/><E35/><V99/><F104/><W111/><G37/><T78/><D78/><U70/><E70/><V51/><F51/><AGARI ba="0,2" hai="22,24,30,44,51,52,80,81,83,89,90,95,98,102" machi="51" ten="40,7700,0" yaku="1,1,8,1,54,1,53,0" doraHai="110" doraHaiUra="2" who="0" fromWho="2" sc="240,97,240,0,250,-77,250,0" /><INIT seed="0,1,0,4,4,100" ten="337,240,173,250" oya="0" hai0="18,52,33,41,5,15,21,51,74,119,63,133,92" hai1="24,75,59,8,12,112,64,36,34,85,60,90,62" hai2="128,104,125,87,84,45,44,23,47,66,40,29,50" hai3="113,91,80,1,2,95,77,124,25,132,110,46,49"/><T31/><D119/><U99/><E75/><V56/><F128/><W130/><G113/><T118/><D118/><U3/><E36/><V126/><F29/><W116/><G116/><T109/><D74/><U10/><E3/><V103/><F23/><W129/><G110/><T115/><D115/><U6/><E112/><V106/><F103/><W38/><G38/><T57/><D109/><U79/><E79/><V105/><F40/><W120/><G120/><T11/><D133/><U65/><E99/><V134/><F134/><W16/><G124/><N who="2" m="47721" /><F50/><W39/><G39/><T37/><D37/><U7/><E24/><V71/><F71/><W55/><G132/><T0/><D92/><U127/><E34/><V70/><F70/><W88/><G91/><T131/><D131/><N who="3" m="50185" /><G77/><T83/><D83/><U20/><E20/><V53/><F53/><W102/><G80/><T30/><REACH who="0" step="1"/><D33/><REACH who="0" ten="327,240,173,250" step="2"/><U72/><E72/><V42/><F42/><W121/><G121/><T61/><D61/><AGARI ba="1,1" hai="44,45,47,56,61,66,84,87,104,105,106" m="47721" machi="61" ten="40,8000,1" yaku="18,1,52,3" doraHai="100" who="2" fromWho="0" sc="327,-83,240,0,173,93,250,0" /><INIT seed="1,0,0,0,4,65" ten="244,240,266,250" oya="1" hai0="31,104,124,122,90,68,67,17,14,78,60,83,37" hai1="55,6,38,105,57,125,102,49,52,132,25,71,119" hai2="63,10,116,103,45,81,121,75,16,7,72,61,18" hai3="77,13,69,22,3,2,131,95,0,89,64,107,35"/><U30/><E119/><V66/><F121/><W114/><G114/><T51/><D37/><U99/><E125/><V48/><F116/><W27/><G107/><T97/><D124/><U87/><E132/><V11/><F103/><W1/><G131/><T62/><D122/><U47/><E6/><V111/><F111/><W34/><G77/><T40/><D31/><U33/><E38/><V76/><F72/><W39/><G39/><T28/><D28/><U56/><E71/><V128/><F128/><W20/><G13/><T94/><D62/><U44/><REACH who="1" step="1"/><E87/><REACH who="1" ten="244,230,266,250" step="2"/><V134/><F134/><W123/><G123/><T117/><D117/><U58/><E58/><V91/><F7/><W93/><G69/><T127/><D127/><U46/><E46/><V126/><F45/><W129/><G129/><T110/><D68/><U82/><E82/><V130/><F81/><W88/><G3/><T36/><D83/><U86/><E86/><V53/><F126/><W12/><G2/><T43/><D36/><U118/><E118/><V85/><F85/><W59/><G59/><T9/><D110/><U5/><E5/><V73/><F130/><W98/><G0/><T92/><D97/><U41/><E41/><V113/><F73/><W109/><G98/><T101/><D43/><U8/><E8/><V108/><F10/><W106/><G1/><T29/><D40/><U21/><E21/><V74/><F11/><W80/><G109/><T15/><D9/><U100/><E100/><V120/><F74/><W133/><G80/><T112/><D101/><U32/><E32/><V24/><F120/><RYUUKYOKU ba="0,1" sc="244,-10,230,30,266,-10,250,-10" hai1="25,30,33,44,47,49,52,55,56,57,99,102,105" /><INIT seed="1,1,1,0,1,110" ten="234,260,256,240" oya="1" hai0="41,96,79,131,25,107,83,133,27,128,86,40,65" hai1="35,135,70,112,127,66,53,48,19,93,114,47,81" hai2="1,7,29,0,97,92,46,16,80,34,20,88,17" hai3="43,76,111,105,28,89,36,31,56,74,125,2,73"/><U72/><E35/><V45/><F80/><W60/><G111/><T109/><D109/><U104/><E104/><V3/><F7/><W33/><G2/><T44/><D65/><U37/><E135/><V101/><F17/><W23/><G105/><T116/><D116/><U123/><E123/><V26/><REACH who="2" step="1"/><F101/><REACH who="2" ten="234,260,246,240" step="2"/><W129/><G31/><T21/><D83/><U18/><E81/><V14/><AGARI ba="1,2" hai="0,1,3,14,16,20,26,29,34,45,46,88,92,97" machi="14" ten="30,8000,1" yaku="1,1,2,1,0,1,54,2,53,0" doraHai="110" doraHaiUra="98" who="2" fromWho="2" sc="234,-21,260,-41,246,103,240,-21" /><INIT seed="2,0,0,1,3,9" ten="213,219,349,219" oya="2" hai0="114,39,82,67,61,30,115,0,113,31,118,55,66" hai1="20,53,86,92,110,99,84,75,119,71,69,3,134" hai2="23,106,56,131,4,14,107,108,35,54,49,2,19" hai3="89,37,127,60,34,27,47,32,123,24,25,45,88"/><V121/><F121/><W46/><G123/><T50/><D0/><U135/><E75/><V98/><F131/><W51/><G51/><T63/><D82/><U17/><E3/><V93/><F35/><W81/><G81/><T78/><D78/><U22/><E110/><V128/><F128/><W102/><G102/><T126/><D39/><U97/><E53/><V112/><F112/><W104/><G37/><T125/><D118/><U117/><E92/><V120/><F120/><W116/><G116/><T42/><D42/><U10/><E10/><V11/><REACH who="2" step="1"/><F108/><REACH who="2" ten="213,219,339,219" step="2"/><W15/><G34/><T129/><D129/><U94/><E119/><V8/><F8/><W95/><G32/><T73/><D115/><U16/><E117/><V70/><F70/><W76/><G127/><T90/><D114/><U133/><E133/><V5/><F5/><W109/><G109/><T87/><D113/><U52/><E134/><V26/><F26/><W29/><G25/><T13/><D126/><U111/><E111/><V80/><F80/><W28/><G24/><T62/><D125/><U7/><E7/><V79/><F79/><W40/><G27/><T38/><D31/><U59/><E135/><V43/><F43/><W68/><G76/><T101/><D30/><U91/><E71/><V96/><F96/><W41/><G29/><T130/><D130/><U18/><E69/><V85/><F85/><N who="1" m="32873" /><E99/><V12/><F12/><W36/><G28/><T100/><D13/><N who="1" m="9231" /><E22/><V77/><F77/><W48/><G68/><T21/><D21/><U74/><E74/><V6/><F6/><W57/><G36/><RYUUKYOKU ba="0,1" sc="213,-15,219,15,339,15,219,-15" hai1="17,18,52,59,91,94,97" hai2="2,4,11,14,19,23,49,54,56,93,98,106,107" /><INIT seed="2,1,1,0,3,98" ten="198,234,354,204" oya="2" hai0="4,75,111,109,7,2,28,16,132,30,93,102,19" hai1="3,18,125,27,44,54,26,32,89,15,100,59,52" hai2="51,124,41,113,69,123,42,8,46,48,49,63,78" hai3="25,97,56,112,37,108,120,77,84,88,76,87,74"/><V79/><F113/><W103/><G37/><T11/><D75/><U22/><E125/><V33/><F33/><W40/><G120/><T34/><D132/><U71/><E71/><V55/><F123/><W81/><G40/><T95/><D34/><U50/><E3/><V72/><F72/><W23/><G112/><T110/><D7/><U73/><E73/><V115/><F115/><W58/><G108/><T31/><REACH who="0" step="1"/><D102/><REACH who="0" ten="188,234,354,204" step="2"/><U60/><E32/><V9/><F124/><W36/><G74/><T105/><D105/><U65/><E100/><V128/><F128/><W91/><G103/><T107/><D107/><U82/><REACH who="1" step="1"/><E65/><REACH who="1" ten="188,224,354,204" step="2"/><V86/><F69/><W92/><G36/><T114/><D114/><U106/><E106/><V38/><F38/><W39/><G39/><T68/><D68/><U127/><E127/><V94/><F41/><W118/><G118/><T126/><D126/><U129/><E129/><V66/><F66/><W35/><G35/><T135/><D135/><U70/><E70/><V21/><F42/><W119/><G119/><T17/><AGARI ba="1,3" hai="2,4,11,16,17,19,28,30,31,93,95,109,110,111" machi="17" ten="40,12000,2" yaku="1,1,0,1,29,2,14,1,54,1,53,0" doraHai="98" doraHaiUra="29" who="0" fromWho="0" sc="188,153,224,-31,354,-61,204,-31" /><INIT seed="3,0,0,5,0,28" ten="341,193,293,173" oya="3" hai0="51,36,89,101,99,33,9,37,83,129,42,44,118" hai1="21,109,14,65,50,29,107,73,85,1,38,24,2" hai2="59,43,7,69,31,53,13,20,58,119,35,39,75" hai3="12,111,86,96,122,97,4,11,98,22,135,46,34"/><W55/><G122/><T126/><D118/><U72/><E38/><V19/><F69/><W40/><G135/><T92/><D126/><U131/><E107/><V5/><F75/><W91/><G111/><T54/><D129/><U127/><E109/><V16/><F119/><W128/><G128/><T61/><D33/><U80/><E131/><V18/><F59/><W47/><G34/><T10/><D37/><U27/><E127/><V6/><F43/><W62/><G22/><T116/><D116/><U132/><E132/><V124/><F39/><W66/><G40/><T82/><D61/><U48/><E65/><V105/><F105/><W25/><G25/><T90/><D90/><U79/><E14/><V94/><F94/><W71/><REACH who="3" step="1"/><G55/><REACH who="3" ten="341,193,293,163" step="2"/><T104/><D54/><U8/><E27/><V120/><F120/><W41/><G41/><T15/><D36/><U113/><E113/><V87/><F124/><W115/><G115/><T117/><D117/><U3/><E8/><V102/><F35/><W78/><G78/><T112/><D112/><U123/><E123/><V130/><F130/><W134/><G134/><T26/><D26/><U56/><E21/><V52/><F53/><W0/><G0/><T57/><D9/><U114/><E114/><V95/><F20/><W77/><G77/><T108/><D108/><U84/><E24/><V133/><F133/><W121/><G121/><T17/><D42/><U93/><E2/><V81/><F13/><W88/><G88/><T103/><D89/><U110/><E3/><V45/><F52/><W106/><G106/><T49/><D104/><RYUUKYOKU ba="0,1" sc="341,-10,193,-10,293,-10,163,30" hai3="4,11,12,46,47,62,66,71,86,91,96,97,98" /><INIT seed="3,1,1,0,1,1" ten="331,183,283,193" oya="3" hai0="110,31,11,78,119,102,40,58,38,68,26,55,54" hai1="115,14,37,51,9,21,130,47,88,93,82,63,64" hai2="35,77,60,120,28,74,22,132,124,134,96,4,116" hai3="135,36,24,75,50,41,73,103,129,121,72,59,98"/><W53/><G121/><T34/><D119/><U52/><E130/><V66/><F116/><W25/><G129/><T118/><D118/><U85/><E115/><V7/><F35/><W56/><G135/><N who="2" m="51753" /><F120/><W95/><REACH who="3" step="1"/><G59/><REACH who="3" ten="331,183,283,183" step="2"/><T71/><D58/><N who="1" m="36983" /><E37/><V109/><F124/><W81/><G81/><T80/><D80/><U114/><E114/><V128/><F128/><W45/><AGARI ba="1,2" hai="24,25,36,41,45,50,53,56,72,73,75,95,98,103" machi="45" ten="40,7800,0" yaku="1,1,0,1,53,1" doraHai="1" doraHaiUra="44" who="3" fromWho="3" sc="331,-27,183,-27,283,-27,183,101" /><INIT seed="3,2,0,3,3,108" ten="304,156,256,284" oya="3" hai0="120,76,94,30,1,64,78,92,40,3,125,27,5" hai1="15,65,4,10,23,131,8,71,70,87,126,62,41" hai2="93,2,95,59,104,43,9,12,36,16,107,55,51" hai3="118,100,101,114,20,47,19,35,13,99,67,135,128"/><W72/><G118/><T22/><D120/><U123/><E123/><V63/><F2/><W61/><G72/><T32/><D125/><U127/><E131/><V89/><F36/><W105/><G35/><T60/><D40/><U39/><E71/><V17/><F95/><W48/><G128/><T46/><D46/><U50/><E39/><V28/><F28/><W112/><G101/><T54/><D54/><U88/><E23/><V85/><F43/><W124/><G135/><T119/><D119/><U98/><E98/><V49/><F49/><W84/><G84/><T53/><D53/><U111/><E111/><V122/><F122/><W33/><G33/><T34/><D5/><U31/><E31/><V116/><F116/><W24/><G24/><T66/><D30/><U6/><E50/><V37/><F37/><W7/><G7/><T57/><D22/><U106/><E106/><V129/><F129/><W0/><G0/><T18/><D57/><U52/><E52/><N who="2" m="34279" /><F104/><W25/><G25/><T86/><D27/><U96/><E96/><V117/><F107/><W14/><G14/><T21/><D86/><U90/><E41/><V11/><F117/><W134/><G134/><T77/><D3/><N who="1" m="31" /><E87/><V75/><F75/><W29/><G29/><T82/><D1/><U91/><E126/><V115/><F115/><W56/><REACH who="3" step="1"/><G124/><REACH who="3" ten="304,156,256,274" step="2"/><T97/><D32/><U45/><E127/><V109/><F17/><W103/><G103/><T69/><D18/><U133/><E133/><V42/><F109/><W121/><G121/><T44/><D34/><U130/><E130/><V132/><F132/><RYUUKYOKU ba="2,1" sc="304,-15,156,15,256,-15,274,15" hai1="6,10,15,45,62,65,70,88,90,91" hai3="13,19,20,47,48,56,61,67,99,100,105,112,114" /><INIT seed="3,3,1,0,2,103" ten="289,171,241,289" oya="3" hai0="82,19,16,130,118,18,114,81,8,105,48,31,129" hai1="109,62,91,102,117,120,107,11,15,57,92,32,7" hai2="36,14,128,5,35,89,10,97,42,60,96,124,74" hai3="90,54,133,77,37,127,2,61,134,104,115,38,23"/><W72/><G115/><T46/><D118/><U51/><E120/><V41/><F74/><W0/><G127/><T75/><D114/><U27/><E109/><V1/><F35/><W88/><G23/><T29/><D8/><U50/><E117/><V17/><F124/><W135/><G104/><T106/><D75/><U71/><E71/><V99/><F128/><N who="0" m="49258" /><D81/><U86/><E32/><V25/><F36/><N who="3" m="13931" /><G77/><T63/><D63/><U79/><E79/><V84/><F25/><W66/><G72/><T44/><D82/><U34/><E34/><V56/><F5/><W100/><G54/><N who="0" m="29959" /><D46/><U80/><E27/><V83/><REACH who="2" step="1"/><F1/><REACH who="2" ten="289,171,231,289" step="2"/><N who="3" m="619" /><G100/><T76/><D76/><U49/><E102/><V33/><F33/><W111/><G111/><T112/><D112/><U22/><E7/><V132/><F132/><W39/><G39/><T55/><D55/><AGARI ba="3,2" hai="10,14,17,41,42,55,56,60,83,84,89,96,97,99" machi="55" ten="40,5200,0" yaku="1,1,8,1,53,1" doraHai="103" doraHaiUra="53" who="2" fromWho="0" sc="289,-61,171,0,231,81,289,0" /><INIT seed="4,0,0,4,3,23" ten="228,171,312,289" oya="0" hai0="94,133,88,46,92,25,36,34,63,99,103,98,84" hai1="38,77,0,96,65,50,1,8,109,79,13,117,49" hai2="17,74,97,30,113,119,80,115,9,128,15,7,67" hai3="101,104,61,129,55,125,134,59,78,16,131,35,89"/><T2/><D133/><U51/><E109/><V33/><F128/><N who="3" m="49227" /><G35/><T132/><D132/><U124/><E117/><V87/><F119/><W130/><G134/><T20/><D2/><U19/><E124/><V71/><F74/><W21/><G125/><T120/><D120/><U12/><E38/><V85/><F71/><W18/><G78/><T39/><D34/><U57/><E1/><V135/><F67/><W24/><G130/><T31/><D46/><U54/><E65/><V69/><F69/><W56/><G89/><T82/><REACH who="0" step="1"/><D63/><REACH who="0" ten="218,171,312,289" step="2"/><U52/><E0/><V116/><F116/><W40/><G40/><T114/><D114/><U26/><E77/><AGARI ba="0,1" hai="20,25,31,36,39,77,82,84,88,92,94,98,99,103" machi="77" ten="30,18000,2" yaku="1,1,7,1,52,1,54,1,53,2" doraHai="23" doraHaiUra="91" who="0" fromWho="1" sc="218,190,171,-180,312,0,289,0" owari="408,50.8,-9,-50.9,312,11.2,289,-11.1" /></mjloggm>