<mjloggm ver="2.3"><GO type="169" lobby="0"/><UN n0="%E7%AD%89%E3%80%85%E5%8A%9B%E5%8A%87%E5%A0%B4" n1="%E3%82%84%E3%81%A1%E3%81%BE%E3%81%9F%E8%90%BD%E8%8A%B1%E7%94%9F" n2="%E9%95%B7%E5%B2%A1" n3="%E3%81%93%E3%82%8C%E3%81%8C%E3%81%B5%E3%81%95%E3%81%B5%E3%81%95" dan="16,16,16,16" rate="2162.68,2149.89,2094.80,2171.24" sx="M,M,M,M"/><TAIKYOKU oya="0"/><INIT seed="0,0,0,2,4,37" ten="250,250,250,250" oya="0" hai0="133,88,64,55,119,46,83,113,80,39,122,7,126" hai1="10,57,98,49,44,48,67,58,30,129,6,85,9" hai2="36,128,93,5,77,0,120,97,130,54,63,131,51" hai3="91,115,34,102,8,106,21,45,26,47,16,121,40"/><T96/><D113/><U38/><E38/><V60/><F120/><W92/><G115/><T81/><D119/><U15/><E129/><V18/><F36/><W19/><G34/><T134/><D122/><U25/><E49/><V69/><F77/><W24/><G121/><T4/><D64/><U123/><E123/><V105/><F105/><W74/><G74/><T72/><D72/><U82/><E98/><V12/><F5/><W86/><G106/><T17/><D17/><U33/><E10/><V59/><F0/><W109/><G109/><T114/><D114/><U79/><REACH who="1" step="1"/><E67/><REACH who="1" ten="250,240,250,250" step="2"/><V75/><F51/><W94/><G8/><T13/><D96/><U108/><E108/><V41/><F97/><W65/><G65/><T116/><D39/><U50/><E50/><V43/><F130/><W95/><G102/><T1/><D116/><U132/><E132/><V23/><F128/><W118/><G118/><T125/><D134/><U135/><E135/><V20/><F131/><W56/><G47/><T53/><D46/><U124/><E124/><V111/><F111/><W68/><G45/><T100/><D133/><U89/><E89/><V76/><F76/><W117/><G91/><T107/><D88/><U31/><E31/><V2/><F54/><AGARI ba="0,1" hai="6,9,15,25,30,33,44,48,54,57,58,79,82,85" machi="54" ten="30,2000,0" yaku="1,1,7,1,53,0" doraHai="37" doraHaiUra="104" who="1" fromWho="2" sc="250,0,240,30,250,-20,250,0" /><INIT seed="1,0,0,4,3,108" ten="250,270,230,250" oya="1" hai0="66,3,120,6,87,101,53,35,104,1,52,83,105" hai1="43,126,30,82,70,119,116,32,100,36,92,5,17" hai2="59,129,22,57,28,133,98,80,31,46,37,106,93" hai3="86,90,56,111,12,91,38,123,130,21,112,64,84"/><U51/><E70/><V77/><F106/><W27/><G123/><T79/><D35/><U26/><E126/><V63/><F129/><W62/><G38/><T11/><D120/><U95/><E36/><V124/><F124/><W54/><G111/><T122/><D122/><U94/><E100/><V2/><F2/><W65/><G130/><T40/><D1/><U110/><E110/><V109/><F109/><W89/><G12/><T41/><D66/><N who="3" m="25705" /><G112/><T60/><D105/><U74/><E5/><V118/><F118/><W49/><G49/><T13/><D3/><U85/><E74/><V24/><F133/><W10/><G10/><T127/><D127/><U113/><E113/><V14/><F14/><W48/><G48/><T16/><D6/><U99/><E99/><V81/><F31/><AGARI ba="0,0" hai="21,27,31,54,56,62,84,86,89,90,91" m="25705" machi="31" ten="30,1000,0" yaku="8,1" doraHai="108" who="3" fromWho="2" sc="250,0,270,0,230,-10,250,10" /><INIT seed="2,0,0,4,1,109" ten="250,270,220,260" oya="2" hai0="104,43,6,95,116,96,72,84,61,53,90,73,130" hai1="132,4,99,16,114,100,49,25,55,118,26,23,70" hai2="124,135,32,41,102,133,46,88,128,63,97,22,12" hai3="94,28,21,33,17,79,58,89,101,50,103,1,54"/><V71/><F32/><W105/><G105/><T134/><D134/><N who="2" m="51210" /><F128/><W0/><G79/><T29/><D130/><U31/><E132/><V125/><F71/><W98/><G33/><T82/><D116/><U39/><E70/><V56/><F88/><W36/><G36/><T83/><D104/><U87/><E39/><N who="2" m="21823" /><F12/><W121/><G28/><T3/><D29/><U51/><E118/><V8/><F22/><W35/><G35/><T80/><D43/><U86/><E4/><V74/><F74/><W57/><G121/><T37/><D37/><U42/><E42/><V44/><F8/><W48/><G0/><T24/><D3/><U66/><E66/><N who="2" m="39271" /><F44/><W76/><G76/><T110/><D73/><U75/><E75/><V14/><F14/><N who="3" m="9399" /><G1/><T127/><D72/><U113/><E26/><V122/><F122/><W27/><G27/><T92/><D24/><U52/><E31/><V59/><F59/><W112/><G112/><T18/><D90/><U10/><E10/><V107/><AGARI ba="0,0" hai="97,102,107,124,125" m="39271,21823,51210" machi="107" ten="30,1500,0" yaku="20,1" doraHai="109" who="2" fromWho="2" sc="250,-5,270,-5,220,15,260,-5" /><INIT seed="2,1,0,5,2,30" ten="245,265,235,255" oya="2" hai0="92,61,8,52,23,43,101,40,133,42,29,63,121" hai1="89,44,7,58,60,46,110,114,130,74,53,69,9" hai2="27,38,84,128,3,25,32,90,98,96,55,116,87" hai3="26,34,36,91,120,10,56,81,65,62,68,83,73"/><V4/><F38/><W33/><G120/><T109/><D121/><U99/><E74/><V37/><F37/><W79/><G36/><T41/><D109/><U49/><E110/><V28/><F116/><W1/><G26/><T106/><D106/><U2/><E114/><V18/><F128/><W123/><G123/><T51/><D133/><U12/><E130/><V59/><F4/><W76/><G91/><T93/><D8/><U127/><E127/><V57/><F3/><W45/><G56/><N who="0" m="32799" /><D41/><U86/><E99/><V22/><F59/><W35/><G45/><T126/><D126/><U82/><E69/><V122/><F122/><W47/><G47/><T94/><D101/><U107/><E107/><V88/><F90/><W132/><G132/><T48/><D48/><U80/><E44/><V14/><F27/><AGARI ba="1,0" hai="23,27,29,40,42,43,61,63,92,93,94" m="32799" machi="27" ten="30,2000,0" yaku="8,1,54,1" doraHai="30" who="0" fromWho="2" sc="245,23,265,0,235,-23,255,0" /><INIT seed="3,0,0,1,4,134" ten="268,265,212,255" oya="3" hai0="2,87,25,55,45,64,27,40,132,53,28,85,13" hai1="49,52,94,44,73,92,60,17,36,38,113,70,104" hai2="57,30,97,81,29,82,68,133,107,4,100,32,114" hai3="67,122,111,84,33,20,41,116,88,76,42,121,51"/><W50/><G116/><T69/><D2/><U98/><E73/><V21/><F114/><W66/><G33/><T47/><D132/><U23/><E113/><V79/><F133/><W93/><G111/><T123/><D13/><U135/><E104/><V74/><F68/><W34/><G34/><T72/><D72/><U19/><E94/><V118/><F118/><W96/><G122/><T11/><D11/><U124/><E19/><V10/><F32/><W95/><G121/><T35/><D123/><U75/><E75/><V83/><F83/><W15/><G51/><T65/><D35/><U58/><E70/><V24/><F82/><W109/><G76/><T12/><D69/><U127/><E135/><V110/><F57/><W101/><G109/><T39/><D12/><U91/><E36/><V61/><F61/><W0/><G0/><T90/><D40/><N who="3" m="15465" /><G50/><T112/><D112/><U103/><E103/><V86/><F110/><W31/><G15/><T131/><D39/><U120/><E38/><V46/><F74/><W78/><G78/><T59/><D59/><U102/><E102/><V26/><F46/><W71/><G71/><T43/><D43/><N who="1" m="24735" /><E120/><V115/><F115/><W80/><G95/><T77/><D47/><U7/><E7/><V3/><REACH who="2" step="1"/><F26/><AGARI ba="0,0" hai="20,26,31,66,67,80,84,88,93,96,101" m="15465" machi="26" ten="30,2900,0" yaku="8,1,54,1" doraHai="134" who="3" fromWho="2" sc="268,0,265,0,212,-29,255,29" /><AGARI ba="0,0" hai="17,23,26,52,58,60,91,92,98,124,127" m="24735" machi="26" ten="30,7700,0" yaku="25,1,52,2,54,1" doraHai="134" who="1" fromWho="2" sc="268,0,265,77,183,-77,284,0" /><INIT seed="3,1,0,1,2,4" ten="268,342,106,284" oya="3" hai0="26,100,31,0,12,24,62,70,2,126,117,132,135" hai1="73,75,14,36,59,15,68,122,129,51,114,41,6" hai2="19,84,118,66,115,133,52,89,13,127,102,107,97" hai3="108,93,85,35,78,38,92,110,69,61,134,106,37"/><W111/><G134/><N who="0" m="51243" /><D100/><U87/><E68/><V54/><F133/><W113/><G113/><T49/><D70/><U32/><E32/><V82/><F115/><W81/><G106/><T63/><D49/><U56/><E36/><N who="3" m="13930" /><G35/><N who="0" m="20967" /><D63/><U20/><E51/><V30/><F118/><W42/><G42/><T28/><D62/><U71/><E41/><V119/><F127/><W88/><G78/><T33/><D117/><U3/><E56/><V83/><F119/><W58/><G69/><T123/><D123/><U10/><E59/><V124/><F124/><W60/><G60/><T39/><D39/><U91/><E71/><V112/><F112/><W67/><AGARI ba="1,0" hai="58,61,67,81,85,88,92,93,108,110,111" m="13930" machi="67" ten="40,7800,0" yaku="14,1,10,1,54,1" doraHai="4" who="3" fromWho="3" sc="268,-27,342,-27,106,-27,284,81" /><INIT seed="3,2,0,2,2,0" ten="241,315,79,365" oya="3" hai0="108,51,104,31,95,53,87,26,81,112,120,88,30" hai1="77,123,128,84,122,65,119,19,50,35,106,89,111" hai2="2,32,100,83,38,91,132,86,116,59,74,16,90" hai3="69,17,66,117,98,134,56,131,15,49,27,70,7"/><W54/><G117/><T5/><D120/><U3/><E106/><V114/><F116/><W47/><G134/><T96/><D108/><U73/><E111/><V10/><F114/><W46/><G131/><T13/><D112/><U109/><E35/><V48/><F38/><W118/><G118/><T75/><D75/><U9/><E73/><V24/><F132/><W82/><G82/><T58/><D104/><U23/><E77/><V76/><F100/><W44/><G66/><T28/><D13/><U45/><E65/><V39/><F39/><W72/><G72/><T127/><D127/><U124/><E128/><V22/><F32/><W36/><G98/><T21/><REACH who="0" step="1"/><D5/><REACH who="0" ten="231,315,79,365" step="2"/><U63/><E124/><V68/><F74/><W55/><G7/><T113/><D113/><U115/><E115/><V25/><F24/><W33/><G15/><T94/><D94/><U71/><E109/><V62/><F2/><W125/><G27/><T97/><D97/><U37/><E3/><V135/><F135/><W79/><G125/><T8/><D8/><U107/><E9/><V18/><F10/><W80/><G80/><T133/><D133/><U85/><E107/><V78/><F76/><AGARI ba="2,1" hai="21,26,28,30,31,51,53,58,76,81,87,88,95,96" machi="76" ten="30,7700,0" yaku="1,1,7,1,8,1,54,1,53,0" doraHai="0" doraHaiUra="29" who="0" fromWho="2" sc="231,93,315,0,79,-83,365,0" owari="324,12.4,315,-8.5,-4,-50.4,365,46.5" /></mjloggm>