<mjloggm ver="2.3"><GO type="169" lobby="0"/><UN n0="%E3%82%B7%E3%83%A9%2E" n1="%E8%8A%B1%E9%81%93%E6%A1%9C%E6%9C%A8" n2="%E8%B1%A1" n3="%73%79%6C%76%65%6F%6E" dan="16,16,16,16" rate="2183.48,2148.04,2130.95,2176.50" sx="M,M,M,M"/><TAIKYOKU oya="0"/><INIT seed="0,0,0,2,4,6" ten="250,250,250,250" oya="0" hai0="125,77,18,68,7,94,124,103,41,84,38,99,82" hai1="62,130,2,118,10,37,81,43,12,57,74,83,70" hai2="95,135,69,90,78,97,55,5,8,4,116,52,86" hai3="114,46,100,91,35,34,23,108,93,80,72,59,49"/><T64/><D7/><U126/><E118/><V105/><F135/><W58/><G114/><T31/><D31/><U106/><E70/><V87/><F116/><W110/><G100/><T33/><D33/><N who="3" m="12297" /><G23/><T11/><D41/><U85/><E106/><V111/><F111/><N who="3" m="42539" /><G80/><T22/><D38/><U60/><E130/><V122/><F69/><W132/><G72/><T56/><D68/><U104/><E104/><V26/><F122/><W65/><G65/><T73/><D73/><U79/><E126/><V45/><F105/><W24/><G24/><T32/><D32/><U25/><E25/><V66/><F66/><W51/><G132/><T121/><D121/><U109/><E109/><V115/><F115/><W30/><G30/><T107/><D22/><U61/><E2/><V117/><F26/><W131/><G51/><T0/><D107/><U3/><E83/><V112/><F112/><W44/><G44/><T127/><D0/><U133/><E3/><V134/><F117/><W96/><G131/><T21/><D21/><U40/><E74/><V42/><F134/><W9/><G9/><T50/><D50/><U98/><E37/><V16/><F78/><W28/><G28/><T102/><D102/><U119/><E133/><V27/><F5/><W123/><G123/><T67/><REACH who="0" step="1"/><D56/><REACH who="0" ten="240,250,250,250" step="2"/><U17/><E57/><V88/><F42/><AGARI ba="0,1" hai="42,46,49,58,59,91,93,96" m="42539,12297" machi="42" ten="30,1000,0" yaku="14,1" doraHai="6" who="3" fromWho="2" sc="240,0,250,0,250,-10,250,20" /><INIT seed="1,0,0,4,5,55" ten="240,250,240,270" oya="1" hai0="90,122,94,5,59,81,47,50,62,39,7,70,120" hai1="25,134,3,33,107,36,32,123,60,20,29,71,97" hai2="72,115,21,19,99,95,23,84,56,57,83,69,64" hai3="87,103,9,22,41,110,14,4,46,100,58,129,112"/><U91/><E123/><N who="0" m="47145" /><D81/><U63/><E36/><V68/><F72/><W125/><G112/><T102/><D102/><U86/><E3/><V89/><F115/><W54/><G110/><T76/><D76/><U17/><E134/><V1/><F1/><W96/><G125/><T51/><D70/><U61/><E71/><V133/><F133/><W73/><G73/><T108/><D39/><U67/><E107/><V24/><F69/><W106/><G129/><T45/><D51/><U52/><E67/><V13/><F64/><W109/><G103/><T104/><D104/><U121/><E121/><V40/><F40/><W11/><G109/><T31/><D31/><U34/><E97/><V117/><F68/><W135/><G135/><T37/><D37/><U26/><REACH who="1" step="1"/><E52/><REACH who="1" ten="240,240,240,270" step="2"/><V28/><REACH who="2" step="1"/><F117/><REACH who="2" ten="240,240,230,270" step="2"/><W48/><G41/><N who="0" m="24879" /><D108/><U42/><E42/><V53/><F53/><W93/><G54/><N who="0" m="34167" /><D47/><U75/><E75/><V74/><F74/><W98/><G46/><T116/><D116/><U105/><E105/><V35/><F35/><W30/><G106/><T0/><D0/><U119/><E119/><V44/><F44/><W12/><G48/><T128/><D128/><U124/><E124/><V113/><F113/><W114/><G114/><T27/><D27/><U43/><E43/><V85/><F85/><AGARI ba="0,2" hai="5,7,85,90,94" m="34167,24879,47145" machi="85" ten="30,2000,0" yaku="13,1,52,1" doraHai="55" who="0" fromWho="2" sc="240,40,240,0,230,-20,270,0" /><INIT seed="2,0,0,3,4,27" ten="280,240,210,270" oya="2" hai0="8,63,54,114,86,83,95,19,44,28,104,135,113" hai1="79,26,42,118,66,103,126,68,112,107,20,132,92" hai2="3,82,109,17,22,21,122,23,85,47,102,46,99" hai3="59,81,91,120,129,105,0,75,45,34,30,78,73"/><V130/><F122/><W24/><G120/><T43/><D135/><U53/><E112/><V97/><F3/><W94/><G129/><T1/><D104/><U128/><E107/><V134/><F134/><W76/><G105/><T51/><D95/><U64/><E118/><V96/><F130/><W58/><G0/><T56/><D28/><U35/><E35/><V2/><F2/><W93/><G93/><T131/><D131/><U70/><E42/><V117/><F117/><W62/><G45/><T124/><D124/><U89/><E103/><V84/><F102/><W74/><G76/><T14/><REACH who="0" step="1"/><D1/><REACH who="0" ten="270,240,210,270" step="2"/><U101/><E92/><V119/><F119/><W55/><REACH who="3" step="1"/><G59/><REACH who="3" ten="270,240,210,260" step="2"/><T41/><D41/><U50/><E128/><V12/><F109/><W39/><G39/><T16/><D16/><U6/><E132/><V29/><F29/><W88/><G88/><AGARI ba="0,2" hai="8,14,19,43,44,51,54,56,63,83,86,88,113,114" machi="88" ten="30,7700,0" yaku="1,1,7,1,54,1,53,1" doraHai="27" doraHaiUra="38" who="0" fromWho="3" sc="270,97,240,0,210,0,260,-77" /><INIT seed="3,0,0,5,1,73" ten="367,240,210,183" oya="3" hai0="119,31,6,59,5,2,130,99,57,128,44,135,117" hai1="126,68,33,58,118,109,74,115,96,121,87,35,22" hai2="102,125,36,34,110,132,38,106,19,101,108,93,127" hai3="50,85,104,134,52,49,14,45,114,13,129,1,61"/><W77/><G114/><T54/><D99/><U41/><E68/><V29/><F19/><W48/><G104/><T123/><D31/><U65/><E74/><V40/><F106/><W51/><G1/><T9/><D123/><U8/><E41/><V10/><F10/><W72/><G72/><T70/><D70/><U84/><E58/><V21/><F93/><W90/><G129/><N who="0" m="49771" /><D135/><U62/><E62/><V20/><F40/><W27/><G134/><T15/><D44/><U75/><E65/><V111/><F132/><W23/><G61/><N who="0" m="36023" /><D59/><U18/><E96/><V79/><F29/><N who="3" m="17663" /><G77/><T97/><D97/><U4/><E35/><V25/><F79/><W60/><G60/><T46/><D46/><U69/><E33/><V16/><F34/><W82/><AGARI ba="0,0" hai="13,14,45,48,49,50,51,52,82,85,90" m="17663" machi="82" ten="30,3000,0" yaku="8,1,54,1" doraHai="73" who="3" fromWho="3" sc="367,-10,240,-10,210,-10,183,30" /><INIT seed="3,1,0,4,5,89" ten="357,230,200,213" oya="3" hai0="94,61,58,99,38,34,52,73,59,91,2,62,106" hai1="64,116,6,49,1,13,93,0,74,131,135,36,118" hai2="102,120,53,48,112,133,76,54,95,45,98,121,18" hai3="63,109,55,19,77,114,68,5,44,134,14,25,33"/><W57/><G114/><T79/><D2/><U32/><E36/><V85/><F112/><W90/><G68/><T104/><D34/><U35/><E74/><V20/><F133/><W7/><G134/><T46/><D79/><U29/><E135/><V66/><F66/><W84/><G77/><T3/><D3/><U124/><E64/><V71/><F71/><W107/><G107/><T80/><D80/><U127/><E49/><V60/><F76/><W28/><G109/><T42/><D73/><U103/><E131/><V17/><F85/><W50/><G19/><T47/><REACH who="0" step="1"/><D47/><REACH who="0" ten="347,230,200,213" step="2"/><U113/><E1/><V83/><F83/><W87/><G14/><T72/><D72/><U21/><E0/><V4/><F120/><W128/><G128/><T67/><AGARI ba="1,1" hai="38,42,46,52,58,59,61,62,67,91,94,99,104,106" machi="67" ten="20,8000,1" yaku="1,1,0,1,7,1,52,1,54,1,53,0" doraHai="89" doraHaiUra="119" who="0" fromWho="0" sc="347,93,230,-21,200,-21,213,-41" /><INIT seed="4,0,0,2,4,41" ten="440,209,179,172" oya="0" hai0="17,128,119,37,57,98,54,73,111,132,38,31,62" hai1="51,77,120,45,67,85,113,93,89,2,71,13,12" hai2="47,18,90,79,21,26,70,115,28,130,74,64,72" hai3="4,43,86,58,123,94,14,23,91,104,48,80,110"/><T101/><D119/><U125/><E120/><V114/><F130/><W59/><G110/><T121/><D121/><U97/><E2/><V78/><F90/><W10/><G123/><T65/><D73/><U66/><E125/><V49/><F64/><W75/><G104/><T122/><D122/><U19/><E113/><N who="2" m="43019" /><F70/><W39/><G39/><T22/><D128/><U33/><E33/><V96/><F96/><W3/><G3/><T16/><D132/><U106/><E71/><V87/><F28/><W20/><G75/><N who="2" m="28713" /><F87/><W100/><G100/><T27/><D111/><U0/><E106/><V44/><F49/><W32/><G32/><T134/><D134/><U60/><E60/><V131/><F131/><W88/><G48/><T135/><D135/><U36/><E36/><V81/><F81/><W40/><G59/><T105/><D54/><U34/><E34/><V25/><F26/><W102/><G58/><T109/><D109/><U68/><E68/><V53/><F53/><W46/><G102/><T50/><D50/><U30/><E30/><V92/><F92/><W35/><G35/><T6/><D6/><U84/><E67/><V42/><F42/><W126/><G43/><T76/><D76/><AGARI ba="0,0" hai="18,21,25,44,47,76,78,79" m="28713,43019" machi="76" ten="30,3900,0" yaku="15,1,52,2" doraHai="41" who="2" fromWho="0" sc="440,-39,209,0,179,39,172,0" /><INIT seed="5,0,0,2,1,124" ten="401,209,218,172" oya="1" hai0="16,83,133,21,53,108,123,111,33,132,8,64,7" hai1="46,95,5,128,2,97,50,135,4,17,62,120,81" hai2="22,31,107,71,41,1,39,89,19,27,101,30,51" hai3="44,121,66,9,113,47,56,25,98,34,86,131,104"/><U48/><E120/><V130/><F1/><W28/><G121/><T88/><D123/><U134/><E62/><V90/><F39/><W29/><G113/><T115/><D64/><U118/><E118/><V37/><F37/><W80/><G29/><T65/><D65/><U102/><E128/><V84/><F71/><W69/><G56/><T10/><D53/><U74/><E17/><V100/><F130/><W129/><G9/><T59/><D59/><U75/><E2/><V117/><F117/><W55/><G55/><T57/><D57/><U11/><E81/><V105/><F105/><W0/><G0/><T116/><D116/><U76/><E76/><V73/><F73/><W82/><G82/><T96/><D33/><U103/><E95/><V72/><F72/><W43/><G47/><T92/><D83/><U26/><E97/><V36/><F36/><W38/><G66/><T77/><D77/><U99/><E99/><V3/><F3/><W52/><G52/><T35/><D35/><U42/><E11/><N who="0" m="4137" /><D7/><U78/><E78/><V18/><F107/><W13/><G13/><N who="0" m="9359" /><D115/><U20/><E20/><V122/><F122/><W125/><G69/><T68/><D68/><U119/><E119/><V23/><F41/><W40/><G40/><T106/><D106/><U12/><E42/><V49/><F27/><W110/><G110/><T79/><D79/><U114/><E26/><V94/><F94/><W85/><G80/><T87/><D96/><U63/><E114/><V70/><F70/><W6/><G129/><T126/><D126/><U127/><E127/><V67/><F67/><RYUUKYOKU ba="0,0" sc="401,15,209,-15,218,15,172,-15" hai0="87,88,92,108,111,132,133" hai2="18,19,22,23,30,31,49,51,84,89,90,100,101" /><INIT seed="6,1,0,0,3,135" ten="416,194,233,157" oya="2" hai0="13,93,129,45,96,107,31,109,85,104,41,99,74" hai1="95,75,11,92,52,22,119,21,114,71,90,9,48" hai2="53,65,24,79,103,7,37,69,32,117,66,118,94" hai3="63,28,2,124,133,59,113,10,5,60,70,87,67"/><V123/><F123/><W0/><G133/><T98/><D109/><U27/><E119/><V73/><F37/><W51/><G113/><T36/><D74/><U61/><E75/><V47/><F7/><W46/><G28/><T134/><D134/><U16/><E114/><V72/><F79/><W25/><G25/><T77/><D129/><U120/><E120/><V34/><F24/><W116/><G116/><T76/><D31/><U91/><E71/><V57/><F94/><W42/><G87/><T97/><D13/><U127/><E127/><V58/><F69/><W132/><G132/><T101/><REACH who="0" step="1"/><D85/><REACH who="0" ten="406,194,233,157" step="2"/><U121/><E121/><V105/><F73/><W23/><G23/><T62/><D62/><U20/><E61/><V55/><F72/><W19/><G0/><T81/><D81/><U39/><E22/><V18/><F34/><W111/><G111/><T115/><D115/><U30/><E21/><V50/><F32/><W82/><G82/><T122/><D122/><U102/><E30/><V3/><F117/><W33/><G33/><T17/><D17/><U131/><E131/><V106/><F18/><W86/><G86/><T54/><D54/><U128/><E128/><V29/><F29/><W88/><G19/><T40/><D40/><U80/><E80/><V84/><F84/><W110/><G110/><T126/><D126/><U108/><E108/><V125/><F125/><W56/><G124/><T6/><D6/><U26/><E16/><V112/><F118/><W78/><G63/><T49/><D49/><U38/><E20/><V44/><F112/><W100/><G60/><RYUUKYOKU ba="1,1" sc="406,30,194,-10,233,-10,157,-10" hai0="36,41,45,76,77,93,96,97,98,99,101,104,107" /><INIT seed="7,2,1,0,4,17" ten="436,184,223,147" oya="3" hai0="103,127,13,7,14,117,78,119,99,12,112,69,36" hai1="129,56,85,39,122,77,92,102,47,113,26,116,74" hai2="120,62,33,20,23,15,53,58,0,8,118,96,108" hai3="35,67,55,51,98,75,24,110,31,48,111,105,131"/><W19/><G75/><T81/><D36/><U22/><E74/><V114/><F118/><W135/><G135/><T37/><D37/><U2/><E2/><V64/><F108/><N who="3" m="41515" /><G131/><T4/><D69/><U6/><E122/><V44/><F114/><W21/><G67/><T27/><D127/><U134/><E134/><V65/><F33/><W107/><G98/><T3/><D112/><U32/><E129/><V91/><F120/><W90/><G90/><T109/><D109/><U132/><E132/><V126/><F0/><W97/><G97/><T42/><D42/><U16/><E116/><V106/><F126/><W101/><G101/><T76/><D27/><U10/><E113/><V49/><F106/><N who="3" m="40459" /><G55/><T66/><D66/><U5/><E32/><V104/><F65/><W60/><G60/><T46/><D99/><U130/><E130/><V82/><F104/><W61/><G61/><T115/><D103/><U70/><E70/><V86/><F96/><W29/><G29/><T84/><D115/><U95/><E102/><V54/><F64/><W38/><G38/><T123/><D123/><U79/><E79/><V88/><F91/><W25/><AGARI ba="2,1" hai="19,21,24,25,31,35,48,51" m="40459,41515" machi="25" ten="40,3900,0" yaku="10,1,52,1" doraHai="17" who="3" fromWho="3" sc="436,-15,184,-15,223,-15,147,55" /><INIT seed="7,3,0,4,4,101" ten="421,169,208,202" oya="3" hai0="65,33,75,42,89,64,72,95,27,39,92,47,67" hai1="2,116,21,25,128,51,35,8,32,121,109,59,108" hai2="81,48,76,24,83,123,97,36,124,112,0,98,44" hai3="13,102,54,80,90,71,38,6,103,60,62,96,3"/><W126/><G38/><T34/><D95/><U68/><E68/><V107/><F0/><W79/><G3/><T106/><D106/><U58/><E121/><V55/><F123/><W15/><G126/><T14/><D14/><N who="3" m="5129" /><G71/><T46/><D46/><U43/><E43/><V50/><F36/><W11/><G11/><T31/><REACH who="0" step="1"/><D34/><REACH who="0" ten="411,169,208,202" step="2"/><U63/><E35/><V23/><F107/><W91/><G103/><T37/><D37/><U130/><E32/><V26/><F44/><W115/><G102/><T77/><D77/><U70/><E116/><V53/><F76/><W19/><G79/><T78/><D78/><U61/><E2/><V129/><F124/><W127/><G127/><T120/><D120/><U29/><E8/><V134/><F83/><W41/><G80/><T18/><D18/><U66/><E109/><V9/><F81/><W82/><G19/><T16/><D16/><U110/><E110/><V93/><F93/><W45/><G82/><T73/><D73/><U111/><E111/><V1/><F9/><W104/><G104/><T30/><D30/><U57/><E108/><V125/><F125/><W12/><G45/><T105/><D105/><U49/><REACH who="1" step="1"/><E63/><REACH who="1" ten="411,159,208,202" step="2"/><V131/><F1/><W118/><G62/><T84/><AGARI ba="3,2" hai="27,31,33,39,42,47,64,65,67,72,75,84,89,92" machi="84" ten="30,2000,0" yaku="1,1,0,1,53,0" doraHai="101" doraHaiUra="119" who="0" fromWho="0" sc="411,49,159,-8,208,-8,202,-13" owari="460,56.0,151,-34.9,200,0.0,189,-21.1" /></mjloggm>