<mjloggm ver="2.3"><GO type="169" lobby="0"/><UN n0="%73%65%37%37%65%6E" n1="%4E%49%4B%55%59%41" n2="%E3%81%A1%E3%82%80%E3%81%8A" n3="%E3%83%9F%E3%83%8D%E3%83%A9%E3%83%AB" dan="16,17,16,18" rate="2047.38,2199.20,2054.18,2273.31" sx="M,M,M,M"/><TAIKYOKU oya="0"/><INIT seed="0,0,0,5,4,42" ten="250,250,250,250" oya="0" hai0="48,85,133,101,14,27,28,76,105,81,43,9,99" hai1="25,12,6,102,109,131,78,90,95,69,56,135,16" hai2="53,19,117,103,65,134,72,60,59,0,61,108,119" hai3="126,66,96,73,26,33,124,29,7,58,132,32,55"/><T130/><D130/><U79/><E69/><V129/><F129/><W93/><G73/><T46/><D133/><U75/><E135/><V74/><F134/><W20/><G66/><T35/><D35/><U113/><E102/><V68/><F108/><W121/><G132/><T18/><D27/><U3/><E3/><V45/><F0/><W23/><G7/><T123/><D123/><U97/><E75/><V54/><F103/><W71/><G71/><T91/><D76/><U1/><E1/><V44/><F19/><W112/><G112/><T120/><D120/><U70/><E70/><V50/><F72/><W24/><G121/><T39/><REACH who="0" step="1"/><D28/><REACH who="0" ten="240,250,250,250" step="2"/><U2/><E25/><V36/><F74/><W110/><G26/><T128/><D128/><U49/><E79/><V83/><F83/><W21/><G33/><T77/><D77/><U80/><E78/><V86/><F86/><W31/><G31/><T38/><AGARI ba="0,1" hai="9,14,18,38,39,43,46,48,81,85,91,99,101,105" machi="38" ten="30,11700,0" yaku="1,1,0,1,52,1,53,1" doraHai="42" doraHaiUra="82" who="0" fromWho="0" sc="240,127,250,-39,250,-39,250,-39" /><INIT seed="0,1,0,2,2,47" ten="367,211,211,211" oya="0" hai0="74,41,54,67,34,118,59,97,116,17,14,106,105" hai1="79,62,11,107,75,42,13,94,115,71,6,130,101" hai2="12,36,29,31,103,112,0,93,86,126,58,98,121" hai3="89,84,111,127,72,117,78,28,82,57,60,77,10"/><T123/><D34/><U65/><E130/><V39/><F112/><W50/><G117/><T61/><D74/><U23/><E107/><V37/><F121/><W83/><G111/><T44/><D123/><U3/><E115/><V38/><F126/><W43/><G127/><T102/><D106/><U69/><E42/><V48/><F0/><W64/><G28/><T95/><D105/><U131/><E131/><V56/><N who="2" m="9216" /><DORA hai="119" /><V21/><F86/><W90/><REACH who="3" step="1"/><G10/><REACH who="3" ten="367,211,211,201" step="2"/><T19/><D116/><U135/><E11/><V30/><F12/><W120/><G120/><T8/><D118/><U68/><E13/><V25/><REACH who="2" step="1"/><F58/><REACH who="2" ten="367,211,201,201" step="2"/><W81/><G81/><T70/><D59/><U16/><E71/><V122/><F122/><W46/><AGARI ba="1,2" hai="43,46,50,57,60,64,72,77,78,82,83,84,89,90" machi="46" ten="30,4000,0" yaku="1,1,0,1,52,1,53,0" doraHai="47,119" doraHaiUra="132,1" who="3" fromWho="3" sc="367,-21,211,-11,201,-11,201,63" /><INIT seed="1,0,0,1,4,0" ten="346,200,190,264" oya="1" hai0="34,134,120,8,45,113,114,7,26,75,106,122,13" hai1="25,83,118,41,29,66,74,132,19,44,6,107,32" hai2="36,56,33,103,73,67,96,92,4,90,88,47,109" hai3="38,101,111,22,20,121,131,2,116,31,9,84,1"/><U65/><E118/><V46/><F33/><W82/><G38/><T125/><D106/><U124/><E107/><V12/><F109/><W87/><G121/><N who="0" m="46699" /><D75/><U52/><E124/><V15/><F73/><W3/><G111/><T89/><D125/><U119/><E119/><V53/><F67/><W55/><G101/><T127/><D45/><N who="2" m="16906" /><F36/><W129/><G116/><T64/><D64/><U28/><E132/><V79/><F79/><W14/><G55/><T110/><D110/><U62/><E19/><V51/><F15/><W76/><G87/><T30/><D127/><U58/><E29/><V50/><F50/><W23/><REACH who="3" step="1"/><G31/><REACH who="3" ten="346,200,190,254" step="2"/><T49/><D134/><U105/><E74/><V93/><F93/><W21/><N who="3" m="5120" /><DORA hai="10" /><W54/><G54/><T130/><D49/><U43/><E105/><V61/><F51/><W128/><G128/><T18/><D130/><U69/><E28/><V59/><F59/><W16/><AGARI ba="0,1" hai="1,2,3,9,14,16,76,82,84,129,131" m="5120" machi="16" ten="50,8000,1" yaku="1,1,0,1,52,1,54,1,53,1" doraHai="0,10" doraHaiUra="99,11" who="3" fromWho="3" sc="346,-20,200,-40,190,-20,254,90" /><INIT seed="2,0,0,5,3,120" ten="326,160,170,344" oya="2" hai0="53,20,132,32,130,85,33,122,126,133,69,11,96" hai1="4,92,13,45,52,14,17,82,25,127,27,124,6" hai2="31,80,72,73,64,12,98,39,18,84,100,94,29" hai3="135,23,30,66,114,111,21,95,129,57,47,49,103"/><V107/><F39/><W2/><G2/><T89/><D69/><U36/><E36/><V56/><F64/><W76/><G129/><T67/><D122/><U65/><E65/><V5/><F5/><W97/><G135/><T119/><D119/><U90/><E82/><V109/><F56/><W123/><G123/><T51/><D126/><U112/><E112/><V87/><F87/><W134/><G134/><N who="0" m="51819" /><D67/><U62/><E4/><V68/><F68/><W93/><G93/><N who="0" m="54447" /><D96/><U121/><E6/><V81/><F81/><W128/><G128/><T34/><D11/><U28/><E121/><V24/><F107/><W46/><G114/><T55/><D130/><U75/><E75/><V59/><F73/><W108/><G76/><T99/><D99/><U83/><E83/><V117/><F72/><W77/><G77/><T102/><D102/><U106/><E106/><V91/><F117/><W38/><G38/><T113/><D20/><N who="3" m="7753" /><G30/><T19/><D19/><U118/><E17/><V9/><F31/><W40/><G47/><N who="0" m="27903" /><D55/><U115/><E118/><V79/><F79/><W105/><G105/><T43/><D43/><U101/><E115/><AGARI ba="0,0" hai="32,33,34,113,115" m="27903,54447,51819" machi="115" ten="40,1300,0" yaku="20,1" doraHai="120" who="0" fromWho="1" sc="326,13,160,-13,170,0,344,0" /><INIT seed="3,0,0,1,3,34" ten="339,147,170,344" oya="3" hai0="114,28,91,16,78,86,22,23,6,74,59,123,106" hai1="121,50,24,104,65,93,39,113,62,102,45,35,117" hai2="68,17,81,42,26,76,120,88,111,116,107,66,85" hai3="49,14,60,87,30,18,69,36,82,63,12,79,134"/><W115/><G115/><T80/><D123/><U108/><E93/><V98/><F116/><W109/><G134/><T132/><D106/><U29/><E121/><V48/><F120/><W1/><G36/><T32/><D132/><U8/><E113/><V27/><F111/><W119/><G1/><T10/><D114/><U2/><E50/><V101/><F17/><W7/><G119/><T90/><D74/><U33/><E117/><V73/><F68/><W118/><G118/><T54/><D28/><U99/><E108/><V0/><F66/><W4/><G30/><T57/><D32/><N who="1" m="20519" /><E45/><V56/><F0/><W15/><G109/><T19/><D59/><U124/><E124/><V53/><REACH who="2" step="1"/><F42/><REACH who="2" ten="339,147,160,344" step="2"/><W128/><G18/><T5/><D19/><U131/><E131/><V126/><F126/><W71/><G128/><T105/><D16/><U122/><E122/><V96/><F96/><W64/><G69/><T70/><D70/><N who="1" m="42295" /><E39/><V20/><F20/><W61/><G71/><T130/><D22/><U3/><E3/><V40/><F40/><W11/><G64/><T94/><D23/><U21/><E21/><V43/><F43/><W84/><G7/><AGARI ba="0,1" hai="2,7,8,33,35,99,102,104" m="42295,20519" machi="7" ten="30,7700,0" yaku="25,1,33,2,52,1" doraHai="34" who="1" fromWho="3" sc="339,0,147,87,160,0,344,-77" /><INIT seed="4,0,0,0,2,102" ten="339,234,160,267" oya="0" hai0="68,130,114,1,45,33,42,109,2,20,116,7,110" hai1="60,113,24,23,50,131,78,35,84,64,3,15,75" hai2="72,14,132,5,51,129,55,86,39,66,29,28,47" hai3="119,112,71,46,40,11,125,57,70,36,73,107,17"/><T87/><D116/><U56/><E3/><V13/><F72/><W12/><G119/><T128/><D33/><U81/><E131/><N who="0" m="50217" /><D68/><U8/><E35/><V49/><F129/><W59/><G112/><T101/><D114/><U105/><E113/><V30/><F132/><W96/><G125/><T79/><D20/><U134/><E134/><V118/><F66/><W97/><G73/><T108/><D7/><U117/><E117/><V127/><F39/><W92/><G70/><T61/><D61/><U18/><E75/><V0/><F127/><W77/><G77/><T80/><D101/><U10/><E105/><V6/><F118/><W19/><G71/><T122/><D122/><U95/><E95/><V83/><F0/><W98/><G107/><T93/><D93/><U48/><REACH who="1" step="1"/><E8/><REACH who="1" ten="339,224,160,267" step="2"/><V27/><F27/><W43/><G92/><T54/><D1/><U103/><E103/><V38/><F14/><W88/><G97/><T135/><D2/><U65/><E65/><V99/><F13/><W123/><G98/><T44/><D135/><U94/><E94/><V67/><F99/><W63/><G12/><T90/><D42/><U69/><E69/><V4/><F67/><W9/><G96/><T32/><D32/><U124/><E124/><V100/><F100/><W25/><G43/><T111/><D111/><U133/><E133/><V37/><F86/><W104/><G40/><T126/><D126/><U62/><E62/><V52/><F83/><W120/><G123/><T85/><D54/><U58/><E58/><V106/><F106/><W76/><G104/><T16/><D109/><RYUUKYOKU ba="0,1" sc="339,-15,224,15,160,15,267,-15" hai1="10,15,18,23,24,48,50,56,60,64,78,81,84" hai2="4,5,6,28,29,30,37,38,47,49,51,52,55" /><INIT seed="5,1,1,4,5,94" ten="324,239,175,252" oya="1" hai0="36,79,69,125,17,85,50,87,135,10,34,37,41" hai1="7,8,101,0,73,43,30,22,98,38,109,33,114" hai2="97,112,91,78,127,83,113,63,119,90,23,21,5" hai3="71,116,107,60,77,19,26,123,68,31,32,102,95"/><U57/><E114/><N who="2" m="44139" /><F119/><W1/><G123/><T49/><D69/><U89/><E109/><V110/><F110/><W132/><G116/><T61/><D34/><U86/><E73/><N who="2" m="43471" /><F127/><W80/><G132/><T105/><D135/><U84/><E33/><V55/><F5/><W72/><G95/><T74/><D74/><U39/><E57/><N who="2" m="35263" /><F90/><W45/><G45/><T104/><D79/><U103/><E103/><V54/><F54/><W122/><G122/><T46/><D41/><U13/><E43/><V11/><F11/><W28/><G1/><T9/><D61/><U111/><E111/><V53/><F53/><W118/><G60/><T120/><D46/><U133/><E133/><V92/><AGARI ba="1,1" hai="21,23,91,92,97" m="35263,43471,44139" machi="92" ten="30,4000,0" yaku="15,1,11,1,52,1" doraHai="94" who="2" fromWho="2" sc="324,-11,239,-21,175,53,252,-11" /><INIT seed="6,0,0,4,1,103" ten="313,218,228,241" oya="2" hai0="116,66,18,102,108,76,85,17,13,105,9,61,82" hai1="110,33,20,15,55,73,111,63,4,75,109,2,45" hai2="122,120,130,104,57,91,118,16,1,41,47,101,127" hai3="10,64,65,87,89,119,114,113,135,123,92,59,56"/><V67/><F118/><W126/><G119/><T79/><D116/><U72/><E33/><V50/><F1/><W23/><G123/><T3/><D3/><U36/><E2/><V58/><F127/><W7/><G126/><T19/><D108/><U42/><E20/><V26/><F130/><W62/><G135/><T24/><D24/><U0/><E0/><V132/><F91/><W115/><G23/><T117/><D117/><U77/><E77/><V99/><F132/><W128/><G128/><T96/><REACH who="0" step="1"/><D79/><REACH who="0" ten="303,218,228,241" step="2"/><U21/><E109/><V86/><F120/><W68/><G65/><T46/><D46/><U97/><E45/><V51/><F122/><W121/><G121/><T54/><D54/><U133/><E55/><V95/><F67/><W131/><G131/><T48/><D48/><U90/><E111/><V112/><F51/><W39/><G39/><T53/><D53/><U31/><E36/><V94/><F112/><W25/><G25/><T6/><D6/><U107/><E4/><V80/><F58/><AGARI ba="0,1" hai="9,13,17,18,19,58,61,66,76,82,85,96,102,105" machi="58" ten="30,3900,0" yaku="1,1,7,1,52,1,53,0" doraHai="103" doraHaiUra="43" who="0" fromWho="2" sc="303,49,218,0,228,-39,241,0" /><INIT seed="7,0,0,2,3,119" ten="352,218,189,241" oya="3" hai0="100,17,90,29,104,70,8,102,18,66,91,40,120" hai1="26,129,9,106,81,115,95,87,57,112,62,124,110" hai2="78,55,126,131,93,82,3,41,94,48,45,121,10" hai3="2,58,34,111,80,36,53,114,50,42,20,16,7"/><W1/><G114/><N who="1" m="43562" /><E106/><V127/><F131/><W59/><G34/><T5/><D66/><U74/><E129/><V109/><F109/><W12/><G111/><T47/><D29/><U125/><E110/><V134/><F134/><W76/><G59/><T44/><D120/><U83/><E9/><V30/><F30/><W107/><G107/><T23/><D44/><U22/><E95/><V4/><F121/><W89/><G89/><T84/><D70/><U73/><E22/><V6/><F6/><W21/><G21/><T122/><D91/><N who="1" m="51695" /><E26/><V130/><F130/><W77/><G7/><T103/><D122/><U67/><E83/><V108/><F108/><W51/><G36/><T15/><D90/><U64/><E67/><V65/><F65/><W11/><G11/><T14/><D84/><U123/><E123/><V37/><F127/><AGARI ba="0,0" hai="57,62,64,73,74,124,125,127" m="51695,43562" machi="127" ten="30,2000,0" yaku="18,1,15,1" doraHai="119" who="1" fromWho="2" sc="352,0,218,20,189,-20,241,0" owari="352,45.2,238,-16.2,169,-33.1,241,4.1" /></mjloggm>