<mjloggm ver="2.3"><GO type="169" lobby="0"/><UN n0="%E3%83%A9%E3%82%B9%E3%82%8B%E3%81%8B%E3%81%AA" n1="%E3%81%9D%E3%81%86%E3%81%9F%E3%81%A3%E3%81%9F" n2="%E6%99%AE%E9%9C%B2%E9%9C%B2" n3="%4A%49%4D" dan="17,16,16,18" rate="2188.82,2064.24,2120.08,2232.55" sx="M,M,M,F"/><TAIKYOKU oya="0"/><INIT seed="0,0,0,4,5,109" ten="250,250,250,250" oya="0" hai0="18,60,22,38,122,32,116,66,98,69,17,118,5" hai1="80,84,29,129,20,133,23,64,58,9,126,93,12" hai2="14,127,53,114,115,19,73,92,55,77,49,48,57" hai3="103,2,27,41,85,21,120,89,128,42,59,108,83"/><T56/><D32/><U0/><E126/><V86/><F73/><W47/><G108/><T90/><D38/><U106/><E106/><V135/><F135/><W7/><G128/><T99/><D122/><U121/><E0/><V113/><F127/><W95/><G120/><T30/><D5/><U65/><E133/><V67/><F67/><W111/><G111/><T16/><D69/><U36/><E36/><V94/><F77/><W100/><G59/><T97/><D90/><U46/><E46/><V52/><F86/><W87/><G7/><T124/><D124/><U107/><E107/><V101/><F55/><W15/><G15/><T119/><REACH who="0" step="1"/><D30/><REACH who="0" ten="240,250,250,250" step="2"/><U37/><E29/><V68/><F68/><W79/><G2/><T81/><D81/><U110/><E37/><V4/><F4/><W102/><REACH who="3" step="1"/><G47/><REACH who="3" ten="240,250,250,240" step="2"/><T43/><D43/><U72/><E121/><V1/><F1/><W71/><G71/><T45/><D45/><U54/><E110/><V123/><F123/><W11/><G11/><T132/><D132/><U62/><E9/><V112/><F112/><W26/><G26/><AGARI ba="0,2" hai="16,17,18,22,26,56,60,66,97,98,99,116,118,119" machi="26" ten="50,4800,0" yaku="1,1,54,1,53,0" doraHai="109" doraHaiUra="104" who="0" fromWho="3" sc="240,68,250,0,250,0,240,-48" /><INIT seed="0,1,0,1,1,28" ten="308,250,250,192" oya="0" hai0="18,48,13,11,86,64,131,55,119,121,110,41,29" hai1="133,99,103,90,134,43,65,80,51,84,16,101,67" hai2="100,63,17,82,89,117,14,40,38,95,52,33,125" hai3="60,105,118,70,104,15,81,36,62,20,71,30,26"/><T53/><D119/><U59/><E134/><V106/><F117/><W68/><G118/><T4/><D121/><U112/><E133/><V135/><F135/><W6/><G36/><T0/><D131/><U113/><E103/><V91/><F125/><W78/><G6/><T126/><D126/><U35/><E35/><V124/><F124/><W132/><G132/><T2/><D64/><U50/><E50/><V120/><F120/><W98/><G15/><T8/><D0/><U109/><E109/><V77/><F33/><W83/><G98/><T122/><D122/><U45/><E16/><V102/><F40/><W57/><G83/><T32/><D110/><U27/><E27/><V115/><F91/><W12/><G12/><T19/><D19/><U54/><E113/><V87/><F38/><W31/><G30/><T9/><D9/><U24/><E24/><V61/><F115/><W10/><G10/><T3/><D3/><U92/><REACH who="1" step="1"/><E112/><REACH who="1" ten="308,240,250,192" step="2"/><V114/><F114/><W39/><G39/><T107/><D32/><U130/><E130/><V1/><F63/><W128/><G128/><T111/><D111/><U69/><E69/><V42/><F106/><W116/><G116/><T23/><D107/><U56/><E56/><N who="2" m="34951" /><F42/><W108/><G108/><T94/><D41/><U97/><E97/><N who="2" m="57583" /><F1/><W79/><G62/><T44/><D29/><U37/><AGARI ba="1,1" hai="37,43,45,51,54,59,65,67,80,84,90,92,99,101" machi="37" ten="20,2700,0" yaku="1,1,0,1,7,1,53,0" doraHai="28" doraHaiUra="21" who="1" fromWho="1" sc="308,-14,240,40,250,-8,192,-8" /><INIT seed="1,0,0,4,3,91" ten="294,280,242,184" oya="1" hai0="84,115,135,78,33,22,89,1,45,12,99,134,9" hai1="83,65,7,125,70,66,0,6,29,104,2,128,76" hai2="109,42,122,59,82,130,31,106,69,23,19,131,127" hai3="50,41,132,86,5,79,37,35,38,63,43,98,120"/><U30/><E104/><V72/><F69/><W90/><G120/><T93/><D33/><U113/><E70/><V60/><F122/><W49/><G35/><T92/><D115/><U107/><E107/><V95/><F106/><W74/><G132/><N who="0" m="50731" /><D1/><U28/><E113/><V61/><F31/><W57/><G5/><N who="1" m="1546" /><E83/><V124/><F42/><N who="3" m="15883" /><G86/><T51/><D22/><U53/><E53/><V117/><F117/><W111/><G98/><T54/><D78/><U102/><E102/><V48/><F48/><N who="3" m="18539" /><G90/><T3/><D3/><N who="1" m="1067" /><E125/><V24/><F124/><W13/><G13/><T133/><N who="0" m="50739" /><T108/><DORA hai="73" /><D99/><U81/><E81/><V97/><F82/><W119/><G79/><T85/><D85/><U17/><E76/><V123/><F97/><W39/><G74/><T100/><D100/><U14/><E66/><V47/><F72/><W94/><G94/><N who="0" m="54567" /><D108/><U55/><E14/><V44/><F109/><W11/><G111/><T121/><D121/><U101/><E101/><V116/><F127/><W52/><G11/><T10/><D10/><U8/><E8/><V46/><F123/><W67/><G119/><T96/><D96/><U40/><E29/><V129/><F116/><W4/><G4/><AGARI ba="0,0" hai="4,9,12,45,51,54,92,93" m="54567,50739" machi="4" ten="40,8000,1" yaku="20,1,52,3" doraHai="91,73" who="0" fromWho="3" sc="294,80,280,0,242,0,184,-80" /><INIT seed="2,0,0,4,5,74" ten="374,280,242,104" oya="2" hai0="41,84,43,44,126,39,116,105,64,101,15,79,108" hai1="106,48,131,33,65,68,135,22,45,117,59,66,81" hai2="62,51,2,63,36,94,73,123,97,46,132,47,14" hai3="124,115,25,30,5,19,11,60,99,90,82,37,1"/><V21/><F123/><W20/><G37/><T120/><D120/><U91/><E33/><V107/><F2/><W24/><G124/><T40/><D64/><U0/><E117/><V38/><F107/><W76/><G115/><T4/><D108/><U95/><E68/><V28/><F47/><W127/><G127/><T34/><D34/><U61/><E131/><V134/><F73/><W10/><G60/><T18/><D4/><U88/><E135/><V42/><F62/><W77/><G11/><T32/><D32/><U6/><E6/><V89/><F63/><W56/><G56/><T7/><D7/><U110/><E106/><V3/><F3/><W67/><G67/><T69/><D69/><U104/><E104/><V75/><F75/><W86/><REACH who="3" step="1"/><G99/><REACH who="3" ten="374,280,242,94" step="2"/><T31/><D126/><U93/><E65/><V118/><F38/><W23/><AGARI ba="0,1" hai="1,5,10,19,20,23,24,25,30,76,77,82,86,90" machi="23" ten="20,12000,2" yaku="1,1,2,1,0,1,7,1,52,2,53,0" doraHai="74" doraHaiUra="50" who="3" fromWho="3" sc="374,-30,280,-30,242,-60,94,130" /><INIT seed="3,0,0,3,2,129" ten="344,250,182,224" oya="3" hai0="109,134,121,79,122,13,36,26,124,101,3,62,47" hai1="118,64,20,131,106,67,11,98,80,43,40,88,50" hai2="66,82,130,10,81,87,115,77,85,105,117,42,76" hai3="49,25,94,69,72,8,132,46,83,74,65,5,123"/><W0/><G123/><T71/><D3/><U41/><E131/><V90/><F130/><W53/><G83/><T57/><D79/><U17/><E118/><V51/><F117/><W112/><G112/><T108/><D101/><U125/><E125/><V12/><F105/><W128/><G128/><T48/><D13/><U32/><E32/><V91/><F66/><W127/><G127/><T120/><D26/><U75/><E11/><V7/><REACH who="2" step="1"/><F115/><REACH who="2" ten="344,250,172,224" step="2"/><W119/><G119/><T34/><D124/><U14/><E64/><V110/><F110/><W55/><G65/><T97/><D108/><U84/><E67/><V70/><F70/><W96/><G69/><T111/><D71/><U38/><E106/><V61/><F61/><W2/><G2/><T95/><D62/><U31/><E38/><V24/><F24/><W27/><G27/><T68/><D36/><U29/><E75/><V33/><F33/><W113/><G113/><T89/><D34/><U6/><E50/><V116/><F116/><W44/><G25/><T30/><D111/><U1/><E1/><V103/><F103/><W21/><G74/><T107/><D107/><U59/><E31/><V28/><F28/><W56/><G72/><T86/><D30/><U133/><E29/><V54/><F54/><W22/><G55/><T37/><D109/><U102/><E102/><V93/><F93/><W126/><G126/><T99/><D68/><U16/><E41/><V19/><F19/><W9/><G0/><T18/><D18/><U60/><E17/><V114/><F114/><W78/><G49/><T104/><D121/><RYUUKYOKU ba="0,1" sc="344,-10,250,-10,172,30,224,-10" hai2="7,10,12,42,51,76,77,81,82,85,87,90,91" /><INIT seed="4,1,1,1,0,116" ten="334,240,202,214" oya="0" hai0="81,59,16,83,13,71,96,111,52,129,108,0,33" hai1="43,130,47,114,35,56,38,94,86,124,98,51,54" hai2="125,126,49,107,17,48,11,32,3,82,39,78,26" hai3="61,25,21,87,88,23,70,6,90,120,64,99,134"/><T46/><D0/><U97/><E35/><V135/><F107/><W73/><G73/><T119/><D71/><U19/><E124/><N who="2" m="47723" /><F39/><W29/><G134/><T92/><D33/><U63/><E130/><V44/><F135/><W106/><G6/><T53/><D119/><U50/><E114/><V66/><F66/><W122/><G21/><T74/><D129/><U109/><E109/><N who="0" m="42057" /><D46/><U57/><E38/><V131/><F131/><W12/><G12/><T31/><D31/><U79/><E19/><V68/><F68/><W72/><G72/><T133/><D133/><U60/><E51/><V84/><F44/><W69/><G69/><T100/><D74/><U113/><E113/><V1/><F17/><W117/><G117/><T45/><D45/><U85/><E79/><V30/><F3/><W37/><G37/><T24/><D24/><U7/><E7/><AGARI ba="1,1" hai="1,7,11,26,30,32,48,49,78,82,84" m="47723" machi="7" ten="30,1000,0" yaku="18,1" doraHai="116" who="2" fromWho="1" sc="334,0,240,-13,202,23,214,0" /><INIT seed="5,0,0,0,2,2" ten="334,227,225,214" oya="1" hai0="102,129,15,124,55,100,127,82,14,89,86,87,108" hai1="106,112,27,23,64,25,11,16,40,111,94,115,60" hai2="62,122,114,12,13,46,61,63,104,39,56,83,66" hai3="38,135,21,126,77,34,50,79,7,107,116,5,32"/><U70/><E106/><V119/><F122/><W92/><G38/><T85/><D108/><U73/><E73/><V120/><F120/><W72/><G107/><T69/><D69/><U109/><E40/><V96/><F119/><W105/><G105/><T26/><D26/><U98/><E11/><V132/><F83/><W48/><G116/><T125/><D55/><U8/><E8/><V75/><F75/><W81/><G21/><T128/><D82/><U10/><E10/><V0/><F0/><W45/><G79/><T99/><D89/><U52/><E52/><V80/><F80/><W113/><G113/><N who="1" m="43594" /><E27/><V91/><F12/><N who="0" m="4650" /><D99/><U84/><E84/><V24/><F13/><W4/><G92/><T78/><D78/><U117/><E117/><V17/><F24/><W67/><G50/><T57/><D57/><U20/><E20/><V43/><F56/><W47/><G47/><T133/><D133/><U31/><E31/><V90/><F132/><W95/><G135/><T76/><D76/><U134/><E134/><V71/><F114/><W97/><G48/><T58/><D58/><U131/><E109/><V35/><F104/><W6/><G45/><T30/><D30/><U68/><E68/><V36/><F36/><W51/><G51/><T65/><D65/><U29/><E111/><V42/><F66/><W101/><N who="3" m="1024" /><DORA hai="130" /><W53/><G67/><T123/><D123/><U37/><E37/><V54/><F71/><W22/><G53/><T1/><D1/><U59/><E70/><V33/><F39/><W9/><G72/><T49/><D49/><U74/><E74/><RYUUKYOKU ba="0,0" sc="334,30,227,-10,225,-10,214,-10" hai0="85,86,87,100,102,124,125,127,128,129" /><INIT seed="6,1,0,3,4,45" ten="364,217,215,204" oya="2" hai0="42,76,60,129,38,17,75,53,64,89,49,116,74" hai1="71,115,10,35,99,124,96,28,104,100,106,21,33" hai2="51,19,111,92,65,91,66,6,87,25,7,52,18" hai3="16,14,34,82,105,101,27,70,122,134,90,39,22"/><V72/><F72/><W36/><G122/><T24/><D129/><U30/><E115/><V95/><F111/><W20/><G34/><T58/><D76/><U62/><E124/><V88/><F25/><W107/><G70/><T3/><D3/><U26/><E10/><V50/><F87/><W114/><G134/><T46/><D89/><U108/><E108/><V9/><F9/><W23/><G114/><T125/><D125/><U102/><REACH who="1" step="1"/><E30/><REACH who="1" ten="364,207,215,204" step="2"/><V109/><F109/><W57/><G22/><N who="0" m="13391" /><D116/><U83/><E83/><V69/><F69/><AGARI ba="1,1" hai="38,42,46,49,53,58,60,64,69,74,75" m="13391" machi="69" ten="30,2000,0" yaku="24,1,52,1" doraHai="45" who="0" fromWho="2" sc="364,33,207,0,215,-23,204,0" /><INIT seed="7,0,0,2,2,58" ten="397,207,192,204" oya="3" hai0="26,123,109,129,105,45,101,116,127,115,41,90,67" hai1="19,106,124,110,0,64,103,79,68,95,70,113,54" hai2="1,24,61,40,51,99,73,130,25,59,35,100,69" hai3="65,102,117,111,128,23,118,72,119,135,108,13,80"/><W49/><G102/><T28/><D109/><N who="3" m="42057" /><G49/><T50/><D116/><U81/><E113/><V47/><F130/><W92/><G128/><T16/><D123/><U9/><E124/><V126/><F126/><W76/><G135/><T3/><D3/><U20/><E0/><V89/><F1/><W78/><G78/><T134/><D127/><U125/><E106/><V2/><F2/><W11/><G92/><T37/><D129/><U27/><E95/><N who="2" m="58495" /><F69/><W77/><G77/><T107/><D101/><U75/><E70/><V31/><F35/><W66/><G23/><T53/><D67/><U63/><E103/><V32/><F32/><W96/><G96/><T71/><D71/><U97/><E97/><V52/><F73/><W30/><G30/><T6/><D134/><U43/><E125/><V112/><F112/><W86/><G72/><T44/><D115/><U83/><E110/><V38/><F38/><W94/><G94/><T93/><D105/><U120/><E120/><V36/><F36/><W29/><G29/><T39/><D39/><U114/><E114/><V62/><F31/><W104/><G104/><T133/><D133/><U60/><E83/><V98/><F62/><W131/><G131/><T122/><D107/><U132/><E132/><V7/><F7/><AGARI ba="0,0" hai="7,11,13,65,66,76,80,86,117,118,119" m="42057" machi="7" ten="40,2000,0" yaku="10,1" doraHai="58" who="3" fromWho="2" sc="397,0,207,0,192,-20,204,20" /><INIT seed="7,1,0,1,1,79" ten="397,207,172,224" oya="3" hai0="33,50,128,80,130,42,117,112,133,129,68,32,34" hai1="90,13,56,46,44,66,5,20,123,11,6,99,87" hai2="94,41,101,72,10,31,124,3,26,120,115,7,58" hai3="74,135,82,48,27,113,98,104,109,96,114,131,78"/><W100/><G27/><T16/><D68/><U1/><E123/><V57/><F120/><W39/><G39/><T121/><D121/><U71/><E71/><V37/><F115/><N who="3" m="44043" /><G48/><T30/><D112/><U91/><E5/><V9/><F124/><W126/><G126/><T62/><D62/><N who="1" m="38215" /><E1/><V45/><F10/><W127/><G127/><T69/><D69/><U76/><E20/><V12/><F12/><W111/><G131/><T51/><D133/><U40/><E40/><V95/><F72/><W24/><G24/><T19/><D30/><U106/><E106/><V47/><F47/><N who="1" m="17961" /><E99/><V25/><F25/><W116/><G116/><T89/><D42/><U49/><E49/><N who="0" m="18441" /><D117/><U134/><E134/><V54/><F101/><N who="3" m="62503" /><G135/><T53/><D53/><U103/><E103/><V52/><F57/><W132/><G132/><T63/><D63/><U38/><E38/><V28/><F28/><W125/><G125/><T35/><D35/><U4/><E4/><V108/><F108/><W70/><G70/><T0/><D0/><U107/><E107/><AGARI ba="1,0" hai="74,78,82,98,100,107,109,111" m="62503,44043" machi="107" ten="30,12000,1" yaku="15,1,23,1,34,2,52,1" doraHai="79" who="3" fromWho="1" sc="397,0,207,-123,172,0,224,123" /><INIT seed="7,2,0,4,4,122" ten="397,84,172,347" oya="3" hai0="104,28,81,75,10,52,68,129,4,64,34,135,37" hai1="63,86,111,93,23,98,14,114,8,2,6,124,118" hai2="12,59,77,80,96,85,3,20,109,0,67,94,84" hai3="36,95,125,24,131,66,61,108,105,69,60,11,48"/><W113/><G36/><T42/><D52/><U19/><E118/><V112/><F109/><W100/><G113/><T18/><D18/><U15/><E114/><V91/><F112/><W90/><G131/><T45/><D104/><U117/><E124/><V58/><F3/><W47/><G125/><T99/><D99/><U13/><E117/><V72/><F0/><W21/><G61/><N who="0" m="39951" /><D135/><U103/><E63/><V132/><F132/><W46/><G105/><T97/><D97/><U116/><E116/><V51/><F67/><W82/><G100/><T83/><D129/><U115/><E115/><V92/><F51/><W128/><G128/><T57/><D57/><U22/><E86/><V41/><F41/><W32/><G32/><T119/><D119/><U73/><E73/><V133/><F72/><W27/><G11/><T55/><D55/><U56/><E56/><V5/><F133/><W65/><G65/><T16/><D16/><U31/><E23/><V43/><F43/><W120/><G120/><T1/><D83/><U30/><E30/><V74/><F74/><W130/><G130/><T123/><D123/><U134/><E134/><V70/><F70/><W33/><G82/><T110/><D34/><U29/><E31/><V17/><F5/><W106/><G106/><T40/><D28/><U39/><E39/><V79/><F79/><W71/><G71/><T49/><D37/><U102/><E111/><V26/><F26/><W88/><G108/><T44/><D110/><U87/><E29/><V121/><F121/><W107/><G33/><T7/><D75/><U89/><E103/><AGARI ba="2,0" hai="12,17,20,58,59,77,80,84,85,91,92,94,96,103" machi="103" ten="30,3900,0" yaku="6,1,7,1,8,1" doraHai="122" who="2" fromWho="1" sc="397,0,84,-45,172,45,347,0" owari="397,49.7,39,-46.1,217,-18.3,347,14.7" /></mjloggm>