<mjloggm ver="2.3"><GO type="169" lobby="0"/><UN n0="%31%E3%83%BB%32%E3%83%BB%33" n1="%62%6F%79%61%74%65%74%75" n2="%E5%8D%B5%E3%81%8B%E3%81%91%E6%B6%85%E6%A7%83" n3="%E6%98%8E%E6%98%9F%E5%B8%82%E6%B0%91" dan="17,16,16,17" rate="2122.82,2122.71,2160.18,2226.83" sx="M,M,M,M"/><TAIKYOKU oya="0"/><INIT seed="0,0,0,4,4,70" ten="250,250,250,250" oya="0" hai0="41,19,96,71,108,105,1,9,52,97,72,79,60" hai1="36,38,123,94,78,28,92,81,93,77,85,109,76" hai2="103,88,51,87,34,82,132,39,114,24,13,45,89" hai3="66,118,120,63,25,131,112,6,21,27,40,17,15"/><T42/><D108/><U83/><E123/><V37/><F114/><W121/><G112/><T62/><D71/><U133/><E109/><V111/><F111/><W125/><G40/><N who="0" m="15467" /><D72/><U26/><E133/><V113/><F113/><W65/><G118/><T7/><D1/><U135/><E135/><V110/><F110/><W86/><G66/><T101/><D105/><U100/><E100/><V12/><F132/><W64/><G64/><T90/><D7/><U122/><E122/><N who="3" m="47210" /><G131/><T104/><D104/><U58/><E58/><V11/><F103/><W119/><G119/><T106/><D79/><U69/><E69/><V32/><F89/><W50/><G50/><T134/><D106/><U116/><E116/><V80/><F80/><W99/><G99/><N who="0" m="37963" /><D101/><U29/><E77/><V20/><F32/><W2/><G86/><T10/><D90/><U43/><E43/><V33/><F34/><W31/><G63/><N who="0" m="24107" /><D134/><U30/><REACH who="1" step="1"/><E26/><REACH who="1" ten="250,240,250,250" step="2"/><V98/><F24/><W35/><G65/><T16/><D52/><U75/><AGARI ba="0,1" hai="28,29,30,36,38,75,76,78,81,83,85,92,93,94" machi="75" ten="30,8000,1" yaku="1,1,2,1,0,1,52,2,53,0" doraHai="70" doraHaiUra="4" who="1" fromWho="1" sc="250,-40,240,90,250,-20,250,-20" /><INIT seed="1,0,0,5,3,96" ten="210,330,230,230" oya="1" hai0="23,61,72,17,103,119,90,98,1,57,125,80,19" hai1="117,2,50,124,64,56,18,16,129,99,116,47,6" hai2="62,58,78,27,87,107,75,41,22,0,79,102,52" hai3="55,70,5,49,66,36,9,93,44,39,24,115,21"/><U83/><E124/><V29/><F0/><W31/><G115/><T32/><D119/><U48/><E129/><V38/><F75/><W92/><G70/><T51/><D32/><U85/><E2/><V35/><F35/><W14/><REACH who="3" step="1"/><G66/><REACH who="3" ten="210,330,230,220" step="2"/><T111/><D125/><U109/><E116/><V45/><REACH who="2" step="1"/><F87/><REACH who="2" ten="210,330,220,220" step="2"/><W8/><G8/><T11/><D11/><U67/><E85/><V105/><F105/><W91/><G91/><T101/><D90/><U3/><E117/><V15/><F15/><W73/><G73/><T127/><D72/><U60/><E3/><V68/><F68/><W63/><G63/><T132/><D61/><U74/><E60/><V54/><F54/><W42/><G42/><T81/><D1/><U97/><E74/><V53/><F53/><W123/><G123/><T95/><D127/><U10/><E64/><V46/><F46/><W37/><AGARI ba="0,2" hai="5,9,14,21,24,31,36,37,39,44,49,55,92,93" machi="37" ten="30,2000,0" yaku="1,1,0,1,53,0" doraHai="96" doraHaiUra="76" who="3" fromWho="3" sc="210,-5,330,-10,220,-5,220,40" /><INIT seed="2,0,0,4,4,94" ten="205,320,215,260" oya="2" hai0="56,85,3,9,63,36,29,81,125,35,92,127,130" hai1="122,64,131,53,30,104,20,40,110,111,38,8,79" hai2="51,80,120,69,11,48,77,121,93,47,133,83,105" hai3="118,15,14,113,17,91,86,6,26,123,68,66,112"/><V43/><F105/><W101/><G123/><T87/><D36/><U33/><E122/><V102/><F133/><W45/><G68/><T119/><D130/><U25/><E131/><V117/><F117/><W100/><G66/><T41/><D41/><U31/><E64/><V129/><F129/><W106/><G6/><T107/><D107/><U7/><E53/><V34/><F69/><W115/><G106/><T70/><D70/><U16/><E79/><V23/><F34/><W5/><G5/><T28/><D92/><U114/><E104/><V135/><F135/><W98/><G45/><T72/><D72/><U39/><E114/><V78/><F23/><N who="3" m="13679" /><G118/><T10/><D35/><U1/><E40/><V108/><F108/><N who="1" m="41513" /><E31/><V95/><F43/><W18/><G98/><T4/><D119/><U62/><E62/><V27/><F47/><W42/><G42/><T67/><D85/><U59/><E59/><V103/><F27/><AGARI ba="0,0" hai="1,7,8,16,20,25,27,30,33,38,39" m="41513" machi="27" ten="30,2000,0" yaku="14,1,54,1" doraHai="94" who="1" fromWho="2" sc="205,0,320,20,215,-20,260,0" /><INIT seed="3,0,0,0,5,124" ten="205,340,195,260" oya="3" hai0="119,25,24,46,95,17,135,112,85,3,52,134,87" hai1="48,13,94,80,70,54,15,76,110,63,56,20,50" hai2="133,40,89,30,47,127,60,122,88,68,0,14,81" hai3="2,84,53,12,73,5,117,105,59,113,38,132,99"/><W21/><G117/><T128/><D119/><U39/><E110/><V19/><F127/><W111/><G113/><T65/><D3/><U9/><E39/><V37/><F133/><N who="0" m="50698" /><D112/><U22/><E94/><V125/><F125/><W32/><G132/><T67/><D128/><U26/><E22/><V114/><F114/><W118/><G38/><T34/><D17/><U43/><E43/><V45/><F122/><W44/><G73/><T61/><D95/><U126/><E126/><V69/><F0/><W77/><G32/><T83/><D34/><U102/><E102/><V109/><F109/><W35/><G35/><T55/><D85/><U57/><E70/><V41/><F30/><W75/><G75/><T18/><D18/><U6/><E57/><V129/><F81/><W66/><G2/><T104/><D104/><U29/><REACH who="1" step="1"/><E15/><REACH who="1" ten="205,330,195,260" step="2"/><V106/><F37/><W64/><G111/><T10/><D46/><U31/><E31/><V1/><F14/><W79/><G44/><T93/><D93/><U121/><E121/><V86/><F1/><W71/><G71/><T101/><D101/><U7/><E7/><V103/><F103/><W98/><G105/><T8/><D83/><U123/><E123/><V28/><F106/><W82/><G118/><T92/><D92/><U27/><E27/><V62/><F28/><W96/><G21/><T91/><D25/><U23/><E23/><V49/><F19/><W100/><G100/><T51/><D24/><U131/><E131/><V115/><F129/><W78/><G5/><T16/><D87/><AGARI ba="0,1" hai="6,9,13,20,26,29,48,50,54,56,63,76,80,87" machi="87" ten="30,3900,0" yaku="1,1,7,1,8,1,53,0" doraHai="124" doraHaiUra="90" who="1" fromWho="0" sc="205,-39,330,49,195,0,260,0" /><INIT seed="4,0,0,5,2,17" ten="166,379,195,260" oya="0" hai0="77,9,52,106,74,54,32,22,44,43,134,20,41" hai1="130,6,99,58,116,5,13,31,126,125,132,133,7" hai2="40,19,80,65,82,60,123,73,29,120,14,59,110" hai3="83,53,88,55,38,24,135,12,30,69,105,122,115"/><T2/><D32/><U57/><E99/><V66/><F110/><W10/><G135/><N who="1" m="51786" /><E116/><V76/><F40/><W39/><G69/><T124/><D106/><U18/><E31/><V86/><F29/><W47/><G105/><T96/><D134/><U71/><E71/><V61/><F60/><W128/><G115/><T108/><D96/><U78/><E78/><V45/><F45/><W33/><G128/><T8/><D108/><U72/><E72/><V1/><F1/><W62/><G62/><T117/><D117/><U26/><E26/><V51/><F51/><W107/><G107/><T114/><D114/><U16/><E130/><V67/><F123/><W15/><G15/><T87/><D74/><U56/><E13/><V91/><REACH who="2" step="1"/><F120/><REACH who="2" ten="166,379,185,260" step="2"/><W101/><G122/><T49/><D43/><U4/><N who="1" m="1024" /><DORA hai="90" /><U68/><E68/><V118/><F118/><W23/><G47/><T131/><D2/><U97/><E97/><V112/><F112/><W119/><G119/><T36/><D131/><U42/><E42/><V111/><F111/><W75/><G30/><T34/><D36/><U27/><E27/><V79/><F79/><W0/><G24/><T92/><D77/><U89/><E89/><V109/><F109/><W121/><G88/><N who="0" m="53279" /><D34/><U50/><E50/><V129/><F129/><W113/><G121/><T37/><D37/><U94/><E94/><V85/><F85/><W98/><G113/><T100/><D41/><U48/><E48/><V21/><AGARI ba="0,1" hai="14,19,21,59,61,65,66,67,73,76,80,82,86,91" machi="21" ten="20,5200,0" yaku="1,1,0,1,7,1,52,1,53,0" doraHai="17,90" doraHaiUra="64,95" who="2" fromWho="2" sc="166,-26,379,-13,185,62,260,-13" /><INIT seed="5,0,0,4,4,64" ten="140,366,247,247" oya="1" hai0="26,14,49,89,124,40,44,133,112,98,9,132,80" hai1="93,116,118,34,39,25,3,35,50,128,83,30,60" hai2="55,52,115,130,70,71,61,22,91,134,82,127,110" hai3="120,1,102,5,117,69,62,43,78,28,24,67,45"/><U96/><E39/><V23/><F110/><W42/><G120/><T57/><D112/><U109/><E128/><V87/><F115/><W114/><G114/><T94/><D124/><U31/><E3/><V100/><F127/><W4/><G78/><T58/><D26/><U95/><E109/><V29/><F134/><W10/><G4/><T85/><D132/><U11/><E11/><V38/><F38/><W56/><G117/><T135/><D135/><U48/><E60/><V0/><F0/><W106/><G56/><T54/><D133/><U51/><E83/><V36/><F36/><W16/><G45/><T53/><D53/><U119/><E96/><V68/><F130/><W126/><G126/><T2/><D2/><U6/><E6/><V103/><F29/><W125/><G16/><T7/><REACH who="0" step="1"/><D54/><REACH who="0" ten="130,366,247,247" step="2"/><U121/><E121/><V27/><F55/><W37/><G125/><T75/><D75/><U101/><E101/><AGARI ba="0,1" hai="7,9,14,40,44,49,57,58,80,85,89,94,98,101" machi="101" ten="30,3900,0" yaku="1,1,7,1,8,1,53,0" doraHai="64" doraHaiUra="73" who="0" fromWho="1" sc="130,49,366,-39,247,0,247,0" /><INIT seed="6,0,0,1,3,95" ten="179,327,247,247" oya="2" hai0="45,47,73,48,101,68,91,20,72,34,84,121,62" hai1="59,61,76,13,80,10,130,14,111,98,41,23,70" hai2="113,88,116,26,103,67,65,55,94,82,22,0,71" hai3="49,85,92,93,69,110,56,132,99,112,96,15,28"/><V79/><F116/><W129/><G110/><T42/><D121/><U27/><E70/><V133/><F133/><W51/><G69/><T104/><D34/><U35/><E35/><V117/><F117/><W107/><G107/><T128/><D128/><U83/><E130/><V120/><F120/><W135/><G129/><T1/><D1/><U106/><E111/><V131/><F131/><W11/><G28/><T5/><D5/><U125/><E41/><V102/><F0/><W54/><G49/><T33/><D33/><U114/><E114/><V40/><F40/><W134/><G112/><T97/><D20/><U57/><E125/><V90/><F71/><W6/><G85/><T52/><D68/><U21/><E106/><V122/><F122/><W86/><G86/><T127/><D127/><U37/><E37/><V43/><F43/><W19/><REACH who="3" step="1"/><G6/><REACH who="3" ten="179,327,247,237" step="2"/><T3/><D62/><U77/><E61/><V74/><F113/><W4/><G4/><T123/><D123/><U124/><E124/><V16/><F94/><AGARI ba="0,1" hai="11,15,19,51,54,56,92,93,94,96,99,132,134,135" machi="94" ten="40,8000,1" yaku="1,1,20,1,52,2,53,0" doraHai="95" doraHaiUra="38" who="3" fromWho="2" sc="179,0,327,0,247,-80,237,90" /><INIT seed="7,0,0,3,2,15" ten="179,327,167,327" oya="3" hai0="21,38,104,16,108,131,32,87,132,76,50,116,33" hai1="93,19,95,119,79,25,109,47,23,107,56,18,39" hai2="99,78,51,24,65,82,90,42,133,117,102,41,5" hai3="105,80,57,128,45,92,110,121,54,30,106,20,55"/><W115/><G121/><T135/><D38/><U84/><E109/><V75/><F133/><N who="0" m="51274" /><D108/><U37/><E107/><V123/><F123/><W11/><G115/><T7/><D116/><U118/><E56/><V49/><F117/><N who="1" m="44553" /><E18/><V34/><F65/><W120/><G128/><T72/><D131/><U122/><E122/><V4/><F90/><W36/><G11/><T101/><D72/><U124/><E124/><V62/><F62/><W2/><G2/><T100/><D50/><U111/><E111/><V67/><F67/><W70/><G70/><T58/><D7/><U46/><E37/><V35/><F51/><W9/><G9/><T26/><D58/><U66/><E66/><V17/><F49/><W61/><G120/><T63/><D63/><U96/><E39/><V86/><F75/><W94/><G80/><N who="0" m="47495" /><D104/><U44/><E96/><V83/><F83/><AGARI ba="0,0" hai="19,23,25,44,46,47,79,83,84,93,95" m="44553" machi="83" ten="30,2000,0" yaku="12,1,52,1" doraHai="15" who="1" fromWho="2" sc="179,0,327,20,167,-20,327,0" owari="179,-22.1,347,44.7,147,-35.3,327,12.7" /></mjloggm>