<mjloggm ver="2.3"><GO type="169" lobby="0"/><UN n0="%48%69%62%69%6B%69" n1="%E3%81%A1%E3%82%87%E3%82%8A%E3%81%8A" n2="%E6%84%9B%E5%AA%9B%E7%9C%8C%E7%94%A3%E3%81%BF%E3%81%8B%E3%82%93" n3="%4B%61%74%65%31%39%39%39" dan="16,16,16,16" rate="2105.51,2116.01,2168.59,2119.64" sx="F,M,M,M"/><TAIKYOKU oya="0"/><INIT seed="0,0,0,1,3,24" ten="250,250,250,250" oya="0" hai0="91,95,73,4,5,42,114,54,36,99,6,108,100" hai1="56,63,71,85,132,59,96,127,112,102,51,49,48" hai2="109,67,121,53,88,117,26,17,44,83,31,87,14" hai3="76,66,7,12,8,131,98,37,107,72,27,123,101"/><T84/><D114/><U69/><E85/><V74/><F109/><W113/><G113/><T22/><D73/><U106/><E112/><V61/><F121/><W79/><G123/><T92/><D108/><U2/><E2/><V15/><F74/><W75/><G131/><T119/><D119/><U39/><E39/><V82/><F117/><W125/><G125/><T41/><D36/><U33/><E127/><V133/><F133/><W122/><G122/><T40/><D22/><U46/><E46/><V52/><F83/><W64/><G76/><T130/><REACH who="0" step="1"/><D54/><REACH who="0" ten="240,250,250,250" step="2"/><U89/><E132/><V47/><F53/><W20/><G37/><T0/><D0/><U50/><E33/><V18/><F52/><W19/><G72/><T126/><D126/><U30/><E51/><V60/><F60/><W90/><G75/><T104/><D104/><U120/><E120/><V134/><F134/><W3/><G79/><T21/><D21/><U43/><E50/><V38/><F38/><W62/><G90/><T94/><D94/><U111/><E89/><V115/><F115/><W68/><REACH who="3" step="1"/><G66/><REACH who="3" ten="240,250,250,240" step="2"/><T32/><D32/><U23/><E111/><V55/><F67/><W35/><G35/><T25/><D25/><AGARI ba="0,2" hai="3,7,8,12,19,20,25,27,62,64,68,98,101,107" machi="25" ten="40,2600,0" yaku="1,1,53,1" doraHai="24" doraHaiUra="10" who="3" fromWho="0" sc="240,-26,250,0,250,0,240,46" /><INIT seed="1,0,0,1,4,83" ten="214,250,250,286" oya="1" hai0="109,92,96,132,19,66,79,53,104,64,95,21,12" hai1="26,81,1,75,52,121,0,59,110,135,91,50,43" hai2="85,3,128,7,11,118,57,32,130,37,45,77,44" hai3="133,62,84,114,51,93,122,100,76,24,29,69,8"/><U115/><E121/><V106/><F118/><W60/><G114/><T107/><D109/><U89/><E115/><V99/><F32/><W54/><G122/><T73/><D132/><U17/><E110/><V103/><F57/><W112/><G112/><T5/><D73/><U16/><E135/><V102/><F102/><W113/><G113/><T34/><D79/><U61/><E1/><V67/><F67/><W123/><G123/><T41/><D41/><U129/><E0/><V78/><F45/><W58/><G133/><T65/><D34/><U63/><E75/><V25/><F25/><W72/><G69/><T48/><D5/><U36/><E36/><V82/><REACH who="2" step="1"/><F77/><REACH who="2" ten="214,250,240,286" step="2"/><W30/><G24/><T86/><D107/><U87/><E26/><V98/><F98/><W124/><G58/><N who="0" m="33063" /><D104/><U117/><E117/><V22/><F22/><W18/><G76/><T97/><D96/><U10/><E10/><V23/><F23/><W40/><G8/><T74/><D74/><U126/><E126/><V4/><F4/><W131/><G124/><T42/><D66/><U55/><E129/><V33/><F33/><W47/><G131/><T111/><D111/><U14/><E91/><V13/><F13/><W28/><G72/><T116/><D116/><U105/><E14/><V46/><F46/><W119/><G47/><T120/><D120/><U9/><E9/><V125/><F125/><W35/><G35/><T90/><D42/><AGARI ba="0,1" hai="3,7,11,37,42,44,78,82,85,99,103,106,128,130" machi="42" ten="40,2600,0" yaku="1,1,52,1,53,0" doraHai="83" doraHaiUra="15" who="2" fromWho="0" sc="214,-26,250,0,240,36,286,0" /><INIT seed="2,0,0,0,4,101" ten="188,250,276,286" oya="2" hai0="72,83,8,42,106,24,92,135,97,0,4,2,132" hai1="102,55,95,118,46,34,84,75,36,91,13,86,113" hai2="66,45,90,39,63,61,20,70,44,107,10,58,57" hai3="49,38,127,105,87,78,76,125,134,129,108,9,35"/><V21/><F70/><W28/><G38/><T126/><D126/><U7/><E34/><V18/><F107/><W117/><G117/><T130/><D130/><U62/><E75/><V96/><F10/><W5/><G108/><T56/><D56/><U37/><E118/><V131/><F131/><W120/><G129/><T103/><D24/><U99/><E113/><V32/><F32/><W15/><G120/><T25/><D25/><U128/><E84/><V41/><F44/><W30/><G134/><N who="0" m="51243" /><D42/><U93/><E128/><V100/><F90/><W82/><G35/><T51/><D51/><N who="1" m="29175" /><E37/><V50/><F18/><W29/><G76/><N who="0" m="44423" /><D92/><U111/><E111/><V65/><REACH who="2" step="1"/><F39/><REACH who="2" ten="188,250,266,286" step="2"/><W114/><G114/><T17/><D17/><U71/><E36/><V48/><F48/><W121/><G121/><T33/><D33/><U3/><E71/><V81/><F81/><W43/><REACH who="3" step="1"/><G105/><REACH who="3" ten="188,250,266,276" step="2"/><T12/><AGARI ba="0,2" hai="0,2,4,8,12,97,103,106" m="44423,51243" machi="12" ten="30,2000,0" yaku="20,1,52,1" doraHai="101" who="0" fromWho="0" sc="188,40,250,-5,266,-10,276,-5" /><INIT seed="3,0,0,2,5,85" ten="228,245,256,271" oya="3" hai0="40,25,134,93,68,96,74,26,124,71,89,14,73" hai1="86,105,91,133,8,48,79,10,17,12,42,67,66" hai2="23,35,126,54,127,52,3,6,37,120,75,128,98" hai3="56,129,95,106,51,108,90,77,2,115,22,11,0"/><W55/><G115/><T49/><D124/><N who="2" m="47658" /><F35/><W72/><G106/><T5/><D134/><U83/><E133/><V41/><F75/><W60/><G129/><T46/><D74/><U4/><E105/><V122/><F128/><W32/><G32/><T107/><D73/><U45/><REACH who="1" step="1"/><E79/><REACH who="1" ten="228,235,256,271" step="2"/><V16/><F122/><W19/><G108/><T123/><D107/><U104/><E104/><V31/><F120/><W9/><G77/><T59/><D123/><U117/><E117/><V64/><F31/><W119/><G72/><T92/><D68/><U44/><E44/><N who="2" m="23599" /><F64/><N who="3" m="38919" /><G119/><T7/><D71/><U82/><E82/><V70/><F70/><W62/><G0/><AGARI ba="0,1" hai="0,4,8,10,12,17,42,45,48,66,67,83,86,91" machi="0" ten="30,7700,0" yaku="1,1,7,1,52,1,53,1" doraHai="85" doraHaiUra="80" who="1" fromWho="3" sc="228,0,235,87,256,0,271,-77" /><INIT seed="4,0,0,1,3,39" ten="228,322,256,194" oya="0" hai0="21,130,114,45,48,84,16,125,91,53,106,86,75" hai1="116,7,60,76,63,25,128,36,70,72,49,10,50" hai2="15,51,54,111,46,57,4,2,11,133,58,18,98" hai3="62,79,69,101,112,17,81,105,123,95,83,117,118"/><T110/><D114/><U52/><E116/><V26/><F111/><W59/><G69/><T102/><D110/><U66/><E36/><V67/><F133/><W3/><G3/><T120/><D120/><U85/><E72/><V38/><F67/><W37/><G112/><T42/><D75/><U109/><E128/><V24/><F98/><W29/><G105/><T90/><D130/><U14/><E109/><V126/><F126/><W56/><G123/><T80/><D125/><U44/><E25/><V115/><F115/><W107/><G107/><T119/><D119/><U87/><E76/><V93/><F93/><W99/><G56/><T65/><D65/><U13/><E50/><V1/><F1/><W103/><G103/><T73/><D73/><U23/><E63/><V12/><F2/><W6/><G6/><T28/><D28/><U94/><E94/><V77/><F77/><W8/><G29/><T96/><D53/><U43/><E23/><V68/><F68/><W34/><G34/><T30/><D30/><U127/><E14/><V19/><F4/><W135/><G37/><T64/><D64/><U35/><E35/><V20/><REACH who="2" step="1"/><F58/><REACH who="2" ten="228,322,246,194" step="2"/><W124/><G135/><T108/><D108/><U22/><E127/><V33/><F33/><W113/><G124/><T78/><REACH who="0" step="1"/><D86/><REACH who="0" ten="218,322,246,194" step="2"/><U122/><E122/><V132/><F132/><W97/><G113/><T121/><D121/><U104/><E87/><V41/><AGARI ba="0,2" hai="11,12,15,18,19,20,24,26,38,41,46,51,54,57" machi="41" ten="30,4000,0" yaku="1,1,0,1,52,1,53,0" doraHai="39" doraHaiUra="134" who="2" fromWho="2" sc="218,-20,322,-10,246,60,194,-10" /><INIT seed="5,0,0,2,0,52" ten="198,312,306,184" oya="1" hai0="88,20,119,54,132,116,24,127,57,28,15,125,134" hai1="45,40,58,9,91,103,82,29,66,118,6,69,105" hai2="83,77,76,81,25,46,8,35,49,43,32,14,53" hai3="11,123,121,16,23,18,71,41,39,109,7,2,19"/><U21/><E118/><N who="0" m="45097" /><D88/><U61/><E105/><V95/><F95/><W80/><G71/><T47/><D47/><U55/><E103/><V120/><F120/><N who="3" m="46155" /><G41/><T1/><D1/><U86/><E29/><V135/><F135/><N who="0" m="51754" /><D15/><U130/><E130/><V108/><F43/><W75/><G39/><T48/><AGARI ba="0,0" hai="20,24,28,48,54,57,125,127" m="51754,45097" machi="48" ten="40,2700,0" yaku="20,1,52,1" doraHai="52" who="0" fromWho="0" sc="198,27,312,-13,306,-7,184,-7" /><INIT seed="6,0,0,3,2,43" ten="225,299,299,177" oya="2" hai0="102,125,79,88,56,104,26,86,46,74,77,114,73" hai1="1,129,52,2,78,55,134,14,124,89,75,116,37" hai2="21,98,101,121,7,31,30,27,76,69,59,23,122" hai3="36,117,93,58,111,96,63,51,39,34,100,66,127"/><V110/><F69/><W92/><G111/><T49/><D114/><U123/><E116/><V28/><F110/><W83/><G117/><T133/><D56/><U106/><E106/><V41/><F7/><W20/><G34/><T132/><D26/><U119/><E119/><V131/><F131/><W94/><G127/><T57/><D57/><U126/><E37/><V5/><F76/><N who="0" m="29258" /><D46/><U85/><E129/><V19/><F5/><W44/><G83/><N who="0" m="49247" /><D49/><U38/><E38/><V32/><F32/><W35/><G35/><T99/><D125/><N who="1" m="48235" /><E78/><V120/><F41/><W62/><G39/><T17/><D17/><U10/><E75/><AGARI ba="0,0" hai="73,74,75,99,102,104,132,133" m="49247,29258" machi="75" ten="30,3900,0" yaku="34,2,54,1" doraHai="43" who="0" fromWho="1" sc="225,39,299,-39,299,0,177,0" /><INIT seed="7,0,0,1,3,119" ten="264,260,299,177" oya="3" hai0="0,20,19,99,135,91,40,68,76,111,23,18,65" hai1="25,107,37,72,131,130,41,87,102,96,21,42,106" hai2="53,108,86,82,74,26,43,117,114,103,93,60,58" hai3="67,4,11,110,56,1,38,9,125,12,54,24,50"/><W39/><G125/><T94/><D111/><U14/><E72/><V71/><F108/><W134/><G134/><T3/><D135/><U126/><E107/><V123/><F117/><W28/><G110/><T116/><D116/><U52/><E14/><V129/><F123/><W63/><G11/><T104/><D104/><U22/><E22/><V73/><F71/><W105/><G105/><T35/><D35/><U77/><E126/><V79/><F43/><W33/><REACH who="3" step="1"/><G1/><REACH who="3" ten="264,260,299,167" step="2"/><T32/><D0/><U113/><E113/><V8/><F8/><W128/><G128/><T30/><D3/><U66/><E131/><V92/><F129/><W5/><G5/><T90/><D30/><U101/><E130/><V31/><F114/><W127/><G127/><T83/><D18/><U97/><E37/><V6/><F6/><W124/><G124/><T45/><D19/><U112/><E112/><V84/><F31/><W36/><G36/><T132/><D132/><U10/><E10/><V47/><F74/><W16/><G16/><T17/><D17/><U115/><E115/><V75/><F75/><W78/><G78/><T61/><D76/><U27/><E77/><V133/><F133/><W62/><G62/><T15/><D61/><U7/><E106/><V122/><F73/><W70/><AGARI ba="0,1" hai="4,9,12,24,28,33,38,39,50,54,56,63,67,70" machi="70" ten="20,3900,0" yaku="1,1,0,1,7,1,53,0" doraHai="119" doraHaiUra="109" who="3" fromWho="3" sc="264,-13,260,-13,299,-13,167,49" /><INIT seed="7,1,0,5,4,45" ten="251,247,286,216" oya="3" hai0="41,37,21,43,13,102,99,27,20,89,79,40,2" hai1="132,35,31,119,25,86,18,96,104,23,59,66,29" hai2="85,95,11,118,93,134,64,15,117,17,107,46,32" hai3="39,12,94,42,6,63,90,75,76,115,125,122,54"/><W26/><G122/><T10/><D2/><U7/><E7/><V135/><F107/><W88/><G115/><T84/><D37/><U49/><E132/><N who="2" m="50731" /><F32/><W61/><G125/><T110/><D79/><U108/><E108/><V51/><F64/><W113/><G113/><T14/><D110/><U70/><E70/><V60/><F60/><W105/><G105/><T5/><D14/><U71/><E71/><V24/><F24/><W127/><G127/><T91/><D84/><U129/><E129/><V30/><F30/><N who="1" m="11273" /><E35/><V28/><F28/><W57/><G26/><T47/><D27/><U67/><E104/><V78/><F78/><W3/><G3/><T72/><D72/><U109/><E109/><V1/><F1/><W8/><G63/><T133/><D133/><U124/><E119/><N who="2" m="45579" /><F85/><W9/><G9/><T53/><D21/><U123/><E123/><V131/><F131/><W80/><REACH who="3" step="1"/><G94/><REACH who="3" ten="251,247,286,206" step="2"/><N who="0" m="58743" /><D20/><U22/><E124/><V19/><F95/><W50/><G50/><AGARI ba="1,1" hai="5,10,13,40,41,43,47,50,53,89,91" m="58743" machi="50" ten="30,2000,0" yaku="8,1,52,1" doraHai="45" who="0" fromWho="3" sc="251,33,247,0,286,0,206,-23" /><INIT seed="8,0,0,5,5,32" ten="284,247,286,183" oya="0" hai0="46,104,67,56,6,33,14,86,74,131,53,83,93" hai1="89,42,7,106,124,11,20,19,120,76,102,77,62" hai2="68,18,122,50,13,17,79,94,73,23,34,123,30" hai3="135,8,71,97,84,55,113,5,105,47,24,27,119"/><T54/><D104/><U28/><E120/><V2/><F68/><W51/><G119/><T128/><D33/><U101/><E28/><V60/><F60/><W63/><G113/><T22/><D74/><U45/><E124/><V108/><F108/><W110/><G110/><T107/><D107/><U15/><E62/><V133/><F94/><W70/><G135/><T31/><D67/><U4/><E4/><V134/><F50/><W117/><G117/><T3/><D93/><U111/><E89/><V59/><F59/><W115/><G115/><T127/><D46/><U37/><E111/><V61/><F61/><W57/><G84/><T44/><D44/><U80/><E106/><V35/><F79/><W21/><G97/><T112/><D127/><U75/><REACH who="1" step="1"/><E76/><REACH who="1" ten="284,237,286,183" step="2"/><V95/><F30/><W39/><G105/><T98/><D112/><U78/><E78/><V90/><F90/><W48/><G39/><T29/><D31/><U40/><E40/><V132/><F123/><W129/><G129/><N who="0" m="49739" /><D29/><U65/><E65/><V12/><F122/><W96/><G96/><T82/><D98/><U118/><E118/><V72/><F35/><W69/><G21/><T85/><D54/><U99/><E99/><V26/><F34/><W103/><G103/><T64/><D64/><U10/><E10/><N who="2" m="6295" /><F134/><W91/><G91/><T92/><D92/><U36/><E36/><V121/><F121/><W52/><REACH who="3" step="1"/><G63/><REACH who="3" ten="284,237,286,173" step="2"/><N who="0" m="36239" /><D86/><U125/><E125/><V49/><F133/><W126/><G126/><T0/><D85/><U87/><E87/><V58/><F132/><W41/><G41/><T25/><D22/><RYUUKYOKU ba="0,2" sc="284,-15,237,15,286,-15,173,15" hai1="7,11,15,19,20,37,42,45,75,77,80,101,102" hai3="5,8,24,27,47,48,51,52,55,57,69,70,71" /><INIT seed="9,1,2,3,0,57" ten="269,252,271,188" oya="1" hai0="24,37,39,54,99,17,23,43,8,67,11,101,65" hai1="45,124,80,59,78,31,133,106,94,72,104,82,12" hai2="29,27,120,55,33,110,9,88,97,18,74,116,119" hai3="131,5,19,15,58,114,105,132,93,118,61,134,135"/><U26/><E133/><V115/><F110/><W62/><G105/><T51/><D39/><U53/><E124/><V56/><F74/><W117/><G114/><T96/><D37/><U83/><E45/><V121/><F115/><W32/><G131/><T85/><D85/><U41/><E41/><V112/><F112/><W98/><G5/><T64/><D43/><U34/><E12/><N who="2" m="7439" /><F88/><N who="3" m="55591" /><G32/><T10/><D101/><U103/><E94/><V28/><F28/><W77/><G77/><T2/><D2/><U84/><E103/><V52/><F55/><N who="3" m="34015" /><G62/><T126/><D126/><U14/><E14/><V70/><F70/><W122/><G122/><T71/><D71/><U76/><E82/><V63/><F97/><W125/><G125/><T68/><D68/><U87/><E72/><V4/><F4/><W107/><G107/><T21/><D99/><U47/><E47/><V73/><F73/><W1/><G1/><T92/><D96/><U113/><E113/><V127/><F127/><W109/><G109/><T42/><D65/><U30/><E30/><V0/><F0/><W25/><G25/><N who="0" m="14511" /><D67/><U108/><E108/><V60/><F60/><AGARI ba="1,2" hai="26,31,34,53,59,60,76,78,80,83,84,87,104,106" machi="60" ten="30,5800,0" yaku="7,1,9,1,52,1" doraHai="57" who="1" fromWho="2" sc="269,0,252,81,271,-61,188,0" owari="269,6.9,333,43.3,210,-19.0,188,-31.2" /></mjloggm>