<mjloggm ver="2.3"><GO type="169" lobby="0"/><UN n0="%E3%81%86%E3%81%A1%E3%83%BC" n1="%4D%4A%E6%9C%80%E5%BC%B7%E4%BD%8D" n2="%E7%99%BD%E3%81%AE%E7%A9%BA" n3="%E6%A1%9C%E5%B0%8F%E8%B7%AF%E6%89%8D%E8%8F%AF" dan="16,17,17,16" rate="2153.50,2219.61,2165.08,2174.60" sx="M,M,M,M"/><TAIKYOKU oya="0"/><INIT seed="0,0,0,5,4,127" ten="250,250,250,250" oya="0" hai0="36,130,50,26,124,68,89,3,87,115,34,23,42" hai1="48,53,76,18,31,56,12,2,20,93,134,66,21" hai2="100,121,135,27,129,70,120,57,43,58,10,85,38" hai3="33,102,109,99,25,60,128,110,113,83,90,24,55"/><T108/><D34/><U71/><E2/><V91/><F70/><W112/><G83/><T75/><D75/><U54/><E76/><V106/><F135/><W1/><G1/><T22/><D36/><U131/><E134/><V9/><F27/><W78/><G78/><T80/><D115/><U61/><E31/><V82/><F100/><W4/><G4/><T104/><D104/><U103/><E53/><V14/><F106/><W37/><G37/><T86/><D68/><U97/><REACH who="1" step="1"/><E21/><REACH who="1" ten="250,240,250,250" step="2"/><V7/><F121/><W11/><G55/><T84/><D3/><U51/><E51/><V64/><F120/><W92/><G112/><T74/><D22/><U119/><E119/><V45/><F64/><W30/><G113/><T132/><D132/><U32/><E32/><V67/><F67/><W96/><G33/><T107/><D50/><U79/><E79/><V35/><F35/><W125/><G30/><T0/><D0/><U6/><E6/><V40/><F10/><W118/><G11/><T88/><D74/><U46/><E46/><V28/><F28/><W133/><G133/><T15/><D23/><U69/><E69/><V13/><F43/><W81/><G118/><T62/><D42/><U111/><E111/><V44/><F44/><W122/><G110/><T41/><D41/><U17/><E17/><V16/><F7/><W5/><G109/><T49/><D49/><U105/><E105/><V73/><F73/><W52/><G5/><T39/><D107/><U114/><E114/><V19/><F9/><W98/><G122/><T94/><D108/><U116/><E116/><RYUUKYOKU ba="0,1" sc="250,-10,240,30,250,-10,250,-10" hai1="12,18,20,48,54,56,61,66,71,93,97,103,131" /><INIT seed="1,1,1,1,0,103" ten="240,270,240,240" oya="1" hai0="69,107,32,54,44,112,57,17,56,19,8,29,75" hai1="82,89,42,60,132,94,14,110,115,45,104,71,119" hai2="96,64,106,15,7,66,65,127,50,1,88,84,105" hai3="34,101,22,73,6,99,124,39,108,35,48,109,38"/><U123/><E104/><V134/><F1/><W90/><G73/><T36/><D69/><U70/><E115/><V77/><F134/><W81/><G124/><T25/><D75/><U13/><E119/><V11/><F127/><W52/><G6/><T33/><D33/><N who="3" m="12297" /><G22/><T131/><D131/><U92/><E123/><V9/><F9/><W87/><G99/><T102/><D56/><U129/><E132/><V18/><F7/><W12/><G12/><T130/><D8/><U27/><E129/><V40/><F77/><W117/><G101/><T125/><D125/><U53/><E82/><V21/><F96/><W37/><G37/><T126/><D126/><U43/><E27/><V116/><F116/><W62/><G62/><T61/><D112/><U118/><E118/><V85/><F85/><W133/><G133/><T20/><D20/><U46/><E89/><V72/><F72/><W120/><G120/><T23/><D23/><U74/><E74/><V121/><F21/><W95/><G81/><T63/><D63/><U41/><E60/><V5/><F5/><W135/><G135/><T122/><D122/><U49/><E42/><V111/><F121/><W93/><G93/><T76/><D76/><U67/><E49/><V16/><F18/><W58/><G117/><T28/><D28/><U79/><E79/><V98/><F98/><W78/><G78/><T4/><D4/><U100/><E100/><V128/><F128/><W24/><G24/><T91/><D91/><U68/><E70/><V83/><F111/><N who="3" m="42571" /><G39/><T0/><D130/><U51/><E110/><V80/><F80/><RYUUKYOKU ba="1,1" sc="240,-15,270,-15,240,15,240,15" hai2="11,15,16,40,50,64,65,66,83,84,88,105,106" hai3="38,48,52,58,87,90,95" /><INIT seed="2,2,1,2,0,32" ten="225,255,255,255" oya="2" hai0="88,91,42,103,63,130,19,1,52,11,69,36,107" hai1="62,76,41,99,75,3,45,93,44,109,58,49,80" hai2="66,65,15,119,83,128,29,24,133,17,6,129,13" hai3="114,18,56,92,8,81,55,95,127,4,113,108,28"/><V78/><F119/><W134/><G108/><T85/><D36/><U126/><E109/><V25/><F133/><W96/><G134/><T20/><D42/><U12/><E12/><V100/><F100/><W77/><G28/><T61/><D61/><U106/><E45/><V26/><F29/><W7/><G18/><T121/><D121/><U98/><E106/><V72/><F6/><W122/><G122/><T132/><D132/><U131/><E126/><V37/><F37/><W48/><G127/><T33/><D33/><U84/><E131/><N who="2" m="50251" /><F13/><N who="3" m="5255" /><G96/><T38/><D38/><U34/><E34/><V47/><F47/><W102/><G102/><T46/><D130/><U68/><E68/><V53/><F53/><W35/><G7/><T111/><D111/><U30/><E30/><V64/><F15/><W67/><G67/><N who="2" m="17153" /><V14/><DORA hai="117" /><F14/><W23/><G23/><AGARI ba="2,1" hai="17,23,24,25,26,72,78,83" m="17153,50251" machi="23" ten="40,2000,0" yaku="19,1" doraHai="32,117" who="2" fromWho="3" sc="225,0,255,0,255,36,255,-26" /><INIT seed="2,3,0,0,5,119" ten="225,255,291,229" oya="2" hai0="2,29,97,55,111,37,75,85,62,120,51,84,82" hai1="54,98,103,116,10,18,115,31,95,21,8,113,38" hai2="124,30,128,129,114,73,68,47,26,23,90,133,28" hai3="109,53,63,27,44,93,127,61,20,17,24,6,64"/><V81/><F114/><W1/><G109/><T45/><D111/><U0/><E38/><V40/><F68/><W5/><G127/><T65/><D2/><U89/><E116/><V35/><F124/><W36/><G1/><T122/><D29/><U88/><E31/><V74/><F133/><W105/><G105/><T125/><D125/><U56/><E113/><V48/><F30/><W25/><G93/><T92/><D37/><U96/><E115/><V132/><F132/><W34/><G34/><T91/><D84/><U33/><E33/><V126/><F126/><W102/><G102/><T108/><D75/><U104/><E89/><V118/><F118/><W4/><G36/><T110/><D108/><U83/><E83/><V57/><F35/><W78/><G78/><T80/><D80/><U77/><E77/><V22/><F57/><N who="3" m="36975" /><G61/><T14/><D14/><U121/><E121/><V58/><F58/><W41/><G41/><T134/><D134/><U106/><E106/><V100/><F22/><W9/><G9/><T15/><D15/><U59/><E59/><V13/><F100/><W70/><G70/><T112/><D112/><U71/><E71/><V43/><F13/><W66/><G66/><T60/><D60/><N who="1" m="35863" /><E0/><V46/><F81/><W52/><G44/><T86/><D110/><U11/><E11/><V67/><F67/><W16/><G20/><T99/><D99/><U135/><E135/><V76/><F76/><W69/><G69/><N who="0" m="42167" /><D86/><U19/><E19/><AGARI ba="3,0" hai="4,5,6,16,17,19,24,25,27,52,53" m="36975" machi="19" ten="30,3900,0" yaku="8,1,54,2" doraHai="119" who="3" fromWho="1" sc="225,0,255,-48,291,0,229,48" /><INIT seed="3,0,0,3,5,93" ten="225,207,291,277" oya="3" hai0="60,0,43,44,71,110,79,123,109,89,14,6,7" hai1="29,77,19,25,70,52,26,53,88,92,50,2,117" hai2="32,126,101,94,99,28,40,1,9,47,10,80,55" hai3="86,81,85,128,87,27,132,64,76,98,130,20,51"/><W8/><G132/><T96/><D0/><U30/><E70/><V39/><F126/><W121/><G121/><T67/><D123/><U125/><E2/><V5/><F9/><W17/><G64/><T12/><D79/><U59/><E117/><V15/><F55/><W127/><G127/><T69/><D69/><U68/><E68/><V34/><F28/><N who="1" m="10857" /><E77/><V24/><F24/><W111/><G111/><N who="0" m="42507" /><D89/><U134/><E134/><V116/><F116/><W100/><G51/><N who="0" m="27039" /><D96/><N who="1" m="57351" /><E125/><V82/><REACH who="2" step="1"/><F1/><REACH who="2" ten="225,207,281,277" step="2"/><W103/><G8/><T46/><D6/><U108/><E108/><V91/><F91/><W22/><G22/><T57/><D7/><U54/><E25/><V122/><F122/><W124/><G124/><T131/><D131/><N who="3" m="50217" /><G103/><T21/><D71/><U42/><E42/><V13/><F13/><W112/><G112/><T4/><D4/><U36/><E36/><V129/><F129/><W41/><G41/><T16/><D12/><U63/><E50/><V38/><F38/><W118/><G118/><T78/><D78/><U120/><E120/><V114/><F114/><W119/><G119/><T105/><D46/><U84/><E84/><V75/><F75/><W90/><G90/><T23/><D23/><AGARI ba="0,1" hai="19,23,26,52,53,54,59,63" m="57351,10857" machi="23" ten="30,8000,1" yaku="25,1,8,1,52,1,54,2" doraHai="93" who="1" fromWho="0" sc="225,-80,207,90,281,0,277,0" /><INIT seed="4,0,0,3,3,33" ten="145,297,281,277" oya="0" hai0="87,29,58,37,47,7,97,102,65,43,5,32,46" hai1="85,122,94,91,25,76,31,28,96,0,73,84,128" hai2="8,114,133,109,101,38,16,88,55,3,48,35,71" hai3="39,17,53,52,81,34,107,132,69,70,11,116,119"/><T80/><D29/><U42/><E122/><V99/><F109/><W89/><G34/><T50/><D32/><U92/><E128/><V24/><F38/><W13/><G107/><T57/><D65/><U86/><E42/><V125/><F114/><W95/><G39/><T40/><D5/><U106/><E31/><V127/><F71/><W77/><G132/><T66/><D66/><U64/><E0/><V104/><F133/><W115/><G115/><T23/><D23/><U41/><E41/><V117/><F117/><W121/><G121/><T78/><REACH who="0" step="1"/><D7/><REACH who="0" ten="135,297,281,277" step="2"/><U6/><E6/><V72/><F35/><W49/><G119/><T45/><D45/><U62/><E28/><V18/><F18/><W130/><G116/><T124/><D124/><U118/><E118/><V98/><F125/><W22/><G22/><T15/><D15/><U44/><E44/><V111/><F127/><W110/><G110/><T74/><D74/><U67/><E67/><V4/><F72/><W14/><G14/><T2/><D2/><U112/><E112/><V68/><F111/><W83/><G13/><T51/><D51/><U82/><E25/><V56/><F24/><W54/><G49/><T30/><D30/><U123/><E123/><V93/><F16/><W27/><G27/><T10/><D10/><U63/><E63/><V131/><REACH who="2" step="1"/><F68/><REACH who="2" ten="135,297,271,277" step="2"/><W75/><G69/><T79/><D79/><U21/><E21/><V100/><F100/><W12/><G70/><T19/><D19/><U103/><E73/><V1/><F1/><W113/><G75/><T105/><AGARI ba="0,2" hai="37,40,43,46,47,50,57,58,78,80,87,97,102,105" machi="105" ten="20,3900,0" yaku="1,1,0,1,7,1,53,0" doraHai="33" doraHaiUra="120" who="0" fromWho="0" sc="135,59,297,-13,271,-13,277,-13" /><INIT seed="4,1,0,3,3,30" ten="194,284,258,264" oya="0" hai0="37,73,32,12,131,129,25,90,4,114,110,22,0" hai1="66,61,76,5,1,55,78,8,38,77,57,96,44" hai2="115,11,17,74,121,125,29,41,124,119,54,112,108" hai3="128,33,107,132,2,52,35,84,60,106,62,71,16"/><T81/><D37/><U91/><E38/><V15/><F74/><W53/><G2/><T88/><D114/><N who="2" m="43562" /><F41/><W31/><G128/><N who="0" m="49227" /><D110/><U48/><E91/><N who="0" m="34857" /><D0/><U59/><REACH who="1" step="1"/><E96/><REACH who="1" ten="194,274,258,264" step="2"/><V42/><F108/><W87/><G132/><T127/><D127/><U109/><E109/><V102/><F124/><W83/><G83/><T40/><D40/><U21/><E21/><V64/><F42/><W95/><G106/><T89/><D22/><U13/><E13/><V94/><F15/><W100/><G107/><T86/><D73/><U123/><E123/><V36/><F121/><W126/><G126/><T28/><D12/><U7/><E7/><AGARI ba="1,1" hai="4,7,25,28,32,81,86,89" m="34857,49227" machi="7" ten="30,5800,0" yaku="19,1,52,1,54,1" doraHai="30" who="0" fromWho="1" sc="194,71,274,-61,258,0,264,0" /><INIT seed="4,2,0,1,3,133" ten="265,213,258,264" oya="0" hai0="63,83,78,107,2,67,61,124,122,38,81,129,46" hai1="100,120,97,17,10,135,113,72,114,76,126,132,47" hai2="34,64,92,73,55,5,115,134,12,80,103,112,57" hai3="102,93,95,52,106,23,31,87,4,68,84,32,41"/><T36/><D122/><U65/><E65/><V130/><F134/><N who="1" m="51241" /><E120/><V111/><F111/><W26/><G68/><T96/><D2/><U39/><E17/><V128/><F34/><W45/><G106/><T8/><D124/><U70/><E10/><N who="2" m="4175" /><F64/><W66/><G66/><T75/><D129/><N who="2" m="49770" /><F73/><W104/><G104/><T101/><D81/><N who="1" m="45191" /><E70/><V54/><F80/><W109/><G109/><T53/><D8/><U59/><E59/><V86/><F55/><W18/><G4/><T6/><D6/><U40/><E126/><V127/><F127/><W89/><G52/><T90/><D63/><U29/><E29/><V28/><F28/><W82/><G31/><T98/><D53/><U77/><E77/><V110/><F110/><W91/><G32/><T99/><D46/><U9/><E9/><V42/><F42/><W94/><REACH who="3" step="1"/><G102/><REACH who="3" ten="265,213,258,254" step="2"/><T21/><D101/><U13/><E100/><V48/><F103/><W30/><G30/><T50/><D107/><U16/><E97/><V108/><F108/><W123/><G123/><T88/><D67/><U74/><E74/><V24/><F54/><W19/><G19/><T43/><D61/><U37/><E113/><V79/><F112/><W22/><G22/><T58/><D21/><N who="1" m="11407" /><E114/><V49/><F115/><W1/><G1/><T121/><D121/><U44/><E44/><V118/><F57/><W131/><G131/><T15/><D58/><U56/><E56/><V85/><F24/><W71/><G71/><T25/><D25/><U119/><E119/><V33/><F118/><W3/><G3/><T27/><D27/><U7/><E7/><RYUUKYOKU ba="2,1" sc="265,-15,213,15,258,-15,254,15" hai1="37,39,40,47" hai3="18,23,26,41,45,82,84,87,89,91,93,94,95" /><INIT seed="5,3,1,1,4,92" ten="250,228,243,269" oya="1" hai0="36,82,104,74,45,42,83,122,90,128,1,119,111" hai1="126,51,103,134,27,75,44,85,54,113,94,114,73" hai2="76,48,110,132,23,61,106,53,78,130,39,71,91" hai3="18,80,34,118,65,64,129,99,20,87,47,121,16"/><U12/><E134/><V10/><F39/><W5/><G121/><T9/><D111/><U133/><E133/><V58/><F110/><W32/><G129/><T72/><D128/><U88/><E126/><V67/><F130/><W70/><G118/><T59/><D119/><U35/><E12/><V52/><F132/><W2/><G47/><T60/><D104/><U120/><E120/><V101/><F91/><W33/><G18/><T89/><D83/><U3/><E3/><V95/><F106/><W135/><G70/><T68/><D68/><U66/><E66/><V7/><F23/><W21/><G21/><T125/><D125/><U62/><E62/><V8/><F53/><W100/><G5/><N who="0" m="1199" /><D74/><U41/><E103/><V40/><F40/><W28/><G28/><T109/><D109/><U81/><E41/><V24/><F24/><W63/><G63/><T77/><D122/><U0/><E0/><V29/><F29/><W116/><G2/><T43/><D43/><U4/><E4/><V127/><F127/><W56/><G56/><T79/><D79/><N who="2" m="30250" /><F7/><W50/><G116/><T6/><D6/><U49/><E49/><V37/><F37/><W26/><G50/><T97/><D59/><U55/><E54/><V102/><F102/><W123/><G123/><T57/><D57/><U22/><E35/><V31/><F31/><W38/><G38/><T105/><D60/><U13/><E27/><V84/><F101/><AGARI ba="3,1" hai="36,42,45,72,77,82,89,90,97,101,105" m="1199" machi="101" ten="30,2000,0" yaku="25,1,52,1" doraHai="92" who="0" fromWho="2" sc="250,39,228,0,243,-29,269,0" /><INIT seed="6,0,0,4,2,82" ten="289,228,214,269" oya="2" hai0="42,104,79,13,24,26,116,134,93,66,16,108,88" hai1="97,99,12,101,95,19,92,85,38,67,20,100,37" hai2="44,53,49,30,74,96,94,56,41,69,119,98,90" hai3="125,47,129,78,2,59,31,25,121,105,60,71,124"/><V6/><F119/><W27/><G121/><T83/><D104/><U10/><E67/><V46/><F74/><W126/><G129/><T87/><D116/><U34/><E34/><V109/><F109/><W29/><G105/><T48/><D66/><U17/><REACH who="1" step="1"/><E85/><REACH who="1" ten="289,218,214,269" step="2"/><N who="2" m="52559" /><F69/><W120/><G71/><T113/><D108/><U54/><E54/><V75/><F75/><W65/><G65/><T50/><D134/><U70/><E70/><V117/><F117/><W8/><G124/><T84/><D113/><U39/><E39/><V68/><F68/><W23/><G125/><T5/><D42/><U22/><E22/><V123/><F123/><W58/><G23/><N who="0" m="11663" /><D5/><U102/><E102/><V3/><F6/><W57/><G120/><T111/><D111/><U18/><E18/><V127/><F127/><W73/><G126/><T15/><D15/><AGARI ba="0,1" hai="10,12,15,17,19,20,37,38,92,95,97,99,100,101" machi="15" ten="30,3900,0" yaku="1,1,7,1,9,1,53,0" doraHai="82" doraHaiUra="86" who="1" fromWho="0" sc="289,-39,218,49,214,0,269,0" /><INIT seed="7,0,0,0,5,113" ten="250,267,214,269" oya="3" hai0="24,104,12,6,117,3,99,102,1,72,75,13,16" hai1="106,73,67,15,37,121,38,21,33,17,91,18,110" hai2="83,19,46,23,80,28,70,124,42,53,125,43,51" hai3="39,90,54,20,127,82,61,74,97,0,135,26,76"/><W131/><G39/><T29/><D117/><U66/><E33/><V92/><F70/><W134/><G0/><T119/><D119/><U88/><E73/><V89/><F28/><W68/><G131/><T103/><D103/><U114/><E106/><V100/><F100/><W112/><G112/><T132/><D132/><N who="3" m="50729" /><G127/><N who="2" m="48713" /><F83/><W55/><G97/><T49/><D49/><U71/><E114/><V45/><F80/><W8/><G8/><N who="0" m="2127" /><D13/><U128/><E128/><V62/><F62/><W58/><G90/><T30/><D30/><U79/><E79/><V56/><F46/><W96/><G96/><T122/><D122/><U111/><E15/><N who="2" m="9727" /><F45/><W48/><G68/><T126/><D3/><U22/><REACH who="1" step="1"/><E71/><REACH who="1" ten="250,257,214,269" step="2"/><V63/><F63/><W10/><G10/><T115/><D126/><U25/><E25/><V59/><F59/><N who="3" m="33223" /><G26/><T35/><D115/><U94/><E94/><V34/><F34/><W107/><G107/><T120/><D120/><AGARI ba="0,1" hai="17,18,21,22,37,38,66,67,88,91,110,111,120,121" machi="120" ten="25,12000,2" yaku="1,1,22,2,54,1,53,2" doraHai="113" doraHaiUra="85" who="1" fromWho="0" sc="250,-120,257,130,214,0,269,0" owari="130,-37.0,387,48.7,214,-18.6,269,6.9" /></mjloggm>