<mjloggm ver="2.3"><GO type="169" lobby="0"/><UN n0="%42%41%52%34" n1="%E5%B1%B1%E6%9C%AC%E6%83%A3%E4%B8%80%E6%9C%97" n2="%E3%81%97%E3%81%BE%E3%81%A0%E3%81%BE%32" n3="%61%73%61%64%61%31%32" dan="16,16,16,17" rate="2138.45,2140.62,2128.13,2178.77" sx="M,M,M,M"/><TAIKYOKU oya="0"/><INIT seed="0,0,0,5,0,123" ten="250,250,250,250" oya="0" hai0="30,85,68,82,64,132,88,2,101,108,4,129,74" hai1="72,59,118,91,135,69,95,107,102,43,16,98,55" hai2="133,126,27,117,76,44,79,0,41,87,66,65,92" hai3="9,38,104,3,112,86,15,52,25,122,61,33,24"/><T111/><D129/><U58/><E135/><V47/><F117/><W11/><G104/><T40/><D132/><U50/><E69/><V22/><F0/><W124/><G38/><T5/><D101/><U81/><E118/><V113/><F126/><W77/><G33/><T39/><D30/><U37/><E37/><V23/><F133/><W67/><G3/><T12/><D2/><U116/><E116/><V21/><F27/><W54/><G112/><T120/><D120/><U49/><E72/><V42/><F92/><W80/><G9/><T45/><D74/><U57/><E81/><V106/><F87/><W119/><G119/><T34/><D34/><U115/><E115/><V75/><F75/><W6/><G124/><T26/><D26/><N who="3" m="10345" /><G122/><T10/><REACH who="0" step="1"/><D4/><REACH who="0" ten="240,250,250,250" step="2"/><U131/><E131/><V99/><F113/><W1/><G1/><T94/><D94/><U53/><E16/><V71/><F106/><W130/><G130/><T93/><D93/><U134/><E134/><V89/><F71/><W48/><G6/><T7/><D7/><U70/><E70/><V8/><F41/><W62/><G15/><T29/><D29/><U84/><REACH who="1" step="1"/><E43/><REACH who="1" ten="240,240,250,250" step="2"/><V19/><F42/><W31/><G31/><T127/><D127/><U32/><E32/><V36/><F19/><W128/><G128/><T97/><D97/><U125/><E125/><V60/><F99/><W20/><G80/><T105/><D105/><U56/><AGARI ba="0,2" hai="49,50,53,55,56,57,58,59,84,91,95,98,102,107" machi="56" ten="20,5200,0" yaku="1,1,0,1,7,1,9,1,53,0" doraHai="123" doraHaiUra="35" who="1" fromWho="1" sc="240,-26,240,72,250,-13,250,-13" /><INIT seed="1,0,0,5,2,105" ten="214,312,237,237" oya="1" hai0="36,40,72,48,61,97,16,21,113,67,56,58,111" hai1="20,135,83,41,24,43,54,63,66,121,118,19,73" hai2="38,112,8,99,13,7,114,44,133,60,127,10,0" hai3="59,123,96,122,104,62,22,94,75,91,33,2,47"/><U50/><E118/><V87/><F87/><W57/><G33/><T30/><D111/><U110/><E121/><V93/><F127/><W106/><G2/><T100/><D113/><U74/><E135/><V128/><F133/><W132/><G132/><T120/><D120/><U68/><E110/><V14/><F128/><W107/><G47/><T116/><D36/><U46/><REACH who="1" step="1"/><E83/><REACH who="1" ten="214,302,237,237" step="2"/><V23/><F114/><W18/><G122/><T88/><D116/><U77/><E77/><V103/><F112/><W17/><G123/><T85/><D30/><U79/><E79/><V78/><F78/><W15/><G106/><T125/><D125/><U53/><E53/><V9/><F0/><W131/><G104/><T32/><D40/><AGARI ba="0,1" hai="19,20,24,40,41,43,46,50,54,63,66,68,73,74" machi="40" ten="40,7700,0" yaku="1,1,52,2,53,0" doraHai="105" doraHaiUra="109" who="1" fromWho="0" sc="214,-77,302,87,237,0,237,0" /><INIT seed="1,1,0,5,0,53" ten="137,389,237,237" oya="1" hai0="40,128,77,94,2,130,36,58,1,9,62,39,104" hai1="89,107,110,124,127,82,51,81,109,17,47,18,112" hai2="54,73,105,121,28,6,113,120,14,98,117,15,101" hai3="25,74,133,23,134,10,106,97,61,80,131,100,57"/><U88/><E112/><V126/><F117/><W35/><G131/><N who="0" m="50219" /><D104/><U7/><E7/><V56/><F73/><W34/><G10/><T92/><D77/><U118/><E107/><V19/><F113/><W21/><G80/><T95/><D40/><U90/><E118/><V76/><F28/><N who="3" m="17471" /><G21/><T16/><D36/><U72/><E72/><V85/><F6/><W33/><G74/><T99/><D99/><U13/><E81/><V108/><F15/><W4/><G4/><T75/><D39/><U65/><E65/><V125/><F85/><W87/><G87/><T67/><D75/><U102/><E102/><V43/><F43/><W46/><G46/><T55/><D67/><U31/><E31/><V60/><F76/><W11/><G11/><T114/><D114/><U38/><E82/><V48/><F108/><N who="1" m="41577" /><E38/><V79/><F79/><W78/><G78/><T59/><D59/><U30/><E30/><V37/><F37/><W96/><G106/><T69/><D69/><U93/><E93/><N who="0" m="23809" /><T111/><DORA hai="64" /><D111/><U132/><E132/><N who="3" m="50794" /><G100/><T0/><D0/><U45/><E45/><N who="2" m="27919" /><F105/><W70/><G70/><T32/><D32/><U24/><E24/><V50/><F101/><W49/><G49/><T71/><D71/><U66/><E66/><AGARI ba="1,0" hai="33,34,35,57,61,66,96,97" m="50794,17471" machi="66" ten="40,2600,0" yaku="20,1,52,1" doraHai="53,64" who="3" fromWho="1" sc="137,0,389,-29,237,0,237,29" /><INIT seed="2,0,0,1,2,120" ten="137,360,237,266" oya="2" hai0="68,31,111,52,18,122,87,26,129,123,10,14,12" hai1="74,97,0,59,127,71,24,2,110,63,98,11,109" hai2="22,28,65,93,58,81,82,88,102,4,125,134,48" hai3="30,62,60,33,103,51,121,112,83,45,80,66,86"/><V67/><F134/><W25/><G121/><T89/><D68/><U100/><E74/><V133/><F125/><W15/><G112/><T104/><D104/><U76/><E127/><V131/><F133/><W54/><G103/><T38/><D38/><U96/><E76/><V39/><F39/><W23/><G80/><T116/><D116/><U9/><E71/><V94/><F4/><W43/><G43/><T55/><D123/><U56/><E24/><N who="2" m="16407" /><F131/><W114/><G114/><T5/><D129/><U92/><E92/><V105/><F105/><W36/><G36/><T27/><D122/><U132/><E132/><V57/><F48/><W49/><G51/><T101/><D101/><U1/><E100/><V124/><F124/><W42/><G42/><T130/><D26/><U79/><E79/><V3/><F3/><W70/><G60/><T77/><D77/><U35/><E35/><V47/><F47/><W46/><G45/><T85/><D85/><U21/><E21/><V115/><F115/><W91/><G15/><T107/><D107/><U119/><E119/><V78/><F81/><W106/><G106/><T13/><D130/><U118/><E118/><V53/><F102/><W84/><G33/><T117/><D117/><U64/><REACH who="1" step="1"/><E56/><REACH who="1" ten="137,350,237,266" step="2"/><V8/><F58/><W69/><G70/><T17/><D89/><U50/><E50/><N who="2" m="30903" /><F8/><AGARI ba="0,1" hai="0,1,2,8,9,11,59,63,64,96,97,98,109,110" machi="8" ten="50,6400,0" yaku="1,1,52,2,53,0" doraHai="120" doraHaiUra="135" who="1" fromWho="2" sc="137,0,350,74,237,-64,266,0" /><INIT seed="3,0,0,4,3,135" ten="137,424,173,266" oya="3" hai0="132,113,49,120,72,104,82,78,118,14,19,7,18" hai1="76,60,50,88,114,115,33,34,75,110,5,73,30" hai2="117,57,105,48,89,58,125,45,25,81,38,77,116" hai3="119,11,71,130,87,43,40,56,109,93,17,9,112"/><W91/><G71/><T70/><D118/><U97/><E110/><V133/><F105/><W55/><G112/><T8/><D120/><U4/><E50/><V24/><F133/><W85/><G119/><T63/><D132/><U37/><E37/><V10/><F38/><W42/><G109/><T101/><D104/><U46/><E46/><V47/><F89/><W126/><G130/><T54/><D101/><U1/><E60/><V62/><F10/><W27/><G126/><T107/><D107/><U67/><E67/><V90/><F90/><W128/><G128/><T106/><D106/><U2/><E76/><V129/><F129/><W127/><G127/><T102/><D102/><U121/><E88/><V22/><F125/><W36/><G36/><T69/><D113/><U59/><E59/><V0/><F0/><W15/><G27/><T65/><REACH who="0" step="1"/><D70/><REACH who="0" ten="127,424,173,266" step="2"/><U61/><E121/><V95/><F117/><W99/><G9/><T12/><D12/><U66/><E1/><V86/><F116/><W52/><REACH who="3" step="1"/><G55/><REACH who="3" ten="127,424,173,256" step="2"/><T122/><D122/><U32/><E115/><V6/><F25/><W21/><G21/><T28/><D28/><U35/><E30/><V111/><F111/><W31/><G31/><T100/><D100/><U23/><E23/><V3/><F22/><W79/><G79/><T124/><D124/><U96/><E114/><V103/><F24/><W131/><G131/><T53/><D53/><U51/><E33/><V108/><F108/><W29/><G29/><T26/><D26/><U92/><E34/><V13/><F77/><W20/><G20/><T16/><D16/><RYUUKYOKU ba="0,2" sc="127,15,424,-15,173,-15,256,15" hai0="7,8,14,18,19,49,54,63,65,69,72,78,82" hai3="11,15,17,40,42,43,52,56,85,87,91,93,99" /><INIT seed="3,1,2,4,0,7" ten="142,409,158,271" oya="3" hai0="16,121,82,0,44,63,85,104,6,80,90,13,134" hai1="5,132,26,89,113,129,23,38,69,3,74,30,35" hai2="8,21,36,24,86,22,33,10,108,52,93,100,18" hai3="102,98,4,55,48,110,60,42,96,34,94,57,2"/><W95/><G34/><T75/><D104/><U116/><RYUUKYOKU type="yao9" ba="1,2" sc="142,0,409,0,158,0,271,0" hai1="3,5,23,26,30,35,38,69,74,89,113,116,129,132" /><INIT seed="3,2,2,2,5,55" ten="142,409,158,271" oya="3" hai0="72,94,113,93,49,76,11,42,102,67,18,13,10" hai1="30,129,107,26,110,58,83,60,130,96,59,100,90" hai2="103,47,132,105,91,79,121,88,126,74,104,39,123" hai3="89,44,16,23,31,27,9,92,108,21,54,46,124"/><W43/><G124/><T98/><D113/><U25/><E110/><V57/><F126/><W85/><G108/><T106/><D72/><U5/><E5/><V80/><F39/><W36/><G9/><T66/><D76/><U75/><E60/><V2/><F47/><W133/><G133/><T12/><D106/><U61/><E61/><V86/><F2/><W35/><G46/><N who="0" m="25815" /><D94/><U99/><E99/><N who="2" m="61567" /><F105/><W115/><G115/><T53/><D53/><U71/><E71/><V77/><F57/><W97/><G54/><T125/><D125/><U134/><E134/><V135/><F132/><W114/><G114/><T22/><D22/><U87/><E75/><V40/><F40/><W0/><G0/><T65/><D65/><U28/><E28/><V52/><F52/><W48/><G36/><T4/><AGARI ba="2,2" hai="4,10,11,12,13,18,66,67,93,98,102" m="25815" machi="4" ten="30,1100,0" yaku="8,1" doraHai="55" who="0" fromWho="0" sc="142,37,409,-5,158,-5,271,-7" /><INIT seed="4,0,0,3,0,128" ten="179,404,153,264" oya="0" hai0="72,28,102,84,78,107,32,45,109,51,22,119,65" hai1="33,40,110,126,12,52,134,24,21,49,50,113,55" hai2="79,77,132,71,6,31,99,0,74,17,1,67,121" hai3="98,116,53,61,122,8,101,103,39,124,63,59,76"/><T86/><D119/><U44/><E110/><V19/><F121/><W104/><G39/><T112/><D32/><U20/><E126/><V10/><F31/><W46/><G116/><T83/><D109/><U114/><E134/><V60/><F1/><W68/><G76/><T43/><D65/><U34/><E12/><V5/><F5/><W16/><G124/><T62/><D62/><U131/><E131/><V48/><F132/><W100/><G46/><T96/><REACH who="0" step="1"/><D112/><REACH who="0" ten="169,404,153,264" step="2"/><U120/><E120/><V89/><F74/><W130/><G130/><T70/><D70/><U82/><E34/><V133/><F133/><W58/><G68/><T97/><D97/><U11/><E33/><V29/><F99/><W27/><G122/><T26/><AGARI ba="0,1" hai="22,26,28,43,45,51,72,78,83,84,86,96,102,107" machi="26" ten="30,3000,0" yaku="1,1,0,1,53,0" doraHai="128" doraHaiUra="111" who="0" fromWho="0" sc="169,40,404,-10,153,-10,264,-10" /><INIT seed="4,1,0,5,5,49" ten="209,394,143,254" oya="0" hai0="25,26,56,55,21,42,120,0,23,73,32,98,14" hai1="54,64,80,132,126,133,94,10,60,31,44,93,84" hai2="19,114,88,47,106,48,95,33,4,82,1,69,76" hai3="83,2,58,41,86,117,43,68,8,74,77,130,125"/><T70/><D73/><U62/><E126/><V89/><F106/><W15/><G68/><T65/><D0/><U118/><E118/><V92/><F69/><W110/><G2/><T72/><D72/><U61/><E31/><V3/><F33/><W24/><G110/><T45/><D32/><U12/><E64/><V20/><F114/><W107/><G107/><T5/><D98/><U124/><E124/><V53/><F95/><W113/><G113/><T9/><D65/><U51/><E133/><V127/><F89/><W39/><G39/><T135/><D70/><U13/><E132/><V128/><F4/><W59/><G74/><T40/><D120/><U108/><E108/><V129/><F127/><W90/><G130/><N who="2" m="50281" /><F82/><W36/><G36/><T112/><D45/><U71/><E71/><V123/><F76/><W6/><G117/><T122/><D122/><U111/><E111/><V38/><F38/><W34/><G77/><T78/><D78/><N who="1" m="46103" /><E12/><N who="2" m="9319" /><F123/><W121/><G121/><T66/><D26/><U101/><E101/><V37/><F37/><W17/><G34/><T104/><D25/><U105/><E105/><V96/><AGARI ba="1,0" hai="1,3,47,48,53,88,92,96" m="9319,50281" machi="96" ten="30,4000,0" yaku="19,1,52,1,54,1" doraHai="49" who="2" fromWho="2" sc="209,-21,394,-11,143,43,254,-11" /><INIT seed="5,0,0,3,2,92" ten="188,383,186,243" oya="1" hai0="128,39,109,108,52,77,22,29,54,9,94,28,129" hai1="115,23,24,81,60,17,135,90,27,66,110,97,113" hai2="15,44,57,33,5,112,70,131,76,43,62,46,86" hai3="122,124,93,32,26,37,16,118,79,63,99,67,12"/><U134/><E110/><N who="0" m="42601" /><D39/><U95/><E81/><N who="2" m="47399" /><F33/><W25/><G37/><T59/><D77/><U116/><E27/><V13/><F70/><W35/><G122/><T96/><D9/><U61/><E116/><V55/><F131/><N who="0" m="50250" /><D22/><U56/><REACH who="1" step="1"/><E61/><REACH who="1" ten="188,373,186,243" step="2"/><V58/><F112/><AGARI ba="0,1" hai="17,23,24,56,60,66,90,95,97,112,113,115,134,135" machi="112" ten="40,12000,1" yaku="1,1,2,1,15,1,52,1,53,0" doraHai="92" doraHaiUra="132" who="1" fromWho="2" sc="188,0,373,130,186,-120,243,0" /><INIT seed="5,1,0,0,5,84" ten="188,503,66,243" oya="1" hai0="80,6,77,95,110,67,18,52,108,2,103,109,66" hai1="38,41,45,56,33,119,134,121,60,43,35,21,57" hai2="51,64,54,50,59,75,81,61,27,58,90,44,78" hai3="47,115,85,111,92,120,23,132,130,118,99,13,71"/><U112/><E119/><V11/><F27/><W125/><G85/><T93/><D18/><U30/><E121/><V68/><F11/><W123/><G92/><T88/><D6/><U122/><E122/><V24/><F24/><W29/><G99/><T36/><D36/><U16/><E134/><V98/><F75/><W8/><G47/><T7/><D7/><U40/><E112/><V82/><F78/><W129/><G13/><T22/><D22/><U62/><E62/><V113/><F113/><W97/><G97/><T28/><D28/><U20/><E20/><V31/><F31/><W117/><G8/><T15/><D15/><U100/><E100/><V86/><F98/><W79/><G79/><T124/><D95/><U72/><E72/><V126/><F126/><W46/><G46/><T76/><D103/><U87/><E87/><V32/><F32/><W63/><G23/><T39/><D39/><U55/><E57/><V37/><F37/><W105/><G29/><T114/><D114/><U102/><E102/><V1/><F1/><W128/><G115/><T42/><D2/><U89/><E89/><V83/><REACH who="2" step="1"/><F68/><REACH who="2" ten="188,503,56,243" step="2"/><W34/><G120/><T70/><D124/><U12/><REACH who="1" step="1"/><E30/><REACH who="1" ten="188,493,56,243" step="2"/><V69/><F69/><W26/><G123/><T3/><D70/><U94/><E94/><V17/><F17/><W19/><G19/><T131/><D93/><U73/><E73/><V104/><F104/><W135/><G105/><T96/><D96/><U9/><E9/><V53/><AGARI ba="1,2" hai="44,50,51,53,54,58,59,61,64,81,82,83,86,90" machi="53" ten="20,8000,1" yaku="1,1,0,1,7,1,8,1,52,1,53,0" doraHai="84" doraHaiUra="10" who="2" fromWho="2" sc="188,-21,493,-41,56,103,243,-21" /><INIT seed="6,0,0,4,2,31" ten="167,452,159,222" oya="2" hai0="28,20,82,122,41,116,80,42,109,4,121,86,127" hai1="74,119,110,107,98,21,96,34,56,66,44,101,54" hai2="120,95,50,38,92,85,128,57,11,25,65,131,12" hai3="39,13,35,113,108,14,104,33,129,59,61,48,0"/><V36/><F120/><W103/><G39/><T123/><D109/><U58/><E110/><V8/><F25/><W69/><G0/><T22/><D127/><U53/><E74/><V3/><F3/><W19/><G108/><T43/><D116/><U46/><E34/><V24/><F24/><W94/><G104/><T7/><D28/><U105/><E66/><V87/><F65/><W6/><G69/><T16/><D86/><U130/><E21/><V83/><F50/><W89/><G103/><T84/><D84/><U1/><E1/><V106/><F57/><W115/><G129/><T112/><D112/><N who="3" m="43081" /><G48/><T71/><D71/><U90/><E90/><V100/><F12/><N who="3" m="4715" /><G19/><T51/><D51/><U111/><E111/><V70/><F70/><W77/><G77/><T15/><REACH who="0" step="1"/><D20/><REACH who="0" ten="157,452,159,222" step="2"/><U72/><E119/><V73/><F73/><W67/><G6/><AGARI ba="0,1" hai="4,6,7,15,16,22,41,42,43,80,82,121,122,123" machi="6" ten="50,6400,0" yaku="1,1,2,1,54,1,53,0" doraHai="31" doraHaiUra="47" who="0" fromWho="3" sc="157,74,452,0,159,0,222,-64" /><INIT seed="7,0,0,5,1,31" ten="231,452,159,158" oya="3" hai0="42,127,63,27,43,90,100,61,126,59,11,128,37" hai1="65,28,35,53,5,17,2,82,88,75,106,46,130" hai2="57,45,81,121,80,60,103,10,95,131,20,29,111" hai3="134,125,72,1,93,22,8,16,56,49,135,117,97"/><W119/><G72/><T132/><D37/><U102/><E65/><V15/><F111/><W68/><G68/><T91/><D100/><U110/><E35/><V116/><F131/><W114/><G125/><N who="0" m="47627" /><D61/><U118/><E28/><V105/><F105/><W92/><G114/><T122/><D122/><U113/><E17/><V71/><F116/><W3/><G56/><T51/><D132/><N who="3" m="50729" /><G49/><T109/><D109/><U77/><E118/><N who="3" m="45066" /><G8/><T104/><D104/><U25/><E113/><V21/><F45/><W78/><G78/><T107/><D107/><U101/><E46/><V99/><F71/><W26/><G93/><T24/><D11/><U73/><E130/><V47/><F47/><W19/><G19/><T39/><D51/><U58/><E58/><V30/><F121/><W34/><G34/><T23/><D39/><U32/><E32/><V9/><F57/><W52/><G52/><N who="0" m="34279" /><D128/><U79/><E110/><V108/><F108/><W66/><G66/><T0/><D23/><N who="2" m="8778" /><F60/><W14/><G26/><N who="0" m="9771" /><D0/><U123/><E53/><V76/><F10/><W44/><G44/><T33/><D33/><U62/><E62/><V96/><F9/><W70/><G70/><T112/><D112/><U98/><E123/><V86/><F15/><W12/><G12/><T54/><D54/><U4/><E2/><V94/><F80/><W133/><N who="3" m="50737" /><W120/><DORA hai="83" /><G120/><T48/><D48/><U74/><E82/><V38/><F38/><W69/><G69/><T84/><D43/><U55/><E25/><V87/><F94/><W64/><G64/><T18/><D42/><U6/><E55/><RYUUKYOKU ba="0,0" sc="231,-10,452,-10,159,-10,158,30" hai3="1,3,14,16,22,92,97" /><INIT seed="7,1,0,1,5,90" ten="221,442,149,188" oya="3" hai0="92,8,44,74,79,54,51,53,131,26,135,3,127" hai1="39,109,56,75,40,43,77,59,36,115,5,13,64" hai2="130,87,41,122,124,82,27,96,133,111,128,91,102" hai3="25,30,24,50,120,106,125,1,37,93,73,101,100"/><W121/><G37/><T0/><D74/><U94/><E94/><N who="2" m="58647" /><F111/><W47/><G106/><T48/><D79/><U81/><E13/><V29/><F41/><W107/><G107/><T119/><D119/><U12/><E59/><V11/><F124/><W110/><G73/><T15/><D127/><U97/><E97/><V33/><F11/><W9/><G125/><T98/><D26/><U71/><E81/><V67/><F67/><W84/><G110/><T104/><D135/><U113/><E5/><V21/><F133/><W65/><G65/><T22/><D22/><U112/><E77/><V32/><F122/><W126/><G126/><T46/><D131/><AGARI ba="1,0" hai="21,27,29,32,33,82,87,91,128,130,131" m="58647" machi="131" ten="30,2000,0" yaku="19,1,52,1" doraHai="90" who="2" fromWho="0" sc="221,-23,442,0,149,23,188,0" owari="198,-0.2,442,54.2,172,-32.8,188,-21.2" /></mjloggm>