<mjloggm ver="2.3"><GO type="169" lobby="0"/><UN n0="%E3%82%B6%E2%98%85%E3%82%B5%E3%83%B3%E3%83%9E%E9%81%93%E6%A5%BD" n1="%61%79%61%70%69%6E" n2="%6B%61%74%65%72%69%6E%61" n3="%E2%98%85%E9%A2%A8%E3%81%AE%E8%B0%B7%E2%98%85" dan="17,16,17,16" rate="2170.56,2186.20,2186.01,2184.45" sx="M,M,M,F"/><TAIKYOKU oya="0"/><INIT seed="0,0,0,1,2,101" ten="250,250,250,250" oya="0" hai0="93,107,66,58,110,64,10,25,3,29,15,96,83" hai1="34,106,68,0,99,4,40,133,24,130,90,56,82" hai2="87,17,125,67,49,71,115,18,51,120,111,30,75" hai3="5,28,97,70,13,43,77,131,46,112,50,135,53"/><T124/><D124/><U2/><E68/><V27/><F115/><W42/><G112/><T92/><D3/><U91/><E133/><V14/><F120/><W23/><G135/><T118/><D118/><U95/><E130/><V36/><F75/><W44/><G131/><T32/><D83/><U72/><E106/><V73/><F73/><W61/><G77/><T134/><D134/><U57/><E40/><V31/><F111/><W54/><G70/><T20/><D32/><U62/><E57/><V100/><F36/><W38/><G61/><T47/><D47/><U86/><E72/><V132/><F87/><W128/><G128/><T104/><D93/><U21/><E4/><V123/><F123/><W78/><G78/><T19/><D110/><U102/><E34/><V79/><F79/><W59/><G59/><T80/><D80/><U37/><E37/><V81/><F81/><W113/><G113/><T35/><D35/><U26/><E26/><V63/><F125/><W45/><G45/><T65/><REACH who="0" step="1"/><D58/><REACH who="0" ten="240,250,250,250" step="2"/><U117/><E117/><V88/><F132/><W1/><G1/><T9/><D9/><U84/><E0/><V52/><F71/><W69/><G69/><T60/><D60/><U55/><E2/><V126/><F63/><W119/><G119/><T7/><D7/><U39/><E21/><V33/><F33/><W89/><G5/><T129/><D129/><U85/><E82/><V12/><F126/><W122/><G122/><T22/><D22/><U121/><E121/><V74/><F74/><W116/><G116/><T48/><D48/><U103/><E39/><RYUUKYOKU ba="0,1" sc="240,30,250,-10,250,-10,250,-10" hai0="10,15,19,20,25,29,64,65,66,92,96,104,107" /><INIT seed="0,1,1,2,4,83" ten="270,240,240,240" oya="0" hai0="58,26,115,103,18,38,5,56,133,122,114,73,130" hai1="94,63,10,45,66,105,107,22,15,123,110,33,60" hai2="80,84,104,48,0,72,51,117,64,131,74,118,108" hai3="36,89,3,99,102,7,16,91,121,111,29,70,100"/><T95/><D122/><U125/><E33/><V135/><F108/><W47/><G70/><T1/><D73/><N who="2" m="28266" /><F104/><W68/><G68/><T39/><D130/><U82/><E123/><V62/><F0/><W8/><G111/><T24/><D133/><U55/><E110/><V50/><F135/><W132/><G132/><T19/><D1/><U85/><E125/><V86/><F80/><W25/><G121/><T76/><D95/><U59/><E94/><V34/><F34/><W43/><G102/><T13/><D13/><U77/><E22/><V41/><F41/><W75/><G75/><T93/><D93/><U112/><E112/><V65/><F131/><W101/><G101/><T69/><D69/><U96/><E96/><V23/><F23/><W49/><G36/><T81/><D81/><U12/><E12/><V17/><F17/><W71/><G16/><T87/><D103/><U9/><E9/><V134/><F134/><W32/><G71/><T129/><D129/><U28/><E28/><V53/><F53/><W92/><AGARI ba="1,1" hai="3,7,8,25,29,32,43,47,49,89,91,92,99,100" machi="92" ten="20,1500,0" yaku="0,1,7,1" doraHai="83" who="3" fromWho="3" sc="270,-8,240,-5,240,-5,240,28" /><INIT seed="1,0,0,0,3,15" ten="262,235,235,268" oya="1" hai0="94,51,116,40,81,36,68,114,69,33,64,85,38" hai1="73,53,6,88,128,113,104,20,124,119,62,56,35" hai2="100,10,126,8,34,133,48,13,121,18,25,30,86" hai3="12,45,71,65,24,111,93,132,120,42,5,29,19"/><U76/><E35/><V112/><F121/><W54/><G120/><T60/><D114/><U117/><E113/><V90/><F112/><W102/><G111/><T115/><D115/><U55/><E104/><V89/><F133/><W131/><G131/><T77/><D116/><U22/><E6/><V74/><F74/><W61/><G132/><T37/><D33/><U9/><E9/><V32/><F32/><W0/><G0/><T70/><D94/><U122/><E122/><V87/><F126/><W109/><G109/><T75/><D85/><U50/><E124/><V135/><F100/><W28/><G5/><T118/><D118/><U43/><E43/><V41/><F10/><W106/><G106/><T80/><D80/><U47/><E128/><V1/><F135/><W107/><G24/><T27/><D27/><U21/><REACH who="1" step="1"/><E88/><REACH who="1" ten="262,225,235,268" step="2"/><V63/><F90/><W57/><G107/><T108/><D108/><U4/><E4/><V84/><F89/><W129/><G129/><T31/><D31/><U16/><E16/><V7/><F41/><W91/><G91/><T105/><D105/><U83/><AGARI ba="0,1" hai="20,21,22,47,50,53,55,56,62,73,76,83,117,119" machi="83" ten="30,3000,0" yaku="1,1,0,1,53,0" doraHai="15" doraHaiUra="14" who="1" fromWho="1" sc="262,-10,225,40,235,-10,268,-10" /><INIT seed="1,1,0,3,0,24" ten="252,265,225,258" oya="1" hai0="9,37,133,16,11,40,76,23,101,32,131,110,107" hai1="25,125,39,129,73,84,74,120,82,58,6,124,50" hai2="13,90,130,1,41,69,12,68,118,97,17,31,21" hai3="8,2,48,5,34,66,55,87,4,0,114,108,132"/><U52/><E120/><V112/><F118/><W59/><G114/><T106/><D110/><U62/><E39/><V43/><F1/><W42/><G108/><T77/><D131/><U45/><E129/><V103/><F130/><W57/><G132/><T15/><D133/><U64/><E6/><V117/><F117/><W109/><G109/><T27/><D32/><U47/><E47/><V38/><F112/><W67/><G34/><T26/><D37/><U95/><E95/><V61/><F90/><W92/><G42/><T127/><D40/><U99/><E99/><V119/><F119/><W35/><G35/><T113/><D113/><U135/><E25/><V78/><F78/><W53/><G92/><T83/><D27/><U96/><E96/><V36/><F31/><W56/><G87/><T123/><D123/><U91/><REACH who="1" step="1"/><E135/><REACH who="1" ten="252,255,225,258" step="2"/><V72/><F38/><W44/><G55/><T3/><D106/><U75/><AGARI ba="1,1" hai="45,50,52,58,62,64,73,74,75,82,84,91,124,125" machi="75" ten="40,12000,1" yaku="1,1,2,1,0,1,54,1,53,0" doraHai="24" doraHaiUra="94" who="1" fromWho="1" sc="252,-41,255,133,225,-41,258,-41" /><INIT seed="1,2,0,3,1,19" ten="211,388,184,217" oya="1" hai0="29,55,44,46,37,36,10,48,22,114,43,103,71" hai1="77,104,90,127,24,14,60,130,107,132,50,81,116" hai2="17,51,58,84,31,41,3,11,109,83,26,75,96" hai3="25,8,112,113,16,129,94,12,68,99,119,123,121"/><U92/><E116/><V117/><F117/><W13/><G68/><T115/><D71/><U1/><E1/><V124/><F109/><W91/><G119/><T15/><D37/><U49/><E132/><V106/><F75/><W56/><G129/><T74/><D74/><U27/><E130/><V66/><F124/><W131/><G131/><T118/><D103/><U45/><E127/><V33/><F96/><W9/><G25/><T86/><D118/><U5/><E104/><V30/><F30/><W4/><REACH who="3" step="1"/><G56/><REACH who="3" ten="211,388,184,207" step="2"/><T89/><D29/><U134/><E27/><V79/><F58/><W7/><G7/><T88/><D114/><AGARI ba="2,1" hai="4,8,9,12,13,16,91,94,99,112,113,114,121,123" machi="114" ten="40,2600,0" yaku="1,1,54,1,53,0" doraHai="19" doraHaiUra="135" who="3" fromWho="0" sc="211,-32,388,0,184,0,207,42" /><INIT seed="2,0,0,0,3,48" ten="179,388,184,249" oya="2" hai0="133,87,75,93,92,21,76,42,27,109,101,79,72" hai1="107,66,113,47,82,110,132,94,8,88,32,97,52" hai2="5,135,28,111,108,124,60,128,13,29,25,30,14" hai3="2,100,134,63,96,56,112,54,83,10,106,49,130"/><V20/><F60/><W6/><G130/><T37/><D37/><U62/><E113/><V33/><F128/><W99/><G134/><T67/><D42/><U90/><E32/><V78/><F78/><N who="0" m="29738" /><D67/><U59/><E107/><V9/><F135/><W51/><G112/><T91/><D21/><U31/><E132/><V84/><F84/><W122/><G122/><T16/><D16/><U121/><E121/><V114/><F114/><W77/><REACH who="3" step="1"/><G99/><REACH who="3" ten="179,388,184,239" step="2"/><N who="0" m="59631" /><D133/><U22/><E110/><N who="2" m="42027" /><F124/><W104/><G104/><T53/><D109/><U55/><E47/><V4/><F33/><W45/><G45/><T57/><D75/><AGARI ba="0,1" hai="2,6,10,49,51,54,56,63,75,77,83,96,100,106" machi="75" ten="30,3900,0" yaku="1,1,7,1,52,1,53,0" doraHai="48" doraHaiUra="129" who="3" fromWho="0" sc="179,-39,388,0,184,0,239,49" /><INIT seed="3,0,0,1,1,33" ten="140,388,184,288" oya="3" hai0="112,102,125,8,34,43,109,36,42,4,123,119,81" hai1="80,94,40,115,87,2,20,121,132,12,67,76,82" hai2="85,39,65,71,127,48,56,98,38,59,103,88,84" hai3="7,41,72,74,15,77,63,16,27,44,70,24,114"/><W13/><G114/><T101/><D119/><U5/><E115/><V73/><F73/><W57/><G70/><T68/><D123/><U128/><E132/><V90/><F127/><W53/><G7/><T130/><D112/><U51/><E128/><V46/><F71/><W66/><G13/><T6/><D125/><U105/><E105/><V64/><F103/><W122/><G122/><T49/><D130/><U60/><E121/><V69/><F69/><W89/><G66/><T1/><D68/><U35/><E35/><V95/><F98/><W9/><G89/><T96/><D109/><U52/><E40/><V11/><F11/><W30/><G77/><T21/><D34/><U131/><E131/><V55/><F39/><W133/><G133/><T29/><D6/><U14/><E82/><V78/><F78/><W106/><G106/><T104/><D101/><U86/><E2/><V47/><F38/><W3/><G3/><T99/><D99/><U113/><E5/><V25/><F25/><W129/><G129/><T19/><D36/><U31/><E60/><N who="2" m="37895" /><F65/><W54/><G54/><T110/><D29/><U23/><E67/><V62/><F62/><W93/><G93/><AGARI ba="0,0" hai="46,47,48,55,59,84,85,88,90,93,95" m="37895" machi="93" ten="30,2000,0" yaku="8,1,54,1" doraHai="33" who="2" fromWho="3" sc="140,0,388,0,184,20,288,-20" /><INIT seed="4,0,0,2,1,102" ten="140,388,204,268" oya="0" hai0="108,114,1,127,67,40,83,76,62,47,26,41,128" hai1="17,79,111,69,105,97,90,120,35,99,42,55,56" hai2="107,74,45,13,70,20,117,14,61,3,103,52,0" hai3="63,122,93,135,29,89,24,11,132,7,78,50,82"/><T124/><D108/><U38/><E69/><V81/><F117/><W133/><G122/><T88/><D128/><U64/><E120/><V54/><F70/><W9/><G63/><T32/><D114/><U25/><E64/><V116/><F116/><W48/><G93/><T86/><D1/><U73/><E111/><V77/><F54/><W134/><G89/><T22/><D32/><U75/><E97/><V30/><F14/><N who="3" m="5439" /><G135/><T2/><D2/><U58/><E56/><V43/><F43/><W112/><G11/><T100/><D100/><U19/><E79/><V126/><F126/><N who="0" m="48170" /><D76/><U115/><E115/><V44/><F44/><W60/><G60/><T98/><D98/><U33/><E99/><V39/><F39/><W66/><G66/><T34/><D34/><U15/><E38/><V57/><F45/><W95/><G95/><T80/><D83/><U65/><E33/><V6/><F103/><W46/><G46/><T68/><D47/><U131/><E35/><V106/><F3/><W8/><G8/><T101/><D101/><U27/><E65/><V84/><F0/><W121/><G121/><T94/><D94/><U28/><E131/><V12/><F74/><N who="3" m="43351" /><G112/><T53/><D53/><U16/><E75/><V37/><F37/><W51/><G134/><T125/><N who="0" m="48178" /><T123/><DORA hai="87" /><D123/><U31/><E73/><V96/><F96/><W110/><G110/><T49/><D49/><U119/><E55/><V129/><F129/><W36/><G36/><T104/><D104/><N who="2" m="39978" /><F6/><W113/><G113/><T130/><D130/><U18/><E105/><V91/><F77/><RYUUKYOKU ba="0,0" sc="140,10,388,-30,204,10,268,10" hai0="22,26,40,41,62,67,68,80,86,88" hai2="12,13,20,30,52,57,61,81,84,91" hai3="24,29,48,50,51,132,133" /><INIT seed="4,1,0,5,2,18" ten="150,358,214,278" oya="0" hai0="107,55,51,87,132,13,17,39,73,135,0,66,118" hai1="100,25,82,62,74,36,53,31,121,7,96,72,77" hai2="37,47,35,111,9,56,130,1,76,21,6,88,19" hai3="57,101,29,54,134,60,52,122,109,5,127,102,45"/><T16/><D118/><U67/><E36/><V98/><F111/><W126/><G109/><T117/><D117/><U32/><E121/><V50/><F130/><W27/><G134/><N who="0" m="51243" /><D73/><U41/><E41/><V86/><F35/><W69/><G69/><T70/><D39/><U75/><E53/><V124/><F124/><N who="3" m="47659" /><G5/><T93/><D107/><N who="1" m="63879" /><E7/><V115/><F115/><W33/><G122/><T34/><D34/><U22/><E22/><V58/><F37/><W90/><G90/><N who="0" m="53471" /><D0/><U125/><E125/><V83/><F98/><W24/><G24/><T8/><D66/><U79/><E79/><V40/><REACH who="2" step="1"/><F76/><REACH who="2" ten="150,358,204,278" step="2"/><W106/><G106/><T28/><D70/><AGARI ba="1,1" hai="25,31,32,62,67,70,72,74,75,77,82" m="63879" machi="70" ten="30,3900,0" yaku="25,1,33,2" doraHai="18" who="1" fromWho="0" sc="150,-42,358,52,204,0,278,0" /><INIT seed="5,0,0,4,3,43" ten="108,410,204,278" oya="1" hai0="51,40,19,106,66,25,30,38,135,75,31,42,119" hai1="78,88,103,21,101,102,108,4,9,98,97,120,116" hai2="77,69,131,105,59,39,0,50,18,52,23,11,55" hai3="128,24,99,76,110,118,60,127,33,92,12,27,29"/><U64/><E116/><V72/><F105/><W65/><G110/><T61/><D119/><U123/><E78/><V5/><F131/><W85/><G118/><T130/><D130/><U35/><E35/><V133/><F133/><W67/><G128/><T90/><D135/><U111/><E64/><V71/><F39/><W112/><G112/><T87/><D75/><U56/><E56/><V94/><F94/><W100/><G127/><T57/><D106/><U2/><E21/><V82/><REACH who="2" step="1"/><F55/><REACH who="2" ten="108,410,194,278" step="2"/><W107/><G107/><T79/><D79/><U91/><E120/><V34/><F34/><W6/><G92/><T32/><D38/><U7/><E123/><V68/><F68/><W125/><G33/><T84/><D31/><U41/><E111/><V28/><F28/><W8/><G29/><T129/><D129/><U89/><E108/><V49/><F49/><W48/><G48/><T36/><D36/><U44/><REACH who="1" step="1"/><E7/><REACH who="1" ten="108,400,194,278" step="2"/><V13/><AGARI ba="0,2" hai="0,5,11,13,18,23,50,52,59,69,71,72,77,82" machi="13" ten="20,5200,0" yaku="1,1,0,1,7,1,54,1,53,0" doraHai="43" doraHaiUra="134" who="2" fromWho="2" sc="108,-13,400,-26,194,72,278,-13" /><INIT seed="6,0,0,4,2,130" ten="95,374,266,265" oya="2" hai0="33,94,20,28,90,110,52,42,88,10,132,36,12" hai1="0,126,66,98,86,79,39,14,113,53,128,91,107" hai2="101,99,45,5,108,2,105,8,13,48,123,56,50" hai3="35,92,70,118,72,78,76,135,115,55,80,9,15"/><V24/><F123/><W47/><G118/><T124/><D110/><U40/><E0/><V17/><F108/><W51/><G70/><T59/><D33/><U129/><E66/><V49/><F56/><W22/><G35/><T11/><D124/><U61/><E79/><V60/><F60/><W89/><G115/><T38/><D28/><U64/><E53/><V125/><F125/><W58/><G78/><T46/><D20/><U21/><E113/><V18/><F24/><W131/><G131/><N who="1" m="50250" /><E40/><V23/><REACH who="2" step="1"/><F18/><REACH who="2" ten="95,374,256,265" step="2"/><W54/><G58/><T19/><D38/><U27/><E27/><V4/><F4/><W77/><G72/><T100/><D11/><U85/><E61/><V26/><F26/><W95/><G9/><T117/><D117/><U120/><E120/><V104/><F104/><W71/><G71/><T73/><D73/><U96/><E107/><V67/><F67/><W6/><G6/><T3/><D3/><U109/><E64/><V7/><F7/><W30/><G15/><T31/><D31/><U74/><E14/><V65/><F65/><W82/><G30/><T102/><D132/><U63/><E74/><V93/><F93/><W41/><G135/><T68/><D68/><U43/><E63/><V133/><F133/><W1/><G1/><T29/><D29/><U75/><E126/><V57/><F57/><W116/><G116/><T87/><REACH who="0" step="1"/><D90/><REACH who="0" ten="85,374,256,265" step="2"/><U122/><E75/><V34/><F34/><W103/><G89/><T84/><D84/><U25/><E85/><V127/><F127/><W114/><G114/><T121/><D121/><U106/><E122/><RYUUKYOKU ba="0,2" sc="85,15,374,-15,256,15,265,-15" hai0="10,12,19,36,42,46,52,59,87,88,94,100,102" hai2="2,5,8,13,17,23,45,48,49,50,99,101,105" /><INIT seed="6,1,2,4,4,28" ten="100,359,271,250" oya="2" hai0="101,19,106,121,94,69,104,64,79,110,2,6,114" hai1="24,68,113,65,3,40,44,97,70,54,71,102,87" hai2="78,116,103,63,86,42,127,119,122,8,135,46,73" hai3="41,111,90,84,52,126,91,117,105,21,10,23,57"/><V112/><F122/><W4/><G111/><T33/><D121/><U98/><E113/><V130/><F112/><W16/><G117/><T34/><D114/><U72/><E3/><V26/><F73/><W67/><G105/><T18/><D79/><U100/><E72/><V50/><F135/><W81/><G41/><T82/><D82/><U32/><E54/><V83/><F130/><W115/><G115/><T25/><D110/><U74/><E74/><V99/><F127/><W66/><G91/><T80/><D80/><U0/><E0/><V55/><F26/><W14/><G23/><T77/><D77/><U37/><E87/><V120/><F120/><W133/><G126/><T11/><D94/><U89/><E65/><V17/><F63/><W92/><G81/><T107/><D101/><U13/><E13/><V93/><F55/><W124/><G133/><T129/><D129/><U131/><E131/><V53/><F53/><W108/><G108/><T43/><D43/><U88/><E32/><V51/><F51/><N who="3" m="30879" /><G124/><T59/><D59/><U132/><E24/><AGARI ba="1,2" hai="4,10,14,16,21,24,66,67,84,90,92" m="30879" machi="24" ten="30,3900,0" yaku="8,1,54,2" doraHai="28" who="3" fromWho="1" sc="100,0,359,-42,271,0,250,62" /><INIT seed="7,0,0,0,5,50" ten="100,317,271,312" oya="3" hai0="117,23,13,134,79,14,119,28,75,68,103,129,89" hai1="78,44,115,4,32,0,15,120,53,95,111,20,65" hai2="118,55,45,58,80,51,26,36,82,5,83,114,71" hai3="25,69,19,57,74,86,72,105,21,81,61,16,77"/><W2/><G2/><T128/><D68/><U6/><E32/><V112/><F118/><W84/><G105/><T3/><D103/><U40/><E0/><V62/><F5/><N who="1" m="2153" /><E115/><V31/><F36/><W124/><G69/><T116/><D89/><U73/><E73/><V130/><F71/><W113/><G113/><T76/><D75/><U27/><E78/><V88/><F130/><W46/><G124/><T97/><D97/><U64/><E120/><V99/><F114/><W100/><G100/><T102/><D102/><U131/><E40/><V1/><F1/><W125/><G125/><T52/><D3/><U11/><E95/><N who="2" m="56807" /><F112/><W96/><G96/><T43/><D43/><U93/><E93/><V47/><F62/><W92/><G46/><N who="2" m="17417" /><F26/><W10/><G92/><T127/><D127/><U54/><E111/><V133/><F133/><W135/><G74/><T7/><D7/><N who="1" m="3583" /><E131/><N who="0" m="50249" /><D134/><U42/><E42/><V107/><F107/><W123/><G123/><T122/><D122/><U106/><E44/><V12/><F12/><N who="0" m="4714" /><D28/><N who="1" m="17511" /><E106/><V121/><F121/><W70/><G70/><T104/><D104/><U8/><E8/><V35/><F35/><W110/><G110/><T98/><D98/><U56/><E56/><V66/><F31/><W132/><G132/><T109/><D109/><U17/><E17/><V85/><F66/><AGARI ba="0,0" hai="53,54,64,65,66" m="17511,3583,2153" machi="66" ten="30,3900,0" yaku="8,1,52,2" doraHai="50" who="1" fromWho="2" sc="100,0,317,39,271,-39,312,0" owari="100,-40.0,356,45.6,232,-16.8,312,11.2" /></mjloggm>