<mjloggm ver="2.3"><GO type="169" lobby="0"/><UN n0="%E3%81%94%E3%82%8B%E3%81%A3" n1="%41%6E%73%6F%6E%4C%61%6D" n2="%48%4F%4D%4F%E5%A5%B3" n3="%70%72%6F%6E%61%72%69" dan="17,16,16,16" rate="2201.45,2103.42,2060.07,2144.51" sx="M,M,M,M"/><TAIKYOKU oya="0"/><INIT seed="0,0,0,2,4,85" ten="250,250,250,250" oya="0" hai0="83,135,31,108,25,86,102,7,56,4,84,69,107" hai1="8,1,45,129,5,61,122,44,71,119,42,47,133" hai2="95,49,51,39,53,17,36,110,97,128,118,34,134" hai3="81,125,100,43,26,73,40,60,28,74,82,124,57"/><T32/><D69/><U67/><E119/><V59/><F118/><W109/><G109/><T22/><D135/><U115/><E122/><V21/><F110/><W63/><G57/><T2/><D108/><U130/><E133/><V29/><F128/><N who="1" m="49257" /><E115/><V35/><F134/><W123/><G26/><T33/><D33/><U12/><E1/><V58/><F29/><W79/><G100/><T24/><D2/><U18/><E5/><V55/><F34/><W76/><REACH who="3" step="1"/><G28/><REACH who="3" ten="250,250,250,240" step="2"/><T23/><D32/><U103/><E103/><V19/><F35/><W16/><G16/><T80/><D102/><U101/><E101/><V64/><F19/><W48/><G48/><AGARI ba="0,1" hai="8,12,18,42,44,45,47,48,61,67,71" m="49257" machi="48" ten="30,1000,0" yaku="19,1" doraHai="85" who="1" fromWho="3" sc="250,0,250,20,250,0,240,-10" /><INIT seed="1,0,0,4,5,74" ten="250,270,250,230" oya="1" hai0="84,118,1,63,57,26,72,112,77,99,111,29,14" hai1="61,0,108,8,11,100,70,105,3,106,86,9,30" hai2="38,52,92,110,68,128,21,132,5,48,54,116,71" hai3="107,33,17,66,7,102,10,55,124,15,119,103,49"/><U23/><E108/><V16/><F116/><W131/><G119/><T101/><D112/><U83/><E70/><V25/><F110/><W18/><G131/><T42/><D1/><U126/><E126/><V115/><F128/><W97/><G124/><T36/><D72/><U127/><E127/><V76/><F132/><W59/><G33/><T94/><D36/><U129/><E61/><V4/><F38/><W12/><G66/><T133/><D133/><U51/><E51/><V93/><F115/><W114/><G114/><T50/><D14/><U6/><E129/><V2/><F76/><W28/><G28/><T85/><D118/><U81/><E6/><N who="2" m="2667" /><F2/><W109/><G109/><T78/><D50/><U95/><E106/><V82/><F82/><W75/><G75/><T79/><D42/><U20/><E105/><V134/><F134/><W24/><G97/><T69/><D69/><U98/><E83/><V58/><F68/><W91/><G91/><T44/><D44/><U123/><E123/><V47/><F71/><W43/><G43/><T32/><REACH who="0" step="1"/><D111/><REACH who="0" ten="240,270,250,230" step="2"/><U67/><E3/><V121/><F121/><W34/><G15/><T13/><D13/><U56/><E0/><V65/><F65/><AGARI ba="0,1" hai="26,29,32,57,63,65,77,78,79,84,85,94,99,101" machi="65" ten="40,8000,1" yaku="1,1,52,3,53,0" doraHai="74" doraHaiUra="39" who="0" fromWho="2" sc="240,90,270,0,250,-80,230,0" /><INIT seed="2,0,0,0,5,47" ten="330,270,170,230" oya="2" hai0="85,128,104,133,46,2,20,99,114,0,6,42,52" hai1="44,116,65,16,12,74,18,101,21,98,26,37,109" hai2="67,119,111,4,34,50,36,92,75,131,22,69,124" hai3="106,120,11,41,81,23,72,58,82,100,35,30,112"/><V66/><F119/><W43/><G120/><T90/><D114/><U105/><E116/><V134/><F124/><W13/><G112/><T14/><D128/><U130/><E109/><V118/><F134/><W5/><G106/><T48/><D133/><U122/><E130/><V51/><F118/><W7/><G35/><T3/><D104/><U79/><E122/><V94/><F131/><W87/><G72/><T1/><D99/><U33/><E65/><N who="2" m="24587" /><F34/><W127/><G100/><T73/><D73/><U27/><E33/><V123/><F36/><W102/><G102/><T77/><D77/><U49/><E37/><V62/><F62/><W96/><G96/><T91/><D91/><U108/><E108/><V24/><F69/><W61/><G81/><T135/><D135/><U60/><E60/><V110/><F75/><W64/><G5/><T83/><D0/><U86/><E74/><V93/><F123/><W31/><G127/><T28/><D28/><N who="3" m="10793" /><G23/><T40/><REACH who="0" step="1"/><D20/><REACH who="0" ten="320,270,170,230" step="2"/><U129/><E129/><V8/><F110/><W68/><G68/><T107/><D107/><U76/><E76/><AGARI ba="0,1" hai="7,11,13,41,43,58,61,64,76,82,87" m="10793" machi="76" ten="30,1000,0" yaku="8,1" doraHai="47" who="3" fromWho="1" sc="320,0,270,-10,170,0,230,20" /><INIT seed="3,0,0,2,1,19" ten="320,260,170,250" oya="3" hai0="118,97,92,65,67,36,54,4,34,8,52,6,62" hai1="66,131,46,70,1,105,29,61,76,79,104,117,5" hai2="71,89,49,101,41,83,124,75,15,57,9,18,121" hai3="17,77,64,55,87,85,31,109,81,78,116,45,60"/><W129/><G116/><T28/><D118/><U82/><E131/><V40/><F71/><W128/><G31/><T80/><D36/><U13/><E79/><V74/><F124/><W42/><G109/><T12/><D6/><U37/><E13/><V103/><F121/><W39/><G55/><T32/><D80/><U99/><E29/><V2/><F2/><W106/><G106/><T107/><D107/><U108/><E99/><V122/><F122/><W111/><G111/><T113/><D65/><U44/><E44/><V93/><F75/><W119/><G119/><T115/><D32/><U72/><E108/><V100/><F74/><W50/><G39/><T27/><D115/><U43/><E117/><V86/><REACH who="2" step="1"/><F83/><REACH who="2" ten="320,260,160,250" step="2"/><W98/><G129/><T33/><D113/><U123/><REACH who="1" step="1"/><E123/><REACH who="1" ten="320,250,160,250" step="2"/><V59/><F59/><W23/><G128/><T3/><D3/><U84/><E84/><V94/><F94/><W73/><G85/><T11/><D34/><U130/><E130/><V35/><F35/><W10/><G87/><T47/><D47/><U22/><E22/><V134/><F134/><W135/><G23/><N who="0" m="15487" /><D8/><AGARI ba="0,2" hai="1,5,8,37,43,46,61,66,70,72,76,82,104,105" machi="8" ten="40,12000,2" yaku="1,1,25,2,33,3,53,1" doraHai="19" doraHaiUra="69" who="1" fromWho="0" sc="320,-120,250,140,160,0,250,0" /><INIT seed="4,0,0,3,4,81" ten="200,390,160,250" oya="0" hai0="3,92,129,6,8,64,101,10,36,115,106,100,86" hai1="87,83,55,23,117,47,52,57,71,15,123,60,49" hai2="119,22,99,34,51,1,82,0,70,95,4,80,104" hai3="9,120,43,84,16,50,94,77,85,121,79,103,28"/><T44/><D115/><U93/><E117/><V96/><F119/><W97/><G28/><T20/><D106/><U113/><E123/><N who="3" m="47178" /><G43/><T65/><D129/><U67/><E113/><V35/><F70/><W75/><G50/><T114/><D114/><U107/><E107/><V13/><F104/><W110/><G110/><T54/><D20/><U59/><E93/><V48/><F22/><W72/><G9/><T38/><D10/><U46/><E46/><V24/><F95/><W125/><G16/><T30/><D30/><U32/><E32/><V63/><F63/><W102/><G102/><T69/><D69/><U41/><E15/><V26/><REACH who="2" step="1"/><F13/><REACH who="2" ten="200,390,150,250" step="2"/><W33/><G33/><T2/><D2/><U66/><E23/><V42/><F42/><W58/><G94/><T91/><D100/><U61/><REACH who="1" step="1"/><E71/><REACH who="1" ten="200,380,150,250" step="2"/><V111/><F111/><W18/><G103/><T128/><D101/><U5/><E5/><AGARI ba="0,2" hai="0,1,4,5,24,26,34,35,48,51,80,82,96,99" machi="5" ten="25,3200,0" yaku="1,1,22,2,53,0" doraHai="81" doraHaiUra="7" who="2" fromWho="1" sc="200,0,380,-32,150,52,250,0" /><INIT seed="5,0,0,4,4,91" ten="200,348,202,250" oya="1" hai0="69,125,6,75,111,56,90,0,25,9,11,118,19" hai1="15,43,129,110,31,72,53,81,77,21,78,109,98" hai2="34,117,122,57,51,104,1,33,8,79,38,121,36" hai3="70,89,64,2,30,62,61,105,95,128,127,18,85"/><U124/><E129/><V49/><F104/><W76/><G128/><T103/><D111/><U112/><E124/><V39/><F117/><W115/><G115/><T28/><D118/><U83/><E112/><V126/><F126/><W92/><G105/><T20/><D69/><U50/><E43/><V107/><F107/><W22/><G127/><T23/><D125/><U16/><E31/><V74/><F79/><W58/><G2/><T132/><D75/><U106/><E106/><V14/><F74/><W46/><G46/><T35/><D103/><U42/><E98/><V3/><F57/><W101/><G76/><T29/><D56/><U41/><E110/><V54/><F54/><W133/><G133/><T67/><D90/><U47/><REACH who="1" step="1"/><E109/><REACH who="1" ten="200,338,202,250" step="2"/><V44/><F121/><W10/><G30/><N who="0" m="19919" /><D132/><U27/><E27/><V130/><F122/><W5/><G101/><T59/><D67/><U45/><E45/><V96/><F44/><W32/><G64/><T80/><D59/><U71/><E71/><V13/><F130/><W24/><G58/><T86/><D28/><U108/><E108/><V66/><F66/><W7/><G70/><T102/><D29/><U88/><E88/><V37/><F38/><W48/><G89/><N who="0" m="51399" /><D102/><U93/><E93/><V135/><F37/><W68/><G92/><T123/><D123/><U12/><E12/><V65/><F65/><W73/><G95/><T134/><D134/><U99/><E99/><V97/><F135/><W52/><G68/><T84/><D84/><AGARI ba="0,1" hai="15,16,21,41,42,47,50,53,72,77,78,81,83,84" machi="84" ten="30,5800,0" yaku="1,1,7,1,54,1,53,0" doraHai="91" doraHaiUra="26" who="1" fromWho="0" sc="200,-58,338,68,202,0,250,0" /><INIT seed="5,1,0,3,1,10" ten="142,406,202,250" oya="1" hai0="108,33,21,39,98,125,4,1,55,32,54,83,46" hai1="119,115,92,58,49,11,67,31,128,35,126,68,17" hai2="87,16,37,43,95,78,86,94,69,41,89,53,85" hai3="73,99,6,77,44,102,130,25,103,71,113,81,7"/><U65/><E92/><V36/><F69/><W34/><G103/><T23/><D108/><U28/><E49/><V62/><F78/><W47/><G113/><T20/><D125/><U135/><E58/><N who="2" m="35151" /><F37/><W57/><G130/><T2/><D98/><U12/><E65/><V105/><F105/><W82/><G82/><T3/><D4/><U60/><E119/><V9/><F36/><W111/><G57/><T109/><D109/><U120/><E128/><V72/><F72/><W124/><G71/><T93/><D93/><N who="2" m="35338" /><F89/><W112/><G112/><T27/><D83/><U107/><E120/><V88/><F88/><W91/><G91/><T0/><N who="0" m="0" /><DORA hai="59" /><T114/><D114/><U19/><E115/><V45/><F45/><W56/><G56/><T26/><D46/><U42/><E126/><V29/><F29/><W24/><G44/><T14/><D14/><AGARI ba="1,0" hai="9,14,16,41,43,85,86,87" m="35338,35151" machi="14" ten="30,7700,0" yaku="8,1,52,2,54,1" doraHai="10,59" who="2" fromWho="0" sc="142,-80,406,0,202,80,250,0" /><INIT seed="6,0,0,3,2,15" ten="62,406,282,250" oya="2" hai0="118,22,27,91,36,63,44,87,130,71,120,68,59" hai1="101,26,79,47,50,86,110,42,112,23,84,115,97" hai2="70,29,123,38,83,132,124,67,74,90,39,105,10" hai3="45,99,106,78,75,109,76,108,31,30,72,6,69"/><V95/><F123/><W89/><G69/><T65/><D120/><U94/><E110/><V119/><F119/><W128/><G6/><T19/><D130/><U35/><E35/><V117/><F124/><W55/><G45/><T54/><D118/><U127/><E127/><V40/><F105/><W1/><G106/><T113/><D113/><N who="1" m="43595" /><E79/><V107/><F107/><W121/><G99/><T4/><D4/><U93/><E93/><V62/><F117/><W51/><G51/><T96/><D96/><U37/><E37/><V25/><F132/><W0/><G55/><T114/><D114/><U48/><E48/><V80/><F10/><W49/><G49/><T13/><D13/><U16/><AGARI ba="0,0" hai="16,23,26,42,47,50,84,86,94,97,101" m="43595" machi="16" ten="30,4000,0" yaku="15,1,52,1,54,1" doraHai="15" who="1" fromWho="1" sc="62,-10,406,40,282,-20,250,-10" /><INIT seed="7,0,0,2,1,110" ten="52,446,262,240" oya="3" hai0="39,80,72,111,21,25,2,102,18,44,40,19,43" hai1="83,63,3,14,15,74,46,16,129,85,45,123,97" hai2="106,67,66,23,58,132,120,135,35,28,99,127,27" hai3="11,78,88,26,4,101,118,29,57,20,42,126,55"/><W113/><G126/><T116/><D116/><U30/><E123/><V38/><F38/><W62/><G113/><T91/><D111/><U59/><E129/><V56/><F120/><W119/><G78/><T82/><D43/><U52/><E74/><V5/><F5/><W73/><G73/><T89/><D102/><U124/><E3/><V95/><F106/><W131/><G131/><T128/><D128/><U122/><E122/><V36/><F36/><W47/><G101/><T94/><D80/><U34/><E124/><V12/><F12/><W133/><G133/><N who="2" m="51273" /><F35/><W76/><G76/><T87/><D2/><U69/><E69/><V112/><F112/><W24/><G24/><T103/><D103/><U81/><E81/><V64/><F127/><W61/><G61/><T121/><D121/><U75/><E75/><V96/><F96/><W125/><G88/><AGARI ba="0,0" hai="23,27,28,56,58,64,66,67,88,95,99" m="51273" machi="88" ten="30,2000,0" yaku="20,1,54,1" doraHai="110" who="2" fromWho="3" sc="52,0,446,0,262,20,240,-20" owari="52,-44.8,446,54.6,282,8.2,220,-18.0" /></mjloggm>