<mjloggm ver="2.3"><GO type="169" lobby="0"/><UN n0="%E3%83%AC%E3%82%AA%E3%83%B3%E3%83%8F%E3%83%AB%E3%83%88" n1="%E3%83%9E%E3%83%BC%E3%83%9C%E3%82%A6" n2="%69%77%61%69%77%61" n3="%43%68%61%72%6F%2E" dan="17,16,17,16" rate="2147.68,2103.84,2156.89,2138.31" sx="M,M,M,M"/><TAIKYOKU oya="0"/><INIT seed="0,0,0,1,4,24" ten="250,250,250,250" oya="0" hai0="81,88,27,7,114,74,94,123,17,57,0,36,102" hai1="86,100,96,23,125,131,44,109,12,34,70,101,46" hai2="41,60,78,85,89,38,63,37,84,99,110,14,18" hai3="111,54,77,122,62,43,119,91,45,113,30,107,11"/><T64/><D114/><U104/><E34/><V21/><F110/><W32/><G111/><T118/><D118/><U108/><E70/><V66/><F99/><W49/><G107/><T15/><D123/><U52/><E100/><V105/><F105/><W67/><G113/><T68/><D68/><U3/><E3/><V35/><F35/><W29/><G119/><T2/><D36/><U87/><E125/><V97/><F97/><W132/><G132/><T76/><D102/><U128/><E109/><V28/><F41/><W19/><G122/><T106/><D106/><U71/><E71/><V48/><F48/><N who="3" m="26687" /><G32/><T61/><D27/><U79/><E108/><V39/><F78/><W95/><G77/><T9/><REACH who="0" step="1"/><D7/><REACH who="0" ten="240,250,250,250" step="2"/><U22/><E101/><V50/><F39/><W120/><G120/><T129/><D129/><U112/><E104/><V8/><F38/><W10/><G19/><T53/><D53/><U56/><E112/><V90/><F37/><W130/><G130/><T82/><D82/><U31/><E52/><V126/><F18/><W80/><G80/><T40/><D40/><U93/><E131/><V115/><F115/><W42/><G42/><T5/><D5/><U20/><E128/><V127/><F127/><W134/><G134/><T51/><D51/><U6/><E6/><V13/><F50/><W58/><G54/><T135/><D135/><U65/><E93/><V47/><F126/><W25/><G49/><T83/><D83/><U133/><E133/><V33/><F47/><W55/><G55/><T121/><D121/><U117/><E46/><V26/><F26/><RYUUKYOKU ba="0,1" sc="240,30,250,-10,250,-10,250,-10" hai0="0,2,9,15,17,57,61,64,74,76,81,88,94" /><INIT seed="0,1,1,2,5,40" ten="270,240,240,240" oya="0" hai0="51,128,9,23,30,11,54,20,62,118,101,81,89" hai1="31,53,16,22,78,42,70,129,27,36,73,7,12" hai2="66,38,32,49,105,121,15,83,127,95,37,91,112" hai3="123,10,48,17,80,13,104,57,74,0,134,35,111"/><T50/><D118/><U39/><E129/><V110/><F112/><W135/><G111/><T76/><D128/><U33/><E70/><V117/><F105/><W87/><G74/><T56/><D101/><U2/><E53/><V107/><F107/><W44/><G104/><T46/><D50/><U98/><E98/><V60/><F32/><W65/><G35/><T119/><D89/><U130/><E130/><V64/><F121/><W29/><G29/><T120/><D119/><U58/><E58/><V82/><F127/><W125/><G0/><T93/><D93/><U24/><E24/><V5/><F110/><W41/><G125/><T85/><D120/><U47/><E39/><V131/><F64/><W72/><G72/><T103/><D103/><U52/><E52/><V79/><F131/><W114/><G114/><T109/><D109/><U86/><E73/><V77/><F77/><W90/><REACH who="3" step="1"/><G123/><REACH who="3" ten="270,240,240,230" step="2"/><T75/><D75/><U88/><E78/><V108/><F79/><W1/><G1/><T71/><D71/><U63/><E2/><V133/><F108/><W113/><G113/><T18/><D30/><U68/><E31/><V25/><F117/><W59/><G59/><T84/><D84/><U61/><E86/><V92/><F133/><W8/><G8/><N who="0" m="3147" /><D18/><U4/><E16/><V116/><F116/><W94/><G94/><T67/><AGARI ba="1,2" hai="20,23,46,51,54,56,62,67,76,81,85" m="3147" machi="67" ten="30,3000,0" yaku="8,1,52,1" doraHai="40" who="0" fromWho="0" sc="270,53,240,-11,240,-11,230,-11" /><INIT seed="0,2,0,0,5,133" ten="323,229,229,219" oya="0" hai0="116,103,47,89,7,23,26,12,0,132,25,65,91" hai1="14,37,42,118,61,102,16,119,52,98,4,121,44" hai2="27,105,59,115,128,49,9,95,86,110,8,135,109" hai3="96,76,57,120,3,53,21,77,123,60,30,36,124"/><T35/><D116/><U39/><E121/><N who="3" m="46666" /><G3/><T117/><D117/><U18/><E39/><V55/><F105/><W46/><G96/><T75/><D132/><U1/><E1/><V83/><F135/><W66/><G124/><T69/><D75/><U90/><E90/><V32/><F128/><W94/><G94/><T71/><D0/><U43/><E43/><V45/><F95/><W40/><G66/><T2/><D2/><U113/><E4/><V87/><F115/><W78/><G21/><T6/><D103/><U38/><E38/><V68/><F68/><W51/><G30/><T41/><D35/><U50/><E61/><AGARI ba="2,0" hai="36,40,46,51,53,57,60,61,76,77,78" m="46666" machi="61" ten="30,1000,0" yaku="13,1" doraHai="133" who="3" fromWho="1" sc="323,0,229,-16,229,0,219,16" /><INIT seed="1,0,0,1,1,9" ten="323,213,229,235" oya="1" hai0="111,12,68,77,13,73,21,36,114,127,116,71,66" hai1="3,104,79,101,25,109,26,89,46,42,100,117,99" hai2="58,115,32,15,86,62,94,10,8,6,76,51,93" hai3="61,102,97,57,96,92,133,123,38,48,81,65,108"/><U121/><E117/><V72/><F32/><W53/><G108/><T82/><D116/><U75/><E121/><V16/><F72/><W59/><G133/><T49/><D36/><U118/><E118/><V0/><F115/><W39/><G123/><T131/><D114/><U40/><E3/><V130/><F130/><W7/><G7/><T87/><D111/><U5/><E109/><V18/><F51/><W80/><G80/><T98/><D131/><U4/><E89/><V107/><F107/><W24/><G81/><T128/><D128/><U34/><E46/><V45/><F45/><W119/><G119/><T31/><D127/><U110/><E110/><V129/><F18/><W30/><REACH who="3" step="1"/><G96/><REACH who="3" ten="323,213,229,225" step="2"/><T52/><D98/><U20/><E99/><V56/><F129/><W70/><G70/><T27/><D71/><U22/><E104/><V126/><F126/><W47/><G47/><T37/><D68/><U60/><E75/><V105/><F105/><W11/><G11/><T135/><D73/><U63/><REACH who="1" step="1"/><E79/><REACH who="1" ten="323,203,229,225" step="2"/><V64/><F76/><W2/><G2/><T132/><D77/><U28/><E28/><V67/><F86/><W84/><G84/><T14/><D87/><U69/><E69/><V54/><F0/><W112/><G112/><T122/><D122/><U113/><E113/><V55/><F93/><W106/><G106/><T50/><D31/><U88/><E88/><V29/><F94/><W83/><G83/><T44/><D82/><U103/><E103/><V78/><F78/><W125/><G125/><T124/><D124/><U95/><E95/><V41/><F29/><RYUUKYOKU ba="0,2" sc="323,-15,203,15,229,-15,225,15" hai1="4,5,20,22,25,26,34,40,42,60,63,100,101" hai3="24,30,38,39,48,53,57,59,61,65,92,97,102" /><INIT seed="1,1,2,3,4,9" ten="308,218,214,240" oya="1" hai0="85,106,55,8,1,74,21,36,122,13,90,89,76" hai1="26,130,107,12,41,80,47,38,53,20,25,15,44" hai2="101,87,129,71,91,102,97,133,62,116,73,29,4" hai3="7,112,92,50,94,64,59,68,128,105,30,37,63"/><U111/><E107/><V127/><F116/><W99/><G112/><T19/><D106/><U96/><E130/><V57/><F73/><W124/><G124/><T84/><D74/><U123/><E123/><V77/><F77/><W48/><G128/><T135/><D135/><U110/><E96/><V22/><F71/><W45/><G7/><T67/><D122/><U35/><E35/><V81/><F133/><W3/><G3/><T118/><D36/><U65/><E65/><V86/><F86/><W82/><G82/><T134/><D118/><U0/><E0/><V114/><F127/><W17/><G30/><T33/><D33/><U46/><E80/><V27/><F114/><W109/><G109/><N who="1" m="41482" /><E26/><V98/><F98/><W66/><G66/><T117/><D67/><U52/><E41/><V70/><F70/><W75/><G75/><T40/><D40/><U103/><E103/><V115/><F115/><W2/><G2/><T23/><D1/><U83/><E83/><V95/><F129/><W43/><G105/><T108/><D108/><U11/><E38/><V6/><F101/><W32/><G32/><T131/><D131/><U24/><E24/><V28/><F28/><W61/><G99/><T120/><D120/><U54/><E11/><V79/><F79/><W16/><G94/><N who="0" m="54567" /><D76/><U119/><E119/><V10/><F10/><W58/><G92/><N who="0" m="54351" /><D117/><U72/><E72/><V42/><F42/><W93/><G93/><T88/><D134/><U121/><E121/><V49/><F81/><W78/><G78/><T100/><D100/><U60/><E60/><V34/><F62/><RYUUKYOKU ba="1,2" sc="308,-10,218,30,214,-10,240,-10" hai1="12,15,20,25,44,46,47,52,53,54" /><INIT seed="1,2,2,3,4,85" ten="298,248,204,230" oya="1" hai0="57,133,99,89,49,23,78,130,5,14,116,33,105" hai1="84,92,55,42,83,37,74,103,80,38,18,7,122" hai2="135,70,45,40,65,29,66,101,125,112,34,15,17" hai3="53,56,86,129,28,123,119,59,77,58,36,104,73"/><U115/><E122/><V61/><F125/><W3/><G73/><T121/><D33/><U75/><E115/><V94/><F135/><W117/><G104/><T126/><D116/><N who="3" m="44617" /><G123/><T108/><D121/><U107/><E7/><V6/><F112/><W109/><G109/><T20/><D126/><U12/><E107/><V35/><F6/><W41/><G3/><T76/><D133/><U63/><E75/><V100/><F66/><W128/><G28/><T81/><D130/><N who="3" m="50281" /><G41/><T127/><D108/><U52/><E42/><V69/><F69/><W79/><G36/><T47/><D105/><U10/><E38/><V11/><F29/><W26/><G26/><T9/><D57/><N who="3" m="22121" /><G86/><N who="0" m="50383" /><D99/><U88/><E37/><V62/><F34/><W24/><G24/><T16/><D127/><U113/><E113/><V0/><F35/><W39/><G39/><T2/><D2/><U90/><E74/><V43/><F0/><W110/><G110/><T44/><D44/><U68/><E68/><V95/><F45/><W72/><G72/><T132/><D132/><U48/><E84/><V1/><F1/><W67/><G67/><T118/><D118/><U134/><E134/><V120/><F120/><W30/><G30/><T124/><D124/><U87/><E87/><V111/><F111/><W21/><G21/><N who="0" m="8267" /><D5/><U32/><E32/><V97/><F61/><AGARI ba="2,2" hai="53,59,61,77,79" m="22121,50281,44617" machi="61" ten="30,2000,0" yaku="12,1,19,1" doraHai="85" who="3" fromWho="2" sc="298,0,248,0,204,-26,230,46" /><INIT seed="2,0,0,0,2,117" ten="298,248,178,276" oya="2" hai0="99,16,119,11,76,46,10,8,120,91,78,94,2" hai1="20,133,6,103,88,86,45,4,51,24,116,70,100" hai2="43,109,107,44,39,112,33,32,101,12,41,111,59" hai3="52,90,126,58,77,42,25,83,34,93,69,95,30"/><V85/><F112/><W66/><G126/><T84/><D119/><U3/><E116/><V26/><F41/><W127/><G127/><T92/><D120/><U5/><E133/><V134/><F134/><W29/><G29/><T98/><D2/><U106/><E70/><V22/><F12/><W82/><G42/><T64/><D64/><U132/><E3/><V27/><F101/><W118/><G118/><T96/><D46/><U72/><E72/><V73/><F107/><W65/><G95/><T125/><D125/><U23/><E106/><V49/><F73/><W54/><G54/><T131/><D131/><U71/><E71/><V60/><F85/><W113/><G113/><T21/><REACH who="0" step="1"/><D94/><REACH who="0" ten="288,248,178,276" step="2"/><U115/><E115/><V37/><F109/><W28/><G66/><T89/><D89/><U38/><E45/><V62/><F111/><W56/><G93/><T128/><D128/><U1/><E1/><V74/><F44/><W35/><G90/><T81/><D81/><U53/><E88/><V47/><F47/><W14/><G83/><T79/><D79/><U31/><E132/><V17/><F43/><W63/><G82/><T108/><D108/><U129/><E129/><V122/><F122/><W50/><G77/><T7/><D7/><U36/><E4/><V75/><F39/><W80/><G80/><T40/><D40/><U130/><E36/><V18/><F37/><W19/><G65/><T68/><D68/><U135/><E38/><V105/><F105/><W97/><G69/><T123/><D123/><U0/><E130/><V15/><F74/><W124/><G124/><RYUUKYOKU ba="0,1" sc="288,30,248,-10,178,-10,276,-10" hai0="8,10,11,16,21,76,78,84,91,92,96,98,99" /><INIT seed="3,1,1,2,2,59" ten="318,238,168,266" oya="3" hai0="54,65,96,111,23,131,73,135,72,118,133,60,89" hai1="104,51,86,127,95,78,123,115,61,57,43,1,17" hai2="25,20,49,56,70,37,88,12,36,30,92,77,5" hai3="81,79,84,69,66,58,0,98,109,48,91,120,116"/><W24/><G116/><T67/><D118/><U47/><E115/><V85/><F70/><W122/><G0/><T7/><D111/><U31/><E123/><V75/><F75/><W52/><G109/><T108/><D108/><U80/><E104/><V106/><F106/><W132/><G132/><N who="0" m="50763" /><D131/><U124/><E1/><V40/><F77/><W103/><G79/><T64/><D7/><U46/><E31/><V87/><F87/><W38/><G38/><T63/><D23/><U125/><E17/><V74/><F74/><N who="0" m="28778" /><D54/><U129/><E129/><V112/><F112/><W101/><G24/><T27/><D27/><U121/><E121/><V42/><F36/><W26/><G26/><T62/><D89/><U41/><E95/><V29/><F37/><W11/><G11/><T99/><AGARI ba="1,1" hai="60,62,63,64,65,67,96,99" m="28778,50763" machi="99" ten="40,12000,2" yaku="28,2,20,1,52,3" doraHai="59" who="0" fromWho="0" sc="318,133,238,-31,168,-31,266,-61" /><INIT seed="4,0,0,2,4,42" ten="451,207,137,205" oya="0" hai0="130,88,101,65,133,98,85,76,49,44,32,87,18" hai1="61,107,10,86,57,22,2,60,45,8,132,70,71" hai2="29,54,135,17,78,19,113,63,81,24,55,40,7" hai3="131,41,4,109,46,34,37,9,16,128,5,96,102"/><T119/><D119/><U52/><E107/><V38/><F113/><W69/><G69/><T84/><D130/><N who="3" m="49705" /><G34/><T118/><D133/><U58/><E132/><V95/><F135/><W114/><G109/><T99/><D118/><U104/><E104/><V0/><F95/><N who="3" m="58655" /><G114/><T120/><D120/><U94/><E22/><V103/><F103/><W25/><G25/><T93/><D32/><U36/><E94/><V39/><F0/><W31/><G31/><T129/><D65/><U110/><E110/><V82/><F7/><W72/><G72/><T106/><D18/><U6/><E86/><V3/><F3/><W127/><G127/><T91/><D91/><U27/><E10/><V125/><F125/><W111/><G111/><T13/><D13/><AGARI ba="0,0" hai="4,5,9,13,16,37,41,46" m="58655,49705" machi="13" ten="30,3900,0" yaku="19,1,52,1,54,1" doraHai="42" who="3" fromWho="0" sc="451,-39,207,0,137,0,205,39" /><INIT seed="5,0,0,4,3,7" ten="412,207,137,244" oya="1" hai0="4,73,120,43,19,88,119,93,39,1,47,135,110" hai1="111,0,91,31,36,126,72,59,68,62,42,53,24" hai2="97,131,109,14,99,46,35,70,20,102,85,38,30" hai3="106,27,58,134,98,133,80,132,55,63,86,15,127"/><U16/><E72/><V57/><F70/><W13/><G127/><T11/><D110/><U74/><E74/><V61/><F109/><W123/><G123/><T78/><D119/><U54/><E111/><V21/><F131/><W18/><G27/><T112/><D112/><U89/><E68/><V52/><F35/><W87/><G80/><N who="0" m="45135" /><D19/><U79/><E0/><V17/><F38/><W108/><G108/><T60/><D60/><U117/><E117/><V28/><F46/><W51/><G13/><T6/><D6/><U82/><E126/><V32/><F32/><W122/><G122/><T116/><D116/><U64/><E79/><V105/><F85/><W48/><G48/><T50/><D50/><U104/><E104/><V65/><F65/><W75/><G75/><T81/><D81/><U115/><E115/><V37/><F37/><W94/><G106/><T77/><D77/><U8/><E36/><V101/><REACH who="2" step="1"/><F20/><REACH who="2" ten="412,207,127,244" step="2"/><W34/><G34/><T114/><D114/><U100/><E64/><V69/><F69/><W67/><G86/><N who="0" m="52375" /><D120/><U84/><E84/><V118/><F118/><W103/><G87/><T66/><D66/><U56/><E56/><V3/><F3/><W113/><G113/><T9/><D47/><U33/><E59/><V2/><F2/><W95/><G67/><T121/><D39/><U107/><E33/><V128/><F128/><W5/><G134/><T92/><D135/><U22/><E22/><V129/><F129/><W12/><G133/><T71/><D121/><U10/><E107/><AGARI ba="0,1" hai="14,17,21,28,30,52,57,61,97,99,101,102,105,107" machi="107" ten="30,7700,0" yaku="1,1,7,1,9,1,54,1,53,0" doraHai="7" doraHaiUra="130" who="2" fromWho="1" sc="412,0,207,-77,127,87,244,0" /><INIT seed="6,0,0,1,0,50" ten="412,130,214,244" oya="2" hai0="8,20,84,19,119,133,123,69,103,43,0,109,18" hai1="51,97,70,64,98,125,11,89,44,58,3,95,79" hai2="132,117,90,120,15,34,80,73,22,121,7,72,106" hai3="131,91,110,101,124,81,24,40,47,118,36,108,83"/><V56/><F34/><W88/><G118/><T122/><D109/><U29/><E70/><V100/><F117/><W49/><G124/><T35/><D35/><U85/><E125/><V39/><F39/><W27/><G101/><T59/><D69/><U4/><E29/><V94/><F7/><W38/><G49/><T76/><D119/><U17/><E79/><V53/><F132/><W23/><G23/><T114/><D103/><U66/><E17/><V74/><F80/><W45/><REACH who="3" step="1"/><G40/><REACH who="3" ten="412,130,214,234" step="2"/><T68/><D43/><U33/><E33/><V46/><F100/><W129/><AGARI ba="0,1" hai="24,27,36,38,45,47,81,83,88,91,108,110,129,131" machi="129" ten="25,12000,2" yaku="1,1,2,1,0,1,22,2,54,1,53,0" doraHai="50" doraHaiUra="30" who="3" fromWho="3" sc="412,-30,130,-30,214,-60,234,130" /><INIT seed="7,0,0,0,4,88" ten="382,100,154,364" oya="3" hai0="70,29,121,20,61,49,91,24,89,46,34,41,73" hai1="78,12,74,93,131,128,59,22,40,69,105,44,85" hai2="38,37,133,26,118,110,8,134,31,94,102,52,77" hai3="80,71,86,47,99,30,35,43,72,123,60,18,90"/><W16/><G123/><T84/><D73/><U76/><E69/><V68/><F118/><W50/><G72/><T127/><D121/><U122/><E105/><V120/><F120/><W104/><G35/><T62/><D127/><U92/><E74/><V9/><F110/><W6/><G30/><T54/><D70/><U117/><E122/><V67/><F77/><N who="1" m="29801" /><E117/><V106/><F106/><W135/><G6/><T4/><D4/><U63/><E85/><V53/><F102/><W45/><G135/><N who="2" m="51721" /><F94/><N who="1" m="36457" /><E22/><V13/><F8/><W55/><G71/><T75/><D75/><U83/><E83/><V96/><F67/><W27/><G27/><T21/><D34/><U1/><E1/><V95/><F95/><W113/><G113/><T28/><D20/><U2/><E2/><V51/><F96/><W66/><G66/><T33/><D33/><U14/><E44/><V129/><F68/><W114/><G114/><T56/><D29/><U39/><E40/><V101/><F101/><W79/><G60/><N who="0" m="23147" /><D84/><U103/><E103/><V81/><F81/><N who="3" m="49487" /><G99/><T3/><D3/><U57/><E39/><V109/><F37/><N who="3" m="21743" /><G104/><T42/><D42/><U130/><E59/><V82/><F82/><W32/><G32/><T97/><D97/><U116/><E116/><V0/><F0/><W124/><G124/><T119/><D119/><U19/><E19/><N who="3" m="7210" /><G80/><T107/><D107/><U126/><E126/><V7/><F38/><W98/><G98/><T11/><D11/><U17/><E17/><V36/><F36/><W64/><G79/><T132/><D132/><U108/><E108/><V48/><F109/><RYUUKYOKU ba="0,0" sc="382,10,100,10,154,-30,364,10" hai0="21,24,28,41,46,49,54,56,89,91" hai1="12,14,57,63,128,130,131" hai3="47,50,55,64" /><INIT seed="7,1,0,3,3,19" ten="392,110,124,374" oya="3" hai0="67,57,47,122,135,72,13,116,98,102,31,88,37" hai1="40,6,95,118,9,43,44,42,76,20,62,11,105" hai2="71,65,51,22,7,49,110,120,4,132,101,117,53" hai3="79,114,25,2,82,134,130,96,93,111,113,115,41"/><W55/><G111/><T15/><D116/><U24/><E105/><V46/><F110/><W60/><G130/><T14/><D122/><U73/><E118/><V107/><F117/><W33/><G134/><T12/><D135/><U126/><E126/><V100/><F132/><W112/><N who="3" m="28672" /><DORA hai="74" /><W21/><G2/><T17/><D72/><U99/><E73/><V108/><F71/><W34/><G41/><T131/><D131/><U109/><E109/><V59/><F65/><W64/><G55/><T29/><D88/><N who="1" m="55783" /><E44/><V39/><F39/><W80/><G60/><N who="0" m="38287" /><D47/><U10/><E76/><V35/><F35/><N who="3" m="13323" /><G64/><T63/><D63/><U119/><E119/><V26/><F107/><W52/><G52/><T56/><D56/><U128/><E128/><V78/><F78/><W28/><G79/><T69/><D69/><U91/><E91/><AGARI ba="1,0" hai="21,25,28,80,82,91,93,96" m="13323,28672" machi="91" ten="60,5800,0" yaku="15,1,52,1" doraHai="19,74" who="3" fromWho="1" sc="392,0,110,-61,124,0,374,61" owari="392,19.2,49,-45.1,124,-27.6,435,53.5" /></mjloggm>