<mjloggm ver="2.3"><GO type="169" lobby="0"/><UN n0="%E3%81%9F%E3%81%8B%E3%81%A3%E3%81%A6%E3%81%83%E3%83%BC" n1="%41%6D%69%63%68%61%6E" n2="%E7%8E%84%E9%85%94%E6%A5%BC" n3="%33%37%E6%82%A0%E4%B8%80" dan="18,16,16,17" rate="2193.36,2076.61,2152.12,2184.40" sx="F,F,M,M"/><TAIKYOKU oya="0"/><INIT seed="0,0,0,2,5,50" ten="250,250,250,250" oya="0" hai0="105,110,130,47,24,59,102,112,32,58,56,94,41" hai1="116,115,28,108,69,31,77,17,48,10,40,85,119" hai2="67,11,99,12,104,106,86,122,96,89,111,101,124" hai3="16,88,22,81,53,70,62,7,126,98,3,39,80"/><T36/><D112/><U125/><E115/><V92/><F122/><W73/><G39/><T23/><D130/><U14/><E69/><V29/><F111/><W127/><G3/><T75/><D75/><U2/><E108/><V49/><F124/><N who="3" m="47659" /><G7/><T78/><D110/><U103/><E125/><V107/><F29/><W15/><G70/><T42/><D78/><U26/><E103/><V38/><F38/><W46/><G73/><T83/><D83/><N who="1" m="47343" /><E2/><V100/><F67/><W33/><G33/><T135/><D32/><U27/><E119/><V72/><F72/><W6/><G6/><T63/><D105/><U132/><E132/><V1/><F1/><W129/><G129/><T121/><D42/><U54/><E40/><V114/><F114/><W79/><G79/><T45/><D45/><N who="1" m="27919" /><E116/><V19/><REACH who="2" step="1"/><F49/><REACH who="2" ten="250,250,240,250" step="2"/><N who="3" m="28855" /><G62/><T123/><D135/><U113/><E113/><V60/><F60/><W97/><G80/><AGARI ba="0,1" hai="11,12,19,80,86,89,92,96,99,100,101,104,106,107" machi="80" ten="30,2000,0" yaku="1,1,7,1,53,0" doraHai="50" doraHaiUra="30" who="2" fromWho="3" sc="250,0,250,0,240,30,250,-20" /><INIT seed="1,0,0,0,2,114" ten="250,250,270,230" oya="1" hai0="88,6,5,21,27,84,64,125,19,24,95,129,65" hai1="52,91,74,0,11,42,69,98,108,131,67,97,50" hai2="115,36,109,122,93,90,132,83,133,15,16,60,28" hai3="110,61,29,101,26,7,14,104,30,68,106,47,2"/><U49/><E74/><V130/><F115/><W126/><G126/><T85/><D125/><U58/><E131/><V38/><F122/><W10/><G110/><T124/><D124/><U20/><E108/><V78/><F28/><W120/><G120/><T113/><D113/><U53/><E42/><V73/><F60/><W40/><G29/><T25/><D129/><U55/><E69/><V127/><F130/><W13/><G13/><N who="0" m="9455" /><D85/><U128/><E128/><V99/><F109/><W119/><G14/><T70/><D70/><U44/><E67/><AGARI ba="0,0" hai="5,6,24,25,27,64,65,67,84,88,95" m="9455" machi="67" ten="30,2000,0" yaku="8,1,54,1" doraHai="114" who="0" fromWho="1" sc="250,20,250,-20,270,0,230,0" /><INIT seed="2,0,0,2,2,107" ten="270,230,270,230" oya="2" hai0="55,73,126,47,77,45,87,6,56,131,115,5,31" hai1="99,122,109,117,84,30,125,101,52,75,78,11,22" hai2="32,96,83,118,40,62,120,71,28,102,13,59,81" hai3="113,134,98,103,48,8,19,68,86,16,10,133,53"/><V42/><F118/><W97/><G68/><T9/><D115/><U130/><E117/><V111/><F120/><W82/><G113/><T60/><D126/><U14/><E125/><V79/><F111/><W129/><G129/><T18/><D131/><U37/><E109/><V1/><F1/><W112/><G112/><T0/><D6/><U50/><E37/><V35/><F13/><W17/><G133/><T21/><D31/><U119/><E119/><V74/><F81/><W108/><G108/><T23/><D87/><U124/><E124/><V127/><F127/><W36/><G36/><T104/><D104/><U114/><E114/><V67/><F59/><W54/><G134/><T61/><D61/><U38/><E38/><V33/><REACH who="2" step="1"/><F28/><REACH who="2" ten="270,230,260,230" step="2"/><W94/><G98/><T29/><D29/><U69/><E69/><V4/><F4/><W44/><REACH who="3" step="1"/><G54/><REACH who="3" ten="270,230,260,220" step="2"/><T26/><D55/><U88/><E52/><V80/><F80/><W25/><G25/><T70/><D26/><U2/><E122/><V15/><F15/><W105/><G105/><AGARI ba="0,2" hai="32,33,35,40,42,62,67,71,74,79,83,96,102,105" machi="105" ten="40,7700,0" yaku="1,1,52,1,53,1" doraHai="107" doraHaiUra="106" who="2" fromWho="3" sc="270,0,230,0,260,97,220,-77" /><INIT seed="2,1,0,4,0,135" ten="270,230,357,143" oya="2" hai0="46,42,43,51,129,52,110,124,68,45,111,19,94" hai1="35,61,102,123,115,96,133,39,86,78,83,16,0" hai2="126,105,120,107,26,108,109,75,47,116,118,30,57" hai3="31,56,41,24,25,49,128,106,58,113,36,1,50"/><V97/><F120/><W81/><G113/><T60/><D129/><U63/><E115/><V121/><F121/><W8/><G128/><T29/><D29/><U22/><E35/><V69/><F69/><W122/><G122/><T10/><D124/><U23/><E39/><V27/><F75/><W59/><G106/><N who="2" m="40457" /><F97/><W28/><G81/><T13/><D94/><N who="1" m="58647" /><E0/><V88/><F88/><W5/><G36/><T132/><D132/><U37/><E37/><V127/><F57/><W12/><G41/><T134/><D134/><U80/><E123/><V112/><F47/><W4/><G1/><T62/><D68/><U66/><E133/><V3/><F3/><W74/><G74/><T14/><D14/><U54/><E80/><V76/><F76/><W89/><G89/><T130/><D130/><U77/><E77/><V98/><F98/><W85/><G85/><T21/><D10/><U6/><E6/><V11/><F11/><W119/><G119/><N who="2" m="45609" /><F112/><W44/><G44/><T32/><D32/><U99/><E99/><V33/><F26/><N who="3" m="10347" /><G4/><T40/><REACH who="0" step="1"/><D46/><REACH who="0" ten="260,230,357,143" step="2"/><U7/><E23/><V18/><F18/><W91/><G31/><T64/><D64/><U79/><E7/><V38/><F38/><W103/><G28/><T72/><D72/><U100/><E66/><V70/><F70/><W82/><G103/><T117/><D117/><U87/><E100/><V125/><AGARI ba="1,1" hai="27,30,33,108,109,125,126,127" m="45609,40457" machi="125" ten="50,12000,1" yaku="18,1,23,1,52,3" doraHai="135" who="2" fromWho="2" sc="260,-41,230,-41,357,133,143,-41" /><INIT seed="2,2,0,2,0,12" ten="219,189,490,102" oya="2" hai0="26,125,84,100,99,3,76,120,69,118,78,29,67" hai1="31,68,98,21,13,51,23,42,113,102,57,19,121" hai2="74,52,79,48,103,133,7,72,89,75,108,80,112" hai3="2,129,54,60,132,58,9,59,17,73,126,115,20"/><V30/><F112/><W45/><G73/><T22/><D120/><U16/><E68/><V40/><F133/><W28/><G115/><T5/><D125/><U56/><E121/><V8/><F40/><W130/><G28/><T32/><D118/><U127/><E113/><V41/><F41/><W85/><G126/><T87/><D3/><U37/><E37/><V77/><F103/><W109/><G109/><T95/><D5/><U27/><E127/><V65/><F65/><W64/><G45/><T15/><D69/><U122/><E122/><V33/><F108/><W18/><G132/><T128/><D67/><U6/><E6/><V34/><F89/><W70/><G70/><T1/><D1/><U135/><E135/><V25/><F77/><N who="0" m="29802" /><D32/><U105/><REACH who="1" step="1"/><E31/><REACH who="1" ten="219,179,490,102" step="2"/><V10/><F7/><W24/><G85/><T124/><D124/><U11/><E11/><V107/><F8/><W114/><G114/><T46/><D87/><U96/><E96/><V97/><F10/><W83/><G83/><T123/><D84/><U82/><E82/><V35/><F72/><W119/><G119/><T116/><D99/><U43/><E43/><V63/><F74/><W36/><G36/><T104/><D29/><U50/><E50/><V71/><F48/><N who="3" m="31047" /><G2/><T111/><D123/><U86/><E86/><V93/><F71/><W91/><G9/><T92/><D116/><U106/><E106/><V90/><F107/><W39/><G39/><T110/><D104/><U38/><E38/><V53/><F63/><W61/><G61/><T55/><D111/><U101/><E101/><V62/><F62/><RYUUKYOKU ba="2,1" sc="219,-15,179,15,490,15,102,-15" hai1="13,16,19,21,23,27,42,51,56,57,98,102,105" hai2="25,30,33,34,35,52,53,75,79,80,90,93,97" /><INIT seed="2,3,1,1,3,131" ten="204,194,505,87" oya="2" hai0="51,95,124,4,117,2,30,60,80,31,19,5,112" hai1="34,77,59,103,107,70,55,24,56,92,101,52,54" hai2="76,102,130,72,8,134,29,68,63,122,58,48,12" hai3="18,108,84,57,64,82,118,7,135,41,115,88,25"/><V133/><F122/><W104/><G118/><T79/><D112/><U85/><E70/><V71/><F130/><W106/><G115/><T109/><D117/><U35/><E107/><V67/><F102/><N who="1" m="38921" /><E24/><V26/><F76/><W74/><G74/><T27/><D109/><U78/><E92/><V53/><F72/><W121/><G121/><T33/><D124/><U0/><E85/><V17/><REACH who="2" step="1"/><F68/><REACH who="2" ten="204,194,495,87" step="2"/><W125/><G125/><T42/><D79/><N who="1" m="30219" /><E0/><V123/><F123/><W110/><G110/><T47/><D2/><U14/><E14/><V38/><F38/><W86/><G108/><T132/><D27/><U97/><E97/><V39/><F39/><W75/><G75/><T96/><D96/><U105/><E105/><V32/><AGARI ba="3,2" hai="8,12,17,26,29,32,48,53,58,63,67,71,133,134" machi="32" ten="30,11700,0" yaku="1,1,0,1,52,2,53,0" doraHai="131" doraHaiUra="113" who="2" fromWho="2" sc="204,-42,194,-42,495,146,87,-42" /><INIT seed="2,4,0,2,5,97" ten="162,152,641,45" oya="2" hai0="13,119,78,135,41,60,73,53,76,116,32,82,126" hai1="37,22,101,115,1,66,98,45,26,80,25,67,120" hai2="110,71,132,0,108,38,79,4,18,43,113,96,74" hai3="55,15,29,130,64,33,23,5,72,92,36,48,59"/><V103/><F113/><W107/><G107/><T10/><D32/><U40/><E1/><V54/><F71/><W117/><G72/><T77/><D126/><U56/><E115/><V112/><F112/><W49/><G36/><T134/><D41/><U9/><E120/><V14/><F132/><N who="0" m="50730" /><D53/><U81/><E9/><N who="2" m="2183" /><F54/><W118/><G33/><T31/><D60/><U34/><E34/><V100/><F96/><W104/><G104/><T93/><D31/><U3/><E3/><V75/><F43/><W61/><G130/><T129/><D129/><U123/><E123/><V57/><F57/><W90/><G49/><T50/><D50/><U124/><E124/><V131/><F38/><W109/><G5/><N who="0" m="3279" /><D93/><U52/><E80/><N who="2" m="45175" /><F75/><W95/><G95/><T85/><D73/><U62/><E81/><V122/><F122/><W128/><G128/><T127/><D127/><U28/><REACH who="1" step="1"/><E26/><REACH who="1" ten="162,142,641,45" step="2"/><V17/><F131/><W70/><G15/><T68/><D68/><U51/><E51/><V102/><F14/><W24/><REACH who="3" step="1"/><G109/><AGARI ba="4,1" hai="17,18,100,102,103,108,109,110" m="45175,2183" machi="109" ten="30,12000,1" yaku="14,1,10,1,52,3" doraHai="97" who="2" fromWho="3" sc="162,0,142,0,641,142,45,-132" owari="162,-3.8,142,-25.8,783,88.3,-87,-58.7" /></mjloggm>