<mjloggm ver="2.3"><GO type="169" lobby="0"/><UN n0="%E5%9C%A8%E5%8E%9F%E4%B8%83%E6%B5%B7%E5%A4%A7%E5%A5%BD%E3%81%8D" n1="%E3%83%9E%E3%83%9E%E3%83%AC%E3%83%BC%E3%83%89%E7%94%B7" n2="%E9%81%8A%E8%B5%B0" n3="%63%68%69%73%73" dan="17,16,16,16" rate="2230.24,2022.89,2200.91,2166.72" sx="M,M,F,M"/><TAIKYOKU oya="0"/><INIT seed="0,0,0,0,3,21" ten="250,250,250,250" oya="0" hai0="111,50,79,78,85,1,94,32,33,119,68,41,62" hai1="83,48,80,51,104,44,20,106,126,112,69,110,70" hai2="113,14,100,38,61,8,47,81,5,127,18,27,63" hai3="56,26,0,86,65,105,88,132,99,19,10,76,84"/><T90/><D119/><U46/><E20/><V15/><F113/><W131/><G132/><T71/><D1/><U73/><E73/><V67/><F127/><W28/><G131/><T124/><D71/><U6/><E6/><V102/><F81/><W135/><G135/><T115/><D68/><U45/><E45/><V114/><F114/><W29/><G105/><T22/><D33/><U60/><E60/><V54/><F27/><W77/><G0/><T39/><D39/><U107/><E112/><V128/><F128/><W109/><G109/><T87/><D32/><U97/><E107/><V17/><F5/><W101/><G101/><T66/><D111/><U3/><E3/><V11/><F38/><W16/><G99/><T92/><D22/><U108/><REACH who="1" step="1"/><E97/><REACH who="1" ten="250,240,250,250" step="2"/><V37/><F37/><W93/><G10/><T7/><D7/><U96/><E96/><V36/><F36/><W130/><G130/><T57/><D115/><U64/><E64/><V42/><F42/><W118/><G118/><T98/><D98/><U74/><E74/><V91/><F63/><N who="3" m="38119" /><G84/><T103/><D103/><U40/><E40/><V133/><F133/><W23/><G29/><T24/><D87/><U117/><E117/><V12/><F67/><W116/><G116/><T89/><D41/><U82/><E82/><V9/><F47/><W49/><G49/><T59/><D50/><U55/><E55/><V72/><F72/><W95/><G95/><T25/><D66/><U123/><E123/><V34/><F102/><W43/><G43/><T2/><D62/><U121/><E121/><V35/><F100/><RYUUKYOKU ba="0,1" sc="250,-15,240,15,250,-15,250,15" hai1="44,46,48,51,69,70,80,83,104,106,108,110,126" hai3="16,19,23,26,28,76,77,86,88,93" /><INIT seed="1,1,1,3,1,109" ten="235,255,235,265" oya="1" hai0="15,18,72,127,60,39,84,74,131,83,62,118,35" hai1="42,53,87,14,27,101,80,85,7,44,43,9,28" hai2="128,89,41,130,117,65,79,5,96,111,135,94,95" hai3="92,132,104,108,123,82,121,73,10,31,49,125,13"/><U21/><E101/><V112/><F41/><W4/><G104/><T30/><D39/><U33/><E33/><V32/><F32/><W54/><G108/><T90/><D118/><U103/><E103/><V29/><F29/><W67/><G125/><T98/><D131/><N who="2" m="50218" /><F111/><W51/><G31/><T93/><D72/><U23/><E23/><V61/><F117/><W110/><G110/><T34/><D74/><U122/><E122/><V59/><F135/><W134/><G67/><T20/><D127/><U25/><E25/><V100/><F79/><N who="3" m="44399" /><G92/><T71/><D71/><U77/><REACH who="1" step="1"/><E85/><REACH who="1" ten="235,245,235,265" step="2"/><V46/><F100/><W50/><G123/><T115/><D35/><U45/><E45/><V3/><F46/><N who="3" m="27959" /><G121/><T64/><D34/><U106/><E106/><V86/><F96/><W11/><G11/><T48/><D98/><U52/><E52/><V0/><F86/><W126/><G126/><T63/><D84/><U2/><E2/><V124/><F3/><W99/><G99/><T114/><D20/><U47/><E47/><V70/><F124/><W75/><G75/><T24/><D24/><U68/><E68/><V57/><F70/><W129/><G129/><T105/><D105/><U78/><E78/><V120/><F0/><W116/><G116/><T12/><D12/><U58/><E58/><V56/><F120/><W8/><G10/><T37/><D15/><U91/><E91/><V133/><F57/><W19/><G4/><T113/><D90/><U107/><E107/><V38/><F59/><W1/><G1/><T81/><D64/><U22/><E22/><V55/><F5/><RYUUKYOKU ba="1,2" sc="235,-15,245,15,235,-15,265,15" hai1="7,9,14,21,27,28,42,43,44,53,77,80,87" hai3="8,13,19,50,51,132,134" /><INIT seed="1,2,2,4,5,81" ten="220,260,220,280" oya="1" hai0="3,88,123,117,2,9,46,20,51,120,48,16,121" hai1="100,30,65,60,54,63,7,28,125,75,101,39,71" hai2="78,104,27,19,59,24,18,6,92,96,135,56,1" hai3="32,118,42,47,113,13,8,116,58,124,103,35,84"/><U40/><E75/><V85/><F104/><W107/><G113/><T49/><D117/><N who="3" m="45161" /><G124/><T98/><D46/><U31/><E125/><V77/><F135/><W21/><G21/><T53/><D53/><U105/><E7/><V79/><F6/><N who="3" m="3223" /><G58/><N who="2" m="22057" /><F1/><W97/><G84/><T36/><D36/><AGARI ba="2,2" hai="32,35,36,42,47,97,103,107" m="3223,45161" machi="36" ten="30,1000,0" yaku="12,1" doraHai="81" who="3" fromWho="0" sc="220,-16,260,0,220,0,280,36" /><INIT seed="2,0,0,4,4,114" ten="204,260,220,316" oya="2" hai0="14,58,23,124,28,34,18,46,71,7,128,48,109" hai1="98,38,72,32,36,123,134,64,2,97,17,94,54" hai2="33,82,56,118,78,21,121,106,22,30,55,42,19" hai3="76,40,130,1,51,50,10,49,20,9,24,11,117"/><V3/><F121/><W85/><G130/><T35/><D71/><U113/><E72/><V60/><F3/><W61/><G61/><T53/><D109/><U95/><E32/><V25/><F106/><W45/><G1/><T80/><D124/><U47/><E134/><V5/><F5/><W81/><REACH who="3" step="1"/><G117/><REACH who="3" ten="204,260,220,306" step="2"/><T8/><D128/><U116/><E2/><V91/><F118/><W83/><G83/><T16/><D80/><U132/><E116/><V6/><F6/><W4/><G4/><T13/><D28/><AGARI ba="0,1" hai="9,10,11,20,24,28,40,45,49,50,51,76,81,85" machi="28" ten="40,2600,0" yaku="1,1,8,1,53,0" doraHai="114" doraHaiUra="115" who="3" fromWho="0" sc="204,-26,260,0,220,0,306,36" /><INIT seed="3,0,0,0,1,69" ten="178,260,220,342" oya="3" hai0="120,56,31,105,10,18,45,103,58,90,127,25,71" hai1="22,6,82,116,128,70,108,39,30,113,112,81,96" hai2="11,8,110,21,133,124,130,46,64,43,0,98,26" hai3="114,53,94,92,91,95,32,65,79,134,131,115,117"/><W101/><G32/><T35/><D120/><U47/><E70/><V23/><F110/><W7/><G7/><T20/><D127/><U77/><E22/><V5/><F124/><W42/><G65/><T123/><D123/><U76/><E30/><V1/><F133/><W122/><G42/><T84/><D71/><U29/><E29/><V41/><F130/><W44/><G44/><T86/><D86/><U60/><E60/><V121/><F121/><W14/><G53/><T93/><D105/><U72/><E6/><V73/><F73/><W59/><G59/><T129/><D103/><U4/><E4/><V99/><F64/><W12/><G14/><T62/><D129/><U3/><E39/><V38/><F5/><W126/><G12/><T87/><D10/><U135/><E3/><V34/><F46/><W80/><G126/><T24/><D87/><U57/><E57/><V102/><F102/><W89/><G122/><T83/><D83/><U51/><E51/><V49/><F49/><W13/><G13/><T88/><D90/><N who="3" m="34313" /><G117/><T50/><REACH who="0" step="1"/><D62/><REACH who="0" ten="168,260,220,342" step="2"/><U63/><E63/><V61/><F61/><W111/><G131/><T67/><D67/><U19/><E82/><V66/><F66/><W54/><G101/><T106/><D106/><U104/><E104/><V36/><REACH who="2" step="1"/><F26/><REACH who="2" ten="168,260,210,342" step="2"/><W17/><G134/><T107/><D107/><U119/><E135/><V125/><F125/><W40/><G115/><T75/><D75/><U52/><E72/><V78/><F78/><W27/><G79/><T16/><D16/><U109/><E112/><V9/><F9/><W37/><G114/><RYUUKYOKU ba="0,2" sc="168,15,260,-15,210,15,342,-15" hai0="18,20,24,25,31,35,45,50,56,58,84,88,93" hai2="0,1,8,11,21,23,34,36,38,41,43,98,99" /><INIT seed="4,1,2,3,4,94" ten="183,245,225,327" oya="0" hai0="104,34,16,71,129,79,67,113,30,92,14,82,97" hai1="127,20,2,1,33,88,101,66,73,3,93,23,85" hai2="70,8,123,25,26,55,105,12,118,46,112,89,122" hai3="42,44,32,68,60,124,114,31,126,39,77,28,21"/><T130/><D113/><U116/><E116/><V74/><F74/><W58/><G114/><T99/><D71/><U43/><E33/><V121/><F112/><W83/><G32/><T72/><D67/><U62/><E73/><V98/><F70/><W56/><G68/><T40/><D40/><U90/><E101/><V132/><F118/><W80/><G58/><T29/><D104/><U36/><E127/><N who="3" m="48682" /><G21/><T51/><D51/><U120/><E120/><V106/><F132/><W64/><G83/><T91/><D99/><U59/><REACH who="1" step="1"/><E90/><REACH who="1" ten="183,235,225,327" step="2"/><V134/><F134/><W87/><AGARI ba="1,3" hai="28,31,39,42,44,56,60,64,77,80,87" m="48682" machi="87" ten="30,1100,0" yaku="18,1" doraHai="94" who="3" fromWho="3" sc="183,-6,235,-4,225,-4,327,44" /><INIT seed="5,0,0,3,0,20" ten="177,231,221,371" oya="1" hai0="7,41,38,93,122,97,43,101,115,75,72,17,134" hai1="107,106,133,48,47,131,117,65,28,77,121,12,102" hai2="124,128,2,21,57,4,60,49,27,113,0,19,89" hai3="100,39,32,71,50,23,22,130,129,119,111,118,40"/><U14/><E117/><N who="3" m="44554" /><G39/><T51/><D115/><U125/><E121/><V36/><F113/><W16/><G71/><T25/><D38/><U6/><E65/><V46/><F36/><W26/><G111/><T13/><D134/><U94/><E77/><V30/><F128/><W59/><G32/><T78/><D122/><U135/><E125/><V34/><F124/><W54/><G40/><T44/><D43/><U90/><E28/><V82/><F4/><W112/><G112/><T37/><D78/><U86/><E131/><V69/><F69/><W98/><G23/><T53/><D7/><U68/><E68/><V109/><F109/><W56/><G56/><T61/><D61/><U84/><E84/><V132/><F132/><N who="1" m="50761" /><E102/><V110/><F110/><W3/><G3/><T58/><REACH who="0" step="1"/><D25/><REACH who="0" ten="167,231,221,371" step="2"/><U83/><E6/><V120/><F120/><W8/><G8/><AGARI ba="0,1" hai="8,13,17,37,41,44,51,53,58,72,75,93,97,101" machi="8" ten="30,7700,0" yaku="1,1,2,1,7,1,53,1" doraHai="20" doraHaiUra="15" who="0" fromWho="3" sc="167,87,231,0,221,0,371,-77" /><INIT seed="6,0,0,1,3,105" ten="254,231,221,294" oya="2" hai0="93,59,52,120,49,79,114,118,134,7,71,17,5" hai1="45,130,77,2,122,48,89,50,116,95,23,27,127" hai2="72,102,96,78,4,81,128,46,35,6,53,58,68" hai3="125,110,74,54,107,56,3,10,30,80,117,65,112"/><V63/><F128/><W32/><G110/><T103/><D120/><U100/><E116/><V21/><F35/><W86/><G117/><T42/><D71/><U38/><E130/><V123/><F123/><W135/><G107/><T76/><D114/><U85/><E2/><V14/><F68/><W83/><G83/><T1/><D134/><U91/><E122/><V11/><F21/><W8/><G65/><T62/><D17/><U12/><E38/><V98/><F102/><W111/><G74/><T25/><D25/><U88/><E12/><V22/><F4/><W115/><G125/><T0/><D0/><U94/><E127/><V104/><F104/><W92/><G92/><T16/><D16/><N who="1" m="12775" /><E50/><V87/><F87/><W132/><G111/><T69/><D1/><U20/><E20/><V40/><REACH who="2" step="1"/><F22/><REACH who="2" ten="254,231,211,294" step="2"/><W75/><G32/><T39/><D69/><U64/><E64/><V119/><F119/><W99/><G86/><T24/><D118/><U57/><E57/><V84/><F84/><W43/><G56/><T37/><D59/><U121/><E121/><V82/><F82/><W109/><G80/><T13/><D5/><U44/><E77/><V108/><F108/><W26/><G109/><T70/><D79/><U66/><E66/><V19/><F19/><W131/><G131/><T106/><D76/><U60/><E100/><V29/><F29/><W28/><G30/><T97/><D103/><U67/><E85/><V18/><F18/><W36/><G28/><T31/><D7/><U61/><E91/><V51/><AGARI ba="0,1" hai="6,11,14,40,46,51,53,58,63,72,78,81,96,98" machi="51" ten="20,7800,0" yaku="1,1,0,1,7,1,52,1,53,0" doraHai="105" doraHaiUra="126" who="2" fromWho="2" sc="254,-26,231,-26,211,88,294,-26" /><INIT seed="6,1,0,3,0,31" ten="228,205,299,268" oya="2" hai0="60,30,5,74,106,128,126,23,40,7,37,131,1" hai1="22,2,59,79,29,42,115,32,122,95,90,68,50" hai2="127,70,119,66,28,34,121,133,24,89,78,123,62" hai3="77,69,109,105,6,112,65,124,85,52,134,44,72"/><V10/><F119/><W57/><G109/><T86/><D74/><U98/><E68/><V12/><F133/><W132/><G72/><T88/><D106/><U18/><E2/><V11/><F127/><W120/><G120/><T53/><D126/><U39/><E122/><V14/><F78/><W129/><G105/><T93/><D40/><U15/><E115/><V49/><F49/><W38/><G112/><T64/><D53/><U125/><E125/><V103/><F89/><W58/><G129/><N who="0" m="49739" /><D1/><U116/><E116/><V102/><F102/><W46/><G6/><T19/><D30/><U81/><E39/><V17/><REACH who="2" step="1"/><F103/><REACH who="2" ten="228,205,289,268" step="2"/><W67/><G124/><T3/><D37/><U61/><E50/><V0/><F0/><W83/><G38/><T84/><D3/><U9/><E42/><V94/><F94/><W51/><G132/><T108/><D108/><U97/><E97/><V48/><F48/><W130/><G134/><T111/><D111/><U75/><E32/><V8/><F8/><W87/><G130/><T33/><D33/><U100/><E100/><V76/><F76/><W92/><G51/><T107/><D107/><U16/><E29/><V63/><F63/><W35/><G35/><T82/><D93/><U13/><E61/><V45/><F45/><W110/><G46/><T4/><D88/><U43/><E43/><V55/><F55/><W47/><G44/><T21/><D82/><U56/><AGARI ba="1,1" hai="9,13,15,16,18,22,56,59,75,79,81,90,95,98" machi="56" ten="30,2000,0" yaku="0,1,54,1" doraHai="31" who="1" fromWho="1" sc="228,-6,205,33,289,-11,268,-6" /><INIT seed="7,0,0,2,4,30" ten="222,238,278,262" oya="3" hai0="13,16,132,104,122,134,39,37,26,67,74,12,38" hai1="79,76,120,96,111,100,133,98,18,108,80,64,75" hai2="2,77,115,7,68,89,48,15,126,129,78,63,27" hai3="5,4,128,29,84,28,53,90,106,9,21,20,11"/><W0/><G106/><T101/><D122/><U86/><E64/><V33/><F2/><W110/><G128/><T6/><D74/><U42/><E42/><V49/><F129/><W107/><G107/><T73/><D73/><U34/><E34/><V10/><F115/><W43/><G43/><T51/><D67/><U103/><E18/><V19/><F89/><W124/><G124/><T97/><D51/><U52/><E52/><V82/><F126/><W123/><G123/><T22/><REACH who="0" step="1"/><D6/><REACH who="0" ten="212,238,278,262" step="2"/><U92/><E120/><V55/><F49/><W117/><G5/><T24/><D24/><U35/><E35/><V40/><F7/><W14/><G4/><T135/><AGARI ba="0,1" hai="12,13,16,22,26,37,38,39,97,101,104,132,134,135" machi="135" ten="40,8000,1" yaku="1,1,0,1,20,1,54,1,53,0" doraHai="30" doraHaiUra="112" who="0" fromWho="0" sc="212,90,238,-20,278,-20,262,-40" owari="302,40.2,218,-28.2,258,5.8,222,-17.8" /></mjloggm>