<mjloggm ver="2.3"><GO type="169" lobby="0"/><UN n0="%E6%9C%8B%E4%B9%9F%40" n1="%E5%A4%A9%E5%AE%89%E9%96%80%E5%BF%98%E5%8D%B4" n2="%74%6F%72%69%30%36%31%32" n3="%E3%81%8B%E3%82%88%E3%81%A1%E3%82%83%E3%82%93%E3%81%AE%E6%97%A6%E9%82%A3" dan="16,16,16,16" rate="2178.42,2056.29,2149.03,2107.42" sx="F,M,M,M"/><TAIKYOKU oya="0"/><INIT seed="0,0,0,5,4,89" ten="250,250,250,250" oya="0" hai0="131,25,102,53,42,99,30,118,46,129,127,67,87" hai1="78,44,41,112,18,91,29,4,76,5,50,52,38" hai2="110,132,72,120,66,106,22,103,94,60,70,40,124" hai3="20,98,49,135,96,121,85,39,73,109,81,9,97"/><T65/><D118/><U86/><E112/><V27/><F120/><W6/><G121/><T11/><D127/><U88/><E29/><V62/><F72/><W100/><G39/><T51/><D11/><U117/><E117/><V26/><F106/><W82/><G135/><T33/><D87/><U116/><E91/><V2/><F2/><W119/><G119/><T111/><D111/><U10/><E116/><V133/><F110/><W63/><G109/><T64/><REACH who="0" step="1"/><D42/><REACH who="0" ten="240,250,250,250" step="2"/><U19/><E4/><V34/><F40/><W134/><G85/><T56/><D56/><U80/><E5/><V45/><F124/><W57/><G9/><T23/><D23/><U71/><E71/><V113/><F22/><W108/><G20/><T1/><D1/><U90/><E10/><V107/><F132/><W58/><G58/><T69/><D69/><U15/><E41/><V84/><F70/><W13/><G57/><T16/><D16/><U17/><E17/><V114/><F133/><W101/><G6/><T35/><D35/><U77/><E19/><V8/><F34/><W61/><G108/><T59/><D59/><U3/><E3/><V104/><F8/><W0/><G134/><T36/><D36/><U115/><E38/><V74/><F114/><W95/><G0/><T12/><D12/><U79/><E115/><V83/><F113/><W28/><G13/><T105/><AGARI ba="0,1" hai="25,30,33,46,51,53,64,65,67,99,102,105,129,131" machi="105" ten="30,6000,0" yaku="1,1,0,1,53,1" doraHai="89" doraHaiUra="21" who="0" fromWho="0" sc="240,70,250,-20,250,-20,250,-20" /><INIT seed="0,1,0,4,0,69" ten="310,230,230,230" oya="0" hai0="14,3,131,56,51,52,45,57,68,115,72,70,37" hai1="108,27,26,1,28,122,54,25,128,114,89,4,84" hai2="53,86,6,101,17,30,106,13,83,31,50,71,18" hai3="96,11,120,125,85,107,42,88,110,0,63,7,119"/><T73/><D3/><U113/><E54/><V127/><F71/><W74/><G119/><T5/><D115/><N who="1" m="44043" /><E84/><V29/><F127/><W38/><G125/><T92/><D131/><U123/><E89/><V62/><F62/><W102/><G120/><N who="1" m="46122" /><E128/><V58/><F106/><W21/><G110/><T87/><D57/><U16/><E108/><V109/><F101/><W12/><G74/><T77/><D73/><U40/><E40/><V129/><F129/><W100/><G100/><T80/><D87/><U41/><E41/><V79/><F109/><W93/><G63/><T43/><REACH who="0" step="1"/><D92/><REACH who="0" ten="300,230,230,230" step="2"/><U130/><E130/><V116/><F116/><W47/><REACH who="3" step="1"/><G21/><REACH who="3" ten="300,230,230,220" step="2"/><T20/><D20/><N who="1" m="13447" /><E28/><V64/><F31/><W34/><G34/><T33/><D33/><U90/><E90/><V97/><F30/><W81/><G81/><T132/><D132/><U24/><E1/><AGARI ba="1,2" hai="0,1,7,11,12,38,42,47,85,88,93,96,102,107" machi="1" ten="40,5200,0" yaku="1,1,52,1,54,1,53,0" doraHai="69" doraHaiUra="134" who="3" fromWho="1" sc="300,0,230,-55,230,0,220,75" /><INIT seed="1,0,0,3,3,21" ten="300,175,230,295" oya="1" hai0="84,67,30,49,41,96,100,36,10,61,93,130,65" hai1="44,88,60,71,68,121,12,48,77,99,47,13,33" hai2="27,107,120,59,83,70,15,53,4,115,3,132,6" hai3="119,113,123,45,126,1,5,91,32,106,76,117,9"/><U75/><E121/><V103/><F70/><W79/><G123/><T18/><D36/><U55/><E33/><V73/><F120/><W56/><G113/><T39/><D39/><U101/><E44/><V111/><F132/><W19/><G106/><T129/><D84/><U114/><E114/><V26/><F3/><W98/><G126/><T102/><D102/><U37/><E37/><V40/><F40/><W64/><G32/><T92/><D92/><U95/><E101/><V80/><F111/><W90/><G45/><N who="0" m="25775" /><D61/><U66/><REACH who="1" step="1"/><E71/><REACH who="1" ten="300,165,230,295" step="2"/><V125/><F115/><W42/><G119/><T72/><D100/><U31/><E31/><V134/><F134/><W116/><G116/><T87/><D30/><U74/><E74/><V7/><F73/><W46/><G46/><T94/><D72/><U118/><E118/><V14/><F103/><W28/><G28/><T112/><D112/><U24/><E24/><N who="2" m="9259" /><F107/><W97/><G117/><T62/><D130/><U52/><E52/><V128/><F128/><W131/><G131/><T105/><D129/><U63/><E63/><N who="2" m="36335" /><F125/><W25/><G25/><T0/><D105/><U16/><E16/><V104/><F104/><W22/><G19/><T34/><D18/><U50/><E50/><V135/><F135/><W20/><G42/><T11/><D34/><U8/><E8/><N who="2" m="4359" /><F7/><W54/><G5/><T43/><D43/><U124/><E124/><V85/><F6/><W81/><G9/><T108/><D11/><U86/><E86/><V133/><F133/><W110/><G110/><T69/><D108/><U29/><E29/><V35/><F35/><RYUUKYOKU ba="0,1" sc="300,-10,165,30,230,-10,295,-10" hai1="12,13,47,48,55,60,66,68,75,77,88,95,99" /><INIT seed="1,1,1,5,0,97" ten="290,195,220,285" oya="1" hai0="55,7,72,5,79,108,59,92,116,2,127,107,45" hai1="69,130,82,6,14,0,75,80,50,114,113,8,46" hai2="35,104,18,48,132,17,121,126,120,11,70,74,100" hai3="89,12,119,118,76,47,56,38,26,77,25,133,106"/><U51/><E69/><V39/><F35/><W81/><G106/><T60/><D107/><U85/><E130/><V37/><F70/><W32/><G133/><T4/><D116/><N who="3" m="44585" /><G32/><T34/><D108/><U42/><E75/><V71/><F71/><W40/><G12/><T88/><D34/><U13/><E80/><V117/><F74/><W65/><G89/><T99/><D127/><U96/><E50/><V103/><F104/><W68/><G68/><T44/><REACH who="0" step="1"/><D2/><REACH who="0" ten="280,195,220,285" step="2"/><U134/><E134/><V62/><F117/><W78/><G81/><AGARI ba="1,2" hai="4,5,7,44,45,55,59,60,72,79,81,88,92,99" machi="81" ten="40,5200,0" yaku="1,1,2,1,54,1,53,0" doraHai="97" doraHaiUra="109" who="0" fromWho="3" sc="280,75,195,0,220,0,285,-55" /><INIT seed="2,0,0,5,3,25" ten="355,195,220,230" oya="2" hai0="77,114,96,133,6,128,119,71,91,27,59,26,10" hai1="131,49,22,129,121,0,46,79,44,76,88,113,53" hai2="50,132,87,12,130,62,4,122,7,58,21,20,111" hai3="69,85,92,102,56,126,68,30,14,16,124,19,9"/><V33/><F33/><W84/><G56/><T72/><D119/><U45/><E0/><V75/><F75/><W31/><G92/><T18/><D114/><U23/><E113/><V29/><F122/><W5/><G102/><T54/><D71/><U64/><E64/><V116/><F130/><N who="1" m="49673" /><E88/><V120/><F132/><W34/><G34/><T73/><D133/><U3/><E3/><V106/><F106/><W118/><G118/><T41/><D41/><U60/><E60/><V108/><F50/><W97/><G97/><T115/><D96/><U43/><E121/><V67/><F87/><N who="3" m="33355" /><G69/><T52/><D73/><U78/><E44/><V98/><F98/><W86/><N who="3" m="33363" /><W94/><DORA hai="125" /><G94/><T109/><D72/><U61/><E61/><V28/><F116/><W101/><G101/><T17/><D128/><U99/><E99/><V127/><F120/><W66/><G66/><T8/><D59/><U47/><E47/><V65/><F62/><W81/><G81/><T2/><D2/><U38/><AGARI ba="0,0" hai="22,23,38,43,45,46,49,53,76,78,79" m="49673" machi="38" ten="30,7900,0" yaku="19,1,52,3" doraHai="25,125" who="1" fromWho="1" sc="355,-20,195,79,220,-39,230,-20" /><INIT seed="3,0,0,4,2,111" ten="335,274,181,210" oya="3" hai0="39,62,63,123,71,104,59,103,120,89,115,113,130" hai1="86,20,45,109,94,42,127,34,97,28,133,108,51" hai2="99,119,15,13,30,9,52,85,16,43,55,114,14" hai3="25,69,8,121,80,132,7,93,100,128,107,48,29"/><W95/><G121/><T126/><D39/><U31/><E34/><V38/><F114/><N who="0" m="43530" /><D130/><U10/><E127/><V106/><F119/><W60/><G128/><T102/><D126/><U65/><E133/><V50/><F38/><W134/><G48/><T41/><D41/><U1/><E86/><V4/><F30/><W105/><G80/><T44/><D44/><U79/><E79/><V56/><F43/><W33/><G105/><T117/><D117/><U91/><E65/><V101/><F4/><W122/><G122/><N who="0" m="46635" /><D104/><U21/><E108/><V58/><REACH who="2" step="1"/><F85/><REACH who="2" ten="335,274,171,210" step="2"/><W17/><G29/><T6/><D6/><U116/><E31/><V26/><F26/><W32/><G25/><T90/><D71/><U76/><E42/><V35/><F35/><W84/><G69/><T70/><D70/><U66/><E116/><V92/><F92/><W36/><G93/><T98/><D98/><U83/><E94/><V75/><F75/><W135/><G95/><T61/><D59/><U72/><E97/><V27/><F27/><W82/><G32/><T112/><D112/><U64/><E109/><V129/><F129/><W118/><G33/><T2/><D2/><U110/><E1/><V124/><F124/><W46/><G36/><T88/><AGARI ba="0,1" hai="61,62,63,88,89,90,102,103" m="46635,43530" machi="88" ten="40,12000,2" yaku="28,2,11,1,52,3,54,1" doraHai="111" who="0" fromWho="0" sc="335,130,274,-30,171,-30,210,-60" /><INIT seed="4,0,0,3,5,45" ten="465,244,141,150" oya="0" hai0="125,106,40,112,89,119,52,5,43,94,59,65,96" hai1="130,120,127,34,93,87,26,84,121,1,81,118,44" hai2="123,53,14,60,80,27,0,115,126,79,71,113,30" hai3="101,109,116,75,16,29,133,25,36,8,103,49,105"/><T69/><D112/><N who="2" m="43082" /><F0/><W70/><G116/><T102/><D119/><U4/><E118/><V23/><F123/><W17/><G75/><T3/><D125/><U61/><E127/><V38/><F38/><W86/><G70/><T41/><D3/><U39/><E1/><V82/><F126/><W67/><G36/><T28/><D5/><U51/><E39/><V10/><F79/><W134/><G109/><T66/><D28/><U68/><E4/><N who="2" m="3399" /><F53/><W48/><G105/><T47/><D69/><U97/><E130/><V18/><F18/><N who="3" m="7275" /><G8/><T63/><REACH who="0" step="1"/><D47/><REACH who="0" ten="455,244,141,150" step="2"/><U37/><E44/><V64/><AGARI ba="0,1" hai="23,27,30,60,64,71,80,82" m="3399,43082" machi="64" ten="30,1100,0" yaku="15,1" doraHai="45" who="2" fromWho="2" sc="455,-5,244,-3,141,21,150,-3" /><INIT seed="5,0,0,4,5,9" ten="450,241,162,147" oya="1" hai0="85,55,66,106,37,34,103,30,77,57,88,94,23" hai1="125,89,93,102,118,126,131,33,122,124,60,104,61" hai2="133,22,112,21,97,58,36,10,4,135,110,29,67" hai3="132,76,92,7,16,109,81,119,69,73,95,82,6"/><U83/><E33/><V12/><F36/><W62/><G119/><T120/><D37/><U15/><E118/><V50/><F110/><W11/><G109/><T51/><D120/><U48/><E122/><V20/><F97/><W96/><G132/><N who="2" m="50761" /><F112/><W38/><G38/><T54/><D34/><U31/><E131/><V52/><F67/><W115/><G115/><T129/><D129/><U130/><E130/><V79/><F79/><W13/><G82/><T41/><D77/><U49/><E31/><AGARI ba="0,0" hai="4,10,12,20,21,22,29,31,50,52,58" m="50761" machi="31" ten="30,3900,0" yaku="20,1,52,1,54,1" doraHai="9" who="2" fromWho="1" sc="450,0,241,-39,162,39,147,0" /><INIT seed="6,0,0,3,1,3" ten="450,202,201,147" oya="2" hai0="33,93,59,110,19,8,0,98,60,74,112,27,121" hai1="67,46,52,71,50,40,106,81,135,122,4,97,41" hai2="18,119,85,108,133,94,31,104,99,20,132,23,90" hai3="32,16,117,48,39,63,62,72,95,45,69,22,126"/><V76/><F119/><W73/><G117/><T15/><D74/><U75/><E135/><N who="2" m="51787" /><F108/><W21/><G126/><T118/><D112/><U116/><E116/><V65/><F65/><W29/><G39/><T92/><D110/><U103/><E122/><V7/><F31/><W87/><G32/><T91/><D121/><U77/><REACH who="1" step="1"/><E4/><REACH who="1" ten="450,192,201,147" step="2"/><V17/><F7/><W131/><G131/><T56/><D118/><U36/><E36/><V42/><F42/><N who="3" m="24631" /><G73/><T6/><D6/><U113/><E113/><V124/><F124/><W86/><G72/><T5/><D5/><U25/><E25/><V14/><F104/><W51/><G69/><T57/><D0/><U1/><E1/><V82/><F18/><W26/><G51/><T79/><D19/><U49/><E49/><V12/><F14/><N who="3" m="9367" /><G95/><T111/><D93/><U129/><E129/><V68/><F68/><W130/><G130/><T78/><D27/><U11/><E11/><AGARI ba="0,1" hai="11,12,17,20,23,76,82,85,90,94,99" m="51787" machi="11" ten="30,1500,0" yaku="20,1" doraHai="3" who="2" fromWho="1" sc="450,0,192,-15,201,25,147,0" /><INIT seed="6,1,0,3,4,58" ten="450,177,226,147" oya="2" hai0="125,12,77,37,21,104,8,40,45,26,133,36,123" hai1="18,35,39,2,6,9,73,131,80,16,130,89,71" hai2="43,41,4,118,55,92,54,81,20,112,42,33,79" hai3="3,82,126,29,63,68,124,46,134,108,91,88,75"/><V65/><F33/><W15/><G108/><T85/><D123/><U47/><E71/><V44/><F118/><W64/><G134/><T70/><D70/><U49/><E35/><V51/><F65/><W50/><G29/><T10/><D104/><U93/><E39/><V121/><F112/><W98/><G3/><T38/><D133/><U101/><E101/><V74/><F4/><W107/><G15/><T11/><D125/><N who="3" m="48233" /><G107/><T48/><D85/><U119/><E119/><V96/><F121/><W94/><G82/><T113/><D77/><U57/><E57/><V99/><F92/><W1/><G1/><T114/><REACH who="0" step="1"/><D12/><REACH who="0" ten="440,177,226,147" step="2"/><U28/><E2/><V13/><F13/><W95/><G75/><T97/><D97/><U25/><E73/><V83/><F99/><W103/><G94/><T132/><D132/><U102/><E93/><V69/><F74/><W52/><AGARI ba="1,1" hai="46,50,52,63,64,68,88,91,95,98,103" m="48233" machi="52" ten="30,7900,0" yaku="18,1,52,1,54,2" doraHai="58" who="3" fromWho="3" sc="440,-21,177,-21,226,-40,147,92" /><INIT seed="7,0,0,3,1,29" ten="419,156,186,239" oya="3" hai0="118,40,59,89,83,100,104,94,51,5,49,73,85" hai1="9,103,121,127,14,54,45,47,130,119,55,3,80" hai2="120,36,35,99,58,101,67,122,102,11,135,78,4" hai3="27,91,50,37,105,7,38,17,66,88,123,84,81"/><W42/><G123/><N who="2" m="47145" /><F36/><W62/><G105/><T23/><D118/><U41/><E121/><V108/><F108/><W106/><G106/><T87/><D73/><U82/><E119/><V64/><F78/><W56/><G7/><T126/><D126/><U26/><E127/><V134/><F58/><W113/><G113/><T65/><D5/><U21/><E3/><V28/><F67/><W92/><G42/><T10/><D10/><U76/><E130/><V8/><F64/><W46/><G17/><T68/><D23/><U90/><E103/><N who="2" m="39435" /><F99/><W124/><G27/><T109/><D83/><U71/><E71/><V57/><F57/><W16/><G16/><T44/><D87/><U69/><E69/><V74/><F74/><W70/><G70/><T15/><D15/><U75/><E90/><V95/><F95/><W0/><G0/><T39/><D40/><U116/><E116/><V30/><F30/><W13/><G13/><T6/><D39/><U32/><E82/><V98/><F98/><N who="3" m="57607" /><G124/><T34/><D68/><U2/><E2/><N who="2" m="23" /><F11/><W43/><G37/><T97/><D6/><U33/><E9/><V111/><F111/><W79/><G38/><T1/><D109/><U18/><E41/><V22/><F22/><W125/><G125/><T12/><D1/><U61/><E61/><V48/><F48/><W72/><G72/><T19/><D51/><U20/><E20/><V96/><F96/><W53/><G43/><T110/><D110/><U132/><E132/><V93/><F93/><W52/><G66/><T128/><D65/><U63/><E63/><V129/><F129/><RYUUKYOKU ba="0,0" sc="419,-15,156,-15,186,15,239,15" hai2="28,35,134,135" hai3="46,50,52,53,56,62,79,81,84,91" /><INIT seed="7,1,0,3,4,38" ten="404,141,201,254" oya="3" hai0="56,18,93,125,76,50,133,61,3,87,130,86,101" hai1="30,95,82,11,74,40,4,29,14,7,105,83,91" hai2="52,110,88,80,31,67,58,53,115,57,107,89,72" hai3="2,111,42,131,15,32,118,34,45,19,134,55,123"/><W77/><G123/><T120/><D3/><U99/><E4/><V35/><F110/><W128/><G111/><T37/><D37/><U124/><E124/><V79/><F107/><W127/><G118/><T6/><D130/><N who="3" m="49705" /><G127/><T81/><D120/><U114/><E114/><V16/><F67/><W1/><G134/><T46/><D6/><U68/><E68/><V63/><F115/><W92/><G77/><T113/><D113/><U36/><E105/><V116/><F116/><W75/><G75/><T12/><D133/><U51/><E36/><V108/><F108/><W64/><G64/><N who="0" m="38951" /><D125/><U17/><E74/><V90/><F31/><W121/><G121/><T54/><D101/><U20/><E30/><V21/><F35/><N who="3" m="13355" /><G55/><T109/><D109/><U65/><E29/><V94/><F53/><W126/><G92/><T47/><D93/><U96/><E96/><N who="2" m="57415" /><F58/><W28/><G28/><T60/><D87/><U48/><E65/><V22/><F22/><N who="3" m="11647" /><G126/><T62/><D47/><U25/><REACH who="1" step="1"/><E51/><AGARI ba="1,0" hai="1,2,42,45,51" m="11647,13355,49705" machi="51" ten="30,2900,0" yaku="19,1,52,1" doraHai="38" who="3" fromWho="1" sc="404,0,141,-32,201,0,254,32" /><INIT seed="7,2,0,2,4,126" ten="404,109,201,286" oya="3" hai0="2,45,106,46,49,89,99,12,102,96,100,134,57" hai1="18,109,52,9,31,123,97,36,5,87,77,83,44" hai2="131,85,78,68,59,121,35,63,8,56,116,112,7" hai3="128,53,67,124,92,39,37,91,38,19,115,43,111"/><W74/><G74/><T65/><D2/><U118/><E123/><V22/><F35/><W81/><G124/><T20/><D134/><U108/><E118/><V76/><F116/><W16/><G115/><T113/><D113/><U70/><E70/><V90/><F68/><W82/><G67/><T15/><D89/><U129/><E31/><V120/><F112/><W55/><G111/><T69/><D69/><U84/><E18/><V79/><F22/><W3/><G3/><T119/><D20/><U33/><E33/><V75/><F75/><W27/><G43/><T122/><D122/><N who="2" m="47210" /><F63/><W40/><G40/><T50/><D50/><U24/><E24/><V23/><F23/><W94/><G38/><T0/><D0/><U73/><E97/><V64/><F64/><W80/><G80/><T114/><D114/><U29/><E29/><V32/><F32/><W28/><G28/><T25/><D25/><U133/><E133/><V30/><F30/><W66/><G66/><T61/><D119/><U101/><E101/><V48/><F48/><W21/><G21/><T72/><D72/><U41/><E52/><V17/><F17/><W34/><G27/><T117/><D117/><U105/><E105/><V98/><F98/><W107/><G34/><T42/><D46/><U132/><E132/><V125/><F125/><W10/><G107/><AGARI ba="2,0" hai="12,15,42,45,49,57,61,65,96,99,100,102,106,107" machi="107" ten="30,2000,0" yaku="7,1,9,1" doraHai="126" who="0" fromWho="3" sc="404,26,109,0,201,0,286,-26" owari="430,53.0,109,-39.1,201,-19.9,260,6.0" /></mjloggm>