<mjloggm ver="2.3"><GO type="169" lobby="0"/><UN n0="%EF%BC%A9%EF%BC%A3%EF%BC%A8%EF%BC%A9" n1="%E2%91%A3%E9%81%BF%E9%81%8A%E6%88%AF%E3%80%90%E6%9D%B1%E5%8D%97%E3%80%91" n2="%E5%90%89%E7%A5%A5%E5%AF%BA%4B%47" n3="%63%6C%75%74%63%68%37%33" dan="17,16,17,17" rate="2126.70,2130.26,2133.92,2242.78" sx="M,M,F,M"/><TAIKYOKU oya="0"/><INIT seed="0,0,0,3,2,74" ten="250,250,250,250" oya="0" hai0="123,25,135,46,19,20,10,49,24,92,53,101,48" hai1="132,18,112,94,89,0,39,50,57,62,41,122,131" hai2="86,118,106,43,99,126,120,105,37,31,47,81,66" hai3="59,7,27,130,40,96,56,85,54,52,32,17,2"/><T95/><D135/><U110/><E132/><V21/><F120/><W12/><G130/><T82/><D123/><U58/><E131/><V63/><F126/><W104/><G40/><T3/><D3/><U45/><E122/><V72/><F72/><W84/><G2/><T44/><D10/><U100/><E0/><V119/><F21/><W80/><G7/><T91/><D25/><U115/><E100/><V129/><F31/><W4/><G4/><T64/><D64/><U93/><E18/><V15/><F15/><W134/><G134/><T13/><D101/><U6/><E6/><V51/><F37/><W26/><G96/><T38/><D38/><U69/><E94/><V109/><F99/><W103/><G104/><T35/><D35/><U30/><E30/><V34/><F34/><W111/><G103/><T90/><D24/><U11/><E11/><V121/><F121/><W29/><G27/><T83/><D95/><U68/><E89/><N who="0" m="33801" /><D92/><U70/><E93/><V60/><F129/><W22/><G111/><T42/><AGARI ba="0,0" hai="13,19,20,42,44,46,48,49,53,82,83" m="33801" machi="42" ten="30,1500,0" yaku="8,1" doraHai="74" who="0" fromWho="0" sc="250,15,250,-5,250,-5,250,-5" /><INIT seed="0,1,0,0,3,4" ten="265,245,245,245" oya="0" hai0="55,76,52,129,123,56,18,86,100,45,39,126,114" hai1="130,117,42,41,79,111,128,61,78,131,36,50,70" hai2="81,85,84,35,26,73,62,101,74,27,82,72,23" hai3="133,66,125,93,105,31,8,34,6,110,47,57,68"/><T77/><D114/><U14/><E117/><V30/><F101/><W29/><G110/><T12/><D123/><U95/><E111/><V108/><F108/><W132/><G105/><T75/><D75/><U118/><E118/><V119/><F119/><W51/><G125/><T64/><D126/><U10/><E36/><V59/><F82/><W112/><G68/><T54/><D129/><U94/><E61/><V127/><F127/><W106/><G106/><T9/><D100/><U135/><E70/><V3/><F3/><W7/><G7/><T28/><D28/><U97/><E95/><V0/><F0/><W90/><G112/><T109/><D109/><U63/><E63/><V48/><F48/><W1/><G57/><T53/><D64/><U38/><E38/><V44/><F44/><W67/><G66/><T102/><D102/><N who="1" m="60727" /><E135/><N who="3" m="51786" /><G67/><T121/><D121/><U21/><E21/><V115/><F115/><W89/><G89/><T69/><D69/><U22/><E22/><V98/><F23/><W92/><G92/><T99/><D39/><U124/><E124/><V32/><F81/><W13/><G1/><T60/><D45/><N who="1" m="25903" /><E42/><V16/><F32/><W40/><G34/><T17/><D60/><U122/><E122/><V120/><F120/><W107/><G107/><T25/><D56/><U5/><AGARI ba="1,0" hai="5,10,14,78,79,128,130,131" m="25903,60727" machi="5" ten="30,2000,0" yaku="19,1,52,1" doraHai="4" who="1" fromWho="1" sc="265,-11,245,23,245,-6,245,-6" /><INIT seed="1,0,0,1,4,72" ten="254,268,239,239" oya="1" hai0="29,86,3,45,87,7,81,104,132,110,22,128,69" hai1="84,90,131,24,64,37,44,85,56,133,10,83,113" hai2="122,100,124,1,27,40,74,13,91,65,116,2,119" hai3="114,99,18,106,66,94,73,109,20,43,68,26,62"/><U79/><E113/><V17/><F122/><W134/><G109/><T36/><D104/><U121/><E121/><V63/><F124/><W88/><G134/><T59/><D69/><U111/><E133/><V135/><F135/><W105/><G114/><T15/><D3/><U54/><E111/><V129/><F129/><W123/><G123/><T93/><D132/><U80/><E131/><V23/><F100/><W98/><G73/><T42/><D128/><U35/><E64/><V101/><F101/><W118/><G118/><T19/><D7/><U8/><E37/><V49/><F74/><W115/><G115/><T28/><D110/><U38/><E38/><V53/><F40/><W92/><REACH who="3" step="1"/><G43/><REACH who="3" ten="254,268,239,229" step="2"/><T30/><D81/><U33/><E33/><V51/><F119/><W47/><G47/><T71/><D71/><U16/><E44/><V60/><F116/><W55/><G55/><T61/><REACH who="0" step="1"/><D93/><REACH who="0" ten="244,268,239,229" step="2"/><U78/><E35/><V39/><F1/><W77/><G77/><T126/><D126/><U52/><E79/><V41/><F2/><W32/><G32/><T9/><D9/><N who="1" m="3691" /><E56/><V25/><F23/><AGARI ba="0,2" hai="16,23,24,52,54,78,80,83,84,85,90" m="3691" machi="23" ten="30,11600,0" yaku="8,1,52,1,54,2" doraHai="72" who="1" fromWho="2" sc="244,0,268,136,239,-116,229,0" /><INIT seed="1,1,0,3,2,25" ten="244,404,123,229" oya="1" hai0="12,60,125,109,71,23,92,18,28,42,0,107,122" hai1="64,94,99,95,29,59,98,30,106,90,121,79,96" hai2="124,31,57,41,2,5,19,69,36,77,120,34,3" hai3="65,68,80,89,70,87,74,62,100,40,112,97,45"/><U118/><E121/><V75/><F120/><W43/><G112/><T127/><D122/><U102/><E118/><V26/><F69/><W135/><G135/><T134/><D107/><U38/><E38/><V66/><F124/><W73/><G70/><T20/><D42/><U114/><E114/><V33/><F33/><W55/><G55/><T1/><D92/><U129/><E129/><V22/><F66/><W54/><G54/><T56/><D71/><U13/><E79/><V15/><F57/><W91/><G91/><T48/><D48/><U84/><E13/><V37/><F41/><W82/><G80/><T53/><D109/><U9/><E9/><V128/><F128/><W119/><G40/><T47/><D47/><U46/><E46/><V49/><F49/><W4/><G4/><T51/><D51/><U35/><E35/><V81/><F2/><W24/><G24/><N who="0" m="16391" /><D134/><U86/><E106/><V27/><F27/><W14/><G14/><T126/><AGARI ba="1,0" hai="0,1,12,18,23,53,56,60,125,126,127" m="16391" machi="126" ten="30,2000,0" yaku="18,1,52,1" doraHai="25" who="0" fromWho="0" sc="244,23,404,-11,123,-6,229,-6" /><INIT seed="2,0,0,0,1,99" ten="267,393,117,223" oya="2" hai0="118,63,3,116,82,55,11,38,19,91,107,6,96" hai1="95,122,109,29,125,32,10,54,123,119,102,72,21" hai2="77,111,48,39,133,86,35,36,70,7,100,49,101" hai3="128,80,33,105,20,115,4,52,120,84,110,57,114"/><V16/><F35/><W51/><G33/><T67/><D38/><U45/><E32/><V89/><F70/><W58/><G120/><T9/><D55/><U56/><E119/><N who="0" m="45609" /><D107/><U15/><E72/><V75/><F7/><W68/><G68/><T24/><D96/><U112/><E112/><N who="3" m="43050" /><G128/><T46/><D46/><U98/><E45/><V129/><F129/><W23/><G105/><T27/><D11/><U5/><E125/><V34/><F34/><W60/><G4/><T66/><D19/><U18/><E29/><V65/><F65/><N who="0" m="24586" /><D63/><U22/><E109/><V44/><F111/><W117/><G110/><T12/><D3/><U79/><E79/><V71/><F71/><W2/><G2/><T30/><D30/><U43/><E43/><V17/><F133/><W87/><G87/><AGARI ba="0,0" hai="6,9,12,24,27,82,87,91" m="24586,45609" machi="87" ten="30,1000,0" yaku="12,1" doraHai="99" who="0" fromWho="3" sc="267,10,393,0,117,0,223,-10" /><INIT seed="3,0,0,3,5,74" ten="277,393,117,213" oya="3" hai0="50,109,2,11,108,113,21,8,59,91,110,102,128" hai1="35,112,118,124,78,131,93,44,15,99,63,79,9" hai2="20,60,37,135,28,82,84,33,52,24,7,22,133" hai3="81,129,64,132,16,40,58,18,121,38,94,88,123"/><W86/><G129/><T3/><D128/><U92/><E112/><V53/><F37/><W127/><G132/><T54/><D113/><U4/><E35/><V62/><F7/><W29/><G127/><T26/><D102/><U55/><E124/><V66/><F135/><W61/><G29/><T13/><D91/><U39/><E118/><V116/><F116/><W115/><G115/><T89/><D89/><U67/><E131/><V42/><F42/><W117/><G117/><T27/><D27/><U30/><E30/><V43/><F43/><W34/><G34/><T105/><D105/><U56/><E39/><V47/><F133/><W125/><G125/><T1/><REACH who="0" step="1"/><D13/><REACH who="0" ten="267,393,117,213" step="2"/><U73/><E15/><V134/><F134/><W32/><G123/><T48/><D48/><U98/><E93/><V19/><F33/><W90/><G32/><T87/><D87/><U12/><E92/><V96/><F96/><N who="1" m="36905" /><E73/><V97/><F97/><W68/><G121/><T106/><D106/><U120/><E120/><V77/><F62/><W119/><G119/><T46/><D46/><U17/><E4/><V85/><F47/><W103/><G103/><T0/><D0/><U70/><E70/><V69/><REACH who="2" step="1"/><F85/><REACH who="2" ten="267,393,107,213" step="2"/><W5/><G5/><T130/><D130/><U114/><E114/><V71/><F71/><W107/><G107/><T10/><D10/><U80/><E44/><V75/><F75/><W57/><G38/><T126/><D126/><U41/><E9/><V83/><F83/><W51/><G81/><T31/><AGARI ba="0,2" hai="1,2,3,8,11,21,26,31,50,54,59,108,109,110" machi="31" ten="40,8000,1" yaku="1,1,0,1,14,1,53,1" doraHai="74" doraHaiUra="23" who="0" fromWho="0" sc="267,100,393,-20,107,-20,213,-40" /><INIT seed="4,0,0,3,2,75" ten="367,373,87,173" oya="0" hai0="82,57,21,52,22,94,7,30,26,35,19,56,62" hai1="59,81,8,91,42,69,74,50,117,101,24,79,128" hai2="92,53,1,58,73,6,20,85,23,61,127,93,115" hai3="55,78,86,109,66,32,102,113,43,13,31,83,68"/><T119/><D119/><U25/><E117/><V110/><F110/><W126/><G113/><T134/><D134/><U111/><E69/><V89/><F115/><W112/><G112/><T104/><D104/><U105/><E111/><V36/><F127/><W0/><G0/><T97/><D7/><U125/><E125/><V84/><F73/><W123/><G126/><T3/><D3/><U135/><E135/><V51/><F36/><W132/><G132/><T45/><D35/><U71/><E71/><V39/><F39/><W114/><G114/><T17/><D45/><U90/><E128/><V130/><F130/><W9/><G102/><T4/><D4/><U33/><E33/><V60/><F1/><W122/><G55/><T34/><D82/><U65/><E8/><V16/><F20/><W49/><G109/><T40/><D40/><U18/><E42/><V63/><F6/><W121/><G66/><T64/><D22/><U29/><E29/><V106/><F106/><W15/><G68/><T12/><D12/><U116/><E116/><V28/><F28/><W80/><G80/><T131/><D34/><U46/><E46/><V77/><F77/><W133/><G133/><T129/><D129/><U118/><E118/><V103/><F103/><W2/><G2/><T70/><D70/><U87/><E101/><V96/><REACH who="2" step="1"/><F93/><REACH who="2" ten="367,373,77,173" step="2"/><W108/><G108/><T14/><D131/><U11/><E105/><V72/><F72/><W99/><G31/><T41/><D30/><U107/><E107/><V38/><F38/><W47/><G32/><T98/><D21/><N who="1" m="13367" /><E74/><V48/><F48/><RYUUKYOKU ba="0,1" sc="367,-10,373,-10,77,30,173,-10" hai2="16,23,51,53,58,60,61,63,84,85,89,92,96" /><INIT seed="5,1,1,2,4,23" ten="357,363,107,163" oya="1" hai0="76,105,116,55,38,73,7,31,133,49,9,72,46" hai1="99,56,108,13,44,33,84,113,107,50,68,119,47" hai2="77,127,71,93,122,130,27,123,25,35,128,2,34" hai3="37,86,89,52,124,66,104,135,45,75,18,60,28"/><U29/><E119/><V5/><F93/><W10/><G75/><T16/><D116/><U3/><E3/><V117/><F77/><W24/><G135/><T61/><D105/><U53/><E68/><V79/><F79/><W51/><G104/><T20/><D38/><U129/><E108/><V102/><F117/><W83/><G37/><T74/><D133/><U111/><E111/><V101/><F71/><W112/><G112/><T81/><D31/><U134/><E113/><V11/><F127/><W36/><G36/><T80/><D80/><U43/><E134/><V70/><F70/><W4/><G124/><T115/><D115/><U82/><E43/><V19/><F19/><W42/><G42/><T41/><D61/><U121/><E99/><V132/><F132/><W88/><G89/><T67/><D67/><U95/><E107/><V39/><F39/><W120/><G120/><T58/><D58/><U90/><E121/><V26/><F123/><W14/><G4/><T8/><D41/><U65/><E95/><V87/><F87/><W62/><G66/><T118/><D118/><U103/><E65/><V100/><F122/><W57/><G57/><T12/><REACH who="0" step="1"/><D9/><REACH who="0" ten="347,363,107,163" step="2"/><U106/><E56/><V64/><REACH who="2" step="1"/><F64/><REACH who="2" ten="347,363,97,163" step="2"/><W97/><REACH who="3" step="1"/><G97/><REACH who="3" ten="347,363,97,153" step="2"/><T63/><D63/><U69/><E106/><V114/><F114/><W0/><G0/><AGARI ba="1,4" hai="0,7,8,12,16,20,46,49,55,72,73,74,76,81" machi="0" ten="30,7700,0" yaku="1,1,7,1,54,1,53,1" doraHai="23" doraHaiUra="40" who="0" fromWho="3" sc="347,120,363,0,97,0,153,-80" /><INIT seed="6,0,0,0,3,115" ten="467,363,97,73" oya="2" hai0="22,17,74,88,2,89,39,38,72,60,129,104,128" hai1="26,0,130,100,84,8,45,135,117,80,118,24,25" hai2="57,61,78,97,70,46,134,127,58,69,98,109,47" hai3="96,31,1,15,44,86,116,13,9,36,20,42,59"/><V30/><F127/><W32/><G32/><T51/><D104/><U101/><E135/><V63/><F78/><W10/><G96/><T27/><D2/><U29/><E130/><N who="0" m="50281" /><D51/><U4/><E29/><V40/><F30/><W81/><G1/><T34/><D34/><U41/><E101/><V67/><F134/><W7/><G59/><T122/><D60/><U77/><REACH who="1" step="1"/><E100/><REACH who="1" ten="467,353,97,73" step="2"/><V71/><F109/><W85/><G31/><T95/><D122/><U43/><E43/><V76/><F40/><W94/><G42/><T99/><D89/><U54/><E54/><V55/><F76/><W125/><G125/><T66/><D66/><U82/><E82/><V16/><F67/><W132/><G132/><T111/><D111/><U123/><E123/><V62/><F55/><W33/><G81/><T75/><AGARI ba="0,1" hai="17,22,27,38,39,72,74,75,88,95,99" m="50281" machi="75" ten="40,2700,0" yaku="19,1,54,1" doraHai="115" who="0" fromWho="0" sc="467,37,353,-7,97,-13,73,-7" /><INIT seed="7,0,0,1,5,115" ten="504,346,84,66" oya="3" hai0="67,130,99,82,112,66,25,65,100,20,135,104,18" hai1="10,106,108,123,3,114,96,51,14,46,90,43,49" hai2="27,12,109,33,63,76,85,101,56,70,107,53,83" hai3="45,62,87,132,55,59,15,97,57,13,28,35,89"/><W124/><G132/><T58/><D112/><U5/><E114/><V91/><F109/><W110/><G110/><T41/><D135/><U128/><E108/><V78/><F70/><W118/><G124/><T21/><D41/><U81/><E123/><V102/><F107/><W38/><G97/><T61/><D130/><U17/><E128/><V129/><F129/><W131/><G131/><T92/><D104/><U36/><E106/><V30/><F12/><W22/><G35/><T47/><D47/><U113/><E113/><V60/><F60/><W74/><G74/><T68/><D68/><U125/><E125/><V86/><F76/><W9/><G118/><T6/><D6/><U98/><E96/><V2/><F2/><W121/><G121/><T1/><D1/><U77/><E90/><V40/><F40/><W8/><G45/><T32/><D32/><U80/><E80/><AGARI ba="0,0" hai="27,30,33,53,56,63,78,80,83,85,86,91,101,102" machi="80" ten="30,1000,0" yaku="7,1" doraHai="115" who="2" fromWho="1" sc="504,0,346,-10,84,10,66,0" owari="504,60.4,336,13.6,94,-30.6,66,-43.4" /></mjloggm>