<mjloggm ver="2.3"><GO type="169" lobby="0"/><UN n0="%E3%81%97%E3%82%87%E3%81%BC%E3%82%93%EF%BD%8E" n1="%E7%B4%AB%E3%81%AE%E9%8F%A1" n2="%74%77%69%74%63%68" n3="%E5%88%9D%E5%BF%83%E8%80%85%70%61%77%6E" dan="17,18,16,16" rate="2212.83,2199.92,2146.63,2142.83" sx="M,M,F,M"/><TAIKYOKU oya="0"/><INIT seed="0,0,0,5,5,55" ten="250,250,250,250" oya="0" hai0="113,116,61,91,18,38,126,97,48,62,132,66,104" hai1="96,50,108,8,60,79,34,25,52,12,106,122,9" hai2="120,78,118,119,134,3,70,37,85,57,111,35,114" hai3="112,64,31,10,69,130,40,27,14,128,87,127,53"/><T68/><D113/><U98/><E122/><V26/><RYUUKYOKU type="yao9" ba="0,0" sc="250,0,250,0,250,0,250,0" hai2="3,26,35,37,57,70,78,85,111,114,118,119,120,134" /><INIT seed="0,1,0,4,2,15" ten="250,250,250,250" oya="0" hai0="129,66,52,56,53,75,38,116,84,21,20,10,90" hai1="78,54,132,82,121,29,28,83,96,135,34,18,95" hai2="1,74,8,104,92,37,131,30,133,65,67,68,107" hai3="26,12,114,72,13,16,59,98,5,86,88,71,117"/><T58/><D129/><U64/><E121/><V43/><F92/><W7/><G114/><T126/><D126/><U120/><E120/><V85/><F85/><W35/><G117/><T2/><D75/><U49/><E64/><V112/><F112/><W89/><G72/><T76/><D38/><U22/><E34/><V4/><F131/><W44/><G71/><T134/><D134/><U124/><E124/><V118/><F118/><W69/><G69/><T101/><D76/><U9/><E9/><V27/><F133/><W14/><G44/><T87/><D116/><U125/><E125/><V45/><F67/><W0/><G0/><T115/><D66/><U48/><E48/><V11/><F11/><W55/><G98/><T77/><D101/><U33/><E33/><V93/><F93/><N who="3" m="54423" /><G35/><T31/><D115/><U106/><E106/><V17/><F17/><W100/><G89/><T110/><D110/><U19/><E19/><V41/><F41/><W102/><G5/><T127/><D127/><U111/><E111/><V23/><REACH who="2" step="1"/><F74/><REACH who="2" ten="250,250,240,250" step="2"/><W81/><G81/><N who="0" m="47151" /><D10/><U128/><E128/><V24/><F24/><W123/><G123/><T46/><D53/><U42/><E135/><V50/><F50/><N who="3" m="31223" /><G7/><T80/><D80/><U99/><E83/><V63/><AGARI ba="1,1" hai="1,4,8,23,27,30,37,43,45,63,65,68,104,107" machi="63" ten="30,7900,0" yaku="1,1,0,1,53,2" doraHai="15" doraHaiUra="103" who="2" fromWho="2" sc="250,-40,250,-21,240,92,250,-21" /><INIT seed="1,0,0,3,2,131" ten="210,229,332,229" oya="1" hai0="88,108,6,92,77,65,91,13,93,18,21,75,81" hai1="32,114,54,36,2,118,60,119,7,43,87,41,127" hai2="3,57,73,90,12,126,123,67,62,109,40,134,132" hai3="105,0,61,58,82,51,83,121,69,10,8,48,24"/><U42/><E32/><V68/><F3/><W63/><G121/><T89/><D108/><U37/><E87/><V133/><F73/><W72/><G105/><T124/><D124/><U125/><E7/><V5/><F123/><W55/><G0/><T94/><D65/><U110/><E2/><V64/><F109/><W86/><G72/><T15/><REACH who="0" step="1"/><D94/><REACH who="0" ten="200,229,332,229" step="2"/><U17/><E110/><V1/><F126/><N who="1" m="48137" /><E114/><V117/><F117/><N who="1" m="44553" /><E17/><V14/><F64/><W31/><G31/><T76/><D76/><U84/><E84/><V120/><F120/><W99/><G86/><T25/><D25/><U4/><E4/><V30/><F68/><W103/><G24/><T97/><D97/><U52/><E60/><V70/><F70/><W20/><G63/><T38/><D38/><AGARI ba="0,1" hai="36,37,38,41,42,43,52,54" m="44553,48137" machi="38" ten="40,18000,2" yaku="28,2,18,1,34,2,54,1" doraHai="131" who="1" fromWho="0" sc="200,-180,229,190,332,0,229,0" /><INIT seed="1,1,0,1,4,75" ten="20,419,332,229" oya="1" hai0="9,56,82,86,89,131,98,29,24,111,95,94,83" hai1="122,129,123,99,20,80,23,85,74,100,102,77,97" hai2="93,62,18,51,3,64,10,134,15,112,63,72,101" hai3="17,53,68,81,120,92,135,127,22,52,79,67,2"/><U109/><E20/><V27/><F72/><W108/><G120/><N who="1" m="46122" /><E23/><V55/><F112/><W43/><G108/><T110/><D131/><U54/><E54/><V44/><F134/><W41/><G127/><T133/><D133/><U11/><E11/><V47/><F3/><W65/><G2/><T32/><D9/><U57/><E57/><V84/><F27/><W50/><G92/><T7/><D7/><U38/><E38/><V103/><F47/><W87/><G135/><T26/><D26/><U66/><E66/><N who="3" m="25098" /><G68/><T31/><D31/><U114/><E114/><V6/><F6/><W124/><G124/><T42/><D42/><N who="3" m="15881" /><G50/><T46/><D46/><U14/><E14/><AGARI ba="1,0" hai="14,17,22,52,53,79,81,87" m="15881,25098" machi="14" ten="30,3900,0" yaku="8,1,52,1,54,1" doraHai="75" who="3" fromWho="1" sc="20,0,419,-42,332,0,229,42" /><INIT seed="2,0,0,0,4,103" ten="20,377,332,271" oya="2" hai0="80,70,56,75,79,117,122,39,101,14,123,97,134" hai1="23,65,31,126,130,85,4,109,100,9,63,54,89" hai2="108,88,72,92,84,95,96,66,45,135,25,1,73" hai3="133,76,67,34,64,124,0,38,6,40,131,128,82"/><V26/><F135/><W7/><G34/><T68/><D56/><U16/><E109/><V78/><F1/><W12/><G0/><T55/><D55/><U27/><E130/><N who="3" m="49706" /><G133/><T51/><D51/><U94/><E126/><V71/><F108/><W132/><G132/><T87/><D134/><U37/><E37/><V52/><F66/><W93/><G93/><T110/><D110/><U116/><E116/><V115/><F71/><W121/><G121/><T30/><D117/><U53/><E100/><V114/><F73/><W98/><G98/><T119/><D119/><U44/><E44/><V46/><F72/><W20/><G40/><T90/><D39/><U24/><E4/><V129/><F129/><W83/><G38/><T10/><D30/><U111/><E9/><V15/><F114/><W50/><G67/><T59/><D59/><U113/><E113/><V61/><F115/><W77/><G64/><T69/><D90/><U8/><E8/><V47/><F15/><W18/><G124/><T127/><D75/><U81/><E94/><V13/><F13/><W102/><G6/><T107/><REACH who="0" step="1"/><D127/><REACH who="0" ten="10,377,332,271" step="2"/><U120/><E111/><V43/><F43/><W32/><G50/><T91/><D91/><U58/><E120/><V11/><F78/><W17/><G77/><T42/><D42/><U5/><E54/><V49/><F61/><W86/><G76/><T28/><D28/><U21/><E53/><V60/><F60/><W74/><G74/><T106/><D106/><U33/><E63/><V35/><F49/><W112/><G112/><T62/><D62/><U104/><E58/><RYUUKYOKU ba="0,1" sc="10,30,377,-10,332,-10,271,-10" hai0="10,14,68,69,70,79,80,87,97,101,107,122,123" /><INIT seed="3,1,1,4,3,132" ten="40,367,322,261" oya="3" hai0="100,10,98,125,8,87,41,23,49,28,31,88,71" hai1="3,64,130,134,18,126,56,122,89,36,44,108,58" hai2="21,80,103,63,120,37,27,72,48,78,111,17,5" hai3="99,13,129,81,2,107,66,73,22,43,106,110,75"/><W34/><G34/><T14/><D71/><U97/><E3/><V86/><F111/><W42/><G2/><T57/><D125/><U95/><E122/><V93/><F120/><W12/><G110/><T46/><D57/><U70/><E134/><V135/><F135/><W131/><G22/><T59/><D59/><U121/><E121/><V101/><F37/><W25/><G25/><T67/><D67/><U26/><E108/><V83/><F5/><W53/><G53/><T79/><D79/><U105/><E105/><V20/><F93/><W128/><G66/><T77/><D77/><U65/><E130/><V62/><F27/><W24/><G24/><T112/><D23/><N who="1" m="13687" /><E36/><V4/><F4/><W85/><G99/><T92/><D112/><U84/><E70/><V60/><F48/><W113/><G113/><T11/><REACH who="0" step="1"/><D14/><REACH who="0" ten="30,367,322,261" step="2"/><U90/><E64/><V116/><F21/><W74/><G13/><T69/><D69/><U6/><E65/><V30/><F20/><W61/><G12/><T50/><D50/><U0/><E56/><V55/><F78/><N who="3" m="46263" /><G61/><T117/><D117/><U115/><E115/><V19/><F62/><W52/><G52/><T133/><D133/><U51/><E58/><V29/><F63/><W32/><G32/><T119/><D119/><U118/><E118/><V96/><F60/><W68/><G68/><T91/><D91/><U38/><E89/><V124/><F55/><W39/><G39/><T123/><D123/><U9/><E38/><V114/><F114/><W76/><G76/><T94/><AGARI ba="1,2" hai="8,10,11,28,31,41,46,49,87,88,92,94,98,100" machi="94" ten="30,7900,0" yaku="1,1,0,1,8,1,54,1,53,0" doraHai="132" doraHaiUra="104" who="0" fromWho="0" sc="30,102,367,-21,322,-21,261,-40" /><INIT seed="4,0,0,1,3,31" ten="132,346,301,221" oya="0" hai0="69,6,45,3,89,42,93,12,49,33,43,8,39" hai1="15,68,38,133,70,124,10,40,128,54,55,123,84" hai2="131,61,74,21,44,52,118,64,94,117,27,37,32" hai3="66,126,18,125,76,73,103,100,97,106,13,81,108"/><T36/><D69/><U135/><E123/><V110/><F74/><W99/><G66/><T90/><D3/><U109/><E109/><V28/><F110/><W75/><G108/><T96/><D33/><U91/><E124/><N who="3" m="47722" /><G13/><T41/><REACH who="0" step="1"/><D90/><REACH who="0" ten="122,346,301,221" step="2"/><U129/><E91/><V83/><F131/><W134/><G134/><T88/><D88/><U59/><E129/><V67/><F32/><W87/><G18/><T57/><D57/><U60/><E59/><V121/><F121/><W0/><G0/><T102/><D102/><U92/><E128/><V98/><F117/><W85/><G73/><T19/><D19/><U35/><E35/><V111/><F118/><W82/><G82/><T113/><D113/><U29/><E135/><V17/><F83/><W51/><G51/><T127/><D127/><U46/><E133/><V105/><F111/><W24/><G24/><T47/><D47/><U53/><E46/><V86/><F44/><W114/><G114/><T72/><D72/><U2/><E2/><V30/><F27/><W77/><G77/><T16/><D16/><U78/><E78/><V120/><F17/><W23/><G23/><T11/><D11/><U122/><E10/><V50/><F50/><W63/><G63/><T132/><D132/><U7/><E60/><V20/><F61/><W115/><G115/><T112/><D112/><U130/><E130/><V62/><F62/><W14/><G14/><T65/><D65/><U58/><E15/><V79/><F67/><W22/><G22/><T5/><D5/><U4/><E4/><V107/><F64/><W119/><G119/><RYUUKYOKU ba="0,1" sc="122,15,346,-15,301,-15,221,15" hai0="6,8,12,36,39,41,42,43,45,49,89,93,96" hai3="75,76,81,85,87,97,99,100,103,106" /><INIT seed="4,1,1,1,0,3" ten="137,331,286,236" oya="0" hai0="77,99,31,24,85,97,46,11,62,19,89,121,27" hai1="120,125,84,1,40,111,64,43,39,131,60,12,134" hai2="100,61,44,20,30,16,66,105,65,129,45,124,63" hai3="91,109,94,98,104,13,78,4,0,74,72,117,122"/><T80/><D121/><U51/><E120/><V53/><F124/><W128/><G122/><T69/><D69/><U41/><E1/><V18/><F129/><W26/><G0/><T14/><D62/><N who="2" m="23562" /><F105/><W108/><G26/><T82/><D46/><N who="2" m="18026" /><F100/><N who="3" m="62487" /><G13/><T28/><D27/><U50/><E84/><V42/><F42/><W92/><G4/><T106/><D106/><U132/><E12/><V9/><F53/><W115/><G117/><T17/><D17/><N who="2" m="6762" /><F9/><W10/><G10/><T114/><D114/><U7/><E131/><V110/><F110/><N who="3" m="42603" /><G128/><T33/><REACH who="0" step="1"/><D31/><REACH who="0" ten="127,331,286,236" step="2"/><U47/><E47/><V48/><F48/><W38/><G115/><T8/><D8/><U95/><E51/><V59/><F59/><W83/><G38/><T15/><D15/><U36/><E50/><V54/><F54/><W101/><G72/><AGARI ba="1,2" hai="11,14,19,24,28,33,72,77,80,82,85,89,97,99" machi="72" ten="30,2900,0" yaku="1,1,7,1,53,0" doraHai="3" doraHaiUra="67" who="0" fromWho="3" sc="127,52,331,0,286,0,236,-32" /><INIT seed="4,2,0,0,1,90" ten="179,331,286,204" oya="0" hai0="97,7,131,51,71,96,114,24,55,106,59,127,15" hai1="33,49,10,13,38,95,92,99,47,5,101,25,50" hai2="68,46,43,6,32,91,8,53,123,69,86,27,36" hai3="110,31,45,117,56,126,70,77,14,120,107,85,18"/><T34/><D114/><U109/><E109/><V121/><F53/><W63/><G110/><T125/><D71/><U66/><E66/><V79/><F121/><W48/><G48/><BYE who="3" /><T16/><D131/><U73/><E73/><V1/><F123/><W88/><G88/><T133/><D133/><U116/><E116/><V128/><F128/><UN n3="%E5%88%9D%E5%BF%83%E8%80%85%70%61%77%6E" /><W41/><G117/><T122/><D122/><U0/><E0/><V83/><F32/><W44/><G126/><N who="0" m="48139" /><D106/><U2/><E2/><V52/><F27/><W115/><G107/><T58/><D7/><U112/><E112/><V119/><F119/><W21/><G70/><T23/><D59/><U102/><E38/><V65/><F65/><W84/><G56/><T61/><D61/><U3/><E3/><V40/><F40/><W82/><G63/><T105/><D105/><U104/><E104/><V17/><F17/><W35/><G120/><T19/><D34/><U9/><E33/><V30/><F30/><W67/><G115/><T39/><D39/><U12/><E47/><V108/><F108/><W129/><G129/><T78/><D78/><U93/><E5/><V100/><F100/><W81/><G67/><T135/><D135/><U64/><E64/><V22/><F22/><AGARI ba="2,0" hai="15,16,19,22,23,24,51,55,58,96,97" m="48139" machi="22" ten="30,2900,0" yaku="18,1,54,1" doraHai="90" who="0" fromWho="2" sc="179,35,331,0,286,-35,204,0" /><INIT seed="4,3,0,5,0,77" ten="214,331,251,204" oya="0" hai0="69,110,29,126,37,54,121,99,94,61,16,131,80" hai1="132,60,92,114,133,30,122,22,21,19,20,51,58" hai2="6,40,27,28,5,104,55,70,119,26,72,4,108" hai3="85,13,107,63,45,105,106,91,12,73,71,100,67"/><T42/><D121/><U65/><E122/><V59/><F70/><W112/><G73/><T23/><D131/><U96/><E114/><V34/><F108/><W97/><G112/><T43/><D126/><U129/><E30/><V90/><F119/><W123/><G123/><T39/><D110/><U46/><E129/><V18/><F104/><W17/><G45/><T24/><D39/><U44/><E19/><V81/><F40/><W98/><G98/><T2/><D2/><U113/><E113/><V103/><F103/><W127/><G127/><T101/><BYE who="3" /><D37/><U82/><E82/><V50/><F26/><UN n3="%E5%88%9D%E5%BF%83%E8%80%85%70%61%77%6E" /><W0/><G0/><T38/><D38/><U95/><E44/><V14/><F90/><W83/><REACH who="3" step="1"/><G13/><REACH who="3" ten="214,331,251,194" step="2"/><T66/><D54/><N who="1" m="30071" /><E96/><V9/><REACH who="2" step="1"/><F6/><REACH who="2" ten="214,331,241,194" step="2"/><W86/><G86/><T48/><D43/><U78/><E133/><V87/><F87/><W84/><G84/><T74/><D42/><U3/><E132/><V125/><F125/><W79/><G79/><AGARI ba="3,2" hai="4,5,9,14,18,27,28,34,50,55,59,72,79,81" machi="79" ten="40,8000,1" yaku="1,1,52,1,53,2" doraHai="77" doraHaiUra="1" who="2" fromWho="3" sc="214,0,331,0,241,109,194,-89" /><INIT seed="5,0,0,0,0,22" ten="214,331,350,105" oya="1" hai0="114,61,52,74,80,55,68,88,110,33,97,51,6" hai1="100,0,41,94,19,34,29,36,63,117,86,116,73" hai2="109,66,115,20,42,120,122,54,28,23,24,123,131" hai3="30,126,15,129,112,95,72,49,128,121,99,47,3"/><U135/><E73/><V119/><F119/><W45/><G121/><T65/><D110/><U98/><E0/><V17/><F66/><W50/><G3/><T104/><D114/><U8/><E135/><V18/><F42/><W60/><G72/><T71/><D71/><U85/><E63/><V118/><F118/><W108/><G108/><T82/><D6/><U90/><E85/><V101/><F101/><W134/><G112/><T78/><D33/><U127/><E127/><V59/><F109/><W31/><G134/><T26/><D26/><U81/><E41/><V133/><F133/><W11/><G126/><T91/><D82/><U107/><E36/><V14/><F131/><W69/><G129/><T124/><D124/><U96/><E19/><V7/><F115/><W89/><G128/><T53/><REACH who="0" step="1"/><D51/><REACH who="0" ten="204,331,350,105" step="2"/><U13/><E34/><V87/><F7/><W62/><G69/><T44/><D44/><U35/><E35/><V27/><F120/><W125/><G125/><T106/><D106/><U12/><E107/><V132/><F132/><W67/><G49/><T2/><D2/><U38/><E81/><V39/><F39/><W77/><G47/><T103/><AGARI ba="0,1" hai="52,53,55,61,65,68,74,78,80,88,91,97,103,104" machi="103" ten="30,7900,0" yaku="1,1,0,1,54,2,53,0" doraHai="22" doraHaiUra="16" who="0" fromWho="0" sc="204,89,331,-39,350,-20,105,-20" /><INIT seed="6,0,0,5,1,124" ten="293,292,330,85" oya="2" hai0="49,66,92,75,95,85,96,22,56,88,65,133,58" hai1="28,39,106,94,18,97,123,11,12,128,107,114,116" hai2="42,131,9,33,80,63,73,47,1,62,112,45,118" hai3="60,44,54,41,76,126,30,13,3,0,103,8,130"/><V31/><F118/><W74/><G126/><T105/><D133/><U117/><E39/><V110/><F112/><W61/><G103/><T26/><D75/><U109/><E109/><V5/><F110/><W6/><G30/><T82/><D105/><U20/><E114/><V14/><F45/><W79/><G61/><T125/><D125/><U38/><E38/><N who="2" m="21975" /><F131/><W21/><G74/><T122/><D122/><U55/><E123/><V24/><F14/><W120/><G120/><T102/><D82/><U84/><E84/><V40/><F40/><W17/><G0/><T53/><REACH who="0" step="1"/><D56/><REACH who="0" ten="283,292,330,85" step="2"/><U23/><E107/><V48/><F80/><W99/><G130/><T37/><D37/><U59/><E106/><V25/><F73/><W90/><G41/><T35/><D35/><U19/><E128/><V121/><F33/><W72/><G72/><T129/><D129/><U101/><E28/><AGARI ba="0,1" hai="22,26,28,49,53,58,65,66,85,88,92,95,96,102" machi="28" ten="30,7700,0" yaku="1,1,7,1,8,1,54,1,53,0" doraHai="124" doraHaiUra="78" who="0" fromWho="1" sc="283,87,292,-77,330,0,85,0" /><INIT seed="7,0,0,0,5,129" ten="370,215,330,85" oya="3" hai0="50,75,101,82,11,48,33,46,102,5,43,29,20" hai1="117,73,23,19,27,89,9,41,80,87,52,120,6" hai2="34,128,126,86,4,47,15,106,76,70,132,85,25" hai3="112,32,72,26,134,130,42,57,116,114,71,104,113"/><W111/><RYUUKYOKU type="yao9" ba="0,0" sc="370,0,215,0,330,0,85,0" hai3="26,32,42,57,71,72,104,111,112,113,114,116,130,134" /><INIT seed="7,1,0,4,1,59" ten="370,215,330,85" oya="3" hai0="21,67,47,68,109,121,3,116,39,60,51,115,114" hai1="7,46,82,40,132,19,104,14,80,129,17,61,56" hai2="44,75,45,0,87,81,28,118,135,77,33,83,111" hai3="74,65,35,100,64,88,105,38,27,41,42,69,37"/><W15/><G74/><T31/><D109/><U23/><E104/><V124/><F118/><W11/><G42/><T2/><D116/><U117/><E117/><V34/><F111/><W133/><G133/><T26/><D39/><U96/><E129/><V128/><F128/><W9/><G65/><T53/><REACH who="0" step="1"/><D121/><REACH who="0" ten="360,215,330,85" step="2"/><U126/><E132/><V98/><F135/><W101/><G38/><T90/><D90/><U97/><E126/><V49/><F124/><W85/><G101/><T102/><D102/><U131/><E7/><V29/><F0/><AGARI ba="1,1" hai="0,2,3,21,26,31,47,51,53,60,67,68,114,115" machi="0" ten="40,2600,0" yaku="1,1,52,1,53,0" doraHai="59" doraHaiUra="1" who="0" fromWho="2" sc="360,39,215,0,330,-29,85,0" owari="399,49.9,215,-18.5,301,10.1,85,-41.5" /></mjloggm>