<mjloggm ver="2.3"><GO type="169" lobby="0"/><UN n0="%4F%56%4F" n1="%E3%81%93%E3%82%8C%E3%81%8C%E3%81%B5%E3%81%95%E3%81%B5%E3%81%95" n2="%E6%9C%A8%E5%8E%9F%E8%B1%AA%E4%B8%80" n3="%E3%82%B0%E3%83%B3%E3%83%80%E3%83%AA%E3%83%BC" dan="16,16,17,19" rate="2057.34,2165.25,2136.24,2288.11" sx="M,M,M,M"/><TAIKYOKU oya="0"/><INIT seed="0,0,0,5,1,0" ten="250,250,250,250" oya="0" hai0="69,120,3,33,106,82,122,44,34,114,133,97,102" hai1="80,62,55,31,8,7,6,126,130,17,87,50,11" hai2="43,103,18,1,100,60,117,75,81,88,48,89,56" hai3="86,127,92,131,53,61,41,101,14,38,27,37,129"/><T119/><D114/><U59/><E130/><N who="3" m="49674" /><G127/><T65/><D119/><U25/><E126/><V64/><F1/><W13/><G27/><T99/><D133/><U124/><E124/><V66/><F117/><W91/><G101/><T12/><D12/><N who="3" m="4713" /><G41/><T4/><D97/><U113/><E17/><V52/><F66/><W73/><G73/><T104/><D82/><U125/><E125/><V110/><F110/><W134/><G134/><T109/><D44/><U83/><E83/><V20/><F75/><W105/><G105/><T10/><D106/><U77/><E62/><V85/><F43/><W26/><G26/><T115/><D115/><U54/><E54/><V24/><REACH who="2" step="1"/><F89/><REACH who="2" ten="250,250,240,250" step="2"/><W5/><G91/><T116/><D116/><U67/><E67/><V57/><AGARI ba="0,1" hai="18,20,24,48,52,56,57,60,64,81,85,88,100,103" machi="57" ten="20,12000,2" yaku="1,1,2,1,0,1,7,1,8,1,54,2,53,0" doraHai="0" doraHaiUra="121" who="2" fromWho="2" sc="250,-60,250,-30,240,130,250,-30" /><INIT seed="1,0,0,0,3,48" ten="190,220,370,220" oya="1" hai0="71,30,105,129,6,81,77,112,69,75,60,64,127" hai1="83,80,45,27,53,52,106,49,62,8,124,74,126" hai2="130,11,79,65,54,23,33,82,115,46,86,121,89" hai3="36,20,61,1,9,51,107,3,19,91,92,135,38"/><U16/><E106/><V63/><F121/><W70/><G107/><T40/><D112/><U109/><E109/><V14/><F33/><W88/><G135/><T25/><D129/><U102/><E102/><V72/><F130/><W7/><G3/><T58/><D127/><N who="1" m="48683" /><E74/><V42/><F23/><W31/><G31/><T5/><D105/><U2/><E27/><V15/><F115/><W18/><G18/><T96/><D96/><U57/><E16/><V119/><F119/><W117/><G117/><T120/><D120/><U22/><E22/><V56/><F65/><W100/><G100/><T93/><D93/><U37/><E37/><V0/><F0/><W47/><G38/><T76/><D76/><U128/><E128/><V108/><F108/><W29/><G36/><T131/><D131/><U104/><E104/><V21/><F21/><W32/><G29/><T43/><D5/><AGARI ba="0,0" hai="2,5,8,45,49,52,53,57,62,80,83" m="48683" machi="5" ten="30,11600,0" yaku="18,1,52,2,54,1" doraHai="48" who="1" fromWho="0" sc="190,-116,220,116,370,0,220,0" /><INIT seed="1,1,0,2,5,7" ten="74,336,370,220" oya="1" hai0="97,25,91,134,50,43,107,116,120,13,111,113,68" hai1="28,41,67,32,75,70,46,33,124,102,105,92,81" hai2="0,88,26,52,121,53,6,129,72,54,3,125,27" hai3="130,117,22,61,29,9,80,108,63,51,21,96,35"/><U74/><E124/><V79/><F121/><W64/><G108/><T1/><D25/><N who="1" m="18447" /><E92/><V128/><F79/><W14/><G130/><N who="2" m="50281" /><F72/><W84/><G63/><T17/><D1/><N who="2" m="586" /><F125/><W42/><G117/><T98/><D116/><U77/><E33/><V95/><F6/><W44/><G96/><AGARI ba="1,0" hai="26,27,52,53,54,88,95,96" m="586,50281" machi="96" ten="40,5200,0" yaku="19,1,54,2" doraHai="7" who="2" fromWho="3" sc="74,0,336,0,370,55,220,-55" /><INIT seed="2,0,0,1,4,46" ten="74,336,425,165" oya="2" hai0="36,115,103,122,99,89,74,95,133,126,83,101,30" hai1="78,58,50,9,129,53,86,121,97,76,130,107,34" hai2="40,45,54,91,7,49,26,15,59,47,6,14,24" hai3="119,131,90,70,33,118,104,10,13,62,37,2,63"/><V135/><F135/><W20/><G33/><T109/><D36/><U52/><E121/><V77/><F77/><W106/><G37/><T127/><D30/><U81/><E34/><V84/><F47/><W41/><G2/><T94/><D122/><U60/><E78/><V29/><F15/><W82/><G20/><T23/><D23/><U44/><REACH who="1" step="1"/><E9/><REACH who="1" ten="74,326,425,165" step="2"/><N who="2" m="4407" /><F7/><W5/><G5/><T27/><D115/><U98/><E98/><V73/><F73/><W25/><G10/><T110/><D133/><U68/><E68/><V42/><F29/><W112/><G70/><T4/><D4/><U48/><E48/><N who="2" m="31175" /><F42/><W79/><G41/><T71/><D71/><U69/><E69/><V51/><F51/><W132/><G112/><T56/><D56/><U65/><E65/><V111/><F111/><N who="0" m="42506" /><D27/><U66/><E66/><V88/><F91/><W12/><G25/><T134/><D134/><U31/><E31/><V38/><F38/><W22/><G132/><T116/><D116/><U3/><E3/><V11/><F11/><W0/><G0/><T21/><D21/><U17/><E17/><V105/><F105/><W1/><G22/><T85/><D74/><U61/><E61/><V113/><F113/><W108/><G108/><T87/><D103/><AGARI ba="0,1" hai="44,50,52,53,58,60,76,81,86,97,103,107,129,130" machi="103" ten="40,5200,0" yaku="1,1,52,1,54,1,53,0" doraHai="46" doraHaiUra="114" who="1" fromWho="0" sc="74,-52,326,62,425,0,165,0" /><INIT seed="3,0,0,3,3,5" ten="22,388,425,165" oya="3" hai0="87,131,32,60,70,134,84,86,74,17,72,105,128" hai1="96,37,118,116,80,121,98,117,99,101,124,6,44" hai2="47,53,26,33,15,108,46,82,52,23,120,76,69" hai3="103,18,4,110,114,22,130,92,73,125,50,115,2"/><W112/><G73/><T94/><D32/><U7/><E121/><V31/><F69/><W51/><G125/><T85/><D17/><U27/><E124/><V78/><F120/><W66/><G66/><T36/><D36/><U10/><E80/><V49/><F108/><W43/><G43/><T102/><D60/><U119/><E27/><V20/><F76/><W95/><G110/><T38/><D38/><U135/><E135/><V88/><F88/><W9/><G130/><N who="0" m="49707" /><D70/><U28/><E28/><V75/><F15/><W64/><G64/><T54/><D54/><U107/><E6/><V123/><F123/><W132/><G132/><T3/><D3/><U25/><E25/><V56/><REACH who="2" step="1"/><F46/><REACH who="2" ten="22,388,415,165" step="2"/><W41/><G114/><T62/><D134/><U71/><E71/><V97/><F97/><W111/><G111/><T14/><D14/><N who="1" m="5471" /><E119/><V90/><F90/><W58/><G112/><T57/><D57/><U45/><E45/><V126/><F126/><W79/><G115/><T21/><D102/><U35/><E35/><V40/><F40/><AGARI ba="0,1" hai="37,40,44,96,98,99,101,107,116,117,118" m="5471" machi="40" ten="30,2000,0" yaku="12,1,52,1" doraHai="5" who="1" fromWho="2" sc="22,0,388,30,415,-20,165,0" /><INIT seed="4,0,0,1,2,101" ten="22,418,395,165" oya="0" hai0="122,131,22,119,33,109,55,114,49,75,50,53,5" hai1="98,87,68,86,134,97,111,88,60,74,25,94,73" hai2="104,3,82,38,93,135,51,15,83,39,44,124,71" hai3="52,112,66,20,67,57,37,10,108,14,96,69,30"/><T120/><D33/><U6/><E111/><V40/><F3/><W27/><G108/><T24/><D75/><U133/><E6/><V107/><F71/><W121/><G37/><T105/><D109/><U12/><E12/><V116/><F93/><W64/><G112/><T56/><D119/><U65/><E65/><BYE who="1" /><V126/><F15/><W42/><G121/><T125/><D114/><U35/><E35/><V72/><F135/><W61/><G42/><T77/><D77/><UN n1="%E3%81%93%E3%82%8C%E3%81%8C%E3%81%B5%E3%81%95%E3%81%B5%E3%81%95" /><U26/><E60/><V32/><F32/><W81/><G81/><N who="2" m="30729" /><F72/><N who="1" m="27753" /><E68/><V129/><F129/><W80/><G80/><T36/><D36/><N who="2" m="13866" /><F116/><W78/><G78/><T7/><D131/><U48/><E48/><V0/><F0/><W41/><G96/><N who="1" m="36970" /><E86/><V58/><F58/><W43/><G69/><T85/><D85/><U91/><E91/><V89/><F89/><W76/><G76/><T28/><D5/><AGARI ba="0,0" hai="5,10,14,20,27,30,41,43,52,57,61,64,66,67" machi="5" ten="40,2600,0" yaku="8,1,54,1" doraHai="101" who="3" fromWho="0" sc="22,-26,418,0,395,0,165,26" owari="-4,-50.4,418,51.8,395,19.5,191,-20.9" /></mjloggm>