<mjloggm ver="2.3"><GO type="169" lobby="0"/><UN n0="%E3%81%B3%E3%82%8D%E3%81%B4%E3%82%8D" n1="%E8%8A%B1%E9%81%93%E6%A1%9C%E6%9C%A8" n2="%44%65%63%65%6D%62%65%72" n3="%E5%B0%8F%E6%BE%A4%E8%AA%A0" dan="16,16,16,16" rate="2186.38,2136.99,2060.87,2100.96" sx="M,M,M,M"/><TAIKYOKU oya="0"/><INIT seed="0,0,0,2,5,36" ten="250,250,250,250" oya="0" hai0="99,4,53,86,79,17,32,129,109,52,13,37,110" hai1="69,85,62,55,103,87,40,83,7,22,125,91,58" hai2="126,70,124,80,93,49,115,102,92,33,3,72,6" hai3="19,42,44,27,100,64,121,0,54,131,57,108,56"/><T15/><D37/><U77/><E125/><V18/><F33/><W61/><G0/><T116/><D116/><U30/><E69/><V63/><F18/><W41/><G100/><T10/><D32/><U111/><E111/><N who="0" m="42505" /><D99/><U51/><E103/><V95/><F80/><W34/><G108/><T68/><D68/><U97/><E7/><V112/><F49/><W106/><G106/><T8/><D129/><U12/><E97/><V113/><F102/><W122/><G131/><T28/><D28/><U67/><E30/><V60/><F70/><W82/><G82/><AGARI ba="0,0" hai="4,8,10,13,15,17,52,53,79,82,86" m="42505" machi="82" ten="30,5800,0" yaku="14,1,10,1,54,1" doraHai="36" who="0" fromWho="3" sc="250,58,250,0,250,0,250,-58" /><INIT seed="0,1,0,5,0,12" ten="308,250,250,192" oya="0" hai0="122,126,44,81,29,104,48,98,95,113,79,131,16" hai1="1,8,47,99,63,130,27,30,52,134,68,5,85" hai2="119,55,93,89,31,35,120,43,57,109,97,75,40" hai3="124,78,88,32,117,65,116,17,50,61,21,7,11"/><T15/><D113/><U92/><E130/><V24/><F109/><W135/><G32/><T60/><D126/><U51/><E134/><V76/><F120/><W105/><G78/><T129/><D104/><U67/><E85/><V0/><F0/><W64/><G105/><T46/><D29/><U45/><E45/><V80/><REACH who="2" step="1"/><F119/><REACH who="2" ten="308,250,240,192" step="2"/><W71/><G117/><T58/><D122/><U114/><E114/><V49/><AGARI ba="1,1" hai="24,31,35,40,43,49,55,57,75,76,80,89,93,97" machi="49" ten="20,5200,0" yaku="1,1,2,1,0,1,7,1,53,0" doraHai="12" doraHaiUra="6" who="2" fromWho="2" sc="308,-27,250,-14,240,65,192,-14" /><INIT seed="1,0,0,0,3,52" ten="281,236,305,178" oya="1" hai0="16,27,80,101,35,94,93,67,79,130,54,69,103" hai1="61,9,18,115,14,43,109,86,119,112,92,126,60" hai2="85,71,65,19,121,59,117,120,4,62,38,24,91" hai3="57,74,34,53,41,45,63,20,68,107,73,47,82"/><U97/><E119/><V23/><F38/><W1/><G34/><T10/><D130/><U36/><E126/><V129/><F117/><W132/><G107/><T31/><D69/><U37/><E86/><V5/><F129/><W50/><G1/><T40/><D67/><U113/><E109/><V90/><F90/><W124/><G124/><T116/><D40/><U49/><E49/><V39/><F39/><W44/><G74/><T25/><D116/><U133/><E133/><V84/><F84/><W102/><G102/><T111/><D111/><U11/><E11/><V123/><REACH who="2" step="1"/><F71/><REACH who="2" ten="281,236,295,178" step="2"/><W128/><G128/><T88/><D88/><U7/><E37/><V134/><F134/><W29/><G132/><T46/><D103/><U56/><E36/><V99/><F99/><W48/><G68/><T26/><D101/><U110/><E110/><V70/><F70/><W108/><G108/><T106/><D35/><U21/><E97/><V98/><F98/><W32/><G73/><T6/><D79/><U83/><E115/><V87/><F87/><W0/><G82/><AGARI ba="0,1" hai="4,5,19,23,24,59,62,65,82,85,91,120,121,123" machi="82" ten="40,2600,0" yaku="1,1,52,1,53,0" doraHai="52" doraHaiUra="100" who="2" fromWho="3" sc="281,0,236,0,295,36,178,-26" /><INIT seed="2,0,0,2,4,121" ten="281,236,331,152" oya="2" hai0="73,132,30,19,0,18,80,32,95,100,96,25,105" hai1="7,117,114,91,21,88,64,61,86,106,46,54,24" hai2="92,34,90,11,33,43,74,130,5,62,125,112,40" hai3="72,10,26,115,133,77,15,42,109,53,82,119,101"/><V87/><F112/><W127/><G119/><T13/><D132/><U28/><E114/><V84/><F125/><W67/><G115/><T122/><D122/><U49/><E117/><V75/><F130/><W48/><G133/><T36/><D0/><U103/><E7/><V85/><F74/><W8/><G127/><T134/><D36/><U60/><E60/><V57/><F75/><W69/><G101/><T128/><D128/><U45/><E46/><V116/><F116/><W39/><G26/><T44/><D44/><U63/><E63/><V104/><F104/><W1/><G42/><T56/><D56/><U4/><E4/><V12/><F34/><W66/><G39/><T59/><D59/><U93/><E106/><V37/><F37/><W9/><G1/><T51/><D51/><U124/><E124/><V102/><F102/><W89/><G89/><T29/><D29/><U107/><E107/><V108/><F108/><W3/><G3/><T71/><D71/><U110/><E110/><V50/><F33/><W123/><G123/><T129/><D129/><U94/><E103/><V76/><F50/><W65/><G109/><T113/><D113/><U126/><E126/><V47/><F47/><W70/><REACH who="3" step="1"/><G15/><REACH who="3" ten="281,236,331,142" step="2"/><T16/><D134/><U35/><E91/><V14/><F14/><W22/><G22/><T17/><D13/><U98/><E35/><V81/><F43/><W41/><G41/><T78/><N who="0" m="4096" /><DORA hai="38" /><T111/><D111/><U55/><E24/><V27/><F40/><W52/><G52/><T118/><D118/><U79/><E55/><N who="2" m="34111" /><F27/><W83/><G83/><RYUUKYOKU ba="0,1" sc="281,10,236,-30,331,10,142,10" hai0="25,30,32,73,78,80,95,96,100,105" hai2="5,11,12,76,81,84,85,87,90,92" hai3="8,9,10,48,53,65,66,67,69,70,72,77,82" /><INIT seed="2,1,1,5,2,98" ten="291,206,341,152" oya="2" hai0="119,26,2,53,64,13,84,41,7,77,21,17,6" hai1="34,28,57,122,49,128,113,18,30,110,39,127,37" hai2="75,86,71,3,97,15,130,67,85,72,99,73,38" hai3="133,83,79,59,52,60,66,69,20,36,44,10,124"/><V104/><F3/><W102/><G124/><T4/><D119/><U103/><E113/><V68/><F38/><W106/><G133/><T108/><D108/><U92/><E110/><V12/><F73/><W47/><G36/><T33/><D41/><U109/><E109/><V19/><F104/><W55/><G55/><T88/><D64/><U43/><E127/><V27/><F27/><W78/><G78/><T95/><D77/><U5/><E5/><V23/><F19/><W32/><G32/><T118/><D118/><U9/><E128/><V51/><F51/><W65/><G65/><T29/><REACH who="0" step="1"/><D53/><REACH who="0" ten="281,206,341,152" step="2"/><U48/><E43/><V40/><F40/><W74/><G66/><T111/><D111/><U1/><E39/><V107/><F67/><W91/><G69/><T35/><D35/><U117/><E34/><V132/><F130/><W8/><G79/><T61/><D61/><U123/><E117/><V93/><F71/><W24/><G52/><T134/><D134/><U112/><E37/><V129/><F68/><W94/><G60/><T121/><D121/><U105/><E123/><V89/><F129/><W11/><G74/><T96/><D96/><U22/><E122/><V76/><F99/><W42/><G42/><T90/><D90/><U115/><E115/><V131/><F97/><W25/><G91/><T58/><D58/><U116/><E112/><V81/><F132/><W101/><G59/><T50/><D50/><U56/><E56/><V120/><F120/><W70/><G70/><T126/><D126/><U0/><E116/><V16/><F131/><W45/><G47/><RYUUKYOKU ba="1,2" sc="281,30,206,-10,341,-10,152,-10" hai0="2,4,6,7,13,17,21,26,29,33,84,88,95" /><INIT seed="3,2,2,1,0,107" ten="311,196,331,142" oya="3" hai0="1,132,123,113,38,8,97,135,39,25,44,99,24" hai1="75,89,49,16,37,11,91,117,78,57,100,52,62" hai2="81,109,134,31,9,126,86,5,105,26,110,59,127" hai3="128,68,66,70,40,94,120,119,12,106,30,72,108"/><W85/><G120/><T90/><D90/><U84/><E37/><N who="0" m="13833" /><D44/><U4/><E117/><V34/><F105/><W118/><G106/><T103/><D8/><U22/><E100/><V76/><F59/><W69/><G40/><T33/><D123/><U98/><E75/><N who="2" m="43167" /><F134/><N who="0" m="51242" /><D113/><U42/><E98/><N who="0" m="37385" /><D103/><U67/><E42/><V129/><F86/><W116/><G85/><T35/><D1/><U20/><E78/><V83/><F83/><W58/><G118/><T63/><D63/><U61/><E61/><V64/><F64/><W47/><G66/><T23/><D23/><U2/><E22/><V87/><F87/><W102/><G47/><T77/><D77/><U7/><E84/><V95/><F95/><W104/><G94/><T124/><D124/><N who="2" m="47658" /><F129/><W10/><G128/><T41/><D41/><U112/><E112/><V115/><F115/><W56/><G119/><T43/><D43/><U18/><E91/><V96/><F96/><W55/><G116/><T82/><D82/><U74/><E89/><V122/><F122/><W17/><G102/><T80/><D80/><U125/><E125/><V27/><F27/><AGARI ba="2,2" hai="24,25,27,33,35" m="37385,51242,13833" machi="27" ten="40,5200,0" yaku="28,2,20,1" doraHai="107" who="0" fromWho="2" sc="311,78,196,0,331,-58,142,0" /><INIT seed="4,0,0,1,1,65" ten="389,196,273,142" oya="0" hai0="56,37,85,124,131,15,0,96,13,3,74,98,70" hai1="134,87,40,99,91,135,23,62,128,30,59,28,57" hai2="116,125,100,89,101,126,129,67,11,18,42,133,46" hai3="5,14,127,103,1,36,83,12,119,95,114,97,93"/><T39/><D56/><U29/><E128/><V102/><F129/><W132/><G119/><T17/><D17/><U73/><E73/><V120/><F120/><W113/><G36/><T16/><D16/><U31/><E40/><V76/><F76/><W64/><G132/><N who="1" m="50730" /><E99/><V20/><F67/><W121/><G121/><T10/><D10/><U80/><E62/><V50/><F11/><N who="3" m="2479" /><G127/><N who="2" m="48649" /><F89/><W117/><G117/><T55/><D131/><U109/><E109/><V4/><F4/><W60/><G93/><T25/><D25/><AGARI ba="0,0" hai="23,25,28,29,30,31,57,59,80,87,91" m="50730" machi="25" ten="30,1000,0" yaku="20,1" doraHai="65" who="1" fromWho="0" sc="389,-10,196,10,273,0,142,0" /><INIT seed="5,0,0,1,3,44" ten="379,206,273,142" oya="1" hai0="5,75,1,101,73,116,126,112,72,81,124,79,47" hai1="49,120,88,59,2,82,122,97,26,34,128,64,23" hai2="30,63,62,80,8,29,11,123,4,131,15,76,92" hai3="121,84,106,96,74,22,103,107,108,24,32,110,6"/><U10/><E34/><V78/><F131/><W70/><G121/><T46/><D116/><U125/><E128/><V52/><F123/><W111/><G74/><N who="0" m="43255" /><D101/><U89/><E125/><N who="0" m="48233" /><D112/><U58/><E89/><V91/><F63/><W94/><G6/><T16/><D16/><U69/><E69/><V9/><F80/><W38/><G38/><T27/><D27/><U21/><E64/><V14/><F4/><W3/><G3/><T130/><D130/><U20/><E26/><V13/><F76/><W36/><G36/><T132/><D132/><U104/><E104/><V7/><F7/><W119/><G119/><T61/><D61/><U17/><E2/><V77/><F78/><W43/><G70/><T95/><D95/><U51/><E122/><V86/><F77/><W31/><G43/><T53/><D53/><U114/><E114/><V57/><AGARI ba="0,0" hai="8,9,11,13,14,15,29,30,52,57,62,86,91,92" machi="57" ten="40,5200,0" yaku="0,1,8,1,54,1" doraHai="44" who="2" fromWho="2" sc="379,-13,206,-26,273,52,142,-13" /><INIT seed="6,0,0,0,1,25" ten="366,180,325,129" oya="2" hai0="122,96,86,76,55,1,9,116,12,51,77,48,60" hai1="67,3,109,49,0,127,132,113,126,99,8,135,123" hai2="75,111,108,44,84,70,120,110,7,23,88,40,104" hai3="36,94,42,11,105,91,45,129,63,2,103,24,128"/><V13/><F75/><W30/><G103/><T131/><D1/><N who="1" m="587" /><E67/><V115/><F115/><W22/><G105/><T121/><D131/><U107/><E109/><V106/><F70/><W37/><G63/><T15/><D121/><U52/><E8/><N who="2" m="4255" /><F120/><W18/><G37/><T6/><D122/><U112/><E123/><V125/><F125/><N who="1" m="47625" /><E99/><V80/><F23/><W89/><G18/><T47/><D116/><U97/><E97/><V29/><F29/><W118/><G118/><T65/><D96/><U16/><E16/><V43/><F43/><W72/><G72/><T54/><D15/><U38/><E38/><AGARI ba="0,0" hai="38,40,44,80,84,88,104,106,108,110,111" m="4255" machi="38" ten="30,2900,0" yaku="10,1,54,1" doraHai="25" who="2" fromWho="1" sc="366,0,180,-29,325,29,129,0" /><INIT seed="6,1,0,2,5,7" ten="366,151,354,129" oya="2" hai0="60,59,112,75,96,66,54,71,28,94,0,24,32" hai1="21,113,74,53,48,46,76,42,100,67,130,41,33" hai2="124,118,36,69,52,45,20,127,114,135,111,103,55" hai3="79,82,63,110,121,98,115,5,106,11,101,84,25"/><V128/><F103/><W64/><G110/><T6/><D112/><U102/><E33/><V126/><F111/><W93/><G121/><T86/><D75/><U37/><E113/><V29/><F114/><W73/><G25/><T122/><D122/><U109/><E109/><V47/><F29/><W23/><G23/><T22/><D86/><U99/><E130/><V27/><F128/><W12/><G115/><T134/><D134/><U133/><E133/><V132/><F27/><W68/><REACH who="3" step="1"/><G73/><REACH who="3" ten="366,151,354,119" step="2"/><T8/><D22/><U88/><E21/><V116/><F20/><W92/><AGARI ba="1,1" hai="5,11,12,63,64,68,79,82,84,92,93,98,101,106" machi="92" ten="30,7900,0" yaku="1,1,2,1,0,1,52,1,53,0" doraHai="7" doraHaiUra="19" who="3" fromWho="3" sc="366,-21,151,-21,354,-40,119,92" /><INIT seed="7,0,0,4,4,86" ten="345,130,314,211" oya="3" hai0="82,98,57,135,67,115,3,48,103,122,39,100,24" hai1="90,121,126,120,15,50,104,2,95,66,23,4,49" hai2="62,132,64,47,133,71,124,43,38,114,52,107,69" hai3="55,128,87,44,127,9,42,19,116,37,76,99,27"/><W63/><G99/><T74/><D122/><U7/><E126/><V77/><F107/><W113/><G128/><T34/><D39/><U75/><E75/><V30/><F30/><W31/><G113/><T53/><D3/><U89/><E104/><V61/><F77/><W93/><G116/><T106/><D115/><U91/><E2/><V36/><F114/><W102/><G102/><T10/><D135/><N who="2" m="51786" /><F38/><W16/><G9/><T35/><D103/><U51/><E66/><N who="2" m="41167" /><F52/><W96/><G96/><T131/><D131/><U119/><E119/><V1/><F1/><W25/><G93/><T0/><D67/><U41/><E41/><V88/><F88/><N who="1" m="33897" /><E121/><V59/><F124/><W56/><G27/><T46/><D74/><U32/><E32/><V73/><F73/><W70/><G70/><AGARI ba="0,0" hai="36,43,47,59,62,64,70,71" m="41167,51786" machi="70" ten="30,3900,0" yaku="20,1,34,2" doraHai="86" who="2" fromWho="3" sc="345,0,130,0,314,39,211,-39" owari="345,14.5,130,-37.0,353,45.3,172,-22.8" /></mjloggm>