<mjloggm ver="2.3"><GO type="169" lobby="0"/><UN n0="%E4%BE%8D" n1="%76%61%6C%6B%79%72%69%65" n2="%67%2D%65%6E%6B%69" n3="%E3%81%A6%E3%81%BE%E3%81%A1" dan="18,17,16,16" rate="2265.09,2215.60,2090.75,2042.60" sx="M,F,M,M"/><TAIKYOKU oya="0"/><INIT seed="0,0,0,0,3,36" ten="250,250,250,250" oya="0" hai0="124,95,52,89,87,56,126,14,99,120,61,4,42" hai1="70,72,8,63,57,131,73,98,20,43,40,112,7" hai2="96,67,134,132,80,48,23,91,39,31,13,10,103" hai3="32,55,102,5,29,121,82,118,110,51,133,130,26"/><T101/><D120/><U104/><E131/><V65/><F39/><W54/><G118/><T74/><D74/><U49/><E70/><V97/><F31/><W135/><G110/><T76/><D76/><U108/><E108/><V127/><F23/><W25/><G130/><T28/><D28/><U19/><E112/><V119/><F127/><W94/><G121/><T116/><D116/><U115/><E115/><V68/><F68/><W46/><G5/><T15/><D42/><U69/><E69/><V92/><F48/><W22/><G82/><T77/><D77/><U11/><E73/><V111/><F111/><W27/><G55/><T66/><D66/><U37/><E37/><V41/><F41/><W38/><G38/><T75/><D75/><U83/><E83/><V1/><F1/><W44/><G44/><T30/><D30/><U90/><E72/><V114/><F119/><W6/><G6/><T50/><D61/><U107/><E49/><V106/><F80/><W17/><G27/><T88/><D89/><U53/><E104/><V58/><F58/><W12/><G12/><T79/><D79/><U78/><E78/><V71/><F71/><W33/><G33/><T125/><REACH who="0" step="1"/><D4/><REACH who="0" ten="240,250,250,250" step="2"/><U81/><E40/><V62/><F62/><W64/><G64/><T59/><D59/><U100/><E43/><V18/><F114/><W86/><G29/><T93/><AGARI ba="0,1" hai="14,15,50,52,56,87,88,93,95,99,101,124,125,126" machi="93" ten="30,12000,1" yaku="1,1,0,1,18,1,54,2,53,0" doraHai="36" doraHaiUra="122" who="0" fromWho="0" sc="240,130,250,-40,250,-40,250,-40" /><INIT seed="0,1,0,3,2,5" ten="370,210,210,210" oya="0" hai0="33,20,99,29,2,123,84,104,22,27,100,69,57" hai1="105,94,36,11,113,26,124,110,106,91,42,15,96" hai2="109,58,101,4,13,12,51,82,68,65,3,41,1" hai3="81,23,0,21,43,108,86,18,125,73,10,89,90"/><T102/><D123/><U16/><E110/><V79/><F109/><W107/><G73/><T31/><D2/><U62/><E124/><V72/><F68/><W61/><G107/><T37/><D37/><U127/><E127/><V54/><F13/><W118/><G118/><T126/><D126/><U77/><E113/><V111/><F111/><W76/><G108/><T103/><D84/><U112/><E112/><V83/><F65/><W129/><G129/><T7/><D7/><U24/><E77/><V93/><F83/><W30/><G43/><T70/><D57/><U87/><E62/><V67/><F67/><W17/><G30/><N who="0" m="11275" /><D27/><U47/><REACH who="1" step="1"/><E105/><REACH who="1" ten="370,200,210,210" step="2"/><V122/><F79/><W88/><G61/><T74/><D104/><U130/><E130/><V128/><F128/><W6/><REACH who="3" step="1"/><G125/><REACH who="3" ten="370,200,210,200" step="2"/><T39/><D74/><U120/><E120/><V133/><F72/><W38/><G38/><T45/><D39/><U132/><E132/><V71/><F133/><W9/><G9/><T14/><D70/><U117/><E117/><V92/><F71/><W56/><G56/><T119/><D69/><U28/><E28/><V97/><F122/><W52/><G52/><T25/><D119/><U48/><E48/><V59/><F58/><W114/><G114/><T35/><D35/><U66/><E66/><V115/><F51/><W49/><G49/><T50/><D33/><U44/><E44/><V8/><F115/><W80/><G80/><T64/><D64/><U98/><E98/><V19/><F82/><W40/><G40/><T135/><D135/><U85/><E85/><V60/><F41/><RYUUKYOKU ba="1,2" sc="370,-15,200,15,210,-15,200,15" hai1="11,15,16,24,26,36,42,47,87,91,94,96,106" hai3="0,6,10,17,18,21,23,76,81,86,88,89,90" /><INIT seed="1,2,2,0,4,4" ten="355,215,195,215" oya="1" hai0="0,17,116,54,30,22,135,31,34,107,12,73,74" hai1="131,63,37,19,55,85,27,134,78,33,76,40,112" hai2="20,119,69,125,94,118,56,47,117,81,92,88,62" hai3="21,79,130,57,127,113,68,133,80,108,3,84,41"/><U115/><E134/><V10/><F125/><W93/><G113/><T49/><D116/><U82/><E131/><V104/><F104/><W39/><G68/><T35/><D107/><U110/><E78/><V98/><F81/><W52/><G3/><T132/><D0/><U24/><E110/><V103/><F20/><W90/><G108/><T1/><D1/><U101/><E101/><V66/><F47/><W28/><G133/><N who="0" m="51275" /><D31/><U102/><E102/><V128/><F128/><W129/><G127/><T59/><D30/><U26/><E33/><AGARI ba="2,2" hai="12,17,22,33,34,35,49,54,59,73,74" m="51275" machi="33" ten="30,1000,0" yaku="20,1" doraHai="4" who="0" fromWho="1" sc="355,36,215,-16,195,0,215,0" /><INIT seed="2,0,0,5,2,65" ten="391,199,195,215" oya="2" hai0="61,22,85,32,24,31,29,1,20,103,133,43,104" hai1="10,39,5,27,92,111,98,16,8,123,19,33,9" hai2="105,63,86,88,14,49,113,59,38,125,2,134,54" hai3="41,87,115,106,35,89,80,97,74,121,6,72,37"/><V78/><F113/><W82/><G35/><T68/><D1/><U135/><E39/><V81/><F2/><W18/><G6/><T107/><D43/><U15/><E111/><V51/><F125/><W94/><G18/><N who="1" m="6698" /><E92/><V114/><F105/><W53/><G53/><T76/><D31/><N who="1" m="19711" /><E98/><V64/><F134/><W56/><G56/><T120/><D120/><U132/><E123/><V131/><F131/><W117/><G41/><T34/><D34/><U124/><E124/><V42/><F38/><W57/><G57/><T3/><D3/><U17/><E5/><V77/><F114/><W50/><G50/><T45/><D45/><U129/><E129/><V11/><F42/><W21/><G37/><T48/><D48/><N who="2" m="18506" /><F54/><W25/><G106/><T102/><D104/><U71/><E71/><V52/><F64/><W13/><G74/><T4/><D4/><AGARI ba="0,0" hai="4,11,14,52,59,63,77,78,81,86,88" m="18506" machi="4" ten="30,5800,0" yaku="8,1,54,2" doraHai="65" who="2" fromWho="0" sc="391,-58,199,0,195,58,215,0" /><INIT seed="2,1,0,1,2,41" ten="333,199,253,215" oya="2" hai0="40,122,23,83,106,20,123,111,16,71,80,125,132" hai1="127,19,56,92,101,84,55,81,77,4,124,91,87" hai2="33,39,66,10,59,100,61,98,63,5,74,46,2" hai3="49,107,95,64,93,105,68,47,99,89,75,43,3"/><V21/><F33/><W45/><G3/><T128/><D106/><U11/><E101/><V117/><F117/><W103/><G75/><T28/><D71/><U102/><E102/><V79/><F21/><W15/><G68/><T1/><D1/><U110/><E110/><V112/><F112/><W134/><G134/><T129/><D111/><U26/><E26/><V86/><F86/><W18/><G64/><T24/><D40/><U25/><E25/><V114/><F114/><W130/><G47/><T27/><D125/><U72/><E72/><V36/><F63/><W119/><G130/><N who="0" m="50283" /><D132/><U104/><E104/><V30/><F30/><W32/><G32/><T97/><D97/><U109/><E109/><V73/><F46/><W13/><G13/><T94/><D94/><U53/><E19/><V108/><F108/><W90/><G103/><T96/><D96/><U78/><E78/><V113/><F113/><W85/><REACH who="3" step="1"/><G119/><REACH who="3" ten="333,199,253,205" step="2"/><T67/><D67/><U29/><E127/><V70/><F70/><W14/><G14/><T60/><D123/><U7/><E124/><V34/><F34/><W0/><G0/><T57/><D122/><U9/><E56/><V52/><F66/><W131/><G131/><T133/><D133/><U31/><E4/><V88/><F100/><W54/><G54/><N who="1" m="20490" /><E7/><V48/><F74/><W42/><G42/><T76/><D57/><U65/><E65/><V58/><F58/><W51/><G51/><T8/><D60/><U69/><E69/><V50/><F50/><W17/><G17/><T116/><D116/><U37/><E37/><V35/><F39/><RYUUKYOKU ba="1,1" sc="333,-15,199,15,253,-15,205,15" hai1="9,11,29,31,77,81,84,87,91,92" hai3="15,18,43,45,49,85,89,90,93,95,99,105,107" /><INIT seed="3,2,1,0,4,30" ten="318,214,238,220" oya="3" hai0="67,16,125,9,59,2,107,47,97,52,130,39,13" hai1="94,84,82,43,32,1,91,20,85,68,44,0,72" hai2="115,10,33,26,100,42,86,7,8,96,92,128,99" hai3="49,40,69,106,51,3,135,31,95,41,88,28,35"/><W133/><G106/><T114/><D125/><U50/><E68/><V124/><F115/><W76/><G69/><T23/><D130/><U87/><E32/><V127/><F128/><W54/><G3/><T102/><D114/><U61/><E61/><V131/><F131/><W120/><G120/><T11/><D67/><U79/><REACH who="1" step="1"/><E20/><REACH who="1" ten="318,204,238,220" step="2"/><V126/><F33/><W5/><G35/><T64/><D64/><U53/><E53/><V48/><F124/><W29/><G135/><T14/><D2/><AGARI ba="2,2" hai="0,1,2,43,44,50,72,79,82,84,85,87,91,94" machi="2" ten="40,2600,0" yaku="1,1,53,1" doraHai="30" doraHaiUra="37" who="1" fromWho="0" sc="318,-32,204,52,238,0,220,0" /><INIT seed="4,0,0,4,3,40" ten="286,256,238,220" oya="0" hai0="121,135,91,8,76,71,26,59,3,42,41,87,65" hai1="127,85,104,129,46,101,126,84,132,72,131,18,48" hai2="13,0,38,21,66,123,33,134,116,54,62,2,63" hai3="83,133,89,7,118,43,61,37,122,107,51,45,115"/><T90/><D121/><U109/><E109/><V58/><F33/><W69/><G118/><T117/><D117/><U75/><E18/><V102/><F116/><W78/><G107/><T12/><D71/><U4/><E4/><V93/><F38/><W95/><G115/><T68/><D68/><U86/><E48/><V77/><F134/><W124/><G124/><N who="1" m="47658" /><E46/><V96/><F123/><W9/><G133/><T125/><D135/><U119/><E119/><V22/><F77/><W113/><G113/><T108/><D3/><U50/><E50/><V128/><F128/><N who="1" m="49225" /><E132/><V82/><F82/><W99/><G122/><T110/><D26/><U11/><E11/><V31/><F13/><W94/><G61/><N who="0" m="38079" /><D110/><U27/><E27/><N who="2" m="16879" /><F22/><W5/><G69/><T49/><D108/><U29/><E29/><V103/><F103/><W111/><G111/><T74/><D125/><U36/><E36/><V67/><F67/><W1/><G37/><T98/><D12/><U114/><E114/><V57/><AGARI ba="0,0" hai="0,2,54,57,58,62,63,66,93,96,102" m="16879" machi="57" ten="30,1100,0" yaku="25,1" doraHai="40" who="2" fromWho="2" sc="286,-5,256,-3,238,11,220,-3" /><INIT seed="5,0,0,5,2,108" ten="281,253,249,217" oya="1" hai0="110,127,104,8,109,1,122,31,24,26,29,44,114" hai1="66,51,54,63,10,119,90,103,12,15,62,107,86" hai2="100,30,2,3,102,88,33,93,52,91,116,46,132" hai3="20,70,83,7,35,27,98,68,50,34,59,36,75"/><U124/><E119/><V129/><F33/><W16/><G36/><T106/><D44/><U4/><E124/><V23/><F116/><W82/><G7/><N who="0" m="1135" /><D127/><U17/><E103/><V95/><F132/><W80/><G75/><T22/><D106/><U67/><E107/><V111/><F111/><N who="0" m="42506" /><D104/><U14/><E63/><V0/><F129/><W47/><G59/><T42/><D42/><U112/><E112/><V18/><F30/><W49/><G49/><T135/><D122/><U48/><E48/><V84/><F23/><W55/><REACH who="3" step="1"/><G98/><REACH who="3" ten="281,253,249,207" step="2"/><T101/><D135/><U19/><E51/><V134/><F134/><W74/><G74/><T105/><D105/><U58/><E66/><V60/><F46/><W87/><G87/><T69/><D69/><AGARI ba="0,1" hai="16,20,27,34,35,47,50,55,68,69,70,80,82,83" machi="69" ten="40,2600,0" yaku="1,1,54,1,53,0" doraHai="108" doraHaiUra="9" who="3" fromWho="0" sc="281,-26,253,0,249,0,207,36" /><INIT seed="6,0,0,5,4,50" ten="255,253,249,243" oya="2" hai0="25,58,116,0,69,62,51,84,108,12,111,77,88" hai1="31,27,120,78,55,109,43,126,94,28,89,125,72" hai2="60,103,87,76,65,11,39,35,115,105,98,42,53" hai3="82,68,47,29,38,59,90,97,44,37,36,134,41"/><V100/><F115/><W70/><G29/><T46/><D0/><U22/><E109/><V81/><F35/><W128/><G97/><T20/><D69/><N who="3" m="26729" /><G90/><T71/><D71/><U95/><E120/><V2/><F103/><W74/><G82/><T3/><D3/><U104/><E104/><V64/><F11/><W49/><G74/><T34/><D34/><U73/><E43/><V67/><F2/><W85/><G85/><T132/><D77/><U114/><E114/><V32/><F32/><W119/><G119/><T122/><D122/><U135/><E135/><V30/><F30/><W8/><G8/><T23/><D12/><U16/><E94/><V56/><REACH who="2" step="1"/><F42/><REACH who="2" ten="255,253,239,243" step="2"/><N who="3" m="24727" /><G134/><T66/><D132/><U21/><E31/><V15/><F15/><W110/><G110/><T129/><D111/><U101/><E101/><V92/><F92/><W6/><G6/><T1/><D1/><U45/><E95/><V99/><F99/><W118/><G118/><T63/><D108/><U5/><E5/><V121/><F121/><W113/><G113/><T79/><D116/><U106/><E28/><V80/><F80/><W102/><G102/><T91/><D20/><U13/><E22/><V57/><F57/><W130/><G59/><T18/><D58/><U133/><E13/><V10/><F10/><W33/><G33/><T86/><D23/><U117/><E21/><V17/><F17/><W52/><G41/><T107/><D18/><U96/><E16/><V75/><F75/><W54/><G47/><T127/><D46/><U131/><E73/><V112/><F112/><W19/><G19/><RYUUKYOKU ba="0,1" sc="255,-15,253,-15,239,15,243,15" hai2="39,53,56,60,64,65,67,76,81,87,98,100,105" hai3="36,37,38,52,54,128,130" /><INIT seed="6,1,1,2,4,84" ten="240,238,254,258" oya="2" hai0="118,29,6,27,28,107,23,17,31,79,77,16,25" hai1="126,88,41,91,90,42,52,51,101,104,49,34,78" hai2="132,98,24,8,37,55,73,62,127,20,59,33,2" hai3="134,32,40,7,125,61,86,108,76,71,119,122,81"/><V83/><F37/><W9/><G108/><T0/><D107/><U39/><E34/><V124/><F33/><W5/><G32/><T35/><D79/><U11/><E39/><V131/><F2/><W69/><G119/><T97/><D77/><U135/><E135/><V109/><F8/><W100/><G122/><T94/><D118/><U72/><E126/><N who="2" m="48171" /><F73/><W46/><G134/><T43/><D43/><N who="1" m="16395" /><E72/><V102/><F83/><W38/><G125/><T57/><D31/><U66/><E104/><N who="2" m="63575" /><F132/><W114/><G114/><T14/><D0/><U65/><E78/><V19/><F131/><W123/><G123/><T103/><D6/><U12/><E101/><V111/><AGARI ba="1,1" hai="19,20,24,55,59,62,109,111" m="63575,48171" machi="111" ten="30,1500,0" yaku="18,1" doraHai="84" who="2" fromWho="2" sc="240,-6,238,-6,254,28,258,-6" /><INIT seed="6,2,0,4,2,134" ten="234,232,282,252" oya="2" hai0="10,40,1,28,89,110,55,135,68,75,56,23,67" hai1="61,109,81,47,29,107,50,12,88,111,98,130,84" hai2="59,9,14,92,117,114,86,120,124,93,34,8,65" hai3="54,132,79,48,116,70,20,27,13,0,69,121,96"/><V106/><F106/><W24/><G0/><T80/><D110/><U37/><E37/><V128/><F34/><W2/><G2/><T76/><D135/><U35/><E130/><V85/><F14/><W52/><G116/><T6/><D68/><U22/><E35/><V101/><F59/><W102/><G121/><T44/><D67/><U30/><E61/><V16/><F65/><W39/><G39/><N who="0" m="21535" /><D89/><U95/><E107/><V4/><F4/><W36/><G36/><T77/><D77/><U90/><E111/><V133/><F133/><W73/><G70/><T112/><D112/><U118/><E118/><V113/><F101/><W58/><G69/><T91/><D91/><U100/><E100/><V131/><F16/><N who="3" m="10255" /><G79/><T31/><D23/><U104/><E104/><V97/><F117/><W94/><G73/><T105/><D105/><U60/><E60/><AGARI ba="2,0" hai="1,6,10,28,31,55,56,60,75,76,80" m="21535" machi="60" ten="30,1000,0" yaku="25,1" doraHai="134" who="0" fromWho="1" sc="234,16,232,-16,282,0,252,0" /><INIT seed="7,0,0,0,0,77" ten="250,216,282,252" oya="3" hai0="81,71,69,61,119,5,4,12,126,123,27,94,112" hai1="109,24,106,72,113,54,63,10,29,8,130,46,122" hai2="18,117,78,129,131,0,135,97,25,134,125,124,1" hai3="51,105,76,133,91,21,13,79,73,60,67,44,95"/><W92/><G105/><T32/><D123/><U87/><E122/><V23/><F97/><W30/><G73/><T17/><D119/><U22/><E109/><V43/><F43/><W64/><G95/><T83/><D32/><U102/><E72/><V19/><F19/><N who="3" m="10479" /><G30/><T11/><D71/><U48/><E113/><V36/><F78/><N who="3" m="29739" /><G60/><T70/><D70/><U47/><E130/><N who="2" m="49675" /><F36/><W82/><G133/><N who="2" m="50697" /><F117/><W16/><G16/><T34/><D112/><U3/><E3/><AGARI ba="0,0" hai="0,1,3,18,23,25,124,125" m="50697,49675" machi="3" ten="40,12000,2" yaku="30,2,19,1,20,1,34,2" doraHai="77" who="2" fromWho="1" sc="250,0,216,-120,282,120,252,0" owari="250,-15.0,96,-40.4,402,50.2,252,5.2" /></mjloggm>