<mjloggm ver="2.3"><GO type="169" lobby="0"/><UN n0="%E3%81%B0%E3%81%AA%E3%81%AA%E3%81%BE%E3%82%8B%E3%81%BE%E3%82%8B" n1="%E5%A0%B4%E6%B3%81%E5%8E%A8" n2="%E7%B4%AB%E3%81%AE%E9%8F%A1" n3="%E3%83%90%E3%83%93%E3%83%B3%E3%82%B9%E3%82%AD%E3%83%BC" dan="16,17,18,17" rate="2027.96,2195.01,2186.19,2162.18" sx="M,F,M,M"/><TAIKYOKU oya="0"/><INIT seed="0,0,0,3,0,3" ten="250,250,250,250" oya="0" hai0="32,85,125,27,98,60,56,28,35,57,109,53,102" hai1="126,13,130,33,96,114,62,80,31,48,22,52,95" hai2="61,59,24,10,44,46,1,17,79,86,83,16,7" hai3="73,135,89,55,128,103,94,0,104,118,72,47,110"/><T40/><D125/><U54/><E126/><V12/><F24/><W90/><G118/><T49/><D109/><U129/><E114/><V81/><F81/><W93/><G0/><T87/><D35/><U82/><E33/><V88/><F79/><W108/><G55/><T19/><D19/><N who="2" m="7242" /><F1/><W78/><G47/><T107/><REACH who="0" step="1"/><D40/><REACH who="0" ten="240,250,250,250" step="2"/><U105/><E130/><V97/><F97/><N who="3" m="61551" /><G128/><T20/><D20/><U6/><E22/><V21/><F21/><W122/><G122/><T84/><D84/><U123/><E96/><V11/><F11/><W45/><G110/><T106/><D106/><U112/><E105/><V9/><F9/><W69/><G108/><T39/><D39/><U132/><E129/><V41/><F41/><W133/><G73/><T8/><D8/><U66/><E123/><V64/><AGARI ba="0,1" hai="7,10,12,44,46,59,61,64,83,86,88" m="7242" machi="64" ten="30,7900,0" yaku="8,1,52,1,54,2" doraHai="3" who="2" fromWho="2" sc="240,-39,250,-20,250,89,250,-20" /><INIT seed="1,0,0,5,1,82" ten="201,230,339,230" oya="1" hai0="58,92,53,121,2,37,98,108,62,42,87,19,65" hai1="117,89,29,86,81,100,76,67,60,78,84,18,39" hai2="133,27,14,3,51,30,77,33,118,111,90,52,34" hai3="54,131,43,73,59,70,107,46,12,75,25,13,69"/><U106/><E117/><V55/><F3/><W124/><G107/><T94/><D2/><U122/><E122/><V103/><F118/><W80/><G131/><T97/><D108/><U17/><E39/><V11/><F111/><W4/><G124/><T32/><D121/><U127/><E127/><V21/><F133/><W102/><G102/><T26/><D37/><U8/><E29/><V38/><F38/><W74/><G25/><T116/><D42/><U93/><E76/><V88/><F103/><W0/><G0/><T119/><D65/><U135/><E135/><V23/><F34/><W71/><G4/><T95/><D32/><U31/><E31/><V63/><F23/><W57/><G80/><T44/><D44/><U22/><E8/><V5/><F77/><W61/><REACH who="3" step="1"/><G59/><REACH who="3" ten="201,230,339,220" step="2"/><T20/><D116/><U129/><E129/><V68/><F27/><W7/><G7/><T109/><D119/><U40/><E40/><V10/><F5/><W113/><G113/><T85/><D109/><U126/><E126/><V132/><F132/><W101/><G101/><T47/><D47/><U125/><E125/><V99/><F14/><W48/><AGARI ba="0,1" hai="12,13,43,46,48,54,57,61,69,70,71,73,74,75" machi="48" ten="40,2700,0" yaku="1,1,0,1,53,0" doraHai="82" doraHaiUra="91" who="3" fromWho="3" sc="201,-7,230,-13,339,-7,220,37" /><INIT seed="2,0,0,3,3,32" ten="194,217,332,257" oya="2" hai0="36,51,88,18,33,48,90,120,127,56,5,31,119" hai1="109,63,62,61,117,68,103,75,38,54,41,43,30" hai2="1,69,130,108,129,15,28,104,87,46,76,84,78" hai3="64,91,128,52,27,110,9,34,112,4,86,132,11"/><V26/><F69/><W2/><G110/><T12/><D120/><U85/><E75/><V40/><F104/><W29/><G128/><N who="2" m="49257" /><F15/><W95/><G132/><T134/><D36/><U39/><E103/><V60/><F60/><N who="1" m="23145" /><E30/><V98/><F98/><W102/><G64/><T50/><D134/><U72/><E85/><N who="2" m="32843" /><F1/><W14/><G102/><T81/><D127/><U45/><E72/><V113/><F113/><W23/><G52/><T118/><D5/><U25/><E25/><V35/><F108/><W66/><G66/><T71/><D71/><U122/><E109/><V100/><F100/><W0/><G112/><T133/><D133/><U111/><E111/><V19/><F19/><W125/><G125/><T105/><D105/><U89/><E122/><V24/><F24/><W49/><G49/><AGARI ba="0,0" hai="26,28,35,40,46,49,76,78" m="32843,49257" machi="49" ten="30,1500,0" yaku="19,1" doraHai="32" who="2" fromWho="3" sc="194,0,217,0,332,15,257,-15" /><INIT seed="2,1,0,0,2,28" ten="194,217,347,242" oya="2" hai0="19,133,119,11,82,79,53,83,107,15,102,112,126" hai1="7,29,45,0,10,14,95,81,106,132,134,44,20" hai2="110,111,16,66,9,55,56,124,26,89,98,93,97" hai3="84,123,34,99,67,37,86,2,17,57,22,33,31"/><V49/><F124/><W135/><G123/><T24/><D112/><U59/><E106/><V115/><F115/><W117/><G117/><T129/><D126/><U75/><E95/><V78/><F78/><W42/><G31/><T58/><D133/><N who="1" m="51307" /><E59/><V85/><F66/><W30/><G30/><T109/><D109/><N who="2" m="41482" /><F9/><W25/><G2/><T120/><D120/><U121/><E121/><V8/><F8/><W125/><G125/><T70/><D70/><U60/><E60/><V38/><F38/><W90/><G135/><T46/><D129/><U68/><E68/><V122/><F122/><W47/><G99/><T130/><D130/><U64/><E64/><V18/><F26/><W3/><G3/><T54/><D119/><U48/><E48/><V77/><F98/><W114/><G114/><T87/><D24/><N who="1" m="16519" /><E0/><V80/><AGARI ba="1,0" hai="16,18,49,55,56,77,80,85,89,93,97" m="41482" machi="80" ten="30,6000,0" yaku="14,1,10,1,54,1" doraHai="28" who="2" fromWho="2" sc="194,-21,217,-21,347,63,242,-21" /><INIT seed="2,2,0,4,5,77" ten="173,196,410,221" oya="2" hai0="69,34,124,130,45,43,48,53,12,24,21,96,35" hai1="19,113,126,105,22,121,17,86,60,57,1,63,91" hai2="65,8,28,5,98,114,27,42,112,72,106,80,49" hai3="64,55,95,102,44,39,111,90,93,6,83,81,23"/><V71/><F42/><W132/><G111/><T117/><D130/><U108/><E108/><V116/><F49/><N who="3" m="29095" /><G39/><T29/><D124/><U62/><E126/><V94/><F116/><W31/><G132/><T82/><D117/><U10/><E113/><V7/><F7/><W20/><G64/><T118/><D118/><U14/><E105/><V99/><F99/><N who="3" m="59775" /><G6/><T66/><D96/><U120/><E1/><V61/><F94/><W38/><G38/><T76/><D12/><U13/><REACH who="1" step="1"/><E57/><REACH who="1" ten="173,186,410,221" step="2"/><V2/><F106/><W85/><G31/><T100/><D69/><U122/><E122/><V52/><F2/><W127/><G127/><T70/><D70/><U9/><E9/><V16/><F8/><W26/><G26/><T78/><D29/><U115/><E115/><V128/><F28/><W37/><G37/><T129/><D24/><U135/><E135/><V125/><F27/><W50/><G50/><T104/><D48/><U87/><E87/><V46/><F125/><W41/><G41/><T92/><D43/><U74/><E74/><V4/><F72/><W123/><G123/><T32/><D129/><U131/><E131/><V103/><F128/><W33/><G33/><T134/><D35/><U25/><E25/><V40/><F114/><W0/><G0/><T11/><D34/><U73/><E73/><V47/><F112/><W79/><G79/><T75/><D32/><U97/><E97/><V30/><F40/><W58/><G58/><T89/><D134/><U67/><E67/><V68/><F65/><W107/><G107/><T18/><D66/><U56/><E56/><RYUUKYOKU ba="2,1" sc="173,-15,186,15,410,-15,221,15" hai1="10,13,14,17,19,22,60,62,63,86,91,120,121" hai3="20,23,81,83,85,90,93" /><INIT seed="3,3,1,0,5,109" ten="158,201,395,236" oya="3" hai0="17,50,121,69,55,96,129,38,71,124,131,130,86" hai1="100,125,5,107,40,115,70,14,13,87,98,8,133" hai2="6,84,101,78,2,44,62,58,80,97,116,90,79" hai3="119,103,128,122,60,59,53,61,95,34,28,29,35"/><W91/><G119/><T42/><D121/><U46/><E70/><V24/><F116/><W20/><G122/><T1/><D1/><U47/><E133/><V36/><F2/><W21/><G103/><T25/><D124/><U135/><E135/><V37/><F6/><W15/><G128/><T27/><D96/><U19/><E125/><V65/><F24/><W108/><G108/><T73/><D73/><U93/><E115/><V77/><REACH who="2" step="1"/><F44/><REACH who="2" ten="158,201,385,236" step="2"/><W67/><G34/><T57/><D27/><U106/><E47/><V16/><F16/><N who="3" m="10271" /><G35/><T134/><D25/><U4/><E4/><V18/><F18/><W30/><G21/><T110/><D17/><U56/><E5/><V32/><F32/><W105/><G105/><AGARI ba="3,2" hai="36,37,58,62,65,77,78,79,80,84,90,97,101,105" machi="105" ten="40,2600,0" yaku="1,1,53,1" doraHai="109" doraHaiUra="102" who="2" fromWho="3" sc="158,0,201,0,385,55,236,-35" /><INIT seed="4,0,0,5,2,41" ten="158,201,440,201" oya="0" hai0="112,81,108,29,32,86,47,68,67,18,135,104,73" hai1="64,50,2,119,110,121,38,59,130,78,74,128,63" hai2="10,62,37,100,85,11,6,52,66,54,109,58,80" hai3="27,57,69,116,49,39,16,134,105,26,36,7,61"/><T122/><D122/><U55/><E2/><V65/><F37/><W126/><G116/><T5/><D108/><U90/><E90/><V70/><F100/><W113/><G105/><T75/><D112/><U114/><E78/><V82/><F10/><W97/><G7/><T123/><D123/><U19/><E74/><V71/><F80/><W79/><G113/><T13/><D135/><U124/><E121/><V12/><F109/><W1/><G1/><T77/><D104/><U111/><E114/><V131/><F131/><N who="1" m="50217" /><E119/><V51/><F54/><W3/><G3/><T76/><D5/><U127/><E19/><V84/><F82/><W83/><G134/><T106/><D106/><U9/><E9/><V118/><F118/><W117/><G117/><T133/><D133/><U34/><E34/><V125/><F125/><N who="1" m="48201" /><E38/><V28/><F28/><W40/><G16/><T98/><D98/><U8/><E8/><V23/><F23/><W44/><G126/><T20/><D77/><U93/><E93/><V0/><F0/><W115/><G97/><T91/><D29/><U21/><E21/><V48/><F11/><W4/><G39/><T35/><D75/><U101/><E101/><V15/><F6/><W43/><G115/><T107/><D107/><U53/><E53/><V17/><F52/><N who="3" m="31887" /><G43/><T22/><D22/><U87/><E87/><V25/><F85/><N who="3" m="48383" /><G4/><T94/><REACH who="0" step="1"/><D47/><AGARI ba="0,0" hai="47,50,55,59,63,64,110,111" m="48201,50217" machi="47" ten="30,8000,1" yaku="19,1,18,1,34,2,52,1" doraHai="41" who="1" fromWho="0" sc="158,-80,201,80,440,0,201,0" /><INIT seed="5,0,0,3,3,128" ten="78,281,440,201" oya="1" hai0="10,33,63,89,124,80,15,46,77,104,68,0,105" hai1="18,134,70,66,99,34,35,69,81,79,30,58,40" hai2="97,49,120,38,92,47,133,132,85,78,115,59,61" hai3="42,13,113,71,39,126,55,48,43,101,129,22,12"/><U1/><E1/><V32/><F120/><W3/><G3/><T23/><D124/><U62/><E40/><V90/><F32/><W111/><G111/><T116/><D116/><U14/><E99/><V26/><F38/><W9/><G129/><T29/><D89/><U96/><E96/><V4/><F115/><W83/><G71/><T36/><D68/><U44/><E44/><V16/><F4/><W121/><G39/><T31/><D63/><U100/><E100/><V60/><F78/><W106/><G121/><T28/><D33/><U11/><E35/><V84/><F84/><W125/><G83/><T54/><D23/><U110/><E110/><V72/><F72/><W93/><G93/><T2/><D2/><U56/><E70/><V108/><F85/><W75/><G75/><T109/><D109/><U65/><E65/><V127/><F127/><W135/><G101/><T112/><D112/><U25/><E134/><N who="2" m="51819" /><F59/><W53/><G135/><T119/><D119/><U107/><E107/><V98/><F97/><W45/><G113/><T51/><D36/><U73/><AGARI ba="0,0" hai="11,14,18,25,30,34,56,58,62,66,69,73,79,81" machi="73" ten="20,2100,0" yaku="0,1,7,1" doraHai="128" who="1" fromWho="1" sc="78,-7,281,21,440,-7,201,-7" /><INIT seed="5,1,0,5,0,12" ten="71,302,433,194" oya="1" hai0="97,57,21,115,61,104,118,71,14,31,32,48,122" hai1="45,81,62,77,46,11,108,2,90,87,91,60,93" hai2="114,17,109,29,33,42,54,74,117,128,133,125,83" hai3="39,10,106,129,95,28,64,132,119,121,135,78,89"/><U73/><E108/><V85/><F74/><W26/><G121/><T51/><D118/><U6/><E46/><V131/><F117/><W40/><G106/><T134/><D115/><U70/><E70/><V37/><F109/><W86/><G119/><T102/><D134/><U124/><E124/><V34/><F133/><W23/><G64/><T107/><D122/><U67/><E67/><V112/><F125/><W22/><G129/><N who="2" m="49737" /><F54/><W7/><G78/><T100/><D71/><U123/><E123/><V103/><F103/><W5/><G5/><T4/><D32/><N who="2" m="12394" /><F29/><W35/><G135/><T105/><D4/><U69/><E69/><V53/><F53/><W9/><G9/><T15/><D15/><U96/><REACH who="1" step="1"/><E45/><REACH who="1" ten="71,292,433,194" step="2"/><N who="2" m="23759" /><F17/><W8/><G132/><T126/><D126/><U99/><E99/><V50/><F50/><W98/><G28/><T25/><D51/><U27/><E27/><V43/><F43/><W76/><G26/><T44/><D102/><U94/><AGARI ba="1,1" hai="2,6,11,60,62,73,77,81,87,90,91,93,94,96" machi="94" ten="20,7800,0" yaku="1,1,0,1,7,1,53,1" doraHai="12" doraHaiUra="1" who="1" fromWho="1" sc="71,-27,292,91,433,-27,194,-27" /><INIT seed="5,2,0,4,1,7" ten="44,383,406,167" oya="1" hai0="38,24,29,99,121,133,56,125,111,130,64,105,134" hai1="92,129,83,96,9,82,46,98,80,100,68,58,71" hai2="110,22,61,14,73,10,109,52,106,102,93,25,36" hai3="37,8,112,4,74,72,15,67,1,17,76,48,30"/><U41/><E129/><V43/><F73/><W13/><G37/><T55/><D111/><U87/><E87/><V45/><F106/><W81/><G112/><T6/><D105/><U50/><E58/><V53/><F102/><W126/><G126/><T23/><D121/><U62/><E62/><V11/><F93/><W85/><G30/><T60/><D38/><U113/><E113/><V75/><F75/><W89/><G67/><T119/><D119/><U31/><E31/><V122/><F122/><W88/><G74/><T77/><D77/><U91/><REACH who="1" step="1"/><E9/><REACH who="1" ten="44,373,406,167" step="2"/><V103/><F10/><W107/><G72/><T78/><D130/><U95/><AGARI ba="2,1" hai="41,46,50,68,71,80,82,83,91,92,95,96,98,100" machi="95" ten="30,12000,1" yaku="1,1,2,1,0,1,53,2" doraHai="7" doraHaiUra="65" who="1" fromWho="1" sc="44,-42,373,136,406,-42,167,-42" /><INIT seed="5,3,0,0,3,53" ten="2,509,364,125" oya="1" hai0="12,67,54,41,24,76,118,9,73,59,71,101,74" hai1="47,14,104,77,91,133,28,8,37,79,134,32,117" hai2="92,26,55,3,27,123,127,78,4,105,97,113,30" hai3="96,131,93,33,19,80,86,40,58,106,31,13,52"/><U108/><E117/><V23/><F123/><W94/><G131/><T135/><D118/><U25/><E104/><V103/><F127/><W29/><G40/><T42/><D135/><N who="1" m="51723" /><E108/><V51/><F113/><W63/><G106/><T115/><D71/><U89/><E37/><V129/><F129/><W125/><G125/><T121/><D67/><U48/><E79/><V110/><F110/><W98/><G33/><T64/><D115/><U102/><E77/><V18/><F78/><W126/><G86/><T114/><D114/><U61/><E61/><V75/><F75/><W16/><G80/><T5/><D74/><U124/><E102/><V22/><F105/><W132/><G126/><T88/><D64/><U116/><E116/><V69/><F69/><W119/><G19/><T99/><D121/><U0/><E0/><V128/><F128/><W17/><G17/><T112/><D112/><U83/><E83/><V20/><F3/><W21/><G119/><T130/><D130/><U38/><E38/><V62/><F62/><W46/><G46/><T11/><D76/><U100/><E100/><V6/><REACH who="2" step="1"/><F23/><REACH who="2" ten="2,509,354,125" step="2"/><W43/><G132/><T65/><D73/><U66/><E124/><V109/><F109/><W15/><G63/><N who="0" m="36343" /><D65/><U50/><E66/><V57/><AGARI ba="3,1" hai="4,6,18,20,22,26,27,30,51,55,57,92,97,103" machi="57" ten="20,8000,1" yaku="1,1,0,1,7,1,8,1,52,1,53,0" doraHai="53" doraHaiUra="10" who="2" fromWho="2" sc="2,-23,509,-43,354,99,125,-23" owari="-21,-52.1,466,56.6,453,25.3,102,-29.8" /></mjloggm>