<mjloggm ver="2.3"><GO type="169" lobby="0"/><UN n0="%E5%A4%A2%E4%BB%98%E3%81%8D" n1="%6B%E3%81%AE" n2="%E8%B1%A1" n3="%E6%96%B0%E6%89%8B%31%34%32%38%35%37" dan="16,17,16,16" rate="2084.65,2213.22,2139.05,2118.21" sx="M,M,M,M"/><TAIKYOKU oya="0"/><INIT seed="0,0,0,0,3,3" ten="250,250,250,250" oya="0" hai0="12,88,61,31,28,5,108,97,9,96,111,18,59" hai1="25,60,103,49,120,86,56,39,52,81,62,30,68" hai2="17,27,19,114,66,65,135,107,45,70,75,50,106" hai3="7,128,89,32,92,4,11,35,126,105,15,121,2"/><T48/><D48/><U43/><E120/><V112/><F75/><W109/><G105/><T119/><D119/><U47/><E103/><V69/><F50/><W72/><G109/><N who="0" m="42059" /><D18/><N who="2" m="6666" /><F45/><W99/><G126/><T58/><D58/><U124/><E68/><N who="2" m="26219" /><F27/><W80/><G128/><T78/><D78/><U117/><E124/><V16/><N who="2" m="6674" /><V55/><DORA hai="95" /><F55/><W133/><G121/><T82/><D82/><U102/><E102/><V110/><F110/><W1/><G133/><T41/><D41/><U115/><E117/><V38/><F38/><W0/><REACH who="3" step="1"/><G7/><REACH who="3" ten="250,250,250,240" step="2"/><T10/><D10/><U6/><E6/><V71/><F135/><W134/><G134/><T14/><D14/><U130/><E130/><V51/><F107/><W94/><G94/><N who="0" m="56391" /><D97/><U34/><REACH who="1" step="1"/><E115/><REACH who="1" ten="250,240,250,240" step="2"/><V21/><F112/><W20/><G20/><T54/><AGARI ba="0,2" hai="5,9,12,28,31,54,59,61" m="56391,42059" machi="54" ten="30,12000,1" yaku="14,1,10,1,52,2,54,1" doraHai="3,95" who="0" fromWho="0" sc="250,140,240,-40,250,-40,240,-40" /><INIT seed="0,1,0,3,0,108" ten="390,200,210,200" oya="0" hai0="8,103,21,126,13,113,47,127,78,82,29,60,30" hai1="87,109,68,99,123,62,22,94,53,71,114,28,105" hai2="44,50,92,90,69,36,110,73,19,25,134,119,121" hai3="15,51,7,98,46,70,83,120,58,49,116,11,37"/><T112/><D103/><U107/><E123/><V118/><F121/><W132/><G116/><N who="2" m="44585" /><F110/><W43/><G132/><T76/><D60/><U18/><E109/><V24/><F134/><W64/><G120/><T35/><D35/><U122/><E122/><V5/><F69/><W42/><G98/><T125/><D47/><U74/><E74/><V33/><F36/><W9/><G9/><T75/><D78/><U48/><E28/><N who="0" m="10857" /><D21/><U55/><E87/><V77/><F33/><W93/><G70/><T96/><D96/><U0/><E0/><V65/><F65/><W56/><G64/><T61/><D61/><U81/><E71/><V10/><F19/><AGARI ba="1,0" hai="8,13,19,75,76,82,112,113,125,126,127" m="10857" machi="19" ten="30,5800,0" yaku="18,1,52,2" doraHai="108" who="0" fromWho="2" sc="390,61,200,0,210,-61,200,0" /><INIT seed="0,2,0,3,2,79" ten="451,200,149,200" oya="0" hai0="65,89,25,121,17,77,61,78,27,26,53,35,49" hai1="69,86,102,116,117,24,96,83,123,21,125,85,42" hai2="0,48,93,106,72,90,107,19,133,115,111,50,16" hai3="94,5,3,7,44,4,109,1,100,18,120,84,13"/><T76/><D121/><U82/><E123/><V105/><F115/><W56/><G109/><T47/><D89/><U67/><E125/><V119/><F111/><W99/><G120/><T124/><D124/><U75/><E75/><V113/><F113/><W68/><G68/><T40/><D35/><U88/><E42/><V129/><F129/><W97/><G97/><T23/><REACH who="0" step="1"/><D40/><REACH who="0" ten="441,200,149,200" step="2"/><U103/><E103/><V127/><F127/><W46/><G100/><T87/><D87/><U62/><E102/><V12/><F72/><W10/><G84/><T8/><D8/><U73/><E73/><V33/><F33/><W118/><G10/><T45/><D45/><U38/><E96/><V59/><F90/><W128/><G46/><T95/><D95/><U110/><E110/><V2/><F93/><W81/><G44/><T101/><D101/><U41/><E41/><V70/><F106/><W66/><G94/><T91/><D91/><U51/><E88/><V63/><F105/><W43/><G43/><T32/><D32/><U30/><E86/><V92/><F92/><W28/><G99/><T131/><D131/><U98/><E85/><V114/><F107/><W52/><G128/><T126/><D126/><U20/><E98/><V71/><F114/><W29/><G1/><T14/><D14/><U80/><E20/><V74/><F12/><W22/><G3/><T122/><D122/><U104/><E104/><V11/><F2/><W9/><G22/><T58/><AGARI ba="2,1" hai="17,23,25,26,27,47,49,53,58,61,65,76,77,78" machi="58" ten="30,6000,0" yaku="1,1,0,1,8,1,53,0" doraHai="79" doraHaiUra="31" who="0" fromWho="0" sc="441,76,200,-22,149,-22,200,-22" /><INIT seed="0,3,0,3,1,132" ten="517,178,127,178" oya="0" hai0="61,105,77,1,72,88,66,131,81,32,39,27,5" hai1="126,49,23,106,103,22,26,62,112,73,64,130,79" hai2="20,30,125,118,52,37,3,90,121,69,109,50,41" hai3="24,47,111,34,46,56,95,70,12,99,71,68,11"/><T114/><D114/><U4/><E130/><V54/><F121/><W100/><G111/><T96/><D39/><U55/><E112/><V36/><F109/><W63/><G34/><T13/><D13/><U48/><E4/><V97/><F3/><W83/><G83/><T45/><D45/><U104/><E79/><V51/><F69/><W25/><G47/><T57/><D131/><U80/><E80/><V0/><F0/><W17/><REACH who="3" step="1"/><G46/><REACH who="3" ten="517,178,127,168" step="2"/><T6/><D81/><U28/><E73/><V124/><F118/><W33/><G33/><T76/><D32/><U84/><E104/><V35/><F35/><W92/><G92/><T128/><D72/><U129/><E106/><V133/><F133/><W122/><G122/><T16/><D105/><U98/><E129/><V38/><F41/><W14/><G14/><T85/><D128/><U65/><E26/><N who="2" m="16711" /><F50/><W115/><G115/><T42/><D1/><U67/><E48/><V75/><F51/><W116/><G116/><T123/><D42/><U110/><E49/><V108/><F108/><W8/><G8/><T2/><D123/><U86/><E110/><V102/><F38/><W18/><G18/><T10/><D16/><U31/><E22/><V58/><F37/><W21/><G21/><T91/><D10/><U29/><E23/><V107/><F36/><W89/><G89/><T60/><D91/><U44/><E44/><V113/><F90/><W15/><G15/><T74/><D88/><U127/><E28/><V101/><F113/><W120/><G120/><T119/><D119/><U82/><E29/><V87/><F107/><RYUUKYOKU ba="3,1" sc="517,-10,178,-10,127,-10,168,30" hai3="11,12,17,24,25,56,63,68,70,71,95,99,100" /><INIT seed="1,4,1,4,5,127" ten="507,168,117,198" oya="1" hai0="130,83,22,97,96,76,20,61,69,70,44,33,19" hai1="87,132,82,25,8,94,66,18,10,106,34,24,134" hai2="93,90,123,102,119,51,68,14,104,38,84,50,45" hai3="57,35,72,85,3,27,12,28,37,1,125,105,55"/><U79/><E106/><V121/><F119/><W62/><G72/><T64/><D33/><U126/><E126/><V30/><F68/><W4/><G125/><T103/><D70/><U117/><E117/><V122/><F30/><W42/><G105/><T111/><D130/><U9/><E66/><V32/><F32/><W21/><G42/><T56/><D111/><U16/><E94/><V113/><F113/><W52/><G37/><T63/><D44/><U114/><E114/><V47/><F38/><W80/><G55/><T46/><D46/><U40/><E40/><V17/><F47/><W11/><REACH who="3" step="1"/><G35/><REACH who="3" ten="507,168,117,188" step="2"/><T23/><D64/><U60/><E34/><V2/><F104/><W86/><G86/><T99/><D97/><U95/><E60/><V75/><F75/><W133/><G133/><N who="1" m="51306" /><E95/><V54/><F93/><W112/><G112/><T29/><D63/><U48/><E48/><V15/><F50/><W109/><G109/><T74/><D61/><U78/><E78/><AGARI ba="4,2" hai="1,3,4,11,12,21,27,28,52,57,62,78,80,85" machi="78" ten="30,7700,0" yaku="1,1,7,1,54,1,53,1" doraHai="127" doraHaiUra="77" who="3" fromWho="1" sc="507,0,168,-89,117,0,188,109" /><INIT seed="2,0,0,5,4,61" ten="507,79,117,297" oya="2" hai0="126,19,2,74,112,11,57,131,36,38,41,72,67" hai1="103,8,59,98,85,90,97,79,40,25,48,96,44" hai2="88,76,93,129,7,80,35,43,127,128,78,46,81" hai3="5,47,28,49,120,30,102,16,4,15,94,3,1"/><V24/><F7/><N who="3" m="2635" /><G120/><T113/><D131/><N who="2" m="50250" /><F127/><W66/><G1/><T121/><D121/><U50/><E79/><N who="2" m="30251" /><F24/><W82/><G82/><T87/><D2/><U29/><E8/><V101/><F35/><W37/><G37/><T106/><D11/><U20/><E59/><V133/><F133/><W135/><G135/><T124/><D57/><U110/><E110/><V26/><F26/><W77/><G77/><T33/><D33/><U71/><E71/><V114/><F114/><W75/><G75/><T68/><D68/><U32/><E32/><V73/><F101/><W132/><G3/><T27/><D27/><U12/><E12/><V92/><F92/><W22/><G132/><T86/><D106/><U64/><E48/><N who="2" m="26719" /><F73/><W111/><G102/><T45/><D72/><U99/><E103/><V18/><F18/><W51/><G94/><T123/><D74/><U55/><E40/><V134/><F134/><W104/><G104/><T100/><D100/><U58/><N who="1" m="24576" /><DORA hai="105" /><U108/><E108/><V63/><F63/><W42/><G111/><T107/><D41/><U91/><E85/><AGARI ba="0,0" hai="80,81,85,88,93" m="26719,30251,50250" machi="85" ten="30,2900,0" yaku="19,1,54,1" doraHai="61,105" who="2" fromWho="1" sc="507,0,79,-29,117,29,297,0" /><INIT seed="2,1,0,3,5,20" ten="507,50,146,297" oya="2" hai0="81,110,126,37,64,49,35,12,71,90,50,121,100" hai1="59,131,25,85,106,54,109,8,16,122,133,58,62" hai2="2,83,14,51,96,105,117,28,95,6,115,41,4" hai3="91,134,103,108,68,78,112,116,17,135,45,114,124"/><V102/><F115/><N who="3" m="44075" /><G68/><T93/><D121/><U31/><E106/><V120/><F120/><W118/><G103/><T34/><D37/><U44/><E122/><V1/><F117/><N who="3" m="45163" /><G45/><T30/><D100/><U119/><E119/><V99/><F83/><W69/><G69/><T52/><D81/><U75/><E75/><V101/><F28/><W97/><G78/><T53/><D110/><U47/><E109/><V86/><F86/><W89/><G108/><T104/><D126/><U61/><E131/><V38/><F38/><W39/><G39/><T21/><D104/><U56/><E85/><V13/><F41/><W32/><G32/><T46/><D64/><U15/><E133/><N who="3" m="50698" /><G124/><T70/><D71/><U132/><E132/><V82/><F105/><W18/><G97/><T3/><D70/><U43/><E43/><V80/><F95/><W94/><G94/><T29/><D46/><U27/><E59/><V76/><F76/><W60/><G60/><T55/><D93/><U7/><E47/><V66/><F96/><W84/><G84/><T67/><D35/><U127/><E44/><V128/><F99/><W65/><G65/><T57/><D34/><U40/><E40/><V33/><F33/><W48/><G48/><T5/><D67/><N who="1" m="39335" /><E127/><V87/><F66/><W130/><G130/><T92/><D57/><U9/><E31/><V10/><F87/><W22/><G89/><T77/><D90/><U0/><E62/><V125/><F125/><W88/><G91/><T23/><D50/><U107/><E107/><V24/><F51/><W123/><G123/><T74/><D49/><RYUUKYOKU ba="1,0" sc="507,-10,50,30,146,-10,297,-10" hai1="0,7,8,9,15,16,25,27,54,58" /><INIT seed="3,2,0,5,0,41" ten="497,80,136,287" oya="3" hai0="69,36,31,102,0,88,7,80,3,52,1,40,51" hai1="22,44,133,60,13,5,100,19,99,93,45,81,127" hai2="104,55,46,126,25,78,64,97,28,18,29,11,35" hai3="17,24,110,65,27,8,128,82,53,21,14,74,92"/><W105/><G105/><T57/><D69/><U32/><E32/><V109/><F109/><W4/><G128/><T26/><D102/><U63/><E133/><V120/><F126/><W83/><G110/><T33/><D7/><U112/><E112/><V56/><F120/><W115/><G115/><T73/><D73/><U75/><E127/><V54/><F78/><W91/><G74/><T66/><D66/><U62/><REACH who="1" step="1"/><E5/><REACH who="1" ten="497,70,136,287" step="2"/><V124/><F35/><W95/><G4/><T90/><D33/><U67/><E67/><V6/><F64/><W85/><G65/><T117/><D117/><U122/><E122/><V50/><F124/><W114/><G114/><T125/><D125/><U37/><E37/><V30/><F6/><W96/><G83/><T15/><D36/><U89/><E89/><V107/><F97/><W108/><G108/><T61/><D90/><U47/><E47/><V20/><REACH who="2" step="1"/><F11/><REACH who="2" ten="497,70,126,287" step="2"/><N who="3" m="6367" /><G96/><T132/><D132/><U16/><E16/><V9/><F9/><W77/><G8/><T129/><D129/><U94/><E94/><V87/><F87/><W86/><G92/><T70/><D70/><U72/><E72/><V103/><F103/><W43/><G95/><T84/><D84/><U76/><AGARI ba="2,2" hai="13,19,22,44,45,60,62,63,75,76,81,93,99,100" machi="76" ten="30,7900,0" yaku="1,1,0,1,52,2,53,0" doraHai="41" doraHaiUra="101" who="1" fromWho="1" sc="497,-22,70,105,126,-22,287,-41" /><INIT seed="4,0,0,2,3,110" ten="475,175,104,246" oya="0" hai0="76,13,105,60,75,25,53,32,42,5,81,34,19" hai1="21,8,65,122,92,3,12,131,115,80,37,56,52" hai2="55,71,94,14,87,85,101,104,77,24,91,70,112" hai3="11,47,36,33,74,124,103,69,0,98,29,20,90"/><T35/><D105/><U128/><E122/><V18/><F24/><W134/><G90/><T4/><D25/><U126/><E37/><V129/><F129/><N who="1" m="49737" /><E65/><V31/><F31/><W95/><G20/><T116/><D116/><U88/><E80/><V6/><F6/><W48/><G74/><T51/><D60/><N who="1" m="35847" /><E21/><V121/><F121/><W89/><G36/><T7/><D42/><U86/><E126/><V108/><F108/><W64/><G124/><T1/><D1/><U62/><E62/><V38/><F38/><W44/><G0/><T135/><D135/><U23/><E23/><V100/><F55/><W111/><G134/><T123/><D123/><U59/><E59/><V96/><F101/><W97/><G103/><T17/><REACH who="0" step="1"/><D13/><REACH who="0" ten="465,175,104,246" step="2"/><U107/><E107/><V43/><F43/><W9/><G111/><T106/><D106/><U50/><E3/><V132/><F132/><W45/><G33/><T27/><D27/><U119/><E119/><V58/><F14/><W2/><G2/><T66/><D66/><U49/><E49/><V46/><F104/><W114/><G48/><T30/><D30/><U79/><E50/><V61/><F61/><W73/><G29/><T78/><D78/><U39/><E79/><V26/><F77/><W117/><G117/><T16/><D16/><N who="1" m="8199" /><E39/><V82/><F26/><W72/><G64/><T109/><D109/><U99/><E99/><V83/><F96/><W93/><G97/><T10/><D10/><U63/><E63/><V22/><F70/><W127/><G69/><T118/><D118/><U40/><E40/><V125/><F71/><RYUUKYOKU ba="0,1" sc="465,15,175,15,104,-15,246,-15" hai0="4,5,7,17,19,32,34,35,51,53,75,76,81" hai1="86,88,92,115" /><INIT seed="4,1,1,4,5,88" ten="480,190,89,231" oya="0" hai0="7,72,32,34,82,39,79,49,20,95,112,102,101" hai1="56,31,27,73,45,37,9,62,80,33,117,83,127" hai2="129,116,121,38,87,53,67,15,104,11,60,126,109" hai3="51,135,58,89,68,24,125,131,120,40,2,113,29"/><T23/><D39/><U100/><E117/><V111/><F121/><W64/><G113/><T103/><D112/><U22/><E127/><V84/><F116/><W18/><G131/><T132/><D132/><U90/><E100/><V44/><F129/><W128/><G125/><T50/><D7/><U78/><E9/><V4/><F126/><W10/><G120/><T8/><D8/><U69/><E69/><V98/><F109/><W14/><G2/><T13/><D34/><U86/><E45/><V65/><F111/><W25/><G68/><T16/><D32/><U19/><E37/><V43/><F53/><W5/><G40/><T66/><D66/><U75/><E75/><V12/><F67/><W6/><G5/><T107/><D107/><U35/><REACH who="1" step="1"/><E31/><REACH who="1" ten="480,180,89,231" step="2"/><V81/><F38/><W118/><G29/><T115/><D115/><U76/><E76/><V54/><F44/><W96/><G10/><T91/><REACH who="0" step="1"/><D23/><REACH who="0" ten="470,180,89,231" step="2"/><U93/><E93/><V77/><F11/><W99/><G128/><T26/><D26/><U46/><E46/><V130/><F104/><W110/><G25/><T42/><D42/><U0/><E0/><V57/><F130/><W70/><G24/><T106/><D106/><U124/><E124/><V108/><F43/><W122/><G122/><T119/><D119/><U30/><E30/><V17/><F108/><W41/><G110/><T85/><AGARI ba="1,3" hai="13,16,20,49,50,72,79,82,85,91,95,101,102,103" machi="85" ten="30,11700,0" yaku="1,1,0,1,52,1,54,1,53,0" doraHai="88" doraHaiUra="48" who="0" fromWho="0" sc="470,150,180,-40,89,-40,231,-40" /><INIT seed="4,2,0,5,4,16" ten="620,140,49,191" oya="0" hai0="8,41,57,134,55,15,68,7,44,110,120,17,49" hai1="29,61,71,107,77,32,69,116,50,78,28,51,90" hai2="22,25,13,20,60,102,85,100,93,59,21,70,127" hai3="80,133,92,113,38,37,10,12,104,40,34,98,130"/><T63/><D120/><U106/><E61/><V82/><F70/><W81/><G104/><T36/><D134/><U24/><E24/><V0/><F0/><W91/><G34/><T87/><D110/><U94/><E94/><V88/><F127/><W4/><G113/><T43/><D87/><U135/><E32/><V74/><F13/><W76/><G130/><T56/><D43/><U86/><E86/><N who="2" m="52375" /><F74/><W30/><G30/><T132/><D132/><U75/><E90/><N who="2" m="51511" /><F25/><W6/><G133/><T101/><D57/><U66/><E135/><V124/><F124/><W14/><G40/><T108/><D108/><U128/><E75/><V19/><F19/><W2/><G2/><T42/><D42/><U115/><E115/><V79/><F79/><W114/><G114/><T129/><D129/><U123/><E128/><V58/><F58/><W131/><G131/><T72/><D72/><U97/><E97/><V118/><F118/><W105/><G105/><T112/><D112/><U47/><E116/><V33/><F33/><W83/><G76/><T26/><D26/><U54/><E123/><V1/><F1/><W64/><G38/><T62/><D36/><U53/><E47/><V27/><F27/><W52/><G37/><T39/><D44/><U9/><E9/><V99/><F99/><W109/><G10/><T117/><D39/><U103/><E103/><V11/><F11/><W45/><G14/><T111/><D15/><U89/><E89/><V84/><F84/><W5/><G12/><T31/><D117/><U95/><E95/><V96/><F96/><W73/><G73/><RYUUKYOKU ba="2,0" sc="620,-15,140,15,49,15,191,-15" hai1="28,29,50,51,53,54,66,69,71,77,78,106,107" hai2="20,21,22,59,60,100,102" /><INIT seed="5,3,0,1,5,17" ten="605,155,64,176" oya="1" hai0="119,44,125,127,52,19,32,21,45,62,126,57,114" hai1="20,68,77,16,2,4,120,8,31,28,99,51,129" hai2="93,56,65,134,124,112,96,46,40,26,105,66,78" hai3="53,88,33,7,54,49,92,133,83,1,48,71,42"/><U50/><E120/><V27/><F124/><W63/><G33/><T103/><D119/><U84/><E68/><V90/><F134/><W41/><G133/><T0/><D114/><U5/><E5/><V12/><F105/><W89/><G1/><T117/><D117/><U18/><E129/><V100/><F112/><W86/><G7/><T76/><D32/><U36/><E36/><V113/><F113/><W64/><G53/><T58/><D0/><U55/><E18/><V13/><F78/><W98/><REACH who="3" step="1"/><G49/><REACH who="3" ten="605,155,64,166" step="2"/><T80/><D52/><U30/><E55/><V34/><F34/><W111/><G111/><T106/><D125/><U115/><E115/><V24/><F66/><W123/><G123/><T132/><D126/><U29/><E51/><V82/><F65/><W72/><G72/><T10/><D127/><U95/><E50/><N who="2" m="26951" /><F56/><AGARI ba="3,1" hai="41,42,48,54,56,63,64,71,83,86,88,89,92,98" machi="56" ten="30,3900,0" yaku="1,1,7,1,54,1,53,0" doraHai="17" doraHaiUra="101" who="3" fromWho="2" sc="605,0,155,0,64,-48,166,58" /><INIT seed="6,0,0,0,3,115" ten="605,155,16,224" oya="2" hai0="132,116,15,23,40,28,13,46,64,12,127,122,130" hai1="107,18,47,19,114,90,70,24,79,31,87,103,78" hai2="61,27,34,63,68,0,73,120,60,6,9,72,41" hai3="29,111,85,5,20,84,86,57,133,76,80,98,92"/><V52/><F120/><W4/><G111/><T53/><D122/><U134/><E70/><V112/><F112/><W123/><G133/><T100/><D132/><U43/><E114/><V16/><F41/><W124/><G124/><T54/><D127/><U94/><E134/><V37/><F37/><W7/><G57/><T11/><D130/><U71/><E71/><V65/><F34/><W131/><G131/><T121/><D121/><U17/><E103/><V83/><F83/><W59/><G59/><T67/><D116/><U30/><E107/><V69/><F61/><W39/><G39/><T81/><D11/><U82/><E24/><V21/><REACH who="2" step="1"/><F52/><REACH who="2" ten="605,155,6,224" step="2"/><W119/><G123/><T10/><D81/><U93/><E43/><V126/><F126/><W45/><G80/><T66/><D53/><U89/><E47/><V77/><F77/><N who="1" m="29193" /><E82/><V128/><F128/><W3/><G45/><T26/><D54/><U96/><AGARI ba="0,1" hai="17,18,19,30,31,87,89,90,93,94,96" m="29193" machi="96" ten="30,1100,0" yaku="8,1" doraHai="115" who="1" fromWho="1" sc="605,-3,155,21,6,-5,224,-3" /><INIT seed="7,0,0,0,4,123" ten="602,176,1,221" oya="3" hai0="26,91,2,108,19,103,42,71,54,6,16,73,119" hai1="82,97,35,75,46,11,7,93,134,129,115,116,4" hai2="56,9,58,69,29,87,51,25,98,33,126,111,14" hai3="106,112,1,37,120,127,92,122,81,101,62,60,32"/><W114/><G32/><T118/><D73/><U121/><E35/><V99/><F87/><W18/><G127/><T48/><D71/><U132/><E121/><V128/><F51/><W53/><G1/><T52/><D103/><U34/><E34/><V83/><F83/><W39/><G92/><T131/><D108/><U12/><E115/><N who="3" m="44074" /><G81/><T124/><D124/><U13/><E129/><V84/><F84/><W72/><G72/><T10/><D131/><U47/><E116/><V110/><F128/><W68/><G18/><T38/><D19/><U133/><E82/><V105/><F126/><W77/><G77/><T22/><D16/><U49/><E75/><V0/><F14/><W94/><G94/><T3/><D2/><U23/><E23/><V44/><F44/><W70/><G37/><T102/><D38/><U31/><E31/><V15/><F15/><W95/><G95/><T5/><D3/><U24/><E24/><V85/><F85/><W125/><G39/><T78/><D78/><U66/><E66/><V20/><F20/><W76/><G76/><T45/><D26/><U30/><E30/><V21/><F21/><W67/><G125/><T79/><D79/><U27/><E27/><V65/><F99/><W100/><G68/><T59/><D118/><U8/><REACH who="1" step="1"/><E49/><REACH who="1" ten="602,166,1,221" step="2"/><V64/><F64/><W55/><G67/><T43/><D48/><U17/><E17/><V109/><F65/><W50/><G50/><T135/><D119/><U104/><E104/><V117/><F117/><W28/><G122/><T107/><D107/><U57/><E57/><V130/><F58/><RYUUKYOKU ba="0,1" sc="602,-10,166,30,1,-10,221,-10" hai1="4,7,8,11,12,13,46,47,93,97,132,133,134" owari="602,70.2,196,-20.4,-9,-50.9,211,1.1" /></mjloggm>