<mjloggm ver="2.3"><GO type="169" lobby="0"/><UN n0="%E8%8A%B1%E9%81%93%E6%A1%9C%E6%9C%A8" n1="%E3%83%A9%E3%82%B9%E3%82%8B%E3%81%8B%E3%81%AA" n2="%E3%81%82%E3%81%84%E3%81%93%E3%81%99" n3="%E9%98%BF%E9%83%A8%E5%AF%9B%EF%BC%A0%E9%B3%B3%E5%8D%93" dan="16,17,16,17" rate="2125.74,2209.98,2047.50,2179.43" sx="M,M,M,F"/><TAIKYOKU oya="0"/><INIT seed="0,0,0,5,3,71" ten="250,250,250,250" oya="0" hai0="5,88,19,77,106,13,39,4,79,17,6,46,128" hai1="116,119,122,7,89,65,70,54,126,24,96,1,53" hai2="102,75,47,11,114,133,120,127,104,117,63,91,101" hai3="125,32,22,90,64,87,93,80,108,78,61,92,27"/><T130/><D106/><U34/><E122/><V132/><F120/><W45/><G108/><T59/><D59/><U84/><E96/><V113/><F11/><W85/><G32/><T26/><D26/><U129/><E129/><N who="0" m="49769" /><D88/><U67/><E126/><V12/><F12/><W121/><G121/><T60/><D60/><U135/><E24/><V118/><F63/><W68/><G125/><T49/><D39/><U38/><E38/><V31/><F31/><W2/><G45/><T9/><D19/><U42/><E70/><V37/><F47/><W97/><G61/><T69/><D69/><U3/><E89/><V73/><F37/><W16/><G68/><T81/><D81/><U94/><E94/><V131/><F131/><W99/><G64/><T43/><AGARI ba="0,0" hai="4,5,6,9,13,17,43,46,49,77,79" m="49769" machi="43" ten="30,1500,0" yaku="19,1" doraHai="71" who="0" fromWho="0" sc="250,15,250,-5,250,-5,250,-5" /><INIT seed="0,1,0,1,2,56" ten="265,245,245,245" oya="0" hai0="14,16,49,111,107,80,132,0,9,109,104,108,22" hai1="113,39,23,66,134,25,105,73,24,83,75,10,77" hai2="47,1,91,110,11,60,131,12,99,37,21,70,34" hai3="58,114,6,7,94,26,50,125,102,116,13,51,100"/><T126/><D126/><U81/><E105/><V119/><F110/><W17/><G114/><T115/><D115/><U101/><E39/><V63/><F131/><W35/><G116/><T30/><D132/><U79/><E101/><N who="3" m="39018" /><G35/><T52/><D80/><U27/><E113/><V45/><F34/><W5/><G26/><N who="0" m="16727" /><D0/><U90/><E134/><V86/><F70/><W118/><G125/><T95/><D95/><U71/><E90/><V122/><F122/><W78/><G78/><T88/><D88/><U29/><REACH who="1" step="1"/><E10/><REACH who="1" ten="265,235,245,245" step="2"/><V19/><F37/><W98/><G118/><T117/><D117/><U72/><E72/><V40/><F119/><W64/><G5/><T97/><D97/><U84/><E84/><V82/><F99/><W129/><G6/><T106/><D107/><U127/><E127/><V96/><F96/><W128/><G7/><T42/><D42/><U8/><E8/><V48/><F1/><W36/><G36/><T123/><D123/><U103/><E103/><V2/><F2/><W44/><G128/><T43/><D43/><U54/><E54/><V121/><F121/><W68/><G129/><T15/><D15/><U124/><E124/><V87/><F87/><W89/><G98/><T92/><D92/><U3/><E3/><V85/><F86/><W130/><G130/><T74/><D74/><U18/><E18/><V61/><F11/><W62/><G94/><T4/><D4/><U67/><E67/><V133/><F133/><W65/><G89/><T59/><AGARI ba="1,1" hai="9,14,16,49,52,59,104,106,108,109,111" m="16727" machi="59" ten="30,11700,0" yaku="14,1,10,1,54,2" doraHai="56" who="0" fromWho="0" sc="265,130,235,-40,245,-40,245,-40" /><INIT seed="0,2,0,4,3,108" ten="395,195,205,205" oya="0" hai0="103,101,67,38,119,80,117,4,129,126,63,28,135" hai1="94,50,128,0,10,87,13,100,74,32,106,48,6" hai2="1,69,12,25,11,5,116,88,64,54,22,105,46" hai3="91,16,36,15,41,79,75,33,133,8,134,109,58"/><T23/><D129/><U73/><E32/><V17/><F116/><W2/><G109/><T44/><D135/><U127/><E128/><V120/><F120/><W104/><G104/><T121/><D121/><U122/><E122/><V93/><F105/><W86/><G79/><T82/><D126/><U125/><E106/><V132/><F132/><W99/><G99/><T56/><D4/><U107/><E107/><V35/><F69/><W102/><G102/><T62/><D38/><U30/><E30/><V92/><F64/><W47/><G75/><T34/><D34/><U110/><E110/><V130/><F130/><W49/><G33/><T52/><D119/><U9/><E74/><V26/><F93/><W98/><G98/><T39/><D39/><U113/><E73/><V61/><F35/><W3/><G133/><T20/><D117/><U89/><E100/><V76/><F76/><W81/><REACH who="3" step="1"/><G134/><REACH who="3" ten="395,195,205,195" step="2"/><T71/><D103/><U65/><E125/><V59/><F46/><W77/><G77/><T31/><D101/><U29/><E127/><V97/><AGARI ba="2,1" hai="1,5,11,12,17,22,25,26,54,59,61,88,92,97" machi="97" ten="20,2700,0" yaku="0,1,7,1,54,1" doraHai="108" who="2" fromWho="2" sc="395,-15,195,-9,205,43,195,-9" /><INIT seed="1,0,0,2,3,59" ten="380,186,248,186" oya="1" hai0="70,69,88,124,94,39,132,107,121,25,26,18,96" hai1="106,11,92,4,46,75,13,62,41,122,116,81,17" hai2="98,23,110,61,1,3,54,9,43,44,117,29,103" hai3="118,97,80,49,47,133,135,2,77,7,76,48,12"/><U91/><E116/><V130/><F117/><W100/><G2/><T87/><D132/><U24/><E106/><V22/><F110/><W66/><G118/><T86/><D39/><U68/><E122/><V32/><F32/><W129/><G129/><T28/><D124/><U89/><E75/><V101/><F101/><W79/><G80/><T90/><D121/><U67/><E81/><V45/><F45/><W104/><G66/><T82/><D107/><U111/><E111/><V131/><F29/><W125/><G125/><T33/><D26/><U8/><E92/><V63/><F54/><W42/><G7/><T112/><D112/><U37/><REACH who="1" step="1"/><E24/><REACH who="1" ten="380,176,248,186" step="2"/><V40/><F131/><W115/><G115/><T95/><REACH who="0" step="1"/><D18/><REACH who="0" ten="370,176,248,186" step="2"/><U50/><E50/><V58/><F130/><W105/><G105/><T113/><D113/><U27/><E27/><V35/><F35/><W85/><G48/><T60/><D60/><U36/><E36/><V64/><F63/><W57/><G135/><T0/><D0/><AGARI ba="0,2" hai="0,4,8,11,13,17,37,41,46,62,67,68,89,91" machi="0" ten="30,5800,0" yaku="1,1,7,1,52,1,53,0" doraHai="59" doraHaiUra="119" who="1" fromWho="0" sc="370,-58,176,78,248,0,186,0" /><INIT seed="1,1,0,1,5,16" ten="312,254,248,186" oya="1" hai0="71,109,124,30,74,28,103,27,57,65,98,70,113" hai1="125,82,129,0,127,6,14,8,93,10,101,34,130" hai2="36,104,123,26,48,121,49,54,92,114,112,108,17" hai3="87,115,9,76,90,66,120,42,107,50,86,35,61"/><U94/><E34/><V60/><F104/><W29/><G107/><T44/><D113/><U97/><E82/><V24/><F92/><W111/><G29/><T13/><D109/><U69/><E93/><V20/><F108/><W53/><G42/><T91/><D74/><U72/><E69/><V106/><F106/><W19/><G76/><T52/><D124/><N who="1" m="47691" /><E72/><V3/><F36/><W73/><G73/><T64/><D44/><U4/><AGARI ba="1,0" hai="0,4,6,8,10,14,94,97,101,129,130" m="47691" machi="4" ten="30,1500,0" yaku="18,1" doraHai="16" who="1" fromWho="1" sc="312,-6,254,18,248,-6,186,-6" /><INIT seed="1,2,0,5,4,72" ten="306,272,242,180" oya="1" hai0="81,37,129,108,118,1,52,47,105,68,30,113,57" hai1="83,73,119,49,55,121,22,117,128,106,61,90,88" hai2="6,40,127,91,86,7,16,85,33,18,20,12,94" hai3="116,59,95,124,35,36,51,17,89,45,135,46,133"/><U76/><E121/><V130/><F127/><W98/><G124/><T97/><D113/><U38/><E38/><V92/><F130/><W70/><G70/><T74/><D118/><U8/><E106/><V48/><F33/><W101/><G116/><T123/><D1/><U126/><E126/><V115/><F115/><W14/><G35/><T131/><D68/><U110/><E128/><V63/><F63/><W114/><G114/><T31/><D123/><U23/><E117/><V64/><F64/><W125/><G125/><T80/><D108/><U62/><E119/><V19/><F19/><W112/><G112/><T75/><D37/><U107/><E107/><V54/><F18/><W120/><G120/><T29/><D47/><U56/><E110/><V42/><F40/><W24/><G24/><T43/><D43/><U28/><E8/><V21/><F42/><W66/><G36/><T11/><D11/><U39/><E39/><V13/><F21/><W2/><G2/><T65/><D65/><U82/><E23/><V78/><F13/><W96/><G66/><T100/><D131/><U0/><E0/><V132/><F132/><N who="3" m="50763" /><G59/><T3/><D3/><U71/><E71/><V32/><F32/><W111/><G51/><T104/><D104/><U5/><E5/><V41/><F41/><W4/><G4/><T27/><D27/><N who="1" m="16503" /><E90/><N who="2" m="53327" /><F78/><W34/><G34/><T103/><D129/><U44/><E56/><AGARI ba="2,0" hai="6,7,12,16,20,48,54,56,86,91,94" m="53327" machi="56" ten="30,3900,0" yaku="25,1,8,1,54,1" doraHai="72" who="2" fromWho="1" sc="306,0,272,-45,242,45,180,0" /><INIT seed="2,0,0,0,0,58" ten="306,227,287,180" oya="2" hai0="107,20,26,44,18,132,53,120,124,97,71,25,80" hai1="61,131,82,92,117,113,60,86,31,116,59,102,111" hai2="22,123,63,91,3,129,23,62,81,110,56,65,73" hai3="112,42,51,85,64,67,36,106,41,19,10,49,122"/><V39/><F123/><W118/><G106/><T121/><D71/><U104/><E113/><V30/><F3/><W119/><G85/><T55/><D132/><U50/><E104/><V128/><F39/><W1/><G19/><T90/><D124/><U8/><E111/><V98/><F110/><W109/><G10/><T94/><D107/><U24/><E131/><N who="2" m="50251" /><F30/><W38/><G1/><T66/><D66/><N who="3" m="25129" /><G109/><T15/><D121/><U14/><E50/><N who="3" m="18954" /><G122/><T48/><D120/><U101/><E116/><N who="3" m="44586" /><G112/><T46/><D46/><U7/><E117/><V40/><F98/><W33/><G33/><T93/><D55/><U45/><E45/><V99/><F99/><W6/><G6/><T125/><D80/><U11/><E11/><V135/><F135/><W96/><G96/><N who="0" m="57399" /><D125/><U16/><E7/><V5/><F5/><W69/><G69/><T4/><D4/><U84/><E92/><V70/><F91/><AGARI ba="0,0" hai="15,18,20,25,26,44,48,53,91,94,97" m="57399" machi="91" ten="30,1000,0" yaku="8,1" doraHai="58" who="0" fromWho="2" sc="306,10,227,0,287,-10,180,0" /><INIT seed="3,0,0,4,0,101" ten="316,227,277,180" oya="3" hai0="44,112,75,69,23,22,122,20,132,97,103,56,64" hai1="4,120,3,57,32,2,50,62,5,85,98,70,82" hai2="74,114,110,83,11,133,117,89,95,86,55,77,125" hai3="100,33,52,29,53,113,124,17,84,15,129,13,131"/><W79/><G113/><T96/><D122/><U80/><E32/><V16/><F114/><W76/><G124/><T60/><D112/><U88/><E120/><V48/><F117/><W61/><G33/><T19/><D132/><U127/><E127/><V105/><F133/><W31/><G100/><T115/><D115/><U14/><E70/><V128/><F110/><W51/><G61/><T116/><D116/><U8/><E50/><V49/><F125/><W90/><G90/><T66/><D75/><U12/><E98/><V37/><F37/><W109/><G51/><T42/><D69/><U126/><E126/><V0/><F128/><W71/><G71/><T63/><D63/><U46/><E46/><V54/><F105/><W27/><G84/><T107/><D96/><U35/><E35/><V134/><F134/><W45/><G45/><T7/><D7/><U24/><E24/><V92/><F49/><W102/><G102/><T123/><D123/><U87/><E4/><V65/><F65/><W40/><G27/><T94/><D66/><U36/><E2/><V99/><F0/><W108/><REACH who="3" step="1"/><G17/><REACH who="3" ten="316,227,277,170" step="2"/><T121/><D121/><U25/><E25/><V58/><F16/><W38/><G38/><T41/><D44/><U59/><E36/><V81/><F48/><W106/><G106/><T10/><D107/><U73/><E73/><V130/><F74/><W30/><G30/><T21/><N who="0" m="5120" /><DORA hai="28" /><T68/><D68/><U9/><E62/><V18/><F18/><W39/><G39/><T6/><D19/><N who="1" m="8583" /><E3/><V135/><F135/><W34/><G34/><T1/><AGARI ba="0,1" hai="1,6,10,41,42,56,60,64,94,97,103" m="5120" machi="1" ten="40,2700,0" yaku="5,1,0,1" doraHai="101,28" who="0" fromWho="0" sc="316,37,227,-7,277,-7,170,-13" /><INIT seed="4,0,0,4,0,48" ten="353,220,270,157" oya="0" hai0="83,29,41,105,103,79,74,38,92,30,87,21,44" hai1="97,36,69,116,117,7,84,119,24,65,66,62,16" hai2="56,23,3,55,109,26,25,42,128,0,111,61,107" hai3="45,121,110,78,49,20,86,59,104,89,2,33,90"/><T114/><D114/><U91/><E36/><V106/><F128/><W98/><G33/><T1/><D21/><U95/><E65/><V50/><F106/><W122/><G2/><T46/><D46/><U34/><E7/><V57/><F107/><W127/><G110/><T124/><D124/><U43/><E43/><V17/><F0/><W80/><G59/><T113/><D113/><U8/><E34/><V130/><F3/><W6/><G6/><T131/><D131/><U118/><N who="1" m="29696" /><DORA hai="53" /><U76/><E76/><V133/><F130/><W39/><G39/><T37/><D37/><U22/><REACH who="1" step="1"/><E8/><REACH who="1" ten="353,210,270,157" step="2"/><V94/><F42/><W11/><G11/><T120/><D79/><U129/><E129/><V99/><F133/><W67/><G67/><T85/><D41/><U28/><E28/><V58/><F111/><W72/><G127/><T19/><D30/><U4/><E4/><V40/><F40/><W18/><G121/><T51/><D29/><U81/><E81/><V60/><F109/><W12/><G122/><T54/><D83/><U108/><E108/><V115/><F115/><W73/><G78/><T32/><D32/><U132/><E132/><V35/><F35/><W31/><G31/><T5/><D5/><U112/><E112/><V47/><REACH who="2" step="1"/><F26/><REACH who="2" ten="353,210,260,157" step="2"/><W52/><REACH who="3" step="1"/><G104/><REACH who="3" ten="353,210,260,147" step="2"/><T68/><D105/><U10/><E10/><V135/><F135/><W15/><G15/><T96/><D120/><U82/><E82/><V64/><F64/><W134/><G134/><T102/><D1/><U100/><E100/><AGARI ba="0,3" hai="17,23,25,47,50,55,56,57,58,60,61,94,99,100" machi="100" ten="40,12000,2" yaku="1,1,8,1,52,4,53,0" doraHai="48,53" doraHaiUra="27,9" who="2" fromWho="1" sc="353,0,210,-120,260,150,147,0" /><INIT seed="5,0,0,2,4,111" ten="353,90,410,147" oya="1" hai0="12,18,39,49,69,79,102,97,46,57,10,120,47" hai1="33,118,83,106,128,86,71,21,103,34,75,76,6" hai2="77,37,82,90,109,25,63,45,66,127,43,132,4" hai3="96,101,38,14,16,26,44,11,121,81,70,51,107"/><U123/><E118/><V0/><F109/><W30/><G121/><T27/><D69/><U53/><E123/><V72/><F90/><W55/><G70/><T23/><D120/><U36/><E128/><V110/><F25/><W116/><G116/><T117/><D117/><U22/><E71/><N who="2" m="42463" /><F132/><W41/><G81/><T73/><D73/><U113/><E36/><V58/><F58/><W42/><REACH who="3" step="1"/><G38/><REACH who="3" ten="353,90,410,137" step="2"/><T91/><D39/><U93/><E34/><AGARI ba="0,1" hai="11,14,16,26,30,34,41,42,44,51,55,96,101,107" machi="34" ten="30,7700,0" yaku="1,1,2,1,7,1,54,1,53,0" doraHai="111" doraHaiUra="84" who="3" fromWho="1" sc="353,0,90,-77,410,0,137,87" /><INIT seed="6,0,0,1,4,5" ten="353,13,410,224" oya="2" hai0="79,121,61,126,67,42,122,94,127,96,44,26,12" hai1="101,59,17,104,37,2,72,49,70,52,43,110,68" hai2="75,35,29,108,62,102,32,106,88,86,6,19,109" hai3="134,57,60,129,117,45,93,97,98,99,16,20,78"/><V71/><F75/><W47/><G117/><T18/><D79/><U115/><E72/><V74/><F74/><W65/><G134/><T128/><D128/><U15/><E2/><V14/><F6/><W120/><G120/><T55/><D26/><U4/><E4/><V11/><F29/><W25/><G129/><T103/><D55/><U3/><E3/><V9/><F9/><W40/><G78/><T30/><D30/><U113/><E101/><V131/><F131/><W91/><G47/><T111/><D111/><N who="2" m="42570" /><F62/><W114/><G114/><N who="1" m="43530" /><E104/><V33/><F71/><N who="1" m="27177" /><E15/><V8/><F8/><W50/><AGARI ba="0,0" hai="16,20,25,40,45,50,57,60,65,91,93,97,98,99" machi="50" ten="20,5200,0" yaku="0,1,7,1,8,1,54,1" doraHai="5" who="3" fromWho="3" sc="353,-13,13,-13,410,-26,224,52" /><INIT seed="7,0,0,2,0,44" ten="340,0,384,276" oya="3" hai0="0,58,128,96,62,12,23,50,65,126,132,18,124" hai1="61,3,84,34,48,87,71,74,92,110,28,100,77" hai2="39,105,94,31,35,22,60,82,53,38,19,113,83" hai3="2,11,85,4,7,66,118,49,1,17,13,42,6"/><W27/><G66/><T40/><D0/><N who="3" m="105" /><G85/><T67/><D128/><U9/><E28/><V88/><F105/><W108/><G49/><T15/><D132/><U99/><E9/><V135/><F135/><W14/><G42/><T26/><D67/><U120/><E61/><V43/><F113/><W111/><G118/><T24/><D96/><U125/><E48/><V117/><F117/><W30/><G14/><T133/><D133/><U80/><E87/><V89/><F43/><W134/><G134/><T64/><D64/><U106/><E84/><V97/><F89/><W47/><G47/><T63/><D63/><U93/><E71/><V76/><F83/><W20/><G108/><T72/><D72/><U116/><E34/><V79/><F79/><W73/><G73/><T52/><D40/><U45/><E45/><V36/><F82/><W119/><G119/><T56/><REACH who="0" step="1"/><D12/><REACH who="0" ten="330,0,384,276" step="2"/><U21/><E3/><V54/><F60/><W70/><G70/><T25/><AGARI ba="0,1" hai="15,18,23,24,25,26,50,52,56,58,62,65,124,126" machi="25" ten="30,8000,1" yaku="1,1,2,1,0,1,52,1,54,1,53,0" doraHai="44" doraHaiUra="102" who="0" fromWho="0" sc="330,90,0,-20,384,-20,276,-40" owari="420,52.0,-20,-52.0,364,16.4,236,-16.4" /></mjloggm>