<mjloggm ver="2.3"><GO type="169" lobby="0"/><UN n0="%E6%84%9B%E3%81%AF%E6%AD%A3%E7%BE%A9" n1="%E6%AF%94%E5%98%89%E7%A7%80%E4%BB%81" n2="%EF%BC%AE%EF%BC%A1%EF%BC%AF%33%33%39" n3="%E3%83%8A%E3%83%8A%E3%82%A4%E3%83%AD%E3%83%A9%E3%82%A4%E3%83%88%E2%98%86" dan="16,16,16,16" rate="2064.81,2092.87,2122.59,2100.06" sx="M,M,M,F"/><TAIKYOKU oya="0"/><INIT seed="0,0,0,0,5,112" ten="250,250,250,250" oya="0" hai0="106,74,91,130,126,29,81,6,83,93,38,8,5" hai1="64,22,135,20,45,60,94,28,23,3,85,54,105" hai2="65,51,9,101,123,96,67,104,95,78,133,82,42" hai3="33,100,55,44,119,124,43,24,79,56,47,111,72"/><T122/><D122/><U17/><E105/><V41/><F123/><W125/><G111/><T99/><D126/><N who="3" m="48745" /><G100/><T113/><D113/><U98/><E3/><V13/><F133/><W102/><G102/><T31/><D130/><U120/><E135/><V71/><F104/><W32/><G47/><T48/><D5/><U57/><E120/><V132/><F132/><W131/><G131/><T1/><D106/><U12/><E85/><N who="2" m="48343" /><F71/><W19/><G119/><T88/><D38/><U116/><E116/><V80/><F80/><N who="3" m="45159" /><G19/><T14/><D74/><U61/><E28/><V76/><F76/><W86/><G86/><T2/><D31/><U121/><E121/><V97/><F97/><W0/><G24/><T127/><D127/><U50/><REACH who="1" step="1"/><E60/><REACH who="1" ten="250,240,250,250" step="2"/><V37/><F37/><N who="3" m="21615" /><G0/><T30/><D1/><U10/><E10/><V52/><F42/><W34/><G34/><T84/><D2/><U27/><E27/><V21/><F41/><W107/><G107/><T62/><D81/><U118/><E118/><V87/><F87/><W40/><G40/><T26/><D26/><U58/><E58/><N who="2" m="33055" /><F21/><W114/><G114/><T36/><D36/><U117/><E117/><V7/><AGARI ba="0,1" hai="7,9,13,65,67,95,96,101" m="33055,48343" machi="7" ten="30,2000,0" yaku="8,1,54,1" doraHai="112" who="2" fromWho="2" sc="250,-10,240,-5,250,30,250,-5" /><INIT seed="1,0,0,4,0,42" ten="240,235,280,245" oya="1" hai0="81,111,13,82,113,103,74,94,104,71,95,47,54" hai1="7,35,114,132,98,70,77,25,99,28,131,97,8" hai2="106,22,9,78,51,53,76,59,55,68,4,100,93" hai3="119,57,89,88,128,56,44,110,0,33,127,124,125"/><U108/><E114/><V121/><F121/><W92/><G0/><T43/><D113/><U123/><E123/><V84/><F68/><W91/><G33/><T67/><D111/><U40/><E108/><V49/><F106/><W83/><G110/><T120/><D120/><U79/><E132/><V24/><F100/><W23/><G92/><T14/><D54/><U16/><E70/><V72/><F72/><W107/><G107/><T65/><D104/><U39/><E131/><V52/><F53/><W126/><G128/><T2/><D2/><U19/><E39/><V69/><F69/><W109/><G109/><T32/><D32/><U80/><E40/><V48/><F48/><W1/><G1/><T112/><D112/><U73/><REACH who="1" step="1"/><E77/><REACH who="1" ten="240,225,280,245" step="2"/><V38/><F38/><W11/><G126/><T133/><D133/><U34/><E34/><V41/><F41/><W90/><G125/><T12/><D71/><U26/><E26/><V21/><F24/><W118/><G124/><T66/><D103/><U30/><E30/><V17/><F78/><W18/><G127/><T130/><D43/><U101/><E101/><V116/><F76/><W75/><G91/><T96/><D130/><U46/><E46/><V122/><F122/><W45/><G56/><T64/><D47/><N who="3" m="17993" /><G57/><T86/><D74/><U58/><E58/><V63/><F59/><W134/><G134/><T85/><D67/><U36/><E36/><V61/><F51/><W27/><G75/><T102/><D66/><U20/><E20/><V62/><F49/><W3/><G83/><N who="0" m="31755" /><D95/><U87/><E87/><V50/><F50/><RYUUKYOKU ba="0,1" sc="240,10,225,10,280,-30,245,10" hai0="12,13,14,64,65,85,86,94,96,102" hai1="7,8,16,19,25,28,35,73,79,80,97,98,99" hai3="3,11,18,23,27,88,89,90,118,119" /><INIT seed="1,1,1,1,3,133" ten="250,235,250,255" oya="1" hai0="53,116,47,79,88,36,103,61,10,90,13,129,11" hai1="122,20,15,5,24,6,62,100,3,117,66,121,60" hai2="12,104,1,82,77,65,31,112,29,106,8,52,73" hai3="38,74,64,46,84,21,42,63,105,134,91,70,109"/><U80/><E117/><V113/><F1/><W68/><G134/><T86/><D116/><U126/><E3/><V57/><F65/><W115/><G115/><N who="2" m="44105" /><F106/><W44/><G109/><T48/><D129/><U99/><E80/><V0/><F104/><W45/><G74/><T130/><D130/><U123/><E62/><N who="2" m="36135" /><F0/><W101/><G68/><T58/><D103/><U54/><E54/><V25/><F25/><W49/><G21/><T120/><D36/><U95/><E15/><V127/><F127/><W107/><G101/><T32/><D120/><U19/><REACH who="1" step="1"/><E126/><REACH who="1" ten="250,225,250,255" step="2"/><V94/><F94/><W28/><G63/><T75/><D13/><U67/><E67/><V92/><F92/><W78/><G64/><T4/><D61/><U18/><E18/><AGARI ba="1,2" hai="8,12,18,29,31,73,77,82" m="36135,44105" machi="18" ten="30,2000,0" yaku="11,1,54,1" doraHai="133" who="2" fromWho="1" sc="250,0,225,-23,250,43,255,0" /><INIT seed="2,0,0,2,1,129" ten="250,202,293,255" oya="2" hai0="110,41,85,51,38,37,42,50,40,55,86,115,72" hai1="65,121,70,57,24,13,0,68,134,78,7,89,105" hai2="133,94,5,131,83,62,84,128,36,64,120,125,117" hai3="81,12,98,87,93,3,23,102,74,66,63,39,106"/><V34/><F34/><W91/><G3/><T43/><D72/><U2/><E105/><V82/><F36/><N who="0" m="13930" /><D115/><U88/><E121/><V27/><F120/><W101/><G39/><T109/><D55/><U58/><E78/><V33/><F5/><W130/><G102/><T30/><D30/><U96/><E24/><V76/><F117/><W44/><G44/><T11/><D11/><U73/><E73/><V75/><F94/><W99/><G130/><N who="2" m="49705" /><F125/><W100/><G74/><T19/><D19/><U45/><E45/><V16/><F33/><W60/><G66/><T135/><D40/><U15/><E65/><V28/><F28/><W126/><G126/><T122/><D122/><U132/><E7/><V47/><F47/><W6/><G6/><T124/><D124/><U48/><E48/><N who="0" m="18473" /><D135/><U17/><E17/><V32/><F32/><W61/><G61/><T25/><D25/><U67/><E67/><V35/><F35/><W69/><G60/><T14/><D14/><U79/><E79/><N who="2" m="44415" /><F27/><W123/><G123/><T107/><D107/><U54/><E54/><V95/><F95/><W56/><G106/><T59/><D59/><U118/><REACH who="1" step="1"/><E96/><REACH who="1" ten="250,192,293,255" step="2"/><V22/><F16/><W10/><G99/><T108/><AGARI ba="0,1" hai="41,42,43,85,86,108,109,110" m="18473,13930" machi="108" ten="40,5200,0" yaku="28,2,14,1" doraHai="129" who="0" fromWho="0" sc="250,62,192,-13,293,-26,255,-13" /><INIT seed="3,0,0,5,2,96" ten="312,179,267,242" oya="3" hai0="43,122,129,45,66,56,12,50,29,92,34,57,58" hai1="1,37,71,89,44,59,97,80,60,102,5,65,95" hai2="134,4,117,82,109,32,62,18,124,68,104,28,84" hai3="8,77,6,31,88,121,47,3,111,7,69,76,16"/><W41/><G121/><T131/><D122/><U91/><E1/><V100/><F4/><W75/><G69/><T112/><D112/><U90/><E5/><V114/><F114/><W24/><G111/><T2/><D2/><U64/><E71/><V13/><F117/><W51/><G75/><T42/><D12/><U106/><E80/><V30/><F32/><W52/><G7/><T79/><D79/><U55/><REACH who="1" step="1"/><E106/><REACH who="1" ten="312,169,267,242" step="2"/><V73/><F104/><W63/><G31/><T99/><D29/><U26/><E26/><V22/><F68/><W23/><REACH who="3" step="1"/><G88/><REACH who="3" ten="312,169,267,232" step="2"/><T119/><D119/><U46/><E46/><V87/><F30/><W115/><G115/><T25/><D45/><U33/><E33/><V83/><F28/><W10/><G10/><T35/><D35/><U70/><E70/><V74/><F109/><W113/><G113/><T93/><D34/><U135/><E135/><V107/><F134/><W86/><G86/><T11/><D11/><U67/><E67/><V81/><F84/><W125/><G125/><T116/><D66/><U39/><E39/><V21/><F87/><W14/><G14/><T9/><D9/><U36/><E36/><V48/><F124/><W15/><G15/><T123/><D116/><U20/><E20/><V128/><F21/><W130/><G130/><T0/><D129/><U38/><E38/><V49/><F128/><W120/><G120/><T98/><D123/><U110/><E110/><V78/><F73/><W61/><G61/><T126/><D131/><U94/><E94/><V118/><F118/><W101/><G101/><T127/><D127/><RYUUKYOKU ba="0,2" sc="312,-15,169,15,267,-15,232,15" hai1="37,44,55,59,60,64,65,89,90,91,95,97,102" hai3="3,6,8,16,23,24,41,47,51,52,63,76,77" /><INIT seed="3,1,2,3,4,24" ten="297,184,252,247" oya="3" hai0="71,96,44,120,123,124,65,95,50,60,23,117,63" hai1="80,42,111,69,99,43,70,132,1,98,37,105,49" hai2="32,122,25,79,102,125,73,81,27,54,59,22,74" hai3="113,21,126,62,72,134,29,133,110,45,16,129,108"/><W100/><G72/><T128/><D117/><U9/><E111/><N who="3" m="42538" /><G113/><T112/><D112/><U57/><E132/><N who="3" m="50794" /><G129/><T13/><D60/><U51/><E80/><V28/><F102/><W34/><G126/><T89/><D124/><U75/><E75/><V121/><F125/><W109/><N who="3" m="42546" /><W48/><DORA hai="77" /><G100/><T46/><D128/><U18/><E37/><V15/><F15/><N who="3" m="9375" /><G62/><T64/><D123/><U94/><E105/><V40/><F74/><W106/><G106/><T10/><D120/><U83/><E94/><V135/><F135/><W7/><G7/><T93/><D63/><U101/><E101/><V116/><F116/><W39/><G39/><T114/><D114/><U2/><E83/><V61/><REACH who="2" step="1"/><F40/><REACH who="2" ten="297,184,242,247" step="2"/><N who="3" m="24615" /><G34/><T26/><D71/><U82/><E70/><V55/><F55/><W130/><G130/><T91/><D65/><U97/><E69/><V30/><AGARI ba="1,3" hai="22,25,27,28,30,32,54,59,61,73,79,81,121,122" machi="30" ten="30,12000,2" yaku="1,1,0,1,52,3,53,1" doraHai="24,77" doraHaiUra="53,131" who="2" fromWho="2" sc="297,-31,184,-31,242,153,247,-61" /><INIT seed="4,0,0,5,0,93" ten="266,153,395,186" oya="0" hai0="47,124,52,57,131,45,125,14,83,80,107,116,134" hai1="39,64,20,104,128,66,12,31,121,36,53,28,41" hai2="111,76,135,29,26,86,115,7,100,85,35,50,110" hai3="51,106,94,16,69,90,42,24,22,1,2,68,109"/><T33/><D33/><U84/><E121/><V114/><F7/><W117/><G117/><T60/><D116/><U81/><E104/><V112/><F135/><W8/><G109/><N who="2" m="41481" /><F76/><W88/><G106/><T122/><D122/><U91/><E128/><V74/><F74/><W44/><G90/><T37/><D134/><U40/><E53/><V15/><F15/><W65/><G65/><T133/><D133/><U5/><E36/><V105/><F50/><W132/><G132/><T32/><D32/><U113/><E113/><V4/><F4/><W73/><G73/><T75/><D131/><U103/><E103/><V95/><F105/><W27/><G8/><T13/><D107/><U123/><E123/><V126/><F126/><N who="0" m="48746" /><D37/><U129/><E129/><V21/><F35/><W78/><G78/><N who="0" m="44127" /><D83/><U67/><E39/><V18/><F29/><N who="1" m="11337" /><E5/><V87/><F100/><W34/><G34/><T19/><D13/><U102/><E102/><V61/><F61/><W99/><REACH who="3" step="1"/><G27/><REACH who="3" ten="266,153,395,176" step="2"/><T30/><D30/><U62/><E67/><V56/><F26/><W9/><G9/><AGARI ba="0,1" hai="9,14,19,45,47,52,57,60" m="44127,48746" machi="9" ten="30,2900,0" yaku="18,1,54,1" doraHai="93" who="0" fromWho="3" sc="266,39,153,0,395,0,176,-29" /><INIT seed="4,1,0,0,2,67" ten="305,153,395,147" oya="0" hai0="131,33,43,56,115,44,84,123,126,117,77,134,31" hai1="108,42,92,45,28,114,133,21,135,27,93,88,7" hai2="34,121,80,5,2,95,37,30,54,39,17,111,0" hai3="69,38,32,47,22,78,35,49,103,101,6,46,72"/><T3/><D56/><U106/><E106/><V120/><F111/><W127/><G127/><T119/><D84/><U64/><E108/><V66/><F66/><W87/><G72/><T118/><D31/><U74/><E74/><V98/><F80/><W90/><G78/><T16/><D16/><U41/><E114/><V36/><F17/><W65/><G6/><T4/><D44/><U76/><E76/><V124/><F124/><W59/><G22/><T109/><D43/><U14/><E64/><V57/><F30/><W68/><G65/><T50/><D50/><U20/><E93/><V18/><F18/><W79/><G79/><T82/><D82/><U63/><E63/><V91/><F34/><W52/><G47/><T51/><D51/><U113/><E113/><V70/><F70/><W94/><G35/><T116/><D4/><U105/><E105/><V96/><F96/><W26/><G32/><T60/><D77/><U55/><E55/><V130/><F130/><W102/><REACH who="3" step="1"/><G26/><REACH who="3" ten="305,153,395,137" step="2"/><T89/><D119/><U15/><E45/><V19/><F5/><W1/><G1/><T125/><D118/><U29/><E7/><V75/><F75/><W107/><G107/><T81/><D117/><U104/><E104/><V83/><F0/><W58/><G58/><T9/><D116/><U122/><E21/><V85/><F2/><W112/><G112/><T48/><D125/><U110/><E110/><V132/><F57/><W25/><G25/><T61/><D126/><U100/><E20/><V97/><F120/><W10/><G10/><T23/><D115/><U24/><E122/><RYUUKYOKU ba="1,1" sc="305,-10,153,-10,395,-10,137,30" hai3="38,46,49,52,59,68,69,87,90,94,101,102,103" /><INIT seed="5,2,1,3,3,135" ten="295,143,385,167" oya="1" hai0="133,88,5,113,117,68,45,82,125,71,65,3,59" hai1="100,86,85,109,16,62,23,108,69,76,54,49,44" hai2="39,128,24,48,35,57,77,131,97,124,7,101,94" hai3="99,42,50,38,112,63,37,61,105,98,56,83,26"/><U64/><E100/><V47/><F7/><W12/><G112/><T41/><D117/><U75/><E75/><V27/><F35/><W6/><G83/><T134/><D113/><U116/><E116/><V111/><F111/><N who="1" m="42569" /><E76/><V122/><F122/><W126/><G26/><AGARI ba="2,1" hai="16,23,26,44,49,54,62,64,69,85,86" m="42569" machi="26" ten="30,2900,0" yaku="10,1,54,1" doraHai="135" who="1" fromWho="3" sc="295,0,143,45,385,0,167,-35" /><INIT seed="5,3,0,1,3,9" ten="295,188,385,132" oya="1" hai0="87,125,121,23,124,13,82,84,120,135,91,32,67" hai1="22,89,110,20,0,55,126,131,50,66,40,37,64" hai2="4,72,103,81,104,57,122,114,77,102,42,33,41" hai3="107,105,10,111,113,65,31,25,43,70,39,44,29"/><U18/><E0/><V116/><F116/><W132/><G111/><T15/><D67/><U1/><E1/><V16/><F33/><W79/><G113/><T133/><D32/><U99/><E131/><V12/><F4/><W68/><G132/><N who="0" m="50763" /><D23/><U117/><E117/><V78/><F122/><N who="0" m="47210" /><D84/><U80/><E126/><AGARI ba="3,0" hai="13,15,82,87,91,124,125,126" m="47210,50763" machi="126" ten="40,8000,1" yaku="18,1,20,1,13,1,52,2" doraHai="9" who="0" fromWho="1" sc="295,89,188,-89,385,0,132,0" /><INIT seed="6,0,0,1,5,63" ten="384,99,385,132" oya="2" hai0="54,26,64,123,96,16,53,115,34,121,61,130,91" hai1="17,30,40,89,118,68,29,58,126,106,109,60,55" hai2="32,125,135,132,59,8,11,114,24,93,52,113,4" hai3="14,12,70,28,36,13,67,117,46,81,19,129,134"/><V69/><F69/><W85/><G117/><T37/><D37/><U97/><E118/><V0/><F93/><W9/><G129/><T23/><D130/><U90/><E109/><V21/><F32/><W80/><G134/><N who="2" m="51241" /><F8/><W47/><G28/><T42/><D42/><U87/><E126/><V122/><F125/><W71/><G9/><T50/><D34/><U5/><E5/><V49/><F122/><W119/><G19/><AGARI ba="0,0" hai="0,4,11,19,21,24,49,52,59,113,114" m="51241" machi="19" ten="30,2900,0" yaku="20,1,54,1" doraHai="63" who="2" fromWho="3" sc="384,0,99,0,385,29,132,-29" /><INIT seed="6,1,0,0,4,92" ten="384,99,414,103" oya="2" hai0="127,3,44,15,33,69,113,80,19,42,119,30,114" hai1="50,90,68,29,91,99,115,117,132,70,131,14,23" hai2="1,135,107,41,9,6,104,94,134,125,46,13,122" hai3="82,16,39,37,2,5,100,58,112,101,49,75,26"/><V123/><F13/><W62/><G112/><T0/><D119/><U51/><E117/><V57/><F57/><W133/><G133/><N who="2" m="50697" /><F94/><W10/><G49/><T31/><D69/><U118/><E118/><V73/><F73/><W124/><G124/><T38/><D127/><U27/><E132/><V129/><F125/><W126/><G126/><T95/><D95/><N who="1" m="56823" /><E70/><V76/><F76/><W35/><G35/><T130/><D80/><U4/><E68/><V43/><F43/><W84/><G75/><T77/><D77/><U103/><E115/><N who="0" m="44041" /><D130/><U66/><E131/><V89/><F89/><W8/><G100/><T61/><D61/><U78/><E103/><V85/><F85/><W97/><G26/><N who="0" m="18647" /><D31/><U55/><E91/><V21/><F129/><W63/><G63/><T47/><D47/><U108/><E78/><V105/><F21/><AGARI ba="1,0" hai="0,3,15,19,21,38,42,44" m="18647,44041" machi="21" ten="30,1000,0" yaku="15,1" doraHai="92" who="0" fromWho="2" sc="384,13,99,0,414,-13,103,0" /><INIT seed="7,0,0,1,4,67" ten="397,99,401,103" oya="3" hai0="125,17,73,0,111,12,53,27,43,101,113,127,98" hai1="77,75,4,63,41,30,21,54,65,37,62,99,47" hai2="78,46,68,114,74,79,34,8,135,14,81,24,120" hai3="134,76,61,102,94,130,97,106,129,91,71,48,15"/><W80/><G48/><T95/><D111/><U26/><E4/><V124/><F68/><W52/><G15/><T3/><D73/><U25/><E75/><V11/><F79/><W87/><G134/><T89/><D27/><U96/><E77/><V123/><F135/><W85/><REACH who="3" step="1"/><G52/><REACH who="3" ten="397,99,401,93" step="2"/><T83/><D53/><U58/><E26/><V109/><F14/><W69/><G69/><AGARI ba="0,1" hai="21,25,30,37,41,47,54,58,62,63,65,69,96,99" machi="69" ten="30,2000,0" yaku="7,1,52,1" doraHai="67" who="1" fromWho="3" sc="397,0,99,30,401,0,93,-20" owari="397,19.7,129,-27.1,401,50.1,73,-42.7" /></mjloggm>