<mjloggm ver="2.3"><GO type="169" lobby="0"/><UN n0="%E6%9D%BE%E5%8E%9F%E4%B8%8D%E7%8B%97" n1="%6E%6F%73%75%6B%65" n2="%E5%B0%8F%E8%B1%86%E6%A2%93" n3="%73%65%37%37%65%6E" dan="16,16,16,16" rate="2082.01,2128.00,2141.60,2054.75" sx="M,M,F,M"/><TAIKYOKU oya="0"/><INIT seed="0,0,0,4,4,98" ten="250,250,250,250" oya="0" hai0="5,4,69,2,14,19,95,62,39,121,52,99,110" hai1="135,103,72,125,38,21,41,33,73,20,12,10,123" hai2="55,106,79,78,54,17,82,64,91,36,37,25,0" hai3="56,43,113,76,40,42,70,105,49,90,75,16,120"/><T34/><D121/><U128/><E123/><V51/><F0/><W30/><G113/><T45/><D34/><U26/><E125/><V130/><F106/><W71/><G30/><T29/><D29/><U117/><E117/><V23/><F64/><W63/><G90/><T87/><D2/><U57/><E33/><V61/><F130/><W6/><G6/><T129/><D129/><U86/><E128/><V53/><F61/><W119/><G119/><T96/><D96/><U1/><E21/><V89/><F37/><W94/><G94/><T80/><D110/><U107/><E57/><V74/><F36/><W11/><G49/><T15/><D15/><U104/><E12/><V58/><F79/><W126/><G105/><T35/><D35/><U65/><E65/><V68/><F68/><W3/><G3/><T83/><D39/><U131/><E41/><V47/><F58/><W13/><G126/><T28/><D28/><U134/><E131/><V88/><AGARI ba="0,0" hai="17,23,25,47,51,53,54,55,74,78,82,88,89,91" machi="88" ten="30,2000,0" yaku="0,1,54,1" doraHai="98" who="2" fromWho="2" sc="250,-10,250,-5,250,20,250,-5" /><INIT seed="1,0,0,0,2,11" ten="240,245,270,245" oya="1" hai0="27,107,95,81,73,124,115,54,2,66,88,41,97" hai1="80,130,52,83,10,127,8,50,36,3,112,116,26" hai2="89,45,77,37,9,110,19,134,53,122,118,85,18" hai3="15,114,55,7,74,94,125,12,28,49,33,56,120"/><U25/><E112/><V40/><F118/><W51/><G114/><T61/><D115/><U22/><E116/><V106/><F122/><W126/><G120/><T20/><D124/><N who="3" m="47721" /><G74/><T63/><D2/><U68/><E127/><V32/><F32/><W29/><G7/><T128/><D128/><U82/><E36/><V104/><F110/><W131/><G131/><T46/><D107/><U6/><E130/><V93/><F134/><W5/><G5/><T113/><D113/><U109/><E109/><V47/><F77/><W121/><G121/><T34/><D34/><U117/><E117/><V79/><F79/><W62/><G94/><T129/><D54/><U67/><E10/><V135/><F135/><W23/><G23/><T86/><D66/><U59/><REACH who="1" step="1"/><E22/><REACH who="1" ten="240,235,270,245" step="2"/><V17/><F9/><W76/><G33/><T132/><D129/><U64/><E64/><V48/><AGARI ba="0,1" hai="17,18,19,37,40,45,47,48,53,85,89,93,104,106" machi="48" ten="30,1100,0" yaku="0,1" doraHai="11" who="2" fromWho="2" sc="240,-3,235,-5,270,21,245,-3" /><INIT seed="2,0,0,2,0,34" ten="237,230,291,242" oya="2" hai0="69,83,15,50,134,53,84,119,75,59,67,120,10" hai1="86,111,80,45,88,1,114,109,77,104,21,103,23" hai2="96,54,66,81,3,41,49,40,100,38,91,9,87" hai3="13,116,39,98,129,55,95,58,18,16,112,30,123"/><V33/><F33/><W25/><G39/><T97/><D120/><U130/><E114/><V29/><F29/><W17/><G123/><T71/><D75/><U126/><E126/><V26/><F26/><W115/><G116/><T131/><D131/><U60/><E130/><V73/><F66/><W7/><G7/><T70/><D134/><U14/><E60/><V0/><F9/><W102/><G129/><T22/><D119/><U42/><E1/><V117/><F117/><W106/><G106/><T121/><D121/><U28/><E28/><V94/><F38/><W51/><REACH who="3" step="1"/><G13/><REACH who="3" ten="237,230,291,232" step="2"/><T122/><D122/><U48/><E14/><V65/><F73/><W107/><G107/><T2/><D15/><U47/><E104/><V118/><F118/><W5/><G5/><T64/><D70/><U37/><E37/><V133/><F133/><W85/><G85/><T79/><D84/><U124/><E86/><V101/><F3/><W113/><G113/><T6/><D2/><U31/><E111/><V63/><F0/><W108/><G108/><T128/><D6/><U43/><E109/><V99/><F87/><W24/><G24/><T89/><D69/><U127/><E127/><V12/><F12/><W90/><G90/><T11/><D89/><U82/><E88/><V19/><F91/><W76/><G76/><T78/><D78/><U44/><E77/><V56/><F101/><W132/><G132/><T46/><D79/><U52/><E103/><V92/><F100/><W62/><G62/><T61/><D61/><U110/><E124/><V105/><F105/><W125/><G125/><RYUUKYOKU ba="0,1" sc="237,-10,230,-10,291,-10,232,30" hai3="16,17,18,25,30,51,55,58,95,98,102,112,115" /><INIT seed="3,1,1,5,4,71" ten="227,220,281,262" oya="3" hai0="104,115,108,23,102,125,10,88,37,78,12,135,100" hai1="131,61,42,106,82,1,68,4,9,63,122,3,58" hai2="114,99,95,52,93,21,14,74,73,75,89,0,130" hai3="34,25,126,31,116,24,107,17,46,101,35,60,69"/><W123/><G116/><T50/><D78/><U57/><E122/><V79/><F0/><W121/><G126/><T124/><D108/><U39/><E3/><V22/><F114/><W18/><G46/><T90/><D115/><U5/><E5/><V96/><F79/><W55/><G55/><T110/><D110/><U44/><E131/><V26/><F130/><W80/><G80/><T36/><D50/><U28/><E106/><V27/><F14/><W92/><G92/><T65/><D65/><U53/><E68/><V33/><F33/><W2/><G2/><T64/><D64/><U109/><E109/><V29/><F52/><W127/><G127/><N who="0" m="48715" /><D23/><U117/><E117/><V132/><F132/><W119/><G119/><T129/><D135/><U40/><E40/><V49/><F49/><W120/><G60/><T20/><D20/><U97/><E97/><V128/><F128/><W103/><G69/><T98/><D102/><U19/><E28/><V85/><REACH who="2" step="1"/><F95/><REACH who="2" ten="227,220,271,262" step="2"/><W43/><G121/><T8/><D129/><U91/><E53/><V45/><F45/><W111/><G111/><T15/><D12/><U11/><E44/><V66/><F66/><W62/><G107/><T56/><D15/><U113/><E1/><V70/><F70/><W87/><G120/><T32/><D32/><U16/><E113/><V51/><F51/><W134/><G123/><T67/><D67/><U48/><E48/><V77/><F77/><W133/><G35/><T83/><D104/><U41/><E63/><V72/><N who="2" m="18432" /><DORA hai="30" /><V76/><F76/><W38/><G133/><T105/><D105/><RYUUKYOKU ba="1,2" sc="227,-10,220,-10,271,30,262,-10" hai2="21,22,26,27,29,85,89,93,96,99" /><INIT seed="4,2,2,0,1,20" ten="217,210,301,252" oya="0" hai0="23,52,21,75,120,123,54,48,49,2,62,113,39" hai1="98,35,19,59,105,33,13,43,97,125,1,50,103" hai2="64,74,58,29,17,110,57,28,42,101,37,56,3" hai3="27,89,24,31,94,77,134,92,40,65,116,44,70"/><T5/><D39/><U90/><E125/><V87/><F74/><W55/><G116/><T95/><D75/><U133/><E1/><V7/><F37/><W124/><G124/><T86/><D62/><U67/><E133/><V82/><F42/><W15/><G134/><T129/><D113/><U66/><E35/><V93/><F7/><W80/><G31/><T108/><D129/><U112/><E33/><V47/><F47/><W26/><G55/><T135/><D135/><U63/><E112/><V14/><F3/><W115/><G15/><T32/><D32/><U30/><E30/><V83/><F83/><W76/><G115/><T69/><D69/><U84/><E98/><N who="2" m="59599" /><F64/><W111/><G111/><T121/><D108/><U18/><E67/><V114/><F110/><W132/><G132/><T100/><D5/><U130/><E130/><V12/><F12/><W71/><G71/><T41/><D2/><U109/><E109/><V8/><F114/><W119/><G119/><T9/><BYE who="3" /><D41/><U106/><E106/><V46/><F46/><W127/><G127/><T102/><D120/><U36/><E36/><V11/><F11/><W16/><G16/><T79/><D9/><U60/><E13/><V78/><AGARI ba="2,2" hai="8,14,17,28,29,56,57,58,78,82,87" m="59599" machi="78" ten="30,1100,0" yaku="8,1" doraHai="20" who="2" fromWho="2" sc="217,-7,210,-5,301,37,252,-5" /><INIT seed="5,0,0,1,3,51" ten="210,205,338,247" oya="1" hai0="105,96,21,46,93,5,125,92,72,108,17,32,70" hai1="55,91,76,15,61,131,19,26,115,47,18,33,119" hai2="116,25,128,3,44,82,98,104,27,80,0,90,122" hai3="102,36,65,34,132,99,121,66,60,81,109,74,78"/><U50/><E115/><UN n3="%73%65%37%37%65%6E" /><V71/><F71/><W126/><G121/><T103/><D108/><U68/><E131/><V9/><F116/><W129/><G36/><T114/><D114/><U135/><E135/><V130/><F44/><W38/><G129/><T40/><D70/><U100/><E119/><V84/><F9/><W106/><G34/><T20/><D32/><U43/><E76/><V83/><F83/><W85/><G85/><T30/><BYE who="3" /><D72/><U10/><E100/><V58/><F58/><W7/><G7/><T8/><D125/><U123/><E123/><V118/><F118/><W79/><G79/><T110/><D30/><U87/><E33/><V57/><F57/><W4/><G4/><T112/><D110/><U52/><E68/><V67/><F67/><UN n3="%73%65%37%37%65%6E" /><W127/><G109/><T24/><D20/><N who="1" m="13591" /><E61/><V111/><F111/><W95/><G132/><T89/><D89/><U23/><E23/><V12/><F90/><W48/><G38/><T53/><D112/><U39/><E39/><V28/><F122/><W31/><G65/><T42/><D105/><U22/><E22/><V75/><F104/><W107/><G107/><BYE who="3" /><T56/><D92/><AGARI ba="0,0" hai="10,15,19,43,47,50,52,55,87,91,92" m="13591" machi="92" ten="30,11600,0" yaku="8,1,52,2,54,1" doraHai="51" who="1" fromWho="0" sc="210,-116,205,116,338,0,247,0" /><INIT seed="5,1,0,2,4,100" ten="94,321,338,247" oya="1" hai0="113,75,12,135,18,110,20,118,67,70,71,21,77" hai1="11,126,117,7,108,65,99,42,33,9,90,44,24" hai2="73,55,134,72,22,5,86,93,91,38,51,78,2" hai3="15,34,52,53,31,127,103,131,14,61,35,36,83"/><U50/><E117/><V101/><F38/><W40/><G40/><T1/><D110/><U124/><E126/><V59/><F134/><W16/><G16/><T84/><D1/><U85/><E124/><V10/><F78/><UN n3="%73%65%37%37%65%6E" /><W39/><G127/><T29/><D75/><U82/><E108/><V76/><F76/><W6/><G131/><T69/><D135/><U97/><E65/><V3/><F3/><W8/><G103/><T43/><D118/><U119/><E119/><V46/><F46/><W106/><G61/><T81/><D113/><U62/><E62/><V32/><F32/><W133/><G83/><T122/><D122/><U112/><E112/><V26/><F101/><W129/><G31/><AGARI ba="1,0" hai="2,5,10,22,26,31,51,55,59,72,73,86,91,93" machi="31" ten="30,1000,0" yaku="7,1" doraHai="100" who="2" fromWho="3" sc="94,0,321,0,338,13,247,-13" /><INIT seed="6,0,0,2,3,1" ten="94,321,351,234" oya="2" hai0="10,107,57,92,80,53,0,44,108,84,8,25,128" hai1="88,24,61,58,66,30,7,26,38,63,81,69,43" hai2="12,78,5,56,110,22,34,106,103,73,15,104,85" hai3="52,54,111,93,67,89,102,74,91,27,13,116,129"/><V105/><F34/><W51/><G74/><T83/><D128/><U33/><E26/><V134/><F73/><W4/><G129/><T71/><D71/><U37/><E43/><V70/><F70/><W117/><G111/><T101/><D108/><U96/><E7/><V124/><F110/><W11/><G67/><T125/><D125/><U55/><REACH who="1" step="1"/><E81/><REACH who="1" ten="94,311,351,234" step="2"/><N who="2" m="47287" /><F5/><W72/><G27/><T16/><D83/><U21/><E21/><V113/><F22/><W120/><G116/><T135/><D135/><U3/><E3/><V41/><F41/><W76/><G120/><T36/><D0/><U132/><E132/><V29/><F134/><W48/><G117/><T65/><D36/><U31/><E31/><V131/><F29/><W86/><G4/><T112/><D112/><U40/><E40/><V122/><F113/><W20/><G20/><T123/><D123/><U100/><E100/><V94/><F122/><W68/><G102/><T90/><D101/><U47/><E47/><V14/><F103/><W23/><G23/><N who="0" m="13543" /><D107/><U133/><E133/><V59/><F106/><W50/><G13/><T98/><D44/><U87/><E87/><V2/><F2/><W119/><G86/><T99/><D80/><U19/><E19/><V95/><F105/><W60/><G119/><T82/><D82/><U62/><E62/><V115/><F104/><W109/><G109/><T6/><D6/><U77/><E77/><V64/><F115/><W42/><G76/><T121/><D121/><U126/><E126/><V79/><F124/><W45/><G45/><T75/><D84/><U39/><E39/><RYUUKYOKU ba="0,1" sc="94,-10,311,30,351,-10,234,-10" hai1="24,30,33,37,38,55,58,61,63,66,69,88,96" /><INIT seed="7,1,1,5,4,65" ten="84,341,341,224" oya="3" hai0="11,28,129,104,44,54,121,85,96,64,39,53,113" hai1="108,76,7,115,123,56,102,10,120,105,30,89,93" hai2="107,90,82,15,111,127,101,57,19,6,67,27,23" hai3="71,24,134,60,40,94,135,126,32,48,109,50,58"/><W112/><G109/><T84/><D121/><U47/><E108/><V26/><F127/><W130/><G126/><T91/><D129/><U114/><E30/><V103/><F107/><W77/><G130/><T118/><D118/><U37/><E56/><V14/><F111/><W68/><G77/><T86/><D11/><U35/><E35/><V70/><F70/><N who="3" m="26667" /><G94/><T38/><D64/><U74/><E102/><N who="2" m="38923" /><F14/><W69/><G112/><N who="1" m="43050" /><E105/><V73/><F73/><W20/><G32/><T43/><D113/><U46/><E76/><V116/><F116/><W49/><G69/><T1/><D1/><N who="1" m="367" /><E74/><V100/><F100/><W124/><G124/><T12/><D104/><U119/><E119/><V25/><F6/><W97/><G97/><T2/><D2/><U88/><E89/><V81/><F90/><W55/><G20/><T66/><D66/><U99/><E37/><V80/><F67/><W29/><G29/><T52/><D28/><U122/><AGARI ba="1,1" hai="46,47,88,93,99,120,122,123" m="367,43050" machi="122" ten="40,2700,0" yaku="15,1,54,1" doraHai="65" who="1" fromWho="1" sc="84,-8,341,40,341,-8,224,-14" owari="76,-42.4,381,48.1,333,13.3,210,-19.0" /></mjloggm>