<mjloggm ver="2.3"><GO type="169" lobby="0"/><UN n0="%E5%9D%8A%E3%82%84%E3%81%A1%E3%81%A4" n1="%E4%B8%83%E7%94%9F%E5%A4%95" n2="%E3%82%8A%E3%82%87%E3%81%A1" n3="%E7%90%86%E5%B7%A5%E3%83%95%E3%83%AA%E3%83%86%E3%83%B3%E5%A4%A7%E5%B8%AB" dan="16,17,16,16" rate="2053.73,2134.29,2139.31,2109.55" sx="M,M,M,F"/><TAIKYOKU oya="0"/><INIT seed="0,0,0,2,1,58" ten="250,250,250,250" oya="0" hai0="28,104,40,51,47,2,73,12,97,103,31,133,90" hai1="32,62,0,1,124,64,101,132,27,107,106,49,30" hai2="76,6,15,8,81,75,96,68,77,59,5,11,66" hai3="127,79,52,19,50,98,125,123,80,108,16,70,135"/><T42/><D2/><U130/><E124/><N who="3" m="47690" /><G108/><T48/><D133/><U84/><E130/><V85/><F68/><W129/><G135/><T35/><D73/><U95/><E132/><V126/><F126/><W18/><G129/><T10/><D90/><U118/><E118/><V17/><F75/><N who="3" m="43135" /><G70/><T115/><D115/><U94/><E49/><V23/><F96/><W112/><G112/><T131/><D131/><U72/><E72/><V113/><F113/><W100/><G123/><T60/><D35/><U45/><E45/><V99/><F99/><W116/><G116/><T7/><D60/><U128/><E128/><V13/><F13/><W57/><G19/><T82/><REACH who="0" step="1"/><D82/><REACH who="0" ten="240,250,250,250" step="2"/><U109/><E32/><V39/><F76/><W88/><G100/><T24/><D24/><U89/><E27/><V61/><F39/><W21/><G21/><T69/><D69/><U26/><E101/><V53/><REACH who="2" step="1"/><F66/><REACH who="2" ten="240,250,240,250" step="2"/><W121/><G121/><T41/><D41/><U71/><E64/><V37/><F37/><W36/><G36/><T91/><D91/><U33/><E89/><V67/><F67/><W14/><G14/><T3/><D3/><U20/><E0/><V29/><F29/><W9/><G9/><AGARI ba="0,2" hai="5,6,8,9,11,15,17,23,53,59,61,77,81,85" machi="9" ten="40,8000,1" yaku="1,1,8,1,52,1,53,1" doraHai="58" doraHaiUra="83" who="2" fromWho="3" sc="240,0,250,0,240,100,250,-80" /><INIT seed="1,0,0,5,4,59" ten="240,250,340,170" oya="1" hai0="107,100,131,88,35,46,14,31,110,17,111,71,51" hai1="42,126,56,122,45,26,97,93,47,124,116,80,4" hai2="57,119,128,27,81,123,127,20,38,95,87,69,78" hai3="39,25,108,104,75,54,118,22,117,73,129,72,66"/><U5/><E116/><N who="3" m="44650" /><G39/><T62/><D131/><U125/><E122/><V92/><F123/><W77/><G54/><T135/><D135/><U91/><E26/><V2/><F119/><W53/><G53/><T55/><D31/><U15/><E56/><V90/><F69/><W101/><G66/><T113/><D35/><U44/><E80/><V94/><F38/><W41/><G41/><T28/><D28/><U50/><E15/><V86/><F2/><W10/><G129/><T64/><D113/><U30/><E30/><N who="2" m="17767" /><F128/><W74/><G108/><T0/><D0/><U89/><REACH who="1" step="1"/><E91/><REACH who="1" ten="240,240,340,170" step="2"/><V106/><F81/><W48/><G25/><T70/><D88/><U12/><E12/><V19/><F90/><W82/><G82/><T61/><D71/><U13/><E13/><V103/><F57/><W21/><G77/><T23/><D70/><U49/><E49/><V105/><F78/><W40/><G48/><T130/><D130/><U33/><E33/><V7/><F19/><W32/><G32/><T96/><D64/><U9/><E9/><V24/><F7/><AGARI ba="0,1" hai="4,5,7,42,44,45,47,50,89,93,97,124,125,126" machi="7" ten="40,3900,0" yaku="1,1,18,1,53,0" doraHai="59" doraHaiUra="63" who="1" fromWho="2" sc="240,0,240,49,340,-39,170,0" /><INIT seed="1,1,0,4,3,117" ten="240,289,301,170" oya="1" hai0="78,89,4,130,46,35,127,72,63,134,121,56,24" hai1="62,6,93,61,25,37,1,13,32,17,49,65,79" hai2="3,36,43,92,131,52,91,58,99,26,5,81,87" hai3="42,70,11,41,109,64,22,97,31,66,113,18,119"/><U123/><E37/><V44/><F131/><W48/><G113/><T128/><D121/><U116/><E116/><V51/><F3/><W16/><G109/><T67/><D127/><U33/><E79/><V126/><F126/><W74/><G74/><T38/><D134/><U90/><E49/><V83/><F5/><W76/><G76/><T106/><D106/><U110/><E110/><V75/><F75/><W54/><G31/><T100/><D100/><U95/><E6/><V102/><REACH who="2" step="1"/><F26/><REACH who="2" ten="240,289,291,170" step="2"/><W125/><G125/><T88/><D4/><U39/><E25/><V23/><F23/><W82/><G22/><T111/><D24/><U19/><E1/><V135/><F135/><W133/><G133/><T94/><D72/><U27/><E27/><V60/><F60/><W80/><G119/><T84/><D111/><U40/><E62/><V98/><F98/><W86/><G97/><T21/><D21/><U85/><E61/><V96/><F96/><W68/><G86/><T10/><D84/><U45/><E85/><V71/><F71/><W28/><G68/><T105/><D130/><U118/><E118/><V73/><F73/><W57/><G70/><T103/><D128/><U114/><E114/><V30/><F30/><W2/><G28/><T77/><D63/><U7/><E7/><V104/><AGARI ba="1,1" hai="36,43,44,51,52,58,81,83,87,91,92,99,102,104" machi="104" ten="20,5200,0" yaku="1,1,0,1,7,1,54,1,53,0" doraHai="117" doraHaiUra="124" who="2" fromWho="2" sc="240,-14,289,-27,291,65,170,-14" /><INIT seed="2,0,0,2,1,27" ten="226,262,356,156" oya="2" hai0="0,8,58,1,18,135,49,14,130,62,81,41,88" hai1="115,91,118,123,98,89,94,99,23,46,20,75,33" hai2="30,7,21,86,68,127,61,15,71,38,39,121,45" hai3="79,103,31,50,117,16,107,76,11,114,101,84,37"/><V70/><F121/><W120/><G37/><T63/><D135/><U80/><E33/><V95/><F127/><W65/><G120/><T56/><D130/><U12/><E123/><V110/><F61/><W131/><G117/><T54/><D41/><U51/><E115/><V47/><F110/><W2/><G65/><T113/><D49/><U72/><E118/><V4/><F95/><W126/><G84/><T28/><D113/><U66/><E66/><V5/><F86/><W36/><G50/><T102/><D102/><U22/><E12/><V109/><F109/><W52/><G11/><T73/><D73/><U133/><E133/><V26/><REACH who="2" step="1"/><F15/><REACH who="2" ten="226,262,346,156" step="2"/><W124/><G124/><T93/><D93/><U106/><E106/><V116/><F116/><W100/><G126/><T90/><D14/><U57/><E94/><V74/><F74/><W104/><G107/><T3/><D63/><U112/><E72/><V42/><F42/><W60/><G104/><T19/><D62/><U132/><E75/><V35/><F35/><W6/><G60/><T32/><D32/><U24/><E132/><V87/><F87/><W83/><G114/><T9/><D1/><U17/><E112/><V69/><N who="2" m="17408" /><DORA hai="129" /><V97/><F97/><W59/><G2/><T67/><D67/><U40/><E98/><V96/><F96/><W134/><G134/><T78/><D0/><U111/><E111/><V55/><F55/><W34/><G52/><T122/><D54/><N who="1" m="31967" /><E99/><V64/><F64/><W10/><G101/><T105/><D122/><U29/><E40/><V108/><F108/><W82/><G103/><RYUUKYOKU ba="0,1" sc="226,-10,262,-10,346,30,156,-10" hai2="4,5,7,21,26,30,38,39,45,47" /><INIT seed="2,1,1,2,0,122" ten="216,252,376,146" oya="2" hai0="126,24,0,53,65,25,108,68,39,76,43,2,14" hai1="46,129,135,58,100,18,111,37,17,56,105,55,35" hai2="90,91,115,134,42,40,33,54,8,102,11,34,23" hai3="103,38,96,29,86,112,6,82,63,131,32,99,121"/><V28/><F115/><W12/><G38/><T125/><D76/><U69/><E69/><V5/><F102/><W62/><G96/><T7/><D53/><U74/><E74/><V87/><F134/><W19/><G131/><T49/><D49/><U70/><E70/><V114/><F114/><W117/><G117/><T120/><D65/><U9/><E35/><V89/><F87/><W41/><G41/><T60/><D60/><U128/><E58/><V59/><F23/><W127/><G6/><T4/><D68/><U75/><E75/><V77/><F77/><W78/><G127/><T83/><D83/><U124/><E124/><N who="0" m="47721" /><D43/><N who="1" m="22895" /><E9/><V85/><F85/><W132/><G132/><T36/><D36/><U101/><E101/><V57/><F89/><W79/><G79/><T104/><D104/><U95/><E105/><V92/><F92/><W94/><G121/><T119/><D39/><U10/><E10/><V52/><F28/><W3/><G112/><T45/><D45/><U67/><E67/><V31/><F31/><W116/><G116/><T30/><D30/><U61/><E135/><V21/><F21/><W72/><G29/><T118/><D120/><U66/><E66/><V51/><F51/><W93/><G32/><T133/><D133/><U109/><E128/><V20/><F20/><W13/><G72/><T44/><D119/><U88/><E129/><V130/><F130/><W98/><G63/><T106/><D106/><U64/><E64/><V16/><F5/><W26/><G62/><T27/><D4/><U50/><E61/><V123/><F123/><W15/><G103/><RYUUKYOKU ba="1,1" sc="216,-10,252,-10,376,30,146,-10" hai2="8,11,16,33,34,40,42,52,54,57,59,90,91" /><INIT seed="2,2,1,4,3,45" ten="206,242,406,136" oya="2" hai0="61,82,16,25,133,67,59,122,113,78,104,86,39" hai1="84,119,62,93,43,75,38,72,8,99,134,118,6" hai2="28,44,117,123,95,92,74,116,132,40,14,48,35" hai3="51,7,54,18,109,83,27,32,79,81,85,3,130"/><V49/><F123/><W23/><G109/><T65/><D122/><U5/><E134/><V29/><F74/><W26/><G130/><T71/><D104/><U108/><E108/><V102/><F132/><W135/><G135/><T11/><D39/><U94/><E62/><V66/><F66/><W55/><G3/><T88/><D113/><U91/><E6/><V2/><F2/><W13/><G32/><T20/><D133/><U17/><E17/><V60/><F60/><W58/><G7/><T120/><D120/><U87/><E75/><V34/><F44/><W64/><G64/><N who="0" m="38975" /><D71/><U1/><E72/><V46/><F46/><W50/><G81/><T98/><D11/><U110/><E110/><V12/><F40/><W19/><G18/><T127/><D127/><U42/><E38/><V121/><F121/><W106/><G106/><T114/><D114/><U112/><E112/><V101/><AGARI ba="2,1" hai="12,14,28,29,34,35,48,49,92,95,101,102,116,117" machi="101" ten="25,12000,1" yaku="0,1,22,2,52,2" doraHai="45" who="2" fromWho="2" sc="206,-42,242,-42,406,136,136,-42" /><INIT seed="2,3,0,2,3,64" ten="164,200,542,94" oya="2" hai0="11,99,12,84,81,1,9,111,7,129,98,63,95" hai1="65,128,113,18,26,108,79,100,69,114,46,49,55" hai2="127,60,87,31,76,74,89,103,125,106,38,85,2" hai3="37,8,67,105,10,35,88,80,75,57,121,93,112"/><V53/><F38/><W28/><G121/><T0/><D129/><U24/><E108/><V3/><F31/><W15/><G105/><T118/><D118/><U135/><E128/><V126/><F53/><W34/><G37/><T122/><D122/><U86/><E135/><V62/><F74/><W94/><G112/><T25/><D25/><U6/><E6/><V109/><F89/><W54/><G67/><T22/><D22/><U101/><E86/><N who="2" m="32779" /><F76/><W123/><G8/><T4/><D111/><U32/><E79/><V68/><F109/><W66/><G66/><T47/><D47/><U130/><E130/><V33/><F33/><W30/><G75/><T78/><D63/><N who="2" m="24106" /><F68/><W96/><G80/><T14/><REACH who="0" step="1"/><D99/><AGARI ba="3,0" hai="2,3,99,103,106,125,126,127" m="24106,32779" machi="99" ten="40,2000,0" yaku="18,1" doraHai="64" who="2" fromWho="0" sc="164,-29,200,0,542,29,94,0" /><INIT seed="2,4,0,0,1,0" ten="135,200,571,94" oya="2" hai0="95,110,2,5,43,107,88,49,1,79,59,98,14" hai1="86,135,112,55,3,87,36,61,93,90,89,56,62" hai2="133,106,8,60,96,20,51,18,116,100,48,77,118" hai3="57,35,64,75,111,58,9,121,19,34,71,47,91"/><V123/><F123/><W37/><G91/><T12/><D110/><U119/><E135/><V124/><F133/><W117/><G19/><T101/><D79/><U17/><E3/><V68/><F124/><W42/><G9/><T45/><D59/><U13/><E36/><V25/><F77/><W26/><G26/><T65/><D65/><U67/><E112/><V52/><F48/><W69/><G34/><T126/><D126/><U70/><E119/><V97/><F97/><W82/><G82/><T113/><D113/><U134/><E134/><V39/><F39/><W21/><G21/><T92/><D107/><U103/><E103/><V53/><F8/><W7/><G35/><T115/><D115/><U11/><E90/><V109/><F109/><W128/><G75/><T30/><D30/><U32/><E32/><V129/><F129/><W24/><G128/><T16/><D5/><U85/><AGARI ba="4,0" hai="11,13,17,55,56,61,62,67,70,85,86,87,89,93" machi="85" ten="20,1500,0" yaku="0,1,7,1" doraHai="0" who="1" fromWho="1" sc="135,-8,200,27,571,-11,94,-8" /><INIT seed="3,0,0,3,0,125" ten="127,227,560,86" oya="3" hai0="30,38,96,53,83,124,23,63,37,117,7,22,127" hai1="67,78,102,129,43,106,1,112,120,31,76,19,119" hai2="126,98,74,44,27,84,15,93,75,91,80,130,99" hai3="118,29,132,3,77,34,10,59,50,123,16,18,13"/><W72/><G123/><T2/><D117/><U24/><E19/><V21/><F126/><N who="0" m="48170" /><D96/><U35/><E112/><V32/><F32/><W94/><G132/><T46/><D83/><U51/><E120/><V108/><F108/><W90/><G118/><T36/><D30/><U133/><E1/><V0/><F0/><W68/><G68/><T87/><D87/><U42/><E67/><V62/><F99/><W69/><G69/><T11/><D63/><U113/><E51/><AGARI ba="0,0" hai="2,7,11,22,23,36,37,38,46,51,53" m="48170" machi="51" ten="40,1300,0" yaku="18,1" doraHai="125" who="0" fromWho="1" sc="127,13,227,-13,560,0,86,0" /><INIT seed="4,0,0,1,2,1" ten="140,214,560,86" oya="0" hai0="128,65,67,90,117,105,28,97,73,68,104,130,99" hai1="51,109,123,53,48,89,72,120,115,100,118,111,17" hai2="82,64,26,35,101,45,33,107,41,55,62,87,58" hai3="112,66,119,19,14,60,39,70,6,8,86,46,59"/><T15/><D73/><U34/><E100/><V61/><F26/><W92/><G112/><T91/><D15/><U110/><E34/><V103/><F107/><W5/><G119/><T132/><D28/><U3/><E3/><V93/><F93/><W95/><G70/><T32/><D132/><U75/><E89/><V57/><F57/><W69/><G69/><T98/><D68/><U9/><E17/><V80/><F80/><W20/><G39/><T133/><D133/><U16/><E16/><V81/><F81/><W85/><G46/><T49/><D49/><N who="1" m="19019" /><E53/><V84/><F35/><W78/><G8/><T2/><D32/><U47/><E9/><V40/><F33/><W76/><G92/><T74/><D2/><U125/><E47/><V27/><F45/><W106/><G106/><N who="0" m="41067" /><D74/><N who="1" m="28203" /><E125/><V122/><F103/><W25/><G14/><T135/><D135/><U50/><N who="1" m="19027" /><U29/><DORA hai="10" /><E29/><V4/><F101/><W18/><G19/><T44/><D44/><U12/><E12/><V22/><F4/><N who="3" m="1643" /><G95/><T52/><D117/><U108/><E118/><V21/><F21/><W126/><G126/><T13/><D91/><U127/><E127/><V77/><F22/><W0/><G0/><T42/><D90/><U11/><E11/><V54/><F84/><AGARI ba="0,0" hai="18,20,25,59,60,66,76,78,84,85,86" m="1643" machi="84" ten="30,7700,0" yaku="8,1,52,3" doraHai="1,10" who="3" fromWho="2" sc="140,0,214,0,560,-77,86,77" /><INIT seed="5,0,0,3,2,110" ten="140,214,483,163" oya="1" hai0="3,102,63,86,112,1,134,40,27,7,125,38,85" hai1="119,8,75,26,128,135,19,83,93,31,68,105,42" hai2="57,84,76,65,109,73,37,70,92,88,96,69,129" hai3="9,52,28,50,126,77,20,124,79,94,120,59,103"/><U41/><E119/><V23/><F37/><W80/><G120/><T58/><D125/><N who="3" m="48233" /><G9/><T133/><D102/><U101/><E105/><V30/><F109/><W2/><G2/><T55/><D27/><U6/><E68/><V78/><F73/><W61/><G80/><T81/><D86/><U4/><E128/><V116/><F116/><W114/><G114/><T0/><D7/><U131/><E6/><V43/><F43/><W25/><G103/><T29/><D29/><U36/><E36/><V11/><F11/><W130/><G94/><T48/><D38/><U115/><E115/><V95/><F129/><W53/><G130/><T72/><D72/><U87/><E75/><V56/><F70/><W90/><G90/><T106/><D106/><U66/><E19/><V10/><F10/><W33/><G33/><T22/><D22/><U51/><E131/><V45/><F45/><AGARI ba="0,0" hai="20,25,28,45,50,52,53,59,61,77,79" m="48233" machi="45" ten="30,2000,0" yaku="18,1,54,1" doraHai="110" who="3" fromWho="2" sc="140,0,214,0,483,-20,163,20" /><INIT seed="6,0,0,2,0,93" ten="140,214,463,183" oya="2" hai0="66,30,102,65,24,60,23,12,121,64,20,92,52" hai1="2,57,83,96,26,109,21,51,35,127,99,134,58" hai2="132,3,79,126,122,43,28,73,69,34,11,98,38" hai3="0,76,29,113,15,71,40,74,77,19,63,111,123"/><V54/><F54/><W16/><G111/><T10/><D121/><U31/><E2/><V78/><F78/><W80/><G0/><T81/><D81/><U48/><E109/><V103/><F69/><W100/><G29/><T87/><D23/><U115/><E115/><V101/><F101/><W6/><G113/><T37/><D37/><U104/><E104/><N who="2" m="63607" /><F126/><W112/><G112/><T22/><D22/><U84/><E134/><V36/><F43/><W53/><G40/><T135/><D135/><U116/><E35/><V107/><F107/><W85/><G100/><T59/><D102/><U25/><E25/><N who="2" m="18703" /><F122/><W67/><G53/><T61/><D61/><U14/><E14/><V7/><F132/><W1/><G76/><T95/><REACH who="0" step="1"/><D87/><REACH who="0" ten="130,214,463,183" step="2"/><U50/><E127/><V18/><F18/><AGARI ba="0,1" hai="10,12,18,20,24,30,52,59,60,64,65,66,92,95" machi="18" ten="40,8000,1" yaku="1,1,2,1,8,1,54,1,53,1" doraHai="93" doraHaiUra="5" who="0" fromWho="2" sc="130,90,214,0,463,-80,183,0" /><INIT seed="7,0,0,3,3,60" ten="220,214,383,183" oya="3" hai0="87,54,34,112,25,75,49,0,10,134,9,55,80" hai1="126,45,101,71,51,109,116,57,61,5,30,130,79" hai2="68,78,27,111,62,94,26,117,1,92,38,43,28" hai3="24,135,8,95,7,96,59,124,33,123,42,125,105"/><W86/><G123/><T14/><D134/><U35/><E109/><V44/><F111/><W15/><G135/><T13/><D75/><U129/><E71/><V106/><F1/><W114/><G114/><T110/><D110/><U83/><E126/><N who="3" m="48746" /><G42/><T70/><D70/><U64/><E101/><V108/><F108/><W122/><G122/><T102/><D102/><U66/><E116/><V127/><F117/><W133/><G133/><T4/><D112/><U76/><E5/><V97/><F78/><W3/><G105/><T39/><D39/><U48/><E48/><V69/><F26/><W115/><G115/><T88/><D49/><U103/><E103/><N who="2" m="62831" /><F69/><W107/><G107/><T120/><D120/><U67/><E79/><V46/><F46/><W73/><G73/><T50/><D50/><U98/><E98/><V131/><F127/><W12/><G86/><T104/><D104/><U2/><E2/><V63/><F63/><W22/><G59/><T100/><D100/><U17/><E17/><V132/><F132/><W19/><G33/><T85/><D85/><U41/><E35/><N who="2" m="20895" /><F131/><N who="1" m="50185" /><E30/><V16/><F16/><W119/><G119/><T53/><D34/><U52/><E41/><V84/><F84/><AGARI ba="0,0" hai="45,51,52,57,61,64,66,67,76,83,84" m="50185" machi="84" ten="30,8000,1" yaku="19,1,52,3,54,1" doraHai="60" who="1" fromWho="2" sc="220,0,214,80,383,-80,183,0" owari="220,-18.0,294,9.4,303,40.3,183,-31.7" /></mjloggm>