<mjloggm ver="2.3"><GO type="169" lobby="0"/><UN n0="%43%52%41%5A%59%42%45%45" n1="%E8%B1%86%E3%83%80%E3%83%9E%E8%AD%A6%E5%AF%9F" n2="%E6%B2%B3%E7%AB%A5%E3%81%AE%E3%83%AF%E3%82%AB%E3%83%9E%E3%83%84" n3="%48%79" dan="19,17,19,16" rate="2272.40,2156.21,2326.32,2123.68" sx="F,M,M,F"/><TAIKYOKU oya="0"/><INIT seed="0,0,0,1,1,7" ten="250,250,250,250" oya="0" hai0="112,26,31,80,115,44,108,81,25,24,28,105,88" hai1="110,82,65,90,43,67,87,101,9,131,78,62,3" hai2="29,49,86,134,118,79,83,85,42,129,100,106,130" hai3="98,126,93,66,135,27,36,114,12,21,125,92,113"/><T133/><D105/><U96/><E110/><V97/><F29/><W14/><G36/><T99/><D108/><U94/><E131/><N who="2" m="50187" /><F49/><W35/><G35/><T32/><D133/><U132/><E132/><V123/><F42/><W11/><G66/><T13/><D44/><U33/><E33/><V39/><F39/><W37/><G37/><T68/><D68/><U120/><E120/><V109/><F109/><W54/><G135/><T53/><D53/><U47/><E3/><V16/><F134/><W22/><G54/><T8/><D112/><U48/><E9/><V4/><F4/><W0/><G98/><T58/><D58/><N who="1" m="37079" /><E67/><V46/><F46/><W56/><G27/><T15/><D15/><U1/><E1/><V23/><F123/><W117/><G0/><T77/><D115/><U57/><E57/><V76/><F118/><W103/><G56/><T55/><D55/><U121/><E121/><V74/><F79/><AGARI ba="0,0" hai="43,47,48,78,79,82,87,90,94,96,101" m="37079" machi="79" ten="30,1000,0" yaku="8,1" doraHai="7" who="1" fromWho="2" sc="250,0,250,10,250,-10,250,0" /><INIT seed="1,0,0,5,1,22" ten="250,260,240,250" oya="1" hai0="102,94,101,110,33,17,131,83,24,43,32,64,27" hai1="88,106,74,67,3,113,50,40,52,1,5,62,95" hai2="56,26,60,68,124,34,10,86,123,109,30,120,134" hai3="103,48,4,69,15,128,8,121,84,9,58,127,16"/><U19/><E113/><V107/><F109/><W41/><G69/><T89/><D110/><U29/><E106/><V0/><F134/><W82/><G127/><T125/><D125/><U115/><E115/><V87/><F124/><W75/><G75/><T45/><D131/><U92/><E74/><V25/><F107/><W130/><G121/><T99/><D64/><U91/><E40/><V18/><F68/><W57/><G103/><T76/><D32/><U28/><E5/><V11/><F0/><W70/><G70/><T51/><D33/><U80/><E80/><V79/><F79/><W111/><G111/><T73/><REACH who="0" step="1"/><D17/><REACH who="0" ten="240,260,240,250" step="2"/><U65/><E19/><V116/><F18/><W38/><G130/><T72/><D72/><U63/><E50/><V100/><F34/><W78/><G128/><T12/><D12/><U66/><E66/><V117/><F120/><W71/><G38/><T122/><D122/><U53/><AGARI ba="0,1" hai="1,3,28,29,52,53,62,63,65,67,88,91,92,95" machi="53" ten="25,12000,1" yaku="0,1,22,2,54,2" doraHai="22" who="1" fromWho="1" sc="240,-40,260,130,240,-40,250,-40" /><INIT seed="1,1,0,1,1,30" ten="200,390,200,210" oya="1" hai0="41,69,104,117,24,127,6,33,56,35,26,77,46" hai1="132,15,8,75,123,17,96,42,121,53,67,28,116" hai2="86,61,5,106,57,131,2,126,62,83,105,34,87" hai3="3,76,18,107,74,129,0,81,70,37,14,73,113"/><U40/><E116/><V94/><F131/><W115/><G129/><T124/><D117/><U44/><E75/><V31/><F126/><N who="0" m="48170" /><D69/><U85/><E132/><V97/><F5/><W101/><G70/><T103/><D77/><U9/><E67/><V82/><F2/><W102/><G73/><T135/><D135/><U120/><E96/><V12/><F12/><W58/><G37/><N who="0" m="21807" /><D6/><U114/><E114/><V54/><F94/><W90/><G0/><T84/><D84/><U112/><E112/><V39/><F39/><W49/><G3/><T23/><D56/><U72/><E72/><V109/><F57/><W21/><G102/><T32/><D23/><U19/><E85/><V10/><F10/><W133/><G133/><T47/><D47/><U45/><E123/><V118/><F118/><W43/><G43/><T36/><D36/><U11/><E11/><V71/><F71/><W119/><G119/><T78/><D78/><U7/><E7/><V63/><F86/><W98/><REACH who="3" step="1"/><G90/><REACH who="3" ten="200,390,200,200" step="2"/><T80/><D80/><U92/><E42/><V108/><F83/><W134/><G134/><T16/><D16/><U88/><E40/><V99/><F82/><W59/><G59/><T68/><D68/><U60/><E88/><V38/><F38/><W122/><G122/><T125/><D125/><U130/><E19/><V100/><F100/><W1/><G1/><T51/><D51/><U89/><E17/><V111/><F109/><W66/><G66/><T25/><D103/><U13/><E121/><V29/><F108/><W110/><G110/><T64/><D64/><U20/><E120/><RYUUKYOKU ba="1,1" sc="200,15,390,-15,200,-15,200,15" hai0="24,25,26,32,33,35,104" hai3="14,18,21,49,58,74,76,81,98,101,107,113,115" /><INIT seed="2,2,1,3,0,129" ten="215,375,185,215" oya="2" hai0="21,68,105,30,80,39,3,65,76,92,49,12,33" hai1="66,31,42,7,88,75,44,51,72,37,77,71,82" hai2="126,78,110,103,10,67,1,60,83,62,124,8,127" hai3="98,2,87,97,109,112,117,81,106,134,47,107,79"/><V115/><F115/><W111/><G2/><T54/><D3/><U61/><E31/><V90/><F103/><W125/><G47/><T53/><D105/><N who="3" m="39945" /><G117/><T20/><D39/><U114/><E114/><V17/><F110/><N who="3" m="41995" /><G112/><T25/><D54/><U96/><E7/><N who="2" m="1135" /><F90/><W36/><G36/><T122/><D122/><U95/><REACH who="1" step="1"/><E37/><REACH who="1" ten="215,365,185,215" step="2"/><V24/><F126/><W38/><G38/><T43/><D30/><U27/><E27/><V121/><F121/><W86/><G125/><T45/><D25/><U23/><E23/><V50/><F127/><W14/><G14/><T135/><D12/><U94/><E94/><V102/><F124/><W93/><G134/><T56/><D135/><U84/><AGARI ba="2,2" hai="42,44,51,61,66,71,72,75,77,82,84,88,95,96" machi="84" ten="20,8000,1" yaku="1,1,0,1,7,1,54,1,53,1" doraHai="129" doraHaiUra="46" who="1" fromWho="1" sc="215,-22,365,106,185,-42,215,-22" /><INIT seed="3,0,0,0,3,11" ten="193,471,143,193" oya="3" hai0="90,80,37,22,83,16,124,89,39,30,95,25,79" hai1="110,98,15,119,24,54,120,113,103,28,12,125,97" hai2="53,102,69,27,63,62,35,86,34,130,94,91,13" hai3="73,59,20,43,41,68,133,60,1,76,129,67,115"/><W101/><G115/><T47/><D124/><U5/><E113/><V0/><F0/><W75/><G133/><T71/><D71/><U50/><E120/><V52/><F130/><W61/><G129/><T85/><D47/><U108/><E125/><V14/><F69/><W6/><G101/><T117/><D117/><U49/><E5/><V111/><F111/><N who="1" m="42537" /><E119/><V106/><F106/><W105/><G105/><T17/><D39/><U121/><E121/><V134/><F134/><W122/><G122/><T82/><D37/><U116/><E116/><V72/><F72/><W100/><G100/><T57/><D79/><U132/><E132/><V42/><F102/><W135/><G135/><T23/><D57/><N who="1" m="32975" /><E50/><V128/><F42/><W2/><G2/><T93/><REACH who="0" step="1"/><D23/><REACH who="0" ten="183,471,143,193" step="2"/><N who="1" m="15391" /><E98/><AGARI ba="0,1" hai="16,17,22,25,30,80,82,83,85,89,90,93,95,98" machi="98" ten="40,5200,0" yaku="1,1,8,1,54,1,53,0" doraHai="11" doraHaiUra="38" who="0" fromWho="1" sc="183,62,471,-52,143,0,193,0" /><INIT seed="4,0,0,3,5,3" ten="245,419,143,193" oya="0" hai0="68,76,131,84,0,74,40,42,119,132,57,27,85" hai1="66,83,89,7,72,17,81,53,116,75,9,112,77" hai2="36,104,71,133,22,35,51,49,48,26,135,88,44" hai3="31,2,25,120,59,56,73,15,113,115,37,4,55"/><T63/><D119/><U122/><E122/><V33/><F104/><W38/><G73/><T100/><D68/><U29/><E116/><V60/><F22/><W45/><G2/><T86/><D132/><N who="2" m="50762" /><F26/><W110/><G110/><T1/><D1/><U5/><E66/><N who="2" m="41415" /><F88/><W111/><G111/><T134/><D134/><U67/><E67/><V34/><F36/><W105/><G105/><T125/><D0/><U32/><E112/><V62/><F62/><W61/><G120/><T127/><D100/><U123/><E123/><V58/><F58/><W94/><G59/><T30/><D57/><U121/><E121/><V43/><AGARI ba="0,0" hai="33,34,35,43,44,48,49,51" m="41415,50762" machi="43" ten="40,1500,0" yaku="20,1" doraHai="3" who="2" fromWho="2" sc="245,-7,419,-4,143,15,193,-4" /><INIT seed="5,0,0,1,3,80" ten="238,415,158,189" oya="1" hai0="49,129,15,78,48,124,32,61,117,105,12,35,54" hai1="46,130,31,25,111,95,113,63,93,69,131,0,52" hai2="18,92,7,44,21,36,64,88,42,62,96,109,45" hai3="28,40,51,115,82,17,34,116,22,110,38,47,41"/><U6/><E113/><V57/><F7/><W4/><G115/><T100/><D117/><U55/><E6/><V19/><F109/><W106/><G110/><T76/><D61/><U121/><E0/><V83/><F21/><W9/><G106/><T132/><D54/><N who="1" m="20523" /><E46/><V50/><REACH who="2" step="1"/><F83/><REACH who="2" ten="238,415,148,189" step="2"/><W39/><G22/><T104/><D35/><U85/><E111/><V37/><F37/><W8/><G4/><T102/><D32/><U135/><E121/><V73/><F73/><W94/><G34/><T1/><D1/><U98/><E135/><V10/><F10/><W67/><G8/><T126/><D132/><U16/><E130/><AGARI ba="0,1" hai="12,15,48,49,76,78,100,102,104,105,124,126,129,130" machi="130" ten="25,1600,0" yaku="22,2" doraHai="80" who="0" fromWho="1" sc="238,26,415,-16,148,0,189,0" /><INIT seed="6,0,0,2,3,15" ten="264,399,148,189" oya="2" hai0="117,67,34,33,18,106,10,9,58,109,29,121,53" hai1="104,89,103,71,23,133,25,135,130,37,8,22,27" hai2="108,131,66,6,51,5,31,88,77,14,80,48,134" hai3="86,99,84,38,132,97,16,13,79,110,114,116,96"/><V12/><F131/><W75/><G116/><T82/><D121/><U101/><E37/><V127/><F134/><W45/><G110/><T47/><D109/><U102/><E71/><V52/><F108/><W112/><G132/><T129/><D106/><U28/><E104/><V64/><F31/><W85/><G38/><T30/><D129/><U36/><E36/><V40/><F127/><W123/><G123/><T126/><D126/><U50/><E130/><V65/><F40/><W105/><G45/><T1/><D1/><U19/><E89/><V125/><F125/><W72/><G105/><T44/><D58/><U120/><E120/><V122/><F122/><W128/><G128/><T93/><D93/><U61/><E61/><V39/><F39/><W87/><N who="3" m="21504" /><DORA hai="7" /><W21/><REACH who="3" step="1"/><G79/><REACH who="3" ten="264,399,148,179" step="2"/><T59/><D47/><U70/><E133/><V4/><F88/><W56/><G56/><T63/><D59/><U69/><E69/><V124/><F124/><W83/><G83/><T111/><D44/><U78/><E70/><V24/><F80/><W100/><G100/><T98/><D117/><U55/><E78/><V3/><F77/><W49/><G49/><N who="2" m="19017" /><F3/><W2/><G2/><T74/><D82/><U46/><E135/><V119/><F119/><W73/><AGARI ba="0,1" hai="13,16,21,72,73,75,96,97,99,112,114" m="21504" machi="73" ten="60,12000,2" yaku="1,1,0,1,29,2,52,1,54,1,53,0" doraHai="15,7" doraHaiUra="42,54" who="3" fromWho="3" sc="264,-30,399,-30,148,-60,179,130" /><INIT seed="7,0,0,5,5,86" ten="234,369,88,309" oya="3" hai0="54,111,117,112,16,29,8,27,129,76,106,26,108" hai1="51,13,135,46,79,122,121,120,70,96,128,107,87" hai2="28,47,57,20,36,93,85,21,44,34,67,116,35" hai3="23,104,31,41,33,32,99,25,2,0,15,19,125"/><W69/><G69/><T24/><D106/><U53/><E70/><V103/><F116/><W40/><G125/><T94/><D117/><U17/><E135/><V132/><F132/><W68/><G68/><T42/><D42/><U18/><E128/><V5/><F5/><W49/><G33/><T63/><D129/><U78/><E87/><V131/><F131/><W61/><G61/><T95/><D76/><U134/><E134/><V109/><F109/><W101/><REACH who="3" step="1"/><G49/><REACH who="3" ten="234,369,88,299" step="2"/><T39/><D63/><U65/><E65/><V71/><F71/><W97/><G97/><T38/><D108/><U37/><E37/><V115/><F36/><W126/><G126/><T3/><D111/><U77/><E96/><V58/><F67/><W82/><G82/><T92/><D39/><U50/><E50/><V1/><F85/><W84/><G84/><T72/><D38/><U60/><E60/><V113/><F93/><W43/><AGARI ba="0,1" hai="0,2,15,19,23,25,31,32,40,41,43,99,101,104" machi="43" ten="30,6000,0" yaku="1,1,0,1,53,1" doraHai="86" doraHaiUra="98" who="3" fromWho="3" sc="234,-20,369,-20,88,-20,299,70" owari="214,-18.6,349,14.9,68,-43.2,369,46.9" /></mjloggm>