<mjloggm ver="2.3"><GO type="169" lobby="0"/><UN n0="%52%59%4F%40%53%53" n1="%41%4C%50%45%52%49%4E" n2="%E4%BE%8D" n3="%50%73%79%63%68%65" dan="17,16,18,16" rate="2183.62,2118.47,2286.30,2115.59" sx="M,M,M,M"/><TAIKYOKU oya="0"/><INIT seed="0,0,0,3,5,4" ten="250,250,250,250" oya="0" hai0="55,60,69,54,1,111,32,104,80,11,82,97,10" hai1="20,65,79,108,34,42,45,133,78,74,83,0,75" hai2="58,46,8,115,101,120,85,117,131,19,63,77,71" hai3="14,22,52,33,38,134,124,128,119,51,5,48,30"/><T37/><D37/><U105/><E20/><V109/><F115/><W118/><G38/><T84/><D32/><U23/><E23/><V62/><F120/><W81/><G134/><T47/><D1/><U125/><E108/><V102/><F109/><W130/><G51/><N who="0" m="29055" /><D69/><U39/><E133/><V43/><F71/><W50/><G50/><T121/><D104/><U72/><E125/><V24/><F131/><N who="3" m="50219" /><G124/><T56/><D121/><U27/><E65/><V123/><F123/><W59/><G33/><T73/><D73/><U127/><E127/><V66/><F62/><W29/><G81/><N who="0" m="31339" /><D111/><U64/><E64/><V21/><F117/><N who="3" m="44555" /><G22/><T53/><D84/><U26/><E79/><V18/><F85/><W2/><G2/><T86/><D86/><U126/><E126/><V25/><F77/><W67/><G67/><N who="0" m="39303" /><D97/><U49/><E0/><V116/><F116/><W28/><G28/><T135/><D135/><U70/><E70/><V107/><F107/><W110/><G110/><T61/><D55/><U129/><E129/><V89/><F24/><W100/><G100/><T12/><D12/><U13/><E13/><N who="2" m="7463" /><F89/><W36/><G36/><T17/><D17/><U15/><E39/><V9/><F102/><W114/><G114/><T93/><D93/><U7/><E105/><V88/><F101/><W87/><G87/><T40/><D40/><U90/><E34/><V113/><F113/><W98/><G98/><T112/><D112/><U95/><E74/><V106/><F106/><W76/><G76/><T68/><D68/><U92/><E75/><V44/><F43/><W132/><G132/><RYUUKYOKU ba="0,0" sc="250,15,250,-15,250,-15,250,15" hai0="10,11,53,61" hai3="5,14,29,30,48,52,59" /><INIT seed="0,1,0,1,0,114" ten="265,235,235,265" oya="0" hai0="48,86,43,21,4,58,97,17,62,125,108,9,84" hai1="39,23,111,7,113,67,135,69,12,76,37,130,41" hai2="104,107,99,91,98,25,77,73,33,88,54,46,128" hai3="72,59,30,2,47,94,40,105,11,93,81,63,80"/><T52/><D125/><U0/><E113/><V28/><F54/><W64/><G105/><N who="2" m="40521" /><F46/><W132/><G132/><T18/><D97/><N who="2" m="36874" /><F25/><W116/><G30/><T16/><D108/><U119/><E0/><V68/><F28/><W1/><G1/><T127/><D127/><U55/><E135/><V49/><F49/><W45/><G45/><N who="0" m="25663" /><D21/><U85/><E55/><V134/><F68/><W110/><G110/><T117/><D117/><U53/><E119/><V96/><F33/><W102/><G116/><T87/><D4/><U122/><E53/><V71/><F71/><W22/><G22/><T101/><D101/><U60/><E111/><V118/><F118/><W61/><G102/><T3/><D3/><U65/><E65/><V13/><F13/><AGARI ba="1,0" hai="9,13,16,17,18,52,58,62,84,86,87" m="25663" machi="13" ten="30,5800,0" yaku="8,1,54,2" doraHai="114" who="0" fromWho="2" sc="265,61,235,0,235,-61,265,0" /><INIT seed="0,2,0,5,1,60" ten="326,235,174,265" oya="0" hai0="58,42,79,91,17,68,3,47,62,36,54,87,90" hai1="53,113,15,31,64,104,122,52,135,93,133,112,46" hai2="88,35,14,131,45,80,83,19,121,101,11,25,105" hai3="109,99,10,73,108,78,18,70,28,23,76,20,74"/><T119/><D119/><U123/><E104/><V132/><F121/><N who="1" m="46089" /><E93/><V77/><F131/><W102/><G70/><T56/><D3/><U86/><E86/><V126/><F126/><W12/><G78/><T128/><D128/><U32/><E15/><V71/><F132/><N who="1" m="50761" /><E31/><V94/><F71/><W6/><G28/><T89/><D79/><U72/><E32/><V134/><F134/><W27/><G23/><T49/><D17/><U50/><E72/><V110/><F110/><N who="3" m="42603" /><G76/><T38/><D38/><U82/><E82/><V55/><F101/><W96/><G96/><T7/><D7/><U40/><E64/><V43/><F105/><AGARI ba="2,0" hai="6,10,12,18,20,27,73,74,99,102,105" m="42603" machi="105" ten="30,1000,0" yaku="14,1" doraHai="60" who="3" fromWho="2" sc="326,0,235,0,174,-16,265,16" /><INIT seed="1,0,0,3,3,35" ten="326,235,158,281" oya="1" hai0="94,17,127,16,61,105,78,44,104,19,86,3,31" hai1="126,71,124,83,70,10,115,110,23,57,62,91,39" hai2="102,89,14,46,52,15,122,117,134,132,103,85,64" hai3="120,29,37,87,130,25,2,123,32,80,55,125,108"/><U72/><E115/><V9/><F64/><W113/><G37/><T63/><D127/><N who="1" m="48683" /><E39/><V18/><F117/><W13/><G125/><T106/><D31/><U131/><E131/><V1/><F122/><W20/><G113/><T69/><D69/><U51/><E51/><N who="2" m="28791" /><F1/><W28/><G130/><T41/><D3/><U34/><E34/><V58/><F58/><W53/><G108/><T33/><D33/><U7/><E23/><V111/><F111/><W66/><G66/><T48/><REACH who="0" step="1"/><D94/><REACH who="0" ten="316,235,158,281" step="2"/><U79/><E110/><V121/><F121/><W119/><G29/><T56/><D56/><U97/><E57/><V73/><F73/><W11/><G123/><T50/><D50/><U26/><E62/><V128/><F128/><W99/><G120/><T4/><D4/><U5/><E5/><N who="2" m="3375" /><F134/><W77/><G32/><T74/><D74/><U8/><E71/><V112/><F132/><W95/><G2/><T22/><D22/><U107/><E70/><V60/><F60/><W65/><G119/><T30/><D30/><U81/><E7/><V0/><F0/><W75/><G75/><T40/><D40/><U24/><E107/><V88/><F112/><W114/><G114/><T27/><D27/><N who="1" m="10283" /><E81/><AGARI ba="0,1" hai="16,17,19,41,44,48,61,63,78,81,86,104,105,106" machi="81" ten="50,3200,0" yaku="1,1,54,1,53,0" doraHai="35" doraHaiUra="118" who="0" fromWho="1" sc="316,42,235,-32,158,0,281,0" /><INIT seed="2,0,0,3,1,98" ten="358,203,158,281" oya="2" hai0="55,29,88,85,80,89,57,93,44,12,92,18,131" hai1="76,10,31,108,102,117,84,36,61,134,43,54,68" hai2="42,2,26,130,63,14,72,40,135,50,39,103,116" hai3="96,66,118,17,38,125,82,120,123,4,114,15,23"/><V99/><F116/><W132/><G118/><T47/><D131/><U51/><E117/><V0/><F72/><W30/><G38/><T13/><D29/><U28/><E108/><V64/><F130/><W119/><G119/><T104/><D104/><U9/><E134/><V3/><F135/><W11/><G132/><T115/><D115/><U49/><E36/><V59/><F39/><W21/><G66/><T37/><D12/><U69/><E76/><V32/><F14/><W81/><G114/><T7/><D7/><U6/><E84/><V20/><F32/><W65/><G65/><T24/><D24/><U45/><E9/><V111/><F50/><W100/><G125/><T8/><D80/><U67/><E69/><V97/><F97/><W35/><G23/><T56/><D56/><U34/><E34/><V33/><F33/><W70/><G70/><T79/><D79/><U41/><E102/><V113/><F113/><W83/><G30/><T101/><D101/><U128/><E128/><V110/><F42/><W91/><G91/><T58/><D58/><U75/><E75/><V87/><F87/><W133/><G35/><T86/><D37/><U129/><E129/><V74/><F40/><N who="1" m="15433" /><E51/><AGARI ba="0,0" hai="8,13,18,44,47,51,55,57,85,86,88,89,92,93" machi="51" ten="30,7700,0" yaku="7,1,9,1,8,1,54,1" doraHai="98" who="0" fromWho="1" sc="358,77,203,-77,158,0,281,0" /><INIT seed="3,0,0,1,4,120" ten="435,126,158,281" oya="3" hai0="102,3,52,91,60,105,2,78,36,39,57,68,42" hai1="30,67,54,124,87,94,112,27,58,115,118,99,10" hai2="125,126,19,129,63,88,90,98,84,77,37,74,96" hai3="28,110,44,93,12,33,130,4,134,107,132,73,75"/><W101/><G107/><T117/><D117/><U100/><E124/><N who="2" m="47723" /><F37/><W59/><G44/><T26/><D78/><U38/><E38/><V31/><F63/><W119/><G119/><T50/><D39/><U29/><E118/><V135/><F19/><W85/><G59/><T8/><D26/><U127/><E127/><V16/><F31/><W21/><G33/><T65/><D91/><N who="2" m="34858" /><F135/><W35/><G35/><T18/><D102/><U92/><E67/><V43/><F43/><W15/><G28/><T108/><D105/><U61/><E29/><V14/><F74/><W128/><G75/><T11/><D11/><U0/><E0/><V71/><F71/><W80/><G73/><T66/><D66/><U9/><E115/><V45/><F45/><W6/><G134/><T69/><D69/><U86/><E112/><V25/><F25/><W116/><G116/><T53/><D53/><U56/><E56/><V131/><F84/><W22/><G85/><T62/><D62/><U20/><E86/><V113/><F77/><W48/><G132/><T97/><D3/><U121/><E87/><V24/><F24/><W70/><G70/><T123/><D42/><U103/><REACH who="1" step="1"/><E121/><REACH who="1" ten="435,116,158,281" step="2"/><V81/><F81/><W64/><G80/><T83/><D123/><U40/><E40/><V34/><F113/><W46/><G64/><T106/><D83/><U49/><E49/><V95/><F131/><W122/><G122/><T47/><D36/><U109/><E109/><V89/><F129/><W104/><G130/><T133/><D2/><U82/><E82/><V114/><F114/><W72/><G128/><RYUUKYOKU ba="0,1" sc="435,-10,116,30,158,-10,281,-10" hai1="9,10,20,27,30,54,58,61,92,94,99,100,103" /><INIT seed="4,1,1,2,1,26" ten="425,146,148,271" oya="0" hai0="114,13,110,57,52,129,1,73,104,35,63,131,25" hai1="15,43,113,36,132,9,39,24,124,68,37,105,101" hai2="41,61,80,44,62,89,30,31,29,94,90,77,133" hai3="85,115,4,14,11,97,106,135,81,28,12,33,108"/><T6/><D104/><U53/><E124/><V65/><F133/><W66/><G108/><T125/><D73/><U88/><E132/><V48/><F94/><W64/><G135/><T45/><D125/><U59/><E68/><V128/><F128/><W120/><G115/><T86/><D114/><U42/><E113/><V126/><F126/><W121/><G14/><T8/><D110/><U27/><E101/><V49/><F49/><W5/><G5/><T54/><D86/><U123/><E105/><V74/><REACH who="2" step="1"/><F61/><REACH who="2" ten="425,146,138,271" step="2"/><W117/><G106/><T10/><D131/><U102/><E39/><V100/><F100/><W112/><G112/><T67/><D129/><U2/><E37/><V79/><F79/><W0/><G121/><T103/><D103/><U47/><E102/><V134/><F134/><W70/><G120/><T84/><D63/><U50/><E123/><V98/><F98/><W23/><G97/><T82/><D82/><U95/><E43/><V22/><F22/><W21/><G21/><T20/><D20/><U119/><E119/><V38/><F38/><W91/><G117/><T107/><D107/><U109/><E109/><V116/><F116/><W111/><G111/><T127/><D127/><U118/><E118/><V75/><F75/><W92/><G81/><T69/><D84/><U58/><E36/><V56/><AGARI ba="1,2" hai="29,30,31,41,44,48,56,62,65,74,77,80,89,90" machi="56" ten="30,8000,1" yaku="1,1,0,1,52,3,53,0" doraHai="26" doraHaiUra="17" who="2" fromWho="2" sc="425,-41,146,-21,138,103,271,-21" /><INIT seed="5,0,0,1,2,71" ten="384,125,241,250" oya="1" hai0="52,41,93,3,83,74,51,130,117,13,88,28,31" hai1="128,21,14,131,67,24,60,105,15,29,119,94,38" hai2="56,39,89,34,133,114,97,33,27,55,11,1,45" hai3="129,101,112,106,32,76,42,50,22,108,47,103,65"/><U0/><E0/><V61/><F133/><W113/><G32/><T23/><D117/><U5/><E105/><V66/><F114/><N who="3" m="44139" /><G108/><T92/><D3/><U44/><E119/><V7/><F27/><W49/><G129/><N who="1" m="49738" /><E94/><N who="0" m="36457" /><D41/><N who="1" m="22583" /><E5/><V69/><F89/><W57/><G76/><T64/><D64/><U48/><E48/><N who="2" m="30823" /><F97/><W80/><G80/><T8/><D23/><U124/><E124/><V37/><F37/><W40/><G106/><T120/><D74/><U68/><AGARI ba="0,0" hai="14,15,21,24,29,60,67,68" m="22583,49738" machi="68" ten="30,3000,0" yaku="19,1,52,1" doraHai="71" who="1" fromWho="1" sc="384,-10,125,30,241,-10,250,-10" /><INIT seed="5,1,0,5,2,60" ten="374,155,231,240" oya="1" hai0="130,92,104,31,0,55,83,132,5,43,76,119,129" hai1="7,38,23,48,30,18,91,120,128,108,69,101,133" hai2="82,26,95,66,28,121,11,74,102,32,107,113,16" hai3="89,127,73,98,54,85,8,64,61,58,4,34,63"/><U17/><E120/><V37/><F121/><W80/><G34/><T75/><D104/><U47/><E38/><V126/><F37/><W22/><G127/><T35/><D119/><U24/><E128/><N who="0" m="49257" /><D55/><U70/><E133/><V90/><F126/><W51/><G73/><T99/><D43/><U39/><E39/><V105/><F113/><W52/><G22/><T135/><D5/><U84/><E108/><V72/><F102/><W112/><G112/><T86/><D0/><U93/><E7/><V116/><F116/><W94/><G54/><T3/><D3/><U88/><E101/><V134/><F134/><N who="0" m="51242" /><D31/><U12/><E91/><V21/><F107/><W96/><G63/><T44/><D44/><U10/><REACH who="1" step="1"/><E30/><REACH who="1" ten="374,145,231,240" step="2"/><V15/><F90/><W77/><G4/><T56/><D76/><U97/><E97/><V13/><F28/><W81/><G98/><T114/><D99/><U19/><E19/><V29/><F16/><W42/><G96/><T68/><D114/><U2/><E2/><V25/><F105/><W111/><G77/><T46/><D75/><U6/><E6/><V79/><F74/><W1/><G111/><T53/><D86/><U33/><E33/><V50/><F32/><W65/><G1/><T36/><D36/><U57/><E57/><V87/><F87/><W115/><G115/><T122/><D35/><U67/><E67/><V106/><F106/><W125/><G65/><T103/><D103/><U109/><E109/><V71/><F79/><W62/><G64/><T124/><D122/><U27/><E27/><V118/><F72/><W110/><G110/><RYUUKYOKU ba="1,1" sc="374,-10,145,30,231,-10,240,-10" hai1="10,12,17,18,23,24,47,48,69,70,84,88,93" /><INIT seed="5,2,1,3,3,130" ten="364,175,221,230" oya="1" hai0="16,68,51,56,66,64,91,96,80,102,65,117,98" hai1="84,55,19,90,22,108,74,62,30,73,33,15,122" hai2="112,18,126,81,89,77,9,115,3,29,129,57,101" hai3="123,76,116,42,59,114,1,124,87,50,133,54,110"/><U20/><E122/><V46/><F129/><W0/><G110/><T69/><D117/><U41/><E33/><V31/><F101/><W36/><G116/><T113/><D113/><N who="2" m="43594" /><F126/><W71/><G114/><T134/><D134/><U52/><E108/><V49/><F57/><W61/><G133/><T12/><D69/><U38/><E38/><V43/><F89/><W75/><G75/><T135/><D68/><U104/><E104/><V13/><F3/><W106/><G106/><T8/><D135/><U53/><E62/><V70/><F70/><W125/><G123/><T7/><D102/><U17/><E30/><V4/><F18/><W28/><G28/><T85/><D7/><U47/><E47/><V95/><F95/><W92/><G1/><T127/><D127/><U83/><REACH who="1" step="1"/><E41/><REACH who="1" ten="364,165,221,230" step="2"/><V107/><F107/><W118/><G42/><T97/><D51/><U6/><E6/><V121/><F121/><W40/><G40/><T78/><D56/><U119/><E119/><V25/><F25/><AGARI ba="2,2" hai="15,17,19,20,22,25,52,53,55,73,74,83,84,90" machi="25" ten="40,3900,0" yaku="1,1,54,1,53,0" doraHai="130" doraHaiUra="132" who="1" fromWho="2" sc="364,0,165,65,221,-45,230,0" /><INIT seed="5,3,0,0,5,135" ten="364,230,176,230" oya="1" hai0="132,56,24,23,126,35,97,130,59,74,99,31,6" hai1="11,85,42,110,28,102,45,100,51,55,113,123,52" hai2="119,81,68,84,19,47,49,107,63,70,38,33,65" hai3="118,7,90,69,67,37,62,46,40,104,57,86,72"/><U2/><E123/><V54/><F119/><W61/><G118/><T122/><D132/><U18/><E113/><V22/><F33/><W124/><G72/><T87/><D74/><U44/><E110/><V108/><F107/><W4/><G104/><T5/><D130/><U39/><E28/><V78/><F108/><W9/><G9/><T12/><D35/><U128/><E128/><V89/><F38/><W79/><G79/><T133/><D122/><U121/><E121/><V60/><F60/><W3/><G3/><T103/><D99/><U114/><E114/><V30/><F30/><W0/><G0/><T17/><D87/><U116/><E116/><V34/><F34/><W8/><G8/><T16/><D31/><U88/><E55/><V32/><F32/><W26/><G26/><T83/><D83/><N who="1" m="49215" /><E2/><V76/><REACH who="2" step="1"/><F68/><REACH who="2" ten="364,230,166,230" step="2"/><W93/><G69/><T96/><D133/><U109/><E109/><V127/><F127/><W75/><G124/><T25/><D126/><U125/><E125/><V66/><F66/><W71/><G75/><T111/><D111/><U21/><E21/><V129/><F129/><W115/><G115/><T50/><D23/><U80/><E80/><V134/><F134/><W10/><G10/><T13/><D50/><U41/><E41/><V82/><F82/><W117/><G117/><T27/><D103/><U73/><E73/><V106/><F106/><W58/><G71/><T48/><D48/><U94/><E94/><V77/><F77/><W43/><G43/><T98/><D6/><U29/><E29/><V53/><F53/><AGARI ba="3,1" hai="4,7,37,40,46,53,57,58,61,62,67,86,90,93" machi="53" ten="30,1000,0" yaku="7,1" doraHai="135" who="3" fromWho="2" sc="364,0,230,0,166,-19,230,29" /><INIT seed="6,0,0,3,4,61" ten="364,230,147,259" oya="2" hai0="56,38,77,86,24,10,18,102,97,43,25,2,110" hai1="63,90,94,46,47,88,59,62,135,50,8,31,92" hai2="81,108,5,42,73,79,72,132,57,129,23,13,45" hai3="48,49,26,27,15,60,91,84,131,65,99,124,29"/><V0/><F129/><W118/><G118/><T95/><D110/><U39/><E135/><V53/><F132/><W78/><G131/><T121/><D121/><U115/><E115/><V22/><F108/><W69/><G124/><T127/><D127/><U64/><E31/><V44/><F73/><W3/><G3/><T7/><D38/><U14/><E39/><V98/><F98/><W17/><G78/><T41/><D25/><U20/><E20/><V87/><F0/><W9/><G99/><T93/><D56/><N who="1" m="36935" /><E94/><V116/><F72/><W109/><G109/><T123/><D123/><U21/><E21/><N who="2" m="7691" /><F42/><W30/><G27/><T74/><D24/><U80/><E80/><V113/><F113/><W1/><G1/><T106/><D18/><N who="1" m="8519" /><E50/><N who="2" m="30903" /><F116/><W37/><G37/><T54/><D54/><N who="1" m="34295" /><E90/><V104/><F104/><W85/><G30/><T66/><D74/><U82/><E82/><V105/><F105/><W128/><G128/><T134/><D134/><U34/><E34/><V6/><F6/><W71/><G71/><T40/><D77/><U100/><E100/><V133/><F133/><W89/><G29/><T125/><D125/><U19/><E19/><V119/><F119/><W83/><G26/><T70/><D86/><AGARI ba="0,0" hai="46,47,86,88,92" m="34295,8519,36935" machi="86" ten="30,3900,0" yaku="8,1,52,1,54,1" doraHai="61" who="1" fromWho="0" sc="364,-39,230,39,147,0,259,0" /><INIT seed="7,0,0,3,4,121" ten="325,269,147,259" oya="3" hai0="101,102,74,88,27,95,19,130,38,26,50,78,24" hai1="113,20,81,119,23,87,94,124,16,125,28,99,97" hai2="40,128,93,135,53,11,120,75,9,25,47,18,32" hai3="68,70,29,112,116,84,45,107,82,104,31,44,37"/><W43/><G116/><T106/><D38/><U115/><E28/><V39/><F128/><W117/><G117/><T126/><D130/><U76/><E119/><V80/><F120/><W77/><G112/><N who="1" m="43082" /><E23/><V132/><F93/><W85/><G37/><T65/><D65/><U5/><E5/><V34/><F53/><W36/><G36/><T10/><D106/><U108/><E108/><V83/><F18/><W3/><G82/><T69/><D69/><U15/><E94/><V1/><F9/><W64/><G64/><T2/><D78/><U22/><E22/><V67/><F67/><W90/><G77/><T92/><D92/><U17/><E17/><V105/><F105/><W91/><REACH who="3" step="1"/><G43/><REACH who="3" ten="325,269,147,249" step="2"/><T54/><D54/><U8/><E8/><V35/><F80/><W123/><G123/><T6/><D10/><U118/><E118/><V21/><F25/><W134/><G134/><T114/><D27/><U96/><AGARI ba="0,1" hai="15,16,20,76,81,87,96,97,99,124,125" m="43082" machi="96" ten="40,2700,0" yaku="15,1,54,1" doraHai="121" who="1" fromWho="1" sc="325,-7,269,37,147,-7,249,-13" owari="318,41.8,306,10.6,140,-36.0,236,-16.4" /></mjloggm>