<mjloggm ver="2.3"><GO type="169" lobby="0"/><UN n0="%E3%83%A9%E3%83%96%E3%83%AC%E3%83%BC" n1="%E5%A4%96%E5%B7%9D%E7%AB%9C%E6%88%90" n2="%E8%8A%B1%E9%81%93%E6%A1%9C%E6%9C%A8" n3="%69%50%68%6F%6E%65%31" dan="18,16,16,16" rate="2247.69,2189.86,2140.26,2128.25" sx="M,M,M,M"/><TAIKYOKU oya="0"/><INIT seed="0,0,0,2,4,13" ten="250,250,250,250" oya="0" hai0="122,57,129,14,64,124,107,87,118,126,40,78,99" hai1="33,50,62,93,91,81,43,80,2,130,5,125,69" hai2="61,95,52,70,119,73,88,59,66,65,132,109,22" hai3="56,48,25,63,117,53,116,112,127,131,46,6,23"/><T17/><D118/><U74/><E33/><V68/><F119/><W11/><G131/><T45/><D122/><U24/><E130/><V120/><F120/><W84/><G127/><N who="0" m="48683" /><D129/><U16/><E125/><V54/><F73/><W75/><G75/><T115/><D115/><U19/><E74/><V104/><F104/><W34/><G84/><T38/><D64/><U89/><E2/><V8/><F109/><W72/><G34/><T82/><D57/><U92/><E69/><V113/><F113/><W96/><G96/><T83/><D83/><N who="1" m="31819" /><E5/><V29/><F132/><W12/><G72/><T123/><D123/><U134/><E134/><V133/><F133/><W4/><G4/><T110/><D110/><U27/><E62/><V85/><F70/><W114/><G112/><T55/><D55/><U35/><E35/><V41/><F41/><W51/><G114/><T111/><D111/><U9/><E9/><V102/><F68/><W67/><REACH who="3" step="1"/><G51/><REACH who="3" ten="250,250,250,240" step="2"/><T103/><D99/><N who="1" m="57743" /><E50/><V97/><F97/><W77/><G77/><T3/><D3/><U42/><E42/><V18/><F85/><W79/><G79/><T37/><D107/><U36/><E43/><V31/><F61/><W47/><G47/><T1/><D1/><U128/><E128/><V101/><F101/><W76/><G76/><T106/><D106/><U105/><E105/><V10/><F102/><W121/><G121/><T100/><D38/><U44/><E36/><V39/><F39/><W15/><G15/><T7/><D7/><U21/><E44/><V20/><F88/><W49/><G49/><T60/><D60/><RYUUKYOKU ba="0,1" sc="250,15,250,-15,250,-15,240,15" hai0="14,17,37,40,45,78,82,87,100,103" hai3="6,11,12,23,25,46,48,53,56,63,67,116,117" /><INIT seed="0,1,1,4,1,24" ten="265,235,235,255" oya="0" hai0="29,41,95,48,85,104,40,58,57,35,65,18,124" hai1="36,20,52,46,22,122,116,109,16,74,133,39,44" hai2="56,69,103,88,62,33,77,66,101,119,113,17,105" hai3="67,123,83,47,54,9,99,60,53,102,32,86,0"/><T107/><D124/><U120/><E116/><V84/><F113/><W108/><G108/><T14/><D107/><U129/><E74/><V97/><F119/><W11/><G123/><T38/><D38/><U117/><E117/><V92/><F103/><W49/><G0/><T3/><D3/><U68/><E68/><V19/><F33/><W98/><G53/><N who="0" m="31911" /><D104/><U75/><E75/><V130/><F130/><W96/><G102/><T6/><D6/><U73/><E73/><V128/><F128/><W2/><G2/><T127/><D65/><U131/><E133/><V111/><F111/><W90/><REACH who="3" step="1"/><G32/><REACH who="3" ten="265,235,235,245" step="2"/><T55/><D127/><U81/><E52/><V21/><F77/><W30/><G30/><T82/><D29/><U80/><REACH who="1" step="1"/><E109/><REACH who="1" ten="265,225,235,245" step="2"/><V125/><F125/><W78/><G78/><N who="0" m="46295" /><D41/><U114/><E114/><V112/><F112/><W134/><G134/><T23/><D40/><U45/><E45/><V50/><F66/><W31/><G31/><T110/><D110/><U26/><E26/><V59/><F69/><AGARI ba="1,3" hai="9,11,47,49,54,60,67,69,83,86,90,96,98,99" machi="69" ten="40,1300,0" yaku="1,1,53,0" doraHai="24" doraHaiUra="126" who="3" fromWho="2" sc="265,0,225,0,235,-16,245,46" /><INIT seed="1,0,0,4,3,38" ten="265,225,219,291" oya="1" hai0="36,132,134,97,22,10,78,113,67,59,16,26,83" hai1="57,135,33,52,23,114,93,44,50,89,20,14,76" hai2="101,9,12,0,68,109,8,40,61,37,87,106,25" hai3="4,60,34,95,2,41,88,133,32,102,73,127,28"/><U48/><E135/><N who="0" m="51753" /><D36/><U66/><E114/><V98/><F109/><W125/><G133/><T46/><D46/><U7/><E33/><V130/><F130/><W17/><G73/><N who="0" m="43471" /><D10/><N who="1" m="4447" /><E76/><V117/><F117/><W64/><G102/><T5/><D5/><U35/><E35/><V71/><F0/><W24/><G34/><T54/><D67/><U15/><E15/><V104/><F104/><W123/><G123/><T105/><D113/><U30/><E30/><V47/><F8/><W1/><G17/><T84/><D84/><N who="1" m="52391" /><E66/><V55/><F25/><W6/><G2/><T112/><D112/><U11/><E11/><V107/><F107/><W63/><G1/><T49/><D105/><U91/><E91/><V111/><F111/><W122/><G6/><T79/><D97/><U80/><E80/><V3/><F3/><W45/><G4/><T96/><D96/><U75/><E75/><V13/><F13/><W118/><G122/><T86/><D86/><U58/><E58/><V69/><F87/><N who="3" m="52639" /><G64/><T92/><D92/><U65/><E65/><V120/><F120/><W82/><G82/><T126/><D79/><U19/><E19/><V70/><F70/><W21/><G32/><T110/><D110/><U103/><E103/><V74/><F74/><W81/><G81/><T56/><D56/><U42/><AGARI ba="0,0" hai="20,23,42,44,48,50,52,57" m="52391,4447" machi="42" ten="30,6000,0" yaku="8,1,52,1,54,1" doraHai="38" who="1" fromWho="1" sc="265,-20,225,60,219,-20,291,-20" /><INIT seed="1,1,0,1,3,117" ten="245,285,199,271" oya="1" hai0="16,42,103,91,123,13,76,99,118,126,25,131,110" hai1="51,98,67,6,15,75,82,41,115,62,7,83,66" hai2="132,127,60,17,77,14,107,135,39,32,113,12,33" hai3="129,112,5,70,97,35,22,23,84,81,11,133,47"/><U120/><E115/><V119/><F107/><W73/><G112/><T106/><D118/><U71/><E67/><V121/><F113/><W55/><G35/><T26/><D76/><U109/><E98/><V68/><F39/><W29/><G70/><T93/><D126/><U92/><E92/><V2/><F77/><W130/><G73/><T59/><D110/><U90/><E90/><V46/><F46/><W43/><G55/><T114/><D131/><U1/><E15/><V102/><F102/><W124/><G133/><T74/><D123/><U56/><E56/><V34/><F119/><W79/><G97/><T89/><D74/><U28/><E28/><V65/><F2/><W38/><G124/><T101/><D42/><U3/><E3/><V45/><F127/><W104/><G104/><T44/><D44/><U134/><E6/><V53/><F12/><W48/><G38/><T57/><D91/><U0/><E0/><V64/><F64/><W125/><G125/><T49/><D106/><U85/><E1/><V36/><F121/><W31/><G31/><T72/><D72/><U128/><E128/><N who="3" m="49258" /><G29/><T86/><D114/><U88/><E134/><V52/><F135/><W40/><G40/><T122/><D122/><U8/><E120/><V21/><F132/><W116/><G116/><T61/><D103/><U58/><E75/><V37/><F37/><W95/><G95/><N who="0" m="54711" /><D49/><U20/><E51/><N who="2" m="28783" /><F36/><W80/><G80/><T78/><D78/><U94/><E83/><V69/><F69/><W63/><G63/><T87/><D101/><U105/><E71/><V10/><F53/><RYUUKYOKU ba="1,0" sc="245,-15,285,-15,199,15,271,15" hai2="10,14,17,21,32,33,34,60,65,68" hai3="5,11,22,23,43,47,48,79,81,84" /><INIT seed="2,2,0,1,3,132" ten="230,270,214,286" oya="2" hai0="41,48,122,92,19,105,7,10,56,76,118,20,102" hai1="80,13,53,71,83,104,43,116,81,107,68,108,82" hai2="63,29,32,78,34,11,117,96,24,12,99,100,66" hai3="5,8,109,130,4,101,128,124,88,55,85,98,110"/><V84/><F117/><W119/><G55/><T93/><D122/><U52/><E116/><V131/><F131/><N who="3" m="50219" /><G119/><T91/><D76/><U90/><E108/><N who="3" m="41578" /><G8/><T112/><D112/><U42/><E83/><V49/><F34/><W106/><G124/><T21/><D105/><U111/><E111/><V62/><F62/><W18/><G18/><T57/><D93/><AGARI ba="2,0" hai="4,5,85,88,93,98,101,106" m="41578,50219" machi="93" ten="30,3900,0" yaku="19,1,14,1,54,1" doraHai="132" who="3" fromWho="0" sc="230,-45,270,0,214,0,286,45" /><INIT seed="3,0,0,2,2,26" ten="185,270,214,331" oya="3" hai0="99,12,6,18,135,17,100,15,13,65,42,73,132" hai1="53,68,31,39,9,85,94,41,106,70,51,3,90" hai2="30,33,83,111,61,93,101,16,110,113,67,66,5" hai3="71,25,98,120,21,36,128,81,133,88,23,2,87"/><W107/><G120/><T91/><D73/><U22/><E106/><V126/><F113/><W4/><G36/><T56/><D42/><U47/><E3/><V52/><F5/><W7/><G128/><T102/><D91/><U131/><E9/><V103/><F126/><W80/><G71/><T118/><D118/><U125/><E125/><V95/><F83/><W45/><G133/><N who="0" m="51275" /><D6/><U46/><REACH who="1" step="1"/><E131/><REACH who="1" ten="185,260,214,331" step="2"/><V64/><F111/><W77/><G107/><N who="0" m="63903" /><D102/><U115/><E115/><V10/><F110/><W76/><G2/><T20/><D20/><U82/><E82/><V59/><F103/><W43/><G81/><T97/><D97/><U29/><E29/><V50/><F101/><W37/><G23/><T134/><D134/><U112/><E112/><V1/><F1/><W129/><G129/><T119/><D119/><U0/><E0/><V116/><F116/><W74/><G98/><T28/><D28/><U11/><E11/><V123/><F30/><W63/><G7/><T54/><D65/><U40/><E40/><V124/><F124/><W27/><G4/><T84/><D84/><U55/><E55/><V75/><F67/><W34/><G87/><T92/><D92/><U78/><E78/><V48/><F66/><W57/><G77/><T60/><AGARI ba="0,1" hai="12,13,15,17,18,54,56,60" m="63903,51275" machi="60" ten="30,1100,0" yaku="20,1" doraHai="26" who="0" fromWho="0" sc="185,21,260,-3,214,-3,331,-5" /><INIT seed="4,0,0,2,2,58" ten="206,257,211,326" oya="0" hai0="37,15,41,99,16,35,45,6,18,135,120,25,109" hai1="4,71,19,94,65,57,125,24,114,70,40,31,61" hai2="28,130,1,123,103,21,131,98,127,56,107,75,22" hai3="106,74,32,2,91,38,3,63,12,134,47,11,52"/><T77/><D120/><U126/><E4/><V62/><F123/><W111/><G111/><T97/><D109/><U88/><E40/><V44/><F127/><N who="1" m="48649" /><E114/><V13/><F1/><W34/><G106/><T119/><D119/><U67/><E19/><V73/><F44/><W5/><G74/><N who="2" m="28169" /><F13/><W105/><G134/><T64/><D135/><U17/><E17/><V26/><F21/><W51/><G105/><T93/><D77/><U20/><E67/><V112/><F112/><W129/><G129/><N who="2" m="49161" /><F56/><W50/><G3/><T72/><D72/><U53/><E65/><V46/><F46/><W36/><G47/><T121/><D121/><U30/><E30/><V95/><F107/><W104/><G104/><T66/><D6/><U69/><E70/><V7/><F7/><W80/><G2/><T124/><D124/><U102/><E102/><V108/><F108/><W87/><G5/><T101/><D66/><U42/><E42/><V54/><F54/><W84/><G52/><T39/><D39/><U14/><E14/><V117/><F117/><W78/><G12/><T128/><D128/><U115/><E115/><V60/><AGARI ba="0,0" hai="22,26,28,60,62,95,98,103" m="49161,28169" machi="60" ten="40,5200,0" yaku="19,1,52,2" doraHai="58" who="2" fromWho="2" sc="206,-26,257,-13,211,52,326,-13" /><INIT seed="5,0,0,3,0,35" ten="180,244,263,313" oya="1" hai0="98,130,76,103,104,116,38,39,125,18,91,9,60" hai1="17,115,120,73,1,6,28,121,122,2,132,87,68" hai2="72,113,110,12,31,107,4,105,5,131,128,99,32" hai3="70,10,48,3,114,74,69,97,15,50,7,88,21"/><U46/><E73/><V66/><F110/><W85/><G74/><T95/><D116/><U22/><E68/><V13/><F72/><W102/><G114/><T123/><D76/><U56/><E115/><V58/><F32/><W111/><G111/><T135/><D123/><U49/><E132/><V108/><F108/><W59/><G21/><T36/><D135/><U133/><E133/><V19/><F31/><W33/><G15/><T118/><D118/><U8/><E28/><V129/><F113/><W77/><G77/><T71/><D125/><U23/><E56/><V78/><F78/><W83/><G33/><T90/><D130/><U61/><E61/><N who="2" m="38199" /><F13/><W27/><G27/><T75/><D75/><U44/><E87/><V20/><F99/><W26/><G26/><T106/><D18/><U127/><E127/><V109/><F109/><W62/><G70/><T84/><D9/><U96/><E96/><V16/><F19/><W126/><G69/><T117/><D117/><U92/><E92/><V94/><F94/><W45/><G45/><T82/><REACH who="0" step="1"/><D91/><REACH who="0" ten="170,244,263,313" step="2"/><U30/><E30/><V24/><F24/><W124/><G126/><T89/><D89/><U11/><E17/><V93/><F131/><W79/><G124/><T54/><D54/><U57/><E122/><V43/><F129/><W34/><G79/><T47/><D47/><U64/><E121/><V51/><F128/><W86/><G10/><T81/><D81/><U14/><E120/><V0/><F16/><W63/><G83/><T119/><D119/><U53/><E8/><V40/><F5/><W65/><G88/><RYUUKYOKU ba="0,1" sc="170,30,244,-10,263,-10,313,-10" hai0="36,38,39,60,71,82,84,90,95,98,103,104,106" /><INIT seed="6,1,1,2,0,35" ten="200,234,253,303" oya="2" hai0="1,2,38,26,23,62,108,28,106,18,50,82,113" hai1="111,5,8,41,0,63,98,135,61,54,128,94,79" hai2="125,87,104,80,84,93,6,58,124,51,116,19,45" hai3="96,14,130,66,92,133,11,13,47,21,73,30,117"/><V100/><F104/><W12/><G73/><T39/><D106/><U134/><E111/><V7/><F116/><W46/><G117/><T74/><D108/><U67/><E41/><V3/><F58/><W60/><G130/><T68/><D50/><U107/><E107/><V127/><F19/><W4/><G133/><N who="1" m="50698" /><E79/><V86/><F80/><W24/><G47/><T9/><D113/><U43/><E43/><V99/><REACH who="2" step="1"/><F3/><REACH who="2" ten="200,234,243,303" step="2"/><N who="0" m="1034" /><D18/><U103/><E128/><V15/><F15/><W112/><G14/><T70/><D9/><U102/><E54/><AGARI ba="1,2" hai="6,7,45,51,54,84,86,87,93,99,100,124,125,127" machi="54" ten="50,4800,0" yaku="1,1,18,1,53,0" doraHai="35" doraHaiUra="71" who="2" fromWho="1" sc="200,0,234,-51,243,71,303,0" /><INIT seed="6,2,0,3,5,73" ten="200,183,314,303" oya="2" hai0="40,81,100,98,125,99,41,20,25,116,131,14,120" hai1="70,27,65,68,46,45,103,18,43,55,23,36,78" hai2="124,126,60,96,39,133,80,12,62,2,72,66,31" hai3="83,6,121,113,82,91,123,128,135,117,122,105,102"/><V87/><F2/><W75/><G6/><T3/><D120/><U7/><E103/><V95/><F72/><W51/><G51/><T53/><D3/><U107/><E107/><V86/><F39/><W58/><G58/><T29/><D116/><U97/><E97/><V35/><F133/><W119/><G135/><T69/><D69/><U130/><E130/><V44/><F44/><W33/><G33/><T118/><D131/><U108/><E108/><V114/><F114/><W5/><G5/><T76/><D118/><N who="3" m="45065" /><G128/><T30/><D99/><U63/><E7/><V110/><F110/><W127/><G113/><T111/><D125/><U52/><E70/><V54/><F31/><W37/><G37/><T109/><D30/><U8/><E8/><V67/><F35/><W26/><G26/><T10/><D109/><U50/><REACH who="1" step="1"/><E78/><REACH who="1" ten="200,173,314,303" step="2"/><V115/><F96/><W56/><G102/><T106/><D111/><U0/><E0/><V38/><F115/><W34/><G105/><T61/><D10/><U15/><E15/><V77/><F12/><W93/><G123/><T11/><D11/><U1/><E1/><V32/><F77/><W104/><G104/><T16/><D14/><U47/><E47/><V22/><F126/><W71/><G127/><T129/><D129/><U90/><E90/><V79/><F79/><W17/><G91/><T9/><D9/><U42/><AGARI ba="2,1" hai="18,23,27,36,42,43,45,46,50,52,55,63,65,68" machi="42" ten="20,5200,0" yaku="1,1,0,1,7,1,54,1,53,0" doraHai="73" doraHaiUra="88" who="1" fromWho="1" sc="200,-15,173,68,314,-28,303,-15" /><INIT seed="7,0,0,3,5,129" ten="185,241,286,288" oya="3" hai0="84,132,50,95,96,109,83,45,111,100,120,59,71" hai1="18,116,131,42,0,87,86,119,30,8,124,1,10" hai2="110,9,82,52,97,90,26,92,112,2,51,7,127" hai3="46,60,68,39,4,74,66,115,128,36,61,64,22"/><W65/><G128/><T122/><D71/><U70/><E131/><V12/><F110/><W21/><G74/><T126/><D59/><U117/><E70/><V13/><F112/><W55/><G115/><T27/><D27/><U80/><E42/><V37/><F37/><N who="3" m="14411" /><G4/><T19/><D19/><U98/><E98/><V49/><F127/><W79/><G79/><T29/><D29/><U33/><E124/><V93/><F82/><W43/><G22/><T23/><D23/><U6/><E80/><V34/><F49/><N who="3" m="26847" /><G21/><T114/><D114/><U104/><E104/><V5/><F5/><W133/><G133/><T123/><D126/><U75/><E75/><V108/><F108/><N who="0" m="41546" /><D50/><U11/><E18/><V63/><F63/><W102/><G102/><T125/><D45/><U81/><E81/><V99/><F26/><W118/><G118/><T28/><D28/><U40/><E40/><V54/><F54/><W16/><G16/><T91/><D125/><U134/><E134/><AGARI ba="0,0" hai="83,84,91,95,96,100,120,122,123,132,134" m="41546" machi="134" ten="40,8000,1" yaku="34,2,52,2" doraHai="129" who="0" fromWho="1" sc="185,80,241,-80,286,0,288,0" /><INIT seed="8,0,0,2,2,35" ten="265,161,286,288" oya="0" hai0="52,84,11,65,48,67,132,54,44,58,120,128,99" hai1="43,8,45,88,26,32,25,82,71,135,30,42,122" hai2="111,105,114,60,106,10,50,89,61,94,113,31,15" hai3="69,29,57,27,131,95,93,97,64,108,22,59,4"/><T109/><D120/><U92/><E135/><V112/><F111/><W76/><G108/><T101/><D109/><U73/><E122/><V80/><F31/><W38/><G38/><T85/><D132/><U129/><E129/><V75/><F75/><W9/><G131/><T70/><D128/><U13/><E71/><V86/><F50/><W1/><G95/><T74/><D74/><U121/><E121/><V40/><F40/><W124/><G124/><T2/><D70/><U83/><E26/><V24/><F24/><W53/><G76/><T66/><D2/><U117/><E117/><V46/><F46/><W37/><G37/><T126/><D11/><U23/><E32/><V55/><F94/><W87/><G87/><T125/><D126/><U56/><E56/><V78/><F78/><W41/><G41/><T3/><D3/><U103/><E103/><V34/><F34/><W19/><G29/><T90/><D90/><U98/><E73/><V62/><REACH who="2" step="1"/><F55/><REACH who="2" ten="265,161,276,288" step="2"/><W39/><G53/><T134/><D134/><U12/><E12/><V104/><F104/><W33/><G33/><T77/><D77/><U63/><E63/><V36/><F36/><W91/><G39/><T20/><D125/><U14/><E14/><V5/><AGARI ba="0,1" hai="5,10,15,60,61,62,80,86,89,105,106,112,113,114" machi="5" ten="40,2700,0" yaku="1,1,0,1,53,0" doraHai="35" doraHaiUra="133" who="2" fromWho="2" sc="265,-13,161,-7,276,37,288,-7" owari="252,-14.8,154,-34.6,313,41.3,281,8.1" /></mjloggm>