<mjloggm ver="2.3"><GO type="169" lobby="0"/><UN n0="%E7%89%8C%E6%B5%81%E7%8A%B6%E6%85%8B%E9%BA%BB%E9%9B%80" n1="%43%68%69%39%77%61" n2="%49%77%61%6B%69%63%68%69" n3="%E5%8F%A4%E6%96%AF%E5%A1%94%E5%A4%AB%E4%BA%8C%E4%B8%96" dan="16,17,16,16" rate="2175.00,2119.83,2037.33,2103.94" sx="M,M,M,M"/><TAIKYOKU oya="0"/><INIT seed="0,0,0,2,1,57" ten="250,250,250,250" oya="0" hai0="37,71,95,99,27,86,40,17,120,39,28,101,48" hai1="70,36,118,81,14,98,82,78,51,66,32,30,10" hai2="24,12,7,125,90,119,35,127,3,31,103,91,130" hai3="116,72,63,0,97,64,46,126,23,9,2,41,113"/><T89/><D120/><U80/><E118/><V73/><F119/><W102/><G113/><T84/><D84/><U13/><E36/><V59/><F130/><W129/><G126/><N who="2" m="48137" /><F73/><W22/><G129/><T107/><D17/><U8/><E32/><V109/><F109/><W83/><G116/><T11/><D11/><U65/><E30/><V121/><F121/><W135/><G135/><T115/><D115/><U122/><E122/><V68/><F68/><W94/><G22/><T132/><D132/><U61/><E66/><V110/><F110/><W53/><G53/><T62/><D48/><U134/><E134/><V56/><F3/><W45/><G23/><T123/><D40/><U104/><E51/><V44/><F44/><W112/><G112/><T34/><D123/><U49/><E49/><V85/><F103/><W133/><G133/><T52/><D52/><U43/><E43/><V111/><F111/><W26/><G45/><T19/><D19/><U50/><E50/><V58/><F85/><W105/><G72/><T106/><REACH who="0" step="1"/><D107/><REACH who="0" ten="240,250,250,250" step="2"/><U96/><E104/><V15/><F7/><W108/><G105/><T74/><D74/><U42/><E42/><V1/><F1/><W18/><G108/><T38/><D38/><U114/><E114/><V21/><F35/><W54/><G41/><T117/><D117/><U128/><E128/><V69/><F69/><W20/><G46/><T6/><D6/><N who="1" m="3223" /><E78/><V93/><F31/><W76/><G2/><T55/><D55/><U33/><E33/><V5/><F5/><W87/><G0/><T92/><D92/><U25/><E70/><RYUUKYOKU ba="0,1" sc="240,30,250,-10,250,-10,250,-10" hai0="27,28,34,37,39,62,71,86,89,95,99,101,106" /><INIT seed="0,1,1,4,3,91" ten="270,240,240,240" oya="0" hai0="131,116,56,0,86,29,126,62,105,59,3,46,51" hai1="25,64,129,21,52,130,5,32,93,94,6,97,27" hai2="15,74,34,69,79,103,121,44,127,58,84,28,26" hai3="54,118,134,78,72,13,19,123,76,113,75,14,37"/><T128/><D116/><U8/><E64/><V63/><F121/><W102/><G118/><T80/><D105/><U41/><E41/><V10/><F74/><W2/><G113/><T115/><D115/><U11/><E32/><V104/><F127/><W124/><G124/><T95/><D29/><U12/><E97/><V31/><F31/><W49/><G2/><T60/><D126/><U114/><E114/><V48/><F69/><W135/><G123/><T42/><D95/><U96/><E52/><V7/><F103/><W43/><G102/><T112/><D112/><U18/><E27/><V77/><F84/><W57/><G37/><T47/><D86/><U23/><E23/><V70/><F70/><W67/><G43/><T30/><D30/><U117/><E117/><V16/><F7/><W1/><G67/><T99/><D99/><U45/><E45/><V125/><F104/><W9/><G13/><T87/><D87/><U88/><REACH who="1" step="1"/><E93/><REACH who="1" ten="270,230,240,240" step="2"/><V24/><F24/><W108/><G54/><T107/><D107/><U36/><E36/><V120/><F125/><W133/><G133/><T73/><D42/><U92/><E92/><V38/><F38/><W83/><G135/><T68/><D46/><U4/><E4/><V122/><F122/><W20/><G134/><T82/><D47/><U110/><E110/><V53/><F120/><W111/><G111/><T90/><D60/><U65/><E65/><AGARI ba="1,2" hai="10,15,16,26,28,34,44,48,53,58,63,65,77,79" machi="65" ten="30,2000,0" yaku="7,1,54,1" doraHai="91" who="2" fromWho="1" sc="270,0,230,-23,240,43,240,0" /><INIT seed="1,0,0,1,0,113" ten="270,207,283,240" oya="1" hai0="66,45,57,53,15,20,87,40,8,37,85,86,117" hai1="73,31,74,75,105,9,41,42,78,134,64,110,38" hai2="115,28,116,56,80,72,34,25,122,0,50,30,32" hai3="129,103,124,81,77,90,68,21,46,10,43,55,52"/><U79/><E105/><V23/><F122/><W51/><G129/><T107/><D107/><U12/><E134/><V69/><F69/><W112/><G112/><T35/><D35/><U63/><E31/><V47/><F115/><W22/><G124/><T102/><D102/><U71/><E110/><V84/><F0/><W29/><G68/><T95/><D20/><U127/><E127/><V27/><F72/><W92/><G103/><T91/><D66/><U131/><E131/><V1/><F1/><W60/><G10/><T70/><D70/><U36/><E42/><V101/><F56/><W128/><G128/><T14/><D14/><U133/><E133/><V49/><F101/><W7/><G7/><T120/><D120/><U4/><REACH who="1" step="1"/><E41/><REACH who="1" ten="270,197,283,240" step="2"/><V130/><F130/><W114/><G114/><T11/><D40/><U83/><E83/><V96/><F80/><W5/><G43/><T108/><D108/><U121/><E121/><V48/><F28/><W97/><G29/><T61/><D95/><U58/><E58/><V33/><F30/><W119/><G81/><T6/><D57/><U118/><E118/><V62/><F116/><W123/><G119/><T104/><D104/><U3/><E3/><V135/><F135/><W125/><G125/><T44/><D117/><U76/><AGARI ba="0,1" hai="4,9,12,36,38,63,64,71,73,74,75,76,78,79" machi="76" ten="40,7800,0" yaku="1,1,0,1,53,1" doraHai="113" doraHaiUra="65" who="1" fromWho="1" sc="270,-26,197,88,283,-26,240,-26" /><INIT seed="1,1,0,4,0,1" ten="244,285,257,214" oya="1" hai0="30,66,122,62,9,82,55,75,107,90,80,20,85" hai1="39,132,74,45,15,26,93,115,91,121,123,89,44" hai2="34,31,125,116,106,27,114,11,14,29,8,51,57" hai3="64,24,21,40,60,87,19,3,41,84,46,108,2"/><U98/><E115/><V131/><F106/><W67/><G108/><T43/><D107/><U56/><E74/><V79/><F116/><W101/><G101/><T99/><D122/><U38/><E132/><V130/><F79/><W133/><G133/><T52/><D99/><U78/><E78/><V47/><F57/><W0/><G41/><T117/><D117/><U77/><E77/><V22/><F114/><W83/><G60/><T73/><D43/><U13/><E56/><V61/><F61/><W88/><REACH who="3" step="1"/><G87/><REACH who="3" ten="244,285,257,204" step="2"/><T4/><D73/><U126/><E98/><V5/><F131/><W102/><G102/><T124/><D75/><U72/><E72/><V105/><F130/><W119/><G119/><T68/><D124/><U49/><E126/><V120/><F125/><W42/><G42/><T35/><D62/><U32/><E121/><V36/><F120/><W71/><G71/><T110/><D68/><U18/><E123/><V97/><F36/><AGARI ba="1,1" hai="0,2,3,19,21,24,36,40,46,64,67,83,84,88" machi="36" ten="40,2600,0" yaku="1,1,54,1,53,0" doraHai="1" doraHaiUra="127" who="3" fromWho="2" sc="244,0,285,0,257,-29,204,39" /><INIT seed="2,0,0,3,0,98" ten="244,285,228,243" oya="2" hai0="93,79,4,56,18,113,128,120,97,11,101,53,94" hai1="39,83,3,76,37,6,122,35,95,48,85,36,132" hai2="10,100,68,59,96,12,104,7,57,63,60,28,90" hai3="42,65,34,0,40,106,26,87,119,69,43,51,89"/><V125/><F125/><W81/><G119/><T1/><D120/><U115/><E115/><V74/><F74/><W126/><G126/><T118/><D113/><U109/><E35/><V54/><F28/><W88/><G0/><T71/><D71/><U127/><E127/><V17/><F68/><W134/><G134/><T73/><D128/><U130/><E109/><V133/><F133/><W55/><G106/><T49/><D118/><U112/><E112/><V124/><F124/><W15/><G15/><T27/><D79/><U129/><E132/><V33/><F33/><W108/><G108/><T92/><D73/><U114/><E114/><V47/><F47/><W117/><G117/><T82/><D82/><U61/><E122/><V111/><F111/><W84/><G69/><T52/><REACH who="0" step="1"/><D53/><REACH who="0" ten="234,285,228,243" step="2"/><U64/><E83/><V66/><REACH who="2" step="1"/><F90/><REACH who="2" ten="234,285,218,243" step="2"/><W29/><G89/><T62/><D62/><U77/><E61/><V8/><F8/><W67/><REACH who="3" step="1"/><G87/><REACH who="3" ten="234,285,218,233" step="2"/><T32/><D32/><U38/><E85/><V30/><F30/><W80/><G80/><T102/><D102/><U13/><E129/><V107/><F107/><W14/><G14/><T2/><D2/><U22/><E130/><V25/><F25/><W19/><G19/><AGARI ba="0,3" hai="7,10,12,17,19,54,57,59,60,63,66,96,100,104" machi="19" ten="40,3900,0" yaku="1,1,52,1,53,0" doraHai="98" doraHaiUra="44" who="2" fromWho="3" sc="234,0,285,0,218,69,233,-39" /><INIT seed="2,1,0,4,4,18" ten="234,285,287,194" oya="2" hai0="35,62,20,13,34,43,87,111,121,81,100,71,7" hai1="23,99,51,59,89,22,58,80,91,134,102,98,124" hai2="14,11,21,19,29,113,36,33,12,5,110,54,105" hai3="88,128,83,4,85,116,127,38,74,42,6,67,78"/><V64/><F105/><W60/><G116/><T106/><D121/><U32/><E32/><V30/><F64/><W70/><G127/><T57/><D71/><U66/><E134/><V76/><F76/><W17/><G128/><T132/><D132/><U41/><E124/><V55/><F36/><W24/><G42/><T9/><D111/><U72/><E72/><V10/><F113/><W3/><G38/><T112/><D112/><U125/><E125/><V118/><F118/><W61/><G61/><T104/><D43/><U75/><E75/><V135/><F135/><W8/><G3/><T16/><D35/><U93/><E80/><V133/><F133/><W97/><G97/><T31/><D100/><U131/><E131/><V47/><F110/><W82/><REACH who="3" step="1"/><G8/><REACH who="3" ten="234,285,287,184" step="2"/><T94/><D62/><N who="1" m="38231" /><E98/><V40/><F40/><W90/><G90/><N who="1" m="34314" /><E41/><V130/><F130/><W92/><G92/><T1/><D94/><U39/><E39/><V27/><F47/><W46/><G46/><T44/><D44/><U73/><E73/><V56/><F11/><W2/><G2/><T49/><D106/><U129/><E129/><V48/><F10/><W0/><G0/><T108/><D104/><U115/><E115/><V114/><F114/><W101/><G101/><T77/><D108/><U122/><E122/><V45/><F45/><W25/><G25/><N who="0" m="18799" /><D49/><U109/><E109/><V28/><F48/><W65/><G65/><T117/><D117/><U79/><E79/><V126/><F126/><W103/><G103/><T120/><D120/><U26/><E26/><V37/><F27/><W123/><G123/><RYUUKYOKU ba="1,1" sc="234,10,285,10,287,-30,184,10" hai0="1,7,9,13,16,20,57,77,81,87" hai1="22,23,51,59,93,99,102" hai3="4,6,17,24,60,67,70,74,78,82,83,85,88" /><INIT seed="3,2,1,1,3,55" ten="244,295,257,194" oya="3" hai0="98,9,2,94,110,39,51,82,20,73,6,40,109" hai1="45,48,64,101,69,116,134,44,26,28,97,87,84" hai2="63,54,129,60,99,121,21,103,16,14,25,131,24" hai3="35,125,11,61,42,107,19,0,119,128,130,57,30"/><W78/><G119/><T7/><D7/><U96/><E116/><V115/><F115/><W135/><G107/><T29/><D51/><U15/><E134/><V124/><F124/><W75/><G125/><T132/><D132/><U88/><E15/><V52/><F121/><W86/><G135/><T58/><D58/><U66/><E84/><V18/><F63/><W43/><G75/><T117/><D117/><U74/><E74/><V34/><F60/><W104/><G104/><T32/><D20/><N who="1" m="15431" /><E69/><V100/><F100/><W3/><G30/><T112/><D112/><U91/><E101/><V123/><F123/><W90/><G78/><N who="0" m="44367" /><D94/><N who="1" m="56391" /><E97/><V33/><F33/><W106/><G106/><T37/><D98/><U113/><E113/><V122/><F122/><W83/><G35/><T8/><D8/><U46/><E48/><V118/><F118/><W47/><G47/><N who="0" m="23951" /><D39/><U67/><E46/><V65/><F34/><W41/><G19/><T38/><D38/><U92/><AGARI ba="2,1" hai="44,45,64,66,67,87,91,92" m="56391,15431" machi="92" ten="30,2000,0" yaku="8,1,54,1" doraHai="55" who="1" fromWho="1" sc="244,-7,295,36,257,-7,194,-12" /><INIT seed="4,0,0,3,1,124" ten="237,331,250,182" oya="0" hai0="73,125,40,121,96,68,36,48,16,100,66,95,71" hai1="18,41,112,19,33,20,59,39,118,9,30,103,54" hai2="105,46,111,86,26,91,37,34,110,53,27,107,44" hai3="24,127,76,23,89,2,42,57,70,65,135,8,93"/><T83/><D121/><U51/><E118/><V0/><F0/><W58/><G127/><T32/><D125/><U126/><E126/><V12/><F12/><W106/><G135/><T123/><D123/><U45/><E33/><V6/><F6/><W115/><G106/><T109/><D36/><U7/><E112/><V80/><F107/><W74/><G115/><T94/><D32/><U63/><E103/><V113/><F105/><W131/><G42/><T31/><D31/><U15/><E30/><V98/><F98/><W122/><G122/><T119/><D119/><U3/><REACH who="1" step="1"/><E19/><REACH who="1" ten="237,321,250,182" step="2"/><V61/><F113/><W67/><G2/><T84/><D16/><U134/><E134/><V97/><F34/><W120/><G120/><T62/><D100/><U35/><E35/><V114/><F114/><W128/><G131/><T13/><D109/><U81/><E81/><V78/><F80/><W104/><G128/><T132/><D83/><U29/><E29/><V43/><F111/><W11/><G104/><T55/><D132/><U87/><E87/><V69/><F86/><W22/><G74/><T28/><D84/><U101/><E101/><V102/><F102/><W117/><G117/><T82/><D28/><U56/><E56/><V49/><F110/><W52/><G58/><T116/><D82/><U38/><AGARI ba="0,1" hai="3,7,9,15,18,20,38,39,41,45,51,54,59,63" machi="38" ten="30,2000,0" yaku="1,1,0,1,53,0" doraHai="124" doraHaiUra="21" who="1" fromWho="1" sc="237,-10,321,30,250,-5,182,-5" /><INIT seed="5,0,0,0,3,45" ten="227,351,245,177" oya="1" hai0="85,35,100,119,54,56,25,60,91,93,44,15,133" hai1="115,79,114,89,39,135,94,72,57,88,105,75,53" hai2="55,61,126,71,69,8,59,64,132,107,31,118,110" hai3="120,123,50,131,17,90,82,19,95,77,32,112,86"/><U9/><E105/><V21/><F118/><W34/><G112/><N who="1" m="43050" /><E39/><V74/><F110/><W27/><G131/><T106/><D119/><U3/><E135/><V66/><F132/><W116/><G116/><T83/><D133/><U96/><E79/><V24/><F126/><W4/><G4/><T48/><D106/><U37/><E37/><V97/><F74/><W92/><G120/><T10/><D35/><U52/><E89/><V46/><F8/><W125/><G125/><T40/><D25/><U117/><E53/><V63/><F46/><W129/><G129/><T65/><D100/><U122/><E122/><V121/><F121/><W13/><G123/><T80/><REACH who="0" step="1"/><D40/><REACH who="0" ten="217,351,245,177" step="2"/><U49/><E117/><V109/><F109/><W12/><G34/><T78/><D78/><U58/><E58/><V7/><F107/><W16/><G32/><T104/><D104/><U127/><E127/><V47/><F59/><W33/><G33/><T70/><D70/><U14/><E3/><V23/><F71/><W130/><G130/><T87/><D87/><U20/><E20/><V43/><F69/><W51/><G27/><T29/><D29/><U41/><E41/><V84/><F23/><W134/><G134/><T36/><D36/><U38/><E38/><V18/><F43/><W113/><G113/><T22/><D22/><U124/><E124/><V68/><F31/><W103/><G77/><T102/><D102/><U81/><E72/><V111/><F68/><W2/><G103/><T30/><D30/><U11/><E14/><N who="3" m="5738" /><G2/><T99/><D99/><U1/><E1/><V0/><F111/><RYUUKYOKU ba="0,1" sc="217,10,351,10,245,-30,177,10" hai0="10,15,44,48,54,56,60,65,80,83,85,91,93" hai1="9,11,49,52,57,75,81,88,94,96" hai3="16,17,19,50,51,82,86,90,92,95" /><INIT seed="5,1,1,4,5,100" ten="227,361,215,187" oya="1" hai0="71,73,53,67,98,30,72,8,2,23,135,116,97" hai1="35,33,26,31,39,110,125,85,21,54,52,75,133" hai2="64,70,14,68,22,99,124,80,6,92,130,114,57" hai3="90,7,128,50,24,74,51,19,37,34,20,40,112"/><U18/><E75/><V63/><F124/><W56/><G112/><T38/><D116/><U102/><E39/><V113/><F130/><W101/><G74/><T62/><D38/><U4/><E125/><V47/><F80/><W89/><G128/><T126/><D126/><U5/><E35/><V32/><F32/><W118/><G118/><T65/><D135/><U95/><E110/><V69/><F47/><W25/><G7/><T0/><D53/><U129/><E133/><V45/><F45/><W109/><G109/><T83/><D8/><U134/><E134/><V43/><F43/><W119/><G119/><T28/><D23/><U88/><E129/><V66/><F66/><W123/><G123/><T9/><D9/><U13/><E102/><V94/><F22/><W42/><G37/><T91/><D62/><U11/><REACH who="1" step="1"/><E5/><REACH who="1" ten="227,351,215,187" step="2"/><V86/><F6/><W60/><G34/><T93/><D73/><U105/><E105/><V104/><F104/><W131/><G101/><T61/><D72/><U106/><E106/><V12/><F114/><W55/><G131/><T122/><D122/><U58/><E58/><V78/><F113/><W36/><G36/><T29/><D71/><U87/><E87/><V115/><F115/><W49/><REACH who="3" step="1"/><G25/><AGARI ba="1,2" hai="4,11,13,18,21,25,26,31,33,52,54,85,88,95" machi="25" ten="30,11600,0" yaku="1,1,7,1,54,2,53,0" doraHai="100" doraHaiUra="120" who="1" fromWho="3" sc="227,0,351,139,215,0,187,-119" /><INIT seed="5,2,0,5,3,103" ten="227,490,215,68" oya="1" hai0="51,83,86,33,13,115,134,62,26,93,37,58,80" hai1="29,91,84,75,132,20,92,107,27,48,60,116,125" hai2="5,4,7,46,127,90,17,133,95,96,32,30,38" hai3="39,99,1,63,2,40,23,24,68,35,11,98,109"/><U94/><E116/><V41/><F127/><W50/><G109/><T12/><D37/><U124/><E132/><V73/><F133/><W9/><G39/><T114/><D134/><U110/><E75/><V70/><F70/><W61/><G35/><T122/><D122/><U77/><E77/><V108/><F73/><W6/><G68/><T120/><D120/><U19/><E110/><V43/><F43/><W25/><G23/><T72/><D51/><U104/><E60/><V52/><F108/><W76/><G50/><T0/><D0/><U28/><E92/><V113/><F113/><W123/><G76/><T111/><D111/><U74/><E74/><V14/><F30/><N who="1" m="11881" /><E48/><V129/><F32/><W130/><G123/><T16/><D93/><U31/><E19/><V97/><F129/><W119/><G119/><T102/><D33/><U87/><E87/><V126/><F126/><AGARI ba="2,0" hai="20,27,31,84,91,94,104,107,124,125,126" m="11881" machi="126" ten="30,5800,0" yaku="18,1,52,2" doraHai="103" who="1" fromWho="2" sc="227,0,490,64,215,-64,68,0" /><INIT seed="5,3,0,0,5,17" ten="227,554,151,68" oya="1" hai0="132,127,22,71,16,115,94,59,44,7,19,105,18" hai1="61,57,97,91,98,12,43,49,38,85,103,3,1" hai2="69,129,30,124,109,133,65,130,123,111,6,121,10" hai3="52,29,120,87,33,58,28,64,75,102,14,41,81"/><U20/><E38/><V0/><F65/><W2/><G120/><N who="2" m="46153" /><F69/><W125/><G2/><T34/><D34/><U107/><E97/><V84/><F84/><W101/><G75/><T32/><D32/><U55/><E43/><V131/><F30/><W118/><G118/><T83/><D71/><U93/><E61/><V108/><F124/><W134/><G125/><T92/><D105/><U48/><E48/><V9/><F9/><W31/><G134/><AGARI ba="3,0" hai="0,6,10,108,109,111,129,130,131,133,134" m="46153" machi="134" ten="50,8000,1" yaku="19,1,23,1,34,2" doraHai="17" who="2" fromWho="3" sc="227,0,554,0,151,89,68,-89" owari="227,-17.3,554,65.4,240,4.0,-21,-52.1" /></mjloggm>