<mjloggm ver="2.3"><GO type="169" lobby="0"/><UN n0="%E3%81%86%E3%81%A3%E3%81%8B%E3%82%8A" n1="%E9%81%8A%E8%B5%B0" n2="%E3%83%A2%E3%82%A4%E3%83%92%E3%83%A3%E3%83%B3" n3="%E7%B4%AB%E3%81%AE%E9%8F%A1" dan="16,16,17,17" rate="2104.16,2195.06,2136.84,2150.49" sx="M,M,M,M"/><TAIKYOKU oya="0"/><INIT seed="0,0,0,5,2,84" ten="250,250,250,250" oya="0" hai0="78,97,67,35,33,73,79,95,125,16,106,25,51" hai1="6,87,59,3,15,71,88,22,69,8,42,91,56" hai2="109,107,37,121,18,133,82,85,110,90,45,53,66" hai3="24,127,94,57,43,49,11,10,115,103,32,28,89"/><T44/><D106/><U124/><E124/><V68/><F121/><W17/><G115/><T55/><D125/><U100/><E100/><V119/><F107/><W27/><G127/><T58/><D35/><U9/><E42/><V96/><F133/><W123/><G123/><T63/><D73/><U23/><E87/><V46/><F119/><W26/><G103/><T65/><D67/><U112/><E15/><V34/><F34/><W30/><G17/><T132/><D132/><U2/><REACH who="1" step="1"/><E6/><REACH who="1" ten="250,240,250,250" step="2"/><V61/><F85/><N who="3" m="52527" /><G43/><T131/><D131/><U50/><E50/><V98/><F37/><W92/><G49/><T48/><D51/><U14/><E14/><V31/><F98/><W116/><G116/><T101/><REACH who="0" step="1"/><D33/><REACH who="0" ten="240,240,250,250" step="2"/><U134/><E134/><V126/><F126/><W7/><G32/><T1/><D1/><U93/><E93/><V39/><F39/><W128/><G92/><T74/><D74/><U20/><E20/><AGARI ba="0,2" hai="16,20,25,44,48,55,58,63,65,78,79,95,97,101" machi="20" ten="40,7700,0" yaku="1,1,8,1,54,1,53,0" doraHai="84" doraHaiUra="108" who="0" fromWho="1" sc="240,97,240,-77,250,0,250,0" /><INIT seed="0,1,0,4,1,99" ten="337,163,250,250" oya="0" hai0="75,40,29,33,58,9,24,80,27,124,39,110,31" hai1="23,89,25,16,101,125,66,108,114,93,64,20,49" hai2="123,129,5,3,92,21,8,96,100,83,57,68,119" hai3="10,103,79,67,32,117,15,34,86,74,62,50,91"/><T104/><D124/><U76/><E108/><V28/><F123/><W45/><G117/><T102/><D110/><U17/><E125/><V11/><F119/><W55/><G74/><T107/><D58/><U84/><E114/><V41/><F68/><W69/><G79/><T73/><D9/><U52/><E76/><V6/><F129/><W71/><G71/><T38/><D80/><U90/><E90/><V36/><F36/><W113/><G113/><T56/><D56/><U112/><E112/><V43/><F83/><W65/><G65/><T115/><D40/><U14/><E101/><V106/><F57/><AGARI ba="1,0" hai="14,16,17,20,23,25,49,52,57,64,66,84,89,93" machi="57" ten="30,12000,2" yaku="7,1,25,2,8,1,54,2" doraHai="99" who="1" fromWho="2" sc="337,0,163,123,250,-123,250,0" /><INIT seed="1,0,0,1,4,123" ten="337,286,127,250" oya="1" hai0="114,35,20,26,7,51,109,131,0,16,69,66,76" hai1="3,36,106,129,74,31,80,93,75,15,105,45,52" hai2="108,50,17,40,32,81,133,6,125,115,132,4,102" hai3="54,135,41,128,100,12,111,42,39,30,120,117,61"/><U72/><E3/><V116/><F116/><W37/><G30/><T88/><D114/><U89/><E129/><V103/><F32/><W68/><G100/><T104/><D104/><U2/><E2/><V121/><F121/><W65/><G12/><T44/><D76/><U14/><E80/><V55/><F40/><N who="3" m="15467" /><G120/><T82/><D35/><U94/><E31/><V46/><F115/><W84/><G84/><T92/><D82/><U49/><E36/><N who="3" m="13898" /><G128/><T1/><D131/><U25/><E25/><V119/><F119/><W77/><G77/><T18/><D7/><U23/><E94/><V71/><F4/><W112/><G117/><T22/><D66/><U62/><E62/><V38/><F6/><W53/><G112/><T19/><D69/><U86/><REACH who="1" step="1"/><E14/><REACH who="1" ten="337,276,127,250" step="2"/><V122/><F122/><W113/><G113/><T90/><D1/><U83/><E83/><V98/><F81/><W60/><G135/><T85/><D0/><U97/><E97/><V78/><F133/><W59/><G111/><T70/><D26/><U67/><E67/><AGARI ba="0,1" hai="53,54,59,60,61,65,67,68" m="13898,15467" machi="67" ten="30,8000,1" yaku="35,5" doraHai="123" who="3" fromWho="1" sc="337,0,276,-80,127,0,250,90" /><INIT seed="2,0,0,1,2,67" ten="337,196,127,340" oya="2" hai0="3,82,72,111,95,19,83,118,37,64,108,131,86" hai1="76,22,107,31,48,16,81,27,127,91,99,117,110" hai2="52,74,57,30,100,113,85,128,12,41,46,119,106" hai3="129,15,28,98,115,102,109,135,20,130,47,56,45"/><V92/><F119/><W21/><G109/><N who="0" m="42059" /><D37/><U134/><E110/><V90/><F113/><W60/><G135/><T54/><D3/><U8/><E134/><V104/><F128/><N who="3" m="49259" /><G115/><T123/><D131/><U65/><E117/><V116/><F116/><W66/><G15/><T75/><D64/><U61/><E127/><V36/><F74/><W13/><G13/><T2/><D2/><U58/><E48/><V121/><F121/><W133/><G133/><T4/><D4/><U39/><E39/><V63/><F100/><W29/><G20/><T38/><D38/><U43/><E43/><V101/><F101/><W124/><G124/><T78/><D19/><U17/><E8/><V10/><REACH who="2" step="1"/><F30/><REACH who="2" ten="337,196,117,340" step="2"/><W55/><G28/><T77/><D118/><U80/><E107/><V18/><AGARI ba="0,1" hai="10,12,18,36,41,46,52,57,63,85,90,92,104,106" machi="18" ten="20,12000,1" yaku="1,1,2,1,0,1,7,1,54,1,53,0" doraHai="67" doraHaiUra="126" who="2" fromWho="2" sc="337,-40,196,-40,117,130,340,-40" /><INIT seed="2,1,0,5,4,69" ten="297,156,247,300" oya="2" hai0="49,10,24,116,25,62,38,107,8,87,104,46,80" hai1="78,132,106,64,26,34,81,47,98,121,6,15,114" hai2="125,30,11,85,83,79,101,117,29,75,99,82,133" hai3="89,122,19,41,39,119,131,105,9,63,18,36,12"/><V60/><F117/><W130/><G122/><T17/><D116/><U48/><E114/><V3/><F133/><W66/><G105/><T90/><D107/><U31/><E121/><V58/><F125/><W93/><G119/><T67/><D104/><U56/><E132/><V20/><F3/><W73/><G73/><T111/><D111/><U102/><E64/><V70/><F70/><W28/><G28/><T59/><D38/><U135/><E135/><V2/><F2/><W4/><G41/><T71/><D71/><U113/><E113/><V76/><F11/><W118/><G118/><T35/><D35/><U50/><E56/><V33/><F33/><W88/><G18/><T91/><D90/><N who="3" m="34921" /><G93/><T120/><D120/><U109/><E109/><V123/><F20/><W0/><G63/><T61/><D62/><U127/><E127/><V94/><REACH who="2" step="1"/><F123/><REACH who="2" ten="297,156,237,300" step="2"/><W52/><G0/><T77/><D10/><U112/><E112/><V22/><F22/><W7/><G9/><T16/><D8/><U14/><E6/><V134/><F134/><W27/><G4/><T57/><D25/><U129/><E129/><V45/><F45/><W65/><G131/><T43/><D24/><U128/><E128/><V86/><F86/><W103/><G130/><T53/><D57/><U1/><E1/><V54/><AGARI ba="1,1" hai="29,30,54,58,60,75,76,79,82,83,85,94,99,101" machi="54" ten="20,12000,1" yaku="1,1,0,1,7,1,53,2" doraHai="69" doraHaiUra="72" who="2" fromWho="2" sc="297,-41,156,-41,237,133,300,-41" /><INIT seed="2,2,0,1,0,45" ten="256,115,370,259" oya="2" hai0="105,37,125,72,59,101,81,11,5,103,107,47,56" hai1="93,67,51,19,71,25,127,94,26,62,6,17,86" hai2="119,117,50,114,38,44,9,118,34,0,10,2,30" hai3="110,24,54,68,64,69,98,3,120,74,116,134,96"/><V31/><F114/><W18/><G116/><T106/><D72/><U73/><E73/><V91/><F38/><W79/><G120/><T90/><D81/><U7/><E127/><V15/><F91/><W61/><G3/><T66/><D90/><U55/><E25/><V53/><F34/><W20/><G110/><T13/><D125/><U8/><E7/><V46/><F46/><W99/><G134/><T49/><D37/><U111/><E111/><V112/><F112/><W65/><G54/><T84/><D84/><U130/><E130/><V27/><F10/><W88/><G74/><T23/><D23/><U77/><E77/><V102/><F102/><W92/><REACH who="3" step="1"/><G79/><REACH who="3" ten="256,115,370,249" step="2"/><T33/><D33/><U36/><E36/><V89/><F0/><W109/><G109/><T63/><REACH who="0" step="1"/><D59/><REACH who="0" ten="246,115,370,249" step="2"/><U39/><E39/><V60/><F117/><W57/><G57/><T21/><D21/><U75/><E75/><V43/><F118/><W41/><G41/><AGARI ba="2,2" hai="5,11,13,41,47,49,56,63,66,101,103,105,106,107" machi="41" ten="40,2600,0" yaku="1,1,52,1,53,0" doraHai="45" doraHaiUra="135" who="0" fromWho="3" sc="246,52,115,0,370,0,249,-32" /><INIT seed="3,0,0,4,0,5" ten="298,115,370,217" oya="3" hai0="22,57,33,125,121,86,109,71,63,68,10,53,19" hai1="1,122,56,7,44,115,114,127,28,18,85,126,62" hai2="110,81,95,14,55,45,64,20,91,54,34,17,8" hai3="130,67,120,32,79,38,80,11,108,123,35,132,98"/><W51/><G38/><T36/><D109/><U69/><E85/><V0/><F110/><W23/><G108/><T12/><D121/><U39/><E28/><V42/><F34/><W6/><G130/><T52/><D125/><N who="1" m="47627" /><E18/><V82/><F64/><W40/><G67/><T70/><D33/><U128/><E7/><V27/><F0/><W13/><G132/><T78/><D36/><U96/><E96/><V3/><F3/><W84/><G32/><T90/><D78/><U102/><E102/><V46/><F82/><W83/><G35/><T131/><D131/><U99/><E99/><V118/><F81/><W37/><G37/><T75/><D75/><U16/><E1/><V88/><F118/><W30/><G98/><T41/><D41/><N who="1" m="22591" /><E128/><V97/><F91/><W113/><G83/><T77/><D77/><U72/><E72/><V26/><F26/><N who="3" m="16735" /><G113/><N who="1" m="43018" /><E16/><N who="2" m="8263" /><F42/><W21/><G21/><T9/><REACH who="0" step="1"/><D53/><AGARI ba="0,0" hai="17,20,27,45,46,53,54,55,88,95,97" m="8263" machi="53" ten="30,7700,0" yaku="8,1,52,1,54,2" doraHai="5" who="2" fromWho="0" sc="298,-77,115,0,370,77,217,0" /><INIT seed="4,0,0,1,1,88" ten="221,115,447,217" oya="0" hai0="82,72,49,11,126,37,58,81,27,129,113,6,15" hai1="95,76,28,107,60,102,71,25,85,92,36,53,73" hai2="133,40,10,59,1,26,29,14,79,12,118,84,22" hai3="112,8,18,69,100,106,80,89,93,91,13,17,103"/><T9/><D113/><U68/><E36/><V94/><F133/><W109/><G109/><T65/><D37/><U48/><E73/><V52/><F118/><W39/><G69/><T122/><D122/><U3/><E3/><V5/><F40/><W47/><G106/><T46/><D129/><U30/><E76/><V115/><F115/><W45/><G112/><T23/><D126/><U130/><E130/><V66/><F66/><W83/><G39/><T123/><D72/><U50/><E85/><V7/><F7/><W34/><G34/><T31/><D123/><U110/><E110/><V56/><F56/><W108/><G108/><T20/><D23/><U51/><E53/><V44/><F44/><N who="3" m="16971" /><G18/><T125/><D125/><U70/><E60/><V127/><F127/><W124/><G89/><T19/><D58/><U116/><E116/><V16/><F29/><W111/><G124/><T96/><D96/><U105/><E102/><N who="3" m="38954" /><G111/><T2/><REACH who="0" step="1"/><D65/><REACH who="0" ten="211,115,447,217" step="2"/><U114/><E114/><V99/><F99/><AGARI ba="0,1" hai="8,13,17,80,83,91,93,99" m="38954,16971" machi="99" ten="30,2000,0" yaku="8,1,52,1" doraHai="88" who="3" fromWho="2" sc="211,0,115,0,447,-20,217,30" /><INIT seed="5,0,0,5,5,70" ten="211,115,427,247" oya="1" hai0="12,19,26,75,3,2,92,65,60,124,63,89,133" hai1="72,113,74,68,127,114,7,59,34,90,50,112,44" hai2="106,61,37,85,82,97,132,24,95,88,121,118,54" hai3="13,4,28,80,69,135,46,35,43,64,104,16,39"/><U91/><E68/><V103/><F37/><W29/><G104/><T53/><D133/><U86/><E34/><V62/><F121/><W45/><G35/><T6/><D124/><U77/><E59/><V67/><F118/><W9/><G135/><T129/><D75/><N who="1" m="28715" /><E7/><V38/><F38/><W41/><G80/><T52/><D129/><U83/><E44/><V33/><F132/><W66/><G4/><T14/><D26/><U8/><E8/><V122/><F122/><W1/><G1/><T115/><D6/><U110/><E50/><V96/><F54/><W27/><G69/><T56/><D115/><N who="1" m="29443" /><U11/><DORA hai="0" /><E11/><V87/><F33/><W73/><G73/><T93/><D56/><U58/><E58/><V10/><F10/><W123/><G123/><T78/><D19/><U81/><E127/><V57/><F62/><W51/><G27/><T36/><D36/><U128/><E128/><V47/><F47/><W17/><G17/><T126/><D126/><U102/><E110/><V5/><F5/><W120/><G120/><T22/><D22/><U98/><E81/><V101/><F24/><W125/><G125/><T109/><D65/><U18/><E18/><V49/><F49/><W108/><G108/><T94/><D109/><U84/><E84/><V30/><F85/><W100/><G66/><T117/><D3/><U79/><E79/><V48/><F48/><W15/><G64/><T131/><D2/><U105/><AGARI ba="0,0" hai="77,83,86,90,91,98,102,105" m="29443,28715" machi="105" ten="50,9600,0" yaku="15,1,34,2" doraHai="70,0" who="1" fromWho="1" sc="211,-32,115,96,427,-32,247,-32" /><INIT seed="5,1,0,0,2,118" ten="179,211,395,215" oya="1" hai0="109,11,62,107,41,31,71,52,100,59,1,134,12" hai1="64,13,61,57,54,86,115,89,81,77,94,27,93" hai2="124,29,30,15,101,114,39,75,3,20,74,47,16" hai3="121,78,51,113,34,8,19,79,98,111,25,33,21"/><U120/><E115/><V84/><F3/><W103/><G111/><T42/><D134/><U38/><E38/><V40/><F124/><W43/><G113/><T135/><D135/><U91/><E120/><V17/><F114/><W126/><G126/><T108/><D1/><U58/><E13/><V35/><F101/><W36/><G36/><T133/><D133/><U22/><E94/><V125/><F125/><W70/><G70/><T67/><D31/><U73/><E73/><V105/><F105/><W32/><G121/><T83/><D108/><U4/><E4/><V99/><F99/><W123/><G123/><T48/><D109/><U2/><E2/><V14/><F84/><W85/><G85/><T90/><D90/><U87/><E77/><V112/><F112/><W45/><REACH who="3" step="1"/><G8/><REACH who="3" ten="179,211,395,205" step="2"/><T102/><D83/><U129/><E129/><V6/><F75/><W127/><G127/><T55/><D55/><U26/><REACH who="1" step="1"/><E22/><REACH who="1" ten="179,201,395,205" step="2"/><N who="2" m="11543" /><F74/><W66/><G66/><T50/><D67/><U63/><AGARI ba="1,2" hai="26,27,54,57,58,61,63,64,81,86,87,89,91,93" machi="63" ten="20,7800,0" yaku="1,1,0,1,7,1,8,1,53,0" doraHai="118" doraHaiUra="24" who="1" fromWho="1" sc="179,-27,201,101,395,-27,205,-27" /><INIT seed="5,2,0,5,0,119" ten="152,302,368,178" oya="1" hai0="125,88,72,33,4,54,130,21,48,108,34,93,127" hai1="70,109,98,55,135,23,14,96,100,22,18,99,89" hai2="64,35,32,38,24,76,132,91,57,112,20,82,122" hai3="77,41,16,0,118,90,56,2,75,60,29,62,31"/><U106/><E135/><V129/><F38/><W94/><G118/><T61/><D108/><U110/><E70/><V120/><F132/><W68/><G41/><T8/><D72/><U87/><E23/><V51/><F129/><W102/><G102/><T17/><D61/><U105/><E55/><V43/><F91/><W52/><G0/><T81/><D81/><U101/><REACH who="1" step="1"/><E99/><REACH who="1" ten="152,292,368,178" step="2"/><V103/><F20/><W116/><G52/><T78/><D48/><U30/><E30/><V50/><F35/><W1/><G31/><T9/><D54/><U15/><E15/><V113/><F32/><W121/><G29/><T67/><D34/><U107/><E107/><V124/><F112/><W134/><G68/><T83/><D33/><U73/><E73/><V12/><F113/><W39/><G75/><T40/><D21/><U69/><E69/><V19/><F12/><W11/><G134/><T7/><D9/><U26/><E26/><V42/><F24/><W5/><G11/><T128/><D8/><U92/><AGARI ba="2,1" hai="14,18,22,87,89,92,96,98,100,101,105,106,109,110" machi="92" ten="30,6000,0" yaku="1,1,0,1,9,1,53,0" doraHai="119" doraHaiUra="47" who="1" fromWho="1" sc="152,-22,292,76,368,-22,178,-22" /><INIT seed="5,3,0,5,3,61" ten="130,368,346,156" oya="1" hai0="65,99,11,132,93,92,115,36,52,37,34,17,111" hai1="114,23,63,131,78,83,6,97,91,71,26,49,53" hai2="86,103,119,96,69,50,45,133,120,43,113,128,85" hai3="90,108,80,29,15,21,118,33,48,51,0,38,70"/><U116/><E116/><V30/><F119/><W19/><G108/><T117/><D111/><U59/><E114/><V88/><F120/><W125/><G38/><T134/><D117/><U109/><E109/><V60/><F133/><W28/><G118/><T62/><D34/><U129/><E6/><V121/><F121/><W104/><G104/><T101/><D115/><U54/><E71/><V95/><F30/><N who="3" m="11883" /><G70/><T2/><D93/><U107/><E107/><V9/><F113/><W77/><G0/><T68/><D52/><U41/><E41/><V126/><F126/><W82/><G33/><T79/><D79/><U46/><E91/><V66/><F128/><W110/><G125/><T16/><D2/><U10/><E10/><V135/><F135/><N who="0" m="51754" /><D17/><U84/><REACH who="1" step="1"/><E97/><REACH who="1" ten="130,358,346,156" step="2"/><V127/><F127/><W102/><G110/><T72/><D72/><U55/><E55/><V105/><F9/><W74/><G102/><T27/><D11/><U20/><E20/><AGARI ba="3,1" hai="16,20,27,36,37,62,65,68,92,99,101" m="51754" machi="20" ten="30,3900,0" yaku="20,1,52,1,54,1" doraHai="61" who="0" fromWho="1" sc="130,58,358,-48,346,0,156,0" /><INIT seed="6,0,0,3,1,130" ten="188,310,346,156" oya="2" hai0="94,66,70,79,63,91,58,109,71,88,10,98,92" hai1="26,126,19,107,47,39,132,97,125,0,30,73,32" hai2="135,74,80,106,16,23,131,128,57,93,4,117,69" hai3="22,9,104,120,75,20,111,102,5,99,36,28,110"/><V116/><F69/><W134/><G120/><T1/><D109/><U87/><E87/><V40/><F106/><W12/><G36/><T21/><D79/><U77/><E19/><V81/><F40/><W85/><G75/><T55/><D21/><U64/><E64/><V86/><F4/><W42/><G42/><T68/><D1/><U83/><E132/><V25/><F135/><W50/><G134/><T29/><D10/><U59/><E59/><V65/><F93/><W37/><G37/><T6/><D6/><U114/><E114/><V33/><F33/><W100/><G100/><T76/><D76/><U44/><E0/><V46/><F46/><W67/><G67/><T124/><D29/><U133/><E133/><V113/><F74/><W121/><G121/><T27/><D27/><U24/><E24/><V122/><F113/><W84/><G50/><T118/><D124/><N who="1" m="47723" /><E39/><V43/><F43/><W13/><G28/><T18/><D18/><U38/><E38/><V62/><F122/><W56/><G56/><T52/><REACH who="0" step="1"/><D118/><REACH who="0" ten="178,310,346,156" step="2"/><U34/><E34/><V112/><F112/><W31/><G31/><T96/><AGARI ba="0,1" hai="52,55,58,63,66,68,70,71,88,91,92,94,96,98" machi="96" ten="30,12000,2" yaku="1,1,2,1,0,1,9,1,54,2,53,0" doraHai="130" doraHaiUra="8" who="0" fromWho="0" sc="178,130,310,-30,346,-60,156,-30" /><INIT seed="7,0,0,2,0,104" ten="308,280,286,126" oya="3" hai0="10,6,21,132,109,72,28,103,12,70,115,52,112" hai1="82,2,61,44,11,51,113,128,73,133,64,117,102" hai2="1,69,46,20,9,35,42,13,108,0,126,134,81" hai3="38,68,119,62,67,63,40,121,36,5,111,31,124"/><W25/><G119/><T114/><D132/><U107/><E133/><V47/><F134/><W90/><G121/><T118/><D109/><U66/><E117/><V49/><F108/><W45/><G111/><T75/><D118/><U37/><E113/><V97/><F35/><W123/><G123/><T110/><D110/><U23/><E23/><V15/><F69/><W131/><G124/><T93/><D70/><N who="1" m="42255" /><E66/><V33/><F33/><W17/><G5/><T105/><D105/><U129/><E51/><V18/><F126/><W76/><G62/><T83/><D83/><U88/><E102/><V89/><F47/><W19/><G38/><T39/><D52/><U26/><E26/><V60/><F60/><W57/><G68/><T116/><D39/><U120/><E107/><V85/><F97/><W22/><G76/><T56/><D56/><U8/><E120/><V125/><F125/><W41/><G41/><T27/><D116/><U48/><E37/><V79/><F89/><W86/><REACH who="3" step="1"/><G131/><REACH who="3" ten="308,280,286,116" step="2"/><T130/><D130/><U95/><E129/><V77/><F79/><W106/><G106/><T55/><D55/><U53/><E128/><V78/><F77/><W32/><G32/><T74/><D112/><U101/><E53/><V94/><F94/><AGARI ba="0,1" hai="17,19,22,25,31,36,40,45,57,63,67,86,90,94" machi="94" ten="30,2900,0" yaku="1,1,7,1,53,0" doraHai="104" doraHaiUra="50" who="3" fromWho="2" sc="308,0,280,0,286,-29,116,39" /><INIT seed="7,1,0,0,2,15" ten="308,280,257,155" oya="3" hai0="21,85,63,72,91,101,89,42,38,120,14,113,10" hai1="125,74,110,26,90,51,31,4,60,58,27,122,78" hai2="92,37,61,131,84,18,73,36,130,119,115,16,133" hai3="70,128,109,54,43,34,81,40,94,114,65,17,49"/><W66/><G34/><T93/><D72/><U86/><E122/><V55/><F73/><W67/><G114/><T100/><D120/><U12/><E110/><V98/><F119/><W116/><G116/><T102/><D38/><N who="2" m="14954" /><F84/><W88/><G70/><T135/><D42/><U7/><E74/><V29/><F29/><W25/><G81/><T13/><D135/><U71/><E78/><V32/><F32/><W127/><G109/><T117/><D113/><U50/><E71/><V134/><F115/><W48/><G48/><T11/><D21/><U77/><E77/><V6/><F6/><N who="1" m="2089" /><E125/><V41/><F41/><W59/><G127/><T19/><D63/><U30/><E12/><V0/><F0/><W75/><G75/><T35/><D35/><U9/><E9/><V8/><F8/><W69/><G69/><T132/><D132/><N who="2" m="50794" /><F55/><W82/><G82/><N who="0" m="49335" /><D117/><U80/><E30/><V118/><F61/><W104/><G104/><T96/><D14/><U124/><E124/><V53/><F53/><W111/><G111/><T126/><D126/><U62/><E62/><V87/><F87/><N who="3" m="52511" /><G128/><N who="2" m="49193" /><F118/><W97/><G97/><N who="0" m="57535" /><D10/><U22/><E27/><V105/><F105/><W68/><G68/><T57/><D96/><U45/><E45/><V121/><F121/><W2/><G2/><T33/><D33/><U5/><N who="1" m="2097" /><U28/><DORA hai="106" /><E28/><V64/><F64/><AGARI ba="1,0" hai="22,26,31,50,51,58,60,64,80,86,90" m="2097" machi="64" ten="30,1000,0" yaku="8,1" doraHai="15,106" who="1" fromWho="2" sc="308,0,280,13,257,-13,155,0" owari="308,40.8,293,9.3,244,-15.6,155,-34.5" /></mjloggm>