<mjloggm ver="2.3"><GO type="169" lobby="0"/><UN n0="%E7%99%BD%E3%81%AE%E7%A9%BA" n1="%E8%BE%9B%E5%8F%A3%E3%82%AB%E3%83%AC%E3%83%BC%E3%83%A9%E3%82%A4%E3%82%B9" n2="%E3%81%88%E3%81%84%E3%81%8D%E3%81%A1%40%35%6D%66" n3="%E4%BF%BA%E3%81%A7%E3%81%99" dan="17,16,17,16" rate="2144.99,2127.88,2244.86,2081.62" sx="M,M,M,M"/><TAIKYOKU oya="0"/><INIT seed="0,0,0,4,5,43" ten="250,250,250,250" oya="0" hai0="75,54,46,20,94,126,4,38,89,85,24,111,12" hai1="2,123,120,113,62,98,67,73,39,93,60,37,109" hai2="52,122,74,47,77,80,63,49,97,129,91,50,34" hai3="110,130,88,11,25,114,69,96,36,31,45,84,13"/><T131/><D131/><U5/><E109/><V1/><F122/><W119/><G119/><T107/><D107/><U117/><E117/><V81/><F129/><W101/><G114/><T51/><D75/><U0/><E73/><V53/><F1/><W57/><G69/><T32/><D126/><U79/><E79/><V83/><F34/><W58/><G110/><T115/><D115/><U86/><E86/><V23/><F63/><W132/><G132/><T118/><D118/><U33/><E33/><V102/><F23/><W21/><G130/><T100/><D100/><U108/><E108/><V68/><F91/><W55/><G96/><T26/><D111/><U30/><E30/><V71/><F71/><W15/><G101/><T121/><D121/><U128/><E128/><V103/><F68/><W135/><G135/><T78/><D78/><U56/><E113/><V42/><F42/><W87/><G87/><T6/><D38/><U124/><E124/><V3/><F3/><W8/><G15/><T92/><D92/><U95/><E98/><V64/><F64/><W106/><G106/><T27/><D32/><U44/><E67/><V133/><F102/><W40/><G55/><T35/><D35/><U10/><E10/><V48/><F48/><W116/><G8/><N who="0" m="4103" /><D6/><U41/><E5/><V104/><REACH who="2" step="1"/><F133/><REACH who="2" ten="250,250,240,250" step="2"/><W29/><G116/><T22/><AGARI ba="0,1" hai="20,22,24,26,27,46,51,54,85,89,94" m="4103" machi="22" ten="30,3000,0" yaku="8,1,52,1" doraHai="43" who="0" fromWho="0" sc="250,40,250,-10,240,-10,250,-10" /><INIT seed="0,1,0,0,0,104" ten="290,240,230,240" oya="0" hai0="57,86,127,111,56,135,117,81,33,48,5,8,41" hai1="46,102,10,27,29,50,66,52,84,100,18,11,119" hai2="130,125,30,92,115,28,71,17,23,74,16,82,110" hai3="99,12,132,43,4,105,34,32,53,58,101,112,59"/><T95/><D117/><U123/><E119/><V67/><F115/><W42/><G112/><T75/><D33/><U122/><E122/><V79/><F110/><W14/><G59/><T3/><D135/><U93/><E123/><V1/><F1/><W133/><G34/><T88/><D127/><U97/><E66/><V107/><F107/><W35/><G35/><T44/><REACH who="0" step="1"/><D111/><REACH who="0" ten="280,240,230,240" step="2"/><U85/><E102/><V47/><F125/><W36/><G32/><T103/><D103/><U69/><E69/><V72/><F71/><W21/><G101/><T80/><D80/><U65/><E65/><V77/><F67/><W9/><G133/><T45/><D45/><U2/><E46/><V121/><F47/><W31/><G132/><T109/><D109/><U128/><E100/><V68/><F68/><W83/><G83/><T0/><D0/><U26/><E2/><V113/><F121/><W22/><G105/><T131/><D131/><U62/><E128/><V6/><F130/><W19/><G36/><T54/><D54/><U98/><E52/><V120/><F120/><W89/><G53/><T78/><AGARI ba="1,1" hai="3,5,8,41,44,48,56,57,75,78,81,86,88,95" machi="78" ten="30,11700,0" yaku="1,1,0,1,52,1,54,1,53,0" doraHai="104" doraHaiUra="63" who="0" fromWho="0" sc="280,130,240,-40,230,-40,240,-40" /><INIT seed="0,2,0,1,2,9" ten="410,200,190,200" oya="0" hai0="133,67,66,8,72,4,110,117,49,31,119,127,89" hai1="47,35,19,63,96,65,20,37,93,79,84,62,1" hai2="57,122,120,68,80,12,3,33,116,11,124,130,76" hai3="97,64,132,26,82,85,25,45,102,28,135,70,22"/><T128/><D72/><U2/><E35/><V75/><F68/><W88/><G45/><T60/><D128/><U74/><E74/><V78/><F33/><W44/><G44/><T54/><D133/><N who="3" m="51273" /><G26/><T95/><D127/><U73/><E73/><V52/><F130/><W134/><N who="3" m="51281" /><W83/><DORA hai="77" /><G70/><T0/><D110/><U21/><E21/><V55/><F124/><W71/><G71/><T111/><D111/><U16/><E47/><V113/><F113/><W59/><G59/><T108/><D108/><U15/><E37/><V40/><F116/><W29/><G64/><T92/><D31/><U24/><E84/><V10/><F40/><W41/><G41/><T87/><D92/><U99/><E79/><V6/><F78/><W50/><G50/><T36/><D36/><U107/><E107/><V14/><F3/><W30/><G83/><T43/><D43/><U112/><E63/><V109/><F109/><W5/><G5/><T90/><D60/><U123/><E1/><V91/><F55/><W58/><G58/><T69/><D69/><U17/><E2/><V98/><F57/><W129/><G129/><T51/><D51/><U94/><E62/><V100/><F52/><W105/><AGARI ba="2,0" hai="22,25,28,29,30,82,85,88,97,102,105" m="51281" machi="105" ten="40,5200,0" yaku="20,1,52,1,54,1" doraHai="9,77" who="3" fromWho="3" sc="410,-28,200,-15,190,-15,200,58" /><INIT seed="1,0,0,4,5,5" ten="382,185,175,258" oya="1" hai0="23,88,74,101,82,40,35,85,118,112,11,127,106" hai1="91,99,48,87,77,124,32,27,71,100,26,120,18" hai2="33,29,46,49,126,13,15,116,83,28,57,89,37" hai3="80,102,75,58,86,6,79,70,10,30,117,97,122"/><U38/><E38/><V9/><F116/><W56/><G122/><T19/><D35/><U21/><E120/><V3/><F3/><W130/><G70/><T59/><D118/><U47/><E124/><V43/><F126/><W76/><G130/><T7/><D127/><U12/><E71/><V92/><F83/><W90/><G30/><T108/><D112/><U121/><E77/><V52/><F33/><W131/><G131/><T54/><D40/><U2/><E2/><V60/><F37/><W4/><G4/><T78/><D108/><U110/><E110/><V125/><F15/><W62/><G62/><T53/><D59/><U115/><E32/><V8/><F125/><W44/><G44/><T68/><D68/><U123/><E115/><V93/><F93/><W95/><G79/><T61/><D61/><U69/><E69/><V42/><F42/><W72/><G117/><T113/><D113/><U98/><E121/><V16/><F8/><W135/><G135/><T64/><D64/><U107/><E99/><AGARI ba="0,0" hai="9,13,16,28,29,43,46,49,52,57,60,89,92,99" machi="99" ten="30,8000,1" yaku="7,1,8,1,52,1,54,2" doraHai="5" who="2" fromWho="1" sc="382,0,185,-80,175,80,258,0" /><INIT seed="2,0,0,0,1,6" ten="382,105,255,258" oya="2" hai0="108,127,5,34,121,37,109,48,57,15,2,63,106" hai1="107,36,47,52,65,49,133,80,113,30,4,59,125" hai2="27,70,40,29,119,132,104,68,58,12,87,42,35" hai3="1,128,3,50,8,19,24,28,20,100,118,14,135"/><V10/><F119/><W7/><G100/><T117/><D121/><U90/><E113/><V110/><F104/><W84/><G118/><T38/><D2/><U116/><E116/><V111/><F132/><W92/><G135/><T78/><D117/><U94/><E107/><V17/><F58/><W89/><G128/><T79/><D106/><U60/><E133/><V33/><F33/><W62/><G50/><T126/><D34/><U124/><E30/><V122/><F122/><W72/><G72/><T129/><D129/><U54/><E36/><V123/><F123/><W103/><G103/><T88/><D48/><U77/><E4/><V96/><F87/><W41/><G41/><N who="2" m="15977" /><F96/><W67/><REACH who="3" step="1"/><G7/><REACH who="3" ten="382,105,255,248" step="2"/><T131/><D131/><U115/><E115/><V91/><F91/><W81/><G81/><T43/><D88/><U101/><E101/><V18/><F18/><W86/><G86/><T69/><D38/><U73/><REACH who="1" step="1"/><E54/><REACH who="1" ten="382,95,255,248" step="2"/><V9/><F111/><W25/><G25/><T51/><D37/><U61/><E61/><V83/><F110/><W11/><G11/><N who="0" m="4591" /><D109/><U95/><E95/><V46/><F9/><W105/><G105/><T74/><D108/><U22/><E22/><V97/><F10/><W23/><G23/><T56/><D43/><U85/><AGARI ba="0,2" hai="47,49,52,59,60,65,73,77,80,85,90,94,124,125" machi="85" ten="30,4000,0" yaku="1,1,0,1,54,1,53,0" doraHai="6" doraHaiUra="112" who="1" fromWho="1" sc="382,-10,95,60,255,-20,248,-10" /><INIT seed="3,0,0,3,2,13" ten="372,155,235,238" oya="3" hai0="104,45,60,80,85,57,99,64,129,21,75,18,41" hai1="17,33,87,20,55,114,126,27,56,44,131,65,112" hai2="83,86,67,53,61,113,76,32,9,47,62,120,23" hai3="40,50,24,133,111,132,122,121,37,12,28,59,103"/><W125/><G37/><T36/><D129/><U89/><E131/><V135/><F113/><W66/><G103/><T2/><D2/><U96/><E126/><V39/><F32/><W30/><G125/><T102/><D75/><U5/><E5/><V78/><F135/><N who="3" m="51787" /><G28/><T108/><D108/><U123/><E123/><V54/><F120/><W6/><G66/><T117/><D117/><U1/><E1/><V82/><F9/><N who="3" m="4151" /><G111/><T109/><D109/><U77/><E33/><V4/><F4/><W10/><G10/><T63/><D63/><U35/><E35/><V105/><F105/><W68/><G68/><T91/><D104/><U81/><E65/><V58/><F23/><N who="3" m="15647" /><G59/><T107/><D107/><U52/><E44/><AGARI ba="0,0" hai="40,44,50,121,122" m="15647,4151,51787" machi="44" ten="30,1500,0" yaku="20,1" doraHai="13" who="3" fromWho="1" sc="372,0,155,-15,235,0,238,15" /><INIT seed="3,1,0,1,2,7" ten="372,140,235,253" oya="3" hai0="2,21,88,39,130,16,105,111,14,0,15,120,23" hai1="128,123,122,13,73,33,76,11,18,56,104,95,26" hai2="80,54,50,55,81,29,10,36,6,92,119,48,98" hai3="42,134,9,135,83,85,97,43,68,89,44,100,1"/><W133/><G68/><T106/><D39/><U84/><E104/><V126/><F36/><W72/><G72/><T125/><D120/><U69/><E69/><V34/><F119/><W3/><G43/><T132/><D111/><U31/><E128/><V28/><F126/><W109/><G109/><T115/><D125/><U40/><E40/><V102/><F34/><W101/><G101/><T66/><D66/><U49/><E73/><V19/><F19/><W112/><G112/><T70/><D70/><U37/><E37/><V8/><F6/><N who="3" m="1231" /><G3/><T107/><D130/><U67/><E76/><V27/><F27/><W30/><G30/><N who="2" m="11881" /><F80/><W53/><G53/><N who="2" m="19977" /><F81/><W124/><G124/><T25/><D115/><U82/><E49/><AGARI ba="1,0" hai="8,10,48,49,50,92,98,102" m="19977,11881" machi="49" ten="30,3900,0" yaku="8,1,52,2" doraHai="7" who="2" fromWho="1" sc="372,0,140,-42,235,42,253,0" /><INIT seed="4,0,0,3,2,46" ten="372,98,277,253" oya="0" hai0="0,115,118,94,108,82,92,11,127,51,87,132,50" hai1="29,55,25,21,20,77,124,95,104,101,30,18,3" hai2="5,102,19,135,69,100,45,54,47,112,67,32,72" hai3="9,52,10,71,126,24,129,15,8,33,123,59,31"/><T122/><D118/><U16/><E3/><V43/><F72/><W70/><G129/><T93/><D122/><U38/><E124/><V74/><F74/><W84/><G126/><T44/><D127/><U34/><E104/><V114/><F32/><W97/><G123/><T64/><D115/><U61/><E38/><V96/><F135/><W121/><G121/><T68/><D132/><U1/><E1/><V109/><F109/><W12/><G84/><T110/><D64/><U7/><E7/><V22/><F5/><W27/><G27/><T13/><D0/><U57/><E77/><V106/><F100/><W36/><G36/><T66/><D66/><U60/><E34/><V48/><F67/><W120/><G120/><T86/><D68/><U56/><E95/><V76/><F76/><W35/><G35/><T26/><D26/><U17/><E101/><V99/><F99/><W4/><G97/><T80/><D44/><U103/><E103/><V125/><F69/><W42/><G42/><T73/><D73/><U131/><E131/><V128/><F128/><W105/><G105/><T88/><D108/><U2/><E2/><V91/><F91/><W78/><G78/><N who="0" m="46359" /><D110/><U117/><E117/><V65/><F65/><W85/><G71/><T63/><D63/><U119/><E119/><V49/><REACH who="2" step="1"/><F125/><REACH who="2" ten="372,98,267,253" step="2"/><W40/><G70/><T58/><D58/><U107/><E107/><V79/><F79/><W111/><G111/><T113/><D113/><U23/><REACH who="1" step="1"/><E25/><AGARI ba="0,1" hai="19,22,25,43,45,47,48,49,54,96,102,106,112,114" machi="25" ten="40,5200,0" yaku="1,1,52,2,53,0" doraHai="46" doraHaiUra="53" who="2" fromWho="1" sc="372,0,98,-52,267,62,253,0" /><INIT seed="5,0,0,3,2,49" ten="372,46,329,253" oya="1" hai0="43,52,65,70,128,33,63,92,21,101,126,93,110" hai1="98,111,2,83,10,99,66,55,17,76,44,91,72" hai2="85,107,77,37,87,64,103,26,35,120,54,42,50" hai3="129,12,134,132,78,46,71,25,102,32,109,112,59"/><U3/><E66/><V125/><F120/><W73/><G109/><T104/><D110/><U28/><E111/><V30/><F125/><W90/><G71/><T116/><D116/><U40/><E28/><V67/><F42/><W41/><G102/><T97/><D126/><U60/><E17/><V5/><F37/><W127/><G112/><T29/><D21/><U51/><E91/><V11/><F107/><W34/><G129/><T124/><D43/><U56/><REACH who="1" step="1"/><E10/><REACH who="1" ten="372,36,329,253" step="2"/><V94/><F64/><W16/><G90/><T23/><D29/><U84/><E84/><V114/><F67/><W121/><G127/><T58/><D124/><U14/><E14/><V0/><F87/><W27/><G16/><T123/><D65/><U130/><E130/><V45/><F85/><W80/><G12/><T106/><D128/><U20/><E20/><V86/><F86/><W95/><G121/><T19/><D23/><U24/><E24/><V15/><F15/><W133/><G25/><T100/><D19/><U108/><E108/><V113/><F77/><W131/><G27/><T119/><D70/><U39/><E39/><V7/><F11/><W61/><G131/><T31/><D31/><U75/><E75/><V38/><F38/><W48/><G32/><T96/><D101/><U36/><E36/><V13/><F13/><W115/><G34/><T9/><D100/><U18/><E18/><V82/><F103/><W74/><G74/><T47/><D33/><U79/><E79/><V4/><F26/><W122/><G122/><T1/><D123/><U135/><E135/><V88/><F35/><RYUUKYOKU ba="0,1" sc="372,-10,36,30,329,-10,253,-10" hai1="2,3,40,44,51,55,56,60,72,76,83,98,99" /><INIT seed="5,1,1,3,5,97" ten="362,66,319,243" oya="1" hai0="10,67,125,105,65,91,76,118,119,58,46,130,0" hai1="120,100,12,18,1,16,35,135,80,133,38,9,101" hai2="39,2,117,131,59,103,32,45,49,96,128,81,104" hai3="50,61,73,132,23,123,56,8,84,129,33,115,34"/><U52/><E120/><V5/><F117/><W44/><G73/><T62/><D76/><U26/><E1/><V51/><F32/><W30/><G115/><T112/><D112/><U95/><E38/><V6/><F81/><W87/><G129/><N who="2" m="49737" /><F2/><W27/><G132/><N who="1" m="50762" /><E95/><V7/><F59/><W68/><G68/><T121/><D130/><U122/><E122/><V17/><F17/><N who="1" m="6761" /><E80/><V78/><F78/><W72/><G72/><T93/><D121/><U41/><E41/><AGARI ba="1,1" hai="5,6,7,39,41,45,49,51,96,103,104" m="49737" machi="41" ten="30,2000,0" yaku="19,1,52,1" doraHai="97" who="2" fromWho="1" sc="362,0,66,-23,319,33,243,0" /><INIT seed="6,0,0,3,5,14" ten="362,43,352,243" oya="2" hai0="125,92,74,30,62,12,63,1,117,108,94,27,24" hai1="120,29,5,84,76,126,51,45,135,123,109,71,85" hai2="110,42,102,64,124,39,50,28,4,47,20,32,11" hai3="33,134,58,93,54,111,25,21,112,41,0,113,10"/><V6/><F32/><W68/><G111/><T81/><D108/><U132/><E29/><V49/><F110/><W8/><G68/><T37/><D37/><U19/><E109/><V65/><F124/><W46/><G134/><T73/><D1/><U89/><E5/><V80/><F102/><W106/><G106/><T57/><D125/><U31/><E31/><V131/><F131/><W105/><G105/><T77/><D117/><U121/><E126/><V97/><F97/><W83/><G93/><T88/><D12/><U98/><E71/><V44/><F80/><W60/><G0/><T22/><D27/><U114/><E51/><V127/><F39/><W133/><G83/><T7/><D7/><N who="2" m="2602" /><F11/><W43/><G33/><T2/><D2/><U86/><E45/><V16/><F28/><W116/><G116/><T18/><D30/><U66/><E66/><V48/><F127/><W107/><G107/><T100/><D73/><U67/><E67/><N who="2" m="25675" /><F47/><W115/><G133/><T40/><D40/><N who="3" m="15433" /><G46/><T56/><D100/><U36/><E36/><V91/><F91/><W26/><G21/><T17/><D74/><U52/><E76/><V122/><F122/><W69/><G69/><T15/><D77/><U53/><E114/><V130/><F130/><W87/><G87/><N who="0" m="50287" /><D63/><U104/><E104/><V79/><F79/><W34/><G34/><T82/><D82/><U23/><E98/><V3/><F3/><W78/><G78/><T61/><D61/><U59/><E89/><V35/><F35/><W9/><AGARI ba="0,0" hai="8,9,10,25,26,54,58,60,112,113,115" m="15433" machi="9" ten="40,2700,0" yaku="15,1,11,1" doraHai="14" who="3" fromWho="3" sc="362,-7,43,-7,352,-13,243,27" /><INIT seed="7,0,0,4,1,2" ten="355,36,339,270" oya="3" hai0="61,60,43,24,57,55,29,62,83,88,31,118,65" hai1="119,39,135,82,4,54,106,70,115,130,75,33,45" hai2="125,81,121,72,73,37,101,8,122,107,116,67,52" hai3="5,109,42,110,98,32,6,127,0,13,21,126,46"/><W93/><G32/><T50/><D118/><U66/><E54/><V99/><F116/><W11/><G21/><N who="0" m="15503" /><D31/><U27/><E45/><V12/><F37/><W95/><G95/><T15/><D15/><U103/><E66/><V44/><F67/><W59/><G59/><N who="0" m="33271" /><D43/><U128/><E4/><N who="3" m="1642" /><G0/><T112/><D112/><U124/><E27/><V30/><F30/><W114/><G114/><T19/><D19/><U16/><E16/><N who="2" m="8199" /><F81/><W97/><G13/><T92/><D83/><U34/><E82/><V40/><F52/><W56/><G56/><T85/><AGARI ba="0,0" hai="57,60,61,62,65,85,88,92" m="33271,15503" machi="85" ten="30,2000,0" yaku="8,1,54,1" doraHai="2" who="0" fromWho="0" sc="355,20,36,-5,339,-5,270,-10" owari="375,47.5,31,-46.9,334,13.4,260,-14.0" /></mjloggm>