<mjloggm ver="2.3"><GO type="169" lobby="0"/><UN n0="%7A%6F%6F%31%39%36%34" n1="%50%73%79%63%68%65" n2="%70%61%77%61" n3="%E3%81%A4%E3%81%B0%E3%83%A1" dan="18,17,18,16" rate="2285.29,2151.54,2304.40,2090.80" sx="M,M,M,M"/><TAIKYOKU oya="0"/><INIT seed="0,0,0,2,3,5" ten="250,250,250,250" oya="0" hai0="109,68,56,32,96,121,132,111,51,52,39,48,15" hai1="2,24,86,85,0,23,76,122,37,83,67,34,53" hai2="40,81,115,42,94,19,72,50,84,101,133,98,63" hai3="70,88,135,7,11,75,16,28,43,100,134,104,17"/><T118/><D32/><U82/><E122/><V14/><F115/><W80/><G70/><T97/><D121/><U60/><E34/><V27/><F133/><N who="3" m="50699" /><G28/><T92/><D39/><U22/><E37/><V107/><F27/><W90/><G43/><T105/><D132/><U12/><E53/><V71/><F50/><W126/><G126/><T41/><D68/><U25/><E12/><V54/><F71/><W73/><G100/><T110/><D118/><U65/><REACH who="1" step="1"/><E76/><REACH who="1" ten="250,240,250,250" step="2"/><N who="2" m="44167" /><F54/><W99/><G104/><T13/><D41/><U113/><E113/><V62/><F40/><W108/><G108/><T102/><REACH who="0" step="1"/><D48/><REACH who="0" ten="240,240,250,250" step="2"/><U93/><E93/><V45/><F42/><W64/><G80/><T79/><D79/><U29/><E29/><V59/><F94/><N who="3" m="56775" /><G64/><T36/><D36/><U117/><E117/><V89/><F107/><W120/><G120/><T103/><AGARI ba="0,2" hai="13,15,51,52,56,92,96,97,102,103,105,109,110,111" machi="103" ten="40,18000,2" yaku="1,1,0,1,14,1,10,1,54,1,53,1" doraHai="5" doraHaiUra="47" who="0" fromWho="0" sc="240,200,240,-60,250,-60,250,-60" /><INIT seed="0,1,0,4,5,129" ten="440,180,190,190" oya="0" hai0="17,104,125,39,108,115,22,94,58,84,107,32,79" hai1="6,24,68,134,82,51,0,54,113,72,47,89,5" hai2="75,99,112,123,2,71,44,56,64,133,28,122,12" hai3="36,3,120,127,53,74,29,38,86,27,85,121,19"/><T25/><D115/><U91/><E68/><V33/><F112/><W50/><G74/><T11/><D125/><U105/><E105/><V67/><F2/><W116/><G116/><T55/><D39/><U4/><E113/><V43/><F75/><W124/><G3/><T114/><D114/><U102/><E102/><V48/><F12/><W117/><G117/><T88/><D32/><U30/><E0/><V78/><F78/><W90/><G19/><T15/><D79/><U40/><E72/><V41/><F99/><W76/><G76/><T37/><D37/><U16/><E82/><V62/><F28/><W81/><G86/><T97/><D108/><U60/><E134/><V106/><F106/><W131/><G131/><T42/><D42/><U14/><E60/><N who="2" m="40423" /><F33/><N who="3" m="20671" /><G38/><T96/><D107/><U63/><E63/><V135/><F43/><W18/><G36/><T101/><D101/><U57/><E40/><V110/><F110/><W13/><G18/><N who="0" m="12503" /><D104/><U45/><E91/><V111/><F111/><W10/><G13/><T80/><D94/><U100/><E89/><V118/><F118/><W69/><G10/><T20/><D11/><N who="1" m="6239" /><E100/><V126/><F126/><N who="3" m="48171" /><G69/><T109/><D109/><U128/><E128/><V35/><F35/><W1/><G1/><T9/><D9/><U65/><E65/><V87/><F87/><W77/><G90/><T95/><D80/><U92/><E92/><V7/><F7/><N who="1" m="1793" /><U132/><DORA hai="70" /><E132/><AGARI ba="1,0" hai="41,44,48,56,62,64,122,123,132,133,135" m="40423" machi="132" ten="30,12000,2" yaku="20,1,34,2,52,3" doraHai="129,70" who="2" fromWho="1" sc="440,0,180,-123,190,123,190,0" /><INIT seed="1,0,0,2,2,87" ten="440,57,313,190" oya="1" hai0="103,39,44,89,98,22,24,120,1,130,101,92,45" hai1="60,7,67,6,90,109,0,20,104,30,54,129,58" hai2="61,135,124,80,38,9,100,108,133,83,8,13,131" hai3="48,93,65,37,4,91,116,41,114,35,78,25,73"/><U132/><E104/><V57/><F108/><W127/><G114/><T2/><D130/><U59/><E129/><V70/><F131/><W53/><G127/><T75/><D75/><U40/><E109/><V112/><F70/><W88/><G116/><T96/><D120/><U32/><E32/><V12/><F38/><W16/><G65/><T19/><D103/><U23/><E132/><N who="2" m="50763" /><F100/><W46/><G4/><N who="1" m="1578" /><E0/><V42/><F42/><W55/><G35/><T81/><D44/><U56/><E40/><V115/><F124/><W102/><G73/><T29/><D45/><U69/><E69/><V94/><F94/><W121/><G121/><T33/><D39/><U95/><E30/><V62/><F62/><W10/><G78/><T43/><D43/><U31/><E31/><V110/><F110/><W113/><G113/><N who="2" m="43593" /><F9/><W64/><G64/><T3/><D33/><U63/><E59/><V50/><F50/><W128/><G128/><T126/><D126/><U74/><E74/><V105/><F105/><W68/><G68/><T11/><D11/><U84/><AGARI ba="0,0" hai="20,23,54,56,58,60,63,67,84,90,95" m="1578" machi="84" ten="30,3000,0" yaku="8,1,52,1" doraHai="87" who="1" fromWho="1" sc="440,-10,57,30,313,-10,190,-10" /><INIT seed="1,1,0,3,5,24" ten="430,87,303,180" oya="1" hai0="122,8,78,67,66,134,16,93,106,121,65,56,22" hai1="17,18,126,5,81,29,40,58,96,52,83,113,19" hai2="60,99,79,44,20,51,108,117,69,70,82,43,49" hai3="98,92,6,32,125,80,77,114,14,85,26,37,30"/><U42/><E113/><V88/><F117/><W1/><G114/><T76/><D106/><U46/><E126/><V13/><F108/><W110/><G110/><T72/><D134/><U39/><E42/><V54/><F60/><W95/><G125/><T23/><D56/><U50/><E5/><V10/><F20/><N who="0" m="7722" /><D93/><U84/><E96/><V104/><F104/><W62/><G37/><T21/><D8/><U4/><E4/><V116/><F116/><W115/><G115/><T75/><N who="0" m="7730" /><T47/><DORA hai="12" /><D47/><U128/><E128/><V105/><F105/><W68/><G1/><T103/><D16/><U45/><E45/><V38/><F70/><W133/><G133/><T41/><D103/><U112/><E112/><V55/><F69/><W111/><G111/><T64/><D64/><U127/><E127/><V9/><F38/><W3/><G3/><T59/><D59/><U36/><E36/><V71/><F71/><W28/><G68/><T15/><D41/><U132/><E132/><V89/><F43/><W97/><G62/><T57/><D15/><U90/><REACH who="1" step="1"/><E83/><REACH who="1" ten="430,77,303,180" step="2"/><V135/><F135/><W25/><G6/><T91/><D122/><U74/><E74/><V100/><F82/><W109/><G109/><T118/><D121/><U27/><E27/><V33/><F44/><W53/><G98/><T101/><D72/><U61/><E61/><V2/><F99/><W11/><G97/><T120/><D75/><U123/><E123/><V87/><F100/><W63/><G63/><T119/><D101/><U94/><E94/><V86/><F86/><W35/><G85/><RYUUKYOKU ba="1,1" sc="430,-10,77,30,303,-10,180,-10" hai1="17,18,19,29,39,40,46,50,52,58,81,84,90" /><INIT seed="1,2,1,2,1,59" ten="420,107,293,170" oya="1" hai0="97,31,55,9,21,10,102,134,72,92,66,8,12" hai1="77,39,116,35,130,88,121,61,126,36,18,41,16" hai2="107,34,1,54,14,69,6,135,101,15,109,53,17" hai3="4,124,24,95,49,74,48,71,91,86,112,60,85"/><U111/><E116/><V81/><F109/><W115/><G74/><T32/><D72/><U33/><E121/><V40/><F135/><W7/><G124/><T25/><D134/><U108/><E77/><V119/><F119/><W103/><G103/><T11/><D66/><U125/><E41/><V30/><F69/><W67/><G115/><T96/><D55/><U82/><E82/><V0/><F81/><W20/><G112/><T42/><D42/><U57/><E57/><V23/><F15/><W27/><G27/><T5/><D32/><U64/><E64/><V84/><F84/><W58/><G86/><T118/><D118/><U117/><E117/><V93/><F93/><W132/><G132/><T79/><D79/><U83/><E83/><V37/><F0/><W29/><REACH who="3" step="1"/><G71/><REACH who="3" ten="420,107,293,160" step="2"/><T99/><AGARI ba="2,2" hai="5,8,9,10,11,12,21,25,31,92,96,97,99,102" machi="99" ten="30,2000,0" yaku="0,1,8,1" doraHai="59" who="0" fromWho="0" sc="420,46,107,-12,293,-7,160,-7" /><INIT seed="2,0,0,1,4,102" ten="466,95,286,153" oya="2" hai0="8,84,82,45,89,134,37,40,1,4,96,59,58" hai1="116,85,35,17,81,9,125,92,63,39,131,101,115" hai2="95,118,113,18,0,14,133,104,90,99,27,107,86" hai3="123,51,64,93,76,79,16,83,108,106,50,117,61"/><V19/><F113/><W120/><G117/><T26/><D134/><U23/><E116/><V88/><F118/><W33/><G33/><T42/><D42/><U3/><E115/><V132/><F0/><W47/><G108/><T12/><D1/><U10/><E39/><V2/><F2/><W78/><G83/><T67/><D67/><U105/><E35/><V15/><F27/><W36/><G36/><T73/><D73/><U129/><E125/><V57/><F57/><W100/><G93/><T62/><D62/><U53/><E92/><V41/><F41/><W54/><G50/><T80/><D80/><U25/><E63/><V97/><F95/><W46/><G46/><T43/><D43/><U74/><E53/><V119/><F119/><W31/><G31/><T49/><D37/><U7/><E10/><V87/><AGARI ba="0,0" hai="14,15,18,19,86,87,88,90,97,99,104,107,132,133" machi="87" ten="25,18000,2" yaku="0,1,22,2,52,2,54,1" doraHai="102" who="2" fromWho="2" sc="466,-60,95,-60,286,180,153,-60" /><INIT seed="2,1,0,3,0,116" ten="406,35,466,93" oya="2" hai0="78,31,81,76,74,97,122,84,112,6,113,1,88" hai1="107,83,120,70,67,55,133,102,12,85,68,114,14" hai2="0,13,2,100,17,34,109,35,5,59,69,32,130" hai3="129,16,86,58,123,77,11,57,79,115,135,38,29"/><V117/><F69/><W105/><G38/><T28/><D1/><U71/><E114/><N who="0" m="44137" /><D6/><U21/><E133/><V24/><F117/><W27/><G105/><T18/><D18/><U41/><E41/><V45/><F45/><W62/><G115/><T39/><D28/><U134/><E134/><V37/><F37/><W36/><G36/><T47/><D31/><U110/><E110/><V101/><F109/><W132/><G129/><T61/><D61/><U56/><E67/><V52/><F24/><W54/><G79/><N who="0" m="30251" /><D47/><U75/><E75/><V103/><F5/><W91/><G77/><T53/><D53/><U7/><E7/><V104/><F104/><W128/><G128/><T82/><D39/><U99/><E21/><V126/><F126/><W20/><G58/><T121/><D74/><U33/><E33/><V42/><F42/><W30/><G123/><N who="0" m="47115" /><D97/><U66/><E120/><V108/><F130/><W19/><G29/><T118/><D118/><U63/><REACH who="1" step="1"/><E66/><REACH who="1" ten="406,25,466,93" step="2"/><V80/><F108/><W60/><G135/><T9/><D9/><U131/><E131/><V96/><F34/><W65/><G132/><T8/><D8/><U94/><E94/><AGARI ba="1,1" hai="81,82,84,88,94" m="47115,30251,44137" machi="94" ten="30,12000,2" yaku="34,2,52,3,54,1" doraHai="116" who="0" fromWho="1" sc="406,133,25,-123,466,0,93,0" owari="539,63.9,-98,-59.8,466,26.6,93,-30.7" /></mjloggm>