<mjloggm ver="2.3"><GO type="169" lobby="0"/><UN n0="%E3%81%BF%E3%81%8B%E3%81%82" n1="%53%4F%49%43%48%49" n2="%E9%9B%B2%E3%81%AE%E3%83%95%E3%83%89%E3%82%A6" n3="%E3%81%9F%E3%81%8B%E3%81%A3%E3%81%A6%E3%81%83%E3%83%BC" dan="16,16,16,18" rate="2017.10,2107.71,2077.04,2191.44" sx="M,M,M,F"/><TAIKYOKU oya="0"/><INIT seed="0,0,0,4,1,53" ten="250,250,250,250" oya="0" hai0="47,116,129,86,64,113,42,80,50,2,99,23,135" hai1="73,0,126,111,120,63,92,94,8,134,35,84,83" hai2="95,14,1,74,102,29,66,25,5,54,88,118,108" hai3="101,117,59,43,33,6,109,62,72,37,115,91,128"/><T49/><D2/><U105/><E120/><V60/><F74/><W30/><G115/><T68/><D113/><U46/><E105/><V3/><F108/><W119/><G72/><T104/><D116/><U38/><E35/><V85/><F118/><W26/><G109/><T125/><D125/><U98/><E126/><V124/><F124/><W31/><G128/><T123/><D129/><U77/><E134/><V21/><F54/><W15/><G101/><T131/><D131/><U51/><E111/><V20/><F102/><W24/><G91/><T16/><D99/><U19/><E38/><V65/><F65/><W10/><G43/><T58/><D68/><U18/><E73/><V97/><F97/><W96/><G37/><T78/><D104/><U48/><E63/><V132/><F132/><W69/><G69/><T45/><D123/><U76/><E76/><V133/><F133/><W13/><G13/><T11/><D11/><U87/><E0/><V114/><F114/><W22/><REACH who="3" step="1"/><G96/><REACH who="3" ten="250,250,250,240" step="2"/><T36/><D135/><U93/><E98/><V52/><F3/><W130/><G130/><T9/><D9/><U39/><E39/><V28/><F1/><W90/><G90/><T71/><D71/><U112/><E112/><V32/><F88/><W121/><G121/><T61/><REACH who="0" step="1"/><D47/><REACH who="0" ten="240,250,250,240" step="2"/><U103/><E46/><V100/><F5/><W89/><G89/><T17/><D17/><U44/><E44/><V27/><F100/><W106/><G106/><T7/><D7/><U75/><E103/><V81/><F95/><W110/><G110/><T34/><D34/><U79/><E92/><RYUUKYOKU ba="0,2" sc="240,15,250,-15,250,-15,240,15" hai0="16,23,36,42,45,49,50,58,61,64,78,80,86" hai3="6,10,15,22,24,26,30,31,33,59,62,117,119" /><INIT seed="0,1,2,1,4,62" ten="255,235,235,255" oya="0" hai0="106,39,79,94,50,122,37,95,69,10,5,101,89" hai1="125,111,4,27,121,66,23,123,43,65,13,99,71" hai2="133,87,51,92,20,107,26,83,128,64,19,102,44" hai3="81,75,84,30,46,1,117,29,93,11,8,120,48"/><T132/><D122/><U15/><E71/><V34/><F133/><W73/><G117/><T110/><D132/><U59/><E111/><V97/><F128/><W33/><G120/><T63/><D79/><U53/><E125/><V100/><F34/><W90/><G33/><T129/><D106/><U116/><E116/><V134/><F134/><W108/><G108/><T72/><D72/><U41/><E99/><V28/><F107/><W55/><G75/><T54/><D95/><U109/><E109/><V22/><F100/><W2/><G2/><T0/><D101/><U56/><E4/><V35/><F19/><W42/><G73/><T135/><D135/><U60/><E121/><V6/><F6/><W77/><G1/><T124/><D129/><U91/><E91/><V76/><F64/><N who="1" m="24681" /><E59/><V58/><F58/><W78/><G78/><T98/><D124/><U12/><E123/><V25/><F25/><W88/><G77/><T103/><D110/><U115/><E115/><V61/><F61/><W130/><G130/><T68/><D63/><U3/><E3/><V14/><F14/><W7/><G7/><T47/><REACH who="0" step="1"/><D103/><REACH who="0" ten="245,235,235,255" step="2"/><U118/><E118/><V32/><F32/><W74/><G74/><T131/><D131/><U85/><E85/><V16/><F35/><W113/><G84/><T38/><AGARI ba="1,3" hai="0,5,10,37,38,39,47,50,54,68,69,89,94,98" machi="38" ten="30,11700,0" yaku="1,1,0,1,53,2" doraHai="62" doraHaiUra="67" who="0" fromWho="0" sc="245,150,235,-40,235,-40,255,-40" /><INIT seed="0,2,0,0,4,10" ten="395,195,195,215" oya="0" hai0="69,118,39,77,55,20,50,108,16,97,9,67,12" hai1="135,66,68,87,23,35,129,113,76,75,6,28,127" hai2="29,32,132,95,46,0,121,61,14,19,31,26,130" hai3="81,25,30,120,124,24,99,4,114,90,48,86,15"/><T89/><D118/><U131/><E75/><V109/><F95/><W92/><G114/><T49/><D39/><U103/><E35/><V36/><F61/><W102/><G124/><T94/><D108/><U70/><E113/><V72/><F72/><W79/><G120/><T21/><D77/><U22/><E103/><V54/><F54/><W91/><G48/><T33/><D33/><U58/><E127/><V47/><F47/><W126/><G126/><T110/><D110/><U104/><E6/><V74/><F46/><W41/><G41/><T84/><D50/><U40/><E104/><V27/><F74/><W13/><G25/><T111/><D111/><U38/><E135/><V11/><F36/><W82/><G4/><T18/><D97/><U63/><E87/><V37/><F37/><W122/><G122/><T73/><D73/><U123/><E76/><V62/><F62/><W7/><G7/><T105/><D105/><U51/><E123/><V56/><F109/><W85/><G79/><T43/><D43/><U57/><E57/><V64/><F121/><W59/><G59/><N who="0" m="33263" /><D18/><U100/><E100/><V98/><F98/><W60/><G60/><T112/><D112/><U96/><E96/><V83/><F0/><W80/><G80/><T115/><D115/><U101/><E101/><V17/><F83/><W117/><G117/><T3/><D3/><U78/><E78/><V116/><F116/><W5/><G5/><T53/><D53/><N who="1" m="32063" /><E68/><V107/><F32/><AGARI ba="2,0" hai="13,15,24,30,32,81,82,85,86,90,91,92,99,102" machi="32" ten="30,7700,0" yaku="7,1,9,1,52,2" doraHai="10" who="3" fromWho="2" sc="395,0,195,0,195,-83,215,83" /><INIT seed="1,0,0,2,0,65" ten="395,195,112,298" oya="1" hai0="107,64,13,133,71,103,122,96,28,114,34,69,26" hai1="27,0,105,37,2,23,46,101,55,90,62,86,125" hai2="111,61,30,12,41,33,109,73,82,112,58,85,104" hai3="11,4,38,47,91,119,113,35,39,16,99,132,102"/><U19/><E125/><V100/><F73/><W76/><G113/><T123/><D114/><U89/><E37/><V68/><F112/><W67/><G35/><T128/><D128/><U8/><E8/><V6/><F41/><W32/><G32/><T43/><D133/><U77/><E77/><V127/><F127/><W106/><G132/><T49/><D13/><U31/><E31/><V121/><F121/><N who="0" m="46090" /><D64/><U63/><E63/><V87/><F12/><W52/><G119/><T20/><D34/><U15/><E27/><N who="2" m="18655" /><F6/><W126/><G126/><T74/><D74/><U79/><E79/><N who="2" m="46303" /><F58/><W29/><G29/><T118/><D118/><U36/><E36/><V78/><F87/><W115/><G115/><T134/><D134/><U94/><E2/><V92/><F92/><W1/><G76/><T45/><AGARI ba="0,0" hai="20,26,28,43,45,49,69,71,96,103,107" m="46090" machi="45" ten="30,4000,0" yaku="13,1,52,2" doraHai="65" who="0" fromWho="0" sc="395,40,195,-20,112,-10,298,-10" /><INIT seed="2,0,0,2,3,52" ten="435,175,102,288" oya="2" hai0="38,109,94,135,93,129,76,43,7,80,107,49,113" hai1="55,63,9,67,53,10,28,122,41,42,66,45,46" hai2="22,73,108,128,36,98,97,112,60,47,85,133,91" hai3="57,89,4,99,15,119,48,56,87,23,117,127,33"/><V95/><F112/><W79/><G33/><T78/><D49/><N who="1" m="26799" /><E28/><V26/><F73/><W0/><G0/><T114/><D43/><U5/><E10/><V75/><F75/><W1/><G1/><T13/><D13/><U24/><E24/><V40/><F133/><W3/><G3/><T37/><D7/><U39/><E9/><V31/><F128/><W118/><G79/><T6/><D6/><U32/><E5/><V121/><F121/><W29/><G99/><T11/><D11/><U30/><E30/><V102/><F108/><W84/><G4/><T27/><D27/><U96/><E96/><V54/><REACH who="2" step="1"/><F102/><REACH who="2" ten="435,175,92,288" step="2"/><W100/><G100/><T8/><D109/><U134/><E134/><V105/><F105/><W12/><G119/><T125/><D129/><U51/><E122/><V101/><F101/><W58/><G118/><T115/><D135/><U70/><E32/><V103/><F103/><W50/><G117/><T132/><D115/><U17/><E17/><V74/><F74/><W77/><G29/><T126/><D114/><U62/><E39/><V18/><F18/><W61/><G127/><T44/><D126/><U104/><E104/><V120/><F120/><W25/><G77/><T106/><D107/><U111/><E111/><V71/><F71/><AGARI ba="0,1" hai="42,46,51,53,55,62,63,66,67,70,71" m="26799" machi="71" ten="30,8000,1" yaku="35,5" doraHai="52" who="1" fromWho="2" sc="435,0,175,90,92,-80,288,0" /><INIT seed="3,0,0,5,1,31" ten="435,265,12,288" oya="3" hai0="7,103,135,113,59,22,65,107,42,132,10,127,53" hai1="96,41,79,66,102,84,81,109,54,104,58,9,60" hai2="36,95,70,80,133,78,12,77,68,99,50,20,106" hai3="43,111,44,0,2,112,49,94,105,121,86,116,30"/><W61/><G112/><T38/><D65/><U4/><E109/><V122/><F36/><W91/><G116/><T19/><D127/><U32/><E41/><V85/><F106/><W92/><G105/><T114/><D42/><U34/><REACH who="1" step="1"/><E66/><REACH who="1" ten="435,255,12,288" step="2"/><V25/><F122/><W5/><G121/><T28/><D114/><U128/><E128/><V21/><F133/><W97/><G111/><T56/><D135/><U64/><E64/><V24/><F77/><W75/><G75/><T63/><D113/><U74/><E74/><V52/><F12/><AGARI ba="0,1" hai="4,9,12,32,34,54,58,60,79,81,84,96,102,104" machi="12" ten="30,7700,0" yaku="1,1,7,1,52,2,53,0" doraHai="31" doraHaiUra="23" who="1" fromWho="2" sc="435,0,255,87,12,-77,288,0" owari="435,53.5,342,14.2,-65,-56.5,288,-11.2" /></mjloggm>