<mjloggm ver="2.3"><GO type="169" lobby="0"/><UN n0="%46%4C%41%4D%45" n1="%E3%81%8B%E3%82%81%E3%81%98%E3%82%8D%E3%81%86" n2="%78%78%62%6D%6D" n3="%61%63%74%79" dan="16,16,17,16" rate="2195.15,2088.54,2189.78,2024.95" sx="M,M,M,M"/><TAIKYOKU oya="0"/><INIT seed="0,0,0,3,2,80" ten="250,250,250,250" oya="0" hai0="63,81,23,100,124,41,5,2,99,118,91,11,33" hai1="86,43,39,90,111,40,25,102,82,10,78,69,26" hai2="125,94,72,133,46,122,127,34,97,68,8,50,104" hai3="132,15,44,36,59,79,19,121,134,71,18,7,47"/><T110/><D118/><U20/><E69/><V13/><F122/><W56/><G71/><T16/><D33/><U123/><E123/><V103/><F72/><W66/><G121/><T108/><D41/><U113/><E113/><V30/><F68/><W73/><G7/><T4/><D63/><U54/><E111/><V17/><F133/><W85/><G73/><T87/><D5/><U6/><E102/><V128/><F128/><W93/><G36/><T116/><D116/><U120/><E120/><V48/><F104/><W61/><G56/><T98/><D124/><N who="2" m="47690" /><F46/><W117/><G19/><T115/><D115/><U22/><E54/><V74/><F74/><W62/><G62/><T42/><D42/><N who="1" m="15915" /><E39/><V55/><F55/><W126/><G117/><T84/><D84/><N who="1" m="48215" /><E26/><AGARI ba="0,0" hai="8,13,17,26,30,34,48,50,94,97,103" m="47690" machi="26" ten="30,1000,0" yaku="18,1" doraHai="80" who="2" fromWho="1" sc="250,0,250,-10,250,10,250,0" /><INIT seed="1,0,0,3,1,91" ten="250,240,260,250" oya="1" hai0="42,34,7,0,35,19,134,49,20,133,92,108,21" hai1="115,53,31,40,94,13,116,90,84,114,5,60,25" hai2="130,47,87,109,64,121,113,99,83,123,81,79,104" hai3="3,28,96,89,6,58,118,50,129,27,100,97,52"/><U46/><E116/><V82/><F64/><W76/><G129/><T78/><D78/><U51/><E5/><V38/><F47/><W120/><G120/><N who="2" m="46153" /><F38/><W62/><G118/><T22/><D42/><U135/><E135/><N who="0" m="51721" /><D49/><U110/><E110/><V101/><F130/><W111/><G76/><T71/><D71/><U33/><REACH who="1" step="1"/><E13/><REACH who="1" ten="250,230,260,250" step="2"/><V2/><F2/><W88/><G6/><T80/><D108/><U128/><E128/><V57/><F109/><W29/><G3/><T74/><D0/><U112/><E112/><V44/><F113/><W98/><G111/><T95/><D7/><U55/><E55/><V54/><F54/><W70/><G100/><T1/><D1/><U12/><E12/><V9/><F101/><W10/><G52/><T32/><D19/><U37/><E37/><V18/><F18/><W73/><G28/><T72/><D80/><U41/><E41/><V125/><F82/><W17/><G29/><T15/><D15/><U43/><E43/><V132/><F83/><W48/><G17/><T23/><N who="0" m="5120" /><DORA hai="69" /><T107/><D107/><U26/><E26/><V124/><F104/><W16/><G27/><T106/><D106/><U14/><E14/><V68/><F81/><W93/><G16/><T24/><D24/><U86/><E86/><V66/><F87/><W119/><G119/><T4/><D4/><U105/><E105/><V126/><F79/><W67/><G96/><T36/><D36/><U11/><E11/><V117/><F99/><W122/><G97/><T30/><D30/><U127/><E127/><V102/><F132/><W39/><G98/><RYUUKYOKU ba="0,1" sc="250,15,230,15,260,-15,250,-15" hai0="32,34,35,72,74,92,95" hai1="25,31,33,40,46,51,53,60,84,90,94,114,115" /><INIT seed="1,1,1,0,4,107" ten="265,245,245,235" oya="1" hai0="74,103,33,102,41,122,126,5,95,108,87,97,60" hai1="66,50,79,70,30,12,123,117,14,131,52,13,54" hai2="43,18,89,20,109,45,26,4,82,10,86,130,96" hai3="104,51,73,92,93,112,121,39,32,48,63,1,21"/><U47/><E117/><V129/><F109/><W99/><G32/><T81/><D108/><U28/><E123/><V78/><F96/><W134/><G39/><T124/><D33/><U71/><E131/><V120/><F89/><W37/><G37/><T27/><D27/><U16/><E79/><V68/><F68/><W128/><G112/><T9/><D122/><U25/><E54/><V42/><F120/><W76/><G1/><T69/><D41/><U101/><E101/><V105/><F105/><W80/><G128/><N who="2" m="49257" /><F45/><W53/><G104/><T85/><D103/><U8/><E8/><V36/><F36/><W67/><G134/><T114/><D114/><U125/><E125/><N who="0" m="48233" /><D60/><U88/><E88/><V133/><F133/><W83/><G121/><T119/><D69/><U90/><E70/><V40/><F40/><W94/><G99/><T118/><D5/><U11/><E90/><V111/><F111/><W100/><G100/><T91/><D9/><U3/><E3/><AGARI ba="1,1" hai="3,4,10,18,20,26,42,43,78,82,86" m="49257" machi="3" ten="30,1000,0" yaku="19,1" doraHai="107" who="2" fromWho="1" sc="265,0,245,-13,245,23,235,0" /><INIT seed="2,0,0,3,0,126" ten="265,232,268,235" oya="2" hai0="115,100,128,67,9,127,93,134,95,26,40,15,92" hai1="94,5,38,125,13,101,25,11,118,51,107,50,113" hai2="48,49,55,58,68,121,87,59,116,122,124,43,89" hai3="24,53,63,72,66,110,29,6,61,108,62,18,64"/><V37/><F116/><W117/><G72/><T52/><D115/><U1/><E118/><V28/><F124/><W23/><G117/><T44/><D127/><U120/><E125/><V42/><F28/><W85/><G6/><T109/><D109/><N who="3" m="42089" /><G53/><T3/><D134/><U21/><E113/><V70/><F87/><W131/><G85/><T82/><D67/><N who="3" m="25641" /><G29/><T123/><D52/><U39/><E120/><V97/><F97/><W20/><G23/><T34/><D123/><U31/><E107/><V102/><F55/><W22/><G22/><T79/><D3/><U73/><E73/><V130/><F102/><W16/><G18/><T99/><D26/><U12/><E38/><V80/><F80/><W46/><G46/><T83/><D83/><U27/><E39/><V54/><F54/><W90/><G90/><T91/><D91/><U57/><E25/><V114/><F89/><W112/><G112/><T45/><D45/><U133/><E57/><V104/><F114/><W36/><G36/><T17/><D82/><U103/><E103/><V88/><F88/><W106/><G106/><T78/><D44/><U75/><E75/><V47/><F47/><W71/><G71/><T35/><D100/><U33/><E133/><V14/><F37/><W69/><G69/><T30/><D30/><U0/><E0/><V98/><F104/><W119/><G119/><T19/><D19/><N who="1" m="10479" /><E12/><V4/><F14/><W8/><G8/><T105/><D15/><U60/><E60/><V81/><F81/><W32/><G32/><T111/><D35/><U41/><E41/><V135/><F121/><RYUUKYOKU ba="0,0" sc="265,-15,232,15,268,-15,235,15" hai1="1,5,11,27,31,33,50,51,94,101" hai3="16,20,24,61,62,63,131" /><INIT seed="3,1,0,3,0,88" ten="250,247,253,250" oya="3" hai0="111,50,86,31,4,100,20,134,5,39,120,90,13" hai1="70,6,68,57,37,15,105,104,18,112,91,12,29" hai2="116,1,9,127,106,24,60,93,62,76,89,119,55" hai3="131,128,118,61,26,75,85,98,33,87,109,115,3"/><W8/><G75/><T73/><D120/><U78/><E112/><V117/><F106/><W81/><G118/><T114/><D111/><U48/><E37/><V66/><F127/><W52/><G115/><T30/><D39/><U124/><E124/><V74/><F74/><W133/><G109/><T97/><D73/><U40/><E29/><V96/><F76/><W135/><G98/><T59/><D134/><N who="3" m="51209" /><G33/><T122/><D122/><U94/><E78/><V27/><F55/><W113/><G26/><T99/><D114/><U41/><E70/><V103/><F103/><W129/><G113/><T54/><D31/><U69/><E69/><V71/><REACH who="2" step="1"/><F62/><REACH who="2" ten="250,247,243,250" step="2"/><W95/><G61/><T11/><D100/><U42/><E104/><V38/><F38/><W102/><G52/><T123/><D123/><U28/><E105/><V36/><F36/><W77/><G102/><T126/><D126/><U14/><E40/><V53/><F53/><W44/><G128/><T17/><D30/><U22/><E41/><V63/><F63/><W64/><G77/><T45/><D45/><U35/><E42/><V82/><F82/><W83/><G44/><T121/><D121/><U19/><E28/><V23/><F23/><W7/><G129/><T65/><D65/><U72/><E22/><V132/><F132/><W25/><G64/><T56/><D56/><U79/><E57/><V107/><F107/><W16/><G131/><T92/><REACH who="0" step="1"/><D4/><AGARI ba="1,1" hai="1,4,9,24,27,60,66,71,89,93,96,116,117,119" machi="4" ten="40,5200,0" yaku="1,1,52,1,53,1" doraHai="88" doraHaiUra="67" who="2" fromWho="0" sc="250,-55,247,0,243,65,250,0" /><INIT seed="4,0,0,3,1,60" ten="195,247,308,250" oya="0" hai0="132,70,45,81,28,42,43,38,77,29,95,20,71" hai1="67,125,61,32,65,105,100,84,73,104,69,82,121" hai2="91,122,93,107,7,85,27,133,23,35,110,131,64" hai3="18,8,59,11,50,117,62,53,118,68,112,106,99"/><T103/><D132/><U36/><E121/><V1/><F110/><W120/><G120/><T89/><D103/><U119/><E119/><V130/><F133/><W98/><G112/><T127/><D127/><U3/><E125/><V74/><F122/><W80/><G80/><T63/><D43/><U54/><E36/><V75/><F35/><W126/><G126/><T86/><D20/><U55/><E3/><V87/><F107/><W78/><G78/><T94/><D94/><U37/><E73/><V113/><F85/><W47/><G68/><T52/><D71/><U24/><E67/><V44/><F64/><W13/><G8/><T76/><D76/><U114/><E37/><V40/><F7/><W109/><G109/><T0/><D0/><U6/><E6/><V33/><F33/><W2/><G2/><T58/><REACH who="0" step="1"/><D70/><REACH who="0" ten="185,247,308,250" step="2"/><U116/><E105/><V102/><F102/><W128/><G106/><T66/><D66/><U21/><E104/><V90/><F1/><W34/><G117/><T97/><AGARI ba="0,1" hai="28,29,38,42,45,52,58,63,77,81,86,89,95,97" machi="97" ten="20,7800,0" yaku="1,1,0,1,7,1,54,1,53,0" doraHai="60" doraHaiUra="15" who="0" fromWho="0" sc="185,88,247,-26,308,-26,250,-26" /><INIT seed="4,1,0,3,3,10" ten="273,221,282,224" oya="0" hai0="69,98,38,97,70,89,85,65,61,78,93,13,9" hai1="32,23,0,126,3,2,15,50,119,56,64,8,25" hai2="67,91,40,14,106,113,128,84,39,43,72,114,129" hai3="55,79,19,41,94,31,66,132,125,109,62,52,5"/><T36/><D70/><U44/><E119/><V74/><F67/><W37/><G31/><T127/><D127/><U12/><E32/><V58/><F58/><W27/><G109/><T22/><D22/><U122/><E122/><V75/><F14/><W49/><G5/><T104/><D78/><U54/><E126/><V71/><F71/><W82/><G125/><T90/><D104/><U92/><E92/><N who="2" m="54375" /><F106/><W57/><G132/><T60/><D60/><U46/><E8/><V86/><F39/><W124/><G94/><T115/><D115/><N who="2" m="44042" /><F86/><W121/><G121/><T99/><REACH who="0" step="1"/><D90/><REACH who="0" ten="263,221,282,224" step="2"/><U11/><E11/><V59/><F59/><W53/><G124/><T133/><D133/><U73/><E56/><V107/><F107/><W96/><G57/><T81/><D81/><U112/><E112/><V87/><F129/><W105/><G82/><T33/><D33/><U21/><E21/><V131/><F131/><W103/><G79/><T110/><D110/><U130/><E130/><V6/><F128/><W108/><G108/><T118/><D118/><U30/><E64/><V24/><F74/><W83/><G62/><T101/><D101/><U95/><E73/><V76/><F72/><W117/><G103/><T77/><D77/><U134/><E134/><V63/><F63/><W20/><G105/><T45/><D45/><U4/><E46/><V47/><F47/><W123/><G66/><T88/><D88/><U7/><E95/><V29/><F75/><W28/><G117/><T100/><D100/><U42/><E54/><V102/><F102/><W18/><G53/><T120/><D120/><RYUUKYOKU ba="1,1" sc="263,15,221,15,282,-15,224,-15" hai0="9,13,36,38,61,65,69,85,89,93,97,98,99" hai1="0,2,3,4,7,12,15,23,25,30,42,44,50" /><INIT seed="4,2,1,5,5,60" ten="278,236,267,209" oya="0" hai0="42,12,123,117,128,72,38,11,29,47,7,105,43" hai1="49,14,100,44,109,106,76,67,3,31,88,132,8" hai2="129,85,50,70,54,2,96,30,94,75,65,115,21" hai3="69,34,83,134,17,84,110,58,86,125,39,68,126"/><T127/><D123/><U73/><E109/><V23/><F75/><W91/><G39/><T114/><D117/><U5/><E132/><V79/><F2/><W22/><G34/><T97/><D72/><U28/><E3/><V92/><F129/><W9/><G9/><T6/><D43/><U16/><E5/><V41/><F41/><W120/><G110/><T98/><D6/><U78/><E106/><V18/><F30/><N who="1" m="11305" /><E100/><V101/><F115/><W55/><G86/><T61/><D114/><U0/><E0/><V131/><F131/><W15/><G134/><T111/><D128/><U45/><E73/><V87/><F23/><W4/><G4/><T27/><D111/><U103/><E103/><V124/><F79/><N who="1" m="30249" /><E67/><V57/><F94/><W66/><G66/><T118/><D105/><U77/><N who="1" m="30257" /><U40/><DORA hai="133" /><E45/><V93/><F93/><W130/><G120/><T90/><D47/><U135/><E135/><V36/><F36/><W108/><G108/><T119/><D7/><U112/><E112/><V99/><F65/><W62/><REACH who="3" step="1"/><G130/><REACH who="3" ten="278,236,267,199" step="2"/><T53/><D38/><U89/><AGARI ba="2,2" hai="8,14,16,40,44,49,88,89" m="30257,11305" machi="89" ten="40,5200,0" yaku="8,1,54,2" doraHai="60,133" who="1" fromWho="1" sc="278,-28,236,78,267,-15,199,-15" /><INIT seed="5,0,0,3,3,72" ten="250,314,252,184" oya="1" hai0="63,53,81,109,90,77,110,19,99,134,112,23,33" hai1="121,87,60,43,34,111,86,17,46,95,25,9,31" hai2="57,13,129,1,127,106,37,70,92,116,8,18,47" hai3="56,85,32,59,78,58,79,67,7,88,50,98,117"/><U42/><E121/><V94/><F116/><W41/><G32/><T22/><D33/><U11/><E111/><V52/><F70/><W102/><G117/><T39/><D39/><U24/><E60/><V64/><F106/><W62/><G7/><T128/><D112/><U100/><E100/><V103/><F1/><W93/><G41/><T89/><D128/><U75/><E75/><V108/><F108/><W54/><REACH who="3" step="1"/><G59/><REACH who="3" ten="250,314,252,174" step="2"/><N who="0" m="35311" /><D110/><U130/><E43/><V84/><F129/><W2/><G2/><T61/><D109/><U120/><E130/><V133/><F57/><W28/><G28/><T71/><D71/><U49/><E120/><V104/><F37/><W83/><AGARI ba="0,1" hai="50,54,56,58,62,67,78,79,83,85,88,93,98,102" machi="83" ten="20,16000,3" yaku="1,1,0,1,7,1,8,1,52,2,54,1,53,1" doraHai="72" doraHaiUra="80" who="3" fromWho="3" sc="250,-40,314,-80,252,-40,174,170" /><INIT seed="6,0,0,1,5,68" ten="210,234,212,344" oya="2" hai0="29,66,134,52,35,126,94,46,33,111,17,9,34" hai1="18,117,98,110,133,27,73,125,116,36,8,100,122" hai2="101,49,58,83,12,107,99,5,3,91,65,16,129" hai3="130,28,31,87,118,43,45,47,14,50,79,53,4"/><V97/><F129/><W63/><G118/><T114/><D111/><U132/><E110/><V56/><F3/><W24/><G130/><T86/><D29/><U88/><E125/><V15/><F65/><W11/><G24/><T92/><D126/><U90/><E8/><V109/><F109/><W74/><G74/><T76/><D66/><U21/><E73/><V69/><F69/><W55/><G63/><T95/><D114/><U119/><E122/><V84/><F12/><W112/><G112/><T25/><D134/><N who="1" m="51819" /><E36/><V13/><F13/><W30/><G47/><T105/><D105/><AGARI ba="0,0" hai="18,21,27,88,90,98,100,105,116,117,119" m="51819" machi="105" ten="40,2600,0" yaku="20,1,54,1" doraHai="68" who="1" fromWho="0" sc="210,-26,234,26,212,0,344,0" /><INIT seed="7,0,0,0,0,40" ten="184,260,212,344" oya="3" hai0="90,35,95,23,71,20,5,115,44,81,87,27,108" hai1="48,21,17,66,69,91,92,88,100,135,122,2,127" hai2="93,56,78,131,83,46,116,68,72,31,59,19,96" hai3="70,51,1,123,98,45,63,77,94,75,114,76,33"/><W117/><G117/><T128/><D108/><U99/><E122/><V120/><F116/><W80/><G123/><T28/><D71/><U6/><E127/><V103/><F68/><W133/><G76/><T67/><D128/><U112/><E112/><V26/><F120/><W121/><G121/><T119/><D119/><U107/><E135/><V54/><F131/><W39/><G114/><T118/><D115/><U62/><E2/><V10/><F19/><W64/><G33/><T41/><D118/><U124/><E124/><V110/><F10/><W74/><G1/><T105/><D105/><U9/><E9/><V8/><F8/><W82/><G39/><T42/><D42/><U37/><E6/><V101/><F101/><W7/><G7/><T84/><D67/><U97/><E37/><V15/><F15/><W22/><G22/><T130/><D5/><U52/><E99/><V29/><F29/><W60/><G63/><T102/><D130/><U126/><E107/><V106/><F110/><W85/><G80/><T13/><D13/><U12/><E12/><V18/><F18/><W57/><G133/><T47/><D102/><U61/><E61/><V53/><F106/><W89/><G70/><T24/><D41/><AGARI ba="0,0" hai="41,45,51,57,60,64,74,75,77,82,85,89,94,98" machi="41" ten="30,2900,0" yaku="7,1,52,1" doraHai="40" who="3" fromWho="0" sc="184,-29,260,0,212,0,344,29" owari="155,-34.5,260,6.0,212,-18.8,373,47.3" /></mjloggm>