<mjloggm ver="2.3"><GO type="169" lobby="0"/><UN n0="%E3%81%95%E3%82%84%E3%81%95%E3%82%84" n1="%E9%95%B7%E5%B2%A1" n2="%E3%82%AB%E3%82%B6%E3%83%A9%E3%82%AD" n3="%E3%83%8A%E3%82%B4%E3%83%A0" dan="16,16,17,18" rate="2116.41,2129.01,2153.84,2234.04" sx="M,M,M,M"/><TAIKYOKU oya="0"/><INIT seed="0,0,0,0,1,2" ten="250,250,250,250" oya="0" hai0="134,10,36,25,13,57,125,1,30,37,18,130,101" hai1="67,99,79,65,90,110,118,73,129,69,92,34,133" hai2="0,46,70,51,50,102,38,117,126,114,123,61,35" hai3="105,56,94,58,98,29,120,55,127,89,39,100,107"/><T20/><D101/><U76/><E118/><V59/><F35/><W32/><G39/><T113/><D113/><U119/><E119/><V64/><F117/><W95/><G127/><T31/><D125/><U48/><E34/><V77/><F126/><W43/><G120/><T21/><D130/><U131/><E110/><V84/><F102/><W97/><G43/><T128/><D128/><N who="1" m="49227" /><E133/><V4/><F114/><W17/><G56/><T109/><D134/><U68/><E48/><V40/><F123/><W121/><G121/><T75/><D75/><U116/><E116/><V106/><F106/><W12/><G29/><T62/><D109/><U87/><E87/><V112/><F112/><W83/><G83/><T108/><D108/><U7/><E7/><V80/><REACH who="2" step="1"/><F59/><REACH who="2" ten="250,250,240,250" step="2"/><W81/><G32/><T28/><D1/><U8/><E69/><V23/><F23/><W19/><G100/><T47/><D37/><U45/><E68/><V78/><F78/><N who="1" m="29737" /><E73/><V132/><F132/><W9/><G105/><T66/><REACH who="0" step="1"/><D21/><REACH who="0" ten="240,250,240,250" step="2"/><U104/><E104/><V111/><F111/><W14/><G107/><T91/><D91/><U52/><E8/><AGARI ba="0,2" hai="0,4,8,38,40,46,50,51,61,64,70,77,80,84" machi="8" ten="40,2600,0" yaku="1,1,52,1,53,0" doraHai="2" doraHaiUra="122" who="2" fromWho="1" sc="240,0,250,-26,240,46,250,0" /><INIT seed="1,0,0,5,0,23" ten="240,224,286,250" oya="1" hai0="102,69,135,56,89,21,41,96,25,104,75,6,20" hai1="27,32,38,57,108,31,74,101,91,118,105,7,10" hai2="130,65,30,9,26,13,111,72,77,60,88,58,16" hai3="103,84,127,34,124,1,17,81,83,132,115,53,62"/><U73/><E118/><V12/><F111/><W63/><G1/><T100/><D69/><U90/><E108/><V43/><F130/><W0/><G0/><T120/><D120/><U29/><E38/><V116/><F116/><W37/><G37/><T22/><D135/><U133/><E133/><V87/><F43/><W18/><G132/><T86/><D75/><U71/><E57/><V121/><F121/><W95/><G34/><T123/><D123/><U49/><E49/><V79/><F13/><W59/><G115/><T61/><D41/><U85/><E91/><V125/><F72/><W44/><G44/><T11/><D100/><U92/><E71/><V78/><F125/><W109/><G109/><T40/><D40/><U117/><E117/><V131/><F131/><W99/><G83/><T112/><D112/><U36/><E36/><V93/><F77/><W47/><G47/><T48/><D48/><U70/><E70/><V66/><F66/><W33/><G33/><AGARI ba="0,0" hai="9,12,16,26,30,33,58,60,65,78,79,87,88,93" machi="33" ten="30,7700,0" yaku="7,1,52,1,54,2" doraHai="23" who="2" fromWho="3" sc="240,0,224,0,286,77,250,-77" /><INIT seed="2,0,0,0,1,65" ten="240,224,363,173" oya="2" hai0="106,37,103,68,33,79,28,83,116,46,50,67,0" hai1="41,39,32,101,49,30,72,25,124,5,42,62,126" hai2="11,47,27,78,70,81,87,26,74,113,54,129,22" hai3="77,114,60,13,91,84,109,29,127,86,128,102,45"/><V51/><F113/><W31/><G109/><T130/><D130/><U21/><E72/><V38/><F129/><W75/><G75/><T56/><D0/><U48/><E101/><V134/><F134/><W61/><G128/><T88/><D116/><U59/><E5/><V73/><F38/><W20/><G102/><T112/><D112/><U18/><E48/><V1/><F27/><W4/><G114/><T80/><D37/><U132/><E49/><V111/><F111/><W96/><G127/><N who="1" m="48682" /><E39/><V2/><F70/><W6/><G96/><T82/><D106/><U57/><E132/><V16/><REACH who="2" step="1"/><F1/><REACH who="2" ten="240,224,353,173" step="2"/><W35/><G35/><T55/><D68/><U17/><E32/><V104/><F104/><W63/><G31/><T123/><D28/><U71/><E71/><V93/><F93/><W52/><G29/><T122/><D33/><U110/><E110/><V9/><F9/><W44/><G20/><T98/><D123/><U90/><E30/><V85/><F85/><W105/><G105/><T99/><D122/><U10/><E10/><V135/><F135/><W23/><G86/><T120/><D120/><U14/><E25/><V12/><F12/><W34/><G34/><T58/><D98/><U40/><E14/><V76/><F76/><W133/><G77/><T24/><D99/><U107/><E21/><V66/><F66/><W115/><G115/><T118/><D67/><N who="1" m="39375" /><E107/><V95/><F95/><N who="3" m="54759" /><G133/><T3/><D24/><U43/><N who="1" m="10240" /><DORA hai="89" /><U131/><E131/><V92/><F92/><W108/><G108/><T97/><D3/><U64/><E90/><V15/><F15/><RYUUKYOKU ba="0,1" sc="240,-15,224,15,353,15,173,-15" hai1="17,18,59,64" hai2="2,11,16,22,26,47,51,54,73,74,78,81,87" /><INIT seed="2,1,1,5,0,17" ten="225,239,368,158" oya="2" hai0="49,83,77,29,24,52,19,37,116,65,94,7,31" hai1="8,106,5,32,67,78,71,34,47,46,74,91,82" hai2="131,58,119,90,3,92,44,2,22,103,11,38,128" hai3="18,26,15,48,88,55,133,23,104,123,117,111,60"/><V12/><F119/><W62/><G117/><T125/><D116/><U41/><E47/><V68/><F68/><W84/><G111/><T93/><D125/><U118/><E91/><V57/><F103/><W21/><G104/><T56/><D37/><U79/><E79/><V102/><F102/><W25/><G133/><T80/><D7/><U113/><E113/><V14/><F44/><N who="3" m="28039" /><G123/><T43/><D65/><U61/><E106/><V0/><F38/><W54/><G54/><T33/><D43/><U53/><E53/><V127/><F127/><W89/><G25/><T59/><D29/><U75/><E75/><V81/><F81/><N who="3" m="49167" /><G89/><T100/><D56/><U63/><E61/><V70/><F70/><W42/><G42/><T124/><D124/><U101/><E101/><V87/><F58/><W97/><G97/><T40/><D40/><U96/><E96/><V27/><F57/><W130/><G130/><N who="2" m="49705" /><F11/><W114/><G114/><T112/><D112/><U1/><REACH who="1" step="1"/><E118/><REACH who="1" ten="225,229,368,158" step="2"/><V66/><F66/><W73/><G73/><T129/><D100/><U121/><E121/><V85/><F87/><W122/><G122/><T64/><D77/><U16/><E16/><AGARI ba="1,2" hai="0,2,3,12,14,16,22,27,85,90,92" m="49705" machi="16" ten="40,7700,0" yaku="19,1,52,1,54,1" doraHai="17" who="2" fromWho="1" sc="225,0,229,-80,368,100,158,0" /><AGARI ba="1,0" hai="15,16,18,21,23,26,60,62" m="49167,28039" machi="16" ten="30,8000,1" yaku="8,1,52,2,54,2" doraHai="17" who="3" fromWho="1" sc="225,0,149,-80,468,0,158,80" /><INIT seed="2,2,0,4,1,100" ten="225,69,468,238" oya="2" hai0="6,80,107,130,87,86,133,8,120,2,108,93,116" hai1="79,106,105,0,98,69,53,58,44,7,42,50,119" hai2="70,16,4,124,118,25,94,114,122,77,41,27,24" hai3="66,3,11,109,28,15,76,12,121,26,40,62,35"/><V115/><F70/><W43/><G109/><T99/><D116/><U111/><E119/><V74/><F118/><W22/><G121/><T75/><D120/><U85/><E98/><V91/><F122/><W57/><G76/><T23/><D108/><U125/><E111/><V18/><F41/><W135/><G135/><T97/><D133/><U34/><E34/><V95/><F77/><W29/><G29/><T47/><D130/><U129/><E129/><V39/><F39/><W90/><G3/><T36/><D23/><U102/><E102/><V103/><F4/><W73/><G73/><T55/><D87/><U78/><E125/><V33/><F74/><W84/><G35/><T48/><D36/><N who="1" m="21575" /><E85/><V60/><F60/><W20/><G20/><T134/><D134/><U17/><E17/><V61/><F61/><W71/><G71/><T127/><D127/><U104/><E7/><V65/><F65/><W92/><REACH who="3" step="1"/><G15/><REACH who="3" ten="225,69,468,228" step="2"/><T21/><D21/><U72/><E0/><V112/><F33/><W88/><G88/><T63/><D75/><U30/><E30/><V64/><F124/><W132/><G132/><T113/><D2/><U54/><E72/><V96/><F114/><W117/><G117/><T49/><D113/><U51/><E69/><V110/><F110/><W68/><G68/><T19/><D6/><AGARI ba="2,1" hai="6,11,12,22,26,28,40,43,57,62,66,84,90,92" machi="6" ten="30,7700,0" yaku="1,1,7,1,8,1,53,1" doraHai="100" doraHaiUra="10" who="3" fromWho="0" sc="225,-83,69,0,468,0,228,93" /><INIT seed="3,0,0,1,3,83" ten="142,69,468,321" oya="3" hai0="122,130,0,61,49,50,19,72,116,9,94,111,73" hai1="17,110,127,33,63,42,98,55,38,46,52,121,43" hai2="125,109,131,5,20,47,54,75,13,71,64,62,88" hai3="27,11,8,132,67,60,26,29,118,108,21,23,86"/><W45/><G132/><T14/><D116/><U117/><E121/><V135/><F109/><W12/><G118/><T99/><D111/><U57/><E110/><V133/><F75/><W97/><G108/><T59/><D122/><U96/><E117/><V4/><F125/><W28/><G45/><T104/><D0/><U126/><E33/><V115/><F115/><W74/><G74/><T102/><D130/><U129/><E129/><V80/><F131/><W107/><G107/><T81/><D104/><U56/><E17/><N who="2" m="10287" /><F54/><W79/><G97/><T123/><D123/><U58/><E58/><V119/><F47/><W37/><G37/><T77/><REACH who="0" step="1"/><D72/><REACH who="0" ten="132,69,468,321" step="2"/><U41/><E96/><V3/><F3/><W7/><G11/><T89/><D89/><U93/><E98/><V68/><F119/><W69/><G79/><T44/><D44/><U18/><E93/><V103/><F103/><W124/><G124/><N who="1" m="47658" /><E18/><V134/><F71/><W10/><G10/><T39/><D39/><U40/><E40/><V128/><F128/><W70/><G70/><T87/><D87/><AGARI ba="0,1" hai="4,5,62,64,68,80,87,88,133,134,135" m="10287" machi="87" ten="30,3900,0" yaku="20,1,52,1,54,1" doraHai="83" who="2" fromWho="0" sc="132,-39,69,0,468,49,321,0" /><AGARI ba="0,0" hai="7,8,12,21,23,26,27,28,29,60,67,69,86,87" machi="87" ten="40,7700,0" yaku="9,1,52,2" doraHai="83" who="3" fromWho="0" sc="93,-77,69,0,517,0,321,77" /><INIT seed="3,1,0,1,4,118" ten="16,69,517,398" oya="3" hai0="82,42,126,97,33,96,28,69,9,63,67,116,53" hai1="78,125,101,72,121,85,98,36,3,31,112,44,0" hai2="14,95,51,26,40,80,10,77,27,73,48,30,109" hai3="2,87,18,89,128,55,122,35,86,76,47,106,41"/><W134/><G106/><T8/><D126/><U17/><E17/><V23/><F109/><W59/><G2/><T12/><D116/><U79/><E79/><V133/><F133/><W62/><G35/><T64/><D42/><N who="1" m="22599" /><E85/><V56/><F40/><W24/><G128/><T105/><D64/><U123/><E125/><V81/><F81/><W5/><G134/><T65/><D67/><U39/><E112/><V132/><F132/><W120/><G5/><T115/><D115/><U88/><E88/><V49/><F27/><W127/><G127/><T92/><D105/><N who="1" m="63671" /><E31/><V6/><F95/><W34/><G76/><T52/><D82/><N who="1" m="45383" /><E39/><V108/><F108/><W57/><G57/><T11/><D12/><U22/><E22/><V91/><F91/><W131/><G87/><T58/><D58/><U130/><E130/><V46/><F56/><W94/><G131/><T104/><D104/><U32/><E32/><V103/><F103/><W119/><G119/><T13/><D13/><U16/><E0/><V66/><F66/><W50/><REACH who="3" step="1"/><G18/><REACH who="3" ten="16,69,517,388" step="2"/><T117/><D117/><U43/><E16/><V19/><REACH who="2" step="1"/><F46/><REACH who="2" ten="16,69,507,388" step="2"/><W102/><G102/><T129/><D129/><U135/><E135/><V90/><F90/><W114/><G114/><T70/><D65/><U20/><E3/><V61/><F61/><W7/><G7/><AGARI ba="1,2" hai="6,7,10,14,19,23,26,30,48,49,51,73,77,80" machi="7" ten="40,1300,0" yaku="1,1,53,0" doraHai="118" doraHaiUra="68" who="2" fromWho="3" sc="16,0,69,0,507,36,388,-16" /><INIT seed="4,0,0,2,1,21" ten="16,69,543,372" oya="0" hai0="106,16,101,77,108,75,54,88,11,7,130,93,86" hai1="127,119,63,134,92,71,45,76,104,70,41,26,37" hai2="97,129,59,47,8,33,32,110,121,78,60,68,49" hai3="4,96,14,6,19,18,39,81,10,132,20,24,44"/><T3/><D130/><U113/><E104/><V30/><F121/><W35/><G39/><T27/><D108/><U98/><E119/><V38/><F78/><W29/><G44/><T82/><D54/><U133/><E127/><V109/><F8/><N who="3" m="4359" /><G81/><T115/><D115/><U52/><E76/><V13/><F129/><W43/><G96/><N who="0" m="61735" /><D16/><N who="3" m="6185" /><G43/><T114/><D114/><U28/><E113/><V95/><F68/><W131/><G131/><T2/><D2/><U94/><E70/><V50/><F50/><W61/><G61/><T66/><D66/><U34/><E92/><V91/><F38/><W15/><G132/><N who="1" m="50794" /><E52/><V100/><F49/><W74/><G74/><T125/><D125/><U89/><E63/><V51/><F51/><W58/><G58/><T25/><AGARI ba="0,0" hai="3,7,11,25,27,75,77,82,86,88,93" m="61735" machi="25" ten="30,11700,0" yaku="24,1,52,2,54,1" doraHai="21" who="0" fromWho="0" sc="16,117,69,-39,543,-39,372,-39" /><INIT seed="4,1,0,0,4,128" ten="133,30,504,333" oya="0" hai0="124,5,123,56,0,75,77,60,37,105,93,8,27" hai1="15,66,34,4,94,19,65,135,26,57,7,89,36" hai2="35,14,80,59,126,122,112,131,118,85,107,12,101" hai3="79,130,114,58,42,90,70,40,61,9,13,76,82"/><T11/><D123/><U2/><E36/><V98/><F35/><W127/><G114/><T132/><D105/><U52/><E135/><V119/><F12/><W17/><G130/><T129/><D129/><U100/><E100/><V18/><F59/><W74/><G127/><T125/><D37/><U39/><E39/><V50/><F50/><W121/><G121/><T104/><D104/><U25/><E65/><V63/><F63/><W21/><G70/><T53/><D11/><U120/><E66/><V115/><F14/><W51/><G51/><T62/><D132/><U72/><E72/><V110/><F18/><W92/><G79/><T46/><D60/><U23/><E120/><V20/><F20/><W10/><G10/><T6/><D6/><N who="1" m="2091" /><E34/><V111/><F126/><N who="0" m="48746" /><D93/><U28/><E28/><V38/><F38/><W78/><G78/><T96/><D96/><N who="1" m="57423" /><E2/><V3/><F3/><W69/><G69/><T103/><D103/><U73/><E73/><V54/><F131/><W88/><G9/><T99/><D99/><U67/><E67/><V64/><F64/><W84/><G90/><T41/><D75/><U32/><E32/><V97/><F97/><W108/><G108/><T1/><D1/><U22/><E23/><V106/><F122/><W68/><G68/><T109/><D109/><U47/><E22/><V30/><F111/><W48/><G61/><T71/><D71/><U44/><E26/><V87/><F110/><W29/><G29/><T49/><D77/><U16/><E25/><AGARI ba="1,0" hai="0,5,8,25,27,41,46,49,53,56,62" m="48746" machi="25" ten="30,1500,0" yaku="18,1" doraHai="128" who="0" fromWho="1" sc="133,18,30,-18,504,0,333,0" /><INIT seed="4,2,0,2,2,3" ten="151,12,504,333" oya="0" hai0="93,117,64,48,50,67,7,106,45,1,95,123,0" hai1="61,88,85,74,108,46,76,30,110,40,29,134,87" hai2="126,122,119,102,25,14,112,55,116,104,91,113,32" hai3="121,70,118,107,4,12,59,128,135,19,99,39,115"/><T109/><D106/><U37/><E134/><V26/><F102/><W73/><G59/><T94/><D117/><U78/><E87/><V18/><F104/><W75/><G12/><T47/><D123/><U81/><E76/><V28/><F91/><W20/><G4/><T15/><D15/><U97/><E97/><V68/><F55/><W60/><G20/><T77/><D77/><U36/><E36/><V133/><F68/><W56/><G19/><T101/><D101/><U8/><E61/><V17/><F126/><W52/><G52/><T120/><D120/><U127/><E127/><V10/><F133/><W6/><G6/><T44/><D7/><U21/><E8/><V79/><F79/><W9/><G9/><T23/><D23/><U100/><E100/><V80/><F80/><W84/><G56/><T24/><D24/><U33/><E33/><V58/><F58/><W132/><G60/><T5/><D5/><U27/><REACH who="1" step="1"/><E30/><REACH who="1" ten="151,2,504,333" step="2"/><V62/><F62/><W42/><G99/><T98/><D98/><U82/><AGARI ba="2,1" hai="21,27,29,37,40,46,74,78,81,82,85,88,108,110" machi="82" ten="20,8000,1" yaku="1,1,2,1,0,1,7,1,54,1,53,0" doraHai="3" doraHaiUra="35" who="1" fromWho="1" sc="151,-42,2,96,504,-22,333,-22" /><INIT seed="5,0,0,3,4,97" ten="109,98,482,311" oya="1" hai0="122,4,17,0,132,20,24,49,50,26,88,36,127" hai1="110,113,129,78,32,15,55,70,104,6,56,131,82" hai2="71,133,94,63,60,87,86,125,81,66,8,123,118" hai3="54,52,95,43,11,29,112,64,51,42,79,91,7"/><U58/><E70/><V128/><F118/><W90/><G112/><T23/><D36/><U12/><E113/><V100/><F123/><W77/><G64/><T39/><D39/><U25/><E104/><V16/><F125/><W2/><G29/><T116/><D122/><U102/><E110/><V59/><F133/><W41/><G54/><T103/><D116/><U80/><E102/><V40/><F40/><W35/><G35/><T111/><D111/><U74/><E82/><V107/><F107/><W93/><G93/><T37/><D37/><U69/><E69/><V19/><F8/><W114/><G114/><T67/><D67/><U76/><E76/><V120/><F128/><N who="1" m="49225" /><E6/><V53/><F120/><W130/><G130/><T61/><D132/><U57/><E55/><V31/><F31/><AGARI ba="0,0" hai="12,15,25,31,32,56,57,58,74,78,80" m="49225" machi="31" ten="30,1500,0" yaku="19,1" doraHai="97" who="1" fromWho="2" sc="109,0,98,15,482,-15,311,0" /><INIT seed="5,1,0,5,0,93" ten="109,113,467,311" oya="1" hai0="3,130,115,30,25,80,84,52,70,107,11,18,38" hai1="108,90,63,79,73,94,117,29,60,114,27,66,135" hai2="28,77,39,92,55,86,87,81,116,64,128,1,126" hai3="99,4,65,129,88,125,14,105,49,100,42,74,7"/><U22/><E114/><V8/><F116/><W12/><G74/><T82/><D70/><U96/><E135/><V133/><F28/><W89/><G65/><T19/><D107/><U56/><E117/><V13/><F1/><W91/><G125/><T46/><D130/><U24/><E108/><V26/><F39/><W76/><G76/><T127/><D115/><U110/><E110/><V78/><F26/><W109/><G109/><T51/><D38/><U71/><E27/><V124/><F64/><W122/><G122/><T23/><D127/><U15/><E15/><V120/><F120/><W67/><G67/><T41/><D41/><U119/><E119/><V10/><F55/><W103/><G103/><T59/><D3/><U17/><E29/><V75/><F13/><W111/><G111/><T45/><D80/><U35/><E35/><V21/><F21/><W47/><G129/><T123/><D123/><U83/><REACH who="1" step="1"/><E63/><REACH who="1" ten="109,103,467,311" step="2"/><V72/><F133/><W57/><G14/><N who="0" m="7519" /><D30/><U98/><E98/><V50/><F128/><W40/><G12/><T118/><D118/><U9/><E9/><V85/><F8/><W62/><G7/><T121/><D121/><U53/><E53/><V34/><F10/><W97/><G4/><T0/><D0/><U43/><E43/><V16/><F34/><W112/><G112/><T33/><D33/><U101/><E101/><V113/><F113/><W32/><G32/><T36/><D36/><U31/><E31/><V69/><F124/><W104/><G42/><T61/><D61/><U37/><E37/><V54/><F126/><W106/><G100/><RYUUKYOKU ba="1,1" sc="109,10,103,10,467,-30,311,10" hai0="19,23,25,45,46,51,52,59,82,84" hai1="17,22,24,56,60,66,71,73,79,83,90,94,96" hai3="40,47,49,57,62,88,89,91,97,99,104,105,106" /><INIT seed="5,2,1,3,0,24" ten="119,113,437,321" oya="1" hai0="80,53,73,79,87,38,12,18,104,97,74,83,32" hai1="17,122,92,61,31,8,45,30,81,0,14,76,5" hai2="59,116,62,10,110,131,95,119,1,98,88,23,100" hai3="44,84,99,40,16,86,3,107,134,51,70,56,118"/><U75/><E122/><V47/><F110/><W57/><G70/><T112/><D38/><U28/><E61/><V6/><F131/><W52/><G3/><T109/><D32/><U135/><E135/><V101/><F47/><W33/><G134/><T54/><D109/><U96/><E45/><V50/><F50/><W91/><G33/><T46/><D112/><U55/><E55/><V77/><F77/><W65/><G118/><T129/><D129/><U42/><E42/><V19/><F101/><W67/><G57/><T113/><D113/><U48/><E48/><V4/><F4/><W71/><G71/><T49/><D54/><U89/><REACH who="1" step="1"/><E17/><REACH who="1" ten="119,103,437,321" step="2"/><V37/><F119/><W69/><G69/><T85/><D53/><U26/><E26/><V117/><F37/><W72/><G67/><T106/><D49/><U11/><E11/><V82/><F62/><W15/><G65/><T68/><D46/><U132/><E132/><V25/><F59/><W128/><G128/><T9/><D68/><U29/><N who="1" m="7168" /><DORA hai="66" /><U2/><AGARI ba="2,2" hai="0,2,5,8,14,75,76,81,89,92,96" m="7168" machi="2" ten="40,48000,5" yaku="1,1,4,1,0,1,52,4,53,6" doraHai="24,66" doraHaiUra="35,27" who="1" fromWho="1" sc="119,-162,103,506,437,-162,321,-162" owari="-43,-54.3,609,70.9,275,7.5,159,-24.1" /></mjloggm>