<mjloggm ver="2.3"><GO type="169" lobby="0"/><UN n0="%73%6F%61%6F" n1="%68%69%73%61%74%6F%E6%A3%92" n2="%52%35" n3="%E3%82%AB%E3%83%A9%E6%9D%BE" dan="16,16,17,17" rate="2135.89,2083.42,2242.26,2138.76" sx="M,M,M,M"/><TAIKYOKU oya="0"/><INIT seed="0,0,0,4,2,8" ten="250,250,250,250" oya="0" hai0="45,32,94,124,71,97,12,129,10,80,126,99,105" hai1="33,51,60,128,72,47,5,55,65,83,63,73,35" hai2="103,58,87,66,56,109,96,14,31,68,77,134,131" hai3="46,125,61,57,67,92,114,41,13,101,9,102,81"/><T39/><D71/><U100/><E128/><V37/><F37/><W117/><G125/><N who="0" m="48235" /><D32/><U120/><E120/><V42/><F131/><W40/><G114/><T75/><D129/><U121/><E121/><V0/><F0/><W98/><G117/><T82/><D105/><U28/><E35/><V122/><F31/><W130/><G130/><T34/><D34/><U88/><E5/><V26/><F26/><W76/><G101/><T78/><D82/><U64/><E100/><V38/><F38/><W1/><G1/><T113/><D113/><U69/><E28/><V104/><F42/><W30/><G46/><T74/><D74/><U111/><E111/><V107/><F68/><W49/><G49/><T16/><D94/><U18/><E33/><V116/><F116/><W127/><G30/><T43/><AGARI ba="0,0" hai="10,12,16,39,43,45,75,78,80,97,99" m="48235" machi="43" ten="30,6000,0" yaku="18,1,52,1,54,1" doraHai="8" who="0" fromWho="0" sc="250,60,250,-20,250,-20,250,-20" /><INIT seed="0,1,0,1,3,17" ten="310,230,230,230" oya="0" hai0="66,1,92,135,9,100,129,8,21,30,74,88,61" hai1="98,79,3,53,37,12,19,28,14,107,35,69,132" hai2="33,119,40,103,22,62,109,38,42,111,44,112,10" hai3="29,47,85,110,72,46,20,131,59,7,82,71,52"/><T93/><D74/><U81/><E3/><V87/><F112/><W27/><G71/><T48/><D135/><U75/><E69/><V89/><F33/><W70/><G70/><T104/><D104/><U25/><E14/><V127/><F127/><W6/><G72/><T133/><D133/><U67/><E37/><V102/><F119/><W36/><G131/><T76/><D76/><U26/><E26/><V31/><F42/><W65/><G65/><T126/><D126/><U96/><E67/><V11/><F62/><W58/><G58/><N who="0" m="37175" /><D1/><U97/><E53/><V60/><F60/><N who="3" m="35943" /><G36/><T80/><D48/><U18/><E18/><V45/><F45/><N who="3" m="16907" /><G110/><T84/><D129/><U54/><E54/><V51/><F38/><W94/><G94/><N who="0" m="36459" /><D100/><U49/><E132/><V50/><F50/><W128/><G128/><T78/><D78/><AGARI ba="1,0" hai="6,7,20,27,29,78,82,85" m="16907,35943" machi="78" ten="30,3900,0" yaku="8,1,52,1,54,1" doraHai="17" who="3" fromWho="0" sc="310,-42,230,0,230,0,230,42" /><INIT seed="1,0,0,1,3,94" ten="268,230,230,272" oya="1" hai0="99,67,66,56,0,18,40,35,36,127,135,122,25" hai1="88,81,85,106,6,22,91,60,11,104,113,111,48" hai2="57,32,86,79,70,61,116,24,97,95,51,58,2" hai3="82,26,63,7,16,76,53,46,124,71,103,129,45"/><U105/><E113/><V75/><F116/><W98/><G129/><T5/><D127/><U1/><E111/><V14/><F2/><W68/><G124/><T13/><D135/><U62/><E91/><V64/><F75/><W125/><G7/><T43/><D0/><U132/><E132/><V41/><F32/><W27/><G71/><T89/><D5/><U4/><E4/><V107/><F107/><W131/><G131/><T54/><D36/><U3/><E3/><V50/><F14/><W92/><G27/><T30/><D43/><U55/><REACH who="1" step="1"/><E22/><REACH who="1" ten="268,220,230,272" step="2"/><V102/><F79/><W21/><G125/><T10/><D122/><U49/><E49/><V100/><F50/><W133/><G133/><T52/><D40/><U128/><E128/><V117/><F51/><W77/><G76/><T112/><D112/><U29/><E29/><V101/><F41/><W90/><G90/><T8/><D89/><U19/><E19/><V38/><F38/><W118/><G118/><T130/><D18/><U123/><E123/><V69/><F117/><W12/><G16/><T134/><D134/><U31/><E31/><V80/><F102/><W108/><G103/><T74/><D30/><U96/><E96/><V47/><F97/><W23/><G98/><T83/><D99/><U44/><AGARI ba="0,1" hai="1,6,11,44,48,55,60,62,81,85,88,104,105,106" machi="44" ten="30,6000,0" yaku="1,1,0,1,54,1,53,0" doraHai="94" doraHaiUra="37" who="1" fromWho="1" sc="268,-20,220,70,230,-20,272,-20" /><INIT seed="1,1,0,2,0,1" ten="248,290,210,252" oya="1" hai0="133,128,116,18,40,60,28,68,81,131,74,14,106" hai1="22,92,32,132,48,115,99,77,33,57,69,112,31" hai2="53,46,62,98,49,35,122,125,4,83,102,34,134" hai3="70,114,51,113,38,82,72,16,126,101,89,2,95"/><U13/><E69/><V76/><F125/><W67/><G38/><T0/><D116/><U21/><E132/><V65/><F122/><W52/><G126/><T12/><D106/><U107/><E107/><V78/><F134/><W17/><G2/><T90/><D0/><U43/><E77/><V11/><F98/><W24/><G101/><T61/><D40/><U121/><E121/><V118/><F102/><W100/><G100/><T103/><D103/><U9/><E99/><V7/><F118/><W3/><G3/><T108/><D28/><U15/><E92/><V30/><F78/><W127/><G127/><T105/><D105/><U8/><E57/><V75/><F11/><N who="1" m="4169" /><E48/><V39/><F39/><W86/><G113/><N who="1" m="43594" /><E43/><V79/><F79/><W93/><G114/><T50/><D50/><U41/><E41/><V55/><F55/><W135/><G135/><T5/><D68/><U97/><E97/><V84/><F30/><W80/><G72/><T91/><D74/><U73/><E73/><V123/><F123/><W25/><G70/><T6/><D133/><U45/><E45/><V104/><F104/><W109/><G67/><T87/><D81/><U47/><E47/><V58/><REACH who="2" step="1"/><F75/><REACH who="2" ten="248,290,200,252" step="2"/><W59/><G52/><T63/><D87/><U110/><E31/><V88/><F88/><W36/><G89/><T119/><D91/><U10/><E110/><V23/><F23/><N who="1" m="8713" /><E10/><V27/><F27/><W124/><G109/><T37/><D108/><U85/><E85/><V96/><F96/><W42/><G86/><T117/><D90/><U20/><E20/><V19/><F19/><RYUUKYOKU ba="1,1" sc="248,-15,290,15,200,15,252,-15" hai1="13,15,32,33" hai2="4,7,34,35,46,49,53,58,62,65,76,83,84" /><INIT seed="1,2,1,1,0,111" ten="233,305,215,237" oya="1" hai0="55,53,90,114,14,25,108,28,54,104,45,109,117" hai1="29,79,96,100,56,10,124,12,110,51,15,85,92" hai2="2,84,87,94,98,13,11,107,69,32,61,130,35" hai3="120,129,105,3,99,22,17,68,47,127,67,66,5"/><U20/><E124/><V0/><F130/><W103/><G129/><T50/><D104/><U26/><E110/><N who="0" m="42601" /><D117/><U76/><E85/><V128/><F128/><W52/><G120/><T57/><D14/><U73/><E73/><V113/><F107/><W122/><G122/><T62/><D90/><U121/><E121/><V60/><F69/><W89/><G127/><T24/><D24/><U4/><E12/><V80/><F13/><W86/><G68/><T93/><D93/><U43/><E43/><V70/><F70/><W19/><G17/><T64/><D114/><U97/><E96/><V8/><F94/><W33/><G33/><AGARI ba="2,1" hai="25,28,33,45,50,53,54,55,57,62,64" m="42601" machi="33" ten="30,1000,0" yaku="14,1" doraHai="111" who="0" fromWho="3" sc="233,26,305,0,215,0,237,-16" /><INIT seed="2,0,0,5,1,99" ten="259,305,215,221" oya="2" hai0="94,13,89,104,27,98,121,75,64,33,113,2,97" hai1="100,43,73,95,80,15,10,44,106,72,96,32,69" hai2="63,133,53,83,77,50,3,66,88,20,51,17,52" hai3="18,90,25,114,55,41,123,101,23,71,130,111,28"/><V47/><F133/><W126/><G71/><T115/><D2/><U14/><E32/><V42/><F3/><W22/><G123/><T46/><D64/><U119/><E69/><V59/><F51/><W87/><G111/><T11/><D75/><U68/><E68/><V116/><F116/><W35/><G126/><T19/><D121/><U108/><E108/><V109/><F109/><W105/><G130/><T12/><D46/><U57/><E15/><V36/><F36/><W7/><G7/><T103/><REACH who="0" step="1"/><D13/><REACH who="0" ten="249,305,215,221" step="2"/><U91/><E119/><V49/><F49/><W39/><G39/><T6/><D6/><U85/><E44/><V82/><F77/><W34/><G114/><T128/><D128/><U112/><E112/><V67/><F67/><W30/><G25/><T86/><D86/><U24/><E24/><N who="2" m="14351" /><F82/><W40/><G87/><AGARI ba="0,1" hai="42,47,50,52,53,59,63,66,83,87,88" m="14351" machi="87" ten="30,5800,0" yaku="8,1,54,2" doraHai="99" who="2" fromWho="3" sc="249,0,305,0,215,68,221,-58" /><INIT seed="2,1,0,0,0,49" ten="249,305,283,163" oya="2" hai0="7,51,72,84,69,48,10,105,55,67,93,110,119" hai1="36,28,86,32,30,42,39,34,47,60,15,56,40" hai2="101,131,126,22,108,4,97,20,38,12,44,87,83" hai3="85,65,23,33,57,53,82,2,132,75,90,95,50"/><V8/><F126/><W25/><G33/><T74/><D105/><U125/><E125/><V96/><F131/><W92/><G132/><T104/><D104/><U63/><E15/><V79/><F108/><W99/><G2/><T71/><D67/><U70/><E86/><V66/><F66/><W52/><G75/><T112/><D48/><U37/><E37/><V16/><F101/><W21/><G65/><T88/><D112/><U135/><E135/><V134/><F22/><N who="3" m="8203" /><G25/><T111/><D119/><U98/><E98/><V17/><F17/><W94/><G53/><T128/><D128/><U19/><E19/><V78/><F78/><AGARI ba="1,0" hai="50,52,57,78,82,85,90,92,94,95,99" m="8203" machi="78" ten="30,3900,0" yaku="8,1,52,1,54,1" doraHai="49" who="3" fromWho="2" sc="249,0,305,0,283,-42,163,42" /><INIT seed="3,0,0,4,3,114" ten="249,305,241,205" oya="3" hai0="16,83,37,44,80,111,10,24,115,29,56,13,86" hai1="49,0,36,5,15,33,28,94,62,120,131,3,76" hai2="6,127,122,123,73,116,58,106,75,88,71,30,133" hai3="91,107,60,72,112,7,41,23,52,97,65,105,132"/><W48/><G112/><T50/><D111/><U118/><E36/><V110/><F30/><W117/><G72/><T54/><D115/><U43/><E76/><V101/><F71/><W128/><G128/><T85/><D37/><U125/><E62/><V108/><F6/><W45/><G132/><T9/><D9/><U99/><E125/><V113/><F58/><W98/><G117/><T87/><REACH who="0" step="1"/><D44/><REACH who="0" ten="239,305,241,205" step="2"/><U35/><E131/><V81/><F113/><W40/><G40/><T103/><D103/><U119/><E43/><V19/><F101/><W46/><G7/><T38/><D38/><U96/><E5/><V4/><F4/><W12/><G45/><T92/><D92/><U79/><E94/><V100/><F100/><W22/><G41/><T26/><D26/><U1/><E120/><V27/><F27/><W63/><G105/><T59/><D59/><U102/><E102/><V31/><F106/><W67/><G107/><T39/><D39/><U17/><E3/><V90/><F127/><W11/><G11/><T25/><D25/><U20/><E1/><V84/><F110/><W130/><G130/><T129/><D129/><U121/><E121/><V134/><F108/><W2/><G2/><T64/><D64/><U57/><E57/><V82/><F122/><W89/><G46/><T124/><D124/><U18/><E0/><V74/><F123/><W61/><G65/><T66/><D66/><U47/><E47/><V104/><F104/><W70/><G67/><T21/><AGARI ba="0,1" hai="10,13,16,21,24,29,50,54,56,80,83,85,86,87" machi="21" ten="30,8000,1" yaku="1,1,0,1,8,1,54,1,53,1" doraHai="114" doraHaiUra="14" who="0" fromWho="0" sc="239,90,305,-20,241,-20,205,-40" /><INIT seed="4,0,0,2,2,135" ten="329,285,221,165" oya="0" hai0="79,32,128,77,3,24,107,65,13,83,15,8,94" hai1="110,101,82,57,132,28,115,17,14,36,114,0,26" hai2="68,81,51,45,19,78,9,37,33,48,113,6,117" hai3="120,1,118,41,42,116,56,97,29,20,98,64,86"/><T95/><D107/><U63/><E36/><V123/><F123/><W80/><G120/><T66/><D3/><U39/><E39/><V72/><F68/><W38/><G1/><T70/><D32/><U27/><E110/><V53/><F33/><W35/><G35/><T54/><D24/><U90/><E101/><V105/><F105/><W93/><G116/><T92/><D70/><U43/><E43/><V75/><F37/><W131/><G131/><T134/><D134/><U119/><E119/><V108/><F108/><W71/><G71/><T25/><D25/><U96/><E28/><V69/><F69/><W46/><G118/><T102/><D102/><U34/><E34/><V112/><F75/><W59/><G42/><T2/><D2/><U111/><E111/><V52/><F19/><W40/><G41/><T104/><D104/><U7/><E7/><V50/><F117/><W130/><G130/><T31/><D31/><U74/><E0/><V129/><F129/><W125/><G29/><T11/><D54/><U84/><E96/><V16/><F6/><W62/><G97/><T73/><D79/><U22/><E74/><V106/><F106/><W88/><G56/><T61/><D61/><U67/><E132/><V99/><F99/><W133/><G133/><T60/><D60/><U122/><E122/><V49/><REACH who="2" step="1"/><F53/><REACH who="2" ten="329,285,211,165" step="2"/><W58/><G38/><T55/><D55/><U44/><E17/><V109/><F109/><W12/><G98/><T103/><D128/><U87/><E84/><V10/><F10/><N who="0" m="3626" /><D103/><U5/><E5/><V47/><F47/><W23/><G46/><RYUUKYOKU ba="0,1" sc="329,15,285,-15,211,15,165,-15" hai0="13,15,65,66,73,77,83,92,94,95" hai2="9,16,45,48,49,50,51,52,72,78,81,112,113" /><INIT seed="4,1,1,2,3,69" ten="344,270,226,150" oya="0" hai0="30,92,49,53,46,112,79,9,37,14,91,90,110" hai1="93,114,130,117,133,58,66,50,71,56,135,78,96" hai2="132,63,83,109,59,118,10,72,106,31,22,36,51" hai3="102,75,28,45,61,27,0,124,38,43,54,108,70"/><T87/><D112/><U60/><E117/><V24/><F109/><W113/><G108/><T62/><D110/><U94/><E78/><V68/><F106/><W76/><G113/><T121/><D121/><U41/><E94/><V122/><F122/><W20/><G124/><T104/><D104/><U116/><E116/><V11/><F68/><W33/><G0/><T134/><D134/><N who="1" m="51211" /><E130/><V4/><F132/><W115/><G115/><T18/><D30/><U120/><E120/><V99/><F51/><W126/><G126/><T8/><D79/><U7/><E7/><V2/><F11/><W84/><G75/><T21/><D37/><U48/><E48/><V1/><F1/><W15/><G38/><T44/><D44/><N who="1" m="25871" /><E114/><V127/><F99/><W52/><G76/><T81/><REACH who="0" step="1"/><D62/><REACH who="0" ten="334,270,226,150" step="2"/><U34/><E34/><V131/><F127/><W55/><G33/><T86/><AGARI ba="1,2" hai="8,9,14,18,21,46,49,53,81,86,87,90,91,92" machi="86" ten="20,18000,2" yaku="1,1,2,1,0,1,7,1,8,1,53,1" doraHai="69" doraHaiUra="13" who="0" fromWho="0" sc="334,203,270,-61,226,-61,150,-61" /><INIT seed="4,2,0,4,5,15" ten="537,209,165,89" oya="0" hai0="13,14,97,22,27,35,65,4,106,123,6,62,59" hai1="110,56,53,127,125,55,7,105,133,43,102,60,19" hai2="96,50,109,114,37,5,79,82,101,126,107,36,104" hai3="29,77,39,34,18,61,120,26,23,38,21,83,73"/><T16/><D123/><U92/><E105/><V71/><F109/><W63/><G120/><T2/><D2/><U93/><E7/><V24/><F71/><W118/><G118/><T111/><D111/><U122/><E110/><V124/><F104/><W89/><G34/><T91/><D14/><U90/><E43/><V112/><F5/><W117/><G117/><T46/><D46/><U68/><E68/><V45/><F24/><W87/><G39/><T10/><D35/><U32/><E32/><V108/><F108/><W44/><G44/><T129/><D129/><U1/><E133/><V115/><F50/><W31/><G38/><T51/><D51/><U9/><E1/><V95/><F95/><W113/><G113/><T130/><D130/><U121/><E102/><V20/><F20/><W128/><G128/><T103/><D91/><U134/><E134/><V58/><F58/><W75/><G75/><T119/><D119/><U76/><E76/><V30/><F30/><AGARI ba="2,0" hai="4,6,10,13,16,22,27,30,59,62,65,97,103,106" machi="30" ten="30,5800,0" yaku="7,1,52,1,54,1" doraHai="15" who="0" fromWho="2" sc="537,64,209,0,165,-64,89,0" /><INIT seed="4,3,0,3,1,36" ten="601,209,101,89" oya="0" hai0="16,122,101,129,22,120,61,20,2,85,32,79,67" hai1="10,69,113,92,133,1,100,89,88,53,82,134,59" hai2="114,117,7,17,41,78,3,27,14,135,102,87,15" hai3="56,63,51,29,0,127,49,76,47,46,31,99,43"/><T125/><D2/><U54/><E69/><V103/><F114/><W83/><G0/><T42/><D32/><U26/><E54/><V13/><F135/><N who="1" m="51721" /><E26/><V96/><F117/><W6/><G6/><T71/><D22/><U58/><E58/><V93/><F102/><W18/><G18/><T130/><D125/><U39/><E39/><V37/><F78/><W12/><G99/><T112/><D112/><U23/><E23/><V72/><F72/><W131/><G12/><T119/><D119/><U126/><E126/><V52/><F87/><N who="3" m="48615" /><G131/><N who="0" m="50187" /><D101/><U124/><E124/><V35/><F17/><W73/><G73/><T38/><D38/><U107/><E82/><V106/><F35/><W9/><G9/><T81/><D42/><U97/><E107/><V123/><F37/><W94/><G94/><T74/><D74/><U121/><E121/><V66/><F123/><W104/><G104/><T40/><D40/><U21/><E21/><V132/><F132/><W68/><G127/><T128/><D128/><U75/><E75/><V105/><F105/><W84/><G68/><T50/><D50/><N who="1" m="31159" /><E113/><V4/><F106/><W86/><G49/><T109/><D109/><U91/><E100/><V80/><F3/><W45/><G51/><T44/><D44/><U110/><E110/><V60/><F103/><W48/><G46/><T30/><D30/><N who="3" m="11273" /><G47/><T28/><D28/><U11/><E11/><V25/><F7/><AGARI ba="3,0" hai="1,7,10,88,89,91,92,97" m="31159,51721" machi="7" ten="30,2000,0" yaku="20,1,54,1" doraHai="36" who="1" fromWho="2" sc="601,0,209,29,101,-29,89,0" /><INIT seed="5,0,0,0,0,82" ten="601,238,72,89" oya="1" hai0="7,77,123,97,24,52,14,85,4,118,61,134,99" hai1="1,51,17,26,63,34,16,127,96,129,122,75,70" hai2="120,117,89,19,10,104,56,108,71,132,67,81,50" hai3="45,28,62,20,43,92,112,93,69,74,115,113,2"/><U30/><E122/><V135/><F117/><W106/><G2/><T44/><D134/><U86/><E75/><V68/><F104/><W90/><G106/><T72/><D72/><U94/><E1/><V88/><F108/><W12/><G74/><T110/><D110/><U119/><E129/><V65/><F120/><W121/><G121/><T5/><D118/><U55/><E127/><V130/><F130/><W25/><G12/><T48/><D14/><U59/><E86/><N who="2" m="50255" /><F19/><W98/><G92/><T64/><D24/><U105/><E119/><V116/><F10/><W83/><G83/><N who="0" m="47343" /><D123/><U60/><E105/><V126/><F116/><W35/><G69/><N who="2" m="26697" /><F89/><W103/><G62/><T42/><D64/><U91/><E63/><V73/><F73/><W95/><G35/><T125/><D125/><U22/><E34/><V27/><F27/><W3/><G3/><T107/><D107/><U9/><E9/><V41/><F126/><W33/><G33/><T31/><D31/><U49/><E70/><V0/><F0/><W79/><G79/><T100/><D100/><U109/><E109/><V124/><F124/><W11/><G11/><T57/><AGARI ba="0,0" hai="4,5,7,42,44,48,52,57,61,97,99" m="47343" machi="57" ten="30,4000,0" yaku="8,1,52,1,54,1" doraHai="82" who="0" fromWho="0" sc="601,40,238,-20,72,-10,89,-10" /><INIT seed="6,0,0,5,0,21" ten="641,218,62,79" oya="2" hai0="42,10,16,19,53,28,67,37,98,133,65,77,123" hai1="99,121,89,128,15,62,66,30,11,49,88,80,23" hai2="68,52,114,126,51,27,64,101,71,50,26,20,104" hai3="78,18,108,79,2,86,92,103,106,60,82,93,119"/><V39/><F39/><W36/><G36/><T54/><D133/><U83/><E128/><V72/><F72/><W44/><G2/><T91/><D77/><U129/><E129/><V105/><F114/><W69/><G119/><T73/><D73/><U32/><E32/><V1/><F1/><W17/><G108/><T112/><D28/><U43/><E49/><V3/><F3/><W127/><G127/><T7/><D42/><U70/><E43/><V41/><F126/><W97/><G44/><T76/><D76/><U120/><E99/><V55/><F20/><W29/><G79/><T38/><D112/><U4/><E80/><V131/><F131/><W22/><G106/><T85/><D98/><U107/><E107/><V125/><F125/><W34/><G93/><T31/><D31/><U102/><E102/><V84/><F41/><W118/><G34/><T113/><D113/><U24/><REACH who="1" step="1"/><E83/><REACH who="1" ten="641,208,62,79" step="2"/><V61/><F101/><W95/><G103/><T117/><D117/><U56/><E56/><V100/><F100/><W35/><G118/><T25/><D38/><U135/><E135/><V57/><F84/><W94/><G35/><T87/><D37/><U96/><E96/><V33/><F33/><W12/><G97/><T58/><D58/><U81/><E81/><V48/><F105/><W90/><G78/><T63/><D87/><U6/><E6/><V116/><F104/><W122/><G86/><T109/><D7/><U59/><E59/><V5/><F5/><W110/><G82/><T14/><D85/><U45/><E45/><V13/><F116/><W46/><G46/><RYUUKYOKU ba="0,1" sc="641,-10,208,30,62,-10,79,-10" hai1="4,11,15,23,24,30,62,66,70,88,89,120,121" /><INIT seed="7,1,1,4,4,0" ten="631,238,52,69" oya="3" hai0="35,108,72,100,112,5,120,39,48,117,53,14,38" hai1="10,96,49,89,55,124,123,132,33,20,73,26,24" hai2="77,42,114,19,122,111,135,54,85,17,45,61,107" hai3="88,8,36,46,82,81,43,28,11,51,29,71,15"/><W64/><G36/><T3/><D100/><U60/><E73/><V125/><F111/><W130/><G130/><T68/><D53/><U94/><E33/><V113/><F107/><W76/><G8/><T98/><D14/><U70/><E132/><V95/><F135/><W127/><G127/><T9/><D98/><U106/><E106/><V133/><F133/><W126/><G126/><T4/><D4/><U78/><E78/><V109/><F109/><W129/><G129/><T2/><D5/><U13/><E123/><V31/><F31/><W63/><G82/><T116/><D48/><U131/><E20/><V41/><F122/><W84/><REACH who="3" step="1"/><G76/><REACH who="3" ten="631,238,52,59" step="2"/><T22/><D9/><U67/><E131/><V74/><F125/><W50/><G50/><T57/><D38/><U40/><E124/><V105/><F77/><W83/><G83/><T1/><D39/><U25/><E40/><V110/><F110/><W7/><AGARI ba="1,2" hai="7,11,15,28,29,43,46,51,63,64,71,81,84,88" machi="7" ten="20,12000,1" yaku="1,1,0,1,7,1,52,1,54,1,53,0" doraHai="0" doraHaiUra="90" who="3" fromWho="3" sc="631,-41,238,-41,52,-41,59,143" /><INIT seed="7,2,0,1,0,5" ten="590,197,11,202" oya="3" hai0="53,48,109,120,97,62,131,111,49,32,16,127,40" hai1="106,29,27,8,92,122,13,24,69,94,128,57,67" hai2="98,90,11,45,54,61,93,65,21,19,73,30,79" hai3="17,132,115,12,44,104,75,35,116,83,123,133,85"/><W4/><G75/><T70/><D32/><U63/><E106/><V100/><F73/><W130/><G104/><T31/><D31/><U110/><E110/><V99/><F79/><W47/><G35/><T68/><D120/><U118/><E122/><V26/><F45/><W55/><G123/><T134/><D53/><U28/><E128/><V58/><F99/><W22/><G130/><T39/><D134/><N who="3" m="51817" /><G115/><T71/><D97/><U103/><E69/><V36/><F36/><W117/><G4/><T46/><D127/><U72/><E72/><V81/><F81/><W23/><G22/><T50/><D131/><U25/><E118/><N who="3" m="45674" /><G55/><T41/><D41/><U82/><E82/><V105/><F105/><W91/><AGARI ba="2,0" hai="12,17,23,44,47,83,85,91" m="45674,51817" machi="91" ten="30,1500,0" yaku="20,1" doraHai="5" who="3" fromWho="3" sc="590,-7,197,-7,11,-7,202,21" /><INIT seed="7,3,0,5,1,43" ten="583,190,4,223" oya="3" hai0="55,31,59,88,19,50,115,1,80,6,57,69,45" hai1="98,11,71,116,130,0,16,53,46,36,2,122,99" hai2="38,120,41,85,7,32,35,30,56,89,23,104,81" hai3="63,100,67,47,61,4,37,109,77,74,34,128,124"/><W26/><G124/><T42/><D31/><U21/><E71/><V58/><F23/><W92/><G128/><T44/><D69/><U123/><E130/><V86/><F89/><W68/><G109/><T131/><D131/><U93/><E116/><V132/><F41/><W83/><G63/><T65/><D65/><U107/><E107/><V28/><F104/><W94/><G100/><T52/><D6/><U125/><E125/><V102/><F7/><W114/><G114/><T20/><D1/><U22/><E22/><V17/><F17/><W64/><G67/><T5/><D5/><U79/><E79/><V121/><F81/><W10/><G26/><T60/><D42/><U18/><E11/><V111/><F102/><W113/><G34/><T39/><D39/><U96/><E93/><V87/><F38/><W48/><G113/><T29/><D29/><U73/><E73/><V135/><F30/><W75/><G74/><T82/><D115/><U72/><E72/><V14/><F14/><W108/><G108/><T117/><D117/><U12/><E18/><V118/><F28/><W49/><G37/><T129/><D82/><U76/><E76/><V54/><F54/><W91/><G91/><T101/><D101/><U95/><E95/><V40/><F40/><W106/><G106/><T97/><D80/><U3/><E36/><V51/><F51/><W134/><G49/><T126/><D126/><U62/><REACH who="1" step="1"/><E62/><REACH who="1" ten="583,180,4,223" step="2"/><V15/><F15/><W66/><G61/><T78/><D60/><U8/><E8/><V25/><F25/><W112/><G68/><T33/><D78/><RYUUKYOKU ba="3,1" sc="583,-10,180,30,4,-10,223,-10" hai1="0,2,3,12,16,21,46,53,96,98,99,122,123" owari="583,68.3,210,-19.0,-6,-50.6,213,1.3" /></mjloggm>