<mjloggm ver="2.3"><GO type="169" lobby="0"/><UN n0="%31%38%63%6D%E7%AB%8B%E7%9B%B4%E6%A3%92" n1="%E3%81%8B%E3%82%8F%E3%81%97%E3%81%83" n2="%74%61%6B%65%33" n3="%53%E6%9C%A8" dan="16,16,17,17" rate="2143.99,2118.10,2214.01,2184.83" sx="M,M,M,M"/><TAIKYOKU oya="0"/><INIT seed="0,0,0,5,1,110" ten="250,250,250,250" oya="0" hai0="124,57,9,3,94,43,109,53,80,96,133,129,69" hai1="15,108,90,39,117,91,45,86,135,47,20,68,103" hai2="102,50,0,122,42,81,118,24,16,61,14,17,134" hai3="82,83,111,88,131,64,60,87,130,31,120,132,119"/><T5/><D5/><U100/><E117/><V114/><F0/><W71/><G119/><T99/><D124/><U127/><E68/><V37/><F37/><W73/><G111/><T51/><D69/><U70/><E70/><V66/><F122/><W62/><G62/><T46/><D109/><U106/><E108/><V1/><F1/><W55/><G132/><T28/><D129/><U85/><E135/><V72/><F102/><W4/><G120/><T7/><D133/><U78/><E78/><V11/><F118/><W116/><G116/><T59/><D59/><U75/><E75/><V40/><F114/><W67/><G67/><T92/><D28/><U25/><E15/><V54/><F81/><W32/><G55/><T77/><D96/><U74/><E74/><V97/><F97/><W126/><G4/><T105/><D99/><N who="1" m="61727" /><E103/><V29/><F17/><W98/><G98/><T35/><D35/><U65/><E65/><V79/><F79/><W22/><G32/><T36/><D105/><U115/><E127/><V26/><F72/><AGARI ba="0,0" hai="3,7,9,36,43,46,51,53,57,72,77,80,92,94" machi="72" ten="30,5800,0" yaku="7,1,25,2" doraHai="110" who="0" fromWho="2" sc="250,58,250,0,250,-58,250,0" /><INIT seed="0,1,0,5,4,17" ten="308,250,192,250" oya="0" hai0="66,75,129,132,51,40,133,59,21,70,58,114,4" hai1="56,68,90,48,0,30,117,97,15,104,46,76,87" hai2="31,113,92,65,44,63,100,49,5,69,124,88,60" hai3="99,25,125,37,102,43,123,34,93,38,81,35,1"/><T126/><D75/><U23/><E68/><V12/><F113/><W95/><G125/><T112/><D4/><U121/><E121/><V74/><F124/><W9/><G123/><T106/><D106/><U101/><E0/><V62/><F74/><W6/><G43/><T73/><D73/><U120/><E120/><V119/><F100/><W83/><G25/><T67/><D126/><U85/><E56/><V80/><F80/><W10/><G99/><T33/><D33/><U72/><E117/><V96/><F119/><W89/><G89/><T116/><D116/><U24/><E15/><V86/><F96/><W45/><G6/><T2/><D2/><U105/><E105/><V91/><F91/><W107/><G107/><T54/><D21/><U115/><E115/><N who="0" m="44073" /><D129/><U98/><E98/><V64/><F31/><W7/><G7/><T122/><D122/><U82/><REACH who="1" step="1"/><E90/><REACH who="1" ten="308,240,192,250" step="2"/><V94/><F69/><W18/><G1/><T78/><D70/><U111/><E111/><V13/><F94/><W131/><G95/><T16/><D59/><U110/><E110/><V26/><F13/><W20/><G93/><T71/><D71/><U135/><E135/><V39/><F12/><W28/><G102/><T42/><D132/><U36/><E36/><V77/><F39/><W118/><G38/><T41/><D133/><U53/><AGARI ba="1,1" hai="23,24,30,46,48,53,72,76,82,85,87,97,101,104" machi="53" ten="20,8000,1" yaku="1,1,0,1,7,1,52,1,53,1" doraHai="17" doraHaiUra="22" who="1" fromWho="1" sc="308,-41,240,93,192,-21,250,-21" /><INIT seed="1,0,0,4,5,35" ten="267,333,171,229" oya="1" hai0="135,24,104,83,47,63,66,16,8,94,28,17,18" hai1="69,19,77,57,14,72,116,60,122,76,88,64,101" hai2="62,58,20,31,110,105,37,48,109,103,119,132,15" hai3="3,130,79,5,0,90,25,120,30,29,36,71,126"/><U89/><E122/><V99/><F37/><W2/><G120/><T52/><D104/><U127/><E116/><V67/><F119/><W108/><G71/><T6/><D135/><U7/><E127/><V41/><F132/><W91/><G36/><T134/><D134/><U80/><E101/><V75/><F75/><W81/><G126/><T114/><D114/><U70/><E76/><V129/><F129/><W27/><G5/><T68/><D94/><U10/><REACH who="1" step="1"/><E19/><REACH who="1" ten="267,323,171,229" step="2"/><V50/><F110/><W59/><G108/><T33/><D18/><U40/><E40/><V4/><F41/><W87/><G130/><T111/><D111/><U84/><E84/><V39/><F109/><W44/><G44/><T46/><D47/><U65/><E65/><V93/><F105/><W42/><G42/><T51/><REACH who="0" step="1"/><D83/><REACH who="0" ten="257,323,171,229" step="2"/><U1/><E1/><AGARI ba="0,2" hai="1,6,8,16,17,24,28,33,46,51,52,63,66,68" machi="1" ten="30,12000,2" yaku="1,1,2,1,7,1,52,1,54,2,53,1" doraHai="35" doraHaiUra="22" who="0" fromWho="1" sc="257,140,323,-120,171,0,229,0" /><INIT seed="2,0,0,2,1,34" ten="397,203,171,229" oya="2" hai0="12,120,5,91,53,82,123,15,0,71,89,116,65" hai1="68,64,66,114,59,124,1,23,81,41,112,28,7" hai2="9,133,113,135,54,24,74,29,8,48,122,129,13" hai3="111,10,90,63,38,18,100,104,95,108,94,19,127"/><V87/><F74/><W35/><G35/><T44/><D71/><U75/><E124/><V22/><F113/><W96/><G127/><T110/><D65/><U14/><E68/><V99/><F122/><W128/><G38/><T88/><D82/><U131/><E131/><V2/><F129/><W61/><G128/><T33/><D33/><U93/><E93/><V20/><F99/><W26/><G104/><T80/><D80/><U126/><E126/><V86/><F22/><W46/><G46/><T105/><D105/><U103/><E103/><V51/><F51/><W73/><G73/><T43/><D53/><U83/><E75/><V56/><F8/><W72/><G72/><T132/><D132/><N who="2" m="50762" /><F2/><W92/><G26/><T52/><D52/><U118/><E41/><V79/><F79/><W67/><G61/><T6/><D0/><U32/><E32/><V78/><F78/><W45/><G63/><T106/><D106/><U109/><E118/><V107/><F107/><W58/><G96/><T76/><D76/><U121/><E1/><V36/><F36/><W27/><G27/><T101/><D116/><U77/><E77/><V102/><F102/><W4/><G100/><T25/><D101/><U11/><E121/><V134/><N who="2" m="50770" /><V42/><DORA hai="115" /><F42/><W117/><G10/><T70/><D43/><U3/><E112/><V30/><F30/><W62/><G117/><T50/><D120/><U84/><E114/><V17/><AGARI ba="0,0" hai="9,13,17,20,24,29,48,54,56,86,87" m="50770" machi="17" ten="40,2100,0" yaku="20,1" doraHai="34,115" who="2" fromWho="2" sc="397,-7,203,-7,171,21,229,-7" /><INIT seed="2,1,0,5,4,119" ten="390,196,192,222" oya="2" hai0="33,120,25,45,21,56,2,110,77,60,39,70,85" hai1="71,81,125,97,135,14,32,78,130,101,109,49,15" hai2="52,94,123,91,59,7,104,4,74,61,103,46,124" hai3="96,69,88,126,83,62,79,133,18,51,16,11,98"/><V22/><F74/><W63/><G133/><T6/><D120/><U84/><E71/><V134/><F124/><W75/><G126/><T102/><D102/><U23/><E125/><V87/><F134/><W1/><G51/><T93/><D33/><U66/><E32/><V99/><F123/><W37/><G37/><T72/><D93/><U112/><E112/><V68/><F68/><W80/><G98/><T9/><D85/><U3/><E3/><V92/><F104/><W50/><G50/><T38/><D38/><U43/><E109/><V117/><F117/><W89/><G89/><T40/><D56/><U116/><E116/><V131/><F131/><W0/><G69/><T64/><D21/><U86/><E66/><V17/><REACH who="2" step="1"/><F46/><REACH who="2" ten="390,196,182,222" step="2"/><W12/><G0/><T44/><D45/><N who="1" m="25791" /><E135/><V42/><F42/><W105/><G1/><T24/><D110/><U26/><E130/><V122/><F122/><W107/><G105/><T34/><D34/><U132/><E132/><V100/><F100/><W19/><G107/><T76/><D44/><U82/><E101/><V106/><F106/><W5/><REACH who="3" step="1"/><G80/><REACH who="3" ten="390,196,182,212" step="2"/><T20/><D2/><U13/><E82/><V55/><F55/><W129/><G129/><T121/><D70/><U28/><E81/><V57/><F57/><W10/><G10/><T31/><D9/><U53/><E53/><V114/><F114/><W58/><G58/><T47/><D121/><U127/><E127/><V108/><F108/><W30/><G30/><T67/><D31/><U41/><E41/><V111/><F111/><W54/><G54/><T48/><D40/><RYUUKYOKU ba="1,2" sc="390,-15,196,-15,182,15,212,15" hai2="4,7,17,22,52,59,61,87,91,92,94,99,103" hai3="5,11,12,16,18,19,62,63,75,79,83,88,96" /><INIT seed="2,2,2,4,1,32" ten="375,181,197,227" oya="2" hai0="75,93,120,97,108,92,111,4,122,105,125,100,46" hai1="26,86,91,41,71,47,28,60,38,127,66,35,128" hai2="29,19,106,33,24,85,13,56,1,79,90,11,117" hai3="30,99,27,80,68,55,133,104,17,94,96,37,103"/><V31/><F117/><W0/><G37/><T62/><D125/><U131/><REACH who="1" step="1"/><E127/><REACH who="1" ten="375,171,197,227" step="2"/><V10/><F106/><W84/><G133/><T9/><D105/><U115/><E115/><V49/><F79/><W72/><G104/><T2/><D120/><U123/><E123/><V54/><F29/><W116/><G116/><T76/><D122/><U42/><E42/><V118/><F118/><W36/><G30/><T119/><D76/><U89/><E89/><V126/><F126/><W53/><G103/><T110/><D119/><U5/><E5/><V59/><F59/><W22/><G68/><T82/><D100/><U8/><E8/><V87/><REACH who="2" step="1"/><F90/><REACH who="2" ten="375,171,187,227" step="2"/><W3/><G72/><T40/><D75/><U15/><E15/><V135/><F135/><W51/><G0/><T6/><D2/><U129/><E129/><V77/><F77/><W52/><G3/><T114/><D114/><U95/><AGARI ba="2,4" hai="26,28,35,38,41,47,60,66,71,86,91,95,128,131" machi="95" ten="30,7900,0" yaku="21,2,0,1,53,1" doraHai="32" doraHaiUra="65" who="1" fromWho="1" sc="375,-22,171,125,187,-41,227,-22" /><INIT seed="3,0,0,0,2,79" ten="353,296,146,205" oya="3" hai0="0,82,87,8,96,135,104,101,62,93,74,46,63" hai1="4,95,36,125,61,97,29,17,14,111,44,34,115" hai2="120,55,118,60,88,107,38,105,53,5,89,50,127" hai3="9,126,116,85,18,84,41,108,27,26,122,7,40"/><W129/><G116/><T48/><D135/><U47/><E115/><V128/><F38/><W19/><G122/><T31/><D31/><U1/><E111/><V77/><F118/><W130/><G108/><T100/><D100/><U117/><E125/><V20/><F127/><W94/><G126/><T30/><D30/><U16/><E117/><V106/><F128/><W86/><G94/><T65/><D65/><U90/><E1/><V51/><F60/><W132/><G7/><T33/><D33/><U68/><E4/><V109/><F109/><W39/><G39/><T69/><D69/><U24/><E36/><V35/><F35/><W3/><G3/><T73/><D73/><U113/><E17/><N who="3" m="6154" /><G9/><T43/><D8/><U57/><E68/><V52/><F5/><W21/><G21/><T12/><D12/><U114/><E113/><V131/><F20/><W23/><G23/><T45/><D0/><U72/><E72/><V123/><F131/><N who="3" m="50187" /><G132/><T22/><D22/><N who="1" m="15511" /><E114/><V15/><F15/><W49/><G49/><N who="2" m="18441" /><F77/><W11/><G11/><T10/><D10/><N who="1" m="6231" /><E34/><V99/><F99/><W58/><G58/><T83/><D96/><U81/><E81/><V71/><F71/><W76/><G76/><T112/><D83/><U54/><AGARI ba="0,0" hai="44,47,54,57,61,90,95,97" m="6231,15511" machi="54" ten="30,2000,0" yaku="8,1,54,1" doraHai="79" who="1" fromWho="1" sc="353,-5,296,20,146,-5,205,-10" /><INIT seed="4,0,0,5,2,114" ten="348,316,141,195" oya="0" hai0="9,19,41,69,33,120,132,76,123,49,17,88,118" hai1="53,72,30,61,73,47,22,62,116,108,12,128,21" hai2="105,56,37,106,25,55,16,78,67,0,93,31,126" hai3="135,8,43,85,48,32,134,121,91,95,46,125,122"/><T124/><D69/><U63/><E108/><V13/><F0/><W10/><G32/><T98/><D33/><U42/><E128/><V101/><F37/><W64/><G64/><T74/><D132/><N who="3" m="50729" /><G125/><T97/><D124/><U86/><E116/><V26/><F126/><W119/><G119/><T1/><D74/><U111/><E111/><V100/><F67/><W40/><G40/><T75/><D75/><U54/><E72/><V59/><F78/><W7/><G7/><T14/><D76/><U39/><E73/><V87/><F59/><W99/><G85/><T110/><D110/><U52/><E30/><V84/><F106/><W131/><G131/><T50/><D1/><U129/><E129/><V107/><F107/><W29/><G29/><T51/><D41/><U96/><E86/><V82/><F105/><W102/><G102/><T27/><D118/><U130/><E130/><V45/><F45/><W11/><AGARI ba="0,0" hai="8,10,11,43,46,48,91,95,99,121,122" m="50729" machi="11" ten="40,1500,0" yaku="20,1" doraHai="114" who="3" fromWho="3" sc="348,-7,316,-4,141,-4,195,15" /><INIT seed="5,0,0,0,5,58" ten="341,312,137,210" oya="1" hai0="120,110,71,27,51,0,8,74,41,127,54,128,53" hai1="73,47,88,67,124,55,20,37,9,112,50,63,52" hai2="104,2,56,90,29,60,19,44,62,48,1,32,94" hai3="22,117,14,132,92,78,3,95,70,72,33,30,130"/><U96/><E73/><V134/><F104/><W40/><G132/><T16/><D110/><U101/><E112/><V98/><F134/><W6/><G130/><T91/><D74/><U35/><E35/><V46/><F32/><W59/><G70/><T39/><D128/><U11/><E124/><V135/><F135/><W75/><G75/><T65/><D0/><U106/><E37/><V31/><F1/><W100/><G100/><T23/><D120/><U68/><E20/><V114/><F2/><W4/><G40/><T102/><D102/><U84/><E55/><V43/><F114/><W5/><G3/><T99/><D8/><U49/><E49/><V18/><F46/><W111/><G33/><T17/><D54/><U119/><E119/><V10/><F19/><W38/><G38/><T89/><D127/><U64/><E64/><V82/><F82/><AGARI ba="0,0" hai="9,11,47,50,52,63,67,68,82,84,88,96,101,106" machi="82" ten="30,11600,0" yaku="7,1,52,1,54,2" doraHai="58" who="1" fromWho="2" sc="341,0,312,116,137,-116,210,0" /><INIT seed="5,1,0,3,0,19" ten="341,428,21,210" oya="1" hai0="4,22,76,68,120,21,128,8,105,83,103,112,40" hai1="80,97,116,59,9,47,119,109,72,55,45,95,10" hai2="73,130,64,91,25,133,82,46,5,81,122,49,29" hai3="70,0,108,66,51,113,96,126,38,37,56,85,100"/><U127/><E127/><V18/><F122/><W42/><G108/><T31/><D120/><U110/><E72/><V132/><F5/><W2/><G126/><T90/><D128/><U107/><E107/><V39/><F39/><W134/><G134/><T114/><D68/><U53/><E80/><V50/><F130/><W6/><G6/><T98/><D40/><U111/><E45/><V123/><F123/><W78/><G38/><T135/><D135/><U124/><E47/><V36/><F36/><W117/><G117/><N who="1" m="45130" /><E124/><V71/><F18/><W118/><G118/><T102/><D102/><N who="1" m="60735" /><E53/><V99/><F50/><AGARI ba="1,0" hai="9,10,50,55,59,109,110,111" m="60735,45130" machi="50" ten="40,2000,0" yaku="10,1" doraHai="19" who="1" fromWho="2" sc="341,0,428,23,21,-23,210,0" owari="341,14.1,451,55.1,-2,-50.2,210,-19.0" /></mjloggm>