<mjloggm ver="2.3"><GO type="169" lobby="0"/><UN n0="%E3%81%8B%E3%81%A5%E3%81%8D%EF%BC%B8%EF%BC%A9" n1="%32%30%31%33%36%31%32" n2="%74%6F%72%69%30%36%31%32" n3="%E5%8D%88%E5%BE%8C%E3%82%B4%E3%83%AA%E3%83%A9" dan="18,17,16,16" rate="2178.22,2221.20,2146.90,2135.45" sx="M,M,M,M"/><TAIKYOKU oya="0"/><INIT seed="0,0,0,2,2,99" ten="250,250,250,250" oya="0" hai0="37,59,109,64,112,48,69,79,25,60,13,56,87" hai1="23,36,74,105,26,77,8,100,101,73,98,53,111" hai2="80,55,6,29,92,96,124,17,30,15,46,113,5" hai3="19,114,11,126,120,18,45,72,24,21,132,16,27"/><T39/><D25/><U118/><E118/><V128/><F124/><W91/><G72/><T107/><D107/><U123/><E123/><V32/><F128/><W115/><G126/><T41/><D13/><U122/><E122/><V86/><F32/><W116/><G116/><T102/><D112/><U35/><E35/><V66/><F66/><W7/><G120/><T94/><D79/><U134/><E36/><V71/><F71/><W82/><G45/><T88/><D109/><U9/><E74/><V61/><F30/><W131/><G82/><T28/><D28/><U83/><E111/><V106/><F29/><W70/><G70/><T52/><D41/><U121/><E121/><V1/><F106/><W135/><G91/><T4/><D4/><U76/><E76/><N who="2" m="46343" /><F1/><N who="3" m="495" /><G131/><T90/><D90/><U97/><E53/><V47/><F6/><W103/><G103/><T49/><REACH who="0" step="1"/><D102/><REACH who="0" ten="240,250,250,250" step="2"/><U44/><E134/><N who="3" m="51242" /><G27/><T3/><D3/><U12/><E12/><V54/><F5/><W58/><G58/><T33/><D33/><U110/><E110/><V104/><F104/><W108/><G108/><T117/><D117/><U42/><E42/><V57/><F15/><W31/><AGARI ba="0,1" hai="16,18,19,21,24,31,114,115" m="51242,495" machi="31" ten="30,7900,0" yaku="20,1,34,2,54,1" doraHai="99" who="3" fromWho="3" sc="240,-39,250,-20,250,-20,250,89" /><INIT seed="1,0,0,4,2,81" ten="201,230,230,339" oya="1" hai0="19,75,32,78,120,84,58,35,101,70,8,76,34" hai1="69,114,25,77,106,111,85,27,82,123,93,107,132" hai2="66,133,89,5,121,60,57,54,64,43,83,7,22" hai3="98,14,126,116,109,26,23,48,122,130,110,72,135"/><U33/><E123/><V61/><F133/><W90/><G72/><T2/><D70/><U104/><E114/><V99/><F121/><W95/><G122/><T20/><D101/><U119/><E119/><V4/><F43/><W30/><G135/><T31/><D120/><U44/><E132/><V42/><F42/><W59/><G116/><T67/><D75/><U105/><E69/><V131/><F131/><W40/><G130/><T117/><D117/><U28/><E111/><V1/><F1/><W37/><G126/><T68/><D68/><U65/><E65/><V112/><F61/><W49/><G14/><T56/><D31/><U41/><N who="1" m="26624" /><DORA hai="102" /><U38/><E25/><V80/><F80/><W12/><G12/><T71/><D2/><U50/><REACH who="1" step="1"/><E93/><REACH who="1" ten="201,220,230,339" step="2"/><N who="2" m="56751" /><F112/><W115/><G115/><T53/><D71/><U0/><E0/><V79/><F66/><W39/><G110/><T108/><D67/><U100/><E100/><V55/><F83/><W94/><G95/><T97/><D108/><U86/><E86/><V118/><F118/><W11/><G109/><T113/><D84/><U17/><E17/><V24/><F79/><W10/><G94/><T103/><D78/><U88/><E88/><V129/><F129/><W13/><G90/><T46/><D76/><U21/><E21/><V16/><AGARI ba="0,1" hai="4,5,7,16,22,24,54,55,57,60,64" m="56751" machi="16" ten="30,2000,0" yaku="8,1,54,1" doraHai="81,102" who="2" fromWho="2" sc="201,-5,220,-10,230,30,339,-5" /><INIT seed="2,0,0,0,5,74" ten="196,210,260,334" oya="2" hai0="99,131,114,38,13,117,1,65,122,135,92,42,17" hai1="43,58,31,21,27,40,30,52,73,96,11,133,132" hai2="94,90,106,4,29,89,86,129,72,83,112,26,35" hai3="69,56,116,70,20,45,125,10,105,102,121,76,98"/><V134/><F112/><W18/><G121/><T0/><D122/><U25/><E73/><V67/><F106/><W118/><G10/><T6/><D131/><U23/><E11/><V12/><F134/><W84/><G125/><T3/><D135/><U75/><E75/><V87/><F129/><W37/><G56/><T104/><D104/><U16/><E132/><V130/><F130/><W57/><G57/><T111/><D111/><U128/><E128/><V120/><F67/><W32/><G32/><T33/><D33/><U2/><E2/><V124/><F124/><W48/><G37/><T41/><D65/><U113/><E113/><V109/><F109/><W107/><G107/><T59/><D59/><U19/><E96/><V93/><F120/><W15/><G69/><T64/><D64/><U66/><E66/><V47/><F47/><W46/><G70/><T79/><D38/><U50/><E133/><V5/><F12/><W78/><G46/><T85/><D1/><U101/><E101/><V55/><F55/><W110/><G110/><T91/><D3/><U100/><E100/><V62/><F62/><W60/><G60/><T9/><D114/><U88/><E88/><V49/><F49/><W127/><G127/><T126/><D126/><U119/><E119/><V115/><F115/><W63/><G63/><T39/><D117/><U108/><E108/><V22/><F35/><W82/><REACH who="3" step="1"/><G76/><AGARI ba="0,0" hai="4,5,22,26,29,72,76,83,86,87,89,90,93,94" machi="76" ten="40,3900,0" yaku="9,1,52,1" doraHai="74" who="2" fromWho="3" sc="196,0,210,0,260,39,334,-39" /><INIT seed="2,1,0,5,4,95" ten="196,210,299,295" oya="2" hai0="80,114,5,123,76,130,85,83,115,129,127,42,93" hai1="16,26,89,120,107,100,55,8,122,133,73,10,43" hai2="96,25,27,110,30,126,63,60,21,103,82,112,69" hai3="34,3,32,101,51,134,28,53,94,54,131,11,68"/><V22/><F112/><N who="0" m="43050" /><D42/><U1/><E73/><V86/><F126/><W44/><G68/><T4/><D4/><U61/><E43/><V78/><F110/><W57/><G134/><T2/><D5/><U77/><E77/><V15/><F15/><W52/><G3/><T12/><D12/><U58/><E133/><V116/><F116/><W90/><G131/><N who="0" m="50187" /><D2/><U14/><E26/><V125/><F125/><W31/><G11/><T84/><D127/><U49/><E89/><V88/><F78/><W7/><G7/><T56/><D56/><U102/><E1/><V79/><F79/><W39/><G39/><T37/><D37/><U132/><E8/><V70/><F70/><W17/><G17/><T48/><D48/><U40/><E132/><V38/><F69/><W62/><G101/><N who="1" m="39018" /><E107/><V46/><F46/><W97/><REACH who="3" step="1"/><G54/><REACH who="3" ten="196,210,299,285" step="2"/><T9/><D9/><U20/><E10/><V50/><F38/><W33/><AGARI ba="1,1" hai="28,31,32,33,34,44,51,52,53,57,62,90,94,97" machi="33" ten="30,8000,1" yaku="1,1,2,1,0,1,52,1,54,1,53,0" doraHai="95" doraHaiUra="108" who="3" fromWho="3" sc="196,-21,210,-21,299,-41,285,93" /><INIT seed="3,0,0,0,0,109" ten="175,189,258,378" oya="3" hai0="93,104,28,126,63,76,75,32,120,127,29,134,2" hai1="68,113,4,51,106,101,38,48,65,34,37,33,56" hai2="58,108,88,115,60,110,45,123,112,78,15,13,14" hai3="96,70,133,35,11,82,84,31,102,52,41,74,124"/><W57/><G70/><T8/><D120/><U53/><E4/><V30/><F78/><W135/><G74/><T67/><D104/><U6/><E6/><V85/><F30/><W17/><G41/><T39/><D39/><U26/><E33/><V125/><F45/><W66/><G66/><T87/><D75/><U97/><E48/><V132/><F132/><W21/><G11/><T64/><D134/><N who="3" m="51209" /><G124/><T54/><D32/><U19/><E19/><V105/><F105/><N who="3" m="63687" /><G31/><T9/><D28/><N who="1" m="19735" /><E113/><V59/><F125/><W86/><G82/><T27/><D29/><U22/><E22/><V1/><F1/><W130/><G130/><T129/><D2/><U122/><E122/><V5/><F5/><W94/><G94/><T128/><D93/><U100/><E100/><V36/><F36/><W61/><G35/><T90/><D129/><U16/><E16/><V69/><F123/><W89/><G89/><T72/><D128/><U10/><E10/><V43/><F43/><W49/><G49/><T55/><D8/><U119/><E119/><V62/><F69/><W25/><AGARI ba="0,0" hai="17,21,25,52,57,61,84,86" m="63687,51209" machi="25" ten="30,3000,0" yaku="20,1,54,1" doraHai="109" who="3" fromWho="3" sc="175,-10,189,-10,258,-10,378,30" /><INIT seed="3,1,0,5,2,115" ten="165,179,248,408" oya="3" hai0="38,116,35,133,1,129,64,93,96,53,41,4,75" hai1="69,126,42,26,19,132,100,131,113,66,52,57,127" hai2="50,18,95,79,72,15,46,3,56,80,87,9,11" hai3="104,106,114,109,27,89,39,111,105,120,124,58,123"/><W134/><G39/><T112/><D35/><U23/><E113/><V62/><F95/><W101/><G114/><T20/><D75/><U44/><E131/><V13/><F3/><W125/><G27/><T119/><D64/><U94/><E132/><V34/><F34/><W110/><G58/><T99/><D133/><U43/><E100/><V0/><F0/><W73/><G134/><T128/><D112/><U76/><E76/><V61/><F72/><W8/><G8/><T67/><D67/><U71/><E94/><V2/><F56/><W29/><G29/><T14/><D1/><U92/><E92/><V63/><F2/><W60/><G60/><T22/><D53/><U6/><E6/><V32/><F32/><W90/><G101/><T118/><D41/><U97/><E97/><N who="0" m="37449" /><D93/><U82/><E82/><V48/><REACH who="2" step="1"/><F46/><REACH who="2" ten="165,179,238,408" step="2"/><W17/><G73/><T117/><N who="0" m="29696" /><DORA hai="40" /><T12/><D38/><U102/><E44/><V68/><F68/><W55/><G106/><T78/><D78/><U21/><E69/><V24/><F24/><W31/><G111/><T74/><D74/><U28/><E71/><V36/><F36/><W77/><G105/><T84/><D84/><U16/><E26/><V98/><F98/><W45/><G104/><T59/><D59/><U135/><E57/><V30/><F30/><W122/><G110/><T85/><D85/><U49/><E28/><V10/><F10/><W121/><G109/><T5/><D129/><U86/><E135/><V130/><F130/><W70/><N who="3" m="30720" /><DORA hai="54" /><W25/><G70/><T108/><D128/><U37/><E37/><RYUUKYOKU ba="1,1" sc="165,-10,179,-10,238,30,408,-10" hai2="9,11,13,15,18,48,50,61,62,63,79,80,87" /><INIT seed="4,2,1,1,3,27" ten="155,169,268,398" oya="0" hai0="25,66,73,45,1,28,127,34,64,13,39,85,14" hai1="11,26,53,67,132,89,59,24,88,83,135,124,119" hai2="130,35,63,55,48,75,133,108,105,90,41,57,112" hai3="2,0,126,23,91,111,74,58,54,129,12,98,71"/><T96/><D1/><U44/><E119/><V38/><F75/><W103/><G71/><T104/><D73/><U116/><E116/><V70/><F105/><W9/><G111/><T102/><D127/><U4/><E124/><V115/><F35/><W76/><G91/><N who="1" m="34890" /><E83/><V47/><F108/><W87/><G74/><T33/><D85/><U109/><E44/><V49/><F90/><W62/><G129/><T8/><D34/><U10/><E67/><N who="2" m="41343" /><F130/><W113/><G126/><T80/><D80/><U5/><E109/><V118/><F118/><W82/><G23/><T79/><D79/><U120/><E10/><V65/><F65/><W56/><G56/><T29/><D29/><U84/><E84/><V68/><F68/><W18/><G113/><N who="2" m="43593" /><F133/><N who="1" m="51273" /><E120/><V40/><F40/><W86/><REACH who="3" step="1"/><G86/><REACH who="3" ten="155,169,268,388" step="2"/><T106/><D106/><AGARI ba="2,2" hai="0,2,9,12,18,54,58,62,76,82,87,98,103,106" machi="106" ten="30,3900,0" yaku="1,1,2,1,7,1,53,0" doraHai="27" doraHaiUra="69" who="3" fromWho="0" sc="155,-45,169,0,268,0,388,65" /><INIT seed="5,0,0,4,2,123" ten="110,169,268,453" oya="1" hai0="25,135,103,105,99,5,121,20,114,8,131,94,125" hai1="12,36,82,74,70,68,92,53,19,112,80,52,122" hai2="21,89,7,44,100,69,59,86,124,6,49,98,13" hai3="1,106,60,51,48,42,2,33,63,117,18,37,97"/><U79/><E122/><V58/><F69/><W3/><G33/><T93/><D114/><U40/><E112/><V90/><F124/><W72/><G72/><T78/><D125/><U119/><E119/><V24/><F90/><W134/><G117/><T54/><D131/><U66/><E92/><N who="2" m="58439" /><F13/><W61/><G134/><T65/><D65/><U118/><E118/><V87/><F59/><W9/><G37/><T50/><D135/><U102/><E102/><V115/><F58/><W104/><G42/><T76/><D94/><U38/><E80/><N who="2" m="49351" /><F87/><W16/><G97/><T30/><D105/><N who="3" m="40553" /><G9/><T120/><D120/><U110/><E38/><V126/><F126/><W88/><G88/><T27/><D27/><U0/><E0/><V96/><F96/><W56/><G56/><T14/><REACH who="0" step="1"/><D121/><REACH who="0" ten="100,169,268,453" step="2"/><U31/><E66/><V67/><F67/><W101/><G101/><T28/><D28/><U29/><E31/><N who="2" m="17807" /><F115/><W43/><G43/><AGARI ba="0,1" hai="6,7,43,44,49" m="17807,49351,58439" machi="43" ten="30,1000,0" yaku="8,1" doraHai="123" who="2" fromWho="3" sc="100,0,169,0,268,20,453,-10" /><INIT seed="6,0,0,5,1,135" ten="100,169,288,443" oya="2" hai0="110,35,6,19,17,127,101,31,10,37,40,60,129" hai1="106,2,102,90,36,87,50,9,3,45,22,74,28" hai2="51,111,105,89,128,94,117,107,34,64,61,91,29" hai3="70,114,71,54,72,132,134,97,52,23,95,115,21"/><V81/><F117/><W68/><G72/><T76/><D110/><U80/><E36/><V58/><F128/><W30/><G95/><T131/><D101/><U59/><E59/><V108/><F34/><W63/><G97/><T38/><D76/><U104/><E104/><V48/><F29/><W82/><G82/><T26/><D60/><U133/><E133/><N who="3" m="51306" /><G63/><T100/><D100/><U73/><E28/><V43/><F81/><W44/><G30/><T39/><D40/><U98/><E22/><N who="3" m="8202" /><G44/><T20/><D17/><U103/><E103/><V32/><F32/><W33/><G33/><T25/><REACH who="0" step="1"/><D127/><REACH who="0" ten="90,169,288,443" step="2"/><U84/><E102/><V88/><F43/><W75/><G75/><T86/><D86/><U62/><E87/><V49/><F94/><W4/><G4/><T18/><D18/><U24/><E74/><V93/><F93/><W85/><G85/><T12/><AGARI ba="0,1" hai="6,10,12,19,20,25,26,31,35,37,38,39,129,131" machi="12" ten="40,5200,0" yaku="1,1,0,1,53,1" doraHai="135" doraHaiUra="15" who="0" fromWho="0" sc="90,62,169,-13,288,-26,443,-13" /><INIT seed="7,0,0,5,2,102" ten="152,156,262,430" oya="3" hai0="34,108,49,91,127,6,50,45,109,73,36,74,129" hai1="54,57,52,46,93,15,32,66,48,77,61,35,117" hai2="89,130,33,134,87,75,37,24,131,82,90,38,107" hai3="44,120,88,95,8,114,47,113,86,79,1,5,68"/><W22/><G68/><T26/><D36/><U14/><E117/><V81/><F24/><W103/><G120/><T55/><D6/><U99/><E77/><V80/><F33/><W69/><G69/><T43/><D34/><U16/><E14/><V133/><F75/><W29/><G79/><T104/><D104/><U51/><E32/><V58/><F58/><W10/><G10/><T17/><D73/><U21/><E35/><V105/><F82/><W132/><G132/><T13/><D74/><U97/><E93/><V100/><F87/><W101/><G22/><T9/><D127/><U115/><E115/><N who="3" m="44042" /><G29/><T27/><D129/><U12/><E12/><V94/><F94/><W76/><G76/><T116/><D116/><U110/><E110/><V31/><REACH who="2" step="1"/><F100/><AGARI ba="0,0" hai="1,5,8,44,47,86,88,95,100,101,103" m="44042" machi="100" ten="30,2900,0" yaku="15,1,54,1" doraHai="102" who="3" fromWho="2" sc="152,0,156,0,262,-29,430,29" owari="152,-34.8,156,-24.4,233,3.3,459,55.9" /></mjloggm>