<mjloggm ver="2.3"><GO type="169" lobby="0"/><UN n0="%E3%83%8F%E5%B4%8E%E7%9C%9F%E6%82%9F" n1="%4B%4F%52%41%49%40%40%40" n2="%6B%75%73%73%79" n3="%E5%8D%83%E8%8D%89%E5%8F%B0" dan="17,17,17,17" rate="2239.43,2165.61,2167.14,2123.05" sx="M,M,M,M"/><TAIKYOKU oya="0"/><INIT seed="0,0,0,1,4,120" ten="250,250,250,250" oya="0" hai0="74,46,30,41,76,106,114,124,110,98,27,24,86" hai1="44,31,8,102,91,97,51,78,130,26,70,21,4" hai2="134,2,53,65,13,75,7,133,12,23,94,99,5" hai3="112,58,103,54,83,45,3,95,62,16,118,89,29"/><T17/><D114/><U131/><E70/><V66/><F75/><W20/><G112/><T38/><D86/><U77/><E91/><V67/><F2/><W116/><G3/><T10/><D124/><U73/><E8/><V119/><F119/><W68/><G103/><N who="0" m="62839" /><D24/><U59/><E59/><V9/><F53/><W113/><G113/><T72/><D17/><U105/><E4/><V36/><F36/><W129/><G68/><T79/><D79/><U48/><E48/><V126/><F126/><W115/><G29/><T123/><D10/><U121/><E121/><V37/><F37/><W109/><G115/><T84/><D84/><U93/><E105/><V6/><F23/><W39/><G83/><N who="0" m="45447" /><D74/><U85/><E85/><V69/><F69/><W125/><G125/><T49/><D49/><U82/><REACH who="1" step="1"/><E77/><REACH who="1" ten="250,240,250,250" step="2"/><V60/><F60/><W63/><G63/><T111/><D123/><U22/><E22/><V128/><F9/><W57/><G57/><T64/><D64/><U107/><E107/><V61/><F61/><W80/><G62/><T14/><D14/><U32/><E32/><AGARI ba="0,1" hai="27,30,32,38,41,46,110,111" m="45447,62839" machi="32" ten="30,5800,0" yaku="23,1,52,2" doraHai="120" who="0" fromWho="1" sc="250,68,240,-58,250,0,250,0" /><INIT seed="0,1,0,5,3,75" ten="318,182,250,250" oya="0" hai0="52,105,32,86,91,53,129,55,16,102,43,23,35" hai1="6,7,119,34,108,51,29,2,131,71,101,111,132" hai2="79,64,25,106,74,21,39,33,27,19,15,96,88" hai3="41,12,121,26,50,3,114,128,67,107,59,56,9"/><T89/><D89/><U54/><E119/><V18/><F39/><W85/><G107/><T90/><D129/><U28/><E71/><V80/><F64/><W42/><G3/><T133/><D43/><U1/><E101/><V30/><F106/><W45/><G128/><T60/><D60/><U123/><E131/><V99/><REACH who="2" step="1"/><F88/><REACH who="2" ten="318,182,240,250" step="2"/><W93/><G67/><T70/><D91/><U10/><E108/><V4/><F4/><W8/><G114/><T124/><D105/><U57/><E111/><V95/><F95/><W72/><G93/><T98/><D102/><U17/><E6/><V120/><F120/><W46/><G121/><T36/><D36/><U61/><E7/><V94/><F94/><W134/><G134/><T100/><D133/><U97/><E123/><V78/><F78/><W104/><G104/><T49/><D100/><U69/><E132/><V122/><F122/><W40/><G40/><T73/><D98/><U103/><E97/><V87/><F87/><W118/><G85/><T58/><D73/><U116/><E103/><V109/><F109/><W62/><G72/><T135/><D135/><U38/><E38/><V92/><F92/><W77/><G42/><T47/><D86/><U22/><E116/><V82/><F82/><W5/><G41/><T130/><D90/><U44/><E2/><V76/><F76/><W83/><G77/><T117/><D117/><U14/><E1/><V11/><AGARI ba="1,1" hai="11,15,18,19,21,25,27,30,33,74,79,80,96,99" machi="11" ten="20,12000,2" yaku="1,1,0,1,7,1,52,1,53,2" doraHai="75" doraHaiUra="13" who="2" fromWho="2" sc="318,-61,182,-31,240,133,250,-31" /><INIT seed="1,0,0,1,5,117" ten="257,151,373,219" oya="1" hai0="93,68,119,16,7,8,3,108,50,128,4,36,69" hai1="64,123,86,120,70,39,41,78,73,76,5,103,19" hai2="111,54,98,107,10,135,1,77,127,83,28,126,109" hai3="22,95,46,133,61,65,9,81,49,48,20,15,101"/><U72/><E19/><V96/><F54/><W89/><G133/><T116/><D36/><U115/><E86/><V51/><F51/><W97/><G49/><T60/><D108/><N who="2" m="41546" /><F28/><W99/><G61/><T6/><D3/><U71/><E64/><V74/><F10/><W44/><G65/><T13/><D128/><U21/><E21/><V80/><F1/><W62/><G62/><T43/><D93/><U12/><E12/><V114/><F135/><W106/><G44/><T122/><D122/><N who="1" m="46635" /><E5/><V132/><F132/><W59/><G59/><T27/><D27/><U24/><E24/><V17/><F17/><W75/><G75/><N who="1" m="28746" /><E103/><N who="2" m="62951" /><F114/><W53/><G81/><T38/><D116/><U134/><E134/><V129/><F129/><W26/><G26/><T130/><D119/><U55/><E55/><V91/><F98/><W100/><G100/><T34/><D130/><U102/><E102/><V87/><AGARI ba="0,0" hai="74,77,80,83,87,91,126,127" m="62951,41546" machi="87" ten="30,4000,0" yaku="14,1,34,2" doraHai="117" who="2" fromWho="2" sc="257,-10,151,-20,373,40,219,-10" /><INIT seed="2,0,0,0,4,119" ten="247,131,413,209" oya="2" hai0="37,87,82,61,81,38,33,92,89,19,93,95,55" hai1="113,111,23,15,31,117,1,118,39,83,0,121,3" hai2="103,108,112,125,21,70,12,104,59,126,107,46,22" hai3="130,17,66,120,52,5,94,20,73,110,75,96,56"/><V90/><F70/><W127/><G66/><T57/><D33/><U68/><E39/><V129/><F112/><W116/><G116/><N who="1" m="44650" /><E68/><V64/><F129/><W7/><G130/><T60/><D19/><U49/><E49/><V91/><F46/><W115/><G115/><T42/><D42/><U53/><E53/><V51/><F108/><W99/><G110/><T43/><D43/><U25/><E83/><V47/><F64/><W69/><G69/><T34/><D34/><N who="1" m="20847" /><E113/><V58/><F12/><W74/><G74/><T6/><D6/><U79/><E79/><V44/><F103/><W13/><G75/><T131/><D131/><U28/><E111/><V41/><F41/><W35/><G35/><T133/><D133/><U2/><N who="1" m="0" /><DORA hai="4" /><U101/><E101/><V123/><F51/><W10/><G73/><T50/><D38/><U8/><E121/><AGARI ba="0,0" hai="21,22,44,47,58,59,90,91,104,107,121,123,125,126" machi="121" ten="25,9600,0" yaku="22,2,52,2" doraHai="119,4" who="2" fromWho="1" sc="247,0,131,-96,413,96,209,0" /><INIT seed="2,1,0,3,0,41" ten="247,35,509,209" oya="2" hai0="131,117,128,103,63,38,126,109,118,31,55,25,53" hai1="115,107,82,40,100,101,133,37,34,116,65,97,42" hai2="23,77,130,104,135,26,94,67,3,61,11,95,46" hai3="28,78,35,19,92,51,81,9,98,50,59,80,45"/><V86/><F104/><W14/><G35/><T71/><D103/><U89/><E34/><V60/><F130/><N who="0" m="49706" /><D25/><U12/><E115/><V43/><F135/><W4/><G28/><T106/><D106/><U33/><E33/><V7/><F77/><W52/><G19/><T96/><D96/><U132/><E65/><V48/><F86/><W125/><G125/><T93/><D93/><U17/><E116/><N who="0" m="44649" /><D31/><U72/><E101/><V62/><REACH who="2" step="1"/><F67/><REACH who="2" ten="247,35,499,209" step="2"/><W57/><G78/><T91/><D126/><U69/><E132/><V83/><F83/><W127/><G127/><T108/><D108/><U2/><E133/><V70/><F70/><W32/><G80/><T122/><D71/><U27/><E69/><V105/><F105/><W5/><G81/><T90/><D109/><U10/><E82/><V102/><F102/><W74/><G74/><T36/><D90/><U13/><E72/><V84/><F84/><W120/><G120/><T113/><D91/><U1/><E89/><V29/><AGARI ba="1,1" hai="3,7,11,23,26,29,43,46,48,60,61,62,94,95" machi="29" ten="30,6000,0" yaku="1,1,0,1,52,1,53,0" doraHai="41" doraHaiUra="112" who="2" fromWho="2" sc="247,-21,35,-21,499,73,209,-21" /><INIT seed="2,2,0,5,0,46" ten="226,14,572,188" oya="2" hai0="114,30,47,123,72,92,53,107,78,112,100,91,31" hai1="14,93,74,40,27,86,131,101,52,82,106,125,37" hai2="65,11,50,1,26,102,113,55,111,32,9,39,56" hai3="117,103,22,8,49,7,15,70,79,24,124,81,83"/><V98/><F113/><W10/><G70/><T54/><D123/><U90/><E125/><V18/><F111/><W48/><G124/><T43/><D31/><U108/><E108/><V36/><F65/><W109/><G109/><T16/><D30/><U120/><E131/><V5/><F32/><W21/><G117/><T20/><D107/><U76/><E40/><V58/><F58/><W44/><G44/><T12/><D100/><U99/><E37/><V122/><F122/><W105/><G105/><T71/><D71/><U95/><E14/><V94/><REACH who="2" step="1"/><F11/><REACH who="2" ten="226,14,562,188" step="2"/><W23/><G10/><T17/><D112/><U61/><E120/><V96/><F96/><W135/><G135/><T25/><D114/><U68/><E27/><V84/><F84/><N who="3" m="48191" /><G24/><T77/><D25/><U34/><E34/><V127/><F127/><W116/><G116/><T75/><D75/><U129/><E129/><V19/><F19/><W128/><G128/><T66/><D66/><U63/><E68/><V3/><F3/><W29/><G29/><T13/><D72/><U42/><E42/><V69/><F69/><W110/><G110/><T6/><D17/><U0/><E0/><V115/><F115/><W89/><G103/><T4/><D13/><U59/><REACH who="1" step="1"/><E63/><REACH who="1" ten="226,4,562,188" step="2"/><V130/><F130/><W45/><G7/><T41/><D6/><U60/><E60/><V57/><F57/><W126/><G126/><T97/><D4/><U51/><E51/><V87/><F87/><N who="3" m="50431" /><G45/><T133/><D47/><U134/><E134/><V67/><F67/><W38/><G38/><T62/><D133/><U119/><E119/><RYUUKYOKU ba="2,2" sc="226,-30,4,10,562,10,188,10" hai1="52,59,61,74,76,82,86,90,93,95,99,101,106" hai2="1,5,9,18,26,36,39,50,55,56,94,98,102" hai3="8,15,21,22,23,48,49" /><INIT seed="2,3,2,4,1,3" ten="196,14,572,198" oya="2" hai0="52,0,106,71,9,49,89,37,66,111,129,41,8" hai1="81,61,27,69,6,46,90,13,7,134,124,97,76" hai2="21,121,11,26,47,31,133,93,36,34,77,95,94" hai3="4,110,108,25,33,64,39,60,102,132,67,82,40"/><V19/><F121/><W65/><G102/><T96/><D111/><N who="3" m="42537" /><G132/><T118/><D129/><U23/><E134/><V10/><F133/><W113/><G113/><T91/><D118/><U55/><E124/><V32/><F77/><W1/><G40/><T63/><D106/><U20/><E13/><V12/><REACH who="2" step="1"/><F34/><REACH who="2" ten="196,14,562,198" step="2"/><W79/><G33/><T17/><D91/><U48/><E69/><V92/><N who="2" m="23552" /><DORA hai="73" /><V70/><F70/><W116/><G116/><T29/><D89/><U44/><E90/><V58/><F58/><W117/><G117/><T126/><D71/><U131/><E131/><V28/><F28/><W62/><G79/><T114/><D29/><U107/><E97/><V101/><F101/><W125/><G125/><T112/><D96/><U51/><E107/><V75/><F75/><W84/><G67/><T56/><D126/><U2/><E2/><V87/><F87/><W38/><G65/><T88/><D0/><U104/><E104/><V15/><F15/><W30/><G64/><T127/><D88/><U103/><E103/><V135/><F135/><W18/><G84/><T105/><D127/><U68/><E68/><V50/><F50/><W128/><G128/><T59/><D105/><U100/><E100/><V74/><F74/><W86/><G86/><T122/><D122/><U98/><E98/><V42/><AGARI ba="3,3" hai="10,11,12,19,21,26,31,32,36,42,47" m="23552" machi="42" ten="40,3900,0" yaku="1,1,0,1,53,0" doraHai="3,73" doraHaiUra="83,99" who="2" fromWho="2" sc="196,-16,14,-16,562,78,198,-16" owari="180,-22.0,-2,-50.2,640,74.0,182,-1.8" /></mjloggm>