<mjloggm ver="2.3"><GO type="169" lobby="0"/><UN n0="%E5%AF%BF%E4%BA%BA%E6%B5%81%E7%89%8C%E6%89%8B" n1="%E6%B2%B3%E5%8F%A3%E7%A5%90%E5%B8%8C" n2="%E3%82%A8%E3%83%B3%E3%82%B8%E3%82%A7%E3%83%AB%E3%82%A6%E3%82%A3%E3%82%AD" n3="%E6%99%AE%E9%9C%B2%E9%9C%B2" dan="16,16,16,16" rate="2141.10,2055.16,2090.72,2132.08" sx="M,M,M,M"/><TAIKYOKU oya="0"/><INIT seed="0,0,0,0,5,131" ten="250,250,250,250" oya="0" hai0="3,49,126,5,52,6,64,110,58,62,95,0,54" hai1="79,83,81,53,124,29,57,35,14,75,45,111,70" hai2="71,86,37,28,22,17,84,72,85,132,66,43,96" hai3="44,16,7,60,36,103,33,104,93,32,20,41,112"/><T47/><D126/><U38/><E70/><V2/><F72/><W99/><G112/><T4/><D110/><U63/><E124/><V59/><F2/><W78/><G78/><T77/><D77/><U135/><E135/><V82/><F71/><W88/><G7/><T113/><D113/><U122/><E122/><V51/><F37/><W24/><REACH who="3" step="1"/><G60/><REACH who="3" ten="250,250,250,240" step="2"/><T69/><REACH who="0" step="1"/><D95/><REACH who="0" ten="240,250,250,240" step="2"/><U106/><E111/><V119/><F132/><W101/><G101/><T92/><D92/><U8/><E79/><V102/><F119/><W76/><G76/><T23/><D23/><U55/><E75/><V134/><F134/><W73/><G73/><T9/><D9/><U121/><E8/><V97/><F102/><W118/><G118/><T107/><D107/><U30/><E106/><V1/><F22/><W109/><G109/><T40/><D40/><U91/><E35/><V100/><F43/><W13/><G13/><T56/><D56/><U19/><E14/><V98/><F100/><W129/><G129/><T15/><D15/><U130/><E57/><V67/><F59/><W50/><G50/><AGARI ba="0,2" hai="0,3,4,5,6,47,49,50,52,54,58,62,64,69" machi="50" ten="40,3900,0" yaku="1,1,54,1,53,0" doraHai="131" doraHaiUra="94" who="0" fromWho="3" sc="240,59,250,0,250,0,240,-39" /><INIT seed="0,1,0,5,4,68" ten="299,250,250,201" oya="0" hai0="55,67,75,135,56,84,64,92,112,93,58,28,101" hai1="80,95,69,110,48,15,63,116,18,22,62,70,13" hai2="23,86,131,125,3,65,96,66,43,99,133,17,0" hai3="87,52,27,46,34,98,50,78,72,47,42,83,102"/><T126/><D112/><U26/><E116/><V118/><F131/><W20/><G34/><T61/><D75/><U11/><E110/><V109/><F109/><W38/><G72/><T12/><D135/><U6/><E70/><V122/><F122/><W10/><G10/><T121/><D121/><U113/><E69/><V49/><F125/><W120/><G120/><T117/><D117/><U107/><E107/><V129/><F129/><W41/><G41/><T19/><D28/><U119/><E113/><V103/><F133/><W85/><G85/><T88/><D126/><U124/><E119/><V30/><F30/><W40/><G40/><T36/><D36/><U24/><E124/><V82/><F0/><W31/><REACH who="3" step="1"/><G102/><REACH who="3" ten="299,250,250,191" step="2"/><T53/><D101/><U71/><E11/><V57/><F118/><W54/><G54/><T32/><D32/><U79/><E6/><V8/><F103/><W1/><G1/><T106/><D106/><U9/><E9/><V114/><F114/><W81/><G81/><T59/><D93/><U44/><E95/><V123/><F8/><W132/><G132/><T21/><REACH who="0" step="1"/><D58/><REACH who="0" ten="289,250,250,191" step="2"/><U97/><E71/><V100/><F100/><W77/><G77/><T94/><D94/><U45/><E79/><N who="2" m="46431" /><F123/><W37/><G37/><T134/><D134/><U74/><E80/><V76/><F76/><W73/><G73/><T39/><D39/><U25/><E74/><V16/><F57/><W130/><G130/><T51/><AGARI ba="1,2" hai="12,19,21,51,53,55,56,59,61,64,67,84,88,92" machi="51" ten="20,18000,2" yaku="1,1,0,1,7,1,25,2,8,1,54,1,53,0" doraHai="68" doraHaiUra="108" who="0" fromWho="0" sc="289,203,250,-61,250,-61,191,-61" /><INIT seed="0,2,0,5,4,33" ten="492,189,189,130" oya="0" hai0="53,3,127,115,128,119,121,91,27,112,39,34,97" hai1="66,64,8,102,28,19,7,105,69,111,130,129,99" hai2="18,47,73,135,100,90,107,4,84,31,52,74,57" hai3="103,12,132,68,11,120,70,78,133,82,13,131,16"/><T56/><D121/><U62/><E111/><V48/><F135/><N who="3" m="51787" /><G120/><T113/><D119/><U104/><E64/><V83/><F31/><W45/><G131/><N who="1" m="50186" /><E28/><V101/><F4/><N who="3" m="3175" /><G45/><T92/><D128/><U38/><E19/><V96/><F101/><W41/><G41/><T134/><D134/><U46/><E46/><V89/><F89/><W5/><G5/><T77/><D39/><U94/><E38/><V32/><F32/><W86/><G103/><T49/><D127/><U58/><E69/><V67/><F67/><W14/><G14/><AGARI ba="2,0" hai="7,8,14,58,62,66,94,99,102,104,105" m="50186" machi="14" ten="30,1000,0" yaku="19,1" doraHai="33" who="1" fromWho="3" sc="492,0,189,16,189,0,130,-16" /><INIT seed="1,0,0,4,1,33" ten="492,205,189,114" oya="1" hai0="82,80,71,56,78,112,29,57,103,135,32,27,77" hai1="17,54,55,9,79,108,115,31,3,72,39,12,63" hai2="20,131,96,67,13,105,10,126,109,44,62,34,42" hai3="28,98,97,85,113,45,47,15,91,81,53,2,7"/><U130/><E39/><V111/><F34/><W59/><G113/><T87/><D112/><U36/><E36/><V37/><F131/><W90/><G28/><T66/><D135/><U0/><E115/><V123/><F123/><W52/><G2/><T120/><D120/><U8/><E130/><V100/><F20/><W18/><G7/><T30/><D30/><U46/><E31/><V65/><F126/><W124/><G124/><T41/><D41/><U1/><E108/><N who="2" m="41547" /><F62/><W116/><G116/><T50/><D50/><U134/><E134/><V40/><F42/><W4/><G4/><AGARI ba="0,0" hai="4,10,13,37,40,44,65,67,96,100,105" m="41547" machi="4" ten="30,1000,0" yaku="14,1" doraHai="33" who="2" fromWho="3" sc="492,0,205,0,189,10,114,-10" /><INIT seed="2,0,0,2,5,88" ten="492,205,199,104" oya="2" hai0="71,93,15,75,56,8,92,37,70,25,77,135,64" hai1="7,60,57,47,6,111,44,63,33,83,28,65,133" hai2="79,23,32,108,9,95,128,61,52,16,53,38,121" hai3="134,119,2,14,106,91,116,31,40,55,127,110,109"/><V46/><F32/><W36/><G2/><T24/><D37/><U48/><E133/><V4/><F121/><W122/><G106/><T78/><D71/><U132/><E111/><N who="3" m="42506" /><G31/><T13/><D70/><U0/><E132/><V89/><F108/><W103/><G134/><T118/><D118/><U82/><E0/><V49/><F38/><W41/><G103/><T58/><D135/><U94/><E33/><V114/><F114/><W74/><G74/><T27/><D75/><U19/><E28/><V26/><F79/><N who="0" m="30218" /><D13/><U131/><E131/><V67/><F128/><W76/><G76/><T115/><D115/><U90/><E19/><V20/><F20/><W98/><G14/><T80/><D80/><N who="1" m="30763" /><E63/><V35/><F35/><W72/><G72/><T59/><D64/><U1/><E1/><V42/><F9/><W54/><G122/><T101/><D101/><U22/><E22/><V84/><F4/><AGARI ba="0,0" hai="4,8,15,24,25,27,56,58,59,92,93" m="30218" machi="4" ten="30,3900,0" yaku="8,1,52,2" doraHai="88" who="0" fromWho="2" sc="492,39,205,0,199,-39,104,0" /><INIT seed="3,0,0,5,5,106" ten="531,205,160,104" oya="3" hai0="130,102,87,96,2,73,88,11,48,24,112,12,111" hai1="65,45,15,35,0,36,118,76,104,99,6,101,40" hai2="85,89,119,60,64,14,67,117,8,62,5,78,74" hai3="126,81,31,77,135,71,100,125,22,84,10,1,95"/><W92/><G71/><T57/><D2/><U132/><E15/><V17/><F78/><W39/><G39/><T66/><D111/><U55/><E55/><V97/><F97/><W37/><G37/><T19/><D73/><U109/><E109/><V46/><F74/><W49/><G135/><T79/><D79/><U58/><E132/><V114/><F114/><W121/><G121/><T63/><D130/><U26/><E118/><V3/><F46/><W131/><G131/><T33/><D112/><U9/><E76/><V120/><F120/><W21/><G49/><T98/><D102/><U133/><E133/><V72/><F72/><W4/><G22/><N who="0" m="13407" /><D33/><U20/><E35/><V129/><F129/><W123/><G123/><T42/><D42/><U110/><E110/><V16/><F117/><W93/><REACH who="3" step="1"/><G100/><REACH who="3" ten="531,205,160,94" step="2"/><T27/><D48/><U107/><E101/><V75/><F119/><W53/><G53/><T94/><D27/><AGARI ba="0,1" hai="1,4,10,21,27,31,77,81,84,92,93,95,125,126" machi="27" ten="40,2000,0" yaku="1,1,53,0" doraHai="106" doraHaiUra="41" who="3" fromWho="0" sc="531,-20,205,0,160,0,94,30" /><INIT seed="3,1,0,0,0,76" ten="511,205,160,124" oya="3" hai0="66,131,119,1,89,51,129,7,60,100,63,96,71" hai1="84,42,133,59,85,115,6,93,15,98,34,122,91" hai2="33,109,49,117,48,26,9,102,118,105,121,128,3" hai3="61,52,130,79,14,112,78,88,40,120,80,70,72"/><W41/><G120/><T73/><D119/><U20/><E34/><V5/><F109/><W57/><G112/><T50/><D73/><U12/><E122/><V75/><F128/><N who="0" m="49226" /><D89/><U125/><E125/><V74/><F48/><W10/><G130/><T11/><D63/><U132/><E115/><V108/><F49/><W65/><G78/><T22/><D22/><U104/><E104/><AGARI ba="1,0" hai="1,7,11,50,51,60,66,71,96,100,104" m="49226" machi="104" ten="30,1000,0" yaku="19,1" doraHai="76" who="0" fromWho="1" sc="511,13,205,-13,160,0,124,0" /><INIT seed="4,0,0,0,2,21" ten="524,192,160,124" oya="0" hai0="89,108,95,98,132,50,128,56,3,52,5,40,114" hai1="119,55,15,92,54,111,106,24,82,90,20,34,133" hai2="65,42,25,41,47,109,127,27,126,7,0,29,39" hai3="99,88,97,134,104,32,67,74,125,130,124,77,81"/><T11/><D114/><U115/><E119/><V53/><F109/><W64/><G32/><T87/><D132/><U117/><E117/><V75/><F29/><W2/><G2/><T60/><D128/><U51/><E115/><V19/><F19/><W122/><G64/><T84/><D108/><U66/><E106/><V83/><F65/><W121/><G67/><T6/><D6/><U73/><E133/><V103/><F103/><N who="3" m="62575" /><G134/><T113/><D113/><U80/><E111/><V105/><F105/><W46/><G46/><T96/><D96/><U69/><E73/><V26/><F53/><W63/><G63/><T78/><D78/><U85/><E34/><V123/><F42/><W10/><G10/><T91/><D91/><U45/><E15/><V4/><F123/><N who="3" m="47115" /><G130/><T18/><D18/><U33/><E33/><V59/><F59/><W71/><G71/><T70/><D70/><U12/><E12/><V107/><F107/><W58/><G58/><T101/><D40/><U120/><E120/><V102/><F102/><W9/><G9/><T131/><D131/><U43/><E66/><V79/><F7/><W49/><G49/><T28/><D101/><U118/><E69/><V116/><F116/><W36/><G36/><T44/><D28/><N who="1" m="17415" /><E118/><V72/><F72/><W35/><G35/><T31/><D31/><U8/><E8/><AGARI ba="0,0" hai="0,4,8,25,26,27,39,41,47,75,79,83,126,127" machi="8" ten="40,8000,1" yaku="25,2,52,3" doraHai="21" who="2" fromWho="1" sc="524,0,192,-80,160,80,124,0" /><INIT seed="5,0,0,3,1,30" ten="524,112,240,124" oya="1" hai0="1,79,135,62,129,113,16,109,72,32,19,67,26" hai1="54,22,106,55,81,49,134,57,14,125,29,104,33" hai2="91,107,122,85,131,51,48,41,0,71,89,124,78" hai3="4,23,98,120,66,97,86,11,18,65,114,73,28"/><U69/><E125/><V100/><F122/><W77/><G73/><T50/><D1/><U102/><E134/><V31/><F71/><W34/><G120/><T12/><D109/><U115/><E69/><V58/><F0/><W59/><G114/><T2/><D2/><U76/><E115/><V5/><F5/><W83/><G28/><T117/><D117/><U3/><E3/><V127/><F107/><W132/><G34/><T42/><D129/><U118/><E118/><V60/><F100/><W133/><G11/><T112/><D79/><U9/><E102/><V17/><F131/><W47/><G47/><T128/><D72/><U46/><E22/><V82/><F17/><W36/><G4/><T88/><D19/><U8/><E8/><V61/><F31/><W70/><G36/><T35/><D128/><U103/><E103/><V80/><F61/><W64/><G59/><T52/><D62/><U7/><E29/><V126/><F41/><W15/><REACH who="3" step="1"/><G70/><REACH who="3" ten="524,112,240,114" step="2"/><T68/><D68/><U56/><E33/><V92/><F58/><W27/><G27/><T90/><D35/><U6/><E6/><V40/><F124/><W123/><G123/><T37/><D32/><U105/><REACH who="1" step="1"/><E55/><REACH who="1" ten="524,102,240,114" step="2"/><V130/><F126/><W84/><G84/><AGARI ba="0,2" hai="7,9,14,46,49,54,56,57,76,81,84,104,105,106" machi="84" ten="40,3900,0" yaku="1,1,2,1,53,0" doraHai="30" doraHaiUra="25" who="1" fromWho="3" sc="524,0,102,59,240,0,114,-39" /><INIT seed="5,1,0,5,0,51" ten="524,161,240,75" oya="1" hai0="131,134,2,56,26,4,88,75,87,58,10,19,80" hai1="30,109,76,34,69,133,116,33,22,65,6,84,113" hai2="49,41,67,91,21,129,92,83,74,93,126,37,111" hai3="27,106,14,40,96,123,62,77,66,104,47,115,59"/><U52/><E116/><V35/><F35/><W97/><G123/><T29/><D134/><U73/><E73/><V82/><F111/><W23/><G115/><T57/><D131/><U100/><E100/><V12/><F37/><W112/><G112/><T13/><D75/><U18/><E113/><V101/><F129/><W81/><G14/><T61/><D2/><U90/><E109/><V98/><F126/><W114/><G106/><T85/><D85/><U70/><E76/><V118/><F67/><W3/><G3/><T31/><D61/><U71/><E6/><V78/><F83/><W130/><G104/><T43/><D43/><U127/><E65/><V128/><F118/><W95/><G130/><T45/><D45/><U119/><E30/><N who="0" m="11273" /><D26/><U94/><E127/><V50/><F41/><W121/><G121/><T39/><D39/><U55/><E133/><V89/><F128/><W110/><G110/><T63/><D63/><U8/><E8/><V124/><F101/><W48/><G114/><T15/><D15/><U11/><E11/><V25/><F12/><W9/><G9/><T99/><D99/><U120/><E119/><V32/><F32/><N who="1" m="12393" /><E120/><V64/><F64/><W60/><G60/><T0/><D0/><U46/><E46/><V102/><F124/><W54/><G66/><T17/><AGARI ba="1,0" hai="4,10,13,17,19,56,57,58,80,87,88" m="11273" machi="17" ten="30,2000,0" yaku="8,1,54,1" doraHai="51" who="0" fromWho="0" sc="524,23,161,-11,240,-6,75,-6" /><INIT seed="6,0,0,4,5,10" ten="547,150,234,69" oya="2" hai0="113,108,128,58,89,122,38,99,24,20,117,17,62" hai1="30,59,114,84,52,8,61,73,125,45,48,78,121" hai2="127,34,3,29,135,129,64,53,21,104,98,50,85" hai3="88,39,49,83,19,65,14,13,47,12,42,124,126"/><V9/><F34/><W46/><G65/><T100/><D108/><U132/><E73/><V103/><F129/><W25/><G25/><T107/><D117/><U31/><E114/><V110/><F135/><W11/><G83/><T86/><D122/><U71/><E125/><N who="3" m="48234" /><G88/><T94/><D113/><U115/><E71/><V123/><F127/><W74/><G74/><T118/><D118/><U77/><E121/><V82/><F123/><W87/><G87/><T90/><D38/><U33/><E33/><V112/><F112/><W43/><AGARI ba="0,0" hai="11,12,13,14,19,39,42,43,46,47,49" m="48234" machi="43" ten="30,7900,0" yaku="18,1,52,3" doraHai="10" who="3" fromWho="3" sc="547,-20,150,-20,234,-39,69,79" /><INIT seed="7,0,0,3,2,110" ten="527,130,195,148" oya="3" hai0="27,131,56,82,121,32,87,61,33,47,55,132,39" hai1="26,48,46,98,100,89,18,52,73,115,99,59,134" hai2="67,68,116,95,38,49,106,37,93,109,11,28,65" hai3="74,83,25,53,64,107,29,12,41,60,36,88,92"/><W35/><G107/><T129/><D121/><U86/><E134/><V114/><F109/><W24/><G24/><T51/><D39/><U111/><E115/><V124/><F114/><W4/><G53/><T101/><D101/><U22/><E73/><V135/><F106/><W43/><G36/><T84/><D132/><U69/><E69/><V119/><F135/><W112/><G112/><T10/><D10/><U2/><E2/><V97/><F11/><W1/><G1/><T76/><D87/><U3/><E3/><V122/><F49/><W79/><G12/><T78/><D78/><U104/><E111/><V63/><F28/><W13/><G13/><T91/><D76/><U16/><E99/><V96/><F63/><W42/><G4/><T117/><D117/><U62/><E18/><V50/><F50/><W102/><G102/><T66/><D27/><U5/><E5/><V15/><F15/><W34/><G34/><T123/><D123/><U20/><E20/><V133/><F133/><W31/><G31/><T81/><D81/><U6/><E6/><V30/><F68/><W85/><REACH who="3" step="1"/><G41/><REACH who="3" ten="527,130,195,138" step="2"/><T21/><D32/><U17/><E17/><V113/><F113/><W19/><G19/><T127/><D33/><U77/><E77/><V71/><F30/><W75/><G75/><T23/><D55/><U8/><E8/><V105/><F105/><W126/><G126/><T57/><D127/><U90/><REACH who="1" step="1"/><E86/><REACH who="1" ten="527,120,195,138" step="2"/><V9/><F124/><W103/><G103/><T40/><D84/><U44/><E44/><V7/><F9/><W80/><G80/><T118/><D40/><AGARI ba="0,2" hai="16,22,26,40,46,48,52,59,62,89,90,98,100,104" machi="40" ten="30,8000,1" yaku="1,1,6,1,7,1,54,2,53,0" doraHai="110" doraHaiUra="130" who="1" fromWho="0" sc="527,-80,120,100,195,0,138,0" owari="447,54.7,220,2.0,195,-20.5,138,-36.2" /></mjloggm>