<mjloggm ver="2.3"><GO type="169" lobby="0"/><UN n0="%41%4C%50%45%52%49%4E" n1="%6B%E3%81%AE" n2="%54%68%65%72%65%73%61%5F" n3="%E3%81%88%E3%81%84%E3%81%8D%E3%81%A1%40%35%6D%66" dan="16,17,16,17" rate="2139.70,2204.27,2089.91,2238.84" sx="M,M,M,M"/><TAIKYOKU oya="0"/><INIT seed="0,0,0,3,2,66" ten="250,250,250,250" oya="0" hai0="86,41,104,47,59,23,81,87,58,4,70,125,49" hai1="127,122,55,93,129,50,83,118,62,119,74,130,90" hai2="44,116,46,35,39,72,7,105,57,110,21,36,126" hai3="135,14,124,18,51,85,88,94,45,98,84,73,28"/><T77/><D125/><U22/><E62/><V134/><F7/><W8/><G124/><T99/><D70/><U120/><E127/><V42/><F21/><W79/><G135/><T71/><D71/><U5/><E5/><V6/><F6/><W17/><G28/><T10/><D87/><U95/><E50/><V82/><F82/><W78/><G18/><T9/><D9/><U128/><E22/><V65/><F35/><W92/><G73/><T111/><D111/><U132/><E55/><V96/><F72/><W80/><G94/><T117/><D117/><N who="1" m="44555" /><E132/><V12/><F12/><W54/><REACH who="3" step="1"/><G84/><REACH who="3" ten="250,250,250,240" step="2"/><T121/><D121/><N who="1" m="46699" /><E74/><V19/><F126/><W106/><G106/><T48/><D23/><U0/><E0/><V26/><F105/><W31/><G31/><T15/><REACH who="0" step="1"/><D49/><REACH who="0" ten="240,250,250,240" step="2"/><U67/><E130/><V64/><F116/><W97/><G97/><T25/><D25/><U16/><E129/><V69/><F26/><W133/><G133/><T56/><D56/><U114/><E128/><V63/><F57/><W52/><G52/><T11/><D11/><U115/><E115/><V131/><F131/><W33/><G33/><T40/><D40/><U103/><E114/><V91/><F42/><W107/><G107/><T75/><D75/><U1/><E67/><V3/><F64/><W38/><G38/><T34/><D34/><U76/><E83/><V112/><F65/><W37/><G37/><T113/><D113/><U123/><E123/><V61/><F39/><W29/><G29/><T53/><D53/><U100/><E95/><V27/><F112/><W30/><G30/><RYUUKYOKU ba="0,2" sc="240,15,250,-15,250,-15,240,15" hai0="4,10,15,41,47,48,58,59,77,81,86,99,104" hai3="8,14,17,45,51,54,78,79,80,85,88,92,98" /><INIT seed="0,1,2,0,3,3" ten="255,235,235,255" oya="0" hai0="72,123,33,32,64,34,43,106,53,90,99,28,116" hai1="50,108,110,107,67,15,113,86,114,95,79,10,75" hai2="100,11,0,71,60,19,115,41,120,47,36,88,56" hai3="111,93,81,30,78,104,87,69,74,38,48,92,91"/><T2/><D116/><U29/><E107/><V103/><F115/><N who="1" m="44041" /><E29/><V39/><F120/><W25/><G38/><T49/><D123/><U85/><E67/><V98/><F71/><W109/><G69/><T5/><D72/><U27/><E27/><V45/><F45/><W83/><G48/><T40/><D64/><U130/><E130/><V82/><F39/><W97/><G25/><T31/><D31/><U51/><E75/><V96/><F82/><W102/><G30/><T89/><D28/><U46/><E51/><V37/><F37/><W6/><G6/><T125/><D125/><U4/><E95/><AGARI ba="1,2" hai="74,78,81,83,87,91,92,93,95,97,102,104,109,111" machi="95" ten="40,5200,0" yaku="34,3" doraHai="3" who="3" fromWho="1" sc="255,0,235,-55,235,0,255,75" /><INIT seed="1,0,0,1,3,75" ten="255,180,235,330" oya="1" hai0="28,98,19,53,0,104,105,10,51,83,125,97,119" hai1="6,121,25,113,82,109,122,89,8,94,55,115,13" hai2="106,110,91,103,49,14,43,41,5,18,30,86,65" hai3="77,57,107,59,24,38,90,126,37,112,22,81,127"/><U56/><E109/><V21/><F110/><W54/><G107/><T3/><D119/><U12/><E121/><V92/><F65/><W87/><G112/><T66/><D125/><N who="3" m="47625" /><G90/><T60/><D28/><U7/><E122/><V9/><F30/><N who="3" m="17687" /><G59/><T84/><D105/><U27/><E113/><V108/><F108/><W61/><AGARI ba="0,0" hai="37,38,54,57,61,77,81,87" m="17687,47625" machi="61" ten="30,2000,0" yaku="18,1,52,1" doraHai="75" who="3" fromWho="3" sc="255,-5,180,-10,235,-5,330,20" /><INIT seed="2,0,0,0,2,69" ten="250,170,230,350" oya="2" hai0="8,1,112,60,7,48,36,37,24,79,85,132,108" hai1="62,52,28,75,114,105,81,46,58,127,104,2,131" hai2="43,61,73,35,40,107,86,134,120,55,78,27,103" hai3="67,123,30,128,93,11,65,53,110,66,17,29,39"/><V18/><F120/><W133/><G123/><T64/><D112/><U54/><E114/><V83/><F134/><W115/><G115/><T116/><D108/><U118/><E118/><V76/><F76/><W0/><G110/><T13/><D132/><U84/><E75/><V20/><F35/><W59/><G133/><T12/><D116/><U6/><E131/><V97/><F55/><W126/><G126/><T130/><D130/><U101/><E28/><V56/><F56/><W87/><G39/><T10/><D24/><U68/><E68/><V47/><F61/><W92/><G128/><T125/><D125/><U34/><E34/><V9/><F9/><W106/><G106/><T90/><D79/><U91/><E101/><V102/><F102/><W96/><G87/><T45/><D60/><U33/><E33/><V113/><F113/><W70/><G92/><T14/><D64/><U121/><E121/><V23/><F23/><W100/><G70/><T99/><D99/><U80/><E127/><V50/><REACH who="2" step="1"/><F43/><REACH who="2" ten="250,170,220,350" step="2"/><W32/><G32/><T5/><D10/><U124/><E124/><V3/><F3/><W15/><REACH who="3" step="1"/><G0/><REACH who="3" ten="250,170,220,340" step="2"/><T89/><D1/><U117/><E2/><V74/><AGARI ba="0,2" hai="18,20,27,40,47,50,73,74,78,83,86,97,103,107" machi="74" ten="30,3000,0" yaku="1,1,0,1,53,0" doraHai="69" doraHaiUra="135" who="2" fromWho="2" sc="250,-10,170,-10,220,50,340,-10" /><INIT seed="2,1,0,3,3,122" ten="240,160,270,330" oya="2" hai0="120,40,93,70,128,58,67,134,3,127,42,103,11" hai1="9,22,123,18,101,24,43,75,129,135,89,81,10" hai2="100,121,96,106,23,133,17,110,102,115,21,62,66" hai3="98,19,46,109,56,83,2,25,6,95,54,130,51"/><V108/><F115/><W28/><G130/><T119/><D120/><U78/><E123/><V59/><F121/><W92/><G2/><T48/><D127/><U49/><E129/><V118/><F118/><W117/><G6/><T16/><D119/><U113/><E113/><V47/><F133/><W73/><G117/><T99/><D128/><U37/><E37/><V85/><F102/><W105/><G19/><T80/><D134/><U0/><E0/><V29/><F47/><W71/><G71/><T5/><D70/><U30/><E135/><V63/><F85/><W91/><G109/><N who="2" m="42089" /><F29/><W76/><G46/><T50/><D42/><U104/><E30/><V53/><F17/><W31/><G105/><T1/><D16/><U55/><E104/><V107/><F106/><W68/><G31/><T61/><D103/><U12/><E101/><V82/><F82/><W84/><G98/><T131/><D80/><U124/><E81/><V88/><F88/><W35/><G95/><T8/><D93/><U126/><E89/><V27/><F27/><W94/><G92/><T36/><D99/><U65/><E24/><V114/><F114/><W86/><G86/><T132/><D132/><U87/><E87/><V15/><F15/><W90/><G90/><T57/><D131/><U32/><E12/><V7/><F7/><W69/><AGARI ba="1,0" hai="25,28,35,51,54,56,68,69,73,76,83,84,91,94" machi="69" ten="30,1100,0" yaku="0,1" doraHai="122" who="3" fromWho="3" sc="240,-4,160,-4,270,-6,330,14" /><INIT seed="3,0,0,3,5,42" ten="236,156,264,344" oya="3" hai0="116,100,86,24,73,23,82,27,32,83,25,110,115" hai1="46,40,125,130,33,36,38,94,21,53,98,2,1" hai2="68,29,50,88,64,93,106,117,69,84,90,71,10" hai3="121,0,124,22,63,70,15,8,78,39,134,129,114"/><W123/><G114/><T49/><D116/><U11/><E33/><V47/><F117/><W127/><G39/><T91/><D110/><U17/><E130/><V80/><F106/><W52/><G129/><T79/><D115/><U3/><E125/><N who="3" m="48202" /><G134/><T51/><D32/><U122/><E122/><V89/><F29/><W61/><G78/><T112/><D112/><U97/><E53/><V54/><F10/><W77/><G77/><T26/><REACH who="0" step="1"/><D100/><REACH who="0" ten="226,156,264,344" step="2"/><U30/><E30/><AGARI ba="0,1" hai="23,24,25,26,27,30,49,51,73,79,82,83,86,91" machi="30" ten="40,2600,0" yaku="1,1,2,1,53,0" doraHai="42" doraHaiUra="59" who="0" fromWho="1" sc="226,36,156,-26,264,0,344,0" /><INIT seed="4,0,0,2,1,58" ten="262,130,264,344" oya="0" hai0="108,53,44,71,116,65,11,29,131,109,5,0,14" hai1="121,96,37,120,132,27,26,103,2,79,101,18,12" hai2="104,51,41,49,76,42,118,84,133,61,98,135,9" hai3="36,24,72,100,90,33,95,67,91,4,74,45,39"/><T128/><D116/><U21/><E2/><V56/><F118/><W48/><G4/><T17/><D29/><U88/><E37/><V1/><F104/><W23/><G33/><T99/><D99/><U102/><E132/><N who="2" m="50763" /><F98/><W25/><G100/><T19/><D53/><U86/><E79/><V43/><F1/><W52/><G67/><T15/><D44/><U77/><E77/><V80/><F9/><W63/><G63/><N who="0" m="40383" /><D0/><U16/><E96/><V93/><F93/><W94/><G45/><T122/><D122/><U47/><E47/><V57/><F57/><W30/><G30/><T81/><D81/><U35/><E35/><V62/><F62/><W8/><G8/><N who="0" m="6343" /><D5/><U40/><E40/><N who="2" m="10243" /><V73/><DORA hai="87" /><F73/><W59/><G59/><T10/><D10/><N who="1" m="6167" /><E121/><V68/><F68/><W124/><G74/><T60/><D60/><U50/><E120/><V85/><F85/><W105/><G72/><T6/><D6/><U34/><E50/><V115/><F115/><W113/><G48/><T97/><D97/><U83/><E34/><V127/><F127/><W46/><G124/><T125/><D125/><U117/><E117/><V134/><N who="2" m="50771" /><V119/><DORA hai="106" /><F119/><W78/><G46/><T111/><AGARI ba="0,0" hai="11,15,19,108,109,111,128,131" m="6343,40383" machi="111" ten="40,3900,0" yaku="10,1,52,1" doraHai="58,87,106" who="0" fromWho="0" sc="262,39,130,-13,264,-13,344,-13" /><INIT seed="4,1,0,0,5,38" ten="301,117,251,331" oya="0" hai0="64,77,88,5,93,97,95,53,112,101,67,46,45" hai1="12,75,113,18,108,135,6,51,29,133,34,123,13" hai2="109,92,130,33,32,132,20,56,76,30,125,0,19" hai3="49,71,48,39,74,16,2,26,21,118,10,43,122"/><T1/><D112/><U104/><E104/><V84/><F109/><W47/><G118/><T96/><D77/><U62/><E75/><V120/><F120/><W4/><G122/><T119/><D119/><U24/><E62/><V87/><F0/><W126/><G126/><T25/><D25/><U59/><E59/><V54/><F125/><W37/><G71/><T31/><D31/><U117/><E51/><V72/><F130/><W107/><G107/><T134/><D134/><N who="1" m="51211" /><E117/><V83/><F132/><W91/><G74/><T105/><D105/><U81/><E81/><V23/><F72/><W102/><G102/><T70/><D70/><U66/><E66/><V7/><F7/><W129/><G129/><T99/><D99/><U58/><E58/><V68/><F68/><W69/><G69/><T124/><D124/><U41/><E41/><V9/><F9/><W86/><REACH who="3" step="1"/><G37/><REACH who="3" ten="301,117,251,321" step="2"/><T78/><D78/><U42/><E123/><V110/><F76/><W114/><G114/><T106/><D106/><U27/><E113/><V50/><F110/><W131/><G131/><T116/><D116/><U36/><E108/><V98/><F84/><W79/><G79/><T60/><D101/><U11/><E36/><V82/><F87/><W90/><G90/><T127/><D127/><U115/><E115/><V65/><F98/><W40/><G40/><T73/><D73/><U103/><E42/><V8/><F82/><AGARI ba="1,1" hai="2,4,10,16,21,26,39,43,47,48,49,82,86,91" machi="82" ten="30,8000,1" yaku="1,1,7,1,52,1,54,1,53,1" doraHai="38" doraHaiUra="85" who="3" fromWho="2" sc="301,0,117,0,251,-83,321,93" /><INIT seed="5,0,0,5,5,114" ten="301,117,168,414" oya="1" hai0="86,39,118,128,103,75,21,101,1,134,2,85,80" hai1="48,106,28,34,50,32,58,77,78,127,31,97,16" hai2="104,8,71,113,83,117,14,0,40,13,112,84,89" hai3="6,67,38,73,133,126,91,26,111,45,3,79,9"/><U90/><E127/><V60/><F104/><W27/><G111/><T100/><D39/><U124/><E124/><V17/><F40/><N who="3" m="22679" /><G126/><T66/><D134/><U98/><E58/><V129/><F129/><W115/><G115/><N who="2" m="44105" /><F0/><W56/><G91/><T41/><D128/><U5/><E5/><V51/><F51/><W108/><G108/><T87/><D41/><U52/><E90/><V119/><F14/><W110/><G133/><T11/><D66/><AGARI ba="0,0" hai="8,13,17,60,66,71,83,84,89,117,119" m="44105" machi="66" ten="30,7700,0" yaku="15,1,11,1,52,2" doraHai="114" who="2" fromWho="0" sc="301,-77,117,0,168,77,414,0" /><INIT seed="6,0,0,5,3,1" ten="224,117,245,414" oya="2" hai0="14,39,37,97,81,85,51,25,52,118,11,89,67" hai1="133,44,18,88,135,80,29,111,60,21,20,58,74" hai2="62,56,46,45,9,93,2,110,69,42,99,47,34" hai3="120,15,123,36,75,8,98,28,108,26,16,12,131"/><V41/><F34/><N who="3" m="20759" /><G98/><T65/><D118/><U130/><E111/><V3/><F69/><W106/><G75/><T132/><D132/><U122/><E130/><V30/><F30/><W86/><G86/><T61/><D25/><U101/><E122/><V94/><F110/><W10/><G36/><T0/><D0/><U129/><E129/><V102/><F94/><W100/><G100/><T27/><D27/><U127/><E127/><V24/><F24/><W40/><G40/><T54/><D97/><U59/><E29/><V5/><REACH who="2" step="1"/><F2/><REACH who="2" ten="224,117,235,414" step="2"/><W7/><G108/><T35/><D35/><U82/><E133/><V19/><F19/><N who="3" m="8583" /><G131/><T63/><D67/><AGARI ba="0,1" hai="3,5,9,41,42,45,46,47,56,62,67,93,99,102" machi="67" ten="40,3900,0" yaku="1,1,52,1,53,0" doraHai="1" doraHaiUra="73" who="2" fromWho="0" sc="224,-39,117,0,235,49,414,0" /><INIT seed="6,1,0,4,1,87" ten="185,117,284,414" oya="2" hai0="26,84,13,99,2,116,124,24,113,18,74,41,11" hai1="118,27,115,122,110,80,20,56,10,125,15,64,31" hai2="68,21,5,23,102,38,105,104,6,76,32,81,47" hai3="4,132,9,88,106,57,72,109,29,19,65,101,63"/><V43/><F68/><W94/><G109/><T121/><D74/><U7/><E110/><V52/><F32/><W82/><G132/><T135/><D121/><U51/><E118/><V95/><F6/><W71/><G29/><T14/><D116/><U25/><E115/><V128/><F128/><W17/><G71/><T133/><D113/><U54/><E125/><V114/><F114/><W117/><G117/><T70/><D70/><U30/><E122/><V111/><F104/><W1/><G101/><T120/><D120/><U22/><E80/><V134/><F134/><N who="0" m="51210" /><D124/><U129/><REACH who="1" step="1"/><E64/><REACH who="1" ten="185,107,284,414" step="2"/><V61/><F81/><W126/><G126/><T45/><D2/><U97/><E97/><V46/><F111/><W131/><G131/><AGARI ba="1,1" hai="7,10,15,20,22,25,27,30,31,51,54,56,129,131" machi="131" ten="40,2600,0" yaku="1,1,9,1,53,0" doraHai="87" doraHaiUra="42" who="1" fromWho="3" sc="185,0,107,39,284,0,414,-29" /><INIT seed="7,0,0,0,4,45" ten="185,146,284,385" oya="3" hai0="10,64,92,69,86,27,82,75,112,98,126,18,52" hai1="121,90,60,14,116,59,49,80,118,134,111,34,7" hai2="11,55,8,96,87,100,128,26,28,0,101,33,95" hai3="16,15,124,91,113,114,135,89,83,97,12,38,65"/><W93/><G38/><T74/><D126/><U50/><E111/><V102/><F128/><W66/><G124/><T79/><D112/><N who="3" m="43113" /><G135/><T46/><D64/><N who="3" m="24681" /><G16/><T5/><D69/><U56/><E34/><V105/><F105/><W67/><G67/><T123/><D123/><U94/><E121/><V62/><F87/><AGARI ba="0,0" hai="12,15,83,87,89,91,93,97" m="24681,43113" machi="87" ten="30,1500,0" yaku="15,1" doraHai="45" who="3" fromWho="2" sc="185,0,146,0,284,-15,385,15" owari="185,-21.5,146,-35.4,269,6.9,400,50.0" /></mjloggm>