<mjloggm ver="2.3"><GO type="169" lobby="0"/><UN n0="%61%73%61%64%61%31%32" n1="%43%68%65" n2="%E3%83%AA%E3%83%84%E3%83%9F%E3%82%B5%E3%83%B3" n3="%E3%83%A4%E3%83%9E%E3%83%80%E3%81%95%E3%82%93" dan="17,16,17,18" rate="2177.88,2079.92,2227.65,2205.58" sx="M,M,M,M"/><TAIKYOKU oya="0"/><INIT seed="0,0,0,2,2,106" ten="250,250,250,250" oya="0" hai0="130,43,44,48,92,56,32,24,135,105,29,49,63" hai1="73,27,78,15,104,89,122,21,68,66,128,97,120" hai2="26,99,28,125,86,62,36,101,112,5,13,35,123" hai3="118,12,103,8,83,91,90,74,115,25,119,2,10"/><T46/><D105/><U61/><E128/><V64/><F36/><W85/><G115/><T54/><D135/><U41/><E15/><V52/><F123/><W134/><G134/><T111/><D130/><U102/><E89/><V65/><F125/><W51/><G103/><T131/><D131/><U80/><REACH who="1" step="1"/><E41/><REACH who="1" ten="250,240,250,250" step="2"/><V1/><F13/><W11/><G91/><T116/><D116/><U107/><E107/><V76/><F112/><W19/><G2/><T96/><D111/><U114/><E114/><V30/><F1/><W124/><G124/><T39/><D46/><U69/><E69/><V84/><F101/><AGARI ba="0,1" hai="24,29,32,39,43,44,48,49,54,56,63,92,96,101" machi="101" ten="30,1500,0" yaku="7,1" doraHai="106" who="0" fromWho="2" sc="250,25,240,0,250,-15,250,0" /><INIT seed="0,1,0,5,5,56" ten="275,240,235,250" oya="0" hai0="99,49,110,109,117,14,82,47,115,20,101,5,70" hai1="84,104,126,80,125,3,19,57,17,69,32,41,9" hai2="118,130,87,60,89,86,132,102,7,2,62,105,67" hai3="30,90,1,40,18,113,50,83,48,116,73,119,59"/><T29/><D115/><U15/><E69/><V100/><F132/><W98/><G1/><T72/><D117/><U114/><E114/><V108/><F108/><N who="0" m="41578" /><D70/><U63/><E104/><V53/><F130/><W93/><G113/><T121/><D121/><U66/><E32/><V134/><F134/><W85/><G30/><T79/><D29/><U42/><E3/><V71/><F118/><W129/><G129/><T64/><D64/><U39/><E19/><V111/><F111/><W33/><G33/><T13/><D20/><U135/><E135/><V25/><F25/><W31/><G31/><T97/><D5/><U58/><E39/><V74/><F74/><W51/><G73/><T36/><D36/><U24/><E24/><V112/><F105/><W34/><G34/><T21/><D21/><U54/><E126/><V23/><F23/><W122/><G122/><T81/><D82/><U28/><E28/><V0/><F112/><W91/><G18/><T131/><D131/><U65/><E65/><V12/><F67/><W26/><G26/><T88/><D101/><U4/><E4/><V107/><F7/><W8/><G116/><T46/><D46/><U11/><E9/><V55/><F71/><W133/><G8/><T44/><D44/><U61/><E125/><V120/><F120/><W37/><G133/><T96/><D88/><AGARI ba="1,0" hai="11,15,17,41,42,54,57,58,61,63,66,80,84,88" machi="88" ten="30,8000,1" yaku="7,1,8,1,52,2,54,1" doraHai="56" who="1" fromWho="0" sc="275,-83,240,83,235,0,250,0" /><INIT seed="1,0,0,1,4,130" ten="192,323,235,250" oya="1" hai0="69,125,4,20,44,28,1,50,110,84,114,127,54" hai1="59,78,58,134,116,98,115,72,61,104,19,16,85" hai2="80,39,91,42,63,133,121,124,47,14,9,76,64" hai3="6,66,67,73,17,29,82,48,65,128,18,111,129"/><U51/><E115/><V45/><F124/><W122/><G122/><T107/><D69/><U99/><E72/><V33/><F33/><W3/><G111/><T92/><D107/><U105/><E116/><V117/><F121/><W8/><G29/><T94/><D110/><U10/><E10/><V95/><F47/><W38/><G48/><T89/><D114/><U2/><E2/><V7/><F117/><W21/><G38/><T75/><D75/><U12/><E51/><V81/><F76/><W53/><G53/><T43/><D4/><U87/><E12/><V97/><REACH who="2" step="1"/><F133/><REACH who="2" ten="192,323,225,250" step="2"/><W13/><G128/><T35/><D35/><U106/><E78/><V90/><F90/><W109/><G129/><T126/><D43/><U37/><E134/><V135/><F135/><W52/><G109/><T49/><D44/><U118/><E118/><V0/><F0/><W101/><G101/><T46/><D1/><U96/><E37/><V123/><F123/><W22/><G3/><T26/><REACH who="0" step="1"/><D49/><REACH who="0" ten="182,323,225,250" step="2"/><U25/><E61/><V119/><F119/><W36/><G36/><T131/><D131/><U15/><E105/><V31/><F31/><W86/><G73/><T77/><D77/><U112/><E112/><V79/><F79/><W40/><G40/><T71/><D71/><AGARI ba="0,2" hai="7,9,14,39,42,45,63,64,71,80,81,91,95,97" machi="71" ten="30,2000,0" yaku="1,1,7,1,53,0" doraHai="130" doraHaiUra="30" who="2" fromWho="0" sc="182,-20,323,0,225,40,250,0" /><INIT seed="2,0,0,1,1,103" ten="162,323,265,250" oya="2" hai0="72,131,26,33,66,113,2,71,57,125,73,30,12" hai1="37,53,19,50,14,45,48,91,92,100,86,119,81" hai2="94,49,120,46,98,23,6,35,34,135,114,38,0" hai3="97,80,107,96,32,8,61,51,124,44,87,40,47"/><V129/><F120/><W74/><G32/><T85/><D113/><U27/><E119/><V109/><F114/><W122/><G122/><T39/><D131/><U112/><E112/><V11/><F135/><W20/><G124/><T75/><D125/><U123/><E123/><V128/><F38/><W18/><G74/><T60/><D12/><U58/><E37/><V70/><F70/><W41/><G8/><T102/><D85/><U117/><E27/><V133/><F133/><W59/><G107/><T106/><D57/><U3/><E3/><V62/><F62/><W13/><G44/><T52/><D52/><U88/><E100/><V118/><F118/><W31/><G31/><T116/><D116/><U54/><E117/><V63/><F63/><W82/><G40/><T105/><D39/><U36/><E36/><V127/><F109/><W25/><G13/><T65/><D65/><U43/><E43/><V110/><F110/><W56/><G56/><T55/><D55/><U78/><REACH who="1" step="1"/><E92/><REACH who="1" ten="162,313,265,250" step="2"/><V28/><F127/><W10/><G82/><T93/><REACH who="0" step="1"/><D2/><REACH who="0" ten="152,313,265,250" step="2"/><U42/><E42/><N who="2" m="24791" /><F129/><W76/><REACH who="3" step="1"/><G10/><AGARI ba="0,2" hai="10,14,19,45,48,50,53,54,58,78,81,86,88,91" machi="10" ten="30,7700,0" yaku="1,1,7,1,8,1,54,1,53,0" doraHai="103" doraHaiUra="21" who="1" fromWho="3" sc="152,0,313,97,265,0,250,-77" /><INIT seed="3,0,0,3,0,89" ten="152,410,265,173" oya="3" hai0="13,14,127,87,120,110,114,44,12,41,101,51,17" hai1="98,74,65,106,113,73,82,2,10,91,26,128,35" hai2="108,15,99,50,72,126,103,55,132,83,86,71,76" hai3="16,125,40,133,68,23,9,7,69,109,70,100,6"/><W31/><G125/><T135/><D120/><U96/><E65/><V60/><F108/><W61/><G109/><T58/><D110/><U3/><E26/><V134/><F126/><W24/><G133/><N who="2" m="51305" /><F15/><W52/><G40/><T57/><D127/><U78/><E35/><V62/><F72/><W36/><G36/><T37/><D114/><U29/><E29/><V102/><F71/><W45/><G100/><N who="2" m="38441" /><F99/><W25/><G9/><T39/><D39/><U77/><E10/><V64/><F64/><W81/><G81/><T112/><D112/><U107/><E82/><V75/><F75/><W88/><G88/><T95/><D135/><U0/><E0/><V115/><F115/><W19/><G19/><T8/><D37/><U49/><E91/><V130/><F130/><W79/><G79/><T80/><D8/><U53/><E113/><V66/><F66/><W20/><REACH who="3" step="1"/><G61/><REACH who="3" ten="152,410,265,163" step="2"/><T11/><D17/><U124/><E124/><V54/><F62/><W123/><G123/><T22/><D11/><U93/><E78/><V63/><F60/><W92/><G92/><T56/><D80/><U119/><E93/><V46/><F63/><W33/><G33/><T30/><D101/><U18/><E18/><V122/><F122/><W118/><G118/><T67/><D95/><U42/><E77/><V34/><F34/><W5/><G5/><T21/><D30/><U28/><E119/><V38/><F38/><W48/><AGARI ba="0,1" hai="6,7,16,20,23,24,25,31,45,48,52,68,69,70" machi="48" ten="40,12000,1" yaku="1,1,0,1,54,2,53,0" doraHai="89" doraHaiUra="59" who="3" fromWho="3" sc="152,-40,410,-40,265,-40,163,130" /><INIT seed="3,1,0,0,3,33" ten="112,370,225,293" oya="3" hai0="120,26,37,65,32,21,41,57,111,92,114,71,126" hai1="113,14,7,49,0,130,102,15,44,18,50,31,101" hai2="40,106,107,39,85,70,59,96,84,8,78,127,108" hai3="74,129,109,81,128,87,105,36,13,66,51,73,35"/><W115/><G36/><T125/><D32/><U110/><E113/><V28/><F70/><W10/><G115/><T27/><D120/><U47/><E110/><V1/><F108/><W98/><G35/><T45/><D111/><U43/><E31/><V19/><F28/><W46/><G66/><T119/><D114/><U103/><E130/><N who="3" m="50282" /><G98/><T135/><D119/><U17/><E0/><V77/><F127/><W34/><G105/><T124/><D135/><U88/><E7/><V132/><F96/><W11/><G34/><T53/><D92/><U29/><E29/><V25/><F39/><W2/><G2/><T55/><D21/><U90/><E102/><V75/><F132/><W48/><G10/><T4/><D4/><U83/><E83/><V134/><F8/><W62/><G62/><N who="0" m="40375" /><D27/><U76/><E76/><V99/><F25/><W104/><G104/><T5/><D26/><U67/><E67/><V116/><F107/><W22/><G22/><T6/><D5/><U63/><E63/><V12/><F106/><W80/><G80/><T123/><D6/><U118/><REACH who="1" step="1"/><E43/><REACH who="1" ten="112,360,225,293" step="2"/><V82/><F40/><N who="3" m="24647" /><G109/><T89/><D89/><U58/><E58/><V72/><F82/><W9/><G81/><T24/><D123/><U54/><E54/><N who="0" m="20489" /><D24/><U131/><E131/><V38/><F1/><W42/><G13/><T79/><D79/><U122/><E122/><V60/><F12/><W52/><G73/><T23/><D57/><U69/><E69/><V133/><F78/><W100/><G100/><T117/><D117/><AGARI ba="1,1" hai="14,15,17,18,44,47,49,50,88,90,101,103,117,118" machi="117" ten="25,6400,0" yaku="1,1,22,2,54,1,53,0" doraHai="33" doraHaiUra="95" who="1" fromWho="0" sc="112,-67,360,77,225,0,293,0" /><INIT seed="4,0,0,4,1,6" ten="45,437,225,293" oya="0" hai0="74,50,112,57,42,17,34,123,91,126,24,40,133" hai1="96,83,87,0,105,68,135,132,69,115,52,94,111" hai2="119,56,116,134,108,109,76,9,41,84,23,18,114" hai3="75,90,36,16,20,28,11,37,22,93,81,70,19"/><T4/><D123/><U64/><E111/><V33/><F41/><W45/><G70/><T86/><D74/><U26/><E105/><V51/><F33/><W55/><G28/><T29/><D112/><U122/><E122/><V3/><F76/><W120/><G120/><T12/><D126/><U49/><E26/><V30/><F84/><W77/><G55/><T88/><D133/><U80/><E0/><V71/><F71/><W117/><G117/><N who="2" m="45129" /><F134/><N who="1" m="51241" /><E83/><V1/><F51/><W39/><G45/><T15/><D91/><N who="1" m="51687" /><E64/><V44/><F56/><W107/><G107/><T124/><D124/><U129/><E129/><V66/><F44/><W48/><G48/><T65/><D4/><U13/><E13/><N who="2" m="7471" /><F66/><W92/><G39/><T104/><D104/><U125/><E125/><V85/><F85/><W110/><G37/><T100/><D100/><N who="1" m="60439" /><E115/><V43/><F43/><W103/><G103/><T54/><D65/><U35/><E35/><V73/><F73/><W79/><G75/><T2/><D2/><N who="2" m="522" /><F114/><W60/><G79/><T98/><D98/><U101/><E101/><V82/><F82/><W38/><G81/><T62/><D62/><U59/><AGARI ba="0,0" hai="49,52,59,68,69" m="60439,51687,51241" machi="59" ten="30,2000,0" yaku="20,1,54,1" doraHai="6" who="1" fromWho="1" sc="45,-10,437,20,225,-5,293,-5" /><INIT seed="5,0,0,5,3,49" ten="35,457,220,288" oya="1" hai0="25,109,7,54,33,13,15,87,31,59,134,132,91" hai1="10,56,125,116,12,77,44,118,71,101,29,67,4" hai2="106,84,95,43,53,93,18,115,74,22,55,0,48" hai3="63,38,35,47,112,21,98,6,26,66,41,39,114"/><U86/><E71/><V111/><F74/><W96/><G38/><T14/><D7/><U1/><E125/><V129/><F0/><W58/><G35/><T113/><D109/><U107/><E29/><V69/><F106/><W135/><G135/><T70/><D70/><U19/><E44/><N who="2" m="25631" /><F69/><W78/><G78/><T99/><D99/><U94/><E107/><V72/><F72/><W65/><G65/><T128/><D113/><N who="3" m="43625" /><G6/><T102/><D102/><U110/><E101/><V108/><F129/><W85/><G85/><T34/><D128/><U45/><E86/><V64/><F64/><W100/><G100/><T119/><D119/><U83/><E67/><V11/><F111/><W51/><G39/><T8/><D8/><U9/><E9/><V62/><F11/><W75/><G75/><T124/><D33/><U130/><E10/><V97/><F62/><W104/><G104/><T3/><D3/><U50/><E1/><V82/><F108/><W120/><G120/><T92/><REACH who="0" step="1"/><D124/><REACH who="0" ten="25,457,220,288" step="2"/><U122/><E110/><V80/><F97/><W37/><G98/><T60/><AGARI ba="0,1" hai="13,14,15,25,31,34,54,59,60,87,91,92,132,134" machi="60" ten="30,7900,0" yaku="1,1,2,1,0,1,52,1,53,0" doraHai="49" doraHaiUra="17" who="0" fromWho="0" sc="25,89,457,-39,220,-20,288,-20" /><INIT seed="6,0,0,2,1,95" ten="114,418,200,268" oya="2" hai0="90,35,30,105,122,62,94,114,57,100,41,47,116" hai1="123,25,97,42,33,39,14,22,107,119,93,118,69" hai2="72,6,79,70,134,135,49,24,111,104,113,54,45" hai3="11,65,46,44,86,96,80,17,5,40,89,108,84"/><V34/><F6/><W127/><G108/><T98/><D122/><U128/><E107/><V52/><F72/><W27/><G127/><T109/><D109/><U121/><E69/><V106/><F79/><W125/><G125/><T82/><D114/><U8/><E33/><V23/><F111/><W32/><G65/><T48/><D116/><U83/><E83/><V112/><F34/><W130/><G130/><T117/><D117/><U53/><E53/><V129/><F70/><W67/><G67/><T115/><D115/><N who="2" m="44106" /><F54/><W16/><G96/><T120/><D120/><U0/><E0/><V51/><F51/><W29/><G84/><T99/><D82/><U133/><E39/><V19/><F129/><W66/><G66/><T26/><D62/><U58/><E128/><V2/><F2/><W59/><G59/><T87/><D87/><U38/><E58/><V102/><F102/><W63/><G63/><T110/><D57/><U81/><E38/><V55/><F55/><W74/><G74/><T20/><REACH who="0" step="1"/><D110/><REACH who="0" ten="104,418,200,268" step="2"/><U60/><E60/><V10/><F135/><W15/><G46/><T50/><D50/><AGARI ba="0,1" hai="5,11,15,16,17,27,29,32,40,44,50,80,86,89" machi="50" ten="30,2000,0" yaku="7,1,54,1" doraHai="95" who="3" fromWho="0" sc="104,-20,418,0,200,0,268,30" /><INIT seed="7,0,0,3,0,76" ten="84,418,200,298" oya="3" hai0="71,128,127,84,59,11,44,17,82,97,18,114,125" hai1="117,132,101,67,116,98,135,85,131,51,23,12,4" hai2="75,14,77,34,22,89,107,106,53,61,36,5,130" hai3="42,3,134,68,16,6,28,66,55,57,10,105,9"/><W54/><G134/><N who="1" m="51242" /><E131/><V1/><F34/><W110/><G110/><T25/><D71/><U104/><E67/><V43/><F89/><W27/><G105/><T24/><D128/><U21/><E51/><V40/><F40/><W26/><G68/><T79/><D114/><U103/><E103/><V37/><F37/><W20/><G42/><T113/><D113/><U30/><E85/><V83/><F14/><W111/><G111/><T73/><D97/><U72/><E72/><V52/><F22/><N who="1" m="8201" /><E30/><V64/><F130/><W70/><G70/><T50/><D59/><U2/><E2/><V88/><F88/><W32/><REACH who="3" step="1"/><G10/><AGARI ba="0,0" hai="4,10,12,98,101,104,116,117" m="8201,51242" machi="10" ten="30,1000,0" yaku="20,1" doraHai="76" who="1" fromWho="3" sc="84,0,418,10,200,0,298,-10" owari="84,-41.6,428,52.8,200,-20.0,288,8.8" /></mjloggm>