<mjloggm ver="2.3"><GO type="169" lobby="0"/><UN n0="%E7%AE%B1%E4%B8%8B%E3%81%AE%E3%82%B1%E3%83%B3%E5%9D%8A" n1="%E3%81%8B%E3%81%A4%E3%81%BF%E3%82%93%E3%81%94%EF%BC%81" n2="%E7%88%86%E7%89%8C%E3%82%A6%E3%82%B7%E3%82%B8%E3%83%9E%E3%81%8F%E3%82%93" n3="%E3%81%B3%E3%82%8A%E3%81%B3%E3%82%8A%E2%98%86%E3%83%93%E3%83%AA%E3%83%BC" dan="16,16,19,16" rate="2139.22,2172.97,2259.61,2159.93" sx="M,M,M,M"/><TAIKYOKU oya="0"/><INIT seed="0,0,0,5,4,76" ten="250,250,250,250" oya="0" hai0="57,8,93,99,106,71,31,79,116,60,118,48,15" hai1="4,25,45,50,109,95,22,0,55,5,66,65,73" hai2="127,110,126,124,121,63,112,3,100,117,24,82,96" hai3="90,18,2,58,32,56,43,23,132,104,1,89,37"/><T11/><D106/><U42/><E109/><V20/><F112/><W92/><G104/><T113/><D113/><U38/><E73/><V74/><F121/><W111/><G32/><T88/><D31/><U40/><E40/><V91/><F3/><W86/><G111/><T33/><D33/><U135/><E135/><V107/><F110/><W21/><G43/><T123/><D123/><U53/><E53/><V35/><F35/><W108/><G108/><T26/><D26/><U98/><E66/><V103/><F117/><W41/><G41/><T14/><D71/><U128/><E65/><V64/><F103/><W47/><G47/><T115/><D48/><U46/><E128/><V49/><F49/><W97/><G37/><T54/><D79/><U16/><REACH who="1" step="1"/><E0/><REACH who="1" ten="250,240,250,250" step="2"/><V34/><F74/><W131/><G131/><T6/><REACH who="0" step="1"/><D115/><REACH who="0" ten="240,240,250,250" step="2"/><U36/><E36/><V94/><F124/><W28/><G132/><T59/><D59/><U122/><E122/><V83/><F126/><W84/><G58/><T85/><D85/><U134/><E134/><V68/><F127/><W81/><G56/><T72/><D72/><U119/><E119/><V12/><F68/><W120/><G120/><T19/><AGARI ba="0,2" hai="6,8,11,14,15,19,54,57,60,88,93,99,116,118" machi="19" ten="20,7800,0" yaku="1,1,0,1,7,1,54,1,53,0" doraHai="76" doraHaiUra="17" who="0" fromWho="0" sc="240,98,240,-26,250,-26,250,-26" /><INIT seed="0,1,0,5,1,29" ten="338,214,224,224" oya="0" hai0="12,35,88,14,84,86,98,92,6,43,17,78,81" hai1="107,112,13,20,115,50,83,99,30,135,89,7,132" hai2="68,123,8,18,47,45,23,133,94,75,80,32,52" hai3="74,73,27,93,2,26,77,10,100,16,69,38,122"/><T33/><D43/><U95/><E107/><V48/><F123/><W31/><G69/><T90/><D6/><U70/><E70/><V76/><F133/><N who="1" m="51273" /><E50/><V42/><F68/><W53/><G38/><T134/><D134/><U65/><E65/><V125/><F125/><W57/><G122/><T87/><D12/><U19/><E7/><V46/><F8/><W15/><G2/><T63/><D63/><U59/><E59/><V71/><F71/><W72/><G77/><T103/><D90/><U11/><E83/><V66/><F66/><W22/><G27/><AGARI ba="1,0" hai="11,13,19,20,27,30,89,95,99,112,115" m="51273" machi="27" ten="30,1000,0" yaku="20,1" doraHai="29" who="1" fromWho="3" sc="338,0,214,13,224,0,224,-13" /><INIT seed="1,0,0,0,3,57" ten="338,227,224,211" oya="1" hai0="40,123,108,5,71,74,135,72,37,51,30,97,116" hai1="27,20,36,44,77,133,29,31,96,34,129,19,94" hai2="124,16,24,33,47,93,101,28,63,15,65,87,25" hai3="95,66,42,8,35,26,6,39,86,56,106,85,91"/><U2/><E133/><V21/><F124/><W90/><G106/><T115/><D30/><U117/><E129/><V80/><F47/><W89/><G39/><T9/><D9/><U128/><E128/><V23/><F101/><W99/><G42/><T122/><D5/><U103/><E2/><V54/><F93/><W92/><G35/><T10/><D10/><U4/><E4/><V13/><F54/><W70/><G70/><T61/><D97/><U82/><E117/><V120/><F120/><N who="0" m="46122" /><D74/><U126/><E126/><V100/><F100/><W49/><G26/><T102/><D72/><U58/><E58/><N who="2" m="37111" /><F33/><W52/><G66/><N who="0" m="41423" /><D102/><U67/><E67/><V64/><F64/><W109/><G109/><T3/><D3/><U7/><E7/><V131/><F131/><W69/><G69/><T76/><D108/><U83/><E83/><V55/><F55/><W113/><G113/><T60/><D37/><U78/><E78/><AGARI ba="0,0" hai="13,15,16,21,23,24,25,28,78,80,87" m="37111" machi="78" ten="30,3900,0" yaku="8,1,52,1,54,1" doraHai="57" who="2" fromWho="1" sc="338,0,227,-39,224,39,211,0" /><INIT seed="2,0,0,1,4,109" ten="338,188,263,211" oya="2" hai0="90,70,71,92,48,8,124,54,125,39,104,19,65" hai1="78,5,43,0,118,40,60,15,82,22,36,33,14" hai2="120,77,99,86,129,27,58,17,130,50,84,97,89" hai3="74,131,49,26,7,67,35,68,80,103,28,13,57"/><V108/><F120/><W38/><G38/><T9/><D104/><U106/><E118/><V11/><F108/><W115/><G131/><T31/><D39/><U46/><E33/><V4/><F77/><W24/><G24/><T81/><D31/><U73/><E106/><V117/><F117/><W64/><G68/><T63/><D70/><U107/><E107/><V25/><F50/><W91/><G103/><T116/><D116/><U61/><E43/><V29/><F58/><W134/><G134/><T111/><D81/><U72/><E72/><V101/><F17/><W128/><G128/><N who="2" m="49257" /><F101/><W112/><G13/><T2/><D2/><U122/><E122/><V18/><F18/><W96/><G7/><T87/><D111/><U37/><E37/><V66/><F66/><W100/><G49/><T132/><D132/><U3/><E3/><N who="2" m="415" /><F86/><N who="3" m="50631" /><G57/><N who="0" m="32967" /><D19/><N who="1" m="10615" /><E15/><V12/><F12/><W110/><G74/><T6/><D6/><U133/><E133/><V126/><F27/><W83/><G110/><T98/><D87/><U62/><E62/><V95/><F126/><AGARI ba="0,0" hai="8,9,63,65,71,90,92,98,124,125,126" m="32967" machi="126" ten="30,1000,0" yaku="18,1" doraHai="109" who="0" fromWho="2" sc="338,10,188,0,263,-10,211,0" /><INIT seed="3,0,0,0,2,87" ten="348,188,253,211" oya="3" hai0="57,71,50,85,109,121,29,127,111,24,100,110,47" hai1="32,94,104,58,93,44,28,22,35,132,5,84,89" hai2="49,86,61,131,41,2,6,36,56,81,20,72,19" hai3="105,67,7,59,80,15,95,113,51,128,34,125,103"/><W11/><G113/><T123/><D71/><U42/><E104/><V134/><F131/><W4/><G34/><T68/><D68/><U1/><E132/><V126/><F134/><W43/><G128/><T0/><D0/><U76/><E76/><V38/><F126/><W63/><G105/><T117/><D117/><U12/><E1/><V77/><F2/><W30/><G30/><T70/><D70/><U55/><E5/><V18/><F6/><W25/><G25/><T133/><D133/><U118/><E118/><V62/><F18/><W26/><G26/><T102/><D57/><U13/><E13/><V65/><F72/><W78/><G125/><T40/><D127/><U69/><E69/><V114/><F114/><W101/><G95/><T120/><REACH who="0" step="1"/><D85/><REACH who="0" ten="338,188,253,211" step="2"/><U10/><E58/><V75/><F86/><N who="3" m="48407" /><G7/><T53/><D53/><U3/><E55/><V27/><F62/><W108/><G108/><T92/><D92/><U74/><E93/><V96/><F61/><W106/><G106/><T21/><AGARI ba="0,1" hai="21,24,29,40,47,50,100,102,109,110,111,120,121,123" machi="21" ten="40,5200,0" yaku="1,1,0,1,14,1,53,0" doraHai="87" doraHaiUra="130" who="0" fromWho="0" sc="338,62,188,-13,253,-13,211,-26" /><INIT seed="4,0,0,5,3,133" ten="400,175,240,185" oya="0" hai0="102,60,6,108,56,15,75,10,114,134,118,5,71" hai1="33,57,42,3,112,91,48,41,34,23,78,59,7" hai2="31,99,84,115,100,80,128,54,17,121,131,32,106" hai3="116,126,61,76,40,105,129,35,94,65,11,36,85"/><T43/><D118/><U21/><E3/><V52/><F121/><W51/><G116/><T22/><D134/><U104/><E7/><V39/><F39/><W123/><G105/><T119/><D119/><U62/><E104/><V27/><F115/><W2/><G35/><T47/><D75/><U111/><E91/><V55/><REACH who="2" step="1"/><F17/><REACH who="2" ten="400,175,230,185" step="2"/><W45/><G36/><T49/><D114/><U81/><E112/><V64/><F64/><W93/><G123/><T124/><D108/><U14/><E111/><V12/><F12/><W63/><G65/><T109/><D109/><U70/><E14/><V28/><F28/><W127/><G2/><T44/><D15/><U77/><E70/><V20/><F20/><W1/><G1/><T19/><D71/><U130/><E21/><V86/><F86/><W37/><G37/><T25/><D19/><U98/><E23/><V66/><F66/><W101/><G11/><T83/><D22/><U24/><E33/><V68/><F68/><W72/><G72/><T97/><D10/><U110/><E34/><V30/><F30/><W125/><G129/><T90/><D25/><U74/><E110/><V73/><F73/><W107/><G85/><T13/><D13/><U29/><E130/><V103/><F103/><W135/><G135/><T117/><D102/><U58/><E24/><V89/><AGARI ba="0,1" hai="27,31,32,52,54,55,80,84,89,99,100,106,128,131" machi="89" ten="30,4000,0" yaku="1,1,0,1,54,1,53,0" doraHai="133" doraHaiUra="88" who="2" fromWho="2" sc="400,-20,175,-10,230,50,185,-10" /><INIT seed="5,0,0,3,4,19" ten="380,165,280,175" oya="1" hai0="2,90,23,46,30,54,107,14,100,67,74,49,53" hai1="50,65,86,16,104,114,111,51,33,38,20,61,1" hai2="73,18,84,27,52,131,42,102,88,36,128,82,12" hai3="22,5,25,99,78,110,64,122,91,29,35,32,127"/><U10/><E114/><V126/><F126/><W21/><G110/><T76/><D2/><U58/><E33/><V115/><F115/><W24/><G78/><T59/><D67/><U34/><E34/><N who="3" m="12842" /><G91/><T43/><D74/><U89/><E38/><V123/><F123/><W15/><G99/><T45/><D76/><U4/><E104/><V83/><F27/><N who="3" m="16623" /><G64/><T119/><D119/><U101/><E101/><V28/><F28/><N who="3" m="17431" /><G122/><T94/><D107/><U116/><E116/><V81/><F102/><W103/><G103/><T68/><D68/><U9/><E9/><V6/><F73/><W112/><G112/><T57/><D100/><U3/><E1/><V47/><F52/><N who="0" m="20074" /><D46/><U41/><E41/><V130/><F47/><W48/><G48/><T7/><D90/><U117/><E117/><V134/><F42/><W120/><G120/><T133/><D94/><U121/><E121/><V8/><F36/><W118/><G118/><T0/><D49/><U135/><E135/><V63/><F134/><W75/><G75/><T60/><D133/><U40/><E40/><V77/><F63/><W129/><G129/><T93/><D60/><U66/><E66/><V96/><F77/><W105/><G105/><T69/><D45/><U17/><E111/><V97/><F97/><W108/><G108/><T11/><D69/><U26/><E17/><V56/><F96/><W98/><G98/><T13/><D43/><U44/><E44/><V113/><F113/><W92/><G92/><AGARI ba="0,0" hai="3,4,10,16,20,26,50,51,58,61,65,86,89,92" machi="92" ten="30,5800,0" yaku="7,1,52,1,54,1" doraHai="19" who="1" fromWho="3" sc="380,0,165,58,280,0,175,-58" /><INIT seed="5,1,0,2,4,103" ten="380,223,280,117" oya="1" hai0="92,72,43,77,133,60,48,83,13,8,62,120,98" hai1="17,42,56,135,123,117,96,118,86,119,115,7,54" hai2="51,58,95,32,16,39,89,36,44,63,111,55,28" hai3="93,24,79,82,102,23,9,10,22,134,85,126,40"/><U53/><E123/><V18/><F111/><W84/><G126/><T127/><D127/><U69/><E69/><V29/><F36/><W114/><G114/><T109/><D109/><U101/><E115/><V90/><F39/><W94/><G134/><T105/><D133/><U33/><E135/><V78/><F78/><W35/><G35/><T0/><D0/><U87/><E42/><V4/><F4/><W97/><G40/><T34/><D34/><U76/><E33/><V14/><F32/><W6/><G6/><T121/><D105/><U49/><E7/><V15/><F15/><W129/><G129/><T41/><D41/><U21/><E76/><V20/><F18/><W128/><G128/><T47/><D13/><U100/><E100/><V125/><F89/><W31/><G23/><T50/><D50/><U5/><E53/><N who="2" m="29927" /><F125/><W57/><G57/><T68/><D8/><U27/><REACH who="1" step="1"/><E5/><REACH who="1" ten="380,213,280,117" step="2"/><V110/><F110/><W124/><G124/><T38/><D68/><U61/><E61/><V73/><F73/><W66/><G66/><T99/><D38/><U131/><E131/><V80/><F55/><W45/><G45/><T74/><D62/><U67/><E67/><V122/><F63/><W19/><G79/><T91/><D60/><U112/><E112/><V64/><F122/><N who="0" m="47210" /><D72/><U113/><E113/><V37/><F64/><W46/><G46/><T70/><D70/><U106/><AGARI ba="1,1" hai="17,21,27,49,54,56,86,87,96,101,106,117,118,119" machi="106" ten="30,6000,0" yaku="1,1,0,1,52,1,53,0" doraHai="103" doraHaiUra="132" who="1" fromWho="1" sc="380,-21,213,73,280,-21,117,-21" /><INIT seed="5,2,0,5,2,121" ten="359,286,259,96" oya="1" hai0="9,10,29,62,80,44,89,101,129,7,34,75,95" hai1="91,24,92,118,123,124,42,113,120,73,116,100,35" hai2="59,18,72,11,76,2,22,45,93,1,115,52,88" hai3="134,107,28,25,4,77,97,119,98,86,83,82,126"/><U5/><E42/><V128/><F128/><W78/><G134/><T40/><D129/><U64/><E64/><V132/><F132/><W130/><G130/><T14/><D34/><U87/><E5/><V117/><F117/><N who="1" m="45161" /><E24/><V21/><F115/><W46/><G119/><T53/><D29/><U106/><E35/><V32/><F32/><W90/><G126/><T57/><D10/><U47/><E47/><V48/><F76/><W103/><G4/><T133/><D133/><U81/><E113/><V114/><F72/><W61/><G46/><T110/><D110/><U67/><E67/><V27/><F114/><W38/><G61/><T99/><D75/><U56/><E56/><V26/><F11/><W37/><G98/><T122/><D122/><U6/><E6/><V41/><F26/><W69/><G69/><T112/><D112/><U68/><E68/><V104/><F104/><W65/><G65/><T79/><D44/><U70/><E70/><V135/><F22/><W30/><G30/><T58/><D40/><U33/><E33/><V3/><F135/><W94/><G25/><T125/><D125/><U0/><E0/><V23/><F23/><W105/><G28/><T51/><D62/><U20/><E20/><V111/><F111/><W66/><G66/><T54/><D54/><U50/><E124/><V49/><REACH who="2" step="1"/><F3/><REACH who="2" ten="359,286,249,96" step="2"/><W108/><G108/><T16/><D9/><U63/><E106/><N who="3" m="40458" /><G38/><T84/><D14/><U19/><E73/><V36/><F36/><W12/><G37/><T13/><D13/><U127/><E127/><V15/><F15/><W60/><G12/><RYUUKYOKU ba="2,1" sc="359,-10,286,-10,249,30,96,-10" hai2="1,2,18,21,27,41,45,48,49,52,59,88,93" /><INIT seed="6,3,1,0,5,69" ten="349,276,279,86" oya="2" hai0="123,94,29,27,38,52,72,106,49,45,67,93,54" hai1="50,37,110,131,28,135,44,98,80,82,85,33,31" hai2="12,0,60,59,74,15,22,129,61,8,16,65,107" hai3="9,5,119,124,105,23,43,30,25,36,7,92,108"/><V10/><F74/><W68/><G108/><T24/><D106/><U126/><E110/><V39/><F107/><W17/><G119/><T118/><D123/><U14/><E131/><V104/><F104/><W62/><G105/><T111/><D111/><U34/><E126/><V96/><F129/><W125/><G92/><T13/><D72/><U47/><E14/><V95/><F39/><W121/><G121/><T99/><D118/><U3/><E50/><V112/><F112/><W63/><G7/><T113/><D113/><U84/><E3/><V116/><F116/><W46/><G30/><T88/><D67/><U19/><E19/><V32/><F32/><W35/><G35/><T100/><D38/><U73/><E73/><V101/><F0/><W4/><G4/><T83/><D83/><U133/><E98/><V6/><REACH who="2" step="1"/><F60/><REACH who="2" ten="349,276,269,86" step="2"/><W117/><G117/><T78/><D49/><U42/><E42/><V90/><F90/><W127/><REACH who="3" step="1"/><G68/><REACH who="3" ten="349,276,269,76" step="2"/><T53/><D100/><U57/><E34/><V102/><F102/><W77/><G77/><T87/><D78/><U64/><E33/><V55/><F55/><W48/><G48/><T91/><D53/><U115/><E115/><V132/><F132/><W128/><G128/><T20/><D54/><U76/><E76/><V109/><F109/><W26/><G26/><T56/><D27/><U70/><E70/><V114/><F114/><W18/><G18/><T122/><D24/><U58/><E37/><V2/><F2/><AGARI ba="3,3" hai="2,5,9,17,23,25,36,43,46,62,63,124,125,127" machi="2" ten="40,8000,1" yaku="1,1,18,1,52,1,53,1" doraHai="69" doraHaiUra="21" who="3" fromWho="2" sc="349,0,276,0,269,-89,76,119" /><INIT seed="7,0,0,1,5,85" ten="349,276,180,195" oya="3" hai0="21,63,52,99,23,45,118,135,93,2,101,67,73" hai1="79,116,112,77,87,30,43,50,58,62,29,34,119" hai2="39,54,124,42,15,31,36,90,121,9,48,13,27" hai3="120,126,56,40,122,94,0,109,11,14,97,100,123"/><W111/><G0/><T134/><D118/><N who="1" m="45099" /><E112/><V35/><F124/><W26/><G126/><T131/><D73/><U115/><E115/><V132/><F132/><N who="0" m="50730" /><D2/><U18/><E18/><V106/><F121/><W105/><G26/><T114/><D131/><U68/><E68/><V86/><F106/><W110/><G40/><T84/><D84/><U117/><E117/><V22/><F42/><W107/><REACH who="3" step="1"/><G56/><REACH who="3" ten="349,276,180,185" step="2"/><N who="0" m="37351" /><D114/><U102/><E58/><V61/><F27/><W46/><G46/><T6/><D6/><AGARI ba="0,1" hai="6,11,14,94,97,100,105,107,109,110,111,120,122,123" machi="6" ten="50,4800,0" yaku="1,1,10,1,53,0" doraHai="85" doraHaiUra="128" who="3" fromWho="0" sc="349,-48,276,0,180,0,185,58" /><INIT seed="7,1,0,0,0,107" ten="301,276,180,243" oya="3" hai0="105,74,76,131,39,24,82,17,135,50,73,114,56" hai1="132,102,5,62,124,71,115,77,72,97,15,118,37" hai2="19,70,8,123,41,121,84,10,130,22,125,101,98" hai3="68,119,21,79,32,0,128,64,65,112,55,69,31"/><W75/><G119/><T16/><D39/><U60/><E37/><V81/><F70/><W9/><G32/><T63/><D105/><U20/><E115/><V94/><F125/><W40/><G40/><T57/><D114/><U51/><E132/><V127/><F127/><W28/><G112/><T43/><D131/><U86/><E72/><V59/><F130/><W11/><G128/><T1/><D1/><U33/><E33/><V14/><F41/><W12/><G0/><T87/><D135/><U99/><E99/><V100/><F100/><W35/><G35/><T104/><D104/><U91/><E77/><V116/><F116/><W90/><G90/><T44/><D57/><U52/><E71/><V47/><F47/><W34/><G34/><T38/><D38/><U58/><E124/><V126/><F126/><W6/><G79/><T46/><D46/><U61/><E118/><V111/><F111/><W134/><G134/><T30/><D74/><U67/><E97/><V45/><F45/><W3/><G75/><T117/><D73/><U23/><E102/><V78/><REACH who="2" step="1"/><F59/><REACH who="2" ten="301,276,170,243" step="2"/><W25/><G69/><T88/><D117/><U83/><E67/><V29/><F29/><N who="3" m="17583" /><G55/><T36/><D36/><U93/><E83/><V49/><F49/><W120/><G65/><T80/><D80/><U110/><E110/><V48/><F48/><W113/><G113/><T109/><D109/><U7/><E51/><V27/><F27/><W89/><G64/><N who="0" m="39015" /><D76/><U54/><E58/><V4/><F4/><N who="3" m="1183" /><G68/><T95/><D82/><U103/><E103/><V53/><F53/><N who="1" m="20585" /><E5/><V133/><F133/><RYUUKYOKU ba="1,1" sc="301,10,276,10,170,10,243,-30" hai0="16,17,24,30,43,44,50,87,88,95" hai1="7,15,20,23,60,61,62,86,91,93" hai2="8,10,14,19,22,78,81,84,94,98,101,121,123" owari="321,42.1,286,8.6,180,-32.0,213,-18.7" /></mjloggm>