<mjloggm ver="2.3"><GO type="169" lobby="0"/><UN n0="%6B%6C%6F%6E%64%69%6B%65" n1="%E6%96%B9%E5%86%86%E8%87%AA%E5%9C%A8" n2="%E4%BF%BA%E3%81%A7%E3%81%99" n3="%E3%81%AD%E3%81%93%E3%81%AB%E3%82%83%E3%82%93" dan="16,17,16,16" rate="2168.86,2193.72,2052.00,2123.43" sx="M,M,M,F"/><TAIKYOKU oya="0"/><INIT seed="0,0,0,4,1,120" ten="250,250,250,250" oya="0" hai0="133,134,84,3,93,6,131,20,24,85,117,86,58" hai1="16,36,132,94,26,8,67,57,65,130,68,60,22" hai2="126,83,10,69,88,30,128,112,40,35,32,101,99" hai3="90,53,42,18,0,17,31,107,5,28,124,50,64"/><T72/><D117/><U71/><E130/><V45/><F112/><W39/><G107/><T116/><D116/><U78/><E132/><N who="0" m="50793" /><D72/><U9/><E36/><V110/><F128/><W13/><G64/><T89/><D131/><U81/><E94/><V118/><F126/><W29/><G42/><T19/><D6/><U21/><E21/><V48/><F118/><W54/><G39/><T46/><D3/><U4/><E67/><V66/><F10/><W44/><G0/><T27/><D46/><U23/><E23/><V14/><F14/><W56/><G90/><T111/><D58/><U59/><E59/><V73/><F30/><W80/><G80/><T15/><D111/><U38/><E38/><V7/><F110/><W61/><G124/><T123/><D123/><U105/><E105/><V51/><F7/><W76/><G76/><T77/><D77/><U95/><E95/><V98/><F73/><W11/><AGARI ba="0,0" hai="5,11,13,17,18,28,29,31,44,50,53,54,56,61" machi="11" ten="30,2000,0" yaku="0,1,8,1" doraHai="120" who="3" fromWho="3" sc="250,-10,250,-5,250,-5,250,20" /><INIT seed="1,0,0,2,5,67" ten="240,245,245,270" oya="1" hai0="48,50,7,132,16,36,68,131,13,28,126,66,56" hai1="85,20,52,87,44,115,18,41,80,9,77,65,94" hai2="91,53,73,95,25,107,84,116,8,0,15,75,113" hai3="106,133,127,112,97,1,105,71,70,47,4,104,69"/><U110/><E115/><V17/><F116/><W43/><G112/><T62/><D131/><U108/><E65/><V103/><F113/><W32/><G133/><T130/><D130/><U134/><E134/><V114/><F0/><W40/><G127/><T33/><D132/><U64/><E64/><V34/><F114/><W109/><G109/><N who="1" m="42090" /><E9/><V128/><F128/><W21/><G43/><T10/><D126/><U27/><E94/><V61/><F103/><W93/><G21/><N who="0" m="11407" /><D36/><N who="1" m="21543" /><E52/><V124/><F107/><W99/><G32/><T31/><D56/><U90/><E90/><V129/><F124/><W74/><G93/><T54/><D54/><U121/><E121/><V98/><F129/><W92/><G92/><T100/><D100/><U12/><E12/><V82/><F53/><W23/><G23/><T119/><D119/><U5/><E5/><V89/><F61/><W122/><G122/><T117/><D117/><U55/><E55/><V45/><F45/><W78/><G97/><T86/><D86/><AGARI ba="0,0" hai="18,20,27,77,80,85,86,87" m="21543,42090" machi="86" ten="30,2900,0" yaku="14,1,10,1" doraHai="67" who="1" fromWho="0" sc="240,-29,245,29,245,0,270,0" /><INIT seed="1,1,0,2,1,47" ten="211,274,245,270" oya="1" hai0="82,94,24,89,56,95,23,114,53,126,25,2,12" hai1="35,4,61,45,129,10,21,43,131,67,1,46,119" hai2="38,55,115,124,113,17,31,64,36,70,132,13,85" hai3="32,42,120,20,19,72,40,103,80,63,37,34,54"/><U78/><E119/><V51/><F124/><W41/><G120/><T109/><D2/><U128/><E35/><V48/><F132/><W111/><G37/><N who="2" m="14441" /><F31/><W14/><G103/><T76/><D126/><U79/><E21/><V83/><F70/><W96/><G96/><T110/><D114/><N who="2" m="43530" /><F55/><W3/><G3/><T49/><D12/><U62/><E45/><V112/><N who="2" m="43538" /><V97/><DORA hai="118" /><F97/><W106/><G54/><T77/><D25/><U101/><E101/><V81/><F64/><W102/><G102/><T84/><D95/><U135/><E135/><V117/><F117/><W130/><G80/><N who="2" m="30793" /><F85/><W9/><G42/><T8/><D8/><AGARI ba="1,0" hai="8,13,17,48,51" m="30793,43538,14441" machi="8" ten="50,6400,0" yaku="11,1,52,2" doraHai="47,118" who="2" fromWho="0" sc="211,-67,274,0,245,67,270,0" /><INIT seed="2,0,0,2,0,122" ten="144,274,312,270" oya="2" hai0="81,43,55,20,95,96,101,18,32,19,108,124,30" hai1="4,127,10,84,113,75,15,125,118,50,79,29,3" hai2="33,105,0,21,97,63,107,52,1,82,12,111,28" hai3="121,2,90,132,35,5,40,86,64,47,110,78,6"/><V17/><F111/><W65/><G35/><T119/><D32/><U87/><E118/><V129/><F129/><W39/><G121/><T115/><D115/><U68/><E113/><V8/><F82/><W100/><G132/><T85/><D124/><N who="1" m="47691" /><E68/><V13/><F33/><W123/><G123/><T69/><D69/><U131/><E131/><V54/><F97/><W98/><G78/><T34/><D34/><U37/><E37/><V22/><F63/><W25/><G25/><T134/><D134/><U70/><E70/><V77/><F17/><W71/><G2/><T130/><D43/><U45/><E29/><V128/><F128/><W74/><G74/><T135/><D135/><U31/><E31/><V66/><F28/><W60/><G65/><T114/><D114/><U7/><E75/><V102/><F66/><W41/><G41/><T51/><D108/><U72/><E72/><V53/><F53/><W92/><REACH who="3" step="1"/><G110/><REACH who="3" ten="144,274,312,260" step="2"/><T80/><D130/><U93/><E79/><V9/><F77/><W94/><AGARI ba="0,1" hai="5,6,39,40,47,60,64,71,86,90,92,94,98,100" machi="94" ten="20,8000,1" yaku="1,1,2,1,0,1,7,1,53,1" doraHai="122" doraHaiUra="38" who="3" fromWho="3" sc="144,-20,274,-20,312,-40,260,90" /><INIT seed="3,0,0,2,0,22" ten="124,254,272,350" oya="3" hai0="66,36,69,121,26,3,80,31,60,102,114,46,73" hai1="5,12,54,92,123,89,57,70,7,124,94,105,37" hai2="1,81,0,119,90,74,47,51,109,49,42,77,104" hai3="134,14,56,40,120,28,72,128,118,34,50,61,59"/><W43/><G72/><T35/><D121/><U76/><E70/><V135/><F119/><W103/><G120/><T32/><D114/><U30/><E105/><V82/><F109/><W16/><G118/><T65/><D65/><U132/><E37/><V98/><F135/><W85/><G134/><T19/><D19/><U39/><E39/><V27/><F51/><W10/><G128/><T52/><D102/><U13/><E123/><V68/><F68/><W93/><G34/><N who="0" m="20855" /><D52/><U130/><E124/><V9/><F9/><W45/><G28/><T20/><D20/><U100/><E30/><V122/><F122/><W91/><G103/><T29/><D3/><U116/><E76/><V4/><F104/><W15/><G43/><N who="0" m="22887" /><D29/><U6/><E130/><V107/><F107/><W86/><G15/><T126/><D126/><U83/><E116/><V23/><F4/><W78/><G61/><T117/><D117/><U95/><E100/><V21/><F21/><W63/><G63/><T111/><D111/><U108/><E108/><V133/><F133/><W113/><G113/><T112/><D112/><U79/><E89/><V18/><REACH who="2" step="1"/><F81/><AGARI ba="0,0" hai="10,14,16,40,45,50,56,59,78,81,85,86,91,93" machi="81" ten="40,3900,0" yaku="8,1,54,1" doraHai="22" who="3" fromWho="2" sc="124,0,254,0,272,-39,350,39" /><INIT seed="3,1,0,1,3,73" ten="124,254,233,389" oya="3" hai0="100,102,106,18,44,55,39,16,21,115,42,17,108" hai1="15,33,120,79,105,122,13,125,64,123,119,129,70" hai2="131,36,48,23,65,47,113,124,31,75,43,40,38" hai3="127,62,27,54,61,121,116,4,56,71,69,107,7"/><W101/><G121/><T67/><D108/><U46/><E105/><V32/><F75/><W34/><G116/><T109/><D109/><U58/><E70/><V78/><F78/><W82/><G127/><T133/><D133/><U76/><E33/><V29/><F32/><W103/><G103/><T53/><D115/><U134/><E125/><V110/><F23/><W35/><G35/><T135/><D135/><U98/><E134/><V51/><F29/><N who="3" m="19775" /><G82/><T118/><D118/><U12/><E98/><V77/><F31/><W41/><G41/><T37/><D21/><U95/><E95/><V132/><F77/><W80/><G80/><T94/><D106/><U0/><E0/><V2/><F2/><W66/><G71/><T112/><D112/><U85/><E85/><V68/><F132/><W52/><G54/><T22/><D22/><U93/><E93/><V84/><F113/><W45/><G45/><T104/><D104/><U1/><E1/><V20/><F84/><W49/><G62/><T81/><D37/><U97/><E97/><AGARI ba="1,0" hai="4,7,49,52,56,61,66,69,97,101,107" m="19775" machi="97" ten="30,2900,0" yaku="25,1,54,1" doraHai="73" who="3" fromWho="1" sc="124,0,254,-32,233,0,389,32" /><INIT seed="3,2,0,1,3,9" ten="124,222,233,421" oya="3" hai0="57,62,76,125,36,13,4,135,107,72,44,108,95" hai1="65,0,33,49,19,120,14,10,37,11,25,85,104" hai2="89,114,15,50,26,79,91,3,113,112,84,105,35" hai3="32,16,98,130,100,58,99,78,71,20,93,47,81"/><W8/><G71/><T127/><D107/><U102/><E37/><V96/><F105/><W46/><G32/><T40/><D72/><U56/><E120/><V117/><F117/><W43/><G130/><T54/><D76/><U23/><E85/><V83/><F3/><W75/><G8/><T88/><D135/><U122/><E122/><V55/><F26/><W59/><G98/><T131/><D131/><U126/><E126/><V24/><F24/><W101/><G101/><T86/><D108/><U73/><E73/><V74/><F35/><W52/><G43/><T39/><D36/><U77/><E77/><V48/><F96/><W128/><G59/><T5/><D127/><U106/><E102/><V67/><F67/><W133/><G133/><T28/><D125/><U41/><E11/><V94/><F91/><W110/><G110/><T111/><D111/><U87/><E87/><V2/><F2/><W68/><G68/><T21/><REACH who="0" step="1"/><D28/><REACH who="0" ten="114,222,233,421" step="2"/><N who="1" m="19599" /><E106/><V132/><F132/><W30/><G30/><T38/><D38/><U12/><E104/><V69/><F114/><W61/><REACH who="3" step="1"/><G128/><REACH who="3" ten="114,222,233,411" step="2"/><T29/><D29/><U22/><E0/><V119/><F113/><W64/><G64/><T27/><D27/><AGARI ba="2,2" hai="16,20,27,46,47,52,58,61,75,78,81,93,99,100" machi="27" ten="30,11600,0" yaku="1,1,7,1,54,2,53,0" doraHai="9" doraHaiUra="129" who="3" fromWho="0" sc="114,-122,222,0,233,0,411,142" owari="-8,-50.8,222,-17.8,233,3.3,553,65.3" /></mjloggm>