<mjloggm ver="2.3"><GO type="169" lobby="0"/><UN n0="%E3%82%A8%E3%83%AB%E3%82%B2%E3%83%AB%E3%83%BC%E3%82%B8" n1="%41%72%64%62%65%47" n2="%6D%69%6E%65%72%61%6C%32" n3="%66%53" dan="16,16,17,16" rate="2125.63,2025.56,2188.70,2091.36" sx="M,M,M,M"/><TAIKYOKU oya="0"/><INIT seed="0,0,0,1,4,100" ten="250,250,250,250" oya="0" hai0="118,17,90,23,127,60,128,70,124,37,69,96,24" hai1="78,105,31,114,27,12,97,91,35,39,53,134,0" hai2="77,88,38,32,45,15,56,8,71,54,2,68,13" hai3="82,94,135,64,33,21,80,93,43,59,103,52,113"/><T66/><D118/><U84/><E0/><V40/><F32/><W119/><G33/><T121/><D121/><U48/><E39/><V73/><F15/><W49/><G119/><T101/><D128/><U99/><E134/><V10/><F10/><W117/><G135/><T76/><D76/><U79/><E99/><V25/><F25/><W102/><G117/><T62/><D37/><U92/><E12/><V28/><F28/><W125/><G125/><N who="0" m="48203" /><D90/><U87/><E87/><V110/><F110/><W132/><G132/><T75/><D75/><U123/><E123/><V104/><F104/><W95/><G113/><T44/><D44/><U30/><E30/><V85/><F77/><W81/><G43/><T4/><D4/><U72/><E72/><V50/><F2/><W11/><G11/><T65/><D101/><U14/><E114/><V16/><REACH who="2" step="1"/><F73/><REACH who="2" ten="250,250,240,250" step="2"/><W7/><G7/><T6/><D6/><U63/><E79/><V67/><F67/><W106/><G106/><T61/><D96/><U129/><E97/><V120/><F120/><W9/><G9/><T111/><D111/><U130/><E78/><V22/><F22/><W74/><G74/><T36/><D36/><U58/><E130/><V51/><F51/><W42/><G64/><AGARI ba="0,1" hai="17,23,24,60,61,62,64,65,66,69,70" m="48203" machi="64" ten="30,1500,0" yaku="18,1" doraHai="100" who="0" fromWho="3" sc="250,25,250,0,240,0,250,-15" /><INIT seed="0,1,0,0,0,93" ten="275,250,240,235" oya="0" hai0="81,18,13,57,128,130,68,6,64,49,35,69,20" hai1="48,91,30,34,2,102,110,124,55,78,0,39,98" hai2="22,76,116,103,8,53,4,88,94,80,40,9,84" hai3="106,52,122,99,36,10,29,66,3,75,119,82,31"/><T97/><D35/><U32/><E39/><V63/><F116/><W100/><G119/><T72/><D6/><U79/><E34/><V62/><F40/><W86/><G122/><T59/><D64/><U125/><E110/><V131/><F131/><N who="0" m="50218" /><D97/><U127/><E91/><V7/><F103/><W121/><G121/><T17/><D17/><U133/><E133/><V43/><F43/><W117/><G117/><T24/><D13/><U87/><E87/><V25/><F7/><W123/><G123/><T44/><D81/><U104/><E30/><V11/><F53/><W28/><G36/><T38/><D38/><U115/><E32/><V135/><F135/><W67/><G75/><T118/><D72/><U92/><E104/><V111/><F111/><W5/><REACH who="3" step="1"/><G52/><REACH who="3" ten="275,250,240,225" step="2"/><N who="0" m="29735" /><D118/><U60/><E115/><V105/><F4/><W85/><G85/><T46/><D46/><N who="1" m="28055" /><E60/><V15/><F63/><W83/><G83/><T54/><D54/><U1/><AGARI ba="1,1" hai="0,1,2,78,79,92,98,102,124,125,127" m="28055" machi="1" ten="40,2700,0" yaku="18,1,52,1" doraHai="93" who="1" fromWho="1" sc="275,-14,250,40,240,-8,225,-8" /><INIT seed="1,0,0,4,5,3" ten="261,290,232,217" oya="1" hai0="80,93,97,83,21,40,119,91,90,133,106,36,53" hai1="51,108,129,131,47,89,85,33,46,121,114,113,23" hai2="115,39,126,1,84,59,104,134,111,16,72,132,0" hai3="2,8,78,57,100,71,63,43,29,125,7,103,70"/><U22/><E121/><V112/><F72/><W28/><G125/><T120/><D119/><U69/><E33/><V65/><F104/><W92/><G78/><T122/><D106/><U35/><E35/><V49/><F39/><W81/><G43/><T76/><D133/><N who="2" m="51306" /><F126/><W107/><G107/><T61/><D40/><U34/><E34/><V109/><F84/><W79/><G70/><T12/><D36/><U96/><E69/><V124/><F124/><W41/><G41/><T73/><D61/><U62/><E96/><V82/><F82/><W102/><G92/><T13/><D53/><U26/><E62/><V127/><F127/><W44/><G44/><T50/><D50/><U66/><E66/><V37/><F37/><W117/><G71/><T87/><REACH who="0" step="1"/><D21/><REACH who="0" ten="251,290,232,217" step="2"/><U123/><E51/><V60/><F49/><W9/><G117/><T118/><D118/><U99/><E22/><V101/><F115/><W135/><G135/><T116/><D116/><U5/><E113/><V88/><F112/><W19/><G9/><T20/><D20/><U94/><E23/><V98/><F111/><W17/><G29/><T54/><D54/><U38/><E108/><V128/><F109/><W58/><G28/><T4/><D4/><U52/><E5/><V64/><F64/><W56/><REACH who="3" step="1"/><G63/><REACH who="3" ten="251,290,232,207" step="2"/><T14/><AGARI ba="0,2" hai="12,13,14,73,76,80,83,87,90,91,93,97,120,122" machi="14" ten="30,2000,0" yaku="1,1,0,1,53,0" doraHai="3" doraHaiUra="110" who="0" fromWho="0" sc="251,40,290,-10,232,-5,207,-5" /><INIT seed="2,0,0,2,5,41" ten="291,280,227,202" oya="2" hai0="42,70,82,38,103,67,81,9,51,13,7,86,118" hai1="123,119,3,89,14,116,101,1,56,99,71,16,133" hai2="80,57,5,20,33,93,109,87,127,36,102,114,60" hai3="0,21,104,35,4,34,98,59,129,23,128,37,76"/><V90/><F114/><W30/><G37/><T112/><D112/><U65/><E71/><V58/><F127/><W134/><G76/><T31/><D38/><U18/><E89/><V126/><F126/><W27/><G104/><T72/><D118/><U79/><E79/><V25/><F33/><N who="3" m="12299" /><G59/><T45/><D31/><U68/><E68/><V115/><F115/><W26/><G98/><T100/><D72/><U6/><E3/><V85/><F109/><W50/><G50/><T62/><REACH who="0" step="1"/><D82/><REACH who="0" ten="281,280,227,202" step="2"/><U117/><E117/><V12/><F36/><W32/><G134/><T74/><D74/><U29/><E133/><V135/><F135/><W47/><G128/><T64/><D64/><U48/><E29/><V63/><F80/><W73/><G73/><T110/><D110/><U131/><E65/><V113/><F113/><W107/><G129/><T124/><D124/><U111/><E131/><V40/><F87/><W2/><G107/><T106/><D106/><U17/><E111/><V66/><F66/><W84/><G84/><T43/><D43/><U69/><E116/><V96/><F40/><W121/><G121/><T24/><D24/><U49/><E123/><V8/><F25/><N who="3" m="18511" /><G4/><T61/><D61/><U53/><E6/><V122/><F122/><W95/><G95/><T28/><D28/><U54/><E119/><V15/><F63/><W55/><G27/><T75/><D75/><U120/><E120/><V22/><F60/><W46/><G26/><T83/><D83/><U105/><E105/><N who="2" m="63687" /><F15/><W132/><G132/><T10/><D10/><U92/><E14/><V44/><F12/><RYUUKYOKU ba="0,1" sc="281,30,280,-10,227,-10,202,-10" hai0="7,9,13,42,45,51,62,67,70,81,86,100,103" /><INIT seed="3,1,1,2,3,129" ten="311,270,217,192" oya="3" hai0="54,83,91,74,121,96,48,16,5,114,94,116,78" hai1="92,13,69,71,105,111,34,18,70,112,28,66,103" hai2="93,46,107,130,88,108,65,14,72,76,59,60,84" hai3="3,36,11,23,35,20,86,1,135,104,85,21,37"/><W117/><G104/><T61/><D116/><U30/><E112/><V41/><F108/><W97/><G117/><T4/><D121/><U44/><E105/><V64/><F130/><W56/><G35/><T57/><D114/><U133/><E66/><V55/><F107/><W80/><G97/><T134/><D134/><U122/><E34/><V7/><F76/><W81/><G56/><T32/><D32/><U26/><E26/><V119/><F72/><W47/><G11/><T25/><D48/><U49/><E111/><V51/><REACH who="2" step="1"/><F119/><REACH who="2" ten="311,270,207,192" step="2"/><W15/><G135/><T98/><D98/><U22/><E133/><V128/><F128/><W58/><G85/><T39/><D39/><U63/><E122/><V82/><F82/><W31/><G80/><T132/><D132/><U131/><E131/><V8/><AGARI ba="1,2" hai="7,8,14,41,46,51,55,59,60,64,65,84,88,93" machi="8" ten="30,7900,0" yaku="1,1,0,1,8,1,54,1,53,0" doraHai="129" doraHaiUra="29" who="2" fromWho="2" sc="311,-21,270,-21,207,102,192,-40" /><INIT seed="4,0,0,4,1,40" ten="290,249,309,152" oya="0" hai0="49,51,91,13,113,0,83,10,89,37,77,38,104" hai1="93,88,98,109,101,85,61,59,47,99,72,30,29" hai2="100,134,22,130,66,65,120,64,121,105,48,107,31" hai3="86,81,126,97,4,119,122,76,14,33,111,15,118"/><T102/><D0/><U44/><E109/><V80/><F130/><W106/><G111/><T70/><D70/><U50/><E72/><V34/><F34/><W82/><G126/><T24/><D113/><U20/><E99/><V63/><F134/><W129/><G33/><T116/><D116/><U26/><E50/><V79/><F63/><W73/><G4/><T90/><D104/><U12/><E12/><V17/><F31/><W27/><G27/><T58/><D102/><U39/><E39/><V87/><F100/><N who="3" m="62735" /><G15/><T133/><D133/><U74/><E74/><V5/><F5/><W108/><G14/><T62/><D24/><U7/><E30/><V103/><F103/><W16/><G16/><N who="0" m="8247" /><D38/><U28/><E28/><V8/><F8/><W52/><G108/><T56/><D37/><U78/><E78/><V125/><F125/><W35/><G35/><T46/><D51/><U6/><E6/><V84/><F22/><W32/><G32/><T132/><D132/><U43/><E43/><V2/><F2/><W21/><G21/><T25/><D25/><U123/><E7/><V92/><F17/><W117/><G129/><T71/><D71/><U110/><E110/><V135/><F135/><W127/><G127/><T124/><D124/><U57/><E123/><V55/><F121/><W114/><G122/><T115/><D115/><U75/><E75/><V69/><F69/><W60/><G114/><T19/><D19/><U67/><E59/><N who="0" m="22569" /><D62/><U18/><E18/><V96/><F120/><W54/><G60/><T1/><D1/><U131/><E131/><V45/><F48/><RYUUKYOKU ba="0,0" sc="290,-15,249,15,309,-15,152,15" hai1="20,26,29,44,47,57,61,67,85,88,93,98,101" hai3="52,54,73,76,81,82,86,117,118,119" /><INIT seed="5,1,0,2,5,134" ten="275,264,294,167" oya="1" hai0="9,48,5,94,106,44,25,71,118,91,19,33,101" hai1="70,87,2,40,129,27,26,65,28,62,120,88,50" hai2="20,126,135,13,102,7,105,1,117,108,39,84,43" hai3="53,90,103,123,77,55,32,54,75,125,72,11,124"/><U116/><E129/><V8/><F108/><W0/><G123/><T67/><D118/><U83/><E120/><V79/><F117/><W81/><G32/><T21/><D33/><U93/><E116/><V56/><F135/><W22/><G103/><T10/><D106/><U63/><E2/><V15/><F43/><W59/><G90/><T128/><D101/><U89/><E62/><V132/><F39/><W34/><G34/><T121/><D128/><U119/><E119/><V38/><F38/><W115/><G115/><T104/><D104/><U4/><E4/><V69/><F69/><W31/><G59/><T47/><D121/><U12/><E12/><V64/><F132/><W23/><G72/><T95/><D47/><U6/><E6/><V110/><F110/><W17/><G0/><T68/><D94/><U37/><E28/><V49/><F84/><W112/><G112/><T24/><D24/><U86/><REACH who="1" step="1"/><E37/><REACH who="1" ten="275,254,294,167" step="2"/><V14/><F14/><N who="3" m="7391" /><G31/><T3/><D3/><U111/><E111/><V58/><F1/><W92/><G92/><T76/><D95/><U113/><E113/><V130/><F7/><W29/><G29/><T18/><D5/><U82/><E82/><V73/><F130/><W78/><G78/><T51/><D76/><U109/><E109/><V41/><F79/><W97/><G97/><T99/><D99/><U98/><E98/><V30/><F30/><W131/><G131/><T122/><D122/><U100/><E100/><V114/><F102/><W61/><G61/><T96/><D96/><U127/><E127/><AGARI ba="1,1" hai="22,23,53,54,55,75,77,81,124,125,127" m="7391" machi="127" ten="30,7700,0" yaku="18,1,52,3" doraHai="134" who="3" fromWho="1" sc="275,0,254,-80,294,0,167,90" /><INIT seed="6,0,0,0,5,130" ten="275,174,294,257" oya="2" hai0="67,38,124,78,12,113,46,101,23,65,96,44,109" hai1="40,22,104,111,35,69,16,115,82,10,52,19,54" hai2="33,0,119,49,89,14,3,57,75,84,90,99,129" hai3="51,4,102,133,60,58,25,87,94,112,121,1,110"/><V11/><F75/><W15/><G121/><T135/><D109/><U128/><E111/><V8/><F119/><W103/><G110/><T120/><D120/><U123/><E35/><V18/><F33/><W32/><G1/><T26/><D78/><U131/><E123/><V134/><F129/><N who="1" m="49737" /><E104/><V43/><F134/><W77/><G133/><T17/><D135/><U105/><E105/><V5/><F0/><W95/><G112/><T70/><D113/><U6/><E115/><V108/><F108/><W47/><G25/><T20/><D124/><U85/><E69/><V132/><F132/><W42/><G32/><T13/><D70/><U59/><E40/><V100/><F84/><W31/><G31/><T53/><D38/><U50/><E54/><V56/><F56/><W80/><G95/><N who="0" m="58527" /><D13/><N who="1" m="5335" /><E22/><V29/><F29/><W7/><G94/><T73/><D73/><U37/><E37/><V61/><F49/><W28/><G28/><N who="0" m="17479" /><D53/><U9/><E9/><V81/><F81/><W45/><G80/><T71/><D71/><U63/><E63/><V125/><F125/><W64/><G60/><T86/><D86/><U2/><E2/><V122/><F43/><W107/><G87/><T91/><D67/><U62/><E62/><V97/><F122/><W41/><G64/><T66/><D66/><U88/><AGARI ba="0,0" hai="16,19,50,52,59,82,85,88" m="5335,49737" machi="88" ten="30,7900,0" yaku="19,1,54,3" doraHai="130" who="1" fromWho="1" sc="275,-20,174,79,294,-39,257,-20" /><INIT seed="7,0,0,1,0,56" ten="255,253,255,237" oya="3" hai0="19,40,68,6,57,93,108,129,83,29,97,44,9" hai1="110,38,90,79,114,116,85,64,103,69,3,117,25" hai2="130,7,123,30,26,134,16,125,82,100,33,75,91" hai3="63,58,13,27,61,66,131,121,119,135,128,106,77"/><W78/><G121/><T54/><D108/><U21/><E110/><V133/><F123/><W73/><G119/><N who="1" m="45642" /><E38/><V95/><F100/><W92/><G106/><T67/><D129/><N who="3" m="49737" /><G135/><N who="2" m="51721" /><F130/><W88/><G73/><T14/><D29/><U43/><E43/><V84/><F7/><W22/><G13/><T37/><D83/><U132/><E3/><V109/><F109/><W74/><G74/><T102/><D68/><U126/><E79/><N who="3" m="30218" /><G58/><T4/><REACH who="0" step="1"/><D67/><REACH who="0" ten="245,253,255,237" step="2"/><U81/><E64/><V18/><F125/><W111/><G66/><T113/><D113/><U127/><E114/><V0/><F82/><W89/><G111/><T53/><D53/><U62/><E132/><V55/><F55/><W46/><G46/><T118/><D118/><U35/><E69/><V120/><F120/><W11/><G11/><T94/><D94/><U104/><E127/><V51/><F95/><W17/><G89/><T2/><D2/><U1/><E1/><V87/><F0/><W20/><G20/><T115/><D115/><U10/><E126/><V5/><F91/><W59/><G59/><T60/><AGARI ba="0,1" hai="4,6,9,14,19,37,40,44,54,57,60,93,97,102" machi="60" ten="20,5200,0" yaku="1,1,0,1,7,1,52,1,53,0" doraHai="56" doraHaiUra="124" who="0" fromWho="0" sc="245,62,253,-13,255,-13,237,-26" owari="307,40.7,240,-16.0,242,4.2,211,-28.9" /></mjloggm>