<mjloggm ver="2.3"><GO type="169" lobby="0"/><UN n0="%E5%90%89%E7%A5%A5%E5%AF%BA%4B%47" n1="%E9%87%A3%E3%82%8A%E6%97%A5%E5%92%8C" n2="%E3%83%90%E3%82%AD" n3="%E3%83%A9%E3%82%B9%E3%82%8B%E3%81%8B%E3%81%AA" dan="16,18,16,17" rate="2131.12,2238.27,2129.52,2204.91" sx="F,M,M,M"/><TAIKYOKU oya="0"/><INIT seed="0,0,0,2,1,132" ten="250,250,250,250" oya="0" hai0="82,49,41,51,110,109,62,17,66,118,43,53,5" hai1="6,42,69,117,131,18,81,88,107,87,33,129,26" hai2="58,11,123,112,113,30,70,75,12,48,114,85,115" hai3="91,83,15,10,103,1,19,86,21,120,121,116,54"/><T126/><D5/><U76/><E117/><V93/><F123/><W106/><G116/><T14/><D118/><U63/><E107/><V0/><F75/><W38/><G38/><T79/><D41/><U94/><E6/><V124/><F70/><W55/><G1/><T128/><D43/><U135/><E135/><V74/><F74/><W90/><G103/><T98/><D98/><U130/><E42/><V101/><F0/><W99/><G106/><T16/><D128/><U37/><E37/><V47/><F30/><W78/><G99/><T35/><D35/><U46/><E46/><V40/><F58/><W97/><G97/><T29/><D29/><U27/><E18/><V104/><F104/><W119/><G119/><T44/><D51/><U96/><REACH who="1" step="1"/><E33/><REACH who="1" ten="250,240,250,250" step="2"/><V108/><F47/><W65/><G19/><T56/><D126/><U105/><E105/><V22/><F124/><W125/><G125/><T3/><D3/><U64/><AGARI ba="0,1" hai="26,27,63,64,69,76,81,87,88,94,96,129,130,131" machi="64" ten="40,8000,1" yaku="1,1,0,1,19,1,54,1,53,0" doraHai="132" doraHaiUra="102" who="1" fromWho="1" sc="250,-40,240,90,250,-20,250,-20" /><INIT seed="1,0,0,0,2,54" ten="210,330,230,230" oya="1" hai0="86,120,117,111,88,26,56,11,110,14,17,65,118" hai1="64,19,93,43,125,108,52,28,18,58,15,47,1" hai2="123,96,85,5,83,97,76,91,87,105,114,77,39" hai3="16,12,112,53,73,66,103,10,119,63,34,74,116"/><U121/><E121/><V57/><F39/><W35/><G112/><T92/><D120/><U49/><E1/><V135/><F123/><W84/><G103/><T72/><D72/><U67/><E125/><V7/><F135/><W109/><G109/><N who="0" m="41483" /><D26/><U55/><E55/><V60/><F114/><W133/><G53/><T128/><D128/><U115/><E115/><V134/><F134/><W113/><G113/><T8/><D8/><U104/><E104/><V4/><F105/><W27/><G84/><T41/><D41/><U69/><E69/><V59/><F76/><W62/><G62/><AGARI ba="0,0" hai="11,14,17,56,62,65,86,88,92,117,118" m="41483" machi="62" ten="30,3900,0" yaku="14,1,52,1,54,1" doraHai="54" who="0" fromWho="3" sc="210,39,330,0,230,0,230,-39" /><INIT seed="2,0,0,4,2,97" ten="249,330,230,191" oya="2" hai0="107,133,38,55,27,31,79,96,47,56,29,25,72" hai1="99,24,5,83,67,135,65,21,46,117,52,59,130" hai2="94,69,113,95,26,34,70,87,104,39,9,110,124" hai3="62,15,74,89,48,32,66,82,126,50,1,71,91"/><V19/><F113/><W103/><G1/><T125/><D125/><U6/><E117/><V98/><F124/><W17/><G32/><T90/><D133/><U118/><E118/><V116/><F116/><W80/><G126/><T35/><D79/><U8/><E135/><V18/><F39/><W61/><G61/><T7/><D7/><U44/><E83/><V122/><F122/><W78/><G103/><T127/><D72/><U93/><E130/><V54/><F104/><W33/><G33/><T85/><D47/><N who="1" m="17963" /><E8/><V45/><F110/><W115/><G115/><T4/><D4/><N who="1" m="1643" /><E21/><V108/><F108/><W121/><G121/><T0/><D0/><U102/><E24/><V81/><F9/><W57/><G82/><T86/><D38/><U134/><E134/><V42/><F34/><W77/><G77/><T16/><D127/><U60/><AGARI ba="0,0" hai="52,59,60,65,67,93,99,102" m="1643,17963" machi="60" ten="30,4000,0" yaku="8,1,52,1,54,1" doraHai="97" who="1" fromWho="1" sc="249,-10,330,40,230,-20,191,-10" /><INIT seed="3,0,0,5,3,115" ten="239,370,210,181" oya="3" hai0="59,28,132,108,48,77,118,63,134,67,20,74,69" hai1="102,3,51,135,40,101,23,45,128,52,87,54,79" hai2="14,15,32,55,47,131,53,125,133,96,106,84,11" hai3="9,110,123,57,16,18,2,78,42,82,7,0,19"/><W86/><G123/><T29/><D74/><U88/><E3/><V75/><F75/><W117/><G110/><T81/><D108/><U8/><E79/><V56/><F32/><W50/><G0/><T68/><D20/><U89/><E135/><N who="0" m="51753" /><D118/><U71/><E71/><N who="0" m="27209" /><D48/><U95/><E128/><V107/><F131/><W104/><G104/><T38/><D38/><U114/><E114/><V24/><F107/><W36/><G36/><T43/><D43/><U61/><E8/><V126/><F106/><W72/><G72/><N who="0" m="43175" /><D28/><U121/><E121/><V93/><F133/><W80/><G80/><T66/><D29/><U60/><E23/><V94/><F11/><W17/><N who="3" m="4096" /><DORA hai="34" /><W46/><REACH who="3" step="1"/><G57/><REACH who="3" ten="239,370,210,171" step="2"/><T27/><D27/><U122/><E122/><V5/><F56/><W130/><G130/><T116/><D116/><AGARI ba="0,1" hai="2,7,9,42,46,50,78,82,86,116,117" m="4096" machi="116" ten="50,18000,2" yaku="1,1,52,3,54,1,53,2" doraHai="115,34" doraHaiUra="113,124" who="3" fromWho="0" sc="239,-180,370,0,210,0,171,190" /><INIT seed="3,1,0,2,4,8" ten="59,370,210,361" oya="3" hai0="59,4,123,66,45,6,41,99,48,98,122,58,69" hai1="44,68,100,47,23,3,128,67,126,54,20,16,38" hai2="51,55,28,101,35,56,90,93,87,91,80,13,29" hai3="86,11,132,121,39,116,117,115,22,92,133,34,26"/><W135/><G39/><T71/><D48/><U76/><E3/><V106/><F35/><W70/><G70/><T107/><D45/><U79/><E128/><V0/><F0/><W63/><G115/><T81/><D81/><U89/><E126/><V114/><F114/><W7/><G121/><T40/><REACH who="0" step="1"/><D66/><REACH who="0" ten="49,370,210,361" step="2"/><U95/><E47/><V57/><F51/><W131/><G63/><T84/><D84/><U127/><E67/><V65/><F87/><W74/><G74/><T30/><D30/><U118/><E44/><V102/><F80/><W125/><G86/><T17/><D17/><U15/><E16/><V36/><F65/><W19/><G92/><T78/><D78/><U10/><E79/><V14/><F93/><W134/><G134/><T27/><D27/><U21/><E76/><V37/><F55/><W18/><G18/><T31/><D31/><U109/><E54/><V105/><AGARI ba="1,1" hai="13,14,28,29,36,37,56,57,90,91,101,102,105,106" machi="105" ten="25,8000,1" yaku="0,1,22,2,52,2" doraHai="8" who="2" fromWho="2" sc="49,-21,370,-21,210,93,361,-41" /><INIT seed="4,0,0,4,3,54" ten="28,349,303,320" oya="0" hai0="84,82,115,111,71,47,102,56,4,105,38,48,23" hai1="42,64,75,99,41,44,11,50,120,72,129,122,17" hai2="7,5,29,45,36,18,39,58,126,107,35,28,95" hai3="25,34,96,3,51,40,76,70,93,88,92,118,30"/><T133/><D115/><U52/><E129/><V73/><F107/><W1/><G70/><T31/><D71/><U67/><E99/><V135/><F73/><W83/><G118/><T110/><D133/><U22/><E72/><V86/><F135/><W113/><G113/><T131/><D131/><U53/><E75/><V6/><F126/><W109/><G109/><N who="0" m="41483" /><D4/><U112/><E11/><V15/><F45/><W117/><G117/><T116/><D116/><U46/><E22/><V127/><F127/><W59/><G92/><T81/><D38/><N who="1" m="21559" /><E17/><V79/><F39/><W80/><G80/><T101/><D105/><U132/><E132/><V10/><F36/><W60/><G51/><T106/><D106/><U61/><E67/><V74/><F74/><W49/><G49/><T37/><D37/><U43/><E43/><V97/><F35/><W32/><G32/><T85/><D31/><U33/><E33/><V77/><F29/><W12/><G40/><N who="0" m="24679" /><D23/><U19/><E19/><V20/><F28/><W128/><G128/><T104/><D104/><U87/><E112/><V24/><F20/><W9/><G83/><N who="0" m="31755" /><D84/><U0/><E87/><V2/><F86/><W130/><G130/><T13/><D85/><U91/><E91/><N who="2" m="55551" /><F2/><W14/><G1/><T125/><D125/><U94/><E0/><V114/><F114/><W68/><G68/><T8/><D56/><N who="1" m="36903" /><E94/><V69/><F69/><W66/><G76/><N who="2" m="29257" /><F58/><W78/><G78/><T62/><D62/><U27/><E27/><V65/><F24/><W134/><G134/><T98/><D98/><U100/><E100/><V55/><F65/><RYUUKYOKU ba="0,0" sc="28,0,349,0,303,0,320,0" hai0="8,13,101,102" hai1="42,46,50,52,53,120,122" hai2="5,6,7,10,15,18,55" hai3="3,9,12,14,25,30,34,59,60,66,88,93,96" /><INIT seed="4,1,0,0,5,62" ten="28,349,303,320" oya="0" hai0="84,65,43,70,99,7,130,96,41,31,51,112,67" hai1="47,20,85,122,34,15,76,131,22,38,72,113,6" hai2="18,29,40,100,77,98,75,26,54,101,95,92,21" hai3="56,17,86,52,9,79,27,116,23,61,55,88,13"/><T94/><D112/><U90/><E34/><V44/><F54/><W3/><G3/><T48/><D130/><U82/><E122/><V108/><F108/><W111/><G116/><T5/><D84/><U8/><E131/><V126/><F126/><W66/><G79/><T73/><D31/><U1/><E113/><V105/><F101/><W117/><G111/><T45/><D70/><U97/><E15/><V60/><F60/><W24/><G24/><T83/><D83/><U28/><E97/><V59/><F59/><W4/><G117/><T80/><D80/><AGARI ba="1,0" hai="4,9,13,17,23,27,52,55,56,61,66,80,86,88" machi="80" ten="30,8000,1" yaku="7,1,8,1,52,1,54,2" doraHai="62" who="3" fromWho="0" sc="28,-83,349,0,303,0,320,83" owari="-55,-55.5,349,14.9,303,-9.7,403,50.3" /></mjloggm>