<mjloggm ver="2.3"><GO type="169" lobby="0"/><UN n0="%E5%B3%B6%E7%94%B0%E7%9C%9F%E5%A4%A2" n1="%E3%81%A8%E3%81%B3%E3%81%BE%E3%81%93" n2="%E3%83%AA%E3%83%BC%E3%83%81%E3%83%89%E3%83%A9" n3="%E7%9B%9B%E5%B2%A1%E3%81%AE%E3%83%AA%E3%83%BC%E3%83%81%E8%B6%85%E4%BA%BA" dan="16,17,17,17" rate="2149.08,2194.40,2194.72,2170.35" sx="F,M,M,M"/><TAIKYOKU oya="0"/><INIT seed="0,0,0,3,0,89" ten="250,250,250,250" oya="0" hai0="5,16,94,127,52,84,63,123,46,21,87,131,51" hai1="65,35,116,54,104,31,58,0,107,43,62,132,61" hai2="81,34,22,28,122,44,102,50,1,39,55,37,26" hai3="115,101,88,3,29,6,2,133,47,12,110,23,64"/><T128/><D123/><U57/><E116/><V8/><F122/><W114/><G64/><T49/><D5/><U4/><E132/><V77/><F34/><W103/><G133/><T118/><D118/><U27/><REACH who="1" step="1"/><E43/><REACH who="1" ten="250,240,250,250" step="2"/><V124/><F124/><W80/><G114/><T18/><D127/><U7/><E7/><V69/><F39/><W108/><G6/><T96/><D128/><U45/><E45/><V97/><F37/><W95/><G47/><N who="0" m="27711" /><D131/><U71/><E71/><V82/><F69/><W9/><G115/><T76/><D76/><U99/><E99/><V126/><F97/><W112/><G112/><T13/><D63/><U75/><E75/><V15/><F126/><W36/><G36/><T40/><D18/><U53/><E53/><V11/><F55/><W125/><G125/><T78/><D78/><U105/><E105/><V106/><F77/><W120/><G120/><T30/><D30/><U113/><E113/><V93/><F106/><W20/><G29/><T70/><D70/><U79/><E79/><V42/><F28/><W100/><G2/><T86/><D86/><U59/><E59/><V117/><F117/><W92/><G3/><T109/><D109/><U121/><E121/><V119/><F119/><W17/><G108/><T129/><D129/><U32/><E32/><V41/><F1/><W10/><G110/><T73/><D73/><U33/><E33/><V14/><F42/><W67/><G17/><T38/><D38/><U90/><E90/><AGARI ba="0,1" hai="13,16,21,40,46,51,84,87,90,94,96" m="27711" machi="90" ten="30,11600,0" yaku="8,1,52,1,54,2" doraHai="89" who="0" fromWho="1" sc="250,126,240,-116,250,0,250,0" /><INIT seed="0,1,0,5,3,131" ten="376,124,250,250" oya="0" hai0="119,58,109,83,82,49,71,9,39,98,20,1,110" hai1="2,24,91,3,18,51,117,79,113,41,54,103,10" hai2="63,87,90,14,102,4,112,128,43,47,61,93,57" hai3="69,101,31,95,53,107,124,48,8,134,6,123,42"/><T67/><D119/><U77/><E117/><V121/><F128/><W108/><G69/><T23/><D71/><U25/><E113/><V38/><F121/><W36/><G107/><T85/><D39/><U132/><E103/><V84/><F112/><W81/><G31/><T59/><D98/><U15/><E41/><V55/><F102/><W34/><G34/><T22/><D83/><U106/><E106/><V75/><F75/><W11/><G11/><T0/><D67/><U40/><E40/><V115/><F115/><W96/><G81/><T104/><D104/><U26/><E91/><V46/><F46/><W35/><G35/><T28/><D28/><U21/><E132/><V27/><F27/><N who="1" m="10313" /><E3/><V89/><F14/><W29/><G42/><T13/><D49/><U135/><E2/><V111/><F4/><W45/><G36/><T50/><D50/><U133/><N who="1" m="10321" /><U70/><DORA hai="122" /><E21/><V125/><F125/><W72/><G48/><T99/><D99/><U60/><E60/><V66/><F63/><W44/><G96/><T74/><D74/><U97/><E97/><V105/><F105/><W62/><G62/><T114/><D114/><U92/><E92/><V127/><F127/><W78/><G95/><T16/><D1/><U17/><E17/><V130/><F130/><W116/><G124/><T94/><D94/><U73/><E70/><V64/><F90/><W52/><G101/><T56/><REACH who="0" step="1"/><D0/><REACH who="0" ten="366,124,250,250" step="2"/><U86/><E73/><V33/><F33/><W5/><G72/><T65/><D65/><N who="2" m="25194" /><F87/><W76/><G116/><T88/><AGARI ba="1,1" hai="9,13,16,20,22,23,56,58,59,82,85,88,109,110" machi="88" ten="40,24000,3" yaku="1,1,0,1,52,2,54,2,53,3" doraHai="131,122" doraHaiUra="19,100" who="0" fromWho="0" sc="366,253,124,-81,250,-81,250,-81" /><INIT seed="0,2,0,4,0,82" ten="619,43,169,169" oya="0" hai0="116,109,20,103,133,77,97,86,32,108,123,45,113" hai1="61,126,129,29,93,13,107,42,112,106,125,80,37" hai2="17,21,41,19,121,26,114,1,0,46,40,24,87" hai3="52,25,135,95,30,117,15,73,55,89,6,110,84"/><T91/><D116/><U83/><E29/><V12/><F121/><W119/><G73/><T71/><D32/><U85/><E13/><V48/><F114/><W115/><G115/><T104/><D113/><U49/><E37/><V88/><F41/><W96/><G110/><N who="0" m="42603" /><D71/><U10/><E112/><V74/><F74/><W33/><G135/><T44/><D123/><U101/><E10/><V120/><F120/><W51/><G55/><T118/><D118/><U70/><E129/><V3/><REACH who="2" step="1"/><F19/><REACH who="2" ten="619,43,159,169" step="2"/><W4/><G117/><T127/><D127/><U105/><E126/><V22/><F22/><W131/><G119/><T132/><D20/><U54/><E125/><V8/><F8/><W62/><G131/><T59/><D59/><U7/><E42/><V2/><N who="2" m="0" /><DORA hai="72" /><V69/><F69/><W39/><G33/><T130/><D130/><U66/><E7/><V67/><F67/><W92/><G4/><T63/><D45/><U90/><REACH who="1" step="1"/><E101/><REACH who="1" ten="619,33,159,169" step="2"/><V31/><F31/><W35/><G30/><T34/><D103/><U23/><E23/><V111/><F111/><W94/><G35/><T28/><D34/><U14/><E14/><V27/><F27/><W65/><G25/><T38/><D28/><U18/><E18/><V47/><F47/><AGARI ba="2,2" hai="47,49,54,61,66,70,80,83,85,90,93,105,106,107" machi="47" ten="40,2600,0" yaku="1,1,52,1,53,0" doraHai="82,72" doraHaiUra="99,124" who="1" fromWho="2" sc="619,0,33,52,159,-32,169,0" /><INIT seed="1,0,0,0,3,31" ten="619,85,127,169" oya="1" hai0="22,21,88,126,79,85,77,71,80,131,91,112,24" hai1="133,23,43,59,35,94,132,108,134,135,95,17,65" hai2="52,98,11,97,124,113,107,12,13,37,33,48,14" hai3="64,62,57,86,92,90,50,87,78,9,66,93,38"/><U123/><N who="1" m="33792" /><DORA hai="44" /><U26/><E123/><V55/><F37/><W106/><G38/><T16/><D112/><U111/><E43/><V61/><F113/><W18/><G106/><T125/><D71/><U72/><E72/><V102/><F124/><N who="0" m="47722" /><D131/><U122/><E122/><V120/><F33/><W74/><G74/><T67/><D67/><U34/><E65/><V32/><F32/><N who="1" m="12329" /><E59/><N who="2" m="35071" /><F107/><W69/><G66/><T101/><D101/><U3/><E3/><V27/><F27/><W6/><G69/><T47/><D47/><U39/><E39/><V25/><F25/><W81/><G18/><N who="0" m="12343" /><D77/><U20/><E20/><V40/><F40/><W105/><G105/><T19/><D19/><U5/><E5/><V2/><F2/><W68/><G68/><T119/><D119/><U127/><E127/><V15/><F102/><W116/><G116/><T128/><D128/><U129/><E129/><V30/><F30/><W109/><G6/><T29/><D29/><U99/><E99/><V110/><F120/><W7/><G7/><T96/><D96/><U70/><E70/><V63/><F110/><AGARI ba="0,0" hai="17,23,26,94,95,108,110,111" m="12329,33792" machi="110" ten="60,18000,2" yaku="14,1,10,1,20,1,52,3" doraHai="31,44" who="1" fromWho="2" sc="619,0,85,180,127,-180,169,0" owari="619,71.9,265,6.5,-53,-55.3,169,-23.1" /></mjloggm>