<mjloggm ver="2.3"><GO type="169" lobby="0"/><UN n0="%E9%95%B7%E5%B2%A1" n1="%43%E3%82%A8%E3%83%BC%E3%82%B8%E3%82%A7%E3%83%B3%E3%83%88" n2="%6D%61%6A%75%6E%69%61" n3="%E3%81%A0%E3%81%84%E3%81%95%E3%83%BC%E3%82%93" dan="16,17,17,17" rate="2126.79,2206.63,2197.20,2177.68" sx="M,M,M,M"/><TAIKYOKU oya="0"/><INIT seed="0,0,0,5,5,55" ten="250,250,250,250" oya="0" hai0="5,113,15,35,99,129,14,82,75,123,62,84,57" hai1="116,46,100,28,68,58,34,95,19,110,23,77,93" hai2="71,63,88,3,128,114,47,60,2,127,108,37,92" hai3="18,54,7,70,13,72,78,89,126,32,49,115,9"/><T91/><D113/><U80/><E68/><V45/><F114/><W10/><G115/><T106/><D123/><U0/><E0/><V38/><F128/><W21/><G70/><T69/><D129/><U97/><E110/><V17/><F17/><W42/><G126/><T56/><D35/><U64/><E116/><V41/><F127/><W66/><G66/><T11/><D75/><U33/><E28/><V12/><F12/><W61/><G61/><T48/><D48/><U30/><E30/><V29/><F71/><W135/><G135/><T132/><D132/><U90/><E46/><V83/><F83/><W24/><G42/><T118/><D118/><U20/><E20/><V130/><F29/><W4/><G89/><T25/><D25/><U94/><E90/><V121/><F130/><W112/><G112/><T85/><D84/><U39/><E39/><V8/><F121/><W1/><G32/><T133/><D133/><U102/><E102/><V96/><F108/><W81/><G54/><T103/><REACH who="0" step="1"/><D15/><REACH who="0" ten="240,250,250,250" step="2"/><U22/><E33/><V40/><REACH who="2" step="1"/><F3/><REACH who="2" ten="240,250,240,250" step="2"/><W26/><REACH who="3" step="1"/><G49/><REACH who="3" ten="240,250,240,240" step="2"/><T31/><D31/><U67/><E34/><V73/><F73/><W6/><G6/><AGARI ba="0,3" hai="2,6,8,37,38,40,41,45,47,60,63,88,92,96" machi="6" ten="40,5200,0" yaku="1,1,9,1,54,1,53,0" doraHai="55" doraHaiUra="131" who="2" fromWho="3" sc="240,0,250,0,240,82,240,-52" /><INIT seed="1,0,0,2,2,91" ten="240,250,322,188" oya="1" hai0="63,101,21,82,133,61,68,14,1,92,3,35,125" hai1="58,47,122,75,130,30,32,99,36,67,43,81,29" hai2="105,6,8,64,134,95,45,7,77,116,22,100,117" hai3="56,34,88,84,78,10,31,124,52,19,55,17,120"/><U71/><E122/><V123/><F123/><W129/><G120/><T18/><D125/><U96/><E130/><V69/><F134/><W73/><G124/><T44/><D133/><U48/><E32/><V103/><F105/><W9/><G129/><T62/><D35/><U25/><E25/><V85/><F6/><W2/><G73/><T87/><D68/><U111/><E111/><V42/><F69/><W110/><G110/><T16/><D44/><U86/><E75/><V66/><F116/><W41/><G78/><T11/><D101/><U108/><E108/><V38/><F22/><W59/><G41/><T49/><D49/><U80/><E80/><V107/><F107/><W4/><G34/><T94/><D3/><U65/><E71/><V54/><F54/><N who="3" m="20523" /><G2/><T79/><D1/><U39/><E39/><V90/><F117/><W102/><G102/><T114/><D114/><U15/><E36/><V5/><F5/><W118/><G31/><N who="1" m="11786" /><E15/><AGARI ba="0,0" hai="11,14,15,16,18,21,61,62,63,79,82,87,92,94" machi="15" ten="40,8000,1" yaku="8,1,52,2,54,1" doraHai="91" who="0" fromWho="1" sc="240,80,250,-80,322,0,188,0" /><INIT seed="2,0,0,3,0,59" ten="320,170,322,188" oya="2" hai0="113,85,102,64,120,53,36,88,89,1,17,87,106" hai1="3,121,6,86,98,99,33,20,103,46,68,135,24" hai2="15,69,32,93,57,51,7,54,117,55,27,29,16" hai3="47,114,130,75,35,122,95,38,72,110,34,40,48"/><V13/><F117/><W70/><G122/><T116/><D120/><U107/><E33/><V84/><F69/><W19/><G70/><T10/><D36/><U18/><E135/><V14/><F7/><W76/><G110/><T123/><D123/><U8/><E121/><V62/><F84/><W94/><G130/><T45/><D113/><U41/><E98/><V90/><F90/><W100/><G114/><T74/><D74/><U126/><E86/><V56/><REACH who="2" step="1"/><F93/><REACH who="2" ten="320,170,312,188" step="2"/><W97/><G94/><T43/><D87/><U4/><E68/><V11/><AGARI ba="0,1" hai="11,13,14,15,16,27,29,32,51,54,55,56,57,62" machi="11" ten="20,18000,2" yaku="1,1,2,1,0,1,7,1,52,1,54,1,53,0" doraHai="59" doraHaiUra="104" who="2" fromWho="2" sc="320,-60,170,-60,312,190,188,-60" /><INIT seed="2,1,0,2,1,63" ten="260,110,502,128" oya="2" hai0="128,9,1,121,113,96,69,2,28,118,10,102,53" hai1="41,47,103,108,126,39,46,78,23,60,70,88,93" hai2="117,75,49,67,105,3,26,32,29,83,71,95,74" hai3="81,85,87,64,116,13,33,134,17,97,55,125,48"/><V92/><F117/><W56/><G116/><T80/><D118/><U77/><E108/><V132/><F3/><W94/><G134/><T101/><D121/><U54/><E126/><V59/><F132/><W27/><G125/><T6/><D113/><U106/><E103/><V4/><F4/><W45/><G33/><T43/><D128/><U19/><E106/><V123/><F123/><W82/><G27/><T61/><D43/><U73/><E73/><V50/><F105/><W30/><G30/><T31/><D80/><U18/><E18/><V0/><F0/><W24/><G24/><T124/><D124/><U131/><E131/><V120/><F120/><W44/><G82/><T107/><D101/><U104/><E104/><V135/><F135/><W129/><G129/><T57/><REACH who="0" step="1"/><D69/><REACH who="0" ten="250,110,502,128" step="2"/><U119/><E70/><V34/><F71/><W133/><G133/><T14/><D14/><U22/><E119/><V25/><F83/><W51/><G81/><T12/><D12/><U130/><E130/><V38/><F38/><W20/><G64/><T42/><D42/><U37/><E41/><V90/><F67/><W21/><G13/><T109/><D109/><U66/><E66/><V68/><F68/><W122/><G122/><T110/><D110/><U16/><E39/><V7/><F26/><W99/><G55/><T40/><D40/><U76/><E37/><V72/><F25/><W84/><G56/><T58/><D58/><N who="1" m="34903" /><E47/><V36/><F59/><W91/><G45/><T35/><D35/><U65/><E46/><V112/><F32/><W98/><G44/><T100/><D100/><RYUUKYOKU ba="1,1" sc="250,30,110,-10,502,-10,128,-10" hai0="1,2,6,9,10,28,31,53,57,61,96,102,107" /><INIT seed="3,2,1,3,3,104" ten="280,100,492,118" oya="3" hai0="13,72,69,130,51,49,112,61,59,77,80,125,31" hai1="123,15,12,135,39,26,89,119,10,57,64,68,73" hai2="63,4,43,106,103,18,58,127,29,35,37,108,71" hai3="101,91,133,109,52,118,85,55,124,132,67,97,84"/><W74/><G118/><T22/><D130/><U79/><E39/><V81/><F108/><W24/><G109/><T1/><D1/><U126/><E123/><V90/><F127/><W114/><G114/><T105/><D105/><U78/><E126/><V54/><F4/><W48/><G124/><T92/><D125/><U95/><E68/><V110/><F110/><W21/><G67/><T9/><D69/><U14/><E135/><N who="3" m="51786" /><G91/><T70/><D70/><U134/><E134/><V131/><F131/><W28/><G55/><T87/><D112/><U65/><E119/><V5/><F71/><W107/><G74/><T40/><D40/><U41/><E73/><V27/><F5/><W20/><G21/><T99/><D72/><U30/><E41/><V83/><F90/><W19/><G19/><N who="0" m="8623" /><D22/><N who="1" m="15703" /><E10/><V8/><F37/><W113/><G113/><T111/><D111/><U38/><E38/><V34/><F35/><W3/><G3/><T102/><D31/><U25/><E25/><V93/><F29/><W36/><G36/><T94/><D92/><U53/><E64/><AGARI ba="2,1" hai="49,51,59,61,64,77,80,87,94,99,102" m="8623" machi="64" ten="30,1000,0" yaku="8,1" doraHai="104" who="0" fromWho="1" sc="280,26,100,-16,492,0,118,0" /><INIT seed="4,0,0,1,3,62" ten="306,84,492,118" oya="0" hai0="98,23,8,71,106,55,40,1,111,97,133,89,134" hai1="54,82,122,39,79,84,61,53,121,43,27,14,95" hai2="135,17,58,5,73,31,125,117,105,96,119,26,50" hai3="101,59,107,37,35,118,66,44,18,70,19,7,80"/><T15/><D111/><U74/><E27/><V12/><F73/><W92/><G118/><N who="2" m="45065" /><F135/><N who="0" m="51722" /><D40/><U102/><E14/><V112/><F112/><W76/><G59/><T99/><D71/><U34/><E34/><N who="2" m="20855" /><F125/><W16/><G92/><N who="0" m="56463" /><D106/><U48/><E39/><V110/><F110/><W57/><G37/><T72/><D72/><U10/><E10/><N who="2" m="6295" /><F50/><W42/><G107/><T25/><D1/><U88/><E102/><N who="2" m="62663" /><F58/><W33/><G57/><T109/><D109/><U90/><E90/><V38/><F38/><W28/><G101/><T51/><D51/><U41/><E61/><V77/><F77/><W69/><G69/><T64/><D55/><U100/><E100/><V29/><F29/><W0/><G28/><N who="0" m="17471" /><D98/><U75/><E75/><V22/><F22/><W130/><G33/><T108/><D99/><U11/><E11/><V52/><F52/><W24/><G35/><T124/><D124/><U123/><REACH who="1" step="1"/><E53/><REACH who="1" ten="306,74,492,118" step="2"/><V46/><F5/><W131/><G7/><N who="0" m="3487" /><D108/><U68/><E68/><V30/><F30/><W49/><G0/><T86/><D86/><U87/><E87/><V115/><F115/><W60/><REACH who="3" step="1"/><G24/><REACH who="3" ten="306,74,492,108" step="2"/><T67/><AGARI ba="0,2" hai="64,67" m="3487,17471,56463,51722" machi="67" ten="30,6000,0" yaku="20,1,52,2" doraHai="62" who="0" fromWho="0" sc="306,80,74,-20,492,-20,108,-20" /><INIT seed="4,1,0,4,5,26" ten="386,54,472,88" oya="0" hai0="37,42,113,3,6,99,133,15,72,83,57,1,69" hai1="22,123,60,76,50,80,31,95,84,16,28,49,132" hai2="34,107,112,67,27,38,122,102,11,7,86,58,135" hai3="44,90,2,126,29,17,47,0,101,77,39,109,79"/><T87/><D69/><U14/><E123/><V63/><F122/><W70/><G109/><T62/><D72/><U36/><E36/><V131/><F131/><W127/><G70/><T32/><D113/><U100/><E132/><V78/><F135/><W19/><G101/><T118/><D133/><U25/><E60/><V40/><F107/><W71/><G71/><T12/><D118/><U52/><E50/><V96/><F96/><W116/><G90/><T111/><D111/><U65/><E65/><V53/><F102/><W33/><G33/><T94/><D32/><U75/><E25/><V66/><F40/><W43/><G43/><T41/><D3/><U54/><E54/><V106/><F106/><W110/><G110/><T129/><D1/><U114/><E114/><V56/><F38/><W85/><G39/><T24/><D24/><U48/><E48/><V74/><F74/><W8/><G85/><T59/><D129/><U23/><E23/><V5/><F112/><W89/><G89/><N who="0" m="55759" /><D59/><N who="1" m="33167" /><E75/><V45/><F27/><W121/><G121/><T18/><D37/><U55/><E55/><V119/><F34/><W105/><G105/><T98/><D42/><U82/><E82/><N who="2" m="47447" /><F119/><W4/><G116/><T91/><D41/><U81/><E81/><V73/><F73/><W51/><G0/><T130/><D130/><U117/><E117/><V104/><F104/><W124/><G2/><T88/><D83/><U108/><E108/><V103/><F103/><W125/><G124/><T93/><D62/><U46/><E46/><V61/><F45/><W10/><G125/><T9/><D57/><RYUUKYOKU ba="1,0" sc="386,-10,54,30,472,-10,88,-10" hai1="14,16,22,28,31,76,80,84,95,100" /><INIT seed="5,2,0,5,0,42" ten="376,84,462,78" oya="1" hai0="48,8,29,58,109,47,82,78,50,11,19,60,69" hai1="0,23,54,73,129,81,117,122,38,45,46,102,93" hai2="125,126,25,127,86,65,94,27,135,130,108,43,10" hai3="79,123,35,90,57,99,118,62,101,112,67,14,128"/><U53/><E0/><V17/><F108/><W36/><G123/><T64/><D109/><U84/><E117/><V95/><F130/><W2/><G2/><T132/><D132/><U15/><E122/><V40/><F135/><W52/><G128/><T89/><D29/><U22/><E38/><V4/><F65/><W105/><G118/><T12/><D69/><U77/><E129/><V39/><F17/><W119/><G119/><T103/><D103/><U37/><E37/><V44/><F40/><W51/><G36/><T3/><D89/><U21/><E15/><N who="2" m="5575" /><F86/><W107/><G35/><T6/><REACH who="0" step="1"/><D47/><REACH who="0" ten="366,84,462,78" step="2"/><N who="1" m="17931" /><E73/><AGARI ba="2,1" hai="3,6,8,11,12,19,48,50,58,60,64,73,78,82" machi="73" ten="30,3900,0" yaku="1,1,7,1,53,1" doraHai="42" doraHaiUra="34" who="0" fromWho="1" sc="366,55,84,-45,462,0,78,0" /><INIT seed="6,0,0,0,5,35" ten="421,39,462,78" oya="2" hai0="37,44,81,102,73,124,53,82,5,103,121,123,107" hai1="30,117,41,56,92,50,111,67,131,26,32,61,89" hai2="2,21,106,93,7,20,43,40,115,64,6,72,60" hai3="119,49,80,127,25,28,68,104,70,114,112,109,8"/><V23/><F106/><W101/><G109/><T10/><D124/><U128/><E111/><V17/><F72/><W76/><G127/><T118/><D118/><U110/><E110/><V98/><F17/><W99/><G119/><T38/><D53/><U87/><REACH who="1" step="1"/><E117/><REACH who="1" ten="421,29,462,78" step="2"/><V3/><F115/><W1/><G112/><T47/><D73/><U77/><E77/><V24/><F24/><W86/><G114/><T16/><D107/><U71/><E71/><V45/><F40/><W15/><G68/><T19/><REACH who="0" step="1"/><D10/><REACH who="0" ten="411,29,462,78" step="2"/><U65/><E65/><V116/><F116/><W33/><G8/><T22/><D22/><U90/><E90/><V135/><F23/><W13/><G104/><T18/><D18/><U54/><E54/><V97/><F20/><W48/><G33/><T9/><D9/><U132/><E132/><V96/><F21/><W122/><G28/><T63/><D63/><U36/><E36/><V52/><F60/><W88/><G88/><T34/><D34/><U91/><E91/><V85/><F52/><W83/><G76/><T59/><D59/><U4/><E4/><AGARI ba="0,2" hai="4,5,16,19,37,38,44,47,81,82,102,103,121,123" machi="4" ten="25,12000,2" yaku="1,1,22,2,54,1,53,2" doraHai="35" doraHaiUra="78" who="0" fromWho="1" sc="411,140,29,-120,462,0,78,0" owari="551,65.1,-91,-59.1,462,26.2,78,-32.2" /></mjloggm>