<mjloggm ver="2.3"><GO type="169" lobby="0"/><UN n0="%E5%AF%BF%E4%BA%BA%E6%B5%81%E7%89%8C%E6%89%8B" n1="%E9%95%B7%E5%B2%A1" n2="%6B%75%73%6F%E6%AD%A3%E5%AE%97" n3="%E2%80%A0%E7%99%BD%E5%85%8E%E2%80%A0" dan="16,16,16,18" rate="2101.01,2122.64,2094.45,2204.03" sx="M,M,M,M"/><TAIKYOKU oya="0"/><INIT seed="0,0,0,5,1,109" ten="250,250,250,250" oya="0" hai0="11,84,122,115,124,113,110,89,24,135,76,65,56" hai1="50,99,120,12,125,86,103,101,31,41,117,121,78" hai2="0,111,38,96,98,26,32,57,62,52,43,108,134" hai3="114,81,2,53,59,107,74,54,10,129,19,13,106"/><T130/><D122/><U97/><E31/><N who="2" m="19575" /><F0/><W92/><G129/><T69/><D69/><U23/><E117/><V90/><F90/><W35/><G35/><T51/><D130/><U112/><E125/><V131/><F131/><W70/><G70/><T44/><D124/><U25/><E112/><V72/><F72/><W79/><G114/><T119/><D119/><U133/><E133/><V93/><F93/><W61/><G2/><T91/><D135/><U80/><E120/><V126/><F126/><W4/><G4/><T105/><D105/><U5/><E121/><V20/><F20/><W60/><REACH who="3" step="1"/><G92/><REACH who="3" ten="250,250,250,240" step="2"/><T27/><D110/><N who="2" m="42026" /><F134/><W83/><G83/><T48/><D115/><U9/><E103/><V17/><F17/><W77/><G77/><T55/><D76/><U118/><E101/><V22/><F22/><W49/><G49/><T3/><D113/><U102/><E102/><V58/><F58/><AGARI ba="0,1" hai="10,13,19,53,54,58,59,60,61,74,79,81,106,107" machi="58" ten="40,2600,0" yaku="1,1,9,1,53,0" doraHai="109" doraHaiUra="88" who="3" fromWho="2" sc="250,0,250,0,250,-26,240,36" /><INIT seed="1,0,0,4,0,31" ten="250,250,224,276" oya="1" hai0="74,87,52,106,46,62,18,117,47,63,121,34,30" hai1="10,81,32,15,85,115,89,1,51,95,105,56,39" hai2="132,33,133,60,78,90,58,2,118,98,22,97,124" hai3="128,109,119,111,35,25,64,6,131,45,7,24,84"/><U19/><E115/><V16/><F118/><W127/><G64/><T48/><D74/><U71/><E105/><V38/><F2/><W73/><G73/><T54/><D117/><U80/><E39/><V27/><F38/><W23/><G84/><T103/><D121/><U66/><E1/><V104/><F124/><W49/><G49/><T99/><D46/><U86/><E71/><V72/><F104/><W113/><G45/><T88/><D54/><U79/><E32/><V50/><F50/><W59/><G59/><T135/><D135/><N who="2" m="51786" /><F90/><W75/><G75/><T12/><D30/><U8/><E80/><N who="2" m="45127" /><F33/><W14/><G119/><T28/><D28/><U100/><E100/><V77/><F77/><W3/><G113/><T65/><D65/><AGARI ba="0,0" hai="16,22,27,58,60,65,97,98" m="45127,51786" machi="65" ten="30,2000,0" yaku="20,1,54,1" doraHai="31" who="2" fromWho="0" sc="250,-20,250,0,224,20,276,0" /><INIT seed="2,0,0,2,5,47" ten="230,250,244,276" oya="2" hai0="100,50,126,91,6,54,2,3,131,99,4,19,119" hai1="122,66,128,87,30,44,1,103,88,0,124,84,96" hai2="51,69,110,62,5,114,61,23,33,108,121,105,20" hai3="81,21,135,52,107,113,129,97,48,46,72,18,14"/><V16/><F114/><W53/><G129/><T134/><D131/><U67/><E128/><V86/><F121/><W13/><G135/><T77/><D134/><U83/><E124/><V49/><F33/><W79/><G113/><T55/><D126/><U41/><E122/><V27/><F105/><W26/><REACH who="3" step="1"/><G53/><REACH who="3" ten="230,250,244,266" step="2"/><T58/><D55/><U7/><E30/><N who="2" m="17767" /><F5/><W80/><G80/><T115/><D115/><U78/><E7/><V28/><F28/><W56/><G56/><T63/><D58/><U111/><E1/><V25/><F69/><W133/><G133/><T71/><D71/><U95/><E0/><V34/><F34/><W57/><G57/><T38/><D6/><U22/><E111/><N who="2" m="42539" /><F86/><W9/><G9/><T118/><D4/><U45/><E22/><V98/><F98/><W112/><G112/><T59/><D99/><U117/><E84/><V65/><F65/><W42/><G42/><T68/><D68/><U109/><E109/><V76/><F76/><W73/><G73/><T102/><D77/><U120/><E120/><V82/><F82/><W132/><G132/><T39/><D2/><U35/><E35/><V31/><F31/><W36/><G36/><T24/><D38/><U43/><E78/><V40/><F40/><N who="1" m="15433" /><E117/><V75/><F75/><W94/><G94/><T106/><D39/><U70/><E70/><V90/><F90/><W64/><G64/><AGARI ba="0,1" hai="44,45,64,66,67,83,87,88,95,96,103" m="15433" machi="64" ten="30,2000,0" yaku="8,1,54,1" doraHai="47" who="1" fromWho="3" sc="230,0,250,30,244,0,266,-20" /><INIT seed="3,0,0,4,3,117" ten="230,280,244,246" oya="3" hai0="33,102,66,100,87,47,44,101,60,24,133,86,99" hai1="29,37,94,5,108,14,9,67,62,79,45,134,76" hai2="131,7,90,49,6,77,36,15,113,83,135,69,3" hai3="115,31,51,20,107,74,116,71,97,23,42,38,19"/><W16/><G116/><T17/><D133/><U63/><E134/><V127/><F90/><W121/><G115/><T68/><D86/><U91/><E108/><V53/><F15/><W11/><G71/><T35/><D35/><U129/><E129/><V132/><F69/><W1/><G74/><T80/><D17/><U128/><E128/><V52/><F49/><W50/><G121/><T109/><D109/><U95/><E29/><V96/><F96/><W89/><G31/><T81/><D81/><U55/><E95/><V78/><F83/><W118/><G118/><T28/><REACH who="0" step="1"/><D99/><REACH who="0" ten="220,280,244,246" step="2"/><U4/><E76/><AGARI ba="0,1" hai="24,28,33,44,47,60,66,68,76,80,87,100,101,102" machi="76" ten="40,8000,1" yaku="1,1,2,1,53,2" doraHai="117" doraHaiUra="41" who="0" fromWho="1" sc="220,90,280,-80,244,0,246,0" /><INIT seed="4,0,0,0,0,124" ten="310,200,244,246" oya="0" hai0="103,99,81,41,60,117,30,22,77,90,123,73,89" hai1="121,72,69,115,12,44,96,24,52,70,128,107,64" hai2="122,132,71,93,4,19,74,47,108,10,80,57,113" hai3="33,79,125,14,18,129,17,25,134,91,16,43,11"/><T7/><D123/><U53/><E121/><V78/><F122/><W110/><G125/><T61/><D117/><U127/><E127/><V65/><F71/><W29/><G79/><T101/><D101/><U39/><E72/><V3/><F108/><W8/><G110/><T26/><D41/><N who="1" m="22591" /><E12/><V38/><F132/><W104/><G104/><T87/><D7/><U116/><E116/><V114/><F19/><N who="3" m="7243" /><G91/><T63/><REACH who="0" step="1"/><D73/><REACH who="0" ten="300,200,244,246" step="2"/><U13/><E115/><V118/><F118/><W36/><G43/><T46/><D46/><U68/><E13/><V86/><F47/><W62/><G134/><T58/><D58/><U27/><E69/><V48/><F113/><W111/><G111/><T49/><D49/><U97/><E70/><V45/><F114/><W92/><G36/><T51/><D51/><U130/><E24/><V85/><F38/><W23/><G62/><T54/><D54/><N who="1" m="21099" /><E27/><V15/><F15/><W2/><G11/><T67/><D67/><U133/><E133/><V105/><F65/><W56/><G56/><T120/><D120/><U83/><E64/><V0/><F57/><W1/><G8/><T32/><D32/><U75/><E68/><V5/><F5/><W98/><G1/><T84/><D84/><U106/><E97/><V35/><F0/><W82/><G2/><T119/><D119/><U126/><E126/><V55/><F35/><W135/><G135/><T34/><D34/><U88/><E75/><V21/><F74/><W6/><G6/><T28/><D28/><U37/><E37/><V42/><F3/><W40/><G14/><T100/><D100/><RYUUKYOKU ba="0,1" sc="300,30,200,-10,244,-10,246,-10" hai0="22,26,30,60,61,63,77,81,87,89,90,99,103" /><INIT seed="4,1,1,0,1,124" ten="330,190,234,236" oya="0" hai0="3,80,25,85,95,56,98,46,127,52,78,111,34" hai1="71,120,13,49,130,8,100,20,19,112,47,116,82" hai2="94,76,22,0,115,86,31,110,5,123,27,45,30" hai3="103,44,128,102,23,59,1,6,62,69,81,42,90"/><T131/><D127/><U126/><E126/><V15/><F123/><W33/><G33/><T17/><D3/><U64/><E120/><V41/><F110/><W121/><G69/><T84/><D111/><U99/><E116/><V36/><F115/><W26/><G121/><T89/><D46/><U10/><E112/><V57/><F0/><W91/><G6/><T117/><D117/><U67/><E130/><V88/><F76/><W135/><G1/><T29/><D17/><U60/><E67/><V14/><F5/><W74/><G135/><T21/><D34/><U7/><E82/><V65/><REACH who="2" step="1"/><F30/><REACH who="2" ten="330,190,224,236" step="2"/><W40/><G128/><T70/><D131/><U119/><E7/><V66/><F66/><W87/><G74/><T51/><REACH who="0" step="1"/><D70/><REACH who="0" ten="320,190,224,236" step="2"/><U58/><E71/><V97/><F97/><AGARI ba="1,3" hai="21,25,29,51,52,56,78,80,84,85,89,95,97,98" machi="97" ten="40,12000,1" yaku="1,1,2,1,8,1,54,1,53,0" doraHai="124" doraHaiUra="101" who="0" fromWho="2" sc="320,153,190,0,224,-123,236,0" /><INIT seed="4,2,0,5,1,36" ten="473,190,101,236" oya="0" hai0="12,11,72,42,102,103,38,116,31,107,117,27,62" hai1="35,19,106,34,14,108,132,45,124,128,30,109,127" hai2="39,16,8,7,98,48,75,119,86,74,99,90,4" hai3="69,13,80,97,61,131,46,28,17,96,78,82,29"/><T105/><D72/><U23/><E106/><V91/><F39/><W40/><G131/><T2/><D2/><U104/><E104/><V94/><F119/><W84/><G69/><T33/><D107/><U71/><E71/><V52/><F75/><W76/><G61/><T63/><D63/><U73/><E73/><V55/><F74/><W21/><G80/><T51/><D38/><U41/><E132/><V95/><F86/><W134/><G78/><T1/><D1/><U3/><E128/><V24/><F55/><W120/><G120/><T6/><D62/><U20/><E3/><V121/><F121/><W22/><G134/><T93/><D105/><U26/><E45/><V58/><F8/><W0/><G0/><T65/><D65/><U53/><E53/><V92/><F92/><W88/><G76/><T37/><D37/><U125/><REACH who="1" step="1"/><E41/><REACH who="1" ten="473,180,101,236" step="2"/><V89/><REACH who="2" step="1"/><F91/><REACH who="2" ten="473,180,91,236" step="2"/><W129/><G129/><T44/><D117/><U101/><E101/><V5/><F5/><W54/><G54/><T110/><D116/><U47/><E47/><V15/><F15/><W114/><G46/><T50/><D12/><U77/><E77/><V115/><F115/><W130/><G114/><T113/><D113/><U10/><E10/><V18/><F18/><W126/><G130/><T83/><D11/><U68/><E68/><V32/><F32/><AGARI ba="2,2" hai="14,19,20,23,26,30,32,34,35,108,109,124,125,127" machi="32" ten="50,8000,1" yaku="1,1,18,1,34,3,53,0" doraHai="36" doraHaiUra="118" who="1" fromWho="2" sc="473,0,180,106,91,-86,236,0" /><INIT seed="5,0,0,3,0,84" ten="473,286,5,236" oya="1" hai0="54,34,5,117,61,33,127,50,58,44,23,49,96" hai1="12,6,77,59,8,81,22,95,135,66,43,11,17" hai2="36,128,106,86,38,111,10,115,21,79,7,70,73" hai3="71,124,92,30,97,40,123,122,31,20,19,56,129"/><U89/><E135/><V4/><F111/><W39/><G71/><T29/><D117/><U85/><E43/><V120/><F120/><W27/><G129/><T41/><D127/><U18/><E8/><V3/><F106/><W78/><G124/><T72/><D72/><U99/><E66/><V126/><F126/><W9/><G78/><T24/><D5/><U65/><E65/><V118/><F118/><W45/><G56/><T16/><D96/><U105/><E59/><V37/><F70/><W134/><G134/><T91/><D91/><U46/><E46/><V76/><F128/><W80/><G80/><T75/><D75/><U13/><REACH who="1" step="1"/><E105/><REACH who="1" ten="473,276,5,236" step="2"/><V121/><F121/><W60/><G122/><T93/><D41/><U114/><E114/><V57/><F115/><W119/><G123/><T90/><D44/><U102/><E102/><V48/><F73/><W55/><G119/><T74/><D58/><U130/><E130/><V62/><F37/><W87/><G9/><T1/><D74/><U52/><E52/><V15/><F38/><W0/><G55/><T69/><D54/><U68/><E68/><V108/><F36/><W42/><G42/><T100/><D69/><U125/><E125/><V88/><F3/><W94/><G0/><T63/><D100/><U103/><E103/><V104/><F104/><W47/><G47/><T109/><D1/><U131/><E131/><V82/><F108/><W101/><G60/><T133/><D109/><U32/><E32/><V2/><F2/><W132/><G132/><T116/><D133/><U26/><E26/><V67/><F57/><RYUUKYOKU ba="0,1" sc="473,-15,276,15,5,-15,236,15" hai1="6,11,12,13,17,18,22,77,81,85,89,95,99" hai3="19,20,27,30,31,39,40,45,87,92,94,97,101" owari="468,56.8,291,9.1,-10,-51.0,251,-14.9" /></mjloggm>