<mjloggm ver="2.3"><GO type="169" lobby="0"/><UN n0="%E3%81%93%E3%82%8C%E3%81%8C%E3%81%B5%E3%81%95%E3%81%B5%E3%81%95" n1="%E3%83%81%E3%83%A5%E3%83%BC%E3%83%88%E7%A6%8F%E7%94%B0%E4%BC%BC" n2="%E6%88%91%E5%8F%AF%E4%BB%A5" n3="%70%61%77%61" dan="17,16,16,19" rate="2215.28,2109.76,2098.32,2321.56" sx="M,M,M,M"/><TAIKYOKU oya="0"/><INIT seed="0,0,0,2,3,104" ten="250,250,250,250" oya="0" hai0="63,16,107,127,25,97,2,21,74,9,40,84,81" hai1="10,44,116,89,26,42,100,11,24,103,51,95,134" hai2="43,78,6,28,69,47,114,30,77,113,86,23,31" hai3="72,46,22,109,8,118,7,70,130,27,125,45,88"/><T101/><D127/><U73/><E73/><V15/><F69/><W65/><G118/><T49/><D74/><U135/><E116/><V92/><F113/><W59/><G70/><T102/><D102/><N who="1" m="38955" /><E134/><V38/><F114/><W75/><G109/><T87/><D63/><U64/><E64/><V96/><F86/><W129/><G125/><T93/><D107/><U71/><E71/><V39/><F38/><W5/><G59/><T18/><D2/><U12/><E10/><V122/><F122/><W133/><G65/><T61/><D61/><U83/><E83/><V85/><F85/><W76/><G133/><T1/><D81/><U14/><E14/><V82/><F82/><W80/><G75/><T37/><D37/><U79/><E79/><V33/><F33/><W48/><G88/><T123/><D123/><U54/><E42/><V90/><REACH who="2" step="1"/><F6/><REACH who="2" ten="250,250,240,250" step="2"/><W66/><G7/><T36/><D36/><U94/><E135/><V17/><AGARI ba="0,1" hai="15,17,23,28,30,31,39,43,47,77,78,90,92,96" machi="17" ten="30,7900,0" yaku="1,1,2,1,0,1,53,1" doraHai="104" doraHaiUra="91" who="2" fromWho="2" sc="250,-39,250,-20,240,89,250,-20" /><INIT seed="1,0,0,3,0,19" ten="211,230,329,230" oya="1" hai0="38,35,43,124,115,3,125,52,98,130,81,56,32" hai1="57,91,126,86,41,84,116,99,105,97,4,47,76" hai2="58,14,49,74,82,20,21,113,39,75,94,7,13" hai3="45,122,114,54,44,80,67,6,127,16,31,64,23"/><U27/><E116/><V111/><F39/><W107/><G122/><T104/><D115/><U79/><E4/><V55/><F113/><W135/><G114/><T83/><D130/><U128/><E57/><V118/><F118/><W100/><G127/><N who="0" m="48715" /><D3/><U24/><E128/><V117/><F111/><W121/><G121/><T33/><D43/><U93/><E126/><V73/><F117/><W89/><G135/><T129/><D38/><U10/><E10/><V42/><F42/><W112/><G112/><T53/><D129/><U46/><E105/><V51/><F51/><W18/><G6/><T134/><D134/><U37/><E37/><V123/><F123/><W60/><G100/><N who="0" m="62487" /><D53/><U65/><E65/><N who="3" m="25162" /><G107/><T68/><D68/><U22/><E41/><V78/><F94/><W85/><G60/><AGARI ba="0,0" hai="32,33,35,52,56,60,81,83" m="62487,48715" machi="60" ten="40,2600,0" yaku="18,1,54,1" doraHai="19" who="0" fromWho="3" sc="211,26,230,0,329,0,230,-26" /><INIT seed="2,0,0,2,3,37" ten="237,230,329,204" oya="2" hai0="33,115,75,114,49,14,73,103,31,84,112,60,0" hai1="44,101,46,119,131,118,74,30,55,65,24,34,42" hai2="64,124,6,19,61,76,12,89,102,88,135,59,92" hai3="1,56,80,95,79,11,122,121,47,93,86,29,111"/><V100/><F124/><W70/><G70/><T128/><D128/><U99/><E74/><V94/><F6/><W87/><G111/><T9/><D0/><U110/><E65/><V58/><F76/><W7/><G29/><T15/><D103/><U40/><E55/><V116/><F135/><W132/><G132/><T5/><D60/><U41/><E110/><V123/><F123/><W130/><G130/><T2/><D84/><U126/><E126/><V134/><F116/><W83/><G56/><T4/><D49/><U57/><E57/><V81/><F81/><W133/><G133/><T113/><N who="0" m="28672" /><DORA hai="48" /><T62/><D62/><U17/><E17/><V53/><F134/><W51/><G121/><T125/><D125/><U26/><E26/><V105/><F105/><W106/><G106/><T66/><D66/><U108/><E108/><V72/><F72/><W21/><G21/><T85/><D85/><U90/><E90/><N who="2" m="34923" /><F102/><W71/><G71/><T28/><D2/><U107/><REACH who="1" step="1"/><E131/><REACH who="1" ten="237,220,329,204" step="2"/><V52/><F64/><W8/><G122/><T45/><D75/><U39/><E39/><V77/><F77/><W18/><G79/><T63/><D73/><U13/><E13/><V97/><F53/><W3/><G3/><T25/><D31/><U68/><E68/><V20/><F59/><W32/><G1/><T98/><D28/><U22/><E22/><V38/><F38/><W10/><G7/><T50/><D4/><U96/><E96/><V67/><F67/><W120/><G120/><T69/><D5/><U127/><E127/><V117/><F117/><AGARI ba="0,1" hai="24,30,34,40,41,42,44,46,99,101,107,117,118,119" machi="117" ten="40,12000,2" yaku="1,1,52,3,53,3" doraHai="37,48" doraHaiUra="36,82" who="1" fromWho="2" sc="237,0,220,130,329,-120,204,0" /><INIT seed="3,0,0,5,3,128" ten="237,350,209,204" oya="3" hai0="55,93,100,21,111,96,8,110,13,134,99,67,12" hai1="34,116,10,114,33,43,122,101,87,39,63,124,131" hai2="133,61,69,26,82,135,59,37,130,5,92,24,88" hai3="1,46,20,117,86,52,118,29,44,106,36,3,41"/><W129/><G106/><T119/><D119/><U14/><E122/><V16/><F130/><W70/><G129/><T0/><D0/><U77/><E124/><V28/><F37/><W91/><G70/><T68/><D134/><N who="2" m="51210" /><F69/><W60/><G117/><T22/><D13/><U19/><E101/><V81/><F5/><W2/><G118/><T75/><D75/><U127/><E87/><N who="2" m="52255" /><F16/><W38/><G38/><T132/><D132/><U23/><E19/><V47/><F47/><W89/><G86/><T56/><D68/><U40/><E39/><V120/><F120/><W48/><REACH who="3" step="1"/><G60/><REACH who="3" ten="237,350,209,194" step="2"/><N who="0" m="35871" /><D111/><U121/><E63/><V32/><F26/><AGARI ba="0,1" hai="1,2,3,20,26,29,36,41,44,46,48,52,89,91" machi="26" ten="40,7700,0" yaku="1,1,54,1,53,1" doraHai="128" doraHaiUra="17" who="3" fromWho="2" sc="237,0,350,0,209,-77,194,87" /><INIT seed="3,1,0,0,2,107" ten="237,350,132,281" oya="3" hai0="104,66,121,60,75,98,22,125,67,81,39,130,7" hai1="13,61,23,80,40,74,133,11,120,131,16,5,72" hai2="33,91,103,4,100,15,126,35,78,118,122,84,76" hai3="27,64,132,51,34,123,36,19,79,9,116,97,30"/><W14/><G123/><T6/><D121/><U108/><E120/><V88/><F118/><W65/><G116/><T42/><D125/><U77/><E108/><V115/><F122/><W95/><G36/><T0/><D130/><U25/><E131/><V68/><F68/><W3/><G132/><T83/><D22/><U73/><E133/><V21/><F126/><W8/><G51/><T62/><D42/><U117/><E117/><V41/><F41/><W106/><G106/><T32/><D104/><U37/><E61/><V38/><F38/><W112/><G112/><T28/><D39/><U18/><E18/><V44/><F44/><W87/><G87/><T129/><D98/><U89/><E89/><V58/><F58/><W46/><G79/><T135/><D28/><U128/><E128/><V114/><F84/><W109/><G46/><T52/><D32/><U124/><E124/><V57/><F57/><W94/><G94/><T54/><D0/><N who="1" m="423" /><E25/><V63/><F63/><W86/><G86/><T101/><D129/><U105/><E105/><V59/><F59/><W49/><G49/><T26/><D101/><U53/><E53/><V56/><F56/><W31/><G31/><T82/><D135/><U92/><E92/><V29/><F29/><W71/><G71/><T17/><D26/><U1/><E1/><V85/><F85/><W43/><G109/><T96/><D96/><U119/><E119/><V48/><F48/><W45/><G97/><T127/><D127/><U111/><E111/><V2/><F114/><W55/><G30/><T102/><D60/><U90/><E90/><RYUUKYOKU ba="1,0" sc="237,-10,350,30,132,-10,281,-10" hai1="13,16,23,37,40,72,73,74,77,80" /><INIT seed="4,2,0,1,4,14" ten="227,380,122,271" oya="0" hai0="76,92,56,53,54,109,129,83,94,21,17,57,77" hai1="88,80,79,50,128,67,10,40,19,20,131,134,107" hai2="102,118,1,90,9,62,87,52,82,63,84,60,93" hai3="32,44,34,99,51,25,39,43,112,124,96,35,2"/><T46/><D129/><N who="1" m="49739" /><E107/><V132/><F132/><W69/><G112/><T18/><D109/><U89/><E67/><V13/><F1/><W5/><G69/><T71/><D71/><U36/><E10/><V97/><F118/><W28/><G124/><T121/><D46/><N who="1" m="25927" /><E36/><V91/><F84/><W81/><G51/><T95/><D121/><U122/><E134/><V101/><REACH who="2" step="1"/><F52/><REACH who="2" ten="227,380,112,271" step="2"/><N who="0" m="20074" /><D83/><U78/><E122/><V23/><F23/><W7/><G81/><T98/><D21/><U24/><E79/><N who="0" m="30281" /><D98/><U130/><E130/><V3/><F3/><W15/><G2/><T123/><D123/><U70/><E70/><V22/><F22/><W31/><G99/><T30/><D30/><U8/><E8/><V16/><AGARI ba="2,1" hai="9,13,16,60,62,63,82,87,90,91,93,97,101,102" machi="16" ten="30,8000,1" yaku="1,1,0,1,8,1,52,1,54,1,53,0" doraHai="14" doraHaiUra="47" who="2" fromWho="2" sc="227,-42,380,-22,112,96,271,-22" /><INIT seed="5,0,0,2,3,104" ten="185,358,208,249" oya="1" hai0="90,11,84,91,25,4,15,93,50,79,131,26,83" hai1="115,18,119,78,13,60,54,66,5,47,110,30,129" hai2="85,49,123,132,116,36,23,52,76,44,53,38,67" hai3="114,97,3,92,34,64,6,8,102,99,43,59,113"/><U124/><E119/><V117/><F123/><W118/><G118/><T24/><D131/><U32/><E115/><N who="3" m="44042" /><G34/><T122/><D122/><U98/><E124/><V86/><F132/><W27/><G27/><T39/><D39/><U51/><E129/><V130/><F67/><W17/><G17/><T135/><D135/><U72/><E5/><V120/><F120/><W48/><G99/><T126/><D126/><U29/><E32/><V16/><F130/><W100/><G43/><T65/><D65/><U12/><E12/><V41/><F116/><W10/><G10/><T58/><REACH who="0" step="1"/><D93/><REACH who="0" ten="175,358,208,249" step="2"/><U22/><E66/><V62/><F117/><W106/><G64/><T20/><D20/><U7/><E110/><V19/><F38/><W73/><G92/><T57/><D57/><U82/><E22/><V127/><F127/><W42/><G59/><T121/><D121/><U68/><E68/><V70/><F70/><W9/><G106/><T1/><D1/><U77/><E47/><V55/><F36/><W69/><G3/><T40/><D40/><U61/><E30/><V103/><F23/><W0/><G0/><T111/><D111/><U75/><E29/><V96/><F41/><W45/><G69/><T21/><D21/><U109/><E109/><V31/><F31/><W125/><G125/><T28/><D28/><U101/><E54/><AGARI ba="0,1" hai="4,11,15,24,25,26,50,54,58,79,83,84,90,91" machi="54" ten="40,5200,0" yaku="1,1,8,1,53,1" doraHai="104" doraHaiUra="46" who="0" fromWho="1" sc="175,62,358,-52,208,0,249,0" /><INIT seed="6,0,0,3,0,56" ten="237,306,208,249" oya="2" hai0="108,90,105,123,33,103,88,71,115,3,40,85,14" hai1="34,113,72,82,104,73,32,4,31,92,55,19,128" hai2="60,98,80,64,52,23,131,59,11,49,28,48,13" hai3="5,0,26,125,38,50,69,95,44,57,96,53,112"/><V130/><F80/><W2/><G125/><T46/><D108/><U12/><E92/><V47/><F98/><W133/><G133/><T45/><D3/><U121/><E82/><V62/><F28/><W114/><G69/><T101/><D115/><N who="3" m="44073" /><G5/><T27/><D123/><U17/><E55/><N who="2" m="30111" /><F23/><W87/><G87/><T94/><D71/><U20/><E104/><V134/><F64/><W67/><G26/><T83/><D105/><U51/><E72/><V120/><F120/><W74/><G74/><T127/><D127/><U102/><E73/><V91/><F91/><N who="3" m="55423" /><G67/><T100/><D40/><AGARI ba="0,0" hai="0,2,38,40,44,50,53,57" m="55423,44073" machi="40" ten="30,2000,0" yaku="15,1,11,1" doraHai="56" who="3" fromWho="0" sc="237,-20,306,0,208,0,249,20" /><INIT seed="7,0,0,3,0,26" ten="217,306,208,269" oya="3" hai0="125,90,135,121,60,41,114,21,28,97,127,36,15" hai1="54,132,113,22,53,119,45,12,8,111,96,92,117" hai2="86,70,77,34,56,103,105,79,95,4,62,134,33" hai3="115,48,1,0,44,35,25,40,50,67,24,7,29"/><W73/><G73/><T120/><D135/><U42/><E113/><V133/><F70/><W93/><G115/><T5/><D114/><U38/><E22/><V122/><F105/><W9/><G67/><T126/><D60/><U23/><E23/><V81/><F79/><W47/><G93/><N who="0" m="56503" /><D28/><U3/><E3/><V46/><F122/><W64/><G64/><T130/><D130/><U68/><E68/><V128/><F128/><W80/><G80/><T61/><D61/><U82/><E82/><V65/><F4/><W39/><G25/><T72/><D72/><U89/><E132/><N who="2" m="50795" /><F46/><W16/><G0/><T32/><D32/><N who="2" m="12394" /><F95/><W116/><G116/><N who="1" m="44618" /><E111/><V129/><F129/><W108/><G108/><T87/><D87/><U13/><E13/><V85/><F86/><W31/><G1/><T69/><D69/><U52/><E54/><V99/><F99/><W94/><G44/><N who="0" m="23591" /><D21/><U74/><E74/><V18/><F18/><AGARI ba="0,0" hai="8,12,18,38,42,45,52,53,89,92,96" m="44618" machi="18" ten="30,2000,0" yaku="12,1,54,1" doraHai="26" who="1" fromWho="2" sc="217,0,306,20,208,-20,269,0" owari="217,-18.3,326,42.6,188,-31.2,269,6.9" /></mjloggm>