<mjloggm ver="2.3"><GO type="169" lobby="0"/><UN n0="%E3%83%9C%E3%82%AF%E3%81%A1%E3%82%83%E3%82%93" n1="%6B%61%74%65%72%69%6E%61" n2="%E4%BA%BA%E7%8B%BC" n3="%E6%BC%AB%E6%89%8D%E9%BA%BB%E5%B0%86%E5%91%86%E5%91%86" dan="16,17,16,16" rate="2062.91,2180.77,2053.35,2061.42" sx="M,M,M,F"/><TAIKYOKU oya="0"/><INIT seed="0,0,0,2,3,88" ten="250,250,250,250" oya="0" hai0="123,26,11,76,28,29,37,44,5,124,122,111,83" hai1="19,45,102,127,43,30,77,112,61,18,34,133,134" hai2="56,84,4,135,130,39,82,53,110,49,100,95,69" hai3="59,47,25,115,101,14,75,96,91,64,20,94,126"/><T48/><D124/><U85/><E127/><V57/><F110/><W86/><G126/><T1/><D111/><U32/><E102/><V12/><F130/><W119/><G115/><T50/><D50/><U24/><E34/><V113/><F113/><W70/><G75/><T38/><D38/><U131/><E131/><V116/><F135/><N who="1" m="51721" /><E61/><V55/><F69/><W72/><G70/><T79/><D79/><U99/><E99/><N who="2" m="59519" /><F39/><W3/><G72/><T68/><D68/><U62/><E62/><V51/><F116/><W121/><G3/><T31/><D26/><U40/><E112/><V129/><F129/><W10/><G121/><T97/><D97/><U21/><E32/><V66/><F66/><W58/><G64/><T36/><D36/><N who="1" m="21639" /><E43/><V128/><F128/><W93/><G47/><T33/><D33/><U54/><E54/><V92/><F4/><N who="3" m="3399" /><G119/><T107/><D107/><U87/><E77/><N who="2" m="46159" /><F12/><W125/><G125/><T17/><D37/><U9/><E30/><AGARI ba="0,0" hai="20,25,30,58,59,86,91,93,94,96,101" m="3399" machi="30" ten="30,3900,0" yaku="8,1,52,2" doraHai="88" who="3" fromWho="1" sc="250,0,250,-39,250,0,250,39" /><INIT seed="1,0,0,5,5,99" ten="250,211,250,289" oya="1" hai0="36,28,96,124,5,98,88,85,47,6,13,90,2" hai1="126,53,49,70,42,7,127,38,91,79,128,111,93" hai2="52,87,83,37,89,102,10,95,56,103,59,78,75" hai3="112,1,107,33,67,125,19,132,101,115,26,76,92"/><U84/><E70/><V27/><F37/><W20/><G1/><T45/><D2/><U4/><E128/><V121/><F121/><W114/><G107/><T40/><D124/><N who="1" m="47659" /><E79/><V41/><F41/><W24/><G125/><T51/><D28/><U34/><E34/><V116/><F116/><W118/><G118/><T30/><D30/><U50/><E111/><V133/><F133/><W94/><G132/><T120/><D120/><U65/><E65/><V17/><F59/><W57/><G76/><T3/><D3/><U71/><E71/><V22/><F10/><W109/><G109/><T14/><D36/><U80/><E80/><V134/><F134/><W119/><G119/><T11/><D47/><N who="1" m="25847" /><E38/><V23/><F23/><W97/><G92/><T21/><D90/><U55/><E55/><V15/><F15/><W135/><G135/><T35/><D35/><U18/><E18/><V16/><F17/><W8/><G8/><N who="0" m="4239" /><D21/><U58/><AGARI ba="0,0" hai="4,7,50,53,58,84,91,93" m="25847,47659" machi="58" ten="30,1500,0" yaku="18,1" doraHai="99" who="1" fromWho="1" sc="250,-5,211,15,250,-5,289,-5" /><INIT seed="1,1,0,2,0,133" ten="245,226,245,284" oya="1" hai0="97,134,84,17,42,68,79,3,32,93,47,112,108" hai1="25,91,73,127,105,96,23,107,122,103,43,83,125" hai2="74,56,16,45,119,36,33,63,132,44,54,65,29" hai3="131,46,118,120,111,13,121,62,95,30,53,99,61"/><U92/><E43/><V10/><F74/><W72/><G72/><T70/><D32/><U109/><E122/><V80/><F119/><W69/><G118/><T86/><D3/><U41/><E41/><V75/><F132/><W1/><G1/><T130/><D112/><U129/><E129/><V8/><F33/><W48/><G131/><T87/><D79/><N who="1" m="44527" /><E109/><V67/><F29/><W106/><G106/><T76/><D76/><U64/><E64/><V116/><F116/><W71/><G111/><T89/><D108/><U27/><E107/><V100/><F100/><W85/><G69/><T34/><D34/><U55/><E55/><V18/><F75/><W20/><G71/><T113/><D113/><U35/><E35/><V50/><F80/><W0/><G53/><T123/><D123/><U28/><E27/><V11/><F36/><W39/><G39/><T126/><D130/><U104/><E105/><V19/><REACH who="2" step="1"/><F65/><REACH who="2" ten="245,226,235,284" step="2"/><W82/><G120/><T9/><D134/><U60/><E60/><V77/><F77/><W78/><G78/><T5/><D89/><U22/><E22/><V7/><F7/><W66/><G61/><T51/><D5/><U24/><E24/><V2/><F2/><W135/><G0/><T26/><D26/><U37/><E37/><V90/><F90/><N who="3" m="51511" /><G62/><T124/><D9/><U114/><E114/><V88/><F88/><N who="3" m="55783" /><G66/><T6/><D6/><U58/><E104/><V115/><F115/><W52/><G121/><T98/><D93/><U57/><E103/><V81/><F81/><W4/><G135/><T101/><D101/><U117/><E117/><RYUUKYOKU ba="1,1" sc="245,-15,226,15,235,15,284,-15" hai1="23,25,28,57,58,91,92,96,125,127" hai2="8,10,11,16,18,19,44,45,50,54,56,63,67" /><INIT seed="1,2,1,0,0,132" ten="230,241,250,269" oya="1" hai0="27,84,14,65,48,90,55,107,4,125,77,76,112" hai1="2,57,32,135,100,38,33,9,123,105,42,10,93" hai2="1,49,96,92,30,78,115,46,22,56,53,75,41" hai3="18,21,131,8,40,20,102,83,129,37,34,94,85"/><U82/><E123/><V69/><F1/><W39/><G34/><T68/><D107/><U101/><E105/><V134/><F134/><W119/><G119/><T62/><D112/><U111/><E135/><V50/><F115/><W128/><G8/><T67/><D67/><U114/><E114/><V133/><F133/><W44/><G39/><T130/><D130/><U25/><E82/><V61/><F75/><W45/><G44/><T70/><D70/><U124/><E111/><V88/><F78/><W74/><G74/><T116/><D116/><U28/><E33/><V103/><F69/><W120/><G120/><T51/><D51/><U12/><E2/><V113/><F113/><W79/><G18/><T98/><D98/><AGARI ba="2,1" hai="20,21,37,40,45,79,83,85,94,98,102,128,129,131" machi="98" ten="40,1300,0" yaku="19,1" doraHai="132" who="3" fromWho="0" sc="230,-19,241,0,250,0,269,29" /><INIT seed="2,0,0,0,5,105" ten="211,241,250,298" oya="2" hai0="76,107,68,108,25,37,35,70,12,26,99,11,83" hai1="125,104,121,1,124,87,27,119,58,93,94,74,21" hai2="89,16,43,56,123,115,106,24,122,19,9,62,18" hai3="63,127,129,23,126,45,48,39,2,60,118,72,96"/><V86/><F106/><W98/><G118/><T131/><D37/><U65/><E119/><V84/><F115/><W17/><G2/><T61/><D131/><U130/><E130/><V47/><F9/><W92/><G39/><T50/><D108/><U73/><E104/><V82/><F86/><W80/><G129/><T57/><D50/><U34/><E34/><V101/><F101/><W77/><G63/><T22/><D35/><U111/><E1/><V95/><F95/><N who="1" m="36361" /><E87/><V132/><F132/><W46/><G60/><T85/><D99/><N who="3" m="37929" /><G48/><T20/><D20/><U113/><E113/><V103/><F103/><W10/><G10/><T114/><D107/><U79/><E79/><V51/><REACH who="2" step="1"/><F24/><REACH who="2" ten="211,241,240,298" step="2"/><W28/><G92/><T6/><D26/><U0/><E121/><V78/><F78/><W53/><G77/><T42/><D114/><U116/><E116/><V71/><F71/><W69/><G69/><T90/><D76/><U44/><E0/><V4/><F4/><W7/><G7/><T49/><D70/><U102/><E102/><V97/><F97/><W41/><G80/><T67/><D68/><U33/><E27/><V135/><F135/><W3/><G3/><T5/><D5/><U40/><E33/><V29/><F29/><W112/><G28/><T75/><D25/><U91/><E21/><V128/><F128/><W117/><G23/><T133/><D133/><U66/><E91/><V88/><F88/><W38/><G117/><T15/><D22/><U31/><E31/><V36/><F36/><W100/><G38/><T110/><D90/><U109/><E109/><RYUUKYOKU ba="0,1" sc="211,-10,241,-10,240,30,298,-10" hai2="16,18,19,43,47,51,56,62,82,84,89,122,123" /><INIT seed="2,1,1,1,2,129" ten="201,231,270,288" oya="2" hai0="74,0,14,6,127,43,121,52,5,25,108,35,2" hai1="110,96,78,9,73,23,115,112,87,40,38,57,117" hai2="124,80,29,91,86,71,7,63,60,31,93,92,34" hai3="50,11,64,3,122,68,61,39,56,70,4,62,45"/><V109/><F124/><W131/><G131/><T33/><D74/><U97/><E117/><V76/><F34/><N who="0" m="12810" /><D43/><U53/><E73/><V28/><F71/><W51/><G122/><T128/><D52/><U66/><E110/><V59/><F109/><W134/><G39/><T89/><D89/><U90/><E78/><V88/><F7/><N who="0" m="2570" /><D108/><U27/><E9/><V13/><F13/><W105/><G105/><T44/><D44/><U65/><E40/><V32/><F32/><W82/><G82/><T83/><D83/><U72/><E72/><V22/><F22/><W85/><G85/><T67/><D67/><N who="1" m="25611" /><E38/><V12/><F12/><W126/><G70/><T26/><D127/><U20/><E20/><V81/><F76/><W120/><G126/><T46/><D46/><U107/><E107/><V48/><F48/><W79/><G51/><T77/><D77/><U95/><E115/><V30/><N who="2" m="7168" /><DORA hai="103" /><V119/><F119/><W118/><G79/><T24/><D121/><U41/><E41/><V84/><REACH who="2" step="1"/><F63/><REACH who="2" ten="201,231,260,288" step="2"/><W102/><G61/><T75/><D128/><U130/><E130/><V104/><F104/><W47/><G62/><T17/><D75/><U123/><E123/><V98/><F98/><W19/><G120/><T106/><D106/><U42/><E112/><V36/><F36/><W113/><G68/><T101/><D101/><U135/><E97/><V21/><F21/><AGARI ba="1,2" hai="0,2,14,17,21,24,25,26" m="2570,12810" machi="21" ten="30,8000,1" yaku="35,5" doraHai="129,103" who="0" fromWho="2" sc="201,103,231,0,260,-83,288,0" /><INIT seed="3,0,0,0,3,77" ten="304,231,177,288" oya="3" hai0="87,28,68,23,78,9,127,32,56,102,123,80,72" hai1="61,90,19,100,120,29,129,94,135,25,74,118,85" hai2="64,71,70,49,107,106,26,31,133,124,4,117,37" hai3="13,63,5,98,39,128,1,76,42,97,46,11,73"/><W59/><G128/><T0/><D68/><U3/><E120/><V48/><F117/><W69/><G69/><T57/><D32/><U10/><E118/><V52/><F37/><W21/><G21/><T17/><D123/><U84/><E135/><V108/><F108/><W126/><G13/><T50/><D127/><U53/><E129/><V44/><F133/><W20/><G20/><T43/><D102/><U132/><E132/><V33/><F124/><W7/><G5/><T12/><D72/><U121/><E74/><V134/><F134/><W24/><G24/><N who="0" m="16415" /><D0/><U122/><E100/><V35/><F35/><W34/><G34/><T6/><D17/><U91/><E53/><V82/><F4/><W104/><G104/><T83/><D83/><U96/><E61/><V86/><F70/><W27/><G27/><T125/><D125/><U88/><E29/><V79/><REACH who="2" step="1"/><F48/><REACH who="2" ten="304,231,167,288" step="2"/><W89/><G126/><T116/><D116/><U65/><E122/><V62/><AGARI ba="0,1" hai="26,31,33,44,49,52,62,64,71,79,82,86,106,107" machi="62" ten="30,8000,1" yaku="1,1,2,1,0,1,52,1,54,1,53,0" doraHai="77" doraHaiUra="38" who="2" fromWho="2" sc="304,-20,231,-20,167,90,288,-40" /><INIT seed="4,0,0,1,1,18" ten="284,211,257,248" oya="0" hai0="54,51,106,47,88,40,7,120,56,99,39,13,89" hai1="31,132,20,3,108,15,91,124,19,110,21,22,16" hai2="85,12,97,4,73,33,90,130,71,63,107,103,118" hai3="61,35,57,129,93,121,75,112,135,48,30,9,125"/><T133/><D120/><U102/><E102/><V38/><F38/><W10/><G121/><T111/><D133/><U104/><E104/><V134/><F134/><W37/><G37/><T83/><D111/><U62/><E132/><V0/><F130/><W72/><G135/><T74/><D106/><U11/><E3/><V58/><F118/><W6/><G129/><T55/><D99/><U69/><E124/><V119/><F119/><W126/><G112/><T23/><D54/><U86/><E31/><V79/><F33/><W46/><G93/><T67/><D67/><U65/><REACH who="1" step="1"/><E19/><REACH who="1" ten="284,201,257,248" step="2"/><V36/><F0/><W2/><G30/><T29/><D29/><U49/><E49/><V26/><F103/><W76/><G48/><T66/><D7/><U59/><E59/><V70/><F4/><W14/><G57/><T42/><D39/><U101/><E101/><V105/><F58/><W28/><G28/><T27/><D56/><U127/><E127/><V45/><F36/><W32/><G6/><T128/><D128/><U52/><E52/><V114/><F105/><W113/><G2/><T50/><D50/><U116/><E116/><V53/><F53/><W131/><G131/><T24/><D66/><U17/><E17/><V34/><F107/><W94/><G126/><T81/><D55/><U115/><E115/><V43/><F114/><W60/><G113/><T68/><D51/><U78/><E78/><V5/><F79/><W64/><G76/><T109/><D42/><U96/><E96/><V122/><F43/><W77/><G64/><T117/><D117/><U100/><E100/><RYUUKYOKU ba="0,1" sc="284,-10,201,30,257,-10,248,-10" hai1="11,15,16,20,21,22,62,65,69,86,91,108,110" /><INIT seed="5,1,1,5,2,5" ten="274,231,247,238" oya="1" hai0="63,37,51,67,106,133,134,2,53,129,101,47,113" hai1="87,39,33,75,52,86,124,40,28,71,83,42,7" hai2="56,3,135,120,80,66,29,82,22,97,100,26,73" hai3="6,117,132,130,81,54,118,104,44,10,43,128,91"/><U110/><E71/><V85/><F120/><W95/><G104/><T60/><D2/><U46/><E124/><V121/><F121/><W62/><G81/><T84/><D129/><N who="3" m="49769" /><G132/><N who="0" m="50795" /><D113/><U88/><E110/><V19/><F135/><W68/><G68/><N who="0" m="42087" /><D84/><U115/><E115/><V74/><F3/><N who="3" m="351" /><G54/><T25/><D25/><U76/><E42/><V20/><F82/><W114/><G62/><T4/><D4/><U107/><E107/><V41/><F41/><W45/><G114/><T23/><D23/><U38/><E38/><V119/><F119/><N who="3" m="45579" /><G43/><T72/><D63/><U49/><E40/><V9/><F73/><W79/><G79/><T59/><D72/><U36/><E75/><V105/><F66/><W32/><G32/><T50/><D106/><U89/><E76/><V90/><F56/><W17/><G17/><T55/><D101/><U109/><E109/><V112/><F112/><W99/><AGARI ba="1,1" hai="44,45,91,95,99" m="45579,351,49769" machi="99" ten="30,4000,0" yaku="19,1,12,1,52,1" doraHai="5" who="3" fromWho="3" sc="274,-11,231,-21,247,-11,238,53" /><INIT seed="6,0,0,0,1,90" ten="263,210,236,291" oya="2" hai0="135,86,17,13,117,0,84,15,18,16,87,27,69" hai1="21,98,1,51,76,96,34,64,42,124,94,72,85" hai2="24,82,112,101,78,70,62,92,105,12,83,132,30" hai3="49,93,95,67,97,11,5,122,9,75,80,61,118"/><V111/><F112/><W104/><G118/><T19/><D0/><U113/><E34/><V41/><F132/><W100/><G122/><T99/><D135/><U58/><E1/><V134/><F134/><W89/><G49/><T31/><D69/><U125/><E113/><V102/><F111/><W116/><G116/><T32/><N who="0" m="4096" /><DORA hai="38" /><T53/><D117/><U22/><E96/><V10/><F12/><W56/><G11/><T39/><D39/><U133/><E85/><V110/><F10/><W44/><G44/><T77/><D77/><U29/><E29/><V107/><F102/><W73/><G80/><T36/><D36/><U106/><E106/><V88/><F101/><W48/><G48/><T123/><D123/><U121/><E76/><V71/><F83/><W40/><G40/><T7/><D7/><U81/><E81/><V8/><F8/><W43/><G43/><T60/><REACH who="0" step="1"/><D99/><REACH who="0" ten="253,210,236,291" step="2"/><U2/><E2/><V46/><F110/><W63/><G104/><T25/><D25/><U68/><E68/><V119/><F105/><W35/><G5/><T59/><AGARI ba="0,1" hai="13,15,27,31,32,53,59,60,84,86,87" m="4096" machi="59" ten="50,6400,0" yaku="1,1,0,1,54,1,53,0" doraHai="90,38" doraHaiUra="130,129" who="0" fromWho="0" sc="253,74,210,-16,236,-32,291,-16" /><INIT seed="7,0,0,3,3,28" ten="327,194,204,275" oya="3" hai0="80,85,57,4,82,72,103,84,125,76,126,86,3" hai1="89,68,60,19,35,34,36,104,118,12,93,16,5" hai2="116,42,47,128,9,56,38,22,6,120,1,74,131" hai3="39,53,2,73,25,70,105,100,129,23,117,50,10"/><W75/><G117/><T33/><D33/><U115/><E104/><V7/><F116/><W110/><G39/><T40/><D103/><U26/><E118/><V94/><F120/><W121/><G121/><T48/><D3/><U123/><E123/><V83/><F56/><W132/><G70/><T88/><D4/><U17/><E36/><V95/><F7/><W107/><G110/><T102/><D102/><U43/><E43/><V11/><F11/><W54/><G100/><T130/><D130/><N who="2" m="49706" /><F22/><W27/><G129/><T111/><D111/><U24/><E115/><V18/><F18/><W135/><G23/><T21/><D21/><U55/><E68/><V124/><F124/><N who="0" m="47722" /><D57/><N who="1" m="34879" /><E35/><V113/><F113/><W66/><G10/><T61/><D61/><U98/><E34/><V65/><F65/><W58/><G58/><T91/><D91/><U41/><E41/><V37/><F38/><W45/><G66/><T90/><D90/><U87/><E98/><V119/><F119/><W92/><G2/><T13/><D13/><U32/><E32/><V99/><F99/><W71/><G71/><T15/><D15/><U8/><AGARI ba="0,0" hai="5,8,12,16,17,19,24,26,87,89,93" m="34879" machi="8" ten="30,2000,0" yaku="8,1,54,1" doraHai="28" who="1" fromWho="1" sc="327,-5,194,20,204,-5,275,-10" owari="322,42.2,214,-18.6,199,-30.1,265,6.5" /></mjloggm>