<mjloggm ver="2.3"><GO type="169" lobby="0"/><UN n0="%E3%81%B3%E3%82%8A%E3%81%B3%E3%82%8A%E2%98%86%E3%83%93%E3%83%AA%E3%83%BC" n1="%44%75%64%65" n2="%E6%96%90%E6%B5%85" n3="%E3%81%95%E3%82%84%E3%81%95%E3%82%84" dan="16,16,16,16" rate="2144.29,2084.20,2074.60,2128.74" sx="M,M,F,M"/><TAIKYOKU oya="0"/><INIT seed="0,0,0,3,3,115" ten="250,250,250,250" oya="0" hai0="36,65,113,103,54,60,51,61,73,19,10,1,107" hai1="72,129,121,9,133,96,126,23,82,43,93,102,25" hai2="118,78,100,4,84,76,40,41,134,101,77,130,89" hai3="27,6,80,22,34,33,62,75,70,88,17,119,56"/><T35/><D113/><U30/><E121/><V69/><F69/><W52/><G119/><T117/><D73/><U8/><E133/><V58/><F134/><W127/><G6/><T49/><D36/><U125/><E129/><V66/><F130/><W95/><G70/><T46/><D35/><U86/><E72/><V114/><F114/><W48/><G127/><N who="1" m="48650" /><E43/><N who="2" m="16459" /><F4/><W91/><G48/><T13/><D1/><U11/><E8/><V131/><F131/><W106/><G106/><T14/><D51/><U90/><AGARI ba="0,0" hai="9,11,23,25,30,82,86,90,93,96,102" m="48650" machi="90" ten="30,1100,0" yaku="18,1" doraHai="115" who="1" fromWho="1" sc="250,-5,250,11,250,-3,250,-3" /><INIT seed="1,0,0,2,5,15" ten="245,261,247,247" oya="1" hai0="31,0,28,117,126,103,79,4,29,125,113,135,63" hai1="112,53,80,86,78,41,111,7,57,75,131,84,13" hai2="72,62,22,42,61,73,5,119,95,37,8,91,107" hai3="26,43,106,104,68,45,2,18,40,34,24,64,124"/><U33/><E112/><V39/><F119/><W49/><G124/><N who="0" m="47723" /><D103/><U35/><E131/><V56/><F107/><W65/><G2/><T23/><D63/><U83/><E41/><V58/><F42/><W55/><G68/><T67/><D79/><U96/><E111/><V30/><F72/><W114/><G114/><T10/><D67/><U50/><E96/><V127/><F73/><W130/><G130/><T120/><D113/><U123/><E123/><V60/><F39/><W118/><G118/><T19/><D117/><U17/><E7/><V87/><F37/><W129/><G129/><T82/><D82/><U46/><E57/><V99/><F127/><W14/><G34/><T69/><D69/><U70/><E70/><V102/><F30/><W115/><G115/><T110/><D110/><U48/><E48/><V47/><F47/><W89/><G106/><T85/><D85/><U134/><E134/><V51/><F51/><W128/><G104/><T36/><D36/><U100/><E100/><V94/><REACH who="2" step="1"/><F22/><REACH who="2" ten="245,261,237,247" step="2"/><N who="3" m="11607" /><G40/><T81/><D120/><U25/><E75/><V44/><F44/><W133/><G43/><T92/><D31/><U97/><E46/><V66/><F66/><N who="3" m="25707" /><G128/><T32/><D32/><U12/><E33/><V11/><F11/><W132/><G133/><T16/><D135/><U52/><E35/><V21/><F21/><W88/><G132/><T121/><D121/><U105/><E50/><V93/><F93/><W74/><G74/><T109/><D23/><N who="1" m="13551" /><E105/><V27/><F27/><AGARI ba="0,1" hai="24,26,27,45,49,55,88,89" m="25707,11607" machi="27" ten="30,3900,0" yaku="8,1,52,1,54,1" doraHai="15" who="3" fromWho="2" sc="245,0,261,0,237,-39,247,49" /><INIT seed="2,0,0,2,0,26" ten="245,261,198,296" oya="2" hai0="85,125,62,97,115,10,110,107,4,28,75,82,89" hai1="76,22,44,122,35,84,79,117,103,36,83,45,69" hai2="111,66,74,46,119,93,96,49,27,1,98,100,64" hai3="71,105,12,11,37,6,53,121,131,2,15,77,65"/><V70/><F119/><W128/><G105/><T3/><D115/><U21/><E69/><V14/><F1/><W123/><G37/><T80/><D110/><U112/><E35/><V50/><F74/><W32/><G77/><T91/><D125/><U24/><E112/><V95/><F111/><W34/><G53/><T39/><D39/><U18/><E117/><V94/><F70/><W17/><G65/><T0/><D62/><U47/><E122/><N who="3" m="46602" /><G71/><T124/><D124/><U25/><E103/><V33/><F14/><N who="3" m="5163" /><G17/><T61/><D61/><U23/><E36/><V52/><F50/><W31/><G34/><T54/><D54/><U90/><REACH who="1" step="1"/><E22/><REACH who="1" ten="245,251,198,296" step="2"/><V134/><F134/><W60/><G32/><T58/><D107/><U102/><E102/><V133/><F133/><W5/><G128/><T73/><D73/><U29/><AGARI ba="0,1" hai="18,21,23,24,25,29,44,45,47,76,79,83,84,90" machi="29" ten="30,7900,0" yaku="1,1,0,1,8,1,52,1,53,0" doraHai="26" doraHaiUra="118" who="1" fromWho="1" sc="245,-20,251,89,198,-39,296,-20" /><INIT seed="3,0,0,0,4,110" ten="225,340,159,276" oya="3" hai0="49,115,74,106,62,86,65,97,87,113,82,81,109" hai1="92,130,120,32,27,20,90,94,51,104,80,117,95" hai2="55,93,116,30,67,2,96,53,133,78,122,26,11" hai3="70,12,108,52,42,36,54,43,129,16,50,127,121"/><W112/><G121/><T8/><D109/><U105/><E32/><V132/><F116/><W111/><G127/><T99/><D8/><U7/><E120/><V89/><F122/><W131/><G70/><T72/><D49/><U124/><E117/><V59/><F78/><W37/><G12/><T126/><D62/><U103/><E124/><V22/><F67/><W123/><G16/><T57/><D57/><U24/><E130/><N who="3" m="49674" /><G123/><T48/><D48/><U135/><E135/><N who="2" m="51787" /><F59/><N who="3" m="33175" /><G54/><T6/><D6/><AGARI ba="0,0" hai="2,6,11,22,26,30,53,55,89,93,96" m="51787" machi="6" ten="30,1000,0" yaku="20,1" doraHai="110" who="2" fromWho="0" sc="225,-10,340,0,159,10,276,0" /><INIT seed="4,0,0,0,4,119" ten="215,340,169,276" oya="0" hai0="73,46,42,32,126,22,123,101,34,38,92,99,40" hai1="68,0,65,74,69,86,88,24,109,36,6,14,117" hai2="77,8,1,39,83,85,35,59,124,55,29,97,115" hai3="82,96,37,128,71,12,129,84,56,64,130,70,75"/><T45/><D126/><U93/><E109/><V87/><F39/><W79/><G37/><T54/><D73/><U20/><E117/><V48/><F124/><W122/><G122/><T27/><D54/><U30/><E74/><V103/><F115/><W106/><G12/><T72/><D72/><U134/><E134/><V107/><F29/><W31/><G31/><T125/><D125/><U102/><E0/><V89/><F35/><W104/><G84/><T90/><D123/><U81/><E36/><V50/><F8/><W18/><G18/><T43/><D101/><U76/><E65/><V33/><F33/><W62/><REACH who="3" step="1"/><G96/><REACH who="3" ten="215,340,169,266" step="2"/><T41/><REACH who="0" step="1"/><D46/><REACH who="0" ten="205,340,169,266" step="2"/><U19/><E102/><V121/><F121/><W51/><G51/><T94/><D94/><U3/><E93/><V15/><F50/><W133/><G133/><T13/><D13/><U26/><E14/><V4/><F15/><W135/><G135/><T118/><D118/><U63/><E3/><V47/><F1/><W105/><AGARI ba="0,2" hai="56,62,64,70,71,75,79,82,104,105,106,128,129,130" machi="105" ten="40,5200,0" yaku="1,1,0,1,19,1,53,0" doraHai="119" doraHaiUra="113" who="3" fromWho="3" sc="205,-26,340,-13,169,-13,266,72" /><INIT seed="5,0,0,1,1,128" ten="179,327,156,338" oya="1" hai0="31,28,115,72,120,15,10,122,52,3,99,125,68" hai1="65,84,83,77,2,70,119,50,30,37,127,64,42" hai2="51,22,40,130,54,6,85,118,4,14,123,17,105" hai3="93,71,63,34,0,102,79,131,56,108,33,23,16"/><U26/><E119/><V116/><F123/><N who="0" m="47146" /><D72/><U80/><E127/><V106/><F130/><W7/><G108/><T100/><D68/><U19/><E37/><V96/><F40/><W5/><G71/><T44/><D3/><U86/><E2/><V75/><F75/><W78/><G131/><T107/><D115/><U38/><E38/><V87/><F116/><W98/><G34/><T81/><D81/><U104/><E104/><V114/><F118/><W11/><G33/><T21/><D21/><N who="1" m="13631" /><E30/><V29/><F29/><W97/><G7/><N who="0" m="3551" /><D125/><U12/><E12/><V67/><F67/><W62/><G97/><T47/><D47/><N who="1" m="25975" /><E70/><V90/><F114/><W8/><G8/><T89/><D89/><AGARI ba="0,0" hai="64,65,77,80,83,84,86,89" m="25975,13631" machi="89" ten="30,1500,0" yaku="8,1" doraHai="128" who="1" fromWho="0" sc="179,-15,327,15,156,0,338,0" /><INIT seed="5,1,0,0,0,28" ten="164,342,156,338" oya="1" hai0="74,17,105,135,33,99,20,0,132,39,23,31,129" hai1="134,119,25,65,66,53,29,72,103,116,75,113,123" hai2="69,121,24,106,70,108,104,21,8,32,68,79,9" hai3="26,40,5,112,115,63,19,122,27,126,73,48,49"/><U22/><E123/><V81/><F108/><W109/><G73/><T82/><D39/><U14/><E113/><N who="3" m="43594" /><G122/><T120/><D120/><U96/><E134/><N who="0" m="51241" /><D0/><U84/><E84/><V37/><F37/><W78/><G109/><T47/><D47/><U71/><E53/><V91/><F121/><W15/><G126/><T102/><D129/><U57/><E71/><V125/><F91/><W107/><G107/><T111/><D111/><U61/><E66/><V77/><F125/><W64/><G78/><N who="0" m="44375" /><D17/><U2/><E2/><V110/><F110/><W97/><G97/><T93/><D105/><U101/><E101/><V35/><F106/><W43/><G5/><T18/><D18/><U13/><E72/><V44/><F104/><W41/><G15/><N who="1" m="5642" /><E75/><V46/><F77/><W38/><G38/><T11/><D11/><U62/><E62/><V80/><F79/><W87/><G27/><AGARI ba="1,0" hai="20,23,27,31,33,93,99,102" m="44375,51241" machi="27" ten="30,2000,0" yaku="20,1,52,1" doraHai="28" who="0" fromWho="3" sc="164,23,342,0,156,0,338,-23" /><INIT seed="6,0,0,4,2,85" ten="187,342,156,315" oya="2" hai0="79,15,45,63,60,5,41,14,95,112,132,70,109" hai1="106,133,125,50,115,91,107,90,92,71,17,74,117" hai2="3,86,35,7,0,64,27,80,93,83,40,94,131" hai3="28,24,73,39,34,113,114,46,38,69,72,23,2"/><V129/><F64/><W122/><G23/><T56/><D109/><U123/><E117/><V75/><F75/><N who="3" m="28747" /><G122/><T116/><D116/><U11/><E71/><V21/><F35/><W110/><G110/><T59/><D112/><N who="3" m="43113" /><G2/><N who="2" m="553" /><F7/><W16/><G69/><T62/><D70/><U78/><E115/><V55/><F40/><N who="3" m="22807" /><G16/><T61/><D79/><U105/><E78/><N who="2" m="46359" /><F83/><W118/><G39/><T82/><D82/><U51/><E74/><V37/><F37/><W48/><G48/><T29/><D5/><U119/><E119/><AGARI ba="0,0" hai="24,28,34,118,119" m="22807,43113,28747" machi="119" ten="30,3900,0" yaku="15,1,11,1,23,1" doraHai="85" who="3" fromWho="1" sc="187,0,342,-39,156,0,315,39" /><INIT seed="7,0,0,0,5,126" ten="187,303,156,354" oya="3" hai0="43,132,27,81,82,131,46,19,4,6,59,86,23" hai1="114,101,103,127,33,93,85,79,94,29,100,62,75" hai2="18,13,123,87,128,12,89,88,130,58,76,15,63" hai3="104,56,95,47,80,42,1,83,37,69,10,17,35"/><W116/><G104/><T57/><D131/><N who="2" m="50218" /><F123/><W92/><G69/><T0/><D132/><U71/><E75/><V66/><F18/><W55/><G35/><T54/><D0/><U73/><E33/><V78/><F89/><W102/><G116/><T26/><D26/><U120/><E73/><V106/><F106/><W115/><G115/><T45/><D82/><AGARI ba="0,0" hai="12,13,15,58,63,66,76,78,82,87,88" m="50218" machi="82" ten="30,8000,1" yaku="19,1,52,3,54,1" doraHai="126" who="2" fromWho="0" sc="187,-80,303,0,156,80,354,0" owari="107,-39.3,303,10.3,236,-16.4,354,45.4" /></mjloggm>