<mjloggm ver="2.3"><GO type="169" lobby="0"/><UN n0="%E5%A4%A9%E5%AE%89%E9%96%80%E5%BF%98%E5%8D%B4" n1="%E6%A1%9C%E5%B0%8F%E8%B7%AF%E6%89%8D%E8%8F%AF" n2="%E3%81%B4%E3%81%88%E3%81%AB%E3%82%93" n3="%E3%81%9F%E3%81%8F%E3%81%98%E3%82%8D%E3%81%86" dan="16,16,17,19" rate="2050.94,2155.94,2229.45,2349.34" sx="M,M,M,M"/><TAIKYOKU oya="0"/><INIT seed="0,0,0,0,2,56" ten="250,250,250,250" oya="0" hai0="42,93,16,133,14,127,10,90,2,85,87,52,38" hai1="89,48,103,131,53,70,115,86,124,76,41,62,107" hai2="35,67,96,65,106,3,64,21,15,5,113,49,102" hai3="57,68,118,26,110,98,132,7,40,22,99,71,128"/><T4/><D4/><U122/><BYE who="0" /><E122/><V97/><F113/><W30/><G118/><T0/><D0/><U88/><E115/><V34/><F3/><W66/><G110/><T83/><D83/><U95/><E131/><V77/><F77/><W13/><G132/><T46/><D46/><U60/><E124/><V73/><F73/><W6/><G128/><T45/><D45/><U129/><E129/><V84/><F84/><W1/><G40/><T135/><D135/><U33/><E33/><V29/><F49/><W105/><G1/><T63/><D63/><N who="1" m="24107" /><E107/><V28/><F97/><W23/><G99/><T17/><D17/><U59/><E70/><V32/><REACH who="2" step="1"/><F21/><REACH who="2" ten="250,250,240,250" step="2"/><W116/><G23/><T108/><D108/><U104/><E104/><V44/><F44/><W82/><G22/><T18/><D18/><U91/><E41/><V27/><F27/><W111/><G26/><T80/><D80/><N who="1" m="47367" /><E103/><V31/><F31/><W11/><G105/><T47/><D47/><U109/><E109/><V61/><F61/><W39/><G111/><T20/><D20/><U101/><E101/><V100/><F100/><W19/><G39/><T9/><D9/><AGARI ba="0,1" hai="5,9,15,28,29,32,34,35,64,65,67,96,102,106" machi="9" ten="50,1600,0" yaku="1,1,53,0" doraHai="56" doraHaiUra="123" who="2" fromWho="0" sc="250,-16,250,0,240,26,250,0" /><INIT seed="1,0,0,4,1,76" ten="234,250,266,250" oya="1" hai0="17,49,117,131,75,63,129,64,99,40,29,68,86" hai1="33,133,89,2,82,65,73,100,92,31,26,57,112" hai2="90,6,88,36,56,60,124,106,53,59,12,78,120" hai3="48,24,38,119,23,132,96,93,127,110,37,22,30"/><U44/><E112/><V11/><F120/><W20/><G110/><T42/><D42/><U8/><E133/><V116/><F106/><W111/><G111/><T95/><D95/><U50/><E100/><V109/><F36/><UN n0="%E5%A4%A9%E5%AE%89%E9%96%80%E5%BF%98%E5%8D%B4" /><W80/><G132/><T69/><D75/><U98/><E65/><V70/><F109/><W19/><G127/><T61/><D117/><U108/><E108/><V115/><F116/><W52/><G119/><T84/><D99/><U15/><E2/><V118/><F118/><W114/><G114/><T16/><D63/><U103/><E57/><V43/><F115/><W45/><G80/><T0/><D29/><U39/><E39/><V91/><F124/><W27/><REACH who="3" step="1"/><G23/><REACH who="3" ten="234,250,266,240" step="2"/><T25/><D129/><U128/><E128/><V125/><F125/><W87/><G87/><T41/><D86/><U14/><E73/><V107/><F107/><W113/><G113/><T72/><D84/><U104/><E82/><V34/><F34/><W13/><G13/><T62/><D72/><U47/><E15/><V67/><F78/><W74/><G74/><T66/><D131/><U126/><E126/><V79/><F79/><W32/><G32/><T46/><D0/><U83/><E83/><V94/><F70/><W10/><G10/><T9/><D9/><U77/><E77/><V97/><REACH who="2" step="1"/><F43/><REACH who="2" ten="234,250,256,240" step="2"/><W121/><G121/><T4/><D40/><U81/><E104/><V1/><F1/><W134/><G134/><T5/><D25/><U54/><E26/><V28/><F28/><W21/><G21/><T18/><AGARI ba="0,2" hai="4,5,16,17,18,41,46,49,61,62,64,66,68,69" machi="18" ten="30,4000,0" yaku="0,1,9,1,54,1" doraHai="76" who="0" fromWho="0" sc="234,60,250,-20,256,-10,240,-10" /><INIT seed="2,0,0,4,5,51" ten="294,230,246,230" oya="2" hai0="127,87,36,35,24,50,55,34,84,15,65,112,64" hai1="110,99,43,12,62,44,85,10,33,97,98,126,108" hai2="47,73,63,8,31,113,0,60,122,27,17,52,7" hai3="1,104,49,100,75,56,16,118,129,26,6,9,83"/><V119/><F119/><W53/><G118/><T125/><D36/><U76/><E126/><N who="0" m="48137" /><D15/><U91/><E33/><N who="0" m="12297" /><D24/><U131/><E76/><V124/><F113/><W86/><G75/><T107/><D107/><U105/><E62/><V67/><F124/><W74/><G74/><T19/><D19/><U96/><E131/><V61/><F122/><W22/><G129/><T46/><D112/><U38/><N who="1" m="24576" /><DORA hai="4" /><U3/><E3/><V116/><F116/><W32/><G32/><T37/><D37/><U77/><E77/><V88/><F73/><W106/><REACH who="3" step="1"/><G100/><REACH who="3" ten="294,230,246,220" step="2"/><T90/><D87/><U109/><E105/><V92/><F67/><W58/><G58/><T45/><D46/><U59/><E59/><V81/><F47/><W134/><G134/><T69/><D69/><U80/><REACH who="1" step="1"/><E109/><REACH who="1" ten="294,220,246,220" step="2"/><V123/><F123/><W102/><G102/><T20/><D45/><U25/><E25/><V40/><F27/><W23/><G23/><T133/><D20/><U117/><E117/><V42/><F88/><AGARI ba="0,2" hai="1,6,9,16,22,26,49,53,56,83,86,88,104,106" machi="88" ten="30,12000,2" yaku="1,1,7,1,52,2,54,2,53,1" doraHai="51,4" doraHaiUra="115,5" who="3" fromWho="2" sc="294,0,220,0,246,-120,220,140" /><INIT seed="3,0,0,4,4,46" ten="294,220,126,360" oya="3" hai0="16,124,71,91,22,90,1,112,9,65,111,78,123" hai1="79,87,73,48,105,88,17,35,84,120,98,21,26" hai2="67,11,55,127,102,96,128,77,117,115,30,54,59" hai3="52,133,121,104,8,24,23,107,85,45,53,134,3"/><W6/><G121/><T13/><D123/><U131/><E120/><V81/><F117/><W34/><G34/><T82/><D111/><U110/><E110/><V95/><F115/><W94/><G94/><T32/><D32/><U38/><E38/><V5/><F127/><W25/><G85/><T122/><D124/><U49/><E131/><V113/><F128/><W126/><G126/><T31/><D112/><U33/><E73/><V66/><F113/><W27/><G23/><T135/><D135/><N who="3" m="51721" /><G45/><T44/><D44/><U50/><E79/><V0/><F30/><W76/><G76/><T56/><D78/><U86/><REACH who="1" step="1"/><E88/><REACH who="1" ten="294,210,126,360" step="2"/><V114/><F114/><W58/><G53/><T100/><D122/><U12/><E12/><V70/><F55/><W132/><G132/><T15/><D15/><U130/><E130/><V19/><F0/><W36/><G36/><T99/><D13/><U106/><E106/><V129/><F129/><W97/><G97/><T119/><D99/><U14/><E14/><V42/><F96/><W51/><AGARI ba="0,1" hai="3,6,8,24,25,27,51,52,58,104,107" m="51721" machi="51" ten="30,6000,0" yaku="20,1,52,1,54,1" doraHai="46" who="3" fromWho="3" sc="294,-20,210,-20,126,-20,360,70" /><INIT seed="3,1,0,4,5,40" ten="274,190,106,430" oya="3" hai0="17,10,14,63,30,68,39,16,127,94,93,103,74" hai1="71,0,50,79,100,42,122,61,119,5,91,126,115" hai2="34,81,75,123,25,33,125,2,53,84,12,23,85" hai3="131,64,32,121,133,15,31,89,124,96,80,102,107"/><W51/><G121/><T128/><D128/><U86/><E122/><V134/><F123/><W101/><G131/><T95/><D127/><U58/><E115/><V48/><F125/><W62/><G124/><T57/><D68/><U70/><E126/><V77/><F2/><W82/><G133/><T44/><D74/><U41/><E119/><V9/><F134/><W11/><G102/><T3/><D3/><U28/><E79/><V46/><F33/><W19/><G89/><T108/><D30/><U73/><E73/><V116/><F34/><W105/><G105/><T117/><D108/><U69/><E100/><V7/><REACH who="2" step="1"/><F116/><REACH who="2" ten="274,190,96,430" step="2"/><W21/><G32/><T4/><D117/><U36/><E0/><V38/><F38/><W92/><G107/><T59/><D103/><U132/><E36/><V114/><F114/><W109/><G109/><T78/><D39/><U72/><E132/><V60/><F60/><W120/><G120/><T22/><D63/><U98/><E61/><V113/><F113/><W13/><G51/><T76/><D76/><U90/><E50/><V99/><F99/><W49/><G49/><T47/><D78/><U67/><E98/><V118/><F118/><W27/><REACH who="3" step="1"/><G15/><REACH who="3" ten="274,190,96,420" step="2"/><T66/><D14/><U35/><E35/><V52/><F52/><W29/><G29/><AGARI ba="1,2" hai="7,9,12,23,25,29,46,48,53,75,77,81,84,85" machi="29" ten="30,7700,0" yaku="1,1,7,1,52,1,53,1" doraHai="40" doraHaiUra="26" who="2" fromWho="3" sc="274,0,190,0,96,100,420,-80" /><INIT seed="4,0,0,0,5,28" ten="274,190,196,340" oya="0" hai0="111,73,58,26,127,8,47,119,101,3,39,12,118" hai1="126,65,29,124,62,92,68,2,70,33,86,95,38" hai2="84,55,34,82,103,102,90,32,66,4,49,14,61" hai3="106,98,117,104,25,125,21,94,129,109,72,131,80"/><T27/><D73/><U59/><E2/><V22/><F102/><W35/><G35/><T37/><D101/><U88/><E38/><V87/><F103/><W57/><G109/><T46/><D12/><U83/><E95/><V77/><F4/><W79/><G117/><T40/><D8/><U112/><E112/><V18/><F61/><W19/><G125/><N who="1" m="48234" /><E92/><V9/><F66/><W60/><G131/><T75/><D127/><U23/><E23/><V1/><F1/><W24/><G24/><AGARI ba="0,0" hai="24,29,33,59,62,65,68,70,83,86,88" m="48234" machi="24" ten="30,3900,0" yaku="18,1,52,1,54,1" doraHai="28" who="1" fromWho="3" sc="274,0,190,39,196,0,340,-39" /><INIT seed="5,0,0,0,1,100" ten="274,229,196,301" oya="1" hai0="2,18,79,68,53,67,69,92,7,30,49,6,26" hai1="70,82,93,99,71,56,43,55,11,20,113,78,19" hai2="54,61,62,75,118,91,48,59,120,50,115,95,29" hai3="134,13,44,33,17,16,65,117,132,116,4,108,73"/><U63/><E113/><V10/><F120/><W21/><G73/><T74/><D18/><U60/><E43/><V89/><F118/><N who="3" m="45675" /><G65/><T112/><D112/><U106/><E11/><V39/><F115/><W15/><G44/><T36/><D36/><U124/><E124/><V123/><F123/><W129/><G129/><T83/><D2/><U109/><E109/><V34/><F39/><W28/><G4/><T27/><D92/><U1/><E1/><V40/><F75/><W32/><G108/><T119/><D27/><U103/><E63/><V110/><F110/><W114/><G114/><T80/><D80/><U5/><E5/><V51/><F34/><N who="3" m="13419" /><G28/><T52/><D67/><U9/><E9/><AGARI ba="0,0" hai="9,13,15,16,17,21,132,134" m="13419,45675" machi="9" ten="30,7700,0" yaku="12,1,34,2,54,1" doraHai="100" who="3" fromWho="1" sc="274,0,229,-77,196,0,301,77" /><INIT seed="6,0,0,3,0,79" ten="274,152,196,378" oya="2" hai0="100,57,59,113,115,85,18,120,97,60,125,76,69" hai1="103,71,124,34,46,40,96,26,110,19,75,98,73" hai2="68,116,104,87,105,107,17,35,108,55,94,52,30" hai3="132,81,32,119,27,8,90,61,29,28,1,43,33"/><V129/><F116/><W126/><G119/><T114/><D120/><U121/><E110/><V82/><F108/><W65/><G43/><T123/><D123/><U127/><E71/><V66/><F129/><W58/><G126/><T63/><D125/><N who="1" m="48203" /><E121/><V91/><F17/><W133/><G32/><T64/><D18/><U130/><E130/><V16/><F35/><W102/><G102/><T99/><D63/><U74/><E103/><V106/><N who="2" m="26624" /><DORA hai="62" /><V83/><F30/><W12/><G1/><T20/><D20/><N who="1" m="13599" /><E34/><V56/><F16/><W25/><G25/><T88/><D76/><U44/><E44/><V38/><F38/><AGARI ba="0,0" hai="38,40,46,73,74,75,96,98" m="13599,48203" machi="38" ten="40,1300,0" yaku="18,1" doraHai="79,62" who="1" fromWho="2" sc="274,0,152,13,196,-13,378,0" /><INIT seed="7,0,0,1,5,13" ten="274,165,183,378" oya="3" hai0="31,74,122,104,77,110,58,34,25,0,36,124,83" hai1="22,78,92,82,72,6,17,85,69,119,131,109,101" hai2="44,50,40,67,134,129,19,99,35,43,76,53,130" hai3="48,39,96,100,75,30,59,86,93,9,90,127,28"/><W128/><G39/><T114/><RYUUKYOKU type="yao9" ba="0,0" sc="274,0,165,0,183,0,378,0" hai0="0,25,31,34,36,58,74,77,83,104,110,114,122,124" /><INIT seed="7,1,0,2,1,68" ten="274,165,183,378" oya="3" hai0="103,6,118,82,56,34,46,92,72,76,119,35,22" hai1="67,60,129,40,59,2,106,80,63,128,62,28,86" hai2="93,65,48,108,42,64,122,5,54,30,133,15,97" hai3="52,36,95,78,20,104,99,89,131,29,19,134,102"/><W8/><G36/><T18/><D6/><U105/><E2/><V4/><F122/><W88/><G134/><T124/><D124/><U9/><E9/><V70/><F108/><W41/><G41/><T13/><D46/><U117/><E28/><V96/><F133/><W45/><G78/><T115/><D115/><U130/><E117/><V107/><F42/><W121/><G131/><T125/><D125/><U43/><E43/><V21/><F107/><N who="1" m="40969" /><E40/><V66/><F70/><W14/><G121/><T58/><D58/><U50/><E50/><V90/><F97/><W69/><G104/><T39/><D56/><U100/><E100/><V10/><F30/><W81/><G69/><T73/><D34/><U32/><E32/><V47/><F21/><W3/><G29/><T116/><D35/><U77/><AGARI ba="1,0" hai="59,60,62,63,67,77,80,86,128,129,130" m="40969" machi="77" ten="40,1500,0" yaku="19,1" doraHai="68" who="1" fromWho="1" sc="274,-5,165,18,183,-5,378,-8" owari="269,6.9,183,-21.7,178,-32.2,370,47.0" /></mjloggm>