<mjloggm ver="2.3"><GO type="169" lobby="0"/><UN n0="%E3%83%91%E3%83%91%E3%83%91%E3%83%91" n1="%E3%83%8A%E3%82%B9%E3%83%9C%E3%82%A6" n2="%E8%BE%9B%E5%8F%A3%E3%82%AB%E3%83%AC%E3%83%BC%E3%83%A9%E3%82%A4%E3%82%B9" n3="%68%7A%63" dan="17,16,16,18" rate="2215.96,2034.40,2121.99,2228.62" sx="M,M,M,F"/><TAIKYOKU oya="0"/><INIT seed="0,0,0,1,2,43" ten="250,250,250,250" oya="0" hai0="21,49,101,76,109,94,66,118,63,48,113,22,129" hai1="100,92,27,56,111,2,132,20,46,67,64,1,115" hai2="104,44,121,131,97,35,116,50,38,26,83,122,91" hai3="32,61,73,85,127,71,8,62,75,5,41,86,57"/><T24/><D113/><U79/><E111/><V51/><F131/><W9/><G41/><T125/><D118/><U6/><E132/><V80/><F116/><W17/><G32/><T124/><D129/><U106/><E106/><V107/><F38/><W110/><G57/><T130/><D130/><U77/><E64/><V36/><F36/><W37/><G37/><T88/><D76/><U84/><E2/><V74/><F107/><W12/><G127/><N who="0" m="48715" /><D101/><U123/><E123/><V28/><F74/><W90/><G110/><T65/><D65/><U42/><E6/><V31/><F31/><W30/><G30/><N who="0" m="17679" /><D22/><U52/><E1/><V14/><F121/><W117/><G117/><T68/><D109/><U70/><E70/><V59/><F122/><W72/><G71/><T7/><D7/><U53/><E77/><V0/><F104/><W40/><G90/><T87/><AGARI ba="0,0" hai="48,49,63,66,68,87,88,94" m="17679,48715" machi="87" ten="30,3000,0" yaku="18,1,54,1" doraHai="43" who="0" fromWho="0" sc="250,30,250,-10,250,-10,250,-10" /><INIT seed="0,1,0,1,3,88" ten="280,240,240,240" oya="0" hai0="6,111,112,135,18,74,70,52,21,42,4,64,71" hai1="40,61,0,83,20,73,14,115,91,84,44,66,72" hai2="87,9,16,49,126,119,37,79,39,100,33,65,116" hai3="46,29,27,109,19,34,94,76,121,54,75,122,32"/><T130/><D112/><U10/><E0/><V25/><F126/><W102/><G34/><T68/><D130/><U41/><E20/><V123/><F123/><N who="3" m="47115" /><G109/><T86/><D74/><U11/><E10/><V5/><F65/><W104/><G104/><T38/><D64/><U57/><E115/><V56/><F100/><W81/><G19/><T59/><D135/><U85/><E84/><V82/><F49/><N who="3" m="28983" /><G102/><T96/><D96/><U15/><E15/><V132/><F56/><W106/><G106/><T24/><D111/><U105/><E105/><V31/><F132/><W1/><G1/><T67/><D67/><U12/><E12/><N who="2" m="7183" /><F5/><W69/><G69/><T120/><D120/><U7/><E41/><V92/><F92/><AGARI ba="1,0" hai="27,29,32,75,76,81,92,94" m="28983,47115" machi="92" ten="30,3900,0" yaku="13,1,52,2" doraHai="88" who="3" fromWho="2" sc="280,0,240,0,240,-42,240,42" /><INIT seed="1,0,0,2,3,8" ten="280,240,198,282" oya="1" hai0="25,114,83,41,18,44,90,120,75,21,36,84,4" hai1="17,116,70,10,49,1,108,56,35,26,46,3,86" hai2="59,14,9,102,50,127,54,111,6,106,57,28,23" hai3="134,20,128,66,96,135,131,101,118,24,30,97,105"/><U113/><E70/><V47/><F111/><W129/><G118/><T74/><D114/><U2/><E113/><V22/><F127/><W104/><REACH who="3" step="1"/><G66/><REACH who="3" ten="280,240,198,272" step="2"/><T80/><D120/><U43/><E116/><V126/><F126/><W85/><G85/><T16/><D4/><U0/><E108/><V91/><F91/><W76/><G76/><T95/><D75/><U77/><E77/><V98/><REACH who="2" step="1"/><F28/><REACH who="2" ten="280,240,188,272" step="2"/><W71/><G71/><T122/><D122/><U123/><E123/><V5/><F5/><W79/><G79/><T63/><D74/><U39/><E86/><V15/><F15/><W72/><G72/><T69/><D90/><U27/><E0/><V92/><F92/><W99/><G99/><T107/><D95/><U89/><E89/><V13/><F13/><W73/><G73/><T103/><D84/><U110/><E110/><V61/><F61/><W133/><G133/><T40/><D63/><U68/><E1/><V11/><F11/><W124/><G124/><T29/><D29/><U33/><E2/><V67/><F67/><W12/><G12/><T45/><D83/><U19/><E3/><V119/><F119/><W58/><G58/><AGARI ba="0,2" hai="6,9,14,22,23,47,50,54,57,58,59,98,102,106" machi="58" ten="40,8000,1" yaku="1,1,52,1,53,3" doraHai="8" doraHaiUra="53" who="2" fromWho="3" sc="280,0,240,0,188,100,272,-80" /><INIT seed="2,0,0,4,3,98" ten="280,240,288,192" oya="2" hai0="120,33,5,70,3,119,95,4,19,80,1,56,16" hai1="18,134,15,49,38,74,112,108,43,36,24,87,66" hai2="82,64,25,48,89,81,121,88,37,6,27,110,116" hai3="26,71,135,117,20,42,78,63,93,100,85,92,106"/><V17/><F116/><W101/><G106/><T52/><D120/><U107/><E108/><V51/><F121/><W10/><G117/><T76/><D70/><U128/><E74/><V28/><F37/><W132/><G42/><T125/><D33/><U21/><E66/><V60/><F6/><W57/><G10/><T91/><D125/><U31/><E128/><V41/><F110/><W13/><G13/><T75/><D119/><U104/><E134/><N who="3" m="51242" /><G71/><T96/><D5/><U113/><E38/><V12/><F81/><N who="3" m="47287" /><G93/><T94/><D94/><U67/><E36/><V73/><F73/><W65/><G92/><T62/><REACH who="0" step="1"/><D4/><REACH who="0" ten="270,240,288,192" step="2"/><U84/><E107/><V59/><F82/><W111/><G111/><T127/><D127/><U99/><E104/><V32/><F32/><W58/><G58/><T50/><D50/><U9/><E49/><V55/><F51/><W46/><G46/><T61/><D61/><U118/><E118/><V79/><F48/><W11/><G11/><T77/><D77/><U133/><E9/><V30/><F79/><W7/><G7/><T8/><D8/><U86/><E133/><V105/><F105/><W23/><G23/><T54/><D54/><U97/><E43/><V53/><F41/><W129/><G129/><T34/><D34/><U2/><E21/><N who="2" m="11431" /><F55/><W123/><G123/><T47/><D47/><U40/><E40/><V35/><F53/><W0/><G0/><AGARI ba="0,1" hai="0,1,3,16,19,52,56,62,75,76,80,91,95,96" machi="0" ten="40,5200,0" yaku="1,1,54,2,53,0" doraHai="98" doraHaiUra="126" who="0" fromWho="3" sc="270,62,240,0,288,0,192,-52" /><INIT seed="3,0,0,5,0,57" ten="332,240,288,140" oya="3" hai0="0,69,37,17,108,86,113,77,38,24,22,90,92" hai1="130,110,103,7,94,14,87,53,132,112,71,109,58" hai2="28,131,91,106,23,32,82,123,51,34,42,15,48" hai3="98,79,59,68,88,2,10,16,129,52,55,125,134"/><W64/><G68/><T135/><D108/><U120/><E112/><V115/><F115/><W39/><G39/><T128/><D113/><U18/><E120/><V63/><F106/><W5/><G125/><T127/><D128/><U114/><E114/><V85/><F131/><W25/><G129/><T118/><D118/><U117/><E117/><V93/><F123/><W47/><G79/><T74/><D135/><U41/><E132/><V66/><F42/><W65/><G134/><T9/><D69/><U116/><E7/><V4/><F4/><W78/><G78/><T76/><D127/><U96/><E71/><V11/><F23/><N who="3" m="13543" /><G47/><T36/><D74/><U8/><E130/><V100/><F28/><W29/><G55/><T40/><D40/><U101/><E41/><V80/><F34/><W21/><G29/><T27/><D27/><U122/><E122/><V111/><F32/><W133/><G21/><T70/><D70/><U6/><E116/><V13/><F111/><W20/><G20/><T50/><D50/><U43/><E43/><V26/><F26/><W49/><G133/><T1/><D1/><U61/><E6/><V102/><F51/><W45/><G45/><T97/><D0/><U81/><REACH who="1" step="1"/><E103/><REACH who="1" ten="332,230,288,140" step="2"/><V62/><F100/><W3/><G3/><T124/><D124/><U56/><E56/><V44/><F102/><W12/><G2/><T75/><D38/><U31/><E31/><V104/><F44/><W84/><G98/><T121/><D37/><U46/><E46/><V67/><F104/><W119/><G119/><T89/><D36/><U105/><E105/><RYUUKYOKU ba="0,1" sc="332,-15,230,15,288,-15,140,15" hai1="8,14,18,53,58,61,81,87,94,96,101,109,110" hai3="5,10,12,49,52,59,64,65,84,88" /><INIT seed="3,1,1,4,0,111" ten="317,245,273,155" oya="3" hai0="70,120,12,29,87,30,31,65,101,96,73,46,3" hai1="11,24,119,53,97,89,72,99,33,114,66,79,54" hai2="108,1,110,91,9,109,37,80,98,16,52,106,117" hai3="115,20,56,90,40,27,32,71,22,42,85,116,121"/><W61/><G71/><T5/><D73/><U74/><E119/><V75/><F117/><W92/><G116/><T51/><D120/><U93/><E114/><V112/><F37/><W131/><G121/><T130/><D130/><U103/><E66/><V124/><F124/><W18/><G131/><T36/><D3/><U113/><E113/><V94/><F112/><W104/><G104/><T14/><D36/><U135/><E135/><V43/><F43/><W134/><G32/><T122/><D5/><U4/><E74/><V45/><F106/><W6/><G6/><T0/><D0/><U35/><E35/><V19/><F1/><W63/><G115/><T67/><D87/><U125/><E125/><V44/><F9/><W47/><G134/><T128/><D122/><U118/><E118/><V129/><F129/><W15/><G47/><T39/><D39/><U60/><E60/><N who="3" m="23114" /><G56/><T21/><D70/><U78/><E33/><V68/><F68/><W57/><G57/><T62/><D62/><U10/><E10/><V50/><F45/><W77/><G77/><AGARI ba="1,1" hai="16,19,44,50,52,75,77,80,91,94,98,108,109,110" machi="77" ten="40,5200,0" yaku="14,1,54,2" doraHai="111" who="2" fromWho="3" sc="317,0,245,0,273,65,155,-55" /><INIT seed="4,0,0,3,4,17" ten="317,245,338,100" oya="0" hai0="52,30,87,84,2,41,117,102,108,35,95,67,18" hai1="109,62,5,65,71,58,50,72,104,38,14,45,130" hai2="24,39,10,75,44,19,126,68,49,121,131,40,99" hai3="57,53,106,97,48,11,133,101,80,83,3,33,82"/><T61/><D117/><U27/><E104/><V76/><F121/><W42/><G33/><T98/><D108/><U70/><E72/><V69/><F131/><W107/><G133/><T125/><D125/><U115/><E130/><V23/><F126/><W77/><G107/><T15/><D2/><U88/><E38/><V85/><F75/><W120/><G120/><T110/><D41/><U8/><E109/><V43/><F43/><W28/><G28/><T4/><D4/><U118/><E115/><V96/><F39/><W134/><G134/><T94/><D94/><U59/><E70/><V0/><F0/><W55/><G42/><T103/><D103/><U123/><E118/><V105/><F10/><W89/><G89/><T60/><D60/><U46/><E46/><V81/><REACH who="2" step="1"/><F99/><REACH who="2" ten="317,245,328,100" step="2"/><W73/><G11/><T34/><D98/><U9/><E8/><V79/><F79/><W63/><REACH who="3" step="1"/><G3/><REACH who="3" ten="317,245,328,90" step="2"/><T31/><D110/><U20/><E123/><V132/><F132/><W129/><G129/><T124/><D124/><U92/><E9/><V25/><F25/><W128/><G128/><T91/><D35/><U54/><E27/><V113/><F113/><W127/><G127/><T16/><D34/><U86/><REACH who="1" step="1"/><E5/><REACH who="1" ten="317,235,328,90" step="2"/><V78/><F78/><W93/><G93/><T7/><D7/><U47/><E47/><AGARI ba="0,3" hai="47,48,53,55,57,63,73,77,80,82,83,97,101,106" machi="47" ten="30,2000,0" yaku="1,1,7,1,53,0" doraHai="17" doraHaiUra="119" who="3" fromWho="1" sc="317,0,235,-20,328,0,90,50" /><INIT seed="5,0,0,3,0,96" ten="317,215,328,140" oya="1" hai0="115,8,102,51,72,127,7,30,34,35,87,117,110" hai1="119,123,83,14,38,53,98,88,106,10,81,126,24" hai2="48,43,116,28,91,130,80,132,69,121,95,5,60" hai3="41,135,109,120,128,66,78,101,6,0,37,22,74"/><U64/><E123/><V97/><F116/><W15/><G15/><T42/><D72/><U122/><E38/><V19/><F121/><W108/><G22/><T18/><D117/><U25/><E122/><V13/><F132/><W68/><G120/><T52/><D42/><U79/><E126/><V1/><F28/><W105/><G135/><T11/><D110/><U29/><E25/><V3/><F130/><W33/><G33/><T84/><D35/><U73/><E53/><V45/><F5/><W67/><G67/><T50/><D50/><U112/><E112/><V26/><F26/><W20/><G20/><T32/><D32/><U57/><E83/><V77/><F60/><W40/><G40/><T133/><D115/><U16/><E57/><V61/><F61/><W46/><G66/><T56/><D30/><U103/><E64/><V86/><F69/><W39/><G39/><T129/><D34/><U100/><E119/><V113/><REACH who="2" step="1"/><F113/><REACH who="2" ten="317,215,318,140" step="2"/><W70/><G128/><T75/><D133/><U49/><E24/><V104/><F104/><W58/><G109/><T9/><D129/><U54/><E29/><V134/><F134/><W65/><G108/><T125/><D7/><U76/><E106/><V4/><F4/><W21/><G6/><T55/><D125/><U124/><E124/><V131/><F131/><W92/><G105/><T89/><D127/><U90/><E73/><V47/><F47/><W99/><G65/><T93/><D75/><U23/><E76/><V62/><F62/><W31/><G70/><T2/><D2/><U82/><E79/><V94/><F94/><RYUUKYOKU ba="0,1" sc="317,-10,215,-10,318,30,140,-10" hai2="1,3,13,19,43,45,48,77,80,86,91,95,97" /><INIT seed="6,1,1,2,0,44" ten="307,205,348,130" oya="2" hai0="96,78,83,36,87,42,111,10,122,93,57,99,129" hai1="16,29,58,20,112,34,131,6,70,19,89,108,26" hai2="48,60,86,88,1,110,2,21,53,38,33,12,81" hai3="82,79,35,64,127,13,90,80,98,135,63,121,69"/><V76/><F38/><W14/><G35/><T5/><D111/><U31/><E70/><V124/><F33/><W84/><G121/><T45/><D122/><U37/><E37/><V104/><F104/><W118/><G118/><T71/><D71/><U54/><E108/><V134/><F110/><W126/><G135/><T95/><D129/><U97/><E112/><V24/><F134/><W43/><G43/><T59/><D95/><U91/><E6/><V116/><F116/><W9/><G98/><T51/><D36/><U56/><E56/><V113/><F113/><W125/><REACH who="3" step="1"/><G9/><REACH who="3" ten="307,205,348,120" step="2"/><T75/><D99/><U47/><E97/><V72/><F124/><W23/><G23/><T132/><D132/><U105/><E131/><V120/><F120/><W73/><AGARI ba="1,2" hai="13,14,63,64,69,73,79,80,82,84,90,125,126,127" machi="73" ten="30,4000,0" yaku="1,1,0,1,18,1,53,0" doraHai="44" doraHaiUra="100" who="3" fromWho="3" sc="307,-11,205,-11,348,-21,120,63" /><INIT seed="7,0,0,1,1,73" ten="296,194,327,183" oya="3" hai0="46,128,60,110,51,12,81,97,91,5,27,63,111" hai1="13,22,11,26,15,61,125,86,116,72,66,133,89" hai2="90,74,0,10,36,94,64,6,135,59,132,96,77" hai3="93,1,62,114,35,2,95,41,57,78,131,70,112"/><W88/><G35/><T25/><D128/><U16/><E72/><V19/><F36/><W55/><G70/><T44/><D44/><U101/><E125/><V104/><F104/><W14/><G131/><T42/><D111/><U33/><E133/><N who="2" m="51275" /><F19/><W47/><G95/><T103/><D27/><U115/><E101/><V4/><F4/><W109/><G14/><T79/><D91/><U84/><E13/><V9/><F9/><W124/><G124/><T71/><D25/><U82/><E116/><V120/><F120/><W23/><G23/><T122/><D71/><U18/><E33/><V39/><F39/><N who="3" m="21951" /><G109/><T67/><D67/><U31/><E86/><V21/><F21/><W102/><G102/><T98/><D122/><U43/><E43/><V53/><F64/><W76/><G1/><T32/><D32/><U75/><E75/><V58/><F53/><W28/><G28/><T117/><D117/><U123/><E123/><V65/><F65/><W37/><G37/><T130/><D110/><U34/><E34/><V113/><F59/><W8/><G8/><N who="0" m="4111" /><D130/><U29/><E115/><N who="3" m="44074" /><G2/><T92/><D98/><AGARI ba="0,0" hai="55,57,62,76,78,88,93,98" m="44074,21951" machi="98" ten="30,11600,0" yaku="15,1,52,2,54,1" doraHai="73" who="3" fromWho="0" sc="296,-116,194,0,327,0,183,116" /><INIT seed="7,1,0,5,5,17" ten="180,194,327,299" oya="3" hai0="64,36,102,73,22,88,2,13,134,57,121,123,105" hai1="3,40,89,106,29,70,12,15,31,131,76,27,96" hai2="61,77,82,114,45,113,34,87,42,94,37,79,24" hai3="129,124,109,52,130,116,4,7,125,132,0,35,39"/><W85/><G39/><T128/><D2/><U33/><E3/><V5/><F5/><N who="3" m="2123" /><G0/><T112/><D73/><U74/><E31/><N who="2" m="19815" /><F94/><W47/><G116/><T44/><D112/><N who="2" m="43114" /><F61/><W41/><G35/><T110/><D110/><U80/><E33/><V127/><F127/><N who="3" m="48715" /><G109/><T119/><D119/><U90/><E131/><N who="3" m="50186" /><G41/><N who="0" m="22567" /><D128/><U48/><E40/><V91/><AGARI ba="1,0" hai="37,42,45,77,79,82,87,91" m="43114,19815" machi="91" ten="30,1100,0" yaku="15,1" doraHai="17" who="2" fromWho="2" sc="180,-4,194,-4,327,14,299,-6" owari="176,-32.4,190,-21.0,341,44.1,293,9.3" /></mjloggm>