<mjloggm ver="2.3"><GO type="169" lobby="0"/><UN n0="%E7%A9%B4%E7%8C%AB" n1="%E3%81%8F%E3%81%8E%E3%82%85%E3%81%86%E3%81%86%E3%81%86%E3%81%86" n2="%50%73%79%63%68%65" n3="%E3%82%B5%E3%83%96%E3%82%A2%E3%83%A9%E3%83%89" dan="16,18,17,16" rate="2073.47,2247.86,2161.00,2049.17" sx="M,M,M,M"/><TAIKYOKU oya="0"/><INIT seed="0,0,0,3,0,128" ten="250,250,250,250" oya="0" hai0="44,18,94,58,78,45,6,113,100,12,97,127,68" hai1="104,61,51,122,66,83,21,108,64,110,62,13,96" hai2="116,79,37,57,16,56,73,22,63,15,105,133,107" hai3="47,52,7,29,126,3,34,60,65,11,125,17,40"/><T10/><D68/><U39/><E122/><V115/><F115/><W135/><G135/><T30/><D127/><N who="3" m="48649" /><G17/><T84/><D113/><U14/><E39/><V114/><F114/><W0/><G0/><T76/><D30/><U123/><E123/><V53/><F37/><N who="3" m="21903" /><G29/><T23/><D58/><U8/><E51/><V102/><F116/><W99/><G99/><T88/><D45/><U85/><E96/><V87/><F73/><W80/><G80/><T20/><D44/><U41/><E41/><V121/><F121/><W91/><G91/><T95/><REACH who="0" step="1"/><D23/><REACH who="0" ten="240,250,250,250" step="2"/><U86/><E21/><V109/><F57/><N who="3" m="34855" /><G65/><T67/><D67/><U27/><E66/><V26/><F22/><W4/><G34/><T33/><D33/><U9/><E64/><V134/><F134/><W5/><AGARI ba="0,1" hai="3,4,5,7,11" m="34855,21903,48649" machi="5" ten="30,2000,0" yaku="18,1,54,1" doraHai="128" who="3" fromWho="3" sc="240,-10,250,-5,250,-5,250,30" /><INIT seed="1,0,0,3,3,20" ten="230,245,245,280" oya="1" hai0="112,24,96,17,47,99,49,16,98,22,82,88,53" hai1="78,50,93,31,43,13,29,106,84,61,40,32,0" hai2="134,41,102,3,23,14,15,5,120,35,117,133,74" hai3="80,111,45,104,107,68,1,63,46,91,108,34,2"/><U77/><E106/><N who="3" m="40490" /><G34/><T62/><D112/><U18/><E0/><N who="3" m="106" /><G91/><T75/><D75/><U12/><E32/><V79/><F102/><W124/><G80/><T52/><D17/><U81/><E61/><V60/><F35/><W110/><G124/><T85/><D62/><U121/><E121/><V59/><F120/><W55/><G55/><AGARI ba="0,0" hai="16,22,24,47,49,52,53,55,82,85,88,96,98,99" machi="55" ten="40,8000,1" yaku="8,1,52,1,54,3" doraHai="20" who="0" fromWho="3" sc="230,80,245,0,245,0,280,-80" /><INIT seed="2,0,0,3,1,44" ten="310,245,245,200" oya="2" hai0="128,123,72,126,48,7,9,99,0,46,3,17,42" hai1="36,100,76,109,33,26,135,49,132,14,28,105,25" hai2="61,69,101,94,78,82,29,50,45,104,108,86,19" hai3="68,63,71,27,110,53,93,57,80,107,131,59,24"/><V43/><F104/><W30/><G107/><T34/><D123/><U73/><E36/><V32/><F108/><W77/><G110/><T64/><D72/><U112/><E109/><V96/><F19/><W134/><G131/><T79/><D79/><U114/><E14/><V23/><F32/><W47/><G134/><N who="1" m="51242" /><E25/><V95/><F95/><W8/><G47/><T75/><D75/><U65/><E76/><V39/><F39/><W6/><G93/><T83/><D83/><U62/><E49/><V16/><F29/><W127/><G127/><T89/><D34/><U4/><E4/><V103/><F69/><W125/><G125/><T40/><D128/><U85/><E85/><V91/><F61/><W124/><G124/><T38/><D126/><U119/><E73/><V115/><F115/><W84/><G27/><AGARI ba="0,0" hai="16,23,27,43,45,50,78,82,86,91,94,96,101,103" machi="27" ten="30,11600,0" yaku="7,1,8,1,52,1,54,1" doraHai="44" who="2" fromWho="3" sc="310,0,245,0,245,116,200,-116" /><INIT seed="2,1,0,0,3,3" ten="310,245,361,84" oya="2" hai0="123,60,103,98,4,61,66,79,62,17,22,73,94" hai1="72,101,93,80,23,118,105,53,102,119,130,89,19" hai2="52,120,40,8,114,70,63,36,27,39,88,48,51" hai3="87,81,32,37,112,113,59,44,20,29,135,50,41"/><V21/><F120/><W132/><G32/><T76/><D123/><U68/><E68/><V42/><F114/><N who="3" m="44139" /><G20/><T86/><D73/><U55/><E55/><V26/><F8/><W110/><G29/><T14/><D4/><U25/><E130/><V33/><F33/><W95/><G95/><T67/><REACH who="0" step="1"/><D86/><REACH who="0" ten="300,245,361,84" step="2"/><U117/><E72/><V54/><F39/><W125/><G125/><T85/><D85/><U111/><E118/><V77/><F36/><W43/><G87/><T121/><D121/><U28/><E119/><V131/><F131/><W96/><G81/><T58/><D58/><U122/><E80/><V9/><F70/><W133/><G96/><T134/><D134/><U15/><E122/><V35/><F77/><AGARI ba="1,1" hai="14,17,22,60,61,62,66,67,76,77,79,94,98,103" machi="77" ten="40,2600,0" yaku="1,1,8,1,53,0" doraHai="3" doraHaiUra="83" who="0" fromWho="2" sc="300,39,245,0,361,-29,84,0" /><INIT seed="3,0,0,0,0,27" ten="339,245,332,84" oya="3" hai0="98,61,64,57,135,86,97,39,78,5,73,76,109" hai1="125,4,0,43,88,47,24,66,75,120,21,10,60" hai2="41,89,25,33,82,117,29,77,50,3,16,9,55" hai3="63,69,23,14,79,104,130,81,92,51,118,74,122"/><W108/><G122/><T34/><D73/><U113/><E120/><V132/><F117/><W65/><G118/><T102/><D39/><U12/><E113/><V46/><F132/><W37/><G37/><T49/><D135/><U38/><E125/><V103/><F103/><W22/><G130/><T85/><D34/><U80/><E12/><V11/><F89/><W91/><G104/><T45/><D5/><U107/><E107/><V105/><F105/><W93/><G108/><T124/><D124/><U127/><E127/><V19/><F41/><W90/><G51/><T134/><D109/><U128/><E128/><V123/><F123/><W6/><G6/><T129/><D129/><U48/><E48/><V111/><F111/><W20/><REACH who="3" step="1"/><G14/><REACH who="3" ten="339,245,332,74" step="2"/><T94/><D134/><U18/><E38/><V17/><REACH who="2" step="1"/><F3/><REACH who="2" ten="339,245,322,74" step="2"/><W2/><G2/><T15/><D15/><U30/><E0/><V36/><F36/><W62/><G62/><T133/><D133/><U106/><E106/><V116/><F116/><W53/><G53/><T87/><D98/><U83/><E60/><V42/><F42/><AGARI ba="0,2" hai="42,45,49,57,61,64,76,78,85,86,87,94,97,102" machi="42" ten="40,1300,0" yaku="8,1" doraHai="27" who="0" fromWho="2" sc="339,33,245,0,322,-13,74,0" /><INIT seed="4,0,0,1,4,18" ten="372,245,309,74" oya="0" hai0="45,58,127,51,56,16,60,113,105,111,55,122,48" hai1="115,73,99,125,75,95,77,1,66,128,92,41,71" hai2="67,7,22,120,27,8,98,93,57,46,10,24,11" hai3="72,116,43,28,34,35,33,85,84,0,63,44,101"/><T119/><D119/><U124/><E1/><V103/><F120/><W9/><G116/><T38/><D122/><U109/><E41/><V21/><F46/><W110/><G110/><T83/><D111/><U31/><E31/><V130/><F130/><W121/><G121/><T26/><D38/><U47/><E47/><V87/><F87/><W29/><G101/><T39/><D39/><U90/><E109/><V114/><F114/><W59/><G72/><T123/><D123/><U25/><E25/><N who="2" m="9803" /><F7/><W94/><G94/><T30/><D113/><U6/><E6/><V19/><F19/><W62/><G9/><N who="2" m="2305" /><V23/><DORA hai="76" /><F57/><W100/><G100/><T32/><D127/><U53/><E115/><V50/><F50/><W12/><G12/><T133/><D133/><U126/><E128/><V89/><F67/><W135/><G135/><T74/><D105/><U42/><E42/><V4/><F4/><W5/><G5/><T82/><D74/><U104/><E104/><V80/><F80/><W106/><G106/><T102/><D102/><AGARI ba="0,0" hai="21,22,23,89,93,98,102,103" m="2305,9803" machi="102" ten="40,8000,1" yaku="8,1,52,3" doraHai="18,76" who="2" fromWho="0" sc="372,-80,245,0,309,80,74,0" /><INIT seed="5,0,0,4,2,93" ten="292,245,389,74" oya="1" hai0="124,28,111,73,64,79,115,119,52,114,127,62,117" hai1="77,38,121,135,46,106,20,50,27,125,47,15,26" hai2="23,12,109,61,54,100,17,56,101,103,10,60,76" hai3="2,91,11,89,118,63,37,48,126,24,81,13,40"/><U36/><E121/><V70/><F109/><W21/><G2/><T78/><D28/><U75/><E135/><V58/><F70/><W5/><G37/><T98/><D64/><U25/><E125/><N who="0" m="48201" /><D62/><U129/><E129/><V84/><F76/><N who="0" m="29226" /><D52/><U133/><E133/><V86/><REACH who="2" step="1"/><F10/><REACH who="2" ten="292,245,379,74" step="2"/><W83/><G126/><T41/><D41/><U49/><E77/><V66/><AGARI ba="0,1" hai="12,17,23,54,56,58,60,61,66,84,86,100,101,103" machi="66" ten="30,7900,0" yaku="1,1,2,1,0,1,8,1,53,0" doraHai="93" doraHaiUra="105" who="2" fromWho="2" sc="292,-20,245,-39,379,89,74,-20" /><INIT seed="6,0,0,0,2,18" ten="272,206,468,54" oya="2" hai0="107,112,105,63,89,70,1,65,26,91,98,62,41" hai1="74,44,33,104,129,95,48,123,71,15,128,20,51" hai2="80,57,28,133,131,111,127,2,76,82,52,135,16" hai3="13,120,93,108,6,47,7,30,87,67,17,24,40"/><V23/><F2/><W134/><G108/><T115/><D1/><U21/><E104/><N who="0" m="40009" /><D41/><U77/><E33/><V49/><F111/><W110/><G134/><N who="2" m="51209" /><F131/><N who="1" m="50249" /><E71/><V32/><F127/><W94/><G120/><T35/><D98/><U19/><E123/><V34/><F28/><W0/><G0/><T55/><D35/><N who="2" m="13354" /><F76/><W88/><G110/><T45/><D26/><AGARI ba="0,0" hai="16,23,26,49,52,57,80,82" m="13354,51209" machi="26" ten="30,11600,0" yaku="20,1,52,1,54,2" doraHai="18" who="2" fromWho="0" sc="272,-116,206,0,468,116,54,0" /><INIT seed="6,1,0,3,3,121" ten="156,206,584,54" oya="2" hai0="74,65,106,23,63,29,50,123,117,83,95,109,97" hai1="107,38,135,64,22,130,105,24,25,82,67,133,17" hai2="80,30,89,41,77,46,119,33,20,43,58,113,34" hai3="68,28,125,36,15,32,132,93,10,26,19,55,27"/><V92/><F119/><W115/><G125/><T94/><D123/><U39/><E130/><V11/><F113/><W96/><G132/><N who="1" m="50762" /><E82/><V7/><F58/><W86/><G115/><T75/><D106/><N who="1" m="40459" /><E24/><V87/><F20/><W0/><G0/><T16/><D117/><U129/><E129/><V126/><F126/><W78/><G36/><AGARI ba="1,0" hai="17,22,25,36,38,39,64,67" m="40459,50762" machi="36" ten="40,1300,0" yaku="20,1" doraHai="121" who="1" fromWho="3" sc="156,0,206,16,584,0,54,-16" /><INIT seed="7,0,0,5,2,96" ten="156,222,584,38" oya="3" hai0="27,22,4,68,83,90,52,78,80,36,101,40,117" hai1="119,31,102,134,135,11,17,10,9,62,75,112,0" hai2="50,44,63,104,91,114,109,100,15,19,76,123,49" hai3="132,65,26,124,1,84,55,99,48,35,42,43,21"/><W108/><G124/><T69/><D117/><U95/><E112/><V61/><F76/><W64/><G132/><N who="1" m="50730" /><E75/><V131/><F91/><W72/><G72/><T73/><D4/><U20/><E31/><V3/><F3/><W97/><G35/><T116/><D116/><U94/><E119/><V103/><F104/><W79/><G1/><T23/><D36/><U106/><E62/><V98/><F98/><N who="3" m="37387" /><G108/><T82/><D40/><N who="3" m="15401" /><G84/><N who="0" m="48151" /><D68/><U47/><E106/><V14/><F109/><W39/><G39/><T46/><D69/><U77/><E77/><V88/><F123/><W81/><G81/><N who="0" m="30731" /><D73/><U7/><E0/><V32/><F32/><W30/><G79/><T51/><D90/><U93/><E93/><V45/><F88/><W57/><AGARI ba="0,0" hai="21,26,30,48,55,57,64,65" m="15401,37387" machi="57" ten="30,1500,0" yaku="8,1" doraHai="96" who="3" fromWho="3" sc="156,-5,222,-5,584,-5,38,15" /><INIT seed="7,1,0,0,4,100" ten="151,217,579,53" oya="3" hai0="4,37,53,103,12,90,14,9,77,32,17,49,128" hai1="96,60,42,10,118,131,106,108,39,123,92,105,30" hai2="133,129,19,47,132,121,8,114,82,41,7,97,55" hai3="48,107,68,120,11,45,18,43,80,73,125,40,134"/><W119/><G120/><T112/><D37/><U135/><E108/><V52/><F121/><W101/><G119/><T104/><D32/><U25/><E123/><V67/><F67/><W113/><G68/><T2/><D128/><U23/><E39/><V110/><F110/><W5/><G125/><T20/><D77/><U66/><E42/><V56/><F129/><W35/><G35/><T91/><D112/><U33/><E131/><V27/><F114/><W22/><G113/><T16/><D103/><N who="1" m="60807" /><E135/><V63/><F55/><W94/><G134/><T21/><REACH who="0" step="1"/><D104/><REACH who="0" ten="141,217,579,53" step="2"/><U117/><E33/><V87/><F133/><W122/><G122/><T15/><D15/><U99/><E99/><V85/><F97/><N who="3" m="59575" /><G107/><N who="1" m="40970" /><E10/><V109/><F8/><W29/><G73/><T0/><D0/><U58/><AGARI ba="1,1" hai="23,25,30,58,60,66,117,118" m="40970,60807" machi="58" ten="30,7900,0" yaku="25,1,52,3" doraHai="100" who="1" fromWho="1" sc="141,-21,217,92,579,-21,53,-40" owari="120,-28.0,309,10.9,558,65.8,13,-48.7" /></mjloggm>