<mjloggm ver="2.3"><GO type="169" lobby="0"/><UN n0="%E3%81%86%E3%81%A9%E3%82%93%E3%81%93" n1="%74%61%6B%61%74%6F%72%69" n2="%E5%8C%97%E6%AC%A7%E3%81%AE%E3%82%82%E3%81%93%E3%81%86" n3="%75%6E%69%6D%61%72%75" dan="16,16,16,16" rate="2102.01,2029.03,2121.30,2070.19" sx="M,M,M,M"/><TAIKYOKU oya="0"/><INIT seed="0,0,0,3,4,49" ten="250,250,250,250" oya="0" hai0="60,16,123,8,41,68,54,99,24,72,93,36,97" hai1="135,87,33,109,43,12,104,71,57,65,124,30,48" hai2="108,101,34,120,13,62,113,1,117,69,40,116,23" hai3="39,7,133,58,56,31,92,32,46,119,131,94,47"/><T52/><D123/><U111/><E104/><V64/><F1/><W134/><G7/><T76/><D72/><U26/><E135/><N who="3" m="51722" /><G31/><T98/><D76/><U106/><E106/><V128/><F34/><W91/><G32/><T42/><D36/><U125/><E71/><V29/><F120/><W118/><G91/><T37/><D37/><U28/><E28/><V130/><F101/><W19/><G19/><T81/><D68/><U96/><E96/><N who="0" m="36969" /><D81/><U9/><E87/><V90/><F113/><W61/><G131/><N who="2" m="50217" /><F40/><N who="0" m="15466" /><D60/><U84/><E84/><V44/><F44/><N who="3" m="16939" /><G39/><T107/><D107/><U70/><E70/><V11/><F29/><W83/><G83/><T35/><D35/><U45/><E65/><V85/><F69/><W74/><G74/><T82/><D82/><U102/><E102/><V10/><F64/><W75/><G75/><T55/><D8/><U78/><E78/><V17/><F10/><W67/><G94/><T86/><D86/><U121/><E121/><V77/><F11/><W129/><G92/><T50/><D50/><U73/><E73/><V114/><F114/><W95/><G95/><T80/><D80/><U2/><E2/><V21/><F77/><W115/><G129/><T112/><D112/><U126/><REACH who="1" step="1"/><E57/><REACH who="1" ten="250,240,250,250" step="2"/><V100/><F100/><W15/><G115/><T103/><D54/><U6/><AGARI ba="0,1" hai="6,9,12,26,30,33,43,45,48,109,111,124,125,126" machi="6" ten="40,12000,2" yaku="1,1,2,1,0,1,18,1,53,3" doraHai="49" doraHaiUra="132" who="1" fromWho="1" sc="250,-60,240,130,250,-30,250,-30" /><INIT seed="1,0,0,5,1,0" ten="190,370,220,220" oya="1" hai0="103,53,30,22,113,112,56,33,94,129,106,131,92" hai1="124,125,107,110,51,10,58,95,102,36,46,40,91" hai2="59,86,45,133,31,5,72,79,117,55,120,8,54" hai3="17,66,38,119,85,23,44,98,9,24,21,96,49"/><U90/><E107/><V14/><F117/><W48/><G119/><T52/><D33/><U32/><E32/><V99/><F120/><W118/><G118/><T3/><D106/><U65/><E102/><V132/><F72/><W73/><G73/><T76/><D76/><U67/><E110/><V28/><F99/><W105/><G38/><T128/><D3/><U115/><E115/><N who="0" m="44105" /><D103/><U15/><E91/><V19/><F45/><W29/><G105/><T7/><D7/><U71/><E71/><V111/><F54/><N who="0" m="21098" /><D56/><U77/><E77/><V13/><F111/><W114/><G114/><T16/><D30/><U62/><E67/><V135/><F86/><W35/><G35/><T11/><D11/><U18/><REACH who="1" step="1"/><E36/><REACH who="1" ten="190,360,220,220" step="2"/><V123/><F79/><W47/><G66/><T108/><D108/><U25/><E25/><AGARI ba="0,1" hai="16,22,25,92,94,128,129,131" m="21098,44105" machi="25" ten="40,5200,0" yaku="19,1,54,2" doraHai="0" who="0" fromWho="1" sc="190,62,360,-52,220,0,220,0" /><INIT seed="2,0,0,3,2,21" ten="252,308,220,220" oya="2" hai0="28,111,49,51,32,1,125,31,2,4,97,15,63" hai1="39,61,79,85,36,134,72,53,122,69,93,75,74" hai2="112,50,57,40,38,30,26,5,80,129,114,101,102" hai3="14,113,86,98,135,46,83,92,68,58,45,34,23"/><V11/><F38/><W106/><G68/><T60/><D111/><U54/><E134/><V27/><F129/><W118/><G34/><T82/><D125/><U90/><E122/><V116/><F116/><W33/><G33/><T77/><D2/><U37/><REACH who="1" step="1"/><E79/><REACH who="1" ten="252,298,220,220" step="2"/><V13/><F114/><W44/><G113/><T22/><D77/><U107/><E107/><V35/><F112/><W84/><G106/><T96/><D96/><U17/><E17/><V123/><F123/><W87/><G135/><T43/><D97/><U103/><E103/><V52/><F80/><W0/><G118/><T64/><D31/><U20/><E20/><V66/><F40/><W105/><G105/><T124/><D22/><U108/><E108/><V3/><F3/><W128/><G0/><T62/><D1/><U89/><E89/><V18/><F18/><W73/><G83/><T19/><D19/><U99/><E99/><V131/><F131/><W78/><G128/><T110/><D82/><U70/><E70/><V81/><F81/><W10/><G23/><T47/><D28/><U24/><E24/><V25/><F30/><W42/><G78/><T59/><D32/><U7/><E7/><V29/><F29/><W130/><G130/><T133/><D110/><U55/><E55/><V119/><F35/><W121/><G121/><T9/><D133/><U8/><E8/><V117/><F119/><W94/><G98/><T109/><D109/><U88/><E88/><V71/><REACH who="2" step="1"/><F117/><REACH who="2" ten="252,298,210,220" step="2"/><W100/><G100/><T127/><D4/><U41/><E41/><V12/><F12/><W120/><G120/><RYUUKYOKU ba="0,2" sc="252,-15,298,15,210,15,220,-15" hai1="36,37,39,53,54,61,69,72,74,75,85,90,93" hai2="5,11,13,25,26,27,50,52,57,66,71,101,102" /><INIT seed="2,1,2,4,3,17" ten="237,313,225,205" oya="2" hai0="57,107,88,114,78,75,128,76,92,81,15,32,71" hai1="104,20,18,50,94,93,119,74,124,27,29,135,70" hai2="115,51,109,99,105,113,23,38,83,31,100,134,62" hai3="9,73,41,48,37,120,42,110,34,11,1,46,2"/><V103/><F38/><W126/><G120/><T85/><D71/><U129/><E119/><V28/><F134/><W122/><G122/><T68/><D68/><U95/><E70/><V53/><F62/><W43/><G34/><T121/><D121/><U63/><E129/><V133/><F133/><W64/><G73/><T79/><D32/><U123/><E135/><V26/><F103/><W72/><G72/><T21/><D114/><U112/><E112/><V54/><F54/><W14/><G110/><T97/><D128/><U65/><E124/><V82/><F109/><W56/><G126/><T84/><D57/><U96/><E74/><V102/><F83/><W91/><G91/><N who="0" m="53351" /><D21/><U45/><E65/><V3/><F3/><W4/><G37/><T127/><D15/><U59/><E59/><V125/><F125/><W69/><G56/><T30/><D30/><U131/><E63/><V118/><F118/><W0/><REACH who="3" step="1"/><G9/><REACH who="3" ten="237,313,225,195" step="2"/><T36/><D36/><U19/><E123/><V10/><F10/><W77/><G77/><T87/><D127/><U22/><E131/><V55/><F115/><W130/><G130/><T98/><D75/><U47/><E50/><V25/><F113/><W106/><G106/><T5/><D98/><U58/><E58/><V117/><F117/><W116/><G116/><T86/><D86/><U44/><E96/><V52/><F51/><W12/><G12/><T80/><D5/><U49/><E49/><V13/><F13/><W60/><AGARI ba="1,3" hai="0,1,2,4,11,14,41,42,43,46,48,60,64,69" machi="60" ten="40,5200,0" yaku="1,1,0,1,53,1" doraHai="17" doraHaiUra="7" who="3" fromWho="3" sc="237,-14,313,-14,225,-27,195,85" /><INIT seed="3,0,0,3,2,41" ten="223,299,198,280" oya="3" hai0="34,84,83,73,89,109,44,74,76,59,94,26,118" hai1="91,62,113,6,119,82,104,15,64,85,20,54,125" hai2="40,28,130,43,117,9,69,101,122,30,77,92,105" hai3="13,37,81,98,7,114,24,111,112,78,12,11,90"/><W96/><G37/><T123/><D118/><U71/><E113/><V99/><F130/><W55/><G111/><T0/><D0/><U16/><E125/><V121/><F117/><W10/><G114/><T87/><D123/><U115/><E115/><V18/><F69/><W17/><G112/><T93/><D109/><U132/><E104/><V72/><F105/><W103/><G90/><T51/><D59/><U5/><E132/><V2/><F72/><W135/><G135/><T36/><D36/><U22/><E119/><V35/><F77/><W66/><G66/><T110/><D110/><U106/><E106/><V67/><F67/><W127/><G127/><T3/><D3/><U19/><REACH who="1" step="1"/><E54/><REACH who="1" ten="223,289,198,280" step="2"/><V27/><F122/><W47/><G103/><T31/><REACH who="0" step="1"/><D94/><REACH who="0" ten="213,289,198,280" step="2"/><U97/><E97/><V60/><F92/><W23/><G98/><T129/><D129/><U128/><E128/><V120/><F99/><W45/><G96/><T33/><D33/><U14/><AGARI ba="0,2" hai="5,6,14,15,16,19,20,22,62,64,71,82,85,91" machi="14" ten="20,8000,1" yaku="1,1,0,1,7,1,9,1,54,1,53,0" doraHai="41" doraHaiUra="38" who="1" fromWho="1" sc="213,-20,289,100,198,-20,280,-40" /><INIT seed="4,0,0,2,3,94" ten="193,389,178,240" oya="0" hai0="71,6,22,121,104,50,87,59,32,82,110,54,92" hai1="123,12,102,117,77,116,41,83,8,85,111,133,7" hai2="127,112,55,2,124,113,16,128,131,120,0,134,14" hai3="23,47,19,69,44,86,129,84,95,45,40,21,91"/><T36/><D104/><U34/><E34/><V43/><F120/><W28/><G69/><T33/><D121/><U118/><E123/><V103/><F43/><W57/><G129/><N who="2" m="49737" /><F103/><W72/><G72/><T11/><D110/><U58/><E133/><V89/><F134/><W24/><G57/><T100/><D71/><U37/><E111/><V61/><F89/><W68/><G68/><T18/><D36/><U78/><E78/><V76/><F76/><W132/><G132/><T46/><D46/><U81/><E81/><V26/><F26/><W63/><G63/><T15/><D100/><U70/><E70/><V101/><F101/><W25/><REACH who="3" step="1"/><G86/><REACH who="3" ten="193,389,178,230" step="2"/><T39/><D39/><AGARI ba="0,1" hai="19,21,23,24,25,28,39,40,44,45,47,84,91,95" machi="39" ten="30,7700,0" yaku="1,1,2,1,7,1,53,1" doraHai="94" doraHaiUra="27" who="3" fromWho="0" sc="193,-77,389,0,178,0,230,87" /><INIT seed="5,0,0,0,3,83" ten="116,389,178,317" oya="1" hai0="59,68,20,97,70,8,38,35,57,109,88,126,69" hai1="19,131,71,118,87,132,84,4,43,72,34,108,77" hai2="46,48,89,33,123,133,32,117,16,45,96,134,127" hai3="12,128,17,53,75,90,101,94,21,111,66,1,100"/><U18/><E118/><V125/><F117/><W60/><G111/><T5/><D35/><U119/><E119/><V36/><F36/><W2/><G75/><T42/><D109/><U23/><E34/><N who="2" m="13419" /><F96/><W24/><G128/><T99/><D126/><N who="2" m="48138" /><F89/><W28/><G53/><T7/><D42/><U93/><E71/><V124/><F123/><W121/><G121/><T25/><D38/><U92/><E131/><V112/><N who="2" m="48146" /><V120/><DORA hai="56" /><F120/><W67/><G1/><T29/><D5/><U41/><E108/><V62/><F112/><W135/><G2/><T114/><D114/><U103/><E72/><V116/><F116/><W73/><G135/><N who="2" m="51721" /><F48/><W15/><G73/><T9/><D99/><U55/><E132/><V86/><F86/><N who="1" m="32809" /><E77/><V27/><F62/><W44/><G60/><T49/><D49/><U122/><E122/><V6/><F6/><W76/><G76/><T85/><D97/><N who="1" m="59815" /><E93/><V63/><F63/><W115/><G115/><T22/><D22/><AGARI ba="0,0" hai="16,22,27,45,46" m="51721,48146,13419" machi="22" ten="50,6400,0" yaku="18,1,20,1,54,1" doraHai="83,56" who="2" fromWho="0" sc="116,-64,389,0,178,64,317,0" /><INIT seed="6,0,0,4,2,55" ten="52,389,242,317" oya="2" hai0="71,77,96,122,135,56,126,2,112,8,42,120,69" hai1="74,83,128,104,5,28,41,34,72,134,110,45,91" hai2="84,61,53,113,107,87,16,101,31,108,97,12,17" hai3="65,30,76,102,103,131,132,11,93,27,95,59,36"/><V114/><F108/><W22/><G36/><T125/><D77/><U58/><E110/><V100/><F31/><W70/><G70/><N who="0" m="26635" /><D96/><U38/><E104/><V106/><F53/><W79/><G131/><T78/><D78/><N who="3" m="29737" /><G132/><T40/><D8/><U130/><E134/><V82/><F61/><N who="3" m="38079" /><G11/><T29/><D29/><U98/><E5/><V54/><F54/><W80/><G80/><T49/><D2/><U10/><E10/><V68/><F68/><W13/><G13/><T81/><D81/><U52/><E34/><V9/><F17/><W109/><G109/><T63/><D135/><U66/><E66/><V35/><F35/><W57/><G57/><T90/><D90/><U33/><E33/><V20/><F9/><W60/><G60/><T44/><D40/><U133/><E28/><V62/><F62/><W115/><G115/><N who="2" m="44041" /><F82/><W37/><G37/><T94/><D94/><AGARI ba="0,0" hai="22,27,30,93,94,95,102,103" m="38079,29737" machi="94" ten="30,2000,0" yaku="8,1,52,1" doraHai="55" who="3" fromWho="0" sc="52,-20,389,0,242,0,317,20" /><INIT seed="7,0,0,4,3,124" ten="32,389,242,337" oya="3" hai0="53,47,18,22,88,8,13,32,118,49,61,87,1" hai1="21,100,66,107,2,95,4,45,83,106,115,54,46" hai2="129,73,35,111,67,23,56,42,134,125,74,82,97" hai3="0,132,79,78,36,59,43,58,93,70,80,33,15"/><W68/><G0/><T16/><D118/><U17/><E66/><V34/><F111/><W31/><G33/><T90/><D32/><U103/><E83/><V131/><F125/><W65/><G31/><T109/><D109/><U126/><E126/><V44/><F134/><W9/><G132/><T91/><D1/><U30/><E30/><V133/><F133/><W127/><G127/><T104/><D104/><U96/><E4/><V99/><F67/><W135/><G135/><T7/><D61/><U64/><E64/><V6/><F56/><W19/><G79/><T113/><D7/><U94/><E2/><V41/><F6/><W5/><G93/><T55/><D55/><U39/><E54/><V62/><F82/><W52/><G5/><T40/><D40/><U38/><E115/><V120/><F62/><W28/><G28/><T128/><D113/><U130/><E21/><V114/><F114/><W105/><G105/><T51/><D51/><U121/><E17/><V112/><F112/><W116/><G116/><T48/><D48/><U63/><E63/><V3/><F3/><W86/><G65/><T60/><D60/><U24/><E24/><V89/><F89/><W12/><G12/><T101/><D101/><U37/><E37/><V84/><F23/><W76/><G76/><T69/><D69/><U14/><E14/><V85/><REACH who="2" step="1"/><F44/><REACH who="2" ten="32,389,232,337" step="2"/><N who="3" m="23655" /><G59/><T98/><D98/><U57/><E57/><V26/><F26/><W20/><G20/><T29/><D29/><U27/><E27/><V71/><F71/><W72/><G68/><T50/><D22/><U25/><E25/><RYUUKYOKU ba="0,1" sc="32,-10,389,-10,232,30,337,-10" hai2="34,35,41,42,73,74,84,85,97,99,120,129,131" owari="22,-47.8,389,48.9,262,-13.8,327,12.7" /></mjloggm>