<mjloggm ver="2.3"><GO type="169" lobby="0"/><UN n0="%E7%A5%9E%E6%88%B8%E5%B0%8F%E9%B3%A5%E9%86%A4" n1="%E9%98%BF%E9%83%A8%E5%AF%9B%EF%BC%A0%E9%B3%B3%E5%8D%93" n2="%E6%A1%9C%E5%B0%8F%E8%B7%AF%E6%89%8D%E8%8F%AF" n3="%E3%83%A4%E3%83%8A%E3%83%AA%E3%83%B3%E3%82%B9%E3%82%AD%E3%83%BC" dan="16,17,16,17" rate="2059.51,2173.68,2185.05,2210.05" sx="F,F,M,M"/><TAIKYOKU oya="0"/><INIT seed="0,0,0,2,2,98" ten="250,250,250,250" oya="0" hai0="49,42,132,102,15,0,77,51,116,66,120,10,73" hai1="11,128,69,58,95,36,87,80,108,71,34,91,123" hai2="134,54,61,107,35,21,79,125,65,92,114,37,82" hai3="28,112,74,62,48,131,47,44,94,25,3,90,118"/><T39/><D120/><U106/><E106/><V4/><F35/><W57/><G112/><T43/><D116/><U101/><E34/><V24/><F107/><W111/><G118/><T32/><D32/><U31/><E36/><V16/><F37/><W26/><G111/><T56/><D132/><U75/><E31/><V127/><F114/><W64/><G131/><T119/><D119/><U121/><E58/><V18/><F4/><W45/><G3/><T83/><D43/><U109/><E11/><V129/><F54/><W2/><G2/><T27/><D27/><U89/><E128/><V99/><F134/><W110/><G74/><T104/><D15/><U23/><E23/><V135/><F135/><W60/><G110/><N who="1" m="42602" /><E89/><V100/><F129/><W76/><G76/><T52/><D66/><U6/><E6/><V84/><REACH who="2" step="1"/><F18/><REACH who="2" ten="250,250,240,250" step="2"/><W7/><G7/><N who="0" m="1383" /><D52/><U30/><E30/><V13/><F13/><W9/><G28/><T68/><D68/><AGARI ba="0,1" hai="16,21,24,61,65,68,79,82,84,92,99,100,125,127" machi="68" ten="40,5200,0" yaku="1,1,52,1,54,1,53,0" doraHai="98" doraHaiUra="55" who="2" fromWho="0" sc="250,-52,250,0,240,62,250,0" /><INIT seed="1,0,0,3,5,42" ten="198,250,302,250" oya="1" hai0="27,67,36,97,44,19,109,40,46,74,47,126,80" hai1="82,55,34,53,130,41,114,68,81,128,125,94,103" hai2="122,123,35,28,49,56,2,85,1,32,110,127,37" hai3="92,12,86,134,48,121,62,106,70,112,23,6,64"/><U25/><E68/><V87/><F37/><W13/><G121/><T24/><D126/><U78/><E114/><V0/><F127/><W4/><G112/><T89/><D109/><U111/><E125/><V61/><F110/><W129/><G106/><T20/><D67/><U108/><E25/><V39/><F39/><W14/><G129/><N who="1" m="49770" /><E34/><V79/><F49/><W18/><G134/><T63/><D63/><U21/><E21/><V54/><F79/><W95/><G48/><T43/><D74/><N who="1" m="43223" /><E82/><V75/><F75/><W10/><REACH who="3" step="1"/><G86/><REACH who="3" ten="198,250,302,240" step="2"/><N who="0" m="50375" /><D97/><N who="1" m="59831" /><E41/><N who="0" m="15945" /><D36/><U77/><E77/><V33/><F123/><W76/><G76/><T22/><D22/><U66/><E66/><V90/><F122/><W118/><G118/><T57/><D57/><U52/><AGARI ba="0,1" hai="52,53,55,108,111" m="59831,43223,49770" machi="52" ten="40,3900,0" yaku="19,1,54,1" doraHai="42" who="1" fromWho="1" sc="198,-13,250,49,302,-13,240,-13" /><INIT seed="1,1,0,3,4,95" ten="185,299,289,227" oya="1" hai0="108,77,91,62,74,101,35,103,31,13,123,126,6" hai1="97,60,122,80,37,96,78,121,44,112,30,58,39" hai2="54,131,106,117,120,107,53,45,19,21,34,18,105" hai3="65,66,22,15,134,0,28,20,50,56,51,98,14"/><U113/><E30/><V102/><F117/><W43/><G0/><T48/><D126/><U130/><E58/><V85/><F120/><N who="1" m="46185" /><E60/><V17/><F34/><W118/><G134/><T128/><D128/><U110/><E44/><V2/><F2/><W82/><G82/><T46/><D123/><U55/><E55/><V125/><F125/><W79/><G79/><T87/><D31/><U63/><E63/><V104/><F131/><W90/><G118/><T119/><D62/><U10/><E10/><V41/><F85/><W135/><G135/><T3/><D119/><U127/><E37/><V83/><F83/><W24/><G43/><T12/><D35/><U115/><E39/><V27/><N who="2" m="26624" /><DORA hai="84" /><V1/><F102/><W4/><G4/><T67/><D3/><U61/><E61/><V111/><F1/><W49/><G56/><T132/><D6/><U23/><E23/><V25/><F25/><W76/><G76/><T7/><D7/><U68/><E68/><V93/><F27/><W64/><G22/><T109/><D67/><U47/><E127/><V36/><F21/><W38/><G38/><T92/><D132/><U33/><E33/><V8/><F8/><W99/><G90/><T124/><D124/><U116/><E130/><V5/><F5/><W59/><G59/><T26/><D26/><U40/><E116/><V42/><F42/><W57/><G57/><T9/><D13/><AGARI ba="1,0" hai="13,14,15,20,24,28,49,50,51,64,65,66,98,99" machi="13" ten="40,5200,0" yaku="8,1,52,2" doraHai="95,84" who="3" fromWho="0" sc="185,-55,299,0,289,0,227,55" /><INIT seed="2,0,0,4,1,51" ten="130,299,289,282" oya="2" hai0="67,116,63,0,102,78,46,124,28,8,113,89,122" hai1="52,118,92,11,117,97,32,79,44,31,12,21,72" hai2="105,87,60,88,37,101,68,13,123,14,94,62,121" hai3="103,126,56,1,29,3,22,59,99,98,47,66,18"/><V112/><F112/><W82/><G126/><T4/><D113/><U33/><E72/><V43/><F37/><W106/><G29/><T2/><D124/><U57/><E79/><V69/><F43/><W30/><G30/><T95/><D122/><U75/><E75/><V76/><F76/><W53/><G82/><T133/><D133/><U35/><E44/><V93/><F105/><W114/><G114/><T77/><D116/><U110/><E110/><V71/><F101/><W5/><G98/><T127/><D127/><U50/><E21/><V42/><F42/><W104/><G104/><T119/><D102/><U36/><E31/><V27/><F27/><W24/><G5/><T17/><D119/><U26/><E26/><V49/><F49/><W70/><G70/><T83/><D28/><U55/><E36/><V64/><F94/><W109/><G109/><T15/><D46/><U135/><E135/><V115/><F115/><W54/><G66/><T74/><D78/><U90/><REACH who="1" step="1"/><E55/><REACH who="1" ten="130,289,289,282" step="2"/><V61/><REACH who="2" step="1"/><F64/><REACH who="2" ten="130,289,279,282" step="2"/><W85/><G24/><T16/><D2/><U107/><E107/><V40/><F40/><W38/><G106/><T100/><D0/><U128/><E128/><V81/><F81/><W9/><G38/><T129/><D129/><U125/><E125/><V39/><F39/><W65/><G65/><T25/><D25/><U6/><AGARI ba="0,2" hai="6,11,12,32,33,35,50,52,57,90,92,97,117,118" machi="6" ten="30,7900,0" yaku="1,1,0,1,52,1,54,1,53,0" doraHai="51" doraHaiUra="134" who="1" fromWho="1" sc="130,-20,289,99,279,-39,282,-20" /><INIT seed="3,0,0,3,1,59" ten="110,388,240,262" oya="3" hai0="94,114,46,105,119,78,29,27,90,35,101,117,135" hai1="89,23,12,86,87,125,33,62,1,16,100,31,71" hai2="104,72,48,79,75,19,39,70,128,22,47,130,58" hai3="81,126,64,80,32,85,56,99,77,132,26,21,38"/><W30/><G38/><T97/><D135/><U103/><E1/><V3/><F70/><W111/><G132/><T60/><D114/><U134/><E134/><V83/><F3/><W129/><G126/><T91/><D78/><U15/><E33/><V10/><F104/><W11/><G129/><N who="2" m="49769" /><F10/><W133/><G133/><T66/><D46/><U67/><E31/><V18/><F39/><W121/><G121/><T13/><D13/><U55/><E87/><N who="2" m="48639" /><F58/><W5/><G111/><T0/><D0/><U123/><E12/><N who="2" m="9543" /><F19/><W120/><G120/><T74/><D74/><U131/><E123/><V96/><F96/><W2/><G99/><T65/><D65/><U37/><E37/><V57/><F57/><W69/><G69/><T109/><D109/><U107/><E131/><V6/><F6/><W54/><G64/><T53/><D53/><AGARI ba="0,0" hai="47,48,53,72,75" m="9543,48639,49769" machi="53" ten="30,1000,0" yaku="19,1" doraHai="59" who="2" fromWho="0" sc="110,-10,388,0,240,10,262,0" /><INIT seed="4,0,0,4,5,32" ten="100,388,250,262" oya="0" hai0="55,7,11,89,85,129,53,76,77,108,79,81,22" hai1="90,67,49,47,98,75,31,68,88,28,16,19,36" hai2="100,14,116,45,110,74,132,48,5,20,133,96,17" hai3="51,97,99,50,3,107,83,135,52,26,2,101,24"/><T131/><D108/><U35/><E36/><V82/><F110/><W105/><G83/><T46/><D22/><U70/><E75/><V120/><F120/><W59/><G135/><N who="2" m="51785" /><F116/><W122/><G122/><T8/><D46/><U119/><E35/><V71/><F71/><W73/><G73/><T61/><D61/><U93/><E119/><V127/><F127/><W6/><G6/><T18/><D18/><N who="1" m="6699" /><E70/><V130/><F130/><N who="0" m="49674" /><D8/><U114/><E114/><V64/><F64/><W109/><G109/><T57/><D57/><U0/><E0/><AGARI ba="0,0" hai="0,7,11,53,55,76,77,79,81,85,89" m="49674" machi="0" ten="30,2900,0" yaku="19,1,52,1" doraHai="32" who="0" fromWho="1" sc="100,29,388,-29,250,0,262,0" /><INIT seed="4,1,0,3,0,31" ten="129,359,250,262" oya="0" hai0="58,127,90,103,4,96,28,46,27,35,66,19,98" hai1="123,52,132,80,99,40,62,10,39,110,70,41,114" hai2="101,129,93,29,50,38,113,106,33,6,117,71,47" hai3="102,89,97,77,61,108,7,68,60,86,115,24,3"/><T95/><D127/><U26/><E99/><V112/><F38/><W25/><G108/><T36/><D4/><U48/><E80/><V116/><F106/><W75/><G115/><N who="2" m="44105" /><F71/><W8/><G77/><T88/><D19/><U1/><E26/><N who="2" m="18615" /><F129/><W134/><G75/><T105/><D36/><U18/><E70/><V22/><F6/><W45/><G45/><T72/><D72/><U83/><E1/><V44/><F22/><W23/><G134/><T82/><D46/><N who="2" m="17450" /><F50/><W55/><G68/><T124/><D124/><U91/><E48/><V87/><F87/><W69/><G69/><T78/><D66/><U130/><E39/><V16/><F16/><W21/><G21/><T13/><D13/><U94/><E18/><V54/><F54/><W128/><G128/><T107/><D58/><U120/><E52/><V15/><F15/><W81/><G55/><T14/><D14/><U57/><E57/><V59/><F59/><W85/><G85/><T53/><D53/><U73/><E73/><V104/><F104/><W125/><G125/><T119/><D119/><U118/><E118/><V12/><F12/><W63/><REACH who="3" step="1"/><G23/><REACH who="3" ten="129,359,250,252" step="2"/><T121/><D121/><U65/><E123/><V111/><F111/><W79/><G79/><T135/><D135/><U74/><E120/><V43/><F43/><N who="1" m="16457" /><E110/><V5/><F5/><W76/><G76/><T42/><D42/><U37/><E114/><V20/><F20/><W56/><G56/><T30/><D78/><U126/><E126/><V131/><F131/><W2/><G2/><T9/><D9/><U0/><E130/><V109/><F109/><RYUUKYOKU ba="1,1" sc="129,-15,359,-15,250,15,252,15" hai2="93,101,116,117" hai3="3,7,8,24,25,60,61,63,81,86,89,97,102" /><INIT seed="5,2,1,2,1,16" ten="114,344,265,267" oya="1" hai0="61,44,19,9,6,75,41,86,93,52,55,103,113" hai1="98,118,33,36,67,13,120,60,2,84,42,48,126" hai2="110,122,8,127,117,21,11,89,35,49,40,34,135" hai3="70,119,116,17,7,1,3,64,115,39,31,97,62"/><U74/><E2/><V54/><F110/><W18/><G39/><T71/><D75/><U14/><E74/><V83/><F122/><W95/><G31/><T125/><D125/><U132/><E33/><V32/><F117/><N who="3" m="45131" /><G115/><T81/><D113/><U46/><E120/><V85/><F127/><W133/><G133/><T80/><D71/><U99/><E118/><V45/><F135/><W57/><G57/><T88/><D19/><N who="3" m="7177" /><G7/><T96/><D61/><U91/><E36/><V128/><F128/><W76/><G76/><T82/><D41/><U27/><E27/><V79/><F40/><W63/><G62/><T10/><D44/><U104/><E60/><V30/><REACH who="2" step="1"/><F79/><REACH who="2" ten="114,344,255,267" step="2"/><W37/><G37/><T105/><REACH who="0" step="1"/><D10/><REACH who="0" ten="104,344,255,267" step="2"/><U73/><E126/><V56/><F56/><W129/><G129/><T112/><D112/><U72/><E132/><V134/><F134/><W124/><G124/><T29/><D29/><U38/><E42/><V107/><F107/><W100/><AGARI ba="2,3" hai="1,3,63,64,70,95,97,100" m="7177,45131" machi="100" ten="30,1100,0" yaku="12,1" doraHai="16" who="3" fromWho="3" sc="104,-5,344,-7,255,-5,267,47" /><INIT seed="6,0,0,0,0,130" ten="99,337,250,314" oya="2" hai0="59,110,27,21,3,54,23,86,25,40,46,89,16" hai1="45,34,51,97,117,70,62,113,119,39,44,30,37" hai2="115,133,64,111,22,71,52,7,96,33,58,82,69" hai3="66,114,104,77,132,78,101,91,31,53,95,93,55"/><V0/><F33/><W13/><G132/><T90/><D3/><U9/><E97/><V107/><F115/><W116/><G104/><T61/><D110/><U60/><E9/><V10/><F111/><W63/><G116/><N who="1" m="44618" /><E30/><V36/><F36/><N who="1" m="13897" /><E34/><V127/><F127/><W24/><G13/><T72/><D72/><U126/><E126/><V85/><F64/><W88/><G101/><T35/><D35/><U48/><E113/><V1/><F1/><W65/><G63/><N who="1" m="24106" /><E70/><V47/><F71/><W17/><G17/><T2/><D2/><U102/><E102/><V98/><F69/><W131/><G24/><T106/><D106/><U4/><E4/><V38/><F7/><W75/><G75/><T41/><D89/><U94/><E94/><V19/><F10/><W76/><G76/><T124/><D124/><U121/><E121/><V99/><F0/><W6/><G6/><T109/><D109/><U103/><E103/><V123/><F123/><W11/><G11/><T129/><D129/><U125/><E125/><V108/><F108/><W5/><G5/><T26/><D26/><U12/><E12/><V74/><F74/><W8/><G8/><T73/><D73/><U81/><E81/><V79/><F107/><W122/><G114/><T84/><D84/><U20/><E20/><V67/><F22/><W15/><G15/><T57/><D59/><U68/><E68/><V29/><F85/><W32/><G32/><T87/><D86/><U134/><E134/><V120/><F133/><W118/><G118/><T56/><D57/><U92/><E92/><V49/><F120/><RYUUKYOKU ba="0,0" sc="99,-10,337,30,250,-10,314,-10" hai1="44,45,48,51" /><INIT seed="7,1,0,3,3,22" ten="89,367,240,304" oya="3" hai0="76,81,97,36,70,124,107,74,58,101,48,82,15" hai1="25,11,5,100,52,69,56,134,110,72,99,63,66" hai2="130,98,26,57,123,104,132,31,53,6,80,44,2" hai3="24,64,77,40,62,119,18,116,112,28,46,45,14"/><W13/><G112/><T71/><D48/><U35/><E110/><V94/><F130/><W37/><G77/><T83/><D58/><U129/><E72/><V50/><F132/><W79/><G79/><T7/><D15/><N who="1" m="5615" /><E129/><V61/><F123/><W115/><G115/><T109/><D109/><U16/><E134/><V41/><F104/><W108/><G108/><T102/><D7/><U106/><E16/><V122/><F122/><W86/><G46/><T30/><D30/><N who="1" m="19919" /><E52/><V65/><F80/><N who="0" m="30762" /><D36/><U59/><AGARI ba="1,0" hai="56,59,63,66,69,99,100,106" m="19919,5615" machi="59" ten="30,2000,0" yaku="25,1,52,1" doraHai="22" who="1" fromWho="1" sc="89,-6,367,23,240,-6,304,-11" owari="83,-41.7,390,49.0,234,-16.6,293,9.3" /></mjloggm>