<mjloggm ver="2.3"><GO type="169" lobby="0"/><UN n0="%6B%E3%81%AE" n1="%E4%BD%90%E8%97%A4%E3%82%AB%E3%82%A4%E3%82%B8" n2="%E5%B3%B6%E7%94%B0%E7%9C%9F%E5%A4%A2" n3="%E5%B1%B1%E6%9C%AC%E6%83%A3%E4%B8%80%E6%9C%97" dan="17,17,16,16" rate="2226.76,2179.68,2162.93,2154.43" sx="M,F,F,M"/><TAIKYOKU oya="0"/><INIT seed="0,0,0,0,4,87" ten="250,250,250,250" oya="0" hai0="119,74,126,82,86,0,51,34,28,95,64,5,94" hai1="69,52,35,128,73,114,98,47,134,45,30,44,107" hai2="72,32,40,13,84,6,75,103,9,33,110,116,49" hai3="90,23,81,37,61,19,125,101,67,38,99,102,83"/><T56/><D119/><U89/><E134/><V1/><F116/><W50/><G125/><T115/><D115/><U130/><E69/><V29/><F110/><W14/><G50/><T16/><D74/><U79/><E114/><V22/><F103/><W53/><G53/><T55/><D126/><U58/><E30/><V63/><F63/><W92/><G102/><T60/><D5/><U117/><E35/><V11/><F32/><W118/><G118/><T65/><D0/><U111/><E117/><V80/><F33/><W96/><G38/><T15/><D28/><U113/><E111/><V105/><F105/><W68/><REACH who="3" step="1"/><G37/><REACH who="3" ten="250,250,250,240" step="2"/><T18/><D65/><U135/><E113/><V48/><F48/><W122/><G122/><T46/><D34/><U2/><E135/><V93/><F49/><W26/><G26/><T112/><D112/><U36/><E36/><V121/><F121/><W120/><G120/><T31/><D31/><U124/><E124/><V21/><F29/><W123/><G123/><T39/><D39/><U24/><E24/><V4/><F40/><W129/><G129/><T7/><D7/><U12/><E130/><V131/><F131/><W109/><G109/><T70/><D18/><U43/><E128/><V71/><F4/><W132/><G132/><T104/><D104/><AGARI ba="0,1" hai="14,19,23,61,67,68,81,83,90,92,96,99,101,104" machi="104" ten="30,3900,0" yaku="1,1,7,1,52,1,53,0" doraHai="87" doraHaiUra="42" who="3" fromWho="0" sc="250,-39,250,0,250,0,240,49" /><INIT seed="1,0,0,5,2,134" ten="211,250,250,289" oya="1" hai0="91,0,28,44,128,54,84,101,118,100,50,64,135" hai1="92,62,132,18,14,72,73,67,96,24,57,103,30" hai2="109,74,22,110,71,66,94,19,3,115,75,80,114" hai3="39,129,47,60,42,49,58,5,123,86,61,88,69"/><U35/><REACH who="1" step="1"/><E132/><REACH who="1" ten="211,240,250,289" step="2"/><V23/><F115/><W97/><G123/><T15/><D135/><U112/><E112/><V29/><F114/><W120/><G120/><T38/><D118/><U124/><E124/><V95/><F110/><W11/><G129/><T1/><D128/><U27/><E27/><V78/><F109/><W56/><G69/><T53/><D0/><U34/><E34/><V10/><F3/><W16/><G58/><T8/><D1/><U7/><E7/><V133/><F133/><W89/><G5/><N who="0" m="3471" /><D38/><U116/><E116/><V131/><F131/><W68/><G68/><T117/><D117/><U55/><E55/><V127/><F127/><W9/><G56/><T122/><D122/><U77/><E77/><V99/><F71/><W43/><G43/><T111/><D111/><U17/><E17/><V125/><F125/><W40/><G40/><T76/><D76/><U105/><E105/><V20/><F19/><W104/><G39/><T33/><D33/><U65/><E65/><V93/><F66/><W45/><G16/><T107/><D64/><U48/><E48/><V108/><F108/><W52/><G52/><T121/><D107/><U26/><E26/><V106/><F106/><W32/><G32/><T31/><D121/><U102/><E102/><V82/><F78/><W6/><G104/><T70/><D54/><U79/><E79/><V12/><F12/><W63/><G6/><T25/><D70/><U37/><E37/><V113/><F113/><W13/><G13/><T41/><D53/><U4/><E4/><V83/><F29/><N who="0" m="11338" /><D25/><U21/><AGARI ba="0,1" hai="14,18,21,24,30,35,57,62,67,72,73,92,96,103" machi="21" ten="20,12000,1" yaku="21,2,5,1,0,1,7,1,53,0" doraHai="134" doraHaiUra="81" who="1" fromWho="1" sc="211,-40,240,130,250,-40,289,-40" /><INIT seed="1,1,0,3,2,89" ten="171,370,210,249" oya="1" hai0="75,112,28,23,84,64,9,57,77,103,54,70,59" hai1="100,116,96,49,58,115,17,133,91,105,95,45,11" hai2="51,4,73,29,53,118,113,102,131,123,27,97,86" hai3="7,132,20,56,62,119,68,52,63,106,126,124,114"/><U42/><E116/><V128/><F123/><W98/><G114/><T129/><D112/><U111/><E115/><V121/><F113/><W0/><G119/><T69/><D129/><U92/><E133/><V47/><F121/><W30/><G132/><T82/><D103/><U6/><E111/><V33/><F118/><W39/><G39/><T3/><D64/><U32/><E32/><V43/><F73/><W99/><G7/><T26/><D59/><U38/><E17/><V60/><F4/><W10/><G10/><T83/><D9/><U41/><E91/><V24/><F86/><W79/><G0/><T87/><D3/><U36/><E58/><V37/><F60/><W117/><G117/><T2/><D2/><U130/><E130/><V80/><F80/><W25/><G79/><T35/><D35/><U55/><E38/><V110/><F24/><W88/><G106/><T76/><REACH who="0" step="1"/><D75/><REACH who="0" ten="161,370,210,249" step="2"/><U108/><E108/><V61/><F110/><W22/><G68/><T109/><D109/><U134/><E134/><V122/><F122/><W18/><G63/><AGARI ba="1,1" hai="23,26,28,54,57,63,69,70,76,77,82,83,84,87" machi="63" ten="30,7700,0" yaku="1,1,7,1,9,1,53,1" doraHai="89" doraHaiUra="19" who="0" fromWho="3" sc="161,90,370,0,210,0,249,-80" /><INIT seed="2,0,0,1,4,88" ten="251,370,210,169" oya="2" hai0="3,135,52,62,20,7,43,48,128,133,116,75,66" hai1="69,81,13,63,42,85,101,28,9,25,4,103,26" hai2="11,46,107,18,40,123,100,65,77,8,72,24,87" hai3="41,27,80,22,38,99,134,90,61,84,54,102,113"/><V31/><F123/><W130/><G130/><T94/><D75/><U126/><E126/><V120/><F120/><W83/><G134/><N who="0" m="51211" /><D128/><U6/><E42/><V106/><F72/><W93/><G113/><T10/><D43/><U110/><E110/><V49/><F65/><W73/><G38/><T51/><D116/><U92/><E69/><V34/><F100/><N who="1" m="38473" /><E63/><V55/><F18/><W117/><G117/><T35/><D35/><U105/><E105/><V58/><F106/><W57/><G41/><T59/><D20/><N who="1" m="15431" /><E25/><V23/><F107/><W125/><G125/><T12/><D3/><U115/><E115/><V67/><F67/><W114/><G114/><T79/><D79/><N who="1" m="46271" /><E92/><V74/><F74/><W124/><G124/><T76/><D76/><U0/><E0/><V32/><F32/><W44/><G44/><T39/><D39/><U95/><E95/><V56/><F34/><W37/><G37/><T21/><D21/><U60/><E60/><N who="2" m="35871" /><F58/><W47/><G47/><N who="0" m="27679" /><D94/><U1/><E1/><V96/><F96/><W68/><G68/><T108/><D108/><U78/><E78/><V53/><F40/><W17/><G73/><T109/><D109/><U82/><E82/><AGARI ba="0,0" hai="8,11,23,24,31,46,49,53,77,82,87" m="35871" machi="82" ten="30,1500,0" yaku="8,1" doraHai="88" who="2" fromWho="1" sc="251,0,370,-15,210,15,169,0" /><AGARI ba="0,0" hai="17,22,27,54,57,61,80,82,83,84,90,93,99,102" machi="82" ten="30,3900,0" yaku="7,1,8,1,52,1" doraHai="88" who="3" fromWho="1" sc="251,0,355,-39,225,0,169,39" /><INIT seed="2,1,0,3,1,67" ten="251,316,225,208" oya="2" hai0="26,35,18,81,119,40,69,4,65,100,39,1,63" hai1="36,53,129,68,48,95,11,96,15,23,41,31,29" hai2="45,2,101,73,82,74,57,128,44,114,89,120,50" hai3="24,38,14,61,25,132,28,116,7,47,105,75,125"/><V6/><F120/><W76/><G116/><T62/><D119/><U83/><E129/><V49/><F114/><W90/><G132/><T32/><D62/><U110/><E110/><V131/><F101/><W91/><G125/><T19/><D39/><U37/><E68/><V54/><F6/><W66/><G105/><T58/><D40/><U64/><E64/><V135/><F2/><W99/><G76/><T108/><D108/><U42/><E83/><V87/><F135/><W85/><G75/><T104/><D58/><N who="1" m="33063" /><E37/><V3/><F3/><W27/><G99/><N who="0" m="61471" /><D32/><U109/><E36/><V102/><F102/><W9/><G28/><N who="1" m="10826" /><E23/><V92/><F82/><W86/><G86/><T5/><D81/><U84/><E84/><V130/><REACH who="2" step="1"/><F57/><REACH who="2" ten="251,316,215,208" step="2"/><W17/><G7/><T30/><D4/><N who="1" m="3559" /><E109/><V10/><F10/><AGARI ba="1,1" hai="1,5,10,18,19,26,30,35,63,65,69" m="61471" machi="10" ten="30,2000,0" yaku="25,1,52,1" doraHai="67" who="0" fromWho="2" sc="251,33,316,0,215,-23,208,0" /><INIT seed="3,0,0,2,4,5" ten="284,316,192,208" oya="3" hai0="71,81,57,42,85,98,10,6,107,108,100,82,18" hai1="69,130,33,95,94,22,14,77,74,39,34,112,68" hai2="0,128,61,133,9,67,113,50,120,101,105,63,3" hai3="76,23,116,87,96,93,121,119,48,99,90,52,46"/><W15/><G121/><T106/><D71/><U135/><E112/><V27/><F113/><W132/><G132/><T103/><D108/><U80/><E135/><V129/><F133/><W25/><G15/><T127/><D127/><U64/><E39/><V66/><F120/><W73/><G73/><T56/><D42/><U24/><E130/><N who="2" m="50283" /><F27/><W60/><G60/><N who="2" m="23113" /><F50/><W43/><G43/><T30/><D30/><U1/><E1/><N who="2" m="587" /><F9/><W29/><REACH who="3" step="1"/><G76/><REACH who="3" ten="284,316,192,198" step="2"/><T41/><D41/><U55/><E77/><V32/><F32/><W35/><G35/><T40/><D40/><U123/><E34/><V49/><F49/><W109/><G109/><T36/><D36/><U4/><E33/><V58/><F105/><W19/><G19/><T124/><D18/><U53/><E14/><V111/><F111/><W8/><G8/><T44/><D10/><U117/><E123/><V38/><F38/><W88/><G88/><T12/><D107/><U13/><E13/><V102/><F58/><W17/><G17/><T97/><D56/><U125/><E69/><V122/><F122/><W70/><G70/><T86/><D57/><U51/><E68/><V16/><F16/><W104/><G104/><T47/><D12/><U114/><E114/><V126/><F126/><W28/><G28/><T75/><D124/><U134/><E125/><V65/><AGARI ba="0,1" hai="65,66,67,101,102" m="587,23113,50283" machi="65" ten="40,5200,0" yaku="28,2,19,1" doraHai="5" who="2" fromWho="2" sc="284,-13,316,-13,192,62,198,-26" /><INIT seed="4,0,0,0,5,47" ten="271,303,254,172" oya="0" hai0="34,127,81,30,42,20,49,14,126,6,11,37,46" hai1="96,134,82,15,33,114,105,24,29,41,1,101,0" hai2="54,121,93,88,45,90,56,71,133,9,129,72,89" hai3="95,23,100,58,98,106,118,62,69,32,107,64,2"/><T22/><D37/><U17/><E134/><V74/><F133/><W51/><G118/><T68/><D68/><U4/><E114/><V78/><F71/><W115/><G115/><T19/><D81/><U59/><E41/><V36/><F129/><W26/><G2/><T113/><D113/><U75/><E4/><V124/><F121/><W7/><G7/><T57/><D57/><U97/><E97/><V104/><F104/><W76/><G76/><T12/><REACH who="0" step="1"/><D20/><REACH who="0" ten="261,303,254,172" step="2"/><U43/><E59/><V92/><F56/><W18/><G32/><T135/><D135/><U110/><E82/><V27/><F36/><W44/><REACH who="3" step="1"/><G58/><REACH who="3" ten="261,303,254,162" step="2"/><T85/><D85/><U28/><E33/><V16/><F72/><W102/><G102/><T108/><D108/><U31/><E110/><V67/><F74/><W86/><G86/><T63/><D63/><U73/><E75/><V70/><F70/><W122/><G122/><T77/><D77/><U65/><E73/><V35/><F78/><W132/><G132/><T99/><D99/><U50/><E96/><V111/><F35/><W130/><G130/><T94/><D94/><U128/><E128/><V91/><F111/><W87/><G87/><T38/><D38/><U80/><E101/><V39/><F39/><W123/><G123/><T109/><D109/><U112/><E112/><V61/><F93/><W79/><G79/><T117/><D117/><U125/><E105/><V83/><F92/><W60/><G60/><T10/><D10/><U48/><E80/><V119/><F83/><W53/><AGARI ba="0,2" hai="18,23,26,44,51,53,62,64,69,95,98,100,106,107" machi="53" ten="20,5200,0" yaku="1,1,0,1,7,1,52,1,53,0" doraHai="47" doraHaiUra="3" who="3" fromWho="3" sc="261,-26,303,-13,254,-13,162,72" /><INIT seed="5,0,0,0,0,27" ten="235,290,241,234" oya="1" hai0="2,117,106,26,76,94,86,6,37,57,134,65,21" hai1="72,14,96,114,120,33,74,128,108,0,129,15,41" hai2="24,82,50,89,109,102,47,45,48,101,131,20,49" hai3="22,133,127,44,105,124,88,116,23,119,113,40,11"/><U4/><E120/><V107/><F109/><W30/><G105/><T28/><D117/><N who="3" m="45129" /><G113/><T125/><D106/><U13/><E114/><V7/><F107/><W62/><G133/><T58/><D37/><U130/><E108/><V5/><F131/><W53/><G11/><T75/><D134/><U56/><E33/><V118/><F118/><W126/><G30/><T121/><D125/><U18/><E41/><V51/><F5/><W69/><G88/><N who="0" m="53527" /><D75/><N who="1" m="28715" /><E96/><V39/><F7/><W35/><G35/><T19/><D2/><U29/><E29/><N who="2" m="17543" /><F39/><N who="3" m="21535" /><G69/><T67/><D6/><U122/><E122/><V70/><F70/><W25/><G25/><T17/><D76/><U12/><E0/><V36/><F36/><W112/><G112/><T85/><D85/><U73/><E73/><V81/><F89/><W110/><G110/><T132/><D121/><U84/><E84/><V78/><F78/><W34/><G34/><T87/><D87/><U52/><E4/><V60/><F45/><W1/><G1/><T115/><D115/><U16/><N who="1" m="3072" /><DORA hai="77" /><U54/><E56/><AGARI ba="0,0" hai="22,23,53,56,62,124,126,127" m="21535,45129" machi="56" ten="40,2600,0" yaku="18,1,12,1" doraHai="27,77" who="3" fromWho="1" sc="235,0,290,-26,241,0,234,26" /><INIT seed="6,0,0,3,5,108" ten="235,264,241,260" oya="2" hai0="64,66,1,15,113,120,53,34,26,5,59,23,111" hai1="86,42,44,9,7,115,96,65,72,36,94,45,80" hai2="121,40,16,85,24,2,125,63,62,90,135,97,116" hai3="46,92,112,17,124,81,54,88,43,0,35,71,107"/><V33/><F121/><W99/><G124/><T91/><D111/><U79/><E65/><V103/><F125/><W122/><G122/><T4/><D120/><U114/><E45/><V75/><F116/><W37/><G71/><T130/><D130/><U12/><REACH who="1" step="1"/><E72/><REACH who="1" ten="235,254,241,260" step="2"/><V100/><F75/><W77/><G46/><T105/><D66/><U102/><AGARI ba="0,1" hai="7,9,12,36,42,44,79,80,86,94,96,102,114,115" machi="102" ten="30,8000,1" yaku="1,1,2,1,0,1,52,2,53,0" doraHai="108" doraHaiUra="21" who="1" fromWho="1" sc="235,-20,254,90,241,-40,260,-20" /><INIT seed="7,0,0,1,5,13" ten="215,344,201,240" oya="3" hai0="33,86,45,91,35,4,40,3,67,99,24,96,70" hai1="123,21,71,132,95,44,108,47,55,51,9,69,76" hai2="134,126,93,41,94,10,115,87,125,63,122,23,103" hai3="119,27,7,39,17,18,77,82,2,37,128,6,26"/><W107/><G119/><T127/><D127/><N who="2" m="48650" /><F122/><W131/><G107/><T20/><D3/><U81/><E108/><V89/><F134/><W32/><G32/><T12/><D67/><U34/><E34/><V58/><F41/><W15/><G15/><T110/><D70/><U8/><E123/><V64/><F115/><W84/><G2/><T11/><D110/><U57/><E21/><V25/><F10/><W117/><G117/><T121/><D33/><U49/><E57/><V36/><F36/><W1/><G1/><T104/><D35/><U72/><E132/><V129/><F129/><W92/><G92/><T29/><D104/><U75/><E95/><N who="2" m="54719" /><F103/><W112/><G112/><T109/><D109/><U118/><E118/><V65/><F65/><W98/><G39/><T61/><D61/><U31/><E31/><V53/><F64/><W135/><G37/><T52/><D121/><U133/><E133/><V85/><F85/><W19/><G135/><T111/><D111/><U68/><E72/><V43/><F43/><W130/><G98/><T48/><D40/><U124/><E124/><V28/><F94/><AGARI ba="0,0" hai="4,11,12,20,24,29,45,48,52,86,91,94,96,99" machi="94" ten="30,3900,0" yaku="7,1,8,1,54,1" doraHai="13" who="0" fromWho="2" sc="215,39,344,0,201,-39,240,0" owari="254,5.4,344,44.4,162,-33.8,240,-16.0" /></mjloggm>