<mjloggm ver="2.3"><GO type="169" lobby="0"/><UN n0="%E6%B4%AA%E6%B0%B4%E6%A9%8B%41%33%34" n1="%4D%4C%5A%4E%55%2D%53%4B" n2="%4C%C3%97%57%C3%97%4C" n3="%52%65%63%61%6C%74%71" dan="16,17,16,16" rate="2091.49,2147.09,2164.46,2116.15" sx="M,M,M,M"/><TAIKYOKU oya="0"/><INIT seed="0,0,0,2,2,79" ten="250,250,250,250" oya="0" hai0="23,97,50,61,89,35,125,80,58,56,91,48,67" hai1="43,112,6,66,21,47,39,85,77,71,4,25,87" hai2="110,135,28,129,116,126,76,105,57,41,132,9,0" hai3="14,131,106,119,99,84,113,24,111,51,101,38,42"/><T26/><D35/><U115/><E66/><V88/><F105/><W32/><G119/><T33/><D33/><U63/><E63/><V130/><F116/><W5/><G131/><N who="2" m="50185" /><F41/><W13/><G111/><T72/><D125/><U12/><E71/><V65/><F110/><W46/><G113/><N who="1" m="43594" /><E12/><V15/><F28/><W82/><G38/><T123/><D123/><U109/><E109/><V133/><F0/><W17/><G5/><N who="1" m="2154" /><E77/><V75/><F65/><W45/><G45/><T68/><D68/><U18/><AGARI ba="0,0" hai="18,21,25,39,43,47,85,87" m="2154,43594" machi="18" ten="30,1100,0" yaku="11,1" doraHai="79" who="1" fromWho="1" sc="250,-5,250,11,250,-3,250,-3" /><INIT seed="1,0,0,0,1,58" ten="245,261,247,247" oya="1" hai0="24,130,7,31,110,61,131,38,20,107,121,55,128" hai1="29,105,106,15,104,98,43,111,89,17,74,26,71" hai2="94,80,79,13,37,95,90,1,54,132,87,133,88" hai3="119,85,101,102,124,12,135,116,108,27,21,56,30"/><U112/><E112/><V32/><F1/><W49/><G135/><N who="2" m="51785" /><F32/><W65/><G124/><T120/><D38/><U78/><E43/><V45/><F13/><W134/><G108/><T125/><D7/><U3/><E3/><V126/><F126/><W18/><G134/><T10/><D125/><U40/><E40/><N who="2" m="22671" /><F54/><W4/><G4/><T84/><D10/><U36/><E36/><V52/><F52/><N who="3" m="31759" /><G85/><T97/><D84/><U39/><E39/><V41/><F41/><W99/><G99/><T6/><D6/><U42/><E42/><V51/><F51/><W46/><G46/><T96/><D110/><U62/><E111/><V109/><F109/><W92/><G92/><AGARI ba="0,0" hai="79,80,87,88,90,92,94,95" m="22671,51785" machi="92" ten="30,2000,0" yaku="20,1,54,1" doraHai="58" who="2" fromWho="3" sc="245,0,261,0,247,20,247,-20" /><INIT seed="2,0,0,0,3,35" ten="245,261,267,227" oya="2" hai0="2,56,14,38,86,111,59,121,103,6,50,3,67" hai1="97,55,36,9,80,22,106,34,66,71,113,108,79" hai2="52,122,61,31,94,26,89,90,92,114,116,91,110" hai3="4,18,62,105,112,15,70,117,60,93,53,33,88"/><V0/><F114/><W8/><G112/><T12/><D38/><U5/><E22/><V128/><F116/><W118/><G105/><T109/><D121/><U98/><E55/><V124/><F122/><W134/><G33/><T57/><D67/><U131/><E97/><V7/><F128/><W76/><G76/><T104/><D50/><U65/><E65/><V133/><F133/><W72/><G72/><T44/><D44/><U11/><E11/><V27/><F124/><W82/><G82/><T73/><D73/><U49/><E49/><V54/><F110/><N who="0" m="41994" /><D86/><U63/><E108/><V58/><F54/><W32/><G32/><T135/><D135/><U87/><E34/><V10/><REACH who="2" step="1"/><F27/><REACH who="2" ten="245,261,257,227" step="2"/><W77/><G134/><T120/><D120/><U83/><E131/><V100/><F100/><W107/><G118/><T84/><D84/><U51/><E87/><V115/><F115/><W96/><G53/><T23/><D103/><U125/><E113/><V64/><F64/><W81/><G117/><T37/><D104/><U126/><E66/><V129/><F129/><W19/><G107/><T39/><D39/><U78/><E106/><V99/><F99/><W85/><G70/><T68/><D68/><U46/><E71/><V74/><F74/><W24/><G24/><T45/><D37/><U28/><E36/><V17/><F17/><AGARI ba="0,1" hai="4,8,15,17,18,19,60,62,77,81,85,88,93,96" machi="17" ten="40,2600,0" yaku="8,1,54,1" doraHai="35" who="3" fromWho="2" sc="245,0,261,0,257,-26,227,36" /><INIT seed="3,0,0,3,2,99" ten="245,261,231,263" oya="3" hai0="114,5,0,45,70,119,52,91,30,132,72,2,122" hai1="102,25,10,127,23,7,22,63,38,69,81,44,123" hai2="86,111,94,121,47,31,3,109,87,117,29,105,43" hai3="39,33,120,14,17,8,108,48,54,96,130,106,126"/><W115/><G120/><T83/><D122/><U9/><E123/><V16/><F121/><RYUUKYOKU type="kaze4" ba="0,0" sc="245,0,261,0,231,0,263,0" /><INIT seed="3,1,0,4,0,69" ten="245,261,231,263" oya="3" hai0="122,47,135,125,43,107,42,35,108,44,0,10,13" hai1="29,48,64,127,65,77,83,118,84,54,113,98,58" hai2="52,68,39,109,15,74,34,90,100,33,66,5,76" hai3="86,106,21,9,104,37,59,28,61,117,27,119,78"/><W50/><G37/><T97/><D122/><U32/><E113/><V46/><F100/><W112/><G112/><T81/><D35/><U114/><E114/><V3/><F90/><W115/><G115/><T80/><D0/><U40/><E127/><V75/><F15/><W12/><G50/><T101/><D125/><U87/><E118/><V7/><F7/><W126/><G126/><T56/><D56/><U99/><E40/><N who="2" m="22815" /><F52/><W121/><G121/><T26/><D26/><U23/><E32/><N who="2" m="12395" /><F76/><W45/><G45/><T36/><D108/><U2/><E2/><V71/><F109/><W60/><G60/><T70/><D135/><U18/><E29/><V67/><F67/><N who="1" m="25673" /><E84/><V82/><F82/><W11/><G11/><T24/><D24/><AGARI ba="1,0" hai="18,23,24,48,54,58,77,83,87,98,99" m="25673" machi="24" ten="30,1000,0" yaku="8,1" doraHai="69" who="1" fromWho="0" sc="245,-13,261,13,231,0,263,0" /><INIT seed="4,0,0,4,4,21" ten="232,274,231,263" oya="0" hai0="23,64,22,56,0,57,102,101,116,8,117,3,26" hai1="97,100,43,99,55,128,108,39,73,70,89,49,123" hai2="30,6,29,132,32,80,124,9,67,42,61,7,72" hai3="77,84,14,134,54,75,16,81,11,114,98,130,60"/><T44/><D44/><U76/><E70/><V113/><F113/><W92/><G114/><T58/><D8/><U93/><E108/><V65/><F132/><W15/><G134/><T118/><D64/><U78/><E73/><V79/><F124/><W34/><G34/><T103/><REACH who="0" step="1"/><D26/><REACH who="0" ten="222,274,231,263" step="2"/><U68/><E123/><V135/><F67/><W24/><G130/><T104/><D104/><U69/><E128/><V119/><F9/><W19/><G24/><T59/><N who="0" m="14336" /><DORA hai="31" /><T10/><D10/><U33/><E68/><V122/><F65/><W62/><G54/><T91/><D91/><U53/><E69/><V35/><F135/><W125/><G125/><T18/><D18/><U66/><E66/><V46/><F46/><W52/><G52/><T96/><D96/><U120/><E53/><V51/><F30/><W127/><G127/><T115/><D115/><U109/><E120/><V63/><F29/><W86/><G62/><N who="2" m="23561" /><F122/><W121/><G121/><T5/><D5/><U25/><E55/><V13/><F6/><W87/><G60/><T107/><D107/><U12/><E25/><V17/><F7/><W36/><G19/><T85/><D85/><U27/><E27/><V38/><F17/><W37/><REACH who="3" step="1"/><G14/><REACH who="3" ten="222,274,231,253" step="2"/><T112/><D112/><U133/><E12/><V94/><F13/><W48/><G48/><T111/><D111/><U41/><E109/><V47/><F51/><W88/><AGARI ba="0,2" hai="11,15,16,36,37,75,77,81,84,86,87,88,92,98" machi="88" ten="30,7900,0" yaku="1,1,0,1,54,2,53,0" doraHai="21,31" doraHaiUra="45,1" who="3" fromWho="3" sc="222,-39,274,-20,231,-20,253,99" /><INIT seed="5,0,0,1,2,71" ten="183,254,211,352" oya="1" hai0="64,43,100,35,123,130,94,120,23,11,134,2,29" hai1="131,89,111,79,54,4,80,28,70,84,61,53,122" hai2="74,104,33,75,135,36,97,68,113,30,26,102,65" hai3="19,88,108,9,126,52,57,101,99,39,3,96,125"/><U67/><E122/><N who="0" m="46633" /><D64/><U124/><E124/><N who="3" m="47722" /><G108/><T83/><D83/><U77/><E131/><V107/><F135/><W114/><G114/><T51/><D134/><U78/><E111/><V105/><F113/><W59/><G39/><T69/><D69/><U132/><E132/><V40/><F75/><W55/><G19/><T22/><D100/><U18/><E4/><V109/><F74/><W81/><G9/><T128/><D94/><U44/><E28/><V73/><F73/><W48/><G3/><T12/><D2/><U6/><E6/><V112/><F112/><W41/><G41/><T27/><D51/><U63/><E63/><N who="2" m="39999" /><F109/><W118/><G118/><T72/><D43/><U20/><REACH who="1" step="1"/><E44/><AGARI ba="0,0" hai="26,30,33,36,40,44,97,102,104,105,107" m="39999" machi="44" ten="30,7700,0" yaku="25,1,33,2,52,1" doraHai="71" who="2" fromWho="1" sc="183,0,254,-77,211,77,352,0" /><INIT seed="6,0,0,5,2,13" ten="183,177,288,352" oya="2" hai0="132,70,79,26,88,75,19,69,8,57,58,44,133" hai1="131,119,35,67,27,0,73,74,60,66,6,25,20" hai2="130,51,123,65,90,122,111,59,86,99,14,71,55" hai3="110,54,77,112,135,82,28,93,118,53,43,46,95"/><V5/><F130/><W98/><G110/><T134/><D44/><U83/><E119/><V34/><F34/><W50/><G118/><T15/><D26/><U36/><E131/><V56/><F71/><N who="0" m="27146" /><D79/><U128/><E128/><V106/><F111/><W94/><G112/><T24/><D75/><U114/><E114/><V61/><F5/><W9/><G135/><N who="0" m="34563" /><T105/><DORA hai="68" /><D105/><U92/><E36/><V40/><F40/><W117/><G28/><T103/><D103/><U107/><E107/><V76/><F76/><W101/><G9/><T125/><D125/><U39/><E39/><V11/><F106/><W104/><REACH who="3" step="1"/><G117/><REACH who="3" ten="183,177,288,342" step="2"/><T45/><D45/><U100/><E35/><V16/><F99/><W121/><G121/><T102/><D102/><U7/><E100/><V29/><F29/><W3/><G3/><T129/><D129/><U30/><E0/><V12/><F12/><W80/><G80/><AGARI ba="0,1" hai="11,14,16,51,55,56,59,61,65,80,86,90,122,123" machi="80" ten="30,5800,0" yaku="7,1,52,1,54,1" doraHai="13,68" who="2" fromWho="3" sc="183,0,177,0,288,68,342,-58" /><INIT seed="6,1,0,0,1,80" ten="183,177,356,284" oya="2" hai0="85,21,34,89,86,29,33,76,122,94,38,102,15" hai1="37,60,19,88,8,126,99,41,30,35,95,75,120" hai2="57,87,73,100,65,1,131,4,104,40,98,32,116" hai3="96,119,20,14,17,10,127,39,67,66,61,81,109"/><V18/><F73/><W63/><G127/><T58/><D122/><U28/><E35/><V118/><F32/><W44/><G119/><T77/><D38/><U114/><E75/><V22/><F131/><W93/><G109/><T133/><D133/><U68/><E126/><V64/><F40/><W56/><G39/><T121/><D121/><U110/><E110/><V49/><F4/><W36/><G36/><T0/><D0/><U111/><E111/><V16/><F18/><W129/><G81/><T84/><D102/><U45/><E120/><V108/><F1/><W132/><G132/><T7/><D33/><U26/><E114/><V27/><F108/><W12/><G44/><T23/><D34/><U82/><E82/><V83/><F49/><W125/><G125/><T52/><D29/><U103/><E103/><V3/><F3/><W11/><G14/><T134/><D134/><U48/><E37/><V115/><F115/><W9/><G129/><T97/><D7/><U72/><E72/><V128/><F128/><W43/><G43/><T79/><D15/><U74/><E74/><V105/><F105/><W124/><G124/><T2/><D2/><U46/><E46/><V78/><REACH who="2" step="1"/><F57/><REACH who="2" ten="183,177,346,284" step="2"/><N who="3" m="37167" /><G10/><T6/><D6/><U91/><E8/><V13/><F13/><W47/><G47/><T54/><D54/><U107/><E107/><V117/><AGARI ba="1,1" hai="16,22,27,64,65,78,83,87,98,100,104,116,117,118" machi="117" ten="30,11700,0" yaku="1,1,0,1,52,1,54,1,53,0" doraHai="80" doraHaiUra="53" who="2" fromWho="2" sc="183,-40,177,-40,346,130,284,-40" /><INIT seed="6,2,0,4,1,65" ten="143,137,476,244" oya="2" hai0="24,10,128,110,45,130,98,18,80,57,133,47,52" hai1="78,103,109,84,71,83,50,94,0,13,129,99,51" hai2="85,124,27,43,39,97,46,74,87,62,104,118,125" hai3="31,64,72,79,7,119,37,76,63,108,60,122,30"/><V75/><F118/><W29/><G122/><T32/><D110/><U12/><E109/><V42/><F42/><W40/><G108/><T26/><D133/><U120/><E0/><V123/><F123/><W48/><G119/><T126/><D126/><N who="2" m="48746" /><F27/><N who="0" m="10282" /><D32/><U44/><E120/><V59/><F97/><W132/><G132/><T114/><D114/><U68/><E129/><N who="0" m="49769" /><D80/><U5/><E50/><V113/><F104/><W1/><G37/><T69/><D69/><U131/><E131/><V56/><F56/><W6/><G72/><N who="2" m="27689" /><F113/><W9/><G6/><T28/><D28/><U33/><E33/><V19/><F19/><W3/><G3/><T117/><D117/><U93/><E93/><V112/><F112/><W66/><G66/><AGARI ba="2,0" hai="39,43,46,59,62,66,85,87" m="27689,48746" machi="66" ten="30,1500,0" yaku="18,1" doraHai="65" who="2" fromWho="3" sc="143,0,137,0,476,21,244,-21" /><INIT seed="6,3,0,1,4,73" ten="143,137,497,223" oya="2" hai0="75,32,33,68,123,124,135,72,107,45,81,87,99" hai1="49,56,84,64,110,117,108,112,24,55,93,46,122" hai2="25,53,23,7,133,91,116,109,115,62,44,4,120" hai3="98,114,5,96,94,3,129,43,97,22,66,92,59"/><V121/><F116/><W38/><G129/><T119/><D123/><U19/><E117/><V12/><F115/><W69/><G69/><T36/><D119/><U76/><E112/><V67/><F133/><W90/><G114/><T104/><D87/><U106/><E106/><N who="0" m="40489" /><D99/><U16/><E122/><V70/><F109/><W47/><G5/><T95/><D95/><U77/><E108/><V37/><F91/><W41/><G3/><T50/><D50/><N who="1" m="30839" /><E64/><V131/><F131/><W29/><G43/><N who="0" m="22759" /><D135/><U11/><E110/><V100/><F100/><W127/><G127/><T60/><D124/><U105/><E105/><V111/><F111/><W31/><G22/><T74/><D81/><U6/><E6/><V78/><F4/><W130/><G130/><T0/><D0/><U54/><E24/><V52/><F25/><W126/><G126/><T58/><D58/><U63/><E63/><V118/><F7/><W42/><G42/><T13/><D13/><N who="1" m="7231" /><E19/><V28/><F118/><W26/><G26/><T35/><D35/><U14/><E14/><V71/><F12/><W2/><G2/><T9/><D9/><U85/><E85/><V103/><F121/><W57/><G96/><T10/><D10/><U20/><E20/><V30/><F23/><W21/><G21/><T102/><D102/><U27/><E27/><V34/><F103/><N who="3" m="60839" /><G66/><AGARI ba="3,0" hai="32,33,60,66,68,72,74,75" m="22759,40489" machi="66" ten="40,2600,0" yaku="33,2" doraHai="73" who="0" fromWho="3" sc="143,35,137,0,497,0,223,-35" /><INIT seed="7,0,0,5,0,14" ten="178,137,497,188" oya="3" hai0="111,19,91,4,29,73,99,6,76,88,10,43,38" hai1="11,72,7,48,97,61,86,67,107,75,119,96,134" hai2="127,39,52,103,65,49,132,37,92,63,110,90,64" hai3="80,116,77,60,122,82,22,31,24,84,106,34,20"/><W1/><G106/><T121/><D111/><U89/><E134/><V70/><F110/><W21/><G122/><T66/><D121/><U36/><E36/><V0/><F0/><W71/><G116/><T113/><D29/><U126/><E126/><V5/><F5/><W101/><G101/><T68/><D113/><U112/><E112/><V133/><F103/><W27/><G1/><T87/><D73/><U130/><E130/><V83/><F83/><W26/><G71/><T131/><D131/><U93/><E119/><V105/><F65/><W53/><G80/><N who="0" m="47495" /><D38/><U12/><E72/><V118/><F127/><W104/><G104/><T50/><D66/><U32/><E32/><V102/><F102/><W3/><G3/><T109/><D68/><U47/><E75/><V98/><F105/><W54/><G60/><T15/><D109/><U79/><E79/><V13/><F118/><W16/><G21/><T58/><D99/><U17/><E7/><N who="0" m="2601" /><D58/><U69/><REACH who="1" step="1"/><E107/><REACH who="1" ten="178,127,497,188" step="2"/><V74/><F74/><W81/><G81/><T94/><D94/><U8/><E8/><V55/><F63/><W41/><G41/><AGARI ba="0,1" hai="11,12,17,41,47,48,61,67,69,86,89,93,96,97" machi="41" ten="30,3900,0" yaku="1,1,7,1,52,1,53,0" doraHai="14" doraHaiUra="117" who="1" fromWho="3" sc="178,0,127,49,497,0,188,-39" owari="178,-2.2,176,-22.4,497,59.7,149,-35.1" /></mjloggm>