<mjloggm ver="2.3"><GO type="169" lobby="0"/><UN n0="%E3%81%AA%E3%81%BE%E3%81%91%E8%80%85" n1="%48%69%70%70%6F%5F" n2="%61%6B%69%62%61%62%61%6E" n3="%E9%81%8A%E8%B5%B0" dan="16,17,17,16" rate="2064.56,2197.25,2192.08,2182.57" sx="M,M,M,F"/><TAIKYOKU oya="0"/><INIT seed="0,0,0,4,1,126" ten="250,250,250,250" oya="0" hai0="132,46,86,27,12,122,94,107,58,110,133,40,48" hai1="79,85,39,121,63,61,29,17,24,80,5,101,88" hai2="87,77,56,51,0,117,44,69,118,19,134,33,75" hai3="49,120,114,102,97,52,111,109,1,67,74,36,55"/><T68/><D122/><U76/><E39/><V41/><F69/><W9/><G120/><T28/><D68/><U65/><E121/><V123/><F123/><W98/><G36/><T84/><D107/><U124/><E124/><V100/><F0/><W73/><G67/><T90/><D110/><N who="3" m="41993" /><G114/><T54/><D12/><U104/><E5/><V91/><F33/><W125/><G125/><T50/><REACH who="0" step="1"/><D84/><REACH who="0" ten="240,250,250,250" step="2"/><U8/><E104/><V99/><F87/><W108/><G108/><T83/><D83/><U92/><E80/><V62/><F118/><W20/><G74/><T115/><D115/><U26/><E85/><V13/><F117/><W22/><G73/><T10/><D10/><U116/><E8/><V135/><F75/><W96/><G9/><T95/><D95/><U59/><E92/><V38/><F13/><W7/><G1/><T23/><AGARI ba="0,1" hai="23,27,28,40,46,48,50,54,58,86,90,94,132,133" machi="23" ten="30,6000,0" yaku="1,1,0,1,53,1" doraHai="126" doraHaiUra="53" who="0" fromWho="0" sc="240,70,250,-20,250,-20,250,-20" /><INIT seed="0,1,0,2,5,71" ten="310,230,230,230" oya="0" hai0="121,100,17,125,57,14,49,68,109,116,132,80,19" hai1="47,46,72,131,16,108,6,94,41,99,135,10,52" hai2="8,119,62,118,39,7,82,105,20,70,87,97,31" hai3="113,93,55,83,38,130,74,98,123,28,73,101,78"/><T103/><D121/><U45/><E72/><V124/><F124/><W104/><G113/><T5/><D116/><U81/><E108/><V40/><F20/><W48/><G123/><T65/><D125/><U60/><E131/><V58/><F70/><W32/><G130/><T129/><D129/><U128/><E135/><V12/><F31/><W66/><G66/><T22/><D68/><U127/><E128/><V102/><F40/><W114/><G114/><T110/><D132/><U107/><E107/><V90/><REACH who="2" step="1"/><F39/><REACH who="2" ten="310,230,220,230" step="2"/><W120/><G120/><T134/><D134/><U91/><E127/><V96/><F96/><W25/><G38/><T111/><D111/><U126/><E126/><V76/><F76/><W2/><G2/><T56/><D110/><U33/><E33/><V44/><F44/><W11/><G11/><T117/><D22/><U122/><E41/><V34/><F34/><W84/><G104/><T4/><D109/><U88/><E122/><V133/><F133/><W24/><G24/><T92/><D56/><AGARI ba="1,1" hai="25,28,32,48,55,56,73,74,78,83,84,93,98,101" machi="56" ten="30,1000,0" yaku="7,1" doraHai="71" who="3" fromWho="0" sc="310,-13,230,0,220,0,230,23" /><INIT seed="1,0,0,2,4,114" ten="297,230,220,253" oya="1" hai0="23,0,113,55,127,11,72,104,75,4,48,103,8" hai1="106,67,21,29,87,96,15,49,134,100,115,38,74" hai2="71,77,92,80,3,76,85,44,65,107,94,16,73" hai3="59,97,45,124,108,39,83,81,46,84,119,105,70"/><U129/><E115/><V2/><F107/><W132/><G70/><T58/><D113/><U122/><E122/><V66/><F44/><W89/><G108/><T135/><D135/><U41/><E38/><V128/><F128/><W28/><G132/><T13/><D127/><U25/><E74/><V98/><F71/><W62/><G124/><T126/><D126/><U93/><E134/><V34/><F34/><W10/><G119/><T61/><D23/><U60/><E129/><V82/><F16/><W101/><G39/><T53/><D103/><U54/><E41/><V131/><F131/><W47/><G28/><T88/><D104/><U109/><E109/><V40/><F40/><W43/><G43/><T116/><D88/><U121/><E121/><V112/><F112/><W86/><G10/><T1/><D116/><U6/><E87/><V14/><F14/><W52/><REACH who="3" step="1"/><G45/><REACH who="3" ten="297,230,220,243" step="2"/><T36/><D36/><U117/><E117/><V32/><F32/><W5/><G5/><T50/><D8/><U18/><E6/><V37/><F37/><W102/><G102/><T68/><D68/><U42/><E42/><V99/><F73/><W118/><G118/><T56/><D75/><U30/><E106/><V17/><F17/><W90/><AGARI ba="0,1" hai="46,47,52,59,62,81,83,84,86,89,90,97,101,105" machi="90" ten="20,8000,1" yaku="1,1,0,1,7,1,9,1,54,1,53,0" doraHai="114" doraHaiUra="33" who="3" fromWho="3" sc="297,-20,230,-40,220,-20,243,90" /><INIT seed="2,0,0,4,0,119" ten="277,190,200,333" oya="2" hai0="47,52,58,102,32,74,124,29,83,31,15,21,17" hai1="11,45,128,10,130,0,67,129,8,107,75,91,112" hai2="30,5,48,100,116,108,59,26,57,41,92,68,132" hai3="121,79,38,12,94,85,56,90,14,101,54,125,13"/><V27/><F116/><W135/><G125/><T33/><D124/><U82/><E112/><V88/><F68/><W4/><G135/><T69/><D69/><U103/><E67/><V53/><F132/><W73/><G38/><T114/><D102/><U93/><E103/><V28/><F100/><W131/><G131/><T123/><D123/><U19/><E107/><V66/><F41/><W86/><G121/><T105/><D47/><U43/><E82/><V7/><F108/><W25/><G73/><T71/><D71/><U62/><E62/><N who="2" m="38239" /><F27/><W98/><G25/><T122/><D114/><U106/><E106/><V55/><F53/><W78/><G4/><N who="2" m="1609" /><F26/><W120/><G120/><T111/><D111/><U9/><E75/><V104/><F104/><W77/><REACH who="3" step="1"/><G101/><REACH who="3" ten="277,190,200,323" step="2"/><T6/><D122/><U109/><E109/><V64/><F64/><W65/><G65/><T118/><D74/><U23/><E129/><V81/><F81/><W40/><G40/><T20/><D83/><U49/><E130/><V37/><F37/><W42/><G42/><T36/><D36/><U46/><E128/><V133/><F133/><W63/><AGARI ba="0,1" hai="12,13,14,54,56,63,77,78,79,85,86,90,94,98" machi="63" ten="30,4000,0" yaku="1,1,0,1,8,1,53,0" doraHai="119" doraHaiUra="3" who="3" fromWho="3" sc="277,-10,190,-10,200,-20,323,50" /><INIT seed="3,0,0,4,0,39" ten="267,180,180,373" oya="3" hai0="26,50,57,95,47,54,110,117,114,22,20,71,78" hai1="16,91,5,135,64,9,98,80,132,74,113,7,37" hai2="88,129,125,59,128,133,77,72,122,115,96,84,83" hai3="105,65,49,101,1,75,35,3,56,119,30,55,41"/><W38/><G75/><T104/><D104/><U107/><E113/><V116/><F59/><W4/><G119/><T43/><D110/><U15/><E37/><V31/><F31/><W81/><G81/><T120/><D120/><U82/><E64/><V130/><F116/><W102/><G65/><T87/><D117/><U36/><E36/><V34/><F34/><W12/><G12/><T108/><D108/><U93/><E107/><V61/><F61/><W92/><G105/><T86/><D71/><U127/><E127/><V17/><F115/><W2/><G4/><T19/><D114/><U6/><REACH who="1" step="1"/><E74/><REACH who="1" ten="267,170,180,373" step="2"/><V73/><F125/><W40/><G38/><T121/><D121/><U70/><E70/><V8/><F122/><W11/><G11/><T60/><D78/><U76/><E76/><V106/><F133/><AGARI ba="0,1" hai="5,6,7,9,15,16,80,82,91,93,98,132,133,135" machi="133" ten="40,5200,0" yaku="1,1,20,1,54,1,53,0" doraHai="39" doraHaiUra="48" who="1" fromWho="2" sc="267,0,170,62,180,-52,373,0" /><INIT seed="4,0,0,1,1,117" ten="267,232,128,373" oya="0" hai0="19,110,6,23,120,83,114,116,61,125,28,132,118" hai1="8,103,64,124,123,27,20,60,106,50,3,4,63" hai2="81,10,36,29,87,35,96,76,77,129,24,88,101" hai3="48,65,94,13,73,111,21,34,2,15,93,89,104"/><T122/><D61/><U84/><E124/><V5/><F36/><W37/><G37/><T26/><D83/><U9/><E9/><V121/><F129/><W135/><G111/><T14/><D125/><U134/><E134/><V90/><F77/><W86/><G34/><T133/><D110/><U97/><E60/><V75/><F75/><W80/><G2/><T107/><D107/><U71/><E84/><V109/><F109/><W32/><G32/><T66/><D66/><U25/><E123/><N who="0" m="47145" /><D6/><U7/><E4/><V31/><F31/><W112/><G112/><T40/><D40/><U126/><E126/><V52/><F52/><W12/><G104/><T17/><D17/><U49/><E25/><V0/><REACH who="2" step="1"/><F121/><REACH who="2" ten="267,232,118,373" step="2"/><W127/><G73/><T46/><D114/><U39/><E39/><V69/><F69/><W53/><G53/><T98/><D46/><U115/><E115/><V42/><F42/><W79/><G79/><T16/><D98/><U11/><E97/><V131/><F131/><W82/><G127/><T105/><D105/><AGARI ba="0,1" hai="0,5,10,24,29,35,76,81,87,88,90,96,101,105" machi="105" ten="30,3900,0" yaku="1,1,7,1,54,1,53,0" doraHai="117" doraHaiUra="43" who="2" fromWho="0" sc="267,-39,232,0,118,49,373,0" /><INIT seed="5,0,0,5,2,39" ten="228,232,167,373" oya="1" hai0="121,114,18,60,26,51,107,102,99,7,113,20,79" hai1="105,83,109,9,0,84,85,125,32,67,33,45,124" hai2="112,71,23,29,86,61,103,133,8,54,13,56,43" hai3="65,73,25,1,48,58,101,130,4,92,93,110,98"/><U132/><E105/><V35/><F133/><W69/><G110/><T97/><D79/><U104/><E104/><V64/><F35/><W16/><G73/><T15/><D121/><U122/><E122/><V41/><F103/><W72/><G72/><T66/><D97/><U95/><E132/><V82/><F112/><N who="0" m="43114" /><D51/><U128/><E109/><V120/><F120/><W129/><G69/><N who="0" m="42183" /><D7/><U118/><E118/><V36/><F36/><W74/><G74/><T117/><D117/><U126/><E128/><N who="3" m="49258" /><G4/><T119/><D119/><U63/><E125/><V81/><F81/><W68/><G1/><T50/><D50/><U34/><E0/><V135/><F135/><W100/><G68/><T108/><D108/><U19/><E83/><V96/><F96/><W21/><G48/><T87/><D87/><U94/><E84/><V116/><F116/><W55/><G55/><T52/><D52/><U70/><E85/><V127/><F127/><N who="1" m="48681" /><E45/><V46/><F46/><W75/><G75/><T134/><D134/><U30/><E70/><V27/><F54/><W90/><G92/><T44/><D44/><U5/><E95/><V40/><F71/><W53/><G53/><T12/><AGARI ba="0,0" hai="12,15,18,20,26,99,102,107" m="42183,43114" machi="12" ten="30,1100,0" yaku="15,1" doraHai="39" who="0" fromWho="0" sc="228,11,232,-5,167,-3,373,-3" /><INIT seed="6,0,0,0,0,28" ten="239,227,164,370" oya="2" hai0="119,83,96,111,80,66,20,45,25,55,18,114,101" hai1="90,17,11,102,91,108,12,95,77,86,75,54,51" hai2="10,93,88,120,59,131,125,64,126,135,99,71,107" hai3="53,30,122,33,63,92,1,2,60,113,32,49,74"/><V57/><F120/><W29/><G92/><T52/><D111/><U82/><E108/><V23/><F131/><W72/><G49/><T123/><D123/><U117/><E117/><V21/><F135/><W27/><G122/><T13/><D119/><U41/><E41/><V98/><F10/><W22/><G22/><N who="2" m="8201" /><F71/><W56/><G113/><T48/><D114/><U132/><E132/><V84/><F64/><W34/><G34/><T0/><D0/><U16/><E17/><V130/><F130/><W68/><G68/><T121/><D121/><U24/><E24/><V110/><F110/><W5/><G5/><T109/><D66/><U3/><E3/><V42/><F42/><W69/><G69/><T115/><D115/><U67/><E67/><V9/><F9/><W129/><G129/><T94/><D109/><U65/><E65/><V70/><F70/><W6/><G6/><T134/><D134/><U81/><E102/><N who="2" m="62943" /><F98/><W73/><REACH who="3" step="1"/><G60/><REACH who="3" ten="239,227,164,360" step="2"/><T47/><D94/><U127/><E95/><V103/><F103/><W43/><G43/><T37/><D101/><U133/><E133/><V128/><F128/><W106/><G106/><T58/><D48/><U118/><E118/><V44/><F44/><W40/><G40/><T15/><D47/><U79/><E51/><V62/><F62/><W112/><G112/><T85/><D45/><U78/><E81/><V35/><F35/><W7/><G7/><T100/><D83/><U76/><E82/><V39/><F39/><W124/><G124/><AGARI ba="0,1" hai="57,59,84,88,93,124,125,126" m="62943,8201" machi="124" ten="30,2900,0" yaku="18,1,54,1" doraHai="28" who="2" fromWho="3" sc="239,0,227,0,164,39,360,-29" /><INIT seed="6,1,0,3,4,114" ten="239,227,203,331" oya="2" hai0="11,68,32,74,135,82,86,85,92,127,69,77,1" hai1="129,67,64,90,28,126,132,96,40,115,0,104,70" hai2="33,20,100,79,87,80,110,24,112,12,134,116,29" hai3="125,23,26,97,18,71,94,36,6,91,76,47,128"/><V3/><F112/><W122/><G122/><T89/><D32/><U88/><E115/><V62/><F134/><W105/><G71/><T98/><D135/><U15/><E0/><V56/><F3/><W121/><G121/><T19/><D127/><U72/><E72/><V45/><F110/><W55/><G125/><T35/><D35/><U133/><E126/><V49/><F100/><W31/><G128/><T119/><D119/><U10/><E129/><V52/><F116/><W111/><G111/><T117/><D117/><U59/><E70/><V4/><F33/><W37/><G76/><T113/><D113/><U16/><E104/><V14/><REACH who="2" step="1"/><F4/><REACH who="2" ten="239,227,193,331" step="2"/><W41/><G6/><T106/><D1/><U63/><E132/><V22/><F22/><W38/><G105/><T123/><D106/><U60/><E133/><V21/><F21/><W101/><G101/><T39/><D123/><U5/><E5/><V130/><F130/><W78/><G31/><T54/><D11/><U83/><E28/><V8/><F8/><W53/><G23/><T13/><D19/><U99/><E16/><V58/><F58/><W109/><G109/><T17/><D69/><U57/><E10/><V81/><F81/><W103/><G103/><T131/><D68/><U102/><E83/><V46/><F46/><W48/><G18/><T66/><D17/><U44/><E102/><V84/><F84/><W108/><G108/><T43/><D82/><U9/><E9/><V50/><F50/><W120/><G120/><T95/><D131/><U42/><E44/><V30/><F30/><W93/><G48/><RYUUKYOKU ba="1,1" sc="239,-15,227,15,193,15,331,-15" hai1="15,40,42,57,59,60,63,64,67,88,90,96,99" hai2="12,14,20,24,29,45,49,52,56,62,79,80,87" /><INIT seed="6,2,1,1,0,44" ten="224,242,208,316" oya="2" hai0="97,21,58,6,132,4,91,19,89,76,43,46,87" hai1="105,13,120,99,23,126,135,60,24,78,70,124,119" hai2="36,81,47,71,33,115,117,51,80,73,113,107,85" hai3="121,31,110,63,12,15,30,103,83,127,77,41,22"/><V29/><F117/><W7/><G110/><T129/><D129/><U90/><E119/><V53/><F71/><W68/><G121/><T39/><D132/><U66/><E135/><V100/><F73/><W112/><G112/><N who="2" m="43081" /><F36/><W32/><G32/><T9/><D76/><U93/><E120/><V104/><F100/><W17/><G41/><T131/><D131/><U14/><E78/><N who="2" m="46231" /><F81/><W56/><G127/><N who="1" m="48682" /><E105/><N who="2" m="40523" /><F29/><AGARI ba="2,1" hai="13,14,23,24,29,60,66,70,90,93,99" m="48682" machi="29" ten="30,1000,0" yaku="18,1" doraHai="44" who="1" fromWho="2" sc="224,0,242,26,208,-16,316,0" /><INIT seed="7,0,0,4,5,9" ten="224,268,192,316" oya="3" hai0="100,48,92,82,96,15,104,49,10,75,78,87,111" hai1="12,119,130,84,0,132,60,42,36,30,74,71,86" hai2="35,68,53,105,57,26,37,122,115,108,128,1,97" hai3="47,76,116,8,109,31,11,101,67,135,58,110,38"/><W32/><G116/><T118/><D111/><N who="3" m="42505" /><G135/><T114/><D118/><U62/><E74/><V23/><F108/><W69/><G69/><T33/><D33/><U19/><E0/><V46/><F115/><W21/><G101/><T99/><D114/><U2/><E2/><V91/><F128/><W131/><G131/><T41/><D41/><U90/><E130/><V18/><F122/><W50/><G76/><T121/><D121/><U129/><E132/><V124/><F124/><W5/><G21/><T20/><D20/><U40/><E71/><V79/><F68/><W28/><G11/><T134/><D134/><U88/><E129/><V93/><F1/><N who="3" m="47" /><G32/><T80/><D80/><U77/><E77/><V25/><F79/><W95/><G95/><T106/><D106/><U14/><E119/><V17/><F105/><W98/><G98/><T6/><D99/><U43/><E36/><V81/><F81/><W64/><G58/><T65/><D65/><N who="3" m="25161" /><G38/><T117/><D117/><U83/><E30/><V103/><F103/><W27/><G27/><T29/><D29/><U56/><E56/><V85/><F97/><W127/><G127/><T13/><D13/><N who="1" m="5227" /><E19/><V125/><F125/><W94/><G94/><AGARI ba="0,0" hai="40,42,43,60,62,83,84,86,88,90,94" m="5227" machi="94" ten="30,8000,1" yaku="8,1,52,3,54,1" doraHai="9" who="1" fromWho="3" sc="224,0,268,80,192,0,316,-80" owari="224,-17.6,348,44.8,192,-30.8,236,3.6" /></mjloggm>