<mjloggm ver="2.3"><GO type="169" lobby="0"/><UN n0="%E3%83%A9%E3%82%B9%E3%82%8B%E3%81%8B%E3%81%AA" n1="%E5%B8%B0%E3%82%8A%E3%81%9F%E3%81%84%E3%80%82" n2="%E3%81%93%E3%82%8C%E3%81%8C%E3%81%B5%E3%81%95%E3%81%B5%E3%81%95" n3="%E3%83%8E%E3%82%AA%E3%83%81%E3%83%A3%E3%83%99%E3%82%B9" dan="17,16,16,16" rate="2208.09,2197.98,2125.25,2145.82" sx="M,M,M,M"/><TAIKYOKU oya="0"/><INIT seed="0,0,0,0,2,64" ten="250,250,250,250" oya="0" hai0="103,80,25,48,105,50,115,33,54,31,20,75,130" hai1="70,102,100,111,107,117,132,37,9,128,23,17,65" hai2="45,0,129,124,74,114,90,113,49,24,59,69,119" hai3="72,122,76,106,104,125,15,73,71,77,4,56,29"/><T39/><D39/><U94/><E117/><V85/><F74/><W44/><G29/><T135/><D115/><U83/><E107/><V27/><F119/><W53/><G44/><T98/><D130/><U89/><E37/><V68/><F129/><W134/><G15/><T109/><D135/><U47/><E111/><V32/><F0/><W88/><G4/><T97/><D109/><U61/><E132/><V66/><F59/><W82/><G134/><T110/><D110/><U127/><E127/><V18/><F124/><W96/><G125/><T58/><D75/><N who="3" m="28745" /><G53/><T92/><D80/><U81/><E9/><V133/><F133/><W126/><G56/><T116/><D116/><U120/><E120/><V123/><F123/><W3/><G3/><T40/><D40/><U8/><E8/><V5/><F5/><W10/><G10/><T108/><D108/><U51/><E83/><V1/><F1/><W93/><G71/><T35/><REACH who="0" step="1"/><D50/><REACH who="0" ten="240,250,250,250" step="2"/><U84/><E81/><V11/><F114/><W118/><G118/><T7/><D7/><U21/><E128/><V46/><F113/><W78/><G126/><T87/><D87/><U34/><E84/><V14/><F49/><W2/><G122/><T121/><D121/><U112/><E112/><V12/><F85/><N who="3" m="50231" /><G2/><T52/><D52/><U28/><E51/><V63/><F32/><W79/><G79/><T91/><AGARI ba="0,1" hai="20,25,31,33,35,48,54,58,91,92,97,98,103,105" machi="91" ten="20,7800,0" yaku="1,1,0,1,7,1,53,1" doraHai="64" doraHaiUra="26" who="0" fromWho="0" sc="240,88,250,-26,250,-26,250,-26" /><INIT seed="0,1,0,0,3,102" ten="328,224,224,224" oya="0" hai0="107,82,35,119,77,109,55,28,117,36,120,49,48" hai1="62,86,9,43,63,72,129,134,112,25,39,22,52" hai2="100,114,54,75,23,83,111,93,61,34,80,116,59" hai3="71,90,21,1,6,76,19,127,17,125,26,4,121"/><T66/><D120/><U105/><E72/><V53/><F114/><W46/><G76/><T41/><D28/><U3/><E39/><V45/><F34/><W14/><G90/><T10/><D35/><U44/><E105/><V5/><F75/><W79/><G79/><T30/><D30/><U37/><E129/><V91/><F100/><W11/><G46/><N who="0" m="23847" /><D10/><U8/><E134/><V94/><F116/><N who="0" m="44618" /><D107/><U97/><E9/><V130/><F5/><W69/><G121/><T33/><D33/><U74/><E97/><V122/><F122/><W15/><G69/><T32/><D32/><U13/><E3/><V73/><F130/><W118/><G71/><T124/><D82/><U42/><E42/><V95/><F73/><W40/><G40/><T58/><D77/><U87/><E74/><V103/><F80/><W27/><G118/><T81/><D81/><U131/><E112/><V132/><F23/><N who="3" m="13679" /><G6/><T70/><D124/><AGARI ba="1,0" hai="1,4,11,14,15,19,21,27,124,125,127" m="13679" machi="124" ten="30,3900,0" yaku="18,1,34,2" doraHai="102" who="3" fromWho="0" sc="328,-42,224,0,224,0,224,42" /><INIT seed="1,0,0,0,3,1" ten="286,224,224,266" oya="1" hai0="118,116,131,21,75,129,96,38,92,123,58,0,134" hai1="36,81,54,42,18,53,108,125,78,115,32,9,56" hai2="44,110,43,99,101,60,114,88,35,122,77,24,16" hai3="107,22,103,74,29,19,49,11,14,112,133,135,26"/><U71/><E115/><V59/><F110/><W98/><G74/><T89/><D38/><U12/><E71/><V4/><F122/><W50/><G112/><T73/><D0/><U94/><E125/><V83/><F114/><W76/><G76/><T82/><D58/><U23/><E32/><V25/><F35/><W72/><G72/><N who="0" m="27723" /><D21/><U17/><E108/><V37/><F77/><W3/><G3/><T66/><D66/><U80/><E78/><V85/><F4/><W52/><REACH who="3" step="1"/><G49/><REACH who="3" ten="286,224,224,256" step="2"/><T2/><D2/><U69/><E36/><V41/><F41/><W100/><G100/><N who="0" m="60423" /><D123/><U20/><E42/><V132/><F132/><W64/><G64/><T8/><D134/><U6/><E53/><V79/><F79/><W87/><G87/><N who="0" m="50423" /><D8/><U33/><E9/><V39/><F39/><W67/><G67/><T28/><D28/><U127/><E54/><V111/><F37/><W105/><G105/><T55/><D55/><U124/><E69/><V126/><F43/><W45/><AGARI ba="0,1" hai="11,14,19,22,26,29,45,50,52,98,103,107,133,135" machi="45" ten="30,4000,0" yaku="1,1,0,1,54,1,53,0" doraHai="1" doraHaiUra="121" who="3" fromWho="3" sc="286,-10,224,-20,224,-10,256,50" /><INIT seed="2,0,0,2,2,60" ten="276,204,214,306" oya="2" hai0="109,126,44,101,107,123,103,42,63,130,85,112,48" hai1="17,58,120,24,21,6,113,83,108,56,122,14,40" hai2="124,15,70,99,59,23,1,65,89,41,34,117,28" hai3="73,72,78,119,97,125,47,92,57,96,7,61,13"/><V32/><F117/><W98/><G119/><T37/><D123/><N who="1" m="47147" /><E40/><V90/><F124/><W64/><G125/><T79/><D126/><U16/><E83/><V54/><F1/><W55/><G78/><T53/><D112/><U68/><E68/><V10/><F41/><W5/><G73/><T71/><D109/><U19/><E58/><V29/><F70/><W36/><G72/><T75/><D75/><U110/><E56/><V134/><F65/><W52/><G36/><T3/><D3/><U84/><E84/><V49/><F34/><W95/><G13/><T38/><D130/><U116/><E113/><V88/><F32/><W25/><G25/><T45/><D38/><U22/><E116/><V66/><F66/><W118/><G118/><T27/><D27/><N who="1" m="14759" /><E6/><N who="3" m="2058" /><G47/><T81/><REACH who="0" step="1"/><D107/><REACH who="0" ten="266,204,214,306" step="2"/><U46/><E46/><V132/><F132/><W43/><G43/><T105/><D105/><U9/><AGARI ba="0,1" hai="9,14,17,19,22,24,108,110" m="14759,47147" machi="9" ten="30,7900,0" yaku="13,1,34,2,54,1" doraHai="60" who="1" fromWho="1" sc="266,-20,204,89,214,-39,306,-20" /><INIT seed="3,0,0,1,5,61" ten="246,293,175,286" oya="3" hai0="55,75,9,26,93,66,41,98,30,76,49,88,23" hai1="15,104,89,51,100,69,29,12,43,31,56,126,0" hai2="99,63,78,57,90,107,16,32,42,119,45,117,8" hai3="118,132,85,135,67,115,52,83,123,64,110,60,113"/><W95/><G118/><T124/><D124/><U28/><E69/><V11/><F32/><W106/><G106/><T1/><D41/><U101/><E0/><V80/><F119/><W91/><G123/><T77/><D75/><U109/><E109/><V21/><F117/><W19/><G110/><T72/><D72/><U20/><E104/><V74/><F107/><W122/><G19/><T18/><D66/><N who="3" m="25129" /><G122/><T121/><D121/><U48/><E20/><V53/><F90/><W25/><G25/><T96/><D96/><U62/><E89/><V108/><F99/><W82/><G115/><T97/><D97/><U87/><E87/><V102/><F102/><W38/><G38/><T68/><D68/><U71/><E71/><V120/><F108/><W116/><G113/><T94/><D94/><U125/><E100/><V134/><F134/><N who="3" m="51243" /><G116/><T54/><D54/><N who="1" m="34071" /><E101/><V22/><F120/><W44/><G44/><T17/><D17/><U58/><E31/><V112/><F112/><W47/><G60/><T10/><D18/><U128/><E29/><V111/><F111/><W13/><G13/><T133/><D133/><U33/><E12/><V34/><F16/><W40/><G40/><T129/><D1/><U73/><E15/><V24/><F45/><W39/><G39/><T65/><D26/><N who="1" m="18583" /><E43/><V50/><F42/><W59/><G59/><T5/><D30/><U79/><E58/><V131/><F57/><W92/><G95/><T70/><D93/><U103/><E126/><V2/><F63/><W35/><G35/><T86/><D70/><U127/><E125/><V4/><F34/><RYUUKYOKU ba="0,0" sc="246,-10,293,-10,175,-10,286,30" hai3="47,52,82,83,85,91,92" /><INIT seed="3,1,0,5,3,44" ten="236,283,165,316" oya="3" hai0="90,131,110,106,92,70,59,8,95,108,57,88,58" hai1="86,81,13,19,26,25,133,132,41,82,35,48,116" hai2="67,85,68,125,55,15,4,129,102,29,56,118,9" hai3="49,47,74,124,115,104,109,127,10,130,98,28,117"/><W73/><G115/><T99/><D70/><U30/><E116/><V40/><F118/><W69/><G117/><T105/><D8/><N who="1" m="6567" /><E25/><V21/><F129/><W43/><G69/><T27/><D27/><U91/><E41/><V101/><F125/><N who="3" m="48203" /><G130/><T14/><D14/><U121/><E48/><V103/><F40/><W12/><G28/><T53/><D53/><U65/><E65/><V64/><F68/><W3/><G3/><T93/><D131/><U61/><E61/><V45/><F45/><W52/><G43/><T120/><D120/><U5/><E5/><V84/><F29/><W94/><G104/><N who="0" m="40043" /><D99/><U111/><E121/><V34/><F34/><W122/><G122/><T32/><D32/><U1/><E1/><V20/><F67/><W134/><G134/><T83/><D83/><U46/><E82/><V18/><F64/><W16/><G109/><AGARI ba="1,0" hai="57,58,59,88,90,92,93,95,108,109,110" m="40043" machi="109" ten="40,8000,1" yaku="28,2,14,1,54,1" doraHai="44" who="0" fromWho="3" sc="236,83,283,0,165,0,316,-83" /><INIT seed="4,0,0,3,4,26" ten="319,283,165,233" oya="0" hai0="59,47,78,96,19,57,37,104,80,66,97,28,116" hai1="133,14,9,56,119,134,100,54,124,43,7,18,4" hai2="12,45,44,74,22,118,16,94,76,61,81,72,13" hai3="32,15,114,46,82,49,25,35,5,58,112,41,27"/><T20/><D116/><U29/><E119/><V1/><F1/><W63/><G27/><T131/><D131/><U93/><E43/><V105/><F105/><W87/><G15/><T106/><D106/><U51/><E124/><V39/><F118/><W95/><G95/><T132/><D132/><N who="1" m="50795" /><E29/><V126/><F126/><W86/><G5/><T31/><D37/><U23/><E23/><V40/><F74/><W64/><G87/><N who="0" m="48535" /><D47/><U11/><E11/><V103/><F45/><W108/><G108/><T21/><D104/><U117/><E117/><V38/><F38/><W48/><G48/><T90/><D21/><U30/><E30/><N who="0" m="11305" /><D90/><U68/><E68/><V107/><F107/><W91/><REACH who="3" step="1"/><G25/><REACH who="3" ten="319,283,165,223" step="2"/><N who="0" m="14495" /><D66/><U62/><E51/><V135/><F12/><W70/><G70/><T98/><AGARI ba="0,1" hai="57,59,96,97,98" m="14495,11305,48535" machi="98" ten="30,11700,0" yaku="8,1,52,3" doraHai="26" who="0" fromWho="0" sc="319,127,283,-39,165,-39,223,-39" /><INIT seed="4,1,0,3,3,17" ten="446,244,126,184" oya="0" hai0="21,117,116,58,55,135,128,99,61,120,84,100,125" hai1="85,22,73,44,97,102,114,90,34,40,122,37,12" hai2="68,38,66,71,130,54,13,33,70,111,96,126,3" hai3="74,72,89,7,69,67,28,75,15,10,45,65,133"/><T103/><D120/><U30/><E122/><V112/><F3/><W16/><G28/><T118/><D128/><U14/><E73/><V123/><F111/><W104/><G104/><T41/><D135/><U105/><E34/><V129/><F123/><W92/><G133/><T18/><D125/><U51/><E114/><V8/><F33/><W47/><G7/><T115/><D115/><U131/><E131/><V2/><F2/><W43/><G69/><T20/><D41/><U78/><E78/><V119/><F38/><W23/><G10/><T4/><D4/><U46/><E30/><V52/><F112/><W42/><G42/><T11/><D84/><U81/><REACH who="1" step="1"/><E22/><REACH who="1" ten="446,234,126,184" step="2"/><V109/><F109/><W95/><G47/><T107/><D21/><U127/><E127/><V64/><F126/><W24/><G24/><T121/><D121/><U56/><E56/><V108/><F129/><W35/><G35/><T25/><D117/><U77/><E77/><V5/><F71/><W63/><G63/><T26/><D118/><U62/><E62/><V83/><F70/><W134/><G134/><T101/><D116/><U53/><AGARI ba="1,1" hai="12,14,37,40,44,46,51,53,81,85,90,97,102,105" machi="53" ten="20,5200,0" yaku="1,1,0,1,7,1,53,1" doraHai="17" doraHaiUra="80" who="1" fromWho="1" sc="446,-27,234,65,126,-14,184,-14" /><INIT seed="5,0,0,4,0,49" ten="419,299,112,170" oya="1" hai0="31,50,8,21,113,29,68,132,25,19,4,109,66" hai1="43,134,93,5,71,91,74,60,127,79,59,48,18" hai2="28,41,17,20,37,35,111,47,110,102,131,69,123" hai3="3,105,61,104,65,121,87,83,116,75,106,77,36"/><U112/><E112/><V85/><F123/><W90/><G3/><T94/><D109/><U115/><E115/><V13/><F131/><W95/><G36/><T55/><D113/><U120/><E120/><V7/><F69/><W24/><G121/><T54/><D132/><U11/><E71/><V56/><F102/><W135/><G135/><T117/><D117/><U16/><E79/><V122/><F122/><W97/><G24/><T89/><D66/><U9/><E74/><V72/><F72/><W114/><G114/><T32/><D68/><U84/><E127/><V128/><F128/><W81/><G61/><T130/><D130/><U107/><E107/><V62/><F7/><W6/><G65/><T73/><D73/><U57/><E57/><V103/><F103/><W133/><G6/><T78/><D78/><U1/><E11/><V126/><F126/><W100/><G133/><T108/><D108/><U14/><E1/><V92/><F28/><W129/><G129/><T101/><D101/><U45/><REACH who="1" step="1"/><E134/><REACH who="1" ten="419,289,112,170" step="2"/><V27/><F111/><W64/><G64/><AGARI ba="0,1" hai="5,9,14,16,18,43,45,48,59,60,64,84,91,93" machi="64" ten="30,12000,1" yaku="1,1,2,1,7,1,8,1,54,1,53,0" doraHai="49" doraHaiUra="76" who="1" fromWho="3" sc="419,0,289,130,112,0,170,-120" /><INIT seed="5,1,0,3,1,17" ten="419,419,112,50" oya="1" hai0="72,27,56,94,58,54,124,3,98,49,37,127,99" hai1="42,38,21,59,116,83,126,43,30,69,105,120,104" hai2="84,125,48,53,39,11,89,9,110,14,133,44,128" hai3="123,26,111,22,131,19,102,46,57,18,60,70,74"/><U16/><E69/><V8/><F110/><W0/><G111/><T129/><D72/><U87/><E116/><V121/><F121/><W25/><G123/><T107/><D3/><U117/><E117/><V118/><F118/><W64/><G131/><T24/><D37/><U90/><E126/><N who="0" m="48169" /><D129/><U82/><E38/><V52/><F125/><W7/><G74/><T12/><D12/><U1/><E1/><V29/><F128/><W47/><G102/><N who="0" m="62943" /><D58/><U31/><E104/><V66/><F133/><W106/><G106/><T85/><D85/><N who="1" m="50487" /><E59/><V114/><F114/><W71/><G7/><T76/><D76/><N who="1" m="46567" /><E105/><V115/><F115/><W34/><G0/><T23/><D23/><U113/><E120/><V88/><F39/><W13/><G34/><T132/><D132/><U61/><E113/><V28/><F66/><W130/><G130/><T40/><D40/><N who="1" m="15403" /><E61/><V6/><F53/><W91/><G71/><T36/><D36/><U5/><E5/><V109/><F109/><W15/><G70/><T65/><D65/><U108/><E108/><V81/><F89/><AGARI ba="1,0" hai="24,27,49,54,56,89,94,98" m="62943,48169" machi="89" ten="30,1000,0" yaku="18,1" doraHai="17" who="0" fromWho="2" sc="419,13,419,0,112,-13,50,0" /><INIT seed="6,0,0,0,3,80" ten="432,419,99,50" oya="2" hai0="51,5,79,9,82,25,56,53,27,125,126,127,29" hai1="87,50,132,123,111,48,121,116,49,18,36,30,76" hai2="101,108,13,38,124,105,94,98,40,57,65,112,1" hai3="43,78,58,59,54,32,35,22,118,26,0,100,24"/><V117/><F112/><W64/><G0/><N who="0" m="167" /><D29/><U33/><E116/><V96/><F124/><W135/><G118/><T107/><D107/><U83/><E111/><V63/><F117/><W77/><G43/><T62/><D62/><U14/><E36/><V66/><F1/><W91/><G100/><T71/><D71/><U34/><E30/><V134/><F134/><W75/><G135/><T89/><D89/><U106/><E106/><V97/><F108/><W52/><G64/><T74/><AGARI ba="0,0" hai="25,27,51,53,56,74,79,82,125,126,127" m="167" machi="74" ten="30,1100,0" yaku="18,1" doraHai="80" who="0" fromWho="0" sc="432,11,419,-3,99,-5,50,-3" /><INIT seed="7,0,0,1,3,114" ten="443,416,94,47" oya="3" hai0="98,21,72,3,10,9,117,31,13,92,77,19,63" hai1="12,120,84,83,103,96,119,41,2,38,132,44,64" hai2="109,8,95,69,52,74,45,89,91,36,73,61,85" hai3="75,40,78,99,71,76,111,65,102,33,125,106,104"/><W126/><G40/><T30/><D117/><U133/><E120/><V7/><F109/><W42/><G111/><T90/><D77/><U15/><E2/><V28/><F28/><N who="0" m="10794" /><D72/><U32/><E32/><V34/><F34/><W121/><G33/><T60/><D3/><U116/><E64/><V66/><F91/><W50/><G121/><T24/><D9/><U118/><E12/><V22/><F22/><W129/><G106/><T70/><D70/><U134/><E15/><V18/><F18/><AGARI ba="0,0" hai="10,13,18,19,21,24,60,63,90,92,98" m="10794" machi="18" ten="30,1000,0" yaku="8,1" doraHai="114" who="0" fromWho="2" sc="443,10,416,0,94,-10,47,0" owari="453,55.3,416,21.6,84,-31.6,47,-45.3" /></mjloggm>