<mjloggm ver="2.3"><GO type="169" lobby="0"/><UN n0="%E3%83%A9%E3%82%B9%E3%82%8B%E3%81%8B%E3%81%AA" n1="%E7%B4%AB%E3%81%AE%E9%8F%A1" n2="%E7%94%9F%E5%BE%92%E4%BC%9A%E3%80%90%E5%BA%8F%E3%80%91" n3="%4C%C3%97%57%C3%97%4C" dan="17,17,16,16" rate="2200.20,2144.48,2117.76,2152.74" sx="M,M,M,M"/><TAIKYOKU oya="0"/><INIT seed="0,0,0,1,3,97" ten="250,250,250,250" oya="0" hai0="123,125,84,96,45,54,36,81,62,42,87,105,130" hai1="100,65,92,59,18,56,122,113,121,79,107,93,22" hai2="117,51,124,13,19,98,37,53,129,20,15,0,43" hai3="135,104,103,9,17,27,68,52,82,2,33,133,71"/><T134/><D123/><U67/><E79/><V64/><F117/><W8/><G82/><T66/><D130/><U115/><E107/><V46/><F0/><W102/><G104/><T32/><D134/><N who="3" m="51209" /><G33/><T110/><D125/><U30/><E22/><V35/><F35/><W70/><G52/><T58/><D32/><U74/><E18/><V116/><F116/><W131/><G131/><T95/><D105/><U101/><REACH who="1" step="1"/><E74/><REACH who="1" ten="250,240,250,250" step="2"/><V55/><F129/><W31/><G17/><T72/><D72/><U14/><E14/><V29/><F19/><W44/><G2/><T77/><D77/><U69/><E69/><V6/><F15/><W4/><G4/><T99/><D81/><U34/><E34/><V75/><F13/><W128/><G128/><T63/><D110/><U91/><E91/><V24/><F6/><W94/><G94/><T127/><D127/><U39/><E39/><V83/><F37/><W112/><G71/><T73/><D73/><U119/><E119/><V108/><F108/><W80/><G70/><T47/><D95/><U28/><AGARI ba="0,1" hai="28,30,56,59,65,67,92,93,100,101,113,115,121,122" machi="28" ten="25,12000,2" yaku="1,1,0,1,22,2,52,2,53,0" doraHai="97" doraHaiUra="23" who="1" fromWho="1" sc="250,-60,240,130,250,-30,250,-30" /><INIT seed="1,0,0,1,2,3" ten="190,370,220,220" oya="1" hai0="80,16,48,113,41,120,37,102,5,110,87,66,0" hai1="63,98,82,117,19,60,67,129,21,26,97,104,28" hai2="115,132,94,135,125,91,128,30,10,54,133,71,103" hai3="72,65,131,123,40,89,127,112,119,90,88,62,83"/><U25/><E117/><V73/><F71/><W15/><G123/><T42/><D113/><U75/><E129/><V6/><F30/><W107/><G112/><T14/><D37/><U99/><E104/><V56/><F115/><W70/><G131/><T55/><D66/><U50/><E50/><V52/><F73/><W96/><G127/><T1/><D110/><U69/><E60/><V92/><F128/><W134/><G134/><T79/><D120/><U53/><E53/><V59/><F103/><W8/><G40/><T76/><D102/><U61/><E61/><N who="2" m="35975" /><F91/><W77/><G119/><T78/><D1/><U2/><E2/><N who="2" m="343" /><F125/><W31/><G31/><T106/><D106/><U84/><E75/><V44/><F44/><W68/><G68/><T95/><D95/><U108/><E108/><V111/><F111/><W9/><G9/><T11/><D0/><U122/><E122/><V57/><F57/><W74/><G74/><T39/><D39/><U4/><E4/><V32/><F32/><W46/><G46/><N who="0" m="28055" /><D5/><U49/><E69/><V109/><F109/><W29/><G29/><T36/><D36/><U126/><E28/><V85/><F85/><W22/><G107/><T51/><D51/><AGARI ba="0,0" hai="51,54,59,92,94,132,133,135" m="343,35975" machi="51" ten="30,3900,0" yaku="20,1,52,1,54,1" doraHai="3" who="2" fromWho="0" sc="190,-39,370,0,220,39,220,0" /><INIT seed="2,0,0,5,2,101" ten="151,370,259,220" oya="2" hai0="54,48,40,60,127,108,134,93,132,76,98,124,131" hai1="94,107,80,111,12,69,135,16,11,23,104,17,1" hai2="103,45,34,85,77,70,21,113,65,105,41,2,86" hai3="87,90,71,4,123,109,84,14,52,7,30,15,95"/><V32/><F113/><W20/><G123/><T78/><D40/><U125/><E69/><V100/><F21/><W56/><G71/><T24/><D60/><U102/><E111/><V35/><F2/><W13/><G109/><T37/><D37/><U10/><E135/><N who="0" m="51753" /><D24/><U72/><E125/><N who="0" m="48201" /><D108/><U120/><E120/><V119/><F119/><W28/><G87/><T63/><D63/><U126/><E126/><V133/><F133/><W39/><G39/><T6/><D6/><N who="3" m="2089" /><G20/><T128/><D93/><U79/><E1/><V3/><F3/><W83/><G95/><T47/><D98/><U9/><E17/><V81/><F70/><W58/><G58/><T44/><D47/><U110/><E110/><V62/><F45/><W116/><G116/><T99/><D99/><U0/><E0/><V53/><F35/><W26/><G26/><T5/><D5/><U33/><E33/><V66/><F34/><W96/><G96/><T25/><D25/><U38/><E38/><V59/><F32/><W118/><G118/><T42/><D42/><U18/><E18/><V67/><F41/><W31/><G31/><T36/><D36/><U97/><AGARI ba="0,0" hai="9,10,11,12,16,23,72,79,80,94,97,102,104,107" machi="97" ten="30,7900,0" yaku="0,1,52,2,54,1" doraHai="101" who="1" fromWho="1" sc="151,-20,370,79,259,-39,220,-20" /><INIT seed="3,0,0,4,1,84" ten="131,449,220,200" oya="3" hai0="17,122,54,125,3,40,117,67,132,38,24,6,126" hai1="35,69,7,120,116,99,10,12,93,131,106,9,92" hai2="18,98,127,68,90,29,124,86,66,15,36,123,107" hai3="47,50,46,130,34,97,8,56,115,105,73,51,58"/><W78/><G34/><T104/><D104/><U43/><E69/><V110/><F36/><W0/><G115/><T28/><D67/><U61/><E120/><V83/><F110/><W80/><G130/><T129/><D122/><U37/><E35/><V59/><F68/><W32/><G32/><T52/><D117/><U27/><E131/><V72/><F72/><W71/><G71/><T57/><D129/><U76/><E116/><V95/><F29/><W45/><G0/><T16/><D132/><U77/><E106/><V121/><F107/><W108/><G108/><T2/><D40/><U60/><E27/><V63/><F123/><W102/><G8/><N who="0" m="2143" /><D38/><U81/><E9/><V96/><F121/><W111/><REACH who="3" step="1"/><G111/><REACH who="3" ten="131,449,220,190" step="2"/><T1/><D1/><U5/><E10/><N who="2" m="6519" /><F127/><N who="0" m="48650" /><D2/><U11/><E11/><V134/><F124/><W87/><G87/><T113/><D113/><U103/><E5/><V128/><F128/><W39/><G39/><T22/><D54/><U119/><E7/><V53/><F134/><W82/><G82/><T88/><D52/><U23/><E81/><V94/><F53/><W109/><G109/><T20/><D57/><AGARI ba="0,1" hai="45,46,47,50,51,56,57,58,73,78,80,97,102,105" machi="57" ten="40,2000,0" yaku="1,1,53,0" doraHai="84" doraHaiUra="4" who="3" fromWho="0" sc="131,-20,449,0,220,0,190,30" /><INIT seed="3,1,0,5,0,121" ten="111,449,220,220" oya="3" hai0="87,94,4,28,111,18,91,30,41,89,114,113,115" hai1="6,11,70,85,62,48,13,61,40,133,107,50,8" hai2="66,29,135,47,56,12,78,131,112,103,67,74,19" hai3="31,98,125,26,102,130,58,95,52,82,104,55,1"/><W60/><G130/><T22/><D4/><U37/><E107/><V69/><F112/><W33/><G125/><T63/><D41/><U120/><E120/><V84/><F69/><W59/><G1/><T106/><D106/><U73/><E73/><V21/><F131/><W57/><G104/><T65/><D91/><U20/><E37/><V46/><F74/><W0/><G0/><T32/><D32/><U51/><E133/><V134/><F103/><W90/><REACH who="3" step="1"/><G60/><REACH who="3" ten="111,449,220,210" step="2"/><T86/><D111/><U75/><E61/><V88/><F135/><W44/><G44/><T117/><D117/><U14/><E62/><V10/><F134/><W54/><G54/><T27/><REACH who="0" step="1"/><D87/><AGARI ba="1,1" hai="26,31,33,52,55,57,58,59,82,87,90,95,98,102" machi="87" ten="40,3900,0" yaku="1,1,54,1,53,0" doraHai="121" doraHaiUra="39" who="3" fromWho="0" sc="111,-42,449,0,220,0,210,52" /><INIT seed="3,2,0,4,3,134" ten="69,449,220,262" oya="3" hai0="114,10,23,71,27,106,51,121,46,57,48,118,69" hai1="132,105,3,87,96,100,70,9,39,117,90,81,104" hai2="24,25,79,36,60,5,131,86,85,0,91,102,63" hai3="11,74,42,32,1,52,47,130,49,77,97,89,103"/><W129/><G32/><T107/><D118/><U115/><E70/><V113/><F36/><W127/><G89/><T13/><D121/><U38/><E115/><V76/><F113/><W83/><G127/><T120/><D120/><U34/><E34/><V59/><F131/><W54/><G1/><T16/><D114/><U112/><E112/><V126/><F102/><W50/><G11/><T29/><D71/><U128/><E132/><V18/><F0/><W44/><REACH who="3" step="1"/><G42/><REACH who="3" ten="69,449,220,252" step="2"/><T78/><D78/><U65/><E90/><V109/><F91/><W111/><G111/><T125/><D125/><U82/><E9/><V61/><F109/><W116/><G116/><T101/><D101/><U21/><E3/><V20/><F126/><W123/><G123/><T37/><D69/><U35/><E35/><V53/><F79/><W8/><G8/><T2/><D2/><U84/><E100/><V33/><F76/><W40/><G40/><T45/><D37/><U75/><E117/><V58/><F33/><W64/><G64/><T4/><D4/><U15/><E65/><V110/><F5/><W133/><G133/><T41/><REACH who="0" step="1"/><D57/><REACH who="0" ten="59,449,220,252" step="2"/><U66/><E39/><V17/><F110/><W88/><G88/><T92/><D92/><AGARI ba="2,2" hai="44,47,49,50,52,54,74,77,83,92,97,103,129,130" machi="92" ten="40,7700,0" yaku="1,1,9,1,54,1,53,0" doraHai="134" doraHaiUra="80" who="3" fromWho="0" sc="59,-83,449,0,220,0,252,103" owari="-24,-52.4,449,54.9,220,-18.0,355,15.5" /></mjloggm>