<mjloggm ver="2.3"><GO type="169" lobby="0"/><UN n0="%41%4C%50%45%52%49%4E" n1="%74%6F%72%69%30%36%31%32" n2="%E7%AB%8B%E7%9B%B4%E5%BE%8C%E5%8D%B3%E6%94%BE%E9%8A%83" n3="%E9%95%B7%E5%A4%A7%E3%82%92%E5%87%BA%E3%81%9F%E3%81%91%E3%82%8C%E3%81%A9" dan="16,16,17,16" rate="2158.07,2180.07,2138.18,2156.18" sx="M,M,F,M"/><TAIKYOKU oya="0"/><INIT seed="0,0,0,2,5,88" ten="250,250,250,250" oya="0" hai0="51,23,133,15,78,57,95,76,22,114,32,124,82" hai1="117,11,100,47,39,106,54,36,120,42,125,87,83" hai2="81,60,41,103,84,59,80,118,26,30,67,73,29" hai3="25,14,89,113,115,98,72,123,96,77,61,38,18"/><T16/><D114/><U43/><E120/><V33/><F118/><W86/><G123/><T17/><D32/><U74/><E74/><V127/><F127/><W90/><G38/><T35/><D35/><U4/><E125/><V52/><F30/><W135/><G25/><T50/><D124/><U3/><E54/><V27/><F27/><W110/><G61/><T105/><D105/><U28/><E28/><V7/><F7/><W97/><G14/><N who="0" m="9495" /><D133/><U8/><E8/><V20/><F33/><W10/><G18/><T2/><D2/><U21/><E21/><V121/><F121/><W5/><G10/><T102/><D82/><U64/><E64/><V69/><F41/><W58/><G5/><T0/><D0/><U116/><E100/><V104/><F73/><W92/><G58/><T66/><D66/><U126/><E106/><V62/><REACH who="2" step="1"/><F84/><REACH who="2" ten="250,250,240,250" step="2"/><N who="3" m="52263" /><G135/><T65/><D65/><U37/><E126/><V31/><F31/><W131/><G131/><T111/><D111/><U34/><E34/><V93/><F93/><N who="3" m="54487" /><G110/><T85/><D85/><U45/><E39/><V108/><F108/><W91/><G91/><AGARI ba="0,1" hai="3,4,11,36,37,42,43,45,47,83,87,91,116,117" machi="91" ten="30,2000,0" yaku="7,1,9,1" doraHai="88" who="1" fromWho="3" sc="250,0,250,30,240,0,250,-20" /><INIT seed="1,0,0,3,2,64" ten="250,280,240,230" oya="1" hai0="46,22,16,116,31,2,119,58,67,9,11,66,132" hai1="15,126,24,115,102,62,121,43,4,10,89,53,85" hai2="113,12,86,60,79,57,5,1,100,47,48,18,42" hai3="130,133,56,114,134,81,78,59,98,91,38,49,123"/><U20/><E121/><V128/><F113/><W19/><G38/><T88/><D132/><U124/><E43/><V84/><F128/><W39/><G123/><T108/><D108/><U77/><E77/><V35/><F35/><W110/><G39/><T107/><D107/><U69/><E102/><V82/><F100/><W135/><G110/><T36/><D31/><U14/><E14/><V101/><F101/><W92/><G114/><T105/><D105/><U83/><E115/><V106/><F106/><W3/><G3/><T26/><D36/><U21/><E53/><V94/><F1/><W99/><G130/><T7/><D46/><U127/><REACH who="1" step="1"/><E24/><REACH who="1" ten="250,270,240,230" step="2"/><V120/><F120/><W37/><G78/><T125/><D119/><U30/><E30/><V103/><F103/><W33/><G133/><T6/><D116/><U25/><E25/><V117/><F117/><W61/><G134/><T29/><D29/><U104/><E104/><V44/><F42/><W122/><G135/><T90/><D125/><U71/><E71/><V32/><F12/><W45/><G122/><T52/><D90/><U74/><E74/><V17/><F79/><W96/><G91/><T54/><D88/><U131/><E131/><V13/><F13/><W63/><G92/><T65/><REACH who="0" step="1"/><D58/><REACH who="0" ten="240,270,240,230" step="2"/><U118/><E118/><V51/><F57/><W8/><G56/><T93/><D93/><U95/><E95/><V55/><F94/><W40/><G59/><T50/><D50/><U76/><E76/><V41/><F48/><W23/><G49/><T72/><D72/><U28/><E28/><V68/><F51/><RYUUKYOKU ba="0,2" sc="240,15,270,15,240,-15,230,-15" hai0="2,6,7,9,11,16,22,26,52,54,65,66,67" hai1="4,10,15,20,21,62,69,83,85,89,124,126,127" /><INIT seed="1,1,2,4,5,93" ten="255,285,225,215" oya="1" hai0="87,17,50,18,71,7,43,27,64,48,119,30,86" hai1="24,88,130,51,10,6,96,76,75,8,121,124,135" hai2="58,98,126,44,117,34,103,3,57,62,26,72,20" hai3="47,68,56,80,19,91,55,108,35,15,11,1,69"/><U25/><E121/><V112/><F126/><W73/><G35/><T52/><D119/><U94/><E124/><V70/><F117/><W32/><G32/><T129/><D129/><U33/><E130/><V123/><F123/><W132/><G132/><T111/><D111/><U12/><E135/><V21/><F72/><W46/><G108/><T36/><D7/><U23/><E33/><V100/><F3/><W115/><G115/><T14/><D36/><U114/><E114/><V97/><F112/><W128/><G1/><T5/><D64/><U54/><E8/><V79/><F79/><W92/><G68/><T134/><D71/><U4/><E4/><V2/><F2/><W59/><G69/><T109/><D5/><U131/><E131/><V104/><F44/><W125/><G56/><N who="0" m="32775" /><D109/><U122/><E122/><V77/><F77/><W95/><G125/><T60/><D60/><U85/><E75/><V81/><F81/><W40/><G73/><T53/><D43/><U105/><E23/><V49/><F49/><N who="3" m="26823" /><G47/><N who="0" m="27871" /><D134/><U74/><E74/><V29/><F62/><N who="3" m="36223" /><G128/><T82/><D82/><N who="1" m="47303" /><E105/><V9/><F70/><W99/><G80/><T42/><D42/><U83/><E83/><V16/><F58/><AGARI ba="1,2" hai="6,10,12,24,25,51,54,58,88,94,96" m="47303" machi="58" ten="30,5800,0" yaku="8,1,52,1,54,1" doraHai="93" who="1" fromWho="2" sc="255,0,285,81,225,-61,215,0" /><INIT seed="1,2,0,1,4,64" ten="255,366,164,215" oya="1" hai0="101,119,108,40,67,34,74,45,102,49,124,106,62" hai1="134,118,9,65,73,66,59,80,4,38,35,85,127" hai2="17,39,23,98,103,11,105,54,96,28,22,15,100" hai3="95,130,27,125,1,128,50,10,33,77,55,131,3"/><U107/><E73/><V47/><F39/><W68/><G77/><T25/><D119/><U83/><E107/><V109/><F109/><W129/><G125/><T81/><D124/><U132/><E35/><V21/><F47/><W89/><G10/><T53/><D108/><U135/><E38/><V30/><REACH who="2" step="1"/><F54/><REACH who="2" ten="255,366,154,215" step="2"/><W2/><G128/><T58/><D53/><U43/><E127/><V84/><F84/><W7/><G55/><T63/><D74/><U20/><E118/><V111/><F111/><W14/><G129/><T32/><D45/><U6/><E85/><V79/><F79/><W78/><G130/><T36/><D36/><U115/><E135/><V51/><F51/><W123/><G50/><T57/><D49/><U88/><E134/><V121/><F121/><W52/><G78/><T72/><D72/><U5/><E132/><V42/><F42/><W99/><G52/><T48/><D48/><U18/><E43/><V26/><F26/><W90/><G27/><T87/><D25/><U12/><E59/><V61/><F61/><W97/><G123/><T56/><D40/><U122/><E122/><V82/><F82/><W93/><G131/><T16/><D63/><U70/><E83/><V29/><F29/><W120/><G120/><T8/><D58/><U91/><E80/><V133/><F133/><W112/><G112/><T0/><D56/><U92/><E115/><V69/><F69/><W44/><G68/><T24/><D57/><U126/><E70/><V114/><F114/><W116/><G44/><T110/><D62/><U13/><E126/><V94/><AGARI ba="2,1" hai="11,15,17,21,22,23,28,30,94,96,98,100,103,105" machi="94" ten="30,4000,0" yaku="1,1,5,1,0,1,53,0" doraHai="64" doraHaiUra="71" who="2" fromWho="2" sc="255,-12,366,-22,154,56,215,-12" /><INIT seed="2,0,0,4,1,68" ten="243,344,210,203" oya="2" hai0="113,38,132,129,101,114,92,42,45,24,3,56,98" hai1="22,90,62,14,28,6,19,61,75,111,27,58,102" hai2="57,71,2,37,65,25,76,85,87,77,31,18,80" hai3="12,81,52,107,29,74,34,130,32,72,50,46,86"/><V26/><F2/><W11/><G107/><T91/><D3/><U88/><E75/><V59/><F37/><W83/><G130/><T55/><D129/><U48/><E111/><V103/><F103/><W89/><G29/><T117/><D117/><U115/><E6/><V127/><F127/><W64/><G64/><T69/><D132/><U105/><E115/><V84/><F71/><W125/><G125/><T128/><D128/><U82/><E102/><V15/><F65/><W100/><G100/><T123/><D69/><U7/><E7/><V96/><F96/><W134/><G134/><T106/><D24/><U126/><E105/><V110/><F110/><W36/><G36/><T124/><D123/><U97/><E90/><V4/><F4/><W121/><G121/><T17/><D17/><U112/><E112/><V93/><F26/><W67/><G67/><T119/><D119/><U120/><E120/><V5/><F5/><W133/><G133/><T40/><D40/><U49/><E62/><V44/><F44/><W13/><G13/><T39/><D39/><U118/><E118/><V33/><F93/><W8/><G8/><T41/><D41/><U135/><E135/><V95/><F95/><W109/><G109/><T10/><D10/><N who="1" m="6615" /><E97/><V0/><F0/><W78/><G74/><T51/><REACH who="0" step="1"/><D124/><REACH who="0" ten="233,344,210,203" step="2"/><U30/><E126/><V94/><F77/><W116/><G116/><T79/><D79/><U60/><E30/><V16/><F18/><AGARI ba="0,1" hai="11,12,18,32,34,46,50,52,72,78,81,83,86,89" machi="18" ten="30,7700,0" yaku="7,1,25,2,54,1" doraHai="68" who="3" fromWho="2" sc="233,0,344,0,210,-77,203,87" /><INIT seed="3,0,0,3,2,100" ten="233,344,133,290" oya="3" hai0="41,93,98,97,5,32,84,11,1,3,73,132,118" hai1="43,34,21,81,7,2,129,102,10,134,131,89,116" hai2="130,56,94,105,63,107,86,122,48,20,82,42,76" hai3="127,67,33,14,68,87,15,26,36,70,83,0,114"/><W92/><G36/><T58/><D118/><U113/><E34/><V124/><F130/><N who="1" m="49673" /><E113/><V133/><F124/><W121/><G0/><T108/><D73/><U78/><E134/><V74/><F133/><W53/><G127/><T60/><D132/><U120/><E120/><V65/><F122/><W62/><G68/><T91/><D108/><U110/><E110/><V103/><F20/><W101/><G53/><T22/><D32/><U17/><E102/><V28/><F28/><W128/><G114/><T9/><D41/><U52/><E89/><V95/><F95/><W44/><G44/><T35/><D35/><U29/><E29/><V57/><F86/><W106/><G92/><T13/><D22/><U75/><E43/><V61/><F48/><W111/><G121/><T18/><D18/><U30/><E30/><V49/><F49/><W31/><G111/><T85/><D85/><U125/><E52/><V72/><F42/><W4/><G4/><T104/><D104/><U77/><E77/><V8/><F8/><W69/><G69/><T64/><REACH who="0" step="1"/><D11/><REACH who="0" ten="223,344,133,290" step="2"/><U109/><E109/><V115/><F74/><W19/><G19/><T80/><D80/><U24/><E125/><V12/><F115/><W88/><G128/><T126/><D126/><U119/><AGARI ba="0,1" hai="2,7,10,17,21,24,75,78,81,116,119" m="49673" machi="119" ten="30,1100,0" yaku="19,1" doraHai="100" who="1" fromWho="1" sc="223,-3,344,21,133,-3,290,-5" /><INIT seed="4,0,0,2,4,70" ten="220,365,130,285" oya="0" hai0="56,18,109,42,1,129,43,78,82,45,85,59,60" hai1="128,118,54,53,123,116,0,62,44,111,46,114,27" hai2="79,74,64,113,87,4,26,11,48,35,9,86,14" hai3="100,84,33,31,132,32,119,40,117,91,76,24,10"/><T69/><D1/><U3/><E27/><V106/><F106/><W72/><G132/><T58/><D129/><U28/><E28/><V89/><F113/><W77/><G100/><T51/><D109/><U52/><E123/><V88/><F74/><W95/><G32/><T55/><D43/><U96/><E96/><V36/><F36/><W30/><G30/><T133/><D133/><U124/><E111/><V7/><F35/><W80/><G76/><T16/><D69/><U49/><E62/><V92/><F79/><W134/><G134/><T15/><REACH who="0" step="1"/><D18/><REACH who="0" ten="210,365,130,285" step="2"/><U127/><E128/><V81/><F64/><W63/><G40/><T68/><D68/><U112/><E54/><V126/><F126/><W108/><G108/><T2/><D2/><U99/><E3/><V110/><F110/><W65/><G119/><T38/><D38/><U12/><E0/><V39/><F39/><W17/><G117/><T125/><D125/><U13/><E49/><V73/><F48/><W122/><G122/><T67/><D67/><U71/><E71/><V66/><F66/><W90/><G65/><T135/><D135/><U120/><E120/><V20/><F73/><W19/><G63/><T94/><D94/><U61/><E61/><V5/><REACH who="2" step="1"/><F9/><AGARI ba="0,1" hai="9,15,16,42,45,51,55,56,58,59,60,78,82,85" machi="9" ten="30,11600,0" yaku="1,1,7,1,8,1,54,1,53,0" doraHai="70" doraHaiUra="21" who="0" fromWho="2" sc="210,126,365,0,130,-116,285,0" /><INIT seed="4,1,0,2,0,5" ten="336,365,14,285" oya="0" hai0="125,101,6,56,123,32,114,130,84,87,124,60,79" hai1="43,31,9,51,83,28,73,107,58,61,96,42,14" hai2="105,66,36,122,100,110,38,129,20,135,69,86,82" hai3="18,64,48,12,46,47,52,29,74,90,75,68,127"/><T27/><D123/><U92/><E107/><V37/><F122/><W70/><G127/><N who="0" m="48715" /><D114/><U134/><E134/><V21/><F110/><W98/><G29/><N who="1" m="11338" /><E83/><V126/><F126/><W109/><G109/><T63/><D32/><U133/><E73/><V10/><F135/><W95/><G47/><T26/><D130/><U49/><E49/><V108/><F108/><W128/><G128/><T25/><D101/><N who="1" m="60551" /><E51/><V91/><F129/><W78/><G78/><T41/><D41/><U97/><E97/><V16/><F105/><W7/><G7/><T23/><D79/><U131/><E133/><V44/><F100/><W76/><G76/><T55/><D23/><U33/><E33/><V30/><F30/><W115/><G115/><T67/><D6/><N who="1" m="3383" /><E131/><V13/><REACH who="2" step="1"/><F44/><REACH who="2" ten="336,365,4,285" step="2"/><W85/><G70/><AGARI ba="1,1" hai="25,26,27,55,56,60,63,67,70,84,87" m="48715" machi="70" ten="30,1500,0" yaku="18,1" doraHai="5" who="0" fromWho="3" sc="336,28,365,0,4,0,285,-18" /><INIT seed="4,2,0,0,2,86" ten="364,365,4,267" oya="0" hai0="42,37,114,13,102,89,127,98,50,5,69,4,19" hai1="9,73,30,48,34,40,65,92,131,38,105,14,2" hai2="6,17,99,39,90,113,120,107,51,132,52,108,85" hai3="67,79,106,45,64,91,84,82,74,11,27,35,75"/><T81/><D69/><U55/><E105/><V72/><F108/><W124/><G124/><T122/><D37/><U41/><E2/><V28/><F39/><W118/><G118/><T133/><D122/><U22/><E73/><V119/><F120/><W129/><G129/><T54/><D127/><U76/><E34/><V88/><F72/><W117/><G117/><T57/><D133/><U93/><E76/><V101/><F119/><W116/><G75/><T8/><D114/><U125/><E65/><V21/><F113/><W32/><G116/><T66/><D42/><N who="1" m="16491" /><E131/><V24/><F132/><W43/><G106/><T83/><D66/><U12/><E38/><V3/><F85/><W15/><G32/><T49/><D49/><U0/><E0/><V1/><F1/><W111/><G111/><T58/><D58/><N who="1" m="33127" /><E125/><V47/><F3/><W53/><G53/><T109/><D109/><U100/><E100/><V115/><F6/><N who="0" m="2666" /><D102/><U87/><E9/><V126/><F115/><W103/><G103/><T80/><D98/><U25/><E93/><V61/><F61/><W31/><G74/><T23/><D8/><U10/><E10/><V36/><F36/><W78/><G67/><T71/><D71/><U94/><E94/><N who="2" m="58615" /><F126/><W123/><G64/><T33/><D33/><U104/><E104/><V62/><F107/><W70/><G70/><T96/><D96/><U68/><E68/><V46/><F62/><W29/><G123/><T59/><D59/><U97/><E97/><V128/><F128/><W44/><G35/><T7/><N who="0" m="2674" /><T130/><DORA hai="60" /><D130/><U110/><E110/><RYUUKYOKU ba="2,0" sc="364,15,365,15,4,-15,267,-15" hai0="13,19,23,50,54,57,80,81,83,89" hai1="12,14,22,25,30,87,92" owari="379,17.9,380,48.0,-11,-51.1,252,-14.8" /></mjloggm>