<mjloggm ver="2.3"><GO type="169" lobby="0"/><UN n0="%32%30%31%33%36%31%32" n1="%67%78%7A" n2="%41%4F%54" n3="%76%61%6C%6B%79%72%69%65" dan="17,18,18,17" rate="2203.97,2272.34,2224.26,2202.65" sx="M,F,F,F"/><TAIKYOKU oya="0"/><INIT seed="0,0,0,4,2,39" ten="250,250,250,250" oya="0" hai0="1,103,36,80,133,0,104,119,76,88,9,106,21" hai1="8,29,17,10,114,115,79,98,58,125,86,51,77" hai2="72,42,27,52,6,129,54,48,2,34,46,11,82" hai3="135,18,128,105,60,31,127,63,59,91,92,37,55"/><T69/><D119/><U19/><E125/><V117/><F129/><W123/><G105/><T7/><D69/><U108/><E108/><V78/><REACH who="2" step="1"/><F117/><REACH who="2" ten="250,250,240,250" step="2"/><W66/><G128/><T44/><D133/><U131/><E131/><V90/><F90/><W112/><G135/><T111/><D88/><U110/><E110/><V56/><F56/><W100/><G127/><T124/><D111/><U35/><E58/><V94/><F94/><W83/><G59/><T84/><D124/><U22/><E114/><V62/><F62/><W64/><G91/><T41/><D103/><U20/><E115/><V3/><F3/><W122/><G92/><T24/><REACH who="0" step="1"/><D0/><REACH who="0" ten="240,250,240,250" step="2"/><U50/><E77/><V53/><F53/><W130/><G55/><T102/><D102/><U67/><E79/><V87/><F87/><W99/><G100/><T5/><D5/><U96/><E86/><V121/><F121/><W75/><G123/><T49/><D49/><U95/><E50/><V120/><F120/><W85/><G122/><T113/><D113/><U43/><E51/><V73/><F73/><W45/><G75/><T28/><AGARI ba="0,2" hai="1,7,9,21,24,28,36,41,44,76,80,84,104,106" machi="28" ten="20,7800,0" yaku="1,1,0,1,7,1,52,1,53,0" doraHai="39" doraHaiUra="93" who="0" fromWho="0" sc="240,98,250,-26,240,-26,250,-26" /><INIT seed="0,1,0,0,4,95" ten="338,224,214,224" oya="0" hai0="103,16,64,21,88,28,37,58,31,14,115,100,128" hai1="102,76,34,80,52,5,85,45,66,23,33,60,83" hai2="7,132,4,51,78,61,124,104,67,89,69,82,20" hai3="75,77,26,44,59,87,84,11,73,86,10,55,41"/><T110/><D115/><U120/><E120/><V46/><F124/><W63/><G26/><T108/><D37/><U30/><E5/><V39/><F132/><W53/><G53/><T9/><D128/><U54/><E102/><V93/><F104/><W112/><G112/><T134/><D134/><U2/><E2/><V17/><F39/><W109/><G109/><N who="0" m="42091" /><D64/><U119/><E119/><V22/><F82/><W24/><G24/><N who="0" m="16399" /><D31/><U71/><E80/><V106/><F78/><W123/><G123/><T50/><D88/><U79/><E79/><V62/><F62/><W43/><G77/><T129/><D129/><U47/><E33/><V131/><F131/><W130/><G130/><T65/><D65/><U12/><E34/><V70/><F106/><W99/><G63/><T15/><D15/><U98/><E30/><V96/><F70/><W125/><G75/><T133/><D133/><U29/><E29/><V92/><F92/><W49/><G73/><T122/><D122/><U91/><E12/><V113/><F113/><W25/><G84/><T127/><D127/><U3/><E76/><V6/><REACH who="2" step="1"/><F17/><REACH who="2" ten="338,224,204,224" step="2"/><W42/><G125/><T97/><D97/><U32/><E98/><V56/><F56/><W116/><G99/><T105/><D105/><U38/><E38/><V114/><F114/><W48/><G59/><T90/><D90/><U135/><E91/><V36/><F36/><W117/><G48/><T101/><D58/><U107/><E107/><V94/><F94/><W126/><G126/><T81/><D81/><U68/><E135/><V18/><F18/><W19/><G49/><AGARI ba="1,1" hai="9,14,16,49,50,100,101,103" m="16399,42091" machi="49" ten="30,11600,0" yaku="6,1,14,1,10,1,54,1" doraHai="95" who="0" fromWho="3" sc="338,129,224,0,204,0,224,-119" /><INIT seed="0,2,0,4,3,89" ten="467,224,204,105" oya="0" hai0="124,102,116,41,40,45,25,121,134,78,71,1,43" hai1="2,70,123,28,107,19,94,49,7,104,114,68,82" hai2="5,100,99,84,54,91,24,39,90,122,112,95,56" hai3="75,98,73,44,101,0,60,97,66,37,46,16,15"/><T127/><D116/><U96/><E123/><V125/><F122/><W103/><G0/><T93/><D121/><U33/><E114/><V119/><F112/><W36/><G15/><T113/><D71/><U48/><E82/><V17/><F119/><W133/><G60/><T132/><D1/><U88/><E68/><V79/><F125/><W126/><G126/><N who="0" m="48171" /><D78/><U108/><E70/><V29/><F39/><W110/><G110/><T52/><D25/><U55/><E108/><V31/><F5/><W13/><G13/><T61/><D113/><U53/><E19/><V34/><F31/><W18/><REACH who="3" step="1"/><G66/><REACH who="3" ten="467,224,204,95" step="2"/><T106/><D61/><U85/><E2/><V67/><F67/><W11/><G11/><T57/><D132/><AGARI ba="2,1" hai="16,18,36,37,44,46,73,75,97,98,101,103,132,133" machi="132" ten="25,6400,0" yaku="1,1,22,2,54,1,53,0" doraHai="89" doraHaiUra="4" who="3" fromWho="0" sc="467,-70,224,0,204,0,95,80" /><INIT seed="1,0,0,4,2,76" ten="397,224,204,175" oya="1" hai0="119,24,60,43,86,118,126,31,93,82,103,27,62" hai1="58,40,78,77,125,4,73,132,91,98,131,17,18" hai2="71,28,0,81,8,112,52,22,123,37,33,25,85" hai3="100,32,124,87,83,49,110,117,108,57,101,30,70"/><U54/><E131/><V9/><F123/><W134/><G70/><T89/><D126/><U95/><E125/><V135/><F135/><W115/><G124/><T90/><D103/><U99/><E132/><V7/><F112/><W48/><G115/><T16/><D43/><U29/><E40/><V97/><F37/><W114/><G114/><T46/><D46/><U107/><E29/><V15/><F71/><W128/><G134/><T63/><D24/><U111/><E111/><N who="3" m="42538" /><G128/><T35/><REACH who="0" step="1"/><D16/><REACH who="0" ten="387,224,204,175" step="2"/><U121/><E18/><V74/><F9/><W20/><G30/><T34/><D34/><U67/><E17/><V61/><F33/><W21/><G32/><T105/><D105/><U42/><E107/><V5/><F28/><W104/><G104/><T129/><D129/><U1/><E42/><V47/><F25/><W50/><G117/><T41/><D41/><U113/><E113/><V69/><F47/><W80/><G101/><T14/><D14/><U66/><E1/><V26/><F0/><W13/><G100/><T75/><D75/><U38/><E73/><V51/><F74/><W68/><G13/><T122/><D122/><U94/><E121/><V102/><F15/><W10/><G10/><T2/><D2/><U6/><E38/><V23/><F8/><W120/><G120/><T12/><D12/><U44/><E44/><N who="2" m="27751" /><F26/><W55/><G20/><T53/><D53/><U84/><E54/><V116/><F116/><W11/><G21/><T127/><D127/><U109/><E109/><V56/><F23/><W106/><G11/><T19/><D19/><U65/><E4/><RYUUKYOKU ba="0,1" sc="387,30,224,-10,204,-10,175,-10" hai0="27,31,35,60,62,63,82,86,89,90,93,118,119" /><INIT seed="2,1,1,2,2,38" ten="417,214,194,165" oya="2" hai0="69,120,12,79,74,81,119,98,113,111,57,117,58" hai1="4,50,25,66,47,36,46,78,37,7,94,82,41" hai2="129,107,91,10,61,54,32,126,27,112,28,14,49" hai3="33,70,3,99,0,16,87,109,30,105,76,63,29"/><V20/><F112/><W22/><G109/><T39/><D120/><U73/><E66/><V75/><F126/><W24/><G87/><T68/><D111/><U65/><E65/><V125/><F125/><W130/><G76/><T11/><D39/><U116/><E116/><V59/><F129/><W72/><G72/><T80/><D98/><U62/><E62/><V48/><F75/><W8/><G130/><T64/><D81/><U88/><E25/><V40/><F107/><W97/><G29/><T103/><D103/><U127/><E127/><V83/><F32/><W86/><G86/><T2/><D2/><U19/><E19/><V42/><F91/><W6/><G0/><T31/><D31/><U21/><E21/><V84/><F84/><W5/><G5/><T53/><D58/><U18/><E18/><N who="2" m="8535" /><F83/><W108/><G108/><T9/><D113/><U17/><E17/><V102/><F102/><W52/><G105/><T133/><D69/><U93/><E93/><V100/><F100/><W23/><G23/><T60/><D9/><U114/><E37/><V35/><F35/><W34/><G34/><T135/><D11/><U55/><E114/><V124/><F124/><W96/><G70/><T104/><D104/><U45/><E45/><V56/><F56/><N who="3" m="35207" /><G99/><AGARI ba="1,1" hai="4,7,36,41,46,47,50,55,73,78,82,88,94,99" machi="99" ten="30,3900,0" yaku="7,1,52,1,54,1" doraHai="38" who="1" fromWho="3" sc="417,0,214,52,194,0,165,-42" /><INIT seed="3,0,0,2,2,29" ten="417,266,194,123" oya="3" hai0="132,126,48,106,86,34,104,24,10,49,83,1,55" hai1="119,105,87,85,75,94,22,17,62,59,14,43,102" hai2="68,20,121,51,44,117,40,4,130,6,46,5,108" hai3="9,115,124,111,19,95,31,37,7,2,35,21,39"/><W109/><G95/><T73/><D73/><U74/><E119/><V78/><F117/><W16/><G115/><T58/><D126/><U69/><E69/><V134/><F68/><W89/><G124/><T99/><D132/><U84/><E105/><V61/><F134/><W88/><G39/><T82/><D82/><U123/><E123/><V131/><F108/><N who="3" m="41547" /><G37/><T12/><D99/><U42/><E74/><V100/><F121/><W60/><G19/><T28/><D1/><U76/><E76/><V13/><F78/><W47/><G47/><T127/><D127/><U57/><E75/><V77/><F77/><W3/><G3/><T80/><D80/><U135/><E135/><V65/><F100/><W53/><G31/><T33/><D104/><U114/><E57/><V30/><F46/><W23/><G35/><T63/><D33/><U92/><E114/><V50/><F30/><W38/><G38/><T18/><D106/><U96/><E92/><V15/><F20/><N who="3" m="7755" /><G16/><T64/><D34/><U110/><E110/><V71/><REACH who="2" step="1"/><F51/><REACH who="2" ten="417,266,184,123" step="2"/><W27/><G27/><T116/><D48/><U122/><E122/><V11/><F11/><W67/><G53/><AGARI ba="0,1" hai="14,17,22,42,43,53,59,62,84,85,87,94,96,102" machi="53" ten="40,1300,0" yaku="8,1" doraHai="29" who="1" fromWho="3" sc="417,0,266,23,184,0,123,-13" /><INIT seed="4,0,0,2,2,29" ten="417,289,184,110" oya="0" hai0="117,56,105,81,93,26,17,35,4,48,69,19,116" hai1="51,64,100,135,54,80,114,49,124,125,101,28,61" hai2="106,111,0,75,76,99,7,12,31,44,104,83,53" hai3="70,120,90,58,33,1,129,57,88,68,132,39,37"/><T25/><D105/><U41/><E135/><V43/><F111/><W34/><G132/><T102/><D69/><U21/><E114/><V66/><F0/><W91/><G1/><T18/><D4/><U110/><E110/><V63/><F53/><W96/><G96/><T84/><D35/><N who="3" m="13321" /><G129/><T97/><D116/><U94/><E41/><V52/><F31/><W95/><G95/><T38/><D38/><N who="3" m="14345" /><G120/><T73/><D73/><U115/><E94/><V50/><F43/><W23/><G23/><T45/><D56/><AGARI ba="0,0" hai="56,57,58,68,70,88,90,91" m="14345,13321" machi="56" ten="40,12000,2" yaku="28,2,52,3,54,1" doraHai="29" who="3" fromWho="0" sc="417,-120,289,0,184,0,110,120" /><INIT seed="5,0,0,4,2,113" ten="297,289,184,230" oya="1" hai0="19,91,96,46,128,56,110,36,74,80,66,52,117" hai1="30,129,35,94,85,63,45,107,55,4,97,115,114" hai2="0,15,101,64,87,41,51,49,5,54,34,62,118" hai3="14,68,11,53,135,59,61,42,26,1,112,92,133"/><U28/><E129/><V32/><F0/><W88/><G112/><N who="1" m="43050" /><E35/><V27/><F101/><W16/><G68/><T124/><D110/><U120/><E120/><V78/><F27/><W37/><G1/><T21/><D117/><U17/><E4/><V123/><F123/><W122/><G122/><T79/><D124/><U127/><E127/><V70/><F51/><W76/><G76/><T50/><D128/><U75/><E75/><V103/><F103/><W9/><G9/><T60/><D36/><U83/><E17/><V13/><F13/><W84/><REACH who="3" step="1"/><G26/><REACH who="3" ten="297,289,184,220" step="2"/><T3/><D3/><U109/><E109/><V33/><F70/><W116/><G116/><T20/><D79/><U89/><E107/><V93/><F118/><W67/><G67/><T40/><D66/><U31/><E31/><V38/><F64/><W134/><G134/><T24/><D24/><U98/><E28/><V22/><F78/><W131/><G131/><T7/><D74/><U77/><E30/><V95/><F15/><W72/><G72/><T23/><D7/><U48/><E77/><V111/><F5/><W29/><G29/><T121/><D121/><U25/><E25/><V39/><F111/><W119/><G119/><T10/><D10/><U73/><E73/><V106/><F106/><W125/><G125/><T12/><D12/><U86/><E63/><V65/><F62/><W44/><AGARI ba="0,1" hai="11,14,16,37,42,44,53,59,61,84,88,92,133,135" machi="44" ten="30,7900,0" yaku="1,1,0,1,54,2,53,0" doraHai="113" doraHaiUra="104" who="3" fromWho="3" sc="297,-20,289,-39,184,-20,220,89" /><INIT seed="6,0,0,4,5,75" ten="277,250,164,309" oya="2" hai0="132,0,127,46,122,80,86,102,129,14,89,74,119" hai1="64,104,11,20,22,47,123,72,17,131,111,118,114" hai2="99,61,51,97,100,62,83,77,110,128,32,65,101" hai3="112,52,106,18,33,30,53,55,121,7,6,81,15"/><V70/><F128/><W4/><G121/><T133/><D0/><U103/><E123/><V108/><F32/><W90/><G106/><T44/><D122/><U82/><E111/><N who="2" m="42539" /><F51/><W58/><G112/><T13/><D127/><U94/><E118/><V69/><F83/><W12/><G33/><T67/><D102/><N who="2" m="39530" /><F77/><W10/><G30/><T29/><D29/><U66/><E104/><V39/><F39/><W78/><G90/><T88/><D80/><U63/><E114/><V126/><F126/><W36/><G36/><T109/><D109/><U25/><E131/><V134/><F134/><W42/><G42/><T41/><D41/><U98/><E82/><V113/><F113/><W93/><G93/><T95/><D95/><U3/><E72/><V57/><F57/><W124/><G124/><T79/><D74/><U45/><E103/><V68/><F65/><W92/><G92/><T84/><D67/><U1/><E66/><V56/><F56/><W105/><G105/><T116/><D129/><U19/><E64/><V135/><F135/><W48/><G15/><T49/><D49/><U38/><E38/><V23/><F23/><W120/><G120/><T5/><D79/><U9/><E63/><AGARI ba="0,0" hai="61,62,63,68,69,70,97,99" m="39530,42539" machi="63" ten="40,7700,0" yaku="28,2,10,1" doraHai="75" who="2" fromWho="1" sc="277,0,250,-77,164,77,309,0" /><INIT seed="6,1,0,1,3,53" ten="277,173,241,309" oya="2" hai0="80,71,68,20,118,124,1,87,6,3,67,134,17" hai1="106,115,131,102,50,97,48,99,113,30,125,98,59" hai2="60,92,29,39,79,23,126,40,82,88,2,105,49" hai3="108,107,21,78,31,15,0,22,25,37,26,58,94"/><V19/><F105/><W18/><G107/><T100/><D124/><U32/><E125/><V93/><F126/><W5/><G37/><T73/><D73/><U103/><E131/><V117/><F117/><W121/><G121/><T9/><D1/><U77/><E77/><V110/><F2/><W89/><G108/><T123/><D123/><U46/><E30/><V111/><F39/><W52/><G78/><T109/><D109/><N who="2" m="41482" /><F29/><W116/><G116/><T112/><D112/><U62/><E32/><V7/><F7/><W135/><G135/><T66/><D100/><U101/><E106/><V132/><F132/><W70/><G70/><T11/><D71/><U27/><E27/><N who="2" m="14847" /><F60/><N who="3" m="35911" /><G0/><T4/><D134/><U38/><E38/><V47/><F88/><W33/><G33/><T44/><D3/><U127/><E127/><V56/><F56/><W96/><G5/><T114/><D68/><U45/><E45/><V55/><F40/><W84/><G26/><T95/><D4/><U86/><E86/><AGARI ba="1,0" hai="47,49,55,79,82,86,92,93" m="14847,41482" machi="86" ten="30,1500,0" yaku="10,1" doraHai="53" who="2" fromWho="1" sc="277,0,173,-18,241,18,309,0" /><AGARI ba="1,0" hai="15,18,21,22,25,31,84,86,89,94,96" m="35911" machi="86" ten="30,3900,0" yaku="8,1,52,1,54,1" doraHai="53" who="3" fromWho="1" sc="277,0,155,-39,259,0,309,39" /><INIT seed="6,2,0,5,1,20" ten="277,116,259,348" oya="2" hai0="89,58,55,113,72,95,106,3,68,61,40,110,0" hai1="67,48,88,129,2,102,69,121,119,56,42,79,120" hai2="6,128,101,86,127,30,8,125,115,126,98,76,108" hai3="47,50,28,14,22,35,99,123,78,114,92,27,26"/><V105/><F30/><W54/><G123/><T38/><D110/><U4/><E119/><V37/><F37/><W104/><G104/><T70/><D106/><U36/><E129/><V9/><F128/><W122/><G122/><T32/><D72/><U87/><E102/><V23/><F108/><W82/><G114/><T33/><D0/><U71/><E79/><V85/><F115/><W60/><G14/><T131/><D3/><U111/><E111/><V135/><F135/><W96/><G60/><T51/><D70/><U94/><E4/><V84/><F76/><W103/><G99/><T107/><D107/><U57/><E2/><V109/><F6/><W77/><G82/><T53/><D113/><U117/><E117/><V118/><F118/><W10/><G10/><T49/><D38/><U17/><E17/><AGARI ba="2,0" hai="17,22,26,27,28,35,47,50,54,77,78,92,96,103" machi="17" ten="30,3900,0" yaku="7,1,52,2" doraHai="20" who="3" fromWho="1" sc="277,0,116,-45,259,0,348,45" /><INIT seed="7,0,0,0,2,25" ten="277,71,259,393" oya="3" hai0="46,30,14,52,0,8,99,124,59,42,45,104,76" hai1="49,22,47,85,129,93,120,50,44,121,21,66,43" hai2="4,88,92,79,110,6,77,132,13,67,62,16,64" hai3="7,70,51,36,89,15,91,115,12,40,33,9,80"/><W54/><G33/><T113/><D124/><U78/><E129/><V68/><F132/><W20/><G70/><T123/><D123/><U126/><E126/><V81/><F110/><W1/><G1/><T134/><D134/><U39/><E66/><V37/><F37/><W32/><G32/><T112/><D0/><U117/><E117/><V69/><F69/><W73/><G73/><T125/><D76/><U29/><E39/><V111/><F67/><W74/><G74/><T87/><D87/><U98/><E85/><V114/><F114/><N who="0" m="44138" /><D125/><U18/><E78/><V100/><F100/><W119/><G80/><T75/><D75/><U23/><E23/><V5/><F81/><W28/><G91/><T17/><D42/><U55/><E93/><V118/><F118/><W24/><G89/><T108/><D108/><U102/><E102/><V90/><F90/><W38/><G40/><T53/><D53/><U56/><E56/><V106/><F106/><W65/><G54/><T133/><D133/><U131/><E98/><V26/><F26/><W97/><G38/><T10/><D10/><U71/><E71/><V72/><F72/><W61/><G9/><T128/><D128/><U41/><E131/><V60/><F60/><W94/><G36/><T83/><D83/><U11/><E11/><V58/><F68/><W19/><G115/><T122/><D122/><U3/><E3/><V31/><F111/><W48/><G119/><T57/><D57/><U27/><E55/><V116/><F116/><W109/><G109/><T105/><D105/><U95/><E95/><V101/><F92/><RYUUKYOKU ba="0,0" sc="277,-10,71,30,259,-10,393,-10" hai1="18,21,22,27,29,41,43,44,47,49,50,120,121" owari="267,6.7,101,-39.9,249,-15.1,383,48.3" /></mjloggm>