<mjloggm ver="2.3"><GO type="169" lobby="0"/><UN n0="%E8%AA%B2%E9%95%B7%E8%A6%96%E9%87%8E%E7%8B%AD%E7%AA%84" n1="%6B%75%73%73%79" n2="%E3%83%AC%E3%82%A4%E3%83%88%E3%83%B3%E5%87%86%E6%95%99%E6%8E%88" n3="%70%61%77%61" dan="16,17,18,18" rate="2072.66,2191.96,2269.07,2299.21" sx="M,M,M,M"/><TAIKYOKU oya="0"/><INIT seed="0,0,0,3,5,10" ten="250,250,250,250" oya="0" hai0="21,80,79,92,119,98,49,66,125,3,48,90,104" hai1="131,75,57,129,71,47,114,34,99,18,56,116,84" hai2="19,50,89,54,88,122,95,44,111,77,1,115,58" hai3="72,130,106,55,13,41,0,112,5,35,81,120,62"/><T29/><D119/><U117/><E75/><V127/><F122/><W33/><G112/><T63/><D3/><U38/><E34/><V123/><F123/><W82/><G106/><T20/><D125/><U100/><E71/><V133/><F115/><W27/><G0/><T93/><D104/><U12/><E114/><V39/><F127/><W101/><G101/><T26/><D93/><U17/><E84/><V14/><F111/><W2/><G2/><T28/><D28/><U9/><E47/><V108/><F108/><W16/><G5/><T70/><REACH who="0" step="1"/><D20/><REACH who="0" ten="240,250,250,250" step="2"/><U126/><E126/><V4/><F1/><W134/><G120/><T118/><D118/><U83/><E116/><V46/><F133/><W107/><G107/><T23/><D23/><U6/><E117/><V59/><F4/><W43/><G134/><T132/><D132/><U7/><E7/><V69/><F69/><W87/><G35/><T51/><D51/><U110/><E38/><V45/><F45/><W67/><BYE who="2" /><G33/><UN n2="%E3%83%AC%E3%82%A4%E3%83%88%E3%83%B3%E5%87%86%E6%95%99%E6%8E%88" /><T60/><D60/><U135/><E135/><V37/><F44/><W103/><G62/><T113/><D113/><U96/><E110/><V52/><F46/><W105/><G105/><T61/><D61/><U15/><E6/><V121/><F121/><W78/><G41/><T91/><D91/><N who="2" m="34890" /><F95/><W97/><G43/><T85/><AGARI ba="0,1" hai="21,26,29,48,49,63,66,70,79,80,85,90,92,98" machi="85" ten="20,3900,0" yaku="1,1,0,1,7,1,53,0" doraHai="10" doraHaiUra="31" who="0" fromWho="0" sc="240,49,250,-13,250,-13,250,-13" /><INIT seed="0,1,0,4,3,37" ten="289,237,237,237" oya="0" hai0="80,11,70,127,85,25,90,51,78,49,32,106,18" hai1="129,60,13,29,31,19,24,114,41,57,59,118,115" hai2="43,36,64,4,22,50,112,71,10,69,131,94,132" hai3="95,61,84,16,135,105,86,82,12,76,54,133,28"/><T113/><D113/><U17/><E118/><V126/><F112/><N who="1" m="43049" /><E129/><V6/><F131/><W42/><G105/><T77/><D70/><U34/><E29/><V65/><F132/><N who="3" m="50763" /><G28/><T72/><D127/><U121/><E121/><V47/><F126/><W104/><G104/><T119/><D119/><U27/><E27/><V20/><F36/><W116/><G116/><T122/><D122/><U102/><E102/><V123/><F123/><W52/><G42/><T68/><D106/><U83/><E83/><V88/><F71/><W97/><G86/><T100/><D68/><U125/><E125/><V15/><F6/><W38/><G61/><T62/><D62/><U21/><E41/><V91/><F91/><N who="3" m="55551" /><G38/><T0/><D100/><U98/><E98/><N who="2" m="57671" /><F69/><W134/><N who="3" m="50771" /><W124/><DORA hai="99" /><G124/><T92/><D32/><U130/><E130/><V26/><F20/><AGARI ba="1,0" hai="12,16,20,52,54,76,82,84" m="55551,50771" machi="20" ten="40,5200,0" yaku="20,1,54,2" doraHai="37,99" who="3" fromWho="2" sc="289,0,237,0,237,-55,237,55" /><INIT seed="1,0,0,4,2,116" ten="289,237,182,292" oya="1" hai0="109,106,73,120,104,50,13,3,1,30,121,123,72" hai1="102,23,12,82,94,85,26,105,107,48,16,5,93" hai2="7,51,69,95,126,39,35,76,79,8,24,128,65" hai3="70,132,74,27,0,103,14,111,40,49,18,60,71"/><U19/><E5/><V97/><F126/><W46/><G0/><N who="0" m="75" /><D109/><U96/><E105/><N who="0" m="40553" /><D30/><U31/><E48/><V129/><F39/><W57/><G111/><T92/><D50/><U98/><E19/><V34/><F65/><W17/><G132/><T66/><D66/><U32/><REACH who="1" step="1"/><E96/><REACH who="1" ten="289,227,182,292" step="2"/><V88/><F51/><W67/><G18/><T83/><D92/><U6/><E6/><V87/><F128/><W125/><G17/><T130/><D130/><U28/><E28/><V86/><F129/><W80/><G49/><T124/><D124/><U114/><E114/><V113/><F113/><W91/><G46/><T10/><D83/><U45/><E45/><V115/><F115/><W22/><G80/><T108/><D108/><U131/><E131/><V20/><F7/><AGARI ba="0,1" hai="7,10,13,72,73,120,121,123" m="40553,75" machi="7" ten="40,8000,1" yaku="13,1,52,3" doraHai="116" who="0" fromWho="2" sc="289,90,227,0,182,-80,292,0" /><INIT seed="2,0,0,3,1,12" ten="379,227,102,292" oya="2" hai0="35,88,24,16,36,103,6,19,128,98,5,104,75" hai1="94,135,102,133,3,115,124,46,114,60,116,86,54" hai2="122,18,70,48,65,40,77,15,23,10,93,71,55" hai3="90,119,91,49,30,87,45,92,37,1,123,27,73"/><V110/><F122/><W29/><G119/><T68/><D36/><U79/><E3/><V111/><F40/><W22/><G123/><T38/><D38/><U118/><E46/><V39/><F39/><W83/><G1/><T17/><D75/><U112/><E54/><V101/><F77/><W13/><G37/><T57/><D68/><U84/><E60/><V74/><F74/><W7/><G73/><T72/><D72/><U121/><E121/><V108/><F65/><W105/><G105/><T14/><D128/><U109/><E109/><V130/><F130/><W127/><G127/><T51/><D14/><U53/><E53/><V85/><F10/><W95/><G30/><T25/><D88/><N who="1" m="53511" /><E102/><V100/><F100/><W62/><G62/><T33/><D57/><U21/><E21/><V64/><F64/><W81/><G13/><T69/><D69/><U56/><E56/><N who="2" m="32871" /><F101/><W125/><G125/><T82/><D51/><U134/><E124/><V106/><F106/><W120/><G120/><T31/><D82/><AGARI ba="0,0" hai="79,82,86,112,114,115,116,118,133,134,135" m="53511" machi="82" ten="40,8000,1" yaku="20,1,34,2,54,1" doraHai="12" who="1" fromWho="0" sc="379,-80,227,80,102,0,292,0" /><INIT seed="3,0,0,4,2,56" ten="299,307,102,292" oya="3" hai0="46,11,5,98,40,33,70,60,122,4,36,131,107" hai1="14,68,99,52,48,106,1,93,8,30,96,130,23" hai2="61,103,102,85,134,92,132,127,64,66,20,76,124" hai3="7,121,63,28,54,94,91,34,135,82,74,35,38"/><W108/><G121/><T21/><D122/><U125/><E125/><N who="2" m="48203" /><F66/><W32/><G38/><T112/><D131/><U78/><E130/><V50/><F50/><W77/><G135/><N who="2" m="51753" /><F20/><W120/><G120/><T58/><D112/><U17/><E68/><N who="2" m="41999" /><F76/><W73/><G108/><T18/><D70/><U89/><E78/><V119/><F119/><W12/><G28/><T75/><D33/><U86/><E106/><V2/><F2/><W110/><G110/><T72/><D107/><U43/><E43/><V100/><F85/><W27/><G27/><T29/><D98/><AGARI ba="0,0" hai="92,98,100,102,103" m="41999,51753,48203" machi="98" ten="30,3900,0" yaku="18,1,20,1,52,1" doraHai="56" who="2" fromWho="0" sc="299,-39,307,0,102,39,292,0" /><INIT seed="4,0,0,5,2,94" ten="260,307,141,292" oya="0" hai0="74,31,106,36,5,37,40,29,109,86,47,75,98" hai1="125,17,0,127,96,53,111,24,14,55,115,58,78" hai2="16,28,123,19,6,107,104,128,65,110,38,48,102" hai3="129,69,3,73,39,84,122,89,100,66,90,113,81"/><T59/><D109/><U15/><E0/><V33/><F38/><W52/><G3/><T25/><D37/><U120/><E111/><V64/><F110/><W49/><G39/><T77/><D29/><U88/><E120/><V101/><F28/><W116/><G116/><T132/><D132/><U21/><E78/><V10/><F48/><W118/><G118/><T92/><D5/><U105/><E115/><V130/><F10/><W35/><G35/><T20/><D106/><U63/><E53/><V126/><F126/><N who="1" m="48137" /><E105/><V79/><F79/><W51/><G73/><T82/><REACH who="0" step="1"/><D59/><REACH who="0" ten="250,307,141,292" step="2"/><U30/><E30/><V62/><F6/><W18/><G113/><T2/><D2/><U87/><E87/><V4/><F4/><W108/><G84/><T57/><D57/><U119/><E119/><V112/><F112/><W22/><G108/><T60/><D60/><U70/><E70/><V56/><F56/><W97/><G69/><T46/><D46/><U135/><E135/><V9/><F62/><W61/><G61/><T42/><D42/><U68/><E68/><V1/><F1/><W71/><G71/><T44/><D44/><U11/><E11/><V41/><F9/><W50/><G122/><T23/><D23/><U34/><E34/><V134/><F123/><W117/><G22/><T32/><D32/><U131/><E131/><V43/><REACH who="2" step="1"/><F33/><REACH who="2" ten="250,307,131,292" step="2"/><W72/><G117/><T93/><D93/><AGARI ba="0,2" hai="14,15,17,21,24,55,58,63,88,93,96" m="48137" machi="93" ten="30,7700,0" yaku="25,1,18,1,52,1,54,1" doraHai="94" who="1" fromWho="0" sc="250,-77,307,97,131,0,292,0" /><INIT seed="5,0,0,2,5,120" ten="173,404,131,292" oya="1" hai0="98,68,126,117,105,60,121,31,10,57,25,16,17" hai1="67,80,101,93,88,97,19,27,77,14,103,64,114" hai2="72,129,51,108,127,84,119,59,89,92,96,125,12" hai3="15,65,87,130,42,35,104,30,0,124,3,118,122"/><U26/><E114/><V38/><F38/><W41/><G122/><T36/><D121/><U76/><E64/><V102/><F119/><W82/><G104/><T79/><D117/><U100/><E67/><V37/><F37/><W7/><G118/><T39/><D126/><N who="2" m="48138" /><F72/><W63/><G130/><T29/><D79/><U111/><E111/><V134/><F12/><W112/><G112/><T1/><D68/><U95/><E95/><N who="2" m="58655" /><F129/><W34/><G15/><T4/><D39/><U115/><E115/><V40/><F134/><W56/><G124/><T22/><D36/><U44/><E44/><N who="2" m="25991" /><F59/><W21/><G41/><T116/><D116/><U113/><E113/><V54/><F54/><W33/><G42/><T107/><D107/><U81/><E81/><V109/><AGARI ba="0,0" hai="84,89,92,108,109" m="25991,58655,48138" machi="109" ten="30,4000,0" yaku="18,1,52,2" doraHai="120" who="2" fromWho="2" sc="173,-10,404,-20,131,40,292,-10" /><INIT seed="6,0,0,4,3,121" ten="163,384,171,282" oya="2" hai0="90,126,23,78,103,70,36,28,86,48,37,5,3" hai1="50,30,111,97,42,61,29,47,94,133,71,35,84" hai2="82,75,46,58,4,115,25,67,66,72,55,112,83" hai3="43,98,0,16,102,38,80,60,119,59,21,57,69"/><V33/><F4/><W22/><G119/><T65/><D126/><U114/><E111/><V54/><F46/><W49/><G0/><T76/><D103/><U135/><E114/><N who="2" m="43563" /><F25/><W24/><G38/><T14/><D3/><U122/><E122/><V85/><F33/><W74/><G74/><N who="2" m="28201" /><F58/><W63/><G80/><N who="2" m="30761" /><F85/><W68/><G43/><T53/><D36/><U125/><E84/><V117/><F117/><W52/><G22/><T93/><D37/><U134/><E35/><V64/><AGARI ba="0,0" hai="54,55,64,66,67" m="30761,28201,43563" machi="64" ten="40,7800,0" yaku="28,2,15,1" doraHai="121" who="2" fromWho="2" sc="163,-26,384,-26,171,78,282,-26" /><INIT seed="6,1,0,3,5,133" ten="137,358,249,256" oya="2" hai0="49,8,120,92,72,41,102,0,107,116,13,89,127" hai1="62,31,124,28,58,19,129,80,22,33,17,101,96" hai2="82,55,11,99,122,42,46,90,111,113,104,24,39" hai3="71,121,53,7,106,76,88,26,130,64,77,123,4"/><V50/><F122/><W6/><G106/><T83/><D120/><U3/><E3/><V84/><F113/><W118/><G118/><T21/><D116/><U73/><E33/><V87/><F111/><W56/><G130/><T125/><D107/><U29/><E129/><V15/><F24/><W98/><G123/><T61/><D102/><U63/><E124/><N who="0" m="47689" /><D0/><U40/><E40/><V59/><F87/><W9/><G71/><T1/><D1/><U74/><E80/><V16/><F104/><W75/><G75/><T36/><D36/><U94/><E63/><N who="2" m="36351" /><F39/><W85/><G64/><T2/><D2/><U86/><E86/><V105/><F105/><W68/><G68/><T10/><D61/><U60/><E60/><V43/><F99/><W38/><G98/><N who="0" m="57615" /><D21/><U37/><E22/><V45/><F45/><W65/><G38/><T70/><D70/><U128/><E37/><V114/><F114/><W78/><G121/><T134/><D134/><U54/><E128/><V27/><F42/><W12/><G65/><T103/><D103/><U30/><N who="1" m="7168" /><DORA hai="91" /><U95/><E95/><V131/><F131/><W48/><G26/><T34/><D34/><U20/><E20/><V69/><F27/><W51/><G51/><T126/><N who="0" m="47697" /><T112/><DORA hai="108" /><D112/><U52/><E54/><V132/><F132/><W115/><G115/><T67/><D67/><U47/><E47/><V18/><F69/><W14/><G14/><T44/><D13/><U109/><E109/><V119/><F119/><W23/><G23/><T79/><AGARI ba="1,0" hai="8,10,41,44,49,72,79,83" m="57615,47697" machi="79" ten="40,12000,2" yaku="18,1,52,5" doraHai="133,91,108" who="0" fromWho="0" sc="137,123,358,-31,249,-61,256,-31" /><INIT seed="7,0,0,5,0,133" ten="260,327,188,225" oya="3" hai0="9,55,16,52,82,134,11,117,31,27,129,98,88" hai1="112,32,36,78,14,119,121,21,74,17,71,111,80" hai2="102,113,8,34,51,29,77,40,26,3,135,56,131" hai3="118,44,54,59,93,20,69,6,10,22,132,96,7"/><W84/><G118/><T35/><D134/><U126/><RYUUKYOKU type="yao9" ba="0,0" sc="260,0,327,0,188,0,225,0" hai1="14,17,21,32,36,71,74,78,80,111,112,119,121,126" /><INIT seed="7,1,0,3,0,16" ten="260,327,188,225" oya="3" hai0="101,62,10,45,43,40,0,113,87,75,3,93,63" hai1="36,95,24,115,111,108,135,79,80,77,86,42,28" hai2="67,127,1,99,122,102,66,51,56,131,52,118,21" hai3="71,48,44,38,120,110,114,11,61,14,119,32,37"/><W13/><G120/><T129/><D75/><U31/><E135/><V89/><F118/><W64/><G119/><T105/><D129/><U76/><E115/><V7/><F122/><W35/><G114/><T90/><D113/><U2/><E2/><V82/><F131/><W83/><G110/><T96/><D43/><U39/><E95/><N who="2" m="58751" /><F7/><W15/><G11/><T126/><D126/><U117/><E117/><V8/><F8/><W88/><G38/><T19/><D3/><U54/><E42/><V133/><F1/><W6/><G37/><T84/><D84/><U30/><E36/><V123/><F123/><W58/><G71/><T27/><D0/><U46/><E39/><V20/><F127/><W128/><G128/><T12/><D27/><U60/><E111/><V72/><F72/><W124/><G124/><T85/><D85/><U92/><E92/><V34/><F34/><W97/><G6/><T33/><D33/><U57/><E46/><V68/><F68/><W107/><G107/><T125/><D125/><U132/><E132/><V98/><F133/><W17/><G17/><T65/><D65/><N who="2" m="24586" /><F82/><W73/><G73/><T70/><D70/><U41/><E41/><V78/><F78/><N who="1" m="30313" /><E108/><V18/><F18/><W112/><G112/><T100/><D100/><U134/><E134/><V22/><F89/><W55/><REACH who="3" step="1"/><G83/><REACH who="3" ten="260,327,188,215" step="2"/><T4/><D4/><U94/><E94/><AGARI ba="1,1" hai="13,14,15,32,35,44,48,55,58,61,64,88,94,97" machi="94" ten="40,12000,1" yaku="1,1,2,1,54,1,53,2" doraHai="16" doraHaiUra="29" who="3" fromWho="1" sc="260,0,327,-123,188,0,215,133" owari="260,6.0,204,-19.6,188,-31.2,348,44.8" /></mjloggm>