<mjloggm ver="2.3"><GO type="169" lobby="0"/><UN n0="%E6%AF%94%E5%98%89%E7%A7%80%E4%BB%81" n1="%46%69%72%73%74" n2="%E3%81%BB%E3%83%BC%E3%82%8A%E3%83%BC" n3="%E5%B3%B6%E7%94%B0%E7%9C%9F%E5%A4%A2" dan="16,16,17,16" rate="2072.91,2060.73,2250.01,2150.77" sx="M,M,M,F"/><TAIKYOKU oya="0"/><INIT seed="0,0,0,5,5,54" ten="250,250,250,250" oya="0" hai0="112,63,104,86,50,67,7,14,43,135,35,84,72" hai1="62,88,134,77,94,85,66,89,8,101,10,55,103" hai2="37,105,24,100,116,99,74,125,61,49,64,28,33" hai3="51,127,25,1,17,76,12,79,40,45,95,4,129"/><T102/><D112/><U106/><E134/><V83/><F49/><W34/><G129/><T0/><D72/><U9/><E106/><V120/><F125/><W47/><G127/><T15/><D0/><U23/><E77/><N who="2" m="44471" /><F116/><W5/><G34/><T117/><D117/><U68/><E55/><V90/><F90/><W11/><G25/><T6/><D35/><U21/><REACH who="1" step="1"/><E89/><REACH who="1" ten="250,240,250,250" step="2"/><V81/><F105/><W119/><G119/><T91/><D135/><U118/><E118/><V123/><F123/><W70/><G76/><T39/><D104/><U42/><E42/><V82/><F120/><W130/><G79/><T98/><D91/><U58/><E58/><V126/><F126/><W73/><G40/><T31/><D43/><U29/><E29/><V122/><F122/><W65/><G73/><T132/><D31/><U113/><E113/><V128/><F28/><W57/><G57/><T110/><D132/><U2/><E2/><V38/><F128/><W121/><G130/><T44/><D44/><U59/><E59/><V107/><F107/><W131/><G45/><T96/><D102/><AGARI ba="0,1" hai="8,9,10,21,23,62,66,68,85,88,94,101,102,103" machi="102" ten="40,2600,0" yaku="1,1,54,1,53,0" doraHai="54" doraHaiUra="75" who="1" fromWho="0" sc="250,-26,240,36,250,0,250,0" /><INIT seed="1,0,0,5,2,43" ten="224,276,250,250" oya="1" hai0="24,103,50,110,2,109,38,0,115,128,51,111,88" hai1="124,129,66,119,20,54,133,125,44,8,92,12,134" hai2="52,63,121,42,5,3,120,75,25,104,28,6,57" hai3="80,41,22,4,93,98,91,55,46,117,122,45,113"/><U61/><E119/><V85/><F75/><W94/><G117/><T58/><D115/><U53/><E20/><N who="2" m="15399" /><F104/><W69/><G113/><T40/><D128/><U78/><E78/><V89/><F3/><W97/><G69/><T86/><D103/><U77/><E77/><V7/><F120/><W84/><G122/><T15/><D24/><U21/><E21/><V114/><F121/><W76/><G4/><T26/><D26/><U30/><E30/><V32/><F32/><W118/><G118/><T31/><D31/><U60/><E92/><N who="2" m="54319" /><F114/><W71/><G71/><T123/><D15/><U49/><E129/><V23/><F23/><W47/><G22/><T83/><D123/><U101/><E101/><V10/><F42/><W64/><G64/><T19/><D19/><U90/><E90/><V127/><F127/><N who="1" m="48713" /><E12/><V74/><F74/><W62/><G41/><T27/><D27/><U11/><E11/><V33/><F33/><W67/><G67/><T35/><D35/><U65/><E8/><V9/><AGARI ba="0,0" hai="5,6,7,9,10,52,57,63" m="54319,15399" machi="9" ten="30,2000,0" yaku="8,1,54,1" doraHai="43" who="2" fromWho="2" sc="224,-5,276,-10,250,20,250,-5" /><INIT seed="2,0,0,5,5,134" ten="219,266,270,245" oya="2" hai0="14,58,6,115,130,120,97,22,107,24,78,4,100" hai1="75,101,5,49,19,125,117,126,10,77,30,38,83" hai2="96,92,23,66,17,67,16,25,20,29,68,45,113" hai3="127,71,28,61,41,102,121,114,81,88,54,0,94"/><V47/><F113/><W34/><G114/><T85/><D120/><U87/><E117/><V12/><F68/><W129/><G121/><T106/><D115/><U82/><E38/><V62/><F17/><W21/><G34/><T108/><D108/><U3/><E30/><V128/><F128/><W111/><G129/><T50/><D130/><U90/><E101/><V42/><F62/><W70/><G111/><T76/><D107/><U46/><REACH who="1" step="1"/><E19/><REACH who="1" ten="219,256,270,245" step="2"/><V98/><F98/><W15/><G102/><T105/><D97/><U31/><E31/><V123/><F123/><W7/><G28/><T33/><D100/><U133/><E133/><V79/><F79/><W18/><G18/><T1/><D76/><U56/><E56/><V110/><F110/><W124/><G70/><T74/><D58/><U91/><E91/><N who="2" m="55327" /><F42/><AGARI ba="0,1" hai="3,5,10,42,46,49,75,77,82,83,87,90,125,126" machi="42" ten="40,5200,0" yaku="1,1,52,2,53,0" doraHai="134" doraHaiUra="8" who="1" fromWho="2" sc="219,0,256,62,270,-52,245,0" /><INIT seed="3,0,0,1,0,77" ten="219,318,218,245" oya="3" hai0="9,12,70,116,82,65,27,125,122,6,94,15,43" hai1="42,103,74,106,60,34,135,32,96,102,11,51,50" hai2="119,76,52,21,10,1,87,127,100,58,36,37,79" hai3="113,30,29,28,104,56,115,93,7,101,126,78,17"/><W80/><G104/><T98/><D122/><U39/><E135/><V128/><F119/><W123/><G123/><T109/><D116/><U71/><E103/><V67/><F67/><W62/><G7/><T75/><D109/><U45/><E51/><V86/><F100/><W38/><G38/><T91/><D125/><U99/><E50/><V63/><F127/><W66/><G126/><T90/><D43/><U124/><E99/><V134/><F21/><W88/><G101/><T23/><D70/><U46/><E124/><V13/><F1/><W81/><G17/><T131/><D65/><N who="1" m="41383" /><E46/><V59/><F134/><W2/><G2/><T54/><D54/><U121/><E121/><V18/><F128/><W61/><G61/><T132/><D131/><U3/><E74/><V25/><F25/><W73/><REACH who="3" step="1"/><G80/><REACH who="3" ten="219,318,218,235" step="2"/><T107/><D107/><U83/><E83/><V53/><F36/><W117/><G117/><T92/><D132/><U22/><E3/><V72/><F37/><W84/><AGARI ba="0,1" hai="28,29,30,56,62,66,73,78,81,84,88,93,113,115" machi="84" ten="30,11700,0" yaku="1,1,0,1,52,1,54,1,53,0" doraHai="77" doraHaiUra="120" who="3" fromWho="3" sc="219,-39,318,-39,218,-39,235,127" /><INIT seed="3,1,0,3,3,71" ten="180,279,179,362" oya="3" hai0="14,11,16,132,114,9,78,93,122,52,34,133,131" hai1="55,19,113,23,10,0,112,60,63,72,13,53,49" hai2="109,85,45,50,48,20,104,39,24,99,33,31,28" hai3="107,75,106,17,4,38,22,81,86,8,102,36,98"/><W97/><G75/><T96/><D122/><U59/><E72/><V130/><F109/><W61/><G61/><T2/><D131/><U65/><E0/><V3/><F130/><W7/><G98/><T90/><D34/><U121/><E121/><V6/><F3/><W58/><G58/><T41/><D41/><U95/><E63/><V57/><F6/><W127/><G106/><T68/><D68/><U27/><E95/><V56/><F85/><W129/><G129/><T89/><D78/><U120/><E120/><V76/><F76/><W40/><G40/><T44/><D114/><U42/><E42/><V82/><F82/><W43/><G43/><T29/><D29/><U83/><E83/><V135/><F135/><N who="0" m="51786" /><D2/><U103/><E103/><V54/><F33/><W84/><G84/><T66/><D66/><U37/><E37/><V116/><F28/><W12/><G4/><T70/><D70/><U91/><E91/><V101/><F116/><W1/><REACH who="3" step="1"/><G127/><REACH who="3" ten="180,279,179,352" step="2"/><T117/><D117/><U94/><E60/><V25/><F56/><W15/><G15/><T18/><D14/><U47/><E13/><V62/><F62/><W108/><G108/><T128/><D128/><U46/><E59/><V92/><F104/><W69/><G69/><T125/><D125/><U32/><E47/><V126/><F126/><W30/><G30/><T26/><D44/><U118/><E46/><V80/><F57/><W67/><G67/><T87/><D87/><U115/><E65/><V51/><F45/><W35/><G35/><T105/><D105/><U134/><E113/><V111/><F111/><RYUUKYOKU ba="1,1" sc="180,-10,279,-10,179,-10,352,30" hai3="1,7,8,12,17,22,36,38,81,86,97,102,107" /><INIT seed="3,2,1,0,4,133" ten="170,269,169,382" oya="3" hai0="79,33,86,122,70,45,7,90,11,81,15,19,57" hai1="84,28,63,105,37,8,62,112,76,132,116,21,32" hai2="67,89,2,129,17,78,0,56,131,35,43,95,10" hai3="52,68,13,46,88,135,25,108,82,9,16,53,29"/><W126/><G68/><T99/><D70/><U59/><E112/><V3/><F35/><W130/><G135/><T107/><D33/><U55/><E132/><V30/><F30/><W98/><G130/><N who="2" m="49673" /><F78/><W80/><G108/><T119/><D122/><U92/><E105/><V75/><F75/><W44/><G80/><T117/><D57/><U71/><E37/><V1/><F43/><W61/><G61/><T113/><D113/><U114/><E116/><V93/><F89/><W102/><G102/><T14/><D45/><U60/><E60/><N who="2" m="38279" /><F17/><W42/><G46/><T31/><D31/><U48/><E63/><V51/><F51/><N who="3" m="28775" /><G42/><T100/><REACH who="0" step="1"/><D79/><REACH who="0" ten="160,269,169,382" step="2"/><U97/><E76/><V87/><F87/><N who="3" m="50295" /><G98/><T104/><D104/><U36/><E97/><V65/><F65/><W115/><G115/><T74/><D74/><U91/><E114/><V5/><AGARI ba="2,2" hai="0,1,2,3,5,10,93,95" m="38279,49673" machi="5" ten="40,1500,0" yaku="19,1" doraHai="133" who="2" fromWho="2" sc="160,-6,269,-6,169,41,382,-9" /><INIT seed="4,0,0,1,2,16" ten="154,263,210,373" oya="0" hai0="114,102,23,126,13,12,19,74,48,1,22,79,41" hai1="78,87,131,96,20,75,97,71,85,77,98,115,101" hai2="129,43,86,106,80,84,110,65,29,60,30,127,94" hai3="103,68,57,53,34,83,6,35,24,26,100,55,61"/><T32/><D32/><U121/><E71/><V130/><F106/><W120/><G6/><T69/><D69/><U72/><E121/><V124/><F110/><W54/><G68/><T46/><D1/><U38/><E38/><V28/><F43/><W66/><G120/><T47/><D114/><U21/><E101/><N who="3" m="38986" /><G34/><T56/><D126/><N who="2" m="48170" /><F94/><W8/><G35/><T73/><D102/><U108/><E131/><N who="2" m="50187" /><F80/><W40/><G8/><T62/><D79/><N who="1" m="30219" /><E115/><V123/><F123/><W27/><G83/><T132/><D132/><U134/><E134/><V76/><F76/><W31/><G40/><T4/><D47/><U63/><E63/><V64/><F60/><W70/><G70/><T3/><D3/><U14/><E14/><V10/><F10/><W33/><G33/><T52/><D4/><U15/><E15/><V9/><F9/><W112/><G112/><T107/><D107/><U44/><E44/><V109/><F109/><W92/><G92/><T37/><D37/><U18/><E18/><AGARI ba="0,0" hai="12,13,18,19,22,23,41,46,48,52,56,62,73,74" machi="18" ten="40,12000,1" yaku="9,1,52,2,54,1" doraHai="16" who="0" fromWho="1" sc="154,120,263,-120,210,0,373,0" /><INIT seed="4,1,0,2,2,57" ten="274,143,210,373" oya="0" hai0="29,110,58,119,15,134,71,37,20,126,69,130,60" hai1="28,7,47,31,125,108,90,95,21,118,101,40,133" hai2="25,4,51,129,103,52,88,30,55,114,82,0,3" hai3="59,96,27,79,5,107,89,121,104,75,93,50,120"/><T33/><D119/><U53/><E118/><V135/><F103/><W16/><G5/><T105/><D105/><U86/><E108/><V85/><F114/><W62/><G50/><T83/><D110/><U54/><E133/><V36/><F36/><W38/><G38/><T61/><D134/><U45/><E125/><V34/><F135/><W94/><G94/><T12/><D126/><U6/><E101/><V49/><F129/><W42/><G42/><T41/><D130/><U113/><E113/><V26/><F26/><W116/><G116/><T106/><D106/><U70/><E70/><V74/><F74/><W132/><G132/><T127/><D127/><U65/><E65/><V68/><F68/><W92/><G92/><T123/><D33/><U1/><E1/><V39/><F39/><W19/><G79/><T84/><D37/><U9/><E40/><V77/><F77/><W17/><G27/><T124/><D123/><N who="3" m="47177" /><G75/><T23/><D124/><U22/><E95/><V98/><F98/><W76/><G76/><T102/><D41/><U18/><E86/><V81/><F81/><W112/><G112/><T14/><D102/><U128/><E128/><V10/><REACH who="2" step="1"/><F0/><REACH who="2" ten="274,143,200,373" step="2"/><W13/><G13/><T64/><D71/><U11/><REACH who="1" step="1"/><E90/><REACH who="1" ten="274,133,200,373" step="2"/><V67/><F67/><AGARI ba="1,2" hai="16,17,19,59,62,67,89,93,96,104,107" m="47177" machi="67" ten="30,3900,0" yaku="13,1,52,1,54,1" doraHai="57" who="3" fromWho="2" sc="274,0,133,0,200,-42,373,62" /><INIT seed="5,0,0,3,4,54" ten="274,133,158,435" oya="1" hai0="103,135,47,38,74,105,10,106,53,72,3,66,109" hai1="126,27,23,55,118,12,108,58,56,92,62,20,94" hai2="14,18,101,8,44,37,124,15,68,28,21,117,76" hai3="51,134,16,116,63,80,79,83,52,49,69,25,86"/><U34/><E118/><V31/><F68/><W39/><G39/><T41/><D109/><U45/><E108/><V29/><F37/><W19/><G116/><T122/><D122/><U119/><E119/><V97/><F117/><W35/><G134/><T17/><D135/><U132/><E132/><V88/><F124/><W133/><G133/><T6/><D17/><U127/><E34/><V0/><F0/><W1/><G1/><T104/><D103/><U22/><E12/><V7/><F76/><W131/><G131/><T50/><REACH who="0" step="1"/><D66/><REACH who="0" ten="264,133,158,435" step="2"/><U114/><E114/><V113/><F113/><W4/><G16/><T30/><D30/><U120/><E120/><V98/><F101/><W130/><G19/><T2/><D2/><U128/><E128/><V42/><F29/><W96/><G130/><T115/><D115/><U91/><E27/><V93/><F31/><W90/><G25/><T32/><D32/><U67/><E45/><AGARI ba="0,1" hai="3,6,10,38,41,45,47,50,53,72,74,104,105,106" machi="45" ten="40,1300,0" yaku="1,1,53,0" doraHai="54" doraHaiUra="82" who="0" fromWho="1" sc="264,23,133,-13,158,0,435,0" /><INIT seed="6,0,0,1,1,105" ten="287,120,158,435" oya="2" hai0="91,3,95,74,21,47,53,129,115,42,127,35,27" hai1="55,63,13,24,116,37,14,93,64,62,110,134,107" hai2="1,59,108,36,6,48,112,131,26,104,0,28,103" hai3="68,9,18,22,73,75,17,80,5,78,34,113,4"/><V100/><F36/><W46/><G34/><T54/><D115/><U84/><E110/><V57/><F112/><W51/><G68/><T32/><D3/><U52/><E116/><V123/><F123/><W33/><G33/><T89/><D129/><U77/><E107/><V8/><F0/><W67/><G67/><T98/><D127/><U49/><E37/><V30/><F30/><W65/><G65/><T92/><D74/><U109/><E109/><V40/><F108/><W66/><G66/><T88/><D35/><U121/><E121/><V118/><F118/><W11/><G113/><T43/><D32/><U20/><E134/><V128/><F104/><W72/><G22/><T101/><D95/><U97/><E55/><N who="0" m="21001" /><D47/><N who="1" m="27711" /><E84/><V83/><F83/><W135/><G135/><T31/><AGARI ba="0,0" hai="21,27,31,42,43,88,89,91,92,98,101" m="21001" machi="31" ten="30,2000,0" yaku="8,1,54,1" doraHai="105" who="0" fromWho="0" sc="287,20,120,-5,158,-10,435,-5" /><INIT seed="7,0,0,2,2,123" ten="307,115,148,430" oya="3" hai0="120,121,72,10,126,118,52,101,22,33,45,131,102" hai1="115,84,43,2,6,82,40,74,17,9,105,21,37" hai2="124,81,78,65,47,100,61,85,42,93,32,127,129" hai3="130,8,117,4,71,7,66,133,122,27,89,94,0"/><W5/><G122/><T56/><D118/><U63/><E115/><V41/><F32/><W28/><G117/><T135/><D72/><U98/><E63/><V103/><F129/><W75/><G130/><T95/><D33/><U83/><E83/><V69/><F93/><W114/><G75/><T125/><D131/><U128/><E128/><V79/><F79/><W35/><G133/><T62/><D135/><U87/><E74/><V39/><F41/><W46/><G114/><T31/><D121/><U12/><E37/><V91/><F78/><W11/><G46/><T60/><D120/><U80/><E80/><V57/><F69/><W132/><G132/><T92/><D10/><U96/><E84/><V44/><F44/><W13/><G66/><T38/><D38/><U112/><E112/><V23/><F23/><W111/><G71/><T14/><D45/><U19/><E19/><V26/><F26/><W67/><G67/><T24/><D14/><U119/><E119/><V59/><F59/><W34/><G34/><T54/><D95/><U113/><E113/><V90/><F90/><W108/><G5/><T106/><D106/><U16/><E17/><V86/><F86/><W29/><G29/><T68/><D68/><U30/><E30/><V15/><F15/><W76/><G11/><T48/><D48/><U109/><E109/><V116/><F116/><W18/><G13/><T110/><D92/><U64/><E64/><V25/><F25/><W1/><G8/><T97/><D110/><U77/><E96/><V51/><F39/><W104/><G111/><T49/><D97/><RYUUKYOKU ba="0,0" sc="307,-15,115,15,148,15,430,-15" hai1="2,6,9,12,16,21,40,43,77,82,87,98,105" hai2="42,47,51,57,61,65,81,85,91,100,103,124,127" owari="292,9.2,130,-37.0,163,-23.7,415,51.5" /></mjloggm>