<mjloggm ver="2.3"><GO type="169" lobby="0"/><UN n0="%6D%73%E3%82%80%E3%83%BC%E3%81%95%E3%82%93" n1="%E5%85%A8%E9%80%9F%E3%82%86%E3%83%BC%E3%81%B8%E3%81%84" n2="%61%79%61%70%69%6E" n3="%E3%83%9F%E3%83%8D%E3%83%A9%E3%83%AB" dan="17,18,16,18" rate="2142.18,2240.07,2186.86,2274.67" sx="F,M,M,M"/><TAIKYOKU oya="0"/><INIT seed="0,0,0,0,0,86" ten="250,250,250,250" oya="0" hai0="49,20,104,22,21,111,101,41,23,55,33,32,134" hai1="103,1,106,54,47,50,84,93,79,60,120,115,91" hai2="61,108,66,98,7,127,36,3,119,17,19,109,128" hai3="130,62,113,118,0,53,135,95,124,57,42,52,40"/><T87/><D134/><U97/><E120/><V107/><F36/><W11/><G135/><T9/><D111/><N who="2" m="42570" /><F127/><W75/><G124/><T125/><D125/><U96/><E1/><V110/><N who="2" m="42578" /><V31/><DORA hai="6" /><F31/><W15/><G118/><T16/><D41/><U133/><E133/><V51/><F51/><W89/><G75/><T4/><D87/><U5/><E5/><V59/><F128/><W34/><G34/><T116/><D101/><U72/><E115/><V44/><F44/><W46/><G0/><T38/><D104/><U82/><E97/><V131/><F131/><W43/><G130/><T63/><D63/><AGARI ba="0,0" hai="47,50,54,60,63,72,79,82,84,91,93,96,103,106" machi="63" ten="40,5200,0" yaku="24,2,52,1" doraHai="86,6" who="1" fromWho="0" sc="250,-52,250,52,250,0,250,0" /><INIT seed="1,0,0,0,2,14" ten="198,302,250,250" oya="1" hai0="66,108,67,113,54,99,106,122,125,24,44,117,127" hai1="111,5,32,85,3,68,121,9,80,83,77,55,129" hai2="38,28,17,50,46,43,57,82,123,40,100,45,33" hai3="10,73,30,56,71,52,18,131,110,93,86,8,48"/><U23/><E121/><V116/><F123/><W63/><G110/><T7/><D122/><U126/><E32/><V130/><F116/><W37/><G73/><T36/><D113/><U62/><E126/><N who="0" m="48137" /><D117/><U92/><E129/><V87/><F130/><W13/><G131/><T1/><D108/><U112/><E112/><V25/><F57/><W128/><G128/><T35/><D7/><U103/><E111/><V15/><F100/><W21/><G37/><T60/><D1/><U69/><E55/><V65/><F65/><W47/><G30/><N who="0" m="19911" /><D36/><U98/><E62/><V115/><F115/><W84/><G71/><T41/><D99/><U94/><E94/><V39/><F50/><W97/><G86/><T61/><D106/><U29/><REACH who="1" step="1"/><E83/><REACH who="1" ten="198,292,250,250" step="2"/><V2/><F2/><W42/><REACH who="3" step="1"/><G84/><REACH who="3" ten="198,292,250,240" step="2"/><T64/><D41/><U49/><E49/><AGARI ba="0,2" hai="44,49,54,60,61,64,66,67" m="19911,48137" machi="49" ten="30,1000,0" yaku="18,1" doraHai="14" who="0" fromWho="1" sc="198,30,292,-10,250,0,240,0" /><INIT seed="2,0,0,5,2,76" ten="228,282,250,240" oya="2" hai0="117,63,88,31,132,52,9,79,2,96,60,10,45" hai1="53,40,32,100,26,7,38,19,35,82,5,90,75" hai2="125,114,78,12,74,116,37,39,29,98,1,56,4" hai3="85,101,107,54,42,91,51,47,120,17,3,106,110"/><V55/><F116/><W122/><G3/><T86/><D117/><U58/><E100/><V0/><F114/><W16/><G110/><T129/><D132/><U124/><E124/><V112/><F112/><W22/><G17/><T133/><D133/><U123/><E123/><V18/><F125/><W121/><G101/><T93/><D129/><U103/><E103/><V105/><F29/><W50/><G50/><N who="0" m="28751" /><D2/><U113/><E113/><V70/><F70/><W27/><REACH who="3" step="1"/><G42/><REACH who="3" ten="228,282,250,230" step="2"/><T104/><D31/><U67/><E40/><V68/><F18/><W44/><G44/><T43/><D43/><U130/><E130/><V36/><F0/><W65/><G65/><T46/><D46/><U62/><E5/><V131/><F4/><W77/><G77/><T97/><D104/><U115/><E7/><V64/><F64/><W20/><G20/><T8/><D79/><U23/><E115/><V102/><F131/><W83/><AGARI ba="0,1" hai="16,22,27,47,51,54,83,85,91,106,107,120,121,122" machi="83" ten="30,8000,1" yaku="1,1,0,1,52,1,54,1,53,1" doraHai="76" doraHaiUra="87" who="3" fromWho="3" sc="228,-20,282,-20,250,-40,230,90" /><INIT seed="3,0,0,3,1,74" ten="208,262,210,320" oya="3" hai0="21,84,77,73,95,100,122,133,3,43,131,36,106" hai1="39,58,128,83,115,20,19,17,129,76,130,48,8" hai2="110,51,116,91,68,127,4,112,70,18,126,75,11" hai3="118,53,117,54,69,113,80,87,6,102,81,93,5"/><W29/><G113/><T103/><D3/><U35/><E115/><V78/><F112/><W124/><G124/><N who="2" m="47657" /><F116/><W55/><G69/><N who="2" m="26729" /><F18/><W41/><G41/><T111/><D21/><U9/><E39/><V97/><F51/><W49/><G49/><T33/><D43/><U38/><E35/><V90/><F97/><W64/><G64/><T89/><D33/><U67/><E38/><V2/><F110/><W14/><G29/><T1/><D36/><U25/><E19/><V28/><F28/><W13/><G55/><T40/><D40/><U31/><E31/><V30/><F30/><W105/><G93/><T60/><D95/><U92/><E92/><V22/><F22/><W88/><G102/><T125/><D103/><U45/><E45/><V94/><F94/><W34/><G34/><T32/><D100/><U16/><E17/><V104/><F104/><W101/><G101/><T109/><D106/><U50/><E50/><V27/><F27/><W7/><G105/><T108/><D32/><U15/><E25/><V121/><F121/><W63/><G117/><T61/><D122/><U99/><E99/><V10/><F10/><W114/><G114/><T72/><D125/><U71/><E71/><V46/><F46/><W47/><G118/><T98/><D98/><U135/><E135/><V120/><F120/><W123/><G123/><T65/><D133/><U57/><E48/><V59/><F59/><N who="1" m="22537" /><E67/><V85/><F75/><AGARI ba="0,0" hai="8,9,15,16,20,75,76,83,128,129,130" m="22537" machi="75" ten="30,3900,0" yaku="19,1,52,1,54,1" doraHai="74" who="1" fromWho="2" sc="208,0,262,39,210,-39,320,0" /><INIT seed="4,0,0,5,3,56" ten="208,301,171,320" oya="0" hai0="73,44,94,10,53,103,115,0,70,125,117,19,91" hai1="105,99,66,41,36,111,107,57,12,102,46,23,127" hai2="3,98,49,28,27,14,40,26,60,62,76,47,61" hai3="68,34,78,31,104,88,95,17,120,123,13,63,65"/><T29/><D117/><U134/><E111/><V16/><F3/><W119/><G104/><T48/><D115/><U20/><E127/><V130/><F130/><W72/><G119/><T15/><D125/><U124/><E124/><V2/><F2/><W64/><G64/><T126/><D126/><U42/><E134/><V38/><F38/><W75/><G31/><T96/><D73/><U6/><E107/><V129/><F129/><W92/><G34/><T67/><D29/><U39/><E6/><V81/><F98/><N who="3" m="57607" /><G95/><T128/><D128/><U18/><E57/><V83/><F28/><W112/><G78/><T71/><D0/><U9/><REACH who="1" step="1"/><E66/><REACH who="1" ten="208,291,171,320" step="2"/><V110/><F110/><W5/><G5/><T114/><D114/><U22/><E22/><N who="2" m="11543" /><F76/><W109/><G112/><T32/><D32/><U100/><E100/><V33/><F33/><W4/><G4/><T80/><REACH who="0" step="1"/><D67/><REACH who="0" ten="198,291,171,320" step="2"/><U69/><E69/><V43/><F43/><W118/><G118/><T121/><D121/><N who="3" m="46665" /><G109/><T52/><D52/><U74/><E74/><V131/><F131/><W133/><G133/><T59/><D59/><U37/><E37/><V11/><F11/><AGARI ba="0,2" hai="11,13,17,63,65,68,72,75" m="46665,57607" machi="11" ten="30,3900,0" yaku="13,1,52,1,54,1" doraHai="56" who="3" fromWho="2" sc="198,0,291,0,171,-39,320,59" /><INIT seed="5,0,0,5,4,74" ten="198,291,132,379" oya="1" hai0="97,75,76,79,94,57,134,4,101,31,122,71,9" hai1="35,78,45,111,65,19,77,86,56,110,90,104,69" hai2="83,20,16,85,6,50,40,48,118,41,12,51,61" hai3="27,18,53,133,13,11,95,67,26,109,82,7,34"/><U105/><E69/><V37/><F118/><W42/><G109/><N who="1" m="41482" /><E35/><V116/><F116/><W113/><G67/><T91/><D75/><U114/><E114/><V92/><F37/><W130/><G42/><T93/><D71/><U68/><E68/><V62/><F92/><W107/><G107/><N who="1" m="41034" /><E45/><V8/><F41/><W47/><G47/><T10/><D134/><U2/><E2/><V119/><F119/><W38/><G34/><T5/><D31/><U99/><E99/><V22/><F22/><W29/><G11/><N who="0" m="4107" /><D122/><U108/><E19/><V73/><F73/><W112/><G18/><T17/><D17/><U55/><E65/><V84/><F85/><W120/><G29/><T124/><D124/><U46/><E46/><V60/><F40/><W129/><G120/><T123/><D123/><U128/><E128/><V15/><REACH who="2" step="1"/><F51/><REACH who="2" ten="198,291,122,379" step="2"/><W87/><G113/><T125/><D125/><U64/><E108/><V63/><N who="2" m="15360" /><DORA hai="103" /><V96/><F96/><W3/><G38/><T72/><D72/><U66/><E66/><V33/><F33/><W1/><G112/><T117/><D117/><U58/><E64/><V89/><AGARI ba="0,1" hai="6,8,12,15,16,20,48,50,83,84,89" m="15360" machi="89" ten="40,8000,1" yaku="1,1,0,1,8,1,54,1,53,0" doraHai="74,103" doraHaiUra="135,36" who="2" fromWho="2" sc="198,-20,291,-40,122,90,379,-20" /><INIT seed="6,0,0,0,4,60" ten="178,251,212,359" oya="2" hai0="66,80,114,131,15,19,58,8,113,92,52,30,95" hai1="39,33,72,43,119,135,90,132,10,94,97,89,27" hai2="46,128,0,64,23,24,98,75,25,36,111,71,6" hai3="101,5,130,118,127,121,108,35,88,7,103,76,29"/><V65/><F71/><W1/><G108/><T78/><D131/><U44/><E72/><V45/><F75/><W32/><G76/><T133/><D30/><N who="1" m="19679" /><E10/><V96/><F36/><W3/><G121/><T74/><D66/><N who="2" m="25706" /><F6/><W124/><G88/><T84/><D133/><N who="1" m="51275" /><E119/><V9/><F0/><W12/><G118/><T87/><D74/><U107/><E107/><V26/><F9/><W69/><G130/><T115/><REACH who="0" step="1"/><D87/><REACH who="0" ten="168,251,212,359" step="2"/><U61/><E97/><N who="2" m="37483" /><F128/><W18/><G3/><T50/><AGARI ba="0,1" hai="8,15,19,50,52,58,78,80,84,92,95,113,114,115" machi="50" ten="30,7900,0" yaku="1,1,0,1,15,1,54,1,53,0" doraHai="60" doraHaiUra="122" who="0" fromWho="0" sc="168,89,251,-20,212,-39,359,-20" /><INIT seed="7,0,0,4,4,119" ten="257,231,173,339" oya="3" hai0="124,23,134,127,108,2,19,43,70,51,11,5,77" hai1="87,107,98,99,50,100,57,12,80,64,52,131,79" hai2="122,39,85,0,58,8,29,125,84,104,130,75,97" hai3="96,48,47,110,41,45,56,109,126,72,9,106,68"/><W16/><G72/><T95/><D134/><U3/><E3/><V15/><F39/><W1/><G68/><T112/><D70/><U90/><E131/><V25/><F75/><W62/><G126/><N who="0" m="48171" /><D108/><U111/><E111/><N who="3" m="42506" /><G47/><N who="0" m="26111" /><D112/><U24/><E64/><V55/><F0/><W40/><G1/><T67/><D67/><U26/><E12/><V54/><F125/><W129/><G129/><T113/><D113/><U35/><E35/><V28/><F130/><W60/><G56/><T37/><D37/><U59/><E57/><V53/><F104/><W33/><G33/><T30/><D95/><U123/><E123/><V135/><F97/><W114/><G41/><T132/><D132/><U13/><E13/><V76/><F135/><W61/><G114/><T20/><D30/><U36/><E36/><V31/><F76/><W7/><G7/><T21/><D77/><U89/><E89/><V86/><F58/><W17/><G9/><T42/><D42/><U44/><E59/><V73/><F73/><W117/><G117/><T115/><D115/><U71/><E71/><V82/><F82/><W4/><G4/><T103/><D103/><AGARI ba="0,0" hai="16,17,40,45,48,60,61,62,96,103,106" m="42506" machi="103" ten="30,2900,0" yaku="10,1,54,1" doraHai="119" who="3" fromWho="0" sc="257,-29,231,0,173,0,339,29" owari="228,-17.2,231,3.1,173,-32.7,368,46.8" /></mjloggm>