<mjloggm ver="2.3"><GO type="169" lobby="0"/><UN n0="%E5%8D%83%E8%8D%89%E5%8F%B0" n1="%E6%9C%AA%E6%9D%A5%E5%B0%91%E5%B9%B4" n2="%E3%81%BB%E3%83%BC%E3%82%8A%E3%83%BC" n3="%37%36%35%2D%37%32" dan="17,16,17,16" rate="2133.03,2168.76,2244.46,2064.66" sx="M,F,M,M"/><TAIKYOKU oya="0"/><INIT seed="0,0,0,2,5,4" ten="250,250,250,250" oya="0" hai0="18,89,2,28,68,134,101,41,47,19,53,120,91" hai1="115,5,16,55,94,40,54,34,79,70,84,77,78" hai2="96,0,57,100,118,48,27,109,82,135,36,66,123" hai3="116,75,52,67,42,38,8,124,128,132,80,105,33"/><T45/><D68/><U71/><E34/><V64/><F0/><W14/><G116/><T107/><D28/><U51/><E115/><V29/><F36/><W117/><G117/><T97/><D2/><U46/><E5/><V24/><F135/><W119/><G105/><T125/><D120/><U23/><E71/><V7/><F7/><W12/><G124/><T87/><D125/><U62/><E70/><V111/><F123/><W59/><G128/><T60/><D91/><N who="1" m="53607" /><E62/><V81/><F118/><W35/><G67/><T31/><D31/><U39/><E39/><V110/><F24/><AGARI ba="0,0" hai="16,23,24,40,46,51,54,55,77,78,79" m="53607" machi="24" ten="30,2000,0" yaku="8,1,54,1" doraHai="4" who="1" fromWho="2" sc="250,0,250,20,250,-20,250,0" /><INIT seed="1,0,0,5,1,94" ten="250,270,230,250" oya="1" hai0="116,6,35,132,126,127,102,83,41,72,1,38,98" hai1="74,77,128,34,67,15,62,125,29,122,50,113,73" hai2="52,107,18,103,65,78,0,56,54,28,97,105,8" hai3="76,43,13,26,75,14,19,27,120,11,101,24,118"/><U60/><E113/><V10/><F105/><W100/><G120/><T108/><D116/><U80/><E122/><V90/><F28/><W87/><G118/><T16/><D35/><U49/><E128/><V86/><F78/><W48/><G75/><T70/><D70/><U71/><E74/><V23/><F65/><W3/><G3/><T61/><D61/><U104/><E104/><V92/><F0/><W119/><G119/><T53/><D53/><U64/><E125/><V46/><F46/><N who="3" m="25695" /><G14/><T133/><D41/><U5/><E5/><V88/><F90/><W95/><G76/><N who="0" m="44423" /><D38/><U57/><REACH who="1" step="1"/><E15/><REACH who="1" ten="250,260,230,250" step="2"/><V51/><F54/><W99/><G87/><T81/><D6/><U134/><E134/><V117/><F117/><W96/><G95/><N who="0" m="58719" /><D1/><U111/><E111/><V79/><F79/><W55/><G13/><AGARI ba="0,1" hai="8,10,13,18,23,51,52,56,86,88,92,97,103,107" machi="13" ten="30,12000,2" yaku="7,1,25,2,52,1,54,2" doraHai="94" who="2" fromWho="3" sc="250,0,260,0,230,130,250,-120" /><INIT seed="2,0,0,0,5,45" ten="250,260,360,130" oya="2" hai0="90,46,124,8,74,19,104,81,58,110,20,106,68" hai1="38,22,12,84,72,103,132,108,75,0,56,28,23" hai2="94,51,61,101,40,57,112,79,4,91,126,13,59" hai3="34,135,122,130,62,70,133,47,119,33,86,2,77"/><V129/><F112/><W117/><G122/><T85/><D68/><U6/><E0/><V87/><F126/><W53/><G2/><T83/><D124/><U102/><E56/><V96/><F129/><W26/><G130/><T49/><D110/><U115/><E38/><V116/><F116/><W7/><G7/><T120/><D120/><U66/><E66/><V82/><F101/><W98/><G98/><T76/><D8/><U128/><E115/><V118/><F118/><N who="3" m="45067" /><G26/><T43/><REACH who="0" step="1"/><D58/><REACH who="0" ten="240,260,360,130" step="2"/><U32/><E108/><V107/><F59/><W134/><G70/><T69/><D69/><U97/><E128/><V64/><F57/><N who="3" m="35119" /><G47/><T71/><D71/><U73/><E102/><V18/><F61/><W100/><G100/><T29/><D29/><U35/><E103/><V39/><F64/><W44/><G44/><T55/><D55/><U131/><E28/><V25/><F107/><W105/><G105/><T63/><D63/><U48/><E131/><V92/><F40/><W127/><G127/><T109/><D109/><U65/><E65/><V3/><F3/><W37/><G37/><T99/><D99/><U21/><E97/><V16/><F39/><W54/><G54/><T9/><D9/><N who="1" m="4151" /><E48/><V31/><F51/><W95/><G95/><T89/><D89/><U60/><E60/><V111/><F92/><W5/><G5/><T36/><D36/><U17/><E17/><N who="2" m="6763" /><F111/><W78/><G78/><T10/><D10/><U121/><E121/><V42/><F42/><W125/><G125/><T123/><D123/><U11/><E11/><N who="2" m="4327" /><F31/><W1/><G1/><T114/><D114/><RYUUKYOKU ba="0,1" sc="240,10,260,-30,360,10,130,10" hai0="19,20,43,46,49,74,76,81,83,85,90,104,106" hai2="25,79,82,87,91,94,96" hai3="33,34,77,86,133,134,135" /><INIT seed="2,1,1,1,4,69" ten="250,230,370,140" oya="2" hai0="57,11,49,109,124,99,12,65,54,33,0,85,83" hai1="26,15,79,113,25,4,101,102,28,51,6,123,22" hai2="62,76,86,7,114,128,27,89,9,127,66,91,13" hai3="94,37,16,74,45,116,98,73,110,121,5,24,78"/><V32/><F127/><W87/><G116/><T48/><D33/><U103/><E113/><V117/><F128/><W53/><G121/><T95/><D0/><U61/><E123/><V60/><F114/><W134/><G134/><T56/><D124/><U43/><E79/><V23/><F32/><W38/><G110/><T106/><D106/><U115/><E115/><V47/><F117/><W111/><G5/><T96/><D109/><U42/><E61/><V8/><F8/><W122/><G122/><T131/><D131/><U88/><E25/><V104/><F104/><W30/><G30/><T67/><D99/><U63/><E63/><V44/><F76/><W112/><G111/><T75/><D75/><U126/><E126/><V34/><F34/><W40/><G38/><T3/><D57/><U81/><E51/><V130/><F89/><W55/><G74/><T1/><D48/><U36/><E36/><V71/><F62/><W70/><G73/><T100/><D3/><U120/><E120/><V18/><REACH who="2" step="1"/><F130/><REACH who="2" ten="250,230,360,140" step="2"/><W118/><G118/><T21/><D1/><U105/><E105/><V92/><AGARI ba="1,2" hai="7,9,13,18,23,27,44,47,60,66,71,86,91,92" machi="92" ten="20,7800,0" yaku="1,1,2,1,0,1,7,1,53,0" doraHai="69" doraHaiUra="35" who="2" fromWho="2" sc="250,-27,230,-27,360,101,140,-27" /><INIT seed="2,2,0,0,3,64" ten="223,203,461,113" oya="2" hai0="5,135,19,99,121,44,128,81,108,52,75,103,15" hai1="8,32,76,79,6,41,29,49,110,63,17,2,37" hai2="28,115,124,73,134,104,82,90,70,45,129,22,78" hai3="42,26,89,18,69,116,12,77,106,120,7,53,113"/><V50/><F104/><W10/><G116/><T96/><D121/><U101/><E37/><V95/><F115/><W16/><G120/><T38/><D5/><U114/><E114/><V56/><F56/><W92/><G106/><T35/><D35/><U0/><E0/><V46/><F129/><W54/><G113/><T107/><D96/><U122/><E110/><V105/><F105/><W133/><G133/><T20/><D108/><U127/><E127/><V131/><F131/><W74/><G42/><T43/><D128/><U87/><E101/><V100/><F100/><W132/><G132/><T66/><D66/><U60/><E122/><V47/><F124/><W85/><G69/><T55/><D135/><U61/><E17/><V102/><F102/><W86/><G74/><T62/><D62/><U14/><E2/><V109/><F70/><W25/><G18/><T72/><D72/><U9/><E9/><V130/><F109/><W98/><G98/><T21/><D21/><U65/><E65/><V33/><F33/><W97/><G97/><T51/><D38/><U91/><E29/><V30/><F130/><W3/><G3/><T31/><D31/><N who="2" m="11818" /><F22/><N who="3" m="13511" /><G26/><T58/><REACH who="0" step="1"/><D58/><REACH who="0" ten="213,203,461,113" step="2"/><U59/><E32/><V80/><F134/><W126/><G126/><T118/><D118/><U36/><E36/><V11/><F73/><W68/><G68/><T48/><D48/><U125/><E125/><V1/><F50/><W94/><G77/><AGARI ba="2,1" hai="15,19,20,43,44,51,52,55,75,77,81,99,103,107" machi="77" ten="40,2600,0" yaku="1,1,54,1,53,0" doraHai="64" doraHaiUra="112" who="0" fromWho="3" sc="213,42,203,0,461,0,113,-32" /><INIT seed="3,0,0,5,2,72" ten="255,203,461,81" oya="3" hai0="127,80,95,83,7,110,113,78,37,86,8,36,132" hai1="64,94,25,60,66,55,17,90,116,81,79,16,115" hai2="19,91,54,67,38,62,112,28,120,52,105,106,128" hai3="50,68,51,58,99,109,30,97,75,0,133,122,61"/><W108/><G122/><T26/><D113/><U23/><E115/><V4/><F38/><W117/><G117/><T56/><D110/><N who="3" m="42601" /><G0/><T57/><D127/><U100/><E100/><V82/><F4/><W102/><G133/><T74/><D132/><U45/><E116/><V107/><F28/><W47/><G68/><T130/><D95/><U10/><E17/><V24/><F128/><W84/><G75/><T22/><D37/><U93/><E10/><V13/><F24/><W9/><G9/><T32/><D32/><U53/><E45/><V92/><F82/><W71/><G71/><T33/><D33/><U27/><E27/><V44/><F44/><W14/><G14/><T63/><D36/><U65/><E60/><V39/><F39/><W34/><G30/><T118/><D63/><U119/><E119/><V77/><F120/><W43/><G84/><T129/><D118/><U98/><REACH who="1" step="1"/><E94/><REACH who="1" ten="255,193,461,81" step="2"/><V35/><F92/><N who="3" m="58663" /><G34/><T40/><D129/><U85/><AGARI ba="0,1" hai="16,23,25,53,55,64,65,66,79,81,85,90,93,98" machi="85" ten="30,12000,2" yaku="1,1,0,1,8,1,52,1,54,1,53,1" doraHai="72" doraHaiUra="15" who="1" fromWho="1" sc="255,-30,193,130,461,-30,81,-60" /><INIT seed="4,0,0,1,1,123" ten="225,323,431,21" oya="0" hai0="41,29,53,127,10,37,11,118,70,45,84,126,80" hai1="130,89,56,95,35,100,16,51,52,133,20,119,18" hai2="73,65,134,91,85,22,55,114,113,131,26,43,17" hai3="135,98,63,69,101,62,74,109,61,106,105,12,33"/><T49/><D118/><U21/><E119/><V28/><F73/><W54/><G135/><T81/><D70/><U103/><E35/><V8/><F131/><W14/><G74/><T77/><D29/><U132/><E130/><V129/><F129/><W124/><G124/><T3/><D81/><U68/><E68/><V59/><F43/><W50/><G69/><T15/><D3/><U25/><E132/><V31/><F65/><W110/><G33/><T0/><D0/><U94/><E133/><V93/><F8/><W122/><G122/><T39/><D11/><U23/><E94/><V42/><F42/><W87/><G87/><T48/><D126/><U116/><E116/><V76/><F76/><W58/><REACH who="3" step="1"/><G106/><REACH who="3" ten="225,323,431,11" step="2"/><T88/><D127/><U117/><E117/><V83/><F134/><W90/><G90/><T107/><D107/><U111/><E89/><V79/><F91/><W4/><G4/><N who="0" m="3527" /><D88/><U30/><E103/><V38/><F93/><W78/><G78/><T97/><D97/><U102/><E102/><V67/><F79/><W5/><G5/><T108/><D108/><AGARI ba="0,1" hai="12,14,50,54,58,61,62,63,98,101,105,108,109,110" machi="108" ten="40,8000,1" yaku="1,1,52,3,53,1" doraHai="123" doraHaiUra="47" who="3" fromWho="0" sc="225,-80,323,0,431,0,11,90" /><INIT seed="5,0,0,4,3,115" ten="145,323,431,101" oya="1" hai0="134,39,4,128,2,33,119,132,10,0,106,123,73" hai1="56,62,14,135,84,66,75,18,1,65,46,5,103" hai2="111,69,71,87,109,58,9,23,44,129,15,34,94" hai3="89,90,67,118,127,52,27,122,3,8,41,124,104"/><U86/><E75/><V125/><F34/><W93/><G122/><T88/><RYUUKYOKU type="yao9" ba="0,0" sc="145,0,323,0,431,0,101,0" hai0="0,2,4,10,33,39,73,88,106,119,123,128,132,134" /><INIT seed="5,1,0,0,4,99" ten="145,323,431,101" oya="1" hai0="132,4,113,40,86,41,30,70,130,20,3,96,103" hai1="112,14,54,7,25,61,72,57,73,12,122,76,17" hai2="104,111,46,114,71,125,50,34,44,108,82,102,11" hai3="123,134,118,35,106,15,133,92,115,27,36,87,6"/><U117/><E117/><V23/><F34/><W42/><G123/><T81/><D70/><U31/><E122/><V131/><F71/><W26/><G106/><T128/><D4/><U51/><E112/><V59/><F59/><W78/><G115/><T48/><D3/><U95/><E76/><V129/><F114/><W10/><G118/><T135/><D113/><U109/><E109/><V8/><F125/><W90/><G78/><N who="0" m="46391" /><D20/><U126/><E126/><V62/><F62/><W1/><G1/><T0/><D0/><U19/><E7/><V110/><F82/><W37/><G37/><T33/><D33/><U47/><E95/><V88/><F88/><W127/><G127/><T68/><D30/><U98/><E98/><N who="2" m="61527" /><F23/><W83/><G83/><T13/><D68/><U100/><E100/><V58/><F58/><W66/><G66/><T28/><D40/><U32/><E14/><V22/><F22/><W84/><G84/><T52/><D13/><U43/><E19/><V60/><F60/><W97/><G87/><T124/><D41/><U18/><E18/><V65/><F65/><W53/><G53/><T75/><D28/><U56/><E57/><V5/><F5/><W67/><G67/><T120/><D120/><U9/><AGARI ba="1,0" hai="9,12,17,25,31,32,43,47,51,54,56,61,72,73" machi="9" ten="20,2100,0" yaku="0,1,7,1" doraHai="99" who="1" fromWho="1" sc="145,-8,323,24,431,-8,101,-8" /><INIT seed="5,2,0,4,1,117" ten="137,347,423,93" oya="1" hai0="106,41,55,102,84,89,1,28,47,128,51,36,75" hai1="5,85,95,111,78,76,24,2,29,20,23,116,130" hai2="131,0,39,134,13,97,107,56,60,37,64,123,69" hai3="61,7,73,93,57,81,8,72,98,125,62,132,126"/><U96/><E116/><V10/><F123/><W25/><G132/><T115/><D75/><U91/><E130/><V74/><F56/><W87/><G62/><T12/><D1/><U108/><E2/><V113/><F13/><W14/><G25/><T54/><D128/><U77/><E5/><N who="2" m="1319" /><F131/><W121/><G121/><T90/><D28/><U99/><REACH who="1" step="1"/><E23/><REACH who="1" ten="137,337,423,93" step="2"/><V26/><F134/><W58/><G126/><T21/><D21/><U44/><E44/><V135/><F135/><W92/><G125/><T18/><D47/><U79/><N who="1" m="19456" /><DORA hai="124" /><U82/><E82/><V112/><F74/><W122/><G81/><T30/><D115/><N who="2" m="44106" /><F26/><W9/><G7/><T100/><D30/><U67/><E67/><V101/><AGARI ba="2,1" hai="37,39,60,64,69,97,101,107" m="44106,1319" machi="101" ten="30,4000,0" yaku="15,1,11,1,23,1" doraHai="117,124" who="2" fromWho="2" sc="137,-12,337,-22,423,56,93,-12" /><INIT seed="6,0,0,0,1,53" ten="125,315,479,81" oya="2" hai0="134,36,104,80,54,55,83,99,122,56,119,21,132" hai1="16,116,20,43,23,46,32,25,93,26,58,112,128" hai2="69,3,94,77,8,115,95,60,66,76,87,114,7" hai3="109,81,38,102,90,82,52,30,65,44,100,64,59"/><V19/><F19/><W37/><G109/><T120/><D36/><U12/><E116/><V61/><F61/><W57/><G30/><T47/><D119/><U73/><E73/><V113/><REACH who="2" step="1"/><F87/><REACH who="2" ten="125,315,469,81" step="2"/><N who="3" m="50543" /><G37/><T22/><D120/><U28/><E112/><V88/><F88/><W50/><G38/><T130/><D122/><U31/><E128/><V70/><F70/><W2/><G2/><T17/><D130/><U68/><E68/><V79/><AGARI ba="0,1" hai="3,7,8,60,66,69,76,77,79,94,95,113,114,115" machi="79" ten="40,12000,1" yaku="1,1,0,1,15,1,53,1" doraHai="53" doraHaiUra="67" who="2" fromWho="2" sc="125,-40,315,-40,469,130,81,-40" /><INIT seed="6,1,0,4,2,105" ten="85,275,599,41" oya="2" hai0="71,58,129,34,122,30,124,67,70,98,119,103,78" hai1="93,24,130,2,91,83,102,112,125,110,95,41,79" hai2="14,50,133,12,132,46,49,135,76,19,23,63,18" hai3="75,56,59,9,7,52,81,131,96,11,55,100,8"/><V127/><F127/><W32/><G32/><T44/><D122/><U97/><E2/><V86/><F63/><W51/><G131/><T84/><D119/><U38/><E38/><V99/><F99/><W64/><G64/><T43/><D124/><U116/><E41/><V68/><F68/><W106/><G81/><T65/><D30/><U74/><E24/><V16/><F18/><W87/><G87/><T121/><D34/><U85/><E125/><V36/><F36/><W27/><G27/><T5/><D5/><U17/><E17/><V89/><F76/><W31/><G31/><T57/><D78/><U123/><E116/><V115/><F115/><W82/><G82/><T26/><D84/><N who="1" m="52455" /><E112/><V88/><F86/><W40/><G40/><T33/><D65/><U126/><E126/><V104/><F104/><W4/><REACH who="3" step="1"/><G75/><REACH who="3" ten="85,275,599,31" step="2"/><T109/><D26/><U80/><E130/><V29/><F29/><W73/><G73/><T39/><D33/><U101/><E123/><V42/><REACH who="2" step="1"/><F49/><AGARI ba="1,1" hai="4,7,8,9,11,49,51,52,55,56,59,96,100,106" machi="49" ten="40,5200,0" yaku="1,1,9,1,54,1,53,0" doraHai="105" doraHaiUra="66" who="3" fromWho="2" sc="85,0,275,0,599,-55,31,65" /><INIT seed="7,0,0,1,5,61" ten="85,275,544,96" oya="3" hai0="107,20,47,94,129,87,97,38,77,121,9,45,114" hai1="79,28,13,120,100,16,132,6,109,63,4,24,33" hai2="15,43,36,130,110,88,44,116,134,112,8,78,26" hai3="57,48,104,133,95,32,93,58,5,53,42,123,108"/><W68/><G123/><T83/><D121/><U60/><E109/><V115/><F116/><W126/><G108/><T128/><D107/><U18/><E120/><V3/><F3/><W75/><G68/><T19/><D9/><U29/><E132/><V62/><F78/><W99/><G133/><T50/><D38/><U31/><E100/><V40/><F40/><W86/><G75/><T30/><D30/><N who="1" m="11883" /><E60/><V90/><F26/><W11/><G32/><T122/><D122/><U103/><E79/><V65/><F130/><N who="0" m="50282" /><D114/><N who="2" m="43562" /><F110/><W2/><G126/><T51/><D51/><U23/><E63/><V73/><F73/><W12/><G42/><T14/><D50/><U17/><E103/><V82/><F82/><W101/><G58/><T92/><D92/><U69/><E69/><N who="2" m="42167" /><F134/><W0/><G0/><T124/><D124/><U85/><E85/><V70/><F70/><W125/><G125/><T119/><D119/><U89/><E89/><V131/><F131/><W66/><G66/><T55/><D55/><U111/><E111/><V34/><F34/><W25/><G2/><T113/><D113/><U71/><E71/><V135/><F135/><W46/><G46/><T74/><D74/><U21/><E17/><AGARI ba="0,0" hai="8,15,17,36,43,44,88,90" m="42167,43562" machi="17" ten="30,3900,0" yaku="15,1,52,1,54,1" doraHai="61" who="2" fromWho="1" sc="85,0,275,-39,544,39,96,0" owari="85,-41.5,236,3.6,583,68.3,96,-30.4" /></mjloggm>