<mjloggm ver="2.3"><GO type="169" lobby="0"/><UN n0="%54%53%4D%2D%30%37" n1="%E3%81%82%E3%81%8A%E3%81%8D%E3%82%93%E3%81%90" n2="%61%63%74%79" n3="%E3%81%AF%E3%81%99%E3%81%9F" dan="16,16,16,16" rate="2030.93,2137.23,2033.38,2081.32" sx="M,M,M,M"/><TAIKYOKU oya="0"/><INIT seed="0,0,0,4,5,117" ten="250,250,250,250" oya="0" hai0="106,72,23,77,98,63,44,71,95,13,80,75,26" hai1="132,91,55,93,100,92,45,59,86,17,5,2,124" hai2="84,99,114,104,73,109,12,43,81,32,1,49,76" hai3="78,53,51,102,128,29,4,37,20,108,118,113,54"/><T6/><D106/><U34/><E124/><V14/><F1/><W82/><G118/><T36/><D6/><U67/><E132/><V116/><F32/><W130/><G113/><T96/><D13/><U18/><E34/><V24/><F24/><W119/><G119/><T56/><D71/><U30/><E30/><V69/><F114/><W33/><G108/><T52/><D75/><U83/><E67/><V25/><F25/><W22/><G37/><T120/><D120/><U112/><E45/><V64/><F64/><W123/><G4/><T31/><REACH who="0" step="1"/><D95/><REACH who="0" ten="240,250,250,250" step="2"/><U79/><E93/><V135/><F14/><W90/><G123/><T131/><D131/><U105/><E92/><V125/><F12/><W122/><G122/><T62/><D62/><U70/><E105/><V15/><F73/><W7/><G7/><T85/><D85/><U57/><E86/><V0/><F84/><W28/><G130/><T39/><D39/><U41/><E70/><V40/><F15/><W101/><G128/><T133/><D133/><U38/><E38/><V27/><F104/><W60/><G60/><T11/><D11/><U42/><E5/><V134/><F69/><W129/><G129/><T46/><D46/><U74/><E74/><V127/><F134/><W97/><G51/><T66/><D66/><U10/><E10/><V65/><F49/><W110/><G97/><T9/><D9/><U50/><E50/><V103/><F99/><W88/><G82/><T58/><D58/><U48/><E59/><V61/><F135/><W19/><G54/><T126/><D126/><U89/><E55/><RYUUKYOKU ba="0,1" sc="240,30,250,-10,250,-10,250,-10" hai0="23,26,31,36,44,52,56,63,72,77,80,96,98" /><INIT seed="0,1,1,1,2,120" ten="270,240,240,240" oya="0" hai0="134,72,13,113,56,16,123,44,82,37,47,46,17" hai1="36,104,7,86,131,80,2,41,64,118,66,32,11" hai2="69,27,14,92,81,132,18,35,74,33,75,0,30" hai3="119,59,15,127,78,125,29,79,6,55,76,28,24"/><T34/><D113/><U115/><E118/><V122/><F122/><W12/><G119/><T90/><D123/><U58/><E104/><V133/><F69/><W67/><G67/><T126/><D34/><U49/><E32/><V102/><F35/><W4/><G24/><T128/><D128/><U40/><E131/><V52/><F0/><W9/><G59/><T130/><D130/><U95/><E36/><V107/><F107/><W45/><G55/><T85/><D134/><U135/><E135/><V114/><F114/><W61/><G61/><T105/><D105/><U106/><E106/><V77/><F74/><W53/><G53/><T98/><D126/><N who="3" m="48137" /><G45/><T124/><D124/><U117/><E49/><V42/><F42/><W111/><G111/><T21/><D98/><U100/><E58/><V39/><F39/><W26/><G26/><N who="0" m="14631" /><D72/><U99/><E99/><V63/><F33/><W38/><G38/><T8/><D37/><U112/><E117/><V65/><F132/><W97/><G97/><T60/><D46/><U22/><E115/><V94/><F65/><AGARI ba="1,1" hai="8,13,17,44,47,56,60,65,82,85,90" m="14631" machi="65" ten="30,2900,0" yaku="8,1,54,1" doraHai="120" who="0" fromWho="2" sc="270,42,240,0,240,-32,240,0" /><INIT seed="0,2,0,5,2,8" ten="312,240,208,240" oya="0" hai0="14,57,124,87,28,131,32,29,75,122,94,68,89" hai1="99,53,6,71,36,84,27,0,103,12,72,81,93" hai2="100,39,65,9,107,63,130,48,15,59,115,121,24" hai3="58,116,114,41,40,120,2,70,123,49,35,105,54"/><T98/><D122/><U3/><E71/><V18/><F121/><N who="3" m="46667" /><G2/><T76/><D68/><U69/><E36/><V128/><F39/><W23/><G35/><T109/><D131/><U117/><E117/><V74/><F74/><W30/><G105/><T38/><D38/><U108/><E108/><V113/><F100/><W11/><G116/><T104/><D124/><U82/><E69/><V51/><F107/><W10/><G114/><T77/><D109/><U97/><E27/><V66/><F65/><W112/><G112/><T50/><D32/><U64/><E53/><V78/><F78/><W5/><G70/><T135/><D135/><U111/><E64/><V46/><F48/><W67/><G67/><T125/><D125/><U88/><E111/><V102/><F102/><W62/><G5/><T86/><D75/><U31/><E31/><N who="0" m="11849" /><D14/><U83/><E72/><V101/><F101/><W91/><G91/><T7/><D7/><U19/><E6/><V127/><F127/><W134/><G134/><T17/><D17/><U43/><E3/><V96/><F24/><N who="3" m="16671" /><G62/><T25/><D25/><U61/><E61/><V37/><F113/><W110/><G110/><T92/><D104/><U21/><E0/><V34/><F115/><W55/><G54/><N who="0" m="31959" /><D86/><U44/><E103/><AGARI ba="2,0" hai="76,77,87,89,92,94,98,103" m="31959,11849" machi="103" ten="30,1500,0" yaku="8,1" doraHai="8" who="0" fromWho="1" sc="312,21,240,-21,208,0,240,0" /><INIT seed="0,3,0,2,4,121" ten="333,219,208,240" oya="0" hai0="4,126,40,116,74,101,46,120,13,125,75,111,76" hai1="3,94,37,119,102,88,95,24,21,7,45,72,59" hai2="51,113,67,133,100,134,17,90,28,80,41,65,56" hai3="27,93,129,71,29,32,53,25,79,78,63,114,109"/><T34/><D120/><U89/><E119/><V5/><F113/><W132/><G114/><T81/><D116/><U106/><E72/><V0/><F100/><W52/><G132/><T68/><D68/><U35/><E35/><V23/><F28/><W42/><G129/><T30/><D101/><U58/><E106/><V124/><F5/><W105/><G105/><T9/><D74/><U115/><E102/><V64/><F0/><W61/><G42/><T73/><D73/><U2/><E115/><V54/><F41/><W11/><G11/><T12/><D12/><U44/><E7/><V38/><F38/><W22/><G93/><T36/><D111/><U87/><E21/><V55/><F55/><W104/><G104/><T108/><D108/><U99/><E24/><V135/><F124/><N who="0" m="47722" /><D30/><U97/><REACH who="1" step="1"/><E87/><REACH who="1" ten="333,209,208,240" step="2"/><N who="2" m="50535" /><F64/><W92/><G27/><AGARI ba="3,1" hai="17,23,27,51,54,56,65,67,133,134,135" m="50535" machi="27" ten="30,1000,0" yaku="20,1" doraHai="121" who="2" fromWho="3" sc="333,0,209,0,208,29,240,-19" /><INIT seed="1,0,0,5,0,126" ten="333,209,237,221" oya="1" hai0="22,21,70,29,99,61,14,124,76,35,74,39,111" hai1="114,57,133,28,47,128,43,113,88,3,11,81,16" hai2="98,59,65,2,108,13,109,49,89,17,92,38,58" hai3="26,105,95,96,82,34,46,86,130,53,55,123,8"/><U36/><E133/><V85/><F38/><W100/><G123/><T66/><D124/><U90/><E28/><V18/><F2/><W20/><G34/><T115/><D115/><U119/><E119/><V73/><F73/><W44/><G105/><T5/><D111/><U97/><E57/><V62/><F18/><W131/><G8/><T87/><D39/><U118/><E118/><V24/><F24/><W64/><G64/><T25/><D74/><U1/><E1/><V40/><F108/><W68/><G68/><T75/><D75/><U83/><E83/><V80/><F109/><W132/><G132/><T45/><D45/><U117/><E117/><V23/><F40/><W30/><G46/><T52/><D87/><U79/><E79/><V67/><F67/><W51/><REACH who="3" step="1"/><G55/><REACH who="3" ten="333,209,237,211" step="2"/><T106/><D52/><U101/><E47/><V122/><F122/><W6/><G6/><T84/><D5/><U116/><E11/><V93/><F98/><W42/><G42/><T27/><D35/><U72/><E97/><V4/><F4/><W7/><G7/><T77/><D99/><U56/><E43/><V9/><F9/><W69/><G69/><T63/><D66/><U134/><E134/><V102/><F65/><W48/><G48/><T37/><D70/><U107/><E116/><V19/><F49/><W78/><AGARI ba="0,1" hai="20,26,30,44,51,53,78,82,86,95,96,100,130,131" machi="78" ten="30,7900,0" yaku="1,1,0,1,52,2,53,0" doraHai="126" doraHaiUra="112" who="3" fromWho="3" sc="333,-20,209,-39,237,-20,211,89" /><INIT seed="2,0,0,4,5,28" ten="313,170,217,300" oya="2" hai0="85,112,105,10,64,100,13,3,115,26,41,6,78" hai1="120,118,129,87,8,34,98,88,72,33,9,56,18" hai2="116,24,43,131,75,71,90,108,92,55,5,0,17" hai3="110,65,1,133,7,14,40,130,51,12,95,125,15"/><V38/><F116/><W113/><G110/><T42/><D3/><U22/><E72/><V102/><F75/><W103/><G130/><T81/><D64/><U45/><E118/><V44/><F131/><W27/><G133/><T107/><D107/><U83/><E129/><V97/><F108/><W76/><G125/><T96/><REACH who="0" step="1"/><D26/><REACH who="0" ten="303,170,217,300" step="2"/><U50/><E120/><V70/><F0/><W69/><G27/><T86/><D86/><U49/><E98/><V21/><F5/><W74/><G65/><T29/><D29/><U4/><E4/><V48/><REACH who="2" step="1"/><F102/><REACH who="2" ten="303,170,207,300" step="2"/><W135/><G1/><T66/><D66/><U117/><E117/><V37/><F37/><W132/><G7/><T111/><D111/><U80/><E87/><V124/><F124/><W36/><G103/><T122/><D122/><U68/><E68/><V31/><F31/><W35/><G36/><T59/><D59/><AGARI ba="0,2" hai="17,21,24,38,43,44,48,55,59,70,71,90,92,97" machi="59" ten="30,5800,0" yaku="1,1,7,1,53,1" doraHai="28" doraHaiUra="54" who="2" fromWho="0" sc="303,-58,170,0,207,78,300,0" /><INIT seed="2,1,0,3,1,15" ten="245,170,285,300" oya="2" hai0="125,118,101,129,2,83,59,64,29,47,3,39,63" hai1="105,53,28,114,73,69,95,61,126,123,131,58,23" hai2="41,12,133,81,85,34,0,27,117,6,55,4,87" hai3="104,46,48,93,50,122,40,45,119,109,62,94,21"/><V19/><F117/><W84/><G119/><T88/><D118/><U22/><E95/><V76/><F133/><W111/><G122/><T70/><D129/><U65/><E105/><V51/><F41/><W135/><G104/><T56/><D125/><U37/><E73/><V110/><F0/><W30/><G135/><T20/><D101/><U26/><E114/><V1/><F1/><W16/><G30/><T100/><D100/><U132/><E126/><V72/><F110/><N who="3" m="41995" /><G62/><T99/><D2/><U57/><E132/><V13/><F13/><N who="3" m="9359" /><G84/><T77/><D29/><U71/><E61/><V7/><F34/><W102/><G102/><T103/><D103/><U67/><E28/><V14/><F27/><W9/><G9/><T112/><D63/><U78/><E26/><V35/><F12/><W124/><G124/><T54/><D3/><U120/><E123/><V80/><F35/><W18/><G18/><T32/><D32/><U36/><E120/><V113/><F113/><W91/><G91/><T92/><D112/><U75/><E23/><V33/><F33/><W44/><G44/><T82/><D47/><U115/><E22/><V90/><F72/><W8/><G8/><T66/><D20/><U43/><E75/><V49/><F55/><AGARI ba="1,0" hai="40,45,46,48,50,55,93,94" m="9359,41995" machi="55" ten="30,3900,0" yaku="14,1,52,1,54,1" doraHai="15" who="3" fromWho="2" sc="245,0,170,0,285,-42,300,42" /><INIT seed="3,0,0,5,5,23" ten="245,170,243,342" oya="3" hai0="102,6,99,96,2,125,106,52,113,55,33,127,51" hai1="31,56,124,134,81,36,73,15,126,121,21,46,89" hai2="132,128,5,78,13,118,105,100,71,8,50,26,7" hai3="60,66,109,116,0,74,119,53,27,90,43,48,35"/><W39/><G74/><T25/><D113/><U20/><E121/><V12/><F71/><W114/><G0/><T44/><D96/><U101/><E101/><V120/><F118/><W80/><G114/><T3/><D55/><U58/><E89/><V82/><F120/><W98/><G109/><T49/><D49/><U112/><E81/><V76/><F128/><W37/><G116/><T92/><D106/><U18/><E46/><V108/><F108/><W63/><G119/><T85/><D85/><U117/><E58/><V68/><F68/><W79/><G63/><T83/><D83/><U86/><E86/><V70/><F132/><W97/><G43/><T9/><REACH who="0" step="1"/><D3/><REACH who="0" ten="235,170,243,342" step="2"/><U38/><E112/><V110/><F105/><W17/><G48/><T64/><D64/><U133/><E117/><V104/><F104/><W34/><G53/><T16/><D16/><U107/><E18/><V84/><F84/><W87/><G17/><T111/><D111/><U69/><E107/><V54/><F82/><W103/><G97/><T88/><D88/><U62/><E134/><V28/><F50/><W32/><G90/><T45/><D45/><U1/><E133/><V123/><F54/><W59/><G98/><T4/><D4/><U91/><E91/><V94/><F110/><W72/><G87/><T131/><D131/><U22/><E1/><V115/><F5/><W47/><G47/><T77/><D77/><U95/><E95/><V61/><F7/><W122/><G103/><T40/><D40/><U29/><E73/><V30/><F115/><W42/><G80/><T129/><D129/><RYUUKYOKU ba="0,1" sc="235,30,170,-10,243,-10,342,-10" hai0="2,6,9,25,33,44,51,52,92,99,102,125,127" /><INIT seed="4,1,1,1,3,95" ten="265,160,233,332" oya="0" hai0="41,62,90,10,54,76,93,67,72,46,85,11,133" hai1="43,75,6,118,40,34,29,134,111,50,92,83,79" hai2="108,17,49,105,36,127,119,117,48,20,103,44,39" hai3="65,112,128,116,59,86,19,109,122,69,32,91,52"/><T60/><D133/><U13/><E111/><V84/><F108/><W21/><G109/><T42/><D72/><U114/><E118/><N who="2" m="45067" /><F127/><W87/><G116/><T107/><D107/><U131/><E134/><V77/><F49/><W99/><G32/><T126/><D76/><U37/><E37/><V27/><F105/><W104/><G112/><T12/><D126/><U51/><E29/><V30/><F103/><W130/><G122/><T81/><D81/><U96/><E34/><V82/><F30/><W115/><G115/><T16/><D10/><U101/><E114/><V135/><F135/><W97/><G65/><T18/><D18/><U61/><E61/><V132/><F132/><W25/><G69/><T8/><D8/><U124/><E124/><V98/><F98/><N who="3" m="37387" /><G91/><T7/><D7/><U2/><E6/><V38/><F36/><W45/><G45/><T94/><D94/><U47/><E92/><V129/><F129/><N who="3" m="49771" /><G104/><T15/><D46/><U58/><E47/><V78/><F77/><W28/><G28/><T74/><D67/><U123/><E79/><V3/><F3/><W64/><G64/><T110/><D110/><U71/><E2/><V57/><F57/><W4/><G4/><T33/><D33/><U24/><E58/><V5/><F5/><W14/><G25/><T23/><D90/><U55/><E71/><V26/><F27/><W106/><G106/><T31/><D31/><U66/><E24/><V68/><F68/><W73/><G73/><T56/><D74/><U88/><E131/><V89/><F89/><W102/><G102/><T121/><D56/><RYUUKYOKU ba="1,1" sc="265,-15,160,-15,233,15,332,15" hai2="17,20,26,38,39,44,48,78,82,84" hai3="14,19,21,52,59,86,87" /><INIT seed="5,2,1,3,2,114" ten="250,145,248,347" oya="1" hai0="72,10,134,25,100,106,70,21,11,19,99,83,39" hai1="128,13,53,12,54,116,130,81,125,18,104,27,59" hai2="0,48,121,135,95,9,36,24,5,55,22,80,58" hai3="74,17,1,37,92,14,82,131,65,103,44,2,60"/><U108/><E104/><V64/><F135/><W31/><G131/><N who="1" m="50218" /><E116/><V86/><F121/><W7/><G31/><T42/><D70/><U62/><E125/><V38/><F95/><W133/><G133/><T45/><REACH who="0" step="1"/><D134/><REACH who="0" ten="240,145,248,347" step="2"/><U35/><E108/><V127/><F127/><W117/><G117/><T33/><D33/><U109/><E109/><V20/><F64/><W26/><G65/><T71/><D71/><U98/><E35/><V29/><REACH who="2" step="1"/><F20/><REACH who="2" ten="240,145,238,347" step="2"/><W112/><G112/><T6/><D6/><U76/><E81/><V96/><F96/><W132/><G7/><T111/><D111/><U43/><E98/><V67/><F67/><W84/><G132/><T102/><D102/><U123/><E123/><V89/><AGARI ba="2,3" hai="0,5,9,22,24,29,36,38,48,55,58,80,86,89" machi="89" ten="20,2700,0" yaku="1,1,0,1,7,1,53,0" doraHai="114" doraHaiUra="90" who="2" fromWho="2" sc="240,-9,145,-15,238,63,347,-9" /><INIT seed="6,0,0,5,3,14" ten="231,130,301,338" oya="2" hai0="79,94,130,96,93,34,66,119,36,135,86,30,58" hai1="83,91,7,99,37,47,62,87,129,57,15,41,102" hai2="85,32,113,118,61,20,77,13,131,128,2,78,17" hai3="1,8,111,110,63,97,112,45,121,90,101,21,74"/><V43/><F118/><W46/><G121/><T123/><D123/><U51/><E129/><N who="2" m="49739" /><F113/><W35/><G35/><T6/><D36/><U44/><E7/><V24/><F2/><W108/><G74/><T25/><D130/><U48/><E47/><V105/><F105/><W80/><G112/><T59/><D135/><U12/><E51/><V100/><F100/><W127/><G127/><T29/><D29/><U23/><E37/><V98/><F98/><W117/><G117/><T120/><D120/><U64/><REACH who="1" step="1"/><E23/><REACH who="1" ten="231,120,301,338" step="2"/><V88/><F61/><W18/><G21/><T50/><D6/><U11/><E11/><V115/><F115/><W73/><G63/><T107/><D119/><U109/><E109/><V106/><F106/><AGARI ba="0,1" hai="12,15,41,44,48,57,62,64,83,87,91,99,102,106" machi="106" ten="30,2000,0" yaku="1,1,7,1,53,0" doraHai="14" doraHaiUra="69" who="1" fromWho="2" sc="231,0,120,30,301,-20,338,0" /><INIT seed="7,0,0,4,1,110" ten="231,150,281,338" oya="3" hai0="53,88,72,49,91,128,82,31,109,62,14,35,13" hai1="101,65,103,27,24,20,44,132,74,127,3,9,4" hai2="42,48,59,38,135,6,11,68,70,33,80,129,117" hai3="10,85,71,8,96,28,131,83,22,116,69,7,133"/><W126/><G116/><T122/><D109/><U30/><E74/><V58/><F117/><W60/><G131/><T26/><D122/><U115/><E65/><V105/><F105/><W87/><G133/><T52/><D128/><U16/><E44/><V0/><F135/><W112/><G96/><T111/><D111/><U46/><E46/><V113/><F129/><W61/><G22/><T89/><D62/><U57/><E132/><V97/><F38/><W84/><G28/><T104/><D104/><U29/><E57/><V50/><F113/><W125/><G112/><T67/><D67/><U119/><E119/><V100/><F33/><W121/><G83/><T66/><D66/><U98/><E127/><V56/><F80/><W23/><G23/><T92/><D53/><U43/><E43/><V54/><F42/><W64/><G64/><T21/><D35/><U114/><E103/><V32/><F32/><W1/><G10/><T47/><REACH who="0" step="1"/><D92/><REACH who="0" ten="221,150,281,338" step="2"/><U55/><E55/><V18/><F54/><W15/><G61/><T2/><D2/><U73/><E73/><V5/><F0/><W108/><G60/><T78/><AGARI ba="0,1" hai="13,14,21,26,31,47,49,52,72,78,82,88,89,91" machi="78" ten="30,8000,1" yaku="1,1,0,1,54,2,53,1" doraHai="110" doraHaiUra="106" who="0" fromWho="0" sc="221,90,150,-20,281,-20,338,-40" owari="311,41.1,130,-37.0,261,-13.9,298,9.8" /></mjloggm>