<mjloggm ver="2.3"><GO type="169" lobby="0"/><UN n0="%E5%A4%9A%E6%91%A9%E3%82%BD%E3%83%BC%E3%82%B8" n1="%68%69%72%61%6A%75%6E" n2="%41%4C%50%45%52%49%4E" n3="%68%61%6B%75%30%37" dan="17,16,16,18" rate="2226.70,2047.80,2126.22,2197.79" sx="M,M,M,M"/><TAIKYOKU oya="0"/><INIT seed="0,0,0,0,0,131" ten="250,250,250,250" oya="0" hai0="106,101,29,108,92,120,105,129,113,45,65,18,38" hai1="111,23,63,27,34,87,68,19,31,77,80,25,102" hai2="12,118,122,62,124,78,56,125,79,50,43,82,60" hai3="41,49,8,16,17,76,37,97,1,89,75,98,4"/><T0/><D113/><U86/><E111/><V22/><F122/><W117/><G117/><T70/><D120/><U15/><E102/><V10/><F118/><W5/><G49/><T46/><D0/><U121/><E121/><V9/><F22/><W47/><G4/><T88/><D129/><U55/><E87/><V36/><F36/><W71/><G71/><T53/><D108/><U112/><E112/><V66/><F60/><W51/><G51/><T119/><D119/><U91/><E68/><V93/><F93/><N who="3" m="56495" /><G98/><T3/><D3/><U127/><E127/><V115/><F115/><W30/><G30/><T54/><D101/><U57/><REACH who="1" step="1"/><E27/><REACH who="1" ten="250,240,250,250" step="2"/><V6/><F125/><W134/><G134/><T48/><D70/><U90/><AGARI ba="0,1" hai="15,19,23,25,31,34,55,57,63,77,80,86,90,91" machi="90" ten="30,7900,0" yaku="1,1,2,1,0,1,53,1" doraHai="131" doraHaiUra="28" who="1" fromWho="1" sc="250,-39,240,89,250,-20,250,-20" /><BYE who="0" /><INIT seed="1,0,0,4,4,34" ten="211,329,230,230" oya="1" hai0="20,32,44,89,24,17,60,124,81,39,121,77,108" hai1="80,72,30,83,69,40,106,38,123,27,126,53,13" hai2="90,91,15,66,48,0,85,26,42,46,57,82,7" hai3="73,102,130,18,25,86,29,58,31,50,55,49,100"/><U97/><E123/><UN n0="%E5%A4%9A%E6%91%A9%E3%82%BD%E3%83%BC%E3%82%B8" /><V131/><F131/><W64/><G73/><T67/><D108/><U125/><E69/><V115/><F115/><W23/><G130/><T105/><D124/><U70/><E70/><V33/><F33/><W133/><G133/><T56/><D121/><U94/><E13/><V87/><F15/><W36/><G36/><T52/><D105/><U14/><E14/><V101/><F101/><N who="3" m="39019" /><G64/><T113/><D113/><U120/><E120/><V74/><F74/><W95/><G49/><T96/><D32/><U78/><E106/><V22/><F57/><W79/><G95/><T16/><D17/><U98/><E83/><AGARI ba="0,0" hai="18,23,25,29,31,50,55,58,79,83,86" m="39019" machi="83" ten="30,1000,0" yaku="8,1" doraHai="34" who="3" fromWho="1" sc="211,0,329,-10,230,0,230,10" /><INIT seed="2,0,0,1,4,25" ten="211,319,230,240" oya="2" hai0="82,15,109,111,33,102,4,62,3,110,56,0,76" hai1="105,131,31,91,58,43,88,67,28,122,5,35,130" hai2="81,79,65,26,10,66,90,48,20,95,45,63,73" hai3="98,60,70,87,134,44,118,84,1,18,112,41,50"/><V9/><F48/><W74/><G74/><T94/><D33/><U120/><E105/><V19/><F45/><W104/><G118/><T16/><D4/><U108/><E108/><V127/><F127/><W126/><G1/><T8/><D94/><U101/><E101/><V13/><F63/><W40/><G134/><T78/><D102/><U23/><E5/><V116/><F116/><W11/><G126/><T24/><D24/><N who="1" m="16415" /><E43/><V30/><REACH who="2" step="1"/><F9/><REACH who="2" ten="211,319,220,240" step="2"/><W77/><G11/><T107/><D107/><U39/><E39/><V27/><F27/><W124/><G50/><T129/><D129/><U119/><E119/><V86/><AGARI ba="0,1" hai="10,13,19,20,26,30,65,66,73,79,81,86,90,95" machi="86" ten="20,7800,0" yaku="1,1,0,1,7,1,52,1,53,0" doraHai="25" doraHaiUra="96" who="2" fromWho="2" sc="211,-26,319,-26,220,88,240,-26" /><INIT seed="2,1,0,4,5,48" ten="185,293,308,214" oya="2" hai0="85,84,99,101,66,133,51,1,45,60,112,98,74" hai1="135,22,91,106,113,79,47,63,104,25,90,117,58" hai2="70,19,13,15,130,72,12,80,52,69,89,40,11" hai3="116,83,105,3,27,29,128,76,4,93,5,30,6"/><V34/><F34/><W73/><G105/><T127/><D112/><U2/><E113/><V23/><F40/><W122/><G116/><T100/><D74/><U56/><E117/><V121/><F121/><W43/><G122/><T97/><D1/><U57/><E135/><V41/><F41/><W124/><G128/><T20/><D133/><U95/><E2/><V54/><F130/><W42/><G124/><T32/><D32/><U37/><E79/><V131/><F131/><W26/><G3/><T86/><D20/><U53/><E37/><V120/><F120/><W18/><G18/><T14/><D14/><U82/><E106/><V108/><F108/><W67/><G67/><T129/><D127/><U125/><E104/><V31/><F70/><W55/><G93/><T132/><D132/><U17/><E47/><V71/><F71/><W7/><N who="3" m="1024" /><DORA hai="36" /><W62/><G26/><T94/><D94/><U78/><E125/><V81/><F69/><W50/><G62/><T0/><D0/><U21/><E21/><V24/><F72/><W123/><G123/><T28/><D28/><U8/><E8/><V35/><F81/><W33/><REACH who="3" step="1"/><G29/><REACH who="3" ten="185,293,308,204" step="2"/><T109/><D129/><U59/><REACH who="1" step="1"/><E95/><REACH who="1" ten="185,283,308,204" step="2"/><V64/><F11/><W134/><G134/><T10/><D10/><U111/><E111/><V44/><F80/><W38/><G38/><T75/><D109/><U88/><E88/><V87/><F89/><W103/><G103/><T68/><REACH who="0" step="1"/><D75/><AGARI ba="1,2" hai="17,22,25,53,56,57,58,59,63,75,78,82,90,91" machi="75" ten="40,2600,0" yaku="1,1,52,1,53,0" doraHai="48,36" doraHaiUra="126,61" who="1" fromWho="0" sc="185,-29,283,49,308,0,204,0" /><INIT seed="3,0,0,1,4,88" ten="156,332,308,204" oya="3" hai0="8,76,20,62,105,96,6,83,110,33,82,25,77" hai1="2,120,80,11,94,79,87,102,44,26,122,86,119" hai2="12,65,38,57,4,129,117,64,104,43,99,45,114" hai3="111,0,115,72,121,128,18,66,28,7,84,134,89"/><W21/><G115/><T35/><D110/><U71/><E71/><V53/><F114/><W16/><G121/><N who="1" m="46698" /><E44/><V1/><F117/><W61/><G72/><T19/><D62/><U59/><E59/><V133/><F133/><W69/><G134/><T30/><D105/><U93/><E26/><V36/><F129/><W46/><G128/><T70/><D70/><U32/><E32/><V98/><F36/><W27/><G111/><T106/><D106/><U47/><E47/><V5/><F1/><W91/><G91/><T92/><D77/><U126/><E11/><V3/><F3/><W50/><G7/><T132/><D132/><U125/><E2/><V131/><F131/><W40/><REACH who="3" step="1"/><G0/><REACH who="3" ten="156,332,308,194" step="2"/><T103/><D76/><U58/><E119/><V109/><F109/><W85/><G85/><T118/><D118/><U127/><E87/><V135/><F135/><W123/><G123/><T24/><REACH who="0" step="1"/><D35/><REACH who="0" ten="146,332,308,194" step="2"/><U55/><E102/><V97/><F104/><W116/><G116/><T60/><D60/><AGARI ba="0,2" hai="55,58,60,79,80,86,93,94,125,126,127" m="46698" machi="60" ten="40,5200,0" yaku="18,1,52,2" doraHai="88" who="1" fromWho="0" sc="146,-52,332,72,308,0,194,0" /><INIT seed="4,0,0,1,0,35" ten="94,404,308,194" oya="0" hai0="94,73,29,65,70,103,110,117,130,79,72,62,69" hai1="88,47,27,89,93,111,55,75,3,134,74,125,9" hai2="104,23,12,52,126,84,53,109,71,43,112,22,14" hai3="39,33,61,13,76,45,133,95,16,108,6,57,99"/><T32/><D117/><U50/><E111/><V78/><F71/><W82/><G108/><T91/><D110/><U0/><E125/><V48/><F104/><W119/><G33/><T49/><D130/><U34/><E134/><V44/><F109/><W90/><G119/><T51/><D103/><U132/><E132/><V80/><F126/><W63/><G6/><T81/><D73/><U58/><E75/><V101/><F101/><W118/><G118/><T116/><D116/><U92/><E74/><V113/><F113/><W97/><G133/><T135/><D69/><U87/><E9/><V122/><F122/><W129/><G129/><T2/><D2/><U41/><E27/><V86/><F112/><W123/><G97/><T54/><D135/><U8/><E8/><V127/><F127/><W77/><G61/><T128/><D128/><U60/><E34/><V26/><F86/><AGARI ba="0,0" hai="0,3,41,47,50,55,58,60,86,87,88,89,92,93" machi="86" ten="30,8000,1" yaku="7,1,9,1,52,2,54,1" doraHai="35" who="1" fromWho="2" sc="94,0,404,80,308,-80,194,0" /><INIT seed="5,0,0,2,2,88" ten="94,484,228,194" oya="1" hai0="82,70,78,93,113,28,74,61,89,131,24,30,68" hai1="47,96,116,56,99,9,54,117,127,66,80,110,98" hai2="69,76,36,53,23,64,111,135,7,92,94,51,118" hai3="41,106,21,90,133,126,108,79,130,11,43,31,83"/><U29/><E127/><V55/><F118/><W1/><G108/><T0/><D113/><U125/><E125/><V60/><F36/><W97/><G126/><T124/><D124/><U15/><E110/><V115/><F111/><W22/><G133/><T45/><D131/><U20/><E80/><V122/><F122/><W42/><G130/><T2/><D28/><U103/><E47/><V128/><F128/><W87/><G31/><T35/><D45/><U6/><E66/><V75/><F115/><W44/><G44/><T62/><D62/><U71/><E71/><V12/><F135/><W107/><G107/><T72/><D74/><U114/><E114/><V132/><F132/><W48/><G48/><T101/><D101/><U25/><REACH who="1" step="1"/><E103/><REACH who="1" ten="94,474,228,194" step="2"/><V84/><F69/><W59/><G83/><T58/><D70/><U109/><E109/><V67/><F64/><W18/><G59/><T77/><D68/><U8/><E8/><V33/><F67/><W129/><G11/><T10/><D10/><U37/><E37/><V13/><F55/><W81/><G129/><T121/><D121/><U34/><E34/><V57/><F53/><W104/><G41/><T134/><D134/><U5/><E5/><V100/><F7/><W119/><G42/><T4/><D4/><U65/><E65/><V16/><F100/><W27/><G43/><T3/><D78/><U17/><E17/><V40/><F76/><W105/><G79/><T32/><D32/><U52/><E52/><V102/><F40/><W39/><G39/><T123/><D123/><U50/><AGARI ba="0,1" hai="6,9,15,20,25,29,50,54,56,96,98,99,116,117" machi="50" ten="30,3000,0" yaku="1,1,0,1,53,0" doraHai="88" doraHaiUra="85" who="1" fromWho="1" sc="94,-10,474,40,228,-10,194,-10" /><INIT seed="5,1,0,1,3,45" ten="84,514,218,184" oya="1" hai0="110,20,75,72,115,23,57,40,51,62,130,91,32" hai1="135,34,39,114,38,126,33,55,54,25,7,16,104" hai2="4,106,18,13,3,121,94,60,58,87,0,17,127" hai3="71,90,5,132,125,102,30,53,109,111,73,68,1"/><U85/><E104/><V80/><F106/><W14/><G1/><T119/><D119/><U65/><E65/><V70/><F121/><W95/><G73/><T36/><D110/><U84/><E7/><V26/><F127/><W59/><G102/><T44/><D32/><U81/><E135/><V128/><F70/><W92/><G30/><T19/><D115/><U129/><E129/><V35/><F94/><W79/><G79/><T112/><D112/><U133/><E133/><V108/><F108/><W101/><G132/><T12/><D130/><U86/><E114/><V107/><F107/><W98/><G125/><T29/><D36/><U74/><E126/><V31/><F4/><W41/><G41/><T120/><D120/><U64/><E64/><V66/><F18/><W61/><G111/><T123/><D123/><U118/><E118/><V69/><F69/><W63/><G63/><T2/><D2/><U42/><E74/><V96/><F96/><W22/><G109/><T24/><REACH who="0" step="1"/><D91/><REACH who="0" ten="74,514,218,184" step="2"/><U8/><E39/><V88/><F128/><W56/><G90/><T134/><D134/><U122/><E38/><V47/><F47/><W100/><G100/><T83/><D83/><U116/><E81/><V49/><F49/><W97/><G101/><T78/><D78/><U28/><E34/><V10/><AGARI ba="1,1" hai="0,3,10,13,17,26,31,35,58,60,66,80,87,88" machi="10" ten="20,2700,0" yaku="0,1,7,1,54,1" doraHai="45" who="2" fromWho="2" sc="74,-8,514,-14,218,40,184,-8" /><INIT seed="6,0,0,3,5,102" ten="66,500,258,176" oya="2" hai0="16,98,93,74,30,27,54,56,126,127,11,96,79" hai1="50,132,60,34,59,37,0,134,1,12,97,38,57" hai2="125,8,39,32,24,47,2,25,128,22,121,62,42" hai3="105,23,49,64,94,116,95,51,10,71,90,20,99"/><V31/><F121/><W100/><G116/><T67/><D67/><U109/><E109/><V78/><F128/><W29/><G71/><T73/><D30/><U21/><E34/><V92/><F125/><W88/><G64/><T82/><D73/><U84/><E97/><V17/><F92/><W46/><G29/><T114/><D114/><U123/><E123/><V48/><F62/><W3/><G3/><T70/><D70/><U45/><E84/><V14/><F78/><W4/><G105/><T110/><D110/><U72/><E72/><V26/><REACH who="2" step="1"/><F39/><REACH who="2" ten="66,500,248,176" step="2"/><W133/><G94/><T131/><D131/><U13/><E60/><V112/><F112/><W68/><G95/><T18/><D98/><U118/><E38/><V41/><F41/><W113/><G113/><T85/><D127/><U124/><E37/><V91/><F91/><W6/><G99/><T52/><D126/><U108/><E124/><V83/><F83/><W111/><G90/><T43/><D43/><U115/><E115/><V129/><F129/><W66/><G111/><T89/><D96/><U120/><E108/><V87/><F87/><W122/><G122/><T81/><D81/><U53/><E120/><V119/><F119/><W107/><G88/><T130/><D130/><U80/><E80/><V75/><F75/><W15/><G100/><T63/><D54/><U103/><E53/><V36/><F36/><W55/><G55/><T77/><D77/><U101/><E101/><V69/><F69/><W19/><G68/><T61/><D52/><U65/><E103/><V106/><F106/><W35/><G107/><RYUUKYOKU ba="0,1" sc="66,-10,500,-10,248,30,176,-10" hai2="2,8,14,17,22,24,25,26,31,32,42,47,48" /><INIT seed="6,1,1,2,3,63" ten="56,490,278,166" oya="2" hai0="131,14,106,115,11,50,66,67,119,72,68,20,62" hai1="77,37,65,116,36,56,133,73,21,107,79,6,53" hai2="33,41,83,35,85,88,112,4,104,110,130,70,58" hai3="82,120,80,17,24,108,134,49,19,94,117,90,93"/><V123/><F123/><W61/><G117/><T81/><D106/><U45/><E116/><V26/><F70/><W64/><G120/><T60/><D119/><U124/><E107/><V2/><F104/><W12/><G108/><T135/><D115/><U75/><E6/><V5/><F112/><W128/><G134/><T48/><D131/><U8/><E8/><V100/><F100/><W103/><G128/><T47/><D135/><U46/><E21/><V10/><F130/><W102/><G49/><T91/><D20/><U15/><E15/><V16/><F110/><W101/><G24/><T111/><D111/><U31/><E31/><V3/><F41/><W44/><G44/><T22/><D22/><U113/><E53/><V74/><F74/><W97/><G93/><T52/><D48/><U42/><E56/><V86/><F58/><N who="3" m="36919" /><G17/><T57/><D91/><U34/><E124/><V126/><F126/><W28/><G28/><T84/><D72/><U39/><E34/><V125/><F125/><W23/><AGARI ba="1,1" hai="12,19,23,80,82,90,94,97,101,102,103" m="36919" machi="23" ten="30,2000,0" yaku="8,1,52,1" doraHai="63" who="3" fromWho="3" sc="56,-6,490,-6,278,-11,166,33" /><INIT seed="7,0,0,2,2,84" ten="50,484,267,199" oya="3" hai0="122,110,82,134,83,5,131,126,6,36,15,63,114" hai1="14,9,44,129,104,46,79,19,42,0,73,98,10" hai2="108,103,48,70,20,28,112,94,27,109,72,77,61" hai3="85,57,116,60,16,13,66,111,7,34,119,97,64"/><W24/><G111/><T68/><D36/><U17/><E129/><V93/><F112/><W127/><G127/><T49/><D68/><U45/><E104/><V51/><F72/><W105/><G7/><T62/><D49/><U120/><E98/><V30/><F77/><W4/><G4/><T32/><D32/><U96/><E96/><V118/><F118/><W43/><G43/><T115/><D15/><U90/><E90/><V2/><F2/><W71/><G64/><T117/><D110/><U80/><E120/><V1/><F1/><W59/><G59/><T3/><D3/><U86/><E73/><V133/><F20/><W91/><G71/><T128/><D126/><U113/><E113/><V50/><F27/><W11/><G24/><T35/><D35/><U100/><E100/><V99/><F133/><W23/><G23/><T65/><D65/><U102/><E102/><V89/><F61/><W22/><G22/><T101/><D101/><U123/><E123/><V87/><F70/><W53/><G34/><T25/><D25/><U18/><E0/><V106/><F106/><W40/><G40/><T12/><D12/><N who="1" m="7311" /><E18/><V56/><F109/><W37/><G37/><T74/><D74/><U33/><E33/><V88/><F108/><W92/><G66/><T95/><D95/><U55/><E42/><V78/><F103/><W39/><G39/><T52/><D134/><U75/><E75/><V124/><F124/><W130/><G92/><T121/><REACH who="0" step="1"/><D117/><REACH who="0" ten="40,484,267,199" step="2"/><U132/><E19/><V69/><F94/><N who="3" m="56543" /><G119/><T67/><D67/><U54/><E132/><V81/><F69/><RYUUKYOKU ba="0,1" sc="40,15,484,15,267,-15,199,-15" hai0="5,6,52,62,63,82,83,114,115,121,122,128,131" hai1="10,14,44,45,46,54,55,79,80,86" owari="55,-44.5,509,60.9,252,5.2,184,-21.6" /></mjloggm>