<mjloggm ver="2.3"><GO type="169" lobby="0"/><UN n0="%E9%9B%B2%E3%81%AE%E3%83%95%E3%83%89%E3%82%A6" n1="%E3%81%AA%E3%81%8C%E3%81%95%E3%82%8F%E3%81%BE%E3%81%95%E3%81%BF" n2="%65%76%31%36%33%38%34" n3="%E3%82%B8%E3%83%A7%E3%83%8B%E3%83%B2" dan="16,16,17,16" rate="2066.31,2067.60,2158.44,2122.88" sx="M,F,M,M"/><TAIKYOKU oya="0"/><INIT seed="0,0,0,3,0,133" ten="250,250,250,250" oya="0" hai0="45,117,20,59,6,86,41,0,2,58,12,105,21" hai1="104,94,64,95,52,49,60,78,18,89,51,74,56" hai2="122,42,129,91,23,77,29,1,96,27,73,120,114" hai3="70,36,26,44,4,54,3,80,72,33,37,32,71"/><T15/><D105/><U79/><E104/><V63/><F114/><W128/><G54/><T48/><D117/><U82/><E79/><V113/><F113/><W111/><G111/><T19/><D86/><U98/><E18/><V57/><F1/><W115/><G115/><T55/><D58/><U62/><REACH who="1" step="1"/><E94/><REACH who="1" ten="250,240,250,250" step="2"/><V46/><F77/><W66/><G128/><T9/><REACH who="0" step="1"/><D21/><REACH who="0" ten="240,240,250,250" step="2"/><U126/><E126/><V97/><F23/><W112/><G112/><T16/><D16/><U61/><E61/><AGARI ba="0,2" hai="0,2,6,9,12,15,19,20,41,45,48,55,59,61" machi="61" ten="30,2900,0" yaku="1,1,7,1,53,0" doraHai="133" doraHaiUra="67" who="0" fromWho="1" sc="240,49,240,-29,250,0,250,0" /><INIT seed="0,1,0,5,5,27" ten="289,211,250,250" oya="0" hai0="44,84,113,93,94,75,130,28,50,66,119,72,101" hai1="71,97,41,42,45,67,125,68,85,39,24,110,9" hai2="5,104,129,115,70,90,49,103,120,31,134,37,34" hai3="52,12,21,135,121,118,36,59,57,86,69,107,14"/><T17/><D113/><U38/><E110/><V124/><RYUUKYOKU type="yao9" ba="1,0" sc="289,0,211,0,250,0,250,0" hai2="5,31,34,37,49,70,90,103,104,115,120,124,129,134" /><INIT seed="0,2,0,2,2,118" ten="289,211,250,250" oya="0" hai0="108,28,68,79,86,121,134,114,129,130,116,35,12" hai1="44,128,32,25,98,11,61,83,120,1,110,17,125" hai2="99,78,15,16,135,109,30,23,53,48,54,73,14" hai3="50,112,42,58,52,87,2,92,36,51,107,123,33"/><T55/><D114/><U26/><E44/><V4/><F109/><W19/><G107/><T66/><D116/><U8/><E61/><V63/><F135/><W6/><G112/><T117/><D117/><U65/><E65/><V122/><F73/><W13/><G33/><T59/><D12/><N who="1" m="7303" /><E83/><V75/><F75/><W10/><G36/><T76/><D134/><U105/><E98/><V37/><F37/><W41/><G51/><T56/><D86/><U62/><E62/><V7/><F30/><W20/><G123/><T39/><D39/><U45/><E45/><V18/><F122/><W95/><G95/><T81/><D121/><U3/><E105/><V113/><F78/><N who="0" m="29738" /><D81/><U115/><E120/><V9/><F113/><W22/><REACH who="3" step="1"/><G20/><REACH who="3" ten="289,211,250,240" step="2"/><T132/><D35/><U70/><E115/><V46/><F99/><W96/><G96/><T97/><D97/><U100/><E32/><V31/><REACH who="2" step="1"/><F31/><REACH who="2" ten="289,211,240,240" step="2"/><W84/><G84/><T93/><D28/><U72/><E72/><V94/><F94/><W88/><AGARI ba="2,2" hai="2,6,10,13,19,22,41,42,50,52,58,87,88,92" machi="88" ten="30,12000,2" yaku="1,1,0,1,25,2,54,2,53,1" doraHai="118" doraHaiUra="91" who="3" fromWho="3" sc="289,-62,211,-32,240,-32,240,146" /><INIT seed="1,0,0,1,5,100" ten="227,179,208,386" oya="1" hai0="80,111,133,8,126,81,76,61,21,83,122,17,121" hai1="67,11,39,68,33,128,53,46,69,16,108,96,73" hai2="129,132,31,19,60,7,86,52,127,125,38,48,104" hai3="36,112,57,6,72,20,1,97,89,119,131,47,9"/><U27/><E128/><V120/><F38/><W92/><G112/><T51/><D111/><U50/><E73/><V74/><F74/><W35/><G35/><T3/><D133/><U71/><E108/><V116/><F116/><W30/><G72/><T79/><D61/><U84/><E39/><V123/><F31/><W109/><G109/><T106/><D106/><U43/><E96/><V44/><F7/><W75/><G75/><T24/><D51/><U0/><E84/><V5/><F5/><W59/><G131/><T99/><D99/><U105/><E105/><V90/><F104/><W124/><G124/><N who="2" m="47689" /><F129/><W98/><G119/><T101/><D101/><U130/><E0/><V13/><F60/><W115/><G115/><T94/><D94/><U32/><E130/><V42/><F42/><W87/><G98/><T63/><D63/><U56/><E43/><V10/><F132/><W102/><G36/><T40/><D40/><U25/><E33/><V49/><F49/><W34/><G34/><T77/><D126/><U2/><E2/><V118/><F118/><W88/><G47/><T28/><D3/><U95/><E46/><V41/><F41/><W66/><G66/><T14/><AGARI ba="0,0" hai="8,14,17,21,24,28,76,77,79,80,81,83,121,122" machi="14" ten="40,1500,0" yaku="0,1" doraHai="100" who="0" fromWho="0" sc="227,15,179,-7,208,-4,386,-4" /><INIT seed="2,0,0,1,2,93" ten="242,172,204,382" oya="2" hai0="106,83,60,49,134,101,88,91,120,35,80,47,41" hai1="11,12,104,117,76,63,18,59,130,43,28,125,58" hai2="74,0,121,79,21,33,44,135,99,97,19,87,23" hai3="24,81,129,116,61,29,105,100,102,90,70,98,26"/><V52/><F121/><W69/><G116/><T123/><D35/><U8/><E117/><V68/><F33/><W131/><G26/><T118/><D118/><U7/><E130/><N who="3" m="49674" /><G102/><T65/><D134/><U1/><E125/><V75/><F0/><W95/><G81/><T67/><D67/><U86/><E104/><V114/><F68/><W4/><G4/><T77/><D83/><U85/><E43/><V34/><F34/><N who="3" m="20775" /><G61/><T42/><D120/><U132/><E132/><V115/><F135/><W57/><G57/><T84/><D123/><U13/><E28/><V15/><F75/><W108/><G108/><T96/><REACH who="0" step="1"/><D42/><REACH who="0" ten="232,172,204,382" step="2"/><U50/><E76/><V66/><F79/><W14/><G14/><T109/><D109/><U82/><E82/><V94/><F15/><W48/><G48/><T73/><D73/><U40/><E40/><V110/><F74/><W6/><G6/><T27/><D27/><U111/><E111/><V39/><F110/><W126/><G126/><T64/><D64/><N who="1" m="39031" /><E1/><V72/><F66/><W3/><G3/><T55/><D55/><AGARI ba="0,1" hai="7,8,11,12,13,18,50,55,59,85,86" m="39031" machi="55" ten="30,1000,0" yaku="8,1" doraHai="93" who="1" fromWho="0" sc="232,-10,172,20,204,0,382,0" /><INIT seed="3,0,0,4,5,35" ten="222,192,204,382" oya="3" hai0="78,57,97,88,106,111,60,108,91,121,128,85,84" hai1="131,66,86,1,102,119,20,31,54,56,47,59,129" hai2="3,38,15,99,16,123,124,0,26,37,104,55,33" hai3="32,75,13,115,2,72,98,30,21,42,44,23,48"/><W36/><G115/><T67/><D121/><U46/><E102/><V22/><F123/><W8/><G32/><T96/><D78/><U40/><E86/><N who="0" m="33385" /><D106/><U83/><E83/><V95/><F104/><W18/><G36/><T94/><D57/><U70/><E20/><V77/><F77/><W69/><G69/><T126/><D67/><U82/><E31/><V4/><F124/><W135/><G135/><T27/><D27/><U41/><E82/><V17/><F55/><W134/><G134/><T9/><D9/><U89/><E89/><N who="0" m="34377" /><D60/><N who="1" m="40263" /><E1/><V5/><F38/><W101/><G23/><T64/><D64/><U125/><E125/><V113/><F37/><W112/><G112/><T39/><D39/><N who="1" m="21791" /><E119/><V34/><F95/><W14/><G2/><N who="2" m="553" /><F99/><N who="0" m="37962" /><D126/><U19/><E41/><V80/><F80/><W114/><G114/><T49/><D49/><N who="1" m="28991" /><E19/><V105/><F105/><W122/><G122/><T73/><D94/><U116/><E116/><V7/><F113/><W110/><G18/><T120/><D120/><U6/><E6/><V28/><F17/><W61/><G42/><T87/><N who="0" m="33393" /><T81/><DORA hai="132" /><D128/><AGARI ba="0,0" hai="56,59,128,129,131" m="28991,21791,40263" machi="128" ten="30,3900,0" yaku="19,1,34,2" doraHai="35,132" who="1" fromWho="0" sc="222,-39,192,39,204,0,382,0" /><INIT seed="4,0,0,4,4,26" ten="183,231,204,382" oya="0" hai0="42,58,38,95,10,3,62,93,82,72,83,30,71" hai1="77,63,132,29,35,41,125,74,68,13,14,80,86" hai2="44,114,123,116,47,111,87,117,81,55,39,21,1" hai3="134,50,122,104,108,61,48,23,45,16,97,18,96"/><T73/><D71/><U19/><E41/><V15/><F1/><W33/><G108/><T5/><D73/><U7/><E132/><V113/><F39/><W91/><G33/><T84/><D83/><U129/><E129/><V99/><F99/><W90/><G134/><T88/><D72/><U9/><E125/><V118/><F111/><W107/><G61/><T6/><D6/><U53/><E74/><V24/><F15/><W56/><G56/><T121/><D121/><U92/><E92/><V31/><F123/><W37/><G37/><T60/><D60/><U89/><E89/><N who="2" m="51439" /><F55/><W85/><G122/><T32/><D42/><U46/><E68/><V110/><F110/><W40/><G50/><T120/><D38/><U36/><E63/><V94/><F94/><W101/><G18/><T52/><REACH who="0" step="1"/><D120/><REACH who="0" ten="173,231,204,382" step="2"/><U69/><E69/><V127/><F127/><W4/><G4/><T119/><D119/><U130/><E36/><V70/><F70/><W0/><G40/><T59/><D59/><U34/><E7/><V112/><AGARI ba="0,1" hai="21,24,31,44,47,112,113,114,116,117,118" m="51439" machi="112" ten="40,5200,0" yaku="15,1,12,1,52,1" doraHai="26" who="2" fromWho="2" sc="173,-26,231,-13,204,62,382,-13" /><INIT seed="5,0,0,5,5,104" ten="147,218,266,369" oya="1" hai0="83,15,95,84,123,41,97,29,27,46,87,13,70" hai1="55,107,81,78,25,98,11,8,71,96,109,35,134" hai2="117,37,42,120,22,79,7,33,94,91,131,30,62" hai3="24,36,100,105,40,14,133,9,53,48,92,119,26"/><U64/><E134/><V23/><F33/><W85/><G133/><T39/><D70/><U67/><E109/><V38/><F79/><W1/><G1/><T44/><D123/><U21/><E35/><V101/><F101/><W59/><G119/><T69/><D69/><U114/><E114/><V0/><F7/><W51/><G36/><T112/><D112/><U54/><E107/><V115/><F0/><W32/><G105/><T6/><D46/><U106/><E106/><V80/><F80/><W89/><G100/><T88/><D6/><U34/><E34/><V135/><F62/><W75/><G75/><T128/><D128/><U17/><E71/><V5/><F5/><N who="3" m="3375" /><G32/><T4/><D4/><U52/><E8/><V77/><F38/><W58/><G40/><T20/><REACH who="0" step="1"/><D84/><REACH who="0" ten="137,218,266,369" step="2"/><N who="1" m="48183" /><E11/><V113/><F131/><W63/><G51/><T43/><D43/><U127/><E127/><V126/><F42/><W31/><G31/><T132/><D132/><U118/><E118/><V110/><F30/><W68/><G68/><T61/><D61/><U74/><E74/><V116/><F126/><W102/><G63/><T57/><D57/><U18/><E17/><V16/><F135/><W99/><G59/><T124/><D124/><U10/><E10/><V66/><F117/><W82/><AGARI ba="0,1" hai="24,26,48,53,58,82,85,89,92,99,102" m="3375" machi="82" ten="30,1100,0" yaku="8,1" doraHai="104" who="3" fromWho="3" sc="137,-3,218,-5,266,-3,369,21" /><INIT seed="6,0,0,3,0,105" ten="134,213,263,390" oya="2" hai0="63,95,51,21,130,50,87,91,61,5,101,72,59" hai1="43,44,40,112,132,124,45,106,14,9,47,96,121" hai2="84,32,46,10,119,31,118,128,19,2,17,73,82" hai3="85,98,58,108,24,103,102,93,27,41,92,75,3"/><V66/><F128/><W107/><G108/><T134/><D130/><U114/><E132/><V26/><F66/><W1/><G75/><T49/><D134/><U135/><E135/><V79/><F84/><W122/><G107/><T67/><D72/><U80/><E80/><V69/><F69/><W12/><G122/><T125/><D125/><U104/><E104/><V83/><F83/><W48/><G3/><T0/><D101/><N who="1" m="62759" /><E124/><V57/><F57/><W16/><G1/><T74/><D74/><U88/><E88/><V109/><F109/><W23/><G41/><T52/><D21/><U37/><E121/><V60/><F60/><W34/><G34/><T131/><D131/><U62/><E62/><V33/><F33/><W64/><G103/><T129/><D129/><U13/><E47/><V29/><F29/><W38/><G38/><T4/><REACH who="0" step="1"/><D0/><REACH who="0" ten="124,213,263,390" step="2"/><U120/><E120/><V111/><F111/><W99/><G23/><T78/><D78/><U86/><E40/><V81/><F2/><W76/><G76/><T94/><D94/><U110/><E43/><V6/><F79/><W8/><G93/><T39/><D39/><U42/><E42/><V117/><F73/><W20/><G92/><T71/><AGARI ba="0,1" hai="4,5,49,50,51,52,59,61,63,67,71,87,91,95" machi="71" ten="30,8000,1" yaku="1,1,0,1,54,1,53,2" doraHai="105" doraHaiUra="56" who="0" fromWho="0" sc="124,90,213,-20,263,-40,390,-20" /><INIT seed="7,0,0,5,2,23" ten="214,193,223,370" oya="3" hai0="54,84,34,123,15,10,119,99,114,76,131,18,33" hai1="40,104,20,82,6,111,108,120,68,41,69,118,103" hai2="52,36,128,132,48,56,63,13,80,0,101,106,58" hai3="11,19,62,44,73,75,1,24,81,50,109,126,135"/><W95/><G62/><T2/><D119/><U72/><E118/><V14/><F0/><W32/><G95/><T90/><D123/><U102/><E120/><V65/><F36/><W86/><G135/><T100/><D76/><U105/><E20/><V12/><F132/><W30/><G126/><T91/><D2/><U9/><E9/><V107/><F128/><W98/><G98/><T49/><D131/><U39/><E6/><V78/><REACH who="2" step="1"/><F101/><REACH who="2" ten="214,193,213,370" step="2"/><N who="1" m="38409" /><E39/><V113/><F113/><W129/><G129/><T8/><D100/><U27/><E27/><V35/><F35/><W77/><G24/><T17/><D114/><U66/><E66/><V134/><F134/><W46/><G1/><T125/><D34/><U45/><E45/><V31/><F31/><W57/><G30/><T42/><D33/><U116/><E116/><V4/><F4/><W3/><G46/><T97/><D125/><U61/><E61/><V25/><F25/><W74/><G44/><T94/><D17/><U53/><E53/><V115/><F115/><W117/><G19/><T112/><D112/><U60/><E60/><V71/><F71/><N who="1" m="27209" /><E40/><V28/><F28/><W37/><G3/><T55/><D55/><U79/><E41/><V124/><F124/><W64/><G37/><T51/><D54/><U127/><E127/><V47/><F47/><W22/><G32/><T16/><D42/><U96/><E105/><V59/><F59/><W133/><G57/><T67/><D67/><U110/><E104/><V43/><F43/><W21/><G133/><T29/><D29/><U121/><E121/><V7/><F7/><RYUUKYOKU ba="0,1" sc="214,-15,193,15,213,15,370,-15" hai1="72,79,82,96,108,110,111" hai2="12,13,14,48,52,56,58,63,65,78,80,106,107" owari="199,-30.1,208,-19.2,228,2.8,365,46.5" /></mjloggm>