<mjloggm ver="2.3"><GO type="169" lobby="0"/><UN n0="%E3%80%93%E6%96%B0%E5%AD%90%E6%86%A7%E3%80%93" n1="%6B%E3%81%AE" n2="%7A%6F%6F%31%39%36%34" n3="%6D%61%6A%75%6E%69%61" dan="16,17,18,16" rate="2108.00,2230.02,2284.74,2120.79" sx="F,M,M,M"/><TAIKYOKU oya="0"/><INIT seed="0,0,0,2,5,47" ten="250,250,250,250" oya="0" hai0="50,27,57,103,45,87,17,16,86,31,84,18,78" hai1="42,127,126,131,29,8,58,99,5,123,113,12,33" hai2="51,106,117,1,40,11,59,49,122,52,20,39,91" hai3="111,135,128,53,115,110,26,74,121,35,66,60,125"/><T90/><D103/><U25/><E42/><V61/><F122/><W37/><RYUUKYOKU type="yao9" ba="0,0" sc="250,0,250,0,250,0,250,0" hai3="26,35,37,53,60,66,74,110,111,115,121,125,128,135" /><INIT seed="0,1,0,2,3,1" ten="250,250,250,250" oya="0" hai0="124,67,93,4,12,2,29,63,69,56,59,25,101" hai1="84,34,86,53,64,118,28,68,76,66,3,73,80" hai2="42,83,48,135,49,132,15,37,9,81,125,79,7" hai3="10,54,31,134,108,8,35,58,44,130,65,47,55"/><T107/><D124/><U106/><E118/><V103/><F103/><W99/><G108/><T23/><D2/><U123/><E123/><V62/><F125/><W70/><G130/><T60/><D107/><U90/><E3/><V94/><F94/><W91/><G134/><N who="2" m="51241" /><F62/><W72/><G72/><T119/><D119/><U129/><E129/><V21/><F83/><W122/><G122/><T45/><D45/><U16/><E106/><V82/><F81/><W102/><G91/><T52/><D69/><U74/><E28/><V61/><F21/><W32/><G32/><T71/><D71/><U46/><E34/><V96/><F96/><W114/><G114/><T109/><D109/><U19/><E74/><N who="2" m="43383" /><F61/><W41/><G47/><AGARI ba="1,0" hai="7,9,15,37,42,47,48,49" m="43383,51241" machi="47" ten="30,2000,0" yaku="20,1,52,1" doraHai="1" who="2" fromWho="3" sc="250,0,250,0,250,23,250,-23" /><INIT seed="1,0,0,1,3,67" ten="250,250,273,227" oya="1" hai0="109,48,34,131,66,103,120,100,0,94,38,30,89" hai1="41,122,53,42,7,63,95,62,91,107,24,37,121" hai2="97,69,85,58,40,82,90,19,77,33,71,80,23" hai3="4,16,70,104,78,96,114,11,93,124,31,2,61"/><U99/><E7/><V113/><F33/><W12/><G114/><T43/><D38/><U15/><E15/><V135/><F113/><W14/><G124/><T60/><D0/><U28/><E107/><V6/><F135/><W129/><G129/><T134/><D131/><U8/><E8/><V5/><F40/><W117/><G117/><T18/><D134/><U64/><E62/><V118/><F118/><W127/><G127/><T55/><D109/><U36/><E42/><V73/><F58/><W32/><G104/><T50/><D120/><U51/><E41/><V106/><F5/><W133/><G78/><T57/><D34/><U112/><E112/><V9/><F97/><W17/><G133/><T132/><D30/><U47/><E122/><V75/><F75/><W108/><G108/><T29/><D29/><U119/><E119/><V87/><F73/><W65/><G12/><T111/><D111/><U68/><REACH who="1" step="1"/><E121/><REACH who="1" ten="250,240,273,227" step="2"/><V83/><F106/><W84/><G14/><T116/><D116/><U59/><E59/><V10/><F10/><W26/><REACH who="3" step="1"/><G84/><REACH who="3" ten="250,240,273,217" step="2"/><T115/><D115/><U74/><E74/><V126/><F126/><W76/><G76/><T81/><D132/><U44/><E44/><V20/><F77/><W54/><G54/><T105/><D105/><U49/><E49/><V27/><F87/><W39/><G39/><T98/><D55/><U86/><E86/><V46/><F46/><W3/><G3/><T125/><D48/><U72/><E72/><V45/><F45/><W123/><G123/><T128/><D125/><U13/><E13/><V79/><F79/><RYUUKYOKU ba="0,2" sc="250,-15,240,15,273,-15,217,15" hai1="24,28,36,37,47,51,53,63,64,68,91,95,99" hai3="2,4,11,16,17,26,31,32,61,65,70,93,96" /><INIT seed="1,1,2,3,3,81" ten="235,255,258,232" oya="1" hai0="75,80,4,128,74,33,71,40,20,94,118,31,90" hai1="50,15,92,44,109,78,22,121,108,39,85,110,69" hai2="10,6,97,23,84,123,32,114,42,107,89,8,126" hai3="29,59,127,101,93,122,18,105,51,130,47,35,43"/><U106/><E121/><V2/><F123/><W21/><G122/><T53/><D118/><U117/><E117/><V63/><F32/><W135/><G135/><T77/><D128/><U37/><E106/><V58/><F126/><W11/><G130/><T112/><D112/><U34/><E69/><V70/><F42/><W95/><G127/><T52/><D74/><U3/><E3/><V100/><F114/><W124/><G124/><T111/><D111/><U98/><E34/><V66/><F10/><W116/><G116/><T45/><D71/><U104/><E104/><V49/><F23/><W87/><G11/><T120/><D33/><U96/><E96/><V99/><F99/><W1/><G101/><T28/><D4/><U55/><E85/><V134/><F134/><W88/><G59/><T64/><D64/><U41/><E78/><V119/><F119/><W7/><G105/><T103/><D103/><N who="1" m="60871" /><E41/><V48/><REACH who="2" step="1"/><F70/><REACH who="2" ten="235,255,248,232" step="2"/><W62/><G35/><T83/><D120/><U17/><AGARI ba="1,3" hai="15,17,22,37,39,44,50,55,108,109,110" m="60871" machi="17" ten="40,3900,0" yaku="14,1,10,1" doraHai="81" who="1" fromWho="1" sc="235,-14,255,72,248,-14,232,-14" /><INIT seed="1,2,0,1,1,25" ten="221,327,234,218" oya="1" hai0="80,71,105,73,34,120,66,37,39,41,81,7,125" hai1="95,122,14,100,98,108,62,19,9,106,24,36,97" hai2="96,87,40,132,50,89,44,131,2,11,17,101,10" hai3="114,82,121,45,21,99,94,103,49,3,123,109,113"/><U79/><E122/><V48/><F132/><W35/><G3/><T60/><D120/><U47/><E79/><V54/><F131/><W69/><G69/><T127/><D105/><U112/><E112/><V75/><F75/><W76/><G121/><T6/><D34/><U46/><E108/><V90/><F2/><W23/><G109/><T102/><D102/><U29/><E62/><V22/><F101/><W64/><G64/><T59/><D59/><U119/><E119/><V33/><F96/><W0/><G0/><T51/><D51/><U32/><REACH who="1" step="1"/><E36/><REACH who="1" ten="221,317,234,218" step="2"/><V15/><F33/><W134/><G123/><T93/><D37/><U111/><E111/><V126/><F126/><W83/><G35/><T20/><D39/><U107/><E107/><V55/><F40/><W52/><G113/><T70/><D41/><U128/><E128/><V118/><F118/><W135/><G114/><T65/><D127/><U67/><E67/><V38/><F38/><W77/><G77/><T72/><D125/><U63/><E63/><V85/><F50/><W31/><G76/><T4/><D60/><U12/><E12/><V27/><F15/><W92/><G134/><T58/><D65/><U86/><E86/><V88/><F55/><W74/><G52/><T110/><D110/><U68/><E68/><V78/><F87/><W16/><G49/><T116/><D116/><U18/><E18/><V56/><F56/><W115/><G16/><T1/><D58/><U129/><E129/><V42/><F42/><W84/><G115/><T61/><D71/><U91/><AGARI ba="2,1" hai="9,14,19,24,29,32,46,47,91,95,97,98,100,106" machi="91" ten="20,12000,1" yaku="1,1,0,1,7,1,52,1,53,1" doraHai="25" doraHaiUra="26" who="1" fromWho="1" sc="221,-42,317,136,234,-42,218,-42" /><INIT seed="1,3,0,1,2,57" ten="179,453,192,176" oya="1" hai0="78,44,118,7,134,51,35,2,22,60,67,0,9" hai1="59,41,25,94,100,24,72,46,50,56,96,18,110" hai2="116,77,23,16,121,127,89,17,132,70,86,97,47" hai3="34,69,10,38,40,53,85,73,1,43,39,79,74"/><U15/><E72/><V64/><F116/><W95/><G53/><T99/><D118/><U45/><E110/><V21/><F121/><W98/><G85/><T52/><D134/><U131/><E131/><V61/><F132/><W13/><G69/><T3/><D35/><U33/><E45/><V19/><F127/><W117/><G117/><T36/><D36/><U76/><E76/><V126/><F126/><W115/><G115/><T58/><D78/><U48/><E33/><V83/><F47/><W111/><G13/><T107/><REACH who="0" step="1"/><D22/><REACH who="0" ten="169,453,192,176" step="2"/><N who="1" m="11615" /><E48/><V88/><REACH who="2" step="1"/><F77/><REACH who="2" ten="169,453,182,176" step="2"/><W68/><G79/><T112/><D112/><U93/><E50/><V125/><F125/><W30/><G38/><T103/><AGARI ba="3,2" hai="0,2,3,7,9,44,51,52,58,60,67,99,103,107" machi="103" ten="30,8000,1" yaku="1,1,0,1,52,1,54,1,53,1" doraHai="57" doraHaiUra="101" who="0" fromWho="0" sc="169,109,453,-43,182,-23,176,-23" /><INIT seed="2,0,0,5,2,82" ten="278,410,159,153" oya="2" hai0="65,134,20,1,42,92,54,77,109,67,132,73,58" hai1="36,97,76,86,104,90,114,80,39,84,45,27,24" hai2="122,70,7,57,9,19,33,63,96,55,72,14,119" hai3="107,88,71,22,120,3,116,129,117,101,126,31,78"/><V0/><F119/><W127/><G71/><T105/><D105/><U37/><E114/><V18/><F122/><W6/><G120/><T66/><D1/><U111/><E111/><V94/><F72/><W91/><G3/><T135/><D109/><U2/><E2/><V64/><F33/><W35/><G6/><T11/><D11/><U5/><E5/><V79/><F79/><W121/><G22/><T102/><D42/><U29/><E45/><V100/><REACH who="2" step="1"/><F0/><REACH who="2" ten="278,410,149,153" step="2"/><W124/><G121/><T59/><D77/><U98/><E104/><V128/><F128/><W60/><G78/><T15/><D73/><U85/><E76/><V21/><F21/><W4/><G129/><T12/><D20/><U53/><E29/><V110/><F110/><W28/><G35/><T68/><D134/><U26/><E53/><V106/><F106/><W81/><G31/><T34/><D135/><U125/><E125/><V115/><F115/><W69/><G28/><T50/><D132/><U74/><E74/><V75/><F75/><W38/><G107/><T51/><D34/><U99/><AGARI ba="0,1" hai="24,26,27,36,37,39,80,84,85,86,90,97,98,99" machi="99" ten="40,12000,2" yaku="0,1,29,2,52,3" doraHai="82" who="1" fromWho="1" sc="278,-30,410,130,149,-60,153,-30" /><INIT seed="3,0,0,4,0,115" ten="248,540,89,123" oya="3" hai0="4,107,29,35,15,55,0,103,81,72,10,121,27" hai1="99,102,57,11,130,49,31,61,68,94,84,106,69" hai2="41,114,95,2,129,78,40,1,88,123,105,117,128" hai3="70,79,120,112,85,91,18,75,8,77,16,28,135"/><W134/><G112/><T54/><D121/><U122/><E122/><V44/><F114/><W58/><G70/><T86/><D72/><U36/><E36/><V22/><F105/><W51/><G120/><T34/><D34/><U131/><E31/><V64/><F123/><W32/><G32/><T20/><D103/><U53/><E11/><V45/><F78/><W43/><G28/><T83/><D107/><U132/><E132/><N who="3" m="50730" /><G75/><T17/><REACH who="0" step="1"/><D81/><REACH who="0" ten="238,540,89,123" step="2"/><U80/><E106/><V33/><F33/><W14/><G43/><T5/><D5/><U21/><E80/><V76/><F40/><W48/><G18/><T59/><D59/><U6/><E57/><V124/><F41/><W19/><G19/><T82/><D82/><U118/><E6/><V126/><F129/><W56/><G79/><AGARI ba="0,1" hai="0,4,10,15,17,20,27,29,35,54,55,79,83,86" machi="79" ten="30,7700,0" yaku="1,1,7,1,24,2,53,0" doraHai="115" doraHaiUra="101" who="0" fromWho="3" sc="238,87,540,0,89,0,123,-77" /><INIT seed="4,0,0,1,4,16" ten="325,540,89,46" oya="0" hai0="134,114,67,103,121,26,51,49,117,2,44,58,57" hai1="59,65,133,78,110,132,55,97,87,86,82,119,111" hai2="105,106,1,52,14,32,53,71,72,131,5,108,70" hai3="17,35,42,9,88,11,89,15,20,124,69,93,18"/><T3/><D117/><U73/><E65/><V68/><F108/><N who="1" m="41513" /><E119/><V13/><F72/><W34/><G69/><T60/><D121/><U23/><E23/><V91/><F32/><W107/><G107/><T27/><D114/><U100/><E55/><V109/><F109/><W128/><G42/><T115/><D115/><U0/><E59/><V62/><F131/><W77/><G128/><T126/><D126/><U85/><E0/><V37/><F37/><W50/><G77/><T122/><D122/><U33/><E33/><V12/><F91/><W135/><G124/><T30/><D134/><N who="1" m="51819" /><E73/><V54/><F62/><W125/><G125/><T64/><D103/><U46/><E46/><V116/><F116/><W24/><G135/><T21/><D26/><U48/><E48/><V95/><F95/><AGARI ba="0,0" hai="78,82,85,86,87,95,97,100" m="51819,41513" machi="95" ten="30,3900,0" yaku="20,1,34,2" doraHai="16" who="1" fromWho="2" sc="325,0,540,39,89,-39,46,0" /><INIT seed="5,0,0,0,2,23" ten="325,579,50,46" oya="1" hai0="75,37,131,130,52,14,24,54,65,7,5,118,81" hai1="10,47,50,79,132,2,67,15,102,22,113,127,45" hai2="80,1,0,123,4,30,40,19,20,26,44,16,126" hai3="117,46,32,78,83,74,93,21,133,94,9,27,6"/><U62/><E127/><V100/><F123/><W115/><G32/><T125/><D118/><U95/><E132/><V35/><F126/><W64/><G117/><T85/><D125/><U29/><E79/><V82/><F100/><W58/><G133/><T108/><D108/><U48/><E2/><V73/><F19/><W61/><G46/><T122/><D122/><U43/><E113/><V68/><F68/><W55/><G64/><T25/><D37/><U110/><E110/><V41/><F41/><W31/><REACH who="3" step="1"/><G115/><REACH who="3" ten="325,579,50,36" step="2"/><T53/><D65/><U3/><E47/><V88/><F44/><W63/><G63/><T105/><D131/><U38/><E62/><V51/><F51/><W104/><G104/><T17/><D130/><U101/><E67/><V72/><F40/><W42/><G42/><T60/><D105/><U18/><E50/><V87/><F80/><W76/><G76/><N who="0" m="46247" /><D60/><U103/><E38/><V71/><F71/><W98/><G98/><T106/><D106/><U77/><E77/><V111/><F111/><W128/><G128/><T69/><D69/><U120/><E120/><V33/><F33/><W34/><G34/><T28/><D75/><U114/><E114/><V107/><F107/><W86/><G86/><T129/><D129/><U36/><E36/><V89/><F73/><W112/><G112/><T109/><D109/><U39/><E39/><V116/><F72/><W96/><G96/><T91/><D54/><U59/><E43/><V8/><F116/><W12/><AGARI ba="0,1" hai="6,9,12,21,27,31,55,58,61,74,78,83,93,94" machi="12" ten="20,5200,0" yaku="1,1,0,1,7,1,52,1,53,0" doraHai="23" doraHaiUra="66" who="3" fromWho="3" sc="325,-13,579,-26,50,-13,36,62" /><INIT seed="6,0,0,4,3,98" ten="312,553,37,98" oya="2" hai0="52,71,130,18,118,127,133,43,42,113,112,82,2" hai1="99,21,91,31,7,100,33,41,119,10,40,23,72" hai2="115,103,19,11,28,36,83,8,16,79,12,61,80" hai3="114,132,120,105,95,117,54,50,126,94,104,47,66"/><V131/><F115/><N who="0" m="44106" /><D2/><U53/><E72/><V74/><F131/><W76/><G76/><T44/><D130/><U29/><E91/><V116/><F116/><W9/><G9/><T77/><D71/><U102/><E33/><V90/><F36/><W32/><G54/><T62/><D127/><U109/><E109/><V75/><F28/><W13/><G95/><T14/><D133/><U30/><E53/><V3/><F61/><W92/><G50/><N who="0" m="28743" /><D62/><U107/><E102/><V122/><F122/><W96/><G94/><T57/><D57/><U35/><E35/><V128/><F128/><W97/><G92/><T46/><D46/><U73/><E73/><V85/><F3/><W123/><G47/><T111/><D111/><U135/><E135/><V67/><F67/><W87/><G66/><T27/><D27/><U88/><E40/><V86/><REACH who="2" step="1"/><F103/><REACH who="2" ten="312,553,27,98" step="2"/><W84/><G123/><T69/><D118/><U1/><E30/><V34/><F34/><W81/><G32/><T25/><D69/><U63/><E29/><V20/><F20/><W101/><G117/><T108/><D108/><U15/><E31/><V58/><F58/><W51/><G120/><T0/><D0/><U106/><E23/><V48/><F48/><W24/><G51/><T56/><D56/><U5/><E21/><V6/><F6/><W38/><G114/><T125/><D125/><U124/><E124/><V22/><F22/><W55/><G126/><T121/><D121/><U68/><E5/><V70/><F70/><W78/><G132/><T134/><D134/><U64/><E1/><V65/><F65/><RYUUKYOKU ba="0,1" sc="312,-10,553,-10,27,30,98,-10" hai2="8,11,12,16,19,74,75,79,80,83,85,86,90" /><INIT seed="6,1,1,4,4,6" ten="302,543,57,88" oya="2" hai0="35,25,111,64,121,38,87,106,33,71,7,115,39" hai1="133,129,42,125,18,95,128,23,28,5,1,112,119" hai2="67,61,37,60,93,116,72,10,19,55,20,73,47" hai3="3,44,30,14,78,46,27,21,68,62,92,88,102"/><V4/><F116/><W104/><G3/><T86/><D111/><U105/><E105/><V2/><F93/><W16/><G78/><T8/><D121/><U66/><E119/><V98/><F98/><W59/><G68/><T15/><D106/><U51/><E66/><V9/><F60/><W122/><G102/><T63/><D115/><U91/><E28/><V57/><F10/><N who="3" m="6231" /><G104/><T54/><D54/><U132/><E112/><V79/><F79/><W97/><G122/><T99/><D99/><U82/><E82/><V113/><F113/><W34/><G34/><T107/><D107/><U108/><E108/><V36/><F36/><W80/><G80/><T81/><D87/><U12/><E125/><V75/><F37/><W85/><G85/><T134/><D33/><U22/><E22/><V94/><F94/><W89/><G89/><T124/><D124/><U29/><E91/><V13/><REACH who="2" step="1"/><F47/><REACH who="2" ten="302,543,47,88" step="2"/><W127/><G127/><T50/><D38/><U135/><E95/><V17/><F17/><W103/><G103/><T123/><D39/><U31/><E128/><V90/><F90/><W65/><AGARI ba="1,2" hai="21,27,30,44,46,59,62,65,88,92,97" m="6231" machi="65" ten="30,7900,0" yaku="8,1,52,1,54,2" doraHai="6" who="3" fromWho="3" sc="302,-21,543,-21,47,-40,88,102" /><INIT seed="7,0,0,0,3,117" ten="281,522,7,190" oya="3" hai0="110,31,54,116,82,67,34,41,63,38,132,94,49" hai1="129,87,95,115,1,131,59,70,74,130,118,36,121" hai2="126,29,114,133,68,39,62,66,60,79,83,43,77" hai3="45,134,7,98,80,90,24,105,9,46,27,0,11"/><W14/><G134/><T72/><D110/><U28/><E70/><V107/><F29/><W16/><G105/><T69/><D116/><U26/><E74/><V78/><F133/><W120/><G120/><T76/><D132/><U17/><E121/><V23/><F114/><W135/><G135/><T73/><D73/><U42/><E1/><V12/><F107/><W4/><G4/><T99/><D31/><U97/><E115/><V101/><F101/><W37/><G37/><T57/><D34/><U20/><E87/><V100/><F100/><W52/><G80/><T64/><D64/><U2/><E2/><V25/><F126/><W48/><G46/><N who="0" m="23863" /><D94/><U91/><E118/><V40/><F39/><W84/><REACH who="3" step="1"/><G98/><AGARI ba="0,0" hai="49,54,57,63,67,69,72,76,82,98,99" m="23863" machi="98" ten="30,1000,0" yaku="24,1" doraHai="117" who="0" fromWho="3" sc="281,10,522,0,7,0,190,-10" owari="291,9.1,522,62.2,7,-49.3,180,-22.0" /></mjloggm>