<mjloggm ver="2.3"><GO type="169" lobby="0"/><UN n0="%41%6E%6B%6F%61%6E%6B%6F" n1="%E5%9C%A8%E5%8E%9F%E4%B8%83%E6%B5%B7%E5%A4%A7%E5%A5%BD%E3%81%8D" n2="%E6%9A%97%E9%BB%92%E7%96%BE%E9%A2%A8%E9%BE%8D%E7%8E%8B%E4%B8%B8" n3="%74%61%6E%70%69%6E%38" dan="17,17,16,16" rate="2187.05,2221.62,2035.80,2127.98" sx="F,M,M,M"/><TAIKYOKU oya="0"/><INIT seed="0,0,0,2,1,122" ten="250,250,250,250" oya="0" hai0="112,67,88,77,40,23,37,42,66,15,18,3,123" hai1="76,32,134,39,120,16,86,107,91,113,131,17,74" hai2="127,100,2,4,55,98,53,135,71,125,33,93,49" hai3="0,99,48,85,96,78,1,9,46,41,27,62,35"/><T126/><D123/><U75/><E120/><V20/><F33/><W94/><G99/><T19/><D112/><U65/><E113/><V82/><F135/><W25/><G62/><T38/><D3/><U102/><E32/><V121/><F121/><W130/><G130/><T56/><D126/><U90/><E39/><V60/><F2/><W36/><G36/><T43/><D77/><U51/><E65/><V133/><F133/><W58/><G58/><T103/><D103/><U73/><E51/><V59/><F4/><W114/><G114/><T45/><D56/><U64/><E64/><V5/><F5/><W44/><G44/><T105/><D105/><U24/><E24/><V117/><F117/><W84/><G0/><T22/><D43/><U12/><E17/><V6/><F6/><W83/><G9/><T116/><D116/><U119/><E119/><V115/><F115/><W79/><G1/><T108/><D88/><U21/><E131/><V81/><F20/><W34/><G34/><T14/><REACH who="0" step="1"/><D108/><REACH who="0" ten="240,250,250,250" step="2"/><U109/><E109/><V47/><F71/><W7/><G79/><T95/><D95/><U68/><E68/><V129/><F129/><W26/><G35/><T13/><D13/><U54/><E134/><V29/><F125/><W106/><G106/><T30/><D30/><U52/><E76/><V57/><F127/><W87/><REACH who="3" step="1"/><G7/><REACH who="3" ten="240,250,250,240" step="2"/><T118/><D118/><U132/><E132/><V104/><F104/><W31/><G31/><T124/><D124/><U97/><REACH who="1" step="1"/><E91/><AGARI ba="0,2" hai="25,26,27,41,46,48,78,83,84,85,87,91,94,96" machi="91" ten="40,2600,0" yaku="1,1,8,1,53,0" doraHai="122" doraHaiUra="69" who="3" fromWho="1" sc="240,0,250,-26,250,0,240,46" /><INIT seed="1,0,0,2,4,21" ten="240,224,250,286" oya="1" hai0="48,53,135,30,23,36,72,22,8,84,63,134,56" hai1="83,128,131,65,0,35,130,125,17,69,62,78,74" hai2="59,100,113,101,12,121,10,81,11,99,64,90,106" hai3="50,104,46,109,67,58,25,119,28,42,76,127,39"/><U37/><E17/><V117/><F117/><W20/><G104/><T31/><D72/><U133/><E133/><N who="0" m="50697" /><D36/><U19/><E19/><V29/><F121/><W77/><G109/><T3/><D84/><U75/><E125/><V7/><F113/><W66/><G119/><T85/><D85/><U126/><E126/><V86/><F101/><W95/><G127/><T1/><D48/><U73/><E0/><N who="0" m="73" /><D8/><U115/><E115/><V114/><F11/><W40/><G40/><T49/><D49/><U129/><N who="1" m="32768" /><DORA hai="111" /><U5/><E5/><V38/><F38/><W51/><G95/><T2/><N who="0" m="81" /><T98/><DORA hai="34" /><D98/><U26/><REACH who="1" step="1"/><E37/><REACH who="1" ten="240,214,250,286" step="2"/><V45/><F7/><W33/><G39/><T27/><D30/><AGARI ba="0,1" hai="26,30,35,62,65,69,73,74,75,78,83" m="32768" machi="30" ten="70,18000,2" yaku="1,1,2,1,19,1,23,2,52,1,53,0" doraHai="21,111,34" doraHaiUra="123,93,116" who="1" fromWho="0" sc="240,-180,214,190,250,0,286,0" /><INIT seed="1,1,0,0,5,112" ten="60,404,250,286" oya="1" hai0="61,49,108,54,23,102,33,12,6,135,68,24,79" hai1="13,109,56,50,116,119,122,70,48,37,113,87,14" hai2="128,64,129,39,66,5,127,100,0,91,25,101,2" hai3="131,31,55,125,95,80,1,27,107,38,47,30,46"/><U51/><E70/><V69/><F39/><W41/><G107/><T90/><D108/><U11/><E113/><V32/><F127/><W65/><G1/><T84/><D135/><U9/><E37/><V104/><F91/><W19/><G131/><N who="2" m="50249" /><F5/><W71/><G125/><T114/><D114/><U106/><E106/><V7/><F7/><W132/><G80/><T83/><D102/><N who="2" m="39530" /><F104/><W18/><G30/><T29/><D68/><U53/><E122/><V99/><F99/><W126/><G95/><T45/><D61/><U89/><E109/><V111/><F111/><W72/><G38/><T43/><D33/><U93/><E13/><V123/><F123/><W40/><G132/><T77/><REACH who="0" step="1"/><D43/><REACH who="0" ten="50,404,250,286" step="2"/><U86/><E53/><V134/><F69/><W94/><G41/><T58/><D58/><U42/><E56/><V10/><F134/><W81/><G40/><T26/><D26/><U35/><E42/><V115/><F115/><W118/><G27/><T21/><D21/><U98/><E35/><V96/><F25/><W16/><G71/><T85/><D85/><U103/><E87/><V110/><F32/><W92/><G126/><T15/><D15/><U74/><E74/><V17/><F110/><W52/><G47/><T63/><D63/><U3/><E3/><N who="2" m="1067" /><F96/><W130/><G130/><T82/><D82/><N who="1" m="49367" /><E14/><AGARI ba="1,1" hai="10,14,17,64,66" m="1067,39530,50249" machi="14" ten="40,1300,0" yaku="19,1" doraHai="112" who="2" fromWho="1" sc="50,0,404,-16,250,26,286,0" /><INIT seed="2,0,0,4,1,92" ten="50,388,276,286" oya="2" hai0="100,98,58,132,127,5,121,37,83,41,70,24,63" hai1="18,109,126,20,74,40,33,54,79,85,104,43,76" hai2="31,7,111,123,102,72,3,42,88,27,9,25,17" hai3="10,99,80,34,60,49,73,94,110,117,81,28,35"/><V38/><F72/><W115/><G117/><T114/><D114/><U62/><E109/><V86/><F123/><W87/><G110/><T1/><D121/><U69/><E33/><V57/><F111/><W47/><G73/><T131/><D132/><U32/><E32/><V122/><F122/><W30/><G34/><T51/><D131/><U130/><E104/><V29/><F102/><W61/><G81/><T36/><D127/><U93/><E69/><V23/><F57/><W133/><G133/><T134/><D134/><U124/><E62/><N who="3" m="24170" /><G10/><T16/><D83/><U52/><E74/><V135/><F135/><W12/><G12/><T46/><D70/><U39/><E126/><V78/><F78/><N who="3" m="46487" /><G35/><T97/><D1/><U95/><E79/><V116/><F116/><W26/><G26/><T53/><D5/><U6/><E76/><V103/><F27/><W128/><G128/><T44/><D100/><U4/><E6/><V0/><F103/><N who="3" m="60919" /><G115/><T96/><REACH who="0" step="1"/><D46/><REACH who="0" ten="40,388,276,286" step="2"/><U129/><E130/><V75/><F3/><W91/><G91/><T67/><D67/><U15/><E129/><V108/><F108/><W64/><G64/><T59/><D59/><U125/><E124/><V22/><F0/><W2/><G2/><T56/><D56/><U107/><E125/><V106/><F7/><W118/><G118/><T50/><D50/><U112/><E4/><V55/><F75/><W13/><G49/><T71/><D71/><U14/><E112/><V90/><F90/><W119/><G47/><T89/><D89/><U65/><E65/><V19/><F88/><W77/><G119/><RYUUKYOKU ba="0,1" sc="40,30,388,-10,276,-10,286,-10" hai0="16,24,36,37,41,44,51,53,58,63,96,97,98" /><INIT seed="3,1,1,1,0,15" ten="70,378,266,276" oya="3" hai0="71,67,128,35,38,10,120,93,0,63,90,111,84" hai1="27,122,74,123,39,43,23,115,76,133,53,8,92" hai2="129,114,80,127,60,64,102,52,20,103,56,30,17" hai3="98,45,32,7,24,28,135,113,68,55,65,131,134"/><W37/><G113/><T116/><D120/><U70/><E70/><V54/><F114/><W33/><G131/><T36/><D116/><U73/><E133/><N who="3" m="50698" /><G7/><T59/><D128/><U118/><E118/><V72/><F129/><W49/><G37/><T5/><D111/><U29/><E43/><V9/><F127/><W77/><G77/><T112/><D35/><U1/><E39/><V78/><F9/><W132/><N who="3" m="50706" /><W58/><DORA hai="85" /><G68/><T62/><REACH who="0" step="1"/><D112/><REACH who="0" ten="60,378,266,276" step="2"/><U121/><E115/><V40/><F40/><W105/><G32/><T61/><D61/><U125/><E122/><V2/><F2/><W11/><G11/><T126/><D126/><U14/><E8/><V31/><F31/><W57/><G65/><AGARI ba="1,2" hai="0,5,10,36,38,59,62,63,65,67,71,84,90,93" machi="65" ten="30,7700,0" yaku="1,1,7,1,52,1,53,1" doraHai="15,85" doraHaiUra="97,4" who="0" fromWho="3" sc="60,100,378,0,266,0,276,-80" /><INIT seed="4,0,0,4,1,61" ten="160,378,266,196" oya="0" hai0="126,39,103,133,112,115,48,123,81,121,111,116,96" hai1="29,87,99,3,106,114,94,4,76,85,62,1,8" hai2="28,41,72,15,90,0,42,100,13,31,91,49,80" hai3="102,74,104,43,131,88,68,25,67,124,78,69,70"/><T44/><D39/><U77/><E106/><V32/><F0/><W22/><G131/><T12/><D12/><N who="1" m="5127" /><E29/><V107/><F107/><W36/><G124/><T84/><D48/><U24/><E24/><V47/><F100/><W26/><G78/><N who="1" m="30314" /><E114/><N who="0" m="43561" /><D44/><U75/><E75/><V23/><F72/><W82/><G74/><T11/><D11/><U45/><E3/><V38/><F38/><W89/><G43/><T9/><D9/><U120/><E120/><N who="0" m="46153" /><D126/><U34/><E34/><V65/><F32/><W109/><G36/><T54/><D54/><U59/><E45/><V98/><F47/><W10/><G10/><T20/><D20/><U134/><E134/><V93/><F49/><W50/><G50/><T64/><D64/><N who="1" m="39007" /><E1/><V53/><F53/><W60/><G25/><T33/><D33/><U73/><E73/><V117/><F23/><W108/><G104/><N who="0" m="63591" /><D133/><U135/><E135/><V17/><F42/><W66/><G66/><T27/><D27/><U95/><E95/><V40/><F65/><W51/><G26/><T129/><D129/><U16/><E16/><V14/><F17/><W122/><G22/><T37/><D37/><U128/><E128/><V52/><F41/><W125/><G122/><T127/><D127/><U118/><E94/><V71/><F40/><W79/><G125/><T35/><D35/><U5/><E5/><V57/><F93/><W6/><G6/><T105/><D105/><U55/><E55/><V58/><F52/><W130/><G130/><T97/><D116/><U113/><E118/><V110/><F117/><W19/><G19/><T2/><D2/><RYUUKYOKU ba="0,0" sc="160,0,378,0,266,0,196,0" /><INIT seed="5,1,0,2,3,65" ten="160,378,266,196" oya="1" hai0="33,21,28,97,102,0,20,51,64,56,55,74,24" hai1="123,132,124,112,68,4,135,121,7,39,78,16,125" hai2="107,100,47,89,14,1,12,117,77,63,23,106,133" hai3="111,38,40,73,54,82,34,129,103,53,75,62,67"/><U118/><E68/><V83/><F117/><W36/><G111/><T69/><D74/><U43/><E39/><V58/><F1/><W17/><G34/><T2/><D2/><U48/><E43/><V18/><F133/><N who="1" m="51273" /><E48/><V19/><F89/><W84/><G103/><T27/><D0/><U13/><E112/><V42/><F100/><W110/><G110/><T94/><REACH who="0" step="1"/><D24/><REACH who="0" ten="150,378,266,196" step="2"/><U32/><E123/><V15/><F15/><W101/><G75/><T66/><D66/><U85/><E121/><V26/><F14/><W35/><G73/><T9/><D9/><U57/><E13/><V88/><F26/><W52/><G67/><T113/><D113/><U114/><E114/><V61/><F12/><W81/><G129/><T98/><D98/><U31/><E4/><V127/><F127/><W71/><G84/><T122/><D122/><U96/><E125/><V72/><F72/><W8/><G8/><T90/><D90/><U59/><E96/><V37/><F88/><W60/><G101/><T109/><D109/><U92/><E7/><V99/><F99/><W44/><G82/><T41/><D41/><U131/><E124/><V91/><F91/><W30/><G81/><T46/><D46/><U87/><E131/><V134/><F134/><W128/><G44/><T95/><D95/><U86/><E87/><V108/><F108/><W130/><G40/><T6/><D6/><U49/><E86/><V120/><F120/><W11/><G130/><T50/><D50/><U115/><E85/><V79/><F83/><W104/><G128/><T126/><D126/><U119/><E115/><RYUUKYOKU ba="1,1" sc="150,30,378,-10,266,-10,196,-10" hai0="20,21,27,28,33,51,55,56,64,69,94,97,102" /><INIT seed="6,2,1,3,2,28" ten="180,368,256,186" oya="2" hai0="67,3,24,113,32,83,92,0,124,12,80,115,101" hai1="63,123,38,34,41,125,71,22,74,134,30,78,65" hai2="120,48,97,77,112,75,61,122,126,57,98,105,37" hai3="133,109,116,31,52,69,60,127,1,56,5,26,43"/><V13/><F37/><W23/><G116/><T20/><D124/><U129/><E22/><V11/><F126/><W62/><G127/><T21/><D67/><U119/><E125/><V36/><F36/><W95/><G109/><T7/><D101/><U110/><E110/><V117/><F117/><W53/><G133/><T46/><D92/><U102/><E102/><V128/><F128/><W104/><G104/><T68/><D46/><N who="1" m="23863" /><E134/><V72/><F48/><W91/><G43/><T40/><D40/><U81/><E123/><V103/><F98/><W106/><G106/><T58/><D58/><U9/><E9/><V8/><F8/><W35/><G1/><N who="0" m="587" /><D68/><U87/><E87/><V17/><F112/><N who="0" m="43082" /><D7/><U89/><E89/><V86/><F86/><W16/><G5/><T4/><D4/><U49/><E49/><V79/><F75/><W85/><G69/><T90/><D90/><U111/><E111/><V76/><REACH who="2" step="1"/><F72/><REACH who="2" ten="180,368,246,186" step="2"/><W6/><G6/><T94/><D94/><U2/><E119/><V70/><F70/><W39/><G39/><T121/><D121/><U15/><E74/><V50/><F50/><W108/><G108/><T33/><D83/><U73/><E81/><V27/><F27/><W135/><G135/><T42/><D80/><U29/><E73/><V47/><F47/><W44/><G44/><T25/><D25/><U10/><E71/><V64/><AGARI ba="2,2" hai="11,13,17,57,61,64,76,77,79,97,103,105,120,122" machi="64" ten="30,3000,0" yaku="1,1,0,1,53,0" doraHai="28" doraHaiUra="84" who="2" fromWho="2" sc="180,-12,368,-12,246,56,186,-12" /><INIT seed="6,3,0,1,0,21" ten="168,356,302,174" oya="2" hai0="123,14,95,36,87,111,82,19,65,131,76,85,29" hai1="56,89,108,130,27,80,88,32,25,1,125,38,86" hai2="69,115,119,103,74,51,61,7,53,133,134,106,47" hai3="104,17,105,71,102,15,101,77,2,11,127,4,114"/><V52/><F74/><W112/><G71/><T135/><D111/><U73/><E38/><V37/><F103/><N who="3" m="39435" /><G77/><T91/><D123/><U63/><E1/><V64/><F106/><W58/><G58/><T45/><D135/><N who="2" m="51722" /><F7/><W78/><G78/><T12/><D131/><U50/><E32/><V113/><F119/><W79/><G79/><T30/><D65/><U49/><E125/><V118/><F118/><W96/><G96/><T81/><D95/><U100/><E100/><V90/><F90/><W34/><G34/><T94/><D94/><N who="1" m="54551" /><E73/><V72/><F72/><W116/><G127/><T55/><D12/><U70/><E70/><V39/><F53/><W46/><G46/><T57/><D45/><U121/><E108/><V8/><F8/><N who="3" m="6375" /><G116/><T124/><D124/><U43/><E121/><V22/><F22/><W31/><G31/><T107/><D107/><U16/><E43/><N who="2" m="23023" /><F39/><W99/><G99/><T33/><D36/><U97/><E97/><V75/><F75/><W60/><G60/><N who="0" m="35903" /><D33/><U0/><E130/><V120/><F120/><W54/><G54/><T128/><D128/><U83/><E63/><V67/><F67/><W48/><G48/><T122/><D122/><U13/><E50/><V129/><F129/><W9/><G9/><AGARI ba="3,0" hai="9,14,19,29,30,76,81,82,85,87,91" m="35903" machi="9" ten="30,1000,0" yaku="8,1" doraHai="21" who="0" fromWho="3" sc="168,19,356,0,302,0,174,-19" /><INIT seed="7,0,0,2,3,74" ten="187,356,302,155" oya="3" hai0="96,91,122,92,90,19,73,89,55,79,131,93,125" hai1="14,57,95,94,50,76,40,25,24,2,12,123,135" hai2="18,36,119,130,34,109,31,100,4,38,49,13,7" hai3="22,64,30,27,104,83,68,133,52,43,71,114,53"/><W77/><G104/><T65/><D122/><U75/><E2/><V84/><F109/><W54/><G114/><T66/><D131/><U102/><E75/><V8/><F119/><W111/><G133/><T103/><D125/><U9/><E76/><V112/><F130/><W58/><G111/><T21/><D79/><U85/><E14/><V78/><F100/><W134/><G134/><T23/><D73/><U127/><E123/><V42/><F7/><W15/><G43/><T117/><D117/><U87/><E95/><V46/><F18/><W33/><G33/><T107/><D55/><U70/><E70/><V60/><F60/><W118/><G15/><T48/><D48/><U5/><E127/><V67/><F67/><N who="0" m="25610" /><D107/><U126/><E57/><V108/><F112/><W128/><G128/><T10/><D93/><U132/><E126/><V115/><F115/><W113/><G113/><T3/><D3/><U124/><E87/><V6/><F6/><W16/><G30/><T47/><D47/><N who="1" m="25959" /><E102/><V88/><F108/><W41/><G41/><T61/><D61/><U97/><E124/><V1/><F1/><W98/><G98/><T32/><D32/><U106/><E135/><V26/><F88/><N who="0" m="33898" /><D103/><N who="1" m="60855" /><E106/><V99/><F99/><W39/><G39/><T62/><D62/><U29/><E29/><V20/><F34/><W121/><G121/><T110/><D110/><U56/><E5/><V51/><F51/><N who="3" m="31007" /><G118/><T44/><D44/><U80/><E12/><AGARI ba="0,0" hai="10,12,19,21,23,91,92,96" m="33898,25610" machi="12" ten="30,2000,0" yaku="8,1,54,1" doraHai="74" who="0" fromWho="1" sc="187,20,356,-20,302,0,155,0" owari="207,-19.3,336,43.6,302,10.2,155,-34.5" /></mjloggm>