<mjloggm ver="2.3"><GO type="169" lobby="0"/><UN n0="%E3%83%8A%E3%82%AB%E3%81%AB%E3%81%97" n1="%E3%81%8B%E3%81%B6%E8%8C%B6" n2="%73%6F%61%6F" n3="%E9%95%B7%E5%B2%A1" dan="16,17,16,16" rate="2096.47,2136.06,2139.12,2115.16" sx="M,M,M,M"/><TAIKYOKU oya="0"/><INIT seed="0,0,0,2,4,3" ten="250,250,250,250" oya="0" hai0="62,132,72,51,89,93,111,18,29,60,90,32,53" hai1="0,105,55,98,65,87,122,45,101,71,110,84,123" hai2="133,129,97,48,95,130,113,67,70,74,1,6,68" hai3="23,16,17,127,27,96,33,106,112,77,40,35,42"/><T19/><D72/><U20/><E0/><V121/><F121/><W61/><G112/><T21/><D132/><U30/><E110/><V52/><F74/><W59/><G127/><T11/><D111/><U58/><E45/><V66/><F133/><W76/><G35/><T109/><D109/><U80/><E71/><V79/><F79/><N who="3" m="30283" /><G33/><T134/><D32/><U82/><E65/><V8/><F67/><N who="3" m="39359" /><G106/><T75/><D75/><U83/><E122/><V49/><F49/><W9/><G96/><T91/><D29/><U99/><E99/><V135/><F135/><W10/><G17/><T114/><D93/><U128/><E128/><N who="2" m="49259" /><F66/><W86/><G86/><T4/><D114/><U43/><E123/><V81/><F81/><W120/><G120/><T54/><D19/><U39/><E39/><V46/><F113/><W15/><G27/><N who="0" m="14775" /><D134/><U47/><E80/><V108/><F108/><W28/><G28/><T2/><D2/><U104/><E82/><V41/><F41/><AGARI ba="0,0" hai="9,10,15,16,23,40,41,42" m="39359,30283" machi="41" ten="30,2000,0" yaku="8,1,54,1" doraHai="3" who="3" fromWho="2" sc="250,0,250,0,250,-20,250,20" /><INIT seed="1,0,0,3,5,104" ten="250,250,230,270" oya="1" hai0="33,76,37,6,122,26,31,85,7,46,14,133,32" hai1="88,127,59,77,70,25,21,24,82,61,13,117,74" hai2="42,35,38,131,47,56,75,36,84,53,86,60,29" hai3="78,111,110,11,68,65,8,94,41,62,51,34,79"/><U107/><E117/><V92/><F131/><W57/><G34/><T112/><D112/><U90/><E107/><V39/><F75/><W71/><G94/><T100/><D133/><U128/><E128/><V40/><F92/><W135/><G135/><T12/><D122/><U10/><E70/><N who="3" m="26666" /><G78/><T108/><D108/><N who="3" m="41513" /><G79/><T126/><D100/><U99/><E127/><V114/><F114/><W124/><G124/><T5/><D126/><U81/><E99/><V63/><F86/><W134/><G134/><T97/><D97/><U69/><E69/><V15/><F15/><W54/><G41/><N who="2" m="15977" /><F84/><W55/><G51/><T0/><D85/><U4/><E81/><V102/><F102/><W72/><G72/><T120/><D12/><U67/><REACH who="1" step="1"/><E25/><REACH who="1" ten="250,240,230,270" step="2"/><V2/><F36/><W115/><G115/><T58/><D37/><U80/><E80/><V96/><F96/><W118/><G118/><T119/><D26/><U83/><E83/><V116/><F38/><W3/><G11/><T22/><D119/><U23/><E23/><V109/><F39/><W113/><G113/><T44/><D22/><U9/><E9/><V18/><F116/><W91/><G91/><T101/><D32/><U30/><AGARI ba="0,1" hai="4,10,13,21,24,30,59,61,67,74,77,82,88,90" machi="30" ten="20,12000,1" yaku="1,1,0,1,7,1,52,1,54,1,53,0" doraHai="104" doraHaiUra="129" who="1" fromWho="1" sc="250,-40,240,130,230,-40,270,-40" /><INIT seed="1,1,0,1,0,125" ten="210,370,190,230" oya="1" hai0="31,48,3,14,112,119,32,39,103,127,13,102,28" hai1="43,46,38,20,92,49,45,2,132,6,70,120,27" hai2="42,22,66,21,37,51,63,17,110,82,133,41,74" hai3="124,18,25,131,55,57,97,40,72,95,94,89,90"/><U24/><E120/><V60/><F110/><W122/><G124/><T30/><D39/><U106/><E106/><V101/><F133/><W10/><G122/><T47/><D127/><U118/><E118/><V117/><F101/><W62/><G72/><T84/><D3/><U126/><E126/><V79/><F117/><W1/><G131/><T121/><D32/><U91/><E70/><V109/><F109/><W36/><G1/><T44/><D112/><U68/><E68/><V23/><F37/><W135/><G135/><T76/><D119/><U34/><E34/><V114/><F60/><W73/><G73/><T71/><D71/><U123/><E123/><V77/><F77/><W116/><G116/><T113/><D113/><U86/><E132/><V85/><F74/><W54/><G36/><T80/><D121/><U4/><E27/><V105/><F105/><W5/><G40/><T8/><D44/><U78/><E78/><V69/><F42/><W56/><G5/><T75/><D75/><U81/><E81/><V87/><F87/><W61/><G10/><T35/><D35/><U12/><E12/><N who="0" m="4713" /><D8/><U134/><E2/><V130/><F114/><W99/><G25/><T9/><D9/><U100/><E134/><V98/><F69/><W19/><AGARI ba="1,0" hai="18,19,54,55,56,57,61,62,89,90,94,95,97,99" machi="19" ten="30,8000,1" yaku="0,1,32,3,8,1" doraHai="125" who="3" fromWho="3" sc="210,-21,370,-41,190,-21,230,83" /><INIT seed="2,0,0,0,4,11" ten="189,329,169,313" oya="2" hai0="56,39,5,110,127,86,8,93,59,128,38,40,72" hai1="70,129,33,7,61,2,89,22,101,66,84,74,126" hai2="77,28,92,135,21,83,9,134,68,37,97,67,102" hai3="87,48,62,120,26,111,91,51,88,58,65,12,14"/><V16/><F37/><W23/><G120/><T57/><D72/><U60/><E74/><V18/><F67/><W52/><G111/><T100/><D110/><U131/><E33/><V15/><F68/><W0/><G0/><T17/><D128/><U1/><E126/><V108/><F108/><W13/><G87/><T6/><D127/><U85/><E101/><V132/><F28/><N who="3" m="17503" /><G48/><T122/><D122/><U105/><E105/><V55/><F55/><W44/><AGARI ba="0,0" hai="12,13,14,44,51,52,58,62,65,88,91" m="17503" machi="44" ten="30,12000,2" yaku="8,1,52,3,54,2" doraHai="11" who="3" fromWho="3" sc="189,-30,329,-30,169,-60,313,120" /><INIT seed="3,0,0,4,2,108" ten="159,299,109,433" oya="3" hai0="48,47,97,82,128,38,70,50,34,118,88,54,28" hai1="13,95,90,26,53,62,11,96,45,111,23,89,94" hai2="80,134,124,49,120,12,24,122,107,10,43,32,40" hai3="100,127,71,130,55,58,77,99,104,105,44,92,84"/><W119/><G119/><T101/><D118/><U31/><E111/><V110/><F110/><W132/><G132/><T67/><D128/><U21/><E21/><V14/><F107/><W78/><G130/><T35/><D38/><U65/><E45/><V123/><F124/><W91/><G71/><T81/><D50/><U15/><E53/><V115/><F115/><W76/><G127/><T16/><D81/><U69/><REACH who="1" step="1"/><E11/><REACH who="1" ten="159,289,109,433" step="2"/><V39/><F123/><W0/><G44/><T103/><D54/><U129/><E129/><V18/><F122/><W74/><G55/><T8/><D8/><U60/><E60/><V6/><F120/><W102/><G58/><T109/><D47/><U25/><E25/><V73/><F10/><W27/><G27/><T2/><D109/><U33/><E33/><V126/><F24/><W114/><G0/><T93/><D34/><U117/><E117/><V37/><F32/><W116/><G116/><T79/><D35/><U20/><E20/><V113/><F126/><W121/><G121/><T87/><D2/><U7/><E7/><V30/><F6/><W3/><G3/><T66/><D70/><U61/><E61/><V17/><F37/><W64/><G64/><T41/><D66/><U19/><E19/><V106/><F18/><W68/><G68/><T63/><D16/><U29/><E29/><V131/><F17/><W4/><G4/><T9/><D9/><U56/><E56/><V46/><F30/><W5/><G5/><T75/><D28/><U57/><E57/><V112/><F39/><W59/><G59/><N who="0" m="37375" /><D75/><U22/><E22/><RYUUKYOKU ba="0,1" sc="159,15,289,15,109,-15,433,-15" hai0="41,48,79,82,87,88,93,97,101,103" hai1="13,15,23,26,31,62,65,69,89,90,94,95,96" /><INIT seed="4,1,1,3,2,43" ten="174,304,94,418" oya="0" hai0="124,77,108,59,87,33,113,79,114,120,23,40,111" hai1="127,15,1,34,48,38,47,28,30,90,130,67,121" hai2="125,4,133,29,26,49,32,51,8,71,78,17,126" hai3="106,35,31,96,37,80,70,57,92,21,46,123,22"/><T128/><D33/><U56/><E1/><V97/><F71/><W20/><G70/><T91/><D23/><U103/><E121/><V93/><F78/><N who="0" m="29706" /><D59/><U94/><E38/><V63/><F63/><W76/><G57/><T3/><D40/><U135/><E34/><V117/><F133/><W118/><G37/><T95/><D3/><U73/><E73/><V116/><F17/><W64/><G64/><T72/><D72/><U14/><E135/><V83/><F83/><W132/><G132/><T129/><D120/><U5/><E103/><N who="2" m="60847" /><F49/><W66/><G123/><T68/><D68/><U9/><E15/><N who="2" m="5511" /><F51/><W53/><G66/><T119/><D119/><AGARI ba="1,1" hai="26,29,32,116,117,119,125,126" m="5511,60847" machi="119" ten="30,1000,0" yaku="12,1" doraHai="43" who="2" fromWho="0" sc="174,-13,304,0,94,23,418,0" /><INIT seed="5,0,0,1,4,32" ten="161,304,117,418" oya="1" hai0="107,126,49,40,101,59,71,113,132,91,70,22,90" hai1="128,35,77,96,55,121,73,11,9,134,109,31,104" hai2="65,133,54,33,44,79,52,114,28,81,56,112,97" hai3="117,51,20,42,74,47,18,86,98,38,92,69,135"/><U43/><E121/><V103/><F133/><W83/><G69/><T94/><D113/><N who="2" m="43626" /><F28/><W66/><G74/><T118/><D107/><U102/><E134/><V53/><F33/><W21/><G135/><T95/><D132/><U100/><E128/><V50/><F65/><W41/><G66/><T129/><D118/><U63/><E102/><V127/><F56/><W4/><G4/><T68/><D126/><U14/><E109/><V120/><F127/><W93/><G21/><T115/><D115/><U76/><E43/><V0/><F0/><W39/><G41/><T26/><D129/><U7/><E73/><N who="2" m="43247" /><F120/><W84/><G42/><T72/><D72/><U8/><E31/><V17/><F17/><W25/><G18/><T124/><D101/><U12/><E35/><V23/><F23/><W131/><G20/><T88/><D124/><U105/><E9/><V61/><F61/><W45/><G131/><T3/><D3/><U27/><E27/><V37/><F37/><W5/><G25/><T125/><D125/><U57/><REACH who="1" step="1"/><E105/><AGARI ba="0,0" hai="44,50,52,53,54,97,103,105" m="43247,43626" machi="105" ten="30,3900,0" yaku="15,1,11,1,54,1" doraHai="32" who="2" fromWho="1" sc="161,0,304,-39,117,39,418,0" /><INIT seed="6,0,0,1,5,110" ten="161,265,156,418" oya="2" hai0="113,95,111,79,94,83,63,102,47,37,92,84,105" hai1="33,64,93,7,120,72,17,30,0,1,36,39,15" hai2="103,125,56,34,24,52,104,23,32,38,81,67,122" hai3="77,11,89,131,129,75,71,45,3,135,48,26,70"/><V4/><F122/><W44/><G135/><T123/><D37/><U50/><E72/><V76/><F38/><W13/><G3/><T119/><D47/><U96/><E120/><V106/><F4/><W40/><G75/><T97/><D63/><U53/><E64/><V12/><F67/><W19/><G77/><T118/><D123/><U61/><E61/><V126/><F12/><W91/><G91/><T86/><D111/><U16/><E17/><N who="2" m="12399" /><F81/><W59/><G59/><T124/><D124/><N who="2" m="47722" /><F76/><W28/><G71/><T99/><D113/><U107/><E7/><V18/><F18/><W130/><G70/><T114/><D114/><U69/><E69/><V90/><F90/><W121/><G121/><T82/><D99/><U57/><E36/><V14/><F14/><W116/><G89/><AGARI ba="0,0" hai="79,82,83,84,86,89,92,94,95,97,102,105,118,119" machi="89" ten="40,5200,0" yaku="34,3" doraHai="110" who="0" fromWho="3" sc="161,52,265,0,156,0,418,-52" /><INIT seed="7,0,0,2,0,74" ten="213,265,156,366" oya="3" hai0="122,47,7,72,132,94,67,117,125,99,83,81,2" hai1="111,70,12,15,68,1,134,98,45,55,106,85,27" hai2="62,46,16,64,58,133,25,110,73,60,65,90,35" hai3="71,24,42,112,84,88,114,0,108,39,129,107,76"/><W116/><G116/><T119/><D122/><U18/><E1/><V53/><F133/><W13/><G0/><T87/><D132/><U105/><E134/><V77/><F110/><W78/><G107/><T51/><D125/><U128/><E111/><V97/><F46/><N who="3" m="23903" /><G71/><T96/><D67/><U34/><E85/><V40/><F40/><W23/><G13/><T48/><D72/><U38/><E15/><V31/><F53/><W121/><G121/><T113/><D113/><N who="3" m="43625" /><G129/><T109/><D2/><U118/><E105/><V8/><F73/><W3/><G3/><T26/><D26/><U69/><E69/><V104/><F8/><W124/><G124/><T19/><D109/><U131/><E118/><V123/><F123/><W101/><G101/><T9/><D9/><U126/><E126/><V56/><F104/><W66/><G66/><T32/><D47/><U80/><E45/><V127/><F127/><W100/><G100/><T20/><D7/><U10/><E10/><V91/><F97/><W6/><G6/><T49/><D96/><U14/><E98/><V50/><F50/><W30/><G108/><T36/><D99/><U135/><E106/><V57/><F57/><W75/><G75/><T37/><D37/><U95/><E70/><V29/><F29/><W43/><G43/><T82/><D36/><U52/><E68/><V11/><REACH who="2" step="1"/><F77/><REACH who="2" ten="213,265,146,366" step="2"/><W44/><G44/><T103/><D117/><U22/><E38/><V33/><F33/><W41/><G41/><T61/><D32/><U92/><E34/><V86/><F86/><W79/><G84/><T93/><D119/><RYUUKYOKU ba="0,1" sc="213,-15,265,-15,146,15,366,15" hai2="11,16,25,31,35,56,58,60,62,64,65,90,91" hai3="23,24,30,76,78,79,88" owari="198,-20.2,250,5.0,161,-33.9,391,49.1" /></mjloggm>