<mjloggm ver="2.3"><GO type="169" lobby="0"/><UN n0="%E7%90%86%E5%B7%A5%E3%83%95%E3%83%AA%E3%83%86%E3%83%B3%E5%A4%A7%E5%B8%AB" n1="%E3%83%A1%E3%83%90%E3%83%AB%40%E6%98%A5%E3%81%8C%E6%97%AC" n2="%E3%83%97%E3%83%AC%E3%82%AF%E3%83%A9%E3%82%B9%E3%83%8B%E3%83%BC" n3="%6B%6C%6F%6E%64%69%6B%65" dan="16,18,16,16" rate="2137.69,2186.38,2178.09,2173.12" sx="M,F,M,M"/><TAIKYOKU oya="0"/><INIT seed="0,0,0,3,0,64" ten="250,250,250,250" oya="0" hai0="132,49,47,2,30,84,29,15,20,62,69,11,26" hai1="7,114,124,99,32,86,31,19,80,97,94,28,33" hai2="42,131,45,24,23,98,67,5,100,102,73,115,54" hai3="77,34,95,133,46,126,44,130,65,101,82,72,56"/><T92/><D132/><U110/><E110/><V22/><F115/><W48/><G34/><T107/><D107/><U121/><E121/><V21/><F131/><W127/><G133/><T118/><D118/><U53/><E124/><N who="3" m="47658" /><G130/><T57/><D2/><U90/><E7/><V105/><F73/><W55/><G65/><T36/><D36/><U60/><E32/><V88/><F102/><W39/><G39/><T6/><D69/><U78/><E33/><V4/><F54/><W17/><G17/><T12/><D12/><U52/><E99/><AGARI ba="0,0" hai="44,46,48,55,56,72,77,82,95,99,101" m="47658" machi="99" ten="30,1000,0" yaku="18,1" doraHai="64" who="3" fromWho="1" sc="250,0,250,-10,250,0,250,10" /><INIT seed="1,0,0,3,1,91" ten="250,240,250,260" oya="1" hai0="0,105,70,106,17,12,90,68,16,121,58,18,22" hai1="132,83,20,113,6,57,62,29,24,3,110,34,100" hai2="37,49,92,36,119,114,40,111,31,64,94,77,86" hai3="118,19,48,112,47,39,56,73,1,89,60,14,5"/><U96/><E113/><V80/><F119/><W33/><G73/><T76/><D121/><U63/><E132/><V69/><F111/><W131/><G33/><T32/><D32/><U65/><E110/><V98/><F114/><W101/><G39/><T81/><D0/><U54/><E34/><V87/><F31/><W93/><G1/><T59/><D59/><U67/><E83/><V4/><F4/><W74/><G74/><T78/><D78/><U85/><E85/><V35/><F35/><W7/><G101/><T52/><D17/><U8/><REACH who="1" step="1"/><E63/><REACH who="1" ten="250,230,250,260" step="2"/><V41/><F87/><N who="3" m="52415" /><G112/><T133/><D133/><U109/><E109/><V95/><F98/><W23/><G118/><T43/><D81/><U99/><E99/><V42/><REACH who="2" step="1"/><F49/><REACH who="2" ten="250,230,240,260" step="2"/><W123/><G123/><T51/><D51/><U11/><E11/><V122/><F122/><W46/><G131/><T97/><D97/><U116/><E116/><V28/><F28/><W104/><G104/><AGARI ba="0,2" hai="3,6,8,20,24,29,54,57,62,65,67,96,100,104" machi="104" ten="30,5800,0" yaku="1,1,7,1,53,1" doraHai="91" doraHaiUra="102" who="1" fromWho="3" sc="250,0,230,78,240,0,260,-58" /><INIT seed="1,1,0,3,0,27" ten="250,308,240,202" oya="1" hai0="106,122,112,42,55,21,61,67,34,92,113,110,70" hai1="36,89,15,105,125,68,31,52,5,59,71,96,95" hai2="51,129,69,127,80,64,41,74,133,128,135,26,131" hai3="57,10,3,85,24,40,100,66,103,73,115,101,119"/><U63/><E125/><V47/><F74/><W99/><G73/><T91/><D110/><U25/><E36/><V90/><F80/><W43/><G115/><T117/><D117/><U45/><E45/><V2/><F90/><W8/><G119/><T12/><D106/><U78/><E78/><V134/><F2/><W28/><G85/><T33/><D42/><N who="3" m="15913" /><G3/><T13/><D122/><U121/><E121/><V114/><F26/><W37/><G37/><T104/><D104/><U53/><E53/><V58/><F114/><W39/><G39/><T111/><D111/><U44/><E44/><V88/><F88/><W23/><G99/><T123/><D123/><U30/><E105/><V126/><F69/><W54/><G66/><T132/><D112/><U6/><E6/><V107/><F107/><W75/><G75/><T76/><D113/><U14/><E14/><V22/><F22/><W97/><G97/><T84/><D33/><U87/><E96/><V50/><F50/><AGARI ba="1,0" hai="8,10,23,24,28,50,54,57,100,101,103" m="15913" machi="50" ten="30,2000,0" yaku="8,1,52,1" doraHai="27" who="3" fromWho="2" sc="250,0,308,0,240,-23,202,23" /><INIT seed="2,0,0,1,2,73" ten="250,308,217,225" oya="2" hai0="47,38,71,112,98,103,61,8,20,111,9,60,14" hai1="45,82,57,114,72,84,13,104,128,4,22,129,124" hai2="7,34,52,96,2,35,24,130,122,17,51,44,28" hai3="15,102,80,42,63,94,116,118,101,76,125,46,132"/><V85/><F122/><W1/><G1/><T16/><D112/><U119/><E114/><V59/><F130/><W69/><G132/><T32/><D111/><U36/><E119/><V37/><F96/><W115/><G125/><T40/><D32/><U21/><E124/><V39/><F35/><W67/><G115/><T120/><D120/><U54/><E104/><V131/><F131/><N who="1" m="50249" /><E72/><V58/><F85/><W87/><G102/><T19/><D71/><U134/><E134/><V86/><F17/><W117/><G15/><T30/><D30/><U99/><E99/><V68/><F68/><W77/><G101/><T93/><REACH who="0" step="1"/><D8/><REACH who="0" ten="240,308,217,225" step="2"/><N who="1" m="4231" /><E36/><V10/><F39/><W43/><G94/><T113/><D113/><U107/><E107/><V135/><F135/><W23/><G23/><T90/><D90/><U65/><E21/><V88/><F37/><W79/><REACH who="3" step="1"/><G46/><REACH who="3" ten="240,308,217,215" step="2"/><T70/><D70/><U74/><E45/><V41/><REACH who="2" step="1"/><F41/><AGARI ba="0,2" hai="41,42,43,63,67,69,76,77,79,80,87,116,117,118" machi="41" ten="40,8000,1" yaku="1,1,2,1,52,3,53,0" doraHai="73" doraHaiUra="25" who="3" fromWho="2" sc="240,0,308,0,217,-80,215,100" /><INIT seed="3,0,0,1,4,42" ten="240,308,137,315" oya="3" hai0="23,38,64,53,80,90,10,60,95,0,91,82,50" hai1="110,118,114,119,125,102,5,63,12,99,25,36,68" hai2="47,58,11,15,88,44,19,4,69,31,17,66,71" hai3="40,129,106,83,105,1,43,92,87,45,103,124,24"/><W29/><G1/><T76/><D38/><U9/><E114/><V27/><F71/><W67/><G129/><T30/><D10/><U54/><E36/><V78/><F78/><W134/><G124/><T56/><D0/><U108/><E125/><V109/><F69/><W131/><G40/><T126/><D126/><U41/><E41/><V96/><F109/><N who="1" m="42089" /><E25/><V127/><F127/><W18/><G18/><N who="2" m="6665" /><F58/><W123/><G67/><T74/><D80/><U22/><E22/><N who="2" m="15863" /><F66/><W13/><G13/><T130/><D130/><U51/><E63/><V94/><AGARI ba="0,0" hai="4,11,15,44,47,88,94,96" m="15863,6665" machi="94" ten="30,7900,0" yaku="8,1,52,2,54,1" doraHai="42" who="2" fromWho="2" sc="240,-20,308,-20,137,79,315,-39" /><INIT seed="4,0,0,2,5,104" ten="220,288,216,276" oya="0" hai0="63,132,64,3,134,57,35,126,22,32,51,111,122" hai1="18,113,0,65,53,49,34,112,96,110,6,62,15" hai2="77,56,85,28,54,119,67,105,118,48,89,121,5" hai3="25,106,91,58,44,23,37,55,103,59,17,125,52"/><T36/><D122/><U19/><E110/><V124/><F121/><W81/><G125/><T84/><D36/><U114/><E34/><V8/><F124/><W99/><G37/><T115/><D126/><U2/><E6/><V16/><F105/><W98/><G44/><T97/><D111/><U14/><E96/><V70/><F28/><W79/><G59/><T74/><D3/><U94/><E94/><V61/><F77/><W78/><G79/><T13/><D84/><U83/><E83/><V9/><F5/><W107/><G58/><T41/><D97/><U40/><E40/><V26/><F26/><W86/><G91/><T102/><D102/><AGARI ba="0,0" hai="17,23,25,52,55,78,81,86,98,99,102,103,106,107" machi="102" ten="40,2600,0" yaku="9,1,54,1" doraHai="104" who="3" fromWho="0" sc="220,-26,288,0,216,0,276,26" /><INIT seed="5,0,0,4,0,95" ten="194,288,216,302" oya="1" hai0="34,48,105,25,123,110,39,35,87,134,62,29,125" hai1="19,24,88,111,130,20,31,75,100,74,52,76,133" hai2="32,114,28,22,17,58,56,107,112,85,37,49,109" hai3="16,42,11,46,89,43,30,67,122,10,106,84,5"/><U128/><E133/><V14/><F37/><W6/><G122/><T7/><D39/><U47/><E111/><V41/><F109/><W44/><G106/><T8/><D110/><U23/><E100/><V132/><F132/><W40/><G67/><T1/><D134/><U68/><E68/><V36/><F36/><W18/><G30/><T113/><D123/><U13/><E88/><V82/><F107/><W66/><G66/><T120/><D120/><U91/><E91/><N who="2" m="51639" /><F28/><W79/><G79/><T70/><D105/><U118/><E118/><V116/><F32/><W117/><G89/><T108/><D108/><U71/><E71/><V54/><F41/><W63/><G63/><T115/><D1/><U38/><E76/><V45/><F116/><W126/><G84/><T99/><D34/><U77/><E77/><V12/><F12/><W94/><G94/><T73/><D35/><U60/><E38/><V0/><F0/><W53/><G53/><T3/><D3/><U124/><E124/><V2/><F2/><W57/><G57/><T98/><D73/><U93/><E93/><V33/><F33/><W4/><G126/><T78/><D125/><U101/><E101/><V81/><F81/><W129/><G129/><N who="1" m="49770" /><E60/><V121/><F121/><W127/><G127/><T86/><D70/><U51/><AGARI ba="0,0" hai="13,19,20,23,24,31,47,51,52,74,75" m="49770" machi="51" ten="30,3000,0" yaku="19,1,54,1" doraHai="95" who="1" fromWho="1" sc="194,-10,288,30,216,-10,302,-10" /><INIT seed="5,1,0,5,3,89" ten="184,318,206,292" oya="1" hai0="72,27,58,12,88,22,86,77,75,3,123,54,63" hai1="42,1,113,67,108,28,33,60,129,87,96,66,97" hai2="98,99,17,134,64,116,118,59,0,90,45,115,44" hai3="79,10,119,11,95,55,5,51,105,36,101,41,9"/><U13/><E113/><V109/><F109/><W71/><G105/><T122/><D3/><U8/><E1/><V47/><F0/><W40/><G36/><T48/><D77/><U20/><E33/><V133/><F115/><W128/><G71/><T124/><D124/><U83/><E129/><V114/><F114/><W4/><G79/><T43/><D43/><N who="3" m="16457" /><G128/><T50/><D50/><U131/><E42/><V2/><F2/><W135/><G135/><N who="2" m="51721" /><F17/><W69/><G69/><T38/><D38/><U125/><E125/><V111/><F111/><W53/><G119/><N who="2" m="45609" /><F90/><W100/><G95/><N who="0" m="54679" /><D63/><AGARI ba="1,0" hai="44,45,47,59,63,64,98,99" m="45609,51721" machi="63" ten="40,1300,0" yaku="20,1" doraHai="89" who="2" fromWho="0" sc="184,-16,318,0,206,16,292,0" /><INIT seed="6,0,0,0,0,40" ten="168,318,222,292" oya="2" hai0="92,81,119,104,34,86,61,114,78,32,33,21,66" hai1="28,29,2,18,64,99,132,116,82,37,72,97,63" hai2="108,54,0,10,27,134,125,118,80,3,77,44,25" hai3="42,101,58,87,20,36,19,16,12,103,107,121,126"/><V70/><F70/><W71/><G71/><T124/><D104/><U60/><E132/><V59/><F134/><W65/><G107/><T120/><D114/><U112/><E116/><V48/><F118/><W89/><G121/><T57/><D119/><U17/><E2/><V11/><F125/><W102/><G126/><T39/><D124/><U6/><E6/><V38/><F108/><W73/><G73/><T110/><D110/><U84/><E72/><V127/><F127/><W68/><G68/><T67/><D120/><U106/><E37/><V47/><F38/><W96/><G96/><N who="1" m="36938" /><E106/><V41/><F3/><W50/><G36/><T56/><D39/><U46/><E46/><N who="2" m="17451" /><F41/><W31/><G42/><T5/><D5/><U129/><E112/><V88/><F77/><W62/><G50/><T98/><D21/><U95/><E63/><V115/><F0/><W49/><G49/><T15/><D15/><U105/><E60/><V23/><F115/><W51/><G51/><T83/><D81/><U7/><E82/><V109/><F109/><W100/><N who="3" m="25600" /><DORA hai="76" /><W1/><G1/><T22/><D22/><U26/><E105/><V123/><F123/><W30/><G19/><T131/><D33/><U35/><E18/><N who="2" m="12535" /><F27/><W75/><G75/><T117/><D117/><U55/><E26/><V90/><F90/><W43/><G43/><T4/><D32/><U113/><E35/><V8/><F8/><W93/><AGARI ba="0,0" hai="12,16,20,30,31,58,62,65,87,89,93" m="25600" machi="93" ten="40,5200,0" yaku="0,1,8,1,54,1" doraHai="40,76" who="3" fromWho="3" sc="168,-13,318,-13,222,-26,292,52" /><INIT seed="7,0,0,2,1,39" ten="155,305,196,344" oya="3" hai0="42,23,38,100,72,41,29,10,86,20,117,94,125" hai1="119,81,85,115,31,35,84,46,69,120,134,8,116" hai2="27,52,73,97,131,135,4,99,112,36,64,88,32" hai3="0,89,126,128,98,54,50,87,33,34,105,57,37"/><W91/><G0/><T63/><D117/><U56/><E69/><V14/><F112/><W15/><G37/><T78/><D125/><U76/><E120/><V132/><F36/><W122/><G122/><T61/><D38/><U7/><E115/><V48/><F64/><W9/><G126/><T75/><D72/><U60/><E134/><V123/><F73/><W111/><G128/><T49/><D75/><U68/><E68/><V113/><F113/><W110/><G105/><T108/><D108/><N who="3" m="41513" /><G98/><N who="0" m="59479" /><D10/><U13/><E35/><N who="3" m="13322" /><G87/><T21/><D29/><U44/><E31/><V102/><F32/><W93/><G93/><T3/><D3/><U90/><E119/><V124/><F131/><W70/><G70/><T114/><D114/><U129/><E116/><V83/><F124/><W96/><G96/><T17/><D49/><U118/><E129/><V11/><F99/><W26/><G26/><T77/><D17/><AGARI ba="0,0" hai="9,15,17,50,54,57,89,91" m="13322,41513" machi="17" ten="30,1500,0" yaku="10,1" doraHai="39" who="3" fromWho="0" sc="155,-15,305,0,196,0,344,15" owari="140,-36.0,305,10.5,196,-20.4,359,45.9" /></mjloggm>