<mjloggm ver="2.3"><GO type="169" lobby="0"/><UN n0="%E3%81%A8%E3%81%B3%E3%81%BE%E3%81%93" n1="%E6%A4%9B%E5%8D%97" n2="%E3%81%93%E3%82%8C%E3%81%8C%E3%81%B5%E3%81%95%E3%81%B5%E3%81%95" n3="%E5%B8%B0%E3%82%8A%E3%81%9F%E3%81%84%E3%80%82" dan="18,16,16,17" rate="2226.71,2115.82,2147.03,2223.50" sx="M,F,M,M"/><TAIKYOKU oya="0"/><INIT seed="0,0,0,2,0,43" ten="250,250,250,250" oya="0" hai0="26,58,19,74,55,47,46,84,28,18,115,61,121" hai1="2,16,17,97,3,119,81,127,48,107,130,87,40" hai2="104,70,68,80,51,102,135,0,10,89,11,71,42" hai3="72,110,38,134,67,14,65,69,90,109,56,133,126"/><T123/><D74/><U44/><E130/><V120/><F120/><W34/><G72/><T91/><D115/><U103/><E127/><V32/><F32/><W113/><G34/><T77/><D77/><U64/><E119/><V12/><F135/><N who="3" m="51723" /><G14/><T5/><D5/><U99/><E64/><N who="3" m="24650" /><G90/><T118/><D118/><U101/><E2/><V111/><F111/><N who="3" m="42507" /><G113/><T15/><D123/><U53/><E53/><V24/><F42/><W4/><G4/><T52/><D55/><U54/><E54/><V21/><F51/><W95/><G95/><N who="0" m="54759" /><D121/><U88/><E3/><V76/><F0/><W31/><G31/><T132/><D132/><U114/><E114/><V116/><F89/><W105/><G105/><AGARI ba="0,0" hai="16,17,40,44,48,81,87,88,97,99,101,103,105,107" machi="105" ten="30,8000,1" yaku="7,1,9,1,52,1,54,2" doraHai="43" who="1" fromWho="3" sc="250,0,250,80,250,0,250,-80" /><INIT seed="1,0,0,2,4,60" ten="250,330,250,170" oya="1" hai0="50,72,66,23,9,42,119,51,46,62,96,77,127" hai1="79,21,85,19,92,91,135,54,116,115,63,94,58" hai2="18,40,10,0,57,27,120,80,7,68,98,84,61" hai3="128,31,78,11,6,73,133,3,131,87,39,41,70"/><U108/><E135/><V95/><F68/><W53/><G133/><T35/><D35/><U76/><E115/><V97/><F40/><W112/><G112/><T15/><D119/><U49/><E108/><V75/><F75/><W90/><G53/><T65/><D127/><U34/><E34/><V125/><F125/><W134/><G31/><T48/><D62/><U102/><E116/><V16/><F120/><W126/><G70/><T82/><D23/><U117/><E117/><V8/><F27/><W105/><G105/><T129/><D96/><U101/><E94/><V47/><F47/><N who="3" m="23999" /><G134/><T132/><D129/><U99/><E49/><V88/><F10/><W103/><G103/><N who="1" m="39434" /><E85/><V25/><F25/><AGARI ba="0,0" hai="19,21,25,54,58,63,76,79,91,92,99" m="39434" machi="25" ten="30,2900,0" yaku="25,1,8,1" doraHai="60" who="1" fromWho="2" sc="250,0,330,29,250,-29,170,0" /><INIT seed="1,1,0,0,3,91" ten="250,359,221,170" oya="1" hai0="129,26,80,133,73,17,14,53,8,57,22,58,102" hai1="66,46,1,21,95,18,130,105,56,49,121,61,6" hai2="125,11,24,127,79,23,54,89,62,106,120,122,112" hai3="36,135,28,84,76,128,118,9,90,75,108,77,117"/><U20/><E105/><V42/><F42/><W119/><G36/><T40/><D129/><U29/><E130/><V71/><F106/><W81/><G128/><T72/><D102/><U87/><E121/><V134/><F79/><N who="3" m="44287" /><G28/><T60/><D133/><U126/><E126/><N who="2" m="48139" /><F89/><W44/><G9/><T82/><D72/><U37/><E37/><V5/><F54/><W115/><G44/><T63/><D40/><U48/><E48/><V109/><F62/><W86/><G115/><T10/><D10/><U50/><E50/><V107/><F71/><W97/><G108/><T55/><REACH who="0" step="1"/><D73/><REACH who="0" ten="240,359,221,170" step="2"/><U39/><E46/><V131/><F131/><W52/><G135/><T88/><D88/><U31/><E1/><N who="2" m="431" /><F134/><W19/><G77/><T59/><D59/><U30/><E56/><V99/><F112/><W93/><G76/><T64/><D64/><U35/><E66/><V4/><F109/><W32/><G86/><T96/><D96/><U45/><E87/><V124/><F124/><W78/><G84/><T123/><D123/><U69/><E45/><V94/><F107/><W114/><G78/><T113/><D113/><U83/><E69/><V116/><F116/><W70/><G114/><T92/><D92/><U67/><E95/><V0/><F94/><W15/><G70/><T16/><AGARI ba="1,1" hai="8,14,16,17,22,26,53,55,57,58,60,63,80,82" machi="16" ten="20,12000,2" yaku="1,1,0,1,7,1,9,1,8,1,54,1,53,0" doraHai="91" doraHaiUra="33" who="0" fromWho="0" sc="240,133,359,-61,221,-31,170,-31" /><INIT seed="2,0,0,0,1,19" ten="373,298,190,139" oya="2" hai0="99,78,29,98,34,90,106,59,103,0,101,22,68" hai1="75,15,110,2,109,69,38,87,4,24,125,36,30" hai2="1,47,23,73,126,28,54,132,12,86,85,100,55" hai3="65,83,10,129,63,58,71,14,127,37,115,62,45"/><V25/><F126/><W74/><G129/><T21/><D0/><U53/><E75/><V113/><F113/><W76/><G127/><T48/><D68/><U77/><E125/><V9/><F132/><W44/><G115/><T11/><D78/><U105/><E2/><V56/><F73/><W27/><G37/><T102/><D34/><U120/><E105/><V20/><F100/><W66/><REACH who="3" step="1"/><G27/><REACH who="3" ten="373,298,190,129" step="2"/><T60/><D106/><U133/><E38/><V7/><F47/><W8/><G8/><T128/><D11/><U70/><E36/><V118/><F118/><W43/><G43/><T50/><D128/><U88/><E110/><V6/><F54/><W124/><G124/><T35/><D35/><U97/><E53/><V95/><F6/><AGARI ba="0,1" hai="6,10,14,44,45,58,62,63,65,66,71,74,76,83" machi="6" ten="30,2000,0" yaku="1,1,7,1,53,0" doraHai="19" doraHaiUra="96" who="3" fromWho="2" sc="373,0,298,0,190,-20,129,30" /><INIT seed="3,0,0,5,4,125" ten="373,298,170,159" oya="3" hai0="108,113,75,115,112,2,63,80,22,15,38,12,114" hai1="97,27,71,6,30,111,84,99,21,43,128,116,104" hai2="49,88,44,134,131,74,67,4,35,59,34,91,10" hai3="60,78,98,124,48,36,28,41,79,109,57,61,25"/><W132/><G124/><T101/><N who="0" m="28672" /><DORA hai="126" /><T102/><D38/><U23/><E111/><V64/><F74/><W54/><G132/><T18/><D2/><U47/><E116/><V121/><F134/><W92/><G109/><T46/><D108/><U24/><E71/><V110/><F110/><W70/><G36/><T50/><D63/><U42/><E6/><V133/><F133/><W135/><G135/><T14/><D80/><U130/><E84/><V16/><F121/><W107/><G107/><T52/><REACH who="0" step="1"/><D75/><REACH who="0" ten="363,298,170,159" step="2"/><U31/><E47/><V73/><F73/><W65/><G61/><T32/><D32/><U17/><E104/><V66/><F35/><W76/><G79/><T106/><D106/><U86/><E86/><V96/><F34/><W118/><G118/><T82/><D82/><U68/><E68/><V77/><F77/><W69/><G69/><T72/><D72/><U105/><E105/><V51/><F44/><W33/><REACH who="3" step="1"/><G41/><REACH who="3" ten="363,298,170,149" step="2"/><T119/><D119/><U40/><REACH who="1" step="1"/><E40/><REACH who="1" ten="363,288,170,149" step="2"/><V37/><F37/><W127/><G127/><T123/><D123/><U56/><E56/><V129/><F59/><W122/><G122/><T62/><D62/><U90/><E90/><AGARI ba="0,3" hai="25,28,33,48,54,57,60,65,70,76,78,90,92,98" machi="90" ten="30,5800,0" yaku="1,1,7,1,53,1" doraHai="125,126" doraHaiUra="7,89" who="3" fromWho="1" sc="363,0,288,-58,170,0,149,88" /><INIT seed="3,1,0,4,1,53" ten="363,230,170,237" oya="3" hai0="71,118,43,35,33,111,84,11,41,96,123,134,97" hai1="42,24,37,133,113,4,28,88,98,114,119,67,6" hai2="124,61,46,17,29,49,48,95,60,13,115,132,58" hai3="0,36,74,68,116,93,22,59,65,108,39,120,56"/><W125/><G74/><T66/><D111/><U45/><E133/><V44/><F124/><W80/><G0/><T3/><D118/><U32/><E119/><V47/><F132/><W12/><G116/><T52/><D66/><U18/><E67/><V135/><F135/><W76/><G120/><T63/><D123/><U107/><E18/><V73/><F73/><W87/><G125/><T77/><D71/><U21/><E21/><V19/><F115/><W103/><G108/><T82/><D134/><U34/><E34/><V10/><F29/><W130/><G130/><T75/><D35/><U121/><E121/><V126/><F126/><W100/><G39/><T57/><D33/><U30/><E30/><V64/><F60/><W51/><G36/><T7/><REACH who="0" step="1"/><D84/><REACH who="0" ten="353,230,170,237" step="2"/><U94/><REACH who="1" step="1"/><E107/><REACH who="1" ten="353,220,170,237" step="2"/><V86/><REACH who="2" step="1"/><F19/><REACH who="2" ten="353,220,160,237" step="2"/><N who="3" m="10599" /><G68/><T110/><D110/><U85/><E85/><V23/><F23/><W89/><G87/><T20/><D20/><U102/><E102/><V109/><F109/><W131/><G103/><T70/><D70/><U38/><E38/><V54/><F54/><W40/><G100/><T106/><D106/><U2/><E2/><V127/><F127/><W69/><G69/><T55/><D55/><U81/><E81/><V90/><AGARI ba="1,3" hai="10,13,17,44,46,47,48,49,58,61,64,86,90,95" machi="90" ten="30,8000,1" yaku="1,1,0,1,8,1,52,1,53,1" doraHai="53" doraHaiUra="15" who="2" fromWho="2" sc="353,-21,220,-21,160,113,237,-41" /><INIT seed="4,0,0,3,1,24" ten="332,199,273,196" oya="0" hai0="77,28,3,72,123,119,118,44,94,79,110,10,70" hai1="1,91,97,25,7,87,57,68,96,50,51,75,120" hai2="39,16,81,65,47,18,106,0,62,61,43,4,84" hai3="85,8,104,46,56,27,98,5,128,13,135,37,29"/><T111/><D70/><U117/><E75/><V58/><F106/><W30/><G128/><T88/><D44/><U64/><E68/><V78/><F4/><W114/><G114/><T101/><D10/><U115/><E117/><N who="0" m="44553" /><D28/><N who="3" m="10857" /><G104/><T125/><D3/><U108/><E120/><V89/><F0/><W54/><G37/><T99/><D125/><U42/><E115/><V6/><F6/><W67/><G135/><T15/><D15/><U132/><E132/><V113/><F113/><W35/><G35/><T86/><D123/><U109/><E25/><V45/><F45/><W21/><G98/><T69/><D69/><U129/><E7/><V20/><F62/><N who="3" m="38343" /><G85/><T90/><D90/><U23/><E1/><V76/><REACH who="2" step="1"/><F18/><REACH who="2" ten="332,199,263,196" step="2"/><N who="3" m="12727" /><G46/><T71/><D71/><U52/><E129/><V41/><F41/><W102/><G54/><T19/><D19/><U134/><E134/><V105/><F105/><W2/><G2/><T92/><D72/><U83/><E52/><V73/><F73/><W17/><G5/><T131/><D131/><U38/><E42/><V12/><AGARI ba="0,1" hai="12,16,20,39,43,47,58,61,65,76,78,81,84,89" machi="12" ten="20,5200,0" yaku="1,1,0,1,7,1,54,1,53,0" doraHai="24" doraHaiUra="124" who="2" fromWho="2" sc="332,-26,199,-13,263,62,196,-13" /><INIT seed="5,0,0,3,2,86" ten="306,186,325,183" oya="1" hai0="90,113,133,56,97,54,99,100,25,51,109,23,64" hai1="79,93,10,98,55,121,73,74,75,65,85,34,33" hai2="111,117,50,2,20,131,4,129,17,31,40,81,107" hai3="114,125,47,82,84,67,128,87,16,22,29,8,35"/><U38/><E121/><V59/><F111/><W9/><G114/><T119/><D133/><U94/><E38/><V135/><F117/><W32/><G125/><T6/><D109/><U76/><E65/><V95/><F107/><W126/><G126/><T77/><D119/><U0/><E55/><V130/><F135/><W15/><G128/><T43/><D77/><U42/><E42/><V101/><F81/><W60/><G47/><T91/><D6/><U102/><E79/><V132/><F31/><W13/><G29/><N who="0" m="17599" /><D113/><U118/><E118/><V58/><F132/><W80/><G80/><T115/><D115/><U26/><E26/><V120/><F120/><W105/><G87/><T108/><D108/><U7/><REACH who="1" step="1"/><E76/><REACH who="1" ten="306,176,325,183" step="2"/><V12/><F40/><W39/><G39/><T134/><D43/><U52/><E52/><V83/><F131/><W28/><G67/><T78/><D78/><U37/><E37/><V1/><F130/><W14/><G60/><T127/><D134/><U36/><E36/><V72/><F129/><W123/><G123/><T62/><D127/><U112/><E112/><V57/><F50/><W89/><G35/><T70/><D64/><U124/><E124/><V30/><F59/><W49/><G49/><T96/><D62/><U122/><E122/><V88/><F58/><W104/><G32/><T66/><D66/><U92/><E92/><V110/><F57/><W63/><G63/><T21/><D56/><U103/><E103/><V61/><F61/><W24/><G105/><T3/><D54/><U41/><E41/><V44/><F110/><W71/><G104/><RYUUKYOKU ba="0,1" sc="306,-10,176,30,325,-10,183,-10" hai1="0,7,10,33,34,73,74,75,85,93,94,98,102" /><INIT seed="5,1,1,1,5,90" ten="296,206,315,173" oya="1" hai0="24,39,10,76,111,3,104,21,65,67,89,127,94" hai1="32,55,95,43,12,75,63,37,107,66,34,6,40" hai2="78,48,135,87,60,131,15,59,88,129,26,79,4" hai3="100,132,126,0,56,22,97,70,35,2,81,102,74"/><U25/><E107/><V109/><F109/><W45/><G70/><T19/><D104/><U57/><E75/><V82/><F135/><W117/><G35/><T115/><D111/><U7/><E7/><V96/><F48/><W71/><G71/><T31/><D39/><U38/><E38/><V128/><F96/><W123/><G123/><T44/><D76/><U133/><E133/><V64/><F26/><W72/><G126/><T101/><D101/><U42/><E25/><V46/><F46/><W27/><G74/><T84/><D115/><U29/><E29/><V52/><F64/><W119/><G56/><T77/><D127/><U49/><E37/><V23/><F23/><W54/><G54/><T118/><D118/><N who="3" m="45065" /><G45/><T108/><D77/><U110/><E110/><V113/><F113/><W98/><G81/><T11/><D3/><N who="3" m="1065" /><G72/><T99/><D44/><U122/><E122/><V5/><F5/><W68/><G68/><T41/><D65/><U69/><E34/><V8/><AGARI ba="1,1" hai="4,8,15,52,59,60,78,79,82,87,88,128,129,131" machi="8" ten="40,8000,1" yaku="0,1,19,1,54,2" doraHai="90" who="2" fromWho="2" sc="296,-21,206,-41,315,93,173,-21" /><INIT seed="6,0,0,0,3,113" ten="275,165,408,152" oya="2" hai0="92,66,115,91,39,32,58,4,8,128,108,79,25" hai1="119,73,26,82,5,49,11,122,75,51,65,7,24" hai2="30,103,19,93,72,70,22,102,109,118,89,131,1" hai3="104,95,76,57,110,126,86,112,74,132,105,85,6"/><V133/><F118/><W96/><G6/><T41/><D108/><U107/><E65/><V69/><F1/><W71/><G71/><T120/><D79/><U88/><E107/><N who="3" m="41034" /><G57/><T3/><D58/><U21/><E122/><V78/><F30/><W60/><G60/><T10/><D66/><U56/><E56/><V67/><F109/><W28/><G28/><T94/><D120/><U114/><E88/><V34/><F34/><W116/><G110/><T129/><D92/><U29/><E82/><V123/><F123/><W14/><G14/><T99/><D10/><U135/><E119/><V68/><F67/><W35/><G35/><T84/><D41/><U111/><E111/><V124/><F103/><N who="3" m="60831" /><G116/><T20/><D39/><U40/><E40/><V13/><F102/><W64/><G64/><T106/><D32/><U12/><E12/><V62/><F62/><W55/><G55/><T54/><D54/><U27/><E27/><V45/><F45/><W59/><G74/><T52/><D52/><U80/><E29/><V2/><F72/><W9/><G9/><T16/><D25/><U18/><E11/><V47/><F47/><W97/><G112/><T77/><D115/><U61/><E114/><V31/><F2/><W90/><G76/><T83/><D20/><U117/><E117/><V63/><F78/><W125/><G132/><T130/><D16/><U87/><E21/><V15/><F70/><W101/><G59/><T134/><D134/><U0/><E135/><V50/><F133/><W43/><G43/><T53/><D53/><U36/><E18/><V33/><F19/><RYUUKYOKU ba="0,0" sc="275,30,165,-10,408,-10,152,-10" hai0="3,4,8,77,83,84,91,94,99,106,128,129,130" /><INIT seed="7,1,0,1,3,37" ten="305,155,398,142" oya="3" hai0="52,58,113,7,127,56,10,82,119,123,95,19,27" hai1="25,85,117,21,88,47,38,14,99,116,81,30,74" hai2="45,36,80,72,76,6,44,108,130,115,5,133,129" hai3="126,11,46,41,90,17,8,110,18,70,93,104,111"/><W26/><G104/><T43/><D119/><N who="1" m="45643" /><E74/><V35/><F108/><N who="3" m="41515" /><G70/><T33/><D123/><U100/><E14/><V51/><F115/><W83/><G83/><T20/><D127/><U29/><E38/><V57/><F133/><W22/><G18/><T28/><D56/><U73/><E47/><N who="2" m="17995" /><F35/><W32/><G32/><T68/><D68/><U62/><E62/><V16/><F16/><W53/><G53/><T96/><D82/><U60/><E60/><V106/><F36/><N who="3" m="21799" /><G126/><T114/><D33/><U89/><E73/><V120/><F106/><W50/><G50/><T128/><D28/><N who="1" m="17455" /><E89/><V109/><F109/><W134/><G134/><T79/><D95/><AGARI ba="1,0" hai="29,30,81,85,88,95,99,100" m="17455,45643" machi="95" ten="30,2000,0" yaku="12,1,54,1" doraHai="37" who="1" fromWho="0" sc="305,-23,155,23,398,0,142,0" owari="282,8.2,178,-22.2,398,49.8,142,-35.8" /></mjloggm>