<mjloggm ver="2.3"><GO type="169" lobby="0"/><UN n0="%63%68%69%73%73" n1="%E6%98%8E%E6%98%9F%E5%B8%82%E6%B0%91" n2="%48%65%69%7A%6F" n3="%E5%8D%88%E5%BE%8C%E3%82%B4%E3%83%AA%E3%83%A9" dan="16,17,16,16" rate="2171.24,2203.97,2048.29,2147.88" sx="M,M,M,M"/><TAIKYOKU oya="0"/><INIT seed="0,0,0,4,2,5" ten="250,250,250,250" oya="0" hai0="101,95,105,68,118,131,114,71,102,107,7,17,37" hai1="35,70,78,39,104,122,127,119,133,124,46,26,9" hai2="97,80,59,23,31,36,89,21,33,120,18,74,14" hai3="117,15,30,48,41,51,43,34,63,6,3,110,65"/><T44/><D114/><U20/><E122/><V83/><F36/><W111/><G117/><T38/><D7/><U93/><E35/><V52/><F74/><W94/><G3/><T96/><D118/><U79/><E104/><V86/><F97/><W106/><G106/><T130/><D96/><U27/><E70/><V12/><F33/><W98/><G30/><T45/><D17/><U132/><E27/><N who="2" m="16895" /><F120/><W11/><G34/><T55/><D55/><U49/><E39/><V76/><F12/><W0/><G0/><T113/><D113/><U72/><E9/><V19/><F19/><W115/><G115/><T10/><REACH who="0" step="1"/><D95/><REACH who="0" ten="240,250,250,250" step="2"/><U57/><E93/><N who="2" m="54455" /><F76/><W62/><G43/><T24/><D24/><U54/><E119/><V108/><F108/><W75/><G41/><T77/><D77/><U116/><E116/><V81/><F81/><W13/><G111/><T32/><D32/><U73/><E79/><V100/><F100/><W91/><G110/><T134/><D134/><N who="1" m="51819" /><E78/><V126/><F126/><N who="1" m="48169" /><E73/><V1/><F1/><W135/><G75/><T129/><D129/><U128/><E72/><V88/><F88/><W66/><G135/><T4/><D4/><U85/><E128/><V61/><AGARI ba="0,1" hai="14,18,21,52,59,61,80,83" m="54455,16895" machi="61" ten="30,2000,0" yaku="8,1,54,1" doraHai="5" who="2" fromWho="2" sc="240,-10,250,-5,250,30,250,-5" /><INIT seed="1,0,0,3,5,50" ten="230,245,280,245" oya="1" hai0="87,14,95,71,37,18,33,12,39,115,8,49,104" hai1="84,43,98,77,10,123,114,58,107,81,120,91,59" hai2="19,105,29,126,78,25,66,117,130,34,20,22,46" hai3="0,36,38,13,97,131,76,65,31,94,3,72,109"/><U35/><E35/><V17/><F105/><W47/><G109/><T116/><D115/><U90/><E43/><V28/><F66/><W16/><G131/><T125/><D116/><U63/><E58/><V89/><F78/><W88/><G31/><T32/><D104/><U101/><E114/><V1/><F117/><W110/><G110/><T80/><D71/><U121/><REACH who="1" step="1"/><E10/><REACH who="1" ten="230,235,280,245" step="2"/><V106/><F34/><W15/><G38/><T83/><D8/><U27/><E27/><V128/><F25/><W129/><G36/><T111/><D33/><U4/><E4/><V96/><F128/><W24/><G129/><T99/><D32/><U44/><E44/><V118/><F46/><W68/><G47/><T74/><D111/><U133/><E133/><V62/><F130/><W103/><G24/><T122/><D39/><U53/><AGARI ba="0,1" hai="53,59,63,77,81,84,90,91,98,101,107,120,121,123" machi="53" ten="30,11700,0" yaku="1,1,0,1,52,1,53,1" doraHai="50" doraHaiUra="102" who="1" fromWho="1" sc="230,-39,235,127,280,-39,245,-39" /><INIT seed="1,1,0,5,2,43" ten="191,362,241,206" oya="1" hai0="5,36,72,77,70,124,11,90,66,128,92,33,75" hai1="108,45,55,82,0,6,50,12,94,20,63,41,3" hai2="34,122,101,98,121,125,62,89,56,67,37,13,51" hai3="38,117,133,54,40,118,103,8,57,74,27,84,31"/><U130/><E130/><V99/><F34/><W9/><G74/><T53/><D128/><U1/><E108/><V17/><F37/><W64/><G133/><T114/><D114/><U97/><E82/><V85/><F125/><W46/><G103/><T39/><D33/><U58/><E20/><V105/><F99/><W14/><G84/><T102/><D102/><U111/><E111/><V93/><REACH who="2" step="1"/><F51/><REACH who="2" ten="191,362,231,206" step="2"/><W110/><G110/><T87/><D124/><U100/><REACH who="1" step="1"/><E12/><REACH who="1" ten="191,352,231,206" step="2"/><V24/><F24/><W47/><G14/><T29/><D39/><U25/><E25/><V129/><F129/><W21/><G38/><T83/><D36/><U35/><E35/><V68/><F68/><W18/><G27/><T10/><D70/><U48/><E48/><V107/><F107/><W106/><G106/><T79/><D29/><U135/><E135/><V95/><F95/><W131/><G31/><T80/><D92/><U134/><E134/><V112/><F112/><W132/><G132/><T32/><D32/><U120/><E120/><V42/><F42/><W123/><G40/><T16/><D80/><U23/><E23/><AGARI ba="1,2" hai="13,17,23,56,62,67,85,89,93,98,101,105,121,122" machi="23" ten="30,3900,0" yaku="1,1,7,1,53,1" doraHai="43" doraHaiUra="61" who="2" fromWho="1" sc="191,0,352,-42,231,62,206,0" /><INIT seed="2,0,0,3,4,89" ten="191,310,293,206" oya="2" hai0="73,8,44,101,135,15,48,20,91,95,115,46,82" hai1="54,53,56,87,113,51,119,109,38,134,66,103,18" hai2="88,42,37,40,106,17,76,52,64,125,123,65,80" hai3="55,30,99,107,98,120,57,60,68,32,116,11,2"/><V43/><F123/><W7/><G120/><T130/><D130/><U67/><E113/><V25/><F37/><W70/><G116/><T84/><D135/><U93/><E38/><V47/><F106/><W114/><G114/><T36/><D115/><U50/><E109/><V112/><F112/><W108/><G108/><T22/><D36/><U126/><E126/><V13/><F25/><W79/><G79/><T1/><D1/><U0/><E0/><V63/><F76/><W122/><G122/><T27/><D73/><U4/><E4/><V14/><F14/><W6/><G6/><T31/><D22/><U127/><E127/><V19/><F19/><W26/><G99/><N who="0" m="59647" /><D48/><U132/><E119/><V39/><F39/><W118/><G118/><T128/><D128/><U9/><E9/><N who="2" m="6319" /><F125/><W81/><G81/><T58/><D58/><U83/><E18/><AGARI ba="0,0" hai="8,15,18,20,27,31,44,46,82,84,91" m="59647" machi="18" ten="30,2000,0" yaku="8,1,52,1" doraHai="89" who="0" fromWho="1" sc="191,20,310,-20,293,0,206,0" /><INIT seed="3,0,0,2,3,3" ten="211,290,293,206" oya="3" hai0="135,95,80,73,72,91,109,34,105,55,28,50,125" hai1="133,62,27,59,75,102,100,103,89,61,131,36,67" hai2="7,74,96,32,44,132,79,66,26,94,24,90,43" hai3="134,63,77,42,39,107,29,5,16,84,60,58,78"/><W65/><G107/><T122/><D122/><U13/><E131/><V33/><F66/><W69/><G134/><T48/><D34/><U9/><E36/><V99/><F74/><W88/><G29/><T112/><D28/><U120/><E75/><V87/><F79/><W83/><G39/><T116/><D105/><U22/><E133/><V47/><F87/><W30/><G42/><T25/><D135/><U68/><E89/><V10/><F132/><W98/><G30/><T20/><D109/><U40/><E40/><V126/><F126/><W106/><G106/><T128/><D80/><U11/><E120/><V76/><F76/><W118/><G98/><T108/><D108/><U85/><E85/><V38/><F47/><W2/><G16/><N who="0" m="12423" /><D116/><U124/><E124/><V41/><F41/><W64/><REACH who="3" step="1"/><G118/><REACH who="3" ten="211,290,293,196" step="2"/><T104/><D104/><U51/><E27/><V1/><F26/><W45/><G45/><N who="0" m="28047" /><D125/><U17/><REACH who="1" step="1"/><E51/><REACH who="1" ten="211,280,293,196" step="2"/><V92/><F24/><W113/><G113/><T0/><D112/><U14/><E14/><V23/><F38/><W49/><G49/><T18/><D50/><U86/><E86/><V53/><F43/><W111/><G111/><T93/><D73/><U123/><E123/><V127/><F127/><W119/><G119/><T4/><D72/><U52/><AGARI ba="0,2" hai="9,11,13,17,22,52,59,61,62,67,68,100,102,103" machi="52" ten="30,7900,0" yaku="1,1,0,1,54,1,53,1" doraHai="3" doraHaiUra="19" who="1" fromWho="1" sc="211,-20,280,99,293,-20,196,-39" /><INIT seed="4,0,0,1,1,60" ten="191,379,273,157" oya="0" hai0="102,58,20,13,82,92,95,98,40,7,65,69,122" hai1="9,93,73,131,34,79,53,25,10,89,105,83,67" hai2="22,19,16,77,135,133,17,86,33,21,112,51,118" hai3="5,132,66,27,110,50,127,18,74,72,49,75,88"/><T120/><D69/><U47/><E105/><V55/><F112/><W96/><G110/><T11/><D40/><U2/><E2/><V115/><F115/><W87/><G127/><T63/><D82/><U35/><E47/><V121/><F121/><W12/><G132/><N who="2" m="50761" /><F33/><W70/><G96/><T78/><D78/><U4/><E53/><V24/><F118/><W37/><G37/><T64/><D92/><U29/><E35/><V56/><F24/><W124/><G124/><T28/><REACH who="0" step="1"/><D65/><REACH who="0" ten="181,379,273,157" step="2"/><U97/><E67/><V23/><F77/><W8/><G66/><T80/><D80/><U111/><E83/><V45/><F86/><W117/><G70/><T106/><D106/><U116/><E93/><V43/><F43/><W62/><G117/><T3/><D3/><U32/><E79/><V54/><F54/><W46/><G75/><T129/><D129/><U114/><E73/><V26/><F26/><AGARI ba="0,1" hai="7,11,13,20,26,28,58,63,64,95,98,102,120,122" machi="26" ten="40,12000,1" yaku="1,1,25,2,52,1,53,0" doraHai="60" doraHaiUra="68" who="0" fromWho="2" sc="181,130,379,0,273,-120,157,0" /><INIT seed="4,1,0,2,5,98" ten="311,379,153,157" oya="0" hai0="15,82,28,60,118,58,78,47,50,99,16,115,59" hai1="91,124,92,51,109,123,126,57,20,85,114,70,84" hai2="107,76,90,62,83,86,13,97,116,45,127,18,100" hai3="95,10,132,111,19,113,94,29,130,39,64,96,56"/><T104/><D118/><U7/><E70/><V65/><F116/><W80/><G39/><T4/><D115/><U36/><E36/><V23/><F127/><N who="1" m="48681" /><E109/><V61/><F45/><W93/><G111/><T0/><D0/><U125/><E7/><V9/><F65/><W75/><G113/><T11/><D28/><U12/><E123/><V34/><F34/><W27/><G130/><T102/><D4/><U120/><E120/><V3/><F3/><W8/><G132/><T69/><D69/><U48/><E114/><V55/><F55/><W37/><G37/><T66/><D59/><U87/><E57/><V122/><F122/><W74/><G19/><T108/><D108/><U110/><E110/><V40/><F40/><W101/><G75/><T103/><D99/><U121/><E121/><V129/><F129/><W72/><G72/><T131/><D104/><U26/><E12/><V77/><F9/><W53/><G80/><T133/><D133/><U79/><E79/><V134/><F134/><W112/><G74/><T89/><D131/><U33/><E33/><V21/><F21/><N who="3" m="15599" /><G112/><T31/><D78/><U54/><E54/><V32/><F32/><W35/><G35/><T67/><D66/><U135/><E135/><V105/><F77/><W49/><G64/><T22/><D11/><AGARI ba="1,0" hai="8,10,11,49,53,56,93,94,95,96,101" m="15599" machi="11" ten="30,2000,0" yaku="8,1,52,1" doraHai="98" who="3" fromWho="0" sc="311,-23,379,0,153,0,157,23" /><INIT seed="5,0,0,1,3,51" ten="288,379,153,180" oya="1" hai0="79,15,62,112,121,29,19,97,107,135,99,93,64" hai1="60,11,80,50,35,6,16,32,82,0,17,92,75" hai2="39,1,110,23,49,13,43,84,9,72,129,42,12" hai3="122,78,101,38,10,41,68,69,74,132,116,70,53"/><U65/><E50/><V130/><F110/><W27/><G122/><T95/><D121/><U28/><E92/><V56/><F72/><W108/><G108/><T46/><D112/><U18/><E28/><V125/><F125/><W76/><G101/><T85/><D135/><U54/><E54/><N who="2" m="31823" /><F39/><W5/><G132/><T83/><D46/><U87/><E75/><V102/><F102/><W30/><G116/><T40/><D40/><U88/><REACH who="1" step="1"/><E80/><REACH who="1" ten="288,369,153,180" step="2"/><V26/><F1/><W86/><G74/><T59/><D29/><U117/><E117/><V55/><F55/><W8/><G53/><T67/><D67/><U20/><E20/><V45/><F42/><W7/><G41/><T114/><D114/><U73/><E73/><V89/><F43/><W21/><G38/><T113/><D113/><U105/><E105/><V91/><F9/><W133/><G133/><T90/><D107/><U98/><E98/><V128/><F45/><W134/><G134/><T115/><D115/><U106/><E106/><V44/><F44/><W34/><G21/><N who="0" m="11519" /><D95/><U61/><E61/><V4/><F84/><AGARI ba="0,1" hai="59,62,64,79,83,84,85,90,93,97,99" m="11519" machi="84" ten="30,1000,0" yaku="8,1" doraHai="51" who="0" fromWho="2" sc="288,20,369,0,153,-10,180,0" /><INIT seed="6,0,0,4,2,133" ten="308,369,143,180" oya="2" hai0="63,27,114,94,109,90,1,38,13,78,132,131,30" hai1="15,118,61,28,72,49,95,113,52,81,37,50,112" hai2="66,65,96,67,33,84,128,68,69,39,11,16,110" hai3="64,4,70,83,7,104,62,74,35,116,71,135,87"/><V57/><F33/><W82/><G116/><T3/><D109/><U105/><E37/><V75/><F75/><W17/><G104/><T101/><D38/><U34/><E105/><V29/><F39/><W85/><G74/><T115/><D132/><U86/><E72/><V107/><F110/><W21/><G135/><T19/><D78/><U22/><E95/><V14/><F29/><W102/><G102/><T119/><D101/><U48/><E34/><V56/><F128/><W126/><G35/><T41/><D41/><U129/><E129/><V25/><F25/><W106/><G106/><T54/><D30/><U36/><E36/><V8/><F107/><W108/><G108/><T59/><D119/><U10/><E22/><N who="2" m="11543" /><F96/><W9/><G9/><N who="2" m="3657" /><F69/><W31/><G31/><T89/><D13/><U77/><E28/><V125/><F125/><W100/><G100/><T60/><D131/><U97/><E97/><V46/><F68/><W55/><G71/><T58/><D27/><U51/><E118/><V99/><F99/><W6/><G126/><T111/><D111/><U26/><E26/><V103/><F103/><W79/><G55/><T91/><D19/><U20/><E20/><V124/><F124/><W88/><REACH who="3" step="1"/><G4/><REACH who="3" ten="308,369,143,170" step="2"/><T76/><D54/><U121/><E52/><V80/><F46/><W122/><G122/><T24/><D94/><U23/><E121/><V44/><F44/><W42/><G42/><T5/><D5/><U73/><E73/><V32/><F32/><W93/><G93/><T45/><D45/><U98/><E81/><V127/><F127/><W40/><G40/><RYUUKYOKU ba="0,1" sc="308,-15,369,-15,143,15,170,15" hai2="56,57,65,66,67,80,84" hai3="6,7,17,21,62,64,70,79,82,83,85,87,88" /><INIT seed="6,1,1,2,1,28" ten="293,354,158,185" oya="2" hai0="119,80,40,60,11,64,29,90,69,84,24,131,71" hai1="47,26,118,3,83,133,135,7,93,56,109,50,120" hai2="22,25,127,51,63,36,73,81,98,21,34,16,91" hai3="57,92,12,128,89,116,94,4,108,99,53,101,41"/><V2/><F36/><W31/><G108/><T97/><D131/><U54/><E109/><V38/><F38/><W6/><G116/><T62/><D119/><U76/><E120/><V5/><F73/><W43/><G128/><T88/><D40/><U19/><E7/><V106/><F127/><W17/><G31/><T95/><D11/><U20/><E3/><V49/><F34/><W78/><G78/><T105/><D105/><U46/><E93/><N who="2" m="56639" /><F106/><W48/><G6/><T37/><D37/><U77/><E77/><V58/><F2/><W45/><G4/><T1/><D1/><U8/><E8/><V66/><F5/><W61/><G41/><T59/><REACH who="0" step="1"/><D62/><REACH who="0" ten="283,354,158,185" step="2"/><U124/><E118/><V103/><F103/><W100/><REACH who="3" step="1"/><G94/><REACH who="3" ten="283,354,158,175" step="2"/><T130/><D130/><U0/><E0/><V30/><F81/><W115/><G115/><T39/><D39/><U113/><E113/><V102/><F102/><W42/><G42/><T126/><D126/><U79/><E124/><V132/><F132/><N who="1" m="50761" /><E76/><V123/><F123/><W134/><G134/><T82/><D82/><U23/><E83/><V107/><F107/><W75/><G75/><T121/><D121/><U67/><E79/><V112/><F112/><W96/><G96/><T129/><D129/><U110/><E110/><V70/><F70/><W111/><G111/><T68/><D68/><U15/><E67/><V32/><F32/><AGARI ba="1,3" hai="24,29,32,59,60,64,69,71,80,84,88,90,95,97" machi="32" ten="30,7700,0" yaku="1,1,7,1,52,1,54,1,53,0" doraHai="28" doraHaiUra="44" who="0" fromWho="2" sc="283,110,354,0,158,-80,175,0" /><INIT seed="7,0,0,0,4,131" ten="393,354,78,175" oya="3" hai0="84,29,105,58,96,55,25,104,43,18,123,46,92" hai1="23,83,89,113,127,8,37,28,97,103,111,36,13" hai2="117,70,10,86,80,124,7,93,42,1,64,102,121" hai3="14,90,68,69,50,106,15,49,98,67,4,125,108"/><W110/><G125/><T73/><D73/><U57/><E111/><N who="3" m="42538" /><G67/><T53/><D84/><U26/><E127/><V85/><F117/><W62/><G62/><T39/><D18/><U128/><E128/><V17/><F124/><W116/><G116/><T79/><D79/><U44/><E113/><V76/><F121/><W87/><G98/><T130/><D130/><U66/><E44/><V75/><F64/><W24/><G24/><T100/><D55/><U101/><E36/><V11/><F70/><N who="3" m="27243" /><G106/><T114/><D114/><U51/><E37/><V54/><F54/><W126/><G126/><T16/><D123/><U56/><E51/><N who="3" m="19466" /><G4/><T3/><D104/><U35/><E35/><V63/><F63/><W95/><AGARI ba="0,0" hai="14,15,87,90,95" m="19466,27243,42538" machi="95" ten="40,2100,0" yaku="10,1" doraHai="131" who="3" fromWho="3" sc="393,-7,354,-7,78,-7,175,21" /><INIT seed="7,1,0,3,2,51" ten="386,347,71,196" oya="3" hai0="43,42,36,12,101,14,13,89,77,116,131,67,127" hai1="41,82,103,85,123,66,23,54,115,16,113,17,29" hai2="46,87,90,111,2,83,52,99,121,50,11,88,104" hai3="79,44,134,130,39,15,32,27,135,102,120,119,18"/><W47/><G120/><T110/><D116/><U118/><E123/><V81/><F111/><W125/><G119/><T106/><D110/><U78/><E41/><N who="0" m="15369" /><D36/><U98/><E66/><V122/><F104/><W59/><G39/><T73/><D106/><U68/><E68/><V69/><F69/><W61/><G102/><T6/><D73/><U56/><E118/><V70/><F70/><W95/><G130/><T100/><D131/><U109/><E109/><V25/><F25/><W24/><G95/><T129/><D129/><U117/><E117/><V35/><F35/><W20/><G79/><T133/><D77/><U94/><E29/><V97/><F122/><W96/><G96/><T132/><D127/><U58/><E58/><V45/><F121/><W57/><G57/><T37/><D67/><U21/><E21/><V71/><F71/><W65/><G125/><T19/><D37/><U105/><E105/><V60/><F60/><W9/><G32/><T112/><D112/><N who="1" m="43083" /><E23/><V64/><F64/><W124/><G124/><T62/><D62/><AGARI ba="1,0" hai="16,17,54,56,62,78,82,85,94,98,103" m="43083" machi="62" ten="30,3900,0" yaku="15,1,52,1,54,1" doraHai="51" who="1" fromWho="0" sc="386,-42,347,42,71,0,196,0" owari="344,14.4,389,48.9,71,-42.9,196,-20.4" /></mjloggm>