<mjloggm ver="2.3"><GO type="169" lobby="0"/><UN n0="%E3%81%84%E3%81%A1" n1="%E5%9D%8A%E3%82%84%E3%81%A1%E3%81%A4" n2="%68%69%73%61%74%6F%E6%A3%92" n3="%E3%83%93%E3%83%81%E3%83%A3%E5%B1%B1%E3%83%93%E3%83%81%E3%83%A3%E7%94%B7" dan="16,16,16,16" rate="2071.48,2077.83,2104.43,2118.77" sx="M,M,M,M"/><TAIKYOKU oya="0"/><INIT seed="0,0,0,2,4,84" ten="250,250,250,250" oya="0" hai0="46,16,113,71,17,48,96,59,81,97,116,54,91" hai1="5,103,92,20,83,29,26,7,106,39,34,74,128" hai2="21,11,10,38,82,12,89,104,57,44,28,47,31" hai3="120,32,56,63,60,129,19,118,61,53,51,50,134"/><T132/><D113/><U8/><E128/><V93/><F104/><W117/><G32/><T124/><D116/><U13/><E39/><V23/><F82/><W30/><G30/><T125/><D71/><U100/><E106/><V107/><F107/><W121/><G19/><N who="0" m="7243" /><D132/><U109/><E109/><V22/><F57/><W40/><G134/><T24/><D24/><U105/><E105/><V68/><F68/><W1/><G1/><T35/><D35/><U36/><E36/><V135/><F38/><W55/><G40/><T119/><D119/><N who="3" m="45577" /><G129/><T58/><D97/><U126/><E126/><N who="0" m="48745" /><D81/><U0/><E83/><V27/><F135/><W88/><G88/><T79/><D79/><U111/><E34/><V95/><F23/><W65/><G65/><T78/><D78/><U94/><E20/><V114/><F27/><W37/><G37/><T127/><N who="0" m="48753" /><T99/><DORA hai="4" /><D99/><U52/><E26/><V98/><F98/><W9/><G9/><T18/><N who="0" m="7251" /><T102/><DORA hai="66" /><D102/><U41/><E103/><V67/><F114/><W87/><G87/><T73/><D73/><U72/><E72/><V123/><F67/><W70/><G70/><T80/><D80/><U3/><E74/><V108/><F123/><W62/><N who="3" m="15360" /><DORA hai="122" /><W14/><G121/><T25/><D25/><U75/><E75/><V131/><F131/><W77/><G77/><T112/><D112/><U15/><E100/><V76/><F76/><W2/><G120/><T64/><D64/><U6/><E29/><V115/><F115/><W133/><G133/><T101/><D101/><U43/><E111/><RYUUKYOKU ba="0,0" sc="250,30,250,-10,250,-10,250,-10" hai0="46,48,54,58,59,91,96" /><INIT seed="0,1,0,3,4,52" ten="280,240,240,240" oya="0" hai0="26,56,107,121,97,119,10,106,74,24,51,45,14" hai1="8,103,101,75,109,22,19,33,41,55,53,104,84" hai2="15,131,25,87,108,73,69,76,95,32,16,96,99" hai3="111,90,86,72,79,66,37,61,118,71,68,27,117"/><T31/><D119/><U92/><E75/><V80/><F69/><W40/><G111/><T42/><D121/><U123/><E33/><V125/><F131/><W21/><G71/><T44/><D74/><U35/><E35/><V91/><F125/><W23/><G23/><T133/><D133/><U100/><E104/><V113/><F113/><W46/><G79/><T49/><D97/><U60/><E41/><V65/><F65/><W116/><G72/><T129/><D129/><U105/><E105/><V134/><F108/><W58/><G68/><T77/><D77/><U114/><E8/><V83/><F134/><W48/><G37/><T0/><D0/><U127/><E127/><V110/><F110/><W115/><G115/><T39/><D39/><U70/><E70/><V17/><F83/><W28/><REACH who="3" step="1"/><G117/><REACH who="3" ten="280,240,240,230" step="2"/><T128/><D128/><U135/><E22/><V13/><F32/><W29/><G29/><T124/><D124/><U120/><E109/><V122/><F122/><W93/><AGARI ba="1,1" hai="21,27,28,40,46,48,58,61,66,86,90,93,116,118" machi="93" ten="20,5200,0" yaku="1,1,0,1,7,1,52,1,53,0" doraHai="52" doraHaiUra="1" who="3" fromWho="3" sc="280,-27,240,-14,240,-14,230,65" /><INIT seed="1,0,0,3,0,6" ten="253,226,226,295" oya="1" hai0="54,92,24,59,127,35,65,125,22,52,129,98,26" hai1="50,41,102,118,89,7,25,112,38,122,132,84,31" hai2="88,124,82,131,21,95,66,62,36,114,117,57,1" hai3="97,19,105,23,126,74,90,83,73,63,80,3,123"/><U79/><E118/><V75/><F117/><W20/><G123/><T100/><D129/><U64/><E122/><V60/><F131/><W45/><G126/><N who="0" m="48139" /><D35/><U13/><E112/><V39/><F1/><W78/><G3/><T56/><D26/><U111/><E38/><V130/><F130/><W18/><G63/><N who="0" m="38119" /><D59/><U11/><E132/><V108/><F108/><W16/><G45/><T134/><D134/><U135/><E64/><V68/><F114/><W44/><G44/><T71/><D71/><U30/><E135/><V70/><F68/><W17/><N who="3" m="4096" /><DORA hai="28" /><W29/><G29/><AGARI ba="0,0" hai="22,24,29,52,54,92,98,100" m="38119,48139" machi="29" ten="30,3900,0" yaku="25,1,18,1,54,1" doraHai="6,28" who="0" fromWho="3" sc="253,39,226,0,226,0,295,-39" /><INIT seed="2,0,0,2,1,55" ten="292,226,226,256" oya="2" hai0="74,0,59,44,17,51,130,57,58,63,27,99,49" hai1="81,110,19,28,64,40,38,14,2,120,60,111,91" hai2="95,39,78,35,127,70,48,8,18,86,47,41,53" hai3="7,102,29,94,109,54,92,106,42,117,11,113,90"/><V105/><F105/><W80/><G117/><T15/><D74/><U46/><E2/><V68/><F35/><W16/><G109/><T33/><D0/><U93/><E28/><V32/><F32/><W97/><G29/><T71/><D130/><U132/><E81/><V65/><F78/><W116/><G116/><T9/><D33/><U87/><E132/><V128/><F127/><W82/><G42/><N who="0" m="24727" /><D71/><U96/><E120/><V76/><F128/><W129/><G129/><T34/><D34/><U37/><E96/><V119/><F119/><W115/><G106/><T1/><D1/><U4/><E4/><V25/><F8/><W43/><G43/><T118/><D118/><U13/><E38/><V24/><F18/><W134/><G134/><T131/><D131/><U83/><E83/><N who="2" m="47463" /><F95/><W126/><G126/><T114/><D114/><U67/><E19/><V36/><F70/><W123/><G123/><T104/><D104/><U72/><E72/><V45/><F45/><W31/><G31/><T52/><D99/><U22/><E111/><V21/><F21/><W73/><G113/><T69/><D69/><U5/><E22/><V23/><F23/><W112/><G115/><T100/><D100/><U6/><E110/><V66/><F39/><W77/><G82/><T50/><D27/><N who="2" m="10314" /><F68/><W89/><G112/><T103/><D103/><U121/><E121/><V98/><F98/><N who="3" m="57623" /><G102/><T122/><D122/><U101/><E101/><V108/><F108/><W12/><G7/><T88/><D88/><U125/><E125/><V62/><F36/><W20/><G20/><T56/><AGARI ba="0,0" hai="9,15,17,50,51,52,56,57,58,59,63" m="24727" machi="56" ten="30,12000,2" yaku="5,1,8,1,52,4,54,1" doraHai="55" who="0" fromWho="0" sc="292,120,226,-30,226,-60,256,-30" /><INIT seed="3,0,0,0,1,83" ten="412,196,166,226" oya="3" hai0="53,89,118,32,101,50,67,17,72,1,18,5,102" hai1="3,77,134,129,98,90,74,93,43,58,37,8,31" hai2="132,133,100,71,23,126,110,115,86,76,41,2,125" hai3="30,111,130,49,69,45,54,87,59,12,11,20,81"/><W38/><G130/><T62/><D118/><U117/><E129/><V120/><F41/><W10/><G111/><T9/><D32/><U91/><E134/><N who="2" m="51819" /><F23/><W112/><G112/><T113/><D72/><U114/><E114/><V63/><F2/><W16/><G69/><T36/><D36/><U73/><E117/><V29/><F29/><W131/><G131/><T95/><D101/><U66/><E31/><V51/><F51/><W78/><G30/><T26/><D102/><U27/><E27/><V56/><F115/><W13/><G38/><T15/><D26/><U0/><E0/><V35/><F35/><W7/><G59/><T79/><D79/><U61/><E77/><V39/><F39/><W99/><G99/><T64/><D1/><U6/><REACH who="1" step="1"/><E91/><REACH who="1" ten="412,186,166,226" step="2"/><V94/><F110/><W119/><REACH who="3" step="1"/><G119/><REACH who="3" ten="412,186,166,216" step="2"/><T109/><D113/><U46/><AGARI ba="0,2" hai="3,6,8,37,43,46,58,61,66,73,74,90,93,98" machi="46" ten="30,4000,0" yaku="1,1,2,1,0,1,53,0" doraHai="83" doraHaiUra="22" who="1" fromWho="1" sc="412,-10,186,60,166,-10,216,-20" /><INIT seed="4,0,0,5,0,81" ten="402,246,156,196" oya="0" hai0="5,79,90,130,95,89,61,126,46,134,4,34,92" hai1="114,85,29,62,64,127,88,49,66,12,57,102,76" hai2="77,74,72,14,111,26,50,27,32,94,99,23,20" hai3="84,0,118,104,69,8,80,43,13,101,121,39,40"/><T100/><D34/><U11/><E127/><V122/><F111/><W96/><G118/><T10/><D126/><U107/><E76/><V16/><F77/><W86/><G121/><T6/><D130/><U21/><E114/><V25/><F32/><W56/><G69/><T73/><D134/><U117/><E117/><V2/><F2/><W65/><G0/><T124/><D124/><U131/><E107/><V125/><F122/><W120/><G120/><T93/><D100/><U63/><E102/><V51/><F72/><W71/><G71/><T22/><D10/><U70/><E49/><N who="2" m="18443" /><F74/><W67/><G67/><T78/><D46/><U135/><E135/><V108/><F108/><W60/><G80/><T83/><D61/><U45/><E45/><V58/><F58/><W53/><G53/><T7/><N who="0" m="1024" /><DORA hai="59" /><T3/><D3/><U106/><E106/><V9/><F125/><W110/><G110/><T128/><D128/><U87/><E131/><V133/><F133/><W55/><G55/><T44/><D44/><U17/><E29/><V97/><F97/><W31/><G39/><T132/><D132/><U18/><E88/><AGARI ba="0,0" hai="9,14,16,20,23,25,26,27,88,94,99" m="18443" machi="88" ten="30,3900,0" yaku="8,1,54,2" doraHai="81,59" who="2" fromWho="1" sc="402,0,246,-39,156,39,196,0" /><INIT seed="5,0,0,3,3,61" ten="402,207,195,196" oya="1" hai0="106,69,130,59,17,33,103,110,52,82,72,99,67" hai1="95,45,13,89,37,62,8,58,40,74,91,76,56" hai2="53,86,22,134,121,31,12,73,97,60,9,90,104" hai3="118,123,29,0,114,68,116,125,32,129,112,39,117"/><U75/><E58/><V119/><F73/><W26/><G39/><T133/><D110/><U57/><E57/><V48/><F134/><W44/><G44/><T98/><D133/><U2/><E2/><V124/><F124/><W122/><G125/><T36/><D36/><U24/><E24/><V34/><F34/><W71/><G129/><T50/><D130/><U46/><E46/><V81/><F60/><W132/><G132/><T92/><D33/><U49/><E37/><V16/><F119/><W84/><G84/><T41/><D41/><U80/><E75/><V63/><F63/><W3/><G68/><T7/><D7/><U79/><E95/><V66/><F121/><N who="3" m="46091" /><G71/><T35/><D35/><U83/><E83/><V20/><F31/><W28/><G28/><T109/><D17/><U1/><E79/><V5/><F5/><W93/><G93/><T107/><D109/><U78/><E78/><V77/><F66/><W18/><G18/><T111/><D111/><U135/><E1/><AGARI ba="0,0" hai="0,1,3,26,29,32,112,114,116,117,118" m="46091" machi="1" ten="40,8000,1" yaku="12,1,23,1,34,2" doraHai="61" who="3" fromWho="1" sc="402,0,207,-80,195,0,196,80" /><INIT seed="6,0,0,5,1,45" ten="402,127,195,276" oya="2" hai0="118,51,83,81,85,31,10,117,90,55,123,1,102" hai1="64,107,78,37,18,7,8,91,0,115,39,130,95" hai2="92,11,75,36,87,41,86,24,106,96,22,88,2" hai3="128,59,49,42,98,99,19,66,120,14,48,114,6"/><V109/><F75/><W84/><G120/><T12/><D123/><U135/><E115/><V103/><F109/><W43/><G128/><T68/><D68/><U21/><E135/><V77/><F36/><W33/><G33/><T56/><D102/><U112/><E107/><V79/><F41/><N who="3" m="15371" /><G6/><T73/><D31/><U17/><E112/><V25/><F24/><W69/><G69/><T47/><D1/><U46/><E130/><V97/><F11/><N who="3" m="6623" /><G84/><T74/><D56/><U26/><E78/><V27/><F27/><W116/><G116/><N who="0" m="44651" /><D81/><U129/><E129/><V82/><F2/><W52/><G66/><T5/><AGARI ba="0,0" hai="5,10,12,47,51,55,73,74,83,85,90" m="44651" machi="5" ten="30,2000,0" yaku="12,1,52,1" doraHai="45" who="0" fromWho="0" sc="402,20,127,-5,195,-10,276,-5" /><INIT seed="7,0,0,4,5,72" ten="422,122,185,271" oya="3" hai0="23,120,67,64,71,70,56,48,12,20,63,60,40" hai1="29,103,2,88,43,52,100,25,58,110,55,0,80" hai2="99,8,77,19,31,45,57,126,61,106,41,121,85" hai3="10,21,49,9,18,131,84,132,122,86,34,95,44"/><W33/><G131/><T73/><D120/><U14/><E110/><V28/><F126/><W89/><G132/><T5/><D73/><U123/><E123/><V133/><F106/><W125/><G33/><T46/><D56/><U135/><E135/><V24/><F99/><W129/><G34/><T115/><D115/><U42/><E14/><V50/><F133/><W66/><G129/><T36/><D36/><U93/><E2/><V74/><F74/><W82/><G66/><T16/><D5/><U114/><E0/><V81/><F121/><W119/><G119/><T76/><D76/><U91/><E114/><V94/><F94/><W102/><G102/><N who="1" m="38954" /><E80/><V83/><F81/><W62/><G62/><T98/><D98/><N who="1" m="57639" /><E91/><V113/><F113/><W68/><G68/><T35/><D35/><U79/><E79/><V27/><F8/><AGARI ba="0,0" hai="8,12,16,20,23,40,46,48,60,63,64,67,70,71" machi="8" ten="30,3900,0" yaku="7,1,9,1,54,1" doraHai="72" who="0" fromWho="2" sc="422,39,122,0,185,-39,271,0" owari="461,56.1,122,-37.8,146,-25.4,271,7.1" /></mjloggm>