<mjloggm ver="2.3"><GO type="169" lobby="0"/><UN n0="%E3%82%A4%E3%82%AB%E3%81%AB%E3%82%82%E6%9D%B1%E5%8C%97" n1="%E7%AE%B1%E4%B8%8B%E3%81%AE%E3%82%B1%E3%83%B3%E5%9D%8A" n2="%6B%6F%61%6C%61" n3="%74%34%63%34%32%32" dan="17,16,16,16" rate="2187.35,2133.87,2021.22,2145.54" sx="M,M,M,M"/><TAIKYOKU oya="0"/><INIT seed="0,0,0,2,2,43" ten="250,250,250,250" oya="0" hai0="13,67,48,109,69,104,46,5,95,119,130,124,99" hai1="9,3,44,33,100,93,125,129,105,79,6,58,14" hai2="121,27,18,41,34,76,132,65,135,96,127,87,128" hai3="23,25,89,113,107,102,55,70,91,106,52,17,111"/><T117/><D104/><U98/><E129/><V47/><F121/><W103/><G113/><T122/><D122/><U51/><E125/><V2/><F2/><W134/><G70/><T71/><D124/><U31/><E79/><V75/><F127/><W86/><G111/><T53/><D130/><U114/><E114/><V85/><F65/><W63/><G134/><N who="2" m="51241" /><F128/><W57/><G55/><T62/><D71/><U29/><E58/><V21/><F96/><W82/><REACH who="3" step="1"/><G91/><REACH who="3" ten="250,250,250,240" step="2"/><T8/><REACH who="0" step="1"/><D109/><REACH who="0" ten="240,250,250,240" step="2"/><U112/><E112/><V20/><F34/><W90/><G90/><AGARI ba="0,2" hai="5,8,13,46,48,53,62,67,69,90,95,99,117,119" machi="90" ten="30,11600,0" yaku="1,1,2,1,7,1,52,1,53,0" doraHai="43" doraHaiUra="126" who="0" fromWho="3" sc="240,136,250,0,250,0,240,-116" /><INIT seed="0,1,0,4,2,68" ten="376,250,250,124" oya="0" hai0="4,97,48,10,45,115,29,109,12,6,16,85,101" hai1="100,24,41,61,60,135,30,33,127,95,73,83,27" hai2="57,74,105,78,23,36,2,43,128,94,47,79,110" hai3="42,82,92,117,59,99,19,51,111,107,52,65,121"/><T28/><D115/><U37/><E127/><V132/><F110/><W75/><G111/><T87/><D109/><U62/><E135/><V72/><F105/><W123/><G117/><T70/><D70/><U103/><E24/><V90/><F132/><W54/><G107/><T91/><D29/><U53/><E53/><V80/><F2/><W112/><G112/><T77/><D28/><U50/><E50/><V102/><F102/><W76/><G65/><T114/><D77/><U88/><E83/><V71/><F71/><W8/><G42/><T18/><D114/><U44/><REACH who="1" step="1"/><E73/><REACH who="1" ten="376,240,250,124" step="2"/><V1/><F72/><W21/><G54/><T134/><D134/><U17/><E17/><V7/><F80/><W131/><G131/><T69/><D18/><U67/><E67/><V58/><F74/><W64/><G64/><T40/><D16/><U124/><E124/><V22/><F128/><W56/><G8/><T35/><D10/><U34/><E34/><V133/><F133/><W93/><G123/><T118/><D35/><U63/><N who="1" m="15360" /><DORA hai="98" /><U11/><E11/><V126/><F126/><W5/><G121/><T81/><D81/><U119/><E119/><V122/><F122/><W66/><G66/><T84/><D118/><U15/><E15/><V13/><F13/><N who="3" m="9455" /><G5/><N who="0" m="2155" /><D12/><U31/><E31/><V96/><F7/><W38/><G38/><T3/><D69/><U20/><E20/><N who="2" m="7723" /><F1/><W39/><G39/><T104/><D3/><U125/><E125/><V113/><F113/><W89/><G59/><T108/><D108/><U9/><E9/><V106/><F57/><W130/><G130/><RYUUKYOKU ba="1,1" sc="376,10,240,10,250,-30,124,10" hai0="40,45,48,84,85,87,91,97,101,104" hai1="27,30,33,37,41,44,88,95,100,103" hai3="51,52,56,75,76,82,89,92,93,99" /><INIT seed="0,2,1,1,2,83" ten="386,250,220,134" oya="0" hai0="18,54,71,3,100,126,116,129,22,49,111,87,98" hai1="113,17,74,52,44,47,25,133,95,91,131,67,24" hai2="89,11,41,127,30,130,38,59,122,121,1,16,43" hai3="31,105,36,35,86,5,135,10,61,88,12,57,96"/><T108/><D116/><U92/><E133/><V21/><F127/><W8/><G36/><T62/><D3/><U13/><E131/><V110/><F130/><W46/><G135/><T27/><D129/><U40/><E74/><V60/><F110/><N who="0" m="42026" /><D126/><U63/><E113/><V114/><F114/><W134/><G134/><T118/><D118/><U99/><E92/><V6/><F30/><W123/><G123/><T128/><D128/><U64/><E64/><V68/><F68/><W115/><G115/><T85/><D62/><U117/><E117/><V81/><F38/><W20/><G46/><N who="0" m="27959" /><D71/><U97/><E97/><V65/><F122/><W2/><G96/><T101/><D101/><U76/><E76/><V70/><F70/><W15/><G105/><AGARI ba="2,1" hai="18,22,27,85,87,98,100,105" m="27959,42026" machi="105" ten="30,11600,0" yaku="14,1,10,1,52,2" doraHai="83" who="0" fromWho="3" sc="386,132,250,0,220,0,134,-122" /><INIT seed="0,3,0,0,2,5" ten="518,250,220,12" oya="0" hai0="39,62,119,34,3,46,81,79,68,113,49,118,112" hai1="14,55,120,60,111,37,9,58,51,124,134,93,90" hai2="61,87,47,109,43,41,16,107,38,24,133,132,96" hai3="100,95,92,125,29,15,27,72,102,75,123,70,131"/><T8/><D34/><U17/><E111/><V35/><F109/><W115/><G70/><T45/><D49/><U28/><E120/><V130/><F130/><W108/><G115/><T73/><D46/><U84/><E124/><V67/><F41/><W88/><G108/><T77/><D79/><U94/><E134/><N who="2" m="51819" /><F87/><W0/><G0/><T116/><D62/><U66/><E37/><V99/><F107/><W54/><G125/><T23/><D23/><U20/><E28/><V101/><F101/><W78/><G123/><T69/><D113/><U82/><E20/><N who="2" m="13319" /><F35/><W25/><G131/><T44/><D44/><AGARI ba="3,0" hai="9,14,17,44,51,55,58,60,66,82,84,90,93,94" machi="44" ten="30,8000,1" yaku="7,1,25,2,8,1,52,1" doraHai="5" who="1" fromWho="0" sc="518,-89,250,89,220,0,12,0" /><INIT seed="1,0,0,4,4,91" ten="429,339,220,12" oya="1" hai0="113,14,54,17,83,62,88,44,4,0,95,81,56" hai1="55,1,57,94,99,105,8,27,93,87,64,28,24" hai2="46,25,30,109,23,111,118,41,133,127,7,79,60" hai3="129,89,120,35,103,38,97,106,128,98,66,39,119"/><U85/><E64/><V134/><F79/><W69/><G120/><T72/><D113/><U77/><E105/><V84/><F84/><W15/><G119/><T75/><D75/><U135/><E135/><N who="2" m="51723" /><F60/><N who="3" m="40135" /><G15/><T110/><D110/><N who="2" m="41994" /><F46/><W9/><G9/><T70/><D70/><U51/><E1/><V12/><F41/><W125/><G125/><T86/><D72/><U48/><E8/><N who="2" m="4127" /><F118/><W61/><G61/><T76/><D76/><U47/><E77/><V49/><F49/><W20/><G20/><T50/><D4/><U78/><E78/><V36/><F36/><N who="3" m="13867" /><G89/><T45/><D0/><U126/><E126/><AGARI ba="0,0" hai="23,25,30,126,127" m="4127,41994,51723" machi="126" ten="40,8000,1" yaku="20,1,14,1,34,2" doraHai="91" who="2" fromWho="1" sc="429,0,339,-80,220,80,12,0" /><INIT seed="2,0,0,5,4,41" ten="429,259,300,12" oya="2" hai0="3,82,78,36,69,90,48,95,28,119,2,56,97" hai1="4,51,37,44,110,113,102,80,98,107,39,81,50" hai2="66,53,117,77,38,59,93,54,96,101,60,31,71" hai3="18,135,42,88,17,58,133,23,20,11,72,65,131"/><V25/><F38/><W103/><G72/><T126/><D69/><U21/><E110/><V75/><F117/><W123/><G123/><T85/><D36/><U13/><E113/><V79/><F75/><W127/><G103/><T5/><D119/><U15/><E37/><V29/><F29/><W86/><G127/><T109/><D109/><U87/><E39/><V111/><F111/><W6/><G131/><T0/><D126/><U125/><E51/><V8/><F8/><W122/><G122/><T91/><D28/><U14/><E125/><V74/><F74/><W115/><G115/><T10/><D91/><U134/><E134/><N who="3" m="51210" /><G42/><T64/><D64/><U108/><E108/><V67/><F67/><W83/><G58/><T35/><D35/><U70/><E70/><V26/><F26/><W68/><G65/><T7/><D7/><U1/><E80/><V128/><F128/><W124/><G68/><T116/><D116/><U16/><E1/><V100/><F100/><W104/><G104/><T19/><D19/><N who="3" m="7177" /><G124/><T49/><D56/><U40/><REACH who="1" step="1"/><E4/><REACH who="1" ten="429,249,300,12" step="2"/><V73/><F71/><W121/><G121/><T114/><D114/><U61/><E61/><V120/><F120/><W89/><G89/><AGARI ba="0,1" hai="13,14,15,16,21,40,44,50,81,87,89,98,102,107" machi="89" ten="30,7700,0" yaku="1,1,7,1,52,1,54,1,53,0" doraHai="41" doraHaiUra="55" who="1" fromWho="3" sc="429,0,249,87,300,0,12,-77" owari="429,52.9,336,13.6,300,-10.0,-65,-56.5" /></mjloggm>