<mjloggm ver="2.3"><GO type="169" lobby="0"/><UN n0="%41%4C%50%45%52%49%4E" n1="%E9%87%A3%E3%82%8A%E6%97%A5%E5%92%8C" n2="%6A%61%63%6B%74" n3="%E7%9C%9F%E4%B8%80" dan="16,18,16,16" rate="2132.03,2223.46,2132.25,2151.68" sx="M,M,M,M"/><TAIKYOKU oya="0"/><INIT seed="0,0,0,5,1,79" ten="250,250,250,250" oya="0" hai0="115,25,30,7,26,122,102,95,40,103,114,77,88" hai1="75,101,45,62,43,85,80,106,57,64,127,124,39" hai2="87,126,50,24,107,111,112,20,72,68,110,123,8" hai3="100,117,34,83,59,29,11,58,66,41,70,81,36"/><T86/><D122/><U109/><E75/><V51/><F72/><W6/><G117/><T28/><D7/><U12/><E109/><N who="2" m="41483" /><F123/><W22/><G34/><T10/><D10/><U1/><E1/><V104/><F112/><W133/><G70/><T96/><D40/><U37/><E37/><V84/><F68/><W98/><G133/><T17/><D17/><U71/><E71/><V92/><F8/><W54/><G36/><T3/><D3/><U99/><REACH who="1" step="1"/><E12/><REACH who="1" ten="250,240,250,250" step="2"/><V32/><F126/><W125/><G125/><T49/><D115/><U38/><E38/><V42/><F107/><W61/><G41/><T76/><D114/><U69/><E69/><V23/><F104/><W129/><G129/><T9/><D9/><U93/><E93/><V94/><F42/><W121/><G121/><T44/><D26/><U108/><E108/><V130/><F24/><N who="3" m="16535" /><G11/><T128/><D128/><U90/><AGARI ba="0,1" hai="39,43,45,57,62,64,80,85,90,99,101,106,124,127" machi="90" ten="30,4000,0" yaku="1,1,0,1,52,1,53,0" doraHai="79" doraHaiUra="48" who="1" fromWho="1" sc="250,-20,240,50,250,-10,250,-10" /><INIT seed="1,0,0,5,1,123" ten="230,290,240,240" oya="1" hai0="88,32,52,129,55,83,121,20,134,7,54,108,119" hai1="94,31,67,118,24,112,109,49,51,111,89,75,27" hai2="46,92,19,4,63,101,5,131,72,90,106,115,80" hai3="124,116,36,68,48,53,9,57,81,40,22,8,25"/><U120/><E120/><V11/><F131/><W17/><G124/><T39/><D121/><U43/><E112/><V76/><F115/><W0/><G116/><T6/><D32/><U62/><E75/><V125/><F125/><W71/><G81/><T18/><D119/><U47/><E49/><V37/><F63/><W110/><G110/><N who="1" m="41994" /><E31/><V45/><F19/><W93/><G40/><T34/><D39/><U38/><E38/><V10/><F37/><W79/><G79/><T33/><D108/><U133/><E133/><V1/><F101/><W102/><G36/><T84/><D134/><U30/><E30/><V78/><F78/><W96/><REACH who="3" step="1"/><G0/><REACH who="3" ten="230,290,240,230" step="2"/><T99/><D129/><U41/><E43/><V23/><F76/><W21/><G21/><T104/><D33/><U126/><E118/><V105/><F23/><W60/><G60/><T98/><D34/><U70/><E126/><V103/><F80/><W65/><G65/><T29/><D29/><U59/><E70/><AGARI ba="0,1" hai="8,9,17,22,25,48,53,57,68,70,71,93,96,102" machi="70" ten="40,1300,0" yaku="1,1,53,0" doraHai="123" doraHaiUra="69" who="3" fromWho="1" sc="230,0,290,-13,240,0,230,23" /><INIT seed="2,0,0,3,4,122" ten="230,277,240,253" oya="2" hai0="81,46,17,9,75,48,91,26,37,134,54,113,92" hai1="57,39,29,65,0,64,115,22,16,3,97,116,90" hai2="127,124,28,66,106,33,6,85,87,24,118,73,93" hai3="110,20,53,82,111,59,25,72,128,13,55,101,58"/><V95/><F118/><W98/><G128/><T43/><D113/><U45/><E115/><V38/><F73/><W27/><G13/><T83/><D134/><U94/><E29/><V132/><F106/><W80/><G72/><T121/><D121/><U49/><E39/><V36/><F66/><W42/><G42/><T130/><D130/><U114/><E116/><V41/><F6/><W47/><G47/><T21/><D9/><U133/><E133/><V30/><F132/><W40/><G40/><T76/><D81/><U51/><E51/><V103/><F41/><W50/><G98/><T135/><D135/><U109/><E114/><V10/><F10/><W112/><G112/><T23/><D23/><U96/><E96/><V18/><F18/><W1/><G1/><T89/><REACH who="0" step="1"/><D92/><REACH who="0" ten="220,277,240,253" step="2"/><U70/><E94/><V31/><F33/><W74/><G74/><T117/><D117/><U2/><E22/><V131/><F131/><W34/><G34/><T84/><D84/><N who="2" m="32330" /><F93/><W14/><G20/><T7/><D7/><U88/><E97/><N who="2" m="59839" /><F24/><W35/><G35/><T68/><D68/><U69/><E70/><V102/><F102/><W52/><G101/><T108/><D108/><N who="3" m="41513" /><G14/><T77/><D77/><U105/><E109/><V61/><F61/><N who="3" m="36039" /><G55/><T19/><D19/><U123/><E16/><V63/><F63/><W71/><G71/><T100/><D100/><U125/><E69/><V99/><F99/><W86/><G82/><T44/><AGARI ba="0,1" hai="17,21,26,37,43,44,46,48,54,75,76,83,89,91" machi="44" ten="20,2700,0" yaku="1,1,0,1,7,1,53,0" doraHai="122" doraHaiUra="67" who="0" fromWho="0" sc="220,37,277,-7,240,-13,253,-7" /><INIT seed="3,0,0,4,0,12" ten="257,270,227,246" oya="3" hai0="56,0,33,96,102,91,51,21,7,25,72,119,30" hai1="16,2,54,103,26,105,134,53,17,122,29,55,133" hai2="24,9,50,106,66,68,99,135,37,4,89,130,64" hai3="100,84,65,67,125,23,86,34,11,59,15,129,128"/><W31/><G34/><T98/><D72/><U108/><E2/><V42/><F37/><W121/><G121/><T107/><D119/><U39/><E39/><V87/><F130/><N who="3" m="50283" /><G100/><T36/><D36/><U52/><E122/><V113/><F113/><W70/><G70/><T94/><D0/><U47/><E108/><V28/><F135/><N who="1" m="51721" /><E105/><V71/><F68/><W44/><G44/><T3/><D3/><U61/><E103/><V114/><F71/><W126/><G86/><T85/><D7/><U116/><E116/><V43/><F114/><W131/><G84/><T6/><D6/><U132/><N who="1" m="51729" /><U35/><DORA hai="58" /><E61/><V22/><F99/><W80/><G80/><T41/><D33/><U63/><E47/><V124/><F106/><W1/><G1/><T5/><D5/><U74/><E74/><V49/><F4/><N who="3" m="3559" /><G131/><T14/><D107/><U60/><E60/><V40/><F50/><W88/><G59/><AGARI ba="0,0" hai="16,17,26,29,35,52,53,54,55,59,63" m="51729" machi="59" ten="50,12000,2" yaku="20,1,52,3,54,2" doraHai="12,58" who="1" fromWho="3" sc="257,0,270,120,227,0,246,-120" /><INIT seed="4,0,0,1,1,118" ten="257,390,227,126" oya="0" hai0="76,95,97,94,84,89,129,34,72,107,128,40,119" hai1="37,130,116,71,81,9,63,43,75,1,17,126,16" hai2="11,92,22,46,68,24,53,134,103,79,55,106,38" hai3="45,88,52,10,62,93,61,109,5,3,66,33,32"/><T127/><D34/><U70/><E116/><V12/><F106/><W78/><G109/><T124/><D40/><U41/><E130/><N who="0" m="50281" /><D119/><U86/><E126/><N who="0" m="48169" /><D107/><U65/><E71/><V105/><F105/><W131/><G131/><T101/><D76/><U73/><E73/><AGARI ba="0,0" hai="72,73,84,89,94,95,97,101" m="48169,50281" machi="73" ten="30,11600,0" yaku="19,1,18,1,34,2" doraHai="118" who="0" fromWho="1" sc="257,116,390,-116,227,0,126,0" /><INIT seed="4,1,0,5,5,120" ten="373,274,227,126" oya="0" hai0="27,117,104,13,111,128,90,10,17,3,45,46,56" hai1="85,68,12,108,66,129,62,113,91,75,94,89,130" hai2="42,84,1,41,88,67,23,36,70,69,125,40,4" hai3="72,93,50,101,15,55,131,38,19,78,7,22,115"/><T49/><D117/><U35/><E75/><V63/><F125/><W121/><G115/><T102/><D3/><U53/><E35/><V124/><F124/><W34/><G38/><T110/><D128/><N who="1" m="49259" /><E113/><V31/><F70/><W65/><G131/><T14/><D27/><U107/><E107/><V87/><F87/><W122/><G34/><T135/><D135/><U57/><E12/><V64/><F64/><W20/><G65/><T30/><D30/><U5/><E5/><V52/><F36/><W24/><G72/><T29/><D29/><U74/><E89/><V2/><F4/><W61/><G61/><T28/><D28/><U43/><E43/><V106/><F106/><W39/><G39/><T8/><D90/><U16/><E74/><V103/><F103/><W134/><G78/><T79/><D79/><U80/><E16/><V118/><F118/><W32/><G32/><T21/><D102/><U9/><E9/><N who="0" m="3689" /><D14/><U99/><E99/><V132/><F132/><W54/><G7/><T97/><D97/><U83/><E83/><V119/><F119/><W133/><G133/><T71/><D104/><U0/><E0/><V48/><F23/><W95/><G134/><T18/><D18/><U109/><E80/><V96/><F96/><W98/><G122/><T114/><D114/><U37/><E37/><V105/><F31/><N who="3" m="17799" /><G121/><T58/><D71/><U126/><E126/><V77/><F77/><W44/><G95/><T82/><D82/><U127/><E127/><V123/><F123/><W11/><G11/><T51/><D21/><U100/><E100/><V59/><F105/><RYUUKYOKU ba="1,0" sc="373,-30,274,10,227,10,126,10" hai1="53,57,62,66,68,85,91,94,108,109" hai2="1,2,40,41,42,48,52,59,63,67,69,84,88" hai3="15,19,22,44,50,54,55,93,98,101" /><INIT seed="5,2,0,1,1,83" ten="343,284,237,136" oya="1" hai0="14,89,97,116,90,52,15,66,98,22,82,60,11" hai1="53,85,34,58,112,41,27,4,128,17,19,119,108" hai2="115,133,39,26,51,2,73,37,16,50,67,1,70" hai3="64,81,21,96,20,59,48,77,28,43,117,105,106"/><U54/><E119/><V56/><F73/><W134/><G134/><T29/><D116/><U24/><E112/><V8/><F70/><W78/><G117/><T68/><D90/><U3/><E128/><V7/><F133/><W55/><G43/><T61/><D82/><U84/><E3/><V0/><F115/><W111/><G111/><T102/><D89/><U63/><E4/><V75/><F75/><W87/><G64/><T127/><D127/><U36/><E36/><V103/><F103/><W126/><G126/><T71/><D102/><U132/><E132/><V9/><F39/><W32/><G78/><T31/><D52/><N who="1" m="20075" /><E34/><V79/><F37/><W38/><G38/><T23/><D11/><U93/><E93/><V35/><F79/><W91/><G32/><T72/><D72/><U100/><E100/><V80/><F80/><W88/><G91/><T33/><D33/><U95/><E95/><V18/><F0/><W69/><G69/><T76/><D76/><U107/><E107/><V123/><F123/><W92/><REACH who="3" step="1"/><G28/><REACH who="3" ten="343,284,237,126" step="2"/><T135/><D135/><U114/><E41/><V125/><F125/><W6/><G6/><T5/><D5/><U65/><E108/><V57/><F67/><AGARI ba="2,1" hai="14,15,22,23,29,31,60,61,66,67,68,71,97,98" machi="67" ten="25,1600,0" yaku="22,2" doraHai="83" who="0" fromWho="2" sc="343,32,284,0,237,-22,126,0" /><INIT seed="6,0,0,3,2,35" ten="375,284,215,126" oya="2" hai0="95,81,49,55,115,80,102,128,78,98,33,0,34" hai1="5,106,76,79,1,107,101,63,28,57,118,21,71" hai2="110,8,108,61,116,9,13,133,53,73,104,105,42" hai3="127,40,99,24,60,122,120,109,131,97,30,32,31"/><V94/><F116/><W22/><G109/><N who="2" m="42089" /><F73/><W2/><G131/><T38/><D115/><U112/><E118/><V119/><F119/><W84/><G127/><T125/><D125/><U93/><E71/><V96/><F133/><W92/><G40/><T56/><D38/><U83/><E112/><V66/><F53/><W72/><G72/><T50/><D128/><U103/><E107/><N who="2" m="41035" /><F13/><W20/><G32/><T26/><D0/><U46/><E106/><V75/><F75/><W68/><G84/><T88/><D26/><U77/><E83/><V23/><F23/><W45/><G45/><T64/><D64/><U14/><E46/><V117/><F42/><W69/><G92/><T18/><D34/><U47/><E47/><V52/><F52/><W36/><G24/><T130/><D33/><U48/><E14/><V121/><F121/><W58/><G58/><T12/><D130/><U67/><E21/><V15/><F15/><W85/><G85/><N who="0" m="48279" /><D56/><U113/><E113/><V41/><F41/><W17/><G17/><T27/><D55/><U59/><E59/><N who="2" m="37183" /><F117/><W123/><G123/><T82/><D27/><U111/><E111/><V134/><F134/><W124/><G60/><T114/><D114/><U129/><E129/><V89/><AGARI ba="0,0" hai="8,9,89,94,96" m="37183,41035,42089" machi="89" ten="30,1500,0" yaku="10,1" doraHai="35" who="2" fromWho="2" sc="375,-5,284,-5,215,15,126,-5" /><INIT seed="6,1,0,3,5,88" ten="370,279,230,121" oya="2" hai0="16,92,20,103,120,40,105,7,126,19,133,64,48" hai1="115,21,49,60,47,71,17,89,35,94,18,6,50" hai2="26,34,111,129,86,135,82,121,97,15,125,54,56" hai3="51,70,0,112,68,93,130,119,13,28,32,33,53"/><V37/><F121/><W4/><G119/><T118/><D120/><U124/><E35/><V46/><F125/><W116/><G116/><T1/><D105/><U102/><E124/><V107/><F129/><W69/><G130/><T96/><D126/><U23/><E102/><V99/><F135/><W75/><G0/><T9/><D133/><U45/><E6/><V80/><F107/><W131/><G131/><T122/><D122/><U134/><E134/><V104/><F111/><W91/><G75/><T24/><D118/><U25/><E115/><V12/><F37/><W90/><G112/><T8/><D64/><U11/><E11/><V74/><F46/><N who="1" m="17417" /><E60/><V29/><F74/><W43/><G43/><T79/><D79/><U14/><E71/><V62/><F80/><W52/><G28/><T95/><D48/><U78/><E78/><V63/><F63/><W117/><G117/><T87/><D40/><U132/><E132/><V83/><F83/><W59/><G53/><T128/><D128/><U10/><E10/><N who="0" m="4201" /><D7/><U36/><E36/><V67/><F67/><W109/><G109/><T106/><D106/><U5/><E5/><V110/><F110/><W113/><G113/><T108/><D1/><U65/><E65/><V127/><F127/><W84/><G4/><T100/><D108/><U30/><E30/><V85/><F104/><W58/><G58/><T101/><D19/><U27/><E14/><N who="2" m="5163" /><F82/><W22/><G91/><AGARI ba="1,0" hai="16,20,24,87,91,92,95,96,100,101,103" m="4201" machi="91" ten="30,7700,0" yaku="8,1,52,2,54,1" doraHai="88" who="0" fromWho="3" sc="370,80,279,0,230,0,121,-80" /><INIT seed="7,0,0,2,1,125" ten="450,279,230,41" oya="3" hai0="47,88,133,96,90,69,85,45,93,4,22,87,89" hai1="91,8,21,36,113,134,25,112,51,98,14,62,50" hai2="33,42,41,26,29,54,129,48,59,58,109,82,130" hai3="40,111,128,39,24,76,110,57,10,118,2,19,86"/><W123/><G123/><T67/><D133/><U81/><E36/><V11/><F109/><N who="3" m="41483" /><G118/><T37/><D4/><N who="1" m="3335" /><E62/><V107/><F107/><W68/><G68/><T32/><D32/><U131/><E131/><N who="2" m="50187" /><F59/><W122/><G128/><T119/><D22/><U66/><E66/><V9/><F82/><N who="3" m="47431" /><G122/><T99/><D37/><U114/><E134/><V115/><F115/><W75/><G75/><T80/><D67/><U16/><E81/><V6/><F9/><W71/><G71/><T77/><D69/><U56/><E56/><V5/><F6/><N who="3" m="1367" /><G57/><T83/><D119/><U84/><E84/><V27/><F26/><W95/><G95/><AGARI ba="0,0" hai="45,47,77,80,83,85,87,88,89,90,93,95,96,99" machi="95" ten="40,5200,0" yaku="9,1,8,1,54,1" doraHai="125" who="0" fromWho="3" sc="450,52,279,0,230,0,41,-52" /><AGARI ba="0,0" hai="16,21,25,50,51,91,95,98,112,113,114" m="3335" machi="95" ten="30,2000,0" yaku="15,1,54,1" doraHai="125" who="1" fromWho="3" sc="502,0,279,20,230,0,-11,-20" owari="502,60.2,299,9.9,230,-17.0,-31,-53.1" /></mjloggm>