<mjloggm ver="2.3"><GO type="169" lobby="0"/><UN n0="%E4%BE%8D" n1="%62%61%6B%75%72%61%30%38" n2="%6B%6F%61%6C%61" n3="%4D%75%64%46%6C%6F%77" dan="18,18,16,17" rate="2285.28,2177.83,2048.65,2194.65" sx="M,M,M,M"/><TAIKYOKU oya="0"/><INIT seed="0,0,0,1,0,21" ten="250,250,250,250" oya="0" hai0="39,58,69,127,113,56,94,107,121,66,68,64,95" hai1="134,37,96,20,135,34,12,62,19,6,5,33,79" hai2="18,110,31,17,109,101,51,82,112,120,93,85,27" hai3="16,114,53,52,128,92,83,88,106,28,133,25,55"/><T84/><D107/><U105/><E37/><V32/><F120/><W97/><G114/><T0/><D84/><U115/><E62/><V129/><F112/><W71/><G71/><T76/><D113/><U29/><E79/><V61/><F61/><W45/><G128/><T54/><D76/><U100/><E115/><V132/><F51/><W86/><G133/><N who="1" m="50698" /><E29/><V2/><F2/><W41/><G106/><T122/><D0/><U47/><E47/><V24/><F129/><W126/><G126/><T60/><D60/><U99/><E96/><N who="2" m="59535" /><F132/><W74/><G74/><T22/><D22/><U104/><E104/><V89/><F27/><W116/><G116/><T63/><D63/><U81/><E81/><V15/><F15/><W36/><G16/><T9/><D9/><U78/><E78/><V48/><F48/><W44/><G44/><T1/><D1/><U4/><AGARI ba="0,0" hai="4,5,6,12,19,20,33,34,99,100,105" m="50698" machi="4" ten="30,1100,0" yaku="20,1" doraHai="21" who="1" fromWho="1" sc="250,-5,250,11,250,-3,250,-3" /><INIT seed="1,0,0,1,5,101" ten="245,261,247,247" oya="1" hai0="30,132,31,106,128,76,130,16,109,23,18,35,81" hai1="77,95,58,22,67,42,84,21,32,104,43,92,123" hai2="49,64,71,57,79,87,15,47,119,111,41,110,3" hai3="33,114,116,72,83,50,131,45,129,39,102,66,14"/><U70/><E123/><V89/><F3/><W88/><G114/><T7/><D109/><N who="2" m="41482" /><F119/><W78/><G33/><T134/><D35/><U37/><E70/><V0/><F0/><W125/><G39/><T20/><D81/><U120/><E37/><V69/><F79/><W94/><G125/><T53/><D76/><U96/><E32/><V34/><F34/><W74/><G116/><T6/><D53/><U117/><E120/><V13/><F57/><W61/><G102/><T113/><D106/><U56/><E104/><V2/><F2/><W17/><G74/><T11/><D11/><U29/><E117/><V19/><F64/><W54/><G66/><T10/><D10/><U105/><E105/><V124/><F124/><W86/><REACH who="3" step="1"/><G61/><REACH who="3" ten="245,261,247,237" step="2"/><T55/><D55/><U36/><E67/><V80/><F69/><W25/><G25/><T68/><D68/><U91/><E36/><V60/><F60/><W75/><G75/><T90/><D90/><U27/><E91/><V85/><F71/><W8/><AGARI ba="0,1" hai="8,14,17,45,50,54,72,78,83,86,88,94,129,131" machi="8" ten="30,7900,0" yaku="1,1,0,1,54,1,53,1" doraHai="101" doraHaiUra="12" who="3" fromWho="3" sc="245,-20,261,-39,247,-20,237,89" /><INIT seed="2,0,0,2,3,108" ten="225,222,227,326" oya="2" hai0="26,107,9,65,12,106,81,29,13,122,61,84,56" hai1="38,100,40,46,49,6,16,59,125,30,22,44,86" hai2="94,134,51,25,85,79,115,120,57,91,124,129,14" hai3="110,67,69,121,41,10,111,18,92,127,77,4,119"/><V114/><F120/><W83/><G119/><T17/><D12/><U48/><E125/><V132/><F124/><W60/><G121/><T89/><REACH who="0" step="1"/><D122/><REACH who="0" ten="215,222,227,326" step="2"/><U104/><E6/><V80/><F14/><W135/><G127/><T11/><D11/><U93/><E104/><V118/><F118/><W36/><G4/><T33/><AGARI ba="0,1" hai="9,13,17,26,29,33,56,61,65,81,84,89,106,107" machi="33" ten="20,2700,0" yaku="1,1,0,1,7,1,53,0" doraHai="108" doraHaiUra="105" who="0" fromWho="0" sc="215,37,222,-7,227,-13,326,-7" /><INIT seed="3,0,0,3,4,97" ten="252,215,214,319" oya="3" hai0="120,102,104,96,91,76,46,5,4,78,99,126,0" hai1="127,20,79,32,43,60,87,107,111,28,30,121,115" hai2="54,2,112,108,134,105,101,3,29,69,106,51,92" hai3="119,55,114,24,12,42,103,58,70,39,110,27,19"/><W37/><G114/><T77/><D0/><U130/><E20/><V67/><F112/><W14/><G70/><T8/><D120/><U22/><E22/><V53/><F108/><W65/><G119/><T33/><D33/><U36/><E87/><V80/><F29/><W7/><G65/><T38/><D126/><U83/><E83/><V86/><F134/><W85/><G39/><T50/><D38/><U88/><E88/><V62/><F2/><W59/><G42/><T25/><D25/><U31/><E79/><V74/><F74/><W23/><G37/><T11/><D91/><U82/><E82/><V73/><F3/><W63/><G110/><T84/><D84/><U90/><E90/><V57/><F73/><W6/><G59/><T16/><D99/><U116/><E60/><V75/><F75/><W52/><G55/><T122/><D122/><U125/><E43/><V48/><F80/><W132/><G132/><T66/><D66/><U64/><E64/><V81/><F81/><W95/><G85/><T89/><D89/><U40/><E40/><V34/><F86/><W41/><G41/><N who="0" m="24911" /><D11/><U18/><E30/><V68/><F67/><W10/><G6/><N who="0" m="2667" /><D16/><U9/><E125/><V123/><F54/><W13/><G27/><T93/><D8/><U131/><E127/><V15/><F53/><W98/><AGARI ba="0,0" hai="7,10,12,13,14,19,23,24,52,58,63,95,98,103" machi="98" ten="30,11700,0" yaku="0,1,8,1,52,1,54,1" doraHai="97" who="3" fromWho="3" sc="252,-39,215,-39,214,-39,319,117" /><INIT seed="3,1,0,4,1,79" ten="213,176,175,436" oya="3" hai0="17,129,87,0,88,91,58,119,1,104,115,123,82" hai1="86,14,11,9,40,61,74,25,111,13,15,5,83" hai2="110,53,126,90,32,20,102,34,35,109,112,78,106" hai3="50,42,12,133,120,38,16,54,62,22,72,43,125"/><W26/><G120/><T85/><D119/><U118/><E111/><N who="2" m="42507" /><F112/><W7/><G72/><T39/><D123/><U4/><E118/><V89/><F126/><W48/><G125/><T49/><D39/><U45/><E74/><V116/><F116/><W100/><G38/><T65/><D104/><U70/><E25/><V132/><F132/><W113/><G113/><T75/><D75/><U94/><E94/><V135/><F78/><W6/><G133/><T124/><D124/><U30/><E30/><V80/><F53/><W92/><G62/><T81/><D115/><U19/><E70/><V99/><F135/><W60/><G60/><T3/><D129/><U28/><E28/><V46/><F46/><N who="3" m="25687" /><G43/><T8/><D65/><U73/><E73/><V18/><F80/><W66/><G66/><T98/><D98/><U24/><E61/><V41/><F41/><W117/><G26/><AGARI ba="1,0" hai="18,20,26,32,34,35,89,90,99,102,106" m="42507" machi="26" ten="40,1300,0" yaku="14,1" doraHai="79" who="2" fromWho="3" sc="213,0,176,0,175,16,436,-16" /><INIT seed="4,0,0,2,1,67" ten="213,176,191,420" oya="0" hai0="109,29,58,61,107,82,94,51,31,24,54,84,132" hai1="40,97,64,108,44,126,134,56,33,101,116,77,9" hai2="25,87,73,123,66,18,135,22,52,39,72,76,113" hai3="81,38,111,70,41,35,112,49,115,19,32,119,27"/><T62/><D107/><U45/><E33/><V129/><F123/><W133/><G111/><T125/><D132/><U28/><E108/><V74/><F39/><W59/><G119/><T80/><D125/><U43/><E28/><V71/><F135/><W122/><G122/><T30/><D109/><U23/><E134/><V5/><F113/><W103/><G103/><T98/><D24/><U68/><E23/><V13/><F129/><W124/><G70/><T21/><D21/><U47/><E77/><V90/><F76/><W106/><G106/><T50/><D62/><N who="1" m="39959" /><E97/><V78/><F78/><W20/><G124/><T75/><D75/><U16/><E101/><V46/><F5/><W130/><G130/><T60/><D60/><U104/><E16/><V10/><F66/><W100/><G100/><N who="0" m="60503" /><D80/><U93/><E9/><V69/><F25/><W17/><G81/><T91/><AGARI ba="0,0" hai="29,30,31,50,51,54,58,61,82,84,91" m="60503" machi="91" ten="30,1500,0" yaku="8,1" doraHai="67" who="0" fromWho="0" sc="213,15,176,-5,191,-5,420,-5" /><INIT seed="4,1,0,2,4,23" ten="228,171,186,415" oya="0" hai0="127,2,98,128,88,32,91,131,64,49,130,132,41" hai1="53,51,115,108,78,20,39,82,30,110,71,65,113" hai2="73,111,81,18,35,11,109,17,61,57,100,25,92" hai3="83,38,114,24,97,126,94,135,134,34,96,112,40"/><T10/><D127/><U133/><E30/><V76/><F100/><W21/><G34/><T28/><D132/><N who="3" m="50729" /><G83/><T102/><D64/><U72/><E133/><V8/><F92/><W85/><G85/><T59/><D2/><U104/><E104/><V79/><F79/><W14/><G14/><T7/><D41/><U75/><E39/><V124/><F124/><W1/><G1/><N who="0" m="367" /><D49/><U26/><E65/><V116/><F116/><W44/><G126/><T6/><D59/><U77/><E71/><V63/><F8/><W121/><G121/><T99/><D6/><U103/><E103/><V87/><F87/><W74/><G74/><T119/><D119/><U36/><E36/><V43/><F43/><W106/><G106/><N who="0" m="63831" /><D99/><N who="3" m="37961" /><G94/><T50/><D50/><U58/><E78/><V12/><F63/><W15/><G15/><T69/><D69/><U52/><E53/><V105/><F105/><W37/><G37/><T60/><D60/><U4/><E75/><V62/><F62/><W0/><G0/><T86/><D86/><U13/><E13/><V46/><F61/><W101/><G101/><T29/><D29/><AGARI ba="1,0" hai="21,24,29,38,40,44,112,114" m="37961,50729" machi="29" ten="30,2000,0" yaku="20,1,52,1" doraHai="23" who="3" fromWho="0" sc="228,-23,171,0,186,0,415,23" /><INIT seed="5,0,0,3,4,58" ten="205,171,186,438" oya="1" hai0="39,66,132,12,4,133,6,84,45,68,52,15,55" hai1="79,65,38,8,10,63,109,130,120,26,74,51,117" hai2="98,99,76,57,47,1,101,34,125,24,75,33,126" hai3="35,7,17,134,37,71,118,116,70,49,90,113,104"/><U119/><E120/><V91/><F1/><W78/><G37/><T105/><D84/><U31/><E38/><V27/><F47/><W2/><G104/><T3/><D39/><U14/><E130/><V96/><F57/><W83/><G35/><N who="2" m="13321" /><F91/><W87/><G113/><T36/><D36/><U53/><E109/><V61/><F101/><W9/><G134/><N who="0" m="51819" /><D105/><U69/><E31/><V25/><F76/><W112/><G112/><T80/><D80/><U81/><E26/><V85/><F85/><W64/><G17/><T108/><D108/><U44/><REACH who="1" step="1"/><E10/><REACH who="1" ten="205,161,186,438" step="2"/><V28/><F28/><W121/><G121/><T67/><D3/><U103/><E103/><V115/><F115/><W60/><G9/><T124/><D12/><U56/><E56/><V46/><F24/><W123/><G2/><T107/><D15/><U20/><E20/><V88/><F25/><W29/><G29/><T16/><D68/><U135/><E135/><V54/><F27/><W62/><G123/><T13/><D13/><U32/><E32/><V129/><F129/><W41/><G71/><T22/><D22/><U95/><E95/><V48/><F46/><W72/><G70/><T131/><D45/><U114/><E114/><V40/><F126/><W23/><G23/><T18/><D124/><U100/><E100/><V5/><F125/><W0/><G0/><T89/><D131/><U86/><E86/><V97/><F97/><W82/><G87/><T92/><D92/><U19/><AGARI ba="0,1" hai="8,14,19,44,51,53,63,65,69,74,79,81,117,119" machi="19" ten="20,12000,1" yaku="1,1,0,1,7,1,52,1,53,1" doraHai="58" doraHaiUra="73" who="1" fromWho="1" sc="205,-40,161,130,186,-40,438,-40" /><INIT seed="5,1,0,2,5,122" ten="165,291,146,398" oya="1" hai0="35,61,118,115,85,105,79,55,5,74,41,52,109" hai1="78,102,54,37,88,107,27,32,48,65,26,100,11" hai2="84,94,45,125,29,76,51,70,4,90,124,60,126" hai3="64,56,87,69,106,75,68,36,57,135,33,15,130"/><U112/><E37/><V1/><F29/><W13/><G75/><T40/><D118/><U120/><E120/><V46/><F76/><W134/><G106/><T71/><D105/><U114/><E78/><V91/><F91/><W47/><G33/><T20/><D35/><U59/><E65/><V18/><F18/><W22/><G130/><T38/><D74/><U116/><E116/><V113/><F113/><N who="1" m="43625" /><E11/><V58/><F70/><W127/><G127/><T133/><D115/><U49/><E49/><V16/><F51/><W39/><G64/><T103/><D38/><U34/><E107/><V31/><F31/><W132/><G22/><T72/><D72/><U25/><E34/><V77/><F77/><W108/><G132/><T53/><D133/><U23/><E23/><V0/><F0/><W9/><G9/><T62/><D20/><U121/><E32/><V89/><F1/><W12/><G39/><T80/><D71/><U98/><E121/><V96/><F4/><W82/><G68/><T44/><D5/><U81/><E98/><V7/><F7/><W86/><G69/><T10/><D10/><U50/><E50/><V110/><F16/><W3/><G3/><T24/><D62/><U93/><E93/><N who="2" m="54439" /><F45/><W95/><G47/><T17/><D44/><U97/><E97/><V73/><F46/><W123/><G123/><T6/><D61/><U19/><E19/><V119/><F119/><W129/><G36/><T99/><D6/><U8/><E8/><V28/><F28/><W83/><G135/><T63/><D17/><U30/><E30/><V111/><F73/><RYUUKYOKU ba="1,0" sc="165,-15,291,15,146,15,398,-15" hai1="25,26,27,48,54,59,81,88,100,102" hai2="58,60,90,94,96,110,111,124,125,126" /><INIT seed="5,2,0,3,0,89" ten="150,306,161,383" oya="1" hai0="9,46,22,120,58,65,48,104,50,83,67,121,7" hai1="6,118,49,56,18,123,78,8,103,24,1,108,13" hai2="115,134,93,11,106,30,112,47,113,72,95,87,96" hai3="29,125,52,31,12,15,37,105,19,88,91,4,0"/><U99/><E118/><V98/><F30/><W92/><G105/><T57/><D104/><U128/><E123/><N who="0" m="47177" /><D22/><U54/><E128/><V94/><F72/><W21/><G37/><T33/><D83/><U27/><E108/><V97/><F47/><W63/><G91/><T10/><D33/><U64/><E64/><N who="0" m="24649" /><D7/><U51/><E51/><N who="0" m="19497" /><D46/><U132/><E78/><V68/><F11/><AGARI ba="2,0" hai="9,10,11,57,58" m="19497,24649,47177" machi="11" ten="30,3900,0" yaku="28,2,13,1" doraHai="89" who="0" fromWho="2" sc="150,45,306,0,161,-45,383,0" /><INIT seed="6,0,0,3,5,105" ten="195,306,116,383" oya="2" hai0="68,2,70,53,52,131,6,3,4,134,100,89,120" hai1="55,124,38,126,75,83,16,28,54,109,41,76,115" hai2="72,30,26,62,23,66,102,5,77,91,50,24,45" hai3="12,104,46,133,106,78,94,51,9,127,111,119,101"/><V65/><F102/><W80/><G111/><T123/><D100/><U20/><E109/><V40/><F5/><N who="0" m="2154" /><D89/><U31/><E115/><V18/><F91/><W42/><G119/><T93/><D93/><U98/><E98/><V96/><F96/><W60/><G127/><N who="1" m="48682" /><E41/><V84/><F72/><W48/><G133/><T34/><D34/><U59/><E38/><V61/><F77/><W49/><G60/><T73/><D134/><U25/><E55/><N who="0" m="21065" /><D131/><U7/><E7/><V63/><REACH who="2" step="1"/><F84/><REACH who="2" ten="195,306,106,383" step="2"/><N who="3" m="48151" /><G106/><T15/><D73/><U129/><E129/><V8/><F8/><W56/><G104/><T17/><D123/><U97/><E97/><V95/><F95/><W112/><G94/><T122/><D120/><U90/><E90/><V88/><F88/><W110/><G101/><T33/><D122/><U135/><E135/><V113/><F113/><W57/><G112/><T27/><D2/><U43/><E75/><V118/><F118/><W10/><G110/><T11/><D3/><U44/><E76/><V114/><F114/><W128/><G128/><T107/><D107/><U86/><E86/><V67/><F67/><W74/><G74/><T121/><D121/><U0/><E0/><V116/><F116/><W13/><G10/><T1/><D1/><U130/><E130/><V35/><AGARI ba="0,1" hai="18,23,24,26,30,35,40,45,50,61,62,63,65,66" machi="35" ten="30,3000,0" yaku="1,1,0,1,53,0" doraHai="105" doraHaiUra="99" who="2" fromWho="2" sc="195,-10,306,-10,106,40,383,-10" /><INIT seed="6,1,0,4,4,67" ten="185,296,146,373" oya="2" hai0="114,2,133,106,28,102,116,61,5,82,90,121,98" hai1="89,41,17,0,47,23,83,131,111,32,10,93,50" hai2="77,122,99,38,113,62,46,22,85,26,125,135,112" hai3="12,44,65,27,51,40,75,57,4,107,76,108,130"/><V86/><F122/><W128/><G108/><T31/><D121/><U19/><E32/><V36/><F125/><W68/><G107/><T71/><D2/><U132/><E111/><V35/><F35/><W104/><G104/><T59/><D5/><U25/><E131/><N who="3" m="50218" /><G27/><T117/><D114/><N who="2" m="44138" /><F135/><W11/><G76/><T118/><D133/><U73/><E132/><V37/><F77/><W33/><G75/><T58/><D71/><U55/><E73/><V60/><F99/><W34/><G57/><N who="0" m="21515" /><D61/><AGARI ba="1,0" hai="4,11,12,33,34,40,44,51,61,65,68" m="50218" machi="61" ten="30,2000,0" yaku="19,1,52,1" doraHai="67" who="3" fromWho="0" sc="185,-23,296,0,146,0,373,23" /><INIT seed="7,0,0,2,4,45" ten="162,296,146,396" oya="3" hai0="94,122,27,100,101,49,8,37,18,5,98,105,28" hai1="13,107,119,84,74,56,39,127,35,91,55,118,36" hai2="99,64,71,33,133,78,96,77,25,121,120,67,59" hai3="69,117,89,42,97,6,68,75,4,15,81,46,48"/><W65/><G117/><T52/><D122/><N who="2" m="47210" /><F71/><W102/><G65/><N who="2" m="25161" /><F33/><W125/><G125/><T1/><D37/><U38/><E35/><V58/><F25/><W88/><G89/><T116/><D116/><U26/><E74/><V60/><F60/><W9/><G4/><T111/><D111/><U32/><E107/><V34/><F34/><W50/><G50/><T92/><D18/><U21/><E127/><V87/><F87/><W61/><G61/><T115/><D115/><U44/><E44/><V53/><F133/><W114/><G114/><T132/><D101/><U79/><E79/><N who="2" m="30219" /><F53/><W7/><G7/><T108/><D132/><U16/><E32/><V106/><F106/><W73/><G73/><T0/><D108/><U63/><E26/><V126/><F126/><W85/><G75/><T113/><D113/><U131/><E118/><V54/><F54/><W62/><G62/><T30/><D0/><U80/><E119/><V134/><F134/><W129/><G129/><T51/><D52/><U128/><AGARI ba="0,0" hai="13,16,21,36,38,39,55,56,63,80,84,91,128,131" machi="128" ten="40,2700,0" yaku="0,1,54,1" doraHai="45" who="1" fromWho="1" sc="162,-7,296,27,146,-7,396,-13" owari="155,-24.5,323,12.3,139,-36.1,383,48.3" /></mjloggm>