<mjloggm ver="2.3"><GO type="169" lobby="0"/><UN n0="%E3%81%84%E3%81%AA%E3%81%A1%E3%81%83" n1="%5A%E6%B0%91" n2="%31%35%2E%31%35%63%6D" n3="%E6%9C%A8%E5%8E%9F%E8%B1%AA%E4%B8%80" dan="16,18,18,17" rate="2058.62,2252.03,2298.38,2142.24" sx="F,M,M,M"/><TAIKYOKU oya="0"/><INIT seed="0,0,0,2,0,68" ten="250,250,250,250" oya="0" hai0="98,95,72,106,112,45,81,9,42,90,97,50,21" hai1="20,31,89,96,37,70,38,118,122,23,58,39,48" hai2="41,3,119,101,57,8,128,117,69,33,51,116,43" hai3="82,127,12,124,16,53,36,46,85,78,5,66,100"/><T18/><D112/><U56/><E118/><V134/><F33/><W92/><G66/><T34/><D34/><U6/><E122/><V88/><F69/><W62/><G5/><T67/><D67/><U123/><E123/><V35/><F35/><W133/><G133/><T114/><D114/><U80/><E70/><V25/><F134/><W19/><G100/><T32/><D32/><U84/><E6/><N who="2" m="1119" /><F101/><W129/><G129/><T115/><D115/><U94/><E48/><V52/><F25/><W13/><G92/><T102/><D9/><U10/><E10/><V109/><F109/><W24/><G24/><T17/><REACH who="0" step="1"/><D21/><REACH who="0" ten="240,250,250,250" step="2"/><U130/><E130/><V104/><F128/><W26/><G127/><T55/><D55/><U91/><REACH who="1" step="1"/><E31/><REACH who="1" ten="240,240,250,250" step="2"/><V131/><F131/><W22/><G124/><T87/><D87/><U14/><E14/><V103/><F119/><W111/><G13/><T29/><D29/><U135/><E135/><V54/><F117/><W113/><G113/><T77/><AGARI ba="0,2" hai="17,18,42,45,50,72,77,81,90,95,97,98,102,106" machi="77" ten="30,3000,0" yaku="1,1,0,1,53,0" doraHai="68" doraHaiUra="27" who="0" fromWho="0" sc="240,50,240,-10,250,-10,250,-10" /><INIT seed="0,1,0,2,2,88" ten="290,230,240,240" oya="0" hai0="62,107,24,41,68,131,35,21,113,125,28,76,23" hai1="101,36,91,83,110,115,60,38,92,37,123,54,42" hai2="64,86,39,12,33,7,49,84,95,82,111,73,11" hai3="122,25,15,106,26,133,90,102,67,27,29,120,129"/><T104/><D113/><U0/><E123/><V20/><F39/><W14/><G67/><T124/><D76/><U55/><E115/><V112/><F112/><W103/><G106/><T5/><D41/><U8/><E110/><V70/><F33/><W87/><G29/><T121/><D5/><U30/><E42/><V4/><F111/><W13/><G133/><T34/><D121/><N who="3" m="46697" /><G129/><T132/><D132/><U100/><E30/><V32/><F32/><N who="0" m="12330" /><D23/><U89/><E0/><V1/><F73/><W128/><G128/><T18/><D18/><U58/><E8/><V61/><F7/><W2/><G2/><T75/><D75/><U69/><E69/><V74/><F74/><W118/><G118/><T57/><D131/><U78/><E55/><V116/><F116/><W85/><G90/><T40/><D40/><U79/><E91/><V98/><F82/><W94/><G94/><T22/><D22/><U135/><E135/><V9/><F9/><W72/><G72/><T59/><D59/><U81/><E81/><V10/><F10/><W31/><G31/><T52/><D68/><U127/><E79/><V77/><F77/><W6/><G6/><T134/><D134/><U3/><E3/><V51/><F1/><W93/><G93/><T45/><D45/><U46/><E46/><V56/><F20/><W108/><G108/><T16/><D28/><U44/><E44/><V114/><F114/><W130/><G130/><T105/><D105/><U99/><E78/><V43/><F70/><W109/><G109/><T19/><D19/><U47/><E83/><V65/><F4/><RYUUKYOKU ba="1,0" sc="290,15,230,-15,240,-15,240,15" hai0="16,21,24,52,57,62,104,107,124,125" hai3="13,14,15,25,26,27,85,87,102,103" /><INIT seed="0,2,0,0,5,48" ten="305,215,225,255" oya="0" hai0="105,113,36,69,102,72,29,100,12,10,120,30,64" hai1="116,121,47,93,122,39,125,103,16,33,34,24,95" hai2="83,46,2,14,106,112,110,115,60,114,44,43,15" hai3="1,117,17,91,86,22,131,77,27,28,40,126,61"/><T107/><D36/><U8/><E116/><V58/><F106/><W23/><G117/><T38/><D38/><U6/><E39/><V71/><F71/><W104/><G131/><T7/><D113/><U19/><E47/><V56/><F2/><W128/><G126/><T26/><D72/><U21/><E103/><V87/><F110/><W124/><G1/><T51/><D120/><N who="1" m="46187" /><E93/><V18/><F58/><W45/><G104/><T94/><D102/><U108/><E95/><V97/><F97/><W37/><G128/><T80/><D80/><U25/><E108/><V57/><F57/><W62/><G77/><T81/><D81/><U50/><E50/><V67/><F15/><W123/><G123/><T133/><D30/><U85/><E85/><V0/><F0/><W88/><G91/><T79/><D79/><U4/><E125/><V78/><REACH who="2" step="1"/><F43/><REACH who="2" ten="305,215,215,255" step="2"/><W70/><G70/><T132/><D69/><U76/><E4/><V31/><F31/><W119/><G124/><T96/><D105/><U9/><E6/><V32/><F32/><N who="1" m="12393" /><E76/><V129/><F129/><W11/><G119/><T68/><D107/><U42/><E42/><V55/><F55/><W92/><REACH who="3" step="1"/><G11/><AGARI ba="2,1" hai="11,14,18,44,46,56,60,67,78,83,87,112,114,115" machi="11" ten="40,2600,0" yaku="1,1,53,1" doraHai="48" doraHaiUra="74" who="2" fromWho="3" sc="305,0,215,0,215,42,255,-32" /><INIT seed="1,0,0,1,2,63" ten="305,215,257,223" oya="1" hai0="14,87,11,8,94,122,82,67,12,101,102,127,111" hai1="130,70,113,65,22,100,74,76,96,69,15,109,119" hai2="41,51,75,79,1,36,9,43,133,83,86,129,21" hai3="61,93,44,78,39,18,135,80,64,31,89,99,20"/><U50/><E113/><V10/><F129/><W90/><G135/><T55/><D111/><U95/><E119/><V68/><F68/><W118/><G118/><T72/><D72/><U54/><E130/><V60/><F133/><W57/><G31/><T98/><D127/><U48/><E109/><V117/><F117/><W114/><G114/><T85/><D122/><U38/><E38/><V27/><F36/><W52/><G90/><T58/><D67/><U30/><E50/><V33/><F33/><W16/><G20/><T26/><D26/><U84/><E74/><V23/><F75/><W132/><G132/><T62/><D102/><U35/><E35/><V108/><F108/><W7/><G7/><T17/><REACH who="0" step="1"/><D82/><REACH who="0" ten="295,215,257,223" step="2"/><U0/><E65/><V123/><F27/><W29/><G29/><T128/><D128/><U47/><E30/><V49/><F83/><W19/><G39/><T105/><D105/><U124/><E124/><V45/><F123/><W2/><G2/><T97/><D97/><U56/><E0/><V6/><F1/><W3/><G3/><T32/><D32/><U24/><E24/><V88/><F86/><N who="3" m="48407" /><G44/><T115/><D115/><U112/><E112/><V106/><F45/><W121/><G121/><T126/><D126/><U66/><E47/><V4/><F106/><W28/><G28/><T71/><D71/><U120/><E120/><V37/><F37/><W134/><G134/><T46/><D46/><U81/><E70/><V92/><F92/><W34/><G34/><T116/><D116/><U73/><E69/><V110/><F110/><W107/><G107/><RYUUKYOKU ba="0,1" sc="295,15,215,-15,257,-15,223,15" hai0="8,11,12,14,17,55,58,62,85,87,94,98,101" hai3="16,18,19,52,57,61,64,89,93,99" /><INIT seed="2,1,1,4,3,6" ten="310,200,242,238" oya="2" hai0="84,112,67,93,20,49,115,7,103,133,85,28,44" hai1="40,95,24,13,50,5,87,109,11,80,57,19,22" hai2="81,2,122,132,48,55,26,30,68,78,66,130,91" hai3="23,16,75,108,41,72,102,64,53,8,104,119,34"/><V107/><F122/><W105/><G34/><T61/><D133/><U135/><E109/><V27/><F107/><W73/><G119/><T101/><D7/><U121/><E135/><V117/><F117/><W1/><G41/><T86/><D112/><U83/><E121/><V124/><F132/><W62/><G53/><T10/><D10/><U14/><E24/><V114/><F114/><W100/><G108/><T9/><D9/><U35/><E35/><V59/><F2/><W92/><G105/><T96/><D103/><U4/><E4/><V52/><F130/><W47/><G47/><T65/><D61/><U3/><E3/><V36/><F36/><W99/><G8/><T131/><D131/><U25/><E25/><V106/><F106/><W33/><G33/><T58/><D58/><U42/><E42/><V39/><F39/><W89/><G104/><T76/><D76/><U29/><E29/><V129/><F129/><W51/><G51/><T79/><D79/><U37/><E37/><V111/><F111/><W97/><G97/><T110/><D110/><U21/><E21/><V116/><F116/><W18/><G18/><T31/><D115/><U12/><E12/><V82/><F68/><W63/><G63/><T113/><D113/><U90/><E40/><V127/><F127/><W45/><G45/><T38/><D38/><U32/><E32/><V15/><F124/><W56/><REACH who="3" step="1"/><G1/><REACH who="3" ten="310,200,242,228" step="2"/><T54/><D20/><U71/><E71/><V0/><F0/><W74/><N who="3" m="18432" /><DORA hai="43" /><W77/><G77/><T98/><D96/><U70/><E70/><V46/><F78/><RYUUKYOKU ba="1,2" sc="310,10,200,10,242,-30,228,10" hai0="28,31,44,49,54,65,67,84,85,86,93,98,101" hai1="5,11,13,14,19,22,50,57,80,83,87,90,95" hai3="16,23,56,62,64,89,92,99,100,102" /><INIT seed="3,2,2,4,5,121" ten="320,210,212,238" oya="3" hai0="131,27,102,67,126,43,79,75,50,5,98,125,97" hai1="72,120,112,49,117,132,74,13,71,1,82,114,25" hai2="69,54,39,42,78,84,101,127,23,122,28,36,76" hai3="57,8,26,109,4,113,0,81,30,89,106,134,124"/><W31/><G113/><T128/><D67/><U18/><E1/><V92/><F69/><W86/><G106/><T94/><D5/><U38/><E38/><V105/><F105/><W65/><G134/><T2/><D27/><U10/><E71/><V88/><F101/><W83/><G124/><N who="0" m="47723" /><D50/><U95/><E120/><V29/><F122/><W51/><G109/><T17/><D17/><U16/><E132/><V133/><F39/><W129/><G129/><N who="0" m="49739" /><D43/><U100/><E49/><V35/><F42/><W108/><G108/><T63/><D63/><U110/><E110/><V59/><F36/><W47/><G83/><N who="0" m="45567" /><D2/><U3/><E3/><V93/><F29/><W9/><G9/><T22/><D22/><U87/><E25/><V58/><F23/><W41/><G65/><T115/><D98/><U77/><E18/><V20/><F20/><W99/><G26/><T116/><D115/><U61/><E114/><V44/><F28/><W53/><G99/><T46/><D46/><U32/><E112/><V40/><F44/><W90/><G31/><T80/><D80/><U107/><E82/><V60/><F60/><W55/><G30/><T14/><D14/><U21/><E13/><V111/><F111/><W85/><G57/><T15/><D15/><U45/><E45/><V91/><F59/><W118/><G41/><T52/><D52/><U123/><E21/><V119/><F58/><W48/><G55/><T7/><D7/><U130/><E130/><V64/><F54/><W19/><G51/><T11/><D11/><U103/><E10/><V62/><F127/><W37/><G8/><RYUUKYOKU ba="2,2" sc="320,30,210,-10,212,-10,238,-10" hai0="94,97,102,116" /><INIT seed="4,3,2,5,1,36" ten="350,200,202,228" oya="0" hai0="110,27,25,93,113,132,33,14,101,12,54,0,80" hai1="41,127,104,69,47,57,21,40,66,42,100,67,55" hai2="103,49,95,117,108,96,111,26,106,129,121,84,23" hai3="83,89,3,44,102,105,92,99,7,91,87,70,98"/><T124/><D113/><U15/><E127/><V29/><F121/><W130/><G70/><T134/><D0/><U62/><E47/><V45/><F129/><W10/><REACH who="3" step="1"/><G44/><REACH who="3" ten="350,200,202,218" step="2"/><T65/><D124/><U5/><E69/><V112/><F112/><W122/><G122/><T24/><D132/><U116/><E116/><V58/><F117/><W22/><G22/><T125/><D134/><U53/><E67/><V11/><F58/><W75/><G75/><T74/><D125/><U38/><E38/><V90/><REACH who="2" step="1"/><F11/><REACH who="2" ten="350,200,192,218" step="2"/><W30/><G30/><T9/><D9/><U97/><REACH who="1" step="1"/><E5/><REACH who="1" ten="350,190,192,218" step="2"/><V31/><F31/><W35/><G35/><T123/><D33/><U78/><E78/><V43/><AGARI ba="3,5" hai="23,26,29,43,45,49,84,90,95,96,103,106,108,111" machi="43" ten="20,5200,0" yaku="1,1,0,1,7,1,52,1,53,0" doraHai="36" doraHaiUra="135" who="2" fromWho="2" sc="350,-29,190,-16,192,111,218,-16" /><INIT seed="5,0,0,2,0,17" ten="321,174,303,202" oya="1" hai0="62,135,131,63,109,101,31,121,38,59,55,18,34" hai1="127,48,68,25,120,57,65,61,95,37,116,96,113" hai2="49,21,129,54,86,106,2,39,92,16,41,28,33" hai3="23,64,82,14,89,102,1,97,124,114,3,125,11"/><U85/><E116/><V78/><F106/><W7/><G64/><T115/><D109/><U111/><E120/><V58/><F2/><W0/><G89/><T50/><D38/><U107/><E111/><V100/><F129/><W36/><G36/><T24/><D131/><U132/><E113/><V47/><F33/><W130/><G82/><T74/><D115/><U53/><E127/><N who="3" m="48714" /><G114/><T35/><D135/><U128/><E128/><V8/><F28/><W22/><G130/><T19/><D121/><U71/><E132/><V42/><F42/><W122/><G122/><T15/><D18/><U56/><E37/><V13/><F78/><W20/><G3/><T26/><D101/><U83/><E107/><AGARI ba="0,0" hai="0,1,7,11,14,20,22,23,97,102,107" m="48714" machi="107" ten="30,7700,0" yaku="18,1,52,3" doraHai="17" who="3" fromWho="1" sc="321,0,174,-77,303,0,202,77" /><INIT seed="6,0,0,0,4,109" ten="321,97,303,279" oya="2" hai0="112,63,26,16,123,131,38,53,4,125,55,91,46" hai1="66,133,65,31,60,34,78,59,67,2,18,126,11" hai2="72,113,97,44,48,47,51,124,22,132,98,54,120" hai3="13,62,57,33,118,64,83,92,116,121,104,95,135"/><V41/><F120/><W36/><G104/><T43/><D123/><U39/><E126/><V82/><F124/><W128/><G121/><T68/><D125/><U111/><E133/><V119/><F119/><W89/><G36/><T28/><D4/><U117/><E111/><V14/><F132/><W7/><G33/><T12/><D131/><U69/><E117/><V50/><F72/><W87/><G95/><T9/><D112/><U23/><E39/><V134/><F134/><W105/><G105/><T100/><D100/><U61/><E78/><V106/><F106/><W40/><G40/><T17/><D17/><U114/><E67/><V96/><F82/><W20/><G128/><T70/><D91/><U107/><E107/><V86/><F86/><W94/><G94/><T1/><D1/><U122/><E122/><V24/><F14/><W56/><G56/><T84/><D84/><U110/><E110/><V88/><F51/><W115/><G115/><T93/><D93/><U127/><E127/><V35/><F35/><W90/><G135/><T85/><D85/><U29/><E34/><V71/><F71/><W10/><REACH who="3" step="1"/><G20/><REACH who="3" ten="321,97,303,269" step="2"/><T101/><D70/><U30/><E114/><V27/><F113/><W58/><G58/><T3/><D101/><U21/><REACH who="1" step="1"/><E2/><REACH who="1" ten="321,87,303,269" step="2"/><V52/><F41/><W81/><G81/><T79/><D3/><U0/><E0/><V99/><F22/><W102/><G102/><T75/><D38/><U74/><E74/><V8/><F8/><W15/><G15/><AGARI ba="0,2" hai="11,15,18,21,23,29,30,31,59,60,61,65,66,69" machi="15" ten="40,8000,1" yaku="1,1,53,3" doraHai="109" doraHaiUra="25" who="1" fromWho="3" sc="321,0,87,100,303,0,269,-80" /><INIT seed="7,0,0,1,1,33" ten="321,187,303,189" oya="3" hai0="97,75,74,121,38,7,42,23,76,27,93,31,102" hai1="108,119,67,87,34,52,51,70,109,128,45,65,32" hai2="64,26,130,8,69,123,63,131,82,22,95,77,44" hai3="55,72,98,61,40,73,96,13,100,0,58,81,94"/><W49/><G0/><T135/><D121/><U132/><E32/><V37/><F123/><W19/><G81/><T10/><D135/><U116/><E34/><V111/><F111/><N who="1" m="42569" /><E132/><V21/><F95/><W133/><G133/><T14/><D76/><U125/><E125/><V89/><F89/><W60/><G60/><T20/><D42/><U2/><E2/><V88/><F8/><W110/><G110/><T126/><D38/><U106/><E106/><V122/><F122/><W129/><G129/><N who="2" m="49161" /><F77/><W127/><G127/><T59/><D126/><U113/><E128/><V107/><F107/><W28/><G28/><T104/><D104/><U101/><E101/><V124/><F124/><W5/><G5/><T16/><D59/><U17/><E70/><V36/><F44/><W118/><G118/><N who="1" m="45098" /><E113/><V47/><F47/><W57/><G98/><T79/><D79/><U114/><E114/><V53/><F53/><W103/><G103/><T54/><D54/><U35/><E35/><V115/><F115/><W9/><REACH who="3" step="1"/><G40/><REACH who="3" ten="321,187,303,179" step="2"/><T39/><D39/><U46/><E46/><V85/><F37/><W68/><G68/><T41/><D41/><U18/><E87/><V15/><F36/><W30/><G30/><T92/><D75/><U12/><E18/><V105/><F82/><W1/><G1/><T91/><D74/><U84/><E84/><V71/><F85/><W62/><G62/><T29/><D7/><U117/><E117/><V90/><F63/><W112/><G112/><T50/><D102/><U86/><E86/><V83/><F71/><W43/><G43/><T6/><D6/><RYUUKYOKU ba="0,1" sc="321,-15,187,15,303,-15,179,15" hai1="12,17,45,51,52,65,67" hai3="9,13,19,49,55,57,58,61,72,73,94,96,100" /><INIT seed="7,1,1,2,3,68" ten="306,202,288,194" oya="3" hai0="15,11,63,34,98,64,40,56,1,131,41,22,59" hai1="128,55,110,105,94,100,117,75,125,112,24,85,119" hai2="81,35,134,70,38,87,43,4,118,66,65,12,106" hai3="126,130,25,120,8,26,133,89,44,135,60,51,115"/><W48/><G120/><T124/><D34/><U80/><E110/><V92/><F118/><N who="1" m="45065" /><E112/><V83/><F106/><W116/><G116/><T108/><D22/><U46/><E24/><V21/><F134/><N who="3" m="51211" /><G115/><T31/><D31/><U67/><E67/><V57/><F70/><W78/><G78/><T114/><D124/><U84/><E125/><V104/><F104/><W53/><G126/><T29/><D29/><U123/><E123/><V36/><F35/><W113/><G113/><T42/><D59/><U39/><E105/><V47/><F57/><N who="3" m="34863" /><G130/><T37/><D98/><N who="1" m="59479" /><E128/><V54/><F66/><W32/><G32/><T0/><D114/><U2/><E2/><V69/><F65/><W122/><G122/><T90/><D131/><U3/><E3/><V45/><F69/><W107/><G107/><T14/><D1/><U95/><E95/><V111/><F92/><W97/><G97/><T58/><D0/><U28/><E28/><V93/><F93/><W103/><G103/><T61/><D108/><U77/><E55/><V20/><F111/><W79/><G79/><T33/><D33/><U102/><E102/><V10/><F83/><W16/><G89/><T50/><D90/><U5/><E5/><V74/><F4/><W27/><G44/><N who="0" m="23567" /><D11/><U18/><E18/><V99/><F47/><W19/><G19/><T129/><D129/><U127/><E127/><V86/><F45/><W13/><AGARI ba="1,1" hai="8,13,16,25,26,27,48,51" m="34863,51211" machi="13" ten="40,3900,0" yaku="20,1,54,1" doraHai="68" who="3" fromWho="3" sc="306,-14,202,-14,288,-14,194,52" /><INIT seed="7,2,0,2,2,41" ten="292,188,274,246" oya="3" hai0="73,69,84,64,17,10,40,125,26,110,135,25,44" hai1="30,120,62,22,58,129,54,16,2,7,15,86,87" hai2="108,100,20,51,80,29,79,12,63,88,74,36,39" hai3="115,116,96,50,53,130,122,102,111,48,9,93,82"/><W66/><G116/><T59/><D73/><U97/><E120/><V89/><F108/><W19/><G122/><T56/><D110/><U72/><E129/><V28/><F100/><W83/><G111/><T101/><D135/><U81/><E97/><V71/><F71/><W109/><G109/><T128/><D69/><U103/><E103/><V3/><F3/><W94/><G115/><T112/><D112/><U126/><E126/><V47/><F63/><W104/><G104/><T57/><D128/><U24/><E72/><V118/><F29/><W37/><G37/><T43/><D125/><U35/><REACH who="1" step="1"/><E81/><REACH who="1" ten="292,178,274,246" step="2"/><V23/><F80/><W134/><G130/><T18/><D101/><U90/><E90/><V27/><F89/><W133/><G83/><T105/><D84/><U68/><E68/><V1/><F88/><W4/><G82/><T106/><D106/><U65/><E65/><V70/><F70/><W76/><G66/><T77/><D105/><U38/><E38/><V98/><F98/><W127/><G127/><T33/><D77/><U14/><E14/><V132/><F79/><W21/><G76/><T11/><D64/><U117/><E117/><V91/><F74/><W32/><G94/><T113/><D113/><U60/><E60/><V8/><F91/><W119/><G119/><T85/><D85/><U107/><E107/><V13/><F118/><W131/><G131/><T6/><D25/><U52/><E52/><V31/><F39/><W0/><G53/><T75/><D75/><U124/><E124/><V67/><F67/><W46/><G102/><T121/><D121/><RYUUKYOKU ba="2,1" sc="292,-10,178,30,274,-10,246,-10" hai1="2,7,15,16,22,24,30,35,54,58,62,86,87" /><INIT seed="8,3,1,0,3,39" ten="282,208,264,236" oya="0" hai0="24,66,20,3,84,17,105,89,119,54,122,35,70" hai1="33,45,55,47,87,62,32,9,107,113,25,118,110" hai2="12,56,61,96,132,130,10,65,83,75,59,97,98" hai3="111,53,36,21,26,34,23,64,60,4,68,44,106"/><T57/><D122/><U88/><E110/><V16/><F130/><W133/><G111/><T30/><D119/><U77/><E107/><V51/><F132/><W8/><G106/><T11/><D105/><U31/><E33/><V115/><F115/><W14/><G133/><T76/><D70/><U18/><E77/><V101/><F75/><W92/><G92/><T58/><D76/><U74/><E74/><V41/><F83/><W124/><G124/><T2/><D11/><U126/><E118/><V135/><F135/><W91/><G91/><T104/><D104/><U15/><E126/><V37/><F37/><W112/><G112/><T43/><D43/><U120/><E120/><V82/><F82/><W114/><G114/><T19/><D66/><U27/><E27/><V63/><F41/><W121/><G121/><T99/><D99/><U0/><E0/><V134/><F51/><W123/><G123/><T129/><D129/><U5/><E5/><V48/><F48/><W78/><G78/><T79/><D79/><U102/><E102/><V81/><F81/><W7/><G7/><T42/><D42/><U28/><E28/><V13/><F134/><W117/><G117/><T125/><D125/><U6/><E6/><N who="2" m="3159" /><F101/><W52/><G36/><T100/><D100/><U116/><E116/><V103/><F103/><W40/><G40/><T95/><D19/><U93/><REACH who="1" step="1"/><E113/><REACH who="1" ten="282,198,264,236" step="2"/><V90/><F90/><W29/><G44/><T49/><D58/><AGARI ba="3,2" hai="9,15,18,25,31,32,45,47,55,58,62,87,88,93" machi="58" ten="40,8000,1" yaku="1,1,2,1,54,1,53,1" doraHai="39" doraHaiUra="86" who="1" fromWho="0" sc="282,-89,198,109,264,0,236,0" owari="193,-30.7,307,40.7,264,6.4,236,-16.4" /></mjloggm>