<mjloggm ver="2.3"><GO type="169" lobby="0"/><UN n0="%43%72%37" n1="%E6%9D%BE%E5%8E%9F%E4%B8%8D%E7%8B%97" n2="%41%6D%69%63%68%61%6E" n3="%E7%89%8C%E6%B5%81%E7%8A%B6%E6%85%8B%E9%BA%BB%E9%9B%80" dan="17,16,16,16" rate="2206.19,2091.77,2062.03,2152.78" sx="M,M,F,M"/><TAIKYOKU oya="0"/><INIT seed="0,0,0,4,3,49" ten="250,250,250,250" oya="0" hai0="127,116,107,13,92,31,27,38,132,32,0,74,101" hai1="54,128,20,133,7,118,39,125,122,130,70,33,98" hai2="52,99,25,16,58,57,23,19,94,104,135,64,43" hai3="36,134,34,62,73,83,47,114,96,44,85,82,78"/><T67/><D116/><U79/><E79/><V41/><F104/><W28/><G114/><T46/><D92/><U87/><E7/><V102/><F135/><W112/><G112/><T59/><D132/><U2/><E87/><V11/><F64/><W119/><G119/><T89/><D89/><U26/><E54/><V37/><F58/><W53/><G134/><T42/><D127/><U5/><E98/><V65/><F65/><W71/><G96/><T93/><D93/><U106/><E20/><N who="2" m="13471" /><F11/><W95/><G95/><T18/><D0/><U84/><E26/><N who="2" m="14695" /><F37/><W110/><G36/><T117/><D74/><U76/><E5/><V51/><AGARI ba="0,0" hai="41,43,51,52,57,94,99,102" m="14695,13471" machi="51" ten="30,7900,0" yaku="8,1,52,1,54,2" doraHai="49" who="2" fromWho="2" sc="250,-39,250,-20,250,79,250,-20" /><INIT seed="1,0,0,3,0,77" ten="211,230,329,230" oya="1" hai0="3,7,39,112,4,135,49,100,73,33,121,12,48" hai1="108,89,133,43,110,66,127,36,126,47,50,91,71" hai2="40,128,125,86,101,32,90,68,13,116,55,37,44" hai3="11,1,98,109,19,59,84,26,81,123,8,65,96"/><U111/><E89/><V2/><F2/><W119/><G123/><T103/><D3/><U35/><E91/><V92/><F116/><W6/><G109/><T79/><D33/><U54/><E35/><V122/><F122/><W118/><G65/><T124/><D79/><U28/><E28/><V131/><F68/><W18/><G59/><T60/><D60/><N who="1" m="40391" /><E133/><V78/><F32/><W16/><G26/><T97/><D97/><U69/><E69/><V22/><F125/><W74/><G74/><T53/><D12/><U51/><E51/><V23/><F101/><W80/><G11/><T107/><D124/><U25/><E25/><V70/><F78/><N who="3" m="46103" /><G81/><T106/><D121/><U88/><E88/><V114/><F70/><W104/><G104/><T62/><D135/><U93/><E93/><V134/><F134/><W52/><G52/><T94/><D53/><U45/><AGARI ba="0,0" hai="36,43,45,47,50,54,108,110,111,126,127" m="40391" machi="45" ten="40,12000,1" yaku="14,1,10,1,34,2" doraHai="77" who="1" fromWho="1" sc="211,-40,230,120,329,-40,230,-40" /><INIT seed="1,1,0,3,1,125" ten="171,350,289,190" oya="1" hai0="122,70,113,37,29,68,30,107,103,22,105,26,92" hai1="45,25,12,13,80,94,47,75,19,43,39,109,56" hai2="66,74,50,69,28,38,129,104,21,11,10,33,110" hai3="48,130,119,58,1,133,96,17,95,93,85,44,35"/><U100/><E47/><V117/><F117/><W60/><G119/><T118/><D118/><U54/><E109/><V131/><F38/><W128/><G133/><T31/><D113/><U86/><E75/><V49/><F74/><W64/><G35/><T89/><D37/><U135/><E135/><V32/><F104/><W127/><G1/><T52/><D103/><U121/><E121/><V90/><F110/><W112/><G112/><T102/><D102/><U108/><E108/><V34/><F90/><W91/><G17/><T9/><D9/><N who="2" m="3082" /><F66/><W124/><G95/><T65/><D122/><U51/><E25/><N who="2" m="16431" /><F69/><W114/><G96/><T67/><D70/><U99/><REACH who="1" step="1"/><E19/><REACH who="1" ten="171,340,289,190" step="2"/><V72/><F72/><W18/><G18/><T120/><D120/><U57/><E57/><V40/><F40/><N who="3" m="24583" /><G114/><T59/><D68/><U82/><E82/><V87/><F87/><W24/><G24/><T83/><D83/><U4/><E4/><V98/><F98/><W88/><G91/><AGARI ba="1,1" hai="12,13,39,43,45,51,54,56,80,86,91,94,99,100" machi="91" ten="30,5800,0" yaku="1,1,7,1,53,1" doraHai="125" doraHaiUra="36" who="1" fromWho="3" sc="171,0,340,71,289,0,190,-61" /><INIT seed="1,2,0,3,2,56" ten="171,411,289,129" oya="1" hai0="93,1,39,41,71,3,118,38,110,114,59,25,30" hai1="120,53,70,19,9,103,49,45,107,24,135,76,0" hai2="20,111,5,33,115,48,109,96,100,121,85,83,102" hai3="82,27,32,108,6,81,44,40,36,129,78,29,57"/><U127/><E120/><V17/><F33/><W79/><G108/><N who="2" m="41545" /><F121/><W42/><G129/><T37/><D110/><U2/><E76/><N who="2" m="46311" /><F115/><W75/><G6/><T97/><D71/><U7/><E70/><V10/><F48/><W104/><G104/><T16/><D118/><U31/><E135/><V55/><F55/><W50/><G57/><T130/><D114/><U28/><E2/><V106/><F102/><W54/><REACH who="3" step="1"/><G36/><REACH who="3" ten="171,411,289,119" step="2"/><T92/><D130/><U34/><E107/><V99/><F106/><W125/><G125/><T80/><D59/><U134/><E127/><V72/><F5/><W94/><G94/><T58/><D93/><U105/><E134/><V123/><F123/><W126/><G126/><T11/><D58/><U113/><E113/><V84/><F72/><AGARI ba="2,1" hai="27,29,32,40,42,44,50,54,72,75,78,79,81,82" machi="72" ten="30,3900,0" yaku="1,1,7,1,9,1,53,0" doraHai="56" doraHaiUra="90" who="3" fromWho="2" sc="171,0,411,0,289,-45,119,55" /><INIT seed="2,0,0,2,5,115" ten="171,411,244,174" oya="2" hai0="22,99,78,49,29,18,46,60,106,47,42,82,26" hai1="94,101,108,116,57,79,63,89,120,117,35,75,54" hai2="33,122,53,38,68,88,40,100,105,128,127,48,7" hai3="86,77,4,83,64,30,131,27,102,121,114,43,34"/><V135/><F122/><W73/><G121/><T129/><D129/><U39/><E120/><V110/><F128/><W113/><G131/><T90/><D60/><U76/><E39/><V13/><F33/><W31/><G43/><T81/><D106/><U92/><E35/><V85/><F68/><W56/><G31/><T2/><D2/><U123/><E123/><V124/><F135/><W1/><G102/><T21/><D78/><U112/><E112/><N who="3" m="43114" /><G4/><T6/><D6/><U58/><E101/><V8/><F40/><W37/><G1/><T55/><D99/><U95/><E89/><V65/><F38/><W104/><G104/><T62/><D90/><U14/><E108/><V12/><F110/><W0/><G0/><T98/><D98/><U44/><E76/><V126/><F65/><W36/><G73/><T97/><D97/><U67/><E75/><V20/><F100/><W125/><G125/><T96/><D96/><U23/><E79/><V52/><F105/><W87/><G87/><T50/><REACH who="0" step="1"/><D62/><AGARI ba="0,0" hai="27,30,34,36,37,56,62,64,77,83,86" m="43114" machi="62" ten="30,1000,0" yaku="11,1" doraHai="115" who="3" fromWho="0" sc="171,-10,411,0,244,0,174,10" /><INIT seed="3,0,0,0,5,126" ten="161,411,244,184" oya="3" hai0="68,11,125,4,81,37,78,94,93,89,28,92,5" hai1="119,62,108,46,95,113,20,72,41,82,73,45,25" hai2="87,64,56,96,127,15,7,44,86,19,60,18,111" hai3="83,59,13,21,122,114,34,120,71,52,26,90,9"/><W54/><G71/><T76/><D125/><U77/><E113/><V110/><F127/><W99/><G34/><T31/><D37/><U3/><E3/><V58/><F44/><W79/><G114/><T61/><D68/><U36/><E108/><N who="2" m="41515" /><F96/><W32/><G32/><T66/><D89/><U134/><E134/><V128/><F7/><W106/><G54/><T74/><D76/><U105/><E105/><V135/><F135/><W100/><G90/><T49/><D49/><U102/><E62/><V22/><F19/><W121/><G13/><T29/><REACH who="0" step="1"/><D11/><REACH who="0" ten="151,411,244,184" step="2"/><U35/><E36/><V48/><F48/><W85/><G9/><T130/><D130/><U14/><E77/><V70/><F128/><W123/><G123/><T17/><D17/><U88/><E88/><V53/><F70/><W0/><G121/><T38/><D38/><U132/><E132/><V75/><F75/><W10/><G10/><T107/><D107/><U51/><E73/><V112/><F112/><W67/><G122/><T103/><D103/><U55/><E102/><V43/><F18/><N who="3" m="12599" /><G120/><T1/><D1/><U50/><E50/><V124/><F124/><W133/><G0/><T104/><D104/><U23/><E51/><V131/><F131/><W6/><G133/><T101/><D101/><U30/><E72/><V12/><F60/><N who="3" m="35943" /><G6/><T33/><D33/><U69/><E69/><V115/><F115/><W116/><G116/><T40/><D40/><U57/><E41/><V80/><F43/><W109/><G109/><T39/><D39/><U129/><E119/><V98/><F64/><W16/><G67/><RYUUKYOKU ba="0,1" sc="151,15,411,-15,244,-15,184,15" hai0="4,5,28,29,31,61,66,74,78,81,92,93,94" hai3="16,79,83,85,99,100,106" /><INIT seed="3,1,1,4,1,101" ten="166,396,229,199" oya="3" hai0="33,73,69,81,77,4,16,6,78,93,121,98,49" hai1="90,94,102,46,128,118,66,135,99,130,119,10,47" hai2="116,5,25,52,108,44,38,79,68,13,56,18,31" hai3="53,131,12,2,23,28,104,29,105,30,65,95,84"/><W17/><G2/><T36/><D36/><U76/><E135/><V74/><F68/><W60/><G131/><N who="1" m="50218" /><E76/><V41/><F116/><N who="1" m="44585" /><E66/><V92/><F108/><W103/><G53/><T70/><D33/><U27/><E27/><V14/><F5/><W100/><G100/><T114/><D77/><U64/><E64/><V32/><F92/><W58/><REACH who="3" step="1"/><G84/><REACH who="3" ten="166,396,229,189" step="2"/><T122/><D121/><U117/><E117/><V39/><F52/><W9/><G9/><T123/><D123/><U0/><E102/><V110/><F110/><W115/><G115/><T34/><D114/><U113/><E113/><V126/><F74/><W67/><G67/><T50/><D122/><U59/><E0/><V125/><F125/><W82/><G82/><T11/><D11/><U133/><E10/><V107/><F126/><W88/><G88/><T134/><D134/><U127/><E133/><V7/><F79/><W83/><G83/><T106/><D81/><U3/><E3/><V109/><F109/><W21/><G21/><T35/><D78/><U51/><E127/><V62/><F32/><W42/><G42/><T24/><D73/><U86/><E86/><V129/><F41/><W57/><G57/><T22/><D35/><U54/><AGARI ba="1,2" hai="46,47,51,54,59,90,94,99" m="44585,50218" machi="54" ten="40,2700,0" yaku="19,1,12,1" doraHai="101" who="1" fromWho="1" sc="166,-8,396,50,229,-8,189,-14" /><INIT seed="4,0,0,0,4,76" ten="158,446,221,175" oya="0" hai0="108,44,11,130,102,70,85,67,57,75,4,34,16" hai1="45,115,112,47,10,78,97,40,14,104,129,80,101" hai2="64,69,1,5,62,87,131,53,37,48,32,30,39" hai3="117,134,94,128,133,96,113,21,41,118,88,27,66"/><T111/><D75/><U54/><E54/><V24/><BYE who="1" /><F131/><UN n1="%E6%9D%BE%E5%8E%9F%E4%B8%8D%E7%8B%97" /><W71/><G128/><T26/><D130/><U120/><E120/><V81/><F5/><W46/><G113/><N who="1" m="43594" /><E40/><V123/><F1/><W98/><G98/><T116/><D116/><U23/><E23/><V132/><F132/><N who="3" m="50795" /><G66/><T95/><D70/><U7/><E129/><V89/><REACH who="2" step="1"/><F123/><REACH who="2" ten="158,446,211,175" step="2"/><W105/><G118/><T127/><D4/><U92/><E104/><V72/><F72/><AGARI ba="0,1" hai="7,10,14,45,47,72,78,80,92,97,101" m="43594" machi="72" ten="30,3900,0" yaku="15,1,11,1,52,1" doraHai="76" who="1" fromWho="2" sc="158,0,446,49,211,-39,175,0" /><INIT seed="5,0,0,3,5,129" ten="158,495,172,175" oya="1" hai0="100,117,60,72,14,108,93,4,29,22,91,8,126" hai1="43,76,79,54,125,131,24,112,1,92,106,59,2" hai2="130,132,44,68,64,101,78,12,103,74,46,34,114" hai3="113,53,30,51,13,77,120,119,38,115,5,97,124"/><U20/><E106/><V65/><F34/><W67/><G120/><T11/><D117/><U61/><E112/><V63/><F114/><N who="3" m="43531" /><G38/><T82/><D108/><U127/><E131/><V70/><F130/><W36/><G36/><T6/><D126/><N who="1" m="48139" /><E43/><V32/><F32/><W99/><G124/><T37/><D37/><U45/><E45/><V109/><F109/><W49/><G30/><T33/><D33/><U27/><E92/><V25/><F25/><W98/><G119/><T102/><D60/><U89/><E89/><V40/><F78/><N who="1" m="29737" /><E24/><V133/><F74/><W116/><G116/><T10/><D72/><U19/><AGARI ba="0,0" hai="1,2,19,20,27,54,59,61" m="29737,48139" machi="19" ten="30,1500,0" yaku="18,1" doraHai="129" who="1" fromWho="1" sc="158,-5,495,15,172,-5,175,-5" /><INIT seed="5,1,0,1,4,51" ten="153,510,167,170" oya="1" hai0="37,114,41,40,129,74,3,71,43,104,79,73,33" hai1="108,66,31,36,47,119,18,7,48,29,80,135,123" hai2="100,17,15,96,23,109,59,88,133,121,85,102,132" hai3="46,94,1,131,54,89,56,19,63,26,12,120,6"/><U101/><E18/><V65/><F109/><W68/><G131/><T122/><RYUUKYOKU type="yao9" ba="1,0" sc="153,0,510,0,167,0,170,0" hai0="3,33,37,40,41,43,71,73,74,79,104,114,122,129" /><INIT seed="5,2,0,3,4,28" ten="153,510,167,170" oya="1" hai0="70,34,134,75,37,105,10,98,83,42,106,104,119" hai1="123,1,79,110,99,7,44,25,82,6,78,93,113" hai2="100,29,92,102,39,32,97,69,91,107,18,116,118" hai3="117,38,56,9,133,89,81,121,101,115,96,103,63"/><U74/><E113/><V95/><F39/><W73/><G121/><T15/><D119/><U65/><E123/><V109/><F69/><W87/><G38/><T45/><D134/><U85/><E79/><V94/><F109/><W0/><G115/><T49/><D70/><U20/><E1/><V86/><F18/><W66/><G133/><T90/><D37/><U59/><E44/><V128/><F29/><W23/><G117/><T3/><D3/><U46/><E46/><V16/><F16/><W41/><G41/><T22/><D22/><U64/><E64/><V71/><F71/><W19/><G73/><T130/><D130/><U12/><E12/><V27/><F27/><W126/><G126/><T53/><D34/><U114/><E74/><V84/><F32/><W127/><G127/><T30/><D30/><U24/><E24/><V57/><F57/><W8/><G0/><T31/><D31/><U17/><E59/><V58/><F58/><W129/><G129/><T21/><D21/><U77/><E17/><V5/><F5/><W67/><G67/><T48/><D98/><U33/><E99/><N who="2" m="61919" /><F128/><W124/><G124/><T112/><D112/><U2/><E20/><V4/><F4/><W55/><G66/><T62/><D62/><U88/><E33/><V61/><F61/><W52/><G55/><T80/><D75/><U60/><E60/><V36/><F36/><W13/><G103/><T54/><D48/><U50/><E50/><V40/><F40/><W68/><G68/><T51/><D49/><U135/><E114/><V47/><F47/><W125/><G125/><RYUUKYOKU ba="2,0" sc="153,-15,510,-15,167,15,170,15" hai2="84,86,91,92,94,95,97,100,116,118" hai3="8,9,13,19,23,52,56,63,81,87,89,96,101" /><INIT seed="6,3,0,2,1,74" ten="138,495,182,185" oya="2" hai0="44,25,45,11,67,32,92,81,103,53,35,78,96" hai1="5,14,106,62,7,49,109,125,30,0,114,15,98" hai2="1,134,63,91,84,110,54,97,113,101,131,23,61" hai3="39,40,34,76,122,135,52,50,36,37,118,88,71"/><V105/><F134/><W124/><G118/><T9/><D67/><U100/><E114/><V4/><F113/><W42/><G34/><T86/><D35/><U89/><E125/><V48/><F131/><W24/><G122/><T123/><D123/><U77/><E30/><V57/><F110/><W80/><G71/><T126/><D126/><U107/><E5/><V21/><F1/><W112/><G124/><T93/><D32/><U69/><E7/><V58/><F4/><W133/><G24/><T59/><D25/><U12/><E69/><V22/><REACH who="2" step="1"/><F58/><REACH who="2" ten="138,495,172,185" step="2"/><N who="3" m="33047" /><G112/><T82/><D81/><AGARI ba="3,1" hai="21,22,23,48,54,57,61,63,81,84,91,97,101,105" machi="81" ten="40,3900,0" yaku="1,1,53,1" doraHai="74" doraHaiUra="51" who="2" fromWho="0" sc="138,-48,495,0,172,58,185,0" /><INIT seed="6,4,0,3,0,74" ten="90,495,230,185" oya="2" hai0="41,131,29,80,37,90,28,135,13,120,125,51,23" hai1="89,60,54,87,103,122,44,14,39,132,24,79,16" hai2="130,133,33,97,67,82,59,107,22,26,62,48,72" hai3="56,8,36,100,93,104,1,109,98,128,108,35,114"/><V71/><F133/><W25/><G36/><T7/><D120/><U69/><E103/><N who="2" m="62959" /><F130/><W21/><G128/><T91/><D131/><U75/><E24/><V32/><F22/><W30/><G114/><T73/><D135/><U46/><E39/><V112/><F112/><W27/><G104/><T99/><D37/><U50/><E46/><V86/><F33/><W20/><G35/><T78/><D125/><U40/><E69/><V123/><F123/><W64/><G8/><T118/><D118/><U117/><E60/><V102/><F102/><W2/><G2/><T77/><D73/><U121/><E117/><V6/><F6/><W38/><G1/><T63/><D63/><U76/><E75/><V12/><F12/><W0/><G0/><T96/><D41/><U81/><E132/><V65/><F65/><W43/><G43/><T119/><D51/><U94/><E40/><V57/><F48/><W129/><G38/><T34/><D34/><U85/><E121/><V9/><F9/><W105/><G105/><T110/><D110/><U55/><E122/><V115/><F72/><W45/><G45/><T19/><D7/><U111/><E111/><V124/><F124/><W53/><G64/><T84/><D119/><U70/><E70/><V10/><F10/><W66/><G66/><T101/><D101/><U61/><E50/><V4/><F4/><W31/><G129/><T83/><D99/><U95/><E44/><V17/><F115/><W52/><G53/><T11/><D96/><U15/><E54/><V134/><F134/><W92/><G92/><T58/><D11/><RYUUKYOKU ba="4,0" sc="90,-10,495,-10,230,-10,185,30" hai3="20,21,25,27,30,31,52,56,93,98,100,108,109" /><INIT seed="7,5,0,2,2,63" ten="80,485,220,215" oya="3" hai0="0,91,47,9,71,5,1,119,48,128,53,72,26" hai1="3,104,84,57,126,64,23,41,44,54,114,45,82" hai2="39,12,14,13,122,125,98,106,81,4,58,83,8" hai3="76,101,109,30,129,24,59,90,108,135,130,70,32"/><W111/><G70/><T132/><D119/><U36/><E23/><V85/><F39/><W69/><G69/><T50/><D132/><U20/><E57/><V6/><F125/><W75/><G135/><T40/><D128/><N who="3" m="49257" /><G101/><T11/><D72/><U118/><E84/><V78/><F122/><W74/><G76/><T113/><D71/><U77/><E54/><V92/><F106/><W96/><G59/><T99/><D26/><U120/><E44/><V80/><F58/><W16/><G16/><T123/><D123/><U67/><E45/><V51/><F51/><W79/><G79/><T103/><D91/><U55/><E36/><V28/><F28/><W31/><G31/><T29/><D29/><U17/><E17/><V43/><F43/><W25/><G25/><T68/><D68/><U42/><E41/><V61/><F61/><W97/><G90/><T87/><D40/><U19/><E42/><V100/><REACH who="2" step="1"/><F6/><REACH who="2" ten="80,485,210,215" step="2"/><W93/><G93/><T88/><D50/><U112/><E104/><V95/><F95/><W127/><G127/><T116/><D116/><U121/><E118/><V110/><F110/><W89/><G89/><T94/><D113/><U34/><E19/><V18/><F18/><W65/><G65/><T2/><REACH who="0" step="1"/><D9/><REACH who="0" ten="70,485,210,215" step="2"/><U102/><E114/><V22/><F22/><W27/><G27/><T15/><D15/><AGARI ba="5,2" hai="4,8,12,13,14,15,78,80,81,83,85,92,98,100" machi="15" ten="40,2600,0" yaku="1,1,8,1,53,0" doraHai="63" doraHaiUra="105" who="2" fromWho="0" sc="70,-41,485,0,210,61,215,0" owari="29,-47.1,485,58.5,271,7.1,215,-18.5" /></mjloggm>