<mjloggm ver="2.3"><GO type="169" lobby="0"/><UN n0="%E3%81%AF%E3%81%99%E3%81%9F" n1="%E3%81%9B%E3%81%A9%E3%81%AA%E3%82%8A%E3%81%82%E3%82%93" n2="%E5%BE%AE%E5%B7%AE%E3%81%AE%E4%BD%95%E5%88%87%E3%82%8B%EF%BC%9C%E9%81%8B" n3="%67%63%40%E6%BF%80%E8%BE%9B" dan="16,17,16,18" rate="2079.39,2165.38,2105.66,2192.03" sx="M,M,M,M"/><TAIKYOKU oya="0"/><INIT seed="0,0,0,4,0,81" ten="250,250,250,250" oya="0" hai0="44,67,52,103,29,118,13,100,35,72,119,113,5" hai1="33,133,106,55,70,19,10,91,34,83,63,115,127" hai2="99,76,86,4,15,126,0,116,92,16,32,124,131" hai3="46,88,79,23,37,104,71,62,51,85,98,134,66"/><T74/><D113/><U9/><E106/><V96/><F116/><W108/><G108/><T129/><D67/><U31/><E133/><V61/><F32/><W40/><G134/><T59/><D129/><U22/><E127/><N who="2" m="48683" /><F131/><W89/><G79/><T39/><D35/><U1/><E115/><V20/><F61/><W75/><G75/><T82/><D29/><U27/><E34/><V25/><F0/><W60/><G60/><T80/><D44/><U17/><E17/><V49/><F49/><W56/><G23/><T18/><D39/><U105/><E105/><V38/><F38/><W41/><G41/><T45/><D45/><U123/><E123/><V69/><F69/><W54/><REACH who="3" step="1"/><G85/><REACH who="3" ten="250,250,250,240" step="2"/><T87/><D87/><U130/><E130/><V47/><F76/><W48/><G48/><T26/><D74/><U30/><E63/><V107/><F47/><W50/><G50/><N who="0" m="31127" /><D119/><U8/><E33/><V11/><F107/><W109/><G109/><T2/><D118/><U110/><E110/><V65/><F65/><W135/><G135/><T77/><D77/><U95/><E22/><V3/><F25/><W73/><G73/><T94/><D72/><U102/><E27/><V121/><F121/><W78/><G78/><T14/><D26/><U53/><E8/><V97/><F86/><W122/><G122/><T6/><D82/><U132/><E83/><V7/><F7/><W90/><G90/><AGARI ba="0,1" hai="3,4,11,15,16,20,90,92,96,97,99" m="48683" machi="90" ten="30,2000,0" yaku="18,1,54,1" doraHai="81" who="2" fromWho="3" sc="250,0,250,0,250,30,240,-20" /><INIT seed="1,0,0,2,0,26" ten="250,250,280,220" oya="1" hai0="72,36,41,84,119,113,103,102,121,122,44,99,100" hai1="110,5,75,58,59,83,104,71,124,17,116,66,56" hai2="60,28,82,107,105,126,87,108,33,106,11,18,1" hai3="57,63,25,91,27,67,43,96,125,54,21,65,29"/><U8/><E116/><V23/><F108/><W62/><G125/><T133/><D113/><U127/><E104/><V6/><F126/><N who="1" m="48169" /><E71/><V47/><F60/><W52/><G43/><T86/><D119/><U2/><E110/><V129/><F129/><W78/><G78/><T76/><D133/><U19/><E66/><V135/><F47/><W98/><G27/><T69/><D69/><U111/><E111/><V85/><F135/><W115/><G115/><T48/><D72/><U61/><E61/><V64/><F64/><W70/><REACH who="3" step="1"/><G91/><REACH who="3" ten="250,250,280,210" step="2"/><T24/><D76/><AGARI ba="0,1" hai="2,5,8,17,19,56,58,59,75,76,83" m="48169" machi="76" ten="30,1500,0" yaku="18,1" doraHai="26" who="1" fromWho="0" sc="250,-15,250,25,280,0,210,0" /><INIT seed="1,1,0,5,1,123" ten="235,275,280,210" oya="1" hai0="40,84,69,133,131,48,134,118,88,63,98,19,52" hai1="24,95,13,135,61,96,129,119,1,28,55,115,18" hai2="71,124,53,91,6,43,92,9,36,97,14,116,113" hai3="110,33,85,47,105,11,120,75,65,89,51,126,128"/><U5/><E115/><V42/><F116/><W0/><G75/><T100/><D118/><U29/><E119/><V12/><F124/><W59/><G120/><T27/><D131/><U112/><E112/><V45/><F113/><W130/><G33/><T32/><D40/><U50/><E135/><V17/><F71/><W122/><G122/><T21/><D32/><U64/><E1/><V54/><REACH who="2" step="1"/><F43/><REACH who="2" ten="235,275,270,210" step="2"/><W114/><G114/><T109/><D69/><U121/><E121/><V35/><F35/><W99/><G126/><T68/><D68/><U16/><E129/><V132/><F132/><W70/><G70/><T30/><D134/><U10/><E64/><V60/><F60/><W81/><G130/><T76/><D63/><U66/><E61/><V72/><F72/><W117/><G128/><T44/><D133/><U38/><E66/><V62/><F62/><W107/><G117/><T104/><D76/><U26/><E38/><V22/><AGARI ba="1,1" hai="6,9,12,14,17,22,36,42,45,53,54,91,92,97" machi="22" ten="20,2700,0" yaku="1,1,0,1,7,1,53,0" doraHai="123" doraHaiUra="23" who="2" fromWho="2" sc="235,-8,275,-14,270,40,210,-8" /><INIT seed="2,0,0,2,2,116" ten="227,261,310,202" oya="2" hai0="41,97,96,83,70,80,125,25,20,5,79,106,72" hai1="19,109,23,67,46,6,127,113,68,18,62,22,40" hai2="85,117,102,50,120,81,44,82,87,14,61,101,45" hai3="75,71,60,99,24,91,89,74,54,129,128,78,105"/><V26/><F117/><W34/><G54/><T98/><D125/><U94/><E109/><V63/><F14/><W11/><G60/><T118/><D118/><U77/><E127/><V32/><F50/><W21/><G11/><T15/><D70/><U3/><E77/><V28/><F28/><W86/><G34/><T56/><D41/><U1/><E113/><V111/><F32/><W126/><G21/><T35/><D80/><U66/><E94/><V124/><F124/><W132/><G24/><T107/><D35/><U135/><E135/><V16/><F111/><W49/><G49/><T133/><D133/><U33/><E33/><V10/><F10/><W51/><G51/><T130/><D130/><N who="3" m="50281" /><G71/><T58/><D56/><U65/><E68/><V27/><REACH who="2" step="1"/><F16/><REACH who="2" ten="227,261,300,202" step="2"/><N who="1" m="6185" /><E6/><V59/><F59/><W88/><G126/><T114/><D5/><U104/><E62/><V9/><F9/><W73/><G132/><T55/><D15/><U47/><E40/><V76/><F76/><W12/><G12/><T123/><D79/><U90/><E22/><V92/><F92/><N who="3" m="56711" /><G105/><T121/><D20/><U29/><E104/><V115/><F115/><W103/><G103/><T8/><D114/><U37/><E23/><V108/><F108/><W42/><G42/><T100/><D8/><U4/><E29/><V36/><F36/><W13/><G13/><T7/><D7/><U119/><E37/><V43/><F43/><W0/><G0/><N who="1" m="74" /><E4/><V2/><F2/><W134/><G134/><T17/><D107/><U110/><E110/><V53/><F53/><W52/><G52/><T112/><D55/><RYUUKYOKU ba="0,1" sc="227,-15,261,-15,300,15,202,15" hai2="26,27,44,45,61,63,81,82,85,87,101,102,120" hai3="73,74,75,78,86,89,91" /><INIT seed="2,1,1,2,4,13" ten="212,246,315,217" oya="2" hai0="73,56,95,86,37,130,40,85,87,57,118,77,12" hai1="106,24,16,89,38,30,50,42,27,67,78,48,59" hai2="0,49,88,69,80,45,68,28,6,103,129,120,26" hai3="70,100,116,61,117,21,8,92,81,60,126,20,43"/><V1/><F120/><W128/><G128/><T72/><D130/><U65/><E106/><V119/><F129/><W102/><G126/><T3/><D3/><U114/><E114/><V23/><F119/><W19/><G43/><T71/><D118/><U133/><E78/><V41/><F103/><W4/><G81/><T64/><D71/><U121/><E133/><V101/><F101/><W22/><G100/><T76/><D95/><U52/><E121/><V90/><F1/><W34/><G34/><T123/><D123/><U39/><E89/><V132/><F132/><W32/><G32/><T127/><D127/><U9/><E39/><V124/><F124/><W33/><G33/><T96/><D96/><U31/><E38/><V74/><F74/><W105/><G105/><T94/><D94/><U99/><E99/><V46/><F46/><W58/><G70/><T17/><D37/><U135/><E135/><V75/><F90/><W54/><G61/><T53/><D40/><U11/><E42/><V98/><F75/><W62/><G62/><N who="0" m="37967" /><D72/><U131/><E131/><V91/><F91/><W97/><REACH who="3" step="1"/><G19/><REACH who="3" ten="212,246,315,207" step="2"/><T84/><N who="0" m="21504" /><DORA hai="134" /><T104/><D104/><U7/><E16/><V93/><REACH who="2" step="1"/><F80/><REACH who="2" ten="212,246,305,207" step="2"/><W111/><G111/><T115/><D73/><U82/><E82/><V10/><AGARI ba="1,3" hai="0,6,10,23,26,28,41,45,49,68,69,88,93,98" machi="10" ten="30,11700,0" yaku="1,1,2,1,0,1,54,1,53,0" doraHai="13,134" doraHaiUra="63,113" who="2" fromWho="2" sc="212,-40,246,-40,305,150,207,-40" /><INIT seed="2,2,0,2,3,56" ten="172,206,455,167" oya="2" hai0="24,74,130,10,30,100,8,71,51,48,121,25,133" hai1="15,40,27,85,32,37,86,105,17,75,95,102,124" hai2="126,41,28,23,107,76,125,9,26,69,65,36,118" hai3="94,132,93,11,91,119,38,5,14,73,96,111,81"/><V33/><F118/><W79/><G111/><T104/><D121/><U42/><E105/><V113/><F113/><W108/><G108/><T127/><D71/><U92/><E75/><V29/><F76/><W83/><G132/><T99/><D133/><U46/><E124/><V103/><F9/><W60/><G38/><T44/><D127/><U66/><E42/><V53/><F53/><W59/><G119/><T110/><D110/><U54/><E66/><V12/><F12/><W20/><G20/><T58/><D74/><U55/><E32/><V47/><F23/><W21/><G21/><T122/><D122/><U116/><E27/><V50/><F50/><W131/><G131/><T16/><D130/><U35/><E35/><V6/><F29/><W63/><G59/><T34/><D58/><U1/><E1/><V62/><F6/><W52/><G52/><T0/><D25/><U101/><E116/><V2/><F2/><W115/><G83/><T90/><D90/><U80/><E15/><V70/><F70/><W78/><G78/><T67/><D67/><U3/><E3/><V72/><F72/><W68/><G68/><T13/><REACH who="0" step="1"/><D44/><REACH who="0" ten="162,206,455,167" step="2"/><U43/><E46/><V117/><F117/><W123/><G123/><T64/><D64/><U112/><E112/><V49/><F49/><W7/><G115/><T87/><D87/><U135/><E135/><V109/><F109/><W45/><G45/><T77/><D77/><U31/><E37/><V120/><REACH who="2" step="1"/><F120/><REACH who="2" ten="162,206,445,167" step="2"/><W57/><G73/><T22/><D22/><U89/><E86/><V134/><F134/><W4/><G79/><RYUUKYOKU ba="2,2" sc="162,15,206,-15,445,15,167,-15" hai0="0,8,10,13,16,24,30,34,48,51,99,100,104" hai2="26,28,33,36,41,47,62,65,69,103,107,125,126" /><INIT seed="2,3,2,5,5,48" ten="177,191,460,152" oya="2" hai0="24,45,41,110,118,91,49,61,54,16,28,106,50" hai1="72,60,47,15,27,31,43,23,127,26,9,94,3" hai2="93,82,11,44,124,112,22,129,84,35,71,68,14" hai3="59,13,51,98,111,86,121,4,64,29,87,39,95"/><V105/><F105/><W58/><G39/><T62/><D106/><U74/><E3/><V7/><F35/><W115/><G121/><T18/><D110/><U81/><E127/><V80/><F124/><W120/><G120/><T65/><D118/><U104/><E104/><V37/><F37/><W34/><G111/><T52/><D41/><U10/><E10/><V88/><F129/><W108/><G108/><T114/><D114/><U78/><E94/><V25/><F112/><W12/><G29/><T125/><D91/><U36/><E27/><V75/><F75/><W101/><G34/><T107/><D107/><U79/><E60/><N who="0" m="23145" /><D65/><U99/><E99/><V100/><F68/><W8/><G115/><T128/><D128/><U122/><E122/><V32/><F32/><W66/><G12/><T63/><N who="0" m="23153" /><T46/><DORA hai="96" /><D125/><U131/><E131/><V134/><F71/><W42/><G64/><T133/><D133/><U103/><E103/><V40/><F134/><W113/><G66/><T92/><D92/><U69/><E69/><V119/><F100/><W85/><REACH who="3" step="1"/><G113/><REACH who="3" ten="177,191,460,142" step="2"/><T102/><D102/><U83/><E15/><V77/><F119/><W53/><G53/><T116/><D116/><U5/><E9/><V89/><F40/><W117/><G117/><T6/><D6/><AGARI ba="3,3" hai="5,6,23,26,31,36,43,47,72,74,78,79,81,83" machi="6" ten="40,1300,0" yaku="9,1" doraHai="48,96" who="1" fromWho="0" sc="177,-22,191,52,460,0,142,0" /><INIT seed="3,0,0,4,1,119" ten="155,243,460,142" oya="3" hai0="121,48,52,32,85,113,59,16,46,18,28,14,87" hai1="55,109,6,132,2,115,3,81,70,17,11,0,24" hai2="60,107,58,78,38,106,26,103,75,25,122,120,22" hai3="88,94,117,67,19,29,127,73,20,36,8,39,57"/><W47/><G117/><T33/><D113/><U91/><E70/><V101/><F38/><W126/><G73/><T84/><D121/><N who="2" m="46698" /><F78/><W86/><G29/><T74/><D74/><U130/><E55/><N who="2" m="33887" /><F75/><W23/><G8/><T5/><D5/><U7/><E81/><V10/><F10/><W42/><G39/><T51/><D28/><U97/><E91/><V40/><F40/><W134/><G134/><T4/><D4/><N who="1" m="1579" /><E97/><V41/><F41/><W92/><G92/><T102/><D102/><N who="2" m="38922" /><F22/><W112/><G112/><T114/><D114/><U61/><E61/><V21/><F21/><W110/><G110/><T45/><D59/><U30/><E115/><V65/><F65/><W13/><G23/><T79/><D79/><U63/><E63/><V93/><F93/><W125/><G67/><T100/><D100/><U44/><E11/><V133/><F133/><W76/><G57/><T135/><D135/><U89/><E132/><V128/><F128/><W72/><G72/><T35/><REACH who="0" step="1"/><D14/><REACH who="0" ten="145,243,460,142" step="2"/><U15/><E15/><V69/><F69/><W64/><G64/><T66/><D66/><U118/><E118/><V82/><F82/><W105/><G76/><T108/><D108/><U99/><E109/><V62/><F62/><W124/><G124/><T50/><D50/><U90/><E0/><V12/><F12/><W98/><REACH who="3" step="1"/><G105/><AGARI ba="0,1" hai="25,26,105,106,107" m="38922,33887,46698" machi="105" ten="30,7700,0" yaku="13,1,52,3" doraHai="119" who="2" fromWho="3" sc="145,0,243,0,460,87,142,-77" /><INIT seed="4,0,0,5,0,77" ten="145,243,547,65" oya="0" hai0="49,65,109,105,111,72,110,133,12,7,56,100,93" hai1="88,20,63,76,98,53,22,28,36,82,30,16,81" hai2="102,123,33,80,13,83,114,6,54,115,4,117,50" hai3="43,73,61,14,70,101,64,118,57,66,99,34,107"/><T0/><D0/><U122/><E36/><V17/><F33/><W128/><G118/><T132/><D105/><U2/><E2/><V103/><F123/><W131/><G73/><T37/><D37/><U31/><E122/><V45/><F117/><W9/><G43/><T116/><D116/><U21/><E76/><V75/><F75/><W91/><G66/><T55/><D72/><U121/><E121/><V51/><F17/><W47/><G47/><T129/><D129/><U85/><E98/><V87/><F87/><W8/><G57/><T5/><D65/><U60/><E82/><N who="2" m="31275" /><F51/><W18/><G91/><T84/><D12/><U92/><E92/><V15/><F114/><W10/><REACH who="3" step="1"/><G34/><REACH who="3" ten="145,243,547,55" step="2"/><T126/><D111/><U41/><E41/><V52/><F115/><W62/><G62/><N who="1" m="23594" /><E53/><V96/><F54/><W135/><G135/><T19/><D110/><U71/><E71/><V26/><F52/><W95/><G95/><T134/><D109/><U25/><AGARI ba="0,1" hai="16,20,21,22,25,28,30,31,81,85,88" m="23594" machi="25" ten="30,7900,0" yaku="8,1,52,1,54,2" doraHai="77" who="1" fromWho="1" sc="145,-39,243,89,547,-20,55,-20" /><INIT seed="5,0,0,3,5,109" ten="106,332,527,35" oya="1" hai0="98,19,47,62,134,107,26,99,59,10,4,3,95" hai1="132,63,52,105,69,14,35,64,135,74,1,86,96" hai2="119,43,12,30,9,28,7,133,76,36,118,5,32" hai3="39,73,16,68,38,111,116,110,11,120,75,70,106"/><U123/><E1/><V131/><F43/><W90/><G11/><T25/><D134/><N who="1" m="51243" /><E74/><N who="3" m="28170" /><G90/><T101/><D47/><U24/><E123/><V58/><F58/><W97/><G16/><T57/><D19/><U41/><E41/><V117/><F36/><N who="3" m="13867" /><G97/><T56/><REACH who="0" step="1"/><D62/><REACH who="0" ten="96,332,527,35" step="2"/><U55/><E86/><V31/><F133/><W48/><G48/><T44/><D44/><U37/><E37/><V91/><F117/><W66/><G116/><T93/><D93/><U15/><E105/><V27/><F118/><W8/><G106/><T114/><D114/><U71/><E63/><V49/><F119/><W20/><G120/><T61/><D61/><U102/><E71/><V85/><F49/><W84/><G84/><T88/><AGARI ba="0,1" hai="3,4,10,25,26,56,57,59,88,95,98,99,101,107" machi="88" ten="30,7900,0" yaku="1,1,0,1,54,1,53,1" doraHai="109" doraHaiUra="2" who="0" fromWho="0" sc="96,89,332,-39,527,-20,35,-20" /><INIT seed="6,0,0,1,0,61" ten="185,293,507,15" oya="2" hai0="94,95,51,23,34,11,14,36,3,48,47,73,62" hai1="80,115,120,126,63,104,17,66,0,116,53,60,31" hai2="130,85,97,127,112,92,93,124,24,22,41,5,38" hai3="15,2,129,83,68,77,113,119,109,90,28,21,40"/><V105/><F105/><W56/><G109/><T69/><D34/><U86/><E116/><V6/><F112/><W33/><G68/><T76/><D48/><U96/><E0/><V111/><F130/><W57/><G2/><T30/><D51/><U91/><E115/><V16/><F111/><W35/><G113/><T1/><D1/><U27/><E126/><V79/><F41/><W50/><G119/><T54/><D54/><U32/><E120/><V118/><F38/><W121/><G121/><T43/><D30/><U74/><E74/><V7/><F118/><W103/><G103/><T29/><D29/><U98/><E104/><V46/><F46/><W64/><G90/><T99/><D23/><U71/><E17/><V37/><F37/><W75/><G129/><T123/><D14/><U59/><AGARI ba="0,0" hai="27,31,32,53,59,60,63,66,71,80,86,91,96,98" machi="59" ten="30,2000,0" yaku="0,1,52,1" doraHai="61" who="1" fromWho="1" sc="185,-5,293,20,507,-10,15,-5" /><INIT seed="7,0,0,3,0,114" ten="180,313,497,10" oya="3" hai0="1,40,12,28,22,67,84,24,55,79,127,85,53" hai1="9,83,95,117,29,78,13,106,68,43,119,97,63" hai2="133,56,135,60,107,93,48,2,18,91,30,62,64" hai3="4,39,20,77,14,102,121,5,103,120,69,34,126"/><W125/><G69/><T26/><D1/><U88/><E29/><V74/><F107/><W99/><G39/><T57/><D127/><N who="3" m="48649" /><G77/><T19/><D40/><U8/><E43/><V105/><F105/><W104/><G34/><T132/><D132/><N who="2" m="50762" /><F74/><W112/><G103/><T76/><D76/><U65/><E106/><V17/><F2/><W27/><G112/><T49/><D67/><U66/><E66/><N who="2" m="39175" /><F48/><W115/><G115/><T36/><D36/><U116/><REACH who="1" step="1"/><E13/><REACH who="1" ten="180,303,497,10" step="2"/><V128/><F30/><N who="3" m="17767" /><G14/><T110/><D79/><U86/><AGARI ba="0,1" hai="8,9,63,65,68,78,83,86,88,95,97,116,117,119" machi="86" ten="30,16000,3" yaku="1,1,0,1,12,1,52,3,54,1,53,1" doraHai="114" doraHaiUra="94" who="1" fromWho="1" sc="180,-40,303,170,497,-40,10,-80" owari="140,-26.0,473,57.3,457,25.7,-70,-57.0" /></mjloggm>