<mjloggm ver="2.3"><GO type="169" lobby="0"/><UN n0="%68%69%72%61%6A%75%6E" n1="%E3%81%8D%E3%82%83%E3%83%BC%E3%82%8D%E3%82%93" n2="%E3%82%A4%E3%82%AB%E3%81%AB%E3%82%82%E6%9D%B1%E5%8C%97" n3="%E3%82%B1%E3%82%A4%E3%83%AD%E3%83%B3" dan="16,16,17,16" rate="2087.67,2143.01,2178.85,2099.62" sx="M,M,M,M"/><TAIKYOKU oya="0"/><INIT seed="0,0,0,2,3,38" ten="250,250,250,250" oya="0" hai0="26,124,130,9,128,125,101,58,45,5,54,47,53" hai1="90,100,18,120,35,66,123,32,88,17,52,127,68" hai2="79,36,91,42,99,11,16,62,82,67,89,25,48" hai3="76,110,23,115,55,39,106,108,13,111,132,109,113"/><T81/><D101/><U83/><E127/><N who="0" m="48713" /><D81/><U74/><E100/><V37/><F37/><W78/><G106/><T44/><D26/><U3/><E3/><V64/><F36/><W1/><G1/><N who="0" m="175" /><D58/><U49/><E74/><V105/><F105/><W4/><G39/><T0/><D0/><U84/><E68/><V72/><F99/><W126/><G126/><T24/><D24/><U121/><E66/><V14/><F25/><W94/><G132/><T12/><D12/><U7/><E7/><V112/><F67/><W107/><G107/><T85/><D85/><U102/><E102/><V69/><REACH who="2" step="1"/><F112/><REACH who="2" ten="250,250,240,250" step="2"/><W61/><G111/><T93/><D93/><U21/><E123/><V80/><F80/><W129/><G113/><T10/><D10/><U116/><E121/><V117/><F117/><W50/><G115/><T59/><D59/><U51/><E116/><V70/><F70/><W27/><G94/><T71/><D71/><U19/><E120/><V33/><F33/><W114/><G114/><T2/><D2/><U97/><E35/><V131/><F131/><AGARI ba="0,1" hai="44,45,47,53,54,128,130,131" m="175,48713" machi="131" ten="40,3900,0" yaku="19,1,18,1" doraHai="38" who="0" fromWho="2" sc="250,49,250,0,240,-39,250,0" /><INIT seed="0,1,0,5,4,126" ten="299,250,201,250" oya="0" hai0="101,24,74,134,132,0,121,46,69,70,67,81,9" hai1="48,49,107,27,54,1,65,83,21,22,89,59,108" hai2="130,12,127,39,58,112,120,96,55,110,93,14,68" hai3="88,119,56,20,28,8,36,94,114,109,23,63,26"/><T97/><D121/><U2/><E108/><V73/><F120/><W84/><G109/><T41/><D24/><U34/><E107/><V66/><F112/><W91/><G36/><T62/><D70/><U111/><E111/><V133/><F110/><W5/><G114/><T115/><D115/><U33/><E65/><V18/><F73/><W50/><G119/><T75/><D0/><U131/><E131/><V82/><F39/><W51/><G23/><T124/><D124/><U77/><E89/><V98/><F127/><W104/><G104/><T52/><D9/><U15/><E15/><V117/><F133/><W10/><G91/><T79/><D75/><U85/><E34/><V25/><F117/><W80/><G80/><T92/><REACH who="0" step="1"/><D41/><REACH who="0" ten="289,250,201,250" step="2"/><U123/><E123/><V99/><F68/><W38/><G8/><T43/><D43/><U105/><E2/><V64/><F25/><W19/><G5/><T122/><D122/><U35/><E1/><V102/><F12/><N who="3" m="7575" /><G38/><T57/><D57/><U90/><E59/><V86/><F58/><W129/><G129/><T45/><D45/><U31/><E27/><V118/><F130/><W40/><G40/><T100/><D100/><U72/><E72/><V13/><F102/><W3/><G3/><T42/><D42/><U95/><E35/><V60/><F118/><W71/><G71/><T37/><D37/><U106/><E33/><V6/><F13/><W4/><G4/><T113/><D113/><U78/><E22/><V87/><F14/><W16/><G28/><T76/><D76/><U7/><E31/><V125/><F6/><RYUUKYOKU ba="1,1" sc="289,15,250,-15,201,-15,250,15" hai0="46,52,62,67,69,74,79,81,92,97,101,132,134" hai3="16,20,26,50,51,56,63,84,88,94" /><INIT seed="0,2,1,0,0,84" ten="304,235,186,265" oya="0" hai0="41,81,130,69,59,25,110,129,73,38,30,14,132" hai1="66,10,131,19,60,77,92,105,125,134,135,43,128" hai2="0,115,6,22,28,97,114,16,61,96,117,27,79" hai3="2,75,46,56,78,123,35,113,68,72,13,48,4"/><T40/><D69/><U122/><E105/><V9/><F117/><W64/><G68/><T58/><D132/><N who="1" m="50731" /><E122/><V1/><F1/><W107/><G107/><T83/><D110/><U36/><E77/><V21/><F79/><W102/><G2/><T63/><D14/><N who="1" m="7639" /><E92/><V11/><F11/><W5/><G35/><T109/><D109/><U23/><E23/><V55/><F97/><W62/><G113/><T119/><D119/><U47/><E125/><V85/><F96/><W80/><G123/><T87/><D73/><U65/><E65/><V76/><F55/><W124/><G102/><T3/><D3/><U32/><E32/><V89/><F61/><W98/><G98/><T112/><D112/><U34/><E34/><V44/><F44/><W20/><G124/><T17/><D17/><U93/><E93/><V95/><REACH who="2" step="1"/><F76/><REACH who="2" ten="304,235,176,265" step="2"/><W67/><G75/><T26/><D63/><U116/><E116/><V70/><F70/><AGARI ba="2,2" hai="36,43,47,60,66,70,128,131" m="7639,50731" machi="70" ten="30,1000,0" yaku="20,1" doraHai="84" who="1" fromWho="2" sc="304,0,235,36,176,-16,265,0" /><INIT seed="1,0,0,3,5,2" ten="304,271,160,265" oya="1" hai0="36,130,9,54,134,62,74,48,75,86,72,114,112" hai1="77,35,93,57,98,40,4,69,45,43,117,115,17" hai2="107,41,135,27,59,25,95,6,80,11,67,7,58" hai3="42,68,14,96,15,22,131,1,118,50,81,83,34"/><U39/><E117/><V20/><F107/><W33/><G1/><T29/><D130/><U66/><E115/><V52/><F135/><W87/><G68/><T123/><D134/><U51/><E35/><V28/><F41/><W103/><G131/><T132/><D132/><U125/><E77/><V116/><F116/><W16/><G118/><T106/><D123/><U71/><E17/><V18/><F11/><W94/><G14/><T101/><D36/><U113/><E113/><V121/><F121/><W122/><G122/><T31/><D62/><N who="1" m="38223" /><E4/><N who="2" m="1579" /><F95/><W104/><G83/><T79/><D9/><U5/><E5/><V76/><F67/><W46/><G104/><T0/><D0/><U63/><E93/><V90/><F76/><AGARI ba="0,0" hai="15,16,22,33,34,42,46,50,76,81,87,94,96,103" machi="76" ten="30,2000,0" yaku="7,1,54,1" doraHai="2" who="3" fromWho="2" sc="304,0,271,0,160,-20,265,20" /><INIT seed="2,0,0,2,4,38" ten="304,271,140,285" oya="2" hai0="31,117,105,94,112,102,26,44,0,109,4,124,72" hai1="23,47,54,56,68,121,67,65,51,97,48,115,116" hai2="32,30,95,135,107,71,33,70,132,108,101,24,52" hai3="82,118,28,46,34,16,81,63,103,10,49,59,96"/><V27/><F107/><W64/><G118/><T80/><D112/><U2/><E2/><V55/><F101/><W3/><G28/><T40/><D109/><U7/><E7/><V60/><F95/><W58/><G34/><N who="2" m="13417" /><F30/><W134/><G59/><T79/><D124/><U98/><E115/><V22/><F22/><W120/><G120/><T106/><D117/><U21/><E116/><V92/><F92/><N who="3" m="58759" /><G3/><T130/><D130/><U100/><E121/><V36/><F36/><W90/><G90/><T89/><D102/><U14/><E68/><N who="2" m="26155" /><F60/><W62/><G134/><N who="2" m="51241" /><F108/><W74/><G74/><T131/><D131/><U42/><E51/><V122/><F122/><W15/><G63/><T126/><D126/><U57/><E57/><V133/><N who="2" m="51249" /><V104/><DORA hai="6" /><F104/><W61/><G62/><T114/><D114/><U93/><E98/><V20/><F20/><N who="1" m="7753" /><E14/><V91/><F91/><W53/><AGARI ba="0,0" hai="10,15,16,46,49,53,58,61,64,81,82" m="58759" machi="53" ten="30,4000,0" yaku="8,1,52,1,54,1" doraHai="38,6" who="3" fromWho="3" sc="304,-10,271,-10,140,-20,285,40" /><INIT seed="3,0,0,1,4,34" ten="294,261,120,325" oya="3" hai0="70,108,73,79,96,53,85,101,125,105,109,74,25" hai1="63,103,104,68,111,54,126,56,10,81,123,119,112" hai2="0,100,33,77,16,86,88,35,71,83,14,97,44" hai3="90,40,49,120,36,26,134,15,37,107,69,17,46"/><W106/><G120/><T6/><D70/><U52/><E123/><V124/><F71/><W31/><G69/><T32/><D6/><U18/><E112/><V21/><F124/><W57/><G134/><T23/><D32/><U51/><E68/><V121/><F121/><W64/><G106/><T27/><D53/><U50/><E111/><N who="0" m="42569" /><D27/><U45/><E119/><V82/><F0/><W19/><G107/><T113/><D113/><U135/><E126/><V128/><F128/><W89/><G19/><N who="0" m="12543" /><D125/><U130/><E135/><V115/><F44/><W20/><G37/><T127/><D127/><U118/><E118/><V48/><F48/><W3/><G3/><T5/><D5/><U24/><E130/><V102/><F115/><W122/><G122/><T132/><D132/><U30/><E103/><V47/><F47/><W12/><G12/><T29/><D29/><U11/><E18/><V7/><F102/><W55/><REACH who="3" step="1"/><G64/><REACH who="3" ten="294,261,120,315" step="2"/><T84/><D73/><U8/><E104/><V58/><F7/><W38/><G38/><T43/><D74/><U116/><E116/><V4/><F4/><W65/><G65/><T67/><D67/><U95/><E24/><V13/><F14/><W131/><G131/><T75/><D75/><U76/><E30/><V99/><F13/><W114/><G114/><T39/><D39/><U2/><E2/><V9/><F16/><W59/><G59/><T42/><D105/><U94/><REACH who="1" step="1"/><E51/><REACH who="1" ten="294,251,120,315" step="2"/><V92/><F58/><W110/><G110/><T87/><D79/><U28/><E28/><V133/><F77/><W62/><G62/><T117/><D117/><RYUUKYOKU ba="0,2" sc="294,10,251,10,120,-30,315,10" hai0="42,43,84,85,87,96,101" hai1="8,10,11,45,50,52,54,56,63,76,81,94,95" hai3="15,17,20,26,31,36,40,46,49,55,57,89,90" /><INIT seed="3,1,2,0,0,120" ten="304,261,90,325" oya="3" hai0="105,17,41,128,84,87,62,85,106,33,107,47,79" hai1="89,36,45,28,101,38,116,121,125,92,83,18,7" hai2="49,66,61,108,134,95,13,115,23,118,76,67,56" hai3="112,26,42,126,80,82,57,129,127,27,86,37,94"/><W35/><G112/><T104/><D128/><U75/><E121/><V114/><F118/><W40/><G129/><T69/><D33/><U12/><E125/><N who="3" m="47626" /><G37/><T46/><N who="0" m="26624" /><DORA hai="78" /><T103/><D103/><U11/><E116/><V32/><F32/><W30/><G57/><T53/><D17/><U100/><E28/><V21/><F134/><W4/><G4/><T135/><D135/><U19/><E38/><V77/><F95/><W14/><G14/><T113/><D113/><U3/><E36/><V71/><F71/><W123/><G123/><T131/><D131/><U52/><E3/><V63/><F49/><W117/><G117/><T102/><D102/><N who="1" m="39531" /><E83/><N who="3" m="31786" /><G26/><T96/><D79/><U55/><E75/><V91/><F13/><W10/><G10/><T16/><D96/><N who="1" m="57359" /><E55/><V1/><F1/><W58/><G58/><T31/><D87/><U124/><E124/><V93/><F56/><W8/><G8/><T48/><D85/><U119/><E119/><V68/><F68/><W132/><G132/><T88/><D84/><U133/><E133/><V111/><REACH who="2" step="1"/><F93/><REACH who="2" ten="304,261,80,325" step="2"/><W34/><G35/><T39/><D69/><U9/><E9/><V59/><F59/><W97/><G97/><T109/><D39/><U15/><E15/><V70/><F70/><W64/><G64/><T29/><D46/><U24/><E24/><V50/><F50/><AGARI ba="1,3" hai="7,11,12,18,19,45,50,52" m="57359,39531" machi="50" ten="30,2000,0" yaku="8,1,54,1" doraHai="120,78" who="1" fromWho="2" sc="304,0,261,53,80,-23,325,0" /><INIT seed="4,0,0,4,2,101" ten="304,314,57,325" oya="0" hai0="84,35,39,0,93,13,71,126,106,69,7,75,26" hai1="82,48,124,119,80,5,20,87,127,134,14,19,52" hai2="123,74,112,30,28,15,38,18,88,68,113,46,130" hai3="25,86,125,83,44,53,94,117,108,40,59,95,11"/><T107/><D75/><U133/><E119/><V132/><F123/><W34/><G108/><T122/><D13/><U33/><E33/><V90/><F68/><N who="0" m="26186" /><D84/><U103/><E5/><V43/><F74/><W66/><G125/><N who="1" m="48202" /><E103/><V8/><F130/><W24/><G117/><T96/><D93/><U12/><E12/><V64/><F64/><W1/><G66/><T100/><D126/><U6/><E6/><V3/><F3/><W98/><G11/><N who="0" m="2535" /><D122/><U65/><E65/><V62/><F62/><W58/><G1/><T102/><D39/><U115/><E115/><N who="2" m="44107" /><F132/><N who="1" m="50793" /><E87/><V78/><F78/><W16/><G34/><T111/><D111/><U89/><E89/><AGARI ba="0,0" hai="8,15,18,28,30,38,43,46,88,89,90" m="44107" machi="89" ten="30,2000,0" yaku="15,1,54,1" doraHai="101" who="2" fromWho="1" sc="304,0,314,-20,57,20,325,0" /><INIT seed="5,0,0,1,3,23" ten="304,294,77,325" oya="1" hai0="50,111,8,72,61,108,69,104,127,82,15,31,100" hai1="125,123,6,49,46,48,90,77,85,92,62,16,126" hai2="116,87,65,118,73,68,14,3,11,37,101,94,28" hai3="76,120,35,81,130,13,131,33,40,0,12,91,99"/><U134/><E134/><V47/><F73/><W128/><G120/><T84/><D127/><N who="1" m="48651" /><E123/><V75/><F75/><W56/><G0/><T19/><D72/><U132/><E132/><V60/><F3/><W105/><G40/><T74/><D74/><U110/><E6/><V103/><F103/><W88/><G56/><T24/><D50/><U52/><E110/><V112/><F112/><W71/><G71/><T5/><D100/><U58/><E77/><V55/><F28/><W135/><G135/><T34/><D104/><U106/><E106/><V26/><F101/><N who="3" m="62655" /><G76/><T38/><D38/><U63/><E16/><V54/><F116/><W41/><G41/><AGARI ba="0,0" hai="41,46,48,49,52,58,62,63,85,90,92" m="48651" machi="41" ten="30,2900,0" yaku="18,1,54,1" doraHai="23" who="1" fromWho="3" sc="304,0,294,29,77,0,325,-29" /><INIT seed="5,1,0,3,2,9" ten="304,323,77,296" oya="1" hai0="82,132,55,86,62,61,134,52,107,67,48,31,72" hai1="38,94,127,73,35,21,20,112,8,124,79,70,131" hai2="49,85,1,29,80,54,68,0,7,135,83,87,122" hai3="110,2,133,28,16,115,103,26,37,69,119,19,108"/><U13/><E70/><V95/><F122/><W89/><G37/><T111/><D111/><N who="3" m="42537" /><G103/><T125/><D125/><N who="1" m="48203" /><E38/><V98/><F68/><W27/><G89/><T106/><D72/><U45/><E35/><V120/><F120/><W14/><G69/><T60/><D31/><U25/><E45/><V99/><F135/><N who="0" m="51754" /><D67/><U15/><E131/><V12/><F29/><W33/><G133/><T47/><D55/><U10/><E94/><V58/><F0/><W118/><G2/><T17/><D17/><N who="1" m="12431" /><E112/><V121/><F1/><W51/><G51/><T46/><D46/><U105/><E105/><V101/><F121/><W53/><G53/><T39/><D39/><U41/><E41/><V56/><F56/><W92/><G92/><T5/><D5/><U71/><E71/><V91/><F95/><W96/><G96/><T81/><D81/><N who="1" m="45295" /><E21/><V42/><F42/><W117/><G115/><T4/><D4/><U57/><E57/><V36/><F36/><W32/><G32/><T76/><AGARI ba="1,0" hai="47,48,52,60,61,62,76,82,86,106,107" m="51754" machi="76" ten="30,2000,0" yaku="20,1,54,1" doraHai="9" who="0" fromWho="0" sc="304,23,323,-11,77,-6,296,-6" /><INIT seed="6,0,0,4,4,100" ten="327,312,71,290" oya="2" hai0="52,81,95,39,65,29,99,22,106,124,78,23,86" hai1="114,130,54,37,1,66,62,123,2,82,88,77,43" hai2="74,18,129,70,53,71,10,94,110,44,104,31,90" hai3="60,41,112,68,7,27,105,132,35,89,111,25,83"/><V119/><F119/><W21/><G111/><T102/><D124/><U42/><E114/><V55/><F74/><W28/><G41/><T72/><D39/><U128/><E123/><V79/><F110/><W133/><G7/><T116/><D116/><U8/><E43/><V34/><F129/><N who="1" m="49769" /><E54/><V75/><F104/><W92/><G112/><T45/><D65/><U63/><E8/><V64/><F34/><W67/><G83/><T108/><D108/><U97/><E63/><V87/><F31/><W49/><G49/><N who="0" m="28719" /><D29/><U17/><E17/><V56/><F44/><W32/><G105/><T58/><D58/><N who="1" m="37207" /><E42/><V14/><F64/><W109/><G109/><T3/><D3/><U117/><E37/><V15/><F55/><W19/><REACH who="3" step="1"/><G32/><REACH who="3" ten="327,312,71,280" step="2"/><T59/><D106/><U101/><E117/><V38/><F38/><W36/><G36/><T20/><D72/><N who="1" m="43303" /><E101/><V98/><F75/><W12/><G12/><T69/><D69/><U127/><E127/><V118/><F118/><W24/><G24/><T13/><D59/><U6/><E6/><V9/><F79/><W84/><AGARI ba="0,1" hai="19,21,25,27,28,35,60,67,68,84,89,92,132,133" machi="84" ten="30,2000,0" yaku="1,1,0,1,53,0" doraHai="100" doraHaiUra="50" who="3" fromWho="3" sc="327,-5,312,-5,71,-10,280,30" /><INIT seed="7,0,0,2,0,71" ten="322,307,61,310" oya="3" hai0="83,54,35,93,101,78,117,19,113,51,82,70,73" hai1="60,40,107,38,48,111,121,23,76,56,72,67,124" hai2="66,6,42,98,11,64,34,112,12,120,128,14,4" hai3="109,3,36,10,110,20,47,134,123,87,58,8,21"/><W77/><G123/><T45/><D117/><U15/><E107/><V5/><F42/><N who="3" m="22983" /><G134/><T96/><D70/><N who="1" m="42343" /><E121/><V86/><F86/><W68/><G68/><T62/><D113/><U92/><E124/><V95/><F120/><W80/><G58/><N who="0" m="35159" /><D35/><U1/><E111/><N who="3" m="42506" /><G10/><T118/><D118/><U94/><E1/><V69/><F69/><W7/><AGARI ba="0,0" hai="3,7,8,20,21,77,80,87" m="42506,22983" machi="7" ten="30,3000,0" yaku="10,1,52,1" doraHai="71" who="3" fromWho="3" sc="322,-10,307,-10,61,-10,310,30" owari="312,11.2,297,-10.3,51,-44.9,340,44.0" /></mjloggm>