<mjloggm ver="2.3"><GO type="169" lobby="0"/><UN n0="%E3%83%88%E3%82%B7%E3%83%95%E3%83%BC%E3%83%8B" n1="%E3%83%8F%E3%82%BA%E3%83%AC" n2="%E7%94%9F%E4%BD%93%E3%81%AE%E6%A7%8B%E9%80%A0%31" n3="%E8%B1%86%E3%83%80%E3%83%9E%E8%AD%A6%E5%AF%9F" dan="16,17,16,17" rate="2139.48,2180.49,2069.68,2184.36" sx="M,M,M,M"/><TAIKYOKU oya="0"/><INIT seed="0,0,0,4,3,103" ten="250,250,250,250" oya="0" hai0="93,105,67,73,37,102,62,58,70,118,48,69,3" hai1="56,36,81,76,44,119,7,133,106,111,21,107,114" hai2="32,55,87,89,54,113,129,42,63,86,77,72,124" hai3="28,82,13,84,53,68,46,134,24,49,75,51,130"/><T47/><D118/><U88/><E119/><V19/><F113/><W33/><G134/><T12/><D3/><U45/><E114/><V71/><F32/><W101/><G130/><T66/><D73/><U9/><E133/><V57/><F72/><W121/><G121/><T22/><D93/><U30/><E111/><V98/><F71/><W8/><G68/><T14/><D37/><U11/><E11/><V96/><F124/><W85/><G101/><T127/><D127/><U94/><E56/><V117/><F42/><W26/><G26/><T104/><D58/><U23/><E23/><V59/><F129/><W95/><G95/><T100/><D22/><U5/><E5/><V108/><F108/><W18/><G75/><T2/><D2/><U50/><E36/><V61/><F117/><W120/><G120/><T38/><D38/><U91/><E21/><V39/><F39/><W31/><G31/><T17/><D48/><U15/><E30/><V79/><REACH who="2" step="1"/><F89/><REACH who="2" ten="250,250,240,250" step="2"/><W78/><G78/><T20/><D47/><U60/><E91/><V27/><F27/><W122/><G122/><T4/><D4/><U29/><E45/><V74/><F74/><W6/><G6/><T35/><D35/><U90/><E90/><V110/><F110/><W80/><G46/><T92/><D14/><U135/><E15/><V10/><F10/><W99/><G8/><T40/><D40/><U116/><E9/><V131/><F131/><W115/><G13/><T132/><D132/><U41/><E7/><V97/><F97/><W34/><G34/><T65/><D70/><U109/><E135/><RYUUKYOKU ba="0,1" sc="250,-10,250,-10,240,30,250,-10" hai2="19,54,55,57,59,61,63,77,79,86,87,96,98" /><INIT seed="1,1,1,3,2,92" ten="240,240,270,240" oya="1" hai0="128,65,72,34,115,57,85,3,133,76,96,59,102" hai1="52,87,31,64,42,82,103,21,46,77,90,36,51" hai2="71,11,94,39,88,29,28,95,62,81,91,75,25" hai3="63,4,5,38,121,131,49,14,113,19,74,40,120"/><U16/><E64/><V22/><F39/><W97/><G113/><T30/><D72/><U109/><E109/><V1/><F29/><W98/><G74/><T86/><D3/><U55/><E31/><V124/><F124/><W130/><G63/><T78/><D115/><U6/><E6/><N who="3" m="2666" /><G49/><T17/><D133/><U2/><E2/><V129/><F129/><N who="3" m="49163" /><G40/><T53/><D128/><U123/><E123/><N who="3" m="47178" /><G38/><T125/><D125/><U110/><E110/><V69/><F62/><W26/><G26/><T67/><D53/><U118/><E118/><V56/><F75/><W23/><AGARI ba="1,1" hai="14,19,23,97,98" m="47178,49163,2666" machi="23" ten="40,5200,0" yaku="19,1,52,2" doraHai="92" who="3" fromWho="3" sc="240,-14,240,-27,270,-14,240,65" /><INIT seed="2,0,0,3,3,106" ten="226,213,256,305" oya="2" hai0="16,10,134,127,30,102,31,57,44,9,100,34,37" hai1="117,103,104,83,110,62,87,56,17,66,26,55,19" hai2="92,101,107,4,50,27,85,45,97,2,18,77,46" hai3="42,20,41,64,133,95,54,74,108,132,12,60,38"/><V11/><F27/><W23/><G108/><T99/><D127/><U96/><E110/><V35/><F35/><W25/><G38/><T122/><D122/><U70/><E117/><V81/><F18/><W69/><G74/><T73/><D134/><U130/><E130/><V113/><F113/><W72/><G72/><T80/><D57/><U125/><E125/><V91/><REACH who="2" step="1"/><F50/><REACH who="2" ten="226,213,246,305" step="2"/><W126/><G25/><T40/><D34/><U21/><E17/><V123/><F123/><W52/><G126/><T47/><D16/><U36/><E36/><V86/><AGARI ba="0,1" hai="2,4,11,45,46,77,81,85,86,91,92,97,101,107" machi="86" ten="20,3900,0" yaku="1,1,0,1,7,1,53,0" doraHai="106" doraHaiUra="119" who="2" fromWho="2" sc="226,-13,213,-13,246,49,305,-13" /><INIT seed="2,1,0,1,0,96" ten="213,200,295,292" oya="2" hai0="131,39,130,106,110,84,128,31,54,1,41,91,94" hai1="18,48,40,132,111,117,79,109,29,52,44,129,87" hai2="90,78,35,46,103,76,83,99,124,30,28,12,68" hai3="66,74,118,11,126,57,127,22,75,49,0,135,5"/><V60/><F124/><N who="3" m="47659" /><G118/><T120/><D120/><U56/><E29/><V72/><F78/><W123/><G123/><T3/><D110/><N who="1" m="41995" /><E117/><V45/><F90/><W6/><G135/><T20/><D106/><U71/><E132/><V42/><F35/><W77/><G77/><T121/><D121/><U7/><E7/><V108/><F108/><W36/><G36/><T43/><D54/><U101/><E71/><V51/><F12/><W14/><G6/><T122/><D122/><U21/><E129/><V100/><F46/><W17/><G49/><T26/><REACH who="0" step="1"/><D39/><REACH who="0" ten="203,200,295,292" step="2"/><U88/><E79/><V50/><F50/><W104/><G104/><T53/><D53/><U69/><E69/><V19/><F68/><W8/><G66/><T4/><D4/><U98/><E56/><V32/><F76/><W58/><G58/><T63/><D63/><U89/><E40/><AGARI ba="1,1" hai="1,3,20,26,31,40,41,43,84,91,94,128,130,131" machi="40" ten="40,2600,0" yaku="1,1,19,1,53,0" doraHai="96" doraHaiUra="92" who="0" fromWho="1" sc="203,39,200,-29,295,0,292,0" /><INIT seed="3,0,0,0,0,122" ten="242,171,295,292" oya="3" hai0="81,11,54,49,7,67,116,41,98,123,78,87,118" hai1="110,52,30,131,12,63,124,75,125,31,93,133,84" hai2="29,9,73,119,114,103,112,83,14,109,127,129,4" hai3="61,88,17,89,32,37,72,8,28,34,64,76,80"/><W18/><G37/><T36/><D123/><U47/><E75/><V101/><F119/><W45/><G45/><T46/><D67/><U19/><E131/><V70/><F129/><W100/><G100/><T102/><D54/><U10/><E133/><V5/><F127/><N who="1" m="48713" /><E110/><V96/><F70/><W48/><G48/><T108/><D108/><U15/><E15/><V69/><F69/><W115/><G115/><N who="2" m="44073" /><F29/><W55/><G55/><T44/><D44/><U85/><E85/><V74/><F5/><W53/><G53/><T111/><D111/><U92/><E92/><V21/><F21/><W0/><G18/><T135/><D135/><U16/><E19/><V68/><F68/><W94/><G28/><T57/><D57/><N who="1" m="35239" /><E47/><V43/><F83/><W51/><G51/><T35/><D36/><U77/><E93/><V132/><F74/><W107/><G107/><T71/><D71/><U113/><E113/><V59/><F73/><W128/><G128/><T97/><D97/><U65/><E65/><V60/><F96/><W134/><G134/><T99/><D99/><U42/><E42/><V79/><F43/><W40/><G40/><T56/><D56/><U22/><E22/><V50/><F59/><N who="3" m="36927" /><G94/><N who="0" m="58711" /><D35/><N who="3" m="13353" /><G0/><T104/><D104/><U1/><E1/><V23/><F109/><W2/><G2/><T58/><D58/><U120/><E120/><V62/><F132/><W66/><G66/><T27/><D27/><U13/><E13/><AGARI ba="0,0" hai="7,11,13,41,46,49,78,81,87,116,118" m="58711" machi="13" ten="30,1000,0" yaku="25,1" doraHai="122" who="0" fromWho="1" sc="242,10,171,-10,295,0,292,0" /><INIT seed="4,0,0,1,3,23" ten="252,161,295,292" oya="0" hai0="19,29,100,55,113,64,116,47,44,40,89,73,128" hai1="6,21,72,121,124,51,115,87,75,27,98,56,69" hai2="20,103,96,32,79,65,130,94,120,85,110,102,26" hai3="84,12,34,59,30,81,92,131,10,88,76,133,46"/><T14/><D116/><U62/><E69/><V15/><F110/><W132/><G131/><T1/><D1/><U49/><E121/><V42/><F120/><W25/><G59/><T67/><D128/><U91/><E124/><V80/><F130/><W38/><G46/><T95/><D73/><U82/><E115/><V24/><F32/><W97/><REACH who="3" step="1"/><G38/><REACH who="3" ten="252,161,295,282" step="2"/><T104/><D47/><U122/><E122/><V45/><F65/><W39/><G39/><T63/><D67/><U43/><E43/><V135/><F135/><W77/><G77/><T109/><D40/><U83/><E75/><V123/><F123/><W119/><G119/><T18/><D64/><U127/><E127/><V2/><F45/><W68/><G68/><T86/><D44/><U118/><E118/><V112/><F42/><W71/><G71/><T60/><D109/><U107/><E72/><V57/><F57/><W78/><G78/><T17/><D113/><U0/><E56/><V22/><F112/><W74/><G74/><T37/><D37/><U117/><E117/><V61/><F79/><W70/><G70/><T66/><D66/><U58/><E58/><V7/><F61/><W50/><G50/><T8/><D60/><U129/><E129/><V106/><F103/><W101/><G101/><T114/><D114/><U3/><E62/><V5/><F102/><W11/><G11/><T90/><D63/><U126/><E126/><V28/><F106/><W134/><G134/><T35/><D55/><U41/><E41/><V93/><F2/><W33/><G33/><T36/><D35/><U111/><E111/><RYUUKYOKU ba="0,1" sc="252,-10,161,-10,295,-10,282,30" hai3="10,12,25,30,34,76,81,84,88,92,97,132,133" /><INIT seed="5,1,1,5,0,43" ten="242,151,285,312" oya="1" hai0="132,117,35,128,105,98,94,1,36,39,118,135,27" hai1="51,56,116,67,30,75,109,47,77,73,15,6,63" hai2="18,8,62,50,65,60,112,46,81,58,13,38,114" hai3="102,86,32,3,89,37,78,115,104,22,106,70,31"/><U21/><E116/><N who="0" m="44649" /><D1/><U25/><E109/><V66/><F38/><N who="0" m="14378" /><D94/><U84/><E84/><V48/><F81/><W111/><G70/><T28/><D128/><U124/><E124/><V121/><F121/><W33/><G37/><T53/><D53/><U131/><E131/><V125/><F125/><W29/><G102/><AGARI ba="1,1" hai="27,28,35,98,102,105,132,135" m="14378,44649" machi="102" ten="40,1300,0" yaku="23,1" doraHai="43" who="0" fromWho="3" sc="242,26,151,0,285,0,312,-16" /><INIT seed="6,0,0,1,3,66" ten="268,151,285,296" oya="2" hai0="45,64,44,40,55,73,123,122,114,12,86,127,30" hai1="29,103,10,77,115,133,22,88,43,89,85,72,112" hai2="26,35,57,58,101,63,16,102,79,65,98,9,36" hai3="130,33,24,74,75,23,60,54,109,132,128,13,90"/><V84/><F36/><W134/><G109/><T68/><D73/><U5/><E103/><V17/><F9/><W94/><G33/><T126/><D12/><U6/><E43/><V37/><F37/><W87/><G13/><T49/><D86/><U78/><E29/><V117/><F117/><W129/><G54/><T21/><D21/><U39/><E22/><V15/><F35/><W11/><G60/><N who="0" m="39943" /><D30/><U7/><E39/><V82/><F26/><W120/><G120/><N who="0" m="46123" /><D114/><N who="1" m="43563" /><E133/><N who="3" m="51306" /><G11/><T121/><N who="0" m="46131" /><T96/><DORA hai="14" /><D96/><U18/><E72/><V110/><F110/><W28/><AGARI ba="0,0" hai="23,24,28,74,75,87,90,94,128,129,130" m="51306" machi="28" ten="40,2700,0" yaku="19,1,20,1" doraHai="66,14" who="3" fromWho="3" sc="268,-7,151,-7,285,-13,296,27" /><INIT seed="7,0,0,4,1,52" ten="261,144,272,323" oya="3" hai0="125,91,57,8,119,18,85,63,14,15,104,86,50" hai1="84,126,72,135,87,74,7,2,48,108,109,54,112" hai2="19,34,59,5,61,98,32,9,95,0,78,42,45" hai3="113,121,62,69,46,39,47,97,41,111,4,53,65"/><W123/><G4/><T23/><D104/><U131/><E131/><V37/><F78/><W44/><G97/><T66/><D125/><U102/><E2/><V28/><F19/><W16/><G16/><N who="0" m="8263" /><D119/><U36/><E36/><V43/><F43/><N who="3" m="22655" /><G113/><T129/><D129/><U99/><E7/><V13/><F28/><W20/><G20/><T124/><D124/><U103/><E48/><V10/><F10/><W40/><G111/><T118/><D118/><U29/><E54/><V116/><F0/><W134/><G134/><T38/><D38/><U31/><E31/><V71/><F71/><W77/><G77/><T17/><D50/><U6/><E6/><V24/><F24/><W105/><G105/><T79/><D79/><U82/><E29/><V93/><F116/><W68/><G68/><T115/><D115/><U128/><E128/><V70/><F70/><W107/><G107/><T75/><D75/><U67/><E67/><V130/><F130/><W80/><G80/><T100/><D100/><U1/><E1/><V3/><F3/><W117/><G117/><T27/><D91/><U30/><E30/><V120/><F120/><W94/><G94/><T55/><D66/><U110/><E126/><V25/><F25/><W58/><G121/><T60/><D60/><U101/><E112/><V106/><F106/><W51/><G123/><T35/><D35/><N who="2" m="13354" /><F98/><W88/><G88/><T114/><D114/><U11/><E11/><AGARI ba="0,0" hai="11,15,17,18,23,27,55,57,63,85,86" m="8263" machi="11" ten="30,3900,0" yaku="8,1,52,1,54,1" doraHai="52" who="0" fromWho="1" sc="261,39,144,-39,272,0,323,0" owari="300,10.0,105,-39.5,272,-12.8,323,42.3" /></mjloggm>