<mjloggm ver="2.3"><GO type="169" lobby="0"/><UN n0="%6E%6F%73%75%6B%65" n1="%E3%81%AD%E3%81%93%E3%81%AB%E3%82%83%E3%82%93" n2="%E4%BA%BA%E7%8B%BC" n3="%5A%E6%B0%91" dan="17,16,16,18" rate="2160.39,2136.07,2059.36,2259.29" sx="M,F,M,M"/><TAIKYOKU oya="0"/><INIT seed="0,0,0,5,0,68" ten="250,250,250,250" oya="0" hai0="46,126,87,42,45,66,59,79,134,37,31,93,25" hai1="28,103,27,89,47,10,36,74,95,13,18,133,67" hai2="21,92,22,49,30,127,5,115,38,124,112,34,20" hai3="129,6,102,17,33,81,77,2,84,120,62,71,96"/><T14/><D126/><N who="2" m="48170" /><F92/><W82/><G120/><T69/><D134/><U8/><E133/><V43/><F49/><W97/><G33/><T125/><D125/><U40/><E67/><V98/><F98/><W110/><G2/><T29/><D69/><U123/><E123/><V113/><F43/><W32/><G32/><T15/><D46/><U16/><E103/><V53/><F53/><W86/><G6/><T109/><D109/><U121/><E74/><V54/><F54/><W9/><G129/><T90/><D79/><U88/><E121/><V35/><F38/><W105/><G110/><T70/><D70/><U107/><E107/><V63/><F63/><W44/><G97/><T64/><D31/><U100/><E100/><V1/><F30/><W128/><G62/><T94/><D94/><U72/><E72/><V4/><F1/><W55/><G71/><T41/><D41/><U76/><E76/><V7/><AGARI ba="0,0" hai="4,5,7,20,21,22,34,35,112,113,115" m="48170" machi="7" ten="50,12000,2" yaku="29,2,28,2,18,1,34,2" doraHai="68" who="2" fromWho="2" sc="250,-60,250,-30,250,120,250,-30" /><INIT seed="1,0,0,3,0,96" ten="190,220,370,220" oya="1" hai0="56,119,77,6,133,54,122,94,125,51,79,60,23" hai1="114,28,89,27,68,18,108,55,3,53,101,98,5" hai2="83,32,103,70,131,44,73,75,95,115,85,13,130" hai3="41,62,15,65,59,61,7,113,31,129,45,116,93"/><U71/><E114/><V117/><F70/><W66/><G113/><T102/><D119/><U90/><E18/><V63/><F115/><W87/><G116/><T29/><D125/><U47/><E108/><V42/><F32/><W26/><G129/><N who="2" m="49161" /><F63/><W91/><G15/><T99/><D133/><U123/><E123/><V111/><F13/><W24/><G7/><T1/><D122/><U16/><E71/><V49/><F111/><W52/><G62/><T43/><D6/><U36/><E68/><V40/><F40/><W20/><REACH who="3" step="1"/><G26/><REACH who="3" ten="190,220,370,210" step="2"/><N who="0" m="16607" /><D1/><U21/><E5/><V72/><F117/><W76/><G76/><T22/><D79/><U9/><E3/><V8/><F8/><W80/><G80/><T39/><D77/><U37/><E9/><V132/><F132/><W127/><G127/><T14/><D14/><U38/><E28/><V88/><F103/><W110/><G110/><T112/><D112/><U46/><E46/><V67/><F67/><W11/><G11/><T78/><D78/><AGARI ba="0,1" hai="42,44,49,72,73,75,78,83,85,88,95" m="49161" machi="78" ten="30,2000,0" yaku="19,1,54,1" doraHai="96" who="2" fromWho="0" sc="190,-20,220,0,370,30,210,0" /><INIT seed="2,0,0,1,4,97" ten="170,220,400,210" oya="2" hai0="85,107,93,99,23,40,86,123,30,90,124,102,105" hai1="46,52,24,71,132,60,109,118,91,121,18,6,88" hai2="2,25,7,11,66,127,19,28,56,64,37,126,80" hai3="15,69,59,77,20,61,63,65,112,92,29,72,55"/><V75/><F37/><W10/><G112/><T38/><D123/><U42/><E118/><V62/><F19/><W106/><G106/><T8/><D124/><N who="2" m="47658" /><F80/><W108/><G108/><T4/><D40/><U110/><E6/><V81/><F81/><W34/><G34/><T104/><D38/><U12/><E24/><V14/><F75/><W89/><G77/><T45/><D45/><U101/><E121/><V100/><F100/><W22/><G29/><T95/><D85/><U129/><E101/><V70/><F2/><W119/><G72/><T16/><D30/><U122/><E71/><V130/><F130/><W51/><G63/><T111/><D111/><U133/><E129/><V0/><F0/><W87/><REACH who="3" step="1"/><G119/><REACH who="3" ten="170,220,400,200" step="2"/><T13/><REACH who="0" step="1"/><D107/><REACH who="0" ten="160,220,400,200" step="2"/><U103/><E110/><V32/><F70/><W115/><G115/><T3/><AGARI ba="0,2" hai="3,4,8,13,16,23,86,90,93,95,99,102,104,105" machi="3" ten="20,12000,2" yaku="1,1,2,1,0,1,7,1,52,1,54,1,53,0" doraHai="97" doraHaiUra="78" who="0" fromWho="0" sc="160,140,220,-30,400,-60,200,-30" /><INIT seed="3,0,0,2,1,52" ten="300,190,340,170" oya="3" hai0="25,64,51,100,5,63,87,11,75,44,103,73,62" hai1="4,121,31,43,116,90,89,46,134,0,54,65,117" hai2="20,69,55,92,61,15,112,47,128,101,58,17,22" hai3="124,27,9,109,6,104,105,39,135,7,67,42,81"/><W29/><G124/><T13/><D75/><U8/><E121/><V79/><F112/><W36/><G135/><T80/><D25/><U72/><E134/><V16/><F128/><W41/><G81/><T10/><D10/><U38/><E72/><V24/><F79/><W66/><G9/><T94/><D73/><U1/><E1/><V3/><F3/><W95/><G27/><T102/><D94/><U86/><E31/><V83/><F83/><W113/><G95/><T98/><D98/><U85/><E65/><V14/><F69/><W19/><G19/><T74/><D74/><U114/><E114/><V57/><F47/><W84/><G113/><T108/><D108/><U53/><E86/><V125/><F125/><W32/><G84/><T70/><D63/><U71/><E71/><V35/><F35/><W111/><REACH who="3" step="1"/><G32/><REACH who="3" ten="300,190,340,160" step="2"/><T2/><D87/><U119/><E89/><V37/><F92/><AGARI ba="0,1" hai="0,4,8,38,43,46,53,54,85,90,92,116,117,119" machi="92" ten="40,1300,0" yaku="12,1" doraHai="52" who="1" fromWho="2" sc="300,0,190,23,340,-13,160,0" /><INIT seed="4,0,0,0,0,21" ten="300,213,327,160" oya="0" hai0="20,33,129,55,63,30,10,122,1,28,86,3,69" hai1="73,79,51,81,120,35,65,110,117,93,59,126,58" hai2="75,22,76,91,130,94,134,36,95,128,115,92,37" hai3="48,98,52,108,107,34,54,43,133,12,39,121,46"/><T56/><D122/><U113/><E120/><V112/><F22/><W132/><G121/><T135/><D135/><N who="3" m="51785" /><G108/><T18/><D129/><N who="2" m="49770" /><F134/><W49/><G34/><T6/><D3/><U74/><E110/><V123/><F123/><W29/><G29/><T71/><D86/><U101/><E73/><V77/><F91/><W116/><G12/><T64/><D33/><U102/><E117/><V87/><F87/><W96/><G107/><T53/><D55/><N who="3" m="21033" /><G116/><T25/><REACH who="0" step="1"/><D71/><REACH who="0" ten="290,213,327,160" step="2"/><U82/><E35/><V9/><F75/><W131/><G131/><T45/><D45/><U14/><E74/><V68/><F68/><W72/><G72/><T57/><D57/><U19/><E59/><V15/><F37/><W2/><G2/><T62/><AGARI ba="0,1" hai="1,6,10,18,20,25,28,30,53,56,62,63,64,69" machi="62" ten="20,7800,0" yaku="1,1,0,1,7,1,52,1,53,0" doraHai="21" doraHaiUra="97" who="0" fromWho="0" sc="290,88,213,-26,327,-26,160,-26" /><INIT seed="4,1,0,3,1,35" ten="378,187,301,134" oya="0" hai0="34,120,109,123,56,59,60,84,102,44,14,63,28" hai1="33,72,24,46,86,75,85,111,71,50,0,132,101" hai2="107,92,134,124,54,129,1,105,99,91,45,112,90" hai3="110,61,114,88,82,128,62,48,83,9,76,7,39"/><T18/><D109/><U66/><E111/><V22/><F112/><W119/><G110/><T42/><D102/><U16/><E132/><V130/><F22/><W100/><G119/><T77/><D28/><U89/><E101/><V29/><F29/><W117/><G39/><T52/><D34/><U32/><E66/><V69/><F69/><W11/><G117/><T97/><D97/><U95/><E71/><V12/><F12/><W98/><G114/><T38/><D84/><U55/><E33/><V10/><F124/><W43/><G128/><N who="2" m="49257" /><F134/><W135/><G135/><T104/><D77/><U73/><E32/><V40/><F54/><W113/><G113/><T64/><REACH who="0" step="1"/><D104/><REACH who="0" ten="368,187,301,134" step="2"/><U2/><E85/><V127/><F127/><W74/><G100/><T57/><D57/><U15/><REACH who="1" step="1"/><E24/><REACH who="1" ten="368,177,301,134" step="2"/><V31/><F31/><W6/><G98/><T121/><D121/><U58/><E58/><V131/><F131/><W41/><G74/><T26/><D26/><U87/><E87/><V65/><F99/><W108/><G108/><T122/><D122/><U96/><E96/><V67/><F105/><W27/><G27/><T20/><AGARI ba="1,2" hai="14,18,20,38,42,44,52,56,59,60,63,64,120,123" machi="20" ten="20,7800,0" yaku="1,1,0,1,7,1,54,1,53,0" doraHai="35" doraHaiUra="23" who="0" fromWho="0" sc="368,101,177,-27,301,-27,134,-27" /><INIT seed="4,2,0,3,0,72" ten="469,150,274,107" oya="0" hai0="92,44,17,45,8,36,24,105,67,108,39,82,112" hai1="51,134,71,2,13,98,107,129,26,132,49,73,1" hai2="68,66,101,89,0,124,10,23,21,52,117,109,28" hai3="34,55,5,97,56,18,29,46,81,11,80,57,100"/><T40/><D112/><U64/><E13/><V58/><F109/><W25/><G46/><T35/><D105/><U9/><E26/><V131/><F131/><W74/><G18/><T38/><D108/><U42/><E73/><V70/><F124/><W120/><G120/><T114/><D114/><U86/><E129/><V31/><F31/><W90/><G90/><T133/><D133/><U54/><E86/><V6/><F117/><W32/><G32/><T78/><D67/><U96/><E9/><V79/><F89/><W135/><G135/><T43/><D92/><U119/><E64/><V65/><F65/><W37/><G37/><T83/><D39/><U76/><E42/><V59/><F101/><W122/><G122/><T106/><D106/><U102/><E107/><V12/><F59/><W77/><G80/><T62/><D62/><U7/><E71/><V30/><F30/><W128/><G55/><T116/><D116/><U15/><E54/><V85/><F21/><W75/><G75/><T50/><D38/><U111/><E111/><V41/><F41/><W95/><REACH who="3" step="1"/><G128/><REACH who="3" ten="469,150,274,97" step="2"/><T33/><D83/><U20/><E119/><V103/><F66/><W63/><G63/><T48/><D36/><U123/><E123/><V115/><F68/><W61/><G61/><T60/><D60/><U69/><E69/><V121/><F52/><W84/><G84/><N who="0" m="48215" /><D35/><U14/><E132/><V22/><F121/><W113/><G113/><T19/><D33/><U94/><E134/><V110/><F115/><W104/><G104/><T118/><D118/><U125/><E125/><V99/><F70/><RYUUKYOKU ba="2,1" sc="469,-10,150,-10,274,-10,97,30" hai3="5,11,25,29,34,56,57,74,77,81,95,97,100" /><INIT seed="5,3,1,3,4,13" ten="459,140,264,127" oya="1" hai0="129,109,104,106,48,38,60,33,55,22,2,131,47" hai1="110,7,57,12,130,45,107,50,77,108,14,17,133" hai2="10,9,37,44,88,128,1,118,42,102,98,25,54" hai3="30,69,74,32,134,0,78,125,24,123,43,127,116"/><U4/><E107/><V67/><F118/><W16/><G123/><T75/><D33/><U99/><E133/><V8/><F128/><N who="0" m="49226" /><D109/><N who="1" m="42091" /><E130/><V119/><F119/><W115/><G116/><T92/><D75/><U103/><E77/><V113/><F113/><W112/><G69/><T34/><D34/><U19/><E57/><V62/><F54/><W111/><G111/><T114/><D2/><U100/><E100/><V39/><F39/><W71/><G71/><T79/><D79/><U122/><E122/><V6/><F25/><N who="3" m="18511" /><G43/><T35/><D35/><U27/><E27/><V82/><F82/><N who="3" m="45399" /><G0/><T121/><D114/><N who="3" m="43561" /><G134/><T66/><D121/><U89/><E89/><V90/><F1/><W59/><G59/><N who="0" m="37151" /><D38/><U41/><E103/><V96/><F6/><N who="1" m="2089" /><E99/><V101/><F98/><W64/><G64/><T51/><D92/><U20/><E20/><AGARI ba="3,1" hai="16,20,24,125,127" m="43561,45399,18511" machi="20" ten="30,3900,0" yaku="15,1,52,1,54,1" doraHai="13" who="3" fromWho="1" sc="459,0,140,-48,264,0,127,58" /><INIT seed="6,0,0,1,5,43" ten="459,92,264,185" oya="2" hai0="2,47,109,5,59,67,113,19,50,46,78,90,15" hai1="27,39,23,74,0,9,37,20,35,54,135,71,21" hai2="24,76,8,36,41,86,64,81,73,134,31,72,125" hai3="56,53,34,60,110,128,124,40,103,121,68,70,102"/><V116/><F116/><W129/><G121/><T75/><D109/><U55/><E71/><N who="3" m="27178" /><G110/><T100/><D113/><U3/><E9/><V98/><F125/><W130/><G124/><T79/><D100/><N who="3" m="38441" /><G40/><T108/><D5/><U83/><E27/><V99/><F134/><W30/><G30/><T58/><D2/><N who="1" m="555" /><E83/><V28/><F64/><W61/><G34/><T14/><D14/><U95/><E95/><V114/><F114/><W117/><G117/><T48/><D75/><U127/><E74/><V126/><F126/><W120/><G120/><T26/><D26/><U89/><E127/><V44/><F8/><W52/><G56/><N who="0" m="21547" /><D67/><U85/><E85/><V17/><F72/><W18/><G18/><T94/><D108/><U131/><E89/><V80/><F17/><W123/><G123/><T42/><D90/><U49/><E35/><V4/><F4/><W1/><G1/><T82/><D94/><U77/><E77/><V87/><F73/><W93/><G93/><T91/><D91/><U7/><E7/><V51/><F31/><W96/><G96/><T33/><D33/><U16/><E16/><V101/><F101/><W66/><G66/><T84/><D79/><U107/><E107/><V29/><F29/><W111/><G111/><T45/><D42/><U132/><E132/><V6/><F6/><W57/><G57/><T22/><AGARI ba="0,0" hai="15,19,22,45,46,47,48,50,78,82,84" m="21547" machi="22" ten="30,7900,0" yaku="8,1,52,3" doraHai="43" who="0" fromWho="0" sc="459,79,92,-20,264,-39,185,-20" /><INIT seed="7,0,0,2,4,57" ten="538,72,225,165" oya="3" hai0="121,30,60,25,45,103,104,61,124,91,23,96,130" hai1="40,90,59,84,135,46,29,98,6,94,39,48,69" hai2="82,1,3,63,113,42,95,53,38,54,68,47,34" hai3="106,86,78,5,18,24,81,128,71,80,83,127,129"/><W62/><G106/><T28/><D121/><U134/><E69/><V20/><F34/><W49/><G5/><T4/><D124/><U19/><E6/><V131/><F131/><N who="3" m="50251" /><G127/><T9/><D130/><U93/><E134/><V122/><F113/><W52/><G24/><T99/><D45/><U32/><E135/><V14/><F122/><W10/><G10/><T116/><D30/><U89/><E32/><V26/><F82/><W55/><G18/><T0/><REACH who="0" step="1"/><D116/><REACH who="0" ten="528,72,225,165" step="2"/><U117/><E117/><V41/><F47/><N who="3" m="27711" /><G55/><T36/><D36/><U101/><E29/><V50/><F38/><W118/><G118/><T74/><D74/><U15/><E39/><V7/><F53/><W56/><G56/><T120/><D120/><U67/><E59/><V126/><F54/><W35/><G35/><T2/><D2/><U77/><E67/><AGARI ba="0,1" hai="62,67,71,78,80,81,83,86" m="27711,50251" machi="67" ten="30,5800,0" yaku="19,1,52,1,54,1" doraHai="57" who="3" fromWho="1" sc="528,0,72,-58,225,0,165,68" /><INIT seed="7,1,0,5,2,41" ten="528,14,225,233" oya="3" hai0="92,128,7,30,127,80,100,31,26,107,126,108,0" hai1="44,32,77,90,102,59,4,83,112,130,66,101,109" hai2="76,86,134,43,56,116,88,3,81,35,15,129,33" hai3="115,95,14,113,117,64,96,11,46,89,98,21,57"/><W67/><G117/><T28/><D107/><U61/><E32/><V9/><F116/><W120/><G120/><T69/><D108/><U36/><E109/><V133/><F3/><W22/><G98/><T37/><D37/><U55/><E130/><V38/><F129/><W97/><G97/><N who="0" m="59431" /><D128/><U74/><E112/><N who="3" m="43082" /><G46/><T135/><D69/><U87/><E4/><N who="2" m="3495" /><F56/><W6/><G57/><T48/><D135/><N who="2" m="51722" /><F38/><W42/><G42/><T17/><D80/><U63/><E36/><V121/><F43/><W16/><G22/><T54/><D54/><U1/><E1/><AGARI ba="1,0" hai="1,6,11,14,16,21,64,67,89,95,96" m="43082" machi="1" ten="30,2900,0" yaku="15,1,54,1" doraHai="41" who="3" fromWho="1" sc="528,0,14,-32,225,0,233,32" owari="528,62.8,-18,-51.8,225,-17.5,265,6.5" /></mjloggm>