<mjloggm ver="2.3"><GO type="169" lobby="0"/><UN n0="%E3%81%8B%E3%81%A3%E9%A3%9B%E3%81%B0%E3%81%9B%E5%85%A8%E9%83%A8" n1="%65%76%31%36%33%38%34" n2="%E3%81%8A%E3%81%98%E3%81%95%E3%82%93" n3="%47%75%72%65%6E%6E" dan="17,17,19,16" rate="2184.54,2156.62,2275.33,2081.14" sx="M,M,M,M"/><TAIKYOKU oya="0"/><INIT seed="0,0,0,5,1,116" ten="250,250,250,250" oya="0" hai0="7,101,111,75,112,91,98,15,17,0,59,54,45" hai1="82,9,105,114,53,4,41,126,6,120,51,113,8" hai2="131,135,77,1,92,22,56,121,100,37,74,109,64" hai3="34,128,124,132,14,27,118,134,20,50,24,49,81"/><T35/><D112/><U129/><E105/><V42/><F109/><W13/><G118/><T107/><D35/><U115/><E41/><V18/><F1/><W79/><G128/><T89/><D75/><U30/><E129/><V2/><F2/><W122/><G124/><T88/><D111/><U80/><E126/><V25/><F135/><N who="3" m="51755" /><G34/><T106/><D45/><U83/><E30/><V61/><F131/><W102/><G102/><T62/><D0/><U127/><E127/><V67/><F42/><W28/><G24/><T39/><D7/><N who="1" m="2603" /><E120/><V48/><F48/><N who="3" m="18539" /><G122/><T133/><D133/><U73/><E73/><AGARI ba="0,0" hai="13,14,20,27,28,73,79,81" m="18539,51755" machi="73" ten="30,1000,0" yaku="20,1" doraHai="116" who="3" fromWho="1" sc="250,0,250,-10,250,0,250,10" /><INIT seed="1,0,0,3,1,89" ten="250,240,250,260" oya="1" hai0="72,75,97,29,121,107,30,53,86,0,31,64,99" hai1="20,82,47,108,125,112,96,5,118,1,49,12,40" hai2="22,92,119,114,14,8,111,116,123,126,67,50,76" hai3="3,54,127,10,6,58,17,100,133,77,36,122,44"/><U37/><E112/><V60/><F123/><W79/><G122/><T38/><D121/><U128/><E118/><V68/><F114/><W85/><G133/><T43/><D0/><U129/><E125/><V35/><F35/><W18/><G127/><T21/><D64/><U19/><E108/><V88/><F126/><W124/><G124/><T109/><D109/><U90/><E49/><V69/><F69/><W32/><G32/><T41/><D21/><U63/><E63/><V98/><F111/><W80/><G100/><T106/><D86/><U33/><E33/><V9/><F76/><W15/><G77/><T113/><D113/><U105/><E105/><V84/><F22/><W7/><G7/><T62/><D62/><U110/><E110/><V45/><F98/><W81/><G81/><T78/><D78/><U83/><E83/><V61/><F61/><W13/><G3/><T65/><D65/><U120/><E120/><V101/><F101/><W27/><G27/><T130/><D29/><U91/><E82/><V52/><F8/><W102/><G102/><T70/><D38/><U11/><REACH who="1" step="1"/><E96/><REACH who="1" ten="250,230,250,260" step="2"/><V51/><REACH who="2" step="1"/><F50/><REACH who="2" ten="250,230,240,260" step="2"/><W48/><G36/><T55/><REACH who="0" step="1"/><D70/><REACH who="0" ten="240,230,240,260" step="2"/><U28/><E28/><V34/><F34/><W25/><G48/><T57/><D57/><U71/><E71/><V56/><F56/><W134/><G58/><T24/><D24/><U95/><E95/><V2/><F2/><W103/><G25/><T42/><D42/><U87/><E87/><V39/><F39/><W74/><G85/><T94/><D94/><U104/><E104/><V23/><F23/><RYUUKYOKU ba="0,3" sc="240,10,230,10,240,10,260,-30" hai0="30,31,41,43,53,55,72,75,97,99,106,107,130" hai1="1,5,11,12,19,20,37,40,47,90,91,128,129" hai2="9,14,45,51,52,60,67,68,84,88,92,116,119" /><INIT seed="1,1,3,4,1,38" ten="250,240,250,230" oya="1" hai0="126,84,40,70,88,25,119,43,45,54,105,107,124" hai1="51,95,128,55,39,68,30,104,90,101,96,135,89" hai2="13,52,75,48,26,2,1,9,131,110,20,53,58" hai3="34,57,35,11,106,60,133,83,79,19,10,47,121"/><U0/><E135/><V102/><F75/><W72/><G121/><T120/><D119/><U129/><E68/><V118/><F118/><W71/><G133/><T46/><D120/><U66/><E66/><V7/><F110/><W91/><G106/><N who="0" m="40459" /><D70/><U111/><E39/><V134/><F134/><W42/><G71/><T50/><D25/><U98/><E0/><V32/><F102/><W64/><G91/><T63/><D63/><U12/><E30/><V56/><F32/><W108/><G108/><T21/><D21/><U74/><E111/><V31/><REACH who="2" step="1"/><F131/><REACH who="2" ten="250,240,240,230" step="2"/><N who="1" m="50249" /><E74/><V23/><F23/><W24/><G34/><T62/><D126/><U59/><E12/><V116/><F116/><W41/><G35/><T17/><D124/><U37/><E37/><V109/><F109/><W130/><G130/><T29/><D29/><U86/><E90/><V127/><F127/><W16/><G10/><T80/><D88/><U117/><E117/><V8/><F8/><W113/><G11/><T22/><D22/><U6/><E6/><V125/><F125/><W78/><G72/><T4/><D4/><U44/><E98/><V122/><F122/><W61/><G78/><T27/><D17/><U76/><E76/><V18/><F18/><W94/><G19/><T100/><D100/><U36/><E36/><V33/><F33/><W115/><G16/><T73/><D73/><U3/><E3/><V87/><F87/><W103/><G103/><T85/><D84/><U5/><E5/><V69/><F69/><W112/><G79/><T132/><D85/><U49/><E86/><V114/><F114/><RYUUKYOKU ba="1,4" sc="250,-10,240,-10,240,30,230,-10" hai2="1,2,7,9,13,20,26,31,48,52,53,56,58" /><INIT seed="2,2,4,4,1,121" ten="240,230,270,220" oya="2" hai0="3,36,65,95,17,27,58,97,77,103,66,9,69" hai1="91,47,78,45,38,24,68,18,1,80,42,134,63" hai2="98,115,83,46,20,14,101,53,60,76,57,118,44" hai3="90,109,10,72,125,0,75,135,49,93,86,30,127"/><V22/><F115/><W82/><G135/><T37/><D69/><U129/><E134/><V6/><F118/><W122/><G122/><T105/><D77/><U133/><E133/><V124/><F124/><N who="3" m="47691" /><G30/><T73/><D73/><U117/><E117/><V34/><F34/><W52/><G109/><T54/><D105/><U64/><E129/><V4/><F46/><N who="3" m="27703" /><G82/><T70/><D3/><U106/><E106/><V92/><F44/><W28/><G28/><T29/><D70/><U85/><E1/><V108/><F108/><W89/><G89/><T59/><D59/><U41/><E18/><V111/><F111/><W116/><G116/><T123/><D123/><U131/><E24/><V32/><F32/><W79/><G79/><T40/><D29/><U56/><E131/><V62/><F62/><W11/><G11/><T81/><D9/><U88/><E68/><V50/><F60/><W21/><G21/><T25/><D25/><U100/><REACH who="1" step="1"/><E100/><REACH who="1" ten="240,220,270,220" step="2"/><V2/><F2/><W7/><AGARI ba="2,5" hai="0,7,10,72,75,86,90,93" m="27703,47691" machi="7" ten="30,2000,0" yaku="18,1,54,1" doraHai="121" who="3" fromWho="3" sc="240,-7,220,-7,270,-12,220,76" /><INIT seed="3,0,0,4,3,20" ten="233,213,258,296" oya="3" hai0="68,4,0,113,19,117,115,98,55,50,106,73,17" hai1="87,58,103,72,64,53,47,16,104,42,67,128,18" hai2="99,108,25,93,97,5,124,112,37,28,31,49,121" hai3="131,24,119,48,123,3,90,21,70,86,15,6,69"/><W63/><G123/><T51/><D117/><U11/><E72/><V110/><F37/><W96/><G119/><T29/><D73/><U79/><E128/><V91/><F121/><W7/><G131/><T126/><D68/><U95/><E104/><V127/><F112/><W34/><G3/><T36/><D36/><U40/><E103/><V22/><F5/><W30/><G34/><T89/><D126/><N who="2" m="48170" /><F49/><W45/><G96/><T44/><D29/><U59/><E59/><V135/><F135/><W60/><G70/><T122/><D122/><U132/><E132/><V43/><F43/><N who="1" m="16425" /><E47/><V54/><F54/><N who="3" m="29967" /><G69/><T35/><D113/><U74/><E74/><V94/><F31/><W1/><G1/><T85/><D0/><U76/><E95/><V125/><N who="2" m="48178" /><V107/><DORA hai="38" /><F107/><W92/><G7/><T52/><D4/><U78/><E87/><V100/><AGARI ba="0,0" hai="22,25,28,91,93,94,97,99,100,108,110" m="48178" machi="100" ten="40,2700,0" yaku="18,1,52,1" doraHai="20,38" who="2" fromWho="2" sc="233,-7,213,-7,258,27,296,-13" /><INIT seed="4,0,0,2,3,110" ten="226,206,285,283" oya="0" hai0="14,45,0,9,44,66,85,102,1,43,31,65,121" hai1="68,130,16,46,64,4,131,88,79,70,49,22,83" hai2="51,112,80,82,111,2,84,93,26,11,53,78,120" hai3="81,119,40,116,20,57,41,105,60,61,36,125,106"/><T100/><D121/><U13/><E4/><V35/><F111/><W17/><G125/><T73/><D73/><U58/><E58/><V24/><F120/><W69/><G69/><T3/><D31/><U72/><E64/><V55/><F2/><W74/><G74/><T89/><D65/><U109/><E109/><V76/><F35/><W97/><G81/><T101/><D66/><U117/><E117/><V39/><F11/><W67/><G61/><T62/><D62/><U98/><E70/><V34/><F34/><W63/><G63/><T113/><D113/><U114/><E68/><V12/><F12/><W108/><G108/><T18/><REACH who="0" step="1"/><D43/><REACH who="0" ten="216,206,285,283" step="2"/><U71/><E114/><V95/><F112/><W42/><G36/><T52/><D52/><U23/><E71/><V94/><F39/><W107/><G119/><T118/><D118/><U123/><E123/><V104/><F55/><W33/><G116/><T92/><AGARI ba="0,1" hai="0,1,3,9,14,18,44,45,85,89,92,100,101,102" machi="92" ten="40,7800,0" yaku="1,1,0,1,53,1" doraHai="110" doraHaiUra="10" who="0" fromWho="0" sc="216,88,206,-26,285,-26,283,-26" /><INIT seed="4,1,0,1,5,122" ten="304,180,259,257" oya="0" hai0="45,6,123,32,71,46,129,135,37,79,98,69,23" hai1="35,63,56,54,121,76,115,16,61,132,91,58,113" hai2="77,90,80,22,107,33,25,112,108,97,124,5,105" hai3="116,133,111,26,92,8,55,89,70,127,104,42,57"/><T65/><D123/><U106/><E121/><V53/><F33/><W17/><G116/><T131/><D32/><U59/><E35/><V126/><F112/><N who="1" m="43081" /><E106/><V15/><F53/><W14/><G133/><T21/><D6/><U125/><E132/><V75/><F108/><W102/><G70/><T50/><D135/><U119/><E119/><V128/><F128/><W27/><G127/><N who="2" m="48681" /><F90/><W13/><G111/><T118/><D118/><U20/><E125/><V82/><F82/><W68/><G68/><T11/><D11/><U62/><E91/><V7/><F15/><W74/><G74/><T83/><D83/><U40/><E40/><V47/><F47/><W9/><G42/><T2/><D79/><U94/><E94/><V86/><F75/><W28/><G102/><T109/><D109/><U88/><E88/><V134/><F134/><W87/><G104/><N who="2" m="40009" /><F97/><W18/><REACH who="3" step="1"/><G28/><AGARI ba="1,0" hai="5,7,22,25,28,77,80,86" m="40009,48681" machi="28" ten="30,1000,0" yaku="18,1" doraHai="122" who="2" fromWho="3" sc="304,0,180,0,259,13,257,-13" /><INIT seed="5,0,0,0,5,73" ten="304,180,272,244" oya="1" hai0="1,113,102,84,56,26,37,116,36,105,108,6,126" hai1="32,31,109,93,33,34,114,79,27,112,130,119,21" hai2="133,135,123,91,96,15,134,77,49,11,12,100,14" hai3="131,80,25,92,99,69,117,54,127,38,57,110,16"/><U59/><E119/><V29/><F123/><W67/><G110/><T40/><D108/><U61/><E109/><V94/><F29/><W22/><G117/><T129/><D116/><U51/><E130/><V90/><F11/><W132/><G131/><T115/><D129/><U43/><E93/><V85/><REACH who="2" step="1"/><F49/><REACH who="2" ten="304,180,262,244" step="2"/><W124/><G38/><T121/><D36/><U65/><REACH who="1" step="1"/><E79/><REACH who="1" ten="304,170,262,244" step="2"/><V48/><F48/><W4/><G124/><T18/><D37/><U82/><E82/><AGARI ba="0,2" hai="12,14,15,77,82,85,90,91,94,96,100,133,134,135" machi="82" ten="50,6400,0" yaku="1,1,20,1,52,1,53,0" doraHai="73" doraHaiUra="44" who="2" fromWho="1" sc="304,0,170,-64,262,84,244,0" /><INIT seed="6,0,0,0,5,34" ten="304,106,346,244" oya="2" hai0="114,4,30,84,49,16,85,89,23,41,61,99,72" hai1="132,6,81,130,48,131,90,83,68,63,119,126,24" hai2="19,65,74,93,71,95,134,56,44,47,122,86,13" hai3="124,109,58,1,67,121,70,55,31,103,66,53,3"/><V77/><F71/><W64/><G109/><T82/><D114/><U43/><E24/><V21/><F74/><W129/><G121/><T27/><D72/><U75/><E75/><V80/><F134/><W105/><G129/><T5/><D99/><U8/><E90/><V20/><F122/><W125/><G31/><T40/><D61/><U78/><E119/><V111/><F111/><W112/><G70/><T35/><D85/><U87/><E132/><V46/><REACH who="2" step="1"/><F21/><REACH who="2" ten="304,106,336,244" step="2"/><W45/><G112/><T7/><REACH who="0" step="1"/><D49/><REACH who="0" ten="294,106,336,244" step="2"/><U50/><E50/><V96/><F96/><W116/><G116/><T59/><D59/><U62/><E48/><V28/><F28/><W15/><G58/><T12/><AGARI ba="0,2" hai="4,5,7,12,16,23,27,30,35,40,41,82,84,89" machi="12" ten="30,4000,0" yaku="1,1,0,1,54,1,53,0" doraHai="34" doraHaiUra="128" who="0" fromWho="0" sc="294,60,106,-10,336,-20,244,-10" /><INIT seed="7,0,0,1,2,58" ten="354,96,316,234" oya="3" hai0="130,91,61,10,96,7,77,123,18,13,54,95,127" hai1="97,59,113,37,120,134,52,4,102,68,105,112,73" hai2="9,40,5,34,108,42,60,49,8,129,126,53,35" hai3="64,107,6,89,63,100,11,17,119,21,26,81,62"/><W47/><G119/><T86/><D123/><U44/><E120/><V87/><F108/><W104/><G100/><T83/><D127/><U76/><E134/><V20/><F126/><W29/><G47/><T19/><D130/><U124/><E124/><V101/><F129/><W70/><G29/><T118/><D118/><U56/><E56/><AGARI ba="0,0" hai="7,10,13,18,19,54,56,61,77,83,86,91,95,96" machi="56" ten="40,2600,0" yaku="8,1,52,1" doraHai="58" who="0" fromWho="1" sc="354,26,96,-26,316,0,234,0" owari="380,48.0,70,-43.0,316,11.6,234,-16.6" /></mjloggm>