<mjloggm ver="2.3"><GO type="169" lobby="0"/><UN n0="%E3%81%95%E3%82%88%E3%81%AA%E3%82%89%E3%83%9A%E3%81%BA%E3%83%9A" n1="%E3%82%82%E3%81%93%E2%97%AF" n2="%E3%81%AD%E3%81%93%E3%81%AB%E3%82%83%E3%82%93" n3="%53%68%69%72%6C%65%79" dan="16,16,16,16" rate="2127.68,2113.81,2136.25,2066.55" sx="F,M,F,M"/><TAIKYOKU oya="0"/><INIT seed="0,0,0,5,4,123" ten="250,250,250,250" oya="0" hai0="124,15,26,74,120,129,80,64,58,116,100,44,20" hai1="27,38,41,113,49,21,133,14,45,92,93,17,79" hai2="117,40,87,94,86,65,70,19,2,85,61,16,99" hai3="91,75,25,105,35,18,30,66,126,68,13,106,112"/><T60/><D116/><U135/><E113/><V107/><F2/><W52/><G112/><T73/><D120/><U72/><E38/><V114/><F114/><W48/><G126/><T110/><D124/><U98/><E72/><V130/><F107/><W34/><G75/><T103/><D129/><U3/><E3/><V82/><F130/><W108/><G34/><T131/><D131/><U88/><E79/><V102/><F117/><W111/><G91/><T101/><D44/><U47/><E47/><V0/><F0/><W95/><G95/><T132/><D132/><U53/><E41/><V69/><F40/><W32/><G32/><T24/><D24/><U51/><E51/><V119/><F119/><W63/><G106/><T33/><D33/><U4/><REACH who="1" step="1"/><E93/><REACH who="1" ten="250,240,250,250" step="2"/><V115/><F115/><W122/><G122/><T83/><D74/><U67/><E67/><V127/><F127/><W59/><REACH who="3" step="1"/><G105/><REACH who="3" ten="250,240,250,240" step="2"/><T89/><D73/><U118/><E118/><V55/><F94/><W36/><G36/><T43/><D43/><U76/><E76/><V42/><F42/><W56/><G56/><T12/><D58/><U28/><E28/><V128/><F128/><W134/><G134/><T10/><D89/><U78/><E78/><V71/><F71/><W96/><G96/><T7/><D100/><U104/><E104/><V109/><F70/><W1/><G1/><T39/><D101/><U23/><E23/><AGARI ba="0,2" hai="13,18,23,25,30,35,48,52,59,63,66,68,108,111" machi="23" ten="40,8000,1" yaku="1,1,52,2,54,1,53,0" doraHai="123" doraHaiUra="90" who="3" fromWho="1" sc="250,0,240,-80,250,0,240,100" /><INIT seed="1,0,0,2,0,131" ten="250,160,250,340" oya="1" hai0="42,97,37,64,26,17,25,117,119,127,87,47,3" hai1="121,60,84,130,21,122,38,48,27,35,98,112,93" hai2="125,128,5,132,120,114,101,108,118,12,18,15,107" hai3="39,40,36,79,111,51,58,28,105,29,20,75,53"/><U2/><E112/><V81/><F101/><W63/><G105/><T59/><D3/><U70/><E38/><V96/><F96/><W89/><G29/><T62/><D127/><U123/><E130/><V32/><F81/><W49/><G79/><T43/><D43/><U92/><E35/><V67/><F18/><W134/><G75/><T83/><D97/><U11/><E84/><V106/><F5/><W44/><G89/><T73/><D73/><U90/><E48/><V113/><F15/><W86/><G86/><T69/><D69/><U57/><E70/><V50/><F12/><W133/><G111/><T110/><D110/><U22/><E93/><V100/><F100/><W66/><G20/><T71/><D71/><U135/><E27/><V41/><F107/><W78/><G28/><T9/><D9/><U34/><E34/><V103/><F103/><W126/><G78/><T56/><D56/><U115/><E135/><N who="3" m="51722" /><G126/><T55/><D87/><U109/><E115/><V72/><F114/><W116/><G116/><T88/><D117/><U54/><REACH who="1" step="1"/><E109/><REACH who="1" ten="250,150,250,340" step="2"/><V52/><F108/><W46/><AGARI ba="0,1" hai="36,39,40,44,46,49,51,53,58,63,66" m="51722" machi="46" ten="30,12000,2" yaku="20,1,34,2,52,3" doraHai="131" who="3" fromWho="3" sc="250,-30,150,-60,250,-30,340,130" /><INIT seed="2,0,0,4,3,113" ten="220,90,220,470" oya="2" hai0="123,47,116,25,8,45,61,84,68,35,82,5,94" hai1="14,32,119,36,17,107,22,34,6,114,78,63,59" hai2="1,89,69,106,37,24,117,98,54,3,4,122,110" hai3="72,109,58,130,99,105,85,18,16,21,31,128,13"/><V7/><F122/><W95/><G72/><T73/><D123/><U121/><E107/><V27/><F37/><W20/><G109/><T135/><D135/><U76/><E121/><V15/><F69/><W41/><G31/><T118/><D73/><U91/><E36/><V80/><F80/><W40/><G85/><T79/><D94/><U101/><E101/><V65/><F65/><W132/><G58/><T64/><D35/><U71/><E71/><V0/><F89/><W125/><G105/><T103/><D25/><N who="2" m="9802" /><F54/><W77/><G77/><T81/><D81/><U30/><E114/><V60/><F60/><W97/><G125/><T100/><D100/><U87/><E30/><V46/><F46/><W2/><G2/><T129/><D103/><U19/><E6/><N who="2" m="2091" /><F98/><W111/><G111/><T50/><D129/><N who="3" m="49769" /><G132/><T43/><REACH who="0" step="1"/><D45/><REACH who="0" ten="210,90,220,470" step="2"/><U28/><E34/><V96/><F106/><W9/><G95/><T48/><D48/><U62/><E32/><V67/><F110/><W126/><G126/><T92/><D92/><U66/><E28/><V55/><F3/><AGARI ba="0,1" hai="3,5,8,43,47,50,61,64,68,79,82,84,116,118" machi="3" ten="40,8000,1" yaku="1,1,52,2,53,1" doraHai="113" doraHaiUra="57" who="0" fromWho="2" sc="210,90,90,0,220,-80,470,0" /><INIT seed="3,0,0,4,2,30" ten="300,90,140,470" oya="3" hai0="5,100,83,81,71,65,70,18,90,89,97,124,52" hai1="46,79,103,55,10,50,99,62,73,41,51,120,43" hai2="102,20,84,117,11,54,21,32,39,42,115,35,95" hai3="76,128,63,57,49,87,134,58,33,16,13,47,135"/><W17/><G33/><T64/><D124/><U22/><E120/><V6/><F42/><W110/><G128/><T40/><D40/><U113/><E113/><V34/><F39/><W45/><G110/><T7/><D18/><U68/><E10/><V92/><F115/><W0/><G0/><T48/><D100/><U104/><E22/><V24/><F117/><W118/><G118/><T72/><D72/><U60/><E68/><V111/><F111/><W108/><G108/><T56/><D70/><U31/><E31/><V19/><F102/><W82/><G57/><T4/><D71/><U59/><REACH who="1" step="1"/><E41/><REACH who="1" ten="300,80,140,470" step="2"/><V127/><F127/><W67/><G135/><T15/><D4/><U78/><E78/><V26/><F11/><W75/><G76/><T109/><D5/><U130/><E130/><V132/><F6/><W8/><G8/><T129/><D7/><U96/><E96/><V9/><F9/><W53/><G134/><T123/><D97/><U69/><E69/><V12/><F132/><W44/><G17/><T80/><D129/><U94/><E94/><V106/><F92/><W66/><G16/><T29/><D123/><U2/><E2/><V122/><F95/><W88/><G82/><T74/><D81/><U77/><E77/><V3/><F3/><W61/><G75/><T119/><D83/><U85/><E85/><V98/><F84/><W101/><G87/><T36/><D74/><U133/><E133/><V37/><F19/><W126/><G126/><T1/><D80/><U121/><E121/><V38/><F122/><W23/><G23/><T105/><D1/><RYUUKYOKU ba="0,1" sc="300,-10,80,30,140,-10,470,-10" hai1="43,46,50,51,55,59,60,62,73,79,99,103,104" /><INIT seed="4,1,1,3,3,38" ten="290,110,130,460" oya="0" hai0="114,81,59,0,3,123,34,62,87,85,56,7,67" hai1="68,96,127,84,82,30,60,119,108,16,113,2,51" hai2="37,20,25,120,94,95,12,132,97,88,133,46,70" hai3="4,122,100,105,14,98,78,58,49,130,19,131,10"/><T111/><D34/><U15/><E108/><V134/><F70/><W128/><G78/><T106/><D123/><U29/><E119/><V23/><F120/><W42/><G122/><T39/><D106/><U72/><E72/><V32/><F12/><W73/><G73/><T57/><D114/><U53/><E2/><V24/><F32/><W79/><G79/><T54/><D39/><U66/><E127/><V104/><F104/><W89/><G89/><T112/><D112/><U5/><E5/><V93/><F23/><W28/><G28/><T91/><D111/><U90/><E96/><V48/><F37/><W99/><G98/><T6/><D3/><U22/><REACH who="1" step="1"/><E113/><REACH who="1" ten="290,100,130,460" step="2"/><V21/><F25/><W71/><G4/><T13/><D0/><U17/><E17/><N who="2" m="12303" /><F21/><W109/><G109/><T26/><D85/><U69/><E69/><V110/><F110/><W116/><G71/><T36/><D7/><U27/><E27/><V76/><F76/><W43/><G116/><T101/><D6/><U125/><E125/><V40/><AGARI ba="1,2" hai="40,46,48,88,93,94,95,97,132,133,134" m="12303" machi="40" ten="30,4000,0" yaku="20,1,52,1,54,1" doraHai="38" who="2" fromWho="2" sc="290,-21,100,-11,130,63,460,-11" /><INIT seed="5,0,0,1,0,69" ten="269,89,193,449" oya="1" hai0="77,59,35,92,28,96,102,112,64,121,79,12,95" hai1="125,60,42,129,123,122,105,37,11,33,117,73,72" hai2="0,50,18,57,107,65,38,26,88,83,108,44,8" hai3="14,68,25,132,103,111,30,134,80,74,86,110,75"/><U31/><E117/><V15/><F107/><W13/><G68/><T126/><D112/><U120/><E129/><V82/><F108/><W106/><G13/><T113/><D121/><U39/><E125/><V36/><F0/><W61/><G61/><T67/><D113/><U54/><E105/><V101/><F101/><W5/><G5/><T124/><D92/><U133/><E133/><N who="3" m="51306" /><G14/><T90/><D102/><U2/><E54/><N who="2" m="30023" /><F82/><W98/><G25/><N who="0" m="18831" /><D12/><U34/><E60/><N who="2" m="38031" /><F26/><W21/><G21/><T78/><D59/><U94/><E94/><V16/><F18/><W9/><G9/><T47/><D47/><N who="1" m="24015" /><E39/><V76/><F76/><N who="3" m="46343" /><G30/><T85/><D96/><U114/><E114/><V49/><F49/><W46/><G46/><T127/><AGARI ba="0,0" hai="64,67,77,78,79,85,90,95,124,126,127" m="18831" machi="127" ten="40,1500,0" yaku="18,1" doraHai="69" who="0" fromWho="0" sc="269,15,89,-7,193,-4,449,-4" /><INIT seed="6,0,0,2,2,30" ten="284,82,189,445" oya="2" hai0="63,80,66,124,86,97,72,1,19,26,98,18,118" hai1="129,5,133,45,40,10,87,16,99,96,39,105,75" hai2="135,112,51,130,84,21,113,132,13,4,122,76,2" hai3="73,126,15,68,53,121,57,116,131,71,90,85,27"/><V61/><F61/><W89/><G116/><T52/><D1/><U37/><E75/><V41/><F122/><W58/><G121/><T128/><D118/><U82/><E129/><V111/><F2/><W79/><G73/><T67/><D128/><U50/><E133/><N who="2" m="51275" /><F130/><W134/><G134/><T70/><D72/><U107/><E107/><V77/><F111/><W11/><G27/><T103/><D124/><U100/><E99/><V34/><F84/><W115/><G126/><T59/><D98/><U109/><E109/><V69/><F69/><W127/><G68/><T36/><D36/><U24/><E5/><V93/><F93/><W33/><G71/><T14/><D26/><U95/><E105/><V20/><F51/><W64/><G85/><T81/><D81/><U74/><E74/><V108/><F41/><W29/><G127/><T38/><D38/><U55/><E40/><V123/><F123/><W32/><G64/><T9/><D19/><U94/><E95/><V120/><F120/><W22/><G79/><N who="2" m="30281" /><F34/><W54/><G33/><T43/><D43/><U65/><E65/><V110/><F110/><W114/><G32/><T17/><D70/><U23/><REACH who="1" step="1"/><E10/><REACH who="1" ten="284,72,189,445" step="2"/><N who="2" m="4295" /><F108/><W3/><G131/><T83/><D67/><U12/><E12/><V47/><F47/><W92/><G15/><T117/><D66/><U48/><E48/><V56/><F56/><W7/><G58/><T0/><D59/><U8/><E8/><V60/><F60/><W119/><G57/><T91/><D63/><U62/><E62/><V106/><F106/><W46/><G46/><T102/><D14/><RYUUKYOKU ba="0,1" sc="284,-15,72,15,189,15,445,-15" hai1="16,23,24,37,39,45,50,55,82,87,94,96,100" hai2="20,21,112,113" /><INIT seed="6,1,1,0,0,43" ten="269,87,204,430" oya="2" hai0="56,77,82,128,97,29,101,92,72,71,90,130,46" hai1="23,26,106,129,103,40,67,100,75,22,11,124,4" hai2="107,96,58,98,0,68,135,14,61,18,109,123,55" hai3="66,108,105,32,34,134,78,16,8,37,24,57,12"/><V35/><F0/><W83/><G108/><T64/><D29/><U79/><E129/><N who="0" m="49769" /><D71/><U28/><E124/><V10/><F123/><W38/><G105/><N who="0" m="63663" /><D56/><U39/><E67/><V48/><F109/><W121/><G121/><T74/><D64/><U51/><E106/><V60/><F35/><W42/><G134/><T36/><D36/><U87/><E22/><V117/><F135/><W15/><G24/><T3/><D3/><U47/><E87/><V80/><F107/><W133/><G133/><T20/><D20/><U17/><E28/><V114/><F68/><W120/><G120/><T65/><D65/><U27/><E27/><V94/><F96/><W110/><G110/><T115/><D115/><U81/><REACH who="1" step="1"/><E51/><REACH who="1" ten="269,77,204,430" step="2"/><V116/><F114/><W41/><G66/><T63/><D74/><U111/><E111/><V86/><F116/><W93/><G34/><T6/><D72/><U9/><E9/><V62/><F117/><W53/><G8/><T45/><D63/><U5/><E5/><V21/><F21/><W33/><G33/><T85/><D6/><U127/><E127/><V125/><F125/><W2/><G32/><T76/><D82/><U52/><E52/><V132/><F132/><W70/><G53/><T7/><D7/><U19/><E19/><V91/><F61/><W113/><G113/><T102/><D85/><U49/><E49/><V95/><F95/><W119/><G93/><T126/><D92/><U13/><AGARI ba="1,2" hai="4,11,13,17,23,26,39,40,47,75,79,81,100,103" machi="13" ten="20,8000,1" yaku="1,1,0,1,7,1,52,1,53,1" doraHai="43" doraHaiUra="1" who="1" fromWho="1" sc="269,-21,77,103,204,-41,430,-21" /><INIT seed="7,0,0,1,0,120" ten="248,180,163,409" oya="3" hai0="63,92,104,117,78,22,72,24,55,119,98,44,128" hai1="23,129,75,84,46,61,89,4,52,113,62,34,116" hai2="27,36,71,41,18,79,123,65,85,88,91,121,126" hai3="1,20,60,73,87,56,135,31,58,39,133,109,12"/><W37/><G109/><T96/><D104/><U59/><E75/><V47/><F126/><W38/><G73/><T132/><D132/><N who="3" m="50761" /><G1/><T6/><D128/><U14/><E129/><V50/><F79/><W125/><G125/><T19/><D6/><U131/><E131/><V80/><F71/><W45/><G58/><T48/><D96/><U5/><E34/><V54/><F65/><N who="3" m="39047" /><G87/><T95/><D95/><U81/><E113/><V94/><F27/><N who="3" m="16871" /><G12/><T115/><D115/><U118/><E116/><V67/><F67/><W32/><G32/><T49/><D63/><U2/><E2/><V93/><F18/><W100/><G100/><T10/><D10/><U122/><E122/><N who="2" m="46603" /><F91/><W43/><AGARI ba="0,0" hai="37,38,39,43,45" m="16871,39047,50761" machi="43" ten="30,1500,0" yaku="20,1" doraHai="120" who="3" fromWho="3" sc="248,-5,180,-5,163,-5,409,15" owari="243,4.3,175,-22.5,158,-34.2,424,52.4" /></mjloggm>