<mjloggm ver="2.3"><GO type="169" lobby="0"/><UN n0="%E7%9C%9F%E3%81%AE%E9%9B%80%E5%A3%AB%E3%81%86%E3%81%BE%E3%81%9F%E3%82%93" n1="%E3%81%9F%E3%81%8B%31%34%31" n2="%6D%61%6A%75%6E%69%61" n3="%E3%81%BF%E3%81%A3%E3%81%A4%E3%81%83%EF%BD%9E" dan="17,16,16,16" rate="2136.93,2118.01,2146.16,2173.79" sx="M,M,M,F"/><TAIKYOKU oya="0"/><INIT seed="0,0,0,3,4,36" ten="250,250,250,250" oya="0" hai0="129,66,81,131,98,102,99,86,10,50,57,125,124" hai1="29,67,78,21,18,88,90,80,20,121,7,72,85" hai2="24,119,56,89,43,8,126,9,83,54,96,68,91" hai3="114,94,107,110,51,37,103,82,46,40,31,1,3"/><T48/><D10/><U93/><E121/><V27/><F119/><W15/><G114/><T64/><D86/><U47/><E7/><V118/><F118/><W120/><G120/><T84/><D84/><U60/><E29/><V55/><F126/><N who="0" m="48746" /><D81/><U41/><E90/><V108/><F108/><W14/><G110/><T134/><D57/><U74/><E74/><V115/><F68/><W130/><G82/><T69/><D69/><U12/><E21/><V53/><F115/><W79/><G79/><T105/><D134/><U30/><E30/><V122/><F122/><W128/><G31/><T19/><D19/><U13/><E13/><V39/><F83/><W42/><G14/><T0/><D0/><U22/><E22/><V111/><F111/><W132/><G15/><T116/><D99/><U65/><REACH who="1" step="1"/><E60/><REACH who="1" ten="250,240,250,250" step="2"/><V23/><F23/><W101/><G3/><T73/><D73/><U63/><E63/><V58/><F89/><W100/><G1/><T112/><D112/><U106/><E106/><V26/><F91/><W92/><G107/><T34/><D116/><U33/><E33/><V117/><F117/><W87/><G87/><T133/><D34/><U32/><E32/><V62/><F62/><W4/><G4/><T38/><D105/><U59/><E59/><V35/><F35/><W11/><G11/><T127/><D127/><U17/><E17/><V135/><F8/><W104/><G104/><T109/><D109/><U97/><E97/><V52/><F9/><W2/><G2/><T6/><D98/><U113/><E113/><V95/><F96/><W44/><G132/><RYUUKYOKU ba="0,1" sc="250,-15,240,15,250,-15,250,15" hai1="12,18,20,41,47,65,67,72,78,80,85,88,93" hai3="37,40,42,44,46,51,92,94,100,101,103,128,130" /><INIT seed="1,1,1,5,1,41" ten="235,255,235,265" oya="1" hai0="94,118,21,96,38,97,73,103,100,55,113,0,134" hai1="27,128,61,66,106,57,83,16,14,82,117,63,33" hai2="70,15,122,26,32,40,77,42,88,109,75,50,69" hai3="119,35,130,19,49,13,4,30,65,114,67,8,72"/><U80/><E117/><V78/><F122/><W47/><G114/><T51/><D134/><U48/><E106/><V86/><F109/><W90/><G119/><T36/><D113/><U12/><E128/><V52/><F70/><W129/><G72/><T2/><D73/><U74/><E74/><V9/><F69/><W120/><G120/><T17/><D118/><U89/><E63/><V37/><F32/><W84/><G35/><T135/><D135/><U54/><E89/><V107/><F107/><W22/><G30/><T102/><D0/><U124/><E124/><V62/><F26/><W110/><G110/><T43/><D2/><U76/><E76/><N who="2" m="29291" /><F37/><W60/><G130/><T108/><D108/><U111/><E111/><V85/><F85/><W7/><G129/><T34/><D34/><U56/><REACH who="1" step="1"/><E33/><REACH who="1" ten="235,245,235,265" step="2"/><V58/><F62/><W5/><G60/><T112/><D112/><U99/><E99/><V81/><F75/><W1/><G67/><T24/><D97/><U11/><E11/><V116/><F116/><W53/><REACH who="3" step="1"/><G65/><REACH who="3" ten="235,245,235,255" step="2"/><T18/><D102/><U71/><E71/><V3/><F3/><W115/><G115/><T104/><D103/><U105/><E105/><V79/><N who="2" m="29299" /><V31/><DORA hai="44" /><F31/><W101/><G101/><T23/><D104/><U20/><AGARI ba="1,3" hai="12,14,16,20,27,48,54,56,57,61,66,80,82,83" machi="20" ten="30,18000,2" yaku="1,1,0,1,8,1,52,1,54,1,53,1" doraHai="41,44" doraHaiUra="46,87" who="1" fromWho="1" sc="235,-61,245,213,235,-61,255,-61" /><INIT seed="1,2,0,1,2,12" ten="174,458,174,194" oya="1" hai0="51,18,17,128,52,16,107,79,28,38,72,123,121" hai1="8,59,103,106,60,93,34,112,0,37,1,131,73" hai2="2,104,11,109,33,98,68,129,63,46,89,13,26" hai3="47,45,85,76,53,14,92,24,56,84,80,124,78"/><U39/><E112/><V97/><F2/><W9/><G124/><T122/><D128/><U75/><E106/><V49/><F129/><W50/><G24/><T135/><D135/><U113/><E113/><V86/><F109/><W55/><G92/><T81/><D107/><U29/><E131/><V117/><F117/><W87/><G78/><T77/><D38/><U66/><E29/><V65/><F33/><W41/><G47/><N who="0" m="27775" /><D79/><U82/><E34/><V48/><F26/><W10/><G55/><T3/><D28/><U58/><E39/><V90/><F90/><W7/><REACH who="3" step="1"/><G10/><REACH who="3" ten="174,458,174,184" step="2"/><T125/><D3/><U118/><E8/><V40/><F104/><W32/><G32/><T101/><D101/><U31/><E103/><V100/><F100/><W120/><G120/><T74/><D125/><U21/><E0/><V96/><F46/><W110/><G110/><T27/><D27/><U108/><E108/><V30/><F40/><W83/><G83/><T105/><D105/><U127/><E82/><V111/><F111/><W35/><G35/><T22/><D22/><U116/><E21/><V94/><REACH who="2" step="1"/><F30/><REACH who="2" ten="174,458,164,184" step="2"/><W133/><G133/><T61/><D74/><U88/><E31/><V130/><F130/><W114/><G114/><T4/><D122/><U43/><E1/><V119/><F119/><W115/><G115/><T91/><D121/><U102/><E102/><V20/><F20/><W19/><G19/><AGARI ba="2,2" hai="11,13,19,48,49,63,65,68,86,89,94,96,97,98" machi="19" ten="40,5200,0" yaku="1,1,52,1,53,1" doraHai="12" doraHaiUra="62" who="2" fromWho="3" sc="174,0,458,0,164,78,184,-58" /><INIT seed="2,0,0,1,4,58" ten="174,458,242,126" oya="2" hai0="40,92,60,33,100,111,135,14,32,122,130,119,129" hai1="26,54,13,133,45,114,108,27,38,5,101,73,134" hai2="43,91,59,8,7,68,113,106,3,109,75,121,36" hai3="85,52,81,9,15,0,99,115,31,51,46,19,104"/><V44/><F121/><W84/><G115/><T17/><D122/><U24/><E108/><V87/><F113/><W79/><G0/><T50/><D111/><U28/><E73/><V120/><F120/><W95/><G104/><T34/><D135/><U105/><E114/><V76/><F106/><W67/><G85/><T6/><D6/><U10/><E101/><V61/><F109/><W93/><G31/><T117/><D40/><N who="1" m="22679" /><E54/><V35/><F35/><W123/><G123/><T77/><D50/><U41/><E41/><V116/><F116/><N who="0" m="44618" /><D77/><U88/><E88/><V23/><F23/><W103/><G67/><T110/><D110/><U25/><E25/><V125/><F125/><W89/><REACH who="3" step="1"/><G93/><REACH who="3" ten="174,458,242,116" step="2"/><T20/><D92/><U82/><E105/><V11/><F68/><W72/><G72/><T39/><D130/><U29/><E29/><V4/><F75/><W96/><G96/><T118/><D129/><U47/><E28/><V128/><F128/><W64/><G64/><T90/><D118/><U112/><E112/><V132/><F132/><W22/><G22/><T71/><D20/><U107/><E107/><V42/><F3/><W97/><G97/><T127/><D33/><U55/><E134/><V124/><F87/><W2/><G2/><T63/><D32/><U102/><E133/><V78/><F8/><W48/><G48/><T21/><D34/><U56/><E10/><V65/><F11/><W18/><G18/><T131/><D17/><U98/><E98/><V86/><F86/><W12/><G12/><T37/><D14/><U74/><E74/><V49/><F49/><RYUUKYOKU ba="0,1" sc="174,-10,458,-10,242,-10,116,30" hai3="9,15,19,46,51,52,79,81,84,89,95,99,103" /><INIT seed="3,1,1,1,1,41" ten="164,448,232,146" oya="3" hai0="32,9,95,67,125,124,33,119,87,106,112,61,69" hai1="36,133,45,18,74,129,93,132,25,117,2,109,42" hai2="15,81,31,127,50,118,99,108,6,59,51,60,11" hai3="49,57,72,104,12,80,37,28,70,126,4,86,54"/><W73/><G126/><N who="0" m="48747" /><D119/><U8/><E109/><V38/><F127/><W105/><G70/><T46/><D106/><U3/><E117/><V90/><F108/><W92/><G37/><T29/><D112/><U128/><E74/><V22/><F118/><W40/><G40/><T14/><D29/><U114/><E114/><V7/><F38/><W53/><G28/><T17/><D46/><U101/><E101/><V68/><F68/><W135/><G135/><N who="1" m="51786" /><E93/><N who="2" m="56759" /><F6/><W76/><G54/><T24/><D24/><U47/><E47/><V5/><F81/><W79/><G73/><T121/><D121/><U100/><E100/><V130/><F7/><W98/><G76/><T26/><D26/><U62/><E25/><N who="2" m="16823" /><F130/><W52/><G72/><T134/><D134/><U30/><E30/><V65/><AGARI ba="1,1" hai="5,11,15,50,51,59,60,65" m="16823,56759" machi="65" ten="30,1100,0" yaku="8,1" doraHai="41" who="2" fromWho="2" sc="164,-4,448,-4,232,24,146,-6" /><INIT seed="4,0,0,1,4,82" ten="160,444,256,140" oya="0" hai0="19,68,60,62,92,126,11,61,57,38,128,112,4" hai1="53,63,31,97,109,10,15,50,76,93,104,25,101" hai2="17,37,23,119,94,117,88,70,114,129,115,12,122" hai3="118,7,80,6,132,58,127,47,73,8,42,108,49"/><T22/><D38/><U39/><E39/><V2/><F37/><W125/><G132/><T79/><D112/><N who="2" m="43050" /><F70/><W28/><G108/><T29/><D126/><N who="3" m="48137" /><G118/><N who="2" m="45065" /><F129/><W85/><G73/><T110/><D128/><U44/><E109/><V99/><F2/><W105/><G105/><T96/><D79/><U13/><E76/><V66/><F66/><W134/><G134/><T116/><D29/><U103/><E63/><V120/><AGARI ba="0,0" hai="12,17,23,88,94,99,120,122" m="45065,43050" machi="120" ten="40,5200,0" yaku="15,1,12,1,54,1" doraHai="82" who="2" fromWho="2" sc="160,-26,444,-13,256,52,140,-13" /><INIT seed="5,0,0,4,5,10" ten="134,431,308,127" oya="1" hai0="113,60,109,24,115,129,12,11,27,42,85,52,103" hai1="69,34,116,131,122,25,26,32,87,96,84,66,44" hai2="130,92,104,63,77,29,79,9,114,0,45,14,107" hai3="21,35,18,90,3,59,83,74,120,58,132,40,98"/><U108/><E116/><V75/><F0/><W46/><G132/><T7/><D109/><U30/><E122/><V65/><F130/><W43/><G35/><T110/><D129/><U76/><E131/><V33/><F114/><N who="0" m="43530" /><D110/><U117/><E117/><V118/><F118/><W125/><G3/><T111/><D111/><U55/><E108/><V135/><F135/><W1/><G1/><T71/><D103/><U38/><E69/><V68/><F92/><N who="3" m="56599" /><G74/><T112/><N who="0" m="43538" /><T28/><DORA hai="134" /><D42/><N who="3" m="15913" /><G120/><T51/><D28/><U56/><E30/><V94/><F94/><W48/><G83/><T17/><D85/><U13/><E87/><V37/><F45/><W80/><G80/><T88/><D88/><U4/><E84/><V93/><F93/><W20/><G125/><T121/><D121/><U50/><E96/><V106/><F37/><W123/><G123/><T54/><D71/><U31/><E38/><V82/><F77/><W73/><G73/><T127/><D127/><U22/><E76/><V119/><F119/><W99/><G99/><T91/><D91/><U100/><E100/><V57/><F68/><W5/><G5/><T78/><D7/><U95/><E4/><V8/><F29/><W64/><G18/><T15/><D78/><U62/><E95/><V36/><F33/><W6/><G6/><T86/><D86/><U89/><E89/><V23/><F36/><W72/><G72/><T124/><D124/><U16/><E34/><V47/><F47/><W70/><G70/><T81/><D81/><U97/><E97/><V102/><F102/><W61/><G46/><RYUUKYOKU ba="0,0" sc="134,-30,431,10,308,10,127,10" hai1="13,16,22,25,26,31,32,44,50,55,56,62,66" hai2="8,9,14,23,57,63,65,75,79,82,104,106,107" hai3="20,21,48,58,59,61,64" /><INIT seed="5,1,0,0,0,30" ten="104,441,318,137" oya="1" hai0="57,107,64,38,98,114,69,34,80,113,31,110,108" hai1="39,79,53,44,117,63,17,90,72,91,121,50,15" hai2="66,58,32,82,120,9,128,28,78,13,43,48,81" hai3="133,10,35,7,122,102,61,1,29,55,14,67,99"/><U0/><E0/><V20/><F120/><W11/><G133/><T106/><D38/><U89/><E121/><V134/><F134/><W47/><G122/><T93/><D80/><U125/><E117/><V86/><F128/><W26/><G47/><T115/><D57/><U75/><E125/><V23/><F81/><W41/><G41/><T45/><D45/><U42/><E63/><V132/><F132/><W21/><G55/><T71/><D93/><U123/><E79/><V111/><F111/><N who="0" m="42538" /><D98/><U52/><E123/><V103/><F103/><W88/><G88/><T118/><D118/><U56/><REACH who="1" step="1"/><E53/><REACH who="1" ten="104,431,318,137" step="2"/><V51/><F66/><W49/><G61/><N who="0" m="40079" /><D71/><U105/><E105/><V124/><F124/><W77/><G67/><T74/><D74/><U3/><E3/><V119/><F78/><W22/><G77/><T70/><D70/><U2/><E2/><V129/><F119/><W83/><G1/><T92/><D92/><U19/><E19/><V101/><F129/><W84/><G83/><T24/><AGARI ba="1,1" hai="24,31,34,106,107,113,114,115" m="40079,42538" machi="24" ten="40,5200,0" yaku="15,1,23,1,52,1" doraHai="30" who="0" fromWho="0" sc="104,65,431,-27,318,-14,137,-14" /><INIT seed="6,0,0,0,1,103" ten="169,404,304,123" oya="2" hai0="50,115,6,11,131,34,2,18,37,23,98,90,133" hai1="77,69,87,101,111,51,130,134,99,5,32,58,125" hai2="126,108,28,41,124,112,75,80,113,0,62,54,72" hai3="16,27,122,31,89,79,66,67,40,76,15,127,65"/><V19/><F0/><W82/><G127/><N who="2" m="48681" /><F28/><W96/><G122/><T135/><D37/><U88/><E32/><V128/><F41/><W35/><G40/><T33/><D50/><U25/><E69/><V46/><F19/><W97/><G89/><T64/><D90/><U95/><E5/><V91/><F108/><W85/><REACH who="3" step="1"/><G79/><REACH who="3" ten="169,404,304,113" step="2"/><T29/><D133/><U21/><E134/><V48/><F128/><W73/><G73/><T132/><D131/><U12/><E130/><V57/><F91/><W117/><G117/><T26/><D132/><U49/><E125/><V114/><F80/><W14/><G14/><T7/><D135/><U52/><E12/><V118/><F118/><W83/><G83/><T10/><D26/><U9/><E77/><V45/><F75/><W107/><G107/><T63/><D2/><U94/><E111/><V109/><F109/><W42/><G42/><T93/><D93/><U119/><E119/><V106/><F106/><W20/><AGARI ba="0,1" hai="15,16,20,27,31,35,65,66,67,76,82,85,96,97" machi="20" ten="30,4000,0" yaku="1,1,0,1,54,1,53,0" doraHai="103" doraHaiUra="3" who="3" fromWho="3" sc="169,-10,404,-10,304,-20,113,50" /><INIT seed="7,0,0,2,5,101" ten="159,394,284,163" oya="3" hai0="41,88,89,85,81,118,55,134,84,3,119,131,32" hai1="115,93,87,26,128,6,15,5,129,132,29,7,61" hai2="98,53,38,46,14,37,64,108,62,36,77,4,121" hai3="102,116,24,74,10,106,47,22,114,109,78,16,21"/><W18/><G116/><T20/><D32/><U39/><E39/><V1/><F1/><W135/><G114/><T97/><D3/><U27/><E115/><V2/><F2/><W44/><G10/><T43/><D119/><U30/><E132/><V35/><F77/><W110/><G135/><T73/><D118/><U58/><E15/><V82/><F35/><W8/><G8/><T133/><D73/><U80/><E93/><V13/><F82/><W23/><G78/><T94/><D131/><N who="1" m="50251" /><E30/><V57/><F98/><N who="3" m="61783" /><G74/><T31/><D97/><U79/><E29/><V25/><F14/><N who="3" m="9367" /><G23/><T96/><D96/><U56/><E56/><V125/><F13/><W120/><G120/><T68/><D68/><U117/><E117/><V70/><F25/><W33/><G33/><T127/><D134/><U66/><AGARI ba="0,0" hai="5,6,7,26,27,58,61,66,79,80,87" m="50251" machi="66" ten="30,1100,0" yaku="19,1" doraHai="101" who="1" fromWho="1" sc="159,-3,394,11,284,-3,163,-5" owari="156,-34.4,405,50.5,281,8.1,158,-24.2" /></mjloggm>