<mjloggm ver="2.3"><GO type="169" lobby="0"/><UN n0="%4C%21%56%45" n1="%6D%61%74%6F%30%36%30%33" n2="%E8%B1%A1" n3="%E9%9B%B2%E3%81%AE%E3%83%95%E3%83%89%E3%82%A6" dan="16,17,16,16" rate="2115.03,2214.37,2135.25,2077.60" sx="M,M,M,M"/><TAIKYOKU oya="0"/><INIT seed="0,0,0,3,5,78" ten="250,250,250,250" oya="0" hai0="112,81,80,79,48,95,43,135,1,42,57,27,69" hai1="84,70,133,96,4,101,18,86,100,102,11,52,28" hai2="59,37,47,34,30,92,113,120,76,91,123,87,65" hai3="56,40,63,15,132,98,74,8,61,124,23,117,109"/><T82/><D112/><U67/><E133/><V44/><F113/><W33/><G33/><T55/><D135/><U114/><E114/><V103/><F34/><W127/><G132/><T36/><D1/><U119/><E119/><V131/><F30/><W3/><G3/><T94/><D79/><U115/><E115/><V107/><F131/><W16/><G117/><T49/><D69/><U14/><E28/><V7/><F7/><W50/><G109/><T19/><D36/><U9/><E96/><V111/><F111/><W31/><G98/><T85/><D85/><U21/><E11/><V128/><F87/><W60/><G74/><T29/><D29/><U58/><E67/><V46/><F65/><W39/><G39/><T97/><D48/><U121/><E70/><V105/><F76/><W90/><G90/><N who="0" m="55511" /><D95/><U54/><E121/><V35/><F92/><W93/><G93/><T24/><D19/><U116/><E116/><V13/><F37/><W71/><G71/><T32/><D32/><U5/><E5/><V88/><F35/><W41/><G124/><T22/><D22/><U53/><REACH who="1" step="1"/><E58/><REACH who="1" ten="250,240,250,250" step="2"/><V134/><F59/><W104/><G31/><T68/><D68/><U26/><AGARI ba="0,1" hai="4,9,14,18,21,26,52,53,54,84,86,100,101,102" machi="26" ten="30,8000,1" yaku="1,1,2,1,0,1,8,1,54,1,53,0" doraHai="78" doraHaiUra="25" who="1" fromWho="1" sc="250,-40,240,90,250,-20,250,-20" /><INIT seed="1,0,0,2,3,24" ten="210,330,230,230" oya="1" hai0="64,14,112,127,118,34,25,68,12,111,41,97,43" hai1="15,26,83,20,99,126,106,33,6,114,88,130,75" hai2="73,35,108,96,16,124,113,94,78,9,2,4,100" hai3="82,90,70,123,28,110,11,80,46,122,119,1,3"/><U105/><E114/><V129/><F113/><W102/><G70/><T104/><D111/><U62/><E126/><V132/><F108/><W17/><G110/><T42/><D118/><U74/><E130/><V98/><F129/><W84/><G119/><T13/><D127/><U22/><E33/><V81/><F124/><W5/><G3/><T133/><D133/><U128/><E128/><V57/><F35/><W0/><G0/><T27/><D112/><U65/><E83/><V101/><F132/><W76/><G102/><T21/><D34/><U31/><E106/><V93/><F57/><W51/><G28/><T40/><N who="0" m="10240" /><DORA hai="107" /><T77/><D77/><U87/><E99/><V8/><F8/><W60/><G60/><T72/><D72/><U23/><E105/><V58/><F58/><W120/><G17/><AGARI ba="0,0" hai="2,4,9,16,17,73,78,81,93,94,96,98,100,101" machi="17" ten="40,5200,0" yaku="9,1,52,1,54,1" doraHai="24,107" who="2" fromWho="3" sc="210,0,330,0,230,52,230,-52" /><INIT seed="2,0,0,3,3,99" ten="210,330,282,178" oya="2" hai0="36,130,41,134,115,131,49,108,1,9,107,47,24" hai1="105,38,92,60,23,78,15,126,48,58,40,37,26" hai2="55,46,132,110,95,51,61,31,68,29,4,72,59" hai3="116,101,63,118,42,34,86,28,54,22,73,94,8"/><V79/><F132/><W89/><G73/><T27/><D108/><U113/><E113/><V129/><F129/><N who="0" m="49162" /><D115/><U13/><E105/><V76/><F110/><W109/><G109/><T80/><D134/><U125/><E78/><N who="2" m="29739" /><F68/><W117/><G42/><T14/><D1/><U57/><E92/><V7/><F72/><W120/><G120/><T97/><D80/><U121/><E121/><V103/><F7/><W3/><G34/><T64/><D64/><U50/><E23/><V74/><F4/><W30/><G22/><T82/><D82/><U104/><E104/><V111/><F74/><W52/><G8/><T62/><D62/><U35/><E60/><V75/><F75/><W17/><G17/><N who="0" m="8399" /><D36/><U71/><E35/><V87/><F111/><W91/><G3/><T32/><D32/><U33/><E33/><V45/><F45/><W70/><G70/><T65/><D65/><U0/><E71/><V85/><F31/><W39/><G39/><T119/><D119/><U135/><E135/><V43/><F29/><W67/><G30/><T98/><D98/><AGARI ba="0,0" hai="43,46,51,55,59,61,85,87,95,98,103" m="29739" machi="98" ten="30,2900,0" yaku="8,1,52,1" doraHai="99" who="2" fromWho="0" sc="210,-29,330,0,282,29,178,0" /><INIT seed="2,1,0,4,3,37" ten="181,330,311,178" oya="2" hai0="90,23,103,70,59,11,116,38,10,22,120,57,115" hai1="79,33,39,14,0,106,117,56,43,51,123,26,69" hai2="40,132,2,27,36,77,121,19,109,124,74,89,49" hai3="48,130,94,15,71,55,82,46,67,134,133,30,72"/><V62/><F121/><W64/><G30/><T28/><D115/><U73/><E117/><V126/><F132/><N who="3" m="50795" /><G94/><T34/><D34/><U42/><E0/><V112/><F112/><W18/><G82/><T45/><D70/><U1/><E1/><V7/><F109/><W32/><G72/><T98/><D116/><U35/><E69/><V63/><F36/><W86/><G86/><T99/><D120/><U131/><E123/><V24/><F89/><W53/><G32/><T102/><D90/><U91/><E106/><V97/><F97/><W111/><G18/><T4/><D28/><U114/><E114/><V93/><F93/><W13/><G13/><T58/><D45/><U129/><E91/><V25/><F77/><W17/><G17/><T135/><D38/><U54/><E39/><V65/><F74/><W118/><G15/><T92/><D135/><U8/><E35/><V78/><F19/><W104/><G104/><T128/><D128/><N who="1" m="49227" /><E33/><V29/><F78/><W107/><G107/><T5/><D5/><N who="1" m="3343" /><E26/><V95/><F29/><W61/><G130/><T21/><D21/><U85/><E85/><V101/><F7/><W44/><G118/><T108/><D108/><U50/><E50/><V96/><F2/><W83/><G111/><T81/><D81/><AGARI ba="1,0" hai="42,43,51,54,56,73,79,81" m="3343,49227" machi="81" ten="30,3900,0" yaku="19,1,52,2" doraHai="37" who="1" fromWho="0" sc="181,-42,330,42,311,0,178,0" /><INIT seed="3,0,0,0,2,122" ten="139,372,311,178" oya="3" hai0="106,100,135,12,108,10,58,9,57,18,3,66,71" hai1="55,65,130,88,116,93,120,53,82,113,67,0,6" hai2="47,68,19,123,114,61,48,1,107,84,134,31,39" hai3="38,91,30,109,29,92,86,80,33,37,60,50,40"/><W101/><G60/><T24/><D24/><U103/><BYE who="0" /><E120/><V43/><F1/><W8/><G8/><T7/><D7/><U121/><E121/><V21/><F123/><W110/><G50/><T96/><D96/><U25/><E113/><V119/><F119/><W111/><G33/><T23/><D23/><U4/><E130/><V44/><F114/><W36/><G40/><T64/><D64/><N who="1" m="24651" /><E116/><V94/><F107/><W54/><G54/><T42/><D42/><U52/><E0/><V11/><F61/><W35/><G35/><T15/><D15/><U117/><E117/><V22/><F68/><W41/><G41/><T95/><D95/><U13/><E13/><V105/><F105/><W83/><G101/><T45/><D45/><U89/><E25/><V14/><F44/><W51/><G51/><T85/><D85/><N who="1" m="50359" /><E103/><V59/><F43/><W28/><AGARI ba="0,0" hai="28,29,30,36,37,38,80,83,86,91,92,109,110,111" machi="28" ten="50,24000,3" yaku="0,1,29,2,14,1,10,1,52,3" doraHai="122" who="3" fromWho="3" sc="139,-80,372,-80,311,-80,178,240" /><INIT seed="3,1,0,1,0,51" ten="59,292,231,418" oya="3" hai0="110,57,80,71,62,96,63,84,135,107,7,99,130" hai1="15,1,56,45,52,27,106,6,122,126,42,98,30" hai2="28,34,73,8,94,104,109,41,74,113,90,23,124" hai3="37,68,36,131,82,88,24,50,101,54,76,115,70"/><W78/><G115/><T100/><D100/><U118/><E122/><V120/><F120/><W114/><G114/><T17/><D17/><U35/><E126/><V12/><F124/><W48/><G131/><T16/><D16/><U112/><E112/><V61/><F113/><W97/><G24/><T59/><D59/><U40/><E118/><V18/><F109/><W65/><G50/><T69/><D69/><U47/><E1/><V95/><F104/><W67/><G70/><T2/><D2/><U10/><E40/><V0/><F41/><W85/><G68/><T121/><D121/><U132/><E132/><V91/><F61/><W31/><G31/><T43/><D43/><U60/><REACH who="1" step="1"/><E42/><REACH who="1" ten="59,282,231,418" step="2"/><V38/><F0/><W127/><G127/><T9/><D9/><U75/><E75/><V86/><F74/><W102/><G37/><T89/><D89/><U123/><E123/><V44/><F73/><W3/><G36/><T55/><D55/><U13/><E13/><V4/><F38/><W129/><G3/><T119/><D119/><U58/><E58/><V49/><F91/><W92/><G129/><T103/><D103/><AGARI ba="1,1" hai="6,10,15,27,30,35,45,47,52,56,60,98,103,106" machi="103" ten="40,5200,0" yaku="1,1,52,1,54,1,53,0" doraHai="51" doraHaiUra="32" who="1" fromWho="0" sc="59,-55,282,65,231,0,418,0" /><INIT seed="4,0,0,4,1,77" ten="4,347,231,418" oya="0" hai0="57,2,16,38,47,18,27,25,72,121,1,68,37" hai1="111,23,124,129,14,92,103,106,12,49,6,132,65" hai2="46,17,62,90,9,117,15,120,70,109,32,97,119" hai3="93,101,51,83,133,80,123,87,104,53,8,113,76"/><T108/><D108/><U122/><E111/><V126/><F109/><W41/><G41/><T128/><D128/><U78/><E122/><V67/><F120/><W28/><G104/><T116/><D116/><N who="2" m="44618" /><F32/><W107/><G8/><T13/><D13/><U115/><E106/><V73/><F73/><W35/><G28/><T64/><D64/><U110/><E110/><V84/><F46/><W20/><G101/><T74/><D74/><U24/><E129/><V40/><F40/><W105/><G93/><T22/><D22/><U29/><E132/><V88/><F126/><W98/><G20/><T95/><D95/><U33/><E124/><V118/><N who="2" m="44626" /><V54/><DORA hai="19" /><F54/><W134/><G53/><T102/><D102/><U127/><E127/><V75/><F75/><W36/><G35/><T43/><D43/><U30/><E115/><V31/><F31/><W59/><G113/><T50/><D50/><U85/><E65/><V61/><F97/><W94/><G98/><T99/><D99/><U44/><E30/><V48/><F48/><W21/><G51/><T131/><D131/><U10/><E33/><V45/><F45/><W34/><G133/><T39/><D39/><U89/><E103/><V5/><F62/><W56/><G134/><T58/><D58/><U3/><REACH who="1" step="1"/><E78/><REACH who="1" ten="4,337,231,418" step="2"/><V112/><F112/><W130/><G123/><T60/><D60/><U79/><E79/><V86/><F5/><W52/><G76/><T114/><D114/><U81/><E81/><V82/><F82/><W4/><G80/><T96/><D96/><U55/><AGARI ba="0,1" hai="3,6,10,12,14,23,24,29,44,49,55,85,89,92" machi="55" ten="20,12000,2" yaku="1,1,0,1,7,1,52,1,53,2" doraHai="77,19" doraHaiUra="125,11" who="1" fromWho="1" sc="4,-60,337,130,231,-30,418,-30" owari="-56,-55.6,467,56.7,201,-19.9,388,18.8" /></mjloggm>