<mjloggm ver="2.3"><GO type="169" lobby="0"/><UN n0="%E3%81%88%E3%81%84%E3%81%8D%E3%81%A1%40%35%6D%66" n1="%48%69%70%70%6F%5F" n2="%E7%89%A7%E5%A0%B4%E3%81%AE%E5%B0%91%E5%A5%B3" n3="%47%75%72%65%6E%6E" dan="17,17,17,16" rate="2241.78,2193.69,2200.55,2090.15" sx="M,M,F,M"/><TAIKYOKU oya="0"/><INIT seed="0,0,0,3,0,126" ten="250,250,250,250" oya="0" hai0="37,53,15,114,25,118,94,68,50,113,19,9,97" hai1="41,85,89,116,64,95,62,92,4,102,45,121,63" hai2="12,82,23,33,87,61,86,93,132,14,111,81,30" hai3="105,129,48,72,127,135,17,75,32,52,31,56,123"/><T65/><D118/><U133/><E133/><V26/><F111/><W125/><G135/><T91/><D37/><U3/><E121/><V119/><F119/><W103/><G123/><T54/><D54/><U35/><E116/><V27/><F132/><W20/><G31/><T130/><D130/><U7/><E35/><V59/><F93/><W11/><G32/><T76/><D76/><U74/><E74/><V34/><F86/><W78/><G11/><T109/><D109/><U39/><E3/><V71/><F71/><W69/><G69/><T107/><D107/><U40/><E41/><V36/><F36/><W16/><G129/><T67/><D25/><U46/><E46/><V5/><F5/><W55/><G55/><T43/><D43/><U106/><E106/><V73/><F73/><W22/><G103/><T104/><D104/><U29/><E29/><V60/><F81/><W120/><G105/><T0/><D0/><U80/><E63/><V28/><F23/><N who="3" m="8747" /><G120/><T122/><D122/><U90/><E102/><V77/><REACH who="2" step="1"/><F61/><REACH who="2" ten="250,250,240,250" step="2"/><W51/><G48/><T44/><REACH who="0" step="1"/><D68/><REACH who="0" ten="240,250,240,250" step="2"/><U49/><E39/><V110/><F110/><W70/><G70/><T99/><D99/><U47/><E40/><V38/><F38/><W115/><G72/><T66/><AGARI ba="0,2" hai="9,15,19,44,50,53,65,66,67,91,94,97,113,114" machi="66" ten="30,3000,0" yaku="1,1,0,1,53,0" doraHai="126" doraHaiUra="98" who="0" fromWho="0" sc="240,50,250,-10,240,-10,250,-10" /><INIT seed="0,1,0,5,5,37" ten="290,240,230,240" oya="0" hai0="73,114,58,121,67,106,26,129,101,124,68,43,97" hai1="46,80,85,81,36,107,91,18,24,76,8,110,48" hai2="10,86,7,102,6,63,11,112,14,28,57,52,21" hai3="83,35,95,82,87,79,134,1,50,92,113,65,39"/><T20/><D114/><U78/><E110/><V77/><F112/><W40/><G39/><T59/><D121/><U22/><E107/><V108/><F108/><W90/><G113/><T51/><D73/><U131/><E131/><V71/><F102/><W17/><G134/><T133/><D133/><U9/><E36/><V53/><F71/><W13/><G1/><T47/><D124/><U66/><E66/><V104/><F104/><W93/><G35/><T120/><D120/><U94/><E80/><V29/><F21/><W69/><G69/><T64/><D129/><U3/><E3/><V70/><F70/><W128/><G128/><T34/><D34/><U49/><E49/><V84/><F53/><W126/><G65/><T38/><D51/><U109/><E76/><V4/><F77/><W100/><G100/><T119/><D119/><U61/><E61/><V33/><F33/><W72/><G126/><T75/><D75/><U23/><E22/><V105/><F105/><W45/><REACH who="3" step="1"/><G82/><REACH who="3" ten="290,240,230,230" step="2"/><T55/><D64/><U96/><REACH who="1" step="1"/><E109/><REACH who="1" ten="290,230,230,230" step="2"/><V60/><F60/><W54/><G54/><AGARI ba="1,2" hai="8,9,18,23,24,46,48,54,78,81,85,91,94,96" machi="54" ten="30,8000,1" yaku="1,1,2,1,7,1,8,1,53,1" doraHai="37" doraHaiUra="41" who="1" fromWho="3" sc="290,0,230,103,230,0,230,-83" /><INIT seed="1,0,0,1,0,39" ten="290,333,230,147" oya="1" hai0="52,101,19,83,3,69,47,92,86,115,44,46,30" hai1="99,103,134,42,94,91,20,63,87,58,34,120,40" hai2="109,61,126,9,104,110,59,15,128,127,28,68,23" hai3="89,105,49,118,129,75,65,135,131,117,43,45,27"/><U22/><E34/><V125/><F104/><W54/><G105/><T64/><D115/><U10/><E134/><V7/><F68/><W1/><G75/><T26/><D3/><U66/><E120/><V112/><F112/><W97/><G1/><T62/><D19/><U32/><E32/><V93/><F128/><N who="3" m="49227" /><G27/><T33/><D92/><U17/><E10/><V41/><F93/><N who="3" m="56495" /><G65/><T124/><D101/><U121/><E121/><V24/><REACH who="2" step="1"/><F41/><REACH who="2" ten="290,333,220,147" step="2"/><N who="1" m="15977" /><E17/><V12/><F12/><W114/><G135/><T11/><D69/><U57/><E57/><V51/><F51/><N who="3" m="27071" /><G114/><T79/><D26/><U36/><E36/><V116/><F116/><W133/><G133/><T21/><D33/><U95/><AGARI ba="0,1" hai="20,22,58,63,66,87,91,94,95,99,103" m="15977" machi="95" ten="30,11700,0" yaku="8,1,52,3" doraHai="39" who="1" fromWho="1" sc="290,-39,333,127,220,-39,147,-39" /><INIT seed="1,1,0,0,5,7" ten="251,460,181,108" oya="1" hai0="44,35,92,90,82,135,112,26,75,118,51,109,31" hai1="130,70,80,71,54,87,86,83,104,128,124,77,132" hai2="98,67,19,43,113,126,10,111,56,95,103,15,120" hai3="50,47,11,52,49,72,64,62,110,116,122,125,131"/><U78/><E104/><V39/><F120/><W73/><G122/><T0/><D112/><U107/><E107/><V61/><F111/><W27/><G110/><T134/><D109/><U41/><E41/><V18/><F126/><W29/><G125/><T79/><D0/><U53/><REACH who="1" step="1"/><E124/><REACH who="1" ten="251,450,181,108" step="2"/><V42/><F113/><W65/><G116/><T106/><D106/><U33/><E33/><V123/><F123/><W119/><G119/><T96/><REACH who="0" step="1"/><D118/><REACH who="0" ten="241,450,181,108" step="2"/><U114/><E114/><V85/><F39/><W63/><G131/><T100/><D100/><U38/><E38/><V127/><F127/><W97/><G73/><T133/><D133/><AGARI ba="1,2" hai="53,54,70,71,77,78,80,83,86,87,128,130,132,133" machi="133" ten="25,12000,1" yaku="1,1,22,2,53,2" doraHai="7" doraHaiUra="76" who="1" fromWho="0" sc="241,-123,450,143,181,0,108,0" /><INIT seed="1,2,0,3,3,85" ten="118,593,181,108" oya="1" hai0="87,22,124,49,79,58,44,98,110,29,47,80,25" hai1="68,94,83,15,96,134,20,0,34,82,64,101,70" hai2="55,102,116,3,107,7,40,26,118,37,77,9,95" hai3="105,66,57,45,41,92,104,106,109,86,117,130,10"/><U39/><E0/><V56/><F107/><W115/><G115/><T62/><D110/><U131/><E34/><V48/><F77/><W88/><G109/><T128/><D124/><U122/><E122/><V113/><F113/><W5/><G130/><T35/><D128/><U12/><E39/><V8/><F37/><W111/><G111/><T2/><D2/><U28/><E131/><V30/><F40/><W11/><G117/><T43/><D47/><U103/><E134/><V50/><F8/><W112/><G112/><T27/><D98/><U126/><E126/><V127/><F48/><W33/><G33/><T100/><D100/><U67/><E28/><V17/><F17/><W42/><G10/><T53/><D25/><U89/><E96/><V38/><F38/><W75/><G75/><T72/><D72/><U81/><E81/><V123/><F123/><W114/><G114/><T69/><D69/><U99/><E99/><N who="2" m="59775" /><F127/><W76/><G76/><T32/><AGARI ba="2,0" hai="22,27,29,32,35,43,44,49,53,58,62,79,80,87" machi="32" ten="30,1100,0" yaku="0,1" doraHai="85" who="0" fromWho="0" sc="118,17,593,-7,181,-5,108,-5" /><INIT seed="2,0,0,4,1,104" ten="135,586,176,103" oya="2" hai0="37,86,40,75,72,91,70,67,66,23,101,3,19" hai1="4,122,63,52,118,111,25,13,135,53,97,17,108" hai2="35,83,84,20,64,98,109,41,128,39,11,119,69" hai3="44,26,89,123,56,114,32,134,121,77,46,28,0"/><V100/><F35/><W59/><G0/><T61/><D3/><U9/><E118/><V55/><F119/><W103/><G103/><T88/><D101/><U30/><E135/><V34/><F34/><W50/><G134/><T92/><D67/><U105/><E122/><V45/><F128/><W14/><G114/><T24/><REACH who="0" step="1"/><D91/><REACH who="0" ten="125,586,176,103" step="2"/><U43/><E111/><V42/><F109/><W80/><G89/><T110/><D110/><U81/><E108/><V120/><F120/><W106/><G123/><T116/><D116/><U8/><E105/><V115/><F115/><W125/><G106/><T15/><D15/><U65/><E65/><V93/><F64/><W87/><G121/><T94/><D94/><U133/><E13/><V33/><F93/><W102/><G102/><T124/><D124/><U54/><E133/><V117/><F100/><W71/><G125/><T2/><D2/><U130/><E130/><V36/><F117/><W29/><G71/><T60/><D60/><U47/><E63/><V18/><F69/><W96/><G14/><T38/><D38/><U113/><E113/><V99/><F36/><W73/><G50/><T126/><D126/><U48/><E48/><V131/><F39/><W127/><G127/><T10/><D10/><U6/><E9/><V57/><F11/><W21/><G26/><T51/><D51/><U62/><E25/><V49/><F49/><W129/><G129/><T27/><D27/><U79/><E62/><V58/><F131/><W31/><G80/><T16/><D16/><U78/><E81/><V5/><F83/><W74/><G31/><RYUUKYOKU ba="0,1" sc="125,30,586,-10,176,-10,103,-10" hai0="19,23,24,37,40,61,66,70,72,75,86,88,92" /><INIT seed="3,1,1,1,1,51" ten="155,576,166,93" oya="3" hai0="32,17,50,29,40,94,67,14,27,109,93,118,12" hai1="71,83,61,0,115,39,73,44,112,85,23,120,88" hai2="122,58,24,49,54,134,16,77,65,80,119,81,6" hai3="79,105,47,117,31,125,98,76,60,37,91,4,36"/><W55/><G117/><T26/><D118/><U5/><E120/><V20/><F119/><W48/><G125/><T13/><D109/><U56/><E71/><V89/><F134/><W18/><G31/><T19/><D67/><U25/><E73/><V3/><F122/><W70/><G4/><T22/><REACH who="0" step="1"/><D19/><REACH who="0" ten="145,576,166,93" step="2"/><U82/><E115/><V102/><F65/><W66/><G18/><T68/><D68/><U2/><E112/><V113/><F113/><W101/><REACH who="3" step="1"/><G91/><REACH who="3" ten="145,576,166,83" step="2"/><T92/><D92/><U90/><E88/><V75/><F89/><W126/><G126/><T72/><D72/><U128/><E90/><V104/><F75/><W121/><G121/><T107/><D107/><U1/><E5/><V35/><F104/><W123/><G123/><T111/><D111/><U108/><E108/><V7/><F7/><W30/><G30/><T52/><D52/><U86/><E0/><V11/><F54/><W10/><G10/><T41/><D41/><U33/><E1/><V34/><F16/><W97/><G97/><T28/><D28/><U103/><E2/><V21/><F11/><W124/><G124/><T46/><AGARI ba="1,3" hai="12,13,14,17,22,26,27,29,32,40,46,50,93,94" machi="46" ten="30,2000,0" yaku="1,1,0,1,53,0" doraHai="51" doraHaiUra="69" who="0" fromWho="0" sc="145,53,576,-6,166,-6,83,-11" /><INIT seed="4,0,0,3,3,111" ten="198,570,160,72" oya="0" hai0="120,82,14,41,25,56,18,123,90,37,118,74,65" hai1="81,84,51,77,39,102,73,125,114,103,131,126,15" hai2="48,61,122,135,9,19,47,5,66,34,8,11,52" hai3="53,38,78,110,70,127,45,29,85,32,94,3,26"/><T95/><D118/><U23/><E39/><V109/><F109/><W28/><G110/><T128/><D128/><U104/><E131/><V89/><F122/><W98/><G3/><T27/><D37/><U57/><E114/><V124/><F34/><W68/><G127/><N who="1" m="48650" /><E104/><V88/><F124/><W13/><G28/><T130/><D41/><U91/><E23/><V113/><F135/><W106/><G106/><T31/><D130/><U59/><E15/><V117/><F117/><W12/><G70/><T24/><D31/><U21/><E21/><V97/><F113/><W116/><G68/><T43/><D43/><U60/><E51/><V112/><F112/><W115/><G115/><T134/><D134/><U17/><E17/><V44/><F44/><W22/><G116/><T105/><D105/><U108/><E108/><V75/><F75/><W16/><G12/><T92/><D74/><U6/><E6/><V121/><F121/><W20/><G32/><T64/><D82/><N who="1" m="49559" /><E57/><N who="2" m="37167" /><F5/><W42/><G53/><AGARI ba="0,0" hai="53,59,60,73,77,81,102,103" m="49559,48650" machi="53" ten="30,1000,0" yaku="18,1" doraHai="111" who="1" fromWho="3" sc="198,0,570,10,160,0,72,-10" /><INIT seed="5,0,0,1,4,114" ten="198,580,160,62" oya="1" hai0="131,115,102,59,74,39,88,92,33,16,51,36,55" hai1="37,29,9,8,110,80,21,10,48,61,22,17,7" hai2="99,18,62,57,11,72,3,24,130,120,125,20,43" hai3="113,83,71,108,126,34,26,66,13,73,118,123,67"/><U76/><E37/><V23/><F120/><W53/><G108/><T31/><D74/><U82/><E110/><V111/><F111/><W134/><G123/><T65/><D115/><U69/><E29/><V132/><F72/><W54/><G113/><T109/><D109/><U27/><E21/><V60/><F132/><W79/><G134/><T35/><D131/><U98/><E98/><V119/><F125/><W97/><G126/><T106/><D65/><U38/><E38/><V81/><F43/><W0/><G0/><T2/><D2/><U30/><E17/><V100/><F62/><W40/><G40/><T5/><D5/><U52/><E61/><V1/><F81/><N who="1" m="31337" /><E69/><V127/><F127/><W117/><G97/><T86/><D35/><U47/><E76/><V96/><F96/><W4/><G34/><T133/><D133/><U95/><E95/><V90/><F90/><W70/><G26/><N who="0" m="18679" /><D106/><U41/><E41/><V64/><F130/><W93/><G93/><T63/><D63/><U128/><E128/><V15/><F20/><W116/><G70/><T50/><D102/><U101/><E101/><V94/><REACH who="2" step="1"/><F119/><REACH who="2" ten="198,580,150,62" step="2"/><W105/><G105/><T87/><D86/><U19/><E22/><V46/><F46/><W129/><G129/><T56/><D87/><U12/><E47/><V45/><F45/><W58/><G71/><T75/><D75/><U14/><E8/><V107/><F107/><W103/><G103/><T44/><D44/><U68/><E9/><V135/><F135/><W89/><G89/><T84/><D39/><U25/><E10/><V6/><AGARI ba="0,1" hai="1,3,6,11,15,18,23,24,57,60,64,94,99,100" machi="6" ten="20,5200,0" yaku="1,1,5,1,0,1,7,1,53,0" doraHai="114" doraHaiUra="85" who="2" fromWho="2" sc="198,-13,580,-26,150,62,62,-13" /><INIT seed="6,0,0,2,3,49" ten="185,554,212,49" oya="2" hai0="99,76,101,59,29,17,55,6,100,60,38,0,118" hai1="80,1,77,63,105,23,134,37,121,89,93,133,84" hai2="8,135,5,52,24,116,57,50,127,27,78,91,3" hai3="102,75,92,87,19,12,112,108,106,117,9,22,47"/><V130/><F116/><W132/><G108/><T32/><D38/><U81/><E1/><V96/><F135/><W10/><G132/><T73/><D118/><U79/><E37/><V58/><F130/><W103/><G117/><T110/><D110/><U126/><E105/><V41/><F127/><W66/><G75/><T4/><D32/><U11/><E126/><V120/><F120/><W107/><G66/><T98/><D29/><U30/><E121/><V68/><F68/><W95/><G47/><T69/><D69/><U74/><E63/><V88/><F78/><W90/><G112/><T15/><D0/><U113/><E113/><V56/><F41/><W34/><G34/><T85/><D73/><U39/><E39/><V36/><F36/><W21/><G95/><T86/><D4/><U26/><REACH who="1" step="1"/><E11/><REACH who="1" ten="185,544,212,49" step="2"/><V62/><F62/><W72/><G9/><T119/><D60/><U28/><E28/><V45/><F3/><W131/><G131/><T124/><D119/><U33/><E33/><V31/><F31/><W18/><G10/><T65/><D124/><U83/><E83/><V115/><F115/><W104/><REACH who="3" step="1"/><G72/><AGARI ba="0,1" hai="23,26,30,72,74,77,79,80,81,84,89,93,133,134" machi="72" ten="40,5200,0" yaku="1,1,9,1,53,1" doraHai="49" doraHaiUra="16" who="1" fromWho="3" sc="185,0,544,62,212,0,49,-52" owari="185,-21.5,606,70.6,212,1.2,-3,-50.3" /></mjloggm>