<mjloggm ver="2.3"><GO type="169" lobby="0"/><UN n0="%74%77%69%74%63%68" n1="%E7%AE%B1%E4%B8%8B%E3%81%AE%E3%82%B1%E3%83%B3%E5%9D%8A" n2="%74%75%6B%69%74%61%6E%31" n3="%E3%81%82%E3%81%84%E3%81%93%E3%81%99" dan="16,16,16,16" rate="2127.35,2125.75,2113.58,2125.81" sx="F,M,M,M"/><TAIKYOKU oya="0"/><INIT seed="0,0,0,5,1,67" ten="250,250,250,250" oya="0" hai0="55,66,22,83,51,124,135,97,49,119,132,112,18" hai1="122,35,10,42,75,46,127,134,99,65,8,100,31" hai2="81,41,128,91,58,110,71,12,93,11,68,111,52" hai3="17,9,54,79,34,47,120,4,102,40,123,39,77"/><T56/><D112/><U1/><E122/><N who="3" m="46634" /><G34/><T129/><D119/><U108/><E108/><N who="2" m="41515" /><F128/><W0/><G102/><T90/><D129/><U117/><E117/><V2/><F2/><W20/><G54/><T33/><D33/><U126/><E75/><V121/><F81/><W73/><G73/><T37/><D37/><U88/><E1/><V13/><F41/><W16/><G17/><T59/><D124/><U29/><E65/><V82/><F82/><W27/><AGARI ba="0,0" hai="0,4,9,16,20,27,39,40,47,77,79" m="46634" machi="27" ten="30,2000,0" yaku="13,1,54,1" doraHai="67" who="3" fromWho="3" sc="250,-10,250,-5,250,-5,250,20" /><INIT seed="1,0,0,1,5,78" ten="240,245,245,270" oya="1" hai0="115,92,97,48,49,103,114,94,110,82,68,34,21" hai1="27,53,36,60,24,91,19,38,56,55,52,12,133" hai2="59,70,33,43,95,30,125,50,46,72,64,28,31" hai3="134,67,113,122,0,75,69,29,11,26,119,130,87"/><U41/><E133/><V3/><F125/><W65/><G87/><T5/><D34/><U58/><E41/><V32/><F3/><W6/><G113/><T22/><D68/><U71/><E71/><V25/><F70/><W121/><G134/><T2/><D110/><U73/><E73/><V80/><F95/><W40/><G130/><T89/><D2/><U39/><E91/><V37/><F25/><W111/><G111/><T81/><D5/><U23/><REACH who="1" step="1"/><E55/><REACH who="1" ten="240,235,245,270" step="2"/><V105/><F72/><W123/><G69/><T79/><D114/><U10/><E10/><V112/><F43/><W100/><G75/><T132/><D115/><U8/><E8/><V20/><F112/><W35/><G119/><T107/><D132/><U129/><E129/><V42/><F42/><W118/><G118/><T88/><D79/><U102/><E102/><V9/><F9/><W66/><G40/><T106/><D97/><U86/><E86/><V127/><F127/><W98/><REACH who="3" step="1"/><G123/><REACH who="3" ten="240,235,245,260" step="2"/><T18/><REACH who="0" step="1"/><D103/><REACH who="0" ten="230,235,245,260" step="2"/><U104/><E104/><AGARI ba="0,3" hai="0,6,11,26,29,35,65,66,67,98,100,104,121,122" machi="104" ten="40,2600,0" yaku="1,1,2,1,53,0" doraHai="78" doraHaiUra="57" who="3" fromWho="1" sc="230,0,235,-26,245,0,260,56" /><INIT seed="2,0,0,5,0,51" ten="230,209,245,316" oya="2" hai0="66,129,69,31,73,64,74,95,100,58,133,132,98" hai1="99,45,43,62,19,123,103,59,114,88,125,57,56" hai2="109,53,83,35,115,39,97,108,71,122,27,30,47" hai3="80,13,72,24,68,65,28,82,81,116,36,90,96"/><V110/><F115/><W22/><G116/><T23/><D69/><U16/><E114/><V48/><F122/><W63/><G36/><T11/><D129/><U107/><E123/><V126/><F126/><W29/><G29/><T86/><D86/><U0/><E125/><V46/><F71/><W130/><G130/><T120/><D120/><U26/><E0/><V8/><F8/><W33/><G72/><T9/><D74/><U1/><E1/><V104/><F83/><W94/><G13/><T92/><D73/><U113/><E113/><V134/><F134/><N who="0" m="51818" /><D95/><U5/><E5/><V61/><F61/><W111/><REACH who="3" step="1"/><G111/><REACH who="3" ten="230,209,245,306" step="2"/><T42/><D31/><U3/><E3/><V52/><F39/><W55/><G55/><T105/><D42/><U128/><E128/><V44/><F53/><W118/><G118/><T91/><D66/><U34/><E62/><V38/><F38/><W67/><G67/><T40/><D40/><U14/><E14/><V131/><F131/><W79/><G79/><T60/><D23/><AGARI ba="0,1" hai="22,23,24,28,33,63,65,68,80,81,82,90,94,96" machi="23" ten="40,2600,0" yaku="1,1,53,1" doraHai="51" doraHaiUra="25" who="3" fromWho="0" sc="230,-26,209,0,245,0,306,36" /><INIT seed="3,0,0,1,3,19" ten="204,209,245,342" oya="3" hai0="37,52,135,96,87,90,115,5,73,55,44,109,24" hai1="2,66,134,111,42,25,94,74,1,104,85,28,33" hai2="97,114,129,41,61,12,69,110,63,4,49,102,103" hai3="99,127,11,17,3,89,105,65,133,121,75,10,80"/><W79/><G121/><T119/><D119/><U31/><E74/><V120/><F110/><W67/><G133/><T83/><D109/><U93/><E104/><V78/><F129/><W130/><G130/><T132/><D115/><U29/><E111/><V68/><F78/><W7/><G127/><T26/><D5/><U50/><E134/><N who="0" m="51241" /><D73/><U106/><E106/><V92/><F41/><W35/><G35/><T53/><D96/><U113/><E113/><V48/><F4/><W30/><G30/><T91/><D91/><U34/><E66/><V9/><F97/><W0/><G0/><T38/><D37/><U18/><E18/><V118/><F118/><W22/><G11/><T70/><D70/><U20/><E1/><V59/><F9/><W58/><G58/><T82/><D82/><U77/><E2/><V13/><F59/><W117/><G117/><T128/><D128/><U71/><E71/><V64/><F64/><W76/><G76/><T36/><D36/><U122/><E122/><V56/><F56/><W6/><G6/><T16/><D16/><N who="1" m="12423" /><E34/><V27/><F120/><W101/><REACH who="3" step="1"/><G89/><REACH who="3" ten="204,209,245,332" step="2"/><T47/><D44/><N who="1" m="25879" /><E33/><V23/><F114/><W39/><G39/><T57/><D57/><U98/><E77/><V21/><F68/><W116/><G116/><T15/><D38/><U107/><E29/><V8/><F69/><W43/><G43/><T72/><D47/><U126/><E126/><V100/><F8/><W84/><G84/><T62/><D72/><U112/><E112/><V95/><F102/><W88/><G88/><T86/><D86/><U46/><E85/><RYUUKYOKU ba="0,1" sc="204,-15,209,-15,245,15,332,15" hai2="12,13,21,23,27,48,49,61,63,92,95,100,103" hai3="3,7,10,17,22,65,67,75,79,80,99,101,105" /><INIT seed="3,1,1,5,3,102" ten="189,194,260,347" oya="3" hai0="129,29,128,27,83,25,44,131,46,66,95,15,59" hai1="113,8,91,23,107,21,1,112,52,43,7,2,33" hai2="17,47,31,35,92,77,32,133,69,39,70,125,4" hai3="5,122,119,37,56,90,16,134,57,81,87,0,28"/><W26/><G122/><T71/><D71/><U108/><E43/><V65/><F125/><W93/><G119/><T127/><D127/><U86/><E33/><V85/><F133/><W120/><G120/><T117/><D117/><U3/><E108/><V60/><F4/><W132/><G37/><T103/><D83/><U14/><E107/><V79/><F31/><W18/><G5/><T135/><D135/><N who="3" m="51753" /><G0/><T40/><D15/><U62/><E112/><V34/><F39/><W100/><G57/><T67/><D59/><U51/><E62/><V45/><F70/><W54/><G100/><T96/><D44/><U53/><E113/><V75/><F75/><W72/><G81/><T126/><D126/><U124/><E124/><V41/><F45/><W98/><G87/><T50/><REACH who="0" step="1"/><D25/><REACH who="0" ten="179,194,260,347" step="2"/><U116/><E116/><V36/><F47/><W11/><G72/><T99/><D99/><U68/><E68/><V80/><F80/><W42/><G42/><T63/><D63/><U109/><E109/><V94/><F60/><N who="3" m="35863" /><G11/><T74/><D74/><U49/><E49/><V6/><F41/><W78/><G78/><T97/><D97/><U82/><REACH who="1" step="1"/><E51/><REACH who="1" ten="179,184,260,347" step="2"/><V105/><F69/><W110/><G110/><T13/><D13/><U130/><E130/><V38/><F38/><W111/><G111/><T76/><D76/><U30/><E30/><V123/><F77/><W73/><G73/><T104/><D104/><U101/><E101/><V88/><F79/><W48/><G48/><T58/><D58/><U106/><E106/><V84/><F36/><W22/><AGARI ba="1,3" hai="16,18,22,26,28,90,93,98" m="35863,51753" machi="22" ten="30,3000,0" yaku="20,1,54,1" doraHai="102" who="3" fromWho="3" sc="179,-11,184,-11,260,-11,347,63" /><INIT seed="3,2,0,3,0,29" ten="168,173,249,410" oya="3" hai0="110,66,33,6,13,15,51,73,131,11,126,61,37" hai1="105,135,25,80,108,31,58,45,19,107,9,87,64" hai2="89,48,8,123,75,93,7,95,56,113,133,22,42" hai3="104,130,116,30,4,46,28,124,35,69,12,94,27"/><W90/><G116/><T10/><D37/><U1/><E108/><V117/><F133/><W17/><G104/><T59/><D110/><U32/><E135/><V20/><F113/><W84/><G130/><T38/><D38/><U26/><E45/><V36/><F75/><W67/><G124/><T134/><D134/><U127/><E127/><V102/><F102/><W41/><G30/><T71/><D126/><U5/><E64/><V78/><F78/><W111/><G111/><T74/><D131/><U86/><E58/><V68/><F68/><W44/><G4/><T88/><D33/><U120/><E87/><V128/><F42/><W132/><G132/><T47/><D71/><U49/><E49/><V55/><F36/><W65/><G69/><T115/><D115/><U53/><E53/><V52/><F117/><W18/><G18/><T81/><D81/><U21/><REACH who="1" step="1"/><E120/><REACH who="1" ten="168,163,249,410" step="2"/><V70/><F55/><W122/><G46/><T101/><D101/><U39/><E39/><V125/><F125/><W79/><G44/><T99/><D99/><U100/><E100/><V119/><F123/><W121/><G122/><T76/><D76/><AGARI ba="2,1" hai="1,5,9,19,21,25,26,31,32,76,80,86,105,107" machi="76" ten="30,7700,0" yaku="1,1,7,1,52,1,53,1" doraHai="29" doraHaiUra="24" who="1" fromWho="0" sc="168,-83,163,93,249,0,410,0" /><INIT seed="4,0,0,3,2,23" ten="85,256,249,410" oya="0" hai0="22,93,29,66,56,12,0,58,123,85,130,45,6" hai1="87,86,122,88,134,77,62,89,33,119,105,99,110" hai2="59,8,51,113,54,63,27,48,61,2,49,17,32" hai3="71,31,72,132,106,73,30,39,1,74,69,114,67"/><T53/><D123/><U26/><E119/><V98/><F113/><W28/><G114/><T38/><D0/><U112/><E110/><V52/><F2/><W20/><G1/><T127/><D130/><U125/><E112/><V108/><F108/><W107/><G132/><T70/><D127/><U102/><E122/><V133/><F133/><W36/><G20/><T4/><D70/><U3/><E134/><V90/><F32/><W76/><G76/><T92/><D38/><N who="3" m="14377" /><G67/><T14/><D45/><U64/><E3/><V97/><F90/><N who="1" m="34921" /><E77/><V60/><F8/><W37/><G37/><T115/><D115/><U35/><E35/><V5/><F5/><W21/><G21/><T129/><D129/><U40/><E40/><V121/><F121/><W75/><G75/><T78/><D66/><U25/><E25/><V57/><F63/><W13/><G13/><N who="0" m="5227" /><D58/><U44/><E44/><V94/><F94/><N who="0" m="36458" /><D85/><U43/><E125/><V103/><F103/><W117/><G117/><T118/><D78/><U46/><E46/><V47/><F47/><W80/><G80/><T83/><D83/><U91/><N who="1" m="34929" /><U95/><DORA hai="55" /><E95/><V16/><F48/><W116/><G116/><T9/><D118/><U15/><E15/><V84/><F84/><W34/><G34/><T96/><D96/><U24/><E43/><V79/><F79/><W10/><G10/><T7/><D9/><U11/><E11/><V100/><F100/><W81/><G81/><T50/><D7/><U135/><E135/><V126/><F126/><W128/><G128/><T42/><D42/><U109/><E109/><RYUUKYOKU ba="0,0" sc="85,10,256,-30,249,10,410,10" hai0="4,6,22,29,50,53,56" hai2="16,17,27,49,51,52,54,57,59,60,61,97,98" hai3="28,30,31,69,71,72,73,74,106,107" /><INIT seed="4,1,0,3,0,104" ten="95,226,259,420" oya="0" hai0="20,92,80,106,18,108,117,88,122,17,59,97,37" hai1="109,114,110,123,39,115,87,63,130,112,69,12,35" hai2="33,101,31,133,47,124,90,125,11,16,54,79,70" hai3="85,66,73,94,5,10,57,126,53,2,60,3,40"/><T14/><D117/><U93/><E35/><V46/><F133/><W13/><G73/><T134/><D122/><U67/><E123/><V15/><F70/><W119/><G119/><T55/><D134/><U38/><E12/><V71/><F71/><W26/><G126/><T78/><D37/><N who="1" m="13835" /><E93/><V7/><F101/><W100/><G40/><T132/><D132/><U56/><E87/><V102/><F102/><W98/><G85/><T36/><D36/><U135/><E135/><V24/><F79/><W77/><G77/><T121/><D121/><U64/><E130/><V131/><F131/><W95/><G95/><T50/><D108/><N who="1" m="41579" /><E69/><V22/><F90/><W76/><G76/><T4/><D106/><U62/><E62/><V49/><REACH who="2" step="1"/><F47/><REACH who="2" ten="95,226,249,420" step="2"/><W48/><G26/><AGARI ba="1,1" hai="7,11,15,16,22,24,26,31,33,46,49,54,124,125" machi="26" ten="40,5200,0" yaku="1,1,2,1,54,1,53,0" doraHai="104" doraHaiUra="72" who="2" fromWho="3" sc="95,0,226,0,249,65,420,-55" /><INIT seed="5,0,0,5,1,100" ten="95,226,314,365" oya="1" hai0="45,54,131,26,93,16,99,116,65,120,72,125,104" hai1="34,78,14,112,13,134,51,61,39,103,106,48,28" hai2="117,22,53,17,23,68,12,74,41,85,66,110,124" hai3="102,57,52,107,62,128,42,4,71,0,21,89,126"/><U119/><E119/><V133/><F110/><W87/><G128/><T84/><D116/><U81/><E39/><V114/><F124/><W73/><G73/><T18/><D120/><U121/><E121/><V67/><F133/><W50/><G126/><T75/><D131/><U91/><E134/><V118/><F74/><W80/><G0/><T127/><D65/><U30/><E112/><V10/><F41/><W36/><G4/><T130/><D130/><U101/><E91/><V31/><F31/><W6/><G6/><T27/><D84/><U56/><E34/><V69/><F10/><W92/><G21/><T64/><D64/><U5/><E5/><V97/><F97/><W15/><G15/><T7/><D7/><U60/><E56/><V132/><F85/><W35/><G35/><T96/><D93/><U70/><E81/><V25/><F114/><W59/><G71/><T83/><D83/><U1/><E78/><V122/><F122/><W3/><G42/><T38/><D54/><U94/><E94/><V86/><F53/><W44/><G36/><T29/><D29/><U123/><E123/><V98/><F132/><W88/><G3/><T55/><D55/><U113/><E1/><V76/><F69/><W90/><G80/><T82/><D82/><U19/><E70/><V8/><F68/><W2/><G2/><T115/><D115/><U108/><E113/><V79/><F118/><W40/><G59/><T95/><D95/><U111/><E19/><V129/><F17/><W47/><G47/><T49/><D45/><U58/><E58/><V11/><F129/><RYUUKYOKU ba="0,0" sc="95,-15,226,15,314,-15,365,15" hai1="13,14,28,30,48,51,60,61,101,103,106,108,111" hai3="40,44,50,52,57,62,87,88,89,90,92,102,107" /><INIT seed="5,1,0,5,2,120" ten="80,241,299,380" oya="1" hai0="121,77,133,89,15,42,67,127,95,55,16,90,13" hai1="117,30,124,54,105,116,78,62,2,7,22,47,37" hai2="82,73,69,28,33,131,130,35,75,20,43,79,123" hai3="88,17,9,45,72,52,126,96,56,106,92,10,34"/><U25/><E105/><V107/><F69/><W64/><G72/><T21/><D121/><U103/><E103/><V102/><F43/><W125/><G64/><T129/><D129/><U87/><E124/><N who="3" m="47722" /><G45/><T118/><D133/><U94/><E37/><V132/><F20/><W71/><G71/><T122/><D122/><U0/><E7/><V119/><F119/><W24/><G106/><T49/><D118/><U44/><E44/><V26/><F132/><W18/><G18/><T84/><D127/><U51/><E62/><V99/><F123/><W3/><G3/><T113/><D113/><U66/><E66/><V60/><F60/><N who="3" m="35847" /><G17/><T1/><D1/><U115/><E0/><V8/><F75/><W100/><G100/><T112/><D112/><U11/><E115/><V58/><F58/><W46/><G46/><T4/><D42/><U6/><REACH who="1" step="1"/><E94/><REACH who="1" ten="80,231,299,380" step="2"/><V91/><F102/><W97/><G97/><T31/><D67/><U41/><E41/><V19/><F99/><W110/><G96/><T111/><D111/><U65/><E65/><V38/><F107/><W81/><G110/><T48/><D4/><U80/><AGARI ba="1,1" hai="2,6,11,22,25,30,47,51,54,78,80,87,116,117" machi="80" ten="30,3000,0" yaku="1,1,0,1,53,0" doraHai="120" doraHaiUra="98" who="1" fromWho="1" sc="80,-11,231,43,299,-11,380,-11" /><INIT seed="5,2,0,2,2,24" ten="69,274,288,369" oya="1" hai0="12,69,34,106,77,9,0,89,74,64,110,85,95" hai1="101,96,21,53,25,58,122,8,72,92,114,97,98" hai2="82,129,118,4,99,45,39,119,19,65,56,62,38" hai3="93,55,81,124,116,23,70,107,41,63,59,14,133"/><U2/><E122/><V109/><F109/><W100/><G133/><T78/><D106/><U30/><E72/><V66/><F129/><W84/><G124/><T3/><D34/><U26/><E114/><V18/><F4/><W6/><G107/><T37/><D37/><U33/><E8/><V130/><F130/><W128/><G128/><T36/><D36/><U16/><REACH who="1" step="1"/><E2/><REACH who="1" ten="69,264,288,369" step="2"/><V80/><F119/><W113/><G116/><T108/><D108/><U13/><E13/><V123/><F118/><W121/><G113/><T35/><D110/><U54/><E54/><V47/><F123/><W86/><G55/><T120/><D120/><U43/><E43/><V111/><F111/><W48/><G41/><T51/><D0/><U75/><E75/><V32/><F65/><W71/><G14/><T102/><D3/><U83/><E83/><V76/><F80/><W15/><G81/><T87/><D74/><U88/><E88/><V1/><F82/><W126/><G15/><T79/><D35/><U91/><E91/><V22/><F66/><W67/><G67/><T103/><D69/><U127/><E127/><V28/><F32/><W132/><G71/><T50/><D64/><U29/><E29/><V7/><F28/><W46/><G70/><T115/><D115/><U27/><E27/><V31/><F31/><W20/><G126/><T17/><REACH who="0" step="1"/><D87/><REACH who="0" ten="59,264,288,369" step="2"/><U52/><E52/><V104/><F1/><W131/><G86/><T57/><D57/><U117/><E117/><V90/><F56/><W5/><G84/><T94/><D94/><U40/><E40/><V10/><F104/><RYUUKYOKU ba="2,2" sc="59,15,264,15,288,-15,369,-15" hai0="9,12,17,50,51,77,78,79,85,89,95,102,103" hai1="16,21,25,26,30,33,53,58,92,96,97,98,101" /><INIT seed="5,3,2,1,5,85" ten="74,279,273,354" oya="1" hai0="29,73,64,119,69,52,61,92,100,38,99,118,82" hai1="22,130,132,116,75,32,79,24,41,48,70,81,49" hai2="134,112,87,19,128,101,57,56,66,3,33,83,0" hai3="84,117,135,71,47,50,106,129,17,7,59,86,72"/><U80/><E116/><V88/><F134/><W131/><G117/><T65/><D38/><U15/><E132/><V23/><F128/><N who="3" m="49227" /><G72/><T18/><D65/><U6/><E130/><V39/><F33/><W111/><G71/><T107/><D29/><U124/><E70/><V62/><F39/><W114/><G135/><T105/><D105/><U46/><E124/><V77/><F112/><W43/><G106/><T5/><D5/><U60/><E60/><V126/><F126/><W133/><G133/><T55/><D107/><U123/><E123/><V121/><F121/><W11/><G111/><T10/><D118/><U103/><E103/><V125/><F125/><W40/><G40/><T63/><D119/><U108/><E108/><V95/><F101/><W30/><G30/><T34/><D34/><U74/><E32/><V14/><REACH who="2" step="1"/><F57/><REACH who="2" ten="74,279,263,354" step="2"/><W28/><G59/><T13/><REACH who="0" step="1"/><D61/><REACH who="0" ten="64,279,263,354" step="2"/><U8/><E6/><V68/><F68/><W42/><G7/><T127/><D127/><U53/><E74/><AGARI ba="3,4" hai="0,3,14,19,23,56,62,66,74,77,83,87,88,95" machi="74" ten="30,8000,1" yaku="1,1,7,1,52,1,54,1,53,1" doraHai="85" doraHaiUra="90" who="2" fromWho="1" sc="64,0,279,-89,263,129,354,0" /><INIT seed="6,0,0,4,5,107" ten="64,190,392,354" oya="2" hai0="5,26,21,112,23,126,96,77,85,124,105,95,39" hai1="81,108,121,76,118,47,102,53,25,90,109,115,31" hai2="78,86,113,17,63,117,22,36,64,46,101,48,32" hai3="24,4,68,62,80,69,51,125,27,92,10,97,45"/><V41/><F113/><W74/><G125/><T1/><D39/><U49/><E118/><V128/><F128/><W133/><G133/><T87/><D112/><U13/><E115/><V18/><F117/><W132/><G132/><T52/><D1/><U120/><E90/><V11/><F32/><W104/><G104/><T94/><D5/><U33/><E13/><V34/><F34/><W82/><G69/><T29/><D105/><U110/><REACH who="1" step="1"/><E102/><REACH who="1" ten="64,180,392,354" step="2"/><V106/><F101/><W20/><G27/><T12/><D77/><U65/><E65/><V127/><F64/><W73/><G82/><T56/><D124/><U38/><E38/><V89/><F89/><W57/><G80/><T8/><D126/><U129/><E129/><V7/><F36/><W84/><G97/><T83/><D83/><U44/><E44/><V93/><F46/><W71/><G45/><T35/><D94/><U42/><E42/><V67/><F41/><W55/><G92/><T70/><D70/><U66/><E66/><V60/><F67/><W134/><G71/><T9/><D85/><AGARI ba="0,1" hai="25,31,33,47,49,53,76,81,85,108,109,110,120,121" machi="85" ten="40,2600,0" yaku="1,1,53,1" doraHai="107" doraHaiUra="43" who="1" fromWho="0" sc="64,-26,180,36,392,0,354,0" /><INIT seed="7,0,0,1,1,57" ten="38,216,392,354" oya="3" hai0="17,61,119,82,71,6,26,106,28,32,87,23,83" hai1="88,92,108,124,118,107,105,73,22,81,37,9,55" hai2="29,134,72,11,5,89,127,2,0,38,96,69,10" hai3="48,131,116,64,74,77,76,34,86,80,8,33,53"/><W49/><G116/><T68/><D119/><U111/><E118/><V104/><F127/><W12/><G131/><T75/><D106/><U122/><E122/><V90/><F134/><W126/><G126/><T21/><D75/><U41/><E124/><V44/><F69/><W94/><G64/><T120/><D120/><U3/><E55/><V1/><F72/><W27/><G49/><T78/><D82/><U103/><E22/><V123/><F29/><W47/><G27/><T62/><D71/><U35/><E35/><V45/><F123/><W121/><G121/><T102/><D68/><U114/><E114/><V70/><F70/><W97/><G77/><T67/><D67/><U132/><E132/><V85/><F38/><W50/><G50/><T115/><D115/><U14/><E3/><V51/><F0/><W43/><G53/><T91/><D102/><U13/><E41/><V133/><F133/><W95/><G74/><T66/><D66/><U125/><E37/><V130/><F130/><W101/><G95/><T65/><D65/><U36/><E36/><V42/><F44/><W18/><AGARI ba="0,0" hai="8,12,18,33,34,43,47,48,76,80,86,94,97,101" machi="18" ten="20,2100,0" yaku="0,1,7,1" doraHai="57" who="3" fromWho="3" sc="38,-7,216,-7,392,-7,354,21" /><INIT seed="7,1,0,3,5,109" ten="31,209,385,375" oya="3" hai0="0,47,10,117,56,75,65,20,98,101,121,25,14" hai1="44,122,86,119,33,70,112,80,43,104,1,45,57" hai2="89,127,31,38,131,51,78,34,8,6,55,7,107" hai3="3,36,30,64,49,90,103,63,91,79,37,77,85"/><W41/><G3/><T4/><D117/><U116/><E122/><V83/><F38/><W46/><G103/><T114/><D121/><U11/><E33/><V106/><F131/><W48/><G37/><T74/><D0/><U62/><E70/><V28/><F127/><W18/><G30/><T118/><D118/><U40/><E104/><V110/><F110/><W99/><G36/><T96/><D96/><U92/><E92/><V94/><F6/><W32/><G32/><T22/><D22/><U52/><E11/><V130/><F130/><W108/><G108/><T105/><D74/><U124/><E1/><V67/><F67/><W9/><G91/><T100/><D75/><U123/><E123/><V42/><F42/><N who="1" m="15913" /><E86/><V129/><F129/><W84/><G49/><T26/><D101/><U23/><E80/><V50/><F50/><W39/><G99/><T115/><D47/><N who="1" m="17995" /><E23/><V71/><F71/><W68/><G84/><T5/><D5/><U60/><E124/><V2/><F34/><W72/><G72/><T125/><D125/><U132/><E132/><V17/><F106/><W93/><G39/><T133/><D133/><U35/><E35/><V16/><F107/><W15/><AGARI ba="1,0" hai="9,15,18,41,46,48,63,64,68,77,79,85,90,93" machi="15" ten="30,1500,0" yaku="0,1" doraHai="109" who="3" fromWho="3" sc="31,-6,209,-6,385,-6,375,18" owari="25,-47.5,203,-19.7,379,17.9,393,49.3" /></mjloggm>