<mjloggm ver="2.3"><GO type="169" lobby="0"/><UN n0="%E3%82%BC%E3%83%B3%E3%83%84%E5%9E%8B%50" n1="%73%7A%2E%64%31" n2="%53%E6%9C%A8" n3="%E7%99%BD%E3%81%AE%E7%A9%BA" dan="16,17,17,17" rate="2136.67,2180.90,2184.47,2165.36" sx="M,M,M,M"/><TAIKYOKU oya="0"/><INIT seed="0,0,0,2,4,94" ten="250,250,250,250" oya="0" hai0="34,37,17,20,79,9,96,42,15,7,5,101,125" hai1="126,98,76,14,109,130,64,23,47,24,100,115,86" hai2="114,32,13,90,133,43,82,128,58,10,21,112,91" hai3="46,120,67,53,132,33,3,56,75,40,129,77,118"/><T107/><D125/><U12/><E109/><V16/><F133/><W99/><G33/><T50/><D34/><U2/><E2/><V93/><F128/><W106/><G118/><T70/><D70/><U0/><E0/><V30/><F43/><W122/><G129/><T110/><D37/><U19/><E130/><V73/><F32/><W134/><G67/><T117/><D117/><U63/><E115/><V95/><F58/><W11/><G53/><T102/><D110/><U22/><E47/><V57/><F57/><W8/><G56/><T18/><D79/><U72/><E72/><V45/><F45/><W6/><G11/><T39/><D39/><U55/><E55/><V119/><F119/><W41/><G41/><T105/><D50/><U26/><E126/><V124/><F124/><W48/><G77/><T123/><D123/><N who="3" m="47145" /><G75/><T127/><D42/><U61/><E76/><V89/><F73/><W83/><G83/><T49/><D49/><U38/><E38/><V66/><F66/><W121/><G121/><T44/><D44/><U68/><E61/><V28/><F82/><W81/><G81/><T88/><D127/><U59/><E68/><V51/><F51/><W104/><G104/><T35/><D35/><U36/><E36/><V71/><F71/><W1/><G1/><T4/><D105/><U87/><E14/><N who="2" m="9367" /><F114/><W111/><G111/><T92/><D107/><U69/><E69/><V52/><F52/><W31/><G132/><T103/><D103/><U78/><E78/><V65/><F112/><W97/><G134/><T29/><D29/><N who="2" m="11370" /><F65/><W113/><G113/><RYUUKYOKU ba="0,0" sc="250,15,250,-15,250,15,250,-15" hai0="4,5,7,9,15,17,18,20,88,92,96,101,102" hai2="10,13,89,90,91,93,95" /><INIT seed="0,1,0,2,2,40" ten="265,235,265,235" oya="0" hai0="71,69,135,128,88,111,3,104,127,61,105,76,119" hai1="83,85,38,124,36,109,110,131,56,95,64,90,123" hai2="30,70,2,80,17,121,103,5,91,106,97,35,107" hai3="108,113,102,44,24,118,117,63,114,60,50,4,87"/><T27/><D119/><N who="3" m="45577" /><G102/><T15/><D3/><U11/><E123/><V23/><F121/><W89/><G24/><T25/><D135/><U86/><E124/><V84/><F70/><W62/><G4/><T115/><D115/><N who="3" m="44041" /><G89/><T66/><D127/><U100/><E131/><V41/><F41/><N who="3" m="24847" /><G87/><T72/><D128/><U52/><E64/><V77/><F35/><W57/><G108/><N who="1" m="41578" /><E11/><V12/><F30/><W7/><G7/><T19/><D111/><U51/><E100/><V21/><F107/><W101/><G101/><T32/><D71/><U43/><E43/><V68/><F5/><W37/><G37/><T58/><D69/><U6/><E6/><V98/><F68/><W28/><G28/><T45/><D32/><U42/><E42/><V46/><F2/><W96/><G96/><T92/><D105/><U74/><E74/><V10/><F98/><W53/><AGARI ba="1,0" hai="53,57,60,62,63" m="24847,44041,45577" machi="53" ten="30,4000,0" yaku="34,2,52,1" doraHai="40" who="3" fromWho="3" sc="265,-21,235,-11,265,-11,235,43" /><INIT seed="1,0,0,4,5,104" ten="244,224,254,278" oya="1" hai0="101,12,61,64,118,82,93,115,11,43,60,117,23" hai1="114,36,4,107,98,69,80,73,29,133,131,72,86" hai2="17,77,41,31,13,40,6,62,25,108,113,27,46" hai3="78,0,34,49,14,76,57,74,47,22,106,94,89"/><U63/><E114/><V44/><F113/><W126/><G106/><T99/><D115/><U32/><E131/><V10/><F108/><W5/><G34/><T67/><D43/><U134/><E4/><V111/><F111/><W45/><G126/><T52/><D23/><U121/><E121/><V109/><F109/><W123/><G0/><T39/><D39/><U71/><E36/><V83/><F62/><W110/><G110/><T20/><D20/><U38/><E38/><V84/><F17/><W58/><G47/><T9/><D9/><U59/><E59/><V92/><F92/><W88/><G89/><T37/><D37/><U96/><E86/><V7/><F6/><W42/><G123/><T1/><D1/><U85/><E85/><V55/><F31/><W79/><G74/><N who="1" m="28778" /><E80/><V103/><F103/><W97/><G22/><T100/><D82/><U16/><E16/><N who="2" m="8247" /><F41/><W3/><G3/><T127/><D101/><N who="1" m="62887" /><E98/><V66/><F7/><W135/><G5/><T28/><D99/><U116/><E116/><V65/><F46/><W15/><G57/><T132/><D100/><U87/><E87/><V90/><F77/><W48/><G58/><T68/><D93/><U35/><E35/><V21/><F40/><W8/><G76/><T33/><D118/><U95/><E95/><V130/><F130/><W105/><G78/><T56/><D117/><U18/><E18/><N who="2" m="12471" /><F27/><W129/><G79/><T119/><D119/><U50/><E50/><AGARI ba="0,0" hai="44,50,55,65,66,83,84,90" m="12471,8247" machi="50" ten="30,3900,0" yaku="25,1,8,1,54,1" doraHai="104" who="2" fromWho="1" sc="244,0,224,-39,254,39,278,0" /><INIT seed="2,0,0,3,5,128" ten="244,185,293,278" oya="2" hai0="61,49,102,92,98,115,54,77,16,114,81,112,121" hai1="58,43,108,131,111,45,116,94,34,133,122,125,13" hai2="66,118,72,36,75,71,5,82,107,73,12,106,89" hai3="64,120,21,35,3,0,100,19,57,88,6,126,53"/><V90/><F36/><W62/><G120/><T41/><D121/><U63/><E122/><V113/><F71/><W15/><G35/><T37/><D61/><U103/><E34/><V4/><F66/><W7/><G126/><T65/><D65/><U23/><E116/><V96/><F118/><W48/><G100/><T39/><D41/><U24/><E13/><V42/><F42/><W69/><G0/><T86/><REACH who="0" step="1"/><D16/><REACH who="0" ten="234,185,293,278" step="2"/><N who="1" m="12391" /><E125/><V104/><F5/><W22/><G3/><T101/><D101/><U91/><E103/><N who="2" m="62567" /><F12/><W60/><G60/><T135/><D135/><U52/><E131/><V25/><F4/><W44/><G69/><T129/><D129/><U117/><E117/><V2/><F25/><W27/><G7/><T29/><D29/><U68/><E68/><V26/><F26/><W99/><G6/><T130/><D130/><U50/><E133/><V76/><F2/><W47/><G27/><T11/><D11/><U93/><E93/><V8/><F8/><W80/><G64/><T14/><D14/><U38/><E38/><V124/><F124/><W87/><G62/><T97/><D97/><AGARI ba="0,1" hai="43,45,50,52,58,63,91,94,97,108,111" m="12391" machi="97" ten="30,3900,0" yaku="25,1,54,2" doraHai="128" who="1" fromWho="0" sc="234,-39,185,49,293,0,278,0" /><INIT seed="3,0,0,3,0,1" ten="195,234,293,278" oya="3" hai0="15,121,77,72,134,112,120,119,86,64,17,32,106" hai1="111,70,12,65,43,131,87,95,22,101,39,18,50" hai2="96,56,79,40,62,55,14,116,109,19,52,58,71" hai3="82,35,13,45,21,135,117,108,0,99,60,10,73"/><W125/><G117/><T74/><D119/><U104/><E111/><V93/><F109/><W36/><G35/><T66/><D32/><U122/><E122/><V92/><F116/><W113/><G108/><T26/><D106/><U78/><E131/><V88/><F71/><W67/><G113/><T38/><D38/><U105/><E39/><V31/><F31/><W114/><G114/><T9/><D112/><U24/><E70/><V91/><F79/><W59/><G99/><T81/><D134/><U75/><E65/><V118/><F40/><W25/><G13/><T16/><D74/><U23/><E75/><V130/><F130/><W27/><G125/><T51/><D72/><U98/><E43/><V123/><F123/><W89/><G21/><N who="0" m="13607" /><D121/><U63/><E63/><V4/><F4/><N who="3" m="1287" /><G89/><T5/><D120/><U84/><E50/><N who="2" m="30743" /><F118/><W7/><G7/><T102/><D102/><U8/><E104/><V80/><F80/><W2/><G2/><T85/><D85/><U57/><E105/><V133/><F133/><W49/><G135/><T42/><D17/><U20/><E87/><V3/><F3/><W28/><G28/><T47/><AGARI ba="0,0" hai="5,9,15,42,47,51,64,66,77,81,86" m="13607" machi="47" ten="30,7900,0" yaku="25,1,8,1,52,1,54,1" doraHai="1" who="0" fromWho="0" sc="195,79,234,-20,293,-20,278,-39" /><INIT seed="4,0,0,5,0,2" ten="274,214,273,239" oya="0" hai0="70,116,129,42,96,32,95,132,29,113,125,11,87" hai1="77,107,16,54,5,47,63,46,17,105,69,73,109" hai2="112,24,66,111,12,91,126,92,26,6,120,53,33" hai3="123,102,8,106,89,44,100,68,57,127,88,51,72"/><T133/><D116/><U34/><E109/><V103/><F120/><W49/><G68/><T35/><D70/><U97/><E34/><V81/><F111/><W3/><G72/><T10/><D113/><U21/><E69/><V80/><F112/><W25/><G123/><T79/><D42/><U9/><E73/><V135/><F126/><W18/><G127/><T130/><D125/><U43/><E77/><V119/><F135/><N who="0" m="51786" /><D87/><U14/><E17/><V86/><F119/><W37/><G37/><T56/><D56/><U104/><E97/><V50/><F66/><W20/><G57/><T82/><D82/><N who="2" m="31850" /><F103/><W22/><G102/><N who="0" m="60703" /><D79/><U48/><E63/><V28/><F28/><W13/><G49/><T41/><D41/><U128/><E128/><N who="0" m="49257" /><D29/><U110/><E110/><V93/><F93/><W30/><G51/><T62/><D62/><U52/><REACH who="1" step="1"/><E46/><REACH who="1" ten="274,204,273,239" step="2"/><N who="2" m="27863" /><F33/><AGARI ba="0,1" hai="10,11,32,33,35" m="49257,60703,51786" machi="33" ten="40,3900,0" yaku="20,1,19,1" doraHai="2" who="0" fromWho="2" sc="274,49,204,0,273,-39,239,0" /><INIT seed="4,1,0,3,2,51" ten="323,204,234,239" oya="0" hai0="92,58,14,133,125,8,112,54,84,122,49,106,104" hai1="95,66,116,24,40,74,2,101,129,20,65,134,105" hai2="127,114,1,29,69,7,102,45,60,15,120,30,126" hai3="128,42,132,81,9,37,12,110,44,25,111,35,55"/><T23/><D122/><U99/><E116/><V76/><F120/><W41/><G128/><T96/><D112/><U108/><E2/><V16/><F114/><W36/><G132/><T97/><D133/><U70/><E134/><V79/><F102/><W11/><G81/><T80/><D125/><N who="2" m="47626" /><F1/><W61/><G25/><T38/><D38/><U77/><E108/><V6/><F45/><W90/><G35/><T113/><D113/><U59/><E129/><V98/><F98/><W4/><G90/><T78/><D23/><U109/><E109/><V17/><F60/><W86/><G86/><T117/><D97/><U3/><E3/><V121/><F69/><W52/><G61/><T100/><REACH who="0" step="1"/><D117/><REACH who="0" ten="313,204,234,239" step="2"/><U64/><E20/><V31/><F121/><W85/><G111/><T75/><D75/><U18/><E74/><V83/><F31/><W5/><G110/><T93/><D93/><U27/><E95/><V46/><F29/><W56/><G85/><T28/><D28/><U73/><E73/><V72/><F30/><W115/><G115/><T48/><D48/><U53/><E99/><V68/><F72/><W87/><G87/><T34/><D34/><U124/><E124/><V26/><F83/><W118/><G118/><T67/><D67/><U13/><E65/><V103/><F79/><W39/><G39/><T0/><D0/><U91/><E64/><V57/><F76/><W135/><G135/><T32/><D32/><U63/><E77/><V131/><F131/><W94/><G94/><T62/><D62/><U22/><E66/><V130/><F130/><W107/><G37/><RYUUKYOKU ba="1,1" sc="313,30,204,-10,234,-10,239,-10" hai0="8,14,49,54,58,78,80,84,92,96,100,104,106" /><INIT seed="4,2,1,0,4,112" ten="343,194,224,229" oya="0" hai0="36,127,56,21,109,91,31,42,10,63,88,76,93" hai1="19,39,115,71,131,0,95,90,124,16,126,102,11" hai2="40,20,43,133,44,13,125,101,29,50,134,9,59" hai3="130,81,58,108,107,28,96,32,106,68,105,55,65"/><T57/><D127/><U64/><E39/><V18/><F125/><N who="1" m="48233" /><E131/><V62/><F101/><W14/><G108/><T98/><D109/><U97/><E115/><V120/><F120/><W121/><G130/><T24/><D36/><U84/><E64/><V61/><F43/><W87/><G14/><T25/><D42/><U74/><E74/><V17/><F29/><W94/><G121/><T67/><D76/><U86/><E71/><V89/><F89/><W51/><G65/><T15/><D25/><U80/><E84/><V110/><F110/><W23/><G68/><T33/><D57/><U8/><E8/><V37/><F37/><W1/><G1/><T78/><D78/><U132/><E132/><N who="2" m="50795" /><F59/><W4/><G58/><T100/><D33/><U99/><E99/><V118/><F118/><W128/><G32/><T123/><D123/><U70/><E70/><V12/><AGARI ba="2,1" hai="9,12,13,17,18,20,40,44,50,61,62" m="50795" machi="12" ten="30,1100,0" yaku="20,1" doraHai="112" who="2" fromWho="2" sc="343,-7,194,-5,224,27,229,-5" /><INIT seed="5,0,0,3,0,68" ten="336,189,251,224" oya="1" hai0="97,74,91,86,113,82,46,122,133,66,109,19,87" hai1="18,75,134,85,17,36,22,56,16,127,73,45,32" hai2="119,70,37,72,76,106,130,40,84,118,111,121,114" hai3="90,4,53,42,61,55,103,62,20,33,98,95,50"/><U9/><E32/><V1/><F84/><W116/><G33/><T6/><D109/><U29/><E134/><V47/><F40/><W67/><G116/><T13/><D133/><U110/><E110/><V60/><F60/><W129/><G129/><T102/><D74/><U8/><E127/><V0/><F76/><W59/><G4/><T14/><D113/><U21/><E85/><V123/><F47/><W52/><G20/><N who="1" m="7786" /><E56/><V135/><F119/><W132/><G132/><T78/><D122/><U108/><E108/><V80/><F80/><W101/><REACH who="3" step="1"/><G61/><REACH who="3" ten="336,189,251,214" step="2"/><T81/><D6/><U88/><E29/><V35/><F123/><W96/><G96/><T26/><D97/><U44/><E75/><V63/><F63/><W3/><G3/><T131/><D131/><U65/><E73/><V69/><F70/><W49/><G49/><T83/><D19/><U128/><E128/><V43/><F43/><W112/><G112/><T105/><D86/><U39/><E65/><V54/><F54/><W41/><G41/><T25/><D66/><U48/><E48/><V71/><F69/><W99/><G99/><T11/><D87/><U77/><E77/><V92/><F92/><W125/><G125/><AGARI ba="0,1" hai="0,1,35,37,71,72,106,111,114,118,121,125,130,135" machi="125" ten="0,32000,5" yakuman="47" doraHai="68" who="2" fromWho="3" sc="336,0,189,0,251,330,214,-320" owari="336,13.6,189,-21.1,581,68.1,-106,-60.6" /></mjloggm>